|j|☆mikewww
|j|☆Mega Chime Time
|html|mikewwwMega Chime Time    
|uhtml|bestof|Game 1 of a best-of-3
|t:|1783348413
|gametype|doubles
|player|p1|mikewww|swimmer-gen4dp|
|player|p2|Mega Chime Time|miku-flying|
|gen|9
|tier|[Gen 9 Champions] VGC 2026 Reg M-B (Bo3)
|rule|Species Clause: Limit one of each Pokémon
|rule|Item Clause: Limit 1 of each item
|clearpoke
|poke|p1|Pidgeot, L50, F|
|poke|p1|Krookodile, L50, F|
|poke|p1|Feraligatr, L50, F|
|poke|p1|Scovillain, L50, F|
|poke|p1|Orthworm, L50, F|
|poke|p1|Gardevoir, L50, F|
|poke|p2|Chimecho, L50, F|
|poke|p2|Dragalge, L50, F|
|poke|p2|Blastoise, L50, M|
|poke|p2|Bellibolt, L50, M|
|poke|p2|Emboar, L50, M, shiny|
|poke|p2|Lucario, L50, F, shiny|
|teampreview|4
|showteam|p1|Pidgeot||Pidgeotite|BigPecks|Protect,HeatWave,Hurricane,Tailwind|Timid||F|||50|]Krookodile||LifeOrb|Intimidate|Protect,Earthquake,KnockOff,RockSlide|Jolly||F|||50|]Feraligatr||Feraligite|SheerForce|Protect,DoubleEdge,Waterfall,AquaJet|Adamant||F|||50|]Scovillain||FocusSash|Insomnia|Protect,Overheat,LeafStorm,RagePowder|Modest||F|||50|]Orthworm||SitrusBerry|EarthEater|Protect,HeavySlam,BodyPress,ShedTail|Relaxed||F|||50|]Gardevoir||FairyFeather|Telepathy|Protect,DazzlingGleam,Psychic,Encore|Timid||F|||50|
|showteam|p2|Chimecho||Chimechite|Levitate|Psychic,FlashCannon,Protect,TrickRoom|Modest||F|||50|]Dragalge||PoisonBarb|Adaptability|SludgeBomb,SludgeWave,DragonPulse,Protect|Modest||F|||50|]Blastoise||SitrusBerry|RainDish|FakeOut,WaveCrash,Yawn,FlipTurn|Adamant||M|||50|]Bellibolt||Leftovers|Electromorphosis|Protect,SlackOff,ParabolicCharge,Thunderbolt|Modest||M|||50|]Emboar||Emboarite|Blaze|HeatWave,DrainPunch,Protect,RockSlide|Brave||M|||50|]Lucario||ChoiceScarf|InnerFocus|FinalGambit,CloseCombat,Coaching,RockTomb|Jolly||F|||50|
|inactive|Battle timer is ON: inactive players will automatically lose when time's up. (requested by mikewww)
|inactive|Mega Chime Time also wants the timer to be on.
|c|☆mikewww|oh no... the bolt
|c|☆Mega Chime Time|actual chime though
|c|☆Mega Chime Time|no false advertising
|inactive|mikewww has 60 seconds left.
|inactive|Mega Chime Time has 60 seconds left.
|
|t:|1783348460
|teamsize|p1|4
|teamsize|p2|4
|start
|switch|p1a: Pidgeot|Pidgeot, L50, F|100/100
|switch|p1b: Krookodile|Krookodile, L50, F|100/100
|switch|p2a: Chimecho|Chimecho, L50, F|100/100
|switch|p2b: Blastoise|Blastoise, L50, M|100/100
|-ability|p1b: Krookodile|Intimidate|boost
|-unboost|p2a: Chimecho|atk|1
|-unboost|p2b: Blastoise|atk|1
|turn|1
|
|t:|1783348482
|detailschange|p1a: Pidgeot|Pidgeot-Mega, L50, F
|-mega|p1a: Pidgeot|Pidgeot|Pidgeotite
|move|p2b: Blastoise|Fake Out|p1b: Krookodile
|-damage|p1b: Krookodile|91/100
|move|p1a: Pidgeot|Hurricane|p2b: Blastoise
|-damage|p2b: Blastoise|41/100
|-enditem|p2b: Blastoise|Sitrus Berry|[eat]
|-heal|p2b: Blastoise|66/100|[from] item: Sitrus Berry
|cant|p1b: Krookodile|flinch
|move|p2a: Chimecho|Trick Room|p2a: Chimecho
|-fieldstart|move: Trick Room|[of] p2a: Chimecho
|
|upkeep
|turn|2
|inactive|Mega Chime Time has 30 seconds left.
|
|t:|1783348517
|detailschange|p2a: Chimecho|Chimecho-Mega, L50, F
|-mega|p2a: Chimecho|Chimecho|Chimechite
|move|p1b: Krookodile|Protect|p1b: Krookodile
|-singleturn|p1b: Krookodile|Protect
|move|p2a: Chimecho|Flash Cannon|p1b: Krookodile
|-activate|p1b: Krookodile|move: Protect
|move|p2b: Blastoise|Wave Crash|p1b: Krookodile
|-activate|p1b: Krookodile|move: Protect
|move|p1a: Pidgeot|Heat Wave|p2b: Blastoise|[spread] p2a,p2b
|-supereffective|p2a: Chimecho|1
|-resisted|p2b: Blastoise|1
|-damage|p2a: Chimecho|57/100
|-damage|p2b: Blastoise|54/100
|-status|p2a: Chimecho|brn
|
|-damage|p2a: Chimecho|51/100 brn|[from] brn
|upkeep
|turn|3
|
|t:|1783348540
|switch|p1b: Orthworm|Orthworm, L50, F|100/100
|move|p1a: Pidgeot|Protect|p1a: Pidgeot
|-singleturn|p1a: Pidgeot|Protect
|move|p2a: Chimecho|Flash Cannon|p1b: Orthworm
|-resisted|p1b: Orthworm|1
|-damage|p1b: Orthworm|72/100
|move|p2b: Blastoise|Flip Turn|p1b: Orthworm
|-damage|p1b: Orthworm|61/100
|
|t:|1783348552
|switch|p2b: Bellibolt|Bellibolt, L50, M|100/100|[from] Flip Turn
|
|-damage|p2a: Chimecho|45/100 brn|[from] brn
|upkeep
|turn|4
|
|t:|1783348573
|switch|p1a: Krookodile|Krookodile, L50, F|91/100
|-ability|p1a: Krookodile|Intimidate|boost
|-unboost|p2a: Chimecho|atk|1
|-unboost|p2b: Bellibolt|atk|1
|move|p2b: Bellibolt|Parabolic Charge|p1b: Orthworm|[spread] p2a,p1b
|-immune|p1a: Krookodile
|-damage|p2a: Chimecho|26/100 brn
|-damage|p1b: Orthworm|35/100
|-enditem|p1b: Orthworm|Sitrus Berry|[eat]
|-heal|p1b: Orthworm|60/100|[from] item: Sitrus Berry
|move|p1b: Orthworm|Body Press|p2b: Bellibolt
|-damage|p2b: Bellibolt|76/100
|-start|p2b: Bellibolt|Charge|Body Press|[from] ability: Electromorphosis
|move|p2a: Chimecho|Flash Cannon|p1a: Krookodile
|-damage|p1a: Krookodile|32/100
|
|-heal|p2b: Bellibolt|82/100|[from] item: Leftovers
|-damage|p2a: Chimecho|20/100y brn|[from] brn
|upkeep
|turn|5
|inactive|Mega Chime Time has 30 seconds left.
|
|t:|1783348599
|switch|p1b: Scovillain|Scovillain, L50, F|100/100
|move|p1a: Krookodile|Protect|p1a: Krookodile
|-singleturn|p1a: Krookodile|Protect
|move|p2b: Bellibolt|Thunderbolt|p1b: Scovillain
|-resisted|p1b: Scovillain|1
|-damage|p1b: Scovillain|23/100
|-end|p2b: Bellibolt|Charge|[silent]
|move|p2a: Chimecho|Flash Cannon|p1a: Krookodile
|-activate|p1a: Krookodile|move: Protect
|
|-heal|p2b: Bellibolt|88/100|[from] item: Leftovers
|-damage|p2a: Chimecho|14/100 brn|[from] brn
|-fieldend|move: Trick Room
|upkeep
|turn|6
|
|t:|1783348618
|switch|p1b: Pidgeot|Pidgeot-Mega, L50, F|100/100
|move|p2b: Bellibolt|Protect|p2b: Bellibolt
|-singleturn|p2b: Bellibolt|Protect
|move|p1a: Krookodile|Earthquake|p2a: Chimecho|[spread] 
|-activate|p2b: Bellibolt|move: Protect
|-immune|p1b: Pidgeot
|-immune|p2a: Chimecho|[from] ability: Levitate
|move|p2a: Chimecho|Flash Cannon|p1a: Krookodile
|-damage|p1a: Krookodile|0 fnt
|faint|p1a: Krookodile
|
|-heal|p2b: Bellibolt|94/100|[from] item: Leftovers
|-damage|p2a: Chimecho|8/100 brn|[from] brn
|upkeep
|
|t:|1783348635
|switch|p1a: Scovillain|Scovillain, L50, F|23/100
|turn|7
|
|t:|1783348651
|move|p1b: Pidgeot|Heat Wave|p2a: Chimecho|[spread] p2a,p2b
|-supereffective|p2a: Chimecho|1
|-damage|p2a: Chimecho|0 fnt
|-damage|p2b: Bellibolt|70/100
|-status|p2b: Bellibolt|brn
|-start|p2b: Bellibolt|Charge|Heat Wave|[from] ability: Electromorphosis
|faint|p2a: Chimecho
|move|p1a: Scovillain|Leaf Storm|p2b: Bellibolt
|-damage|p2b: Bellibolt|6/100 brn
|-unboost|p1a: Scovillain|spa|2
|-start|p2b: Bellibolt|Charge|Leaf Storm|[from] ability: Electromorphosis
|move|p2b: Bellibolt|Parabolic Charge|p1b: Pidgeot|[spread] p1a,p1b
|-resisted|p1a: Scovillain|1
|-supereffective|p1b: Pidgeot|1
|-damage|p1a: Scovillain|0 fnt
|-heal|p2b: Bellibolt|14/100 brn|[from] drain|[of] p1a: Scovillain
|-damage|p1b: Pidgeot|0 fnt
|-heal|p2b: Bellibolt|51/100 brn|[from] drain|[of] p1b: Pidgeot
|faint|p1a: Scovillain
|faint|p1b: Pidgeot
|-end|p2b: Bellibolt|Charge|[silent]
|
|-heal|p2b: Bellibolt|57/100 brn|[from] item: Leftovers
|-damage|p2b: Bellibolt|51/100 brn|[from] brn
|upkeep
|c|☆mikewww|noooo
|
|t:|1783348674
|switch|p1a: Orthworm|Orthworm, L50, F|60/100
|switch|p2a: Blastoise|Blastoise, L50, M|54/100
|turn|8
|c|☆Mega Chime Time|bolt sweep
|-message|mikewww forfeited.
|
|win|Mega Chime Time
||mikewww is ready for game 2.
||Mega Chime Time is ready for game 2.
|uhtml|next|Next: Game 2 of 3
