|j|☆spoolingus
|j|☆Advertisementish
|html|spoolingusAdvertisementish    
|uhtml|bestof|Game 1 of a best-of-3
|t:|1782234958
|gametype|doubles
|player|p1|spoolingus|102|1208
|player|p2|Advertisementish|ghetsis|1229
|gen|9
|tier|[Gen 9 Champions] VGC 2026 Reg M-B (Bo3)
|rated|
|rule|Species Clause: Limit one of each Pokémon
|rule|Item Clause: Limit 1 of each item
|clearpoke
|poke|p1|Swampert, L50, M|
|poke|p1|Sinistcha, L50|
|poke|p1|Pelipper, L50, M|
|poke|p1|Archaludon, L50, M|
|poke|p1|Grimmsnarl, L50, M|
|poke|p1|Metagross, L50|
|poke|p2|Eelektross, L50, F|
|poke|p2|Garchomp, L50, F|
|poke|p2|Grimmsnarl, L50, M|
|poke|p2|Aerodactyl, L50, F|
|poke|p2|Gholdengo, L50|
|poke|p2|Sneasler, L50, F|
|teampreview|4
|showteam|p1|Swampert||Swampertite|Torrent|WaveCrash,HighHorsepower,KnockOff,Protect|Adamant||M|||50|]Sinistcha||KasibBerry|Hospitality|MatchaGotcha,RagePowder,TrickRoom,LifeDew|Bold|||||50|]Pelipper||FocusSash|Drizzle|WeatherBall,Hurricane,Tailwind,Protect|Modest||M|||50|]Archaludon||Leftovers|Stamina|ElectroShot,DragonPulse,FlashCannon,Protect|Calm||M|||50|]Grimmsnarl||LightClay|Prankster|FoulPlay,Reflect,LightScreen,PartingShot|Calm||M|||50|]Metagross||Metagrossite|ClearBody|PsychicFangs,IronHead,BodyPress,Protect|Jolly|||||50|
|showteam|p2|Eelektross||Eelektrossite|Levitate|DrainPunch,SupercellSlam,Coil,Protect|Adamant||F|||50|]Garchomp||ChoiceScarf|RoughSkin|Earthquake,RockSlide,RockTomb,DragonClaw|Adamant||F|||50|]Grimmsnarl||LightClay|Prankster|FakeOut,SpiritBreak,LightScreen,Reflect|Careful||M|||50|]Aerodactyl||Aerodactylite|Unnerve|RockSlide,DualWingbeat,Protect,Tailwind|Jolly||F|||50|]Gholdengo||LifeOrb|GoodasGold|MakeItRain,ShadowBall,Protect,NastyPlot|Modest|||||50|]Sneasler||FocusSash|PoisonTouch|CloseCombat,DireClaw,FakeOut,Protect|Adamant||F|||50|
|inactive|Battle timer is ON: inactive players will automatically lose when time's up. (requested by Advertisementish)
|inactive|spoolingus has 60 seconds left.
|inactive|spoolingus has 30 seconds left.
|inactive|spoolingus has 20 seconds left.
|inactive|spoolingus has 15 seconds left.
|inactive|spoolingus has 10 seconds left.
|
|t:|1782235044
|teamsize|p1|4
|teamsize|p2|4
|start
|switch|p1a: Swampert|Swampert, L50, M|100/100
|switch|p1b: Grimmsnarl|Grimmsnarl, L50, M|100/100
|switch|p2a: Eelektross|Eelektross, L50, F|100/100
|switch|p2b: Grimmsnarl|Grimmsnarl, L50, M|100/100
|turn|1
|
|t:|1782235065
|detailschange|p1a: Swampert|Swampert-Mega, L50, M
|-mega|p1a: Swampert|Swampert|Swampertite
|detailschange|p2a: Eelektross|Eelektross-Mega, L50, F
|-mega|p2a: Eelektross|Eelektross|Eelektrossite
|move|p1a: Swampert|Protect|p1a: Swampert
|-singleturn|p1a: Swampert|Protect
|move|p2b: Grimmsnarl|Fake Out|p1a: Swampert
|-activate|p1a: Swampert|move: Protect
|move|p1b: Grimmsnarl|Reflect|p1b: Grimmsnarl
|-sidestart|p1: spoolingus|Reflect
|move|p2a: Eelektross|Coil|p2a: Eelektross
|-boost|p2a: Eelektross|atk|1
|-boost|p2a: Eelektross|def|1
|-boost|p2a: Eelektross|accuracy|1
|
|upkeep
|turn|2
|
|t:|1782235077
|move|p1b: Grimmsnarl|Parting Shot|p2a: Eelektross
|-unboost|p2a: Eelektross|atk|1
|-unboost|p2a: Eelektross|spa|1
|
|t:|1782235079
|switch|p1b: Pelipper|Pelipper, L50, M|100/100|[from] Parting Shot
|-weather|RainDance|[from] ability: Drizzle|[of] p1b: Pelipper
|move|p2b: Grimmsnarl|Reflect|p2b: Grimmsnarl
|-sidestart|p2: Advertisementish|Reflect
|move|p1a: Swampert|Wave Crash|p2b: Grimmsnarl
|-damage|p2b: Grimmsnarl|26/100
|-damage|p1a: Swampert|72/100|[from] Recoil
|move|p2a: Eelektross|Coil|p2a: Eelektross
|-boost|p2a: Eelektross|atk|1
|-boost|p2a: Eelektross|def|1
|-boost|p2a: Eelektross|accuracy|1
|
|-weather|RainDance|[upkeep]
|upkeep
|turn|3
|inactive|spoolingus has 30 seconds left.
|
|t:|1782235110
|switch|p1b: Archaludon|Archaludon, L50, M|100/100
|move|p2b: Grimmsnarl|Light Screen|p2b: Grimmsnarl
|-sidestart|p2: Advertisementish|move: Light Screen
|move|p1a: Swampert|Wave Crash|p2b: Grimmsnarl
|-damage|p2b: Grimmsnarl|0 fnt
|faint|p2b: Grimmsnarl
|-damage|p1a: Swampert|61/100|[from] Recoil
|move|p2a: Eelektross|Coil|p2a: Eelektross
|-boost|p2a: Eelektross|atk|1
|-boost|p2a: Eelektross|def|1
|-boost|p2a: Eelektross|accuracy|1
|
|-weather|RainDance|[upkeep]
|upkeep
|
|t:|1782235114
|switch|p2b: Sneasler|Sneasler, L50, F|100/100
|turn|4
|
|t:|1782235142
|switch|p1a: Grimmsnarl|Grimmsnarl, L50, M|100/100
|move|p1b: Archaludon|Protect|p1b: Archaludon
|-singleturn|p1b: Archaludon|Protect
|move|p2b: Sneasler|Fake Out|p1a: Grimmsnarl
|-damage|p1a: Grimmsnarl|87/100
|move|p2a: Eelektross|Drain Punch|p1b: Archaludon
|-activate|p1b: Archaludon|move: Protect
|
|-weather|RainDance|[upkeep]
|upkeep
|turn|5
|
|t:|1782235156
|switch|p1b: Pelipper|Pelipper, L50, M|100/100
|move|p1a: Grimmsnarl|Parting Shot|p2a: Eelektross
|-unboost|p2a: Eelektross|atk|1
|-unboost|p2a: Eelektross|spa|1
|
|t:|1782235160
|switch|p1a: Swampert|Swampert-Mega, L50, M|61/100|[from] Parting Shot
|move|p2b: Sneasler|Dire Claw|p1a: Swampert
|-resisted|p1a: Swampert|1
|-damage|p1a: Swampert|48/100
|-status|p1a: Swampert|par
|move|p2a: Eelektross|Drain Punch|p1a: Swampert
|-damage|p1a: Swampert|20/100y par
|
|-weather|RainDance|[upkeep]
|upkeep
|turn|6
|
|t:|1782235172
|move|p2b: Sneasler|Dire Claw|p1b: Pelipper
|-crit|p1b: Pelipper
|-damage|p1b: Pelipper|1/100
|cant|p1a: Swampert|par
|move|p1b: Pelipper|Tailwind|p1b: Pelipper
|-sidestart|p1: spoolingus|move: Tailwind
|move|p2a: Eelektross|Supercell Slam|p1b: Pelipper
|-supereffective|p1b: Pelipper|2
|-damage|p1b: Pelipper|0 fnt
|faint|p1b: Pelipper
|-ability|p2a: Eelektross|Eelevate|boost
|-boost|p2a: Eelektross|atk|1
|
|-weather|none
|upkeep
|
|t:|1782235189
|switch|p1b: Grimmsnarl|Grimmsnarl, L50, M|87/100
|turn|7
|
|t:|1782235197
|cant|p1a: Swampert|par
|move|p1b: Grimmsnarl|Parting Shot|p2b: Sneasler
|-unboost|p2b: Sneasler|atk|1
|-unboost|p2b: Sneasler|spa|1
|
|t:|1782235199
|switch|p1b: Archaludon|Archaludon, L50, M|100/100|[from] Parting Shot
|move|p2b: Sneasler|Close Combat|p1b: Archaludon
|-supereffective|p1b: Archaludon|1
|-damage|p1b: Archaludon|52/100
|-unboost|p2b: Sneasler|def|1
|-unboost|p2b: Sneasler|spd|1
|-ability|p1b: Archaludon|Stamina|boost
|-boost|p1b: Archaludon|def|1
|move|p2a: Eelektross|Drain Punch|p1a: Swampert
|-damage|p1a: Swampert|0 fnt
|faint|p1a: Swampert
|-ability|p2a: Eelektross|Eelevate|boost
|-boost|p2a: Eelektross|atk|1
|
|-heal|p1b: Archaludon|58/100|[from] item: Leftovers
|upkeep
|
|t:|1782235201
|switch|p1a: Grimmsnarl|Grimmsnarl, L50, M|87/100
|turn|8
|
|t:|1782235207
|move|p1a: Grimmsnarl|Parting Shot|p2a: Eelektross
|-unboost|p2a: Eelektross|atk|1
|-unboost|p2a: Eelektross|spa|1
|move|p1b: Archaludon|Dragon Pulse|p2b: Sneasler
|-damage|p2b: Sneasler|49/100
|move|p2b: Sneasler|Close Combat|p1b: Archaludon
|-supereffective|p1b: Archaludon|1
|-damage|p1b: Archaludon|28/100
|-unboost|p2b: Sneasler|def|1
|-unboost|p2b: Sneasler|spd|1
|-ability|p1b: Archaludon|Stamina|boost
|-boost|p1b: Archaludon|def|1
|move|p2a: Eelektross|Drain Punch|p1b: Archaludon
|-supereffective|p1b: Archaludon|1
|-damage|p1b: Archaludon|0 fnt
|faint|p1b: Archaludon
|-ability|p2a: Eelektross|Eelevate|boost
|-boost|p2a: Eelektross|atk|1
|
|-sideend|p1: spoolingus|Reflect
|upkeep
|turn|9
|-message|spoolingus forfeited.
|
|win|Advertisementish
||spoolingus is ready for game 2.
||Advertisementish is ready for game 2.
|uhtml|next|Next: Game 2 of 3
|l|☆Advertisementish
|player|p2|
