|j|☆Illumina_ProfTipl
|j|☆snakke001
|html|Illumina_ProfTiplsnakke001    
|uhtml|bestof|Game 2 of a best-of-3
|t:|1757670556
|gametype|doubles
|player|p1|Illumina_ProfTipl|101|1121
|player|p2|snakke001|170|1131
|gen|9
|tier|[Gen 9] VGC 2025 Reg H (Bo3)
|rated|
|rule|Species Clause: Limit one of each Pokémon
|rule|Item Clause: Limit 1 of each item
|clearpoke
|poke|p1|Grimmsnarl, L50, M|
|poke|p1|Volcarona, L50, M|
|poke|p1|Sneasler, L50, F|
|poke|p1|Dragonite, L50, M|
|poke|p1|Rillaboom, L50, F|
|poke|p1|Gastrodon-East, L50, M|
|poke|p2|Volcarona, L50, M|
|poke|p2|Kingambit, L50, M|
|poke|p2|Dragonite, L50, M|
|poke|p2|Sneasler, L50, M|
|poke|p2|Rillaboom, L50, M|
|poke|p2|Electabuzz, L50, F|
|teampreview|4
|showteam|p1|Grimmsnarl||CovertCloak|Prankster|SpiritBreak,LightScreen,Reflect,ThunderWave|||M|||50|,,,,,Steel]Volcarona||Leftovers|FlameBody|GigaDrain,QuiverDance,FieryDance,Protect|||M|||50|,,,,,Grass]Sneasler||GrassySeed|Unburden|ThroatChop,FakeOut,CloseCombat,DireClaw|||F|||50|,,,,,Dark]Dragonite||LoadedDice|Multiscale|ScaleShot,Protect,Tailwind,ExtremeSpeed|||M|||50|,,,,,Fairy]Rillaboom||AssaultVest|GrassySurge|FakeOut,HighHorsepower,GrassyGlide,WoodHammer|||F|||50|,,,,,Fire]Gastrodon-East||SafetyGoggles|StormDrain|Protect,IceBeam,EarthPower,Yawn|||M|||50|,,,,,Steel
|showteam|p2|Volcarona||Leftovers|FlameBody|HeatWave,TeraBlast,QuiverDance,Protect|||M|||50|,,,,,Fairy]Kingambit||BlackGlasses|Defiant|KowtowCleave,SuckerPunch,SwordsDance,Protect|||M|||50|,,,,,Dark]Dragonite||LoadedDice|Multiscale|ScaleShot,ExtremeSpeed,Haze,Protect|||M|||50|,,,,,Steel]Sneasler||FocusSash|PoisonTouch|CloseCombat,DireClaw,FakeOut,Coaching|||M|||50|,,,,,Stellar]Rillaboom||AssaultVest|GrassySurge|WoodHammer,GrassyGlide,HighHorsepower,FakeOut|||M|||50|,,,,,Fire]Electabuzz||Eviolite|VitalSpirit|Thunderbolt,Taunt,FollowMe,Protect|||F|||50|,,,,,Ghost
|inactive|Battle timer is ON: inactive players will automatically lose when time's up. (requested by Illumina_ProfTipl)
|inactive|snakke001 also wants the timer to be on.
|
|t:|1757670583
|teamsize|p1|4
|teamsize|p2|4
|start
|switch|p1a: Sneasler|Sneasler, L50, F|100/100
|switch|p1b: Rillaboom|Rillaboom, L50, F|100/100
|switch|p2a: Volcarona|Volcarona, L50, M, shiny|100/100
|switch|p2b: Sneasler|Sneasler, L50, M, shiny|100/100
|-fieldstart|move: Grassy Terrain|[from] ability: Grassy Surge|[of] p1b: Rillaboom
|-enditem|p1a: Sneasler|Grassy Seed
|-boost|p1a: Sneasler|def|1|[from] item: Grassy Seed
|turn|1
|
|t:|1757670603
|switch|p2a: Dragonite|Dragonite, L50, M, shiny|100/100
|move|p1a: Sneasler|Fake Out|p2b: Sneasler
|-damage|p2b: Sneasler|75/100
|cant|p2b: Sneasler|flinch
|move|p1b: Rillaboom|High Horsepower|p2b: Sneasler
|-supereffective|p2b: Sneasler
|-damage|p2b: Sneasler|0 fnt
|faint|p2b: Sneasler
|
|upkeep
|
|t:|1757670617
|switch|p2b: Volcarona|Volcarona, L50, M, shiny|100/100
|turn|2
|
|t:|1757670633
|move|p1a: Sneasler|Dire Claw|p2a: Dragonite
|-damage|p2a: Dragonite|76/100
|move|p2b: Volcarona|Quiver Dance|p2b: Volcarona
|-boost|p2b: Volcarona|spa|1
|-boost|p2b: Volcarona|spd|1
|-boost|p2b: Volcarona|spe|1
|move|p2a: Dragonite|Scale Shot|p1b: Rillaboom
|-damage|p1b: Rillaboom|85/100
|-damage|p1b: Rillaboom|70/100
|-damage|p1b: Rillaboom|55/100
|-damage|p1b: Rillaboom|39/100
|-hitcount|p1b: Rillaboom|4
|-unboost|p2a: Dragonite|def|1
|-boost|p2a: Dragonite|spe|1
|move|p1b: Rillaboom|Wood Hammer|p2a: Dragonite
|-resisted|p2a: Dragonite
|-damage|p2a: Dragonite|41/100
|-damage|p1b: Rillaboom|30/100|[from] Recoil
|
|-heal|p1b: Rillaboom|36/100|[from] Grassy Terrain
|upkeep
|turn|3
|inactive|snakke001 has 30 seconds left.
|
|t:|1757670662
|move|p1a: Sneasler|Dire Claw|p2a: Dragonite
|-damage|p2a: Dragonite|0 fnt
|faint|p2a: Dragonite
|move|p2b: Volcarona|Quiver Dance|p2b: Volcarona
|-boost|p2b: Volcarona|spa|1
|-boost|p2b: Volcarona|spd|1
|-boost|p2b: Volcarona|spe|1
|move|p1b: Rillaboom|Wood Hammer|p2b: Volcarona
|-resisted|p2b: Volcarona
|-damage|p2b: Volcarona|78/100
|-damage|p1b: Rillaboom|29/100|[from] Recoil
|
|-heal|p2b: Volcarona|84/100|[from] Grassy Terrain
|-heal|p2b: Volcarona|90/100|[from] item: Leftovers
|-heal|p1b: Rillaboom|35/100|[from] Grassy Terrain
|upkeep
|
|t:|1757670673
|switch|p2a: Kingambit|Kingambit, L50, M, shiny|100/100
|turn|4
|
|t:|1757670697
|move|p2a: Kingambit|Protect|p2a: Kingambit
|-singleturn|p2a: Kingambit|Protect
|move|p1a: Sneasler|Dire Claw|p2b: Volcarona
|-damage|p2b: Volcarona|37/100
|-status|p2b: Volcarona|par
|-status|p1a: Sneasler|brn|[from] ability: Flame Body|[of] p2b: Volcarona
|cant|p2b: Volcarona|par
|move|p1b: Rillaboom|Wood Hammer|p2b: Volcarona
|-resisted|p2b: Volcarona
|-damage|p2b: Volcarona|12/100 par
|-damage|p1b: Rillaboom|28/100|[from] Recoil
|
|-heal|p2b: Volcarona|18/100 par|[from] Grassy Terrain
|-heal|p2b: Volcarona|24/100 par|[from] item: Leftovers
|-heal|p1b: Rillaboom|34/100|[from] Grassy Terrain
|-damage|p1a: Sneasler|95/100 brn|[from] brn
|upkeep
|turn|5
|inactive|snakke001 has 30 seconds left.
|
|t:|1757670730
|-terastallize|p2a: Kingambit|Dark
|move|p1a: Sneasler|Close Combat|p2a: Kingambit
|-supereffective|p2a: Kingambit
|-damage|p2a: Kingambit|56/100
|-unboost|p1a: Sneasler|def|1
|-unboost|p1a: Sneasler|spd|1
|move|p2b: Volcarona|Heat Wave|p1a: Sneasler|[spread] p1a,p1b
|-supereffective|p1b: Rillaboom
|-damage|p1a: Sneasler|0 fnt
|-damage|p1b: Rillaboom|0 fnt
|faint|p1a: Sneasler
|faint|p1b: Rillaboom
|move|p2a: Kingambit|Swords Dance|p2a: Kingambit
|-boost|p2a: Kingambit|atk|2
|
|-heal|p2b: Volcarona|31/100 par|[from] Grassy Terrain
|-heal|p2b: Volcarona|37/100 par|[from] item: Leftovers
|-heal|p2a: Kingambit|61/100|[from] Grassy Terrain
|-fieldend|move: Grassy Terrain
|upkeep
|
|t:|1757670733
|switch|p1a: Volcarona|Volcarona, L50, M|100/100
|switch|p1b: Gastrodon|Gastrodon-East, L50, M|100/100
|turn|6
|inactive|snakke001 has 30 seconds left.
|
|t:|1757670760
|move|p1a: Volcarona|Protect|p1a: Volcarona
|-singleturn|p1a: Volcarona|Protect
|cant|p2b: Volcarona|par
|move|p2a: Kingambit|Kowtow Cleave|p1a: Volcarona
|-activate|p1a: Volcarona|move: Protect
|move|p1b: Gastrodon|Yawn|p2a: Kingambit
|-start|p2a: Kingambit|move: Yawn|[of] p1b: Gastrodon
|
|-heal|p2b: Volcarona|43/100 par|[from] item: Leftovers
|upkeep
|turn|7
|
|t:|1757670787
|cant|p2b: Volcarona|par
|move|p1a: Volcarona|Fiery Dance|p2b: Volcarona
|-damage|p2b: Volcarona|23/100 par
|move|p2a: Kingambit|Kowtow Cleave|p1a: Volcarona
|-damage|p1a: Volcarona|0 fnt
|faint|p1a: Volcarona
|move|p1b: Gastrodon|Earth Power|p2b: Volcarona
|-crit|p2b: Volcarona
|-damage|p2b: Volcarona|0 fnt
|faint|p2b: Volcarona
|
|-end|p2a: Kingambit|move: Yawn|[silent]
|-status|p2a: Kingambit|slp
|upkeep
|turn|8
|
|t:|1757670802
|cant|p2a: Kingambit|slp
|move|p1b: Gastrodon|Earth Power|p2a: Kingambit
|-damage|p2a: Kingambit|28/100 slp
|
|upkeep
|turn|9
|
|t:|1757670810
|cant|p2a: Kingambit|slp
|move|p1b: Gastrodon|Earth Power|p2a: Kingambit
|-damage|p2a: Kingambit|0 fnt
|faint|p2a: Kingambit
|
|win|Illumina_ProfTipl
||Illumina_ProfTipl is ready for game 3.
||snakke001 is ready for game 3.
|uhtml|next|Next: Game 3 of 3
|l|☆Illumina_ProfTipl
|player|p1|
|l|☆snakke001
|player|p2|
