|j|☆Dengi_padestha
|j|☆Hwa-Jean
|html|Dengi_padesthaHwa-Jean    
|uhtml|bestof|Game 1 of a best-of-3
|t:|1783656052
|gametype|doubles
|player|p1|Dengi_padestha|n|1040
|player|p2|Hwa-Jean|266|1113
|gen|9
|tier|[Gen 9 Champions] VGC 2026 Reg M-B (Bo3)
|rated|
|rule|Species Clause: Limit one of each Pokémon
|rule|Item Clause: Limit 1 of each item
|clearpoke
|poke|p1|Dragalge, L50, F|
|poke|p1|Chesnaught, L50, M|
|poke|p1|Farigiraf, L50, M|
|poke|p1|Toxapex, L50, M|
|poke|p1|Torkoal, L50, M|
|poke|p1|Sinistcha, L50|
|poke|p2|Incineroar, L50, M|
|poke|p2|Sinistcha, L50|
|poke|p2|Sneasler, L50, F|
|poke|p2|Blastoise, L50, F|
|poke|p2|Delphox, L50, F|
|poke|p2|Kingambit, L50, F|
|teampreview|4
|showteam|p1|Dragalge||Dragalgite|PoisonPoint|Protect,DragonPulse,SludgeBomb,Toxic|Quiet||F|||50|]Chesnaught||Chesnaughtite|Bulletproof|BellyDrum,DrainPunch,Protect,PoisonJab|Sassy||M|||50|]Farigiraf||SitrusBerry|ArmorTail|Protect,Psychic,TrickRoom,EnergyBall|Relaxed||M|||50|]Toxapex|||Merciless|Venoshock,BanefulBunker,Toxic,Infestation|Quiet||M|||50|]Torkoal||Charcoal|Drought|Eruption,HeatWave,SolarBeam,EarthPower|Quiet||M|||50|]Sinistcha||ColburBerry|Hospitality|MatchaGotcha,RagePowder,TrickRoom,Protect|Relaxed|||||50|
|showteam|p2|Incineroar||SitrusBerry|Intimidate|FakeOut,FlareBlitz,DarkestLariat,PartingShot|Impish||M|||50|]Sinistcha||KasibBerry|Hospitality|MatchaGotcha,LifeDew,RagePowder,Protect|Bold|||||50|]Sneasler||FocusSash|PoisonTouch|FakeOut,CloseCombat,DireClaw,QuickGuard|Jolly||F|||50|]Blastoise||Blastoisinite|Torrent|WaterSpout,DarkPulse,ShellSmash,Protect|Modest||F|||50|]Delphox||Delphoxite|Blaze|HeatWave,Psychic,NastyPlot,Protect|Timid||F|||50|]Kingambit||BlackGlasses|Defiant|KowtowCleave,SuckerPunch,SwordsDance,Protect|Adamant||F|||50|
|inactive|Battle timer is ON: inactive players will automatically lose when time's up. (requested by Hwa-Jean)
|inactive|Hwa-Jean has 60 seconds left.
|
|t:|1783656124
|teamsize|p1|4
|teamsize|p2|4
|start
|switch|p1a: Farigiraf|Farigiraf, L50, M|100/100
|switch|p1b: Chesnaught|Chesnaught, L50, M|100/100
|switch|p2a: Delphox|Delphox, L50, F|100/100
|switch|p2b: Incineroar|Incineroar, L50, M|100/100
|-ability|p2b: Incineroar|Intimidate|boost
|-unboost|p1a: Farigiraf|atk|1
|-unboost|p1b: Chesnaught|atk|1
|turn|1
|inactive|Hwa-Jean has 30 seconds left.
|
|t:|1783656156
|detailschange|p2a: Delphox|Delphox-Mega, L50, F
|-mega|p2a: Delphox|Delphox|Delphoxite
|detailschange|p1b: Chesnaught|Chesnaught-Mega, L50, M
|-mega|p1b: Chesnaught|Chesnaught|Chesnaughtite
|move|p1b: Chesnaught|Protect|p1b: Chesnaught
|-singleturn|p1b: Chesnaught|Protect
|move|p2a: Delphox|Heat Wave|p1a: Farigiraf|[spread] p1a
|-activate|p1b: Chesnaught|move: Protect
|-damage|p1a: Farigiraf|71/100
|move|p2b: Incineroar|Darkest Lariat|p1a: Farigiraf
|-supereffective|p1a: Farigiraf|1
|-damage|p1a: Farigiraf|7/100
|-enditem|p1a: Farigiraf|Sitrus Berry|[eat]
|-heal|p1a: Farigiraf|32/100|[from] item: Sitrus Berry
|move|p1a: Farigiraf|Trick Room|p1a: Farigiraf
|-fieldstart|move: Trick Room|[of] p1a: Farigiraf
|
|upkeep
|turn|2
|inactive|Dengi_padestha has 30 seconds left.
|
|t:|1783656184
|switch|p1a: Toxapex|Toxapex, L50, M|100/100
|move|p1b: Chesnaught|Drain Punch|p2b: Incineroar
|-supereffective|p2b: Incineroar|1
|-damage|p2b: Incineroar|66/100
|move|p2b: Incineroar|Flare Blitz|p1b: Chesnaught
|-supereffective|p1b: Chesnaught|1
|-damage|p1b: Chesnaught|46/100
|-damage|p2b: Incineroar|49/100|[from] Recoil
|-enditem|p2b: Incineroar|Sitrus Berry|[eat]
|-heal|p2b: Incineroar|74/100|[from] item: Sitrus Berry
|move|p2a: Delphox|Heat Wave|p1a: Toxapex|[spread] p1a,p1b
|-resisted|p1a: Toxapex|1
|-supereffective|p1b: Chesnaught|1
|-damage|p1a: Toxapex|83/100
|-damage|p1b: Chesnaught|0 fnt
|faint|p1b: Chesnaught
|
|upkeep
|
|t:|1783656197
|switch|p1b: Farigiraf|Farigiraf, L50, M|32/100
|turn|3
|
|t:|1783656210
|move|p1b: Farigiraf|Protect|p1b: Farigiraf
|-singleturn|p1b: Farigiraf|Protect
|move|p1a: Toxapex|Infestation|p2a: Delphox
|-damage|p2a: Delphox|95/100
|-activate|p2a: Delphox|move: Infestation|[of] p1a: Toxapex
|move|p2b: Incineroar|Darkest Lariat|p1b: Farigiraf
|-activate|p1b: Farigiraf|move: Protect
|move|p2a: Delphox|Psychic|p1a: Toxapex
|-supereffective|p1a: Toxapex|1
|-damage|p1a: Toxapex|0 fnt
|faint|p1a: Toxapex
|
|-end|p2a: Delphox|Infestation|[partiallytrapped]|[silent]
|upkeep
|
|t:|1783656214
|switch|p1a: Torkoal|Torkoal, L50, M|100/100
|-weather|SunnyDay|[from] ability: Drought|[of] p1a: Torkoal
|turn|4
|
|t:|1783656229
|move|p1a: Torkoal|Earth Power|p2b: Incineroar
|-supereffective|p2b: Incineroar|1
|-damage|p2b: Incineroar|29/100
|move|p1b: Farigiraf|Energy Ball|p2a: Delphox
|-resisted|p2a: Delphox|1
|-crit|p2a: Delphox
|-damage|p2a: Delphox|80/100
|move|p2b: Incineroar|Darkest Lariat|p1a: Torkoal
|-damage|p1a: Torkoal|66/100
|move|p2a: Delphox|Heat Wave|p1b: Farigiraf|[spread] p1a,p1b
|-resisted|p1a: Torkoal|1
|-damage|p1a: Torkoal|32/100
|-damage|p1b: Farigiraf|0 fnt
|faint|p1b: Farigiraf
|
|-weather|SunnyDay|[upkeep]
|upkeep
|turn|5
|-message|Dengi_padestha forfeited.
|
|win|Hwa-Jean
|l|☆Dengi_padestha
|player|p1|
||Dengi_padestha is ready for game 2.
||Hwa-Jean is ready for game 2.
|uhtml|next|Next: Game 2 of 3
