|j|☆rdxcrrnz
|j|☆thebeast4895
|html|rdxcrrnzthebeast4895    
|uhtml|bestof|Game 2 of a best-of-3
|t:|1756862382
|gametype|doubles
|player|p1|rdxcrrnz|bugcatcher-gen4dp|1087
|player|p2|thebeast4895|169|1099
|gen|9
|tier|[Gen 9] VGC 2025 Reg H (Bo3)
|rated|
|rule|Species Clause: Limit one of each Pokémon
|rule|Item Clause: Limit 1 of each item
|clearpoke
|poke|p1|Weezing, L50, M|
|poke|p1|Annihilape, L50, M|
|poke|p1|Incineroar, L50, M|
|poke|p1|Maushold-Four, L50|
|poke|p1|Archaludon, L50, F|
|poke|p1|Pelipper, L50, F|
|poke|p2|Porygon2, L50|
|poke|p2|Amoonguss, L50, M|
|poke|p2|Volcarona, L50, M|
|poke|p2|Kingambit, L50, M|
|poke|p2|Decidueye-Hisui, L50, M|
|poke|p2|Azumarill, L50, F|
|teampreview|4
|showteam|p1|Weezing||SitrusBerry|NeutralizingGas|ClearSmog,WillOWisp,Taunt,Protect|||M|||50|,,,,,Ghost]Annihilape||Leftovers|Defiant|DrainPunch,RageFist,BulkUp,Protect|||M|||50|,,,,,Water]Incineroar||AbilityShield|Intimidate|FakeOut,KnockOff,Snarl,PartingShot|||M|||50|,,,,,Flying]Maushold-Four||WideLens|Technician|FollowMe,PopulationBomb,BeatUp,Protect||||||50|,,,,,Ghost]Archaludon||AssaultVest|Stamina|ElectroShot,FlashCannon,BodyPress,Snarl|||F|||50|,,,,,Grass]Pelipper||FocusSash|Drizzle|Hurricane,WeatherBall,Tailwind,Protect|||F|||50|,,,,,Stellar
|showteam|p2|Porygon2||Eviolite|Download|Protect,Recover,IceBeam,TrickRoom||||||50|,,,,,Normal]Amoonguss||SitrusBerry|Regenerator|Protect,RagePowder,ClearSmog,Spore|||M|||50|,,,,,Dark]Volcarona||RockyHelmet|FlameBody|FieryDance,BugBuzz,QuiverDance,Protect|||M|||50|,,,,,Grass]Kingambit||SafetyGoggles|Defiant|SuckerPunch,KowtowCleave,IronHead,Protect|||M|||50|,,,,,Fairy]Decidueye-Hisui||ExpertBelt|Scrappy|BraveBird,TripleArrows,LeafBlade,Protect|||M|||50|,,,,,Fire]Azumarill||WideLens|HugePower|AquaTail,PlayRough,IceSpinner,Protect|||F|||50|,,,,,Fire
|c|☆thebeast4895|LETS FUCKING GOOOOOO!!!!!!!!!!!!!!!!!!!!!!!!!!!!!
|
|t:|1756862463
|teamsize|p1|4
|teamsize|p2|4
|start
|switch|p1a: Weezing|Weezing, L50, M|100/100
|switch|p1b: Incineroar|Incineroar, L50, M|100/100
|switch|p2a: Amoonguss|Amoonguss, L50, M, shiny|100/100
|switch|p2b: Decidueye|Decidueye-Hisui, L50, M, shiny|100/100
|-ability|p1a: Weezing|Neutralizing Gas
|-block|p1b: Incineroar|item: Ability Shield
|-ability|p1b: Incineroar|Intimidate|boost
|-unboost|p2a: Amoonguss|atk|1
|-unboost|p2b: Decidueye|atk|1
|turn|1
|
|t:|1756862485
|move|p2b: Decidueye|Protect|p2b: Decidueye
|-singleturn|p2b: Decidueye|Protect
|move|p2a: Amoonguss|Protect|p2a: Amoonguss
|-singleturn|p2a: Amoonguss|Protect
|move|p1b: Incineroar|Knock Off|p2b: Decidueye
|-activate|p2b: Decidueye|move: Protect
|move|p1a: Weezing|Taunt|p2a: Amoonguss
|-activate|p2a: Amoonguss|move: Protect
|
|upkeep
|turn|2
|
|t:|1756862504
|-terastallize|p2b: Decidueye|Fire
|move|p1b: Incineroar|Parting Shot|p2b: Decidueye
|-unboost|p2b: Decidueye|atk|1
|-unboost|p2b: Decidueye|spa|1
|
|t:|1756862509
|switch|p1b: Annihilape|Annihilape, L50, M|100/100|[from] Parting Shot
|move|p1a: Weezing|Taunt|p2a: Amoonguss
|-start|p2a: Amoonguss|move: Taunt
|move|p2b: Decidueye|Triple Arrows|p1b: Annihilape
|-immune|p1b: Annihilape
|move|p2a: Amoonguss|Clear Smog|p2b: Decidueye
|-crit|p2b: Decidueye
|-damage|p2b: Decidueye|78/100
|-clearboost|p2b: Decidueye
|
|upkeep
|turn|3
|
|t:|1756862557
|switch|p1b: Incineroar|Incineroar, L50, M|100/100
|-ability|p1b: Incineroar|Intimidate|boost
|-unboost|p2a: Amoonguss|atk|1
|-unboost|p2b: Decidueye|atk|1
|move|p1a: Weezing|Clear Smog|p2b: Decidueye
|-damage|p2b: Decidueye|63/100
|-clearboost|p2b: Decidueye
|move|p2b: Decidueye|Brave Bird|p1a: Weezing
|-damage|p1a: Weezing|63/100
|-damage|p2b: Decidueye|52/100|[from] Recoil
|move|p2a: Amoonguss|Clear Smog|p1a: Weezing
|-resisted|p1a: Weezing
|-damage|p1a: Weezing|55/100
|-clearboost|p1a: Weezing
|
|upkeep
|turn|4
|
|t:|1756862578
|-terastallize|p1b: Incineroar|Flying
|move|p1a: Weezing|Protect|p1a: Weezing
|-singleturn|p1a: Weezing|Protect
|move|p2b: Decidueye|Protect|p2b: Decidueye
|-singleturn|p2b: Decidueye|Protect
|move|p1b: Incineroar|Knock Off|p2a: Amoonguss
|-damage|p2a: Amoonguss|69/100
|-enditem|p2a: Amoonguss|Sitrus Berry|[from] move: Knock Off|[of] p1b: Incineroar
|move|p2a: Amoonguss|Clear Smog|p1a: Weezing
|-activate|p1a: Weezing|move: Protect
|
|-end|p2a: Amoonguss|move: Taunt
|upkeep
|turn|5
|
|t:|1756862610
|move|p2a: Amoonguss|Rage Powder|p2a: Amoonguss
|-singleturn|p2a: Amoonguss|move: Rage Powder
|move|p1b: Incineroar|Knock Off|p2a: Amoonguss
|-damage|p2a: Amoonguss|46/100
|move|p1a: Weezing|Taunt|p2a: Amoonguss
|-start|p2a: Amoonguss|move: Taunt
|move|p2b: Decidueye|Brave Bird|p1a: Weezing
|-damage|p1a: Weezing|18/100
|-enditem|p1a: Weezing|Sitrus Berry|[eat]
|-heal|p1a: Weezing|43/100|[from] item: Sitrus Berry
|-damage|p2b: Decidueye|42/100|[from] Recoil
|
|upkeep
|turn|6
|
|t:|1756862628
|-end|p1a: Weezing|ability: Neutralizing Gas
|switch|p1a: Annihilape|Annihilape, L50, M|100/100
|move|p1b: Incineroar|Knock Off|p2b: Decidueye
|-damage|p2b: Decidueye|0 fnt
|-enditem|p2b: Decidueye|Expert Belt|[from] move: Knock Off|[of] p1b: Incineroar
|faint|p2b: Decidueye
|move|p2a: Amoonguss|Clear Smog|p2: Decidueye|[notarget]
|-fail|p2a: Amoonguss
|
|upkeep
|
|t:|1756862635
|switch|p2b: Volcarona|Volcarona, L50, M, shiny|100/100
|turn|7
|
|t:|1756862652
|switch|p1a: Weezing|Weezing, L50, M|43/100
|-ability|p1a: Weezing|Neutralizing Gas
|-block|p1b: Incineroar|item: Ability Shield
|move|p2b: Volcarona|Quiver Dance|p2b: Volcarona
|-boost|p2b: Volcarona|spa|1
|-boost|p2b: Volcarona|spd|1
|-boost|p2b: Volcarona|spe|1
|move|p1b: Incineroar|Knock Off|p2b: Volcarona
|-damage|p2b: Volcarona|45/100
|-damage|p1b: Incineroar|84/100|[from] item: Rocky Helmet|[of] p2b: Volcarona
|-enditem|p2b: Volcarona|Rocky Helmet|[from] move: Knock Off|[of] p1b: Incineroar
|move|p2a: Amoonguss|Clear Smog|p1b: Incineroar
|-damage|p1b: Incineroar|68/100
|-clearboost|p1b: Incineroar
|
|upkeep
|turn|8
|
|t:|1756862675
|move|p2b: Volcarona|Fiery Dance|p1a: Weezing
|-damage|p1a: Weezing|0 fnt
|-boost|p2b: Volcarona|spa|1
|faint|p1a: Weezing
|-end|p1a: Weezing|ability: Neutralizing Gas
|move|p1b: Incineroar|Snarl|p2b: Volcarona|[spread] p2a,p2b
|-damage|p2a: Amoonguss|37/100
|-damage|p2b: Volcarona|39/100
|-unboost|p2a: Amoonguss|spa|1
|-unboost|p2b: Volcarona|spa|1
|move|p2a: Amoonguss|Clear Smog|p1b: Incineroar
|-damage|p1b: Incineroar|57/100
|-clearboost|p1b: Incineroar
|
|-end|p2a: Amoonguss|move: Taunt
|upkeep
|
|t:|1756862695
|switch|p1a: Annihilape|Annihilape, L50, M|100/100
|turn|9
|
|t:|1756862712
|move|p2a: Amoonguss|Rage Powder|p2a: Amoonguss
|-singleturn|p2a: Amoonguss|move: Rage Powder
|move|p2b: Volcarona|Fiery Dance|p1b: Incineroar
|-damage|p1b: Incineroar|0 fnt
|faint|p1b: Incineroar
|move|p1a: Annihilape|Bulk Up|p1a: Annihilape
|-boost|p1a: Annihilape|atk|1
|-boost|p1a: Annihilape|def|1
|
|upkeep
|
|t:|1756862721
|switch|p1b: Maushold|Maushold-Four, L50|100/100
|turn|10
|
|t:|1756862739
|move|p1a: Annihilape|Protect|p1a: Annihilape
|-singleturn|p1a: Annihilape|Protect
|move|p2a: Amoonguss|Rage Powder|p2a: Amoonguss
|-singleturn|p2a: Amoonguss|move: Rage Powder
|move|p2b: Volcarona|Quiver Dance|p2b: Volcarona
|-boost|p2b: Volcarona|spa|1
|-boost|p2b: Volcarona|spd|1
|-boost|p2b: Volcarona|spe|1
|move|p1b: Maushold|Population Bomb|p2a: Amoonguss
|-damage|p2a: Amoonguss|27/100
|-damage|p2a: Amoonguss|18/100
|-damage|p2a: Amoonguss|8/100
|-damage|p2a: Amoonguss|0 fnt
|faint|p2a: Amoonguss
|-hitcount|p2: Amoonguss|4
|
|upkeep
|
|t:|1756862750
|switch|p2a: Azumarill|Azumarill, L50, F, shiny|100/100
|turn|11
|
|t:|1756862783
|move|p2b: Volcarona|Fiery Dance|p1a: Annihilape
|-damage|p1a: Annihilape|21/100
|move|p1b: Maushold|Population Bomb|p2b: Volcarona
|-damage|p2b: Volcarona|24/100
|-damage|p2b: Volcarona|10/100
|-status|p1b: Maushold|brn|[from] ability: Flame Body|[of] p2b: Volcarona
|-damage|p2b: Volcarona|3/100
|-damage|p2b: Volcarona|0 fnt
|faint|p2b: Volcarona
|-hitcount|p2: Volcarona|4
|move|p1a: Annihilape|Rage Fist|p2a: Azumarill
|-damage|p2a: Azumarill|41/100
|move|p2a: Azumarill|Play Rough|p1a: Annihilape
|-supereffective|p1a: Annihilape
|-crit|p1a: Annihilape
|-damage|p1a: Annihilape|0 fnt
|faint|p1a: Annihilape
|
|-damage|p1b: Maushold|94/100 brn|[from] brn
|upkeep
|turn|12
|
|t:|1756862809
|move|p2a: Azumarill|Protect|p2a: Azumarill
|-singleturn|p2a: Azumarill|Protect
|move|p1b: Maushold|Population Bomb|p2a: Azumarill
|-activate|p2a: Azumarill|move: Protect
|
|-damage|p1b: Maushold|88/100 brn|[from] brn
|upkeep
|turn|13
|c|☆thebeast4895|and i finally broke through that FUCKING weezing
|c|☆thebeast4895|so god damn bulky
|c|☆thebeast4895|Hate that fucker
|c|☆thebeast4895|with a passion
|
|t:|1756862854
|move|p1b: Maushold|Population Bomb|p2a: Azumarill
|-damage|p2a: Azumarill|35/100
|-damage|p2a: Azumarill|30/100
|-damage|p2a: Azumarill|24/100
|-damage|p2a: Azumarill|19/100
|-damage|p2a: Azumarill|14/100
|-damage|p2a: Azumarill|8/100
|-damage|p2a: Azumarill|2/100
|-damage|p2a: Azumarill|0 fnt
|faint|p2a: Azumarill
|-hitcount|p2: Azumarill|8
|
|win|rdxcrrnz
