|j|☆BlackStag52
|j|☆puli95
|html|BlackStag52puli95    
|uhtml|bestof|Game 1 of a best-of-3
|t:|1784083770
|gametype|doubles
|player|p1|BlackStag52|lorelei-gen3|1103
|player|p2|puli95|170|1043
|gen|9
|tier|[Gen 9 Champions] VGC 2026 Reg M-B (Bo3)
|rated|
|rule|Species Clause: Limit one of each Pokémon
|rule|Item Clause: Limit 1 of each item
|clearpoke
|poke|p1|Garchomp, L50, F|
|poke|p1|Eelektross, L50, F|
|poke|p1|Primarina, L50, F|
|poke|p1|Vivillon-High Plains, L50, F|
|poke|p1|Sneasler, L50, F|
|poke|p1|Clefable, L50, F|
|poke|p2|Tyranitar, L50, M, shiny|
|poke|p2|Houndstone, L50, M, shiny|
|poke|p2|Garchomp, L50, F|
|poke|p2|Sneasler, L50, F, shiny|
|poke|p2|Primarina, L50, M, shiny|
|poke|p2|Corviknight, L50, M, shiny|
|teampreview|4
|showteam|p1|Garchomp||LifeOrb|RoughSkin|DragonClaw,Earthquake,Protect,RockSlide|Impish||F|||50|]Eelektross||Eelektrossite|Levitate|GrassKnot,Thunderbolt,Protect,Flamethrower|Modest||F|||50|]Primarina||FairyFeather|LiquidVoice|DazzlingGleam,EnergyBall,HyperVoice,Protect|Modest||F|||50|]Vivillon-High Plains||FocusSash|FriendGuard|Tailwind,AirSlash,PollenPuff,Protect|Timid||F|||50|]Sneasler||WhiteHerb|Unburden|FakeOut,CloseCombat,DireClaw,Protect|Adamant||F|||50|]Clefable||Leftovers|Unaware|HelpingHand,DrainingKiss,Protect,LifeDew|Modest||F|||50|
|showteam|p2|Tyranitar||ChoiceScarf|SandStream|RockSlide,KnockOff,BrickBreak,ThunderPunch|Adamant||M|||50|]Houndstone||ColburBerry|SandRush|LastRespects,WillOWisp,AllySwitch,Howl|Adamant||M|||50|]Garchomp||BrightPowder|SandVeil|DragonClaw,StompingTantrum,RockSlide,Protect|Jolly||F|||50|]Sneasler||FocusSash|Unburden|CloseCombat,DireClaw,FakeOut,Coaching|Adamant||F|||50|]Primarina||LifeOrb|LiquidVoice|HyperVoice,Moonblast,CalmMind,Protect|Modest||M|||50|]Corviknight||Leftovers|MirrorArmor|BraveBird,IronHead,BulkUp,Roost|Impish||M|||50|
|
|t:|1784083823
|teamsize|p1|4
|teamsize|p2|4
|start
|switch|p1a: Sneasler|Sneasler, L50, F|100/100
|switch|p1b: Primarina|Primarina, L50, F|100/100
|switch|p2a: Tyranitar|Tyranitar, L50, M, shiny|100/100
|switch|p2b: Houndstone|Houndstone, L50, M, shiny|100/100
|-weather|Sandstorm|[from] ability: Sand Stream|[of] p2a: Tyranitar
|turn|1
|
|t:|1784083851
|move|p2b: Houndstone|Will-O-Wisp|p1a: Sneasler
|-status|p1a: Sneasler|brn
|move|p1a: Sneasler|Dire Claw|p2b: Houndstone
|-resisted|p2b: Houndstone|1
|-damage|p2b: Houndstone|85/100
|move|p2a: Tyranitar|Rock Slide|p1b: Primarina|[spread] p1a,p1b
|-resisted|p1a: Sneasler|1
|-damage|p1a: Sneasler|72/100 brn
|-damage|p1b: Primarina|65/100
|cant|p1b: Primarina|flinch
|
|-weather|Sandstorm|[upkeep]
|-damage|p1a: Sneasler|66/100 brn|[from] Sandstorm
|-damage|p1b: Primarina|59/100|[from] Sandstorm
|-damage|p1a: Sneasler|61/100 brn|[from] brn
|upkeep
|turn|2
|
|t:|1784083879
|move|p2b: Houndstone|Howl|p2b: Houndstone|[spread] p2a,p2b
|-boost|p2a: Tyranitar|atk|1
|-boost|p2b: Houndstone|atk|1
|move|p1a: Sneasler|Close Combat|p2a: Tyranitar
|-supereffective|p2a: Tyranitar|2
|-damage|p2a: Tyranitar|0 fnt
|-unboost|p1a: Sneasler|def|1
|-unboost|p1a: Sneasler|spd|1
|faint|p2a: Tyranitar
|-enditem|p1a: Sneasler|White Herb
|-clearnegativeboost|p1a: Sneasler|[silent]
|move|p1b: Primarina|Dazzling Gleam|p2b: Houndstone
|-damage|p2b: Houndstone|28/100
|
|-weather|Sandstorm|[upkeep]
|-damage|p1a: Sneasler|55/100 brn|[from] Sandstorm
|-damage|p1b: Primarina|54/100|[from] Sandstorm
|-damage|p1a: Sneasler|49/100 brn|[from] brn
|upkeep
|
|t:|1784083898
|switch|p2a: Sneasler|Sneasler, L50, F, shiny|100/100
|turn|3
|
|t:|1784083906
|move|p1a: Sneasler|Protect|p1a: Sneasler
|-singleturn|p1a: Sneasler|Protect
|move|p1b: Primarina|Protect|p1b: Primarina
|-singleturn|p1b: Primarina|Protect
|move|p2b: Houndstone|Last Respects|p1a: Sneasler
|-activate|p1a: Sneasler|move: Protect
|move|p2a: Sneasler|Dire Claw|p1b: Primarina
|-activate|p1b: Primarina|move: Protect
|
|-weather|Sandstorm|[upkeep]
|-damage|p1a: Sneasler|43/100 brn|[from] Sandstorm
|-damage|p2a: Sneasler|94/100|[from] Sandstorm
|-damage|p1b: Primarina|48/100|[from] Sandstorm
|-damage|p1a: Sneasler|38/100 brn|[from] brn
|upkeep
|turn|4
|
|t:|1784083928
|move|p1a: Sneasler|Dire Claw|p2b: Houndstone
|-resisted|p2b: Houndstone|1
|-damage|p2b: Houndstone|14/100
|-status|p2b: Houndstone|slp
|cant|p2b: Houndstone|slp
|move|p2a: Sneasler|Dire Claw|p1b: Primarina
|-supereffective|p1b: Primarina|1
|-damage|p1b: Primarina|0 fnt
|faint|p1b: Primarina
|
|-weather|Sandstorm|[upkeep]
|-damage|p1a: Sneasler|32/100 brn|[from] Sandstorm
|-damage|p2a: Sneasler|88/100|[from] Sandstorm
|-damage|p1a: Sneasler|26/100 brn|[from] brn
|upkeep
|
|t:|1784083938
|switch|p1b: Vivillon|Vivillon-High Plains, L50, F|100/100
|turn|5
|
|t:|1784083951
|move|p1a: Sneasler|Dire Claw|p2b: Houndstone
|-resisted|p2b: Houndstone|1
|-damage|p2b: Houndstone|0 fnt
|faint|p2b: Houndstone
|move|p2a: Sneasler|Dire Claw|p1b: Vivillon
|-damage|p1b: Vivillon|12/100
|-status|p1b: Vivillon|psn
|move|p1b: Vivillon|Air Slash|p2a: Sneasler
|-supereffective|p2a: Sneasler|1
|-damage|p2a: Sneasler|0 fnt
|faint|p2a: Sneasler
|
|-weather|none
|-damage|p1b: Vivillon|0 fnt|[from] psn
|faint|p1b: Vivillon
|-damage|p1a: Sneasler|21/100 brn|[from] brn
|upkeep
|
|t:|1784083966
|switch|p1b: Eelektross|Eelektross, L50, F|100/100
|switch|p2b: Garchomp|Garchomp, L50, F|100/100
|turn|6
|
|t:|1784083982
|detailschange|p1b: Eelektross|Eelektross-Mega, L50, F
|-mega|p1b: Eelektross|Eelektross|Eelektrossite
|move|p2b: Garchomp|Protect|p2b: Garchomp
|-singleturn|p2b: Garchomp|Protect
|move|p1a: Sneasler|Close Combat|p2b: Garchomp
|-activate|p2b: Garchomp|move: Protect
|move|p1b: Eelektross|Grass Knot|p2b: Garchomp
|-activate|p2b: Garchomp|move: Protect
|
|-damage|p1a: Sneasler|15/100 brn|[from] brn
|upkeep
|turn|7
|
|t:|1784084000
|move|p1a: Sneasler|Close Combat|p2b: Garchomp
|-damage|p2b: Garchomp|64/100
|-unboost|p1a: Sneasler|def|1
|-unboost|p1a: Sneasler|spd|1
|move|p2b: Garchomp|Rock Slide|p1a: Sneasler|[spread] p1a,p1b
|-resisted|p1a: Sneasler|1
|-damage|p1a: Sneasler|0 fnt
|-damage|p1b: Eelektross|81/100
|faint|p1a: Sneasler
|move|p1b: Eelektross|Grass Knot|p2b: Garchomp
|-damage|p2b: Garchomp|32/100
|
|upkeep
|turn|8
|
|t:|1784084018
|move|p2b: Garchomp|Rock Slide|p1b: Eelektross
|-damage|p1b: Eelektross|53/100
|move|p1b: Eelektross|Grass Knot|p2b: Garchomp|[miss]
|-miss|p1b: Eelektross|p2b: Garchomp
|
|upkeep
|turn|9
|
|t:|1784084030
|move|p2b: Garchomp|Rock Slide|p1b: Eelektross
|-crit|p1b: Eelektross
|-damage|p1b: Eelektross|13/100
|cant|p1b: Eelektross|flinch
|
|upkeep
|turn|10
|-message|BlackStag52 forfeited.
|
|win|puli95
