|j|☆viatles
|j|☆JCTB
|html|viatlesJCTB    
|uhtml|bestof|Game 1 of a best-of-3
|t:|1783562044
|gametype|doubles
|player|p1|viatles|hiker|1113
|player|p2|JCTB|elesa|1076
|gen|9
|tier|[Gen 9 Champions] VGC 2026 Reg M-B (Bo3)
|rated|
|rule|Species Clause: Limit one of each Pokémon
|rule|Item Clause: Limit 1 of each item
|clearpoke
|poke|p1|Beedrill, L50, F, shiny|
|poke|p1|Milotic, L50, F, shiny|
|poke|p1|Talonflame, L50, F, shiny|
|poke|p1|Farigiraf, L50, F|
|poke|p1|Decidueye-Hisui, L50, M|
|poke|p1|Sableye, L50, M|
|poke|p2|Charizard, L50, F|
|poke|p2|Sylveon, L50, M|
|poke|p2|Garchomp, L50, F|
|poke|p2|Toxapex, L50, F|
|poke|p2|Whimsicott, L50, M|
|poke|p2|Metagross, L50|
|teampreview|4
|showteam|p1|Beedrill||Beedrillite|Swarm|Uturn,DrillRun,PoisonJab,Protect|Jolly||F|||50|]Milotic||Leftovers|Competitive|IcyWind,Scald,Protect,LifeDew|Bold||F|||50|]Talonflame||SharpBeak|GaleWings|DualWingbeat,Tailwind,Protect,WillOWisp|Jolly||F|||50|]Farigiraf||SitrusBerry|ArmorTail|TrickRoom,Thunderbolt,TwinBeam,HelpingHand|Bold||F|||50|]Decidueye-Hisui||ScopeLens|Scrappy|Protect,TripleArrows,LeafBlade,SuckerPunch|Adamant||M|||50|]Sableye||RoseliBerry|Prankster|FakeOut,FoulPlay,RainDance,Quash|Sassy||M|||50|
|showteam|p2|Charizard||CharizarditeY|Blaze|HeatWave,WeatherBall,SolarBeam,Protect|Modest||F|||50|]Sylveon||FairyFeather|Pixilate|HyperVoice,Moonblast,CalmMind,Detect|Modest||M|||50|]Garchomp||LifeOrb|RoughSkin|DragonClaw,Earthquake,RockSlide,Protect|Jolly||F|||50|]Toxapex||Leftovers|Regenerator|Toxic,Infestation,WideGuard,BanefulBunker|Bold||F|||50|]Whimsicott||FocusSash|Prankster|Tailwind,HelpingHand,Encore,Moonblast|Timid||M|||50|]Metagross||Metagrossite|ClearBody|MeteorMash,BulletPunch,PsychicFangs,Protect|Adamant|||||50|
|c|☆viatles|gl hf
|inactive|Battle timer is ON: inactive players will automatically lose when time's up. (requested by viatles)
|c|☆JCTB|glhf
|inactive|viatles has 60 seconds left.
|
|t:|1783562084
|teamsize|p1|4
|teamsize|p2|4
|start
|switch|p1a: Sableye|Sableye, L50, M|100/100
|switch|p1b: Malsumas|Beedrill, L50, F, shiny|100/100
|switch|p2a: Charizard|Charizard, L50, F|100/100
|switch|p2b: Sylveon|Sylveon, L50, M|100/100
|turn|1
|
|t:|1783562099
|detailschange|p2a: Charizard|Charizard-Mega-Y, L50, F
|-mega|p2a: Charizard|Charizard|Charizardite Y
|-weather|SunnyDay|[from] ability: Drought|[of] p2a: Charizard
|detailschange|p1b: Malsumas|Beedrill-Mega, L50, F, shiny
|-mega|p1b: Malsumas|Beedrill|Beedrillite
|move|p2b: Sylveon|Detect|p2b: Sylveon
|-singleturn|p2b: Sylveon|Protect
|move|p1a: Sableye|Fake Out|p2b: Sylveon
|-activate|p2b: Sylveon|move: Protect
|move|p1b: Malsumas|U-turn|p2a: Charizard
|-resisted|p2a: Charizard|2
|-crit|p2a: Charizard
|-damage|p2a: Charizard|72/100
|
|t:|1783562109
|switch|p1b: Pentious|Milotic, L50, F, shiny|100/100|[from] U-turn
|move|p2a: Charizard|Heat Wave|p1a: Sableye|[spread] p1a,p1b
|-resisted|p1b: Pentious|1
|-damage|p1a: Sableye|22/100
|-damage|p1b: Pentious|74/100
|
|-weather|SunnyDay|[upkeep]
|-heal|p1b: Pentious|80/100|[from] item: Leftovers
|upkeep
|turn|2
|
|t:|1783562125
|move|p1a: Sableye|Rain Dance|p1a: Sableye
|-weather|RainDance
|move|p2a: Charizard|Solar Beam||[still]
|-prepare|p2a: Charizard|Solar Beam
|move|p1b: Pentious|Icy Wind|p2b: Sylveon|[spread] p2a,p2b
|-damage|p2a: Charizard|61/100
|-damage|p2b: Sylveon|91/100
|-unboost|p2a: Charizard|spe|1
|-unboost|p2b: Sylveon|spe|1
|move|p2b: Sylveon|Hyper Voice|p1a: Sableye|[spread] p1a,p1b
|-supereffective|p1a: Sableye|1
|-enditem|p1a: Sableye|Roseli Berry|[eat]
|-enditem|p1a: Sableye|Roseli Berry|[weaken]
|-damage|p1a: Sableye|0 fnt
|-damage|p1b: Pentious|45/100
|faint|p1a: Sableye
|
|-weather|RainDance|[upkeep]
|-heal|p1b: Pentious|52/100|[from] item: Leftovers
|upkeep
|
|t:|1783562139
|switch|p1a: Malsumas|Beedrill-Mega, L50, F, shiny|100/100
|turn|3
|
|t:|1783562147
|move|p1a: Malsumas|Poison Jab|p2b: Sylveon
|-supereffective|p2b: Sylveon|1
|-damage|p2b: Sylveon|0 fnt
|faint|p2b: Sylveon
|move|p1b: Pentious|Scald|p2a: Charizard
|-supereffective|p2a: Charizard|1
|-damage|p2a: Charizard|0 fnt
|faint|p2a: Charizard
|
|-weather|RainDance|[upkeep]
|-heal|p1b: Pentious|58/100|[from] item: Leftovers
|upkeep
|
|t:|1783562154
|switch|p2a: Garchomp|Garchomp, L50, F|100/100
|switch|p2b: Whimsicott|Whimsicott, L50, M|100/100
|turn|4
|
|t:|1783562172
|move|p1a: Malsumas|Protect|p1a: Malsumas
|-singleturn|p1a: Malsumas|Protect
|move|p2b: Whimsicott|Tailwind|p2b: Whimsicott
|-sidestart|p2: JCTB|move: Tailwind
|move|p2a: Garchomp|Rock Slide|p1b: Pentious|[spread] p1b
|-activate|p1a: Malsumas|move: Protect
|-damage|p1b: Pentious|35/100
|-damage|p2a: Garchomp|90/100|[from] item: Life Orb
|cant|p1b: Pentious|flinch
|
|-weather|RainDance|[upkeep]
|-heal|p1b: Pentious|41/100|[from] item: Leftovers
|upkeep
|turn|5
|inactive|viatles has 30 seconds left.
|
|t:|1783562204
|move|p2b: Whimsicott|Helping Hand|p2a: Garchomp
|-singleturn|p2a: Garchomp|Helping Hand|[of] p2b: Whimsicott
|move|p2a: Garchomp|Rock Slide|p1b: Pentious|[spread] p1a,p1b
|-supereffective|p1a: Malsumas|1
|-damage|p1a: Malsumas|0 fnt
|-damage|p1b: Pentious|10/100
|faint|p1a: Malsumas
|-damage|p2a: Garchomp|80/100|[from] item: Life Orb
|cant|p1b: Pentious|flinch
|
|-weather|RainDance|[upkeep]
|-heal|p1b: Pentious|16/100|[from] item: Leftovers
|upkeep
|
|t:|1783562222
|switch|p1a: Scatter|Talonflame, L50, F, shiny|100/100
|turn|6
|
|t:|1783562241
|move|p2b: Whimsicott|Helping Hand|p2a: Garchomp
|-singleturn|p2a: Garchomp|Helping Hand|[of] p2b: Whimsicott
|move|p1b: Pentious|Protect|p1b: Pentious
|-singleturn|p1b: Pentious|Protect
|move|p1a: Scatter|Dual Wingbeat|p2b: Whimsicott
|-supereffective|p2b: Whimsicott|1
|-damage|p2b: Whimsicott|41/100
|-supereffective|p2b: Whimsicott|1
|-damage|p2b: Whimsicott|0 fnt
|faint|p2b: Whimsicott
|-hitcount|p2: Whimsicott|2
|move|p2a: Garchomp|Rock Slide|p1b: Pentious|[spread] p1a
|-activate|p1b: Pentious|move: Protect
|-supereffective|p1a: Scatter|2
|-damage|p1a: Scatter|0 fnt
|faint|p1a: Scatter
|-damage|p2a: Garchomp|70/100|[from] item: Life Orb
|
|-weather|none
|-heal|p1b: Pentious|22/100|[from] item: Leftovers
|upkeep
|turn|7
|
|t:|1783562259
|move|p2a: Garchomp|Earthquake|p1b: Pentious
|-damage|p1b: Pentious|0 fnt
|faint|p1b: Pentious
|-damage|p2a: Garchomp|61/100|[from] item: Life Orb
|
|win|JCTB
||JCTB is ready for game 2.
