|j|☆Silverized
|j|☆eevee1ynn
|html|Silverizedeevee1ynn    
|uhtml|bestof|Game 2 of a best-of-3
|t:|1783904540
|gametype|doubles
|player|p1|Silverized|paxton|
|player|p2|eevee1ynn|serena-masters3|
|gen|9
|tier|[Gen 9 Champions] VGC 2026 Reg M-B (Bo3)
|rule|Species Clause: Limit one of each Pokémon
|rule|Item Clause: Limit 1 of each item
|clearpoke
|poke|p1|Raichu, L50, F|
|poke|p1|Grimmsnarl, L50, M|
|poke|p1|Pelipper, L50, F, shiny|
|poke|p1|Archaludon, L50, F|
|poke|p1|Gholdengo, L50|
|poke|p1|Maushold, L50|
|poke|p2|Kangaskhan, L50, F|
|poke|p2|Ceruledge, L50, M|
|poke|p2|Ninetales-Alola, L50, M|
|poke|p2|Sinistcha, L50|
|poke|p2|Dragonite, L50, F|
|poke|p2|Raichu, L50, F|
|teampreview|4
|showteam|p1|Raichu||RaichuniteX|LightningRod|FakeOut,RisingVoltage,Nuzzle,Protect|Timid||F|||50|]Grimmsnarl||LightClay|Prankster|SpiritBreak,LightScreen,Reflect,PartingShot|Careful||M|||50|]Pelipper||SitrusBerry|Drizzle|WeatherBall,Hurricane,Protect,WideGuard|Bold||F|||50|]Archaludon||Leftovers|Stamina|ElectroShot,DragonPulse,FlashCannon,Protect|Modest||F|||50|]Gholdengo||LifeOrb|GoodasGold|MakeItRain,ShadowBall,NastyPlot,Protect|Modest|||||50|]Maushold||WideLens|Technician|PopulationBomb,Feint,FollowMe,Protect|Jolly|||||50|
|showteam|p2|Kangaskhan||Kangaskhanite|Scrappy|DoubleEdge,DrainPunch,SuckerPunch,FakeOut|Adamant||F|||50|]Ceruledge||ColburBerry|FlashFire|Protect,BitterBlade,ShadowSneak,BulkUp|Adamant||M|||50|]Ninetales-Alola||NeverMeltIce|SnowWarning|Protect,FreezeDry,IcyWind,Encore|Timid||M|||50|]Sinistcha||FocusSash|Hospitality|Protect,MatchaGotcha,Hex,RagePowder|Modest|||||50|]Dragonite||LifeOrb|InnerFocus|Protect,DragonClaw,RockSlide,ExtremeSpeed|Adamant||F|||50|]Raichu||RaichuniteY|LightningRod|Protect,ZapCannon,FocusBlast,FakeOut|Timid||F|||50|
|j| Bbob415
|j| Autin Mago
|j| VioletVeiledQueen
|j| TemporalDonut
|j| ZardiCharVGC
|
|t:|1783904584
|teamsize|p1|4
|teamsize|p2|4
|start
|switch|p1a: Pelipper|Pelipper, L50, F, shiny|100/100
|switch|p1b: Archaludon|Archaludon, L50, F|100/100
|switch|p2a: Raichu|Raichu, L50, F|100/100
|switch|p2b: Ninetales|Ninetales-Alola, L50, M|100/100
|-weather|Snowscape|[from] ability: Snow Warning|[of] p2b: Ninetales
|-weather|RainDance|[from] ability: Drizzle|[of] p1a: Pelipper
|turn|1
|
|t:|1783904613
|move|p2a: Raichu|Fake Out|p1b: Archaludon
|-resisted|p1b: Archaludon|1
|-crit|p1b: Archaludon
|-damage|p1b: Archaludon|95/100
|-ability|p1b: Archaludon|Stamina|boost
|-boost|p1b: Archaludon|def|1
|move|p1a: Pelipper|Wide Guard|p1a: Pelipper
|-singleturn|p1a: Pelipper|Wide Guard
|move|p2b: Ninetales|Freeze-Dry|p1a: Pelipper
|-supereffective|p1a: Pelipper|2
|-damage|p1a: Pelipper|0 fnt
|faint|p1a: Pelipper
|cant|p1b: Archaludon|flinch
|
|-weather|RainDance|[upkeep]
|-heal|p1b: Archaludon|100/100|[from] item: Leftovers
|upkeep
|
|t:|1783904626
|switch|p1a: Gholdengo|Gholdengo, L50|100/100
|turn|2
|l| Bbob415
|j| Bbob415
|
|t:|1783904650
|switch|p2b: Ceruledge|Ceruledge, L50, M|100/100
|detailschange|p2a: Raichu|Raichu-Mega-Y, L50, F
|-mega|p2a: Raichu|Raichu|Raichunite Y
|move|p2a: Raichu|Zap Cannon|p1a: Gholdengo
|-crit|p1a: Gholdengo
|-damage|p1a: Gholdengo|4/100
|-status|p1a: Gholdengo|par
|move|p1b: Archaludon|Dragon Pulse|p2a: Raichu
|-crit|p2a: Raichu
|-damage|p2a: Raichu|10/100
|move|p1a: Gholdengo|Make It Rain|p2b: Ceruledge|[spread] p2a,p2b
|-resisted|p2a: Raichu|1
|-resisted|p2b: Ceruledge|1
|-damage|p2a: Raichu|0 fnt
|-damage|p2b: Ceruledge|73/100
|-unboost|p1a: Gholdengo|spa|2
|faint|p2a: Raichu
|-damage|p1a: Gholdengo|0 fnt|[from] item: Life Orb
|faint|p1a: Gholdengo
|
|-weather|RainDance|[upkeep]
|upkeep
|
|t:|1783904675
|switch|p2a: Ninetales|Ninetales-Alola, L50, M|100/100
|switch|p1a: Maushold|Maushold, L50|100/100
|-weather|Snowscape|[from] ability: Snow Warning|[of] p2a: Ninetales
|turn|3
|
|t:|1783904707
|switch|p2a: Kangaskhan|Kangaskhan, L50, F|100/100
|move|p1a: Maushold|Population Bomb|p2a: Kangaskhan
|-damage|p2a: Kangaskhan|91/100
|-damage|p2a: Kangaskhan|83/100
|-damage|p2a: Kangaskhan|76/100
|-damage|p2a: Kangaskhan|67/100
|-damage|p2a: Kangaskhan|59/100
|-damage|p2a: Kangaskhan|50/100g
|-damage|p2a: Kangaskhan|42/100
|-damage|p2a: Kangaskhan|33/100
|-damage|p2a: Kangaskhan|25/100
|-damage|p2a: Kangaskhan|16/100
|-hitcount|p2a: Kangaskhan|10
|move|p1b: Archaludon|Electro Shot||[still]
|-prepare|p1b: Archaludon|Electro Shot
|-boost|p1b: Archaludon|spa|1
|move|p2b: Ceruledge|Bulk Up|p2b: Ceruledge
|-boost|p2b: Ceruledge|atk|1
|-boost|p2b: Ceruledge|def|1
|
|-weather|Snowscape|[upkeep]
|upkeep
|turn|4
|
|t:|1783904727
|move|p1a: Maushold|Protect|p1a: Maushold
|-singleturn|p1a: Maushold|Protect
|move|p2a: Kangaskhan|Fake Out|p1b: Archaludon
|-resisted|p1b: Archaludon|1
|-damage|p1b: Archaludon|96/100
|-ability|p1b: Archaludon|Stamina|boost
|-boost|p1b: Archaludon|def|1
|cant|p1b: Archaludon|flinch
|move|p2b: Ceruledge|Bitter Blade|p1a: Maushold
|-activate|p1a: Maushold|move: Protect
|
|-weather|Snowscape|[upkeep]
|-heal|p1b: Archaludon|100/100|[from] item: Leftovers
|upkeep
|turn|5
|
|t:|1783904744
|move|p2a: Kangaskhan|Sucker Punch|p1a: Maushold
|-damage|p1a: Maushold|73/100
|move|p1a: Maushold|Population Bomb|p2a: Kangaskhan
|-damage|p2a: Kangaskhan|9/100
|-damage|p2a: Kangaskhan|1/100
|-damage|p2a: Kangaskhan|0 fnt
|faint|p2a: Kangaskhan
|-hitcount|p2: Kangaskhan|3
|move|p1b: Archaludon|Dragon Pulse|p2b: Ceruledge
|-damage|p2b: Ceruledge|15/100
|move|p2b: Ceruledge|Bitter Blade|p1a: Maushold
|-damage|p1a: Maushold|0 fnt
|-heal|p2b: Ceruledge|49/100|[from] drain|[of] p1a: Maushold
|faint|p1a: Maushold
|
|-weather|Snowscape|[upkeep]
|upkeep
|
|t:|1783904749
|switch|p2a: Ninetales|Ninetales-Alola, L50, M|100/100
|turn|6
|l| ZardiCharVGC
|
|t:|1783904776
|move|p2b: Ceruledge|Protect|p2b: Ceruledge
|-singleturn|p2b: Ceruledge|Protect
|move|p2a: Ninetales|Encore|p1b: Archaludon
|-start|p1b: Archaludon|Encore
|move|p1b: Archaludon|Dragon Pulse|p2b: Ceruledge
|-activate|p2b: Ceruledge|move: Protect
|
|-weather|Snowscape|[upkeep]
|upkeep
|turn|7
|
|t:|1783904788
|move|p2b: Ceruledge|Shadow Sneak|p1b: Archaludon
|-damage|p1b: Archaludon|88/100
|-ability|p1b: Archaludon|Stamina|boost
|-boost|p1b: Archaludon|def|1
|move|p2a: Ninetales|Freeze-Dry|p1b: Archaludon
|-damage|p1b: Archaludon|55/100
|-ability|p1b: Archaludon|Stamina|boost
|-boost|p1b: Archaludon|def|1
|move|p1b: Archaludon|Dragon Pulse|p2b: Ceruledge
|-crit|p2b: Ceruledge
|-damage|p2b: Ceruledge|0 fnt
|faint|p2b: Ceruledge
|
|-weather|none
|-heal|p1b: Archaludon|61/100|[from] item: Leftovers
|upkeep
|turn|8
|
|t:|1783904803
|move|p2a: Ninetales|Freeze-Dry|p1b: Archaludon
|-damage|p1b: Archaludon|30/100
|-ability|p1b: Archaludon|Stamina|boost
|-boost|p1b: Archaludon|def|1
|move|p1b: Archaludon|Dragon Pulse|p2a: Ninetales
|-immune|p2a: Ninetales
|
|-heal|p1b: Archaludon|36/100|[from] item: Leftovers
|-end|p1b: Archaludon|Encore
|upkeep
|turn|9
|
|t:|1783904807
|move|p2a: Ninetales|Encore|p1b: Archaludon
|-start|p1b: Archaludon|Encore
|move|p1b: Archaludon|Dragon Pulse|p2a: Ninetales
|-immune|p2a: Ninetales
|
|-heal|p1b: Archaludon|43/100|[from] item: Leftovers
|upkeep
|turn|10
|
|t:|1783904812
|move|p2a: Ninetales|Freeze-Dry|p1b: Archaludon
|-damage|p1b: Archaludon|7/100
|-ability|p1b: Archaludon|Stamina|boost
|-boost|p1b: Archaludon|def|1
|move|p1b: Archaludon|Dragon Pulse|p2a: Ninetales
|-immune|p2a: Ninetales
|
|-heal|p1b: Archaludon|13/100|[from] item: Leftovers
|upkeep
|turn|11
|j| ZardiCharVGC
|
|t:|1783904816
|move|p2a: Ninetales|Freeze-Dry|p1b: Archaludon
|-damage|p1b: Archaludon|0 fnt
|faint|p1b: Archaludon
|
|win|eevee1ynn
