|j|☆ApostrofoRosaVGC
|j|☆ShrekBK
|html|ApostrofoRosaVGCShrekBK    
|uhtml|bestof|Game 2 of a best-of-3
|t:|1755709412
|gametype|doubles
|player|p1|ApostrofoRosaVGC|1|1306
|player|p2|ShrekBK|lucas|1428
|gen|9
|tier|[Gen 9] VGC 2025 Reg H (Bo3)
|rated|
|rule|Species Clause: Limit one of each Pokémon
|rule|Item Clause: Limit 1 of each item
|clearpoke
|poke|p1|Gholdengo, L50|
|poke|p1|Archaludon, L50, M|
|poke|p1|Dragonite, L50, M|
|poke|p1|Pelipper, L50, M|
|poke|p1|Maushold-Four, L50|
|poke|p1|Grimmsnarl, L50, M|
|poke|p2|Archaludon, L50, M|
|poke|p2|Gholdengo, L50|
|poke|p2|Garchomp, L50, M|
|poke|p2|Flamigo, L50, M|
|poke|p2|Murkrow, L50, F|
|poke|p2|Maushold, L50|
|teampreview|4
|showteam|p1|Gholdengo||LifeOrb|GoodasGold|MakeItRain,ShadowBall,NastyPlot,Protect||||||50|,,,,,Water]Archaludon||AssaultVest|Stamina|DragonPulse,ElectroShot,BodyPress,Snarl|||M|||50|,,,,,Bug]Dragonite||LoadedDice|Multiscale|ScaleShot,ExtremeSpeed,Tailwind,Protect|||M|||50|,,,,,Steel]Pelipper||FocusSash|Drizzle|WeatherBall,Hurricane,Tailwind,Protect|||M|||50|,,,,,Ground]Maushold-Four||SafetyGoggles|FriendGuard|SuperFang,BeatUp,FollowMe,Protect||||||50|,,,,,Ghost]Grimmsnarl||LightClay|Prankster|SpiritBreak,ThunderWave,Reflect,LightScreen|||M|||50|,,,,,Ghost
|showteam|p2|Archaludon||AssaultVest|Stamina|BodyPress,DracoMeteor,ElectroShot,FlashCannon|||M|||50|,,,,,Grass]Gholdengo||ChoiceSpecs|GoodasGold|MakeItRain,Trick,ShadowBall,TeraBlast||||||50|,,,,,Water]Garchomp||LifeOrb|RoughSkin|Earthquake,DragonClaw,StompingTantrum,Protect|||M|||50|,,,,,Ground]Flamigo||FocusSash|Scrappy|CloseCombat,DualWingbeat,Feint,Protect|||M|||50|,,,,,Ghost]Murkrow||Eviolite|Prankster|FoulPlay,Tailwind,RainDance,Haze|||F|||50|,,,,,Ghost]Maushold||WideLens|Technician|PopulationBomb,Taunt,FollowMe,Protect||||||50|,,,,,Ghost
|
|t:|1755709444
|teamsize|p1|4
|teamsize|p2|4
|start
|switch|p1a: Pelipper|Pelipper, L50, M|100/100
|switch|p1b: Archaludon|Archaludon, L50, M|100/100
|switch|p2a: Gholdengo|Gholdengo, L50|100/100
|switch|p2b: Murkrow|Murkrow, L50, F|100/100
|-weather|RainDance|[from] ability: Drizzle|[of] p1a: Pelipper
|turn|1
|
|t:|1755709458
|-terastallize|p2b: Murkrow|Ghost
|move|p2a: Gholdengo|Shadow Ball|p1a: Pelipper
|-enditem|p1a: Pelipper|Focus Sash
|-damage|p1a: Pelipper|1/100
|move|p2b: Murkrow|Foul Play|p1a: Pelipper
|-damage|p1a: Pelipper|0 fnt
|faint|p1a: Pelipper
|move|p1b: Archaludon|Electro Shot||[still]
|-prepare|p1b: Archaludon|Electro Shot
|-boost|p1b: Archaludon|spa|1
|-anim|p1b: Archaludon|Electro Shot|p2b: Murkrow
|-damage|p2b: Murkrow|33/100
|
|-weather|RainDance|[upkeep]
|upkeep
|
|t:|1755709470
|switch|p1a: Dragonite|Dragonite, L50, M|100/100
|turn|2
|
|t:|1755709483
|move|p1a: Dragonite|Protect|p1a: Dragonite
|-singleturn|p1a: Dragonite|Protect
|move|p2b: Murkrow|Tailwind|p2b: Murkrow
|-sidestart|p2: ShrekBK|move: Tailwind
|move|p2a: Gholdengo|Shadow Ball|p1a: Dragonite
|-activate|p1a: Dragonite|move: Protect
|move|p1b: Archaludon|Snarl|p2a: Gholdengo|[spread] p2a,p2b
|-supereffective|p2a: Gholdengo
|-supereffective|p2b: Murkrow
|-damage|p2a: Gholdengo|56/100
|-damage|p2b: Murkrow|0 fnt
|-unboost|p2a: Gholdengo|spa|1
|faint|p2b: Murkrow
|
|-weather|RainDance|[upkeep]
|upkeep
|
|t:|1755709488
|switch|p2b: Flamigo|Flamigo, L50, M|100/100
|turn|3
|
|t:|1755709508
|move|p2b: Flamigo|Protect|p2b: Flamigo
|-singleturn|p2b: Flamigo|Protect
|move|p2a: Gholdengo|Shadow Ball|p1a: Dragonite
|-damage|p1a: Dragonite|74/100
|move|p1a: Dragonite|Scale Shot|p2b: Flamigo
|-activate|p2b: Flamigo|move: Protect
|move|p1b: Archaludon|Snarl|p2a: Gholdengo|[spread] p2a
|-activate|p2b: Flamigo|move: Protect
|-supereffective|p2a: Gholdengo
|-damage|p2a: Gholdengo|14/100
|-unboost|p2a: Gholdengo|spa|1
|
|-weather|RainDance|[upkeep]
|upkeep
|turn|4
|
|t:|1755709539
|switch|p2a: Garchomp|Garchomp, L50, M|100/100
|-terastallize|p1b: Archaludon|Bug
|move|p1a: Dragonite|Extreme Speed|p2b: Flamigo
|-damage|p2b: Flamigo|60/100
|move|p2b: Flamigo|Close Combat|p1b: Archaludon
|-resisted|p1b: Archaludon
|-damage|p1b: Archaludon|80/100
|-unboost|p2b: Flamigo|def|1
|-unboost|p2b: Flamigo|spd|1
|-ability|p1b: Archaludon|Stamina|boost
|-boost|p1b: Archaludon|def|1
|move|p1b: Archaludon|Electro Shot||[still]
|-prepare|p1b: Archaludon|Electro Shot
|-boost|p1b: Archaludon|spa|1
|-anim|p1b: Archaludon|Electro Shot|p2b: Flamigo
|-supereffective|p2b: Flamigo
|-damage|p2b: Flamigo|0 fnt
|faint|p2b: Flamigo
|
|-weather|RainDance|[upkeep]
|upkeep
|
|t:|1755709543
|switch|p2b: Gholdengo|Gholdengo, L50|14/100
|turn|5
|
|t:|1755709563
|move|p1a: Dragonite|Protect|p1a: Dragonite
|-singleturn|p1a: Dragonite|Protect
|move|p2a: Garchomp|Dragon Claw|p1b: Archaludon
|-damage|p1b: Archaludon|55/100
|-ability|p1b: Archaludon|Stamina|boost
|-boost|p1b: Archaludon|def|1
|-damage|p2a: Garchomp|91/100|[from] item: Life Orb
|move|p2b: Gholdengo|Make It Rain|p1a: Dragonite|[spread] p1b
|-activate|p1a: Dragonite|move: Protect
|-damage|p1b: Archaludon|0 fnt
|-unboost|p2b: Gholdengo|spa|1
|faint|p1b: Archaludon
|
|-weather|none
|-sideend|p2: ShrekBK|move: Tailwind
|upkeep
|
|t:|1755709577
|switch|p1b: Gholdengo|Gholdengo, L50|100/100
|turn|6
|c|☆ShrekBK|gg
|
|t:|1755709597
|move|p2a: Garchomp|Stomping Tantrum|p1b: Gholdengo
|-supereffective|p1b: Gholdengo
|-damage|p1b: Gholdengo|0 fnt
|faint|p1b: Gholdengo
|-damage|p2a: Garchomp|81/100|[from] item: Life Orb
|move|p1a: Dragonite|Scale Shot|p2a: Garchomp
|-supereffective|p2a: Garchomp
|-damage|p2a: Garchomp|55/100
|-supereffective|p2a: Garchomp
|-damage|p2a: Garchomp|25/100
|-supereffective|p2a: Garchomp
|-damage|p2a: Garchomp|0 fnt
|faint|p2a: Garchomp
|-hitcount|p2: Garchomp|3
|-unboost|p1a: Dragonite|def|1
|-boost|p1a: Dragonite|spe|1
|move|p2b: Gholdengo|Make It Rain|p1a: Dragonite
|-damage|p1a: Dragonite|0 fnt
|-unboost|p2b: Gholdengo|spa|1
|faint|p1a: Dragonite
|
|win|ShrekBK
|raw|ApostrofoRosaVGC's rating: 1306 → 1293(-13 for losing)
|raw|ShrekBK's rating: 1428 → 1441(+13 for winning)
|l|☆ShrekBK
|player|p2|
