|j|☆KingCobra42
|j|☆Derocker714
|html|KingCobra42Derocker714    
|uhtml|bestof|Game 3 of a best-of-3
|t:|1783261481
|gametype|doubles
|player|p1|KingCobra42|2|
|player|p2|Derocker714|colress|
|gen|9
|tier|[Gen 9 Champions] VGC 2026 Reg M-B (Bo3)
|rule|Species Clause: Limit one of each Pokémon
|rule|Item Clause: Limit 1 of each item
|clearpoke
|poke|p1|Pelipper, L50, F, shiny|
|poke|p1|Meganium, L50, M|
|poke|p1|Mr. Rime, L50, M|
|poke|p1|Dragonite, L50, F|
|poke|p1|Archaludon, L50, F|
|poke|p1|Palafin, L50, F|
|poke|p2|Gengar, L50, M, shiny|
|poke|p2|Maushold-Four, L50|
|poke|p2|Tinkaton, L50, F|
|poke|p2|Ninetales, L50, M, shiny|
|poke|p2|Kommo-o, L50, F, shiny|
|poke|p2|Rotom-Mow, L50|
|teampreview|4
|showteam|p1|Pelipper||SitrusBerry|Drizzle|Hurricane,WideGuard,Tailwind,WeatherBall|Timid||F|||50|]Meganium||Meganiumite|Overgrow|SolarBeam,Protect,WeatherBall,DazzlingGleam|Modest||M|||50|]Mr. Rime||FocusSash|ScreenCleaner|SkillSwap,Reflect,HelpingHand,FakeOut|Bold||M|||50|]Dragonite||DragonFang|Multiscale|ExtremeSpeed,IceSpinner,DragonClaw,Protect|Serious||F|||50|]Archaludon||Leftovers|Stamina|ElectroShot,FlashCannon,DragonPulse,Protect|Modest||F|||50|]Palafin||MysticWater|ZerotoHero|WaveCrash,JetPunch,BulkUp,Protect|Adamant||F|||50|
|showteam|p2|Gengar||Gengarite|CursedBody|Protect,Disable,PerishSong,SludgeBomb|Calm||M|||50|]Maushold-Four||SitrusBerry|FriendGuard|Protect,FollowMe,Encore,SuperFang|Jolly|||||50|]Tinkaton||FocusSash|MoldBreaker|FakeOut,PlayRough,GigatonHammer,Encore|Jolly||F|||50|]Ninetales||PasshoBerry|Drought|Protect,Encore,Disable,MysticalFire|Timid||M|||50|]Kommo-o||Leftovers|Soundproof|Protect,ClangingScales,AuraSphere,ClangorousSoul|Modest||F|||50|]Rotom-Mow||ChoiceScarf|Levitate|VoltSwitch,Thunderbolt,Trick,LeafStorm|Timid|||||50|
|
|t:|1783261552
|teamsize|p1|4
|teamsize|p2|4
|start
|switch|p1a: Pelipper|Pelipper, L50, F, shiny|100/100
|switch|p1b: Mr. Rime|Mr. Rime, L50, M|100/100
|switch|p2a: Phantom Forces|Gengar, L50, M, shiny|100/100
|switch|p2b: Prize Pack 9|Tinkaton, L50, F|100/100
|-ability|p2b: Prize Pack 9|Mold Breaker
|-weather|RainDance|[from] ability: Drizzle|[of] p1a: Pelipper
|turn|1
|
|t:|1783261594
|detailschange|p2a: Phantom Forces|Gengar-Mega, L50, M, shiny
|-mega|p2a: Phantom Forces|Gengar|Gengarite
|move|p2b: Prize Pack 9|Fake Out|p1a: Pelipper
|-damage|p1a: Pelipper|86/100
|move|p2a: Phantom Forces|Sludge Bomb|p1a: Pelipper
|-damage|p1a: Pelipper|7/100
|-enditem|p1a: Pelipper|Sitrus Berry|[eat]
|-heal|p1a: Pelipper|32/100|[from] item: Sitrus Berry
|cant|p1a: Pelipper|flinch
|move|p1b: Mr. Rime|Reflect|p1b: Mr. Rime
|-sidestart|p1: KingCobra42|Reflect
|
|-weather|RainDance|[upkeep]
|upkeep
|turn|2
|
|t:|1783261633
|move|p2a: Phantom Forces|Sludge Bomb|p1a: Pelipper
|-damage|p1a: Pelipper|0 fnt
|faint|p1a: Pelipper
|move|p2b: Prize Pack 9|Encore|p1b: Mr. Rime
|-start|p1b: Mr. Rime|Encore
|move|p1b: Mr. Rime|Reflect||[still]
|-fail|p1b: Mr. Rime
|
|-weather|RainDance|[upkeep]
|upkeep
|
|t:|1783261640
|switch|p1a: Archaludon|Archaludon, L50, F|100/100
|turn|3
|
|t:|1783261662
|switch|p2b: Burning Shadows|Ninetales, L50, M, shiny|100/100
|-weather|SunnyDay|[from] ability: Drought|[of] p2b: Burning Shadows
|move|p2a: Phantom Forces|Perish Song|p2a: Phantom Forces
|-start|p1a: Archaludon|perish3|[silent]
|-start|p1b: Mr. Rime|perish3|[silent]
|-start|p2a: Phantom Forces|perish3|[silent]
|-start|p2b: Burning Shadows|perish3|[silent]
|-fieldactivate|move: Perish Song
|move|p1a: Archaludon|Electro Shot||[still]
|-prepare|p1a: Archaludon|Electro Shot
|-boost|p1a: Archaludon|spa|1
|move|p1b: Mr. Rime|Reflect||[still]
|-fail|p1b: Mr. Rime
|
|-weather|SunnyDay|[upkeep]
|-start|p2a: Phantom Forces|perish3
|-start|p2b: Burning Shadows|perish3
|-start|p1a: Archaludon|perish3
|-start|p1b: Mr. Rime|perish3
|upkeep
|turn|4
|
|t:|1783261680
|move|p2a: Phantom Forces|Disable|p1a: Archaludon
|-start|p1a: Archaludon|Disable|Electro Shot
|move|p2b: Burning Shadows|Encore|p1a: Archaludon
|-start|p1a: Archaludon|Encore
|cant|p1a: Archaludon|Disable|Electro Shot
|move|p1b: Mr. Rime|Reflect||[still]
|-fail|p1b: Mr. Rime
|
|-weather|SunnyDay|[upkeep]
|-end|p1b: Mr. Rime|Encore
|-start|p2a: Phantom Forces|perish2
|-start|p2b: Burning Shadows|perish2
|-start|p1a: Archaludon|perish2
|-start|p1b: Mr. Rime|perish2
|upkeep
|turn|5
|
|t:|1783261704
|switch|p2b: Double Crisis|Maushold-Four, L50|100/100
|move|p2a: Phantom Forces|Protect|p2a: Phantom Forces
|-singleturn|p2a: Phantom Forces|Protect
|-activate|p1a: Archaludon|move: Struggle
|move|p1a: Archaludon|Struggle|p2a: Phantom Forces
|-activate|p2a: Phantom Forces|move: Protect
|move|p1b: Mr. Rime|Skill Swap|p2a: Phantom Forces
|-activate|p2a: Phantom Forces|move: Protect
|
|-weather|SunnyDay|[upkeep]
|-start|p2a: Phantom Forces|perish1
|-start|p1a: Archaludon|perish1
|-start|p1b: Mr. Rime|perish1
|-sideend|p1: KingCobra42|Reflect
|upkeep
|turn|6
|
|t:|1783261737
|switch|p2a: Burning Shadows|Ninetales, L50, M, shiny|100/100
|move|p2b: Double Crisis|Follow Me|p2b: Double Crisis
|-singleturn|p2b: Double Crisis|move: Follow Me
|-activate|p1a: Archaludon|move: Struggle
|move|p1a: Archaludon|Struggle|p2b: Double Crisis
|-damage|p2b: Double Crisis|84/100
|-damage|p1a: Archaludon|75/100|[from] recoil
|move|p1b: Mr. Rime|Skill Swap|p2b: Double Crisis
|-activate|p1b: Mr. Rime|Skill Swap|Friend Guard|Screen Cleaner|[of] p2b: Double Crisis
|
|-weather|SunnyDay|[upkeep]
|-heal|p1a: Archaludon|81/100|[from] item: Leftovers
|-end|p1a: Archaludon|Encore
|-start|p1a: Archaludon|perish0
|-start|p1b: Mr. Rime|perish0
|upkeep
|faint|p1a: Archaludon
|faint|p1b: Mr. Rime
|
|t:|1783261745
|switch|p1a: Dragonite|Dragonite, L50, F|100/100
|turn|7
|
|t:|1783261764
|switch|p2b: Phantom Forces|Gengar-Mega, L50, M, shiny|100/100
|move|p1a: Dragonite|Protect|p1a: Dragonite
|-singleturn|p1a: Dragonite|Protect
|move|p2a: Burning Shadows|Mystical Fire|p1a: Dragonite
|-activate|p1a: Dragonite|move: Protect
|
|-weather|none
|upkeep
|turn|8
|
|t:|1783261779
|move|p2b: Phantom Forces|Sludge Bomb|p1a: Dragonite
|-crit|p1a: Dragonite
|-damage|p1a: Dragonite|57/100
|move|p2a: Burning Shadows|Encore|p1a: Dragonite
|-start|p1a: Dragonite|Encore
|move|p1a: Dragonite|Protect||[still]
|-fail|p1a: Dragonite
|
|upkeep
|turn|9
|-message|KingCobra42 forfeited.
|
|win|Derocker714
|l|☆KingCobra42
|player|p1|
