|j|☆lux raymundi
|j|☆Kennedywuzhere
|html|lux raymundiKennedywuzhere    
|uhtml|bestof|Game 1 of a best-of-3
|t:|1786159765
|gametype|doubles
|player|p1|lux raymundi|169|1245
|player|p2|Kennedywuzhere|101|1139
|gen|9
|tier|[Gen 9 Champions] VGC 2026 Reg M-B (Bo3)
|rated|
|rule|Species Clause: Limit one of each Pokémon
|rule|Item Clause: Limit 1 of each item
|clearpoke
|poke|p1|Staraptor, L50, F|
|poke|p1|Arcanine-Hisui, L50, M|
|poke|p1|Kingambit, L50, F|
|poke|p1|Raichu, L50, F|
|poke|p1|Farigiraf, L50, F|
|poke|p1|Sylveon, L50, F|
|poke|p2|Annihilape, L50, M, shiny|
|poke|p2|Charizard, L50, F, shiny|
|poke|p2|Sinistcha-Masterpiece, L50, shiny|
|poke|p2|Staraptor, L50, F|
|poke|p2|Sneasler, L50, F, shiny|
|poke|p2|Umbreon, L50, F, shiny|
|teampreview|4
|showteam|p1|Staraptor||Staraptite|Intimidate|DualWingbeat,CloseCombat,Tailwind,Protect|Jolly||F|||50|]Arcanine-Hisui||FocusSash|RockHead|FlareBlitz,HeadSmash,ExtremeSpeed,Protect|Jolly||M|||50|]Kingambit||LifeOrb|Defiant|KowtowCleave,SuckerPunch,SwordsDance,Protect|Adamant||F|||50|]Raichu||RaichuniteY|LightningRod|ZapCannon,FocusBlast,FakeOut,Protect|Timid||F|||50|]Farigiraf||SitrusBerry|ArmorTail|Psychic,HelpingHand,TrickRoom,Protect|Calm||F|||50|]Sylveon||FairyFeather|Pixilate|HyperVoice,HyperBeam,QuickAttack,Detect|Modest||F|||50|
|showteam|p2|Annihilape||ChoiceScarf|Defiant|Earthquake,DrainPunch,RageFist,PoisonJab|Adamant||M|||50|]Charizard||CharizarditeY|Blaze|HeatWave,FocusBlast,Protect,IronTail|Timid||F|||50|]Sinistcha-Masterpiece||KingsRock|Hospitality|MatchaGotcha,RagePowder,Protect,ShadowBall|Timid|||||50|]Staraptor||Staraptite|Intimidate|CloseCombat,Protect,DualWingbeat,Roost|Adamant||F|||50|]Sneasler||WhiteHerb|Unburden|CloseCombat,DireClaw,FakeOut,Toxic|Careful||F|||50|]Umbreon||Leftovers|Synchronize|Wish,Yawn,Charm,Snarl|Bold||F|||50|
|
|t:|1786159781
|teamsize|p1|4
|teamsize|p2|4
|start
|switch|p1a: Raichu|Raichu, L50, F|100/100
|switch|p1b: Staraptor|Staraptor, L50, F|100/100
|switch|p2a: Staraptor|Staraptor, L50, F|100/100
|switch|p2b: Umbreon|Umbreon, L50, F, shiny|100/100
|-ability|p1b: Staraptor|Intimidate|boost
|-unboost|p2a: Staraptor|atk|1
|-unboost|p2b: Umbreon|atk|1
|-ability|p2a: Staraptor|Intimidate|boost
|-unboost|p1a: Raichu|atk|1
|-unboost|p1b: Staraptor|atk|1
|turn|1
|
|t:|1786159816
|detailschange|p1a: Raichu|Raichu-Mega-Y, L50, F
|-mega|p1a: Raichu|Raichu|Raichunite Y
|detailschange|p2a: Staraptor|Staraptor-Mega, L50, F
|-mega|p2a: Staraptor|Staraptor|Staraptite
|move|p2a: Staraptor|Protect|p2a: Staraptor
|-singleturn|p2a: Staraptor|Protect
|move|p1a: Raichu|Zap Cannon|p2b: Umbreon
|-damage|p2b: Umbreon|60/100
|-status|p2b: Umbreon|par
|-activate|p2b: Umbreon|ability: Synchronize
|-immune|p1a: Raichu
|move|p1b: Staraptor|Tailwind|p1b: Staraptor
|-sidestart|p1: lux raymundi|move: Tailwind
|move|p2b: Umbreon|Yawn|p1a: Raichu
|-start|p1a: Raichu|move: Yawn|[of] p2b: Umbreon
|
|-heal|p2b: Umbreon|66/100 par|[from] item: Leftovers
|upkeep
|turn|2
|
|t:|1786159874
|move|p1a: Raichu|Zap Cannon|p2a: Staraptor
|-supereffective|p2a: Staraptor|1
|-damage|p2a: Staraptor|0 fnt
|faint|p2a: Staraptor
|move|p1b: Staraptor|Dual Wingbeat|p2b: Umbreon
|-damage|p2b: Umbreon|58/100 par
|-damage|p2b: Umbreon|50/100y par
|-hitcount|p2b: Umbreon|2
|move|p2b: Umbreon|Charm|p1b: Staraptor
|-unboost|p1b: Staraptor|atk|2
|
|-heal|p2b: Umbreon|56/100 par|[from] item: Leftovers
|-end|p1a: Raichu|move: Yawn|[silent]
|-status|p1a: Raichu|slp
|upkeep
|
|t:|1786159891
|switch|p2a: Annihilape|Annihilape, L50, M, shiny|100/100
|turn|3
|
|t:|1786159920
|switch|p1a: Sylveon|Sylveon, L50, F|100/100
|move|p1b: Staraptor|Protect|p1b: Staraptor
|-singleturn|p1b: Staraptor|Protect
|move|p2a: Annihilape|Rage Fist|p1a: Sylveon
|-damage|p1a: Sylveon|69/100
|cant|p2b: Umbreon|par
|
|-heal|p2b: Umbreon|62/100 par|[from] item: Leftovers
|upkeep
|turn|4
|
|t:|1786159944
|move|p1b: Staraptor|Dual Wingbeat|p2a: Annihilape
|-supereffective|p2a: Annihilape|1
|-damage|p2a: Annihilape|86/100
|-supereffective|p2a: Annihilape|1
|-damage|p2a: Annihilape|72/100
|-hitcount|p2a: Annihilape|2
|move|p1a: Sylveon|Hyper Voice|p2a: Annihilape|[spread] p2a,p2b
|-supereffective|p2a: Annihilape|1
|-supereffective|p2b: Umbreon|1
|-damage|p2a: Annihilape|0 fnt
|-damage|p2b: Umbreon|0 fnt
|faint|p2a: Annihilape
|faint|p2b: Umbreon
|
|-sideend|p1: lux raymundi|move: Tailwind
|upkeep
|
|t:|1786159953
|switch|p2b: Sinistcha|Sinistcha-Masterpiece, L50, shiny|100/100
|turn|5
|
|t:|1786159977
|move|p1b: Staraptor|Dual Wingbeat|p2b: Sinistcha
|-supereffective|p2b: Sinistcha|1
|-damage|p2b: Sinistcha|83/100
|-supereffective|p2b: Sinistcha|1
|-damage|p2b: Sinistcha|68/100
|-hitcount|p2b: Sinistcha|2
|move|p2b: Sinistcha|Shadow Ball|p1a: Sylveon
|-damage|p1a: Sylveon|38/100
|move|p1a: Sylveon|Hyper Voice|p2b: Sinistcha
|-damage|p2b: Sinistcha|0 fnt
|faint|p2b: Sinistcha
|
|win|lux raymundi
