|j|Ōśåelchechin
|j|ŌśåVelascoAlvarado
|html|elchechinVelascoAlvarado    
|uhtml|bestof|Game 1 of a best-of-3
|t:|1784079758
|gametype|doubles
|player|p1|elchechin|102|
|player|p2|VelascoAlvarado|eusine|
|gen|9
|tier|[Gen 9 Champions] VGC 2026 Reg M-B (Bo3)
|rule|Species Clause: Limit one of each Pok├®mon
|rule|Item Clause: Limit 1 of each item
|clearpoke
|poke|p1|Grimmsnarl, L50, M|
|poke|p1|Swampert, L50, M|
|poke|p1|Pelipper, L50, F|
|poke|p1|Archaludon, L50, F|
|poke|p1|Sinistcha, L50|
|poke|p1|Metagross, L50|
|poke|p2|Charizard, L50, F|
|poke|p2|Floette-Eternal, L50, F|
|poke|p2|Sinistcha, L50|
|poke|p2|Garchomp, L50, M|
|poke|p2|Incineroar, L50, F|
|poke|p2|Venusaur, L50, F|
|teampreview|4
|showteam|p1|Grimmsnarl||LightClay|Prankster|FoulPlay,PartingShot,LightScreen,Reflect|Calm||M|||50|]Swampert||Swampertite|Damp|Protect,IcePunch,WaveCrash,Earthquake|Adamant||M|||50|]Pelipper||SitrusBerry|Drizzle|WideGuard,Tailwind,WeatherBall,Hurricane|Modest||F|||50|]Archaludon||Leftovers|Stamina|Protect,ElectroShot,FlashCannon,DragonPulse|Modest||F|||50|]Sinistcha||CobaBerry|Hospitality|Protect,TrickRoom,MatchaGotcha,RagePowder|Relaxed|||||50|]Metagross||Metagrossite|ClearBody|Protect,BodyPress,PsychicFangs,IronHead|Jolly|||||50|
|showteam|p2|Charizard||CharizarditeY|SolarPower|HeatWave,SolarBeam,Protect,WeatherBall|Modest||F|||50|]Floette-Eternal||Floettite|FlowerVeil|DazzlingGleam,Moonblast,Protect,CalmMind|Timid||F|||50|]Sinistcha||KasibBerry|Hospitality|MatchaGotcha,RagePowder,TrickRoom,Protect|Relaxed|||||50|]Garchomp||ChoiceScarf|RoughSkin|DragonClaw,Earthquake,RockSlide,StompingTantrum|Adamant||M|||50|]Incineroar||SitrusBerry|Intimidate|PartingShot,FakeOut,ThroatChop,FlareBlitz|Careful||F|||50|]Venusaur||FocusSash|Chlorophyll|SludgeBomb,EarthPower,SleepPowder,Protect|Timid||F|||50|
|inactive|Battle timer is ON: inactive players will automatically lose when time's up. (requested by VelascoAlvarado)
|c|Ōśåelchechin|ahora si ?
|c|ŌśåVelascoAlvarado|ahora s├Ł
|c|Ōśåelchechin|chevere!
|c|ŌśåVelascoAlvarado|dale!
|inactive|elchechin has 60 seconds left.
|inactive|VelascoAlvarado has 60 seconds left.
|inactive|elchechin has 30 seconds left.
|
|t:|1784079824
|teamsize|p1|4
|teamsize|p2|4
|start
|switch|p1a: Grimmsnarl|Grimmsnarl, L50, M|100/100
|switch|p1b: Swampert|Swampert, L50, M|100/100
|switch|p2a: Charizard|Charizard, L50, F|100/100
|switch|p2b: Venusaur|Venusaur, L50, F|100/100
|turn|1
|inactive|elchechin has 30 seconds left.
|
|t:|1784079852
|switch|p1b: Pelipper|Pelipper, L50, F|100/100
|-weather|RainDance|[from] ability: Drizzle|[of] p1b: Pelipper
|move|p2a: Charizard|Protect|p2a: Charizard
|-singleturn|p2a: Charizard|Protect
|move|p1a: Grimmsnarl|Light Screen|p1a: Grimmsnarl
|-sidestart|p1: elchechin|move: Light Screen
|move|p2b: Venusaur|Sleep Powder|p1a: Grimmsnarl
|-status|p1a: Grimmsnarl|slp|[from] move: Sleep Powder
|
|-weather|RainDance|[upkeep]
|upkeep
|turn|2
|inactive|elchechin has 30 seconds left.
|inactive|VelascoAlvarado has 30 seconds left.
|inactive|elchechin has 20 seconds left.
|inactive|elchechin has 15 seconds left.
|inactive|elchechin has 10 seconds left.
|inactive|elchechin has 5 seconds left.
|
|t:|1784079904
|switch|p1a: Archaludon|Archaludon, L50, F|100/100
|detailschange|p2a: Charizard|Charizard-Mega-Y, L50, F
|-mega|p2a: Charizard|Charizard|Charizardite Y
|-weather|SunnyDay|[from] ability: Drought|[of] p2a: Charizard
|move|p2b: Venusaur|Sludge Bomb|p1b: Pelipper
|-damage|p1b: Pelipper|66/100
|-status|p1b: Pelipper|psn
|move|p2a: Charizard|Heat Wave|p1b: Pelipper|[spread] p1a,p1b
|-resisted|p1b: Pelipper|1
|-damage|p1a: Archaludon|62/100
|-damage|p1b: Pelipper|40/100 psn
|-status|p1a: Archaludon|brn
|-ability|p1a: Archaludon|Stamina|boost
|-boost|p1a: Archaludon|def|1
|-enditem|p1b: Pelipper|Sitrus Berry|[eat]
|-heal|p1b: Pelipper|65/100 psn|[from] item: Sitrus Berry
|move|p1b: Pelipper|Tailwind|p1b: Pelipper
|-sidestart|p1: elchechin|move: Tailwind
|
|-weather|SunnyDay|[upkeep]
|-heal|p1a: Archaludon|69/100 brn|[from] item: Leftovers
|-damage|p1b: Pelipper|53/100 psn|[from] psn
|-damage|p1a: Archaludon|62/100 brn|[from] brn
|upkeep
|turn|3
|inactive|elchechin has 30 seconds left.
|inactive|VelascoAlvarado has 30 seconds left.
|inactive|elchechin has 20 seconds left.
|inactive|elchechin has 15 seconds left.
|
|t:|1784079944
|switch|p1a: Swampert|Swampert, L50, M|100/100
|move|p2b: Venusaur|Earth Power|p1b: Pelipper
|-immune|p1b: Pelipper
|move|p1b: Pelipper|Weather Ball|p2b: Venusaur
|-supereffective|p2b: Venusaur|1
|-damage|p2b: Venusaur|15/100
|move|p2a: Charizard|Solar Beam||[still]
|-prepare|p2a: Charizard|Solar Beam
|-anim|p2a: Charizard|Solar Beam|p1b: Pelipper
|-damage|p1b: Pelipper|17/100 psn
|
|-weather|SunnyDay|[upkeep]
|-damage|p1b: Pelipper|5/100 psn|[from] psn
|upkeep
|turn|4
|inactive|elchechin has 30 seconds left.
|
|t:|1784079973
|switch|p1b: Archaludon|Archaludon, L50, F|62/100 brn
|detailschange|p1a: Swampert|Swampert-Mega, L50, M
|-mega|p1a: Swampert|Swampert|Swampertite
|move|p2b: Venusaur|Sleep Powder|p1a: Swampert
|-status|p1a: Swampert|slp|[from] move: Sleep Powder
|cant|p1a: Swampert|slp
|move|p2a: Charizard|Heat Wave|p1b: Archaludon|[spread] p1a,p1b
|-resisted|p1a: Swampert|1
|-damage|p1a: Swampert|81/100 slp
|-damage|p1b: Archaludon|24/100 brn
|-ability|p1b: Archaludon|Stamina|boost
|-boost|p1b: Archaludon|def|1
|
|-weather|SunnyDay|[upkeep]
|-heal|p1b: Archaludon|30/100 brn|[from] item: Leftovers
|-damage|p1b: Archaludon|24/100 brn|[from] brn
|upkeep
|turn|5
|
|t:|1784079995
|switch|p2b: Incineroar|Incineroar, L50, F|100/100
|-ability|p2b: Incineroar|Intimidate|boost
|-unboost|p1a: Swampert|atk|1
|-unboost|p1b: Archaludon|atk|1
|switch|p1a: Pelipper|Pelipper, L50, F|5/100 psn
|-weather|RainDance|[from] ability: Drizzle|[of] p1a: Pelipper
|move|p2a: Charizard|Protect|p2a: Charizard
|-singleturn|p2a: Charizard|Protect
|move|p1b: Archaludon|Electro Shot||[still]
|-prepare|p1b: Archaludon|Electro Shot
|-boost|p1b: Archaludon|spa|1
|-anim|p1b: Archaludon|Electro Shot|p2a: Charizard
|-activate|p2a: Charizard|move: Protect
|
|-weather|RainDance|[upkeep]
|-heal|p1b: Archaludon|30/100 brn|[from] item: Leftovers
|-damage|p1a: Pelipper|0 fnt|[from] psn
|faint|p1a: Pelipper
|-damage|p1b: Archaludon|24/100 brn|[from] brn
|-sideend|p1: elchechin|move: Tailwind
|upkeep
|
|t:|1784080017
|switch|p1a: Swampert|Swampert-Mega, L50, M|81/100 slp
|turn|6
|inactive|elchechin has 30 seconds left.
|inactive|elchechin has 20 seconds left.
|
|t:|1784080057
|switch|p2a: Garchomp|Garchomp, L50, M|100/100
|move|p2b: Incineroar|Fake Out|p1b: Archaludon
|-resisted|p1b: Archaludon|1
|-damage|p1b: Archaludon|21/100 brn
|-ability|p1b: Archaludon|Stamina|boost
|-boost|p1b: Archaludon|def|1
|cant|p1a: Swampert|slp
|cant|p1b: Archaludon|flinch
|
|-weather|RainDance|[upkeep]
|-heal|p1b: Archaludon|27/100 brn|[from] item: Leftovers
|-damage|p1b: Archaludon|21/100 brn|[from] brn
|upkeep
|turn|7
|
|t:|1784080081
|switch|p2b: Charizard|Charizard-Mega-Y, L50, F|100/100
|-weather|SunnyDay|[from] ability: Drought|[of] p2b: Charizard
|move|p2a: Garchomp|Earthquake|p1a: Swampert|[spread] p1a,p1b
|-immune|p2b: Charizard
|-supereffective|p1b: Archaludon|1
|-damage|p1a: Swampert|44/100 slp
|-damage|p1b: Archaludon|0 fnt
|faint|p1b: Archaludon
|-curestatus|p1a: Swampert|slp|[msg]
|move|p1a: Swampert|Ice Punch|p2a: Garchomp
|-supereffective|p2a: Garchomp|2
|-damage|p2a: Garchomp|0 fnt
|-damage|p1a: Swampert|31/100|[from] ability: Rough Skin|[of] p2a: Garchomp
|faint|p2a: Garchomp
|
|-weather|SunnyDay|[upkeep]
|upkeep
|
|t:|1784080101
|switch|p2a: Incineroar|Incineroar, L50, F|100/100
|switch|p1b: Grimmsnarl|Grimmsnarl, L50, M|100/100 slp
|-ability|p2a: Incineroar|Intimidate|boost
|-unboost|p1a: Swampert|atk|1
|-unboost|p1b: Grimmsnarl|atk|1
|turn|8
|
|t:|1784080113
|move|p1a: Swampert|Protect|p1a: Swampert
|-singleturn|p1a: Swampert|Protect
|move|p2a: Incineroar|Fake Out|p1b: Grimmsnarl
|-damage|p1b: Grimmsnarl|88/100 slp
|cant|p1b: Grimmsnarl|slp
|move|p2b: Charizard|Weather Ball|p1b: Grimmsnarl
|-damage|p1b: Grimmsnarl|34/100 slp
|
|-weather|SunnyDay|[upkeep]
|-sideend|p1: elchechin|move: Light Screen
|upkeep
|turn|9
|
|t:|1784080132
|move|p2b: Charizard|Solar Beam||[still]
|-prepare|p2b: Charizard|Solar Beam
|-anim|p2b: Charizard|Solar Beam|p1a: Swampert
|-supereffective|p1a: Swampert|2
|-damage|p1a: Swampert|0 fnt
|faint|p1a: Swampert
|move|p2a: Incineroar|Flare Blitz|p1b: Grimmsnarl
|-damage|p1b: Grimmsnarl|0 fnt
|faint|p1b: Grimmsnarl
|-damage|p2a: Incineroar|88/100|[from] Recoil
|
|win|VelascoAlvarado
|inactive|elchechin has 30 seconds to confirm battle start!
|inactive|VelascoAlvarado has 30 seconds to confirm battle start!
||VelascoAlvarado is ready for game 2.
|inactive|elchechin has 20 seconds to confirm battle start!
|c|Ōśåelchechin|guardastes el replay?
|inactive|elchechin has 10 seconds to confirm battle start!
|l|Ōśåelchechin
|player|p1|
