|j|☆Jowell h
|j|☆TehCruzeFan123
|html|Jowell hTehCruzeFan123    
|uhtml|bestof|Game 1 of a best-of-3
|t:|1784949507
|gametype|doubles
|player|p1|Jowell h|266|1000
|player|p2|TehCruzeFan123|guzma|1000
|gen|9
|tier|[Gen 9 Champions] VGC 2026 Reg M-B (Bo3)
|rated|
|rule|Species Clause: Limit one of each Pokémon
|rule|Item Clause: Limit 1 of each item
|clearpoke
|poke|p1|Sylveon, L50, M|
|poke|p1|Farigiraf, L50, M|
|poke|p1|Aerodactyl, L50, M|
|poke|p1|Garchomp, L50, F|
|poke|p1|Scrafty, L50, F|
|poke|p1|Chesnaught, L50, M|
|poke|p2|Aerodactyl, L50, F|
|poke|p2|Hippowdon, L50, F|
|poke|p2|Gholdengo, L50|
|poke|p2|Sneasler, L50, M|
|poke|p2|Basculegion, L50, M|
|poke|p2|Floette-Eternal, L50, F|
|teampreview|4
|showteam|p1|Sylveon||FairyFeather|Pixilate|HyperVoice,HyperBeam,QuickAttack,Protect|Bold||M|||50|]Farigiraf||MentalHerb|ArmorTail|TwinBeam,Thunder,TrickRoom,Protect|Bold||M|||50|]Aerodactyl||Aerodactylite|RockHead|Tailwind,IronHead,RockSlide,Protect|Jolly||M|||50|]Garchomp||Garchompite|SandVeil|DragonClaw,Earthquake,RockSlide,Protect|Impish||F|||50|]Scrafty||Scraftinite|Intimidate|FakeOut,CloseCombat,KnockOff,Protect|Adamant||F|||50|]Chesnaught||Chesnaughtite|Bulletproof|IronDefense,DrainPunch,BodyPress,SpikyShield|Adamant||M|||50|
|showteam|p2|Aerodactyl||Aerodactylite|RockHead|DualWingbeat,RockSlide,IceFang,Tailwind|Jolly||F|||50|]Hippowdon||Leftovers|SandStream|Protect,Yawn,HighHorsepower,StoneEdge|Adamant||F|||50|]Gholdengo||FocusSash|GoodasGold|Protect,MakeItRain,ShadowBall,NastyPlot|Modest|||||50|]Sneasler||WhiteHerb|Unburden|Protect,FakeOut,CloseCombat,DireClaw|Jolly||M|||50|]Basculegion||KasibBerry|Adaptability|Protect,WaveCrash,LastRespects,AquaJet|Adamant||M|||50|]Floette-Eternal||Floettite|FlowerVeil|Protect,Moonblast,DazzlingGleam,LightofRuin|Timid||F|||50|
|inactive|Battle timer is ON: inactive players will automatically lose when time's up. (requested by TehCruzeFan123)
|inactive|Jowell h has 60 seconds left.
|inactive|TehCruzeFan123 has 60 seconds left.
|inactive|Jowell h has 30 seconds left.
|inactive|Jowell h has 20 seconds left.
|inactive|Jowell h has 15 seconds left.
|inactive|Jowell h has 10 seconds left.
|inactive|Jowell h has 5 seconds left.
|
|t:|1784949598
|teamsize|p1|4
|teamsize|p2|4
|start
|switch|p1a: Aerodactyl|Aerodactyl, L50, M|100/100
|switch|p1b: Sylveon|Sylveon, L50, M|100/100
|switch|p2a: Sneasler|Sneasler, L50, M|100/100
|switch|p2b: Floette|Floette-Eternal, L50, F|100/100
|turn|1
|inactive|Jowell h has 30 seconds left.
|inactive|Jowell h has 20 seconds left.
|inactive|Jowell h has 15 seconds left.
|inactive|Jowell h has 10 seconds left.
|inactive|Jowell h has 5 seconds left.
|
|t:|1784949652
|detailschange|p1a: Aerodactyl|Aerodactyl-Mega, L50, M
|-mega|p1a: Aerodactyl|Aerodactyl|Aerodactylite
|detailschange|p2b: Floette|Floette-Mega, L50, F
|-mega|p2b: Floette|Floette|Floettite
|-ability|p2b: Floette|Fairy Aura
|move|p1a: Aerodactyl|Protect|p1a: Aerodactyl
|-singleturn|p1a: Aerodactyl|Protect
|move|p1b: Sylveon|Protect|p1b: Sylveon
|-singleturn|p1b: Sylveon|Protect
|move|p2a: Sneasler|Fake Out|p1b: Sylveon
|-activate|p1b: Sylveon|move: Protect
|move|p2b: Floette|Moonblast|p1a: Aerodactyl
|-activate|p1a: Aerodactyl|move: Protect
|
|upkeep
|turn|2
|inactive|Jowell h has 30 seconds left.
|inactive|TehCruzeFan123 has 30 seconds left.
|inactive|Jowell h has 20 seconds left.
|inactive|TehCruzeFan123 has 20 seconds left.
|inactive|Jowell h has 15 seconds left.
|inactive|TehCruzeFan123 has 15 seconds left.
|inactive|Jowell h has 10 seconds left.
|inactive|Jowell h has 5 seconds left.
|
|t:|1784949705
|switch|p2b: Hippowdon|Hippowdon, L50, F|100/100
|-weather|Sandstorm|[from] ability: Sand Stream|[of] p2b: Hippowdon
|switch|p1b: Garchomp|Garchomp, L50, F|100/100
|move|p1a: Aerodactyl|Iron Head|p2b: Hippowdon
|-damage|p2b: Hippowdon|74/100
|move|p2a: Sneasler|Dire Claw|p1b: Garchomp
|-resisted|p1b: Garchomp|1
|-damage|p1b: Garchomp|85/100
|
|-weather|Sandstorm|[upkeep]
|-damage|p2a: Sneasler|94/100|[from] Sandstorm
|-heal|p2b: Hippowdon|80/100|[from] item: Leftovers
|upkeep
|turn|3
|
|t:|1784949727
|move|p2a: Sneasler|Protect|p2a: Sneasler
|-singleturn|p2a: Sneasler|Protect
|move|p1a: Aerodactyl|Tailwind|p1a: Aerodactyl
|-sidestart|p1: Jowell h|move: Tailwind
|move|p1b: Garchomp|Earthquake|p2a: Sneasler|[spread] p2b
|-activate|p2a: Sneasler|move: Protect
|-immune|p1a: Aerodactyl
|-damage|p2b: Hippowdon|54/100
|move|p2b: Hippowdon|Yawn|p1b: Garchomp
|-start|p1b: Garchomp|move: Yawn|[of] p2b: Hippowdon
|
|-weather|Sandstorm|[upkeep]
|-damage|p2a: Sneasler|88/100|[from] Sandstorm
|-heal|p2b: Hippowdon|60/100|[from] item: Leftovers
|upkeep
|turn|4
|inactive|Jowell h has 30 seconds left.
|
|t:|1784949761
|move|p1a: Aerodactyl|Iron Head|p2a: Sneasler
|-crit|p2a: Sneasler
|-damage|p2a: Sneasler|20/100y
|move|p1b: Garchomp|Earthquake|p2b: Hippowdon|[spread] p2a,p2b
|-immune|p1a: Aerodactyl
|-supereffective|p2a: Sneasler|1
|-damage|p2a: Sneasler|0 fnt
|-damage|p2b: Hippowdon|31/100
|faint|p2a: Sneasler
|move|p2b: Hippowdon|Stone Edge|p1a: Aerodactyl
|-supereffective|p1a: Aerodactyl|1
|-damage|p1a: Aerodactyl|24/100
|
|-weather|Sandstorm|[upkeep]
|-heal|p2b: Hippowdon|37/100|[from] item: Leftovers
|-end|p1b: Garchomp|move: Yawn|[silent]
|-status|p1b: Garchomp|slp
|upkeep
|
|t:|1784949775
|switch|p2a: Basculegion|Basculegion, L50, M|100/100
|turn|5
|inactive|Jowell h has 30 seconds left.
|inactive|Jowell h has 20 seconds left.
|inactive|Jowell h has 15 seconds left.
|
|t:|1784949816
|switch|p1a: Sylveon|Sylveon, L50, M|100/100
|switch|p1b: Farigiraf|Farigiraf, L50, M|100/100
|move|p2a: Basculegion|Wave Crash|p1b: Farigiraf
|-damage|p1b: Farigiraf|36/100
|-damage|p2a: Basculegion|78/100|[from] Recoil
|move|p2b: Hippowdon|Stone Edge|p1a: Sylveon
|-damage|p1a: Sylveon|64/100
|
|-weather|Sandstorm|[upkeep]
|-damage|p1a: Sylveon|58/100|[from] Sandstorm
|-damage|p1b: Farigiraf|29/100|[from] Sandstorm
|-damage|p2a: Basculegion|72/100|[from] Sandstorm
|-heal|p2b: Hippowdon|44/100|[from] item: Leftovers
|upkeep
|turn|6
|
|t:|1784949839
|move|p1b: Farigiraf|Protect|p1b: Farigiraf
|-singleturn|p1b: Farigiraf|Protect
|move|p2a: Basculegion|Protect|p2a: Basculegion
|-singleturn|p2a: Basculegion|Protect
|move|p2b: Hippowdon|Protect|p2b: Hippowdon
|-singleturn|p2b: Hippowdon|Protect
|move|p1a: Sylveon|Hyper Voice|p2a: Basculegion|[spread] 
|-activate|p2a: Basculegion|move: Protect
|-activate|p2b: Hippowdon|move: Protect
|
|-weather|none
|-heal|p2b: Hippowdon|50/100g|[from] item: Leftovers
|-sideend|p1: Jowell h|move: Tailwind
|upkeep
|turn|7
|inactive|Jowell h has 30 seconds left.
|inactive|Jowell h has 20 seconds left.
|inactive|Jowell h has 15 seconds left.
|inactive|Jowell h has 10 seconds left.
|inactive|Jowell h has 5 seconds left.
|
|t:|1784949894
|move|p1b: Farigiraf|Protect||[still]
|-fail|p1b: Farigiraf
|move|p2a: Basculegion|Wave Crash|p1a: Sylveon
|-damage|p1a: Sylveon|0 fnt
|faint|p1a: Sylveon
|-damage|p2a: Basculegion|53/100|[from] Recoil
|move|p2b: Hippowdon|High Horsepower|p1b: Farigiraf
|-damage|p1b: Farigiraf|0 fnt
|faint|p1b: Farigiraf
|
|-heal|p2b: Hippowdon|56/100|[from] item: Leftovers
|upkeep
|-message|Jowell h forfeited.
|raw|Jowell h's rating: 1000 → 1000(+0 for losing)
|raw|TehCruzeFan123's rating: 1000 → 1040(+40 for winning)
|
|win|TehCruzeFan123
