|j|☆0 champion points
|j|☆Truevillany123
|html|0 champion pointsTruevillany123    
|uhtml|bestof|Game 3 of a best-of-3
|t:|1757087317
|gametype|doubles
|player|p1|0 champion points|170|1052
|player|p2|Truevillany123|169|1125
|gen|9
|tier|[Gen 9] VGC 2025 Reg H (Bo3)
|rated|
|rule|Species Clause: Limit one of each Pokémon
|rule|Item Clause: Limit 1 of each item
|clearpoke
|poke|p1|Ursaluna-Bloodmoon, L50, M|
|poke|p1|Gholdengo, L50|
|poke|p1|Dragonite, L50, M|
|poke|p1|Maushold-Four, L50|
|poke|p1|Annihilape, L50, M|
|poke|p1|Rillaboom, L50, M|
|poke|p2|Ursaluna-Bloodmoon, L50, M|
|poke|p2|Gholdengo, L50|
|poke|p2|Dragonite, L50, F|
|poke|p2|Sneasler, L50, F|
|poke|p2|Incineroar, L50, F|
|poke|p2|Amoonguss, L50, M|
|teampreview|4
|showteam|p1|Ursaluna-Bloodmoon||AssaultVest|MindsEye|BloodMoon,EarthPower,VacuumWave,HyperVoice|||M|||50|,,,,,Water]Gholdengo||LifeOrb|GoodasGold|Protect,MakeItRain,ShadowBall,NastyPlot||||||50|,,,,,Water]Dragonite||LoadedDice|Multiscale|ScaleShot,Tailwind,Haze,Protect|||M|||50|,,,,,Fairy]Maushold-Four||FocusSash|FriendGuard|SuperFang,FollowMe,BeatUp,Protect||||||50|,,,,,Ghost]Annihilape||SitrusBerry|Defiant|RageFist,DrainPunch,BulkUp,Protect|||M|||50|,,,,,Fire]Rillaboom||MiracleSeed|GrassySurge|WoodHammer,GrassyGlide,FakeOut,HighHorsepower|||M|||50|,,,,,Fire
|showteam|p2|Ursaluna-Bloodmoon||AssaultVest|MindsEye|BloodMoon,EarthPower,VacuumWave,HyperVoice|||M|||50|,,,,,Water]Gholdengo||LifeOrb|GoodasGold|Protect,MakeItRain,ShadowBall,NastyPlot||||||50|,,,,,Water]Dragonite||LoadedDice|Multiscale|ScaleShot,Tailwind,Haze,Protect|||F|||50|,,,,,Fairy]Sneasler||FocusSash|Unburden|Protect,DireClaw,CloseCombat,ThroatChop|||F|||50|,,,,,Stellar]Incineroar||SafetyGoggles|Intimidate|KnockOff,PartingShot,FlareBlitz,FakeOut|||F|||50|,,,,,Ghost]Amoonguss||SitrusBerry|Regenerator|RagePowder,Spore,PollenPuff,Protect|||M|||50|,,,,,Psychic
|
|t:|1757087353
|teamsize|p1|4
|teamsize|p2|4
|start
|switch|p1a: Gholdengo|Gholdengo, L50|100/100
|switch|p1b: Rillaboom|Rillaboom, L50, M|100/100
|switch|p2a: Amoonguss|Amoonguss, L50, M|100/100
|switch|p2b: Incineroar|Incineroar, L50, F|100/100
|-fieldstart|move: Grassy Terrain|[from] ability: Grassy Surge|[of] p1b: Rillaboom
|-ability|p2b: Incineroar|Intimidate|boost
|-unboost|p1a: Gholdengo|atk|1
|-unboost|p1b: Rillaboom|atk|1
|turn|1
|
|t:|1757087384
|switch|p2a: Dragonite|Dragonite, L50, F|100/100
|-terastallize|p1a: Gholdengo|Water
|-terastallize|p2b: Incineroar|Ghost
|move|p1a: Gholdengo|Nasty Plot|p1a: Gholdengo
|-boost|p1a: Gholdengo|spa|2
|move|p1b: Rillaboom|High Horsepower|p2a: Dragonite
|-immune|p2a: Dragonite
|move|p2b: Incineroar|Knock Off|p1a: Gholdengo
|-damage|p1a: Gholdengo|59/100
|-enditem|p1a: Gholdengo|Life Orb|[from] move: Knock Off|[of] p2b: Incineroar
|
|-heal|p1a: Gholdengo|65/100|[from] Grassy Terrain
|upkeep
|turn|2
|
|t:|1757087405
|switch|p2b: Sneasler|Sneasler, L50, F|100/100
|move|p2a: Dragonite|Protect|p2a: Dragonite
|-singleturn|p2a: Dragonite|Protect
|move|p1b: Rillaboom|Grassy Glide|p2a: Dragonite
|-activate|p2a: Dragonite|move: Protect
|move|p1a: Gholdengo|Make It Rain|p2b: Sneasler|[spread] p2b
|-activate|p2a: Dragonite|move: Protect
|-crit|p2b: Sneasler
|-enditem|p2b: Sneasler|Focus Sash
|-damage|p2b: Sneasler|1/100
|-unboost|p1a: Gholdengo|spa|1
|
|-heal|p2b: Sneasler|7/100|[from] Grassy Terrain
|-heal|p1a: Gholdengo|71/100|[from] Grassy Terrain
|upkeep
|turn|3
|
|t:|1757087427
|move|p2b: Sneasler|Protect|p2b: Sneasler
|-singleturn|p2b: Sneasler|Protect
|move|p1b: Rillaboom|Grassy Glide|p2a: Dragonite
|-resisted|p2a: Dragonite
|-damage|p2a: Dragonite|97/100
|move|p1a: Gholdengo|Make It Rain|p2a: Dragonite|[spread] p2a
|-activate|p2b: Sneasler|move: Protect
|-damage|p2a: Dragonite|35/100
|-unboost|p1a: Gholdengo|spa|1
|move|p2a: Dragonite|Tailwind|p2a: Dragonite
|-sidestart|p2: Truevillany123|move: Tailwind
|
|-heal|p2b: Sneasler|13/100|[from] Grassy Terrain
|-heal|p1a: Gholdengo|77/100|[from] Grassy Terrain
|upkeep
|turn|4
|
|t:|1757087446
|switch|p2b: Amoonguss|Amoonguss, L50, M|100/100
|move|p1b: Rillaboom|Grassy Glide|p2b: Amoonguss
|-resisted|p2b: Amoonguss
|-damage|p2b: Amoonguss|95/100
|move|p2a: Dragonite|Scale Shot|p1a: Gholdengo
|-crit|p1a: Gholdengo
|-damage|p1a: Gholdengo|55/100
|-damage|p1a: Gholdengo|41/100
|-damage|p1a: Gholdengo|25/100
|-damage|p1a: Gholdengo|9/100
|-damage|p1a: Gholdengo|0 fnt
|faint|p1a: Gholdengo
|-hitcount|p1: Gholdengo|5
|-unboost|p2a: Dragonite|def|1
|-boost|p2a: Dragonite|spe|1
|
|-heal|p2b: Amoonguss|100/100|[from] Grassy Terrain
|upkeep
|
|t:|1757087463
|switch|p1a: Annihilape|Annihilape, L50, M|100/100
|turn|5
|
|t:|1757087470
|move|p1a: Annihilape|Protect|p1a: Annihilape
|-singleturn|p1a: Annihilape|Protect
|move|p2a: Dragonite|Scale Shot|p1b: Rillaboom
|-damage|p1b: Rillaboom|87/100
|-damage|p1b: Rillaboom|74/100
|-damage|p1b: Rillaboom|61/100
|-damage|p1b: Rillaboom|47/100
|-hitcount|p1b: Rillaboom|4
|-unboost|p2a: Dragonite|def|1
|-boost|p2a: Dragonite|spe|1
|move|p1b: Rillaboom|Wood Hammer|p2a: Dragonite
|-resisted|p2a: Dragonite
|-damage|p2a: Dragonite|0 fnt
|faint|p2a: Dragonite
|-damage|p1b: Rillaboom|37/100|[from] Recoil
|move|p2b: Amoonguss|Spore|p1a: Annihilape
|-activate|p1a: Annihilape|move: Protect
|
|-heal|p1b: Rillaboom|43/100|[from] Grassy Terrain
|-fieldend|move: Grassy Terrain
|upkeep
|
|t:|1757087484
|switch|p2a: Sneasler|Sneasler, L50, F|13/100
|turn|6
|
|t:|1757087501
|move|p1a: Annihilape|Protect||[still]
|-fail|p1a: Annihilape
|move|p2a: Sneasler|Dire Claw|p1b: Rillaboom
|-supereffective|p1b: Rillaboom
|-damage|p1b: Rillaboom|0 fnt
|faint|p1b: Rillaboom
|move|p2b: Amoonguss|Spore|p1a: Annihilape
|-status|p1a: Annihilape|slp|[from] move: Spore
|
|-sideend|p2: Truevillany123|move: Tailwind
|upkeep
|
|t:|1757087510
|switch|p1b: Dragonite|Dragonite, L50, M|100/100
|turn|7
|
|t:|1757087521
|move|p2a: Sneasler|Protect|p2a: Sneasler
|-singleturn|p2a: Sneasler|Protect
|cant|p1a: Annihilape|slp
|move|p1b: Dragonite|Scale Shot|p2b: Amoonguss
|-damage|p2b: Amoonguss|88/100
|-damage|p2b: Amoonguss|75/100
|-damage|p2b: Amoonguss|63/100
|-damage|p2b: Amoonguss|50/100
|-enditem|p2b: Amoonguss|Sitrus Berry|[eat]
|-heal|p2b: Amoonguss|75/100|[from] item: Sitrus Berry
|-hitcount|p2b: Amoonguss|4
|-unboost|p1b: Dragonite|def|1
|-boost|p1b: Dragonite|spe|1
|move|p2b: Amoonguss|Spore|p1b: Dragonite
|-status|p1b: Dragonite|slp|[from] move: Spore
|
|upkeep
|turn|8
|
|t:|1757087545
|cant|p1b: Dragonite|slp
|move|p2a: Sneasler|Dire Claw|p1b: Dragonite
|-damage|p1b: Dragonite|66/100 slp
|-curestatus|p1a: Annihilape|slp|[msg]
|move|p1a: Annihilape|Drain Punch|p2a: Sneasler
|-resisted|p2a: Sneasler
|-damage|p2a: Sneasler|0 fnt
|faint|p2a: Sneasler
|move|p2b: Amoonguss|Pollen Puff|p2: Sneasler|[notarget]
|-fail|p2b: Amoonguss
|
|upkeep
|
|t:|1757087554
|switch|p2a: Incineroar|Incineroar, L50, F, tera:Ghost|100/100
|-ability|p2a: Incineroar|Intimidate|boost
|-unboost|p1a: Annihilape|atk|1
|-ability|p1a: Annihilape|Defiant|boost
|-boost|p1a: Annihilape|atk|2
|-unboost|p1b: Dragonite|atk|1
|turn|9
|
|t:|1757087567
|move|p2b: Amoonguss|Rage Powder|p2b: Amoonguss
|-singleturn|p2b: Amoonguss|move: Rage Powder
|cant|p1b: Dragonite|slp
|move|p1a: Annihilape|Rage Fist|p2b: Amoonguss
|-damage|p2b: Amoonguss|53/100
|move|p2a: Incineroar|Knock Off|p1b: Dragonite
|-damage|p1b: Dragonite|0 fnt
|-enditem|p1b: Dragonite|Loaded Dice|[from] move: Knock Off|[of] p2a: Incineroar
|faint|p1b: Dragonite
|
|upkeep
|turn|10
|
|t:|1757087587
|move|p2a: Incineroar|Fake Out||[still]
|-hint|Fake Out only works on your first turn out.
|-fail|p2a: Incineroar
|move|p1a: Annihilape|Rage Fist|p2a: Incineroar
|-supereffective|p2a: Incineroar
|-damage|p2a: Incineroar|45/100
|move|p2b: Amoonguss|Spore|p1a: Annihilape
|-status|p1a: Annihilape|slp|[from] move: Spore
|
|upkeep
|turn|11
|
|t:|1757087597
|cant|p1a: Annihilape|slp
|move|p2a: Incineroar|Knock Off|p1a: Annihilape
|-damage|p1a: Annihilape|57/100 slp
|-enditem|p1a: Annihilape|Sitrus Berry|[from] move: Knock Off|[of] p2a: Incineroar
|move|p2b: Amoonguss|Pollen Puff|p2a: Incineroar
|-heal|p2a: Incineroar|95/100
|
|upkeep
|turn|12
|
|t:|1757087611
|-curestatus|p1a: Annihilape|slp|[msg]
|move|p1a: Annihilape|Rage Fist|p2a: Incineroar
|-supereffective|p2a: Incineroar
|-damage|p2a: Incineroar|0 fnt
|faint|p2a: Incineroar
|move|p2b: Amoonguss|Spore|p1a: Annihilape
|-status|p1a: Annihilape|slp|[from] move: Spore
|
|upkeep
|turn|13
|c|☆Truevillany123|GG FUCk
|c|☆0 champion points|here we are again
|c|☆0 champion points|lol
|c|☆0 champion points|gg
|c|☆Truevillany123|Fuck this stupid ape
|n|‽Truevillany123|truevillany123
|c|~|/log Truevillany123 was locked from talking by Artemis. (☆Truevillany123: Fuck this stupid ape)
|c|~|/raw This action was done automatically. Want to learn more about the AI? Visit the information thread.
|
|t:|1757087671
|move|p2b: Amoonguss|Protect|p2b: Amoonguss
|-singleturn|p2b: Amoonguss|Protect
|cant|p1a: Annihilape|slp
|
|upkeep
|turn|14
|
|t:|1757087680
|move|p2b: Amoonguss|Protect||[still]
|-fail|p2b: Amoonguss
|cant|p1a: Annihilape|slp
|
|upkeep
|turn|15
|
|t:|1757087685
|cant|p1a: Annihilape|slp
|move|p2b: Amoonguss|Pollen Puff|p1a: Annihilape
|-resisted|p1a: Annihilape
|-damage|p1a: Annihilape|53/100 slp
|
|upkeep
|turn|16
|
|t:|1757087694
|-curestatus|p1a: Annihilape|slp|[msg]
|move|p1a: Annihilape|Rage Fist|p2b: Amoonguss
|-damage|p2b: Amoonguss|0 fnt
|faint|p2b: Amoonguss
|
|win|0 champion points
