|j|☆dawnenen
|j|☆anhamchoi
|html|dawnenenanhamchoi    
|uhtml|bestof|Game 2 of a best-of-3
|t:|1784721099
|gametype|doubles
|player|p1|dawnenen|galacticgruntf|1146
|player|p2|anhamchoi|clown|1000
|gen|9
|tier|[Gen 9 Champions] VGC 2026 Reg M-B (Bo3)
|rated|
|rule|Species Clause: Limit one of each Pokémon
|rule|Item Clause: Limit 1 of each item
|clearpoke
|poke|p1|Grimmsnarl, L50, M|
|poke|p1|Venusaur, L50, F|
|poke|p1|Pelipper, L50, M|
|poke|p1|Archaludon, L50, M|
|poke|p1|Charizard, L50, F|
|poke|p1|Basculegion, L50, M|
|poke|p2|Rotom-Heat, L50|
|poke|p2|Sceptile, L50, F|
|poke|p2|Incineroar, L50, F|
|poke|p2|Primarina, L50, F|
|poke|p2|Lycanroc-Dusk, L50, M|
|poke|p2|Metagross, L50|
|teampreview|4
|showteam|p1|Grimmsnarl||LightClay|Prankster|SpiritBreak,Reflect,LightScreen,PartingShot|Careful||M|||50|]Venusaur||FocusSash|Chlorophyll|SludgeBomb,EarthPower,SleepPowder,Protect|Modest||F|||50|]Pelipper||SitrusBerry|Drizzle|WeatherBall,Hurricane,Tailwind,WideGuard|Modest||M|||50|]Archaludon||Leftovers|Stamina|DragonPulse,FlashCannon,ElectroShot,Protect|Modest||M|||50|]Charizard||CharizarditeY|Blaze|HeatWave,SolarBeam,WeatherBall,Protect|Modest||F|||50|]Basculegion||ChoiceScarf|Adaptability|WaveCrash,FlipTurn,LastRespects,AquaJet|Jolly||M|||50|
|showteam|p2|Rotom-Heat||SitrusBerry|Levitate|Discharge,Overheat,Protect,Electroweb|Timid|||||50|]Sceptile||Sceptilite|Overgrow|EnergyBall,EarthPower,DragonPulse,Protect|Modest||F|||50|]Incineroar||ShucaBerry|Intimidate|FakeOut,PartingShot,FlareBlitz,Taunt|Adamant||F|||50|]Primarina||MysticWater|LiquidVoice|Moonblast,IceBeam,HyperVoice,Protect|Modest||F|||50|]Lycanroc-Dusk||KingsRock|ToughClaws|RockSlide,Protect,SuckerPunch,Accelerock|Jolly||M|||50|]Metagross||Metagrossite|ClearBody|BodyPress,ZenHeadbutt,IronDefense,Protect|Jolly|||||50|
|inactive|Battle timer is ON: inactive players will automatically lose when time's up. (requested by dawnenen)
|
|t:|1784721119
|teamsize|p1|4
|teamsize|p2|4
|start
|switch|p1a: Basculegion|Basculegion, L50, M|100/100
|switch|p1b: Pelipper|Pelipper, L50, M|100/100
|switch|p2a: Rotom|Rotom-Heat, L50|100/100
|switch|p2b: Incineroar|Incineroar, L50, F|100/100
|-weather|RainDance|[from] ability: Drizzle|[of] p1b: Pelipper
|-ability|p2b: Incineroar|Intimidate|boost
|-unboost|p1a: Basculegion|atk|1
|-unboost|p1b: Pelipper|atk|1
|turn|1
|
|t:|1784721138
|switch|p1b: Archaludon|Archaludon, L50, M|100/100
|move|p2b: Incineroar|Fake Out|p1b: Archaludon
|-resisted|p1b: Archaludon|1
|-damage|p1b: Archaludon|94/100
|-ability|p1b: Archaludon|Stamina|boost
|-boost|p1b: Archaludon|def|1
|move|p1a: Basculegion|Flip Turn|p2a: Rotom
|-supereffective|p2a: Rotom|1
|-damage|p2a: Rotom|10/100
|-enditem|p2a: Rotom|Sitrus Berry|[eat]
|-heal|p2a: Rotom|35/100|[from] item: Sitrus Berry
|
|t:|1784721151
|switch|p1a: Pelipper|Pelipper, L50, M|100/100|[from] Flip Turn
|move|p2a: Rotom|Electroweb|p1b: Archaludon|[spread] p1a,p1b
|-supereffective|p1a: Pelipper|2
|-resisted|p1b: Archaludon|1
|-damage|p1a: Pelipper|25/100
|-damage|p1b: Archaludon|87/100
|-unboost|p1a: Pelipper|spe|1
|-unboost|p1b: Archaludon|spe|1
|-ability|p1b: Archaludon|Stamina|boost
|-boost|p1b: Archaludon|def|1
|-enditem|p1a: Pelipper|Sitrus Berry|[eat]
|-heal|p1a: Pelipper|50/100y|[from] item: Sitrus Berry
|
|-weather|RainDance|[upkeep]
|-heal|p1b: Archaludon|93/100|[from] item: Leftovers
|upkeep
|turn|2
|inactive|dawnenen has 30 seconds left.
|inactive|anhamchoi has 30 seconds left.
|
|t:|1784721181
|switch|p2b: Sceptile|Sceptile, L50, F|100/100
|move|p2a: Rotom|Discharge|p1a: Pelipper|[spread] p2b,p1a,p1b
|-resisted|p2b: Sceptile|1
|-supereffective|p1a: Pelipper|2
|-resisted|p1b: Archaludon|1
|-damage|p2b: Sceptile|85/100
|-damage|p1a: Pelipper|0 fnt
|-damage|p1b: Archaludon|83/100
|-ability|p1b: Archaludon|Stamina|boost
|-boost|p1b: Archaludon|def|1
|faint|p1a: Pelipper
|move|p1b: Archaludon|Dragon Pulse|p2a: Rotom
|-damage|p2a: Rotom|0 fnt
|faint|p2a: Rotom
|
|-weather|RainDance|[upkeep]
|-heal|p1b: Archaludon|89/100|[from] item: Leftovers
|upkeep
|
|t:|1784721199
|switch|p2a: Incineroar|Incineroar, L50, F|100/100
|switch|p1a: Basculegion|Basculegion, L50, M|100/100
|-ability|p2a: Incineroar|Intimidate|boost
|-unboost|p1a: Basculegion|atk|1
|-unboost|p1b: Archaludon|atk|1
|turn|3
|
|t:|1784721217
|detailschange|p2b: Sceptile|Sceptile-Mega, L50, F
|-mega|p2b: Sceptile|Sceptile|Sceptilite
|move|p2a: Incineroar|Fake Out|p1b: Archaludon
|-resisted|p1b: Archaludon|1
|-damage|p1b: Archaludon|87/100
|-ability|p1b: Archaludon|Stamina|boost
|-boost|p1b: Archaludon|def|1
|move|p1a: Basculegion|Flip Turn|p2a: Incineroar
|-supereffective|p2a: Incineroar|1
|-damage|p2a: Incineroar|30/100
|
|t:|1784721227
|switch|p1a: Charizard|Charizard, L50, F|100/100|[from] Flip Turn
|move|p2b: Sceptile|Energy Ball|p1a: Charizard
|-resisted|p1a: Charizard|2
|-damage|p1a: Charizard|84/100
|cant|p1b: Archaludon|flinch
|
|-weather|RainDance|[upkeep]
|-heal|p1b: Archaludon|93/100|[from] item: Leftovers
|upkeep
|turn|4
|inactive|dawnenen has 30 seconds left.
|
|t:|1784721252
|move|p1a: Charizard|Protect|p1a: Charizard
|-singleturn|p1a: Charizard|Protect
|move|p2b: Sceptile|Earth Power|p1b: Archaludon
|-supereffective|p1b: Archaludon|1
|-damage|p1b: Archaludon|17/100
|-ability|p1b: Archaludon|Stamina|boost
|-boost|p1b: Archaludon|def|1
|move|p2a: Incineroar|Parting Shot|p1a: Charizard
|-activate|p1a: Charizard|move: Protect
|move|p1b: Archaludon|Dragon Pulse|p2b: Sceptile
|-supereffective|p2b: Sceptile|1
|-damage|p2b: Sceptile|0 fnt
|faint|p2b: Sceptile
|
|-weather|RainDance|[upkeep]
|-heal|p1b: Archaludon|23/100|[from] item: Leftovers
|upkeep
|
|t:|1784721263
|switch|p2b: Lycanroc|Lycanroc-Dusk, L50, M|100/100
|turn|5
|
|t:|1784721281
|switch|p1a: Basculegion|Basculegion, L50, M|100/100
|move|p2b: Lycanroc|Accelerock|p1a: Basculegion
|-damage|p1a: Basculegion|66/100
|move|p2a: Incineroar|Flare Blitz|p1b: Archaludon
|-damage|p1b: Archaludon|18/100
|-ability|p1b: Archaludon|Stamina|boost
|-boost|p1b: Archaludon|def|1
|-damage|p2a: Incineroar|29/100|[from] Recoil
|move|p1b: Archaludon|Flash Cannon|p2b: Lycanroc
|-supereffective|p2b: Lycanroc|1
|-damage|p2b: Lycanroc|0 fnt
|faint|p2b: Lycanroc
|
|-weather|none
|-heal|p1b: Archaludon|24/100|[from] item: Leftovers
|upkeep
|turn|6
|-message|anhamchoi forfeited.
|raw|dawnenen's rating: 1146 → 1161(+15 for winning)
|raw|anhamchoi's rating: 1000 → 1000(+0 for losing)
|
|win|dawnenen
|l|☆anhamchoi
|player|p2|
|l|☆dawnenen
|player|p1|
|j|☆dawnenen
|player|p1|dawnenen|galacticgruntf|
