|j|☆ferpshowdown
|j|☆prosta1
|html|ferpshowdownprosta1    
|uhtml|bestof|Game 2 of a best-of-3
|t:|1784282567
|gametype|doubles
|player|p1|ferpshowdown|lucas|1223
|player|p2|prosta1|169|1103
|gen|9
|tier|[Gen 9 Champions] VGC 2026 Reg M-B (Bo3)
|rated|
|rule|Species Clause: Limit one of each Pokémon
|rule|Item Clause: Limit 1 of each item
|clearpoke
|poke|p1|Charizard, L50, F|
|poke|p1|Garchomp, L50, F|
|poke|p1|Aerodactyl, L50, M|
|poke|p1|Farigiraf, L50, M|
|poke|p1|Kingambit, L50, F|
|poke|p1|Sylveon, L50, F|
|poke|p2|Grimmsnarl, L50, M|
|poke|p2|Feraligatr, L50, F|
|poke|p2|Charizard, L50, F|
|poke|p2|Pelipper, L50, F|
|poke|p2|Venusaur, L50, F|
|poke|p2|Archaludon, L50, F|
|teampreview|4
|showteam|p1|Charizard||CharizarditeY|Blaze|HeatWave,WeatherBall,SolarBeam,Protect|Modest||F|||50|]Garchomp||LifeOrb|RoughSkin|DragonClaw,Earthquake,RockSlide,Protect|Jolly||F|||50|]Aerodactyl||Aerodactylite|RockHead|RockSlide,IceFang,Tailwind,WideGuard|Jolly||M|||50|]Farigiraf||SitrusBerry|ArmorTail|PsychicFangs,Thunderbolt,SunnyDay,TrickRoom|Relaxed||M|||50|]Kingambit||FocusSash|Defiant|KowtowCleave,IronHead,SuckerPunch,LowKick|Adamant||F|||50|]Sylveon||FairyFeather|Pixilate|HyperVoice,HyperBeam,QuickAttack,Detect|Modest||F|||50|
|showteam|p2|Grimmsnarl||LightClay|Prankster|SpiritBreak,PartingShot,Reflect,LightScreen|Sassy||M|||50|]Feraligatr||LifeOrb|SheerForce|Liquidation,Protect,Crunch,RockTomb|Adamant||F|||50|]Charizard||CharizarditeY|Blaze|Protect,HeatWave,WeatherBall,SolarBeam|Modest||F|||50|]Pelipper||SitrusBerry|Drizzle|Hurricane,WeatherBall,Tailwind,WideGuard|Modest||F|||50|]Venusaur||FocusSash|Chlorophyll|SludgeBomb,SleepPowder,EarthPower,Protect|Modest||F|||50|]Archaludon||Leftovers|Stamina|ElectroShot,DragonPulse,FlashCannon,Protect|Calm||F|||50|
|
|t:|1784282617
|teamsize|p1|4
|teamsize|p2|4
|start
|switch|p1a: Aerodactyl|Aerodactyl, L50, M|100/100
|switch|p1b: Sylveon|Sylveon, L50, F|100/100
|switch|p2a: Grimmsnarl|Grimmsnarl, L50, M|100/100
|switch|p2b: Charizard|Charizard, L50, F|100/100
|turn|1
|
|t:|1784282684
|switch|p1b: Garchomp|Garchomp, L50, F|100/100
|detailschange|p2b: Charizard|Charizard-Mega-Y, L50, F
|-mega|p2b: Charizard|Charizard|Charizardite Y
|-weather|SunnyDay|[from] ability: Drought|[of] p2b: Charizard
|move|p2a: Grimmsnarl|Reflect|p2a: Grimmsnarl
|-sidestart|p2: prosta1|Reflect
|move|p1a: Aerodactyl|Tailwind|p1a: Aerodactyl
|-sidestart|p1: ferpshowdown|move: Tailwind
|move|p2b: Charizard|Weather Ball|p1b: Garchomp
|-resisted|p1b: Garchomp|1
|-damage|p1b: Garchomp|48/100
|
|-weather|SunnyDay|[upkeep]
|upkeep
|turn|2
|
|t:|1784282710
|move|p2b: Charizard|Protect|p2b: Charizard
|-singleturn|p2b: Charizard|Protect
|move|p2a: Grimmsnarl|Parting Shot|p1a: Aerodactyl
|-unboost|p1a: Aerodactyl|atk|1
|-unboost|p1a: Aerodactyl|spa|1
|
|t:|1784282716
|switch|p2a: Pelipper|Pelipper, L50, F|100/100|[from] Parting Shot
|-weather|RainDance|[from] ability: Drizzle|[of] p2a: Pelipper
|move|p1a: Aerodactyl|Rock Slide|p2b: Charizard|[spread] p2a
|-activate|p2b: Charizard|move: Protect
|-supereffective|p2a: Pelipper|1
|-damage|p2a: Pelipper|75/100
|move|p1b: Garchomp|Rock Slide|p2b: Charizard|[spread] p2a
|-activate|p2b: Charizard|move: Protect
|-supereffective|p2a: Pelipper|1
|-damage|p2a: Pelipper|39/100
|-enditem|p2a: Pelipper|Sitrus Berry|[eat]
|-heal|p2a: Pelipper|63/100|[from] item: Sitrus Berry
|-damage|p1b: Garchomp|38/100|[from] item: Life Orb
|
|-weather|RainDance|[upkeep]
|upkeep
|turn|3
|
|t:|1784282768
|move|p2a: Pelipper|Wide Guard|p2a: Pelipper
|-singleturn|p2a: Pelipper|Wide Guard
|move|p1a: Aerodactyl|Ice Fang|p2a: Pelipper
|-damage|p2a: Pelipper|54/100
|-status|p2a: Pelipper|frz
|move|p1b: Garchomp|Dragon Claw|p2a: Pelipper
|-damage|p2a: Pelipper|20/100y frz
|-damage|p1b: Garchomp|28/100|[from] item: Life Orb
|move|p2b: Charizard|Weather Ball|p1b: Garchomp
|-damage|p1b: Garchomp|0 fnt
|faint|p1b: Garchomp
|
|-weather|RainDance|[upkeep]
|upkeep
|
|t:|1784282786
|switch|p1b: Charizard|Charizard, L50, F|100/100
|turn|4
|
|t:|1784282814
|switch|p2a: Feraligatr|Feraligatr, L50, F|100/100
|detailschange|p1b: Charizard|Charizard-Mega-Y, L50, F
|-mega|p1b: Charizard|Charizard|Charizardite Y
|-weather|SunnyDay|[from] ability: Drought|[of] p1b: Charizard
|move|p2b: Charizard|Protect|p2b: Charizard
|-singleturn|p2b: Charizard|Protect
|move|p1a: Aerodactyl|Rock Slide|p2b: Charizard|[spread] p2a
|-activate|p2b: Charizard|move: Protect
|-damage|p2a: Feraligatr|89/100
|move|p1b: Charizard|Solar Beam||[still]
|-prepare|p1b: Charizard|Solar Beam
|-anim|p1b: Charizard|Solar Beam|p2a: Feraligatr
|-supereffective|p2a: Feraligatr|1
|-damage|p2a: Feraligatr|0 fnt
|faint|p2a: Feraligatr
|
|-weather|SunnyDay|[upkeep]
|-sideend|p1: ferpshowdown|move: Tailwind
|upkeep
|
|t:|1784282832
|switch|p2a: Pelipper|Pelipper, L50, F|20/100y frz
|-weather|RainDance|[from] ability: Drizzle|[of] p2a: Pelipper
|turn|5
|
|t:|1784282847
|switch|p1b: Sylveon|Sylveon, L50, F|100/100
|move|p1a: Aerodactyl|Rock Slide|p2a: Pelipper|[spread] p2a
|-miss|p1a: Aerodactyl|p2b: Charizard
|-supereffective|p2a: Pelipper|1
|-damage|p2a: Pelipper|0 fnt
|faint|p2a: Pelipper
|move|p2b: Charizard|Weather Ball|p1b: Sylveon
|-crit|p1b: Sylveon
|-damage|p1b: Sylveon|33/100
|
|-weather|RainDance|[upkeep]
|upkeep
|
|t:|1784282858
|switch|p2a: Grimmsnarl|Grimmsnarl, L50, M|100/100
|turn|6
|
|t:|1784282887
|move|p2a: Grimmsnarl|Parting Shot|p1a: Aerodactyl
|-unboost|p1a: Aerodactyl|atk|1
|-unboost|p1a: Aerodactyl|spa|1
|move|p1a: Aerodactyl|Tailwind|p1a: Aerodactyl
|-sidestart|p1: ferpshowdown|move: Tailwind
|move|p1b: Sylveon|Hyper Voice|p2a: Grimmsnarl|[spread] p2a,p2b
|-supereffective|p2a: Grimmsnarl|1
|-resisted|p2b: Charizard|1
|-damage|p2a: Grimmsnarl|10/100
|-damage|p2b: Charizard|78/100
|move|p2b: Charizard|Heat Wave|p1a: Aerodactyl|[spread] p1a,p1b
|-resisted|p1a: Aerodactyl|1
|-damage|p1a: Aerodactyl|84/100
|-damage|p1b: Sylveon|18/100
|-status|p1b: Sylveon|brn
|
|-weather|RainDance|[upkeep]
|-damage|p1b: Sylveon|12/100 brn|[from] brn
|upkeep
|turn|7
|
|t:|1784282907
|move|p2a: Grimmsnarl|Parting Shot|p1a: Aerodactyl
|-unboost|p1a: Aerodactyl|atk|1
|-unboost|p1a: Aerodactyl|spa|1
|move|p1a: Aerodactyl|Rock Slide|p2b: Charizard|[spread] p2a,p2b
|-supereffective|p2b: Charizard|2
|-damage|p2a: Grimmsnarl|2/100
|-damage|p2b: Charizard|50/100g
|move|p1b: Sylveon|Hyper Voice|p2a: Grimmsnarl|[spread] p2a,p2b
|-supereffective|p2a: Grimmsnarl|1
|-resisted|p2b: Charizard|1
|-damage|p2a: Grimmsnarl|0 fnt
|-damage|p2b: Charizard|29/100
|faint|p2a: Grimmsnarl
|move|p2b: Charizard|Weather Ball|p1b: Sylveon
|-damage|p1b: Sylveon|0 fnt
|faint|p1b: Sylveon
|
|-weather|RainDance|[upkeep]
|upkeep
|
|t:|1784282922
|switch|p1b: Charizard|Charizard-Mega-Y, L50, F|100/100
|-weather|SunnyDay|[from] ability: Drought|[of] p1b: Charizard
|turn|8
|-message|prosta1 forfeited.
|
|win|ferpshowdown
|l|☆prosta1
|player|p2|
||ferpshowdown is ready for game 3.
||prosta1 is ready for game 3.
|uhtml|next|Next: Game 3 of 3
