|j|☆Kotestplayer
|j|☆kuoli00021
|html|Kotestplayerkuoli00021    
|uhtml|bestof|Game 2 of a best-of-3
|t:|1785672392
|gametype|doubles
|player|p1|Kotestplayer|169|
|player|p2|kuoli00021|265|
|gen|9
|tier|[Gen 9 Champions] VGC 2026 Reg M-B (Bo3)
|rule|Species Clause: Limit one of each Pokémon
|rule|Item Clause: Limit 1 of each item
|clearpoke
|poke|p1|Tyranitar, L50, F|
|poke|p1|Incineroar, L50, M|
|poke|p1|Meganium, L50, M|
|poke|p1|Milotic, L50, F|
|poke|p1|Garchomp, L50, F|
|poke|p1|Gholdengo, L50|
|poke|p2|Raichu, L50, M|
|poke|p2|Milotic, L50, F|
|poke|p2|Ceruledge, L50, F|
|poke|p2|Incineroar, L50, M|
|poke|p2|Gengar, L50, F|
|poke|p2|Ninetales-Alola, L50, M|
|teampreview|4
|showteam|p1|Tyranitar||Tyranitarite|SandStream|Protect,RockSlide,KnockOff,IcePunch|Adamant||F|||50|]Incineroar||SitrusBerry|Intimidate|FakeOut,PartingShot,ThroatChop,FlareBlitz|Careful||M|||50|]Meganium||Meganiumite|Overgrow|SolarBeam,DazzlingGleam,WeatherBall,Protect|Modest||M|||50|]Milotic||Leftovers|Competitive|IcyWind,MuddyWater,Recover,Protect|Calm||F|||50|]Garchomp||LifeOrb|RoughSkin|Protect,RockSlide,DragonClaw,StompingTantrum|Jolly||F|||50|]Gholdengo||ChoiceScarf|GoodasGold|MakeItRain,ShadowBall,Thunderbolt,Trick|Modest|||||50|
|showteam|p2|Raichu||RaichuniteY|LightningRod|ZapCannon,FocusBlast,FakeOut,Protect|Timid||M|||50|]Milotic||Leftovers|Competitive|MuddyWater,Hypnosis,Coil,Recover|Calm||F|||50|]Ceruledge||ColburBerry|FlashFire|BitterBlade,ShadowSneak,BulkUp,Protect|Adamant||F|||50|]Incineroar||SitrusBerry|Intimidate|FlareBlitz,FakeOut,PartingShot,Protect|Sassy||M|||50|]Gengar||Gengarite|CursedBody|ShadowBall,PerishSong,Disable,Protect|Modest||F|||50|]Ninetales-Alola||NeverMeltIce|SnowWarning|Blizzard,FreezeDry,Encore,Protect|Timid||M|||50|
|j| Luian VGC
|j| benlulu
|j| Jason0103
|j| Jeniferlowpayz
|
|t:|1785672422
|teamsize|p1|4
|teamsize|p2|4
|start
|switch|p1a: Milotic|Milotic, L50, F|100/100
|switch|p1b: Gholdengo|Gholdengo, L50|100/100
|switch|p2a: Milotic|Milotic, L50, F|100/100
|switch|p2b: Incineroar|Incineroar, L50, M|100/100
|-ability|p2b: Incineroar|Intimidate|boost
|-unboost|p1a: Milotic|atk|1
|-ability|p1a: Milotic|Competitive|boost
|-boost|p1a: Milotic|spa|2
|-unboost|p1b: Gholdengo|atk|1
|turn|1
|j| CrazyOz
|j| Midoria100
|
|t:|1785672445
|move|p1b: Gholdengo|Trick|p2a: Milotic
|-activate|p1b: Gholdengo|move: Trick|[of] p2a: Milotic
|-item|p2a: Milotic|Choice Scarf|[from] move: Trick
|-item|p1b: Gholdengo|Leftovers|[from] move: Trick
|move|p2a: Milotic|Hypnosis|p1a: Milotic
|-status|p1a: Milotic|slp|[from] move: Hypnosis
|cant|p1a: Milotic|slp
|move|p2b: Incineroar|Flare Blitz|p1b: Gholdengo
|-supereffective|p1b: Gholdengo|1
|-damage|p1b: Gholdengo|0 fnt
|faint|p1b: Gholdengo
|-damage|p2b: Incineroar|72/100|[from] Recoil
|
|upkeep
|j| Hankk1995
|l| CrazyOz
|
|t:|1785672456
|switch|p1b: Tyranitar|Tyranitar, L50, F|100/100
|-weather|Sandstorm|[from] ability: Sand Stream|[of] p1b: Tyranitar
|turn|2
|
|t:|1785672469
|switch|p2b: Raichu|Raichu, L50, M|100/100
|move|p2a: Milotic|Hypnosis|p1b: Tyranitar
|-status|p1b: Tyranitar|slp|[from] move: Hypnosis
|cant|p1a: Milotic|slp
|cant|p1b: Tyranitar|slp
|
|-weather|Sandstorm|[upkeep]
|-damage|p2b: Raichu|94/100|[from] Sandstorm
|-damage|p2a: Milotic|94/100|[from] Sandstorm
|-damage|p1a: Milotic|93/100 slp|[from] Sandstorm
|-heal|p1a: Milotic|100/100 slp|[from] item: Leftovers
|upkeep
|turn|3
|l| Jeniferlowpayz
|
|t:|1785672495
|switch|p2a: Incineroar|Incineroar, L50, M|72/100
|-ability|p2a: Incineroar|Intimidate|boost
|-unboost|p1a: Milotic|atk|1
|-ability|p1a: Milotic|Competitive|boost
|-boost|p1a: Milotic|spa|2
|-unboost|p1b: Tyranitar|atk|1
|switch|p1b: Incineroar|Incineroar, L50, M|100/100
|-ability|p1b: Incineroar|Intimidate|boost
|-unboost|p2a: Incineroar|atk|1
|-unboost|p2b: Raichu|atk|1
|detailschange|p2b: Raichu|Raichu-Mega-Y, L50, M
|-mega|p2b: Raichu|Raichu|Raichunite Y
|-curestatus|p1a: Milotic|slp|[msg]
|move|p1a: Milotic|Protect|p1a: Milotic
|-singleturn|p1a: Milotic|Protect
|move|p2b: Raichu|Zap Cannon|p1a: Milotic
|-activate|p1a: Milotic|move: Protect
|
|-weather|Sandstorm|[upkeep]
|-damage|p2b: Raichu|88/100|[from] Sandstorm
|-damage|p1a: Milotic|93/100|[from] Sandstorm
|-damage|p1b: Incineroar|94/100|[from] Sandstorm
|-damage|p2a: Incineroar|66/100|[from] Sandstorm
|-heal|p1a: Milotic|100/100|[from] item: Leftovers
|upkeep
|turn|4
|j| Jeniferlowpayz
|
|t:|1785672538
|switch|p2a: Ninetales|Ninetales-Alola, L50, M|100/100
|-weather|Snowscape|[from] ability: Snow Warning|[of] p2a: Ninetales
|move|p2b: Raichu|Protect|p2b: Raichu
|-singleturn|p2b: Raichu|Protect
|move|p1b: Incineroar|Fake Out|p2b: Raichu
|-activate|p2b: Raichu|move: Protect
|move|p1a: Milotic|Muddy Water|p2a: Ninetales|[spread] 
|-activate|p2b: Raichu|move: Protect
|-miss|p1a: Milotic|p2a: Ninetales
|
|-weather|Snowscape|[upkeep]
|upkeep
|turn|5
|
|t:|1785672585
|move|p2a: Ninetales|Protect|p2a: Ninetales
|-singleturn|p2a: Ninetales|Protect
|move|p1a: Milotic|Protect|p1a: Milotic
|-singleturn|p1a: Milotic|Protect
|move|p2b: Raichu|Focus Blast|p1b: Incineroar
|-supereffective|p1b: Incineroar|1
|-damage|p1b: Incineroar|26/100
|-enditem|p1b: Incineroar|Sitrus Berry|[eat]
|-heal|p1b: Incineroar|51/100|[from] item: Sitrus Berry
|move|p1b: Incineroar|Flare Blitz|p2b: Raichu
|-damage|p2b: Raichu|17/100
|-damage|p1b: Incineroar|31/100|[from] Recoil
|
|-weather|Snowscape|[upkeep]
|upkeep
|turn|6
|j| Wow_Yang
|
|t:|1785672612
|switch|p1b: Tyranitar|Tyranitar, L50, F|100/100 slp
|-weather|Sandstorm|[from] ability: Sand Stream|[of] p1b: Tyranitar
|move|p2b: Raichu|Zap Cannon|p1a: Milotic
|-supereffective|p1a: Milotic|1
|-damage|p1a: Milotic|15/100
|-status|p1a: Milotic|par
|move|p2a: Ninetales|Freeze-Dry|p1a: Milotic
|-supereffective|p1a: Milotic|1
|-damage|p1a: Milotic|0 fnt
|faint|p1a: Milotic
|
|-weather|Sandstorm|[upkeep]
|-damage|p2b: Raichu|11/100|[from] Sandstorm
|-damage|p2a: Ninetales|94/100|[from] Sandstorm
|upkeep
|
|t:|1785672623
|switch|p1a: Incineroar|Incineroar, L50, M|31/100
|-ability|p1a: Incineroar|Intimidate|boost
|-unboost|p2a: Ninetales|atk|1
|-unboost|p2b: Raichu|atk|1
|turn|7
|
|t:|1785672658
|switch|p2b: Incineroar|Incineroar, L50, M|66/100
|-ability|p2b: Incineroar|Intimidate|boost
|-unboost|p1a: Incineroar|atk|1
|-unboost|p1b: Tyranitar|atk|1
|switch|p2a: Milotic|Milotic, L50, F|94/100
|move|p1a: Incineroar|Throat Chop|p2b: Incineroar
|-resisted|p2b: Incineroar|1
|-crit|p2b: Incineroar
|-damage|p2b: Incineroar|44/100
|-start|p2b: Incineroar|Throat Chop|[silent]
|-enditem|p2b: Incineroar|Sitrus Berry|[eat]
|-heal|p2b: Incineroar|68/100|[from] item: Sitrus Berry
|cant|p1b: Tyranitar|slp
|
|-weather|Sandstorm|[upkeep]
|-damage|p2a: Milotic|88/100|[from] Sandstorm
|-damage|p1a: Incineroar|25/100|[from] Sandstorm
|-damage|p2b: Incineroar|62/100|[from] Sandstorm
|upkeep
|turn|8
|
|t:|1785672691
|move|p2b: Incineroar|Fake Out|p1b: Tyranitar
|-resisted|p1b: Tyranitar|1
|-damage|p1b: Tyranitar|95/100 slp
|move|p2a: Milotic|Muddy Water|p1a: Incineroar|[spread] p1a,p1b
|-supereffective|p1a: Incineroar|1
|-supereffective|p1b: Tyranitar|1
|-damage|p1a: Incineroar|0 fnt
|-damage|p1b: Tyranitar|68/100 slp
|faint|p1a: Incineroar
|-curestatus|p1b: Tyranitar|slp|[msg]
|cant|p1b: Tyranitar|flinch
|
|-weather|Sandstorm|[upkeep]
|-damage|p2a: Milotic|82/100|[from] Sandstorm
|-damage|p2b: Incineroar|56/100|[from] Sandstorm
|-end|p2b: Incineroar|Throat Chop|[silent]
|upkeep
|turn|9
|l| Jeniferlowpayz
|
|t:|1785672709
|switch|p2b: Ninetales|Ninetales-Alola, L50, M|94/100
|-weather|Snowscape|[from] ability: Snow Warning|[of] p2b: Ninetales
|move|p2a: Milotic|Muddy Water|p1b: Tyranitar
|-supereffective|p1b: Tyranitar|1
|-damage|p1b: Tyranitar|13/100
|move|p1b: Tyranitar|Rock Slide|p2a: Milotic|[spread] p2a,p2b
|-supereffective|p2b: Ninetales|1
|-damage|p2a: Milotic|62/100
|-damage|p2b: Ninetales|48/100
|
|-weather|Snowscape|[upkeep]
|upkeep
|turn|10
|
|t:|1785672727
|move|p2b: Ninetales|Freeze-Dry|p1b: Tyranitar
|-damage|p1b: Tyranitar|0 fnt
|faint|p1b: Tyranitar
|
|win|kuoli00021
||kuoli00021 is ready for game 3.
|inactive|Kotestplayer has 30 seconds to confirm battle start!
||Kotestplayer is ready for game 3.
|uhtml|next|Next: Game 3 of 3
|l| benlulu
|j| Jeniferlowpayz
|l| Jeniferlowpayz
|j| E10 parcticeteam
|l| E10 parcticeteam
|l| Luian VGC
|l| Midoria100
|l|☆Kotestplayer
|player|p1|
|l| Hankk1995
