|j|☆cheesynoob123
|j|☆taka89
|html|cheesynoob123taka89    
|uhtml|bestof|Game 2 of a best-of-3
|t:|1756893721
|gametype|doubles
|player|p1|cheesynoob123|hilda|1000
|player|p2|taka89|clerk-boss|1125
|gen|9
|tier|[Gen 9] VGC 2025 Reg H (Bo3)
|rated|
|rule|Species Clause: Limit one of each Pokémon
|rule|Item Clause: Limit 1 of each item
|clearpoke
|poke|p1|Archaludon, L50, F|
|poke|p1|Maushold-Four, L50|
|poke|p1|Politoed, L50, F|
|poke|p1|Incineroar, L50, M|
|poke|p1|Whimsicott, L50, F|
|poke|p1|Sneasler, L50, F|
|poke|p2|Flamigo, L50, F|
|poke|p2|Porygon2, L50|
|poke|p2|Ursaluna, L50, M|
|poke|p2|Archaludon, L50, M|
|poke|p2|Tyranitar, L50, F|
|poke|p2|Incineroar, L50, F|
|teampreview|4
|showteam|p1|Archaludon||Leftovers|Stamina|DracoMeteor,BodyPress,ElectroShot,Protect|||F|||50|,,,,,Electric]Maushold-Four||WideLens|Technician|PopulationBomb,PlayRough,Protect,HelpingHand||||||50|,,,,,Ghost]Politoed||SitrusBerry|Drizzle|WeatherBall,Encore,IcyWind,HelpingHand|||F|||50|,,,,,Fire]Incineroar||SafetyGoggles|Intimidate|FakeOut,KnockOff,FlareBlitz,PartingShot|||M|||50|,,,,,Ghost]Whimsicott||CovertCloak|Prankster|Encore,Tailwind,WorrySeed,Moonblast|||F|||50|,,,,,Steel]Sneasler||FocusSash|PoisonTouch|DireClaw,CloseCombat,FakeOut,Uturn|||F|||50|,,,,,Fire
|showteam|p2|Flamigo||ChoiceScarf|Scrappy|BraveBird,DualWingbeat,CloseCombat,Uturn|||F|||50|,,,,,Ghost]Porygon2||Eviolite|Download|Thunderbolt,TeraBlast,TrickRoom,Protect||||||50|,,,,,Flying]Ursaluna||FlameOrb|Guts|Facade,Earthquake,HeadlongRush,Protect|||M|||50|,,,,,Ghost]Archaludon||AssaultVest|Stamina|ElectroShot,DarkPulse,BodyPress,DracoMeteor|||M|||50|,,,,,Grass]Tyranitar||FocusSash|SandStream|RockSlide,LowKick,KnockOff,Protect|||F|||50|,,,,,Flying]Incineroar||PasshoBerry|Intimidate|KnockOff,FlareBlitz,FakeOut,PartingShot|||F|||50|,,,,,Ghost
|inactive|Battle timer is ON: inactive players will automatically lose when time's up. (requested by taka89)
|inactive|cheesynoob123 also wants the timer to be on.
|
|t:|1756893741
|teamsize|p1|4
|teamsize|p2|4
|start
|switch|p1a: Whimsicott|Whimsicott, L50, F|100/100
|switch|p1b: Incineroar|Incineroar, L50, M|100/100
|switch|p2a: Winglade|Flamigo, L50, F|100/100
|switch|p2b: swatchling|Porygon2, L50|100/100
|-ability|p1b: Incineroar|Intimidate|boost
|-fail|p2a: Winglade|unboost|Attack|[from] ability: Scrappy|[of] p2a: Winglade
|-unboost|p2b: swatchling|atk|1
|-ability|p2b: swatchling|Download|boost
|-boost|p2b: swatchling|spa|1
|turn|1
|inactive|cheesynoob123 has 30 seconds left.
|inactive|taka89 has 30 seconds left.
|
|t:|1756893769
|switch|p2b: werewerewire|Archaludon, L50, M|100/100
|-terastallize|p2a: Winglade|Ghost
|-terastallize|p1a: Whimsicott|Steel
|move|p1b: Incineroar|Fake Out|p2b: werewerewire
|-resisted|p2b: werewerewire
|-damage|p2b: werewerewire|96/100
|-ability|p2b: werewerewire|Stamina|boost
|-boost|p2b: werewerewire|def|1
|move|p2a: Winglade|Brave Bird|p1a: Whimsicott
|-resisted|p1a: Whimsicott
|-damage|p1a: Whimsicott|66/100
|-damage|p2a: Winglade|88/100|[from] Recoil
|move|p1a: Whimsicott|Moonblast|p2a: Winglade
|-damage|p2a: Winglade|40/100
|
|upkeep
|turn|2
|inactive|taka89 has 30 seconds left.
|
|t:|1756893799
|switch|p2a: swatchling|Porygon2, L50|100/100
|-ability|p2a: swatchling|Download|boost
|-boost|p2a: swatchling|spa|1
|move|p1a: Whimsicott|Worry Seed|p2b: werewerewire
|-ability|p2b: werewerewire|Insomnia|Stamina|[from] move: Worry Seed
|move|p2b: werewerewire|Body Press|p1a: Whimsicott
|-supereffective|p1a: Whimsicott
|-damage|p1a: Whimsicott|0 fnt
|faint|p1a: Whimsicott
|move|p1b: Incineroar|Knock Off|p2b: werewerewire
|-damage|p2b: werewerewire|75/100
|-enditem|p2b: werewerewire|Assault Vest|[from] move: Knock Off|[of] p1b: Incineroar
|
|upkeep
|
|t:|1756893814
|switch|p1a: Sneasler|Sneasler, L50, F|100/100
|turn|3
|inactive|taka89 has 30 seconds left.
|
|t:|1756893845
|move|p1a: Sneasler|Fake Out|p2a: swatchling
|-damage|p2a: swatchling|92/100
|move|p2b: werewerewire|Body Press|p1b: Incineroar
|-supereffective|p1b: Incineroar
|-crit|p1b: Incineroar
|-damage|p1b: Incineroar|0 fnt
|faint|p1b: Incineroar
|cant|p2a: swatchling|flinch
|
|upkeep
|
|t:|1756893851
|switch|p1b: Politoed|Politoed, L50, F|100/100
|-weather|RainDance|[from] ability: Drizzle|[of] p1b: Politoed
|turn|4
|
|t:|1756893869
|move|p1a: Sneasler|Close Combat|p2b: werewerewire
|-supereffective|p2b: werewerewire
|-damage|p2b: werewerewire|24/100
|-unboost|p1a: Sneasler|def|1
|-unboost|p1a: Sneasler|spd|1
|move|p1b: Politoed|Weather Ball|p2a: swatchling
|-damage|p2a: swatchling|57/100
|move|p2b: werewerewire|Electro Shot||[still]
|-prepare|p2b: werewerewire|Electro Shot
|-boost|p2b: werewerewire|spa|1
|-anim|p2b: werewerewire|Electro Shot|p1b: Politoed
|-supereffective|p1b: Politoed
|-damage|p1b: Politoed|10/100
|-enditem|p1b: Politoed|Sitrus Berry|[eat]
|-heal|p1b: Politoed|35/100|[from] item: Sitrus Berry
|move|p2a: swatchling|Thunderbolt|p1b: Politoed
|-supereffective|p1b: Politoed
|-damage|p1b: Politoed|0 fnt
|faint|p1b: Politoed
|
|-weather|RainDance|[upkeep]
|upkeep
|turn|5
|
|t:|1756893893
|move|p1a: Sneasler|Close Combat|p2b: werewerewire
|-supereffective|p2b: werewerewire
|-damage|p2b: werewerewire|0 fnt
|-unboost|p1a: Sneasler|def|1
|-unboost|p1a: Sneasler|spd|1
|faint|p2b: werewerewire
|move|p2a: swatchling|Thunderbolt|p1a: Sneasler
|-enditem|p1a: Sneasler|Focus Sash
|-damage|p1a: Sneasler|1/100
|
|-weather|RainDance|[upkeep]
|upkeep
|
|t:|1756893906
|switch|p2b: Winglade|Flamigo, L50, F, tera:Ghost|40/100
|turn|6
|
|t:|1756893912
|move|p2b: Winglade|Brave Bird|p1a: Sneasler
|-supereffective|p1a: Sneasler
|-damage|p1a: Sneasler|0 fnt
|faint|p1a: Sneasler
|-damage|p2b: Winglade|40/100|[from] Recoil
|
|win|taka89
||cheesynoob123 is ready for game 3.
