|j|☆Zurneus
|j|☆tfgyuhiujoimkl
|html|Zurneustfgyuhiujoimkl    
|uhtml|bestof|Game 2 of a best-of-3
|t:|1756179436
|gametype|doubles
|player|p1|Zurneus|silver|1095
|player|p2|tfgyuhiujoimkl|pokemonrangerf|1085
|gen|9
|tier|[Gen 9] VGC 2025 Reg H (Bo3)
|rated|
|rule|Species Clause: Limit one of each Pokémon
|rule|Item Clause: Limit 1 of each item
|clearpoke
|poke|p1|Gyarados, L50, F|
|poke|p1|Indeedee, L50, M|
|poke|p1|Volcarona, L50, M|
|poke|p1|Excadrill, L50, F|
|poke|p1|Amoonguss, L50, F|
|poke|p1|Tyranitar, L50, F|
|poke|p2|Gholdengo, L50|
|poke|p2|Incineroar, L50, F|
|poke|p2|Amoonguss, L50, M|
|poke|p2|Archaludon, L50, F|
|poke|p2|Pelipper, L50, F|
|poke|p2|Basculegion, L50, M|
|teampreview|4
|showteam|p1|Gyarados||SafetyGoggles|Intimidate|Taunt,ThunderWave,Waterfall,Protect|||F|||50|,,,,,Steel]Indeedee||ChoiceScarf|PsychicSurge|DazzlingGleam,TeraBlast,Trick,ExpandingForce|||M|||50|,,,,,Psychic]Volcarona||LifeOrb|FlameBody|HeatWave,Tailwind,TeraBlast,Protect|||M|||50|,,,,,Fairy]Excadrill||ClearAmulet|SandRush|Protect,Earthquake,HighHorsepower,IronHead|||F|||50|,,,,,Ghost]Amoonguss||SitrusBerry|Regenerator|Protect,ClearSmog,RagePowder,Spore|||F|||50|,,,,,Water]Tyranitar||AssaultVest|SandStream|LowKick,TeraBlast,KnockOff,RockSlide|||F|||50|,,,,,Flying
|showteam|p2|Gholdengo||LifeOrb|GoodasGold|MakeItRain,ShadowBall,NastyPlot,Protect||||||50|,,,,,Water]Incineroar||RockyHelmet|Intimidate|Taunt,KnockOff,PartingShot,FakeOut|||F|||50|,,,,,Ghost]Amoonguss||SitrusBerry|Regenerator|PollenPuff,Spore,RagePowder,Protect|||M|||50|,,,,,Water]Archaludon||AssaultVest|Stamina|DragonPulse,FlashCannon,ElectroShot,BodyPress|||F|||50|,,,,,Bug]Pelipper||FocusSash|Drizzle|WeatherBall,Hurricane,Tailwind,Protect|||F|||50|,,,,,Ground]Basculegion||ChoiceBand|SwiftSwim|WaveCrash,LastRespects,FlipTurn,AquaJet|||M|||50|,,,,,Water
|inactive|Battle timer is ON: inactive players will automatically lose when time's up. (requested by tfgyuhiujoimkl)
|
|t:|1756179451
|teamsize|p1|4
|teamsize|p2|4
|start
|switch|p1a: Indeedee|Indeedee, L50, M|100/100
|switch|p1b: Volcarona|Volcarona, L50, M|100/100
|switch|p2a: Archaludon|Archaludon, L50, F|100/100
|switch|p2b: Basculegion|Basculegion, L50, M|100/100
|-fieldstart|move: Psychic Terrain|[from] ability: Psychic Surge|[of] p1a: Indeedee
|turn|1
|inactive|tfgyuhiujoimkl has 30 seconds left.
|inactive|Zurneus has 30 seconds left.
|inactive|tfgyuhiujoimkl has 20 seconds left.
|inactive|tfgyuhiujoimkl has 15 seconds left.
|
|t:|1756179492
|switch|p1b: Tyranitar|Tyranitar, L50, F|100/100
|-weather|Sandstorm|[from] ability: Sand Stream|[of] p1b: Tyranitar
|switch|p2b: Incineroar|Incineroar, L50, F|100/100
|-ability|p2b: Incineroar|Intimidate|boost
|-unboost|p1a: Indeedee|atk|1
|-unboost|p1b: Tyranitar|atk|1
|-terastallize|p1a: Indeedee|Psychic
|move|p1a: Indeedee|Expanding Force|p2a: Archaludon|[spread] p2a
|-immune|p2b: Incineroar
|-resisted|p2a: Archaludon
|-damage|p2a: Archaludon|74/100
|-ability|p2a: Archaludon|Stamina|boost
|-boost|p2a: Archaludon|def|1
|move|p2a: Archaludon|Dragon Pulse|p1b: Tyranitar
|-damage|p1b: Tyranitar|86/100
|
|-weather|Sandstorm|[upkeep]
|-damage|p1a: Indeedee|95/100|[from] Sandstorm
|-damage|p2b: Incineroar|95/100|[from] Sandstorm
|upkeep
|turn|2
|inactive|Zurneus has 30 seconds left.
|
|t:|1756179519
|switch|p1a: Excadrill|Excadrill, L50, F|100/100
|switch|p1b: Volcarona|Volcarona, L50, M|100/100
|move|p2a: Archaludon|Body Press|p1b: Volcarona
|-resisted|p1b: Volcarona
|-damage|p1b: Volcarona|78/100
|-status|p2a: Archaludon|brn|[from] ability: Flame Body|[of] p1b: Volcarona
|move|p2b: Incineroar|Knock Off|p1a: Excadrill
|-damage|p1a: Excadrill|48/100
|-enditem|p1a: Excadrill|Clear Amulet|[from] move: Knock Off|[of] p2b: Incineroar
|
|-weather|Sandstorm|[upkeep]
|-damage|p1b: Volcarona|71/100|[from] Sandstorm
|-damage|p2b: Incineroar|89/100|[from] Sandstorm
|-damage|p2a: Archaludon|68/100 brn|[from] brn
|upkeep
|turn|3
|
|t:|1756179544
|switch|p2b: Pelipper|Pelipper, L50, F|100/100
|-weather|RainDance|[from] ability: Drizzle|[of] p2b: Pelipper
|move|p1b: Volcarona|Tailwind|p1b: Volcarona
|-sidestart|p1: Zurneus|move: Tailwind
|move|p1a: Excadrill|High Horsepower|p2a: Archaludon
|-supereffective|p2a: Archaludon
|-damage|p2a: Archaludon|18/100 brn
|-ability|p2a: Archaludon|Stamina|boost
|-boost|p2a: Archaludon|def|1
|move|p2a: Archaludon|Dragon Pulse|p1b: Volcarona
|-damage|p1b: Volcarona|36/100
|
|-weather|RainDance|[upkeep]
|-damage|p2a: Archaludon|12/100 brn|[from] brn
|upkeep
|turn|4
|inactive|Zurneus has 30 seconds left.
|inactive|Zurneus has 20 seconds left.
|inactive|Zurneus has 15 seconds left.
|
|t:|1756179584
|switch|p1a: Tyranitar|Tyranitar, L50, F|86/100
|-weather|Sandstorm|[from] ability: Sand Stream|[of] p1a: Tyranitar
|switch|p2b: Incineroar|Incineroar, L50, F|89/100
|-ability|p2b: Incineroar|Intimidate|boost
|-unboost|p1a: Tyranitar|atk|1
|-unboost|p1b: Volcarona|atk|1
|move|p1b: Volcarona|Heat Wave|p2a: Archaludon|[spread] p2a,p2b
|-resisted|p2b: Incineroar
|-damage|p2a: Archaludon|0 fnt
|-damage|p2b: Incineroar|65/100
|faint|p2a: Archaludon
|-damage|p1b: Volcarona|26/100|[from] item: Life Orb
|
|-weather|Sandstorm|[upkeep]
|-damage|p1b: Volcarona|20/100|[from] Sandstorm
|-damage|p2b: Incineroar|59/100|[from] Sandstorm
|upkeep
|
|t:|1756179601
|switch|p2a: Basculegion|Basculegion, L50, M|100/100
|turn|5
|
|t:|1756179614
|switch|p1a: Excadrill|Excadrill, L50, F|48/100
|switch|p2b: Pelipper|Pelipper, L50, F|100/100
|-weather|RainDance|[from] ability: Drizzle|[of] p2b: Pelipper
|move|p1b: Volcarona|Protect|p1b: Volcarona
|-singleturn|p1b: Volcarona|Protect
|move|p2a: Basculegion|Flip Turn|p1a: Excadrill
|-supereffective|p1a: Excadrill
|-damage|p1a: Excadrill|0 fnt
|faint|p1a: Excadrill
|
|t:|1756179625
|switch|p2a: Incineroar|Incineroar, L50, F|59/100|[from] Flip Turn
|-ability|p2a: Incineroar|Intimidate|boost
|-unboost|p1b: Volcarona|atk|1
|
|-weather|RainDance|[upkeep]
|-fieldend|move: Psychic Terrain
|upkeep
|
|t:|1756179637
|switch|p1a: Indeedee|Indeedee, L50, M, tera:Psychic|95/100
|-fieldstart|move: Psychic Terrain|[from] ability: Psychic Surge|[of] p1a: Indeedee
|turn|6
|
|t:|1756179659
|switch|p1a: Tyranitar|Tyranitar, L50, F|86/100
|-weather|Sandstorm|[from] ability: Sand Stream|[of] p1a: Tyranitar
|move|p2b: Pelipper|Protect|p2b: Pelipper
|-singleturn|p2b: Pelipper|Protect
|move|p1b: Volcarona|Tailwind||[still]
|-fail|p1b: Volcarona
|move|p2a: Incineroar|Knock Off|p1a: Tyranitar
|-resisted|p1a: Tyranitar
|-damage|p1a: Tyranitar|67/100
|-enditem|p1a: Tyranitar|Assault Vest|[from] move: Knock Off|[of] p2a: Incineroar
|
|-weather|Sandstorm|[upkeep]
|-damage|p1b: Volcarona|14/100|[from] Sandstorm
|-damage|p2b: Pelipper|95/100|[from] Sandstorm
|-damage|p2a: Incineroar|53/100|[from] Sandstorm
|-sideend|p1: Zurneus|move: Tailwind
|upkeep
|turn|7
|inactive|tfgyuhiujoimkl has 30 seconds left.
|inactive|tfgyuhiujoimkl has 20 seconds left.
|
|t:|1756179695
|-terastallize|p2b: Pelipper|Ground
|move|p1b: Volcarona|Tailwind|p1b: Volcarona
|-sidestart|p1: Zurneus|move: Tailwind
|move|p1a: Tyranitar|Rock Slide|p2a: Incineroar|[spread] 
|-miss|p1a: Tyranitar|p2a: Incineroar
|-miss|p1a: Tyranitar|p2b: Pelipper
|move|p2b: Pelipper|Weather Ball|p1b: Volcarona
|-supereffective|p1b: Volcarona
|-damage|p1b: Volcarona|0 fnt
|faint|p1b: Volcarona
|move|p2a: Incineroar|Parting Shot|p1a: Tyranitar
|-unboost|p1a: Tyranitar|atk|1
|-unboost|p1a: Tyranitar|spa|1
|
|t:|1756179707
|switch|p2a: Basculegion|Basculegion, L50, M|100/100|[from] Parting Shot
|
|-weather|Sandstorm|[upkeep]
|-damage|p2a: Basculegion|94/100|[from] Sandstorm
|upkeep
|
|t:|1756179711
|switch|p1b: Indeedee|Indeedee, L50, M, tera:Psychic|95/100
|turn|8
|
|t:|1756179724
|switch|p2a: Incineroar|Incineroar, L50, F|53/100
|-ability|p2a: Incineroar|Intimidate|boost
|-unboost|p1a: Tyranitar|atk|1
|-unboost|p1b: Indeedee|atk|1
|move|p2b: Pelipper|Protect|p2b: Pelipper
|-singleturn|p2b: Pelipper|Protect
|move|p1b: Indeedee|Expanding Force|p2a: Incineroar|[spread] 
|-activate|p2b: Pelipper|move: Protect
|-immune|p2a: Incineroar
|move|p1a: Tyranitar|Low Kick|p2b: Pelipper
|-activate|p2b: Pelipper|move: Protect
|
|-weather|Sandstorm|[upkeep]
|-damage|p1b: Indeedee|89/100|[from] Sandstorm
|-damage|p2a: Incineroar|47/100|[from] Sandstorm
|upkeep
|turn|9
|
|t:|1756179742
|move|p1b: Indeedee|Expanding Force|p2b: Pelipper|[spread] p2b
|-immune|p2a: Incineroar
|-damage|p2b: Pelipper|0 fnt
|faint|p2b: Pelipper
|move|p1a: Tyranitar|Rock Slide|p2a: Incineroar
|-supereffective|p2a: Incineroar
|-damage|p2a: Incineroar|4/100
|move|p2a: Incineroar|Knock Off|p1b: Indeedee
|-supereffective|p1b: Indeedee
|-damage|p1b: Indeedee|0 fnt
|-enditem|p1b: Indeedee|Choice Scarf|[from] move: Knock Off|[of] p2a: Incineroar
|faint|p1b: Indeedee
|
|-weather|Sandstorm|[upkeep]
|-damage|p2a: Incineroar|0 fnt|[from] Sandstorm
|faint|p2a: Incineroar
|upkeep
|
|t:|1756179753
|switch|p2b: Basculegion|Basculegion, L50, M|94/100
|turn|10
|
|t:|1756179760
|move|p1a: Tyranitar|Knock Off|p2b: Basculegion
|-supereffective|p2b: Basculegion
|-damage|p2b: Basculegion|20/100
|-enditem|p2b: Basculegion|Choice Band|[from] move: Knock Off|[of] p1a: Tyranitar
|move|p2b: Basculegion|Wave Crash|p1a: Tyranitar
|-supereffective|p1a: Tyranitar
|-damage|p1a: Tyranitar|0 fnt
|faint|p1a: Tyranitar
|-damage|p2b: Basculegion|0 fnt|[from] Recoil
|faint|p2b: Basculegion
|
|win|tfgyuhiujoimkl
|raw|Zurneus's rating: 1095 → 1070(-25 for losing)
|raw|tfgyuhiujoimkl's rating: 1085 → 1113(+28 for winning)
|l|☆tfgyuhiujoimkl
|player|p2|
