|j|☆new mental
|j|☆cooledoregon
|html|new mentalcooledoregon    
|uhtml|bestof|Game 2 of a best-of-3
|t:|1783598017
|gametype|doubles
|player|p1|new mental|volkner|1300
|player|p2|cooledoregon|1|1188
|gen|9
|tier|[Gen 9 Champions] VGC 2026 Reg M-B (Bo3)
|rated|
|rule|Species Clause: Limit one of each Pokémon
|rule|Item Clause: Limit 1 of each item
|clearpoke
|poke|p1|Charizard, L50, F|
|poke|p1|Kingambit, L50, M|
|poke|p1|Sylveon, L50, M|
|poke|p1|Garchomp, L50, M|
|poke|p1|Aerodactyl, L50, M|
|poke|p1|Farigiraf, L50, M|
|poke|p2|Excadrill, L50, F, shiny|
|poke|p2|Tyranitar, L50, F, shiny|
|poke|p2|Sinistcha, L50|
|poke|p2|Houndstone, L50, M, shiny|
|poke|p2|Hydreigon, L50, M, shiny|
|poke|p2|Meganium, L50, F|
|teampreview|4
|showteam|p1|Charizard||CharizarditeY|SolarPower|Protect,HeatWave,SolarBeam,WeatherBall|Modest||F|||50|]Kingambit||FocusSash|Defiant|IronHead,SuckerPunch,KowtowCleave,LowKick|Adamant||M|||50|]Sylveon||FairyFeather|Pixilate|Detect,HyperVoice,HyperBeam,QuickAttack|Modest||M|||50|]Garchomp||LifeOrb|RoughSkin|Protect,DragonClaw,Earthquake,RockSlide|Jolly||M|||50|]Aerodactyl||Aerodactylite|Unnerve|IceFang,RockSlide,Tailwind,DualWingbeat|Jolly||M|||50|]Farigiraf||SitrusBerry|ArmorTail|TrickRoom,Psychic,Thunderbolt,Roar|Bold||M|||50|
|showteam|p2|Excadrill||FocusSash|SandRush|Earthquake,IronHead,RockSlide,Protect|Adamant||F|||50|]Tyranitar||Tyranitarite|SandStream|RockSlide,KnockOff,LowKick,Protect|Adamant||F|||50|]Sinistcha||ColburBerry|Hospitality|MatchaGotcha,RagePowder,Protect,TrickRoom|Calm|||||50|]Houndstone||SitrusBerry|SandRush|LastRespects,WillOWisp,BodyPress,Protect|Adamant||M|||50|]Hydreigon||ChoiceScarf|Levitate|DracoMeteor,DarkPulse,HeatWave,Snarl|Modest||M|||50|]Meganium||Meganiumite|Overgrow|SolarBeam,WeatherBall,DazzlingGleam,Protect|Modest||F|||50|
|inactive|Battle timer is ON: inactive players will automatically lose when time's up. (requested by cooledoregon)
|
|t:|1783598037
|teamsize|p1|4
|teamsize|p2|4
|start
|switch|p1a: Charizard|Charizard, L50, F|100/100
|switch|p1b: Garchomp|Garchomp, L50, M|100/100
|switch|p2a: Borer|Excadrill, L50, F, shiny|100/100
|switch|p2b: Tormentilla|Tyranitar, L50, F, shiny|100/100
|-weather|Sandstorm|[from] ability: Sand Stream|[of] p2b: Tormentilla
|turn|1
|
|t:|1783598052
|detailschange|p1a: Charizard|Charizard-Mega-Y, L50, F
|-mega|p1a: Charizard|Charizard|Charizardite Y
|-weather|SunnyDay|[from] ability: Drought|[of] p1a: Charizard
|move|p2a: Borer|Protect|p2a: Borer
|-singleturn|p2a: Borer|Protect
|move|p1a: Charizard|Protect|p1a: Charizard
|-singleturn|p1a: Charizard|Protect
|move|p2b: Tormentilla|Protect|p2b: Tormentilla
|-singleturn|p2b: Tormentilla|Protect
|move|p1b: Garchomp|Earthquake|p2b: Tormentilla|[spread] 
|-activate|p1a: Charizard|move: Protect
|-activate|p2a: Borer|move: Protect
|-activate|p2b: Tormentilla|move: Protect
|
|-weather|SunnyDay|[upkeep]
|upkeep
|turn|2
|inactive|new mental has 30 seconds left.
|inactive|cooledoregon has 30 seconds left.
|
|t:|1783598086
|switch|p1a: Kingambit|Kingambit, L50, M|100/100
|detailschange|p2b: Tormentilla|Tyranitar-Mega, L50, F, shiny
|-mega|p2b: Tormentilla|Tyranitar|Tyranitarite
|-weather|Sandstorm|[from] ability: Sand Stream|[of] p2b: Tormentilla
|move|p1b: Garchomp|Protect|p1b: Garchomp
|-singleturn|p1b: Garchomp|Protect
|move|p2a: Borer|Rock Slide|p1b: Garchomp|[spread] p1a
|-activate|p1b: Garchomp|move: Protect
|-resisted|p1a: Kingambit|1
|-crit|p1a: Kingambit
|-damage|p1a: Kingambit|84/100
|move|p2b: Tormentilla|Knock Off|p1b: Garchomp
|-activate|p1b: Garchomp|move: Protect
|
|-weather|Sandstorm|[upkeep]
|upkeep
|turn|3
|inactive|new mental has 30 seconds left.
|inactive|new mental has 20 seconds left.
|inactive|new mental has 15 seconds left.
|inactive|new mental has 10 seconds left.
|
|t:|1783598137
|switch|p2b: Trinacria|Hydreigon, L50, M, shiny|100/100
|move|p2a: Borer|Rock Slide|p1a: Kingambit|[spread] p1a
|-miss|p2a: Borer|p1b: Garchomp
|-resisted|p1a: Kingambit|1
|-damage|p1a: Kingambit|75/100
|move|p1b: Garchomp|Rock Slide|p2a: Borer|[spread] p2a,p2b
|-resisted|p2a: Borer|2
|-damage|p2a: Borer|91/100
|-damage|p2b: Trinacria|72/100
|-damage|p1b: Garchomp|90/100|[from] item: Life Orb
|move|p1a: Kingambit|Low Kick|p2b: Trinacria
|-supereffective|p2b: Trinacria|1
|-crit|p2b: Trinacria
|-damage|p2b: Trinacria|0 fnt
|faint|p2b: Trinacria
|
|-weather|Sandstorm|[upkeep]
|upkeep
|
|t:|1783598148
|switch|p2b: o7|Houndstone, L50, M, shiny|100/100
|turn|4
|inactive|new mental has 30 seconds left.
|
|t:|1783598177
|move|p1a: Kingambit|Sucker Punch||[still]
|-fail|p1a: Kingambit
|move|p2a: Borer|Earthquake|p1a: Kingambit|[spread] p2b,p1a,p1b
|-supereffective|p1a: Kingambit|1
|-damage|p2b: o7|55/100
|-damage|p1a: Kingambit|0 fnt
|-damage|p1b: Garchomp|51/100
|faint|p1a: Kingambit
|move|p2b: o7|Will-O-Wisp|p1b: Garchomp
|-status|p1b: Garchomp|brn
|move|p1b: Garchomp|Rock Slide|p2a: Borer|[spread] p2a,p2b
|-resisted|p2a: Borer|2
|-damage|p2a: Borer|87/100
|-damage|p2b: o7|42/100
|-enditem|p2b: o7|Sitrus Berry|[eat]
|-heal|p2b: o7|67/100|[from] item: Sitrus Berry
|-damage|p1b: Garchomp|42/100 brn|[from] item: Life Orb
|
|-weather|Sandstorm|[upkeep]
|-damage|p1b: Garchomp|36/100 brn|[from] brn
|upkeep
|
|t:|1783598185
|switch|p1a: Charizard|Charizard-Mega-Y, L50, F|100/100
|-weather|SunnyDay|[from] ability: Drought|[of] p1a: Charizard
|turn|5
|
|t:|1783598191
|switch|p2b: Tormentilla|Tyranitar-Mega, L50, F, shiny|100/100
|-weather|Sandstorm|[from] ability: Sand Stream|[of] p2b: Tormentilla
|move|p1b: Garchomp|Protect|p1b: Garchomp
|-singleturn|p1b: Garchomp|Protect
|move|p1a: Charizard|Protect|p1a: Charizard
|-singleturn|p1a: Charizard|Protect
|move|p2a: Borer|Rock Slide|p1a: Charizard|[spread] 
|-activate|p1a: Charizard|move: Protect
|-activate|p1b: Garchomp|move: Protect
|
|-weather|Sandstorm|[upkeep]
|-damage|p1a: Charizard|93/100|[from] Sandstorm
|-damage|p1b: Garchomp|30/100 brn|[from] brn
|upkeep
|turn|6
|
|t:|1783598198
|switch|p1a: Sylveon|Sylveon, L50, M|100/100
|switch|p2b: o7|Houndstone, L50, M, shiny|67/100
|move|p2a: Borer|Earthquake|p1a: Sylveon|[spread] p2b,p1a,p1b
|-damage|p2b: o7|26/100
|-damage|p1a: Sylveon|45/100
|-damage|p1b: Garchomp|0 fnt
|faint|p1b: Garchomp
|
|-weather|Sandstorm|[upkeep]
|-damage|p1a: Sylveon|39/100|[from] Sandstorm
|upkeep
|
|t:|1783598206
|switch|p1b: Charizard|Charizard-Mega-Y, L50, F|93/100
|-weather|SunnyDay|[from] ability: Drought|[of] p1b: Charizard
|turn|7
|
|t:|1783598213
|move|p2a: Borer|Protect|p2a: Borer
|-singleturn|p2a: Borer|Protect
|move|p2b: o7|Protect|p2b: o7
|-singleturn|p2b: o7|Protect
|move|p1b: Charizard|Heat Wave|p2a: Borer|[spread] 
|-activate|p2a: Borer|move: Protect
|-activate|p2b: o7|move: Protect
|move|p1a: Sylveon|Hyper Voice|p2b: o7|[spread] 
|-activate|p2a: Borer|move: Protect
|-activate|p2b: o7|move: Protect
|
|-weather|SunnyDay|[upkeep]
|upkeep
|turn|8
|
|t:|1783598238
|switch|p2a: Tormentilla|Tyranitar-Mega, L50, F, shiny|100/100
|-weather|Sandstorm|[from] ability: Sand Stream|[of] p2a: Tormentilla
|move|p1a: Sylveon|Detect|p1a: Sylveon
|-singleturn|p1a: Sylveon|Protect
|move|p2b: o7|Last Respects|p1a: Sylveon
|-activate|p1a: Sylveon|move: Protect
|move|p1b: Charizard|Heat Wave|p2b: o7|[spread] p2a,p2b
|-resisted|p2a: Tormentilla|1
|-damage|p2a: Tormentilla|90/100
|-damage|p2b: o7|0 fnt
|faint|p2b: o7
|
|-weather|Sandstorm|[upkeep]
|-damage|p1b: Charizard|87/100|[from] Sandstorm
|-damage|p1a: Sylveon|33/100|[from] Sandstorm
|upkeep
|
|t:|1783598243
|switch|p2b: Borer|Excadrill, L50, F, shiny|87/100
|turn|9
|
|t:|1783598254
|move|p2b: Borer|Iron Head|p1a: Sylveon
|-supereffective|p1a: Sylveon|1
|-crit|p1a: Sylveon
|-damage|p1a: Sylveon|0 fnt
|faint|p1a: Sylveon
|move|p1b: Charizard|Heat Wave|p2a: Tormentilla|[spread] p2a,p2b
|-resisted|p2a: Tormentilla|1
|-supereffective|p2b: Borer|1
|-damage|p2a: Tormentilla|81/100
|-damage|p2b: Borer|0 fnt
|faint|p2b: Borer
|move|p2a: Tormentilla|Rock Slide|p1b: Charizard
|-supereffective|p1b: Charizard|2
|-damage|p1b: Charizard|0 fnt
|faint|p1b: Charizard
|
|win|cooledoregon
||new mental is ready for game 3.
||cooledoregon is ready for game 3.
|uhtml|next|Next: Game 3 of 3
|l|☆cooledoregon
|player|p2|
