|j|☆chitominchia
|j|☆Jakobtc
|html|chitominchiaJakobtc    
|uhtml|bestof|Game 2 of a best-of-3
|t:|1784523385
|gametype|doubles
|player|p1|chitominchia|hiker-gen4|1075
|player|p2|Jakobtc|riley|1106
|gen|9
|tier|[Gen 9 Champions] VGC 2026 Reg M-B (Bo3)
|rated|
|rule|Species Clause: Limit one of each Pokémon
|rule|Item Clause: Limit 1 of each item
|clearpoke
|poke|p1|Scovillain, L50, M|
|poke|p1|Gholdengo, L50|
|poke|p1|Kommo-o, L50, M|
|poke|p1|Palafin, L50, M|
|poke|p1|Politoed, L50, M|
|poke|p1|Gengar, L50, M|
|poke|p2|Zoroark-Hisui, L50, F|
|poke|p2|Charizard, L50, F|
|poke|p2|Whimsicott, L50, F|
|poke|p2|Gholdengo, L50|
|poke|p2|Incineroar, L50, F|
|poke|p2|Dragonite, L50, M|
|teampreview|4
|showteam|p1|Scovillain||Scovillainite|Moody|RagePowder,Overheat,GigaDrain,Protect|Bold||M|||50|]Gholdengo||ChoiceScarf|GoodasGold|MakeItRain,ShadowBall,PowerGem,Trick|Modest|||||50|]Kommo-o||Leftovers|Soundproof|ClangorousSoul,ClangingScales,AuraSphere,Protect|Modest||M|||50|]Palafin||MysticWater|ZerotoHero|WaveCrash,JetPunch,FlipTurn,Protect|Adamant||M|||50|]Politoed||SitrusBerry|Drizzle|WeatherBall,IceBeam,PerishSong,Protect|Modest||M|||50|]Gengar||Gengarite|CursedBody|PerishSong,ShadowBall,SludgeBomb,Protect|Timid||M|||50|
|showteam|p2|Zoroark-Hisui||FocusSash|Illusion|BitterMalice,IcyWind,Taunt,Protect|Timid||F|||50|]Charizard||CharizarditeY|Blaze|HeatWave,WeatherBall,SolarBeam,Protect|Modest||F|||50|]Whimsicott||MentalHerb|Prankster|Moonblast,Tailwind,FakeTears,Encore|Timid||F|||50|]Gholdengo||MetalCoat|GoodasGold|MakeItRain,ShadowBall,NastyPlot,Protect|Modest|||||50|]Incineroar||SitrusBerry|Intimidate|FakeOut,FlareBlitz,DarkestLariat,PartingShot|Adamant||F|||50|]Dragonite||DragonFang|Multiscale|ScaleShot,ExtremeSpeed,LowKick,Protect|Adamant||M|||50|
|inactive|Battle timer is ON: inactive players will automatically lose when time's up. (requested by chitominchia)
|inactive|Jakobtc also wants the timer to be on.
|inactive|Jakobtc has 60 seconds left.
|
|t:|1784523417
|teamsize|p1|4
|teamsize|p2|4
|start
|switch|p1a: Scovillain|Scovillain, L50, M|100/100
|switch|p1b: Palafin|Palafin, L50, M|100/100
|switch|p2a: Gholdengo|Gholdengo, L50|100/100
|switch|p2b: Incineroar|Incineroar, L50, F|100/100
|-ability|p2b: Incineroar|Intimidate|boost
|-unboost|p1a: Scovillain|atk|1
|-unboost|p1b: Palafin|atk|1
|turn|1
|
|t:|1784523433
|move|p1a: Scovillain|Protect|p1a: Scovillain
|-singleturn|p1a: Scovillain|Protect
|move|p2b: Incineroar|Fake Out|p1b: Palafin
|-damage|p1b: Palafin|86/100
|move|p2a: Gholdengo|Taunt|p1a: Scovillain
|-activate|p1a: Scovillain|move: Protect
|cant|p1b: Palafin|flinch
|
|-ability|p1a: Scovillain|Moody|boost
|-boost|p1a: Scovillain|def|2
|-unboost|p1a: Scovillain|spd|1
|upkeep
|turn|2
|
|t:|1784523451
|detailschange|p1a: Scovillain|Scovillain-Mega, L50, M
|-mega|p1a: Scovillain|Scovillain|Scovillainite
|move|p2a: Gholdengo|Taunt|p1a: Scovillain
|-start|p1a: Scovillain|move: Taunt
|move|p1b: Palafin|Flip Turn|p2b: Incineroar
|-supereffective|p2b: Incineroar|1
|-damage|p2b: Incineroar|67/100
|
|t:|1784523460
|detailschange|p1b: Palafin|Palafin-Hero, L50, M
|switch|p1b: Kommo-o|Kommo-o, L50, M|100/100|[from] Flip Turn
|move|p2b: Incineroar|Parting Shot|p1b: Kommo-o
|-immune|p1b: Kommo-o|[from] ability: Soundproof
|move|p1a: Scovillain|Overheat|p2a: Gholdengo|[miss]
|-miss|p1a: Scovillain|p2a: Gholdengo
|
|upkeep
|turn|3
|
|t:|1784523484
|switch|p2b: Charizard|Charizard, L50, F|100/100
|move|p2a: Gholdengo|Icy Wind|p1b: Kommo-o|[spread] p1a,p1b
|-supereffective|p1b: Kommo-o|1
|-damage|p1a: Scovillain|77/100
|-damage|p1b: Kommo-o|74/100
|-unboost|p1a: Scovillain|spe|1
|-unboost|p1b: Kommo-o|spe|1
|-status|p2a: Gholdengo|brn|[from] ability: Spicy Spray|[of] p1a: Scovillain
|move|p1b: Kommo-o|Aura Sphere|p2b: Charizard
|-resisted|p2b: Charizard|1
|-damage|p2b: Charizard|78/100
|move|p1a: Scovillain|Overheat|p2a: Gholdengo
|-enditem|p2a: Gholdengo|Focus Sash
|-damage|p2a: Gholdengo|1/100 brn
|-unboost|p1a: Scovillain|spa|2
|replace|p2a: Zoroark|Zoroark-Hisui, L50, F
|-end|p2a: Zoroark|Illusion
|
|-heal|p1b: Kommo-o|80/100|[from] item: Leftovers
|-damage|p2a: Zoroark|0 fnt|[from] brn
|faint|p2a: Zoroark
|upkeep
|
|t:|1784523505
|switch|p2a: Incineroar|Incineroar, L50, F|67/100
|-ability|p2a: Incineroar|Intimidate|boost
|-unboost|p1a: Scovillain|atk|1
|-unboost|p1b: Kommo-o|atk|1
|turn|4
|
|t:|1784523519
|move|p1b: Kommo-o|Protect|p1b: Kommo-o
|-singleturn|p1b: Kommo-o|Protect
|move|p2a: Incineroar|Fake Out|p1b: Kommo-o
|-activate|p1b: Kommo-o|move: Protect
|move|p2b: Charizard|Heat Wave|p1a: Scovillain|[spread] p1a
|-activate|p1b: Kommo-o|move: Protect
|-damage|p1a: Scovillain|25/100
|-immune|p2b: Charizard
|move|p1a: Scovillain|Overheat|p2b: Charizard|[miss]
|-miss|p1a: Scovillain|p2b: Charizard
|
|-heal|p1b: Kommo-o|86/100|[from] item: Leftovers
|-end|p1a: Scovillain|move: Taunt
|upkeep
|turn|5
|
|t:|1784523542
|detailschange|p2b: Charizard|Charizard-Mega-Y, L50, F
|-mega|p2b: Charizard|Charizard|Charizardite Y
|-weather|SunnyDay|[from] ability: Drought|[of] p2b: Charizard
|move|p1a: Scovillain|Protect|p1a: Scovillain
|-singleturn|p1a: Scovillain|Protect
|move|p2b: Charizard|Heat Wave|p1b: Kommo-o|[spread] p1b
|-activate|p1a: Scovillain|move: Protect
|-resisted|p1b: Kommo-o|1
|-damage|p1b: Kommo-o|54/100
|move|p2a: Incineroar|Flare Blitz|p1b: Kommo-o
|-resisted|p1b: Kommo-o|1
|-damage|p1b: Kommo-o|21/100
|-damage|p2a: Incineroar|57/100|[from] Recoil
|move|p1b: Kommo-o|Clangorous Soul||[still]
|-fail|p1b: Kommo-o
|
|-weather|SunnyDay|[upkeep]
|-heal|p1b: Kommo-o|27/100|[from] item: Leftovers
|upkeep
|turn|6
|inactive|chitominchia has 30 seconds left.
|inactive|Jakobtc has 30 seconds left.
|inactive|Jakobtc has 20 seconds left.
|
|t:|1784523577
|switch|p1a: Politoed|Politoed, L50, M|100/100
|-weather|RainDance|[from] ability: Drizzle|[of] p1a: Politoed
|move|p2b: Charizard|Weather Ball|p1b: Kommo-o
|-resisted|p1b: Kommo-o|1
|-damage|p1b: Kommo-o|0 fnt
|faint|p1b: Kommo-o
|move|p2a: Incineroar|Parting Shot|p1a: Politoed
|-unboost|p1a: Politoed|atk|1
|-unboost|p1a: Politoed|spa|1
|
|t:|1784523586
|switch|p2a: Gholdengo|Gholdengo, L50|100/100|[from] Parting Shot
|
|-weather|RainDance|[upkeep]
|upkeep
|
|t:|1784523592
|switch|p1b: Palafin|Palafin-Hero, L50, M|86/100
|-activate|p1b: Palafin|ability: Zero to Hero
|turn|7
|
|t:|1784523612
|switch|p2b: Incineroar|Incineroar, L50, F|57/100
|-ability|p2b: Incineroar|Intimidate|boost
|-unboost|p1a: Politoed|atk|1
|-unboost|p1b: Palafin|atk|1
|move|p2a: Gholdengo|Protect|p2a: Gholdengo
|-singleturn|p2a: Gholdengo|Protect
|move|p1b: Palafin|Wave Crash|p2a: Gholdengo
|-activate|p2a: Gholdengo|move: Protect
|move|p1a: Politoed|Weather Ball|p2b: Incineroar
|-supereffective|p2b: Incineroar|1
|-damage|p2b: Incineroar|0 fnt
|faint|p2b: Incineroar
|
|-weather|RainDance|[upkeep]
|upkeep
|
|t:|1784523625
|switch|p2b: Charizard|Charizard-Mega-Y, L50, F|78/100
|-weather|SunnyDay|[from] ability: Drought|[of] p2b: Charizard
|turn|8
|
|t:|1784523636
|switch|p1a: Scovillain|Scovillain-Mega, L50, M|25/100
|move|p2b: Charizard|Heat Wave|p1b: Palafin|[spread] p1a,p1b
|-resisted|p1b: Palafin|1
|-crit|p1b: Palafin
|-damage|p1a: Scovillain|0 fnt
|-damage|p1b: Palafin|39/100
|-immune|p2b: Charizard
|faint|p1a: Scovillain
|move|p2a: Gholdengo|Nasty Plot|p2a: Gholdengo
|-boost|p2a: Gholdengo|spa|2
|move|p1b: Palafin|Flip Turn|p2b: Charizard
|-supereffective|p2b: Charizard|1
|-damage|p2b: Charizard|30/100
|
|t:|1784523646
|switch|p1b: Politoed|Politoed, L50, M|100/100|[from] Flip Turn
|-weather|RainDance|[from] ability: Drizzle|[of] p1b: Politoed
|
|-weather|RainDance|[upkeep]
|upkeep
|
|t:|1784523648
|switch|p1a: Palafin|Palafin-Hero, L50, M|39/100
|turn|9
|inactive|Jakobtc has 30 seconds left.
|
|t:|1784523676
|move|p1a: Palafin|Jet Punch|p2a: Gholdengo
|-damage|p2a: Gholdengo|14/100
|move|p2b: Charizard|Solar Beam||[still]
|-prepare|p2b: Charizard|Solar Beam
|move|p2a: Gholdengo|Shadow Ball|p1a: Palafin
|-damage|p1a: Palafin|0 fnt
|faint|p1a: Palafin
|move|p1b: Politoed|Weather Ball|p2a: Gholdengo
|-damage|p2a: Gholdengo|0 fnt
|faint|p2a: Gholdengo
|
|-weather|RainDance|[upkeep]
|upkeep
|turn|10
|
|t:|1784523688
|move|p1b: Politoed|Protect|p1b: Politoed
|-singleturn|p1b: Politoed|Protect
|move|p2b: Charizard|Solar Beam|p1b: Politoed|[from] lockedmove
|-activate|p1b: Politoed|move: Protect
|
|-weather|RainDance|[upkeep]
|upkeep
|turn|11
|
|t:|1784523695
|move|p2b: Charizard|Protect|p2b: Charizard
|-singleturn|p2b: Charizard|Protect
|move|p1b: Politoed|Weather Ball|p2b: Charizard
|-activate|p2b: Charizard|move: Protect
|
|-weather|RainDance|[upkeep]
|upkeep
|turn|12
|
|t:|1784523701
|move|p2b: Charizard|Protect||[still]
|-fail|p2b: Charizard
|move|p1b: Politoed|Weather Ball|p2b: Charizard
|-supereffective|p2b: Charizard|1
|-damage|p2b: Charizard|0 fnt
|faint|p2b: Charizard
|
|win|chitominchia
||chitominchia is ready for game 3.
