|j|☆parsley<3
|j|☆Flamingtiger56
|html|parsley<3Flamingtiger56    
|uhtml|bestof|Game 1 of a best-of-3
|t:|1756426214
|gametype|doubles
|player|p1|parsley<3|lacey|1255
|player|p2|Flamingtiger56|101|1374
|gen|9
|tier|[Gen 9] VGC 2025 Reg H (Bo3)
|rated|
|rule|Species Clause: Limit one of each Pokémon
|rule|Item Clause: Limit 1 of each item
|clearpoke
|poke|p1|Maushold, L50|
|poke|p1|Annihilape, L50, M|
|poke|p1|Gholdengo, L50|
|poke|p1|Ursaluna-Bloodmoon, L50, M|
|poke|p1|Dragonite, L50, F|
|poke|p1|Sneasler, L50, F|
|poke|p2|Samurott-Hisui, L50, F|
|poke|p2|Amoonguss, L50, F|
|poke|p2|Incineroar, L50, M|
|poke|p2|Gholdengo, L50|
|poke|p2|Yanmega, L50, F|
|poke|p2|Ursaluna, L50, F|
|teampreview|4
|showteam|p1|Maushold||SafetyGoggles|FriendGuard|SuperFang,BeatUp,Protect,FollowMe||||||50|,,,,,Ghost]Annihilape||SitrusBerry|Defiant|RageFist,CloseCombat,Protect,FinalGambit|||M|||50|,,,,,Fire]Gholdengo||LifeOrb|GoodasGold|MakeItRain,ShadowBall,Protect,NastyPlot||||||50|,,,,,Water]Ursaluna-Bloodmoon||AssaultVest|MindsEye|HyperVoice,BloodMoon,EarthPower,VacuumWave|||M|||50|,,,,,Ghost]Dragonite||LoadedDice|Multiscale|ScaleShot,Tailwind,Protect,Haze|||F|||50|,,,,,Fairy]Sneasler||FocusSash|Unburden|DireClaw,CloseCombat,Protect,ThroatChop|||F|||50|,,,,,Stellar
|showteam|p2|Samurott-Hisui||LifeOrb|Sharpness|CeaselessEdge,RazorShell,SacredSword,Protect|||F|||50|,,,,,Dark]Amoonguss||CovertCloak|Regenerator|Spore,RagePowder,PollenPuff,ClearSmog|||F|||50|,,,,,Water]Incineroar||SafetyGoggles|Intimidate|FakeOut,KnockOff,FlareBlitz,PartingShot|||M|||50|,,,,,Ghost]Gholdengo||SitrusBerry|GoodasGold|MakeItRain,ShadowBall,NastyPlot,Protect||||||50|,,,,,Dragon]Yanmega||FocusSash|SpeedBoost|AirSlash,BugBuzz,Tailwind,Protect|||F|||50|,,,,,Ghost]Ursaluna||FlameOrb|Guts|Facade,HeadlongRush,Earthquake,Protect|||F|||50|,,,,,Fairy
|inactive|Battle timer is ON: inactive players will automatically lose when time's up. (requested by Flamingtiger56)
|inactive|parsley<3 has 60 seconds left.
|inactive|Flamingtiger56 has 60 seconds left.
|
|t:|1756426264
|teamsize|p1|4
|teamsize|p2|4
|start
|switch|p1a: mishold|Maushold, L50|100/100
|switch|p1b: mishape|Annihilape, L50, M|100/100
|switch|p2a: Gholdengo|Gholdengo, L50|100/100
|switch|p2b: Amoonguss|Amoonguss, L50, F|100/100
|turn|1
|inactive|Flamingtiger56 has 30 seconds left.
|
|t:|1756426292
|move|p1b: mishape|Protect|p1b: mishape
|-singleturn|p1b: mishape|Protect
|move|p2b: Amoonguss|Rage Powder|p2b: Amoonguss
|-singleturn|p2b: Amoonguss|move: Rage Powder
|move|p1a: mishold|Super Fang|p2b: Amoonguss
|-damage|p2b: Amoonguss|51/100
|move|p2a: Gholdengo|Nasty Plot|p2a: Gholdengo
|-boost|p2a: Gholdengo|spa|2
|
|upkeep
|turn|2
|
|t:|1756426304
|-terastallize|p1b: mishape|Fire
|move|p2b: Amoonguss|Rage Powder|p2b: Amoonguss
|-singleturn|p2b: Amoonguss|move: Rage Powder
|move|p1a: mishold|Beat Up|p1b: mishape
|-crit|p1b: mishape
|-damage|p1b: mishape|98/100
|-damage|p1b: mishape|96/100
|-damage|p1b: mishape|93/100
|-damage|p1b: mishape|90/100
|-hitcount|p1b: mishape|4
|move|p1b: mishape|Rage Fist|p2b: Amoonguss
|-crit|p2b: Amoonguss
|-damage|p2b: Amoonguss|0 fnt
|faint|p2b: Amoonguss
|move|p2a: Gholdengo|Make It Rain|p1b: mishape|[spread] p1a,p1b
|-resisted|p1b: mishape
|-damage|p1a: mishold|0 fnt
|-damage|p1b: mishape|58/100
|-unboost|p2a: Gholdengo|spa|1
|faint|p1a: mishold
|
|upkeep
|
|t:|1756426323
|switch|p1a: mishonite|Dragonite, L50, F|100/100
|switch|p2b: Yanmega|Yanmega, L50, F|100/100
|turn|3
|
|t:|1756426336
|move|p1b: mishape|Rage Fist|p2a: Gholdengo
|-supereffective|p2a: Gholdengo
|-damage|p2a: Gholdengo|0 fnt
|faint|p2a: Gholdengo
|move|p2b: Yanmega|Tailwind|p2b: Yanmega
|-sidestart|p2: Flamingtiger56|move: Tailwind
|move|p1a: mishonite|Tailwind|p1a: mishonite
|-sidestart|p1: parsley<3|move: Tailwind
|
|-ability|p2b: Yanmega|Speed Boost|boost
|-boost|p2b: Yanmega|spe|1
|upkeep
|
|t:|1756426347
|switch|p2a: Ursaluna|Ursaluna, L50, F|100/100
|turn|4
|
|t:|1756426358
|-terastallize|p2a: Ursaluna|Fairy
|move|p2b: Yanmega|Air Slash|p1a: mishonite
|-damage|p1a: mishonite|80/100
|move|p1b: mishape|Close Combat|p2a: Ursaluna
|-resisted|p2a: Ursaluna
|-damage|p2a: Ursaluna|81/100
|-unboost|p1b: mishape|def|1
|-unboost|p1b: mishape|spd|1
|move|p1a: mishonite|Scale Shot|p2b: Yanmega
|-damage|p2b: Yanmega|82/100
|-damage|p2b: Yanmega|63/100
|-damage|p2b: Yanmega|44/100
|-damage|p2b: Yanmega|25/100
|-damage|p2b: Yanmega|5/100
|-hitcount|p2b: Yanmega|5
|-unboost|p1a: mishonite|def|1
|-boost|p1a: mishonite|spe|1
|move|p2a: Ursaluna|Headlong Rush|p1b: mishape
|-supereffective|p1b: mishape
|-damage|p1b: mishape|0 fnt
|-unboost|p2a: Ursaluna|def|1
|-unboost|p2a: Ursaluna|spd|1
|faint|p1b: mishape
|
|-ability|p2b: Yanmega|Speed Boost|boost
|-boost|p2b: Yanmega|spe|1
|-status|p2a: Ursaluna|brn|[from] item: Flame Orb
|upkeep
|
|t:|1756426362
|switch|p1b: mishler|Sneasler, L50, F|100/100
|turn|5
|inactive|Flamingtiger56 has 30 seconds left.
|
|t:|1756426393
|move|p2b: Yanmega|Air Slash|p1b: mishler
|-supereffective|p1b: mishler
|-enditem|p1b: mishler|Focus Sash
|-damage|p1b: mishler|1/100
|move|p1b: mishler|Dire Claw|p2a: Ursaluna
|-supereffective|p2a: Ursaluna
|-damage|p2a: Ursaluna|0 fnt
|faint|p2a: Ursaluna
|move|p1a: mishonite|Scale Shot|p2b: Yanmega
|-damage|p2b: Yanmega|0 fnt
|faint|p2b: Yanmega
|-hitcount|p2: Yanmega|1
|
|win|parsley<3
