|j|☆Notaplaceofhonor
|j|☆minimoosee
|html|Notaplaceofhonorminimoosee    
|uhtml|bestof|Game 1 of a best-of-3
|t:|1756313971
|gametype|doubles
|player|p1|Notaplaceofhonor|juan-gen3|1176
|player|p2|minimoosee|hilbert|1098
|gen|9
|tier|[Gen 9] VGC 2025 Reg H (Bo3)
|rated|
|rule|Species Clause: Limit one of each Pokémon
|rule|Item Clause: Limit 1 of each item
|clearpoke
|poke|p1|Ursaluna, L50, M|
|poke|p1|Incineroar, L50, M|
|poke|p1|Porygon2, L50|
|poke|p1|Jumpluff, L50, M|
|poke|p1|Gholdengo, L50|
|poke|p1|Sneasler, L50, M|
|poke|p2|Pelipper, L50, M|
|poke|p2|Archaludon, L50, M|
|poke|p2|Amoonguss, L50, M|
|poke|p2|Incineroar, L50, M|
|poke|p2|Basculegion, L50, M|
|poke|p2|Farigiraf, L50, M|
|teampreview|4
|showteam|p1|Ursaluna||FlameOrb|Guts|Protect,Facade,Earthquake,HeadlongRush|||M|||50|,,,,,Ghost]Incineroar||SafetyGoggles|Intimidate|FlareBlitz,FakeOut,KnockOff,PartingShot|||M|||50|,,,,,Ghost]Porygon2||Eviolite|Download|Recover,TeraBlast,IceBeam,TrickRoom||||||50|,,,,,Fighting]Jumpluff||CovertCloak|Chlorophyll|SleepPowder,Tailwind,PollenPuff,RagePowder|||M|||50|,,,,,Water]Gholdengo||LifeOrb|GoodasGold|Protect,NastyPlot,MakeItRain,ShadowBall||||||50|,,,,,Steel]Sneasler||FocusSash|Unburden|Protect,CloseCombat,DireClaw,ThroatChop|||M|||50|,,,,,Stellar
|showteam|p2|Pelipper||FocusSash|Drizzle|WeatherBall,Tailwind,Protect,Hurricane|||M|||50|,,,,,Stellar]Archaludon||AssaultVest|Stamina|DragonPulse,ElectroShot,BodyPress,TeraBlast|||M|||50|,,,,,Flying]Amoonguss||RockyHelmet|EffectSpore|Spore,RagePowder,Protect,PollenPuff|||M|||50|,,,,,Water]Incineroar||SafetyGoggles|Intimidate|FlareBlitz,KnockOff,FakeOut,PartingShot|||M|||50|,,,,,Ghost]Basculegion||ChoiceBand|SwiftSwim|WaveCrash,LastRespects,AquaJet,FlipTurn|||M|||50|,,,,,Grass]Farigiraf||ThroatSpray|ArmorTail|Psychic,TeraBlast,HyperVoice,TrickRoom|||M|||50|,,,,,Fighting
|inactive|Battle timer is ON: inactive players will automatically lose when time's up. (requested by minimoosee)
|inactive|Notaplaceofhonor has 60 seconds left.
|inactive|minimoosee has 60 seconds left.
|inactive|Notaplaceofhonor has 30 seconds left.
|
|t:|1756314052
|teamsize|p1|4
|teamsize|p2|4
|start
|switch|p1a: Jumpluff|Jumpluff, L50, M|100/100
|switch|p1b: Incineroar|Incineroar, L50, M|100/100
|switch|p2a: Pelipper|Pelipper, L50, M, shiny|100/100
|switch|p2b: Basculegion|Basculegion, L50, M, shiny|100/100
|-weather|RainDance|[from] ability: Drizzle|[of] p2a: Pelipper
|-ability|p1b: Incineroar|Intimidate|boost
|-unboost|p2a: Pelipper|atk|1
|-unboost|p2b: Basculegion|atk|1
|turn|1
|inactive|Notaplaceofhonor has 30 seconds left.
|
|t:|1756314081
|switch|p2b: Archaludon|Archaludon, L50, M, shiny|100/100
|move|p1b: Incineroar|Fake Out|p2a: Pelipper
|-damage|p2a: Pelipper|87/100
|move|p1a: Jumpluff|Sleep Powder|p2b: Archaludon|[miss]
|-miss|p1a: Jumpluff|p2b: Archaludon
|cant|p2a: Pelipper|flinch
|
|-weather|RainDance|[upkeep]
|upkeep
|turn|2
|
|t:|1756314099
|switch|p2b: Incineroar|Incineroar, L50, M, shiny|100/100
|-ability|p2b: Incineroar|Intimidate|boost
|-unboost|p1a: Jumpluff|atk|1
|-unboost|p1b: Incineroar|atk|1
|move|p1a: Jumpluff|Sleep Powder|p2b: Incineroar
|-activate|p2b: Incineroar|item: Safety Goggles|Sleep Powder
|move|p2a: Pelipper|Weather Ball|p1b: Incineroar
|-supereffective|p1b: Incineroar
|-damage|p1b: Incineroar|0 fnt
|faint|p1b: Incineroar
|
|-weather|RainDance|[upkeep]
|upkeep
|
|t:|1756314107
|switch|p1b: Ursaluna|Ursaluna, L50, M|100/100
|turn|3
|inactive|minimoosee has 30 seconds left.
|
|t:|1756314141
|switch|p1a: Porygon2|Porygon2, L50|100/100
|-ability|p1a: Porygon2|Download|boost
|-boost|p1a: Porygon2|spa|1
|move|p2a: Pelipper|Protect|p2a: Pelipper
|-singleturn|p2a: Pelipper|Protect
|move|p1b: Ursaluna|Protect|p1b: Ursaluna
|-singleturn|p1b: Ursaluna|Protect
|move|p2b: Incineroar|Knock Off|p1b: Ursaluna
|-activate|p1b: Ursaluna|move: Protect
|
|-weather|RainDance|[upkeep]
|-status|p1b: Ursaluna|brn|[from] item: Flame Orb
|upkeep
|turn|4
|
|t:|1756314159
|switch|p1b: Jumpluff|Jumpluff, L50, M|100/100
|-terastallize|p1a: Porygon2|Fighting
|move|p2a: Pelipper|Weather Ball|p1b: Jumpluff
|-resisted|p1b: Jumpluff
|-damage|p1b: Jumpluff|63/100
|move|p1a: Porygon2|Tera Blast|p2b: Incineroar|[anim] Tera Blast Fighting
|-supereffective|p2b: Incineroar
|-damage|p2b: Incineroar|31/100
|move|p2b: Incineroar|Knock Off|p1b: Jumpluff
|-damage|p1b: Jumpluff|5/100
|-enditem|p1b: Jumpluff|Covert Cloak|[from] move: Knock Off|[of] p2b: Incineroar
|
|-weather|RainDance|[upkeep]
|upkeep
|turn|5
|inactive|minimoosee has 30 seconds left.
|
|t:|1756314191
|switch|p2a: Basculegion|Basculegion, L50, M, shiny|100/100
|move|p1b: Jumpluff|Sleep Powder|p2a: Basculegion
|-status|p2a: Basculegion|slp|[from] move: Sleep Powder
|move|p2b: Incineroar|Parting Shot|p1a: Porygon2
|-unboost|p1a: Porygon2|atk|1
|-unboost|p1a: Porygon2|spa|1
|
|t:|1756314199
|switch|p2b: Pelipper|Pelipper, L50, M, shiny|87/100|[from] Parting Shot
|move|p1a: Porygon2|Trick Room|p1a: Porygon2
|-fieldstart|move: Trick Room|[of] p1a: Porygon2
|
|-weather|none
|upkeep
|turn|6
|
|t:|1756314220
|switch|p1a: Ursaluna|Ursaluna, L50, M|100/100 brn
|switch|p2b: Incineroar|Incineroar, L50, M, shiny|31/100
|-ability|p2b: Incineroar|Intimidate|boost
|-unboost|p1a: Ursaluna|atk|1
|-unboost|p1b: Jumpluff|atk|1
|move|p1b: Jumpluff|Rage Powder|p1b: Jumpluff
|-singleturn|p1b: Jumpluff|move: Rage Powder
|cant|p2a: Basculegion|slp
|
|-damage|p1a: Ursaluna|95/100 brn|[from] brn
|upkeep
|turn|7
|inactive|Notaplaceofhonor has 30 seconds left.
|inactive|minimoosee has 30 seconds left.
|
|t:|1756314249
|switch|p1a: Porygon2|Porygon2, L50, tera:Fighting|100/100
|-ability|p1a: Porygon2|Download|boost
|-boost|p1a: Porygon2|atk|1
|switch|p2a: Pelipper|Pelipper, L50, M, shiny|87/100
|-weather|RainDance|[from] ability: Drizzle|[of] p2a: Pelipper
|move|p2b: Incineroar|Fake Out|p1a: Porygon2
|-damage|p1a: Porygon2|92/100
|move|p1b: Jumpluff|Pollen Puff|p2b: Incineroar
|-damage|p2b: Incineroar|19/100
|
|-weather|RainDance|[upkeep]
|upkeep
|turn|8
|inactive|Notaplaceofhonor has 30 seconds left.
|
|t:|1756314275
|move|p1b: Jumpluff|Rage Powder|p1b: Jumpluff
|-singleturn|p1b: Jumpluff|move: Rage Powder
|move|p2b: Incineroar|Knock Off|p1a: Porygon2
|-resisted|p1a: Porygon2
|-damage|p1a: Porygon2|78/100
|-enditem|p1a: Porygon2|Eviolite|[from] move: Knock Off|[of] p2b: Incineroar
|move|p1a: Porygon2|Ice Beam|p2a: Pelipper
|-damage|p2a: Pelipper|50/100
|move|p2a: Pelipper|Weather Ball|p1b: Jumpluff
|-resisted|p1b: Jumpluff
|-damage|p1b: Jumpluff|0 fnt
|faint|p1b: Jumpluff
|
|-weather|RainDance|[upkeep]
|upkeep
|
|t:|1756314283
|switch|p1b: Ursaluna|Ursaluna, L50, M|95/100 brn
|turn|9
|
|t:|1756314294
|move|p2a: Pelipper|Protect|p2a: Pelipper
|-singleturn|p2a: Pelipper|Protect
|move|p2b: Incineroar|Parting Shot|p1b: Ursaluna
|-unboost|p1b: Ursaluna|atk|1
|-unboost|p1b: Ursaluna|spa|1
|
|t:|1756314299
|switch|p2b: Basculegion|Basculegion, L50, M, shiny|100/100 slp|[from] Parting Shot
|move|p1a: Porygon2|Ice Beam|p2a: Pelipper
|-activate|p2a: Pelipper|move: Protect
|move|p1b: Ursaluna|Headlong Rush|p2b: Basculegion
|-damage|p2b: Basculegion|10/100 slp
|-unboost|p1b: Ursaluna|def|1
|-unboost|p1b: Ursaluna|spd|1
|
|-weather|RainDance|[upkeep]
|-damage|p1b: Ursaluna|89/100 brn|[from] brn
|-fieldend|move: Trick Room
|upkeep
|turn|10
|
|t:|1756314319
|switch|p2b: Incineroar|Incineroar, L50, M, shiny|19/100
|-ability|p2b: Incineroar|Intimidate|boost
|-unboost|p1a: Porygon2|atk|1
|-unboost|p1b: Ursaluna|atk|1
|move|p2a: Pelipper|Weather Ball|p1b: Ursaluna
|-supereffective|p1b: Ursaluna
|-damage|p1b: Ursaluna|0 fnt
|faint|p1b: Ursaluna
|move|p1a: Porygon2|Ice Beam|p2b: Incineroar
|-resisted|p2b: Incineroar
|-damage|p2b: Incineroar|10/100
|-status|p2b: Incineroar|frz
|
|-weather|RainDance|[upkeep]
|upkeep
|turn|11
|
|t:|1756314334
|move|p2a: Pelipper|Hurricane|p1a: Porygon2
|-supereffective|p1a: Porygon2
|-damage|p1a: Porygon2|0 fnt
|faint|p1a: Porygon2
|
|win|minimoosee
