|j|☆jagheter
|j|☆pimi19
|html|jagheterpimi19    
|uhtml|bestof|Game 3 of a best-of-3
|t:|1756449001
|gametype|doubles
|player|p1|jagheter|worker|1115
|player|p2|pimi19|101|1126
|gen|9
|tier|[Gen 9] VGC 2025 Reg H (Bo3)
|rated|
|rule|Species Clause: Limit one of each Pokémon
|rule|Item Clause: Limit 1 of each item
|clearpoke
|poke|p1|Venusaur, L50, F|
|poke|p1|Volcarona, L50, F|
|poke|p1|Incineroar, L50, M|
|poke|p1|Grimmsnarl, L50, M|
|poke|p1|Dondozo, L50, M|
|poke|p1|Rillaboom, L50, F|
|poke|p2|Ninetales-Alola, L50, F|
|poke|p2|Gholdengo, L50|
|poke|p2|Rillaboom, L50, M|
|poke|p2|Incineroar, L50, F|
|poke|p2|Dragonite, L50, M|
|poke|p2|Sneasler, L50, F|
|teampreview|4
|showteam|p1|Venusaur||WideLens|Chlorophyll|SleepPowder,Protect,SludgeBomb,EarthPower|||F|||50|,,,,,Ghost]Volcarona||CovertCloak|FlameBody|FieryDance,GigaDrain,QuiverDance,Protect|||F|||50|,,,,,Dragon]Incineroar||MirrorHerb|Intimidate|FakeOut,KnockOff,Taunt,FlareBlitz|||M|||50|,,,,,Ghost]Grimmsnarl||BlackGlasses|Prankster|Reflect,LightScreen,SpiritBreak,SuckerPunch|||M|||50|,,,,,Dark]Dondozo||Leftovers|Unaware|Fissure,Protect,Liquidation,Yawn|||M|||50|,,,,,Ghost]Rillaboom||AssaultVest|GrassySurge|FakeOut,WoodHammer,GrassyGlide,Uturn|||F|||50|,,,,,Fire
|showteam|p2|Ninetales-Alola||CovertCloak|SnowWarning|Blizzard,Moonblast,AuroraVeil,Protect|||F|||50|,,,,,Ghost]Gholdengo||Leftovers|GoodasGold|ShadowBall,MakeItRain,NastyPlot,Protect||||||50|,,,,,Fairy]Rillaboom||AssaultVest|GrassySurge|WoodHammer,GrassyGlide,Uturn,FakeOut|||M|||50|,,,,,Fire]Incineroar||SafetyGoggles|Intimidate|PartingShot,KnockOff,FlareBlitz,FakeOut|||F|||50|,,,,,Bug]Dragonite||LoadedDice|Multiscale|ScaleShot,Tailwind,Haze,Protect|||M|||50|,,,,,Flying]Sneasler||FocusSash|PoisonTouch|ThroatChop,DireClaw,CloseCombat,Protect|||F|||50|,,,,,Dark
|
|t:|1756449042
|teamsize|p1|4
|teamsize|p2|4
|start
|switch|p1a: Incineroar|Incineroar, L50, M, shiny|100/100
|switch|p1b: Volcarona|Volcarona, L50, F, shiny|100/100
|switch|p2a: Gholdengo|Gholdengo, L50|100/100
|switch|p2b: Dragonite|Dragonite, L50, M|100/100
|-ability|p1a: Incineroar|Intimidate|boost
|-unboost|p2a: Gholdengo|atk|1
|-unboost|p2b: Dragonite|atk|1
|turn|1
|
|t:|1756449060
|switch|p1a: Venusaur|Venusaur, L50, F, shiny|100/100
|-terastallize|p2a: Gholdengo|Fairy
|move|p1b: Volcarona|Quiver Dance|p1b: Volcarona
|-boost|p1b: Volcarona|spa|1
|-boost|p1b: Volcarona|spd|1
|-boost|p1b: Volcarona|spe|1
|move|p2b: Dragonite|Scale Shot|p1a: Venusaur
|-damage|p1a: Venusaur|90/100
|-crit|p1a: Venusaur
|-damage|p1a: Venusaur|69/100
|-damage|p1a: Venusaur|60/100
|-damage|p1a: Venusaur|48/100
|-damage|p1a: Venusaur|37/100
|-hitcount|p1a: Venusaur|5
|-unboost|p2b: Dragonite|def|1
|-boost|p2b: Dragonite|spe|1
|move|p2a: Gholdengo|Nasty Plot|p2a: Gholdengo
|-boost|p2a: Gholdengo|spa|2
|
|upkeep
|turn|2
|
|t:|1756449089
|move|p1b: Volcarona|Fiery Dance|p2a: Gholdengo
|-damage|p2a: Gholdengo|45/100
|-boost|p1b: Volcarona|spa|1
|move|p2b: Dragonite|Scale Shot|p1a: Venusaur
|-damage|p1a: Venusaur|27/100
|-damage|p1a: Venusaur|16/100
|-damage|p1a: Venusaur|6/100
|-damage|p1a: Venusaur|0 fnt
|faint|p1a: Venusaur
|-hitcount|p1: Venusaur|4
|-unboost|p2b: Dragonite|def|1
|-boost|p2b: Dragonite|spe|1
|move|p2a: Gholdengo|Nasty Plot|p2a: Gholdengo
|-boost|p2a: Gholdengo|spa|2
|
|-heal|p2a: Gholdengo|50/100|[from] item: Leftovers
|upkeep
|
|t:|1756449096
|switch|p1a: Incineroar|Incineroar, L50, M, shiny|100/100
|-ability|p1a: Incineroar|Intimidate|boost
|-unboost|p2a: Gholdengo|atk|1
|-unboost|p2b: Dragonite|atk|1
|turn|3
|
|t:|1756449112
|move|p2a: Gholdengo|Protect|p2a: Gholdengo
|-singleturn|p2a: Gholdengo|Protect
|move|p1a: Incineroar|Fake Out|p2b: Dragonite
|-damage|p2b: Dragonite|90/100
|cant|p2b: Dragonite|flinch
|move|p1b: Volcarona|Fiery Dance|p2b: Dragonite
|-resisted|p2b: Dragonite
|-damage|p2b: Dragonite|54/100
|
|-heal|p2a: Gholdengo|56/100|[from] item: Leftovers
|upkeep
|turn|4
|
|t:|1756449126
|move|p2b: Dragonite|Tailwind|p2b: Dragonite
|-sidestart|p2: pimi19|move: Tailwind
|move|p2a: Gholdengo|Make It Rain|p1a: Incineroar|[spread] p1a,p1b
|-resisted|p1a: Incineroar
|-resisted|p1b: Volcarona
|-crit|p1b: Volcarona
|-damage|p1a: Incineroar|42/100
|-damage|p1b: Volcarona|8/100
|-unboost|p2a: Gholdengo|spa|1
|move|p1b: Volcarona|Fiery Dance|p2a: Gholdengo
|-damage|p2a: Gholdengo|0 fnt
|faint|p2a: Gholdengo
|move|p1a: Incineroar|Flare Blitz|p2b: Dragonite
|-resisted|p2b: Dragonite
|-damage|p2b: Dragonite|8/100
|-damage|p1a: Incineroar|27/100|[from] Recoil
|
|upkeep
|
|t:|1756449133
|switch|p2a: Sneasler|Sneasler, L50, F|100/100
|turn|5
|
|t:|1756449147
|switch|p1a: Dondozo|Dondozo, L50, M, shiny|100/100
|move|p1b: Volcarona|Protect|p1b: Volcarona
|-singleturn|p1b: Volcarona|Protect
|move|p2b: Dragonite|Scale Shot|p1b: Volcarona
|-activate|p1b: Volcarona|move: Protect
|move|p2a: Sneasler|Dire Claw|p1a: Dondozo
|-damage|p1a: Dondozo|80/100
|-status|p1a: Dondozo|par
|
|-heal|p1a: Dondozo|87/100 par|[from] item: Leftovers
|upkeep
|turn|6
|
|t:|1756449178
|switch|p2a: Rillaboom|Rillaboom, L50, M|100/100
|-fieldstart|move: Grassy Terrain|[from] ability: Grassy Surge|[of] p2a: Rillaboom
|move|p1b: Volcarona|Protect||[still]
|-fail|p1b: Volcarona
|move|p2b: Dragonite|Scale Shot|p1b: Volcarona
|-damage|p1b: Volcarona|0 fnt
|faint|p1b: Volcarona
|-hitcount|p1: Volcarona|1
|-unboost|p2b: Dragonite|def|1
|-boost|p2b: Dragonite|spe|1
|cant|p1a: Dondozo|par
|
|-heal|p1a: Dondozo|93/100 par|[from] Grassy Terrain
|-heal|p1a: Dondozo|99/100 par|[from] item: Leftovers
|upkeep
|
|t:|1756449191
|switch|p1b: Incineroar|Incineroar, L50, M, shiny|27/100
|-ability|p1b: Incineroar|Intimidate|boost
|-unboost|p2a: Rillaboom|atk|1
|-unboost|p2b: Dragonite|atk|1
|turn|7
|
|t:|1756449202
|-terastallize|p1a: Dondozo|Ghost
|move|p2a: Rillaboom|Fake Out|p1b: Incineroar
|-damage|p1b: Incineroar|18/100
|move|p2b: Dragonite|Haze|p2b: Dragonite
|-clearallboost
|cant|p1b: Incineroar|flinch
|move|p1a: Dondozo|Liquidation|p2b: Dragonite
|-resisted|p2b: Dragonite
|-damage|p2b: Dragonite|0 fnt
|faint|p2b: Dragonite
|
|-heal|p1b: Incineroar|24/100|[from] Grassy Terrain
|-heal|p1a: Dondozo|100/100 par|[from] Grassy Terrain
|-sideend|p2: pimi19|move: Tailwind
|upkeep
|
|t:|1756449211
|switch|p2b: Sneasler|Sneasler, L50, F|100/100
|turn|8
|
|t:|1756449220
|move|p2b: Sneasler|Dire Claw|p1b: Incineroar
|-damage|p1b: Incineroar|0 fnt
|faint|p1b: Incineroar
|move|p2a: Rillaboom|Wood Hammer|p1a: Dondozo
|-damage|p1a: Dondozo|61/100 par
|-damage|p2a: Rillaboom|85/100|[from] Recoil
|move|p1a: Dondozo|Fissure|p2a: Rillaboom|[miss]
|-miss|p1a: Dondozo|p2a: Rillaboom
|
|-heal|p2a: Rillaboom|91/100|[from] Grassy Terrain
|-heal|p1a: Dondozo|68/100 par|[from] Grassy Terrain
|-heal|p1a: Dondozo|74/100 par|[from] item: Leftovers
|upkeep
|turn|9
|
|t:|1756449231
|move|p1a: Dondozo|Protect|p1a: Dondozo
|-singleturn|p1a: Dondozo|Protect
|move|p2b: Sneasler|Dire Claw|p1a: Dondozo
|-activate|p1a: Dondozo|move: Protect
|move|p2a: Rillaboom|Wood Hammer|p1a: Dondozo
|-activate|p1a: Dondozo|move: Protect
|
|-heal|p2a: Rillaboom|97/100|[from] Grassy Terrain
|-heal|p1a: Dondozo|80/100 par|[from] Grassy Terrain
|-heal|p1a: Dondozo|86/100 par|[from] item: Leftovers
|upkeep
|turn|10
|
|t:|1756449238
|move|p2b: Sneasler|Throat Chop|p1a: Dondozo
|-supereffective|p1a: Dondozo
|-damage|p1a: Dondozo|56/100 par
|-start|p1a: Dondozo|Throat Chop|[silent]
|move|p2a: Rillaboom|Wood Hammer|p1a: Dondozo
|-damage|p1a: Dondozo|18/100 par
|-damage|p2a: Rillaboom|81/100|[from] Recoil
|move|p1a: Dondozo|Fissure|p2a: Rillaboom|[miss]
|-miss|p1a: Dondozo|p2a: Rillaboom
|
|-heal|p2a: Rillaboom|87/100|[from] Grassy Terrain
|-heal|p1a: Dondozo|24/100 par|[from] Grassy Terrain
|-heal|p1a: Dondozo|30/100 par|[from] item: Leftovers
|-fieldend|move: Grassy Terrain
|upkeep
|turn|11
|
|t:|1756449248
|move|p1a: Dondozo|Protect|p1a: Dondozo
|-singleturn|p1a: Dondozo|Protect
|move|p2b: Sneasler|Throat Chop|p1a: Dondozo
|-activate|p1a: Dondozo|move: Protect
|move|p2a: Rillaboom|Wood Hammer|p1a: Dondozo
|-activate|p1a: Dondozo|move: Protect
|
|-heal|p1a: Dondozo|36/100 par|[from] item: Leftovers
|-end|p1a: Dondozo|Throat Chop|[silent]
|upkeep
|turn|12
|
|t:|1756449251
|move|p2b: Sneasler|Throat Chop|p1a: Dondozo
|-supereffective|p1a: Dondozo
|-damage|p1a: Dondozo|6/100 par
|-start|p1a: Dondozo|Throat Chop|[silent]
|move|p2a: Rillaboom|Wood Hammer|p1a: Dondozo
|-damage|p1a: Dondozo|0 fnt
|faint|p1a: Dondozo
|-damage|p2a: Rillaboom|85/100|[from] Recoil
|
|win|pimi19
|raw|jagheter's rating: 1115 → 1091(-24 for losing)
|raw|pimi19's rating: 1126 → 1150(+24 for winning)
|c|☆jagheter|gg
