|j|☆GS Barnabe
|j|☆lobitooooo
|html|GS Barnabelobitooooo    
|uhtml|bestof|Game 2 of a best-of-3
|t:|1785629254
|gametype|doubles
|player|p1|GS Barnabe|1|1154
|player|p2|lobitooooo|linebacker|1162
|gen|9
|tier|[Gen 9 Champions] VGC 2026 Reg M-B (Bo3)
|rated|
|rule|Species Clause: Limit one of each Pokémon
|rule|Item Clause: Limit 1 of each item
|clearpoke
|poke|p1|Meowstic, L50, M|
|poke|p1|Tyranitar, L50, F|
|poke|p1|Scovillain, L50, M|
|poke|p1|Houndstone, L50, M|
|poke|p1|Rotom-Wash, L50|
|poke|p1|Aerodactyl, L50, M|
|poke|p2|Garchomp, L50, F|
|poke|p2|Tyranitar, L50, F|
|poke|p2|Corviknight, L50, M|
|poke|p2|Scizor, L50, F|
|poke|p2|Basculegion, L50, M|
|poke|p2|Sneasler, L50, F|
|teampreview|4
|showteam|p1|Meowstic||LightClay|Prankster|FakeOut,Reflect,LightScreen,PsychicNoise|Bold||M|||50|]Tyranitar||ChoiceScarf|SandStream|RockSlide,KnockOff,IcePunch,Superpower|Jolly||F|||50|]Scovillain||Scovillainite|Moody|Overheat,LeechSeed,RagePowder,Protect|Calm||M|||50|]Houndstone||SitrusBerry|SandRush|LastRespects,Disable,AllySwitch,Protect|Adamant||M|||50|]Rotom-Wash||Leftovers|Levitate|HydroPump,VoltSwitch,WillOWisp,Protect|Calm|||||50|]Aerodactyl||Aerodactylite|RockHead|RockSlide,DualWingbeat,Tailwind,Protect|Jolly||M|||50|
|showteam|p2|Garchomp||Garchompite|RoughSkin|EarthPower,Protect,DracoMeteor,PowerGem|Modest||F|||50|]Tyranitar||ChoiceScarf|SandStream|Superpower,IcePunch,RockSlide,KnockOff|Jolly||F|||50|]Corviknight||Leftovers|MirrorArmor|Protect,IronHead,Tailwind,BraveBird|Impish||M|||50|]Scizor||LifeOrb|Technician|Protect,SwordsDance,BugBite,BulletPunch|Adamant||F|||50|]Basculegion||SitrusBerry|Adaptability|AquaJet,Protect,LastRespects,WaveCrash|Jolly||M|||50|]Sneasler||FocusSash|PoisonTouch|PoisonJab,FakeOut,CloseCombat,Protect|Jolly||F|||50|
|inactive|Battle timer is ON: inactive players will automatically lose when time's up. (requested by lobitooooo)
|
|t:|1785629290
|teamsize|p1|4
|teamsize|p2|4
|start
|switch|p1a: Scovillain|Scovillain, L50, M|100/100
|switch|p1b: Meowstic|Meowstic, L50, M|100/100
|switch|p2a: Scizor|Scizor, L50, F|100/100
|switch|p2b: Sneasler|Sneasler, L50, F|100/100
|turn|1
|inactive|lobitooooo has 30 seconds left.
|
|t:|1785629317
|detailschange|p1a: Scovillain|Scovillain-Mega, L50, M
|-mega|p1a: Scovillain|Scovillain|Scovillainite
|move|p1b: Meowstic|Fake Out|p2b: Sneasler
|-damage|p2b: Sneasler|91/100
|cant|p2b: Sneasler|flinch
|move|p1a: Scovillain|Overheat|p2a: Scizor
|-supereffective|p2a: Scizor|2
|-damage|p2a: Scizor|0 fnt
|-unboost|p1a: Scovillain|spa|2
|faint|p2a: Scizor
|
|upkeep
|
|t:|1785629330
|switch|p2a: Corviknight|Corviknight, L50, M|100/100
|turn|2
|
|t:|1785629341
|switch|p1a: Tyranitar|Tyranitar, L50, F|100/100
|-weather|Sandstorm|[from] ability: Sand Stream|[of] p1a: Tyranitar
|move|p2b: Sneasler|Poison Jab|p1b: Meowstic
|-damage|p1b: Meowstic|59/100
|-status|p1b: Meowstic|psn
|move|p1b: Meowstic|Psychic Noise|p2b: Sneasler
|-supereffective|p2b: Sneasler|2
|-damage|p2b: Sneasler|0 fnt
|faint|p2b: Sneasler
|move|p2a: Corviknight|Brave Bird|p1a: Tyranitar
|-resisted|p1a: Tyranitar|1
|-damage|p1a: Tyranitar|82/100
|-damage|p2a: Corviknight|95/100|[from] Recoil
|
|-weather|Sandstorm|[upkeep]
|-damage|p1b: Meowstic|53/100 psn|[from] Sandstorm
|-heal|p2a: Corviknight|100/100|[from] item: Leftovers
|-damage|p1b: Meowstic|41/100 psn|[from] psn
|upkeep
|
|t:|1785629362
|switch|p2b: Garchomp|Garchomp, L50, F|100/100
|turn|3
|
|t:|1785629378
|move|p2b: Garchomp|Protect|p2b: Garchomp
|-singleturn|p2b: Garchomp|Protect
|move|p1b: Meowstic|Reflect|p1b: Meowstic
|-sidestart|p1: GS Barnabe|Reflect
|move|p1a: Tyranitar|Ice Punch|p2b: Garchomp
|-activate|p2b: Garchomp|move: Protect
|move|p2a: Corviknight|Tailwind|p2a: Corviknight
|-sidestart|p2: lobitooooo|move: Tailwind
|
|-weather|Sandstorm|[upkeep]
|-damage|p1b: Meowstic|35/100 psn|[from] Sandstorm
|-damage|p1b: Meowstic|23/100 psn|[from] psn
|upkeep
|turn|4
|
|t:|1785629399
|detailschange|p2b: Garchomp|Garchomp-Mega, L50, F
|-mega|p2b: Garchomp|Garchomp|Garchompite
|move|p1b: Meowstic|Light Screen|p1b: Meowstic
|-sidestart|p1: GS Barnabe|move: Light Screen
|move|p2b: Garchomp|Power Gem|p1a: Tyranitar
|-damage|p1a: Tyranitar|65/100
|move|p1a: Tyranitar|Ice Punch|p2b: Garchomp
|-supereffective|p2b: Garchomp|2
|-damage|p2b: Garchomp|2/100
|move|p2a: Corviknight|Iron Head|p1a: Tyranitar
|-supereffective|p1a: Tyranitar|1
|-damage|p1a: Tyranitar|35/100
|
|-weather|Sandstorm|[upkeep]
|-damage|p1b: Meowstic|17/100 psn|[from] Sandstorm
|-damage|p1b: Meowstic|4/100 psn|[from] psn
|upkeep
|turn|5
|inactive|GS Barnabe has 30 seconds left.
|
|t:|1785629431
|switch|p1b: Scovillain|Scovillain-Mega, L50, M|100/100
|move|p2b: Garchomp|Protect|p2b: Garchomp
|-singleturn|p2b: Garchomp|Protect
|move|p1a: Tyranitar|Ice Punch|p2b: Garchomp
|-activate|p2b: Garchomp|move: Protect
|move|p2a: Corviknight|Iron Head|p1a: Tyranitar
|-supereffective|p1a: Tyranitar|1
|-damage|p1a: Tyranitar|5/100
|
|-weather|Sandstorm|[upkeep]
|-damage|p1b: Scovillain|94/100|[from] Sandstorm
|upkeep
|turn|6
|
|t:|1785629453
|move|p1b: Scovillain|Rage Powder|p1b: Scovillain
|-singleturn|p1b: Scovillain|move: Rage Powder
|move|p2b: Garchomp|Earth Power|p1b: Scovillain
|-damage|p1b: Scovillain|55/100
|-status|p2b: Garchomp|brn|[from] ability: Spicy Spray|[of] p1b: Scovillain
|move|p1a: Tyranitar|Ice Punch|p2b: Garchomp
|-supereffective|p2b: Garchomp|2
|-damage|p2b: Garchomp|0 fnt
|faint|p2b: Garchomp
|move|p2a: Corviknight|Iron Head|p1b: Scovillain
|-resisted|p1b: Scovillain|1
|-damage|p1b: Scovillain|47/100
|-status|p2a: Corviknight|brn|[from] ability: Spicy Spray|[of] p1b: Scovillain
|
|-weather|none
|-damage|p2a: Corviknight|94/100 brn|[from] brn
|-sideend|p2: lobitooooo|move: Tailwind
|upkeep
|turn|7
|c|☆lobitooooo|Gg
|-message|lobitooooo forfeited.
|raw|GS Barnabe's rating: 1154 → 1180(+26 for winning)
|raw|lobitooooo's rating: 1162 → 1136(-26 for losing)
|
|win|GS Barnabe
|l|☆lobitooooo
|player|p2|
