|j|☆ThunDragon67
|j|☆Mortipherus
|html|ThunDragon67Mortipherus    
|uhtml|bestof|Game 2 of a best-of-3
|t:|1756501601
|gametype|doubles
|player|p1|ThunDragon67|li|1066
|player|p2|Mortipherus|biker-gen4|1077
|gen|9
|tier|[Gen 9] VGC 2025 Reg H (Bo3)
|rated|
|rule|Species Clause: Limit one of each Pokémon
|rule|Item Clause: Limit 1 of each item
|clearpoke
|poke|p1|Gholdengo, L50|
|poke|p1|Rillaboom, L50, F|
|poke|p1|Magmar, L50, M|
|poke|p1|Whimsicott, L50, M|
|poke|p1|Kingambit, L50, F|
|poke|p1|Ursaluna-Bloodmoon, L50, M|
|poke|p2|Hydrapple, L50, F|
|poke|p2|Arcanine-Hisui, L50, M|
|poke|p2|Gholdengo, L50|
|poke|p2|Electabuzz, L50, F|
|poke|p2|Indeedee, L50, M|
|poke|p2|Sneasler, L50, M|
|teampreview|4
|showteam|p1|Gholdengo||Leftovers|GoodasGold|MakeItRain,ShadowBall,Protect,NastyPlot||||||50|,,,,,Water]Rillaboom||AssaultVest|GrassySurge|GrassyGlide,FakeOut,WoodHammer,Uturn|||F|||50|,,,,,Fire]Magmar||Eviolite|VitalSpirit|WillOWisp,Taunt,FollowMe,HeatWave|||M|||50|,,,,,Grass]Whimsicott||FocusSash|Prankster|Tailwind,Moonblast,LightScreen,Encore|||M|||50|,,,,,Ghost]Kingambit||BlackGlasses|Defiant|SuckerPunch,KowtowCleave,Protect,SwordsDance|||F|||50|,,,,,Dark]Ursaluna-Bloodmoon||LifeOrb|MindsEye|EarthPower,BloodMoon,HyperVoice,Protect|||M|||50|,,,,,Normal
|showteam|p2|Hydrapple||AssaultVest|Regenerator|FickleBeam,EnergyBall,EarthPower,BreakingSwipe|||F|||50|,,,,,Ground]Arcanine-Hisui||ClearAmulet|Intimidate|Protect,ExtremeSpeed,FlareBlitz,RockSlide|||M|||50|,,,,,Grass]Gholdengo||LifeOrb|GoodasGold|Protect,NastyPlot,MakeItRain,ShadowBall||||||50|,,,,,Flying]Electabuzz||Eviolite|VitalSpirit|Protect,FollowMe,Taunt,Electroweb|||F|||50|,,,,,Dragon]Indeedee||FocusSash|PsychicSurge|Protect,TrickRoom,ExpandingForce,TeraBlast|||M|||50|,,,,,Ground]Sneasler||PsychicSeed|Unburden|Protect,ThroatChop,DireClaw,CloseCombat|||M|||50|,,,,,Dark
|
|t:|1756501634
|teamsize|p1|4
|teamsize|p2|4
|start
|switch|p1a: The Terrain Wars|Rillaboom, L50, F|100/100
|switch|p1b: Band for Band|Gholdengo, L50|100/100
|switch|p2a: Electabuzz|Electabuzz, L50, F|100/100
|switch|p2b: Gholdengo|Gholdengo, L50|100/100
|-fieldstart|move: Grassy Terrain|[from] ability: Grassy Surge|[of] p1a: The Terrain Wars
|turn|1
|
|t:|1756501664
|-terastallize|p1b: Band for Band|Water
|move|p2a: Electabuzz|Protect|p2a: Electabuzz
|-singleturn|p2a: Electabuzz|Protect
|move|p2b: Gholdengo|Protect|p2b: Gholdengo
|-singleturn|p2b: Gholdengo|Protect
|move|p1a: The Terrain Wars|Fake Out|p2a: Electabuzz
|-activate|p2a: Electabuzz|move: Protect
|move|p1b: Band for Band|Nasty Plot|p1b: Band for Band
|-boost|p1b: Band for Band|spa|2
|
|upkeep
|turn|2
|
|t:|1756501687
|move|p2a: Electabuzz|Follow Me|p2a: Electabuzz
|-singleturn|p2a: Electabuzz|move: Follow Me
|move|p1a: The Terrain Wars|Grassy Glide|p2a: Electabuzz
|-damage|p2a: Electabuzz|70/100
|move|p1b: Band for Band|Make It Rain|p2b: Gholdengo|[spread] p2a,p2b
|-resisted|p2a: Electabuzz
|-resisted|p2b: Gholdengo
|-damage|p2a: Electabuzz|37/100
|-damage|p2b: Gholdengo|50/100
|-unboost|p1b: Band for Band|spa|1
|move|p2b: Gholdengo|Nasty Plot|p2b: Gholdengo
|-boost|p2b: Gholdengo|spa|2
|
|-heal|p2a: Electabuzz|43/100|[from] Grassy Terrain
|-heal|p2b: Gholdengo|56/100|[from] Grassy Terrain
|upkeep
|turn|3
|
|t:|1756501708
|move|p2b: Gholdengo|Protect|p2b: Gholdengo
|-singleturn|p2b: Gholdengo|Protect
|move|p1a: The Terrain Wars|Grassy Glide|p2b: Gholdengo
|-activate|p2b: Gholdengo|move: Protect
|move|p1b: Band for Band|Make It Rain|p2b: Gholdengo|[spread] p2a
|-activate|p2b: Gholdengo|move: Protect
|-resisted|p2a: Electabuzz
|-damage|p2a: Electabuzz|20/100
|-unboost|p1b: Band for Band|spa|1
|move|p2a: Electabuzz|Electroweb|p1b: Band for Band|[spread] p1a,p1b
|-resisted|p1a: The Terrain Wars
|-supereffective|p1b: Band for Band
|-damage|p1a: The Terrain Wars|96/100
|-damage|p1b: Band for Band|70/100
|-unboost|p1a: The Terrain Wars|spe|1
|-unboost|p1b: Band for Band|spe|1
|
|-heal|p2a: Electabuzz|26/100|[from] Grassy Terrain
|-heal|p2b: Gholdengo|62/100|[from] Grassy Terrain
|-heal|p1b: Band for Band|76/100|[from] Grassy Terrain
|-heal|p1b: Band for Band|82/100|[from] item: Leftovers
|-heal|p1a: The Terrain Wars|100/100|[from] Grassy Terrain
|upkeep
|turn|4
|
|t:|1756501738
|switch|p1b: PsiSpam big 25|Kingambit, L50, F, shiny|100/100
|move|p1a: The Terrain Wars|Grassy Glide|p2a: Electabuzz
|-damage|p2a: Electabuzz|0 fnt
|faint|p2a: Electabuzz
|move|p2b: Gholdengo|Make It Rain|p1b: PsiSpam big 25|[spread] p1a,p1b
|-resisted|p1b: PsiSpam big 25
|-damage|p1a: The Terrain Wars|19/100
|-damage|p1b: PsiSpam big 25|48/100
|-unboost|p2b: Gholdengo|spa|1
|-damage|p2b: Gholdengo|52/100|[from] item: Life Orb
|
|-heal|p2b: Gholdengo|59/100|[from] Grassy Terrain
|-heal|p1a: The Terrain Wars|25/100|[from] Grassy Terrain
|-heal|p1b: PsiSpam big 25|54/100|[from] Grassy Terrain
|upkeep
|
|t:|1756501755
|switch|p2a: Indeedee|Indeedee, L50, M|100/100
|-fieldstart|move: Psychic Terrain|[from] ability: Psychic Surge|[of] p2a: Indeedee
|turn|5
|
|t:|1756501773
|switch|p1a: Moonlight|Ursaluna-Bloodmoon, L50, M|100/100
|-terastallize|p2a: Indeedee|Ground
|move|p2a: Indeedee|Tera Blast|p1b: PsiSpam big 25|[anim] Tera Blast Ground
|-supereffective|p1b: PsiSpam big 25
|-damage|p1b: PsiSpam big 25|0 fnt
|faint|p1b: PsiSpam big 25
|move|p2b: Gholdengo|Nasty Plot|p2b: Gholdengo
|-boost|p2b: Gholdengo|spa|2
|
|upkeep
|
|t:|1756501798
|switch|p1b: Band for Band|Gholdengo, L50, tera:Water|82/100
|turn|6
|
|t:|1756501813
|move|p2a: Indeedee|Expanding Force|p1a: Moonlight|[spread] p1a,p1b
|-damage|p1a: Moonlight|32/100
|-damage|p1b: Band for Band|26/100
|move|p1b: Band for Band|Nasty Plot|p1b: Band for Band
|-boost|p1b: Band for Band|spa|2
|move|p2b: Gholdengo|Make It Rain|p1a: Moonlight|[spread] p1a,p1b
|-resisted|p1b: Band for Band
|-damage|p1a: Moonlight|0 fnt
|-damage|p1b: Band for Band|0 fnt
|-unboost|p2b: Gholdengo|spa|1
|faint|p1a: Moonlight
|faint|p1b: Band for Band
|-damage|p2b: Gholdengo|49/100|[from] item: Life Orb
|
|upkeep
|
|t:|1756501832
|switch|p1b: The Terrain Wars|Rillaboom, L50, F|25/100
|-fieldstart|move: Grassy Terrain|[from] ability: Grassy Surge|[of] p1b: The Terrain Wars
|turn|7
|
|t:|1756501840
|move|p2a: Indeedee|Protect|p2a: Indeedee
|-singleturn|p2a: Indeedee|Protect
|move|p2b: Gholdengo|Shadow Ball|p1b: The Terrain Wars
|-damage|p1b: The Terrain Wars|0 fnt
|faint|p1b: The Terrain Wars
|-damage|p2b: Gholdengo|40/100|[from] item: Life Orb
|
|win|Mortipherus
|raw|ThunDragon67's rating: 1066 → 1047(-19 for losing)
|raw|Mortipherus's rating: 1077 → 1105(+28 for winning)
|l|☆ThunDragon67
|player|p1|
