|j|☆Chewe_60111
|j|☆Professor_J93
|html|Chewe_60111Professor_J93    
|uhtml|bestof|Game 2 of a best-of-3
|t:|1783562908
|gametype|doubles
|player|p1|Chewe_60111|265|1228
|player|p2|Professor_J93|miku-ghost|1229
|gen|9
|tier|[Gen 9 Champions] VGC 2026 Reg M-B (Bo3)
|rated|
|rule|Species Clause: Limit one of each Pokémon
|rule|Item Clause: Limit 1 of each item
|clearpoke
|poke|p1|Scovillain, L50, M|
|poke|p1|Garchomp, L50, F|
|poke|p1|Sneasler, L50, M|
|poke|p1|Kingambit, L50, F|
|poke|p1|Dragonite, L50, F|
|poke|p1|Gyarados, L50, F|
|poke|p2|Aerodactyl, L50, M|
|poke|p2|Garchomp, L50, F|
|poke|p2|Floette-Eternal, L50, F|
|poke|p2|Basculegion, L50, M|
|poke|p2|Sneasler, L50, F|
|poke|p2|Kingambit, L50, F|
|teampreview|4
|showteam|p1|Scovillain||Scovillainite|Moody|LeechSeed,Flamethrower,Protect,RagePowder|Calm||M|||50|]Garchomp||ChoiceScarf|RoughSkin|RockSlide,Earthquake,StompingTantrum,DragonClaw|Adamant||F|||50|]Sneasler||WhiteHerb|Unburden|FakeOut,CloseCombat,DireClaw,Protect|Jolly||M|||50|]Kingambit||BlackGlasses|Defiant|KowtowCleave,SuckerPunch,SwordsDance,Protect|Adamant||F|||50|]Dragonite||Dragoninite|Multiscale|DragonPulse,Roost,Tailwind,Thunderbolt|Timid||F|||50|]Gyarados||SitrusBerry|Intimidate|Waterfall,ThunderWave,IceFang,HelpingHand|Careful||F|||50|
|showteam|p2|Aerodactyl||Aerodactylite|Unnerve|RockSlide,IceFang,Tailwind,DualWingbeat|Jolly||M|||50|]Garchomp||LifeOrb|RoughSkin|DragonClaw,Earthquake,RockSlide,Protect|Jolly||F|||50|]Floette-Eternal||Floettite|FlowerVeil|Moonblast,DazzlingGleam,CalmMind,Protect|Timid||F|||50|]Basculegion||ChoiceScarf|Adaptability|FlipTurn,LastRespects,WaveCrash,AquaJet|Jolly||M|||50|]Sneasler||WhiteHerb|Unburden|DireClaw,CloseCombat,FakeOut,Protect|Jolly||F|||50|]Kingambit||FocusSash|Defiant|KowtowCleave,SuckerPunch,IronHead,LowKick|Adamant||F|||50|
|inactive|Battle timer is ON: inactive players will automatically lose when time's up. (requested by Chewe_60111)
|inactive|Chewe_60111 has 60 seconds left.
|
|t:|1783562952
|teamsize|p1|4
|teamsize|p2|4
|start
|switch|p1a: Sneasler|Sneasler, L50, M|100/100
|switch|p1b: Scovillain|Scovillain, L50, M|100/100
|switch|p2a: Aerodactyl|Aerodactyl, L50, M|100/100
|switch|p2b: Kingambit|Kingambit, L50, F|100/100
|-ability|p2a: Aerodactyl|Unnerve
|turn|1
|
|t:|1783562977
|switch|p2b: Garchomp|Garchomp, L50, F|100/100
|detailschange|p2a: Aerodactyl|Aerodactyl-Mega, L50, M
|-mega|p2a: Aerodactyl|Aerodactyl|Aerodactylite
|detailschange|p1b: Scovillain|Scovillain-Mega, L50, M
|-mega|p1b: Scovillain|Scovillain|Scovillainite
|move|p1a: Sneasler|Fake Out|p2b: Garchomp
|-damage|p2b: Garchomp|85/100
|-damage|p1a: Sneasler|87/100|[from] ability: Rough Skin|[of] p2b: Garchomp
|move|p1b: Scovillain|Rage Powder|p1b: Scovillain
|-singleturn|p1b: Scovillain|move: Rage Powder
|move|p2a: Aerodactyl|Tailwind|p2a: Aerodactyl
|-sidestart|p2: Professor_J93|move: Tailwind
|
|upkeep
|turn|2
|inactive|Chewe_60111 has 30 seconds left.
|
|t:|1783563007
|switch|p2b: Kingambit|Kingambit, L50, F|100/100
|switch|p1a: Gyarados|Gyarados, L50, F|100/100
|-ability|p1a: Gyarados|Intimidate|boost
|-unboost|p2a: Aerodactyl|atk|1
|-unboost|p2b: Kingambit|atk|1
|-ability|p2b: Kingambit|Defiant|boost
|-boost|p2b: Kingambit|atk|2
|move|p2a: Aerodactyl|Rock Slide|p1b: Scovillain|[spread] p1a
|-miss|p2a: Aerodactyl|p1b: Scovillain
|-supereffective|p1a: Gyarados|1
|-damage|p1a: Gyarados|63/100
|move|p1b: Scovillain|Leech Seed|p2a: Aerodactyl
|-start|p2a: Aerodactyl|move: Leech Seed
|
|-damage|p2a: Aerodactyl|88/100|[from] Leech Seed|[of] p1b: Scovillain
|upkeep
|turn|3
|inactive|Chewe_60111 has 30 seconds left.
|inactive|Professor_J93 has 30 seconds left.
|inactive|Professor_J93 has 20 seconds left.
|
|t:|1783563044
|switch|p2a: Garchomp|Garchomp, L50, F|85/100
|move|p2b: Kingambit|Kowtow Cleave|p1b: Scovillain
|-damage|p1b: Scovillain|19/100
|-status|p2b: Kingambit|brn|[from] ability: Spicy Spray|[of] p1b: Scovillain
|move|p1a: Gyarados|Waterfall|p2a: Garchomp
|-damage|p2a: Garchomp|46/100
|-damage|p1a: Gyarados|51/100|[from] ability: Rough Skin|[of] p2a: Garchomp
|move|p1b: Scovillain|Leech Seed|p2b: Kingambit
|-start|p2b: Kingambit|move: Leech Seed
|
|-damage|p2b: Kingambit|88/100 brn|[from] Leech Seed|[of] p1b: Scovillain
|-heal|p1b: Scovillain|31/100|[silent]
|-damage|p2b: Kingambit|82/100 brn|[from] brn
|upkeep
|turn|4
|inactive|Chewe_60111 has 30 seconds left.
|inactive|Professor_J93 has 30 seconds left.
|
|t:|1783563076
|switch|p2a: Aerodactyl|Aerodactyl-Mega, L50, M|88/100
|move|p1b: Scovillain|Protect|p1b: Scovillain
|-singleturn|p1b: Scovillain|Protect
|move|p2b: Kingambit|Kowtow Cleave|p1b: Scovillain
|-activate|p1b: Scovillain|move: Protect
|move|p1a: Gyarados|Ice Fang|p2a: Aerodactyl
|-supereffective|p2a: Aerodactyl|1
|-damage|p2a: Aerodactyl|38/100
|
|-damage|p2b: Kingambit|70/100 brn|[from] Leech Seed|[of] p1b: Scovillain
|-heal|p1b: Scovillain|43/100|[silent]
|-damage|p2b: Kingambit|64/100 brn|[from] brn
|-sideend|p2: Professor_J93|move: Tailwind
|upkeep
|turn|5
|inactive|Chewe_60111 has 30 seconds left.
|inactive|Chewe_60111 has 20 seconds left.
|inactive|Chewe_60111 has 15 seconds left.
|inactive|Chewe_60111 has 10 seconds left.
|
|t:|1783563126
|move|p2a: Aerodactyl|Rock Slide|p1a: Gyarados|[spread] p1a,p1b
|-supereffective|p1a: Gyarados|1
|-supereffective|p1b: Scovillain|1
|-crit|p1b: Scovillain
|-damage|p1a: Gyarados|0 fnt
|-damage|p1b: Scovillain|0 fnt
|-status|p2a: Aerodactyl|brn|[from] ability: Spicy Spray|[of] p1b: Scovillain
|faint|p1a: Gyarados
|faint|p1b: Scovillain
|move|p2b: Kingambit|Kowtow Cleave|p1: Gyarados|[notarget]
|-fail|p2b: Kingambit
|
|-damage|p2a: Aerodactyl|32/100 brn|[from] brn
|-damage|p2b: Kingambit|58/100 brn|[from] brn
|upkeep
|
|t:|1783563138
|switch|p1a: Garchomp|Garchomp, L50, F|100/100
|switch|p1b: Sneasler|Sneasler, L50, M|87/100
|turn|6
|
|t:|1783563157
|switch|p2a: Garchomp|Garchomp, L50, F|46/100
|move|p2b: Kingambit|Sucker Punch|p1a: Garchomp
|-damage|p1a: Garchomp|69/100
|-damage|p2b: Kingambit|46/100 brn|[from] ability: Rough Skin|[of] p1a: Garchomp
|move|p1a: Garchomp|Rock Slide|p2b: Kingambit|[spread] p2a,p2b
|-resisted|p2a: Garchomp|1
|-resisted|p2b: Kingambit|1
|-damage|p2a: Garchomp|34/100
|-damage|p2b: Kingambit|37/100 brn
|move|p1b: Sneasler|Close Combat|p2b: Kingambit
|-supereffective|p2b: Kingambit|2
|-damage|p2b: Kingambit|0 fnt
|-unboost|p1b: Sneasler|def|1
|-unboost|p1b: Sneasler|spd|1
|faint|p2b: Kingambit
|-enditem|p1b: Sneasler|White Herb
|-clearnegativeboost|p1b: Sneasler|[silent]
|
|upkeep
|
|t:|1783563174
|switch|p2b: Basculegion|Basculegion, L50, M|100/100
|turn|7
|
|t:|1783563188
|move|p1b: Sneasler|Dire Claw|p2b: Basculegion
|-resisted|p2b: Basculegion|1
|-crit|p2b: Basculegion
|-damage|p2b: Basculegion|61/100
|-status|p2b: Basculegion|slp
|move|p1a: Garchomp|Rock Slide|p2b: Basculegion|[spread] p2a,p2b
|-resisted|p2a: Garchomp|1
|-damage|p2a: Garchomp|24/100
|-damage|p2b: Basculegion|35/100 slp
|cant|p2b: Basculegion|slp
|move|p2a: Garchomp|Dragon Claw|p1a: Garchomp
|-supereffective|p1a: Garchomp|1
|-damage|p1a: Garchomp|0 fnt
|-damage|p2a: Garchomp|11/100|[from] ability: Rough Skin|[of] p1a: Garchomp
|faint|p1a: Garchomp
|-damage|p2a: Garchomp|2/100|[from] item: Life Orb
|
|upkeep
|turn|8
|inactive|Chewe_60111 has 30 seconds left.
|inactive|Chewe_60111 has 20 seconds left.
|
|t:|1783563224
|move|p1b: Sneasler|Dire Claw|p2a: Garchomp
|-resisted|p2a: Garchomp|1
|-crit|p2a: Garchomp
|-damage|p2a: Garchomp|0 fnt
|-damage|p1b: Sneasler|75/100|[from] ability: Rough Skin|[of] p2a: Garchomp
|faint|p2a: Garchomp
|-curestatus|p2b: Basculegion|slp|[msg]
|move|p2b: Basculegion|Last Respects|p1b: Sneasler
|-damage|p1b: Sneasler|0 fnt
|faint|p1b: Sneasler
|
|win|Professor_J93
|raw|Chewe_60111's rating: 1228 → 1203(-25 for losing)
|raw|Professor_J93's rating: 1229 → 1254(+25 for winning)
