|j|☆flubberbut
|j|☆saboyita
|html|flubberbutsaboyita    
|uhtml|bestof|Game 1 of a best-of-3
|t:|1756421373
|gametype|doubles
|player|p1|flubberbut|benga|1056
|player|p2|saboyita|grimsley|1076
|gen|9
|tier|[Gen 9] VGC 2025 Reg H (Bo3)
|rated|
|rule|Species Clause: Limit one of each Pokémon
|rule|Item Clause: Limit 1 of each item
|clearpoke
|poke|p1|Weezing-Galar, L50, M|
|poke|p1|Kilowattrel, L50, M|
|poke|p1|Tatsugiri, L50, M|
|poke|p1|Dondozo, L50, M|
|poke|p1|Espeon, L50, F|
|poke|p1|Pelipper, L50, M|
|poke|p2|Amoonguss, L50, M|
|poke|p2|Hydreigon, L50, F|
|poke|p2|Whimsicott, L50, M|
|poke|p2|Maushold-Four, L50|
|poke|p2|Annihilape, L50, M|
|poke|p2|Ursaluna-Bloodmoon, L50, M|
|teampreview|4
|showteam|p1|Weezing-Galar||ChoiceSpecs|NeutralizingGas|DazzlingGleam,StrangeSteam,Flamethrower,SludgeBomb|||M|||50|,,,,,Water]Kilowattrel||CovertCloak|Competitive|VoltSwitch,Tailwind,Hurricane,Protect|||M|||50|,,,,,Electric]Tatsugiri||ToxicOrb|Commander|Protect,DracoMeteor,MuddyWater,Endure|||M|||50|,,,,,Ghost]Dondozo||ClearAmulet|Unaware|Protect,Earthquake,OrderUp,WaveCrash|||M|||50|,,,,,Steel]Espeon||SafetyGoggles|MagicBounce|DazzlingGleam,StoredPower,TeraBlast,PsychUp|||F|||50|,,,,,Fighting]Pelipper||FocusSash|Drizzle|MuddyWater,Tailwind,Protect,Hurricane|||M|||50|,,,,,Ghost
|showteam|p2|Amoonguss||MentalHerb|Regenerator|ClearSmog,Spore,RagePowder,Protect|||M|||50|,,,,,Water]Hydreigon||ChoiceSpecs|Levitate|Snarl,HeatWave,DarkPulse,DracoMeteor|||F|||50|,,,,,Ghost]Whimsicott||CovertCloak|Prankster|BeatUp,Encore,HelpingHand,Tailwind|||M|||50|,,,,,Dark]Maushold-Four||WideLens|Technician|PopulationBomb,Taunt,FollowMe,Protect||||||50|,,,,,Ghost]Annihilape||Leftovers|Defiant|RageFist,CloseCombat,FinalGambit,Protect|||M|||50|,,,,,Fire]Ursaluna-Bloodmoon||LifeOrb|MindsEye|HyperVoice,EarthPower,BloodMoon,Protect|||M|||50|,,,,,Water
|inactive|Battle timer is ON: inactive players will automatically lose when time's up. (requested by saboyita)
|inactive|saboyita has 60 seconds left.
|inactive|saboyita has 30 seconds left.
|
|t:|1756421438
|teamsize|p1|4
|teamsize|p2|4
|start
|switch|p1a: Weezing|Weezing-Galar, L50, M|100/100
|switch|p1b: Kilowattrel|Kilowattrel, L50, M|100/100
|switch|p2a: Amoonguss|Amoonguss, L50, M|100/100
|switch|p2b: Maushold|Maushold-Four, L50|100/100
|-ability|p1a: Weezing|Neutralizing Gas
|turn|1
|
|t:|1756421458
|-terastallize|p2a: Amoonguss|Water
|move|p2a: Amoonguss|Rage Powder|p2a: Amoonguss
|-singleturn|p2a: Amoonguss|move: Rage Powder
|move|p1b: Kilowattrel|Volt Switch|p2a: Amoonguss
|-supereffective|p2a: Amoonguss
|-damage|p2a: Amoonguss|53/100
|
|t:|1756421465
|switch|p1b: Dondozo|Dondozo, L50, M|100/100|[from] Volt Switch
|move|p2b: Maushold|Population Bomb|p1b: Dondozo
|-damage|p1b: Dondozo|95/100
|-damage|p1b: Dondozo|89/100
|-damage|p1b: Dondozo|83/100
|-damage|p1b: Dondozo|77/100
|-damage|p1b: Dondozo|71/100
|-damage|p1b: Dondozo|66/100
|-damage|p1b: Dondozo|60/100
|-damage|p1b: Dondozo|54/100
|-damage|p1b: Dondozo|49/100
|-damage|p1b: Dondozo|43/100
|-hitcount|p1b: Dondozo|10
|move|p1a: Weezing|Flamethrower|p2a: Amoonguss
|-resisted|p2a: Amoonguss
|-damage|p2a: Amoonguss|39/100
|
|upkeep
|turn|2
|inactive|saboyita has 30 seconds left.
|
|t:|1756421497
|-end|p1a: Weezing|ability: Neutralizing Gas
|switch|p1a: Tatsugiri|Tatsugiri, L50, M|100/100
|-activate|p1a: Tatsugiri|ability: Commander|[of] p1b: Dondozo
|-boost|p1b: Dondozo|atk|2
|-boost|p1b: Dondozo|spa|2
|-boost|p1b: Dondozo|spe|2
|-boost|p1b: Dondozo|def|2
|-boost|p1b: Dondozo|spd|2
|-terastallize|p1b: Dondozo|Steel
|move|p2b: Maushold|Protect|p2b: Maushold
|-singleturn|p2b: Maushold|Protect
|move|p1b: Dondozo|Earthquake|p2a: Amoonguss|[spread] p2a
|-miss|p1b: Dondozo|p1a: Tatsugiri
|-activate|p2b: Maushold|move: Protect
|-crit|p2a: Amoonguss
|-damage|p2a: Amoonguss|0 fnt
|faint|p2a: Amoonguss
|
|-status|p1a: Tatsugiri|tox|[from] item: Toxic Orb
|upkeep
|
|t:|1756421516
|switch|p2a: Ursaluna|Ursaluna-Bloodmoon, L50, M|100/100
|turn|3
|
|t:|1756421525
|switch|p2b: Whimsicott|Whimsicott, L50, M|100/100
|move|p1b: Dondozo|Wave Crash|p2b: Whimsicott
|-resisted|p2b: Whimsicott
|-damage|p2b: Whimsicott|41/100
|-damage|p1b: Dondozo|29/100|[from] Recoil
|move|p2a: Ursaluna|Earth Power|p1b: Dondozo
|-supereffective|p1b: Dondozo
|-damage|p1b: Dondozo|0 fnt
|faint|p1b: Dondozo
|-damage|p2a: Ursaluna|91/100|[from] item: Life Orb
|
|-damage|p1a: Tatsugiri|94/100 tox|[from] psn
|upkeep
|
|t:|1756421530
|switch|p1b: Weezing|Weezing-Galar, L50, M|100/100
|-ability|p1b: Weezing|Neutralizing Gas
|turn|4
|
|t:|1756421552
|move|p2b: Whimsicott|Tailwind|p2b: Whimsicott
|-sidestart|p2: saboyita|move: Tailwind
|move|p2a: Ursaluna|Hyper Voice|p1b: Weezing|[spread] p1a,p1b
|-damage|p1a: Tatsugiri|5/100 tox
|-damage|p1b: Weezing|12/100
|-damage|p2a: Ursaluna|81/100|[from] item: Life Orb
|move|p1a: Tatsugiri|Muddy Water|p2a: Ursaluna|[spread] p2a,p2b
|-supereffective|p2a: Ursaluna
|-resisted|p2b: Whimsicott
|-damage|p2a: Ursaluna|0 fnt
|-damage|p2b: Whimsicott|20/100
|faint|p2a: Ursaluna
|move|p1b: Weezing|Dazzling Gleam|p2b: Whimsicott
|-damage|p2b: Whimsicott|0 fnt
|faint|p2b: Whimsicott
|
|-damage|p1a: Tatsugiri|0 fnt|[from] psn
|faint|p1a: Tatsugiri
|upkeep
|
|t:|1756421565
|switch|p1a: Kilowattrel|Kilowattrel, L50, M|100/100
|switch|p2a: Maushold|Maushold-Four, L50|100/100
|turn|5
|
|t:|1756421578
|move|p2a: Maushold|Population Bomb|p1b: Weezing
|-damage|p1b: Weezing|3/100
|-damage|p1b: Weezing|0 fnt
|faint|p1b: Weezing
|-end|p1b: Weezing|ability: Neutralizing Gas
|-hitcount|p1: Weezing|2
|move|p1a: Kilowattrel|Tailwind|p1a: Kilowattrel
|-sidestart|p1: flubberbut|move: Tailwind
|
|upkeep
|turn|6
|
|t:|1756421585
|move|p1a: Kilowattrel|Hurricane|p2a: Maushold
|-damage|p2a: Maushold|20/100
|move|p2a: Maushold|Population Bomb|p1a: Kilowattrel
|-damage|p1a: Kilowattrel|82/100
|-damage|p1a: Kilowattrel|63/100
|-damage|p1a: Kilowattrel|41/100
|-damage|p1a: Kilowattrel|20/100
|-damage|p1a: Kilowattrel|0 fnt
|faint|p1a: Kilowattrel
|-hitcount|p1: Kilowattrel|5
|
|win|saboyita
||flubberbut is ready for game 2.
|inactive|saboyita has 30 seconds to confirm battle start!
