|j|☆Andrea Pirlo 2
|j|☆Capravolante97
|html|Andrea Pirlo 2Capravolante97    
|uhtml|bestof|Game 2 of a best-of-3
|t:|1782232089
|gametype|doubles
|player|p1|Andrea Pirlo 2|volkner|
|player|p2|Capravolante97|fantina|
|gen|9
|tier|[Gen 9 Champions] VGC 2026 Reg M-B (Bo3)
|rule|Species Clause: Limit one of each Pokémon
|rule|Item Clause: Limit 1 of each item
|clearpoke
|poke|p1|Pelipper, L50, M|
|poke|p1|Swampert, L50, M|
|poke|p1|Basculegion, L50, M|
|poke|p1|Archaludon, L50, F|
|poke|p1|Floette-Eternal, L50, F|
|poke|p1|Whimsicott, L50, M|
|poke|p2|Gholdengo, L50|
|poke|p2|Scovillain, L50, M|
|poke|p2|Aerodactyl, L50, M|
|poke|p2|Garchomp, L50, F|
|poke|p2|Primarina, L50, F|
|poke|p2|Hydreigon, L50, F|
|teampreview|4
|showteam|p1|Pelipper||LifeOrb|Drizzle|WeatherBall,Hurricane,Tailwind,Protect|Modest||M|||50|]Swampert||Swampertite|Torrent|WaveCrash,HighHorsepower,IcePunch,Protect|Adamant||M|||50|]Basculegion||FocusSash|Adaptability|Liquidation,LastRespects,AquaJet,Protect|Adamant||M|||50|]Archaludon||Leftovers|Stamina|ElectroShot,DragonPulse,FlashCannon,Protect|Modest||F|||50|]Floette-Eternal||Floettite|FlowerVeil|LightofRuin,Moonblast,DazzlingGleam,Protect|Modest||F|||50|]Whimsicott||CobaBerry|Prankster|Moonblast,Tailwind,Encore,Protect|Bold||M|||50|
|showteam|p2|Gholdengo||LifeOrb|GoodasGold|MakeItRain,ShadowBall,NastyPlot,Protect|Timid|||||50|]Scovillain||Scovillainite|Moody|RagePowder,GigaDrain,Overheat,Protect|Bold||M|||50|]Aerodactyl||FocusSash|Unnerve|Tailwind,RockSlide,Protect,DualWingbeat|Jolly||M|||50|]Garchomp||ExpertBelt|RoughSkin|RockSlide,DragonClaw,Earthquake,Protect|Jolly||F|||50|]Primarina||MysticWater|LiquidVoice|CalmMind,HyperVoice,Moonblast,Protect|Modest||F|||50|]Hydreigon||ChoiceScarf|Levitate|Snarl,DarkPulse,HeatWave,DracoMeteor|Modest||F|||50|
|inactive|Battle timer is ON: inactive players will automatically lose when time's up. (requested by Capravolante97)
|inactive|Capravolante97 has 60 seconds left.
|
|t:|1782232146
|teamsize|p1|4
|teamsize|p2|4
|start
|switch|p1a: Pelipper|Pelipper, L50, M|100/100
|switch|p1b: Swampert|Swampert, L50, M|100/100
|switch|p2a: Scovillain|Scovillain, L50, M|100/100
|switch|p2b: Primarina|Primarina, L50, F|100/100
|-weather|RainDance|[from] ability: Drizzle|[of] p1a: Pelipper
|turn|1
|
|t:|1782232167
|detailschange|p1b: Swampert|Swampert-Mega, L50, M
|-mega|p1b: Swampert|Swampert|Swampertite
|detailschange|p2a: Scovillain|Scovillain-Mega, L50, M
|-mega|p2a: Scovillain|Scovillain|Scovillainite
|move|p2a: Scovillain|Rage Powder|p2a: Scovillain
|-singleturn|p2a: Scovillain|move: Rage Powder
|move|p1b: Swampert|Wave Crash|p2a: Scovillain
|-damage|p2a: Scovillain|4/100
|-status|p1b: Swampert|brn|[from] ability: Spicy Spray|[of] p2a: Scovillain
|-damage|p1b: Swampert|70/100 brn|[from] Recoil
|move|p1a: Pelipper|Tailwind|p1a: Pelipper
|-sidestart|p1: Andrea Pirlo 2|move: Tailwind
|move|p2b: Primarina|Calm Mind|p2b: Primarina
|-boost|p2b: Primarina|spa|1
|-boost|p2b: Primarina|spd|1
|
|-weather|RainDance|[upkeep]
|-damage|p1b: Swampert|65/100 brn|[from] brn
|upkeep
|turn|2
|inactive|Capravolante97 has 30 seconds left.
|inactive|Capravolante97 has 20 seconds left.
|inactive|Capravolante97 has 15 seconds left.
|
|t:|1782232210
|move|p2a: Scovillain|Protect|p2a: Scovillain
|-singleturn|p2a: Scovillain|Protect
|move|p1b: Swampert|High Horsepower|p2b: Primarina
|-damage|p2b: Primarina|58/100
|move|p1a: Pelipper|Hurricane|p2b: Primarina
|-damage|p2b: Primarina|17/100
|-damage|p1a: Pelipper|90/100|[from] item: Life Orb
|move|p2b: Primarina|Moonblast|p1a: Pelipper
|-damage|p1a: Pelipper|0 fnt
|faint|p1a: Pelipper
|
|-weather|RainDance|[upkeep]
|-damage|p1b: Swampert|59/100 brn|[from] brn
|upkeep
|
|t:|1782232219
|switch|p1a: Archaludon|Archaludon, L50, F|100/100
|turn|3
|
|t:|1782232243
|move|p2b: Primarina|Protect|p2b: Primarina
|-singleturn|p2b: Primarina|Protect
|move|p1b: Swampert|Ice Punch|p2a: Scovillain
|-damage|p2a: Scovillain|0 fnt
|faint|p2a: Scovillain
|move|p1a: Archaludon|Electro Shot||[still]
|-prepare|p1a: Archaludon|Electro Shot
|-boost|p1a: Archaludon|spa|1
|-anim|p1a: Archaludon|Electro Shot|p2b: Primarina
|-activate|p2b: Primarina|move: Protect
|
|-weather|RainDance|[upkeep]
|-damage|p1b: Swampert|53/100 brn|[from] brn
|upkeep
|
|t:|1782232261
|switch|p2a: Hydreigon|Hydreigon, L50, F|100/100
|turn|4
|
|t:|1782232276
|move|p1b: Swampert|Wave Crash|p2b: Primarina
|-resisted|p2b: Primarina|1
|-damage|p2b: Primarina|0 fnt
|faint|p2b: Primarina
|-damage|p1b: Swampert|47/100 brn|[from] Recoil
|move|p2a: Hydreigon|Snarl|p1a: Archaludon|[spread] p1a,p1b
|-damage|p1a: Archaludon|78/100
|-damage|p1b: Swampert|26/100 brn
|-unboost|p1a: Archaludon|spa|1
|-unboost|p1b: Swampert|spa|1
|-ability|p1a: Archaludon|Stamina|boost
|-boost|p1a: Archaludon|def|1
|move|p1a: Archaludon|Dragon Pulse|p2a: Hydreigon
|-supereffective|p2a: Hydreigon|1
|-damage|p2a: Hydreigon|1/100
|
|-weather|RainDance|[upkeep]
|-heal|p1a: Archaludon|84/100|[from] item: Leftovers
|-damage|p1b: Swampert|20/100y brn|[from] brn
|-sideend|p1: Andrea Pirlo 2|move: Tailwind
|upkeep
|
|t:|1782232291
|switch|p2b: Garchomp|Garchomp, L50, F|100/100
|turn|5
|
|t:|1782232298
|move|p2a: Hydreigon|Snarl|p1b: Swampert|[spread] p1a,p1b
|-crit|p1a: Archaludon
|-damage|p1a: Archaludon|50/100g
|-damage|p1b: Swampert|0 fnt
|-unboost|p1a: Archaludon|spa|1
|-ability|p1a: Archaludon|Stamina|boost
|-boost|p1a: Archaludon|def|1
|faint|p1b: Swampert
|move|p2b: Garchomp|Earthquake|p1a: Archaludon|[spread] p1a
|-immune|p2a: Hydreigon|[from] ability: Levitate
|-supereffective|p1a: Archaludon|1
|-damage|p1a: Archaludon|17/100
|-ability|p1a: Archaludon|Stamina|boost
|-boost|p1a: Archaludon|def|1
|move|p1a: Archaludon|Dragon Pulse|p2b: Garchomp
|-supereffective|p2b: Garchomp|1
|-damage|p2b: Garchomp|44/100
|
|-weather|none
|-heal|p1a: Archaludon|23/100|[from] item: Leftovers
|upkeep
|
|t:|1782232306
|switch|p1b: Basculegion|Basculegion, L50, M|100/100
|turn|6
|
|t:|1782232316
|move|p1b: Basculegion|Aqua Jet|p2a: Hydreigon
|-resisted|p2a: Hydreigon|1
|-damage|p2a: Hydreigon|0 fnt
|faint|p2a: Hydreigon
|move|p2b: Garchomp|Earthquake|p1a: Archaludon|[spread] p1a,p1b
|-supereffective|p1a: Archaludon|1
|-damage|p1a: Archaludon|0 fnt
|-damage|p1b: Basculegion|48/100
|faint|p1a: Archaludon
|
|upkeep
|turn|7
|
|t:|1782232333
|move|p1b: Basculegion|Aqua Jet|p2b: Garchomp
|-damage|p2b: Garchomp|16/100
|-damage|p1b: Basculegion|36/100|[from] ability: Rough Skin|[of] p2b: Garchomp
|move|p2b: Garchomp|Earthquake|p1b: Basculegion
|-crit|p1b: Basculegion
|-damage|p1b: Basculegion|0 fnt
|faint|p1b: Basculegion
|
|win|Capravolante97
