|j|☆mygreat
|j|☆carrotvg
|html|mygreatcarrotvg    
|uhtml|bestof|Game 2 of a best-of-3
|t:|1785330571
|gametype|doubles
|player|p1|mygreat|101|
|player|p2|carrotvg|lucas|
|gen|9
|tier|[Gen 9 Champions] VGC 2026 Reg M-B (Bo3)
|rule|Species Clause: Limit one of each Pokémon
|rule|Item Clause: Limit 1 of each item
|clearpoke
|poke|p1|Charizard, L50, M|
|poke|p1|Hydreigon, L50, M|
|poke|p1|Mamoswine, L50, M|
|poke|p1|Toxapex, L50, F|
|poke|p1|Incineroar, L50, M|
|poke|p1|Gholdengo, L50|
|poke|p2|Scovillain, L50, F|
|poke|p2|Sneasler, L50, M|
|poke|p2|Basculegion, L50, M|
|poke|p2|Froslass, L50, F|
|poke|p2|Kingambit, L50, M|
|poke|p2|Lycanroc-Dusk, L50, F|
|teampreview|4
|showteam|p1|Charizard||CharizarditeY|Blaze|SolarBeam,WeatherBall,HeatWave,Protect|Modest||M|||50|]Hydreigon||ChoiceScarf|Levitate|Snarl,DarkPulse,EarthPower,DracoMeteor|Modest||M|||50|]Mamoswine||FocusSash|Oblivious|HighHorsepower,IcicleCrash,IceShard,Protect|Adamant||M|||50|]Toxapex||Leftovers|Regenerator|WideGuard,Infestation,BanefulBunker,Toxic|Bold||F|||50|]Incineroar||SitrusBerry|Intimidate|FlareBlitz,DarkestLariat,PartingShot,FakeOut|Careful||M|||50|]Gholdengo||LifeOrb|GoodasGold|MakeItRain,ShadowBall,PowerGem,Protect|Modest|||||50|
|showteam|p2|Scovillain||Scovillainite|Moody|Overheat,LeechSeed,RagePowder,Protect|Bold||F|||50|]Sneasler||WhiteHerb|Unburden|CloseCombat,DireClaw,FakeOut,Protect|Adamant||M|||50|]Basculegion||MysticWater|Adaptability|WaveCrash,LastRespects,AquaJet,Protect|Adamant||M|||50|]Froslass||Froslassite|CursedBody|Blizzard,ShadowBall,AuroraVeil,Protect|Timid||F|||50|]Kingambit||ChopleBerry|Defiant|KowtowCleave,SuckerPunch,LowKick,Protect|Adamant||M|||50|]Lycanroc-Dusk||FocusSash|ToughClaws|RockSlide,Accelerock,CloseCombat,Protect|Adamant||F|||50|
|
|t:|1785330693
|teamsize|p1|4
|teamsize|p2|4
|start
|switch|p1a: Charizard|Charizard, L50, M|100/100
|switch|p1b: Gholdengo|Gholdengo, L50|100/100
|switch|p2a: Froslass|Froslass, L50, F|100/100
|switch|p2b: Kingambit|Kingambit, L50, M|100/100
|turn|1
|
|t:|1785330716
|move|p2a: Froslass|Protect|p2a: Froslass
|-singleturn|p2a: Froslass|Protect
|move|p1b: Gholdengo|Protect|p1b: Gholdengo
|-singleturn|p1b: Gholdengo|Protect
|move|p1a: Charizard|Protect|p1a: Charizard
|-singleturn|p1a: Charizard|Protect
|move|p2b: Kingambit|Protect||[still]
|-fail|p2b: Kingambit
|
|upkeep
|turn|2
|
|t:|1785330746
|switch|p2a: Sneasler|Sneasler, L50, M|100/100
|detailschange|p1a: Charizard|Charizard-Mega-Y, L50, M
|-mega|p1a: Charizard|Charizard|Charizardite Y
|-weather|SunnyDay|[from] ability: Drought|[of] p1a: Charizard
|move|p2b: Kingambit|Sucker Punch|p1b: Gholdengo
|-supereffective|p1b: Gholdengo|1
|-damage|p1b: Gholdengo|14/100
|move|p1b: Gholdengo|Shadow Ball|p2a: Sneasler
|-damage|p2a: Sneasler|23/100
|-unboost|p2a: Sneasler|spd|1
|-damage|p1b: Gholdengo|5/100|[from] item: Life Orb
|-enditem|p2a: Sneasler|White Herb
|-clearnegativeboost|p2a: Sneasler|[silent]
|move|p1a: Charizard|Heat Wave|p2a: Sneasler|[spread] p2a,p2b
|-supereffective|p2b: Kingambit|1
|-damage|p2a: Sneasler|0 fnt
|-damage|p2b: Kingambit|0 fnt
|faint|p2a: Sneasler
|faint|p2b: Kingambit
|
|-weather|SunnyDay|[upkeep]
|upkeep
|
|t:|1785330763
|switch|p2a: Lycanroc|Lycanroc-Dusk, L50, F|100/100
|switch|p2b: Froslass|Froslass, L50, F|100/100
|turn|3
|
|t:|1785330773
|move|p2a: Lycanroc|Rock Slide|p1a: Charizard|[spread] p1a,p1b
|-supereffective|p1a: Charizard|2
|-resisted|p1b: Gholdengo|1
|-damage|p1a: Charizard|0 fnt
|-damage|p1b: Gholdengo|0 fnt
|faint|p1a: Charizard
|faint|p1b: Gholdengo
|move|p2b: Froslass|Blizzard|p1: Charizard|[notarget]
|-fail|p2b: Froslass
|
|-weather|SunnyDay|[upkeep]
|upkeep
|
|t:|1785330777
|switch|p1b: Mamoswine|Mamoswine, L50, M|100/100
|switch|p1a: Hydreigon|Hydreigon, L50, M|100/100
|turn|4
|
|t:|1785330850
|detailschange|p2b: Froslass|Froslass-Mega, L50, F
|-mega|p2b: Froslass|Froslass|Froslassite
|-weather|Snowscape|[from] ability: Snow Warning|[of] p2b: Froslass
|move|p1b: Mamoswine|Ice Shard|p2a: Lycanroc
|-damage|p2a: Lycanroc|62/100
|move|p1a: Hydreigon|Dark Pulse|p2a: Lycanroc
|-damage|p2a: Lycanroc|0 fnt
|faint|p2a: Lycanroc
|move|p2b: Froslass|Blizzard|p1b: Mamoswine|[spread] p1a,p1b
|-supereffective|p1a: Hydreigon|1
|-damage|p1a: Hydreigon|13/100
|-damage|p1b: Mamoswine|49/100
|
|-weather|Snowscape|[upkeep]
|upkeep
|turn|5
|
|t:|1785330864
|move|p1a: Hydreigon|Dark Pulse|p2b: Froslass
|-supereffective|p2b: Froslass|1
|-damage|p2b: Froslass|14/100
|move|p2b: Froslass|Blizzard|p1a: Hydreigon|[spread] p1a,p1b
|-supereffective|p1a: Hydreigon|1
|-damage|p1a: Hydreigon|0 fnt
|-damage|p1b: Mamoswine|0 fnt
|faint|p1a: Hydreigon
|faint|p1b: Mamoswine
|
|win|carrotvg
|c|☆mygreat|gg
|l|☆carrotvg
|player|p2|
|j|☆carrotvg
|player|p2|carrotvg|lucas|
