|j|â˜†PumitaNike
|j|â˜†SceptileFan7a0
|html|PumitaNikeSceptileFan7a0    
|uhtml|bestof|Game 1 of a best-of-3
|t:|1757827184
|gametype|doubles
|player|p1|PumitaNike|1|
|player|p2|SceptileFan7a0|steven|
|gen|9
|tier|[Gen 9] VGC 2025 Reg H (Bo3)
|rule|Species Clause: Limit one of each PokÃ©mon
|rule|Item Clause: Limit 1 of each item
|clearpoke
|poke|p1|Porygon2, L50|
|poke|p1|Ursaluna, L50, F|
|poke|p1|Amoonguss, L50, F|
|poke|p1|Gholdengo, L50|
|poke|p1|Incineroar, L50, M|
|poke|p1|Dragonite, L50, F|
|poke|p2|Archaludon, L50, M|
|poke|p2|Annihilape, L50, M|
|poke|p2|Grimmsnarl, L50, M|
|poke|p2|Maushold-Four, L50|
|poke|p2|Pelipper, L50, F|
|poke|p2|Sinistcha, L50|
|teampreview|4
|showteam|p1|Porygon2||Eviolite|Download|TeraBlast,IceBeam,Recover,TrickRoom||||||50|,,,,,Fighting]Ursaluna||FlameOrb|Guts|Facade,Protect,HeadlongRush,Earthquake|||F|||50|,,,,,Ghost]Amoonguss||RockyHelmet|Regenerator|PollenPuff,RagePowder,Spore,SludgeBomb|||F|||50|,,,,,Water]Gholdengo||LifeOrb|GoodasGold|NastyPlot,ShadowBall,MakeItRain,Protect||||||50|,,,,,Water]Incineroar||SitrusBerry|Intimidate|FakeOut,KnockOff,FlareBlitz,PartingShot|||M|||50|,,,,,Ghost]Dragonite||LoadedDice|Multiscale|ScaleShot,Tailwind,Haze,Protect|||F|||50|,,,,,Fairy
|showteam|p2|Archaludon||AssaultVest|Stamina|ElectroShot,DracoMeteor,Snarl,BodyPress|||M|||50|,,,,,Grass]Annihilape||Leftovers|Defiant|RageFist,DrainPunch,BulkUp,Protect|||M|||50|,,,,,Fire]Grimmsnarl||LightClay|Prankster|Reflect,LightScreen,ThunderWave,SpiritBreak|||M|||50|,,,,,Steel]Maushold-Four||SafetyGoggles|FriendGuard|BeatUp,Taunt,FollowMe,Protect||||||50|,,,,,Ghost]Pelipper||FocusSash|Drizzle|Hurricane,WeatherBall,Tailwind,Protect|||F|||50|,,,,,Stellar]Sinistcha||SitrusBerry|Hospitality|LifeDew,RagePowder,StrengthSap,MatchaGotcha||||||50|,,,,,Water
|c|â˜†SceptileFan7a0|igual ojo que, bien jugado, este team puede ser rompepija
|c|â˜†SceptileFan7a0|yo ahora estoy gagÃ¡ y no estoy jugando bien pero
|
|t:|1757827230
|teamsize|p1|4
|teamsize|p2|4
|start
|switch|p1a: Gholdengo|Gholdengo, L50|100/100
|switch|p1b: Amoonguss|Amoonguss, L50, F|100/100
|switch|p2a: Annihilape|Annihilape, L50, M|100/100
|switch|p2b: Grimmsnarl|Grimmsnarl, L50, M|100/100
|turn|1
|
|t:|1757827258
|move|p2b: Grimmsnarl|Light Screen|p2b: Grimmsnarl
|-sidestart|p2: SceptileFan7a0|move: Light Screen
|move|p1a: Gholdengo|Nasty Plot|p1a: Gholdengo
|-boost|p1a: Gholdengo|spa|2
|move|p2a: Annihilape|Bulk Up|p2a: Annihilape
|-boost|p2a: Annihilape|atk|1
|-boost|p2a: Annihilape|def|1
|move|p1b: Amoonguss|Spore|p2a: Annihilape
|-status|p2a: Annihilape|slp|[from] move: Spore
|
|upkeep
|turn|2
|
|t:|1757827297
|switch|p2b: Familiero|Maushold-Four, L50|100/100
|-terastallize|p2a: Annihilape|Fire
|move|p1a: Gholdengo|Nasty Plot|p1a: Gholdengo
|-boost|p1a: Gholdengo|spa|2
|cant|p2a: Annihilape|slp
|move|p1b: Amoonguss|Spore|p2b: Familiero
|-activate|p2b: Familiero|item: Safety Goggles|Spore
|
|upkeep
|turn|3
|
|t:|1757827320
|move|p2b: Familiero|Follow Me|p2b: Familiero
|-singleturn|p2b: Familiero|move: Follow Me
|move|p1a: Gholdengo|Make It Rain|p2a: Annihilape|[spread] p2a,p2b
|-resisted|p2a: Annihilape
|-damage|p2a: Annihilape|62/100 slp
|-damage|p2b: Familiero|0 fnt
|-unboost|p1a: Gholdengo|spa|1
|faint|p2b: Familiero
|-damage|p1a: Gholdengo|91/100|[from] item: Life Orb
|-curestatus|p2a: Annihilape|slp|[msg]
|move|p2a: Annihilape|Rage Fist|p1a: Gholdengo
|-supereffective|p1a: Gholdengo
|-damage|p1a: Gholdengo|0 fnt
|faint|p1a: Gholdengo
|move|p1b: Amoonguss|Sludge Bomb|p2a: Annihilape
|-damage|p2a: Annihilape|45/100
|
|-heal|p2a: Annihilape|51/100|[from] item: Leftovers
|upkeep
|
|t:|1757827342
|switch|p2b: Sinistcha|Sinistcha, L50|100/100
|switch|p1a: Dragonite|Dragonite, L50, F|100/100
|-heal|p2a: Annihilape|76/100|[from] ability: Hospitality|[of] p2b: Sinistcha
|turn|4
|
|t:|1757827358
|move|p2b: Sinistcha|Rage Powder|p2b: Sinistcha
|-singleturn|p2b: Sinistcha|move: Rage Powder
|move|p2a: Annihilape|Rage Fist|p1b: Amoonguss
|-damage|p1b: Amoonguss|20/100
|-damage|p2a: Annihilape|60/100|[from] item: Rocky Helmet|[of] p1b: Amoonguss
|move|p1a: Dragonite|Haze|p1a: Dragonite
|-clearallboost
|move|p1b: Amoonguss|Spore|p2a: Annihilape
|-status|p2a: Annihilape|slp|[from] move: Spore
|
|-heal|p2a: Annihilape|66/100 slp|[from] item: Leftovers
|upkeep
|turn|5
|c|â˜†SceptileFan7a0|PENSE Q REDIRIGIA AL AMONGUS XD
|
|t:|1757827414
|switch|p1b: Ursaluna|Ursaluna, L50, F|100/100
|cant|p2a: Annihilape|slp
|move|p1a: Dragonite|Tailwind|p1a: Dragonite
|-sidestart|p1: PumitaNike|move: Tailwind
|move|p2b: Sinistcha|Life Dew||[still]|[spread] p2a,p2b
|-heal|p2a: Annihilape|91/100 slp
|-fail|p2b: Sinistcha|heal
|
|-heal|p2a: Annihilape|97/100 slp|[from] item: Leftovers
|-status|p1b: Ursaluna|brn|[from] item: Flame Orb
|upkeep
|turn|6
|
|t:|1757827446
|switch|p2a: Grimmsnarl|Grimmsnarl, L50, M|100/100
|-terastallize|p1b: Ursaluna|Ghost
|move|p1a: Dragonite|Scale Shot|p2a: Grimmsnarl
|-immune|p2a: Grimmsnarl
|move|p1b: Ursaluna|Earthquake|p2a: Grimmsnarl|[spread] p2a,p2b
|-immune|p1a: Dragonite
|-resisted|p2b: Sinistcha
|-damage|p2a: Grimmsnarl|30/100
|-damage|p2b: Sinistcha|72/100
|move|p2b: Sinistcha|Matcha Gotcha|p1b: Ursaluna|[spread] p1b
|-miss|p2b: Sinistcha|p1a: Dragonite
|-damage|p1b: Ursaluna|79/100 brn
|-heal|p2b: Sinistcha|85/100|[from] drain|[of] p1b: Ursaluna
|
|-damage|p1b: Ursaluna|73/100 brn|[from] brn
|upkeep
|turn|7
|
|t:|1757827480
|move|p2a: Grimmsnarl|Reflect|p2a: Grimmsnarl
|-sidestart|p2: SceptileFan7a0|Reflect
|move|p1a: Dragonite|Scale Shot|p2b: Sinistcha
|-damage|p2b: Sinistcha|77/100
|-damage|p2b: Sinistcha|68/100
|-damage|p2b: Sinistcha|58/100
|-damage|p2b: Sinistcha|49/100
|-enditem|p2b: Sinistcha|Sitrus Berry|[eat]
|-heal|p2b: Sinistcha|74/100|[from] item: Sitrus Berry
|-damage|p2b: Sinistcha|65/100
|-hitcount|p2b: Sinistcha|5
|-unboost|p1a: Dragonite|def|1
|-boost|p1a: Dragonite|spe|1
|move|p1b: Ursaluna|Earthquake|p2a: Grimmsnarl|[spread] p2a,p2b
|-immune|p1a: Dragonite
|-resisted|p2b: Sinistcha
|-damage|p2a: Grimmsnarl|0 fnt
|-damage|p2b: Sinistcha|44/100
|faint|p2a: Grimmsnarl
|move|p2b: Sinistcha|Life Dew|p2b: Sinistcha
|-heal|p2b: Sinistcha|69/100
|
|-damage|p1b: Ursaluna|67/100 brn|[from] brn
|upkeep
|
|t:|1757827500
|switch|p2a: Annihilape|Annihilape, L50, M, tera:Fire|97/100 slp
|turn|8
|
|t:|1757827518
|move|p1a: Dragonite|Protect|p1a: Dragonite
|-singleturn|p1a: Dragonite|Protect
|move|p2b: Sinistcha|Rage Powder|p2b: Sinistcha
|-singleturn|p2b: Sinistcha|move: Rage Powder
|move|p1b: Ursaluna|Headlong Rush|p2b: Sinistcha
|-resisted|p2b: Sinistcha
|-damage|p2b: Sinistcha|37/100
|-unboost|p1b: Ursaluna|def|1
|-unboost|p1b: Ursaluna|spd|1
|cant|p2a: Annihilape|slp
|
|-heal|p2a: Annihilape|100/100 slp|[from] item: Leftovers
|-damage|p1b: Ursaluna|61/100 brn|[from] brn
|-sideend|p2: SceptileFan7a0|move: Light Screen
|-sideend|p1: PumitaNike|move: Tailwind
|upkeep
|turn|9
|
|t:|1757827554
|switch|p1b: Amoonguss|Amoonguss, L50, F|53/100
|cant|p2a: Annihilape|slp
|move|p1a: Dragonite|Haze|p1a: Dragonite
|-clearallboost
|move|p2b: Sinistcha|Strength Sap|p1b: Amoonguss
|-unboost|p1b: Amoonguss|atk|1
|-heal|p2b: Sinistcha|83/100
|
|upkeep
|turn|10
|
|t:|1757827572
|-curestatus|p2a: Annihilape|slp|[msg]
|move|p2a: Annihilape|Rage Fist|p1b: Amoonguss
|-damage|p1b: Amoonguss|0 fnt
|-damage|p2a: Annihilape|84/100|[from] item: Rocky Helmet|[of] p1b: Amoonguss
|faint|p1b: Amoonguss
|move|p1a: Dragonite|Tailwind|p1a: Dragonite
|-sidestart|p1: PumitaNike|move: Tailwind
|move|p2b: Sinistcha|Life Dew|p2b: Sinistcha|[spread] p2a,p2b
|-heal|p2a: Annihilape|100/100
|-heal|p2b: Sinistcha|100/100
|
|upkeep
|
|t:|1757827586
|switch|p1b: Ursaluna|Ursaluna, L50, F, tera:Ghost|61/100 brn
|turn|11
|
|t:|1757827611
|move|p1b: Ursaluna|Protect|p1b: Ursaluna
|-singleturn|p1b: Ursaluna|Protect
|move|p2b: Sinistcha|Rage Powder|p2b: Sinistcha
|-singleturn|p2b: Sinistcha|move: Rage Powder
|move|p1a: Dragonite|Scale Shot|p2b: Sinistcha
|-damage|p2b: Sinistcha|91/100
|-damage|p2b: Sinistcha|82/100
|-damage|p2b: Sinistcha|74/100
|-damage|p2b: Sinistcha|64/100
|-damage|p2b: Sinistcha|55/100
|-hitcount|p2b: Sinistcha|5
|-unboost|p1a: Dragonite|def|1
|-boost|p1a: Dragonite|spe|1
|move|p2a: Annihilape|Rage Fist|p1a: Dragonite
|-damage|p1a: Dragonite|48/100
|
|-damage|p1b: Ursaluna|56/100 brn|[from] brn
|upkeep
|turn|12
|
|t:|1757827639
|move|p2b: Sinistcha|Rage Powder|p2b: Sinistcha
|-singleturn|p2b: Sinistcha|move: Rage Powder
|move|p1a: Dragonite|Scale Shot|p2b: Sinistcha
|-damage|p2b: Sinistcha|45/100
|-damage|p2b: Sinistcha|36/100
|-damage|p2b: Sinistcha|28/100
|-damage|p2b: Sinistcha|20/100
|-hitcount|p2b: Sinistcha|4
|-unboost|p1a: Dragonite|def|1
|-boost|p1a: Dragonite|spe|1
|move|p1b: Ursaluna|Earthquake|p2a: Annihilape|[spread] p2a,p2b
|-immune|p1a: Dragonite
|-supereffective|p2a: Annihilape
|-resisted|p2b: Sinistcha
|-damage|p2a: Annihilape|13/100
|-damage|p2b: Sinistcha|1/100
|move|p2a: Annihilape|Rage Fist|p1b: Ursaluna
|-supereffective|p1b: Ursaluna
|-damage|p1b: Ursaluna|0 fnt
|faint|p1b: Ursaluna
|
|-heal|p2a: Annihilape|19/100|[from] item: Leftovers
|upkeep
|turn|13
|
|t:|1757827678
|move|p2b: Sinistcha|Rage Powder|p2b: Sinistcha
|-singleturn|p2b: Sinistcha|move: Rage Powder
|move|p1a: Dragonite|Scale Shot|p2b: Sinistcha|[miss]
|-miss|p1a: Dragonite|p2b: Sinistcha
|move|p2a: Annihilape|Rage Fist|p1a: Dragonite
|-damage|p1a: Dragonite|0 fnt
|faint|p1a: Dragonite
|
|win|SceptileFan7a0
|inactive|PumitaNike has 30 seconds to confirm battle start!
|inactive|SceptileFan7a0 has 30 seconds to confirm battle start!
|c|â˜†PumitaNike|Encima erra al final
|c|â˜†SceptileFan7a0|jajajj encima le pintÃ³ missear al dragÃ³n nt
||PumitaNike is ready for game 2.
|inactive|SceptileFan7a0 has 20 seconds to confirm battle start!
|c|â˜†SceptileFan7a0|la jugaste bien igual
||SceptileFan7a0 is ready for game 2.
|uhtml|next|Next: Game 2 of 3
