|j|☆heycoachitsnate
|j|☆vin_bird2003
|html|heycoachitsnatevin_bird2003    
|uhtml|bestof|Game 3 of a best-of-3
|t:|1785981053
|gametype|doubles
|player|p1|heycoachitsnate|n|1164
|player|p2|vin_bird2003|skyla|1232
|gen|9
|tier|[Gen 9 Champions] VGC 2026 Reg M-B (Bo3)
|rated|
|rule|Species Clause: Limit one of each Pokémon
|rule|Item Clause: Limit 1 of each item
|clearpoke
|poke|p1|Venusaur, L50, M|
|poke|p1|Charizard, L50, M|
|poke|p1|Garchomp, L50, M|
|poke|p1|Annihilape, L50, F|
|poke|p1|Incineroar, L50, M|
|poke|p1|Toxapex, L50, M|
|poke|p2|Espathra, L50, F|
|poke|p2|Raichu, L50, M|
|poke|p2|Whimsicott, L50, M|
|poke|p2|Kingambit, L50, F|
|poke|p2|Vanilluxe, L50, M|
|poke|p2|Archaludon, L50, F|
|teampreview|4
|showteam|p1|Venusaur||LifeOrb|Chlorophyll|SolarBeam,SludgeBomb,EarthPower,Protect|Modest||M|||50|]Charizard||CharizarditeY|Blaze|HeatWave,WeatherBall,HelpingHand,Protect|Modest||M|||50|]Garchomp||ChoiceScarf|RoughSkin|DragonClaw,Earthquake,RockSlide,StompingTantrum|Adamant||M|||50|]Annihilape||FocusSash|Defiant|PhantomForce,CloseCombat,RockTomb,Protect|Jolly||F|||50|]Incineroar||SitrusBerry|Intimidate|FakeOut,ThroatChop,FlareBlitz,PartingShot|Impish||M|||50|]Toxapex||Leftovers|Regenerator|Infestation,Toxic,BanefulBunker,WideGuard|Impish||M|||50|
|showteam|p2|Espathra||SitrusBerry|SpeedBoost|Protect,Reflect,LuminaCrash,Roost|Bold||F|||50|]Raichu||RaichuniteY|LightningRod|Protect,ZapCannon,FocusBlast,FakeOut|Timid||M|||50|]Whimsicott||FocusSash|Prankster|Protect,Tailwind,Moonblast,Tickle|Timid||M|||50|]Kingambit||LifeOrb|Defiant|Protect,KowtowCleave,SuckerPunch,IronHead|Adamant||F|||50|]Vanilluxe||NeverMeltIce|SnowWarning|Protect,IceShard,FreezeDry,Blizzard|Quiet||M|||50|]Archaludon||ChoiceScarf|Sturdy|DracoMeteor,FlashCannon,Snarl,AuraSphere|Modest||F|||50|
|inactive|Battle timer is ON: inactive players will automatically lose when time's up. (requested by vin_bird2003)
|
|t:|1785981080
|teamsize|p1|4
|teamsize|p2|4
|start
|switch|p1a: Annihilape|Annihilape, L50, F|100/100
|switch|p1b: Charizard|Charizard, L50, M|100/100
|switch|p2a: Espathra|Espathra, L50, F|100/100
|switch|p2b: Raichu|Raichu, L50, M|100/100
|turn|1
|inactive|vin_bird2003 has 30 seconds left.
|inactive|vin_bird2003 has 20 seconds left.
|inactive|vin_bird2003 has 15 seconds left.
|inactive|vin_bird2003 has 10 seconds left.
|
|t:|1785981126
|switch|p1b: Garchomp|Garchomp, L50, M|100/100
|detailschange|p2b: Raichu|Raichu-Mega-Y, L50, M
|-mega|p2b: Raichu|Raichu|Raichunite Y
|move|p2b: Raichu|Protect|p2b: Raichu
|-singleturn|p2b: Raichu|Protect
|move|p2a: Espathra|Protect|p2a: Espathra
|-singleturn|p2a: Espathra|Protect
|move|p1a: Annihilape|Phantom Force||[still]
|-prepare|p1a: Annihilape|Phantom Force
|
|-ability|p2a: Espathra|Speed Boost|boost
|-boost|p2a: Espathra|spe|1
|upkeep
|turn|2
|
|t:|1785981149
|switch|p2b: Whimsicott|Whimsicott, L50, M|100/100
|move|p1b: Garchomp|Earthquake|p2a: Espathra|[spread] p2a,p2b
|-miss|p1b: Garchomp|p1a: Annihilape
|-resisted|p2b: Whimsicott|1
|-damage|p2a: Espathra|65/100
|-damage|p2b: Whimsicott|70/100
|move|p2a: Espathra|Reflect|p2a: Espathra
|-sidestart|p2: vin_bird2003|Reflect
|move|p1a: Annihilape|Phantom Force|p2a: Espathra|[from] lockedmove
|-supereffective|p2a: Espathra|1
|-damage|p2a: Espathra|14/100
|-enditem|p2a: Espathra|Sitrus Berry|[eat]
|-heal|p2a: Espathra|39/100|[from] item: Sitrus Berry
|
|-ability|p2a: Espathra|Speed Boost|boost
|-boost|p2a: Espathra|spe|1
|upkeep
|turn|3
|
|t:|1785981171
|move|p1a: Annihilape|Protect|p1a: Annihilape
|-singleturn|p1a: Annihilape|Protect
|move|p2b: Whimsicott|Tailwind|p2b: Whimsicott
|-sidestart|p2: vin_bird2003|move: Tailwind
|move|p2a: Espathra|Roost|p2a: Espathra
|-heal|p2a: Espathra|89/100
|-singleturn|p2a: Espathra|move: Roost
|move|p1b: Garchomp|Earthquake|p2b: Whimsicott|[spread] p2a,p2b
|-activate|p1a: Annihilape|move: Protect
|-crit|p2a: Espathra
|-resisted|p2b: Whimsicott|1
|-damage|p2a: Espathra|32/100
|-damage|p2b: Whimsicott|49/100
|
|-ability|p2a: Espathra|Speed Boost|boost
|-boost|p2a: Espathra|spe|1
|upkeep
|turn|4
|
|t:|1785981189
|switch|p1a: Charizard|Charizard, L50, M|100/100
|move|p2a: Espathra|Lumina Crash|p1b: Garchomp
|-damage|p1b: Garchomp|69/100
|-unboost|p1b: Garchomp|spd|2
|move|p2b: Whimsicott|Moonblast|p1b: Garchomp
|-supereffective|p1b: Garchomp|1
|-damage|p1b: Garchomp|0 fnt
|faint|p1b: Garchomp
|
|-ability|p2a: Espathra|Speed Boost|boost
|-boost|p2a: Espathra|spe|1
|upkeep
|
|t:|1785981210
|switch|p1b: Annihilape|Annihilape, L50, F|100/100
|turn|5
|inactive|vin_bird2003 has 30 seconds left.
|inactive|vin_bird2003 has 20 seconds left.
|
|t:|1785981250
|detailschange|p1a: Charizard|Charizard-Mega-Y, L50, M
|-mega|p1a: Charizard|Charizard|Charizardite Y
|-weather|SunnyDay|[from] ability: Drought|[of] p1a: Charizard
|move|p2b: Whimsicott|Protect|p2b: Whimsicott
|-singleturn|p2b: Whimsicott|Protect
|move|p2a: Espathra|Protect|p2a: Espathra
|-singleturn|p2a: Espathra|Protect
|move|p1b: Annihilape|Phantom Force||[still]
|-prepare|p1b: Annihilape|Phantom Force
|move|p1a: Charizard|Heat Wave|p2a: Espathra|[spread] 
|-activate|p2a: Espathra|move: Protect
|-activate|p2b: Whimsicott|move: Protect
|
|-weather|SunnyDay|[upkeep]
|-ability|p2a: Espathra|Speed Boost|boost
|-boost|p2a: Espathra|spe|1
|upkeep
|turn|6
|
|t:|1785981274
|move|p2a: Espathra|Lumina Crash|p1a: Charizard
|-damage|p1a: Charizard|74/100
|-unboost|p1a: Charizard|spd|2
|move|p2b: Whimsicott|Moonblast|p1a: Charizard
|-resisted|p1a: Charizard|1
|-damage|p1a: Charizard|44/100
|move|p1b: Annihilape|Phantom Force|p2a: Espathra|[from] lockedmove
|-supereffective|p2a: Espathra|1
|-damage|p2a: Espathra|0 fnt
|faint|p2a: Espathra
|move|p1a: Charizard|Heat Wave|p2b: Whimsicott
|-supereffective|p2b: Whimsicott|1
|-damage|p2b: Whimsicott|0 fnt
|faint|p2b: Whimsicott
|
|-weather|SunnyDay|[upkeep]
|-sideend|p2: vin_bird2003|Reflect
|-sideend|p2: vin_bird2003|move: Tailwind
|upkeep
|
|t:|1785981281
|switch|p2b: Raichu|Raichu-Mega-Y, L50, M|100/100
|switch|p2a: Archaludon|Archaludon, L50, F|100/100
|turn|7
|inactive|vin_bird2003 has 30 seconds left.
|
|t:|1785981312
|move|p1a: Charizard|Protect|p1a: Charizard
|-singleturn|p1a: Charizard|Protect
|move|p2a: Archaludon|Flash Cannon|p1b: Annihilape
|-damage|p1b: Annihilape|49/100
|-unboost|p1b: Annihilape|spd|1
|-ability|p1b: Annihilape|Defiant|boost
|-boost|p1b: Annihilape|atk|2
|move|p2b: Raichu|Zap Cannon|p1b: Annihilape
|-damage|p1b: Annihilape|0 fnt
|faint|p1b: Annihilape
|
|-weather|SunnyDay|[upkeep]
|upkeep
|
|t:|1785981321
|switch|p1b: Toxapex|Toxapex, L50, M|100/100
|turn|8
|
|t:|1785981338
|move|p2a: Archaludon|Flash Cannon|p1b: Toxapex
|-resisted|p1b: Toxapex|1
|-damage|p1b: Toxapex|82/100
|move|p2b: Raichu|Zap Cannon|p1a: Charizard
|-supereffective|p1a: Charizard|1
|-damage|p1a: Charizard|0 fnt
|faint|p1a: Charizard
|move|p1b: Toxapex|Toxic|p2b: Raichu
|-status|p2b: Raichu|tox
|
|-weather|SunnyDay|[upkeep]
|-heal|p1b: Toxapex|88/100|[from] item: Leftovers
|-damage|p2b: Raichu|94/100 tox|[from] psn
|upkeep
|turn|9
|
|t:|1785981350
|move|p1b: Toxapex|Baneful Bunker|p1b: Toxapex
|-singleturn|p1b: Toxapex|move: Protect
|move|p2a: Archaludon|Flash Cannon|p1b: Toxapex
|-activate|p1b: Toxapex|move: Protect
|move|p2b: Raichu|Zap Cannon|p1b: Toxapex
|-activate|p1b: Toxapex|move: Protect
|
|-weather|none
|-heal|p1b: Toxapex|94/100|[from] item: Leftovers
|-damage|p2b: Raichu|82/100 tox|[from] psn
|upkeep
|turn|10
|
|t:|1785981358
|move|p2a: Archaludon|Flash Cannon|p1b: Toxapex
|-resisted|p1b: Toxapex|1
|-damage|p1b: Toxapex|77/100
|move|p2b: Raichu|Zap Cannon|p1b: Toxapex
|-supereffective|p1b: Toxapex|1
|-damage|p1b: Toxapex|0 fnt
|faint|p1b: Toxapex
|
|win|vin_bird2003
|raw|heycoachitsnate's rating: 1164 → 1144(-20 for losing)
|raw|vin_bird2003's rating: 1232 → 1252(+20 for winning)
|l|☆vin_bird2003
|player|p2|
