|j|☆Sapitoch 4
|j|☆obama mewtwo
|html|Sapitoch 4obama mewtwo    
|uhtml|bestof|Game 3 of a best-of-3
|t:|1782271510
|gametype|doubles
|player|p1|Sapitoch 4|102|1180
|player|p2|obama mewtwo|sabrina|1096
|gen|9
|tier|[Gen 9 Champions] VGC 2026 Reg M-B (Bo3)
|rated|
|rule|Species Clause: Limit one of each Pokémon
|rule|Item Clause: Limit 1 of each item
|clearpoke
|poke|p1|Gengar, L50, F|
|poke|p1|Incineroar, L50, F|
|poke|p1|Samurott-Hisui, L50, M|
|poke|p1|Dragonite, L50, M|
|poke|p1|Ninetales-Alola, L50, M|
|poke|p1|Gholdengo, L50|
|poke|p2|Scrafty, L50, F|
|poke|p2|Gholdengo, L50|
|poke|p2|Sinistcha, L50|
|poke|p2|Garchomp, L50, F|
|poke|p2|Metagross, L50|
|poke|p2|Basculegion, L50, M|
|teampreview|4
|showteam|p1|Gengar||Gengarite|CursedBody|ShadowBall,SludgeBomb,Protect,Disable|Timid||F|||50|]Incineroar||SitrusBerry|Intimidate|FlareBlitz,PartingShot,FakeOut,Protect|Impish||F|||50|]Samurott-Hisui||ChopleBerry|Sharpness|NightSlash,SacredSword,SuckerPunch,Detect|Jolly||M|||50|]Dragonite||DragonFang|Multiscale|DragonClaw,LowKick,ExtremeSpeed,Protect|Adamant||M|||50|]Ninetales-Alola||FocusSash|SnowWarning|Blizzard,FreezeDry,Encore,Protect|Timid||M|||50|]Gholdengo||ChoiceScarf|GoodasGold|MakeItRain,ShadowBall,Trick,PowerGem|Modest|||||50|
|showteam|p2|Scrafty||Scraftinite|Intimidate|FakeOut,DrainPunch,KnockOff,Protect|Adamant||F|||50|]Gholdengo||ShucaBerry|GoodasGold|MakeItRain,ShadowBall,NastyPlot,Recover|Modest|||||50|]Sinistcha||SitrusBerry|Hospitality|Reflect,LifeDew,MatchaGotcha,TrickRoom|Relaxed|||||50|]Garchomp||RoseliBerry|RoughSkin|Earthquake,RockSlide,SwordsDance,Protect|Jolly||F|||50|]Metagross||Metagrossite|ClearBody|IronHead,PsychicFangs,BulletPunch,IcePunch|Jolly|||||50|]Basculegion||ChoiceScarf|Adaptability|WaveCrash,FlipTurn,AquaJet,LastRespects|Jolly||M|||50|
|inactive|Battle timer is ON: inactive players will automatically lose when time's up. (requested by obama mewtwo)
|inactive|Sapitoch 4 has 60 seconds left.
|
|t:|1782271563
|teamsize|p1|4
|teamsize|p2|4
|start
|switch|p1a: Gengar|Gengar, L50, F|100/100
|switch|p1b: Gholdengo|Gholdengo, L50|100/100
|switch|p2a: Metagross|Metagross, L50|100/100
|switch|p2b: Basculegion|Basculegion, L50, M|100/100
|turn|1
|inactive|obama mewtwo has 30 seconds left.
|
|t:|1782271593
|switch|p2a: Scrafty|Scrafty, L50, F|100/100
|-ability|p2a: Scrafty|Intimidate|boost
|-unboost|p1a: Gengar|atk|1
|-unboost|p1b: Gholdengo|atk|1
|detailschange|p1a: Gengar|Gengar-Mega, L50, F
|-mega|p1a: Gengar|Gengar|Gengarite
|move|p1a: Gengar|Protect|p1a: Gengar
|-singleturn|p1a: Gengar|Protect
|move|p2b: Basculegion|Wave Crash|p1a: Gengar
|-activate|p1a: Gengar|move: Protect
|move|p1b: Gholdengo|Shadow Ball|p2b: Basculegion
|-supereffective|p2b: Basculegion|1
|-damage|p2b: Basculegion|0 fnt
|faint|p2b: Basculegion
|
|upkeep
|
|t:|1782271602
|switch|p2b: Metagross|Metagross, L50|100/100
|turn|2
|
|t:|1782271626
|switch|p1b: Incineroar|Incineroar, L50, F|100/100
|-ability|p1b: Incineroar|Intimidate|boost
|-unboost|p2a: Scrafty|atk|1
|-fail|p2b: Metagross|unboost|[from] ability: Clear Body|[of] p2b: Metagross
|detailschange|p2a: Scrafty|Scrafty-Mega, L50, F
|-mega|p2a: Scrafty|Scrafty|Scraftinite
|-ability|p2a: Scrafty|Intimidate|boost
|-unboost|p1a: Gengar|atk|1
|-unboost|p1b: Incineroar|atk|1
|move|p2b: Metagross|Bullet Punch|p1a: Gengar
|-damage|p1a: Gengar|73/100
|move|p1a: Gengar|Sludge Bomb|p2a: Scrafty
|-damage|p2a: Scrafty|59/100
|move|p2a: Scrafty|Knock Off|p1a: Gengar
|-supereffective|p1a: Gengar|1
|-damage|p1a: Gengar|14/100
|
|upkeep
|turn|3
|
|t:|1782271645
|move|p1b: Incineroar|Fake Out|p2b: Metagross
|-resisted|p2b: Metagross|1
|-damage|p2b: Metagross|96/100
|cant|p2b: Metagross|flinch
|move|p1a: Gengar|Sludge Bomb|p2a: Scrafty
|-damage|p2a: Scrafty|19/100
|move|p2a: Scrafty|Drain Punch|p1b: Incineroar
|-supereffective|p1b: Incineroar|1
|-damage|p1b: Incineroar|52/100
|-heal|p2a: Scrafty|47/100|[from] drain|[of] p1b: Incineroar
|
|upkeep
|turn|4
|inactive|Sapitoch 4 has 30 seconds left.
|inactive|Sapitoch 4 has 20 seconds left.
|inactive|Sapitoch 4 has 15 seconds left.
|
|t:|1782271690
|switch|p1a: Gholdengo|Gholdengo, L50|100/100
|move|p2b: Metagross|Bullet Punch|p1a: Gholdengo
|-resisted|p1a: Gholdengo|1
|-damage|p1a: Gholdengo|87/100
|move|p2a: Scrafty|Drain Punch|p1b: Incineroar
|-supereffective|p1b: Incineroar|1
|-damage|p1b: Incineroar|10/100
|-heal|p2a: Scrafty|71/100|[from] drain|[of] p1b: Incineroar
|-enditem|p1b: Incineroar|Sitrus Berry|[eat]
|-heal|p1b: Incineroar|35/100|[from] item: Sitrus Berry
|move|p1b: Incineroar|Parting Shot|p2a: Scrafty
|-unboost|p2a: Scrafty|atk|1
|-unboost|p2a: Scrafty|spa|1
|
|t:|1782271704
|switch|p1b: Samurott|Samurott-Hisui, L50, M|100/100|[from] Parting Shot
|
|upkeep
|turn|5
|
|t:|1782271723
|move|p1a: Gholdengo|Make It Rain|p2b: Metagross|[spread] p2a,p2b
|-resisted|p2b: Metagross|1
|-damage|p2a: Scrafty|33/100
|-damage|p2b: Metagross|64/100
|-unboost|p1a: Gholdengo|spa|2
|move|p1b: Samurott|Sacred Sword|p2a: Scrafty
|-supereffective|p2a: Scrafty|1
|-damage|p2a: Scrafty|0 fnt
|faint|p2a: Scrafty
|move|p2b: Metagross|Iron Head|p1b: Samurott
|-resisted|p1b: Samurott|1
|-damage|p1b: Samurott|71/100
|
|upkeep
|
|t:|1782271730
|switch|p2a: Garchomp|Garchomp, L50, F|100/100
|turn|6
|
|t:|1782271741
|switch|p1a: Incineroar|Incineroar, L50, F|35/100
|-ability|p1a: Incineroar|Intimidate|boost
|-unboost|p2a: Garchomp|atk|1
|-fail|p2b: Metagross|unboost|[from] ability: Clear Body|[of] p2b: Metagross
|move|p1b: Samurott|Detect|p1b: Samurott
|-singleturn|p1b: Samurott|Protect
|move|p2a: Garchomp|Rock Slide|p1b: Samurott|[spread] p1a
|-activate|p1b: Samurott|move: Protect
|-supereffective|p1a: Incineroar|1
|-damage|p1a: Incineroar|15/100
|move|p2b: Metagross|Iron Head|p1b: Samurott
|-activate|p1b: Samurott|move: Protect
|
|upkeep
|turn|7
|
|t:|1782271756
|move|p1a: Incineroar|Fake Out|p2a: Garchomp
|-crit|p2a: Garchomp
|-damage|p2a: Garchomp|84/100
|-damage|p1a: Incineroar|2/100|[from] ability: Rough Skin|[of] p2a: Garchomp
|cant|p2a: Garchomp|flinch
|move|p1b: Samurott|Night Slash|p2b: Metagross
|-supereffective|p2b: Metagross|1
|-damage|p2b: Metagross|0 fnt
|faint|p2b: Metagross
|
|upkeep
|turn|8
|
|t:|1782271770
|move|p2a: Garchomp|Rock Slide|p1b: Samurott|[spread] p1b
|-miss|p2a: Garchomp|p1a: Incineroar
|-damage|p1b: Samurott|56/100
|cant|p1b: Samurott|flinch
|move|p1a: Incineroar|Parting Shot|p2a: Garchomp
|-unboost|p2a: Garchomp|atk|1
|-unboost|p2a: Garchomp|spa|1
|-message|obama mewtwo forfeited.
|
|win|Sapitoch 4
|raw|Sapitoch 4's rating: 1180 → 1199(+19 for winning)
|raw|obama mewtwo's rating: 1096 → 1077(-19 for losing)
|l|☆obama mewtwo
|player|p2|
