|j|☆KingDom1992
|j|☆GionnyBravo
|html|KingDom1992GionnyBravo    
|uhtml|bestof|Game 3 of a best-of-3
|t:|1756559428
|gametype|doubles
|player|p1|KingDom1992|brock|1184
|player|p2|GionnyBravo|rood|1328
|gen|9
|tier|[Gen 9] VGC 2025 Reg H (Bo3)
|rated|
|rule|Species Clause: Limit one of each Pokémon
|rule|Item Clause: Limit 1 of each item
|clearpoke
|poke|p1|Gholdengo, L50|
|poke|p1|Sneasler, L50, M|
|poke|p1|Incineroar, L50, F|
|poke|p1|Amoonguss, L50, F|
|poke|p1|Dragonite, L50, M|
|poke|p1|Ursaluna-Bloodmoon, L50, M|
|poke|p2|Sneasler, L50, F|
|poke|p2|Rillaboom, L50, F|
|poke|p2|Electabuzz, L50, F|
|poke|p2|Dragonite, L50, M|
|poke|p2|Volcarona, L50, F|
|poke|p2|Kingambit, L50, M|
|teampreview|4
|showteam|p1|Gholdengo||LifeOrb|GoodasGold|MakeItRain,ShadowBall,NastyPlot,Protect||||||50|,,,,,Water]Sneasler||FocusSash|PoisonTouch|FakeOut,CloseCombat,DireClaw,Protect|||M|||50|,,,,,Stellar]Incineroar||SafetyGoggles|Intimidate|FakeOut,FlareBlitz,KnockOff,PartingShot|||F|||50|,,,,,Ghost]Amoonguss||SitrusBerry|Regenerator|Spore,RagePowder,PollenPuff,Protect|||F|||50|,,,,,Water]Dragonite||LoadedDice|Multiscale|ScaleShot,Haze,Tailwind,ExtremeSpeed|||M|||50|,,,,,Fairy]Ursaluna-Bloodmoon||AssaultVest|MindsEye|HyperVoice,BloodMoon,EarthPower,VacuumWave|||M|||50|,,,,,Normal
|showteam|p2|Sneasler||FocusSash|PoisonTouch|CloseCombat,DireClaw,Coaching,FakeOut|||F|||50|,,,,,Stellar]Rillaboom||AssaultVest|GrassySurge|WoodHammer,GrassyGlide,HighHorsepower,FakeOut|||F|||50|,,,,,Fire]Electabuzz||Eviolite|VitalSpirit|Thunderbolt,FollowMe,Taunt,Protect|||F|||50|,,,,,Ghost]Dragonite||LoadedDice|Multiscale|ScaleShot,ExtremeSpeed,Haze,Protect|||M|||50|,,,,,Normal]Volcarona||Leftovers|FlameBody|HeatWave,TeraBlast,QuiverDance,Protect|||F|||50|,,,,,Fairy]Kingambit||BlackGlasses|Defiant|KowtowCleave,SuckerPunch,SwordsDance,Protect|||M|||50|,,,,,Dark
|inactive|Battle timer is ON: inactive players will automatically lose when time's up. (requested by KingDom1992)
|inactive|GionnyBravo has 60 seconds left.
|
|t:|1756559473
|teamsize|p1|4
|teamsize|p2|4
|start
|switch|p1a: Sneasler|Sneasler, L50, M, shiny|100/100
|switch|p1b: Dragonite|Dragonite, L50, M|100/100
|switch|p2a: Electabuzz|Electabuzz, L50, F|100/100
|switch|p2b: Dragonite|Dragonite, L50, M|100/100
|turn|1
|
|t:|1756559497
|move|p2b: Dragonite|Protect|p2b: Dragonite
|-singleturn|p2b: Dragonite|Protect
|move|p1a: Sneasler|Fake Out|p2b: Dragonite
|-activate|p2b: Dragonite|move: Protect
|move|p1b: Dragonite|Scale Shot|p2a: Electabuzz
|-crit|p2a: Electabuzz
|-damage|p2a: Electabuzz|82/100
|-damage|p2a: Electabuzz|70/100
|-damage|p2a: Electabuzz|58/100
|-damage|p2a: Electabuzz|48/100
|-damage|p2a: Electabuzz|37/100
|-hitcount|p2a: Electabuzz|5
|-unboost|p1b: Dragonite|def|1
|-boost|p1b: Dragonite|spe|1
|move|p2a: Electabuzz|Thunderbolt|p1a: Sneasler
|-damage|p1a: Sneasler|63/100
|
|upkeep
|turn|2
|inactive|GionnyBravo has 30 seconds left.
|
|t:|1756559526
|switch|p1b: Incineroar|Incineroar, L50, F, shiny|100/100
|-ability|p1b: Incineroar|Intimidate|boost
|-unboost|p2a: Electabuzz|atk|1
|-unboost|p2b: Dragonite|atk|1
|move|p1a: Sneasler|Protect|p1a: Sneasler
|-singleturn|p1a: Sneasler|Protect
|move|p2a: Electabuzz|Follow Me|p2a: Electabuzz
|-singleturn|p2a: Electabuzz|move: Follow Me
|move|p2b: Dragonite|Scale Shot|p1b: Incineroar
|-damage|p1b: Incineroar|90/100
|-damage|p1b: Incineroar|81/100
|-damage|p1b: Incineroar|70/100
|-damage|p1b: Incineroar|61/100
|-hitcount|p1b: Incineroar|4
|-unboost|p2b: Dragonite|def|1
|-boost|p2b: Dragonite|spe|1
|
|upkeep
|turn|3
|inactive|GionnyBravo has 30 seconds left.
|inactive|GionnyBravo has 20 seconds left.
|inactive|GionnyBravo has 15 seconds left.
|inactive|GionnyBravo has 10 seconds left.
|inactive|GionnyBravo has 5 seconds left.
|
|t:|1756559576
|switch|p2b: Sneasler|Sneasler, L50, F|100/100
|switch|p2a: Volcarona|Volcarona, L50, F|100/100
|move|p1b: Incineroar|Fake Out|p2b: Sneasler
|-damage|p2b: Sneasler|82/100
|move|p1a: Sneasler|Dire Claw|p2a: Volcarona
|-crit|p2a: Volcarona
|-damage|p2a: Volcarona|27/100
|
|-heal|p2a: Volcarona|33/100|[from] item: Leftovers
|upkeep
|turn|4
|
|t:|1756559597
|switch|p1a: Ursaluna|Ursaluna-Bloodmoon, L50, M|100/100
|-terastallize|p1b: Incineroar|Ghost
|move|p2b: Sneasler|Dire Claw|p1b: Incineroar
|-resisted|p1b: Incineroar
|-damage|p1b: Incineroar|40/100
|-status|p1b: Incineroar|psn
|move|p2a: Volcarona|Heat Wave|p1b: Incineroar|[spread] p1a,p1b
|-damage|p1a: Ursaluna|78/100
|-damage|p1b: Incineroar|12/100 psn
|move|p1b: Incineroar|Parting Shot|p2a: Volcarona
|-unboost|p2a: Volcarona|atk|1
|-unboost|p2a: Volcarona|spa|1
|
|t:|1756559613
|switch|p1b: Dragonite|Dragonite, L50, M|100/100|[from] Parting Shot
|
|-heal|p2a: Volcarona|39/100|[from] item: Leftovers
|upkeep
|turn|5
|
|t:|1756559631
|switch|p1a: Incineroar|Incineroar, L50, F, shiny, tera:Ghost|12/100 psn
|-ability|p1a: Incineroar|Intimidate|boost
|-unboost|p2a: Volcarona|atk|1
|-unboost|p2b: Sneasler|atk|1
|-terastallize|p2a: Volcarona|Fairy
|move|p2b: Sneasler|Dire Claw|p1b: Dragonite
|-damage|p1b: Dragonite|84/100
|move|p1b: Dragonite|Scale Shot|p2b: Sneasler
|-damage|p2b: Sneasler|55/100
|-damage|p2b: Sneasler|27/100
|-damage|p2b: Sneasler|1/100
|-damage|p2b: Sneasler|0 fnt
|faint|p2b: Sneasler
|-hitcount|p2: Sneasler|4
|-unboost|p1b: Dragonite|def|1
|-boost|p1b: Dragonite|spe|1
|move|p2a: Volcarona|Tera Blast|p1b: Dragonite|[anim] Tera Blast Fairy
|-supereffective|p1b: Dragonite
|-damage|p1b: Dragonite|27/100
|
|-heal|p2a: Volcarona|45/100|[from] item: Leftovers
|-damage|p1a: Incineroar|0 fnt|[from] psn
|faint|p1a: Incineroar
|upkeep
|
|t:|1756559646
|switch|p2b: Electabuzz|Electabuzz, L50, F|37/100
|switch|p1a: Ursaluna|Ursaluna-Bloodmoon, L50, M|78/100
|turn|6
|
|t:|1756559657
|move|p2b: Electabuzz|Protect|p2b: Electabuzz
|-singleturn|p2b: Electabuzz|Protect
|move|p1b: Dragonite|Tailwind|p1b: Dragonite
|-sidestart|p1: KingDom1992|move: Tailwind
|move|p1a: Ursaluna|Hyper Voice|p2a: Volcarona|[spread] p2a
|-activate|p2b: Electabuzz|move: Protect
|-damage|p2a: Volcarona|14/100
|move|p2a: Volcarona|Tera Blast|p1b: Dragonite|[anim] Tera Blast Fairy
|-supereffective|p1b: Dragonite
|-damage|p1b: Dragonite|0 fnt
|faint|p1b: Dragonite
|
|-heal|p2a: Volcarona|20/100|[from] item: Leftovers
|upkeep
|
|t:|1756559660
|switch|p1b: Sneasler|Sneasler, L50, M, shiny|63/100
|turn|7
|
|t:|1756559677
|move|p2a: Volcarona|Protect|p2a: Volcarona
|-singleturn|p2a: Volcarona|Protect
|move|p1b: Sneasler|Fake Out|p2b: Electabuzz
|-crit|p2b: Electabuzz
|-damage|p2b: Electabuzz|21/100
|-status|p2b: Electabuzz|psn|[from] ability: Poison Touch|[of] p1b: Sneasler
|move|p1a: Ursaluna|Hyper Voice|p2b: Electabuzz|[spread] p2b
|-activate|p2a: Volcarona|move: Protect
|-damage|p2b: Electabuzz|0 fnt
|faint|p2b: Electabuzz
|
|-heal|p2a: Volcarona|27/100|[from] item: Leftovers
|upkeep
|
|t:|1756559679
|switch|p2b: Dragonite|Dragonite, L50, M|100/100
|turn|8
|
|t:|1756559695
|move|p1b: Sneasler|Protect|p1b: Sneasler
|-singleturn|p1b: Sneasler|Protect
|move|p1a: Ursaluna|Hyper Voice|p2a: Volcarona|[spread] p2a,p2b
|-damage|p2a: Volcarona|0 fnt
|-damage|p2b: Dragonite|83/100
|faint|p2a: Volcarona
|move|p2b: Dragonite|Scale Shot|p1b: Sneasler
|-activate|p1b: Sneasler|move: Protect
|
|upkeep
|turn|9
|
|t:|1756559713
|move|p2b: Dragonite|Protect|p2b: Dragonite
|-singleturn|p2b: Dragonite|Protect
|move|p1b: Sneasler|Dire Claw|p2b: Dragonite
|-activate|p2b: Dragonite|move: Protect
|move|p1a: Ursaluna|Blood Moon|p2b: Dragonite
|-activate|p2b: Dragonite|move: Protect
|
|-sideend|p1: KingDom1992|move: Tailwind
|upkeep
|turn|10
|
|t:|1756559719
|move|p1b: Sneasler|Dire Claw|p2b: Dragonite
|-damage|p2b: Dragonite|37/100
|move|p2b: Dragonite|Scale Shot|p1a: Ursaluna|[miss]
|-miss|p2b: Dragonite|p1a: Ursaluna
|move|p1a: Ursaluna|Hyper Voice|p2b: Dragonite
|-damage|p2b: Dragonite|0 fnt
|faint|p2b: Dragonite
|
|win|KingDom1992
|raw|KingDom1992's rating: 1184 → 1219(+35 for winning)
|raw|GionnyBravo's rating: 1328 → 1300(-28 for losing)
|l|☆GionnyBravo
|player|p2|
