|j|☆maikage
|j|☆Cyclondo3
|html|maikageCyclondo3    
|uhtml|bestof|Game 1 of a best-of-3
|t:|1757787383
|gametype|doubles
|player|p1|maikage|firebreather|1113
|player|p2|Cyclondo3|hilbert|1058
|gen|9
|tier|[Gen 9] VGC 2025 Reg H (Bo3)
|rated|
|rule|Species Clause: Limit one of each Pokémon
|rule|Item Clause: Limit 1 of each item
|clearpoke
|poke|p1|Ursaluna-Bloodmoon, L50, M|
|poke|p1|Gholdengo, L50|
|poke|p1|Dragonite, L50, F|
|poke|p1|Sneasler, L50, F|
|poke|p1|Incineroar, L50, M|
|poke|p1|Amoonguss, L50, F|
|poke|p2|Sableye, L50, M|
|poke|p2|Vivillon, L50, F|
|poke|p2|Rillaboom, L50, M|
|poke|p2|Jolteon, L50, M|
|poke|p2|Sneasler, L50, F|
|poke|p2|Ninetales, L50, M|
|teampreview|4
|showteam|p1|Ursaluna-Bloodmoon||AssaultVest|MindsEye|BloodMoon,EarthPower,VacuumWave,HyperVoice|||M|||50|,,,,,Water]Gholdengo||LifeOrb|GoodasGold|Protect,MakeItRain,ShadowBall,NastyPlot||||||50|,,,,,Water]Dragonite||LoadedDice|Multiscale|ScaleShot,Tailwind,Haze,Protect|||F|||50|,,,,,Fairy]Sneasler||FocusSash|Unburden|Protect,DireClaw,CloseCombat,ThroatChop|||F|||50|,,,,,Stellar]Incineroar||SafetyGoggles|Intimidate|KnockOff,PartingShot,FlareBlitz,FakeOut|||M|||50|,,,,,Ghost]Amoonguss||SitrusBerry|Regenerator|RagePowder,Spore,PollenPuff,Protect|||F|||50|,,,,,Psychic
|showteam|p2|Sableye||SafetyGoggles|Prankster|Protect,Gravity,Disable,Encore|||M|||50|,,,,,Dark]Vivillon||FocusSash|CompoundEyes|Protect,SleepPowder,StruggleBug,Hurricane|||F|||50|,,,,,Grass]Rillaboom||AssaultVest|GrassySurge|Uturn,FakeOut,KnockOff,GrassyGlide|||M|||50|,,,,,Fire]Jolteon||LifeOrb|QuickFeet|Protect,VoltSwitch,Thunderbolt,TeraBlast|||M|||50|,,,,,Ice]Sneasler||GrassySeed|Unburden|Protect,FakeOut,CloseCombat,GunkShot|||F|||50|,,,,,Dark]Ninetales||CovertCloak|Drought|Protect,NastyPlot,Flamethrower,SolarBeam|||M|||50|,,,,,Grass
|inactive|Battle timer is ON: inactive players will automatically lose when time's up. (requested by maikage)
|c|☆Cyclondo3|Glhf
|inactive|maikage has 60 seconds left.
|inactive|Cyclondo3 has 60 seconds left.
|
|t:|1757787430
|teamsize|p1|4
|teamsize|p2|4
|start
|switch|p1a: Incineroar|Incineroar, L50, M|100/100
|switch|p1b: Gholdengo|Gholdengo, L50|100/100
|switch|p2a: Jolteon|Jolteon, L50, M|100/100
|switch|p2b: Sneasler|Sneasler, L50, F|100/100
|-ability|p1a: Incineroar|Intimidate|boost
|-unboost|p2a: Jolteon|atk|1
|-unboost|p2b: Sneasler|atk|1
|turn|1
|
|t:|1757787451
|move|p2b: Sneasler|Protect|p2b: Sneasler
|-singleturn|p2b: Sneasler|Protect
|move|p1a: Incineroar|Fake Out|p2a: Jolteon
|-damage|p2a: Jolteon|79/100
|cant|p2a: Jolteon|flinch
|move|p1b: Gholdengo|Shadow Ball|p2a: Jolteon
|-damage|p2a: Jolteon|10/100
|-damage|p1b: Gholdengo|91/100|[from] item: Life Orb
|
|upkeep
|turn|2
|
|t:|1757787473
|move|p2b: Sneasler|Gunk Shot|p1a: Incineroar
|-damage|p1a: Incineroar|63/100
|move|p2a: Jolteon|Volt Switch|p1b: Gholdengo
|-damage|p1b: Gholdengo|40/100
|-damage|p2a: Jolteon|0 fnt|[from] item: Life Orb
|faint|p2a: Jolteon
|move|p1b: Gholdengo|Make It Rain|p2b: Sneasler
|-damage|p2b: Sneasler|0 fnt
|-unboost|p1b: Gholdengo|spa|1
|faint|p2b: Sneasler
|-damage|p1b: Gholdengo|31/100|[from] item: Life Orb
|move|p1a: Incineroar|Flare Blitz|p2: Jolteon|[notarget]
|-fail|p1a: Incineroar
|
|upkeep
|
|t:|1757787484
|switch|p2b: Rillaboom|Rillaboom, L50, M|100/100
|switch|p2a: Ninetales|Ninetales, L50, M|100/100
|-weather|SunnyDay|[from] ability: Drought|[of] p2a: Ninetales
|-fieldstart|move: Grassy Terrain|[from] ability: Grassy Surge|[of] p2b: Rillaboom
|turn|3
|
|t:|1757787500
|switch|p1a: Dragonite|Dragonite, L50, F|100/100
|move|p1b: Gholdengo|Protect|p1b: Gholdengo
|-singleturn|p1b: Gholdengo|Protect
|move|p2b: Rillaboom|Fake Out|p1a: Dragonite
|-damage|p1a: Dragonite|91/100
|move|p2a: Ninetales|Solar Beam||[still]
|-prepare|p2a: Ninetales|Solar Beam
|-anim|p2a: Ninetales|Solar Beam|p1b: Gholdengo
|-activate|p1b: Gholdengo|move: Protect
|
|-weather|SunnyDay|[upkeep]
|-heal|p1b: Gholdengo|37/100|[from] Grassy Terrain
|upkeep
|turn|4
|inactive|maikage has 30 seconds left.
|inactive|Cyclondo3 has 30 seconds left.
|inactive|Cyclondo3 has 20 seconds left.
|inactive|Cyclondo3 has 15 seconds left.
|
|t:|1757787544
|switch|p1b: Incineroar|Incineroar, L50, M|63/100
|-ability|p1b: Incineroar|Intimidate|boost
|-unboost|p2a: Ninetales|atk|1
|-unboost|p2b: Rillaboom|atk|1
|move|p1a: Dragonite|Protect|p1a: Dragonite
|-singleturn|p1a: Dragonite|Protect
|move|p2a: Ninetales|Flamethrower|p1b: Incineroar
|-resisted|p1b: Incineroar
|-crit|p1b: Incineroar
|-damage|p1b: Incineroar|25/100
|move|p2b: Rillaboom|U-turn|p1a: Dragonite
|-activate|p1a: Dragonite|move: Protect
|
|-weather|SunnyDay|[upkeep]
|-heal|p1b: Incineroar|31/100|[from] Grassy Terrain
|upkeep
|turn|5
|inactive|maikage has 30 seconds left.
|inactive|Cyclondo3 has 30 seconds left.
|
|t:|1757787571
|move|p1b: Incineroar|Fake Out|p2b: Rillaboom
|-damage|p2b: Rillaboom|89/100
|cant|p2b: Rillaboom|flinch
|move|p2a: Ninetales|Nasty Plot|p2a: Ninetales
|-boost|p2a: Ninetales|spa|2
|move|p1a: Dragonite|Tailwind|p1a: Dragonite
|-sidestart|p1: maikage|move: Tailwind
|
|-weather|SunnyDay|[upkeep]
|-heal|p1b: Incineroar|37/100|[from] Grassy Terrain
|-heal|p2b: Rillaboom|95/100|[from] Grassy Terrain
|upkeep
|turn|6
|inactive|maikage has 30 seconds left.
|inactive|Cyclondo3 has 30 seconds left.
|inactive|Cyclondo3 has 20 seconds left.
|inactive|Cyclondo3 has 15 seconds left.
|inactive|Cyclondo3 has 10 seconds left.
|
|t:|1757787621
|-terastallize|p2b: Rillaboom|Fire
|move|p2b: Rillaboom|Grassy Glide|p1a: Dragonite
|-resisted|p1a: Dragonite
|-damage|p1a: Dragonite|84/100
|move|p1a: Dragonite|Haze|p1a: Dragonite
|-clearallboost
|move|p1b: Incineroar|Flare Blitz|p2b: Rillaboom
|-resisted|p2b: Rillaboom
|-damage|p2b: Rillaboom|60/100
|-damage|p1b: Incineroar|25/100|[from] Recoil
|move|p2a: Ninetales|Flamethrower|p1a: Dragonite
|-resisted|p1a: Dragonite
|-damage|p1a: Dragonite|57/100
|
|-weather|SunnyDay|[upkeep]
|-heal|p1b: Incineroar|31/100|[from] Grassy Terrain
|-heal|p2b: Rillaboom|66/100|[from] Grassy Terrain
|upkeep
|turn|7
|inactive|maikage has 30 seconds left.
|inactive|Cyclondo3 has 30 seconds left.
|
|t:|1757787651
|move|p2b: Rillaboom|Grassy Glide|p1b: Incineroar
|-resisted|p1b: Incineroar
|-damage|p1b: Incineroar|13/100
|move|p1a: Dragonite|Scale Shot|p2b: Rillaboom
|-damage|p2b: Rillaboom|51/100
|-damage|p2b: Rillaboom|37/100
|-damage|p2b: Rillaboom|24/100
|-damage|p2b: Rillaboom|9/100
|-damage|p2b: Rillaboom|0 fnt
|faint|p2b: Rillaboom
|-hitcount|p2: Rillaboom|5
|-unboost|p1a: Dragonite|def|1
|-boost|p1a: Dragonite|spe|1
|move|p1b: Incineroar|Parting Shot|p2a: Ninetales
|-unboost|p2a: Ninetales|atk|1
|-unboost|p2a: Ninetales|spa|1
|-message|Cyclondo3 forfeited.
|
|win|maikage
||Cyclondo3 is ready for game 2.
|l|☆maikage
|player|p1|
||maikage is ready for game 2.
|uhtml|next|Next: Game 2 of 3
