|j|☆hatsune p2
|j|☆dreepy_volador1
|html|hatsune p2dreepy_volador1    
|uhtml|bestof|Game 2 of a best-of-3
|t:|1756878479
|gametype|doubles
|player|p1|hatsune p2|miku-fairy|1212
|player|p2|dreepy_volador1|101|1280
|gen|9
|tier|[Gen 9] VGC 2025 Reg H (Bo3)
|rated|
|rule|Species Clause: Limit one of each Pokémon
|rule|Item Clause: Limit 1 of each item
|clearpoke
|poke|p1|Pelipper, L50, M|
|poke|p1|Archaludon, L50, M|
|poke|p1|Basculegion, L50, M|
|poke|p1|Incineroar, L50, F|
|poke|p1|Amoonguss, L50, M|
|poke|p1|Maushold, L50|
|poke|p2|Whimsicott, L50, M|
|poke|p2|Sneasler, L50, M|
|poke|p2|Indeedee, L50, M|
|poke|p2|Annihilape, L50, F|
|poke|p2|Primarina, L50, M|
|poke|p2|Dragapult, L50, M|
|teampreview|4
|showteam|p1|Pelipper||FocusSash|Drizzle|WeatherBall,Hurricane,Tailwind,WideGuard|||M|||50|,,,,,Ghost]Archaludon||AssaultVest|Stamina|BodyPress,FlashCannon,ElectroShot,DragonPulse|||M|||50|,,,,,Fairy]Basculegion||ChoiceScarf|Adaptability|LastRespects,WaveCrash,FlipTurn,AquaJet|||M|||50|,,,,,Grass]Incineroar||SafetyGoggles|Intimidate|FakeOut,FlareBlitz,KnockOff,PartingShot|||F|||50|,,,,,Ghost]Amoonguss||CovertCloak|Regenerator|RagePowder,Spore,PollenPuff,LeafStorm|||M|||50|,,,,,Water]Maushold||WideLens|FriendGuard|PopulationBomb,FollowMe,Taunt,Protect||||||50|,,,,,Ghost
|showteam|p2|Whimsicott||CovertCloak|Prankster|Tailwind,Taunt,Moonblast,BeatUp|||M|||50|,,,,,Fire]Sneasler||PsychicSeed|Unburden|DireClaw,CloseCombat,ThroatChop,Protect|||M|||50|,,,,,Dark]Indeedee||FocusSash|PsychicSurge|ExpandingForce,HelpingHand,Imprison,TrickRoom|||M|||50|,,,,,Psychic]Annihilape||SafetyGoggles|Defiant|RageFist,DrainPunch,BulkUp,Protect|||F|||50|,,,,,Fire]Primarina||LifeOrb|LiquidVoice|HyperVoice,Moonblast,Haze,Protect|||M|||50|,,,,,Poison]Dragapult||ChoiceBand|ClearBody|DragonDarts,Uturn,PhantomForce,Outrage|||M|||50|,,,,,Dragon
|inactive|Battle timer is ON: inactive players will automatically lose when time's up. (requested by dreepy_volador1)
|
|t:|1756878507
|teamsize|p1|4
|teamsize|p2|4
|start
|switch|p1a: Amoonguss|Amoonguss, L50, M|100/100
|switch|p1b: Maushold|Maushold, L50|100/100
|switch|p2a: Primadiosa|Primarina, L50, M|100/100
|switch|p2b: PitufoMoreno|Whimsicott, L50, M, shiny|100/100
|turn|1
|
|t:|1756878535
|move|p1b: Maushold|Protect|p1b: Maushold
|-singleturn|p1b: Maushold|Protect
|move|p2a: Primadiosa|Protect|p2a: Primadiosa
|-singleturn|p2a: Primadiosa|Protect
|move|p2b: PitufoMoreno|Taunt|p1a: Amoonguss
|-start|p1a: Amoonguss|move: Taunt
|cant|p1a: Amoonguss|move: Taunt|Spore
|
|upkeep
|turn|2
|inactive|dreepy_volador1 has 30 seconds left.
|inactive|dreepy_volador1 has 20 seconds left.
|inactive|hatsune p2 has 30 seconds left.
|inactive|dreepy_volador1 has 15 seconds left.
|
|t:|1756878578
|move|p2b: PitufoMoreno|Moonblast|p1b: Maushold
|-damage|p1b: Maushold|60/100
|move|p1b: Maushold|Population Bomb|p2a: Primadiosa
|-damage|p2a: Primadiosa|90/100
|-damage|p2a: Primadiosa|82/100
|-damage|p2a: Primadiosa|73/100
|-damage|p2a: Primadiosa|63/100
|-damage|p2a: Primadiosa|54/100
|-damage|p2a: Primadiosa|44/100
|-hitcount|p2a: Primadiosa|6
|move|p2a: Primadiosa|Hyper Voice|p1b: Maushold|[spread] p1a,p1b
|-resisted|p1a: Amoonguss
|-damage|p1a: Amoonguss|87/100
|-damage|p1b: Maushold|0 fnt
|faint|p1b: Maushold
|-damage|p2a: Primadiosa|34/100|[from] item: Life Orb
|move|p1a: Amoonguss|Leaf Storm|p2a: Primadiosa
|-supereffective|p2a: Primadiosa
|-damage|p2a: Primadiosa|0 fnt
|-unboost|p1a: Amoonguss|spa|2
|faint|p2a: Primadiosa
|
|upkeep
|
|t:|1756878599
|switch|p1b: Basculegion|Basculegion, L50, M|100/100
|switch|p2a: V4ginator|Indeedee, L50, M|100/100
|-fieldstart|move: Psychic Terrain|[from] ability: Psychic Surge|[of] p2a: V4ginator
|turn|3
|
|t:|1756878613
|switch|p1a: Incineroar|Incineroar, L50, F|100/100
|-ability|p1a: Incineroar|Intimidate|boost
|-unboost|p2a: V4ginator|atk|1
|-unboost|p2b: PitufoMoreno|atk|1
|-terastallize|p2a: V4ginator|Psychic
|move|p2b: PitufoMoreno|Tailwind|p2b: PitufoMoreno
|-sidestart|p2: dreepy_volador1|move: Tailwind
|move|p2a: V4ginator|Expanding Force|p1b: Basculegion|[spread] p1b
|-immune|p1a: Incineroar
|-damage|p1b: Basculegion|20/100
|move|p1b: Basculegion|Flip Turn|p2a: V4ginator
|-damage|p2a: V4ginator|16/100
|
|t:|1756878623
|switch|p1b: Amoonguss|Amoonguss, L50, M|100/100|[from] Flip Turn
|
|upkeep
|turn|4
|inactive|hatsune p2 has 30 seconds left.
|inactive|dreepy_volador1 has 30 seconds left.
|
|t:|1756878652
|switch|p1b: Basculegion|Basculegion, L50, M|20/100
|move|p2b: PitufoMoreno|Moonblast|p1b: Basculegion
|-damage|p1b: Basculegion|0 fnt
|faint|p1b: Basculegion
|move|p2a: V4ginator|Expanding Force|p1a: Incineroar
|-immune|p1a: Incineroar
|move|p1a: Incineroar|Knock Off|p2a: V4ginator
|-supereffective|p2a: V4ginator
|-damage|p2a: V4ginator|0 fnt
|-enditem|p2a: V4ginator|Focus Sash|[from] move: Knock Off|[of] p1a: Incineroar
|faint|p2a: V4ginator
|
|upkeep
|
|t:|1756878664
|switch|p2a: Sleeper|Sneasler, L50, M|100/100
|switch|p1b: Amoonguss|Amoonguss, L50, M|100/100
|-enditem|p2a: Sleeper|Psychic Seed
|-boost|p2a: Sleeper|spd|1|[from] item: Psychic Seed
|turn|5
|
|t:|1756878681
|-terastallize|p1a: Incineroar|Ghost
|move|p2a: Sleeper|Protect|p2a: Sleeper
|-singleturn|p2a: Sleeper|Protect
|move|p2b: PitufoMoreno|Moonblast|p1b: Amoonguss
|-resisted|p1b: Amoonguss
|-damage|p1b: Amoonguss|90/100
|move|p1a: Incineroar|Flare Blitz|p2a: Sleeper
|-activate|p2a: Sleeper|move: Protect
|move|p1b: Amoonguss|Spore|p2a: Sleeper
|-activate|p2a: Sleeper|move: Protect
|
|upkeep
|turn|6
|inactive|dreepy_volador1 has 30 seconds left.
|
|t:|1756878714
|move|p1b: Amoonguss|Rage Powder|p1b: Amoonguss
|-singleturn|p1b: Amoonguss|move: Rage Powder
|move|p2a: Sleeper|Throat Chop|p1b: Amoonguss
|-damage|p1b: Amoonguss|66/100
|move|p2b: PitufoMoreno|Moonblast|p1a: Incineroar
|-damage|p1a: Incineroar|74/100
|move|p1a: Incineroar|Flare Blitz|p2a: Sleeper
|-damage|p2a: Sleeper|19/100
|-damage|p1a: Incineroar|53/100|[from] Recoil
|
|-sideend|p2: dreepy_volador1|move: Tailwind
|upkeep
|turn|7
|
|t:|1756878735
|move|p2a: Sleeper|Protect|p2a: Sleeper
|-singleturn|p2a: Sleeper|Protect
|move|p1b: Amoonguss|Rage Powder|p1b: Amoonguss
|-singleturn|p1b: Amoonguss|move: Rage Powder
|move|p2b: PitufoMoreno|Moonblast|p1a: Incineroar
|-damage|p1a: Incineroar|26/100
|move|p1a: Incineroar|Knock Off|p2a: Sleeper
|-activate|p2a: Sleeper|move: Protect
|
|-fieldend|move: Psychic Terrain
|upkeep
|turn|8
|
|t:|1756878752
|move|p1b: Amoonguss|Rage Powder|p1b: Amoonguss
|-singleturn|p1b: Amoonguss|move: Rage Powder
|move|p2a: Sleeper|Dire Claw|p1b: Amoonguss
|-damage|p1b: Amoonguss|25/100
|move|p2b: PitufoMoreno|Moonblast|p1a: Incineroar
|-damage|p1a: Incineroar|2/100
|move|p1a: Incineroar|Knock Off|p2a: Sleeper
|-resisted|p2a: Sleeper
|-damage|p2a: Sleeper|0 fnt
|faint|p2a: Sleeper
|
|upkeep
|turn|9
|
|t:|1756878766
|move|p2b: PitufoMoreno|Moonblast|p1a: Incineroar
|-damage|p1a: Incineroar|0 fnt
|faint|p1a: Incineroar
|move|p1b: Amoonguss|Pollen Puff|p1: Incineroar|[notarget]
|-fail|p1b: Amoonguss
|
|upkeep
|turn|10
|-message|hatsune p2 forfeited.
|
|win|dreepy_volador1
|l|☆hatsune p2
|player|p1|
||hatsune p2 is ready for game 3.
||dreepy_volador1 is ready for game 3.
|uhtml|next|Next: Game 3 of 3
