|j|☆impno
|j|☆abadanriyi92
|html|impnoabadanriyi92    
|uhtml|bestof|Game 2 of a best-of-3
|t:|1785783190
|gametype|doubles
|player|p1|impno|ethan|1124
|player|p2|abadanriyi92|colress|1247
|gen|9
|tier|[Gen 9 Champions] VGC 2026 Reg M-B (Bo3)
|rated|
|rule|Species Clause: Limit one of each Pokémon
|rule|Item Clause: Limit 1 of each item
|clearpoke
|poke|p1|Blaziken, L50, M, shiny|
|poke|p1|Whimsicott, L50, M, shiny|
|poke|p1|Ninetales-Alola, L50, F, shiny|
|poke|p1|Kingambit, L50, F, shiny|
|poke|p1|Basculegion, L50, M, shiny|
|poke|p1|Raichu, L50, M, shiny|
|poke|p2|Tyranitar, L50, M|
|poke|p2|Excadrill, L50, M|
|poke|p2|Milotic, L50, M|
|poke|p2|Sinistcha, L50|
|poke|p2|Staraptor, L50, F|
|poke|p2|Gholdengo, L50|
|teampreview|4
|showteam|p1|Blaziken||Blazikenite|SpeedBoost|FlareBlitz,CloseCombat,RockSlide,Detect|Adamant||M|||50|]Whimsicott||FocusSash|Prankster|Tailwind,Encore,Moonblast,Protect|Bold||M|||50|]Ninetales-Alola||MentalHerb|SnowWarning|Blizzard,AuroraVeil,Encore,DazzlingGleam|Timid||F|||50|]Kingambit||ChopleBerry|Defiant|KowtowCleave,IronHead,SuckerPunch,Protect|Brave||F|||50|]Basculegion||ChoiceScarf|Adaptability|WaveCrash,LastRespects,FlipTurn,AquaJet|Jolly||M|||50|]Raichu||RaichuniteY|Static|ZapCannon,Discharge,FocusBlast,Protect|Timid||M|||50|
|showteam|p2|Tyranitar||Tyranitarite|SandStream|KnockOff,RockSlide,HighHorsepower,Protect|Jolly||M|||50|]Excadrill||FocusSash|SandRush|Earthquake,IronHead,RockSlide,Protect|Adamant||M|||50|]Milotic||SitrusBerry|Competitive|Scald,IcyWind,Haze,Protect|Calm||M|||50|]Sinistcha||ColburBerry|Hospitality|MatchaGotcha,ShadowBall,Protect,RagePowder|Bold|||||50|]Staraptor||Staraptite|Intimidate|CloseCombat,BraveBird,Tailwind,Protect|Jolly||F|||50|]Gholdengo||LifeOrb|GoodasGold|MakeItRain,ShadowBall,NastyPlot,Protect|Modest|||||50|
|inactive|Battle timer is ON: inactive players will automatically lose when time's up. (requested by impno)
|
|t:|1785783229
|teamsize|p1|4
|teamsize|p2|4
|start
|switch|p1a: Whimsicott|Whimsicott, L50, M, shiny|100/100
|switch|p1b: Blaziken|Blaziken, L50, M, shiny|100/100
|switch|p2a: Staraptor|Staraptor, L50, F|100/100
|switch|p2b: Excadrill|Excadrill, L50, M|100/100
|-ability|p2a: Staraptor|Intimidate|boost
|-unboost|p1a: Whimsicott|atk|1
|-unboost|p1b: Blaziken|atk|1
|turn|1
|inactive|impno has 30 seconds left.
|inactive|abadanriyi92 has 30 seconds left.
|inactive|impno has 20 seconds left.
|
|t:|1785783266
|detailschange|p1b: Blaziken|Blaziken-Mega, L50, M, shiny
|-mega|p1b: Blaziken|Blaziken|Blazikenite
|move|p1a: Whimsicott|Tailwind|p1a: Whimsicott
|-sidestart|p1: impno|move: Tailwind
|move|p1b: Blaziken|Rock Slide|p2b: Excadrill|[spread] p2a,p2b
|-supereffective|p2a: Staraptor|1
|-crit|p2a: Staraptor
|-resisted|p2b: Excadrill|2
|-damage|p2a: Staraptor|5/100
|-damage|p2b: Excadrill|94/100
|move|p2a: Staraptor|Tailwind|p2a: Staraptor
|-sidestart|p2: abadanriyi92|move: Tailwind
|move|p2b: Excadrill|Iron Head|p1a: Whimsicott
|-supereffective|p1a: Whimsicott|1
|-damage|p1a: Whimsicott|20/100y
|
|-ability|p1b: Blaziken|Speed Boost|boost
|-boost|p1b: Blaziken|spe|1
|upkeep
|turn|2
|inactive|abadanriyi92 has 30 seconds left.
|
|t:|1785783299
|switch|p2a: Tyranitar|Tyranitar, L50, M|100/100
|-weather|Sandstorm|[from] ability: Sand Stream|[of] p2a: Tyranitar
|move|p1a: Whimsicott|Encore|p2a: Tyranitar
|-hint|Since gen 7, Dark is immune to Prankster moves.
|-immune|p2a: Tyranitar
|move|p2b: Excadrill|Earthquake|p1b: Blaziken|[spread] p2a,p1a,p1b
|-supereffective|p2a: Tyranitar|1
|-resisted|p1a: Whimsicott|1
|-supereffective|p1b: Blaziken|1
|-damage|p2a: Tyranitar|20/100y
|-damage|p1a: Whimsicott|2/100
|-damage|p1b: Blaziken|3/100
|move|p1b: Blaziken|Close Combat|p2b: Excadrill
|-supereffective|p2b: Excadrill|1
|-damage|p2b: Excadrill|0 fnt
|-unboost|p1b: Blaziken|def|1
|-unboost|p1b: Blaziken|spd|1
|faint|p2b: Excadrill
|
|-weather|Sandstorm|[upkeep]
|-damage|p1b: Blaziken|0 fnt|[from] Sandstorm
|-damage|p1a: Whimsicott|0 fnt|[from] Sandstorm
|faint|p1b: Blaziken
|faint|p1a: Whimsicott
|upkeep
|
|t:|1785783320
|switch|p2b: Sinistcha|Sinistcha, L50|100/100
|switch|p1a: Basculegion|Basculegion, L50, M, shiny|100/100
|switch|p1b: Kingambit|Kingambit, L50, F, shiny|100/100
|-heal|p2a: Tyranitar|45/100|[from] ability: Hospitality|[of] p2b: Sinistcha
|turn|3
|inactive|impno has 30 seconds left.
|inactive|impno has 20 seconds left.
|
|t:|1785783358
|detailschange|p2a: Tyranitar|Tyranitar-Mega, L50, M
|-mega|p2a: Tyranitar|Tyranitar|Tyranitarite
|move|p2b: Sinistcha|Rage Powder|p2b: Sinistcha
|-singleturn|p2b: Sinistcha|move: Rage Powder
|move|p1b: Kingambit|Sucker Punch||[still]
|-fail|p1b: Kingambit
|move|p1a: Basculegion|Wave Crash|p2b: Sinistcha
|-resisted|p2b: Sinistcha|1
|-damage|p2b: Sinistcha|69/100
|-damage|p1a: Basculegion|91/100|[from] Recoil
|move|p2a: Tyranitar|Knock Off|p1a: Basculegion
|-supereffective|p1a: Basculegion|1
|-damage|p1a: Basculegion|0 fnt
|-enditem|p1a: Basculegion|Choice Scarf|[from] move: Knock Off|[of] p2a: Tyranitar
|faint|p1a: Basculegion
|
|-weather|Sandstorm|[upkeep]
|-damage|p2b: Sinistcha|64/100|[from] Sandstorm
|upkeep
|turn|4
|
|t:|1785783375
|move|p2b: Sinistcha|Rage Powder|p2b: Sinistcha
|-singleturn|p2b: Sinistcha|move: Rage Powder
|move|p2a: Tyranitar|High Horsepower|p1b: Kingambit
|-supereffective|p1b: Kingambit|1
|-damage|p1b: Kingambit|42/100
|move|p1b: Kingambit|Kowtow Cleave|p2b: Sinistcha
|-supereffective|p2b: Sinistcha|1
|-enditem|p2b: Sinistcha|Colbur Berry|[eat]
|-enditem|p2b: Sinistcha|Colbur Berry|[weaken]
|-damage|p2b: Sinistcha|20/100y
|
|-weather|Sandstorm|[upkeep]
|-damage|p2b: Sinistcha|14/100|[from] Sandstorm
|-sideend|p1: impno|move: Tailwind
|-sideend|p2: abadanriyi92|move: Tailwind
|upkeep
|turn|5
|
|t:|1785783389
|move|p1b: Kingambit|Protect|p1b: Kingambit
|-singleturn|p1b: Kingambit|Protect
|move|p2b: Sinistcha|Rage Powder|p2b: Sinistcha
|-singleturn|p2b: Sinistcha|move: Rage Powder
|move|p2a: Tyranitar|High Horsepower|p1b: Kingambit
|-activate|p1b: Kingambit|move: Protect
|
|-weather|Sandstorm|[upkeep]
|-damage|p2b: Sinistcha|9/100|[from] Sandstorm
|upkeep
|turn|6
|
|t:|1785783401
|move|p1b: Kingambit|Protect||[still]
|-fail|p1b: Kingambit
|move|p2b: Sinistcha|Rage Powder|p2b: Sinistcha
|-singleturn|p2b: Sinistcha|move: Rage Powder
|move|p2a: Tyranitar|High Horsepower|p1b: Kingambit
|-supereffective|p1b: Kingambit|1
|-damage|p1b: Kingambit|0 fnt
|faint|p1b: Kingambit
|
|win|abadanriyi92
||impno is ready for game 3.
|inactive|abadanriyi92 has 30 seconds to confirm battle start!
