|j|‽Glaxx
|html|vilan333Glaxx    
|uhtml|bestof|Game 2 of a best-of-3
|t:|1783357668
|gametype|doubles
|player|p1|vilan333|marshal|1174
|player|p2|Glaxx|red|1099
|gen|9
|tier|[Gen 9 Champions] VGC 2026 Reg M-B (Bo3)
|rated|
|rule|Species Clause: Limit one of each Pokémon
|rule|Item Clause: Limit 1 of each item
|clearpoke
|poke|p1|Charizard, L50, M|
|poke|p1|Mawile, L50, F|
|poke|p1|Basculegion, L50, M|
|poke|p1|Garchomp, L50, F|
|poke|p1|Whimsicott, L50, F|
|poke|p1|Farigiraf, L50, F|
|poke|p2|Sceptile, L50, M, shiny|
|poke|p2|Metagross, L50, shiny|
|poke|p2|Milotic, L50, F, shiny|
|poke|p2|Rotom-Heat, L50, shiny|
|poke|p2|Arcanine-Hisui, L50, M|
|poke|p2|Gardevoir, L50, F, shiny|
|teampreview|4
|showteam|p1|Charizard||CharizarditeY|Blaze|WeatherBall,HeatWave,SolarBeam,Protect|Timid||M|||50|]Mawile||Mawilite|HyperCutter|PlayRough,SuckerPunch,RockSlide,Protect|Adamant||F|||50|]Basculegion||MysticWater|Adaptability|WaveCrash,LastRespects,AquaJet,Protect|Adamant||M|||50|]Garchomp||LifeOrb|RoughSkin|Earthquake,DragonClaw,RockSlide,Protect|Jolly||F|||50|]Whimsicott||FocusSash|Prankster|Moonblast,Encore,Tailwind,Protect|Timid||F|||50|]Farigiraf||SitrusBerry|ArmorTail|TwinBeam,Thunderbolt,TrickRoom,HelpingHand|Bold||F|||50|
|showteam|p2|Sceptile||Sceptilite|Unburden|DragonPulse,GigaDrain,Protect,EarthPower|Timid||M|||50|]Metagross||LumBerry|ClearBody|Agility,IcePunch,PsychicFangs,MeteorMash|Adamant|||||50|]Milotic||Leftovers|Competitive|IceBeam,DrainingKiss,Scald,RainDance|Modest||F|||50|]Rotom-Heat||ChoiceScarf|Levitate|Discharge,Overheat,WillOWisp,Hex|Modest|||||50|]Arcanine-Hisui||ShellBell|RockHead|DoubleEdge,FlareBlitz,HeadSmash,WildCharge|Adamant||M|||50|]Gardevoir||FocusSash|Trace|Psyshock,FocusBlast,DazzlingGleam,SkillSwap|Modest||F|||50|
|j|☆vilan333
|player|p1|vilan333|marshal|
|inactive|Battle timer is ON: inactive players will automatically lose when time's up. (requested by Glaxx)
|inactive|vilan333 has 60 seconds left.
|
|t:|1783357722
|teamsize|p1|4
|teamsize|p2|4
|start
|switch|p1a: Charizard|Charizard, L50, M|100/100
|switch|p1b: Garchomp|Garchomp, L50, F|100/100
|switch|p2a: Sceptile|Sceptile, L50, M, shiny|100/100
|switch|p2b: Rotom|Rotom-Heat, L50, shiny|100/100
|turn|1
|
|t:|1783357742
|switch|p1a: Whimsicott|Whimsicott, L50, F|100/100
|detailschange|p2a: Sceptile|Sceptile-Mega, L50, M, shiny
|-mega|p2a: Sceptile|Sceptile|Sceptilite
|move|p1b: Garchomp|Protect|p1b: Garchomp
|-singleturn|p1b: Garchomp|Protect
|move|p2a: Sceptile|Dragon Pulse|p1b: Garchomp
|-activate|p1b: Garchomp|move: Protect
|move|p2b: Rotom|Discharge|p1b: Garchomp|[spread] p1a
|-activate|p1b: Garchomp|move: Protect
|-ability|p2a: Sceptile|Lightning Rod|boost
|-boost|p2a: Sceptile|spa|1
|-resisted|p1a: Whimsicott|1
|-damage|p1a: Whimsicott|76/100
|-status|p1a: Whimsicott|par
|
|upkeep
|turn|2
|inactive|vilan333 has 30 seconds left.
|
|t:|1783357768
|move|p1a: Whimsicott|Tailwind|p1a: Whimsicott
|-sidestart|p1: vilan333|move: Tailwind
|move|p1b: Garchomp|Dragon Claw|p2a: Sceptile
|-supereffective|p2a: Sceptile|1
|-damage|p2a: Sceptile|0 fnt
|faint|p2a: Sceptile
|-damage|p1b: Garchomp|90/100|[from] item: Life Orb
|move|p2b: Rotom|Discharge|p1a: Whimsicott|[spread] p1a
|-immune|p1b: Garchomp
|-resisted|p1a: Whimsicott|1
|-damage|p1a: Whimsicott|50/100g par
|
|upkeep
|
|t:|1783357780
|switch|p2a: Milotic|Milotic, L50, F, shiny|100/100
|turn|3
|
|t:|1783357788
|switch|p2b: Gardevoir|Gardevoir, L50, F, shiny|100/100
|-ability|p2b: Gardevoir|Rough Skin|Trace|[from] ability: Trace|[of] p1b: Garchomp
|move|p1b: Garchomp|Protect|p1b: Garchomp
|-singleturn|p1b: Garchomp|Protect
|move|p1a: Whimsicott|Encore||[still]
|-fail|p1a: Whimsicott
|move|p2a: Milotic|Ice Beam|p1b: Garchomp
|-activate|p1b: Garchomp|move: Protect
|
|upkeep
|turn|4
|
|t:|1783357805
|move|p1b: Garchomp|Dragon Claw|p2a: Milotic
|-damage|p2a: Milotic|51/100
|-damage|p1b: Garchomp|80/100|[from] item: Life Orb
|move|p1a: Whimsicott|Moonblast|p2b: Gardevoir
|-damage|p2b: Gardevoir|58/100
|move|p2a: Milotic|Ice Beam|p1b: Garchomp
|-supereffective|p1b: Garchomp|2
|-damage|p1b: Garchomp|0 fnt
|faint|p1b: Garchomp
|move|p2b: Gardevoir|Dazzling Gleam|p1a: Whimsicott
|-damage|p1a: Whimsicott|0 fnt
|faint|p1a: Whimsicott
|
|-heal|p2a: Milotic|57/100|[from] item: Leftovers
|upkeep
|
|t:|1783357823
|switch|p1a: Charizard|Charizard, L50, M|100/100
|switch|p1b: Basculegion|Basculegion, L50, M|100/100
|turn|5
|
|t:|1783357840
|switch|p2a: Rotom|Rotom-Heat, L50, shiny|100/100
|detailschange|p1a: Charizard|Charizard-Mega-Y, L50, M
|-mega|p1a: Charizard|Charizard|Charizardite Y
|-weather|SunnyDay|[from] ability: Drought|[of] p1a: Charizard
|move|p1a: Charizard|Weather Ball|p2b: Gardevoir
|-damage|p2b: Gardevoir|0 fnt
|faint|p2b: Gardevoir
|move|p1b: Basculegion|Last Respects|p2a: Rotom
|-damage|p2a: Rotom|0 fnt
|faint|p2a: Rotom
|
|-weather|SunnyDay|[upkeep]
|-sideend|p1: vilan333|move: Tailwind
|upkeep
|-message|Glaxx forfeited.
|raw|vilan333's rating: 1174 → 1194(+20 for winning)
|raw|Glaxx's rating: 1099 → 1079(-20 for losing)
|
|win|vilan333
|l|‽Glaxx
|player|p2|
