|j|☆Farkz7
|j|☆Marvcolor
|html|Farkz7Marvcolor    
|uhtml|bestof|Game 3 of a best-of-3
|t:|1784198507
|gametype|doubles
|player|p1|Farkz7|1|1076
|player|p2|Marvcolor|giovanni|1333
|gen|9
|tier|[Gen 9 Champions] VGC 2026 Reg M-B (Bo3)
|rated|
|rule|Species Clause: Limit one of each Pokémon
|rule|Item Clause: Limit 1 of each item
|clearpoke
|poke|p1|Slowking-Galar, L50, M|
|poke|p1|Crabominable, L50, F|
|poke|p1|Araquanid, L50, F|
|poke|p1|Abomasnow, L50, F|
|poke|p1|Spiritomb, L50, M|
|poke|p1|Hatterene, L50, F|
|poke|p2|Gengar, L50, M, shiny|
|poke|p2|Politoed, L50, F, shiny|
|poke|p2|Archaludon, L50, F, shiny|
|poke|p2|Swampert, L50, M, shiny|
|poke|p2|Incineroar, L50, F, shiny|
|poke|p2|Vivillon, L50, F, shiny|
|teampreview|4
|showteam|p1|Slowking-Galar||Leftovers|CuriousMedicine|ChillyReception,Protect,SludgeWave,Flamethrower|Calm||M|||50|]Crabominable||Crabominite|HyperCutter|MachPunch,IcePunch,DrainPunch,Protect|Adamant||F|||50|]Araquanid||CobaBerry|WaterBubble|WideGuard,Waterfall,PoisonJab,Protect|Sassy||F|||50|]Abomasnow||Abomasite|SnowWarning|Blizzard,GigaDrain,Protect,EarthPower|Modest||F|||50|]Spiritomb||SitrusBerry|Infiltrator|ShadowBall,RainDance,TrickRoom,Protect|Sassy||M|||50|]Hatterene||LifeOrb|MagicBounce|DazzlingGleam,Psychic,Protect,MysticalFire|Serious||F|||50|
|showteam|p2|Gengar||Gengarite|CursedBody|ShadowBall,SludgeBomb,PerishSong,Protect|Modest||M|||50|]Politoed||SitrusBerry|Drizzle|WeatherBall,PerishSong,Encore,Protect|Calm||F|||50|]Archaludon||Leftovers|Stamina|ElectroShot,DragonPulse,FlashCannon,Protect|Bold||F|||50|]Swampert||Swampertite|Damp|WaveCrash,Earthquake,IcePunch,Protect|Adamant||M|||50|]Incineroar||PasshoBerry|Intimidate|ThroatChop,PartingShot,Protect,FakeOut|Sassy||F|||50|]Vivillon||FocusSash|CompoundEyes|Hurricane,SleepPowder,RagePowder,Protect|Timid||F|||50|
|inactive|Battle timer is ON: inactive players will automatically lose when time's up. (requested by Marvcolor)
|j| drk2110
|
|t:|1784198536
|teamsize|p1|4
|teamsize|p2|4
|start
|switch|p1a: Abomasnow|Abomasnow, L50, F|100/100
|switch|p1b: Spiritomb|Spiritomb, L50, M|100/100
|switch|p2a: Mishra|Gengar, L50, M, shiny|100/100
|switch|p2b: Time Walk|Vivillon, L50, F, shiny|100/100
|-weather|Snowscape|[from] ability: Snow Warning|[of] p1a: Abomasnow
|turn|1
|inactive|Farkz7 has 30 seconds left.
|
|t:|1784198565
|detailschange|p2a: Mishra|Gengar-Mega, L50, M, shiny
|-mega|p2a: Mishra|Gengar|Gengarite
|detailschange|p1a: Abomasnow|Abomasnow-Mega, L50, F
|-mega|p1a: Abomasnow|Abomasnow|Abomasite
|move|p2a: Mishra|Sludge Bomb|p1a: Abomasnow
|-supereffective|p1a: Abomasnow|1
|-damage|p1a: Abomasnow|8/100
|move|p2b: Time Walk|Sleep Powder|p1b: Spiritomb
|-status|p1b: Spiritomb|slp|[from] move: Sleep Powder
|move|p1a: Abomasnow|Earth Power|p2a: Mishra
|-supereffective|p2a: Mishra|1
|-crit|p2a: Mishra
|-damage|p2a: Mishra|0 fnt
|faint|p2a: Mishra
|cant|p1b: Spiritomb|slp
|
|-weather|Snowscape|[upkeep]
|upkeep
|
|t:|1784198580
|switch|p2a: Centralian|Archaludon, L50, F, shiny|100/100
|turn|2
|
|t:|1784198597
|switch|p2b: Connect|Politoed, L50, F, shiny|100/100
|-weather|RainDance|[from] ability: Drizzle|[of] p2b: Connect
|move|p1a: Abomasnow|Protect|p1a: Abomasnow
|-singleturn|p1a: Abomasnow|Protect
|move|p2a: Centralian|Electro Shot||[still]
|-prepare|p2a: Centralian|Electro Shot
|-boost|p2a: Centralian|spa|1
|-anim|p2a: Centralian|Electro Shot|p1b: Spiritomb
|-damage|p1b: Spiritomb|57/100 slp
|cant|p1b: Spiritomb|slp
|
|-weather|RainDance|[upkeep]
|upkeep
|turn|3
|
|t:|1784198614
|move|p2a: Centralian|Electro Shot||[still]
|-prepare|p2a: Centralian|Electro Shot
|-boost|p2a: Centralian|spa|1
|-anim|p2a: Centralian|Electro Shot|p1b: Spiritomb
|-damage|p1b: Spiritomb|4/100 slp
|-enditem|p1b: Spiritomb|Sitrus Berry|[eat]
|-heal|p1b: Spiritomb|29/100 slp|[from] item: Sitrus Berry
|move|p2b: Connect|Encore|p1a: Abomasnow
|-start|p1a: Abomasnow|Encore
|move|p1a: Abomasnow|Protect|p1a: Abomasnow
|-singleturn|p1a: Abomasnow|Protect
|-curestatus|p1b: Spiritomb|slp|[msg]
|move|p1b: Spiritomb|Trick Room|p1b: Spiritomb
|-fieldstart|move: Trick Room|[of] p1b: Spiritomb
|
|-weather|RainDance|[upkeep]
|upkeep
|turn|4
|
|t:|1784198636
|move|p1a: Abomasnow|Protect||[still]
|-fail|p1a: Abomasnow
|move|p1b: Spiritomb|Shadow Ball|p2a: Centralian
|-damage|p2a: Centralian|76/100
|-ability|p2a: Centralian|Stamina|boost
|-boost|p2a: Centralian|def|1
|move|p2b: Connect|Weather Ball|p1a: Abomasnow
|-resisted|p1a: Abomasnow|1
|-damage|p1a: Abomasnow|0 fnt
|faint|p1a: Abomasnow
|move|p2a: Centralian|Electro Shot||[still]
|-prepare|p2a: Centralian|Electro Shot
|-boost|p2a: Centralian|spa|1
|-anim|p2a: Centralian|Electro Shot|p1b: Spiritomb
|-damage|p1b: Spiritomb|0 fnt
|faint|p1b: Spiritomb
|
|-weather|RainDance|[upkeep]
|-heal|p2a: Centralian|82/100|[from] item: Leftovers
|upkeep
|
|t:|1784198653
|switch|p1b: Hatterene|Hatterene, L50, F|100/100
|switch|p1a: Crabominable|Crabominable, L50, F|100/100
|turn|5
|
|t:|1784198663
|move|p1b: Hatterene|Dazzling Gleam|p2a: Centralian|[spread] p2a,p2b
|-damage|p2a: Centralian|39/100
|-damage|p2b: Connect|66/100
|-ability|p2a: Centralian|Stamina|boost
|-boost|p2a: Centralian|def|1
|-damage|p1b: Hatterene|90/100|[from] item: Life Orb
|move|p1a: Crabominable|Drain Punch|p2a: Centralian
|-supereffective|p2a: Centralian|1
|-damage|p2a: Centralian|10/100
|-ability|p2a: Centralian|Stamina|boost
|-boost|p2a: Centralian|def|1
|move|p2b: Connect|Perish Song|p2b: Connect
|-start|p1a: Crabominable|perish3|[silent]
|-start|p1b: Hatterene|perish3|[silent]
|-start|p2a: Centralian|perish3|[silent]
|-start|p2b: Connect|perish3|[silent]
|-fieldactivate|move: Perish Song
|move|p2a: Centralian|Flash Cannon|p1b: Hatterene
|-supereffective|p1b: Hatterene|1
|-damage|p1b: Hatterene|0 fnt
|faint|p1b: Hatterene
|
|-weather|RainDance|[upkeep]
|-heal|p2a: Centralian|17/100|[from] item: Leftovers
|-start|p1a: Crabominable|perish3
|-start|p2b: Connect|perish3
|-start|p2a: Centralian|perish3
|upkeep
|turn|6
|-message|Farkz7 forfeited.
|
|win|Marvcolor
|raw|Farkz7's rating: 1076 → 1068(-8 for losing)
|raw|Marvcolor's rating: 1333 → 1340(+7 for winning)
|l|☆Farkz7
|player|p1|
