|j|☆TheThunderstorm
|j|‽Youareachandelure
|html|TheThunderstormYouareachandelure    
|uhtml|bestof|Game 1 of a best-of-3
|t:|1785872664
|gametype|doubles
|player|p1|TheThunderstorm|2|1127
|player|p2|Youareachandelure|harlequin|1080
|gen|9
|tier|[Gen 9 Champions] VGC 2026 Reg M-B (Bo3)
|rated|
|rule|Species Clause: Limit one of each Pokémon
|rule|Item Clause: Limit 1 of each item
|clearpoke
|poke|p1|Kingambit, L50, M|
|poke|p1|Garchomp, L50, F|
|poke|p1|Aerodactyl, L50, M|
|poke|p1|Farigiraf, L50, F|
|poke|p1|Charizard, L50, F|
|poke|p1|Sylveon, L50, F|
|poke|p2|Vivillon-Pokeball, L50, F|
|poke|p2|Vileplume, L50, F|
|poke|p2|Camerupt, L50, M|
|poke|p2|Meowstic, L50, M|
|poke|p2|Hatterene, L50, F|
|poke|p2|Archaludon, L50, F|
|teampreview|4
|showteam|p1|Kingambit||FocusSash|Defiant|KowtowCleave,SuckerPunch,IronHead,Protect|Adamant||M|||50|]Garchomp||LifeOrb|RoughSkin|Earthquake,StompingTantrum,DragonClaw,Protect|Jolly||F|||50|]Aerodactyl||Aerodactylite|Unnerve|IceFang,Tailwind,RockSlide,DualWingbeat|Jolly||M|||50|]Farigiraf||SitrusBerry|ArmorTail|Thunderbolt,Psychic,TrickRoom,Protect|Bold||F|||50|]Charizard||CharizarditeY|Blaze|SolarBeam,HeatWave,WeatherBall,Protect|Modest||F|||50|]Sylveon||FairyFeather|Pixilate|HyperVoice,HyperBeam,QuickAttack,Protect|Modest||F|||50|
|showteam|p2|Vivillon-Pokeball||FocusSash|CompoundEyes|Hurricane,SleepPowder,Protect,SunnyDay|Timid||F|||50|]Vileplume||MentalHerb|Chlorophyll|AfterYou,SolarBeam,SludgeBomb,HelpingHand|Modest||F|||50|]Camerupt||Cameruptite|SolidRock|Eruption,RockSlide,Protect,EarthPower|Sassy||M|||50|]Meowstic||Meowsticite|Prankster|PsychicTerrain,ExpandingForce,Protect,FakeOut|Sassy||M|||50|]Hatterene||SitrusBerry|MagicBounce|TrickRoom,ExpandingForce,LifeDew,DazzlingGleam|Quiet||F|||50|]Archaludon||Leftovers|Stamina|ThunderWave,FlashCannon,DragonPulse,DarkPulse|Quiet||F|||50|
|inactive|Battle timer is ON: inactive players will automatically lose when time's up. (requested by TheThunderstorm)
|inactive|TheThunderstorm has 60 seconds left.
|
|t:|1785872740
|teamsize|p1|4
|teamsize|p2|4
|start
|switch|p1a: Aerodactyl|Aerodactyl, L50, M|100/100
|switch|p1b: Charizard|Charizard, L50, F|100/100
|switch|p2a: Vivillon|Vivillon-Pokeball, L50, F|100/100
|switch|p2b: Vileplume|Vileplume, L50, F|100/100
|-ability|p1a: Aerodactyl|Unnerve
|turn|1
|inactive|TheThunderstorm has 30 seconds left.
|
|t:|1785872769
|detailschange|p1b: Charizard|Charizard-Mega-Y, L50, F
|-mega|p1b: Charizard|Charizard|Charizardite Y
|-weather|SunnyDay|[from] ability: Drought|[of] p1b: Charizard
|move|p2b: Vileplume|After You|p2a: Vivillon
|-activate|p2a: Vivillon|move: After You
|move|p2a: Vivillon|Sleep Powder|p1b: Charizard
|-status|p1b: Charizard|slp|[from] move: Sleep Powder
|move|p1a: Aerodactyl|Tailwind|p1a: Aerodactyl
|-sidestart|p1: TheThunderstorm|move: Tailwind
|cant|p1b: Charizard|slp
|
|-weather|SunnyDay|[upkeep]
|upkeep
|turn|2
|inactive|TheThunderstorm has 30 seconds left.
|inactive|Youareachandelure has 30 seconds left.
|
|t:|1785872798
|switch|p2a: Archaludon|Archaludon, L50, F|100/100
|move|p1a: Aerodactyl|Dual Wingbeat|p2a: Archaludon
|-resisted|p2a: Archaludon|1
|-damage|p2a: Archaludon|93/100
|-ability|p2a: Archaludon|Stamina|boost
|-boost|p2a: Archaludon|def|1
|-resisted|p2a: Archaludon|1
|-damage|p2a: Archaludon|89/100
|-ability|p2a: Archaludon|Stamina|boost
|-boost|p2a: Archaludon|def|1
|-hitcount|p2a: Archaludon|2
|-curestatus|p1b: Charizard|slp|[msg]
|move|p1b: Charizard|Heat Wave|p2b: Vileplume|[spread] p2b
|-miss|p1b: Charizard|p2a: Archaludon
|-supereffective|p2b: Vileplume|1
|-damage|p2b: Vileplume|0 fnt
|faint|p2b: Vileplume
|
|-weather|SunnyDay|[upkeep]
|-heal|p2a: Archaludon|95/100|[from] item: Leftovers
|upkeep
|
|t:|1785872820
|switch|p2b: Camerupt|Camerupt, L50, M|100/100
|turn|3
|
|t:|1785872836
|detailschange|p2b: Camerupt|Camerupt-Mega, L50, M
|-mega|p2b: Camerupt|Camerupt|Cameruptite
|move|p1a: Aerodactyl|Rock Slide|p2b: Camerupt|[spread] p2a,p2b
|-resisted|p2a: Archaludon|1
|-damage|p2a: Archaludon|91/100
|-damage|p2b: Camerupt|79/100
|-ability|p2a: Archaludon|Stamina|boost
|-boost|p2a: Archaludon|def|1
|move|p1b: Charizard|Heat Wave|p2b: Camerupt|[spread] p2a,p2b
|-resisted|p2b: Camerupt|1
|-damage|p2a: Archaludon|38/100
|-damage|p2b: Camerupt|60/100
|-ability|p2a: Archaludon|Stamina|boost
|-boost|p2a: Archaludon|def|1
|move|p2a: Archaludon|Flash Cannon|p1a: Aerodactyl
|-supereffective|p1a: Aerodactyl|1
|-damage|p1a: Aerodactyl|2/100
|move|p2b: Camerupt|Rock Slide|p1a: Aerodactyl|[spread] p1a,p1b
|-supereffective|p1a: Aerodactyl|1
|-supereffective|p1b: Charizard|2
|-damage|p1a: Aerodactyl|0 fnt
|-damage|p1b: Charizard|27/100
|faint|p1a: Aerodactyl
|
|-weather|SunnyDay|[upkeep]
|-heal|p2a: Archaludon|44/100|[from] item: Leftovers
|upkeep
|
|t:|1785872860
|switch|p1a: Garchomp|Garchomp, L50, F|100/100
|turn|4
|
|t:|1785872870
|switch|p2a: Vivillon|Vivillon-Pokeball, L50, F|100/100
|move|p1a: Garchomp|Earthquake|p2b: Camerupt|[spread] p2b
|-immune|p1b: Charizard
|-immune|p2a: Vivillon
|-supereffective|p2b: Camerupt|1
|-damage|p2b: Camerupt|0 fnt
|faint|p2b: Camerupt
|-damage|p1a: Garchomp|90/100|[from] item: Life Orb
|move|p1b: Charizard|Heat Wave|p2a: Vivillon
|-supereffective|p2a: Vivillon|1
|-enditem|p2a: Vivillon|Focus Sash
|-damage|p2a: Vivillon|1/100
|
|-weather|SunnyDay|[upkeep]
|-sideend|p1: TheThunderstorm|move: Tailwind
|upkeep
|
|t:|1785872886
|switch|p2b: Archaludon|Archaludon, L50, F|44/100
|turn|5
|-message|Youareachandelure forfeited.
|
|win|TheThunderstorm
|l|‽Youareachandelure
|player|p2|
|raw|TheThunderstorm's rating: 1127 → 1149(+22 for winning)
|raw|Youareachandelure's rating: 1080 → 1061(-19 for losing)
