|j|☆Googy11
|j|☆starcrashvgc
|html|Googy11starcrashvgc    
|uhtml|bestof|Game 1 of a best-of-3
|t:|1783480124
|gametype|doubles
|player|p1|Googy11|ethan|
|player|p2|starcrashvgc|2|
|gen|9
|tier|[Gen 9 Champions] VGC 2026 Reg M-B (Bo3)
|rule|Species Clause: Limit one of each Pokémon
|rule|Item Clause: Limit 1 of each item
|clearpoke
|poke|p1|Sceptile, L50, M|
|poke|p1|Rotom-Heat, L50|
|poke|p1|Basculegion, L50, M|
|poke|p1|Gardevoir, L50, F, shiny|
|poke|p1|Mamoswine, L50, F|
|poke|p1|Tinkaton, L50, F|
|poke|p2|Krookodile, L50, F|
|poke|p2|Charizard, L50, F|
|poke|p2|Rotom-Wash, L50|
|poke|p2|Mimikyu, L50, F|
|poke|p2|Venusaur, L50, M|
|poke|p2|Goodra-Hisui, L50, M|
|teampreview|4
|showteam|p1|Sceptile||Sceptilite|Overgrow|RockTomb,EarthPower,EnergyBall,Detect|Lonely||M|||50|]Rotom-Heat||ChoiceScarf|Levitate|Electroweb,Discharge,Overheat,RainDance|Timid|||||50|]Basculegion||LifeOrb|Adaptability|WaveCrash,AquaJet,LastRespects,Protect|Adamant||M|||50|]Gardevoir||Gardevoirite|Synchronize|HyperVoice,Psyshock,TrickRoom,Protect|Modest||F|||50|]Mamoswine||FocusSash|Oblivious|RockSlide,IceShard,HighHorsepower,IcicleCrash|Jolly||F|||50|]Tinkaton||SitrusBerry|MoldBreaker|FakeOut,GigatonHammer,RockSlide,FakeTears|Adamant||F|||50|
|showteam|p2|Krookodile||ChopleBerry|Intimidate|Earthquake,Taunt,KnockOff,Protect|Adamant||F|||50|]Charizard||CharizarditeY|SolarPower|HeatWave,WeatherBall,SolarBeam,Protect|Timid||F|||50|]Rotom-Wash||ChoiceScarf|Levitate|HydroPump,VoltSwitch,Trick,Electroweb|Timid|||||50|]Mimikyu||LifeOrb|Disguise|PlayRough,ShadowClaw,ShadowSneak,Protect|Adamant||F|||50|]Venusaur||FocusSash|Chlorophyll|SludgeBomb,SleepPowder,LeafStorm,Protect|Modest||M|||50|]Goodra-Hisui||Leftovers|ShellArmor|DracoMeteor,Shelter,BodyPress,Protect|Sassy||M|||50|
|
|t:|1783480163
|teamsize|p1|4
|teamsize|p2|4
|start
|switch|p1a: Sceptile|Sceptile, L50, M|100/100
|switch|p1b: Rotom|Rotom-Heat, L50|100/100
|switch|p2a: Charizard|Charizard, L50, F|100/100
|switch|p2b: Venusaur|Venusaur, L50, M|100/100
|turn|1
|
|t:|1783480190
|detailschange|p1a: Sceptile|Sceptile-Mega, L50, M
|-mega|p1a: Sceptile|Sceptile|Sceptilite
|move|p2a: Charizard|Protect|p2a: Charizard
|-singleturn|p2a: Charizard|Protect
|move|p1b: Rotom|Discharge|p2a: Charizard|[spread] p2b
|-activate|p2a: Charizard|move: Protect
|-ability|p1a: Sceptile|Lightning Rod|boost
|-boost|p1a: Sceptile|spa|1
|-resisted|p2b: Venusaur|1
|-damage|p2b: Venusaur|86/100
|-status|p2b: Venusaur|par
|move|p1a: Sceptile|Rock Tomb|p2a: Charizard
|-activate|p2a: Charizard|move: Protect
|move|p2b: Venusaur|Sleep Powder|p1b: Rotom|[miss]
|-miss|p2b: Venusaur|p1b: Rotom
|
|upkeep
|turn|2
|
|t:|1783480263
|switch|p2a: Mimikyu|Mimikyu, L50, F|100/100
|move|p1b: Rotom|Discharge|p2b: Venusaur|[spread] p2a,p2b
|-ability|p1a: Sceptile|Lightning Rod|boost
|-boost|p1a: Sceptile|spa|1
|-resisted|p2b: Venusaur|1
|-activate|p2a: Mimikyu|ability: Disguise
|-damage|p2a: Mimikyu|100/100
|-damage|p2b: Venusaur|73/100 par
|detailschange|p2a: Mimikyu|Mimikyu-Busted, L50, F
|-damage|p2a: Mimikyu|87/100|[from] pokemon: Mimikyu-Busted
|move|p1a: Sceptile|Rock Tomb|p2a: Mimikyu
|-damage|p2a: Mimikyu|56/100
|-unboost|p2a: Mimikyu|spe|1
|move|p2b: Venusaur|Sludge Bomb|p1a: Sceptile
|-supereffective|p1a: Sceptile|1
|-damage|p1a: Sceptile|0 fnt
|faint|p1a: Sceptile
|
|upkeep
|
|t:|1783480280
|switch|p1a: Mamoswine|Mamoswine, L50, F|100/100
|turn|3
|
|t:|1783480333
|move|p2b: Venusaur|Protect|p2b: Venusaur
|-singleturn|p2b: Venusaur|Protect
|move|p1b: Rotom|Discharge|p2b: Venusaur|[spread] p2a
|-activate|p2b: Venusaur|move: Protect
|-immune|p1a: Mamoswine
|-damage|p2a: Mimikyu|26/100
|-status|p2a: Mimikyu|par
|move|p1a: Mamoswine|Icicle Crash|p2b: Venusaur
|-activate|p2b: Venusaur|move: Protect
|move|p2a: Mimikyu|Play Rough|p1b: Rotom
|-resisted|p1b: Rotom|1
|-damage|p1b: Rotom|70/100
|-damage|p2a: Mimikyu|16/100 par|[from] item: Life Orb
|
|upkeep
|turn|4
|
|t:|1783480465
|move|p2a: Mimikyu|Protect|p2a: Mimikyu
|-singleturn|p2a: Mimikyu|Protect
|move|p1b: Rotom|Discharge|p2a: Mimikyu|[spread] p2b
|-activate|p2a: Mimikyu|move: Protect
|-immune|p1a: Mamoswine
|-resisted|p2b: Venusaur|1
|-damage|p2b: Venusaur|61/100 par
|move|p1a: Mamoswine|Icicle Crash|p2b: Venusaur
|-supereffective|p2b: Venusaur|1
|-damage|p2b: Venusaur|0 fnt
|faint|p2b: Venusaur
|
|upkeep
|
|t:|1783480479
|switch|p2b: Charizard|Charizard, L50, F|100/100
|turn|5
|
|t:|1783480506
|detailschange|p2b: Charizard|Charizard-Mega-Y, L50, F
|-mega|p2b: Charizard|Charizard|Charizardite Y
|-weather|SunnyDay|[from] ability: Drought|[of] p2b: Charizard
|move|p2a: Mimikyu|Shadow Sneak|p1a: Mamoswine
|-damage|p1a: Mamoswine|74/100
|-damage|p2a: Mimikyu|6/100 par|[from] item: Life Orb
|move|p1b: Rotom|Discharge|p2b: Charizard|[spread] p2a,p2b
|-immune|p1a: Mamoswine
|-supereffective|p2b: Charizard|1
|-damage|p2a: Mimikyu|0 fnt
|-damage|p2b: Charizard|53/100
|faint|p2a: Mimikyu
|move|p2b: Charizard|Heat Wave|p1b: Rotom|[spread] p1a,p1b
|-supereffective|p1a: Mamoswine|1
|-resisted|p1b: Rotom|1
|-damage|p1a: Mamoswine|0 fnt
|-damage|p1b: Rotom|37/100
|faint|p1a: Mamoswine
|
|-weather|SunnyDay|[upkeep]
|upkeep
|
|t:|1783480521
|switch|p2a: Rotom|Rotom-Wash, L50|100/100
|switch|p1a: Basculegion|Basculegion, L50, M|100/100
|turn|6
|
|t:|1783480573
|move|p2b: Charizard|Protect|p2b: Charizard
|-singleturn|p2b: Charizard|Protect
|move|p1a: Basculegion|Protect|p1a: Basculegion
|-singleturn|p1a: Basculegion|Protect
|move|p1b: Rotom|Discharge|p2a: Rotom|[spread] p2a
|-activate|p1a: Basculegion|move: Protect
|-activate|p2b: Charizard|move: Protect
|-damage|p2a: Rotom|73/100
|move|p2a: Rotom|Electroweb|p1a: Basculegion|[spread] p1b
|-activate|p1a: Basculegion|move: Protect
|-resisted|p1b: Rotom|1
|-damage|p1b: Rotom|28/100
|-unboost|p1b: Rotom|spe|1
|
|-weather|SunnyDay|[upkeep]
|upkeep
|turn|7
|
|t:|1783480597
|move|p1a: Basculegion|Aqua Jet|p2b: Charizard
|-supereffective|p2b: Charizard|1
|-damage|p2b: Charizard|0 fnt
|faint|p2b: Charizard
|-damage|p1a: Basculegion|90/100|[from] item: Life Orb
|move|p2a: Rotom|Electroweb|p1a: Basculegion|[spread] p1a,p1b
|-supereffective|p1a: Basculegion|1
|-resisted|p1b: Rotom|1
|-damage|p1a: Basculegion|49/100
|-damage|p1b: Rotom|17/100
|-unboost|p1a: Basculegion|spe|1
|-unboost|p1b: Rotom|spe|1
|move|p1b: Rotom|Discharge|p2a: Rotom|[spread] p1a,p2a
|-supereffective|p1a: Basculegion|1
|-damage|p1a: Basculegion|0 fnt
|-damage|p2a: Rotom|46/100
|faint|p1a: Basculegion
|
|-weather|SunnyDay|[upkeep]
|upkeep
|turn|8
|
|t:|1783480612
|move|p2a: Rotom|Electroweb|p1b: Rotom
|-resisted|p1b: Rotom|1
|-crit|p1b: Rotom
|-damage|p1b: Rotom|0 fnt
|faint|p1b: Rotom
|
|win|starcrashvgc
|c|☆Googy11|gg
|c|☆starcrashvgc|gg
|inactive|Googy11 has 30 seconds to confirm battle start!
|inactive|starcrashvgc has 30 seconds to confirm battle start!
