|j|☆AbacusStabacus
|j|☆PenguimSAL
|html|AbacusStabacusPenguimSAL    
|uhtml|bestof|Game 3 of a best-of-3
|t:|1786055875
|gametype|doubles
|player|p1|AbacusStabacus|169|1269
|player|p2|PenguimSAL|266|1219
|gen|9
|tier|[Gen 9 Champions] VGC 2026 Reg M-B (Bo3)
|rated|
|rule|Species Clause: Limit one of each Pokémon
|rule|Item Clause: Limit 1 of each item
|clearpoke
|poke|p1|Chandelure, L50, M|
|poke|p1|Sinistcha, L50|
|poke|p1|Torkoal, L50, F|
|poke|p1|Rotom-Wash, L50|
|poke|p1|Tyranitar, L50, M|
|poke|p1|Grimmsnarl, L50, M|
|poke|p2|Charizard, L50, F|
|poke|p2|Venusaur, L50, M|
|poke|p2|Garchomp, L50, M|
|poke|p2|Incineroar, L50, M|
|poke|p2|Toxapex, L50, M|
|poke|p2|Sylveon, L50, F|
|teampreview|4
|showteam|p1|Chandelure||Chandelurite|FlashFire|HeatWave,ShadowBall,EnergyBall,Protect|Modest||M|||50|]Sinistcha||FocusSash|Heatproof|MatchaGotcha,TrickRoom,ShadowBall,RagePowder|Quiet|||||50|]Torkoal||Charcoal|Drought|Eruption,HeatWave,SolarBeam,Protect|Quiet||F|||50|]Rotom-Wash||LifeOrb|Levitate|HydroPump,VoltSwitch,Protect,Thunderbolt|Quiet|||||50|]Tyranitar||Tyranitarite|SandStream|IcePunch,RockSlide,Protect,Superpower|Adamant||M|||50|]Grimmsnarl||LightClay|Prankster|FakeOut,PartingShot,LightScreen,ThroatChop|Brave||M|||50|
|showteam|p2|Charizard||CharizarditeY|Blaze|HeatWave,WeatherBall,AncientPower,Protect|Modest||F|||50|]Venusaur||LifeOrb|Chlorophyll|SolarBeam,SludgeBomb,EarthPower,Protect|Modest||M|||50|]Garchomp||ChoiceScarf|RoughSkin|DragonClaw,Earthquake,RockSlide,StompingTantrum|Adamant||M|||50|]Incineroar||SitrusBerry|Intimidate|FlareBlitz,ThroatChop,PartingShot,FakeOut|Impish||M|||50|]Toxapex||Leftovers|Regenerator|Toxic,Infestation,WideGuard,BanefulBunker|Bold||M|||50|]Sylveon||FairyFeather|Pixilate|HyperVoice,Yawn,Detect,QuickAttack|Modest||F|||50|
|c|☆AbacusStabacus|lol i love this team
|inactive|Battle timer is ON: inactive players will automatically lose when time's up. (requested by AbacusStabacus)
|c|☆AbacusStabacus|tho i need more anti garchomp
|inactive|PenguimSAL has 60 seconds left.
|
|t:|1786055924
|teamsize|p1|4
|teamsize|p2|4
|start
|switch|p1a: Sinistcha|Sinistcha, L50|100/100
|switch|p1b: Grimmsnarl|Grimmsnarl, L50, M|100/100
|switch|p2a: Sylveon|Sylveon, L50, F|100/100
|switch|p2b: Incineroar|Incineroar, L50, M|100/100
|-ability|p2b: Incineroar|Intimidate|boost
|-unboost|p1a: Sinistcha|atk|1
|-unboost|p1b: Grimmsnarl|atk|1
|turn|1
|
|t:|1786055935
|move|p1b: Grimmsnarl|Fake Out|p2a: Sylveon
|-damage|p2a: Sylveon|84/100
|cant|p2a: Sylveon|flinch
|move|p2b: Incineroar|Throat Chop|p1a: Sinistcha
|-supereffective|p1a: Sinistcha|1
|-damage|p1a: Sinistcha|38/100
|-start|p1a: Sinistcha|Throat Chop|[silent]
|move|p1a: Sinistcha|Trick Room|p1a: Sinistcha
|-fieldstart|move: Trick Room|[of] p1a: Sinistcha
|
|upkeep
|turn|2
|
|t:|1786055950
|switch|p1a: Tyranitar|Tyranitar, L50, M|100/100
|-weather|Sandstorm|[from] ability: Sand Stream|[of] p1a: Tyranitar
|move|p2a: Sylveon|Detect|p2a: Sylveon
|-singleturn|p2a: Sylveon|Protect
|move|p1b: Grimmsnarl|Throat Chop|p2a: Sylveon
|-activate|p2a: Sylveon|move: Protect
|move|p2b: Incineroar|Throat Chop|p1a: Tyranitar
|-resisted|p1a: Tyranitar|1
|-damage|p1a: Tyranitar|87/100
|-start|p1a: Tyranitar|Throat Chop|[silent]
|
|-weather|Sandstorm|[upkeep]
|-damage|p1b: Grimmsnarl|94/100|[from] Sandstorm
|-damage|p2b: Incineroar|94/100|[from] Sandstorm
|-damage|p2a: Sylveon|79/100|[from] Sandstorm
|upkeep
|turn|3
|
|t:|1786055963
|detailschange|p1a: Tyranitar|Tyranitar-Mega, L50, M
|-mega|p1a: Tyranitar|Tyranitar|Tyranitarite
|move|p1b: Grimmsnarl|Throat Chop|p2a: Sylveon
|-resisted|p2a: Sylveon|1
|-damage|p2a: Sylveon|58/100
|-start|p2a: Sylveon|Throat Chop|[silent]
|move|p2b: Incineroar|Parting Shot|p1a: Tyranitar
|-unboost|p1a: Tyranitar|atk|1
|-unboost|p1a: Tyranitar|spa|1
|
|t:|1786055967
|switch|p2b: Charizard|Charizard, L50, F|100/100|[from] Parting Shot
|move|p1a: Tyranitar|Rock Slide|p2a: Sylveon|[spread] p2a,p2b
|-supereffective|p2b: Charizard|2
|-damage|p2a: Sylveon|23/100
|-damage|p2b: Charizard|7/100
|cant|p2a: Sylveon|flinch
|
|-weather|Sandstorm|[upkeep]
|-damage|p1b: Grimmsnarl|88/100|[from] Sandstorm
|-damage|p2a: Sylveon|17/100|[from] Sandstorm
|-damage|p2b: Charizard|1/100|[from] Sandstorm
|-end|p1a: Tyranitar|Throat Chop|[silent]
|upkeep
|turn|4
|inactive|PenguimSAL has 30 seconds left.
|
|t:|1786055995
|switch|p2a: Incineroar|Incineroar, L50, M|94/100
|-ability|p2a: Incineroar|Intimidate|boost
|-unboost|p1a: Tyranitar|atk|1
|-unboost|p1b: Grimmsnarl|atk|1
|detailschange|p2b: Charizard|Charizard-Mega-Y, L50, F
|-mega|p2b: Charizard|Charizard|Charizardite Y
|-weather|SunnyDay|[from] ability: Drought|[of] p2b: Charizard
|move|p1b: Grimmsnarl|Throat Chop|p2b: Charizard
|-damage|p2b: Charizard|0 fnt
|faint|p2b: Charizard
|move|p1a: Tyranitar|Ice Punch|p2a: Incineroar
|-resisted|p2a: Incineroar|1
|-damage|p2a: Incineroar|87/100
|
|-weather|SunnyDay|[upkeep]
|upkeep
|
|t:|1786056000
|switch|p2b: Garchomp|Garchomp, L50, M|100/100
|turn|5
|
|t:|1786056009
|move|p2a: Incineroar|Fake Out|p1b: Grimmsnarl
|-damage|p1b: Grimmsnarl|74/100
|cant|p1b: Grimmsnarl|flinch
|move|p1a: Tyranitar|Ice Punch|p2b: Garchomp
|-supereffective|p2b: Garchomp|2
|-damage|p2b: Garchomp|24/100
|-damage|p1a: Tyranitar|75/100|[from] ability: Rough Skin|[of] p2b: Garchomp
|move|p2b: Garchomp|Stomping Tantrum|p1a: Tyranitar
|-supereffective|p1a: Tyranitar|1
|-damage|p1a: Tyranitar|22/100
|
|-weather|SunnyDay|[upkeep]
|-fieldend|move: Trick Room
|upkeep
|turn|6
|
|t:|1786056029
|switch|p1a: Rotom|Rotom-Wash, L50|100/100
|move|p2b: Garchomp|Stomping Tantrum|p1a: Rotom
|-immune|p1a: Rotom|[from] ability: Levitate
|move|p2a: Incineroar|Flare Blitz|p1b: Grimmsnarl
|-damage|p1b: Grimmsnarl|0 fnt
|faint|p1b: Grimmsnarl
|-damage|p2a: Incineroar|62/100|[from] Recoil
|
|-weather|SunnyDay|[upkeep]
|upkeep
|
|t:|1786056039
|switch|p1b: Sinistcha|Sinistcha, L50|38/100
|turn|7
|
|t:|1786056061
|switch|p2b: Sylveon|Sylveon, L50, F|17/100
|move|p1a: Rotom|Hydro Pump|p2b: Sylveon
|-damage|p2b: Sylveon|0 fnt
|faint|p2b: Sylveon
|-damage|p1a: Rotom|90/100|[from] item: Life Orb
|move|p2a: Incineroar|Throat Chop|p1b: Sinistcha
|-supereffective|p1b: Sinistcha|1
|-damage|p1b: Sinistcha|0 fnt
|faint|p1b: Sinistcha
|
|-weather|SunnyDay|[upkeep]
|upkeep
|
|t:|1786056069
|switch|p2b: Garchomp|Garchomp, L50, M|24/100
|switch|p1b: Tyranitar|Tyranitar-Mega, L50, M|22/100
|-weather|Sandstorm|[from] ability: Sand Stream|[of] p1b: Tyranitar
|turn|8
|
|t:|1786056091
|move|p2b: Garchomp|Rock Slide|p1b: Tyranitar|[spread] p1a,p1b
|-damage|p1a: Rotom|66/100
|-damage|p1b: Tyranitar|8/100
|move|p1a: Rotom|Hydro Pump|p2b: Garchomp
|-damage|p2b: Garchomp|0 fnt
|faint|p2b: Garchomp
|-damage|p1a: Rotom|57/100|[from] item: Life Orb
|move|p1b: Tyranitar|Ice Punch|p2a: Incineroar
|-resisted|p2a: Incineroar|1
|-damage|p2a: Incineroar|48/100
|-enditem|p2a: Incineroar|Sitrus Berry|[eat]
|-heal|p2a: Incineroar|73/100|[from] item: Sitrus Berry
|move|p2a: Incineroar|Throat Chop|p1a: Rotom
|-damage|p1a: Rotom|22/100
|-start|p1a: Rotom|Throat Chop|[silent]
|
|-weather|Sandstorm|[upkeep]
|-damage|p1a: Rotom|17/100|[from] Sandstorm
|-damage|p2a: Incineroar|67/100|[from] Sandstorm
|upkeep
|turn|9
|
|t:|1786056108
|move|p1a: Rotom|Thunderbolt|p2a: Incineroar
|-damage|p2a: Incineroar|19/100
|-damage|p1a: Rotom|7/100|[from] item: Life Orb
|move|p1b: Tyranitar|Superpower|p2a: Incineroar
|-supereffective|p2a: Incineroar|1
|-damage|p2a: Incineroar|0 fnt
|-unboost|p1b: Tyranitar|atk|1
|-unboost|p1b: Tyranitar|def|1
|faint|p2a: Incineroar
|
|win|AbacusStabacus
|raw|AbacusStabacus's rating: 1269 → 1290(+21 for winning)
|raw|PenguimSAL's rating: 1219 → 1198(-21 for losing)
|c|☆AbacusStabacus|gg
|c|☆PenguimSAL|gg
