|j|☆visma
|j|☆DeluToto
|html|vismaDeluToto    
|uhtml|bestof|Game 1 of a best-of-3
|t:|1756758428
|gametype|doubles
|player|p1|visma|265|1000
|player|p2|DeluToto|lenora|1000
|gen|9
|tier|[Gen 9] VGC 2025 Reg H (Bo3)
|rated|
|rule|Species Clause: Limit one of each Pokémon
|rule|Item Clause: Limit 1 of each item
|clearpoke
|poke|p1|Incineroar, L50, M|
|poke|p1|Rillaboom, L50, M|
|poke|p1|Basculegion, L50, M|
|poke|p1|Volcarona, L50, F|
|poke|p1|Tyranitar, L50, M|
|poke|p1|Dragonite, L50, F|
|poke|p2|Dragonite, L50, M|
|poke|p2|Pincurchin, L50, M|
|poke|p2|Archaludon, L50, M|
|poke|p2|Sneasler, L50, M|
|poke|p2|Ursaluna-Bloodmoon, L50, M|
|poke|p2|Porygon2, L50|
|teampreview|4
|showteam|p1|Incineroar||SafetyGoggles|Intimidate|FakeOut,KnockOff,PartingShot,FlareBlitz|||M|||50|,,,,,Ghost]Rillaboom||MiracleSeed|GrassySurge|FakeOut,GrassyGlide,WoodHammer,HighHorsepower|||M|||50|,,,,,Fire]Basculegion||ChoiceScarf|Adaptability|WaveCrash,FlipTurn,AquaJet,LastRespects|||M|||50|,,,,,Grass]Volcarona||Leftovers|FlameBody|HeatWave,QuiverDance,TeraBlast,Protect|||F|||50|,,,,,Fairy]Tyranitar||AssaultVest|SandStream|KnockOff,TeraBlast,LowKick,RockSlide|||M|||50|,,,,,Flying]Dragonite||LoadedDice|Multiscale|Protect,Tailwind,ScaleShot,Haze|||F|||50|,,,,,Fairy
|showteam|p2|Dragonite||LoadedDice|Multiscale|Protect,Haze,ScaleShot,Tailwind|||M|||50|,,,,,Fairy]Pincurchin||TerrainExtender|ElectricSurge|Electroweb,ZingZap,TeraBlast,ThunderWave|||M|||50|,,,,,Flying]Archaludon||PowerHerb|Stamina|ElectroShot,Protect,FlashCannon,DracoMeteor|||M|||50|,,,,,Water]Sneasler||ElectricSeed|Unburden|DireClaw,CloseCombat,ThroatChop,FakeOut|||M|||50|,,,,,Ghost]Ursaluna-Bloodmoon||LifeOrb|MindsEye|HyperVoice,BloodMoon,EarthPower,Protect|||M|||50|,,,,,Water]Porygon2||Eviolite|Download|TeraBlast,IceBeam,Recover,TrickRoom||||||50|,,,,,Fighting
|inactive|Battle timer is ON: inactive players will automatically lose when time's up. (requested by DeluToto)
|inactive|visma has 60 seconds left.
|inactive|DeluToto has 60 seconds left.
|inactive|visma has 30 seconds left.
|inactive|DeluToto has 30 seconds left.
|
|t:|1756758497
|teamsize|p1|4
|teamsize|p2|4
|start
|switch|p1a: Volcarona|Volcarona, L50, F|100/100
|switch|p1b: Dragonite|Dragonite, L50, F|100/100
|switch|p2a: Surprise|Pincurchin, L50, M, shiny|100/100
|switch|p2b: Snatchy|Archaludon, L50, M|100/100
|-fieldstart|move: Electric Terrain|[from] ability: Electric Surge|[of] p2a: Surprise
|turn|1
|c|☆DeluToto|glhf
|c|☆visma|you too
|inactive|visma has 30 seconds left.
|inactive|DeluToto has 30 seconds left.
|inactive|visma has 20 seconds left.
|
|t:|1756758536
|switch|p1b: Rillaboom|Rillaboom, L50, M|100/100
|-fieldstart|move: Grassy Terrain|[from] ability: Grassy Surge|[of] p1b: Rillaboom
|-terastallize|p1a: Volcarona|Fairy
|move|p2b: Snatchy|Electro Shot||[still]
|-prepare|p2b: Snatchy|Electro Shot
|-boost|p2b: Snatchy|spa|1
|-enditem|p2b: Snatchy|Power Herb
|-anim|p2b: Snatchy|Electro Shot|p1a: Volcarona
|-damage|p1a: Volcarona|37/100
|move|p1a: Volcarona|Heat Wave|p2a: Surprise|[spread] p2a,p2b
|-damage|p2a: Surprise|50/100
|-damage|p2b: Snatchy|50/100
|-status|p2a: Surprise|brn
|-ability|p2b: Snatchy|Stamina|boost
|-boost|p2b: Snatchy|def|1
|move|p2a: Surprise|Electroweb|p1b: Rillaboom|[spread] p1a,p1b
|-resisted|p1b: Rillaboom
|-damage|p1a: Volcarona|27/100
|-damage|p1b: Rillaboom|93/100
|-unboost|p1a: Volcarona|spe|1
|-unboost|p1b: Rillaboom|spe|1
|
|-heal|p2b: Snatchy|56/100|[from] Grassy Terrain
|-heal|p1a: Volcarona|33/100|[from] Grassy Terrain
|-heal|p1a: Volcarona|39/100|[from] item: Leftovers
|-heal|p1b: Rillaboom|99/100|[from] Grassy Terrain
|-heal|p2a: Surprise|56/100 brn|[from] Grassy Terrain
|-damage|p2a: Surprise|50/100 brn|[from] brn
|upkeep
|turn|2
|inactive|visma has 30 seconds left.
|inactive|DeluToto has 30 seconds left.
|inactive|visma has 20 seconds left.
|inactive|visma has 15 seconds left.
|inactive|visma has 10 seconds left.
|inactive|visma has 5 seconds left.
|
|t:|1756758589
|switch|p1a: Incineroar|Incineroar, L50, M|100/100
|-ability|p1a: Incineroar|Intimidate|boost
|-unboost|p2a: Surprise|atk|1
|-unboost|p2b: Snatchy|atk|1
|switch|p2a: Lollipo|Porygon2, L50, shiny|100/100
|-ability|p2a: Lollipo|Download|boost
|-boost|p2a: Lollipo|spa|1
|move|p2b: Snatchy|Protect|p2b: Snatchy
|-singleturn|p2b: Snatchy|Protect
|move|p1b: Rillaboom|Wood Hammer|p2b: Snatchy
|-activate|p2b: Snatchy|move: Protect
|
|-heal|p2b: Snatchy|62/100|[from] Grassy Terrain
|-heal|p1b: Rillaboom|100/100|[from] Grassy Terrain
|upkeep
|turn|3
|inactive|visma has 30 seconds left.
|inactive|DeluToto has 30 seconds left.
|inactive|visma has 20 seconds left.
|inactive|DeluToto has 20 seconds left.
|inactive|DeluToto has 15 seconds left.
|
|t:|1756758632
|switch|p2b: Surprise|Pincurchin, L50, M, shiny|50/100 brn
|-fieldstart|move: Electric Terrain|[from] ability: Electric Surge|[of] p2b: Surprise
|move|p2a: Lollipo|Ice Beam|p1b: Rillaboom
|-supereffective|p1b: Rillaboom
|-damage|p1b: Rillaboom|15/100
|move|p1a: Incineroar|Knock Off|p2a: Lollipo
|-damage|p2a: Lollipo|73/100
|-enditem|p2a: Lollipo|Eviolite|[from] move: Knock Off|[of] p1a: Incineroar
|move|p1b: Rillaboom|High Horsepower|p2b: Surprise
|-supereffective|p2b: Surprise
|-crit|p2b: Surprise
|-damage|p2b: Surprise|0 fnt
|faint|p2b: Surprise
|
|upkeep
|
|t:|1756758649
|switch|p2b: Cooky|Sneasler, L50, M, shiny|100/100
|-enditem|p2b: Cooky|Electric Seed
|-boost|p2b: Cooky|def|1|[from] item: Electric Seed
|turn|4
|inactive|visma has 30 seconds left.
|inactive|DeluToto has 30 seconds left.
|
|t:|1756758685
|switch|p1b: Volcarona|Volcarona, L50, F, tera:Fairy|39/100
|move|p2b: Cooky|Close Combat|p1a: Incineroar
|-supereffective|p1a: Incineroar
|-damage|p1a: Incineroar|0 fnt
|-unboost|p2b: Cooky|def|1
|-unboost|p2b: Cooky|spd|1
|faint|p1a: Incineroar
|move|p2a: Lollipo|Ice Beam|p1b: Volcarona
|-damage|p1b: Volcarona|2/100
|
|-heal|p1b: Volcarona|8/100|[from] item: Leftovers
|upkeep
|
|t:|1756758697
|switch|p1a: Rillaboom|Rillaboom, L50, M|15/100
|-fieldstart|move: Grassy Terrain|[from] ability: Grassy Surge|[of] p1a: Rillaboom
|turn|5
|inactive|visma has 30 seconds left.
|inactive|DeluToto has 30 seconds left.
|inactive|DeluToto has 20 seconds left.
|
|t:|1756758734
|-terastallize|p2b: Cooky|Ghost
|move|p1a: Rillaboom|Fake Out|p2b: Cooky
|-immune|p2b: Cooky
|move|p2b: Cooky|Dire Claw|p1a: Rillaboom
|-supereffective|p1a: Rillaboom
|-damage|p1a: Rillaboom|0 fnt
|faint|p1a: Rillaboom
|move|p1b: Volcarona|Tera Blast|p2b: Cooky|[anim] Tera Blast Fairy
|-damage|p2b: Cooky|14/100
|move|p2a: Lollipo|Ice Beam|p1b: Volcarona
|-damage|p1b: Volcarona|0 fnt
|faint|p1b: Volcarona
|
|-heal|p2b: Cooky|20/100|[from] Grassy Terrain
|-heal|p2a: Lollipo|80/100|[from] Grassy Terrain
|upkeep
|
|t:|1756758749
|switch|p1b: Dragonite|Dragonite, L50, F|100/100
|turn|6
|
|t:|1756758765
|move|p2b: Cooky|Dire Claw|p1b: Dragonite
|-damage|p1b: Dragonite|75/100
|-status|p1b: Dragonite|slp
|cant|p1b: Dragonite|slp
|move|p2a: Lollipo|Ice Beam|p1b: Dragonite
|-supereffective|p1b: Dragonite
|-damage|p1b: Dragonite|0 fnt
|faint|p1b: Dragonite
|
|win|DeluToto
