|j|☆humanbacon
|j|☆PyroLaxus
|html|humanbaconPyroLaxus    
|uhtml|bestof|Game 2 of a best-of-3
|t:|1785836828
|gametype|doubles
|player|p1|humanbacon|acetrainer|1336
|player|p2|PyroLaxus|265|1175
|gen|9
|tier|[Gen 9 Champions] VGC 2026 Reg M-B (Bo3)
|rated|
|rule|Species Clause: Limit one of each Pokémon
|rule|Item Clause: Limit 1 of each item
|clearpoke
|poke|p1|Raichu, L50, F|
|poke|p1|Venusaur, L50, F|
|poke|p1|Ninetales-Alola, L50, F|
|poke|p1|Incineroar, L50, M|
|poke|p1|Basculegion, L50, M|
|poke|p1|Annihilape, L50, F|
|poke|p2|Blaziken, L50, M|
|poke|p2|Kingambit, L50, M|
|poke|p2|Farigiraf, L50, M|
|poke|p2|Sylveon, L50, M|
|poke|p2|Basculegion, L50, M|
|poke|p2|Venusaur, L50, M|
|teampreview|4
|showteam|p1|Raichu||RaichuniteY|LightningRod|ZapCannon,FocusBlast,FakeOut,Protect|Timid||F|||50|]Venusaur||Venusaurite|Chlorophyll|EnergyBall,SludgeBomb,LeechSeed,Protect|Bold||F|||50|]Ninetales-Alola||ChoiceScarf|SnowWarning|IceBeam,IcyWind,Moonblast,FreezeDry|Timid||F|||50|]Incineroar||SitrusBerry|Intimidate|FakeOut,ThroatChop,PartingShot,FlareBlitz|Adamant||M|||50|]Basculegion||MysticWater|Adaptability|WaveCrash,LastRespects,AquaJet,Protect|Adamant||M|||50|]Annihilape||RoseliBerry|Defiant|DrainPunch,RageFist,BulkUp,Protect|Adamant||F|||50|
|showteam|p2|Blaziken||Blazikenite|SpeedBoost|FlareBlitz,RockSlide,CloseCombat,Protect|Adamant||M|||50|]Kingambit||LifeOrb|Defiant|SuckerPunch,KowtowCleave,IronHead,Protect|Adamant||M|||50|]Farigiraf||SitrusBerry|ArmorTail|Thunderbolt,Psychic,TrickRoom,HelpingHand|Modest||M|||50|]Sylveon||FairyFeather|Pixilate|HyperVoice,QuickAttack,Roar,Protect|Modest||M|||50|]Basculegion||FocusSash|Adaptability|AquaJet,Liquidation,Protect,LastRespects|Adamant||M|||50|]Venusaur||OccaBerry|Chlorophyll|SludgeBomb,SleepPowder,GigaDrain,Protect|Timid||M|||50|
|inactive|Battle timer is ON: inactive players will automatically lose when time's up. (requested by humanbacon)
|
|t:|1785836845
|teamsize|p1|4
|teamsize|p2|4
|start
|switch|p1a: Raichu|Raichu, L50, F|100/100
|switch|p1b: Annihilape|Annihilape, L50, F|100/100
|switch|p2a: Venusaur|Venusaur, L50, M|100/100
|switch|p2b: Kingambit|Kingambit, L50, M|100/100
|turn|1
|
|t:|1785836862
|detailschange|p1a: Raichu|Raichu-Mega-Y, L50, F
|-mega|p1a: Raichu|Raichu|Raichunite Y
|move|p2b: Kingambit|Protect|p2b: Kingambit
|-singleturn|p2b: Kingambit|Protect
|move|p1a: Raichu|Fake Out|p2a: Venusaur
|-damage|p2a: Venusaur|87/100
|cant|p2a: Venusaur|flinch
|move|p1b: Annihilape|Bulk Up|p1b: Annihilape
|-boost|p1b: Annihilape|atk|1
|-boost|p1b: Annihilape|def|1
|
|upkeep
|turn|2
|
|t:|1785836882
|move|p1a: Raichu|Protect|p1a: Raichu
|-singleturn|p1a: Raichu|Protect
|move|p2b: Kingambit|Sucker Punch|p1b: Annihilape
|-damage|p1b: Annihilape|63/100
|-damage|p2b: Kingambit|90/100|[from] item: Life Orb
|move|p2a: Venusaur|Sleep Powder|p1b: Annihilape
|-status|p1b: Annihilape|slp|[from] move: Sleep Powder
|cant|p1b: Annihilape|slp
|
|upkeep
|turn|3
|
|t:|1785836895
|switch|p2b: Basculegion|Basculegion, L50, M|100/100
|move|p1a: Raichu|Focus Blast|p2b: Basculegion
|-immune|p2b: Basculegion
|move|p2a: Venusaur|Sleep Powder|p1a: Raichu
|-status|p1a: Raichu|slp|[from] move: Sleep Powder
|cant|p1b: Annihilape|slp
|
|upkeep
|turn|4
|
|t:|1785836915
|switch|p1a: Incineroar|Incineroar, L50, M|100/100
|-ability|p1a: Incineroar|Intimidate|boost
|-unboost|p2a: Venusaur|atk|1
|-unboost|p2b: Basculegion|atk|1
|move|p2a: Venusaur|Giga Drain|p1b: Annihilape
|-damage|p1b: Annihilape|41/100 slp
|-heal|p2a: Venusaur|100/100|[from] drain|[of] p1b: Annihilape
|move|p2b: Basculegion|Last Respects|p1b: Annihilape
|-supereffective|p1b: Annihilape|1
|-damage|p1b: Annihilape|9/100 slp
|-curestatus|p1b: Annihilape|slp|[msg]
|move|p1b: Annihilape|Rage Fist|p2a: Venusaur
|-damage|p2a: Venusaur|0 fnt
|faint|p2a: Venusaur
|
|upkeep
|
|t:|1785836932
|switch|p2a: Kingambit|Kingambit, L50, M|90/100
|turn|5
|
|t:|1785836941
|move|p2a: Kingambit|Protect|p2a: Kingambit
|-singleturn|p2a: Kingambit|Protect
|move|p2b: Basculegion|Aqua Jet|p1b: Annihilape
|-damage|p1b: Annihilape|0 fnt
|faint|p1b: Annihilape
|move|p1a: Incineroar|Throat Chop|p2b: Basculegion
|-supereffective|p2b: Basculegion|1
|-damage|p2b: Basculegion|8/100
|-start|p2b: Basculegion|Throat Chop|[silent]
|
|upkeep
|
|t:|1785836948
|switch|p1b: Ninetales|Ninetales-Alola, L50, F|100/100
|-weather|Snowscape|[from] ability: Snow Warning|[of] p1b: Ninetales
|turn|6
|
|t:|1785836964
|move|p1b: Ninetales|Moonblast|p2a: Kingambit
|-damage|p2a: Kingambit|52/100
|move|p2b: Basculegion|Liquidation|p1a: Incineroar
|-supereffective|p1a: Incineroar|1
|-damage|p1a: Incineroar|29/100
|-enditem|p1a: Incineroar|Sitrus Berry|[eat]
|-heal|p1a: Incineroar|54/100|[from] item: Sitrus Berry
|move|p1a: Incineroar|Flare Blitz|p2a: Kingambit
|-supereffective|p2a: Kingambit|1
|-damage|p2a: Kingambit|0 fnt
|faint|p2a: Kingambit
|-damage|p1a: Incineroar|36/100|[from] Recoil
|
|-weather|Snowscape|[upkeep]
|-end|p2b: Basculegion|Throat Chop|[silent]
|upkeep
|
|t:|1785836977
|switch|p2a: Blaziken|Blaziken, L50, M|100/100
|turn|7
|
|t:|1785836988
|detailschange|p2a: Blaziken|Blaziken-Mega, L50, M
|-mega|p2a: Blaziken|Blaziken|Blazikenite
|move|p1b: Ninetales|Moonblast|p2b: Basculegion
|-damage|p2b: Basculegion|0 fnt
|faint|p2b: Basculegion
|move|p2a: Blaziken|Rock Slide|p1a: Incineroar|[spread] p1a,p1b
|-supereffective|p1a: Incineroar|1
|-supereffective|p1b: Ninetales|1
|-damage|p1a: Incineroar|0 fnt
|-damage|p1b: Ninetales|47/100
|faint|p1a: Incineroar
|
|-weather|Snowscape|[upkeep]
|-ability|p2a: Blaziken|Speed Boost|boost
|-boost|p2a: Blaziken|spe|1
|upkeep
|
|t:|1785836996
|switch|p1a: Raichu|Raichu-Mega-Y, L50, F|100/100 slp
|turn|8
|
|t:|1785837004
|move|p1b: Ninetales|Moonblast|p2a: Blaziken
|-damage|p2a: Blaziken|55/100
|move|p2a: Blaziken|Rock Slide|p1b: Ninetales|[spread] p1a,p1b
|-supereffective|p1b: Ninetales|1
|-damage|p1a: Raichu|56/100 slp
|-damage|p1b: Ninetales|0 fnt
|faint|p1b: Ninetales
|cant|p1a: Raichu|slp
|
|-weather|Snowscape|[upkeep]
|-ability|p2a: Blaziken|Speed Boost|boost
|-boost|p2a: Blaziken|spe|1
|upkeep
|turn|9
|-message|humanbacon forfeited.
|raw|humanbacon's rating: 1336 → 1307(-29 for losing)
|raw|PyroLaxus's rating: 1175 → 1211(+36 for winning)
|
|win|PyroLaxus
|l|☆humanbacon
|player|p1|
|c|☆PyroLaxus|ggwp
