|j|☆PabloZH24
|j|☆Eldrazii
|html|PabloZH24Eldrazii    
|uhtml|bestof|Game 1 of a best-of-3
|t:|1757778899
|gametype|doubles
|player|p1|PabloZH24|pokemaniac|
|player|p2|Eldrazii|blue-masters2|
|gen|9
|tier|[Gen 9] VGC 2025 Reg H (Bo3)
|rule|Species Clause: Limit one of each Pokémon
|rule|Item Clause: Limit 1 of each item
|clearpoke
|poke|p1|Archaludon, L50, F|
|poke|p1|Sinistcha, L50|
|poke|p1|Pelipper, L50, F|
|poke|p1|Ursaluna, L50, F|
|poke|p1|Kingambit, L50, F|
|poke|p1|Basculegion, L50, M|
|poke|p2|Ninetales-Alola, L50, M|
|poke|p2|Sneasler, L50, F|
|poke|p2|Ceruledge, L50, F|
|poke|p2|Rillaboom, L50, F|
|poke|p2|Primarina, L50, M|
|poke|p2|Hydreigon, L50, M|
|teampreview|4
|showteam|p1|Archaludon||AssaultVest|Stamina|DracoMeteor,ElectroShot,Snarl,BodyPress|||F|||50|,,,,,Bug]Sinistcha||SitrusBerry|Hospitality|MatchaGotcha,RagePowder,LifeDew,Protect||||||50|,,,,,Water]Pelipper||FocusSash|Drizzle|WeatherBall,Protect,Tailwind,Hurricane|||F|||50|,,,,,Ghost]Ursaluna||FlameOrb|Guts|Facade,HeadlongRush,Earthquake,Protect|||F|||50|,,,,,Ghost]Kingambit||BlackGlasses|Defiant|TeraBlast,SuckerPunch,IronHead,SwordsDance|||F|||50|,,,,,Fairy]Basculegion||LifeOrb|SwiftSwim|WaveCrash,LastRespects,AquaJet,Protect|||M|||50|,,,,,Water
|showteam|p2|Ninetales-Alola||CovertCloak|SnowWarning|Blizzard,AuroraVeil,Encore,Protect|||M|||50|,,,,,Poison]Sneasler||FocusSash|Unburden|DireClaw,CloseCombat,Coaching,Protect|||F|||50|,,,,,Ghost]Ceruledge||ClearAmulet|FlashFire|BitterBlade,Poltergeist,BulkUp,Protect|||F|||50|,,,,,Grass]Rillaboom||AssaultVest|GrassySurge|FakeOut,GrassyGlide,DrumBeating,HighHorsepower|||F|||50|,,,,,Fire]Primarina||ThroatSpray|LiquidVoice|HyperVoice,Moonblast,Haze,Protect|||M|||50|,,,,,Steel]Hydreigon||LifeOrb|Levitate|DracoMeteor,EarthPower,Tailwind,DarkPulse|||M|||50|,,,,,Ghost
|inactive|Battle timer is ON: inactive players will automatically lose when time's up. (requested by Eldrazii)
|c|☆Eldrazii|glhf
|c|☆PabloZH24|glhf
|inactive|PabloZH24 has 60 seconds left.
|inactive|Eldrazii has 60 seconds left.
|inactive|PabloZH24 has 30 seconds left.
|inactive|PabloZH24 has 20 seconds left.
|inactive|PabloZH24 has 15 seconds left.
|inactive|PabloZH24 has 10 seconds left.
|
|t:|1757778983
|teamsize|p1|4
|teamsize|p2|4
|start
|switch|p1a: Archaludon|Archaludon, L50, F|100/100
|switch|p1b: Pelipper|Pelipper, L50, F|100/100
|switch|p2a: Rillaboom|Rillaboom, L50, F|100/100
|switch|p2b: Primarina|Primarina, L50, M|100/100
|-fieldstart|move: Grassy Terrain|[from] ability: Grassy Surge|[of] p2a: Rillaboom
|-weather|RainDance|[from] ability: Drizzle|[of] p1b: Pelipper
|turn|1
|inactive|PabloZH24 has 30 seconds left.
|inactive|Eldrazii has 30 seconds left.
|inactive|PabloZH24 has 20 seconds left.
|inactive|Eldrazii has 20 seconds left.
|inactive|PabloZH24 has 15 seconds left.
|inactive|Eldrazii has 15 seconds left.
|inactive|Eldrazii has 10 seconds left.
|
|t:|1757779029
|move|p1b: Pelipper|Protect|p1b: Pelipper
|-singleturn|p1b: Pelipper|Protect
|move|p2b: Primarina|Protect|p2b: Primarina
|-singleturn|p2b: Primarina|Protect
|move|p2a: Rillaboom|Drum Beating|p1b: Pelipper
|-activate|p1b: Pelipper|move: Protect
|move|p1a: Archaludon|Electro Shot||[still]
|-prepare|p1a: Archaludon|Electro Shot
|-boost|p1a: Archaludon|spa|1
|-anim|p1a: Archaludon|Electro Shot|p2b: Primarina
|-activate|p2b: Primarina|move: Protect
|
|-weather|RainDance|[upkeep]
|upkeep
|turn|2
|inactive|PabloZH24 has 30 seconds left.
|inactive|Eldrazii has 30 seconds left.
|inactive|PabloZH24 has 20 seconds left.
|inactive|Eldrazii has 20 seconds left.
|
|t:|1757779073
|-terastallize|p1a: Archaludon|Bug
|-terastallize|p2b: Primarina|Steel
|move|p2a: Rillaboom|Drum Beating|p1b: Pelipper
|-damage|p1b: Pelipper|39/100
|-unboost|p1b: Pelipper|spe|1
|move|p1a: Archaludon|Electro Shot||[still]
|-prepare|p1a: Archaludon|Electro Shot
|-boost|p1a: Archaludon|spa|1
|-anim|p1a: Archaludon|Electro Shot|p2b: Primarina
|-damage|p2b: Primarina|29/100
|move|p2b: Primarina|Moonblast|p1b: Pelipper
|-damage|p1b: Pelipper|0 fnt
|faint|p1b: Pelipper
|
|-weather|RainDance|[upkeep]
|-heal|p2b: Primarina|35/100|[from] Grassy Terrain
|upkeep
|
|t:|1757779094
|switch|p1b: Basculegion|Basculegion, L50, M|100/100
|turn|3
|inactive|Eldrazii has 30 seconds left.
|inactive|Eldrazii has 20 seconds left.
|
|t:|1757779131
|move|p1b: Basculegion|Protect|p1b: Basculegion
|-singleturn|p1b: Basculegion|Protect
|move|p2a: Rillaboom|Grassy Glide|p1b: Basculegion
|-activate|p1b: Basculegion|move: Protect
|move|p1a: Archaludon|Draco Meteor|p2a: Rillaboom
|-damage|p2a: Rillaboom|0 fnt
|-unboost|p1a: Archaludon|spa|2
|faint|p2a: Rillaboom
|move|p2b: Primarina|Hyper Voice|p1a: Archaludon|[spread] p1a
|-activate|p1b: Basculegion|move: Protect
|-damage|p1a: Archaludon|59/100
|-ability|p1a: Archaludon|Stamina|boost
|-boost|p1a: Archaludon|def|1
|-enditem|p2b: Primarina|Throat Spray
|-boost|p2b: Primarina|spa|1|[from] item: Throat Spray
|
|-weather|RainDance|[upkeep]
|-heal|p1a: Archaludon|65/100|[from] Grassy Terrain
|-heal|p2b: Primarina|41/100|[from] Grassy Terrain
|upkeep
|
|t:|1757779150
|switch|p2a: Hydreigon|Hydreigon, L50, M|100/100
|turn|4
|inactive|PabloZH24 has 30 seconds left.
|inactive|PabloZH24 has 20 seconds left.
|inactive|PabloZH24 has 15 seconds left.
|
|t:|1757779194
|move|p1b: Basculegion|Protect|p1b: Basculegion
|-singleturn|p1b: Basculegion|Protect
|move|p2b: Primarina|Protect|p2b: Primarina
|-singleturn|p2b: Primarina|Protect
|move|p2a: Hydreigon|Dark Pulse|p1b: Basculegion
|-activate|p1b: Basculegion|move: Protect
|move|p1a: Archaludon|Body Press|p2b: Primarina
|-activate|p2b: Primarina|move: Protect
|
|-weather|RainDance|[upkeep]
|-heal|p1a: Archaludon|71/100|[from] Grassy Terrain
|-heal|p2b: Primarina|46/100|[from] Grassy Terrain
|upkeep
|turn|5
|inactive|PabloZH24 has 30 seconds left.
|
|t:|1757779226
|move|p1b: Basculegion|Last Respects|p2a: Hydreigon
|-resisted|p2a: Hydreigon
|-damage|p2a: Hydreigon|64/100
|-damage|p1b: Basculegion|91/100|[from] item: Life Orb
|move|p2a: Hydreigon|Tailwind|p2a: Hydreigon
|-sidestart|p2: Eldrazii|move: Tailwind
|move|p2b: Primarina|Moonblast|p1a: Archaludon
|-damage|p1a: Archaludon|12/100
|-unboost|p1a: Archaludon|spa|1
|-ability|p1a: Archaludon|Stamina|boost
|-boost|p1a: Archaludon|def|1
|move|p1a: Archaludon|Body Press|p2a: Hydreigon
|-supereffective|p2a: Hydreigon
|-damage|p2a: Hydreigon|0 fnt
|faint|p2a: Hydreigon
|
|-weather|none
|-heal|p1b: Basculegion|97/100|[from] Grassy Terrain
|-heal|p2b: Primarina|52/100|[from] Grassy Terrain
|-heal|p1a: Archaludon|18/100|[from] Grassy Terrain
|-fieldend|move: Grassy Terrain
|upkeep
|
|t:|1757779238
|switch|p2a: Sneasler|Sneasler, L50, F|100/100
|turn|6
|inactive|PabloZH24 has 30 seconds left.
|
|t:|1757779268
|move|p2a: Sneasler|Dire Claw|p1a: Archaludon
|-damage|p1a: Archaludon|2/100
|-ability|p1a: Archaludon|Stamina|boost
|-boost|p1a: Archaludon|def|1
|move|p2b: Primarina|Moonblast|p1b: Basculegion
|-damage|p1b: Basculegion|5/100
|move|p1b: Basculegion|Last Respects|p2a: Sneasler
|-enditem|p2a: Sneasler|Focus Sash
|-damage|p2a: Sneasler|1/100
|-damage|p1b: Basculegion|0 fnt|[from] item: Life Orb
|faint|p1b: Basculegion
|move|p1a: Archaludon|Body Press|p2b: Primarina
|-supereffective|p2b: Primarina
|-damage|p2b: Primarina|0 fnt
|faint|p2b: Primarina
|
|upkeep
|l|☆PabloZH24
|inactive|PabloZH24 disconnected and has 300 seconds to reconnect!
|player|p1|
|j|☆PabloZH24
|inactive|PabloZH24 reconnected and has 45 seconds left.
|player|p1|PabloZH24|pokemaniac|
|
|t:|1757779303
|switch|p1b: Sinistcha|Sinistcha, L50|100/100
|-heal|p1a: Archaludon|27/100|[from] ability: Hospitality|[of] p1b: Sinistcha
|turn|7
|inactive|PabloZH24 has 30 seconds left.
|
|t:|1757779336
|move|p1b: Sinistcha|Rage Powder|p1b: Sinistcha
|-singleturn|p1b: Sinistcha|move: Rage Powder
|move|p2a: Sneasler|Dire Claw|p1b: Sinistcha
|-damage|p1b: Sinistcha|69/100
|move|p1a: Archaludon|Body Press|p2a: Sneasler
|-resisted|p2a: Sneasler
|-damage|p2a: Sneasler|0 fnt
|faint|p2a: Sneasler
|
|win|PabloZH24
|inactive|PabloZH24 has 30 seconds to confirm battle start!
|inactive|Eldrazii has 30 seconds to confirm battle start!
||PabloZH24 is ready for game 2.
||Eldrazii is ready for game 2.
|uhtml|next|Next: Game 2 of 3
