|j|☆yonkou5
|j|☆teyvgc
|html|yonkou5teyvgc    
|uhtml|bestof|Game 1 of a best-of-3
|t:|1783197858
|gametype|doubles
|player|p1|yonkou5|102|1118
|player|p2|teyvgc|1|1215
|gen|9
|tier|[Gen 9 Champions] VGC 2026 Reg M-B (Bo3)
|rated|
|rule|Species Clause: Limit one of each Pokémon
|rule|Item Clause: Limit 1 of each item
|clearpoke
|poke|p1|Pelipper, L50, M|
|poke|p1|Raichu, L50, F|
|poke|p1|Heliolisk, L50, M|
|poke|p1|Rotom-Wash, L50|
|poke|p1|Venusaur, L50, F|
|poke|p1|Garchomp, L50, F|
|poke|p2|Excadrill, L50, F|
|poke|p2|Tyranitar, L50, F|
|poke|p2|Staraptor, L50, F|
|poke|p2|Sinistcha, L50|
|poke|p2|Milotic, L50, F|
|poke|p2|Gholdengo, L50|
|teampreview|4
|showteam|p1|Pelipper||DampRock|Drizzle|Tailwind,WideGuard,WeatherBall,Hurricane|Calm||M|||50|]Raichu||RaichuniteY|LightningRod|FakeOut,Substitute,ZapCannon,FocusBlast|Timid||F|||50|]Heliolisk||FocusSash|DrySkin|Discharge,HyperVoice,WeatherBall,Protect|Timid||M|||50|]Rotom-Wash||ChoiceScarf|Levitate|WillOWisp,VoltSwitch,Trick,Hex|Timid|||||50|]Venusaur||ExpertBelt|Chlorophyll|WeatherBall,SleepPowder,EarthPower,SludgeBomb|Timid||F|||50|]Garchomp||MentalHerb|RoughSkin|RockSlide,Protect,SwordsDance,Earthquake|Jolly||F|||50|
|showteam|p2|Excadrill||FocusSash|SandRush|Earthquake,IronHead,RockSlide,Protect|Adamant||F|||50|]Tyranitar||Tyranitarite|SandStream|RockSlide,KnockOff,DragonDance,Protect|Adamant||F|||50|]Staraptor||Staraptite|Intimidate|BraveBird,CloseCombat,Tailwind,Protect|Jolly||F|||50|]Sinistcha||SitrusBerry|Hospitality|MatchaGotcha,RagePowder,LifeDew,TrickRoom|Calm|||||50|]Milotic||Leftovers|Competitive|Scald,IceBeam,Recover,Protect|Modest||F|||50|]Gholdengo||LifeOrb|GoodasGold|MakeItRain,ShadowBall,NastyPlot,Protect|Modest|||||50|
|inactive|Battle timer is ON: inactive players will automatically lose when time's up. (requested by yonkou5)
|
|t:|1783197893
|teamsize|p1|4
|teamsize|p2|4
|start
|switch|p1a: Rotom|Rotom-Wash, L50|100/100
|switch|p1b: Venusaur|Venusaur, L50, F|100/100
|switch|p2a: Excadrill|Excadrill, L50, F|100/100
|switch|p2b: Tyranitar|Tyranitar, L50, F|100/100
|-weather|Sandstorm|[from] ability: Sand Stream|[of] p2b: Tyranitar
|turn|1
|
|t:|1783197915
|move|p2b: Tyranitar|Protect|p2b: Tyranitar
|-singleturn|p2b: Tyranitar|Protect
|move|p2a: Excadrill|Earthquake|p1b: Venusaur|[spread] p1b
|-activate|p2b: Tyranitar|move: Protect
|-immune|p1a: Rotom|[from] ability: Levitate
|-damage|p1b: Venusaur|45/100
|move|p1a: Rotom|Will-O-Wisp|p2a: Excadrill
|-status|p2a: Excadrill|brn
|move|p1b: Venusaur|Sleep Powder|p2b: Tyranitar
|-activate|p2b: Tyranitar|move: Protect
|
|-weather|Sandstorm|[upkeep]
|-damage|p1a: Rotom|94/100|[from] Sandstorm
|-damage|p1b: Venusaur|39/100|[from] Sandstorm
|-damage|p2a: Excadrill|94/100 brn|[from] brn
|upkeep
|turn|2
|inactive|teyvgc has 30 seconds left.
|
|t:|1783197950
|switch|p1a: Pelipper|Pelipper, L50, M|100/100
|-weather|RainDance|[from] ability: Drizzle|[of] p1a: Pelipper
|detailschange|p2b: Tyranitar|Tyranitar-Mega, L50, F
|-mega|p2b: Tyranitar|Tyranitar|Tyranitarite
|-weather|Sandstorm|[from] ability: Sand Stream|[of] p2b: Tyranitar
|move|p2a: Excadrill|Rock Slide|p1a: Pelipper|[spread] p1a,p1b
|-supereffective|p1a: Pelipper|1
|-damage|p1a: Pelipper|74/100
|-damage|p1b: Venusaur|27/100
|move|p1b: Venusaur|Weather Ball|p2b: Tyranitar
|-damage|p2b: Tyranitar|87/100
|move|p2b: Tyranitar|Dragon Dance|p2b: Tyranitar
|-boost|p2b: Tyranitar|atk|1
|-boost|p2b: Tyranitar|spe|1
|
|-weather|Sandstorm|[upkeep]
|-damage|p1b: Venusaur|21/100|[from] Sandstorm
|-damage|p1a: Pelipper|68/100|[from] Sandstorm
|-damage|p2a: Excadrill|88/100 brn|[from] brn
|upkeep
|turn|3
|inactive|yonkou5 has 30 seconds left.
|
|t:|1783197976
|move|p1a: Pelipper|Wide Guard|p1a: Pelipper
|-singleturn|p1a: Pelipper|Wide Guard
|move|p2a: Excadrill|Rock Slide|p1b: Venusaur|[spread] 
|-activate|p1a: Pelipper|move: Wide Guard
|-activate|p1b: Venusaur|move: Wide Guard
|move|p2b: Tyranitar|Rock Slide|p1a: Pelipper|[spread] 
|-activate|p1a: Pelipper|move: Wide Guard
|-activate|p1b: Venusaur|move: Wide Guard
|move|p1b: Venusaur|Earth Power|p2b: Tyranitar
|-supereffective|p2b: Tyranitar|1
|-damage|p2b: Tyranitar|57/100
|
|-weather|Sandstorm|[upkeep]
|-damage|p1b: Venusaur|15/100|[from] Sandstorm
|-damage|p1a: Pelipper|62/100|[from] Sandstorm
|-damage|p2a: Excadrill|82/100 brn|[from] brn
|upkeep
|turn|4
|inactive|yonkou5 has 30 seconds left.
|
|t:|1783198002
|switch|p1a: Rotom|Rotom-Wash, L50|94/100
|move|p2a: Excadrill|Iron Head|p1b: Venusaur
|-damage|p1b: Venusaur|0 fnt
|faint|p1b: Venusaur
|move|p2b: Tyranitar|Knock Off|p1a: Rotom
|-damage|p1a: Rotom|0 fnt
|-enditem|p1a: Rotom|Choice Scarf|[from] move: Knock Off|[of] p2b: Tyranitar
|faint|p1a: Rotom
|
|-weather|Sandstorm|[upkeep]
|-damage|p2a: Excadrill|76/100 brn|[from] brn
|upkeep
|
|t:|1783198016
|switch|p1b: Garchomp|Garchomp, L50, F|100/100
|switch|p1a: Pelipper|Pelipper, L50, M|62/100
|-weather|RainDance|[from] ability: Drizzle|[of] p1a: Pelipper
|turn|5
|
|t:|1783198038
|switch|p2a: Sinistcha|Sinistcha, L50|100/100
|-heal|p2b: Tyranitar|82/100|[from] ability: Hospitality|[of] p2a: Sinistcha
|move|p1b: Garchomp|Swords Dance|p1b: Garchomp
|-boost|p1b: Garchomp|atk|2
|move|p2b: Tyranitar|Knock Off|p1a: Pelipper
|-damage|p1a: Pelipper|0 fnt
|-enditem|p1a: Pelipper|Damp Rock|[from] move: Knock Off|[of] p2b: Tyranitar
|faint|p1a: Pelipper
|
|-weather|RainDance|[upkeep]
|upkeep
|turn|6
|
|t:|1783198053
|move|p2b: Tyranitar|Protect|p2b: Tyranitar
|-singleturn|p2b: Tyranitar|Protect
|move|p1b: Garchomp|Earthquake|p2b: Tyranitar|[spread] p2a
|-activate|p2b: Tyranitar|move: Protect
|-resisted|p2a: Sinistcha|1
|-damage|p2a: Sinistcha|69/100
|move|p2a: Sinistcha|Trick Room|p2a: Sinistcha
|-fieldstart|move: Trick Room|[of] p2a: Sinistcha
|
|-weather|RainDance|[upkeep]
|upkeep
|turn|7
|-message|yonkou5 forfeited.
|raw|yonkou5's rating: 1118 → 1100(-18 for losing)
|raw|teyvgc's rating: 1215 → 1233(+18 for winning)
|
|win|teyvgc
