|j|☆zweeta
|j|☆r4ka
|html|zweetar4ka    
|uhtml|bestof|Game 2 of a best-of-3
|t:|1756660996
|gametype|doubles
|player|p1|zweeta|pokekid|1192
|player|p2|r4ka|1|1136
|gen|9
|tier|[Gen 9] VGC 2025 Reg H (Bo3)
|rated|
|rule|Species Clause: Limit one of each Pokémon
|rule|Item Clause: Limit 1 of each item
|clearpoke
|poke|p1|Gholdengo, L50|
|poke|p1|Ursaluna, L50, F|
|poke|p1|Sinistcha, L50|
|poke|p1|Sneasler, L50, M|
|poke|p1|Dragonite, L50, M|
|poke|p1|Incineroar, L50, M|
|poke|p2|Rillaboom, L50, F|
|poke|p2|Dragonite, L50, M|
|poke|p2|Sneasler, L50, F|
|poke|p2|Kingambit, L50, F|
|poke|p2|Electabuzz, L50, M|
|poke|p2|Volcarona, L50, M|
|teampreview|4
|showteam|p1|Gholdengo||LifeOrb|GoodasGold|MakeItRain,ShadowBall,NastyPlot,Protect||||||50|,,,,,Water]Ursaluna||FlameOrb|Guts|Facade,HeadlongRush,Earthquake,Protect|||F|||50|,,,,,Ghost]Sinistcha||SitrusBerry|Hospitality|MatchaGotcha,LifeDew,RagePowder,TrickRoom||||||50|,,,,,Dark]Sneasler||FocusSash|PoisonTouch|DireClaw,CloseCombat,Coaching,Protect|||M|||50|,,,,,Flying]Dragonite||LoadedDice|Multiscale|ScaleShot,Haze,Tailwind,Protect|||M|||50|,,,,,Fairy]Incineroar||SafetyGoggles|Intimidate|FakeOut,FlareBlitz,KnockOff,PartingShot|||M|||50|,,,,,Ghost
|showteam|p2|Rillaboom||AssaultVest|GrassySurge|FakeOut,HighHorsepower,WoodHammer,GrassyGlide|||F|||50|,,,,,Fire]Dragonite||LoadedDice|Multiscale|ExtremeSpeed,ScaleShot,Protect,Haze|||M|||50|,,,,,Steel]Sneasler||FocusSash|PoisonTouch|DireClaw,CloseCombat,FakeOut,Coaching|||F|||50|,,,,,Stellar]Kingambit||BlackGlasses|Defiant|KowtowCleave,SuckerPunch,SwordsDance,Protect|||F|||50|,,,,,Dark]Electabuzz||Eviolite|VitalSpirit|Thunderbolt,Taunt,Protect,FollowMe|||M|||50|,,,,,Ghost]Volcarona||Leftovers|FlameBody|HeatWave,TeraBlast,QuiverDance,Protect|||M|||50|,,,,,Fairy
|inactive|Battle timer is ON: inactive players will automatically lose when time's up. (requested by zweeta)
|
|t:|1756661014
|teamsize|p1|4
|teamsize|p2|4
|start
|switch|p1a: Sneasler|Sneasler, L50, M, shiny|100/100
|switch|p1b: Ursaluna|Ursaluna, L50, F, shiny|100/100
|switch|p2a: Kingambit|Kingambit, L50, F, shiny|100/100
|switch|p2b: Electabuzz|Electabuzz, L50, M|100/100
|turn|1
|inactive|zweeta has 30 seconds left.
|
|t:|1756661040
|-terastallize|p2a: Kingambit|Dark
|move|p1a: Sneasler|Coaching|p1b: Ursaluna
|-boost|p1b: Ursaluna|atk|1
|-boost|p1b: Ursaluna|def|1
|move|p2b: Electabuzz|Thunderbolt|p1a: Sneasler
|-damage|p1a: Sneasler|58/100
|move|p1b: Ursaluna|Earthquake|p2a: Kingambit|[spread] p1a,p2a,p2b
|-supereffective|p1a: Sneasler
|-supereffective|p2b: Electabuzz
|-damage|p1a: Sneasler|0 fnt
|-damage|p2a: Kingambit|51/100
|-damage|p2b: Electabuzz|0 fnt
|faint|p1a: Sneasler
|faint|p2b: Electabuzz
|move|p2a: Kingambit|Swords Dance|p2a: Kingambit
|-boost|p2a: Kingambit|atk|2
|
|-status|p1b: Ursaluna|brn|[from] item: Flame Orb
|upkeep
|
|t:|1756661055
|switch|p1a: Dragonite|Dragonite, L50, M, shiny|100/100
|switch|p2b: Rillaboom|Rillaboom, L50, F|100/100
|-fieldstart|move: Grassy Terrain|[from] ability: Grassy Surge|[of] p2b: Rillaboom
|turn|2
|
|t:|1756661069
|move|p1b: Ursaluna|Protect|p1b: Ursaluna
|-singleturn|p1b: Ursaluna|Protect
|move|p2b: Rillaboom|Fake Out|p1a: Dragonite
|-damage|p1a: Dragonite|94/100
|move|p2a: Kingambit|Sucker Punch||[still]
|-fail|p2a: Kingambit
|cant|p1a: Dragonite|flinch
|
|-heal|p2a: Kingambit|57/100|[from] Grassy Terrain
|-damage|p1b: Ursaluna|94/100 brn|[from] brn
|upkeep
|turn|3
|
|t:|1756661084
|move|p2a: Kingambit|Sucker Punch||[still]
|-fail|p2a: Kingambit
|move|p1a: Dragonite|Haze|p1a: Dragonite
|-clearallboost
|move|p2b: Rillaboom|Wood Hammer|p1b: Ursaluna
|-supereffective|p1b: Ursaluna
|-damage|p1b: Ursaluna|0 fnt
|faint|p1b: Ursaluna
|-damage|p2b: Rillaboom|69/100|[from] Recoil
|
|-heal|p2b: Rillaboom|75/100|[from] Grassy Terrain
|-heal|p2a: Kingambit|63/100|[from] Grassy Terrain
|upkeep
|
|t:|1756661088
|switch|p1b: Incineroar|Incineroar, L50, M|100/100
|-ability|p1b: Incineroar|Intimidate|boost
|-unboost|p2a: Kingambit|atk|1
|-ability|p2a: Kingambit|Defiant|boost
|-boost|p2a: Kingambit|atk|2
|-unboost|p2b: Rillaboom|atk|1
|turn|4
|
|t:|1756661113
|move|p1b: Incineroar|Fake Out|p2a: Kingambit
|-damage|p2a: Kingambit|54/100
|cant|p2a: Kingambit|flinch
|move|p1a: Dragonite|Scale Shot|p2b: Rillaboom
|-damage|p2b: Rillaboom|61/100
|-damage|p2b: Rillaboom|46/100
|-damage|p2b: Rillaboom|32/100
|-damage|p2b: Rillaboom|17/100
|-damage|p2b: Rillaboom|2/100
|-hitcount|p2b: Rillaboom|5
|-unboost|p1a: Dragonite|def|1
|-boost|p1a: Dragonite|spe|1
|move|p2b: Rillaboom|Wood Hammer|p1a: Dragonite
|-resisted|p1a: Dragonite
|-damage|p1a: Dragonite|74/100
|-damage|p2b: Rillaboom|0 fnt|[from] Recoil
|faint|p2b: Rillaboom
|
|-heal|p2a: Kingambit|60/100|[from] Grassy Terrain
|upkeep
|
|t:|1756661131
|switch|p2b: Sneasler|Sneasler, L50, F|100/100
|turn|5
|inactive|r4ka has 30 seconds left.
|
|t:|1756661163
|move|p2a: Kingambit|Sucker Punch|p1b: Incineroar
|-resisted|p1b: Incineroar
|-damage|p1b: Incineroar|50/100
|move|p1a: Dragonite|Tailwind|p1a: Dragonite
|-sidestart|p1: zweeta|move: Tailwind
|move|p1b: Incineroar|Flare Blitz|p2b: Sneasler
|-damage|p2b: Sneasler|20/100
|-damage|p1b: Incineroar|29/100|[from] Recoil
|move|p2b: Sneasler|Close Combat|p1b: Incineroar
|-supereffective|p1b: Incineroar
|-damage|p1b: Incineroar|0 fnt
|-unboost|p2b: Sneasler|def|1
|-unboost|p2b: Sneasler|spd|1
|faint|p1b: Incineroar
|
|-heal|p2b: Sneasler|26/100|[from] Grassy Terrain
|-heal|p2a: Kingambit|66/100|[from] Grassy Terrain
|upkeep
|turn|6
|
|t:|1756661181
|-terastallize|p1a: Dragonite|Fairy
|move|p2a: Kingambit|Sucker Punch|p1a: Dragonite
|-resisted|p1a: Dragonite
|-damage|p1a: Dragonite|0 fnt
|faint|p1a: Dragonite
|
|win|r4ka
||zweeta is ready for game 3.
||r4ka is ready for game 3.
|uhtml|next|Next: Game 3 of 3
