|j|☆IscoDIMES
|j|☆seattlebandit
|html|IscoDIMESseattlebandit    
|uhtml|bestof|Game 1 of a best-of-3
|t:|1782497233
|gametype|doubles
|player|p1|IscoDIMES|169|1148
|player|p2|seattlebandit|roughneck-gen4|1136
|gen|9
|tier|[Gen 9 Champions] VGC 2026 Reg M-B (Bo3)
|rated|
|rule|Species Clause: Limit one of each Pokémon
|rule|Item Clause: Limit 1 of each item
|clearpoke
|poke|p1|Ceruledge, L50, M|
|poke|p1|Kleavor, L50, F|
|poke|p1|Palafin, L50, F|
|poke|p1|Abomasnow, L50, M|
|poke|p1|Farigiraf, L50, M|
|poke|p1|Aggron, L50, F|
|poke|p2|Basculegion, L50, M|
|poke|p2|Charizard, L50, F|
|poke|p2|Garchomp, L50, F|
|poke|p2|Kingambit, L50, F|
|poke|p2|Sylveon, L50, F|
|poke|p2|Aerodactyl, L50, M|
|teampreview|4
|showteam|p1|Ceruledge||ColburBerry|FlashFire|Curse,BitterBlade,Protect,WillOWisp|Brave||M|||50|]Kleavor||FocusSash|Sharpness|Protect,StoneAxe,NightSlash,XScissor|Jolly||F|||50|]Palafin||LifeOrb|ZerotoHero|Protect,JetPunch,WaveCrash,CloseCombat|Jolly||F|||50|]Abomasnow||Abomasite|SnowWarning|Protect,Blizzard,LeechSeed,EarthPower|Quiet||M|||50|]Farigiraf||SitrusBerry|ArmorTail|Protect,TrickRoom,HelpingHand,DazzlingGleam|Bold||M|||50|]Aggron||Aggronite|Sturdy|Protect,HeavySlam,IcePunch,Earthquake|Brave||F|||50|
|showteam|p2|Basculegion||FocusSash|Adaptability|Protect,LastRespects,AquaJet,Liquidation|Adamant||M|||50|]Charizard||CharizarditeY|Blaze|HeatWave,SolarBeam,WeatherBall,Protect|Modest||F|||50|]Garchomp||SitrusBerry|RoughSkin|RockTomb,Earthquake,DragonClaw,Protect|Jolly||F|||50|]Kingambit||ChopleBerry|Defiant|SuckerPunch,KowtowCleave,LowKick,IronHead|Adamant||F|||50|]Sylveon||FairyFeather|Pixilate|Detect,HyperVoice,Yawn,QuickAttack|Modest||F|||50|]Aerodactyl||Aerodactylite|Unnerve|Tailwind,DualWingbeat,RockSlide,WideGuard|Jolly||M|||50|
|inactive|Battle timer is ON: inactive players will automatically lose when time's up. (requested by seattlebandit)
|
|t:|1782497278
|teamsize|p1|4
|teamsize|p2|4
|start
|switch|p1a: Grower|Palafin, L50, F|100/100
|switch|p1b: Lizzo|Aggron, L50, F|100/100
|switch|p2a: Kingambit|Kingambit, L50, F|100/100
|switch|p2b: Garchomp|Garchomp, L50, F|100/100
|turn|1
|inactive|IscoDIMES has 30 seconds left.
|
|t:|1782497310
|detailschange|p1b: Lizzo|Aggron-Mega, L50, F
|-mega|p1b: Lizzo|Aggron|Aggronite
|move|p2b: Garchomp|Protect|p2b: Garchomp
|-singleturn|p2b: Garchomp|Protect
|move|p1a: Grower|Close Combat|p2a: Kingambit
|-supereffective|p2a: Kingambit|2
|-enditem|p2a: Kingambit|Chople Berry|[eat]
|-enditem|p2a: Kingambit|Chople Berry|[weaken]
|-damage|p2a: Kingambit|41/100
|-unboost|p1a: Grower|def|1
|-unboost|p1a: Grower|spd|1
|-damage|p1a: Grower|90/100|[from] item: Life Orb
|move|p2a: Kingambit|Low Kick|p1b: Lizzo
|-supereffective|p1b: Lizzo|1
|-damage|p1b: Lizzo|67/100
|move|p1b: Lizzo|Ice Punch|p2b: Garchomp
|-activate|p2b: Garchomp|move: Protect
|
|upkeep
|turn|2
|
|t:|1782497332
|switch|p2b: Charizard|Charizard, L50, F|100/100
|detailschange|p1a: Grower|Palafin-Hero, L50, F
|switch|p1a: The Diddler|Ceruledge, L50, M|100/100
|move|p1b: Lizzo|Protect|p1b: Lizzo
|-singleturn|p1b: Lizzo|Protect
|move|p2a: Kingambit|Low Kick|p1b: Lizzo
|-activate|p1b: Lizzo|move: Protect
|
|upkeep
|turn|3
|
|t:|1782497353
|switch|p2b: Garchomp|Garchomp, L50, F|100/100
|switch|p1b: Show-er|Farigiraf, L50, M|100/100
|move|p2a: Kingambit|Sucker Punch||[still]
|cant|p1b: Show-er|ability: Armor Tail|Sucker Punch|[of] p2a: Kingambit
|move|p1a: The Diddler|Will-O-Wisp|p2a: Kingambit
|-status|p2a: Kingambit|brn
|
|-damage|p2a: Kingambit|35/100 brn|[from] brn
|upkeep
|turn|4
|inactive|IscoDIMES has 30 seconds left.
|
|t:|1782497388
|switch|p2a: Charizard|Charizard, L50, F|100/100
|move|p1a: The Diddler|Protect|p1a: The Diddler
|-singleturn|p1a: The Diddler|Protect
|move|p2b: Garchomp|Earthquake|p1a: The Diddler|[spread] p1b
|-activate|p1a: The Diddler|move: Protect
|-immune|p2a: Charizard
|-damage|p1b: Show-er|74/100
|move|p1b: Show-er|Trick Room|p1b: Show-er
|-fieldstart|move: Trick Room|[of] p1b: Show-er
|
|upkeep
|turn|5
|
|t:|1782497407
|detailschange|p2a: Charizard|Charizard-Mega-Y, L50, F
|-mega|p2a: Charizard|Charizard|Charizardite Y
|-weather|SunnyDay|[from] ability: Drought|[of] p2a: Charizard
|move|p1b: Show-er|Dazzling Gleam|p2b: Garchomp|[spread] p2a,p2b
|-resisted|p2a: Charizard|1
|-supereffective|p2b: Garchomp|1
|-damage|p2a: Charizard|92/100
|-damage|p2b: Garchomp|65/100
|move|p1a: The Diddler|Will-O-Wisp|p2b: Garchomp
|-status|p2b: Garchomp|brn
|move|p2a: Charizard|Weather Ball|p1b: Show-er
|-damage|p1b: Show-er|0 fnt
|faint|p1b: Show-er
|move|p2b: Garchomp|Earthquake|p1a: The Diddler|[spread] p1a
|-immune|p2a: Charizard
|-supereffective|p1a: The Diddler|1
|-damage|p1a: The Diddler|68/100
|
|-weather|SunnyDay|[upkeep]
|-damage|p2b: Garchomp|59/100 brn|[from] brn
|upkeep
|
|t:|1782497431
|switch|p1b: Lizzo|Aggron-Mega, L50, F|67/100
|turn|6
|
|t:|1782497448
|switch|p2a: Kingambit|Kingambit, L50, F|35/100 brn
|move|p1b: Lizzo|Protect|p1b: Lizzo
|-singleturn|p1b: Lizzo|Protect
|move|p2b: Garchomp|Protect|p2b: Garchomp
|-singleturn|p2b: Garchomp|Protect
|move|p1a: The Diddler|Bitter Blade|p2a: Kingambit
|-supereffective|p2a: Kingambit|1
|-damage|p2a: Kingambit|0 fnt
|-heal|p1a: The Diddler|88/100|[from] drain|[of] p2a: Kingambit
|faint|p2a: Kingambit
|
|-weather|SunnyDay|[upkeep]
|-damage|p2b: Garchomp|53/100 brn|[from] brn
|upkeep
|
|t:|1782497464
|switch|p2a: Sylveon|Sylveon, L50, F|100/100
|turn|7
|
|t:|1782497472
|move|p2a: Sylveon|Detect|p2a: Sylveon
|-singleturn|p2a: Sylveon|Protect
|move|p1b: Lizzo|Heavy Slam|p2a: Sylveon
|-activate|p2a: Sylveon|move: Protect
|move|p1a: The Diddler|Bitter Blade|p2a: Sylveon
|-activate|p2a: Sylveon|move: Protect
|move|p2b: Garchomp|Earthquake|p1a: The Diddler|[spread] p1a,p1b
|-activate|p2a: Sylveon|move: Protect
|-supereffective|p1a: The Diddler|1
|-supereffective|p1b: Lizzo|1
|-damage|p1a: The Diddler|58/100
|-damage|p1b: Lizzo|54/100
|
|-weather|SunnyDay|[upkeep]
|-damage|p2b: Garchomp|46/100 brn|[from] brn
|upkeep
|-enditem|p2b: Garchomp|Sitrus Berry|[eat]
|-heal|p2b: Garchomp|71/100 brn|[from] item: Sitrus Berry
|turn|8
|inactive|seattlebandit has 30 seconds left.
|
|t:|1782497502
|move|p2a: Sylveon|Detect|p2a: Sylveon
|-singleturn|p2a: Sylveon|Protect
|move|p1b: Lizzo|Ice Punch|p2b: Garchomp
|-supereffective|p2b: Garchomp|2
|-damage|p2b: Garchomp|0 fnt
|-damage|p1b: Lizzo|42/100|[from] ability: Rough Skin|[of] p2b: Garchomp
|faint|p2b: Garchomp
|move|p1a: The Diddler|Bitter Blade|p2a: Sylveon
|-activate|p2a: Sylveon|move: Protect
|
|-weather|SunnyDay|[upkeep]
|-fieldend|move: Trick Room
|upkeep
|
|t:|1782497512
|switch|p2b: Charizard|Charizard-Mega-Y, L50, F|92/100
|turn|9
|
|t:|1782497528
|move|p1b: Lizzo|Protect|p1b: Lizzo
|-singleturn|p1b: Lizzo|Protect
|move|p2b: Charizard|Solar Beam||[still]
|-prepare|p2b: Charizard|Solar Beam
|-anim|p2b: Charizard|Solar Beam|p1b: Lizzo
|-activate|p1b: Lizzo|move: Protect
|move|p1a: The Diddler|Bitter Blade|p2a: Sylveon
|-damage|p2a: Sylveon|36/100
|-heal|p1a: The Diddler|92/100|[from] drain|[of] p2a: Sylveon
|move|p2a: Sylveon|Hyper Voice|p1a: The Diddler|[spread] p1a
|-activate|p1b: Lizzo|move: Protect
|-resisted|p1a: The Diddler|1
|-damage|p1a: The Diddler|73/100
|
|-weather|none
|upkeep
|turn|10
|
|t:|1782497547
|switch|p1b: Grower|Palafin-Hero, L50, F|90/100
|-activate|p1b: Grower|ability: Zero to Hero
|move|p2b: Charizard|Heat Wave|p1a: The Diddler|[spread] p1b
|-start|p1a: The Diddler|ability: Flash Fire
|-resisted|p1b: Grower|1
|-damage|p1b: Grower|67/100
|-status|p1b: Grower|brn
|move|p1a: The Diddler|Bitter Blade|p2a: Sylveon
|-damage|p2a: Sylveon|0 fnt
|-heal|p1a: The Diddler|92/100|[from] drain|[of] p2a: Sylveon
|faint|p2a: Sylveon
|
|-damage|p1b: Grower|61/100 brn|[from] brn
|upkeep
|turn|11
|
|t:|1782497567
|move|p1b: Grower|Wave Crash|p2b: Charizard
|-supereffective|p2b: Charizard|1
|-damage|p2b: Charizard|0 fnt
|faint|p2b: Charizard
|-damage|p1b: Grower|31/100 brn|[from] Recoil
|-damage|p1b: Grower|21/100 brn|[from] item: Life Orb
|
|win|IscoDIMES
||IscoDIMES is ready for game 2.
|inactive|seattlebandit has 30 seconds to confirm battle start!
||seattlebandit is ready for game 2.
|uhtml|next|Next: Game 2 of 3
|l|☆IscoDIMES
|player|p1|
