|j|☆jeanryupr
|j|☆slicksunnyd
|html|jeanryuprslicksunnyd    
|uhtml|bestof|Game 1 of a best-of-3
|t:|1785789327
|gametype|doubles
|player|p1|jeanryupr|169|1188
|player|p2|slicksunnyd|2|1096
|gen|9
|tier|[Gen 9 Champions] VGC 2026 Reg M-B (Bo3)
|rated|
|rule|Species Clause: Limit one of each Pokémon
|rule|Item Clause: Limit 1 of each item
|clearpoke
|poke|p1|Raichu, L50, M|
|poke|p1|Aerodactyl, L50, M|
|poke|p1|Floette-Eternal, L50, F|
|poke|p1|Kingambit, L50, M|
|poke|p1|Farigiraf, L50, M|
|poke|p1|Kommo-o, L50, F|
|poke|p2|Ninetales-Alola, L50, F|
|poke|p2|Charizard, L50, M|
|poke|p2|Sinistcha, L50|
|poke|p2|Incineroar, L50, F|
|poke|p2|Milotic, L50, M|
|poke|p2|Scizor, L50, F, shiny|
|teampreview|4
|showteam|p1|Raichu||RaichuniteY|LightningRod|ZapCannon,FocusBlast,FakeOut,Protect|Timid||M|||50|]Aerodactyl||FocusSash|Unnerve|WideGuard,DualWingbeat,RockSlide,Tailwind|Jolly||M|||50|]Floette-Eternal||Floettite|FlowerVeil|CalmMind,DazzlingGleam,DrainingKiss,Protect|Timid||F|||50|]Kingambit||LifeOrb|Defiant|KowtowCleave,Protect,SuckerPunch,SwordsDance|Adamant||M|||50|]Farigiraf||SitrusBerry|ArmorTail|TrickRoom,HelpingHand,Thunderbolt,Psychic|Bold||M|||50|]Kommo-o||Leftovers|Soundproof|ClangingScales,AuraSphere,ClangorousSoul,Protect|Modest||F|||50|
|showteam|p2|Ninetales-Alola||FocusSash|SnowWarning|FreezeDry,Blizzard,AuroraVeil,Protect|Timid||F|||50|]Charizard||CharizarditeX|Blaze|DragonDance,FlareBlitz,DragonClaw,Protect|Adamant||M|||50|]Sinistcha||KasibBerry|Hospitality|Protect,MatchaGotcha,RagePowder,LifeDew|Bold|||||50|]Incineroar||SitrusBerry|Intimidate|FakeOut,PartingShot,FlareBlitz,ThroatChop|Adamant||F|||50|]Milotic||Leftovers|Competitive|Protect,Scald,IcyWind,LifeDew|Bold||M|||50|]Scizor||Scizorite|Technician|Protect,BulletPunch,CloseCombat,DualWingbeat|Adamant||F|||50|
|
|t:|1785789418
|teamsize|p1|4
|teamsize|p2|4
|start
|switch|p1a: Raichu|Raichu, L50, M|100/100
|switch|p1b: Kommo-o|Kommo-o, L50, F|100/100
|switch|p2a: Incineroar|Incineroar, L50, F|100/100
|switch|p2b: Charizard|Charizard, L50, M|100/100
|-ability|p2a: Incineroar|Intimidate|boost
|-unboost|p1a: Raichu|atk|1
|-unboost|p1b: Kommo-o|atk|1
|turn|1
|
|t:|1785789443
|switch|p1b: Farigiraf|Farigiraf, L50, M|100/100
|detailschange|p1a: Raichu|Raichu-Mega-Y, L50, M
|-mega|p1a: Raichu|Raichu|Raichunite Y
|detailschange|p2b: Charizard|Charizard-Mega-X, L50, M
|-mega|p2b: Charizard|Charizard|Charizardite X
|move|p2a: Incineroar|Fake Out||[still]
|cant|p1b: Farigiraf|ability: Armor Tail|Fake Out|[of] p2a: Incineroar
|move|p1a: Raichu|Zap Cannon|p2b: Charizard
|-resisted|p2b: Charizard|1
|-damage|p2b: Charizard|67/100
|-status|p2b: Charizard|par
|move|p2b: Charizard|Dragon Dance|p2b: Charizard
|-boost|p2b: Charizard|atk|1
|-boost|p2b: Charizard|spe|1
|
|upkeep
|turn|2
|
|t:|1785789479
|move|p1b: Farigiraf|Helping Hand|p1a: Raichu
|-singleturn|p1a: Raichu|Helping Hand|[of] p1b: Farigiraf
|move|p1a: Raichu|Focus Blast|p2a: Incineroar
|-supereffective|p2a: Incineroar|1
|-damage|p2a: Incineroar|0 fnt
|faint|p2a: Incineroar
|move|p2b: Charizard|Dragon Claw|p1a: Raichu
|-damage|p1a: Raichu|0 fnt
|faint|p1a: Raichu
|
|upkeep
|
|t:|1785789492
|switch|p1a: Kommo-o|Kommo-o, L50, F|100/100
|switch|p2a: Sinistcha|Sinistcha, L50|100/100
|-heal|p2b: Charizard|92/100 par|[from] ability: Hospitality|[of] p2a: Sinistcha
|turn|3
|
|t:|1785789530
|move|p2a: Sinistcha|Rage Powder|p2a: Sinistcha
|-singleturn|p2a: Sinistcha|move: Rage Powder
|move|p2b: Charizard|Dragon Claw|p1a: Kommo-o
|-supereffective|p1a: Kommo-o|1
|-damage|p1a: Kommo-o|0 fnt
|faint|p1a: Kommo-o
|move|p1b: Farigiraf|Psychic|p2a: Sinistcha
|-damage|p2a: Sinistcha|62/100
|
|upkeep
|
|t:|1785789538
|switch|p1a: Kingambit|Kingambit, L50, M|100/100
|turn|4
|
|t:|1785789552
|move|p1a: Kingambit|Protect|p1a: Kingambit
|-singleturn|p1a: Kingambit|Protect
|move|p2a: Sinistcha|Rage Powder|p2a: Sinistcha
|-singleturn|p2a: Sinistcha|move: Rage Powder
|move|p2b: Charizard|Flare Blitz|p1a: Kingambit
|-activate|p1a: Kingambit|move: Protect
|move|p1b: Farigiraf|Trick Room|p1b: Farigiraf
|-fieldstart|move: Trick Room|[of] p1b: Farigiraf
|
|upkeep
|turn|5
|
|t:|1785789578
|move|p1a: Kingambit|Kowtow Cleave|p2b: Charizard
|-damage|p2b: Charizard|41/100 par
|-damage|p1a: Kingambit|90/100|[from] item: Life Orb
|move|p1b: Farigiraf|Psychic|p2b: Charizard
|-damage|p2b: Charizard|5/100 par
|-unboost|p2b: Charizard|spd|1
|move|p2a: Sinistcha|Life Dew|p2a: Sinistcha|[spread] p2a,p2b
|-heal|p2a: Sinistcha|87/100
|-heal|p2b: Charizard|30/100 par
|move|p2b: Charizard|Flare Blitz|p1a: Kingambit
|-supereffective|p1a: Kingambit|1
|-damage|p1a: Kingambit|0 fnt
|faint|p1a: Kingambit
|-damage|p2b: Charizard|0 fnt|[from] Recoil
|faint|p2b: Charizard
|
|upkeep
|
|t:|1785789594
|switch|p2b: Scizor|Scizor, L50, F, shiny|100/100
|turn|6
|-message|jeanryupr forfeited.
|
|win|slicksunnyd
|l|☆jeanryupr
|player|p1|
||jeanryupr is ready for game 2.
|l|☆slicksunnyd
|player|p2|
|raw|jeanryupr's rating: 1188 → 1207(+19 for winning)
|raw|slicksunnyd's rating: 1096 → 1078(-18 for losing)
|j|☆jeanryupr
|player|p1|jeanryupr|169|
|n|☆jeanryupr|jeanryupr
