|j|☆Jadedragon61
|j|☆T24Dubb
|html|Jadedragon61T24Dubb    
|uhtml|bestof|Game 2 of a best-of-3
|t:|1756672427
|gametype|doubles
|player|p1|Jadedragon61|beni-ninja|1101
|player|p2|T24Dubb|striker|1000
|gen|9
|tier|[Gen 9] VGC 2025 Reg H (Bo3)
|rated|
|rule|Species Clause: Limit one of each Pokémon
|rule|Item Clause: Limit 1 of each item
|clearpoke
|poke|p1|Basculegion, L50, M|
|poke|p1|Garchomp, L50, M|
|poke|p1|Archaludon, L50, F|
|poke|p1|Pelipper, L50, M|
|poke|p1|Amoonguss, L50, M|
|poke|p1|Incineroar, L50, F|
|poke|p2|Cinderace, L50, F|
|poke|p2|Rillaboom, L50, F|
|poke|p2|Incineroar, L50, F|
|poke|p2|Dragapult, L50, M|
|poke|p2|Sylveon, L50, F|
|poke|p2|Gholdengo, L50|
|teampreview|4
|showteam|p1|Basculegion||ChoiceBand|SwiftSwim|WaveCrash,LastRespects,AquaJet,FlipTurn|||M|||50|,,,,,Water]Garchomp||ClearAmulet|RoughSkin|Earthquake,StompingTantrum,DragonClaw,Protect|||M|||50|,,,,,Fire]Archaludon||AssaultVest|Stamina|FlashCannon,DragonPulse,ElectroShot,BodyPress|||F|||50|,,,,,Grass]Pelipper||FocusSash|Drizzle|Hurricane,WeatherBall,Tailwind,Protect|||M|||50|,,,,,Ghost]Amoonguss||CovertCloak|Regenerator|RagePowder,PollenPuff,Spore,Protect|||M|||50|,,,,,Water]Incineroar||SafetyGoggles|Intimidate|FakeOut,KnockOff,Taunt,PartingShot|||F|||50|,,,,,Ghost
|showteam|p2|Cinderace||WideLens|Libero|HighJumpKick,GunkShot,PyroBall,SmackDown|||F|||50|,,,,,Grass]Rillaboom||AssaultVest|GrassySurge|DrainPunch,HighHorsepower,FakeOut,GrassyGlide|||F|||50|,,,,,Ground]Incineroar||SafetyGoggles|Intimidate|FakeOut,Protect,PartingShot,FlareBlitz|||F|||50|,,,,,Grass]Dragapult||Leftovers|ClearBody|DragonDarts,Uturn,TeraBlast,PhantomForce|||M|||50|,,,,,Ground]Sylveon||ThroatSpray|Pixilate|HyperVoice,WeatherBall,Psychic,ShadowBall|||F|||50|,,,,,Steel]Gholdengo||WhiteHerb|GoodasGold|TeraBlast,MakeItRain,DazzlingGleam,NastyPlot||||||50|,,,,,Steel
|inactive|Battle timer is ON: inactive players will automatically lose when time's up. (requested by Jadedragon61)
|
|t:|1756672456
|teamsize|p1|4
|teamsize|p2|4
|start
|switch|p1a: Forsh|Basculegion, L50, M, shiny|100/100
|switch|p1b: Toilet|Pelipper, L50, M, shiny|100/100
|switch|p2a: Sylveon|Sylveon, L50, F|100/100
|switch|p2b: Incineroar|Incineroar, L50, F|100/100
|-weather|RainDance|[from] ability: Drizzle|[of] p1b: Toilet
|-ability|p2b: Incineroar|Intimidate|boost
|-unboost|p1a: Forsh|atk|1
|-unboost|p1b: Toilet|atk|1
|turn|1
|
|t:|1756672470
|-terastallize|p2a: Sylveon|Steel
|move|p1b: Toilet|Protect|p1b: Toilet
|-singleturn|p1b: Toilet|Protect
|move|p2b: Incineroar|Fake Out|p1b: Toilet
|-activate|p1b: Toilet|move: Protect
|move|p1a: Forsh|Flip Turn|p2b: Incineroar
|-supereffective|p2b: Incineroar
|-crit|p2b: Incineroar
|-damage|p2b: Incineroar|0 fnt
|faint|p2b: Incineroar
|
|t:|1756672485
|switch|p1a: Bridge|Archaludon, L50, F, shiny|100/100|[from] Flip Turn
|move|p2a: Sylveon|Hyper Voice|p1a: Bridge|[spread] p1a
|-activate|p1b: Toilet|move: Protect
|-damage|p1a: Bridge|65/100
|-ability|p1a: Bridge|Stamina|boost
|-boost|p1a: Bridge|def|1
|-enditem|p2a: Sylveon|Throat Spray
|-boost|p2a: Sylveon|spa|1|[from] item: Throat Spray
|
|-weather|RainDance|[upkeep]
|upkeep
|
|t:|1756672499
|switch|p2b: Cinderace|Cinderace, L50, F, shiny|100/100
|turn|2
|
|t:|1756672508
|switch|p1a: Hazel|Incineroar, L50, F, shiny|100/100
|-ability|p1a: Hazel|Intimidate|boost
|-unboost|p2a: Sylveon|atk|1
|-unboost|p2b: Cinderace|atk|1
|move|p2b: Cinderace|Smack Down|p1b: Toilet
|-start|p2b: Cinderace|typechange|Rock|[from] ability: Libero
|-supereffective|p1b: Toilet
|-damage|p1b: Toilet|55/100
|-start|p1b: Toilet|Smack Down
|move|p1b: Toilet|Tailwind|p1b: Toilet
|-sidestart|p1: Jadedragon61|move: Tailwind
|move|p2a: Sylveon|Hyper Voice|p1b: Toilet|[spread] p1a,p1b
|-crit|p1a: Hazel
|-damage|p1a: Hazel|14/100
|-damage|p1b: Toilet|0 fnt
|faint|p1b: Toilet
|
|-weather|RainDance|[upkeep]
|upkeep
|
|t:|1756672530
|switch|p1b: Bridge|Archaludon, L50, F, shiny|65/100
|turn|3
|
|t:|1756672540
|move|p1a: Hazel|Fake Out|p2a: Sylveon
|-resisted|p2a: Sylveon
|-damage|p2a: Sylveon|94/100
|move|p1b: Bridge|Electro Shot||[still]
|-prepare|p1b: Bridge|Electro Shot
|-boost|p1b: Bridge|spa|1
|-anim|p1b: Bridge|Electro Shot|p2b: Cinderace
|-crit|p2b: Cinderace
|-damage|p2b: Cinderace|0 fnt
|faint|p2b: Cinderace
|cant|p2a: Sylveon|flinch
|
|-weather|RainDance|[upkeep]
|upkeep
|
|t:|1756672551
|switch|p2b: Dragapult|Dragapult, L50, M|100/100
|turn|4
|
|t:|1756672558
|move|p1a: Hazel|Parting Shot|p2a: Sylveon
|-unboost|p2a: Sylveon|atk|1
|-unboost|p2a: Sylveon|spa|1
|
|t:|1756672560
|switch|p1a: Forsh|Basculegion, L50, M, shiny|100/100|[from] Parting Shot
|move|p1b: Bridge|Dragon Pulse|p2b: Dragapult
|-supereffective|p2b: Dragapult
|-damage|p2b: Dragapult|0 fnt
|faint|p2b: Dragapult
|move|p2a: Sylveon|Hyper Voice|p1b: Bridge|[spread] p1a,p1b
|-damage|p1a: Forsh|51/100
|-damage|p1b: Bridge|35/100
|-ability|p1b: Bridge|Stamina|boost
|-boost|p1b: Bridge|def|1
|
|-weather|RainDance|[upkeep]
|upkeep
|turn|5
|-message|T24Dubb forfeited.
|
|win|Jadedragon61
|raw|Jadedragon61's rating: 1101 → 1119(+18 for winning)
|raw|T24Dubb's rating: 1000 → 1000(+0 for losing)
|l|☆T24Dubb
|player|p2|
