|j|☆slopmachine
|j|☆dookyinmycookie
|html|slopmachinedookyinmycookie    
|uhtml|bestof|Game 2 of a best-of-3
|t:|1785755018
|gametype|doubles
|player|p1|slopmachine|medium|1206
|player|p2|dookyinmycookie|skyla|1064
|gen|9
|tier|[Gen 9 Champions] VGC 2026 Reg M-B (Bo3)
|rated|
|rule|Species Clause: Limit one of each Pokémon
|rule|Item Clause: Limit 1 of each item
|clearpoke
|poke|p1|Floette-Eternal, L50, F|
|poke|p1|Whimsicott, L50, F|
|poke|p1|Charizard, L50, M|
|poke|p1|Basculegion, L50, M|
|poke|p1|Garchomp, L50, F|
|poke|p1|Incineroar, L50, M|
|poke|p2|Staraptor, L50, M, shiny|
|poke|p2|Whimsicott, L50, M, shiny|
|poke|p2|Arcanine-Hisui, L50, F|
|poke|p2|Tinkaton, L50, F, shiny|
|poke|p2|Basculegion, L50, M|
|poke|p2|Kingambit, L50, F|
|teampreview|4
|showteam|p1|Floette-Eternal||Floettite|FlowerVeil|Protect,DazzlingGleam,DrainingKiss,CalmMind|Modest||F|||50|]Whimsicott||FocusSash|Prankster|Protect,Moonblast,Tailwind,Encore|Timid||F|||50|]Charizard||CharizarditeY|Blaze|Protect,WeatherBall,SolarBeam,HeatWave|Modest||M|||50|]Basculegion||ChoiceScarf|Adaptability|FlipTurn,WaveCrash,LastRespects,AquaJet|Jolly||M|||50|]Garchomp||LifeOrb|RoughSkin|Protect,Earthquake,DragonClaw,RockSlide|Jolly||F|||50|]Incineroar||SitrusBerry|Intimidate|FlareBlitz,ThroatChop,FakeOut,PartingShot|Careful||M|||50|
|showteam|p2|Staraptor||Staraptite|Intimidate|Roost,BraveBird,CloseCombat,Protect|Adamant||M|||50|]Whimsicott||FocusSash|Prankster|EnergyBall,Charm,Tailwind,Protect|Timid||M|||50|]Arcanine-Hisui||ChoiceScarf|FlashFire|RockSlide,ExtremeSpeed,FlareBlitz,HeadSmash|Jolly||F|||50|]Tinkaton||SitrusBerry|MoldBreaker|FakeOut,PlayRough,GigatonHammer,Protect|Adamant||F|||50|]Basculegion||LifeOrb|Adaptability|LastRespects,WaveCrash,AquaJet,Protect|Adamant||M|||50|]Kingambit||BlackGlasses|Defiant|KowtowCleave,SuckerPunch,IronHead,Protect|Adamant||F|||50|
|j| mayankhardrock
|inactive|Battle timer is ON: inactive players will automatically lose when time's up. (requested by dookyinmycookie)
|
|t:|1785755061
|teamsize|p1|4
|teamsize|p2|4
|start
|switch|p1a: Charizard|Charizard, L50, M|100/100
|switch|p1b: Whimsicott|Whimsicott, L50, F|100/100
|switch|p2a: Basculegion|Basculegion, L50, M|100/100
|switch|p2b: Whimsicott|Whimsicott, L50, M, shiny|100/100
|turn|1
|inactive|slopmachine has 30 seconds left.
|inactive|dookyinmycookie has 30 seconds left.
|
|t:|1785755098
|detailschange|p1a: Charizard|Charizard-Mega-Y, L50, M
|-mega|p1a: Charizard|Charizard|Charizardite Y
|-weather|SunnyDay|[from] ability: Drought|[of] p1a: Charizard
|move|p2a: Basculegion|Protect|p2a: Basculegion
|-singleturn|p2a: Basculegion|Protect
|move|p2b: Whimsicott|Tailwind|p2b: Whimsicott
|-sidestart|p2: dookyinmycookie|move: Tailwind
|move|p1b: Whimsicott|Moonblast|p2b: Whimsicott
|-damage|p2b: Whimsicott|40/100
|move|p1a: Charizard|Heat Wave|p2b: Whimsicott|[spread] p2b
|-activate|p2a: Basculegion|move: Protect
|-supereffective|p2b: Whimsicott|1
|-damage|p2b: Whimsicott|0 fnt
|faint|p2b: Whimsicott
|
|-weather|SunnyDay|[upkeep]
|upkeep
|
|t:|1785755120
|switch|p2b: Tinkaton|Tinkaton, L50, F, shiny|100/100
|-ability|p2b: Tinkaton|Mold Breaker
|turn|2
|
|t:|1785755132
|move|p1a: Charizard|Protect|p1a: Charizard
|-singleturn|p1a: Charizard|Protect
|move|p2b: Tinkaton|Fake Out|p1b: Whimsicott
|-damage|p1b: Whimsicott|81/100
|cant|p1b: Whimsicott|flinch
|move|p2a: Basculegion|Last Respects|p1b: Whimsicott
|-damage|p1b: Whimsicott|0 fnt
|faint|p1b: Whimsicott
|-damage|p2a: Basculegion|90/100|[from] item: Life Orb
|
|-weather|SunnyDay|[upkeep]
|upkeep
|
|t:|1785755151
|switch|p1b: Basculegion|Basculegion, L50, M|100/100
|turn|3
|inactive|dookyinmycookie has 30 seconds left.
|inactive|dookyinmycookie has 20 seconds left.
|inactive|dookyinmycookie has 15 seconds left.
|inactive|dookyinmycookie has 10 seconds left.
|
|t:|1785755200
|switch|p1b: Garchomp|Garchomp, L50, F|100/100
|move|p2b: Tinkaton|Gigaton Hammer|p1a: Charizard
|-resisted|p1a: Charizard|1
|-damage|p1a: Charizard|69/100
|move|p2a: Basculegion|Last Respects|p1b: Garchomp
|-damage|p1b: Garchomp|12/100
|-damage|p2a: Basculegion|80/100|[from] item: Life Orb
|move|p1a: Charizard|Solar Beam||[still]
|-prepare|p1a: Charizard|Solar Beam
|-anim|p1a: Charizard|Solar Beam|p2a: Basculegion
|-supereffective|p2a: Basculegion|1
|-damage|p2a: Basculegion|0 fnt
|faint|p2a: Basculegion
|
|-weather|SunnyDay|[upkeep]
|upkeep
|
|t:|1785755213
|switch|p2a: Staraptor|Staraptor, L50, M, shiny|100/100
|-ability|p2a: Staraptor|Intimidate|boost
|-unboost|p1a: Charizard|atk|1
|-unboost|p1b: Garchomp|atk|1
|turn|4
|
|t:|1785755227
|detailschange|p2a: Staraptor|Staraptor-Mega, L50, M, shiny
|-mega|p2a: Staraptor|Staraptor|Staraptite
|move|p1b: Garchomp|Protect|p1b: Garchomp
|-singleturn|p1b: Garchomp|Protect
|move|p1a: Charizard|Protect|p1a: Charizard
|-singleturn|p1a: Charizard|Protect
|move|p2a: Staraptor|Close Combat|p1a: Charizard
|-activate|p1a: Charizard|move: Protect
|move|p2b: Tinkaton|Play Rough|p1b: Garchomp
|-activate|p1b: Garchomp|move: Protect
|
|-weather|SunnyDay|[upkeep]
|-sideend|p2: dookyinmycookie|move: Tailwind
|upkeep
|turn|5
|l| mayankhardrock
|
|t:|1785755251
|move|p2a: Staraptor|Protect|p2a: Staraptor
|-singleturn|p2a: Staraptor|Protect
|move|p2b: Tinkaton|Protect|p2b: Tinkaton
|-singleturn|p2b: Tinkaton|Protect
|move|p1b: Garchomp|Rock Slide|p2a: Staraptor|[spread] 
|-activate|p2a: Staraptor|move: Protect
|-activate|p2b: Tinkaton|move: Protect
|move|p1a: Charizard|Heat Wave|p2b: Tinkaton|[spread] 
|-activate|p2a: Staraptor|move: Protect
|-activate|p2b: Tinkaton|move: Protect
|
|-weather|none
|upkeep
|turn|6
|
|t:|1785755271
|move|p1b: Garchomp|Earthquake|p2b: Tinkaton|[spread] p2b
|-immune|p1a: Charizard
|-immune|p2a: Staraptor
|-supereffective|p2b: Tinkaton|1
|-damage|p2b: Tinkaton|22/100
|-enditem|p2b: Tinkaton|Sitrus Berry|[eat]
|-heal|p2b: Tinkaton|47/100|[from] item: Sitrus Berry
|-damage|p1b: Garchomp|3/100|[from] item: Life Orb
|move|p2a: Staraptor|Close Combat|p1b: Garchomp
|-damage|p1b: Garchomp|0 fnt
|-boost|p2a: Staraptor|def|1
|-boost|p2a: Staraptor|spd|1
|-damage|p2a: Staraptor|87/100|[from] ability: Rough Skin|[of] p1b: Garchomp
|faint|p1b: Garchomp
|move|p1a: Charizard|Heat Wave|p2b: Tinkaton|[spread] p2a,p2b
|-supereffective|p2b: Tinkaton|1
|-damage|p2a: Staraptor|60/100
|-damage|p2b: Tinkaton|0 fnt
|faint|p2b: Tinkaton
|
|upkeep
|
|t:|1785755289
|switch|p1b: Basculegion|Basculegion, L50, M|100/100
|turn|7
|
|t:|1785755298
|move|p1b: Basculegion|Last Respects|p2a: Staraptor
|-damage|p2a: Staraptor|7/100
|move|p2a: Staraptor|Roost|p2a: Staraptor
|-heal|p2a: Staraptor|57/100
|-singleturn|p2a: Staraptor|move: Roost
|move|p1a: Charizard|Heat Wave|p2a: Staraptor
|-crit|p2a: Staraptor
|-damage|p2a: Staraptor|0 fnt
|faint|p2a: Staraptor
|
|win|slopmachine
|raw|slopmachine's rating: 1206 → 1221(+15 for winning)
|raw|dookyinmycookie's rating: 1064 → 1052(-12 for losing)
|l|☆dookyinmycookie
|player|p2|
