|j|☆toast88d
|j|☆dawnenen
|html|toast88ddawnenen    
|uhtml|bestof|Game 2 of a best-of-3
|t:|1784924515
|gametype|doubles
|player|p1|toast88d|veteran-gen4|1005
|player|p2|dawnenen|galacticgruntf|1064
|gen|9
|tier|[Gen 9 Champions] VGC 2026 Reg M-B (Bo3)
|rated|
|rule|Species Clause: Limit one of each Pokémon
|rule|Item Clause: Limit 1 of each item
|clearpoke
|poke|p1|Staraptor, L50, F, shiny|
|poke|p1|Whimsicott, L50, M, shiny|
|poke|p1|Basculegion, L50, M|
|poke|p1|Grimmsnarl, L50, M|
|poke|p1|Gholdengo, L50|
|poke|p1|Garchomp, L50, F|
|poke|p2|Venusaur, L50, M|
|poke|p2|Charizard, L50, M|
|poke|p2|Grimmsnarl, L50, M|
|poke|p2|Archaludon, L50, F|
|poke|p2|Basculegion, L50, M|
|poke|p2|Pelipper, L50, F|
|teampreview|4
|showteam|p1|Staraptor||Staraptite|Intimidate|CloseCombat,BraveBird,Roost,Protect|Jolly||F|||50|]Whimsicott||FocusSash|Prankster|Tailwind,FakeTears,Charm,Encore|Timid||M|||50|]Basculegion||MysticWater|Adaptability|WaveCrash,LastRespects,FlipTurn,AquaJet|Brave||M|||50|]Grimmsnarl||LightClay|Prankster|LightScreen,Reflect,FakeOut,PartingShot|Calm||M|||50|]Gholdengo||LifeOrb|GoodasGold|FlashCannon,NastyPlot,ShadowBall,Protect|Modest|||||50|]Garchomp||YacheBerry|RoughSkin|Earthquake,RockSlide,StompingTantrum,Protect|Adamant||F|||50|
|showteam|p2|Venusaur||FocusSash|Chlorophyll|SludgeBomb,EarthPower,SleepPowder,Protect|Modest||M|||50|]Charizard||CharizarditeY|Blaze|Protect,HeatWave,SolarBeam,WeatherBall|Modest||M|||50|]Grimmsnarl||LightClay|Prankster|SpiritBreak,LightScreen,Reflect,PartingShot|Sassy||M|||50|]Archaludon||Leftovers|Stamina|ElectroShot,DragonPulse,FlashCannon,Protect|Calm||F|||50|]Basculegion||ChoiceScarf|Adaptability|WaveCrash,LastRespects,AquaJet,FlipTurn|Jolly||M|||50|]Pelipper||SitrusBerry|Drizzle|Hurricane,WeatherBall,Tailwind,WideGuard|Modest||F|||50|
|inactive|Battle timer is ON: inactive players will automatically lose when time's up. (requested by toast88d)
|inactive|dawnenen also wants the timer to be on.
|
|t:|1784924536
|teamsize|p1|4
|teamsize|p2|4
|start
|switch|p1a: Garchomp|Garchomp, L50, F|100/100
|switch|p1b: Staraptor|Staraptor, L50, F, shiny|100/100
|switch|p2a: Basculegion|Basculegion, L50, M|100/100
|switch|p2b: Pelipper|Pelipper, L50, F|100/100
|-ability|p1b: Staraptor|Intimidate|boost
|-unboost|p2a: Basculegion|atk|1
|-unboost|p2b: Pelipper|atk|1
|-weather|RainDance|[from] ability: Drizzle|[of] p2b: Pelipper
|turn|1
|inactive|toast88d has 30 seconds left.
|
|t:|1784924568
|detailschange|p1b: Staraptor|Staraptor-Mega, L50, F, shiny
|-mega|p1b: Staraptor|Staraptor|Staraptite
|move|p2a: Basculegion|Wave Crash|p1b: Staraptor
|-damage|p1b: Staraptor|14/100
|-damage|p2a: Basculegion|76/100|[from] Recoil
|move|p1b: Staraptor|Brave Bird|p2b: Pelipper
|-damage|p2b: Pelipper|24/100
|-enditem|p2b: Pelipper|Sitrus Berry|[eat]
|-heal|p2b: Pelipper|49/100|[from] item: Sitrus Berry
|-damage|p1b: Staraptor|0 fnt|[from] Recoil
|faint|p1b: Staraptor
|move|p1a: Garchomp|Rock Slide|p2a: Basculegion|[spread] p2a,p2b
|-supereffective|p2b: Pelipper|1
|-damage|p2a: Basculegion|52/100
|-damage|p2b: Pelipper|1/100
|move|p2b: Pelipper|Tailwind|p2b: Pelipper
|-sidestart|p2: dawnenen|move: Tailwind
|
|-weather|RainDance|[upkeep]
|upkeep
|
|t:|1784924587
|switch|p1b: Grimmsnarl|Grimmsnarl, L50, M|100/100
|turn|2
|
|t:|1784924609
|move|p2b: Pelipper|Wide Guard|p2b: Pelipper
|-singleturn|p2b: Pelipper|Wide Guard
|move|p1b: Grimmsnarl|Reflect|p1b: Grimmsnarl
|-sidestart|p1: toast88d|Reflect
|move|p2a: Basculegion|Wave Crash|p1b: Grimmsnarl
|-damage|p1b: Grimmsnarl|45/100
|-damage|p2a: Basculegion|33/100|[from] Recoil
|move|p1a: Garchomp|Rock Slide|p2a: Basculegion|[spread] 
|-activate|p2a: Basculegion|move: Wide Guard
|-activate|p2b: Pelipper|move: Wide Guard
|
|-weather|RainDance|[upkeep]
|upkeep
|turn|3
|
|t:|1784924634
|move|p1b: Grimmsnarl|Parting Shot|p2a: Basculegion
|-unboost|p2a: Basculegion|atk|1
|-unboost|p2a: Basculegion|spa|1
|
|t:|1784924637
|switch|p1b: Basculegion|Basculegion, L50, M|100/100|[from] Parting Shot
|move|p2a: Basculegion|Wave Crash|p1b: Basculegion
|-resisted|p1b: Basculegion|1
|-damage|p1b: Basculegion|81/100
|-damage|p2a: Basculegion|26/100|[from] Recoil
|move|p2b: Pelipper|Hurricane|p1a: Garchomp
|-damage|p1a: Garchomp|46/100
|move|p1a: Garchomp|Rock Slide|p2a: Basculegion|[spread] p2a
|-miss|p1a: Garchomp|p2b: Pelipper
|-damage|p2a: Basculegion|3/100
|
|-weather|RainDance|[upkeep]
|upkeep
|turn|4
|
|t:|1784924660
|switch|p2a: Archaludon|Archaludon, L50, F|100/100
|move|p1a: Garchomp|Protect|p1a: Garchomp
|-singleturn|p1a: Garchomp|Protect
|move|p1b: Basculegion|Aqua Jet|p2b: Pelipper
|-resisted|p2b: Pelipper|1
|-damage|p2b: Pelipper|0 fnt
|faint|p2b: Pelipper
|
|-weather|RainDance|[upkeep]
|-sideend|p2: dawnenen|move: Tailwind
|upkeep
|inactive|dawnenen has 30 seconds left.
|
|t:|1784924690
|switch|p2b: Basculegion|Basculegion, L50, M|3/100
|turn|5
|
|t:|1784924701
|move|p2b: Basculegion|Aqua Jet|p1a: Garchomp
|-damage|p1a: Garchomp|18/100
|-damage|p2b: Basculegion|0 fnt|[from] ability: Rough Skin|[of] p1a: Garchomp
|faint|p2b: Basculegion
|move|p1b: Basculegion|Aqua Jet|p2a: Archaludon
|-resisted|p2a: Archaludon|1
|-damage|p2a: Archaludon|80/100
|-ability|p2a: Archaludon|Stamina|boost
|-boost|p2a: Archaludon|def|1
|move|p1a: Garchomp|Stomping Tantrum|p2a: Archaludon
|-supereffective|p2a: Archaludon|1
|-damage|p2a: Archaludon|38/100
|-ability|p2a: Archaludon|Stamina|boost
|-boost|p2a: Archaludon|def|1
|move|p2a: Archaludon|Electro Shot||[still]
|-prepare|p2a: Archaludon|Electro Shot
|-boost|p2a: Archaludon|spa|1
|-anim|p2a: Archaludon|Electro Shot|p1b: Basculegion
|-supereffective|p1b: Basculegion|1
|-damage|p1b: Basculegion|0 fnt
|faint|p1b: Basculegion
|
|-weather|none
|-heal|p2a: Archaludon|44/100|[from] item: Leftovers
|upkeep
|
|t:|1784924725
|switch|p2b: Charizard|Charizard, L50, M|100/100
|switch|p1b: Grimmsnarl|Grimmsnarl, L50, M|45/100
|turn|6
|
|t:|1784924749
|detailschange|p2b: Charizard|Charizard-Mega-Y, L50, M
|-mega|p2b: Charizard|Charizard|Charizardite Y
|-weather|SunnyDay|[from] ability: Drought|[of] p2b: Charizard
|move|p1a: Garchomp|Protect|p1a: Garchomp
|-singleturn|p1a: Garchomp|Protect
|move|p2b: Charizard|Protect|p2b: Charizard
|-singleturn|p2b: Charizard|Protect
|move|p1b: Grimmsnarl|Fake Out|p2b: Charizard
|-activate|p2b: Charizard|move: Protect
|move|p2a: Archaludon|Dragon Pulse|p1a: Garchomp
|-activate|p1a: Garchomp|move: Protect
|
|-weather|SunnyDay|[upkeep]
|-heal|p2a: Archaludon|50/100g|[from] item: Leftovers
|upkeep
|turn|7
|inactive|dawnenen has 30 seconds left.
|
|t:|1784924775
|move|p1b: Grimmsnarl|Light Screen|p1b: Grimmsnarl
|-sidestart|p1: toast88d|move: Light Screen
|move|p1a: Garchomp|Rock Slide|p2a: Archaludon|[spread] p2a,p2b
|-resisted|p2a: Archaludon|1
|-supereffective|p2b: Charizard|2
|-damage|p2a: Archaludon|46/100
|-damage|p2b: Charizard|9/100
|-ability|p2a: Archaludon|Stamina|boost
|-boost|p2a: Archaludon|def|1
|cant|p2b: Charizard|flinch
|move|p2a: Archaludon|Flash Cannon|p1b: Grimmsnarl
|-supereffective|p1b: Grimmsnarl|1
|-damage|p1b: Grimmsnarl|0 fnt
|faint|p1b: Grimmsnarl
|
|-weather|SunnyDay|[upkeep]
|-heal|p2a: Archaludon|52/100|[from] item: Leftovers
|upkeep
|turn|8
|
|t:|1784924796
|move|p1a: Garchomp|Rock Slide|p2a: Archaludon|[spread] p2a,p2b
|-resisted|p2a: Archaludon|1
|-supereffective|p2b: Charizard|2
|-damage|p2a: Archaludon|49/100
|-damage|p2b: Charizard|0 fnt
|-ability|p2a: Archaludon|Stamina|boost
|-boost|p2a: Archaludon|def|1
|faint|p2b: Charizard
|move|p2a: Archaludon|Dragon Pulse|p1a: Garchomp
|-supereffective|p1a: Garchomp|1
|-damage|p1a: Garchomp|0 fnt
|faint|p1a: Garchomp
|
|win|dawnenen
|raw|toast88d's rating: 1005 → 1000(-5 for losing)
|raw|dawnenen's rating: 1064 → 1089(+25 for winning)
|l|☆toast88d
|player|p1|
