|j|☆Jjgentner
|j|☆Sniper3250
|html|JjgentnerSniper3250    
|uhtml|bestof|Game 1 of a best-of-3
|t:|1784515764
|gametype|doubles
|player|p1|Jjgentner|hilda|
|player|p2|Sniper3250|1|
|gen|9
|tier|[Gen 9 Champions] VGC 2026 Reg M-B (Bo3)
|rule|Species Clause: Limit one of each Pokémon
|rule|Item Clause: Limit 1 of each item
|clearpoke
|poke|p1|Charizard, L50, F, shiny|
|poke|p1|Whimsicott, L50, F, shiny|
|poke|p1|Gholdengo, L50, shiny|
|poke|p1|Venusaur, L50, M, shiny|
|poke|p1|Skeledirge, L50, F, shiny|
|poke|p1|Bellibolt, L50, M, shiny|
|poke|p2|Metagross, L50|
|poke|p2|Primarina, L50, M|
|poke|p2|Pangoro, L50, F|
|poke|p2|Dragapult, L50, F|
|poke|p2|Hawlucha, L50, F|
|poke|p2|Delphox, L50, F|
|teampreview|4
|showteam|p1|Charizard||CharizarditeY|SolarPower|WeatherBall,HeatWave,SolarBeam,Protect|Timid||F|||50|]Whimsicott||FocusSash|Prankster|Protect,Encore,Tailwind,Moonblast|Modest||F|||50|]Gholdengo||LifeOrb|GoodasGold|DazzlingGleam,ShadowBall,Protect,NastyPlot|Timid|||||50|]Venusaur||WiseGlasses|Chlorophyll|SleepPowder,SolarBeam,SludgeBomb,HelpingHand|Timid||M|||50|]Skeledirge||Leftovers|Unaware|SlackOff,ShadowBall,Yawn,TorchSong|Bold||F|||50|]Bellibolt||Magnet|Electromorphosis|Soak,Thunderbolt,ParabolicCharge,Protect|Bold||M|||50|
|showteam|p2|Metagross||Metagrossite|ClearBody|Protect,PsychicFangs,BrickBreak,BulletPunch|Adamant|||||50|]Primarina||Leftovers|LiquidVoice|HyperVoice,Protect,Moonblast,CalmMind|Modest||M|||50|]Pangoro||ExpertBelt|Scrappy|BrickBreak,CloseCombat,PoisonJab,DarkestLariat|Adamant||F|||50|]Dragapult||FocusSash|ClearBody|Protect,Acrobatics,DragonDarts,Flamethrower|Naive||F|||50|]Hawlucha||Hawluchanite|MoldBreaker|Encore,Detect,CloseCombat,DualWingbeat|Jolly||F|||50|]Delphox|||Magician|Protect,HeatWave,NastyPlot,Psychic|Timid||F|||50|
|
|t:|1784515872
|teamsize|p1|4
|teamsize|p2|4
|start
|switch|p1a: Charizard|Charizard, L50, F, shiny|100/100
|switch|p1b: Whimsicott|Whimsicott, L50, F, shiny|100/100
|switch|p2a: Primarina|Primarina, L50, M|100/100
|switch|p2b: Dragapult|Dragapult, L50, F|100/100
|turn|1
|
|t:|1784515893
|detailschange|p1a: Charizard|Charizard-Mega-Y, L50, F, shiny
|-mega|p1a: Charizard|Charizard|Charizardite Y
|-weather|SunnyDay|[from] ability: Drought|[of] p1a: Charizard
|move|p1b: Whimsicott|Tailwind|p1b: Whimsicott
|-sidestart|p1: Jjgentner|move: Tailwind
|move|p1a: Charizard|Solar Beam||[still]
|-prepare|p1a: Charizard|Solar Beam
|-anim|p1a: Charizard|Solar Beam|p2a: Primarina
|-supereffective|p2a: Primarina|1
|-damage|p2a: Primarina|26/100
|move|p2b: Dragapult|Flamethrower|p1b: Whimsicott
|-supereffective|p1b: Whimsicott|1
|-enditem|p1b: Whimsicott|Focus Sash
|-damage|p1b: Whimsicott|1/100
|move|p2a: Primarina|Hyper Voice|p1a: Charizard|[spread] p1a,p1b
|-supereffective|p1a: Charizard|1
|-resisted|p1b: Whimsicott|1
|-damage|p1a: Charizard|65/100
|-damage|p1b: Whimsicott|0 fnt
|faint|p1b: Whimsicott
|
|-weather|SunnyDay|[upkeep]
|-heal|p2a: Primarina|32/100|[from] item: Leftovers
|upkeep
|
|t:|1784515915
|switch|p1b: Venusaur|Venusaur, L50, M, shiny|100/100
|turn|2
|
|t:|1784515934
|switch|p2a: Delphox|Delphox, L50, F|100/100
|move|p1b: Venusaur|Sleep Powder|p2b: Dragapult|[miss]
|-miss|p1b: Venusaur|p2b: Dragapult
|move|p1a: Charizard|Solar Beam||[still]
|-prepare|p1a: Charizard|Solar Beam
|-anim|p1a: Charizard|Solar Beam|p2a: Delphox
|-resisted|p2a: Delphox|1
|-damage|p2a: Delphox|72/100
|move|p2b: Dragapult|Dragon Darts|p1a: Charizard
|-damage|p1a: Charizard|30/100
|-anim|p2b: Dragapult|Dragon Darts|p1b: Venusaur
|-damage|p1b: Venusaur|65/100
|
|-weather|SunnyDay|[upkeep]
|upkeep
|turn|3
|
|t:|1784515965
|move|p1b: Venusaur|Sleep Powder|p2a: Delphox
|-status|p2a: Delphox|slp|[from] move: Sleep Powder
|move|p1a: Charizard|Weather Ball|p2b: Dragapult
|-resisted|p2b: Dragapult|1
|-crit|p2b: Dragapult
|-damage|p2b: Dragapult|7/100
|move|p2b: Dragapult|Dragon Darts|p1a: Charizard
|-damage|p1a: Charizard|0 fnt
|-anim|p2b: Dragapult|Dragon Darts|p1b: Venusaur
|-damage|p1b: Venusaur|34/100
|faint|p1a: Charizard
|cant|p2a: Delphox|slp
|
|-weather|SunnyDay|[upkeep]
|upkeep
|
|t:|1784515978
|switch|p1a: Gholdengo|Gholdengo, L50, shiny|100/100
|turn|4
|
|t:|1784516013
|move|p2b: Dragapult|Protect|p2b: Dragapult
|-singleturn|p2b: Dragapult|Protect
|move|p1b: Venusaur|Sludge Bomb|p2b: Dragapult
|-activate|p2b: Dragapult|move: Protect
|move|p1a: Gholdengo|Nasty Plot|p1a: Gholdengo
|-boost|p1a: Gholdengo|spa|2
|cant|p2a: Delphox|slp
|
|-weather|SunnyDay|[upkeep]
|-sideend|p1: Jjgentner|move: Tailwind
|upkeep
|turn|5
|
|t:|1784516035
|move|p2b: Dragapult|Protect|p2b: Dragapult
|-singleturn|p2b: Dragapult|Protect
|move|p1b: Venusaur|Solar Beam||[still]
|-prepare|p1b: Venusaur|Solar Beam
|-anim|p1b: Venusaur|Solar Beam|p2a: Delphox
|-resisted|p2a: Delphox|1
|-damage|p2a: Delphox|40/100 slp
|-curestatus|p2a: Delphox|slp|[msg]
|move|p2a: Delphox|Heat Wave|p1a: Gholdengo|[spread] p1a,p1b
|-supereffective|p1a: Gholdengo|1
|-supereffective|p1b: Venusaur|1
|-damage|p1a: Gholdengo|0 fnt
|-damage|p1b: Venusaur|0 fnt
|faint|p1a: Gholdengo
|faint|p1b: Venusaur
|-item|p2a: Delphox|Life Orb|[from] ability: Magician|[of] p1: Gholdengo
|
|win|Sniper3250
|inactive|Jjgentner has 30 seconds to confirm battle start!
|inactive|Sniper3250 has 30 seconds to confirm battle start!
|inactive|Jjgentner has 20 seconds to confirm battle start!
|inactive|Sniper3250 has 20 seconds to confirm battle start!
|inactive|Jjgentner has 10 seconds to confirm battle start!
|inactive|Sniper3250 has 10 seconds to confirm battle start!
