|j|Ōśålancepp
|j|ŌśåAMediocreRobot
|html|lanceppAMediocreRobot    
|uhtml|bestof|Game 2 of a best-of-3
|t:|1783853446
|gametype|doubles
|player|p1|lancepp|dragontamer|
|player|p2|AMediocreRobot|medium|
|gen|9
|tier|[Gen 9 Champions] VGC 2026 Reg M-B (Bo3)
|rule|Species Clause: Limit one of each Pok├®mon
|rule|Item Clause: Limit 1 of each item
|clearpoke
|poke|p1|Talonflame, L50, F|
|poke|p1|Politoed, L50, F|
|poke|p1|Basculegion-F, L50, F|
|poke|p1|Dragonite, L50, F|
|poke|p1|Metagross, L50|
|poke|p1|Venusaur, L50, M|
|poke|p2|Corviknight, L50, M|
|poke|p2|Aerodactyl, L50, M|
|poke|p2|Blaziken, L50, M|
|poke|p2|Scizor, L50, M|
|poke|p2|Rotom-Wash, L50|
|poke|p2|Sceptile, L50, F|
|teampreview|4
|showteam|p1|Talonflame||SharpBeak|GaleWings|Protect,Hurricane,Tailwind,Overheat|Modest||F|||50|]Politoed||SitrusBerry|Drizzle|WeatherBall,Encore,MuddyWater,Protect|Calm||F|||50|]Basculegion-F||ChoiceScarf|Adaptability|WaveCrash,FlipTurn,LastRespects,AquaJet|Jolly||F|||50|]Dragonite||Dragoninite|Multiscale|DracoMeteor,Protect,Thunder,Hurricane|Modest||F|||50|]Metagross||LifeOrb|ClearBody|PsychicFangs,Protect,BulletPunch,IronHead|Jolly|||||50|]Venusaur||Venusaurite|Chlorophyll|LeechSeed,Protect,SludgeBomb,LeafStorm|Calm||M|||50|
|showteam|p2|Corviknight||ExpertBelt|MirrorArmor|BraveBird,BodyPress,IronHead,BulkUp|Impish||M|||50|]Aerodactyl||FocusSash|Pressure|RockSlide,Taunt,Tailwind,Protect|Jolly||M|||50|]Blaziken||Blazikenite|SpeedBoost|FlareBlitz,CloseCombat,SwordsDance,Detect|Adamant||M|||50|]Scizor||LifeOrb|Technician|Assurance,BulletPunch,Uturn,Protect|Adamant||M|||50|]Rotom-Wash||ChoiceScarf|Levitate|HydroPump,Electroweb,VoltSwitch,Thunderbolt|Modest|||||50|]Sceptile||Sceptilite|Overgrow|EnergyBall,DragonPulse,Protect,ShedTail|Timid||F|||50|
|
|t:|1783853496
|teamsize|p1|4
|teamsize|p2|4
|start
|switch|p1a: Basculegion|Basculegion-F, L50, F|100/100
|switch|p1b: Talonflame|Talonflame, L50, F|100/100
|switch|p2a: Rotom|Rotom-Wash, L50|100/100
|switch|p2b: Aerodactyl|Aerodactyl, L50, M|100/100
|-ability|p2b: Aerodactyl|Pressure
|turn|1
|c|Ōśålancepp|aaa
|c|ŌśåAMediocreRobot|Thats a lot of aŌĆÖs
|c|Ōśålancepp|not enough
|
|t:|1783853584
|move|p2b: Aerodactyl|Protect|p2b: Aerodactyl
|-singleturn|p2b: Aerodactyl|Protect
|move|p1b: Talonflame|Protect|p1b: Talonflame
|-singleturn|p1b: Talonflame|Protect
|move|p1a: Basculegion|Flip Turn|p2b: Aerodactyl
|-activate|p2b: Aerodactyl|move: Protect
|move|p2a: Rotom|Thunderbolt|p1a: Basculegion
|-supereffective|p1a: Basculegion|1
|-damage|p1a: Basculegion|16/100
|
|upkeep
|turn|2
|c|Ōśålancepp|well
|
|t:|1783853609
|move|p1b: Talonflame|Tailwind|p1b: Talonflame
|-sidestart|p1: lancepp|move: Tailwind
|move|p1a: Basculegion|Flip Turn|p2b: Aerodactyl
|-supereffective|p2b: Aerodactyl|1
|-enditem|p2b: Aerodactyl|Focus Sash
|-damage|p2b: Aerodactyl|1/100
|
|t:|1783853627
|switch|p1a: Politoed|Politoed, L50, F|100/100|[from] Flip Turn
|-weather|RainDance|[from] ability: Drizzle|[of] p1a: Politoed
|move|p2a: Rotom|Thunderbolt|p1b: Talonflame
|-supereffective|p1b: Talonflame|1
|-damage|p1b: Talonflame|0 fnt
|faint|p1b: Talonflame
|move|p2b: Aerodactyl|Tailwind|p2b: Aerodactyl
|-sidestart|p2: AMediocreRobot|move: Tailwind
|
|-weather|RainDance|[upkeep]
|upkeep
|
|t:|1783853639
|switch|p1b: Basculegion|Basculegion-F, L50, F|16/100
|turn|3
|
|t:|1783853654
|move|p2b: Aerodactyl|Protect|p2b: Aerodactyl
|-singleturn|p2b: Aerodactyl|Protect
|move|p1b: Basculegion|Last Respects|p2a: Rotom
|-damage|p2a: Rotom|42/100
|move|p2a: Rotom|Thunderbolt|p1b: Basculegion
|-supereffective|p1b: Basculegion|1
|-damage|p1b: Basculegion|0 fnt
|faint|p1b: Basculegion
|move|p1a: Politoed|Muddy Water|p2b: Aerodactyl|[spread] p2a
|-activate|p2b: Aerodactyl|move: Protect
|-resisted|p2a: Rotom|1
|-damage|p2a: Rotom|24/100
|-unboost|p2a: Rotom|accuracy|1
|
|-weather|RainDance|[upkeep]
|upkeep
|
|t:|1783853661
|switch|p1b: Dragonite|Dragonite, L50, F|100/100
|turn|4
|
|t:|1783853685
|switch|p2a: Corviknight|Corviknight, L50, M|100/100
|move|p1b: Dragonite|Protect|p1b: Dragonite
|-singleturn|p1b: Dragonite|Protect
|move|p2b: Aerodactyl|Rock Slide|p1a: Politoed|[spread] 
|-activate|p1b: Dragonite|move: Protect
|-miss|p2b: Aerodactyl|p1a: Politoed
|move|p1a: Politoed|Muddy Water|p2a: Corviknight|[spread] p2a
|-miss|p1a: Politoed|p2b: Aerodactyl
|-damage|p2a: Corviknight|62/100
|
|-weather|RainDance|[upkeep]
|upkeep
|turn|5
|c|Ōśålancepp|well
|c|ŌśåAMediocreRobot|If it makes you feel better, I kinda wanted it koŌĆÖeed
|c|ŌśåAMediocreRobot|free septile and allat
|
|t:|1783853747
|detailschange|p1b: Dragonite|Dragonite-Mega, L50, F
|-mega|p1b: Dragonite|Dragonite|Dragoninite
|move|p2b: Aerodactyl|Protect|p2b: Aerodactyl
|-singleturn|p2b: Aerodactyl|Protect
|move|p1b: Dragonite|Hurricane|p2b: Aerodactyl
|-activate|p2b: Aerodactyl|move: Protect
|move|p2a: Corviknight|Brave Bird|p1b: Dragonite
|-damage|p1b: Dragonite|77/100
|-damage|p2a: Corviknight|55/100|[from] Recoil
|move|p1a: Politoed|Weather Ball|p2a: Corviknight
|-damage|p2a: Corviknight|1/100
|
|-weather|RainDance|[upkeep]
|-sideend|p1: lancepp|move: Tailwind
|-sideend|p2: AMediocreRobot|move: Tailwind
|upkeep
|turn|6
|c|Ōśålancepp|oh cmon big toed
|c|Ōśålancepp|i know u can do better
|
|t:|1783853793
|move|p1b: Dragonite|Protect|p1b: Dragonite
|-singleturn|p1b: Dragonite|Protect
|move|p2b: Aerodactyl|Tailwind|p2b: Aerodactyl
|-sidestart|p2: AMediocreRobot|move: Tailwind
|move|p2a: Corviknight|Brave Bird|p1b: Dragonite
|-activate|p1b: Dragonite|move: Protect
|move|p1a: Politoed|Muddy Water|p2a: Corviknight|[spread] p2a,p2b
|-crit|p2a: Corviknight
|-supereffective|p2b: Aerodactyl|1
|-damage|p2a: Corviknight|0 fnt
|-damage|p2b: Aerodactyl|0 fnt
|faint|p2a: Corviknight
|faint|p2b: Aerodactyl
|
|-weather|none
|upkeep
|
|t:|1783853800
|switch|p2b: Rotom|Rotom-Wash, L50|24/100
|switch|p2a: Sceptile|Sceptile, L50, F|100/100
|turn|7
|c|Ōśålancepp|crit mattered
|c|ŌśåAMediocreRobot|Real
|c|ŌśåAMediocreRobot|go now septile, be plus 1
|
|t:|1783853843
|detailschange|p2a: Sceptile|Sceptile-Mega, L50, F
|-mega|p2a: Sceptile|Sceptile|Sceptilite
|move|p2a: Sceptile|Dragon Pulse|p1b: Dragonite
|-supereffective|p1b: Dragonite|1
|-damage|p1b: Dragonite|0 fnt
|faint|p1b: Dragonite
|move|p2b: Rotom|Thunderbolt|p2a: Sceptile
|-activate|p2a: Sceptile|ability: Lightning Rod
|-ability|p2a: Sceptile|Lightning Rod|boost
|-boost|p2a: Sceptile|spa|1
|move|p1a: Politoed|Muddy Water|p2b: Rotom|[spread] p2a,p2b
|-resisted|p2a: Sceptile|2
|-resisted|p2b: Rotom|1
|-damage|p2a: Sceptile|93/100
|-damage|p2b: Rotom|12/100
|
|upkeep
|turn|8
|c|Ōśålancepp|well thats it
|-message|lancepp forfeited.
|
|win|AMediocreRobot
|c|ŌśåAMediocreRobot|Ggs
|c|Ōśålancepp|ggs
|l|ŌśåAMediocreRobot
|player|p2|
