|j|â˜†noka47
|j|â˜†CongoBrazzaSoldier
|html|noka47CongoBrazzaSoldier    
|uhtml|bestof|Game 1 of a best-of-3
|t:|1782232460
|gametype|doubles
|player|p1|noka47|101|1238
|player|p2|CongoBrazzaSoldier|101|1359
|gen|9
|tier|[Gen 9 Champions] VGC 2026 Reg M-B (Bo3)
|rated|
|rule|Species Clause: Limit one of each PokÃ©mon
|rule|Item Clause: Limit 1 of each item
|clearpoke
|poke|p1|Mawile, L50, F|
|poke|p1|Incineroar, L50, M|
|poke|p1|Sneasler, L50, F|
|poke|p1|Pelipper, L50, F|
|poke|p1|Farigiraf, L50, M|
|poke|p1|Sinistcha, L50|
|poke|p2|Swampert, L50, M|
|poke|p2|Pelipper, L50, F|
|poke|p2|Grimmsnarl, L50, M|
|poke|p2|Archaludon, L50, F|
|poke|p2|Basculegion, L50, M|
|poke|p2|Floette-Eternal, L50, F|
|teampreview|4
|showteam|p1|Mawile||Mawilite|Intimidate|IronHead,PlayRough,SuckerPunch,Protect|Adamant||F|||50|]Incineroar||PasshoBerry|Intimidate|FlareBlitz,DarkestLariat,FakeOut,PartingShot|Adamant||M|||50|]Sneasler||WhiteHerb|Unburden|CloseCombat,DireClaw,FakeOut,Protect|Adamant||F|||50|]Pelipper||LifeOrb|Drizzle|Hurricane,WeatherBall,IceBeam,Protect|Modest||F|||50|]Farigiraf||ColburBerry|ArmorTail|Psychic,Thunderbolt,TrickRoom,Protect|Quiet||M|||50|]Sinistcha||SitrusBerry|Hospitality|MatchaGotcha,RagePowder,TrickRoom,ShadowBall|Relaxed|||||50|
|showteam|p2|Swampert||Swampertite|Torrent|WaveCrash,Protect,Earthquake,IcePunch|Adamant||M|||50|]Pelipper||SitrusBerry|Drizzle|Tailwind,WideGuard,WeatherBall,Hurricane|Modest||F|||50|]Grimmsnarl||LightClay|Prankster|Reflect,LightScreen,PartingShot,SpiritBreak|Careful||M|||50|]Archaludon||Leftovers|Stamina|ElectroShot,Protect,DragonPulse,FlashCannon|Modest||F|||50|]Basculegion||FocusSash|Adaptability|Liquidation,LastRespects,Protect,AquaJet|Jolly||M|||50|]Floette-Eternal||Floettite|FlowerVeil|Moonblast,DazzlingGleam,Protect,LightofRuin|Modest||F|||50|
|inactive|Battle timer is ON: inactive players will automatically lose when time's up. (requested by noka47)
|inactive|CongoBrazzaSoldier has 60 seconds left.
|
|t:|1782232557
|teamsize|p1|4
|teamsize|p2|4
|start
|switch|p1a: Sneasler|Sneasler, L50, F|100/100
|switch|p1b: Farigiraf|Farigiraf, L50, M|100/100
|switch|p2a: Grimmsnarl|Grimmsnarl, L50, M|100/100
|switch|p2b: Archaludon|Archaludon, L50, F|100/100
|turn|1
|inactive|noka47 has 30 seconds left.
|inactive|noka47 has 20 seconds left.
|inactive|noka47 has 15 seconds left.
|
|t:|1782232598
|move|p2a: Grimmsnarl|Reflect|p2a: Grimmsnarl
|-sidestart|p2: CongoBrazzaSoldier|Reflect
|move|p1a: Sneasler|Dire Claw|p2a: Grimmsnarl
|-supereffective|p2a: Grimmsnarl|1
|-damage|p2a: Grimmsnarl|40/100
|move|p2b: Archaludon|Dragon Pulse|p1a: Sneasler
|-damage|p1a: Sneasler|49/100
|move|p1b: Farigiraf|Thunderbolt|p2a: Grimmsnarl
|-crit|p2a: Grimmsnarl
|-damage|p2a: Grimmsnarl|1/100
|-status|p2a: Grimmsnarl|par
|
|upkeep
|turn|2
|
|t:|1782232611
|move|p2a: Grimmsnarl|Light Screen|p2a: Grimmsnarl
|-sidestart|p2: CongoBrazzaSoldier|move: Light Screen
|move|p1a: Sneasler|Close Combat|p2b: Archaludon
|-supereffective|p2b: Archaludon|1
|-damage|p2b: Archaludon|36/100
|-unboost|p1a: Sneasler|def|1
|-unboost|p1a: Sneasler|spd|1
|-ability|p2b: Archaludon|Stamina|boost
|-boost|p2b: Archaludon|def|1
|-enditem|p1a: Sneasler|White Herb
|-clearnegativeboost|p1a: Sneasler|[silent]
|move|p2b: Archaludon|Dragon Pulse|p1a: Sneasler
|-damage|p1a: Sneasler|0 fnt
|faint|p1a: Sneasler
|move|p1b: Farigiraf|Trick Room|p1b: Farigiraf
|-fieldstart|move: Trick Room|[of] p1b: Farigiraf
|
|-heal|p2b: Archaludon|43/100|[from] item: Leftovers
|upkeep
|
|t:|1782232625
|switch|p1a: Mawile|Mawile, L50, F|100/100
|-ability|p1a: Mawile|Intimidate|boost
|-unboost|p2a: Grimmsnarl|atk|1
|-unboost|p2b: Archaludon|atk|1
|turn|3
|
|t:|1782232645
|detailschange|p1a: Mawile|Mawile-Mega, L50, F
|-mega|p1a: Mawile|Mawile|Mawilite
|move|p2a: Grimmsnarl|Spirit Break|p1b: Farigiraf
|-damage|p1b: Farigiraf|78/100
|-unboost|p1b: Farigiraf|spa|1
|move|p1a: Mawile|Play Rough|p2b: Archaludon
|-damage|p2b: Archaludon|15/100
|-ability|p2b: Archaludon|Stamina|boost
|-boost|p2b: Archaludon|def|1
|move|p1b: Farigiraf|Thunderbolt|p2a: Grimmsnarl
|-damage|p2a: Grimmsnarl|0 fnt
|faint|p2a: Grimmsnarl
|move|p2b: Archaludon|Flash Cannon|p1a: Mawile
|-damage|p1a: Mawile|54/100
|
|-heal|p2b: Archaludon|21/100|[from] item: Leftovers
|upkeep
|
|t:|1782232664
|switch|p2a: Swampert|Swampert, L50, M|100/100
|turn|4
|
|t:|1782232669
|switch|p1b: Sinistcha|Sinistcha, L50|100/100
|-heal|p1a: Mawile|78/100|[from] ability: Hospitality|[of] p1b: Sinistcha
|detailschange|p2a: Swampert|Swampert-Mega, L50, M
|-mega|p2a: Swampert|Swampert|Swampertite
|move|p1a: Mawile|Protect|p1a: Mawile
|-singleturn|p1a: Mawile|Protect
|move|p2b: Archaludon|Protect|p2b: Archaludon
|-singleturn|p2b: Archaludon|Protect
|move|p2a: Swampert|Earthquake|p1b: Sinistcha|[spread] p1b
|-activate|p2b: Archaludon|move: Protect
|-activate|p1a: Mawile|move: Protect
|-resisted|p1b: Sinistcha|1
|-damage|p1b: Sinistcha|84/100
|
|-heal|p2b: Archaludon|28/100|[from] item: Leftovers
|upkeep
|turn|5
|
|t:|1782232692
|switch|p2a: Pelipper|Pelipper, L50, F|100/100
|-weather|RainDance|[from] ability: Drizzle|[of] p2a: Pelipper
|move|p1a: Mawile|Play Rough|p2b: Archaludon
|-damage|p2b: Archaludon|4/100
|-unboost|p2b: Archaludon|atk|1
|-ability|p2b: Archaludon|Stamina|boost
|-boost|p2b: Archaludon|def|1
|move|p1b: Sinistcha|Shadow Ball|p2b: Archaludon
|-damage|p2b: Archaludon|0 fnt
|faint|p2b: Archaludon
|
|-weather|RainDance|[upkeep]
|upkeep
|
|t:|1782232703
|switch|p2b: Swampert|Swampert-Mega, L50, M|100/100
|turn|6
|
|t:|1782232723
|move|p2a: Pelipper|Wide Guard|p2a: Pelipper
|-singleturn|p2a: Pelipper|Wide Guard
|move|p1a: Mawile|Play Rough|p2a: Pelipper|[miss]
|-miss|p1a: Mawile|p2a: Pelipper
|move|p1b: Sinistcha|Shadow Ball|p2a: Pelipper
|-damage|p2a: Pelipper|71/100
|-unboost|p2a: Pelipper|spd|1
|move|p2b: Swampert|Earthquake|p1b: Sinistcha|[spread] p1a,p1b
|-activate|p2a: Pelipper|move: Wide Guard
|-supereffective|p1a: Mawile|1
|-resisted|p1b: Sinistcha|1
|-crit|p1b: Sinistcha
|-damage|p1a: Mawile|0 fnt
|-damage|p1b: Sinistcha|60/100
|faint|p1a: Mawile
|
|-weather|RainDance|[upkeep]
|-fieldend|move: Trick Room
|upkeep
|
|t:|1782232739
|switch|p1a: Farigiraf|Farigiraf, L50, M|78/100
|turn|7
|
|t:|1782232753
|move|p2b: Swampert|Wave Crash|p1a: Farigiraf
|-damage|p1a: Farigiraf|0 fnt
|faint|p1a: Farigiraf
|-damage|p2b: Swampert|67/100|[from] Recoil
|move|p2a: Pelipper|Hurricane|p1b: Sinistcha
|-supereffective|p1b: Sinistcha|1
|-damage|p1b: Sinistcha|0 fnt
|faint|p1b: Sinistcha
|
|win|CongoBrazzaSoldier
|inactive|noka47 has 30 seconds to confirm battle start!
|inactive|CongoBrazzaSoldier has 30 seconds to confirm battle start!
||noka47 is ready for game 2.
|inactive|CongoBrazzaSoldier has 20 seconds to confirm battle start!
||CongoBrazzaSoldier is ready for game 2.
|uhtml|next|Next: Game 2 of 3
