|j|☆Chavo666
|j|☆testdigi
|html|Chavo666testdigi    
|uhtml|bestof|Game 1 of a best-of-3
|t:|1785416975
|gametype|doubles
|player|p1|Chavo666|steven|1123
|player|p2|testdigi|169|1109
|gen|9
|tier|[Gen 9 Champions] VGC 2026 Reg M-B (Bo3)
|rated|
|rule|Species Clause: Limit one of each Pokémon
|rule|Item Clause: Limit 1 of each item
|clearpoke
|poke|p1|Dragonite, L50, M|
|poke|p1|Glimmora, L50, F|
|poke|p1|Kingambit, L50, F|
|poke|p1|Milotic, L50, M|
|poke|p1|Garchomp, L50, M|
|poke|p1|Whimsicott, L50, F|
|poke|p2|Tyranitar, L50, M|
|poke|p2|Excadrill, L50, F|
|poke|p2|Gholdengo, L50, shiny|
|poke|p2|Milotic, L50, F, shiny|
|poke|p2|Sinistcha, L50|
|poke|p2|Staraptor, L50, M|
|teampreview|4
|showteam|p1|Dragonite||Dragoninite|Multiscale|Flamethrower,AirSlash,Protect,DragonPulse|Modest||M|||50|]Glimmora||Glimmoranite|ToxicDebris|EarthPower,PowerGem,SludgeBomb,Protect|Timid||F|||50|]Kingambit||BlackGlasses|Defiant|KowtowCleave,LowKick,SuckerPunch,IronHead|Adamant||F|||50|]Milotic||Leftovers|Competitive|IcyWind,DragonCheer,Scald,Recover|Bold||M|||50|]Garchomp||LifeOrb|RoughSkin|Earthquake,DragonClaw,RockSlide,Protect|Jolly||M|||50|]Whimsicott||FocusSash|Prankster|Encore,Tailwind,Protect,Moonblast|Timid||F|||50|
|showteam|p2|Tyranitar||Tyranitarite|SandStream|RockSlide,KnockOff,LowKick,Protect|Adamant||M|||50|]Excadrill||FocusSash|SandRush|HighHorsepower,IronHead,RockTomb,Protect|Adamant||F|||50|]Gholdengo||LifeOrb|GoodasGold|ShadowBall,MakeItRain,NastyPlot,Protect|Modest|||||50|]Milotic||Leftovers|Competitive|Scald,Recover,IceBeam,Protect|Calm||F|||50|]Sinistcha||ColburBerry|Hospitality|MatchaGotcha,ShadowBall,RagePowder,Protect|Relaxed|||||50|]Staraptor||Staraptite|Intimidate|CloseCombat,BraveBird,Tailwind,Protect|Jolly||M|||50|
|
|t:|1785417033
|teamsize|p1|4
|teamsize|p2|4
|start
|switch|p1a: Dragonite|Dragonite, L50, M|100/100
|switch|p1b: Milotic|Milotic, L50, M|100/100
|switch|p2a: Staraptor|Staraptor, L50, M|100/100
|switch|p2b: Gholdengo|Gholdengo, L50, shiny|100/100
|-ability|p2a: Staraptor|Intimidate|boost
|-unboost|p1a: Dragonite|atk|1
|-unboost|p1b: Milotic|atk|1
|-ability|p1b: Milotic|Competitive|boost
|-boost|p1b: Milotic|spa|2
|turn|1
|
|t:|1785417065
|detailschange|p2a: Staraptor|Staraptor-Mega, L50, M
|-mega|p2a: Staraptor|Staraptor|Staraptite
|detailschange|p1a: Dragonite|Dragonite-Mega, L50, M
|-mega|p1a: Dragonite|Dragonite|Dragoninite
|move|p2b: Gholdengo|Protect|p2b: Gholdengo
|-singleturn|p2b: Gholdengo|Protect
|move|p2a: Staraptor|Tailwind|p2a: Staraptor
|-sidestart|p2: testdigi|move: Tailwind
|move|p1a: Dragonite|Flamethrower|p2b: Gholdengo
|-activate|p2b: Gholdengo|move: Protect
|move|p1b: Milotic|Dragon Cheer|p1a: Dragonite
|-start|p1a: Dragonite|move: Dragon Cheer
|
|upkeep
|turn|2
|
|t:|1785417084
|move|p2a: Staraptor|Close Combat|p1a: Dragonite
|-resisted|p1a: Dragonite|1
|-damage|p1a: Dragonite|86/100
|-boost|p2a: Staraptor|def|1
|-boost|p2a: Staraptor|spd|1
|move|p2b: Gholdengo|Shadow Ball|p1a: Dragonite
|-damage|p1a: Dragonite|35/100
|-unboost|p1a: Dragonite|spd|1
|-damage|p2b: Gholdengo|90/100|[from] item: Life Orb
|move|p1a: Dragonite|Flamethrower|p2b: Gholdengo
|-supereffective|p2b: Gholdengo|1
|-crit|p2b: Gholdengo
|-damage|p2b: Gholdengo|0 fnt
|faint|p2b: Gholdengo
|move|p1b: Milotic|Scald|p2a: Staraptor
|-damage|p2a: Staraptor|64/100
|
|upkeep
|
|t:|1785417091
|switch|p2b: Milotic|Milotic, L50, F, shiny|100/100
|turn|3
|
|t:|1785417108
|move|p1a: Dragonite|Protect|p1a: Dragonite
|-singleturn|p1a: Dragonite|Protect
|move|p2a: Staraptor|Close Combat|p1b: Milotic
|-damage|p1b: Milotic|54/100
|-boost|p2a: Staraptor|def|1
|-boost|p2a: Staraptor|spd|1
|move|p2b: Milotic|Ice Beam|p1a: Dragonite
|-activate|p1a: Dragonite|move: Protect
|move|p1b: Milotic|Scald|p2a: Staraptor
|-damage|p2a: Staraptor|37/100
|
|-heal|p1b: Milotic|60/100|[from] item: Leftovers
|upkeep
|turn|4
|
|t:|1785417127
|move|p2a: Staraptor|Protect|p2a: Staraptor
|-singleturn|p2a: Staraptor|Protect
|move|p2b: Milotic|Ice Beam|p1a: Dragonite
|-supereffective|p1a: Dragonite|2
|-damage|p1a: Dragonite|0 fnt
|faint|p1a: Dragonite
|move|p1b: Milotic|Recover|p1b: Milotic
|-heal|p1b: Milotic|100/100
|
|-sideend|p2: testdigi|move: Tailwind
|upkeep
|
|t:|1785417141
|switch|p1a: Garchomp|Garchomp, L50, M|100/100
|turn|5
|
|t:|1785417158
|switch|p2b: Sinistcha|Sinistcha, L50|100/100
|-heal|p2a: Staraptor|62/100|[from] ability: Hospitality|[of] p2b: Sinistcha
|move|p1a: Garchomp|Protect|p1a: Garchomp
|-singleturn|p1a: Garchomp|Protect
|move|p2a: Staraptor|Tailwind|p2a: Staraptor
|-sidestart|p2: testdigi|move: Tailwind
|move|p1b: Milotic|Scald|p2a: Staraptor
|-damage|p2a: Staraptor|31/100
|
|upkeep
|turn|6
|
|t:|1785417179
|move|p2a: Staraptor|Close Combat|p1b: Milotic
|-damage|p1b: Milotic|50/100g
|-boost|p2a: Staraptor|def|1
|-boost|p2a: Staraptor|spd|1
|move|p1a: Garchomp|Rock Slide|p2b: Sinistcha|[spread] p2a,p2b
|-damage|p2a: Staraptor|21/100
|-damage|p2b: Sinistcha|78/100
|-damage|p1a: Garchomp|90/100|[from] item: Life Orb
|move|p2b: Sinistcha|Matcha Gotcha|p1a: Garchomp|[spread] p1a,p1b
|-supereffective|p1b: Milotic|1
|-damage|p1a: Garchomp|63/100
|-heal|p2b: Sinistcha|92/100|[from] drain|[of] p1a: Garchomp
|-damage|p1b: Milotic|14/100
|-heal|p2b: Sinistcha|100/100|[from] drain|[of] p1b: Milotic
|move|p1b: Milotic|Dragon Cheer|p1a: Garchomp
|-start|p1a: Garchomp|move: Dragon Cheer
|
|-heal|p1b: Milotic|20/100y|[from] item: Leftovers
|upkeep
|turn|7
|
|t:|1785417201
|move|p2a: Staraptor|Close Combat|p1b: Milotic
|-damage|p1b: Milotic|0 fnt
|-boost|p2a: Staraptor|def|1
|-boost|p2a: Staraptor|spd|1
|faint|p1b: Milotic
|move|p1a: Garchomp|Rock Slide|p2a: Staraptor|[spread] p2a,p2b
|-crit|p2a: Staraptor
|-damage|p2a: Staraptor|0 fnt
|-damage|p2b: Sinistcha|80/100
|faint|p2a: Staraptor
|-damage|p1a: Garchomp|54/100|[from] item: Life Orb
|cant|p2b: Sinistcha|flinch
|
|upkeep
|
|t:|1785417209
|switch|p2a: Milotic|Milotic, L50, F, shiny|100/100
|switch|p1b: Kingambit|Kingambit, L50, F|100/100
|turn|8
|
|t:|1785417225
|move|p1a: Garchomp|Protect|p1a: Garchomp
|-singleturn|p1a: Garchomp|Protect
|move|p2a: Milotic|Ice Beam|p1a: Garchomp
|-activate|p1a: Garchomp|move: Protect
|move|p2b: Sinistcha|Matcha Gotcha|p1b: Kingambit|[spread] p1b
|-activate|p1a: Garchomp|move: Protect
|-resisted|p1b: Kingambit|1
|-damage|p1b: Kingambit|87/100
|-heal|p2b: Sinistcha|88/100|[from] drain|[of] p1b: Kingambit
|-status|p1b: Kingambit|brn
|move|p1b: Kingambit|Kowtow Cleave|p2b: Sinistcha
|-supereffective|p2b: Sinistcha|1
|-enditem|p2b: Sinistcha|Colbur Berry|[eat]
|-enditem|p2b: Sinistcha|Colbur Berry|[weaken]
|-damage|p2b: Sinistcha|64/100
|
|-damage|p1b: Kingambit|81/100 brn|[from] brn
|-sideend|p2: testdigi|move: Tailwind
|upkeep
|turn|9
|
|t:|1785417247
|move|p1a: Garchomp|Dragon Claw|p2a: Milotic
|-crit|p2a: Milotic
|-damage|p2a: Milotic|26/100
|-damage|p1a: Garchomp|44/100|[from] item: Life Orb
|move|p2a: Milotic|Ice Beam|p1a: Garchomp
|-supereffective|p1a: Garchomp|2
|-damage|p1a: Garchomp|0 fnt
|faint|p1a: Garchomp
|move|p2b: Sinistcha|Matcha Gotcha|p1b: Kingambit
|-resisted|p1b: Kingambit|1
|-damage|p1b: Kingambit|67/100 brn
|-heal|p2b: Sinistcha|72/100|[from] drain|[of] p1b: Kingambit
|move|p1b: Kingambit|Kowtow Cleave|p2a: Milotic
|-damage|p2a: Milotic|0 fnt
|faint|p2a: Milotic
|
|-damage|p1b: Kingambit|61/100 brn|[from] brn
|upkeep
|turn|10
|
|t:|1785417263
|move|p2b: Sinistcha|Protect|p2b: Sinistcha
|-singleturn|p2b: Sinistcha|Protect
|move|p1b: Kingambit|Kowtow Cleave|p2b: Sinistcha
|-activate|p2b: Sinistcha|move: Protect
|
|-damage|p1b: Kingambit|55/100 brn|[from] brn
|upkeep
|turn|11
|
|t:|1785417282
|move|p2b: Sinistcha|Shadow Ball|p1b: Kingambit
|-resisted|p1b: Kingambit|1
|-damage|p1b: Kingambit|38/100 brn
|move|p1b: Kingambit|Kowtow Cleave|p2b: Sinistcha
|-supereffective|p2b: Sinistcha|1
|-damage|p2b: Sinistcha|20/100y
|
|-damage|p1b: Kingambit|32/100 brn|[from] brn
|upkeep
|turn|12
|
|t:|1785417297
|move|p2b: Sinistcha|Protect|p2b: Sinistcha
|-singleturn|p2b: Sinistcha|Protect
|move|p1b: Kingambit|Sucker Punch||[still]
|-fail|p1b: Kingambit
|
|-damage|p1b: Kingambit|26/100 brn|[from] brn
|upkeep
|turn|13
|
|t:|1785417309
|move|p2b: Sinistcha|Rage Powder|p2b: Sinistcha
|-singleturn|p2b: Sinistcha|move: Rage Powder
|move|p1b: Kingambit|Kowtow Cleave|p2b: Sinistcha
|-supereffective|p2b: Sinistcha|1
|-damage|p2b: Sinistcha|0 fnt
|faint|p2b: Sinistcha
|
|win|Chavo666
||testdigi is ready for game 2.
||Chavo666 is ready for game 2.
|uhtml|next|Next: Game 2 of 3
