|j|☆iceshard00
|j|☆Plata251
|html|iceshard00Plata251    
|uhtml|bestof|Game 3 of a best-of-3
|t:|1783625750
|gametype|doubles
|player|p1|iceshard00|lucas|1027
|player|p2|Plata251|corbeau|1109
|gen|9
|tier|[Gen 9 Champions] VGC 2026 Reg M-B (Bo3)
|rated|
|rule|Species Clause: Limit one of each Pokémon
|rule|Item Clause: Limit 1 of each item
|clearpoke
|poke|p1|Whimsicott, L50, M|
|poke|p1|Chesnaught, L50, M, shiny|
|poke|p1|Pelipper, L50, M|
|poke|p1|Mawile, L50, M|
|poke|p1|Glimmora, L50, F|
|poke|p1|Incineroar, L50, F|
|poke|p2|Farigiraf, L50, F|
|poke|p2|Sableye, L50, F|
|poke|p2|Scrafty, L50, F|
|poke|p2|Sinistcha, L50|
|poke|p2|Watchog, L50, M, shiny|
|poke|p2|Aerodactyl, L50, M|
|teampreview|4
|showteam|p1|Whimsicott||FocusSash|Prankster|Moonblast,TrickRoom,GrassyTerrain,Encore|Bold||M|||50|]Chesnaught||Chesnaughtite|Bulletproof|GrassyGlide,DrainPunch,BellyDrum,SpikyShield|Sassy||M|||50|]Pelipper||LifeOrb|Drizzle|Hurricane,WeatherBall,Tailwind,WideGuard|Quiet||M|||50|]Mawile||Mawilite|HyperCutter|PlayRough,SuckerPunch,SwordsDance,Protect|Brave||M|||50|]Glimmora||ExpertBelt|ToxicDebris|PowerGem,EarthPower,SludgeBomb,SpikyShield|Modest||F|||50|]Incineroar||SitrusBerry|Intimidate|FakeOut,PartingShot,DarkestLariat,WillOWisp|Brave||F|||50|
|showteam|p2|Farigiraf||TwistedSpoon|ArmorTail|PsychicNoise,HyperVoice,AllySwitch,HelpingHand|Modest||F|||50|]Sableye||SitrusBerry|Prankster|FakeOut,Quash,Encore,NightShade|Careful||F|||50|]Scrafty||Scraftinite|Intimidate|Substitute,FocusPunch,Crunch,Detect|Adamant||F|||50|]Sinistcha||ColburBerry|Hospitality|MatchaGotcha,RagePowder,TrickRoom,LifeDew|Bold|||||50|]Watchog||BlackGlasses|Analytic|SuperFang,Hypnosis,Assurance,Protect|Jolly||M|||50|]Aerodactyl||LifeOrb|Unnerve|Tailwind,WideGuard,RockSlide,DualWingbeat|Jolly||M|||50|
|inactive|Battle timer is ON: inactive players will automatically lose when time's up. (requested by Plata251)
|
|t:|1783625805
|teamsize|p1|4
|teamsize|p2|4
|start
|switch|p1a: Incineroar|Incineroar, L50, F|100/100
|switch|p1b: Glimmora|Glimmora, L50, F|100/100
|switch|p2a: Farigiraf|Farigiraf, L50, F|100/100
|switch|p2b: Aerodactyl|Aerodactyl, L50, M|100/100
|-ability|p2b: Aerodactyl|Unnerve
|-ability|p1a: Incineroar|Intimidate|boost
|-unboost|p2a: Farigiraf|atk|1
|-unboost|p2b: Aerodactyl|atk|1
|turn|1
|inactive|iceshard00 has 30 seconds left.
|
|t:|1783625833
|move|p2b: Aerodactyl|Tailwind|p2b: Aerodactyl
|-sidestart|p2: Plata251|move: Tailwind
|move|p2a: Farigiraf|Psychic Noise|p1b: Glimmora
|-supereffective|p1b: Glimmora|1
|-damage|p1b: Glimmora|23/100
|-start|p1b: Glimmora|move: Heal Block
|move|p1b: Glimmora|Power Gem|p2a: Farigiraf
|-damage|p2a: Farigiraf|57/100
|move|p1a: Incineroar|Parting Shot|p2b: Aerodactyl
|-unboost|p2b: Aerodactyl|atk|1
|-unboost|p2b: Aerodactyl|spa|1
|
|t:|1783625844
|switch|p1a: Whimsicott|Whimsicott, L50, M|100/100|[from] Parting Shot
|
|upkeep
|turn|2
|
|t:|1783625864
|move|p2a: Farigiraf|Helping Hand|p2b: Aerodactyl
|-singleturn|p2b: Aerodactyl|Helping Hand|[of] p2a: Farigiraf
|move|p1b: Glimmora|Spiky Shield|p1b: Glimmora
|-singleturn|p1b: Glimmora|move: Protect
|move|p1a: Whimsicott|Encore||[still]
|cant|p2a: Farigiraf|ability: Armor Tail|Encore|[of] p1a: Whimsicott
|move|p2b: Aerodactyl|Dual Wingbeat|p1a: Whimsicott
|-supereffective|p1a: Whimsicott|1
|-damage|p1a: Whimsicott|59/100
|-supereffective|p1a: Whimsicott|1
|-damage|p1a: Whimsicott|25/100
|-hitcount|p1a: Whimsicott|2
|-damage|p2b: Aerodactyl|90/100|[from] item: Life Orb
|
|-end|p1b: Glimmora|move: Heal Block
|upkeep
|turn|3
|inactive|iceshard00 has 30 seconds left.
|inactive|iceshard00 has 20 seconds left.
|
|t:|1783625902
|switch|p1a: Mawile|Mawile, L50, M|100/100
|switch|p1b: Incineroar|Incineroar, L50, F|100/100
|-ability|p1b: Incineroar|Intimidate|boost
|-unboost|p2a: Farigiraf|atk|1
|-unboost|p2b: Aerodactyl|atk|1
|move|p2b: Aerodactyl|Rock Slide|p1b: Incineroar|[spread] p1a
|-miss|p2b: Aerodactyl|p1b: Incineroar
|-resisted|p1a: Mawile|1
|-damage|p1a: Mawile|91/100
|-damage|p2b: Aerodactyl|80/100|[from] item: Life Orb
|move|p2a: Farigiraf|Hyper Voice|p1b: Incineroar|[spread] p1a,p1b
|-resisted|p1a: Mawile|1
|-damage|p1a: Mawile|64/100
|-damage|p1b: Incineroar|74/100
|
|upkeep
|turn|4
|
|t:|1783625927
|detailschange|p1a: Mawile|Mawile-Mega, L50, M
|-mega|p1a: Mawile|Mawile|Mawilite
|move|p2a: Farigiraf|Helping Hand|p2b: Aerodactyl
|-singleturn|p2b: Aerodactyl|Helping Hand|[of] p2a: Farigiraf
|move|p1a: Mawile|Sucker Punch||[still]
|cant|p2a: Farigiraf|ability: Armor Tail|Sucker Punch|[of] p1a: Mawile
|move|p2b: Aerodactyl|Rock Slide|p1b: Incineroar|[spread] p1a,p1b
|-resisted|p1a: Mawile|1
|-supereffective|p1b: Incineroar|1
|-damage|p1a: Mawile|54/100
|-damage|p1b: Incineroar|43/100
|-damage|p2b: Aerodactyl|71/100|[from] item: Life Orb
|cant|p1b: Incineroar|flinch
|
|-sideend|p2: Plata251|move: Tailwind
|upkeep
|turn|5
|
|t:|1783625946
|move|p2a: Farigiraf|Ally Switch|p2a: Farigiraf
|swap|p2a: Farigiraf|1|[from] move: Ally Switch
|move|p2a: Aerodactyl|Tailwind|p2a: Aerodactyl
|-sidestart|p2: Plata251|move: Tailwind
|move|p1b: Incineroar|Darkest Lariat|p2a: Aerodactyl
|-damage|p2a: Aerodactyl|7/100
|move|p1a: Mawile|Play Rough|p2a: Aerodactyl
|-damage|p2a: Aerodactyl|0 fnt
|-enditem|p1b: Incineroar|Sitrus Berry|[eat]
|-heal|p1b: Incineroar|68/100|[from] item: Sitrus Berry
|faint|p2a: Aerodactyl
|
|upkeep
|
|t:|1783625959
|switch|p2a: Scrafty|Scrafty, L50, F|100/100
|-ability|p2a: Scrafty|Intimidate|boost
|-unboost|p1a: Mawile|atk|1
|-unboost|p1b: Incineroar|atk|1
|turn|6
|
|t:|1783625975
|detailschange|p2a: Scrafty|Scrafty-Mega, L50, F
|-mega|p2a: Scrafty|Scrafty|Scraftinite
|-ability|p2a: Scrafty|Intimidate|boost
|-unboost|p1a: Mawile|atk|1
|-unboost|p1b: Incineroar|atk|1
|move|p2b: Farigiraf|Ally Switch||[still]
|-fail|p2b: Farigiraf
|move|p2a: Scrafty|Substitute|p2a: Scrafty
|-start|p2a: Scrafty|Substitute
|-damage|p2a: Scrafty|75/100
|move|p1b: Incineroar|Darkest Lariat|p2a: Scrafty
|-resisted|p2a: Scrafty|2
|-activate|p2a: Scrafty|move: Substitute|[damage]
|move|p1a: Mawile|Play Rough|p2a: Scrafty
|-supereffective|p2a: Scrafty|2
|-end|p2a: Scrafty|Substitute
|
|upkeep
|turn|7
|
|t:|1783625997
|-singleturn|p2a: Scrafty|move: Focus Punch
|move|p2b: Farigiraf|Ally Switch|p2b: Farigiraf
|swap|p2b: Farigiraf|0|[from] move: Ally Switch
|move|p1b: Incineroar|Darkest Lariat|p2a: Farigiraf
|-supereffective|p2a: Farigiraf|1
|-damage|p2a: Farigiraf|23/100
|move|p1a: Mawile|Play Rough|p2a: Farigiraf
|-damage|p2a: Farigiraf|0 fnt
|faint|p2a: Farigiraf
|move|p2b: Scrafty|Focus Punch|p1b: Incineroar
|-supereffective|p1b: Incineroar|1
|-damage|p1b: Incineroar|0 fnt
|faint|p1b: Incineroar
|
|upkeep
|
|t:|1783626011
|switch|p2a: Sinistcha|Sinistcha, L50|100/100
|switch|p1b: Whimsicott|Whimsicott, L50, M|25/100
|-heal|p2b: Scrafty|100/100|[from] ability: Hospitality|[of] p2a: Sinistcha
|turn|8
|
|t:|1783626036
|move|p2b: Scrafty|Detect|p2b: Scrafty
|-singleturn|p2b: Scrafty|Protect
|move|p1b: Whimsicott|Moonblast|p2b: Scrafty
|-activate|p2b: Scrafty|move: Protect
|move|p1a: Mawile|Swords Dance|p1a: Mawile
|-boost|p1a: Mawile|atk|2
|move|p2a: Sinistcha|Trick Room|p2a: Sinistcha
|-fieldstart|move: Trick Room|[of] p2a: Sinistcha
|
|-sideend|p2: Plata251|move: Tailwind
|upkeep
|turn|9
|
|t:|1783626058
|move|p2a: Sinistcha|Rage Powder|p2a: Sinistcha
|-singleturn|p2a: Sinistcha|move: Rage Powder
|move|p1a: Mawile|Play Rough|p2a: Sinistcha
|-damage|p2a: Sinistcha|23/100
|move|p2b: Scrafty|Substitute|p2b: Scrafty
|-start|p2b: Scrafty|Substitute
|-damage|p2b: Scrafty|75/100
|move|p1b: Whimsicott|Moonblast|p2b: Scrafty
|-supereffective|p2b: Scrafty|2
|-end|p2b: Scrafty|Substitute
|
|upkeep
|turn|10
|
|t:|1783626077
|move|p1a: Mawile|Play Rough|p2b: Scrafty
|-supereffective|p2b: Scrafty|2
|-damage|p2b: Scrafty|0 fnt
|faint|p2b: Scrafty
|move|p2a: Sinistcha|Life Dew|p2a: Sinistcha
|-heal|p2a: Sinistcha|48/100
|move|p1b: Whimsicott|Moonblast|p2a: Sinistcha
|-damage|p2a: Sinistcha|24/100
|
|upkeep
|turn|11
|
|t:|1783626091
|move|p1a: Mawile|Play Rough|p2a: Sinistcha
|-damage|p2a: Sinistcha|0 fnt
|faint|p2a: Sinistcha
|
|win|iceshard00
|raw|iceshard00's rating: 1027 → 1071(+44 for winning)
|raw|Plata251's rating: 1109 → 1078(-31 for losing)
|l|☆Plata251
|player|p2|
