|j|☆LegionVGC
|j|☆veryreally
|html|LegionVGCveryreally    
|uhtml|bestof|Game 2 of a best-of-3
|t:|1757860753
|gametype|doubles
|player|p1|LegionVGC|170|1204
|player|p2|veryreally|2|1111
|gen|9
|tier|[Gen 9] VGC 2025 Reg H (Bo3)
|rated|
|rule|Species Clause: Limit one of each Pokémon
|rule|Item Clause: Limit 1 of each item
|clearpoke
|poke|p1|Jumpluff, L50, M|
|poke|p1|Charizard, L50, M|
|poke|p1|Incineroar, L50, M|
|poke|p1|Ursaluna, L50, M|
|poke|p1|Porygon2, L50|
|poke|p1|Torkoal, L50, M|
|poke|p2|Baxcalibur, L50, F|
|poke|p2|Dondozo, L50, M|
|poke|p2|Kingambit, L50, M|
|poke|p2|Rillaboom, L50, M|
|poke|p2|Sneasler, L50, F|
|poke|p2|Volcarona, L50, M|
|teampreview|4
|showteam|p1|Jumpluff||CovertCloak|Chlorophyll|RagePowder,SleepPowder,SunnyDay,Tailwind|||M|||50|,,,,,Water]Charizard||ChoiceSpecs|SolarPower|HeatWave,Overheat,WeatherBall,AirSlash|||M|||50|,,,,,Ghost]Incineroar||SafetyGoggles|Intimidate|FlareBlitz,KnockOff,FakeOut,PartingShot|||M|||50|,,,,,Ghost]Ursaluna||FlameOrb|Guts|HeadlongRush,Facade,Earthquake,Protect|||M|||50|,,,,,Ghost]Porygon2||Eviolite|Download|TeraBlast,IceBeam,Recover,TrickRoom||||||50|,,,,,Fighting]Torkoal||EjectPack|Drought|Eruption,Overheat,HelpingHand,Protect|||M|||50|,,,,,Fire
|showteam|p2|Baxcalibur||LoadedDice|ThermalExchange|IcicleSpear,ScaleShot,Protect,IceShard|||F|||50|,,,,,Ghost]Dondozo||Leftovers|Unaware|Liquidation,Fissure,Protect,Yawn|||M|||50|,,,,,Bug]Kingambit||SafetyGoggles|Defiant|KowtowCleave,SuckerPunch,Protect,SwordsDance|||M|||50|,,,,,Dark]Rillaboom||AssaultVest|GrassySurge|FakeOut,GrassyGlide,HighHorsepower,WoodHammer|||M|||50|,,,,,Water]Sneasler||FocusSash|Unburden|DireClaw,CloseCombat,Protect,Coaching|||F|||50|,,,,,Stellar]Volcarona||CovertCloak|FlameBody|HeatWave,TeraBlast,RagePowder,QuiverDance|||M|||50|,,,,,Fairy
|inactive|Battle timer is ON: inactive players will automatically lose when time's up. (requested by LegionVGC)
|
|t:|1757860760
|teamsize|p1|4
|teamsize|p2|4
|start
|switch|p1a: Turtle|Torkoal, L50, M|100/100
|switch|p1b: Starbreaker|Porygon2, L50|100/100
|switch|p2a: Sneasler|Sneasler, L50, F|100/100
|switch|p2b: Rillaboom|Rillaboom, L50, M|100/100
|-fieldstart|move: Grassy Terrain|[from] ability: Grassy Surge|[of] p2b: Rillaboom
|-ability|p1b: Starbreaker|Download|boost
|-boost|p1b: Starbreaker|atk|1
|-weather|SunnyDay|[from] ability: Drought|[of] p1a: Turtle
|turn|1
|
|t:|1757860784
|switch|p1b: Scat Pack|Incineroar, L50, M|100/100
|-ability|p1b: Scat Pack|Intimidate|boost
|-unboost|p2a: Sneasler|atk|1
|-unboost|p2b: Rillaboom|atk|1
|-terastallize|p2b: Rillaboom|Water
|move|p2b: Rillaboom|Fake Out|p1b: Scat Pack
|-damage|p1b: Scat Pack|91/100
|move|p2a: Sneasler|Close Combat|p1a: Turtle
|-damage|p1a: Turtle|67/100
|-unboost|p2a: Sneasler|def|1
|-unboost|p2a: Sneasler|spd|1
|move|p1a: Turtle|Overheat|p2a: Sneasler
|-enditem|p2a: Sneasler|Focus Sash
|-damage|p2a: Sneasler|1/100
|-unboost|p1a: Turtle|spa|2
|-enditem|p1a: Turtle|Eject Pack
|
|t:|1757860800
|switch|p1a: Starbreaker|Porygon2, L50|100/100
|-ability|p1a: Starbreaker|Download|boost
|-boost|p1a: Starbreaker|atk|1
|
|-weather|SunnyDay|[upkeep]
|-heal|p2a: Sneasler|7/100|[from] Grassy Terrain
|-heal|p1b: Scat Pack|97/100|[from] Grassy Terrain
|upkeep
|turn|2
|
|t:|1757860817
|switch|p2a: Dondozo|Dondozo, L50, M|100/100
|move|p2b: Rillaboom|High Horsepower|p1b: Scat Pack
|-supereffective|p1b: Scat Pack
|-damage|p1b: Scat Pack|56/100
|move|p1b: Scat Pack|Parting Shot|p2b: Rillaboom
|-unboost|p2b: Rillaboom|atk|1
|-unboost|p2b: Rillaboom|spa|1
|
|t:|1757860826
|switch|p1b: Baloo|Ursaluna, L50, M, shiny|100/100|[from] Parting Shot
|move|p1a: Starbreaker|Trick Room|p1a: Starbreaker
|-fieldstart|move: Trick Room|[of] p1a: Starbreaker
|
|-weather|SunnyDay|[upkeep]
|-status|p1b: Baloo|brn|[from] item: Flame Orb
|upkeep
|turn|3
|
|t:|1757860844
|switch|p1a: Scat Pack|Incineroar, L50, M|56/100
|-ability|p1a: Scat Pack|Intimidate|boost
|-unboost|p2a: Dondozo|atk|1
|-unboost|p2b: Rillaboom|atk|1
|switch|p2b: Kingambit|Kingambit, L50, M|100/100
|move|p2a: Dondozo|Liquidation|p1b: Baloo
|-supereffective|p1b: Baloo
|-damage|p1b: Baloo|87/100 brn
|move|p1b: Baloo|Facade|p2b: Kingambit
|-resisted|p2b: Kingambit
|-damage|p2b: Kingambit|54/100
|
|-weather|SunnyDay|[upkeep]
|-heal|p2b: Kingambit|60/100|[from] Grassy Terrain
|-heal|p1b: Baloo|93/100 brn|[from] Grassy Terrain
|-heal|p1a: Scat Pack|62/100|[from] Grassy Terrain
|-damage|p1b: Baloo|87/100 brn|[from] brn
|upkeep
|turn|4
|
|t:|1757860864
|move|p2a: Dondozo|Protect|p2a: Dondozo
|-singleturn|p2a: Dondozo|Protect
|move|p2b: Kingambit|Protect|p2b: Kingambit
|-singleturn|p2b: Kingambit|Protect
|move|p1b: Baloo|Facade|p2a: Dondozo
|-activate|p2a: Dondozo|move: Protect
|move|p1a: Scat Pack|Flare Blitz|p2b: Kingambit
|-activate|p2b: Kingambit|move: Protect
|
|-weather|SunnyDay|[upkeep]
|-heal|p2b: Kingambit|66/100|[from] Grassy Terrain
|-heal|p1b: Baloo|93/100 brn|[from] Grassy Terrain
|-heal|p1a: Scat Pack|68/100|[from] Grassy Terrain
|-damage|p1b: Baloo|87/100 brn|[from] brn
|upkeep
|turn|5
|
|t:|1757860882
|move|p2b: Kingambit|Sucker Punch|p1b: Baloo
|-damage|p1b: Baloo|57/100 brn
|move|p2a: Dondozo|Liquidation|p1b: Baloo
|-supereffective|p1b: Baloo
|-damage|p1b: Baloo|44/100 brn
|move|p1b: Baloo|Facade|p2b: Kingambit
|-resisted|p2b: Kingambit
|-damage|p2b: Kingambit|14/100
|move|p1a: Scat Pack|Knock Off|p2a: Dondozo
|-damage|p2a: Dondozo|74/100
|-enditem|p2a: Dondozo|Leftovers|[from] move: Knock Off|[of] p1a: Scat Pack
|
|-weather|none
|-heal|p2a: Dondozo|80/100|[from] Grassy Terrain
|-heal|p2b: Kingambit|20/100|[from] Grassy Terrain
|-heal|p1b: Baloo|49/100 brn|[from] Grassy Terrain
|-heal|p1a: Scat Pack|74/100|[from] Grassy Terrain
|-damage|p1b: Baloo|44/100 brn|[from] brn
|-fieldend|move: Grassy Terrain
|upkeep
|turn|6
|inactive|LegionVGC has 30 seconds left.
|inactive|veryreally has 30 seconds left.
|inactive|LegionVGC has 20 seconds left.
|inactive|veryreally has 20 seconds left.
|inactive|LegionVGC has 15 seconds left.
|inactive|LegionVGC has 10 seconds left.
|
|t:|1757860928
|move|p2b: Kingambit|Sucker Punch|p1b: Baloo
|-damage|p1b: Baloo|13/100 brn
|move|p2a: Dondozo|Yawn|p1a: Scat Pack
|-start|p1a: Scat Pack|move: Yawn|[of] p2a: Dondozo
|move|p1b: Baloo|Facade|p2b: Kingambit
|-resisted|p2b: Kingambit
|-damage|p2b: Kingambit|0 fnt
|faint|p2b: Kingambit
|move|p1a: Scat Pack|Parting Shot|p1b: Baloo
|-unboost|p1b: Baloo|atk|1
|-unboost|p1b: Baloo|spa|1
|
|t:|1757860939
|switch|p1a: Starbreaker|Porygon2, L50|100/100|[from] Parting Shot
|-ability|p1a: Starbreaker|Download|boost
|-boost|p1a: Starbreaker|spa|1
|
|-damage|p1b: Baloo|7/100 brn|[from] brn
|-fieldend|move: Trick Room
|upkeep
|
|t:|1757860943
|switch|p2b: Rillaboom|Rillaboom, L50, M, tera:Water|100/100
|-fieldstart|move: Grassy Terrain|[from] ability: Grassy Surge|[of] p2b: Rillaboom
|turn|7
|
|t:|1757860953
|switch|p1b: Scat Pack|Incineroar, L50, M|74/100
|-ability|p1b: Scat Pack|Intimidate|boost
|-unboost|p2a: Dondozo|atk|1
|-unboost|p2b: Rillaboom|atk|1
|move|p2b: Rillaboom|Grassy Glide|p1b: Scat Pack
|-resisted|p1b: Scat Pack
|-damage|p1b: Scat Pack|63/100
|move|p2a: Dondozo|Yawn|p1a: Starbreaker
|-start|p1a: Starbreaker|move: Yawn|[of] p2a: Dondozo
|move|p1a: Starbreaker|Trick Room|p1a: Starbreaker
|-fieldstart|move: Trick Room|[of] p1a: Starbreaker
|
|-heal|p2a: Dondozo|86/100|[from] Grassy Terrain
|-heal|p1b: Scat Pack|69/100|[from] Grassy Terrain
|upkeep
|turn|8
|
|t:|1757860975
|switch|p1a: Turtle|Torkoal, L50, M|67/100
|-weather|SunnyDay|[from] ability: Drought|[of] p1a: Turtle
|move|p2a: Dondozo|Yawn|p1a: Turtle
|-start|p1a: Turtle|move: Yawn|[of] p2a: Dondozo
|move|p2b: Rillaboom|High Horsepower|p1a: Turtle
|-supereffective|p1a: Turtle
|-damage|p1a: Turtle|32/100
|move|p1b: Scat Pack|Knock Off|p2b: Rillaboom
|-damage|p2b: Rillaboom|62/100
|-enditem|p2b: Rillaboom|Assault Vest|[from] move: Knock Off|[of] p1b: Scat Pack
|
|-weather|SunnyDay|[upkeep]
|-heal|p1a: Turtle|38/100|[from] Grassy Terrain
|-heal|p2a: Dondozo|92/100|[from] Grassy Terrain
|-heal|p2b: Rillaboom|68/100|[from] Grassy Terrain
|-heal|p1b: Scat Pack|75/100|[from] Grassy Terrain
|upkeep
|turn|9
|inactive|LegionVGC has 30 seconds left.
|
|t:|1757861002
|switch|p1a: Starbreaker|Porygon2, L50|100/100
|-ability|p1a: Starbreaker|Download|boost
|-boost|p1a: Starbreaker|spa|1
|move|p2a: Dondozo|Yawn|p1a: Starbreaker
|-start|p1a: Starbreaker|move: Yawn|[of] p2a: Dondozo
|move|p1b: Scat Pack|Knock Off|p2b: Rillaboom
|-damage|p2b: Rillaboom|38/100
|move|p2b: Rillaboom|High Horsepower|p1b: Scat Pack
|-supereffective|p1b: Scat Pack
|-damage|p1b: Scat Pack|36/100
|
|-weather|SunnyDay|[upkeep]
|-heal|p2a: Dondozo|99/100|[from] Grassy Terrain
|-heal|p1b: Scat Pack|42/100|[from] Grassy Terrain
|-heal|p2b: Rillaboom|44/100|[from] Grassy Terrain
|upkeep
|turn|10
|
|t:|1757861020
|move|p2a: Dondozo|Yawn|p1b: Scat Pack
|-start|p1b: Scat Pack|move: Yawn|[of] p2a: Dondozo
|move|p1a: Starbreaker|Tera Blast|p2b: Rillaboom
|-damage|p2b: Rillaboom|0 fnt
|faint|p2b: Rillaboom
|move|p1b: Scat Pack|Knock Off|p2a: Dondozo
|-damage|p2a: Dondozo|82/100
|
|-weather|SunnyDay|[upkeep]
|-heal|p2a: Dondozo|88/100|[from] Grassy Terrain
|-heal|p1b: Scat Pack|48/100|[from] Grassy Terrain
|-end|p1a: Starbreaker|move: Yawn|[silent]
|-status|p1a: Starbreaker|slp
|upkeep
|
|t:|1757861026
|switch|p2b: Sneasler|Sneasler, L50, F|7/100
|turn|11
|
|t:|1757861038
|move|p2b: Sneasler|Protect|p2b: Sneasler
|-singleturn|p2b: Sneasler|Protect
|move|p2a: Dondozo|Liquidation|p1b: Scat Pack
|-supereffective|p1b: Scat Pack
|-damage|p1b: Scat Pack|35/100
|cant|p1a: Starbreaker|slp
|move|p1b: Scat Pack|Parting Shot|p1a: Starbreaker
|-unboost|p1a: Starbreaker|atk|1
|-unboost|p1a: Starbreaker|spa|1
|
|t:|1757861048
|switch|p1b: Turtle|Torkoal, L50, M|38/100|[from] Parting Shot
|
|-weather|SunnyDay|[upkeep]
|-heal|p1b: Turtle|44/100|[from] Grassy Terrain
|-heal|p2a: Dondozo|94/100|[from] Grassy Terrain
|-heal|p2b: Sneasler|13/100|[from] Grassy Terrain
|-fieldend|move: Trick Room
|-fieldend|move: Grassy Terrain
|upkeep
|turn|12
|
|t:|1757861060
|move|p1b: Turtle|Protect|p1b: Turtle
|-singleturn|p1b: Turtle|Protect
|move|p2b: Sneasler|Close Combat|p1b: Turtle
|-activate|p1b: Turtle|move: Protect
|cant|p1a: Starbreaker|slp
|move|p2a: Dondozo|Fissure|p1a: Starbreaker|[miss]
|-miss|p2a: Dondozo|p1a: Starbreaker
|
|-weather|none
|upkeep
|turn|13
|
|t:|1757861077
|switch|p1a: Scat Pack|Incineroar, L50, M|35/100
|-ability|p1a: Scat Pack|Intimidate|boost
|-unboost|p2a: Dondozo|atk|1
|-unboost|p2b: Sneasler|atk|1
|move|p2b: Sneasler|Close Combat|p1b: Turtle
|-damage|p1b: Turtle|12/100
|-unboost|p2b: Sneasler|def|1
|-unboost|p2b: Sneasler|spd|1
|move|p2a: Dondozo|Fissure|p1a: Scat Pack
|-damage|p1a: Scat Pack|0 fnt
|faint|p1a: Scat Pack
|-ohko
|move|p1b: Turtle|Overheat|p2b: Sneasler
|-damage|p2b: Sneasler|0 fnt
|-unboost|p1b: Turtle|spa|2
|faint|p2b: Sneasler
|
|upkeep
|
|t:|1757861095
|switch|p1a: Starbreaker|Porygon2, L50|100/100 slp
|-ability|p1a: Starbreaker|Download|boost
|-boost|p1a: Starbreaker|spa|1
|turn|14
|
|t:|1757861107
|switch|p1b: Baloo|Ursaluna, L50, M, shiny|7/100 brn
|-curestatus|p1a: Starbreaker|slp|[msg]
|move|p1a: Starbreaker|Tera Blast|p2a: Dondozo
|-damage|p2a: Dondozo|66/100
|move|p2a: Dondozo|Fissure|p1a: Starbreaker
|-damage|p1a: Starbreaker|0 fnt
|faint|p1a: Starbreaker
|-ohko
|
|-damage|p1b: Baloo|1/100 brn|[from] brn
|upkeep
|
|t:|1757861118
|switch|p1a: Turtle|Torkoal, L50, M|12/100
|-weather|SunnyDay|[from] ability: Drought|[of] p1a: Turtle
|turn|15
|
|t:|1757861126
|move|p2a: Dondozo|Protect|p2a: Dondozo
|-singleturn|p2a: Dondozo|Protect
|move|p1b: Baloo|Facade|p2a: Dondozo
|-activate|p2a: Dondozo|move: Protect
|move|p1a: Turtle|Overheat|p2a: Dondozo
|-activate|p2a: Dondozo|move: Protect
|
|-weather|SunnyDay|[upkeep]
|-damage|p1b: Baloo|0 fnt|[from] brn
|faint|p1b: Baloo
|upkeep
|turn|16
|
|t:|1757861139
|move|p2a: Dondozo|Liquidation|p1a: Turtle
|-supereffective|p1a: Turtle
|-damage|p1a: Turtle|4/100
|-unboost|p1a: Turtle|def|1
|move|p1a: Turtle|Overheat|p2a: Dondozo
|-resisted|p2a: Dondozo
|-damage|p2a: Dondozo|34/100
|-unboost|p1a: Turtle|spa|2
|
|-weather|SunnyDay|[upkeep]
|upkeep
|turn|17
|
|t:|1757861150
|move|p2a: Dondozo|Liquidation|p1a: Turtle
|-supereffective|p1a: Turtle
|-damage|p1a: Turtle|0 fnt
|faint|p1a: Turtle
|
|win|veryreally
||veryreally is ready for game 3.
||LegionVGC is ready for game 3.
|uhtml|next|Next: Game 3 of 3
