|j|☆chamoy-pt2
|j|☆CretaceousDraconid
|html|chamoy-pt2CretaceousDraconid    
|uhtml|bestof|Game 1 of a best-of-3
|t:|1757832562
|gametype|doubles
|player|p1|chamoy-pt2|karen|1105
|player|p2|CretaceousDraconid|zinnia-masters|1216
|gen|9
|tier|[Gen 9] VGC 2025 Reg H (Bo3)
|rated|
|rule|Species Clause: Limit one of each Pokémon
|rule|Item Clause: Limit 1 of each item
|clearpoke
|poke|p1|Incineroar, L50, M|
|poke|p1|Rillaboom, L50, F|
|poke|p1|Gholdengo, L50|
|poke|p1|Sylveon, L50, M|
|poke|p1|Sneasler, L50, M|
|poke|p1|Grimmsnarl, L50, M|
|poke|p2|Whimsicott, L50, M|
|poke|p2|Incineroar, L50, F|
|poke|p2|Salamence, L50, F|
|poke|p2|Garchomp, L50, M|
|poke|p2|Sneasler, L50, F|
|poke|p2|Ninetales-Alola, L50, F|
|teampreview|4
|showteam|p1|Incineroar||SafetyGoggles|Intimidate|FakeOut,PartingShot,FlareBlitz,KnockOff|||M|||50|,,,,,Ghost]Rillaboom||MiracleSeed|GrassySurge|WoodHammer,GrassyGlide,FakeOut,Uturn|||F|||50|,,,,,Fire]Gholdengo||GrassySeed|GoodasGold|NastyPlot,MakeItRain,ShadowBall,Protect||||||50|,,,,,Water]Sylveon||ChoiceSpecs|Pixilate|HyperVoice,TeraBlast,HyperBeam,Psychic|||M|||50|,,,,,Fire]Sneasler||WhiteHerb|Unburden|CloseCombat,DireClaw,ThroatChop,Protect|||M|||50|,,,,,Dark]Grimmsnarl||LightClay|Prankster|Reflect,LightScreen,ThunderWave,SpiritBreak|||M|||50|,,,,,Ghost
|showteam|p2|Whimsicott||CovertCloak|Prankster|Tailwind,Moonblast,Encore,Taunt|||M|||50|,,,,,Water]Incineroar||SafetyGoggles|Intimidate|FakeOut,Taunt,PartingShot,KnockOff|||F|||50|,,,,,Ghost]Salamence||ChoiceSpecs|Intimidate|Hurricane,HeatWave,DracoMeteor,HydroPump|||F|||50|,,,,,Fire]Garchomp||LoadedDice|RoughSkin|StompingTantrum,Earthquake,ScaleShot,Protect|||M|||50|,,,,,Ghost]Sneasler||FocusSash|PoisonTouch|DireClaw,CloseCombat,Coaching,Protect|||F|||50|,,,,,Fairy]Ninetales-Alola||NeverMeltIce|SnowWarning|FreezeDry,Blizzard,AuroraVeil,Protect|||F|||50|,,,,,Ghost
|
|t:|1757832661
|teamsize|p1|4
|teamsize|p2|4
|start
|switch|p1a: Incineroar|Incineroar, L50, M|100/100
|switch|p1b: Sylveon|Sylveon, L50, M|100/100
|switch|p2a: TheFuckYouGuy|Sneasler, L50, F|100/100
|switch|p2b: Incineroar|Incineroar, L50, F|100/100
|-ability|p2b: Incineroar|Intimidate|boost
|-unboost|p1a: Incineroar|atk|1
|-unboost|p1b: Sylveon|atk|1
|-ability|p1a: Incineroar|Intimidate|boost
|-unboost|p2a: TheFuckYouGuy|atk|1
|-unboost|p2b: Incineroar|atk|1
|turn|1
|
|t:|1757832682
|switch|p1b: Sneasler|Sneasler, L50, M|100/100
|-terastallize|p1a: Incineroar|Ghost
|move|p2a: TheFuckYouGuy|Protect|p2a: TheFuckYouGuy
|-singleturn|p2a: TheFuckYouGuy|Protect
|move|p2b: Incineroar|Fake Out|p1b: Sneasler
|-damage|p1b: Sneasler|89/100
|move|p1a: Incineroar|Parting Shot|p2a: TheFuckYouGuy
|-activate|p2a: TheFuckYouGuy|move: Protect
|
|upkeep
|turn|2
|
|t:|1757832705
|switch|p2a: Salamence|Salamence, L50, F|100/100
|-ability|p2a: Salamence|Intimidate|boost
|-unboost|p1a: Incineroar|atk|1
|-unboost|p1b: Sneasler|atk|1
|-enditem|p1b: Sneasler|White Herb
|-clearnegativeboost|p1b: Sneasler|[silent]
|move|p1b: Sneasler|Close Combat|p2a: Salamence
|-resisted|p2a: Salamence
|-damage|p2a: Salamence|56/100
|-unboost|p1b: Sneasler|def|1
|-unboost|p1b: Sneasler|spd|1
|move|p2b: Incineroar|Knock Off|p1a: Incineroar
|-supereffective|p1a: Incineroar
|-damage|p1a: Incineroar|59/100
|-enditem|p1a: Incineroar|Safety Goggles|[from] move: Knock Off|[of] p2b: Incineroar
|move|p1a: Incineroar|Flare Blitz|p2a: Salamence
|-resisted|p2a: Salamence
|-damage|p2a: Salamence|42/100
|-damage|p1a: Incineroar|55/100|[from] Recoil
|
|upkeep
|turn|3
|
|t:|1757832744
|switch|p2b: Garchomp|Garchomp, L50, M|100/100
|move|p1b: Sneasler|Dire Claw|p2a: Salamence
|-damage|p2a: Salamence|0 fnt
|faint|p2a: Salamence
|move|p1a: Incineroar|Parting Shot|p2b: Garchomp
|-unboost|p2b: Garchomp|atk|1
|-unboost|p2b: Garchomp|spa|1
|
|t:|1757832752
|switch|p1a: Sylveon|Sylveon, L50, M|100/100|[from] Parting Shot
|
|upkeep
|
|t:|1757832759
|switch|p2a: TheFuckYouGuy|Sneasler, L50, F|100/100
|turn|4
|
|t:|1757832805
|switch|p1b: Incineroar|Incineroar, L50, M, tera:Ghost|55/100
|-ability|p1b: Incineroar|Intimidate|boost
|-unboost|p2a: TheFuckYouGuy|atk|1
|-unboost|p2b: Garchomp|atk|1
|-terastallize|p2b: Garchomp|Ghost
|move|p2a: TheFuckYouGuy|Protect|p2a: TheFuckYouGuy
|-singleturn|p2a: TheFuckYouGuy|Protect
|move|p2b: Garchomp|Earthquake|p1a: Sylveon|[spread] p1a,p1b
|-activate|p2a: TheFuckYouGuy|move: Protect
|-damage|p1a: Sylveon|77/100
|-damage|p1b: Incineroar|37/100
|move|p1a: Sylveon|Hyper Voice|p2b: Garchomp|[spread] p2b
|-activate|p2a: TheFuckYouGuy|move: Protect
|-damage|p2b: Garchomp|41/100
|
|upkeep
|turn|5
|
|t:|1757832821
|switch|p2a: Incineroar|Incineroar, L50, F|100/100
|-ability|p2a: Incineroar|Intimidate|boost
|-unboost|p1a: Sylveon|atk|1
|-unboost|p1b: Incineroar|atk|1
|move|p2b: Garchomp|Protect|p2b: Garchomp
|-singleturn|p2b: Garchomp|Protect
|move|p1b: Incineroar|Fake Out|p2a: Incineroar
|-damage|p2a: Incineroar|94/100
|move|p1a: Sylveon|Hyper Voice|p2a: Incineroar|[spread] p2a
|-activate|p2b: Garchomp|move: Protect
|-damage|p2a: Incineroar|39/100
|
|upkeep
|turn|6
|
|t:|1757832843
|switch|p2b: TheFuckYouGuy|Sneasler, L50, F|100/100
|move|p2a: Incineroar|Knock Off|p1b: Incineroar
|-supereffective|p1b: Incineroar
|-damage|p1b: Incineroar|0 fnt
|faint|p1b: Incineroar
|move|p1a: Sylveon|Hyper Voice|p2b: TheFuckYouGuy|[spread] p2a,p2b
|-damage|p2a: Incineroar|0 fnt
|-damage|p2b: TheFuckYouGuy|17/100
|faint|p2a: Incineroar
|
|upkeep
|
|t:|1757832854
|switch|p2a: Garchomp|Garchomp, L50, M, tera:Ghost|41/100
|switch|p1b: Sneasler|Sneasler, L50, M|89/100
|turn|7
|
|t:|1757832893
|move|p2a: Garchomp|Protect|p2a: Garchomp
|-singleturn|p2a: Garchomp|Protect
|move|p2b: TheFuckYouGuy|Dire Claw|p1a: Sylveon
|-supereffective|p1a: Sylveon
|-damage|p1a: Sylveon|0 fnt
|faint|p1a: Sylveon
|move|p1b: Sneasler|Dire Claw|p2b: TheFuckYouGuy
|-resisted|p2b: TheFuckYouGuy
|-crit|p2b: TheFuckYouGuy
|-damage|p2b: TheFuckYouGuy|0 fnt
|faint|p2b: TheFuckYouGuy
|
|upkeep
|
|t:|1757832903
|switch|p1a: Rillaboom|Rillaboom, L50, F|100/100
|-fieldstart|move: Grassy Terrain|[from] ability: Grassy Surge|[of] p1a: Rillaboom
|turn|8
|
|t:|1757832914
|move|p1b: Sneasler|Throat Chop|p2a: Garchomp
|-supereffective|p2a: Garchomp
|-damage|p2a: Garchomp|0 fnt
|-damage|p1b: Sneasler|77/100|[from] ability: Rough Skin|[of] p2a: Garchomp
|faint|p2a: Garchomp
|
|win|chamoy-pt2
||CretaceousDraconid is ready for game 2.
||chamoy-pt2 is ready for game 2.
|uhtml|next|Next: Game 2 of 3
