|j|☆standardamerican
|j|☆jvpv7
|html|standardamericanjvpv7    
|uhtml|bestof|Game 1 of a best-of-3
|t:|1784817704
|gametype|doubles
|player|p1|standardamerican|169|1203
|player|p2|jvpv7|rosa|1104
|gen|9
|tier|[Gen 9 Champions] VGC 2026 Reg M-B (Bo3)
|rated|
|rule|Species Clause: Limit one of each Pokémon
|rule|Item Clause: Limit 1 of each item
|clearpoke
|poke|p1|Sinistcha, L50|
|poke|p1|Incineroar, L50, F|
|poke|p1|Milotic, L50, M|
|poke|p1|Raichu, L50, M|
|poke|p1|Gardevoir, L50, M|
|poke|p1|Ceruledge, L50, M|
|poke|p2|Meganium, L50, M|
|poke|p2|Mawile, L50, M|
|poke|p2|Sinistcha, L50|
|poke|p2|Ceruledge, L50, M|
|poke|p2|Milotic, L50, M|
|poke|p2|Incineroar, L50, M|
|teampreview|4
|showteam|p1|Sinistcha||KasibBerry|Hospitality|MatchaGotcha,Imprison,RagePowder,Protect|Bold|||||50|]Incineroar||SitrusBerry|Intimidate|FlareBlitz,DarkestLariat,FakeOut,PartingShot|Careful||F|||50|]Milotic||Leftovers|Competitive|MuddyWater,Coil,Hypnosis,Protect|Calm||M|||50|]Raichu||RaichuniteY|LightningRod|ZapCannon,FocusBlast,FakeOut,Protect|Timid||M|||50|]Gardevoir||Gardevoirite|Trace|HyperVoice,Psyshock,TrickRoom,Protect|Modest||M|||50|]Ceruledge||ColburBerry|FlashFire|BitterBlade,ShadowSneak,BulkUp,Protect|Adamant||M|||50|
|showteam|p2|Meganium||Meganiumite|LeafGuard|SolarBeam,Protect,DazzlingGleam,WeatherBall|Timid||M|||50|]Mawile||Mawilite|HyperCutter|PlayRough,SuckerPunch,IronHead,Protect|Adamant||M|||50|]Sinistcha||KasibBerry|Hospitality|Protect,MatchaGotcha,ShadowBall,RagePowder|Bold|||||50|]Ceruledge||ColburBerry|FlashFire|BitterBlade,ShadowSneak,BulkUp,Protect|Jolly||M|||50|]Milotic||Leftovers|Competitive|Protect,LifeDew,IceBeam,Scald|Bold||M|||50|]Incineroar||SitrusBerry|Intimidate|FlareBlitz,FakeOut,PartingShot,ThroatChop|Adamant||M|||50|
|
|t:|1784817744
|teamsize|p1|4
|teamsize|p2|4
|start
|switch|p1a: Milotic|Milotic, L50, M|100/100
|switch|p1b: Ceruledge|Ceruledge, L50, M|100/100
|switch|p2a: Milotic|Milotic, L50, M|100/100
|switch|p2b: Mawile|Mawile, L50, M|100/100
|turn|1
|
|t:|1784817785
|detailschange|p2b: Mawile|Mawile-Mega, L50, M
|-mega|p2b: Mawile|Mawile|Mawilite
|move|p1b: Ceruledge|Protect|p1b: Ceruledge
|-singleturn|p1b: Ceruledge|Protect
|move|p1a: Milotic|Coil|p1a: Milotic
|-boost|p1a: Milotic|atk|1
|-boost|p1a: Milotic|def|1
|-boost|p1a: Milotic|accuracy|1
|move|p2a: Milotic|Scald|p1b: Ceruledge
|-activate|p1b: Ceruledge|move: Protect
|move|p2b: Mawile|Play Rough|p1b: Ceruledge
|-activate|p1b: Ceruledge|move: Protect
|
|upkeep
|turn|2
|
|t:|1784817805
|switch|p1b: Sinistcha|Sinistcha, L50|100/100
|move|p2b: Mawile|Protect|p2b: Mawile
|-singleturn|p2b: Mawile|Protect
|move|p1a: Milotic|Coil|p1a: Milotic
|-boost|p1a: Milotic|atk|1
|-boost|p1a: Milotic|def|1
|-boost|p1a: Milotic|accuracy|1
|move|p2a: Milotic|Scald|p1b: Sinistcha
|-resisted|p1b: Sinistcha|1
|-damage|p1b: Sinistcha|86/100
|
|upkeep
|turn|3
|inactive|Battle timer is ON: inactive players will automatically lose when time's up. (requested by jvpv7)
|
|t:|1784817821
|move|p1a: Milotic|Hypnosis|p2b: Mawile
|-status|p2b: Mawile|slp|[from] move: Hypnosis
|move|p2a: Milotic|Scald|p1a: Milotic
|-resisted|p1a: Milotic|1
|-damage|p1a: Milotic|90/100
|-status|p1a: Milotic|brn
|move|p1b: Sinistcha|Imprison|p1b: Sinistcha
|-start|p1b: Sinistcha|move: Imprison
|cant|p2b: Mawile|slp
|
|-heal|p1a: Milotic|96/100 brn|[from] item: Leftovers
|-damage|p1a: Milotic|90/100 brn|[from] brn
|upkeep
|turn|4
|
|t:|1784817840
|move|p1a: Milotic|Hypnosis|p2a: Milotic
|-status|p2a: Milotic|slp|[from] move: Hypnosis
|cant|p2a: Milotic|slp
|move|p1b: Sinistcha|Matcha Gotcha|p2a: Milotic|[spread] p2a,p2b
|-supereffective|p2a: Milotic|1
|-resisted|p2b: Mawile|1
|-damage|p2a: Milotic|61/100 slp
|-heal|p1b: Sinistcha|100/100|[from] drain|[of] p2a: Milotic
|-damage|p2b: Mawile|84/100 slp
|cant|p2b: Mawile|slp
|
|-heal|p1a: Milotic|96/100 brn|[from] item: Leftovers
|-heal|p2a: Milotic|67/100 slp|[from] item: Leftovers
|-damage|p1a: Milotic|90/100 brn|[from] brn
|upkeep
|turn|5
|
|t:|1784817856
|-curestatus|p2b: Mawile|slp|[msg]
|move|p2b: Mawile|Sucker Punch|p1b: Sinistcha
|-supereffective|p1b: Sinistcha|1
|-damage|p1b: Sinistcha|29/100
|move|p1a: Milotic|Muddy Water|p2a: Milotic|[spread] p2a,p2b
|-resisted|p2a: Milotic|1
|-damage|p2a: Milotic|59/100 slp
|-damage|p2b: Mawile|57/100
|-unboost|p2b: Mawile|accuracy|1
|cant|p2a: Milotic|slp
|move|p1b: Sinistcha|Matcha Gotcha|p2a: Milotic|[spread] p2a,p2b
|-supereffective|p2a: Milotic|1
|-resisted|p2b: Mawile|1
|-damage|p2a: Milotic|23/100 slp
|-heal|p1b: Sinistcha|49/100|[from] drain|[of] p2a: Milotic
|-damage|p2b: Mawile|42/100
|-heal|p1b: Sinistcha|56/100|[from] drain|[of] p2b: Mawile
|
|-heal|p1a: Milotic|96/100 brn|[from] item: Leftovers
|-heal|p2a: Milotic|29/100 slp|[from] item: Leftovers
|-damage|p1a: Milotic|90/100 brn|[from] brn
|upkeep
|turn|6
|inactive|standardamerican has 30 seconds left.
|
|t:|1784817888
|move|p1a: Milotic|Protect|p1a: Milotic
|-singleturn|p1a: Milotic|Protect
|move|p1b: Sinistcha|Protect|p1b: Sinistcha
|-singleturn|p1b: Sinistcha|Protect
|move|p2b: Mawile|Sucker Punch||[still]
|-fail|p2b: Mawile
|-curestatus|p2a: Milotic|slp|[msg]
|move|p2a: Milotic|Ice Beam|p1b: Sinistcha
|-activate|p1b: Sinistcha|move: Protect
|
|-heal|p1a: Milotic|96/100 brn|[from] item: Leftovers
|-heal|p2a: Milotic|35/100|[from] item: Leftovers
|-damage|p1a: Milotic|90/100 brn|[from] brn
|upkeep
|turn|7
|inactive|standardamerican has 30 seconds left.
|
|t:|1784817914
|switch|p1b: Ceruledge|Ceruledge, L50, M|100/100
|move|p2b: Mawile|Sucker Punch||[still]
|-fail|p2b: Mawile
|move|p1a: Milotic|Hypnosis|p2b: Mawile
|-status|p2b: Mawile|slp|[from] move: Hypnosis
|move|p2a: Milotic|Ice Beam|p1b: Ceruledge
|-resisted|p1b: Ceruledge|1
|-damage|p1b: Ceruledge|90/100
|
|-heal|p1a: Milotic|96/100 brn|[from] item: Leftovers
|-heal|p2a: Milotic|41/100|[from] item: Leftovers
|-damage|p1a: Milotic|90/100 brn|[from] brn
|upkeep
|turn|8
|-message|jvpv7 forfeited.
|
|win|standardamerican
|l|☆jvpv7
|player|p2|
||jvpv7 is ready for game 2.
