|j|☆TheRainRainRain
|j|☆Sambu17
|html|TheRainRainRainSambu17    
|uhtml|bestof|Game 2 of a best-of-3
|t:|1757081405
|gametype|doubles
|player|p1|TheRainRainRain|sailor|1296
|player|p2|Sambu17|169|1197
|gen|9
|tier|[Gen 9] VGC 2025 Reg H (Bo3)
|rated|
|rule|Species Clause: Limit one of each Pokémon
|rule|Item Clause: Limit 1 of each item
|clearpoke
|poke|p1|Incineroar, L50, F|
|poke|p1|Ursaluna-Bloodmoon, L50, M|
|poke|p1|Gholdengo, L50|
|poke|p1|Rillaboom, L50, M|
|poke|p1|Dragonite, L50, M|
|poke|p1|Sneasler, L50, M|
|poke|p2|Whimsicott, L50, M|
|poke|p2|Gholdengo, L50|
|poke|p2|Ursaluna-Bloodmoon, L50, M|
|poke|p2|Pelipper, L50, F|
|poke|p2|Archaludon, L50, M|
|poke|p2|Basculegion, L50, M|
|teampreview|4
|showteam|p1|Incineroar||SafetyGoggles|Intimidate|FlareBlitz,KnockOff,FakeOut,PartingShot|||F|||50|,,,,,Ghost]Ursaluna-Bloodmoon||Leftovers|MindsEye|BloodMoon,EarthPower,CalmMind,Protect|||M|||50|,,,,,Electric]Gholdengo||LifeOrb|GoodasGold|MakeItRain,ShadowBall,NastyPlot,Protect||||||50|,,,,,Water]Rillaboom||AssaultVest|GrassySurge|FakeOut,GrassyGlide,WoodHammer,HighHorsepower|||M|||50|,,,,,Fire]Dragonite||LoadedDice|Multiscale|Tailwind,ScaleShot,Protect,Haze|||M|||50|,,,,,Fairy]Sneasler||FocusSash|PoisonTouch|CloseCombat,DireClaw,Coaching,FakeOut|||M|||50|,,,,,Ghost
|showteam|p2|Whimsicott||CovertCloak|Prankster|Moonblast,Taunt,FakeTears,Tailwind|||M|||50|,,,,,Steel]Gholdengo||LifeOrb|GoodasGold|MakeItRain,ShadowBall,TeraBlast,Protect||||||50|,,,,,Fighting]Ursaluna-Bloodmoon||AssaultVest|MindsEye|HyperVoice,BloodMoon,EarthPower,VacuumWave|||M|||50|,,,,,Normal]Pelipper||JabocaBerry|Drizzle|WideGuard,Hurricane,MuddyWater,Tailwind|||F|||50|,,,,,Steel]Archaludon||PowerHerb|Sturdy|ElectroShot,DracoMeteor,FlashCannon,Protect|||M|||50|,,,,,Ghost]Basculegion||FocusSash|Adaptability|Liquidation,LastRespects,AquaJet,Protect|||M|||50|,,,,,Ghost
|inactive|Battle timer is ON: inactive players will automatically lose when time's up. (requested by Sambu17)
|
|t:|1757081472
|teamsize|p1|4
|teamsize|p2|4
|start
|switch|p1a: Dragonite|Dragonite, L50, M|100/100
|switch|p1b: Sneasler|Sneasler, L50, M|100/100
|switch|p2a: Whimsicott|Whimsicott, L50, M|100/100
|switch|p2b: Gholdengo|Gholdengo, L50|100/100
|turn|1
|inactive|TheRainRainRain has 30 seconds left.
|
|t:|1757081501
|-terastallize|p2a: Whimsicott|Steel
|move|p1b: Sneasler|Coaching|p1a: Dragonite
|-boost|p1a: Dragonite|atk|1
|-boost|p1a: Dragonite|def|1
|move|p2a: Whimsicott|Moonblast|p1b: Sneasler
|-damage|p1b: Sneasler|60/100
|-unboost|p1b: Sneasler|spa|1
|move|p1a: Dragonite|Scale Shot|p2b: Gholdengo
|-resisted|p2b: Gholdengo
|-damage|p2b: Gholdengo|89/100
|-resisted|p2b: Gholdengo
|-damage|p2b: Gholdengo|78/100
|-resisted|p2b: Gholdengo
|-damage|p2b: Gholdengo|66/100
|-resisted|p2b: Gholdengo
|-damage|p2b: Gholdengo|54/100
|-resisted|p2b: Gholdengo
|-damage|p2b: Gholdengo|43/100
|-hitcount|p2b: Gholdengo|5
|-unboost|p1a: Dragonite|def|1
|-boost|p1a: Dragonite|spe|1
|move|p2b: Gholdengo|Shadow Ball|p1b: Sneasler
|-damage|p1b: Sneasler|0 fnt
|faint|p1b: Sneasler
|-damage|p2b: Gholdengo|34/100|[from] item: Life Orb
|
|upkeep
|
|t:|1757081512
|switch|p1b: Gholdengo|Gholdengo, L50|100/100
|turn|2
|
|t:|1757081535
|-terastallize|p1b: Gholdengo|Water
|move|p1a: Dragonite|Protect|p1a: Dragonite
|-singleturn|p1a: Dragonite|Protect
|move|p2b: Gholdengo|Protect|p2b: Gholdengo
|-singleturn|p2b: Gholdengo|Protect
|move|p2a: Whimsicott|Moonblast|p1a: Dragonite
|-activate|p1a: Dragonite|move: Protect
|move|p1b: Gholdengo|Nasty Plot|p1b: Gholdengo
|-boost|p1b: Gholdengo|spa|2
|
|upkeep
|turn|3
|inactive|TheRainRainRain has 30 seconds left.
|inactive|TheRainRainRain has 20 seconds left.
|
|t:|1757081573
|move|p2a: Whimsicott|Tailwind|p2a: Whimsicott
|-sidestart|p2: Sambu17|move: Tailwind
|move|p2b: Gholdengo|Shadow Ball|p1a: Dragonite
|-damage|p1a: Dragonite|70/100
|-damage|p2b: Gholdengo|24/100|[from] item: Life Orb
|move|p1a: Dragonite|Scale Shot|p2b: Gholdengo
|-resisted|p2b: Gholdengo
|-damage|p2b: Gholdengo|11/100
|-resisted|p2b: Gholdengo
|-damage|p2b: Gholdengo|0 fnt
|faint|p2b: Gholdengo
|-hitcount|p2: Gholdengo|2
|-unboost|p1a: Dragonite|def|1
|-boost|p1a: Dragonite|spe|1
|move|p1b: Gholdengo|Shadow Ball|p2a: Whimsicott
|-damage|p2a: Whimsicott|0 fnt
|faint|p2a: Whimsicott
|-damage|p1b: Gholdengo|91/100|[from] item: Life Orb
|
|upkeep
|
|t:|1757081588
|switch|p2a: Archaludon|Archaludon, L50, M|100/100
|switch|p2b: Pelipper|Pelipper, L50, F|100/100
|-weather|RainDance|[from] ability: Drizzle|[of] p2b: Pelipper
|turn|4
|inactive|TheRainRainRain has 30 seconds left.
|inactive|TheRainRainRain has 20 seconds left.
|inactive|TheRainRainRain has 15 seconds left.
|inactive|TheRainRainRain has 10 seconds left.
|inactive|TheRainRainRain has 5 seconds left.
|
|t:|1757081642
|move|p1b: Gholdengo|Protect|p1b: Gholdengo
|-singleturn|p1b: Gholdengo|Protect
|move|p2a: Archaludon|Electro Shot||[still]
|-prepare|p2a: Archaludon|Electro Shot
|-boost|p2a: Archaludon|spa|1
|-anim|p2a: Archaludon|Electro Shot|p1a: Dragonite
|-damage|p1a: Dragonite|0 fnt
|faint|p1a: Dragonite
|move|p2b: Pelipper|Hurricane|p1b: Gholdengo
|-activate|p1b: Gholdengo|move: Protect
|
|-weather|RainDance|[upkeep]
|upkeep
|
|t:|1757081650
|switch|p1a: Rillaboom|Rillaboom, L50, M|100/100
|-fieldstart|move: Grassy Terrain|[from] ability: Grassy Surge|[of] p1a: Rillaboom
|turn|5
|
|t:|1757081662
|move|p2a: Archaludon|Protect|p2a: Archaludon
|-singleturn|p2a: Archaludon|Protect
|move|p1a: Rillaboom|Fake Out|p2a: Archaludon
|-activate|p2a: Archaludon|move: Protect
|move|p2b: Pelipper|Hurricane|p1a: Rillaboom
|-supereffective|p1a: Rillaboom
|-damage|p1a: Rillaboom|25/100
|move|p1b: Gholdengo|Shadow Ball|p2b: Pelipper
|-damage|p2b: Pelipper|0 fnt
|faint|p2b: Pelipper
|-damage|p1b: Gholdengo|81/100|[from] item: Life Orb
|
|-weather|RainDance|[upkeep]
|-heal|p1b: Gholdengo|88/100|[from] Grassy Terrain
|-heal|p1a: Rillaboom|31/100|[from] Grassy Terrain
|upkeep
|turn|6
|
|t:|1757081682
|move|p1b: Gholdengo|Protect|p1b: Gholdengo
|-singleturn|p1b: Gholdengo|Protect
|move|p2a: Archaludon|Flash Cannon|p1a: Rillaboom
|-damage|p1a: Rillaboom|0 fnt
|faint|p1a: Rillaboom
|
|-weather|RainDance|[upkeep]
|-heal|p1b: Gholdengo|94/100|[from] Grassy Terrain
|-sideend|p2: Sambu17|move: Tailwind
|upkeep
|turn|7
|
|t:|1757081691
|move|p2a: Archaludon|Electro Shot||[still]
|-prepare|p2a: Archaludon|Electro Shot
|-boost|p2a: Archaludon|spa|1
|-anim|p2a: Archaludon|Electro Shot|p1b: Gholdengo
|-supereffective|p1b: Gholdengo
|-crit|p1b: Gholdengo
|-damage|p1b: Gholdengo|0 fnt
|faint|p1b: Gholdengo
|
|win|Sambu17
|raw|TheRainRainRain's rating: 1296 → 1264(-32 for losing)
|raw|Sambu17's rating: 1197 → 1229(+32 for winning)
|l|☆Sambu17
|player|p2|
