|j|☆DomDaBomb886
|j|☆Sedrav
|html|DomDaBomb886Sedrav    
|uhtml|bestof|Game 3 of a best-of-3
|t:|1756928686
|gametype|doubles
|player|p1|DomDaBomb886|2|1296
|player|p2|Sedrav|265|1323
|gen|9
|tier|[Gen 9] VGC 2025 Reg H (Bo3)
|rated|
|rule|Species Clause: Limit one of each Pokémon
|rule|Item Clause: Limit 1 of each item
|clearpoke
|poke|p1|Gholdengo, L50|
|poke|p1|Dragonite, L50, M|
|poke|p1|Ursaluna-Bloodmoon, L50, M|
|poke|p1|Annihilape, L50, F|
|poke|p1|Incineroar, L50, M|
|poke|p1|Amoonguss, L50, F|
|poke|p2|Garchomp, L50, M|
|poke|p2|Talonflame, L50, F|
|poke|p2|Gholdengo, L50|
|poke|p2|Tyranitar, L50, F|
|poke|p2|Amoonguss, L50, M|
|poke|p2|Milotic, L50, F|
|teampreview|4
|showteam|p1|Gholdengo||LifeOrb|GoodasGold|Protect,MakeItRain,ShadowBall,NastyPlot||||||50|,,,,,Water]Dragonite||LoadedDice|Multiscale|Protect,ScaleShot,Tailwind,Haze|||M|||50|,,,,,Fairy]Ursaluna-Bloodmoon||AssaultVest|MindsEye|EarthPower,BloodMoon,HyperVoice,VacuumWave|||M|||50|,,,,,Ghost]Annihilape||SafetyGoggles|Defiant|CloseCombat,RageFist,FinalGambit,Taunt|||F|||50|,,,,,Water]Incineroar||SitrusBerry|Intimidate|FlareBlitz,KnockOff,FakeOut,PartingShot|||M|||50|,,,,,Ghost]Amoonguss||RockyHelmet|Regenerator|Protect,PollenPuff,Spore,RagePowder|||F|||50|,,,,,Water
|showteam|p2|Garchomp||LifeOrb|RoughSkin|DragonClaw,StompingTantrum,Earthquake,Protect|||M|||50|,,,,,Fairy]Talonflame||CovertCloak|GaleWings|BraveBird,Tailwind,WillOWisp,Taunt|||F|||50|,,,,,Grass]Gholdengo||MetalCoat|GoodasGold|MakeItRain,ShadowBall,NastyPlot,Protect||||||50|,,,,,Flying]Tyranitar||AssaultVest|SandStream|RockSlide,KnockOff,LowKick,TeraBlast|||F|||50|,,,,,Flying]Amoonguss||SitrusBerry|Regenerator|Spore,RagePowder,PollenPuff,Protect|||M|||50|,,,,,Water]Milotic||SafetyGoggles|Competitive|Scald,IcyWind,Haze,Protect|||F|||50|,,,,,Dragon
|inactive|Battle timer is ON: inactive players will automatically lose when time's up. (requested by DomDaBomb886)
|inactive|Sedrav has 60 seconds left.
|
|t:|1756928719
|teamsize|p1|4
|teamsize|p2|4
|start
|switch|p1a: Annihilape|Annihilape, L50, F|100/100
|switch|p1b: Dragonite|Dragonite, L50, M|100/100
|switch|p2a: Garchomp|Garchomp, L50, M|100/100
|switch|p2b: Talonflame|Talonflame, L50, F|100/100
|turn|1
|inactive|DomDaBomb886 has 30 seconds left.
|inactive|Sedrav has 30 seconds left.
|inactive|DomDaBomb886 has 20 seconds left.
|inactive|DomDaBomb886 has 15 seconds left.
|inactive|DomDaBomb886 has 10 seconds left.
|inactive|DomDaBomb886 has 5 seconds left.
|
|t:|1756928771
|-terastallize|p1b: Dragonite|Fairy
|move|p2a: Garchomp|Protect|p2a: Garchomp
|-singleturn|p2a: Garchomp|Protect
|move|p2b: Talonflame|Will-O-Wisp|p1b: Dragonite
|-status|p1b: Dragonite|brn
|move|p1a: Annihilape|Close Combat|p2a: Garchomp
|-activate|p2a: Garchomp|move: Protect
|move|p1b: Dragonite|Tailwind|p1b: Dragonite
|-sidestart|p1: DomDaBomb886|move: Tailwind
|
|-damage|p1b: Dragonite|95/100 brn|[from] brn
|upkeep
|turn|2
|inactive|Sedrav has 30 seconds left.
|
|t:|1756928806
|switch|p2a: Gholdengo|Gholdengo, L50|100/100
|move|p2b: Talonflame|Tailwind|p2b: Talonflame
|-sidestart|p2: Sedrav|move: Tailwind
|move|p1a: Annihilape|Taunt|p2b: Talonflame
|-start|p2b: Talonflame|move: Taunt
|move|p1b: Dragonite|Scale Shot|p2a: Gholdengo
|-resisted|p2a: Gholdengo
|-damage|p2a: Gholdengo|97/100
|-resisted|p2a: Gholdengo
|-damage|p2a: Gholdengo|93/100
|-resisted|p2a: Gholdengo
|-damage|p2a: Gholdengo|90/100
|-resisted|p2a: Gholdengo
|-damage|p2a: Gholdengo|86/100
|-hitcount|p2a: Gholdengo|4
|-unboost|p1b: Dragonite|def|1
|-boost|p1b: Dragonite|spe|1
|
|-damage|p1b: Dragonite|89/100 brn|[from] brn
|upkeep
|turn|3
|inactive|DomDaBomb886 has 30 seconds left.
|inactive|DomDaBomb886 has 20 seconds left.
|
|t:|1756928843
|switch|p1a: Gholdengo|Gholdengo, L50|100/100
|move|p2a: Gholdengo|Protect|p2a: Gholdengo
|-singleturn|p2a: Gholdengo|Protect
|move|p2b: Talonflame|Brave Bird|p1a: Gholdengo
|-resisted|p1a: Gholdengo
|-damage|p1a: Gholdengo|79/100
|-damage|p2b: Talonflame|92/100|[from] Recoil
|move|p1b: Dragonite|Scale Shot|p2b: Talonflame
|-damage|p2b: Talonflame|81/100
|-damage|p2b: Talonflame|71/100
|-damage|p2b: Talonflame|61/100
|-damage|p2b: Talonflame|49/100
|-hitcount|p2b: Talonflame|4
|-unboost|p1b: Dragonite|def|1
|-boost|p1b: Dragonite|spe|1
|
|-damage|p1b: Dragonite|83/100 brn|[from] brn
|upkeep
|turn|4
|inactive|DomDaBomb886 has 30 seconds left.
|inactive|Sedrav has 30 seconds left.
|
|t:|1756928878
|move|p1b: Dragonite|Scale Shot|p2b: Talonflame
|-damage|p2b: Talonflame|39/100
|-damage|p2b: Talonflame|28/100
|-damage|p2b: Talonflame|19/100
|-damage|p2b: Talonflame|9/100
|-damage|p2b: Talonflame|0 fnt
|faint|p2b: Talonflame
|-hitcount|p2: Talonflame|5
|-unboost|p1b: Dragonite|def|1
|-boost|p1b: Dragonite|spe|1
|move|p2a: Gholdengo|Shadow Ball|p1a: Gholdengo
|-supereffective|p1a: Gholdengo
|-damage|p1a: Gholdengo|0 fnt
|faint|p1a: Gholdengo
|
|-damage|p1b: Dragonite|77/100 brn|[from] brn
|-sideend|p1: DomDaBomb886|move: Tailwind
|upkeep
|
|t:|1756928897
|switch|p2b: Garchomp|Garchomp, L50, M|100/100
|switch|p1a: Amoonguss|Amoonguss, L50, F|100/100
|turn|5
|inactive|Sedrav has 30 seconds left.
|inactive|Sedrav has 20 seconds left.
|inactive|Sedrav has 15 seconds left.
|
|t:|1756928938
|switch|p2b: Tyranitar|Tyranitar, L50, F|100/100
|-weather|Sandstorm|[from] ability: Sand Stream|[of] p2b: Tyranitar
|move|p1b: Dragonite|Tailwind|p1b: Dragonite
|-sidestart|p1: DomDaBomb886|move: Tailwind
|move|p2a: Gholdengo|Nasty Plot|p2a: Gholdengo
|-boost|p2a: Gholdengo|spa|2
|move|p1a: Amoonguss|Spore|p2b: Tyranitar
|-status|p2b: Tyranitar|slp|[from] move: Spore
|
|-weather|Sandstorm|[upkeep]
|-damage|p1b: Dragonite|71/100 brn|[from] Sandstorm
|-damage|p1a: Amoonguss|94/100|[from] Sandstorm
|-damage|p1b: Dragonite|65/100 brn|[from] brn
|-sideend|p2: Sedrav|move: Tailwind
|upkeep
|turn|6
|inactive|DomDaBomb886 has 30 seconds left.
|inactive|Sedrav has 30 seconds left.
|inactive|DomDaBomb886 has 20 seconds left.
|inactive|DomDaBomb886 has 15 seconds left.
|
|t:|1756928982
|switch|p1a: Annihilape|Annihilape, L50, F|100/100
|-terastallize|p2b: Tyranitar|Flying
|move|p1b: Dragonite|Haze|p1b: Dragonite
|-clearallboost
|move|p2a: Gholdengo|Nasty Plot|p2a: Gholdengo
|-boost|p2a: Gholdengo|spa|2
|cant|p2b: Tyranitar|slp
|
|-weather|Sandstorm|[upkeep]
|-damage|p1b: Dragonite|59/100 brn|[from] Sandstorm
|-damage|p2b: Tyranitar|95/100 slp|[from] Sandstorm
|-damage|p1b: Dragonite|53/100 brn|[from] brn
|upkeep
|turn|7
|
|t:|1756929000
|move|p2a: Gholdengo|Protect|p2a: Gholdengo
|-singleturn|p2a: Gholdengo|Protect
|move|p1a: Annihilape|Rage Fist|p2a: Gholdengo
|-activate|p2a: Gholdengo|move: Protect
|move|p1b: Dragonite|Scale Shot|p1a: Annihilape
|-damage|p1a: Annihilape|94/100
|-damage|p1a: Annihilape|87/100
|-damage|p1a: Annihilape|80/100
|-damage|p1a: Annihilape|73/100
|-damage|p1a: Annihilape|66/100
|-hitcount|p1a: Annihilape|5
|-unboost|p1b: Dragonite|def|1
|-boost|p1b: Dragonite|spe|1
|cant|p2b: Tyranitar|slp
|
|-weather|Sandstorm|[upkeep]
|-damage|p1b: Dragonite|47/100 brn|[from] Sandstorm
|-damage|p2b: Tyranitar|89/100 slp|[from] Sandstorm
|-damage|p1b: Dragonite|41/100 brn|[from] brn
|upkeep
|turn|8
|inactive|DomDaBomb886 has 30 seconds left.
|inactive|Sedrav has 30 seconds left.
|inactive|DomDaBomb886 has 20 seconds left.
|inactive|DomDaBomb886 has 15 seconds left.
|
|t:|1756929041
|switch|p1b: Amoonguss|Amoonguss, L50, F|100/100
|switch|p2a: Garchomp|Garchomp, L50, M|100/100
|move|p1a: Annihilape|Rage Fist|p2a: Garchomp
|-damage|p2a: Garchomp|0 fnt
|-damage|p1a: Annihilape|54/100|[from] ability: Rough Skin|[of] p2a: Garchomp
|faint|p2a: Garchomp
|cant|p2b: Tyranitar|slp
|
|-weather|Sandstorm|[upkeep]
|-damage|p1b: Amoonguss|94/100|[from] Sandstorm
|-damage|p2b: Tyranitar|83/100 slp|[from] Sandstorm
|-sideend|p1: DomDaBomb886|move: Tailwind
|upkeep
|
|t:|1756929054
|switch|p2a: Gholdengo|Gholdengo, L50|86/100
|turn|9
|inactive|DomDaBomb886 has 30 seconds left.
|inactive|DomDaBomb886 has 20 seconds left.
|inactive|DomDaBomb886 has 15 seconds left.
|inactive|DomDaBomb886 has 10 seconds left.
|
|t:|1756929104
|move|p1b: Amoonguss|Rage Powder|p1b: Amoonguss
|-singleturn|p1b: Amoonguss|move: Rage Powder
|move|p1a: Annihilape|Rage Fist|p2b: Tyranitar
|-damage|p2b: Tyranitar|0 fnt
|faint|p2b: Tyranitar
|move|p2a: Gholdengo|Shadow Ball|p1b: Amoonguss
|-damage|p1b: Amoonguss|65/100
|
|-weather|none
|upkeep
|turn|10
|
|t:|1756929118
|move|p1b: Amoonguss|Rage Powder|p1b: Amoonguss
|-singleturn|p1b: Amoonguss|move: Rage Powder
|move|p1a: Annihilape|Rage Fist|p2a: Gholdengo
|-supereffective|p2a: Gholdengo
|-damage|p2a: Gholdengo|0 fnt
|faint|p2a: Gholdengo
|
|win|DomDaBomb886
|raw|DomDaBomb886's rating: 1296 → 1323(+27 for winning)
|raw|Sedrav's rating: 1323 → 1301(-22 for losing)
