|j|☆coo1kid
|j|☆abgesaftet
|html|coo1kidabgesaftet    
|uhtml|bestof|Game 1 of a best-of-3
|t:|1785770516
|gametype|doubles
|player|p1|coo1kid|hilbert-wonderlauncher|1313
|player|p2|abgesaftet|ballguy|1342
|gen|9
|tier|[Gen 9 Champions] VGC 2026 Reg M-B (Bo3)
|rated|
|rule|Species Clause: Limit one of each Pokémon
|rule|Item Clause: Limit 1 of each item
|clearpoke
|poke|p1|Araquanid, L50, M|
|poke|p1|Charizard, L50, M|
|poke|p1|Kingambit, L50, M, shiny|
|poke|p1|Froslass, L50, F|
|poke|p1|Basculegion, L50, M|
|poke|p1|Garchomp, L50, M|
|poke|p2|Sneasler, L50, F|
|poke|p2|Sinistcha, L50|
|poke|p2|Incineroar, L50, F|
|poke|p2|Kingambit, L50, M|
|poke|p2|Delphox, L50, F|
|poke|p2|Blastoise, L50, F|
|teampreview|4
|showteam|p1|Araquanid||Leftovers|WaterBubble|Liquidation,LeechLife,MirrorCoat,WideGuard|Adamant||M|||50|]Charizard||CharizarditeY|SolarPower|HeatWave,SolarBeam,AncientPower,Protect|Timid||M|||50|]Kingambit||ChopleBerry|Defiant|KowtowCleave,SuckerPunch,LowKick,Protect|Jolly||M|||50|]Froslass||Froslassite|SnowCloak|Blizzard,ShadowBall,AuroraVeil,Protect|Timid||F|||50|]Basculegion||ChoiceScarf|Adaptability|WaveCrash,FlipTurn,LastRespects,AquaJet|Jolly||M|||50|]Garchomp||LifeOrb|RoughSkin|Earthquake,StompingTantrum,RockSlide,Protect|Jolly||M|||50|
|showteam|p2|Sneasler||FocusSash|PoisonTouch|FakeOut,CloseCombat,PoisonJab,QuickGuard|Jolly||F|||50|]Sinistcha||OccaBerry|Hospitality|MatchaGotcha,RagePowder,TrickRoom,Protect|Bold|||||50|]Incineroar||SitrusBerry|Intimidate|FakeOut,FlareBlitz,ThroatChop,PartingShot|Careful||F|||50|]Kingambit||LifeOrb|Defiant|KowtowCleave,SuckerPunch,SwordsDance,Protect|Adamant||M|||50|]Delphox||Delphoxite|Blaze|HeatWave,Psychic,NastyPlot,Protect|Timid||F|||50|]Blastoise||Blastoisinite|RainDish|WaterSpout,DarkPulse,ShellSmash,Protect|Modest||F|||50|
|inactive|Battle timer is ON: inactive players will automatically lose when time's up. (requested by coo1kid)
|inactive|coo1kid has 60 seconds left.
|inactive|abgesaftet has 60 seconds left.
|inactive|coo1kid has 30 seconds left.
|
|t:|1785770577
|teamsize|p1|4
|teamsize|p2|4
|start
|switch|p1a: Garchomp|Garchomp, L50, M|100/100
|switch|p1b: Kingambit|Kingambit, L50, M, shiny|100/100
|switch|p2a: Delphox|Delphox, L50, F|100/100
|switch|p2b: Sneasler|Sneasler, L50, F|100/100
|turn|1
|
|t:|1785770596
|detailschange|p2a: Delphox|Delphox-Mega, L50, F
|-mega|p2a: Delphox|Delphox|Delphoxite
|move|p1b: Kingambit|Protect|p1b: Kingambit
|-singleturn|p1b: Kingambit|Protect
|move|p2a: Delphox|Psychic|p1a: Garchomp
|-crit|p1a: Garchomp
|-damage|p1a: Garchomp|20/100r
|move|p2b: Sneasler|Close Combat|p1a: Garchomp
|-crit|p1a: Garchomp
|-damage|p1a: Garchomp|0 fnt
|-unboost|p2b: Sneasler|def|1
|-unboost|p2b: Sneasler|spd|1
|-damage|p2b: Sneasler|87/100|[from] ability: Rough Skin|[of] p1a: Garchomp
|faint|p1a: Garchomp
|
|upkeep
|
|t:|1785770611
|switch|p1a: Basculegion|Basculegion, L50, M|100/100
|turn|2
|inactive|abgesaftet has 30 seconds left.
|
|t:|1785770638
|move|p2a: Delphox|Protect|p2a: Delphox
|-singleturn|p2a: Delphox|Protect
|move|p1a: Basculegion|Flip Turn|p2b: Sneasler
|-damage|p2b: Sneasler|5/100
|
|t:|1785770646
|switch|p1a: Charizard|Charizard, L50, M|100/100|[from] Flip Turn
|move|p2b: Sneasler|Close Combat|p1b: Kingambit
|-supereffective|p1b: Kingambit|2
|-enditem|p1b: Kingambit|Chople Berry|[eat]
|-enditem|p1b: Kingambit|Chople Berry|[weaken]
|-damage|p1b: Kingambit|0 fnt
|-unboost|p2b: Sneasler|def|1
|-unboost|p2b: Sneasler|spd|1
|faint|p1b: Kingambit
|
|upkeep
|
|t:|1785770648
|switch|p1b: Basculegion|Basculegion, L50, M|100/100
|turn|3
|
|t:|1785770660
|switch|p2a: Incineroar|Incineroar, L50, F|100/100
|-ability|p2a: Incineroar|Intimidate|boost
|-unboost|p1a: Charizard|atk|1
|-unboost|p1b: Basculegion|atk|1
|detailschange|p1a: Charizard|Charizard-Mega-Y, L50, M
|-mega|p1a: Charizard|Charizard|Charizardite Y
|-weather|SunnyDay|[from] ability: Drought|[of] p1a: Charizard
|move|p1b: Basculegion|Last Respects|p2b: Sneasler
|-damage|p2b: Sneasler|0 fnt
|faint|p2b: Sneasler
|move|p1a: Charizard|Ancient Power|p2a: Incineroar
|-supereffective|p2a: Incineroar|1
|-damage|p2a: Incineroar|61/100
|-boost|p1a: Charizard|atk|1
|-boost|p1a: Charizard|def|1
|-boost|p1a: Charizard|spa|1
|-boost|p1a: Charizard|spd|1
|-boost|p1a: Charizard|spe|1
|
|-weather|SunnyDay|[upkeep]
|upkeep
|
|t:|1785770674
|switch|p2b: Kingambit|Kingambit, L50, M|100/100
|turn|4
|
|t:|1785770693
|move|p2a: Incineroar|Fake Out|p1a: Charizard
|-damage|p1a: Charizard|89/100
|cant|p1a: Charizard|flinch
|move|p1b: Basculegion|Last Respects|p2a: Incineroar
|-resisted|p2a: Incineroar|1
|-damage|p2a: Incineroar|35/100
|-enditem|p2a: Incineroar|Sitrus Berry|[eat]
|-heal|p2a: Incineroar|60/100|[from] item: Sitrus Berry
|move|p2b: Kingambit|Swords Dance|p2b: Kingambit
|-boost|p2b: Kingambit|atk|2
|
|-weather|SunnyDay|[upkeep]
|upkeep
|turn|5
|
|t:|1785770700
|move|p2b: Kingambit|Sucker Punch|p1a: Charizard
|-damage|p1a: Charizard|0 fnt
|faint|p1a: Charizard
|-damage|p2b: Kingambit|90/100|[from] item: Life Orb
|move|p1b: Basculegion|Last Respects|p2a: Incineroar
|-resisted|p2a: Incineroar|1
|-damage|p2a: Incineroar|23/100
|move|p2a: Incineroar|Throat Chop|p1b: Basculegion
|-supereffective|p1b: Basculegion|1
|-damage|p1b: Basculegion|23/100
|-start|p1b: Basculegion|Throat Chop|[silent]
|
|-weather|SunnyDay|[upkeep]
|upkeep
|turn|6
|-message|coo1kid forfeited.
|raw|coo1kid's rating: 1313 → 1295(-18 for losing)
|raw|abgesaftet's rating: 1342 → 1360(+18 for winning)
|
|win|abgesaftet
