|j|☆krscrossapplesauce
|j|☆robby w
|html|krscrossapplesaucerobby w    
|uhtml|bestof|Game 1 of a best-of-3
|t:|1756577219
|gametype|doubles
|player|p1|krscrossapplesauce|green|1294
|player|p2|robby w|pokekid|1321
|gen|9
|tier|[Gen 9] VGC 2025 Reg H (Bo3)
|rated|
|rule|Species Clause: Limit one of each Pokémon
|rule|Item Clause: Limit 1 of each item
|clearpoke
|poke|p1|Sneasler, L50, F|
|poke|p1|Kingambit, L50, M|
|poke|p1|Dondozo, L50, F|
|poke|p1|Rillaboom, L50, M|
|poke|p1|Volcarona, L50, F|
|poke|p1|Electabuzz, L50, M|
|poke|p2|Dondozo, L50, M|
|poke|p2|Tatsugiri, L50, M|
|poke|p2|Sneasler, L50, F|
|poke|p2|Indeedee, L50, M|
|poke|p2|Annihilape, L50, F|
|poke|p2|Gholdengo, L50|
|teampreview|4
|showteam|p1|Sneasler||FocusSash|PoisonTouch|FakeOut,DireClaw,CloseCombat,Protect|||F|||50|,,,,,Dark]Kingambit||BlackGlasses|Defiant|KowtowCleave,SuckerPunch,SwordsDance,Protect|||M|||50|,,,,,Dark]Dondozo||Leftovers|Unaware|WaveCrash,Yawn,Fissure,Protect|||F|||50|,,,,,Steel]Rillaboom||AssaultVest|GrassySurge|FakeOut,WoodHammer,GrassyGlide,HighHorsepower|||M|||50|,,,,,Fire]Volcarona||CovertCloak|FlameBody|HeatWave,QuiverDance,TeraBlast,Protect|||F|||50|,,,,,Fairy]Electabuzz||Eviolite|VitalSpirit|Thunderbolt,FollowMe,Taunt,Protect|||M|||50|,,,,,Ghost
|showteam|p2|Dondozo||Leftovers|Unaware|Protect,WaveCrash,Earthquake,OrderUp|||M|||50|,,,,,Grass]Tatsugiri||ChoiceScarf|Commander|DragonPulse,IcyWind,DracoMeteor,MuddyWater|||M|||50|,,,,,Stellar]Sneasler||PsychicSeed|Unburden|DireClaw,CloseCombat,Protect,ThroatChop|||F|||50|,,,,,Dark]Indeedee||FocusSash|PsychicSurge|DazzlingGleam,HelpingHand,ExpandingForce,Protect|||M|||50|,,,,,Fairy]Annihilape||SafetyGoggles|Defiant|CloseCombat,RageFist,Protect,Taunt|||F|||50|,,,,,Fighting]Gholdengo||LifeOrb|GoodasGold|MakeItRain,Protect,NastyPlot,ShadowBall||||||50|,,,,,Fire
|inactive|Battle timer is ON: inactive players will automatically lose when time's up. (requested by robby w)
|
|t:|1756577259
|teamsize|p1|4
|teamsize|p2|4
|start
|switch|p1a: Electabuzz|Electabuzz, L50, M|100/100
|switch|p1b: Sneasler|Sneasler, L50, F|100/100
|switch|p2a: Dondozo|Dondozo, L50, M, shiny|100/100
|switch|p2b: Sneasler|Sneasler, L50, F|100/100
|turn|1
|inactive|robby w has 30 seconds left.
|
|t:|1756577290
|move|p2b: Sneasler|Protect|p2b: Sneasler
|-singleturn|p2b: Sneasler|Protect
|move|p2a: Dondozo|Protect|p2a: Dondozo
|-singleturn|p2a: Dondozo|Protect
|move|p1a: Electabuzz|Follow Me|p1a: Electabuzz
|-singleturn|p1a: Electabuzz|move: Follow Me
|move|p1b: Sneasler|Dire Claw|p2a: Dondozo
|-activate|p2a: Dondozo|move: Protect
|
|upkeep
|turn|2
|inactive|krscrossapplesauce has 30 seconds left.
|
|t:|1756577317
|switch|p2b: Tatsugiri|Tatsugiri, L50, M|100/100
|-activate|p2b: Tatsugiri|ability: Commander|[of] p2a: Dondozo
|-boost|p2a: Dondozo|atk|2
|-boost|p2a: Dondozo|spa|2
|-boost|p2a: Dondozo|spe|2
|-boost|p2a: Dondozo|def|2
|-boost|p2a: Dondozo|spd|2
|move|p1a: Electabuzz|Follow Me|p1a: Electabuzz
|-singleturn|p1a: Electabuzz|move: Follow Me
|move|p1b: Sneasler|Dire Claw|p2a: Dondozo
|-damage|p2a: Dondozo|85/100
|-status|p2a: Dondozo|psn
|move|p2a: Dondozo|Earthquake|p1a: Electabuzz|[spread] p1a,p1b
|-miss|p2a: Dondozo|p2b: Tatsugiri
|-supereffective|p1a: Electabuzz
|-supereffective|p1b: Sneasler
|-damage|p1a: Electabuzz|34/100
|-enditem|p1b: Sneasler|Focus Sash
|-damage|p1b: Sneasler|1/100
|
|-heal|p2a: Dondozo|91/100 psn|[from] item: Leftovers
|-damage|p2a: Dondozo|78/100 psn|[from] psn
|upkeep
|turn|3
|inactive|robby w has 30 seconds left.
|
|t:|1756577344
|switch|p1a: Rillaboom|Rillaboom, L50, M|100/100
|-fieldstart|move: Grassy Terrain|[from] ability: Grassy Surge|[of] p1a: Rillaboom
|move|p1b: Sneasler|Protect|p1b: Sneasler
|-singleturn|p1b: Sneasler|Protect
|move|p2a: Dondozo|Earthquake|p1b: Sneasler|[spread] p1a
|-miss|p2a: Dondozo|p2b: Tatsugiri
|-activate|p1b: Sneasler|move: Protect
|-resisted|p1a: Rillaboom
|-damage|p1a: Rillaboom|88/100
|
|-heal|p1b: Sneasler|7/100|[from] Grassy Terrain
|-heal|p2a: Dondozo|85/100 psn|[from] Grassy Terrain
|-heal|p2a: Dondozo|91/100 psn|[from] item: Leftovers
|-heal|p1a: Rillaboom|94/100|[from] Grassy Terrain
|-damage|p2a: Dondozo|78/100 psn|[from] psn
|upkeep
|turn|4
|
|t:|1756577362
|switch|p1b: Dondozo|Dondozo, L50, F|100/100
|move|p2a: Dondozo|Protect|p2a: Dondozo
|-singleturn|p2a: Dondozo|Protect
|move|p1a: Rillaboom|Fake Out|p2a: Dondozo
|-activate|p2a: Dondozo|move: Protect
|
|-heal|p2a: Dondozo|85/100 psn|[from] Grassy Terrain
|-heal|p2a: Dondozo|91/100 psn|[from] item: Leftovers
|-heal|p1a: Rillaboom|100/100|[from] Grassy Terrain
|-damage|p2a: Dondozo|78/100 psn|[from] psn
|upkeep
|turn|5
|
|t:|1756577380
|-terastallize|p2a: Dondozo|Grass
|move|p1a: Rillaboom|Fake Out||[still]
|-hint|Fake Out only works on your first turn out.
|-fail|p1a: Rillaboom
|move|p2a: Dondozo|Order Up|p1b: Dondozo
|-damage|p1b: Dondozo|86/100
|-boost|p2a: Dondozo|atk|1
|move|p1b: Dondozo|Fissure|p2a: Dondozo
|-damage|p2a: Dondozo|0 fnt
|faint|p2a: Dondozo
|-ohko
|
|-heal|p1b: Dondozo|93/100|[from] Grassy Terrain
|-heal|p1b: Dondozo|99/100|[from] item: Leftovers
|upkeep
|
|t:|1756577396
|switch|p2a: Sneasler|Sneasler, L50, F|100/100
|turn|6
|
|t:|1756577417
|switch|p1a: Electabuzz|Electabuzz, L50, M|34/100
|move|p2b: Tatsugiri|Icy Wind|p1a: Electabuzz|[spread] p1a,p1b
|-resisted|p1b: Dondozo
|-damage|p1a: Electabuzz|24/100
|-damage|p1b: Dondozo|93/100
|-unboost|p1a: Electabuzz|spe|1
|-unboost|p1b: Dondozo|spe|1
|move|p2a: Sneasler|Dire Claw|p1a: Electabuzz
|-damage|p1a: Electabuzz|0 fnt
|faint|p1a: Electabuzz
|move|p1b: Dondozo|Yawn|p2a: Sneasler
|-start|p2a: Sneasler|move: Yawn|[of] p1b: Dondozo
|
|-heal|p1b: Dondozo|99/100|[from] Grassy Terrain
|-heal|p1b: Dondozo|100/100|[from] item: Leftovers
|upkeep
|
|t:|1756577429
|switch|p1a: Rillaboom|Rillaboom, L50, M|100/100
|turn|7
|
|t:|1756577440
|switch|p2a: Indeedee|Indeedee, L50, M|100/100
|-fieldstart|move: Psychic Terrain|[from] ability: Psychic Surge|[of] p2a: Indeedee
|move|p1a: Rillaboom|Fake Out|p2a: Indeedee
|-activate|p2a: Indeedee|move: Psychic Terrain
|move|p2b: Tatsugiri|Icy Wind|p1b: Dondozo|[spread] 
|-miss|p2b: Tatsugiri|p1a: Rillaboom
|-miss|p2b: Tatsugiri|p1b: Dondozo
|move|p1b: Dondozo|Wave Crash|p2a: Indeedee
|-damage|p2a: Indeedee|5/100
|-damage|p1b: Dondozo|83/100|[from] Recoil
|
|-heal|p1b: Dondozo|89/100|[from] item: Leftovers
|upkeep
|turn|8
|inactive|krscrossapplesauce has 30 seconds left.
|
|t:|1756577466
|switch|p1a: Sneasler|Sneasler, L50, F|7/100
|-terastallize|p1b: Dondozo|Steel
|move|p2b: Tatsugiri|Icy Wind|p1a: Sneasler|[spread] p1a,p1b
|-crit|p1a: Sneasler
|-resisted|p1b: Dondozo
|-damage|p1a: Sneasler|0 fnt
|-damage|p1b: Dondozo|84/100
|-unboost|p1b: Dondozo|spe|1
|faint|p1a: Sneasler
|move|p2a: Indeedee|Expanding Force|p1b: Dondozo
|-resisted|p1b: Dondozo
|-damage|p1b: Dondozo|58/100
|move|p1b: Dondozo|Wave Crash|p2a: Indeedee
|-damage|p2a: Indeedee|0 fnt
|faint|p2a: Indeedee
|-damage|p1b: Dondozo|57/100|[from] Recoil
|
|-heal|p1b: Dondozo|63/100|[from] item: Leftovers
|upkeep
|
|t:|1756577485
|switch|p1a: Rillaboom|Rillaboom, L50, M|100/100
|switch|p2a: Sneasler|Sneasler, L50, F|100/100
|-fieldstart|move: Grassy Terrain|[from] ability: Grassy Surge|[of] p1a: Rillaboom
|turn|9
|
|t:|1756577493
|move|p2a: Sneasler|Protect|p2a: Sneasler
|-singleturn|p2a: Sneasler|Protect
|move|p1a: Rillaboom|Fake Out|p2a: Sneasler
|-activate|p2a: Sneasler|move: Protect
|move|p2b: Tatsugiri|Icy Wind|p1a: Rillaboom|[spread] p1a,p1b
|-supereffective|p1a: Rillaboom
|-resisted|p1b: Dondozo
|-damage|p1a: Rillaboom|76/100
|-damage|p1b: Dondozo|58/100
|-unboost|p1a: Rillaboom|spe|1
|-unboost|p1b: Dondozo|spe|1
|move|p1b: Dondozo|Yawn|p2b: Tatsugiri
|-start|p2b: Tatsugiri|move: Yawn|[of] p1b: Dondozo
|
|-heal|p1a: Rillaboom|82/100|[from] Grassy Terrain
|-heal|p1b: Dondozo|65/100|[from] Grassy Terrain
|-heal|p1b: Dondozo|71/100|[from] item: Leftovers
|upkeep
|turn|10
|
|t:|1756577516
|move|p2b: Tatsugiri|Icy Wind|p1b: Dondozo|[spread] p1a,p1b
|-supereffective|p1a: Rillaboom
|-resisted|p1b: Dondozo
|-damage|p1a: Rillaboom|61/100
|-damage|p1b: Dondozo|65/100
|-unboost|p1a: Rillaboom|spe|1
|-unboost|p1b: Dondozo|spe|1
|move|p2a: Sneasler|Close Combat|p1b: Dondozo
|-supereffective|p1b: Dondozo
|-damage|p1b: Dondozo|0 fnt
|-unboost|p2a: Sneasler|def|1
|-unboost|p2a: Sneasler|spd|1
|faint|p1b: Dondozo
|move|p1a: Rillaboom|High Horsepower|p2a: Sneasler
|-supereffective|p2a: Sneasler
|-damage|p2a: Sneasler|0 fnt
|faint|p2a: Sneasler
|
|-heal|p1a: Rillaboom|67/100|[from] Grassy Terrain
|-end|p2b: Tatsugiri|move: Yawn|[silent]
|-status|p2b: Tatsugiri|slp
|upkeep
|turn|11
|
|t:|1756577534
|cant|p2b: Tatsugiri|slp
|move|p1a: Rillaboom|Wood Hammer|p2b: Tatsugiri
|-damage|p2b: Tatsugiri|0 fnt
|faint|p2b: Tatsugiri
|-damage|p1a: Rillaboom|44/100|[from] Recoil
|
|win|krscrossapplesauce
||krscrossapplesauce is ready for game 2.
||robby w is ready for game 2.
|uhtml|next|Next: Game 2 of 3
