|j|☆mattmoosegoose
|j|☆swooshcel
|html|mattmoosegooseswooshcel    
|uhtml|bestof|Game 1 of a best-of-3
|t:|1783919465
|gametype|doubles
|player|p1|mattmoosegoose|ghetsis-gen5bw|
|player|p2|swooshcel|2|
|gen|9
|tier|[Gen 9 Champions] VGC 2026 Reg M-B (Bo3)
|rule|Species Clause: Limit one of each Pokémon
|rule|Item Clause: Limit 1 of each item
|clearpoke
|poke|p1|Tyranitar, L50, M|
|poke|p1|Metagross, L50, shiny|
|poke|p1|Staraptor, L50, F|
|poke|p1|Typhlosion-Hisui, L50, M|
|poke|p1|Overqwil, L50, F, shiny|
|poke|p1|Farigiraf, L50, M|
|poke|p2|Sinistcha-Masterpiece, L50|
|poke|p2|Basculegion, L50, M|
|poke|p2|Corviknight, L50, F|
|poke|p2|Glimmora, L50, M|
|poke|p2|Aurorus, L50, M|
|poke|p2|Froslass, L50, F|
|teampreview|4
|showteam|p1|Tyranitar||Tyranitarite|SandStream|Earthquake,Protect,Superpower,FireFang|Brave||M|||50|]Metagross||Metagrossite|ClearBody|Earthquake,MeteorMash,Protect,BulletPunch|Jolly|||||50|]Staraptor||Staraptite|Intimidate|CloseCombat,Tailwind,BraveBird,Protect|Jolly||F|||50|]Typhlosion-Hisui||ChoiceScarf|Blaze|Flamethrower,FireBlast,Protect,Eruption|Timid||M|||50|]Overqwil||LifeOrb|SwiftSwim|Crunch,SludgeWave,IceBeam,Liquidation|Naughty||F|||50|]Farigiraf||LightClay|ArmorTail|TrickRoom,Psychic,LightScreen,ThunderWave|Sassy||M|||50|
|showteam|p2|Sinistcha-Masterpiece||SitrusBerry|Hospitality|MatchaGotcha,Scald,TrickRoom,RagePowder|Timid|||||50|]Basculegion||ChoiceScarf|Adaptability|IceFang,WaveCrash,LastRespects,FlipTurn|Jolly||M|||50|]Corviknight||FocusSash|Pressure|BraveBird,BodyPress,Tailwind,IronDefense|Impish||F|||50|]Glimmora||Glimmoranite|ToxicDebris|PowerGem,Protect,SludgeWave,Explosion|Modest||M|||50|]Aurorus||LightClay|SnowWarning|AuroraVeil,Blizzard,FlashCannon,Encore|Bold||M|||50|]Froslass||Froslassite|SnowCloak|Blizzard,Protect,NastyPlot,ShadowBall|Modest||F|||50|
|
|t:|1783919495
|teamsize|p1|4
|teamsize|p2|4
|start
|switch|p1a: Metagross|Metagross, L50, shiny|100/100
|switch|p1b: Staraptor|Staraptor, L50, F|100/100
|switch|p2a: tailwind slave|Corviknight, L50, F|100/100
|switch|p2b: aurora veil slave|Aurorus, L50, M|100/100
|-ability|p1b: Staraptor|Intimidate|boost
|-unboost|p2a: tailwind slave|atk|1
|-unboost|p2b: aurora veil slave|atk|1
|-ability|p2a: tailwind slave|Pressure
|-weather|Snowscape|[from] ability: Snow Warning|[of] p2b: aurora veil slave
|turn|1
|
|t:|1783919521
|detailschange|p1b: Staraptor|Staraptor-Mega, L50, F
|-mega|p1b: Staraptor|Staraptor|Staraptite
|move|p1b: Staraptor|Close Combat|p2a: tailwind slave
|-damage|p2a: tailwind slave|62/100
|-boost|p1b: Staraptor|def|1
|-boost|p1b: Staraptor|spd|1
|move|p1a: Metagross|Meteor Mash|p2b: aurora veil slave
|-supereffective|p2b: aurora veil slave|2
|-damage|p2b: aurora veil slave|1/100
|-boost|p1a: Metagross|atk|1
|move|p2a: tailwind slave|Tailwind|p2a: tailwind slave
|-sidestart|p2: swooshcel|move: Tailwind
|move|p2b: aurora veil slave|Aurora Veil|p2b: aurora veil slave
|-sidestart|p2: swooshcel|move: Aurora Veil
|
|-weather|Snowscape|[upkeep]
|upkeep
|turn|2
|
|t:|1783919545
|move|p1a: Metagross|Bullet Punch|p2b: aurora veil slave
|-supereffective|p2b: aurora veil slave|2
|-damage|p2b: aurora veil slave|0 fnt
|faint|p2b: aurora veil slave
|move|p1b: Staraptor|Tailwind|p1b: Staraptor
|-sidestart|p1: mattmoosegoose|move: Tailwind
|move|p2a: tailwind slave|Iron Defense|p2a: tailwind slave
|-boost|p2a: tailwind slave|def|2
|
|-weather|Snowscape|[upkeep]
|upkeep
|
|t:|1783919557
|switch|p2b: rime shank|Froslass, L50, F|100/100
|turn|3
|
|t:|1783919607
|detailschange|p2b: rime shank|Froslass-Mega, L50, F
|-mega|p2b: rime shank|Froslass|Froslassite
|move|p1b: Staraptor|Close Combat|p2a: tailwind slave
|-damage|p2a: tailwind slave|49/100
|-boost|p1b: Staraptor|def|1
|-boost|p1b: Staraptor|spd|1
|move|p2b: rime shank|Nasty Plot|p2b: rime shank
|-boost|p2b: rime shank|spa|2
|move|p1a: Metagross|Meteor Mash|p2b: rime shank
|-supereffective|p2b: rime shank|1
|-damage|p2b: rime shank|0 fnt
|faint|p2b: rime shank
|move|p2a: tailwind slave|Brave Bird|p1b: Staraptor
|-supereffective|p1b: Staraptor|1
|-damage|p1b: Staraptor|73/100
|-damage|p2a: tailwind slave|42/100|[from] Recoil
|
|-weather|Snowscape|[upkeep]
|upkeep
|
|t:|1783919623
|switch|p2b: roland|Basculegion, L50, M|100/100
|turn|4
|
|t:|1783919647
|switch|p1a: fuck ur rain|Tyranitar, L50, M|100/100
|-weather|Sandstorm|[from] ability: Sand Stream|[of] p1a: fuck ur rain
|move|p2b: roland|Last Respects|p1a: fuck ur rain
|-resisted|p1a: fuck ur rain|1
|-damage|p1a: fuck ur rain|62/100
|move|p1b: Staraptor|Close Combat|p2a: tailwind slave
|-damage|p2a: tailwind slave|28/100
|-boost|p1b: Staraptor|def|1
|-boost|p1b: Staraptor|spd|1
|move|p2a: tailwind slave|Brave Bird|p1b: Staraptor
|-supereffective|p1b: Staraptor|1
|-damage|p1b: Staraptor|50/100g
|-damage|p2a: tailwind slave|22/100|[from] Recoil
|
|-weather|Sandstorm|[upkeep]
|-damage|p2b: roland|93/100|[from] Sandstorm
|-damage|p1b: Staraptor|44/100|[from] Sandstorm
|-sideend|p2: swooshcel|move: Tailwind
|upkeep
|turn|5
|
|t:|1783919675
|move|p1b: Staraptor|Brave Bird|p2b: roland
|-crit|p2b: roland
|-damage|p2b: roland|0 fnt
|faint|p2b: roland
|-damage|p1b: Staraptor|6/100|[from] Recoil
|move|p1a: fuck ur rain|Fire Fang|p2a: tailwind slave
|-supereffective|p2a: tailwind slave|1
|-damage|p2a: tailwind slave|12/100
|move|p2a: tailwind slave|Body Press|p1a: fuck ur rain
|-supereffective|p1a: fuck ur rain|2
|-damage|p1a: fuck ur rain|0 fnt
|faint|p1a: fuck ur rain
|
|-weather|Sandstorm|[upkeep]
|-damage|p1b: Staraptor|0 fnt|[from] Sandstorm
|faint|p1b: Staraptor
|-sideend|p1: mattmoosegoose|move: Tailwind
|upkeep
|
|t:|1783919690
|switch|p1b: Metagross|Metagross, L50, shiny|100/100
|switch|p1a: Typhlosion|Typhlosion-Hisui, L50, M|100/100
|turn|6
|
|t:|1783919706
|move|p1b: Metagross|Bullet Punch|p2a: tailwind slave
|-resisted|p2a: tailwind slave|1
|-damage|p2a: tailwind slave|9/100
|move|p1a: Typhlosion|Flamethrower|p2a: tailwind slave
|-supereffective|p2a: tailwind slave|1
|-damage|p2a: tailwind slave|0 fnt
|faint|p2a: tailwind slave
|
|win|mattmoosegoose
||mattmoosegoose is ready for game 2.
||swooshcel is ready for game 2.
|uhtml|next|Next: Game 2 of 3
