|j|☆lolgz
|j|☆Kha'madonna
|html|lolgzKha'madonna    
|uhtml|bestof|Game 2 of a best-of-3
|t:|1782343313
|gametype|doubles
|player|p1|lolgz|dawn|1156
|player|p2|Kha'madonna|169|1241
|gen|9
|tier|[Gen 9 Champions] VGC 2026 Reg M-B (Bo3)
|rated|
|rule|Species Clause: Limit one of each Pokémon
|rule|Item Clause: Limit 1 of each item
|clearpoke
|poke|p1|Torkoal, L50, M|
|poke|p1|Vileplume, L50, F|
|poke|p1|Farigiraf, L50, M|
|poke|p1|Scrafty, L50, F|
|poke|p1|Gallade, L50, M|
|poke|p1|Mawile, L50, M|
|poke|p2|Gengar, L50, M|
|poke|p2|Incineroar, L50, M|
|poke|p2|Kommo-o, L50, F|
|poke|p2|Ninetales-Alola, L50, F|
|poke|p2|Sneasler, L50, F|
|poke|p2|Floette-Eternal, L50, F|
|teampreview|4
|showteam|p1|Torkoal||Charcoal|Drought|Eruption,WeatherBall,EarthPower,Protect|Quiet||M|||50|]Vileplume||FocusSash|Chlorophyll|EnergyBall,SludgeBomb,SleepPowder,AfterYou|Timid||F|||50|]Farigiraf||SitrusBerry|ArmorTail|TrickRoom,Protect,Psychic,HelpingHand|Bold||M|||50|]Scrafty||Scraftinite|Intimidate|CloseCombat,KnockOff,FakeOut,RockSlide|Brave||F|||50|]Gallade||IronBall|Sharpness|SacredSword,PsychoCut,WideGuard,TrickRoom|Brave||M|||50|]Mawile||Mawilite|HyperCutter|SuckerPunch,PlayRough,SwordsDance,Protect|Brave||M|||50|
|showteam|p2|Gengar||Gengarite|CursedBody|PerishSong,Protect,Disable,ShadowBall|Timid||M|||50|]Incineroar||SitrusBerry|Intimidate|PartingShot,Protect,FlareBlitz,FakeOut|Impish||M|||50|]Kommo-o||Leftovers|Soundproof|AuraSphere,ClangingScales,ClangorousSoul,Protect|Modest||F|||50|]Ninetales-Alola||LightClay|SnowWarning|AuroraVeil,Encore,Protect,Blizzard|Timid||F|||50|]Sneasler||FocusSash|PoisonTouch|FakeOut,CloseCombat,DireClaw,Protect|Adamant||F|||50|]Floette-Eternal||Floettite|FlowerVeil|DrainingKiss,DazzlingGleam,Protect,CalmMind|Timid||F|||50|
|inactive|Battle timer is ON: inactive players will automatically lose when time's up. (requested by lolgz)
|
|t:|1782343340
|teamsize|p1|4
|teamsize|p2|4
|start
|switch|p1a: Vileplume|Vileplume, L50, F|100/100
|switch|p1b: Torkoal|Torkoal, L50, M|100/100
|switch|p2a: Gengar|Gengar, L50, M|100/100
|switch|p2b: Kommo-o|Kommo-o, L50, F|100/100
|-weather|SunnyDay|[from] ability: Drought|[of] p1b: Torkoal
|turn|1
|
|t:|1782343353
|switch|p2b: Ninetales|Ninetales-Alola, L50, F|100/100
|-weather|Snowscape|[from] ability: Snow Warning|[of] p2b: Ninetales
|switch|p1b: Farigiraf|Farigiraf, L50, M|100/100
|detailschange|p2a: Gengar|Gengar-Mega, L50, M
|-mega|p2a: Gengar|Gengar|Gengarite
|move|p2a: Gengar|Perish Song|p2a: Gengar
|-start|p1a: Vileplume|perish3|[silent]
|-start|p1b: Farigiraf|perish3|[silent]
|-start|p2a: Gengar|perish3|[silent]
|-start|p2b: Ninetales|perish3|[silent]
|-fieldactivate|move: Perish Song
|move|p1a: Vileplume|Sleep Powder|p2a: Gengar|[miss]
|-miss|p1a: Vileplume|p2a: Gengar
|
|-weather|Snowscape|[upkeep]
|-start|p2a: Gengar|perish3
|-start|p2b: Ninetales|perish3
|-start|p1a: Vileplume|perish3
|-start|p1b: Farigiraf|perish3
|upkeep
|turn|2
|
|t:|1782343376
|move|p2a: Gengar|Disable|p1a: Vileplume
|-start|p1a: Vileplume|Disable|Sleep Powder
|move|p2b: Ninetales|Aurora Veil|p2b: Ninetales
|-sidestart|p2: Kha'madonna|move: Aurora Veil
|move|p1a: Vileplume|Sludge Bomb|p2b: Ninetales
|-supereffective|p2b: Ninetales|1
|-damage|p2b: Ninetales|26/100
|-status|p2b: Ninetales|psn
|move|p1b: Farigiraf|Trick Room|p1b: Farigiraf
|-fieldstart|move: Trick Room|[of] p1b: Farigiraf
|
|-weather|Snowscape|[upkeep]
|-damage|p2b: Ninetales|14/100 psn|[from] psn
|-start|p1b: Farigiraf|perish2
|-start|p1a: Vileplume|perish2
|-start|p2b: Ninetales|perish2
|-start|p2a: Gengar|perish2
|upkeep
|turn|3
|
|t:|1782343396
|switch|p2b: Incineroar|Incineroar, L50, M|100/100
|-ability|p2b: Incineroar|Intimidate|boost
|-unboost|p1a: Vileplume|atk|1
|-unboost|p1b: Farigiraf|atk|1
|move|p2a: Gengar|Protect|p2a: Gengar
|-singleturn|p2a: Gengar|Protect
|move|p1b: Farigiraf|Psychic|p2a: Gengar
|-activate|p2a: Gengar|move: Protect
|move|p1a: Vileplume|Sludge Bomb|p2a: Gengar
|-activate|p2a: Gengar|move: Protect
|
|-weather|Snowscape|[upkeep]
|-start|p1b: Farigiraf|perish1
|-start|p1a: Vileplume|perish1
|-start|p2a: Gengar|perish1
|upkeep
|turn|4
|
|t:|1782343419
|switch|p2a: Ninetales|Ninetales-Alola, L50, F|14/100 psn
|move|p1b: Farigiraf|Psychic|p2a: Ninetales
|-damage|p2a: Ninetales|0 fnt
|faint|p2a: Ninetales
|move|p2b: Incineroar|Parting Shot|p1a: Vileplume
|-unboost|p1a: Vileplume|atk|1
|-unboost|p1a: Vileplume|spa|1
|
|t:|1782343433
|switch|p2b: Kommo-o|Kommo-o, L50, F|100/100|[from] Parting Shot
|move|p1a: Vileplume|Sludge Bomb|p2b: Kommo-o
|-damage|p2b: Kommo-o|81/100
|-status|p2b: Kommo-o|psn
|
|-weather|Snowscape|[upkeep]
|-heal|p2b: Kommo-o|88/100 psn|[from] item: Leftovers
|-damage|p2b: Kommo-o|75/100 psn|[from] psn
|-start|p1b: Farigiraf|perish0
|-start|p1a: Vileplume|perish0
|faint|p1b: Farigiraf
|faint|p1a: Vileplume
|upkeep
|
|t:|1782343447
|switch|p1b: Mawile|Mawile, L50, M|100/100
|switch|p1a: Torkoal|Torkoal, L50, M|100/100
|switch|p2a: Incineroar|Incineroar, L50, M|100/100
|-weather|SunnyDay|[from] ability: Drought|[of] p1a: Torkoal
|-ability|p2a: Incineroar|Intimidate|boost
|-unboost|p1a: Torkoal|atk|1
|-fail|p1b: Mawile|unboost|Attack|[from] ability: Hyper Cutter|[of] p1b: Mawile
|turn|5
|
|t:|1782343467
|detailschange|p1b: Mawile|Mawile-Mega, L50, M
|-mega|p1b: Mawile|Mawile|Mawilite
|move|p2a: Incineroar|Fake Out|p1b: Mawile
|-resisted|p1b: Mawile|1
|-damage|p1b: Mawile|94/100
|move|p1a: Torkoal|Eruption|p2b: Kommo-o|[spread] p2a,p2b
|-resisted|p2a: Incineroar|1
|-resisted|p2b: Kommo-o|1
|-damage|p2a: Incineroar|76/100
|-damage|p2b: Kommo-o|46/100 psn
|cant|p1b: Mawile|flinch
|move|p2b: Kommo-o|Clangorous Soul|p2b: Kommo-o
|-boost|p2b: Kommo-o|atk|1
|-boost|p2b: Kommo-o|def|1
|-boost|p2b: Kommo-o|spa|1
|-boost|p2b: Kommo-o|spd|1
|-boost|p2b: Kommo-o|spe|1
|-damage|p2b: Kommo-o|13/100 psn
|
|-weather|SunnyDay|[upkeep]
|-heal|p2b: Kommo-o|19/100 psn|[from] item: Leftovers
|-damage|p2b: Kommo-o|6/100 psn|[from] psn
|upkeep
|turn|6
|inactive|Kha'madonna has 30 seconds left.
|inactive|Kha'madonna has 20 seconds left.
|
|t:|1782343505
|move|p1a: Torkoal|Eruption|p2b: Kommo-o|[spread] p2a,p2b
|-resisted|p2a: Incineroar|1
|-resisted|p2b: Kommo-o|1
|-damage|p2a: Incineroar|53/100
|-damage|p2b: Kommo-o|0 fnt
|faint|p2b: Kommo-o
|move|p1b: Mawile|Play Rough|p2a: Incineroar|[miss]
|-miss|p1b: Mawile|p2a: Incineroar
|move|p2a: Incineroar|Flare Blitz|p1b: Mawile
|-supereffective|p1b: Mawile|1
|-damage|p1b: Mawile|0 fnt
|faint|p1b: Mawile
|-damage|p2a: Incineroar|29/100|[from] Recoil
|-enditem|p2a: Incineroar|Sitrus Berry|[eat]
|-heal|p2a: Incineroar|53/100|[from] item: Sitrus Berry
|
|-weather|SunnyDay|[upkeep]
|-fieldend|move: Trick Room
|upkeep
|
|t:|1782343507
|switch|p2b: Gengar|Gengar-Mega, L50, M|100/100
|turn|7
|-message|lolgz forfeited.
|
|win|Kha'madonna
