|j|☆Abefisker
|j|☆Gamerbmac89
|html|AbefiskerGamerbmac89    
|uhtml|bestof|Game 1 of a best-of-3
|t:|1783466558
|gametype|doubles
|player|p1|Abefisker|265|1126
|player|p2|Gamerbmac89|red|1070
|gen|9
|tier|[Gen 9 Champions] VGC 2026 Reg M-B (Bo3)
|rated|
|rule|Species Clause: Limit one of each Pokémon
|rule|Item Clause: Limit 1 of each item
|clearpoke
|poke|p1|Ceruledge, L50, M|
|poke|p1|Froslass, L50, F|
|poke|p1|Incineroar, L50, M|
|poke|p1|Maushold-Four, L50|
|poke|p1|Sinistcha, L50|
|poke|p1|Kommo-o, L50, F|
|poke|p2|Mamoswine, L50, M|
|poke|p2|Charizard, L50, M|
|poke|p2|Whimsicott, L50, M|
|poke|p2|Annihilape, L50, F|
|poke|p2|Farigiraf, L50, M|
|poke|p2|Floette-Eternal, L50, F|
|teampreview|4
|showteam|p1|Ceruledge||ColburBerry|FlashFire|BitterBlade,ShadowSneak,BulkUp,Protect|Adamant||M|||50|]Froslass||Froslassite|SnowCloak|Blizzard,ShadowBall,AuroraVeil,Protect|Timid||F|||50|]Incineroar||SitrusBerry|Intimidate|DarkestLariat,HelpingHand,FakeOut,PartingShot|Careful||M|||50|]Maushold-Four||WideLens|Technician|PopulationBomb,Encore,FollowMe,Protect|Jolly|||||50|]Sinistcha||CobaBerry|Hospitality|MatchaGotcha,RagePowder,LifeDew,Protect|Bold|||||50|]Kommo-o||Leftovers|Soundproof|ClangingScales,AuraSphere,ClangorousSoul,Protect|Modest||F|||50|
|showteam|p2|Mamoswine||LifeOrb|Oblivious|IceShard,HighHorsepower,IcicleCrash,Protect|Adamant||M|||50|]Charizard||CharizarditeY|Blaze|HeatWave,WeatherBall,SolarBeam,Protect|Timid||M|||50|]Whimsicott||FocusSash|Prankster|Moonblast,Tailwind,Encore,BeatUp|Timid||M|||50|]Annihilape||Leftovers|Defiant|RageFist,DrainPunch,BulkUp,Protect|Adamant||F|||50|]Farigiraf||SitrusBerry|ArmorTail|Psychic,Thunderbolt,HelpingHand,TrickRoom|Bold||M|||50|]Floette-Eternal||Floettite|FlowerVeil|Moonblast,CalmMind,DrainingKiss,Protect|Modest||F|||50|
|
|t:|1783466592
|teamsize|p1|4
|teamsize|p2|4
|start
|switch|p1a: Ceruledge|Ceruledge, L50, M|100/100
|switch|p1b: Maushold|Maushold-Four, L50|100/100
|switch|p2a: Whimsicott|Whimsicott, L50, M|100/100
|switch|p2b: Annihilape|Annihilape, L50, F|100/100
|turn|1
|
|t:|1783466618
|move|p2a: Whimsicott|Tailwind|p2a: Whimsicott
|-sidestart|p2: Gamerbmac89|move: Tailwind
|move|p2b: Annihilape|Bulk Up|p2b: Annihilape
|-boost|p2b: Annihilape|atk|1
|-boost|p2b: Annihilape|def|1
|move|p1b: Maushold|Encore|p2b: Annihilape
|-start|p2b: Annihilape|Encore
|move|p1a: Ceruledge|Bulk Up|p1a: Ceruledge
|-boost|p1a: Ceruledge|atk|1
|-boost|p1a: Ceruledge|def|1
|
|upkeep
|turn|2
|
|t:|1783466658
|move|p1a: Ceruledge|Protect|p1a: Ceruledge
|-singleturn|p1a: Ceruledge|Protect
|move|p2a: Whimsicott|Encore|p1a: Ceruledge
|-activate|p1a: Ceruledge|move: Protect
|move|p2b: Annihilape|Bulk Up|p2b: Annihilape
|-boost|p2b: Annihilape|atk|1
|-boost|p2b: Annihilape|def|1
|move|p1b: Maushold|Population Bomb|p2a: Whimsicott
|-damage|p2a: Whimsicott|82/100
|-damage|p2a: Whimsicott|66/100
|-damage|p2a: Whimsicott|48/100
|-damage|p2a: Whimsicott|32/100
|-damage|p2a: Whimsicott|16/100
|-damage|p2a: Whimsicott|1/100
|-damage|p2a: Whimsicott|0 fnt
|faint|p2a: Whimsicott
|-hitcount|p2: Whimsicott|7
|
|upkeep
|
|t:|1783466664
|switch|p2a: Mamoswine|Mamoswine, L50, M|100/100
|turn|3
|
|t:|1783466673
|move|p2b: Annihilape|Bulk Up|p2b: Annihilape
|-boost|p2b: Annihilape|atk|1
|-boost|p2b: Annihilape|def|1
|move|p2a: Mamoswine|High Horsepower|p1a: Ceruledge
|-supereffective|p1a: Ceruledge|1
|-damage|p1a: Ceruledge|0 fnt
|faint|p1a: Ceruledge
|-damage|p2a: Mamoswine|90/100|[from] item: Life Orb
|move|p1b: Maushold|Population Bomb|p2a: Mamoswine
|-damage|p2a: Mamoswine|79/100
|-damage|p2a: Mamoswine|67/100
|-damage|p2a: Mamoswine|55/100
|-damage|p2a: Mamoswine|44/100
|-damage|p2a: Mamoswine|32/100
|-damage|p2a: Mamoswine|21/100
|-damage|p2a: Mamoswine|10/100
|-damage|p2a: Mamoswine|0 fnt
|faint|p2a: Mamoswine
|-hitcount|p2: Mamoswine|8
|
|upkeep
|
|t:|1783466682
|switch|p2a: Charizard|Charizard, L50, M|100/100
|switch|p1a: Froslass|Froslass, L50, F|100/100
|turn|4
|
|t:|1783466708
|switch|p1b: Sinistcha|Sinistcha, L50|100/100
|detailschange|p2a: Charizard|Charizard-Mega-Y, L50, M
|-mega|p2a: Charizard|Charizard|Charizardite Y
|-weather|SunnyDay|[from] ability: Drought|[of] p2a: Charizard
|move|p1a: Froslass|Protect|p1a: Froslass
|-singleturn|p1a: Froslass|Protect
|move|p2a: Charizard|Heat Wave|p1b: Sinistcha|[spread] 
|-activate|p1a: Froslass|move: Protect
|-miss|p2a: Charizard|p1b: Sinistcha
|move|p2b: Annihilape|Bulk Up|p2b: Annihilape
|-boost|p2b: Annihilape|atk|1
|-boost|p2b: Annihilape|def|1
|
|-weather|SunnyDay|[upkeep]
|-end|p2b: Annihilape|Encore
|-sideend|p2: Gamerbmac89|move: Tailwind
|upkeep
|turn|5
|c|☆Abefisker|what a terrible miss
|c|☆Gamerbmac89|yeah lol
|
|t:|1783466735
|detailschange|p1a: Froslass|Froslass-Mega, L50, F
|-mega|p1a: Froslass|Froslass|Froslassite
|-weather|Snowscape|[from] ability: Snow Warning|[of] p1a: Froslass
|move|p2b: Annihilape|Protect|p2b: Annihilape
|-singleturn|p2b: Annihilape|Protect
|move|p1b: Sinistcha|Rage Powder|p1b: Sinistcha
|-singleturn|p1b: Sinistcha|move: Rage Powder
|move|p1a: Froslass|Shadow Ball|p2b: Annihilape
|-activate|p2b: Annihilape|move: Protect
|move|p2a: Charizard|Heat Wave|p1a: Froslass|[spread] p1a,p1b
|-supereffective|p1a: Froslass|1
|-supereffective|p1b: Sinistcha|1
|-damage|p1a: Froslass|0 fnt
|-damage|p1b: Sinistcha|25/100
|faint|p1a: Froslass
|
|-weather|Snowscape|[upkeep]
|upkeep
|
|t:|1783466739
|switch|p1a: Maushold|Maushold-Four, L50|100/100
|turn|6
|
|t:|1783466757
|move|p1b: Sinistcha|Protect|p1b: Sinistcha
|-singleturn|p1b: Sinistcha|Protect
|move|p1a: Maushold|Encore|p2b: Annihilape
|-start|p2b: Annihilape|Encore
|move|p2b: Annihilape|Protect||[still]
|-fail|p2b: Annihilape
|move|p2a: Charizard|Heat Wave|p1b: Sinistcha|[spread] 
|-activate|p1b: Sinistcha|move: Protect
|-miss|p2a: Charizard|p1a: Maushold
|
|-weather|Snowscape|[upkeep]
|upkeep
|turn|7
|
|t:|1783466767
|move|p2b: Annihilape|Protect|p2b: Annihilape
|-singleturn|p2b: Annihilape|Protect
|move|p1a: Maushold|Population Bomb|p2a: Charizard
|-damage|p2a: Charizard|82/100
|-damage|p2a: Charizard|66/100
|-damage|p2a: Charizard|49/100
|-damage|p2a: Charizard|32/100
|-damage|p2a: Charizard|17/100
|-damage|p2a: Charizard|1/100
|-damage|p2a: Charizard|0 fnt
|faint|p2a: Charizard
|-hitcount|p2: Charizard|7
|move|p1b: Sinistcha|Matcha Gotcha|p2b: Annihilape
|-activate|p2b: Annihilape|move: Protect
|
|-weather|Snowscape|[upkeep]
|upkeep
|turn|8
|
|t:|1783466776
|move|p2b: Annihilape|Protect||[still]
|-fail|p2b: Annihilape
|move|p1a: Maushold|Population Bomb|p2b: Annihilape
|-immune|p2b: Annihilape
|move|p1b: Sinistcha|Matcha Gotcha|p2b: Annihilape
|-damage|p2b: Annihilape|70/100
|-heal|p1b: Sinistcha|43/100|[from] drain|[of] p2b: Annihilape
|
|-weather|Snowscape|[upkeep]
|-heal|p2b: Annihilape|76/100|[from] item: Leftovers
|-end|p2b: Annihilape|Encore
|upkeep
|turn|9
|
|t:|1783466786
|move|p1a: Maushold|Encore|p2b: Annihilape
|-start|p2b: Annihilape|Encore
|move|p2b: Annihilape|Protect|p2b: Annihilape
|-singleturn|p2b: Annihilape|Protect
|move|p1b: Sinistcha|Matcha Gotcha|p2b: Annihilape
|-activate|p2b: Annihilape|move: Protect
|
|-weather|none
|-heal|p2b: Annihilape|82/100|[from] item: Leftovers
|upkeep
|turn|10
|
|t:|1783466790
|move|p2b: Annihilape|Protect|p2b: Annihilape
|-singleturn|p2b: Annihilape|Protect
|move|p1a: Maushold|Population Bomb|p2b: Annihilape
|-activate|p2b: Annihilape|move: Protect
|move|p1b: Sinistcha|Matcha Gotcha|p2b: Annihilape
|-activate|p2b: Annihilape|move: Protect
|
|-heal|p2b: Annihilape|88/100|[from] item: Leftovers
|upkeep
|turn|11
|
|t:|1783466796
|move|p2b: Annihilape|Protect||[still]
|-fail|p2b: Annihilape
|move|p1a: Maushold|Population Bomb|p2b: Annihilape
|-immune|p2b: Annihilape
|move|p1b: Sinistcha|Matcha Gotcha|p2b: Annihilape
|-damage|p2b: Annihilape|59/100
|-heal|p1b: Sinistcha|61/100|[from] drain|[of] p2b: Annihilape
|
|-heal|p2b: Annihilape|65/100|[from] item: Leftovers
|-end|p2b: Annihilape|Encore
|upkeep
|turn|12
|
|t:|1783466804
|move|p1a: Maushold|Encore|p2b: Annihilape
|-start|p2b: Annihilape|Encore
|move|p2b: Annihilape|Protect|p2b: Annihilape
|-singleturn|p2b: Annihilape|Protect
|move|p1b: Sinistcha|Matcha Gotcha|p2b: Annihilape
|-activate|p2b: Annihilape|move: Protect
|
|-heal|p2b: Annihilape|71/100|[from] item: Leftovers
|-end|p2b: Annihilape|Encore
|upkeep
|turn|13
|
|t:|1783466807
|move|p1a: Maushold|Protect|p1a: Maushold
|-singleturn|p1a: Maushold|Protect
|move|p1b: Sinistcha|Protect|p1b: Sinistcha
|-singleturn|p1b: Sinistcha|Protect
|move|p2b: Annihilape|Rage Fist|p1b: Sinistcha
|-activate|p1b: Sinistcha|move: Protect
|
|-heal|p2b: Annihilape|77/100|[from] item: Leftovers
|upkeep
|turn|14
|
|t:|1783466818
|move|p1b: Sinistcha|Protect|p1b: Sinistcha
|-singleturn|p1b: Sinistcha|Protect
|move|p1a: Maushold|Encore|p2b: Annihilape
|-start|p2b: Annihilape|Encore
|move|p2b: Annihilape|Rage Fist|p1b: Sinistcha
|-activate|p1b: Sinistcha|move: Protect
|
|-heal|p2b: Annihilape|83/100|[from] item: Leftovers
|upkeep
|turn|15
|
|t:|1783466822
|move|p1a: Maushold|Follow Me|p1a: Maushold
|-singleturn|p1a: Maushold|move: Follow Me
|move|p2b: Annihilape|Rage Fist|p1a: Maushold
|-immune|p1a: Maushold
|move|p1b: Sinistcha|Matcha Gotcha|p2b: Annihilape
|-damage|p2b: Annihilape|53/100
|-heal|p1b: Sinistcha|79/100|[from] drain|[of] p2b: Annihilape
|-status|p2b: Annihilape|brn
|
|-heal|p2b: Annihilape|60/100 brn|[from] item: Leftovers
|-damage|p2b: Annihilape|53/100 brn|[from] brn
|upkeep
|turn|16
|
|t:|1783466826
|move|p1a: Maushold|Follow Me|p1a: Maushold
|-singleturn|p1a: Maushold|move: Follow Me
|move|p2b: Annihilape|Rage Fist|p1a: Maushold
|-immune|p1a: Maushold
|move|p1b: Sinistcha|Matcha Gotcha|p2b: Annihilape
|-damage|p2b: Annihilape|22/100 brn
|-heal|p1b: Sinistcha|98/100|[from] drain|[of] p2b: Annihilape
|
|-heal|p2b: Annihilape|28/100 brn|[from] item: Leftovers
|-damage|p2b: Annihilape|22/100 brn|[from] brn
|-end|p2b: Annihilape|Encore
|upkeep
|turn|17
|
|t:|1783466840
|move|p1b: Sinistcha|Protect|p1b: Sinistcha
|-singleturn|p1b: Sinistcha|Protect
|move|p1a: Maushold|Encore|p2b: Annihilape
|-start|p2b: Annihilape|Encore
|move|p2b: Annihilape|Rage Fist|p1a: Maushold
|-immune|p1a: Maushold
|
|-heal|p2b: Annihilape|28/100 brn|[from] item: Leftovers
|-damage|p2b: Annihilape|22/100 brn|[from] brn
|upkeep
|turn|18
|
|t:|1783466844
|move|p1a: Maushold|Follow Me|p1a: Maushold
|-singleturn|p1a: Maushold|move: Follow Me
|move|p2b: Annihilape|Rage Fist|p1a: Maushold
|-immune|p1a: Maushold
|move|p1b: Sinistcha|Matcha Gotcha|p2b: Annihilape
|-damage|p2b: Annihilape|0 fnt
|-heal|p1b: Sinistcha|100/100|[from] drain|[of] p2b: Annihilape
|faint|p2b: Annihilape
|
|win|Abefisker
|c|☆Abefisker|phew
||Abefisker is ready for game 2.
|c|☆Gamerbmac89|gg
||Gamerbmac89 is ready for game 2.
|uhtml|next|Next: Game 2 of 3
|l|☆Abefisker
|player|p1|
