|j|☆Grimmsnarl2026
|j|☆Rtx_sebas
|html|Grimmsnarl2026Rtx_sebas    
|uhtml|bestof|Game 3 of a best-of-3
|t:|1783888751
|gametype|doubles
|player|p1|Grimmsnarl2026|101|1079
|player|p2|Rtx_sebas|101|1080
|gen|9
|tier|[Gen 9 Champions] VGC 2026 Reg M-B (Bo3)
|rated|
|rule|Species Clause: Limit one of each Pokémon
|rule|Item Clause: Limit 1 of each item
|clearpoke
|poke|p1|Sceptile, L50, F|
|poke|p1|Rotom-Wash, L50|
|poke|p1|Incineroar, L50, F|
|poke|p1|Garchomp, L50, F|
|poke|p1|Metagross, L50|
|poke|p1|Grimmsnarl, L50, M|
|poke|p2|Camerupt, L50, F|
|poke|p2|Torkoal, L50, F|
|poke|p2|Hatterene, L50, F|
|poke|p2|Farigiraf, L50, F|
|poke|p2|Incineroar, L50, F|
|poke|p2|Kangaskhan, L50, F|
|teampreview|4
|showteam|p1|Sceptile||Sceptilite|Overgrow|DragonPulse,EnergyBall,ShedTail,Detect|Bold||F|||50|]Rotom-Wash||Metronome|Levitate|Discharge,VoltSwitch,HydroPump,WillOWisp|Timid|||||50|]Incineroar||ChopleBerry|Intimidate|FakeOut,PartingShot,FlareBlitz,DarkestLariat|Brave||F|||50|]Garchomp||FocusSash|RoughSkin|DragonClaw,Earthquake,RockSlide,Protect|Careful||F|||50|]Metagross||Metagrossite|ClearBody|BulletPunch,PsychicFangs,RockSlide,Protect|Sassy|||||50|]Grimmsnarl||Leftovers|Prankster|SpiritBreak,ScaryFace,PartingShot,FakeOut|Relaxed||M|||50|
|showteam|p2|Camerupt||Cameruptite|SolidRock|Eruption,EarthPower,RockSlide,Protect|Quiet||F|||50|]Torkoal||Charcoal|Drought|Eruption,SolarBeam,Flamethrower,Protect|Quiet||F|||50|]Hatterene||LifeOrb|MagicBounce|DazzlingGleam,Psychic,Protect,TrickRoom|Quiet||F|||50|]Farigiraf||SitrusBerry|ArmorTail|TrickRoom,Thunderbolt,Protect,Psychic|Relaxed||F|||50|]Incineroar||BlackGlasses|Intimidate|DarkestLariat,FlareBlitz,PartingShot,FakeOut|Brave||F|||50|]Kangaskhan||Kangaskhanite|Scrappy|FakeOut,LastResort|Brave||F|||50|
|inactive|Battle timer is ON: inactive players will automatically lose when time's up. (requested by Rtx_sebas)
|
|t:|1783888786
|teamsize|p1|4
|teamsize|p2|4
|start
|switch|p1a: Incineroar|Incineroar, L50, F|100/100
|switch|p1b: Grimmsnarl|Grimmsnarl, L50, M|100/100
|switch|p2a: Farigiraf|Farigiraf, L50, F|100/100
|switch|p2b: Kangaskhan|Kangaskhan, L50, F|100/100
|-ability|p1a: Incineroar|Intimidate|boost
|-unboost|p2a: Farigiraf|atk|1
|-fail|p2b: Kangaskhan|unboost|Attack|[from] ability: Scrappy|[of] p2b: Kangaskhan
|turn|1
|inactive|Grimmsnarl2026 has 30 seconds left.
|inactive|Grimmsnarl2026 has 20 seconds left.
|inactive|Grimmsnarl2026 has 15 seconds left.
|inactive|Grimmsnarl2026 has 10 seconds left.
|inactive|Grimmsnarl2026 has 5 seconds left.
|
|t:|1783888841
|move|p2b: Kangaskhan|Fake Out|p1a: Incineroar
|-damage|p1a: Incineroar|83/100
|cant|p1a: Incineroar|flinch
|move|p1b: Grimmsnarl|Spirit Break|p2b: Kangaskhan
|-damage|p2b: Kangaskhan|68/100
|-unboost|p2b: Kangaskhan|spa|1
|move|p2a: Farigiraf|Trick Room|p2a: Farigiraf
|-fieldstart|move: Trick Room|[of] p2a: Farigiraf
|
|upkeep
|turn|2
|inactive|Grimmsnarl2026 has 30 seconds left.
|inactive|Rtx_sebas has 30 seconds left.
|inactive|Rtx_sebas has 20 seconds left.
|inactive|Rtx_sebas has 15 seconds left.
|inactive|Rtx_sebas has 10 seconds left.
|
|t:|1783888889
|detailschange|p2b: Kangaskhan|Kangaskhan-Mega, L50, F
|-mega|p2b: Kangaskhan|Kangaskhan|Kangaskhanite
|move|p1a: Incineroar|Darkest Lariat|p2b: Kangaskhan
|-damage|p2b: Kangaskhan|33/100
|move|p2a: Farigiraf|Thunderbolt|p1a: Incineroar
|-damage|p1a: Incineroar|62/100
|move|p1b: Grimmsnarl|Spirit Break|p2b: Kangaskhan
|-damage|p2b: Kangaskhan|5/100
|-unboost|p2b: Kangaskhan|spa|1
|move|p2b: Kangaskhan|Last Resort|p1b: Grimmsnarl
|-damage|p1b: Grimmsnarl|24/100
|-damage|p1b: Grimmsnarl|5/100
|-hitcount|p1b: Grimmsnarl|2
|
|-heal|p1b: Grimmsnarl|11/100|[from] item: Leftovers
|upkeep
|turn|3
|inactive|Grimmsnarl2026 has 30 seconds left.
|inactive|Rtx_sebas has 30 seconds left.
|inactive|Grimmsnarl2026 has 20 seconds left.
|inactive|Rtx_sebas has 20 seconds left.
|inactive|Grimmsnarl2026 has 15 seconds left.
|
|t:|1783888929
|switch|p2b: Hatterene|Hatterene, L50, F|100/100
|move|p1b: Grimmsnarl|Spirit Break|p2b: Hatterene
|-damage|p2b: Hatterene|67/100
|-unboost|p2b: Hatterene|spa|1
|move|p2a: Farigiraf|Thunderbolt|p1b: Grimmsnarl
|-damage|p1b: Grimmsnarl|0 fnt
|faint|p1b: Grimmsnarl
|move|p1a: Incineroar|Darkest Lariat|p2a: Farigiraf
|-supereffective|p2a: Farigiraf|1
|-crit|p2a: Farigiraf
|-damage|p2a: Farigiraf|0 fnt
|faint|p2a: Farigiraf
|
|upkeep
|
|t:|1783888949
|switch|p2a: Camerupt|Camerupt, L50, F|100/100
|switch|p1b: Metagross|Metagross, L50|100/100
|turn|4
|inactive|Grimmsnarl2026 has 30 seconds left.
|inactive|Rtx_sebas has 30 seconds left.
|inactive|Grimmsnarl2026 has 20 seconds left.
|inactive|Rtx_sebas has 20 seconds left.
|inactive|Rtx_sebas has 15 seconds left.
|
|t:|1783888998
|detailschange|p1b: Metagross|Metagross-Mega, L50
|-mega|p1b: Metagross|Metagross|Metagrossite
|move|p2b: Hatterene|Protect|p2b: Hatterene
|-singleturn|p2b: Hatterene|Protect
|move|p1b: Metagross|Protect|p1b: Metagross
|-singleturn|p1b: Metagross|Protect
|move|p2a: Camerupt|Eruption|p1a: Incineroar|[spread] p1a
|-activate|p1b: Metagross|move: Protect
|-resisted|p1a: Incineroar|1
|-damage|p1a: Incineroar|36/100
|move|p1a: Incineroar|Darkest Lariat|p2b: Hatterene
|-activate|p2b: Hatterene|move: Protect
|
|upkeep
|turn|5
|inactive|Grimmsnarl2026 has 30 seconds left.
|inactive|Rtx_sebas has 30 seconds left.
|
|t:|1783889032
|move|p1b: Metagross|Protect||[still]
|-fail|p1b: Metagross
|move|p2b: Hatterene|Dazzling Gleam|p1a: Incineroar|[spread] p1a,p1b
|-resisted|p1b: Metagross|1
|-damage|p1a: Incineroar|6/100
|-damage|p1b: Metagross|87/100
|-damage|p2b: Hatterene|57/100|[from] item: Life Orb
|move|p2a: Camerupt|Eruption|p1a: Incineroar|[spread] p1a,p1b
|-resisted|p1a: Incineroar|1
|-supereffective|p1b: Metagross|1
|-damage|p1a: Incineroar|0 fnt
|-damage|p1b: Metagross|0 fnt
|faint|p1a: Incineroar
|faint|p1b: Metagross
|
|-fieldend|move: Trick Room
|upkeep
|
|t:|1783889054
|switch|p1a: Rotom|Rotom-Wash, L50|100/100
|turn|6
|
|t:|1783889063
|move|p2a: Camerupt|Protect|p2a: Camerupt
|-singleturn|p2a: Camerupt|Protect
|move|p1a: Rotom|Discharge|p2a: Camerupt|[spread] p2b
|-activate|p2a: Camerupt|move: Protect
|-damage|p2b: Hatterene|31/100
|move|p2b: Hatterene|Trick Room|p2b: Hatterene
|-fieldstart|move: Trick Room|[of] p2b: Hatterene
|
|upkeep
|turn|7
|
|t:|1783889082
|move|p2b: Hatterene|Psychic|p1a: Rotom
|-damage|p1a: Rotom|49/100
|-damage|p2b: Hatterene|21/100|[from] item: Life Orb
|move|p2a: Camerupt|Eruption|p1a: Rotom
|-resisted|p1a: Rotom|1
|-damage|p1a: Rotom|7/100
|move|p1a: Rotom|Hydro Pump|p2a: Camerupt
|-supereffective|p2a: Camerupt|2
|-damage|p2a: Camerupt|0 fnt
|faint|p2a: Camerupt
|
|upkeep
|
|t:|1783889092
|switch|p2a: Kangaskhan|Kangaskhan-Mega, L50, F|5/100
|turn|8
|
|t:|1783889107
|move|p2a: Kangaskhan|Fake Out|p1a: Rotom
|-damage|p1a: Rotom|0 fnt
|faint|p1a: Rotom
|
|win|Rtx_sebas
|raw|Grimmsnarl2026's rating: 1101 → 1074(-27 for losing)
|raw|Rtx_sebas's rating: 1080 → 1110(+30 for winning)
