|j|☆Smoukingrad
|j|☆MSS23
|html|SmoukingradMSS23    
|uhtml|bestof|Game 2 of a best-of-3
|t:|1755873715
|gametype|doubles
|player|p1|Smoukingrad|kimonogirl|1236
|player|p2|MSS23|ethan|1257
|gen|9
|tier|[Gen 9] VGC 2025 Reg H (Bo3)
|rated|
|rule|Species Clause: Limit one of each Pokémon
|rule|Item Clause: Limit 1 of each item
|clearpoke
|poke|p1|Ursaluna-Bloodmoon, L50, M|
|poke|p1|Dragapult, L50, F|
|poke|p1|Indeedee-F, L50, F|
|poke|p1|Murkrow, L50, F|
|poke|p1|Sneasler, L50, M|
|poke|p1|Armarouge, L50, M|
|poke|p2|Rillaboom, L50, M|
|poke|p2|Kingambit, L50, F|
|poke|p2|Sneasler, L50, M|
|poke|p2|Volcarona, L50, M|
|poke|p2|Electabuzz, L50, F|
|poke|p2|Dragonite, L50, F|
|teampreview|4
|showteam|p1|Ursaluna-Bloodmoon||LifeOrb|MindsEye|BloodMoon,EarthPower,HyperVoice,Protect|||M|||50|,,,,,Normal]Dragapult||ChoiceBand|ClearBody|Uturn,PhantomForce,DragonDarts,Outrage|||F|||50|,,,,,Dragon]Indeedee-F||RockyHelmet|PsychicSurge|Psychic,HelpingHand,FollowMe,TrickRoom|||F|||50|,,,,,Grass]Murkrow||Eviolite|Prankster|Haze,Tailwind,SunnyDay,BraveBird|||F|||50|,,,,,Ghost]Sneasler||PsychicSeed|Unburden|DireClaw,CloseCombat,Protect,ThroatChop|||M|||50|,,,,,Dark]Armarouge||PowerHerb|FlashFire|HeatWave,ExpandingForce,MeteorBeam,Protect|||M|||50|,,,,,Grass
|showteam|p2|Rillaboom||AssaultVest|GrassySurge|FakeOut,WoodHammer,HighHorsepower,GrassyGlide|||M|||50|,,,,,Fire]Kingambit||BlackGlasses|Defiant|KowtowCleave,SuckerPunch,SwordsDance,Protect|||F|||50|,,,,,Dark]Sneasler||FocusSash|Unburden|CloseCombat,DireClaw,Coaching,FakeOut|||M|||50|,,,,,Stellar]Volcarona||CovertCloak|FlameBody|HeatWave,GigaDrain,QuiverDance,Protect|||M|||50|,,,,,Dragon]Electabuzz||Eviolite|VitalSpirit|Thunderbolt,FollowMe,Taunt,Protect|||F|||50|,,,,,Fairy]Dragonite||LoadedDice|Multiscale|ExtremeSpeed,ScaleShot,Haze,Protect|||F|||50|,,,,,Fairy
|
|t:|1755873733
|teamsize|p1|4
|teamsize|p2|4
|start
|switch|p1a: Indeedee|Indeedee-F, L50, F|100/100
|switch|p1b: Armarouge|Armarouge, L50, M|100/100
|switch|p2a: Sneasler|Sneasler, L50, M|100/100
|switch|p2b: Kingambit|Kingambit, L50, F|100/100
|-fieldstart|move: Psychic Terrain|[from] ability: Psychic Surge|[of] p1a: Indeedee
|turn|1
|
|t:|1755873757
|-terastallize|p2b: Kingambit|Dark
|move|p2a: Sneasler|Dire Claw|p1a: Indeedee
|-damage|p1a: Indeedee|63/100
|-damage|p2a: Sneasler|84/100|[from] item: Rocky Helmet|[of] p1a: Indeedee
|move|p1b: Armarouge|Meteor Beam||[still]
|-prepare|p1b: Armarouge|Meteor Beam
|-boost|p1b: Armarouge|spa|1
|-enditem|p1b: Armarouge|Power Herb
|-anim|p1b: Armarouge|Meteor Beam|p2b: Kingambit|[miss]
|-miss|p1b: Armarouge|p2b: Kingambit
|move|p2b: Kingambit|Kowtow Cleave|p1a: Indeedee
|-supereffective|p1a: Indeedee
|-crit|p1a: Indeedee
|-damage|p1a: Indeedee|0 fnt
|-damage|p2b: Kingambit|84/100|[from] item: Rocky Helmet|[of] p1a: Indeedee
|faint|p1a: Indeedee
|
|upkeep
|
|t:|1755873771
|switch|p1a: Murkrow|Murkrow, L50, F|100/100
|turn|2
|
|t:|1755873785
|switch|p2a: Rillaboom|Rillaboom, L50, M|100/100
|-fieldstart|move: Grassy Terrain|[from] ability: Grassy Surge|[of] p2a: Rillaboom
|move|p1a: Murkrow|Tailwind|p1a: Murkrow
|-sidestart|p1: Smoukingrad|move: Tailwind
|move|p1b: Armarouge|Heat Wave|p2a: Rillaboom|[spread] p2a,p2b
|-supereffective|p2a: Rillaboom
|-damage|p2a: Rillaboom|15/100
|-damage|p2b: Kingambit|27/100
|move|p2b: Kingambit|Kowtow Cleave|p1b: Armarouge
|-supereffective|p1b: Armarouge
|-damage|p1b: Armarouge|0 fnt
|faint|p1b: Armarouge
|
|-heal|p2a: Rillaboom|21/100|[from] Grassy Terrain
|-heal|p2b: Kingambit|33/100|[from] Grassy Terrain
|upkeep
|
|t:|1755873794
|switch|p1b: Ursaluna|Ursaluna-Bloodmoon, L50, M|100/100
|turn|3
|
|t:|1755873804
|move|p1b: Ursaluna|Protect|p1b: Ursaluna
|-singleturn|p1b: Ursaluna|Protect
|move|p2a: Rillaboom|Fake Out|p1b: Ursaluna
|-activate|p1b: Ursaluna|move: Protect
|move|p1a: Murkrow|Brave Bird|p2b: Kingambit
|-damage|p2b: Kingambit|5/100
|-damage|p1a: Murkrow|89/100|[from] Recoil
|move|p2b: Kingambit|Kowtow Cleave|p1a: Murkrow
|-resisted|p1a: Murkrow
|-damage|p1a: Murkrow|51/100
|
|-heal|p2a: Rillaboom|27/100|[from] Grassy Terrain
|-heal|p2b: Kingambit|11/100|[from] Grassy Terrain
|upkeep
|turn|4
|
|t:|1755873828
|-terastallize|p1b: Ursaluna|Normal
|move|p1a: Murkrow|Haze|p1a: Murkrow
|-clearallboost
|move|p2a: Rillaboom|Grassy Glide|p1b: Ursaluna
|-damage|p1b: Ursaluna|66/100
|move|p2b: Kingambit|Sucker Punch|p1b: Ursaluna
|-damage|p1b: Ursaluna|8/100
|move|p1b: Ursaluna|Hyper Voice|p2a: Rillaboom|[spread] p2a,p2b
|-damage|p2a: Rillaboom|0 fnt
|-damage|p2b: Kingambit|0 fnt
|faint|p2a: Rillaboom
|faint|p2b: Kingambit
|-damage|p1b: Ursaluna|0 fnt|[from] item: Life Orb
|faint|p1b: Ursaluna
|
|upkeep
|
|t:|1755873840
|switch|p2a: Sneasler|Sneasler, L50, M|84/100
|switch|p2b: Volcarona|Volcarona, L50, M|100/100
|turn|5
|
|t:|1755873848
|move|p2a: Sneasler|Fake Out|p1a: Murkrow
|-damage|p1a: Murkrow|38/100
|cant|p1a: Murkrow|flinch
|move|p2b: Volcarona|Quiver Dance|p2b: Volcarona
|-boost|p2b: Volcarona|spa|1
|-boost|p2b: Volcarona|spd|1
|-boost|p2b: Volcarona|spe|1
|
|-heal|p2a: Sneasler|90/100|[from] Grassy Terrain
|-sideend|p1: Smoukingrad|move: Tailwind
|upkeep
|turn|6
|
|t:|1755873858
|move|p2b: Volcarona|Protect|p2b: Volcarona
|-singleturn|p2b: Volcarona|Protect
|move|p2a: Sneasler|Dire Claw|p1a: Murkrow
|-damage|p1a: Murkrow|0 fnt
|faint|p1a: Murkrow
|
|win|MSS23
|raw|Smoukingrad's rating: 1236 → 1213(-23 for losing)
|raw|MSS23's rating: 1257 → 1280(+23 for winning)
