|j|☆Tyranidars
|j|☆Lorido
|html|TyranidarsLorido    
|uhtml|bestof|Game 2 of a best-of-3
|t:|1782561948
|gametype|doubles
|player|p1|Tyranidars|palmer|1116
|player|p2|Lorido|266|1225
|gen|9
|tier|[Gen 9 Champions] VGC 2026 Reg M-B (Bo3)
|rated|
|rule|Species Clause: Limit one of each Pokémon
|rule|Item Clause: Limit 1 of each item
|clearpoke
|poke|p1|Sylveon, L50, M|
|poke|p1|Dragapult, L50, F|
|poke|p1|Mimikyu, L50, M|
|poke|p1|Sneasler, L50, M|
|poke|p1|Sableye, L50, F|
|poke|p1|Rhyperior, L50, M|
|poke|p2|Charizard, L50, F|
|poke|p2|Floette-Eternal, L50, F|
|poke|p2|Whimsicott, L50, F|
|poke|p2|Kingambit, L50, F|
|poke|p2|Garchomp, L50, M|
|poke|p2|Basculegion, L50, M|
|teampreview|4
|showteam|p1|Sylveon||FairyFeather|Pixilate|Round,MysticalFire,ShadowBall,HyperVoice|Modest||M|||50|]Dragapult|||ClearBody|Round,ShadowBall,DragonPulse,Reflect|Timid||F|||50|]Mimikyu||FocusSash|Disguise|ShadowClaw,SwordsDance,DrainPunch,ShadowSneak|Jolly||M|||50|]Sneasler||WhiteHerb|PoisonTouch|DireClaw,CloseCombat,FakeOut,FirePunch|Adamant||M|||50|]Sableye||Sablenite|Prankster|Gravity,Recover,NastyPlot,DarkPulse|Modest||F|||50|]Rhyperior||QuickClaw|SolidRock|HornDrill,HighHorsepower,RockSlide,SupercellSlam|Sassy||M|||50|
|showteam|p2|Charizard||CharizarditeY|Blaze|HeatWave,WeatherBall,SolarBeam,Protect|Modest||F|||50|]Floette-Eternal||Floettite|FlowerVeil|DazzlingGleam,Protect,Moonblast,LightofRuin|Modest||F|||50|]Whimsicott||FocusSash|Prankster|Moonblast,Protect,Tailwind,Encore|Timid||F|||50|]Kingambit||ChopleBerry|Defiant|KowtowCleave,SuckerPunch,IronHead,LowKick|Adamant||F|||50|]Garchomp||LifeOrb|RoughSkin|DragonClaw,StompingTantrum,RockSlide,Protect|Jolly||M|||50|]Basculegion||MysticWater|Adaptability|WaveCrash,LastRespects,AquaJet,Protect|Adamant||M|||50|
|inactive|Battle timer is ON: inactive players will automatically lose when time's up. (requested by Lorido)
|
|t:|1782561959
|teamsize|p1|4
|teamsize|p2|4
|start
|switch|p1a: Sylveon|Sylveon, L50, M|100/100
|switch|p1b: Dragapult|Dragapult, L50, F|100/100
|switch|p2a: Whimsicott|Whimsicott, L50, F|100/100
|switch|p2b: Floette|Floette-Eternal, L50, F|100/100
|turn|1
|inactive|Lorido has 30 seconds left.
|inactive|Lorido has 20 seconds left.
|
|t:|1782561995
|detailschange|p2b: Floette|Floette-Mega, L50, F
|-mega|p2b: Floette|Floette|Floettite
|-ability|p2b: Floette|Fairy Aura
|move|p2a: Whimsicott|Tailwind|p2a: Whimsicott
|-sidestart|p2: Lorido|move: Tailwind
|move|p2b: Floette|Dazzling Gleam|p1b: Dragapult|[spread] p1a,p1b
|-supereffective|p1b: Dragapult|1
|-damage|p1a: Sylveon|65/100
|-damage|p1b: Dragapult|0 fnt
|faint|p1b: Dragapult
|move|p1a: Sylveon|Round|p2b: Floette
|-damage|p2b: Floette|49/100
|
|upkeep
|
|t:|1782562010
|switch|p1b: Sneasler|Sneasler, L50, M|100/100
|turn|2
|
|t:|1782562017
|move|p2a: Whimsicott|Protect|p2a: Whimsicott
|-singleturn|p2a: Whimsicott|Protect
|move|p2b: Floette|Protect|p2b: Floette
|-singleturn|p2b: Floette|Protect
|move|p1b: Sneasler|Fake Out|p2b: Floette
|-activate|p2b: Floette|move: Protect
|move|p1a: Sylveon|Hyper Voice|p2a: Whimsicott|[spread] 
|-activate|p2a: Whimsicott|move: Protect
|-activate|p2b: Floette|move: Protect
|
|upkeep
|turn|3
|
|t:|1782562030
|move|p2a: Whimsicott|Encore|p1b: Sneasler
|-start|p1b: Sneasler|Encore
|move|p1b: Sneasler|Fake Out||[still]
|-hint|Fake Out only works on your first turn out.
|-fail|p1b: Sneasler
|move|p2b: Floette|Moonblast|p1a: Sylveon
|-damage|p1a: Sylveon|11/100
|move|p1a: Sylveon|Hyper Voice|p2a: Whimsicott|[spread] p2a,p2b
|-enditem|p2a: Whimsicott|Focus Sash
|-damage|p2a: Whimsicott|1/100
|-damage|p2b: Floette|1/100
|
|upkeep
|turn|4
|
|t:|1782562051
|switch|p2b: Basculegion|Basculegion, L50, M|100/100
|switch|p1b: Mimikyu|Mimikyu, L50, M|100/100
|move|p2a: Whimsicott|Moonblast|p1a: Sylveon
|-damage|p1a: Sylveon|0 fnt
|faint|p1a: Sylveon
|
|-sideend|p2: Lorido|move: Tailwind
|upkeep
|
|t:|1782562063
|switch|p1a: Sneasler|Sneasler, L50, M|100/100
|turn|5
|
|t:|1782562073
|move|p2a: Whimsicott|Protect|p2a: Whimsicott
|-singleturn|p2a: Whimsicott|Protect
|move|p2b: Basculegion|Protect|p2b: Basculegion
|-singleturn|p2b: Basculegion|Protect
|move|p1a: Sneasler|Dire Claw|p2a: Whimsicott
|-activate|p2a: Whimsicott|move: Protect
|move|p1b: Mimikyu|Shadow Claw|p2b: Basculegion
|-activate|p2b: Basculegion|move: Protect
|
|upkeep
|turn|6
|
|t:|1782562096
|switch|p2b: Floette|Floette-Mega, L50, F|1/100
|-ability|p2b: Floette|Fairy Aura
|move|p2a: Whimsicott|Tailwind|p2a: Whimsicott
|-sidestart|p2: Lorido|move: Tailwind
|move|p1a: Sneasler|Dire Claw|p2b: Floette
|-supereffective|p2b: Floette|1
|-damage|p2b: Floette|0 fnt
|faint|p2b: Floette
|move|p1b: Mimikyu|Shadow Claw|p2a: Whimsicott
|-damage|p2a: Whimsicott|0 fnt
|faint|p2a: Whimsicott
|
|upkeep
|
|t:|1782562108
|switch|p2a: Kingambit|Kingambit, L50, F|100/100
|switch|p2b: Basculegion|Basculegion, L50, M|100/100
|turn|7
|
|t:|1782562126
|move|p2b: Basculegion|Aqua Jet|p1a: Sneasler
|-damage|p1a: Sneasler|40/100
|move|p1a: Sneasler|Close Combat|p2a: Kingambit
|-supereffective|p2a: Kingambit|2
|-enditem|p2a: Kingambit|Chople Berry|[eat]
|-enditem|p2a: Kingambit|Chople Berry|[weaken]
|-damage|p2a: Kingambit|3/100
|-unboost|p1a: Sneasler|def|1
|-unboost|p1a: Sneasler|spd|1
|-enditem|p1a: Sneasler|White Herb
|-clearnegativeboost|p1a: Sneasler|[silent]
|move|p1b: Mimikyu|Shadow Claw|p2b: Basculegion
|-supereffective|p2b: Basculegion|1
|-damage|p2b: Basculegion|41/100
|move|p2a: Kingambit|Iron Head|p1a: Sneasler
|-crit|p1a: Sneasler
|-damage|p1a: Sneasler|0 fnt
|faint|p1a: Sneasler
|
|upkeep
|turn|8
|inactive|Lorido has 30 seconds left.
|
|t:|1782562158
|move|p2b: Basculegion|Protect|p2b: Basculegion
|-singleturn|p2b: Basculegion|Protect
|move|p1b: Mimikyu|Shadow Sneak|p2a: Kingambit
|-resisted|p2a: Kingambit|1
|-crit|p2a: Kingambit
|-damage|p2a: Kingambit|0 fnt
|faint|p2a: Kingambit
|
|upkeep
|turn|9
|
|t:|1782562168
|move|p2b: Basculegion|Last Respects|p1b: Mimikyu
|-activate|p1b: Mimikyu|ability: Disguise
|-damage|p1b: Mimikyu|100/100
|detailschange|p1b: Mimikyu|Mimikyu-Busted, L50, M
|-damage|p1b: Mimikyu|87/100|[from] pokemon: Mimikyu-Busted
|move|p1b: Mimikyu|Shadow Claw|p2b: Basculegion
|-supereffective|p2b: Basculegion|1
|-damage|p2b: Basculegion|0 fnt
|faint|p2b: Basculegion
|
|win|Tyranidars
