|j|☆ProtectPartingShot
|j|☆PaniniWeenie
|html|ProtectPartingShotPaniniWeenie    
|uhtml|bestof|Game 1 of a best-of-3
|t:|1756399396
|gametype|doubles
|player|p1|ProtectPartingShot|iris|1454
|player|p2|PaniniWeenie|266|1441
|gen|9
|tier|[Gen 9] VGC 2025 Reg H (Bo3)
|rated|
|rule|Species Clause: Limit one of each Pokémon
|rule|Item Clause: Limit 1 of each item
|clearpoke
|poke|p1|Gholdengo, L50|
|poke|p1|Incineroar, L50, F|
|poke|p1|Amoonguss, L50, F|
|poke|p1|Sneasler, L50, F|
|poke|p1|Dragonite, L50, F|
|poke|p1|Ursaluna-Bloodmoon, L50, M|
|poke|p2|Sneasler, L50, F|
|poke|p2|Volcarona, L50, M|
|poke|p2|Dragonite, L50, M|
|poke|p2|Rillaboom, L50, M|
|poke|p2|Electabuzz, L50, M|
|poke|p2|Kingambit, L50, F|
|teampreview|4
|showteam|p1|Gholdengo||LifeOrb|GoodasGold|MakeItRain,ShadowBall,NastyPlot,Protect||||||50|,,,,,Water]Incineroar||SafetyGoggles|Intimidate|PartingShot,FlareBlitz,KnockOff,FakeOut|||F|||50|,,,,,Ghost]Amoonguss||SitrusBerry|Regenerator|Spore,RagePowder,PollenPuff,Protect|||F|||50|,,,,,Psychic]Sneasler||FocusSash|PoisonTouch|DireClaw,CloseCombat,ThroatChop,Protect|||F|||50|,,,,,Stellar]Dragonite||LoadedDice|Multiscale|ScaleShot,Tailwind,Haze,Protect|||F|||50|,,,,,Fairy]Ursaluna-Bloodmoon||AssaultVest|MindsEye|HyperVoice,EarthPower,BloodMoon,VacuumWave|||M|||50|,,,,,Water
|showteam|p2|Sneasler||FocusSash|Unburden|DireClaw,CloseCombat,FakeOut,Coaching|||F|||50|,,,,,Ghost]Volcarona||Leftovers|FlameBody|HeatWave,QuiverDance,Protect,TeraBlast|||M|||50|,,,,,Fairy]Dragonite||LoadedDice|Multiscale|ScaleShot,ExtremeSpeed,Haze,Protect|||M|||50|,,,,,Steel]Rillaboom||AssaultVest|GrassySurge|WoodHammer,GrassyGlide,HighHorsepower,FakeOut|||M|||50|,,,,,Fire]Electabuzz||Eviolite|VitalSpirit|FollowMe,Thunderbolt,Taunt,Protect|||M|||50|,,,,,Fairy]Kingambit||BlackGlasses|Defiant|KowtowCleave,SuckerPunch,SwordsDance,Protect|||F|||50|,,,,,Dark
|l|☆ProtectPartingShot
|player|p1|
|j|☆ProtectPartingShot
|player|p1|ProtectPartingShot|iris|
|inactive|Battle timer is ON: inactive players will automatically lose when time's up. (requested by ProtectPartingShot)
|
|t:|1756399453
|teamsize|p1|4
|teamsize|p2|4
|start
|switch|p1a: Incineroar|Incineroar, L50, F|100/100
|switch|p1b: Dragonite|Dragonite, L50, F|100/100
|switch|p2a: Electabuzz|Electabuzz, L50, M|100/100
|switch|p2b: Kingambit|Kingambit, L50, F|100/100
|-ability|p1a: Incineroar|Intimidate|boost
|-unboost|p2a: Electabuzz|atk|1
|-unboost|p2b: Kingambit|atk|1
|-ability|p2b: Kingambit|Defiant|boost
|-boost|p2b: Kingambit|atk|2
|turn|1
|
|t:|1756399471
|-terastallize|p1b: Dragonite|Fairy
|-terastallize|p2b: Kingambit|Dark
|move|p1a: Incineroar|Fake Out|p2a: Electabuzz
|-damage|p2a: Electabuzz|91/100
|cant|p2a: Electabuzz|flinch
|move|p1b: Dragonite|Tailwind|p1b: Dragonite
|-sidestart|p1: ProtectPartingShot|move: Tailwind
|move|p2b: Kingambit|Kowtow Cleave|p1b: Dragonite
|-resisted|p1b: Dragonite
|-damage|p1b: Dragonite|65/100
|
|upkeep
|turn|2
|inactive|PaniniWeenie has 30 seconds left.
|
|t:|1756399500
|move|p2a: Electabuzz|Follow Me|p2a: Electabuzz
|-singleturn|p2a: Electabuzz|move: Follow Me
|move|p1b: Dragonite|Haze|p1b: Dragonite
|-clearallboost
|move|p1a: Incineroar|Knock Off|p2a: Electabuzz
|-damage|p2a: Electabuzz|60/100
|-enditem|p2a: Electabuzz|Eviolite|[from] move: Knock Off|[of] p1a: Incineroar
|move|p2b: Kingambit|Kowtow Cleave|p1b: Dragonite
|-resisted|p1b: Dragonite
|-damage|p1b: Dragonite|23/100
|
|upkeep
|turn|3
|inactive|ProtectPartingShot has 30 seconds left.
|inactive|PaniniWeenie has 30 seconds left.
|
|t:|1756399539
|move|p1b: Dragonite|Scale Shot|p2b: Kingambit
|-damage|p2b: Kingambit|89/100
|-damage|p2b: Kingambit|78/100
|-damage|p2b: Kingambit|67/100
|-damage|p2b: Kingambit|56/100
|-hitcount|p2b: Kingambit|4
|-unboost|p1b: Dragonite|def|1
|-boost|p1b: Dragonite|spe|1
|move|p1a: Incineroar|Flare Blitz|p2b: Kingambit
|-damage|p2b: Kingambit|15/100
|-damage|p1a: Incineroar|87/100|[from] Recoil
|move|p2a: Electabuzz|Thunderbolt|p1b: Dragonite
|-damage|p1b: Dragonite|0 fnt
|faint|p1b: Dragonite
|move|p2b: Kingambit|Swords Dance|p2b: Kingambit
|-boost|p2b: Kingambit|atk|2
|
|upkeep
|
|t:|1756399546
|switch|p1b: Ursaluna|Ursaluna-Bloodmoon, L50, M|100/100
|turn|4
|
|t:|1756399553
|move|p2a: Electabuzz|Follow Me|p2a: Electabuzz
|-singleturn|p2a: Electabuzz|move: Follow Me
|move|p1a: Incineroar|Parting Shot|p2a: Electabuzz
|-unboost|p2a: Electabuzz|atk|1
|-unboost|p2a: Electabuzz|spa|1
|
|t:|1756399556
|switch|p1a: Sneasler|Sneasler, L50, F|100/100|[from] Parting Shot
|move|p1b: Ursaluna|Hyper Voice|p2a: Electabuzz|[spread] p2a,p2b
|-damage|p2a: Electabuzz|14/100
|-damage|p2b: Kingambit|0 fnt
|faint|p2b: Kingambit
|
|-sideend|p1: ProtectPartingShot|move: Tailwind
|upkeep
|
|t:|1756399565
|switch|p2b: Volcarona|Volcarona, L50, M|100/100
|turn|5
|
|t:|1756399589
|move|p2a: Electabuzz|Follow Me|p2a: Electabuzz
|-singleturn|p2a: Electabuzz|move: Follow Me
|move|p1b: Ursaluna|Vacuum Wave|p2a: Electabuzz
|-damage|p2a: Electabuzz|0 fnt
|faint|p2a: Electabuzz
|move|p1a: Sneasler|Dire Claw|p2b: Volcarona
|-damage|p2b: Volcarona|52/100
|-status|p1a: Sneasler|brn|[from] ability: Flame Body|[of] p2b: Volcarona
|move|p2b: Volcarona|Quiver Dance|p2b: Volcarona
|-boost|p2b: Volcarona|spa|1
|-boost|p2b: Volcarona|spd|1
|-boost|p2b: Volcarona|spe|1
|
|-heal|p2b: Volcarona|58/100|[from] item: Leftovers
|-damage|p1a: Sneasler|95/100 brn|[from] brn
|upkeep
|
|t:|1756399604
|switch|p2a: Sneasler|Sneasler, L50, F|100/100
|turn|6
|
|t:|1756399619
|switch|p1b: Incineroar|Incineroar, L50, F|87/100
|-ability|p1b: Incineroar|Intimidate|boost
|-unboost|p2a: Sneasler|atk|1
|-unboost|p2b: Volcarona|atk|1
|move|p2a: Sneasler|Fake Out|p1a: Sneasler
|-crit|p1a: Sneasler
|-damage|p1a: Sneasler|58/100 brn
|move|p2b: Volcarona|Quiver Dance|p2b: Volcarona
|-boost|p2b: Volcarona|spa|1
|-boost|p2b: Volcarona|spd|1
|-boost|p2b: Volcarona|spe|1
|cant|p1a: Sneasler|flinch
|
|-heal|p2b: Volcarona|65/100|[from] item: Leftovers
|-damage|p1a: Sneasler|52/100 brn|[from] brn
|upkeep
|turn|7
|
|t:|1756399635
|move|p1b: Incineroar|Fake Out|p2a: Sneasler
|-damage|p2a: Sneasler|80/100
|move|p2b: Volcarona|Heat Wave|p1a: Sneasler|[spread] p1a,p1b
|-resisted|p1b: Incineroar
|-damage|p1a: Sneasler|0 fnt
|-damage|p1b: Incineroar|56/100
|faint|p1a: Sneasler
|cant|p2a: Sneasler|flinch
|
|-heal|p2b: Volcarona|71/100|[from] item: Leftovers
|upkeep
|
|t:|1756399636
|switch|p1a: Ursaluna|Ursaluna-Bloodmoon, L50, M|100/100
|turn|8
|-message|ProtectPartingShot forfeited.
|
|win|PaniniWeenie
|l|☆ProtectPartingShot
|player|p1|
||ProtectPartingShot is ready for game 2.
||PaniniWeenie is ready for game 2.
|uhtml|next|Next: Game 2 of 3
