|j|☆Leon000
|j|☆HopsVGC
|html|Leon000HopsVGC    
|uhtml|bestof|Game 1 of a best-of-3
|t:|1784752555
|gametype|doubles
|player|p1|Leon000|serena|
|player|p2|HopsVGC|1|
|gen|9
|tier|[Gen 9 Champions] VGC 2026 Reg M-B (Bo3)
|rule|Species Clause: Limit one of each Pokémon
|rule|Item Clause: Limit 1 of each item
|clearpoke
|poke|p1|Floette-Eternal, L50, F|
|poke|p1|Charizard, L50, F|
|poke|p1|Whimsicott, L50, M|
|poke|p1|Garchomp, L50, F|
|poke|p1|Basculegion, L50, M|
|poke|p1|Kingambit, L50, F|
|poke|p2|Venusaur, L50, M, shiny|
|poke|p2|Grimmsnarl, L50, M, shiny|
|poke|p2|Pelipper, L50, M, shiny|
|poke|p2|Archaludon, L50, F, shiny|
|poke|p2|Basculegion, L50, M, shiny|
|poke|p2|Sinistcha, L50|
|teampreview|4
|showteam|p1|Floette-Eternal||Floettite|FlowerVeil|Moonblast,DazzlingGleam,LightofRuin,Protect|Modest||F|||50|]Charizard||CharizarditeY|Blaze|HeatWave,WeatherBall,SolarBeam,Protect|Modest||F|||50|]Whimsicott||FocusSash|Prankster|Moonblast,Encore,Tailwind,Protect|Timid||M|||50|]Garchomp||LifeOrb|RoughSkin|DragonClaw,Earthquake,Protect,RockSlide|Jolly||F|||50|]Basculegion||MysticWater|Adaptability|WaveCrash,LastRespects,AquaJet,Protect|Adamant||M|||50|]Kingambit||BlackGlasses|Defiant|KowtowCleave,IronHead,SuckerPunch,Protect|Adamant||F|||50|
|showteam|p2|Venusaur||Venusaurite|Chlorophyll|SludgeBomb,EarthPower,LeechSeed,Protect|Modest||M|||50|]Grimmsnarl||LightClay|Prankster|SpiritBreak,Reflect,LightScreen,PartingShot|Impish||M|||50|]Pelipper||FocusSash|Drizzle|WeatherBall,Hurricane,Tailwind,Protect|Timid||M|||50|]Archaludon||Leftovers|Stamina|ElectroShot,AuraSphere,FlashCannon,Protect|Modest||F|||50|]Basculegion||ChoiceScarf|Adaptability|WaveCrash,FlipTurn,AquaJet,LastRespects|Adamant||M|||50|]Sinistcha||SitrusBerry|Hospitality|MatchaGotcha,RagePowder,TrickRoom,LifeDew|Relaxed|||||50|
|c|☆HopsVGC|glhf
|c|☆Leon000|y2
|j| ido1234567890
|
|t:|1784752617
|teamsize|p1|4
|teamsize|p2|4
|start
|switch|p1a: Whimsicott|Whimsicott, L50, M|100/100
|switch|p1b: Kingambit|Kingambit, L50, F|100/100
|switch|p2a: Biersaflor|Venusaur, L50, M, shiny|100/100
|switch|p2b: Ginsnarl|Grimmsnarl, L50, M, shiny|100/100
|turn|1
|
|t:|1784752639
|detailschange|p2a: Biersaflor|Venusaur-Mega, L50, M, shiny
|-mega|p2a: Biersaflor|Venusaur|Venusaurite
|move|p2b: Ginsnarl|Reflect|p2b: Ginsnarl
|-sidestart|p2: HopsVGC|Reflect
|move|p1a: Whimsicott|Moonblast|p2b: Ginsnarl
|-supereffective|p2b: Ginsnarl|1
|-damage|p2b: Ginsnarl|28/100
|move|p2a: Biersaflor|Sludge Bomb|p1a: Whimsicott
|-supereffective|p1a: Whimsicott|2
|-enditem|p1a: Whimsicott|Focus Sash
|-damage|p1a: Whimsicott|1/100
|move|p1b: Kingambit|Iron Head|p2b: Ginsnarl
|-supereffective|p2b: Ginsnarl|1
|-damage|p2b: Ginsnarl|0 fnt
|faint|p2b: Ginsnarl
|
|upkeep
|
|t:|1784752650
|switch|p2b: Lalmagnis|Basculegion, L50, M, shiny|100/100
|turn|2
|
|t:|1784752669
|move|p1a: Whimsicott|Tailwind|p1a: Whimsicott
|-sidestart|p1: Leon000|move: Tailwind
|move|p2b: Lalmagnis|Flip Turn|p1a: Whimsicott
|-resisted|p1a: Whimsicott|1
|-damage|p1a: Whimsicott|0 fnt
|faint|p1a: Whimsicott
|
|t:|1784752674
|switch|p2b: Kai-Pelipper|Pelipper, L50, M, shiny|100/100|[from] Flip Turn
|-weather|RainDance|[from] ability: Drizzle|[of] p2b: Kai-Pelipper
|move|p1b: Kingambit|Kowtow Cleave|p2b: Kai-Pelipper
|-damage|p2b: Kai-Pelipper|51/100
|move|p2a: Biersaflor|Leech Seed|p1b: Kingambit
|-start|p1b: Kingambit|move: Leech Seed
|
|-weather|RainDance|[upkeep]
|-damage|p1b: Kingambit|87/100|[from] Leech Seed|[of] p2a: Biersaflor
|upkeep
|
|t:|1784752691
|switch|p1a: Basculegion|Basculegion, L50, M|100/100
|turn|3
|
|t:|1784752723
|move|p2b: Kai-Pelipper|Protect|p2b: Kai-Pelipper
|-singleturn|p2b: Kai-Pelipper|Protect
|move|p1a: Basculegion|Last Respects|p2b: Kai-Pelipper
|-activate|p2b: Kai-Pelipper|move: Protect
|move|p1b: Kingambit|Kowtow Cleave|p2a: Biersaflor
|-damage|p2a: Biersaflor|68/100
|move|p2a: Biersaflor|Leech Seed|p1a: Basculegion|[miss]
|-miss|p2a: Biersaflor|p1a: Basculegion
|
|-weather|RainDance|[upkeep]
|-damage|p1b: Kingambit|75/100|[from] Leech Seed|[of] p2a: Biersaflor
|-heal|p2a: Biersaflor|82/100|[silent]
|upkeep
|turn|4
|
|t:|1784752744
|switch|p2b: Lalmagnis|Basculegion, L50, M, shiny|100/100
|move|p1a: Basculegion|Last Respects|p2b: Lalmagnis
|-supereffective|p2b: Lalmagnis|1
|-damage|p2b: Lalmagnis|0 fnt
|faint|p2b: Lalmagnis
|move|p1b: Kingambit|Kowtow Cleave|p2a: Biersaflor
|-crit|p2a: Biersaflor
|-damage|p2a: Biersaflor|19/100
|move|p2a: Biersaflor|Leech Seed|p1a: Basculegion
|-start|p1a: Basculegion|move: Leech Seed
|
|-weather|RainDance|[upkeep]
|-damage|p1a: Basculegion|87/100|[from] Leech Seed|[of] p2a: Biersaflor
|-heal|p2a: Biersaflor|32/100|[silent]
|-damage|p1b: Kingambit|63/100|[from] Leech Seed|[of] p2a: Biersaflor
|-heal|p2a: Biersaflor|45/100|[silent]
|upkeep
|
|t:|1784752756
|switch|p2b: Kai-Pelipper|Pelipper, L50, M, shiny|51/100
|turn|5
|
|t:|1784752765
|switch|p1a: Floette|Floette-Eternal, L50, F|100/100
|move|p1b: Kingambit|Kowtow Cleave|p2b: Kai-Pelipper
|-damage|p2b: Kai-Pelipper|0 fnt
|faint|p2b: Kai-Pelipper
|move|p2a: Biersaflor|Sludge Bomb|p1a: Floette
|-supereffective|p1a: Floette|1
|-damage|p1a: Floette|26/100
|
|-weather|RainDance|[upkeep]
|-damage|p1b: Kingambit|51/100|[from] Leech Seed|[of] p2a: Biersaflor
|-heal|p2a: Biersaflor|58/100|[silent]
|-sideend|p1: Leon000|move: Tailwind
|upkeep
|turn|6
|
|t:|1784752787
|switch|p1b: Basculegion|Basculegion, L50, M|87/100
|detailschange|p1a: Floette|Floette-Mega, L50, F
|-mega|p1a: Floette|Floette|Floettite
|-ability|p1a: Floette|Fairy Aura
|move|p1a: Floette|Moonblast|p2a: Biersaflor
|-resisted|p2a: Biersaflor|1
|-damage|p2a: Biersaflor|29/100
|move|p2a: Biersaflor|Sludge Bomb|p1a: Floette
|-supereffective|p1a: Floette|1
|-damage|p1a: Floette|0 fnt
|faint|p1a: Floette
|
|-weather|none
|upkeep
|
|t:|1784752797
|switch|p1a: Kingambit|Kingambit, L50, F|51/100
|turn|7
|
|t:|1784752799
|move|p1b: Basculegion|Last Respects|p2a: Biersaflor
|-damage|p2a: Biersaflor|0 fnt
|faint|p2a: Biersaflor
|
|win|Leon000
||Leon000 is ready for game 2.
||HopsVGC is ready for game 2.
|uhtml|next|Next: Game 2 of 3
|l|☆HopsVGC
|player|p2|
|l| ido1234567890
|j| Shmon
|l| Shmon
|j| PamamoDaisukiKo
