|j|☆nikolasnaiz
|j|☆nontelo
|html|nikolasnaiznontelo    
|uhtml|bestof|Game 3 of a best-of-3
|t:|1754908648
|gametype|doubles
|player|p1|nikolasnaiz|larry|1192
|player|p2|nontelo|cress|1364
|gen|9
|tier|[Gen 9] VGC 2025 Reg H (Bo3)
|rated|
|rule|Species Clause: Limit one of each Pokémon
|rule|Item Clause: Limit 1 of each item
|clearpoke
|poke|p1|Dragonite, L50, M|
|poke|p1|Ursaluna-Bloodmoon, L50, M|
|poke|p1|Annihilape, L50, M|
|poke|p1|Volcarona, L50, F|
|poke|p1|Rillaboom, L50, F|
|poke|p1|Incineroar, L50, M|
|poke|p2|Skeledirge, L50, M|
|poke|p2|Ninetales-Alola, L50, F|
|poke|p2|Rillaboom, L50, M|
|poke|p2|Basculegion, L50, M|
|poke|p2|Annihilape, L50, M|
|poke|p2|Glaceon, L50, F|
|teampreview|4
|showteam|p1|Dragonite||LoadedDice|Multiscale|Protect,ScaleShot,Tailwind,Haze|||M|||50|,,,,,Steel]Ursaluna-Bloodmoon||FocusSash|MindsEye|Protect,BloodMoon,EarthPower,HyperVoice|||M|||50|,,,,,Normal]Annihilape||LumBerry|Defiant|Protect,RageFist,CloseCombat,Taunt|||M|||50|,,,,,Fire]Volcarona||CovertCloak|FlameBody|Protect,QuiverDance,HeatWave,TeraBlast|||F|||50|,,,,,Fairy]Rillaboom||AssaultVest|GrassySurge|FakeOut,WoodHammer,GrassyGlide,HighHorsepower|||F|||50|,,,,,Fire]Incineroar||SafetyGoggles|Intimidate|FakeOut,PartingShot,FlareBlitz,KnockOff|||M|||50|,,,,,Ghost
|showteam|p2|Skeledirge||GrassySeed|Unaware|TorchSong,Substitute,SlackOff,Protect|||M|||50|,,,,,Water]Ninetales-Alola||LightClay|SnowWarning|Blizzard,AuroraVeil,Encore,Protect|||F|||50|,,,,,Ghost]Rillaboom||AssaultVest|GrassySurge|WoodHammer,GrassyGlide,Uturn,FakeOut|||M|||50|,,,,,Fire]Basculegion||ChoiceScarf|Adaptability|WaveCrash,FlipTurn,AquaJet,LastRespects|||M|||50|,,,,,Water]Annihilape||SafetyGoggles|Defiant|FinalGambit,CloseCombat,RageFist,Protect|||M|||50|,,,,,Fighting]Glaceon||ChoiceSpecs|SnowCloak|Blizzard,FreezeDry,ShadowBall,AlluringVoice|||F|||50|,,,,,Ice
|inactive|Battle timer is ON: inactive players will automatically lose when time's up. (requested by nikolasnaiz)
|
|t:|1754908675
|teamsize|p1|4
|teamsize|p2|4
|start
|switch|p1a: Volcarona|Volcarona, L50, F|100/100
|switch|p1b: Dragonite|Dragonite, L50, M, shiny|100/100
|switch|p2a: Ninetales|Ninetales-Alola, L50, F|100/100
|switch|p2b: Glaceon|Glaceon, L50, F|100/100
|-weather|Snowscape|[from] ability: Snow Warning|[of] p2a: Ninetales
|turn|1
|
|t:|1754908694
|-terastallize|p1b: Dragonite|Steel
|-terastallize|p2b: Glaceon|Ice
|move|p2a: Ninetales|Aurora Veil|p2a: Ninetales
|-sidestart|p2: nontelo|move: Aurora Veil
|move|p1a: Volcarona|Quiver Dance|p1a: Volcarona
|-boost|p1a: Volcarona|spa|1
|-boost|p1a: Volcarona|spd|1
|-boost|p1a: Volcarona|spe|1
|move|p1b: Dragonite|Tailwind|p1b: Dragonite
|-sidestart|p1: nikolasnaiz|move: Tailwind
|move|p2b: Glaceon|Blizzard|p1a: Volcarona|[spread] p1a,p1b
|-resisted|p1a: Volcarona
|-resisted|p1b: Dragonite
|-damage|p1a: Volcarona|73/100
|-damage|p1b: Dragonite|76/100
|
|-weather|Snowscape|[upkeep]
|upkeep
|turn|2
|
|t:|1754908709
|move|p1a: Volcarona|Heat Wave|p2a: Ninetales|[spread] p2a,p2b
|-supereffective|p2a: Ninetales
|-supereffective|p2b: Glaceon
|-damage|p2a: Ninetales|29/100
|-damage|p2b: Glaceon|30/100
|move|p1b: Dragonite|Scale Shot|p2b: Glaceon
|-damage|p2b: Glaceon|23/100
|-damage|p2b: Glaceon|16/100
|-damage|p2b: Glaceon|9/100
|-damage|p2b: Glaceon|2/100
|-hitcount|p2b: Glaceon|4
|-unboost|p1b: Dragonite|def|1
|-boost|p1b: Dragonite|spe|1
|move|p2a: Ninetales|Blizzard|p1b: Dragonite|[spread] p1a,p1b
|-resisted|p1a: Volcarona
|-resisted|p1b: Dragonite
|-damage|p1a: Volcarona|66/100
|-damage|p1b: Dragonite|64/100
|move|p2b: Glaceon|Blizzard|p1b: Dragonite|[spread] p1a,p1b
|-resisted|p1a: Volcarona
|-resisted|p1b: Dragonite
|-damage|p1a: Volcarona|35/100
|-damage|p1b: Dragonite|15/100
|
|-weather|Snowscape|[upkeep]
|upkeep
|turn|3
|inactive|nontelo has 30 seconds left.
|
|t:|1754908737
|move|p2a: Ninetales|Protect|p2a: Ninetales
|-singleturn|p2a: Ninetales|Protect
|move|p1a: Volcarona|Quiver Dance|p1a: Volcarona
|-boost|p1a: Volcarona|spa|1
|-boost|p1a: Volcarona|spd|1
|-boost|p1a: Volcarona|spe|1
|move|p1b: Dragonite|Scale Shot|p2b: Glaceon|[miss]
|-miss|p1b: Dragonite|p2b: Glaceon
|move|p2b: Glaceon|Blizzard|p1b: Dragonite|[spread] p1a,p1b
|-resisted|p1a: Volcarona
|-resisted|p1b: Dragonite
|-damage|p1a: Volcarona|12/100
|-damage|p1b: Dragonite|0 fnt
|faint|p1b: Dragonite
|
|-weather|Snowscape|[upkeep]
|upkeep
|
|t:|1754908761
|switch|p1b: Annihilape|Annihilape, L50, M, shiny|100/100
|turn|4
|
|t:|1754908772
|move|p1a: Volcarona|Heat Wave|p2a: Ninetales|[spread] p2a
|-miss|p1a: Volcarona|p2b: Glaceon
|-supereffective|p2a: Ninetales
|-damage|p2a: Ninetales|0 fnt
|faint|p2a: Ninetales
|move|p1b: Annihilape|Rage Fist|p2b: Glaceon
|-damage|p2b: Glaceon|0 fnt
|faint|p2b: Glaceon
|
|-weather|Snowscape|[upkeep]
|-sideend|p1: nikolasnaiz|move: Tailwind
|upkeep
|
|t:|1754908782
|switch|p2a: Basculegion|Basculegion, L50, M|100/100
|switch|p2b: Annihilape|Annihilape, L50, M|100/100
|turn|5
|
|t:|1754908802
|move|p1a: Volcarona|Protect|p1a: Volcarona
|-singleturn|p1a: Volcarona|Protect
|move|p2a: Basculegion|Aqua Jet|p1a: Volcarona
|-activate|p1a: Volcarona|move: Protect
|move|p1b: Annihilape|Rage Fist|p2a: Basculegion
|-supereffective|p2a: Basculegion
|-damage|p2a: Basculegion|62/100
|move|p2b: Annihilape|Rage Fist|p1b: Annihilape
|-supereffective|p1b: Annihilape
|-damage|p1b: Annihilape|60/100
|
|-weather|none
|upkeep
|turn|6
|
|t:|1754908825
|move|p2a: Basculegion|Aqua Jet|p1a: Volcarona
|-supereffective|p1a: Volcarona
|-damage|p1a: Volcarona|0 fnt
|faint|p1a: Volcarona
|move|p2b: Annihilape|Rage Fist|p1b: Annihilape
|-supereffective|p1b: Annihilape
|-damage|p1b: Annihilape|13/100
|move|p1b: Annihilape|Rage Fist|p2a: Basculegion
|-supereffective|p2a: Basculegion
|-damage|p2a: Basculegion|0 fnt
|faint|p2a: Basculegion
|
|upkeep
|
|t:|1754908828
|switch|p1a: Ursaluna|Ursaluna-Bloodmoon, L50, M|100/100
|turn|7
|
|t:|1754908850
|move|p1b: Annihilape|Protect|p1b: Annihilape
|-singleturn|p1b: Annihilape|Protect
|move|p1a: Ursaluna|Protect|p1a: Ursaluna
|-singleturn|p1a: Ursaluna|Protect
|move|p2b: Annihilape|Close Combat|p1a: Ursaluna
|-activate|p1a: Ursaluna|move: Protect
|
|upkeep
|turn|8
|
|t:|1754908857
|move|p1b: Annihilape|Rage Fist|p2b: Annihilape
|-supereffective|p2b: Annihilape
|-damage|p2b: Annihilape|21/100
|move|p2b: Annihilape|Close Combat|p1a: Ursaluna
|-supereffective|p1a: Ursaluna
|-damage|p1a: Ursaluna|30/100
|-unboost|p2b: Annihilape|def|1
|-unboost|p2b: Annihilape|spd|1
|move|p1a: Ursaluna|Blood Moon|p2b: Annihilape
|-damage|p2b: Annihilape|0 fnt
|faint|p2b: Annihilape
|
|win|nikolasnaiz
|raw|nikolasnaiz's rating: 1192 → 1228(+36 for winning)
|raw|nontelo's rating: 1364 → 1335(-29 for losing)
|l|☆nontelo
|player|p2|
