|j|☆Kevinalcer
|j|☆Oscarm92
|html|KevinalcerOscarm92    
|uhtml|bestof|Game 2 of a best-of-3
|t:|1783838424
|gametype|doubles
|player|p1|Kevinalcer|101|1195
|player|p2|Oscarm92|morty|1346
|gen|9
|tier|[Gen 9 Champions] VGC 2026 Reg M-B (Bo3)
|rated|
|rule|Species Clause: Limit one of each Pokémon
|rule|Item Clause: Limit 1 of each item
|clearpoke
|poke|p1|Whimsicott, L50, F|
|poke|p1|Floette-Eternal, L50, F|
|poke|p1|Kingambit, L50, F|
|poke|p1|Basculegion, L50, M|
|poke|p1|Garchomp, L50, M|
|poke|p1|Charizard, L50, M|
|poke|p2|Charizard, L50, M, shiny|
|poke|p2|Aerodactyl, L50, F|
|poke|p2|Garchomp, L50, F, shiny|
|poke|p2|Kingambit, L50, F|
|poke|p2|Sylveon, L50, M|
|poke|p2|Farigiraf, L50, M|
|teampreview|4
|showteam|p1|Whimsicott||FocusSash|Prankster|Tailwind,Encore,Protect,Moonblast|Timid||F|||50|]Floette-Eternal||Floettite|FlowerVeil|Moonblast,DazzlingGleam,CalmMind,Protect|Timid||F|||50|]Kingambit||ChopleBerry|Defiant|KowtowCleave,Protect,SuckerPunch,LowKick|Adamant||F|||50|]Basculegion||MysticWater|Adaptability|LastRespects,WaveCrash,Protect,AquaJet|Adamant||M|||50|]Garchomp||LifeOrb|RoughSkin|Earthquake,DragonClaw,RockSlide,Protect|Jolly||M|||50|]Charizard||CharizarditeY|SolarPower|Protect,SolarBeam,WeatherBall,HeatWave|Modest||M|||50|
|showteam|p2|Charizard||CharizarditeY|Blaze|HeatWave,WeatherBall,SolarBeam,Protect|Modest||M|||50|]Aerodactyl||Aerodactylite|Unnerve|IceFang,RockSlide,Tailwind,DualWingbeat|Jolly||F|||50|]Garchomp||LifeOrb|RoughSkin|DragonClaw,StompingTantrum,Earthquake,Protect|Jolly||F|||50|]Kingambit||FocusSash|Defiant|SuckerPunch,KowtowCleave,IronHead,LowKick|Adamant||F|||50|]Sylveon||FairyFeather|Pixilate|QuickAttack,HyperVoice,HyperBeam,Protect|Modest||M|||50|]Farigiraf||SitrusBerry|ArmorTail|TrickRoom,Thunderbolt,Roar,Psychic|Bold||M|||50|
|inactive|Battle timer is ON: inactive players will automatically lose when time's up. (requested by Kevinalcer)
|
|t:|1783838451
|teamsize|p1|4
|teamsize|p2|4
|start
|switch|p1a: Garchomp|Garchomp, L50, M|100/100
|switch|p1b: Basculegion|Basculegion, L50, M|100/100
|switch|p2a: Aerodactyl|Aerodactyl, L50, F|100/100
|switch|p2b: Kingambit|Kingambit, L50, F|100/100
|-ability|p2a: Aerodactyl|Unnerve
|turn|1
|
|t:|1783838476
|detailschange|p2a: Aerodactyl|Aerodactyl-Mega, L50, F
|-mega|p2a: Aerodactyl|Aerodactyl|Aerodactylite
|move|p1a: Garchomp|Protect|p1a: Garchomp
|-singleturn|p1a: Garchomp|Protect
|move|p1b: Basculegion|Protect|p1b: Basculegion
|-singleturn|p1b: Basculegion|Protect
|move|p2a: Aerodactyl|Ice Fang|p1a: Garchomp
|-activate|p1a: Garchomp|move: Protect
|move|p2b: Kingambit|Kowtow Cleave|p1b: Basculegion
|-activate|p1b: Basculegion|move: Protect
|
|upkeep
|turn|2
|inactive|Oscarm92 has 30 seconds left.
|inactive|Kevinalcer has 30 seconds left.
|inactive|Oscarm92 has 20 seconds left.
|
|t:|1783838515
|switch|p2a: Farigiraf|Farigiraf, L50, M|100/100
|move|p1b: Basculegion|Aqua Jet||[still]
|cant|p2a: Farigiraf|ability: Armor Tail|Aqua Jet|[of] p1b: Basculegion
|move|p1a: Garchomp|Rock Slide|p2a: Farigiraf|[spread] p2a,p2b
|-resisted|p2b: Kingambit|1
|-damage|p2a: Farigiraf|82/100
|-damage|p2b: Kingambit|90/100
|-damage|p1a: Garchomp|90/100|[from] item: Life Orb
|cant|p2b: Kingambit|flinch
|
|upkeep
|turn|3
|inactive|Oscarm92 has 30 seconds left.
|
|t:|1783838544
|switch|p1b: Charizard|Charizard, L50, M|100/100
|move|p2b: Kingambit|Sucker Punch||[still]
|-fail|p2b: Kingambit
|move|p1a: Garchomp|Earthquake|p2b: Kingambit|[spread] p2a,p2b
|-immune|p1b: Charizard
|-supereffective|p2b: Kingambit|1
|-damage|p2a: Farigiraf|47/100
|-damage|p2b: Kingambit|5/100
|-enditem|p2a: Farigiraf|Sitrus Berry|[eat]
|-heal|p2a: Farigiraf|72/100|[from] item: Sitrus Berry
|-damage|p1a: Garchomp|80/100|[from] item: Life Orb
|move|p2a: Farigiraf|Trick Room|p2a: Farigiraf
|-fieldstart|move: Trick Room|[of] p2a: Farigiraf
|
|upkeep
|turn|4
|
|t:|1783838568
|switch|p2b: Sylveon|Sylveon, L50, M|100/100
|detailschange|p1b: Charizard|Charizard-Mega-Y, L50, M
|-mega|p1b: Charizard|Charizard|Charizardite Y
|-weather|SunnyDay|[from] ability: Drought|[of] p1b: Charizard
|move|p2a: Farigiraf|Thunderbolt|p1b: Charizard
|-supereffective|p1b: Charizard|1
|-damage|p1b: Charizard|59/100
|move|p1b: Charizard|Weather Ball|p2a: Farigiraf
|-damage|p2a: Farigiraf|0 fnt
|faint|p2a: Farigiraf
|move|p1a: Garchomp|Earthquake|p2b: Sylveon|[spread] p2b
|-immune|p1b: Charizard
|-damage|p2b: Sylveon|42/100
|-damage|p1a: Garchomp|70/100|[from] item: Life Orb
|
|-weather|SunnyDay|[upkeep]
|upkeep
|
|t:|1783838573
|switch|p2a: Kingambit|Kingambit, L50, F|5/100
|turn|5
|
|t:|1783838584
|move|p1b: Charizard|Protect|p1b: Charizard
|-singleturn|p1b: Charizard|Protect
|move|p2b: Sylveon|Hyper Voice|p1a: Garchomp|[spread] p1a
|-activate|p1b: Charizard|move: Protect
|-supereffective|p1a: Garchomp|1
|-damage|p1a: Garchomp|0 fnt
|faint|p1a: Garchomp
|move|p2a: Kingambit|Kowtow Cleave|p1b: Charizard
|-activate|p1b: Charizard|move: Protect
|
|-weather|SunnyDay|[upkeep]
|upkeep
|
|t:|1783838598
|switch|p1a: Basculegion|Basculegion, L50, M|100/100
|turn|6
|inactive|Oscarm92 has 30 seconds left.
|
|t:|1783838629
|move|p2a: Kingambit|Sucker Punch|p1a: Basculegion
|-supereffective|p1a: Basculegion|1
|-damage|p1a: Basculegion|28/100
|move|p1a: Basculegion|Aqua Jet|p2a: Kingambit
|-damage|p2a: Kingambit|0 fnt
|faint|p2a: Kingambit
|move|p2b: Sylveon|Hyper Voice|p1a: Basculegion|[spread] p1a,p1b
|-resisted|p1b: Charizard|1
|-damage|p1a: Basculegion|0 fnt
|-damage|p1b: Charizard|39/100
|faint|p1a: Basculegion
|move|p1b: Charizard|Weather Ball|p2b: Sylveon
|-damage|p2b: Sylveon|0 fnt
|faint|p2b: Sylveon
|
|-weather|SunnyDay|[upkeep]
|upkeep
|
|t:|1783838639
|switch|p2a: Aerodactyl|Aerodactyl-Mega, L50, F|100/100
|switch|p1a: Kingambit|Kingambit, L50, F|100/100
|turn|7
|
|t:|1783838650
|move|p1b: Charizard|Protect|p1b: Charizard
|-singleturn|p1b: Charizard|Protect
|move|p1a: Kingambit|Sucker Punch|p2a: Aerodactyl
|-damage|p2a: Aerodactyl|59/100
|move|p2a: Aerodactyl|Rock Slide|p1b: Charizard|[spread] 
|-activate|p1b: Charizard|move: Protect
|-miss|p2a: Aerodactyl|p1a: Kingambit
|
|-weather|SunnyDay|[upkeep]
|-fieldend|move: Trick Room
|upkeep
|turn|8
|
|t:|1783838662
|move|p2a: Aerodactyl|Rock Slide|p1b: Charizard|[spread] p1a,p1b
|-resisted|p1a: Kingambit|1
|-supereffective|p1b: Charizard|2
|-damage|p1a: Kingambit|90/100
|-damage|p1b: Charizard|0 fnt
|faint|p1b: Charizard
|move|p1a: Kingambit|Kowtow Cleave|p2a: Aerodactyl
|-damage|p2a: Aerodactyl|13/100
|
|-weather|none
|upkeep
|turn|9
|
|t:|1783838670
|move|p1a: Kingambit|Sucker Punch|p2a: Aerodactyl
|-damage|p2a: Aerodactyl|0 fnt
|faint|p2a: Aerodactyl
|
|win|Kevinalcer
||Oscarm92 is ready for game 3.
||Kevinalcer is ready for game 3.
|uhtml|next|Next: Game 3 of 3
|l|☆Kevinalcer
|player|p1|
