|j|☆Vulpisfoglia
|j|☆precisiondepicasso
|html|Vulpisfogliaprecisiondepicasso    
|uhtml|bestof|Game 2 of a best-of-3
|t:|1782409333
|gametype|doubles
|player|p1|Vulpisfoglia|gwynn|1162
|player|p2|precisiondepicasso|cyclistf-gen4|1104
|gen|9
|tier|[Gen 9 Champions] VGC 2026 Reg M-B (Bo3)
|rated|
|rule|Species Clause: Limit one of each Pokémon
|rule|Item Clause: Limit 1 of each item
|clearpoke
|poke|p1|Whimsicott, L50, F|
|poke|p1|Pyroar, L50, M|
|poke|p1|Floette-Eternal, L50, F|
|poke|p1|Farigiraf, L50, M|
|poke|p1|Lycanroc-Dusk, L50, M|
|poke|p1|Decidueye-Hisui, L50, M|
|poke|p2|Aerodactyl, L50, M|
|poke|p2|Garchomp, L50, M|
|poke|p2|Kingambit, L50, F|
|poke|p2|Charizard, L50, M|
|poke|p2|Sylveon, L50, M|
|poke|p2|Farigiraf, L50, M|
|teampreview|4
|showteam|p1|Whimsicott||MentalHerb|Prankster|Protect,Tailwind,SunnyDay,Moonblast|Modest||F|||50|]Pyroar||Pyroarite|Unnerve|Protect,HeatWave,Overheat,HyperVoice|Timid||M|||50|]Floette-Eternal||Floettite|FlowerVeil|Protect,Moonblast,DazzlingGleam,LightofRuin|Modest||F|||50|]Farigiraf||SitrusBerry|ArmorTail|Protect,TrickRoom,HyperVoice,Psychic|Bold||M|||50|]Lycanroc-Dusk||FocusSash|ToughClaws|Protect,Accelerock,RockSlide,CloseCombat|Jolly||M|||50|]Decidueye-Hisui||ChoiceScarf|Scrappy|LeafBlade,TripleArrows,BraveBird,SuckerPunch|Jolly||M|||50|
|showteam|p2|Aerodactyl||Aerodactylite|Unnerve|IceFang,RockSlide,Tailwind,DualWingbeat|Jolly||M|||50|]Garchomp||LifeOrb|RoughSkin|DragonClaw,StompingTantrum,Earthquake,Protect|Jolly||M|||50|]Kingambit||FocusSash|Defiant|SuckerPunch,KowtowCleave,IronHead,LowKick|Adamant||F|||50|]Charizard||CharizarditeY|Blaze|Protect,WeatherBall,HeatWave,SolarBeam|Modest||M|||50|]Sylveon||FairyFeather|Pixilate|Protect,HyperVoice,HyperBeam,QuickAttack|Modest||M|||50|]Farigiraf||SitrusBerry|ArmorTail|TrickRoom,Thunderbolt,Roar,TwinBeam|Bold||M|||50|
|inactive|Battle timer is ON: inactive players will automatically lose when time's up. (requested by precisiondepicasso)
|inactive|precisiondepicasso has 60 seconds left.
|
|t:|1782409379
|teamsize|p1|4
|teamsize|p2|4
|start
|switch|p1a: Farigiraf|Farigiraf, L50, M|100/100
|switch|p1b: Lycanroc|Lycanroc-Dusk, L50, M|100/100
|switch|p2a: Aerodactyl|Aerodactyl, L50, M|100/100
|switch|p2b: Kingambit|Kingambit, L50, F|100/100
|-ability|p2a: Aerodactyl|Unnerve
|turn|1
|
|t:|1782409396
|detailschange|p2a: Aerodactyl|Aerodactyl-Mega, L50, M
|-mega|p2a: Aerodactyl|Aerodactyl|Aerodactylite
|move|p2a: Aerodactyl|Rock Slide|p1b: Lycanroc|[spread] p1a,p1b
|-damage|p1a: Farigiraf|81/100
|-damage|p1b: Lycanroc|58/100
|move|p1b: Lycanroc|Close Combat|p2b: Kingambit
|-supereffective|p2b: Kingambit|2
|-enditem|p2b: Kingambit|Focus Sash
|-damage|p2b: Kingambit|1/100
|-unboost|p1b: Lycanroc|def|1
|-unboost|p1b: Lycanroc|spd|1
|move|p2b: Kingambit|Kowtow Cleave|p1a: Farigiraf
|-supereffective|p1a: Farigiraf|1
|-damage|p1a: Farigiraf|3/100
|-enditem|p1a: Farigiraf|Sitrus Berry|[eat]
|-heal|p1a: Farigiraf|28/100|[from] item: Sitrus Berry
|move|p1a: Farigiraf|Trick Room|p1a: Farigiraf
|-fieldstart|move: Trick Room|[of] p1a: Farigiraf
|
|upkeep
|turn|2
|inactive|precisiondepicasso has 30 seconds left.
|
|t:|1782409425
|switch|p2a: Farigiraf|Farigiraf, L50, M|100/100
|move|p1a: Farigiraf|Hyper Voice|p2a: Farigiraf|[spread] p2a,p2b
|-resisted|p2b: Kingambit|1
|-damage|p2a: Farigiraf|76/100
|-damage|p2b: Kingambit|0 fnt
|faint|p2b: Kingambit
|move|p1b: Lycanroc|Rock Slide|p2a: Farigiraf
|-damage|p2a: Farigiraf|50/100g
|
|upkeep
|
|t:|1782409435
|switch|p2b: Garchomp|Garchomp, L50, M|100/100
|turn|3
|
|t:|1782409442
|move|p1b: Lycanroc|Protect|p1b: Lycanroc
|-singleturn|p1b: Lycanroc|Protect
|move|p1a: Farigiraf|Hyper Voice|p2b: Garchomp|[spread] p2a,p2b
|-damage|p2a: Farigiraf|26/100
|-damage|p2b: Garchomp|74/100
|-enditem|p2a: Farigiraf|Sitrus Berry|[eat]
|-heal|p2a: Farigiraf|51/100|[from] item: Sitrus Berry
|move|p2a: Farigiraf|Thunderbolt|p1a: Farigiraf
|-damage|p1a: Farigiraf|7/100
|move|p2b: Garchomp|Stomping Tantrum|p1b: Lycanroc
|-activate|p1b: Lycanroc|move: Protect
|
|upkeep
|turn|4
|
|t:|1782409456
|move|p1a: Farigiraf|Hyper Voice|p2b: Garchomp|[spread] p2a,p2b
|-damage|p2a: Farigiraf|27/100
|-damage|p2b: Garchomp|48/100
|move|p2b: Garchomp|Stomping Tantrum|p1b: Lycanroc
|-supereffective|p1b: Lycanroc|1
|-damage|p1b: Lycanroc|0 fnt
|faint|p1b: Lycanroc
|-damage|p2b: Garchomp|38/100|[from] item: Life Orb
|move|p2a: Farigiraf|Trick Room|p2a: Farigiraf
|-fieldend|move: Trick Room
|
|upkeep
|
|t:|1782409466
|switch|p1b: Pyroar|Pyroar, L50, M|100/100
|-ability|p1b: Pyroar|Unnerve
|turn|5
|
|t:|1782409471
|switch|p2a: Aerodactyl|Aerodactyl-Mega, L50, M|100/100
|detailschange|p1b: Pyroar|Pyroar-Mega, L50, M
|-mega|p1b: Pyroar|Pyroar|Pyroarite
|move|p1b: Pyroar|Heat Wave|p2a: Aerodactyl|[spread] p2a,p2b
|-resisted|p2a: Aerodactyl|1
|-resisted|p2b: Garchomp|1
|-damage|p2a: Aerodactyl|70/100
|-damage|p2b: Garchomp|8/100
|move|p2b: Garchomp|Earthquake|p1a: Farigiraf|[spread] p1a,p1b
|-immune|p2a: Aerodactyl
|-supereffective|p1b: Pyroar|1
|-damage|p1a: Farigiraf|0 fnt
|-damage|p1b: Pyroar|0 fnt
|faint|p1a: Farigiraf
|faint|p1b: Pyroar
|-damage|p2b: Garchomp|0 fnt|[from] item: Life Orb
|faint|p2b: Garchomp
|
|upkeep
|
|t:|1782409486
|switch|p1b: Decidueye|Decidueye-Hisui, L50, M|100/100
|switch|p2b: Farigiraf|Farigiraf, L50, M|27/100
|turn|6
|
|t:|1782409503
|move|p2a: Aerodactyl|Tailwind|p2a: Aerodactyl
|-sidestart|p2: precisiondepicasso|move: Tailwind
|move|p1b: Decidueye|Triple Arrows|p2a: Aerodactyl
|-damage|p2a: Aerodactyl|23/100
|move|p2b: Farigiraf|Twin Beam|p1b: Decidueye
|-supereffective|p1b: Decidueye|1
|-damage|p1b: Decidueye|66/100
|-supereffective|p1b: Decidueye|1
|-damage|p1b: Decidueye|33/100
|-hitcount|p1b: Decidueye|2
|
|upkeep
|turn|7
|-message|Vulpisfoglia forfeited.
|raw|Vulpisfoglia's rating: 1162 → 1133(-29 for losing)
|raw|precisiondepicasso's rating: 1104 → 1133(+29 for winning)
|
|win|precisiondepicasso
|l|☆Vulpisfoglia
|player|p1|
