|j|☆egopegolegotego
|j|☆BestDefense
|html|egopegolegotegoBestDefense    
|uhtml|bestof|Game 2 of a best-of-3
|t:|1784216548
|gametype|doubles
|player|p1|egopegolegotego|hooligans|1117
|player|p2|BestDefense|170|1080
|gen|9
|tier|[Gen 9 Champions] VGC 2026 Reg M-B (Bo3)
|rated|
|rule|Species Clause: Limit one of each Pokémon
|rule|Item Clause: Limit 1 of each item
|clearpoke
|poke|p1|Tyranitar, L50, M|
|poke|p1|Excadrill, L50, F|
|poke|p1|Corviknight, L50, F|
|poke|p1|Garchomp, L50, F|
|poke|p1|Sinistcha, L50|
|poke|p1|Basculegion, L50, M|
|poke|p2|Banette, L50, M, shiny|
|poke|p2|Blastoise, L50, F, shiny|
|poke|p2|Incineroar, L50, M, shiny|
|poke|p2|Farigiraf, L50, F, shiny|
|poke|p2|Kommo-o, L50, F, shiny|
|poke|p2|Whimsicott, L50, M, shiny|
|teampreview|4
|showteam|p1|Tyranitar||Tyranitarite|SandStream|RockSlide,KnockOff,DragonDance,Protect|Adamant||M|||50|]Excadrill||FocusSash|SandRush|IronHead,Earthquake,RockSlide,Protect|Adamant||F|||50|]Corviknight||Leftovers|MirrorArmor|BraveBird,IronHead,Roost,Protect|Careful||F|||50|]Garchomp||LifeOrb|RoughSkin|DragonClaw,Earthquake,StompingTantrum,Protect|Adamant||F|||50|]Sinistcha||KasibBerry|Hospitality|RagePowder,MatchaGotcha,TrickRoom,Protect|Relaxed|||||50|]Basculegion||ChoiceScarf|Adaptability|LastRespects,FlipTurn,WaveCrash,IceFang|Jolly||M|||50|
|showteam|p2|Banette||Banettite|Insomnia|GunkShot,ShadowSneak,PsychUp,WillOWisp|Impish||M|||50|]Blastoise||Blastoisinite|Torrent|WaterSpout,AuraSphere,IceBeam,Protect|Modest||F|||50|]Incineroar||SitrusBerry|Intimidate|FakeOut,FlareBlitz,DarkestLariat,PartingShot|Careful||M|||50|]Farigiraf||ColburBerry|ArmorTail|TwinBeam,Thunderbolt,TrickRoom,Protect|Modest||F|||50|]Kommo-o||Leftovers|Soundproof|DrainPunch,IronHead,ClangorousSoul,Protect|Adamant||F|||50|]Whimsicott||FocusSash|Prankster|Moonblast,Tailwind,Encore,Endeavor|Timid||M|||50|
|inactive|Battle timer is ON: inactive players will automatically lose when time's up. (requested by BestDefense)
|inactive|egopegolegotego has 60 seconds left.
|inactive|egopegolegotego has 30 seconds left.
|inactive|egopegolegotego has 20 seconds left.
|inactive|egopegolegotego has 15 seconds left.
|
|t:|1784216627
|teamsize|p1|4
|teamsize|p2|4
|start
|switch|p1a: Basculegion|Basculegion, L50, M|100/100
|switch|p1b: Garchomp|Garchomp, L50, F|100/100
|switch|p2a: Incineroar|Incineroar, L50, M, shiny|100/100
|switch|p2b: Kommo-o|Kommo-o, L50, F, shiny|100/100
|-ability|p2a: Incineroar|Intimidate|boost
|-unboost|p1a: Basculegion|atk|1
|-unboost|p1b: Garchomp|atk|1
|turn|1
|inactive|egopegolegotego has 30 seconds left.
|inactive|egopegolegotego has 20 seconds left.
|inactive|egopegolegotego has 15 seconds left.
|inactive|BestDefense has 30 seconds left.
|
|t:|1784216671
|move|p2b: Kommo-o|Protect|p2b: Kommo-o
|-singleturn|p2b: Kommo-o|Protect
|move|p1a: Basculegion|Flip Turn|p2a: Incineroar
|-supereffective|p2a: Incineroar|1
|-damage|p2a: Incineroar|56/100
|
|t:|1784216680
|switch|p1a: Corviknight|Corviknight, L50, F|100/100|[from] Flip Turn
|move|p1b: Garchomp|Earthquake|p2a: Incineroar|[spread] p2a
|-activate|p2b: Kommo-o|move: Protect
|-immune|p1a: Corviknight
|-supereffective|p2a: Incineroar|1
|-damage|p2a: Incineroar|0 fnt
|faint|p2a: Incineroar
|-damage|p1b: Garchomp|90/100|[from] item: Life Orb
|
|upkeep
|
|t:|1784216688
|switch|p2a: Banette|Banette, L50, M, shiny|100/100
|turn|2
|
|t:|1784216704
|detailschange|p2a: Banette|Banette-Mega, L50, M, shiny
|-mega|p2a: Banette|Banette|Banettite
|move|p2a: Banette|Will-O-Wisp|p1b: Garchomp
|-status|p1b: Garchomp|brn
|move|p1b: Garchomp|Dragon Claw|p2b: Kommo-o
|-supereffective|p2b: Kommo-o|1
|-damage|p2b: Kommo-o|60/100
|-damage|p1b: Garchomp|80/100 brn|[from] item: Life Orb
|move|p2b: Kommo-o|Clangorous Soul|p2b: Kommo-o
|-boost|p2b: Kommo-o|atk|1
|-boost|p2b: Kommo-o|def|1
|-boost|p2b: Kommo-o|spa|1
|-boost|p2b: Kommo-o|spd|1
|-boost|p2b: Kommo-o|spe|1
|-damage|p2b: Kommo-o|27/100
|move|p1a: Corviknight|Brave Bird|p2b: Kommo-o
|-supereffective|p2b: Kommo-o|1
|-damage|p2b: Kommo-o|0 fnt
|faint|p2b: Kommo-o
|-damage|p1a: Corviknight|92/100|[from] Recoil
|
|-heal|p1a: Corviknight|98/100|[from] item: Leftovers
|-damage|p1b: Garchomp|75/100 brn|[from] brn
|upkeep
|
|t:|1784216713
|switch|p2b: Farigiraf|Farigiraf, L50, F, shiny|100/100
|turn|3
|inactive|egopegolegotego has 30 seconds left.
|inactive|egopegolegotego has 20 seconds left.
|
|t:|1784216749
|switch|p1a: Tyranitar|Tyranitar, L50, M|100/100
|-weather|Sandstorm|[from] ability: Sand Stream|[of] p1a: Tyranitar
|move|p2a: Banette|Will-O-Wisp|p1a: Tyranitar
|-hint|Since gen 7, Dark is immune to Prankster moves.
|-immune|p1a: Tyranitar
|move|p1b: Garchomp|Dragon Claw|p2b: Farigiraf
|-damage|p2b: Farigiraf|79/100
|-damage|p1b: Garchomp|65/100 brn|[from] item: Life Orb
|move|p2b: Farigiraf|Trick Room|p2b: Farigiraf
|-fieldstart|move: Trick Room|[of] p2b: Farigiraf
|
|-weather|Sandstorm|[upkeep]
|-damage|p2b: Farigiraf|73/100|[from] Sandstorm
|-damage|p2a: Banette|94/100|[from] Sandstorm
|-damage|p1b: Garchomp|59/100 brn|[from] brn
|upkeep
|turn|4
|inactive|egopegolegotego has 30 seconds left.
|inactive|egopegolegotego has 20 seconds left.
|inactive|egopegolegotego has 15 seconds left.
|inactive|egopegolegotego has 10 seconds left.
|
|t:|1784216794
|detailschange|p1a: Tyranitar|Tyranitar-Mega, L50, M
|-mega|p1a: Tyranitar|Tyranitar|Tyranitarite
|move|p2b: Farigiraf|Thunderbolt|p1a: Tyranitar
|-damage|p1a: Tyranitar|87/100
|move|p1a: Tyranitar|Knock Off|p2b: Farigiraf
|-supereffective|p2b: Farigiraf|1
|-crit|p2b: Farigiraf
|-enditem|p2b: Farigiraf|Colbur Berry|[eat]
|-enditem|p2b: Farigiraf|Colbur Berry|[weaken]
|-damage|p2b: Farigiraf|0 fnt
|faint|p2b: Farigiraf
|move|p2a: Banette|Gunk Shot|p1a: Tyranitar
|-resisted|p1a: Tyranitar|1
|-damage|p1a: Tyranitar|74/100
|-status|p1a: Tyranitar|psn
|move|p1b: Garchomp|Dragon Claw|p2a: Banette
|-damage|p2a: Banette|72/100
|-damage|p1b: Garchomp|50/100g brn|[from] item: Life Orb
|
|-weather|Sandstorm|[upkeep]
|-damage|p2a: Banette|66/100|[from] Sandstorm
|-damage|p1a: Tyranitar|62/100 psn|[from] psn
|-damage|p1b: Garchomp|44/100 brn|[from] brn
|upkeep
|turn|5
|-message|BestDefense forfeited.
|
|win|egopegolegotego
||BestDefense is ready for game 3.
|inactive|egopegolegotego has 30 seconds to confirm battle start!
||egopegolegotego is ready for game 3.
|uhtml|next|Next: Game 3 of 3
|l|☆egopegolegotego
|player|p1|
