|j|☆cantchat_sorry
|j|☆iloveships
|html|cantchat_sorryiloveships    
|uhtml|bestof|Game 1 of a best-of-3
|t:|1785427986
|gametype|doubles
|player|p1|cantchat_sorry|clair|1164
|player|p2|iloveships|emmet|1168
|gen|9
|tier|[Gen 9 Champions] VGC 2026 Reg M-B (Bo3)
|rated|
|rule|Species Clause: Limit one of each Pokémon
|rule|Item Clause: Limit 1 of each item
|clearpoke
|poke|p1|Garchomp, L50, F|
|poke|p1|Tyranitar, L50, F|
|poke|p1|Corviknight, L50, F, shiny|
|poke|p1|Milotic, L50, M|
|poke|p1|Sinistcha, L50|
|poke|p1|Ceruledge, L50, F|
|poke|p2|Talonflame, L50, F|
|poke|p2|Raichu, L50, M|
|poke|p2|Maushold, L50|
|poke|p2|Garchomp, L50, M|
|poke|p2|Floette-Eternal, L50, F|
|poke|p2|Kingambit, L50, M|
|teampreview|4
|showteam|p1|Garchomp||Garchompite|RoughSkin|EarthPower,DracoMeteor,PowerGem,Protect|Modest||F|||50|]Tyranitar||ChoiceScarf|SandStream|KnockOff,RockSlide,IcePunch,LowKick|Jolly||F|||50|]Corviknight||LifeOrb|MirrorArmor|BraveBird,IronHead,Tailwind,Protect|Jolly||F|||50|]Milotic||SitrusBerry|Competitive|Scald,IcyWind,Haze,Protect|Bold||M|||50|]Sinistcha||KasibBerry|Hospitality|MatchaGotcha,RagePowder,TrickRoom,Protect|Bold|||||50|]Ceruledge||ColburBerry|FlashFire|BitterBlade,ShadowSneak,BulkUp,Protect|Adamant||F|||50|
|showteam|p2|Talonflame||SharpBeak|GaleWings|Tailwind,QuickGuard,Overheat,Taunt|Jolly||F|||50|]Raichu||RaichuniteY|LightningRod|FakeOut,Protect,ZapCannon,FocusBlast|Serious||M|||50|]Maushold||WideLens|Technician|FollowMe,Protect,PopulationBomb,Encore|Serious|||||50|]Garchomp||LifeOrb|RoughSkin|DragonClaw,RockSlide,Earthquake,Protect|Jolly||M|||50|]Floette-Eternal||Floettite|FlowerVeil|Protect,DazzlingGleam,Moonblast,LightofRuin|Modest||F|||50|]Kingambit||FocusSash|Defiant|SuckerPunch,KowtowCleave,IronHead,Protect|Adamant||M|||50|
|inactive|Battle timer is ON: inactive players will automatically lose when time's up. (requested by iloveships)
|inactive|cantchat_sorry has 60 seconds left.
|inactive|iloveships has 60 seconds left.
|inactive|cantchat_sorry has 30 seconds left.
|
|t:|1785428048
|teamsize|p1|4
|teamsize|p2|4
|start
|switch|p1a: Ceruledge|Ceruledge, L50, F|100/100
|switch|p1b: Sinistcha|Sinistcha, L50|100/100
|switch|p2a: Floette|Floette-Eternal, L50, F|100/100
|switch|p2b: Garchomp|Garchomp, L50, M|100/100
|turn|1
|inactive|iloveships has 30 seconds left.
|inactive|iloveships has 20 seconds left.
|
|t:|1785428085
|switch|p2a: Talonflame|Talonflame, L50, F|100/100
|switch|p1a: Corviknight|Corviknight, L50, F, shiny|100/100
|move|p2b: Garchomp|Earthquake|p1a: Corviknight|[spread] p1b
|-immune|p2a: Talonflame
|-immune|p1a: Corviknight
|-resisted|p1b: Sinistcha|1
|-damage|p1b: Sinistcha|79/100
|-damage|p2b: Garchomp|90/100|[from] item: Life Orb
|move|p1b: Sinistcha|Trick Room|p1b: Sinistcha
|-fieldstart|move: Trick Room|[of] p1b: Sinistcha
|
|upkeep
|turn|2
|inactive|cantchat_sorry has 30 seconds left.
|inactive|iloveships has 30 seconds left.
|inactive|iloveships has 20 seconds left.
|inactive|iloveships has 15 seconds left.
|
|t:|1785428125
|switch|p1a: Ceruledge|Ceruledge, L50, F|100/100
|move|p1b: Sinistcha|Matcha Gotcha|p2b: Garchomp|[spread] p2a,p2b
|-resisted|p2a: Talonflame|2
|-crit|p2b: Garchomp
|-damage|p2a: Talonflame|91/100
|-heal|p1b: Sinistcha|83/100|[from] drain|[of] p2a: Talonflame
|-damage|p2b: Garchomp|54/100
|-heal|p1b: Sinistcha|100/100|[from] drain|[of] p2b: Garchomp
|move|p2b: Garchomp|Dragon Claw|p1b: Sinistcha
|-damage|p1b: Sinistcha|58/100
|-damage|p2b: Garchomp|45/100|[from] item: Life Orb
|move|p2a: Talonflame|Overheat|p1a: Ceruledge
|-start|p1a: Ceruledge|ability: Flash Fire
|
|upkeep
|turn|3
|inactive|iloveships has 30 seconds left.
|
|t:|1785428158
|switch|p2a: Kingambit|Kingambit, L50, M|100/100
|move|p2b: Garchomp|Protect|p2b: Garchomp
|-singleturn|p2b: Garchomp|Protect
|move|p1b: Sinistcha|Matcha Gotcha|p2a: Kingambit|[spread] p2a
|-activate|p2b: Garchomp|move: Protect
|-resisted|p2a: Kingambit|1
|-damage|p2a: Kingambit|88/100
|-heal|p1b: Sinistcha|64/100|[from] drain|[of] p2a: Kingambit
|move|p1a: Ceruledge|Bitter Blade|p2b: Garchomp
|-activate|p2b: Garchomp|move: Protect
|
|upkeep
|turn|4
|
|t:|1785428180
|move|p2a: Kingambit|Protect|p2a: Kingambit
|-singleturn|p2a: Kingambit|Protect
|move|p1b: Sinistcha|Matcha Gotcha|p2a: Kingambit|[spread] p2b
|-activate|p2a: Kingambit|move: Protect
|-damage|p2b: Garchomp|22/100
|-heal|p1b: Sinistcha|77/100|[from] drain|[of] p2b: Garchomp
|move|p1a: Ceruledge|Bitter Blade|p2b: Garchomp
|-resisted|p2b: Garchomp|1
|-damage|p2b: Garchomp|0 fnt
|-damage|p1a: Ceruledge|87/100|[from] ability: Rough Skin|[of] p2b: Garchomp
|faint|p2b: Garchomp
|
|upkeep
|
|t:|1785428195
|switch|p2b: Talonflame|Talonflame, L50, F|91/100
|turn|5
|
|t:|1785428203
|move|p1b: Sinistcha|Rage Powder|p1b: Sinistcha
|-singleturn|p1b: Sinistcha|move: Rage Powder
|move|p2a: Kingambit|Kowtow Cleave|p1b: Sinistcha
|-supereffective|p1b: Sinistcha|1
|-damage|p1b: Sinistcha|0 fnt
|faint|p1b: Sinistcha
|move|p1a: Ceruledge|Bitter Blade|p2a: Kingambit
|-supereffective|p2a: Kingambit|1
|-damage|p2a: Kingambit|0 fnt
|-heal|p1a: Ceruledge|100/100|[from] drain|[of] p2a: Kingambit
|faint|p2a: Kingambit
|move|p2b: Talonflame|Overheat|p1a: Ceruledge
|-immune|p1a: Ceruledge|[from] ability: Flash Fire
|
|-fieldend|move: Trick Room
|upkeep
|
|t:|1785428217
|switch|p1b: Corviknight|Corviknight, L50, F, shiny|100/100
|switch|p2a: Floette|Floette-Eternal, L50, F|100/100
|turn|6
|-message|iloveships forfeited.
|
|win|cantchat_sorry
