|j|☆fscaFAeAFfe
|j|☆shiroblast
|html|fscaFAeAFfeshiroblast    
|uhtml|bestof|Game 2 of a best-of-3
|t:|1785893476
|gametype|doubles
|player|p1|fscaFAeAFfe|102|1040
|player|p2|shiroblast|benga|1142
|gen|9
|tier|[Gen 9 Champions] VGC 2026 Reg M-B (Bo3)
|rated|
|rule|Species Clause: Limit one of each Pokémon
|rule|Item Clause: Limit 1 of each item
|clearpoke
|poke|p1|Flapple, L50, M|
|poke|p1|Meowstic, L50, M, shiny|
|poke|p1|Aerodactyl, L50, M|
|poke|p1|Metagross, L50|
|poke|p1|Kangaskhan, L50, F|
|poke|p1|Sableye, L50, M|
|poke|p2|Swampert, L50, M|
|poke|p2|Archaludon, L50, F|
|poke|p2|Tyranitar, L50, M|
|poke|p2|Pelipper, L50, F|
|poke|p2|Mawile, L50, F|
|poke|p2|Sinistcha-Masterpiece, L50|
|teampreview|4
|showteam|p1|Flapple||LifeOrb|Hustle|GravApple,DragonRush,Protect,DualWingbeat|Jolly||M|||50|]Meowstic||MentalHerb|Prankster|Protect,Gravity,FakeOut,HelpingHand|Careful||M|||50|]Aerodactyl||FocusSash|Unnerve|DualWingbeat,Tailwind,RockSlide,Protect|Jolly||M|||50|]Metagross||Metagrossite|ClearBody|ZenHeadbutt,HammerArm,Protect,MeteorMash|Jolly|||||50|]Kangaskhan||SilkScarf|Scrappy|FakeOut,LastResort|Jolly||F|||50|]Sableye||Leftovers|Prankster|Gravity,Encore,WillOWisp,FakeOut|Careful||M|||50|
|showteam|p2|Swampert||Swampertite|Torrent|WaveCrash,IcePunch,Earthquake,Protect|Adamant||M|||50|]Archaludon||Leftovers|Stamina|DragonPulse,ElectroShot,FlashCannon,Protect|Calm||F|||50|]Tyranitar||LifeOrb|SandStream|KnockOff,RockSlide,StompingTantrum,Protect|Jolly||M|||50|]Pelipper||FocusSash|Drizzle|Hurricane,HelpingHand,Tailwind,WideGuard|Timid||F|||50|]Mawile||Mawilite|Intimidate|SuckerPunch,PlayRough,SwordsDance,Protect|Adamant||F|||50|]Sinistcha-Masterpiece||CobaBerry|Hospitality|RagePowder,MatchaGotcha,TrickRoom,Protect|Calm|||||50|
|
|t:|1785893517
|teamsize|p1|4
|teamsize|p2|4
|start
|switch|p1a: Aerodactyl|Aerodactyl, L50, M|100/100
|switch|p1b: Meowstic|Meowstic, L50, M, shiny|100/100
|switch|p2a: Pelipper|Pelipper, L50, F|100/100
|switch|p2b: Swampert|Swampert, L50, M|100/100
|-ability|p1a: Aerodactyl|Unnerve
|-weather|RainDance|[from] ability: Drizzle|[of] p2a: Pelipper
|turn|1
|
|t:|1785893534
|detailschange|p2b: Swampert|Swampert-Mega, L50, M
|-mega|p2b: Swampert|Swampert|Swampertite
|move|p1b: Meowstic|Fake Out|p2a: Pelipper
|-crit|p2a: Pelipper
|-damage|p2a: Pelipper|89/100
|move|p2b: Swampert|Ice Punch|p1a: Aerodactyl
|-supereffective|p1a: Aerodactyl|1
|-enditem|p1a: Aerodactyl|Focus Sash
|-damage|p1a: Aerodactyl|1/100
|move|p1a: Aerodactyl|Tailwind|p1a: Aerodactyl
|-sidestart|p1: fscaFAeAFfe|move: Tailwind
|cant|p2a: Pelipper|flinch
|
|-weather|RainDance|[upkeep]
|upkeep
|turn|2
|
|t:|1785893555
|move|p2b: Swampert|Protect|p2b: Swampert
|-singleturn|p2b: Swampert|Protect
|move|p1b: Meowstic|Gravity|p1b: Meowstic
|-fieldstart|move: Gravity
|move|p1a: Aerodactyl|Rock Slide|p2a: Pelipper|[spread] p2a
|-activate|p2b: Swampert|move: Protect
|-supereffective|p2a: Pelipper|1
|-damage|p2a: Pelipper|18/100
|move|p2a: Pelipper|Tailwind|p2a: Pelipper
|-sidestart|p2: shiroblast|move: Tailwind
|
|-weather|RainDance|[upkeep]
|upkeep
|turn|3
|
|t:|1785893595
|switch|p1a: Metagross|Metagross, L50|100/100
|move|p1b: Meowstic|Protect|p1b: Meowstic
|-singleturn|p1b: Meowstic|Protect
|move|p2b: Swampert|Ice Punch|p1a: Metagross
|-resisted|p1a: Metagross|1
|-damage|p1a: Metagross|85/100
|move|p2a: Pelipper|Hurricane|p1b: Meowstic
|-activate|p1b: Meowstic|move: Protect
|
|-weather|RainDance|[upkeep]
|upkeep
|turn|4
|
|t:|1785893623
|detailschange|p1a: Metagross|Metagross-Mega, L50
|-mega|p1a: Metagross|Metagross|Metagrossite
|move|p1b: Meowstic|Helping Hand|p1a: Metagross
|-singleturn|p1a: Metagross|Helping Hand|[of] p1b: Meowstic
|move|p2a: Pelipper|Helping Hand|p2b: Swampert
|-singleturn|p2b: Swampert|Helping Hand|[of] p2a: Pelipper
|move|p2b: Swampert|Earthquake|p1a: Metagross|[spread] p2a,p1a,p1b
|-supereffective|p1a: Metagross|1
|-damage|p2a: Pelipper|0 fnt
|-damage|p1a: Metagross|0 fnt
|-damage|p1b: Meowstic|14/100
|faint|p2a: Pelipper
|faint|p1a: Metagross
|
|-weather|RainDance|[upkeep]
|-sideend|p1: fscaFAeAFfe|move: Tailwind
|upkeep
|
|t:|1785893641
|switch|p1a: Aerodactyl|Aerodactyl, L50, M|1/100
|switch|p2a: Tyranitar|Tyranitar, L50, M|100/100
|-ability|p1a: Aerodactyl|Unnerve
|-weather|Sandstorm|[from] ability: Sand Stream|[of] p2a: Tyranitar
|turn|5
|
|t:|1785893654
|move|p1b: Meowstic|Protect|p1b: Meowstic
|-singleturn|p1b: Meowstic|Protect
|move|p2b: Swampert|Protect|p2b: Swampert
|-singleturn|p2b: Swampert|Protect
|move|p1a: Aerodactyl|Protect|p1a: Aerodactyl
|-singleturn|p1a: Aerodactyl|Protect
|move|p2a: Tyranitar|Rock Slide|p1b: Meowstic|[spread] 
|-activate|p1a: Aerodactyl|move: Protect
|-activate|p1b: Meowstic|move: Protect
|
|-weather|Sandstorm|[upkeep]
|-damage|p1b: Meowstic|8/100|[from] Sandstorm
|-sideend|p2: shiroblast|move: Tailwind
|upkeep
|turn|6
|
|t:|1785893678
|switch|p1b: Flapple|Flapple, L50, M|100/100
|move|p1a: Aerodactyl|Tailwind|p1a: Aerodactyl
|-sidestart|p1: fscaFAeAFfe|move: Tailwind
|move|p2a: Tyranitar|Rock Slide|p1b: Flapple|[spread] p1a,p1b
|-supereffective|p1a: Aerodactyl|1
|-damage|p1a: Aerodactyl|0 fnt
|-damage|p1b: Flapple|49/100
|faint|p1a: Aerodactyl
|-damage|p2a: Tyranitar|90/100|[from] item: Life Orb
|move|p2b: Swampert|Ice Punch|p1b: Flapple
|-supereffective|p1b: Flapple|2
|-damage|p1b: Flapple|0 fnt
|faint|p1b: Flapple
|
|-weather|Sandstorm|[upkeep]
|-fieldend|move: Gravity
|upkeep
|-message|fscaFAeAFfe forfeited.
|
|win|shiroblast
|raw|fscaFAeAFfe's rating: 1040 → 1029(-11 for losing)
|raw|shiroblast's rating: 1142 → 1160(+18 for winning)
|l|☆fscaFAeAFfe
|player|p1|
