|j|☆Typ.Null07
|j|☆Mortipherus
|html|Typ.Null07Mortipherus    
|uhtml|bestof|Game 3 of a best-of-3
|t:|1757157116
|gametype|doubles
|player|p1|Typ.Null07|victor-dojo|
|player|p2|Mortipherus|biker-gen4|
|gen|9
|tier|[Gen 9] VGC 2025 Reg H (Bo3)
|rule|Species Clause: Limit one of each Pokémon
|rule|Item Clause: Limit 1 of each item
|clearpoke
|poke|p1|Volcarona, L50, M|
|poke|p1|Rillaboom, L50, F|
|poke|p1|Ursaluna, L50, M|
|poke|p1|Dragapult, L50, M|
|poke|p1|Farigiraf, L50, F|
|poke|p1|Incineroar, L50, M|
|poke|p2|Hydrapple, L50, M|
|poke|p2|Arcanine-Hisui, L50, M|
|poke|p2|Gholdengo, L50|
|poke|p2|Electabuzz, L50, M|
|poke|p2|Indeedee, L50, M|
|poke|p2|Sneasler, L50, M|
|teampreview|4
|showteam|p1|Volcarona||GrassySeed|FlameBody|FieryDance,GigaDrain,QuiverDance,Protect|||M|||50|,,,,,Grass]Rillaboom||AssaultVest|GrassySurge|WoodHammer,GrassyGlide,Uturn,FakeOut|||F|||50|,,,,,Fire]Ursaluna||FlameOrb|Guts|Facade,HeadlongRush,Substitute,Protect|||M|||50|,,,,,Ghost]Dragapult||ChoiceBand|ClearBody|DragonDarts,PhantomForce,Outrage,Uturn|||M|||50|,,,,,Dragon]Farigiraf||ThroatSpray|ArmorTail|HyperVoice,PsychicNoise,Roar,TrickRoom|||F|||50|,,,,,Water]Incineroar||SafetyGoggles|Intimidate|FlareBlitz,KnockOff,FakeOut,PartingShot|||M|||50|,,,,,Water
|showteam|p2|Hydrapple||AssaultVest|Regenerator|FickleBeam,EnergyBall,EarthPower,BreakingSwipe|||M|||50|,,,,,Ground]Arcanine-Hisui||ClearAmulet|Intimidate|Protect,ExtremeSpeed,FlareBlitz,RockSlide|||M|||50|,,,,,Grass]Gholdengo||LifeOrb|GoodasGold|Protect,NastyPlot,MakeItRain,ShadowBall||||||50|,,,,,Water]Electabuzz||Eviolite|VitalSpirit|Protect,FollowMe,Taunt,Electroweb|||M|||50|,,,,,Dragon]Indeedee||FocusSash|PsychicSurge|Protect,TrickRoom,ExpandingForce,TeraBlast|||M|||50|,,,,,Ground]Sneasler||PsychicSeed|Unburden|Protect,ThroatChop,DireClaw,CloseCombat|||M|||50|,,,,,Dark
|inactive|Battle timer is ON: inactive players will automatically lose when time's up. (requested by Typ.Null07)
|
|t:|1757157140
|teamsize|p1|4
|teamsize|p2|4
|start
|switch|p1a: Volcarona|Volcarona, L50, M|100/100
|switch|p1b: Dragapult|Dragapult, L50, M|100/100
|switch|p2a: Sauerkraut|Electabuzz, L50, M|100/100
|switch|p2b: Hot Dog|Arcanine-Hisui, L50, M|100/100
|-ability|p2b: Hot Dog|Intimidate|boost
|-unboost|p1a: Volcarona|atk|1
|-fail|p1b: Dragapult|unboost|[from] ability: Clear Body|[of] p1b: Dragapult
|turn|1
|inactive|Typ.Null07 has 30 seconds left.
|
|t:|1757157171
|-terastallize|p1a: Volcarona|Grass
|move|p1b: Dragapult|U-turn|p2b: Hot Dog
|-resisted|p2b: Hot Dog
|-damage|p2b: Hot Dog|83/100
|
|t:|1757157174
|switch|p1b: Rillaboom|Rillaboom, L50, F|100/100|[from] U-turn
|-fieldstart|move: Grassy Terrain|[from] ability: Grassy Surge|[of] p1b: Rillaboom
|-enditem|p1a: Volcarona|Grassy Seed
|-boost|p1a: Volcarona|def|1|[from] item: Grassy Seed
|move|p1a: Volcarona|Quiver Dance|p1a: Volcarona
|-boost|p1a: Volcarona|spa|1
|-boost|p1a: Volcarona|spd|1
|-boost|p1a: Volcarona|spe|1
|move|p2b: Hot Dog|Flare Blitz|p1a: Volcarona
|-supereffective|p1a: Volcarona
|-damage|p1a: Volcarona|18/100
|-damage|p2b: Hot Dog|56/100|[from] Recoil
|move|p2a: Sauerkraut|Taunt|p1a: Volcarona
|-start|p1a: Volcarona|move: Taunt
|
|-heal|p1a: Volcarona|24/100|[from] Grassy Terrain
|-heal|p2b: Hot Dog|62/100|[from] Grassy Terrain
|upkeep
|turn|2
|inactive|Typ.Null07 has 30 seconds left.
|inactive|Mortipherus has 30 seconds left.
|inactive|Typ.Null07 has 20 seconds left.
|inactive|Typ.Null07 has 15 seconds left.
|
|t:|1757157217
|switch|p2a: Caramel|Indeedee, L50, M|100/100
|-fieldstart|move: Psychic Terrain|[from] ability: Psychic Surge|[of] p2a: Caramel
|move|p1b: Rillaboom|Fake Out|p2b: Hot Dog
|-activate|p2b: Hot Dog|move: Psychic Terrain
|move|p1a: Volcarona|Giga Drain|p2b: Hot Dog
|-damage|p2b: Hot Dog|5/100
|-heal|p1a: Volcarona|54/100|[from] drain|[of] p2b: Hot Dog
|move|p2b: Hot Dog|Flare Blitz|p1b: Rillaboom
|-supereffective|p1b: Rillaboom
|-damage|p1b: Rillaboom|0 fnt
|faint|p1b: Rillaboom
|-damage|p2b: Hot Dog|0 fnt|[from] Recoil
|faint|p2b: Hot Dog
|
|upkeep
|
|t:|1757157231
|switch|p2b: Stew|Sneasler, L50, M|100/100
|switch|p1b: Dragapult|Dragapult, L50, M|100/100
|-enditem|p2b: Stew|Psychic Seed
|-boost|p2b: Stew|spd|1|[from] item: Psychic Seed
|turn|3
|
|t:|1757157251
|switch|p1b: Incineroar|Incineroar, L50, M, shiny|100/100
|-ability|p1b: Incineroar|Intimidate|boost
|-unboost|p2a: Caramel|atk|1
|-unboost|p2b: Stew|atk|1
|switch|p2a: Sauerkraut|Electabuzz, L50, M|100/100
|-terastallize|p2b: Stew|Dark
|move|p2b: Stew|Throat Chop|p1b: Incineroar
|-resisted|p1b: Incineroar
|-damage|p1b: Incineroar|89/100
|-start|p1b: Incineroar|Throat Chop|[silent]
|move|p1a: Volcarona|Giga Drain|p2a: Sauerkraut
|-damage|p2a: Sauerkraut|60/100
|-heal|p1a: Volcarona|72/100|[from] drain|[of] p2a: Sauerkraut
|
|upkeep
|turn|4
|
|t:|1757157273
|switch|p1b: Dragapult|Dragapult, L50, M|100/100
|move|p2b: Stew|Dire Claw|p1a: Volcarona
|-supereffective|p1a: Volcarona
|-damage|p1a: Volcarona|31/100
|move|p1a: Volcarona|Giga Drain|p2a: Sauerkraut
|-damage|p2a: Sauerkraut|22/100
|-heal|p1a: Volcarona|48/100|[from] drain|[of] p2a: Sauerkraut
|move|p2a: Sauerkraut|Electroweb|p1b: Dragapult|[spread] p1a,p1b
|-resisted|p1a: Volcarona
|-resisted|p1b: Dragapult
|-damage|p1a: Volcarona|44/100
|-damage|p1b: Dragapult|91/100
|-unboost|p1a: Volcarona|spe|1
|
|-end|p1a: Volcarona|move: Taunt
|upkeep
|turn|5
|
|t:|1757157297
|switch|p2a: Caramel|Indeedee, L50, M|100/100
|move|p2b: Stew|Protect|p2b: Stew
|-singleturn|p2b: Stew|Protect
|move|p1a: Volcarona|Protect|p1a: Volcarona
|-singleturn|p1a: Volcarona|Protect
|move|p1b: Dragapult|U-turn|p2b: Stew
|-activate|p2b: Stew|move: Protect
|
|upkeep
|turn|6
|
|t:|1757157312
|switch|p1b: Incineroar|Incineroar, L50, M, shiny|89/100
|-ability|p1b: Incineroar|Intimidate|boost
|-unboost|p2a: Caramel|atk|1
|-unboost|p2b: Stew|atk|1
|move|p2b: Stew|Throat Chop|p1b: Incineroar
|-resisted|p1b: Incineroar
|-damage|p1b: Incineroar|80/100
|-start|p1b: Incineroar|Throat Chop|[silent]
|move|p2a: Caramel|Expanding Force|p1b: Incineroar|[spread] p1a
|-immune|p1b: Incineroar
|-damage|p1a: Volcarona|15/100
|move|p1a: Volcarona|Giga Drain|p2a: Caramel
|-damage|p2a: Caramel|20/100
|-heal|p1a: Volcarona|43/100|[from] drain|[of] p2a: Caramel
|
|-fieldend|move: Psychic Terrain
|upkeep
|turn|7
|
|t:|1757157336
|switch|p1b: Dragapult|Dragapult, L50, M|91/100
|move|p1a: Volcarona|Protect|p1a: Volcarona
|-singleturn|p1a: Volcarona|Protect
|move|p2b: Stew|Dire Claw|p1a: Volcarona
|-activate|p1a: Volcarona|move: Protect
|move|p2a: Caramel|Expanding Force|p1a: Volcarona
|-activate|p1a: Volcarona|move: Protect
|
|upkeep
|turn|8
|
|t:|1757157350
|switch|p2b: Sauerkraut|Electabuzz, L50, M|22/100
|move|p1b: Dragapult|Dragon Darts|p2a: Caramel
|-damage|p2a: Caramel|0 fnt
|-anim|p1b: Dragapult|Dragon Darts|p2b: Sauerkraut
|-damage|p2b: Sauerkraut|0 fnt
|faint|p2a: Caramel
|faint|p2b: Sauerkraut
|move|p1a: Volcarona|Giga Drain|p2: Caramel|[notarget]
|-fail|p1a: Volcarona
|
|upkeep
|
|t:|1757157356
|switch|p2a: Stew|Sneasler, L50, M, tera:Dark|100/100
|turn|9
|
|t:|1757157364
|move|p1b: Dragapult|Dragon Darts|p2a: Stew
|-damage|p2a: Stew|47/100
|-anim|p1b: Dragapult|Dragon Darts|p2a: Stew
|-damage|p2a: Stew|0 fnt
|faint|p2a: Stew
|
|win|Typ.Null07
|c|☆Typ.Null07|ggwp
|c|☆Mortipherus|ggs
