|j|☆CharlesDriven
|j|☆JakAttack101
|html|CharlesDrivenJakAttack101    
|uhtml|bestof|Game 1 of a best-of-3
|t:|1756500026
|gametype|doubles
|player|p1|CharlesDriven|palmer|1026
|player|p2|JakAttack101|blaine|1058
|gen|9
|tier|[Gen 9] VGC 2025 Reg H (Bo3)
|rated|
|rule|Species Clause: Limit one of each Pokémon
|rule|Item Clause: Limit 1 of each item
|clearpoke
|poke|p1|Charizard, L50, F|
|poke|p1|Torkoal, L50, F|
|poke|p1|Porygon2, L50|
|poke|p1|Incineroar, L50, M|
|poke|p1|Jumpluff, L50, F|
|poke|p1|Ursaluna, L50, M|
|poke|p2|Annihilape, L50, M|
|poke|p2|Ninetales-Alola, L50, M|
|poke|p2|Garchomp, L50, F|
|poke|p2|Dragonite, L50, M|
|poke|p2|Sneasler, L50, M|
|poke|p2|Incineroar, L50, F|
|teampreview|4
|showteam|p1|Charizard||ChoiceSpecs|SolarPower|HeatWave,Overheat,WeatherBall,AirSlash|||F|||50|,,,,,Ghost]Torkoal||EjectPack|Drought|Eruption,Overheat,HelpingHand,Protect|||F|||50|,,,,,Fire]Porygon2||Eviolite|Download|TeraBlast,IceBeam,Recover,TrickRoom||||||50|,,,,,Fighting]Incineroar||SitrusBerry|Intimidate|FlareBlitz,KnockOff,FakeOut,PartingShot|||M|||50|,,,,,Ghost]Jumpluff||CovertCloak|Chlorophyll|SleepPowder,SunnyDay,RagePowder,Tailwind|||F|||50|,,,,,Water]Ursaluna||FlameOrb|Guts|HeadlongRush,Facade,Earthquake,Protect|||M|||50|,,,,,Ghost
|showteam|p2|Annihilape||AssaultVest|Defiant|RageFist,DrainPunch,RockTomb,FinalGambit|||M|||50|,,,,,Fire]Ninetales-Alola||ChoiceSpecs|SnowWarning|Blizzard,Moonblast,FreezeDry,IcyWind|||M|||50|,,,,,Ghost]Garchomp||LifeOrb|RoughSkin|Earthquake,StompingTantrum,DragonClaw,Protect|||F|||50|,,,,,Steel]Dragonite||LoadedDice|Multiscale|ScaleShot,Tailwind,Protect,Haze|||M|||50|,,,,,Fairy]Sneasler||FocusSash|Unburden|CloseCombat,DireClaw,FakeOut,Coaching|||M|||50|,,,,,Ghost]Incineroar||SafetyGoggles|Intimidate|KnockOff,Taunt,FakeOut,PartingShot|||F|||50|,,,,,Fairy
|
|t:|1756500059
|teamsize|p1|4
|teamsize|p2|4
|start
|switch|p1a: Charizard|Charizard, L50, F|100/100
|switch|p1b: Porygon2|Porygon2, L50|100/100
|switch|p2a: Incineroar|Incineroar, L50, F, shiny|100/100
|switch|p2b: Dragonite|Dragonite, L50, M, shiny|100/100
|-ability|p2a: Incineroar|Intimidate|boost
|-unboost|p1a: Charizard|atk|1
|-unboost|p1b: Porygon2|atk|1
|-ability|p1b: Porygon2|Download|boost
|-boost|p1b: Porygon2|atk|1
|turn|1
|inactive|Battle timer is ON: inactive players will automatically lose when time's up. (requested by JakAttack101)
|
|t:|1756500077
|switch|p1a: Incineroar|Incineroar, L50, M|100/100
|-ability|p1a: Incineroar|Intimidate|boost
|-unboost|p2a: Incineroar|atk|1
|-unboost|p2b: Dragonite|atk|1
|move|p2b: Dragonite|Scale Shot|p1a: Incineroar
|-damage|p1a: Incineroar|92/100
|-crit|p1a: Incineroar
|-damage|p1a: Incineroar|69/100
|-damage|p1a: Incineroar|59/100
|-damage|p1a: Incineroar|48/100
|-enditem|p1a: Incineroar|Sitrus Berry|[eat]
|-heal|p1a: Incineroar|73/100|[from] item: Sitrus Berry
|-damage|p1a: Incineroar|64/100
|-hitcount|p1a: Incineroar|5
|-unboost|p2b: Dragonite|def|1
|-boost|p2b: Dragonite|spe|1
|move|p2a: Incineroar|Taunt|p1b: Porygon2
|-start|p1b: Porygon2|move: Taunt
|move|p1b: Porygon2|Ice Beam|p2b: Dragonite
|-supereffective|p2b: Dragonite
|-damage|p2b: Dragonite|35/100
|
|upkeep
|turn|2
|inactive|JakAttack101 has 30 seconds left.
|
|t:|1756500103
|move|p1a: Incineroar|Fake Out|p2b: Dragonite
|-damage|p2b: Dragonite|16/100
|cant|p2b: Dragonite|flinch
|move|p2a: Incineroar|Knock Off|p1b: Porygon2
|-crit|p1b: Porygon2
|-damage|p1b: Porygon2|59/100
|-enditem|p1b: Porygon2|Eviolite|[from] move: Knock Off|[of] p2a: Incineroar
|move|p1b: Porygon2|Ice Beam|p2b: Dragonite
|-supereffective|p2b: Dragonite
|-damage|p2b: Dragonite|0 fnt
|faint|p2b: Dragonite
|
|upkeep
|
|t:|1756500109
|switch|p2b: Annihilape|Annihilape, L50, M, shiny|100/100
|turn|3
|
|t:|1756500120
|switch|p1b: Jumpluff|Jumpluff, L50, F|100/100
|-terastallize|p2b: Annihilape|Fire
|move|p2b: Annihilape|Drain Punch|p1b: Jumpluff
|-resisted|p1b: Jumpluff
|-crit|p1b: Jumpluff
|-damage|p1b: Jumpluff|70/100
|move|p1a: Incineroar|Knock Off|p2b: Annihilape
|-damage|p2b: Annihilape|59/100
|-enditem|p2b: Annihilape|Assault Vest|[from] move: Knock Off|[of] p1a: Incineroar
|move|p2a: Incineroar|Knock Off|p1a: Incineroar
|-resisted|p1a: Incineroar
|-damage|p1a: Incineroar|56/100
|
|upkeep
|turn|4
|
|t:|1756500136
|move|p1b: Jumpluff|Sleep Powder|p2b: Annihilape
|-status|p2b: Annihilape|slp|[from] move: Sleep Powder
|cant|p2b: Annihilape|slp
|move|p1a: Incineroar|Parting Shot|p2a: Incineroar
|-unboost|p2a: Incineroar|atk|1
|-unboost|p2a: Incineroar|spa|1
|
|t:|1756500141
|switch|p1a: Charizard|Charizard, L50, F|100/100|[from] Parting Shot
|move|p2a: Incineroar|Knock Off|p1b: Jumpluff
|-damage|p1b: Jumpluff|44/100
|-enditem|p1b: Jumpluff|Covert Cloak|[from] move: Knock Off|[of] p2a: Incineroar
|
|upkeep
|turn|5
|
|t:|1756500160
|move|p1b: Jumpluff|Sunny Day|p1b: Jumpluff
|-weather|SunnyDay
|move|p1a: Charizard|Heat Wave|p2a: Incineroar|[spread] p2a,p2b
|-resisted|p2a: Incineroar
|-resisted|p2b: Annihilape
|-damage|p2a: Incineroar|56/100
|-damage|p2b: Annihilape|6/100 slp
|cant|p2b: Annihilape|slp
|move|p2a: Incineroar|Knock Off|p1a: Charizard
|-damage|p1a: Charizard|74/100
|-enditem|p1a: Charizard|Choice Specs|[from] move: Knock Off|[of] p2a: Incineroar
|
|-weather|SunnyDay|[upkeep]
|-damage|p1a: Charizard|62/100|[from] ability: Solar Power|[of] p1a: Charizard
|upkeep
|turn|6
|
|t:|1756500180
|move|p1b: Jumpluff|Tailwind|p1b: Jumpluff
|-sidestart|p1: CharlesDriven|move: Tailwind
|move|p1a: Charizard|Heat Wave|p2b: Annihilape|[spread] p2a,p2b
|-resisted|p2a: Incineroar
|-resisted|p2b: Annihilape
|-damage|p2a: Incineroar|28/100
|-damage|p2b: Annihilape|0 fnt
|faint|p2b: Annihilape
|move|p2a: Incineroar|Knock Off|p1b: Jumpluff
|-damage|p1b: Jumpluff|28/100
|
|-weather|SunnyDay|[upkeep]
|-damage|p1a: Charizard|50/100|[from] ability: Solar Power|[of] p1a: Charizard
|upkeep
|-message|JakAttack101 forfeited.
|
|win|CharlesDriven
||CharlesDriven is ready for game 2.
