|j|☆CamronVGC
|j|☆Gabeeel
|html|CamronVGCGabeeel    
|uhtml|bestof|Game 1 of a best-of-3
|t:|1783516985
|gametype|doubles
|player|p1|CamronVGC|koga|1218
|player|p2|Gabeeel|iris|1275
|gen|9
|tier|[Gen 9 Champions] VGC 2026 Reg M-B (Bo3)
|rated|
|rule|Species Clause: Limit one of each Pokémon
|rule|Item Clause: Limit 1 of each item
|clearpoke
|poke|p1|Floette-Eternal, L50, F|
|poke|p1|Aerodactyl, L50, M|
|poke|p1|Garchomp, L50, F|
|poke|p1|Incineroar, L50, F|
|poke|p1|Sinistcha-Masterpiece, L50|
|poke|p1|Maushold-Four, L50|
|poke|p2|Swampert, L50, M|
|poke|p2|Pelipper, L50, M|
|poke|p2|Archaludon, L50, M|
|poke|p2|Grimmsnarl, L50, M|
|poke|p2|Sinistcha, L50|
|poke|p2|Dragonite, L50, F|
|teampreview|4
|showteam|p1|Floette-Eternal||Floettite|FlowerVeil|Protect,DazzlingGleam,Moonblast,CalmMind|Bold||F|||50|]Aerodactyl||Aerodactylite|Unnerve|Protect,Tailwind,DualWingbeat,RockSlide|Jolly||M|||50|]Garchomp||SitrusBerry|RoughSkin|Protect,DragonClaw,StompingTantrum,RockSlide|Adamant||F|||50|]Incineroar||PasshoBerry|Intimidate|FlareBlitz,ThroatChop,PartingShot,FakeOut|Careful||F|||50|]Sinistcha-Masterpiece||KasibBerry|Hospitality|Protect,RagePowder,MatchaGotcha,LifeDew|Bold|||||50|]Maushold-Four||FocusSash|FriendGuard|Protect,FollowMe,SuperFang,Encore|Timid|||||50|
|showteam|p2|Swampert||Swampertite|Damp|WaveCrash,Earthquake,IcePunch,Protect|Adamant||M|||50|]Pelipper||FocusSash|Drizzle|Hurricane,WeatherBall,Tailwind,WideGuard|Modest||M|||50|]Archaludon||Leftovers|Stamina|ElectroShot,FlashCannon,DragonPulse,Protect|Modest||M|||50|]Grimmsnarl||LightClay|Prankster|FoulPlay,Reflect,LightScreen,PartingShot|Calm||M|||50|]Sinistcha||OccaBerry|Hospitality|MatchaGotcha,RagePowder,TrickRoom,Protect|Calm|||||50|]Dragonite||Dragoninite|Multiscale|Hurricane,Thunderbolt,IceBeam,Protect|Modest||F|||50|
|inactive|Battle timer is ON: inactive players will automatically lose when time's up. (requested by CamronVGC)
|inactive|Gabeeel has 60 seconds left.
|inactive|CamronVGC has 60 seconds left.
|inactive|Gabeeel has 30 seconds left.
|inactive|Gabeeel has 20 seconds left.
|inactive|Gabeeel has 15 seconds left.
|
|t:|1783517066
|teamsize|p1|4
|teamsize|p2|4
|start
|switch|p1a: Floette|Floette-Eternal, L50, F|100/100
|switch|p1b: Maushold|Maushold-Four, L50|100/100
|switch|p2a: Pelipper|Pelipper, L50, M|100/100
|switch|p2b: Archaludon|Archaludon, L50, M|100/100
|-weather|RainDance|[from] ability: Drizzle|[of] p2a: Pelipper
|turn|1
|inactive|CamronVGC has 30 seconds left.
|inactive|Gabeeel has 30 seconds left.
|
|t:|1783517100
|detailschange|p1a: Floette|Floette-Mega, L50, F
|-mega|p1a: Floette|Floette|Floettite
|-ability|p1a: Floette|Fairy Aura
|move|p1b: Maushold|Super Fang|p2b: Archaludon
|-damage|p2b: Archaludon|50/100y
|-ability|p2b: Archaludon|Stamina|boost
|-boost|p2b: Archaludon|def|1
|move|p1a: Floette|Calm Mind|p1a: Floette
|-boost|p1a: Floette|spa|1
|-boost|p1a: Floette|spd|1
|move|p2b: Archaludon|Electro Shot||[still]
|-prepare|p2b: Archaludon|Electro Shot
|-boost|p2b: Archaludon|spa|1
|-anim|p2b: Archaludon|Electro Shot|p1a: Floette
|-damage|p1a: Floette|78/100
|move|p2a: Pelipper|Hurricane|p1b: Maushold
|-damage|p1b: Maushold|41/100
|
|-weather|RainDance|[upkeep]
|-heal|p2b: Archaludon|56/100|[from] item: Leftovers
|upkeep
|turn|2
|
|t:|1783517124
|move|p2b: Archaludon|Protect|p2b: Archaludon
|-singleturn|p2b: Archaludon|Protect
|move|p1b: Maushold|Super Fang|p2a: Pelipper
|-damage|p2a: Pelipper|50/100g
|move|p1a: Floette|Moonblast|p2b: Archaludon
|-activate|p2b: Archaludon|move: Protect
|move|p2a: Pelipper|Tailwind|p2a: Pelipper
|-sidestart|p2: Gabeeel|move: Tailwind
|
|-weather|RainDance|[upkeep]
|-heal|p2b: Archaludon|62/100|[from] item: Leftovers
|upkeep
|turn|3
|
|t:|1783517142
|move|p1b: Maushold|Follow Me|p1b: Maushold
|-singleturn|p1b: Maushold|move: Follow Me
|move|p2b: Archaludon|Flash Cannon|p1b: Maushold
|-damage|p1b: Maushold|0 fnt
|faint|p1b: Maushold
|move|p2a: Pelipper|Weather Ball|p1a: Floette
|-damage|p1a: Floette|40/100
|move|p1a: Floette|Moonblast|p2b: Archaludon
|-damage|p2b: Archaludon|0 fnt
|faint|p2b: Archaludon
|
|-weather|RainDance|[upkeep]
|upkeep
|
|t:|1783517155
|switch|p1b: Incineroar|Incineroar, L50, F|100/100
|switch|p2b: Swampert|Swampert, L50, M|100/100
|-ability|p1b: Incineroar|Intimidate|boost
|-unboost|p2a: Pelipper|atk|1
|-unboost|p2b: Swampert|atk|1
|turn|4
|
|t:|1783517170
|switch|p2a: Grimmsnarl|Grimmsnarl, L50, M|100/100
|detailschange|p2b: Swampert|Swampert-Mega, L50, M
|-mega|p2b: Swampert|Swampert|Swampertite
|move|p2b: Swampert|Protect|p2b: Swampert
|-singleturn|p2b: Swampert|Protect
|move|p1b: Incineroar|Fake Out|p2b: Swampert
|-activate|p2b: Swampert|move: Protect
|move|p1a: Floette|Moonblast|p2a: Grimmsnarl
|-supereffective|p2a: Grimmsnarl|1
|-damage|p2a: Grimmsnarl|0 fnt
|faint|p2a: Grimmsnarl
|
|-weather|RainDance|[upkeep]
|upkeep
|
|t:|1783517172
|switch|p2a: Pelipper|Pelipper, L50, M|50/100g
|turn|5
|
|t:|1783517194
|switch|p1b: Sinistcha|Sinistcha-Masterpiece, L50|100/100
|-heal|p1a: Floette|64/100|[from] ability: Hospitality|[of] p1b: Sinistcha
|move|p1a: Floette|Protect|p1a: Floette
|-singleturn|p1a: Floette|Protect
|move|p2b: Swampert|Earthquake|p1a: Floette|[spread] p1b
|-activate|p1a: Floette|move: Protect
|-immune|p2a: Pelipper
|-resisted|p1b: Sinistcha|1
|-damage|p1b: Sinistcha|86/100
|move|p2a: Pelipper|Hurricane|p1b: Sinistcha
|-supereffective|p1b: Sinistcha|1
|-damage|p1b: Sinistcha|0 fnt
|faint|p1b: Sinistcha
|
|-weather|none
|-sideend|p2: Gabeeel|move: Tailwind
|upkeep
|
|t:|1783517207
|switch|p1b: Incineroar|Incineroar, L50, F|100/100
|-ability|p1b: Incineroar|Intimidate|boost
|-unboost|p2a: Pelipper|atk|1
|-unboost|p2b: Swampert|atk|1
|turn|6
|
|t:|1783517215
|move|p2b: Swampert|Protect|p2b: Swampert
|-singleturn|p2b: Swampert|Protect
|move|p2a: Pelipper|Wide Guard|p2a: Pelipper
|-singleturn|p2a: Pelipper|Wide Guard
|move|p1b: Incineroar|Fake Out|p2b: Swampert
|-activate|p2b: Swampert|move: Protect
|move|p1a: Floette|Moonblast|p2a: Pelipper
|-damage|p2a: Pelipper|0 fnt
|faint|p2a: Pelipper
|
|upkeep
|turn|7
|
|t:|1783517234
|move|p1a: Floette|Protect|p1a: Floette
|-singleturn|p1a: Floette|Protect
|move|p2b: Swampert|Wave Crash|p1a: Floette
|-activate|p1a: Floette|move: Protect
|move|p1b: Incineroar|Throat Chop|p2b: Swampert
|-damage|p2b: Swampert|70/100
|-start|p2b: Swampert|Throat Chop|[silent]
|
|upkeep
|turn|8
|
|t:|1783517244
|move|p1a: Floette|Moonblast|p2b: Swampert
|-damage|p2b: Swampert|0 fnt
|faint|p2b: Swampert
|
|win|CamronVGC
||CamronVGC is ready for game 2.
||Gabeeel is ready for game 2.
|uhtml|next|Next: Game 2 of 3
|l|☆Gabeeel
|player|p2|
