|j|☆kheld
|j|☆darthmorton
|html|khelddarthmorton    
|uhtml|bestof|Game 2 of a best-of-3
|t:|1784228174
|gametype|doubles
|player|p1|kheld|170|1327
|player|p2|darthmorton|dragontamer|1373
|gen|9
|tier|[Gen 9 Champions] VGC 2026 Reg M-B (Bo3)
|rated|
|rule|Species Clause: Limit one of each Pokémon
|rule|Item Clause: Limit 1 of each item
|clearpoke
|poke|p1|Gardevoir, L50, M, shiny|
|poke|p1|Basculegion, L50, M|
|poke|p1|Talonflame, L50, F|
|poke|p1|Kingambit, L50, F|
|poke|p1|Kommo-o, L50, M|
|poke|p1|Maushold, L50|
|poke|p2|Metagross, L50|
|poke|p2|Hydreigon, L50, M|
|poke|p2|Sneasler, L50, F|
|poke|p2|Sinistcha, L50|
|poke|p2|Tyranitar, L50, F|
|poke|p2|Excadrill, L50, F|
|teampreview|4
|showteam|p1|Gardevoir||Gardevoirite|Trace|HyperVoice,Psychic,Thunderbolt,Protect|Modest||M|||50|]Basculegion||ChoiceScarf|Adaptability|WaveCrash,LastRespects,FlipTurn,AquaJet|Jolly||M|||50|]Talonflame||SharpBeak|GaleWings|DualWingbeat,FlareBlitz,Tailwind,Protect|Jolly||F|||50|]Kingambit||ExpertBelt|Defiant|KowtowCleave,SuckerPunch,IronHead,LowKick|Jolly||F|||50|]Kommo-o||LifeOrb|Soundproof|ClangingScales,DracoMeteor,AuraSphere,Protect|Modest||M|||50|]Maushold||FocusSash|FriendGuard|SuperFang,Feint,FollowMe,Protect|Jolly|||||50|
|showteam|p2|Metagross||Metagrossite|ClearBody|Protect,IronHead,PsychicFangs,BodyPress|Jolly|||||50|]Hydreigon||ChoiceScarf|Levitate|DracoMeteor,DarkPulse,EarthPower,Snarl|Timid||M|||50|]Sneasler||WhiteHerb|Unburden|CloseCombat,DireClaw,FakeOut,Coaching|Jolly||F|||50|]Sinistcha||ColburBerry|Hospitality|Protect,MatchaGotcha,RagePowder,TrickRoom|Bold|||||50|]Tyranitar||Tyranitarite|SandStream|RockSlide,KnockOff,DragonDance,Protect|Jolly||F|||50|]Excadrill||FocusSash|SandRush|IronHead,HighHorsepower,RockSlide,Protect|Adamant||F|||50|
|inactive|Battle timer is ON: inactive players will automatically lose when time's up. (requested by darthmorton)
|inactive|kheld has 60 seconds left.
|inactive|kheld has 30 seconds left.
|inactive|kheld has 20 seconds left.
|inactive|kheld has 15 seconds left.
|
|t:|1784228254
|teamsize|p1|4
|teamsize|p2|4
|start
|switch|p1a: Basculegion|Basculegion, L50, M|100/100
|switch|p1b: Talonflame|Talonflame, L50, F|100/100
|switch|p2a: Hydreigon|Hydreigon, L50, M|100/100
|switch|p2b: Tyranitar|Tyranitar, L50, F|100/100
|-weather|Sandstorm|[from] ability: Sand Stream|[of] p2b: Tyranitar
|turn|1
|inactive|darthmorton has 30 seconds left.
|inactive|darthmorton has 20 seconds left.
|inactive|darthmorton has 15 seconds left.
|inactive|darthmorton has 10 seconds left.
|inactive|darthmorton has 5 seconds left.
|
|t:|1784228304
|switch|p2b: Sinistcha|Sinistcha, L50|100/100
|move|p1b: Talonflame|Tailwind|p1b: Talonflame
|-sidestart|p1: kheld|move: Tailwind
|move|p1a: Basculegion|Wave Crash|p2b: Sinistcha
|-resisted|p2b: Sinistcha|1
|-damage|p2b: Sinistcha|73/100
|-damage|p1a: Basculegion|91/100|[from] Recoil
|move|p2a: Hydreigon|Draco Meteor|p1b: Talonflame
|-crit|p1b: Talonflame
|-damage|p1b: Talonflame|0 fnt
|-unboost|p2a: Hydreigon|spa|2
|faint|p1b: Talonflame
|
|-weather|Sandstorm|[upkeep]
|-damage|p1a: Basculegion|85/100|[from] Sandstorm
|-damage|p2a: Hydreigon|93/100|[from] Sandstorm
|-damage|p2b: Sinistcha|66/100|[from] Sandstorm
|upkeep
|
|t:|1784228315
|switch|p1b: Kommo-o|Kommo-o, L50, M|100/100
|turn|2
|inactive|darthmorton has 30 seconds left.
|
|t:|1784228345
|move|p2b: Sinistcha|Protect|p2b: Sinistcha
|-singleturn|p2b: Sinistcha|Protect
|move|p1a: Basculegion|Wave Crash|p2b: Sinistcha
|-activate|p2b: Sinistcha|move: Protect
|move|p1b: Kommo-o|Clanging Scales|p2b: Sinistcha|[spread] p2a
|-activate|p2b: Sinistcha|move: Protect
|-supereffective|p2a: Hydreigon|1
|-damage|p2a: Hydreigon|0 fnt
|faint|p2a: Hydreigon
|-unboost|p1b: Kommo-o|def|1
|-damage|p1b: Kommo-o|90/100|[from] item: Life Orb
|
|-weather|Sandstorm|[upkeep]
|-damage|p1a: Basculegion|79/100|[from] Sandstorm
|-damage|p1b: Kommo-o|84/100|[from] Sandstorm
|-damage|p2b: Sinistcha|60/100|[from] Sandstorm
|upkeep
|
|t:|1784228366
|switch|p2a: Tyranitar|Tyranitar, L50, F|100/100
|turn|3
|inactive|darthmorton has 30 seconds left.
|
|t:|1784228394
|move|p2b: Sinistcha|Rage Powder|p2b: Sinistcha
|-singleturn|p2b: Sinistcha|move: Rage Powder
|move|p1a: Basculegion|Wave Crash|p2b: Sinistcha
|-resisted|p2b: Sinistcha|1
|-damage|p2b: Sinistcha|35/100
|-damage|p1a: Basculegion|71/100|[from] Recoil
|move|p1b: Kommo-o|Clanging Scales|p2a: Tyranitar|[spread] p2a,p2b
|-damage|p2a: Tyranitar|68/100
|-damage|p2b: Sinistcha|0 fnt
|faint|p2b: Sinistcha
|-unboost|p1b: Kommo-o|def|1
|-damage|p1b: Kommo-o|74/100|[from] item: Life Orb
|move|p2a: Tyranitar|Dragon Dance|p2a: Tyranitar
|-boost|p2a: Tyranitar|atk|1
|-boost|p2a: Tyranitar|spe|1
|
|-weather|Sandstorm|[upkeep]
|-damage|p1a: Basculegion|65/100|[from] Sandstorm
|-damage|p1b: Kommo-o|69/100|[from] Sandstorm
|upkeep
|
|t:|1784228402
|switch|p2b: Excadrill|Excadrill, L50, F|100/100
|turn|4
|inactive|kheld has 30 seconds left.
|
|t:|1784228432
|switch|p1a: Kingambit|Kingambit, L50, F|100/100
|move|p2b: Excadrill|Protect|p2b: Excadrill
|-singleturn|p2b: Excadrill|Protect
|move|p2a: Tyranitar|Protect|p2a: Tyranitar
|-singleturn|p2a: Tyranitar|Protect
|move|p1b: Kommo-o|Aura Sphere|p2b: Excadrill
|-activate|p2b: Excadrill|move: Protect
|
|-weather|Sandstorm|[upkeep]
|-damage|p1b: Kommo-o|63/100|[from] Sandstorm
|-sideend|p1: kheld|move: Tailwind
|upkeep
|turn|5
|
|t:|1784228447
|move|p1b: Kommo-o|Protect|p1b: Kommo-o
|-singleturn|p1b: Kommo-o|Protect
|move|p1a: Kingambit|Sucker Punch|p2b: Excadrill
|-damage|p2b: Excadrill|45/100
|move|p2b: Excadrill|High Horsepower|p1a: Kingambit
|-supereffective|p1a: Kingambit|1
|-damage|p1a: Kingambit|9/100
|move|p2a: Tyranitar|Knock Off|p1b: Kommo-o
|-activate|p1b: Kommo-o|move: Protect
|
|-weather|none
|upkeep
|turn|6
|inactive|darthmorton has 30 seconds left.
|
|t:|1784228474
|detailschange|p2a: Tyranitar|Tyranitar-Mega, L50, F
|-mega|p2a: Tyranitar|Tyranitar|Tyranitarite
|-weather|Sandstorm|[from] ability: Sand Stream|[of] p2a: Tyranitar
|move|p2b: Excadrill|Protect|p2b: Excadrill
|-singleturn|p2b: Excadrill|Protect
|move|p1a: Kingambit|Sucker Punch||[still]
|-fail|p1a: Kingambit
|move|p2a: Tyranitar|Knock Off|p1b: Kommo-o
|-resisted|p1b: Kommo-o|1
|-damage|p1b: Kommo-o|0 fnt
|-enditem|p1b: Kommo-o|Life Orb|[from] move: Knock Off|[of] p2a: Tyranitar
|faint|p1b: Kommo-o
|
|-weather|Sandstorm|[upkeep]
|upkeep
|
|t:|1784228486
|switch|p1b: Basculegion|Basculegion, L50, M|65/100
|turn|7
|
|t:|1784228509
|move|p2b: Excadrill|Protect|p2b: Excadrill
|-singleturn|p2b: Excadrill|Protect
|move|p2a: Tyranitar|Protect|p2a: Tyranitar
|-singleturn|p2a: Tyranitar|Protect
|move|p1b: Basculegion|Aqua Jet|p2b: Excadrill
|-activate|p2b: Excadrill|move: Protect
|move|p1a: Kingambit|Low Kick|p2a: Tyranitar
|-activate|p2a: Tyranitar|move: Protect
|
|-weather|Sandstorm|[upkeep]
|-damage|p1b: Basculegion|59/100|[from] Sandstorm
|upkeep
|turn|8
|inactive|kheld has 30 seconds left.
|
|t:|1784228541
|move|p1b: Basculegion|Aqua Jet|p2a: Tyranitar
|-supereffective|p2a: Tyranitar|1
|-damage|p2a: Tyranitar|34/100
|move|p1a: Kingambit|Sucker Punch|p2b: Excadrill
|-damage|p2b: Excadrill|0 fnt
|faint|p2b: Excadrill
|move|p2a: Tyranitar|Rock Slide|p1b: Basculegion|[spread] p1a
|-miss|p2a: Tyranitar|p1b: Basculegion
|-resisted|p1a: Kingambit|1
|-damage|p1a: Kingambit|0 fnt
|faint|p1a: Kingambit
|
|-weather|Sandstorm|[upkeep]
|-damage|p1b: Basculegion|53/100|[from] Sandstorm
|upkeep
|turn|9
|
|t:|1784228556
|move|p1b: Basculegion|Aqua Jet|p2a: Tyranitar
|-supereffective|p2a: Tyranitar|1
|-damage|p2a: Tyranitar|0 fnt
|faint|p2a: Tyranitar
|
|win|kheld
