|j|☆Jakobtc
|j|☆bosspark1737376
|html|Jakobtcbosspark1737376    
|uhtml|bestof|Game 1 of a best-of-3
|t:|1756690371
|gametype|doubles
|player|p1|Jakobtc|riley|1171
|player|p2|bosspark1737376|swimmerf|1000
|gen|9
|tier|[Gen 9] VGC 2025 Reg H (Bo3)
|rated|
|rule|Species Clause: Limit one of each Pokémon
|rule|Item Clause: Limit 1 of each item
|clearpoke
|poke|p1|Gholdengo, L50|
|poke|p1|Incineroar, L50, F|
|poke|p1|Ursaluna, L50, F|
|poke|p1|Porygon2, L50|
|poke|p1|Kilowattrel, L50, F|
|poke|p1|Sneasler, L50, M|
|poke|p2|Baxcalibur, L50, M|
|poke|p2|Amoonguss, L50, F|
|poke|p2|Incineroar, L50, F|
|poke|p2|Pelipper, L50, M|
|poke|p2|Basculegion, L50, M|
|poke|p2|Farigiraf, L50, M|
|teampreview|4
|showteam|p1|Gholdengo||LifeOrb|GoodasGold|MakeItRain,ShadowBall,NastyPlot,Protect||||||50|,,,,,Dragon]Incineroar||SafetyGoggles|Intimidate|FakeOut,FlareBlitz,KnockOff,PartingShot|||F|||50|,,,,,Bug]Ursaluna||FlameOrb|Guts|Facade,HeadlongRush,Earthquake,Protect|||F|||50|,,,,,Ghost]Porygon2||Eviolite|Download|TeraBlast,IceBeam,Recover,TrickRoom||||||50|,,,,,Flying]Kilowattrel||FocusSash|Competitive|AirSlash,Thunderbolt,Tailwind,Protect|||F|||50|,,,,,Ghost]Sneasler||WhiteHerb|Unburden|DireClaw,CloseCombat,Taunt,Protect|||M|||50|,,,,,Stellar
|showteam|p2|Baxcalibur||LoadedDice|ThermalExchange|ScaleShot,IceShard,IcicleSpear,Protect|||M|||50|,,,,,Poison]Amoonguss||RockyHelmet|Regenerator|Spore,RagePowder,PollenPuff,SludgeBomb|||F|||50|,,,,,Water]Incineroar||SafetyGoggles|Intimidate|KnockOff,FlareBlitz,PartingShot,FakeOut|||F|||50|,,,,,Grass]Pelipper||FocusSash|Drizzle|Hurricane,WeatherBall,Tailwind,Protect|||M|||50|,,,,,Stellar]Basculegion||LifeOrb|SwiftSwim|LastRespects,WaveCrash,AquaJet,Protect|||M|||50|,,,,,Ghost]Farigiraf||ThroatSpray|ArmorTail|HyperVoice,Psychic,TrickRoom,Protect|||M|||50|,,,,,Fairy
|inactive|Battle timer is ON: inactive players will automatically lose when time's up. (requested by bosspark1737376)
|c|☆Jakobtc|glhf
|inactive|Jakobtc has 60 seconds left.
|inactive|bosspark1737376 has 60 seconds left.
|
|t:|1756690412
|teamsize|p1|4
|teamsize|p2|4
|start
|switch|p1a: Gholdengo|Gholdengo, L50|100/100
|switch|p1b: Incineroar|Incineroar, L50, F|100/100
|switch|p2a: caliber|Baxcalibur, L50, M|100/100
|switch|p2b: Pelipper|Pelipper, L50, M|100/100
|-weather|RainDance|[from] ability: Drizzle|[of] p2b: Pelipper
|-ability|p1b: Incineroar|Intimidate|boost
|-unboost|p2a: caliber|atk|1
|-unboost|p2b: Pelipper|atk|1
|turn|1
|
|t:|1756690431
|switch|p2a: Venter|Amoonguss, L50, F|100/100
|move|p2b: Pelipper|Protect|p2b: Pelipper
|-singleturn|p2b: Pelipper|Protect
|move|p1b: Incineroar|Fake Out|p2b: Pelipper
|-activate|p2b: Pelipper|move: Protect
|move|p1a: Gholdengo|Nasty Plot|p1a: Gholdengo
|-boost|p1a: Gholdengo|spa|2
|
|-weather|RainDance|[upkeep]
|upkeep
|turn|2
|inactive|Jakobtc has 30 seconds left.
|
|t:|1756690458
|move|p1a: Gholdengo|Protect|p1a: Gholdengo
|-singleturn|p1a: Gholdengo|Protect
|move|p2b: Pelipper|Weather Ball|p1a: Gholdengo
|-activate|p1a: Gholdengo|move: Protect
|move|p1b: Incineroar|Parting Shot|p2b: Pelipper
|-unboost|p2b: Pelipper|atk|1
|-unboost|p2b: Pelipper|spa|1
|
|t:|1756690466
|switch|p1b: Ursaluna|Ursaluna, L50, F|100/100|[from] Parting Shot
|move|p2a: Venter|Sludge Bomb|p1b: Ursaluna
|-resisted|p1b: Ursaluna
|-damage|p1b: Ursaluna|89/100
|-status|p1b: Ursaluna|psn
|
|-weather|RainDance|[upkeep]
|-damage|p1b: Ursaluna|76/100 psn|[from] psn
|upkeep
|turn|3
|inactive|Jakobtc has 30 seconds left.
|inactive|bosspark1737376 has 30 seconds left.
|
|t:|1756690493
|-terastallize|p1b: Ursaluna|Ghost
|move|p2a: Venter|Rage Powder|p2a: Venter
|-singleturn|p2a: Venter|move: Rage Powder
|move|p1a: Gholdengo|Make It Rain|p2b: Pelipper|[spread] p2a,p2b
|-resisted|p2b: Pelipper
|-damage|p2a: Venter|0 fnt
|-enditem|p2b: Pelipper|Focus Sash
|-damage|p2b: Pelipper|1/100
|-unboost|p1a: Gholdengo|spa|1
|faint|p2a: Venter
|-damage|p1a: Gholdengo|91/100|[from] item: Life Orb
|move|p2b: Pelipper|Tailwind|p2b: Pelipper
|-sidestart|p2: bosspark1737376|move: Tailwind
|move|p1b: Ursaluna|Facade|p2b: Pelipper
|-damage|p2b: Pelipper|0 fnt
|faint|p2b: Pelipper
|
|-weather|RainDance|[upkeep]
|-damage|p1b: Ursaluna|64/100 psn|[from] psn
|upkeep
|
|t:|1756690511
|switch|p2b: caliber|Baxcalibur, L50, M|100/100
|switch|p2a: Basculegion|Basculegion, L50, M|100/100
|turn|4
|
|t:|1756690524
|-terastallize|p2a: Basculegion|Ghost
|move|p1a: Gholdengo|Protect|p1a: Gholdengo
|-singleturn|p1a: Gholdengo|Protect
|move|p2a: Basculegion|Last Respects|p1a: Gholdengo
|-activate|p1a: Gholdengo|move: Protect
|move|p2b: caliber|Scale Shot|p1b: Ursaluna
|-damage|p1b: Ursaluna|52/100 psn
|-damage|p1b: Ursaluna|41/100 psn
|-damage|p1b: Ursaluna|30/100 psn
|-damage|p1b: Ursaluna|19/100 psn
|-hitcount|p1b: Ursaluna|4
|-unboost|p2b: caliber|def|1
|-boost|p2b: caliber|spe|1
|move|p1b: Ursaluna|Headlong Rush|p2a: Basculegion
|-damage|p2a: Basculegion|4/100
|-unboost|p1b: Ursaluna|def|1
|-unboost|p1b: Ursaluna|spd|1
|
|-weather|RainDance|[upkeep]
|-damage|p1b: Ursaluna|7/100 psn|[from] psn
|upkeep
|turn|5
|inactive|Jakobtc has 30 seconds left.
|inactive|bosspark1737376 has 30 seconds left.
|
|t:|1756690558
|switch|p1a: Incineroar|Incineroar, L50, F|100/100
|-ability|p1a: Incineroar|Intimidate|boost
|-unboost|p2a: Basculegion|atk|1
|-unboost|p2b: caliber|atk|1
|move|p2a: Basculegion|Last Respects|p1a: Incineroar
|-resisted|p1a: Incineroar
|-damage|p1a: Incineroar|55/100
|-damage|p2a: Basculegion|0 fnt|[from] item: Life Orb
|faint|p2a: Basculegion
|move|p2b: caliber|Scale Shot|p1b: Ursaluna
|-damage|p1b: Ursaluna|0 fnt
|faint|p1b: Ursaluna
|-hitcount|p1: Ursaluna|1
|-unboost|p2b: caliber|def|1
|-boost|p2b: caliber|spe|1
|
|-weather|none
|upkeep
|
|t:|1756690573
|switch|p1b: Gholdengo|Gholdengo, L50|91/100
|turn|6
|
|t:|1756690578
|move|p1a: Incineroar|Fake Out|p2b: caliber
|-damage|p2b: caliber|80/100
|cant|p2b: caliber|flinch
|move|p1b: Gholdengo|Nasty Plot|p1b: Gholdengo
|-boost|p1b: Gholdengo|spa|2
|
|-sideend|p2: bosspark1737376|move: Tailwind
|upkeep
|turn|7
|
|t:|1756690587
|move|p2b: caliber|Icicle Spear|p1b: Gholdengo
|-resisted|p1b: Gholdengo
|-damage|p1b: Gholdengo|86/100
|-resisted|p1b: Gholdengo
|-crit|p1b: Gholdengo
|-damage|p1b: Gholdengo|74/100
|-resisted|p1b: Gholdengo
|-damage|p1b: Gholdengo|69/100
|-resisted|p1b: Gholdengo
|-damage|p1b: Gholdengo|64/100
|-resisted|p1b: Gholdengo
|-damage|p1b: Gholdengo|59/100
|-hitcount|p1b: Gholdengo|5
|move|p1b: Gholdengo|Make It Rain|p2b: caliber
|-supereffective|p2b: caliber
|-damage|p2b: caliber|0 fnt
|-unboost|p1b: Gholdengo|spa|1
|faint|p2b: caliber
|-damage|p1b: Gholdengo|49/100|[from] item: Life Orb
|
|win|Jakobtc
||bosspark1737376 is ready for game 2.
|inactive|Jakobtc has 30 seconds to confirm battle start!
