|j|☆Ruben1452
|j|☆Quiieissisisisis
|html|Ruben1452Quiieissisisisis    
|uhtml|bestof|Game 2 of a best-of-3
|t:|1757197994
|gametype|doubles
|player|p1|Ruben1452|hilbert-wonderlauncher|1198
|player|p2|Quiieissisisisis|red|1000
|gen|9
|tier|[Gen 9] VGC 2025 Reg H (Bo3)
|rated|
|rule|Species Clause: Limit one of each Pokémon
|rule|Item Clause: Limit 1 of each item
|clearpoke
|poke|p1|Archaludon, L50, M|
|poke|p1|Gholdengo, L50|
|poke|p1|Pelipper, L50, F|
|poke|p1|Ursaluna, L50, F|
|poke|p1|Sinistcha, L50|
|poke|p1|Dragonite, L50, M|
|poke|p2|Dondozo, L50, M|
|poke|p2|Tatsugiri-Droopy, L50, M|
|poke|p2|Azumarill, L50, M|
|poke|p2|Sneasler, L50, M|
|poke|p2|Kingambit, L50, M|
|poke|p2|Electabuzz, L50, M|
|teampreview|4
|showteam|p1|Archaludon||AssaultVest|Stamina|FlashCannon,ElectroShot,BodyPress,Snarl|||M|||50|,,,,,Fighting]Gholdengo||ChoiceScarf|GoodasGold|MakeItRain,ShadowBall,ThunderWave,Trick||||||50|,,,,,Flying]Pelipper||SafetyGoggles|Drizzle|WeatherBall,Hurricane,Tailwind,Protect|||F|||50|,,,,,Steel]Ursaluna||FlameOrb|Guts|Facade,HeadlongRush,Earthquake,Protect|||F|||50|,,,,,Dragon]Sinistcha||SitrusBerry|Hospitality|MatchaGotcha,LifeDew,RagePowder,TrickRoom||||||50|,,,,,Fire]Dragonite||LoadedDice|Multiscale|ScaleShot,Tailwind,Haze,Protect|||M|||50|,,,,,Fairy
|showteam|p2|Dondozo||LumBerry|Unaware|OrderUp,Fissure,Yawn,Rest|||M|||50|,,,,,Steel]Tatsugiri-Droopy||ChoiceScarf|Commander|DracoMeteor,HydroPump,IcyWind,MuddyWater|||M|||50|,,,,,Water]Azumarill||AssaultVest|HugePower|Liquidation,PlayRough,AquaJet,IceSpinner|||M|||50|,,,,,Water]Sneasler||FocusSash|Unburden|DireClaw,CloseCombat,FakeOut,Coaching|||M|||50|,,,,,Ghost]Kingambit||SafetyGoggles|Defiant|KowtowCleave,SuckerPunch,SwordsDance,Protect|||M|||50|,,,,,Dark]Electabuzz||Eviolite|VitalSpirit|VoltSwitch,Electroweb,FollowMe,Protect|||M|||50|,,,,,Electric
|inactive|Battle timer is ON: inactive players will automatically lose when time's up. (requested by Ruben1452)
|inactive|Ruben1452 has 60 seconds left.
|
|t:|1757198052
|teamsize|p1|4
|teamsize|p2|4
|start
|switch|p1a: Gholdengo|Gholdengo, L50|100/100
|switch|p1b: Sinistcha|Sinistcha, L50|100/100
|switch|p2a: Kingambit|Kingambit, L50, M|100/100
|switch|p2b: Electabuzz|Electabuzz, L50, M|100/100
|turn|1
|
|t:|1757198065
|move|p2b: Electabuzz|Follow Me|p2b: Electabuzz
|-singleturn|p2b: Electabuzz|move: Follow Me
|move|p1a: Gholdengo|Trick|p2b: Electabuzz
|-activate|p1a: Gholdengo|move: Trick|[of] p2b: Electabuzz
|-item|p2b: Electabuzz|Choice Scarf|[from] move: Trick
|-item|p1a: Gholdengo|Eviolite|[from] move: Trick
|move|p2a: Kingambit|Kowtow Cleave|p1b: Sinistcha
|-supereffective|p1b: Sinistcha
|-damage|p1b: Sinistcha|11/100
|-enditem|p1b: Sinistcha|Sitrus Berry|[eat]
|-heal|p1b: Sinistcha|36/100|[from] item: Sitrus Berry
|move|p1b: Sinistcha|Trick Room|p1b: Sinistcha
|-fieldstart|move: Trick Room|[of] p1b: Sinistcha
|
|upkeep
|turn|2
|
|t:|1757198088
|switch|p1b: Archaludon|Archaludon, L50, M|100/100
|switch|p1a: Ursaluna|Ursaluna, L50, F|100/100
|move|p2b: Electabuzz|Follow Me|p2b: Electabuzz
|-singleturn|p2b: Electabuzz|move: Follow Me
|move|p2a: Kingambit|Kowtow Cleave|p1b: Archaludon
|-damage|p1b: Archaludon|65/100
|-ability|p1b: Archaludon|Stamina|boost
|-boost|p1b: Archaludon|def|1
|
|-status|p1a: Ursaluna|brn|[from] item: Flame Orb
|upkeep
|turn|3
|
|t:|1757198109
|-terastallize|p2a: Kingambit|Dark
|-terastallize|p1b: Archaludon|Fighting
|move|p2b: Electabuzz|Follow Me|p2b: Electabuzz
|-singleturn|p2b: Electabuzz|move: Follow Me
|move|p2a: Kingambit|Kowtow Cleave|p1a: Ursaluna
|-damage|p1a: Ursaluna|44/100 brn
|move|p1a: Ursaluna|Earthquake|p2b: Electabuzz|[spread] p1b,p2a,p2b
|-supereffective|p2b: Electabuzz
|-damage|p1b: Archaludon|33/100
|-damage|p2a: Kingambit|49/100
|-damage|p2b: Electabuzz|0 fnt
|-ability|p1b: Archaludon|Stamina|boost
|-boost|p1b: Archaludon|def|1
|faint|p2b: Electabuzz
|move|p1b: Archaludon|Body Press|p2a: Kingambit
|-supereffective|p2a: Kingambit
|-damage|p2a: Kingambit|0 fnt
|faint|p2a: Kingambit
|
|-damage|p1a: Ursaluna|38/100 brn|[from] brn
|upkeep
|
|t:|1757198124
|switch|p2a: Dondozo|Dondozo, L50, M|100/100
|switch|p2b: Tatsugiri|Tatsugiri-Droopy, L50, M|100/100
|-activate|p2b: Tatsugiri|ability: Commander|[of] p2a: Dondozo
|-boost|p2a: Dondozo|atk|2
|-boost|p2a: Dondozo|spa|2
|-boost|p2a: Dondozo|spe|2
|-boost|p2a: Dondozo|def|2
|-boost|p2a: Dondozo|spd|2
|turn|4
|inactive|Ruben1452 has 30 seconds left.
|inactive|Ruben1452 has 20 seconds left.
|inactive|Ruben1452 has 15 seconds left.
|inactive|Ruben1452 has 10 seconds left.
|inactive|Ruben1452 has 5 seconds left.
|
|t:|1757198174
|switch|p1a: Sinistcha|Sinistcha, L50|36/100
|-heal|p1b: Archaludon|58/100|[from] ability: Hospitality|[of] p1a: Sinistcha
|move|p2a: Dondozo|Order Up|p1a: Sinistcha
|-damage|p1a: Sinistcha|4/100
|-boost|p2a: Dondozo|def|1
|move|p1b: Archaludon|Electro Shot||[still]
|-prepare|p1b: Archaludon|Electro Shot
|-boost|p1b: Archaludon|spa|1
|
|upkeep
|turn|5
|
|t:|1757198189
|move|p1a: Sinistcha|Life Dew|p1a: Sinistcha|[spread] p1a,p1b
|-heal|p1a: Sinistcha|29/100
|-heal|p1b: Archaludon|83/100
|move|p2a: Dondozo|Order Up|p1a: Sinistcha
|-damage|p1a: Sinistcha|0 fnt
|faint|p1a: Sinistcha
|-boost|p2a: Dondozo|def|1
|move|p1b: Archaludon|Electro Shot|p2a: Dondozo|[from] lockedmove
|-supereffective|p2a: Dondozo
|-damage|p2a: Dondozo|75/100
|
|-fieldend|move: Trick Room
|upkeep
|
|t:|1757198201
|switch|p1a: Gholdengo|Gholdengo, L50|100/100
|turn|6
|
|t:|1757198217
|move|p1a: Gholdengo|Thunder Wave|p2a: Dondozo
|-status|p2a: Dondozo|par
|-enditem|p2a: Dondozo|Lum Berry|[eat]
|-curestatus|p2a: Dondozo|par|[msg]
|move|p1b: Archaludon|Electro Shot||[still]
|-prepare|p1b: Archaludon|Electro Shot
|-boost|p1b: Archaludon|spa|1
|move|p2a: Dondozo|Fissure|p1b: Archaludon|[miss]
|-miss|p2a: Dondozo|p1b: Archaludon
|
|upkeep
|turn|7
|
|t:|1757198230
|move|p1a: Gholdengo|Thunder Wave|p2a: Dondozo
|-status|p2a: Dondozo|par
|move|p1b: Archaludon|Electro Shot|p2a: Dondozo|[from] lockedmove
|-supereffective|p2a: Dondozo
|-damage|p2a: Dondozo|47/100 par
|cant|p2a: Dondozo|par
|
|upkeep
|turn|8
|
|t:|1757198240
|move|p1a: Gholdengo|Shadow Ball|p2a: Dondozo
|-damage|p2a: Dondozo|30/100 par
|move|p1b: Archaludon|Body Press|p2a: Dondozo
|-damage|p2a: Dondozo|22/100 par
|cant|p2a: Dondozo|par
|
|upkeep
|turn|9
|
|t:|1757198249
|move|p1a: Gholdengo|Shadow Ball|p2a: Dondozo
|-damage|p2a: Dondozo|6/100 par
|move|p1b: Archaludon|Electro Shot||[still]
|-prepare|p1b: Archaludon|Electro Shot
|-boost|p1b: Archaludon|spa|1
|move|p2a: Dondozo|Rest|p2a: Dondozo
|-status|p2a: Dondozo|slp|[from] move: Rest
|-heal|p2a: Dondozo|100/100 slp|[silent]
|
|upkeep
|turn|10
|n|!Ruben1452|ruben1452
|
|t:|1757198272
|switch|p1a: Ursaluna|Ursaluna, L50, F|38/100 brn
|move|p1b: Archaludon|Electro Shot|p2a: Dondozo|[from] lockedmove
|-supereffective|p2a: Dondozo
|-damage|p2a: Dondozo|74/100 slp
|cant|p2a: Dondozo|slp
|
|-damage|p1a: Ursaluna|32/100 brn|[from] brn
|upkeep
|turn|11
|
|t:|1757198281
|move|p1b: Archaludon|Electro Shot||[still]
|-prepare|p1b: Archaludon|Electro Shot
|-boost|p1b: Archaludon|spa|1
|cant|p2a: Dondozo|slp
|move|p1a: Ursaluna|Facade|p2a: Dondozo
|-damage|p2a: Dondozo|50/100 slp
|
|-damage|p1a: Ursaluna|27/100 brn|[from] brn
|upkeep
|turn|12
|
|t:|1757198291
|switch|p1a: Gholdengo|Gholdengo, L50|100/100
|move|p1b: Archaludon|Electro Shot|p2a: Dondozo|[from] lockedmove
|-supereffective|p2a: Dondozo
|-damage|p2a: Dondozo|24/100 slp
|-curestatus|p2a: Dondozo|slp|[msg]
|move|p2a: Dondozo|Yawn|p1b: Archaludon
|-start|p1b: Archaludon|move: Yawn|[of] p2a: Dondozo
|
|upkeep
|turn|13
|
|t:|1757198313
|move|p1a: Gholdengo|Thunder Wave|p2a: Dondozo
|-status|p2a: Dondozo|par
|move|p1b: Archaludon|Body Press|p2a: Dondozo
|-damage|p2a: Dondozo|16/100 par
|move|p2a: Dondozo|Rest|p2a: Dondozo
|-status|p2a: Dondozo|slp|[from] move: Rest
|-heal|p2a: Dondozo|100/100 slp|[silent]
|
|-end|p1b: Archaludon|move: Yawn|[silent]
|-status|p1b: Archaludon|slp
|upkeep
|turn|14
|
|t:|1757198329
|move|p1a: Gholdengo|Shadow Ball|p2a: Dondozo
|-damage|p2a: Dondozo|85/100 slp
|-unboost|p2a: Dondozo|spd|1
|cant|p1b: Archaludon|slp
|cant|p2a: Dondozo|slp
|
|upkeep
|turn|15
|
|t:|1757198333
|move|p1a: Gholdengo|Shadow Ball|p2a: Dondozo
|-damage|p2a: Dondozo|61/100 slp
|-unboost|p2a: Dondozo|spd|1
|-curestatus|p1b: Archaludon|slp|[msg]
|move|p1b: Archaludon|Electro Shot||[still]
|-prepare|p1b: Archaludon|Electro Shot
|-boost|p1b: Archaludon|spa|1
|cant|p2a: Dondozo|slp
|
|upkeep
|turn|16
|
|t:|1757198341
|move|p1a: Gholdengo|Shadow Ball|p2a: Dondozo
|-damage|p2a: Dondozo|25/100 slp
|move|p1b: Archaludon|Electro Shot|p2a: Dondozo|[from] lockedmove
|-supereffective|p2a: Dondozo
|-damage|p2a: Dondozo|0 fnt
|faint|p2a: Dondozo
|
|upkeep
|turn|17
|
|t:|1757198352
|move|p2b: Tatsugiri|Hydro Pump|p1b: Archaludon
|-damage|p1b: Archaludon|47/100
|-ability|p1b: Archaludon|Stamina|boost
|-boost|p1b: Archaludon|def|1
|move|p1a: Gholdengo|Shadow Ball|p2b: Tatsugiri
|-crit|p2b: Tatsugiri
|-damage|p2b: Tatsugiri|17/100
|move|p1b: Archaludon|Electro Shot||[still]
|-prepare|p1b: Archaludon|Electro Shot
|-boost|p1b: Archaludon|spa|1
|
|upkeep
|turn|18
|
|t:|1757198364
|move|p2b: Tatsugiri|Hydro Pump|p1b: Archaludon
|-damage|p1b: Archaludon|11/100
|-ability|p1b: Archaludon|Stamina|boost
|-boost|p1b: Archaludon|def|1
|move|p1a: Gholdengo|Shadow Ball|p2b: Tatsugiri
|-damage|p2b: Tatsugiri|0 fnt
|faint|p2b: Tatsugiri
|
|win|Ruben1452
