|j|☆demakker
|j|☆manspread
|html|demakkermanspread    
|uhtml|bestof|Game 2 of a best-of-3
|t:|1757786567
|gametype|doubles
|player|p1|demakker|102|1083
|player|p2|manspread|266|1095
|gen|9
|tier|[Gen 9] VGC 2025 Reg H (Bo3)
|rated|
|rule|Species Clause: Limit one of each Pokémon
|rule|Item Clause: Limit 1 of each item
|clearpoke
|poke|p1|Indeedee-F, L50, F|
|poke|p1|Ursaluna, L50, M|
|poke|p1|Torkoal, L50, M|
|poke|p1|Hatterene, L50, F|
|poke|p1|Smeargle, L50, F|
|poke|p1|Greedent, L50, F|
|poke|p2|Pelipper, L50, F|
|poke|p2|Dragonite, L50, F|
|poke|p2|Incineroar, L50, M|
|poke|p2|Archaludon, L50, F|
|poke|p2|Amoonguss, L50, F|
|poke|p2|Gholdengo, L50|
|teampreview|4
|showteam|p1|Indeedee-F||PsychicSeed|PsychicSurge|FollowMe,TrickRoom,Psychic,HelpingHand|||F|||50|,,,,,Fairy]Ursaluna||FlameOrb|Guts|Facade,HeadlongRush,Protect,Earthquake|||M|||50|,,,,,Ghost]Torkoal||ChoiceSpecs|Drought|Eruption,Flamethrower,SolarBeam,EarthPower|||M|||50|,,,,,Fire]Hatterene||LifeOrb|MagicBounce|TrickRoom,DazzlingGleam,ExpandingForce,Protect|||F|||50|,,,,,Fire]Smeargle||FocusSash|OwnTempo|FakeOut,Spore,FollowMe,Decorate|||F|||50|,,,,,Ghost]Greedent||GanlonBerry|CheekPouch|StuffCheeks,BodyPress,KnockOff,Protect|||F|||50|,,,,,Fighting
|showteam|p2|Pelipper||FocusSash|Drizzle|WeatherBall,Hurricane,WideGuard,Protect|||F|||50|,,,,,Ghost]Dragonite||LoadedDice|Multiscale|ScaleShot,Tailwind,Haze,Protect|||F|||50|,,,,,Fairy]Incineroar||SafetyGoggles|Intimidate|KnockOff,FakeOut,PartingShot,FlareBlitz|||M|||50|,,,,,Ghost]Archaludon||AssaultVest|Stamina|ElectroShot,BodyPress,DragonPulse,FlashCannon|||F|||50|,,,,,Bug]Amoonguss||SitrusBerry|Regenerator|RagePowder,Spore,Protect,PollenPuff|||F|||50|,,,,,Water]Gholdengo||LifeOrb|GoodasGold|ShadowBall,MakeItRain,NastyPlot,Protect||||||50|,,,,,Flying
|inactive|Battle timer is ON: inactive players will automatically lose when time's up. (requested by demakker)
|inactive|demakker has 60 seconds left.
|inactive|manspread has 60 seconds left.
|
|t:|1757786613
|teamsize|p1|4
|teamsize|p2|4
|start
|switch|p1a: Indeedee|Indeedee-F, L50, F|100/100
|switch|p1b: Hatterene|Hatterene, L50, F|100/100
|switch|p2a: Incineroar|Incineroar, L50, M, shiny|100/100
|switch|p2b: Gholdengo|Gholdengo, L50|100/100
|-fieldstart|move: Psychic Terrain|[from] ability: Psychic Surge|[of] p1a: Indeedee
|-enditem|p1a: Indeedee|Psychic Seed
|-boost|p1a: Indeedee|spd|1|[from] item: Psychic Seed
|-ability|p2a: Incineroar|Intimidate|boost
|-unboost|p1a: Indeedee|atk|1
|-unboost|p1b: Hatterene|atk|1
|turn|1
|inactive|demakker has 30 seconds left.
|inactive|manspread has 30 seconds left.
|inactive|demakker has 20 seconds left.
|inactive|manspread has 20 seconds left.
|inactive|demakker has 15 seconds left.
|inactive|manspread has 15 seconds left.
|inactive|manspread has 10 seconds left.
|
|t:|1757786661
|-terastallize|p1b: Hatterene|Fire
|move|p1a: Indeedee|Follow Me|p1a: Indeedee
|-singleturn|p1a: Indeedee|move: Follow Me
|move|p2b: Gholdengo|Nasty Plot|p2b: Gholdengo
|-boost|p2b: Gholdengo|spa|2
|move|p2a: Incineroar|Flare Blitz|p1a: Indeedee
|-damage|p1a: Indeedee|52/100
|-damage|p2a: Incineroar|87/100|[from] Recoil
|move|p1b: Hatterene|Trick Room|p1b: Hatterene
|-fieldstart|move: Trick Room|[of] p1b: Hatterene
|
|upkeep
|turn|2
|inactive|demakker has 30 seconds left.
|
|t:|1757786687
|move|p1a: Indeedee|Helping Hand|p1b: Hatterene
|-singleturn|p1b: Hatterene|Helping Hand|[of] p1a: Indeedee
|move|p2b: Gholdengo|Protect|p2b: Gholdengo
|-singleturn|p2b: Gholdengo|Protect
|move|p1b: Hatterene|Expanding Force|p2b: Gholdengo|[spread] 
|-activate|p2b: Gholdengo|move: Protect
|-immune|p2a: Incineroar
|move|p2a: Incineroar|Knock Off|p1b: Hatterene
|-damage|p1b: Hatterene|50/100
|-enditem|p1b: Hatterene|Life Orb|[from] move: Knock Off|[of] p2a: Incineroar
|
|upkeep
|turn|3
|
|t:|1757786711
|move|p1a: Indeedee|Helping Hand|p1b: Hatterene
|-singleturn|p1b: Hatterene|Helping Hand|[of] p1a: Indeedee
|move|p1b: Hatterene|Expanding Force|p2a: Incineroar|[spread] p2b
|-immune|p2a: Incineroar
|-resisted|p2b: Gholdengo
|-damage|p2b: Gholdengo|40/100
|move|p2a: Incineroar|Knock Off|p1a: Indeedee
|-supereffective|p1a: Indeedee
|-damage|p1a: Indeedee|0 fnt
|faint|p1a: Indeedee
|move|p2b: Gholdengo|Make It Rain|p1b: Hatterene
|-resisted|p1b: Hatterene
|-damage|p1b: Hatterene|0 fnt
|-unboost|p2b: Gholdengo|spa|1
|faint|p1b: Hatterene
|-damage|p2b: Gholdengo|31/100|[from] item: Life Orb
|
|upkeep
|
|t:|1757786735
|switch|p1b: Greedent|Greedent, L50, F|100/100
|switch|p1a: Torkoal|Torkoal, L50, M|100/100
|-weather|SunnyDay|[from] ability: Drought|[of] p1a: Torkoal
|turn|4
|inactive|manspread has 30 seconds left.
|
|t:|1757786768
|switch|p2a: Pelipper|Pelipper, L50, F, shiny|100/100
|-weather|RainDance|[from] ability: Drizzle|[of] p2a: Pelipper
|switch|p2b: Archaludon|Archaludon, L50, F, shiny|100/100
|move|p1b: Greedent|Stuff Cheeks|p1b: Greedent
|-boost|p1b: Greedent|def|2
|-enditem|p1b: Greedent|Ganlon Berry|[eat]
|-boost|p1b: Greedent|def|1|[from] item: Ganlon Berry
|move|p1a: Torkoal|Earth Power|p2b: Archaludon
|-supereffective|p2b: Archaludon
|-damage|p2b: Archaludon|40/100
|-ability|p2b: Archaludon|Stamina|boost
|-boost|p2b: Archaludon|def|1
|
|-weather|RainDance|[upkeep]
|upkeep
|turn|5
|inactive|manspread has 30 seconds left.
|inactive|manspread has 20 seconds left.
|inactive|manspread has 15 seconds left.
|
|t:|1757786810
|-terastallize|p2b: Archaludon|Bug
|move|p1a: Torkoal|Earth Power|p2b: Archaludon
|-resisted|p2b: Archaludon
|-damage|p2b: Archaludon|27/100
|-ability|p2b: Archaludon|Stamina|boost
|-boost|p2b: Archaludon|def|1
|move|p1b: Greedent|Knock Off|p2a: Pelipper
|-damage|p2a: Pelipper|70/100
|-enditem|p2a: Pelipper|Focus Sash|[from] move: Knock Off|[of] p1b: Greedent
|move|p2a: Pelipper|Weather Ball|p1a: Torkoal
|-supereffective|p1a: Torkoal
|-damage|p1a: Torkoal|0 fnt
|faint|p1a: Torkoal
|move|p2b: Archaludon|Electro Shot||[still]
|-prepare|p2b: Archaludon|Electro Shot
|-boost|p2b: Archaludon|spa|1
|-anim|p2b: Archaludon|Electro Shot|p1b: Greedent
|-damage|p1b: Greedent|53/100
|
|-weather|RainDance|[upkeep]
|-fieldend|move: Trick Room
|-fieldend|move: Psychic Terrain
|upkeep
|turn|6
|
|t:|1757786833
|move|p2b: Archaludon|Electro Shot||[still]
|-prepare|p2b: Archaludon|Electro Shot
|-boost|p2b: Archaludon|spa|1
|-anim|p2b: Archaludon|Electro Shot|p1b: Greedent
|-damage|p1b: Greedent|0 fnt
|faint|p1b: Greedent
|
|win|manspread
||demakker is ready for game 3.
||manspread is ready for game 3.
|uhtml|next|Next: Game 3 of 3
|l|☆demakker
|player|p1|
|l|☆manspread
|player|p2|
