|j|☆ConnerTEP
|j|☆ExploudGaming
|html|ConnerTEPExploudGaming    
|uhtml|bestof|Game 3 of a best-of-3
|t:|1757824404
|gametype|doubles
|player|p1|ConnerTEP|clair-masters|1350
|player|p2|ExploudGaming|burglar|1454
|gen|9
|tier|[Gen 9] VGC 2025 Reg H (Bo3)
|rated|
|rule|Species Clause: Limit one of each Pokémon
|rule|Item Clause: Limit 1 of each item
|clearpoke
|poke|p1|Weezing-Galar, L50, M|
|poke|p1|Incineroar, L50, F|
|poke|p1|Dondozo, L50, M|
|poke|p1|Tatsugiri, L50, M|
|poke|p1|Garchomp, L50, F|
|poke|p1|Kilowattrel, L50, M|
|poke|p2|Maushold-Four, L50|
|poke|p2|Incineroar, L50, M|
|poke|p2|Pelipper, L50, F|
|poke|p2|Volcarona, L50, M|
|poke|p2|Rillaboom, L50, F|
|poke|p2|Sneasler, L50, M|
|teampreview|4
|showteam|p1|Weezing-Galar||SitrusBerry|NeutralizingGas|StrangeSteam,SludgeBomb,WillOWisp,Protect|||M|||50|,,,,,Flying]Incineroar||AbilityShield|Intimidate|KnockOff,Taunt,PartingShot,FakeOut|||F|||50|,,,,,Grass]Dondozo||Leftovers|Unaware|OrderUp,WaveCrash,Earthquake,Protect|||M|||50|,,,,,Steel]Tatsugiri||ChoiceScarf|Commander|DracoMeteor,MuddyWater,IcyWind,TeraBlast|||M|||50|,,,,,Fairy]Garchomp||LifeOrb|RoughSkin|Earthquake,StompingTantrum,DragonClaw,Protect|||F|||50|,,,,,Steel]Kilowattrel||FocusSash|Competitive|Thunderbolt,AirSlash,Tailwind,Protect|||M|||50|,,,,,Ghost
|showteam|p2|Maushold-Four||WideLens|Technician|Protect,FollowMe,ThunderWave,PopulationBomb||||||50|,,,,,Ghost]Incineroar||SafetyGoggles|Intimidate|PartingShot,Taunt,FakeOut,KnockOff|||M|||50|,,,,,Ghost]Pelipper||FocusSash|Drizzle|Protect,Tailwind,Hurricane,MuddyWater|||F|||50|,,,,,Ghost]Volcarona||GrassySeed|FlameBody|Protect,QuiverDance,TeraBlast,HeatWave|||M|||50|,,,,,Fairy]Rillaboom||MeadowPlate|GrassySurge|FakeOut,GrassyGlide,HighHorsepower,WoodHammer|||F|||50|,,,,,Fire]Sneasler||WhiteHerb|Unburden|Protect,ThroatChop,CloseCombat,DireClaw|||M|||50|,,,,,Stellar
|inactive|Battle timer is ON: inactive players will automatically lose when time's up. (requested by ConnerTEP)
|inactive|ExploudGaming has 60 seconds left.
|
|t:|1757824461
|teamsize|p1|4
|teamsize|p2|4
|start
|switch|p1a: Weezing|Weezing-Galar, L50, M|100/100
|switch|p1b: Incineroar|Incineroar, L50, F|100/100
|switch|p2a: Rillaboom|Rillaboom, L50, F|100/100
|switch|p2b: Volcarona|Volcarona, L50, M|100/100
|-ability|p1a: Weezing|Neutralizing Gas
|-block|p1b: Incineroar|item: Ability Shield
|-ability|p1b: Incineroar|Intimidate|boost
|-unboost|p2a: Rillaboom|atk|1
|-unboost|p2b: Volcarona|atk|1
|turn|1
|
|t:|1757824482
|move|p1b: Incineroar|Fake Out|p2b: Volcarona
|-damage|p2b: Volcarona|87/100
|move|p2a: Rillaboom|Fake Out|p1a: Weezing
|-damage|p1a: Weezing|92/100
|cant|p2b: Volcarona|flinch
|cant|p1a: Weezing|flinch
|
|upkeep
|turn|2
|inactive|ExploudGaming has 30 seconds left.
|
|t:|1757824510
|switch|p2a: Incineroar|Incineroar, L50, M|100/100
|move|p2b: Volcarona|Heat Wave|p1b: Incineroar|[spread] p1a,p1b
|-resisted|p1b: Incineroar
|-damage|p1a: Weezing|59/100
|-damage|p1b: Incineroar|87/100
|move|p1b: Incineroar|Knock Off|p2b: Volcarona
|-damage|p2b: Volcarona|41/100
|-enditem|p2b: Volcarona|Grassy Seed|[from] move: Knock Off|[of] p1b: Incineroar
|move|p1a: Weezing|Sludge Bomb|p2b: Volcarona
|-damage|p2b: Volcarona|15/100
|
|upkeep
|turn|3
|
|t:|1757824525
|move|p1a: Weezing|Protect|p1a: Weezing
|-singleturn|p1a: Weezing|Protect
|move|p2a: Incineroar|Fake Out|p1b: Incineroar
|-damage|p1b: Incineroar|76/100
|move|p2b: Volcarona|Heat Wave|p1b: Incineroar|[spread] p1b
|-activate|p1a: Weezing|move: Protect
|-resisted|p1b: Incineroar
|-damage|p1b: Incineroar|60/100
|cant|p1b: Incineroar|flinch
|
|upkeep
|turn|4
|
|t:|1757824536
|move|p2b: Volcarona|Protect|p2b: Volcarona
|-singleturn|p2b: Volcarona|Protect
|move|p1b: Incineroar|Knock Off|p2b: Volcarona
|-activate|p2b: Volcarona|move: Protect
|move|p2a: Incineroar|Knock Off|p1a: Weezing
|-resisted|p1a: Weezing
|-damage|p1a: Weezing|41/100
|-enditem|p1a: Weezing|Sitrus Berry|[from] move: Knock Off|[of] p2a: Incineroar
|move|p1a: Weezing|Sludge Bomb|p2a: Incineroar
|-damage|p2a: Incineroar|74/100
|
|upkeep
|turn|5
|
|t:|1757824557
|move|p1a: Weezing|Protect|p1a: Weezing
|-singleturn|p1a: Weezing|Protect
|move|p2b: Volcarona|Heat Wave|p1a: Weezing|[spread] p1b
|-activate|p1a: Weezing|move: Protect
|-resisted|p1b: Incineroar
|-damage|p1b: Incineroar|44/100
|move|p1b: Incineroar|Knock Off|p2b: Volcarona
|-damage|p2b: Volcarona|0 fnt
|faint|p2b: Volcarona
|move|p2a: Incineroar|Taunt|p1b: Incineroar
|-start|p1b: Incineroar|move: Taunt
|
|upkeep
|
|t:|1757824572
|switch|p2b: Sneasler|Sneasler, L50, M|100/100
|turn|6
|
|t:|1757824586
|move|p2b: Sneasler|Dire Claw|p1a: Weezing
|-damage|p1a: Weezing|6/100
|-status|p1a: Weezing|slp
|move|p1b: Incineroar|Knock Off|p2a: Incineroar
|-resisted|p2a: Incineroar
|-damage|p2a: Incineroar|54/100
|-enditem|p2a: Incineroar|Safety Goggles|[from] move: Knock Off|[of] p1b: Incineroar
|move|p2a: Incineroar|Knock Off|p1a: Weezing
|-resisted|p1a: Weezing
|-damage|p1a: Weezing|0 fnt
|faint|p1a: Weezing
|-end|p1a: Weezing|ability: Neutralizing Gas
|-ability|p2a: Incineroar|Intimidate|boost
|-unboost|p1b: Incineroar|atk|1
|
|upkeep
|
|t:|1757824597
|switch|p1a: Dondozo|Dondozo, L50, M|100/100
|turn|7
|
|t:|1757824616
|switch|p1b: Tatsugiri|Tatsugiri, L50, M|100/100
|-activate|p1b: Tatsugiri|ability: Commander|[of] p1a: Dondozo
|-boost|p1a: Dondozo|atk|2
|-boost|p1a: Dondozo|spa|2
|-boost|p1a: Dondozo|spe|2
|-boost|p1a: Dondozo|def|2
|-boost|p1a: Dondozo|spd|2
|switch|p2a: Rillaboom|Rillaboom, L50, F|100/100
|-fieldstart|move: Grassy Terrain|[from] ability: Grassy Surge|[of] p2a: Rillaboom
|move|p2b: Sneasler|Protect|p2b: Sneasler
|-singleturn|p2b: Sneasler|Protect
|move|p1a: Dondozo|Wave Crash|p2b: Sneasler
|-activate|p2b: Sneasler|move: Protect
|
|upkeep
|turn|8
|
|t:|1757824632
|switch|p2b: Incineroar|Incineroar, L50, M|54/100
|-ability|p2b: Incineroar|Intimidate|boost
|-unboost|p1a: Dondozo|atk|1
|-unboost|p1b: Tatsugiri|atk|1
|move|p1a: Dondozo|Protect|p1a: Dondozo
|-singleturn|p1a: Dondozo|Protect
|move|p2a: Rillaboom|Fake Out|p1a: Dondozo
|-activate|p1a: Dondozo|move: Protect
|
|-heal|p2b: Incineroar|60/100|[from] Grassy Terrain
|upkeep
|turn|9
|inactive|ExploudGaming has 30 seconds left.
|inactive|ExploudGaming has 20 seconds left.
|
|t:|1757824670
|switch|p2a: Sneasler|Sneasler, L50, M|100/100
|-terastallize|p1a: Dondozo|Steel
|move|p2b: Incineroar|Fake Out|p1a: Dondozo
|-resisted|p1a: Dondozo
|-damage|p1a: Dondozo|99/100
|cant|p1a: Dondozo|flinch
|
|-heal|p1a: Dondozo|100/100|[from] Grassy Terrain
|-heal|p2b: Incineroar|66/100|[from] Grassy Terrain
|upkeep
|turn|10
|
|t:|1757824687
|switch|p2b: Rillaboom|Rillaboom, L50, F|100/100
|move|p2a: Sneasler|Protect|p2a: Sneasler
|-singleturn|p2a: Sneasler|Protect
|move|p1a: Dondozo|Wave Crash|p2a: Sneasler
|-activate|p2a: Sneasler|move: Protect
|
|upkeep
|turn|11
|c|☆ConnerTEP|Driller
|
|t:|1757824702
|switch|p2a: Incineroar|Incineroar, L50, M|66/100
|-ability|p2a: Incineroar|Intimidate|boost
|-unboost|p1a: Dondozo|atk|1
|-unboost|p1b: Tatsugiri|atk|1
|move|p2b: Rillaboom|Fake Out|p1a: Dondozo
|-resisted|p1a: Dondozo
|-damage|p1a: Dondozo|98/100
|cant|p1a: Dondozo|flinch
|
|-heal|p1a: Dondozo|100/100|[from] Grassy Terrain
|-heal|p2a: Incineroar|72/100|[from] Grassy Terrain
|-fieldend|move: Grassy Terrain
|upkeep
|turn|12
|c|☆ConnerTEP|I'm lowkey in the cyclone
|
|t:|1757824716
|switch|p2b: Sneasler|Sneasler, L50, M|100/100
|move|p2a: Incineroar|Fake Out|p1a: Dondozo
|-resisted|p1a: Dondozo
|-damage|p1a: Dondozo|99/100
|cant|p1a: Dondozo|flinch
|
|-heal|p1a: Dondozo|100/100|[from] item: Leftovers
|upkeep
|turn|13
|inactive|ExploudGaming has 30 seconds left.
|
|t:|1757824742
|-terastallize|p2a: Incineroar|Ghost
|move|p2b: Sneasler|Protect|p2b: Sneasler
|-singleturn|p2b: Sneasler|Protect
|move|p1a: Dondozo|Order Up|p2a: Incineroar
|-damage|p2a: Incineroar|52/100
|-boost|p1a: Dondozo|atk|1
|move|p2a: Incineroar|Parting Shot|p1a: Dondozo
|-unboost|p1a: Dondozo|atk|1
|-unboost|p1a: Dondozo|spa|1
|
|t:|1757824751
|switch|p2a: Rillaboom|Rillaboom, L50, F|100/100|[from] Parting Shot
|-fieldstart|move: Grassy Terrain|[from] ability: Grassy Surge|[of] p2a: Rillaboom
|
|upkeep
|turn|14
|
|t:|1757824754
|switch|p2b: Incineroar|Incineroar, L50, M, tera:Ghost|52/100
|-ability|p2b: Incineroar|Intimidate|boost
|-unboost|p1a: Dondozo|atk|1
|-unboost|p1b: Tatsugiri|atk|1
|move|p2a: Rillaboom|Fake Out|p1a: Dondozo
|-resisted|p1a: Dondozo
|-damage|p1a: Dondozo|98/100
|cant|p1a: Dondozo|flinch
|
|-heal|p1a: Dondozo|100/100|[from] Grassy Terrain
|-heal|p2b: Incineroar|58/100|[from] Grassy Terrain
|upkeep
|turn|15
|
|t:|1757824762
|switch|p2a: Sneasler|Sneasler, L50, M|100/100
|move|p2b: Incineroar|Fake Out|p1a: Dondozo
|-resisted|p1a: Dondozo
|-crit|p1a: Dondozo
|-damage|p1a: Dondozo|95/100
|cant|p1a: Dondozo|flinch
|
|-heal|p1a: Dondozo|100/100|[from] Grassy Terrain
|-heal|p2b: Incineroar|64/100|[from] Grassy Terrain
|upkeep
|turn|16
|
|t:|1757824776
|move|p2a: Sneasler|Close Combat|p1a: Dondozo
|-supereffective|p1a: Dondozo
|-crit|p1a: Dondozo
|-damage|p1a: Dondozo|0 fnt
|-unboost|p2a: Sneasler|def|1
|-unboost|p2a: Sneasler|spd|1
|faint|p1a: Dondozo
|-enditem|p2a: Sneasler|White Herb
|-clearnegativeboost|p2a: Sneasler|[silent]
|move|p2b: Incineroar|Parting Shot|p1b: Tatsugiri
|-unboost|p1b: Tatsugiri|atk|1
|-unboost|p1b: Tatsugiri|spa|1
|
|t:|1757824786
|switch|p2b: Rillaboom|Rillaboom, L50, F|100/100|[from] Parting Shot
|
|upkeep
|
|t:|1757824787
|switch|p1a: Incineroar|Incineroar, L50, F|44/100
|-ability|p1a: Incineroar|Intimidate|boost
|-unboost|p2a: Sneasler|atk|1
|-unboost|p2b: Rillaboom|atk|1
|turn|17
|-message|ConnerTEP forfeited.
|
|win|ExploudGaming
|raw|ConnerTEP's rating: 1350 → 1336(-14 for losing)
|raw|ExploudGaming's rating: 1454 → 1468(+14 for winning)
|l|☆ConnerTEP
|player|p1|
|l|☆ExploudGaming
|player|p2|
