|j|☆00diogo00*
|j|☆thedelybird
|html|00diogo00*thedelybird    
|uhtml|bestof|Game 1 of a best-of-3
|t:|1756671780
|gametype|doubles
|player|p1|00diogo00*|harlequin|1317
|player|p2|thedelybird|101|1326
|gen|9
|tier|[Gen 9] VGC 2025 Reg H (Bo3)
|rated|
|rule|Species Clause: Limit one of each Pokémon
|rule|Item Clause: Limit 1 of each item
|clearpoke
|poke|p1|Empoleon, L50, F|
|poke|p1|Reuniclus, L50, M|
|poke|p1|Tyranitar, L50, F|
|poke|p1|Whimsicott, L50, M|
|poke|p1|Typhlosion-Hisui, L50, F|
|poke|p1|Flamigo, L50, F|
|poke|p2|Basculegion, L50, M|
|poke|p2|Pelipper, L50, F|
|poke|p2|Archaludon, L50, M|
|poke|p2|Gholdengo, L50|
|poke|p2|Whimsicott, L50, M|
|poke|p2|Incineroar, L50, F|
|teampreview|4
|showteam|p1|Empoleon||Leftovers|Competitive|WaterPledge,Protect,FlashCannon,Haze|||F|||50|,,,,,Grass]Reuniclus||SitrusBerry|Overcoat|Psychic,TrickRoom,Protect,Thunder|||M|||50|,,,,,Dark]Tyranitar||AssaultVest|SandStream|TeraBlast,HighHorsepower,Snarl,RockSlide|||F|||50|,,,,,Flying]Whimsicott||CovertCloak|Prankster|Taunt,Moonblast,SunnyDay,Tailwind|||M|||50|,,,,,Water]Typhlosion-Hisui||ChoiceScarf|Blaze|Eruption,FirePledge,ShadowBall,HeatWave|||F|||50|,,,,,Fire]Flamigo||FocusSash|Scrappy|BraveBird,Protect,WideGuard,CloseCombat|||F|||50|,,,,,Ghost
|showteam|p2|Basculegion||MysticWater|SwiftSwim|LastRespects,WaveCrash,AquaJet,Protect|||M|||50|,,,,,Water]Pelipper||FocusSash|Drizzle|Hurricane,WeatherBall,WideGuard,Tailwind|||F|||50|,,,,,Ghost]Archaludon||AssaultVest|Stamina|ElectroShot,BodyPress,DracoMeteor,FlashCannon|||M|||50|,,,,,Fairy]Gholdengo||MetalCoat|GoodasGold|MakeItRain,ShadowBall,NastyPlot,Protect||||||50|,,,,,Water]Whimsicott||CovertCloak|Prankster|Moonblast,Taunt,BeatUp,Tailwind|||M|||50|,,,,,Steel]Incineroar||SafetyGoggles|Intimidate|FakeOut,FlareBlitz,KnockOff,PartingShot|||F|||50|,,,,,Ghost
|
|t:|1756671848
|teamsize|p1|4
|teamsize|p2|4
|start
|switch|p1a: Typhlosion|Typhlosion-Hisui, L50, F|100/100
|switch|p1b: Whimsicott|Whimsicott, L50, M|100/100
|switch|p2a: Pelipper|Pelipper, L50, F|100/100
|switch|p2b: Basculegion|Basculegion, L50, M|100/100
|-weather|RainDance|[from] ability: Drizzle|[of] p2a: Pelipper
|turn|1
|
|t:|1756671873
|-terastallize|p1b: Whimsicott|Water
|move|p2b: Basculegion|Aqua Jet|p1a: Typhlosion
|-supereffective|p1a: Typhlosion
|-damage|p1a: Typhlosion|0 fnt
|faint|p1a: Typhlosion
|move|p1b: Whimsicott|Sunny Day|p1b: Whimsicott
|-weather|SunnyDay
|move|p2a: Pelipper|Weather Ball|p1b: Whimsicott
|-resisted|p1b: Whimsicott
|-damage|p1b: Whimsicott|67/100
|
|-weather|SunnyDay|[upkeep]
|upkeep
|
|t:|1756671887
|switch|p1a: Empoleon|Empoleon, L50, F|100/100
|turn|2
|
|t:|1756671929
|move|p1b: Whimsicott|Moonblast|p2b: Basculegion
|-damage|p2b: Basculegion|68/100
|move|p2b: Basculegion|Last Respects|p1a: Empoleon
|-damage|p1a: Empoleon|73/100
|move|p2a: Pelipper|Weather Ball|p1a: Empoleon
|-damage|p1a: Empoleon|29/100
|move|p1a: Empoleon|Flash Cannon|p2b: Basculegion
|-resisted|p2b: Basculegion
|-damage|p2b: Basculegion|45/100
|
|-weather|SunnyDay|[upkeep]
|-heal|p1a: Empoleon|35/100|[from] item: Leftovers
|upkeep
|turn|3
|
|t:|1756671949
|switch|p2b: Gholdengo|Gholdengo, L50|100/100
|move|p1a: Empoleon|Protect|p1a: Empoleon
|-singleturn|p1a: Empoleon|Protect
|move|p1b: Whimsicott|Moonblast|p2a: Pelipper
|-damage|p2a: Pelipper|52/100
|move|p2a: Pelipper|Weather Ball|p1a: Empoleon
|-activate|p1a: Empoleon|move: Protect
|
|-weather|SunnyDay|[upkeep]
|-heal|p1a: Empoleon|41/100|[from] item: Leftovers
|upkeep
|turn|4
|
|t:|1756671976
|move|p1b: Whimsicott|Moonblast|p2a: Pelipper
|-damage|p2a: Pelipper|5/100
|-unboost|p2a: Pelipper|spa|1
|move|p2b: Gholdengo|Shadow Ball|p1b: Whimsicott
|-damage|p1b: Whimsicott|8/100
|move|p2a: Pelipper|Tailwind|p2a: Pelipper
|-sidestart|p2: thedelybird|move: Tailwind
|move|p1a: Empoleon|Water Pledge|p2a: Pelipper
|-resisted|p2a: Pelipper
|-damage|p2a: Pelipper|0 fnt
|faint|p2a: Pelipper
|
|-weather|SunnyDay|[upkeep]
|-heal|p1a: Empoleon|48/100|[from] item: Leftovers
|upkeep
|
|t:|1756671988
|switch|p2a: Basculegion|Basculegion, L50, M|45/100
|turn|5
|
|t:|1756672000
|move|p1a: Empoleon|Protect|p1a: Empoleon
|-singleturn|p1a: Empoleon|Protect
|move|p1b: Whimsicott|Tailwind|p1b: Whimsicott
|-sidestart|p1: 00diogo00*|move: Tailwind
|move|p2b: Gholdengo|Shadow Ball|p1a: Empoleon
|-activate|p1a: Empoleon|move: Protect
|move|p2a: Basculegion|Last Respects|p1b: Whimsicott
|-damage|p1b: Whimsicott|0 fnt
|faint|p1b: Whimsicott
|
|-weather|none
|-heal|p1a: Empoleon|54/100|[from] item: Leftovers
|upkeep
|
|t:|1756672015
|switch|p1b: Flamigo|Flamigo, L50, F|100/100
|turn|6
|
|t:|1756672044
|-terastallize|p2b: Gholdengo|Water
|move|p2a: Basculegion|Aqua Jet|p1b: Flamigo
|-damage|p1b: Flamigo|64/100
|move|p1b: Flamigo|Close Combat|p2a: Basculegion
|-damage|p2a: Basculegion|0 fnt
|-unboost|p1b: Flamigo|def|1
|-unboost|p1b: Flamigo|spd|1
|faint|p2a: Basculegion
|move|p2b: Gholdengo|Make It Rain|p1b: Flamigo|[spread] p1a,p1b
|-resisted|p1a: Empoleon
|-damage|p1a: Empoleon|41/100
|-damage|p1b: Flamigo|0 fnt
|-unboost|p2b: Gholdengo|spa|1
|faint|p1b: Flamigo
|move|p1a: Empoleon|Water Pledge|p2b: Gholdengo
|-resisted|p2b: Gholdengo
|-damage|p2b: Gholdengo|75/100
|
|-heal|p1a: Empoleon|47/100|[from] item: Leftovers
|upkeep
|
|t:|1756672055
|switch|p2a: Incineroar|Incineroar, L50, F|100/100
|-ability|p2a: Incineroar|Intimidate|boost
|-unboost|p1a: Empoleon|atk|1
|-ability|p1a: Empoleon|Competitive|boost
|-boost|p1a: Empoleon|spa|2
|turn|7
|
|t:|1756672069
|move|p1a: Empoleon|Protect|p1a: Empoleon
|-singleturn|p1a: Empoleon|Protect
|move|p2a: Incineroar|Fake Out|p1a: Empoleon
|-activate|p1a: Empoleon|move: Protect
|move|p2b: Gholdengo|Nasty Plot|p2b: Gholdengo
|-boost|p2b: Gholdengo|spa|2
|
|-heal|p1a: Empoleon|53/100|[from] item: Leftovers
|-sideend|p2: thedelybird|move: Tailwind
|upkeep
|turn|8
|
|t:|1756672083
|move|p1a: Empoleon|Water Pledge|p2a: Incineroar
|-supereffective|p2a: Incineroar
|-damage|p2a: Incineroar|0 fnt
|faint|p2a: Incineroar
|move|p2b: Gholdengo|Shadow Ball|p1a: Empoleon
|-damage|p1a: Empoleon|0 fnt
|faint|p1a: Empoleon
|
|win|thedelybird
||thedelybird is ready for game 2.
||00diogo00* is ready for game 2.
|uhtml|next|Next: Game 2 of 3
|l|☆00diogo00*
|player|p1|
