|j|☆KallumZ-A
|j|☆raksbach
|html|KallumZ-Araksbach    
|uhtml|bestof|Game 3 of a best-of-3
|t:|1782985929
|gametype|doubles
|player|p1|KallumZ-A|paxton|1040
|player|p2|raksbach|102|1176
|gen|9
|tier|[Gen 9 Champions] VGC 2026 Reg M-B (Bo3)
|rated|
|rule|Species Clause: Limit one of each Pokémon
|rule|Item Clause: Limit 1 of each item
|clearpoke
|poke|p1|Charizard, L50, F|
|poke|p1|Aerodactyl, L50, F, shiny|
|poke|p1|Kingambit, L50, F|
|poke|p1|Farigiraf, L50, F|
|poke|p1|Sylveon, L50, F, shiny|
|poke|p1|Garchomp, L50, F|
|poke|p2|Incineroar, L50, F|
|poke|p2|Maushold, L50|
|poke|p2|Sinistcha, L50|
|poke|p2|Sneasler, L50, F|
|poke|p2|Blastoise, L50, F|
|poke|p2|Delphox, L50, F|
|teampreview|4
|showteam|p1|Charizard||CharizarditeY|SolarPower|HeatWave,WeatherBall,SolarBeam,Protect|Timid||F|||50|]Aerodactyl||Aerodactylite|Unnerve|RockSlide,IceFang,DualWingbeat,Tailwind|Jolly||F|||50|]Kingambit||FocusSash|Defiant|KowtowCleave,SuckerPunch,IronHead,LowKick|Adamant||F|||50|]Farigiraf||SitrusBerry|ArmorTail|TwinBeam,TrickRoom,Thunderbolt,Protect|Bold||F|||50|]Sylveon||FairyFeather|Pixilate|HyperVoice,HyperBeam,QuickAttack,Detect|Modest||F|||50|]Garchomp||LifeOrb|RoughSkin|Earthquake,DragonClaw,StompingTantrum,Protect|Jolly||F|||50|
|showteam|p2|Incineroar||SitrusBerry|Intimidate|FakeOut,FlareBlitz,ThroatChop,PartingShot|Impish||F|||50|]Maushold||ChopleBerry|FriendGuard|SuperFang,Feint,FollowMe,Protect|Impish|||||50|]Sinistcha||KasibBerry|Hospitality|MatchaGotcha,LifeDew,RagePowder,Protect|Bold|||||50|]Sneasler||FocusSash|PoisonTouch|FakeOut,CloseCombat,DireClaw,QuickGuard|Jolly||F|||50|]Blastoise||Blastoisinite|RainDish|WaterSpout,DarkPulse,ShellSmash,Protect|Modest||F|||50|]Delphox||Delphoxite|Blaze|HeatWave,Psyshock,NastyPlot,Protect|Timid||F|||50|
|inactive|Battle timer is ON: inactive players will automatically lose when time's up. (requested by raksbach)
|inactive|raksbach has 60 seconds left.
|
|t:|1782985962
|teamsize|p1|4
|teamsize|p2|4
|start
|switch|p1a: Twin Skies|Aerodactyl, L50, F, shiny|100/100
|switch|p1b: Hypervelocity|Kingambit, L50, F|100/100
|switch|p2a: Maushold|Maushold, L50|100/100
|switch|p2b: Blastoise|Blastoise, L50, F|100/100
|-ability|p1a: Twin Skies|Unnerve
|turn|1
|inactive|raksbach has 30 seconds left.
|
|t:|1782985989
|detailschange|p1a: Twin Skies|Aerodactyl-Mega, L50, F, shiny
|-mega|p1a: Twin Skies|Aerodactyl|Aerodactylite
|detailschange|p2b: Blastoise|Blastoise-Mega, L50, F
|-mega|p2b: Blastoise|Blastoise|Blastoisinite
|move|p2a: Maushold|Follow Me|p2a: Maushold
|-singleturn|p2a: Maushold|move: Follow Me
|move|p1a: Twin Skies|Tailwind|p1a: Twin Skies
|-sidestart|p1: KallumZ-A|move: Tailwind
|move|p1b: Hypervelocity|Kowtow Cleave|p2a: Maushold
|-damage|p2a: Maushold|51/100
|move|p2b: Blastoise|Shell Smash|p2b: Blastoise
|-unboost|p2b: Blastoise|def|1
|-unboost|p2b: Blastoise|spd|1
|-boost|p2b: Blastoise|atk|2
|-boost|p2b: Blastoise|spa|2
|-boost|p2b: Blastoise|spe|2
|
|upkeep
|turn|2
|
|t:|1782986006
|move|p2b: Blastoise|Protect|p2b: Blastoise
|-singleturn|p2b: Blastoise|Protect
|move|p2a: Maushold|Protect|p2a: Maushold
|-singleturn|p2a: Maushold|Protect
|move|p1a: Twin Skies|Rock Slide|p2b: Blastoise|[spread] 
|-activate|p2a: Maushold|move: Protect
|-activate|p2b: Blastoise|move: Protect
|move|p1b: Hypervelocity|Kowtow Cleave|p2b: Blastoise
|-activate|p2b: Blastoise|move: Protect
|
|upkeep
|turn|3
|
|t:|1782986021
|move|p2a: Maushold|Follow Me|p2a: Maushold
|-singleturn|p2a: Maushold|move: Follow Me
|move|p1b: Hypervelocity|Sucker Punch||[still]
|-fail|p1b: Hypervelocity
|move|p1a: Twin Skies|Rock Slide|p2b: Blastoise|[spread] p2a,p2b
|-damage|p2a: Maushold|25/100
|-damage|p2b: Blastoise|65/100
|move|p2b: Blastoise|Water Spout|p1a: Twin Skies|[spread] p1a,p1b
|-supereffective|p1a: Twin Skies|1
|-damage|p1a: Twin Skies|0 fnt
|-enditem|p1b: Hypervelocity|Focus Sash
|-damage|p1b: Hypervelocity|1/100
|faint|p1a: Twin Skies
|
|upkeep
|
|t:|1782986035
|switch|p1a: mizuiro|Sylveon, L50, F, shiny|100/100
|turn|4
|
|t:|1782986052
|move|p2a: Maushold|Feint|p1b: Hypervelocity
|-resisted|p1b: Hypervelocity|1
|-damage|p1b: Hypervelocity|0 fnt
|faint|p1b: Hypervelocity
|move|p2b: Blastoise|Water Spout|p1a: mizuiro
|-damage|p1a: mizuiro|8/100
|move|p1a: mizuiro|Hyper Voice|p2a: Maushold|[spread] p2a,p2b
|-damage|p2a: Maushold|0 fnt
|-damage|p2b: Blastoise|8/100
|faint|p2a: Maushold
|
|-sideend|p1: KallumZ-A|move: Tailwind
|upkeep
|
|t:|1782986064
|switch|p2a: Sinistcha|Sinistcha, L50|100/100
|switch|p1b: astroemeria|Farigiraf, L50, F|100/100
|-heal|p2b: Blastoise|33/100|[from] ability: Hospitality|[of] p2a: Sinistcha
|turn|5
|-message|KallumZ-A forfeited.
|
|win|raksbach
|raw|KallumZ-A's rating: 1040 → 1030(-10 for losing)
|raw|raksbach's rating: 1176 → 1192(+16 for winning)
