|j|☆sqwrlyd00d
|j|☆randomguy1114s
|html|sqwrlyd00drandomguy1114s    
|uhtml|bestof|Game 2 of a best-of-3
|t:|1757212401
|gametype|doubles
|player|p1|sqwrlyd00d|265|1153
|player|p2|randomguy1114s|lillie-masters|1306
|gen|9
|tier|[Gen 9] VGC 2025 Reg H (Bo3)
|rated|
|rule|Species Clause: Limit one of each Pokémon
|rule|Item Clause: Limit 1 of each item
|clearpoke
|poke|p1|Amoonguss, L50, M|
|poke|p1|Sneasler, L50, F|
|poke|p1|Gholdengo, L50|
|poke|p1|Incineroar, L50, M|
|poke|p1|Ursaluna-Bloodmoon, L50, M|
|poke|p1|Dragonite, L50, M|
|poke|p2|Indeedee-F, L50, F|
|poke|p2|Hatterene, L50, F|
|poke|p2|Torkoal, L50, F|
|poke|p2|Sneasler, L50, F|
|poke|p2|Gallade, L50, M|
|poke|p2|Ursaluna, L50, F|
|teampreview|4
|showteam|p1|Amoonguss||SitrusBerry|Regenerator|RagePowder,Spore,PollenPuff,Protect|||M|||50|,,,,,Psychic]Sneasler||FocusSash|Unburden|Protect,DireClaw,CloseCombat,ThroatChop|||F|||50|,,,,,Stellar]Gholdengo||LifeOrb|GoodasGold|Protect,MakeItRain,ShadowBall,NastyPlot||||||50|,,,,,Water]Incineroar||SafetyGoggles|Intimidate|KnockOff,PartingShot,FlareBlitz,FakeOut|||M|||50|,,,,,Ghost]Ursaluna-Bloodmoon||AssaultVest|MindsEye|BloodMoon,EarthPower,VacuumWave,HyperVoice|||M|||50|,,,,,Water]Dragonite||LoadedDice|Multiscale|ScaleShot,Tailwind,Haze,Protect|||M|||50|,,,,,Fairy
|showteam|p2|Indeedee-F||SitrusBerry|PsychicSurge|FollowMe,HelpingHand,TrickRoom,Psychic|||F|||50|,,,,,Water]Hatterene||LifeOrb|MagicBounce|ExpandingForce,DazzlingGleam,TrickRoom,Protect|||F|||50|,,,,,Psychic]Torkoal||Charcoal|Drought|Eruption,HeatWave,SolarBeam,Protect|||F|||50|,,,,,Fire]Sneasler||PsychicSeed|Unburden|CloseCombat,DireClaw,ThroatChop,Protect|||F|||50|,,,,,Dark]Gallade||ClearAmulet|Sharpness|SacredSword,PsychoCut,WideGuard,TrickRoom|||M|||50|,,,,,Stellar]Ursaluna||FlameOrb|Guts|HeadlongRush,Facade,Earthquake,Protect|||F|||50|,,,,,Ghost
|
|t:|1757212420
|teamsize|p1|4
|teamsize|p2|4
|start
|switch|p1a: Zzzzzzzz|Amoonguss, L50, M|100/100
|switch|p1b: Say Cheese|Gholdengo, L50|100/100
|switch|p2a: resident helper|Indeedee-F, L50, F, shiny|100/100
|switch|p2b: its massive|Hatterene, L50, F, shiny|100/100
|-fieldstart|move: Psychic Terrain|[from] ability: Psychic Surge|[of] p2a: resident helper
|turn|1
|
|t:|1757212438
|-terastallize|p2b: its massive|Psychic
|move|p2a: resident helper|Follow Me|p2a: resident helper
|-singleturn|p2a: resident helper|move: Follow Me
|move|p1b: Say Cheese|Make It Rain|p2a: resident helper|[spread] p2a,p2b
|-damage|p2a: resident helper|41/100
|-damage|p2b: its massive|38/100
|-unboost|p1b: Say Cheese|spa|1
|-enditem|p2a: resident helper|Sitrus Berry|[eat]
|-heal|p2a: resident helper|66/100|[from] item: Sitrus Berry
|-damage|p1b: Say Cheese|91/100|[from] item: Life Orb
|move|p1a: Zzzzzzzz|Spore|p2a: resident helper
|-status|p2a: resident helper|slp|[from] move: Spore
|move|p2b: its massive|Trick Room|p2b: its massive
|-fieldstart|move: Trick Room|[of] p2b: its massive
|
|upkeep
|turn|2
|
|t:|1757212460
|switch|p2a: turtleonfire|Torkoal, L50, F, shiny|100/100
|-weather|SunnyDay|[from] ability: Drought|[of] p2a: turtleonfire
|-terastallize|p1a: Zzzzzzzz|Psychic
|move|p2b: its massive|Protect|p2b: its massive
|-singleturn|p2b: its massive|Protect
|move|p1a: Zzzzzzzz|Spore|p2b: its massive
|-activate|p2b: its massive|move: Protect
|move|p1b: Say Cheese|Nasty Plot|p1b: Say Cheese
|-boost|p1b: Say Cheese|spa|2
|
|-weather|SunnyDay|[upkeep]
|upkeep
|turn|3
|
|t:|1757212485
|move|p1b: Say Cheese|Protect|p1b: Say Cheese
|-singleturn|p1b: Say Cheese|Protect
|move|p2a: turtleonfire|Eruption|p1a: Zzzzzzzz|[spread] p1a
|-activate|p1b: Say Cheese|move: Protect
|-damage|p1a: Zzzzzzzz|31/100
|-enditem|p1a: Zzzzzzzz|Sitrus Berry|[eat]
|-heal|p1a: Zzzzzzzz|56/100|[from] item: Sitrus Berry
|move|p2b: its massive|Dazzling Gleam|p1a: Zzzzzzzz|[spread] p1a
|-activate|p1b: Say Cheese|move: Protect
|-damage|p1a: Zzzzzzzz|19/100
|-damage|p2b: its massive|28/100|[from] item: Life Orb
|move|p1a: Zzzzzzzz|Spore|p2a: turtleonfire
|-status|p2a: turtleonfire|slp|[from] move: Spore
|
|-weather|SunnyDay|[upkeep]
|upkeep
|turn|4
|
|t:|1757212503
|switch|p1a: Luffy|Incineroar, L50, M|100/100
|-ability|p1a: Luffy|Intimidate|boost
|-unboost|p2a: turtleonfire|atk|1
|-unboost|p2b: its massive|atk|1
|cant|p2a: turtleonfire|slp
|move|p2b: its massive|Expanding Force|p1a: Luffy|[spread] p1b
|-immune|p1a: Luffy
|-resisted|p1b: Say Cheese
|-damage|p1b: Say Cheese|30/100
|-damage|p2b: its massive|18/100|[from] item: Life Orb
|move|p1b: Say Cheese|Make It Rain|p2b: its massive|[spread] p2a,p2b
|-resisted|p2a: turtleonfire
|-damage|p2a: turtleonfire|46/100 slp
|-damage|p2b: its massive|0 fnt
|-unboost|p1b: Say Cheese|spa|1
|faint|p2b: its massive
|-damage|p1b: Say Cheese|20/100|[from] item: Life Orb
|
|-weather|SunnyDay|[upkeep]
|upkeep
|
|t:|1757212510
|switch|p2b: Ursaluna|Ursaluna, L50, F, shiny|100/100
|turn|5
|
|t:|1757212537
|switch|p1b: Tony|Ursaluna-Bloodmoon, L50, M|100/100
|cant|p2a: turtleonfire|slp
|move|p2b: Ursaluna|Earthquake|p1b: Tony|[spread] p2a,p1a,p1b
|-supereffective|p2a: turtleonfire
|-supereffective|p1a: Luffy
|-damage|p2a: turtleonfire|0 fnt
|-damage|p1a: Luffy|17/100
|-damage|p1b: Tony|64/100
|faint|p2a: turtleonfire
|move|p1a: Luffy|Knock Off|p2b: Ursaluna
|-damage|p2b: Ursaluna|71/100
|-enditem|p2b: Ursaluna|Flame Orb|[from] move: Knock Off|[of] p1a: Luffy
|
|-weather|SunnyDay|[upkeep]
|-fieldend|move: Trick Room
|-fieldend|move: Psychic Terrain
|upkeep
|
|t:|1757212549
|switch|p2a: resident helper|Indeedee-F, L50, F, shiny|66/100 slp
|-fieldstart|move: Psychic Terrain|[from] ability: Psychic Surge|[of] p2a: resident helper
|turn|6
|
|t:|1757212557
|cant|p2a: resident helper|slp
|move|p1a: Luffy|Flare Blitz|p2b: Ursaluna
|-damage|p2b: Ursaluna|9/100
|-damage|p1a: Luffy|0 fnt|[from] Recoil
|faint|p1a: Luffy
|move|p1b: Tony|Hyper Voice|p2b: Ursaluna|[spread] p2a,p2b
|-damage|p2a: resident helper|30/100 slp
|-damage|p2b: Ursaluna|0 fnt
|faint|p2b: Ursaluna
|
|-weather|none
|upkeep
|
|t:|1757212563
|switch|p1a: Say Cheese|Gholdengo, L50|20/100
|turn|7
|-message|randomguy1114s forfeited.
|
|win|sqwrlyd00d
|raw|sqwrlyd00d's rating: 1180 → 1214(+34 for winning)
|raw|randomguy1114s's rating: 1306 → 1279(-27 for losing)
