|j|☆kylosrosephoenix
|j|☆Philip9804
|html|kylosrosephoenixPhilip9804    
|uhtml|bestof|Game 3 of a best-of-3
|t:|1785329369
|gametype|doubles
|player|p1|kylosrosephoenix|nate|1016
|player|p2|Philip9804|may-masters3|1044
|gen|9
|tier|[Gen 9 Champions] VGC 2026 Reg M-B (Bo3)
|rated|
|rule|Species Clause: Limit one of each Pokémon
|rule|Item Clause: Limit 1 of each item
|clearpoke
|poke|p1|Pelipper, L50, M|
|poke|p1|Swampert, L50, F|
|poke|p1|Archaludon, L50, M|
|poke|p1|Basculegion, L50, M|
|poke|p1|Meowstic, L50, M|
|poke|p1|Meganium, L50, F|
|poke|p2|Charizard, L50, M, shiny|
|poke|p2|Staraptor, L50, M, shiny|
|poke|p2|Ninetales-Alola, L50, F, shiny|
|poke|p2|Kingambit, L50, M, shiny|
|poke|p2|Whimsicott, L50, M, shiny|
|poke|p2|Garchomp, L50, F, shiny|
|teampreview|4
|showteam|p1|Pelipper||DampRock|Drizzle|Hurricane,WeatherBall,WideGuard,Roost|Bold||M|||50|]Swampert||Swampertite|Torrent|IcePunch,WaveCrash,HighHorsepower,FlipTurn|Adamant||F|||50|]Archaludon||QuickClaw|Stamina|DracoMeteor,ElectroShot,FlashCannon,Snarl|Timid||M|||50|]Basculegion||ChoiceScarf|SwiftSwim|LastRespects,WaveCrash,FlipTurn,PsychicFangs|Adamant||M|||50|]Meowstic||MentalHerb|Prankster|FakeOut,RainDance,TrickRoom,DarkPulse|Sassy||M|||50|]Meganium||Meganiumite|Overgrow|SolarBeam,WeatherBall,DazzlingGleam,Protect|Timid||F|||50|
|showteam|p2|Charizard||CharizarditeY|Blaze|HeatWave,WeatherBall,SolarBeam,Protect|Modest||M|||50|]Staraptor||Staraptite|Intimidate|BraveBird,CloseCombat,Roost,Protect|Jolly||M|||50|]Ninetales-Alola||FocusSash|SnowWarning|Blizzard,FreezeDry,Roar,Protect|Timid||F|||50|]Kingambit||BlackGlasses|Defiant|KowtowCleave,SuckerPunch,IronHead,Protect|Adamant||M|||50|]Whimsicott||FairyFeather|Prankster|Moonblast,Tailwind,SunnyDay,Charm|Timid||M|||50|]Garchomp||LifeOrb|RoughSkin|StompingTantrum,DragonClaw,RockSlide,Protect|Jolly||F|||50|
|inactive|Battle timer is ON: inactive players will automatically lose when time's up. (requested by Philip9804)
|inactive|kylosrosephoenix has 60 seconds left.
|
|t:|1785329411
|teamsize|p1|4
|teamsize|p2|4
|start
|switch|p1a: Archaludon|Archaludon, L50, M|100/100
|switch|p1b: Meowstic|Meowstic, L50, M|100/100
|switch|p2a: Kingambit|Kingambit, L50, M, shiny|100/100
|switch|p2b: Garchomp|Garchomp, L50, F, shiny|100/100
|turn|1
|-activate|p1a: Archaludon|item: Quick Claw
|
|t:|1785329423
|move|p1b: Meowstic|Fake Out|p2b: Garchomp
|-damage|p2b: Garchomp|94/100
|-damage|p1b: Meowstic|87/100|[from] ability: Rough Skin|[of] p2b: Garchomp
|move|p1a: Archaludon|Draco Meteor|p2b: Garchomp
|-supereffective|p2b: Garchomp|1
|-damage|p2b: Garchomp|0 fnt
|-unboost|p1a: Archaludon|spa|2
|faint|p2b: Garchomp
|move|p2a: Kingambit|Kowtow Cleave|p1b: Meowstic
|-supereffective|p1b: Meowstic|1
|-damage|p1b: Meowstic|0 fnt
|faint|p1b: Meowstic
|
|upkeep
|
|t:|1785329437
|switch|p2b: Charizard|Charizard, L50, M, shiny|100/100
|switch|p1b: Pelipper|Pelipper, L50, M|100/100
|-weather|RainDance|[from] ability: Drizzle|[of] p1b: Pelipper
|turn|2
|inactive|kylosrosephoenix has 30 seconds left.
|inactive|kylosrosephoenix has 20 seconds left.
|
|t:|1785329474
|detailschange|p2b: Charizard|Charizard-Mega-Y, L50, M, shiny
|-mega|p2b: Charizard|Charizard|Charizardite Y
|-weather|SunnyDay|[from] ability: Drought|[of] p2b: Charizard
|move|p2a: Kingambit|Sucker Punch|p1b: Pelipper
|-damage|p1b: Pelipper|60/100
|move|p1a: Archaludon|Snarl|p2a: Kingambit|[spread] p2a,p2b
|-resisted|p2a: Kingambit|1
|-damage|p2a: Kingambit|97/100
|-damage|p2b: Charizard|93/100
|-unboost|p2a: Kingambit|spa|1
|-ability|p2a: Kingambit|Defiant|boost
|-boost|p2a: Kingambit|atk|2
|-unboost|p2b: Charizard|spa|1
|move|p2b: Charizard|Solar Beam||[still]
|-prepare|p2b: Charizard|Solar Beam
|-anim|p2b: Charizard|Solar Beam|p1b: Pelipper
|-damage|p1b: Pelipper|13/100
|move|p1b: Pelipper|Weather Ball|p2a: Kingambit
|-supereffective|p2a: Kingambit|1
|-damage|p2a: Kingambit|26/100
|
|-weather|SunnyDay|[upkeep]
|upkeep
|turn|3
|inactive|kylosrosephoenix has 30 seconds left.
|inactive|Philip9804 has 30 seconds left.
|inactive|kylosrosephoenix has 20 seconds left.
|inactive|kylosrosephoenix has 15 seconds left.
|
|t:|1785329518
|switch|p1b: Swampert|Swampert, L50, F|100/100
|move|p2a: Kingambit|Sucker Punch|p1a: Archaludon
|-damage|p1a: Archaludon|13/100
|-ability|p1a: Archaludon|Stamina|boost
|-boost|p1a: Archaludon|def|1
|move|p1a: Archaludon|Draco Meteor|p2a: Kingambit
|-resisted|p2a: Kingambit|1
|-damage|p2a: Kingambit|10/100
|-unboost|p1a: Archaludon|spa|2
|move|p2b: Charizard|Heat Wave|p1a: Archaludon|[spread] p1a,p1b
|-crit|p1a: Archaludon
|-resisted|p1b: Swampert|1
|-damage|p1a: Archaludon|0 fnt
|-damage|p1b: Swampert|74/100
|faint|p1a: Archaludon
|
|-weather|SunnyDay|[upkeep]
|upkeep
|
|t:|1785329530
|switch|p1a: Pelipper|Pelipper, L50, M|13/100
|-weather|RainDance|[from] ability: Drizzle|[of] p1a: Pelipper
|turn|4
|
|t:|1785329542
|switch|p2b: Ninetales|Ninetales-Alola, L50, F, shiny|100/100
|-weather|Snowscape|[from] ability: Snow Warning|[of] p2b: Ninetales
|detailschange|p1b: Swampert|Swampert-Mega, L50, F
|-mega|p1b: Swampert|Swampert|Swampertite
|move|p2a: Kingambit|Sucker Punch|p1b: Swampert
|-damage|p1b: Swampert|0 fnt
|faint|p1b: Swampert
|move|p1a: Pelipper|Roost|p1a: Pelipper
|-heal|p1a: Pelipper|64/100
|-singleturn|p1a: Pelipper|move: Roost
|
|-weather|Snowscape|[upkeep]
|upkeep
|turn|5
|
|t:|1785329553
|move|p2b: Ninetales|Freeze-Dry|p1a: Pelipper
|-supereffective|p1a: Pelipper|2
|-damage|p1a: Pelipper|0 fnt
|faint|p1a: Pelipper
|
|win|Philip9804
|raw|kylosrosephoenix's rating: 1016 → 1005(-11 for losing)
|raw|Philip9804's rating: 1044 → 1075(+31 for winning)
