|j|☆Aneddino
|j|☆vuelve chusooo
|html|Aneddinovuelve chusooo    
|uhtml|bestof|Game 2 of a best-of-3
|t:|1785496903
|gametype|doubles
|player|p1|Aneddino|rosa|1122
|player|p2|vuelve chusooo|fisherman-gen4|1256
|gen|9
|tier|[Gen 9 Champions] VGC 2026 Reg M-B (Bo3)
|rated|
|rule|Species Clause: Limit one of each Pokémon
|rule|Item Clause: Limit 1 of each item
|clearpoke
|poke|p1|Meowscarada, L50, F|
|poke|p1|Staraptor, L50, M|
|poke|p1|Delphox, L50, F|
|poke|p1|Whimsicott, L50, M|
|poke|p1|Garchomp, L50, M|
|poke|p1|Gholdengo, L50|
|poke|p2|Swampert, L50, M|
|poke|p2|Pelipper, L50, F|
|poke|p2|Archaludon, L50, F|
|poke|p2|Floette-Eternal, L50, F|
|poke|p2|Basculegion, L50, M|
|poke|p2|Incineroar, L50, M|
|teampreview|4
|showteam|p1|Meowscarada||MiracleSeed|Protean|FlowerTrick,TripleAxel,KnockOff,HelpingHand|Adamant||F|||50|]Staraptor||Staraptite|Intimidate|CloseCombat,BraveBird,Roost,Protect|Jolly||M|||50|]Delphox||Delphoxite|Magician|HeatWave,Psychic,Protect,NastyPlot|Timid||F|||50|]Whimsicott||FocusSash|Prankster|Tailwind,Moonblast,Charm,Protect|Timid||M|||50|]Garchomp||LifeOrb|RoughSkin|DragonClaw,Earthquake,RockSlide,Protect|Jolly||M|||50|]Gholdengo||SpellTag|GoodasGold|MakeItRain,ShadowBall,NastyPlot,Protect|Modest|||||50|
|showteam|p2|Swampert||Swampertite|Torrent|WaveCrash,Earthquake,IcePunch,Protect|Adamant||M|||50|]Pelipper||FocusSash|Drizzle|WeatherBall,Hurricane,Tailwind,Protect|Modest||F|||50|]Archaludon||Leftovers|Stamina|DragonPulse,FlashCannon,ElectroShot,Protect|Modest||F|||50|]Floette-Eternal||Floettite|FlowerVeil|Moonblast,DazzlingGleam,LightofRuin,Protect|Modest||F|||50|]Basculegion||ChoiceScarf|Adaptability|WaveCrash,LastRespects,AquaJet,FlipTurn|Adamant||M|||50|]Incineroar||SitrusBerry|Intimidate|FakeOut,PartingShot,FlareBlitz,ThroatChop|Careful||M|||50|
|c|☆Aneddino|Miss click XD
|
|t:|1785496963
|teamsize|p1|4
|teamsize|p2|4
|start
|switch|p1a: Gholdengo|Gholdengo, L50|100/100
|switch|p1b: Whimsicott|Whimsicott, L50, M|100/100
|switch|p2a: Pelipper|Pelipper, L50, F|100/100
|switch|p2b: Incineroar|Incineroar, L50, M|100/100
|-weather|RainDance|[from] ability: Drizzle|[of] p2a: Pelipper
|-ability|p2b: Incineroar|Intimidate|boost
|-unboost|p1a: Gholdengo|atk|1
|-unboost|p1b: Whimsicott|atk|1
|turn|1
|
|t:|1785496992
|move|p1b: Whimsicott|Tailwind|p1b: Whimsicott
|-sidestart|p1: Aneddino|move: Tailwind
|move|p1a: Gholdengo|Shadow Ball|p2a: Pelipper
|-damage|p2a: Pelipper|7/100
|move|p2a: Pelipper|Tailwind|p2a: Pelipper
|-sidestart|p2: vuelve chusooo|move: Tailwind
|move|p2b: Incineroar|Throat Chop|p1a: Gholdengo
|-supereffective|p1a: Gholdengo|1
|-damage|p1a: Gholdengo|34/100
|-start|p1a: Gholdengo|Throat Chop|[silent]
|
|-weather|RainDance|[upkeep]
|upkeep
|turn|2
|
|t:|1785497023
|switch|p1a: Garchomp|Garchomp, L50, M|100/100
|move|p1b: Whimsicott|Moonblast|p2a: Pelipper
|-damage|p2a: Pelipper|0 fnt
|faint|p2a: Pelipper
|move|p2b: Incineroar|Throat Chop|p1a: Garchomp
|-damage|p1a: Garchomp|68/100
|-start|p1a: Garchomp|Throat Chop|[silent]
|-damage|p2b: Incineroar|87/100|[from] ability: Rough Skin|[of] p1a: Garchomp
|
|-weather|RainDance|[upkeep]
|upkeep
|
|t:|1785497031
|switch|p2a: Floette|Floette-Eternal, L50, F|100/100
|turn|3
|
|t:|1785497048
|detailschange|p2a: Floette|Floette-Mega, L50, F
|-mega|p2a: Floette|Floette|Floettite
|-ability|p2a: Floette|Fairy Aura
|move|p1a: Garchomp|Protect|p1a: Garchomp
|-singleturn|p1a: Garchomp|Protect
|move|p1b: Whimsicott|Moonblast|p2b: Incineroar
|-damage|p2b: Incineroar|52/100
|move|p2a: Floette|Dazzling Gleam|p1b: Whimsicott|[spread] p1b
|-activate|p1a: Garchomp|move: Protect
|-damage|p1b: Whimsicott|23/100
|move|p2b: Incineroar|Flare Blitz|p1b: Whimsicott
|-supereffective|p1b: Whimsicott|1
|-damage|p1b: Whimsicott|0 fnt
|faint|p1b: Whimsicott
|-damage|p2b: Incineroar|47/100|[from] Recoil
|-enditem|p2b: Incineroar|Sitrus Berry|[eat]
|-heal|p2b: Incineroar|72/100|[from] item: Sitrus Berry
|
|-weather|RainDance|[upkeep]
|-end|p1a: Garchomp|Throat Chop|[silent]
|upkeep
|
|t:|1785497063
|switch|p1b: Gholdengo|Gholdengo, L50|34/100
|turn|4
|
|t:|1785497080
|move|p1b: Gholdengo|Protect|p1b: Gholdengo
|-singleturn|p1b: Gholdengo|Protect
|move|p1a: Garchomp|Earthquake|p2b: Incineroar|[spread] p2a,p2b
|-activate|p1b: Gholdengo|move: Protect
|-supereffective|p2b: Incineroar|1
|-damage|p2a: Floette|37/100
|-damage|p2b: Incineroar|0 fnt
|faint|p2b: Incineroar
|-damage|p1a: Garchomp|58/100|[from] item: Life Orb
|move|p2a: Floette|Dazzling Gleam|p1a: Garchomp|[spread] p1a
|-activate|p1b: Gholdengo|move: Protect
|-supereffective|p1a: Garchomp|1
|-damage|p1a: Garchomp|0 fnt
|faint|p1a: Garchomp
|
|-weather|RainDance|[upkeep]
|-sideend|p2: vuelve chusooo|move: Tailwind
|-sideend|p1: Aneddino|move: Tailwind
|upkeep
|
|t:|1785497091
|switch|p1a: Staraptor|Staraptor, L50, M|100/100
|switch|p2b: Basculegion|Basculegion, L50, M|100/100
|-ability|p1a: Staraptor|Intimidate|boost
|-unboost|p2a: Floette|atk|1
|-unboost|p2b: Basculegion|atk|1
|turn|5
|
|t:|1785497113
|move|p2b: Basculegion|Wave Crash|p1b: Gholdengo
|-damage|p1b: Gholdengo|0 fnt
|faint|p1b: Gholdengo
|-damage|p2b: Basculegion|89/100|[from] Recoil
|move|p1a: Staraptor|Brave Bird|p2a: Floette
|-damage|p2a: Floette|0 fnt
|faint|p2a: Floette
|-damage|p1a: Staraptor|90/100|[from] Recoil
|
|-weather|none
|upkeep
|turn|6
|
|t:|1785497124
|detailschange|p1a: Staraptor|Staraptor-Mega, L50, M
|-mega|p1a: Staraptor|Staraptor|Staraptite
|move|p2b: Basculegion|Wave Crash|p1a: Staraptor
|-damage|p1a: Staraptor|35/100
|-damage|p2b: Basculegion|71/100|[from] Recoil
|move|p1a: Staraptor|Brave Bird|p2b: Basculegion
|-damage|p2b: Basculegion|0 fnt
|faint|p2b: Basculegion
|-damage|p1a: Staraptor|11/100|[from] Recoil
|
|win|Aneddino
||Aneddino is ready for game 3.
|inactive|vuelve chusooo has 30 seconds to confirm battle start!
||vuelve chusooo is ready for game 3.
|uhtml|next|Next: Game 3 of 3
|l|☆vuelve chusooo
|player|p2|
|l|☆Aneddino
|player|p1|
|j|☆vuelve chusooo
|player|p2|vuelve chusooo|fisherman-gen4|
