|j|☆SirenXD
|j|☆itsyaboibenbaker
|html|SirenXDitsyaboibenbaker    
|uhtml|bestof|Game 2 of a best-of-3
|t:|1783212460
|gametype|doubles
|player|p1|SirenXD|170|1044
|player|p2|itsyaboibenbaker|ghetsis-gen5bw|1159
|gen|9
|tier|[Gen 9 Champions] VGC 2026 Reg M-B (Bo3)
|rated|
|rule|Species Clause: Limit one of each Pokémon
|rule|Item Clause: Limit 1 of each item
|clearpoke
|poke|p1|Delphox, L50, F|
|poke|p1|Floette-Eternal, L50, F|
|poke|p1|Incineroar, L50, M|
|poke|p1|Sinistcha, L50|
|poke|p1|Kingambit, L50, F|
|poke|p1|Sneasler, L50, M|
|poke|p2|Swampert, L50, F|
|poke|p2|Sinistcha, L50|
|poke|p2|Pelipper, L50, M|
|poke|p2|Archaludon, L50, M|
|poke|p2|Sableye, L50, M|
|poke|p2|Metagross, L50, shiny|
|teampreview|4
|showteam|p1|Delphox||Delphoxite|Blaze|HeatWave,Psyshock,NastyPlot,Protect|Timid||F|||50|]Floette-Eternal||Floettite|FlowerVeil|Moonblast,DazzlingGleam,CalmMind,Protect|Modest||F|||50|]Incineroar||SitrusBerry|Intimidate|FakeOut,FlareBlitz,DarkestLariat,PartingShot|Impish||M|||50|]Sinistcha||KasibBerry|Hospitality|MatchaGotcha,LifeDew,RagePowder,Protect|Bold|||||50|]Kingambit||BlackGlasses|Defiant|KowtowCleave,SuckerPunch,SwordsDance,Protect|Adamant||F|||50|]Sneasler||FocusSash|PoisonTouch|FakeOut,DireClaw,CloseCombat,QuickGuard|Jolly||M|||50|
|showteam|p2|Swampert||Swampertite|Torrent|Earthquake,Protect,IcePunch,WaveCrash|Adamant||F|||50|]Sinistcha||BrightPowder|Hospitality|MatchaGotcha,LifeDew,RagePowder,TrickRoom|Bold|||||50|]Pelipper||FocusSash|Drizzle|WeatherBall,WideGuard,Tailwind,Hurricane|Modest||M|||50|]Archaludon||Leftovers|Stamina|ElectroShot,Protect,FlashCannon,DracoMeteor|Calm||M|||50|]Sableye||RoseliBerry|Prankster|Encore,Disable,FoulPlay,WillOWisp|Calm||M|||50|]Metagross||Metagrossite|ClearBody|Protect,PsychicFangs,IronHead,BodyPress|Adamant|||||50|
|inactive|Battle timer is ON: inactive players will automatically lose when time's up. (requested by itsyaboibenbaker)
|
|t:|1783212486
|teamsize|p1|4
|teamsize|p2|4
|start
|switch|p1a: Floette|Floette-Eternal, L50, F|100/100
|switch|p1b: Sneasler|Sneasler, L50, M|100/100
|switch|p2a: Metagross|Metagross, L50, shiny|100/100
|switch|p2b: Pelipper|Pelipper, L50, M|100/100
|-weather|RainDance|[from] ability: Drizzle|[of] p2b: Pelipper
|turn|1
|inactive|SirenXD has 30 seconds left.
|
|t:|1783212519
|detailschange|p2a: Metagross|Metagross-Mega, L50, shiny
|-mega|p2a: Metagross|Metagross|Metagrossite
|move|p2a: Metagross|Protect|p2a: Metagross
|-singleturn|p2a: Metagross|Protect
|move|p1b: Sneasler|Fake Out|p2a: Metagross
|-activate|p2a: Metagross|move: Protect
|move|p1a: Floette|Moonblast|p2b: Pelipper
|-damage|p2b: Pelipper|38/100
|move|p2b: Pelipper|Tailwind|p2b: Pelipper
|-sidestart|p2: itsyaboibenbaker|move: Tailwind
|
|-weather|RainDance|[upkeep]
|upkeep
|turn|2
|
|t:|1783212534
|switch|p1a: Incineroar|Incineroar, L50, M|100/100
|-ability|p1a: Incineroar|Intimidate|boost
|-unboost|p2a: Metagross|atk|1
|-unboost|p2b: Pelipper|atk|1
|move|p2a: Metagross|Iron Head|p1a: Incineroar
|-resisted|p1a: Incineroar|1
|-damage|p1a: Incineroar|85/100
|move|p1b: Sneasler|Dire Claw|p2b: Pelipper
|-damage|p2b: Pelipper|0 fnt
|faint|p2b: Pelipper
|
|-weather|RainDance|[upkeep]
|upkeep
|
|t:|1783212549
|switch|p2b: Sinistcha|Sinistcha, L50|100/100
|turn|3
|
|t:|1783212557
|switch|p2a: Archaludon|Archaludon, L50, M|100/100
|move|p1b: Sneasler|Dire Claw|p2b: Sinistcha
|-damage|p2b: Sinistcha|66/100
|-status|p2b: Sinistcha|psn|[from] ability: Poison Touch|[of] p1b: Sneasler
|move|p2b: Sinistcha|Matcha Gotcha|p1a: Incineroar|[spread] p1a,p1b
|-resisted|p1a: Incineroar|1
|-resisted|p1b: Sneasler|1
|-damage|p1a: Incineroar|74/100
|-heal|p2b: Sinistcha|72/100 psn|[from] drain|[of] p1a: Incineroar
|-damage|p1b: Sneasler|83/100
|-heal|p2b: Sinistcha|79/100 psn|[from] drain|[of] p1b: Sneasler
|move|p1a: Incineroar|Darkest Lariat|p2b: Sinistcha
|-supereffective|p2b: Sinistcha|1
|-damage|p2b: Sinistcha|25/100 psn
|
|-weather|RainDance|[upkeep]
|-damage|p2b: Sinistcha|13/100 psn|[from] psn
|upkeep
|turn|4
|inactive|SirenXD has 30 seconds left.
|inactive|itsyaboibenbaker has 30 seconds left.
|
|t:|1783212594
|switch|p1b: Kingambit|Kingambit, L50, F|100/100
|move|p2a: Archaludon|Electro Shot||[still]
|-prepare|p2a: Archaludon|Electro Shot
|-boost|p2a: Archaludon|spa|1
|-anim|p2a: Archaludon|Electro Shot|p1a: Incineroar
|-damage|p1a: Incineroar|25/100
|-enditem|p1a: Incineroar|Sitrus Berry|[eat]
|-heal|p1a: Incineroar|50/100g|[from] item: Sitrus Berry
|move|p2b: Sinistcha|Life Dew||[still]|[spread] p2a,p2b
|-fail|p2a: Archaludon|heal
|-heal|p2b: Sinistcha|38/100 psn
|move|p1a: Incineroar|Darkest Lariat|p2b: Sinistcha
|-supereffective|p2b: Sinistcha|1
|-damage|p2b: Sinistcha|0 fnt
|faint|p2b: Sinistcha
|
|-weather|RainDance|[upkeep]
|-sideend|p2: itsyaboibenbaker|move: Tailwind
|upkeep
|
|t:|1783212606
|switch|p2b: Metagross|Metagross-Mega, L50, shiny|100/100
|turn|5
|
|t:|1783212615
|move|p2b: Metagross|Body Press|p1b: Kingambit
|-supereffective|p1b: Kingambit|2
|-damage|p1b: Kingambit|0 fnt
|faint|p1b: Kingambit
|move|p2a: Archaludon|Electro Shot||[still]
|-prepare|p2a: Archaludon|Electro Shot
|-boost|p2a: Archaludon|spa|1
|-anim|p2a: Archaludon|Electro Shot|p1a: Incineroar
|-crit|p1a: Incineroar
|-damage|p1a: Incineroar|0 fnt
|faint|p1a: Incineroar
|
|-weather|none
|upkeep
|
|t:|1783212620
|switch|p1a: Sneasler|Sneasler, L50, M|83/100
|switch|p1b: Floette|Floette-Eternal, L50, F|100/100
|turn|6
|inactive|SirenXD has 30 seconds left.
|inactive|SirenXD has 20 seconds left.
|
|t:|1783212655
|detailschange|p1b: Floette|Floette-Mega, L50, F
|-mega|p1b: Floette|Floette|Floettite
|-ability|p1b: Floette|Fairy Aura
|move|p2b: Metagross|Protect|p2b: Metagross
|-singleturn|p2b: Metagross|Protect
|move|p1a: Sneasler|Close Combat|p2b: Metagross
|-activate|p2b: Metagross|move: Protect
|move|p1b: Floette|Calm Mind|p1b: Floette
|-boost|p1b: Floette|spa|1
|-boost|p1b: Floette|spd|1
|move|p2a: Archaludon|Flash Cannon|p1b: Floette
|-supereffective|p1b: Floette|1
|-damage|p1b: Floette|29/100
|-unboost|p1b: Floette|spd|1
|
|upkeep
|turn|7
|
|t:|1783212669
|move|p1b: Floette|Protect|p1b: Floette
|-singleturn|p1b: Floette|Protect
|move|p1a: Sneasler|Close Combat|p2a: Archaludon
|-supereffective|p2a: Archaludon|1
|-damage|p2a: Archaludon|19/100
|-unboost|p1a: Sneasler|def|1
|-unboost|p1a: Sneasler|spd|1
|-ability|p2a: Archaludon|Stamina|boost
|-boost|p2a: Archaludon|def|1
|move|p2b: Metagross|Psychic Fangs|p1a: Sneasler
|-supereffective|p1a: Sneasler|2
|-damage|p1a: Sneasler|0 fnt
|faint|p1a: Sneasler
|move|p2a: Archaludon|Flash Cannon|p1b: Floette
|-activate|p1b: Floette|move: Protect
|
|-heal|p2a: Archaludon|25/100|[from] item: Leftovers
|upkeep
|turn|8
|
|t:|1783212676
|move|p1b: Floette|Dazzling Gleam|p2b: Metagross|[spread] p2a,p2b
|-resisted|p2b: Metagross|1
|-damage|p2a: Archaludon|0 fnt
|-damage|p2b: Metagross|67/100
|faint|p2a: Archaludon
|move|p2b: Metagross|Iron Head|p1b: Floette
|-supereffective|p1b: Floette|1
|-damage|p1b: Floette|0 fnt
|faint|p1b: Floette
|
|win|itsyaboibenbaker
||itsyaboibenbaker is ready for game 3.
||SirenXD is ready for game 3.
|uhtml|next|Next: Game 3 of 3
|l|☆itsyaboibenbaker
|player|p2|
