|j|☆teyvgc
|j|☆escapadian
|html|teyvgcescapadian    
|uhtml|bestof|Game 2 of a best-of-3
|t:|1782535139
|gametype|doubles
|player|p1|teyvgc|rood|1137
|player|p2|escapadian|rocketgruntf|1173
|gen|9
|tier|[Gen 9 Champions] VGC 2026 Reg M-B (Bo3)
|rated|
|rule|Species Clause: Limit one of each Pokémon
|rule|Item Clause: Limit 1 of each item
|clearpoke
|poke|p1|Houndstone, L50, M|
|poke|p1|Tyranitar, L50, M|
|poke|p1|Rotom-Wash, L50|
|poke|p1|Incineroar, L50, M|
|poke|p1|Farigiraf, L50, F, shiny|
|poke|p1|Garchomp, L50, F, shiny|
|poke|p2|Floette-Eternal, L50, F|
|poke|p2|Whimsicott, L50, F|
|poke|p2|Basculegion, L50, M, shiny|
|poke|p2|Charizard, L50, M|
|poke|p2|Garchomp, L50, M|
|poke|p2|Kingambit, L50, F|
|teampreview|4
|showteam|p1|Houndstone||FocusSash|SandRush|Poltergeist,ShadowSneak,LastRespects,Protect|Adamant||M|||50|]Tyranitar||Tyranitarite|SandStream|RockSlide,KnockOff,LowKick,Protect|Adamant||M|||50|]Rotom-Wash||Leftovers|Levitate|LightScreen,HydroPump,VoltSwitch,WillOWisp|Bold|||||50|]Incineroar||PasshoBerry|Intimidate|FlareBlitz,DarkestLariat,FakeOut,PartingShot|Adamant||M|||50|]Farigiraf||TwistedSpoon|ArmorTail|HyperVoice,TwinBeam,TrickRoom,HelpingHand|Quiet||F|||50|]Garchomp||Garchompite|RoughSkin|StompingTantrum,DragonClaw,IronHead,Protect|Brave||F|||50|
|showteam|p2|Floette-Eternal||Floettite|FlowerVeil|Moonblast,DazzlingGleam,LightofRuin,Protect|Timid||F|||50|]Whimsicott||FocusSash|Prankster|Moonblast,Tailwind,Encore,Protect|Timid||F|||50|]Basculegion||MysticWater|Adaptability|WaveCrash,LastRespects,AquaJet,Protect|Adamant||M|||50|]Charizard||CharizarditeY|Blaze|HeatWave,WeatherBall,SolarBeam,Protect|Modest||M|||50|]Garchomp||LifeOrb|RoughSkin|DragonClaw,Protect,RockSlide,Earthquake|Jolly||M|||50|]Kingambit||BlackGlasses|Defiant|KowtowCleave,IronHead,SuckerPunch,Protect|Adamant||F|||50|
|inactive|Battle timer is ON: inactive players will automatically lose when time's up. (requested by escapadian)
|inactive|teyvgc has 60 seconds left.
|
|t:|1782535214
|teamsize|p1|4
|teamsize|p2|4
|start
|switch|p1a: Rotom|Rotom-Wash, L50|100/100
|switch|p1b: Tyranitar|Tyranitar, L50, M|100/100
|switch|p2a: Kingambit|Kingambit, L50, F|100/100
|switch|p2b: Whimsicott|Whimsicott, L50, F|100/100
|-weather|Sandstorm|[from] ability: Sand Stream|[of] p1b: Tyranitar
|turn|1
|inactive|teyvgc has 30 seconds left.
|
|t:|1782535248
|switch|p2a: Floette|Floette-Eternal, L50, F|100/100
|move|p2b: Whimsicott|Moonblast|p1b: Tyranitar
|-supereffective|p1b: Tyranitar|1
|-damage|p1b: Tyranitar|61/100
|move|p1a: Rotom|Volt Switch|p2b: Whimsicott
|-resisted|p2b: Whimsicott|1
|-damage|p2b: Whimsicott|79/100
|
|t:|1782535257
|switch|p1a: Houndstone|Houndstone, L50, M|100/100|[from] Volt Switch
|move|p1b: Tyranitar|Low Kick|p2a: Floette
|-resisted|p2a: Floette|1
|-damage|p2a: Floette|93/100
|
|-weather|Sandstorm|[upkeep]
|-damage|p2b: Whimsicott|73/100|[from] Sandstorm
|-damage|p2a: Floette|87/100|[from] Sandstorm
|upkeep
|turn|2
|
|t:|1782535274
|detailschange|p2a: Floette|Floette-Mega, L50, F
|-mega|p2a: Floette|Floette|Floettite
|-ability|p2a: Floette|Fairy Aura
|detailschange|p1b: Tyranitar|Tyranitar-Mega, L50, M
|-mega|p1b: Tyranitar|Tyranitar|Tyranitarite
|move|p2b: Whimsicott|Tailwind|p2b: Whimsicott
|-sidestart|p2: escapadian|move: Tailwind
|move|p2a: Floette|Dazzling Gleam|p1a: Houndstone|[spread] p1a,p1b
|-supereffective|p1b: Tyranitar|1
|-damage|p1a: Houndstone|45/100
|-damage|p1b: Tyranitar|12/100
|move|p1a: Houndstone|Poltergeist|p2a: Floette
|-activate|p2a: Floette|move: Poltergeist|Floettite
|-damage|p2a: Floette|21/100
|move|p1b: Tyranitar|Rock Slide|p2a: Floette|[spread] p2a
|-miss|p1b: Tyranitar|p2b: Whimsicott
|-damage|p2a: Floette|0 fnt
|faint|p2a: Floette
|
|-weather|Sandstorm|[upkeep]
|-damage|p2b: Whimsicott|67/100|[from] Sandstorm
|upkeep
|
|t:|1782535296
|switch|p2a: Basculegion|Basculegion, L50, M, shiny|100/100
|turn|3
|
|t:|1782535303
|move|p1a: Houndstone|Protect|p1a: Houndstone
|-singleturn|p1a: Houndstone|Protect
|move|p1b: Tyranitar|Protect|p1b: Tyranitar
|-singleturn|p1b: Tyranitar|Protect
|move|p2b: Whimsicott|Moonblast|p1b: Tyranitar
|-activate|p1b: Tyranitar|move: Protect
|move|p2a: Basculegion|Last Respects|p1a: Houndstone
|-activate|p1a: Houndstone|move: Protect
|
|-weather|Sandstorm|[upkeep]
|-damage|p2b: Whimsicott|62/100|[from] Sandstorm
|-damage|p2a: Basculegion|93/100|[from] Sandstorm
|upkeep
|turn|4
|inactive|escapadian has 30 seconds left.
|
|t:|1782535328
|switch|p1a: Garchomp|Garchomp, L50, F, shiny|100/100
|switch|p1b: Rotom|Rotom-Wash, L50|100/100
|move|p2a: Basculegion|Protect|p2a: Basculegion
|-singleturn|p2a: Basculegion|Protect
|move|p2b: Whimsicott|Moonblast|p1b: Rotom
|-damage|p1b: Rotom|65/100
|
|-weather|Sandstorm|[upkeep]
|-damage|p2b: Whimsicott|56/100|[from] Sandstorm
|-damage|p2a: Basculegion|87/100|[from] Sandstorm
|-damage|p1b: Rotom|59/100|[from] Sandstorm
|-heal|p1b: Rotom|65/100|[from] item: Leftovers
|upkeep
|turn|5
|
|t:|1782535345
|move|p2b: Whimsicott|Moonblast|p1a: Garchomp
|-supereffective|p1a: Garchomp|1
|-damage|p1a: Garchomp|38/100
|move|p2a: Basculegion|Last Respects|p1b: Rotom
|-damage|p1b: Rotom|8/100
|move|p1b: Rotom|Will-O-Wisp|p2a: Basculegion
|-status|p2a: Basculegion|brn
|move|p1a: Garchomp|Iron Head|p2b: Whimsicott
|-supereffective|p2b: Whimsicott|1
|-damage|p2b: Whimsicott|0 fnt
|faint|p2b: Whimsicott
|
|-weather|none
|-heal|p1b: Rotom|14/100|[from] item: Leftovers
|-damage|p2a: Basculegion|81/100 brn|[from] brn
|-sideend|p2: escapadian|move: Tailwind
|upkeep
|
|t:|1782535360
|switch|p2b: Kingambit|Kingambit, L50, F|100/100
|turn|6
|
|t:|1782535377
|move|p1a: Garchomp|Protect|p1a: Garchomp
|-singleturn|p1a: Garchomp|Protect
|move|p2a: Basculegion|Wave Crash|p1b: Rotom
|-resisted|p1b: Rotom|1
|-damage|p1b: Rotom|0 fnt
|faint|p1b: Rotom
|-damage|p2a: Basculegion|78/100 brn|[from] Recoil
|move|p2b: Kingambit|Kowtow Cleave|p1a: Garchomp
|-activate|p1a: Garchomp|move: Protect
|
|-damage|p2a: Basculegion|72/100 brn|[from] brn
|upkeep
|
|t:|1782535390
|switch|p1b: Tyranitar|Tyranitar-Mega, L50, M|12/100
|-weather|Sandstorm|[from] ability: Sand Stream|[of] p1b: Tyranitar
|turn|7
|
|t:|1782535398
|move|p2b: Kingambit|Protect|p2b: Kingambit
|-singleturn|p2b: Kingambit|Protect
|move|p2a: Basculegion|Wave Crash|p1a: Garchomp
|-damage|p1a: Garchomp|0 fnt
|-damage|p2a: Basculegion|60/100 brn|[from] ability: Rough Skin|[of] p1a: Garchomp
|faint|p1a: Garchomp
|-damage|p2a: Basculegion|46/100 brn|[from] Recoil
|move|p1b: Tyranitar|Low Kick|p2b: Kingambit
|-activate|p2b: Kingambit|move: Protect
|
|-weather|Sandstorm|[upkeep]
|-damage|p2a: Basculegion|40/100 brn|[from] Sandstorm
|-damage|p2a: Basculegion|34/100 brn|[from] brn
|upkeep
|
|t:|1782535402
|switch|p1a: Houndstone|Houndstone, L50, M|45/100
|turn|8
|inactive|teyvgc has 30 seconds left.
|
|t:|1782535428
|move|p1a: Houndstone|Protect|p1a: Houndstone
|-singleturn|p1a: Houndstone|Protect
|move|p1b: Tyranitar|Protect|p1b: Tyranitar
|-singleturn|p1b: Tyranitar|Protect
|move|p2a: Basculegion|Aqua Jet|p1b: Tyranitar
|-activate|p1b: Tyranitar|move: Protect
|move|p2b: Kingambit|Kowtow Cleave|p1a: Houndstone
|-activate|p1a: Houndstone|move: Protect
|
|-weather|Sandstorm|[upkeep]
|-damage|p2a: Basculegion|28/100 brn|[from] Sandstorm
|-damage|p2a: Basculegion|22/100 brn|[from] brn
|upkeep
|turn|9
|
|t:|1782535446
|move|p2a: Basculegion|Protect|p2a: Basculegion
|-singleturn|p2a: Basculegion|Protect
|move|p1a: Houndstone|Shadow Sneak|p2a: Basculegion
|-activate|p2a: Basculegion|move: Protect
|move|p1b: Tyranitar|Low Kick|p2b: Kingambit
|-supereffective|p2b: Kingambit|2
|-damage|p2b: Kingambit|0 fnt
|faint|p2b: Kingambit
|
|-weather|Sandstorm|[upkeep]
|-damage|p2a: Basculegion|16/100 brn|[from] Sandstorm
|-damage|p2a: Basculegion|10/100 brn|[from] brn
|upkeep
|turn|10
|
|t:|1782535460
|move|p1a: Houndstone|Last Respects|p2a: Basculegion
|-supereffective|p2a: Basculegion|1
|-damage|p2a: Basculegion|0 fnt
|faint|p2a: Basculegion
|
|win|teyvgc
