|j|☆evilmayheem
|j|☆chawieeee
|html|evilmayheemchawieeee    
|uhtml|bestof|Game 1 of a best-of-3
|t:|1782262021
|gametype|doubles
|player|p1|evilmayheem|crasherwake|1166
|player|p2|chawieeee|101|1295
|gen|9
|tier|[Gen 9 Champions] VGC 2026 Reg M-B (Bo3)
|rated|
|rule|Species Clause: Limit one of each Pokémon
|rule|Item Clause: Limit 1 of each item
|clearpoke
|poke|p1|Pyroar, L50, F|
|poke|p1|Sableye, L50, M|
|poke|p1|Farigiraf, L50, M|
|poke|p1|Kingambit, L50, M|
|poke|p1|Sylveon, L50, M|
|poke|p1|Scrafty, L50, F|
|poke|p2|Froslass, L50, F|
|poke|p2|Incineroar, L50, F|
|poke|p2|Tsareena, L50, F|
|poke|p2|Garchomp, L50, F|
|poke|p2|Toxapex, L50, M|
|poke|p2|Sneasler, L50, F|
|teampreview|4
|showteam|p1|Pyroar||Pyroarite|Rivalry|HeatWave,Overheat,SolarBeam,Protect|Timid||F|||50|]Sableye||RoseliBerry|Prankster|SunnyDay,LightScreen,Reflect,WillOWisp|Calm||M|||50|]Farigiraf||SitrusBerry|ArmorTail|Protect,HelpingHand,Psychic,TrickRoom|Calm||M|||50|]Kingambit||ChopleBerry|Defiant|KowtowCleave,IronHead,SuckerPunch,Protect|Adamant||M|||50|]Sylveon||FairyFeather|Pixilate|Detect,HyperVoice,QuickAttack,HyperBeam|Quiet||M|||50|]Scrafty||Scraftinite|Intimidate|FakeOut,Detect,CloseCombat,KnockOff|Brave||F|||50|
|showteam|p2|Froslass||Froslassite|CursedBody|Blizzard,Thunderbolt,AuroraVeil,Protect|Timid||F|||50|]Incineroar||SitrusBerry|Intimidate|FakeOut,FlareBlitz,ThroatChop,PartingShot|Careful||F|||50|]Tsareena||ChoiceScarf|QueenlyMajesty|LowKick,Uturn,TropKick,KnockOff|Jolly||F|||50|]Garchomp||LifeOrb|RoughSkin|DragonClaw,StompingTantrum,RockSlide,Protect|Jolly||F|||50|]Toxapex||Leftovers|Regenerator|BanefulBunker,WideGuard,Infestation,Toxic|Relaxed||M|||50|]Sneasler||WhiteHerb|Unburden|FakeOut,CloseCombat,DireClaw,Protect|Jolly||F|||50|
|inactive|Battle timer is ON: inactive players will automatically lose when time's up. (requested by chawieeee)
|inactive|evilmayheem has 60 seconds left.
|inactive|chawieeee has 60 seconds left.
|inactive|evilmayheem has 30 seconds left.
|
|t:|1782262084
|teamsize|p1|4
|teamsize|p2|4
|start
|switch|p1a: Farigiraf|Farigiraf, L50, M|100/100
|switch|p1b: Scrafty|Scrafty, L50, F|100/100
|switch|p2a: Tsareena|Tsareena, L50, F|100/100
|switch|p2b: Toxapex|Toxapex, L50, M|100/100
|-ability|p1b: Scrafty|Intimidate|boost
|-unboost|p2a: Tsareena|atk|1
|-unboost|p2b: Toxapex|atk|1
|turn|1
|
|t:|1782262106
|detailschange|p1b: Scrafty|Scrafty-Mega, L50, F
|-mega|p1b: Scrafty|Scrafty|Scraftinite
|-ability|p1b: Scrafty|Intimidate|boost
|-unboost|p2a: Tsareena|atk|1
|-unboost|p2b: Toxapex|atk|1
|move|p2a: Tsareena|Knock Off|p1a: Farigiraf
|-supereffective|p1a: Farigiraf|1
|-damage|p1a: Farigiraf|70/100
|-enditem|p1a: Farigiraf|Sitrus Berry|[from] move: Knock Off|[of] p2a: Tsareena
|move|p1b: Scrafty|Close Combat|p2a: Tsareena
|-damage|p2a: Tsareena|30/100
|-unboost|p1b: Scrafty|def|1
|-unboost|p1b: Scrafty|spd|1
|move|p2b: Toxapex|Toxic|p1b: Scrafty
|-status|p1b: Scrafty|tox
|move|p1a: Farigiraf|Trick Room|p1a: Farigiraf
|-fieldstart|move: Trick Room|[of] p1a: Farigiraf
|
|-damage|p1b: Scrafty|94/100 tox|[from] psn
|upkeep
|turn|2
|
|t:|1782262130
|switch|p2a: Garchomp|Garchomp, L50, F|100/100
|move|p2b: Toxapex|Infestation|p1b: Scrafty
|-damage|p1b: Scrafty|90/100 tox
|-activate|p1b: Scrafty|move: Infestation|[of] p2b: Toxapex
|move|p1b: Scrafty|Close Combat|p2a: Garchomp
|-damage|p2a: Garchomp|41/100
|-unboost|p1b: Scrafty|def|1
|-unboost|p1b: Scrafty|spd|1
|-damage|p1b: Scrafty|78/100 tox|[from] ability: Rough Skin|[of] p2a: Garchomp
|move|p1a: Farigiraf|Psychic|p2b: Toxapex
|-supereffective|p2b: Toxapex|1
|-damage|p2b: Toxapex|44/100
|-unboost|p2b: Toxapex|spd|1
|
|-heal|p2b: Toxapex|50/100g|[from] item: Leftovers
|-damage|p1b: Scrafty|66/100 tox|[from] psn
|-damage|p1b: Scrafty|54/100 tox|[from] move: Infestation|[partiallytrapped]
|upkeep
|turn|3
|inactive|chawieeee has 30 seconds left.
|inactive|chawieeee has 20 seconds left.
|
|t:|1782262169
|switch|p2a: Froslass|Froslass, L50, F|100/100
|move|p2b: Toxapex|Baneful Bunker|p2b: Toxapex
|-singleturn|p2b: Toxapex|move: Protect
|move|p1b: Scrafty|Close Combat|p2a: Froslass
|-immune|p2a: Froslass
|move|p1a: Farigiraf|Psychic|p2b: Toxapex
|-activate|p2b: Toxapex|move: Protect
|
|-heal|p2b: Toxapex|56/100|[from] item: Leftovers
|-damage|p1b: Scrafty|37/100 tox|[from] psn
|-damage|p1b: Scrafty|25/100 tox|[from] move: Infestation|[partiallytrapped]
|upkeep
|turn|4
|
|t:|1782262189
|-heal|p2b: Toxapex|89/100|[from] ability: Regenerator|[silent]
|switch|p2b: Tsareena|Tsareena, L50, F|30/100
|detailschange|p2a: Froslass|Froslass-Mega, L50, F
|-mega|p2a: Froslass|Froslass|Froslassite
|-weather|Snowscape|[from] ability: Snow Warning|[of] p2a: Froslass
|move|p2a: Froslass|Protect|p2a: Froslass
|-singleturn|p2a: Froslass|Protect
|move|p1b: Scrafty|Knock Off|p2a: Froslass
|-activate|p2a: Froslass|move: Protect
|move|p1a: Farigiraf|Psychic|p2b: Tsareena
|-damage|p2b: Tsareena|0 fnt
|faint|p2b: Tsareena
|
|-weather|Snowscape|[upkeep]
|-damage|p1b: Scrafty|1/100 tox|[from] psn
|-end|p1b: Scrafty|Infestation|[partiallytrapped]|[silent]
|upkeep
|
|t:|1782262212
|switch|p2b: Toxapex|Toxapex, L50, M|89/100
|turn|5
|
|t:|1782262227
|move|p2b: Toxapex|Toxic|p1a: Farigiraf
|-status|p1a: Farigiraf|tox
|move|p1b: Scrafty|Knock Off|p2a: Froslass
|-supereffective|p2a: Froslass|1
|-damage|p2a: Froslass|30/100
|move|p1a: Farigiraf|Psychic|p2b: Toxapex
|-supereffective|p2b: Toxapex|1
|-damage|p2b: Toxapex|38/100
|move|p2a: Froslass|Blizzard|p1a: Farigiraf|[spread] p1a,p1b
|-damage|p1a: Farigiraf|35/100 tox
|-damage|p1b: Scrafty|0 fnt
|faint|p1b: Scrafty
|
|-weather|Snowscape|[upkeep]
|-heal|p2b: Toxapex|44/100|[from] item: Leftovers
|-damage|p1a: Farigiraf|29/100 tox|[from] psn
|-fieldend|move: Trick Room
|upkeep
|
|t:|1782262239
|switch|p1b: Kingambit|Kingambit, L50, M|100/100
|turn|6
|
|t:|1782262261
|switch|p2a: Garchomp|Garchomp, L50, F|41/100
|move|p1b: Kingambit|Sucker Punch||[still]
|-fail|p1b: Kingambit
|move|p1a: Farigiraf|Psychic|p2b: Toxapex
|-supereffective|p2b: Toxapex|1
|-damage|p2b: Toxapex|0 fnt
|faint|p2b: Toxapex
|
|-weather|Snowscape|[upkeep]
|-damage|p1a: Farigiraf|16/100 tox|[from] psn
|upkeep
|
|t:|1782262269
|switch|p2b: Froslass|Froslass-Mega, L50, F|30/100
|turn|7
|
|t:|1782262278
|move|p1a: Farigiraf|Helping Hand|p1b: Kingambit
|-singleturn|p1b: Kingambit|Helping Hand|[of] p1a: Farigiraf
|move|p1b: Kingambit|Sucker Punch|p2a: Garchomp
|-damage|p2a: Garchomp|0 fnt
|-damage|p1b: Kingambit|87/100|[from] ability: Rough Skin|[of] p2a: Garchomp
|faint|p2a: Garchomp
|move|p2b: Froslass|Aurora Veil|p2b: Froslass
|-sidestart|p2: chawieeee|move: Aurora Veil
|
|-weather|Snowscape|[upkeep]
|-damage|p1a: Farigiraf|0 fnt|[from] psn
|faint|p1a: Farigiraf
|upkeep
|
|t:|1782262282
|switch|p1a: Sylveon|Sylveon, L50, M|100/100
|turn|8
|
|t:|1782262287
|move|p1b: Kingambit|Sucker Punch||[still]
|-fail|p1b: Kingambit
|move|p2b: Froslass|Aurora Veil||[still]
|-fail|p2b: Froslass
|move|p1a: Sylveon|Hyper Voice|p2b: Froslass
|-damage|p2b: Froslass|0 fnt
|faint|p2b: Froslass
|
|win|evilmayheem
||chawieeee is ready for game 2.
||evilmayheem is ready for game 2.
|uhtml|next|Next: Game 2 of 3
