|j|☆yunsen
|j|☆LitonMessi
|html|yunsenLitonMessi    
|uhtml|bestof|Game 1 of a best-of-3
|t:|1784050618
|gametype|doubles
|player|p1|yunsen|n|1073
|player|p2|LitonMessi|266|1040
|gen|9
|tier|[Gen 9 Champions] VGC 2026 Reg M-B (Bo3)
|rated|
|rule|Species Clause: Limit one of each Pokémon
|rule|Item Clause: Limit 1 of each item
|clearpoke
|poke|p1|Grimmsnarl, L50, M|
|poke|p1|Basculegion, L50, M|
|poke|p1|Charizard, L50, M|
|poke|p1|Pelipper, L50, F|
|poke|p1|Venusaur, L50, F|
|poke|p1|Archaludon, L50, M|
|poke|p2|Charizard, L50, M|
|poke|p2|Garchomp, L50, M|
|poke|p2|Incineroar, L50, F|
|poke|p2|Whimsicott, L50, M|
|poke|p2|Oranguru, L50, F|
|poke|p2|Raichu, L50, F|
|teampreview|4
|showteam|p1|Grimmsnarl||LightClay|Prankster|SpiritBreak,PartingShot,Reflect,LightScreen|Sassy||M|||50|]Basculegion||ChoiceScarf|Adaptability|LastRespects,WaveCrash,AquaJet,FlipTurn|Jolly||M|||50|]Charizard||CharizarditeY|Blaze|Protect,HeatWave,WeatherBall,SolarBeam|Modest||M|||50|]Pelipper||SitrusBerry|Drizzle|Hurricane,WeatherBall,Tailwind,WideGuard|Modest||F|||50|]Venusaur||FocusSash|Chlorophyll|SludgeBomb,SleepPowder,EarthPower,Protect|Modest||F|||50|]Archaludon||Leftovers|Stamina|ElectroShot,DragonPulse,FlashCannon,Protect|Calm||M|||50|
|showteam|p2|Charizard||CharizarditeY|Blaze|Protect,HeatWave,SolarBeam,WeatherBall|Timid||M|||50|]Garchomp||LifeOrb|RoughSkin|Protect,DragonClaw,Earthquake,RockSlide|Adamant||M|||50|]Incineroar||SitrusBerry|Intimidate|Protect,FakeOut,PartingShot,ThroatChop|Careful||F|||50|]Whimsicott||FocusSash|Prankster|Protect,Moonblast,Tailwind,Encore|Bold||M|||50|]Oranguru||ColburBerry|Telepathy|Protect,Instruct,Psychic,TrickRoom|Calm||F|||50|]Raichu||RaichuniteY|Static|Protect,ZapCannon,FocusBlast,NastyPlot|Timid||F|||50|
|inactive|Battle timer is ON: inactive players will automatically lose when time's up. (requested by yunsen)
|inactive|yunsen has 60 seconds left.
|inactive|LitonMessi has 60 seconds left.
|
|t:|1784050676
|teamsize|p1|4
|teamsize|p2|4
|start
|switch|p1a: Grimmsnarl|Grimmsnarl, L50, M|100/100
|switch|p1b: Pelipper|Pelipper, L50, F|100/100
|switch|p2a: Oranguru|Oranguru, L50, F|100/100
|switch|p2b: Charizard|Charizard, L50, M|100/100
|-weather|RainDance|[from] ability: Drizzle|[of] p1b: Pelipper
|turn|1
|inactive|yunsen has 30 seconds left.
|
|t:|1784050706
|detailschange|p2b: Charizard|Charizard-Mega-Y, L50, M
|-mega|p2b: Charizard|Charizard|Charizardite Y
|-weather|SunnyDay|[from] ability: Drought|[of] p2b: Charizard
|move|p1a: Grimmsnarl|Light Screen|p1a: Grimmsnarl
|-sidestart|p1: yunsen|move: Light Screen
|move|p2b: Charizard|Heat Wave|p1a: Grimmsnarl|[spread] p1a,p1b
|-resisted|p1b: Pelipper|1
|-crit|p1b: Pelipper
|-damage|p1a: Grimmsnarl|64/100
|-damage|p1b: Pelipper|29/100
|-status|p1b: Pelipper|brn
|-enditem|p1b: Pelipper|Sitrus Berry|[eat]
|-heal|p1b: Pelipper|54/100 brn|[from] item: Sitrus Berry
|move|p1b: Pelipper|Weather Ball|p2b: Charizard
|-resisted|p2b: Charizard|1
|-damage|p2b: Charizard|78/100
|move|p2a: Oranguru|Instruct|p2b: Charizard
|-singleturn|p2b: Charizard|move: Instruct|[of] p2a: Oranguru
|move|p2b: Charizard|Heat Wave|p1a: Grimmsnarl|[spread] p1a,p1b
|-resisted|p1b: Pelipper|1
|-damage|p1a: Grimmsnarl|25/100
|-damage|p1b: Pelipper|24/100 brn
|-status|p1a: Grimmsnarl|brn
|
|-weather|SunnyDay|[upkeep]
|-damage|p1b: Pelipper|18/100 brn|[from] brn
|-damage|p1a: Grimmsnarl|19/100 brn|[from] brn
|upkeep
|turn|2
|inactive|yunsen has 30 seconds left.
|
|t:|1784050731
|switch|p1b: Charizard|Charizard, L50, M|100/100
|move|p1a: Grimmsnarl|Parting Shot|p2b: Charizard
|-unboost|p2b: Charizard|atk|1
|-unboost|p2b: Charizard|spa|1
|
|t:|1784050740
|switch|p1a: Pelipper|Pelipper, L50, F|18/100 brn|[from] Parting Shot
|-weather|RainDance|[from] ability: Drizzle|[of] p1a: Pelipper
|move|p2b: Charizard|Heat Wave|p1b: Charizard|[spread] p1a,p1b
|-resisted|p1a: Pelipper|1
|-resisted|p1b: Charizard|1
|-damage|p1a: Pelipper|12/100 brn
|-damage|p1b: Charizard|94/100
|move|p2a: Oranguru|Instruct|p2b: Charizard
|-singleturn|p2b: Charizard|move: Instruct|[of] p2a: Oranguru
|move|p2b: Charizard|Heat Wave|p1b: Charizard|[spread] p1a,p1b
|-resisted|p1a: Pelipper|1
|-resisted|p1b: Charizard|1
|-damage|p1a: Pelipper|5/100 brn
|-damage|p1b: Charizard|89/100
|
|-weather|RainDance|[upkeep]
|-damage|p1a: Pelipper|0 fnt|[from] brn
|faint|p1a: Pelipper
|upkeep
|
|t:|1784050755
|switch|p1a: Archaludon|Archaludon, L50, M|100/100
|turn|3
|
|t:|1784050766
|switch|p2b: Garchomp|Garchomp, L50, M|100/100
|move|p2a: Oranguru|Protect|p2a: Oranguru
|-singleturn|p2a: Oranguru|Protect
|move|p1b: Charizard|Weather Ball|p2b: Garchomp
|-damage|p2b: Garchomp|60/100
|move|p1a: Archaludon|Electro Shot||[still]
|-prepare|p1a: Archaludon|Electro Shot
|-boost|p1a: Archaludon|spa|1
|-anim|p1a: Archaludon|Electro Shot|p2b: Garchomp
|-immune|p2b: Garchomp
|
|-weather|RainDance|[upkeep]
|upkeep
|turn|4
|inactive|LitonMessi has 30 seconds left.
|
|t:|1784050791
|detailschange|p1b: Charizard|Charizard-Mega-Y, L50, M
|-mega|p1b: Charizard|Charizard|Charizardite Y
|-weather|SunnyDay|[from] ability: Drought|[of] p1b: Charizard
|move|p1b: Charizard|Heat Wave|p2a: Oranguru|[spread] p2a
|-miss|p1b: Charizard|p2b: Garchomp
|-damage|p2a: Oranguru|55/100
|move|p2b: Garchomp|Earthquake|p1a: Archaludon|[spread] p1a
|-activate|p2a: Oranguru|ability: Telepathy
|-immune|p1b: Charizard
|-supereffective|p1a: Archaludon|1
|-damage|p1a: Archaludon|15/100
|-ability|p1a: Archaludon|Stamina|boost
|-boost|p1a: Archaludon|def|1
|-damage|p2b: Garchomp|50/100g|[from] item: Life Orb
|move|p1a: Archaludon|Dragon Pulse|p2b: Garchomp
|-supereffective|p2b: Garchomp|1
|-damage|p2b: Garchomp|0 fnt
|faint|p2b: Garchomp
|move|p2a: Oranguru|Instruct|p2: Garchomp|[notarget]
|-fail|p2a: Oranguru
|
|-weather|SunnyDay|[upkeep]
|-heal|p1a: Archaludon|21/100|[from] item: Leftovers
|upkeep
|
|t:|1784050813
|switch|p2b: Whimsicott|Whimsicott, L50, M|100/100
|turn|5
|
|t:|1784050835
|switch|p1a: Grimmsnarl|Grimmsnarl, L50, M|19/100 brn
|move|p2a: Oranguru|Protect|p2a: Oranguru
|-singleturn|p2a: Oranguru|Protect
|move|p2b: Whimsicott|Tailwind|p2b: Whimsicott
|-sidestart|p2: LitonMessi|move: Tailwind
|move|p1b: Charizard|Heat Wave|p2a: Oranguru|[spread] p2b
|-activate|p2a: Oranguru|move: Protect
|-supereffective|p2b: Whimsicott|1
|-enditem|p2b: Whimsicott|Focus Sash
|-damage|p2b: Whimsicott|1/100
|-status|p2b: Whimsicott|brn
|
|-weather|SunnyDay|[upkeep]
|-damage|p2b: Whimsicott|0 fnt|[from] brn
|faint|p2b: Whimsicott
|-damage|p1a: Grimmsnarl|13/100 brn|[from] brn
|upkeep
|
|t:|1784050852
|switch|p2b: Charizard|Charizard-Mega-Y, L50, M|78/100
|turn|6
|
|t:|1784050861
|move|p1a: Grimmsnarl|Parting Shot|p2b: Charizard
|-unboost|p2b: Charizard|atk|1
|-unboost|p2b: Charizard|spa|1
|
|t:|1784050864
|switch|p1a: Archaludon|Archaludon, L50, M|21/100|[from] Parting Shot
|move|p2b: Charizard|Heat Wave|p1a: Archaludon|[spread] p1a,p1b
|-resisted|p1b: Charizard|1
|-damage|p1a: Archaludon|0 fnt
|-damage|p1b: Charizard|76/100
|faint|p1a: Archaludon
|move|p2a: Oranguru|Instruct|p2b: Charizard
|-singleturn|p2b: Charizard|move: Instruct|[of] p2a: Oranguru
|move|p2b: Charizard|Heat Wave|p1b: Charizard
|-resisted|p1b: Charizard|1
|-damage|p1b: Charizard|57/100
|move|p1b: Charizard|Heat Wave|p2a: Oranguru|[spread] p2b
|-miss|p1b: Charizard|p2a: Oranguru
|-resisted|p2b: Charizard|1
|-damage|p2b: Charizard|44/100
|
|-weather|SunnyDay|[upkeep]
|upkeep
|
|t:|1784050879
|switch|p1a: Grimmsnarl|Grimmsnarl, L50, M|13/100 brn
|turn|7
|
|t:|1784050890
|move|p1a: Grimmsnarl|Parting Shot|p2b: Charizard
|-unboost|p2b: Charizard|atk|1
|-unboost|p2b: Charizard|spa|1
|move|p2b: Charizard|Heat Wave|p1a: Grimmsnarl|[spread] p1a,p1b
|-resisted|p1b: Charizard|1
|-damage|p1a: Grimmsnarl|0 fnt
|-damage|p1b: Charizard|46/100
|faint|p1a: Grimmsnarl
|move|p2a: Oranguru|Psychic|p1b: Charizard
|-damage|p1b: Charizard|28/100
|move|p1b: Charizard|Heat Wave|p2b: Charizard|[spread] p2a,p2b
|-resisted|p2b: Charizard|1
|-damage|p2a: Oranguru|17/100
|-damage|p2b: Charizard|15/100
|
|-weather|SunnyDay|[upkeep]
|upkeep
|turn|8
|
|t:|1784050909
|move|p2b: Charizard|Protect|p2b: Charizard
|-singleturn|p2b: Charizard|Protect
|move|p2a: Oranguru|Protect|p2a: Oranguru
|-singleturn|p2a: Oranguru|Protect
|move|p1b: Charizard|Protect||[still]
|-fail|p1b: Charizard
|
|-weather|none
|-sideend|p1: yunsen|move: Light Screen
|-sideend|p2: LitonMessi|move: Tailwind
|upkeep
|turn|9
|
|t:|1784050920
|move|p2b: Charizard|Heat Wave|p1b: Charizard
|-resisted|p1b: Charizard|1
|-damage|p1b: Charizard|16/100
|move|p1b: Charizard|Heat Wave|p2a: Oranguru|[spread] p2a,p2b
|-resisted|p2b: Charizard|1
|-damage|p2a: Oranguru|0 fnt
|-damage|p2b: Charizard|0 fnt
|faint|p2a: Oranguru
|faint|p2b: Charizard
|
|win|yunsen
|l|☆LitonMessi
|player|p2|
||yunsen is ready for game 2.
|inactive|LitonMessi has 30 seconds to confirm battle start!
||LitonMessi is ready for game 2.
|uhtml|next|Next: Game 2 of 3
