|j|☆rodry3
|j|☆arman136821
|html|rodry3arman136821    
|uhtml|bestof|Game 1 of a best-of-3
|t:|1783353251
|gametype|doubles
|player|p1|rodry3|roxie|1154
|player|p2|arman136821|steven|1084
|gen|9
|tier|[Gen 9 Champions] VGC 2026 Reg M-B (Bo3)
|rated|
|rule|Species Clause: Limit one of each Pokémon
|rule|Item Clause: Limit 1 of each item
|clearpoke
|poke|p1|Blastoise, L50, F|
|poke|p1|Sableye, L50, F|
|poke|p1|Sneasler, L50, F|
|poke|p1|Espathra, L50, F|
|poke|p1|Archaludon, L50, F|
|poke|p1|Sinistcha, L50|
|poke|p2|Charizard, L50, M|
|poke|p2|Aerodactyl, L50, F|
|poke|p2|Zoroark-Hisui, L50, M|
|poke|p2|Farigiraf, L50, M|
|poke|p2|Sinistcha-Masterpiece, L50|
|poke|p2|Meganium, L50, M|
|teampreview|4
|showteam|p1|Blastoise||Blastoisinite|RainDish|WaterSpout,DarkPulse,ShellSmash,FakeOut|Modest||F|||50|]Sableye||RoseliBerry|Prankster|Reflect,LightScreen,RainDance,WillOWisp|Sassy||F|||50|]Sneasler||FocusSash|Unburden|DireClaw,CloseCombat,FakeOut,Protect|Adamant||F|||50|]Espathra||SitrusBerry|SpeedBoost|LuminaCrash,CalmMind,BatonPass,Protect|Timid||F|||50|]Archaludon||Leftovers|Stamina|Protect,ElectroShot,DragonPulse,FlashCannon|Modest||F|||50|]Sinistcha||KasibBerry|Hospitality|MatchaGotcha,LifeDew,RagePowder,PsychUp|Bold|||||50|
|showteam|p2|Charizard||CharizarditeY|Blaze|HeatWave,SolarBeam,Protect,AirSlash|Modest||M|||50|]Aerodactyl||Aerodactylite|RockHead|DualWingbeat,RockSlide,WideGuard,Tailwind|Adamant||F|||50|]Zoroark-Hisui||FocusSash|Illusion|HyperVoice,BitterMalice,Flamethrower,Psychic|Modest||M|||50|]Farigiraf||QuickClaw|ArmorTail|FutureSight,Psychic,DazzlingGleam,HyperVoice|Modest||M|||50|]Sinistcha-Masterpiece||Leftovers|Hospitality|MatchaGotcha,Scald,ShadowBall,EnergyBall|Modest|||||50|]Meganium||Meganiumite|Overgrow|WeatherBall,SolarBeam,DazzlingGleam,EarthPower|Modest||M|||50|
|inactive|Battle timer is ON: inactive players will automatically lose when time's up. (requested by arman136821)
|inactive|rodry3 also wants the timer to be on.
|inactive|rodry3 has 60 seconds left.
|inactive|rodry3 has 30 seconds left.
|inactive|rodry3 has 20 seconds left.
|
|t:|1783353327
|teamsize|p1|4
|teamsize|p2|4
|start
|switch|p1a: Blastoise|Blastoise, L50, F|100/100
|switch|p1b: Sableye|Sableye, L50, F|100/100
|switch|p2a: Meganium|Meganium, L50, M|100/100
|switch|p2b: Aerodactyl|Aerodactyl, L50, F|100/100
|turn|1
|
|t:|1783353350
|detailschange|p2a: Meganium|Meganium-Mega, L50, M
|-mega|p2a: Meganium|Meganium|Meganiumite
|detailschange|p1a: Blastoise|Blastoise-Mega, L50, F
|-mega|p1a: Blastoise|Blastoise|Blastoisinite
|move|p1a: Blastoise|Fake Out|p2a: Meganium
|-damage|p2a: Meganium|91/100
|move|p1b: Sableye|Will-O-Wisp|p2b: Aerodactyl
|-status|p2b: Aerodactyl|brn
|move|p2b: Aerodactyl|Tailwind|p2b: Aerodactyl
|-sidestart|p2: arman136821|move: Tailwind
|cant|p2a: Meganium|flinch
|
|-damage|p2b: Aerodactyl|94/100 brn|[from] brn
|upkeep
|turn|2
|inactive|rodry3 has 30 seconds left.
|inactive|arman136821 has 30 seconds left.
|
|t:|1783353378
|switch|p1a: Sneasler|Sneasler, L50, F|100/100
|move|p1b: Sableye|Light Screen|p1b: Sableye
|-sidestart|p1: rodry3|move: Light Screen
|move|p2b: Aerodactyl|Rock Slide|p1b: Sableye|[spread] p1a,p1b
|-resisted|p1a: Sneasler|1
|-damage|p1a: Sneasler|88/100
|-damage|p1b: Sableye|82/100
|move|p2a: Meganium|Solar Beam||[still]
|-prepare|p2a: Meganium|Solar Beam
|-activate|p2a: Meganium|ability: Mega Sol
|-anim|p2a: Meganium|Solar Beam|p1a: Sneasler
|-resisted|p1a: Sneasler|1
|-damage|p1a: Sneasler|54/100
|
|-damage|p2b: Aerodactyl|88/100 brn|[from] brn
|upkeep
|turn|3
|inactive|rodry3 has 30 seconds left.
|inactive|arman136821 has 30 seconds left.
|
|t:|1783353406
|move|p1a: Sneasler|Fake Out|p2a: Meganium
|-damage|p2a: Meganium|73/100
|move|p1b: Sableye|Reflect|p1b: Sableye
|-sidestart|p1: rodry3|Reflect
|move|p2b: Aerodactyl|Dual Wingbeat|p1b: Sableye
|-damage|p1b: Sableye|73/100
|-damage|p1b: Sableye|64/100
|-hitcount|p1b: Sableye|2
|cant|p2a: Meganium|flinch
|
|-damage|p2b: Aerodactyl|82/100 brn|[from] brn
|upkeep
|turn|4
|inactive|rodry3 has 30 seconds left.
|
|t:|1783353432
|switch|p1b: Espathra|Espathra, L50, F|100/100
|move|p1a: Sneasler|Protect|p1a: Sneasler
|-singleturn|p1a: Sneasler|Protect
|move|p2b: Aerodactyl|Dual Wingbeat|p1b: Espathra
|-damage|p1b: Espathra|92/100
|-damage|p1b: Espathra|84/100
|-hitcount|p1b: Espathra|2
|move|p2a: Meganium|Earth Power|p1a: Sneasler
|-activate|p1a: Sneasler|move: Protect
|
|-damage|p2b: Aerodactyl|77/100 brn|[from] brn
|-sideend|p2: arman136821|move: Tailwind
|upkeep
|turn|5
|
|t:|1783353453
|switch|p2a: Farigiraf|Farigiraf, L50, M|100/100
|move|p2b: Aerodactyl|Tailwind|p2b: Aerodactyl
|-sidestart|p2: arman136821|move: Tailwind
|move|p1a: Sneasler|Dire Claw|p2a: Farigiraf
|-damage|p2a: Farigiraf|51/100
|-status|p2a: Farigiraf|psn
|move|p1b: Espathra|Calm Mind|p1b: Espathra
|-boost|p1b: Espathra|spa|1
|-boost|p1b: Espathra|spd|1
|
|-damage|p2a: Farigiraf|39/100 psn|[from] psn
|-damage|p2b: Aerodactyl|71/100 brn|[from] brn
|-ability|p1b: Espathra|Speed Boost|boost
|-boost|p1b: Espathra|spe|1
|upkeep
|turn|6
|inactive|rodry3 has 30 seconds left.
|inactive|arman136821 has 30 seconds left.
|
|t:|1783353481
|switch|p1a: Sableye|Sableye, L50, F|64/100
|move|p2b: Aerodactyl|Dual Wingbeat|p1b: Espathra
|-damage|p1b: Espathra|75/100
|-damage|p1b: Espathra|67/100
|-hitcount|p1b: Espathra|2
|move|p1b: Espathra|Calm Mind|p1b: Espathra
|-boost|p1b: Espathra|spa|1
|-boost|p1b: Espathra|spd|1
|move|p2a: Farigiraf|Future Sight|p1a: Sableye
|-start|p2a: Farigiraf|move: Future Sight
|
|-damage|p2a: Farigiraf|27/100 psn|[from] psn
|-damage|p2b: Aerodactyl|65/100 brn|[from] brn
|-sideend|p1: rodry3|move: Light Screen
|-ability|p1b: Espathra|Speed Boost|boost
|-boost|p1b: Espathra|spe|1
|upkeep
|turn|7
|inactive|rodry3 has 30 seconds left.
|
|t:|1783353511
|move|p1a: Sableye|Light Screen|p1a: Sableye
|-sidestart|p1: rodry3|move: Light Screen
|move|p2b: Aerodactyl|Rock Slide|p1b: Espathra|[spread] p1a,p1b
|-damage|p1a: Sableye|52/100
|-damage|p1b: Espathra|55/100
|move|p1b: Espathra|Calm Mind|p1b: Espathra
|-boost|p1b: Espathra|spa|1
|-boost|p1b: Espathra|spd|1
|move|p2a: Farigiraf|Future Sight|p1b: Espathra
|-start|p2a: Farigiraf|move: Future Sight
|
|-damage|p2a: Farigiraf|14/100 psn|[from] psn
|-damage|p2b: Aerodactyl|59/100 brn|[from] brn
|-sideend|p1: rodry3|Reflect
|-ability|p1b: Espathra|Speed Boost|boost
|-boost|p1b: Espathra|spe|1
|upkeep
|turn|8
|
|t:|1783353530
|move|p1a: Sableye|Reflect|p1a: Sableye
|-sidestart|p1: rodry3|Reflect
|move|p1b: Espathra|Calm Mind|p1b: Espathra
|-boost|p1b: Espathra|spa|1
|-boost|p1b: Espathra|spd|1
|move|p2b: Aerodactyl|Rock Slide|p1b: Espathra|[spread] p1a,p1b
|-damage|p1a: Sableye|42/100
|-damage|p1b: Espathra|43/100
|-enditem|p1b: Espathra|Sitrus Berry|[eat]
|-heal|p1b: Espathra|68/100|[from] item: Sitrus Berry
|move|p2a: Farigiraf|Dazzling Gleam|p1a: Sableye|[spread] p1a,p1b
|-supereffective|p1a: Sableye|1
|-enditem|p1a: Sableye|Roseli Berry|[eat]
|-enditem|p1a: Sableye|Roseli Berry|[weaken]
|-damage|p1a: Sableye|27/100
|-damage|p1b: Espathra|62/100
|
|-end|p1a: Sableye|move: Future Sight
|-immune|p1a: Sableye
|-damage|p2a: Farigiraf|2/100 psn|[from] psn
|-damage|p2b: Aerodactyl|54/100 brn|[from] brn
|-sideend|p2: arman136821|move: Tailwind
|-ability|p1b: Espathra|Speed Boost|boost
|-boost|p1b: Espathra|spe|1
|upkeep
|turn|9
|inactive|rodry3 has 30 seconds left.
|inactive|rodry3 has 20 seconds left.
|inactive|rodry3 has 15 seconds left.
|inactive|rodry3 has 10 seconds left.
|inactive|rodry3 has 5 seconds left.
|
|t:|1783353581
|move|p1a: Sableye|Rain Dance|p1a: Sableye
|-weather|RainDance
|move|p1b: Espathra|Calm Mind|p1b: Espathra
|-boost|p1b: Espathra|spa|1
|-boost|p1b: Espathra|spd|1
|move|p2b: Aerodactyl|Tailwind|p2b: Aerodactyl
|-sidestart|p2: arman136821|move: Tailwind
|move|p2a: Farigiraf|Dazzling Gleam|p1a: Sableye|[spread] p1a,p1b
|-supereffective|p1a: Sableye|1
|-damage|p1a: Sableye|0 fnt
|-damage|p1b: Espathra|57/100
|faint|p1a: Sableye
|
|-weather|RainDance|[upkeep]
|-end|p1b: Espathra|move: Future Sight
|-resisted|p1b: Espathra|1
|-crit|p1b: Espathra
|-damage|p1b: Espathra|7/100
|-damage|p2a: Farigiraf|0 fnt|[from] psn
|faint|p2a: Farigiraf
|-damage|p2b: Aerodactyl|48/100 brn|[from] brn
|-ability|p1b: Espathra|Speed Boost|boost
|-boost|p1b: Espathra|spe|1
|upkeep
|inactive|rodry3 has 30 seconds left.
|
|t:|1783353611
|switch|p2a: Meganium|Meganium-Mega, L50, M|100/100
|switch|p1a: Sneasler|Sneasler, L50, F|54/100
|turn|10
|
|t:|1783353626
|move|p1a: Sneasler|Fake Out|p2a: Meganium
|-immune|p2a: Meganium
|move|p1b: Espathra|Lumina Crash|p2b: Aerodactyl
|-damage|p2b: Aerodactyl|0 fnt
|faint|p2b: Aerodactyl
|move|p2a: Meganium|Hyper Voice|p1b: Espathra|[spread] p1a,p1b
|-damage|p1a: Sneasler|20/100y
|-damage|p1b: Espathra|0 fnt
|faint|p1b: Espathra
|
|-weather|RainDance|[upkeep]
|upkeep
|
|t:|1783353639
|switch|p2b: Meganium|Meganium-Mega, L50, M|73/100
|switch|p1b: Blastoise|Blastoise-Mega, L50, F|100/100
|turn|11
|
|t:|1783353648
|move|p1a: Sneasler|Protect|p1a: Sneasler
|-singleturn|p1a: Sneasler|Protect
|move|p1b: Blastoise|Fake Out|p2b: Meganium
|-damage|p2b: Meganium|64/100
|move|p2a: Meganium|Hyper Voice|p1a: Sneasler|[spread] p1b
|-activate|p1a: Sneasler|move: Protect
|-damage|p1b: Blastoise|73/100
|cant|p2b: Meganium|flinch
|
|-weather|RainDance|[upkeep]
|-sideend|p1: rodry3|move: Light Screen
|upkeep
|turn|12
|
|t:|1783353663
|move|p1a: Sneasler|Protect||[still]
|-fail|p1a: Sneasler
|move|p2a: Meganium|Hyper Voice|p1b: Blastoise|[spread] p1a,p1b
|-damage|p1a: Sneasler|0 fnt
|-damage|p1b: Blastoise|35/100
|faint|p1a: Sneasler
|move|p2b: Meganium|Solar Beam||[still]
|-prepare|p2b: Meganium|Solar Beam
|-activate|p2b: Meganium|ability: Mega Sol
|-anim|p2b: Meganium|Solar Beam|p1b: Blastoise
|-supereffective|p1b: Blastoise|1
|-damage|p1b: Blastoise|0 fnt
|faint|p1b: Blastoise
|
|win|arman136821
||rodry3 is ready for game 2.
||arman136821 is ready for game 2.
|uhtml|next|Next: Game 2 of 3
