|j|☆priyalmmmz
|j|☆angusgrind13
|html|priyalmmmzangusgrind13    
|uhtml|bestof|Game 2 of a best-of-3
|t:|1784812658
|gametype|doubles
|player|p1|priyalmmmz|265|1051
|player|p2|angusgrind13|steven|1073
|gen|9
|tier|[Gen 9 Champions] VGC 2026 Reg M-B (Bo3)
|rated|
|rule|Species Clause: Limit one of each Pokémon
|rule|Item Clause: Limit 1 of each item
|clearpoke
|poke|p1|Blaziken, L50, F|
|poke|p1|Aerodactyl, L50, M|
|poke|p1|Kingambit, L50, M|
|poke|p1|Basculegion, L50, M|
|poke|p1|Sylveon, L50, F|
|poke|p1|Farigiraf, L50, M|
|poke|p2|Primarina, L50, F|
|poke|p2|Kingambit, L50, M|
|poke|p2|Froslass, L50, F|
|poke|p2|Sneasler, L50, F|
|poke|p2|Lycanroc-Dusk, L50, F|
|poke|p2|Dragonite, L50, M|
|teampreview|4
|showteam|p1|Blaziken||Blazikenite|SpeedBoost|FlareBlitz,CloseCombat,Protect,RockSlide|Adamant||F|||50|]Aerodactyl||WideLens|Unnerve|StoneEdge,DualWingbeat,Protect,Tailwind|Jolly||M|||50|]Kingambit||LifeOrb|Defiant|KowtowCleave,Protect,IronHead,SuckerPunch|Adamant||M|||50|]Basculegion||FocusSash|Adaptability|Liquidation,Protect,LastRespects,AquaJet|Adamant||M|||50|]Sylveon||FairyFeather|Pixilate|HyperVoice,Moonblast,SkillSwap,Protect|Calm||F|||50|]Farigiraf||TwistedSpoon|ArmorTail|Psychic,Thunderbolt,HelpingHand,TrickRoom|Quiet||M|||50|
|showteam|p2|Primarina||LifeOrb|LiquidVoice|HyperVoice,Moonblast,Haze,Protect|Modest||F|||50|]Kingambit||BlackGlasses|Defiant|KowtowCleave,SuckerPunch,SwordsDance,Protect|Adamant||M|||50|]Froslass||Froslassite|CursedBody|Blizzard,ShadowBall,AuroraVeil,Protect|Timid||F|||50|]Sneasler||WhiteHerb|Unburden|GunkShot,CloseCombat,FakeOut,Protect|Adamant||F|||50|]Lycanroc-Dusk||FocusSash|ToughClaws|RockSlide,Accelerock,CloseCombat,Protect|Adamant||F|||50|]Dragonite||Dragoninite|Multiscale|DragonPulse,Flamethrower,Tailwind,Protect|Modest||M|||50|
|
|t:|1784812678
|teamsize|p1|4
|teamsize|p2|4
|start
|switch|p1a: Aerodactyl|Aerodactyl, L50, M|100/100
|switch|p1b: Blaziken|Blaziken, L50, F|100/100
|switch|p2a: Dragonite|Dragonite, L50, M|100/100
|switch|p2b: Primarina|Primarina, L50, F|100/100
|-ability|p1a: Aerodactyl|Unnerve
|turn|1
|inactive|Battle timer is ON: inactive players will automatically lose when time's up. (requested by priyalmmmz)
|
|t:|1784812695
|switch|p1b: Sylveon|Sylveon, L50, F|100/100
|detailschange|p2a: Dragonite|Dragonite-Mega, L50, M
|-mega|p2a: Dragonite|Dragonite|Dragoninite
|move|p1a: Aerodactyl|Stone Edge|p2a: Dragonite
|-supereffective|p2a: Dragonite|1
|-damage|p2a: Dragonite|61/100
|move|p2a: Dragonite|Tailwind|p2a: Dragonite
|-sidestart|p2: angusgrind13|move: Tailwind
|move|p2b: Primarina|Hyper Voice|p1b: Sylveon|[spread] p1a,p1b
|-supereffective|p1a: Aerodactyl|1
|-damage|p1a: Aerodactyl|0 fnt
|-damage|p1b: Sylveon|72/100
|faint|p1a: Aerodactyl
|-damage|p2b: Primarina|90/100|[from] item: Life Orb
|
|upkeep
|
|t:|1784812709
|switch|p1a: Basculegion|Basculegion, L50, M|100/100
|turn|2
|
|t:|1784812724
|switch|p2a: Kingambit|Kingambit, L50, M|100/100
|move|p2b: Primarina|Moonblast|p1a: Basculegion
|-damage|p1a: Basculegion|27/100
|-damage|p2b: Primarina|80/100|[from] item: Life Orb
|move|p1a: Basculegion|Last Respects|p2b: Primarina
|-damage|p2b: Primarina|0 fnt
|faint|p2b: Primarina
|move|p1b: Sylveon|Hyper Voice|p2a: Kingambit
|-damage|p2a: Kingambit|53/100
|
|upkeep
|
|t:|1784812730
|switch|p2b: Sneasler|Sneasler, L50, F|100/100
|turn|3
|
|t:|1784812742
|switch|p1a: Blaziken|Blaziken, L50, F|100/100
|move|p1b: Sylveon|Protect|p1b: Sylveon
|-singleturn|p1b: Sylveon|Protect
|move|p2b: Sneasler|Fake Out|p1b: Sylveon
|-activate|p1b: Sylveon|move: Protect
|move|p2a: Kingambit|Sucker Punch||[still]
|-fail|p2a: Kingambit
|
|upkeep
|turn|4
|inactive|angusgrind13 has 30 seconds left.
|
|t:|1784812771
|detailschange|p1a: Blaziken|Blaziken-Mega, L50, F
|-mega|p1a: Blaziken|Blaziken|Blazikenite
|move|p1a: Blaziken|Protect|p1a: Blaziken
|-singleturn|p1a: Blaziken|Protect
|move|p2a: Kingambit|Protect|p2a: Kingambit
|-singleturn|p2a: Kingambit|Protect
|move|p2b: Sneasler|Gunk Shot|p1b: Sylveon
|-supereffective|p1b: Sylveon|1
|-damage|p1b: Sylveon|0 fnt
|faint|p1b: Sylveon
|
|-sideend|p2: angusgrind13|move: Tailwind
|-ability|p1a: Blaziken|Speed Boost|boost
|-boost|p1a: Blaziken|spe|1
|upkeep
|inactive|priyalmmmz has 30 seconds left.
|inactive|priyalmmmz has 20 seconds left.
|inactive|priyalmmmz has 15 seconds left.
|
|t:|1784812814
|switch|p1b: Basculegion|Basculegion, L50, M|27/100
|turn|5
|
|t:|1784812826
|move|p2a: Kingambit|Sucker Punch|p1b: Basculegion
|-supereffective|p1b: Basculegion|1
|-damage|p1b: Basculegion|0 fnt
|faint|p1b: Basculegion
|move|p1a: Blaziken|Close Combat|p2a: Kingambit
|-supereffective|p2a: Kingambit|2
|-damage|p2a: Kingambit|0 fnt
|-unboost|p1a: Blaziken|def|1
|-unboost|p1a: Blaziken|spd|1
|faint|p2a: Kingambit
|move|p2b: Sneasler|Gunk Shot|p1a: Blaziken
|-damage|p1a: Blaziken|0 fnt
|faint|p1a: Blaziken
|
|win|angusgrind13
||angusgrind13 is ready for game 3.
