|j|☆nupe_123
|j|☆genisisvgc
|html|nupe_123genisisvgc    
|uhtml|bestof|Game 3 of a best-of-3
|t:|1785250857
|gametype|doubles
|player|p1|nupe_123|266|1152
|player|p2|genisisvgc|101|1157
|gen|9
|tier|[Gen 9 Champions] VGC 2026 Reg M-B (Bo3)
|rated|
|rule|Species Clause: Limit one of each Pokémon
|rule|Item Clause: Limit 1 of each item
|clearpoke
|poke|p1|Froslass, L50, F|
|poke|p1|Garchomp, L50, M, shiny|
|poke|p1|Incineroar, L50, M, shiny|
|poke|p1|Kingambit, L50, F, shiny|
|poke|p1|Glimmora, L50, M|
|poke|p1|Farigiraf, L50, F, shiny|
|poke|p2|Hydreigon, L50, M|
|poke|p2|Delphox, L50, F|
|poke|p2|Sneasler, L50, M|
|poke|p2|Sinistcha, L50|
|poke|p2|Incineroar, L50, M|
|poke|p2|Sylveon, L50, M|
|teampreview|4
|showteam|p1|Froslass||Froslassite|CursedBody|Blizzard,ShadowBall,AuroraVeil,Protect|Timid||F|||50|]Garchomp||LifeOrb|RoughSkin|RockSlide,DragonClaw,StompingTantrum,Protect|Jolly||M|||50|]Incineroar||SitrusBerry|Intimidate|FlareBlitz,ThroatChop,FakeOut,PartingShot|Impish||M|||50|]Kingambit||BlackGlasses|Defiant|KowtowCleave,SuckerPunch,LowKick,Protect|Brave||F|||50|]Glimmora||FocusSash|ToxicDebris|PowerGem,SludgeBomb,EarthPower,SpikyShield|Modest||M|||50|]Farigiraf||ColburBerry|ArmorTail|Psychic,Thunderbolt,TrickRoom,HelpingHand|Relaxed||F|||50|
|showteam|p2|Hydreigon||ChoiceScarf|Levitate|DracoMeteor,DarkPulse,HeatWave,EarthPower|Timid||M|||50|]Delphox||Delphoxite|Blaze|HeatWave,Psychic,Protect,Substitute|Timid||F|||50|]Sneasler||WhiteHerb|Unburden|DireClaw,CloseCombat,Protect,FakeOut|Jolly||M|||50|]Sinistcha||ColburBerry|Hospitality|MatchaGotcha,RagePowder,ShadowBall,Protect|Calm|||||50|]Incineroar||ChopleBerry|Intimidate|FlareBlitz,PartingShot,FakeOut,DarkestLariat|Serious||M|||50|]Sylveon||FairyFeather|Pixilate|HyperBeam,HyperVoice,QuickAttack,Protect|Bold||M|||50|
|j| ttsui234
|
|t:|1785250913
|teamsize|p1|4
|teamsize|p2|4
|start
|switch|p1a: Froslass|Froslass, L50, F|100/100
|switch|p1b: Glimmora|Glimmora, L50, M|100/100
|switch|p2a: Sylveon|Sylveon, L50, M|100/100
|switch|p2b: Hydreigon|Hydreigon, L50, M|100/100
|turn|1
|
|t:|1785250966
|switch|p1a: Incineroar|Incineroar, L50, M, shiny|100/100
|-ability|p1a: Incineroar|Intimidate|boost
|-unboost|p2a: Sylveon|atk|1
|-unboost|p2b: Hydreigon|atk|1
|move|p2b: Hydreigon|Dark Pulse|p1a: Incineroar
|-resisted|p1a: Incineroar|1
|-crit|p1a: Incineroar
|-damage|p1a: Incineroar|74/100
|move|p1b: Glimmora|Sludge Bomb|p2a: Sylveon
|-supereffective|p2a: Sylveon|1
|-damage|p2a: Sylveon|25/100
|move|p2a: Sylveon|Hyper Voice|p1a: Incineroar|[spread] p1a,p1b
|-resisted|p1b: Glimmora|1
|-damage|p1a: Incineroar|33/100
|-damage|p1b: Glimmora|74/100
|-enditem|p1a: Incineroar|Sitrus Berry|[eat]
|-heal|p1a: Incineroar|58/100|[from] item: Sitrus Berry
|
|upkeep
|turn|2
|l| ttsui234
|
|t:|1785251001
|move|p2b: Hydreigon|Dark Pulse|p1b: Glimmora
|-damage|p1b: Glimmora|25/100
|move|p1b: Glimmora|Sludge Bomb|p2a: Sylveon
|-supereffective|p2a: Sylveon|1
|-damage|p2a: Sylveon|0 fnt
|faint|p2a: Sylveon
|move|p1a: Incineroar|Parting Shot|p2b: Hydreigon
|-unboost|p2b: Hydreigon|atk|1
|-unboost|p2b: Hydreigon|spa|1
|
|t:|1785251026
|switch|p1a: Garchomp|Garchomp, L50, M, shiny|100/100|[from] Parting Shot
|
|upkeep
|
|t:|1785251030
|switch|p2a: Delphox|Delphox, L50, F|100/100
|turn|3
|
|t:|1785251055
|switch|p2b: Incineroar|Incineroar, L50, M|100/100
|-ability|p2b: Incineroar|Intimidate|boost
|-unboost|p1a: Garchomp|atk|1
|-unboost|p1b: Glimmora|atk|1
|detailschange|p2a: Delphox|Delphox-Mega, L50, F
|-mega|p2a: Delphox|Delphox|Delphoxite
|move|p2a: Delphox|Psychic|p1a: Garchomp
|-damage|p1a: Garchomp|48/100
|move|p1a: Garchomp|Rock Slide|p2b: Incineroar|[spread] p2a,p2b
|-supereffective|p2a: Delphox|1
|-supereffective|p2b: Incineroar|1
|-damage|p2a: Delphox|50/100y
|-damage|p2b: Incineroar|72/100
|-damage|p1a: Garchomp|38/100|[from] item: Life Orb
|move|p1b: Glimmora|Power Gem|p2a: Delphox
|-supereffective|p2a: Delphox|1
|-damage|p2a: Delphox|0 fnt
|faint|p2a: Delphox
|
|upkeep
|
|t:|1785251063
|switch|p2a: Hydreigon|Hydreigon, L50, M|100/100
|turn|4
|
|t:|1785251083
|move|p1a: Garchomp|Protect|p1a: Garchomp
|-singleturn|p1a: Garchomp|Protect
|move|p1b: Glimmora|Spiky Shield|p1b: Glimmora
|-singleturn|p1b: Glimmora|move: Protect
|move|p2b: Incineroar|Fake Out|p1b: Glimmora
|-activate|p1b: Glimmora|move: Protect
|-damage|p2b: Incineroar|60/100|[from] Spiky Shield|[of] p1b: Glimmora
|move|p2a: Hydreigon|Dark Pulse|p1a: Garchomp
|-activate|p1a: Garchomp|move: Protect
|
|upkeep
|turn|5
|c|☆genisisvgc|gg
|
|t:|1785251114
|move|p2a: Hydreigon|Dark Pulse|p1a: Garchomp
|-damage|p1a: Garchomp|0 fnt
|faint|p1a: Garchomp
|move|p1b: Glimmora|Power Gem|p2b: Incineroar
|-supereffective|p2b: Incineroar|1
|-damage|p2b: Incineroar|0 fnt
|faint|p2b: Incineroar
|
|upkeep
|
|t:|1785251130
|switch|p1a: Froslass|Froslass, L50, F|100/100
|turn|6
|c|☆genisisvgc|played well
|
|t:|1785251147
|detailschange|p1a: Froslass|Froslass-Mega, L50, F
|-mega|p1a: Froslass|Froslass|Froslassite
|-weather|Snowscape|[from] ability: Snow Warning|[of] p1a: Froslass
|move|p1a: Froslass|Protect|p1a: Froslass
|-singleturn|p1a: Froslass|Protect
|move|p2a: Hydreigon|Dark Pulse|p1a: Froslass
|-activate|p1a: Froslass|move: Protect
|move|p1b: Glimmora|Sludge Bomb|p2a: Hydreigon
|-damage|p2a: Hydreigon|40/100
|-status|p2a: Hydreigon|psn
|
|-weather|Snowscape|[upkeep]
|-damage|p2a: Hydreigon|28/100 psn|[from] psn
|upkeep
|turn|7
|
|t:|1785251164
|move|p2a: Hydreigon|Dark Pulse|p1a: Froslass
|-supereffective|p1a: Froslass|1
|-damage|p1a: Froslass|8/100
|move|p1a: Froslass|Blizzard|p2a: Hydreigon
|-supereffective|p2a: Hydreigon|1
|-damage|p2a: Hydreigon|0 fnt
|faint|p2a: Hydreigon
|
|win|nupe_123
|raw|nupe_123's rating: 1152 → 1177(+25 for winning)
|raw|genisisvgc's rating: 1157 → 1132(-25 for losing)
|l|☆genisisvgc
|player|p2|
