|j|☆captainspoon
|j|☆Leodess
|html|captainspoonLeodess    
|uhtml|bestof|Game 1 of a best-of-3
|t:|1756464021
|gametype|doubles
|player|p1|captainspoon|170|1141
|player|p2|Leodess|blue|1091
|gen|9
|tier|[Gen 9] VGC 2025 Reg H (Bo3)
|rated|
|rule|Species Clause: Limit one of each Pokémon
|rule|Item Clause: Limit 1 of each item
|clearpoke
|poke|p1|Dragonite, L50, F|
|poke|p1|Gholdengo, L50|
|poke|p1|Ursaluna-Bloodmoon, L50, M|
|poke|p1|Annihilape, L50, F|
|poke|p1|Magmar, L50, F|
|poke|p1|Ninetales-Alola, L50, F|
|poke|p2|Porygon2, L50|
|poke|p2|Torkoal, L50, M|
|poke|p2|Jumpluff, L50, F|
|poke|p2|Charizard, L50, F|
|poke|p2|Ursaluna, L50, M|
|poke|p2|Incineroar, L50, M|
|teampreview|4
|showteam|p1|Dragonite||LoadedDice|Multiscale|ScaleShot,ExtremeSpeed,IceSpinner,Protect|||F|||50|,,,,,Fairy]Gholdengo||MetalCoat|GoodasGold|MakeItRain,ShadowBall,NastyPlot,Protect||||||50|,,,,,Water]Ursaluna-Bloodmoon||AssaultVest|MindsEye|BloodMoon,HyperVoice,VacuumWave,EarthPower|||M|||50|,,,,,Poison]Annihilape||SafetyGoggles|Defiant|DrainPunch,RageFist,BulkUp,Protect|||F|||50|,,,,,Water]Magmar||Eviolite|FlameBody|Overheat,ClearSmog,FollowMe,Protect|||F|||50|,,,,,Ghost]Ninetales-Alola||LightClay|SnowWarning|Blizzard,IcicleSpear,Encore,AuroraVeil|||F|||50|,,,,,Ghost
|showteam|p2|Porygon2||Eviolite|Download|TeraBlast,TrickRoom,Recover,IceBeam||||||50|,,,,,Ghost]Torkoal||ChoiceSpecs|Drought|Eruption,HeatWave,WeatherBall,EarthPower|||M|||50|,,,,,Fire]Jumpluff||CovertCloak|Chlorophyll|RagePowder,Tailwind,SunnyDay,SleepPowder|||F|||50|,,,,,Water]Charizard||Charcoal|SolarPower|WeatherBall,HeatWave,Protect,SolarBeam|||F|||50|,,,,,Grass]Ursaluna||FlameOrb|Guts|Facade,Earthquake,HeadlongRush,Protect|||M|||50|,,,,,Fairy]Incineroar||AssaultVest|Intimidate|FlareBlitz,FakeOut,KnockOff,Uturn|||M|||50|,,,,,Fire
|inactive|Battle timer is ON: inactive players will automatically lose when time's up. (requested by captainspoon)
|inactive|Leodess has 60 seconds left.
|inactive|Leodess has 30 seconds left.
|inactive|Leodess has 20 seconds left.
|inactive|Leodess has 15 seconds left.
|inactive|Leodess has 10 seconds left.
|
|t:|1756464130
|teamsize|p1|4
|teamsize|p2|4
|start
|switch|p1a: Ursaluna|Ursaluna-Bloodmoon, L50, M|100/100
|switch|p1b: Dragonite|Dragonite, L50, F|100/100
|switch|p2a: Charizard|Charizard, L50, F|100/100
|switch|p2b: Jumpluff|Jumpluff, L50, F|100/100
|turn|1
|inactive|Leodess has 30 seconds left.
|inactive|captainspoon has 30 seconds left.
|inactive|captainspoon has 20 seconds left.
|
|t:|1756464173
|move|p2b: Jumpluff|Sleep Powder|p1a: Ursaluna
|-status|p1a: Ursaluna|slp|[from] move: Sleep Powder
|move|p2a: Charizard|Heat Wave|p1a: Ursaluna|[spread] p1a,p1b
|-resisted|p1b: Dragonite
|-damage|p1a: Ursaluna|66/100 slp
|-damage|p1b: Dragonite|90/100
|move|p1b: Dragonite|Scale Shot|p2a: Charizard
|-damage|p2a: Charizard|79/100
|-damage|p2a: Charizard|59/100
|-damage|p2a: Charizard|36/100
|-damage|p2a: Charizard|14/100
|-hitcount|p2a: Charizard|4
|-unboost|p1b: Dragonite|def|1
|-boost|p1b: Dragonite|spe|1
|cant|p1a: Ursaluna|slp
|
|upkeep
|turn|2
|c|☆Leodess|dude im playing against this for the third time in a row
|inactive|captainspoon has 30 seconds left.
|inactive|Leodess has 30 seconds left.
|inactive|Leodess has 20 seconds left.
|
|t:|1756464209
|switch|p2a: Incineroar|Incineroar, L50, M|100/100
|-ability|p2a: Incineroar|Intimidate|boost
|-unboost|p1a: Ursaluna|atk|1
|-unboost|p1b: Dragonite|atk|1
|move|p1b: Dragonite|Ice Spinner|p2b: Jumpluff
|-supereffective|p2b: Jumpluff
|-damage|p2b: Jumpluff|0 fnt
|faint|p2b: Jumpluff
|cant|p1a: Ursaluna|slp
|
|upkeep
|
|t:|1756464225
|switch|p2b: Torkoal|Torkoal, L50, M|100/100
|-weather|SunnyDay|[from] ability: Drought|[of] p2b: Torkoal
|turn|3
|inactive|captainspoon has 30 seconds left.
|inactive|captainspoon has 20 seconds left.
|
|t:|1756464261
|switch|p1a: Ninetales|Ninetales-Alola, L50, F|100/100
|-weather|Snowscape|[from] ability: Snow Warning|[of] p1a: Ninetales
|move|p1b: Dragonite|Protect|p1b: Dragonite
|-singleturn|p1b: Dragonite|Protect
|move|p2a: Incineroar|Fake Out|p1a: Ninetales
|-damage|p1a: Ninetales|91/100
|move|p2b: Torkoal|Weather Ball|p1b: Dragonite
|-activate|p1b: Dragonite|move: Protect
|
|-weather|Snowscape|[upkeep]
|upkeep
|turn|4
|inactive|Leodess has 30 seconds left.
|inactive|Leodess has 20 seconds left.
|inactive|Leodess has 15 seconds left.
|
|t:|1756464303
|switch|p1b: Ursaluna|Ursaluna-Bloodmoon, L50, M|66/100 slp
|switch|p2b: Charizard|Charizard, L50, F|14/100
|move|p1a: Ninetales|Aurora Veil|p1a: Ninetales
|-sidestart|p1: captainspoon|move: Aurora Veil
|move|p2a: Incineroar|Knock Off|p1b: Ursaluna
|-damage|p1b: Ursaluna|45/100 slp
|-enditem|p1b: Ursaluna|Assault Vest|[from] move: Knock Off|[of] p2a: Incineroar
|
|-weather|Snowscape|[upkeep]
|upkeep
|turn|5
|
|t:|1756464323
|switch|p2a: Torkoal|Torkoal, L50, M|100/100
|-weather|SunnyDay|[from] ability: Drought|[of] p2a: Torkoal
|move|p1a: Ninetales|Blizzard|p2a: Torkoal|[spread] p2a,p2b
|-resisted|p2a: Torkoal
|-damage|p2a: Torkoal|87/100
|-damage|p2b: Charizard|0 fnt
|faint|p2b: Charizard
|cant|p1b: Ursaluna|slp
|
|-weather|SunnyDay|[upkeep]
|upkeep
|
|t:|1756464331
|switch|p2b: Incineroar|Incineroar, L50, M|100/100
|-ability|p2b: Incineroar|Intimidate|boost
|-unboost|p1a: Ninetales|atk|1
|-unboost|p1b: Ursaluna|atk|1
|turn|6
|
|t:|1756464354
|move|p2b: Incineroar|Fake Out|p1b: Ursaluna
|-damage|p1b: Ursaluna|39/100 slp
|move|p1a: Ninetales|Blizzard|p2a: Torkoal|[spread] p2a,p2b
|-resisted|p2a: Torkoal
|-resisted|p2b: Incineroar
|-damage|p2a: Torkoal|73/100
|-damage|p2b: Incineroar|93/100
|-curestatus|p1b: Ursaluna|slp|[msg]
|cant|p1b: Ursaluna|flinch
|move|p2a: Torkoal|Heat Wave|p1a: Ninetales|[spread] p1a,p1b
|-supereffective|p1a: Ninetales
|-damage|p1a: Ninetales|0 fnt
|-damage|p1b: Ursaluna|0 fnt
|faint|p1a: Ninetales
|faint|p1b: Ursaluna
|
|-weather|SunnyDay|[upkeep]
|upkeep
|
|t:|1756464362
|switch|p1a: Dragonite|Dragonite, L50, F|90/100
|switch|p1b: Gholdengo|Gholdengo, L50|100/100
|turn|7
|inactive|Leodess has 30 seconds left.
|
|t:|1756464395
|-terastallize|p1b: Gholdengo|Water
|move|p1b: Gholdengo|Shadow Ball|p2a: Torkoal
|-damage|p2a: Torkoal|10/100
|move|p1a: Dragonite|Scale Shot|p2a: Torkoal|[miss]
|-miss|p1a: Dragonite|p2a: Torkoal
|move|p2b: Incineroar|Knock Off|p1a: Dragonite
|-damage|p1a: Dragonite|58/100
|-enditem|p1a: Dragonite|Loaded Dice|[from] move: Knock Off|[of] p2b: Incineroar
|move|p2a: Torkoal|Heat Wave|p1b: Gholdengo|[spread] p1a,p1b
|-resisted|p1a: Dragonite
|-resisted|p1b: Gholdengo
|-crit|p1b: Gholdengo
|-damage|p1a: Dragonite|33/100
|-damage|p1b: Gholdengo|42/100
|-status|p1a: Dragonite|brn
|
|-weather|SunnyDay|[upkeep]
|-damage|p1a: Dragonite|27/100 brn|[from] brn
|upkeep
|turn|8
|inactive|captainspoon has 30 seconds left.
|inactive|captainspoon has 20 seconds left.
|inactive|captainspoon has 15 seconds left.
|inactive|captainspoon has 10 seconds left.
|inactive|captainspoon has 5 seconds left.
|
|t:|1756464446
|move|p1b: Gholdengo|Protect|p1b: Gholdengo
|-singleturn|p1b: Gholdengo|Protect
|move|p1a: Dragonite|Scale Shot|p2a: Torkoal|[miss]
|-miss|p1a: Dragonite|p2a: Torkoal
|move|p2b: Incineroar|Knock Off|p1b: Gholdengo
|-activate|p1b: Gholdengo|move: Protect
|move|p2a: Torkoal|Heat Wave|p1b: Gholdengo|[spread] p1a
|-activate|p1b: Gholdengo|move: Protect
|-resisted|p1a: Dragonite
|-damage|p1a: Dragonite|2/100 brn
|
|-weather|SunnyDay|[upkeep]
|-damage|p1a: Dragonite|0 fnt|[from] brn
|faint|p1a: Dragonite
|upkeep
|turn|9
|
|t:|1756464463
|move|p1b: Gholdengo|Shadow Ball|p2a: Torkoal
|-damage|p2a: Torkoal|0 fnt
|faint|p2a: Torkoal
|move|p2b: Incineroar|Knock Off|p1b: Gholdengo
|-damage|p1b: Gholdengo|12/100
|-enditem|p1b: Gholdengo|Metal Coat|[from] move: Knock Off|[of] p2b: Incineroar
|
|-weather|none
|upkeep
|turn|10
|
|t:|1756464472
|move|p1b: Gholdengo|Make It Rain|p2b: Incineroar
|-resisted|p2b: Incineroar
|-damage|p2b: Incineroar|75/100
|-unboost|p1b: Gholdengo|spa|1
|move|p2b: Incineroar|Knock Off|p1b: Gholdengo
|-damage|p1b: Gholdengo|0 fnt
|faint|p1b: Gholdengo
|
|win|Leodess
||Leodess is ready for game 2.
||captainspoon is ready for game 2.
|uhtml|next|Next: Game 2 of 3
