|j|☆akahyden
|j|☆axcoquette
|html|akahydenaxcoquette    
|uhtml|bestof|Game 1 of a best-of-3
|t:|1784581997
|gametype|doubles
|player|p1|akahyden|unknownf|1268
|player|p2|axcoquette|2|1242
|gen|9
|tier|[Gen 9 Champions] VGC 2026 Reg M-B (Bo3)
|rated|
|rule|Species Clause: Limit one of each Pokémon
|rule|Item Clause: Limit 1 of each item
|clearpoke
|poke|p1|Staraptor, L50, M|
|poke|p1|Delphox, L50, M|
|poke|p1|Whimsicott, L50, F|
|poke|p1|Kingambit, L50, M|
|poke|p1|Garchomp, L50, M|
|poke|p1|Glimmora, L50, F|
|poke|p2|Aerodactyl, L50, F|
|poke|p2|Kingambit, L50, F|
|poke|p2|Sylveon, L50, M|
|poke|p2|Garchomp, L50, F|
|poke|p2|Charizard, L50, F|
|poke|p2|Incineroar, L50, M|
|teampreview|4
|showteam|p1|Staraptor||Staraptite|Intimidate|CloseCombat,DualWingbeat,Roost,Protect|Jolly||M|||50|]Delphox||Delphoxite|Blaze|HeatWave,Psychic,Encore,Protect|Timid||M|||50|]Whimsicott||OccaBerry|Prankster|Tailwind,Moonblast,Charm,LightScreen|Timid||F|||50|]Kingambit||ChopleBerry|Defiant|KowtowCleave,IronHead,LowKick,SuckerPunch|Adamant||M|||50|]Garchomp||LifeOrb|RoughSkin|Earthquake,DragonClaw,RockSlide,Protect|Adamant||M|||50|]Glimmora||FocusSash|ToxicDebris|PowerGem,SludgeBomb,EarthPower,SpikyShield|Modest||F|||50|
|showteam|p2|Aerodactyl||Aerodactylite|Unnerve|IceFang,RockSlide,Tailwind,WideGuard|Jolly||F|||50|]Kingambit||FocusSash|Defiant|KowtowCleave,SuckerPunch,IronHead,Protect|Adamant||F|||50|]Sylveon||FairyFeather|Pixilate|Detect,HyperVoice,HyperBeam,QuickAttack|Modest||M|||50|]Garchomp||LifeOrb|RoughSkin|Earthquake,DragonClaw,StompingTantrum,Protect|Jolly||F|||50|]Charizard||CharizarditeY|Blaze|Protect,HeatWave,SolarBeam,WeatherBall|Modest||F|||50|]Incineroar||SitrusBerry|Intimidate|DarkestLariat,FlareBlitz,FakeOut,PartingShot|Impish||M|||50|
|inactive|Battle timer is ON: inactive players will automatically lose when time's up. (requested by axcoquette)
|inactive|akahyden has 60 seconds left.
|inactive|axcoquette has 60 seconds left.
|inactive|akahyden has 30 seconds left.
|
|t:|1784582062
|teamsize|p1|4
|teamsize|p2|4
|start
|switch|p1a: Whimsicott|Whimsicott, L50, F|100/100
|switch|p1b: Glimmora|Glimmora, L50, F|100/100
|switch|p2a: Aerodactyl|Aerodactyl, L50, F|100/100
|switch|p2b: Incineroar|Incineroar, L50, M|100/100
|-ability|p2a: Aerodactyl|Unnerve
|-ability|p2b: Incineroar|Intimidate|boost
|-unboost|p1a: Whimsicott|atk|1
|-unboost|p1b: Glimmora|atk|1
|turn|1
|inactive|axcoquette has 30 seconds left.
|
|t:|1784582096
|switch|p1a: Staraptor|Staraptor, L50, M|100/100
|-ability|p1a: Staraptor|Intimidate|boost
|-unboost|p2a: Aerodactyl|atk|1
|-unboost|p2b: Incineroar|atk|1
|detailschange|p2a: Aerodactyl|Aerodactyl-Mega, L50, F
|-mega|p2a: Aerodactyl|Aerodactyl|Aerodactylite
|move|p2b: Incineroar|Fake Out|p1a: Staraptor
|-damage|p1a: Staraptor|90/100
|move|p2a: Aerodactyl|Tailwind|p2a: Aerodactyl
|-sidestart|p2: axcoquette|move: Tailwind
|move|p1b: Glimmora|Power Gem|p2a: Aerodactyl
|-supereffective|p2a: Aerodactyl|1
|-damage|p2a: Aerodactyl|11/100
|
|upkeep
|turn|2
|inactive|akahyden has 30 seconds left.
|
|t:|1784582129
|detailschange|p1a: Staraptor|Staraptor-Mega, L50, M
|-mega|p1a: Staraptor|Staraptor|Staraptite
|move|p2a: Aerodactyl|Ice Fang|p1a: Staraptor
|-supereffective|p1a: Staraptor|1
|-damage|p1a: Staraptor|52/100
|cant|p1a: Staraptor|flinch
|move|p2b: Incineroar|Parting Shot|p1b: Glimmora
|-unboost|p1b: Glimmora|atk|1
|-unboost|p1b: Glimmora|spa|1
|
|t:|1784582138
|switch|p2b: Sylveon|Sylveon, L50, M|100/100|[from] Parting Shot
|move|p1b: Glimmora|Power Gem|p2b: Sylveon
|-damage|p2b: Sylveon|77/100
|
|upkeep
|turn|3
|
|t:|1784582152
|switch|p1a: Whimsicott|Whimsicott, L50, F|100/100
|move|p2a: Aerodactyl|Rock Slide|p1b: Glimmora|[spread] p1b
|-miss|p2a: Aerodactyl|p1a: Whimsicott
|-damage|p1b: Glimmora|77/100
|-activate|p1b: Glimmora|ability: Toxic Debris
|-sidestart|p2: axcoquette|move: Toxic Spikes
|move|p2b: Sylveon|Hyper Voice|p1a: Whimsicott|[spread] p1a,p1b
|-resisted|p1b: Glimmora|1
|-damage|p1a: Whimsicott|31/100
|-damage|p1b: Glimmora|46/100
|move|p1b: Glimmora|Power Gem|p2a: Aerodactyl
|-supereffective|p2a: Aerodactyl|1
|-damage|p2a: Aerodactyl|0 fnt
|faint|p2a: Aerodactyl
|
|upkeep
|
|t:|1784582170
|switch|p2a: Garchomp|Garchomp, L50, F|100/100
|-status|p2a: Garchomp|psn
|turn|4
|
|t:|1784582194
|move|p2b: Sylveon|Detect|p2b: Sylveon
|-singleturn|p2b: Sylveon|Protect
|move|p1a: Whimsicott|Tailwind|p1a: Whimsicott
|-sidestart|p1: akahyden|move: Tailwind
|move|p2a: Garchomp|Dragon Claw|p1b: Glimmora
|-damage|p1b: Glimmora|0 fnt
|-activate|p1b: Glimmora|ability: Toxic Debris
|-sidestart|p2: axcoquette|move: Toxic Spikes
|faint|p1b: Glimmora
|-damage|p2a: Garchomp|90/100 psn|[from] item: Life Orb
|
|-damage|p2a: Garchomp|78/100 psn|[from] psn
|-sideend|p2: axcoquette|move: Tailwind
|upkeep
|
|t:|1784582219
|switch|p1b: Staraptor|Staraptor-Mega, L50, M|52/100
|turn|5
|
|t:|1784582232
|switch|p2b: Incineroar|Incineroar, L50, M|100/100
|-status|p2b: Incineroar|tox
|-ability|p2b: Incineroar|Intimidate|boost
|-unboost|p1a: Whimsicott|atk|1
|-boost|p1b: Staraptor|atk|1
|move|p1b: Staraptor|Dual Wingbeat|p2b: Incineroar
|-damage|p2b: Incineroar|80/100 tox
|-damage|p2b: Incineroar|62/100 tox
|-hitcount|p2b: Incineroar|2
|move|p1a: Whimsicott|Moonblast|p2b: Incineroar
|-damage|p2b: Incineroar|35/100 tox
|-enditem|p2b: Incineroar|Sitrus Berry|[eat]
|-heal|p2b: Incineroar|59/100 tox|[from] item: Sitrus Berry
|move|p2a: Garchomp|Dragon Claw|p1b: Staraptor
|-damage|p1b: Staraptor|2/100
|-damage|p2a: Garchomp|68/100 psn|[from] item: Life Orb
|
|-damage|p2a: Garchomp|56/100 psn|[from] psn
|-damage|p2b: Incineroar|53/100 tox|[from] psn
|upkeep
|turn|6
|inactive|axcoquette has 30 seconds left.
|
|t:|1784582257
|switch|p2a: Sylveon|Sylveon, L50, M|77/100
|-status|p2a: Sylveon|tox
|move|p2b: Incineroar|Fake Out|p1b: Staraptor
|-damage|p1b: Staraptor|0 fnt
|faint|p1b: Staraptor
|move|p1a: Whimsicott|Moonblast|p2a: Sylveon
|-damage|p2a: Sylveon|56/100 tox
|
|-damage|p2a: Sylveon|50/100g tox|[from] psn
|-damage|p2b: Incineroar|42/100 tox|[from] psn
|upkeep
|
|t:|1784582262
|switch|p1b: Garchomp|Garchomp, L50, M|100/100
|turn|7
|
|t:|1784582280
|move|p1a: Whimsicott|Moonblast|p2a: Sylveon
|-damage|p2a: Sylveon|28/100 tox
|move|p1b: Garchomp|Earthquake|p2b: Incineroar|[spread] p1a,p2a,p2b
|-resisted|p1a: Whimsicott|1
|-supereffective|p2b: Incineroar|1
|-damage|p1a: Whimsicott|4/100
|-damage|p2a: Sylveon|0 fnt
|-damage|p2b: Incineroar|0 fnt
|faint|p2a: Sylveon
|faint|p2b: Incineroar
|-damage|p1b: Garchomp|90/100|[from] item: Life Orb
|
|-sideend|p1: akahyden|move: Tailwind
|upkeep
|
|t:|1784582291
|switch|p2b: Garchomp|Garchomp, L50, F|56/100 psn
|turn|8
|
|t:|1784582296
|move|p1a: Whimsicott|Tailwind|p1a: Whimsicott
|-sidestart|p1: akahyden|move: Tailwind
|move|p1b: Garchomp|Dragon Claw|p2b: Garchomp
|-supereffective|p2b: Garchomp|1
|-crit|p2b: Garchomp
|-damage|p2b: Garchomp|0 fnt
|-damage|p1b: Garchomp|77/100|[from] ability: Rough Skin|[of] p2b: Garchomp
|faint|p2b: Garchomp
|-damage|p1b: Garchomp|68/100|[from] item: Life Orb
|
|win|akahyden
