|j|‽Beege
|j|☆nicven
|html|Beegenicven    
|uhtml|bestof|Game 1 of a best-of-3
|t:|1783879672
|gametype|doubles
|player|p1|Beege|101|1229
|player|p2|nicven|ghetsis|1227
|gen|9
|tier|[Gen 9 Champions] VGC 2026 Reg M-B (Bo3)
|rated|
|rule|Species Clause: Limit one of each Pokémon
|rule|Item Clause: Limit 1 of each item
|clearpoke
|poke|p1|Charizard, L50, M|
|poke|p1|Whimsicott, L50, M|
|poke|p1|Sneasler, L50, F|
|poke|p1|Garchomp, L50, M|
|poke|p1|Kingambit, L50, M|
|poke|p1|Dragapult, L50, F|
|poke|p2|Ninetales-Alola, L50, F|
|poke|p2|Farigiraf, L50, M|
|poke|p2|Incineroar, L50, F|
|poke|p2|Mawile, L50, F|
|poke|p2|Basculegion, L50, M|
|poke|p2|Drampa, L50, M|
|teampreview|4
|showteam|p1|Charizard||CharizarditeY|SolarPower|Protect,HeatWave,WeatherBall,SolarBeam|Timid||M|||50|]Whimsicott||FocusSash|Prankster|FakeTears,Moonblast,Tailwind,Encore|Timid||M|||50|]Sneasler||WhiteHerb|Unburden|DireClaw,FakeOut,CloseCombat,RockSlide|Adamant||F|||50|]Garchomp||ChoiceScarf|RoughSkin|Earthquake,DragonClaw,RockSlide,StompingTantrum|Adamant||M|||50|]Kingambit||BlackGlasses|SupremeOverlord|KowtowCleave,SuckerPunch,LowKick,IronHead|Jolly||M|||50|]Dragapult||LifeOrb|ClearBody|PhantomForce,DragonDarts,DragonDance,Protect|Adamant||F|||50|
|showteam|p2|Ninetales-Alola||FocusSash|SnowWarning|Blizzard,FreezeDry,AuroraVeil,Protect|Timid||F|||50|]Farigiraf||ColburBerry|ArmorTail|TrickRoom,HelpingHand,Psychic,Protect|Quiet||M|||50|]Incineroar||Charcoal|Intimidate|FlareBlitz,ThroatChop,PartingShot,FakeOut|Adamant||F|||50|]Mawile||Mawilite|HyperCutter|PlayRough,RockSlide,SuckerPunch,Protect|Adamant||F|||50|]Basculegion||SitrusBerry|Adaptability|WaveCrash,AquaJet,LastRespects,Protect|Adamant||M|||50|]Drampa||Drampanite|CloudNine|EarthPower,HyperVoice,DragonPulse,Protect|Quiet||M|||50|
|inactive|Battle timer is ON: inactive players will automatically lose when time's up. (requested by Beege)
|
|t:|1783879719
|teamsize|p1|4
|teamsize|p2|4
|start
|switch|p1a: Sneasler|Sneasler, L50, F|100/100
|switch|p1b: Dragapult|Dragapult, L50, F|100/100
|switch|p2a: Farigiraf|Farigiraf, L50, M|100/100
|switch|p2b: Incineroar|Incineroar, L50, F|100/100
|-ability|p2b: Incineroar|Intimidate|boost
|-unboost|p1a: Sneasler|atk|1
|-fail|p1b: Dragapult|unboost|[from] ability: Clear Body|[of] p1b: Dragapult
|-enditem|p1a: Sneasler|White Herb
|-clearnegativeboost|p1a: Sneasler|[silent]
|turn|1
|
|t:|1783879741
|switch|p1a: Kingambit|Kingambit, L50, M|100/100
|move|p2b: Incineroar|Fake Out|p1a: Kingambit
|-resisted|p1a: Kingambit|1
|-damage|p1a: Kingambit|93/100
|move|p1b: Dragapult|Dragon Darts|p2a: Farigiraf
|-damage|p2a: Farigiraf|70/100
|-anim|p1b: Dragapult|Dragon Darts|p2b: Incineroar
|-damage|p2b: Incineroar|65/100
|-damage|p1b: Dragapult|90/100|[from] item: Life Orb
|move|p2a: Farigiraf|Trick Room|p2a: Farigiraf
|-fieldstart|move: Trick Room|[of] p2a: Farigiraf
|
|upkeep
|turn|2
|
|t:|1783879759
|move|p2a: Farigiraf|Psychic|p1b: Dragapult
|-damage|p1b: Dragapult|38/100
|move|p2b: Incineroar|Flare Blitz|p1a: Kingambit
|-supereffective|p1a: Kingambit|1
|-damage|p1a: Kingambit|0 fnt
|faint|p1a: Kingambit
|-end|p1a: Kingambit|fallenundefined|[silent]
|-damage|p2b: Incineroar|37/100|[from] Recoil
|move|p1b: Dragapult|Dragon Darts|p2b: Incineroar
|-damage|p2b: Incineroar|4/100
|-anim|p1b: Dragapult|Dragon Darts|p2a: Farigiraf
|-damage|p2a: Farigiraf|40/100
|-damage|p1b: Dragapult|29/100|[from] item: Life Orb
|
|upkeep
|
|t:|1783879778
|switch|p1a: Charizard|Charizard, L50, M|100/100
|turn|3
|
|t:|1783879787
|detailschange|p1a: Charizard|Charizard-Mega-Y, L50, M
|-mega|p1a: Charizard|Charizard|Charizardite Y
|-weather|SunnyDay|[from] ability: Drought|[of] p1a: Charizard
|move|p1b: Dragapult|Protect|p1b: Dragapult
|-singleturn|p1b: Dragapult|Protect
|move|p2a: Farigiraf|Psychic|p1b: Dragapult
|-activate|p1b: Dragapult|move: Protect
|move|p2b: Incineroar|Parting Shot|p1a: Charizard
|-unboost|p1a: Charizard|atk|1
|-unboost|p1a: Charizard|spa|1
|
|t:|1783879797
|switch|p2b: Drampa|Drampa, L50, M|100/100|[from] Parting Shot
|-ability|p2b: Drampa|Cloud Nine
|move|p1a: Charizard|Heat Wave|p2b: Drampa|[spread] p2a,p2b
|-resisted|p2b: Drampa|1
|-crit|p2b: Drampa
|-damage|p2a: Farigiraf|17/100
|-damage|p2b: Drampa|70/100
|
|-weather|SunnyDay|[upkeep]
|upkeep
|turn|4
|
|t:|1783879814
|switch|p1a: Sneasler|Sneasler, L50, F|100/100
|move|p2b: Drampa|Dragon Pulse|p1a: Sneasler
|-damage|p1a: Sneasler|33/100
|move|p2a: Farigiraf|Psychic|p1b: Dragapult
|-damage|p1b: Dragapult|0 fnt
|faint|p1b: Dragapult
|
|-weather|SunnyDay|[upkeep]
|upkeep
|
|t:|1783879825
|switch|p1b: Charizard|Charizard-Mega-Y, L50, M|100/100
|turn|5
|-message|Beege forfeited.
|
|win|nicven
|l|‽Beege
|player|p1|
||nicven is ready for game 2.
|raw|Beege's rating: 1229 → 1204(-25 for losing)
|raw|nicven's rating: 1227 → 1252(+25 for winning)
