|j|☆Inteligent8pro
|j|☆Suedanim
|html|Inteligent8proSuedanim    
|uhtml|bestof|Game 1 of a best-of-3
|t:|1786146129
|gametype|doubles
|player|p1|Inteligent8pro|elesa|1138
|player|p2|Suedanim|unknown|1117
|gen|9
|tier|[Gen 9 Champions] VGC 2026 Reg M-B (Bo3)
|rated|
|rule|Species Clause: Limit one of each Pokémon
|rule|Item Clause: Limit 1 of each item
|clearpoke
|poke|p1|Blaziken, L50, F|
|poke|p1|Venusaur, L50, M|
|poke|p1|Kingambit, L50, M|
|poke|p1|Ninetales-Alola, L50, M|
|poke|p1|Lycanroc-Dusk, L50, M|
|poke|p1|Basculegion, L50, M|
|poke|p2|Crabominable, L50, M|
|poke|p2|Ninetales-Alola, L50, F|
|poke|p2|Farigiraf, L50, M|
|poke|p2|Volcarona, L50, M|
|poke|p2|Toxapex, L50, F|
|poke|p2|Raichu, L50, M|
|teampreview|4
|showteam|p1|Blaziken||Blazikenite|SpeedBoost|FlareBlitz,CloseCombat,RockSlide,Detect|Adamant||F|||50|]Venusaur||Venusaurite|Chlorophyll|GigaDrain,SludgeBomb,EarthPower,Protect|Modest||M|||50|]Kingambit||LifeOrb|Defiant|KowtowCleave,SuckerPunch,IronHead,Protect|Adamant||M|||50|]Ninetales-Alola||NeverMeltIce|SnowWarning|Blizzard,FreezeDry,Encore,Protect|Timid||M|||50|]Lycanroc-Dusk||FocusSash|ToughClaws|RockSlide,Accelerock,CloseCombat,Protect|Adamant||M|||50|]Basculegion||ChoiceScarf|Adaptability|LastRespects,WaveCrash,AquaJet,FlipTurn|Jolly||M|||50|
|showteam|p2|Crabominable||Crabominite|HyperCutter|BulkUp,DrainPunch,IceHammer,Protect|Careful||M|||50|]Ninetales-Alola||LightClay|SnowWarning|AuroraVeil,Blizzard,Moonblast,Protect|Timid||F|||50|]Farigiraf||SitrusBerry|ArmorTail|TrickRoom,HelpingHand,Protect,Psychic|Sassy||M|||50|]Volcarona||ChartiBerry|FlameBody|StruggleBug,QuiverDance,HeatWave,Protect|Bold||M|||50|]Toxapex||Leftovers|Regenerator|Toxic,Infestation,BanefulBunker,WideGuard|Calm||F|||50|]Raichu||FocusSash|LightningRod|FakeOut,EerieImpulse,VoltSwitch,Nuzzle|Jolly||M|||50|
|inactive|Battle timer is ON: inactive players will automatically lose when time's up. (requested by Inteligent8pro)
|
|t:|1786146185
|teamsize|p1|4
|teamsize|p2|4
|start
|switch|p1a: Blaziken|Blaziken, L50, F|100/100
|switch|p1b: Kingambit|Kingambit, L50, M|100/100
|switch|p2a: Ninetales|Ninetales-Alola, L50, F|100/100
|switch|p2b: Farigiraf|Farigiraf, L50, M|100/100
|-weather|Snowscape|[from] ability: Snow Warning|[of] p2a: Ninetales
|turn|1
|
|t:|1786146205
|move|p2a: Ninetales|Aurora Veil|p2a: Ninetales
|-sidestart|p2: Suedanim|move: Aurora Veil
|move|p1a: Blaziken|Close Combat|p2b: Farigiraf
|-damage|p2b: Farigiraf|57/100
|-unboost|p1a: Blaziken|def|1
|-unboost|p1a: Blaziken|spd|1
|move|p1b: Kingambit|Kowtow Cleave|p2b: Farigiraf
|-supereffective|p2b: Farigiraf|1
|-damage|p2b: Farigiraf|0 fnt
|faint|p2b: Farigiraf
|-damage|p1b: Kingambit|90/100|[from] item: Life Orb
|
|-weather|Snowscape|[upkeep]
|-ability|p1a: Blaziken|Speed Boost|boost
|-boost|p1a: Blaziken|spe|1
|upkeep
|
|t:|1786146215
|switch|p2b: Crabominable|Crabominable, L50, M|100/100
|turn|2
|
|t:|1786146237
|detailschange|p1a: Blaziken|Blaziken-Mega, L50, F
|-mega|p1a: Blaziken|Blaziken|Blazikenite
|detailschange|p2b: Crabominable|Crabominable-Mega, L50, M
|-mega|p2b: Crabominable|Crabominable|Crabominite
|move|p1b: Kingambit|Sucker Punch|p2b: Crabominable
|-resisted|p2b: Crabominable|1
|-damage|p2b: Crabominable|91/100
|-damage|p1b: Kingambit|80/100|[from] item: Life Orb
|move|p1a: Blaziken|Flare Blitz|p2b: Crabominable
|-supereffective|p2b: Crabominable|1
|-crit|p2b: Crabominable
|-damage|p2b: Crabominable|0 fnt
|faint|p2b: Crabominable
|-damage|p1a: Blaziken|61/100|[from] Recoil
|move|p2a: Ninetales|Moonblast|p1a: Blaziken
|-damage|p1a: Blaziken|0 fnt
|faint|p1a: Blaziken
|
|-weather|Snowscape|[upkeep]
|upkeep
|
|t:|1786146258
|switch|p1a: Venusaur|Venusaur, L50, M|100/100
|switch|p2b: Toxapex|Toxapex, L50, F|100/100
|turn|3
|
|t:|1786146274
|move|p1a: Venusaur|Protect|p1a: Venusaur
|-singleturn|p1a: Venusaur|Protect
|move|p2a: Ninetales|Blizzard|p1a: Venusaur|[spread] p1b
|-activate|p1a: Venusaur|move: Protect
|-resisted|p1b: Kingambit|1
|-damage|p1b: Kingambit|66/100
|move|p1b: Kingambit|Iron Head|p2a: Ninetales
|-supereffective|p2a: Ninetales|2
|-damage|p2a: Ninetales|0 fnt
|faint|p2a: Ninetales
|-damage|p1b: Kingambit|56/100|[from] item: Life Orb
|move|p2b: Toxapex|Infestation|p1b: Kingambit
|-damage|p1b: Kingambit|53/100
|-activate|p1b: Kingambit|move: Infestation|[of] p2b: Toxapex
|
|-weather|Snowscape|[upkeep]
|-damage|p1b: Kingambit|41/100|[from] move: Infestation|[partiallytrapped]
|upkeep
|turn|4
|
|t:|1786146294
|move|p1a: Venusaur|Earth Power|p2b: Toxapex
|-supereffective|p2b: Toxapex|1
|-damage|p2b: Toxapex|77/100
|move|p1b: Kingambit|Kowtow Cleave|p2b: Toxapex
|-damage|p2b: Toxapex|42/100
|-damage|p1b: Kingambit|31/100|[from] item: Life Orb
|move|p2b: Toxapex|Infestation|p1a: Venusaur
|-damage|p1a: Venusaur|96/100
|-activate|p1a: Venusaur|move: Infestation|[of] p2b: Toxapex
|
|-weather|Snowscape|[upkeep]
|-heal|p2b: Toxapex|48/100|[from] item: Leftovers
|-damage|p1a: Venusaur|84/100|[from] move: Infestation|[partiallytrapped]
|-damage|p1b: Kingambit|19/100|[from] move: Infestation|[partiallytrapped]
|upkeep
|turn|5
|
|t:|1786146310
|move|p2b: Toxapex|Baneful Bunker|p2b: Toxapex
|-singleturn|p2b: Toxapex|move: Protect
|move|p1a: Venusaur|Earth Power|p2b: Toxapex
|-activate|p2b: Toxapex|move: Protect
|move|p1b: Kingambit|Kowtow Cleave|p2b: Toxapex
|-activate|p2b: Toxapex|move: Protect
|
|-weather|none
|-heal|p2b: Toxapex|54/100|[from] item: Leftovers
|-damage|p1a: Venusaur|72/100|[from] move: Infestation|[partiallytrapped]
|-damage|p1b: Kingambit|7/100|[from] move: Infestation|[partiallytrapped]
|upkeep
|turn|6
|
|t:|1786146326
|move|p1a: Venusaur|Earth Power|p2b: Toxapex
|-supereffective|p2b: Toxapex|1
|-damage|p2b: Toxapex|34/100
|move|p1b: Kingambit|Kowtow Cleave|p2b: Toxapex
|-damage|p2b: Toxapex|0 fnt
|faint|p2b: Toxapex
|-damage|p1b: Kingambit|0 fnt|[from] item: Life Orb
|faint|p1b: Kingambit
|
|win|Inteligent8pro
