|j|☆HayesL
|j|☆cwisbt
|html|HayesLcwisbt    
|uhtml|bestof|Game 2 of a best-of-3
|t:|1784401012
|gametype|doubles
|player|p1|HayesL|will|
|player|p2|cwisbt|sordward-shielbert|
|gen|9
|tier|[Gen 9 Champions] VGC 2026 Reg M-B (Bo3)
|rule|Species Clause: Limit one of each Pokémon
|rule|Item Clause: Limit 1 of each item
|clearpoke
|poke|p1|Garchomp, L50, F|
|poke|p1|Kingambit, L50, F|
|poke|p1|Farigiraf, L50, F|
|poke|p1|Aerodactyl, L50, M|
|poke|p1|Clefable, L50, F|
|poke|p1|Rotom-Heat, L50|
|poke|p2|Raichu, L50, M|
|poke|p2|Mamoswine, L50, F|
|poke|p2|Gholdengo, L50|
|poke|p2|Sylveon, L50, F|
|poke|p2|Talonflame, L50, M|
|poke|p2|Froslass, L50, F|
|teampreview|4
|showteam|p1|Garchomp||Garchompite|SandVeil|Earthquake,RockSlide,DragonClaw,Protect|Adamant||F|||50|]Kingambit||BlackGlasses|Defiant|KowtowCleave,SuckerPunch,IronHead,Protect|Adamant||F|||50|]Farigiraf||SitrusBerry|ArmorTail|Psychic,Thunderbolt,TrickRoom,Roar|Modest||F|||50|]Aerodactyl||FocusSash|RockHead|RockSlide,DualWingbeat,Tailwind,WideGuard|Jolly||M|||50|]Clefable||Leftovers|Unaware|Moonblast,FollowMe,HelpingHand,Protect|Bold||F|||50|]Rotom-Heat||PasshoBerry|Levitate|Overheat,Thunderbolt,WillOWisp,Protect|Timid|||||50|
|showteam|p2|Raichu||RaichuniteY|LightningRod|Protect,ZapCannon,FocusBlast,Encore|Timid||M|||50|]Mamoswine||FocusSash|Oblivious|Protect,IcicleCrash,IceShard,HighHorsepower|Adamant||F|||50|]Gholdengo||LifeOrb|GoodasGold|Protect,MakeItRain,ShadowBall,PowerGem|Modest|||||50|]Sylveon||FairyFeather|Pixilate|Protect,HyperVoice,HyperBeam,QuickAttack|Modest||F|||50|]Talonflame||SharpBeak|GaleWings|QuickGuard,DualWingbeat,SunnyDay,Tailwind|Jolly||M|||50|]Froslass||Froslassite|CursedBody|Protect,Blizzard,ShadowBall,Taunt|Timid||F|||50|
|inactive|Battle timer is ON: inactive players will automatically lose when time's up. (requested by cwisbt)
|inactiveoff|Battle timer is now OFF.
|
|t:|1784401039
|teamsize|p1|4
|teamsize|p2|4
|start
|switch|p1a: da don|Garchomp, L50, F|100/100
|switch|p1b: trebleleblebleb|Clefable, L50, F|100/100
|switch|p2a: Gholdengo|Gholdengo, L50|100/100
|switch|p2b: Sylveon|Sylveon, L50, F|100/100
|turn|1
|
|t:|1784401066
|detailschange|p1a: da don|Garchomp-Mega, L50, F
|-mega|p1a: da don|Garchomp|Garchompite
|move|p2a: Gholdengo|Protect|p2a: Gholdengo
|-singleturn|p2a: Gholdengo|Protect
|move|p1b: trebleleblebleb|Protect|p1b: trebleleblebleb
|-singleturn|p1b: trebleleblebleb|Protect
|move|p1a: da don|Earthquake|p2a: Gholdengo|[spread] p2b
|-activate|p1b: trebleleblebleb|move: Protect
|-activate|p2a: Gholdengo|move: Protect
|-damage|p2b: Sylveon|24/100
|move|p2b: Sylveon|Hyper Voice|p1a: da don|[spread] p1a
|-activate|p1b: trebleleblebleb|move: Protect
|-supereffective|p1a: da don|1
|-damage|p1a: da don|2/100
|
|upkeep
|turn|2
|
|t:|1784401107
|switch|p2a: Talonflame|Talonflame, L50, M|100/100
|switch|p1b: mfer cooked|Rotom-Heat, L50|100/100
|move|p1a: da don|Protect|p1a: da don
|-singleturn|p1a: da don|Protect
|move|p2b: Sylveon|Protect||[still]
|-fail|p2b: Sylveon
|
|upkeep
|turn|3
|
|t:|1784401136
|switch|p2b: Raichu|Raichu, L50, M|100/100
|move|p2a: Talonflame|Dual Wingbeat|p1a: da don
|-damage|p1a: da don|0 fnt
|faint|p1a: da don
|-hitcount|p1: da don|1
|move|p1b: mfer cooked|Thunderbolt|p2b: Raichu
|-activate|p2b: Raichu|ability: Lightning Rod
|-ability|p2b: Raichu|Lightning Rod|boost
|-boost|p2b: Raichu|spa|1
|
|upkeep
|
|t:|1784401144
|switch|p1a: shogun|Kingambit, L50, F|100/100
|turn|4
|
|t:|1784401176
|switch|p1b: trebleleblebleb|Clefable, L50, F|100/100
|detailschange|p2b: Raichu|Raichu-Mega-Y, L50, M
|-mega|p2b: Raichu|Raichu|Raichunite Y
|move|p2a: Talonflame|Quick Guard|p2a: Talonflame
|-singleturn|p2a: Talonflame|Quick Guard
|move|p2b: Raichu|Focus Blast|p1a: shogun
|-supereffective|p1a: shogun|2
|-damage|p1a: shogun|0 fnt
|faint|p1a: shogun
|
|upkeep
|
|t:|1784401178
|switch|p1a: mfer cooked|Rotom-Heat, L50|100/100
|turn|5
|
|t:|1784401193
|move|p2a: Talonflame|Tailwind|p2a: Talonflame
|-sidestart|p2: cwisbt|move: Tailwind
|move|p2b: Raichu|Zap Cannon|p1b: trebleleblebleb
|-damage|p1b: trebleleblebleb|36/100
|-status|p1b: trebleleblebleb|par
|move|p1a: mfer cooked|Will-O-Wisp|p2b: Raichu
|-status|p2b: Raichu|brn
|move|p1b: trebleleblebleb|Moonblast|p2b: Raichu
|-damage|p2b: Raichu|51/100 brn
|
|-heal|p1b: trebleleblebleb|42/100 par|[from] item: Leftovers
|-damage|p2b: Raichu|45/100 brn|[from] brn
|upkeep
|turn|6
|
|t:|1784401218
|move|p2a: Talonflame|Dual Wingbeat|p1b: trebleleblebleb|[miss]
|-miss|p2a: Talonflame|p1b: trebleleblebleb
|move|p2b: Raichu|Encore|p1a: mfer cooked
|-start|p1a: mfer cooked|Encore
|move|p1a: mfer cooked|Will-O-Wisp|p2a: Talonflame
|-immune|p2a: Talonflame
|move|p1b: trebleleblebleb|Moonblast|p2a: Talonflame
|-resisted|p2a: Talonflame|1
|-damage|p2a: Talonflame|74/100
|
|-heal|p1b: trebleleblebleb|48/100 par|[from] item: Leftovers
|-damage|p2b: Raichu|39/100 brn|[from] brn
|upkeep
|turn|7
|
|t:|1784401229
|move|p2b: Raichu|Focus Blast|p1a: mfer cooked
|-damage|p1a: mfer cooked|14/100
|move|p2a: Talonflame|Dual Wingbeat|p1b: trebleleblebleb
|-damage|p1b: trebleleblebleb|32/100 par
|-damage|p1b: trebleleblebleb|17/100 par
|-hitcount|p1b: trebleleblebleb|2
|move|p1a: mfer cooked|Will-O-Wisp|p2b: Raichu
|-fail|p2b: Raichu|brn
|move|p1b: trebleleblebleb|Moonblast|p2b: Raichu
|-crit|p2b: Raichu
|-damage|p2b: Raichu|0 fnt
|faint|p2b: Raichu
|
|-heal|p1b: trebleleblebleb|23/100 par|[from] item: Leftovers
|upkeep
|
|t:|1784401235
|switch|p2b: Sylveon|Sylveon, L50, F|24/100
|turn|8
|
|t:|1784401266
|move|p2a: Talonflame|Dual Wingbeat|p1b: trebleleblebleb
|-damage|p1b: trebleleblebleb|8/100 par
|-damage|p1b: trebleleblebleb|0 fnt
|faint|p1b: trebleleblebleb
|-hitcount|p1: trebleleblebleb|2
|move|p2b: Sylveon|Hyper Voice|p1a: mfer cooked
|-resisted|p1a: mfer cooked|1
|-damage|p1a: mfer cooked|0 fnt
|faint|p1a: mfer cooked
|
|win|cwisbt
|c|☆HayesL|ggs
|l|☆HayesL
|player|p1|
|c|☆cwisbt|ggs
