|j|☆beeetch
|j|☆Zelgius of Begnion
|html|beeetchZelgius of Begnion    
|uhtml|bestof|Game 3 of a best-of-3
|t:|1754904524
|gametype|doubles
|player|p1|beeetch|beauty-gen4dp|1254
|player|p2|Zelgius of Begnion|veteranf|1184
|gen|9
|tier|[Gen 9] VGC 2025 Reg H (Bo3)
|rated|
|rule|Species Clause: Limit one of each Pokémon
|rule|Item Clause: Limit 1 of each item
|clearpoke
|poke|p1|Toedscruel, L50, F|
|poke|p1|Weezing-Galar, L50, M|
|poke|p1|Corviknight, L50, M|
|poke|p1|Pawmot, L50, M|
|poke|p1|Garchomp, L50, M|
|poke|p1|Typhlosion-Hisui, L50, F|
|poke|p2|Arcanine-Hisui, L50, F|
|poke|p2|Ninetales-Alola, L50, M|
|poke|p2|Gholdengo, L50|
|poke|p2|Sneasler, L50, F|
|poke|p2|Dragonite, L50, F|
|poke|p2|Rillaboom, L50, M|
|teampreview|4
|showteam|p1|Toedscruel||CovertCloak|MyceliumMight|Spore,EarthPower,AcidSpray,RagePowder|||F|||50|,,,,,Water]Weezing-Galar||ChoiceSpecs|NeutralizingGas|DazzlingGleam,SludgeBomb,StrangeSteam,Flamethrower|||M|||50|,,,,,Fire]Corviknight||SitrusBerry|MirrorArmor|Protect,Tailwind,Roost,BraveBird|||M|||50|,,,,,Dragon]Pawmot||FocusSash|NaturalCure|Protect,CloseCombat,DoubleShock,FakeOut|||M|||50|,,,,,Electric]Garchomp||LifeOrb|RoughSkin|Protect,Earthquake,DragonClaw,StompingTantrum|||M|||50|,,,,,Ground]Typhlosion-Hisui||ChoiceScarf|Blaze|Eruption,SleepTalk,HeatWave,ShadowBall|||F|||50|,,,,,Fire
|showteam|p2|Arcanine-Hisui||ClearAmulet|Intimidate|FlareBlitz,RockSlide,Protect,ExtremeSpeed|||F|||50|,,,,,Water]Ninetales-Alola||FocusSash|SnowWarning|Blizzard,IcyWind,AuroraVeil,Encore|||M|||50|,,,,,Ghost]Gholdengo||GrassySeed|GoodasGold|MakeItRain,NastyPlot,ShadowBall,Protect||||||50|,,,,,Water]Sneasler||WhiteHerb|Unburden|DireClaw,CloseCombat,Coaching,Protect|||F|||50|,,,,,Ghost]Dragonite||LoadedDice|Multiscale|ScaleShot,StompingTantrum,Tailwind,Protect|||F|||50|,,,,,Ground]Rillaboom||AssaultVest|GrassySurge|FakeOut,DrumBeating,HighHorsepower,GrassyGlide|||M|||50|,,,,,Fire
|
|t:|1754904573
|teamsize|p1|4
|teamsize|p2|4
|start
|switch|p1a: Typhlosion|Typhlosion-Hisui, L50, F|100/100
|switch|p1b: Weezing|Weezing-Galar, L50, M|100/100
|switch|p2a: Ninetales|Ninetales-Alola, L50, M|100/100
|switch|p2b: Rillaboom|Rillaboom, L50, M|100/100
|-ability|p1b: Weezing|Neutralizing Gas
|turn|1
|
|t:|1754904590
|-terastallize|p2b: Rillaboom|Fire
|move|p1a: Typhlosion|Eruption|p2a: Ninetales|[spread] p2a,p2b
|-supereffective|p2a: Ninetales
|-resisted|p2b: Rillaboom
|-enditem|p2a: Ninetales|Focus Sash
|-damage|p2a: Ninetales|1/100
|-damage|p2b: Rillaboom|78/100
|move|p2a: Ninetales|Icy Wind|p1a: Typhlosion|[spread] p1a,p1b
|-resisted|p1a: Typhlosion
|-damage|p1a: Typhlosion|90/100
|-damage|p1b: Weezing|80/100
|-unboost|p1a: Typhlosion|spe|1
|-unboost|p1b: Weezing|spe|1
|move|p2b: Rillaboom|High Horsepower|p1a: Typhlosion|[miss]
|-miss|p2b: Rillaboom|p1a: Typhlosion
|move|p1b: Weezing|Dazzling Gleam|p2a: Ninetales|[spread] p2a,p2b
|-resisted|p2b: Rillaboom
|-damage|p2a: Ninetales|0 fnt
|-damage|p2b: Rillaboom|64/100
|faint|p2a: Ninetales
|
|upkeep
|
|t:|1754904607
|switch|p2a: Gholdengo|Gholdengo, L50|100/100
|turn|2
|
|t:|1754904620
|switch|p1a: Corviknight|Corviknight, L50, M|100/100
|-terastallize|p1b: Weezing|Fire
|move|p2b: Rillaboom|High Horsepower|p1a: Corviknight
|-immune|p1a: Corviknight
|move|p2a: Gholdengo|Nasty Plot|p2a: Gholdengo
|-boost|p2a: Gholdengo|spa|2
|move|p1b: Weezing|Dazzling Gleam|p2a: Gholdengo|[spread] p2a,p2b
|-resisted|p2a: Gholdengo
|-resisted|p2b: Rillaboom
|-damage|p2a: Gholdengo|83/100
|-damage|p2b: Rillaboom|48/100
|
|upkeep
|turn|3
|
|t:|1754904634
|move|p2b: Rillaboom|Drum Beating|p1a: Corviknight
|-resisted|p1a: Corviknight
|-damage|p1a: Corviknight|93/100
|-unboost|p1a: Corviknight|spe|1
|move|p2a: Gholdengo|Shadow Ball|p1a: Corviknight
|-damage|p1a: Corviknight|15/100
|-unboost|p1a: Corviknight|spd|1
|-enditem|p1a: Corviknight|Sitrus Berry|[eat]
|-heal|p1a: Corviknight|40/100|[from] item: Sitrus Berry
|move|p1a: Corviknight|Tailwind|p1a: Corviknight
|-sidestart|p1: beeetch|move: Tailwind
|move|p1b: Weezing|Dazzling Gleam|p2a: Gholdengo|[spread] p2a,p2b
|-resisted|p2a: Gholdengo
|-resisted|p2b: Rillaboom
|-damage|p2a: Gholdengo|66/100
|-damage|p2b: Rillaboom|31/100
|
|upkeep
|turn|4
|
|t:|1754904653
|switch|p2b: Dragonite|Dragonite, L50, F|100/100
|move|p2a: Gholdengo|Protect|p2a: Gholdengo
|-singleturn|p2a: Gholdengo|Protect
|move|p1a: Corviknight|Brave Bird|p2b: Dragonite
|-damage|p2b: Dragonite|54/100
|-damage|p1a: Corviknight|27/100|[from] Recoil
|move|p1b: Weezing|Dazzling Gleam|p2b: Dragonite|[spread] p2b
|-activate|p2a: Gholdengo|move: Protect
|-supereffective|p2b: Dragonite
|-damage|p2b: Dragonite|0 fnt
|faint|p2b: Dragonite
|
|upkeep
|
|t:|1754904663
|switch|p2b: Rillaboom|Rillaboom, L50, M, tera:Fire|31/100
|turn|5
|
|t:|1754904673
|move|p2b: Rillaboom|Fake Out|p1a: Corviknight
|-resisted|p1a: Corviknight
|-damage|p1a: Corviknight|21/100
|cant|p1a: Corviknight|flinch
|move|p1b: Weezing|Dazzling Gleam|p2b: Rillaboom|[spread] p2a,p2b
|-resisted|p2a: Gholdengo
|-resisted|p2b: Rillaboom
|-damage|p2a: Gholdengo|48/100
|-damage|p2b: Rillaboom|16/100
|move|p2a: Gholdengo|Nasty Plot|p2a: Gholdengo
|-boost|p2a: Gholdengo|spa|2
|
|upkeep
|turn|6
|
|t:|1754904688
|move|p1a: Corviknight|Protect|p1a: Corviknight
|-singleturn|p1a: Corviknight|Protect
|move|p2b: Rillaboom|High Horsepower|p1b: Weezing
|-supereffective|p1b: Weezing
|-damage|p1b: Weezing|19/100
|move|p1b: Weezing|Dazzling Gleam|p2b: Rillaboom|[spread] p2a,p2b
|-resisted|p2a: Gholdengo
|-resisted|p2b: Rillaboom
|-damage|p2a: Gholdengo|32/100
|-damage|p2b: Rillaboom|1/100
|move|p2a: Gholdengo|Shadow Ball|p1a: Corviknight
|-activate|p1a: Corviknight|move: Protect
|
|-sideend|p1: beeetch|move: Tailwind
|upkeep
|turn|7
|-message|Zelgius of Begnion forfeited.
|
|win|beeetch
|raw|beeetch's rating: 1254 → 1274(+20 for winning)
|raw|Zelgius of Begnion's rating: 1184 → 1164(-20 for losing)
