|j|☆B0mb3r6969
|j|☆eztico
|html|B0mb3r6969eztico    
|uhtml|bestof|Game 2 of a best-of-3
|t:|1782337224
|gametype|doubles
|player|p1|B0mb3r6969|cynthia-gen4|1109
|player|p2|eztico|101|1090
|gen|9
|tier|[Gen 9 Champions] VGC 2026 Reg M-B (Bo3)
|rated|
|rule|Species Clause: Limit one of each Pokémon
|rule|Item Clause: Limit 1 of each item
|clearpoke
|poke|p1|Tsareena, L50, F|
|poke|p1|Toxapex, L50, M|
|poke|p1|Delphox, L50, F|
|poke|p1|Swampert, L50, F|
|poke|p1|Talonflame, L50, F|
|poke|p1|Raichu, L50, M|
|poke|p2|Floette-Eternal, L50, F|
|poke|p2|Charizard, L50, F|
|poke|p2|Garchomp, L50, M|
|poke|p2|Whimsicott, L50, M|
|poke|p2|Basculegion, L50, M|
|poke|p2|Kingambit, L50, M|
|teampreview|4
|showteam|p1|Tsareena||FocusSash|QueenlyMajesty|TropKick,TripleAxel,Taunt,Protect|Adamant||F|||50|]Toxapex||Leftovers|Regenerator|BanefulBunker,Hex,Recover,Toxic|Sassy||M|||50|]Delphox||Delphoxite|Blaze|Protect,DazzlingGleam,ScorchingSands,HeatWave|Timid||F|||50|]Swampert||RindoBerry|Damp|HighHorsepower,IcePunch,Liquidation,PoisonJab|Adamant||F|||50|]Talonflame||SharpBeak|GaleWings|Protect,BraveBird,UpperHand,Tailwind|Jolly||F|||50|]Raichu||RaichuniteY|LightningRod|AlluringVoice,Electroweb,ZapCannon,Protect|Timid||M|||50|
|showteam|p2|Floette-Eternal||Floettite|FlowerVeil|Protect,DazzlingGleam,CalmMind,DrainingKiss|Modest||F|||50|]Charizard||CharizarditeY|Blaze|Protect,WeatherBall,SolarBeam,HeatWave|Modest||F|||50|]Garchomp||LifeOrb|RoughSkin|Protect,DragonClaw,RockSlide,StompingTantrum|Jolly||M|||50|]Whimsicott||FocusSash|Prankster|Protect,Tailwind,WorrySeed,EnergyBall|Timid||M|||50|]Basculegion||ChoiceScarf|Adaptability|LastRespects,WaveCrash,FlipTurn,AquaJet|Jolly||M|||50|]Kingambit||ChopleBerry|Defiant|KowtowCleave,SuckerPunch,LowKick,IronHead|Adamant||M|||50|
|inactive|Battle timer is ON: inactive players will automatically lose when time's up. (requested by B0mb3r6969)
|inactive|eztico has 60 seconds left.
|
|t:|1782337268
|teamsize|p1|4
|teamsize|p2|4
|start
|switch|p1a: Talonflame|Talonflame, L50, F|100/100
|switch|p1b: Swampert|Swampert, L50, F|100/100
|switch|p2a: Floette|Floette-Eternal, L50, F|100/100
|switch|p2b: Whimsicott|Whimsicott, L50, M|100/100
|turn|1
|
|t:|1782337286
|detailschange|p2a: Floette|Floette-Mega, L50, F
|-mega|p2a: Floette|Floette|Floettite
|-ability|p2a: Floette|Fairy Aura
|move|p2a: Floette|Protect|p2a: Floette
|-singleturn|p2a: Floette|Protect
|move|p1a: Talonflame|Tailwind|p1a: Talonflame
|-sidestart|p1: B0mb3r6969|move: Tailwind
|move|p1b: Swampert|Poison Jab|p2a: Floette
|-activate|p2a: Floette|move: Protect
|move|p2b: Whimsicott|Energy Ball|p1b: Swampert
|-supereffective|p1b: Swampert|2
|-enditem|p1b: Swampert|Rindo Berry|[eat]
|-enditem|p1b: Swampert|Rindo Berry|[weaken]
|-damage|p1b: Swampert|31/100
|
|upkeep
|turn|2
|
|t:|1782337308
|switch|p2a: Garchomp|Garchomp, L50, M|100/100
|move|p1a: Talonflame|Brave Bird|p2b: Whimsicott
|-supereffective|p2b: Whimsicott|1
|-enditem|p2b: Whimsicott|Focus Sash
|-damage|p2b: Whimsicott|1/100
|-damage|p1a: Talonflame|70/100|[from] Recoil
|move|p2b: Whimsicott|Tailwind|p2b: Whimsicott
|-sidestart|p2: eztico|move: Tailwind
|move|p1b: Swampert|Poison Jab|p2a: Garchomp
|-resisted|p2a: Garchomp|1
|-damage|p2a: Garchomp|86/100
|-status|p2a: Garchomp|psn
|-damage|p1b: Swampert|18/100|[from] ability: Rough Skin|[of] p2a: Garchomp
|
|-damage|p2a: Garchomp|74/100 psn|[from] psn
|upkeep
|turn|3
|inactive|B0mb3r6969 has 30 seconds left.
|inactive|eztico has 30 seconds left.
|
|t:|1782337346
|move|p1a: Talonflame|Protect|p1a: Talonflame
|-singleturn|p1a: Talonflame|Protect
|move|p2b: Whimsicott|Energy Ball|p1b: Swampert
|-supereffective|p1b: Swampert|2
|-crit|p1b: Swampert
|-damage|p1b: Swampert|0 fnt
|faint|p1b: Swampert
|move|p2a: Garchomp|Rock Slide|p1a: Talonflame
|-activate|p1a: Talonflame|move: Protect
|
|-damage|p2a: Garchomp|62/100 psn|[from] psn
|upkeep
|
|t:|1782337358
|switch|p1b: Delphox|Delphox, L50, F|100/100
|turn|4
|
|t:|1782337378
|switch|p2b: Floette|Floette-Mega, L50, F|100/100
|-ability|p2b: Floette|Fairy Aura
|detailschange|p1b: Delphox|Delphox-Mega, L50, F
|-mega|p1b: Delphox|Delphox|Delphoxite
|move|p1b: Delphox|Dazzling Gleam|p2b: Floette|[spread] p2a,p2b
|-supereffective|p2a: Garchomp|1
|-damage|p2a: Garchomp|0 fnt
|-damage|p2b: Floette|80/100
|faint|p2a: Garchomp
|move|p1a: Talonflame|Brave Bird|p2b: Floette
|-damage|p2b: Floette|26/100
|-damage|p1a: Talonflame|50/100g|[from] Recoil
|
|-sideend|p1: B0mb3r6969|move: Tailwind
|upkeep
|
|t:|1782337397
|switch|p2a: Basculegion|Basculegion, L50, M|100/100
|turn|5
|inactive|eztico has 30 seconds left.
|
|t:|1782337423
|move|p1b: Delphox|Protect|p1b: Delphox
|-singleturn|p1b: Delphox|Protect
|move|p1a: Talonflame|Protect|p1a: Talonflame
|-singleturn|p1a: Talonflame|Protect
|move|p2a: Basculegion|Last Respects|p1a: Talonflame
|-activate|p1a: Talonflame|move: Protect
|move|p2b: Floette|Calm Mind|p2b: Floette
|-boost|p2b: Floette|spa|1
|-boost|p2b: Floette|spd|1
|
|-sideend|p2: eztico|move: Tailwind
|upkeep
|turn|6
|
|t:|1782337443
|switch|p1b: Tsareena|Tsareena, L50, F|100/100
|move|p2a: Basculegion|Last Respects|p1b: Tsareena
|-damage|p1b: Tsareena|43/100
|move|p1a: Talonflame|Tailwind|p1a: Talonflame
|-sidestart|p1: B0mb3r6969|move: Tailwind
|move|p2b: Floette|Draining Kiss|p1a: Talonflame
|-resisted|p1a: Talonflame|1
|-damage|p1a: Talonflame|8/100
|-heal|p2b: Floette|53/100|[from] drain|[of] p1a: Talonflame
|
|upkeep
|turn|7
|inactive|eztico has 30 seconds left.
|inactive|eztico has 20 seconds left.
|inactive|eztico has 15 seconds left.
|inactive|eztico has 10 seconds left.
|
|t:|1782337488
|move|p1a: Talonflame|Brave Bird|p2b: Floette
|-damage|p2b: Floette|6/100
|-damage|p1a: Talonflame|0 fnt|[from] Recoil
|faint|p1a: Talonflame
|move|p2a: Basculegion|Last Respects|p1b: Tsareena
|-damage|p1b: Tsareena|0 fnt
|faint|p1b: Tsareena
|move|p2b: Floette|Draining Kiss|p1: Talonflame|[notarget]
|-fail|p2b: Floette
|
|upkeep
|-message|B0mb3r6969 forfeited.
|raw|B0mb3r6969's rating: 1109 → 1083(-26 for losing)
|raw|eztico's rating: 1090 → 1118(+28 for winning)
|
|win|eztico
|l|☆B0mb3r6969
|player|p1|
