|j|☆Dike Guard
|j|☆abscondia_licorice
|html|Dike Guardabscondia_licorice    
|uhtml|bestof|Game 2 of a best-of-3
|t:|1785593144
|gametype|doubles
|player|p1|Dike Guard|266|1388
|player|p2|abscondia_licorice|fisherman|1196
|gen|9
|tier|[Gen 9 Champions] VGC 2026 Reg M-B (Bo3)
|rated|
|rule|Species Clause: Limit one of each Pokémon
|rule|Item Clause: Limit 1 of each item
|clearpoke
|poke|p1|Floette-Eternal, L50, F|
|poke|p1|Sneasler, L50, F|
|poke|p1|Incineroar, L50, F|
|poke|p1|Sinistcha, L50|
|poke|p1|Delphox, L50, M|
|poke|p1|Garchomp, L50, F|
|poke|p2|Tyranitar, L50, F|
|poke|p2|Excadrill, L50, M|
|poke|p2|Gholdengo, L50|
|poke|p2|Milotic, L50, M|
|poke|p2|Sinistcha, L50|
|poke|p2|Staraptor, L50, M|
|teampreview|4
|showteam|p1|Floette-Eternal||Floettite|FlowerVeil|DazzlingGleam,DrainingKiss,CalmMind,Protect|Timid||F|||50|]Sneasler||FocusSash|PoisonTouch|CloseCombat,PoisonJab,FakeOut,Protect|Jolly||F|||50|]Incineroar||SitrusBerry|Intimidate|FlareBlitz,DarkestLariat,PartingShot,FakeOut|Careful||F|||50|]Sinistcha||OccaBerry|Hospitality|MatchaGotcha,RagePowder,TrickRoom,Protect|Bold|||||50|]Delphox||Delphoxite|Blaze|HeatWave,Psyshock,NastyPlot,Protect|Modest||M|||50|]Garchomp||ChoiceScarf|RoughSkin|DragonClaw,StompingTantrum,Earthquake,RockSlide|Adamant||F|||50|
|showteam|p2|Tyranitar||Tyranitarite|SandStream|RockSlide,KnockOff,LowKick,Protect|Jolly||F|||50|]Excadrill||FocusSash|SandRush|HighHorsepower,IronHead,RockSlide,Protect|Adamant||M|||50|]Gholdengo||LifeOrb|GoodasGold|MakeItRain,ShadowBall,NastyPlot,Protect|Modest|||||50|]Milotic||SitrusBerry|Competitive|Scald,IceBeam,IcyWind,Protect|Calm||M|||50|]Sinistcha||ColburBerry|Hospitality|MatchaGotcha,ShadowBall,RagePowder,Protect|Bold|||||50|]Staraptor||Staraptite|Intimidate|BraveBird,CloseCombat,Tailwind,Protect|Jolly||M|||50|
|inactive|Battle timer is ON: inactive players will automatically lose when time's up. (requested by abscondia_licorice)
|inactive|abscondia_licorice has 60 seconds left.
|
|t:|1785593182
|teamsize|p1|4
|teamsize|p2|4
|start
|switch|p1a: Floette|Floette-Eternal, L50, F|100/100
|switch|p1b: Garchomp|Garchomp, L50, F|100/100
|switch|p2a: Milotic|Milotic, L50, M|100/100
|switch|p2b: Gholdengo|Gholdengo, L50|100/100
|turn|1
|
|t:|1785593202
|detailschange|p1a: Floette|Floette-Mega, L50, F
|-mega|p1a: Floette|Floette|Floettite
|-ability|p1a: Floette|Fairy Aura
|move|p2b: Gholdengo|Protect|p2b: Gholdengo
|-singleturn|p2b: Gholdengo|Protect
|move|p1b: Garchomp|Stomping Tantrum|p2b: Gholdengo
|-activate|p2b: Gholdengo|move: Protect
|move|p1a: Floette|Calm Mind|p1a: Floette
|-boost|p1a: Floette|spa|1
|-boost|p1a: Floette|spd|1
|move|p2a: Milotic|Ice Beam|p1b: Garchomp
|-supereffective|p1b: Garchomp|2
|-damage|p1b: Garchomp|2/100
|
|upkeep
|turn|2
|inactive|abscondia_licorice has 30 seconds left.
|inactive|abscondia_licorice has 20 seconds left.
|
|t:|1785593241
|switch|p2b: Excadrill|Excadrill, L50, M|100/100
|move|p1b: Garchomp|Stomping Tantrum|p2b: Excadrill
|-supereffective|p2b: Excadrill|1
|-enditem|p2b: Excadrill|Focus Sash
|-damage|p2b: Excadrill|1/100
|move|p1a: Floette|Dazzling Gleam|p2b: Excadrill|[spread] p2a,p2b
|-resisted|p2b: Excadrill|1
|-damage|p2a: Milotic|58/100
|-damage|p2b: Excadrill|0 fnt
|faint|p2b: Excadrill
|move|p2a: Milotic|Icy Wind|p1b: Garchomp|[spread] p1a,p1b
|-supereffective|p1b: Garchomp|2
|-damage|p1a: Floette|94/100
|-damage|p1b: Garchomp|0 fnt
|-unboost|p1a: Floette|spe|1
|faint|p1b: Garchomp
|
|upkeep
|inactive|Dike Guard has 30 seconds left.
|
|t:|1785593269
|switch|p1b: Sinistcha|Sinistcha, L50|100/100
|switch|p2b: Gholdengo|Gholdengo, L50|100/100
|-heal|p1a: Floette|100/100|[from] ability: Hospitality|[of] p1b: Sinistcha
|turn|3
|
|t:|1785593288
|move|p2a: Milotic|Protect|p2a: Milotic
|-singleturn|p2a: Milotic|Protect
|move|p2b: Gholdengo|Nasty Plot|p2b: Gholdengo
|-boost|p2b: Gholdengo|spa|2
|move|p1a: Floette|Draining Kiss|p2a: Milotic
|-activate|p2a: Milotic|move: Protect
|move|p1b: Sinistcha|Trick Room|p1b: Sinistcha
|-fieldstart|move: Trick Room|[of] p1b: Sinistcha
|
|upkeep
|turn|4
|inactive|abscondia_licorice has 30 seconds left.
|inactive|abscondia_licorice has 20 seconds left.
|inactive|abscondia_licorice has 15 seconds left.
|
|t:|1785593330
|move|p1a: Floette|Protect|p1a: Floette
|-singleturn|p1a: Floette|Protect
|move|p1b: Sinistcha|Matcha Gotcha|p2a: Milotic|[spread] p2a,p2b
|-supereffective|p2a: Milotic|1
|-resisted|p2b: Gholdengo|1
|-crit|p2b: Gholdengo
|-damage|p2a: Milotic|25/100
|-damage|p2b: Gholdengo|78/100
|-status|p2b: Gholdengo|brn
|-enditem|p2a: Milotic|Sitrus Berry|[eat]
|-heal|p2a: Milotic|50/100g|[from] item: Sitrus Berry
|move|p2a: Milotic|Scald|p1a: Floette
|-activate|p1a: Floette|move: Protect
|move|p2b: Gholdengo|Make It Rain|p1a: Floette|[spread] p1b
|-activate|p1a: Floette|move: Protect
|-damage|p1b: Sinistcha|0 fnt
|-unboost|p2b: Gholdengo|spa|2
|faint|p1b: Sinistcha
|-damage|p2b: Gholdengo|69/100 brn|[from] item: Life Orb
|
|-damage|p2b: Gholdengo|63/100 brn|[from] brn
|upkeep
|
|t:|1785593351
|switch|p1b: Incineroar|Incineroar, L50, F|100/100
|-ability|p1b: Incineroar|Intimidate|boost
|-unboost|p2a: Milotic|atk|1
|-ability|p2a: Milotic|Competitive|boost
|-boost|p2a: Milotic|spa|2
|-unboost|p2b: Gholdengo|atk|1
|turn|5
|inactive|Dike Guard has 30 seconds left.
|
|t:|1785593384
|move|p2a: Milotic|Protect|p2a: Milotic
|-singleturn|p2a: Milotic|Protect
|move|p2b: Gholdengo|Protect|p2b: Gholdengo
|-singleturn|p2b: Gholdengo|Protect
|move|p1b: Incineroar|Fake Out|p2a: Milotic
|-activate|p2a: Milotic|move: Protect
|move|p1a: Floette|Calm Mind|p1a: Floette
|-boost|p1a: Floette|spa|1
|-boost|p1a: Floette|spd|1
|
|-damage|p2b: Gholdengo|57/100 brn|[from] brn
|upkeep
|turn|6
|
|t:|1785593400
|switch|p2b: Tyranitar|Tyranitar, L50, F|100/100
|-weather|Sandstorm|[from] ability: Sand Stream|[of] p2b: Tyranitar
|move|p1b: Incineroar|Darkest Lariat|p2b: Tyranitar
|-resisted|p2b: Tyranitar|1
|-damage|p2b: Tyranitar|84/100
|move|p1a: Floette|Dazzling Gleam|p2a: Milotic|[spread] p2a,p2b
|-supereffective|p2b: Tyranitar|1
|-damage|p2a: Milotic|0 fnt
|-damage|p2b: Tyranitar|0 fnt
|faint|p2a: Milotic
|faint|p2b: Tyranitar
|
|-weather|Sandstorm|[upkeep]
|-damage|p1b: Incineroar|94/100|[from] Sandstorm
|-damage|p1a: Floette|93/100|[from] Sandstorm
|upkeep
|c|☆Dike Guard|inpakken
|
|t:|1785593422
|switch|p2a: Gholdengo|Gholdengo, L50|57/100 brn
|turn|7
|c|☆Dike Guard|lil henkie
|
|t:|1785593430
|move|p1b: Incineroar|Flare Blitz|p2a: Gholdengo
|-supereffective|p2a: Gholdengo|1
|-damage|p2a: Gholdengo|0 fnt
|faint|p2a: Gholdengo
|-damage|p1b: Incineroar|78/100|[from] Recoil
|
|win|Dike Guard
|raw|Dike Guard's rating: 1388 → 1398(+10 for winning)
|raw|abscondia_licorice's rating: 1196 → 1184(-12 for losing)
|l|☆Dike Guard
|player|p1|
