|j|☆Sawadaburner
|j|☆2025YearOfMyEkans
|html|Sawadaburner2025YearOfMyEkans    
|uhtml|bestof|Game 1 of a best-of-3
|t:|1756630349
|gametype|doubles
|player|p1|Sawadaburner|102|1293
|player|p2|2025YearOfMyEkans|serena|1240
|gen|9
|tier|[Gen 9] VGC 2025 Reg H (Bo3)
|rated|
|rule|Species Clause: Limit one of each Pokémon
|rule|Item Clause: Limit 1 of each item
|clearpoke
|poke|p1|Porygon2, L50|
|poke|p1|Incineroar, L50, F|
|poke|p1|Ursaluna, L50, M|
|poke|p1|Jumpluff, L50, M|
|poke|p1|Charizard, L50, M|
|poke|p1|Torkoal, L50, F|
|poke|p2|Typhlosion-Hisui, L50, F|
|poke|p2|Toedscruel, L50, M|
|poke|p2|Weezing-Galar, L50, F|
|poke|p2|Garchomp, L50, F|
|poke|p2|Kilowattrel, L50, F|
|poke|p2|Incineroar, L50, F|
|teampreview|4
|showteam|p1|Porygon2||Eviolite|Download|TeraBlast,IceBeam,TrickRoom,Recover||||||50|,,,,,Fighting]Incineroar||SitrusBerry|Intimidate|FakeOut,KnockOff,FlareBlitz,PartingShot|||F|||50|,,,,,Ghost]Ursaluna||FlameOrb|Guts|HeadlongRush,Facade,Earthquake,Protect|||M|||50|,,,,,Ghost]Jumpluff||CovertCloak|Chlorophyll|RagePowder,SunnyDay,Tailwind,SleepPowder|||M|||50|,,,,,Water]Charizard||ChoiceSpecs|SolarPower|HeatWave,Overheat,WeatherBall,AirSlash|||M|||50|,,,,,Ghost]Torkoal||EjectPack|Drought|Overheat,Eruption,HelpingHand,Protect|||F|||50|,,,,,Fire
|showteam|p2|Typhlosion-Hisui||ChoiceScarf|Blaze|Eruption,ShadowBall,SleepTalk,HeatWave|||F|||50|,,,,,Fire]Toedscruel||CovertCloak|MyceliumMight|Spore,RagePowder,AcidSpray,EarthPower|||M|||50|,,,,,Water]Weezing-Galar||ChoiceSpecs|NeutralizingGas|DazzlingGleam,SludgeBomb,StrangeSteam,TeraBlast|||F|||50|,,,,,Water]Garchomp||LifeOrb|RoughSkin|Protect,Earthquake,DragonClaw,StompingTantrum|||F|||50|,,,,,Ground]Kilowattrel||FocusSash|Competitive|Discharge,AirSlash,Tailwind,Protect|||F|||50|,,,,,Ghost]Incineroar||AssaultVest|Intimidate|FlareBlitz,KnockOff,Uturn,FakeOut|||F|||50|,,,,,Grass
|inactive|Battle timer is ON: inactive players will automatically lose when time's up. (requested by 2025YearOfMyEkans)
|inactive|2025YearOfMyEkans has 60 seconds left.
|inactive|Sawadaburner has 60 seconds left.
|inactive|2025YearOfMyEkans has 30 seconds left.
|
|t:|1756630417
|teamsize|p1|4
|teamsize|p2|4
|start
|switch|p1a: Porygon2|Porygon2, L50|100/100
|switch|p1b: Incineroar|Incineroar, L50, F|100/100
|switch|p2a: Weezing|Weezing-Galar, L50, F|100/100
|switch|p2b: Toedscruel|Toedscruel, L50, M|100/100
|-ability|p2a: Weezing|Neutralizing Gas
|turn|1
|inactive|2025YearOfMyEkans has 30 seconds left.
|inactive|2025YearOfMyEkans has 20 seconds left.
|inactive|2025YearOfMyEkans has 15 seconds left.
|inactive|2025YearOfMyEkans has 10 seconds left.
|inactive|2025YearOfMyEkans has 5 seconds left.
|
|t:|1756630470
|move|p2b: Toedscruel|Spore|p1a: Porygon2
|-status|p1a: Porygon2|slp|[from] move: Spore
|move|p2a: Weezing|Sludge Bomb|p1a: Porygon2
|-damage|p1a: Porygon2|61/100 slp
|move|p1b: Incineroar|Knock Off|p2b: Toedscruel
|-damage|p2b: Toedscruel|41/100
|-enditem|p2b: Toedscruel|Covert Cloak|[from] move: Knock Off|[of] p1b: Incineroar
|cant|p1a: Porygon2|slp
|
|upkeep
|turn|2
|
|t:|1756630486
|move|p2b: Toedscruel|Acid Spray|p1a: Porygon2
|-damage|p1a: Porygon2|56/100 slp
|-unboost|p1a: Porygon2|spd|2
|move|p2a: Weezing|Sludge Bomb|p1a: Porygon2
|-damage|p1a: Porygon2|0 fnt
|faint|p1a: Porygon2
|move|p1b: Incineroar|Parting Shot|p2a: Weezing
|-unboost|p2a: Weezing|atk|1
|-unboost|p2a: Weezing|spa|1
|
|t:|1756630494
|switch|p1b: Charizard|Charizard, L50, M|100/100|[from] Parting Shot
|
|upkeep
|
|t:|1756630502
|switch|p1a: Ursaluna|Ursaluna, L50, M|100/100
|turn|3
|inactive|2025YearOfMyEkans has 30 seconds left.
|inactive|2025YearOfMyEkans has 20 seconds left.
|inactive|2025YearOfMyEkans has 15 seconds left.
|inactive|2025YearOfMyEkans has 10 seconds left.
|
|t:|1756630550
|-terastallize|p2a: Weezing|Water
|move|p1b: Charizard|Heat Wave|p2b: Toedscruel|[spread] p2b
|-miss|p1b: Charizard|p2a: Weezing
|-supereffective|p2b: Toedscruel
|-damage|p2b: Toedscruel|0 fnt
|faint|p2b: Toedscruel
|move|p2a: Weezing|Sludge Bomb|p1b: Charizard
|-damage|p1b: Charizard|53/100
|move|p1a: Ursaluna|Earthquake|p2a: Weezing|[spread] p2a
|-immune|p1b: Charizard
|-damage|p2a: Weezing|57/100
|
|-status|p1a: Ursaluna|brn|[from] item: Flame Orb
|upkeep
|
|t:|1756630569
|switch|p2b: Kilowattrel|Kilowattrel, L50, F|100/100
|turn|4
|
|t:|1756630586
|switch|p1b: Incineroar|Incineroar, L50, F|100/100
|move|p2b: Kilowattrel|Protect|p2b: Kilowattrel
|-singleturn|p2b: Kilowattrel|Protect
|move|p2a: Weezing|Sludge Bomb|p1b: Incineroar
|-damage|p1b: Incineroar|66/100
|move|p1a: Ursaluna|Facade|p2a: Weezing
|-damage|p2a: Weezing|0 fnt
|faint|p2a: Weezing
|-end|p2a: Weezing|ability: Neutralizing Gas
|-ability|p1b: Incineroar|Intimidate|boost
|-unboost|p2b: Kilowattrel|atk|1
|-ability|p2b: Kilowattrel|Competitive|boost
|-boost|p2b: Kilowattrel|spa|2
|
|-damage|p1a: Ursaluna|95/100 brn|[from] brn
|upkeep
|
|t:|1756630588
|switch|p2a: Garchomp|Garchomp, L50, F|100/100
|turn|5
|
|t:|1756630604
|-terastallize|p1b: Incineroar|Ghost
|move|p2b: Kilowattrel|Tailwind|p2b: Kilowattrel
|-sidestart|p2: 2025YearOfMyEkans|move: Tailwind
|move|p2a: Garchomp|Earthquake|p1b: Incineroar|[spread] p1a,p1b
|-immune|p2b: Kilowattrel
|-crit|p1a: Ursaluna
|-damage|p1a: Ursaluna|35/100 brn
|-damage|p1b: Incineroar|19/100
|-enditem|p1b: Incineroar|Sitrus Berry|[eat]
|-heal|p1b: Incineroar|44/100|[from] item: Sitrus Berry
|-damage|p2a: Garchomp|91/100|[from] item: Life Orb
|move|p1a: Ursaluna|Facade|p2a: Garchomp
|-damage|p2a: Garchomp|0 fnt
|-damage|p1a: Ursaluna|23/100 brn|[from] ability: Rough Skin|[of] p2a: Garchomp
|faint|p2a: Garchomp
|move|p1b: Incineroar|Knock Off|p2b: Kilowattrel
|-damage|p2b: Kilowattrel|14/100
|-enditem|p2b: Kilowattrel|Focus Sash|[from] move: Knock Off|[of] p1b: Incineroar
|
|-damage|p1a: Ursaluna|17/100 brn|[from] brn
|upkeep
|turn|6
|
|t:|1756630619
|move|p2b: Kilowattrel|Protect|p2b: Kilowattrel
|-singleturn|p2b: Kilowattrel|Protect
|move|p1a: Ursaluna|Protect|p1a: Ursaluna
|-singleturn|p1a: Ursaluna|Protect
|move|p1b: Incineroar|Knock Off|p2b: Kilowattrel
|-activate|p2b: Kilowattrel|move: Protect
|
|-damage|p1a: Ursaluna|11/100 brn|[from] brn
|upkeep
|turn|7
|
|t:|1756630623
|move|p2b: Kilowattrel|Protect|p2b: Kilowattrel
|-singleturn|p2b: Kilowattrel|Protect
|move|p1a: Ursaluna|Facade|p2b: Kilowattrel
|-activate|p2b: Kilowattrel|move: Protect
|move|p1b: Incineroar|Knock Off|p2b: Kilowattrel
|-activate|p2b: Kilowattrel|move: Protect
|
|-damage|p1a: Ursaluna|5/100 brn|[from] brn
|upkeep
|turn|8
|
|t:|1756630628
|move|p2b: Kilowattrel|Protect|p2b: Kilowattrel
|-singleturn|p2b: Kilowattrel|Protect
|move|p1a: Ursaluna|Facade|p2b: Kilowattrel
|-activate|p2b: Kilowattrel|move: Protect
|move|p1b: Incineroar|Knock Off|p2b: Kilowattrel
|-activate|p2b: Kilowattrel|move: Protect
|
|-damage|p1a: Ursaluna|0 fnt|[from] brn
|faint|p1a: Ursaluna
|-sideend|p2: 2025YearOfMyEkans|move: Tailwind
|upkeep
|
|t:|1756630647
|switch|p1a: Charizard|Charizard, L50, M|53/100
|turn|9
|
|t:|1756630654
|move|p2b: Kilowattrel|Discharge|p1b: Incineroar|[spread] p1a,p1b
|-supereffective|p1a: Charizard
|-damage|p1a: Charizard|0 fnt
|-damage|p1b: Incineroar|0 fnt
|faint|p1a: Charizard
|faint|p1b: Incineroar
|
|win|2025YearOfMyEkans
||2025YearOfMyEkans is ready for game 2.
|inactive|Sawadaburner has 30 seconds to confirm battle start!
||Sawadaburner is ready for game 2.
|uhtml|next|Next: Game 2 of 3
|l|☆Sawadaburner
|player|p1|
