|j|☆Can I pet the dog?
|j|☆spernerslemma
|html|Can I pet the dog?spernerslemma    
|uhtml|bestof|Game 2 of a best-of-3
|t:|1785423297
|gametype|doubles
|player|p1|Can I pet the dog?|101|1353
|player|p2|spernerslemma|pokekid|1389
|gen|9
|tier|[Gen 9 Champions] VGC 2026 Reg M-B (Bo3)
|rated|
|rule|Species Clause: Limit one of each Pokémon
|rule|Item Clause: Limit 1 of each item
|clearpoke
|poke|p1|Charizard, L50, M|
|poke|p1|Glimmora, L50, M|
|poke|p1|Whimsicott, L50, F|
|poke|p1|Ninetales-Alola, L50, F|
|poke|p1|Kingambit, L50, M|
|poke|p1|Kommo-o, L50, M|
|poke|p2|Swampert, L50, M|
|poke|p2|Grimmsnarl, L50, M|
|poke|p2|Archaludon, L50, M|
|poke|p2|Pelipper, L50, M|
|poke|p2|Venusaur, L50, F|
|poke|p2|Sylveon, L50, F|
|teampreview|4
|showteam|p1|Charizard||CharizarditeY|Blaze|HeatWave,WeatherBall,SolarBeam,Protect|Modest||M|||50|]Glimmora||Glimmoranite|ToxicDebris|SludgeBomb,PowerGem,EarthPower,SpikyShield|Modest||M|||50|]Whimsicott||FocusSash|Prankster|Moonblast,Tailwind,Encore,Protect|Timid||F|||50|]Ninetales-Alola||NeverMeltIce|SnowWarning|Blizzard,FreezeDry,Disable,Protect|Timid||F|||50|]Kingambit||BlackGlasses|Defiant|KowtowCleave,SuckerPunch,IronHead,Protect|Adamant||M|||50|]Kommo-o||LifeOrb|Overcoat|ClangingScales,AuraSphere,VacuumWave,Protect|Modest||M|||50|
|showteam|p2|Swampert||Swampertite|Torrent|WaveCrash,Protect,Earthquake,IcePunch|Adamant||M|||50|]Grimmsnarl||LightClay|Prankster|FoulPlay,Reflect,LightScreen,PartingShot|Careful||M|||50|]Archaludon||Leftovers|Stamina|ElectroShot,DragonPulse,FlashCannon,Protect|Modest||M|||50|]Pelipper||SitrusBerry|Drizzle|WeatherBall,Hurricane,Tailwind,Protect|Modest||M|||50|]Venusaur||Venusaurite|Chlorophyll|SludgeBomb,Protect,GigaDrain,EarthPower|Modest||F|||50|]Sylveon||FairyFeather|Pixilate|HyperVoice,HyperBeam,QuickAttack,Protect|Modest||F|||50|
|inactive|Battle timer is ON: inactive players will automatically lose when time's up. (requested by spernerslemma)
|
|t:|1785423383
|teamsize|p1|4
|teamsize|p2|4
|start
|switch|p1a: Charizard|Charizard, L50, M|100/100
|switch|p1b: Glimmora|Glimmora, L50, M|100/100
|switch|p2a: Grimmsnarl|Grimmsnarl, L50, M|100/100
|switch|p2b: Venusaur|Venusaur, L50, F|100/100
|turn|1
|inactive|spernerslemma has 30 seconds left.
|
|t:|1785423417
|detailschange|p1a: Charizard|Charizard-Mega-Y, L50, M
|-mega|p1a: Charizard|Charizard|Charizardite Y
|-weather|SunnyDay|[from] ability: Drought|[of] p1a: Charizard
|detailschange|p2b: Venusaur|Venusaur-Mega, L50, F
|-mega|p2b: Venusaur|Venusaur|Venusaurite
|move|p1b: Glimmora|Spiky Shield|p1b: Glimmora
|-singleturn|p1b: Glimmora|move: Protect
|move|p2a: Grimmsnarl|Light Screen|p2a: Grimmsnarl
|-sidestart|p2: spernerslemma|move: Light Screen
|move|p1a: Charizard|Weather Ball|p2b: Venusaur
|-supereffective|p2b: Venusaur|1
|-damage|p2b: Venusaur|56/100
|move|p2b: Venusaur|Earth Power|p1b: Glimmora
|-activate|p1b: Glimmora|move: Protect
|
|-weather|SunnyDay|[upkeep]
|upkeep
|turn|2
|inactive|Can I pet the dog? has 30 seconds left.
|inactive|spernerslemma has 30 seconds left.
|
|t:|1785423446
|move|p2b: Venusaur|Protect|p2b: Venusaur
|-singleturn|p2b: Venusaur|Protect
|move|p2a: Grimmsnarl|Parting Shot|p1a: Charizard
|-unboost|p1a: Charizard|atk|1
|-unboost|p1a: Charizard|spa|1
|
|t:|1785423448
|switch|p2a: Archaludon|Archaludon, L50, M|100/100|[from] Parting Shot
|move|p1b: Glimmora|Sludge Bomb|p2b: Venusaur
|-activate|p2b: Venusaur|move: Protect
|move|p1a: Charizard|Heat Wave|p2a: Archaludon|[spread] p2a
|-activate|p2b: Venusaur|move: Protect
|-damage|p2a: Archaludon|71/100
|-ability|p2a: Archaludon|Stamina|boost
|-boost|p2a: Archaludon|def|1
|
|-weather|SunnyDay|[upkeep]
|-heal|p2a: Archaludon|77/100|[from] item: Leftovers
|upkeep
|turn|3
|inactive|spernerslemma has 30 seconds left.
|
|t:|1785423483
|switch|p1a: Ninetales|Ninetales-Alola, L50, F|100/100
|-weather|Snowscape|[from] ability: Snow Warning|[of] p1a: Ninetales
|move|p1b: Glimmora|Earth Power|p2a: Archaludon
|-supereffective|p2a: Archaludon|1
|-damage|p2a: Archaludon|34/100
|-ability|p2a: Archaludon|Stamina|boost
|-boost|p2a: Archaludon|def|1
|move|p2b: Venusaur|Earth Power|p1b: Glimmora
|-supereffective|p1b: Glimmora|2
|-damage|p1b: Glimmora|0 fnt
|faint|p1b: Glimmora
|move|p2a: Archaludon|Flash Cannon|p1a: Ninetales
|-supereffective|p1a: Ninetales|2
|-damage|p1a: Ninetales|0 fnt
|faint|p1a: Ninetales
|
|-weather|Snowscape|[upkeep]
|-heal|p2a: Archaludon|40/100|[from] item: Leftovers
|upkeep
|
|t:|1785423495
|switch|p1a: Kingambit|Kingambit, L50, M|100/100
|switch|p1b: Charizard|Charizard-Mega-Y, L50, M|100/100
|-weather|SunnyDay|[from] ability: Drought|[of] p1b: Charizard
|turn|4
|inactive|spernerslemma has 30 seconds left.
|
|t:|1785423528
|switch|p2b: Grimmsnarl|Grimmsnarl, L50, M|100/100
|move|p2a: Archaludon|Protect|p2a: Archaludon
|-singleturn|p2a: Archaludon|Protect
|move|p1a: Kingambit|Sucker Punch||[still]
|-fail|p1a: Kingambit
|move|p1b: Charizard|Heat Wave|p2b: Grimmsnarl|[spread] p2b
|-activate|p2a: Archaludon|move: Protect
|-damage|p2b: Grimmsnarl|62/100
|-status|p2b: Grimmsnarl|brn
|
|-weather|SunnyDay|[upkeep]
|-heal|p2a: Archaludon|47/100|[from] item: Leftovers
|-damage|p2b: Grimmsnarl|56/100 brn|[from] brn
|upkeep
|turn|5
|
|t:|1785423541
|move|p1b: Charizard|Protect|p1b: Charizard
|-singleturn|p1b: Charizard|Protect
|move|p2b: Grimmsnarl|Reflect|p2b: Grimmsnarl
|-sidestart|p2: spernerslemma|Reflect
|move|p2a: Archaludon|Dragon Pulse|p1b: Charizard
|-activate|p1b: Charizard|move: Protect
|move|p1a: Kingambit|Iron Head|p2b: Grimmsnarl
|-supereffective|p2b: Grimmsnarl|1
|-damage|p2b: Grimmsnarl|0 fnt
|faint|p2b: Grimmsnarl
|
|-weather|SunnyDay|[upkeep]
|-heal|p2a: Archaludon|53/100|[from] item: Leftovers
|upkeep
|
|t:|1785423550
|switch|p2b: Venusaur|Venusaur-Mega, L50, F|56/100
|turn|6
|
|t:|1785423556
|move|p1a: Kingambit|Sucker Punch|p2b: Venusaur
|-damage|p2b: Venusaur|28/100
|move|p1b: Charizard|Heat Wave|p2a: Archaludon|[spread] p2b
|-miss|p1b: Charizard|p2a: Archaludon
|-supereffective|p2b: Venusaur|1
|-damage|p2b: Venusaur|0 fnt
|faint|p2b: Venusaur
|move|p2a: Archaludon|Dragon Pulse|p1b: Charizard
|-damage|p1b: Charizard|60/100
|
|-weather|SunnyDay|[upkeep]
|-heal|p2a: Archaludon|59/100|[from] item: Leftovers
|upkeep
|
|t:|1785423568
|switch|p2b: Sylveon|Sylveon, L50, F|100/100
|turn|7
|
|t:|1785423588
|move|p1b: Charizard|Heat Wave|p2b: Sylveon|[spread] p2a,p2b
|-damage|p2a: Archaludon|16/100
|-damage|p2b: Sylveon|72/100
|-ability|p2a: Archaludon|Stamina|boost
|-boost|p2a: Archaludon|def|1
|move|p2a: Archaludon|Dragon Pulse|p1b: Charizard
|-damage|p1b: Charizard|24/100
|move|p1a: Kingambit|Iron Head|p2b: Sylveon
|-supereffective|p2b: Sylveon|1
|-damage|p2b: Sylveon|0 fnt
|faint|p2b: Sylveon
|
|-weather|SunnyDay|[upkeep]
|-heal|p2a: Archaludon|22/100|[from] item: Leftovers
|upkeep
|turn|8
|-message|spernerslemma forfeited.
|
|win|Can I pet the dog?
|raw|Can I pet the dog?'s rating: 1353 → 1375(+22 for winning)
|raw|spernerslemma's rating: 1389 → 1367(-22 for losing)
