|j|☆MidnightCrimsonn
|j|☆EgoJJ
|html|MidnightCrimsonnEgoJJ    
|uhtml|bestof|Game 1 of a best-of-3
|t:|1757196069
|gametype|doubles
|player|p1|MidnightCrimsonn|acetrainerf-gen4dp|1226
|player|p2|EgoJJ|brock|1223
|gen|9
|tier|[Gen 9] VGC 2025 Reg H (Bo3)
|rated|
|rule|Species Clause: Limit one of each Pokémon
|rule|Item Clause: Limit 1 of each item
|clearpoke
|poke|p1|Amoonguss, L50, F|
|poke|p1|Incineroar, L50, M|
|poke|p1|Hydreigon, L50, F|
|poke|p1|Gholdengo, L50|
|poke|p1|Ursaluna, L50, M|
|poke|p1|Porygon2, L50|
|poke|p2|Zoroark-Hisui, L50, F|
|poke|p2|Indeedee-F, L50, F|
|poke|p2|Ursaluna, L50, M|
|poke|p2|Torkoal, L50, M|
|poke|p2|Exeggutor, L50, F|
|poke|p2|Gallade, L50, M|
|teampreview|4
|showteam|p1|Amoonguss||MentalHerb|Regenerator|PollenPuff,Spore,RagePowder,Protect|||F|||50|,,,,,Fairy]Incineroar||AssaultVest|Intimidate|FakeOut,KnockOff,FlareBlitz,Uturn|||M|||50|,,,,,Ghost]Hydreigon||SafetyGoggles|Levitate|DracoMeteor,Snarl,Tailwind,Protect|||F|||50|,,,,,Ghost]Gholdengo||MetalCoat|GoodasGold|MakeItRain,ShadowBall,NastyPlot,Protect||||||50|,,,,,Water]Ursaluna||FlameOrb|Guts|Facade,HeadlongRush,Earthquake,Protect|||M|||50|,,,,,Ghost]Porygon2||Eviolite|Download|TeraBlast,IceBeam,Recover,TrickRoom||||||50|,,,,,Fighting
|showteam|p2|Zoroark-Hisui||ChoiceSpecs|Illusion|HyperBeam,HyperVoice,ShadowBall,FocusBlast|||F|||50|,,,,,Normal]Indeedee-F||RockyHelmet|PsychicSurge|Psychic,HelpingHand,FollowMe,TrickRoom|||F|||50|,,,,,Grass]Ursaluna||FlameOrb|Guts|Facade,HeadlongRush,Earthquake,Protect|||M|||50|,,,,,Ghost]Torkoal||Charcoal|Drought|Eruption,WeatherBall,ClearSmog,Protect|||M|||50|,,,,,Fire]Exeggutor||FocusSash|Chlorophyll|ExpandingForce,LeafStorm,SleepPowder,TrickRoom|||F|||50|,,,,,Psychic]Gallade||ScopeLens|Sharpness|SacredSword,PsychoCut,TrickRoom,WideGuard|||M|||50|,,,,,Grass
|inactive|Battle timer is ON: inactive players will automatically lose when time's up. (requested by EgoJJ)
|inactive|MidnightCrimsonn also wants the timer to be on.
|inactive|MidnightCrimsonn has 60 seconds left.
|inactive|EgoJJ has 60 seconds left.
|
|t:|1757196124
|teamsize|p1|4
|teamsize|p2|4
|start
|switch|p1a: Hydreigon|Hydreigon, L50, F|100/100
|switch|p1b: Incineroar|Incineroar, L50, M, shiny|100/100
|switch|p2a: Gallade|Gallade, L50, M|100/100
|switch|p2b: Indeedee|Indeedee-F, L50, F|100/100
|-ability|p1b: Incineroar|Intimidate|boost
|-unboost|p2a: Gallade|atk|1
|-unboost|p2b: Indeedee|atk|1
|-fieldstart|move: Psychic Terrain|[from] ability: Psychic Surge|[of] p2b: Indeedee
|turn|1
|inactive|EgoJJ has 30 seconds left.
|
|t:|1757196155
|switch|p2a: Ursaluna|Ursaluna, L50, M|100/100
|-terastallize|p2b: Indeedee|Grass
|move|p1a: Hydreigon|Snarl|p2b: Indeedee|[spread] p2a,p2b
|-damage|p2a: Ursaluna|84/100
|-damage|p2b: Indeedee|84/100
|-unboost|p2a: Ursaluna|spa|1
|-unboost|p2b: Indeedee|spa|1
|move|p1b: Incineroar|U-turn|p2a: Ursaluna
|-damage|p2a: Ursaluna|68/100
|
|t:|1757196165
|switch|p1b: Ursaluna|Ursaluna, L50, M|100/100|[from] U-turn
|move|p2b: Indeedee|Trick Room|p2b: Indeedee
|-fieldstart|move: Trick Room|[of] p2b: Indeedee
|
|-status|p2a: Ursaluna|brn|[from] item: Flame Orb
|-status|p1b: Ursaluna|brn|[from] item: Flame Orb
|upkeep
|turn|2
|
|t:|1757196183
|switch|p1b: Incineroar|Incineroar, L50, M, shiny|100/100
|-ability|p1b: Incineroar|Intimidate|boost
|-unboost|p2a: Ursaluna|atk|1
|-unboost|p2b: Indeedee|atk|1
|-terastallize|p1a: Hydreigon|Ghost
|move|p2b: Indeedee|Follow Me|p2b: Indeedee
|-singleturn|p2b: Indeedee|move: Follow Me
|move|p2a: Ursaluna|Headlong Rush|p1a: Hydreigon
|-immune|p1a: Hydreigon|[from] ability: Levitate
|move|p1a: Hydreigon|Snarl|p2a: Ursaluna|[spread] p2a,p2b
|-damage|p2a: Ursaluna|53/100 brn
|-damage|p2b: Indeedee|67/100
|-unboost|p2a: Ursaluna|spa|1
|-unboost|p2b: Indeedee|spa|1
|
|-damage|p2a: Ursaluna|48/100 brn|[from] brn
|upkeep
|turn|3
|
|t:|1757196202
|switch|p1b: Ursaluna|Ursaluna, L50, M|100/100 brn
|move|p2b: Indeedee|Helping Hand|p2a: Ursaluna
|-singleturn|p2a: Ursaluna|Helping Hand|[of] p2b: Indeedee
|move|p2a: Ursaluna|Headlong Rush|p1b: Ursaluna
|-damage|p1b: Ursaluna|14/100 brn
|-unboost|p2a: Ursaluna|def|1
|-unboost|p2a: Ursaluna|spd|1
|move|p1a: Hydreigon|Snarl|p2b: Indeedee|[spread] p2a,p2b
|-damage|p2a: Ursaluna|26/100 brn
|-damage|p2b: Indeedee|48/100
|-unboost|p2a: Ursaluna|spa|1
|-unboost|p2b: Indeedee|spa|1
|
|-damage|p2a: Ursaluna|20/100 brn|[from] brn
|-damage|p1b: Ursaluna|9/100 brn|[from] brn
|upkeep
|turn|4
|
|t:|1757196227
|move|p2b: Indeedee|Helping Hand|p2a: Ursaluna
|-singleturn|p2a: Ursaluna|Helping Hand|[of] p2b: Indeedee
|move|p1b: Ursaluna|Protect|p1b: Ursaluna
|-singleturn|p1b: Ursaluna|Protect
|move|p2a: Ursaluna|Headlong Rush|p1a: Hydreigon
|-immune|p1a: Hydreigon|[from] ability: Levitate
|move|p1a: Hydreigon|Snarl|p2b: Indeedee|[spread] p2a,p2b
|-damage|p2a: Ursaluna|0 fnt
|-damage|p2b: Indeedee|29/100
|-unboost|p2b: Indeedee|spa|1
|faint|p2a: Ursaluna
|
|-damage|p1b: Ursaluna|3/100 brn|[from] brn
|upkeep
|
|t:|1757196240
|switch|p2a: Torkoal|Torkoal, L50, M|100/100
|-weather|SunnyDay|[from] ability: Drought|[of] p2a: Torkoal
|turn|5
|
|t:|1757196253
|switch|p2b: Gallade|Gallade, L50, M|100/100
|switch|p1b: Incineroar|Incineroar, L50, M, shiny|100/100
|-ability|p1b: Incineroar|Intimidate|boost
|-unboost|p2a: Torkoal|atk|1
|-unboost|p2b: Gallade|atk|1
|move|p1a: Hydreigon|Protect|p1a: Hydreigon
|-singleturn|p1a: Hydreigon|Protect
|move|p2a: Torkoal|Eruption|p1b: Incineroar|[spread] p1b
|-activate|p1a: Hydreigon|move: Protect
|-resisted|p1b: Incineroar
|-damage|p1b: Incineroar|75/100
|
|-weather|SunnyDay|[upkeep]
|-fieldend|move: Trick Room
|-fieldend|move: Psychic Terrain
|upkeep
|turn|6
|
|t:|1757196275
|switch|p2a: Indeedee|Indeedee-F, L50, F, tera:Grass|29/100
|-fieldstart|move: Psychic Terrain|[from] ability: Psychic Surge|[of] p2a: Indeedee
|move|p1a: Hydreigon|Draco Meteor|p2b: Gallade
|-damage|p2b: Gallade|52/100
|-unboost|p1a: Hydreigon|spa|2
|move|p1b: Incineroar|Knock Off|p2b: Gallade
|-damage|p2b: Gallade|0 fnt
|-enditem|p2b: Gallade|Scope Lens|[from] move: Knock Off|[of] p1b: Incineroar
|faint|p2b: Gallade
|
|-weather|SunnyDay|[upkeep]
|upkeep
|
|t:|1757196286
|switch|p2b: Torkoal|Torkoal, L50, M|100/100
|turn|7
|
|t:|1757196291
|move|p2a: Indeedee|Follow Me|p2a: Indeedee
|-singleturn|p2a: Indeedee|move: Follow Me
|move|p1a: Hydreigon|Snarl|p2a: Indeedee|[spread] p2a,p2b
|-damage|p2a: Indeedee|20/100
|-damage|p2b: Torkoal|90/100
|-unboost|p2a: Indeedee|spa|1
|-unboost|p2b: Torkoal|spa|1
|move|p1b: Incineroar|U-turn|p2a: Indeedee
|-supereffective|p2a: Indeedee
|-damage|p2a: Indeedee|0 fnt
|-damage|p1b: Incineroar|59/100|[from] item: Rocky Helmet|[of] p2a: Indeedee
|faint|p2a: Indeedee
|
|t:|1757196298
|switch|p1b: Ursaluna|Ursaluna, L50, M|3/100 brn|[from] U-turn
|move|p2b: Torkoal|Eruption|p1b: Ursaluna|[spread] p1a,p1b
|-damage|p1a: Hydreigon|47/100
|-damage|p1b: Ursaluna|0 fnt
|faint|p1b: Ursaluna
|
|-weather|SunnyDay|[upkeep]
|upkeep
|
|t:|1757196300
|switch|p1b: Incineroar|Incineroar, L50, M, shiny|59/100
|-ability|p1b: Incineroar|Intimidate|boost
|-unboost|p2b: Torkoal|atk|1
|turn|8
|
|t:|1757196308
|move|p1a: Hydreigon|Snarl|p2b: Torkoal
|-damage|p2b: Torkoal|73/100
|-unboost|p2b: Torkoal|spa|1
|move|p1b: Incineroar|Knock Off|p2b: Torkoal
|-damage|p2b: Torkoal|40/100
|-enditem|p2b: Torkoal|Charcoal|[from] move: Knock Off|[of] p1b: Incineroar
|move|p2b: Torkoal|Eruption|p1b: Incineroar|[spread] p1a,p1b
|-resisted|p1b: Incineroar
|-damage|p1a: Hydreigon|32/100
|-damage|p1b: Incineroar|55/100
|
|-weather|SunnyDay|[upkeep]
|upkeep
|turn|9
|inactive|MidnightCrimsonn has 30 seconds left.
|inactive|MidnightCrimsonn has 20 seconds left.
|inactive|MidnightCrimsonn has 15 seconds left.
|
|t:|1757196351
|move|p1a: Hydreigon|Snarl|p2b: Torkoal
|-damage|p2b: Torkoal|23/100
|-unboost|p2b: Torkoal|spa|1
|move|p1b: Incineroar|Knock Off|p2b: Torkoal
|-damage|p2b: Torkoal|0 fnt
|faint|p2b: Torkoal
|
|win|MidnightCrimsonn
||MidnightCrimsonn is ready for game 2.
||EgoJJ is ready for game 2.
|uhtml|next|Next: Game 2 of 3
