|j|☆goat pincurchin
|j|☆is_katabo
|html|goat pincurchinis_katabo    
|uhtml|bestof|Game 1 of a best-of-3
|t:|1785617669
|gametype|doubles
|player|p1|goat pincurchin|102|1466
|player|p2|is_katabo|youngster-gen4dp|1303
|gen|9
|tier|[Gen 9 Champions] VGC 2026 Reg M-B (Bo3)
|rated|
|rule|Species Clause: Limit one of each Pokémon
|rule|Item Clause: Limit 1 of each item
|clearpoke
|poke|p1|Froslass, L50, F|
|poke|p1|Basculegion, L50, M|
|poke|p1|Kingambit, L50, F|
|poke|p1|Sneasler, L50, M|
|poke|p1|Lycanroc-Dusk, L50, M|
|poke|p1|Scovillain, L50, F|
|poke|p2|Skeledirge, L50, M|
|poke|p2|Grimmsnarl, L50, M|
|poke|p2|Venusaur, L50, M|
|poke|p2|Gyarados, L50, M|
|poke|p2|Maushold, L50|
|poke|p2|Dragonite, L50, F|
|teampreview|4
|showteam|p1|Froslass||Froslassite|SnowCloak|Blizzard,ShadowBall,AuroraVeil,Protect|Modest||F|||50|]Basculegion||SitrusBerry|Adaptability|WaveCrash,LastRespects,AquaJet,Protect|Adamant||M|||50|]Kingambit||BlackGlasses|Defiant|KowtowCleave,SuckerPunch,SwordsDance,Protect|Adamant||F|||50|]Sneasler||LifeOrb|PoisonTouch|CloseCombat,DireClaw,Protect,FakeOut|Jolly||M|||50|]Lycanroc-Dusk||FocusSash|ToughClaws|CloseCombat,Accelerock,RockSlide,Protect|Adamant||M|||50|]Scovillain||Scovillainite|Chlorophyll|GigaDrain,Overheat,RagePowder,Protect|Bold||F|||50|
|showteam|p2|Skeledirge||PasshoBerry|Unaware|TorchSong,ShadowBall,WillOWisp,Protect|Bold||M|||50|]Grimmsnarl||LightClay|Prankster|SpiritBreak,Reflect,LightScreen,PartingShot|Careful||M|||50|]Venusaur||Venusaurite|Overgrow|GigaDrain,SludgeBomb,EarthPower,Protect|Calm||M|||50|]Gyarados||Gyaradosite|Intimidate|Waterfall,LashOut,DragonDance,Protect|Jolly||M|||50|]Maushold||FocusSash|FriendGuard|SuperFang,FollowMe,Encore,Protect|Timid|||||50|]Dragonite||LifeOrb|InnerFocus|DragonClaw,ExtremeSpeed,LowKick,Protect|Adamant||F|||50|
|
|t:|1785617724
|teamsize|p1|4
|teamsize|p2|4
|start
|switch|p1a: Froslass|Froslass, L50, F|100/100
|switch|p1b: Basculegion|Basculegion, L50, M|100/100
|switch|p2a: Skeledirge|Skeledirge, L50, M|100/100
|switch|p2b: Grimmsnarl|Grimmsnarl, L50, M|100/100
|turn|1
|
|t:|1785617748
|switch|p2a: Gyarados|Gyarados, L50, M|100/100
|-ability|p2a: Gyarados|Intimidate|boost
|-unboost|p1a: Froslass|atk|1
|-unboost|p1b: Basculegion|atk|1
|detailschange|p1a: Froslass|Froslass-Mega, L50, F
|-mega|p1a: Froslass|Froslass|Froslassite
|-weather|Snowscape|[from] ability: Snow Warning|[of] p1a: Froslass
|move|p2b: Grimmsnarl|Light Screen|p2b: Grimmsnarl
|-sidestart|p2: is_katabo|move: Light Screen
|move|p1a: Froslass|Blizzard|p2b: Grimmsnarl|[spread] p2a,p2b
|-damage|p2a: Gyarados|69/100
|-damage|p2b: Grimmsnarl|71/100
|move|p1b: Basculegion|Wave Crash|p2b: Grimmsnarl
|-damage|p2b: Grimmsnarl|14/100
|-damage|p1b: Basculegion|80/100|[from] Recoil
|
|-weather|Snowscape|[upkeep]
|upkeep
|turn|2
|
|t:|1785617770
|switch|p1b: Kingambit|Kingambit, L50, F|100/100
|detailschange|p2a: Gyarados|Gyarados-Mega, L50, M
|-mega|p2a: Gyarados|Gyarados|Gyaradosite
|-ability|p2a: Gyarados|Mold Breaker
|move|p2b: Grimmsnarl|Reflect|p2b: Grimmsnarl
|-sidestart|p2: is_katabo|Reflect
|move|p1a: Froslass|Blizzard|p2b: Grimmsnarl|[spread] p2a,p2b
|-resisted|p2a: Gyarados|1
|-damage|p2a: Gyarados|57/100
|-damage|p2b: Grimmsnarl|0 fnt
|-status|p2a: Gyarados|frz
|faint|p2b: Grimmsnarl
|-curestatus|p2a: Gyarados|frz|[msg]
|move|p2a: Gyarados|Dragon Dance|p2a: Gyarados
|-boost|p2a: Gyarados|atk|1
|-boost|p2a: Gyarados|spe|1
|
|-weather|Snowscape|[upkeep]
|upkeep
|
|t:|1785617781
|switch|p2b: Skeledirge|Skeledirge, L50, M|100/100
|turn|3
|
|t:|1785617811
|move|p1a: Froslass|Protect|p1a: Froslass
|-singleturn|p1a: Froslass|Protect
|move|p2a: Gyarados|Lash Out|p1a: Froslass
|-activate|p1a: Froslass|move: Protect
|move|p2b: Skeledirge|Torch Song|p1b: Kingambit
|-supereffective|p1b: Kingambit|1
|-damage|p1b: Kingambit|42/100
|-boost|p2b: Skeledirge|spa|1
|move|p1b: Kingambit|Kowtow Cleave|p2a: Gyarados
|-resisted|p2a: Gyarados|1
|-damage|p2a: Gyarados|41/100
|
|-weather|Snowscape|[upkeep]
|upkeep
|turn|4
|
|t:|1785617834
|switch|p1a: Sneasler|Sneasler, L50, M|100/100
|move|p2a: Gyarados|Lash Out|p1a: Sneasler
|-resisted|p1a: Sneasler|1
|-damage|p1a: Sneasler|48/100
|move|p2b: Skeledirge|Will-O-Wisp|p1b: Kingambit
|-status|p1b: Kingambit|brn
|move|p1b: Kingambit|Kowtow Cleave|p2b: Skeledirge
|-supereffective|p2b: Skeledirge|1
|-damage|p2b: Skeledirge|71/100
|
|-weather|Snowscape|[upkeep]
|-damage|p1b: Kingambit|36/100 brn|[from] brn
|upkeep
|turn|5
|
|t:|1785617857
|switch|p1a: Froslass|Froslass-Mega, L50, F|100/100
|move|p2a: Gyarados|Waterfall|p1a: Froslass
|-damage|p1a: Froslass|25/100
|move|p2b: Skeledirge|Torch Song|p1b: Kingambit
|-supereffective|p1b: Kingambit|1
|-damage|p1b: Kingambit|0 fnt
|-boost|p2b: Skeledirge|spa|1
|faint|p1b: Kingambit
|
|-weather|none
|upkeep
|
|t:|1785617867
|switch|p1b: Sneasler|Sneasler, L50, M|48/100
|turn|6
|
|t:|1785617874
|move|p1b: Sneasler|Fake Out|p2a: Gyarados
|-damage|p2a: Gyarados|31/100
|-status|p2a: Gyarados|psn|[from] ability: Poison Touch|[of] p1b: Sneasler
|-damage|p1b: Sneasler|38/100|[from] item: Life Orb
|cant|p2a: Gyarados|flinch
|move|p1a: Froslass|Shadow Ball|p2b: Skeledirge
|-supereffective|p2b: Skeledirge|1
|-damage|p2b: Skeledirge|4/100
|move|p2b: Skeledirge|Torch Song|p1b: Sneasler
|-damage|p1b: Sneasler|0 fnt
|-boost|p2b: Skeledirge|spa|1
|faint|p1b: Sneasler
|
|-damage|p2a: Gyarados|19/100 psn|[from] psn
|upkeep
|
|t:|1785617885
|switch|p1b: Basculegion|Basculegion, L50, M|80/100
|turn|7
|
|t:|1785617902
|move|p1b: Basculegion|Protect|p1b: Basculegion
|-singleturn|p1b: Basculegion|Protect
|move|p2a: Gyarados|Lash Out|p1a: Froslass
|-supereffective|p1a: Froslass|1
|-damage|p1a: Froslass|0 fnt
|faint|p1a: Froslass
|move|p2b: Skeledirge|Shadow Ball|p1b: Basculegion
|-activate|p1b: Basculegion|move: Protect
|
|-damage|p2a: Gyarados|7/100 psn|[from] psn
|upkeep
|turn|8
|
|t:|1785617909
|move|p1b: Basculegion|Aqua Jet|p2b: Skeledirge
|-supereffective|p2b: Skeledirge|1
|-enditem|p2b: Skeledirge|Passho Berry|[eat]
|-enditem|p2b: Skeledirge|Passho Berry|[weaken]
|-damage|p2b: Skeledirge|0 fnt
|faint|p2b: Skeledirge
|move|p2a: Gyarados|Lash Out|p1b: Basculegion
|-supereffective|p1b: Basculegion|1
|-damage|p1b: Basculegion|0 fnt
|faint|p1b: Basculegion
|
|win|is_katabo
||is_katabo is ready for game 2.
||goat pincurchin is ready for game 2.
|uhtml|next|Next: Game 2 of 3
