|j|☆rojo53
|j|☆RotkodDoktor
|html|rojo53RotkodDoktor    
|uhtml|bestof|Game 1 of a best-of-3
|t:|1785837770
|gametype|doubles
|player|p1|rojo53|266|
|player|p2|RotkodDoktor|scientist|
|gen|9
|tier|[Gen 9 Champions] VGC 2026 Reg M-B (Bo3)
|rule|Species Clause: Limit one of each Pokémon
|rule|Item Clause: Limit 1 of each item
|clearpoke
|poke|p1|Delphox, L50, F|
|poke|p1|Blastoise, L50, F|
|poke|p1|Sneasler, L50, M|
|poke|p1|Maushold, L50|
|poke|p1|Sinistcha-Masterpiece, L50|
|poke|p1|Incineroar, L50, F|
|poke|p2|Malamar, L50, F|
|poke|p2|Sinistcha, L50|
|poke|p2|Whimsicott, L50, F|
|poke|p2|Glimmora, L50, M|
|poke|p2|Incineroar, L50, M|
|poke|p2|Maushold-Four, L50|
|teampreview|4
|showteam|p1|Delphox||Delphoxite|Blaze|HeatWave,Psychic,Protect,NastyPlot|Timid||F|||50|]Blastoise||Blastoisinite|RainDish|WaterSpout,DarkPulse,ShellSmash,Protect|Modest||F|||50|]Sneasler||FocusSash|PoisonTouch|CloseCombat,PoisonJab,RockTomb,FakeOut|Jolly||M|||50|]Maushold||ChopleBerry|FriendGuard|FollowMe,HelpingHand,Protect,SuperFang|Jolly|||||50|]Sinistcha-Masterpiece||KasibBerry|Hospitality|MatchaGotcha,RagePowder,Protect,TrickRoom|Bold|||||50|]Incineroar||SitrusBerry|Intimidate|FakeOut,FlareBlitz,PartingShot,HelpingHand|Careful||F|||50|
|showteam|p2|Malamar||Malamarite|Contrary|KnockOff,PsychoCut,Superpower,Protect|Adamant||F|||50|]Sinistcha||ColburBerry|Hospitality|MatchaGotcha,Protect,RagePowder,TrickRoom|Bold|||||50|]Whimsicott||FocusSash|Prankster|Tailwind,Moonblast,Charm,FakeTears|Timid||F|||50|]Glimmora||Glimmoranite|ToxicDebris|PowerGem,SludgeBomb,EarthPower,SpikyShield|Timid||M|||50|]Incineroar||PasshoBerry|Intimidate|FakeOut,FlareBlitz,DarkestLariat,PartingShot|Impish||M|||50|]Maushold-Four||WideLens|Technician|PopulationBomb,Feint,FollowMe,Protect|Jolly|||||50|
|c|☆rojo53|gl hf
|c|☆RotkodDoktor|U2
|j| pecurto23
|j| LuixenS
|inactive|Battle timer is ON: inactive players will automatically lose when time's up. (requested by rojo53)
|
|t:|1785837841
|teamsize|p1|4
|teamsize|p2|4
|start
|switch|p1a: Blastoise|Blastoise, L50, F|100/100
|switch|p1b: Sneasler|Sneasler, L50, M|100/100
|switch|p2a: Malamar|Malamar, L50, F|100/100
|switch|p2b: Incineroar|Incineroar, L50, M|100/100
|-ability|p2b: Incineroar|Intimidate|boost
|-unboost|p1a: Blastoise|atk|1
|-unboost|p1b: Sneasler|atk|1
|turn|1
|inactive|RotkodDoktor has 30 seconds left.
|
|t:|1785837871
|detailschange|p1a: Blastoise|Blastoise-Mega, L50, F
|-mega|p1a: Blastoise|Blastoise|Blastoisinite
|detailschange|p2a: Malamar|Malamar-Mega, L50, F
|-mega|p2a: Malamar|Malamar|Malamarite
|move|p1b: Sneasler|Fake Out|p2b: Incineroar
|-crit|p2b: Incineroar
|-damage|p2b: Incineroar|83/100
|-status|p2b: Incineroar|psn|[from] ability: Poison Touch|[of] p1b: Sneasler
|move|p1a: Blastoise|Water Spout|p2b: Incineroar|[spread] p2a,p2b
|-supereffective|p2b: Incineroar|1
|-enditem|p2b: Incineroar|Passho Berry|[eat]
|-enditem|p2b: Incineroar|Passho Berry|[weaken]
|-damage|p2a: Malamar|51/100
|-damage|p2b: Incineroar|25/100 psn
|move|p2a: Malamar|Superpower|p1a: Blastoise
|-damage|p1a: Blastoise|69/100
|-boost|p2a: Malamar|atk|1
|-boost|p2a: Malamar|def|1
|cant|p2b: Incineroar|flinch
|
|-damage|p2b: Incineroar|13/100 psn|[from] psn
|upkeep
|turn|2
|inactive|RotkodDoktor has 30 seconds left.
|
|t:|1785837906
|switch|p2b: Whimsicott|Whimsicott, L50, F|100/100
|move|p2a: Malamar|Protect|p2a: Malamar
|-singleturn|p2a: Malamar|Protect
|move|p1b: Sneasler|Close Combat|p2a: Malamar
|-activate|p2a: Malamar|move: Protect
|move|p1a: Blastoise|Water Spout|p2a: Malamar|[spread] p2b
|-activate|p2a: Malamar|move: Protect
|-resisted|p2b: Whimsicott|1
|-damage|p2b: Whimsicott|60/100
|
|upkeep
|turn|3
|inactive|rojo53 has 30 seconds left.
|
|t:|1785837939
|move|p2b: Whimsicott|Tailwind|p2b: Whimsicott
|-sidestart|p2: RotkodDoktor|move: Tailwind
|move|p2a: Malamar|Psycho Cut|p1b: Sneasler
|-supereffective|p1b: Sneasler|2
|-crit|p1b: Sneasler
|-enditem|p1b: Sneasler|Focus Sash
|-damage|p1b: Sneasler|1/100
|move|p1b: Sneasler|Poison Jab|p2b: Whimsicott
|-supereffective|p2b: Whimsicott|2
|-damage|p2b: Whimsicott|0 fnt
|faint|p2b: Whimsicott
|move|p1a: Blastoise|Shell Smash|p1a: Blastoise
|-unboost|p1a: Blastoise|def|1
|-unboost|p1a: Blastoise|spd|1
|-boost|p1a: Blastoise|atk|2
|-boost|p1a: Blastoise|spa|2
|-boost|p1a: Blastoise|spe|2
|
|upkeep
|
|t:|1785837950
|switch|p2b: Incineroar|Incineroar, L50, M|13/100 psn
|-ability|p2b: Incineroar|Intimidate|boost
|-unboost|p1a: Blastoise|atk|1
|-unboost|p1b: Sneasler|atk|1
|turn|4
|
|t:|1785837970
|switch|p1b: Sinistcha|Sinistcha-Masterpiece, L50|100/100
|-heal|p1a: Blastoise|94/100|[from] ability: Hospitality|[of] p1b: Sinistcha
|switch|p2b: Sinistcha|Sinistcha, L50|100/100
|-heal|p2a: Malamar|76/100|[from] ability: Hospitality|[of] p2b: Sinistcha
|move|p1a: Blastoise|Protect|p1a: Blastoise
|-singleturn|p1a: Blastoise|Protect
|move|p2a: Malamar|Superpower|p1b: Sinistcha
|-immune|p1b: Sinistcha
|
|upkeep
|turn|5
|
|t:|1785837984
|move|p2a: Malamar|Protect|p2a: Malamar
|-singleturn|p2a: Malamar|Protect
|move|p1a: Blastoise|Dark Pulse|p2b: Sinistcha
|-supereffective|p2b: Sinistcha|1
|-enditem|p2b: Sinistcha|Colbur Berry|[eat]
|-enditem|p2b: Sinistcha|Colbur Berry|[weaken]
|-damage|p2b: Sinistcha|6/100
|move|p2b: Sinistcha|Matcha Gotcha|p1a: Blastoise|[spread] p1a,p1b
|-supereffective|p1a: Blastoise|1
|-resisted|p1b: Sinistcha|1
|-damage|p1a: Blastoise|23/100
|-heal|p2b: Sinistcha|37/100|[from] drain|[of] p1a: Blastoise
|-damage|p1b: Sinistcha|88/100
|-heal|p2b: Sinistcha|43/100|[from] drain|[of] p1b: Sinistcha
|move|p1b: Sinistcha|Matcha Gotcha|p2a: Malamar|[spread] 
|-activate|p2a: Malamar|move: Protect
|-miss|p1b: Sinistcha|p2b: Sinistcha
|
|upkeep
|turn|6
|inactive|rojo53 has 30 seconds left.
|
|t:|1785838015
|move|p2b: Sinistcha|Rage Powder|p2b: Sinistcha
|-singleturn|p2b: Sinistcha|move: Rage Powder
|move|p1a: Blastoise|Dark Pulse|p2b: Sinistcha
|-supereffective|p2b: Sinistcha|1
|-damage|p2b: Sinistcha|0 fnt
|faint|p2b: Sinistcha
|move|p2a: Malamar|Knock Off|p1a: Blastoise
|-damage|p1a: Blastoise|0 fnt
|faint|p1a: Blastoise
|move|p1b: Sinistcha|Matcha Gotcha|p2a: Malamar
|-damage|p2a: Malamar|49/100
|-heal|p1b: Sinistcha|100/100|[from] drain|[of] p2a: Malamar
|
|-sideend|p2: RotkodDoktor|move: Tailwind
|upkeep
|
|t:|1785838024
|switch|p1a: Maushold|Maushold, L50|100/100
|switch|p2b: Incineroar|Incineroar, L50, M|13/100 psn
|-ability|p2b: Incineroar|Intimidate|boost
|-unboost|p1a: Maushold|atk|1
|-unboost|p1b: Sinistcha|atk|1
|turn|7
|
|t:|1785838038
|move|p1a: Maushold|Helping Hand|p1b: Sinistcha
|-singleturn|p1b: Sinistcha|Helping Hand|[of] p1a: Maushold
|move|p2b: Incineroar|Fake Out|p1a: Maushold
|-damage|p1a: Maushold|86/100
|move|p2a: Malamar|Knock Off|p1b: Sinistcha
|-supereffective|p1b: Sinistcha|1
|-damage|p1b: Sinistcha|34/100
|-enditem|p1b: Sinistcha|Kasib Berry|[from] move: Knock Off|[of] p2a: Malamar
|move|p1b: Sinistcha|Matcha Gotcha|p2b: Incineroar|[spread] p2a,p2b
|-resisted|p2b: Incineroar|1
|-damage|p2a: Malamar|22/100
|-heal|p1b: Sinistcha|48/100|[from] drain|[of] p2a: Malamar
|-damage|p2b: Incineroar|0 fnt
|-heal|p1b: Sinistcha|56/100|[from] drain|[of] p2b: Incineroar
|-status|p2a: Malamar|brn
|faint|p2b: Incineroar
|
|-damage|p2a: Malamar|16/100 brn|[from] brn
|upkeep
|turn|8
|j| qqcantabalarana
|inactive|RotkodDoktor has 30 seconds left.
|
|t:|1785838063
|move|p1a: Maushold|Follow Me|p1a: Maushold
|-singleturn|p1a: Maushold|move: Follow Me
|move|p2a: Malamar|Superpower|p1a: Maushold
|-supereffective|p1a: Maushold|1
|-enditem|p1a: Maushold|Chople Berry|[eat]
|-enditem|p1a: Maushold|Chople Berry|[weaken]
|-damage|p1a: Maushold|55/100
|-boost|p2a: Malamar|atk|1
|-boost|p2a: Malamar|def|1
|move|p1b: Sinistcha|Matcha Gotcha|p2a: Malamar
|-damage|p2a: Malamar|0 fnt
|-heal|p1b: Sinistcha|65/100|[from] drain|[of] p2a: Malamar
|faint|p2a: Malamar
|
|win|rojo53
||rojo53 is ready for game 2.
|inactive|RotkodDoktor has 30 seconds to confirm battle start!
|inactive|RotkodDoktor has 20 seconds to confirm battle start!
||RotkodDoktor is ready for game 2.
|uhtml|next|Next: Game 2 of 3
|j| Paniskter
|j| pablittoo
|l| LuixenS
