|j|☆kurogamer7
|j|☆ScoobyDrewPOKMN
|html|kurogamer7ScoobyDrewPOKMN    
|uhtml|bestof|Game 1 of a best-of-3
|t:|1757913198
|gametype|doubles
|player|p1|kurogamer7|nate|1006
|player|p2|ScoobyDrewPOKMN|ltsurge|1060
|gen|9
|tier|[Gen 9] VGC 2025 Reg H (Bo3)
|rated|
|rule|Species Clause: Limit one of each Pokémon
|rule|Item Clause: Limit 1 of each item
|clearpoke
|poke|p1|Ninetales-Alola, L50, M|
|poke|p1|Tatsugiri-Droopy, L50, M|
|poke|p1|Dondozo, L50, M|
|poke|p1|Volcarona, L50, M|
|poke|p1|Talonflame, L50, M|
|poke|p1|Kilowattrel, L50, M|
|poke|p2|Slaking, L50, M|
|poke|p2|Rillaboom, L50, M|
|poke|p2|Weezing, L50, M|
|poke|p2|Gholdengo, L50|
|poke|p2|Dragonite, L50, M|
|poke|p2|Quaquaval, L50, M|
|teampreview|4
|showteam|p1|Ninetales-Alola||MentalHerb|SnowWarning|AuroraVeil,Blizzard,DazzlingGleam,Protect|||M|||50|,,,,,Fire]Tatsugiri-Droopy||ToxicOrb|Commander|DragonPulse,Protect,IcyWind,Taunt|||M|||50|,,,,,Grass]Dondozo||Leftovers|Oblivious|OrderUp,Waterfall,Substitute,Protect|||M|||50|,,,,,Steel]Volcarona||SitrusBerry|FlameBody|TeraBlast,Protect,FieryDance,QuiverDance|||M|||50|,,,,,Dragon]Talonflame||FocusSash|GaleWings|Protect,WillOWisp,BraveBird,Tailwind|||M|||50|,,,,,Ground]Kilowattrel||LifeOrb|WindPower|AirSlash,Discharge,Protect,Thunderbolt|||M|||50|,,,,,Electric
|showteam|p2|Slaking||LifeOrb|Truant|Protect,DoubleEdge,SuckerPunch,HighHorsepower|||M|||50|,,,,,Ghost]Rillaboom||AssaultVest|GrassySurge|GrassyGlide,WoodHammer,HighHorsepower,FakeOut|||M|||50|,,,,,Fire]Weezing||SitrusBerry|NeutralizingGas|Protect,Taunt,WillOWisp,SludgeBomb|||M|||50|,,,,,Ghost]Gholdengo||ChoiceScarf|GoodasGold|MakeItRain,ShadowBall,PowerGem,Trick||||||50|,,,,,Steel]Dragonite||ChoiceBand|InnerFocus|ExtremeSpeed,DragonRush,RockSlide,StompingTantrum|||M|||50|,,,,,Normal]Quaquaval||FocusSash|Moxie|Protect,CloseCombat,AquaStep,AquaJet|||M|||50|,,,,,Stellar
|inactive|Battle timer is ON: inactive players will automatically lose when time's up. (requested by ScoobyDrewPOKMN)
|inactive|ScoobyDrewPOKMN has 60 seconds left.
|
|t:|1757913242
|teamsize|p1|4
|teamsize|p2|4
|start
|switch|p1a: Talonflame|Talonflame, L50, M|100/100
|switch|p1b: Kilowattrel|Kilowattrel, L50, M|100/100
|switch|p2a: Donkey-Kong|Rillaboom, L50, M, shiny|100/100
|switch|p2b: Chunky-Kong|Slaking, L50, M, shiny|100/100
|-fieldstart|move: Grassy Terrain|[from] ability: Grassy Surge|[of] p2a: Donkey-Kong
|turn|1
|inactive|kurogamer7 has 30 seconds left.
|inactive|ScoobyDrewPOKMN has 30 seconds left.
|
|t:|1757913271
|move|p1a: Talonflame|Protect|p1a: Talonflame
|-singleturn|p1a: Talonflame|Protect
|move|p1b: Kilowattrel|Protect|p1b: Kilowattrel
|-singleturn|p1b: Kilowattrel|Protect
|move|p2a: Donkey-Kong|Fake Out|p1a: Talonflame
|-activate|p1a: Talonflame|move: Protect
|move|p2b: Chunky-Kong|Double-Edge|p1b: Kilowattrel
|-activate|p1b: Kilowattrel|move: Protect
|
|upkeep
|turn|2
|inactive|kurogamer7 has 30 seconds left.
|
|t:|1757913299
|switch|p2a: Diddy And Dixie|Weezing, L50, M, shiny|100/100
|-ability|p2a: Diddy And Dixie|Neutralizing Gas
|move|p1a: Talonflame|Will-O-Wisp|p2b: Chunky-Kong
|-status|p2b: Chunky-Kong|brn
|move|p1b: Kilowattrel|Thunderbolt|p2b: Chunky-Kong
|-damage|p2b: Chunky-Kong|38/100 brn
|-damage|p1b: Kilowattrel|91/100|[from] item: Life Orb
|move|p2b: Chunky-Kong|Double-Edge|p1b: Kilowattrel
|-damage|p1b: Kilowattrel|4/100
|-damage|p2b: Chunky-Kong|19/100 brn|[from] Recoil
|-damage|p2b: Chunky-Kong|9/100 brn|[from] item: Life Orb
|
|-heal|p2b: Chunky-Kong|15/100 brn|[from] Grassy Terrain
|-damage|p2b: Chunky-Kong|9/100 brn|[from] brn
|upkeep
|turn|3
|inactive|kurogamer7 has 30 seconds left.
|inactive|ScoobyDrewPOKMN has 30 seconds left.
|
|t:|1757913332
|-terastallize|p1b: Kilowattrel|Electric
|move|p2b: Chunky-Kong|Sucker Punch|p1b: Kilowattrel
|-damage|p1b: Kilowattrel|0 fnt
|faint|p1b: Kilowattrel
|-damage|p2b: Chunky-Kong|0 fnt|[from] item: Life Orb
|faint|p2b: Chunky-Kong
|move|p1a: Talonflame|Brave Bird|p2a: Diddy And Dixie
|-crit|p2a: Diddy And Dixie
|-damage|p2a: Diddy And Dixie|41/100
|-enditem|p2a: Diddy And Dixie|Sitrus Berry|[eat]
|-heal|p2a: Diddy And Dixie|66/100|[from] item: Sitrus Berry
|-damage|p1a: Talonflame|80/100|[from] Recoil
|move|p2a: Diddy And Dixie|Taunt|p1a: Talonflame
|-start|p1a: Talonflame|move: Taunt
|
|-heal|p2a: Diddy And Dixie|71/100|[from] Grassy Terrain
|upkeep
|
|t:|1757913355
|switch|p1b: Tatsugiri|Tatsugiri-Droopy, L50, M|100/100
|switch|p2b: King K rool|Dragonite, L50, M, shiny|100/100
|turn|4
|inactive|kurogamer7 has 30 seconds left.
|inactive|ScoobyDrewPOKMN has 30 seconds left.
|
|t:|1757913385
|-terastallize|p2b: King K rool|Normal
|move|p2a: Diddy And Dixie|Protect|p2a: Diddy And Dixie
|-singleturn|p2a: Diddy And Dixie|Protect
|move|p2b: King K rool|Extreme Speed|p1b: Tatsugiri
|-damage|p1b: Tatsugiri|0 fnt
|faint|p1b: Tatsugiri
|move|p1a: Talonflame|Brave Bird|p2a: Diddy And Dixie
|-activate|p2a: Diddy And Dixie|move: Protect
|
|-heal|p2a: Diddy And Dixie|77/100|[from] Grassy Terrain
|upkeep
|inactive|kurogamer7 has 30 seconds left.
|inactive|kurogamer7 has 20 seconds left.
|
|t:|1757913421
|switch|p1b: Dondozo|Dondozo, L50, M|100/100
|turn|5
|inactive|ScoobyDrewPOKMN has 30 seconds left.
|
|t:|1757913453
|move|p2b: King K rool|Extreme Speed|p1a: Talonflame
|-crit|p1a: Talonflame
|-damage|p1a: Talonflame|0 fnt
|faint|p1a: Talonflame
|move|p2a: Diddy And Dixie|Will-O-Wisp|p1b: Dondozo
|-status|p1b: Dondozo|brn
|move|p1b: Dondozo|Waterfall|p2b: King K rool
|-damage|p2b: King K rool|82/100
|
|-heal|p2a: Diddy And Dixie|83/100|[from] Grassy Terrain
|-heal|p2b: King K rool|88/100|[from] Grassy Terrain
|-damage|p1b: Dondozo|95/100 brn|[from] brn
|-fieldend|move: Grassy Terrain
|upkeep
|turn|6
|
|t:|1757913475
|move|p2b: King K rool|Extreme Speed|p1b: Dondozo
|-damage|p1b: Dondozo|57/100 brn
|move|p2a: Diddy And Dixie|Sludge Bomb|p1b: Dondozo
|-damage|p1b: Dondozo|30/100 brn
|move|p1b: Dondozo|Substitute|p1b: Dondozo
|-start|p1b: Dondozo|Substitute
|-damage|p1b: Dondozo|6/100 brn
|
|-heal|p1b: Dondozo|11/100 brn|[from] item: Leftovers
|-damage|p1b: Dondozo|6/100 brn|[from] brn
|upkeep
|turn|7
|-message|kurogamer7 forfeited.
|
|win|ScoobyDrewPOKMN
|l|☆kurogamer7
|player|p1|
||kurogamer7 is ready for game 2.
||ScoobyDrewPOKMN is ready for game 2.
|uhtml|next|Next: Game 2 of 3
