|j|☆CheesyTime
|j|☆ko tsukide's son
|html|CheesyTimeko tsukide's son    
|uhtml|bestof|Game 2 of a best-of-3
|t:|1782203967
|gametype|doubles
|player|p1|CheesyTime|colress|1092
|player|p2|ko tsukide's son|266|1104
|gen|9
|tier|[Gen 9 Champions] VGC 2026 Reg M-B (Bo3)
|rated|
|rule|Species Clause: Limit one of each Pokémon
|rule|Item Clause: Limit 1 of each item
|clearpoke
|poke|p1|Pyroar, L50, F|
|poke|p1|Ninetales, L50, F, shiny|
|poke|p1|Whimsicott, L50, M|
|poke|p1|Floette-Eternal, L50, F|
|poke|p1|Basculegion, L50, M|
|poke|p1|Farigiraf, L50, M|
|poke|p2|Delphox, L50, F, shiny|
|poke|p2|Incineroar, L50, M|
|poke|p2|Sinistcha-Masterpiece, L50|
|poke|p2|Sneasler, L50, M|
|poke|p2|Floette-Eternal, L50, F|
|poke|p2|Kingambit, L50, M|
|teampreview|4
|showteam|p1|Pyroar||Pyroarite|Unnerve|HeatWave,Overheat,SolarBeam,Protect|Timid||F|||50|]Ninetales||ChoiceScarf|Drought|HeatWave,Overheat,SolarBeam,FakeTears|Modest||F|||50|]Whimsicott||FocusSash|Prankster|Moonblast,Tailwind,SunnyDay,Protect|Timid||M|||50|]Floette-Eternal||Floettite|FlowerVeil|Moonblast,LightofRuin,DazzlingGleam,Protect|Modest||F|||50|]Basculegion||LifeOrb|Adaptability|WaveCrash,LastRespects,AquaJet,Protect|Adamant||M|||50|]Farigiraf||SitrusBerry|ArmorTail|Psychic,Thunderbolt,TrickRoom,HelpingHand|Bold||M|||50|
|showteam|p2|Delphox||Delphoxite|Blaze|HeatWave,Psyshock,NastyPlot,Protect|Timid||F|||50|]Incineroar||SitrusBerry|Intimidate|FlareBlitz,ThroatChop,PartingShot,FakeOut|Careful||M|||50|]Sinistcha-Masterpiece||KasibBerry|Hospitality|MatchaGotcha,RagePowder,TrickRoom,Protect|Bold|||||50|]Sneasler||FocusSash|PoisonTouch|CloseCombat,DireClaw,FakeOut,QuickGuard|Jolly||M|||50|]Floette-Eternal||Floettite|FlowerVeil|Moonblast,DazzlingGleam,CalmMind,Protect|Modest||F|||50|]Kingambit||BlackGlasses|Defiant|KowtowCleave,SuckerPunch,SwordsDance,Protect|Adamant||M|||50|
|
|t:|1782203992
|teamsize|p1|4
|teamsize|p2|4
|start
|switch|p1a: Whimsicott|Whimsicott, L50, M|100/100
|switch|p1b: Basculegion|Basculegion, L50, M|100/100
|switch|p2a: Delphox|Delphox, L50, F, shiny|100/100
|switch|p2b: Sneasler|Sneasler, L50, M|100/100
|turn|1
|
|t:|1782204012
|detailschange|p2a: Delphox|Delphox-Mega, L50, F, shiny
|-mega|p2a: Delphox|Delphox|Delphoxite
|move|p1a: Whimsicott|Protect|p1a: Whimsicott
|-singleturn|p1a: Whimsicott|Protect
|move|p2b: Sneasler|Fake Out|p1a: Whimsicott
|-activate|p1a: Whimsicott|move: Protect
|move|p2a: Delphox|Heat Wave|p1a: Whimsicott|[spread] p1b
|-activate|p1a: Whimsicott|move: Protect
|-resisted|p1b: Basculegion|1
|-damage|p1b: Basculegion|75/100
|-status|p1b: Basculegion|brn
|move|p1b: Basculegion|Wave Crash|p2a: Delphox
|-supereffective|p2a: Delphox|1
|-damage|p2a: Delphox|0 fnt
|faint|p2a: Delphox
|-damage|p1b: Basculegion|49/100 brn|[from] Recoil
|-damage|p1b: Basculegion|39/100 brn|[from] item: Life Orb
|
|-damage|p1b: Basculegion|33/100 brn|[from] brn
|upkeep
|
|t:|1782204016
|switch|p2a: Kingambit|Kingambit, L50, M|100/100
|turn|2
|c|☆CheesyTime|well
|c|☆CheesyTime|guess rng isnt on my side today huh ?
|c|☆ko tsukide's son|ig
|c|☆ko tsukide's son|idt it changes much
|c|☆CheesyTime|oh it does
|c|☆ko tsukide's son|it just makes the farig switch less telegraphed
|c|☆CheesyTime|moon blast aqua jet can just kill sneasler
|c|☆CheesyTime|i dont need to switch when im not burned
|
|t:|1782204084
|switch|p2b: Incineroar|Incineroar, L50, M|100/100
|-ability|p2b: Incineroar|Intimidate|boost
|-unboost|p1a: Whimsicott|atk|1
|-unboost|p1b: Basculegion|atk|1
|move|p1a: Whimsicott|Moonblast|p2b: Incineroar
|-damage|p2b: Incineroar|69/100
|move|p1b: Basculegion|Wave Crash|p2b: Incineroar
|-supereffective|p2b: Incineroar|1
|-damage|p2b: Incineroar|0 fnt
|faint|p2b: Incineroar
|-damage|p1b: Basculegion|11/100 brn|[from] Recoil
|-damage|p1b: Basculegion|1/100 brn|[from] item: Life Orb
|move|p2a: Kingambit|Swords Dance|p2a: Kingambit
|-boost|p2a: Kingambit|atk|2
|
|-damage|p1b: Basculegion|0 fnt|[from] brn
|faint|p1b: Basculegion
|upkeep
|
|t:|1782204099
|switch|p1b: Floette|Floette-Eternal, L50, F|100/100
|switch|p2b: Sneasler|Sneasler, L50, M|100/100
|turn|3
|
|t:|1782204111
|switch|p1b: Farigiraf|Farigiraf, L50, M|100/100
|move|p2b: Sneasler|Fake Out||[still]
|cant|p1b: Farigiraf|ability: Armor Tail|Fake Out|[of] p2b: Sneasler
|move|p1a: Whimsicott|Tailwind|p1a: Whimsicott
|-sidestart|p1: CheesyTime|move: Tailwind
|move|p2a: Kingambit|Swords Dance|p2a: Kingambit
|-boost|p2a: Kingambit|atk|2
|
|upkeep
|turn|4
|
|t:|1782204131
|move|p1a: Whimsicott|Moonblast|p2b: Sneasler
|-damage|p2b: Sneasler|52/100
|-unboost|p2b: Sneasler|spa|1
|move|p2b: Sneasler|Dire Claw|p1a: Whimsicott
|-supereffective|p1a: Whimsicott|2
|-enditem|p1a: Whimsicott|Focus Sash
|-damage|p1a: Whimsicott|1/100
|move|p1b: Farigiraf|Psychic|p2b: Sneasler
|-supereffective|p2b: Sneasler|2
|-damage|p2b: Sneasler|0 fnt
|faint|p2b: Sneasler
|move|p2a: Kingambit|Kowtow Cleave|p1b: Farigiraf
|-supereffective|p1b: Farigiraf|1
|-damage|p1b: Farigiraf|0 fnt
|faint|p1b: Farigiraf
|
|upkeep
|
|t:|1782204133
|switch|p1b: Floette|Floette-Eternal, L50, F|100/100
|turn|5
|
|t:|1782204166
|move|p2a: Kingambit|Sucker Punch|p1b: Floette
|-resisted|p1b: Floette|1
|-damage|p1b: Floette|0 fnt
|faint|p1b: Floette
|move|p1a: Whimsicott|Moonblast|p2a: Kingambit
|-damage|p2a: Kingambit|68/100
|
|upkeep
|turn|6
|c|☆CheesyTime|fuck
|c|☆CheesyTime|i missed the meag +
|c|☆ko tsukide's son|max roll yipee
|c|☆ko tsukide's son|oh true
|c|☆CheesyTime|and you got lucky again
|c|☆ko tsukide's son|idk how much bulk you have
|c|☆CheesyTime|yeah with mega you have 2 roles to kill
|
|t:|1782204234
|move|p1a: Whimsicott|Moonblast|p2a: Kingambit
|-damage|p2a: Kingambit|31/100
|move|p2a: Kingambit|Kowtow Cleave|p1a: Whimsicott
|-resisted|p1a: Whimsicott|1
|-damage|p1a: Whimsicott|0 fnt
|faint|p1a: Whimsicott
|
|win|ko tsukide's son
