|j|☆viva las vgc
|j|☆Aotius
|html|viva las vgcAotius    
|uhtml|bestof|Game 3 of a best-of-3
|t:|1757724949
|gametype|doubles
|player|p1|viva las vgc|170|1215
|player|p2|Aotius|170|1132
|gen|9
|tier|[Gen 9] VGC 2025 Reg H (Bo3)
|rated|
|rule|Species Clause: Limit one of each Pokémon
|rule|Item Clause: Limit 1 of each item
|clearpoke
|poke|p1|Klefki, L50, M|
|poke|p1|Annihilape, L50, F|
|poke|p1|Politoed, L50, M|
|poke|p1|Archaludon, L50, F|
|poke|p1|Sinistcha, L50|
|poke|p1|Overqwil, L50, M|
|poke|p2|Gholdengo, L50|
|poke|p2|Sneasler, L50, M|
|poke|p2|Rillaboom, L50, F|
|poke|p2|Dragonite, L50, M|
|poke|p2|Ninetales-Alola, L50, M|
|poke|p2|Arcanine-Hisui, L50, M|
|teampreview|4
|showteam|p1|Klefki||LightClay|Prankster|DazzlingGleam,LightScreen,Reflect,MistyTerrain|||M|||50|,,,,,Ghost]Annihilape||MistySeed|Defiant|DrainPunch,RageFist,BulkUp,Protect|||F|||50|,,,,,Water]Politoed||ChoiceSpecs|Drizzle|MuddyWater,WeatherBall,EarthPower,IceBeam|||M|||50|,,,,,Grass]Archaludon||AssaultVest|Stamina|ElectroShot,DragonPulse,FlashCannon,BodyPress|||F|||50|,,,,,Bug]Sinistcha||SitrusBerry|Hospitality|MatchaGotcha,LifeDew,RagePowder,TrickRoom||||||50|,,,,,Dark]Overqwil||CovertCloak|SwiftSwim|AcidSpray,ThroatChop,GunkShot,IcyWind|||M|||50|,,,,,Flying
|showteam|p2|Gholdengo||GrassySeed|GoodasGold|NastyPlot,MakeItRain,ShadowBall,Protect||||||50|,,,,,Water]Sneasler||WhiteHerb|Unburden|CloseCombat,DireClaw,Coaching,Protect|||M|||50|,,,,,Ghost]Rillaboom||AssaultVest|GrassySurge|FakeOut,GrassyGlide,DrumBeating,HighHorsepower|||F|||50|,,,,,Fire]Dragonite||LoadedDice|Multiscale|ScaleShot,StompingTantrum,Tailwind,Protect|||M|||50|,,,,,Ground]Ninetales-Alola||FocusSash|SnowWarning|Blizzard,IcyWind,Encore,AuroraVeil|||M|||50|,,,,,Ghost]Arcanine-Hisui||ClearAmulet|Intimidate|RockSlide,FlareBlitz,ExtremeSpeed,Protect|||M|||50|,,,,,Water
|inactive|Battle timer is ON: inactive players will automatically lose when time's up. (requested by Aotius)
|
|t:|1757724955
|teamsize|p1|4
|teamsize|p2|4
|start
|switch|p1a: Luna|Overqwil, L50, M, shiny|100/100
|switch|p1b: Politoed|Politoed, L50, M, shiny|100/100
|switch|p2a: Sneasler|Sneasler, L50, M|100/100
|switch|p2b: Dragonite|Dragonite, L50, M|100/100
|-weather|RainDance|[from] ability: Drizzle|[of] p1b: Politoed
|turn|1
|
|t:|1757724979
|move|p1a: Luna|Icy Wind|p2b: Dragonite|[spread] p2a,p2b
|-supereffective|p2b: Dragonite
|-damage|p2a: Sneasler|93/100
|-damage|p2b: Dragonite|87/100
|-unboost|p2a: Sneasler|spe|1
|-unboost|p2b: Dragonite|spe|1
|-enditem|p2a: Sneasler|White Herb
|-clearnegativeboost|p2a: Sneasler|[silent]
|move|p2a: Sneasler|Close Combat|p1b: Politoed
|-damage|p1b: Politoed|25/100
|-unboost|p2a: Sneasler|def|1
|-unboost|p2a: Sneasler|spd|1
|move|p1b: Politoed|Earth Power|p2a: Sneasler
|-supereffective|p2a: Sneasler
|-damage|p2a: Sneasler|0 fnt
|faint|p2a: Sneasler
|move|p2b: Dragonite|Scale Shot|p1b: Politoed
|-damage|p1b: Politoed|4/100
|-damage|p1b: Politoed|0 fnt
|faint|p1b: Politoed
|-hitcount|p1: Politoed|2
|-unboost|p2b: Dragonite|def|1
|-boost|p2b: Dragonite|spe|1
|
|-weather|RainDance|[upkeep]
|upkeep
|
|t:|1757724993
|switch|p2a: Ninetales|Ninetales-Alola, L50, M|100/100
|switch|p1b: Archaludon|Archaludon, L50, F|100/100
|-weather|Snowscape|[from] ability: Snow Warning|[of] p2a: Ninetales
|turn|2
|inactive|Aotius has 30 seconds left.
|inactive|viva las vgc has 30 seconds left.
|inactive|viva las vgc has 20 seconds left.
|
|t:|1757725036
|-terastallize|p1a: Luna|Flying
|-terastallize|p2b: Dragonite|Ground
|move|p2a: Ninetales|Aurora Veil|p2a: Ninetales
|-sidestart|p2: Aotius|move: Aurora Veil
|move|p1b: Archaludon|Flash Cannon|p2a: Ninetales
|-supereffective|p2a: Ninetales
|-enditem|p2a: Ninetales|Focus Sash
|-damage|p2a: Ninetales|1/100
|move|p1a: Luna|Icy Wind|p2b: Dragonite|[spread] p2b
|-miss|p1a: Luna|p2a: Ninetales
|-supereffective|p2b: Dragonite
|-damage|p2b: Dragonite|78/100
|-unboost|p2b: Dragonite|spe|1
|move|p2b: Dragonite|Stomping Tantrum|p1a: Luna
|-immune|p1a: Luna
|
|-weather|Snowscape|[upkeep]
|upkeep
|turn|3
|c|☆viva las vgc|oh!
|c|☆viva las vgc|ok!
|inactive|viva las vgc has 30 seconds left.
|inactive|Aotius has 30 seconds left.
|
|t:|1757725067
|switch|p2b: Rillaboom|Rillaboom, L50, F|100/100
|-fieldstart|move: Grassy Terrain|[from] ability: Grassy Surge|[of] p2b: Rillaboom
|move|p2a: Ninetales|Blizzard|p1a: Luna|[spread] p1a,p1b
|-supereffective|p1a: Luna
|-damage|p1a: Luna|11/100
|-damage|p1b: Archaludon|74/100
|-ability|p1b: Archaludon|Stamina|boost
|-boost|p1b: Archaludon|def|1
|move|p1b: Archaludon|Dragon Pulse|p2b: Rillaboom
|-damage|p2b: Rillaboom|80/100
|move|p1a: Luna|Icy Wind|p2b: Rillaboom|[spread] p2a,p2b
|-resisted|p2a: Ninetales
|-supereffective|p2b: Rillaboom
|-damage|p2a: Ninetales|0 fnt
|-damage|p2b: Rillaboom|74/100
|-unboost|p2b: Rillaboom|spe|1
|faint|p2a: Ninetales
|
|-weather|Snowscape|[upkeep]
|-heal|p1b: Archaludon|80/100|[from] Grassy Terrain
|-heal|p2b: Rillaboom|80/100|[from] Grassy Terrain
|upkeep
|
|t:|1757725078
|switch|p2a: Dragonite|Dragonite, L50, M, tera:Ground|78/100
|turn|4
|
|t:|1757725101
|move|p2b: Rillaboom|Fake Out|p1a: Luna
|-damage|p1a: Luna|0 fnt
|faint|p1a: Luna
|move|p1b: Archaludon|Body Press|p2b: Rillaboom
|-damage|p2b: Rillaboom|55/100
|move|p2a: Dragonite|Stomping Tantrum|p1b: Archaludon
|-supereffective|p1b: Archaludon
|-damage|p1b: Archaludon|44/100
|-ability|p1b: Archaludon|Stamina|boost
|-boost|p1b: Archaludon|def|1
|
|-weather|Snowscape|[upkeep]
|-heal|p1b: Archaludon|50/100|[from] Grassy Terrain
|-heal|p2a: Dragonite|84/100|[from] Grassy Terrain
|-heal|p2b: Rillaboom|61/100|[from] Grassy Terrain
|upkeep
|
|t:|1757725105
|switch|p1a: Sinistcha|Sinistcha, L50|100/100
|-heal|p1b: Archaludon|74/100|[from] ability: Hospitality|[of] p1a: Sinistcha
|turn|5
|
|t:|1757725121
|move|p1b: Archaludon|Body Press|p2b: Rillaboom
|-damage|p2b: Rillaboom|26/100
|move|p2a: Dragonite|Scale Shot|p1a: Sinistcha
|-damage|p1a: Sinistcha|90/100
|-damage|p1a: Sinistcha|76/100
|-damage|p1a: Sinistcha|65/100
|-damage|p1a: Sinistcha|52/100
|-hitcount|p1a: Sinistcha|4
|-unboost|p2a: Dragonite|def|1
|-boost|p2a: Dragonite|spe|1
|move|p2b: Rillaboom|Drum Beating|p1a: Sinistcha
|-resisted|p1a: Sinistcha
|-damage|p1a: Sinistcha|33/100
|-unboost|p1a: Sinistcha|spe|1
|-enditem|p1a: Sinistcha|Sitrus Berry|[eat]
|-heal|p1a: Sinistcha|57/100|[from] item: Sitrus Berry
|move|p1a: Sinistcha|Matcha Gotcha|p2a: Dragonite|[spread] p2a,p2b
|-supereffective|p2a: Dragonite
|-resisted|p2b: Rillaboom
|-damage|p2a: Dragonite|41/100
|-heal|p1a: Sinistcha|77/100|[from] drain|[of] p2a: Dragonite
|-damage|p2b: Rillaboom|17/100
|-heal|p1a: Sinistcha|83/100|[from] drain|[of] p2b: Rillaboom
|
|-weather|Snowscape|[upkeep]
|-heal|p2a: Dragonite|47/100|[from] Grassy Terrain
|-heal|p1b: Archaludon|80/100|[from] Grassy Terrain
|-heal|p2b: Rillaboom|23/100|[from] Grassy Terrain
|-heal|p1a: Sinistcha|89/100|[from] Grassy Terrain
|upkeep
|turn|6
|-message|Aotius forfeited.
|
|win|viva las vgc
|raw|viva las vgc's rating: 1215 → 1234(+19 for winning)
|raw|Aotius's rating: 1132 → 1113(-19 for losing)
