|j|‽QrdeJegoMac
|j|☆Latios66
|html|QrdeJegoMacLatios66    
|uhtml|bestof|Game 1 of a best-of-3
|t:|1757718239
|gametype|doubles
|player|p1|QrdeJegoMac|1|1066
|player|p2|Latios66|169|1064
|gen|9
|tier|[Gen 9] VGC 2025 Reg H (Bo3)
|rated|
|rule|Species Clause: Limit one of each Pokémon
|rule|Item Clause: Limit 1 of each item
|clearpoke
|poke|p1|Annihilape, L50, F|
|poke|p1|Maushold-Four, L50|
|poke|p1|Sinistcha, L50|
|poke|p1|Klefki, L50, M|
|poke|p1|Ursaluna-Bloodmoon, L50, M|
|poke|p1|Ninetales-Alola, L50, F|
|poke|p2|Tyranitar, L50, M|
|poke|p2|Blaziken, L50, F|
|poke|p2|Excadrill, L50, M|
|poke|p2|Salamence, L50, M|
|poke|p2|Sinistcha-Masterpiece, L50|
|poke|p2|Annihilape, L50, M|
|teampreview|4
|showteam|p1|Annihilape||Leftovers|Defiant|Protect,BulkUp,DrainPunch,RageFist|||F|||50|,,,,,Fire]Maushold-Four||RockyHelmet|FriendGuard|FollowMe,Taunt,BeatUp,Protect||||||50|,,,,,Grass]Sinistcha||SitrusBerry|Hospitality|MatchaGotcha,TrickRoom,LifeDew,RagePowder||||||50|,,,,,Water]Klefki||LightClay|Prankster|Reflect,LightScreen,MistyTerrain,DazzlingGleam|||M|||50|,,,,,Ghost]Ursaluna-Bloodmoon||AssaultVest|MindsEye|BloodMoon,HyperVoice,EarthPower,VacuumWave|||M|||50|,,,,,Water]Ninetales-Alola||FocusSash|SnowWarning|Protect,Encore,FreezeDry,Blizzard|||F|||50|,,,,,Ghost
|showteam|p2|Tyranitar||ClearAmulet|SandStream|RockSlide,KnockOff,Protect,DragonDance|||M|||50|,,,,,Grass]Blaziken||CovertCloak|SpeedBoost|AuraSphere,HeatWave,Coaching,WillOWisp|||F|||50|,,,,,Dragon]Excadrill||AssaultVest|SandRush|RockSlide,HighHorsepower,IronHead,Earthquake|||M|||50|,,,,,Ghost]Salamence||LifeOrb|Intimidate|AirSlash,Tailwind,DracoMeteor,Protect|||M|||50|,,,,,Ghost]Sinistcha-Masterpiece||SitrusBerry|Hospitality|ShadowBall,MatchaGotcha,RagePowder,Protect||||||50|,,,,,Dark]Annihilape||ChoiceScarf|Defiant|FinalGambit,Uturn,CloseCombat,ShadowClaw|||M|||50|,,,,,Grass
|inactive|Battle timer is ON: inactive players will automatically lose when time's up. (requested by QrdeJegoMac)
|
|t:|1757718262
|teamsize|p1|4
|teamsize|p2|4
|start
|switch|p1a: Annihilape|Annihilape, L50, F|100/100
|switch|p1b: Klefki|Klefki, L50, M|100/100
|switch|p2a: Puppet|Sinistcha-Masterpiece, L50|100/100
|switch|p2b: Tyranitar|Tyranitar, L50, M|100/100
|-weather|Sandstorm|[from] ability: Sand Stream|[of] p2b: Tyranitar
|turn|1
|
|t:|1757718277
|move|p1b: Klefki|Reflect|p1b: Klefki
|-sidestart|p1: QrdeJegoMac|Reflect
|move|p1a: Annihilape|Bulk Up|p1a: Annihilape
|-boost|p1a: Annihilape|atk|1
|-boost|p1a: Annihilape|def|1
|move|p2b: Tyranitar|Knock Off|p1a: Annihilape
|-damage|p1a: Annihilape|76/100
|-enditem|p1a: Annihilape|Leftovers|[from] move: Knock Off|[of] p2b: Tyranitar
|move|p2a: Puppet|Shadow Ball|p1a: Annihilape
|-supereffective|p1a: Annihilape
|-crit|p1a: Annihilape
|-damage|p1a: Annihilape|0 fnt
|faint|p1a: Annihilape
|
|-weather|Sandstorm|[upkeep]
|-damage|p2a: Puppet|94/100|[from] Sandstorm
|upkeep
|
|t:|1757718287
|switch|p1a: Sinistcha|Sinistcha, L50|100/100
|turn|2
|
|t:|1757718296
|switch|p1b: Ninetales|Ninetales-Alola, L50, F|100/100
|-weather|Snowscape|[from] ability: Snow Warning|[of] p1b: Ninetales
|-terastallize|p2b: Tyranitar|Grass
|move|p2b: Tyranitar|Knock Off|p1a: Sinistcha
|-supereffective|p1a: Sinistcha
|-damage|p1a: Sinistcha|39/100
|-enditem|p1a: Sinistcha|Sitrus Berry|[from] move: Knock Off|[of] p2b: Tyranitar
|move|p2a: Puppet|Shadow Ball|p1a: Sinistcha
|-supereffective|p1a: Sinistcha
|-damage|p1a: Sinistcha|0 fnt
|faint|p1a: Sinistcha
|
|-weather|Snowscape|[upkeep]
|upkeep
|
|t:|1757718305
|switch|p1a: Klefki|Klefki, L50, M|100/100
|turn|3
|inactive|Latios66 has 30 seconds left.
|
|t:|1757718331
|move|p1a: Klefki|Light Screen|p1a: Klefki
|-sidestart|p1: QrdeJegoMac|move: Light Screen
|move|p1b: Ninetales|Blizzard|p2a: Puppet|[spread] p2a,p2b
|-supereffective|p2a: Puppet
|-supereffective|p2b: Tyranitar
|-damage|p2a: Puppet|36/100
|-damage|p2b: Tyranitar|45/100
|-enditem|p2a: Puppet|Sitrus Berry|[eat]
|-heal|p2a: Puppet|60/100|[from] item: Sitrus Berry
|move|p2b: Tyranitar|Rock Slide|p1a: Klefki|[spread] p1a,p1b
|-resisted|p1a: Klefki
|-supereffective|p1b: Ninetales
|-damage|p1a: Klefki|90/100
|-damage|p1b: Ninetales|63/100
|move|p2a: Puppet|Matcha Gotcha|p1b: Ninetales|[spread] p1a,p1b
|-resisted|p1a: Klefki
|-damage|p1a: Klefki|80/100
|-heal|p2a: Puppet|65/100|[from] drain|[of] p1a: Klefki
|-damage|p1b: Ninetales|41/100
|-heal|p2a: Puppet|75/100|[from] drain|[of] p1b: Ninetales
|
|-weather|Snowscape|[upkeep]
|upkeep
|turn|4
|inactive|Latios66 has 30 seconds left.
|
|t:|1757718359
|move|p2b: Tyranitar|Protect|p2b: Tyranitar
|-singleturn|p2b: Tyranitar|Protect
|move|p1a: Klefki|Misty Terrain|p1a: Klefki
|-fieldstart|move: Misty Terrain
|move|p1b: Ninetales|Blizzard|p2a: Puppet|[spread] p2a
|-activate|p2b: Tyranitar|move: Protect
|-supereffective|p2a: Puppet
|-damage|p2a: Puppet|13/100
|move|p2a: Puppet|Matcha Gotcha|p1b: Ninetales|[spread] p1a,p1b
|-resisted|p1a: Klefki
|-damage|p1a: Klefki|72/100
|-heal|p2a: Puppet|17/100|[from] drain|[of] p1a: Klefki
|-damage|p1b: Ninetales|19/100
|-heal|p2a: Puppet|26/100|[from] drain|[of] p1b: Ninetales
|
|-weather|Snowscape|[upkeep]
|upkeep
|turn|5
|inactive|Latios66 has 30 seconds left.
|
|t:|1757718391
|switch|p2b: Salamence|Salamence, L50, M|100/100
|-ability|p2b: Salamence|Intimidate|boost
|-unboost|p1a: Klefki|atk|1
|-unboost|p1b: Ninetales|atk|1
|move|p2a: Puppet|Protect|p2a: Puppet
|-singleturn|p2a: Puppet|Protect
|move|p1b: Ninetales|Blizzard|p2b: Salamence|[spread] p2b
|-activate|p2a: Puppet|move: Protect
|-supereffective|p2b: Salamence
|-damage|p2b: Salamence|0 fnt
|faint|p2b: Salamence
|move|p1a: Klefki|Dazzling Gleam|p2a: Puppet
|-activate|p2a: Puppet|move: Protect
|
|-weather|Snowscape|[upkeep]
|upkeep
|
|t:|1757718402
|switch|p2b: Excadrill|Excadrill, L50, M|100/100
|turn|6
|
|t:|1757718411
|switch|p2a: Tyranitar|Tyranitar, L50, M, tera:Grass|45/100
|-weather|Sandstorm|[from] ability: Sand Stream|[of] p2a: Tyranitar
|move|p1b: Ninetales|Protect|p1b: Ninetales
|-singleturn|p1b: Ninetales|Protect
|move|p2b: Excadrill|Earthquake|p1a: Klefki|[spread] p2a,p1a
|-activate|p1b: Ninetales|move: Protect
|-resisted|p2a: Tyranitar
|-supereffective|p1a: Klefki
|-damage|p2a: Tyranitar|25/100
|-damage|p1a: Klefki|15/100
|move|p1a: Klefki|Dazzling Gleam|p2b: Excadrill|[spread] p2a,p2b
|-resisted|p2b: Excadrill
|-damage|p2a: Tyranitar|7/100
|-damage|p2b: Excadrill|93/100
|
|-weather|Sandstorm|[upkeep]
|-damage|p1b: Ninetales|13/100|[from] Sandstorm
|-damage|p2a: Tyranitar|0 fnt|[from] Sandstorm
|faint|p2a: Tyranitar
|upkeep
|
|t:|1757718419
|switch|p2a: Puppet|Sinistcha-Masterpiece, L50|26/100
|-heal|p2b: Excadrill|100/100|[from] ability: Hospitality|[of] p2a: Puppet
|turn|7
|
|t:|1757718428
|-terastallize|p1b: Ninetales|Ghost
|move|p2a: Puppet|Rage Powder|p2a: Puppet
|-singleturn|p2a: Puppet|move: Rage Powder
|move|p1a: Klefki|Reflect||[still]
|-fail|p1a: Klefki
|move|p2b: Excadrill|Earthquake|p1b: Ninetales|[spread] p2a,p1a,p1b
|-resisted|p2a: Puppet
|-supereffective|p1a: Klefki
|-damage|p2a: Puppet|4/100
|-damage|p1a: Klefki|0 fnt
|-damage|p1b: Ninetales|0 fnt
|faint|p1a: Klefki
|faint|p1b: Ninetales
|
|win|Latios66
||QrdeJegoMac is ready for game 2.
