|j|☆raichew2
|j|☆p3ds
|html|raichew2p3ds    
|uhtml|bestof|Game 2 of a best-of-3
|t:|1784923512
|gametype|doubles
|player|p1|raichew2|169|
|player|p2|p3ds|alec-anime|
|gen|9
|tier|[Gen 9 Champions] VGC 2026 Reg M-B (Bo3)
|rule|Species Clause: Limit one of each Pokémon
|rule|Item Clause: Limit 1 of each item
|clearpoke
|poke|p1|Gardevoir, L50, F|
|poke|p1|Maushold-Four, L50|
|poke|p1|Kingambit, L50, M|
|poke|p1|Garchomp, L50, M|
|poke|p1|Talonflame, L50, F|
|poke|p1|Basculegion, L50, M|
|poke|p2|Gengar, L50, M|
|poke|p2|Archaludon, L50, F|
|poke|p2|Politoed, L50, M, shiny|
|poke|p2|Swampert, L50, M|
|poke|p2|Vivillon-Continental, L50, M|
|poke|p2|Incineroar, L50, M|
|teampreview|4
|showteam|p1|Gardevoir||Gardevoirite|Trace|HyperVoice,Psyshock,VacuumWave,Protect|Modest||F|||50|]Maushold-Four||FocusSash|FriendGuard|SuperFang,Taunt,FollowMe,Protect|Timid|||||50|]Kingambit||BlackGlasses|Defiant|KowtowCleave,Protect,SuckerPunch,IronHead|Adamant||M|||50|]Garchomp||LifeOrb|RoughSkin|DragonClaw,Earthquake,RockSlide,Protect|Jolly||M|||50|]Talonflame||SharpBeak|GaleWings|QuickGuard,Protect,Tailwind,BraveBird|Jolly||F|||50|]Basculegion||ChoiceScarf|Adaptability|WaveCrash,AquaJet,FlipTurn,LastRespects|Jolly||M|||50|
|showteam|p2|Gengar||Gengarite|CursedBody|ShadowBall,SludgeBomb,PerishSong,Protect|Modest||M|||50|]Archaludon||Leftovers|Stamina|ElectroShot,DragonPulse,FlashCannon,Protect|Bold||F|||50|]Politoed||SitrusBerry|Drizzle|WeatherBall,Hypnosis,PerishSong,Protect|Calm||M|||50|]Swampert||Swampertite|Torrent|WaveCrash,Earthquake,IcePunch,Protect|Adamant||M|||50|]Vivillon-Continental||FocusSash|CompoundEyes|Hurricane,SleepPowder,RagePowder,Protect|Timid||M|||50|]Incineroar||PasshoBerry|Intimidate|ThroatChop,FakeOut,PartingShot,Protect|Impish||M|||50|
|j| monsoonisbest
|j| JackWhiteVGC
|j| JonoDisneyPlus
|j| Autumnal Rein
|j| Arkanine4
|j| splash2ndcousin
|j| runeking6573
|j| RadiantSteelix
|l| Arkanine4
|j| jpievgc
|j| 2cake
|
|t:|1784923579
|teamsize|p1|4
|teamsize|p2|4
|start
|switch|p1a: Maushold|Maushold-Four, L50|100/100
|switch|p1b: Gardevoir|Gardevoir, L50, F|100/100
|switch|p2a: Aqua|Politoed, L50, M, shiny|100/100
|switch|p2b: Blue|Swampert, L50, M|100/100
|-ability|p1b: Gardevoir|Torrent|Trace|[from] ability: Trace|[of] p2b: Blue
|-weather|RainDance|[from] ability: Drizzle|[of] p2a: Aqua
|turn|1
|j| Arkanine4
|
|t:|1784923618
|switch|p2a: Yellow|Vivillon-Continental, L50, M|100/100
|detailschange|p1b: Gardevoir|Gardevoir-Mega, L50, F
|-mega|p1b: Gardevoir|Gardevoir|Gardevoirite
|detailschange|p2b: Blue|Swampert-Mega, L50, M
|-mega|p2b: Blue|Swampert|Swampertite
|move|p1a: Maushold|Follow Me|p1a: Maushold
|-singleturn|p1a: Maushold|move: Follow Me
|move|p2b: Blue|Wave Crash|p1a: Maushold
|-enditem|p1a: Maushold|Focus Sash
|-damage|p1a: Maushold|1/100
|-damage|p2b: Blue|66/100|[from] Recoil
|move|p1b: Gardevoir|Hyper Voice|p2b: Blue|[spread] p2a,p2b
|-enditem|p2a: Yellow|Focus Sash
|-damage|p2a: Yellow|1/100
|-damage|p2b: Blue|19/100
|
|-weather|RainDance|[upkeep]
|upkeep
|turn|2
|
|t:|1784923651
|move|p2a: Yellow|Protect|p2a: Yellow
|-singleturn|p2a: Yellow|Protect
|move|p1a: Maushold|Follow Me|p1a: Maushold
|-singleturn|p1a: Maushold|move: Follow Me
|move|p1b: Gardevoir|Vacuum Wave|p2a: Yellow
|-activate|p2a: Yellow|move: Protect
|move|p2b: Blue|Earthquake|p1a: Maushold|[spread] p1a,p1b
|-activate|p2a: Yellow|move: Protect
|-damage|p1a: Maushold|0 fnt
|-damage|p1b: Gardevoir|41/100
|faint|p1a: Maushold
|
|-weather|RainDance|[upkeep]
|upkeep
|
|t:|1784923663
|switch|p1a: Talonflame|Talonflame, L50, F|100/100
|turn|3
|
|t:|1784923681
|move|p1a: Talonflame|Tailwind|p1a: Talonflame
|-sidestart|p1: raichew2|move: Tailwind
|move|p1b: Gardevoir|Hyper Voice|p2a: Yellow|[spread] p2a,p2b
|-damage|p2a: Yellow|0 fnt
|-damage|p2b: Blue|0 fnt
|faint|p2a: Yellow
|faint|p2b: Blue
|
|-weather|RainDance|[upkeep]
|upkeep
|
|t:|1784923685
|switch|p2a: Flowery|Archaludon, L50, F|100/100
|switch|p2b: Aqua|Politoed, L50, M, shiny|100/100
|turn|4
|
|t:|1784923712
|move|p1a: Talonflame|Protect|p1a: Talonflame
|-singleturn|p1a: Talonflame|Protect
|move|p1b: Gardevoir|Hyper Voice|p2a: Flowery|[spread] p2a,p2b
|-damage|p2a: Flowery|49/100
|-damage|p2b: Aqua|58/100
|-ability|p2a: Flowery|Stamina|boost
|-boost|p2a: Flowery|def|1
|move|p2a: Flowery|Flash Cannon|p1b: Gardevoir
|-supereffective|p1b: Gardevoir|1
|-damage|p1b: Gardevoir|0 fnt
|faint|p1b: Gardevoir
|move|p2b: Aqua|Weather Ball|p1a: Talonflame
|-activate|p1a: Talonflame|move: Protect
|
|-weather|RainDance|[upkeep]
|-heal|p2a: Flowery|55/100|[from] item: Leftovers
|upkeep
|
|t:|1784923725
|switch|p1b: Garchomp|Garchomp, L50, M|100/100
|turn|5
|
|t:|1784923742
|move|p2b: Aqua|Protect|p2b: Aqua
|-singleturn|p2b: Aqua|Protect
|move|p1a: Talonflame|Brave Bird|p2b: Aqua
|-activate|p2b: Aqua|move: Protect
|move|p1b: Garchomp|Earthquake|p2b: Aqua|[spread] p2a
|-activate|p2b: Aqua|move: Protect
|-immune|p1a: Talonflame
|-supereffective|p2a: Flowery|1
|-damage|p2a: Flowery|11/100
|-ability|p2a: Flowery|Stamina|boost
|-boost|p2a: Flowery|def|1
|-damage|p1b: Garchomp|90/100|[from] item: Life Orb
|move|p2a: Flowery|Dragon Pulse|p1b: Garchomp
|-supereffective|p1b: Garchomp|1
|-damage|p1b: Garchomp|8/100
|
|-weather|none
|-heal|p2a: Flowery|17/100|[from] item: Leftovers
|upkeep
|turn|6
|
|t:|1784923772
|move|p1b: Garchomp|Protect|p1b: Garchomp
|-singleturn|p1b: Garchomp|Protect
|move|p2a: Flowery|Protect|p2a: Flowery
|-singleturn|p2a: Flowery|Protect
|move|p1a: Talonflame|Brave Bird|p2b: Aqua
|-damage|p2b: Aqua|7/100
|-enditem|p2b: Aqua|Sitrus Berry|[eat]
|-heal|p2b: Aqua|32/100|[from] item: Sitrus Berry
|-damage|p1a: Talonflame|78/100|[from] Recoil
|move|p2b: Aqua|Weather Ball|p1b: Garchomp
|-activate|p1b: Garchomp|move: Protect
|
|-heal|p2a: Flowery|23/100|[from] item: Leftovers
|-sideend|p1: raichew2|move: Tailwind
|upkeep
|turn|7
|j| teslobo
|
|t:|1784923826
|move|p2a: Flowery|Protect||[still]
|-fail|p2a: Flowery
|move|p1a: Talonflame|Brave Bird|p2b: Aqua
|-damage|p2b: Aqua|0 fnt
|faint|p2b: Aqua
|-damage|p1a: Talonflame|65/100|[from] Recoil
|move|p1b: Garchomp|Earthquake|p2a: Flowery|[spread] p2a
|-immune|p1a: Talonflame
|-supereffective|p2a: Flowery|1
|-damage|p2a: Flowery|0 fnt
|faint|p2a: Flowery
|-damage|p1b: Garchomp|0 fnt|[from] item: Life Orb
|faint|p1b: Garchomp
|
|win|raichew2
|j| MrGardnHose
||p3ds is ready for game 3.
|l|☆raichew2
|player|p1|
||raichew2 is ready for game 3.
|uhtml|next|Next: Game 3 of 3
|j| Therazer456
|l| Therazer456
|l| 2cake
|l| JackWhiteVGC
|l| MrGardnHose
|l| Arkanine4
|l| runeking6573
|l| jpievgc
|l| splash2ndcousin
|j|☆raichew2
|player|p1|raichew2|169|
|l| monsoonisbest
