|j|☆tizio20
|j|☆Tussicaria
|html|tizio20Tussicaria    
|uhtml|bestof|Game 1 of a best-of-3
|t:|1785344665
|gametype|doubles
|player|p1|tizio20|169|
|player|p2|Tussicaria|dawn|
|gen|9
|tier|[Gen 9 Champions] VGC 2026 Reg M-B (Bo3)
|rule|Species Clause: Limit one of each Pokémon
|rule|Item Clause: Limit 1 of each item
|clearpoke
|poke|p1|Blastoise, L50, F|
|poke|p1|Delphox, L50, M|
|poke|p1|Incineroar, L50, M|
|poke|p1|Sneasler, L50, M|
|poke|p1|Sinistcha, L50|
|poke|p1|Kingambit, L50, M|
|poke|p2|Chandelure, L50, M|
|poke|p2|Garchomp, L50, F|
|poke|p2|Raichu, L50, M|
|poke|p2|Whimsicott, L50, M|
|poke|p2|Grimmsnarl, L50, M|
|poke|p2|Corviknight, L50, F|
|teampreview|4
|showteam|p1|Blastoise||Blastoisinite|RainDish|WaterSpout,DarkPulse,ShellSmash,Protect|Modest||F|||50|]Delphox||Delphoxite|Blaze|HeatWave,Psyshock,NastyPlot,Protect|Modest||M|||50|]Incineroar||SitrusBerry|Intimidate|FakeOut,FlareBlitz,HelpingHand,PartingShot|Careful||M|||50|]Sneasler||FocusSash|PoisonTouch|PoisonJab,CloseCombat,FakeOut,QuickGuard|Jolly||M|||50|]Sinistcha||KasibBerry|Hospitality|MatchaGotcha,RagePowder,TrickRoom,Protect|Bold|||||50|]Kingambit||BlackGlasses|Defiant|KowtowCleave,SuckerPunch,SwordsDance,Protect|Adamant||M|||50|
|showteam|p2|Chandelure||Chandelurite|FlashFire|DarkPulse,HeatWave,ShadowBall,Protect|Modest||M|||50|]Garchomp||LifeOrb|RoughSkin|Earthquake,RockSlide,DragonClaw,Protect|Jolly||F|||50|]Raichu||RaichuniteY|LightningRod|ZapCannon,FocusBlast,Protect,FakeOut|Timid||M|||50|]Whimsicott||FocusSash|Prankster|GigaDrain,Tailwind,Protect,Moonblast|Timid||M|||50|]Grimmsnarl||LightClay|Prankster|LightScreen,PartingShot,SpiritBreak,Reflect|Impish||M|||50|]Corviknight||Leftovers|MirrorArmor|BodyPress,IronHead,IronDefense,Protect|Careful||F|||50|
|c|☆tizio20|glhf
|inactive|Battle timer is ON: inactive players will automatically lose when time's up. (requested by tizio20)
|c|☆Tussicaria|Hey
|c|☆tizio20|hallo
|
|t:|1785344696
|teamsize|p1|4
|teamsize|p2|4
|start
|switch|p1a: Delphox|Delphox, L50, M|100/100
|switch|p1b: Incineroar|Incineroar, L50, M|100/100
|switch|p2a: Raichu|Raichu, L50, M|100/100
|switch|p2b: Grimmsnarl|Grimmsnarl, L50, M|100/100
|-ability|p1b: Incineroar|Intimidate|boost
|-unboost|p2a: Raichu|atk|1
|-unboost|p2b: Grimmsnarl|atk|1
|turn|1
|inactive|tizio20 has 30 seconds left.
|inactive|Tussicaria has 30 seconds left.
|
|t:|1785344725
|detailschange|p1a: Delphox|Delphox-Mega, L50, M
|-mega|p1a: Delphox|Delphox|Delphoxite
|move|p2a: Raichu|Fake Out|p1a: Delphox
|-damage|p1a: Delphox|93/100
|move|p1b: Incineroar|Fake Out|p2a: Raichu
|-damage|p2a: Raichu|86/100
|move|p2b: Grimmsnarl|Light Screen|p2b: Grimmsnarl
|-sidestart|p2: Tussicaria|move: Light Screen
|cant|p1a: Delphox|flinch
|
|upkeep
|turn|2
|inactive|Tussicaria has 30 seconds left.
|
|t:|1785344751
|move|p1a: Delphox|Protect|p1a: Delphox
|-singleturn|p1a: Delphox|Protect
|move|p2b: Grimmsnarl|Reflect|p2b: Grimmsnarl
|-sidestart|p2: Tussicaria|Reflect
|move|p2a: Raichu|Zap Cannon|p1a: Delphox
|-activate|p1a: Delphox|move: Protect
|move|p1b: Incineroar|Parting Shot|p2a: Raichu
|-unboost|p2a: Raichu|atk|1
|-unboost|p2a: Raichu|spa|1
|
|t:|1785344761
|switch|p1b: Sneasler|Sneasler, L50, M|100/100|[from] Parting Shot
|
|upkeep
|turn|3
|inactive|Tussicaria has 30 seconds left.
|inactive|Tussicaria has 20 seconds left.
|
|t:|1785344797
|detailschange|p2a: Raichu|Raichu-Mega-Y, L50, M
|-mega|p2a: Raichu|Raichu|Raichunite Y
|move|p1b: Sneasler|Fake Out|p2a: Raichu
|-damage|p2a: Raichu|74/100
|-status|p2a: Raichu|psn|[from] ability: Poison Touch|[of] p1b: Sneasler
|move|p2b: Grimmsnarl|Parting Shot|p1a: Delphox
|-unboost|p1a: Delphox|atk|1
|-unboost|p1a: Delphox|spa|1
|
|t:|1785344805
|switch|p2b: Corviknight|Corviknight, L50, F|100/100|[from] Parting Shot
|move|p1a: Delphox|Nasty Plot|p1a: Delphox
|-boost|p1a: Delphox|spa|2
|cant|p2a: Raichu|flinch
|
|-damage|p2a: Raichu|61/100 psn|[from] psn
|upkeep
|turn|4
|inactive|Tussicaria has 30 seconds left.
|
|t:|1785344831
|switch|p1b: Incineroar|Incineroar, L50, M|100/100
|-ability|p1b: Incineroar|Intimidate|boost
|-unboost|p2a: Raichu|atk|1
|-ability|p2b: Corviknight|Mirror Armor
|-unboost|p1b: Incineroar|atk|1
|move|p1a: Delphox|Protect|p1a: Delphox
|-singleturn|p1a: Delphox|Protect
|move|p2a: Raichu|Zap Cannon|p1a: Delphox
|-activate|p1a: Delphox|move: Protect
|move|p2b: Corviknight|Iron Head|p1b: Incineroar
|-resisted|p1b: Incineroar|1
|-damage|p1b: Incineroar|87/100
|
|-damage|p2a: Raichu|49/100 psn|[from] psn
|upkeep
|turn|5
|
|t:|1785344853
|switch|p2b: Grimmsnarl|Grimmsnarl, L50, M|100/100
|move|p2a: Raichu|Protect|p2a: Raichu
|-singleturn|p2a: Raichu|Protect
|move|p1b: Incineroar|Fake Out|p2a: Raichu
|-activate|p2a: Raichu|move: Protect
|move|p1a: Delphox|Heat Wave|p2b: Grimmsnarl|[spread] p2b
|-activate|p2a: Raichu|move: Protect
|-damage|p2b: Grimmsnarl|57/100
|-status|p2b: Grimmsnarl|brn
|
|-damage|p2a: Raichu|37/100 psn|[from] psn
|-damage|p2b: Grimmsnarl|51/100 brn|[from] brn
|upkeep
|turn|6
|inactive|Tussicaria has 30 seconds left.
|
|t:|1785344880
|switch|p1b: Sinistcha|Sinistcha, L50|100/100
|-heal|p1a: Delphox|100/100|[from] ability: Hospitality|[of] p1b: Sinistcha
|move|p1a: Delphox|Protect|p1a: Delphox
|-singleturn|p1a: Delphox|Protect
|move|p2a: Raichu|Focus Blast|p1b: Sinistcha
|-immune|p1b: Sinistcha
|move|p2b: Grimmsnarl|Spirit Break|p1b: Sinistcha
|-damage|p1b: Sinistcha|86/100
|-unboost|p1b: Sinistcha|spa|1
|
|-damage|p2a: Raichu|25/100 psn|[from] psn
|-damage|p2b: Grimmsnarl|44/100 brn|[from] brn
|upkeep
|turn|7
|
|t:|1785344904
|move|p1b: Sinistcha|Rage Powder|p1b: Sinistcha
|-singleturn|p1b: Sinistcha|move: Rage Powder
|move|p2b: Grimmsnarl|Parting Shot|p1b: Sinistcha
|-unboost|p1b: Sinistcha|atk|1
|-unboost|p1b: Sinistcha|spa|1
|
|t:|1785344913
|switch|p2b: Whimsicott|Whimsicott, L50, M|100/100|[from] Parting Shot
|move|p1a: Delphox|Heat Wave|p2b: Whimsicott|[spread] p2a,p2b
|-crit|p2a: Raichu
|-supereffective|p2b: Whimsicott|1
|-damage|p2a: Raichu|0 fnt
|-enditem|p2b: Whimsicott|Focus Sash
|-damage|p2b: Whimsicott|1/100
|faint|p2a: Raichu
|
|upkeep
|
|t:|1785344923
|switch|p2a: Corviknight|Corviknight, L50, F|100/100
|turn|8
|c|☆tizio20|nice crit for me
|
|t:|1785344941
|switch|p1b: Sneasler|Sneasler, L50, M|100/100
|move|p2b: Whimsicott|Tailwind|p2b: Whimsicott
|-sidestart|p2: Tussicaria|move: Tailwind
|move|p1a: Delphox|Heat Wave|p2a: Corviknight|[spread] p2a,p2b
|-supereffective|p2a: Corviknight|1
|-supereffective|p2b: Whimsicott|1
|-damage|p2a: Corviknight|43/100
|-damage|p2b: Whimsicott|0 fnt
|-status|p2a: Corviknight|brn
|faint|p2b: Whimsicott
|move|p2a: Corviknight|Iron Head|p1b: Sneasler
|-damage|p1b: Sneasler|78/100
|
|-heal|p2a: Corviknight|49/100 brn|[from] item: Leftovers
|-damage|p2a: Corviknight|43/100 brn|[from] brn
|-sideend|p2: Tussicaria|move: Light Screen
|upkeep
|
|t:|1785344955
|switch|p2b: Grimmsnarl|Grimmsnarl, L50, M|44/100 brn
|turn|9
|c|☆tizio20|sorry for the double burn
|
|t:|1785344972
|move|p1b: Sneasler|Fake Out|p2b: Grimmsnarl
|-damage|p2b: Grimmsnarl|37/100 brn
|cant|p2b: Grimmsnarl|flinch
|move|p1a: Delphox|Heat Wave|p2a: Corviknight|[spread] p2a,p2b
|-supereffective|p2a: Corviknight|1
|-damage|p2a: Corviknight|0 fnt
|-damage|p2b: Grimmsnarl|0 fnt
|faint|p2a: Corviknight
|faint|p2b: Grimmsnarl
|
|win|tizio20
||tizio20 is ready for game 2.
|inactive|Tussicaria has 30 seconds to confirm battle start!
|c|☆Tussicaria|:(
||Tussicaria is ready for game 2.
|uhtml|next|Next: Game 2 of 3
|l|☆Tussicaria
|player|p2|
|l|☆tizio20
|player|p1|
|j|☆tizio20
|player|p1|tizio20|169|
