|j|☆aeoe
|j|☆Scrambledegg62
|html|aeoeScrambledegg62    
|uhtml|bestof|Game 1 of a best-of-3
|t:|1782190790
|gametype|doubles
|player|p1|aeoe|cheren-gen5bw2|1000
|player|p2|Scrambledegg62|lance|1058
|gen|9
|tier|[Gen 9 Champions] VGC 2026 Reg M-B (Bo3)
|rated|
|rule|Species Clause: Limit one of each Pokémon
|rule|Item Clause: Limit 1 of each item
|clearpoke
|poke|p1|Staraptor, L50, F|
|poke|p1|Whimsicott, L50, M|
|poke|p1|Incineroar, L50, F|
|poke|p1|Archaludon, L50, M|
|poke|p1|Pelipper, L50, M|
|poke|p1|Raichu, L50, F|
|poke|p2|Pyroar, L50, M, shiny|
|poke|p2|Gallade, L50, M|
|poke|p2|Farigiraf, L50, F, shiny|
|poke|p2|Kangaskhan, L50, F, shiny|
|poke|p2|Torkoal, L50, M, shiny|
|poke|p2|Mawile, L50, F|
|teampreview|4
|showteam|p1|Staraptor||Staraptite|Intimidate|CloseCombat,BraveBird,Roost,Protect|Adamant||F|||50|]Whimsicott||FocusSash|Prankster|Charm,Taunt,Tailwind,WorrySeed|Bold||M|||50|]Incineroar||Leftovers|Intimidate|FakeOut,DrainPunch,LeechLife,Protect|Adamant||F|||50|]Archaludon||Magnet|Stamina|ElectroShot,FlashCannon,DragonPulse,Protect|Timid||M|||50|]Pelipper||QuickClaw|Drizzle|KnockOff,Protect,Uturn,Surf|Relaxed||M|||50|]Raichu||RaichuniteX|Static|VoltTackle,DrainPunch,Trailblaze,Protect|Jolly||F|||50|
|showteam|p2|Pyroar||Pyroarite|Unnerve|Overheat,HeatWave,SolarBeam,Protect|Timid||M|||50|]Gallade||IronBall|Sharpness|SacredSword,PsychoCut,LeafBlade,TrickRoom|Brave||M|||50|]Farigiraf||ColburBerry|ArmorTail|TrickRoom,HelpingHand,PsychicFangs,Thunderbolt|Relaxed||F|||50|]Kangaskhan||LifeOrb|Scrappy|FakeOut,DoubleEdge,CircleThrow,HammerArm|Brave||F|||50|]Torkoal||Charcoal|Drought|Eruption,WeatherBall,EarthPower,Protect|Quiet||M|||50|]Mawile||Mawilite|Intimidate|IronHead,PlayRough,SuckerPunch,StoneEdge|Brave||F|||50|
|inactive|Battle timer is ON: inactive players will automatically lose when time's up. (requested by Scrambledegg62)
|
|t:|1782190808
|teamsize|p1|4
|teamsize|p2|4
|start
|switch|p1a: Pelipper|Pelipper, L50, M|100/100
|switch|p1b: Archaludon|Archaludon, L50, M|100/100
|switch|p2a: Roo|Kangaskhan, L50, F, shiny|100/100
|switch|p2b: Melman|Farigiraf, L50, F, shiny|100/100
|-weather|RainDance|[from] ability: Drizzle|[of] p1a: Pelipper
|turn|1
|
|t:|1782190827
|move|p2a: Roo|Fake Out|p1b: Archaludon
|-resisted|p1b: Archaludon|1
|-damage|p1b: Archaludon|89/100
|-ability|p1b: Archaludon|Stamina|boost
|-boost|p1b: Archaludon|def|1
|-damage|p2a: Roo|90/100|[from] item: Life Orb
|cant|p1b: Archaludon|flinch
|move|p1a: Pelipper|U-turn|p2b: Melman
|-supereffective|p2b: Melman|1
|-damage|p2b: Melman|84/100
|
|t:|1782190838
|switch|p1a: Whimsicott|Whimsicott, L50, M|100/100|[from] U-turn
|move|p2b: Melman|Trick Room|p2b: Melman
|-fieldstart|move: Trick Room|[of] p2b: Melman
|
|-weather|RainDance|[upkeep]
|upkeep
|turn|2
|
|t:|1782190860
|move|p1a: Whimsicott|Worry Seed||[still]
|cant|p2b: Melman|ability: Armor Tail|Worry Seed|[of] p1a: Whimsicott
|move|p2b: Melman|Thunderbolt|p1a: Whimsicott
|-resisted|p1a: Whimsicott|1
|-damage|p1a: Whimsicott|83/100
|move|p2a: Roo|Double-Edge|p1a: Whimsicott
|-damage|p1a: Whimsicott|20/100y
|-damage|p2a: Roo|73/100|[from] Recoil
|-damage|p2a: Roo|63/100|[from] item: Life Orb
|move|p1b: Archaludon|Electro Shot||[still]
|-prepare|p1b: Archaludon|Electro Shot
|-boost|p1b: Archaludon|spa|1
|-anim|p1b: Archaludon|Electro Shot|p2b: Melman
|-damage|p2b: Melman|9/100
|
|-weather|RainDance|[upkeep]
|upkeep
|turn|3
|inactive|aeoe has 30 seconds left.
|
|t:|1782190885
|move|p1a: Whimsicott|Tailwind|p1a: Whimsicott
|-sidestart|p1: aeoe|move: Tailwind
|move|p2b: Melman|Psychic Fangs|p1a: Whimsicott
|-crit|p1a: Whimsicott
|-damage|p1a: Whimsicott|0 fnt
|faint|p1a: Whimsicott
|move|p2a: Roo|Double-Edge|p1b: Archaludon
|-resisted|p1b: Archaludon|1
|-crit|p1b: Archaludon
|-damage|p1b: Archaludon|44/100
|-ability|p1b: Archaludon|Stamina|boost
|-boost|p1b: Archaludon|def|1
|-damage|p2a: Roo|52/100|[from] Recoil
|-damage|p2a: Roo|42/100|[from] item: Life Orb
|move|p1b: Archaludon|Electro Shot||[still]
|-prepare|p1b: Archaludon|Electro Shot
|-boost|p1b: Archaludon|spa|1
|-anim|p1b: Archaludon|Electro Shot|p2b: Melman
|-damage|p2b: Melman|0 fnt
|faint|p2b: Melman
|
|-weather|RainDance|[upkeep]
|upkeep
|
|t:|1782190906
|switch|p2b: Shredder|Gallade, L50, M|100/100
|switch|p1a: Pelipper|Pelipper, L50, M|100/100
|turn|4
|
|t:|1782190918
|move|p2b: Shredder|Sacred Sword|p1b: Archaludon
|-supereffective|p1b: Archaludon|1
|-damage|p1b: Archaludon|0 fnt
|faint|p1b: Archaludon
|move|p2a: Roo|Double-Edge|p1a: Pelipper
|-damage|p1a: Pelipper|45/100
|-damage|p2a: Roo|28/100|[from] Recoil
|-damage|p2a: Roo|18/100|[from] item: Life Orb
|move|p1a: Pelipper|Surf|p2b: Shredder|[spread] p2a,p2b
|-damage|p2a: Roo|0 fnt
|-damage|p2b: Shredder|67/100
|faint|p2a: Roo
|
|-weather|RainDance|[upkeep]
|upkeep
|
|t:|1782190933
|switch|p2a: Crush|Torkoal, L50, M, shiny|100/100
|switch|p1b: Staraptor|Staraptor, L50, F|100/100
|-weather|SunnyDay|[from] ability: Drought|[of] p2a: Crush
|-ability|p1b: Staraptor|Intimidate|boost
|-unboost|p2a: Crush|atk|1
|-unboost|p2b: Shredder|atk|1
|turn|5
|
|t:|1782190954
|move|p1a: Pelipper|Protect|p1a: Pelipper
|-singleturn|p1a: Pelipper|Protect
|move|p1b: Staraptor|Protect|p1b: Staraptor
|-singleturn|p1b: Staraptor|Protect
|move|p2a: Crush|Eruption|p1b: Staraptor|[spread] 
|-activate|p1a: Pelipper|move: Protect
|-activate|p1b: Staraptor|move: Protect
|move|p2b: Shredder|Psycho Cut|p1b: Staraptor
|-activate|p1b: Staraptor|move: Protect
|
|-weather|SunnyDay|[upkeep]
|-fieldend|move: Trick Room
|upkeep
|turn|6
|
|t:|1782190977
|move|p1b: Staraptor|Brave Bird|p2b: Shredder
|-supereffective|p2b: Shredder|1
|-damage|p2b: Shredder|0 fnt
|faint|p2b: Shredder
|-damage|p1b: Staraptor|79/100|[from] Recoil
|move|p1a: Pelipper|Knock Off|p2a: Crush
|-damage|p2a: Crush|89/100
|-enditem|p2a: Crush|Charcoal|[from] move: Knock Off|[of] p1a: Pelipper
|move|p2a: Crush|Weather Ball|p1b: Staraptor
|-damage|p1b: Staraptor|0 fnt
|faint|p1b: Staraptor
|
|-weather|SunnyDay|[upkeep]
|-sideend|p1: aeoe|move: Tailwind
|upkeep
|turn|7
|
|t:|1782190996
|move|p1a: Pelipper|Surf|p2a: Crush
|-supereffective|p2a: Crush|1
|-damage|p2a: Crush|51/100
|move|p2a: Crush|Weather Ball|p1a: Pelipper
|-resisted|p1a: Pelipper|1
|-damage|p1a: Pelipper|0 fnt
|faint|p1a: Pelipper
|
|win|Scrambledegg62
||Scrambledegg62 is ready for game 2.
|inactive|aeoe has 30 seconds to confirm battle start!
|inactive|aeoe has 20 seconds to confirm battle start!
|inactive|aeoe has 10 seconds to confirm battle start!
