|j|☆Djuseppe
|j|☆WowieKazowee
|html|DjuseppeWowieKazowee    
|uhtml|bestof|Game 1 of a best-of-3
|t:|1757151238
|gametype|doubles
|player|p1|Djuseppe|morty|1127
|player|p2|WowieKazowee|idol|1047
|gen|9
|tier|[Gen 9] VGC 2025 Reg H (Bo3)
|rated|
|rule|Species Clause: Limit one of each Pokémon
|rule|Item Clause: Limit 1 of each item
|clearpoke
|poke|p1|Gholdengo, L50|
|poke|p1|Ninetales-Alola, L50, F|
|poke|p1|Incineroar, L50, M|
|poke|p1|Rillaboom, L50, M|
|poke|p1|Ursaluna-Bloodmoon, L50, M|
|poke|p1|Whimsicott, L50, M|
|poke|p2|Pelipper, L50, F|
|poke|p2|Archaludon, L50, M|
|poke|p2|Basculegion, L50, M|
|poke|p2|Ursaluna, L50, F|
|poke|p2|Sinistcha, L50|
|poke|p2|Ditto, L50|
|teampreview|4
|showteam|p1|Gholdengo||GrassySeed|GoodasGold|MakeItRain,ShadowBall,NastyPlot,Protect||||||50|,,,,,Water]Ninetales-Alola||LightClay|SnowWarning|AuroraVeil,FreezeDry,IcyWind,Encore|||F|||50|,,,,,Fire]Incineroar||AssaultVest|Intimidate|FakeOut,Uturn,KnockOff,Snarl|||M|||50|,,,,,Bug]Rillaboom||MiracleSeed|GrassySurge|WoodHammer,GrassyGlide,Uturn,FakeOut|||M|||50|,,,,,Fire]Ursaluna-Bloodmoon||LifeOrb|MindsEye|BloodMoon,HyperVoice,EarthPower,Protect|||M|||50|,,,,,Normal]Whimsicott||CovertCloak|Prankster|Moonblast,Tailwind,Encore,FakeTears|||M|||50|,,,,,Grass
|showteam|p2|Pelipper||FocusSash|Drizzle|WeatherBall,Hurricane,RainDance,WideGuard|||F|||50|,,,,,Ghost]Archaludon||AssaultVest|Stamina|ElectroShot,DracoMeteor,FlashCannon,BodyPress|||M|||50|,,,,,Grass]Basculegion||MysticWater|SwiftSwim|WaveCrash,LastRespects,AquaJet,Protect|||M|||50|,,,,,Water]Ursaluna||FlameOrb|Guts|Facade,HeadlongRush,SwordsDance,Protect|||F|||50|,,,,,Ghost]Sinistcha||SitrusBerry|Hospitality|MatchaGotcha,NastyPlot,TrickRoom,RagePowder||||||50|,,,,,Water]Ditto||MirrorHerb|Imposter|Transform||||||50|,,,,,Fairy
|inactive|Battle timer is ON: inactive players will automatically lose when time's up. (requested by Djuseppe)
|
|t:|1757151256
|teamsize|p1|4
|teamsize|p2|4
|start
|switch|p1a: Ursaluna|Ursaluna-Bloodmoon, L50, M|100/100
|switch|p1b: Whimsicott|Whimsicott, L50, M|100/100
|switch|p2a: Ursaluna|Ursaluna, L50, F|100/100
|switch|p2b: Sinistcha|Sinistcha, L50|100/100
|turn|1
|inactive|Djuseppe has 30 seconds left.
|inactive|Djuseppe has 20 seconds left.
|
|t:|1757151293
|-terastallize|p1a: Ursaluna|Normal
|move|p1b: Whimsicott|Fake Tears|p2a: Ursaluna
|-unboost|p2a: Ursaluna|spd|2
|move|p1a: Ursaluna|Blood Moon|p2b: Sinistcha
|-damage|p2b: Sinistcha|0 fnt
|faint|p2b: Sinistcha
|-damage|p1a: Ursaluna|91/100|[from] item: Life Orb
|move|p2a: Ursaluna|Swords Dance|p2a: Ursaluna
|-boost|p2a: Ursaluna|atk|2
|
|-status|p2a: Ursaluna|brn|[from] item: Flame Orb
|upkeep
|
|t:|1757151310
|switch|p2b: Pelipper|Pelipper, L50, F|100/100
|-weather|RainDance|[from] ability: Drizzle|[of] p2b: Pelipper
|turn|2
|
|t:|1757151327
|move|p1a: Ursaluna|Protect|p1a: Ursaluna
|-singleturn|p1a: Ursaluna|Protect
|move|p2b: Pelipper|Wide Guard|p2b: Pelipper
|-singleturn|p2b: Pelipper|Wide Guard
|move|p1b: Whimsicott|Tailwind|p1b: Whimsicott
|-sidestart|p1: Djuseppe|move: Tailwind
|move|p2a: Ursaluna|Facade|p1b: Whimsicott
|-damage|p1b: Whimsicott|0 fnt
|faint|p1b: Whimsicott
|
|-weather|RainDance|[upkeep]
|-damage|p2a: Ursaluna|95/100 brn|[from] brn
|upkeep
|
|t:|1757151337
|switch|p1b: Ninetales|Ninetales-Alola, L50, F|100/100
|-weather|Snowscape|[from] ability: Snow Warning|[of] p1b: Ninetales
|turn|3
|
|t:|1757151353
|move|p2a: Ursaluna|Protect|p2a: Ursaluna
|-singleturn|p2a: Ursaluna|Protect
|move|p1b: Ninetales|Freeze-Dry|p2b: Pelipper
|-supereffective|p2b: Pelipper
|-enditem|p2b: Pelipper|Focus Sash
|-damage|p2b: Pelipper|1/100
|-status|p2b: Pelipper|frz
|move|p1a: Ursaluna|Blood Moon|p2a: Ursaluna
|-activate|p2a: Ursaluna|move: Protect
|cant|p2b: Pelipper|frz
|
|-weather|Snowscape|[upkeep]
|-damage|p2a: Ursaluna|89/100 brn|[from] brn
|upkeep
|turn|4
|
|t:|1757151369
|-curestatus|p2b: Pelipper|frz|[msg]
|move|p2b: Pelipper|Wide Guard|p2b: Pelipper
|-singleturn|p2b: Pelipper|Wide Guard
|move|p1b: Ninetales|Freeze-Dry|p2a: Ursaluna
|-supereffective|p2a: Ursaluna
|-damage|p2a: Ursaluna|12/100 brn
|move|p1a: Ursaluna|Hyper Voice|p2b: Pelipper|[spread] 
|-activate|p2a: Ursaluna|move: Wide Guard
|-activate|p2b: Pelipper|move: Wide Guard
|move|p2a: Ursaluna|Facade|p1a: Ursaluna
|-crit|p1a: Ursaluna
|-damage|p1a: Ursaluna|0 fnt
|faint|p1a: Ursaluna
|
|-weather|Snowscape|[upkeep]
|-damage|p2a: Ursaluna|6/100 brn|[from] brn
|upkeep
|
|t:|1757151385
|switch|p1a: Rillaboom|Rillaboom, L50, M|100/100
|-fieldstart|move: Grassy Terrain|[from] ability: Grassy Surge|[of] p1a: Rillaboom
|turn|5
|
|t:|1757151401
|move|p2a: Ursaluna|Protect|p2a: Ursaluna
|-singleturn|p2a: Ursaluna|Protect
|move|p1a: Rillaboom|Fake Out|p2b: Pelipper
|-damage|p2b: Pelipper|0 fnt
|faint|p2b: Pelipper
|move|p1b: Ninetales|Freeze-Dry|p2a: Ursaluna
|-activate|p2a: Ursaluna|move: Protect
|
|-weather|Snowscape|[upkeep]
|-heal|p2a: Ursaluna|12/100 brn|[from] Grassy Terrain
|-damage|p2a: Ursaluna|6/100 brn|[from] brn
|-sideend|p1: Djuseppe|move: Tailwind
|upkeep
|
|t:|1757151411
|switch|p2b: Archaludon|Archaludon, L50, M|100/100
|turn|6
|
|t:|1757151422
|move|p1a: Rillaboom|Grassy Glide|p2a: Ursaluna
|-supereffective|p2a: Ursaluna
|-damage|p2a: Ursaluna|0 fnt
|faint|p2a: Ursaluna
|move|p1b: Ninetales|Aurora Veil|p1b: Ninetales
|-sidestart|p1: Djuseppe|move: Aurora Veil
|move|p2b: Archaludon|Flash Cannon|p1b: Ninetales
|-supereffective|p1b: Ninetales
|-damage|p1b: Ninetales|0 fnt
|faint|p1b: Ninetales
|
|-weather|Snowscape|[upkeep]
|upkeep
|turn|7
|
|t:|1757151437
|move|p1a: Rillaboom|Wood Hammer|p2b: Archaludon
|-resisted|p2b: Archaludon
|-damage|p2b: Archaludon|82/100
|-ability|p2b: Archaludon|Stamina|boost
|-boost|p2b: Archaludon|def|1
|-damage|p1a: Rillaboom|94/100|[from] Recoil
|move|p2b: Archaludon|Body Press|p1a: Rillaboom
|-damage|p1a: Rillaboom|71/100
|
|-weather|none
|-heal|p1a: Rillaboom|77/100|[from] Grassy Terrain
|-heal|p2b: Archaludon|88/100|[from] Grassy Terrain
|upkeep
|turn|8
|
|t:|1757151448
|move|p1a: Rillaboom|Wood Hammer|p2b: Archaludon
|-resisted|p2b: Archaludon
|-damage|p2b: Archaludon|76/100
|-ability|p2b: Archaludon|Stamina|boost
|-boost|p2b: Archaludon|def|1
|-damage|p1a: Rillaboom|73/100|[from] Recoil
|move|p2b: Archaludon|Body Press|p1a: Rillaboom
|-damage|p1a: Rillaboom|39/100
|
|-heal|p1a: Rillaboom|45/100|[from] Grassy Terrain
|-heal|p2b: Archaludon|82/100|[from] Grassy Terrain
|upkeep
|turn|9
|
|t:|1757151459
|move|p1a: Rillaboom|Wood Hammer|p2b: Archaludon
|-resisted|p2b: Archaludon
|-damage|p2b: Archaludon|73/100
|-ability|p2b: Archaludon|Stamina|boost
|-boost|p2b: Archaludon|def|1
|-damage|p1a: Rillaboom|42/100|[from] Recoil
|move|p2b: Archaludon|Body Press|p1a: Rillaboom
|-damage|p1a: Rillaboom|6/100
|
|-heal|p1a: Rillaboom|12/100|[from] Grassy Terrain
|-heal|p2b: Archaludon|80/100|[from] Grassy Terrain
|-fieldend|move: Grassy Terrain
|upkeep
|turn|10
|
|t:|1757151470
|move|p1a: Rillaboom|Wood Hammer|p2b: Archaludon
|-resisted|p2b: Archaludon
|-damage|p2b: Archaludon|74/100
|-ability|p2b: Archaludon|Stamina|boost
|-boost|p2b: Archaludon|def|1
|-damage|p1a: Rillaboom|11/100|[from] Recoil
|move|p2b: Archaludon|Body Press|p1a: Rillaboom
|-damage|p1a: Rillaboom|0 fnt
|faint|p1a: Rillaboom
|
|win|WowieKazowee
||Djuseppe is ready for game 2.
