|j|☆Frakub
|j|☆godoftoasty
|html|Frakubgodoftoasty    
|uhtml|bestof|Game 2 of a best-of-3
|t:|1784746784
|gametype|doubles
|player|p1|Frakub|acetrainer-gen4dp|1160
|player|p2|godoftoasty|1|1208
|gen|9
|tier|[Gen 9 Champions] VGC 2026 Reg M-B (Bo3)
|rated|
|rule|Species Clause: Limit one of each Pokémon
|rule|Item Clause: Limit 1 of each item
|clearpoke
|poke|p1|Mawile, L50, F|
|poke|p1|Farigiraf, L50, M|
|poke|p1|Torkoal, L50, M|
|poke|p1|Incineroar, L50, M|
|poke|p1|Gallade, L50, M|
|poke|p1|Vivillon, L50, M|
|poke|p2|Gengar, L50, M, shiny|
|poke|p2|Incineroar, L50, F|
|poke|p2|Garchomp, L50, F|
|poke|p2|Ninetales-Alola, L50, M|
|poke|p2|Blaziken, L50, M|
|poke|p2|Rotom-Wash, L50, shiny|
|teampreview|4
|showteam|p1|Mawile||Mawilite|HyperCutter|PlayRough,SuckerPunch,RockSlide,Protect|Brave||F|||50|]Farigiraf||SitrusBerry|ArmorTail|Psychic,Thunderbolt,TrickRoom,Protect|Quiet||M|||50|]Torkoal||Charcoal|Drought|Eruption,WeatherBall,HelpingHand,Protect|Quiet||M|||50|]Incineroar||LifeOrb|Intimidate|FlareBlitz,DarkestLariat,CloseCombat,FakeOut|Brave||M|||50|]Gallade||IronBall|Sharpness|SacredSword,PsychoCut,LeafBlade,TrickRoom|Brave||M|||50|]Vivillon||FocusSash|CompoundEyes|Hurricane,SleepPowder,RagePowder,Protect|Timid||M|||50|
|showteam|p2|Gengar||Gengarite|CursedBody|ShadowBall,SludgeBomb,PerishSong,Protect|Timid||M|||50|]Incineroar||SitrusBerry|Intimidate|FakeOut,PartingShot,Protect,FlareBlitz|Impish||F|||50|]Garchomp||LifeOrb|RoughSkin|DragonClaw,StompingTantrum,RockSlide,Protect|Jolly||F|||50|]Ninetales-Alola||FocusSash|SnowWarning|Blizzard,Encore,Disable,Protect|Timid||M|||50|]Blaziken||Blazikenite|SpeedBoost|FlareBlitz,CloseCombat,KnockOff,Detect|Adamant||M|||50|]Rotom-Wash||Leftovers|Levitate|HydroPump,VoltSwitch,WillOWisp,Protect|Bold|||||50|
|inactive|Battle timer is ON: inactive players will automatically lose when time's up. (requested by Frakub)
|
|t:|1784746809
|teamsize|p1|4
|teamsize|p2|4
|start
|switch|p1a: Farigiraf|Farigiraf, L50, M|100/100
|switch|p1b: Incineroar|Incineroar, L50, M|100/100
|switch|p2a: Garchomp|Garchomp, L50, F|100/100
|switch|p2b: Incineroar|Incineroar, L50, F|100/100
|-ability|p2b: Incineroar|Intimidate|boost
|-unboost|p1a: Farigiraf|atk|1
|-unboost|p1b: Incineroar|atk|1
|-ability|p1b: Incineroar|Intimidate|boost
|-unboost|p2a: Garchomp|atk|1
|-unboost|p2b: Incineroar|atk|1
|turn|1
|inactive|Frakub has 30 seconds left.
|inactive|godoftoasty has 30 seconds left.
|inactive|godoftoasty has 20 seconds left.
|
|t:|1784746845
|move|p1b: Incineroar|Fake Out|p2a: Garchomp
|-damage|p2a: Garchomp|86/100
|-damage|p1b: Incineroar|87/100|[from] ability: Rough Skin|[of] p2a: Garchomp
|-damage|p1b: Incineroar|77/100|[from] item: Life Orb
|cant|p2a: Garchomp|flinch
|move|p2b: Incineroar|Parting Shot|p1a: Farigiraf
|-unboost|p1a: Farigiraf|atk|1
|-unboost|p1a: Farigiraf|spa|1
|
|t:|1784746856
|switch|p2b: Rotom|Rotom-Wash, L50, shiny|100/100|[from] Parting Shot
|move|p1a: Farigiraf|Trick Room|p1a: Farigiraf
|-fieldstart|move: Trick Room|[of] p1a: Farigiraf
|
|upkeep
|turn|2
|
|t:|1784746865
|move|p1a: Farigiraf|Psychic|p2a: Garchomp
|-damage|p2a: Garchomp|60/100
|move|p1b: Incineroar|Darkest Lariat|p2a: Garchomp
|-damage|p2a: Garchomp|23/100
|-damage|p1b: Incineroar|65/100|[from] ability: Rough Skin|[of] p2a: Garchomp
|-damage|p1b: Incineroar|55/100|[from] item: Life Orb
|move|p2b: Rotom|Hydro Pump|p1b: Incineroar
|-supereffective|p1b: Incineroar|1
|-damage|p1b: Incineroar|0 fnt
|faint|p1b: Incineroar
|move|p2a: Garchomp|Stomping Tantrum|p1a: Farigiraf
|-damage|p1a: Farigiraf|37/100
|-enditem|p1a: Farigiraf|Sitrus Berry|[eat]
|-heal|p1a: Farigiraf|62/100|[from] item: Sitrus Berry
|-damage|p2a: Garchomp|13/100|[from] item: Life Orb
|
|upkeep
|
|t:|1784746873
|switch|p1b: Torkoal|Torkoal, L50, M|100/100
|-weather|SunnyDay|[from] ability: Drought|[of] p1b: Torkoal
|turn|3
|
|t:|1784746898
|switch|p2a: Incineroar|Incineroar, L50, F|100/100
|-ability|p2a: Incineroar|Intimidate|boost
|-unboost|p1a: Farigiraf|atk|1
|-unboost|p1b: Torkoal|atk|1
|move|p1b: Torkoal|Eruption|p2a: Incineroar|[spread] p2a,p2b
|-resisted|p2a: Incineroar|1
|-resisted|p2b: Rotom|1
|-damage|p2a: Incineroar|65/100
|-damage|p2b: Rotom|59/100
|move|p1a: Farigiraf|Psychic|p2b: Rotom
|-damage|p2b: Rotom|31/100
|move|p2b: Rotom|Volt Switch|p1b: Torkoal
|-damage|p1b: Torkoal|65/100
|
|t:|1784746912
|switch|p2b: Garchomp|Garchomp, L50, F|13/100|[from] Volt Switch
|
|-weather|SunnyDay|[upkeep]
|upkeep
|turn|4
|
|t:|1784746920
|move|p2b: Garchomp|Protect|p2b: Garchomp
|-singleturn|p2b: Garchomp|Protect
|move|p1b: Torkoal|Eruption|p2a: Incineroar|[spread] p2a
|-activate|p2b: Garchomp|move: Protect
|-resisted|p2a: Incineroar|1
|-damage|p2a: Incineroar|42/100
|-enditem|p2a: Incineroar|Sitrus Berry|[eat]
|-heal|p2a: Incineroar|67/100|[from] item: Sitrus Berry
|move|p1a: Farigiraf|Thunderbolt|p2a: Incineroar
|-damage|p2a: Incineroar|51/100
|move|p2a: Incineroar|Flare Blitz|p1a: Farigiraf
|-damage|p1a: Farigiraf|1/100
|-damage|p2a: Incineroar|29/100|[from] Recoil
|
|-weather|SunnyDay|[upkeep]
|upkeep
|turn|5
|inactive|godoftoasty has 30 seconds left.
|
|t:|1784746955
|switch|p2b: Rotom|Rotom-Wash, L50, shiny|31/100
|move|p1b: Torkoal|Eruption|p2a: Incineroar|[spread] p2a,p2b
|-resisted|p2a: Incineroar|1
|-resisted|p2b: Rotom|1
|-damage|p2a: Incineroar|7/100
|-damage|p2b: Rotom|5/100
|move|p1a: Farigiraf|Thunderbolt|p2a: Incineroar
|-damage|p2a: Incineroar|0 fnt
|faint|p2a: Incineroar
|
|-weather|SunnyDay|[upkeep]
|-heal|p2b: Rotom|10/100|[from] item: Leftovers
|-fieldend|move: Trick Room
|upkeep
|
|t:|1784746964
|switch|p2a: Garchomp|Garchomp, L50, F|13/100
|turn|6
|
|t:|1784746972
|move|p2a: Garchomp|Stomping Tantrum|p1b: Torkoal
|-supereffective|p1b: Torkoal|1
|-damage|p1b: Torkoal|0 fnt
|faint|p1b: Torkoal
|-damage|p2a: Garchomp|3/100|[from] item: Life Orb
|move|p2b: Rotom|Volt Switch|p1a: Farigiraf
|-damage|p1a: Farigiraf|0 fnt
|faint|p1a: Farigiraf
|
|t:|1784746988
|switch|p2b: Gengar|Gengar, L50, M, shiny|100/100|[from] Volt Switch
|
|-weather|SunnyDay|[upkeep]
|upkeep
|
|t:|1784746995
|switch|p1b: Mawile|Mawile, L50, F|100/100
|turn|7
|
|t:|1784747008
|detailschange|p2b: Gengar|Gengar-Mega, L50, M, shiny
|-mega|p2b: Gengar|Gengar|Gengarite
|detailschange|p1b: Mawile|Mawile-Mega, L50, F
|-mega|p1b: Mawile|Mawile|Mawilite
|move|p2a: Garchomp|Protect|p2a: Garchomp
|-singleturn|p2a: Garchomp|Protect
|move|p1b: Mawile|Sucker Punch||[still]
|-fail|p1b: Mawile
|move|p2b: Gengar|Perish Song|p2b: Gengar
|-start|p1b: Mawile|perish3|[silent]
|-start|p2a: Garchomp|perish3|[silent]
|-start|p2b: Gengar|perish3|[silent]
|-fieldactivate|move: Perish Song
|
|-weather|none
|-start|p2b: Gengar|perish3
|-start|p2a: Garchomp|perish3
|-start|p1b: Mawile|perish3
|upkeep
|turn|8
|
|t:|1784747033
|switch|p2b: Rotom|Rotom-Wash, L50, shiny|10/100
|move|p2a: Garchomp|Stomping Tantrum|p1b: Mawile
|-supereffective|p1b: Mawile|1
|-damage|p1b: Mawile|3/100
|-damage|p2a: Garchomp|0 fnt|[from] item: Life Orb
|faint|p2a: Garchomp
|move|p1b: Mawile|Play Rough|p2b: Rotom
|-damage|p2b: Rotom|0 fnt
|faint|p2b: Rotom
|
|-start|p1b: Mawile|perish2
|upkeep
|
|t:|1784747039
|switch|p2b: Gengar|Gengar-Mega, L50, M, shiny|100/100
|turn|9
|
|t:|1784747049
|move|p2b: Gengar|Protect|p2b: Gengar
|-singleturn|p2b: Gengar|Protect
|move|p1b: Mawile|Sucker Punch||[still]
|-fail|p1b: Mawile
|
|-start|p1b: Mawile|perish1
|upkeep
|turn|10
|
|t:|1784747056
|move|p2b: Gengar|Protect||[still]
|-fail|p2b: Gengar
|move|p1b: Mawile|Play Rough|p2b: Gengar
|-resisted|p2b: Gengar|1
|-damage|p2b: Gengar|44/100
|
|-start|p1b: Mawile|perish0
|upkeep
|faint|p1b: Mawile
|
|win|godoftoasty
||Frakub is ready for game 3.
||godoftoasty is ready for game 3.
|uhtml|next|Next: Game 3 of 3
|l|☆godoftoasty
|player|p2|
