|j|‽LorGhez
|j|☆RTMV
|html|LorGhezRTMV    
|uhtml|bestof|Game 3 of a best-of-3
|t:|1783168955
|gametype|doubles
|player|p1|LorGhez|265|1147
|player|p2|RTMV|sage|1040
|gen|9
|tier|[Gen 9 Champions] VGC 2026 Reg M-B (Bo3)
|rated|
|rule|Species Clause: Limit one of each Pokémon
|rule|Item Clause: Limit 1 of each item
|clearpoke
|poke|p1|Venusaur, L50, M|
|poke|p1|Incineroar, L50, F|
|poke|p1|Primarina, L50, F|
|poke|p1|Aerodactyl, L50, M|
|poke|p1|Kingambit, L50, M|
|poke|p1|Farigiraf, L50, M|
|poke|p2|Trevenant, L50, M, shiny|
|poke|p2|Tyranitar, L50, M|
|poke|p2|Excadrill, L50, M|
|poke|p2|Houndstone, L50, F|
|poke|p2|Staraptor, L50, M|
|poke|p2|Krookodile, L50, M|
|teampreview|4
|showteam|p1|Venusaur||Venusaurite|Chlorophyll|Protect,GigaDrain,SludgeBomb,EarthPower|Modest||M|||50|]Incineroar||Charcoal|Intimidate|FakeOut,PartingShot,CloseCombat,FlareBlitz|Adamant||F|||50|]Primarina||LifeOrb|LiquidVoice|Protect,CalmMind,HyperVoice,Moonblast|Modest||F|||50|]Aerodactyl||Aerodactylite|Unnerve|DualWingbeat,Tailwind,RockSlide,IceFang|Adamant||M|||50|]Kingambit||BlackGlasses|Defiant|Protect,SuckerPunch,KowtowCleave,SwordsDance|Adamant||M|||50|]Farigiraf||ColburBerry|ArmorTail|TwinBeam,TrickRoom,Thunderbolt,HelpingHand|Sassy||M|||50|
|showteam|p2|Trevenant||SitrusBerry|Harvest|WoodHammer,WillOWisp,AllySwitch,Protect|Careful||M|||50|]Tyranitar||Tyranitarite|SandStream|RockSlide,KnockOff,DragonDance,Protect|Adamant||M|||50|]Excadrill||FocusSash|SandRush|IronHead,HighHorsepower,RockSlide,Protect|Adamant||M|||50|]Houndstone||KasibBerry|SandRush|PsychicFangs,LastRespects,AllySwitch,DestinyBond|Adamant||F|||50|]Staraptor||Staraptite|Intimidate|CloseCombat,BraveBird,Roost,Protect|Adamant||M|||50|]Krookodile||ChoiceScarf|Intimidate|Earthquake,KnockOff,GunkShot,Snarl|Jolly||M|||50|
|inactive|Battle timer is ON: inactive players will automatically lose when time's up. (requested by LorGhez)
|inactive|LorGhez has 60 seconds left.
|
|t:|1783169003
|teamsize|p1|4
|teamsize|p2|4
|start
|switch|p1a: Farigiraf|Farigiraf, L50, M|100/100
|switch|p1b: Incineroar|Incineroar, L50, F|100/100
|switch|p2a: Gojira|Tyranitar, L50, M|100/100
|switch|p2b: White Oak|Trevenant, L50, M, shiny|100/100
|-weather|Sandstorm|[from] ability: Sand Stream|[of] p2a: Gojira
|-ability|p1b: Incineroar|Intimidate|boost
|-unboost|p2a: Gojira|atk|1
|-unboost|p2b: White Oak|atk|1
|turn|1
|inactive|LorGhez has 30 seconds left.
|inactive|RTMV has 30 seconds left.
|
|t:|1783169034
|move|p2b: White Oak|Ally Switch|p2b: White Oak
|swap|p2b: White Oak|0|[from] move: Ally Switch
|move|p2b: Gojira|Rock Slide|p1b: Incineroar|[spread] p1a,p1b
|-supereffective|p1b: Incineroar|1
|-damage|p1a: Farigiraf|80/100
|-damage|p1b: Incineroar|56/100
|move|p1b: Incineroar|Parting Shot|p2a: White Oak
|-unboost|p2a: White Oak|atk|1
|-unboost|p2a: White Oak|spa|1
|
|t:|1783169043
|switch|p1b: Primarina|Primarina, L50, F|100/100|[from] Parting Shot
|move|p1a: Farigiraf|Trick Room|p1a: Farigiraf
|-fieldstart|move: Trick Room|[of] p1a: Farigiraf
|
|-weather|Sandstorm|[upkeep]
|-damage|p1a: Farigiraf|74/100|[from] Sandstorm
|-damage|p2a: White Oak|93/100|[from] Sandstorm
|-damage|p1b: Primarina|93/100|[from] Sandstorm
|upkeep
|turn|2
|
|t:|1783169065
|switch|p1a: Incineroar|Incineroar, L50, F|56/100
|-ability|p1a: Incineroar|Intimidate|boost
|-unboost|p2a: White Oak|atk|1
|-unboost|p2b: Gojira|atk|1
|move|p2b: Gojira|Protect|p2b: Gojira
|-singleturn|p2b: Gojira|Protect
|move|p2a: White Oak|Wood Hammer|p1b: Primarina
|-supereffective|p1b: Primarina|1
|-damage|p1b: Primarina|55/100
|-damage|p2a: White Oak|82/100|[from] Recoil
|move|p1b: Primarina|Hyper Voice|p2b: Gojira|[spread] p2a
|-activate|p2b: Gojira|move: Protect
|-resisted|p2a: White Oak|1
|-damage|p2a: White Oak|64/100
|-damage|p1b: Primarina|46/100|[from] item: Life Orb
|
|-weather|Sandstorm|[upkeep]
|-damage|p2a: White Oak|57/100|[from] Sandstorm
|-damage|p1a: Incineroar|50/100g|[from] Sandstorm
|-damage|p1b: Primarina|40/100|[from] Sandstorm
|upkeep
|turn|3
|inactive|RTMV has 30 seconds left.
|
|t:|1783169092
|move|p2a: White Oak|Ally Switch|p2a: White Oak
|swap|p2a: White Oak|1|[from] move: Ally Switch
|move|p1a: Incineroar|Flare Blitz|p2a: Gojira
|-resisted|p2a: Gojira|1
|-damage|p2a: Gojira|69/100
|-damage|p1a: Incineroar|41/100|[from] Recoil
|move|p1b: Primarina|Hyper Voice|p2a: Gojira|[spread] p2a,p2b
|-supereffective|p2a: Gojira|1
|-resisted|p2b: White Oak|1
|-damage|p2a: Gojira|7/100
|-damage|p2b: White Oak|39/100
|-enditem|p2b: White Oak|Sitrus Berry|[eat]
|-heal|p2b: White Oak|64/100|[from] item: Sitrus Berry
|-damage|p1b: Primarina|30/100|[from] item: Life Orb
|move|p2a: Gojira|Knock Off|p1b: Primarina
|-resisted|p1b: Primarina|1
|-damage|p1b: Primarina|15/100
|-enditem|p1b: Primarina|Life Orb|[from] move: Knock Off|[of] p2a: Gojira
|
|-weather|Sandstorm|[upkeep]
|-damage|p2b: White Oak|58/100|[from] Sandstorm
|-damage|p1a: Incineroar|35/100|[from] Sandstorm
|-damage|p1b: Primarina|9/100|[from] Sandstorm
|-item|p2b: White Oak|Sitrus Berry|[from] ability: Harvest
|upkeep
|turn|4
|inactive|RTMV has 30 seconds left.
|
|t:|1783169126
|move|p2a: Gojira|Protect|p2a: Gojira
|-singleturn|p2a: Gojira|Protect
|move|p2b: White Oak|Wood Hammer|p1b: Primarina
|-supereffective|p1b: Primarina|1
|-damage|p1b: Primarina|0 fnt
|faint|p1b: Primarina
|-damage|p2b: White Oak|55/100|[from] Recoil
|move|p1a: Incineroar|Flare Blitz|p2b: White Oak
|-supereffective|p2b: White Oak|1
|-damage|p2b: White Oak|0 fnt
|faint|p2b: White Oak
|-damage|p1a: Incineroar|17/100|[from] Recoil
|
|-weather|Sandstorm|[upkeep]
|-damage|p1a: Incineroar|11/100|[from] Sandstorm
|upkeep
|inactive|LorGhez has 30 seconds left.
|inactive|RTMV has 30 seconds left.
|
|t:|1783169154
|switch|p2b: Emo bird|Staraptor, L50, M|100/100
|switch|p1b: Venusaur|Venusaur, L50, M|100/100
|-ability|p2b: Emo bird|Intimidate|boost
|-unboost|p1a: Incineroar|atk|1
|-unboost|p1b: Venusaur|atk|1
|turn|5
|
|t:|1783169178
|switch|p1a: Farigiraf|Farigiraf, L50, M|74/100
|detailschange|p1b: Venusaur|Venusaur-Mega, L50, M
|-mega|p1b: Venusaur|Venusaur|Venusaurite
|detailschange|p2b: Emo bird|Staraptor-Mega, L50, M
|-mega|p2b: Emo bird|Staraptor|Staraptite
|move|p1b: Venusaur|Giga Drain|p2a: Gojira
|-supereffective|p2a: Gojira|1
|-damage|p2a: Gojira|0 fnt
|faint|p2a: Gojira
|move|p2b: Emo bird|Close Combat|p1a: Farigiraf
|-damage|p1a: Farigiraf|13/100
|-boost|p2b: Emo bird|def|1
|-boost|p2b: Emo bird|spd|1
|
|-weather|none
|-fieldend|move: Trick Room
|upkeep
|
|t:|1783169191
|switch|p2a: Scarfdrill|Excadrill, L50, M|100/100
|turn|6
|
|t:|1783169214
|move|p1a: Farigiraf|Helping Hand|p1b: Venusaur
|-singleturn|p1b: Venusaur|Helping Hand|[of] p1a: Farigiraf
|move|p2b: Emo bird|Brave Bird|p1b: Venusaur
|-supereffective|p1b: Venusaur|1
|-damage|p1b: Venusaur|6/100
|-damage|p2b: Emo bird|70/100|[from] Recoil
|move|p2a: Scarfdrill|Iron Head|p1a: Farigiraf
|-damage|p1a: Farigiraf|0 fnt
|faint|p1a: Farigiraf
|move|p1b: Venusaur|Sludge Bomb|p2b: Emo bird
|-damage|p2b: Emo bird|21/100
|
|upkeep
|
|t:|1783169227
|switch|p1a: Incineroar|Incineroar, L50, F|11/100
|-ability|p1a: Incineroar|Intimidate|boost
|-unboost|p2a: Scarfdrill|atk|1
|-boost|p2b: Emo bird|atk|1
|turn|7
|
|t:|1783169236
|move|p2b: Emo bird|Protect|p2b: Emo bird
|-singleturn|p2b: Emo bird|Protect
|move|p1a: Incineroar|Fake Out|p2a: Scarfdrill
|-resisted|p2a: Scarfdrill|1
|-crit|p2a: Scarfdrill
|-damage|p2a: Scarfdrill|85/100
|cant|p2a: Scarfdrill|flinch
|move|p1b: Venusaur|Giga Drain|p2a: Scarfdrill
|-damage|p2a: Scarfdrill|27/100
|-heal|p1b: Venusaur|36/100|[from] drain|[of] p2a: Scarfdrill
|
|upkeep
|turn|8
|inactive|RTMV has 30 seconds left.
|
|t:|1783169266
|move|p1b: Venusaur|Protect|p1b: Venusaur
|-singleturn|p1b: Venusaur|Protect
|move|p2b: Emo bird|Roost|p2b: Emo bird
|-heal|p2b: Emo bird|71/100
|-singleturn|p2b: Emo bird|move: Roost
|move|p2a: Scarfdrill|Iron Head|p1a: Incineroar
|-resisted|p1a: Incineroar|1
|-damage|p1a: Incineroar|0 fnt
|faint|p1a: Incineroar
|
|upkeep
|turn|9
|c|☆RTMV|ggs
|inactive|LorGhez has 30 seconds left.
|
|t:|1783169295
|move|p2b: Emo bird|Brave Bird|p1b: Venusaur
|-supereffective|p1b: Venusaur|1
|-damage|p1b: Venusaur|0 fnt
|faint|p1b: Venusaur
|-damage|p2b: Emo bird|60/100|[from] Recoil
|
|win|RTMV
|raw|LorGhez's rating: 1147 → 1115(-32 for losing)
|raw|RTMV's rating: 1040 → 1084(+44 for winning)
