|j|☆glen2
|j|☆vanessaur
|html|glen2vanessaur    
|uhtml|bestof|Game 1 of a best-of-3
|t:|1785743958
|gametype|doubles
|player|p1|glen2|1|
|player|p2|vanessaur|265|
|gen|9
|tier|[Gen 9 Champions] VGC 2026 Reg M-B (Bo3)
|rule|Species Clause: Limit one of each Pokémon
|rule|Item Clause: Limit 1 of each item
|clearpoke
|poke|p1|Charizard, L50, F, shiny|
|poke|p1|Sneasler, L50, F|
|poke|p1|Garchomp, L50, F|
|poke|p1|Toxapex, L50, M, shiny|
|poke|p1|Klefki, L50, F, shiny|
|poke|p1|Aerodactyl, L50, F|
|poke|p2|Floette-Eternal, L50, F|
|poke|p2|Incineroar, L50, M, shiny|
|poke|p2|Kingambit, L50, M, shiny|
|poke|p2|Gholdengo, L50, shiny|
|poke|p2|Wyrdeer, L50, M, shiny|
|poke|p2|Pikachu, L50, M|
|teampreview|4
|showteam|p1|Charizard||CharizarditeY|Blaze|WeatherBall,ScorchingSands,HeatWave,Protect|Modest||F|||50|]Sneasler||LifeOrb|PoisonTouch|DireClaw,CloseCombat,FakeOut,Protect|Adamant||F|||50|]Garchomp||SoftSand|RoughSkin|Protect,RockSlide,Earthquake,StompingTantrum|Jolly||F|||50|]Toxapex||Leftovers|Regenerator|Infestation,WideGuard,BanefulBunker,ChillingWater|Bold||M|||50|]Klefki||LightClay|Prankster|LightScreen,SunnyDay,Reflect,DazzlingGleam|Bold||F|||50|]Aerodactyl||Aerodactylite|Unnerve|Tailwind,RockSlide,DualWingbeat,WideGuard|Jolly||F|||50|
|showteam|p2|Floette-Eternal||Floettite|FlowerVeil|LightofRuin,DazzlingGleam,Moonblast,Protect|Modest||F|||50|]Incineroar||SitrusBerry|Intimidate|FakeOut,PartingShot,FlareBlitz,HelpingHand|Adamant||M|||50|]Kingambit||ChopleBerry|Defiant|KowtowCleave,IronHead,Protect,SuckerPunch|Adamant||M|||50|]Gholdengo||MetalCoat|GoodasGold|MakeItRain,ShadowBall,NastyPlot,Protect|Modest|||||50|]Wyrdeer||Leftovers|Intimidate|PsyshieldBash,TrickRoom,Earthquake,Protect|Sassy||M|||50|]Pikachu||FocusSash|Static|FakeOut,Nuzzle,Wish,Encore|Jolly||M|||50|
|
|t:|1785744002
|teamsize|p1|4
|teamsize|p2|4
|start
|switch|p1a: Sneasler|Sneasler, L50, F|100/100
|switch|p1b: Garchomp|Garchomp, L50, F|100/100
|switch|p2a: Floette|Floette-Eternal, L50, F|100/100
|switch|p2b: Kingambit|Kingambit, L50, M, shiny|100/100
|turn|1
|
|t:|1785744046
|move|p1a: Sneasler|Fake Out|p2a: Floette
|-damage|p2a: Floette|66/100
|-damage|p1a: Sneasler|90/100|[from] item: Life Orb
|move|p1b: Garchomp|Stomping Tantrum|p2b: Kingambit
|-supereffective|p2b: Kingambit|1
|-damage|p2b: Kingambit|30/100
|cant|p2a: Floette|flinch
|move|p2b: Kingambit|Kowtow Cleave|p1a: Sneasler
|-resisted|p1a: Sneasler|1
|-damage|p1a: Sneasler|49/100
|
|upkeep
|turn|2
|
|t:|1785744093
|switch|p2a: Incineroar|Incineroar, L50, M, shiny|100/100
|-ability|p2a: Incineroar|Intimidate|boost
|-unboost|p1a: Sneasler|atk|1
|-unboost|p1b: Garchomp|atk|1
|move|p1a: Sneasler|Dire Claw|p2a: Incineroar
|-damage|p2a: Incineroar|60/100
|-damage|p1a: Sneasler|39/100|[from] item: Life Orb
|move|p1b: Garchomp|Stomping Tantrum|p2b: Kingambit
|-supereffective|p2b: Kingambit|1
|-damage|p2b: Kingambit|0 fnt
|faint|p2b: Kingambit
|
|upkeep
|
|t:|1785744110
|switch|p2b: Floette|Floette-Eternal, L50, F|66/100
|turn|3
|
|t:|1785744141
|move|p1a: Sneasler|Dire Claw|p2b: Floette
|-supereffective|p2b: Floette|1
|-damage|p2b: Floette|0 fnt
|faint|p2b: Floette
|-damage|p1a: Sneasler|30/100|[from] item: Life Orb
|move|p1b: Garchomp|Stomping Tantrum|p2a: Incineroar
|-supereffective|p2a: Incineroar|1
|-damage|p2a: Incineroar|3/100
|-enditem|p2a: Incineroar|Sitrus Berry|[eat]
|-heal|p2a: Incineroar|28/100|[from] item: Sitrus Berry
|move|p2a: Incineroar|Parting Shot|p1b: Garchomp
|-unboost|p1b: Garchomp|atk|1
|-unboost|p1b: Garchomp|spa|1
|
|t:|1785744154
|switch|p2a: Gholdengo|Gholdengo, L50, shiny|100/100|[from] Parting Shot
|
|upkeep
|
|t:|1785744159
|switch|p2b: Incineroar|Incineroar, L50, M, shiny|28/100
|-ability|p2b: Incineroar|Intimidate|boost
|-unboost|p1a: Sneasler|atk|1
|-unboost|p1b: Garchomp|atk|1
|turn|4
|
|t:|1785744180
|move|p1a: Sneasler|Protect|p1a: Sneasler
|-singleturn|p1a: Sneasler|Protect
|move|p1b: Garchomp|Earthquake|p2a: Gholdengo|[spread] p2a,p2b
|-activate|p1a: Sneasler|move: Protect
|-supereffective|p2a: Gholdengo|1
|-supereffective|p2b: Incineroar|1
|-damage|p2a: Gholdengo|65/100
|-damage|p2b: Incineroar|0 fnt
|faint|p2b: Incineroar
|move|p2a: Gholdengo|Shadow Ball|p1a: Sneasler
|-activate|p1a: Sneasler|move: Protect
|
|upkeep
|turn|5
|
|t:|1785744197
|switch|p1a: Charizard|Charizard, L50, F, shiny|100/100
|move|p1b: Garchomp|Earthquake|p2a: Gholdengo|[spread] p2a
|-immune|p1a: Charizard
|-supereffective|p2a: Gholdengo|1
|-damage|p2a: Gholdengo|28/100
|move|p2a: Gholdengo|Make It Rain|p1b: Garchomp|[spread] p1a,p1b
|-resisted|p1a: Charizard|1
|-damage|p1a: Charizard|67/100
|-damage|p1b: Garchomp|34/100
|-unboost|p2a: Gholdengo|spa|2
|
|upkeep
|turn|6
|
|t:|1785744216
|detailschange|p1a: Charizard|Charizard-Mega-Y, L50, F, shiny
|-mega|p1a: Charizard|Charizard|Charizardite Y
|-weather|SunnyDay|[from] ability: Drought|[of] p1a: Charizard
|move|p1b: Garchomp|Stomping Tantrum|p2a: Gholdengo
|-supereffective|p2a: Gholdengo|1
|-damage|p2a: Gholdengo|0 fnt
|faint|p2a: Gholdengo
|
|win|glen2
||glen2 is ready for game 2.
|inactive|vanessaur has 30 seconds to confirm battle start!
||vanessaur is ready for game 2.
|uhtml|next|Next: Game 2 of 3
|l|☆vanessaur
|player|p2|
