|j|☆KUTF1
|j|☆iluvjohnnie
|html|KUTF1iluvjohnnie    
|uhtml|bestof|Game 1 of a best-of-3
|t:|1782757953
|gametype|doubles
|player|p1|KUTF1|pokemonbreederf-gen4|1006
|player|p2|iluvjohnnie|1|1036
|gen|9
|tier|[Gen 9 Champions] VGC 2026 Reg M-B (Bo3)
|rated|
|rule|Species Clause: Limit one of each Pokémon
|rule|Item Clause: Limit 1 of each item
|clearpoke
|poke|p1|Raichu, L50, F|
|poke|p1|Clefable, L50, M|
|poke|p1|Mamoswine, L50, F|
|poke|p1|Ditto, L50|
|poke|p1|Musharna, L50, F|
|poke|p1|Whimsicott, L50, F|
|poke|p2|Kommo-o, L50, F|
|poke|p2|Gengar, L50, M|
|poke|p2|Incineroar, L50, F|
|poke|p2|Kangaskhan, L50, F|
|poke|p2|Whimsicott, L50, M|
|poke|p2|Rotom-Wash, L50|
|teampreview|4
|showteam|p1|Raichu||RaichuniteY|LightningRod|ZapCannon,Protect,FakeOut,FocusBlast|Timid||F|||50|]Clefable||Clefablite|MagicGuard|DazzlingGleam,Protect,CalmMind,Flamethrower|Modest||M|||50|]Mamoswine||FocusSash|Oblivious|Earthquake,Protect,IcicleCrash,IceShard|Jolly||F|||50|]Ditto||ChoiceScarf|Imposter|Transform|Bold|||||50|]Musharna||ColburBerry|Telepathy|Psychic,Protect,TrickRoom,Moonblast|Relaxed||F|||50|]Whimsicott||MentalHerb|Prankster|Moonblast,Encore,Tailwind,Taunt|Timid||F|||50|
|showteam|p2|Kommo-o||Leftovers|Soundproof|AuraSphere,ClangingScales,Protect,ClangorousSoul|Modest||F|||50|]Gengar||Gengarite|CursedBody|Taunt,Protect,SludgeBomb,PerishSong|Timid||M|||50|]Incineroar||SitrusBerry|Intimidate|PartingShot,FakeOut,ThroatChop,HelpingHand|Adamant||F|||50|]Kangaskhan||LifeOrb|Scrappy|FakeOut,DrainPunch,DoubleEdge,SuckerPunch|Adamant||F|||50|]Whimsicott||MentalHerb|Prankster|Encore,Tailwind,Moonblast,Protect|Bold||M|||50|]Rotom-Wash||ChoiceScarf|Levitate|Trick,VoltSwitch,Thunderbolt,HydroPump|Timid|||||50|
|inactive|Battle timer is ON: inactive players will automatically lose when time's up. (requested by KUTF1)
|inactive|KUTF1 has 60 seconds left.
|
|t:|1782757992
|teamsize|p1|4
|teamsize|p2|4
|start
|switch|p1a: Derple|Ditto, L50|100/100
|switch|p1b: Whimsi|Whimsicott, L50, F|100/100
|switch|p2a: Gengar|Gengar, L50, M|100/100
|switch|p2b: Incineroar|Incineroar, L50, F|100/100
|-transform|p1a: Derple|p2b: Incineroar|[from] ability: Imposter
|-ability|p1a: Derple|Intimidate|boost
|-unboost|p2a: Gengar|atk|1
|-unboost|p2b: Incineroar|atk|1
|-ability|p2b: Incineroar|Intimidate|boost
|-unboost|p1a: Derple|atk|1
|-unboost|p1b: Whimsi|atk|1
|turn|1
|
|t:|1782757999
|switch|p2b: Kommo-o|Kommo-o, L50, F|100/100
|detailschange|p2a: Gengar|Gengar-Mega, L50, M
|-mega|p2a: Gengar|Gengar|Gengarite
|move|p2a: Gengar|Protect|p2a: Gengar
|-singleturn|p2a: Gengar|Protect
|move|p1b: Whimsi|Taunt|p2a: Gengar
|-activate|p2a: Gengar|move: Protect
|move|p1a: Derple|Parting Shot|p2a: Gengar
|-activate|p2a: Gengar|move: Protect
|
|upkeep
|turn|2
|
|t:|1782758017
|switch|p2a: Incineroar|Incineroar, L50, F|100/100
|-ability|p2a: Incineroar|Intimidate|boost
|-unboost|p1a: Derple|atk|1
|-unboost|p1b: Whimsi|atk|1
|move|p2b: Kommo-o|Protect|p2b: Kommo-o
|-singleturn|p2b: Kommo-o|Protect
|move|p1b: Whimsi|Moonblast|p2b: Kommo-o
|-activate|p2b: Kommo-o|move: Protect
|move|p1a: Derple|Parting Shot|p2a: Incineroar
|-unboost|p2a: Incineroar|atk|1
|-unboost|p2a: Incineroar|spa|1
|
|t:|1782758024
|switch|p1a: Chiba|Mamoswine, L50, F|100/100|[from] Parting Shot
|
|upkeep
|turn|3
|
|t:|1782758032
|switch|p2b: Kangaskhan|Kangaskhan, L50, F|100/100
|move|p2a: Incineroar|Fake Out|p1a: Chiba
|-damage|p1a: Chiba|89/100
|move|p1b: Whimsi|Moonblast|p2b: Kangaskhan
|-damage|p2b: Kangaskhan|71/100
|cant|p1a: Chiba|flinch
|
|upkeep
|turn|4
|
|t:|1782758043
|move|p2b: Kangaskhan|Fake Out|p1a: Chiba
|-damage|p1a: Chiba|62/100
|-damage|p2b: Kangaskhan|61/100|[from] item: Life Orb
|move|p1b: Whimsi|Moonblast|p2b: Kangaskhan
|-damage|p2b: Kangaskhan|33/100
|cant|p1a: Chiba|flinch
|move|p2a: Incineroar|Parting Shot|p1a: Chiba
|-unboost|p1a: Chiba|atk|1
|-unboost|p1a: Chiba|spa|1
|
|t:|1782758046
|switch|p2a: Gengar|Gengar-Mega, L50, M|100/100|[from] Parting Shot
|
|upkeep
|turn|5
|
|t:|1782758051
|move|p1b: Whimsi|Taunt|p2a: Gengar
|-start|p2a: Gengar|move: Taunt
|move|p2a: Gengar|Sludge Bomb|p1b: Whimsi
|-supereffective|p1b: Whimsi|2
|-damage|p1b: Whimsi|0 fnt
|faint|p1b: Whimsi
|move|p1a: Chiba|Earthquake|p2a: Gengar|[spread] p2a,p2b
|-supereffective|p2a: Gengar|1
|-damage|p2a: Gengar|24/100
|-damage|p2b: Kangaskhan|1/100
|move|p2b: Kangaskhan|Drain Punch|p1a: Chiba
|-supereffective|p1a: Chiba|1
|-damage|p1a: Chiba|0 fnt
|-heal|p2b: Kangaskhan|33/100|[from] drain|[of] p1a: Chiba
|faint|p1a: Chiba
|-damage|p2b: Kangaskhan|23/100|[from] item: Life Orb
|
|upkeep
|
|t:|1782758058
|switch|p1b: Derple|Ditto, L50|100/100
|switch|p1a: 100 Rats|Raichu, L50, F|100/100
|-transform|p1b: Derple|p2a: Gengar|[from] ability: Imposter
|turn|6
|
|t:|1782758065
|switch|p2a: Incineroar|Incineroar, L50, F|100/100
|-ability|p2a: Incineroar|Intimidate|boost
|-unboost|p1a: 100 Rats|atk|1
|-unboost|p1b: Derple|atk|1
|detailschange|p1a: 100 Rats|Raichu-Mega-Y, L50, F
|-mega|p1a: 100 Rats|Raichu|Raichunite Y
|move|p2b: Kangaskhan|Sucker Punch|p1b: Derple
|-supereffective|p1b: Derple|1
|-damage|p1b: Derple|32/100
|-damage|p2b: Kangaskhan|13/100|[from] item: Life Orb
|move|p1b: Derple|Sludge Bomb|p2a: Incineroar
|-damage|p2a: Incineroar|52/100
|-status|p2a: Incineroar|psn
|move|p1a: 100 Rats|Zap Cannon|p2b: Kangaskhan
|-damage|p2b: Kangaskhan|0 fnt
|faint|p2b: Kangaskhan
|
|-damage|p2a: Incineroar|40/100 psn|[from] psn
|upkeep
|-enditem|p2a: Incineroar|Sitrus Berry|[eat]
|-heal|p2a: Incineroar|64/100 psn|[from] item: Sitrus Berry
|
|t:|1782758083
|switch|p2b: Kommo-o|Kommo-o, L50, F|100/100
|turn|7
|
|t:|1782758090
|move|p2a: Incineroar|Fake Out|p1a: 100 Rats
|-damage|p1a: 100 Rats|72/100
|move|p1b: Derple|Sludge Bomb|p2b: Kommo-o
|-damage|p2b: Kommo-o|48/100
|-status|p2b: Kommo-o|psn
|cant|p1a: 100 Rats|flinch
|move|p2b: Kommo-o|Clanging Scales|p1b: Derple|[spread] p1a,p1b
|-damage|p1a: 100 Rats|18/100
|-damage|p1b: Derple|0 fnt
|faint|p1b: Derple
|-unboost|p2b: Kommo-o|def|1
|
|-heal|p2b: Kommo-o|54/100 psn|[from] item: Leftovers
|-damage|p2b: Kommo-o|42/100 psn|[from] psn
|-damage|p2a: Incineroar|52/100 psn|[from] psn
|upkeep
|turn|8
|
|t:|1782758102
|move|p1a: 100 Rats|Zap Cannon|p2b: Kommo-o
|-resisted|p2b: Kommo-o|1
|-damage|p2b: Kommo-o|9/100 psn
|move|p2b: Kommo-o|Clanging Scales|p1a: 100 Rats
|-damage|p1a: 100 Rats|0 fnt
|faint|p1a: 100 Rats
|
|win|iluvjohnnie
