|j|☆enrico20022002
|j|☆saboyita
|html|enrico20022002saboyita    
|uhtml|bestof|Game 2 of a best-of-3
|t:|1756415969
|gametype|doubles
|player|p1|enrico20022002|1|1110
|player|p2|saboyita|grimsley|1145
|gen|9
|tier|[Gen 9] VGC 2025 Reg H (Bo3)
|rated|
|rule|Species Clause: Limit one of each Pokémon
|rule|Item Clause: Limit 1 of each item
|clearpoke
|poke|p1|Torkoal, L50, F|
|poke|p1|Charizard, L50, F|
|poke|p1|Jumpluff, L50, F|
|poke|p1|Porygon2, L50|
|poke|p1|Incineroar, L50, M|
|poke|p1|Ursaluna, L50, F|
|poke|p2|Amoonguss, L50, F|
|poke|p2|Hydreigon, L50, F|
|poke|p2|Whimsicott, L50, M|
|poke|p2|Maushold-Four, L50|
|poke|p2|Annihilape, L50, F|
|poke|p2|Ursaluna-Bloodmoon, L50, M|
|teampreview|4
|showteam|p1|Torkoal||EjectPack|Drought|Overheat,Eruption,ClearSmog,Protect|||F|||50|,,,,,Fire]Charizard||ChoiceSpecs|SolarPower|HeatWave,Overheat,AirSlash,SolarBeam|||F|||50|,,,,,Ghost]Jumpluff||CovertCloak|Chlorophyll|Encore,SleepPowder,RagePowder,Tailwind|||F|||50|,,,,,Dark]Porygon2||Eviolite|Download|TeraBlast,IceBeam,TrickRoom,Recover||||||50|,,,,,Fighting]Incineroar||SafetyGoggles|Intimidate|FakeOut,KnockOff,WillOWisp,PartingShot|||M|||50|,,,,,Ghost]Ursaluna||FlameOrb|Guts|Facade,HeadlongRush,Earthquake,Protect|||F|||50|,,,,,Ghost
|showteam|p2|Amoonguss||MentalHerb|Regenerator|ClearSmog,Spore,RagePowder,Protect|||F|||50|,,,,,Water]Hydreigon||ChoiceSpecs|Levitate|Snarl,HeatWave,DarkPulse,DracoMeteor|||F|||50|,,,,,Ghost]Whimsicott||CovertCloak|Prankster|BeatUp,Encore,HelpingHand,Tailwind|||M|||50|,,,,,Dark]Maushold-Four||WideLens|Technician|PopulationBomb,Taunt,FollowMe,Protect||||||50|,,,,,Ghost]Annihilape||Leftovers|Defiant|RageFist,CloseCombat,FinalGambit,Protect|||F|||50|,,,,,Fire]Ursaluna-Bloodmoon||LifeOrb|MindsEye|HyperVoice,EarthPower,BloodMoon,Protect|||M|||50|,,,,,Water
|inactive|Battle timer is ON: inactive players will automatically lose when time's up. (requested by saboyita)
|inactive|enrico20022002 also wants the timer to be on.
|
|t:|1756415993
|teamsize|p1|4
|teamsize|p2|4
|start
|switch|p1a: Charizard|Charizard, L50, F|100/100
|switch|p1b: Torkoal|Torkoal, L50, F|100/100
|switch|p2a: Whimsicott|Whimsicott, L50, M|100/100
|switch|p2b: Ursaluna|Ursaluna-Bloodmoon, L50, M|100/100
|-weather|SunnyDay|[from] ability: Drought|[of] p1b: Torkoal
|turn|1
|
|t:|1756416007
|-terastallize|p2b: Ursaluna|Water
|move|p2a: Whimsicott|Tailwind|p2a: Whimsicott
|-sidestart|p2: saboyita|move: Tailwind
|move|p2b: Ursaluna|Hyper Voice|p1b: Torkoal|[spread] p1a,p1b
|-damage|p1a: Charizard|34/100
|-damage|p1b: Torkoal|28/100
|-damage|p2b: Ursaluna|91/100|[from] item: Life Orb
|move|p1a: Charizard|Heat Wave|p2b: Ursaluna|[spread] p2a,p2b
|-supereffective|p2a: Whimsicott
|-resisted|p2b: Ursaluna
|-damage|p2a: Whimsicott|0 fnt
|-damage|p2b: Ursaluna|22/100
|faint|p2a: Whimsicott
|move|p1b: Torkoal|Eruption|p2b: Ursaluna
|-resisted|p2b: Ursaluna
|-damage|p2b: Ursaluna|7/100
|
|-weather|SunnyDay|[upkeep]
|-damage|p1a: Charizard|21/100|[from] ability: Solar Power|[of] p1a: Charizard
|upkeep
|
|t:|1756416025
|switch|p2a: Maushold|Maushold-Four, L50|100/100
|turn|2
|
|t:|1756416038
|move|p1b: Torkoal|Protect|p1b: Torkoal
|-singleturn|p1b: Torkoal|Protect
|move|p2a: Maushold|Population Bomb|p1b: Torkoal
|-activate|p1b: Torkoal|move: Protect
|move|p2b: Ursaluna|Hyper Voice|p1a: Charizard|[spread] p1a
|-activate|p1b: Torkoal|move: Protect
|-damage|p1a: Charizard|0 fnt
|faint|p1a: Charizard
|-damage|p2b: Ursaluna|0 fnt|[from] item: Life Orb
|faint|p2b: Ursaluna
|
|-weather|SunnyDay|[upkeep]
|upkeep
|
|t:|1756416048
|switch|p1a: Jumpluff|Jumpluff, L50, F|100/100
|switch|p2b: Hydreigon|Hydreigon, L50, F|100/100
|turn|3
|
|t:|1756416070
|move|p2a: Maushold|Population Bomb|p1a: Jumpluff
|-damage|p1a: Jumpluff|85/100
|-damage|p1a: Jumpluff|70/100
|-crit|p1a: Jumpluff
|-damage|p1a: Jumpluff|48/100
|-damage|p1a: Jumpluff|35/100
|-damage|p1a: Jumpluff|20/100
|-damage|p1a: Jumpluff|5/100
|-damage|p1a: Jumpluff|0 fnt
|faint|p1a: Jumpluff
|-hitcount|p1: Jumpluff|7
|move|p2b: Hydreigon|Dark Pulse|p1b: Torkoal
|-damage|p1b: Torkoal|0 fnt
|faint|p1b: Torkoal
|
|-weather|SunnyDay|[upkeep]
|upkeep
|
|t:|1756416075
|switch|p1b: Porygon2|Porygon2, L50|100/100
|-ability|p1b: Porygon2|Download|boost
|-boost|p1b: Porygon2|atk|1
|turn|4
|
|t:|1756416088
|-terastallize|p1b: Porygon2|Fighting
|move|p2a: Maushold|Population Bomb|p1b: Porygon2
|-damage|p1b: Porygon2|94/100
|-damage|p1b: Porygon2|85/100
|-damage|p1b: Porygon2|77/100
|-damage|p1b: Porygon2|71/100
|-damage|p1b: Porygon2|63/100
|-damage|p1b: Porygon2|55/100
|-damage|p1b: Porygon2|48/100
|-damage|p1b: Porygon2|41/100
|-damage|p1b: Porygon2|35/100
|-damage|p1b: Porygon2|28/100
|-hitcount|p1b: Porygon2|10
|move|p2b: Hydreigon|Dark Pulse|p1b: Porygon2
|-resisted|p1b: Porygon2
|-damage|p1b: Porygon2|10/100
|move|p1b: Porygon2|Tera Blast|p2a: Maushold|[anim] Tera Blast Fighting
|-supereffective|p2a: Maushold
|-damage|p2a: Maushold|0 fnt
|faint|p2a: Maushold
|
|-weather|SunnyDay|[upkeep]
|-sideend|p2: saboyita|move: Tailwind
|upkeep
|turn|5
|
|t:|1756416108
|move|p2b: Hydreigon|Dark Pulse|p1b: Porygon2
|-resisted|p1b: Porygon2
|-damage|p1b: Porygon2|0 fnt
|faint|p1b: Porygon2
|
|win|saboyita
|l|☆enrico20022002
|player|p1|
