|j|☆toughlogvgc
|j|‽MPM1998
|html|toughlogvgcMPM1998    
|uhtml|bestof|Game 1 of a best-of-3
|t:|1783872647
|gametype|doubles
|player|p1|toughlogvgc|1|1148
|player|p2|MPM1998|170|1287
|gen|9
|tier|[Gen 9 Champions] VGC 2026 Reg M-B (Bo3)
|rated|
|rule|Species Clause: Limit one of each Pokémon
|rule|Item Clause: Limit 1 of each item
|clearpoke
|poke|p1|Charizard, L50, M|
|poke|p1|Garchomp, L50, M|
|poke|p1|Basculegion, L50, M|
|poke|p1|Whimsicott, L50, F|
|poke|p1|Kingambit, L50, F|
|poke|p1|Floette-Eternal, L50, F|
|poke|p2|Pelipper, L50, M|
|poke|p2|Sneasler, L50, M|
|poke|p2|Archaludon, L50, M|
|poke|p2|Swampert, L50, F|
|poke|p2|Basculegion, L50, M|
|poke|p2|Sylveon, L50, M|
|teampreview|4
|showteam|p1|Charizard||CharizarditeY|Blaze|HeatWave,SolarBeam,Protect,WeatherBall|Modest||M|||50|]Garchomp||LifeOrb|RoughSkin|DragonClaw,Earthquake,RockSlide,Protect|Jolly||M|||50|]Basculegion||ChoiceScarf|Adaptability|WaveCrash,AquaJet,FlipTurn,LastRespects|Adamant||M|||50|]Whimsicott||FocusSash|Prankster|Moonblast,Tailwind,Protect,Encore|Timid||F|||50|]Kingambit||BlackGlasses|Defiant|IronHead,KowtowCleave,Protect,SuckerPunch|Adamant||F|||50|]Floette-Eternal||Floettite|FlowerVeil|Moonblast,LightofRuin,DazzlingGleam,Protect|Modest||F|||50|
|showteam|p2|Pelipper||FocusSash|Drizzle|Tailwind,Hurricane,WeatherBall,Protect|Timid||M|||50|]Sneasler||WhiteHerb|Unburden|FakeOut,CloseCombat,DireClaw,Protect|Adamant||M|||50|]Archaludon||SitrusBerry|Stamina|FlashCannon,DragonPulse,ElectroShot,Protect|Modest||M|||50|]Swampert||Swampertite|Torrent|WaveCrash,HighHorsepower,IcePunch,Protect|Adamant||F|||50|]Basculegion||ChoiceScarf|Adaptability|WaveCrash,FlipTurn,LastRespects,AquaJet|Jolly||M|||50|]Sylveon||FairyFeather|Pixilate|HyperVoice,HyperBeam,QuickAttack,Protect|Modest||M|||50|
|inactive|Battle timer is ON: inactive players will automatically lose when time's up. (requested by MPM1998)
|inactive|toughlogvgc has 60 seconds left.
|inactive|toughlogvgc has 30 seconds left.
|inactive|toughlogvgc has 20 seconds left.
|inactive|toughlogvgc has 15 seconds left.
|
|t:|1783872737
|teamsize|p1|4
|teamsize|p2|4
|start
|switch|p1a: Charizard|Charizard, L50, M|100/100
|switch|p1b: Garchomp|Garchomp, L50, M|100/100
|switch|p2a: Sneasler|Sneasler, L50, M|100/100
|switch|p2b: Basculegion|Basculegion, L50, M|100/100
|turn|1
|inactive|MPM1998 has 30 seconds left.
|inactive|MPM1998 has 20 seconds left.
|inactive|MPM1998 has 15 seconds left.
|inactive|MPM1998 has 10 seconds left.
|inactive|MPM1998 has 5 seconds left.
|
|t:|1783872789
|move|p1a: Charizard|Protect|p1a: Charizard
|-singleturn|p1a: Charizard|Protect
|move|p2a: Sneasler|Fake Out|p1b: Garchomp
|-damage|p1b: Garchomp|83/100
|-damage|p2a: Sneasler|87/100|[from] ability: Rough Skin|[of] p1b: Garchomp
|move|p2b: Basculegion|Wave Crash|p1a: Charizard
|-activate|p1a: Charizard|move: Protect
|cant|p1b: Garchomp|flinch
|
|upkeep
|turn|2
|inactive|toughlogvgc has 30 seconds left.
|
|t:|1783872818
|switch|p1a: Kingambit|Kingambit, L50, F|100/100
|move|p1b: Garchomp|Protect|p1b: Garchomp
|-singleturn|p1b: Garchomp|Protect
|move|p2b: Basculegion|Wave Crash|p1a: Kingambit
|-damage|p1a: Kingambit|50/100g
|-damage|p2b: Basculegion|82/100|[from] Recoil
|move|p2a: Sneasler|Dire Claw|p1a: Kingambit
|-immune|p1a: Kingambit
|
|upkeep
|turn|3
|
|t:|1783872838
|move|p1a: Kingambit|Protect|p1a: Kingambit
|-singleturn|p1a: Kingambit|Protect
|move|p2b: Basculegion|Wave Crash|p1b: Garchomp
|-damage|p1b: Garchomp|16/100
|-damage|p2b: Basculegion|70/100|[from] ability: Rough Skin|[of] p1b: Garchomp
|-damage|p2b: Basculegion|49/100|[from] Recoil
|move|p2a: Sneasler|Close Combat|p1a: Kingambit
|-activate|p1a: Kingambit|move: Protect
|move|p1b: Garchomp|Earthquake|p2b: Basculegion|[spread] p2a,p2b
|-activate|p1a: Kingambit|move: Protect
|-supereffective|p2a: Sneasler|1
|-damage|p2a: Sneasler|0 fnt
|-damage|p2b: Basculegion|0 fnt
|faint|p2a: Sneasler
|faint|p2b: Basculegion
|-damage|p1b: Garchomp|7/100|[from] item: Life Orb
|
|upkeep
|
|t:|1783872841
|switch|p2a: Pelipper|Pelipper, L50, M|100/100
|switch|p2b: Swampert|Swampert, L50, F|100/100
|-weather|RainDance|[from] ability: Drizzle|[of] p2a: Pelipper
|turn|4
|inactive|toughlogvgc has 30 seconds left.
|inactive|toughlogvgc has 20 seconds left.
|inactive|toughlogvgc has 15 seconds left.
|inactive|toughlogvgc has 10 seconds left.
|
|t:|1783872887
|detailschange|p2b: Swampert|Swampert-Mega, L50, F
|-mega|p2b: Swampert|Swampert|Swampertite
|move|p1b: Garchomp|Protect|p1b: Garchomp
|-singleturn|p1b: Garchomp|Protect
|move|p2b: Swampert|High Horsepower|p1a: Kingambit
|-supereffective|p1a: Kingambit|1
|-damage|p1a: Kingambit|0 fnt
|faint|p1a: Kingambit
|move|p2a: Pelipper|Tailwind|p2a: Pelipper
|-sidestart|p2: MPM1998|move: Tailwind
|
|-weather|RainDance|[upkeep]
|upkeep
|
|t:|1783872901
|switch|p1a: Charizard|Charizard, L50, M|100/100
|turn|5
|
|t:|1783872912
|detailschange|p1a: Charizard|Charizard-Mega-Y, L50, M
|-mega|p1a: Charizard|Charizard|Charizardite Y
|-weather|SunnyDay|[from] ability: Drought|[of] p1a: Charizard
|move|p2a: Pelipper|Weather Ball|p1a: Charizard
|-resisted|p1a: Charizard|1
|-damage|p1a: Charizard|81/100
|move|p2b: Swampert|Wave Crash|p1a: Charizard
|-supereffective|p1a: Charizard|1
|-damage|p1a: Charizard|0 fnt
|faint|p1a: Charizard
|-damage|p2b: Swampert|72/100|[from] Recoil
|move|p1b: Garchomp|Rock Slide|p2b: Swampert|[spread] 
|-miss|p1b: Garchomp|p2a: Pelipper
|-miss|p1b: Garchomp|p2b: Swampert
|
|-weather|SunnyDay|[upkeep]
|upkeep
|
|t:|1783872927
|switch|p1a: Basculegion|Basculegion, L50, M|100/100
|turn|6
|
|t:|1783872939
|move|p1b: Garchomp|Protect|p1b: Garchomp
|-singleturn|p1b: Garchomp|Protect
|move|p2a: Pelipper|Hurricane|p1a: Basculegion
|-damage|p1a: Basculegion|44/100
|-start|p1a: Basculegion|confusion
|move|p2b: Swampert|High Horsepower|p1a: Basculegion
|-damage|p1a: Basculegion|0 fnt
|faint|p1a: Basculegion
|
|-weather|SunnyDay|[upkeep]
|upkeep
|turn|7
|
|t:|1783872950
|move|p1b: Garchomp|Protect||[still]
|-fail|p1b: Garchomp
|move|p2a: Pelipper|Weather Ball|p1b: Garchomp
|-resisted|p1b: Garchomp|1
|-damage|p1b: Garchomp|0 fnt
|faint|p1b: Garchomp
|
|win|MPM1998
||MPM1998 is ready for game 2.
