|j|☆Nonowaos
|j|☆magikarp to ubers
|html|Nonowaosmagikarp to ubers    
|uhtml|bestof|Game 1 of a best-of-3
|t:|1782662942
|gametype|doubles
|player|p1|Nonowaos|2|1047
|player|p2|magikarp to ubers|2|1072
|gen|9
|tier|[Gen 9 Champions] VGC 2026 Reg M-B (Bo3)
|rated|
|rule|Species Clause: Limit one of each Pokémon
|rule|Item Clause: Limit 1 of each item
|clearpoke
|poke|p1|Swampert, L50, F|
|poke|p1|Incineroar, L50, M|
|poke|p1|Sylveon, L50, M|
|poke|p1|Archaludon, L50, M|
|poke|p1|Sinistcha, L50|
|poke|p1|Pelipper, L50, M|
|poke|p2|Mawile, L50, M|
|poke|p2|Torkoal, L50, M|
|poke|p2|Spiritomb, L50, F|
|poke|p2|Sinistcha, L50|
|poke|p2|Incineroar, L50, F|
|poke|p2|Slowbro, L50, F|
|teampreview|4
|showteam|p1|Swampert||Swampertite|Torrent|Earthquake,WaveCrash,IcePunch,Protect|Adamant||F|||50|]Incineroar||SitrusBerry|Intimidate|FakeOut,FlareBlitz,PartingShot,ThroatChop|Adamant||M|||50|]Sylveon||FairyFeather|Pixilate|QuickAttack,HyperVoice,Moonblast,Protect|Modest||M|||50|]Archaludon||WhiteHerb|Stamina|DracoMeteor,FlashCannon,Protect,ElectroShot|Modest||M|||50|]Sinistcha||CobaBerry|Hospitality|MatchaGotcha,LifeDew,RagePowder,StrengthSap|Bold|||||50|]Pelipper||FocusSash|Drizzle|Hurricane,Protect,WideGuard,WeatherBall|Bold||M|||50|
|showteam|p2|Mawile||Mawilite|HyperCutter|PlayRough,Protect,IronHead,RockSlide|Brave||M|||50|]Torkoal||Charcoal|Drought|Eruption,SolarBeam,HeatWave,Protect|Quiet||M|||50|]Spiritomb||FocusSash|Pressure|TrickRoom,SkillSwap,WillOWisp,AllySwitch|Relaxed||F|||50|]Sinistcha||KasibBerry|Hospitality|MatchaGotcha,TrickRoom,RagePowder,LifeDew|Relaxed|||||50|]Incineroar||SitrusBerry|Intimidate|PartingShot,ThroatChop,FakeOut,FlareBlitz|Brave||F|||50|]Slowbro||Leftovers|Regenerator|Psychic,Scald,HelpingHand,Protect|Modest||F|||50|
|inactive|Battle timer is ON: inactive players will automatically lose when time's up. (requested by Nonowaos)
|
|t:|1782662969
|teamsize|p1|4
|teamsize|p2|4
|start
|switch|p1a: Incineroar|Incineroar, L50, M|100/100
|switch|p1b: Sylveon|Sylveon, L50, M|100/100
|switch|p2a: Spiritomb|Spiritomb, L50, F|100/100
|switch|p2b: Torkoal|Torkoal, L50, M|100/100
|-ability|p1a: Incineroar|Intimidate|boost
|-unboost|p2a: Spiritomb|atk|1
|-unboost|p2b: Torkoal|atk|1
|-ability|p2a: Spiritomb|Pressure
|-weather|SunnyDay|[from] ability: Drought|[of] p2b: Torkoal
|turn|1
|j| zannara
|l| zannara
|
|t:|1782662992
|move|p2b: Torkoal|Protect|p2b: Torkoal
|-singleturn|p2b: Torkoal|Protect
|move|p1a: Incineroar|Fake Out|p2b: Torkoal
|-activate|p2b: Torkoal|move: Protect
|move|p1b: Sylveon|Hyper Voice|p2b: Torkoal|[spread] p2a
|-activate|p2b: Torkoal|move: Protect
|-supereffective|p2a: Spiritomb|1
|-damage|p2a: Spiritomb|10/100
|move|p2a: Spiritomb|Trick Room|p2a: Spiritomb
|-fieldstart|move: Trick Room|[of] p2a: Spiritomb
|
|-weather|SunnyDay|[upkeep]
|upkeep
|turn|2
|inactive|magikarp to ubers has 30 seconds left.
|
|t:|1782663026
|move|p1b: Sylveon|Quick Attack|p2a: Spiritomb
|-supereffective|p2a: Spiritomb|1
|-damage|p2a: Spiritomb|0 fnt
|faint|p2a: Spiritomb
|move|p2b: Torkoal|Eruption|p1a: Incineroar|[spread] p1a,p1b
|-resisted|p1a: Incineroar|1
|-damage|p1a: Incineroar|62/100
|-damage|p1b: Sylveon|36/100
|move|p1a: Incineroar|Throat Chop|p2b: Torkoal
|-damage|p2b: Torkoal|68/100
|-start|p2b: Torkoal|Throat Chop|[silent]
|
|-weather|SunnyDay|[upkeep]
|upkeep
|
|t:|1782663037
|switch|p2a: Mawile|Mawile, L50, M|100/100
|turn|3
|
|t:|1782663056
|detailschange|p2a: Mawile|Mawile-Mega, L50, M
|-mega|p2a: Mawile|Mawile|Mawilite
|move|p1b: Sylveon|Protect|p1b: Sylveon
|-singleturn|p1b: Sylveon|Protect
|move|p2b: Torkoal|Heat Wave|p1a: Incineroar|[spread] p1a
|-activate|p1b: Sylveon|move: Protect
|-resisted|p1a: Incineroar|1
|-damage|p1a: Incineroar|36/100
|-enditem|p1a: Incineroar|Sitrus Berry|[eat]
|-heal|p1a: Incineroar|61/100|[from] item: Sitrus Berry
|move|p2a: Mawile|Play Rough|p1a: Incineroar
|-damage|p1a: Incineroar|0 fnt
|faint|p1a: Incineroar
|
|-weather|SunnyDay|[upkeep]
|-end|p2b: Torkoal|Throat Chop|[silent]
|upkeep
|
|t:|1782663078
|switch|p1a: Swampert|Swampert, L50, F|100/100
|turn|4
|inactive|magikarp to ubers has 30 seconds left.
|
|t:|1782663103
|switch|p2b: Sinistcha|Sinistcha, L50|100/100
|switch|p1b: Pelipper|Pelipper, L50, M|100/100
|-weather|RainDance|[from] ability: Drizzle|[of] p1b: Pelipper
|detailschange|p1a: Swampert|Swampert-Mega, L50, F
|-mega|p1a: Swampert|Swampert|Swampertite
|move|p2a: Mawile|Protect|p2a: Mawile
|-singleturn|p2a: Mawile|Protect
|move|p1a: Swampert|Earthquake|p2a: Mawile|[spread] p2b
|-activate|p2a: Mawile|move: Protect
|-immune|p1b: Pelipper
|-resisted|p2b: Sinistcha|1
|-damage|p2b: Sinistcha|83/100
|
|-weather|RainDance|[upkeep]
|upkeep
|turn|5
|j| BearlyInterested
|inactive|Nonowaos has 30 seconds left.
|inactive|magikarp to ubers has 30 seconds left.
|
|t:|1782663138
|switch|p2b: Torkoal|Torkoal, L50, M|68/100
|-weather|SunnyDay|[from] ability: Drought|[of] p2b: Torkoal
|move|p1b: Pelipper|Protect|p1b: Pelipper
|-singleturn|p1b: Pelipper|Protect
|move|p1a: Swampert|Protect|p1a: Swampert
|-singleturn|p1a: Swampert|Protect
|move|p2a: Mawile|Play Rough|p1a: Swampert
|-activate|p1a: Swampert|move: Protect
|
|-weather|SunnyDay|[upkeep]
|-fieldend|move: Trick Room
|upkeep
|turn|6
|
|t:|1782663163
|switch|p1b: Sylveon|Sylveon, L50, M|36/100
|switch|p2b: Sinistcha|Sinistcha, L50|83/100
|move|p2a: Mawile|Protect|p2a: Mawile
|-singleturn|p2a: Mawile|Protect
|move|p1a: Swampert|Earthquake|p2b: Sinistcha|[spread] p1b,p2b
|-activate|p2a: Mawile|move: Protect
|-resisted|p2b: Sinistcha|1
|-damage|p1b: Sylveon|0 fnt
|-damage|p2b: Sinistcha|66/100
|faint|p1b: Sylveon
|
|-weather|SunnyDay|[upkeep]
|upkeep
|
|t:|1782663173
|switch|p1b: Pelipper|Pelipper, L50, M|100/100
|-weather|RainDance|[from] ability: Drizzle|[of] p1b: Pelipper
|turn|7
|
|t:|1782663189
|switch|p2a: Torkoal|Torkoal, L50, M|68/100
|-weather|SunnyDay|[from] ability: Drought|[of] p2a: Torkoal
|move|p1a: Swampert|Earthquake|p2a: Torkoal|[spread] p2a,p2b
|-immune|p1b: Pelipper
|-supereffective|p2a: Torkoal|1
|-resisted|p2b: Sinistcha|1
|-damage|p2a: Torkoal|0 fnt
|-damage|p2b: Sinistcha|50/100g
|faint|p2a: Torkoal
|move|p1b: Pelipper|Weather Ball|p2b: Sinistcha
|-supereffective|p2b: Sinistcha|1
|-damage|p2b: Sinistcha|0 fnt
|faint|p2b: Sinistcha
|
|-weather|SunnyDay|[upkeep]
|upkeep
|
|t:|1782663206
|switch|p2b: Mawile|Mawile-Mega, L50, M|100/100
|turn|8
|
|t:|1782663213
|move|p1a: Swampert|Earthquake|p2b: Mawile|[spread] p2b
|-immune|p1b: Pelipper
|-supereffective|p2b: Mawile|1
|-damage|p2b: Mawile|8/100
|move|p1b: Pelipper|Weather Ball|p2b: Mawile
|-supereffective|p2b: Mawile|1
|-damage|p2b: Mawile|0 fnt
|faint|p2b: Mawile
|
|win|Nonowaos
|inactive|Nonowaos has 30 seconds to confirm battle start!
|inactive|magikarp to ubers has 30 seconds to confirm battle start!
