|j|☆certified urgl
|j|☆oscraft89
|html|certified urgloscraft89    
|uhtml|bestof|Game 2 of a best-of-3
|t:|1756547378
|gametype|doubles
|player|p1|certified urgl|102|1328
|player|p2|oscraft89|102|1382
|gen|9
|tier|[Gen 9] VGC 2025 Reg H (Bo3)
|rated|
|rule|Species Clause: Limit one of each Pokémon
|rule|Item Clause: Limit 1 of each item
|clearpoke
|poke|p1|Gholdengo, L50|
|poke|p1|Sneasler, L50, M|
|poke|p1|Rillaboom, L50, M|
|poke|p1|Dragonite, L50, F|
|poke|p1|Ninetales-Alola, L50, F|
|poke|p1|Arcanine-Hisui, L50, F|
|poke|p2|Archaludon, L50, M|
|poke|p2|Gholdengo, L50|
|poke|p2|Ursaluna, L50, M|
|poke|p2|Pelipper, L50, M|
|poke|p2|Sinistcha-Masterpiece, L50|
|poke|p2|Dragonite, L50, F|
|teampreview|4
|showteam|p1|Gholdengo||GrassySeed|GoodasGold|NastyPlot,MakeItRain,ShadowBall,Protect||||||50|,,,,,Water]Sneasler||WhiteHerb|Unburden|CloseCombat,DireClaw,Coaching,Protect|||M|||50|,,,,,Ghost]Rillaboom||AssaultVest|GrassySurge|FakeOut,GrassyGlide,DrumBeating,HighHorsepower|||M|||50|,,,,,Fire]Dragonite||LoadedDice|Multiscale|ScaleShot,StompingTantrum,Tailwind,Protect|||F|||50|,,,,,Ground]Ninetales-Alola||FocusSash|SnowWarning|Blizzard,IcyWind,Encore,AuroraVeil|||F|||50|,,,,,Ghost]Arcanine-Hisui||ClearAmulet|Intimidate|RockSlide,FlareBlitz,ExtremeSpeed,Protect|||F|||50|,,,,,Water
|showteam|p2|Archaludon||AssaultVest|Stamina|FlashCannon,ElectroShot,BodyPress,Snarl|||M|||50|,,,,,Fighting]Gholdengo||ChoiceScarf|GoodasGold|MakeItRain,ShadowBall,Trick,PowerGem||||||50|,,,,,Flying]Ursaluna||FlameOrb|Guts|Protect,HeadlongRush,Facade,Earthquake|||M|||50|,,,,,Ghost]Pelipper||FocusSash|Drizzle|Protect,Hurricane,Tailwind,MuddyWater|||M|||50|,,,,,Ghost]Sinistcha-Masterpiece||SitrusBerry|Hospitality|MatchaGotcha,LifeDew,RagePowder,TrickRoom||||||50|,,,,,Dark]Dragonite||LoadedDice|Multiscale|ScaleShot,Protect,Tailwind,Haze|||F|||50|,,,,,Fairy
|inactive|Battle timer is ON: inactive players will automatically lose when time's up. (requested by certified urgl)
|
|t:|1756547404
|teamsize|p1|4
|teamsize|p2|4
|start
|switch|p1a: Rillaboom|Rillaboom, L50, M|100/100
|switch|p1b: Gholdengo|Gholdengo, L50|100/100
|switch|p2a: Archaludon|Archaludon, L50, M|100/100
|switch|p2b: Gholdengo|Gholdengo, L50|100/100
|-fieldstart|move: Grassy Terrain|[from] ability: Grassy Surge|[of] p1a: Rillaboom
|-enditem|p1b: Gholdengo|Grassy Seed
|-boost|p1b: Gholdengo|def|1|[from] item: Grassy Seed
|turn|1
|
|t:|1756547416
|move|p1b: Gholdengo|Protect|p1b: Gholdengo
|-singleturn|p1b: Gholdengo|Protect
|move|p2b: Gholdengo|Shadow Ball|p1b: Gholdengo
|-activate|p1b: Gholdengo|move: Protect
|move|p1a: Rillaboom|Drum Beating|p2b: Gholdengo
|-resisted|p2b: Gholdengo
|-damage|p2b: Gholdengo|75/100
|-unboost|p2b: Gholdengo|spe|1
|move|p2a: Archaludon|Snarl|p1a: Rillaboom|[spread] p1a
|-activate|p1b: Gholdengo|move: Protect
|-damage|p1a: Rillaboom|92/100
|-unboost|p1a: Rillaboom|spa|1
|
|-heal|p1a: Rillaboom|97/100|[from] Grassy Terrain
|-heal|p2b: Gholdengo|81/100|[from] Grassy Terrain
|upkeep
|turn|2
|l|☆oscraft89
|inactive|oscraft89 disconnected and has a minute to reconnect!
|player|p2|
|inactive|certified urgl has 30 seconds left.
|inactive|oscraft89 has 30 seconds left.
|inactive|certified urgl has 20 seconds left.
|inactive|oscraft89 has 20 seconds left.
|j|☆oscraft89
|inactive|oscraft89 reconnected and has 20 seconds left.
|player|p2|oscraft89|102|
|inactive|oscraft89 has 15 seconds left.
|inactive|oscraft89 has 10 seconds left.
|
|t:|1756547466
|switch|p1b: Arcanine|Arcanine-Hisui, L50, F|100/100
|-ability|p1b: Arcanine|Intimidate|boost
|-unboost|p2a: Archaludon|atk|1
|-unboost|p2b: Gholdengo|atk|1
|switch|p2b: Pelipper|Pelipper, L50, M|100/100
|-weather|RainDance|[from] ability: Drizzle|[of] p2b: Pelipper
|move|p1a: Rillaboom|Drum Beating|p2b: Pelipper
|-damage|p2b: Pelipper|46/100
|-unboost|p2b: Pelipper|spe|1
|move|p2a: Archaludon|Electro Shot||[still]
|-prepare|p2a: Archaludon|Electro Shot
|-boost|p2a: Archaludon|spa|1
|-anim|p2a: Archaludon|Electro Shot|p1b: Arcanine
|-damage|p1b: Arcanine|36/100
|
|-weather|RainDance|[upkeep]
|-heal|p1b: Arcanine|41/100|[from] Grassy Terrain
|-heal|p1a: Rillaboom|100/100|[from] Grassy Terrain
|upkeep
|turn|3
|inactive|certified urgl has 30 seconds left.
|
|t:|1756547497
|switch|p1a: Ninetales|Ninetales-Alola, L50, F|100/100
|-weather|Snowscape|[from] ability: Snow Warning|[of] p1a: Ninetales
|switch|p2b: Gholdengo|Gholdengo, L50|81/100
|move|p1b: Arcanine|Flare Blitz|p2a: Archaludon
|-damage|p2a: Archaludon|66/100
|-ability|p2a: Archaludon|Stamina|boost
|-boost|p2a: Archaludon|def|1
|-damage|p1b: Arcanine|29/100|[from] Recoil
|move|p2a: Archaludon|Flash Cannon|p1a: Ninetales
|-supereffective|p1a: Ninetales
|-enditem|p1a: Ninetales|Focus Sash
|-damage|p1a: Ninetales|1/100
|
|-weather|Snowscape|[upkeep]
|-heal|p2b: Gholdengo|87/100|[from] Grassy Terrain
|-heal|p1a: Ninetales|7/100|[from] Grassy Terrain
|-heal|p1b: Arcanine|34/100|[from] Grassy Terrain
|-heal|p2a: Archaludon|72/100|[from] Grassy Terrain
|upkeep
|turn|4
|l|☆oscraft89
|inactive|oscraft89 disconnected and has a minute to reconnect!
|player|p2|
|j|☆oscraft89
|inactive|oscraft89 reconnected and has 35 seconds left.
|player|p2|oscraft89|102|
|inactive|certified urgl has 30 seconds left.
|inactive|oscraft89 has 30 seconds left.
|inactive|oscraft89 has 20 seconds left.
|inactive|oscraft89 has 15 seconds left.
|
|t:|1756547537
|switch|p1a: Rillaboom|Rillaboom, L50, M|100/100
|move|p1b: Arcanine|Protect|p1b: Arcanine
|-singleturn|p1b: Arcanine|Protect
|move|p2b: Gholdengo|Make It Rain|p1a: Rillaboom|[spread] p1a
|-activate|p1b: Arcanine|move: Protect
|-damage|p1a: Rillaboom|54/100
|-unboost|p2b: Gholdengo|spa|1
|move|p2a: Archaludon|Body Press|p1a: Rillaboom
|-damage|p1a: Rillaboom|12/100
|
|-weather|Snowscape|[upkeep]
|-heal|p2b: Gholdengo|93/100|[from] Grassy Terrain
|-heal|p1b: Arcanine|40/100|[from] Grassy Terrain
|-heal|p1a: Rillaboom|17/100|[from] Grassy Terrain
|-heal|p2a: Archaludon|78/100|[from] Grassy Terrain
|upkeep
|turn|5
|l|☆oscraft89
|inactive|oscraft89 disconnected and has a minute to reconnect!
|player|p2|
|inactive|certified urgl has 30 seconds left.
|inactive|oscraft89 has 30 seconds left.
|j|☆oscraft89
|inactive|oscraft89 reconnected and has 30 seconds left.
|player|p2|oscraft89|102|
|inactive|oscraft89 has 20 seconds left.
|
|t:|1756547574
|switch|p1a: Gholdengo|Gholdengo, L50|100/100
|move|p2b: Gholdengo|Make It Rain|p1b: Arcanine|[spread] p1a,p1b
|-resisted|p1a: Gholdengo
|-damage|p1a: Gholdengo|82/100
|-damage|p1b: Arcanine|0 fnt
|-unboost|p2b: Gholdengo|spa|1
|faint|p1b: Arcanine
|move|p2a: Archaludon|Body Press|p1a: Gholdengo
|-immune|p1a: Gholdengo
|
|-weather|Snowscape|[upkeep]
|-heal|p2b: Gholdengo|99/100|[from] Grassy Terrain
|-heal|p1a: Gholdengo|89/100|[from] Grassy Terrain
|-heal|p2a: Archaludon|85/100|[from] Grassy Terrain
|-fieldend|move: Grassy Terrain
|upkeep
|inactive|certified urgl has 30 seconds left.
|
|t:|1756547605
|switch|p1b: Rillaboom|Rillaboom, L50, M|17/100
|-fieldstart|move: Grassy Terrain|[from] ability: Grassy Surge|[of] p1b: Rillaboom
|turn|6
|l|☆oscraft89
|inactive|oscraft89 disconnected and has a minute to reconnect!
|player|p2|
|inactive|oscraft89 has 30 seconds left.
|inactive|oscraft89 has 20 seconds left.
|inactive|oscraft89 has 15 seconds left.
|inactive|oscraft89 has 10 seconds left.
|inactive|oscraft89 has 5 seconds left.
|-message|oscraft89 lost due to inactivity.
|
|win|certified urgl
