|j|☆entei enthusiast
|j|☆eggtophat_real
|html|entei enthusiasteggtophat_real    
|uhtml|bestof|Game 3 of a best-of-3
|t:|1756865976
|gametype|doubles
|player|p1|entei enthusiast|102|
|player|p2|eggtophat_real|n-masters|
|gen|9
|tier|[Gen 9] VGC 2025 Reg H (Bo3)
|rule|Species Clause: Limit one of each Pokémon
|rule|Item Clause: Limit 1 of each item
|clearpoke
|poke|p1|Gholdengo, L50|
|poke|p1|Sneasler, L50, M|
|poke|p1|Rillaboom, L50, F|
|poke|p1|Dragonite, L50, M|
|poke|p1|Ninetales-Alola, L50, M|
|poke|p1|Arcanine-Hisui, L50, F|
|poke|p2|Gholdengo, L50|
|poke|p2|Sneasler, L50, M|
|poke|p2|Rillaboom, L50, F|
|poke|p2|Dragonite, L50, F|
|poke|p2|Ninetales-Alola, L50, F|
|poke|p2|Arcanine-Hisui, L50, M|
|teampreview|4
|showteam|p1|Gholdengo||GrassySeed|GoodasGold|NastyPlot,MakeItRain,ShadowBall,Protect||||||50|,,,,,Water]Sneasler||WhiteHerb|Unburden|CloseCombat,DireClaw,Coaching,Protect|||M|||50|,,,,,Ghost]Rillaboom||AssaultVest|GrassySurge|FakeOut,GrassyGlide,DrumBeating,HighHorsepower|||F|||50|,,,,,Fire]Dragonite||LoadedDice|Multiscale|ScaleShot,StompingTantrum,Tailwind,Protect|||M|||50|,,,,,Ground]Ninetales-Alola||FocusSash|SnowWarning|Blizzard,IcyWind,Encore,AuroraVeil|||M|||50|,,,,,Ghost]Arcanine-Hisui||ClearAmulet|Intimidate|RockSlide,FlareBlitz,ExtremeSpeed,Protect|||F|||50|,,,,,Water
|showteam|p2|Gholdengo||GrassySeed|GoodasGold|NastyPlot,MakeItRain,ShadowBall,Protect||||||50|,,,,,Water]Sneasler||WhiteHerb|Unburden|CloseCombat,DireClaw,Coaching,Protect|||M|||50|,,,,,Ghost]Rillaboom||AssaultVest|GrassySurge|FakeOut,GrassyGlide,DrumBeating,HighHorsepower|||F|||50|,,,,,Fire]Dragonite||LoadedDice|Multiscale|ScaleShot,StompingTantrum,Tailwind,Protect|||F|||50|,,,,,Ground]Ninetales-Alola||FocusSash|SnowWarning|Blizzard,IcyWind,Encore,AuroraVeil|||F|||50|,,,,,Ghost]Arcanine-Hisui||ClearAmulet|Intimidate|RockSlide,FlareBlitz,ExtremeSpeed,Protect|||M|||50|,,,,,Water
|inactive|Battle timer is ON: inactive players will automatically lose when time's up. (requested by eggtophat_real)
|inactive|eggtophat_real has 60 seconds left.
|
|t:|1756866024
|teamsize|p1|4
|teamsize|p2|4
|start
|switch|p1a: Gholdengo|Gholdengo, L50, shiny|100/100
|switch|p1b: Ninetales|Ninetales-Alola, L50, M|100/100
|switch|p2a: Rillaboom|Rillaboom, L50, F|100/100
|switch|p2b: Sneasler|Sneasler, L50, M|100/100
|-weather|Snowscape|[from] ability: Snow Warning|[of] p1b: Ninetales
|-fieldstart|move: Grassy Terrain|[from] ability: Grassy Surge|[of] p2a: Rillaboom
|-enditem|p1a: Gholdengo|Grassy Seed
|-boost|p1a: Gholdengo|def|1|[from] item: Grassy Seed
|turn|1
|inactive|eggtophat_real has 30 seconds left.
|inactive|eggtophat_real has 20 seconds left.
|inactive|eggtophat_real has 15 seconds left.
|
|t:|1756866065
|move|p1b: Ninetales|Aurora Veil|p1b: Ninetales
|-sidestart|p1: entei enthusiast|move: Aurora Veil
|move|p2b: Sneasler|Close Combat|p1b: Ninetales
|-damage|p1b: Ninetales|62/100
|-unboost|p2b: Sneasler|def|1
|-unboost|p2b: Sneasler|spd|1
|-enditem|p2b: Sneasler|White Herb
|-clearnegativeboost|p2b: Sneasler|[silent]
|move|p2a: Rillaboom|Drum Beating|p1a: Gholdengo
|-resisted|p1a: Gholdengo
|-damage|p1a: Gholdengo|91/100
|-unboost|p1a: Gholdengo|spe|1
|move|p1a: Gholdengo|Nasty Plot|p1a: Gholdengo
|-boost|p1a: Gholdengo|spa|2
|
|-weather|Snowscape|[upkeep]
|-heal|p1b: Ninetales|68/100|[from] Grassy Terrain
|-heal|p1a: Gholdengo|97/100|[from] Grassy Terrain
|upkeep
|turn|2
|inactive|entei enthusiast has 30 seconds left.
|inactive|eggtophat_real has 30 seconds left.
|
|t:|1756866098
|switch|p1b: Arcanine|Arcanine-Hisui, L50, F, shiny|100/100
|-ability|p1b: Arcanine|Intimidate|boost
|-unboost|p2a: Rillaboom|atk|1
|-unboost|p2b: Sneasler|atk|1
|-terastallize|p2a: Rillaboom|Fire
|move|p2b: Sneasler|Dire Claw|p1b: Arcanine
|-resisted|p1b: Arcanine
|-damage|p1b: Arcanine|89/100
|-status|p1b: Arcanine|psn
|move|p2a: Rillaboom|High Horsepower|p1a: Gholdengo
|-supereffective|p1a: Gholdengo
|-damage|p1a: Gholdengo|81/100
|move|p1a: Gholdengo|Nasty Plot|p1a: Gholdengo
|-boost|p1a: Gholdengo|spa|2
|
|-weather|Snowscape|[upkeep]
|-heal|p1b: Arcanine|95/100 psn|[from] Grassy Terrain
|-heal|p1a: Gholdengo|87/100|[from] Grassy Terrain
|-damage|p1b: Arcanine|83/100 psn|[from] psn
|upkeep
|turn|3
|inactive|entei enthusiast has 30 seconds left.
|inactive|eggtophat_real has 30 seconds left.
|c|☆entei enthusiast|grassy seed dengo strikes again
|inactive|eggtophat_real has 20 seconds left.
|c|☆eggtophat_real|16% is absurd
|inactive|eggtophat_real has 15 seconds left.
|inactive|eggtophat_real has 10 seconds left.
|
|t:|1756866145
|move|p2b: Sneasler|Coaching|p2a: Rillaboom
|-boost|p2a: Rillaboom|atk|1
|-boost|p2a: Rillaboom|def|1
|move|p1b: Arcanine|Flare Blitz|p2b: Sneasler
|-damage|p2b: Sneasler|31/100
|-damage|p1b: Arcanine|59/100 psn|[from] Recoil
|move|p2a: Rillaboom|High Horsepower|p1b: Arcanine
|-supereffective|p1b: Arcanine
|-damage|p1b: Arcanine|0 fnt
|faint|p1b: Arcanine
|move|p1a: Gholdengo|Make It Rain|p2b: Sneasler|[spread] p2a,p2b
|-resisted|p2a: Rillaboom
|-damage|p2a: Rillaboom|46/100
|-damage|p2b: Sneasler|0 fnt
|-unboost|p1a: Gholdengo|spa|1
|faint|p2b: Sneasler
|
|-weather|Snowscape|[upkeep]
|-heal|p2a: Rillaboom|52/100|[from] Grassy Terrain
|-heal|p1a: Gholdengo|93/100|[from] Grassy Terrain
|upkeep
|
|t:|1756866162
|switch|p2b: Arcanine|Arcanine-Hisui, L50, M|100/100
|switch|p1b: Sneasler|Sneasler, L50, M, shiny|100/100
|-ability|p2b: Arcanine|Intimidate|boost
|-unboost|p1a: Gholdengo|atk|1
|-unboost|p1b: Sneasler|atk|1
|-enditem|p1b: Sneasler|White Herb
|-clearnegativeboost|p1b: Sneasler|[silent]
|turn|4
|inactive|eggtophat_real has 30 seconds left.
|
|t:|1756866189
|switch|p2a: Ninetales|Ninetales-Alola, L50, F|100/100
|move|p1b: Sneasler|Close Combat|p2b: Arcanine
|-supereffective|p2b: Arcanine
|-damage|p2b: Arcanine|0 fnt
|-unboost|p1b: Sneasler|def|1
|-unboost|p1b: Sneasler|spd|1
|faint|p2b: Arcanine
|move|p1a: Gholdengo|Shadow Ball|p2a: Ninetales
|-enditem|p2a: Ninetales|Focus Sash
|-damage|p2a: Ninetales|1/100
|
|-weather|Snowscape|[upkeep]
|-heal|p2a: Ninetales|7/100|[from] Grassy Terrain
|-heal|p1a: Gholdengo|99/100|[from] Grassy Terrain
|upkeep
|
|t:|1756866194
|switch|p2b: Rillaboom|Rillaboom, L50, F, tera:Fire|52/100
|turn|5
|
|t:|1756866212
|-terastallize|p1b: Sneasler|Ghost
|move|p2b: Rillaboom|Grassy Glide|p1b: Sneasler
|-crit|p1b: Sneasler
|-damage|p1b: Sneasler|10/100
|move|p1b: Sneasler|Dire Claw|p2b: Rillaboom
|-damage|p2b: Rillaboom|12/100
|move|p2a: Ninetales|Blizzard|p1b: Sneasler|[spread] p1a,p1b
|-resisted|p1a: Gholdengo
|-damage|p1a: Gholdengo|89/100
|-damage|p1b: Sneasler|0 fnt
|faint|p1b: Sneasler
|move|p1a: Gholdengo|Make It Rain|p2b: Rillaboom|[spread] p2a,p2b
|-supereffective|p2a: Ninetales
|-resisted|p2b: Rillaboom
|-damage|p2a: Ninetales|0 fnt
|-damage|p2b: Rillaboom|0 fnt
|-unboost|p1a: Gholdengo|spa|1
|faint|p2a: Ninetales
|faint|p2b: Rillaboom
|
|win|entei enthusiast
|l|☆eggtophat_real
|player|p2|
|j|☆eggtophat_real
|player|p2|eggtophat_real|n-masters|
