|j|☆Im_Neutro
|j|☆lux raymundi
|html|Im_Neutrolux raymundi    
|uhtml|bestof|Game 2 of a best-of-3
|t:|1782240879
|gametype|doubles
|player|p1|Im_Neutro|noland|1118
|player|p2|lux raymundi|169|1038
|gen|9
|tier|[Gen 9 Champions] VGC 2026 Reg M-B (Bo3)
|rated|
|rule|Species Clause: Limit one of each Pokémon
|rule|Item Clause: Limit 1 of each item
|clearpoke
|poke|p1|Staraptor, L50, M|
|poke|p1|Whimsicott, L50, F|
|poke|p1|Dragapult, L50, M|
|poke|p1|Maushold-Four, L50|
|poke|p1|Incineroar, L50, F|
|poke|p1|Palafin, L50, F|
|poke|p2|Archaludon, L50, F|
|poke|p2|Pelipper, L50, M|
|poke|p2|Grimmsnarl, L50, M|
|poke|p2|Metagross, L50|
|poke|p2|Sinistcha, L50|
|poke|p2|Swampert, L50, M|
|teampreview|4
|showteam|p1|Staraptor||Staraptite|Intimidate|CloseCombat,BraveBird,Roost,Protect|Adamant||M|||50|]Whimsicott||FocusSash|Prankster|Encore,Charm,Tailwind,Protect|Bold||F|||50|]Dragapult||LifeOrb|ClearBody|DragonDance,BodySlam,DragonDarts,Protect|Adamant||M|||50|]Maushold-Four||ChopleBerry|FriendGuard|FollowMe,SuperFang,Charm,Protect|Timid|||||50|]Incineroar||SitrusBerry|Intimidate|PartingShot,FakeOut,FlareBlitz,DarkestLariat|Adamant||F|||50|]Palafin||MysticWater|ZerotoHero|CloseCombat,FlipTurn,WaveCrash,Protect|Jolly||F|||50|
|showteam|p2|Archaludon||Leftovers|Stamina|Protect,ElectroShot,FlashCannon,DragonPulse|Modest||F|||50|]Pelipper||SitrusBerry|Drizzle|WideGuard,Tailwind,WeatherBall,Hurricane|Modest||M|||50|]Grimmsnarl||LightClay|Prankster|FoulPlay,PartingShot,LightScreen,Reflect|Calm||M|||50|]Metagross||Metagrossite|ClearBody|Protect,BodyPress,PsychicFangs,IronHead|Jolly|||||50|]Sinistcha||CobaBerry|Hospitality|Protect,TrickRoom,MatchaGotcha,RagePowder|Relaxed|||||50|]Swampert||Swampertite|Damp|Protect,IcePunch,WaveCrash,Earthquake|Adamant||M|||50|
|inactive|Battle timer is ON: inactive players will automatically lose when time's up. (requested by Im_Neutro)
|
|t:|1782240889
|teamsize|p1|4
|teamsize|p2|4
|start
|switch|p1a: Whimsicott|Whimsicott, L50, F|100/100
|switch|p1b: Palafin|Palafin, L50, F|100/100
|switch|p2a: Pelipper|Pelipper, L50, M|100/100
|switch|p2b: Archaludon|Archaludon, L50, F|100/100
|-weather|RainDance|[from] ability: Drizzle|[of] p2a: Pelipper
|turn|1
|inactive|Im_Neutro has 30 seconds left.
|
|t:|1782240922
|move|p1a: Whimsicott|Tailwind|p1a: Whimsicott
|-sidestart|p1: Im_Neutro|move: Tailwind
|move|p1b: Palafin|Flip Turn|p2a: Pelipper
|-resisted|p2a: Pelipper|1
|-damage|p2a: Pelipper|80/100
|
|t:|1782240926
|detailschange|p1b: Palafin|Palafin-Hero, L50, F
|switch|p1b: Maushold|Maushold-Four, L50|100/100|[from] Flip Turn
|move|p2b: Archaludon|Electro Shot||[still]
|-prepare|p2b: Archaludon|Electro Shot
|-boost|p2b: Archaludon|spa|1
|-anim|p2b: Archaludon|Electro Shot|p1b: Maushold
|-damage|p1b: Maushold|22/100
|move|p2a: Pelipper|Hurricane|p1a: Whimsicott
|-supereffective|p1a: Whimsicott|1
|-damage|p1a: Whimsicott|2/100
|
|-weather|RainDance|[upkeep]
|upkeep
|turn|2
|inactive|lux raymundi has 30 seconds left.
|
|t:|1782240951
|move|p1a: Whimsicott|Protect|p1a: Whimsicott
|-singleturn|p1a: Whimsicott|Protect
|move|p1b: Maushold|Super Fang|p2b: Archaludon
|-damage|p2b: Archaludon|50/100g
|-ability|p2b: Archaludon|Stamina|boost
|-boost|p2b: Archaludon|def|1
|move|p2b: Archaludon|Electro Shot||[still]
|-prepare|p2b: Archaludon|Electro Shot
|-boost|p2b: Archaludon|spa|1
|-anim|p2b: Archaludon|Electro Shot|p1b: Maushold
|-damage|p1b: Maushold|0 fnt
|faint|p1b: Maushold
|move|p2a: Pelipper|Hurricane|p1a: Whimsicott
|-activate|p1a: Whimsicott|move: Protect
|
|-weather|RainDance|[upkeep]
|-heal|p2b: Archaludon|56/100|[from] item: Leftovers
|upkeep
|
|t:|1782240958
|switch|p1b: Staraptor|Staraptor, L50, M|100/100
|-ability|p1b: Staraptor|Intimidate|boost
|-unboost|p2a: Pelipper|atk|1
|-unboost|p2b: Archaludon|atk|1
|turn|3
|
|t:|1782240970
|detailschange|p1b: Staraptor|Staraptor-Mega, L50, M
|-mega|p1b: Staraptor|Staraptor|Staraptite
|move|p1a: Whimsicott|Charm|p1b: Staraptor
|-boost|p1b: Staraptor|atk|2
|move|p1b: Staraptor|Brave Bird|p2a: Pelipper
|-crit|p2a: Pelipper
|-damage|p2a: Pelipper|0 fnt
|faint|p2a: Pelipper
|-damage|p1b: Staraptor|76/100|[from] Recoil
|move|p2b: Archaludon|Flash Cannon|p1a: Whimsicott
|-supereffective|p1a: Whimsicott|1
|-damage|p1a: Whimsicott|0 fnt
|faint|p1a: Whimsicott
|
|-weather|RainDance|[upkeep]
|-heal|p2b: Archaludon|62/100|[from] item: Leftovers
|upkeep
|
|t:|1782240979
|switch|p1a: Palafin|Palafin-Hero, L50, F|100/100
|switch|p2a: Sinistcha|Sinistcha, L50|100/100
|-activate|p1a: Palafin|ability: Zero to Hero
|-heal|p2b: Archaludon|87/100|[from] ability: Hospitality|[of] p2a: Sinistcha
|turn|4
|
|t:|1782241004
|move|p2b: Archaludon|Protect|p2b: Archaludon
|-singleturn|p2b: Archaludon|Protect
|move|p1a: Palafin|Wave Crash|p2a: Sinistcha
|-resisted|p2a: Sinistcha|1
|-damage|p2a: Sinistcha|49/100
|-damage|p1a: Palafin|83/100|[from] Recoil
|move|p1b: Staraptor|Brave Bird|p2a: Sinistcha
|-supereffective|p2a: Sinistcha|1
|-enditem|p2a: Sinistcha|Coba Berry|[eat]
|-enditem|p2a: Sinistcha|Coba Berry|[weaken]
|-damage|p2a: Sinistcha|0 fnt
|faint|p2a: Sinistcha
|-damage|p1b: Staraptor|61/100|[from] Recoil
|
|-weather|RainDance|[upkeep]
|-heal|p2b: Archaludon|93/100|[from] item: Leftovers
|-sideend|p1: Im_Neutro|move: Tailwind
|upkeep
|
|t:|1782241014
|switch|p2a: Swampert|Swampert, L50, M|100/100
|turn|5
|
|t:|1782241022
|detailschange|p2a: Swampert|Swampert-Mega, L50, M
|-mega|p2a: Swampert|Swampert|Swampertite
|move|p1a: Palafin|Protect|p1a: Palafin
|-singleturn|p1a: Palafin|Protect
|move|p1b: Staraptor|Protect|p1b: Staraptor
|-singleturn|p1b: Staraptor|Protect
|move|p2a: Swampert|Wave Crash|p1b: Staraptor
|-activate|p1b: Staraptor|move: Protect
|move|p2b: Archaludon|Electro Shot||[still]
|-prepare|p2b: Archaludon|Electro Shot
|-boost|p2b: Archaludon|spa|1
|-anim|p2b: Archaludon|Electro Shot|p1a: Palafin
|-activate|p1a: Palafin|move: Protect
|
|-weather|none
|-heal|p2b: Archaludon|99/100|[from] item: Leftovers
|upkeep
|turn|6
|
|t:|1782241032
|move|p2b: Archaludon|Protect|p2b: Archaludon
|-singleturn|p2b: Archaludon|Protect
|move|p1a: Palafin|Wave Crash|p2a: Swampert
|-damage|p2a: Swampert|22/100
|-damage|p1a: Palafin|57/100|[from] Recoil
|move|p1b: Staraptor|Close Combat|p2b: Archaludon
|-activate|p2b: Archaludon|move: Protect
|move|p2a: Swampert|Wave Crash|p1b: Staraptor
|-damage|p1b: Staraptor|0 fnt
|faint|p1b: Staraptor
|-damage|p2a: Swampert|1/100|[from] Recoil
|
|-heal|p2b: Archaludon|100/100|[from] item: Leftovers
|upkeep
|turn|7
|
|t:|1782241048
|move|p1a: Palafin|Flip Turn|p2a: Swampert
|-damage|p2a: Swampert|0 fnt
|faint|p2a: Swampert
|move|p2b: Archaludon|Dragon Pulse|p1a: Palafin
|-damage|p1a: Palafin|0 fnt
|faint|p1a: Palafin
|
|win|lux raymundi
