|j|☆spodermees
|j|☆al.fo1234
|html|spodermeesal.fo1234    
|uhtml|bestof|Game 1 of a best-of-3
|t:|1784236956
|gametype|doubles
|player|p1|spodermees|sailor|1153
|player|p2|al.fo1234|acetrainer-gen4dp|1170
|gen|9
|tier|[Gen 9 Champions] VGC 2026 Reg M-B (Bo3)
|rated|
|rule|Species Clause: Limit one of each Pokémon
|rule|Item Clause: Limit 1 of each item
|clearpoke
|poke|p1|Floette-Eternal, L50, F|
|poke|p1|Sneasler, L50, M|
|poke|p1|Incineroar, L50, F|
|poke|p1|Sinistcha, L50|
|poke|p1|Delphox, L50, F|
|poke|p1|Garchomp, L50, M|
|poke|p2|Garchomp, L50, M|
|poke|p2|Charizard, L50, M|
|poke|p2|Venusaur, L50, M|
|poke|p2|Incineroar, L50, F|
|poke|p2|Toxapex, L50, F|
|poke|p2|Annihilape, L50, F|
|teampreview|4
|showteam|p1|Floette-Eternal||Floettite|FlowerVeil|DazzlingGleam,DrainingKiss,Protect,CalmMind|Timid||F|||50|]Sneasler||FocusSash|PoisonTouch|FakeOut,PoisonJab,CloseCombat,Protect|Jolly||M|||50|]Incineroar||SitrusBerry|Intimidate|FakeOut,FlareBlitz,PartingShot,DarkestLariat|Careful||F|||50|]Sinistcha||Leftovers|Hospitality|MatchaGotcha,Protect,TrickRoom,RagePowder|Calm|||||50|]Delphox||Delphoxite|Blaze|HeatWave,Psyshock,NastyPlot,Protect|Timid||F|||50|]Garchomp||LifeOrb|RoughSkin|Earthquake,Protect,RockSlide,DragonClaw|Adamant||M|||50|
|showteam|p2|Garchomp||ChoiceScarf|RoughSkin|RockSlide,DragonClaw,Earthquake,StompingTantrum|Adamant||M|||50|]Charizard||CharizarditeY|Blaze|HeatWave,WeatherBall,HelpingHand,Protect|Modest||M|||50|]Venusaur||LifeOrb|Chlorophyll|Protect,EarthPower,SludgeBomb,LeafStorm|Modest||M|||50|]Incineroar||SitrusBerry|Intimidate|PartingShot,ThroatChop,FlareBlitz,FakeOut|Impish||F|||50|]Toxapex||Leftovers|Regenerator|Toxic,BanefulBunker,Infestation,WideGuard|Bold||F|||50|]Annihilape||FocusSash|Defiant|CloseCombat,PhantomForce,RockTomb,Protect|Jolly||F|||50|
|inactive|Battle timer is ON: inactive players will automatically lose when time's up. (requested by spodermees)
|
|t:|1784236985
|teamsize|p1|4
|teamsize|p2|4
|start
|switch|p1a: Floette|Floette-Eternal, L50, F|100/100
|switch|p1b: Sneasler|Sneasler, L50, M|100/100
|switch|p2a: Annihilape|Annihilape, L50, F|100/100
|switch|p2b: Toxapex|Toxapex, L50, F|100/100
|turn|1
|
|t:|1784237002
|detailschange|p1a: Floette|Floette-Mega, L50, F
|-mega|p1a: Floette|Floette|Floettite
|-ability|p1a: Floette|Fairy Aura
|move|p1b: Sneasler|Fake Out|p2b: Toxapex
|-damage|p2b: Toxapex|90/100
|move|p1a: Floette|Calm Mind|p1a: Floette
|-boost|p1a: Floette|spa|1
|-boost|p1a: Floette|spd|1
|move|p2a: Annihilape|Phantom Force||[still]
|-prepare|p2a: Annihilape|Phantom Force
|cant|p2b: Toxapex|flinch
|
|-heal|p2b: Toxapex|96/100|[from] item: Leftovers
|upkeep
|turn|2
|
|t:|1784237026
|move|p1a: Floette|Protect|p1a: Floette
|-singleturn|p1a: Floette|Protect
|move|p1b: Sneasler|Poison Jab|p2b: Toxapex
|-resisted|p2b: Toxapex|1
|-damage|p2b: Toxapex|82/100
|move|p2a: Annihilape|Phantom Force|p1a: Floette|[from] lockedmove
|-activate|p1a: Floette|move: Phantom Force|[broken]
|-damage|p1a: Floette|41/100
|move|p2b: Toxapex|Toxic|p1a: Floette
|-status|p1a: Floette|tox
|
|-heal|p2b: Toxapex|89/100|[from] item: Leftovers
|-damage|p1a: Floette|35/100 tox|[from] psn
|upkeep
|turn|3
|inactive|al.fo1234 has 30 seconds left.
|inactive|al.fo1234 has 20 seconds left.
|
|t:|1784237062
|move|p2a: Annihilape|Protect|p2a: Annihilape
|-singleturn|p2a: Annihilape|Protect
|move|p1b: Sneasler|Poison Jab|p2a: Annihilape
|-activate|p2a: Annihilape|move: Protect
|move|p1a: Floette|Draining Kiss|p2a: Annihilape
|-activate|p2a: Annihilape|move: Protect
|move|p2b: Toxapex|Infestation|p1b: Sneasler
|-resisted|p1b: Sneasler|2
|-crit|p1b: Sneasler
|-damage|p1b: Sneasler|98/100
|-activate|p1b: Sneasler|move: Infestation|[of] p2b: Toxapex
|
|-heal|p2b: Toxapex|95/100|[from] item: Leftovers
|-damage|p1a: Floette|23/100 tox|[from] psn
|-damage|p1b: Sneasler|86/100|[from] move: Infestation|[partiallytrapped]
|upkeep
|turn|4
|inactive|al.fo1234 has 30 seconds left.
|inactive|al.fo1234 has 20 seconds left.
|inactive|al.fo1234 has 15 seconds left.
|
|t:|1784237105
|switch|p2a: Incineroar|Incineroar, L50, F|100/100
|-ability|p2a: Incineroar|Intimidate|boost
|-unboost|p1a: Floette|atk|1
|-unboost|p1b: Sneasler|atk|1
|move|p1b: Sneasler|Poison Jab|p2a: Incineroar
|-damage|p2a: Incineroar|77/100
|-status|p2a: Incineroar|psn|[from] ability: Poison Touch|[of] p1b: Sneasler
|move|p1a: Floette|Draining Kiss|p2a: Incineroar
|-damage|p2a: Incineroar|22/100 psn
|-heal|p1a: Floette|78/100 tox|[from] drain|[of] p2a: Incineroar
|-enditem|p2a: Incineroar|Sitrus Berry|[eat]
|-heal|p2a: Incineroar|47/100 psn|[from] item: Sitrus Berry
|move|p2b: Toxapex|Infestation|p1a: Floette
|-resisted|p1a: Floette|1
|-damage|p1a: Floette|78/100 tox
|-activate|p1a: Floette|move: Infestation|[of] p2b: Toxapex
|
|-heal|p2b: Toxapex|100/100|[from] item: Leftovers
|-damage|p1a: Floette|60/100 tox|[from] psn
|-damage|p2a: Incineroar|35/100 psn|[from] psn
|-damage|p1b: Sneasler|74/100|[from] move: Infestation|[partiallytrapped]
|-damage|p1a: Floette|48/100 tox|[from] move: Infestation|[partiallytrapped]
|upkeep
|turn|5
|inactive|al.fo1234 has 30 seconds left.
|inactive|al.fo1234 has 20 seconds left.
|inactive|al.fo1234 has 15 seconds left.
|inactive|al.fo1234 has 10 seconds left.
|inactive|al.fo1234 has 5 seconds left.
|
|t:|1784237157
|move|p2a: Incineroar|Fake Out|p1a: Floette
|-damage|p1a: Floette|33/100 tox
|move|p1b: Sneasler|Close Combat|p2a: Incineroar
|-supereffective|p2a: Incineroar|1
|-damage|p2a: Incineroar|0 fnt
|-unboost|p1b: Sneasler|def|1
|-unboost|p1b: Sneasler|spd|1
|faint|p2a: Incineroar
|cant|p1a: Floette|flinch
|move|p2b: Toxapex|Infestation|p1b: Sneasler
|-resisted|p1b: Sneasler|2
|-damage|p1b: Sneasler|73/100
|
|-damage|p1a: Floette|9/100 tox|[from] psn
|-damage|p1b: Sneasler|61/100|[from] move: Infestation|[partiallytrapped]
|-damage|p1a: Floette|0 fnt|[from] move: Infestation|[partiallytrapped]
|faint|p1a: Floette
|upkeep
|
|t:|1784237177
|switch|p1a: Garchomp|Garchomp, L50, M|100/100
|switch|p2a: Annihilape|Annihilape, L50, F|100/100
|turn|6
|
|t:|1784237193
|move|p2b: Toxapex|Wide Guard|p2b: Toxapex
|-singleturn|p2b: Toxapex|Wide Guard
|move|p1b: Sneasler|Poison Jab|p2a: Annihilape
|-resisted|p2a: Annihilape|1
|-crit|p2a: Annihilape
|-damage|p2a: Annihilape|61/100
|-status|p2a: Annihilape|psn|[from] ability: Poison Touch|[of] p1b: Sneasler
|move|p2a: Annihilape|Phantom Force||[still]
|-prepare|p2a: Annihilape|Phantom Force
|move|p1a: Garchomp|Earthquake|p2a: Annihilape|[spread] p1b
|-miss|p1a: Garchomp|p2a: Annihilape
|-activate|p2b: Toxapex|move: Wide Guard
|-supereffective|p1b: Sneasler|1
|-damage|p1b: Sneasler|0 fnt
|faint|p1b: Sneasler
|-damage|p1a: Garchomp|90/100|[from] item: Life Orb
|
|-damage|p2a: Annihilape|49/100 psn|[from] psn
|upkeep
|
|t:|1784237196
|switch|p1b: Sinistcha|Sinistcha, L50|100/100
|-heal|p1a: Garchomp|100/100|[from] ability: Hospitality|[of] p1b: Sinistcha
|turn|7
|inactive|al.fo1234 has 30 seconds left.
|
|t:|1784237223
|move|p1a: Garchomp|Protect|p1a: Garchomp
|-singleturn|p1a: Garchomp|Protect
|move|p1b: Sinistcha|Protect|p1b: Sinistcha
|-singleturn|p1b: Sinistcha|Protect
|move|p2a: Annihilape|Phantom Force|p1a: Garchomp|[from] lockedmove
|-activate|p1a: Garchomp|move: Phantom Force|[broken]
|-damage|p1a: Garchomp|54/100
|-damage|p2a: Annihilape|36/100 psn|[from] ability: Rough Skin|[of] p1a: Garchomp
|move|p2b: Toxapex|Toxic|p1a: Garchomp
|-status|p1a: Garchomp|tox
|
|-damage|p2a: Annihilape|24/100 psn|[from] psn
|-damage|p1a: Garchomp|48/100 tox|[from] psn
|upkeep
|turn|8
|
|t:|1784237243
|move|p2b: Toxapex|Baneful Bunker|p2b: Toxapex
|-singleturn|p2b: Toxapex|move: Protect
|move|p2a: Annihilape|Phantom Force||[still]
|-prepare|p2a: Annihilape|Phantom Force
|move|p1a: Garchomp|Dragon Claw|p2b: Toxapex
|-activate|p2b: Toxapex|move: Protect
|move|p1b: Sinistcha|Matcha Gotcha|p2a: Annihilape|[spread] 
|-miss|p1b: Sinistcha|p2a: Annihilape
|-activate|p2b: Toxapex|move: Protect
|
|-damage|p2a: Annihilape|12/100 psn|[from] psn
|-damage|p1a: Garchomp|36/100 tox|[from] psn
|upkeep
|turn|9
|
|t:|1784237258
|move|p2a: Annihilape|Phantom Force|p1a: Garchomp|[from] lockedmove
|-damage|p1a: Garchomp|0 fnt
|-damage|p2a: Annihilape|0 fnt|[from] ability: Rough Skin|[of] p1a: Garchomp
|faint|p1a: Garchomp
|faint|p2a: Annihilape
|move|p1b: Sinistcha|Matcha Gotcha|p2b: Toxapex
|-damage|p2b: Toxapex|72/100
|move|p2b: Toxapex|Infestation|p1b: Sinistcha
|-damage|p1b: Sinistcha|97/100
|-activate|p1b: Sinistcha|move: Infestation|[of] p2b: Toxapex
|
|-heal|p1b: Sinistcha|100/100|[from] item: Leftovers
|-heal|p2b: Toxapex|78/100|[from] item: Leftovers
|-damage|p1b: Sinistcha|87/100|[from] move: Infestation|[partiallytrapped]
|upkeep
|
|t:|1784237272
|switch|p2a: Garchomp|Garchomp, L50, M|100/100
|turn|10
|
|t:|1784237279
|move|p2b: Toxapex|Wide Guard|p2b: Toxapex
|-singleturn|p2b: Toxapex|Wide Guard
|move|p2a: Garchomp|Dragon Claw|p1b: Sinistcha
|-damage|p1b: Sinistcha|46/100
|move|p1b: Sinistcha|Matcha Gotcha|p2a: Garchomp|[spread] 
|-activate|p2a: Garchomp|move: Wide Guard
|-activate|p2b: Toxapex|move: Wide Guard
|
|-heal|p1b: Sinistcha|52/100|[from] item: Leftovers
|-heal|p2b: Toxapex|84/100|[from] item: Leftovers
|-damage|p1b: Sinistcha|40/100|[from] move: Infestation|[partiallytrapped]
|upkeep
|turn|11
|-message|spodermees forfeited.
|
|win|al.fo1234
