|j|☆okdnwsvoajfdbioj
|j|☆Mad07maxi
|html|okdnwsvoajfdbiojMad07maxi    
|uhtml|bestof|Game 3 of a best-of-3
|t:|1757915537
|gametype|doubles
|player|p1|okdnwsvoajfdbioj|102|1040
|player|p2|Mad07maxi|archer|1093
|gen|9
|tier|[Gen 9] VGC 2025 Reg H (Bo3)
|rated|
|rule|Species Clause: Limit one of each Pokémon
|rule|Item Clause: Limit 1 of each item
|clearpoke
|poke|p1|Meowstic, L50, M|
|poke|p1|Meowscarada, L50, M|
|poke|p1|Ninetales-Alola, L50, F|
|poke|p1|Baxcalibur, L50, F|
|poke|p1|Incineroar, L50, F|
|poke|p1|Braviary-Hisui, L50, M|
|poke|p2|Amoonguss, L50, F|
|poke|p2|Incineroar, L50, F|
|poke|p2|Gholdengo, L50|
|poke|p2|Archaludon, L50, F|
|poke|p2|Pelipper, L50, M|
|poke|p2|Basculegion, L50, M|
|teampreview|4
|showteam|p1|Meowstic||MentalHerb|Prankster|Gravity,FakeOut,SkillSwap,Psychic|||M|||50|,,,,,Ghost]Meowscarada||FocusSash|Protean|TripleAxel,FlowerTrick,KnockOff,Protect|||M|||50|,,,,,Dark]Ninetales-Alola||CovertCloak|SnowWarning|AuroraVeil,Hypnosis,IcyWind,Protect|||F|||50|,,,,,Water]Baxcalibur||ClearAmulet|ThermalExchange|GlaiveRush,Protect,HighHorsepower,SwordsDance|||F|||50|,,,,,Ground]Incineroar||AssaultVest|Intimidate|FlareBlitz,KnockOff,Uturn,FakeOut|||F|||50|,,,,,Dragon]Braviary-Hisui||LifeOrb|SheerForce|Hurricane,Psychic,Protect,HeatWave|||M|||50|,,,,,Fire
|showteam|p2|Amoonguss||SitrusBerry|Regenerator|PollenPuff,Spore,Protect,RagePowder|||F|||50|,,,,,Fairy]Incineroar||SafetyGoggles|Intimidate|FakeOut,FlareBlitz,PartingShot,KnockOff|||F|||50|,,,,,Ghost]Gholdengo||ChoiceScarf|GoodasGold|MakeItRain,Protect,Trick,ShadowBall||||||50|,,,,,Water]Archaludon||AssaultVest|Stamina|DracoMeteor,ElectroShot,FlashCannon,BodyPress|||F|||50|,,,,,Fairy]Pelipper||FocusSash|Drizzle|Hurricane,Tailwind,Protect,MuddyWater|||M|||50|,,,,,Ground]Basculegion||ChoiceBand|SwiftSwim|Liquidation,AquaJet,FlipTurn,LastRespects|||M|||50|,,,,,Grass
|
|t:|1757915573
|teamsize|p1|4
|teamsize|p2|4
|start
|switch|p1a: Baxcalibur|Baxcalibur, L50, F|100/100
|switch|p1b: Incineroar|Incineroar, L50, F|100/100
|switch|p2a: Gholdengo|Gholdengo, L50, shiny|100/100
|switch|p2b: Incineroar|Incineroar, L50, F, shiny|100/100
|-ability|p2b: Incineroar|Intimidate|boost
|-fail|p1a: Baxcalibur|unboost|[from] item: Clear Amulet|[of] p1a: Baxcalibur
|-unboost|p1b: Incineroar|atk|1
|-ability|p1b: Incineroar|Intimidate|boost
|-unboost|p2a: Gholdengo|atk|1
|-unboost|p2b: Incineroar|atk|1
|turn|1
|
|t:|1757915600
|-terastallize|p1a: Baxcalibur|Ground
|-terastallize|p2b: Incineroar|Ghost
|move|p2b: Incineroar|Fake Out|p1a: Baxcalibur
|-damage|p1a: Baxcalibur|93/100
|move|p2a: Gholdengo|Make It Rain|p1b: Incineroar|[spread] p1a,p1b
|-resisted|p1b: Incineroar
|-damage|p1a: Baxcalibur|46/100
|-damage|p1b: Incineroar|86/100
|-unboost|p2a: Gholdengo|spa|1
|cant|p1a: Baxcalibur|flinch
|move|p1b: Incineroar|Knock Off|p2a: Gholdengo
|-supereffective|p2a: Gholdengo
|-damage|p2a: Gholdengo|27/100
|-enditem|p2a: Gholdengo|Choice Scarf|[from] move: Knock Off|[of] p1b: Incineroar
|
|upkeep
|turn|2
|
|t:|1757915641
|switch|p2b: Amoonguss|Amoonguss, L50, F, shiny|100/100
|move|p2a: Gholdengo|Protect|p2a: Gholdengo
|-singleturn|p2a: Gholdengo|Protect
|move|p1a: Baxcalibur|High Horsepower|p2a: Gholdengo
|-activate|p2a: Gholdengo|move: Protect
|move|p1b: Incineroar|U-turn|p2b: Amoonguss
|-damage|p2b: Amoonguss|87/100
|
|t:|1757915658
|switch|p1b: Meowscarada|Meowscarada, L50, M|100/100|[from] U-turn
|
|upkeep
|turn|3
|
|t:|1757915689
|switch|p2a: Archaludon|Archaludon, L50, F, shiny|100/100
|move|p2b: Amoonguss|Protect|p2b: Amoonguss
|-singleturn|p2b: Amoonguss|Protect
|move|p1b: Meowscarada|Triple Axel|p2b: Amoonguss
|-start|p1b: Meowscarada|typechange|Ice|[from] ability: Protean
|-activate|p2b: Amoonguss|move: Protect
|move|p1a: Baxcalibur|High Horsepower|p2a: Archaludon
|-supereffective|p2a: Archaludon
|-damage|p2a: Archaludon|20/100
|-ability|p2a: Archaludon|Stamina|boost
|-boost|p2a: Archaludon|def|1
|
|upkeep
|turn|4
|
|t:|1757915745
|move|p1b: Meowscarada|Triple Axel|p2b: Amoonguss
|-supereffective|p2b: Amoonguss
|-damage|p2b: Amoonguss|69/100
|-supereffective|p2b: Amoonguss
|-damage|p2b: Amoonguss|39/100
|-enditem|p2b: Amoonguss|Sitrus Berry|[eat]
|-heal|p2b: Amoonguss|64/100|[from] item: Sitrus Berry
|-supereffective|p2b: Amoonguss
|-damage|p2b: Amoonguss|15/100
|-hitcount|p2b: Amoonguss|3
|move|p1a: Baxcalibur|High Horsepower|p2a: Archaludon
|-supereffective|p2a: Archaludon
|-damage|p2a: Archaludon|0 fnt
|faint|p2a: Archaludon
|move|p2b: Amoonguss|Pollen Puff|p1b: Meowscarada
|-damage|p1b: Meowscarada|70/100
|
|upkeep
|
|t:|1757915763
|switch|p2a: Gholdengo|Gholdengo, L50, shiny|27/100
|turn|5
|
|t:|1757915776
|move|p1b: Meowscarada|Knock Off|p2b: Amoonguss
|-damage|p2b: Amoonguss|0 fnt
|faint|p2b: Amoonguss
|move|p1a: Baxcalibur|High Horsepower|p2a: Gholdengo
|-supereffective|p2a: Gholdengo
|-damage|p2a: Gholdengo|0 fnt
|faint|p2a: Gholdengo
|
|upkeep
|-message|Mad07maxi forfeited.
|
|win|okdnwsvoajfdbioj
|raw|okdnwsvoajfdbioj's rating: 1040 → 1079(+39 for winning)
|raw|Mad07maxi's rating: 1093 → 1065(-28 for losing)
|l|☆Mad07maxi
|player|p2|
