|j|☆StrengthOfADragon
|j|☆feffixxd4
|html|StrengthOfADragonfeffixxd4    
|uhtml|bestof|Game 2 of a best-of-3
|t:|1756496331
|gametype|doubles
|player|p1|StrengthOfADragon|1|1125
|player|p2|feffixxd4|ghetsis-gen5bw|1000
|gen|9
|tier|[Gen 9] VGC 2025 Reg H (Bo3)
|rated|
|rule|Species Clause: Limit one of each Pokémon
|rule|Item Clause: Limit 1 of each item
|clearpoke
|poke|p1|Dragonite, L50, M|
|poke|p1|Volcarona, L50, F|
|poke|p1|Sneasler, L50, M|
|poke|p1|Rillaboom, L50, M|
|poke|p1|Electabuzz, L50, M|
|poke|p1|Kingambit, L50, M|
|poke|p2|Politoed, L50, F|
|poke|p2|Gothitelle, L50, F|
|poke|p2|Incineroar, L50, M|
|poke|p2|Amoonguss, L50, F|
|poke|p2|Kingdra, L50, M|
|poke|p2|Archaludon, L50, M|
|teampreview|4
|showteam|p1|Dragonite||LoadedDice|Multiscale|ScaleShot,ExtremeSpeed,Haze,Protect|||M|||50|,,,,,Fairy]Volcarona||CovertCloak|FlameBody|HeatWave,TeraBlast,QuiverDance,Protect|||F|||50|,,,,,Fairy]Sneasler||FocusSash|Unburden|CloseCombat,DireClaw,Coaching,Protect|||M|||50|,,,,,Stellar]Rillaboom||AssaultVest|GrassySurge|WoodHammer,GrassyGlide,HighHorsepower,FakeOut|||M|||50|,,,,,Water]Electabuzz||Eviolite|VitalSpirit|VoltSwitch,FollowMe,Taunt,Protect|||M|||50|,,,,,Ghost]Kingambit||BlackGlasses|Defiant|KowtowCleave,SuckerPunch,SwordsDance,Protect|||M|||50|,,,,,Dark
|showteam|p2|Politoed||Leftovers|Drizzle|Protect,WeatherBall,PerishSong,Encore|||F|||50|,,,,,Grass]Gothitelle||SitrusBerry|ShadowTag|Protect,Psychic,FakeOut,TrickRoom|||F|||50|,,,,,Dark]Incineroar||SafetyGoggles|Intimidate|Protect,KnockOff,FakeOut,PartingShot|||M|||50|,,,,,Ghost]Amoonguss||EjectButton|Regenerator|Protect,RagePowder,PollenPuff,Spore|||F|||50|,,,,,Fairy]Kingdra||LifeOrb|SwiftSwim|Protect,WeatherBall,DracoMeteor,MuddyWater|||M|||50|,,,,,Stellar]Archaludon||PowerHerb|Sturdy|Protect,ElectroShot,DragonPulse,FlashCannon|||M|||50|,,,,,Electric
|inactive|Battle timer is ON: inactive players will automatically lose when time's up. (requested by StrengthOfADragon)
|inactive|feffixxd4 also wants the timer to be on.
|
|t:|1756496358
|teamsize|p1|4
|teamsize|p2|4
|start
|switch|p1a: Electabuzz|Electabuzz, L50, M, shiny|100/100
|switch|p1b: Dragonite|Dragonite, L50, M, shiny|100/100
|switch|p2a: Politoed|Politoed, L50, F|100/100
|switch|p2b: Amoonguss|Amoonguss, L50, F|100/100
|-weather|RainDance|[from] ability: Drizzle|[of] p2a: Politoed
|turn|1
|
|t:|1756496381
|move|p1a: Electabuzz|Follow Me|p1a: Electabuzz
|-singleturn|p1a: Electabuzz|move: Follow Me
|move|p2b: Amoonguss|Rage Powder|p2b: Amoonguss
|-singleturn|p2b: Amoonguss|move: Rage Powder
|move|p1b: Dragonite|Scale Shot|p2b: Amoonguss
|-damage|p2b: Amoonguss|89/100
|-damage|p2b: Amoonguss|76/100
|-damage|p2b: Amoonguss|64/100
|-damage|p2b: Amoonguss|52/100
|-damage|p2b: Amoonguss|41/100
|-hitcount|p2b: Amoonguss|5
|-enditem|p2b: Amoonguss|Eject Button
|-unboost|p1b: Dragonite|def|1
|-boost|p1b: Dragonite|spe|1
|
|t:|1756496398
|switch|p2b: Gothitelle|Gothitelle, L50, F|100/100
|move|p2a: Politoed|Perish Song|p2a: Politoed
|-start|p1a: Electabuzz|perish3|[silent]
|-start|p1b: Dragonite|perish3|[silent]
|-start|p2a: Politoed|perish3|[silent]
|-start|p2b: Gothitelle|perish3|[silent]
|-fieldactivate|move: Perish Song
|
|-weather|RainDance|[upkeep]
|-start|p1b: Dragonite|perish3
|-start|p1a: Electabuzz|perish3
|-start|p2a: Politoed|perish3
|-start|p2b: Gothitelle|perish3
|upkeep
|turn|2
|inactive|StrengthOfADragon has 30 seconds left.
|
|t:|1756496430
|switch|p2a: Incineroar|Incineroar, L50, M|100/100
|-ability|p2a: Incineroar|Intimidate|boost
|-unboost|p1a: Electabuzz|atk|1
|-unboost|p1b: Dragonite|atk|1
|move|p2b: Gothitelle|Fake Out|p1a: Electabuzz
|-damage|p1a: Electabuzz|95/100
|move|p1b: Dragonite|Scale Shot|p2b: Gothitelle
|-crit|p2b: Gothitelle
|-damage|p2b: Gothitelle|78/100
|-damage|p2b: Gothitelle|69/100
|-damage|p2b: Gothitelle|59/100
|-damage|p2b: Gothitelle|50/100
|-enditem|p2b: Gothitelle|Sitrus Berry|[eat]
|-heal|p2b: Gothitelle|75/100|[from] item: Sitrus Berry
|-hitcount|p2b: Gothitelle|4
|-unboost|p1b: Dragonite|def|1
|-boost|p1b: Dragonite|spe|1
|cant|p1a: Electabuzz|flinch
|
|-weather|RainDance|[upkeep]
|-start|p1b: Dragonite|perish2
|-start|p1a: Electabuzz|perish2
|-start|p2b: Gothitelle|perish2
|upkeep
|turn|3
|inactive|StrengthOfADragon has 30 seconds left.
|inactive|feffixxd4 has 30 seconds left.
|inactive|StrengthOfADragon has 20 seconds left.
|inactive|feffixxd4 has 20 seconds left.
|inactive|StrengthOfADragon has 15 seconds left.
|inactive|feffixxd4 has 15 seconds left.
|
|t:|1756496475
|switch|p2b: Amoonguss|Amoonguss, L50, F|74/100
|move|p1b: Dragonite|Scale Shot|p2a: Incineroar
|-damage|p2a: Incineroar|90/100
|-damage|p2a: Incineroar|81/100
|-damage|p2a: Incineroar|71/100
|-damage|p2a: Incineroar|62/100
|-hitcount|p2a: Incineroar|4
|-unboost|p1b: Dragonite|def|1
|-boost|p1b: Dragonite|spe|1
|move|p1a: Electabuzz|Volt Switch|p2a: Incineroar
|-damage|p2a: Incineroar|46/100
|
|t:|1756496489
|switch|p1a: Kingambit|Kingambit, L50, M, shiny|100/100|[from] Volt Switch
|move|p2a: Incineroar|Parting Shot|p1b: Dragonite
|-unboost|p1b: Dragonite|atk|1
|-unboost|p1b: Dragonite|spa|1
|
|t:|1756496499
|switch|p2a: Gothitelle|Gothitelle, L50, F|75/100|[from] Parting Shot
|
|-weather|RainDance|[upkeep]
|-start|p1b: Dragonite|perish1
|upkeep
|turn|4
|
|t:|1756496516
|move|p1a: Kingambit|Protect|p1a: Kingambit
|-singleturn|p1a: Kingambit|Protect
|move|p2a: Gothitelle|Protect|p2a: Gothitelle
|-singleturn|p2a: Gothitelle|Protect
|move|p1b: Dragonite|Extreme Speed|p2a: Gothitelle
|-activate|p2a: Gothitelle|move: Protect
|move|p2b: Amoonguss|Spore|p1a: Kingambit
|-activate|p1a: Kingambit|move: Protect
|
|-weather|RainDance|[upkeep]
|-start|p1b: Dragonite|perish0
|faint|p1b: Dragonite
|upkeep
|
|t:|1756496528
|switch|p1b: Electabuzz|Electabuzz, L50, M, shiny|95/100
|turn|5
|inactive|feffixxd4 has 30 seconds left.
|inactive|feffixxd4 has 20 seconds left.
|
|t:|1756496564
|switch|p2a: Politoed|Politoed, L50, F|100/100
|move|p1b: Electabuzz|Follow Me|p1b: Electabuzz
|-singleturn|p1b: Electabuzz|move: Follow Me
|move|p1a: Kingambit|Swords Dance|p1a: Kingambit
|-boost|p1a: Kingambit|atk|2
|move|p2b: Amoonguss|Spore|p1b: Electabuzz
|-immune|p1b: Electabuzz|[from] ability: Vital Spirit
|
|-weather|none
|upkeep
|turn|6
|inactive|feffixxd4 has 30 seconds left.
|
|t:|1756496595
|move|p1b: Electabuzz|Follow Me|p1b: Electabuzz
|-singleturn|p1b: Electabuzz|move: Follow Me
|move|p2b: Amoonguss|Rage Powder|p2b: Amoonguss
|-singleturn|p2b: Amoonguss|move: Rage Powder
|move|p2a: Politoed|Perish Song|p2a: Politoed
|-start|p1a: Kingambit|perish3|[silent]
|-start|p1b: Electabuzz|perish3|[silent]
|-start|p2a: Politoed|perish3|[silent]
|-start|p2b: Amoonguss|perish3|[silent]
|-fieldactivate|move: Perish Song
|move|p1a: Kingambit|Kowtow Cleave|p2b: Amoonguss
|-damage|p2b: Amoonguss|0 fnt
|faint|p2b: Amoonguss
|
|-start|p1b: Electabuzz|perish3
|-start|p2a: Politoed|perish3
|-start|p1a: Kingambit|perish3
|upkeep
|
|t:|1756496607
|switch|p2b: Gothitelle|Gothitelle, L50, F|75/100
|turn|7
|inactive|StrengthOfADragon has 30 seconds left.
|inactive|feffixxd4 has 30 seconds left.
|
|t:|1756496635
|move|p2b: Gothitelle|Fake Out|p1a: Kingambit
|-resisted|p1a: Kingambit
|-damage|p1a: Kingambit|98/100
|move|p1b: Electabuzz|Volt Switch|p2b: Gothitelle
|-damage|p2b: Gothitelle|58/100
|
|t:|1756496640
|switch|p1b: Rillaboom|Rillaboom, L50, M|100/100|[from] Volt Switch
|-fieldstart|move: Grassy Terrain|[from] ability: Grassy Surge|[of] p1b: Rillaboom
|move|p2a: Politoed|Encore||[still]
|-fail|p2a: Politoed
|cant|p1a: Kingambit|flinch
|
|-heal|p1a: Kingambit|100/100|[from] Grassy Terrain
|-heal|p2b: Gothitelle|64/100|[from] Grassy Terrain
|-start|p2a: Politoed|perish2
|-start|p1a: Kingambit|perish2
|upkeep
|turn|8
|inactive|StrengthOfADragon has 30 seconds left.
|inactive|feffixxd4 has 30 seconds left.
|
|t:|1756496668
|move|p2a: Politoed|Protect|p2a: Politoed
|-singleturn|p2a: Politoed|Protect
|move|p2b: Gothitelle|Protect|p2b: Gothitelle
|-singleturn|p2b: Gothitelle|Protect
|move|p1b: Rillaboom|Fake Out|p2a: Politoed
|-activate|p2a: Politoed|move: Protect
|move|p1a: Kingambit|Kowtow Cleave|p2b: Gothitelle
|-activate|p2b: Gothitelle|move: Protect
|
|-heal|p2b: Gothitelle|70/100|[from] Grassy Terrain
|-start|p2a: Politoed|perish1
|-start|p1a: Kingambit|perish1
|upkeep
|turn|9
|inactive|StrengthOfADragon has 30 seconds left.
|inactive|feffixxd4 has 30 seconds left.
|inactive|feffixxd4 has 20 seconds left.
|
|t:|1756496704
|move|p1b: Rillaboom|High Horsepower|p2a: Politoed
|-damage|p2a: Politoed|61/100
|move|p2a: Politoed|Perish Song|p2a: Politoed
|-start|p1b: Rillaboom|perish3|[silent]
|-start|p2b: Gothitelle|perish3|[silent]
|-fieldactivate|move: Perish Song
|move|p1a: Kingambit|Kowtow Cleave|p2b: Gothitelle
|-supereffective|p2b: Gothitelle
|-damage|p2b: Gothitelle|0 fnt
|faint|p2b: Gothitelle
|
|-heal|p2a: Politoed|68/100|[from] Grassy Terrain
|-heal|p2a: Politoed|74/100|[from] item: Leftovers
|-start|p1b: Rillaboom|perish3
|-start|p2a: Politoed|perish0
|-start|p1a: Kingambit|perish0
|faint|p2a: Politoed
|faint|p1a: Kingambit
|upkeep
|
|t:|1756496723
|switch|p1a: Electabuzz|Electabuzz, L50, M, shiny|95/100
|switch|p2b: Incineroar|Incineroar, L50, M|46/100
|-ability|p2b: Incineroar|Intimidate|boost
|-unboost|p1a: Electabuzz|atk|1
|-unboost|p1b: Rillaboom|atk|1
|turn|10
|
|t:|1756496739
|-terastallize|p2b: Incineroar|Ghost
|move|p2b: Incineroar|Fake Out|p1b: Rillaboom
|-damage|p1b: Rillaboom|90/100
|move|p1a: Electabuzz|Taunt|p2b: Incineroar
|-start|p2b: Incineroar|move: Taunt
|cant|p1b: Rillaboom|flinch
|
|-heal|p1a: Electabuzz|100/100|[from] Grassy Terrain
|-heal|p1b: Rillaboom|96/100|[from] Grassy Terrain
|-heal|p2b: Incineroar|51/100|[from] Grassy Terrain
|-start|p1b: Rillaboom|perish2
|upkeep
|turn|11
|
|t:|1756496756
|move|p1a: Electabuzz|Volt Switch|p2b: Incineroar
|-damage|p2b: Incineroar|34/100
|move|p1b: Rillaboom|Wood Hammer|p2b: Incineroar
|-damage|p2b: Incineroar|0 fnt
|faint|p2b: Incineroar
|-damage|p1b: Rillaboom|85/100|[from] Recoil
|
|win|StrengthOfADragon
|raw|StrengthOfADragon's rating: 1125 → 1141(+16 for winning)
|raw|feffixxd4's rating: 1000 → 1000(+0 for losing)
|c|☆feffixxd4|Ggs
|c|☆StrengthOfADragon|ggs
|c|☆StrengthOfADragon|It's a tough team to play
|c|☆feffixxd4|Honestly really interesting game
|c|☆StrengthOfADragon|For sure!
|c|☆feffixxd4|You played good so not an  upset for me
|c|☆StrengthOfADragon|Thank you, I added volt switch over Tbolt because of this matchup
