|j|☆OminousOgerpon360
|j|☆Kurolax
|html|OminousOgerpon360Kurolax    
|uhtml|bestof|Game 1 of a best-of-3
|t:|1756581316
|gametype|doubles
|player|p1|OminousOgerpon360|n|1107
|player|p2|Kurolax|1|1118
|gen|9
|tier|[Gen 9] VGC 2025 Reg H (Bo3)
|rated|
|rule|Species Clause: Limit one of each Pokémon
|rule|Item Clause: Limit 1 of each item
|clearpoke
|poke|p1|Incineroar, L50, M|
|poke|p1|Rillaboom, L50, F|
|poke|p1|Annihilape, L50, F|
|poke|p1|Farigiraf, L50, M|
|poke|p1|Archaludon, L50, M|
|poke|p1|Garchomp, L50, F|
|poke|p2|Volcarona, L50, M|
|poke|p2|Tyranitar, L50, F|
|poke|p2|Rillaboom, L50, F|
|poke|p2|Primarina, L50, F|
|poke|p2|Sneasler, L50, F|
|poke|p2|Dragonite, L50, M|
|teampreview|4
|showteam|p1|Incineroar||SafetyGoggles|Intimidate|FlareBlitz,KnockOff,FakeOut,PartingShot|||M|||50|,,,,,Ghost]Rillaboom||AssaultVest|GrassySurge|WoodHammer,GrassyGlide,FakeOut,Uturn|||F|||50|,,,,,Fire]Annihilape||Leftovers|Defiant|Protect,RageFist,DrainPunch,BulkUp|||F|||50|,,,,,Water]Farigiraf||ThroatSpray|ArmorTail|HyperVoice,Psychic,TrickRoom,Protect|||M|||50|,,,,,Fairy]Archaludon||PowerHerb|Stalwart|DragonPulse,ElectroShot,FlashCannon,Protect|||M|||50|,,,,,Electric]Garchomp||LifeOrb|RoughSkin|Protect,DragonClaw,StompingTantrum,RockSlide|||F|||50|,,,,,Steel
|showteam|p2|Volcarona||GrassySeed|FlameBody|QuiverDance,HeatWave,GigaDrain,Protect|||M|||50|,,,,,Stellar]Tyranitar||FocusSash|SandStream|RockSlide,KnockOff,TeraBlast,Protect|||F|||50|,,,,,Flying]Rillaboom||AssaultVest|GrassySurge|KnockOff,Uturn,GrassyGlide,FakeOut|||F|||50|,,,,,Grass]Primarina||SitrusBerry|LiquidVoice|HyperVoice,Moonblast,CalmMind,Protect|||F|||50|,,,,,Poison]Sneasler||WhiteHerb|Unburden|DireClaw,FakeOut,Protect,CloseCombat|||F|||50|,,,,,Dark]Dragonite||LoadedDice|Multiscale|Tailwind,ScaleShot,Haze,Protect|||M|||50|,,,,,Fairy
|inactive|Battle timer is ON: inactive players will automatically lose when time's up. (requested by Kurolax)
|inactive|OminousOgerpon360 has 60 seconds left.
|inactive|Kurolax has 30 seconds left.
|
|t:|1756581383
|teamsize|p1|4
|teamsize|p2|4
|start
|switch|p1a: Rillaboom|Rillaboom, L50, F|100/100
|switch|p1b: Farigiraf|Farigiraf, L50, M|100/100
|switch|p2a: Dragonite|Dragonite, L50, M|100/100
|switch|p2b: Sneasler|Sneasler, L50, F|100/100
|-fieldstart|move: Grassy Terrain|[from] ability: Grassy Surge|[of] p1a: Rillaboom
|turn|1
|inactive|Kurolax has 30 seconds left.
|
|t:|1756581410
|-terastallize|p2b: Sneasler|Dark
|move|p2b: Sneasler|Fake Out||[still]
|cant|p1b: Farigiraf|ability: Armor Tail|Fake Out|[of] p2b: Sneasler
|move|p1a: Rillaboom|Fake Out|p2b: Sneasler
|-damage|p2b: Sneasler|79/100
|move|p2a: Dragonite|Scale Shot|p1a: Rillaboom|[miss]
|-miss|p2a: Dragonite|p1a: Rillaboom
|move|p1b: Farigiraf|Trick Room|p1b: Farigiraf
|-fieldstart|move: Trick Room|[of] p1b: Farigiraf
|
|-heal|p2b: Sneasler|84/100|[from] Grassy Terrain
|upkeep
|turn|2
|
|t:|1756581434
|move|p1b: Farigiraf|Hyper Voice|p2a: Dragonite|[spread] p2a,p2b
|-damage|p2a: Dragonite|86/100
|-damage|p2b: Sneasler|41/100
|-enditem|p1b: Farigiraf|Throat Spray
|-boost|p1b: Farigiraf|spa|1|[from] item: Throat Spray
|move|p2a: Dragonite|Scale Shot|p1a: Rillaboom
|-crit|p1a: Rillaboom
|-damage|p1a: Rillaboom|80/100
|-damage|p1a: Rillaboom|66/100
|-damage|p1a: Rillaboom|50/100
|-crit|p1a: Rillaboom
|-damage|p1a: Rillaboom|30/100
|-damage|p1a: Rillaboom|15/100
|-hitcount|p1a: Rillaboom|5
|-unboost|p2a: Dragonite|def|1
|-boost|p2a: Dragonite|spe|1
|move|p1a: Rillaboom|U-turn|p2b: Sneasler
|-supereffective|p2b: Sneasler
|-damage|p2b: Sneasler|0 fnt
|faint|p2b: Sneasler
|
|t:|1756581454
|switch|p1a: Annihilape|Annihilape, L50, F|100/100|[from] U-turn
|
|upkeep
|
|t:|1756581462
|switch|p2b: Volcarona|Volcarona, L50, M|100/100
|-enditem|p2b: Volcarona|Grassy Seed
|-boost|p2b: Volcarona|def|1|[from] item: Grassy Seed
|turn|3
|
|t:|1756581473
|switch|p1a: Garchomp|Garchomp, L50, F|100/100
|move|p1b: Farigiraf|Hyper Voice|p2a: Dragonite|[spread] p2a,p2b
|-damage|p2a: Dragonite|44/100
|-damage|p2b: Volcarona|59/100
|move|p2b: Volcarona|Quiver Dance|p2b: Volcarona
|-boost|p2b: Volcarona|spa|1
|-boost|p2b: Volcarona|spd|1
|-boost|p2b: Volcarona|spe|1
|move|p2a: Dragonite|Scale Shot|p1a: Garchomp
|-supereffective|p1a: Garchomp
|-damage|p1a: Garchomp|70/100
|-supereffective|p1a: Garchomp
|-damage|p1a: Garchomp|39/100
|-supereffective|p1a: Garchomp
|-damage|p1a: Garchomp|9/100
|-supereffective|p1a: Garchomp
|-damage|p1a: Garchomp|0 fnt
|faint|p1a: Garchomp
|-hitcount|p1: Garchomp|4
|-unboost|p2a: Dragonite|def|1
|-boost|p2a: Dragonite|spe|1
|
|-heal|p2b: Volcarona|65/100|[from] Grassy Terrain
|upkeep
|
|t:|1756581480
|switch|p1a: Annihilape|Annihilape, L50, F|100/100
|turn|4
|
|t:|1756581504
|-terastallize|p1b: Farigiraf|Fairy
|move|p2a: Dragonite|Protect|p2a: Dragonite
|-singleturn|p2a: Dragonite|Protect
|move|p1b: Farigiraf|Hyper Voice|p2a: Dragonite|[spread] p2b
|-activate|p2a: Dragonite|move: Protect
|-damage|p2b: Volcarona|34/100
|move|p1a: Annihilape|Bulk Up|p1a: Annihilape
|-boost|p1a: Annihilape|atk|1
|-boost|p1a: Annihilape|def|1
|move|p2b: Volcarona|Heat Wave|p1a: Annihilape|[spread] p1a,p1b
|-damage|p1a: Annihilape|54/100
|-damage|p1b: Farigiraf|50/100
|
|-heal|p1b: Farigiraf|56/100|[from] Grassy Terrain
|-heal|p1a: Annihilape|61/100|[from] Grassy Terrain
|-heal|p1a: Annihilape|67/100|[from] item: Leftovers
|-heal|p2b: Volcarona|40/100|[from] Grassy Terrain
|upkeep
|turn|5
|inactive|OminousOgerpon360 has 30 seconds left.
|inactive|Kurolax has 30 seconds left.
|
|t:|1756581537
|move|p2b: Volcarona|Protect|p2b: Volcarona
|-singleturn|p2b: Volcarona|Protect
|move|p1b: Farigiraf|Hyper Voice|p2b: Volcarona|[spread] p2a
|-activate|p2b: Volcarona|move: Protect
|-damage|p2a: Dragonite|0 fnt
|faint|p2a: Dragonite
|move|p1a: Annihilape|Drain Punch|p2b: Volcarona
|-activate|p2b: Volcarona|move: Protect
|
|-heal|p1b: Farigiraf|62/100|[from] Grassy Terrain
|-heal|p1a: Annihilape|73/100|[from] Grassy Terrain
|-heal|p1a: Annihilape|79/100|[from] item: Leftovers
|-heal|p2b: Volcarona|46/100|[from] Grassy Terrain
|-fieldend|move: Trick Room
|-fieldend|move: Grassy Terrain
|upkeep
|
|t:|1756581553
|switch|p2a: Rillaboom|Rillaboom, L50, F|100/100
|-fieldstart|move: Grassy Terrain|[from] ability: Grassy Surge|[of] p2a: Rillaboom
|turn|6
|
|t:|1756581575
|move|p2b: Volcarona|Giga Drain|p1b: Farigiraf
|-damage|p1b: Farigiraf|20/100
|-heal|p2b: Volcarona|73/100|[from] drain|[of] p1b: Farigiraf
|move|p1a: Annihilape|Rage Fist|p2b: Volcarona
|-damage|p2b: Volcarona|16/100
|-status|p1a: Annihilape|brn|[from] ability: Flame Body|[of] p2b: Volcarona
|move|p2a: Rillaboom|Knock Off|p1a: Annihilape
|-damage|p1a: Annihilape|53/100 brn
|-enditem|p1a: Annihilape|Leftovers|[from] move: Knock Off|[of] p2a: Rillaboom
|move|p1b: Farigiraf|Trick Room|p1b: Farigiraf
|-fieldstart|move: Trick Room|[of] p1b: Farigiraf
|
|-heal|p1b: Farigiraf|26/100|[from] Grassy Terrain
|-heal|p1a: Annihilape|59/100 brn|[from] Grassy Terrain
|-heal|p2b: Volcarona|22/100|[from] Grassy Terrain
|-damage|p1a: Annihilape|53/100 brn|[from] brn
|upkeep
|turn|7
|inactive|Kurolax has 30 seconds left.
|inactive|Kurolax has 20 seconds left.
|inactive|Kurolax has 15 seconds left.
|
|t:|1756581619
|move|p1b: Farigiraf|Hyper Voice|p2b: Volcarona|[spread] p2a,p2b
|-damage|p2a: Rillaboom|61/100
|-damage|p2b: Volcarona|0 fnt
|faint|p2b: Volcarona
|move|p2a: Rillaboom|Knock Off|p1a: Annihilape
|-damage|p1a: Annihilape|36/100 brn
|move|p1a: Annihilape|Rage Fist|p2a: Rillaboom
|-damage|p2a: Rillaboom|0 fnt
|faint|p2a: Rillaboom
|
|win|OminousOgerpon360
||Kurolax is ready for game 2.
||OminousOgerpon360 is ready for game 2.
|uhtml|next|Next: Game 2 of 3
|l|☆OminousOgerpon360
|player|p1|
|j|☆OminousOgerpon360
|player|p1|OminousOgerpon360|n|
