|j|☆oscareox553
|j|☆wodaiogien
|html|oscareox553wodaiogien    
|uhtml|bestof|Game 1 of a best-of-3
|t:|1782318179
|gametype|doubles
|player|p1|oscareox553|ethan|1086
|player|p2|wodaiogien|170|1107
|gen|9
|tier|[Gen 9 Champions] VGC 2026 Reg M-B (Bo3)
|rated|
|rule|Species Clause: Limit one of each Pokémon
|rule|Item Clause: Limit 1 of each item
|clearpoke
|poke|p1|Swampert, L50, F|
|poke|p1|Sceptile, L50, F|
|poke|p1|Rotom-Heat, L50|
|poke|p1|Pelipper, L50, M|
|poke|p1|Archaludon, L50, F, shiny|
|poke|p1|Sylveon, L50, F, shiny|
|poke|p2|Talonflame, L50, M|
|poke|p2|Tsareena, L50, F|
|poke|p2|Raichu, L50, M|
|poke|p2|Basculegion, L50, M|
|poke|p2|Kingambit, L50, M|
|poke|p2|Sneasler, L50, F|
|teampreview|4
|showteam|p1|Swampert||Swampertite|Torrent|Protect,WaveCrash,Earthquake,IcePunch|Adamant||F|||50|]Sceptile||Sceptilite|Overgrow|DragonPulse,EarthPower,EnergyBall,Detect|Timid||F|||50|]Rotom-Heat||ChoiceScarf|Levitate|Overheat,VoltSwitch,Discharge,Trick|Timid|||||50|]Pelipper||FocusSash|Drizzle|WeatherBall,Hurricane,Tailwind,WideGuard|Modest||M|||50|]Archaludon||Leftovers|Stamina|ElectroShot,FlashCannon,Protect,DragonPulse|Modest||F|||50|]Sylveon||FairyFeather|Pixilate|HyperVoice,HyperBeam,Yawn,Detect|Modest||F|||50|
|showteam|p2|Talonflame||FocusSash|FlameBody|DualWingbeat,Tailwind,FlareBlitz,Protect|Jolly||M|||50|]Tsareena||WideLens|QueenlyMajesty|TripleAxel,SeedBomb,HighJumpKick,Protect|Adamant||F|||50|]Raichu||RaichuniteY|LightningRod|ZapCannon,FocusBlast,FakeOut,Protect|Timid||M|||50|]Basculegion||LifeOrb|Adaptability|WaveCrash,AquaJet,LastRespects,Protect|Adamant||M|||50|]Kingambit||ChopleBerry|Defiant|KowtowCleave,SuckerPunch,IronHead,Protect|Adamant||M|||50|]Sneasler||WhiteHerb|Unburden|Protect,DireClaw,CloseCombat,FakeOut|Adamant||F|||50|
|inactive|Battle timer is ON: inactive players will automatically lose when time's up. (requested by oscareox553)
|inactive|oscareox553 has 60 seconds left.
|inactive|wodaiogien has 60 seconds left.
|inactive|oscareox553 has 30 seconds left.
|inactive|oscareox553 has 20 seconds left.
|inactive|oscareox553 has 15 seconds left.
|inactive|oscareox553 has 10 seconds left.
|inactive|oscareox553 has 5 seconds left.
|
|t:|1782318266
|teamsize|p1|4
|teamsize|p2|4
|start
|switch|p1a: Sceptile|Sceptile, L50, F|100/100
|switch|p1b: Rotom|Rotom-Heat, L50|100/100
|switch|p2a: Tsareena|Tsareena, L50, F|100/100
|switch|p2b: Talonflame|Talonflame, L50, M|100/100
|turn|1
|inactive|oscareox553 has 30 seconds left.
|
|t:|1782318297
|switch|p1a: Archaludon|Archaludon, L50, F, shiny|100/100
|move|p2a: Tsareena|Protect|p2a: Tsareena
|-singleturn|p2a: Tsareena|Protect
|move|p1b: Rotom|Overheat|p2a: Tsareena
|-activate|p2a: Tsareena|move: Protect
|move|p2b: Talonflame|Tailwind|p2b: Talonflame
|-sidestart|p2: wodaiogien|move: Tailwind
|
|upkeep
|turn|2
|inactive|wodaiogien has 30 seconds left.
|inactive|wodaiogien has 20 seconds left.
|inactive|wodaiogien has 15 seconds left.
|
|t:|1782318338
|switch|p2b: Raichu|Raichu, L50, M|100/100
|move|p1a: Archaludon|Protect|p1a: Archaludon
|-singleturn|p1a: Archaludon|Protect
|move|p2a: Tsareena|High Jump Kick|p1a: Archaludon
|-activate|p1a: Archaludon|move: Protect
|-damage|p2a: Tsareena|50/100g|[from] highjumpkick
|move|p1b: Rotom|Overheat|p2a: Tsareena
|-supereffective|p2a: Tsareena|1
|-damage|p2a: Tsareena|0 fnt
|-unboost|p1b: Rotom|spa|2
|faint|p2a: Tsareena
|
|upkeep
|
|t:|1782318348
|switch|p2a: Sneasler|Sneasler, L50, F|100/100
|turn|3
|inactive|oscareox553 has 30 seconds left.
|
|t:|1782318377
|switch|p1b: Sceptile|Sceptile, L50, F|100/100
|switch|p1a: Pelipper|Pelipper, L50, M|100/100
|-weather|RainDance|[from] ability: Drizzle|[of] p1a: Pelipper
|detailschange|p2b: Raichu|Raichu-Mega-Y, L50, M
|-mega|p2b: Raichu|Raichu|Raichunite Y
|move|p2a: Sneasler|Fake Out|p1b: Sceptile
|-damage|p1b: Sceptile|72/100
|move|p2b: Raichu|Focus Blast|p1a: Pelipper
|-resisted|p1a: Pelipper|1
|-damage|p1a: Pelipper|67/100
|
|-weather|RainDance|[upkeep]
|upkeep
|turn|4
|inactive|oscareox553 has 30 seconds left.
|inactive|wodaiogien has 30 seconds left.
|
|t:|1782318412
|detailschange|p1b: Sceptile|Sceptile-Mega, L50, F
|-mega|p1b: Sceptile|Sceptile|Sceptilite
|move|p1b: Sceptile|Detect|p1b: Sceptile
|-singleturn|p1b: Sceptile|Protect
|move|p2b: Raichu|Zap Cannon|p1b: Sceptile
|-activate|p1b: Sceptile|ability: Lightning Rod
|-activate|p1b: Sceptile|move: Protect
|move|p2a: Sneasler|Dire Claw|p1b: Sceptile
|-activate|p1b: Sceptile|move: Protect
|move|p1a: Pelipper|Tailwind|p1a: Pelipper
|-sidestart|p1: oscareox553|move: Tailwind
|
|-weather|RainDance|[upkeep]
|-sideend|p2: wodaiogien|move: Tailwind
|upkeep
|turn|5
|
|t:|1782318433
|move|p2b: Raichu|Protect|p2b: Raichu
|-singleturn|p2b: Raichu|Protect
|move|p2a: Sneasler|Protect|p2a: Sneasler
|-singleturn|p2a: Sneasler|Protect
|move|p1b: Sceptile|Earth Power|p2b: Raichu
|-activate|p2b: Raichu|move: Protect
|move|p1a: Pelipper|Hurricane|p2a: Sneasler
|-activate|p2a: Sneasler|move: Protect
|
|-weather|RainDance|[upkeep]
|upkeep
|turn|6
|
|t:|1782318449
|move|p1b: Sceptile|Dragon Pulse|p2b: Raichu
|-damage|p2b: Raichu|39/100
|move|p1a: Pelipper|Hurricane|p2a: Sneasler
|-supereffective|p2a: Sneasler|1
|-damage|p2a: Sneasler|0 fnt
|faint|p2a: Sneasler
|move|p2b: Raichu|Focus Blast|p1b: Sceptile
|-damage|p1b: Sceptile|10/100
|
|-weather|RainDance|[upkeep]
|upkeep
|
|t:|1782318454
|switch|p2a: Talonflame|Talonflame, L50, M|100/100
|turn|7
|
|t:|1782318471
|move|p1b: Sceptile|Detect|p1b: Sceptile
|-singleturn|p1b: Sceptile|Protect
|move|p2b: Raichu|Protect|p2b: Raichu
|-singleturn|p2b: Raichu|Protect
|move|p1a: Pelipper|Weather Ball|p2a: Talonflame
|-supereffective|p2a: Talonflame|1
|-enditem|p2a: Talonflame|Focus Sash
|-damage|p2a: Talonflame|1/100
|move|p2a: Talonflame|Tailwind|p2a: Talonflame
|-sidestart|p2: wodaiogien|move: Tailwind
|
|-weather|none
|-sideend|p1: oscareox553|move: Tailwind
|upkeep
|turn|8
|
|t:|1782318493
|switch|p1a: Rotom|Rotom-Heat, L50|100/100
|move|p1b: Sceptile|Detect||[still]
|-fail|p1b: Sceptile
|move|p2b: Raichu|Focus Blast|p1b: Sceptile
|-damage|p1b: Sceptile|0 fnt
|faint|p1b: Sceptile
|move|p2a: Talonflame|Dual Wingbeat|p1a: Rotom
|-resisted|p1a: Rotom|1
|-damage|p1a: Rotom|90/100
|-resisted|p1a: Rotom|1
|-damage|p1a: Rotom|80/100
|-hitcount|p1a: Rotom|2
|
|upkeep
|
|t:|1782318505
|switch|p1b: Pelipper|Pelipper, L50, M|67/100
|-weather|RainDance|[from] ability: Drizzle|[of] p1b: Pelipper
|turn|9
|
|t:|1782318517
|move|p1b: Pelipper|Wide Guard|p1b: Pelipper
|-singleturn|p1b: Pelipper|Wide Guard
|move|p2b: Raichu|Zap Cannon|p1b: Pelipper
|-supereffective|p1b: Pelipper|2
|-damage|p1b: Pelipper|0 fnt
|faint|p1b: Pelipper
|move|p2a: Talonflame|Dual Wingbeat|p1a: Rotom
|-resisted|p1a: Rotom|1
|-damage|p1a: Rotom|71/100
|-resisted|p1a: Rotom|1
|-damage|p1a: Rotom|60/100
|-hitcount|p1a: Rotom|2
|move|p1a: Rotom|Discharge|p2b: Raichu|[spread] p2a,p2b
|-supereffective|p2a: Talonflame|1
|-resisted|p2b: Raichu|1
|-damage|p2a: Talonflame|0 fnt
|-damage|p2b: Raichu|22/100
|faint|p2a: Talonflame
|
|-weather|RainDance|[upkeep]
|upkeep
|
|t:|1782318531
|switch|p1b: Archaludon|Archaludon, L50, F, shiny|100/100
|turn|10
|
|t:|1782318537
|move|p1b: Archaludon|Protect|p1b: Archaludon
|-singleturn|p1b: Archaludon|Protect
|move|p2b: Raichu|Focus Blast|p1b: Archaludon
|-activate|p1b: Archaludon|move: Protect
|move|p1a: Rotom|Discharge|p2b: Raichu|[spread] p2b
|-activate|p1b: Archaludon|move: Protect
|-resisted|p2b: Raichu|1
|-damage|p2b: Raichu|3/100
|
|-weather|RainDance|[upkeep]
|-sideend|p2: wodaiogien|move: Tailwind
|upkeep
|turn|11
|-message|wodaiogien forfeited.
|
|win|oscareox553
||oscareox553 is ready for game 2.
||wodaiogien is ready for game 2.
|uhtml|next|Next: Game 2 of 3
|l|☆wodaiogien
|player|p2|
