|j|☆ineverfinishedOR
|j|☆Mortipherus
|html|ineverfinishedORMortipherus    
|uhtml|bestof|Game 2 of a best-of-3
|t:|1756407564
|gametype|doubles
|player|p1|ineverfinishedOR|2|
|player|p2|Mortipherus|biker-gen4|
|gen|9
|tier|[Gen 9] VGC 2025 Reg H (Bo3)
|rule|Species Clause: Limit one of each Pokémon
|rule|Item Clause: Limit 1 of each item
|clearpoke
|poke|p1|Indeedee-F, L50, F|
|poke|p1|Delphox, L50, F|
|poke|p1|Sneasler, L50, F|
|poke|p1|Incineroar, L50, M|
|poke|p1|Murkrow, L50, M|
|poke|p1|Maushold, L50|
|poke|p2|Hydrapple, L50, M|
|poke|p2|Arcanine-Hisui, L50, M|
|poke|p2|Gholdengo, L50|
|poke|p2|Electabuzz, L50, F|
|poke|p2|Indeedee, L50, M|
|poke|p2|Sneasler, L50, F|
|teampreview|4
|showteam|p1|Indeedee-F||RockyHelmet|PsychicSurge|FollowMe,HelpingHand,Imprison,TrickRoom|||F|||50|,,,,,Fairy]Delphox||LifeOrb|Blaze|Protect,NastyPlot,HeatWave,ExpandingForce|||F|||50|,,,,,Psychic]Sneasler||PsychicSeed|Unburden|Protect,CloseCombat,DireClaw,ThroatChop|||F|||50|,,,,,Dark]Incineroar||SafetyGoggles|Intimidate|FakeOut,WillOWisp,KnockOff,PartingShot|||M|||50|,,,,,Ghost]Murkrow||Eviolite|Prankster|FoulPlay,SunnyDay,Haze,Tailwind|||M|||50|,,,,,Ghost]Maushold||WideLens|Technician|Protect,PopulationBomb,Encore,Taunt||||||50|,,,,,Normal
|showteam|p2|Hydrapple||AssaultVest|Regenerator|FickleBeam,EnergyBall,EarthPower,PollenPuff|||M|||50|,,,,,Bug]Arcanine-Hisui||ClearAmulet|Intimidate|Protect,ExtremeSpeed,FlareBlitz,RockSlide|||M|||50|,,,,,Grass]Gholdengo||LifeOrb|GoodasGold|Protect,NastyPlot,MakeItRain,ShadowBall||||||50|,,,,,Flying]Electabuzz||Eviolite|VitalSpirit|Protect,FollowMe,Taunt,Electroweb|||F|||50|,,,,,Dragon]Indeedee||FocusSash|PsychicSurge|Protect,TrickRoom,ExpandingForce,TeraBlast|||M|||50|,,,,,Ground]Sneasler||PsychicSeed|Unburden|Protect,ThroatChop,DireClaw,CloseCombat|||F|||50|,,,,,Dark
|
|t:|1756407622
|teamsize|p1|4
|teamsize|p2|4
|start
|switch|p1a: Maushold|Maushold, L50|100/100
|switch|p1b: Murkrow|Murkrow, L50, M|100/100
|switch|p2a: Electabuzz|Electabuzz, L50, F|100/100
|switch|p2b: Sneasler|Sneasler, L50, F|100/100
|turn|1
|
|t:|1756407664
|switch|p1a: Delphox|Delphox, L50, F|100/100
|move|p2b: Sneasler|Protect|p2b: Sneasler
|-singleturn|p2b: Sneasler|Protect
|move|p1b: Murkrow|Tailwind|p1b: Murkrow
|-sidestart|p1: ineverfinishedOR|move: Tailwind
|move|p2a: Electabuzz|Electroweb|p1b: Murkrow|[spread] p1a,p1b
|-supereffective|p1b: Murkrow
|-damage|p1a: Delphox|84/100
|-damage|p1b: Murkrow|68/100
|-unboost|p1a: Delphox|spe|1
|-unboost|p1b: Murkrow|spe|1
|
|upkeep
|turn|2
|
|t:|1756407701
|switch|p2b: Arcanine|Arcanine-Hisui, L50, M|100/100
|-ability|p2b: Arcanine|Intimidate|boost
|-unboost|p1a: Delphox|atk|1
|-unboost|p1b: Murkrow|atk|1
|move|p1a: Delphox|Protect|p1a: Delphox
|-singleturn|p1a: Delphox|Protect
|move|p2a: Electabuzz|Protect|p2a: Electabuzz
|-singleturn|p2a: Electabuzz|Protect
|move|p1b: Murkrow|Sunny Day|p1b: Murkrow
|-weather|SunnyDay
|
|-weather|SunnyDay|[upkeep]
|upkeep
|turn|3
|
|t:|1756407755
|switch|p1b: Sneasler|Sneasler, L50, F|100/100
|-terastallize|p1a: Delphox|Psychic
|move|p2b: Arcanine|Protect|p2b: Arcanine
|-singleturn|p2b: Arcanine|Protect
|move|p1a: Delphox|Expanding Force|p2b: Arcanine
|-activate|p2b: Arcanine|move: Protect
|move|p2a: Electabuzz|Electroweb|p1b: Sneasler|[spread] p1a,p1b
|-damage|p1a: Delphox|67/100
|-damage|p1b: Sneasler|80/100
|-unboost|p1a: Delphox|spe|1
|-unboost|p1b: Sneasler|spe|1
|
|-weather|SunnyDay|[upkeep]
|upkeep
|turn|4
|
|t:|1756407780
|move|p2a: Electabuzz|Follow Me|p2a: Electabuzz
|-singleturn|p2a: Electabuzz|move: Follow Me
|move|p1b: Sneasler|Close Combat|p2a: Electabuzz
|-damage|p2a: Electabuzz|43/100
|-unboost|p1b: Sneasler|def|1
|-unboost|p1b: Sneasler|spd|1
|move|p1a: Delphox|Heat Wave|p2a: Electabuzz|[spread] p2a,p2b
|-resisted|p2b: Arcanine
|-damage|p2a: Electabuzz|0 fnt
|-damage|p2b: Arcanine|83/100
|faint|p2a: Electabuzz
|-damage|p1a: Delphox|57/100|[from] item: Life Orb
|move|p2b: Arcanine|Flare Blitz|p1a: Delphox
|-damage|p1a: Delphox|0 fnt
|faint|p1a: Delphox
|-damage|p2b: Arcanine|68/100|[from] Recoil
|
|-weather|SunnyDay|[upkeep]
|-sideend|p1: ineverfinishedOR|move: Tailwind
|upkeep
|
|t:|1756407798
|switch|p1a: Maushold|Maushold, L50|100/100
|switch|p2a: Sneasler|Sneasler, L50, F|100/100
|turn|5
|
|t:|1756407815
|move|p1b: Sneasler|Protect|p1b: Sneasler
|-singleturn|p1b: Sneasler|Protect
|move|p2b: Arcanine|Extreme Speed|p1b: Sneasler
|-activate|p1b: Sneasler|move: Protect
|move|p1a: Maushold|Population Bomb|p2a: Sneasler
|-damage|p2a: Sneasler|83/100
|-damage|p2a: Sneasler|63/100
|-damage|p2a: Sneasler|45/100
|-damage|p2a: Sneasler|25/100
|-damage|p2a: Sneasler|6/100
|-crit|p2a: Sneasler
|-damage|p2a: Sneasler|0 fnt
|faint|p2a: Sneasler
|-hitcount|p2: Sneasler|6
|
|-weather|SunnyDay|[upkeep]
|upkeep
|
|t:|1756407822
|switch|p2a: Indeedee|Indeedee, L50, M|100/100
|-fieldstart|move: Psychic Terrain|[from] ability: Psychic Surge|[of] p2a: Indeedee
|-enditem|p1b: Sneasler|Psychic Seed
|-boost|p1b: Sneasler|spd|1|[from] item: Psychic Seed
|turn|6
|
|t:|1756407839
|move|p1b: Sneasler|Close Combat|p2b: Arcanine
|-supereffective|p2b: Arcanine
|-damage|p2b: Arcanine|0 fnt
|-unboost|p1b: Sneasler|def|1
|-unboost|p1b: Sneasler|spd|1
|faint|p2b: Arcanine
|move|p1a: Maushold|Population Bomb|p2a: Indeedee
|-damage|p2a: Indeedee|75/100
|-damage|p2a: Indeedee|51/100
|-damage|p2a: Indeedee|26/100
|-damage|p2a: Indeedee|2/100
|-damage|p2a: Indeedee|0 fnt
|faint|p2a: Indeedee
|-hitcount|p2: Indeedee|5
|
|win|ineverfinishedOR
|c|☆ineverfinishedOR|gg
|c|☆Mortipherus|ggs
