|j|☆psychic system
|j|☆Vuultur
|html|psychic systemVuultur    
|uhtml|bestof|Game 2 of a best-of-3
|t:|1756917868
|gametype|doubles
|player|p1|psychic system|lucas|1150
|player|p2|Vuultur|hilbert-wonderlauncher|1173
|gen|9
|tier|[Gen 9] VGC 2025 Reg H (Bo3)
|rated|
|rule|Species Clause: Limit one of each Pokémon
|rule|Item Clause: Limit 1 of each item
|clearpoke
|poke|p1|Rillaboom, L50, F|
|poke|p1|Florges, L50, F|
|poke|p1|Amoonguss, L50, F|
|poke|p1|Kingambit, L50, F|
|poke|p1|Incineroar, L50, F|
|poke|p1|Pelipper, L50, M|
|poke|p2|Gholdengo, L50|
|poke|p2|Amoonguss, L50, M|
|poke|p2|Basculegion, L50, M|
|poke|p2|Pelipper, L50, M|
|poke|p2|Incineroar, L50, M|
|poke|p2|Archaludon, L50, F|
|teampreview|4
|showteam|p1|Rillaboom||AssaultVest|GrassySurge|FakeOut,GrassyGlide,DrumBeating,Uturn|||F|||50|,,,,,Fire]Florges||Leftovers|FlowerVeil|Moonblast,DazzlingGleam,CalmMind,Protect|||F|||50|,,,,,Grass]Amoonguss||SitrusBerry|Regenerator|ClearSmog,Spore,PollenPuff,RagePowder|||F|||50|,,,,,Water]Kingambit||BlackGlasses|Defiant|Protect,KowtowCleave,SuckerPunch,SwordsDance|||F|||50|,,,,,Ghost]Incineroar||SafetyGoggles|Intimidate|FakeOut,KnockOff,FlareBlitz,PartingShot|||F|||50|,,,,,Ghost]Pelipper||ChoiceScarf|Drizzle|MuddyWater,Hurricane,IcyWind,WeatherBall|||M|||50|,,,,,Water
|showteam|p2|Gholdengo||LifeOrb|GoodasGold|MakeItRain,ShadowBall,NastyPlot,Protect||||||50|,,,,,Water]Amoonguss||SitrusBerry|Regenerator|Spore,RagePowder,PollenPuff,ClearSmog|||M|||50|,,,,,Psychic]Basculegion||ChoiceBand|SwiftSwim|WaveCrash,FlipTurn,LastRespects,AquaJet|||M|||50|,,,,,Water]Pelipper||FocusSash|Drizzle|WeatherBall,Hurricane,Tailwind,Protect|||M|||50|,,,,,Ground]Incineroar||SafetyGoggles|Intimidate|FlareBlitz,KnockOff,PartingShot,FakeOut|||M|||50|,,,,,Ghost]Archaludon||AssaultVest|Stamina|ElectroShot,FlashCannon,DracoMeteor,BodyPress|||F|||50|,,,,,Bug
|inactive|Battle timer is ON: inactive players will automatically lose when time's up. (requested by psychic system)
|
|t:|1756917886
|teamsize|p1|4
|teamsize|p2|4
|start
|switch|p1a: Rillaboom|Rillaboom, L50, F|100/100
|switch|p1b: Florges|Florges, L50, F|100/100
|switch|p2a: Pelipper|Pelipper, L50, M|100/100
|switch|p2b: Archaludon|Archaludon, L50, F|100/100
|-weather|RainDance|[from] ability: Drizzle|[of] p2a: Pelipper
|-fieldstart|move: Grassy Terrain|[from] ability: Grassy Surge|[of] p1a: Rillaboom
|turn|1
|inactive|Vuultur has 30 seconds left.
|
|t:|1756917916
|move|p2b: Archaludon|Electro Shot||[still]
|-prepare|p2b: Archaludon|Electro Shot
|-boost|p2b: Archaludon|spa|1
|-anim|p2b: Archaludon|Electro Shot|p1b: Florges
|-damage|p1b: Florges|55/100
|move|p2a: Pelipper|Weather Ball|p1b: Florges
|-damage|p1b: Florges|10/100
|move|p1a: Rillaboom|Drum Beating|p2a: Pelipper
|-damage|p2a: Pelipper|34/100
|-unboost|p2a: Pelipper|spe|1
|move|p1b: Florges|Calm Mind|p1b: Florges
|-boost|p1b: Florges|spa|1
|-boost|p1b: Florges|spd|1
|
|-weather|RainDance|[upkeep]
|-heal|p1b: Florges|16/100|[from] Grassy Terrain
|-heal|p1b: Florges|23/100|[from] item: Leftovers
|upkeep
|turn|2
|inactive|psychic system has 30 seconds left.
|
|t:|1756917942
|switch|p2a: Amoonguss|Amoonguss, L50, M|100/100
|move|p1b: Florges|Protect|p1b: Florges
|-singleturn|p1b: Florges|Protect
|move|p2b: Archaludon|Electro Shot||[still]
|-prepare|p2b: Archaludon|Electro Shot
|-boost|p2b: Archaludon|spa|1
|-anim|p2b: Archaludon|Electro Shot|p1b: Florges
|-activate|p1b: Florges|move: Protect
|move|p1a: Rillaboom|Drum Beating|p2b: Archaludon
|-resisted|p2b: Archaludon
|-damage|p2b: Archaludon|90/100
|-unboost|p2b: Archaludon|spe|1
|-ability|p2b: Archaludon|Stamina|boost
|-boost|p2b: Archaludon|def|1
|
|-weather|RainDance|[upkeep]
|-heal|p1b: Florges|29/100|[from] Grassy Terrain
|-heal|p1b: Florges|35/100|[from] item: Leftovers
|-heal|p2b: Archaludon|96/100|[from] Grassy Terrain
|upkeep
|turn|3
|inactive|psychic system has 30 seconds left.
|inactive|Vuultur has 30 seconds left.
|inactive|psychic system has 20 seconds left.
|inactive|psychic system has 15 seconds left.
|
|t:|1756917982
|-terastallize|p1b: Florges|Grass
|move|p1a: Rillaboom|U-turn|p2b: Archaludon
|-resisted|p2b: Archaludon
|-damage|p2b: Archaludon|90/100
|-ability|p2b: Archaludon|Stamina|boost
|-boost|p2b: Archaludon|def|1
|
|t:|1756917989
|switch|p1a: Incineroar|Incineroar, L50, F|100/100|[from] U-turn
|-ability|p1a: Incineroar|Intimidate|boost
|-unboost|p2a: Amoonguss|atk|1
|-unboost|p2b: Archaludon|atk|1
|move|p1b: Florges|Moonblast|p2b: Archaludon
|-damage|p2b: Archaludon|49/100
|-ability|p2b: Archaludon|Stamina|boost
|-boost|p2b: Archaludon|def|1
|move|p2b: Archaludon|Electro Shot||[still]
|-prepare|p2b: Archaludon|Electro Shot
|-boost|p2b: Archaludon|spa|1
|-anim|p2b: Archaludon|Electro Shot|p1b: Florges
|-resisted|p1b: Florges
|-damage|p1b: Florges|11/100
|move|p2a: Amoonguss|Clear Smog|p1b: Florges
|-supereffective|p1b: Florges
|-damage|p1b: Florges|0 fnt
|-clearboost|p1b: Florges
|faint|p1b: Florges
|
|-weather|RainDance|[upkeep]
|-heal|p2b: Archaludon|55/100|[from] Grassy Terrain
|upkeep
|
|t:|1756918012
|switch|p1b: Rillaboom|Rillaboom, L50, F|100/100
|turn|4
|
|t:|1756918036
|move|p1b: Rillaboom|Drum Beating|p2b: Archaludon
|-resisted|p2b: Archaludon
|-damage|p2b: Archaludon|51/100
|-unboost|p2b: Archaludon|spe|1
|-ability|p2b: Archaludon|Stamina|boost
|-boost|p2b: Archaludon|def|1
|move|p1a: Incineroar|Flare Blitz|p2a: Amoonguss
|-supereffective|p2a: Amoonguss
|-damage|p2a: Amoonguss|60/100
|-damage|p1a: Incineroar|86/100|[from] Recoil
|move|p2b: Archaludon|Body Press|p1a: Incineroar
|-supereffective|p1a: Incineroar
|-damage|p1a: Incineroar|0 fnt
|faint|p1a: Incineroar
|move|p2a: Amoonguss|Pollen Puff|p2b: Archaludon
|-heal|p2b: Archaludon|100/100
|
|-weather|RainDance|[upkeep]
|-heal|p2a: Amoonguss|65/100|[from] Grassy Terrain
|upkeep
|
|t:|1756918047
|switch|p1a: Kingambit|Kingambit, L50, F|100/100
|turn|5
|-message|psychic system forfeited.
|
|win|Vuultur
|raw|psychic system's rating: 1150 → 1127(-23 for losing)
|raw|Vuultur's rating: 1173 → 1196(+23 for winning)
