|j|☆elfokaz
|j|☆Sizzle2466
|html|elfokazSizzle2466    
|uhtml|bestof|Game 1 of a best-of-3
|t:|1757714404
|gametype|doubles
|player|p1|elfokaz|170|1073
|player|p2|Sizzle2466|2|1082
|gen|9
|tier|[Gen 9] VGC 2025 Reg H (Bo3)
|rated|
|rule|Species Clause: Limit one of each Pokémon
|rule|Item Clause: Limit 1 of each item
|clearpoke
|poke|p1|Dragapult, L50, M|
|poke|p1|Kilowattrel, L50, M|
|poke|p1|Toedscruel, L50, M|
|poke|p1|Palafin, L50, M|
|poke|p1|Incineroar, L50, M|
|poke|p1|Weezing, L50, M|
|poke|p2|Galvantula, L50, F|
|poke|p2|Incineroar, L50, F|
|poke|p2|Amoonguss, L50, M|
|poke|p2|Gholdengo, L50|
|poke|p2|Palafin, L50, F|
|poke|p2|Sneasler, L50, F|
|teampreview|4
|showteam|p1|Dragapult||ChoiceBand|ClearBody|DragonDarts,PhantomForce,PsychicFangs,Uturn|||M|||50|,,,,,Dragon]Kilowattrel||CovertCloak|Competitive|VoltSwitch,AirSlash,Thunderbolt,Tailwind|||M|||50|,,,,,Electric]Toedscruel||LifeOrb|MyceliumMight|EnergyBall,EarthPower,Spore,Protect|||M|||50|,,,,,Fire]Palafin||MysticWater|ZerotoHero|JetPunch,WaveCrash,Haze,Protect|||M|||50|,,,,,Water]Incineroar||AbilityShield|Intimidate|FakeOut,KnockOff,FlareBlitz,PartingShot|||M|||50|,,,,,Ghost]Weezing||SitrusBerry|NeutralizingGas|SludgeBomb,Taunt,WillOWisp,Protect|||M|||50|,,,,,Dark
|showteam|p2|Galvantula||AssaultVest|CompoundEyes|Electroweb,BugBuzz,Thunder,VoltSwitch|||F|||50|,,,,,Electric]Incineroar||SafetyGoggles|Intimidate|FakeOut,FlareBlitz,KnockOff,PartingShot|||F|||50|,,,,,Ghost]Amoonguss||CovertCloak|Regenerator|Spore,RagePowder,SludgeBomb,PollenPuff|||M|||50|,,,,,Ghost]Gholdengo||SitrusBerry|GoodasGold|NastyPlot,MakeItRain,ShadowBall,Protect||||||50|,,,,,Water]Palafin||MysticWater|ZerotoHero|JetPunch,WaveCrash,Protect,FlipTurn|||F|||50|,,,,,Water]Sneasler||WhiteHerb|Unburden|Protect,CloseCombat,DireClaw,ThroatChop|||F|||50|,,,,,Dark
|
|t:|1757714500
|teamsize|p1|4
|teamsize|p2|4
|start
|switch|p1a: Kilowattrel|Kilowattrel, L50, M|100/100
|switch|p1b: Weezing|Weezing, L50, M|100/100
|switch|p2a: Incineroar|Incineroar, L50, F|100/100
|switch|p2b: Galvantula|Galvantula, L50, F|100/100
|-ability|p1b: Weezing|Neutralizing Gas
|turn|1
|
|t:|1757714592
|move|p1b: Weezing|Protect|p1b: Weezing
|-singleturn|p1b: Weezing|Protect
|move|p1a: Kilowattrel|Air Slash|p2b: Galvantula
|-damage|p2b: Galvantula|67/100
|move|p2b: Galvantula|Volt Switch|p1a: Kilowattrel
|-damage|p1a: Kilowattrel|53/100
|
|t:|1757714599
|switch|p2b: Gholdengo|Gholdengo, L50|100/100|[from] Volt Switch
|move|p2a: Incineroar|Knock Off|p1a: Kilowattrel
|-damage|p1a: Kilowattrel|0 fnt
|-enditem|p1a: Kilowattrel|Covert Cloak|[from] move: Knock Off|[of] p2a: Incineroar
|faint|p1a: Kilowattrel
|
|upkeep
|
|t:|1757714607
|switch|p1a: Toedscruel|Toedscruel, L50, M|100/100
|turn|2
|
|t:|1757714616
|switch|p2b: Amoonguss|Amoonguss, L50, M|100/100
|move|p1a: Toedscruel|Spore|p2b: Amoonguss
|-immune|p2b: Amoonguss
|move|p2a: Incineroar|Flare Blitz|p1a: Toedscruel
|-supereffective|p1a: Toedscruel
|-damage|p1a: Toedscruel|0 fnt
|faint|p1a: Toedscruel
|-damage|p2a: Incineroar|75/100|[from] Recoil
|move|p1b: Weezing|Sludge Bomb|p2a: Incineroar
|-damage|p2a: Incineroar|50/100
|-status|p2a: Incineroar|psn
|
|-damage|p2a: Incineroar|37/100 psn|[from] psn
|upkeep
|
|t:|1757714620
|switch|p1a: Incineroar|Incineroar, L50, M|100/100
|-ability|p1a: Incineroar|Intimidate|boost
|-unboost|p2a: Incineroar|atk|1
|-unboost|p2b: Amoonguss|atk|1
|turn|3
|
|t:|1757714645
|move|p1a: Incineroar|Flare Blitz|p2b: Amoonguss
|-supereffective|p2b: Amoonguss
|-damage|p2b: Amoonguss|15/100
|-damage|p1a: Incineroar|70/100|[from] Recoil
|move|p2a: Incineroar|Flare Blitz|p1b: Weezing
|-damage|p1b: Weezing|73/100
|-damage|p2a: Incineroar|29/100 psn|[from] Recoil
|move|p1b: Weezing|Taunt|p2b: Amoonguss
|-start|p2b: Amoonguss|move: Taunt
|cant|p2b: Amoonguss|move: Taunt|Spore
|
|-damage|p2a: Incineroar|17/100 psn|[from] psn
|upkeep
|turn|4
|
|t:|1757714664
|move|p1a: Incineroar|Knock Off|p2b: Amoonguss
|-damage|p2b: Amoonguss|0 fnt
|-enditem|p2b: Amoonguss|Covert Cloak|[from] move: Knock Off|[of] p1a: Incineroar
|faint|p2b: Amoonguss
|move|p2a: Incineroar|Knock Off|p1b: Weezing
|-damage|p1b: Weezing|53/100
|-enditem|p1b: Weezing|Sitrus Berry|[from] move: Knock Off|[of] p2a: Incineroar
|move|p1b: Weezing|Sludge Bomb|p2a: Incineroar
|-damage|p2a: Incineroar|0 fnt
|faint|p2a: Incineroar
|
|upkeep
|
|t:|1757714674
|switch|p2a: Gholdengo|Gholdengo, L50|100/100
|switch|p2b: Galvantula|Galvantula, L50, F|67/100
|turn|5
|
|t:|1757714692
|-terastallize|p2a: Gholdengo|Water
|move|p1b: Weezing|Protect|p1b: Weezing
|-singleturn|p1b: Weezing|Protect
|move|p2b: Galvantula|Volt Switch|p1a: Incineroar
|-damage|p1a: Incineroar|45/100
|move|p1a: Incineroar|Flare Blitz|p2b: Galvantula
|-supereffective|p2b: Galvantula
|-damage|p2b: Galvantula|0 fnt
|faint|p2b: Galvantula
|-damage|p1a: Incineroar|27/100|[from] Recoil
|move|p2a: Gholdengo|Nasty Plot|p2a: Gholdengo
|-boost|p2a: Gholdengo|spa|2
|
|upkeep
|turn|6
|
|t:|1757714713
|-terastallize|p1b: Weezing|Dark
|move|p1a: Incineroar|Knock Off|p2a: Gholdengo
|-damage|p2a: Gholdengo|65/100
|-enditem|p2a: Gholdengo|Sitrus Berry|[from] move: Knock Off|[of] p1a: Incineroar
|move|p2a: Gholdengo|Make It Rain|p1a: Incineroar|[spread] p1a,p1b
|-resisted|p1a: Incineroar
|-crit|p1b: Weezing
|-damage|p1a: Incineroar|0 fnt
|-damage|p1b: Weezing|0 fnt
|-unboost|p2a: Gholdengo|spa|1
|faint|p1a: Incineroar
|faint|p1b: Weezing
|-end|p1b: Weezing|ability: Neutralizing Gas
|
|win|Sizzle2466
|inactive|elfokaz has 30 seconds to confirm battle start!
|inactive|Sizzle2466 has 30 seconds to confirm battle start!
||elfokaz is ready for game 2.
||Sizzle2466 is ready for game 2.
|uhtml|next|Next: Game 2 of 3
