|j|☆Lkizzz
|j|☆Welosethose!
|html|LkizzzWelosethose!    
|uhtml|bestof|Game 1 of a best-of-3
|t:|1756946172
|gametype|doubles
|player|p1|Lkizzz|swimmer-gen4dp|1216
|player|p2|Welosethose!|hilbert|1177
|gen|9
|tier|[Gen 9] VGC 2025 Reg H (Bo3)
|rated|
|rule|Species Clause: Limit one of each Pokémon
|rule|Item Clause: Limit 1 of each item
|clearpoke
|poke|p1|Ursaluna, L50, M|
|poke|p1|Incineroar, L50, M|
|poke|p1|Dragonite, L50, M|
|poke|p1|Pelipper, L50, M|
|poke|p1|Sinistcha, L50|
|poke|p1|Archaludon, L50, F|
|poke|p2|Politoed, L50, M|
|poke|p2|Gothitelle, L50, F|
|poke|p2|Kingdra, L50, F|
|poke|p2|Archaludon, L50, M|
|poke|p2|Amoonguss, L50, F|
|poke|p2|Incineroar, L50, F|
|teampreview|4
|showteam|p1|Ursaluna||FlameOrb|Guts|Protect,Facade,HeadlongRush,Earthquake|||M|||50|,,,,,Ghost]Incineroar||SafetyGoggles|Intimidate|FakeOut,KnockOff,FlareBlitz,PartingShot|||M|||50|,,,,,Ghost]Dragonite||LoadedDice|Multiscale|Protect,ScaleShot,Haze,Tailwind|||M|||50|,,,,,Steel]Pelipper||FocusSash|Drizzle|WeatherBall,Hurricane,Tailwind,WideGuard|||M|||50|,,,,,Ghost]Sinistcha||SitrusBerry|Hospitality|MatchaGotcha,TrickRoom,LifeDew,RagePowder||||||50|,,,,,Water]Archaludon||AssaultVest|Stamina|ElectroShot,FlashCannon,DragonPulse,BodyPress|||F|||50|,,,,,Grass
|showteam|p2|Politoed||Leftovers|Drizzle|WeatherBall,Encore,PerishSong,Protect|||M|||50|,,,,,Grass]Gothitelle||SitrusBerry|ShadowTag|FakeOut,Psychic,TrickRoom,Protect|||F|||50|,,,,,Dark]Kingdra||LifeOrb|SwiftSwim|WeatherBall,MuddyWater,DracoMeteor,Protect|||F|||50|,,,,,Stellar]Archaludon||PowerHerb|Sturdy|ElectroShot,FlashCannon,DragonPulse,Protect|||M|||50|,,,,,Electric]Amoonguss||EjectButton|Regenerator|PollenPuff,Spore,RagePowder,Protect|||F|||50|,,,,,Fairy]Incineroar||SafetyGoggles|Intimidate|FakeOut,KnockOff,PartingShot,Protect|||F|||50|,,,,,Ghost
|
|t:|1756946216
|teamsize|p1|4
|teamsize|p2|4
|start
|switch|p1a: Big G|Incineroar, L50, M|100/100
|switch|p1b: Sinistcha|Sinistcha, L50|100/100
|switch|p2a: Kingdra|Kingdra, L50, F|100/100
|switch|p2b: Archaludon|Archaludon, L50, M|100/100
|-ability|p1a: Big G|Intimidate|boost
|-unboost|p2a: Kingdra|atk|1
|-unboost|p2b: Archaludon|atk|1
|turn|1
|
|t:|1756946237
|move|p1a: Big G|Fake Out|p2a: Kingdra
|-damage|p2a: Kingdra|88/100
|move|p2b: Archaludon|Electro Shot||[still]
|-prepare|p2b: Archaludon|Electro Shot
|-boost|p2b: Archaludon|spa|1
|-enditem|p2b: Archaludon|Power Herb
|-anim|p2b: Archaludon|Electro Shot|p1b: Sinistcha
|-resisted|p1b: Sinistcha
|-damage|p1b: Sinistcha|72/100
|cant|p2a: Kingdra|flinch
|move|p1b: Sinistcha|Matcha Gotcha|p2b: Archaludon|[spread] p2a,p2b
|-resisted|p2b: Archaludon
|-damage|p2a: Kingdra|55/100
|-heal|p1b: Sinistcha|86/100|[from] drain|[of] p2a: Kingdra
|-damage|p2b: Archaludon|91/100
|-heal|p1b: Sinistcha|90/100|[from] drain|[of] p2b: Archaludon
|
|upkeep
|turn|2
|
|t:|1756946264
|switch|p1a: Archaludon|Archaludon, L50, F|100/100
|move|p2b: Archaludon|Dragon Pulse|p1b: Sinistcha
|-damage|p1b: Sinistcha|39/100
|-enditem|p1b: Sinistcha|Sitrus Berry|[eat]
|-heal|p1b: Sinistcha|64/100|[from] item: Sitrus Berry
|move|p2a: Kingdra|Muddy Water|p1b: Sinistcha|[spread] p1a,p1b
|-resisted|p1a: Archaludon
|-resisted|p1b: Sinistcha
|-damage|p1a: Archaludon|84/100
|-damage|p1b: Sinistcha|49/100
|-ability|p1a: Archaludon|Stamina|boost
|-boost|p1a: Archaludon|def|1
|-damage|p2a: Kingdra|46/100|[from] item: Life Orb
|move|p1b: Sinistcha|Matcha Gotcha|p2b: Archaludon|[spread] p2a,p2b
|-resisted|p2b: Archaludon
|-damage|p2a: Kingdra|18/100
|-heal|p1b: Sinistcha|61/100|[from] drain|[of] p2a: Kingdra
|-damage|p2b: Archaludon|81/100
|-heal|p1b: Sinistcha|65/100|[from] drain|[of] p2b: Archaludon
|
|upkeep
|turn|3
|
|t:|1756946294
|switch|p2b: Politoed|Politoed, L50, M|100/100
|-weather|RainDance|[from] ability: Drizzle|[of] p2b: Politoed
|move|p1b: Sinistcha|Rage Powder|p1b: Sinistcha
|-singleturn|p1b: Sinistcha|move: Rage Powder
|move|p2a: Kingdra|Draco Meteor|p1b: Sinistcha
|-damage|p1b: Sinistcha|2/100
|-unboost|p2a: Kingdra|spa|2
|-damage|p2a: Kingdra|8/100|[from] item: Life Orb
|move|p1a: Archaludon|Body Press|p2b: Politoed
|-damage|p2b: Politoed|62/100
|
|-weather|RainDance|[upkeep]
|-heal|p2b: Politoed|69/100|[from] item: Leftovers
|upkeep
|turn|4
|
|t:|1756946317
|switch|p1b: Big G|Incineroar, L50, M|100/100
|-ability|p1b: Big G|Intimidate|boost
|-unboost|p2a: Kingdra|atk|1
|-unboost|p2b: Politoed|atk|1
|-terastallize|p2b: Politoed|Grass
|move|p2a: Kingdra|Weather Ball|p1b: Big G
|-supereffective|p1b: Big G
|-damage|p1b: Big G|14/100
|-damage|p2a: Kingdra|0 fnt|[from] item: Life Orb
|faint|p2a: Kingdra
|move|p1a: Archaludon|Electro Shot||[still]
|-prepare|p1a: Archaludon|Electro Shot
|-boost|p1a: Archaludon|spa|1
|-anim|p1a: Archaludon|Electro Shot|p2b: Politoed
|-resisted|p2b: Politoed
|-damage|p2b: Politoed|46/100
|move|p2b: Politoed|Perish Song|p2b: Politoed
|-start|p1a: Archaludon|perish3|[silent]
|-start|p1b: Big G|perish3|[silent]
|-start|p2b: Politoed|perish3|[silent]
|-fieldactivate|move: Perish Song
|
|-weather|RainDance|[upkeep]
|-heal|p2b: Politoed|52/100|[from] item: Leftovers
|-start|p1b: Big G|perish3
|-start|p1a: Archaludon|perish3
|-start|p2b: Politoed|perish3
|upkeep
|
|t:|1756946332
|switch|p2a: Gothitelle|Gothitelle, L50, F|100/100
|turn|5
|
|t:|1756946364
|move|p1b: Big G|Fake Out|p2a: Gothitelle
|-damage|p2a: Gothitelle|91/100
|cant|p2a: Gothitelle|flinch
|move|p1a: Archaludon|Electro Shot||[still]
|-prepare|p1a: Archaludon|Electro Shot
|-boost|p1a: Archaludon|spa|1
|-anim|p1a: Archaludon|Electro Shot|p2a: Gothitelle
|-damage|p2a: Gothitelle|29/100
|-enditem|p2a: Gothitelle|Sitrus Berry|[eat]
|-heal|p2a: Gothitelle|54/100|[from] item: Sitrus Berry
|move|p2b: Politoed|Weather Ball|p1b: Big G
|-supereffective|p1b: Big G
|-crit|p1b: Big G
|-damage|p1b: Big G|0 fnt
|faint|p1b: Big G
|
|-weather|RainDance|[upkeep]
|-heal|p2b: Politoed|58/100|[from] item: Leftovers
|-start|p1a: Archaludon|perish2
|-start|p2b: Politoed|perish2
|upkeep
|
|t:|1756946388
|switch|p1b: Ursaluna|Ursaluna, L50, M|100/100
|turn|6
|
|t:|1756946399
|move|p2b: Politoed|Protect|p2b: Politoed
|-singleturn|p2b: Politoed|Protect
|move|p1b: Ursaluna|Protect|p1b: Ursaluna
|-singleturn|p1b: Ursaluna|Protect
|move|p2a: Gothitelle|Protect|p2a: Gothitelle
|-singleturn|p2a: Gothitelle|Protect
|move|p1a: Archaludon|Dragon Pulse|p2a: Gothitelle
|-activate|p2a: Gothitelle|move: Protect
|
|-weather|RainDance|[upkeep]
|-heal|p2b: Politoed|64/100|[from] item: Leftovers
|-start|p1a: Archaludon|perish1
|-start|p2b: Politoed|perish1
|-status|p1b: Ursaluna|brn|[from] item: Flame Orb
|upkeep
|turn|7
|
|t:|1756946425
|switch|p2a: Archaludon|Archaludon, L50, M|81/100
|move|p1a: Archaludon|Dragon Pulse|p2b: Politoed
|-damage|p2b: Politoed|0 fnt
|faint|p2b: Politoed
|move|p1b: Ursaluna|Facade|p2a: Archaludon
|-resisted|p2a: Archaludon
|-damage|p2a: Archaludon|32/100
|
|-weather|none
|-damage|p1b: Ursaluna|95/100 brn|[from] brn
|-start|p1a: Archaludon|perish0
|faint|p1a: Archaludon
|upkeep
|
|t:|1756946435
|switch|p1a: Sinistcha|Sinistcha, L50|2/100
|switch|p2b: Gothitelle|Gothitelle, L50, F|54/100
|-heal|p1b: Ursaluna|100/100 brn|[from] ability: Hospitality|[of] p1a: Sinistcha
|turn|8
|
|t:|1756946452
|move|p2b: Gothitelle|Fake Out|p1b: Ursaluna
|-damage|p1b: Ursaluna|96/100 brn
|move|p1a: Sinistcha|Rage Powder|p1a: Sinistcha
|-singleturn|p1a: Sinistcha|move: Rage Powder
|move|p2a: Archaludon|Dragon Pulse|p1a: Sinistcha
|-damage|p1a: Sinistcha|0 fnt
|faint|p1a: Sinistcha
|cant|p1b: Ursaluna|flinch
|
|-damage|p1b: Ursaluna|90/100 brn|[from] brn
|upkeep
|turn|9
|
|t:|1756946461
|move|p2a: Archaludon|Dragon Pulse|p1b: Ursaluna
|-damage|p1b: Ursaluna|54/100 brn
|move|p1b: Ursaluna|Earthquake|p2a: Archaludon|[spread] p2a,p2b
|-supereffective|p2a: Archaludon
|-damage|p2a: Archaludon|0 fnt
|-damage|p2b: Gothitelle|0 fnt
|faint|p2a: Archaludon
|faint|p2b: Gothitelle
|
|win|Lkizzz
||Welosethose! is ready for game 2.
||Lkizzz is ready for game 2.
|uhtml|next|Next: Game 2 of 3
