|j|☆Rosarino
|j|☆bestboi8989
|html|Rosarinobestboi8989    
|uhtml|bestof|Game 1 of a best-of-3
|t:|1757838998
|gametype|doubles
|player|p1|Rosarino|drayden|1086
|player|p2|bestboi8989|169|1078
|gen|9
|tier|[Gen 9] VGC 2025 Reg H (Bo3)
|rated|
|rule|Species Clause: Limit one of each Pokémon
|rule|Item Clause: Limit 1 of each item
|clearpoke
|poke|p1|Sneasler, L50, F|
|poke|p1|Gholdengo, L50|
|poke|p1|Indeedee-F, L50, F|
|poke|p1|Amoonguss, L50, F|
|poke|p1|Dragonite, L50, M|
|poke|p1|Pelipper, L50, F|
|poke|p2|Tyranitar, L50, M|
|poke|p2|Excadrill, L50, M|
|poke|p2|Amoonguss, L50, M|
|poke|p2|Salamence, L50, M|
|poke|p2|Rotom-Heat, L50|
|poke|p2|Primarina, L50, F|
|teampreview|4
|showteam|p1|Sneasler||PsychicSeed|Unburden|ThroatChop,Protect,DireClaw,CloseCombat|||F|||50|,,,,,Dark]Gholdengo||WhiteHerb|GoodasGold|MakeItRain,Protect,NastyPlot,ShadowBall||||||50|,,,,,Water]Indeedee-F||SitrusBerry|PsychicSurge|TrickRoom,Psychic,Protect,FollowMe|||F|||50|,,,,,Fairy]Amoonguss||RockyHelmet|Regenerator|Spore,RagePowder,Protect,EnergyBall|||F|||50|,,,,,Fire]Dragonite||LoadedDice|InnerFocus|ExtremeSpeed,Protect,Haze,ScaleShot|||M|||50|,,,,,Normal]Pelipper||CovertCloak|Drizzle|Tailwind,Protect,WeatherBall,Hurricane|||F|||50|,,,,,Dragon
|showteam|p2|Tyranitar||AssaultVest|SandStream|RockSlide,KnockOff,TeraBlast,LowKick|||M|||50|,,,,,Flying]Excadrill||ClearAmulet|SandRush|Earthquake,IronHead,RockSlide,Protect|||M|||50|,,,,,Ground]Amoonguss||SitrusBerry|Regenerator|RagePowder,PollenPuff,Spore,Protect|||M|||50|,,,,,Water]Salamence||LifeOrb|Intimidate|AirSlash,DracoMeteor,Tailwind,Protect|||M|||50|,,,,,Poison]Rotom-Heat||SafetyGoggles|Levitate|Overheat,Thunderbolt,WillOWisp,Protect||||||50|,,,,,Electric]Primarina||ThroatSpray|LiquidVoice|Moonblast,HyperVoice,Haze,Protect|||F|||50|,,,,,Grass
|
|t:|1757839075
|teamsize|p1|4
|teamsize|p2|4
|start
|switch|p1a: Sneasler|Sneasler, L50, F|100/100
|switch|p1b: Gholdengo|Gholdengo, L50|100/100
|switch|p2a: Salamence|Salamence, L50, M|100/100
|switch|p2b: Excadrill|Excadrill, L50, M|100/100
|-ability|p2a: Salamence|Intimidate|boost
|-unboost|p1a: Sneasler|atk|1
|-unboost|p1b: Gholdengo|atk|1
|-enditem|p1b: Gholdengo|White Herb
|-clearnegativeboost|p1b: Gholdengo|[silent]
|turn|1
|
|t:|1757839117
|-terastallize|p1b: Gholdengo|Water
|move|p2b: Excadrill|Protect|p2b: Excadrill
|-singleturn|p2b: Excadrill|Protect
|move|p1a: Sneasler|Close Combat|p2b: Excadrill
|-activate|p2b: Excadrill|move: Protect
|move|p2a: Salamence|Air Slash|p1a: Sneasler
|-supereffective|p1a: Sneasler
|-damage|p1a: Sneasler|0 fnt
|faint|p1a: Sneasler
|-damage|p2a: Salamence|90/100|[from] item: Life Orb
|move|p1b: Gholdengo|Shadow Ball|p2a: Salamence
|-damage|p2a: Salamence|37/100
|-unboost|p2a: Salamence|spd|1
|
|upkeep
|
|t:|1757839136
|switch|p1a: Dragonite|Dragonite, L50, M|100/100
|turn|2
|
|t:|1757839181
|move|p2a: Salamence|Protect|p2a: Salamence
|-singleturn|p2a: Salamence|Protect
|move|p1a: Dragonite|Extreme Speed|p2a: Salamence
|-activate|p2a: Salamence|move: Protect
|move|p1b: Gholdengo|Nasty Plot|p1b: Gholdengo
|-boost|p1b: Gholdengo|spa|2
|move|p2b: Excadrill|Rock Slide|p1b: Gholdengo|[spread] p1b
|-miss|p2b: Excadrill|p1a: Dragonite
|-damage|p1b: Gholdengo|76/100
|
|upkeep
|turn|3
|inactive|Battle timer is ON: inactive players will automatically lose when time's up. (requested by bestboi8989)
|
|t:|1757839242
|switch|p2a: Tyranitar|Tyranitar, L50, M|100/100
|-weather|Sandstorm|[from] ability: Sand Stream|[of] p2a: Tyranitar
|move|p1a: Dragonite|Extreme Speed|p2a: Tyranitar
|-resisted|p2a: Tyranitar
|-damage|p2a: Tyranitar|89/100
|move|p2b: Excadrill|Iron Head|p1b: Gholdengo
|-resisted|p1b: Gholdengo
|-damage|p1b: Gholdengo|50/100
|move|p1b: Gholdengo|Shadow Ball|p2b: Excadrill
|-damage|p2b: Excadrill|0 fnt
|faint|p2b: Excadrill
|
|-weather|Sandstorm|[upkeep]
|-damage|p1b: Gholdengo|44/100|[from] Sandstorm
|-damage|p1a: Dragonite|94/100|[from] Sandstorm
|upkeep
|
|t:|1757839263
|switch|p2b: Salamence|Salamence, L50, M|37/100
|-ability|p2b: Salamence|Intimidate|boost
|-fail|p1a: Dragonite|unboost|Attack|[from] ability: Inner Focus|[of] p1a: Dragonite
|-unboost|p1b: Gholdengo|atk|1
|turn|4
|
|t:|1757839273
|switch|p2b: Amoonguss|Amoonguss, L50, M|100/100
|move|p1a: Dragonite|Extreme Speed|p2b: Amoonguss
|-damage|p2b: Amoonguss|75/100
|move|p1b: Gholdengo|Make It Rain|p2b: Amoonguss|[spread] p2a,p2b
|-supereffective|p2a: Tyranitar
|-damage|p2a: Tyranitar|6/100
|-damage|p2b: Amoonguss|0 fnt
|-unboost|p1b: Gholdengo|spa|1
|faint|p2b: Amoonguss
|move|p2a: Tyranitar|Rock Slide|p1a: Dragonite|[spread] p1a
|-miss|p2a: Tyranitar|p1b: Gholdengo
|-supereffective|p1a: Dragonite
|-damage|p1a: Dragonite|33/100
|
|-weather|Sandstorm|[upkeep]
|-damage|p1b: Gholdengo|38/100|[from] Sandstorm
|-damage|p1a: Dragonite|27/100|[from] Sandstorm
|upkeep
|
|t:|1757839289
|switch|p2b: Salamence|Salamence, L50, M|37/100
|-ability|p2b: Salamence|Intimidate|boost
|-fail|p1a: Dragonite|unboost|Attack|[from] ability: Inner Focus|[of] p1a: Dragonite
|-unboost|p1b: Gholdengo|atk|1
|turn|5
|
|t:|1757839304
|move|p1a: Dragonite|Extreme Speed|p2a: Tyranitar
|-resisted|p2a: Tyranitar
|-damage|p2a: Tyranitar|0 fnt
|faint|p2a: Tyranitar
|move|p2b: Salamence|Draco Meteor|p1b: Gholdengo
|-damage|p1b: Gholdengo|0 fnt
|-unboost|p2b: Salamence|spa|2
|faint|p1b: Gholdengo
|-damage|p2b: Salamence|27/100|[from] item: Life Orb
|
|-weather|Sandstorm|[upkeep]
|-damage|p2b: Salamence|21/100|[from] Sandstorm
|-damage|p1a: Dragonite|21/100|[from] Sandstorm
|upkeep
|
|t:|1757839315
|switch|p1b: Pelipper|Pelipper, L50, F|100/100
|-weather|RainDance|[from] ability: Drizzle|[of] p1b: Pelipper
|turn|6
|inactive|bestboi8989 has 30 seconds left.
|inactive|bestboi8989 has 20 seconds left.
|inactive|bestboi8989 has 15 seconds left.
|inactive|bestboi8989 has 10 seconds left.
|-message|bestboi8989 forfeited.
|
|win|Rosarino
|l|☆bestboi8989
|player|p2|
||bestboi8989 is ready for game 2.
|inactive|Rosarino has 30 seconds to confirm battle start!
||Rosarino is ready for game 2.
|uhtml|next|Next: Game 2 of 3
|j|☆bestboi8989
|player|p2|bestboi8989|169|
