|j|☆efwefwefwefweifier
|j|☆gundot
|html|efwefwefwefweifiergundot    
|uhtml|bestof|Game 1 of a best-of-3
|t:|1783590938
|gametype|doubles
|player|p1|efwefwefwefweifier|clown|1337
|player|p2|gundot|ethan-gen2|1284
|gen|9
|tier|[Gen 9 Champions] VGC 2026 Reg M-B (Bo3)
|rated|
|rule|Species Clause: Limit one of each Pokémon
|rule|Item Clause: Limit 1 of each item
|clearpoke
|poke|p1|Pyroar, L50, F|
|poke|p1|Torkoal, L50, M|
|poke|p1|Farigiraf, L50, F|
|poke|p1|Vileplume, L50, M|
|poke|p1|Incineroar, L50, F|
|poke|p1|Floette-Eternal, L50, F|
|poke|p2|Charizard, L50, M|
|poke|p2|Aerodactyl, L50, M|
|poke|p2|Farigiraf, L50, F|
|poke|p2|Incineroar, L50, F|
|poke|p2|Garchomp, L50, M|
|poke|p2|Sylveon, L50, F|
|teampreview|4
|showteam|p1|Pyroar||Pyroarite|Unnerve|Overheat,HeatWave,SolarBeam,Protect|Timid||F|||50|]Torkoal||Charcoal|Drought|Eruption,WeatherBall,HelpingHand,Protect|Quiet||M|||50|]Farigiraf||SitrusBerry|ArmorTail|Psychic,Thunderbolt,HelpingHand,TrickRoom|Quiet||F|||50|]Vileplume||FocusSash|Chlorophyll|SolarBeam,SludgeBomb,SleepPowder,AfterYou|Timid||M|||50|]Incineroar||WhiteHerb|Intimidate|DarkestLariat,CloseCombat,FakeOut,PartingShot|Adamant||F|||50|]Floette-Eternal||Floettite|FlowerVeil|DazzlingGleam,DrainingKiss,CalmMind,Protect|Modest||F|||50|
|showteam|p2|Charizard||CharizarditeY|Blaze|HeatWave,SolarBeam,BlastBurn,Protect|Modest||M|||50|]Aerodactyl||FocusSash|Unnerve|RockSlide,DualWingbeat,WideGuard,Tailwind|Jolly||M|||50|]Farigiraf||SitrusBerry|ArmorTail|Psychic,Thunderbolt,TrickRoom,Roar|Sassy||F|||50|]Incineroar||Charcoal|Intimidate|FlareBlitz,DarkestLariat,FakeOut,PartingShot|Brave||F|||50|]Garchomp||Garchompite|RoughSkin|DragonClaw,Earthquake,StompingTantrum,Protect|Adamant||M|||50|]Sylveon||FairyFeather|Pixilate|HyperVoice,HyperBeam,QuickAttack,Detect|Modest||F|||50|
|inactive|Battle timer is ON: inactive players will automatically lose when time's up. (requested by efwefwefwefweifier)
|inactive|gundot also wants the timer to be on.
|inactive|efwefwefwefweifier has 60 seconds left.
|inactive|gundot has 60 seconds left.
|inactive|efwefwefwefweifier has 30 seconds left.
|inactive|gundot has 30 seconds left.
|inactive|efwefwefwefweifier has 20 seconds left.
|inactive|efwefwefwefweifier has 15 seconds left.
|inactive|efwefwefwefweifier has 10 seconds left.
|inactive|efwefwefwefweifier has 5 seconds left.
|
|t:|1783591027
|teamsize|p1|4
|teamsize|p2|4
|start
|switch|p1a: Incineroar|Incineroar, L50, F|100/100
|switch|p1b: Floette|Floette-Eternal, L50, F|100/100
|switch|p2a: Aerodactyl|Aerodactyl, L50, M|100/100
|switch|p2b: Sylveon|Sylveon, L50, F|100/100
|-ability|p2a: Aerodactyl|Unnerve
|-ability|p1a: Incineroar|Intimidate|boost
|-unboost|p2a: Aerodactyl|atk|1
|-unboost|p2b: Sylveon|atk|1
|turn|1
|
|t:|1783591039
|detailschange|p1b: Floette|Floette-Mega, L50, F
|-mega|p1b: Floette|Floette|Floettite
|-ability|p1b: Floette|Fairy Aura
|move|p1a: Incineroar|Fake Out|p2b: Sylveon
|-damage|p2b: Sylveon|85/100
|move|p2a: Aerodactyl|Rock Slide|p1a: Incineroar|[spread] p1a,p1b
|-supereffective|p1a: Incineroar|1
|-damage|p1a: Incineroar|70/100
|-damage|p1b: Floette|81/100
|move|p1b: Floette|Calm Mind|p1b: Floette
|-boost|p1b: Floette|spa|1
|-boost|p1b: Floette|spd|1
|cant|p2b: Sylveon|flinch
|
|upkeep
|turn|2
|
|t:|1783591058
|move|p1b: Floette|Protect|p1b: Floette
|-singleturn|p1b: Floette|Protect
|move|p2b: Sylveon|Detect|p2b: Sylveon
|-singleturn|p2b: Sylveon|Protect
|move|p2a: Aerodactyl|Tailwind|p2a: Aerodactyl
|-sidestart|p2: gundot|move: Tailwind
|move|p1a: Incineroar|Parting Shot|p2b: Sylveon
|-activate|p2b: Sylveon|move: Protect
|
|upkeep
|turn|3
|
|t:|1783591077
|move|p2a: Aerodactyl|Rock Slide|p1a: Incineroar|[spread] p1a,p1b
|-supereffective|p1a: Incineroar|1
|-damage|p1a: Incineroar|42/100
|-damage|p1b: Floette|60/100
|move|p2b: Sylveon|Hyper Voice|p1b: Floette|[spread] p1a,p1b
|-damage|p1a: Incineroar|0 fnt
|-damage|p1b: Floette|29/100
|faint|p1a: Incineroar
|move|p1b: Floette|Draining Kiss|p2b: Sylveon
|-damage|p2b: Sylveon|36/100
|-heal|p1b: Floette|68/100|[from] drain|[of] p2b: Sylveon
|
|upkeep
|
|t:|1783591089
|switch|p1a: Farigiraf|Farigiraf, L50, F|100/100
|turn|4
|
|t:|1783591112
|switch|p1a: Torkoal|Torkoal, L50, M|100/100
|-weather|SunnyDay|[from] ability: Drought|[of] p1a: Torkoal
|move|p2a: Aerodactyl|Rock Slide|p1a: Torkoal|[spread] p1b
|-miss|p2a: Aerodactyl|p1a: Torkoal
|-damage|p1b: Floette|49/100
|move|p2b: Sylveon|Hyper Beam|p1b: Floette
|-damage|p1b: Floette|0 fnt
|-mustrecharge|p2b: Sylveon
|faint|p1b: Floette
|
|-weather|SunnyDay|[upkeep]
|upkeep
|
|t:|1783591121
|switch|p1b: Farigiraf|Farigiraf, L50, F|100/100
|turn|5
|
|t:|1783591138
|move|p2a: Aerodactyl|Rock Slide|p1b: Farigiraf|[spread] p1a,p1b
|-supereffective|p1a: Torkoal|1
|-damage|p1a: Torkoal|76/100
|-damage|p1b: Farigiraf|84/100
|cant|p2b: Sylveon|recharge
|move|p1a: Torkoal|Weather Ball|p2a: Aerodactyl
|-resisted|p2a: Aerodactyl|1
|-damage|p2a: Aerodactyl|40/100
|move|p1b: Farigiraf|Trick Room|p1b: Farigiraf
|-fieldstart|move: Trick Room|[of] p1b: Farigiraf
|
|-weather|SunnyDay|[upkeep]
|-sideend|p2: gundot|move: Tailwind
|upkeep
|turn|6
|
|t:|1783591152
|move|p1a: Torkoal|Weather Ball|p2b: Sylveon
|-damage|p2b: Sylveon|0 fnt
|faint|p2b: Sylveon
|move|p1b: Farigiraf|Thunderbolt|p2a: Aerodactyl
|-supereffective|p2a: Aerodactyl|1
|-damage|p2a: Aerodactyl|0 fnt
|faint|p2a: Aerodactyl
|
|-weather|SunnyDay|[upkeep]
|upkeep
|
|t:|1783591156
|switch|p2b: Incineroar|Incineroar, L50, F|100/100
|switch|p2a: Garchomp|Garchomp, L50, M|100/100
|-ability|p2b: Incineroar|Intimidate|boost
|-unboost|p1a: Torkoal|atk|1
|-unboost|p1b: Farigiraf|atk|1
|turn|7
|inactive|efwefwefwefweifier has 30 seconds left.
|inactive|gundot has 30 seconds left.
|inactive|gundot has 20 seconds left.
|inactive|gundot has 15 seconds left.
|
|t:|1783591200
|detailschange|p2a: Garchomp|Garchomp-Mega, L50, M
|-mega|p2a: Garchomp|Garchomp|Garchompite
|move|p1a: Torkoal|Weather Ball|p2b: Incineroar
|-resisted|p2b: Incineroar|1
|-damage|p2b: Incineroar|65/100
|move|p2b: Incineroar|Flare Blitz|p1b: Farigiraf
|-damage|p1b: Farigiraf|0 fnt
|faint|p1b: Farigiraf
|-damage|p2b: Incineroar|35/100|[from] Recoil
|move|p2a: Garchomp|Stomping Tantrum|p1a: Torkoal
|-supereffective|p1a: Torkoal|1
|-damage|p1a: Torkoal|5/100
|
|-weather|SunnyDay|[upkeep]
|upkeep
|turn|8
|
|t:|1783591216
|move|p1a: Torkoal|Weather Ball|p2b: Incineroar
|-resisted|p2b: Incineroar|1
|-damage|p2b: Incineroar|1/100
|move|p2b: Incineroar|Flare Blitz|p1a: Torkoal
|-resisted|p1a: Torkoal|1
|-damage|p1a: Torkoal|0 fnt
|faint|p1a: Torkoal
|-damage|p2b: Incineroar|0 fnt|[from] Recoil
|faint|p2b: Incineroar
|
|win|gundot
||efwefwefwefweifier is ready for game 2.
||gundot is ready for game 2.
|uhtml|next|Next: Game 2 of 3
|l|☆efwefwefwefweifier
|player|p1|
|l|☆gundot
|player|p2|
|j|☆gundot
|player|p2|gundot|ethan-gen2|
