|j|☆bever13
|j|☆pressinblades
|html|bever13pressinblades    
|uhtml|bestof|Game 1 of a best-of-3
|t:|1783616901
|gametype|doubles
|player|p1|bever13|pryce|1076
|player|p2|pressinblades|steven|1152
|gen|9
|tier|[Gen 9 Champions] VGC 2026 Reg M-B (Bo3)
|rated|
|rule|Species Clause: Limit one of each Pokémon
|rule|Item Clause: Limit 1 of each item
|clearpoke
|poke|p1|Swampert, L50, F|
|poke|p1|Pelipper, L50, F, shiny|
|poke|p1|Sceptile, L50, M|
|poke|p1|Lycanroc-Dusk, L50, M|
|poke|p1|Raichu, L50, F|
|poke|p1|Basculegion, L50, M|
|poke|p2|Talonflame, L50, M, shiny|
|poke|p2|Garchomp, L50, F, shiny|
|poke|p2|Maushold, L50|
|poke|p2|Gardevoir, L50, M, shiny|
|poke|p2|Incineroar, L50, M, shiny|
|poke|p2|Torkoal, L50, F|
|teampreview|4
|showteam|p1|Swampert||Swampertite|Damp|Earthquake,IcePunch,WaveCrash,Protect|Adamant||F|||50|]Pelipper||FocusSash|Drizzle|Tailwind,MuddyWater,Hurricane,Protect|Modest||F|||50|]Sceptile||Sceptilite|Unburden|EarthPower,DragonPulse,EnergyBall,VacuumWave|Timid||M|||50|]Lycanroc-Dusk||ChoiceScarf|ToughClaws|CloseCombat,RockSlide,IronHead,Accelerock|Adamant||M|||50|]Raichu||ExpertBelt|LightningRod|Discharge,FakeOut,Nuzzle,GrassKnot|Timid||F|||50|]Basculegion||LifeOrb|SwiftSwim|FlipTurn,LastRespects,PhantomForce,WaveCrash|Jolly||M|||50|
|showteam|p2|Talonflame||SharpBeak|GaleWings|Protect,Tailwind,DualWingbeat,WillOWisp|Naive||M|||50|]Garchomp||LifeOrb|SandVeil|Protect,RockSlide,Earthquake,DragonTail|Jolly||F|||50|]Maushold||FocusSash|FriendGuard|Protect,FollowMe,SuperFang,Encore|Timid|||||50|]Gardevoir||Gardevoirite|Telepathy|Protect,TrickRoom,HyperVoice,Psyshock|Modest||M|||50|]Incineroar||SitrusBerry|Intimidate|FakeOut,ThroatChop,PartingShot,FlareBlitz|Careful||M|||50|]Torkoal||WhiteHerb|Drought|Protect,Overheat,RockTomb,HeatWave|Quiet||F|||50|
|
|t:|1783616969
|teamsize|p1|4
|teamsize|p2|4
|start
|switch|p1a: Lycanroc|Lycanroc-Dusk, L50, M|100/100
|switch|p1b: Raichu|Raichu, L50, F|100/100
|switch|p2a: Maushold|Maushold, L50|100/100
|switch|p2b: Gardevoir|Gardevoir, L50, M, shiny|100/100
|turn|1
|
|t:|1783617001
|switch|p2a: Garchomp|Garchomp, L50, F, shiny|100/100
|move|p2b: Gardevoir|Protect|p2b: Gardevoir
|-singleturn|p2b: Gardevoir|Protect
|move|p1b: Raichu|Fake Out|p2a: Garchomp
|-damage|p2a: Garchomp|91/100
|move|p1a: Lycanroc|Iron Head|p2b: Gardevoir
|-activate|p2b: Gardevoir|move: Protect
|
|upkeep
|turn|2
|
|t:|1783617026
|switch|p1b: Pelipper|Pelipper, L50, F, shiny|100/100
|-weather|RainDance|[from] ability: Drizzle|[of] p1b: Pelipper
|move|p1a: Lycanroc|Iron Head|p2b: Gardevoir
|-supereffective|p2b: Gardevoir|1
|-damage|p2b: Gardevoir|9/100
|move|p2a: Garchomp|Earthquake|p1b: Pelipper|[spread] p1a
|-activate|p2b: Gardevoir|ability: Telepathy
|-immune|p1b: Pelipper
|-supereffective|p1a: Lycanroc|1
|-damage|p1a: Lycanroc|0 fnt
|faint|p1a: Lycanroc
|-damage|p2a: Garchomp|82/100|[from] item: Life Orb
|move|p2b: Gardevoir|Psyshock|p1b: Pelipper
|-damage|p1b: Pelipper|52/100
|
|-weather|RainDance|[upkeep]
|upkeep
|
|t:|1783617034
|switch|p1a: Swampert|Swampert, L50, F|100/100
|turn|3
|
|t:|1783617059
|switch|p2b: Torkoal|Torkoal, L50, F|100/100
|-weather|SunnyDay|[from] ability: Drought|[of] p2b: Torkoal
|detailschange|p1a: Swampert|Swampert-Mega, L50, F
|-mega|p1a: Swampert|Swampert|Swampertite
|move|p2a: Garchomp|Rock Slide|p1a: Swampert|[spread] p1a,p1b
|-resisted|p1a: Swampert|1
|-supereffective|p1b: Pelipper|1
|-damage|p1a: Swampert|87/100
|-damage|p1b: Pelipper|0 fnt
|faint|p1b: Pelipper
|-damage|p2a: Garchomp|72/100|[from] item: Life Orb
|move|p1a: Swampert|Earthquake|p2b: Torkoal|[spread] p2a,p2b
|-supereffective|p2b: Torkoal|1
|-damage|p2a: Garchomp|29/100
|-damage|p2b: Torkoal|28/100
|
|-weather|SunnyDay|[upkeep]
|upkeep
|
|t:|1783617067
|switch|p1b: Raichu|Raichu, L50, F|100/100
|turn|4
|
|t:|1783617115
|move|p2a: Garchomp|Protect|p2a: Garchomp
|-singleturn|p2a: Garchomp|Protect
|move|p1b: Raichu|Fake Out|p2a: Garchomp
|-activate|p2a: Garchomp|move: Protect
|move|p1a: Swampert|Wave Crash|p2b: Torkoal
|-supereffective|p2b: Torkoal|1
|-damage|p2b: Torkoal|0 fnt
|faint|p2b: Torkoal
|-damage|p1a: Swampert|78/100|[from] Recoil
|
|-weather|SunnyDay|[upkeep]
|upkeep
|
|t:|1783617130
|switch|p2b: Maushold|Maushold, L50|100/100
|turn|5
|
|t:|1783617145
|move|p2b: Maushold|Follow Me|p2b: Maushold
|-singleturn|p2b: Maushold|move: Follow Me
|move|p1b: Raichu|Nuzzle|p2b: Maushold
|-damage|p2b: Maushold|93/100
|-status|p2b: Maushold|par
|move|p2a: Garchomp|Earthquake|p1a: Swampert|[spread] p2b,p1a,p1b
|-crit|p2b: Maushold
|-supereffective|p1b: Raichu|1
|-damage|p2b: Maushold|17/100 par
|-damage|p1a: Swampert|31/100
|-damage|p1b: Raichu|0 fnt
|faint|p1b: Raichu
|-damage|p2a: Garchomp|19/100|[from] item: Life Orb
|move|p1a: Swampert|Ice Punch|p2b: Maushold
|-damage|p2b: Maushold|0 fnt
|faint|p2b: Maushold
|
|-weather|SunnyDay|[upkeep]
|upkeep
|
|t:|1783617160
|switch|p2b: Gardevoir|Gardevoir, L50, M, shiny|9/100
|turn|6
|
|t:|1783617174
|detailschange|p2b: Gardevoir|Gardevoir-Mega, L50, M, shiny
|-mega|p2b: Gardevoir|Gardevoir|Gardevoirite
|move|p1a: Swampert|Protect|p1a: Swampert
|-singleturn|p1a: Swampert|Protect
|move|p2a: Garchomp|Rock Slide|p1a: Swampert
|-activate|p1a: Swampert|move: Protect
|move|p2b: Gardevoir|Hyper Voice|p1a: Swampert
|-activate|p1a: Swampert|move: Protect
|
|-weather|SunnyDay|[upkeep]
|upkeep
|turn|7
|
|t:|1783617185
|move|p2a: Garchomp|Rock Slide|p1a: Swampert
|-resisted|p1a: Swampert|1
|-damage|p1a: Swampert|15/100
|-damage|p2a: Garchomp|9/100|[from] item: Life Orb
|move|p2b: Gardevoir|Hyper Voice|p1a: Swampert
|-damage|p1a: Swampert|0 fnt
|faint|p1a: Swampert
|
|win|pressinblades
||bever13 is ready for game 2.
