|j|☆tangmotheru
|j|☆Porygon77
|html|tangmotheruPorygon77    
|uhtml|bestof|Game 1 of a best-of-3
|t:|1757743955
|gametype|doubles
|player|p1|tangmotheru|266|1102
|player|p2|Porygon77|169|1010
|gen|9
|tier|[Gen 9] VGC 2025 Reg H (Bo3)
|rated|
|rule|Species Clause: Limit one of each Pokémon
|rule|Item Clause: Limit 1 of each item
|clearpoke
|poke|p1|Sneasler, L50, M|
|poke|p1|Indeedee, L50, M|
|poke|p1|Volcarona, L50, F|
|poke|p1|Ursaluna-Bloodmoon, L50, M|
|poke|p1|Annihilape, L50, F|
|poke|p1|Tyranitar, L50, M|
|poke|p2|Cetitan, L50, M|
|poke|p2|Ninetales-Alola, L50, M|
|poke|p2|Clefairy, L50, M|
|poke|p2|Farigiraf, L50, M|
|poke|p2|Dragapult, L50, M|
|poke|p2|Rillaboom, L50, M|
|teampreview|4
|showteam|p1|Sneasler||PsychicSeed|Unburden|CloseCombat,DireClaw,ThroatChop,Protect|||M|||50|,,,,,Dark]Indeedee||ChoiceScarf|PsychicSurge|ExpandingForce,TeraBlast,Trick,Protect|||M|||50|,,,,,Psychic]Volcarona||SitrusBerry|FlameBody|Overheat,StruggleBug,RagePowder,Tailwind|||F|||50|,,,,,Grass]Ursaluna-Bloodmoon||LifeOrb|MindsEye|BloodMoon,HyperVoice,EarthPower,Protect|||M|||50|,,,,,Normal]Annihilape||SafetyGoggles|Defiant|CloseCombat,RageFist,Taunt,FinalGambit|||F|||50|,,,,,Fairy]Tyranitar||AssaultVest|SandStream|RockSlide,KnockOff,TeraBlast,LowKick|||M|||50|,,,,,Flying
|showteam|p2|Cetitan||ClearAmulet|SlushRush|IceSpinner,BellyDrum,Bulldoze,Protect|||M|||50|,,,,,Water]Ninetales-Alola||LightClay|SnowWarning|AuroraVeil,Encore,Moonblast,Protect|||M|||50|,,,,,Grass]Clefairy||Eviolite|FriendGuard|FollowMe,AfterYou,Encore,HealPulse|||M|||50|,,,,,Dark]Farigiraf||ThroatSpray|ArmorTail|HyperVoice,DazzlingGleam,TrickRoom,Protect|||M|||50|,,,,,Fairy]Dragapult||LifeOrb|ClearBody|DragonDarts,PhantomForce,WillOWisp,Protect|||M|||50|,,,,,Dragon]Rillaboom||CovertCloak|GrassySurge|FakeOut,GrassyGlide,WoodHammer,Uturn|||M|||50|,,,,,Water
|l|☆Porygon77
|player|p2|
|j|☆Porygon77
|player|p2|Porygon77|169|
|
|t:|1757744034
|teamsize|p1|4
|teamsize|p2|4
|start
|switch|p1a: Sneasler|Sneasler, L50, M|100/100
|switch|p1b: Volcarona|Volcarona, L50, F|100/100
|switch|p2a: Farigiraf|Farigiraf, L50, M, shiny|100/100
|switch|p2b: Rillaboom|Rillaboom, L50, M, shiny|100/100
|-fieldstart|move: Grassy Terrain|[from] ability: Grassy Surge|[of] p2b: Rillaboom
|turn|1
|
|t:|1757744056
|switch|p1b: Indeedee|Indeedee, L50, M|100/100
|-fieldstart|move: Psychic Terrain|[from] ability: Psychic Surge|[of] p1b: Indeedee
|-enditem|p1a: Sneasler|Psychic Seed
|-boost|p1a: Sneasler|spd|1|[from] item: Psychic Seed
|move|p2b: Rillaboom|Fake Out|p1b: Indeedee
|-activate|p1b: Indeedee|move: Psychic Terrain
|move|p1a: Sneasler|Dire Claw|p2b: Rillaboom
|-supereffective|p2b: Rillaboom
|-damage|p2b: Rillaboom|0 fnt
|faint|p2b: Rillaboom
|move|p2a: Farigiraf|Hyper Voice|p1b: Indeedee|[spread] p1a,p1b
|-damage|p1a: Sneasler|68/100
|-damage|p1b: Indeedee|56/100
|-enditem|p2a: Farigiraf|Throat Spray
|-boost|p2a: Farigiraf|spa|1|[from] item: Throat Spray
|
|upkeep
|
|t:|1757744061
|switch|p2b: Ninetales|Ninetales-Alola, L50, M, shiny|100/100
|-weather|Snowscape|[from] ability: Snow Warning|[of] p2b: Ninetales
|turn|2
|
|t:|1757744088
|switch|p1b: Tyranitar|Tyranitar, L50, M|100/100
|-weather|Sandstorm|[from] ability: Sand Stream|[of] p1b: Tyranitar
|-terastallize|p1a: Sneasler|Dark
|move|p2b: Ninetales|Protect|p2b: Ninetales
|-singleturn|p2b: Ninetales|Protect
|move|p1a: Sneasler|Throat Chop|p2a: Farigiraf
|-supereffective|p2a: Farigiraf
|-damage|p2a: Farigiraf|2/100
|-start|p2a: Farigiraf|Throat Chop|[silent]
|move|p2a: Farigiraf|Dazzling Gleam|p1a: Sneasler|[spread] p1a,p1b
|-supereffective|p1a: Sneasler
|-supereffective|p1b: Tyranitar
|-damage|p1a: Sneasler|15/100
|-damage|p1b: Tyranitar|72/100
|
|-weather|Sandstorm|[upkeep]
|-damage|p1a: Sneasler|9/100|[from] Sandstorm
|-damage|p2b: Ninetales|95/100|[from] Sandstorm
|-damage|p2a: Farigiraf|0 fnt|[from] Sandstorm
|faint|p2a: Farigiraf
|upkeep
|
|t:|1757744103
|switch|p2a: Cetitan|Cetitan, L50, M, shiny|100/100
|turn|3
|
|t:|1757744133
|-terastallize|p2a: Cetitan|Water
|move|p2b: Ninetales|Protect|p2b: Ninetales
|-singleturn|p2b: Ninetales|Protect
|move|p1a: Sneasler|Dire Claw|p2b: Ninetales
|-activate|p2b: Ninetales|move: Protect
|move|p1b: Tyranitar|Low Kick|p2a: Cetitan
|-damage|p2a: Cetitan|60/100
|move|p2a: Cetitan|Bulldoze|p1a: Sneasler|[spread] p1a,p1b
|-activate|p2b: Ninetales|move: Protect
|-supereffective|p1b: Tyranitar
|-damage|p1a: Sneasler|0 fnt
|-damage|p1b: Tyranitar|47/100
|-unboost|p1b: Tyranitar|spe|1
|faint|p1a: Sneasler
|
|-weather|Sandstorm|[upkeep]
|-damage|p2b: Ninetales|89/100|[from] Sandstorm
|-damage|p2a: Cetitan|54/100|[from] Sandstorm
|upkeep
|inactive|Battle timer is ON: inactive players will automatically lose when time's up. (requested by Porygon77)
|inactive|tangmotheru has 60 seconds left.
|
|t:|1757744193
|switch|p1a: Volcarona|Volcarona, L50, F|100/100
|turn|4
|
|t:|1757744208
|move|p2a: Cetitan|Protect|p2a: Cetitan
|-singleturn|p2a: Cetitan|Protect
|move|p2b: Ninetales|Moonblast|p1b: Tyranitar
|-supereffective|p1b: Tyranitar
|-damage|p1b: Tyranitar|15/100
|-unboost|p1b: Tyranitar|spa|1
|move|p1a: Volcarona|Overheat|p2b: Ninetales
|-supereffective|p2b: Ninetales
|-damage|p2b: Ninetales|0 fnt
|-unboost|p1a: Volcarona|spa|2
|faint|p2b: Ninetales
|move|p1b: Tyranitar|Rock Slide|p2a: Cetitan
|-activate|p2a: Cetitan|move: Protect
|
|-weather|Sandstorm|[upkeep]
|-damage|p1a: Volcarona|94/100|[from] Sandstorm
|-damage|p2a: Cetitan|48/100|[from] Sandstorm
|upkeep
|turn|5
|inactive|tangmotheru has 30 seconds left.
|
|t:|1757744242
|move|p1a: Volcarona|Overheat|p2a: Cetitan
|-resisted|p2a: Cetitan
|-damage|p2a: Cetitan|35/100
|-unboost|p1a: Volcarona|spa|2
|move|p2a: Cetitan|Bulldoze|p1b: Tyranitar|[spread] p1a,p1b
|-supereffective|p1b: Tyranitar
|-damage|p1a: Volcarona|77/100
|-damage|p1b: Tyranitar|0 fnt
|-unboost|p1a: Volcarona|spe|1
|faint|p1b: Tyranitar
|
|-weather|Sandstorm|[upkeep]
|-damage|p1a: Volcarona|71/100|[from] Sandstorm
|-damage|p2a: Cetitan|29/100|[from] Sandstorm
|-fieldend|move: Psychic Terrain
|upkeep
|
|t:|1757744267
|switch|p1b: Indeedee|Indeedee, L50, M|56/100
|-fieldstart|move: Psychic Terrain|[from] ability: Psychic Surge|[of] p1b: Indeedee
|turn|6
|
|t:|1757744278
|move|p2a: Cetitan|Protect|p2a: Cetitan
|-singleturn|p2a: Cetitan|Protect
|move|p1b: Indeedee|Expanding Force|p2a: Cetitan
|-activate|p2a: Cetitan|move: Protect
|move|p1a: Volcarona|Overheat|p2a: Cetitan
|-activate|p2a: Cetitan|move: Protect
|
|-weather|none
|upkeep
|turn|7
|
|t:|1757744289
|move|p1b: Indeedee|Expanding Force|p2a: Cetitan
|-damage|p2a: Cetitan|0 fnt
|faint|p2a: Cetitan
|
|win|tangmotheru
||Porygon77 is ready for game 2.
|inactive|tangmotheru has 30 seconds to confirm battle start!
|inactive|tangmotheru has 20 seconds to confirm battle start!
|inactive|tangmotheru has 10 seconds to confirm battle start!
|uhtml|next|Next: Game 2 of 3
