|j|☆TengoMuchaSed
|j|☆AndruAkd14
|html|TengoMuchaSedAndruAkd14    
|uhtml|bestof|Game 2 of a best-of-3
|t:|1757794869
|gametype|doubles
|player|p1|TengoMuchaSed|pokemaniac|
|player|p2|AndruAkd14|169|
|gen|9
|tier|[Gen 9] VGC 2025 Reg H (Bo3)
|rule|Species Clause: Limit one of each Pokémon
|rule|Item Clause: Limit 1 of each item
|clearpoke
|poke|p1|Indeedee, L50, M|
|poke|p1|Sneasler, L50, M|
|poke|p1|Delphox, L50, F|
|poke|p1|Tauros-Paldea-Blaze, L50, M|
|poke|p1|Murkrow, L50, F|
|poke|p1|Dragapult, L50, F|
|poke|p2|Kilowattrel, L50, M|
|poke|p2|Amoonguss, L50, F|
|poke|p2|Incineroar, L50, F|
|poke|p2|Porygon2, L50|
|poke|p2|Gholdengo, L50|
|poke|p2|Ursaluna, L50, M|
|teampreview|4
|showteam|p1|Indeedee||FocusSash|PsychicSurge|ExpandingForce,TeraBlast,Imprison,TrickRoom|||M|||50|,,,,,Fighting]Sneasler||PsychicSeed|Unburden|CloseCombat,DireClaw,ThroatChop,Protect|||M|||50|,,,,,Dark]Delphox||LifeOrb|Blaze|Overheat,HeatWave,ExpandingForce,Protect|||F|||50|,,,,,Fire]Tauros-Paldea-Blaze||MirrorHerb|Intimidate|CloseCombat,RagingBull,WillOWisp,Protect|||M|||50|,,,,,Grass]Murkrow||Eviolite|Prankster|FoulPlay,Haze,SunnyDay,Tailwind|||F|||50|,,,,,Ghost]Dragapult||ChoiceBand|ClearBody|DragonDarts,PhantomForce,TeraBlast,Uturn|||F|||50|,,,,,Ghost
|showteam|p2|Kilowattrel||FocusSash|Competitive|Thunderbolt,AirSlash,Tailwind,Protect|||M|||50|,,,,,Ghost]Amoonguss||SitrusBerry|Regenerator|PollenPuff,Spore,RagePowder,Protect|||F|||50|,,,,,Water]Incineroar||SafetyGoggles|Intimidate|FakeOut,FlareBlitz,KnockOff,PartingShot|||F|||50|,,,,,Ghost]Porygon2||Eviolite|Download|TeraBlast,IceBeam,Recover,TrickRoom||||||50|,,,,,Fighting]Gholdengo||MetalCoat|GoodasGold|MakeItRain,ShadowBall,NastyPlot,Protect||||||50|,,,,,Flying]Ursaluna||FlameOrb|Guts|Facade,HeadlongRush,Earthquake,Protect|||M|||50|,,,,,Ghost
|j| juan912
|j| Empanada Cheta
|j| cubo1991
|
|t:|1757794930
|teamsize|p1|4
|teamsize|p2|4
|start
|switch|p1a: Indeedee|Indeedee, L50, M|100/100
|switch|p1b: Sneasler|Sneasler, L50, M|100/100
|switch|p2a: Kilowattrel|Kilowattrel, L50, M|100/100
|switch|p2b: Incineroar|Incineroar, L50, F|100/100
|-fieldstart|move: Psychic Terrain|[from] ability: Psychic Surge|[of] p1a: Indeedee
|-enditem|p1b: Sneasler|Psychic Seed
|-boost|p1b: Sneasler|spd|1|[from] item: Psychic Seed
|-ability|p2b: Incineroar|Intimidate|boost
|-unboost|p1a: Indeedee|atk|1
|-unboost|p1b: Sneasler|atk|1
|turn|1
|j| wwcelta
|
|t:|1757794955
|switch|p2b: Gholdengo|Gholdengo, L50|100/100
|move|p1b: Sneasler|Close Combat|p2b: Gholdengo
|-immune|p2b: Gholdengo
|move|p2a: Kilowattrel|Tailwind|p2a: Kilowattrel
|-sidestart|p2: AndruAkd14|move: Tailwind
|move|p1a: Indeedee|Tera Blast|p2b: Gholdengo
|-immune|p2b: Gholdengo
|
|upkeep
|turn|2
|j| simiusblack
|
|t:|1757794977
|move|p1b: Sneasler|Protect|p1b: Sneasler
|-singleturn|p1b: Sneasler|Protect
|move|p2a: Kilowattrel|Air Slash|p1b: Sneasler
|-activate|p1b: Sneasler|move: Protect
|move|p2b: Gholdengo|Make It Rain|p1b: Sneasler|[spread] p1a
|-activate|p1b: Sneasler|move: Protect
|-damage|p1a: Indeedee|12/100
|-unboost|p2b: Gholdengo|spa|1
|move|p1a: Indeedee|Expanding Force|p2b: Gholdengo|[spread] p2a,p2b
|-resisted|p2b: Gholdengo
|-damage|p2a: Kilowattrel|12/100
|-damage|p2b: Gholdengo|72/100
|
|upkeep
|turn|3
|
|t:|1757795030
|switch|p1b: Murkrow|Murkrow, L50, F|100/100
|move|p2b: Gholdengo|Protect|p2b: Gholdengo
|-singleturn|p2b: Gholdengo|Protect
|move|p2a: Kilowattrel|Air Slash|p1b: Murkrow
|-damage|p1b: Murkrow|71/100
|move|p1a: Indeedee|Expanding Force|p2a: Kilowattrel|[spread] p2a
|-activate|p2b: Gholdengo|move: Protect
|-damage|p2a: Kilowattrel|0 fnt
|faint|p2a: Kilowattrel
|
|upkeep
|
|t:|1757795042
|switch|p2a: Incineroar|Incineroar, L50, F|100/100
|-ability|p2a: Incineroar|Intimidate|boost
|-unboost|p1a: Indeedee|atk|1
|-unboost|p1b: Murkrow|atk|1
|turn|4
|l| cubo1991
|
|t:|1757795082
|-terastallize|p1b: Murkrow|Ghost
|move|p1b: Murkrow|Tailwind|p1b: Murkrow
|-sidestart|p1: TengoMuchaSed|move: Tailwind
|move|p1a: Indeedee|Expanding Force|p2a: Incineroar|[spread] p2b
|-immune|p2a: Incineroar
|-resisted|p2b: Gholdengo
|-damage|p2b: Gholdengo|42/100
|move|p2b: Gholdengo|Nasty Plot|p2b: Gholdengo
|-boost|p2b: Gholdengo|spa|2
|move|p2a: Incineroar|Knock Off|p1a: Indeedee
|-supereffective|p1a: Indeedee
|-damage|p1a: Indeedee|0 fnt
|-enditem|p1a: Indeedee|Focus Sash|[from] move: Knock Off|[of] p2a: Incineroar
|faint|p1a: Indeedee
|
|-sideend|p2: AndruAkd14|move: Tailwind
|upkeep
|j| Jonax94 MKO
|
|t:|1757795095
|switch|p1a: Delphox|Delphox, L50, F|100/100
|turn|5
|j| dondozoplease
|
|t:|1757795128
|move|p2b: Gholdengo|Protect|p2b: Gholdengo
|-singleturn|p2b: Gholdengo|Protect
|move|p1b: Murkrow|Sunny Day|p1b: Murkrow
|-weather|SunnyDay
|move|p1a: Delphox|Heat Wave|p2b: Gholdengo|[spread] p2a
|-activate|p2b: Gholdengo|move: Protect
|-resisted|p2a: Incineroar
|-damage|p2a: Incineroar|67/100
|-damage|p1a: Delphox|90/100|[from] item: Life Orb
|move|p2a: Incineroar|Knock Off|p1a: Delphox
|-supereffective|p1a: Delphox
|-damage|p1a: Delphox|0 fnt
|-enditem|p1a: Delphox|Life Orb|[from] move: Knock Off|[of] p2a: Incineroar
|faint|p1a: Delphox
|
|-weather|SunnyDay|[upkeep]
|-fieldend|move: Psychic Terrain
|upkeep
|
|t:|1757795133
|switch|p1a: Sneasler|Sneasler, L50, M|100/100
|turn|6
|j| cubo1991
|
|t:|1757795186
|-terastallize|p2a: Incineroar|Ghost
|move|p1a: Sneasler|Throat Chop|p2b: Gholdengo
|-supereffective|p2b: Gholdengo
|-damage|p2b: Gholdengo|0 fnt
|faint|p2b: Gholdengo
|move|p1b: Murkrow|Foul Play|p2a: Incineroar
|-supereffective|p2a: Incineroar
|-damage|p2a: Incineroar|0 fnt
|faint|p2a: Incineroar
|
|-weather|SunnyDay|[upkeep]
|upkeep
|
|t:|1757795201
|switch|p2b: Ursaluna|Ursaluna, L50, M|100/100
|turn|7
|
|t:|1757795210
|move|p1a: Sneasler|Close Combat|p2b: Ursaluna
|-supereffective|p2b: Ursaluna
|-damage|p2b: Ursaluna|3/100
|-unboost|p1a: Sneasler|def|1
|-unboost|p1a: Sneasler|spd|1
|move|p1b: Murkrow|Foul Play|p2b: Ursaluna
|-damage|p2b: Ursaluna|0 fnt
|faint|p2b: Ursaluna
|
|win|TengoMuchaSed
|c|☆TengoMuchaSed|gg
|l| Empanada Cheta
|l| cubo1991
|c|☆AndruAkd14|gg
|l| Jonax94 MKO
|l| juan912
|l| simiusblack
|l| dondozoplease
|l| wwcelta
|l|☆AndruAkd14
|player|p2|
