|j|☆Broey_jiggs
|j|☆MikeShinobu
|html|Broey_jiggsMikeShinobu    
|uhtml|bestof|Game 2 of a best-of-3
|t:|1783086732
|gametype|doubles
|player|p1|Broey_jiggs|266|1007
|player|p2|MikeShinobu|ethan|1048
|gen|9
|tier|[Gen 9 Champions] VGC 2026 Reg M-B (Bo3)
|rated|
|rule|Species Clause: Limit one of each Pokémon
|rule|Item Clause: Limit 1 of each item
|clearpoke
|poke|p1|Toxapex, L50, M|
|poke|p1|Rotom-Wash, L50|
|poke|p1|Corviknight, L50, F|
|poke|p1|Sinistcha-Masterpiece, L50|
|poke|p1|Tyranitar, L50, M|
|poke|p1|Garchomp, L50, F|
|poke|p2|Whimsicott, L50, M|
|poke|p2|Garchomp, L50, M|
|poke|p2|Staraptor, L50, M|
|poke|p2|Blaziken, L50, M|
|poke|p2|Ninetales-Alola, L50, M|
|poke|p2|Excadrill, L50, M|
|teampreview|4
|showteam|p1|Toxapex||Leftovers|Regenerator|Toxic,BanefulBunker,Infestation,Recover|Bold||M|||50|]Rotom-Wash||Magnet|Levitate|HydroPump,Thunderbolt,WillOWisp,Protect|Calm|||||50|]Corviknight||OccaBerry|MirrorArmor|BodyPress,Roost,IronDefense,BraveBird|Careful||F|||50|]Sinistcha-Masterpiece||MiracleSeed|Hospitality|MatchaGotcha,LifeDew,Protect,TrickRoom|Relaxed|||||50|]Tyranitar||Tyranitarite|SandStream|RockSlide,Earthquake,KnockOff,Protect|Adamant||M|||50|]Garchomp||LifeOrb|SandVeil|Earthquake,EarthPower,Protect,DragonClaw|Jolly||F|||50|
|showteam|p2|Whimsicott||FocusSash|Prankster|Protect,Tailwind,Moonblast,Charm|Timid||M|||50|]Garchomp||LifeOrb|RoughSkin|DragonClaw,Earthquake,Protect,RockSlide|Jolly||M|||50|]Staraptor||Staraptite|Intimidate|CloseCombat,BraveBird,Roost,Protect|Jolly||M|||50|]Blaziken||Blazikenite|SpeedBoost|Coaching,Protect,CloseCombat,FlareBlitz|Adamant||M|||50|]Ninetales-Alola||LightClay|SnowWarning|Blizzard,Moonblast,AuroraVeil,Protect|Modest||M|||50|]Excadrill||Excadrite|MoldBreaker|Earthquake,HighHorsepower,IronHead,Protect|Jolly||M|||50|
|inactive|Battle timer is ON: inactive players will automatically lose when time's up. (requested by MikeShinobu)
|inactive|MikeShinobu has 60 seconds left.
|
|t:|1783086765
|teamsize|p1|4
|teamsize|p2|4
|start
|switch|p1a: Rotom|Rotom-Wash, L50|100/100
|switch|p1b: Corviknight|Corviknight, L50, F|100/100
|switch|p2a: Whimsicott|Whimsicott, L50, M|100/100
|switch|p2b: Staraptor|Staraptor, L50, M|100/100
|-ability|p2b: Staraptor|Intimidate|boost
|-unboost|p1a: Rotom|atk|1
|-ability|p1b: Corviknight|Mirror Armor
|-unboost|p2b: Staraptor|atk|1
|turn|1
|
|t:|1783086783
|detailschange|p2b: Staraptor|Staraptor-Mega, L50, M
|-mega|p2b: Staraptor|Staraptor|Staraptite
|move|p2b: Staraptor|Protect|p2b: Staraptor
|-singleturn|p2b: Staraptor|Protect
|move|p2a: Whimsicott|Moonblast|p1a: Rotom
|-damage|p1a: Rotom|73/100
|move|p1a: Rotom|Will-O-Wisp|p2b: Staraptor
|-activate|p2b: Staraptor|move: Protect
|move|p1b: Corviknight|Iron Defense|p1b: Corviknight
|-boost|p1b: Corviknight|def|2
|
|upkeep
|turn|2
|inactive|Broey_jiggs has 30 seconds left.
|inactive|Broey_jiggs has 20 seconds left.
|inactive|Broey_jiggs has 15 seconds left.
|
|t:|1783086825
|move|p2a: Whimsicott|Charm|p2b: Staraptor
|-boost|p2b: Staraptor|atk|2
|move|p2b: Staraptor|Close Combat|p1a: Rotom
|-damage|p1a: Rotom|0 fnt
|-boost|p2b: Staraptor|def|1
|-boost|p2b: Staraptor|spd|1
|faint|p1a: Rotom
|move|p1b: Corviknight|Iron Defense|p1b: Corviknight
|-boost|p1b: Corviknight|def|2
|
|upkeep
|
|t:|1783086836
|switch|p1a: Garchomp|Garchomp, L50, F|100/100
|turn|3
|
|t:|1783086855
|move|p1a: Garchomp|Protect|p1a: Garchomp
|-singleturn|p1a: Garchomp|Protect
|move|p2a: Whimsicott|Charm|p2b: Staraptor
|-boost|p2b: Staraptor|atk|2
|move|p2b: Staraptor|Close Combat|p1a: Garchomp
|-activate|p1a: Garchomp|move: Protect
|move|p1b: Corviknight|Brave Bird|p2b: Staraptor
|-supereffective|p2b: Staraptor|1
|-damage|p2b: Staraptor|50/100y
|-damage|p1b: Corviknight|84/100|[from] Recoil
|
|upkeep
|turn|4
|
|t:|1783086879
|move|p2a: Whimsicott|Charm|p2b: Staraptor
|-boost|p2b: Staraptor|atk|2
|move|p2b: Staraptor|Close Combat|p1b: Corviknight
|-damage|p1b: Corviknight|25/100
|-boost|p2b: Staraptor|def|1
|-boost|p2b: Staraptor|spd|1
|move|p1a: Garchomp|Dragon Claw|p2b: Staraptor
|-damage|p2b: Staraptor|23/100
|-damage|p1a: Garchomp|90/100|[from] item: Life Orb
|move|p1b: Corviknight|Brave Bird|p2b: Staraptor
|-supereffective|p2b: Staraptor|1
|-damage|p2b: Staraptor|0 fnt
|faint|p2b: Staraptor
|-damage|p1b: Corviknight|18/100|[from] Recoil
|
|upkeep
|
|t:|1783086891
|switch|p2b: Ninetales|Ninetales-Alola, L50, M|100/100
|-weather|Snowscape|[from] ability: Snow Warning|[of] p2b: Ninetales
|turn|5
|
|t:|1783086898
|move|p2a: Whimsicott|Tailwind|p2a: Whimsicott
|-sidestart|p2: MikeShinobu|move: Tailwind
|move|p2b: Ninetales|Blizzard|p1a: Garchomp|[spread] p1a,p1b
|-supereffective|p1a: Garchomp|2
|-damage|p1a: Garchomp|0 fnt
|-damage|p1b: Corviknight|0 fnt
|faint|p1a: Garchomp
|faint|p1b: Corviknight
|
|-weather|Snowscape|[upkeep]
|upkeep
|
|t:|1783086904
|switch|p1b: Tyranitar|Tyranitar, L50, M|100/100
|-weather|Sandstorm|[from] ability: Sand Stream|[of] p1b: Tyranitar
|turn|6
|
|t:|1783086912
|switch|p2b: Blaziken|Blaziken, L50, M|100/100
|detailschange|p1b: Tyranitar|Tyranitar-Mega, L50, M
|-mega|p1b: Tyranitar|Tyranitar|Tyranitarite
|move|p2a: Whimsicott|Moonblast|p1b: Tyranitar
|-supereffective|p1b: Tyranitar|1
|-damage|p1b: Tyranitar|65/100
|-unboost|p1b: Tyranitar|spa|1
|move|p1b: Tyranitar|Earthquake|p2a: Whimsicott|[spread] p2a,p2b
|-resisted|p2a: Whimsicott|1
|-supereffective|p2b: Blaziken|1
|-damage|p2a: Whimsicott|73/100
|-damage|p2b: Blaziken|0 fnt
|faint|p2b: Blaziken
|
|-weather|Sandstorm|[upkeep]
|-damage|p2a: Whimsicott|67/100|[from] Sandstorm
|upkeep
|
|t:|1783086915
|switch|p2b: Ninetales|Ninetales-Alola, L50, M|100/100
|-weather|Snowscape|[from] ability: Snow Warning|[of] p2b: Ninetales
|turn|7
|
|t:|1783086923
|move|p2a: Whimsicott|Moonblast|p1b: Tyranitar
|-supereffective|p1b: Tyranitar|1
|-damage|p1b: Tyranitar|14/100
|move|p2b: Ninetales|Moonblast|p1b: Tyranitar
|-supereffective|p1b: Tyranitar|1
|-damage|p1b: Tyranitar|0 fnt
|faint|p1b: Tyranitar
|
|win|MikeShinobu
|raw|Broey_jiggs's rating: 1007 → 1000(-7 for losing)
|raw|MikeShinobu's rating: 1048 → 1077(+29 for winning)
