|j|☆Joseph Terastalin
|j|☆Zizoukennn
|html|Joseph TerastalinZizoukennn    
|uhtml|bestof|Game 2 of a best-of-3
|t:|1757006038
|gametype|doubles
|player|p1|Joseph Terastalin|blaine|1000
|player|p2|Zizoukennn|102|1000
|gen|9
|tier|[Gen 9] VGC 2025 Reg H (Bo3)
|rated|
|rule|Species Clause: Limit one of each Pokémon
|rule|Item Clause: Limit 1 of each item
|clearpoke
|poke|p1|Venusaur, L50, F|
|poke|p1|Torkoal, L50, M|
|poke|p1|Tyranitar, L50, M|
|poke|p1|Farigiraf, L50, M|
|poke|p1|Electabuzz, L50, M|
|poke|p1|Hydreigon, L50, M|
|poke|p2|Maushold, L50|
|poke|p2|Annihilape, L50, F|
|poke|p2|Incineroar, L50, M|
|poke|p2|Rillaboom, L50, F|
|poke|p2|Dragonite, L50, F|
|poke|p2|Gholdengo, L50|
|teampreview|4
|showteam|p1|Venusaur||LifeOrb|Chlorophyll|Protect,SludgeBomb,GigaDrain,WeatherBall|||F|||50|,,,,,Rock]Torkoal||EjectPack|Drought|Overheat,BodyPress,HelpingHand,Yawn|||M|||50|,,,,,Grass]Tyranitar||ChoiceBand|SandStream|RockSlide,KnockOff,TeraBlast,HeavySlam|||M|||50|,,,,,Flying]Farigiraf||ThroatSpray|ArmorTail|Protect,HyperVoice,Psychic,TrickRoom|||M|||50|,,,,,Fairy]Electabuzz||Eviolite|VitalSpirit|Electroweb,Taunt,FollowMe,VoltSwitch|||M|||50|,,,,,Fairy]Hydreigon||ChoiceScarf|Levitate|DracoMeteor,DarkPulse,HeatWave,FlashCannon|||M|||50|,,,,,Fire
|showteam|p2|Maushold||WideLens|Technician|PopulationBomb,BeatUp,Protect,FollowMe||||||50|,,,,,Ghost]Annihilape||Leftovers|Defiant|RageFist,DrainPunch,Protect,BulkUp|||F|||50|,,,,,Fire]Incineroar||SitrusBerry|Intimidate|FakeOut,KnockOff,PartingShot,FlareBlitz|||M|||50|,,,,,Grass]Rillaboom||AssaultVest|GrassySurge|FakeOut,GrassyGlide,Uturn,WoodHammer|||F|||50|,,,,,Fire]Dragonite||LoadedDice|Multiscale|ScaleShot,Tailwind,Protect,Haze|||F|||50|,,,,,Fairy]Gholdengo||LifeOrb|GoodasGold|MakeItRain,ShadowBall,Protect,NastyPlot||||||50|,,,,,Water
|inactive|Battle timer is ON: inactive players will automatically lose when time's up. (requested by Joseph Terastalin)
|
|t:|1757006079
|teamsize|p1|4
|teamsize|p2|4
|start
|switch|p1a: Venusaur|Venusaur, L50, F|100/100
|switch|p1b: Torkoal|Torkoal, L50, M|100/100
|switch|p2a: capitalism|Gholdengo, L50|100/100
|switch|p2b: homosexual monkey|Rillaboom, L50, F|100/100
|-fieldstart|move: Grassy Terrain|[from] ability: Grassy Surge|[of] p2b: homosexual monkey
|-weather|SunnyDay|[from] ability: Drought|[of] p1b: Torkoal
|turn|1
|inactive|Joseph Terastalin has 30 seconds left.
|inactive|Zizoukennn has 30 seconds left.
|
|t:|1757006109
|move|p1a: Venusaur|Protect|p1a: Venusaur
|-singleturn|p1a: Venusaur|Protect
|move|p2a: capitalism|Protect|p2a: capitalism
|-singleturn|p2a: capitalism|Protect
|move|p2b: homosexual monkey|U-turn|p1a: Venusaur
|-activate|p1a: Venusaur|move: Protect
|move|p1b: Torkoal|Overheat|p2b: homosexual monkey
|-supereffective|p2b: homosexual monkey
|-damage|p2b: homosexual monkey|19/100
|-unboost|p1b: Torkoal|spa|2
|-enditem|p1b: Torkoal|Eject Pack
|
|t:|1757006124
|switch|p1b: Electabuzz|Electabuzz, L50, M|100/100
|
|-weather|SunnyDay|[upkeep]
|-heal|p2b: homosexual monkey|25/100|[from] Grassy Terrain
|upkeep
|turn|2
|
|t:|1757006140
|move|p1a: Venusaur|Weather Ball|p2a: capitalism
|-supereffective|p2a: capitalism
|-damage|p2a: capitalism|0 fnt
|faint|p2a: capitalism
|-damage|p1a: Venusaur|91/100|[from] item: Life Orb
|move|p1b: Electabuzz|Volt Switch|p2b: homosexual monkey
|-resisted|p2b: homosexual monkey
|-damage|p2b: homosexual monkey|16/100
|
|t:|1757006153
|switch|p1b: Hydreigon|Hydreigon, L50, M|100/100|[from] Volt Switch
|move|p2b: homosexual monkey|U-turn|p1a: Venusaur
|-damage|p1a: Venusaur|60/100
|
|t:|1757006159
|switch|p2b: homosexual dog|Dragonite, L50, F|100/100|[from] U-turn
|
|-weather|SunnyDay|[upkeep]
|-heal|p1a: Venusaur|66/100|[from] Grassy Terrain
|upkeep
|
|t:|1757006170
|switch|p2a: homosexual monkey|Rillaboom, L50, F|16/100
|turn|3
|
|t:|1757006188
|-terastallize|p1b: Hydreigon|Fire
|move|p2a: homosexual monkey|Fake Out|p1b: Hydreigon
|-damage|p1b: Hydreigon|83/100
|move|p1a: Venusaur|Sludge Bomb|p2b: homosexual dog
|-damage|p2b: homosexual dog|72/100
|-status|p2b: homosexual dog|psn
|-damage|p1a: Venusaur|56/100|[from] item: Life Orb
|cant|p1b: Hydreigon|flinch
|move|p2b: homosexual dog|Scale Shot|p1b: Hydreigon
|-crit|p1b: Hydreigon
|-damage|p1b: Hydreigon|57/100
|-damage|p1b: Hydreigon|39/100
|-damage|p1b: Hydreigon|21/100
|-crit|p1b: Hydreigon
|-damage|p1b: Hydreigon|0 fnt
|faint|p1b: Hydreigon
|-hitcount|p1: Hydreigon|4
|-unboost|p2b: homosexual dog|def|1
|-boost|p2b: homosexual dog|spe|1
|
|-weather|SunnyDay|[upkeep]
|-heal|p1a: Venusaur|62/100|[from] Grassy Terrain
|-heal|p2a: homosexual monkey|22/100|[from] Grassy Terrain
|-damage|p2b: homosexual dog|60/100 psn|[from] psn
|upkeep
|
|t:|1757006199
|switch|p1b: Electabuzz|Electabuzz, L50, M|100/100
|turn|4
|inactive|Zizoukennn has 30 seconds left.
|
|t:|1757006229
|move|p1a: Venusaur|Sludge Bomb|p2b: homosexual dog
|-damage|p2b: homosexual dog|11/100 psn
|-damage|p1a: Venusaur|53/100|[from] item: Life Orb
|move|p2b: homosexual dog|Scale Shot|p1a: Venusaur
|-damage|p1a: Venusaur|35/100
|-damage|p1a: Venusaur|16/100
|-damage|p1a: Venusaur|0 fnt
|faint|p1a: Venusaur
|-hitcount|p1: Venusaur|3
|-unboost|p2b: homosexual dog|def|1
|-boost|p2b: homosexual dog|spe|1
|move|p1b: Electabuzz|Electroweb|p2a: homosexual monkey|[spread] p2a,p2b
|-resisted|p2a: homosexual monkey
|-damage|p2a: homosexual monkey|17/100
|-damage|p2b: homosexual dog|0 fnt
|-unboost|p2a: homosexual monkey|spe|1
|faint|p2b: homosexual dog
|move|p2a: homosexual monkey|U-turn|p1b: Electabuzz
|-damage|p1b: Electabuzz|75/100
|
|t:|1757006248
|switch|p2a: angsty teenage son|Annihilape, L50, F|100/100|[from] U-turn
|
|-weather|SunnyDay|[upkeep]
|-heal|p1b: Electabuzz|81/100|[from] Grassy Terrain
|upkeep
|
|t:|1757006255
|switch|p1a: Torkoal|Torkoal, L50, M|100/100
|switch|p2b: homosexual monkey|Rillaboom, L50, F|17/100
|turn|5
|
|t:|1757006274
|move|p2b: homosexual monkey|Fake Out|p1a: Torkoal
|-damage|p1a: Torkoal|89/100
|move|p1b: Electabuzz|Taunt|p2a: angsty teenage son
|-start|p2a: angsty teenage son|move: Taunt
|cant|p2a: angsty teenage son|move: Taunt|Bulk Up
|cant|p1a: Torkoal|flinch
|
|-weather|none
|-heal|p1b: Electabuzz|87/100|[from] Grassy Terrain
|-heal|p2b: homosexual monkey|23/100|[from] Grassy Terrain
|-heal|p1a: Torkoal|95/100|[from] Grassy Terrain
|-fieldend|move: Grassy Terrain
|upkeep
|turn|6
|inactive|Zizoukennn has 30 seconds left.
|
|t:|1757006304
|-terastallize|p2a: angsty teenage son|Fire
|move|p1b: Electabuzz|Follow Me|p1b: Electabuzz
|-singleturn|p1b: Electabuzz|move: Follow Me
|move|p2a: angsty teenage son|Drain Punch|p1b: Electabuzz
|-damage|p1b: Electabuzz|48/100
|move|p2b: homosexual monkey|Wood Hammer|p1b: Electabuzz
|-damage|p1b: Electabuzz|0 fnt
|faint|p1b: Electabuzz
|-damage|p2b: homosexual monkey|10/100|[from] Recoil
|move|p1a: Torkoal|Body Press|p2b: homosexual monkey
|-damage|p2b: homosexual monkey|0 fnt
|faint|p2b: homosexual monkey
|
|upkeep
|turn|7
|
|t:|1757006325
|move|p2a: angsty teenage son|Drain Punch|p1a: Torkoal
|-damage|p1a: Torkoal|71/100
|move|p1a: Torkoal|Yawn|p2a: angsty teenage son
|-start|p2a: angsty teenage son|move: Yawn|[of] p1a: Torkoal
|
|-end|p2a: angsty teenage son|move: Taunt
|upkeep
|turn|8
|
|t:|1757006333
|move|p2a: angsty teenage son|Bulk Up|p2a: angsty teenage son
|-boost|p2a: angsty teenage son|atk|1
|-boost|p2a: angsty teenage son|def|1
|move|p1a: Torkoal|Body Press|p2a: angsty teenage son
|-crit|p2a: angsty teenage son
|-damage|p2a: angsty teenage son|56/100
|
|-heal|p2a: angsty teenage son|62/100|[from] item: Leftovers
|-end|p2a: angsty teenage son|move: Yawn|[silent]
|-status|p2a: angsty teenage son|slp
|upkeep
|turn|9
|
|t:|1757006348
|cant|p2a: angsty teenage son|slp
|move|p1a: Torkoal|Overheat|p2a: angsty teenage son|[miss]
|-miss|p1a: Torkoal|p2a: angsty teenage son
|
|-heal|p2a: angsty teenage son|69/100 slp|[from] item: Leftovers
|upkeep
|turn|10
|
|t:|1757006356
|cant|p2a: angsty teenage son|slp
|move|p1a: Torkoal|Body Press|p2a: angsty teenage son
|-damage|p2a: angsty teenage son|51/100 slp
|
|-heal|p2a: angsty teenage son|57/100 slp|[from] item: Leftovers
|upkeep
|turn|11
|
|t:|1757006363
|cant|p2a: angsty teenage son|slp
|move|p1a: Torkoal|Overheat|p2a: angsty teenage son|[miss]
|-miss|p1a: Torkoal|p2a: angsty teenage son
|
|-heal|p2a: angsty teenage son|63/100 slp|[from] item: Leftovers
|upkeep
|turn|12
|
|t:|1757006370
|-curestatus|p2a: angsty teenage son|slp|[msg]
|move|p2a: angsty teenage son|Drain Punch|p1a: Torkoal
|-damage|p1a: Torkoal|31/100
|-heal|p2a: angsty teenage son|81/100|[from] drain|[of] p1a: Torkoal
|move|p1a: Torkoal|Yawn|p2a: angsty teenage son
|-start|p2a: angsty teenage son|move: Yawn|[of] p1a: Torkoal
|
|-heal|p2a: angsty teenage son|87/100|[from] item: Leftovers
|upkeep
|turn|13
|-message|Joseph Terastalin forfeited.
|
|win|Zizoukennn
|raw|Joseph Terastalin's rating: 1000 → 1000(+0 for losing)
|raw|Zizoukennn's rating: 1000 → 1040(+40 for winning)
|l|☆Joseph Terastalin
|player|p1|
|j|☆Joseph Terastalin
|player|p1|Joseph Terastalin|blaine|
|l|☆Zizoukennn
|player|p2|
