|j|☆I am the Sweeper
|j|☆pinkey569
|html|I am the Sweeperpinkey569    
|uhtml|bestof|Game 3 of a best-of-3
|t:|1756756952
|gametype|doubles
|player|p1|I am the Sweeper|janitor|
|player|p2|pinkey569|170|
|gen|9
|tier|[Gen 9] VGC 2025 Reg H (Bo3)
|rule|Species Clause: Limit one of each Pokémon
|rule|Item Clause: Limit 1 of each item
|clearpoke
|poke|p1|Maushold, L50|
|poke|p1|Annihilape, L50, M|
|poke|p1|Grimmsnarl, L50, M|
|poke|p1|Gholdengo, L50|
|poke|p1|Dragonite, L50, M|
|poke|p1|Garchomp, L50, M|
|poke|p2|Tyranitar, L50, F|
|poke|p2|Dragonite, L50, M|
|poke|p2|Excadrill, L50, M|
|poke|p2|Volcarona, L50, F|
|poke|p2|Kilowattrel, L50, M|
|poke|p2|Indeedee, L50, M|
|teampreview|4
|showteam|p1|Maushold||WideLens|FriendGuard|PopulationBomb,BeatUp,Protect,FollowMe||||||50|,,,,,Ghost]Annihilape||SafetyGoggles|Defiant|RageFist,DrainPunch,Protect,BulkUp|||M|||50|,,,,,Fire]Grimmsnarl||LightClay|Prankster|ThunderWave,LightScreen,SpiritBreak,Reflect|||M|||50|,,,,,Ghost]Gholdengo||Leftovers|GoodasGold|MakeItRain,ShadowBall,Protect,NastyPlot||||||50|,,,,,Water]Dragonite||LoadedDice|Multiscale|ScaleShot,Tailwind,Protect,Haze|||M|||50|,,,,,Fairy]Garchomp||LifeOrb|RoughSkin|StompingTantrum,Earthquake,Protect,DragonClaw|||M|||50|,,,,,Ground
|showteam|p2|Tyranitar||AssaultVest|SandStream|RockSlide,KnockOff,TeraBlast,LowKick|||F|||50|,,,,,Flying]Dragonite||LoadedDice|Multiscale|Protect,ThunderWave,Haze,ScaleShot|||M|||50|,,,,,Fairy]Excadrill||LifeOrb|SandRush|Protect,Earthquake,IronHead,TeraBlast|||M|||50|,,,,,Fairy]Volcarona||SitrusBerry|FlameBody|Tailwind,RagePowder,Overheat,StruggleBug|||F|||50|,,,,,Grass]Kilowattrel||ChoiceSpecs|Competitive|Thunderbolt,Discharge,AirSlash,WeatherBall|||M|||50|,,,,,Ghost]Indeedee||FocusSash|PsychicSurge|TrickRoom,Imprison,ExpandingForce,TeraBlast|||M|||50|,,,,,Fighting
|
|t:|1756757052
|teamsize|p1|4
|teamsize|p2|4
|start
|switch|p1a: Grimmsnarl|Grimmsnarl, L50, M|100/100
|switch|p1b: Garchomp|Garchomp, L50, M|100/100
|switch|p2a: Volcarona|Volcarona, L50, F|100/100
|switch|p2b: Dragonite|Dragonite, L50, M|100/100
|turn|1
|
|t:|1756757162
|-terastallize|p1b: Garchomp|Ground
|move|p1b: Garchomp|Stomping Tantrum|p2a: Volcarona
|-damage|p2a: Volcarona|28/100
|-enditem|p2a: Volcarona|Sitrus Berry|[eat]
|-heal|p2a: Volcarona|53/100|[from] item: Sitrus Berry
|-damage|p1b: Garchomp|91/100|[from] item: Life Orb
|move|p2a: Volcarona|Tailwind|p2a: Volcarona
|-sidestart|p2: pinkey569|move: Tailwind
|move|p2b: Dragonite|Scale Shot|p1b: Garchomp|[miss]
|-miss|p2b: Dragonite|p1b: Garchomp
|move|p1a: Grimmsnarl|Spirit Break|p2a: Volcarona
|-resisted|p2a: Volcarona
|-damage|p2a: Volcarona|35/100
|-unboost|p2a: Volcarona|spa|1
|
|upkeep
|turn|2
|
|t:|1756757232
|move|p1b: Garchomp|Protect|p1b: Garchomp
|-singleturn|p1b: Garchomp|Protect
|move|p2a: Volcarona|Rage Powder|p2a: Volcarona
|-singleturn|p2a: Volcarona|move: Rage Powder
|move|p1a: Grimmsnarl|Thunder Wave|p2a: Volcarona
|-status|p2a: Volcarona|par
|move|p2b: Dragonite|Thunder Wave|p1a: Grimmsnarl
|-status|p1a: Grimmsnarl|par
|
|upkeep
|turn|3
|
|t:|1756757258
|move|p2a: Volcarona|Rage Powder|p2a: Volcarona
|-singleturn|p2a: Volcarona|move: Rage Powder
|move|p1a: Grimmsnarl|Reflect|p1a: Grimmsnarl
|-sidestart|p1: I am the Sweeper|Reflect
|move|p2b: Dragonite|Scale Shot|p1b: Garchomp
|-damage|p1b: Garchomp|80/100
|-damage|p1b: Garchomp|70/100
|-damage|p1b: Garchomp|61/100
|-damage|p1b: Garchomp|51/100
|-damage|p1b: Garchomp|42/100
|-hitcount|p1b: Garchomp|5
|-unboost|p2b: Dragonite|def|1
|-boost|p2b: Dragonite|spe|1
|move|p1b: Garchomp|Dragon Claw|p2a: Volcarona
|-damage|p2a: Volcarona|0 fnt
|-status|p1b: Garchomp|brn|[from] ability: Flame Body|[of] p2a: Volcarona
|faint|p2a: Volcarona
|-damage|p1b: Garchomp|32/100 brn|[from] item: Life Orb
|
|-damage|p1b: Garchomp|26/100 brn|[from] brn
|upkeep
|
|t:|1756757279
|switch|p2a: Excadrill|Excadrill, L50, M|100/100
|turn|4
|
|t:|1756757320
|-terastallize|p2a: Excadrill|Fairy
|move|p2b: Dragonite|Protect|p2b: Dragonite
|-singleturn|p2b: Dragonite|Protect
|move|p1a: Grimmsnarl|Thunder Wave|p2b: Dragonite
|-activate|p2b: Dragonite|move: Protect
|move|p2a: Excadrill|Iron Head|p1a: Grimmsnarl
|-supereffective|p1a: Grimmsnarl
|-damage|p1a: Grimmsnarl|17/100 par
|-damage|p2a: Excadrill|91/100|[from] item: Life Orb
|move|p1b: Garchomp|Earthquake|p2b: Dragonite|[spread] p1a,p2a
|-activate|p2b: Dragonite|move: Protect
|-damage|p1a: Grimmsnarl|0 fnt
|-damage|p2a: Excadrill|40/100
|faint|p1a: Grimmsnarl
|-damage|p1b: Garchomp|16/100 brn|[from] item: Life Orb
|
|-damage|p1b: Garchomp|10/100 brn|[from] brn
|-sideend|p2: pinkey569|move: Tailwind
|upkeep
|
|t:|1756757344
|switch|p1a: Dragonite|Dragonite, L50, M|100/100
|turn|5
|
|t:|1756757387
|move|p1b: Garchomp|Protect|p1b: Garchomp
|-singleturn|p1b: Garchomp|Protect
|move|p2b: Dragonite|Scale Shot|p1b: Garchomp
|-activate|p1b: Garchomp|move: Protect
|move|p2a: Excadrill|Iron Head|p1a: Dragonite
|-damage|p1a: Dragonite|79/100
|-damage|p2a: Excadrill|30/100|[from] item: Life Orb
|move|p1a: Dragonite|Scale Shot|p2b: Dragonite|[miss]
|-miss|p1a: Dragonite|p2b: Dragonite
|
|-damage|p1b: Garchomp|4/100 brn|[from] brn
|upkeep
|turn|6
|
|t:|1756757409
|move|p2a: Excadrill|Protect|p2a: Excadrill
|-singleturn|p2a: Excadrill|Protect
|move|p2b: Dragonite|Scale Shot|p1a: Dragonite
|-supereffective|p1a: Dragonite
|-damage|p1a: Dragonite|57/100
|-supereffective|p1a: Dragonite
|-damage|p1a: Dragonite|37/100
|-supereffective|p1a: Dragonite
|-damage|p1a: Dragonite|15/100
|-supereffective|p1a: Dragonite
|-damage|p1a: Dragonite|0 fnt
|faint|p1a: Dragonite
|-hitcount|p1: Dragonite|4
|-unboost|p2b: Dragonite|def|1
|-boost|p2b: Dragonite|spe|1
|move|p1b: Garchomp|Earthquake|p2a: Excadrill|[spread] 
|-activate|p2a: Excadrill|move: Protect
|-immune|p2b: Dragonite
|
|-damage|p1b: Garchomp|0 fnt|[from] brn
|faint|p1b: Garchomp
|upkeep
|-message|I am the Sweeper forfeited.
|
|win|pinkey569
