|j|☆evil_s!dd_1
|j|☆monsoonisbest
|html|evil_s!dd_1monsoonisbest    
|uhtml|bestof|Game 2 of a best-of-3
|t:|1785144841
|gametype|doubles
|player|p1|evil_s!dd_1|flannery-gen6|1182
|player|p2|monsoonisbest|265|1201
|gen|9
|tier|[Gen 9 Champions] VGC 2026 Reg M-B (Bo3)
|rated|
|rule|Species Clause: Limit one of each Pokémon
|rule|Item Clause: Limit 1 of each item
|clearpoke
|poke|p1|Whimsicott, L50, F|
|poke|p1|Excadrill, L50, M|
|poke|p1|Meowstic-F, L50, F|
|poke|p1|Incineroar, L50, F|
|poke|p1|Vivillon, L50, M|
|poke|p1|Primarina, L50, M|
|poke|p2|Gengar, L50, M|
|poke|p2|Swampert, L50, F|
|poke|p2|Incineroar, L50, F|
|poke|p2|Politoed, L50, F|
|poke|p2|Archaludon, L50, M|
|poke|p2|Vivillon-Monsoon, L50, F|
|teampreview|4
|showteam|p1|Whimsicott||LifeOrb|Prankster|Moonblast,EnergyBall,Tailwind,Protect|Modest||F|||50|]Excadrill||Excadrite|MoldBreaker|Earthquake,IronHead,RockSlide,Protect|Adamant||M|||50|]Meowstic-F||Meowsticite|Competitive|Psychic,Thunderbolt,FakeOut,Protect|Timid||F|||50|]Incineroar||PasshoBerry|Intimidate|FlareBlitz,Snarl,FakeOut,PartingShot|Careful||F|||50|]Vivillon||FocusSash|FriendGuard|AirSlash,PollenPuff,RagePowder,Protect|Timid||M|||50|]Primarina||SitrusBerry|LiquidVoice|HyperVoice,Moonblast,CalmMind,Protect|Quiet||M|||50|
|showteam|p2|Gengar||Gengarite|CursedBody|ShadowBall,PerishSong,SludgeBomb,Protect|Timid||M|||50|]Swampert||Swampertite|Damp|WaveCrash,Earthquake,IcePunch,Protect|Adamant||F|||50|]Incineroar||PasshoBerry|Intimidate|ThroatChop,PartingShot,FakeOut,Protect|Sassy||F|||50|]Politoed||SitrusBerry|Drizzle|WeatherBall,PerishSong,Encore,Protect|Calm||F|||50|]Archaludon||Leftovers|Stamina|DragonPulse,FlashCannon,ElectroShot,Protect|Bold||M|||50|]Vivillon-Monsoon||FocusSash|CompoundEyes|Hurricane,SleepPowder,RagePowder,Protect|Timid||F|||50|
|inactive|Battle timer is ON: inactive players will automatically lose when time's up. (requested by evil_s!dd_1)
|
|t:|1785144852
|teamsize|p1|4
|teamsize|p2|4
|start
|switch|p1a: Whimsicott|Whimsicott, L50, F|100/100
|switch|p1b: Meowstic|Meowstic-F, L50, F|100/100
|switch|p2a: Archaludon|Archaludon, L50, M|100/100
|switch|p2b: Politoed|Politoed, L50, F|100/100
|-weather|RainDance|[from] ability: Drizzle|[of] p2b: Politoed
|turn|1
|
|t:|1785144863
|switch|p1b: Excadrill|Excadrill, L50, M|100/100
|-ability|p1b: Excadrill|Mold Breaker
|switch|p2b: Swampert|Swampert, L50, F|100/100
|move|p1a: Whimsicott|Tailwind|p1a: Whimsicott
|-sidestart|p1: evil_s!dd_1|move: Tailwind
|move|p2a: Archaludon|Electro Shot||[still]
|-prepare|p2a: Archaludon|Electro Shot
|-boost|p2a: Archaludon|spa|1
|-anim|p2a: Archaludon|Electro Shot|p1b: Excadrill
|-immune|p1b: Excadrill
|
|-weather|RainDance|[upkeep]
|upkeep
|turn|2
|
|t:|1785144879
|detailschange|p1b: Excadrill|Excadrill-Mega, L50, M
|-mega|p1b: Excadrill|Excadrill|Excadrite
|detailschange|p2b: Swampert|Swampert-Mega, L50, F
|-mega|p2b: Swampert|Swampert|Swampertite
|move|p1a: Whimsicott|Protect|p1a: Whimsicott
|-singleturn|p1a: Whimsicott|Protect
|move|p2a: Archaludon|Protect|p2a: Archaludon
|-singleturn|p2a: Archaludon|Protect
|move|p1b: Excadrill|Earthquake|p2b: Swampert|[spread] p2b
|-activate|p1a: Whimsicott|move: Protect
|-activate|p2a: Archaludon|move: Protect
|-damage|p2b: Swampert|55/100
|move|p2b: Swampert|Earthquake|p1a: Whimsicott|[spread] p1b
|-activate|p2a: Archaludon|move: Protect
|-activate|p1a: Whimsicott|move: Protect
|-supereffective|p1b: Excadrill|1
|-damage|p1b: Excadrill|5/100
|
|-weather|RainDance|[upkeep]
|upkeep
|turn|3
|
|t:|1785144904
|move|p1a: Whimsicott|Moonblast|p2a: Archaludon
|-damage|p2a: Archaludon|53/100
|-ability|p2a: Archaludon|Stamina|boost
|-boost|p2a: Archaludon|def|1
|-damage|p1a: Whimsicott|90/100|[from] item: Life Orb
|move|p1b: Excadrill|Earthquake|p2b: Swampert|[spread] p1a,p2a,p2b
|-resisted|p1a: Whimsicott|1
|-supereffective|p2a: Archaludon|1
|-damage|p1a: Whimsicott|54/100
|-damage|p2a: Archaludon|5/100
|-damage|p2b: Swampert|14/100
|-ability|p2a: Archaludon|Stamina|boost
|-boost|p2a: Archaludon|def|1
|move|p2b: Swampert|Wave Crash|p1b: Excadrill
|-supereffective|p1b: Excadrill|1
|-damage|p1b: Excadrill|0 fnt
|faint|p1b: Excadrill
|-damage|p2b: Swampert|12/100|[from] Recoil
|move|p2a: Archaludon|Flash Cannon|p1a: Whimsicott
|-supereffective|p1a: Whimsicott|1
|-damage|p1a: Whimsicott|0 fnt
|faint|p1a: Whimsicott
|
|-weather|RainDance|[upkeep]
|-heal|p2a: Archaludon|11/100|[from] item: Leftovers
|upkeep
|
|t:|1785144915
|switch|p1a: Meowstic|Meowstic-F, L50, F|100/100
|switch|p1b: Incineroar|Incineroar, L50, F|100/100
|-ability|p1b: Incineroar|Intimidate|boost
|-unboost|p2a: Archaludon|atk|1
|-unboost|p2b: Swampert|atk|1
|turn|4
|
|t:|1785144923
|switch|p2b: Vivillon|Vivillon-Monsoon, L50, F|100/100
|move|p2a: Archaludon|Protect|p2a: Archaludon
|-singleturn|p2a: Archaludon|Protect
|move|p1a: Meowstic|Psychic|p2b: Vivillon
|-damage|p2b: Vivillon|34/100
|move|p1b: Incineroar|Flare Blitz|p2a: Archaludon
|-activate|p2a: Archaludon|move: Protect
|
|-weather|RainDance|[upkeep]
|-heal|p2a: Archaludon|17/100|[from] item: Leftovers
|-sideend|p1: evil_s!dd_1|move: Tailwind
|upkeep
|turn|5
|
|t:|1785144936
|move|p2b: Vivillon|Rage Powder|p2b: Vivillon
|-singleturn|p2b: Vivillon|move: Rage Powder
|move|p1a: Meowstic|Psychic|p2b: Vivillon
|-damage|p2b: Vivillon|0 fnt
|faint|p2b: Vivillon
|move|p2a: Archaludon|Electro Shot||[still]
|-prepare|p2a: Archaludon|Electro Shot
|-boost|p2a: Archaludon|spa|1
|-anim|p2a: Archaludon|Electro Shot|p1b: Incineroar
|-damage|p1b: Incineroar|52/100
|move|p1b: Incineroar|Snarl|p2a: Archaludon
|-damage|p2a: Archaludon|3/100
|-unboost|p2a: Archaludon|spa|1
|-ability|p2a: Archaludon|Stamina|boost
|-boost|p2a: Archaludon|def|1
|
|-weather|none
|-heal|p2a: Archaludon|9/100|[from] item: Leftovers
|upkeep
|
|t:|1785144948
|switch|p2b: Politoed|Politoed, L50, F|100/100
|-weather|RainDance|[from] ability: Drizzle|[of] p2b: Politoed
|turn|6
|
|t:|1785144953
|move|p2b: Politoed|Protect|p2b: Politoed
|-singleturn|p2b: Politoed|Protect
|move|p1a: Meowstic|Thunderbolt|p2b: Politoed
|-activate|p2b: Politoed|move: Protect
|move|p2a: Archaludon|Electro Shot||[still]
|-prepare|p2a: Archaludon|Electro Shot
|-boost|p2a: Archaludon|spa|1
|-anim|p2a: Archaludon|Electro Shot|p1b: Incineroar
|-damage|p1b: Incineroar|2/100
|move|p1b: Incineroar|Snarl|p2a: Archaludon|[spread] p2a
|-activate|p2b: Politoed|move: Protect
|-damage|p2a: Archaludon|0 fnt
|faint|p2a: Archaludon
|
|-weather|RainDance|[upkeep]
|upkeep
|-message|evil_s!dd_1 forfeited.
|
|win|monsoonisbest
