|j|☆dejavu1337
|j|☆Green-Dogi Ranger
|html|dejavu1337Green-Dogi Ranger    
|uhtml|bestof|Game 1 of a best-of-3
|t:|1757731037
|gametype|doubles
|player|p1|dejavu1337|2|1094
|player|p2|Green-Dogi Ranger|linebacker|1000
|gen|9
|tier|[Gen 9] VGC 2025 Reg H (Bo3)
|rated|
|rule|Species Clause: Limit one of each Pokémon
|rule|Item Clause: Limit 1 of each item
|clearpoke
|poke|p1|Dondozo, L50, F|
|poke|p1|Tatsugiri, L50, F|
|poke|p1|Gholdengo, L50|
|poke|p1|Dragonite, L50, M|
|poke|p1|Ninetales-Alola, L50, F|
|poke|p1|Kingambit, L50, F|
|poke|p2|Malamar, L50, M|
|poke|p2|Torkoal, L50, F|
|poke|p2|Delphox, L50, F|
|poke|p2|Indeedee-F, L50, F|
|poke|p2|Sneasler, L50, F|
|poke|p2|Ursaluna, L50, M|
|teampreview|4
|showteam|p1|Dondozo||Leftovers|Unaware|Protect,WaveCrash,Earthquake,OrderUp|||F|||50|,,,,,Steel]Tatsugiri||ChoiceScarf|Commander|MuddyWater,DracoMeteor,IcyWind,HydroPump|||F|||50|,,,,,Steel]Gholdengo||ChoiceSpecs|GoodasGold|MakeItRain,ShadowBall,PowerGem,Trick||||||50|,,,,,Steel]Dragonite||LoadedDice|Multiscale|ScaleShot,Protect,ExtremeSpeed,StompingTantrum|||M|||50|,,,,,Fairy]Ninetales-Alola||FocusSash|SnowWarning|Blizzard,Moonblast,FreezeDry,Protect|||F|||50|,,,,,Ghost]Kingambit||AssaultVest|Defiant|SuckerPunch,KowtowCleave,LowKick,IronHead|||F|||50|,,,,,Dark
|showteam|p2|Malamar||ChoiceScarf|Contrary|KnockOff,PsychoCut,Superpower,Switcheroo|||M|||50|,,,,,Fighting]Torkoal||EjectPack|Drought|Protect,Eruption,Overheat,HelpingHand|||F|||50|,,,,,Flying]Delphox||LifeOrb|Blaze|Flamethrower,ExpandingForce,DazzlingGleam,Protect|||F|||50|,,,,,Fairy]Indeedee-F||SafetyGoggles|PsychicSurge|FollowMe,Psychic,HelpingHand,TrickRoom|||F|||50|,,,,,Fairy]Sneasler||PsychicSeed|Unburden|Protect,CloseCombat,DireClaw,ThroatChop|||F|||50|,,,,,Dark]Ursaluna||FlameOrb|Guts|Protect,HeadlongRush,Earthquake,Facade|||M|||50|,,,,,Ghost
|inactive|Battle timer is ON: inactive players will automatically lose when time's up. (requested by dejavu1337)
|inactive|dejavu1337 has 60 seconds left.
|inactive|dejavu1337 has 30 seconds left.
|inactive|dejavu1337 has 20 seconds left.
|
|t:|1757731109
|teamsize|p1|4
|teamsize|p2|4
|start
|switch|p1a: Kingambit|Kingambit, L50, F|100/100
|switch|p1b: Gholdengo|Gholdengo, L50|100/100
|switch|p2a: Sneasler|Sneasler, L50, F|100/100
|switch|p2b: Indeedee|Indeedee-F, L50, F|100/100
|-fieldstart|move: Psychic Terrain|[from] ability: Psychic Surge|[of] p2b: Indeedee
|-enditem|p2a: Sneasler|Psychic Seed
|-boost|p2a: Sneasler|spd|1|[from] item: Psychic Seed
|turn|1
|inactive|dejavu1337 has 30 seconds left.
|inactive|Green-Dogi Ranger has 30 seconds left.
|inactive|dejavu1337 has 20 seconds left.
|inactive|dejavu1337 has 15 seconds left.
|inactive|dejavu1337 has 10 seconds left.
|inactive|dejavu1337 has 5 seconds left.
|
|t:|1757731162
|-terastallize|p1a: Kingambit|Dark
|move|p2b: Indeedee|Helping Hand|p2a: Sneasler
|-singleturn|p2a: Sneasler|Helping Hand|[of] p2b: Indeedee
|move|p2a: Sneasler|Throat Chop|p1b: Gholdengo
|-supereffective|p1b: Gholdengo
|-damage|p1b: Gholdengo|0 fnt
|faint|p1b: Gholdengo
|move|p1a: Kingambit|Kowtow Cleave|p2b: Indeedee
|-supereffective|p2b: Indeedee
|-damage|p2b: Indeedee|0 fnt
|faint|p2b: Indeedee
|
|upkeep
|
|t:|1757731176
|switch|p1b: Dondozo|Dondozo, L50, F, shiny|100/100
|switch|p2b: Ursaluna|Ursaluna, L50, M|100/100
|turn|2
|inactive|dejavu1337 has 30 seconds left.
|inactive|dejavu1337 has 20 seconds left.
|
|t:|1757731214
|-terastallize|p2a: Sneasler|Dark
|move|p1b: Dondozo|Protect|p1b: Dondozo
|-singleturn|p1b: Dondozo|Protect
|move|p2b: Ursaluna|Protect|p2b: Ursaluna
|-singleturn|p2b: Ursaluna|Protect
|move|p2a: Sneasler|Dire Claw|p1b: Dondozo
|-activate|p1b: Dondozo|move: Protect
|move|p1a: Kingambit|Kowtow Cleave|p2a: Sneasler
|-resisted|p2a: Sneasler
|-damage|p2a: Sneasler|39/100
|
|-status|p2b: Ursaluna|brn|[from] item: Flame Orb
|upkeep
|turn|3
|
|t:|1757731237
|switch|p1a: Tatsugiri|Tatsugiri, L50, F, shiny|100/100
|-activate|p1a: Tatsugiri|ability: Commander|[of] p1b: Dondozo
|-boost|p1b: Dondozo|atk|2
|-boost|p1b: Dondozo|spa|2
|-boost|p1b: Dondozo|spe|2
|-boost|p1b: Dondozo|def|2
|-boost|p1b: Dondozo|spd|2
|move|p2a: Sneasler|Dire Claw|p1b: Dondozo
|-damage|p1b: Dondozo|83/100
|move|p1b: Dondozo|Wave Crash|p2b: Ursaluna
|-supereffective|p2b: Ursaluna
|-damage|p2b: Ursaluna|0 fnt
|faint|p2b: Ursaluna
|-damage|p1b: Dondozo|49/100|[from] Recoil
|
|-heal|p1b: Dondozo|55/100|[from] item: Leftovers
|upkeep
|
|t:|1757731253
|switch|p2b: Malamar|Malamar, L50, M|100/100
|turn|4
|
|t:|1757731276
|move|p1b: Dondozo|Protect|p1b: Dondozo
|-singleturn|p1b: Dondozo|Protect
|move|p2a: Sneasler|Dire Claw|p1b: Dondozo
|-activate|p1b: Dondozo|move: Protect
|move|p2b: Malamar|Superpower|p1b: Dondozo
|-activate|p1b: Dondozo|move: Protect
|
|-heal|p1b: Dondozo|61/100|[from] item: Leftovers
|upkeep
|turn|5
|
|t:|1757731285
|move|p2a: Sneasler|Dire Claw|p1b: Dondozo
|-damage|p1b: Dondozo|46/100
|move|p2b: Malamar|Superpower|p1b: Dondozo
|-damage|p1b: Dondozo|35/100
|-boost|p2b: Malamar|atk|1
|-boost|p2b: Malamar|def|1
|move|p1b: Dondozo|Earthquake|p2a: Sneasler|[spread] p2a,p2b
|-miss|p1b: Dondozo|p1a: Tatsugiri
|-damage|p2a: Sneasler|0 fnt
|-damage|p2b: Malamar|42/100
|faint|p2a: Sneasler
|
|-heal|p1b: Dondozo|41/100|[from] item: Leftovers
|-fieldend|move: Psychic Terrain
|upkeep
|turn|6
|
|t:|1757731301
|move|p2b: Malamar|Superpower|p1b: Dondozo
|-damage|p1b: Dondozo|29/100
|-boost|p2b: Malamar|atk|1
|-boost|p2b: Malamar|def|1
|move|p1b: Dondozo|Wave Crash|p2b: Malamar
|-damage|p2b: Malamar|0 fnt
|faint|p2b: Malamar
|-damage|p1b: Dondozo|19/100|[from] Recoil
|
|win|dejavu1337
|l|☆dejavu1337
|player|p1|
||dejavu1337 is ready for game 2.
||Green-Dogi Ranger is ready for game 2.
|uhtml|next|Next: Game 2 of 3
