|j|☆Gastrosophilipp
|j|☆xDesert98
|html|GastrosophilippxDesert98    
|uhtml|bestof|Game 1 of a best-of-3
|t:|1786040207
|gametype|doubles
|player|p1|Gastrosophilipp|juan|
|player|p2|xDesert98|266|
|gen|9
|tier|[Gen 9 Champions] VGC 2026 Reg M-B (Bo3)
|rule|Species Clause: Limit one of each Pokémon
|rule|Item Clause: Limit 1 of each item
|clearpoke
|poke|p1|Sinistcha, L50|
|poke|p1|Incineroar, L50, M|
|poke|p1|Milotic, L50, F|
|poke|p1|Raichu, L50, M|
|poke|p1|Espathra, L50, F|
|poke|p1|Ceruledge, L50, M|
|poke|p2|Staraptor, L50, M|
|poke|p2|Garchomp, L50, M|
|poke|p2|Whimsicott, L50, M|
|poke|p2|Delphox, L50, M|
|poke|p2|Glimmora, L50, M|
|poke|p2|Kingambit, L50, M|
|teampreview|4
|showteam|p1|Sinistcha||KasibBerry|Hospitality|MatchaGotcha,LifeDew,RagePowder,Protect|Relaxed|||||50|]Incineroar||SitrusBerry|Intimidate|FlareBlitz,ThroatChop,FakeOut,PartingShot|Impish||M|||50|]Milotic||Leftovers|Competitive|MuddyWater,Coil,Hypnosis,Protect|Calm||F|||50|]Raichu||RaichuniteY|LightningRod|ZapCannon,FocusBlast,FakeOut,Protect|Timid||M|||50|]Espathra||LifeOrb|SpeedBoost|LuminaCrash,EnergyBall,LightScreen,Protect|Timid||F|||50|]Ceruledge||FocusSash|FlashFire|BitterBlade,ShadowSneak,BulkUp,Protect|Adamant||M|||50|
|showteam|p2|Staraptor||Staraptite|Intimidate|Protect,Roost,CloseCombat,BraveBird|Jolly||M|||50|]Garchomp||LifeOrb|RoughSkin|Protect,RockSlide,Earthquake,DragonClaw|Jolly||M|||50|]Whimsicott||OccaBerry|Prankster|Moonblast,Tailwind,Charm,LightScreen|Timid||M|||50|]Delphox||Delphoxite|Magician|Protect,Psychic,HeatWave,Substitute|Timid||M|||50|]Glimmora||FocusSash|ToxicDebris|SpikyShield,SludgeBomb,EarthPower,PowerGem|Timid||M|||50|]Kingambit||ChopleBerry|Defiant|SuckerPunch,LowKick,IronHead,KowtowCleave|Adamant||M|||50|
|inactive|Battle timer is ON: inactive players will automatically lose when time's up. (requested by Gastrosophilipp)
|inactive|Gastrosophilipp has 60 seconds left.
|inactive|xDesert98 has 60 seconds left.
|inactive|Gastrosophilipp has 30 seconds left.
|inactive|xDesert98 has 30 seconds left.
|inactive|Gastrosophilipp has 20 seconds left.
|inactive|xDesert98 has 20 seconds left.
|inactive|Gastrosophilipp has 15 seconds left.
|inactive|Gastrosophilipp has 10 seconds left.
|inactive|Gastrosophilipp has 5 seconds left.
|
|t:|1786040292
|teamsize|p1|4
|teamsize|p2|4
|start
|switch|p1a: Milotic|Milotic, L50, F|100/100
|switch|p1b: Raichu|Raichu, L50, M|100/100
|switch|p2a: Kingambit|Kingambit, L50, M|100/100
|switch|p2b: Delphox|Delphox, L50, M|100/100
|turn|1
|inactive|Gastrosophilipp has 30 seconds left.
|inactive|xDesert98 has 30 seconds left.
|inactive|Gastrosophilipp has 20 seconds left.
|inactive|xDesert98 has 20 seconds left.
|inactive|Gastrosophilipp has 15 seconds left.
|
|t:|1786040333
|detailschange|p1b: Raichu|Raichu-Mega-Y, L50, M
|-mega|p1b: Raichu|Raichu|Raichunite Y
|detailschange|p2b: Delphox|Delphox-Mega, L50, M
|-mega|p2b: Delphox|Delphox|Delphoxite
|move|p2b: Delphox|Protect|p2b: Delphox
|-singleturn|p2b: Delphox|Protect
|move|p1b: Raichu|Fake Out|p2a: Kingambit
|-resisted|p2a: Kingambit|1
|-damage|p2a: Kingambit|97/100
|move|p1a: Milotic|Coil|p1a: Milotic
|-boost|p1a: Milotic|atk|1
|-boost|p1a: Milotic|def|1
|-boost|p1a: Milotic|accuracy|1
|cant|p2a: Kingambit|flinch
|
|upkeep
|turn|2
|inactive|xDesert98 has 30 seconds left.
|inactive|xDesert98 has 20 seconds left.
|inactive|xDesert98 has 15 seconds left.
|
|t:|1786040375
|move|p1b: Raichu|Protect|p1b: Raichu
|-singleturn|p1b: Raichu|Protect
|move|p2a: Kingambit|Sucker Punch||[still]
|-fail|p2a: Kingambit
|move|p2b: Delphox|Substitute|p2b: Delphox
|-start|p2b: Delphox|Substitute
|-damage|p2b: Delphox|75/100
|move|p1a: Milotic|Hypnosis|p2a: Kingambit
|-status|p2a: Kingambit|slp|[from] move: Hypnosis
|
|upkeep
|turn|3
|inactive|Gastrosophilipp has 30 seconds left.
|inactive|xDesert98 has 30 seconds left.
|inactive|Gastrosophilipp has 20 seconds left.
|inactive|Gastrosophilipp has 15 seconds left.
|inactive|Gastrosophilipp has 10 seconds left.
|
|t:|1786040422
|move|p2b: Delphox|Psychic|p1b: Raichu
|-damage|p1b: Raichu|28/100
|move|p1b: Raichu|Focus Blast|p2a: Kingambit
|-supereffective|p2a: Kingambit|2
|-enditem|p2a: Kingambit|Chople Berry|[eat]
|-enditem|p2a: Kingambit|Chople Berry|[weaken]
|-damage|p2a: Kingambit|24/100 slp
|move|p1a: Milotic|Muddy Water|p2a: Kingambit|[spread] p2a,p2b
|-supereffective|p2b: Delphox|1
|-end|p2b: Delphox|Substitute
|-damage|p2a: Kingambit|5/100 slp
|cant|p2a: Kingambit|slp
|
|upkeep
|turn|4
|inactive|xDesert98 has 30 seconds left.
|inactive|xDesert98 has 20 seconds left.
|
|t:|1786040461
|move|p1b: Raichu|Protect|p1b: Raichu
|-singleturn|p1b: Raichu|Protect
|-curestatus|p2a: Kingambit|slp|[msg]
|move|p2a: Kingambit|Sucker Punch|p1a: Milotic
|-damage|p1a: Milotic|77/100
|move|p2b: Delphox|Substitute|p2b: Delphox
|-start|p2b: Delphox|Substitute
|-damage|p2b: Delphox|50/100g
|move|p1a: Milotic|Muddy Water|p2b: Delphox|[spread] p2a,p2b
|-supereffective|p2b: Delphox|1
|-end|p2b: Delphox|Substitute
|-damage|p2a: Kingambit|0 fnt
|faint|p2a: Kingambit
|
|-heal|p1a: Milotic|83/100|[from] item: Leftovers
|upkeep
|
|t:|1786040483
|switch|p2a: Garchomp|Garchomp, L50, M|100/100
|turn|5
|inactive|xDesert98 has 30 seconds left.
|inactive|xDesert98 has 20 seconds left.
|inactive|xDesert98 has 15 seconds left.
|
|t:|1786040527
|switch|p1b: Incineroar|Incineroar, L50, M|100/100
|-ability|p1b: Incineroar|Intimidate|boost
|-unboost|p2a: Garchomp|atk|1
|-unboost|p2b: Delphox|atk|1
|move|p2b: Delphox|Protect|p2b: Delphox
|-singleturn|p2b: Delphox|Protect
|move|p2a: Garchomp|Earthquake|p1b: Incineroar|[spread] p1a,p1b
|-activate|p2b: Delphox|move: Protect
|-supereffective|p1b: Incineroar|1
|-damage|p1a: Milotic|63/100
|-damage|p1b: Incineroar|53/100
|-damage|p2a: Garchomp|90/100|[from] item: Life Orb
|move|p1a: Milotic|Muddy Water|p2b: Delphox|[spread] p2a
|-activate|p2b: Delphox|move: Protect
|-damage|p2a: Garchomp|62/100
|
|-heal|p1a: Milotic|69/100|[from] item: Leftovers
|upkeep
|turn|6
|inactive|Gastrosophilipp has 30 seconds left.
|inactive|xDesert98 has 30 seconds left.
|inactive|xDesert98 has 20 seconds left.
|inactive|xDesert98 has 15 seconds left.
|inactive|xDesert98 has 10 seconds left.
|
|t:|1786040576
|move|p1b: Incineroar|Fake Out|p2b: Delphox
|-damage|p2b: Delphox|38/100
|cant|p2b: Delphox|flinch
|move|p2a: Garchomp|Earthquake|p1a: Milotic|[spread] p1a,p1b
|-immune|p2b: Delphox|[from] ability: Levitate
|-supereffective|p1b: Incineroar|1
|-damage|p1a: Milotic|50/100y
|-damage|p1b: Incineroar|6/100
|-enditem|p1b: Incineroar|Sitrus Berry|[eat]
|-heal|p1b: Incineroar|31/100|[from] item: Sitrus Berry
|-damage|p2a: Garchomp|52/100|[from] item: Life Orb
|move|p1a: Milotic|Muddy Water|p2a: Garchomp|[spread] p2a,p2b
|-supereffective|p2b: Delphox|1
|-damage|p2a: Garchomp|28/100
|-damage|p2b: Delphox|0 fnt
|-unboost|p2a: Garchomp|accuracy|1
|faint|p2b: Delphox
|
|-heal|p1a: Milotic|55/100|[from] item: Leftovers
|upkeep
|
|t:|1786040589
|switch|p2b: Glimmora|Glimmora, L50, M|100/100
|turn|7
|inactive|Gastrosophilipp has 30 seconds left.
|inactive|Gastrosophilipp has 20 seconds left.
|
|t:|1786040625
|switch|p1b: Ceruledge|Ceruledge, L50, M|100/100
|move|p1a: Milotic|Protect|p1a: Milotic
|-singleturn|p1a: Milotic|Protect
|move|p2a: Garchomp|Dragon Claw|p1b: Ceruledge
|-damage|p1b: Ceruledge|58/100
|-damage|p2a: Garchomp|19/100|[from] item: Life Orb
|move|p2b: Glimmora|Sludge Bomb|p1a: Milotic
|-activate|p1a: Milotic|move: Protect
|
|-heal|p1a: Milotic|61/100|[from] item: Leftovers
|upkeep
|turn|8
|inactive|Gastrosophilipp has 30 seconds left.
|inactive|xDesert98 has 30 seconds left.
|inactive|Gastrosophilipp has 20 seconds left.
|inactive|xDesert98 has 20 seconds left.
|inactive|xDesert98 has 15 seconds left.
|
|t:|1786040666
|switch|p1b: Incineroar|Incineroar, L50, M|31/100
|-ability|p1b: Incineroar|Intimidate|boost
|-unboost|p2a: Garchomp|atk|1
|-unboost|p2b: Glimmora|atk|1
|move|p2a: Garchomp|Rock Slide|p1b: Incineroar|[spread] p1b
|-miss|p2a: Garchomp|p1a: Milotic
|-supereffective|p1b: Incineroar|1
|-damage|p1b: Incineroar|10/100
|-damage|p2a: Garchomp|9/100|[from] item: Life Orb
|move|p2b: Glimmora|Sludge Bomb|p1a: Milotic
|-damage|p1a: Milotic|31/100
|move|p1a: Milotic|Muddy Water|p2a: Garchomp|[spread] p2a,p2b
|-supereffective|p2b: Glimmora|1
|-damage|p2a: Garchomp|0 fnt
|-damage|p2b: Glimmora|35/100
|faint|p2a: Garchomp
|
|-heal|p1a: Milotic|37/100|[from] item: Leftovers
|upkeep
|turn|9
|
|t:|1786040687
|move|p2b: Glimmora|Spiky Shield|p2b: Glimmora
|-singleturn|p2b: Glimmora|move: Protect
|move|p1b: Incineroar|Fake Out|p2b: Glimmora
|-activate|p2b: Glimmora|move: Protect
|-damage|p1b: Incineroar|0 fnt|[from] Spiky Shield|[of] p2b: Glimmora
|faint|p1b: Incineroar
|move|p1a: Milotic|Muddy Water|p2b: Glimmora
|-activate|p2b: Glimmora|move: Protect
|
|-heal|p1a: Milotic|43/100|[from] item: Leftovers
|upkeep
|
|t:|1786040697
|switch|p1b: Raichu|Raichu-Mega-Y, L50, M|28/100
|turn|10
|
|t:|1786040704
|move|p1b: Raichu|Zap Cannon|p2b: Glimmora
|-damage|p2b: Glimmora|0 fnt
|faint|p2b: Glimmora
|
|win|Gastrosophilipp
||Gastrosophilipp is ready for game 2.
|inactive|xDesert98 has 30 seconds to confirm battle start!
||xDesert98 is ready for game 2.
|uhtml|next|Next: Game 2 of 3
