|j|☆Zapdouilleur
|j|☆Dutchum
|html|ZapdouilleurDutchum    
|uhtml|bestof|Game 2 of a best-of-3
|t:|1782241889
|gametype|doubles
|player|p1|Zapdouilleur|crasherwake|
|player|p2|Dutchum|265|
|gen|9
|tier|[Gen 9 Champions] VGC 2026 Reg M-B (Bo3)
|rule|Species Clause: Limit one of each Pokémon
|rule|Item Clause: Limit 1 of each item
|clearpoke
|poke|p1|Sceptile, L50, M|
|poke|p1|Rotom-Heat, L50|
|poke|p1|Aerodactyl, L50, F|
|poke|p1|Garchomp, L50, M|
|poke|p1|Metagross, L50|
|poke|p1|Sinistcha, L50|
|poke|p2|Sylveon, L50, F|
|poke|p2|Aerodactyl, L50, F|
|poke|p2|Basculegion, L50, M|
|poke|p2|Kingambit, L50, M|
|poke|p2|Garchomp, L50, F|
|poke|p2|Charizard, L50, F|
|teampreview|4
|showteam|p1|Sceptile||Sceptilite|Overgrow|DragonPulse,EarthPower,Detect,EnergyBall|Timid||M|||50|]Rotom-Heat||ChoiceScarf|Levitate|Overheat,Discharge,Trick,Thunderbolt|Timid|||||50|]Aerodactyl||FocusSash|Unnerve|RockSlide,DualWingbeat,Protect,Tailwind|Jolly||F|||50|]Garchomp||LifeOrb|RoughSkin|Earthquake,DragonClaw,RockSlide,Protect|Jolly||M|||50|]Metagross||Metagrossite|ClearBody|Protect,IronHead,PsychicFangs,BulletPunch|Jolly|||||50|]Sinistcha||SitrusBerry|Hospitality|TrickRoom,MatchaGotcha,RagePowder,LifeDew|Calm|||||50|
|showteam|p2|Sylveon||FairyFeather|Pixilate|HyperVoice,HyperBeam,QuickAttack,Detect|Modest||F|||50|]Aerodactyl||Aerodactylite|Unnerve|RockSlide,DualWingbeat,Tailwind,WideGuard|Jolly||F|||50|]Basculegion||FocusSash|Adaptability|Liquidation,LastRespects,AquaJet,Protect|Jolly||M|||50|]Kingambit||ChopleBerry|Defiant|KowtowCleave,SuckerPunch,IronHead,LowKick|Adamant||M|||50|]Garchomp||ChoiceScarf|RoughSkin|Earthquake,StompingTantrum,DragonClaw,RockTomb|Adamant||F|||50|]Charizard||CharizarditeY|Blaze|HeatWave,WeatherBall,SolarBeam,Protect|Modest||F|||50|
|inactive|Battle timer is ON: inactive players will automatically lose when time's up. (requested by Dutchum)
|j| ZawwYT
|inactiveoff|Battle timer is now OFF.
|
|t:|1782241929
|teamsize|p1|4
|teamsize|p2|4
|start
|switch|p1a: Garchomp|Garchomp, L50, M|100/100
|switch|p1b: Sinistcha|Sinistcha, L50|100/100
|switch|p2a: Charizard|Charizard, L50, F|100/100
|switch|p2b: Garchomp|Garchomp, L50, F|100/100
|turn|1
|
|t:|1782241946
|move|p2a: Charizard|Protect|p2a: Charizard
|-singleturn|p2a: Charizard|Protect
|move|p1b: Sinistcha|Rage Powder|p1b: Sinistcha
|-singleturn|p1b: Sinistcha|move: Rage Powder
|move|p2b: Garchomp|Dragon Claw|p1b: Sinistcha
|-damage|p1b: Sinistcha|56/100
|move|p1a: Garchomp|Dragon Claw|p2b: Garchomp
|-supereffective|p2b: Garchomp|1
|-damage|p2b: Garchomp|0 fnt
|-damage|p1a: Garchomp|87/100|[from] ability: Rough Skin|[of] p2b: Garchomp
|faint|p2b: Garchomp
|-damage|p1a: Garchomp|77/100|[from] item: Life Orb
|
|upkeep
|
|t:|1782241971
|switch|p2b: Basculegion|Basculegion, L50, M|100/100
|turn|2
|
|t:|1782241990
|switch|p2a: Kingambit|Kingambit, L50, M|100/100
|move|p1a: Garchomp|Rock Slide|p2b: Basculegion|[spread] p2a,p2b
|-resisted|p2a: Kingambit|1
|-damage|p2a: Kingambit|90/100
|-damage|p2b: Basculegion|65/100
|-damage|p1a: Garchomp|68/100|[from] item: Life Orb
|move|p2b: Basculegion|Last Respects|p1b: Sinistcha
|-supereffective|p1b: Sinistcha|1
|-damage|p1b: Sinistcha|0 fnt
|faint|p1b: Sinistcha
|
|upkeep
|
|t:|1782242009
|switch|p1b: Rotom|Rotom-Heat, L50|100/100
|turn|3
|
|t:|1782242039
|move|p2b: Basculegion|Protect|p2b: Basculegion
|-singleturn|p2b: Basculegion|Protect
|move|p2a: Kingambit|Sucker Punch|p1a: Garchomp
|-damage|p1a: Garchomp|29/100
|-damage|p2a: Kingambit|78/100|[from] ability: Rough Skin|[of] p1a: Garchomp
|move|p1b: Rotom|Trick|p2b: Basculegion
|-activate|p2b: Basculegion|move: Protect
|move|p1a: Garchomp|Earthquake|p2b: Basculegion|[spread] p2a
|-activate|p2b: Basculegion|move: Protect
|-immune|p1b: Rotom|[from] ability: Levitate
|-supereffective|p2a: Kingambit|1
|-damage|p2a: Kingambit|5/100
|-damage|p1a: Garchomp|19/100|[from] item: Life Orb
|
|upkeep
|turn|4
|
|t:|1782242074
|move|p1a: Garchomp|Protect|p1a: Garchomp
|-singleturn|p1a: Garchomp|Protect
|move|p2a: Kingambit|Sucker Punch||[still]
|-fail|p2a: Kingambit
|move|p1b: Rotom|Trick|p2b: Basculegion
|-activate|p1b: Rotom|move: Trick|[of] p2b: Basculegion
|-item|p2b: Basculegion|Choice Scarf|[from] move: Trick
|-item|p1b: Rotom|Focus Sash|[from] move: Trick
|move|p2b: Basculegion|Last Respects|p1b: Rotom
|-damage|p1b: Rotom|13/100
|
|upkeep
|turn|5
|
|t:|1782242098
|move|p2a: Kingambit|Sucker Punch|p1b: Rotom
|-damage|p1b: Rotom|0 fnt
|faint|p1b: Rotom
|move|p2b: Basculegion|Last Respects|p1a: Garchomp
|-damage|p1a: Garchomp|0 fnt
|faint|p1a: Garchomp
|
|upkeep
|
|t:|1782242106
|switch|p1b: Sceptile|Sceptile, L50, M|100/100
|turn|6
|
|t:|1782242132
|detailschange|p1b: Sceptile|Sceptile-Mega, L50, M
|-mega|p1b: Sceptile|Sceptile|Sceptilite
|move|p2a: Kingambit|Sucker Punch|p1b: Sceptile
|-damage|p1b: Sceptile|42/100
|move|p1b: Sceptile|Energy Ball|p2b: Basculegion
|-supereffective|p2b: Basculegion|1
|-damage|p2b: Basculegion|0 fnt
|faint|p2b: Basculegion
|
|upkeep
|
|t:|1782242138
|switch|p2b: Charizard|Charizard, L50, F|100/100
|turn|7
|j| lepoulet36
|
|t:|1782242141
|detailschange|p2b: Charizard|Charizard-Mega-Y, L50, F
|-mega|p2b: Charizard|Charizard|Charizardite Y
|-weather|SunnyDay|[from] ability: Drought|[of] p2b: Charizard
|move|p1b: Sceptile|Detect|p1b: Sceptile
|-singleturn|p1b: Sceptile|Protect
|move|p2a: Kingambit|Sucker Punch||[still]
|-fail|p2a: Kingambit
|move|p2b: Charizard|Weather Ball|p1b: Sceptile
|-activate|p1b: Sceptile|move: Protect
|
|-weather|SunnyDay|[upkeep]
|upkeep
|turn|8
|c|☆Zapdouilleur|Gg
|
|t:|1782242151
|move|p2a: Kingambit|Sucker Punch|p1b: Sceptile
|-damage|p1b: Sceptile|0 fnt
|faint|p1b: Sceptile
|
|win|Dutchum
|c|☆Dutchum|ggs
|l|☆Zapdouilleur
|player|p1|
|l| lepoulet36
