|j|☆balance bro
|j|☆HalcyonJon
|html|balance broHalcyonJon    
|uhtml|bestof|Game 3 of a best-of-3
|t:|1757647816
|gametype|doubles
|player|p1|balance bro|buck|1131
|player|p2|HalcyonJon|pokemonbreeder|1165
|gen|9
|tier|[Gen 9] VGC 2025 Reg H (Bo3)
|rated|
|rule|Species Clause: Limit one of each Pokémon
|rule|Item Clause: Limit 1 of each item
|clearpoke
|poke|p1|Porygon2, L50|
|poke|p1|Hydreigon, L50, M|
|poke|p1|Incineroar, L50, M|
|poke|p1|Garchomp, L50, F|
|poke|p1|Amoonguss, L50, M|
|poke|p1|Gholdengo, L50|
|poke|p2|Espeon, L50, M|
|poke|p2|Indeedee-F, L50, F|
|poke|p2|Glimmora, L50, M|
|poke|p2|Primarina, L50, F|
|poke|p2|Braviary, L50, M|
|poke|p2|Tyranitar, L50, F|
|teampreview|4
|showteam|p1|Porygon2||Eviolite|Download|TeraBlast,IceBeam,TrickRoom,Recover||||||50|,,,,,Fighting]Hydreigon||SafetyGoggles|Levitate|Snarl,DracoMeteor,Tailwind,Protect|||M|||50|,,,,,Ghost]Incineroar||SitrusBerry|Intimidate|FlareBlitz,KnockOff,PartingShot,FakeOut|||M|||50|,,,,,Grass]Garchomp||LoadedDice|RoughSkin|ScaleShot,Earthquake,StompingTantrum,Protect|||F|||50|,,,,,Fire]Amoonguss||CovertCloak|Regenerator|PollenPuff,Spore,RagePowder,Protect|||M|||50|,,,,,Fire]Gholdengo||MetalCoat|GoodasGold|MakeItRain,ShadowBall,NastyPlot,Protect||||||50|,,,,,Flying
|showteam|p2|Espeon||FocusSash|MagicBounce|ExpandingForce,TeraBlast,SkillSwap,Detect|||M|||50|,,,,,Ground]Indeedee-F||RockyHelmet|PsychicSurge|Psychic,FollowMe,HelpingHand,TrickRoom|||F|||50|,,,,,Fairy]Glimmora||PowerHerb|ToxicDebris|SludgeBomb,MeteorBeam,StealthRock,SpikyShield|||M|||50|,,,,,Grass]Primarina||SafetyGoggles|LiquidVoice|HyperVoice,Moonblast,Haze,Protect|||F|||50|,,,,,Steel]Braviary||SitrusBerry|Defiant|BraveBird,CloseCombat,Tailwind,Protect|||M|||50|,,,,,Fighting]Tyranitar||AssaultVest|SandStream|KnockOff,RockSlide,TeraBlast,BreakingSwipe|||F|||50|,,,,,Flying
|
|t:|1757647869
|teamsize|p1|4
|teamsize|p2|4
|start
|switch|p1a: Incineroar|Incineroar, L50, M, shiny|100/100
|switch|p1b: Porygon2|Porygon2, L50, shiny|100/100
|switch|p2a: Primarina|Primarina, L50, F|100/100
|switch|p2b: Indeedee|Indeedee-F, L50, F|100/100
|-ability|p1a: Incineroar|Intimidate|boost
|-unboost|p2a: Primarina|atk|1
|-unboost|p2b: Indeedee|atk|1
|-fieldstart|move: Psychic Terrain|[from] ability: Psychic Surge|[of] p2b: Indeedee
|-ability|p1b: Porygon2|Download|boost
|-boost|p1b: Porygon2|atk|1
|turn|1
|
|t:|1757647908
|move|p2b: Indeedee|Helping Hand|p2a: Primarina
|-singleturn|p2a: Primarina|Helping Hand|[of] p2b: Indeedee
|move|p1a: Incineroar|Parting Shot|p2a: Primarina
|-unboost|p2a: Primarina|atk|1
|-unboost|p2a: Primarina|spa|1
|
|t:|1757647913
|switch|p1a: Amoonguss|Amoonguss, L50, M, shiny|100/100|[from] Parting Shot
|move|p1b: Porygon2|Tera Blast|p2b: Indeedee
|-damage|p2b: Indeedee|68/100
|move|p2a: Primarina|Hyper Voice|p1b: Porygon2|[spread] p1a,p1b
|-resisted|p1a: Amoonguss
|-damage|p1a: Amoonguss|85/100
|-damage|p1b: Porygon2|78/100
|
|upkeep
|turn|2
|
|t:|1757647940
|switch|p2b: Espeon|Espeon, L50, M|100/100
|switch|p1b: Gholdengo|Gholdengo, L50|100/100
|move|p2a: Primarina|Haze|p2a: Primarina
|-clearallboost
|move|p1a: Amoonguss|Spore|p2b: Espeon
|move|p2b: Espeon|Spore|p1a: Amoonguss|[from] ability: Magic Bounce
|-immune|p1a: Amoonguss
|
|upkeep
|turn|3
|
|t:|1757647967
|switch|p1a: Porygon2|Porygon2, L50, shiny|78/100
|-ability|p1a: Porygon2|Download|boost
|-boost|p1a: Porygon2|atk|1
|move|p2b: Espeon|Expanding Force|p1b: Gholdengo|[spread] p1a,p1b
|-resisted|p1b: Gholdengo
|-damage|p1a: Porygon2|40/100
|-damage|p1b: Gholdengo|72/100
|move|p1b: Gholdengo|Make It Rain|p2a: Primarina|[spread] p2a,p2b
|-damage|p2a: Primarina|51/100
|-damage|p2b: Espeon|20/100
|-unboost|p1b: Gholdengo|spa|1
|move|p2a: Primarina|Hyper Voice|p1b: Gholdengo|[spread] p1a,p1b
|-damage|p1a: Porygon2|16/100
|-damage|p1b: Gholdengo|37/100
|
|upkeep
|turn|4
|
|t:|1757647998
|switch|p1a: Incineroar|Incineroar, L50, M, shiny|100/100
|-ability|p1a: Incineroar|Intimidate|boost
|-unboost|p2a: Primarina|atk|1
|-unboost|p2b: Espeon|atk|1
|move|p2b: Espeon|Expanding Force|p1a: Incineroar|[spread] p1b
|-immune|p1a: Incineroar
|-resisted|p1b: Gholdengo
|-damage|p1b: Gholdengo|5/100
|move|p1b: Gholdengo|Make It Rain|p2a: Primarina|[spread] p2a,p2b
|-damage|p2a: Primarina|16/100
|-damage|p2b: Espeon|0 fnt
|-unboost|p1b: Gholdengo|spa|1
|faint|p2b: Espeon
|move|p2a: Primarina|Hyper Voice|p1a: Incineroar|[spread] p1a,p1b
|-supereffective|p1a: Incineroar
|-crit|p1a: Incineroar
|-damage|p1a: Incineroar|0 fnt
|-damage|p1b: Gholdengo|0 fnt
|faint|p1a: Incineroar
|faint|p1b: Gholdengo
|
|upkeep
|
|t:|1757648025
|switch|p2b: Tyranitar|Tyranitar, L50, F|100/100
|switch|p1a: Amoonguss|Amoonguss, L50, M, shiny|100/100
|switch|p1b: Porygon2|Porygon2, L50, shiny|16/100
|-weather|Sandstorm|[from] ability: Sand Stream|[of] p2b: Tyranitar
|-ability|p1b: Porygon2|Download|boost
|-boost|p1b: Porygon2|atk|1
|turn|5
|
|t:|1757648058
|-terastallize|p1b: Porygon2|Fighting
|-terastallize|p2b: Tyranitar|Flying
|move|p1b: Porygon2|Recover|p1b: Porygon2
|-heal|p1b: Porygon2|66/100
|move|p2b: Tyranitar|Tera Blast|p1a: Amoonguss|[anim] Tera Blast Flying
|-supereffective|p1a: Amoonguss
|-damage|p1a: Amoonguss|29/100
|move|p2a: Primarina|Hyper Voice|p1a: Amoonguss|[spread] p1a,p1b
|-resisted|p1a: Amoonguss
|-damage|p1a: Amoonguss|14/100
|-damage|p1b: Porygon2|44/100
|move|p1a: Amoonguss|Spore|p2b: Tyranitar
|-status|p2b: Tyranitar|slp|[from] move: Spore
|
|-weather|Sandstorm|[upkeep]
|-damage|p1b: Porygon2|37/100|[from] Sandstorm
|-damage|p2b: Tyranitar|95/100 slp|[from] Sandstorm
|-damage|p1a: Amoonguss|8/100|[from] Sandstorm
|-fieldend|move: Psychic Terrain
|upkeep
|turn|6
|
|t:|1757648084
|switch|p2a: Indeedee|Indeedee-F, L50, F|68/100
|-fieldstart|move: Psychic Terrain|[from] ability: Psychic Surge|[of] p2a: Indeedee
|cant|p2b: Tyranitar|slp
|move|p1b: Porygon2|Tera Blast|p2a: Indeedee|[anim] Tera Blast Fighting
|-damage|p2a: Indeedee|33/100
|move|p1a: Amoonguss|Pollen Puff|p1b: Porygon2
|-heal|p1b: Porygon2|87/100
|
|-weather|Sandstorm|[upkeep]
|-damage|p2a: Indeedee|27/100|[from] Sandstorm
|-damage|p2b: Tyranitar|89/100 slp|[from] Sandstorm
|-damage|p1b: Porygon2|81/100|[from] Sandstorm
|-damage|p1a: Amoonguss|2/100|[from] Sandstorm
|upkeep
|turn|7
|
|t:|1757648112
|move|p1a: Amoonguss|Rage Powder|p1a: Amoonguss
|-singleturn|p1a: Amoonguss|move: Rage Powder
|move|p2a: Indeedee|Psychic|p1a: Amoonguss
|-supereffective|p1a: Amoonguss
|-damage|p1a: Amoonguss|0 fnt
|faint|p1a: Amoonguss
|cant|p2b: Tyranitar|slp
|move|p1b: Porygon2|Tera Blast|p2a: Indeedee|[anim] Tera Blast Fighting
|-damage|p2a: Indeedee|0 fnt
|faint|p2a: Indeedee
|
|-weather|Sandstorm|[upkeep]
|-damage|p2b: Tyranitar|83/100 slp|[from] Sandstorm
|-damage|p1b: Porygon2|75/100|[from] Sandstorm
|upkeep
|
|t:|1757648125
|switch|p2a: Primarina|Primarina, L50, F|16/100
|turn|8
|
|t:|1757648141
|-curestatus|p2b: Tyranitar|slp|[msg]
|move|p2b: Tyranitar|Tera Blast|p1b: Porygon2|[anim] Tera Blast Flying
|-supereffective|p1b: Porygon2
|-damage|p1b: Porygon2|16/100
|move|p1b: Porygon2|Ice Beam|p2b: Tyranitar
|-supereffective|p2b: Tyranitar
|-damage|p2b: Tyranitar|52/100
|move|p2a: Primarina|Moonblast|p1b: Porygon2
|-supereffective|p1b: Porygon2
|-damage|p1b: Porygon2|0 fnt
|faint|p1b: Porygon2
|
|win|HalcyonJon
|raw|balance bro's rating: 1131 → 1108(-23 for losing)
|raw|HalcyonJon's rating: 1165 → 1188(+23 for winning)
