|j|☆G for gall
|j|☆hackervgc
|html|G for gallhackervgc    
|uhtml|bestof|Game 2 of a best-of-3
|t:|1784058441
|gametype|doubles
|player|p1|G for gall|102|1140
|player|p2|hackervgc|ingo|1224
|gen|9
|tier|[Gen 9 Champions] VGC 2026 Reg M-B (Bo3)
|rated|
|rule|Species Clause: Limit one of each Pokémon
|rule|Item Clause: Limit 1 of each item
|clearpoke
|poke|p1|Metagross, L50|
|poke|p1|Sneasler, L50, M|
|poke|p1|Hydreigon, L50, M|
|poke|p1|Armarouge, L50, M|
|poke|p1|Maushold, L50|
|poke|p1|Eelektross, L50, M|
|poke|p2|Farigiraf, L50, F|
|poke|p2|Gholdengo, L50|
|poke|p2|Primarina, L50, M|
|poke|p2|Blaziken, L50, M|
|poke|p2|Whimsicott, L50, F|
|poke|p2|Scovillain, L50, F|
|teampreview|4
|showteam|p1|Metagross||Metagrossite|ClearBody|MeteorMash,PsychicFangs,BodyPress,Protect|Jolly|||||50|]Sneasler||FocusSash|Unburden|FakeOut,CloseCombat,DireClaw,QuickGuard|Jolly||M|||50|]Hydreigon||ChoiceScarf|Levitate|DarkPulse,DracoMeteor,HeatWave,Uturn|Modest||M|||50|]Armarouge||ColburBerry|FlashFire|ArmorCannon,Psychic,TrickRoom,Protect|Quiet||M|||50|]Maushold||SitrusBerry|FriendGuard|FollowMe,SuperFang,SunnyDay,Taunt|Impish|||||50|]Eelektross||Eelektrossite|Levitate|Thunderbolt,GigaDrain,Discharge,Protect|Modest||M|||50|
|showteam|p2|Farigiraf||SitrusBerry|ArmorTail|Psychic,TrickRoom,HelpingHand,Protect|Bold||F|||50|]Gholdengo||MetalCoat|GoodasGold|MakeItRain,ShadowBall,NastyPlot,Protect|Modest|||||50|]Primarina||LifeOrb|LiquidVoice|HyperVoice,Moonblast,Protect,ShadowBall|Modest||M|||50|]Blaziken||Blazikenite|SpeedBoost|CloseCombat,FlareBlitz,RockSlide,Protect|Adamant||M|||50|]Whimsicott||FocusSash|Prankster|Moonblast,Tailwind,Encore,Protect|Timid||F|||50|]Scovillain||Scovillainite|Moody|Overheat,RagePowder,GigaDrain,Protect|Calm||F|||50|
|
|t:|1784058485
|teamsize|p1|4
|teamsize|p2|4
|start
|switch|p1a: Armarouge|Armarouge, L50, M|100/100
|switch|p1b: Maushold|Maushold, L50|100/100
|switch|p2a: Primarina|Primarina, L50, M|100/100
|switch|p2b: Scovillain|Scovillain, L50, F|100/100
|turn|1
|
|t:|1784058525
|detailschange|p2b: Scovillain|Scovillain-Mega, L50, F
|-mega|p2b: Scovillain|Scovillain|Scovillainite
|move|p2b: Scovillain|Rage Powder|p2b: Scovillain
|-singleturn|p2b: Scovillain|move: Rage Powder
|move|p1b: Maushold|Super Fang|p2b: Scovillain
|-damage|p2b: Scovillain|50/100y
|-status|p1b: Maushold|brn|[from] ability: Spicy Spray|[of] p2b: Scovillain
|move|p1a: Armarouge|Armor Cannon|p2b: Scovillain
|-damage|p2b: Scovillain|0 fnt
|-unboost|p1a: Armarouge|def|1
|-unboost|p1a: Armarouge|spd|1
|-immune|p1a: Armarouge
|faint|p2b: Scovillain
|move|p2a: Primarina|Hyper Voice|p1a: Armarouge|[spread] p1a,p1b
|-supereffective|p1a: Armarouge|1
|-damage|p1a: Armarouge|0 fnt
|-damage|p1b: Maushold|44/100 brn
|-enditem|p1b: Maushold|Sitrus Berry|[eat]
|-heal|p1b: Maushold|69/100 brn|[from] item: Sitrus Berry
|faint|p1a: Armarouge
|-damage|p2a: Primarina|90/100|[from] item: Life Orb
|
|-damage|p1b: Maushold|62/100 brn|[from] brn
|upkeep
|
|t:|1784058541
|switch|p2b: Gholdengo|Gholdengo, L50|100/100
|switch|p1a: Eelektross|Eelektross, L50, M|100/100
|turn|2
|
|t:|1784058558
|switch|p2a: Whimsicott|Whimsicott, L50, F|100/100
|detailschange|p1a: Eelektross|Eelektross-Mega, L50, M
|-mega|p1a: Eelektross|Eelektross|Eelektrossite
|move|p1b: Maushold|Taunt|p2b: Gholdengo
|-immune|p2b: Gholdengo|[from] ability: Good as Gold
|move|p2b: Gholdengo|Nasty Plot|p2b: Gholdengo
|-boost|p2b: Gholdengo|spa|2
|move|p1a: Eelektross|Thunderbolt|p2b: Gholdengo
|-damage|p2b: Gholdengo|50/100g
|
|-damage|p1b: Maushold|56/100 brn|[from] brn
|upkeep
|turn|3
|
|t:|1784058588
|move|p2b: Gholdengo|Protect|p2b: Gholdengo
|-singleturn|p2b: Gholdengo|Protect
|move|p1b: Maushold|Follow Me|p1b: Maushold
|-singleturn|p1b: Maushold|move: Follow Me
|move|p2a: Whimsicott|Moonblast|p1b: Maushold
|-damage|p1b: Maushold|8/100 brn
|move|p1a: Eelektross|Thunderbolt|p2b: Gholdengo
|-activate|p2b: Gholdengo|move: Protect
|
|-damage|p1b: Maushold|2/100 brn|[from] brn
|upkeep
|turn|4
|
|t:|1784058598
|move|p1b: Maushold|Follow Me|p1b: Maushold
|-singleturn|p1b: Maushold|move: Follow Me
|move|p2a: Whimsicott|Moonblast|p1b: Maushold
|-damage|p1b: Maushold|0 fnt
|faint|p1b: Maushold
|move|p2b: Gholdengo|Shadow Ball|p1a: Eelektross
|-damage|p1a: Eelektross|18/100
|move|p1a: Eelektross|Thunderbolt|p2b: Gholdengo
|-damage|p2b: Gholdengo|0 fnt
|faint|p2b: Gholdengo
|-ability|p1a: Eelektross|Eelevate|boost
|-boost|p1a: Eelektross|spa|1
|
|upkeep
|
|t:|1784058607
|switch|p1b: Hydreigon|Hydreigon, L50, M|100/100
|switch|p2b: Primarina|Primarina, L50, M|90/100
|turn|5
|
|t:|1784058629
|move|p2a: Whimsicott|Tailwind|p2a: Whimsicott
|-sidestart|p2: hackervgc|move: Tailwind
|move|p1b: Hydreigon|Dark Pulse|p2b: Primarina
|-resisted|p2b: Primarina|1
|-damage|p2b: Primarina|72/100
|move|p2b: Primarina|Hyper Voice|p1b: Hydreigon|[spread] p1a,p1b
|-resisted|p1b: Hydreigon|1
|-damage|p1a: Eelektross|0 fnt
|-damage|p1b: Hydreigon|71/100
|faint|p1a: Eelektross
|-damage|p2b: Primarina|62/100|[from] item: Life Orb
|
|upkeep
|turn|6
|-message|G for gall forfeited.
|
|win|hackervgc
|raw|G for gall's rating: 1140 → 1121(-19 for losing)
|raw|hackervgc's rating: 1224 → 1243(+19 for winning)
|l|☆G for gall
|player|p1|
