|j|☆NemoAK
|j|☆TeyVgc
|html|NemoAKTeyVgc    
|uhtml|bestof|Game 2 of a best-of-3
|t:|1756958444
|gametype|doubles
|player|p1|NemoAK|266|1167
|player|p2|TeyVgc|benga|1276
|gen|9
|tier|[Gen 9] VGC 2025 Reg H (Bo3)
|rated|
|rule|Species Clause: Limit one of each Pokémon
|rule|Item Clause: Limit 1 of each item
|clearpoke
|poke|p1|Armarouge, L50, M|
|poke|p1|Garchomp, L50, M|
|poke|p1|Indeedee-F, L50, F|
|poke|p1|Murkrow, L50, M|
|poke|p1|Kingdra, L50, M|
|poke|p1|Torkoal, L50, F|
|poke|p2|Gholdengo, L50|
|poke|p2|Dragonite, L50, F|
|poke|p2|Sneasler, L50, M|
|poke|p2|Incineroar, L50, F|
|poke|p2|Indeedee, L50, M|
|poke|p2|Gastrodon, L50, M|
|teampreview|4
|showteam|p1|Armarouge||PowerHerb|FlashFire|ExpandingForce,ArmorCannon,MeteorBeam,TrickRoom|||M|||50|,,,,,Bug]Garchomp||LifeOrb|RoughSkin|BreakingSwipe,Protect,StompingTantrum,Earthquake|||M|||50|,,,,,Fairy]Indeedee-F||PsychicSeed|PsychicSurge|Psychic,TrickRoom,HelpingHand,FollowMe|||F|||50|,,,,,Fairy]Murkrow||Eviolite|Prankster|FoulPlay,RainDance,Haze,Tailwind|||M|||50|,,,,,Ghost]Kingdra||MysticWater|SwiftSwim|WeatherBall,DracoMeteor,MuddyWater,Protect|||M|||50|,,,,,Water]Torkoal||CovertCloak|Drought|Eruption,HeatWave,EarthPower,Protect|||F|||50|,,,,,Fire
|showteam|p2|Gholdengo||LifeOrb|GoodasGold|Protect,MakeItRain,ShadowBall,NastyPlot||||||50|,,,,,Water]Dragonite||LoadedDice|Multiscale|ScaleShot,Tailwind,Haze,Protect|||F|||50|,,,,,Fairy]Sneasler||PsychicSeed|Unburden|Protect,DireClaw,CloseCombat,ThroatChop|||M|||50|,,,,,Dark]Incineroar||SafetyGoggles|Intimidate|KnockOff,PartingShot,FlareBlitz,FakeOut|||F|||50|,,,,,Ghost]Indeedee||FocusSash|PsychicSurge|ExpandingForce,TrickRoom,Imprison,TeraBlast|||M|||50|,,,,,Fighting]Gastrodon||Leftovers|StormDrain|EarthPower,Yawn,Recover,IceBeam|||M|||50|,,,,,Poison
|inactive|Battle timer is ON: inactive players will automatically lose when time's up. (requested by NemoAK)
|inactive|TeyVgc has 60 seconds left.
|
|t:|1756958476
|teamsize|p1|4
|teamsize|p2|4
|start
|switch|p1a: Murkrow|Murkrow, L50, M|100/100
|switch|p1b: Garchomp|Garchomp, L50, M|100/100
|switch|p2a: Sneasler|Sneasler, L50, M|100/100
|switch|p2b: Indeedee|Indeedee, L50, M|100/100
|-fieldstart|move: Psychic Terrain|[from] ability: Psychic Surge|[of] p2b: Indeedee
|-enditem|p2a: Sneasler|Psychic Seed
|-boost|p2a: Sneasler|spd|1|[from] item: Psychic Seed
|turn|1
|inactive|TeyVgc has 30 seconds left.
|
|t:|1756958507
|switch|p2a: Gastrodon|Gastrodon, L50, M|100/100
|move|p1a: Murkrow|Rain Dance|p1a: Murkrow
|-weather|RainDance
|move|p1b: Garchomp|Earthquake|p2a: Gastrodon|[spread] p2a,p2b
|-immune|p1a: Murkrow
|-damage|p2a: Gastrodon|50/100
|-enditem|p2b: Indeedee|Focus Sash
|-damage|p2b: Indeedee|1/100
|-damage|p1b: Garchomp|91/100|[from] item: Life Orb
|move|p2b: Indeedee|Trick Room|p2b: Indeedee
|-fieldstart|move: Trick Room|[of] p2b: Indeedee
|
|-weather|RainDance|[upkeep]
|-heal|p2a: Gastrodon|56/100|[from] item: Leftovers
|upkeep
|turn|2
|inactive|TeyVgc has 30 seconds left.
|inactive|TeyVgc has 20 seconds left.
|inactive|TeyVgc has 15 seconds left.
|inactive|TeyVgc has 10 seconds left.
|
|t:|1756958554
|-terastallize|p1b: Garchomp|Fairy
|move|p2a: Gastrodon|Ice Beam|p1b: Garchomp
|-damage|p1b: Garchomp|67/100
|move|p1a: Murkrow|Foul Play|p2a: Gastrodon
|-damage|p2a: Gastrodon|33/100
|move|p2b: Indeedee|Expanding Force|p1a: Murkrow|[spread] p1b
|-immune|p1a: Murkrow
|-damage|p1b: Garchomp|12/100
|move|p1b: Garchomp|Earthquake|p2a: Gastrodon|[spread] p2a,p2b
|-immune|p1a: Murkrow
|-damage|p2a: Gastrodon|0 fnt
|-damage|p2b: Indeedee|0 fnt
|faint|p2a: Gastrodon
|faint|p2b: Indeedee
|-damage|p1b: Garchomp|2/100|[from] item: Life Orb
|
|-weather|RainDance|[upkeep]
|upkeep
|
|t:|1756958563
|switch|p2a: Sneasler|Sneasler, L50, M|100/100
|switch|p2b: Incineroar|Incineroar, L50, F|100/100
|-ability|p2b: Incineroar|Intimidate|boost
|-unboost|p1a: Murkrow|atk|1
|-unboost|p1b: Garchomp|atk|1
|turn|3
|
|t:|1756958581
|-terastallize|p2a: Sneasler|Dark
|move|p2b: Incineroar|Knock Off|p1b: Garchomp
|-resisted|p1b: Garchomp
|-damage|p1b: Garchomp|0 fnt
|-damage|p2b: Incineroar|88/100|[from] ability: Rough Skin|[of] p1b: Garchomp
|-enditem|p1b: Garchomp|Life Orb|[from] move: Knock Off|[of] p2b: Incineroar
|faint|p1b: Garchomp
|move|p1a: Murkrow|Foul Play|p2a: Sneasler
|-resisted|p2a: Sneasler
|-damage|p2a: Sneasler|56/100
|move|p2a: Sneasler|Dire Claw|p1a: Murkrow
|-damage|p1a: Murkrow|49/100
|-status|p1a: Murkrow|slp
|
|-weather|RainDance|[upkeep]
|upkeep
|
|t:|1756958597
|switch|p1b: Armarouge|Armarouge, L50, M|100/100
|turn|4
|
|t:|1756958611
|move|p2a: Sneasler|Protect|p2a: Sneasler
|-singleturn|p2a: Sneasler|Protect
|move|p1b: Armarouge|Meteor Beam||[still]
|-prepare|p1b: Armarouge|Meteor Beam
|-boost|p1b: Armarouge|spa|1
|-enditem|p1b: Armarouge|Power Herb
|-anim|p1b: Armarouge|Meteor Beam|p2b: Incineroar
|-supereffective|p2b: Incineroar
|-damage|p2b: Incineroar|0 fnt
|faint|p2b: Incineroar
|cant|p1a: Murkrow|slp
|
|-weather|RainDance|[upkeep]
|upkeep
|turn|5
|-message|TeyVgc forfeited.
|
|win|NemoAK
