|j|☆Schmixed_007
|j|☆Huasometa
|html|Schmixed_007Huasometa    
|uhtml|bestof|Game 2 of a best-of-3
|t:|1784871024
|gametype|doubles
|player|p1|Schmixed_007|102|1281
|player|p2|Huasometa|elesa|1365
|gen|9
|tier|[Gen 9 Champions] VGC 2026 Reg M-B (Bo3)
|rated|
|rule|Species Clause: Limit one of each Pokémon
|rule|Item Clause: Limit 1 of each item
|clearpoke
|poke|p1|Raichu, L50, F|
|poke|p1|Ceruledge, L50, M|
|poke|p1|Kingambit, L50, F|
|poke|p1|Mamoswine, L50, F|
|poke|p1|Sinistcha-Masterpiece, L50|
|poke|p1|Primarina, L50, M|
|poke|p2|Chandelure, L50, F|
|poke|p2|Kangaskhan, L50, F|
|poke|p2|Sylveon, L50, F|
|poke|p2|Archaludon, L50, F|
|poke|p2|Rotom-Wash, L50|
|poke|p2|Meowscarada, L50, F|
|teampreview|4
|showteam|p1|Raichu||RaichuniteY|LightningRod|FakeOut,ZapCannon,FocusBlast,Protect|Timid||F|||50|]Ceruledge||ColburBerry|FlashFire|BulkUp,ShadowSneak,BitterBlade,Protect|Adamant||M|||50|]Kingambit||BlackBelt|Defiant|IronHead,KowtowCleave,SuckerPunch,Protect|Adamant||F|||50|]Mamoswine||LifeOrb|Oblivious|IceShard,IcicleCrash,HighHorsepower,Protect|Jolly||F|||50|]Sinistcha-Masterpiece||SitrusBerry|Hospitality|RagePowder,MatchaGotcha,TrickRoom,Protect|Sassy|||||50|]Primarina||Leftovers|LiquidVoice|HyperVoice,Moonblast,CalmMind,Protect|Modest||M|||50|
|showteam|p2|Chandelure||FocusSash|FlashFire|HeatWave,ShadowBall,TrickRoom,Taunt|Quiet||F|||50|]Kangaskhan||Kangaskhanite|InnerFocus|FakeOut,DoubleEdge,SuckerPunch,HammerArm|Brave||F|||50|]Sylveon||FairyFeather|Pixilate|HyperVoice,Protect,HyperBeam,HelpingHand|Quiet||F|||50|]Archaludon||ExpertBelt|Stamina|AuraSphere,DracoMeteor,FlashCannon,Protect|Quiet||F|||50|]Rotom-Wash||SitrusBerry|Levitate|ThunderWave,VoltSwitch,HydroPump,Protect|Calm|||||50|]Meowscarada||LifeOrb|Protean|KnockOff,FlowerTrick,TripleAxel,Protect|Jolly||F|||50|
|
|t:|1784871048
|teamsize|p1|4
|teamsize|p2|4
|start
|switch|p1a: Raichu|Raichu, L50, F|100/100
|switch|p1b: Ceruledge|Ceruledge, L50, M|100/100
|switch|p2a: Kangaskhan|Kangaskhan, L50, F|100/100
|switch|p2b: Meowscarada|Meowscarada, L50, F|100/100
|turn|1
|
|t:|1784871091
|switch|p2b: Rotom|Rotom-Wash, L50|100/100
|detailschange|p1a: Raichu|Raichu-Mega-Y, L50, F
|-mega|p1a: Raichu|Raichu|Raichunite Y
|detailschange|p2a: Kangaskhan|Kangaskhan-Mega, L50, F
|-mega|p2a: Kangaskhan|Kangaskhan|Kangaskhanite
|move|p1a: Raichu|Fake Out|p2a: Kangaskhan
|-damage|p2a: Kangaskhan|93/100
|cant|p2a: Kangaskhan|flinch
|move|p1b: Ceruledge|Bulk Up|p1b: Ceruledge
|-boost|p1b: Ceruledge|atk|1
|-boost|p1b: Ceruledge|def|1
|
|upkeep
|turn|2
|
|t:|1784871109
|move|p1b: Ceruledge|Shadow Sneak|p2b: Rotom
|-damage|p2b: Rotom|63/100
|move|p1a: Raichu|Zap Cannon|p2b: Rotom
|-damage|p2b: Rotom|11/100
|-enditem|p2b: Rotom|Sitrus Berry|[eat]
|-heal|p2b: Rotom|36/100|[from] item: Sitrus Berry
|move|p2a: Kangaskhan|Double-Edge|p1a: Raichu
|-damage|p1a: Raichu|6/100
|-damage|p1a: Raichu|0 fnt
|faint|p1a: Raichu
|-hitcount|p1: Raichu|2
|-damage|p2a: Kangaskhan|67/100|[from] Recoil
|move|p2b: Rotom|Hydro Pump|p1b: Ceruledge|[miss]
|-miss|p2b: Rotom|p1b: Ceruledge
|
|upkeep
|
|t:|1784871119
|switch|p1a: Sinistcha|Sinistcha-Masterpiece, L50|100/100
|turn|3
|
|t:|1784871144
|switch|p2a: Sylveon|Sylveon, L50, F|100/100
|move|p1a: Sinistcha|Rage Powder|p1a: Sinistcha
|-singleturn|p1a: Sinistcha|move: Rage Powder
|move|p2b: Rotom|Thunder Wave|p1a: Sinistcha
|-status|p1a: Sinistcha|par
|move|p1b: Ceruledge|Bitter Blade|p2b: Rotom
|-resisted|p2b: Rotom|1
|-damage|p2b: Rotom|0 fnt
|faint|p2b: Rotom
|
|upkeep
|
|t:|1784871175
|switch|p2b: Meowscarada|Meowscarada, L50, F|100/100
|turn|4
|
|t:|1784871207
|move|p2b: Meowscarada|Knock Off|p1b: Ceruledge
|-start|p2b: Meowscarada|typechange|Dark|[from] ability: Protean
|-supereffective|p1b: Ceruledge|1
|-enditem|p1b: Ceruledge|Colbur Berry|[eat]
|-enditem|p1b: Ceruledge|Colbur Berry|[weaken]
|-damage|p1b: Ceruledge|58/100
|-damage|p2b: Meowscarada|90/100|[from] item: Life Orb
|move|p1b: Ceruledge|Bitter Blade|p2b: Meowscarada
|-damage|p2b: Meowscarada|0 fnt
|-heal|p1b: Ceruledge|97/100|[from] drain|[of] p2b: Meowscarada
|faint|p2b: Meowscarada
|move|p2a: Sylveon|Hyper Voice|p1b: Ceruledge|[spread] p1a,p1b
|-resisted|p1b: Ceruledge|1
|-damage|p1a: Sinistcha|60/100 par
|-damage|p1b: Ceruledge|73/100
|move|p1a: Sinistcha|Matcha Gotcha|p2a: Sylveon
|-damage|p2a: Sylveon|74/100
|-heal|p1a: Sinistcha|75/100 par|[from] drain|[of] p2a: Sylveon
|-status|p2a: Sylveon|brn
|
|-damage|p2a: Sylveon|68/100 brn|[from] brn
|upkeep
|
|t:|1784871228
|switch|p2b: Kangaskhan|Kangaskhan-Mega, L50, F|67/100
|turn|5
|
|t:|1784871233
|move|p1a: Sinistcha|Rage Powder|p1a: Sinistcha
|-singleturn|p1a: Sinistcha|move: Rage Powder
|move|p2b: Kangaskhan|Double-Edge|p1a: Sinistcha
|-immune|p1a: Sinistcha
|move|p1b: Ceruledge|Bitter Blade|p2a: Sylveon
|-damage|p2a: Sylveon|0 fnt
|-heal|p1b: Ceruledge|100/100|[from] drain|[of] p2a: Sylveon
|faint|p2a: Sylveon
|
|upkeep
|turn|6
|
|t:|1784871282
|move|p1a: Sinistcha|Rage Powder|p1a: Sinistcha
|-singleturn|p1a: Sinistcha|move: Rage Powder
|move|p2b: Kangaskhan|Sucker Punch||[still]
|-fail|p2b: Kangaskhan
|move|p1b: Ceruledge|Bitter Blade|p2b: Kangaskhan
|-damage|p2b: Kangaskhan|12/100
|
|upkeep
|turn|7
|
|t:|1784871291
|move|p1a: Sinistcha|Rage Powder|p1a: Sinistcha
|-singleturn|p1a: Sinistcha|move: Rage Powder
|move|p2b: Kangaskhan|Sucker Punch||[still]
|-fail|p2b: Kangaskhan
|move|p1b: Ceruledge|Bitter Blade|p2b: Kangaskhan
|-damage|p2b: Kangaskhan|0 fnt
|faint|p2b: Kangaskhan
|
|win|Schmixed_007
|raw|Schmixed_007's rating: 1281 → 1312(+31 for winning)
|raw|Huasometa's rating: 1365 → 1340(-25 for losing)
|l|☆Schmixed_007
|player|p1|
