|j|☆satandagiii2005
|j|☆oapals121
|html|satandagiii2005oapals121    
|uhtml|bestof|Game 1 of a best-of-3
|t:|1786135387
|gametype|doubles
|player|p1|satandagiii2005|byron|
|player|p2|oapals121|blue|
|gen|9
|tier|[Gen 9 Champions] VGC 2026 Reg M-B (Bo3)
|rule|Species Clause: Limit one of each Pokémon
|rule|Item Clause: Limit 1 of each item
|clearpoke
|poke|p1|Raichu, L50, F|
|poke|p1|Staraptor, L50, M|
|poke|p1|Arcanine-Hisui, L50, M|
|poke|p1|Farigiraf, L50, M|
|poke|p1|Sylveon, L50, F|
|poke|p1|Kingambit, L50, M|
|poke|p2|Aerodactyl, L50, M|
|poke|p2|Kingambit, L50, M|
|poke|p2|Farigiraf, L50, F|
|poke|p2|Sylveon, L50, F|
|poke|p2|Charizard, L50, M|
|poke|p2|Garchomp, L50, M|
|teampreview|4
|showteam|p1|Raichu||RaichuniteY|LightningRod|ZapCannon,FocusBlast,FakeOut,Protect|Timid||F|||50|]Staraptor||Staraptite|Intimidate|CloseCombat,DualWingbeat,Tailwind,Protect|Jolly||M|||50|]Arcanine-Hisui||FocusSash|RockHead|FlareBlitz,HeadSmash,ExtremeSpeed,Protect|Jolly||M|||50|]Farigiraf||SitrusBerry|ArmorTail|Psychic,HelpingHand,TrickRoom,Protect|Calm||M|||50|]Sylveon||FairyFeather|Pixilate|HyperVoice,QuickAttack,HyperBeam,Detect|Modest||F|||50|]Kingambit||LifeOrb|Defiant|KowtowCleave,SuckerPunch,SwordsDance,Protect|Adamant||M|||50|
|showteam|p2|Aerodactyl||Aerodactylite|Unnerve|RockSlide,DualWingbeat,IceFang,Tailwind|Jolly||M|||50|]Kingambit||FocusSash|Defiant|KowtowCleave,IronHead,SuckerPunch,LowKick|Adamant||M|||50|]Farigiraf||SitrusBerry|ArmorTail|Psychic,Thunderbolt,TrickRoom,Protect|Quiet||F|||50|]Sylveon||FairyFeather|Pixilate|HyperVoice,Yawn,QuickAttack,Detect|Modest||F|||50|]Charizard||CharizarditeY|Blaze|HeatWave,SolarBeam,WeatherBall,Protect|Modest||M|||50|]Garchomp||LifeOrb|RoughSkin|Earthquake,DragonClaw,RockSlide,Protect|Jolly||M|||50|
|
|t:|1786135511
|teamsize|p1|4
|teamsize|p2|4
|start
|switch|p1a: Staraptor|Staraptor, L50, M|100/100
|switch|p1b: Farigiraf|Farigiraf, L50, M|100/100
|switch|p2a: Aerodactyl|Aerodactyl, L50, M|100/100
|switch|p2b: Kingambit|Kingambit, L50, M|100/100
|-ability|p2a: Aerodactyl|Unnerve
|-ability|p1a: Staraptor|Intimidate|boost
|-unboost|p2a: Aerodactyl|atk|1
|-unboost|p2b: Kingambit|atk|1
|-ability|p2b: Kingambit|Defiant|boost
|-boost|p2b: Kingambit|atk|2
|turn|1
|
|t:|1786135559
|detailschange|p2a: Aerodactyl|Aerodactyl-Mega, L50, M
|-mega|p2a: Aerodactyl|Aerodactyl|Aerodactylite
|detailschange|p1a: Staraptor|Staraptor-Mega, L50, M
|-mega|p1a: Staraptor|Staraptor|Staraptite
|move|p2b: Kingambit|Sucker Punch||[still]
|cant|p1b: Farigiraf|ability: Armor Tail|Sucker Punch|[of] p2b: Kingambit
|move|p2a: Aerodactyl|Rock Slide|p1a: Staraptor|[spread] p1b
|-miss|p2a: Aerodactyl|p1a: Staraptor
|-damage|p1b: Farigiraf|85/100
|move|p1a: Staraptor|Close Combat|p2b: Kingambit
|-supereffective|p2b: Kingambit|2
|-enditem|p2b: Kingambit|Focus Sash
|-damage|p2b: Kingambit|1/100
|-boost|p1a: Staraptor|def|1
|-boost|p1a: Staraptor|spd|1
|move|p1b: Farigiraf|Trick Room|p1b: Farigiraf
|-fieldstart|move: Trick Room|[of] p1b: Farigiraf
|
|upkeep
|turn|2
|
|t:|1786135592
|switch|p1b: Sylveon|Sylveon, L50, F|100/100
|move|p2b: Kingambit|Kowtow Cleave|p1b: Sylveon
|-resisted|p1b: Sylveon|1
|-damage|p1b: Sylveon|56/100
|move|p1a: Staraptor|Close Combat|p2a: Aerodactyl
|-damage|p2a: Aerodactyl|22/100
|-boost|p1a: Staraptor|def|1
|-boost|p1a: Staraptor|spd|1
|move|p2a: Aerodactyl|Rock Slide|p1a: Staraptor|[spread] p1a,p1b
|-damage|p1a: Staraptor|89/100
|-damage|p1b: Sylveon|36/100
|
|upkeep
|turn|3
|
|t:|1786135616
|move|p2b: Kingambit|Sucker Punch|p1b: Sylveon
|-resisted|p1b: Sylveon|1
|-damage|p1b: Sylveon|3/100
|move|p1b: Sylveon|Hyper Voice|p2a: Aerodactyl|[spread] p2a,p2b
|-damage|p2a: Aerodactyl|0 fnt
|-damage|p2b: Kingambit|0 fnt
|faint|p2a: Aerodactyl
|faint|p2b: Kingambit
|move|p1a: Staraptor|Close Combat|p2: Aerodactyl|[notarget]
|-fail|p1a: Staraptor
|
|upkeep
|
|t:|1786135623
|switch|p2b: Garchomp|Garchomp, L50, M|100/100
|switch|p2a: Sylveon|Sylveon, L50, F|100/100
|turn|4
|
|t:|1786135646
|move|p1b: Sylveon|Detect|p1b: Sylveon
|-singleturn|p1b: Sylveon|Protect
|move|p2a: Sylveon|Quick Attack|p1b: Sylveon
|-activate|p1b: Sylveon|move: Protect
|move|p2b: Garchomp|Rock Slide|p1a: Staraptor|[spread] p1a
|-activate|p1b: Sylveon|move: Protect
|-damage|p1a: Staraptor|77/100
|-damage|p2b: Garchomp|90/100|[from] item: Life Orb
|cant|p1a: Staraptor|flinch
|
|upkeep
|turn|5
|
|t:|1786135665
|switch|p1b: Farigiraf|Farigiraf, L50, M|85/100
|move|p2a: Sylveon|Hyper Voice|p1a: Staraptor|[spread] p1a,p1b
|-supereffective|p1a: Staraptor|1
|-crit|p1b: Farigiraf
|-damage|p1a: Staraptor|28/100
|-damage|p1b: Farigiraf|33/100
|-enditem|p1b: Farigiraf|Sitrus Berry|[eat]
|-heal|p1b: Farigiraf|58/100|[from] item: Sitrus Berry
|move|p2b: Garchomp|Dragon Claw|p1a: Staraptor
|-damage|p1a: Staraptor|0 fnt
|faint|p1a: Staraptor
|-damage|p2b: Garchomp|80/100|[from] item: Life Orb
|
|-fieldend|move: Trick Room
|upkeep
|
|t:|1786135680
|switch|p1a: Sylveon|Sylveon, L50, F|3/100
|turn|6
|
|t:|1786135703
|move|p1b: Farigiraf|Helping Hand|p1a: Sylveon
|-singleturn|p1a: Sylveon|Helping Hand|[of] p1b: Farigiraf
|move|p1a: Sylveon|Quick Attack|p2b: Garchomp
|-supereffective|p2b: Garchomp|1
|-damage|p2b: Garchomp|38/100
|-damage|p1a: Sylveon|0 fnt|[from] ability: Rough Skin|[of] p2b: Garchomp
|faint|p1a: Sylveon
|move|p2a: Sylveon|Quick Attack||[still]
|cant|p1b: Farigiraf|ability: Armor Tail|Quick Attack|[of] p2a: Sylveon
|move|p2b: Garchomp|Earthquake|p1b: Farigiraf|[spread] p2a,p1b
|-damage|p2a: Sylveon|49/100
|-damage|p1b: Farigiraf|13/100
|-damage|p2b: Garchomp|28/100|[from] item: Life Orb
|
|upkeep
|
|t:|1786135715
|switch|p1a: Arcanine|Arcanine-Hisui, L50, M|100/100
|turn|7
|
|t:|1786135728
|move|p1a: Arcanine|Protect|p1a: Arcanine
|-singleturn|p1a: Arcanine|Protect
|move|p1b: Farigiraf|Protect|p1b: Farigiraf
|-singleturn|p1b: Farigiraf|Protect
|move|p2b: Garchomp|Earthquake|p1b: Farigiraf|[spread] p2a
|-activate|p1a: Arcanine|move: Protect
|-activate|p1b: Farigiraf|move: Protect
|-damage|p2a: Sylveon|0 fnt
|faint|p2a: Sylveon
|-damage|p2b: Garchomp|18/100|[from] item: Life Orb
|
|upkeep
|turn|8
|
|t:|1786135742
|move|p1b: Farigiraf|Helping Hand|p1a: Arcanine
|-singleturn|p1a: Arcanine|Helping Hand|[of] p1b: Farigiraf
|move|p1a: Arcanine|Extreme Speed|p2b: Garchomp
|-damage|p2b: Garchomp|0 fnt
|-damage|p1a: Arcanine|87/100|[from] ability: Rough Skin|[of] p2b: Garchomp
|faint|p2b: Garchomp
|
|win|satandagiii2005
||satandagiii2005 is ready for game 2.
||oapals121 is ready for game 2.
|uhtml|next|Next: Game 2 of 3
