|j|‽bobsparents
|j|☆dropddead
|html|bobsparentsdropddead    
|uhtml|bestof|Game 3 of a best-of-3
|t:|1784393469
|gametype|doubles
|player|p1|bobsparents|cynthia|1200
|player|p2|dropddead|crasherwake|1138
|gen|9
|tier|[Gen 9 Champions] VGC 2026 Reg M-B (Bo3)
|rated|
|rule|Species Clause: Limit one of each Pokémon
|rule|Item Clause: Limit 1 of each item
|clearpoke
|poke|p1|Kangaskhan, L50, F|
|poke|p1|Farigiraf, L50, F|
|poke|p1|Chandelure, L50, F|
|poke|p1|Avalugg-Hisui, L50, M|
|poke|p1|Decidueye-Hisui, L50, M|
|poke|p1|Kingambit, L50, M|
|poke|p2|Sneasler, L50, M|
|poke|p2|Blastoise, L50, M|
|poke|p2|Kingambit, L50, M|
|poke|p2|Incineroar, L50, M|
|poke|p2|Delphox, L50, F|
|poke|p2|Sinistcha, L50|
|teampreview|4
|showteam|p1|Kangaskhan||Kangaskhanite|Scrappy|DoubleEdge,HammerArm,IcePunch,FakeOut|Brave||F|||50|]Farigiraf||SitrusBerry|ArmorTail|PsychicNoise,Thunderbolt,TrickRoom,Protect|Quiet||F|||50|]Chandelure||FocusSash|FlashFire|HeatWave,ShadowBall,TrickRoom,Protect|Quiet||F|||50|]Avalugg-Hisui||WideLens|Sturdy|RockSlide,MountainGale,BodyPress,WideGuard|Brave||M|||50|]Decidueye-Hisui||LifeOrb|Scrappy|CloseCombat,LeafBlade,BraveBird,Protect|Brave||M|||50|]Kingambit||BlackGlasses|Defiant|KowtowCleave,IronHead,SuckerPunch,SwordsDance|Brave||M|||50|
|showteam|p2|Sneasler||FocusSash|PoisonTouch|PoisonJab,CloseCombat,FakeOut,QuickGuard|Jolly||M|||50|]Blastoise||Blastoisinite|RainDish|DarkPulse,WaterSpout,ShellSmash,Protect|Modest||M|||50|]Kingambit||BlackGlasses|Defiant|KowtowCleave,SuckerPunch,SwordsDance,Protect|Adamant||M|||50|]Incineroar||SitrusBerry|Intimidate|FlareBlitz,HelpingHand,PartingShot,FakeOut|Careful||M|||50|]Delphox||Delphoxite|Blaze|HeatWave,NastyPlot,Psyshock,Protect|Modest||F|||50|]Sinistcha||KasibBerry|Hospitality|MatchaGotcha,RagePowder,TrickRoom,Protect|Bold|||||50|
|inactive|Battle timer is ON: inactive players will automatically lose when time's up. (requested by dropddead)
|inactive|bobsparents has 60 seconds left.
|
|t:|1784393501
|teamsize|p1|4
|teamsize|p2|4
|start
|switch|p1a: Decidueye|Decidueye-Hisui, L50, M|100/100
|switch|p1b: Farigiraf|Farigiraf, L50, F|100/100
|switch|p2a: Delphox|Delphox, L50, F|100/100
|switch|p2b: Kingambit|Kingambit, L50, M|100/100
|turn|1
|inactive|bobsparents has 30 seconds left.
|inactive|dropddead has 30 seconds left.
|inactive|bobsparents has 20 seconds left.
|inactive|dropddead has 20 seconds left.
|inactive|bobsparents has 15 seconds left.
|inactive|bobsparents has 10 seconds left.
|
|t:|1784393550
|detailschange|p2a: Delphox|Delphox-Mega, L50, F
|-mega|p2a: Delphox|Delphox|Delphoxite
|move|p1b: Farigiraf|Protect|p1b: Farigiraf
|-singleturn|p1b: Farigiraf|Protect
|move|p2a: Delphox|Heat Wave|p1a: Decidueye|[spread] p1a
|-activate|p1b: Farigiraf|move: Protect
|-supereffective|p1a: Decidueye|1
|-damage|p1a: Decidueye|25/100
|move|p1a: Decidueye|Close Combat|p2b: Kingambit
|-supereffective|p2b: Kingambit|2
|-damage|p2b: Kingambit|0 fnt
|-unboost|p1a: Decidueye|def|1
|-unboost|p1a: Decidueye|spd|1
|faint|p2b: Kingambit
|-damage|p1a: Decidueye|15/100|[from] item: Life Orb
|
|upkeep
|
|t:|1784393562
|switch|p2b: Sinistcha|Sinistcha, L50|100/100
|turn|2
|
|t:|1784393583
|move|p2a: Delphox|Heat Wave|p1b: Farigiraf|[spread] p1a
|-miss|p2a: Delphox|p1b: Farigiraf
|-supereffective|p1a: Decidueye|1
|-damage|p1a: Decidueye|0 fnt
|faint|p1a: Decidueye
|move|p2b: Sinistcha|Trick Room|p2b: Sinistcha
|-fieldstart|move: Trick Room|[of] p2b: Sinistcha
|move|p1b: Farigiraf|Trick Room|p1b: Farigiraf
|-fieldend|move: Trick Room
|
|upkeep
|
|t:|1784393595
|switch|p1a: Avalugg|Avalugg-Hisui, L50, M|100/100
|turn|3
|
|t:|1784393612
|move|p1a: Avalugg|Wide Guard|p1a: Avalugg
|-singleturn|p1a: Avalugg|Wide Guard
|move|p2a: Delphox|Nasty Plot|p2a: Delphox
|-boost|p2a: Delphox|spa|2
|move|p2b: Sinistcha|Matcha Gotcha|p1a: Avalugg|[spread] 
|-activate|p1a: Avalugg|move: Wide Guard
|-activate|p1b: Farigiraf|move: Wide Guard
|move|p1b: Farigiraf|Trick Room|p1b: Farigiraf
|-fieldstart|move: Trick Room|[of] p1b: Farigiraf
|
|upkeep
|turn|4
|inactive|dropddead has 30 seconds left.
|
|t:|1784393643
|switch|p1b: Kingambit|Kingambit, L50, M|100/100
|switch|p2b: Incineroar|Incineroar, L50, M|100/100
|-ability|p2b: Incineroar|Intimidate|boost
|-unboost|p1a: Avalugg|atk|1
|-unboost|p1b: Kingambit|atk|1
|-ability|p1b: Kingambit|Defiant|boost
|-boost|p1b: Kingambit|atk|2
|move|p1a: Avalugg|Mountain Gale|p2b: Incineroar
|-resisted|p2b: Incineroar|1
|-damage|p2b: Incineroar|79/100
|move|p2a: Delphox|Heat Wave|p1a: Avalugg|[spread] p1a,p1b
|-supereffective|p1b: Kingambit|1
|-ability|p1a: Avalugg|Sturdy
|-damage|p1a: Avalugg|1/100
|-damage|p1b: Kingambit|0 fnt
|faint|p1b: Kingambit
|
|upkeep
|
|t:|1784393659
|switch|p1b: Farigiraf|Farigiraf, L50, F|100/100
|turn|5
|inactive|dropddead has 30 seconds left.
|inactive|dropddead has 20 seconds left.
|
|t:|1784393695
|move|p1a: Avalugg|Rock Slide|p2b: Incineroar|[spread] p2a,p2b
|-supereffective|p2a: Delphox|1
|-supereffective|p2b: Incineroar|1
|-damage|p2a: Delphox|50/100g
|-damage|p2b: Incineroar|37/100
|-enditem|p2b: Incineroar|Sitrus Berry|[eat]
|-heal|p2b: Incineroar|62/100|[from] item: Sitrus Berry
|move|p1b: Farigiraf|Thunderbolt|p2a: Delphox
|-damage|p2a: Delphox|28/100
|move|p2b: Incineroar|Flare Blitz|p1a: Avalugg
|-damage|p1a: Avalugg|0 fnt
|faint|p1a: Avalugg
|-damage|p2b: Incineroar|61/100|[from] Recoil
|move|p2a: Delphox|Heat Wave|p1b: Farigiraf
|-damage|p1b: Farigiraf|11/100
|-status|p1b: Farigiraf|brn
|-enditem|p1b: Farigiraf|Sitrus Berry|[eat]
|-heal|p1b: Farigiraf|36/100 brn|[from] item: Sitrus Berry
|
|-damage|p1b: Farigiraf|30/100 brn|[from] brn
|upkeep
|turn|6
|c|☆dropddead|ggs
|inactive|bobsparents has 30 seconds left.
|inactive|bobsparents has 20 seconds left.
|inactive|bobsparents has 15 seconds left.
|inactive|bobsparents has 10 seconds left.
|-message|bobsparents forfeited.
|
|win|dropddead
|raw|bobsparents's rating: 1200 → 1171(-29 for losing)
|raw|dropddead's rating: 1138 → 1167(+29 for winning)
