|j|☆me vs you
|j|☆dragonite fraude
|html|me vs youdragonite fraude    
|uhtml|bestof|Game 1 of a best-of-3
|t:|1757843127
|gametype|doubles
|player|p1|me vs you|sightseerf|1025
|player|p2|dragonite fraude|265|1087
|gen|9
|tier|[Gen 9] VGC 2025 Reg H (Bo3)
|rated|
|rule|Species Clause: Limit one of each Pokémon
|rule|Item Clause: Limit 1 of each item
|clearpoke
|poke|p1|Charizard, L50, F|
|poke|p1|Jumpluff, L50, F|
|poke|p1|Torkoal, L50, F|
|poke|p1|Ursaluna, L50, M|
|poke|p1|Porygon2, L50|
|poke|p1|Incineroar, L50, M|
|poke|p2|Maushold-Four, L50|
|poke|p2|Gholdengo, L50|
|poke|p2|Dragonite, L50, F|
|poke|p2|Annihilape, L50, M|
|poke|p2|Rillaboom, L50, M|
|poke|p2|Ursaluna-Bloodmoon, L50, M|
|teampreview|4
|showteam|p1|Charizard||ChoiceSpecs|SolarPower|HeatWave,Overheat,SolarBeam,WeatherBall|||F|||50|,,,,,Ghost]Jumpluff||FocusSash|Chlorophyll|Encore,RagePowder,SunnyDay,Tailwind|||F|||50|,,,,,Ghost]Torkoal||EjectPack|Drought|Eruption,Bulldoze,HeatWave,WillOWisp|||F|||50|,,,,,Fire]Ursaluna||FlameOrb|Guts|Earthquake,HeadlongRush,Facade,Protect|||M|||50|,,,,,Ground]Porygon2||Eviolite|Download|TrickRoom,TeraBlast,Psyshock,IceBeam||||||50|,,,,,Fighting]Incineroar||AssaultVest|Intimidate|FakeOut,KnockOff,FlareBlitz,Uturn|||M|||50|,,,,,Fire
|showteam|p2|Maushold-Four||FocusSash|FriendGuard|SuperFang,BeatUp,FollowMe,Protect||||||50|,,,,,Ghost]Gholdengo||LifeOrb|GoodasGold|MakeItRain,ShadowBall,NastyPlot,Protect||||||50|,,,,,Water]Dragonite||LoadedDice|Multiscale|ScaleShot,Tailwind,Haze,Protect|||F|||50|,,,,,Fairy]Annihilape||SitrusBerry|Defiant|DrainPunch,RageFist,BulkUp,Protect|||M|||50|,,,,,Fire]Rillaboom||MiracleSeed|GrassySurge|WoodHammer,GrassyGlide,HighHorsepower,FakeOut|||M|||50|,,,,,Fire]Ursaluna-Bloodmoon||AssaultVest|MindsEye|BloodMoon,EarthPower,HyperVoice,VacuumWave|||M|||50|,,,,,Water
|
|t:|1757843197
|teamsize|p1|4
|teamsize|p2|4
|start
|switch|p1a: Charizard|Charizard, L50, F, shiny|100/100
|switch|p1b: Jumpluff|Jumpluff, L50, F, shiny|100/100
|switch|p2a: Gholdengo|Gholdengo, L50|100/100
|switch|p2b: Maushold|Maushold-Four, L50|100/100
|turn|1
|inactive|Battle timer is ON: inactive players will automatically lose when time's up. (requested by dragonite fraude)
|
|t:|1757843229
|-terastallize|p2a: Gholdengo|Water
|move|p1b: Jumpluff|Sunny Day|p1b: Jumpluff
|-weather|SunnyDay
|move|p2b: Maushold|Super Fang|p1a: Charizard
|-damage|p1a: Charizard|51/100
|move|p1a: Charizard|Solar Beam||[still]
|-prepare|p1a: Charizard|Solar Beam
|-anim|p1a: Charizard|Solar Beam|p2a: Gholdengo
|-supereffective|p2a: Gholdengo
|-damage|p2a: Gholdengo|0 fnt
|faint|p2a: Gholdengo
|
|-weather|SunnyDay|[upkeep]
|-damage|p1a: Charizard|38/100|[from] ability: Solar Power|[of] p1a: Charizard
|upkeep
|
|t:|1757843242
|switch|p2a: Dragonite|Dragonite, L50, F|100/100
|turn|2
|
|t:|1757843251
|switch|p1a: Incineroar|Incineroar, L50, M|100/100
|-ability|p1a: Incineroar|Intimidate|boost
|-unboost|p2a: Dragonite|atk|1
|-unboost|p2b: Maushold|atk|1
|move|p2b: Maushold|Protect|p2b: Maushold
|-singleturn|p2b: Maushold|Protect
|move|p1b: Jumpluff|Tailwind|p1b: Jumpluff
|-sidestart|p1: me vs you|move: Tailwind
|move|p2a: Dragonite|Scale Shot|p1a: Incineroar|[miss]
|-miss|p2a: Dragonite|p1a: Incineroar
|
|-weather|SunnyDay|[upkeep]
|upkeep
|turn|3
|
|t:|1757843269
|switch|p2a: Ursaluna|Ursaluna-Bloodmoon, L50, M|100/100
|move|p1a: Incineroar|Fake Out|p2a: Ursaluna
|-damage|p2a: Ursaluna|93/100
|move|p1b: Jumpluff|Encore|p2b: Maushold
|-start|p2b: Maushold|Encore
|move|p2b: Maushold|Protect||[still]
|-fail|p2b: Maushold
|
|-weather|SunnyDay|[upkeep]
|upkeep
|turn|4
|
|t:|1757843283
|switch|p1b: Torkoal|Torkoal, L50, F|100/100
|switch|p2b: Dragonite|Dragonite, L50, F|100/100
|move|p1a: Incineroar|Knock Off|p2a: Ursaluna
|-damage|p2a: Ursaluna|58/100
|-enditem|p2a: Ursaluna|Assault Vest|[from] move: Knock Off|[of] p1a: Incineroar
|move|p2a: Ursaluna|Blood Moon|p1b: Torkoal
|-damage|p1b: Torkoal|36/100
|
|-weather|SunnyDay|[upkeep]
|upkeep
|turn|5
|inactive|dragonite fraude has 30 seconds left.
|
|t:|1757843312
|move|p1a: Incineroar|Flare Blitz|p2a: Ursaluna
|-damage|p2a: Ursaluna|0 fnt
|faint|p2a: Ursaluna
|-damage|p1a: Incineroar|81/100|[from] Recoil
|move|p2b: Dragonite|Scale Shot|p1a: Incineroar
|-crit|p1a: Incineroar
|-damage|p1a: Incineroar|60/100
|-damage|p1a: Incineroar|46/100
|-damage|p1a: Incineroar|32/100
|-damage|p1a: Incineroar|19/100
|-damage|p1a: Incineroar|4/100
|-hitcount|p1a: Incineroar|5
|-unboost|p2b: Dragonite|def|1
|-boost|p2b: Dragonite|spe|1
|move|p1b: Torkoal|Will-O-Wisp|p2b: Dragonite
|-status|p2b: Dragonite|brn
|
|-weather|none
|-damage|p2b: Dragonite|95/100 brn|[from] brn
|-sideend|p1: me vs you|move: Tailwind
|upkeep
|
|t:|1757843317
|switch|p2a: Maushold|Maushold-Four, L50|100/100
|turn|6
|
|t:|1757843336
|move|p2b: Dragonite|Scale Shot|p1b: Torkoal
|-damage|p1b: Torkoal|31/100
|-crit|p1b: Torkoal
|-damage|p1b: Torkoal|23/100
|-damage|p1b: Torkoal|17/100
|-damage|p1b: Torkoal|12/100
|-damage|p1b: Torkoal|7/100
|-hitcount|p1b: Torkoal|5
|-unboost|p2b: Dragonite|def|1
|-boost|p2b: Dragonite|spe|1
|move|p2a: Maushold|Beat Up|p1a: Incineroar
|-resisted|p1a: Incineroar
|-damage|p1a: Incineroar|3/100
|-hitcount|p1a: Incineroar|1
|move|p1a: Incineroar|U-turn|p2a: Maushold
|-damage|p2a: Maushold|69/100
|
|t:|1757843353
|switch|p1a: Charizard|Charizard, L50, F, shiny|38/100|[from] U-turn
|move|p1b: Torkoal|Heat Wave|p2b: Dragonite|[spread] p2a,p2b
|-crit|p2a: Maushold
|-resisted|p2b: Dragonite
|-damage|p2a: Maushold|27/100
|-damage|p2b: Dragonite|87/100 brn
|
|-damage|p2b: Dragonite|81/100 brn|[from] brn
|upkeep
|turn|7
|
|t:|1757843371
|switch|p1b: Incineroar|Incineroar, L50, M|3/100
|-ability|p1b: Incineroar|Intimidate|boost
|-unboost|p2a: Maushold|atk|1
|-unboost|p2b: Dragonite|atk|1
|-terastallize|p1a: Charizard|Ghost
|move|p2a: Maushold|Protect|p2a: Maushold
|-singleturn|p2a: Maushold|Protect
|move|p2b: Dragonite|Scale Shot|p1a: Charizard
|-damage|p1a: Charizard|32/100
|-damage|p1a: Charizard|25/100
|-damage|p1a: Charizard|18/100
|-damage|p1a: Charizard|12/100
|-damage|p1a: Charizard|4/100
|-hitcount|p1a: Charizard|5
|-unboost|p2b: Dragonite|def|1
|-boost|p2b: Dragonite|spe|1
|move|p1a: Charizard|Heat Wave|p2b: Dragonite|[spread] p2b
|-activate|p2a: Maushold|move: Protect
|-resisted|p2b: Dragonite
|-damage|p2b: Dragonite|62/100 brn
|
|-damage|p2b: Dragonite|57/100 brn|[from] brn
|upkeep
|turn|8
|
|t:|1757843384
|switch|p1b: Torkoal|Torkoal, L50, F|7/100
|-weather|SunnyDay|[from] ability: Drought|[of] p1b: Torkoal
|move|p2b: Dragonite|Scale Shot|p1a: Charizard
|-damage|p1a: Charizard|0 fnt
|faint|p1a: Charizard
|-hitcount|p1: Charizard|1
|-unboost|p2b: Dragonite|def|1
|-boost|p2b: Dragonite|spe|1
|move|p2a: Maushold|Beat Up|p1b: Torkoal
|-damage|p1b: Torkoal|5/100
|-hitcount|p1b: Torkoal|1
|
|-weather|SunnyDay|[upkeep]
|-damage|p2b: Dragonite|51/100 brn|[from] brn
|upkeep
|
|t:|1757843395
|switch|p1a: Jumpluff|Jumpluff, L50, F, shiny|100/100
|turn|9
|
|t:|1757843404
|move|p1a: Jumpluff|Rage Powder|p1a: Jumpluff
|-singleturn|p1a: Jumpluff|move: Rage Powder
|move|p2b: Dragonite|Scale Shot|p1a: Jumpluff
|-damage|p1a: Jumpluff|94/100
|-damage|p1a: Jumpluff|88/100
|-damage|p1a: Jumpluff|81/100
|-damage|p1a: Jumpluff|74/100
|-damage|p1a: Jumpluff|68/100
|-hitcount|p1a: Jumpluff|5
|-unboost|p2b: Dragonite|def|1
|-boost|p2b: Dragonite|spe|1
|move|p2a: Maushold|Super Fang|p1a: Jumpluff
|-damage|p1a: Jumpluff|34/100
|move|p1b: Torkoal|Heat Wave|p2b: Dragonite|[spread] p2a
|-miss|p1b: Torkoal|p2b: Dragonite
|-damage|p2a: Maushold|0 fnt
|faint|p2a: Maushold
|
|-weather|SunnyDay|[upkeep]
|-damage|p2b: Dragonite|45/100 brn|[from] brn
|upkeep
|turn|10
|
|t:|1757843417
|move|p1a: Jumpluff|Rage Powder|p1a: Jumpluff
|-singleturn|p1a: Jumpluff|move: Rage Powder
|move|p2b: Dragonite|Scale Shot|p1a: Jumpluff|[miss]
|-miss|p2b: Dragonite|p1a: Jumpluff
|move|p1b: Torkoal|Heat Wave|p2b: Dragonite
|-resisted|p2b: Dragonite
|-damage|p2b: Dragonite|20/100 brn
|
|-weather|SunnyDay|[upkeep]
|-damage|p2b: Dragonite|15/100 brn|[from] brn
|upkeep
|turn|11
|-message|dragonite fraude forfeited.
|
|win|me vs you
|l|☆dragonite fraude
|player|p2|
|l|☆me vs you
|player|p1|
||dragonite fraude is ready for game 2.
||me vs you is ready for game 2.
|uhtml|next|Next: Game 2 of 3
|j|☆dragonite fraude
|player|p2|dragonite fraude|265|
