|j|☆SquisProjects
|j|☆MrGardnHose
|html|SquisProjectsMrGardnHose    
|uhtml|bestof|Game 3 of a best-of-3
|t:|1782240166
|gametype|doubles
|player|p1|SquisProjects|1|1091
|player|p2|MrGardnHose|jasmine-masters2|1025
|gen|9
|tier|[Gen 9 Champions] VGC 2026 Reg M-B (Bo3)
|rated|
|rule|Species Clause: Limit one of each Pokémon
|rule|Item Clause: Limit 1 of each item
|clearpoke
|poke|p1|Raichu, L50, M, shiny|
|poke|p1|Froslass, L50, F|
|poke|p1|Talonflame, L50, F|
|poke|p1|Gholdengo, L50|
|poke|p1|Hydreigon, L50, F|
|poke|p1|Farigiraf, L50, F|
|poke|p2|Metagross, L50|
|poke|p2|Garchomp, L50, M|
|poke|p2|Talonflame, L50, F|
|poke|p2|Eelektross, L50, M|
|poke|p2|Basculegion, L50, M|
|poke|p2|Kingambit, L50, F|
|teampreview|4
|showteam|p1|Raichu||RaichuniteY|LightningRod|GrassKnot,Protect,ZapCannon,FocusBlast|Timid||M|||50|]Froslass||Froslassite|SnowCloak|AuroraVeil,Blizzard,ShadowBall,Protect|Timid||F|||50|]Talonflame||ExpertBelt|GaleWings|Tailwind,Protect,FlareBlitz,BraveBird|Jolly||F|||50|]Gholdengo||LifeOrb|GoodasGold|MakeItRain,ShadowBall,Protect,NastyPlot|Modest|||||50|]Hydreigon||FocusSash|Levitate|DarkPulse,DracoMeteor,Protect,EarthPower|Serious||F|||50|]Farigiraf||SitrusBerry|ArmorTail|DazzlingGleam,HyperVoice,Psychic,Protect|Modest||F|||50|
|showteam|p2|Metagross||Metagrossite|ClearBody|IronHead,PsychicFangs,IcePunch,Protect|Timid|||||50|]Garchomp||LifeOrb|RoughSkin|Earthquake,RockSlide,DragonClaw,Protect|Jolly||M|||50|]Talonflame||SharpBeak|GaleWings|DualWingbeat,FlareBlitz,Tailwind,UpperHand|Jolly||F|||50|]Eelektross||Eelektrossite|Levitate|Thunderbolt,Discharge,GigaDrain,Protect|Modest||M|||50|]Basculegion||MysticWater|Adaptability|AquaJet,WaveCrash,LastRespects,Protect|Adamant||M|||50|]Kingambit||BlackGlasses|Defiant|KowtowCleave,SuckerPunch,LowKick,Protect|Adamant||F|||50|
|
|t:|1782240218
|teamsize|p1|4
|teamsize|p2|4
|start
|switch|p1a: Hydreigon|Hydreigon, L50, F|100/100
|switch|p1b: Talonflame|Talonflame, L50, F|100/100
|switch|p2a: Talonflame|Talonflame, L50, F|100/100
|switch|p2b: Basculegion|Basculegion, L50, M|100/100
|turn|1
|
|t:|1782240229
|move|p2a: Talonflame|Tailwind|p2a: Talonflame
|-sidestart|p2: MrGardnHose|move: Tailwind
|move|p2b: Basculegion|Aqua Jet|p1b: Talonflame
|-supereffective|p1b: Talonflame|1
|-damage|p1b: Talonflame|0 fnt
|faint|p1b: Talonflame
|move|p1a: Hydreigon|Dark Pulse|p2b: Basculegion
|-supereffective|p2b: Basculegion|1
|-crit|p2b: Basculegion
|-damage|p2b: Basculegion|0 fnt
|faint|p2b: Basculegion
|
|upkeep
|
|t:|1782240240
|switch|p1b: Froslass|Froslass, L50, F|100/100
|switch|p2b: Metagross|Metagross, L50|100/100
|turn|2
|
|t:|1782240250
|switch|p1b: Farigiraf|Farigiraf, L50, F|100/100
|detailschange|p2b: Metagross|Metagross-Mega, L50
|-mega|p2b: Metagross|Metagross|Metagrossite
|move|p2a: Talonflame|Flare Blitz|p1b: Farigiraf
|-damage|p1b: Farigiraf|53/100
|-damage|p2a: Talonflame|77/100|[from] Recoil
|move|p2b: Metagross|Ice Punch|p1a: Hydreigon
|-supereffective|p1a: Hydreigon|1
|-damage|p1a: Hydreigon|27/100
|move|p1a: Hydreigon|Dark Pulse|p2b: Metagross
|-supereffective|p2b: Metagross|1
|-damage|p2b: Metagross|9/100
|
|upkeep
|turn|3
|
|t:|1782240283
|move|p1a: Hydreigon|Protect|p1a: Hydreigon
|-singleturn|p1a: Hydreigon|Protect
|move|p2a: Talonflame|Dual Wingbeat|p1a: Hydreigon
|-activate|p1a: Hydreigon|move: Protect
|move|p2b: Metagross|Iron Head|p1b: Farigiraf
|-damage|p1b: Farigiraf|1/100
|-enditem|p1b: Farigiraf|Sitrus Berry|[eat]
|-heal|p1b: Farigiraf|25/100|[from] item: Sitrus Berry
|move|p1b: Farigiraf|Hyper Voice|p2b: Metagross|[spread] p2a,p2b
|-resisted|p2b: Metagross|1
|-damage|p2a: Talonflame|23/100
|-damage|p2b: Metagross|0 fnt
|faint|p2b: Metagross
|
|upkeep
|
|t:|1782240286
|switch|p2b: Garchomp|Garchomp, L50, M|100/100
|turn|4
|
|t:|1782240302
|move|p1b: Farigiraf|Protect|p1b: Farigiraf
|-singleturn|p1b: Farigiraf|Protect
|move|p2a: Talonflame|Dual Wingbeat|p1a: Hydreigon
|-damage|p1a: Hydreigon|6/100
|-crit|p1a: Hydreigon
|-damage|p1a: Hydreigon|0 fnt
|faint|p1a: Hydreigon
|-hitcount|p1: Hydreigon|2
|move|p2b: Garchomp|Rock Slide|p1b: Farigiraf
|-activate|p1b: Farigiraf|move: Protect
|
|-sideend|p2: MrGardnHose|move: Tailwind
|upkeep
|
|t:|1782240313
|switch|p1a: Froslass|Froslass, L50, F|100/100
|turn|5
|
|t:|1782240324
|detailschange|p1a: Froslass|Froslass-Mega, L50, F
|-mega|p1a: Froslass|Froslass|Froslassite
|-weather|Snowscape|[from] ability: Snow Warning|[of] p1a: Froslass
|move|p2a: Talonflame|Tailwind|p2a: Talonflame
|-sidestart|p2: MrGardnHose|move: Tailwind
|move|p2b: Garchomp|Rock Slide|p1a: Froslass|[spread] p1b
|-miss|p2b: Garchomp|p1a: Froslass
|-damage|p1b: Farigiraf|0 fnt
|faint|p1b: Farigiraf
|-damage|p2b: Garchomp|90/100|[from] item: Life Orb
|move|p1a: Froslass|Blizzard|p2a: Talonflame|[spread] p2a,p2b
|-supereffective|p2b: Garchomp|2
|-damage|p2a: Talonflame|0 fnt
|-damage|p2b: Garchomp|0 fnt
|faint|p2a: Talonflame
|faint|p2b: Garchomp
|
|win|SquisProjects
|raw|SquisProjects's rating: 1091 → 1112(+21 for winning)
|raw|MrGardnHose's rating: 1025 → 1014(-11 for losing)
