|j|☆TeachMeHow2Hoopa
|j|☆myki meeks
|html|TeachMeHow2Hoopamyki meeks    
|uhtml|bestof|Game 3 of a best-of-3
|t:|1784688308
|gametype|doubles
|player|p1|TeachMeHow2Hoopa|silver|1245
|player|p2|myki meeks|liza|1349
|gen|9
|tier|[Gen 9 Champions] VGC 2026 Reg M-B (Bo3)
|rated|
|rule|Species Clause: Limit one of each Pokémon
|rule|Item Clause: Limit 1 of each item
|clearpoke
|poke|p1|Pidgeot, L50, F|
|poke|p1|Excadrill, L50, F|
|poke|p1|Tyranitar, L50, M|
|poke|p1|Tsareena, L50, F|
|poke|p1|Gholdengo, L50|
|poke|p1|Rotom-Wash, L50|
|poke|p2|Staraptor, L50, M|
|poke|p2|Delphox, L50, M|
|poke|p2|Sinistcha, L50|
|poke|p2|Kingambit, L50, M|
|poke|p2|Garchomp, L50, M|
|poke|p2|Sneasler, L50, F|
|teampreview|4
|showteam|p1|Pidgeot||Pidgeotite|BigPecks|Hurricane,HeatWave,Tailwind,Protect|Timid||F|||50|]Excadrill||FocusSash|SandRush|Earthquake,IronHead,RockSlide,Protect|Adamant||F|||50|]Tyranitar||Tyranitarite|SandStream|RockSlide,KnockOff,Protect,LowKick|Adamant||M|||50|]Tsareena||ChoiceScarf|QueenlyMajesty|PowerWhip,TripleAxel,Uturn,LowKick|Jolly||F|||50|]Gholdengo||Leftovers|GoodasGold|ShadowBall,MakeItRain,NastyPlot,Protect|Modest|||||50|]Rotom-Wash||SitrusBerry|Levitate|HydroPump,Thunderbolt,WillOWisp,Protect|Bold|||||50|
|showteam|p2|Staraptor||Staraptite|Intimidate|CloseCombat,BraveBird,Roost,Whirlwind|Careful||M|||50|]Delphox||Delphoxite|Blaze|HeatWave,Psychic,NastyPlot,Protect|Timid||M|||50|]Sinistcha||SitrusBerry|Hospitality|MatchaGotcha,Protect,LifeDew,RagePowder|Bold|||||50|]Kingambit||BlackGlasses|Defiant|KowtowCleave,SuckerPunch,SwordsDance,Protect|Adamant||M|||50|]Garchomp||Leftovers|RoughSkin|Earthquake,DragonClaw,RockSlide,Protect|Jolly||M|||50|]Sneasler||FocusSash|PoisonTouch|FakeOut,PoisonJab,CloseCombat,Protect|Jolly||F|||50|
|inactive|Battle timer is ON: inactive players will automatically lose when time's up. (requested by myki meeks)
|j| Potatoey
|
|t:|1784688329
|teamsize|p1|4
|teamsize|p2|4
|start
|switch|p1a: Pidgeot|Pidgeot, L50, F|100/100
|switch|p1b: Tsareena|Tsareena, L50, F|100/100
|switch|p2a: Staraptor|Staraptor, L50, M|100/100
|switch|p2b: Kingambit|Kingambit, L50, M|100/100
|-ability|p2a: Staraptor|Intimidate|boost
|-unboost|p1a: Pidgeot|atk|1
|-unboost|p1b: Tsareena|atk|1
|turn|1
|c| Potatoey|do u need me to teach u how to hoopa
|c| Potatoey|im master of hoopa
|c|☆myki meeks|yes please
|
|t:|1784688353
|detailschange|p1a: Pidgeot|Pidgeot-Mega, L50, F
|-mega|p1a: Pidgeot|Pidgeot|Pidgeotite
|detailschange|p2a: Staraptor|Staraptor-Mega, L50, M
|-mega|p2a: Staraptor|Staraptor|Staraptite
|move|p1b: Tsareena|U-turn|p2a: Staraptor
|-resisted|p2a: Staraptor|2
|-damage|p2a: Staraptor|96/100
|
|t:|1784688361
|switch|p1b: Tyranitar|Tyranitar, L50, M|100/100|[from] U-turn
|-weather|Sandstorm|[from] ability: Sand Stream|[of] p1b: Tyranitar
|move|p1a: Pidgeot|Hurricane|p2a: Staraptor
|-supereffective|p2a: Staraptor|1
|-damage|p2a: Staraptor|0 fnt
|faint|p2a: Staraptor
|move|p2b: Kingambit|Kowtow Cleave|p1a: Pidgeot
|-damage|p1a: Pidgeot|22/100
|
|-weather|Sandstorm|[upkeep]
|-damage|p1a: Pidgeot|16/100|[from] Sandstorm
|upkeep
|c| Potatoey|first u need to get a hoopa
|c| Potatoey|do u have hoopa
|
|t:|1784688378
|switch|p2a: Garchomp|Garchomp, L50, M|100/100
|turn|2
|c|☆myki meeks|no
|
|t:|1784688388
|move|p2b: Kingambit|Protect|p2b: Kingambit
|-singleturn|p2b: Kingambit|Protect
|move|p1a: Pidgeot|Tailwind|p1a: Pidgeot
|-sidestart|p1: TeachMeHow2Hoopa|move: Tailwind
|move|p1b: Tyranitar|Low Kick|p2b: Kingambit
|-activate|p2b: Kingambit|move: Protect
|move|p2a: Garchomp|Rock Slide|p1b: Tyranitar|[spread] p1a,p1b
|-supereffective|p1a: Pidgeot|1
|-damage|p1a: Pidgeot|0 fnt
|-damage|p1b: Tyranitar|83/100
|faint|p1a: Pidgeot
|
|-weather|Sandstorm|[upkeep]
|upkeep
|
|t:|1784688394
|switch|p1a: Tsareena|Tsareena, L50, F|100/100
|turn|3
|c| Potatoey|if u win this game, i will give u one
|inactive|myki meeks has 30 seconds left.
|
|t:|1784688421
|switch|p2b: Sinistcha|Sinistcha, L50|100/100
|move|p2a: Garchomp|Protect|p2a: Garchomp
|-singleturn|p2a: Garchomp|Protect
|move|p1a: Tsareena|Triple Axel|p2a: Garchomp
|-activate|p2a: Garchomp|move: Protect
|move|p1b: Tyranitar|Low Kick|p2b: Sinistcha
|-immune|p2b: Sinistcha
|
|-weather|Sandstorm|[upkeep]
|-damage|p1a: Tsareena|93/100|[from] Sandstorm
|-damage|p2b: Sinistcha|93/100|[from] Sandstorm
|upkeep
|turn|4
|
|t:|1784688440
|move|p2b: Sinistcha|Rage Powder|p2b: Sinistcha
|-singleturn|p2b: Sinistcha|move: Rage Powder
|move|p1a: Tsareena|Triple Axel|p2a: Garchomp
|-supereffective|p2a: Garchomp|2
|-damage|p2a: Garchomp|75/100
|-damage|p1a: Tsareena|81/100|[from] ability: Rough Skin|[of] p2a: Garchomp
|-supereffective|p2a: Garchomp|2
|-damage|p2a: Garchomp|21/100
|-damage|p1a: Tsareena|69/100|[from] ability: Rough Skin|[of] p2a: Garchomp
|-supereffective|p2a: Garchomp|2
|-damage|p2a: Garchomp|0 fnt
|-damage|p1a: Tsareena|57/100|[from] ability: Rough Skin|[of] p2a: Garchomp
|faint|p2a: Garchomp
|-hitcount|p2: Garchomp|3
|move|p1b: Tyranitar|Knock Off|p2b: Sinistcha
|-supereffective|p2b: Sinistcha|1
|-damage|p2b: Sinistcha|11/100
|-enditem|p2b: Sinistcha|Sitrus Berry|[from] move: Knock Off|[of] p1b: Tyranitar
|
|-weather|Sandstorm|[upkeep]
|-damage|p1a: Tsareena|51/100|[from] Sandstorm
|-damage|p2b: Sinistcha|5/100|[from] Sandstorm
|upkeep
|
|t:|1784688450
|switch|p2a: Kingambit|Kingambit, L50, M|100/100
|turn|5
|c| Potatoey|gg
|
|t:|1784688458
|move|p1a: Tsareena|Triple Axel|p2b: Sinistcha
|-supereffective|p2b: Sinistcha|1
|-damage|p2b: Sinistcha|0 fnt
|faint|p2b: Sinistcha
|-hitcount|p2: Sinistcha|1
|move|p1b: Tyranitar|Low Kick|p2a: Kingambit
|-supereffective|p2a: Kingambit|2
|-damage|p2a: Kingambit|0 fnt
|faint|p2a: Kingambit
|
|win|TeachMeHow2Hoopa
|raw|TeachMeHow2Hoopa's rating: 1245 → 1277(+32 for winning)
|raw|myki meeks's rating: 1349 → 1323(-26 for losing)
|c|☆myki meeks|ggs
|c|☆TeachMeHow2Hoopa|Gg!
|l|☆myki meeks
|player|p2|
|c| Potatoey|add me
|c|☆TeachMeHow2Hoopa|A WHAT?
|c| Potatoey|what?
|c|☆TeachMeHow2Hoopa|I'VE JUST READ WHAT YOU SAID
|c| Potatoey|why?
|c|☆TeachMeHow2Hoopa|Really,  a Hoopa? :D
|c| Potatoey|yea
|c|☆TeachMeHow2Hoopa|Do I add you on home?
|c| Potatoey|r u male or female
|c|☆TeachMeHow2Hoopa|Female
|c|☆TeachMeHow2Hoopa|I can trade you a Shiny Kingambit
|c| Potatoey|ok sure
|c|☆TeachMeHow2Hoopa|I'll check the friend code
|c| Potatoey|sure
|l| Potatoey
|l|☆TeachMeHow2Hoopa
|player|p1|
|j|☆TeachMeHow2Hoopa
|player|p1|TeachMeHow2Hoopa|silver|
