|j|☆VGC_Vapor
|j|☆You’reJustDead!
|html|VGC_VaporYou’reJustDead!    
|uhtml|bestof|Game 2 of a best-of-3
|t:|1783742143
|gametype|doubles
|player|p1|VGC_Vapor|blue|
|player|p2|You’reJustDead!|misty|
|gen|9
|tier|[Gen 9 Champions] VGC 2026 Reg M-B (Bo3)
|rule|Species Clause: Limit one of each Pokémon
|rule|Item Clause: Limit 1 of each item
|clearpoke
|poke|p1|Floette-Eternal, L50, F|
|poke|p1|Delphox, L50, F|
|poke|p1|Aerodactyl, L50, M|
|poke|p1|Kingambit, L50, F|
|poke|p1|Garchomp, L50, F|
|poke|p1|Incineroar, L50, M|
|poke|p2|Gardevoir, L50, F|
|poke|p2|Mudsdale, L50, M|
|poke|p2|Incineroar, L50, F|
|poke|p2|Gholdengo, L50|
|poke|p2|Hydreigon, L50, M|
|poke|p2|Aerodactyl, L50, M|
|teampreview|4
|showteam|p1|Floette-Eternal||Floettite|FlowerVeil|Moonblast,DazzlingGleam,CalmMind,Protect|Modest||F|||50|]Delphox||Delphoxite|Blaze|HeatWave,Psychic,Substitute,Protect|Timid||F|||50|]Aerodactyl||FocusSash|Unnerve|RockSlide,DualWingbeat,Tailwind,Protect|Jolly||M|||50|]Kingambit||ChopleBerry|Defiant|KowtowCleave,IronHead,SuckerPunch,Protect|Adamant||F|||50|]Garchomp||WhiteHerb|RoughSkin|Earthquake,DragonClaw,RockSlide,Protect|Adamant||F|||50|]Incineroar||SitrusBerry|Intimidate|FlareBlitz,ThroatChop,PartingShot,Protect|Careful||M|||50|
|showteam|p2|Gardevoir||Gardevoirite|Synchronize|HyperVoice,Psychic,Protect,TrickRoom|Modest||F|||50|]Mudsdale||LifeOrb|InnerFocus|RockSlide,HighHorsepower,HeavySlam,Earthquake|Adamant||M|||50|]Incineroar||SitrusBerry|Intimidate|FakeOut,PartingShot,FlareBlitz,Protect|Impish||F|||50|]Gholdengo||MetalCoat|GoodasGold|MakeItRain,ShadowBall,NastyPlot,Protect|Modest|||||50|]Hydreigon||ChoiceScarf|Levitate|DarkPulse,DracoMeteor,Snarl,EarthPower|Timid||M|||50|]Aerodactyl||FocusSash|Unnerve|DualWingbeat,RockSlide,Tailwind,Protect|Jolly||M|||50|
|inactive|Battle timer is ON: inactive players will automatically lose when time's up. (requested by VGC_Vapor)
|inactive|You’reJustDead! also wants the timer to be on.
|j| pccbml
|
|t:|1783742167
|teamsize|p1|4
|teamsize|p2|4
|start
|switch|p1a: Aerodactyl|Aerodactyl, L50, M|100/100
|switch|p1b: Delphox|Delphox, L50, F|100/100
|switch|p2a: Goatevoir|Gardevoir, L50, F|100/100
|switch|p2b: Bubba!|Mudsdale, L50, M|100/100
|-ability|p1a: Aerodactyl|Unnerve
|turn|1
|
|t:|1783742185
|detailschange|p1b: Delphox|Delphox-Mega, L50, F
|-mega|p1b: Delphox|Delphox|Delphoxite
|detailschange|p2a: Goatevoir|Gardevoir-Mega, L50, F
|-mega|p2a: Goatevoir|Gardevoir|Gardevoirite
|move|p1b: Delphox|Psychic|p2b: Bubba!
|-damage|p2b: Bubba!|53/100
|move|p1a: Aerodactyl|Dual Wingbeat|p2b: Bubba!
|-damage|p2b: Bubba!|37/100
|-damage|p2b: Bubba!|22/100
|-hitcount|p2b: Bubba!|2
|move|p2b: Bubba!|Rock Slide|p1b: Delphox|[spread] p1a,p1b
|-supereffective|p1a: Aerodactyl|1
|-supereffective|p1b: Delphox|1
|-damage|p1a: Aerodactyl|14/100
|-damage|p1b: Delphox|24/100
|-damage|p2b: Bubba!|13/100|[from] item: Life Orb
|move|p2a: Goatevoir|Trick Room|p2a: Goatevoir
|-fieldstart|move: Trick Room|[of] p2a: Goatevoir
|
|upkeep
|turn|2
|inactive|VGC_Vapor has 30 seconds left.
|
|t:|1783742213
|move|p2b: Bubba!|Rock Slide|p1b: Delphox|[spread] p1a
|-miss|p2b: Bubba!|p1b: Delphox
|-supereffective|p1a: Aerodactyl|1
|-damage|p1a: Aerodactyl|0 fnt
|faint|p1a: Aerodactyl
|-damage|p2b: Bubba!|3/100|[from] item: Life Orb
|move|p2a: Goatevoir|Hyper Voice|p1b: Delphox
|-resisted|p1b: Delphox|1
|-damage|p1b: Delphox|0 fnt
|faint|p1b: Delphox
|
|upkeep
|
|t:|1783742217
|switch|p1a: Kingambit|Kingambit, L50, F|100/100
|switch|p1b: Incineroar|Incineroar, L50, M|100/100
|-ability|p1b: Incineroar|Intimidate|boost
|-unboost|p2a: Goatevoir|atk|1
|-fail|p2b: Bubba!|unboost|Attack|[from] ability: Inner Focus|[of] p2b: Bubba!
|turn|3
|
|t:|1783742234
|move|p2b: Bubba!|High Horsepower|p1a: Kingambit
|-supereffective|p1a: Kingambit|1
|-damage|p1a: Kingambit|0 fnt
|faint|p1a: Kingambit
|-damage|p2b: Bubba!|0 fnt|[from] item: Life Orb
|faint|p2b: Bubba!
|move|p1b: Incineroar|Throat Chop|p2a: Goatevoir
|-damage|p2a: Goatevoir|64/100
|-start|p2a: Goatevoir|Throat Chop|[silent]
|cant|p2a: Goatevoir|move: Throat Chop
|
|upkeep
|
|t:|1783742238
|switch|p2b: Is a bird|Aerodactyl, L50, M|100/100
|-ability|p2b: Is a bird|Unnerve
|turn|4
|
|t:|1783742246
|move|p2b: Is a bird|Protect|p2b: Is a bird
|-singleturn|p2b: Is a bird|Protect
|move|p1b: Incineroar|Throat Chop|p2b: Is a bird
|-activate|p2b: Is a bird|move: Protect
|move|p2a: Goatevoir|Trick Room|p2a: Goatevoir
|-fieldend|move: Trick Room
|
|-end|p2a: Goatevoir|Throat Chop|[silent]
|upkeep
|turn|5
|-message|VGC_Vapor forfeited.
|
|win|You’reJustDead!
