|j|ÔÿåMrMelon125
|j|ÔÿåHariyamamomma
|html|MrMelon125Hariyamamomma    
|uhtml|bestof|Game 1 of a best-of-3
|t:|1784399684
|gametype|doubles
|player|p1|MrMelon125|101|
|player|p2|Hariyamamomma|burgh|
|gen|9
|tier|[Gen 9 Champions] VGC 2026 Reg M-B (Bo3)
|rule|Species Clause: Limit one of each Pok├®mon
|rule|Item Clause: Limit 1 of each item
|clearpoke
|poke|p1|Raichu, L50, F|
|poke|p1|Samurott-Hisui, L50, M|
|poke|p1|Greninja, L50, F|
|poke|p1|Talonflame, L50, M|
|poke|p1|Altaria, L50, F|
|poke|p1|Scizor, L50, F|
|poke|p2|Gholdengo, L50|
|poke|p2|Whimsicott, L50, F, shiny|
|poke|p2|Kingambit, L50, F|
|poke|p2|Blaziken, L50, M|
|poke|p2|Blastoise, L50, M, shiny|
|poke|p2|Kangaskhan, L50, F|
|teampreview|4
|showteam|p1|Raichu||RaichuniteY|Static|Protect,ZapCannon,Encore,FakeOut|Modest||F|||50|]Samurott-Hisui||LifeOrb|Sharpness|Protect,RazorShell,NightSlash,AquaJet|Adamant||M|||50|]Greninja||Greninjite|Protean|Protect,IceBeam,HydroPump,DarkPulse|Modest||F|||50|]Talonflame||FocusSash|GaleWings|Protect,Tailwind,BraveBird,FlareBlitz|Adamant||M|||50|]Altaria||Leftovers|CloudNine|PerishSong,WillOWisp,Tailwind,SunnyDay|Calm||F|||50|]Scizor||Scizorite|Technician|Protect,SwordsDance,BulletPunch,BugBite|Adamant||F|||50|
|showteam|p2|Gholdengo||LifeOrb|GoodasGold|MakeItRain,ShadowBall,NastyPlot,Protect|Timid|||||50|]Whimsicott||FocusSash|Prankster|Moonblast,Tailwind,Encore,Protect|Timid||F|||50|]Kingambit||BlackGlasses|Defiant|SuckerPunch,KowtowCleave,SwordsDance,Protect|Adamant||F|||50|]Blaziken||Blazikenite|SpeedBoost|CloseCombat,FlareBlitz,RockSlide,Protect|Adamant||M|||50|]Blastoise||Blastoisinite|Torrent|FakeOut,WaterSpout,AuraSphere,DarkPulse|Modest||M|||50|]Kangaskhan||SitrusBerry|Scrappy|FakeOut,HelpingHand,LowKick,ThunderPunch|Impish||F|||50|
|j| MilkshookÔÖí
|j| Quackennn
|c| MilkshookÔÖí|i invented whimsicott + blaziken
|c| MilkshookÔÖí|ur welcome ian
|j| sadkoolaid
|
|t:|1784399783
|teamsize|p1|4
|teamsize|p2|4
|start
|switch|p1a: Giants Hearth|Talonflame, L50, M|100/100
|switch|p1b: It's a Crazy|Greninja, L50, F|100/100
|switch|p2a: Byron Scott|Whimsicott, L50, F, shiny|100/100
|switch|p2b: Kenny Smith|Blaziken, L50, M|100/100
|turn|1
|c|ÔÿåHariyamamomma|ty milky
|c| MilkshookÔÖí|how come i can see the natures
|c|ÔÿåHariyamamomma|that is a new OTS feature in IRL tournaments
|
|t:|1784399833
|detailschange|p1b: It's a Crazy|Greninja-Mega, L50, F
|-mega|p1b: It's a Crazy|Greninja|Greninjite
|detailschange|p2b: Kenny Smith|Blaziken-Mega, L50, M
|-mega|p2b: Kenny Smith|Blaziken|Blazikenite
|move|p2a: Byron Scott|Protect|p2a: Byron Scott
|-singleturn|p2a: Byron Scott|Protect
|move|p2b: Kenny Smith|Protect|p2b: Kenny Smith
|-singleturn|p2b: Kenny Smith|Protect
|move|p1a: Giants Hearth|Tailwind|p1a: Giants Hearth
|-sidestart|p1: MrMelon125|move: Tailwind
|move|p1b: It's a Crazy|Hydro Pump|p2b: Kenny Smith
|-start|p1b: It's a Crazy|typechange|Water|[from] ability: Protean
|-activate|p2b: Kenny Smith|move: Protect
|
|-ability|p2b: Kenny Smith|Speed Boost|boost
|-boost|p2b: Kenny Smith|spe|1
|upkeep
|turn|2
|c| MilkshookÔÖí|should our pastes have them
|
|t:|1784399858
|switch|p1a: 1 Pound|Samurott-Hisui, L50, M|100/100
|move|p2a: Byron Scott|Tailwind|p2a: Byron Scott
|-sidestart|p2: Hariyamamomma|move: Tailwind
|move|p2b: Kenny Smith|Rock Slide|p1a: 1 Pound|[spread] p1a
|-miss|p2b: Kenny Smith|p1b: It's a Crazy
|-damage|p1a: 1 Pound|68/100
|move|p1b: It's a Crazy|Hydro Pump|p2b: Kenny Smith
|-supereffective|p2b: Kenny Smith|1
|-damage|p2b: Kenny Smith|0 fnt
|faint|p2b: Kenny Smith
|
|upkeep
|
|t:|1784399871
|switch|p2b: Khris Middleton|Kangaskhan, L50, F|100/100
|turn|3
|j| frostwandered
|
|t:|1784399936
|switch|p1b: Giants Hearth|Talonflame, L50, M|100/100
|move|p1a: 1 Pound|Protect|p1a: 1 Pound
|-singleturn|p1a: 1 Pound|Protect
|move|p2b: Khris Middleton|Fake Out|p1b: Giants Hearth
|-damage|p1b: Giants Hearth|72/100
|move|p2a: Byron Scott|Moonblast|p1a: 1 Pound
|-activate|p1a: 1 Pound|move: Protect
|
|upkeep
|turn|4
|
|t:|1784399964
|move|p1a: 1 Pound|Aqua Jet|p2a: Byron Scott
|-resisted|p2a: Byron Scott|1
|-damage|p2a: Byron Scott|80/100
|-damage|p1a: 1 Pound|58/100|[from] item: Life Orb
|move|p2a: Byron Scott|Moonblast|p1a: 1 Pound
|-supereffective|p1a: 1 Pound|1
|-damage|p1a: 1 Pound|0 fnt
|faint|p1a: 1 Pound
|move|p1b: Giants Hearth|Flare Blitz|p2a: Byron Scott
|-supereffective|p2a: Byron Scott|1
|-damage|p2a: Byron Scott|0 fnt
|faint|p2a: Byron Scott
|-damage|p1b: Giants Hearth|49/100|[from] Recoil
|move|p2b: Khris Middleton|Thunder Punch|p1b: Giants Hearth
|-supereffective|p1b: Giants Hearth|1
|-damage|p1b: Giants Hearth|0 fnt
|faint|p1b: Giants Hearth
|
|-sideend|p1: MrMelon125|move: Tailwind
|upkeep
|
|t:|1784399980
|switch|p2a: LeBron James|Kingambit, L50, F|100/100
|switch|p1b: It's a Crazy|Greninja-Mega, L50, F|100/100
|switch|p1a: Fluffy Boi|Altaria, L50, F|100/100
|-ability|p1a: Fluffy Boi|Cloud Nine
|turn|5
|
|t:|1784400009
|move|p2a: LeBron James|Protect|p2a: LeBron James
|-singleturn|p2a: LeBron James|Protect
|move|p2b: Khris Middleton|Thunder Punch|p1b: It's a Crazy
|-supereffective|p1b: It's a Crazy|1
|-damage|p1b: It's a Crazy|32/100
|move|p1b: It's a Crazy|Dark Pulse|p2b: Khris Middleton
|-start|p1b: It's a Crazy|typechange|Dark|[from] ability: Protean
|-damage|p2b: Khris Middleton|46/100
|-enditem|p2b: Khris Middleton|Sitrus Berry|[eat]
|-heal|p2b: Khris Middleton|71/100|[from] item: Sitrus Berry
|move|p1a: Fluffy Boi|Will-O-Wisp|p2a: LeBron James
|-activate|p2a: LeBron James|move: Protect
|
|-sideend|p2: Hariyamamomma|move: Tailwind
|upkeep
|turn|6
|
|t:|1784400032
|move|p1b: It's a Crazy|Protect|p1b: It's a Crazy
|-singleturn|p1b: It's a Crazy|Protect
|move|p2a: LeBron James|Sucker Punch||[still]
|-fail|p2a: LeBron James
|move|p2b: Khris Middleton|Thunder Punch|p1a: Fluffy Boi
|-damage|p1a: Fluffy Boi|82/100
|-status|p1a: Fluffy Boi|par
|move|p1a: Fluffy Boi|Tailwind|p1a: Fluffy Boi
|-sidestart|p1: MrMelon125|move: Tailwind
|
|-heal|p1a: Fluffy Boi|88/100 par|[from] item: Leftovers
|upkeep
|turn|7
|
|t:|1784400054
|move|p2a: LeBron James|Protect|p2a: LeBron James
|-singleturn|p2a: LeBron James|Protect
|move|p1b: It's a Crazy|Dark Pulse|p2b: Khris Middleton
|-damage|p2b: Khris Middleton|11/100
|move|p2b: Khris Middleton|Low Kick|p1b: It's a Crazy
|-supereffective|p1b: It's a Crazy|1
|-damage|p1b: It's a Crazy|0 fnt
|faint|p1b: It's a Crazy
|cant|p1a: Fluffy Boi|par
|
|-heal|p1a: Fluffy Boi|94/100 par|[from] item: Leftovers
|upkeep
|turn|8
|
|t:|1784400070
|move|p2b: Khris Middleton|Helping Hand|p2a: LeBron James
|-singleturn|p2a: LeBron James|Helping Hand|[of] p2b: Khris Middleton
|move|p2a: LeBron James|Sucker Punch||[still]
|-fail|p2a: LeBron James
|move|p1a: Fluffy Boi|Perish Song|p1a: Fluffy Boi
|-start|p1a: Fluffy Boi|perish3|[silent]
|-start|p2a: LeBron James|perish3|[silent]
|-start|p2b: Khris Middleton|perish3|[silent]
|-fieldactivate|move: Perish Song
|
|-heal|p1a: Fluffy Boi|100/100 par|[from] item: Leftovers
|-start|p2b: Khris Middleton|perish3
|-start|p1a: Fluffy Boi|perish3
|-start|p2a: LeBron James|perish3
|upkeep
|turn|9
|
|t:|1784400094
|move|p2b: Khris Middleton|Thunder Punch|p1a: Fluffy Boi
|-damage|p1a: Fluffy Boi|81/100 par
|move|p1a: Fluffy Boi|Will-O-Wisp|p2b: Khris Middleton
|-status|p2b: Khris Middleton|brn
|move|p2a: LeBron James|Swords Dance|p2a: LeBron James
|-boost|p2a: LeBron James|atk|2
|
|-heal|p1a: Fluffy Boi|87/100 par|[from] item: Leftovers
|-damage|p2b: Khris Middleton|5/100 brn|[from] brn
|-start|p2b: Khris Middleton|perish2
|-start|p1a: Fluffy Boi|perish2
|-start|p2a: LeBron James|perish2
|-sideend|p1: MrMelon125|move: Tailwind
|upkeep
|turn|10
|
|t:|1784400102
|move|p2b: Khris Middleton|Helping Hand|p2a: LeBron James
|-singleturn|p2a: LeBron James|Helping Hand|[of] p2b: Khris Middleton
|move|p2a: LeBron James|Kowtow Cleave|p1a: Fluffy Boi
|-damage|p1a: Fluffy Boi|0 fnt
|faint|p1a: Fluffy Boi
|
|win|Hariyamamomma
||MrMelon125 is ready for game 2.
|c|ÔÿåHariyamamomma|gg!
||Hariyamamomma is ready for game 2.
|uhtml|next|Next: Game 2 of 3
|l| sadkoolaid
|l| Quackennn
|l| MilkshookÔÖí
