|j|☆subhamcheee
|j|☆d1mo22
|html|subhamcheeed1mo22    
|uhtml|bestof|Game 3 of a best-of-3
|t:|1784194909
|gametype|doubles
|player|p1|subhamcheee|cynthia|1252
|player|p2|d1mo22|skier|1206
|gen|9
|tier|[Gen 9 Champions] VGC 2026 Reg M-B (Bo3)
|rated|
|rule|Species Clause: Limit one of each Pokémon
|rule|Item Clause: Limit 1 of each item
|clearpoke
|poke|p1|Mawile, L50, F, shiny|
|poke|p1|Farigiraf, L50, F|
|poke|p1|Incineroar, L50, M|
|poke|p1|Torkoal, L50, F|
|poke|p1|Zoroark-Hisui, L50, F|
|poke|p1|Garchomp, L50, M|
|poke|p2|Raichu, L50, M|
|poke|p2|Gyarados, L50, F, shiny|
|poke|p2|Mamoswine, L50, M|
|poke|p2|Ceruledge, L50, M|
|poke|p2|Sinistcha, L50|
|poke|p2|Kingambit, L50, F, shiny|
|teampreview|4
|showteam|p1|Mawile||Mawilite|HyperCutter|PlayRough,SuckerPunch,IronHead,SwordsDance|Brave||F|||50|]Farigiraf||SitrusBerry|ArmorTail|Psychic,Thunderbolt,TrickRoom,HelpingHand|Calm||F|||50|]Incineroar||WhiteHerb|Intimidate|FakeOut,CloseCombat,DarkestLariat,FlareBlitz|Adamant||M|||50|]Torkoal||Charcoal|Drought|Protect,HelpingHand,WeatherBall,Eruption|Modest||F|||50|]Zoroark-Hisui||FocusSash|Illusion|Protect,NastyPlot,ShadowBall,HyperVoice|Timid||F|||50|]Garchomp||LifeOrb|RoughSkin|Protect,RockSlide,StompingTantrum,DragonClaw|Jolly||M|||50|
|showteam|p2|Raichu||RaichuniteY|LightningRod|FakeOut,Encore,ZapCannon,FocusBlast|Timid||M|||50|]Gyarados||Gyaradosite|Intimidate|LashOut,Waterfall,DragonDance,Protect|Adamant||F|||50|]Mamoswine||LifeOrb|Oblivious|Protect,IcicleCrash,IceShard,HighHorsepower|Jolly||M|||50|]Ceruledge||ColburBerry|FlashFire|BitterBlade,ShadowSneak,BulkUp,Protect|Adamant||M|||50|]Sinistcha||SitrusBerry|Hospitality|Protect,RagePowder,MatchaGotcha,LifeDew|Bold|||||50|]Kingambit||FocusSash|Defiant|Protect,SuckerPunch,KowtowCleave,IronHead|Adamant||F|||50|
|inactive|Battle timer is ON: inactive players will automatically lose when time's up. (requested by subhamcheee)
|inactive|d1mo22 has 60 seconds left.
|
|t:|1784194962
|teamsize|p1|4
|teamsize|p2|4
|start
|switch|p1a: Farigiraf|Farigiraf, L50, F|100/100
|switch|p1b: Incineroar|Incineroar, L50, M|100/100
|switch|p2a: Kingambit|Kingambit, L50, F, shiny|100/100
|switch|p2b: Gyarados|Gyarados, L50, F, shiny|100/100
|-ability|p2b: Gyarados|Intimidate|boost
|-unboost|p1a: Farigiraf|atk|1
|-unboost|p1b: Incineroar|atk|1
|-ability|p1b: Incineroar|Intimidate|boost
|-unboost|p2a: Kingambit|atk|1
|-ability|p2a: Kingambit|Defiant|boost
|-boost|p2a: Kingambit|atk|2
|-unboost|p2b: Gyarados|atk|1
|-enditem|p1b: Incineroar|White Herb
|-clearnegativeboost|p1b: Incineroar|[silent]
|turn|1
|inactive|d1mo22 has 30 seconds left.
|
|t:|1784194992
|detailschange|p2b: Gyarados|Gyarados-Mega, L50, F, shiny
|-mega|p2b: Gyarados|Gyarados|Gyaradosite
|-ability|p2b: Gyarados|Mold Breaker
|move|p1b: Incineroar|Fake Out|p2a: Kingambit
|-resisted|p2a: Kingambit|1
|-damage|p2a: Kingambit|94/100
|move|p2b: Gyarados|Waterfall|p1b: Incineroar
|-supereffective|p1b: Incineroar|1
|-damage|p1b: Incineroar|33/100
|cant|p2a: Kingambit|flinch
|move|p1a: Farigiraf|Trick Room|p1a: Farigiraf
|-fieldstart|move: Trick Room|[of] p1a: Farigiraf
|
|upkeep
|turn|2
|inactive|subhamcheee has 30 seconds left.
|inactive|d1mo22 has 30 seconds left.
|
|t:|1784195029
|switch|p1a: Torkoal|Torkoal, L50, F|100/100
|-weather|SunnyDay|[from] ability: Drought|[of] p1a: Torkoal
|move|p1b: Incineroar|Close Combat|p2a: Kingambit
|-supereffective|p2a: Kingambit|2
|-damage|p2a: Kingambit|0 fnt
|-unboost|p1b: Incineroar|def|1
|-unboost|p1b: Incineroar|spd|1
|faint|p2a: Kingambit
|move|p2b: Gyarados|Lash Out|p1a: Torkoal
|-damage|p1a: Torkoal|76/100
|
|-weather|SunnyDay|[upkeep]
|upkeep
|
|t:|1784195042
|switch|p2a: Ceruledge|Ceruledge, L50, M|100/100
|turn|3
|
|t:|1784195054
|move|p2a: Ceruledge|Protect|p2a: Ceruledge
|-singleturn|p2a: Ceruledge|Protect
|move|p1a: Torkoal|Weather Ball|p2b: Gyarados
|-resisted|p2b: Gyarados|1
|-damage|p2b: Gyarados|73/100
|move|p1b: Incineroar|Darkest Lariat|p2a: Ceruledge
|-activate|p2a: Ceruledge|move: Protect
|move|p2b: Gyarados|Waterfall|p1b: Incineroar
|-supereffective|p1b: Incineroar|1
|-damage|p1b: Incineroar|0 fnt
|faint|p1b: Incineroar
|
|-weather|SunnyDay|[upkeep]
|upkeep
|
|t:|1784195071
|switch|p1b: Mawile|Mawile, L50, F, shiny|100/100
|turn|4
|
|t:|1784195095
|switch|p1a: Farigiraf|Farigiraf, L50, F|100/100
|detailschange|p1b: Mawile|Mawile-Mega, L50, F, shiny
|-mega|p1b: Mawile|Mawile|Mawilite
|move|p2b: Gyarados|Protect|p2b: Gyarados
|-singleturn|p2b: Gyarados|Protect
|move|p1b: Mawile|Swords Dance|p1b: Mawile
|-boost|p1b: Mawile|atk|2
|move|p2a: Ceruledge|Bulk Up|p2a: Ceruledge
|-boost|p2a: Ceruledge|atk|1
|-boost|p2a: Ceruledge|def|1
|
|-weather|SunnyDay|[upkeep]
|upkeep
|turn|5
|inactive|subhamcheee has 30 seconds left.
|
|t:|1784195123
|move|p1b: Mawile|Play Rough|p2b: Gyarados
|-supereffective|p2b: Gyarados|1
|-damage|p2b: Gyarados|0 fnt
|faint|p2b: Gyarados
|move|p1a: Farigiraf|Thunderbolt|p2a: Ceruledge
|-damage|p2a: Ceruledge|78/100
|move|p2a: Ceruledge|Bulk Up|p2a: Ceruledge
|-boost|p2a: Ceruledge|atk|1
|-boost|p2a: Ceruledge|def|1
|
|-weather|SunnyDay|[upkeep]
|-fieldend|move: Trick Room
|upkeep
|
|t:|1784195133
|switch|p2b: Sinistcha|Sinistcha, L50|100/100
|-heal|p2a: Ceruledge|100/100|[from] ability: Hospitality|[of] p2b: Sinistcha
|turn|6
|
|t:|1784195149
|switch|p1b: Torkoal|Torkoal, L50, F|76/100
|move|p2b: Sinistcha|Rage Powder|p2b: Sinistcha
|-singleturn|p2b: Sinistcha|move: Rage Powder
|move|p2a: Ceruledge|Bitter Blade|p1a: Farigiraf
|-damage|p1a: Farigiraf|0 fnt
|faint|p1a: Farigiraf
|
|-weather|none
|upkeep
|-message|subhamcheee forfeited.
|
|win|d1mo22
|raw|subhamcheee's rating: 1252 → 1224(-28 for losing)
|raw|d1mo22's rating: 1206 → 1234(+28 for winning)
|l|☆subhamcheee
|player|p1|
