|j|☆muddledup
|j|☆redisntapigeon
|html|muddledupredisntapigeon    
|uhtml|bestof|Game 1 of a best-of-3
|t:|1785614697
|gametype|doubles
|player|p1|muddledup|policeman-gen4|
|player|p2|redisntapigeon|gambler|
|gen|9
|tier|[Gen 9 Champions] VGC 2026 Reg M-B (Bo3)
|rule|Species Clause: Limit one of each Pokémon
|rule|Item Clause: Limit 1 of each item
|clearpoke
|poke|p1|Kingambit, L50, F|
|poke|p1|Conkeldurr, L50, M|
|poke|p1|Golurk, L50|
|poke|p1|Goodra-Hisui, L50, F|
|poke|p1|Armarouge, L50, M|
|poke|p1|Hydrapple, L50, F|
|poke|p2|Dragapult, L50, M|
|poke|p2|Delphox, L50, F|
|poke|p2|Whimsicott, L50, F, shiny|
|poke|p2|Mudsdale, L50, F|
|poke|p2|Tsareena, L50, F, shiny|
|poke|p2|Steelix, L50, F|
|teampreview|4
|showteam|p1|Kingambit||BlackGlasses|Defiant|IronHead,KowtowCleave,Protect,LowKick|Adamant||F|||50|]Conkeldurr||LifeOrb|Guts|DrainPunch,BulkUp,HighHorsepower,PoisonJab|Adamant||M|||50|]Golurk||Golurkite|NoGuard|DynamicPunch,Poltergeist,HighHorsepower,Protect|Adamant|||||50|]Goodra-Hisui||SitrusBerry|SapSipper|HeavySlam,DracoMeteor,Shelter,LifeDew|Relaxed||F|||50|]Armarouge||FocusSash|WeakArmor|TrickRoom,WillOWisp,ArmorCannon,DestinyBond|Quiet||M|||50|]Hydrapple||YacheBerry|Regenerator|PollenPuff,FickleBeam,Protect,BulletSeed|Relaxed||F|||50|
|showteam|p2|Dragapult||ColburBerry|CursedBody|Flamethrower,Uturn,Protect,ShadowBall|Quiet||M|||50|]Delphox||Delphoxite|Blaze|HeatWave,Protect,WillOWisp,Psychic|Modest||F|||50|]Whimsicott||FocusSash|Prankster|TrickRoom,Taunt,Moonblast,Protect|Relaxed||F|||50|]Mudsdale||Leftovers|Stamina|BodyPress,Earthquake,Protect,HeavySlam|Relaxed||F|||50|]Tsareena||SitrusBerry|QueenlyMajesty|Protect,HelpingHand,KnockOff,LowKick|Impish||F|||50|]Steelix||Steelixite|SheerForce|BodyPress,Crunch,Earthquake,IronHead|Relaxed||F|||50|
|c|☆muddledup|gl
|c|☆redisntapigeon|gl
|
|t:|1785614759
|teamsize|p1|4
|teamsize|p2|4
|start
|switch|p1a: The Paladin|Golurk, L50|100/100
|switch|p1b: The Warlock|Armarouge, L50, M|100/100
|switch|p2a: Alvarado|Whimsicott, L50, F, shiny|100/100
|switch|p2b: Anunoby|Dragapult, L50, M|100/100
|turn|1
|
|t:|1785614786
|move|p1a: The Paladin|Protect|p1a: The Paladin
|-singleturn|p1a: The Paladin|Protect
|move|p2a: Alvarado|Taunt|p1b: The Warlock
|-start|p1b: The Warlock|move: Taunt
|move|p2b: Anunoby|Shadow Ball|p1a: The Paladin
|-activate|p1a: The Paladin|move: Protect
|cant|p1b: The Warlock|move: Taunt|Destiny Bond
|
|upkeep
|turn|2
|
|t:|1785614810
|switch|p1a: The Fighter|Kingambit, L50, F|100/100
|move|p2a: Alvarado|Protect|p2a: Alvarado
|-singleturn|p2a: Alvarado|Protect
|move|p2b: Anunoby|Shadow Ball|p1a: The Fighter
|-resisted|p1a: The Fighter|1
|-damage|p1a: The Fighter|82/100
|move|p1b: The Warlock|Armor Cannon|p2a: Alvarado
|-activate|p2a: Alvarado|move: Protect
|
|upkeep
|turn|3
|
|t:|1785614836
|switch|p2a: Brunson|Delphox, L50, F|100/100
|move|p2b: Anunoby|Flamethrower|p1a: The Fighter
|-supereffective|p1a: The Fighter|1
|-damage|p1a: The Fighter|30/100
|move|p1b: The Warlock|Armor Cannon|p2a: Brunson
|-resisted|p2a: Brunson|1
|-damage|p2a: Brunson|61/100
|-unboost|p1b: The Warlock|def|1
|-unboost|p1b: The Warlock|spd|1
|move|p1a: The Fighter|Kowtow Cleave|p2b: Anunoby
|-supereffective|p2b: Anunoby|1
|-enditem|p2b: Anunoby|Colbur Berry|[eat]
|-enditem|p2b: Anunoby|Colbur Berry|[weaken]
|-damage|p2b: Anunoby|36/100
|
|-end|p1b: The Warlock|move: Taunt
|upkeep
|turn|4
|
|t:|1785614864
|detailschange|p2a: Brunson|Delphox-Mega, L50, F
|-mega|p2a: Brunson|Delphox|Delphoxite
|move|p2a: Brunson|Protect|p2a: Brunson
|-singleturn|p2a: Brunson|Protect
|move|p1a: The Fighter|Protect|p1a: The Fighter
|-singleturn|p1a: The Fighter|Protect
|move|p2b: Anunoby|Flamethrower|p1a: The Fighter
|-activate|p1a: The Fighter|move: Protect
|move|p1b: The Warlock|Trick Room|p1b: The Warlock
|-fieldstart|move: Trick Room|[of] p1b: The Warlock
|
|upkeep
|turn|5
|
|t:|1785614893
|move|p1a: The Fighter|Kowtow Cleave|p2a: Brunson
|-supereffective|p2a: Brunson|1
|-damage|p2a: Brunson|0 fnt
|faint|p2a: Brunson
|move|p1b: The Warlock|Armor Cannon|p2b: Anunoby
|-resisted|p2b: Anunoby|1
|-damage|p2b: Anunoby|0 fnt
|-unboost|p1b: The Warlock|def|1
|-unboost|p1b: The Warlock|spd|1
|faint|p2b: Anunoby
|
|upkeep
|
|t:|1785614901
|switch|p2b: Bridges|Tsareena, L50, F, shiny|100/100
|switch|p2a: Alvarado|Whimsicott, L50, F, shiny|100/100
|turn|6
|
|t:|1785614913
|move|p2b: Bridges|Protect|p2b: Bridges
|-singleturn|p2b: Bridges|Protect
|move|p1a: The Fighter|Iron Head|p2a: Alvarado
|-supereffective|p2a: Alvarado|1
|-damage|p2a: Alvarado|13/100
|move|p1b: The Warlock|Armor Cannon|p2b: Bridges
|-activate|p2b: Bridges|move: Protect
|cant|p2a: Alvarado|flinch
|
|upkeep
|turn|7
|
|t:|1785614935
|move|p2a: Alvarado|Protect|p2a: Alvarado
|-singleturn|p2a: Alvarado|Protect
|move|p1a: The Fighter|Iron Head|p2a: Alvarado
|-activate|p2a: Alvarado|move: Protect
|move|p1b: The Warlock|Armor Cannon|p2b: Bridges
|-supereffective|p2b: Bridges|1
|-damage|p2b: Bridges|0 fnt
|-unboost|p1b: The Warlock|def|1
|-unboost|p1b: The Warlock|spd|1
|faint|p2b: Bridges
|
|upkeep
|turn|8
|
|t:|1785614952
|move|p1a: The Fighter|Iron Head|p2a: Alvarado
|-supereffective|p2a: Alvarado|1
|-damage|p2a: Alvarado|0 fnt
|faint|p2a: Alvarado
|
|win|muddledup
||redisntapigeon is ready for game 2.
