|j|☆BlackStag52
|j|☆kcb.rodrii
|html|BlackStag52kcb.rodrii    
|uhtml|bestof|Game 3 of a best-of-3
|t:|1785138752
|gametype|doubles
|player|p1|BlackStag52|lorelei-gen3|1059
|player|p2|kcb.rodrii|ethan|1144
|gen|9
|tier|[Gen 9 Champions] VGC 2026 Reg M-B (Bo3)
|rated|
|rule|Species Clause: Limit one of each Pokémon
|rule|Item Clause: Limit 1 of each item
|clearpoke
|poke|p1|Garchomp, L50, F|
|poke|p1|Eelektross, L50, M|
|poke|p1|Sinistcha, L50|
|poke|p1|Primarina, L50, M|
|poke|p1|Vivillon-River, L50, M|
|poke|p1|Sneasler, L50, F|
|poke|p2|Metagross, L50, shiny|
|poke|p2|Kommo-o, L50, F|
|poke|p2|Grimmsnarl, L50, M|
|poke|p2|Talonflame, L50, F|
|poke|p2|Basculegion, L50, M|
|poke|p2|Eelektross, L50, F|
|teampreview|4
|showteam|p1|Garchomp||LifeOrb|RoughSkin|DragonClaw,Earthquake,Protect,RockSlide|Adamant||F|||50|]Eelektross||Eelektrossite|Levitate|GrassKnot,Thunderbolt,Protect,Flamethrower|Modest||M|||50|]Sinistcha||KasibBerry|Hospitality|MatchaGotcha,RagePowder,TrickRoom,LifeDew|Bold|||||50|]Primarina||FairyFeather|LiquidVoice|DazzlingGleam,EnergyBall,HyperVoice,Protect|Modest||M|||50|]Vivillon-River||FocusSash|FriendGuard|Tailwind,AirSlash,PollenPuff,Protect|Timid||M|||50|]Sneasler||WhiteHerb|Unburden|FakeOut,CloseCombat,DireClaw,Protect|Adamant||F|||50|
|showteam|p2|Metagross||Metagrossite|ClearBody|BulletPunch,PsychicFangs,BodyPress,Protect|Jolly|||||50|]Kommo-o||LifeOrb|Soundproof|Protect,ClangingScales,AuraSphere,VacuumWave|Timid||F|||50|]Grimmsnarl||LightClay|Prankster|SpiritBreak,FoulPlay,Reflect,LightScreen|Sassy||M|||50|]Talonflame||Charcoal|GaleWings|Tailwind,Taunt,Overheat,QuickGuard|Hasty||F|||50|]Basculegion||ChoiceScarf|Adaptability|AquaJet,FlipTurn,WaveCrash,LastRespects|Adamant||M|||50|]Eelektross||Eelektrossite|Levitate|Protect,Discharge,GigaDrain,Thunderbolt|Timid||F|||50|
|
|t:|1785138792
|teamsize|p1|4
|teamsize|p2|4
|start
|switch|p1a: Sinistcha|Sinistcha, L50|100/100
|switch|p1b: Sneasler|Sneasler, L50, F|100/100
|switch|p2a: Grimmsnarl|Grimmsnarl, L50, M|100/100
|switch|p2b: Kommo-o|Kommo-o, L50, F|100/100
|turn|1
|
|t:|1785138816
|move|p2a: Grimmsnarl|Reflect|p2a: Grimmsnarl
|-sidestart|p2: kcb.rodrii|Reflect
|move|p1b: Sneasler|Dire Claw|p2a: Grimmsnarl
|-supereffective|p2a: Grimmsnarl|1
|-crit|p2a: Grimmsnarl
|-damage|p2a: Grimmsnarl|0 fnt
|faint|p2a: Grimmsnarl
|move|p2b: Kommo-o|Clanging Scales|p1a: Sinistcha|[spread] p1a,p1b
|-damage|p1a: Sinistcha|55/100
|-damage|p1b: Sneasler|41/100
|-unboost|p2b: Kommo-o|def|1
|-damage|p2b: Kommo-o|90/100|[from] item: Life Orb
|move|p1a: Sinistcha|Trick Room|p1a: Sinistcha
|-fieldstart|move: Trick Room|[of] p1a: Sinistcha
|
|upkeep
|
|t:|1785138825
|switch|p2a: Metagross|Metagross, L50, shiny|100/100
|turn|2
|
|t:|1785138837
|move|p1a: Sinistcha|Matcha Gotcha|p2a: Metagross|[spread] p2a,p2b
|-resisted|p2a: Metagross|1
|-resisted|p2b: Kommo-o|1
|-damage|p2a: Metagross|87/100
|-heal|p1a: Sinistcha|62/100|[from] drain|[of] p2a: Metagross
|-damage|p2b: Kommo-o|77/100
|-heal|p1a: Sinistcha|68/100|[from] drain|[of] p2b: Kommo-o
|move|p2a: Metagross|Psychic Fangs|p1a: Sinistcha
|-damage|p1a: Sinistcha|39/100
|move|p2b: Kommo-o|Clanging Scales|p1b: Sneasler|[spread] p1a,p1b
|-damage|p1a: Sinistcha|0 fnt
|-damage|p1b: Sneasler|0 fnt
|faint|p1a: Sinistcha
|faint|p1b: Sneasler
|-unboost|p2b: Kommo-o|def|1
|-damage|p2b: Kommo-o|67/100|[from] item: Life Orb
|
|upkeep
|
|t:|1785138851
|switch|p1a: Eelektross|Eelektross, L50, M|100/100
|switch|p1b: Primarina|Primarina, L50, M|100/100
|turn|3
|
|t:|1785138867
|detailschange|p1a: Eelektross|Eelektross-Mega, L50, M
|-mega|p1a: Eelektross|Eelektross|Eelektrossite
|detailschange|p2a: Metagross|Metagross-Mega, L50, shiny
|-mega|p2a: Metagross|Metagross|Metagrossite
|move|p2b: Kommo-o|Protect|p2b: Kommo-o
|-singleturn|p2b: Kommo-o|Protect
|move|p1b: Primarina|Dazzling Gleam|p2b: Kommo-o|[spread] p2a
|-activate|p2b: Kommo-o|move: Protect
|-resisted|p2a: Metagross|1
|-damage|p2a: Metagross|71/100
|move|p1a: Eelektross|Flamethrower|p2a: Metagross
|-supereffective|p2a: Metagross|1
|-damage|p2a: Metagross|20/100y
|move|p2a: Metagross|Psychic Fangs|p1b: Primarina
|-damage|p1b: Primarina|38/100
|
|upkeep
|turn|4
|
|t:|1785138892
|move|p2a: Metagross|Bullet Punch|p1b: Primarina
|-damage|p1b: Primarina|10/100
|move|p1b: Primarina|Dazzling Gleam|p2a: Metagross|[spread] p2a,p2b
|-resisted|p2a: Metagross|1
|-supereffective|p2b: Kommo-o|2
|-damage|p2a: Metagross|4/100
|-damage|p2b: Kommo-o|0 fnt
|faint|p2b: Kommo-o
|move|p1a: Eelektross|Flamethrower|p2a: Metagross
|-supereffective|p2a: Metagross|1
|-damage|p2a: Metagross|0 fnt
|faint|p2a: Metagross
|-ability|p1a: Eelektross|Eelevate|boost
|-boost|p1a: Eelektross|spa|1
|
|upkeep
|
|t:|1785138898
|switch|p2b: Talonflame|Talonflame, L50, F|100/100
|turn|5
|-message|kcb.rodrii forfeited.
|
|win|BlackStag52
|raw|BlackStag52's rating: 1059 → 1098(+39 for winning)
|raw|kcb.rodrii's rating: 1144 → 1113(-31 for losing)
