|j|☆ruddyreboot
|j|☆dragonite fraude
|html|ruddyrebootdragonite fraude    
|uhtml|bestof|Game 2 of a best-of-3
|t:|1757852754
|gametype|doubles
|player|p1|ruddyreboot|crasherwake|1198
|player|p2|dragonite fraude|265|1113
|gen|9
|tier|[Gen 9] VGC 2025 Reg H (Bo3)
|rated|
|rule|Species Clause: Limit one of each Pokémon
|rule|Item Clause: Limit 1 of each item
|clearpoke
|poke|p1|Malamar, L50, M|
|poke|p1|Farigiraf, L50, F|
|poke|p1|Ursaluna-Bloodmoon, L50, M|
|poke|p1|Smeargle, L50, F|
|poke|p1|Rillaboom, L50, M|
|poke|p1|Torkoal, L50, F|
|poke|p2|Maushold-Four, L50|
|poke|p2|Gholdengo, L50|
|poke|p2|Dragonite, L50, M|
|poke|p2|Annihilape, L50, F|
|poke|p2|Rillaboom, L50, M|
|poke|p2|Ursaluna-Bloodmoon, L50, M|
|teampreview|4
|showteam|p1|Malamar||SafetyGoggles|Contrary|Superpower,KnockOff,TrickRoom,Protect|||M|||50|,,,,,Fire]Farigiraf||ThroatSpray|ArmorTail|Protect,TrickRoom,HyperVoice,Psychic|||F|||50|,,,,,Grass]Ursaluna-Bloodmoon||LifeOrb|MindsEye|Protect,EarthPower,HyperVoice,BloodMoon|||M|||50|,,,,,Normal]Smeargle||FocusSash|Technician|FakeOut,Decorate,Spore,FollowMe|||F|||50|,,,,,Grass]Rillaboom||AssaultVest|GrassySurge|WoodHammer,GrassyGlide,HighHorsepower,FakeOut|||M|||50|,,,,,Fire]Torkoal||Charcoal|Drought|Eruption,ClearSmog,Protect,Flamethrower|||F|||50|,,,,,Fire
|showteam|p2|Maushold-Four||FocusSash|FriendGuard|SuperFang,BeatUp,FollowMe,Protect||||||50|,,,,,Ghost]Gholdengo||LifeOrb|GoodasGold|MakeItRain,ShadowBall,NastyPlot,Protect||||||50|,,,,,Water]Dragonite||LoadedDice|Multiscale|ScaleShot,Tailwind,Haze,Protect|||M|||50|,,,,,Fairy]Annihilape||SitrusBerry|Defiant|DrainPunch,RageFist,BulkUp,Protect|||F|||50|,,,,,Fire]Rillaboom||MiracleSeed|GrassySurge|WoodHammer,GrassyGlide,HighHorsepower,FakeOut|||M|||50|,,,,,Fire]Ursaluna-Bloodmoon||AssaultVest|MindsEye|BloodMoon,EarthPower,HyperVoice,VacuumWave|||M|||50|,,,,,Water
|inactive|Battle timer is ON: inactive players will automatically lose when time's up. (requested by ruddyreboot)
|
|t:|1757852767
|teamsize|p1|4
|teamsize|p2|4
|start
|switch|p1a: Malamar|Malamar, L50, M|100/100
|switch|p1b: Rillaboom|Rillaboom, L50, M|100/100
|switch|p2a: Maushold|Maushold-Four, L50|100/100
|switch|p2b: Gholdengo|Gholdengo, L50|100/100
|-fieldstart|move: Grassy Terrain|[from] ability: Grassy Surge|[of] p1b: Rillaboom
|turn|1
|
|t:|1757852788
|move|p1b: Rillaboom|Fake Out|p2a: Maushold
|-damage|p2a: Maushold|80/100
|cant|p2a: Maushold|flinch
|move|p2b: Gholdengo|Shadow Ball|p1a: Malamar
|-damage|p1a: Malamar|47/100
|-damage|p2b: Gholdengo|91/100|[from] item: Life Orb
|move|p1a: Malamar|Trick Room|p1a: Malamar
|-fieldstart|move: Trick Room|[of] p1a: Malamar
|
|-heal|p1a: Malamar|53/100|[from] Grassy Terrain
|-heal|p2b: Gholdengo|97/100|[from] Grassy Terrain
|-heal|p2a: Maushold|87/100|[from] Grassy Terrain
|upkeep
|turn|2
|
|t:|1757852805
|move|p2a: Maushold|Follow Me|p2a: Maushold
|-singleturn|p2a: Maushold|move: Follow Me
|move|p1a: Malamar|Superpower|p2a: Maushold
|-supereffective|p2a: Maushold
|-damage|p2a: Maushold|18/100
|-boost|p1a: Malamar|atk|1
|-boost|p1a: Malamar|def|1
|move|p1b: Rillaboom|High Horsepower|p2a: Maushold
|-damage|p2a: Maushold|0 fnt
|faint|p2a: Maushold
|move|p2b: Gholdengo|Make It Rain|p1b: Rillaboom|[spread] p1a,p1b
|-damage|p1a: Malamar|0 fnt
|-damage|p1b: Rillaboom|56/100
|-unboost|p2b: Gholdengo|spa|1
|faint|p1a: Malamar
|-damage|p2b: Gholdengo|88/100|[from] item: Life Orb
|
|-heal|p1b: Rillaboom|63/100|[from] Grassy Terrain
|-heal|p2b: Gholdengo|94/100|[from] Grassy Terrain
|upkeep
|
|t:|1757852816
|switch|p1a: Ursaluna|Ursaluna-Bloodmoon, L50, M|100/100
|switch|p2a: Dragonite|Dragonite, L50, M|100/100
|turn|3
|
|t:|1757852834
|-terastallize|p1a: Ursaluna|Normal
|-terastallize|p2b: Gholdengo|Water
|move|p1b: Rillaboom|Grassy Glide|p2a: Dragonite
|-resisted|p2a: Dragonite
|-damage|p2a: Dragonite|95/100
|move|p1a: Ursaluna|Blood Moon|p2a: Dragonite
|-damage|p2a: Dragonite|0 fnt
|faint|p2a: Dragonite
|-damage|p1a: Ursaluna|91/100|[from] item: Life Orb
|move|p2b: Gholdengo|Make It Rain|p1b: Rillaboom|[spread] p1a,p1b
|-damage|p1a: Ursaluna|45/100
|-damage|p1b: Rillaboom|32/100
|-unboost|p2b: Gholdengo|spa|1
|-damage|p2b: Gholdengo|84/100|[from] item: Life Orb
|
|-heal|p1a: Ursaluna|51/100|[from] Grassy Terrain
|-heal|p1b: Rillaboom|38/100|[from] Grassy Terrain
|-heal|p2b: Gholdengo|90/100|[from] Grassy Terrain
|upkeep
|
|t:|1757852843
|switch|p2a: Ursaluna|Ursaluna-Bloodmoon, L50, M|100/100
|turn|4
|
|t:|1757852863
|move|p2b: Gholdengo|Protect|p2b: Gholdengo
|-singleturn|p2b: Gholdengo|Protect
|move|p1b: Rillaboom|Grassy Glide|p2a: Ursaluna
|-supereffective|p2a: Ursaluna
|-damage|p2a: Ursaluna|40/100
|move|p1a: Ursaluna|Hyper Voice|p2b: Gholdengo|[spread] p2a
|-activate|p2b: Gholdengo|move: Protect
|-damage|p2a: Ursaluna|0 fnt
|faint|p2a: Ursaluna
|-damage|p1a: Ursaluna|42/100|[from] item: Life Orb
|
|-heal|p1a: Ursaluna|47/100|[from] Grassy Terrain
|-heal|p1b: Rillaboom|44/100|[from] Grassy Terrain
|-heal|p2b: Gholdengo|97/100|[from] Grassy Terrain
|upkeep
|turn|5
|-message|dragonite fraude forfeited.
|
|win|ruddyreboot
|raw|ruddyreboot's rating: 1198 → 1217(+19 for winning)
|raw|dragonite fraude's rating: 1113 → 1094(-19 for losing)
|l|☆dragonite fraude
|player|p2|
|l|☆ruddyreboot
|player|p1|
|j|☆dragonite fraude
|player|p2|dragonite fraude|265|
