|j|☆bennobad
|j|☆TobiYume
|html|bennobadTobiYume    
|uhtml|bestof|Game 2 of a best-of-3
|t:|1756917533
|gametype|doubles
|player|p1|bennobad|1|1211
|player|p2|TobiYume|roxie|1107
|gen|9
|tier|[Gen 9] VGC 2025 Reg H (Bo3)
|rated|
|rule|Species Clause: Limit one of each Pokémon
|rule|Item Clause: Limit 1 of each item
|clearpoke
|poke|p1|Ursaluna, L50, M|
|poke|p1|Hydreigon, L50, F|
|poke|p1|Gholdengo, L50|
|poke|p1|Incineroar, L50, F|
|poke|p1|Amoonguss, L50, M|
|poke|p1|Porygon2, L50|
|poke|p2|Garchomp, L50, M|
|poke|p2|Talonflame, L50, F|
|poke|p2|Sylveon, L50, F|
|poke|p2|Tyranitar, L50, M|
|poke|p2|Decidueye-Hisui, L50, F|
|poke|p2|Gholdengo, L50|
|teampreview|4
|showteam|p1|Ursaluna||FlameOrb|Guts|Facade,HeadlongRush,Substitute,Protect|||M|||50|,,,,,Fairy]Hydreigon||CovertCloak|Levitate|DracoMeteor,Snarl,Tailwind,Protect|||F|||50|,,,,,Steel]Gholdengo||LifeOrb|GoodasGold|MakeItRain,ShadowBall,Protect,NastyPlot||||||50|,,,,,Dragon]Incineroar||AssaultVest|Intimidate|KnockOff,FlareBlitz,Uturn,FakeOut|||F|||50|,,,,,Grass]Amoonguss||MentalHerb|Regenerator|Spore,RagePowder,ClearSmog,Protect|||M|||50|,,,,,Fire]Porygon2||Eviolite|Download|TeraBlast,Thunderbolt,Recover,TrickRoom||||||50|,,,,,Fairy
|showteam|p2|Garchomp||LifeOrb|RoughSkin|DragonClaw,StompingTantrum,Earthquake,Protect|||M|||50|,,,,,Steel]Talonflame||CovertCloak|GaleWings|Tailwind,WillOWisp,BraveBird,Taunt|||F|||50|,,,,,Grass]Sylveon||ThroatSpray|Pixilate|HyperVoice,HyperBeam,TeraBlast,Protect|||F|||50|,,,,,Water]Tyranitar||AssaultVest|SandStream|RockSlide,KnockOff,TeraBlast,LowKick|||M|||50|,,,,,Flying]Decidueye-Hisui||RazorClaw|Scrappy|TripleArrows,LeafBlade,SuckerPunch,Protect|||F|||50|,,,,,Fire]Gholdengo||Leftovers|GoodasGold|MakeItRain,ShadowBall,NastyPlot,Protect||||||50|,,,,,Dragon
|inactive|Battle timer is ON: inactive players will automatically lose when time's up. (requested by TobiYume)
|inactive|bennobad has 60 seconds left.
|
|t:|1756917589
|teamsize|p1|4
|teamsize|p2|4
|start
|switch|p1a: Hydreigon|Hydreigon, L50, F, shiny|100/100
|switch|p1b: Gholdengo|Gholdengo, L50, shiny|100/100
|switch|p2a: Elie|Talonflame, L50, F|100/100
|switch|p2b: Noel|Decidueye-Hisui, L50, F|100/100
|turn|1
|
|t:|1756917603
|-terastallize|p1b: Gholdengo|Dragon
|move|p1a: Hydreigon|Protect|p1a: Hydreigon
|-singleturn|p1a: Hydreigon|Protect
|move|p2a: Elie|Tailwind|p2a: Elie
|-sidestart|p2: TobiYume|move: Tailwind
|move|p2b: Noel|Triple Arrows|p1a: Hydreigon
|-activate|p1a: Hydreigon|move: Protect
|move|p1b: Gholdengo|Make It Rain|p2b: Noel|[spread] p2a,p2b
|-resisted|p2a: Elie
|-damage|p2a: Elie|61/100
|-damage|p2b: Noel|41/100
|-unboost|p1b: Gholdengo|spa|1
|-damage|p1b: Gholdengo|91/100|[from] item: Life Orb
|
|upkeep
|turn|2
|
|t:|1756917626
|move|p2a: Elie|Brave Bird|p1b: Gholdengo
|-crit|p1b: Gholdengo
|-damage|p1b: Gholdengo|38/100
|-damage|p2a: Elie|45/100|[from] Recoil
|move|p2b: Noel|Triple Arrows|p1a: Hydreigon
|-supereffective|p1a: Hydreigon
|-crit|p1a: Hydreigon
|-damage|p1a: Hydreigon|0 fnt
|faint|p1a: Hydreigon
|move|p1b: Gholdengo|Make It Rain|p2a: Elie|[spread] p2a,p2b
|-resisted|p2a: Elie
|-crit|p2a: Elie
|-damage|p2a: Elie|0 fnt
|-damage|p2b: Noel|0 fnt
|-unboost|p1b: Gholdengo|spa|1
|faint|p2a: Elie
|faint|p2b: Noel
|-damage|p1b: Gholdengo|28/100|[from] item: Life Orb
|
|upkeep
|
|t:|1756917648
|switch|p2a: Randy|Tyranitar, L50, M|100/100
|switch|p1a: Ursaluna|Ursaluna, L50, M|100/100
|switch|p2b: Wazy|Gholdengo, L50|100/100
|-weather|Sandstorm|[from] ability: Sand Stream|[of] p2a: Randy
|turn|3
|
|t:|1756917668
|switch|p1b: Incineroar|Incineroar, L50, F, shiny|100/100
|-ability|p1b: Incineroar|Intimidate|boost
|-unboost|p2a: Randy|atk|1
|-unboost|p2b: Wazy|atk|1
|move|p2b: Wazy|Make It Rain|p1b: Incineroar|[spread] p1a,p1b
|-resisted|p1b: Incineroar
|-damage|p1a: Ursaluna|57/100
|-damage|p1b: Incineroar|88/100
|-unboost|p2b: Wazy|spa|1
|move|p2a: Randy|Low Kick|p1a: Ursaluna
|-supereffective|p1a: Ursaluna
|-damage|p1a: Ursaluna|2/100
|move|p1a: Ursaluna|Headlong Rush|p2b: Wazy
|-supereffective|p2b: Wazy
|-damage|p2b: Wazy|0 fnt
|-unboost|p1a: Ursaluna|def|1
|-unboost|p1a: Ursaluna|spd|1
|faint|p2b: Wazy
|
|-weather|Sandstorm|[upkeep]
|-damage|p1b: Incineroar|82/100|[from] Sandstorm
|-status|p1a: Ursaluna|brn|[from] item: Flame Orb
|upkeep
|turn|4
|
|t:|1756917691
|move|p1b: Incineroar|Fake Out|p2a: Randy
|-resisted|p2a: Randy
|-damage|p2a: Randy|96/100
|cant|p2a: Randy|flinch
|move|p1a: Ursaluna|Facade|p2a: Randy
|-resisted|p2a: Randy
|-damage|p2a: Randy|45/100
|
|-weather|Sandstorm|[upkeep]
|-damage|p1b: Incineroar|75/100|[from] Sandstorm
|-damage|p1a: Ursaluna|0 fnt|[from] brn
|faint|p1a: Ursaluna
|-sideend|p2: TobiYume|move: Tailwind
|upkeep
|
|t:|1756917700
|switch|p1a: Gholdengo|Gholdengo, L50, shiny, tera:Dragon|28/100
|turn|5
|
|t:|1756917706
|-terastallize|p2a: Randy|Flying
|move|p1a: Gholdengo|Make It Rain|p2a: Randy
|-damage|p2a: Randy|0 fnt
|-unboost|p1a: Gholdengo|spa|1
|faint|p2a: Randy
|-damage|p1a: Gholdengo|19/100|[from] item: Life Orb
|
|win|bennobad
||bennobad is ready for game 3.
||TobiYume is ready for game 3.
|uhtml|next|Next: Game 3 of 3
