|j|☆Inteligent8pro
|j|☆Arzarane07
|html|Inteligent8proArzarane07    
|uhtml|bestof|Game 1 of a best-of-3
|t:|1786031864
|gametype|doubles
|player|p1|Inteligent8pro|elesa|1046
|player|p2|Arzarane07|steven|1109
|gen|9
|tier|[Gen 9 Champions] VGC 2026 Reg M-B (Bo3)
|rated|
|rule|Species Clause: Limit one of each Pokémon
|rule|Item Clause: Limit 1 of each item
|clearpoke
|poke|p1|Blaziken, L50, F|
|poke|p1|Venusaur, L50, M|
|poke|p1|Kingambit, L50, M|
|poke|p1|Ninetales-Alola, L50, M|
|poke|p1|Lycanroc-Dusk, L50, M|
|poke|p1|Basculegion, L50, M|
|poke|p2|Greninja, L50, M|
|poke|p2|Grimmsnarl, L50, M|
|poke|p2|Garchomp, L50, F|
|poke|p2|Annihilape, L50, M|
|poke|p2|Glimmora, L50, F|
|poke|p2|Tsareena, L50, F|
|teampreview|4
|showteam|p1|Blaziken||Blazikenite|SpeedBoost|FlareBlitz,CloseCombat,RockSlide,Detect|Adamant||F|||50|]Venusaur||Venusaurite|Chlorophyll|GigaDrain,SludgeBomb,EarthPower,Protect|Modest||M|||50|]Kingambit||LifeOrb|Defiant|KowtowCleave,SuckerPunch,IronHead,Protect|Adamant||M|||50|]Ninetales-Alola||NeverMeltIce|SnowWarning|Blizzard,FreezeDry,Encore,Protect|Timid||M|||50|]Lycanroc-Dusk||FocusSash|ToughClaws|RockSlide,Accelerock,CloseCombat,Protect|Adamant||M|||50|]Basculegion||ChoiceScarf|Adaptability|LastRespects,WaveCrash,AquaJet,FlipTurn|Jolly||M|||50|
|showteam|p2|Greninja||Greninjite|Protean|IceBeam,Surf,DarkPulse,Protect|Modest||M|||50|]Grimmsnarl||LightClay|Prankster|Taunt,LightScreen,Reflect,SpiritBreak|Careful||M|||50|]Garchomp||LifeOrb|RoughSkin|StompingTantrum,RockSlide,DragonClaw,Protect|Jolly||F|||50|]Annihilape||Leftovers|Defiant|RageFist,DrainPunch,BeatUp,Protect|Adamant||M|||50|]Glimmora||FocusSash|ToxicDebris|SludgeBomb,EarthPower,PowerGem,SpikyShield|Timid||F|||50|]Tsareena||WideLens|QueenlyMajesty|PowerWhip,TripleAxel,LowKick,Protect|Jolly||F|||50|
|c|☆Inteligent8pro|hello
|
|t:|1786031926
|teamsize|p1|4
|teamsize|p2|4
|start
|switch|p1a: Venusaur|Venusaur, L50, M|100/100
|switch|p1b: Ninetales|Ninetales-Alola, L50, M|100/100
|switch|p2a: Grimmsnarl|Grimmsnarl, L50, M|100/100
|switch|p2b: Glimmora|Glimmora, L50, F|100/100
|-weather|Snowscape|[from] ability: Snow Warning|[of] p1b: Ninetales
|turn|1
|inactive|Battle timer is ON: inactive players will automatically lose when time's up. (requested by Arzarane07)
|
|t:|1786031951
|detailschange|p1a: Venusaur|Venusaur-Mega, L50, M
|-mega|p1a: Venusaur|Venusaur|Venusaurite
|move|p2a: Grimmsnarl|Light Screen|p2a: Grimmsnarl
|-sidestart|p2: Arzarane07|move: Light Screen
|move|p1b: Ninetales|Blizzard|p2a: Grimmsnarl|[spread] p2a,p2b
|-damage|p2a: Grimmsnarl|83/100
|-damage|p2b: Glimmora|67/100
|move|p2b: Glimmora|Sludge Bomb|p1b: Ninetales
|-supereffective|p1b: Ninetales|1
|-damage|p1b: Ninetales|0 fnt
|faint|p1b: Ninetales
|move|p1a: Venusaur|Earth Power|p2b: Glimmora
|-supereffective|p2b: Glimmora|2
|-damage|p2b: Glimmora|0 fnt
|faint|p2b: Glimmora
|
|-weather|Snowscape|[upkeep]
|upkeep
|
|t:|1786031969
|switch|p1b: Basculegion|Basculegion, L50, M|100/100
|switch|p2b: Greninja|Greninja, L50, M|100/100
|turn|2
|inactive|Inteligent8pro has 30 seconds left.
|
|t:|1786031996
|move|p1a: Venusaur|Protect|p1a: Venusaur
|-singleturn|p1a: Venusaur|Protect
|move|p2a: Grimmsnarl|Reflect|p2a: Grimmsnarl
|-sidestart|p2: Arzarane07|Reflect
|move|p1b: Basculegion|Last Respects|p2b: Greninja
|-resisted|p2b: Greninja|1
|-damage|p2b: Greninja|69/100
|move|p2b: Greninja|Dark Pulse|p1b: Basculegion
|-start|p2b: Greninja|typechange|Dark|[from] ability: Protean
|-supereffective|p1b: Basculegion|1
|-damage|p1b: Basculegion|16/100
|
|-weather|Snowscape|[upkeep]
|upkeep
|turn|3
|
|t:|1786032019
|switch|p1b: Blaziken|Blaziken, L50, F|100/100
|detailschange|p2b: Greninja|Greninja-Mega, L50, M
|-mega|p2b: Greninja|Greninja|Greninjite
|move|p2b: Greninja|Ice Beam|p1a: Venusaur
|-start|p2b: Greninja|typechange|Ice|[from] ability: Protean
|-supereffective|p1a: Venusaur|1
|-damage|p1a: Venusaur|58/100
|-status|p1a: Venusaur|frz
|cant|p1a: Venusaur|frz
|move|p2a: Grimmsnarl|Spirit Break|p1b: Blaziken
|-damage|p1b: Blaziken|55/100
|-unboost|p1b: Blaziken|spa|1
|
|-weather|Snowscape|[upkeep]
|upkeep
|turn|4
|inactive|Inteligent8pro has 30 seconds left.
|inactive|Arzarane07 has 30 seconds left.
|inactive|Inteligent8pro has 20 seconds left.
|inactive|Inteligent8pro has 15 seconds left.
|
|t:|1786032061
|switch|p2b: Annihilape|Annihilape, L50, M|100/100
|move|p1b: Blaziken|Detect|p1b: Blaziken
|-singleturn|p1b: Blaziken|Protect
|cant|p1a: Venusaur|frz
|move|p2a: Grimmsnarl|Spirit Break|p1b: Blaziken
|-activate|p1b: Blaziken|move: Protect
|
|-weather|Snowscape|[upkeep]
|-ability|p1b: Blaziken|Speed Boost|boost
|-boost|p1b: Blaziken|spe|1
|upkeep
|turn|5
|inactive|Inteligent8pro has 30 seconds left.
|inactive|Arzarane07 has 30 seconds left.
|inactive|Inteligent8pro has 20 seconds left.
|
|t:|1786032097
|move|p1b: Blaziken|Flare Blitz|p2b: Annihilape
|-damage|p2b: Annihilape|57/100
|-damage|p1b: Blaziken|37/100|[from] Recoil
|-curestatus|p1a: Venusaur|frz|[msg]
|move|p1a: Venusaur|Giga Drain|p2b: Annihilape
|-damage|p2b: Annihilape|35/100
|-heal|p1a: Venusaur|71/100|[from] drain|[of] p2b: Annihilape
|move|p2b: Annihilape|Drain Punch|p1a: Venusaur
|-resisted|p1a: Venusaur|1
|-damage|p1a: Venusaur|56/100
|-heal|p2b: Annihilape|42/100|[from] drain|[of] p1a: Venusaur
|move|p2a: Grimmsnarl|Spirit Break|p1b: Blaziken
|-damage|p1b: Blaziken|0 fnt
|faint|p1b: Blaziken
|
|-weather|none
|-heal|p2b: Annihilape|48/100|[from] item: Leftovers
|upkeep
|
|t:|1786032111
|switch|p1b: Basculegion|Basculegion, L50, M|16/100
|turn|6
|
|t:|1786032128
|move|p2b: Annihilape|Protect|p2b: Annihilape
|-singleturn|p2b: Annihilape|Protect
|move|p1b: Basculegion|Last Respects|p2b: Annihilape
|-activate|p2b: Annihilape|move: Protect
|move|p1a: Venusaur|Sludge Bomb|p2a: Grimmsnarl
|-supereffective|p2a: Grimmsnarl|1
|-damage|p2a: Grimmsnarl|36/100
|-status|p2a: Grimmsnarl|psn
|move|p2a: Grimmsnarl|Spirit Break|p1b: Basculegion
|-damage|p1b: Basculegion|0 fnt
|faint|p1b: Basculegion
|
|-heal|p2b: Annihilape|54/100|[from] item: Leftovers
|-damage|p2a: Grimmsnarl|23/100 psn|[from] psn
|upkeep
|turn|7
|
|t:|1786032146
|move|p1a: Venusaur|Giga Drain|p2b: Annihilape
|-damage|p2b: Annihilape|32/100
|-heal|p1a: Venusaur|69/100|[from] drain|[of] p2b: Annihilape
|move|p2b: Annihilape|Rage Fist|p1a: Venusaur
|-damage|p1a: Venusaur|0 fnt
|faint|p1a: Venusaur
|
|win|Arzarane07
|l|☆Arzarane07
|player|p2|
|inactive|Inteligent8pro has 30 seconds to confirm battle start!
|inactive|Arzarane07 has 30 seconds to confirm battle start!
||Inteligent8pro is ready for game 2.
||Arzarane07 is ready for game 2.
|uhtml|next|Next: Game 2 of 3
