|j|☆Mega Chime Time
|j|☆midranger
|html|Mega Chime Timemidranger    
|uhtml|bestof|Game 2 of a best-of-3
|t:|1783444927
|gametype|doubles
|player|p1|Mega Chime Time|miku-flying|
|player|p2|midranger|1|
|gen|9
|tier|[Gen 9 Champions] VGC 2026 Reg M-B (Bo3)
|rule|Species Clause: Limit one of each Pokémon
|rule|Item Clause: Limit 1 of each item
|clearpoke
|poke|p1|Chimecho, L50, F|
|poke|p1|Starmie, L50|
|poke|p1|Klefki, L50, F|
|poke|p1|Rotom-Mow, L50|
|poke|p1|Salazzle, L50, F|
|poke|p1|Gliscor, L50, M, shiny|
|poke|p2|Arcanine, L50, F|
|poke|p2|Decidueye-Hisui, L50, M|
|poke|p2|Altaria, L50, F|
|poke|p2|Liepard, L50, F|
|poke|p2|Diggersby, L50, F|
|poke|p2|Blastoise, L50, F|
|teampreview|4
|showteam|p1|Chimecho||Leftovers|Levitate|StoredPower,CosmicPower,Recover,Protect|Bold||F|||50|]Starmie||Starminite|Illuminate|AquaJet,Liquidation,Protect,BulkUp|Jolly|||||50|]Klefki||LightClay|Prankster|RainDance,DazzlingGleam,Reflect,LightScreen|Calm||F|||50|]Rotom-Mow||ChoiceScarf|Levitate|VoltSwitch,Trick,LeafStorm,Thunderbolt|Timid|||||50|]Salazzle||FocusSash|Corrosion|FakeOut,HeatWave,Encore,Protect|Hasty||F|||50|]Gliscor||SitrusBerry|HyperCutter|Earthquake,Tailwind,Toxic,Protect|Jolly||M|||50|
|showteam|p2|Arcanine||SitrusBerry|Intimidate|Protect,FlareBlitz,Howl,ExtremeSpeed|Adamant||F|||50|]Decidueye-Hisui||ChoiceScarf|Scrappy|TripleArrows,LeafBlade,Uturn,KnockOff|Adamant||M|||50|]Altaria||Altarianite|CloudNine|HyperVoice,Protect,Tailwind,DragonPulse|Modest||F|||50|]Liepard||FocusSash|Prankster|KnockOff,Taunt,FakeOut,Yawn|Jolly||F|||50|]Diggersby||LifeOrb|HugePower|HighHorsepower,RockSlide,IronHead,Protect|Adamant||F|||50|]Blastoise||MysticWater|Torrent|FakeOut,WaveCrash,AquaJet,BrickBreak|Adamant||F|||50|
|inactive|Battle timer is ON: inactive players will automatically lose when time's up. (requested by Mega Chime Time)
|inactive|Mega Chime Time has 60 seconds left.
|inactive|midranger has 60 seconds left.
|
|t:|1783444972
|teamsize|p1|4
|teamsize|p2|4
|start
|switch|p1a: Gliscor|Gliscor, L50, M, shiny|100/100
|switch|p1b: Klefki|Klefki, L50, F|100/100
|switch|p2a: Arcanine|Arcanine, L50, F|100/100
|switch|p2b: Decidueye|Decidueye-Hisui, L50, M|100/100
|-ability|p2a: Arcanine|Intimidate|boost
|-fail|p1a: Gliscor|unboost|Attack|[from] ability: Hyper Cutter|[of] p1a: Gliscor
|-unboost|p1b: Klefki|atk|1
|turn|1
|inactive|Mega Chime Time has 30 seconds left.
|inactive|midranger has 30 seconds left.
|
|t:|1783445007
|switch|p2b: Altaria|Altaria, L50, F|100/100
|-ability|p2b: Altaria|Cloud Nine
|move|p1b: Klefki|Light Screen|p1b: Klefki
|-sidestart|p1: Mega Chime Time|move: Light Screen
|move|p1a: Gliscor|Tailwind|p1a: Gliscor
|-sidestart|p1: Mega Chime Time|move: Tailwind
|move|p2a: Arcanine|Flare Blitz|p1b: Klefki
|-supereffective|p1b: Klefki|1
|-damage|p1b: Klefki|0 fnt
|faint|p1b: Klefki
|-damage|p2a: Arcanine|72/100|[from] Recoil
|
|upkeep
|
|t:|1783445019
|switch|p1b: Starmie|Starmie, L50|100/100
|turn|2
|
|t:|1783445040
|switch|p2a: Blastoise|Blastoise, L50, F|100/100
|detailschange|p1b: Starmie|Starmie-Mega, L50
|-mega|p1b: Starmie|Starmie|Starminite
|move|p1b: Starmie|Liquidation|p2a: Blastoise
|-resisted|p2a: Blastoise|1
|-damage|p2a: Blastoise|67/100
|move|p1a: Gliscor|Toxic|p2b: Altaria
|-status|p2b: Altaria|tox
|move|p2b: Altaria|Tailwind|p2b: Altaria
|-sidestart|p2: midranger|move: Tailwind
|
|-damage|p2b: Altaria|94/100 tox|[from] psn
|upkeep
|turn|3
|
|t:|1783445061
|switch|p2b: Arcanine|Arcanine, L50, F|72/100
|-ability|p2b: Arcanine|Intimidate|boost
|-fail|p1a: Gliscor|unboost|Attack|[from] ability: Hyper Cutter|[of] p1a: Gliscor
|-unboost|p1b: Starmie|atk|1
|move|p1a: Gliscor|Protect|p1a: Gliscor
|-singleturn|p1a: Gliscor|Protect
|move|p2a: Blastoise|Fake Out|p1b: Starmie
|-damage|p1b: Starmie|88/100
|cant|p1b: Starmie|flinch
|
|upkeep
|turn|4
|
|t:|1783445085
|move|p1b: Starmie|Protect|p1b: Starmie
|-singleturn|p1b: Starmie|Protect
|move|p2b: Arcanine|Protect|p2b: Arcanine
|-singleturn|p2b: Arcanine|Protect
|move|p1a: Gliscor|Earthquake|p2a: Blastoise|[spread] p2a
|-activate|p1b: Starmie|move: Protect
|-activate|p2b: Arcanine|move: Protect
|-damage|p2a: Blastoise|42/100
|move|p2a: Blastoise|Wave Crash|p1a: Gliscor
|-supereffective|p1a: Gliscor|1
|-damage|p1a: Gliscor|9/100
|-enditem|p1a: Gliscor|Sitrus Berry|[eat]
|-heal|p1a: Gliscor|34/100|[from] item: Sitrus Berry
|-damage|p2a: Blastoise|17/100|[from] Recoil
|
|-sideend|p1: Mega Chime Time|move: Tailwind
|upkeep
|turn|5
|inactive|Mega Chime Time has 30 seconds left.
|inactive|midranger has 30 seconds left.
|inactive|midranger has 20 seconds left.
|inactive|midranger has 15 seconds left.
|
|t:|1783445127
|switch|p2b: Altaria|Altaria, L50, F|94/100 tox
|-ability|p2b: Altaria|Cloud Nine
|switch|p1a: Salazzle|Salazzle, L50, F|100/100
|move|p2a: Blastoise|Aqua Jet|p1a: Salazzle
|-supereffective|p1a: Salazzle|1
|-enditem|p1a: Salazzle|Focus Sash
|-damage|p1a: Salazzle|1/100
|move|p1b: Starmie|Liquidation|p2b: Altaria
|-resisted|p2b: Altaria|1
|-damage|p2b: Altaria|67/100 tox
|
|-damage|p2b: Altaria|61/100 tox|[from] psn
|-sideend|p2: midranger|move: Tailwind
|upkeep
|turn|6
|
|t:|1783445149
|switch|p2a: Arcanine|Arcanine, L50, F|72/100
|-ability|p2a: Arcanine|Intimidate|boost
|-unboost|p1a: Salazzle|atk|1
|-unboost|p1b: Starmie|atk|1
|move|p1a: Salazzle|Protect|p1a: Salazzle
|-singleturn|p1a: Salazzle|Protect
|move|p2b: Altaria|Protect|p2b: Altaria
|-singleturn|p2b: Altaria|Protect
|move|p1b: Starmie|Liquidation|p2a: Arcanine
|-supereffective|p2a: Arcanine|1
|-damage|p2a: Arcanine|0 fnt
|faint|p2a: Arcanine
|
|-damage|p2b: Altaria|50/100g tox|[from] psn
|upkeep
|
|t:|1783445162
|switch|p2a: Blastoise|Blastoise, L50, F|17/100
|turn|7
|
|t:|1783445186
|switch|p1a: Gliscor|Gliscor, L50, M, shiny|34/100
|detailschange|p2b: Altaria|Altaria-Mega, L50, F
|-mega|p2b: Altaria|Altaria|Altarianite
|move|p2a: Blastoise|Aqua Jet|p1a: Gliscor
|-supereffective|p1a: Gliscor|1
|-damage|p1a: Gliscor|0 fnt
|faint|p1a: Gliscor
|move|p1b: Starmie|Liquidation|p2a: Blastoise
|-resisted|p2a: Blastoise|1
|-damage|p2a: Blastoise|2/100
|move|p2b: Altaria|Hyper Voice|p1b: Starmie
|-damage|p1b: Starmie|42/100
|
|-damage|p2b: Altaria|33/100 tox|[from] psn
|upkeep
|
|t:|1783445197
|switch|p1a: Salazzle|Salazzle, L50, F|1/100
|turn|8
|
|t:|1783445211
|move|p2b: Altaria|Protect|p2b: Altaria
|-singleturn|p2b: Altaria|Protect
|move|p1a: Salazzle|Fake Out|p2b: Altaria
|-activate|p2b: Altaria|move: Protect
|move|p1b: Starmie|Aqua Jet|p2a: Blastoise
|-resisted|p2a: Blastoise|1
|-damage|p2a: Blastoise|0 fnt
|faint|p2a: Blastoise
|
|-damage|p2b: Altaria|10/100 tox|[from] psn
|-sideend|p1: Mega Chime Time|move: Light Screen
|upkeep
|
|t:|1783445221
|switch|p2a: Decidueye|Decidueye-Hisui, L50, M|100/100
|turn|9
|
|t:|1783445228
|move|p1b: Starmie|Liquidation|p2a: Decidueye
|-resisted|p2a: Decidueye|1
|-damage|p2a: Decidueye|75/100
|move|p1a: Salazzle|Heat Wave|p2a: Decidueye|[spread] p2a,p2b
|-supereffective|p2a: Decidueye|1
|-resisted|p2b: Altaria|1
|-damage|p2a: Decidueye|2/100
|-damage|p2b: Altaria|0 fnt
|faint|p2b: Altaria
|move|p2a: Decidueye|Knock Off|p1b: Starmie
|-supereffective|p1b: Starmie|1
|-damage|p1b: Starmie|0 fnt
|faint|p1b: Starmie
|
|upkeep
|turn|10
|
|t:|1783445239
|move|p1a: Salazzle|Heat Wave|p2a: Decidueye
|-supereffective|p2a: Decidueye|1
|-damage|p2a: Decidueye|0 fnt
|faint|p2a: Decidueye
|
|win|Mega Chime Time
||Mega Chime Time is ready for game 3.
||midranger is ready for game 3.
|uhtml|next|Next: Game 3 of 3
