|j|☆dont make me walk
|j|☆triziateam
|html|dont make me walktriziateam    
|uhtml|bestof|Game 3 of a best-of-3
|t:|1756109171
|gametype|doubles
|player|p1|dont make me walk|red-masters3|1317
|player|p2|triziateam|wallace|1284
|gen|9
|tier|[Gen 9] VGC 2025 Reg H (Bo3)
|rated|
|rule|Species Clause: Limit one of each Pokémon
|rule|Item Clause: Limit 1 of each item
|clearpoke
|poke|p1|Murkrow, L50, M|
|poke|p1|Ursaluna-Bloodmoon, L50, M|
|poke|p1|Gholdengo, L50|
|poke|p1|Farigiraf, L50, F|
|poke|p1|Incineroar, L50, F|
|poke|p1|Basculegion, L50, M|
|poke|p2|Sinistcha, L50|
|poke|p2|Ursaluna, L50, F|
|poke|p2|Dragonite, L50, F|
|poke|p2|Pelipper, L50, F|
|poke|p2|Incineroar, L50, M|
|poke|p2|Archaludon, L50, M|
|teampreview|4
|showteam|p1|Murkrow||Eviolite|Prankster|Tailwind,FoulPlay,Haze,RainDance|||M|||50|,,,,,Ghost]Ursaluna-Bloodmoon||LifeOrb|MindsEye|Protect,EarthPower,HyperVoice,BloodMoon|||M|||50|,,,,,Normal]Gholdengo||ChoiceSpecs|GoodasGold|MakeItRain,ShadowBall,Thunderbolt,Trick||||||50|,,,,,Steel]Farigiraf||SafetyGoggles|ArmorTail|TrickRoom,Imprison,TeraBlast,Psychic|||F|||50|,,,,,Fighting]Incineroar||AssaultVest|Intimidate|FakeOut,KnockOff,FlareBlitz,Uturn|||F|||50|,,,,,Grass]Basculegion||ChoiceScarf|Adaptability|WaveCrash,LastRespects,FlipTurn,AquaJet|||M|||50|,,,,,Water
|showteam|p2|Sinistcha||SitrusBerry|Hospitality|LifeDew,RagePowder,TrickRoom,MatchaGotcha||||||50|,,,,,Dark]Ursaluna||FlameOrb|Guts|HeadlongRush,Facade,Earthquake,Protect|||F|||50|,,,,,Ghost]Dragonite||LoadedDice|Multiscale|Haze,Tailwind,ScaleShot,Protect|||F|||50|,,,,,Fairy]Pelipper||FocusSash|Drizzle|Hurricane,MuddyWater,WideGuard,Protect|||F|||50|,,,,,Ghost]Incineroar||SafetyGoggles|Intimidate|FlareBlitz,KnockOff,FakeOut,PartingShot|||M|||50|,,,,,Ghost]Archaludon||AssaultVest|Stamina|BodyPress,Snarl,ElectroShot,FlashCannon|||M|||50|,,,,,Bug
|inactive|Battle timer is ON: inactive players will automatically lose when time's up. (requested by dont make me walk)
|inactive|triziateam also wants the timer to be on.
|inactive|triziateam has 60 seconds left.
|
|t:|1756109217
|teamsize|p1|4
|teamsize|p2|4
|start
|switch|p1a: Murkrow|Murkrow, L50, M, shiny|100/100
|switch|p1b: Ursaluna|Ursaluna-Bloodmoon, L50, M|100/100
|switch|p2a: Sinistcha|Sinistcha, L50, shiny|100/100
|switch|p2b: Incineroar|Incineroar, L50, M, shiny|100/100
|-ability|p2b: Incineroar|Intimidate|boost
|-unboost|p1a: Murkrow|atk|1
|-unboost|p1b: Ursaluna|atk|1
|turn|1
|inactive|dont make me walk has 30 seconds left.
|
|t:|1756109247
|move|p2b: Incineroar|Fake Out|p1b: Ursaluna
|-damage|p1b: Ursaluna|92/100
|move|p1a: Murkrow|Foul Play|p2a: Sinistcha
|-supereffective|p2a: Sinistcha
|-damage|p2a: Sinistcha|63/100
|cant|p1b: Ursaluna|flinch
|move|p2a: Sinistcha|Trick Room|p2a: Sinistcha
|-fieldstart|move: Trick Room|[of] p2a: Sinistcha
|
|upkeep
|turn|2
|
|t:|1756109262
|switch|p1a: Gholdengo|Gholdengo, L50|100/100
|move|p1b: Ursaluna|Protect|p1b: Ursaluna
|-singleturn|p1b: Ursaluna|Protect
|move|p2a: Sinistcha|Matcha Gotcha|p1a: Gholdengo|[spread] p1a
|-activate|p1b: Ursaluna|move: Protect
|-resisted|p1a: Gholdengo
|-damage|p1a: Gholdengo|87/100
|-heal|p2a: Sinistcha|69/100|[from] drain|[of] p1a: Gholdengo
|-status|p1a: Gholdengo|brn
|move|p2b: Incineroar|Knock Off|p1b: Ursaluna
|-activate|p1b: Ursaluna|move: Protect
|
|-damage|p1a: Gholdengo|81/100 brn|[from] brn
|upkeep
|turn|3
|
|t:|1756109283
|switch|p1a: Murkrow|Murkrow, L50, M, shiny|100/100
|-terastallize|p1b: Ursaluna|Normal
|move|p2a: Sinistcha|Matcha Gotcha|p1b: Ursaluna|[spread] p1a,p1b
|-resisted|p1a: Murkrow
|-damage|p1a: Murkrow|87/100
|-heal|p2a: Sinistcha|75/100|[from] drain|[of] p1a: Murkrow
|-damage|p1b: Ursaluna|64/100
|-heal|p2a: Sinistcha|91/100|[from] drain|[of] p1b: Ursaluna
|-status|p1a: Murkrow|brn
|-status|p1b: Ursaluna|brn
|move|p1b: Ursaluna|Hyper Voice|p2a: Sinistcha|[spread] p2a,p2b
|-damage|p2a: Sinistcha|34/100
|-damage|p2b: Incineroar|39/100
|-enditem|p2a: Sinistcha|Sitrus Berry|[eat]
|-heal|p2a: Sinistcha|59/100|[from] item: Sitrus Berry
|-damage|p1b: Ursaluna|55/100 brn|[from] item: Life Orb
|move|p2b: Incineroar|Knock Off|p1a: Murkrow
|-resisted|p1a: Murkrow
|-damage|p1a: Murkrow|67/100 brn
|-enditem|p1a: Murkrow|Eviolite|[from] move: Knock Off|[of] p2b: Incineroar
|
|-damage|p1b: Ursaluna|49/100 brn|[from] brn
|-damage|p1a: Murkrow|61/100 brn|[from] brn
|upkeep
|turn|4
|inactive|triziateam has 30 seconds left.
|
|t:|1756109310
|move|p1b: Ursaluna|Protect|p1b: Ursaluna
|-singleturn|p1b: Ursaluna|Protect
|move|p2a: Sinistcha|Matcha Gotcha|p1b: Ursaluna|[spread] p1a
|-activate|p1b: Ursaluna|move: Protect
|-resisted|p1a: Murkrow
|-damage|p1a: Murkrow|41/100 brn
|-heal|p2a: Sinistcha|69/100|[from] drain|[of] p1a: Murkrow
|move|p1a: Murkrow|Foul Play|p2a: Sinistcha
|-supereffective|p2a: Sinistcha
|-damage|p2a: Sinistcha|48/100
|move|p2b: Incineroar|Flare Blitz|p1a: Murkrow
|-damage|p1a: Murkrow|0 fnt
|faint|p1a: Murkrow
|-damage|p2b: Incineroar|28/100|[from] Recoil
|
|-damage|p1b: Ursaluna|43/100 brn|[from] brn
|upkeep
|
|t:|1756109318
|switch|p1a: Gholdengo|Gholdengo, L50|81/100 brn
|turn|5
|
|t:|1756109331
|move|p2a: Sinistcha|Matcha Gotcha|p1a: Gholdengo|[spread] p1b
|-miss|p2a: Sinistcha|p1a: Gholdengo
|-damage|p1b: Ursaluna|16/100 brn
|-heal|p2a: Sinistcha|64/100|[from] drain|[of] p1b: Ursaluna
|move|p1b: Ursaluna|Hyper Voice|p2b: Incineroar|[spread] p2a,p2b
|-damage|p2a: Sinistcha|6/100
|-damage|p2b: Incineroar|0 fnt
|faint|p2b: Incineroar
|-damage|p1b: Ursaluna|6/100 brn|[from] item: Life Orb
|move|p1a: Gholdengo|Make It Rain|p2a: Sinistcha
|-damage|p2a: Sinistcha|0 fnt
|-unboost|p1a: Gholdengo|spa|1
|faint|p2a: Sinistcha
|
|-damage|p1b: Ursaluna|0 fnt|[from] brn
|faint|p1b: Ursaluna
|-damage|p1a: Gholdengo|75/100 brn|[from] brn
|-fieldend|move: Trick Room
|upkeep
|
|t:|1756109341
|switch|p2b: Archaludon|Archaludon, L50, M, shiny|100/100
|switch|p1b: Basculegion|Basculegion, L50, M|100/100
|switch|p2a: Pelipper|Pelipper, L50, F, shiny|100/100
|-weather|RainDance|[from] ability: Drizzle|[of] p2a: Pelipper
|turn|6
|
|t:|1756109365
|move|p2a: Pelipper|Wide Guard|p2a: Pelipper
|-singleturn|p2a: Pelipper|Wide Guard
|move|p1b: Basculegion|Last Respects|p2b: Archaludon
|-damage|p2b: Archaludon|25/100
|-ability|p2b: Archaludon|Stamina|boost
|-boost|p2b: Archaludon|def|1
|move|p1a: Gholdengo|Make It Rain|p2b: Archaludon|[spread] 
|-activate|p2a: Pelipper|move: Wide Guard
|-activate|p2b: Archaludon|move: Wide Guard
|move|p2b: Archaludon|Electro Shot||[still]
|-prepare|p2b: Archaludon|Electro Shot
|-boost|p2b: Archaludon|spa|1
|-anim|p2b: Archaludon|Electro Shot|p1b: Basculegion
|-supereffective|p1b: Basculegion
|-damage|p1b: Basculegion|0 fnt
|faint|p1b: Basculegion
|
|-weather|RainDance|[upkeep]
|-damage|p1a: Gholdengo|68/100 brn|[from] brn
|upkeep
|turn|7
|-message|dont make me walk forfeited.
|
|win|triziateam
|raw|dont make me walk's rating: 1317 → 1295(-22 for losing)
|raw|triziateam's rating: 1284 → 1311(+27 for winning)
|l|☆triziateam
|player|p2|
