|j|☆1700 for rogue
|j|☆Cotcha
|html|1700 for rogueCotcha    
|uhtml|bestof|Game 2 of a best-of-3
|t:|1756547309
|gametype|doubles
|player|p1|1700 for rogue|scientist-gen4|1203
|player|p2|Cotcha|li|1250
|gen|9
|tier|[Gen 9] VGC 2025 Reg H (Bo3)
|rated|
|rule|Species Clause: Limit one of each Pokémon
|rule|Item Clause: Limit 1 of each item
|clearpoke
|poke|p1|Goodra-Hisui, L50, M|
|poke|p1|Gengar, L50, M|
|poke|p1|Hitmontop, L50, M|
|poke|p1|Rillaboom, L50, M|
|poke|p1|Arcanine-Hisui, L50, M|
|poke|p1|Basculegion, L50, M|
|poke|p2|Volcarona, L50, F|
|poke|p2|Rillaboom, L50, F|
|poke|p2|Electabuzz, L50, F|
|poke|p2|Dragonite, L50, F|
|poke|p2|Kingambit, L50, M|
|poke|p2|Sneasler, L50, M|
|teampreview|4
|showteam|p1|Goodra-Hisui||Leftovers|ShellArmor|BodyPress,AcidArmor,DracoMeteor,Protect|||M|||50|,,,,,Fairy]Gengar||FocusSash|CursedBody|SludgeBomb,ShadowBall,IcyWind,Protect|||M|||50|,,,,,Normal]Hitmontop||EjectButton|Intimidate|FakeOut,CloseCombat,SuckerPunch,WideGuard|||M|||50|,,,,,Steel]Rillaboom||AssaultVest|GrassySurge|WoodHammer,FakeOut,Uturn,GrassyGlide|||M|||50|,,,,,Grass]Arcanine-Hisui||ChoiceBand|Intimidate|RockSlide,ExtremeSpeed,FlareBlitz,IronHead|||M|||50|,,,,,Normal]Basculegion||ChoiceScarf|Adaptability|FlipTurn,LastRespects,WaveCrash,AquaJet|||M|||50|,,,,,Water
|showteam|p2|Volcarona||Leftovers|FlameBody|HeatWave,TeraBlast,QuiverDance,Protect|||F|||50|,,,,,Fairy]Rillaboom||AssaultVest|GrassySurge|WoodHammer,GrassyGlide,HighHorsepower,FakeOut|||F|||50|,,,,,Fire]Electabuzz||Eviolite|VitalSpirit|Thunderbolt,FollowMe,Taunt,Protect|||F|||50|,,,,,Ghost]Dragonite||LoadedDice|Multiscale|ScaleShot,ExtremeSpeed,Haze,Protect|||F|||50|,,,,,Steel]Kingambit||BlackGlasses|Defiant|KowtowCleave,SuckerPunch,SwordsDance,Protect|||M|||50|,,,,,Dark]Sneasler||FocusSash|Unburden|CloseCombat,DireClaw,Coaching,Protect|||M|||50|,,,,,Stellar
|inactive|Battle timer is ON: inactive players will automatically lose when time's up. (requested by 1700 for rogue)
|inactive|Cotcha has 60 seconds left.
|inactive|Cotcha has 30 seconds left.
|inactive|Cotcha has 20 seconds left.
|
|t:|1756547382
|teamsize|p1|4
|teamsize|p2|4
|start
|switch|p1a: Arcanine|Arcanine-Hisui, L50, M|100/100
|switch|p1b: Goodra|Goodra-Hisui, L50, M|100/100
|switch|p2a: Kingambit|Kingambit, L50, M|100/100
|switch|p2b: Rillaboom|Rillaboom, L50, F|100/100
|-ability|p1a: Arcanine|Intimidate|boost
|-unboost|p2a: Kingambit|atk|1
|-ability|p2a: Kingambit|Defiant|boost
|-boost|p2a: Kingambit|atk|2
|-unboost|p2b: Rillaboom|atk|1
|-fieldstart|move: Grassy Terrain|[from] ability: Grassy Surge|[of] p2b: Rillaboom
|turn|1
|inactive|Cotcha has 30 seconds left.
|
|t:|1756547410
|-terastallize|p2a: Kingambit|Dark
|move|p2b: Rillaboom|Fake Out|p1a: Arcanine
|-resisted|p1a: Arcanine
|-damage|p1a: Arcanine|95/100
|cant|p1a: Arcanine|flinch
|move|p1b: Goodra|Acid Armor|p1b: Goodra
|-boost|p1b: Goodra|def|2
|move|p2a: Kingambit|Kowtow Cleave|p1a: Arcanine
|-damage|p1a: Arcanine|0 fnt
|faint|p1a: Arcanine
|
|upkeep
|
|t:|1756547421
|switch|p1a: monke oooo|Rillaboom, L50, M|100/100
|turn|2
|
|t:|1756547440
|switch|p2b: Dragonite|Dragonite, L50, F|100/100
|move|p2a: Kingambit|Protect|p2a: Kingambit
|-singleturn|p2a: Kingambit|Protect
|move|p1a: monke oooo|Grassy Glide|p2b: Dragonite
|-resisted|p2b: Dragonite
|-damage|p2b: Dragonite|95/100
|move|p1b: Goodra|Draco Meteor|p2b: Dragonite
|-supereffective|p2b: Dragonite
|-damage|p2b: Dragonite|0 fnt
|-unboost|p1b: Goodra|spa|2
|faint|p2b: Dragonite
|
|upkeep
|
|t:|1756547455
|switch|p2b: Rillaboom|Rillaboom, L50, F|100/100
|turn|3
|
|t:|1756547479
|move|p2b: Rillaboom|Fake Out|p1b: Goodra
|-resisted|p1b: Goodra
|-damage|p1b: Goodra|97/100
|move|p1a: monke oooo|U-turn|p2a: Kingambit
|-supereffective|p2a: Kingambit
|-damage|p2a: Kingambit|66/100
|
|t:|1756547484
|switch|p1a: Basculegion|Basculegion, L50, M|100/100|[from] U-turn
|cant|p1b: Goodra|flinch
|move|p2a: Kingambit|Swords Dance|p2a: Kingambit
|-boost|p2a: Kingambit|atk|2
|
|-heal|p1b: Goodra|100/100|[from] Grassy Terrain
|-heal|p2a: Kingambit|72/100|[from] Grassy Terrain
|upkeep
|turn|4
|inactive|Cotcha has 30 seconds left.
|inactive|Cotcha has 20 seconds left.
|inactive|Cotcha has 15 seconds left.
|inactive|Cotcha has 10 seconds left.
|inactive|Cotcha has 5 seconds left.
|
|t:|1756547539
|switch|p1a: monke oooo|Rillaboom, L50, M|100/100
|move|p2a: Kingambit|Sucker Punch||[still]
|-fail|p2a: Kingambit
|move|p2b: Rillaboom|High Horsepower|p1b: Goodra
|-supereffective|p1b: Goodra
|-damage|p1b: Goodra|69/100
|move|p1b: Goodra|Acid Armor|p1b: Goodra
|-boost|p1b: Goodra|def|2
|
|-heal|p1b: Goodra|75/100|[from] Grassy Terrain
|-heal|p1b: Goodra|81/100|[from] item: Leftovers
|-heal|p2a: Kingambit|77/100|[from] Grassy Terrain
|upkeep
|turn|5
|
|t:|1756547554
|switch|p2b: Sneasler|Sneasler, L50, M|100/100
|move|p2a: Kingambit|Protect|p2a: Kingambit
|-singleturn|p2a: Kingambit|Protect
|move|p1a: monke oooo|Fake Out|p2b: Sneasler
|-damage|p2b: Sneasler|75/100
|move|p1b: Goodra|Acid Armor|p1b: Goodra
|-boost|p1b: Goodra|def|2
|
|-heal|p2b: Sneasler|81/100|[from] Grassy Terrain
|-heal|p1b: Goodra|87/100|[from] Grassy Terrain
|-heal|p1b: Goodra|93/100|[from] item: Leftovers
|-heal|p2a: Kingambit|83/100|[from] Grassy Terrain
|-fieldend|move: Grassy Terrain
|upkeep
|turn|6
|
|t:|1756547562
|move|p2b: Sneasler|Close Combat|p1b: Goodra
|-supereffective|p1b: Goodra
|-damage|p1b: Goodra|64/100
|-unboost|p2b: Sneasler|def|1
|-unboost|p2b: Sneasler|spd|1
|move|p1a: monke oooo|U-turn|p2a: Kingambit
|-supereffective|p2a: Kingambit
|-damage|p2a: Kingambit|47/100
|
|t:|1756547569
|switch|p1a: Basculegion|Basculegion, L50, M|100/100|[from] U-turn
|move|p1b: Goodra|Body Press|p2a: Kingambit
|-supereffective|p2a: Kingambit
|-damage|p2a: Kingambit|0 fnt
|faint|p2a: Kingambit
|
|-heal|p1b: Goodra|70/100|[from] item: Leftovers
|upkeep
|
|t:|1756547572
|switch|p2a: Rillaboom|Rillaboom, L50, F|100/100
|-fieldstart|move: Grassy Terrain|[from] ability: Grassy Surge|[of] p2a: Rillaboom
|turn|7
|
|t:|1756547582
|switch|p1a: monke oooo|Rillaboom, L50, M|100/100
|move|p2b: Sneasler|Protect|p2b: Sneasler
|-singleturn|p2b: Sneasler|Protect
|move|p2a: Rillaboom|Wood Hammer|p1a: monke oooo
|-resisted|p1a: monke oooo
|-damage|p1a: monke oooo|64/100
|-damage|p2a: Rillaboom|88/100|[from] Recoil
|move|p1b: Goodra|Body Press|p2b: Sneasler
|-activate|p2b: Sneasler|move: Protect
|
|-heal|p2b: Sneasler|87/100|[from] Grassy Terrain
|-heal|p2a: Rillaboom|94/100|[from] Grassy Terrain
|-heal|p1a: monke oooo|70/100|[from] Grassy Terrain
|-heal|p1b: Goodra|76/100|[from] Grassy Terrain
|-heal|p1b: Goodra|82/100|[from] item: Leftovers
|upkeep
|turn|8
|
|t:|1756547600
|move|p2b: Sneasler|Coaching|p2a: Rillaboom
|-boost|p2a: Rillaboom|atk|1
|-boost|p2a: Rillaboom|def|1
|move|p2a: Rillaboom|High Horsepower|p1b: Goodra
|-supereffective|p1b: Goodra
|-damage|p1b: Goodra|60/100
|move|p1a: monke oooo|U-turn|p2a: Rillaboom
|-supereffective|p2a: Rillaboom
|-damage|p2a: Rillaboom|61/100
|
|t:|1756547608
|switch|p1a: Basculegion|Basculegion, L50, M|100/100|[from] U-turn
|move|p1b: Goodra|Body Press|p2b: Sneasler
|-resisted|p2b: Sneasler
|-damage|p2b: Sneasler|0 fnt
|faint|p2b: Sneasler
|
|-heal|p2a: Rillaboom|67/100|[from] Grassy Terrain
|-heal|p1b: Goodra|66/100|[from] Grassy Terrain
|-heal|p1b: Goodra|72/100|[from] item: Leftovers
|upkeep
|turn|9
|
|t:|1756547629
|move|p2a: Rillaboom|Grassy Glide|p1a: Basculegion
|-supereffective|p1a: Basculegion
|-damage|p1a: Basculegion|0 fnt
|faint|p1a: Basculegion
|move|p1b: Goodra|Body Press|p2a: Rillaboom
|-damage|p2a: Rillaboom|22/100
|
|-heal|p2a: Rillaboom|28/100|[from] Grassy Terrain
|-heal|p1b: Goodra|78/100|[from] Grassy Terrain
|-heal|p1b: Goodra|84/100|[from] item: Leftovers
|upkeep
|
|t:|1756547635
|switch|p1a: monke oooo|Rillaboom, L50, M|70/100
|turn|10
|
|t:|1756547640
|move|p1a: monke oooo|Fake Out|p2a: Rillaboom
|-damage|p2a: Rillaboom|19/100
|cant|p2a: Rillaboom|flinch
|move|p1b: Goodra|Body Press|p2a: Rillaboom
|-damage|p2a: Rillaboom|0 fnt
|faint|p2a: Rillaboom
|
|win|1700 for rogue
|raw|1700 for rogue's rating: 1203 → 1231(+28 for winning)
|raw|Cotcha's rating: 1250 → 1222(-28 for losing)
|c|☆Cotcha|gg
|c|☆1700 for rogue|gg
