|j|☆standardamerican
|j|☆duemagician7809
|html|standardamericanduemagician7809    
|uhtml|bestof|Game 1 of a best-of-3
|t:|1784736385
|gametype|doubles
|player|p1|standardamerican|266|1118
|player|p2|duemagician7809|102|1183
|gen|9
|tier|[Gen 9 Champions] VGC 2026 Reg M-B (Bo3)
|rated|
|rule|Species Clause: Limit one of each Pokémon
|rule|Item Clause: Limit 1 of each item
|clearpoke
|poke|p1|Sinistcha, L50|
|poke|p1|Incineroar, L50, F|
|poke|p1|Milotic, L50, F|
|poke|p1|Raichu, L50, M|
|poke|p1|Gardevoir, L50, F|
|poke|p1|Ceruledge, L50, F|
|poke|p2|Charizard, L50, F|
|poke|p2|Garchomp, L50, F|
|poke|p2|Sylveon, L50, F|
|poke|p2|Aerodactyl, L50, F|
|poke|p2|Incineroar, L50, F|
|poke|p2|Kingambit, L50, M|
|teampreview|4
|showteam|p1|Sinistcha||KasibBerry|Hospitality|MatchaGotcha,Imprison,RagePowder,Protect|Relaxed|||||50|]Incineroar||SitrusBerry|Intimidate|FlareBlitz,DarkestLariat,FakeOut,PartingShot|Careful||F|||50|]Milotic||Leftovers|Competitive|MuddyWater,Coil,Hypnosis,Protect|Calm||F|||50|]Raichu||RaichuniteY|LightningRod|ZapCannon,FocusBlast,FakeOut,Protect|Timid||M|||50|]Gardevoir||Gardevoirite|Trace|HyperVoice,Psyshock,TrickRoom,Protect|Modest||F|||50|]Ceruledge||ColburBerry|FlashFire|BitterBlade,ShadowSneak,BulkUp,Protect|Adamant||F|||50|
|showteam|p2|Charizard||CharizarditeY|SolarPower|Protect,HeatWave,SolarBeam,WeatherBall|Timid||F|||50|]Garchomp||LifeOrb|RoughSkin|Earthquake,RockSlide,DragonClaw,StompingTantrum|Jolly||F|||50|]Sylveon||ChoiceScarf|Pixilate|Psychic,HyperVoice,HyperBeam,QuickAttack|Timid||F|||50|]Aerodactyl||Aerodactylite|Unnerve|RockSlide,IceFang,Tailwind,SunnyDay|Jolly||F|||50|]Incineroar||SitrusBerry|Intimidate|DarkestLariat,FlareBlitz,FakeOut,PartingShot|Serious||F|||50|]Kingambit||FocusSash|Defiant|KowtowCleave,SuckerPunch,IronHead,Protect|Adamant||M|||50|
|
|t:|1784736436
|teamsize|p1|4
|teamsize|p2|4
|start
|switch|p1a: Milotic|Milotic, L50, F|100/100
|switch|p1b: Raichu|Raichu, L50, M|100/100
|switch|p2a: Charizard|Charizard, L50, F|100/100
|switch|p2b: Garchomp|Garchomp, L50, F|100/100
|turn|1
|inactive|Battle timer is ON: inactive players will automatically lose when time's up. (requested by duemagician7809)
|inactive|standardamerican has 60 seconds left.
|
|t:|1784736477
|detailschange|p2a: Charizard|Charizard-Mega-Y, L50, F
|-mega|p2a: Charizard|Charizard|Charizardite Y
|-weather|SunnyDay|[from] ability: Drought|[of] p2a: Charizard
|move|p1b: Raichu|Protect|p1b: Raichu
|-singleturn|p1b: Raichu|Protect
|move|p2a: Charizard|Protect|p2a: Charizard
|-singleturn|p2a: Charizard|Protect
|move|p1a: Milotic|Protect|p1a: Milotic
|-singleturn|p1a: Milotic|Protect
|move|p2b: Garchomp|Earthquake|p1a: Milotic|[spread] 
|-activate|p2a: Charizard|move: Protect
|-activate|p1a: Milotic|move: Protect
|-activate|p1b: Raichu|move: Protect
|
|-weather|SunnyDay|[upkeep]
|upkeep
|turn|2
|inactive|standardamerican has 30 seconds left.
|
|t:|1784736504
|switch|p2a: Kingambit|Kingambit, L50, M|100/100
|detailschange|p1b: Raichu|Raichu-Mega-Y, L50, M
|-mega|p1b: Raichu|Raichu|Raichunite Y
|move|p1b: Raichu|Zap Cannon|p2a: Kingambit
|-damage|p2a: Kingambit|29/100
|-status|p2a: Kingambit|par
|move|p2b: Garchomp|Rock Slide|p1b: Raichu|[spread] p1a,p1b
|-damage|p1a: Milotic|79/100
|-damage|p1b: Raichu|65/100
|-damage|p2b: Garchomp|90/100|[from] item: Life Orb
|move|p1a: Milotic|Coil|p1a: Milotic
|-boost|p1a: Milotic|atk|1
|-boost|p1a: Milotic|def|1
|-boost|p1a: Milotic|accuracy|1
|
|-weather|SunnyDay|[upkeep]
|-heal|p1a: Milotic|85/100|[from] item: Leftovers
|upkeep
|turn|3
|
|t:|1784736527
|move|p1b: Raichu|Protect|p1b: Raichu
|-singleturn|p1b: Raichu|Protect
|move|p2a: Kingambit|Sucker Punch||[still]
|-fail|p2a: Kingambit
|move|p2b: Garchomp|Dragon Claw|p1a: Milotic
|-damage|p1a: Milotic|53/100
|-damage|p2b: Garchomp|80/100|[from] item: Life Orb
|move|p1a: Milotic|Coil|p1a: Milotic
|-boost|p1a: Milotic|atk|1
|-boost|p1a: Milotic|def|1
|-boost|p1a: Milotic|accuracy|1
|
|-weather|SunnyDay|[upkeep]
|-heal|p1a: Milotic|59/100|[from] item: Leftovers
|upkeep
|turn|4
|
|t:|1784736551
|switch|p2a: Charizard|Charizard-Mega-Y, L50, F|100/100
|move|p1b: Raichu|Focus Blast|p2a: Charizard
|-resisted|p2a: Charizard|1
|-damage|p2a: Charizard|78/100
|move|p2b: Garchomp|Earthquake|p1a: Milotic|[spread] p1a,p1b
|-immune|p2a: Charizard
|-supereffective|p1b: Raichu|1
|-damage|p1a: Milotic|37/100
|-damage|p1b: Raichu|0 fnt
|faint|p1b: Raichu
|-damage|p2b: Garchomp|70/100|[from] item: Life Orb
|move|p1a: Milotic|Muddy Water|p2a: Charizard|[spread] p2a,p2b
|-supereffective|p2a: Charizard|1
|-damage|p2a: Charizard|54/100
|-damage|p2b: Garchomp|57/100
|-unboost|p2b: Garchomp|accuracy|1
|
|-weather|SunnyDay|[upkeep]
|-heal|p1a: Milotic|43/100|[from] item: Leftovers
|upkeep
|
|t:|1784736559
|switch|p1b: Incineroar|Incineroar, L50, F|100/100
|-ability|p1b: Incineroar|Intimidate|boost
|-unboost|p2a: Charizard|atk|1
|-unboost|p2b: Garchomp|atk|1
|turn|5
|inactive|standardamerican has 30 seconds left.
|
|t:|1784736586
|switch|p2b: Kingambit|Kingambit, L50, M|29/100 par
|move|p2a: Charizard|Protect|p2a: Charizard
|-singleturn|p2a: Charizard|Protect
|move|p1b: Incineroar|Fake Out|p2b: Kingambit
|-resisted|p2b: Kingambit|1
|-damage|p2b: Kingambit|24/100 par
|move|p1a: Milotic|Hypnosis||[still]
|-fail|p1a: Milotic
|
|-weather|none
|-heal|p1a: Milotic|49/100|[from] item: Leftovers
|upkeep
|turn|6
|inactive|standardamerican has 30 seconds left.
|
|t:|1784736614
|switch|p2a: Garchomp|Garchomp, L50, F|57/100
|switch|p1b: Ceruledge|Ceruledge, L50, F|100/100
|move|p1a: Milotic|Muddy Water|p2b: Kingambit|[spread] p2a,p2b
|-damage|p2a: Garchomp|31/100
|-damage|p2b: Kingambit|0 fnt
|faint|p2b: Kingambit
|
|-heal|p1a: Milotic|55/100|[from] item: Leftovers
|upkeep
|
|t:|1784736621
|switch|p2b: Charizard|Charizard-Mega-Y, L50, F|54/100
|-weather|SunnyDay|[from] ability: Drought|[of] p2b: Charizard
|turn|7
|
|t:|1784736632
|switch|p1a: Incineroar|Incineroar, L50, F|100/100
|-ability|p1a: Incineroar|Intimidate|boost
|-unboost|p2a: Garchomp|atk|1
|-unboost|p2b: Charizard|atk|1
|move|p2b: Charizard|Protect|p2b: Charizard
|-singleturn|p2b: Charizard|Protect
|move|p2a: Garchomp|Earthquake|p1a: Incineroar|[spread] p1a,p1b
|-activate|p2b: Charizard|move: Protect
|-supereffective|p1a: Incineroar|1
|-crit|p1a: Incineroar
|-supereffective|p1b: Ceruledge|1
|-damage|p1a: Incineroar|0 fnt
|-damage|p1b: Ceruledge|25/100
|faint|p1a: Incineroar
|-damage|p2a: Garchomp|21/100|[from] item: Life Orb
|move|p1b: Ceruledge|Bulk Up|p1b: Ceruledge
|-boost|p1b: Ceruledge|atk|1
|-boost|p1b: Ceruledge|def|1
|
|-weather|SunnyDay|[upkeep]
|upkeep
|
|t:|1784736640
|switch|p1a: Milotic|Milotic, L50, F|55/100
|turn|8
|
|t:|1784736657
|switch|p2a: Sylveon|Sylveon, L50, F|100/100
|move|p1a: Milotic|Protect|p1a: Milotic
|-singleturn|p1a: Milotic|Protect
|move|p1b: Ceruledge|Shadow Sneak|p2a: Sylveon
|-damage|p2a: Sylveon|57/100
|move|p2b: Charizard|Solar Beam||[still]
|-prepare|p2b: Charizard|Solar Beam
|-anim|p2b: Charizard|Solar Beam|p1a: Milotic
|-activate|p1a: Milotic|move: Protect
|
|-weather|SunnyDay|[upkeep]
|-heal|p1a: Milotic|61/100|[from] item: Leftovers
|upkeep
|turn|9
|inactive|standardamerican has 30 seconds left.
|inactive|standardamerican has 20 seconds left.
|
|t:|1784736693
|move|p1b: Ceruledge|Protect|p1b: Ceruledge
|-singleturn|p1b: Ceruledge|Protect
|move|p2a: Sylveon|Hyper Voice|p1b: Ceruledge|[spread] p1a
|-activate|p1b: Ceruledge|move: Protect
|-damage|p1a: Milotic|39/100
|move|p2b: Charizard|Solar Beam||[still]
|-prepare|p2b: Charizard|Solar Beam
|-anim|p2b: Charizard|Solar Beam|p1a: Milotic
|-supereffective|p1a: Milotic|1
|-damage|p1a: Milotic|0 fnt
|faint|p1a: Milotic
|
|-weather|SunnyDay|[upkeep]
|upkeep
|turn|10
|
|t:|1784736715
|move|p1b: Ceruledge|Shadow Sneak|p2a: Sylveon
|-damage|p2a: Sylveon|12/100
|move|p2a: Sylveon|Hyper Voice|p1b: Ceruledge
|-resisted|p1b: Ceruledge|1
|-damage|p1b: Ceruledge|2/100
|move|p2b: Charizard|Solar Beam||[still]
|-prepare|p2b: Charizard|Solar Beam
|-anim|p2b: Charizard|Solar Beam|p1b: Ceruledge
|-resisted|p1b: Ceruledge|1
|-damage|p1b: Ceruledge|0 fnt
|faint|p1b: Ceruledge
|
|win|duemagician7809
||duemagician7809 is ready for game 2.
