|j|☆Rashito22shito
|j|☆ikeer.ros
|html|Rashito22shitoikeer.ros    
|uhtml|bestof|Game 2 of a best-of-3
|t:|1756374891
|gametype|doubles
|player|p1|Rashito22shito|shadowtriad|
|player|p2|ikeer.ros|brawly|
|gen|9
|tier|[Gen 9] VGC 2025 Reg H (Bo3)
|rule|Species Clause: Limit one of each Pokémon
|rule|Item Clause: Limit 1 of each item
|clearpoke
|poke|p1|Weezing, L50, M|
|poke|p1|Incineroar, L50, M|
|poke|p1|Ninetales-Alola, L50, F|
|poke|p1|Annihilape, L50, M|
|poke|p1|Garchomp, L50, M|
|poke|p1|Jolteon, L50, F|
|poke|p2|Kilowattrel, L50, F|
|poke|p2|Gholdengo, L50|
|poke|p2|Ursaluna, L50, F|
|poke|p2|Incineroar, L50, M|
|poke|p2|Dragonite, L50, M|
|poke|p2|Farigiraf, L50, F|
|teampreview|4
|showteam|p1|Weezing||SitrusBerry|NeutralizingGas|SludgeBomb,ClearSmog,WillOWisp,Protect|||M|||50|,,,,,Water]Incineroar||AbilityShield|Intimidate|FlareBlitz,KnockOff,PartingShot,FakeOut|||M|||50|,,,,,Poison]Ninetales-Alola||FocusSash|SnowWarning|Blizzard,Moonblast,AuroraVeil,Protect|||F|||50|,,,,,Ghost]Annihilape||SafetyGoggles|Defiant|DrainPunch,RageFist,BulkUp,Protect|||M|||50|,,,,,Fire]Garchomp||AssaultVest|RoughSkin|DragonClaw,StompingTantrum,Earthquake,IronHead|||M|||50|,,,,,Steel]Jolteon||ChoiceScarf|VoltAbsorb|Thunderbolt,Electroweb,ShadowBall,VoltSwitch|||F|||50|,,,,,Ghost
|showteam|p2|Kilowattrel||FocusSash|Competitive|Tailwind,Protect,Thunderbolt,AirSlash|||F|||50|,,,,,Ghost]Gholdengo||LifeOrb|GoodasGold|NastyPlot,Protect,ShadowBall,MakeItRain||||||50|,,,,,Dragon]Ursaluna||FlameOrb|Guts|Earthquake,Protect,Facade,HeadlongRush|||F|||50|,,,,,Fairy]Incineroar||RockyHelmet|Intimidate|PartingShot,FlareBlitz,KnockOff,FakeOut|||M|||50|,,,,,Bug]Dragonite||LoadedDice|Multiscale|ScaleShot,Tailwind,Haze,Protect|||M|||50|,,,,,Fairy]Farigiraf||SafetyGoggles|ArmorTail|Imprison,TrickRoom,ExpandingForce,DazzlingGleam|||F|||50|,,,,,Fairy
|inactive|Battle timer is ON: inactive players will automatically lose when time's up. (requested by ikeer.ros)
|
|t:|1756374926
|teamsize|p1|4
|teamsize|p2|4
|start
|switch|p1a: Incineroar|Incineroar, L50, M, shiny|100/100
|switch|p1b: Ninetales|Ninetales-Alola, L50, F, shiny|100/100
|switch|p2a: PP|Kilowattrel, L50, F, shiny|100/100
|switch|p2b: sumar|Ursaluna, L50, F, shiny|100/100
|-weather|Snowscape|[from] ability: Snow Warning|[of] p1b: Ninetales
|-ability|p1a: Incineroar|Intimidate|boost
|-unboost|p2a: PP|atk|1
|-ability|p2a: PP|Competitive|boost
|-boost|p2a: PP|spa|2
|-unboost|p2b: sumar|atk|1
|turn|1
|
|t:|1756374944
|-terastallize|p2b: sumar|Fairy
|move|p2a: PP|Protect|p2a: PP
|-singleturn|p2a: PP|Protect
|move|p1a: Incineroar|Fake Out|p2a: PP
|-activate|p2a: PP|move: Protect
|move|p1b: Ninetales|Aurora Veil|p1b: Ninetales
|-sidestart|p1: Rashito22shito|move: Aurora Veil
|move|p2b: sumar|Headlong Rush|p1a: Incineroar
|-supereffective|p1a: Incineroar
|-damage|p1a: Incineroar|34/100
|-unboost|p2b: sumar|def|1
|-unboost|p2b: sumar|spd|1
|
|-weather|Snowscape|[upkeep]
|-status|p2b: sumar|brn|[from] item: Flame Orb
|upkeep
|turn|2
|
|t:|1756374963
|move|p2a: PP|Thunderbolt|p1b: Ninetales
|-damage|p1b: Ninetales|44/100
|move|p1b: Ninetales|Blizzard|p2a: PP|[spread] p2a,p2b
|-supereffective|p2a: PP
|-enditem|p2a: PP|Focus Sash
|-damage|p2a: PP|1/100
|-damage|p2b: sumar|62/100 brn
|move|p1a: Incineroar|Knock Off|p2b: sumar
|-resisted|p2b: sumar
|-damage|p2b: sumar|38/100 brn
|-enditem|p2b: sumar|Flame Orb|[from] move: Knock Off|[of] p1a: Incineroar
|move|p2b: sumar|Earthquake|p1a: Incineroar|[spread] p1a,p1b
|-immune|p2a: PP
|-supereffective|p1a: Incineroar
|-damage|p1a: Incineroar|0 fnt
|-damage|p1b: Ninetales|19/100
|faint|p1a: Incineroar
|
|-weather|Snowscape|[upkeep]
|-damage|p2b: sumar|32/100 brn|[from] brn
|upkeep
|
|t:|1756374972
|switch|p1a: Garchomp|Garchomp, L50, M, shiny|100/100
|turn|3
|
|t:|1756374996
|move|p2a: PP|Tailwind|p2a: PP
|-sidestart|p2: ikeer.ros|move: Tailwind
|move|p2b: sumar|Earthquake|p1a: Garchomp|[spread] p1a,p1b
|-immune|p2a: PP
|-damage|p1a: Garchomp|70/100
|-damage|p1b: Ninetales|0 fnt
|faint|p1b: Ninetales
|move|p1a: Garchomp|Iron Head|p2b: sumar
|-supereffective|p2b: sumar
|-damage|p2b: sumar|0 fnt
|faint|p2b: sumar
|
|-weather|Snowscape|[upkeep]
|upkeep
|
|t:|1756375011
|switch|p1b: Weezing|Weezing, L50, M|100/100
|switch|p2b: Vox|Dragonite, L50, M, shiny|100/100
|-ability|p1b: Weezing|Neutralizing Gas
|turn|4
|
|t:|1756375033
|-terastallize|p1a: Garchomp|Steel
|move|p2a: PP|Thunderbolt|p1a: Garchomp
|-damage|p1a: Garchomp|33/100
|move|p2b: Vox|Scale Shot|p1a: Garchomp
|-resisted|p1a: Garchomp
|-damage|p1a: Garchomp|29/100
|-resisted|p1a: Garchomp
|-damage|p1a: Garchomp|24/100
|-resisted|p1a: Garchomp
|-damage|p1a: Garchomp|19/100
|-resisted|p1a: Garchomp
|-damage|p1a: Garchomp|14/100
|-hitcount|p1a: Garchomp|4
|-unboost|p2b: Vox|def|1
|-boost|p2b: Vox|spe|1
|move|p1a: Garchomp|Dragon Claw|p2b: Vox
|-supereffective|p2b: Vox
|-damage|p2b: Vox|0 fnt
|faint|p2b: Vox
|move|p1b: Weezing|Sludge Bomb|p2a: PP
|-damage|p2a: PP|0 fnt
|faint|p2a: PP
|
|-weather|Snowscape|[upkeep]
|upkeep
|
|t:|1756375041
|switch|p2a: Psoe|Gholdengo, L50|100/100
|turn|5
|
|t:|1756375060
|move|p2a: Psoe|Shadow Ball|p1a: Garchomp
|-damage|p1a: Garchomp|0 fnt
|faint|p1a: Garchomp
|-damage|p2a: Psoe|91/100|[from] item: Life Orb
|move|p1b: Weezing|Sludge Bomb|p2a: Psoe
|-immune|p2a: Psoe
|
|-weather|none
|-sideend|p1: Rashito22shito|move: Aurora Veil
|upkeep
|turn|6
|-message|Rashito22shito forfeited.
|
|win|ikeer.ros
|l|☆Rashito22shito
|player|p1|
