|j|☆bosilek
|j|☆impno
|html|bosilekimpno    
|uhtml|bestof|Game 1 of a best-of-3
|t:|1756331680
|gametype|doubles
|player|p1|bosilek|hilbert-wonderlauncher|1144
|player|p2|impno|ethan|1041
|gen|9
|tier|[Gen 9] VGC 2025 Reg H (Bo3)
|rated|
|rule|Species Clause: Limit one of each Pokémon
|rule|Item Clause: Limit 1 of each item
|clearpoke
|poke|p1|Garchomp, L50, M|
|poke|p1|Talonflame, L50, M|
|poke|p1|Gholdengo, L50|
|poke|p1|Ninetales-Alola, L50, F|
|poke|p1|Hydreigon, L50, F|
|poke|p1|Annihilape, L50, M|
|poke|p2|Porygon2, L50|
|poke|p2|Inteleon, L50, M|
|poke|p2|Gholdengo, L50|
|poke|p2|Incineroar, L50, F|
|poke|p2|Ursaluna-Bloodmoon, L50, M|
|poke|p2|Torkoal, L50, M|
|teampreview|4
|showteam|p1|Garchomp||LifeOrb|RoughSkin|Protect,Earthquake,DragonClaw,StompingTantrum|||M|||50|,,,,,Steel]Talonflame||CovertCloak|GaleWings|BraveBird,Taunt,WillOWisp,Tailwind|||M|||50|,,,,,Grass]Gholdengo||MetalCoat|GoodasGold|MakeItRain,ShadowBall,Protect,NastyPlot||||||50|,,,,,Water]Ninetales-Alola||FocusSash|SnowWarning|Blizzard,FreezeDry,Encore,Protect|||F|||50|,,,,,Water]Hydreigon||ChoiceSpecs|Levitate|HeatWave,Snarl,EarthPower,DragonPulse|||F|||50|,,,,,Fire]Annihilape||SafetyGoggles|Defiant|FinalGambit,RageFist,CloseCombat,Protect|||M|||50|,,,,,Fire
|showteam|p2|Porygon2||Eviolite|Download|TrickRoom,IceBeam,Recover,ShadowBall||||||50|,,,,,Ghost]Inteleon||RazorClaw|Sniper|SnipeShot,Protect,IcyWind,Taunt|||M|||50|,,,,,Grass]Gholdengo||LifeOrb|GoodasGold|MakeItRain,NastyPlot,Protect,ShadowBall||||||50|,,,,,Water]Incineroar||SafetyGoggles|Intimidate|FakeOut,PartingShot,CloseCombat,FlareBlitz|||F|||50|,,,,,Fire]Ursaluna-Bloodmoon||ThroatSpray|MindsEye|BloodMoon,HyperVoice,EarthPower,Protect|||M|||50|,,,,,Normal]Torkoal||ChoiceSpecs|Drought|Eruption,Overheat,HeatWave,SolarBeam|||M|||50|,,,,,Fire
|inactive|Battle timer is ON: inactive players will automatically lose when time's up. (requested by impno)
|
|t:|1756331741
|teamsize|p1|4
|teamsize|p2|4
|start
|switch|p1a: Talonflame|Talonflame, L50, M|100/100
|switch|p1b: Hydreigon|Hydreigon, L50, F|100/100
|switch|p2a: Porygon2|Porygon2, L50|100/100
|switch|p2b: Incineroar|Incineroar, L50, F|100/100
|-ability|p2b: Incineroar|Intimidate|boost
|-unboost|p1a: Talonflame|atk|1
|-unboost|p1b: Hydreigon|atk|1
|-ability|p2a: Porygon2|Download|boost
|-boost|p2a: Porygon2|spa|1
|turn|1
|inactive|impno has 30 seconds left.
|
|t:|1756331776
|switch|p1b: Annihilape|Annihilape, L50, M|100/100
|move|p2b: Incineroar|Fake Out|p1a: Talonflame
|-damage|p1a: Talonflame|78/100
|move|p1a: Talonflame|Taunt|p2a: Porygon2
|-start|p2a: Porygon2|move: Taunt
|cant|p2a: Porygon2|move: Taunt|Trick Room
|
|upkeep
|turn|2
|inactive|bosilek has 30 seconds left.
|inactive|bosilek has 20 seconds left.
|inactive|impno has 30 seconds left.
|inactive|bosilek has 15 seconds left.
|inactive|bosilek has 10 seconds left.
|inactive|bosilek has 5 seconds left.
|
|t:|1756331828
|move|p1a: Talonflame|Tailwind|p1a: Talonflame
|-sidestart|p1: bosilek|move: Tailwind
|move|p1b: Annihilape|Close Combat|p2b: Incineroar
|-supereffective|p2b: Incineroar
|-damage|p2b: Incineroar|0 fnt
|-unboost|p1b: Annihilape|def|1
|-unboost|p1b: Annihilape|spd|1
|faint|p2b: Incineroar
|move|p2a: Porygon2|Shadow Ball|p1b: Annihilape
|-supereffective|p1b: Annihilape
|-damage|p1b: Annihilape|19/100
|
|upkeep
|
|t:|1756331845
|switch|p2b: Inteleon|Inteleon, L50, M, shiny|100/100
|turn|3
|
|t:|1756331865
|move|p2b: Inteleon|Protect|p2b: Inteleon
|-singleturn|p2b: Inteleon|Protect
|move|p1a: Talonflame|Brave Bird|p2b: Inteleon
|-activate|p2b: Inteleon|move: Protect
|move|p1b: Annihilape|Close Combat|p2a: Porygon2
|-supereffective|p2a: Porygon2
|-damage|p2a: Porygon2|32/100
|-unboost|p1b: Annihilape|def|1
|-unboost|p1b: Annihilape|spd|1
|move|p2a: Porygon2|Shadow Ball|p1a: Talonflame
|-damage|p1a: Talonflame|31/100
|
|-end|p2a: Porygon2|move: Taunt
|upkeep
|turn|4
|inactive|bosilek has 30 seconds left.
|inactive|impno has 30 seconds left.
|
|t:|1756331900
|move|p1a: Talonflame|Taunt|p2a: Porygon2
|-start|p2a: Porygon2|move: Taunt
|move|p1b: Annihilape|Close Combat|p2b: Inteleon
|-damage|p2b: Inteleon|20/100
|-unboost|p1b: Annihilape|def|1
|-unboost|p1b: Annihilape|spd|1
|move|p2b: Inteleon|Snipe Shot|p1b: Annihilape
|-crit|p1b: Annihilape
|-damage|p1b: Annihilape|0 fnt
|faint|p1b: Annihilape
|move|p2a: Porygon2|Shadow Ball|p1a: Talonflame
|-damage|p1a: Talonflame|0 fnt
|faint|p1a: Talonflame
|
|upkeep
|
|t:|1756331909
|switch|p1a: Hydreigon|Hydreigon, L50, F|100/100
|switch|p1b: Garchomp|Garchomp, L50, M|100/100
|turn|5
|
|t:|1756331932
|-terastallize|p1b: Garchomp|Steel
|move|p2b: Inteleon|Protect|p2b: Inteleon
|-singleturn|p2b: Inteleon|Protect
|move|p1b: Garchomp|Dragon Claw|p2b: Inteleon
|-activate|p2b: Inteleon|move: Protect
|move|p1a: Hydreigon|Snarl|p2b: Inteleon|[spread] p2a
|-activate|p2b: Inteleon|move: Protect
|-damage|p2a: Porygon2|17/100
|-unboost|p2a: Porygon2|spa|1
|move|p2a: Porygon2|Ice Beam|p1b: Garchomp
|-resisted|p1b: Garchomp
|-crit|p1b: Garchomp
|-damage|p1b: Garchomp|80/100
|
|-sideend|p1: bosilek|move: Tailwind
|upkeep
|turn|6
|inactive|impno has 30 seconds left.
|
|t:|1756331958
|switch|p2b: Torkoal|Torkoal, L50, M, shiny|100/100
|-weather|SunnyDay|[from] ability: Drought|[of] p2b: Torkoal
|move|p1b: Garchomp|Earthquake|p2a: Porygon2|[spread] p2a,p2b
|-immune|p1a: Hydreigon|[from] ability: Levitate
|-supereffective|p2b: Torkoal
|-damage|p2a: Porygon2|0 fnt
|-damage|p2b: Torkoal|30/100
|faint|p2a: Porygon2
|-damage|p1b: Garchomp|70/100|[from] item: Life Orb
|move|p1a: Hydreigon|Snarl|p2b: Torkoal
|-damage|p2b: Torkoal|0 fnt
|faint|p2b: Torkoal
|
|-weather|SunnyDay|[upkeep]
|upkeep
|
|t:|1756331969
|switch|p2b: Inteleon|Inteleon, L50, M, shiny|20/100
|turn|7
|
|t:|1756331977
|move|p2b: Inteleon|Snipe Shot|p1b: Garchomp
|-damage|p1b: Garchomp|47/100
|move|p1b: Garchomp|Earthquake|p2b: Inteleon|[spread] p2b
|-immune|p1a: Hydreigon|[from] ability: Levitate
|-damage|p2b: Inteleon|0 fnt
|faint|p2b: Inteleon
|-damage|p1b: Garchomp|38/100|[from] item: Life Orb
|
|win|bosilek
||impno is ready for game 2.
