|j|☆CavaliereIsSoPeak
|j|☆A Regu1ar Guy
|html|CavaliereIsSoPeakA Regu1ar Guy    
|uhtml|bestof|Game 1 of a best-of-3
|t:|1757846896
|gametype|doubles
|player|p1|CavaliereIsSoPeak|gambler|1537
|player|p2|A Regu1ar Guy|elesa|1549
|gen|9
|tier|[Gen 9] VGC 2025 Reg H (Bo3)
|rated|
|rule|Species Clause: Limit one of each Pokémon
|rule|Item Clause: Limit 1 of each item
|clearpoke
|poke|p1|Volcarona, L50, M|
|poke|p1|Basculegion, L50, M|
|poke|p1|Sneasler, L50, F|
|poke|p1|Dragonite, L50, M|
|poke|p1|Ursaluna-Bloodmoon, L50, M|
|poke|p1|Whimsicott, L50, F|
|poke|p2|Volcarona, L50, F|
|poke|p2|Rillaboom, L50, F|
|poke|p2|Tauros-Paldea-Aqua, L50, M|
|poke|p2|Tyranitar, L50, F|
|poke|p2|Annihilape, L50, M|
|poke|p2|Dragonite, L50, F|
|teampreview|4
|showteam|p1|Volcarona||SitrusBerry|FlameBody|HeatWave,TeraBlast,QuiverDance,Protect|||M|||50|,,,,,Fairy]Basculegion||ChoiceBand|Adaptability|WaveCrash,FlipTurn,AquaJet,LastRespects|||M|||50|,,,,,Water]Sneasler||FocusSash|Unburden|DireClaw,CloseCombat,ThroatChop,Protect|||F|||50|,,,,,Dark]Dragonite||LoadedDice|Multiscale|ScaleShot,ExtremeSpeed,Haze,Protect|||M|||50|,,,,,Steel]Ursaluna-Bloodmoon||LifeOrb|MindsEye|BloodMoon,HyperVoice,EarthPower,Protect|||M|||50|,,,,,Normal]Whimsicott||CovertCloak|Prankster|Moonblast,Tailwind,Encore,Taunt|||F|||50|,,,,,Poison
|showteam|p2|Volcarona||GrassySeed|FlameBody|HeatWave,GigaDrain,QuiverDance,Protect|||F|||50|,,,,,Grass]Rillaboom||MiracleSeed|GrassySurge|WoodHammer,GrassyGlide,FakeOut,HighHorsepower|||F|||50|,,,,,Fire]Tauros-Paldea-Aqua||MirrorHerb|Intimidate|WaveCrash,AquaJet,CloseCombat,Protect|||M|||50|,,,,,Water]Tyranitar||AssaultVest|SandStream|RockSlide,KnockOff,TeraBlast,LowKick|||F|||50|,,,,,Flying]Annihilape||SafetyGoggles|Defiant|CloseCombat,RageFist,Taunt,FinalGambit|||M|||50|,,,,,Water]Dragonite||LoadedDice|Multiscale|ScaleShot,Haze,Tailwind,Protect|||F|||50|,,,,,Fairy
|
|t:|1757846929
|teamsize|p1|4
|teamsize|p2|4
|start
|switch|p1a: Aqua|Basculegion, L50, M|100/100
|switch|p1b: Mary|Whimsicott, L50, F|100/100
|switch|p2a: Tyranitar|Tyranitar, L50, F|100/100
|switch|p2b: Dragonite|Dragonite, L50, F|100/100
|-weather|Sandstorm|[from] ability: Sand Stream|[of] p2a: Tyranitar
|turn|1
|
|t:|1757846961
|-terastallize|p2a: Tyranitar|Flying
|move|p1b: Mary|Moonblast|p2b: Dragonite
|-supereffective|p2b: Dragonite
|-damage|p2b: Dragonite|74/100
|move|p1a: Aqua|Flip Turn|p2a: Tyranitar
|-damage|p2a: Tyranitar|53/100
|
|t:|1757846967
|switch|p1a: Shāhmat|Ursaluna-Bloodmoon, L50, M|100/100|[from] Flip Turn
|move|p2b: Dragonite|Tailwind|p2b: Dragonite
|-sidestart|p2: A Regu1ar Guy|move: Tailwind
|move|p2a: Tyranitar|Tera Blast|p1b: Mary|[anim] Tera Blast Flying
|-supereffective|p1b: Mary
|-damage|p1b: Mary|0 fnt
|faint|p1b: Mary
|
|-weather|Sandstorm|[upkeep]
|-damage|p2b: Dragonite|68/100|[from] Sandstorm
|-damage|p2a: Tyranitar|47/100|[from] Sandstorm
|upkeep
|
|t:|1757846976
|switch|p1b: D'oro|Sneasler, L50, F|100/100
|turn|2
|
|t:|1757846992
|-terastallize|p1a: Shāhmat|Normal
|move|p1b: D'oro|Protect|p1b: D'oro
|-singleturn|p1b: D'oro|Protect
|move|p2b: Dragonite|Scale Shot|p1b: D'oro
|-activate|p1b: D'oro|move: Protect
|move|p2a: Tyranitar|Low Kick|p1a: Shāhmat
|-supereffective|p1a: Shāhmat
|-damage|p1a: Shāhmat|29/100
|move|p1a: Shāhmat|Hyper Voice|p2b: Dragonite|[spread] p2a,p2b
|-damage|p2a: Tyranitar|10/100
|-damage|p2b: Dragonite|1/100
|-damage|p1a: Shāhmat|19/100|[from] item: Life Orb
|
|-weather|Sandstorm|[upkeep]
|-damage|p2b: Dragonite|0 fnt|[from] Sandstorm
|-damage|p2a: Tyranitar|5/100|[from] Sandstorm
|-damage|p1b: D'oro|95/100|[from] Sandstorm
|-damage|p1a: Shāhmat|12/100|[from] Sandstorm
|faint|p2b: Dragonite
|upkeep
|inactive|Battle timer is ON: inactive players will automatically lose when time's up. (requested by CavaliereIsSoPeak)
|
|t:|1757846998
|switch|p2b: Tauros|Tauros-Paldea-Aqua, L50, M|100/100
|-ability|p2b: Tauros|Intimidate|boost
|-unboost|p1a: Shāhmat|atk|1
|-unboost|p1b: D'oro|atk|1
|turn|3
|
|t:|1757847007
|switch|p1b: Aqua|Basculegion, L50, M|100/100
|move|p2b: Tauros|Wave Crash|p1b: Aqua
|-resisted|p1b: Aqua
|-damage|p1b: Aqua|66/100
|-damage|p2b: Tauros|87/100|[from] Recoil
|move|p2a: Tyranitar|Rock Slide|p1b: Aqua|[spread] p1a,p1b
|-damage|p1a: Shāhmat|0 fnt
|-damage|p1b: Aqua|29/100
|faint|p1a: Shāhmat
|
|-weather|Sandstorm|[upkeep]
|-damage|p2b: Tauros|81/100|[from] Sandstorm
|-damage|p2a: Tyranitar|0 fnt|[from] Sandstorm
|-damage|p1b: Aqua|23/100|[from] Sandstorm
|faint|p2a: Tyranitar
|upkeep
|
|t:|1757847010
|switch|p1a: D'oro|Sneasler, L50, F|95/100
|switch|p2a: Rillaboom|Rillaboom, L50, F|100/100
|-fieldstart|move: Grassy Terrain|[from] ability: Grassy Surge|[of] p2a: Rillaboom
|turn|4
|
|t:|1757847019
|move|p1a: D'oro|Protect|p1a: D'oro
|-singleturn|p1a: D'oro|Protect
|move|p2a: Rillaboom|Grassy Glide|p1b: Aqua
|-supereffective|p1b: Aqua
|-damage|p1b: Aqua|0 fnt
|faint|p1b: Aqua
|move|p2b: Tauros|Wave Crash|p1a: D'oro
|-activate|p1a: D'oro|move: Protect
|
|-weather|Sandstorm|[upkeep]
|-damage|p2b: Tauros|75/100|[from] Sandstorm
|-damage|p2a: Rillaboom|94/100|[from] Sandstorm
|-damage|p1a: D'oro|89/100|[from] Sandstorm
|-heal|p2b: Tauros|81/100|[from] Grassy Terrain
|-heal|p2a: Rillaboom|100/100|[from] Grassy Terrain
|-heal|p1a: D'oro|95/100|[from] Grassy Terrain
|-sideend|p2: A Regu1ar Guy|move: Tailwind
|upkeep
|turn|5
|
|t:|1757847027
|move|p1a: D'oro|Dire Claw|p2b: Tauros
|-damage|p2b: Tauros|31/100
|move|p2b: Tauros|Wave Crash|p1a: D'oro
|-damage|p1a: D'oro|11/100
|-damage|p2b: Tauros|4/100|[from] Recoil
|move|p2a: Rillaboom|High Horsepower|p1a: D'oro
|-supereffective|p1a: D'oro
|-damage|p1a: D'oro|0 fnt
|faint|p1a: D'oro
|
|win|A Regu1ar Guy
||A Regu1ar Guy is ready for game 2.
||CavaliereIsSoPeak is ready for game 2.
|uhtml|next|Next: Game 2 of 3
|l|☆A Regu1ar Guy
|player|p2|
|l|☆CavaliereIsSoPeak
|player|p1|
