|j|☆duende tester
|j|☆jqrzzz
|html|duende testerjqrzzz    
|uhtml|bestof|Game 3 of a best-of-3
|t:|1782645262
|gametype|doubles
|player|p1|duende tester|266|1223
|player|p2|jqrzzz|266|1177
|gen|9
|tier|[Gen 9 Champions] VGC 2026 Reg M-B (Bo3)
|rated|
|rule|Species Clause: Limit one of each Pokémon
|rule|Item Clause: Limit 1 of each item
|clearpoke
|poke|p1|Staraptor, L50, M|
|poke|p1|Grimmsnarl, L50, M|
|poke|p1|Pelipper, L50, M|
|poke|p1|Archaludon, L50, M|
|poke|p1|Gholdengo, L50|
|poke|p1|Venusaur, L50, F|
|poke|p2|Raichu, L50, M, shiny|
|poke|p2|Whimsicott, L50, F|
|poke|p2|Tsareena, L50, F|
|poke|p2|Ceruledge, L50, F, shiny|
|poke|p2|Sinistcha, L50|
|poke|p2|Kingambit, L50, M, shiny|
|teampreview|4
|showteam|p1|Staraptor||Staraptite|Intimidate|BraveBird,CloseCombat,Roost,Protect|Adamant||M|||50|]Grimmsnarl||LightClay|Prankster|SpiritBreak,PartingShot,LightScreen,Reflect|Careful||M|||50|]Pelipper||FocusSash|Drizzle|Hurricane,WeatherBall,Tailwind,WideGuard|Modest||M|||50|]Archaludon||Leftovers|Stamina|ElectroShot,DragonPulse,FlashCannon,Protect|Modest||M|||50|]Gholdengo||ChoiceScarf|GoodasGold|MakeItRain,ShadowBall,PowerGem,Thunderbolt|Modest|||||50|]Venusaur||Venusaurite|Overgrow|SludgeBomb,EarthPower,GigaDrain,Protect|Modest||F|||50|
|showteam|p2|Raichu||RaichuniteY|LightningRod|ZapCannon,FocusBlast,Encore,Protect|Timid||M|||50|]Whimsicott||FairyFeather|Prankster|Moonblast,Encore,Tailwind,Protect|Modest||F|||50|]Tsareena||ChoiceScarf|QueenlyMajesty|Uturn,TripleAxel,KnockOff,PowerWhip|Adamant||F|||50|]Ceruledge||Leftovers|FlashFire|BitterBlade,ShadowSneak,BulkUp,Protect|Adamant||F|||50|]Sinistcha||SitrusBerry|Hospitality|MatchaGotcha,RagePowder,LifeDew,CalmMind|Relaxed|||||50|]Kingambit||FocusSash|Defiant|IronHead,KowtowCleave,SuckerPunch,LowKick|Adamant||M|||50|
|inactive|Battle timer is ON: inactive players will automatically lose when time's up. (requested by jqrzzz)
|
|t:|1782645294
|teamsize|p1|4
|teamsize|p2|4
|start
|switch|p1a: Grimmsnarl|Grimmsnarl, L50, M|100/100
|switch|p1b: Staraptor|Staraptor, L50, M|100/100
|switch|p2a: Ceruledge|Ceruledge, L50, F, shiny|100/100
|switch|p2b: Tsareena|Tsareena, L50, F|100/100
|-ability|p1b: Staraptor|Intimidate|boost
|-unboost|p2a: Ceruledge|atk|1
|-unboost|p2b: Tsareena|atk|1
|turn|1
|inactive|duende tester has 30 seconds left.
|j| LeWiBu87
|
|t:|1782645320
|move|p1a: Grimmsnarl|Reflect|p1a: Grimmsnarl
|-sidestart|p1: duende tester|Reflect
|move|p2b: Tsareena|Triple Axel|p1b: Staraptor
|-supereffective|p1b: Staraptor|1
|-damage|p1b: Staraptor|88/100
|-supereffective|p1b: Staraptor|1
|-damage|p1b: Staraptor|68/100
|-supereffective|p1b: Staraptor|1
|-damage|p1b: Staraptor|40/100
|-hitcount|p1b: Staraptor|3
|move|p1b: Staraptor|Brave Bird|p2b: Tsareena
|-supereffective|p2b: Tsareena|1
|-damage|p2b: Tsareena|0 fnt
|faint|p2b: Tsareena
|-damage|p1b: Staraptor|9/100|[from] Recoil
|move|p2a: Ceruledge|Bulk Up|p2a: Ceruledge
|-boost|p2a: Ceruledge|atk|1
|-boost|p2a: Ceruledge|def|1
|
|upkeep
|
|t:|1782645336
|switch|p2b: Raichu|Raichu, L50, M, shiny|100/100
|turn|2
|inactive|duende tester has 30 seconds left.
|
|t:|1782645363
|detailschange|p2b: Raichu|Raichu-Mega-Y, L50, M, shiny
|-mega|p2b: Raichu|Raichu|Raichunite Y
|move|p1b: Staraptor|Protect|p1b: Staraptor
|-singleturn|p1b: Staraptor|Protect
|move|p2b: Raichu|Zap Cannon|p1a: Grimmsnarl
|-damage|p1a: Grimmsnarl|29/100
|-status|p1a: Grimmsnarl|par
|move|p2a: Ceruledge|Bulk Up|p2a: Ceruledge
|-boost|p2a: Ceruledge|atk|1
|-boost|p2a: Ceruledge|def|1
|move|p1a: Grimmsnarl|Spirit Break|p2b: Raichu
|-damage|p2b: Raichu|40/100
|-unboost|p2b: Raichu|spa|1
|
|upkeep
|turn|3
|inactive|duende tester has 30 seconds left.
|inactive|jqrzzz has 30 seconds left.
|inactive|duende tester has 20 seconds left.
|
|t:|1782645402
|switch|p1b: Gholdengo|Gholdengo, L50|100/100
|move|p1a: Grimmsnarl|Light Screen|p1a: Grimmsnarl
|-sidestart|p1: duende tester|move: Light Screen
|move|p2b: Raichu|Zap Cannon|p1b: Gholdengo
|-damage|p1b: Gholdengo|63/100
|-status|p1b: Gholdengo|par
|move|p2a: Ceruledge|Bulk Up|p2a: Ceruledge
|-boost|p2a: Ceruledge|atk|1
|-boost|p2a: Ceruledge|def|1
|
|upkeep
|turn|4
|
|t:|1782645426
|move|p1a: Grimmsnarl|Parting Shot|p2a: Ceruledge
|-unboost|p2a: Ceruledge|atk|1
|-unboost|p2a: Ceruledge|spa|1
|
|t:|1782645429
|switch|p1a: Staraptor|Staraptor, L50, M|9/100|[from] Parting Shot
|-ability|p1a: Staraptor|Intimidate|boost
|-unboost|p2a: Ceruledge|atk|1
|-unboost|p2b: Raichu|atk|1
|move|p2b: Raichu|Zap Cannon|p1a: Staraptor
|-supereffective|p1a: Staraptor|1
|-damage|p1a: Staraptor|0 fnt
|faint|p1a: Staraptor
|move|p2a: Ceruledge|Bitter Blade|p1b: Gholdengo
|-supereffective|p1b: Gholdengo|1
|-damage|p1b: Gholdengo|0 fnt
|faint|p1b: Gholdengo
|
|upkeep
|
|t:|1782645441
|switch|p1a: Grimmsnarl|Grimmsnarl, L50, M|29/100 par
|switch|p1b: Venusaur|Venusaur, L50, F|100/100
|turn|5
|inactive|duende tester has 30 seconds left.
|
|t:|1782645471
|detailschange|p1b: Venusaur|Venusaur-Mega, L50, F
|-mega|p1b: Venusaur|Venusaur|Venusaurite
|move|p2b: Raichu|Zap Cannon|p1b: Venusaur
|-resisted|p1b: Venusaur|1
|-damage|p1b: Venusaur|86/100
|-status|p1b: Venusaur|par
|move|p2a: Ceruledge|Bulk Up|p2a: Ceruledge
|-boost|p2a: Ceruledge|atk|1
|-boost|p2a: Ceruledge|def|1
|move|p1b: Venusaur|Sludge Bomb|p2b: Raichu
|-crit|p2b: Raichu
|-damage|p2b: Raichu|0 fnt
|faint|p2b: Raichu
|move|p1a: Grimmsnarl|Spirit Break|p2a: Ceruledge
|-resisted|p2a: Ceruledge|1
|-damage|p2a: Ceruledge|93/100
|-unboost|p2a: Ceruledge|spa|1
|
|-heal|p2a: Ceruledge|100/100|[from] item: Leftovers
|upkeep
|
|t:|1782645489
|switch|p2b: Sinistcha|Sinistcha, L50|100/100
|turn|6
|
|t:|1782645509
|move|p1a: Grimmsnarl|Parting Shot|p2a: Ceruledge
|-unboost|p2a: Ceruledge|atk|1
|-unboost|p2a: Ceruledge|spa|1
|move|p2a: Ceruledge|Bulk Up|p2a: Ceruledge
|-boost|p2a: Ceruledge|atk|1
|-boost|p2a: Ceruledge|def|1
|move|p2b: Sinistcha|Matcha Gotcha|p1a: Grimmsnarl|[spread] p1a,p1b
|-resisted|p1b: Venusaur|2
|-damage|p1a: Grimmsnarl|16/100 par
|-damage|p1b: Venusaur|83/100 par
|move|p1b: Venusaur|Earth Power|p2a: Ceruledge
|-supereffective|p2a: Ceruledge|1
|-damage|p2a: Ceruledge|29/100
|-unboost|p2a: Ceruledge|spd|1
|
|-heal|p2a: Ceruledge|35/100|[from] item: Leftovers
|upkeep
|turn|7
|
|t:|1782645528
|move|p2a: Ceruledge|Bitter Blade|p1b: Venusaur
|-supereffective|p1b: Venusaur|1
|-damage|p1b: Venusaur|42/100 par
|-heal|p2a: Ceruledge|56/100|[from] drain|[of] p1b: Venusaur
|move|p2b: Sinistcha|Life Dew||[still]|[spread] p2a,p2b
|-heal|p2a: Ceruledge|81/100
|-fail|p2b: Sinistcha|heal
|move|p1b: Venusaur|Sludge Bomb|p2b: Sinistcha
|-damage|p2b: Sinistcha|53/100
|move|p1a: Grimmsnarl|Spirit Break|p2b: Sinistcha
|-damage|p2b: Sinistcha|30/100
|-unboost|p2b: Sinistcha|spa|1
|-enditem|p2b: Sinistcha|Sitrus Berry|[eat]
|-heal|p2b: Sinistcha|55/100|[from] item: Sitrus Berry
|
|-heal|p2a: Ceruledge|87/100|[from] item: Leftovers
|upkeep
|turn|8
|
|t:|1782645549
|cant|p1b: Venusaur|par
|move|p1a: Grimmsnarl|Parting Shot|p2a: Ceruledge
|-unboost|p2a: Ceruledge|atk|1
|-unboost|p2a: Ceruledge|spa|1
|move|p2a: Ceruledge|Bitter Blade|p1b: Venusaur
|-supereffective|p1b: Venusaur|1
|-damage|p1b: Venusaur|17/100 par
|-heal|p2a: Ceruledge|100/100|[from] drain|[of] p1b: Venusaur
|move|p2b: Sinistcha|Life Dew||[still]|[spread] p2a,p2b
|-fail|p2a: Ceruledge|heal
|-heal|p2b: Sinistcha|80/100
|
|-sideend|p1: duende tester|Reflect
|upkeep
|turn|9
|
|t:|1782645569
|move|p2b: Sinistcha|Rage Powder|p2b: Sinistcha
|-singleturn|p2b: Sinistcha|move: Rage Powder
|move|p1a: Grimmsnarl|Reflect|p1a: Grimmsnarl
|-sidestart|p1: duende tester|Reflect
|move|p2a: Ceruledge|Bitter Blade|p1b: Venusaur
|-supereffective|p1b: Venusaur|1
|-damage|p1b: Venusaur|0 fnt
|faint|p1b: Venusaur
|
|upkeep
|turn|10
|-message|duende tester forfeited.
|
|win|jqrzzz
|raw|duende tester's rating: 1223 → 1195(-28 for losing)
|raw|jqrzzz's rating: 1177 → 1205(+28 for winning)
|l|☆jqrzzz
|player|p2|
