|j|☆Avriss
|j|☆Shreythegod
|html|AvrissShreythegod    
|uhtml|bestof|Game 2 of a best-of-3
|t:|1786206888
|gametype|doubles
|player|p1|Avriss|anabel|
|player|p2|Shreythegod|steven|
|gen|9
|tier|[Gen 9 Champions] VGC 2026 Reg M-B (Bo3)
|rule|Species Clause: Limit one of each Pokémon
|rule|Item Clause: Limit 1 of each item
|clearpoke
|poke|p1|Scovillain, L50, F|
|poke|p1|Aerodactyl, L50, F|
|poke|p1|Garchomp, L50, F|
|poke|p1|Basculegion, L50, M|
|poke|p1|Kingambit, L50, M|
|poke|p1|Sylveon, L50, M, shiny|
|poke|p2|Tyranitar, L50, F|
|poke|p2|Excadrill, L50, F|
|poke|p2|Milotic, L50, M|
|poke|p2|Sinistcha, L50|
|poke|p2|Staraptor, L50, F|
|poke|p2|Gholdengo, L50|
|teampreview|4
|showteam|p1|Scovillain||Scovillainite|Moody|Overheat,RagePowder,Protect,LeechSeed|Calm||F|||50|]Aerodactyl||Aerodactylite|Unnerve|RockSlide,Tailwind,Taunt,DualWingbeat|Jolly||F|||50|]Garchomp||LifeOrb|RoughSkin|DragonClaw,Earthquake,Protect,StompingTantrum|Adamant||F|||50|]Basculegion||ChoiceScarf|Adaptability|LastRespects,WaveCrash,AquaJet,FlipTurn|Jolly||M|||50|]Kingambit||FocusSash|Defiant|KowtowCleave,IronHead,LowKick,SuckerPunch|Adamant||M|||50|]Sylveon||FairyFeather|Pixilate|HyperVoice,QuickAttack,HyperBeam,Detect|Modest||M|||50|
|showteam|p2|Tyranitar||Tyranitarite|SandStream|KnockOff,RockSlide,HighHorsepower,Protect|Jolly||F|||50|]Excadrill||FocusSash|SandRush|Earthquake,IronHead,RockSlide,Protect|Adamant||F|||50|]Milotic||SitrusBerry|Competitive|Scald,IcyWind,Haze,Protect|Calm||M|||50|]Sinistcha||ColburBerry|Hospitality|MatchaGotcha,ShadowBall,Protect,RagePowder|Relaxed|||||50|]Staraptor||Staraptite|Intimidate|CloseCombat,BraveBird,Tailwind,Protect|Jolly||F|||50|]Gholdengo||LifeOrb|GoodasGold|MakeItRain,ShadowBall,NastyPlot,Protect|Modest|||||50|
|inactive|Battle timer is ON: inactive players will automatically lose when time's up. (requested by Shreythegod)
|inactive|Avriss also wants the timer to be on.
|
|t:|1786206906
|teamsize|p1|4
|teamsize|p2|4
|start
|switch|p1a: Harvey|Scovillain, L50, F|100/100
|switch|p1b: Mikuu|Sylveon, L50, M, shiny|100/100
|switch|p2a: Staraptor|Staraptor, L50, F|100/100
|switch|p2b: Milotic|Milotic, L50, M|100/100
|-ability|p2a: Staraptor|Intimidate|boost
|-unboost|p1a: Harvey|atk|1
|-unboost|p1b: Mikuu|atk|1
|turn|1
|
|t:|1786206929
|detailschange|p2a: Staraptor|Staraptor-Mega, L50, F
|-mega|p2a: Staraptor|Staraptor|Staraptite
|detailschange|p1a: Harvey|Scovillain-Mega, L50, F
|-mega|p1a: Harvey|Scovillain|Scovillainite
|move|p1b: Mikuu|Detect|p1b: Mikuu
|-singleturn|p1b: Mikuu|Protect
|move|p2a: Staraptor|Brave Bird|p1b: Mikuu
|-activate|p1b: Mikuu|move: Protect
|move|p2b: Milotic|Icy Wind|p1a: Harvey|[spread] p1a
|-activate|p1b: Mikuu|move: Protect
|-damage|p1a: Harvey|90/100
|-unboost|p1a: Harvey|spe|1
|-status|p2b: Milotic|brn|[from] ability: Spicy Spray|[of] p1a: Harvey
|move|p1a: Harvey|Leech Seed|p2b: Milotic
|-start|p2b: Milotic|move: Leech Seed
|
|-damage|p2b: Milotic|87/100 brn|[from] Leech Seed|[of] p1a: Harvey
|-heal|p1a: Harvey|100/100|[silent]
|-damage|p2b: Milotic|81/100 brn|[from] brn
|upkeep
|turn|2
|
|t:|1786206951
|switch|p2b: Excadrill|Excadrill, L50, F|100/100
|move|p2a: Staraptor|Protect|p2a: Staraptor
|-singleturn|p2a: Staraptor|Protect
|move|p1a: Harvey|Protect|p1a: Harvey
|-singleturn|p1a: Harvey|Protect
|move|p1b: Mikuu|Hyper Voice|p2b: Excadrill|[spread] p2b
|-activate|p2a: Staraptor|move: Protect
|-resisted|p2b: Excadrill|1
|-damage|p2b: Excadrill|67/100
|
|upkeep
|turn|3
|
|t:|1786206973
|move|p1b: Mikuu|Detect|p1b: Mikuu
|-singleturn|p1b: Mikuu|Protect
|move|p2a: Staraptor|Brave Bird|p1a: Harvey
|-supereffective|p1a: Harvey|1
|-damage|p1a: Harvey|0 fnt
|-status|p2a: Staraptor|brn|[from] ability: Spicy Spray|[of] p1a: Harvey
|faint|p1a: Harvey
|-damage|p2a: Staraptor|69/100 brn|[from] Recoil
|move|p2b: Excadrill|Iron Head|p1b: Mikuu
|-activate|p1b: Mikuu|move: Protect
|
|-damage|p2a: Staraptor|64/100 brn|[from] brn
|upkeep
|
|t:|1786206980
|switch|p1a: Deepthroat|Basculegion, L50, M|100/100
|turn|4
|inactive|Avriss has 30 seconds left.
|
|t:|1786207012
|switch|p1b: Vinsmoke|Kingambit, L50, M|100/100
|move|p2a: Staraptor|Protect|p2a: Staraptor
|-singleturn|p2a: Staraptor|Protect
|move|p2b: Excadrill|Protect|p2b: Excadrill
|-singleturn|p2b: Excadrill|Protect
|move|p1a: Deepthroat|Wave Crash|p2a: Staraptor
|-activate|p2a: Staraptor|move: Protect
|
|-damage|p2a: Staraptor|58/100 brn|[from] brn
|upkeep
|turn|5
|inactive|Avriss has 30 seconds left.
|inactive|Shreythegod has 30 seconds left.
|inactive|Avriss has 20 seconds left.
|inactive|Shreythegod has 20 seconds left.
|inactive|Shreythegod has 15 seconds left.
|inactive|Shreythegod has 10 seconds left.
|
|t:|1786207057
|switch|p2b: Milotic|Milotic, L50, M|81/100 brn
|move|p1a: Deepthroat|Wave Crash|p2a: Staraptor
|-damage|p2a: Staraptor|0 fnt
|faint|p2a: Staraptor
|-damage|p1a: Deepthroat|81/100|[from] Recoil
|move|p1b: Vinsmoke|Low Kick|p2b: Milotic
|-damage|p2b: Milotic|48/100 brn
|-enditem|p2b: Milotic|Sitrus Berry|[eat]
|-heal|p2b: Milotic|72/100 brn|[from] item: Sitrus Berry
|
|-damage|p2b: Milotic|66/100 brn|[from] brn
|upkeep
|
|t:|1786207069
|switch|p2a: Excadrill|Excadrill, L50, F|67/100
|turn|6
|
|t:|1786207078
|switch|p2b: Tyranitar|Tyranitar, L50, F|100/100
|-weather|Sandstorm|[from] ability: Sand Stream|[of] p2b: Tyranitar
|move|p1b: Vinsmoke|Sucker Punch||[still]
|-fail|p1b: Vinsmoke
|move|p2a: Excadrill|Earthquake|p1a: Deepthroat|[spread] p2b,p1a,p1b
|-supereffective|p2b: Tyranitar|1
|-supereffective|p1b: Vinsmoke|1
|-damage|p2b: Tyranitar|15/100
|-damage|p1a: Deepthroat|29/100
|-damage|p1b: Vinsmoke|18/100
|move|p1a: Deepthroat|Wave Crash|p2b: Tyranitar
|-supereffective|p2b: Tyranitar|1
|-damage|p2b: Tyranitar|0 fnt
|faint|p2b: Tyranitar
|-damage|p1a: Deepthroat|24/100|[from] Recoil
|
|-weather|Sandstorm|[upkeep]
|-damage|p1a: Deepthroat|18/100|[from] Sandstorm
|upkeep
|
|t:|1786207091
|switch|p2b: Milotic|Milotic, L50, M|66/100 brn
|turn|7
|
|t:|1786207103
|switch|p1a: Mikuu|Sylveon, L50, M, shiny|100/100
|move|p2b: Milotic|Protect|p2b: Milotic
|-singleturn|p2b: Milotic|Protect
|move|p1b: Vinsmoke|Sucker Punch|p2a: Excadrill
|-damage|p2a: Excadrill|10/100
|move|p2a: Excadrill|Earthquake|p1a: Mikuu|[spread] p1a,p1b
|-activate|p2b: Milotic|move: Protect
|-supereffective|p1b: Vinsmoke|1
|-damage|p1a: Mikuu|46/100
|-damage|p1b: Vinsmoke|0 fnt
|faint|p1b: Vinsmoke
|
|-weather|Sandstorm|[upkeep]
|-damage|p2b: Milotic|60/100 brn|[from] Sandstorm
|-damage|p1a: Mikuu|40/100|[from] Sandstorm
|-damage|p2b: Milotic|54/100 brn|[from] brn
|upkeep
|
|t:|1786207110
|switch|p1b: Deepthroat|Basculegion, L50, M|18/100
|turn|8
|inactive|Shreythegod has 30 seconds left.
|
|t:|1786207143
|move|p1b: Deepthroat|Aqua Jet|p2a: Excadrill
|-supereffective|p2a: Excadrill|1
|-damage|p2a: Excadrill|0 fnt
|faint|p2a: Excadrill
|move|p2b: Milotic|Icy Wind|p1b: Deepthroat|[spread] p1a,p1b
|-resisted|p1b: Deepthroat|1
|-damage|p1a: Mikuu|33/100
|-damage|p1b: Deepthroat|12/100
|-unboost|p1a: Mikuu|spe|1
|-unboost|p1b: Deepthroat|spe|1
|move|p1a: Mikuu|Hyper Voice|p2b: Milotic
|-damage|p2b: Milotic|15/100 brn
|
|-weather|Sandstorm|[upkeep]
|-damage|p1b: Deepthroat|6/100|[from] Sandstorm
|-damage|p2b: Milotic|9/100 brn|[from] Sandstorm
|-damage|p1a: Mikuu|27/100|[from] Sandstorm
|-damage|p2b: Milotic|3/100 brn|[from] brn
|upkeep
|turn|9
|c|☆Shreythegod|Ghs
|
|t:|1786207157
|move|p1b: Deepthroat|Aqua Jet|p2b: Milotic
|-resisted|p2b: Milotic|1
|-damage|p2b: Milotic|0 fnt
|faint|p2b: Milotic
|
|win|Avriss
|c|☆Avriss|g3
||Avriss is ready for game 3.
||Shreythegod is ready for game 3.
|uhtml|next|Next: Game 3 of 3
|l|☆Avriss
|player|p1|
|j|☆Avriss
|player|p1|Avriss|anabel|
