|j|☆redjaguar
|j|‽MPM1998
|html|redjaguarMPM1998    
|uhtml|bestof|Game 2 of a best-of-3
|t:|1784913155
|gametype|doubles
|player|p1|redjaguar|gambler|1053
|player|p2|MPM1998|266|1168
|gen|9
|tier|[Gen 9 Champions] VGC 2026 Reg M-B (Bo3)
|rated|
|rule|Species Clause: Limit one of each Pokémon
|rule|Item Clause: Limit 1 of each item
|clearpoke
|poke|p1|Dragonite, L50, F|
|poke|p1|Gardevoir, L50, M|
|poke|p1|Raichu, L50, F|
|poke|p1|Kingambit, L50, F|
|poke|p1|Incineroar, L50, M|
|poke|p1|Empoleon, L50, M|
|poke|p2|Pelipper, L50, F|
|poke|p2|Sneasler, L50, M|
|poke|p2|Archaludon, L50, M|
|poke|p2|Swampert, L50, M|
|poke|p2|Basculegion, L50, M|
|poke|p2|Sylveon, L50, F|
|teampreview|4
|showteam|p1|Dragonite||ExpertBelt|Multiscale|IceSpinner,StompingTantrum,ExtremeSpeed,Protect|Adamant||F|||50|]Gardevoir||Gardevoirite|Trace|HyperVoice,MysticalFire,Protect,Psychic|Timid||M|||50|]Raichu||SitrusBerry|LightningRod|FakeOut,HelpingHand,Nuzzle,Encore|Timid||F|||50|]Kingambit||BlackGlasses|SupremeOverlord|KowtowCleave,SuckerPunch,Protect,IronHead|Adamant||F|||50|]Incineroar||WhiteHerb|Intimidate|FakeOut,FlareBlitz,PartingShot,Taunt|Impish||M|||50|]Empoleon||Leftovers|Competitive|IcyWind,Protect,FlashCannon,HydroCannon|Modest||M|||50|
|showteam|p2|Pelipper||FocusSash|Drizzle|Tailwind,Hurricane,WeatherBall,Protect|Timid||F|||50|]Sneasler||WhiteHerb|Unburden|FakeOut,CloseCombat,DireClaw,Protect|Adamant||M|||50|]Archaludon||SitrusBerry|Stamina|FlashCannon,DragonPulse,ElectroShot,Protect|Modest||M|||50|]Swampert||Swampertite|Torrent|WaveCrash,HighHorsepower,IcePunch,Protect|Adamant||M|||50|]Basculegion||ChoiceScarf|Adaptability|WaveCrash,FlipTurn,LastRespects,AquaJet|Jolly||M|||50|]Sylveon||FairyFeather|Pixilate|HyperVoice,HyperBeam,QuickAttack,Protect|Modest||F|||50|
|inactive|Battle timer is ON: inactive players will automatically lose when time's up. (requested by MPM1998)
|
|t:|1784913218
|teamsize|p1|4
|teamsize|p2|4
|start
|switch|p1a: Raichu|Raichu, L50, F|100/100
|switch|p1b: Empoleon|Empoleon, L50, M|100/100
|switch|p2a: Sneasler|Sneasler, L50, M|100/100
|switch|p2b: Swampert|Swampert, L50, M|100/100
|turn|1
|inactive|redjaguar has 30 seconds left.
|
|t:|1784913248
|detailschange|p2b: Swampert|Swampert-Mega, L50, M
|-mega|p2b: Swampert|Swampert|Swampertite
|move|p1a: Raichu|Fake Out|p2a: Sneasler
|-damage|p2a: Sneasler|87/100
|cant|p2a: Sneasler|flinch
|move|p2b: Swampert|High Horsepower|p1a: Raichu|[miss]
|-miss|p2b: Swampert|p1a: Raichu
|move|p1b: Empoleon|Icy Wind|p2b: Swampert|[spread] p2a,p2b
|-damage|p2a: Sneasler|69/100
|-damage|p2b: Swampert|87/100
|-unboost|p2a: Sneasler|spe|1
|-unboost|p2b: Swampert|spe|1
|-enditem|p2a: Sneasler|White Herb
|-clearnegativeboost|p2a: Sneasler|[silent]
|
|upkeep
|turn|2
|inactive|redjaguar has 30 seconds left.
|inactive|redjaguar has 20 seconds left.
|inactive|MPM1998 has 30 seconds left.
|inactive|redjaguar has 15 seconds left.
|
|t:|1784913288
|switch|p2b: Pelipper|Pelipper, L50, F|100/100
|-weather|RainDance|[from] ability: Drizzle|[of] p2b: Pelipper
|switch|p1b: Dragonite|Dragonite, L50, F|100/100
|move|p2a: Sneasler|Close Combat|p1a: Raichu
|-damage|p1a: Raichu|0 fnt
|-unboost|p2a: Sneasler|def|1
|-unboost|p2a: Sneasler|spd|1
|faint|p1a: Raichu
|
|-weather|RainDance|[upkeep]
|upkeep
|
|t:|1784913300
|switch|p1a: Empoleon|Empoleon, L50, M|100/100
|turn|3
|
|t:|1784913307
|switch|p2a: Sylveon|Sylveon, L50, F|100/100
|move|p1b: Dragonite|Extreme Speed|p2a: Sylveon
|-damage|p2a: Sylveon|70/100
|move|p2b: Pelipper|Hurricane|p1b: Dragonite
|-damage|p1b: Dragonite|78/100
|-start|p1b: Dragonite|confusion
|move|p1a: Empoleon|Icy Wind|p2a: Sylveon|[spread] p2a,p2b
|-damage|p2a: Sylveon|58/100
|-damage|p2b: Pelipper|77/100
|-unboost|p2a: Sylveon|spe|1
|-unboost|p2b: Pelipper|spe|1
|
|-weather|RainDance|[upkeep]
|upkeep
|turn|4
|
|t:|1784913329
|switch|p2a: Swampert|Swampert-Mega, L50, M|87/100
|-activate|p1b: Dragonite|confusion
|move|p1b: Dragonite|Protect|p1b: Dragonite
|-singleturn|p1b: Dragonite|Protect
|move|p2b: Pelipper|Tailwind|p2b: Pelipper
|-sidestart|p2: MPM1998|move: Tailwind
|move|p1a: Empoleon|Flash Cannon|p2a: Swampert
|-resisted|p2a: Swampert|1
|-damage|p2a: Swampert|68/100
|
|-weather|RainDance|[upkeep]
|upkeep
|turn|5
|
|t:|1784913357
|switch|p2b: Sylveon|Sylveon, L50, F|58/100
|-activate|p1b: Dragonite|confusion
|move|p1b: Dragonite|Extreme Speed|p2a: Swampert
|-crit|p2a: Swampert
|-damage|p2a: Swampert|24/100
|move|p2a: Swampert|High Horsepower|p1a: Empoleon
|-supereffective|p1a: Empoleon|1
|-damage|p1a: Empoleon|0 fnt
|faint|p1a: Empoleon
|
|-weather|RainDance|[upkeep]
|upkeep
|
|t:|1784913368
|switch|p1a: Kingambit|Kingambit, L50, F|100/100
|-activate|p1a: Kingambit|ability: Supreme Overlord
|-start|p1a: Kingambit|fallen2|[silent]
|turn|6
|
|t:|1784913384
|switch|p2a: Sneasler|Sneasler, L50, M|69/100
|-activate|p1b: Dragonite|confusion
|-damage|p1b: Dragonite|65/100|[from] confusion
|move|p2b: Sylveon|Hyper Beam|p1a: Kingambit
|-damage|p1a: Kingambit|0 fnt
|-mustrecharge|p2b: Sylveon
|faint|p1a: Kingambit
|-end|p1a: Kingambit|fallen2|[silent]
|
|-weather|none
|upkeep
|turn|7
|
|t:|1784913407
|move|p2a: Sneasler|Fake Out|p1b: Dragonite
|-damage|p1b: Dragonite|50/100y
|cant|p2b: Sylveon|recharge
|cant|p1b: Dragonite|flinch
|
|-sideend|p2: MPM1998|move: Tailwind
|upkeep
|turn|8
|
|t:|1784913416
|move|p2a: Sneasler|Dire Claw|p1b: Dragonite
|-damage|p1b: Dragonite|4/100
|-end|p1b: Dragonite|confusion
|move|p1b: Dragonite|Stomping Tantrum|p2a: Sneasler
|-supereffective|p2a: Sneasler|1
|-damage|p2a: Sneasler|0 fnt
|faint|p2a: Sneasler
|move|p2b: Sylveon|Hyper Voice|p1b: Dragonite
|-supereffective|p1b: Dragonite|1
|-damage|p1b: Dragonite|0 fnt
|faint|p1b: Dragonite
|
|win|MPM1998
||MPM1998 is ready for game 3.
|inactive|redjaguar has 30 seconds to confirm battle start!
||redjaguar is ready for game 3.
|uhtml|next|Next: Game 3 of 3
|l|‽MPM1998
|player|p2|
