|j|☆pinkeyt569
|j|☆Kahizar
|html|pinkeyt569Kahizar    
|uhtml|bestof|Game 1 of a best-of-3
|t:|1756337290
|gametype|doubles
|player|p1|pinkeyt569|169|1009
|player|p2|Kahizar|2|1001
|gen|9
|tier|[Gen 9] VGC 2025 Reg H (Bo3)
|rated|
|rule|Species Clause: Limit one of each Pokémon
|rule|Item Clause: Limit 1 of each item
|clearpoke
|poke|p1|Rillaboom, L50, F|
|poke|p1|Kilowattrel, L50, M|
|poke|p1|Farigiraf, L50, M|
|poke|p1|Ursaluna, L50, F|
|poke|p1|Tyranitar, L50, F|
|poke|p1|Gholdengo, L50|
|poke|p2|Sylveon, L50, M|
|poke|p2|Arcanine-Hisui, L50, M|
|poke|p2|Indeedee, L50, M|
|poke|p2|Sneasler, L50, M|
|poke|p2|Gholdengo, L50|
|poke|p2|Murkrow, L50, F|
|teampreview|4
|showteam|p1|Rillaboom||MiracleSeed|GrassySurge|FakeOut,GrassyGlide,KnockOff,Uturn|||F|||50|,,,,,Fire]Kilowattrel||CovertCloak|Competitive|Protect,Tailwind,Thunderbolt,AirSlash|||M|||50|,,,,,Electric]Farigiraf||SitrusBerry|ArmorTail|HyperVoice,TeraBlast,Imprison,TrickRoom|||M|||50|,,,,,Fighting]Ursaluna||FlameOrb|Guts|Protect,Facade,Earthquake,HeadlongRush|||F|||50|,,,,,Ghost]Tyranitar||AssaultVest|SandStream|RockSlide,KnockOff,TeraBlast,LowKick|||F|||50|,,,,,Flying]Gholdengo||ChoiceSpecs|GoodasGold|MakeItRain,SteelBeam,ShadowBall,PowerGem||||||50|,,,,,Steel
|showteam|p2|Sylveon||ThroatSpray|Pixilate|HyperVoice,Protect,TeraBlast,CalmMind|||M|||50|,,,,,Ground]Arcanine-Hisui||AssaultVest|Intimidate|RockSlide,FlareBlitz,HeadSmash,ExtremeSpeed|||M|||50|,,,,,Grass]Indeedee||FocusSash|PsychicSurge|ExpandingForce,TrickRoom,Protect,HelpingHand|||M|||50|,,,,,Psychic]Sneasler||PsychicSeed|Unburden|DireClaw,CloseCombat,Protect,TeraBlast|||M|||50|,,,,,Dark]Gholdengo||LifeOrb|GoodasGold|MakeItRain,ShadowBall,NastyPlot,Protect||||||50|,,,,,Steel]Murkrow||Eviolite|Prankster|Taunt,Tailwind,Haze,FoulPlay|||F|||50|,,,,,Ghost
|
|t:|1756337324
|teamsize|p1|4
|teamsize|p2|4
|start
|switch|p1a: Farigiraf|Farigiraf, L50, M|100/100
|switch|p1b: Rillaboom|Rillaboom, L50, F|100/100
|switch|p2a: Sneasler|Sneasler, L50, M|100/100
|switch|p2b: Murkrow|Murkrow, L50, F|100/100
|-fieldstart|move: Grassy Terrain|[from] ability: Grassy Surge|[of] p1b: Rillaboom
|turn|1
|
|t:|1756337342
|switch|p1b: Ursaluna|Ursaluna, L50, F|100/100
|move|p2a: Sneasler|Dire Claw|p1b: Ursaluna
|-resisted|p1b: Ursaluna
|-damage|p1b: Ursaluna|82/100
|move|p2b: Murkrow|Foul Play|p1a: Farigiraf
|-supereffective|p1a: Farigiraf
|-damage|p1a: Farigiraf|36/100
|-enditem|p1a: Farigiraf|Sitrus Berry|[eat]
|-heal|p1a: Farigiraf|61/100|[from] item: Sitrus Berry
|move|p1a: Farigiraf|Trick Room|p1a: Farigiraf
|-fieldstart|move: Trick Room|[of] p1a: Farigiraf
|
|-heal|p1b: Ursaluna|87/100|[from] Grassy Terrain
|-heal|p1a: Farigiraf|67/100|[from] Grassy Terrain
|-status|p1b: Ursaluna|brn|[from] item: Flame Orb
|upkeep
|turn|2
|
|t:|1756337378
|-terastallize|p2a: Sneasler|Dark
|move|p1b: Ursaluna|Facade|p2a: Sneasler
|-damage|p2a: Sneasler|0 fnt
|faint|p2a: Sneasler
|move|p1a: Farigiraf|Tera Blast|p2b: Murkrow
|-damage|p2b: Murkrow|50/100
|move|p2b: Murkrow|Foul Play|p1b: Ursaluna
|-damage|p1b: Ursaluna|44/100 brn
|
|-heal|p1b: Ursaluna|50/100 brn|[from] Grassy Terrain
|-heal|p1a: Farigiraf|74/100|[from] Grassy Terrain
|-damage|p1b: Ursaluna|44/100 brn|[from] brn
|upkeep
|
|t:|1756337391
|switch|p2a: Sylveon|Sylveon, L50, M|100/100
|turn|3
|
|t:|1756337406
|switch|p2b: Arcanine|Arcanine-Hisui, L50, M|100/100
|-ability|p2b: Arcanine|Intimidate|boost
|-unboost|p1a: Farigiraf|atk|1
|-unboost|p1b: Ursaluna|atk|1
|move|p1b: Ursaluna|Facade|p2a: Sylveon
|-damage|p2a: Sylveon|0 fnt
|faint|p2a: Sylveon
|move|p1a: Farigiraf|Tera Blast|p2b: Arcanine
|-resisted|p2b: Arcanine
|-damage|p2b: Arcanine|86/100
|
|-heal|p1b: Ursaluna|50/100 brn|[from] Grassy Terrain
|-heal|p1a: Farigiraf|80/100|[from] Grassy Terrain
|-heal|p2b: Arcanine|92/100|[from] Grassy Terrain
|-damage|p1b: Ursaluna|44/100 brn|[from] brn
|upkeep
|
|t:|1756337420
|switch|p2a: Murkrow|Murkrow, L50, F|50/100
|turn|4
|
|t:|1756337435
|move|p2b: Arcanine|Extreme Speed||[still]
|cant|p1a: Farigiraf|ability: Armor Tail|Extreme Speed|[of] p2b: Arcanine
|move|p1b: Ursaluna|Headlong Rush|p2b: Arcanine
|-supereffective|p2b: Arcanine
|-damage|p2b: Arcanine|0 fnt
|-unboost|p1b: Ursaluna|def|1
|-unboost|p1b: Ursaluna|spd|1
|faint|p2b: Arcanine
|move|p1a: Farigiraf|Tera Blast|p2a: Murkrow
|-damage|p2a: Murkrow|1/100
|move|p2a: Murkrow|Foul Play|p1a: Farigiraf
|-supereffective|p1a: Farigiraf
|-damage|p1a: Farigiraf|42/100
|
|-heal|p1b: Ursaluna|50/100 brn|[from] Grassy Terrain
|-heal|p1a: Farigiraf|48/100|[from] Grassy Terrain
|-damage|p1b: Ursaluna|44/100 brn|[from] brn
|upkeep
|turn|5
|-message|Kahizar forfeited.
|
|win|pinkeyt569
|l|☆Kahizar
|player|p2|
||Kahizar is ready for game 2.
||pinkeyt569 is ready for game 2.
|uhtml|next|Next: Game 2 of 3
