|j|☆Quill86
|j|☆ScarletHunter22
|html|Quill86ScarletHunter22    
|uhtml|bestof|Game 2 of a best-of-3
|t:|1756945888
|gametype|doubles
|player|p1|Quill86|lucas|1339
|player|p2|ScarletHunter22|170|1284
|gen|9
|tier|[Gen 9] VGC 2025 Reg H (Bo3)
|rated|
|rule|Species Clause: Limit one of each Pokémon
|rule|Item Clause: Limit 1 of each item
|clearpoke
|poke|p1|Indeedee-F, L50, F|
|poke|p1|Gallade, L50, M|
|poke|p1|Torkoal, L50, F|
|poke|p1|Ursaluna, L50, M|
|poke|p1|Hatterene, L50, F|
|poke|p1|Smeargle, L50, F|
|poke|p2|Ursaluna, L50, F|
|poke|p2|Jumpluff, L50, F|
|poke|p2|Charizard, L50, F|
|poke|p2|Torkoal, L50, F|
|poke|p2|Incineroar, L50, F|
|poke|p2|Porygon2, L50|
|teampreview|4
|showteam|p1|Indeedee-F||PsychicSeed|PsychicSurge|FollowMe,TrickRoom,HelpingHand,DazzlingGleam|||F|||50|,,,,,Fairy]Gallade||ClearAmulet|Sharpness|SacredSword,WideGuard,TrickRoom,PsychoCut|||M|||50|,,,,,Grass]Torkoal||ChoiceSpecs|Drought|Eruption,WeatherBall,EarthPower,HeatWave|||F|||50|,,,,,Fire]Ursaluna||FlameOrb|Guts|Protect,HeadlongRush,Facade,Earthquake|||M|||50|,,,,,Ghost]Hatterene||LifeOrb|MagicBounce|DazzlingGleam,ExpandingForce,MysticalFire,TrickRoom|||F|||50|,,,,,Fire]Smeargle||FocusSash|Moody|FakeOut,Spore,Instruct,FollowMe|||F|||50|,,,,,Ghost
|showteam|p2|Ursaluna||FlameOrb|Guts|HeadlongRush,Facade,Earthquake,Protect|||F|||50|,,,,,Ghost]Jumpluff||CovertCloak|Chlorophyll|SleepPowder,SunnyDay,Tailwind,RagePowder|||F|||50|,,,,,Water]Charizard||ChoiceSpecs|SolarPower|AirSlash,HeatWave,Overheat,WeatherBall|||F|||50|,,,,,Ghost]Torkoal||EjectPack|Drought|HelpingHand,Eruption,Overheat,Protect|||F|||50|,,,,,Fire]Incineroar||SitrusBerry|Intimidate|FakeOut,FlareBlitz,KnockOff,PartingShot|||F|||50|,,,,,Ghost]Porygon2||Eviolite|Download|TeraBlast,IceBeam,Recover,TrickRoom||||||50|,,,,,Fighting
|
|t:|1756945955
|teamsize|p1|4
|teamsize|p2|4
|start
|switch|p1a: Smeargle|Smeargle, L50, F|100/100
|switch|p1b: Gallade|Gallade, L50, M|100/100
|switch|p2a: Charizard|Charizard, L50, F|100/100
|switch|p2b: Jumpluff|Jumpluff, L50, F|100/100
|turn|1
|
|t:|1756945975
|move|p1a: Smeargle|Fake Out|p2a: Charizard
|-damage|p2a: Charizard|94/100
|move|p2b: Jumpluff|Sunny Day|p2b: Jumpluff
|-weather|SunnyDay
|cant|p2a: Charizard|flinch
|move|p1b: Gallade|Trick Room|p1b: Gallade
|-fieldstart|move: Trick Room|[of] p1b: Gallade
|
|-weather|SunnyDay|[upkeep]
|-damage|p2a: Charizard|82/100|[from] ability: Solar Power|[of] p2a: Charizard
|-ability|p1a: Smeargle|Moody|boost
|-boost|p1a: Smeargle|spd|2
|-unboost|p1a: Smeargle|spe|1
|upkeep
|turn|2
|
|t:|1756945998
|-terastallize|p1b: Gallade|Grass
|-terastallize|p2a: Charizard|Ghost
|move|p1b: Gallade|Psycho Cut|p2a: Charizard
|-damage|p2a: Charizard|0 fnt
|faint|p2a: Charizard
|move|p1a: Smeargle|Instruct|p1b: Gallade
|-singleturn|p1b: Gallade|move: Instruct|[of] p1a: Smeargle
|move|p1b: Gallade|Psycho Cut|p2b: Jumpluff
|-damage|p2b: Jumpluff|32/100
|move|p2b: Jumpluff|Sleep Powder|p1b: Gallade
|-immune|p1b: Gallade
|
|-weather|SunnyDay|[upkeep]
|-ability|p1a: Smeargle|Moody|boost
|-boost|p1a: Smeargle|atk|2
|-unboost|p1a: Smeargle|spd|1
|upkeep
|inactive|Battle timer is ON: inactive players will automatically lose when time's up. (requested by ScarletHunter22)
|
|t:|1756946014
|switch|p2a: Torkoal|Torkoal, L50, F|100/100
|turn|3
|inactive|ScarletHunter22 has 30 seconds left.
|
|t:|1756946044
|move|p1b: Gallade|Wide Guard|p1b: Gallade
|-singleturn|p1b: Gallade|Wide Guard
|move|p2b: Jumpluff|Rage Powder|p2b: Jumpluff
|-singleturn|p2b: Jumpluff|move: Rage Powder
|move|p2a: Torkoal|Overheat|p1b: Gallade
|-supereffective|p1b: Gallade
|-damage|p1b: Gallade|0 fnt
|-unboost|p2a: Torkoal|spa|2
|faint|p1b: Gallade
|-enditem|p2a: Torkoal|Eject Pack
|
|t:|1756946054
|switch|p2a: Ursaluna|Ursaluna, L50, F|100/100
|move|p1a: Smeargle|Spore|p2b: Jumpluff
|-immune|p2b: Jumpluff
|
|-weather|SunnyDay|[upkeep]
|-ability|p1a: Smeargle|Moody|boost
|-boost|p1a: Smeargle|spe|2
|-unboost|p1a: Smeargle|spd|1
|-status|p2a: Ursaluna|brn|[from] item: Flame Orb
|upkeep
|
|t:|1756946059
|switch|p1b: Hatterene|Hatterene, L50, F|100/100
|turn|4
|inactive|ScarletHunter22 has 30 seconds left.
|inactive|ScarletHunter22 has 20 seconds left.
|inactive|ScarletHunter22 has 15 seconds left.
|inactive|ScarletHunter22 has 10 seconds left.
|
|t:|1756946107
|switch|p1a: Indeedee|Indeedee-F, L50, F|100/100
|-fieldstart|move: Psychic Terrain|[from] ability: Psychic Surge|[of] p1a: Indeedee
|-enditem|p1a: Indeedee|Psychic Seed
|-boost|p1a: Indeedee|spd|1|[from] item: Psychic Seed
|move|p1b: Hatterene|Expanding Force|p2b: Jumpluff|[spread] p2a,p2b
|-damage|p2a: Ursaluna|5/100 brn
|-damage|p2b: Jumpluff|0 fnt
|faint|p2b: Jumpluff
|-damage|p1b: Hatterene|91/100|[from] item: Life Orb
|move|p2a: Ursaluna|Earthquake|p1a: Indeedee|[spread] p1a,p1b
|-damage|p1a: Indeedee|39/100
|-damage|p1b: Hatterene|15/100
|
|-weather|SunnyDay|[upkeep]
|-damage|p2a: Ursaluna|0 fnt|[from] brn
|faint|p2a: Ursaluna
|upkeep
|
|t:|1756946125
|switch|p2b: Torkoal|Torkoal, L50, F|100/100
|turn|5
|
|t:|1756946132
|switch|p1b: Smeargle|Smeargle, L50, F|100/100
|move|p2b: Torkoal|Eruption|p1a: Indeedee|[spread] p1a,p1b
|-damage|p1a: Indeedee|0 fnt
|-enditem|p1b: Smeargle|Focus Sash
|-damage|p1b: Smeargle|1/100
|faint|p1a: Indeedee
|
|-weather|none
|-fieldend|move: Trick Room
|-ability|p1b: Smeargle|Moody|boost
|-boost|p1b: Smeargle|def|2
|-unboost|p1b: Smeargle|spd|1
|upkeep
|
|t:|1756946142
|switch|p1a: Hatterene|Hatterene, L50, F|15/100
|turn|6
|
|t:|1756946150
|move|p1b: Smeargle|Spore|p2b: Torkoal
|-status|p2b: Torkoal|slp|[from] move: Spore
|cant|p2b: Torkoal|slp
|move|p1a: Hatterene|Expanding Force|p2b: Torkoal
|-damage|p2b: Torkoal|0 fnt
|faint|p2b: Torkoal
|-damage|p1a: Hatterene|5/100|[from] item: Life Orb
|
|win|Quill86
|raw|Quill86's rating: 1339 → 1356(+17 for winning)
|raw|ScarletHunter22's rating: 1284 → 1263(-21 for losing)
