|j|☆plujaivent
|j|☆MakeIt(C)RAIn
|html|plujaiventMakeIt(C)RAIn    
|uhtml|bestof|Game 1 of a best-of-3
|t:|1756990888
|gametype|doubles
|player|p1|plujaivent|hiker-gen4|1047
|player|p2|MakeIt(C)RAIn|elesa|1098
|gen|9
|tier|[Gen 9] VGC 2025 Reg H (Bo3)
|rated|
|rule|Species Clause: Limit one of each Pokémon
|rule|Item Clause: Limit 1 of each item
|clearpoke
|poke|p1|Archaludon, L50, M|
|poke|p1|Pelipper, L50, F|
|poke|p1|Basculegion, L50, M|
|poke|p1|Amoonguss, L50, M|
|poke|p1|Gholdengo, L50|
|poke|p1|Incineroar, L50, M|
|poke|p2|Whimsicott, L50, M|
|poke|p2|Archaludon, L50, F|
|poke|p2|Pelipper, L50, F|
|poke|p2|Basculegion, L50, M|
|poke|p2|Annihilape, L50, F|
|poke|p2|Sinistcha, L50|
|teampreview|4
|showteam|p1|Archaludon||AssaultVest|Stamina|DragonPulse,ElectroShot,FlashCannon,BodyPress|||M|||50|,,,,,Bug]Pelipper||FocusSash|Drizzle|WeatherBall,Hurricane,Tailwind,Protect|||F|||50|,,,,,Ground]Basculegion||ChoiceBand|SwiftSwim|WaveCrash,LastRespects,AquaJet,FlipTurn|||M|||50|,,,,,Water]Amoonguss||SitrusBerry|Regenerator|PollenPuff,Spore,RagePowder,Protect|||M|||50|,,,,,Fairy]Gholdengo||LifeOrb|GoodasGold|MakeItRain,ShadowBall,NastyPlot,Protect||||||50|,,,,,Water]Incineroar||RockyHelmet|Intimidate|KnockOff,Taunt,PartingShot,FakeOut|||M|||50|,,,,,Ghost
|showteam|p2|Whimsicott||FocusSash|Prankster|BeatUp,LightScreen,Endeavor,Tailwind|||M|||50|,,,,,Dark]Archaludon||AssaultVest|Stamina|BodyPress,ElectroShot,DragonPulse,Snarl|||F|||50|,,,,,Grass]Pelipper||LifeOrb|Drizzle|WeatherBall,Hurricane,WideGuard,Tailwind|||F|||50|,,,,,Grass]Basculegion||ChoiceScarf|SwiftSwim|LastRespects,FlipTurn,AquaJet,WaveCrash|||M|||50|,,,,,Water]Annihilape||Leftovers|Defiant|DrainPunch,RageFist,Taunt,Protect|||F|||50|,,,,,Dark]Sinistcha||SitrusBerry|Hospitality|MatchaGotcha,RagePowder,TrickRoom,LifeDew||||||50|,,,,,Water
|inactive|Battle timer is ON: inactive players will automatically lose when time's up. (requested by MakeIt(C)RAIn)
|
|t:|1756990920
|teamsize|p1|4
|teamsize|p2|4
|start
|switch|p1a: Gholdengo|Gholdengo, L50|100/100
|switch|p1b: Incineroar|Incineroar, L50, M|100/100
|switch|p2a: Whimsicott|Whimsicott, L50, M, shiny|100/100
|switch|p2b: Annihilape|Annihilape, L50, F, shiny|100/100
|-ability|p1b: Incineroar|Intimidate|boost
|-unboost|p2a: Whimsicott|atk|1
|-unboost|p2b: Annihilape|atk|1
|-ability|p2b: Annihilape|Defiant|boost
|-boost|p2b: Annihilape|atk|2
|turn|1
|inactive|MakeIt(C)RAIn has 30 seconds left.
|inactive|MakeIt(C)RAIn has 20 seconds left.
|
|t:|1756990960
|-terastallize|p1a: Gholdengo|Water
|move|p2a: Whimsicott|Beat Up|p2b: Annihilape
|-damage|p2b: Annihilape|99/100
|-damage|p2b: Annihilape|97/100
|-damage|p2b: Annihilape|95/100
|-damage|p2b: Annihilape|93/100
|-hitcount|p2b: Annihilape|4
|move|p1a: Gholdengo|Nasty Plot|p1a: Gholdengo
|-boost|p1a: Gholdengo|spa|2
|move|p2b: Annihilape|Drain Punch|p1b: Incineroar
|-supereffective|p1b: Incineroar
|-damage|p1b: Incineroar|22/100
|-heal|p2b: Annihilape|100/100|[from] drain|[of] p1b: Incineroar
|-damage|p2b: Annihilape|84/100|[from] item: Rocky Helmet|[of] p1b: Incineroar
|move|p1b: Incineroar|Knock Off|p2b: Annihilape
|-damage|p2b: Annihilape|48/100
|-enditem|p2b: Annihilape|Leftovers|[from] move: Knock Off|[of] p1b: Incineroar
|
|upkeep
|turn|2
|
|t:|1756990983
|move|p1a: Gholdengo|Protect|p1a: Gholdengo
|-singleturn|p1a: Gholdengo|Protect
|move|p2a: Whimsicott|Tailwind|p2a: Whimsicott
|-sidestart|p2: MakeIt(C)RAIn|move: Tailwind
|move|p2b: Annihilape|Rage Fist|p1a: Gholdengo
|-activate|p1a: Gholdengo|move: Protect
|move|p1b: Incineroar|Parting Shot|p2a: Whimsicott
|-unboost|p2a: Whimsicott|atk|1
|-unboost|p2a: Whimsicott|spa|1
|
|t:|1756990993
|switch|p1b: Amoonguss|Amoonguss, L50, M|100/100|[from] Parting Shot
|
|upkeep
|turn|3
|
|t:|1756991015
|switch|p2a: Archaludon|Archaludon, L50, F|100/100
|move|p2b: Annihilape|Protect|p2b: Annihilape
|-singleturn|p2b: Annihilape|Protect
|move|p1b: Amoonguss|Rage Powder|p1b: Amoonguss
|-singleturn|p1b: Amoonguss|move: Rage Powder
|move|p1a: Gholdengo|Make It Rain|p2a: Archaludon|[spread] p2a
|-activate|p2b: Annihilape|move: Protect
|-resisted|p2a: Archaludon
|-damage|p2a: Archaludon|59/100
|-unboost|p1a: Gholdengo|spa|1
|-ability|p2a: Archaludon|Stamina|boost
|-boost|p2a: Archaludon|def|1
|-damage|p1a: Gholdengo|91/100|[from] item: Life Orb
|
|upkeep
|turn|4
|inactive|MakeIt(C)RAIn has 30 seconds left.
|
|t:|1756991050
|move|p1b: Amoonguss|Rage Powder|p1b: Amoonguss
|-singleturn|p1b: Amoonguss|move: Rage Powder
|move|p2b: Annihilape|Taunt|p1b: Amoonguss
|-start|p1b: Amoonguss|move: Taunt
|move|p2a: Archaludon|Snarl|p1b: Amoonguss|[spread] p1a,p1b
|-damage|p1a: Gholdengo|75/100
|-damage|p1b: Amoonguss|87/100
|-unboost|p1a: Gholdengo|spa|1
|-unboost|p1b: Amoonguss|spa|1
|move|p1a: Gholdengo|Make It Rain|p2a: Archaludon|[spread] p2a,p2b
|-resisted|p2a: Archaludon
|-damage|p2a: Archaludon|38/100
|-damage|p2b: Annihilape|2/100
|-unboost|p1a: Gholdengo|spa|1
|-ability|p2a: Archaludon|Stamina|boost
|-boost|p2a: Archaludon|def|1
|-damage|p1a: Gholdengo|66/100|[from] item: Life Orb
|
|upkeep
|turn|5
|inactive|MakeIt(C)RAIn has 30 seconds left.
|inactive|MakeIt(C)RAIn has 20 seconds left.
|inactive|MakeIt(C)RAIn has 15 seconds left.
|
|t:|1756991092
|switch|p2a: Whimsicott|Whimsicott, L50, M, shiny|100/100
|move|p1a: Gholdengo|Protect|p1a: Gholdengo
|-singleturn|p1a: Gholdengo|Protect
|move|p2b: Annihilape|Rage Fist|p1b: Amoonguss
|-damage|p1b: Amoonguss|0 fnt
|faint|p1b: Amoonguss
|
|-sideend|p2: MakeIt(C)RAIn|move: Tailwind
|upkeep
|
|t:|1756991104
|switch|p1b: Incineroar|Incineroar, L50, M|22/100
|-ability|p1b: Incineroar|Intimidate|boost
|-unboost|p2a: Whimsicott|atk|1
|-unboost|p2b: Annihilape|atk|1
|-ability|p2b: Annihilape|Defiant|boost
|-boost|p2b: Annihilape|atk|2
|turn|6
|
|t:|1756991118
|switch|p2a: Archaludon|Archaludon, L50, F|38/100
|move|p2b: Annihilape|Protect|p2b: Annihilape
|-singleturn|p2b: Annihilape|Protect
|move|p1a: Gholdengo|Make It Rain|p2b: Annihilape|[spread] p2a
|-activate|p2b: Annihilape|move: Protect
|-resisted|p2a: Archaludon
|-damage|p2a: Archaludon|24/100
|-unboost|p1a: Gholdengo|spa|1
|-ability|p2a: Archaludon|Stamina|boost
|-boost|p2a: Archaludon|def|1
|-damage|p1a: Gholdengo|56/100|[from] item: Life Orb
|move|p1b: Incineroar|Knock Off|p2b: Annihilape
|-activate|p2b: Annihilape|move: Protect
|
|upkeep
|turn|7
|inactive|MakeIt(C)RAIn has 30 seconds left.
|inactive|MakeIt(C)RAIn has 20 seconds left.
|inactive|MakeIt(C)RAIn has 15 seconds left.
|inactive|MakeIt(C)RAIn has 10 seconds left.
|
|t:|1756991167
|switch|p1a: Basculegion|Basculegion, L50, M|100/100
|switch|p2b: Whimsicott|Whimsicott, L50, M, shiny|100/100
|move|p2a: Archaludon|Body Press|p1b: Incineroar
|-supereffective|p1b: Incineroar
|-damage|p1b: Incineroar|0 fnt
|-damage|p2a: Archaludon|8/100|[from] item: Rocky Helmet|[of] p1b: Incineroar
|faint|p1b: Incineroar
|
|upkeep
|
|t:|1756991177
|switch|p1b: Gholdengo|Gholdengo, L50, tera:Water|56/100
|turn|8
|
|t:|1756991191
|move|p2b: Whimsicott|Tailwind|p2b: Whimsicott
|-sidestart|p2: MakeIt(C)RAIn|move: Tailwind
|move|p1a: Basculegion|Aqua Jet|p2b: Whimsicott
|-resisted|p2b: Whimsicott
|-damage|p2b: Whimsicott|82/100
|move|p2a: Archaludon|Snarl|p1b: Gholdengo|[spread] p1a,p1b
|-supereffective|p1a: Basculegion
|-damage|p1a: Basculegion|68/100
|-damage|p1b: Gholdengo|40/100
|-unboost|p1a: Basculegion|spa|1
|-unboost|p1b: Gholdengo|spa|1
|move|p1b: Gholdengo|Make It Rain|p2a: Archaludon|[spread] p2a,p2b
|-resisted|p2a: Archaludon
|-supereffective|p2b: Whimsicott
|-damage|p2a: Archaludon|0 fnt
|-damage|p2b: Whimsicott|0 fnt
|-unboost|p1b: Gholdengo|spa|1
|faint|p2a: Archaludon
|faint|p2b: Whimsicott
|-damage|p1b: Gholdengo|31/100|[from] item: Life Orb
|
|upkeep
|
|t:|1756991203
|switch|p2b: Basculegion|Basculegion, L50, M|100/100
|switch|p2a: Annihilape|Annihilape, L50, F, shiny|2/100
|turn|9
|
|t:|1756991224
|move|p2a: Annihilape|Protect|p2a: Annihilape
|-singleturn|p2a: Annihilape|Protect
|move|p1b: Gholdengo|Protect|p1b: Gholdengo
|-singleturn|p1b: Gholdengo|Protect
|move|p1a: Basculegion|Aqua Jet|p2a: Annihilape
|-activate|p2a: Annihilape|move: Protect
|move|p2b: Basculegion|Last Respects|p1a: Basculegion
|-supereffective|p1a: Basculegion
|-damage|p1a: Basculegion|0 fnt
|faint|p1a: Basculegion
|
|upkeep
|turn|10
|
|t:|1756991236
|move|p2b: Basculegion|Last Respects|p1b: Gholdengo
|-damage|p1b: Gholdengo|0 fnt
|faint|p1b: Gholdengo
|
|win|MakeIt(C)RAIn
||MakeIt(C)RAIn is ready for game 2.
|inactive|plujaivent has 30 seconds to confirm battle start!
||plujaivent is ready for game 2.
|uhtml|next|Next: Game 2 of 3
|l|☆MakeIt(C)RAIn
|player|p2|
