|j|‽theshpacedog18
|j|☆eklyst
|html|theshpacedog18eklyst    
|uhtml|bestof|Game 2 of a best-of-3
|t:|1756526882
|gametype|doubles
|player|p1|theshpacedog18|2|1068
|player|p2|eklyst|pokemaniac|1046
|gen|9
|tier|[Gen 9] VGC 2025 Reg H (Bo3)
|rated|
|rule|Species Clause: Limit one of each Pokémon
|rule|Item Clause: Limit 1 of each item
|clearpoke
|poke|p1|Incineroar, L50, M|
|poke|p1|Ursaluna, L50, F|
|poke|p1|Porygon2, L50|
|poke|p1|Azumarill, L50, M|
|poke|p1|Sneasler, L50, M|
|poke|p1|Talonflame, L50, M|
|poke|p2|Ursaluna-Bloodmoon, L50, M|
|poke|p2|Incineroar, L50, F|
|poke|p2|Rillaboom, L50, M|
|poke|p2|Farigiraf, L50, M|
|poke|p2|Sneasler, L50, F|
|poke|p2|Volcarona, L50, M|
|teampreview|4
|showteam|p1|Incineroar||SafetyGoggles|Intimidate|FakeOut,KnockOff,FlareBlitz,PartingShot|||M|||50|,,,,,Ghost]Ursaluna||FlameOrb|Guts|HeadlongRush,Protect,Facade,SwordsDance|||F|||50|,,,,,Ghost]Porygon2||Eviolite|Trace|TrickRoom,IceBeam,TeraBlast,Protect||||||50|,,,,,Flying]Azumarill||SitrusBerry|HugePower|BellyDrum,AquaJet,PlayRough,Superpower|||M|||50|,,,,,Fire]Sneasler||WhiteHerb|Unburden|DireClaw,Coaching,CloseCombat,Protect|||M|||50|,,,,,Stellar]Talonflame||FocusSash|GaleWings|BraveBird,FlareBlitz,Tailwind,Taunt|||M|||50|,,,,,Ghost
|showteam|p2|Ursaluna-Bloodmoon||LifeOrb|MindsEye|HyperVoice,BloodMoon,EarthPower,Protect|||M|||50|,,,,,Normal]Incineroar||SitrusBerry|Intimidate|FakeOut,FlareBlitz,KnockOff,PartingShot|||F|||50|,,,,,Bug]Rillaboom||AssaultVest|GrassySurge|Uturn,WoodHammer,GrassyGlide,FakeOut|||M|||50|,,,,,Fire]Farigiraf||ThroatSpray|ArmorTail|HyperVoice,Protect,Psychic,TrickRoom|||M|||50|,,,,,Fairy]Sneasler||FocusSash|Unburden|CloseCombat,Protect,FakeOut,ThroatChop|||F|||50|,,,,,Dark]Volcarona||CovertCloak|FlameBody|HeatWave,Protect,StruggleBug,RagePowder|||M|||50|,,,,,Water
|
|t:|1756526910
|teamsize|p1|4
|teamsize|p2|4
|start
|switch|p1a: Talonflame|Talonflame, L50, M, shiny|100/100
|switch|p1b: Sneasler|Sneasler, L50, M|100/100
|switch|p2a: Farigiraf|Farigiraf, L50, M|100/100
|switch|p2b: Incineroar|Incineroar, L50, F|100/100
|-ability|p2b: Incineroar|Intimidate|boost
|-unboost|p1a: Talonflame|atk|1
|-unboost|p1b: Sneasler|atk|1
|-enditem|p1b: Sneasler|White Herb
|-clearnegativeboost|p1b: Sneasler|[silent]
|turn|1
|
|t:|1756526933
|move|p2b: Incineroar|Fake Out|p1a: Talonflame
|-damage|p1a: Talonflame|84/100
|move|p1b: Sneasler|Close Combat|p2b: Incineroar
|-supereffective|p2b: Incineroar
|-damage|p2b: Incineroar|4/100
|-unboost|p1b: Sneasler|def|1
|-unboost|p1b: Sneasler|spd|1
|-enditem|p2b: Incineroar|Sitrus Berry|[eat]
|-heal|p2b: Incineroar|29/100|[from] item: Sitrus Berry
|cant|p1a: Talonflame|flinch
|move|p2a: Farigiraf|Psychic|p1b: Sneasler
|-supereffective|p1b: Sneasler
|-damage|p1b: Sneasler|0 fnt
|faint|p1b: Sneasler
|
|upkeep
|
|t:|1756526955
|switch|p1b: Azumarill|Azumarill, L50, M, shiny|100/100
|turn|2
|
|t:|1756526967
|move|p1a: Talonflame|Tailwind|p1a: Talonflame
|-sidestart|p1: theshpacedog18|move: Tailwind
|move|p1b: Azumarill|Superpower|p2a: Farigiraf
|-damage|p2a: Farigiraf|45/100
|-unboost|p1b: Azumarill|atk|1
|-unboost|p1b: Azumarill|def|1
|move|p2b: Incineroar|Parting Shot|p1b: Azumarill
|-unboost|p1b: Azumarill|atk|1
|-unboost|p1b: Azumarill|spa|1
|
|t:|1756526976
|switch|p2b: Rillaboom|Rillaboom, L50, M|100/100|[from] Parting Shot
|-fieldstart|move: Grassy Terrain|[from] ability: Grassy Surge|[of] p2b: Rillaboom
|move|p2a: Farigiraf|Hyper Voice|p1b: Azumarill|[spread] p1a,p1b
|-damage|p1a: Talonflame|37/100
|-damage|p1b: Azumarill|65/100
|-enditem|p2a: Farigiraf|Throat Spray
|-boost|p2a: Farigiraf|spa|1|[from] item: Throat Spray
|
|-heal|p1b: Azumarill|71/100|[from] Grassy Terrain
|-heal|p2a: Farigiraf|51/100|[from] Grassy Terrain
|upkeep
|turn|3
|
|t:|1756527003
|switch|p1b: Incineroar|Incineroar, L50, M|100/100
|-ability|p1b: Incineroar|Intimidate|boost
|-unboost|p2a: Farigiraf|atk|1
|-unboost|p2b: Rillaboom|atk|1
|move|p2b: Rillaboom|Fake Out|p1b: Incineroar
|-damage|p1b: Incineroar|93/100
|move|p1a: Talonflame|Brave Bird|p2b: Rillaboom
|-supereffective|p2b: Rillaboom
|-damage|p2b: Rillaboom|47/100
|-damage|p1a: Talonflame|13/100|[from] Recoil
|move|p2a: Farigiraf|Hyper Voice|p1b: Incineroar|[spread] p1a,p1b
|-damage|p1a: Talonflame|0 fnt
|-damage|p1b: Incineroar|55/100
|faint|p1a: Talonflame
|
|-heal|p1b: Incineroar|61/100|[from] Grassy Terrain
|-heal|p2b: Rillaboom|53/100|[from] Grassy Terrain
|-heal|p2a: Farigiraf|58/100|[from] Grassy Terrain
|upkeep
|
|t:|1756527015
|switch|p1a: Azumarill|Azumarill, L50, M, shiny|71/100
|turn|4
|
|t:|1756527055
|move|p2a: Farigiraf|Protect|p2a: Farigiraf
|-singleturn|p2a: Farigiraf|Protect
|move|p2b: Rillaboom|Grassy Glide|p1a: Azumarill
|-supereffective|p1a: Azumarill
|-damage|p1a: Azumarill|17/100
|-enditem|p1a: Azumarill|Sitrus Berry|[eat]
|-heal|p1a: Azumarill|42/100|[from] item: Sitrus Berry
|move|p1b: Incineroar|Flare Blitz|p2b: Rillaboom
|-supereffective|p2b: Rillaboom
|-damage|p2b: Rillaboom|0 fnt
|faint|p2b: Rillaboom
|-damage|p1b: Incineroar|44/100|[from] Recoil
|move|p1a: Azumarill|Play Rough|p2a: Farigiraf
|-activate|p2a: Farigiraf|move: Protect
|
|-heal|p1b: Incineroar|50/100|[from] Grassy Terrain
|-heal|p1a: Azumarill|48/100|[from] Grassy Terrain
|-heal|p2a: Farigiraf|64/100|[from] Grassy Terrain
|upkeep
|
|t:|1756527072
|switch|p2b: Incineroar|Incineroar, L50, F|29/100
|-ability|p2b: Incineroar|Intimidate|boost
|-unboost|p1a: Azumarill|atk|1
|-unboost|p1b: Incineroar|atk|1
|turn|5
|
|t:|1756527093
|-terastallize|p1b: Incineroar|Ghost
|move|p2b: Incineroar|Fake Out|p1a: Azumarill
|-damage|p1a: Azumarill|36/100
|cant|p1a: Azumarill|flinch
|move|p1b: Incineroar|Knock Off|p2a: Farigiraf
|-supereffective|p2a: Farigiraf
|-damage|p2a: Farigiraf|24/100
|move|p2a: Farigiraf|Hyper Voice|p1b: Incineroar|[spread] p1a
|-immune|p1b: Incineroar
|-damage|p1a: Azumarill|0 fnt
|faint|p1a: Azumarill
|
|-heal|p1b: Incineroar|56/100|[from] Grassy Terrain
|-heal|p2b: Incineroar|35/100|[from] Grassy Terrain
|-heal|p2a: Farigiraf|30/100|[from] Grassy Terrain
|-sideend|p1: theshpacedog18|move: Tailwind
|upkeep
|turn|6
|
|t:|1756527119
|move|p2a: Farigiraf|Protect|p2a: Farigiraf
|-singleturn|p2a: Farigiraf|Protect
|move|p2b: Incineroar|Parting Shot|p1b: Incineroar
|-unboost|p1b: Incineroar|atk|1
|-unboost|p1b: Incineroar|spa|1
|
|t:|1756527124
|switch|p2b: Ursaluna|Ursaluna-Bloodmoon, L50, M|100/100|[from] Parting Shot
|move|p1b: Incineroar|Knock Off|p2b: Ursaluna
|-damage|p2b: Ursaluna|84/100
|-enditem|p2b: Ursaluna|Life Orb|[from] move: Knock Off|[of] p1b: Incineroar
|
|-heal|p2b: Ursaluna|90/100|[from] Grassy Terrain
|-heal|p1b: Incineroar|62/100|[from] Grassy Terrain
|-heal|p2a: Farigiraf|36/100|[from] Grassy Terrain
|-fieldend|move: Grassy Terrain
|upkeep
|turn|7
|-message|theshpacedog18 forfeited.
|
|win|eklyst
|l|‽theshpacedog18
|player|p1|
||theshpacedog18 is ready for game 3.
||eklyst is ready for game 3.
|uhtml|next|Next: Game 3 of 3
