|j|☆TheRealKenKaniff
|j|☆parsley<3
|html|TheRealKenKaniffparsley<3    
|uhtml|bestof|Game 2 of a best-of-3
|t:|1755239766
|gametype|doubles
|player|p1|TheRealKenKaniff|cynthia|1197
|player|p2|parsley<3|lacey|1264
|gen|9
|tier|[Gen 9] VGC 2025 Reg H (Bo3)
|rated|
|rule|Species Clause: Limit one of each Pokémon
|rule|Item Clause: Limit 1 of each item
|clearpoke
|poke|p1|Sneasler, L50, F|
|poke|p1|Hydreigon, L50, F|
|poke|p1|Baxcalibur, L50, F|
|poke|p1|Talonflame, L50, F|
|poke|p1|Indeedee-F, L50, F|
|poke|p1|Gholdengo, L50|
|poke|p2|Maushold, L50|
|poke|p2|Annihilape, L50, M|
|poke|p2|Grimmsnarl, L50, M|
|poke|p2|Gholdengo, L50|
|poke|p2|Dragonite, L50, M|
|poke|p2|Garchomp, L50, M|
|teampreview|4
|showteam|p1|Sneasler||PsychicSeed|Unburden|Protect,DireClaw,CloseCombat,ThroatChop|||F|||50|,,,,,Dark]Hydreigon||LifeOrb|Levitate|Protect,DracoMeteor,DarkPulse,EarthPower|||F|||50|,,,,,Ghost]Baxcalibur||LoadedDice|ThermalExchange|IcicleSpear,IceShard,ScaleShot,SwordsDance|||F|||50|,,,,,Ghost]Talonflame||SharpBeak|GaleWings|BraveBird,FlareBlitz,Tailwind,Taunt|||F|||50|,,,,,Ghost]Indeedee-F||RockyHelmet|PsychicSurge|FollowMe,Psychic,FakeOut,TrickRoom|||F|||50|,,,,,Fairy]Gholdengo||ChoiceSpecs|GoodasGold|MakeItRain,ShadowBall,Thunderbolt,SteelBeam||||||50|,,,,,Steel
|showteam|p2|Maushold||WideLens|FriendGuard|PopulationBomb,BeatUp,Protect,FollowMe||||||50|,,,,,Ghost]Annihilape||Leftovers|Defiant|RageFist,DrainPunch,Protect,BulkUp|||M|||50|,,,,,Fire]Grimmsnarl||LightClay|Prankster|ThunderWave,LightScreen,SpiritBreak,Reflect|||M|||50|,,,,,Ghost]Gholdengo||MetalCoat|GoodasGold|MakeItRain,ShadowBall,Protect,NastyPlot||||||50|,,,,,Water]Dragonite||LoadedDice|Multiscale|ScaleShot,Tailwind,Protect,Haze|||M|||50|,,,,,Fairy]Garchomp||LifeOrb|RoughSkin|StompingTantrum,Earthquake,Protect,DragonClaw|||M|||50|,,,,,Ground
|inactive|Battle timer is ON: inactive players will automatically lose when time's up. (requested by TheRealKenKaniff)
|c|☆TheRealKenKaniff|Gg wo
|c|☆TheRealKenKaniff|wp
|inactive|TheRealKenKaniff has 60 seconds left.
|inactive|parsley<3 has 60 seconds left.
|
|t:|1755239819
|teamsize|p1|4
|teamsize|p2|4
|start
|switch|p1a: Talonflame|Talonflame, L50, F|100/100
|switch|p1b: Gholdengo|Gholdengo, L50|100/100
|switch|p2a: homosexual 1|Dragonite, L50, M|100/100
|switch|p2b: angsty teenage son|Annihilape, L50, M|100/100
|turn|1
|inactive|TheRealKenKaniff has 30 seconds left.
|inactive|TheRealKenKaniff has 20 seconds left.
|inactive|TheRealKenKaniff has 15 seconds left.
|inactive|TheRealKenKaniff has 10 seconds left.
|inactive|TheRealKenKaniff has 5 seconds left.
|
|t:|1755239869
|-terastallize|p2b: angsty teenage son|Fire
|-terastallize|p1b: Gholdengo|Steel
|move|p1a: Talonflame|Taunt|p2a: homosexual 1
|-start|p2a: homosexual 1|move: Taunt
|move|p2b: angsty teenage son|Bulk Up|p2b: angsty teenage son
|-boost|p2b: angsty teenage son|atk|1
|-boost|p2b: angsty teenage son|def|1
|cant|p2a: homosexual 1|move: Taunt|Tailwind
|move|p1b: Gholdengo|Make It Rain|p2a: homosexual 1|[spread] p2a,p2b
|-resisted|p2b: angsty teenage son
|-damage|p2a: homosexual 1|48/100
|-damage|p2b: angsty teenage son|53/100
|-unboost|p1b: Gholdengo|spa|1
|
|-heal|p2b: angsty teenage son|59/100|[from] item: Leftovers
|upkeep
|turn|2
|inactive|TheRealKenKaniff has 30 seconds left.
|inactive|parsley<3 has 30 seconds left.
|c|☆parsley<3|i fucking swear dude
|inactive|TheRealKenKaniff has 20 seconds left.
|inactive|TheRealKenKaniff has 15 seconds left.
|
|t:|1755239909
|move|p1a: Talonflame|Tailwind|p1a: Talonflame
|-sidestart|p1: TheRealKenKaniff|move: Tailwind
|move|p1b: Gholdengo|Make It Rain|p2a: homosexual 1|[spread] p2a,p2b
|-resisted|p2b: angsty teenage son
|-damage|p2a: homosexual 1|0 fnt
|-damage|p2b: angsty teenage son|30/100
|-unboost|p1b: Gholdengo|spa|1
|faint|p2a: homosexual 1
|move|p2b: angsty teenage son|Drain Punch|p1b: Gholdengo
|-supereffective|p1b: Gholdengo
|-damage|p1b: Gholdengo|5/100
|-heal|p2b: angsty teenage son|68/100|[from] drain|[of] p1b: Gholdengo
|
|-heal|p2b: angsty teenage son|74/100|[from] item: Leftovers
|upkeep
|c|☆parsley<3|read me like a book both t1s
|c|☆parsley<3|okay thats just it now
|
|t:|1755239931
|switch|p2a: homosexual 2|Garchomp, L50, M|100/100
|turn|3
|inactive|TheRealKenKaniff has 30 seconds left.
|
|t:|1755239961
|move|p1a: Talonflame|Brave Bird|p2b: angsty teenage son
|-damage|p2b: angsty teenage son|36/100
|-damage|p1a: Talonflame|82/100|[from] Recoil
|move|p1b: Gholdengo|Make It Rain|p2a: homosexual 2|[spread] p2a,p2b
|-resisted|p2b: angsty teenage son
|-damage|p2a: homosexual 2|43/100
|-damage|p2b: angsty teenage son|11/100
|-unboost|p1b: Gholdengo|spa|1
|move|p2a: homosexual 2|Stomping Tantrum|p1b: Gholdengo
|-supereffective|p1b: Gholdengo
|-damage|p1b: Gholdengo|0 fnt
|faint|p1b: Gholdengo
|-damage|p2a: homosexual 2|33/100|[from] item: Life Orb
|move|p2b: angsty teenage son|Rage Fist|p1a: Talonflame
|-damage|p1a: Talonflame|0 fnt
|faint|p1a: Talonflame
|
|-heal|p2b: angsty teenage son|17/100|[from] item: Leftovers
|upkeep
|
|t:|1755239979
|switch|p1a: Baxcalibur|Baxcalibur, L50, F, shiny|100/100
|switch|p1b: Hydreigon|Hydreigon, L50, F|100/100
|turn|4
|inactive|parsley<3 has 30 seconds left.
|
|t:|1755240008
|move|p2a: homosexual 2|Protect|p2a: homosexual 2
|-singleturn|p2a: homosexual 2|Protect
|move|p2b: angsty teenage son|Protect|p2b: angsty teenage son
|-singleturn|p2b: angsty teenage son|Protect
|move|p1b: Hydreigon|Dark Pulse|p2b: angsty teenage son
|-activate|p2b: angsty teenage son|move: Protect
|move|p1a: Baxcalibur|Icicle Spear|p2a: homosexual 2
|-activate|p2a: homosexual 2|move: Protect
|
|-heal|p2b: angsty teenage son|23/100|[from] item: Leftovers
|upkeep
|turn|5
|
|t:|1755240027
|switch|p2b: homunculus|Grimmsnarl, L50, M|100/100
|move|p1b: Hydreigon|Dark Pulse|p2b: homunculus
|-resisted|p2b: homunculus
|-damage|p2b: homunculus|88/100
|-damage|p1b: Hydreigon|91/100|[from] item: Life Orb
|move|p1a: Baxcalibur|Icicle Spear|p2a: homosexual 2
|-supereffective|p2a: homosexual 2
|-damage|p2a: homosexual 2|0 fnt
|faint|p2a: homosexual 2
|-hitcount|p2: homosexual 2|1
|
|-sideend|p1: TheRealKenKaniff|move: Tailwind
|upkeep
|
|t:|1755240036
|switch|p2a: angsty teenage son|Annihilape, L50, M, tera:Fire|23/100
|turn|6
|
|t:|1755240060
|move|p2a: angsty teenage son|Drain Punch|p1a: Baxcalibur
|-supereffective|p1a: Baxcalibur
|-damage|p1a: Baxcalibur|40/100
|-heal|p2a: angsty teenage son|50/100|[from] drain|[of] p1a: Baxcalibur
|move|p1b: Hydreigon|Earth Power|p2b: homunculus
|-damage|p2b: homunculus|47/100
|-damage|p1b: Hydreigon|81/100|[from] item: Life Orb
|move|p1a: Baxcalibur|Icicle Spear|p2b: homunculus
|-damage|p2b: homunculus|29/100
|-damage|p2b: homunculus|13/100
|-damage|p2b: homunculus|0 fnt
|faint|p2b: homunculus
|-hitcount|p2: homunculus|3
|
|-heal|p2a: angsty teenage son|56/100|[from] item: Leftovers
|upkeep
|turn|7
|inactive|TheRealKenKaniff has 30 seconds left.
|inactive|parsley<3 has 30 seconds left.
|inactive|parsley<3 has 20 seconds left.
|inactive|parsley<3 has 15 seconds left.
|
|t:|1755240101
|move|p2a: angsty teenage son|Drain Punch|p1a: Baxcalibur
|-supereffective|p1a: Baxcalibur
|-damage|p1a: Baxcalibur|0 fnt
|-heal|p2a: angsty teenage son|73/100|[from] drain|[of] p1a: Baxcalibur
|faint|p1a: Baxcalibur
|move|p1b: Hydreigon|Earth Power|p2a: angsty teenage son
|-supereffective|p2a: angsty teenage son
|-damage|p2a: angsty teenage son|0 fnt
|faint|p2a: angsty teenage son
|-damage|p1b: Hydreigon|72/100|[from] item: Life Orb
|
|win|TheRealKenKaniff
|raw|TheRealKenKaniff's rating: 1197 → 1227(+30 for winning)
|raw|parsley<3's rating: 1264 → 1234(-30 for losing)
