|j|☆MDM111
|j|☆Zero_BlazeVGC
|html|MDM111Zero_BlazeVGC    
|uhtml|bestof|Game 1 of a best-of-3
|t:|1756737791
|gametype|doubles
|player|p1|MDM111|elesa|1198
|player|p2|Zero_BlazeVGC|flint|1275
|gen|9
|tier|[Gen 9] VGC 2025 Reg H (Bo3)
|rated|
|rule|Species Clause: Limit one of each Pokémon
|rule|Item Clause: Limit 1 of each item
|clearpoke
|poke|p1|Torkoal, L50, M|
|poke|p1|Charizard, L50, F|
|poke|p1|Electabuzz, L50, M|
|poke|p1|Annihilape, L50, M|
|poke|p1|Arcanine-Hisui, L50, M|
|poke|p1|Jumpluff, L50, M|
|poke|p2|Gholdengo, L50|
|poke|p2|Pelipper, L50, M|
|poke|p2|Basculegion, L50, M|
|poke|p2|Amoonguss, L50, F|
|poke|p2|Archaludon, L50, M|
|poke|p2|Incineroar, L50, M|
|teampreview|4
|showteam|p1|Torkoal||AssaultVest|Drought|SolarBeam,EarthPower,HeatWave,Eruption|||M|||50|,,,,,Bug]Charizard||ChoiceSpecs|SolarPower|AirSlash,HeatWave,DragonPulse,Flamethrower|||F|||50|,,,,,Water]Electabuzz||Eviolite|VitalSpirit|Thunderbolt,FollowMe,Taunt,Protect|||M|||50|,,,,,Ghost]Annihilape||SafetyGoggles|Defiant|RageFist,DrainPunch,Protect,BulkUp|||M|||50|,,,,,Water]Arcanine-Hisui||LifeOrb|Intimidate|ExtremeSpeed,FlareBlitz,RockSlide,Protect|||M|||50|,,,,,Water]Jumpluff||CovertCloak|Chlorophyll|SleepPowder,Tailwind,SunnyDay,PollenPuff|||M|||50|,,,,,Dark
|showteam|p2|Gholdengo||LifeOrb|GoodasGold|Protect,NastyPlot,MakeItRain,ShadowBall||||||50|,,,,,Water]Pelipper||FocusSash|Drizzle|Protect,Tailwind,MuddyWater,Hurricane|||M|||50|,,,,,Stellar]Basculegion||ChoiceBand|SwiftSwim|AquaJet,WaveCrash,FlipTurn,LastRespects|||M|||50|,,,,,Fairy]Amoonguss||SitrusBerry|Regenerator|PollenPuff,Spore,RagePowder,Protect|||F|||50|,,,,,Fairy]Archaludon||AssaultVest|Stamina|ElectroShot,Snarl,FlashCannon,BodyPress|||M|||50|,,,,,Bug]Incineroar||SafetyGoggles|Intimidate|FakeOut,KnockOff,PartingShot,Taunt|||M|||50|,,,,,Ghost
|inactive|Battle timer is ON: inactive players will automatically lose when time's up. (requested by MDM111)
|inactive|Zero_BlazeVGC has 60 seconds left.
|
|t:|1756737831
|teamsize|p1|4
|teamsize|p2|4
|start
|switch|p1a: Electabuzz|Electabuzz, L50, M|100/100
|switch|p1b: Charizard|Charizard, L50, F|100/100
|switch|p2a: Oogie Boogie|Basculegion, L50, M|100/100
|switch|p2b: Benadryl|Amoonguss, L50, F|100/100
|turn|1
|inactive|MDM111 has 30 seconds left.
|inactive|Zero_BlazeVGC has 30 seconds left.
|
|t:|1756737861
|move|p2b: Benadryl|Protect|p2b: Benadryl
|-singleturn|p2b: Benadryl|Protect
|move|p1a: Electabuzz|Thunderbolt|p2a: Oogie Boogie
|-supereffective|p2a: Oogie Boogie
|-damage|p2a: Oogie Boogie|32/100
|move|p1b: Charizard|Air Slash|p2b: Benadryl
|-activate|p2b: Benadryl|move: Protect
|move|p2a: Oogie Boogie|Wave Crash|p1b: Charizard
|-supereffective|p1b: Charizard
|-damage|p1b: Charizard|0 fnt
|faint|p1b: Charizard
|-damage|p2a: Oogie Boogie|4/100|[from] Recoil
|
|upkeep
|
|t:|1756737877
|switch|p1b: Annihilape|Annihilape, L50, M|100/100
|turn|2
|
|t:|1756737890
|switch|p2a: Metalman|Archaludon, L50, M|100/100
|-terastallize|p1b: Annihilape|Water
|move|p1a: Electabuzz|Taunt|p2b: Benadryl
|-start|p2b: Benadryl|move: Taunt
|move|p1b: Annihilape|Bulk Up|p1b: Annihilape
|-boost|p1b: Annihilape|atk|1
|-boost|p1b: Annihilape|def|1
|move|p2b: Benadryl|Pollen Puff|p2a: Metalman
|
|upkeep
|turn|3
|inactive|MDM111 has 30 seconds left.
|inactive|Zero_BlazeVGC has 30 seconds left.
|inactive|Zero_BlazeVGC has 20 seconds left.
|
|t:|1756737926
|switch|p2b: Berry Delite|Pelipper, L50, M|100/100
|-weather|RainDance|[from] ability: Drizzle|[of] p2b: Berry Delite
|-terastallize|p2a: Metalman|Bug
|move|p1a: Electabuzz|Thunderbolt|p2b: Berry Delite
|-supereffective|p2b: Berry Delite
|-enditem|p2b: Berry Delite|Focus Sash
|-damage|p2b: Berry Delite|1/100
|move|p2a: Metalman|Electro Shot||[still]
|-prepare|p2a: Metalman|Electro Shot
|-boost|p2a: Metalman|spa|1
|-anim|p2a: Metalman|Electro Shot|p1b: Annihilape
|-supereffective|p1b: Annihilape
|-damage|p1b: Annihilape|8/100
|move|p1b: Annihilape|Rage Fist|p2b: Berry Delite
|-damage|p2b: Berry Delite|0 fnt
|faint|p2b: Berry Delite
|
|-weather|RainDance|[upkeep]
|upkeep
|inactive|Zero_BlazeVGC has 30 seconds left.
|
|t:|1756737952
|switch|p2b: Benadryl|Amoonguss, L50, F|100/100
|turn|4
|inactive|Zero_BlazeVGC has 30 seconds left.
|
|t:|1756737979
|move|p2b: Benadryl|Protect|p2b: Benadryl
|-singleturn|p2b: Benadryl|Protect
|move|p1a: Electabuzz|Follow Me|p1a: Electabuzz
|-singleturn|p1a: Electabuzz|move: Follow Me
|move|p2a: Metalman|Snarl|p1b: Annihilape|[spread] p1a,p1b
|-damage|p1a: Electabuzz|86/100
|-damage|p1b: Annihilape|0 fnt
|-unboost|p1a: Electabuzz|spa|1
|faint|p1b: Annihilape
|
|-weather|RainDance|[upkeep]
|upkeep
|
|t:|1756737988
|switch|p1b: Torkoal|Torkoal, L50, M|100/100
|-weather|SunnyDay|[from] ability: Drought|[of] p1b: Torkoal
|turn|5
|inactive|Zero_BlazeVGC has 30 seconds left.
|inactive|Zero_BlazeVGC has 20 seconds left.
|inactive|Zero_BlazeVGC has 15 seconds left.
|inactive|Zero_BlazeVGC has 10 seconds left.
|
|t:|1756738036
|move|p2b: Benadryl|Protect||[still]
|-fail|p2b: Benadryl
|move|p1a: Electabuzz|Taunt|p2b: Benadryl
|-start|p2b: Benadryl|move: Taunt
|move|p2a: Metalman|Snarl|p1b: Torkoal|[spread] p1a,p1b
|-damage|p1a: Electabuzz|72/100
|-damage|p1b: Torkoal|84/100
|-unboost|p1a: Electabuzz|spa|1
|-unboost|p1b: Torkoal|spa|1
|move|p1b: Torkoal|Heat Wave|p2b: Benadryl|[spread] p2a
|-miss|p1b: Torkoal|p2b: Benadryl
|-supereffective|p2a: Metalman
|-damage|p2a: Metalman|47/100
|-ability|p2a: Metalman|Stamina|boost
|-boost|p2a: Metalman|def|1
|
|-weather|SunnyDay|[upkeep]
|upkeep
|turn|6
|
|t:|1756738061
|move|p1a: Electabuzz|Thunderbolt|p2a: Metalman
|-damage|p2a: Metalman|34/100
|-ability|p2a: Metalman|Stamina|boost
|-boost|p2a: Metalman|def|1
|move|p2a: Metalman|Snarl|p1b: Torkoal|[spread] p1a
|-miss|p2a: Metalman|p1b: Torkoal
|-damage|p1a: Electabuzz|58/100
|-unboost|p1a: Electabuzz|spa|1
|move|p2b: Benadryl|Pollen Puff|p2a: Metalman
|-heal|p2a: Metalman|84/100
|move|p1b: Torkoal|Heat Wave|p2a: Metalman|[spread] p2a,p2b
|-supereffective|p2a: Metalman
|-supereffective|p2b: Benadryl
|-damage|p2a: Metalman|36/100
|-damage|p2b: Benadryl|50/100
|-ability|p2a: Metalman|Stamina|boost
|-boost|p2a: Metalman|def|1
|-enditem|p2b: Benadryl|Sitrus Berry|[eat]
|-heal|p2b: Benadryl|75/100|[from] item: Sitrus Berry
|
|-weather|SunnyDay|[upkeep]
|upkeep
|turn|7
|inactive|MDM111 has 30 seconds left.
|
|t:|1756738089
|move|p1a: Electabuzz|Follow Me|p1a: Electabuzz
|-singleturn|p1a: Electabuzz|move: Follow Me
|move|p2a: Metalman|Snarl|p1b: Torkoal|[spread] p1a
|-miss|p2a: Metalman|p1b: Torkoal
|-damage|p1a: Electabuzz|42/100
|-unboost|p1a: Electabuzz|spa|1
|move|p2b: Benadryl|Pollen Puff|p1a: Electabuzz
|-crit|p1a: Electabuzz
|-damage|p1a: Electabuzz|19/100
|move|p1b: Torkoal|Eruption|p2a: Metalman|[spread] p2a,p2b
|-supereffective|p2a: Metalman
|-supereffective|p2b: Benadryl
|-damage|p2a: Metalman|0 fnt
|-damage|p2b: Benadryl|19/100
|faint|p2a: Metalman
|
|-weather|SunnyDay|[upkeep]
|upkeep
|
|t:|1756738096
|switch|p2a: Oogie Boogie|Basculegion, L50, M|4/100
|turn|8
|inactive|Zero_BlazeVGC has 30 seconds left.
|inactive|Zero_BlazeVGC has 20 seconds left.
|
|t:|1756738132
|move|p1a: Electabuzz|Thunderbolt|p2a: Oogie Boogie
|-supereffective|p2a: Oogie Boogie
|-crit|p2a: Oogie Boogie
|-damage|p2a: Oogie Boogie|0 fnt
|faint|p2a: Oogie Boogie
|move|p2b: Benadryl|Pollen Puff|p2: Oogie Boogie|[notarget]
|-fail|p2b: Benadryl
|move|p1b: Torkoal|Eruption|p2b: Benadryl
|-supereffective|p2b: Benadryl
|-damage|p2b: Benadryl|0 fnt
|faint|p2b: Benadryl
|
|win|MDM111
