|j|☆SomeKidJon
|j|☆panqueca25
|html|SomeKidJonpanqueca25    
|uhtml|bestof|Game 3 of a best-of-3
|t:|1757678724
|gametype|doubles
|player|p1|SomeKidJon|scientistf|1152
|player|p2|panqueca25|101|1281
|gen|9
|tier|[Gen 9] VGC 2025 Reg H (Bo3)
|rated|
|rule|Species Clause: Limit one of each Pokémon
|rule|Item Clause: Limit 1 of each item
|clearpoke
|poke|p1|Zoroark-Hisui, L50, M|
|poke|p1|Rillaboom, L50, M|
|poke|p1|Basculegion, L50, M|
|poke|p1|Pelipper, L50, M|
|poke|p1|Kingambit, L50, F|
|poke|p1|Farigiraf, L50, F|
|poke|p2|Murkrow, L50, F|
|poke|p2|Gholdengo, L50|
|poke|p2|Dondozo, L50, M|
|poke|p2|Tatsugiri, L50, F|
|poke|p2|Clefable, L50, M|
|poke|p2|Incineroar, L50, F|
|teampreview|4
|showteam|p1|Zoroark-Hisui||ChoiceSpecs|Illusion|TeraBlast,HyperVoice,Snarl,ShadowBall|||M|||50|,,,,,Stellar]Rillaboom||AssaultVest|GrassySurge|FakeOut,WoodHammer,GrassyGlide,HighHorsepower|||M|||50|,,,,,Fire]Basculegion||ChoiceBand|SwiftSwim|WaveCrash,LastRespects,AquaJet,FlipTurn|||M|||50|,,,,,Water]Pelipper||FocusSash|Drizzle|HelpingHand,Tailwind,WeatherBall,Hurricane|||M|||50|,,,,,Grass]Kingambit||ChopleBerry|Defiant|KowtowCleave,SuckerPunch,SwordsDance,LowKick|||F|||50|,,,,,Dark]Farigiraf||SitrusBerry|ArmorTail|HelpingHand,TrickRoom,TwinBeam,FoulPlay|||F|||50|,,,,,Bug
|showteam|p2|Murkrow||Eviolite|Prankster|Tailwind,FoulPlay,Taunt,Haze|||F|||50|,,,,,Ghost]Gholdengo||ChoiceSpecs|GoodasGold|MakeItRain,PowerGem,ShadowBall,Thunderbolt||||||50|,,,,,Steel]Dondozo||Leftovers|Unaware|WaveCrash,Earthquake,OrderUp,Protect|||M|||50|,,,,,Grass]Tatsugiri||FocusSash|Commander|DracoMeteor,IcyWind,MuddyWater,Protect|||F|||50|,,,,,Stellar]Clefable||RockyHelmet|Unaware|Moonblast,FollowMe,Encore,Protect|||M|||50|,,,,,Ghost]Incineroar||SafetyGoggles|Intimidate|FlareBlitz,KnockOff,PartingShot,FakeOut|||F|||50|,,,,,Ghost
|inactive|Battle timer is ON: inactive players will automatically lose when time's up. (requested by panqueca25)
|
|t:|1757678738
|teamsize|p1|4
|teamsize|p2|4
|start
|switch|p1a: Esquie|Pelipper, L50, M|100/100
|switch|p1b: Sciel|Basculegion, L50, M|100/100
|switch|p2a: Gholdengo|Gholdengo, L50|100/100
|switch|p2b: Clefable|Clefable, L50, M|100/100
|-weather|RainDance|[from] ability: Drizzle|[of] p1a: Esquie
|turn|1
|
|t:|1757678760
|-terastallize|p1b: Sciel|Water
|move|p2b: Clefable|Follow Me|p2b: Clefable
|-singleturn|p2b: Clefable|move: Follow Me
|move|p1b: Sciel|Flip Turn|p2b: Clefable
|-damage|p2b: Clefable|10/100
|-damage|p1b: Sciel|84/100|[from] item: Rocky Helmet|[of] p2b: Clefable
|
|t:|1757678766
|switch|p1b: Monoco|Rillaboom, L50, M|100/100|[from] Flip Turn
|-fieldstart|move: Grassy Terrain|[from] ability: Grassy Surge|[of] p1b: Monoco
|move|p2a: Gholdengo|Make It Rain|p1a: Esquie|[spread] p1a,p1b
|-resisted|p1a: Esquie
|-damage|p1a: Esquie|38/100
|-damage|p1b: Monoco|40/100
|-unboost|p2a: Gholdengo|spa|1
|move|p1a: Esquie|Tailwind|p1a: Esquie
|-sidestart|p1: SomeKidJon|move: Tailwind
|
|-weather|RainDance|[upkeep]
|-heal|p1b: Monoco|46/100|[from] Grassy Terrain
|-heal|p2b: Clefable|16/100|[from] Grassy Terrain
|upkeep
|turn|2
|
|t:|1757678790
|switch|p1a: Maelle|Kingambit, L50, F, shiny|100/100
|move|p2b: Clefable|Protect|p2b: Clefable
|-singleturn|p2b: Clefable|Protect
|move|p1b: Monoco|Wood Hammer|p2b: Clefable
|-activate|p2b: Clefable|move: Protect
|move|p2a: Gholdengo|Make It Rain|p1b: Monoco|[spread] p1a,p1b
|-resisted|p1a: Maelle
|-damage|p1a: Maelle|76/100
|-damage|p1b: Monoco|5/100
|-unboost|p2a: Gholdengo|spa|1
|
|-weather|RainDance|[upkeep]
|-heal|p1b: Monoco|11/100|[from] Grassy Terrain
|-heal|p1a: Maelle|82/100|[from] Grassy Terrain
|-heal|p2b: Clefable|22/100|[from] Grassy Terrain
|upkeep
|turn|3
|
|t:|1757678803
|switch|p2a: Dondozo|Dondozo, L50, M|100/100
|switch|p2b: Tatsugiri|Tatsugiri, L50, F|100/100
|-activate|p2b: Tatsugiri|ability: Commander|[of] p2a: Dondozo
|-boost|p2a: Dondozo|atk|2
|-boost|p2a: Dondozo|spa|2
|-boost|p2a: Dondozo|spe|2
|-boost|p2a: Dondozo|def|2
|-boost|p2a: Dondozo|spd|2
|move|p1b: Monoco|Grassy Glide|p2b: Tatsugiri|[miss]
|-miss|p1b: Monoco|p2b: Tatsugiri
|move|p1a: Maelle|Kowtow Cleave|p2a: Dondozo
|-damage|p2a: Dondozo|83/100
|
|-weather|RainDance|[upkeep]
|-heal|p1b: Monoco|18/100|[from] Grassy Terrain
|-heal|p2a: Dondozo|89/100|[from] Grassy Terrain
|-heal|p2a: Dondozo|95/100|[from] item: Leftovers
|-heal|p1a: Maelle|88/100|[from] Grassy Terrain
|upkeep
|turn|4
|
|t:|1757678812
|switch|p1b: Esquie|Pelipper, L50, M|38/100
|-terastallize|p2a: Dondozo|Grass
|move|p2a: Dondozo|Order Up|p1b: Esquie
|-damage|p1b: Esquie|0 fnt
|faint|p1b: Esquie
|-boost|p2a: Dondozo|atk|1
|move|p1a: Maelle|Low Kick|p2a: Dondozo
|-damage|p2a: Dondozo|79/100
|
|-weather|RainDance|[upkeep]
|-heal|p2a: Dondozo|85/100|[from] Grassy Terrain
|-heal|p2a: Dondozo|92/100|[from] item: Leftovers
|-heal|p1a: Maelle|94/100|[from] Grassy Terrain
|-sideend|p1: SomeKidJon|move: Tailwind
|upkeep
|
|t:|1757678818
|switch|p1b: Sciel|Basculegion, L50, M, tera:Water|84/100
|turn|5
|
|t:|1757678822
|switch|p1a: Monoco|Rillaboom, L50, M|18/100
|move|p2a: Dondozo|Protect|p2a: Dondozo
|-singleturn|p2a: Dondozo|Protect
|move|p1b: Sciel|Last Respects|p2a: Dondozo
|-activate|p2a: Dondozo|move: Protect
|
|-weather|none
|-heal|p1b: Sciel|90/100|[from] Grassy Terrain
|-heal|p2a: Dondozo|98/100|[from] Grassy Terrain
|-heal|p2a: Dondozo|100/100|[from] item: Leftovers
|-heal|p1a: Monoco|24/100|[from] Grassy Terrain
|-fieldend|move: Grassy Terrain
|upkeep
|turn|6
|
|t:|1757678827
|move|p1a: Monoco|Fake Out|p2a: Dondozo
|-damage|p2a: Dondozo|95/100
|cant|p2a: Dondozo|flinch
|move|p1b: Sciel|Last Respects|p2a: Dondozo
|-damage|p2a: Dondozo|66/100
|
|-heal|p2a: Dondozo|72/100|[from] item: Leftovers
|upkeep
|turn|7
|
|t:|1757678837
|switch|p1b: Maelle|Kingambit, L50, F, shiny|94/100
|move|p2a: Dondozo|Wave Crash|p1b: Maelle
|-damage|p1b: Maelle|12/100
|-damage|p2a: Dondozo|47/100|[from] Recoil
|move|p1a: Monoco|Wood Hammer|p2a: Dondozo
|-resisted|p2a: Dondozo
|-damage|p2a: Dondozo|34/100
|-damage|p1a: Monoco|19/100|[from] Recoil
|
|-heal|p2a: Dondozo|40/100|[from] item: Leftovers
|upkeep
|turn|8
|-message|SomeKidJon forfeited.
|
|win|panqueca25
|raw|SomeKidJon's rating: 1152 → 1136(-16 for losing)
|raw|panqueca25's rating: 1281 → 1297(+16 for winning)
|l|☆SomeKidJon
|player|p1|
|l|☆panqueca25
|player|p2|
