|j|âک†cuajerones
|j|âک†rojo53
|html|cuajeronesrojo53    
|uhtml|bestof|Game 1 of a best-of-3
|t:|1783246043
|gametype|doubles
|player|p1|cuajerones|youngn|
|player|p2|rojo53|worker|
|gen|9
|tier|[Gen 9 Champions] VGC 2026 Reg M-B (Bo3)
|rule|Species Clause: Limit one of each Pokأ©mon
|rule|Item Clause: Limit 1 of each item
|clearpoke
|poke|p1|Milotic, L50, F|
|poke|p1|Ceruledge, L50, M|
|poke|p1|Ninetales-Alola, L50, F, shiny|
|poke|p1|Raichu, L50, M|
|poke|p1|Incineroar, L50, M|
|poke|p1|Sneasler, L50, M|
|poke|p2|Tyranitar, L50, F|
|poke|p2|Excadrill, L50, M|
|poke|p2|Gyarados, L50, M|
|poke|p2|Mimikyu, L50, F|
|poke|p2|Typhlosion-Hisui, L50, M|
|poke|p2|Kingambit, L50, F|
|teampreview|4
|showteam|p1|Milotic||Leftovers|Competitive|Recover,Coil,Hypnosis,MuddyWater|Calm||F|||50|]Ceruledge||ColburBerry|FlashFire|Protect,BulkUp,BitterBlade,ShadowSneak|Adamant||M|||50|]Ninetales-Alola||NeverMeltIce|SnowWarning|Protect,Encore,Blizzard,FreezeDry|Timid||F|||50|]Raichu||RaichuniteY|LightningRod|FakeOut,FocusBlast,ZapCannon,Protect|Timid||M|||50|]Incineroar||SitrusBerry|Intimidate|FlareBlitz,FakeOut,PartingShot,ThroatChop|Impish||M|||50|]Sneasler||FocusSash|PoisonTouch|CloseCombat,DireClaw,FakeOut,Protect|Jolly||M|||50|
|showteam|p2|Tyranitar||Tyranitarite|SandStream|RockSlide,KnockOff,DragonDance,Protect|Adamant||F|||50|]Excadrill||FocusSash|SandRush|RockSlide,HighHorsepower,IronHead,Protect|Adamant||M|||50|]Gyarados||SitrusBerry|Intimidate|Waterfall,IceFang,DragonDance,Protect|Adamant||M|||50|]Mimikyu||WhiteHerb|Disguise|PlayRough,ShadowSneak,ShadowClaw,Protect|Adamant||F|||50|]Typhlosion-Hisui||ChoiceScarf|Blaze|HeatWave,ShadowBall,Overheat,Eruption|Modest||M|||50|]Kingambit||BlackGlasses|Defiant|KowtowCleave,SuckerPunch,IronHead,Protect|Adamant||F|||50|
|inactive|Battle timer is ON: inactive players will automatically lose when time's up. (requested by cuajerones)
|c|âک†rojo53|gl hf
|inactiveoff|Battle timer is now OFF.
|c|âک†cuajerones|linkeo
|j| piablos
|c|âک†rojo53|yo ya
|c|âک†cuajerones|gl
|j| qqisback
|j| Posho
|j| LOP Lelouch
|j| Lugiaâ–¼â–²آ²JP
|c| piablos|pero es horrible el ceruledge ese no
|c|âک†cuajerones|es para entendidos
|c|âک†cuajerones|supongo que tu no entiendes
|c| piablos|pickealo
|c| piablos|a ver q hace
|c|âک†cuajerones|no gracias
|
|t:|1783246159
|teamsize|p1|4
|teamsize|p2|4
|start
|switch|p1a: Milotic|Milotic, L50, F|100/100
|switch|p1b: Sneasler|Sneasler, L50, M|100/100
|switch|p2a: Mimi|Mimikyu, L50, F|100/100
|switch|p2b: Gambito|Kingambit, L50, F|100/100
|turn|1
|
|t:|1783246200
|move|p2b: Gambito|Sucker Punch|p1b: Sneasler
|-resisted|p1b: Sneasler|1
|-crit|p1b: Sneasler
|-damage|p1b: Sneasler|33/100
|move|p1b: Sneasler|Dire Claw|p2a: Mimi
|-activate|p2a: Mimi|ability: Disguise
|-damage|p2a: Mimi|100/100
|detailschange|p2a: Mimi|Mimikyu-Busted, L50, F
|-damage|p2a: Mimi|87/100|[from] pokemon: Mimikyu-Busted
|move|p2a: Mimi|Play Rough|p1a: Milotic
|-damage|p1a: Milotic|62/100
|move|p1a: Milotic|Coil|p1a: Milotic
|-boost|p1a: Milotic|atk|1
|-boost|p1a: Milotic|def|1
|-boost|p1a: Milotic|accuracy|1
|
|-heal|p1a: Milotic|68/100|[from] item: Leftovers
|upkeep
|turn|2
|j| the JRL
|c|âک†cuajerones|tenia el disable animations puesto y me estaba rayando tu
|
|t:|1783246236
|move|p1b: Sneasler|Protect|p1b: Sneasler
|-singleturn|p1b: Sneasler|Protect
|move|p2b: Gambito|Sucker Punch||[still]
|-fail|p2b: Gambito
|move|p2a: Mimi|Shadow Claw|p1a: Milotic
|-damage|p1a: Milotic|50/100y
|move|p1a: Milotic|Coil|p1a: Milotic
|-boost|p1a: Milotic|atk|1
|-boost|p1a: Milotic|def|1
|-boost|p1a: Milotic|accuracy|1
|
|-heal|p1a: Milotic|55/100|[from] item: Leftovers
|upkeep
|turn|3
|l| the JRL
|j| didss
|c| Lugiaâ–¼â–²آ²JP|q rayada tio
|c|âک†cuajerones|me vacilan
|
|t:|1783246272
|switch|p1b: Ninetales|Ninetales-Alola, L50, F, shiny|100/100
|-weather|Snowscape|[from] ability: Snow Warning|[of] p1b: Ninetales
|move|p2b: Gambito|Sucker Punch||[still]
|-fail|p2b: Gambito
|move|p2a: Mimi|Shadow Claw|p1a: Milotic
|-crit|p1a: Milotic
|-damage|p1a: Milotic|15/100
|move|p1a: Milotic|Hypnosis|p2b: Gambito
|-status|p2b: Gambito|slp|[from] move: Hypnosis
|
|-weather|Snowscape|[upkeep]
|-heal|p1a: Milotic|21/100|[from] item: Leftovers
|upkeep
|turn|4
|c| piablos|me gustأ³ el crit
|c| piablos|otro porfa
|c|âک†cuajerones|a mi no
|c| Lugiaâ–¼â–²آ²JP|a mi me ha rayado q flipas
|c| piablos|bueno pero esto es el vacile del milenio
|c| didss|pero si estas en otro team lugi lugi
|
|t:|1783246323
|switch|p2b: Tyranitar|Tyranitar, L50, F|100/100
|-weather|Sandstorm|[from] ability: Sand Stream|[of] p2b: Tyranitar
|move|p1b: Ninetales|Blizzard|p2a: Mimi|[spread] p2b
|-miss|p1b: Ninetales|p2a: Mimi
|-damage|p2b: Tyranitar|77/100
|move|p2a: Mimi|Play Rough|p1a: Milotic
|-damage|p1a: Milotic|5/100
|move|p1a: Milotic|Recover|p1a: Milotic
|-heal|p1a: Milotic|55/100
|
|-weather|Sandstorm|[upkeep]
|-damage|p1b: Ninetales|93/100|[from] Sandstorm
|-damage|p2a: Mimi|81/100|[from] Sandstorm
|-damage|p1a: Milotic|49/100|[from] Sandstorm
|-heal|p1a: Milotic|55/100|[from] item: Leftovers
|upkeep
|turn|5
|c| Lugiaâ–¼â–²آ²JP|pero esto en horario espaأ±ol
|c| didss|q liada
|c| Lugiaâ–¼â–²آ²JP|asi que me siento de otro equipo
|
|t:|1783246368
|detailschange|p2b: Tyranitar|Tyranitar-Mega, L50, F
|-mega|p2b: Tyranitar|Tyranitar|Tyranitarite
|move|p1b: Ninetales|Protect|p1b: Ninetales
|-singleturn|p1b: Ninetales|Protect
|move|p2a: Mimi|Shadow Claw|p1a: Milotic
|-damage|p1a: Milotic|42/100
|move|p1a: Milotic|Recover|p1a: Milotic
|-heal|p1a: Milotic|92/100
|move|p2b: Tyranitar|Rock Slide|p1a: Milotic|[spread] p1a
|-activate|p1b: Ninetales|move: Protect
|-damage|p1a: Milotic|75/100
|
|-weather|Sandstorm|[upkeep]
|-damage|p1b: Ninetales|87/100|[from] Sandstorm
|-damage|p2a: Mimi|75/100|[from] Sandstorm
|-damage|p1a: Milotic|69/100|[from] Sandstorm
|-heal|p1a: Milotic|75/100|[from] item: Leftovers
|upkeep
|turn|6
|j| znain
|c| piablos|me estan gustando los tecs del slot de la izquierda
|c| znain|Lugia se cree espaأ±ol o q
|j| MrBanana45
|c| Lugiaâ–¼â–²آ²JP|se te va la olla
|c| MrBanana45|No tio
|
|t:|1783246455
|switch|p1b: Sneasler|Sneasler, L50, M|33/100
|switch|p2b: Gambito|Kingambit, L50, F|100/100 slp
|move|p2a: Mimi|Play Rough|p1b: Sneasler
|-damage|p1b: Sneasler|0 fnt
|faint|p1b: Sneasler
|move|p1a: Milotic|Hypnosis|p2b: Gambito
|-fail|p2b: Gambito|slp
|
|-weather|Sandstorm|[upkeep]
|-damage|p2a: Mimi|69/100|[from] Sandstorm
|-damage|p1a: Milotic|69/100|[from] Sandstorm
|-heal|p1a: Milotic|75/100|[from] item: Leftovers
|upkeep
|c| znain|Puedes volverte heterosexual otra vez pls
|
|t:|1783246465
|switch|p1b: Raichu|Raichu, L50, M|100/100
|turn|7
|c| Posho|ganhamos
|
|t:|1783246511
|detailschange|p1b: Raichu|Raichu-Mega-Y, L50, M
|-mega|p1b: Raichu|Raichu|Raichunite Y
|cant|p2b: Gambito|slp
|move|p1b: Raichu|Zap Cannon|p2a: Mimi
|-damage|p2a: Mimi|0 fnt
|faint|p2a: Mimi
|move|p1a: Milotic|Muddy Water|p2b: Gambito
|-damage|p2b: Gambito|66/100 slp
|-unboost|p2b: Gambito|accuracy|1
|-ability|p2b: Gambito|Defiant|boost
|-boost|p2b: Gambito|atk|2
|
|-weather|Sandstorm|[upkeep]
|-damage|p1b: Raichu|93/100|[from] Sandstorm
|-damage|p1a: Milotic|69/100|[from] Sandstorm
|-heal|p1a: Milotic|75/100|[from] item: Leftovers
|upkeep
|l| didss
|
|t:|1783246520
|switch|p2a: Ratatopo|Excadrill, L50, M|100/100
|turn|8
|c| MrBanana45|Vergazo
|c| piablos|benjamin netanyahu haz q se despierte el gambit y q crittee y mi alma es tuya
|c| Lugiaâ–¼â–²آ²JP|no digas esas cosas chaval
|c| Lugiaâ–¼â–²آ²JP|no mol
|c| Lugiaâ–¼â–²آ²JP|a
|c| MrBanana45|El mini sprite de Raichu Y es lo mejor que he visto nunca
|c| Posho|kingambit prometiأ³ despertarse hace 3000 aأ±os joderostias
|c| piablos|yo vi cosas mejores
|
|t:|1783246600
|move|p1b: Raichu|Protect|p1b: Raichu
|-singleturn|p1b: Raichu|Protect
|cant|p2b: Gambito|slp
|move|p2a: Ratatopo|Rock Slide|p1b: Raichu|[spread] p1a
|-activate|p1b: Raichu|move: Protect
|-damage|p1a: Milotic|66/100
|move|p1a: Milotic|Hypnosis|p2a: Ratatopo
|-status|p2a: Ratatopo|slp|[from] move: Hypnosis
|
|-weather|none
|-heal|p1a: Milotic|72/100|[from] item: Leftovers
|upkeep
|turn|9
|c| piablos|que liada
|c| Lugiaâ–¼â–²آ²JP|vaya tela tu
|c| piablos|me cachis en los mengues
|c|âک†cuajerones|ojo a esta play
|c| MrBanana45|Ojo
|
|t:|1783246642
|move|p1b: Raichu|Protect||[still]
|-fail|p1b: Raichu
|-curestatus|p2b: Gambito|slp|[msg]
|move|p2b: Gambito|Sucker Punch||[still]
|-fail|p2b: Gambito
|cant|p2a: Ratatopo|slp
|move|p1a: Milotic|Muddy Water|p2b: Gambito|[spread] p2a,p2b
|-supereffective|p2a: Ratatopo|1
|-damage|p2a: Ratatopo|42/100 slp
|-damage|p2b: Gambito|43/100
|-unboost|p2a: Ratatopo|accuracy|1
|
|-heal|p1a: Milotic|78/100|[from] item: Leftovers
|upkeep
|turn|10
|c|âک†cuajerones|si soy un genio se dice
|c| piablos|bueno ya yo vi todo
|c| Lugiaâ–¼â–²آ²JP|ha molado q flipas
|
|t:|1783246669
|move|p1b: Raichu|Protect|p1b: Raichu
|-singleturn|p1b: Raichu|Protect
|move|p2b: Gambito|Sucker Punch||[still]
|-fail|p2b: Gambito
|cant|p2a: Ratatopo|slp
|move|p1a: Milotic|Hypnosis|p2b: Gambito
|-status|p2b: Gambito|slp|[from] move: Hypnosis
|
|-heal|p1a: Milotic|84/100|[from] item: Leftovers
|upkeep
|turn|11
|
|t:|1783246683
|switch|p2b: Tyranitar|Tyranitar-Mega, L50, F|77/100
|-weather|Sandstorm|[from] ability: Sand Stream|[of] p2b: Tyranitar
|-curestatus|p2a: Ratatopo|slp|[msg]
|move|p2a: Ratatopo|High Horsepower|p1b: Raichu
|-supereffective|p1b: Raichu|1
|-damage|p1b: Raichu|0 fnt
|faint|p1b: Raichu
|move|p1a: Milotic|Muddy Water|p2b: Tyranitar|[spread] p2a,p2b
|-supereffective|p2a: Ratatopo|1
|-supereffective|p2b: Tyranitar|1
|-damage|p2a: Ratatopo|0 fnt
|-damage|p2b: Tyranitar|54/100
|faint|p2a: Ratatopo
|
|-weather|Sandstorm|[upkeep]
|-damage|p1a: Milotic|78/100|[from] Sandstorm
|-heal|p1a: Milotic|84/100|[from] item: Leftovers
|upkeep
|
|t:|1783246690
|switch|p1b: Ninetales|Ninetales-Alola, L50, F, shiny|87/100
|switch|p2a: Gambito|Kingambit, L50, F|43/100 slp
|-weather|Snowscape|[from] ability: Snow Warning|[of] p1b: Ninetales
|turn|12
|
|t:|1783246704
|move|p1b: Ninetales|Blizzard|p2b: Tyranitar|[spread] p2a,p2b
|-resisted|p2a: Gambito|1
|-damage|p2a: Gambito|22/100 slp
|-damage|p2b: Tyranitar|28/100
|move|p1a: Milotic|Muddy Water|p2b: Tyranitar|[spread] p2a,p2b
|-supereffective|p2b: Tyranitar|1
|-damage|p2a: Gambito|0 fnt
|-damage|p2b: Tyranitar|0 fnt
|faint|p2a: Gambito
|faint|p2b: Tyranitar
|
|win|cuajerones
||rojo53 is ready for game 2.
|c|âک†cuajerones|gg
||cuajerones is ready for game 2.
|uhtml|next|Next: Game 2 of 3
|c|âک†rojo53|gg
|l| LOP Lelouch
|l| qqisback
|l| Lugiaâ–¼â–²آ²JP
|l| Posho
|j| Sheik
|l| Sheik
|l| znain
|l|âک†rojo53
|player|p2|
|l| MrBanana45
