|j|☆loosecannon69
|j|☆ssooner
|html|loosecannon69ssooner    
|uhtml|bestof|Game 1 of a best-of-3
|t:|1785388185
|gametype|doubles
|player|p1|loosecannon69|serena|1147
|player|p2|ssooner|wallace|1165
|gen|9
|tier|[Gen 9 Champions] VGC 2026 Reg M-B (Bo3)
|rated|
|rule|Species Clause: Limit one of each Pokémon
|rule|Item Clause: Limit 1 of each item
|clearpoke
|poke|p1|Charizard, L50, M|
|poke|p1|Whimsicott, L50, M|
|poke|p1|Floette-Eternal, L50, F|
|poke|p1|Farigiraf, L50, F|
|poke|p1|Basculegion, L50, M|
|poke|p1|Primarina, L50, F|
|poke|p2|Venusaur, L50, M|
|poke|p2|Aerodactyl, L50, F|
|poke|p2|Sneasler, L50, M|
|poke|p2|Charizard, L50, F|
|poke|p2|Basculegion, L50, M|
|poke|p2|Kingambit, L50, F|
|teampreview|4
|showteam|p1|Charizard||CharizarditeY|Blaze|WeatherBall,HeatWave,SolarBeam,Protect|Modest||M|||50|]Whimsicott||FocusSash|Prankster|Tailwind,Moonblast,Protect,Encore|Timid||M|||50|]Floette-Eternal||Floettite|FlowerVeil|Moonblast,EnergyBall,DazzlingGleam,Protect|Modest||F|||50|]Farigiraf||ColburBerry|ArmorTail|Psychic,Imprison,TrickRoom,HelpingHand|Bold||F|||50|]Basculegion||ChoiceScarf|Adaptability|LastRespects,FlipTurn,AquaJet,WaveCrash|Adamant||M|||50|]Primarina||LifeOrb|LiquidVoice|HyperVoice,Moonblast,Protect,EnergyBall|Modest||F|||50|
|showteam|p2|Venusaur||LifeOrb|Chlorophyll|LeafStorm,SludgeBomb,SleepPowder,EarthPower|Modest||M|||50|]Aerodactyl||Aerodactylite|Unnerve|Protect,RockSlide,Tailwind,DualWingbeat|Jolly||F|||50|]Sneasler||FocusSash|Unburden|CloseCombat,DireClaw,FakeOut,Protect|Jolly||M|||50|]Charizard||CharizarditeY|Blaze|HeatWave,SolarBeam,WeatherBall,Protect|Modest||F|||50|]Basculegion||MysticWater|Adaptability|AquaJet,LastRespects,Protect,WaveCrash|Adamant||M|||50|]Kingambit||BlackGlasses|Defiant|KowtowCleave,Protect,SuckerPunch,SwordsDance|Adamant||F|||50|
|inactive|Battle timer is ON: inactive players will automatically lose when time's up. (requested by ssooner)
|
|t:|1785388213
|teamsize|p1|4
|teamsize|p2|4
|start
|switch|p1a: Whimsicott|Whimsicott, L50, M|100/100
|switch|p1b: Basculegion|Basculegion, L50, M|100/100
|switch|p2a: Aerodactyl|Aerodactyl, L50, F|100/100
|switch|p2b: Sneasler|Sneasler, L50, M|100/100
|-ability|p2a: Aerodactyl|Unnerve
|turn|1
|inactive|ssooner has 30 seconds left.
|
|t:|1785388241
|switch|p2a: Kingambit|Kingambit, L50, F|100/100
|move|p1a: Whimsicott|Protect|p1a: Whimsicott
|-singleturn|p1a: Whimsicott|Protect
|move|p1b: Basculegion|Flip Turn|p2a: Kingambit
|-damage|p2a: Kingambit|65/100
|
|t:|1785388248
|switch|p1b: Primarina|Primarina, L50, F|100/100|[from] Flip Turn
|move|p2b: Sneasler|Dire Claw|p1a: Whimsicott
|-activate|p1a: Whimsicott|move: Protect
|
|upkeep
|turn|2
|
|t:|1785388267
|move|p1a: Whimsicott|Tailwind|p1a: Whimsicott
|-sidestart|p1: loosecannon69|move: Tailwind
|move|p2a: Kingambit|Sucker Punch|p1b: Primarina
|-resisted|p1b: Primarina|1
|-damage|p1b: Primarina|67/100
|move|p2b: Sneasler|Dire Claw|p1b: Primarina
|-supereffective|p1b: Primarina|1
|-damage|p1b: Primarina|0 fnt
|faint|p1b: Primarina
|
|upkeep
|
|t:|1785388278
|switch|p1b: Floette|Floette-Eternal, L50, F|100/100
|turn|3
|
|t:|1785388293
|detailschange|p1b: Floette|Floette-Mega, L50, F
|-mega|p1b: Floette|Floette|Floettite
|-ability|p1b: Floette|Fairy Aura
|move|p1a: Whimsicott|Moonblast|p2b: Sneasler
|-damage|p2b: Sneasler|32/100
|-unboost|p2b: Sneasler|spa|1
|move|p1b: Floette|Dazzling Gleam|p2a: Kingambit|[spread] p2a,p2b
|-damage|p2a: Kingambit|16/100
|-damage|p2b: Sneasler|0 fnt
|faint|p2b: Sneasler
|move|p2a: Kingambit|Swords Dance|p2a: Kingambit
|-boost|p2a: Kingambit|atk|2
|
|upkeep
|
|t:|1785388309
|switch|p2b: Charizard|Charizard, L50, F|100/100
|turn|4
|
|t:|1785388317
|switch|p1b: Basculegion|Basculegion, L50, M|100/100
|detailschange|p2b: Charizard|Charizard-Mega-Y, L50, F
|-mega|p2b: Charizard|Charizard|Charizardite Y
|-weather|SunnyDay|[from] ability: Drought|[of] p2b: Charizard
|move|p2a: Kingambit|Sucker Punch|p1a: Whimsicott
|-resisted|p1a: Whimsicott|1
|-damage|p1a: Whimsicott|21/100
|move|p1a: Whimsicott|Moonblast|p2a: Kingambit
|-damage|p2a: Kingambit|0 fnt
|faint|p2a: Kingambit
|move|p2b: Charizard|Heat Wave|p1a: Whimsicott|[spread] p1a
|-miss|p2b: Charizard|p1b: Basculegion
|-supereffective|p1a: Whimsicott|1
|-damage|p1a: Whimsicott|0 fnt
|faint|p1a: Whimsicott
|
|-weather|SunnyDay|[upkeep]
|upkeep
|
|t:|1785388333
|switch|p1a: Floette|Floette-Mega, L50, F|100/100
|switch|p2a: Aerodactyl|Aerodactyl, L50, F|100/100
|-ability|p2a: Aerodactyl|Unnerve
|-ability|p1a: Floette|Fairy Aura
|turn|5
|
|t:|1785388343
|move|p2a: Aerodactyl|Protect|p2a: Aerodactyl
|-singleturn|p2a: Aerodactyl|Protect
|move|p2b: Charizard|Protect|p2b: Charizard
|-singleturn|p2b: Charizard|Protect
|move|p1b: Basculegion|Last Respects|p2b: Charizard
|-activate|p2b: Charizard|move: Protect
|move|p1a: Floette|Moonblast|p2a: Aerodactyl
|-activate|p2a: Aerodactyl|move: Protect
|
|-weather|SunnyDay|[upkeep]
|-sideend|p1: loosecannon69|move: Tailwind
|upkeep
|turn|6
|
|t:|1785388357
|move|p2a: Aerodactyl|Rock Slide|p1b: Basculegion|[spread] p1a,p1b
|-damage|p1a: Floette|73/100
|-damage|p1b: Basculegion|69/100
|cant|p1b: Basculegion|flinch
|move|p2b: Charizard|Solar Beam||[still]
|-prepare|p2b: Charizard|Solar Beam
|-anim|p2b: Charizard|Solar Beam|p1b: Basculegion
|-supereffective|p1b: Basculegion|1
|-damage|p1b: Basculegion|0 fnt
|faint|p1b: Basculegion
|move|p1a: Floette|Moonblast|p2a: Aerodactyl
|-damage|p2a: Aerodactyl|0 fnt
|faint|p2a: Aerodactyl
|
|-weather|SunnyDay|[upkeep]
|upkeep
|turn|7
|
|t:|1785388370
|move|p1a: Floette|Protect|p1a: Floette
|-singleturn|p1a: Floette|Protect
|move|p2b: Charizard|Weather Ball|p1a: Floette
|-activate|p1a: Floette|move: Protect
|
|-weather|SunnyDay|[upkeep]
|upkeep
|turn|8
|
|t:|1785388377
|move|p2b: Charizard|Weather Ball|p1a: Floette
|-damage|p1a: Floette|4/100
|move|p1a: Floette|Moonblast|p2b: Charizard
|-resisted|p2b: Charizard|1
|-damage|p2b: Charizard|58/100
|
|-weather|none
|upkeep
|turn|9
|
|t:|1785388385
|move|p2b: Charizard|Weather Ball|p1a: Floette
|-damage|p1a: Floette|0 fnt
|faint|p1a: Floette
|
|win|ssooner
