|j|☆colemarcusvgc
|j|☆Piedrer
|html|colemarcusvgcPiedrer    
|uhtml|bestof|Game 3 of a best-of-3
|t:|1757121563
|gametype|doubles
|player|p1|colemarcusvgc|n|1179
|player|p2|Piedrer|red|1086
|gen|9
|tier|[Gen 9] VGC 2025 Reg H (Bo3)
|rated|
|rule|Species Clause: Limit one of each Pokémon
|rule|Item Clause: Limit 1 of each item
|clearpoke
|poke|p1|Indeedee-F, L50, F|
|poke|p1|Hatterene, L50, F|
|poke|p1|Gallade, L50, M|
|poke|p1|Ursaluna, L50, M|
|poke|p1|Lilligant-Hisui, L50, F|
|poke|p1|Torkoal, L50, M|
|poke|p2|Porygon2, L50|
|poke|p2|Ursaluna, L50, F|
|poke|p2|Volcarona, L50, M|
|poke|p2|Grimmsnarl, L50, M|
|poke|p2|Annihilape, L50, F|
|poke|p2|Gholdengo, L50|
|teampreview|4
|showteam|p1|Indeedee-F||PsychicSeed|PsychicSurge|TrickRoom,FollowMe,HelpingHand,DazzlingGleam|||F|||50|,,,,,Fire]Hatterene||LifeOrb|MagicBounce|ExpandingForce,TrickRoom,DazzlingGleam,Protect|||F|||50|,,,,,Psychic]Gallade||ClearAmulet|Sharpness|SacredSword,PsychoCut,TrickRoom,WideGuard|||M|||50|,,,,,Grass]Ursaluna||FlameOrb|Guts|HeadlongRush,Facade,SwordsDance,Protect|||M|||50|,,,,,Ghost]Lilligant-Hisui||FocusSash|Chlorophyll|SolarBlade,SleepPowder,CloseCombat,AfterYou|||F|||50|,,,,,Ghost]Torkoal||ChoiceSpecs|Drought|Eruption,HeatWave,WeatherBall,EarthPower|||M|||50|,,,,,Fire
|showteam|p2|Porygon2||Eviolite|Download|Thunderbolt,IceBeam,Recover,TrickRoom||||||50|,,,,,Ghost]Ursaluna||FlameOrb|Guts|Facade,Earthquake,HeadlongRush,Protect|||F|||50|,,,,,Fairy]Volcarona||CovertCloak|FlameBody|Overheat,StruggleBug,RagePowder,WillOWisp|||M|||50|,,,,,Dragon]Grimmsnarl||LightClay|Prankster|SpiritBreak,Reflect,LightScreen,Taunt|||M|||50|,,,,,Steel]Annihilape||SafetyGoggles|Defiant|RageFist,DrainPunch,Protect,BulkUp|||F|||50|,,,,,Fire]Gholdengo||ChoiceSpecs|GoodasGold|ShadowBall,MakeItRain,PowerGem,Trick||||||50|,,,,,Dragon
|inactive|Battle timer is ON: inactive players will automatically lose when time's up. (requested by Piedrer)
|
|t:|1757121600
|teamsize|p1|4
|teamsize|p2|4
|start
|switch|p1a: Lilligant|Lilligant-Hisui, L50, F|100/100
|switch|p1b: Torkoal|Torkoal, L50, M|100/100
|switch|p2a: Grimmsnarl|Grimmsnarl, L50, M|100/100
|switch|p2b: Gholdengo|Gholdengo, L50|100/100
|-weather|SunnyDay|[from] ability: Drought|[of] p1b: Torkoal
|turn|1
|inactive|Piedrer has 30 seconds left.
|
|t:|1757121633
|move|p2a: Grimmsnarl|Taunt|p1a: Lilligant
|-start|p1a: Lilligant|move: Taunt
|move|p1a: Lilligant|Close Combat|p2a: Grimmsnarl
|-damage|p2a: Grimmsnarl|50/100
|-unboost|p1a: Lilligant|def|1
|-unboost|p1a: Lilligant|spd|1
|move|p2b: Gholdengo|Power Gem|p1b: Torkoal
|-supereffective|p1b: Torkoal
|-damage|p1b: Torkoal|0 fnt
|faint|p1b: Torkoal
|
|-weather|SunnyDay|[upkeep]
|upkeep
|
|t:|1757121644
|switch|p1b: Gallade|Gallade, L50, M|100/100
|turn|2
|
|t:|1757121660
|switch|p2b: Annihilape|Annihilape, L50, F|100/100
|move|p2a: Grimmsnarl|Reflect|p2a: Grimmsnarl
|-sidestart|p2: Piedrer|Reflect
|move|p1a: Lilligant|Close Combat|p2a: Grimmsnarl
|-damage|p2a: Grimmsnarl|15/100
|-unboost|p1a: Lilligant|def|1
|-unboost|p1a: Lilligant|spd|1
|move|p1b: Gallade|Trick Room|p1b: Gallade
|-fieldstart|move: Trick Room|[of] p1b: Gallade
|
|-weather|SunnyDay|[upkeep]
|upkeep
|turn|3
|inactive|Piedrer has 30 seconds left.
|inactive|Piedrer has 20 seconds left.
|
|t:|1757121695
|-terastallize|p2b: Annihilape|Fire
|move|p2a: Grimmsnarl|Taunt|p1b: Gallade
|-start|p1b: Gallade|move: Taunt
|move|p1b: Gallade|Psycho Cut|p2b: Annihilape
|-damage|p2b: Annihilape|63/100
|move|p2b: Annihilape|Rage Fist|p1b: Gallade
|-supereffective|p1b: Gallade
|-damage|p1b: Gallade|0 fnt
|faint|p1b: Gallade
|move|p1a: Lilligant|Close Combat|p2a: Grimmsnarl
|-damage|p2a: Grimmsnarl|0 fnt
|-unboost|p1a: Lilligant|def|1
|-unboost|p1a: Lilligant|spd|1
|faint|p2a: Grimmsnarl
|
|-weather|SunnyDay|[upkeep]
|-end|p1a: Lilligant|move: Taunt
|upkeep
|
|t:|1757121714
|switch|p2a: Ursaluna|Ursaluna, L50, F|100/100
|switch|p1b: Ursaluna|Ursaluna, L50, M|100/100
|turn|4
|
|t:|1757121737
|-terastallize|p1b: Ursaluna|Ghost
|move|p1b: Ursaluna|Protect|p1b: Ursaluna
|-singleturn|p1b: Ursaluna|Protect
|move|p2a: Ursaluna|Protect|p2a: Ursaluna
|-singleturn|p2a: Ursaluna|Protect
|move|p2b: Annihilape|Rage Fist|p1a: Lilligant
|-enditem|p1a: Lilligant|Focus Sash
|-damage|p1a: Lilligant|1/100
|move|p1a: Lilligant|Sleep Powder|p2b: Annihilape
|-activate|p2b: Annihilape|item: Safety Goggles|Sleep Powder
|
|-weather|SunnyDay|[upkeep]
|-status|p1b: Ursaluna|brn|[from] item: Flame Orb
|-status|p2a: Ursaluna|brn|[from] item: Flame Orb
|upkeep
|turn|5
|inactive|Piedrer has 30 seconds left.
|inactive|Piedrer has 20 seconds left.
|
|t:|1757121772
|move|p1b: Ursaluna|Facade|p2b: Annihilape
|-damage|p2b: Annihilape|0 fnt
|faint|p2b: Annihilape
|move|p2a: Ursaluna|Headlong Rush|p1b: Ursaluna
|-damage|p1b: Ursaluna|23/100 brn
|-unboost|p2a: Ursaluna|def|1
|-unboost|p2a: Ursaluna|spd|1
|move|p1a: Lilligant|Sleep Powder||[still]
|-fail|p1a: Lilligant
|
|-weather|none
|-damage|p1b: Ursaluna|18/100 brn|[from] brn
|-damage|p2a: Ursaluna|95/100 brn|[from] brn
|upkeep
|
|t:|1757121785
|switch|p2b: Gholdengo|Gholdengo, L50|100/100
|turn|6
|
|t:|1757121805
|move|p1b: Ursaluna|Headlong Rush|p2b: Gholdengo
|-supereffective|p2b: Gholdengo
|-damage|p2b: Gholdengo|0 fnt
|-unboost|p1b: Ursaluna|def|1
|-unboost|p1b: Ursaluna|spd|1
|faint|p2b: Gholdengo
|move|p2a: Ursaluna|Earthquake|p1a: Lilligant|[spread] p1a,p1b
|-resisted|p1a: Lilligant
|-damage|p1a: Lilligant|0 fnt
|-damage|p1b: Ursaluna|0 fnt
|faint|p1a: Lilligant
|faint|p1b: Ursaluna
|
|win|Piedrer
|raw|colemarcusvgc's rating: 1179 → 1147(-32 for losing)
|raw|Piedrer's rating: 1086 → 1120(+34 for winning)
|c|☆colemarcusvgc|gg
