|j|☆siamocucinatidoc
|j|☆failandimprove3
|html|siamocucinatidocfailandimprove3    
|uhtml|bestof|Game 3 of a best-of-3
|t:|1783985397
|gametype|doubles
|player|p1|siamocucinatidoc|169|1360
|player|p2|failandimprove3|1|1464
|gen|9
|tier|[Gen 9 Champions] VGC 2026 Reg M-B (Bo3)
|rated|
|rule|Species Clause: Limit one of each Pokémon
|rule|Item Clause: Limit 1 of each item
|clearpoke
|poke|p1|Pelipper, L50, M|
|poke|p1|Archaludon, L50, M|
|poke|p1|Grimmsnarl, L50, M|
|poke|p1|Basculegion, L50, M|
|poke|p1|Venusaur, L50, M|
|poke|p1|Charizard, L50, M|
|poke|p2|Charizard, L50, F|
|poke|p2|Floette-Eternal, L50, F|
|poke|p2|Garchomp, L50, M|
|poke|p2|Kingambit, L50, M|
|poke|p2|Basculegion, L50, M|
|poke|p2|Whimsicott, L50, M|
|teampreview|4
|showteam|p1|Pelipper||SitrusBerry|Drizzle|WeatherBall,Hurricane,Tailwind,WideGuard|Modest||M|||50|]Archaludon||Leftovers|Stamina|ElectroShot,DragonPulse,FlashCannon,Protect|Calm||M|||50|]Grimmsnarl||LightClay|Prankster|FoulPlay,LightScreen,Reflect,PartingShot|Calm||M|||50|]Basculegion||ChoiceScarf|Adaptability|WaveCrash,FlipTurn,LastRespects,AquaJet|Jolly||M|||50|]Venusaur||FocusSash|Chlorophyll|SleepPowder,SludgeBomb,EarthPower,Protect|Modest||M|||50|]Charizard||CharizarditeY|SolarPower|HeatWave,WeatherBall,SolarBeam,Protect|Modest||M|||50|
|showteam|p2|Charizard||CharizarditeY|Blaze|HeatWave,WeatherBall,SolarBeam,Protect|Modest||F|||50|]Floette-Eternal||Floettite|FlowerVeil|Moonblast,DazzlingGleam,LightofRuin,Protect|Timid||F|||50|]Garchomp||LifeOrb|RoughSkin|Earthquake,DragonClaw,RockSlide,Protect|Jolly||M|||50|]Kingambit||OccaBerry|Defiant|KowtowCleave,SuckerPunch,IronHead,LowKick|Adamant||M|||50|]Basculegion||MysticWater|Adaptability|WaveCrash,LastRespects,AquaJet,Protect|Adamant||M|||50|]Whimsicott||FocusSash|Prankster|Moonblast,Tailwind,Encore,Protect|Timid||M|||50|
|inactive|Battle timer is ON: inactive players will automatically lose when time's up. (requested by failandimprove3)
|inactive|siamocucinatidoc has 60 seconds left.
|inactive|failandimprove3 has 60 seconds left.
|inactive|siamocucinatidoc has 30 seconds left.
|
|t:|1783985464
|teamsize|p1|4
|teamsize|p2|4
|start
|switch|p1a: Charizard|Charizard, L50, M|100/100
|switch|p1b: Grimmsnarl|Grimmsnarl, L50, M|100/100
|switch|p2a: Charizard|Charizard, L50, F|100/100
|switch|p2b: Kingambit|Kingambit, L50, M|100/100
|turn|1
|
|t:|1783985484
|detailschange|p1a: Charizard|Charizard-Mega-Y, L50, M
|-mega|p1a: Charizard|Charizard|Charizardite Y
|-weather|SunnyDay|[from] ability: Drought|[of] p1a: Charizard
|detailschange|p2a: Charizard|Charizard-Mega-Y, L50, F
|-mega|p2a: Charizard|Charizard|Charizardite Y
|move|p1a: Charizard|Weather Ball|p2b: Kingambit
|-supereffective|p2b: Kingambit|1
|-enditem|p2b: Kingambit|Occa Berry|[eat]
|-enditem|p2b: Kingambit|Occa Berry|[weaken]
|-damage|p2b: Kingambit|35/100
|move|p2a: Charizard|Heat Wave|p1b: Grimmsnarl|[spread] p1a,p1b
|-resisted|p1a: Charizard|1
|-damage|p1a: Charizard|74/100
|-damage|p1b: Grimmsnarl|45/100
|move|p1b: Grimmsnarl|Foul Play|p2b: Kingambit
|-resisted|p2b: Kingambit|1
|-damage|p2b: Kingambit|17/100
|move|p2b: Kingambit|Iron Head|p1b: Grimmsnarl
|-supereffective|p1b: Grimmsnarl|1
|-damage|p1b: Grimmsnarl|0 fnt
|faint|p1b: Grimmsnarl
|
|-weather|SunnyDay|[upkeep]
|upkeep
|
|t:|1783985496
|switch|p1b: Venusaur|Venusaur, L50, M|100/100
|turn|2
|
|t:|1783985502
|move|p2a: Charizard|Protect|p2a: Charizard
|-singleturn|p2a: Charizard|Protect
|move|p2b: Kingambit|Sucker Punch|p1a: Charizard
|-damage|p1a: Charizard|31/100
|move|p1b: Venusaur|Sleep Powder|p2a: Charizard
|-activate|p2a: Charizard|move: Protect
|move|p1a: Charizard|Heat Wave|p2b: Kingambit|[spread] p2b
|-activate|p2a: Charizard|move: Protect
|-supereffective|p2b: Kingambit|1
|-damage|p2b: Kingambit|0 fnt
|faint|p2b: Kingambit
|
|-weather|SunnyDay|[upkeep]
|upkeep
|
|t:|1783985507
|switch|p2b: Garchomp|Garchomp, L50, M|100/100
|turn|3
|
|t:|1783985520
|move|p1a: Charizard|Protect|p1a: Charizard
|-singleturn|p1a: Charizard|Protect
|move|p1b: Venusaur|Sleep Powder|p2a: Charizard
|-status|p2a: Charizard|slp|[from] move: Sleep Powder
|move|p2b: Garchomp|Rock Slide|p1b: Venusaur|[spread] p1b
|-activate|p1a: Charizard|move: Protect
|-damage|p1b: Venusaur|63/100
|-damage|p2b: Garchomp|90/100|[from] item: Life Orb
|cant|p2a: Charizard|slp
|
|-weather|SunnyDay|[upkeep]
|upkeep
|turn|4
|
|t:|1783985529
|move|p2b: Garchomp|Protect|p2b: Garchomp
|-singleturn|p2b: Garchomp|Protect
|move|p1b: Venusaur|Sleep Powder|p2b: Garchomp
|-activate|p2b: Garchomp|move: Protect
|move|p1a: Charizard|Weather Ball|p2a: Charizard
|-resisted|p2a: Charizard|1
|-damage|p2a: Charizard|62/100 slp
|cant|p2a: Charizard|slp
|
|-weather|SunnyDay|[upkeep]
|upkeep
|turn|5
|inactive|siamocucinatidoc has 30 seconds left.
|
|t:|1783985559
|switch|p2b: Whimsicott|Whimsicott, L50, M|100/100
|move|p1b: Venusaur|Protect|p1b: Venusaur
|-singleturn|p1b: Venusaur|Protect
|move|p1a: Charizard|Weather Ball|p2a: Charizard
|-resisted|p2a: Charizard|1
|-damage|p2a: Charizard|24/100 slp
|-curestatus|p2a: Charizard|slp|[msg]
|move|p2a: Charizard|Heat Wave|p1b: Venusaur|[spread] p1a
|-activate|p1b: Venusaur|move: Protect
|-resisted|p1a: Charizard|1
|-damage|p1a: Charizard|6/100
|
|-weather|none
|upkeep
|turn|6
|
|t:|1783985578
|switch|p1b: Basculegion|Basculegion, L50, M|100/100
|move|p2b: Whimsicott|Tailwind|p2b: Whimsicott
|-sidestart|p2: failandimprove3|move: Tailwind
|move|p2a: Charizard|Heat Wave|p1a: Charizard|[spread] p1a
|-miss|p2a: Charizard|p1b: Basculegion
|-resisted|p1a: Charizard|1
|-damage|p1a: Charizard|0 fnt
|faint|p1a: Charizard
|
|upkeep
|
|t:|1783985586
|switch|p1a: Venusaur|Venusaur, L50, M|63/100
|turn|7
|
|t:|1783985604
|switch|p2a: Garchomp|Garchomp, L50, M|90/100
|move|p2b: Whimsicott|Protect|p2b: Whimsicott
|-singleturn|p2b: Whimsicott|Protect
|move|p1b: Basculegion|Last Respects|p2a: Garchomp
|-damage|p2a: Garchomp|1/100
|move|p1a: Venusaur|Sludge Bomb|p2b: Whimsicott
|-activate|p2b: Whimsicott|move: Protect
|
|upkeep
|turn|8
|
|t:|1783985623
|switch|p2b: Charizard|Charizard-Mega-Y, L50, F|24/100
|-weather|SunnyDay|[from] ability: Drought|[of] p2b: Charizard
|move|p2a: Garchomp|Earthquake|p1b: Basculegion|[spread] p1a,p1b
|-immune|p2b: Charizard
|-damage|p1a: Venusaur|0 fnt
|-damage|p1b: Basculegion|42/100
|faint|p1a: Venusaur
|-damage|p2a: Garchomp|0 fnt|[from] item: Life Orb
|faint|p2a: Garchomp
|move|p1b: Basculegion|Last Respects|p2b: Charizard
|-damage|p2b: Charizard|0 fnt
|faint|p2b: Charizard
|
|-weather|SunnyDay|[upkeep]
|upkeep
|
|t:|1783985628
|switch|p2b: Whimsicott|Whimsicott, L50, M|100/100
|turn|9
|
|t:|1783985636
|move|p2b: Whimsicott|Moonblast|p1b: Basculegion
|-damage|p1b: Basculegion|1/100
|move|p1b: Basculegion|Last Respects|p2b: Whimsicott
|-enditem|p2b: Whimsicott|Focus Sash
|-damage|p2b: Whimsicott|1/100
|
|-weather|SunnyDay|[upkeep]
|-sideend|p2: failandimprove3|move: Tailwind
|upkeep
|turn|10
|c|☆siamocucinatidoc|Ggs
|c|☆siamocucinatidoc|So close set
|-message|failandimprove3 forfeited.
|
|win|siamocucinatidoc
|raw|siamocucinatidoc's rating: 1360 → 1386(+26 for winning)
|raw|failandimprove3's rating: 1464 → 1438(-26 for losing)
