|j|☆MiraiQuaza
|j|☆Lightoz
|html|MiraiQuazaLightoz    
|uhtml|bestof|Game 2 of a best-of-3
|t:|1757255205
|gametype|doubles
|player|p1|MiraiQuaza|lucas|1274
|player|p2|Lightoz|blue-gen2|1469
|gen|9
|tier|[Gen 9] VGC 2025 Reg H (Bo3)
|rated|
|rule|Species Clause: Limit one of each Pokémon
|rule|Item Clause: Limit 1 of each item
|clearpoke
|poke|p1|Charizard, L50, F|
|poke|p1|Whimsicott, L50, M|
|poke|p1|Archaludon, L50, M|
|poke|p1|Farigiraf, L50, F|
|poke|p1|Torkoal, L50, F|
|poke|p1|Baxcalibur, L50, M|
|poke|p2|Incineroar, L50, F|
|poke|p2|Annihilape, L50, M|
|poke|p2|Dragonite, L50, M|
|poke|p2|Volcarona, L50, F|
|poke|p2|Rillaboom, L50, F|
|poke|p2|Basculegion, L50, M|
|teampreview|4
|showteam|p1|Charizard||LifeOrb|SolarPower|HeatWave,AirSlash,SolarBeam,Protect|||F|||50|,,,,,Fire]Whimsicott||FocusSash|Prankster|Tailwind,SunnyDay,Moonblast,BeatUp|||M|||50|,,,,,Ghost]Archaludon||AssaultVest|Stamina|DracoMeteor,ElectroShot,BodyPress,Snarl|||M|||50|,,,,,Grass]Farigiraf||SitrusBerry|ArmorTail|TwinBeam,BeatUp,TrickRoom,Protect|||F|||50|,,,,,Fairy]Torkoal||ChoiceSpecs|Drought|Eruption,HeatWave,EarthPower,WeatherBall|||F|||50|,,,,,Fire]Baxcalibur||LoadedDice|ThermalExchange|GlaiveRush,IcicleSpear,DragonDance,Protect|||M|||50|,,,,,Poison
|showteam|p2|Incineroar||SitrusBerry|Intimidate|FlareBlitz,KnockOff,FakeOut,PartingShot|||F|||50|,,,,,Ghost]Annihilape||SafetyGoggles|Defiant|CloseCombat,RageFist,Coaching,FinalGambit|||M|||50|,,,,,Water]Dragonite||LoadedDice|Multiscale|ScaleShot,SunnyDay,Haze,Protect|||M|||50|,,,,,Fairy]Volcarona||Leftovers|FlameBody|HeatWave,TeraBlast,QuiverDance,Protect|||F|||50|,,,,,Fairy]Rillaboom||AssaultVest|GrassySurge|WoodHammer,GrassyGlide,HighHorsepower,FakeOut|||F|||50|,,,,,Fire]Basculegion||ChoiceScarf|Adaptability|WaveCrash,LastRespects,FlipTurn,AquaJet|||M|||50|,,,,,Water
|inactive|Battle timer is ON: inactive players will automatically lose when time's up. (requested by MiraiQuaza)
|
|t:|1757255230
|teamsize|p1|4
|teamsize|p2|4
|start
|switch|p1a: Farigiraf|Farigiraf, L50, F|100/100
|switch|p1b: Baxcalibur|Baxcalibur, L50, M|100/100
|switch|p2a: Volcarona|Volcarona, L50, F|100/100
|switch|p2b: Incineroar|Incineroar, L50, F|100/100
|-ability|p2b: Incineroar|Intimidate|boost
|-unboost|p1a: Farigiraf|atk|1
|-unboost|p1b: Baxcalibur|atk|1
|turn|1
|inactive|MiraiQuaza has 30 seconds left.
|
|t:|1757255261
|move|p1b: Baxcalibur|Glaive Rush|p2a: Volcarona
|-damage|p2a: Volcarona|51/100
|-singlemove|p1b: Baxcalibur|Glaive Rush|[silent]
|move|p2a: Volcarona|Quiver Dance|p2a: Volcarona
|-boost|p2a: Volcarona|spa|1
|-boost|p2a: Volcarona|spd|1
|-boost|p2a: Volcarona|spe|1
|move|p2b: Incineroar|Parting Shot|p1b: Baxcalibur
|-unboost|p1b: Baxcalibur|atk|1
|-unboost|p1b: Baxcalibur|spa|1
|
|t:|1757255272
|switch|p2b: Annihilape|Annihilape, L50, M, shiny|100/100|[from] Parting Shot
|move|p1a: Farigiraf|Twin Beam|p2a: Volcarona
|-damage|p2a: Volcarona|41/100
|-damage|p2a: Volcarona|30/100
|-hitcount|p2a: Volcarona|2
|
|-heal|p2a: Volcarona|36/100|[from] item: Leftovers
|upkeep
|turn|2
|inactive|Lightoz has 30 seconds left.
|
|t:|1757255302
|move|p1b: Baxcalibur|Protect|p1b: Baxcalibur
|-singleturn|p1b: Baxcalibur|Protect
|move|p2a: Volcarona|Heat Wave|p1b: Baxcalibur|[spread] 
|-activate|p1b: Baxcalibur|move: Protect
|-miss|p2a: Volcarona|p1a: Farigiraf
|move|p2b: Annihilape|Close Combat|p1b: Baxcalibur
|-activate|p1b: Baxcalibur|move: Protect
|move|p1a: Farigiraf|Trick Room|p1a: Farigiraf
|-fieldstart|move: Trick Room|[of] p1a: Farigiraf
|
|-heal|p2a: Volcarona|42/100|[from] item: Leftovers
|upkeep
|turn|3
|
|t:|1757255318
|switch|p2b: Incineroar|Incineroar, L50, F|100/100
|-ability|p2b: Incineroar|Intimidate|boost
|-unboost|p1a: Farigiraf|atk|1
|-unboost|p1b: Baxcalibur|atk|1
|move|p2a: Volcarona|Protect|p2a: Volcarona
|-singleturn|p2a: Volcarona|Protect
|move|p1a: Farigiraf|Twin Beam|p2b: Incineroar
|-immune|p2b: Incineroar
|move|p1b: Baxcalibur|Glaive Rush|p2a: Volcarona
|-activate|p2a: Volcarona|move: Protect
|
|-heal|p2a: Volcarona|49/100|[from] item: Leftovers
|upkeep
|turn|4
|
|t:|1757255331
|move|p1a: Farigiraf|Twin Beam|p2a: Volcarona
|-damage|p2a: Volcarona|38/100
|-damage|p2a: Volcarona|28/100
|-hitcount|p2a: Volcarona|2
|move|p2b: Incineroar|Knock Off|p1a: Farigiraf
|-supereffective|p1a: Farigiraf
|-damage|p1a: Farigiraf|30/100
|-enditem|p1a: Farigiraf|Sitrus Berry|[from] move: Knock Off|[of] p2b: Incineroar
|move|p1b: Baxcalibur|Glaive Rush|p2a: Volcarona
|-damage|p2a: Volcarona|0 fnt
|-singlemove|p1b: Baxcalibur|Glaive Rush|[silent]
|faint|p2a: Volcarona
|
|upkeep
|
|t:|1757255343
|switch|p2a: Dragonite|Dragonite, L50, M|100/100
|turn|5
|
|t:|1757255356
|switch|p1b: Archaludon|Archaludon, L50, M|100/100
|move|p2a: Dragonite|Protect|p2a: Dragonite
|-singleturn|p2a: Dragonite|Protect
|move|p1a: Farigiraf|Twin Beam|p2a: Dragonite
|-activate|p2a: Dragonite|move: Protect
|move|p2b: Incineroar|Knock Off|p1b: Archaludon
|-crit|p1b: Archaludon
|-damage|p1b: Archaludon|56/100
|-ability|p1b: Archaludon|Stamina|boost
|-boost|p1b: Archaludon|def|1
|-enditem|p1b: Archaludon|Assault Vest|[from] move: Knock Off|[of] p2b: Incineroar
|
|upkeep
|turn|6
|inactive|MiraiQuaza has 30 seconds left.
|inactive|MiraiQuaza has 20 seconds left.
|inactive|MiraiQuaza has 15 seconds left.
|
|t:|1757255396
|-terastallize|p2a: Dragonite|Fairy
|move|p1a: Farigiraf|Twin Beam|p2a: Dragonite
|-damage|p2a: Dragonite|93/100
|-damage|p2a: Dragonite|75/100
|-hitcount|p2a: Dragonite|2
|move|p2b: Incineroar|Parting Shot|p1b: Archaludon
|-unboost|p1b: Archaludon|atk|1
|-unboost|p1b: Archaludon|spa|1
|
|t:|1757255401
|switch|p2b: Annihilape|Annihilape, L50, M, shiny|100/100|[from] Parting Shot
|move|p1b: Archaludon|Body Press|p2a: Dragonite
|-resisted|p2a: Dragonite
|-damage|p2a: Dragonite|55/100
|move|p2a: Dragonite|Scale Shot|p1a: Farigiraf
|-damage|p1a: Farigiraf|17/100
|-damage|p1a: Farigiraf|5/100
|-damage|p1a: Farigiraf|0 fnt
|faint|p1a: Farigiraf
|-hitcount|p1: Farigiraf|3
|-unboost|p2a: Dragonite|def|1
|-boost|p2a: Dragonite|spe|1
|
|-fieldend|move: Trick Room
|upkeep
|
|t:|1757255418
|switch|p1a: Baxcalibur|Baxcalibur, L50, M|100/100
|turn|7
|
|t:|1757255440
|move|p1a: Baxcalibur|Protect|p1a: Baxcalibur
|-singleturn|p1a: Baxcalibur|Protect
|move|p2a: Dragonite|Haze|p2a: Dragonite
|-clearallboost
|move|p2b: Annihilape|Close Combat|p1b: Archaludon
|-supereffective|p1b: Archaludon
|-damage|p1b: Archaludon|0 fnt
|-unboost|p2b: Annihilape|def|1
|-unboost|p2b: Annihilape|spd|1
|faint|p1b: Archaludon
|
|upkeep
|
|t:|1757255451
|switch|p1b: Torkoal|Torkoal, L50, F|100/100
|-weather|SunnyDay|[from] ability: Drought|[of] p1b: Torkoal
|turn|8
|inactive|MiraiQuaza has 30 seconds left.
|inactive|Lightoz has 30 seconds left.
|inactive|MiraiQuaza has 20 seconds left.
|inactive|MiraiQuaza has 15 seconds left.
|inactive|MiraiQuaza has 10 seconds left.
|
|t:|1757255500
|-terastallize|p1a: Baxcalibur|Poison
|move|p2a: Dragonite|Protect|p2a: Dragonite
|-singleturn|p2a: Dragonite|Protect
|move|p2b: Annihilape|Final Gambit|p1a: Baxcalibur
|-damage|p1a: Baxcalibur|0 fnt
|faint|p2b: Annihilape
|faint|p1a: Baxcalibur
|move|p1b: Torkoal|Weather Ball|p2a: Dragonite
|-activate|p2a: Dragonite|move: Protect
|
|-weather|SunnyDay|[upkeep]
|upkeep
|
|t:|1757255503
|switch|p2b: Incineroar|Incineroar, L50, F|100/100
|-ability|p2b: Incineroar|Intimidate|boost
|-unboost|p1b: Torkoal|atk|1
|turn|9
|
|t:|1757255516
|move|p2b: Incineroar|Fake Out|p1b: Torkoal
|-damage|p1b: Torkoal|93/100
|move|p2a: Dragonite|Scale Shot|p1b: Torkoal
|-damage|p1b: Torkoal|81/100
|-damage|p1b: Torkoal|69/100
|-damage|p1b: Torkoal|58/100
|-damage|p1b: Torkoal|45/100
|-damage|p1b: Torkoal|33/100
|-hitcount|p1b: Torkoal|5
|-unboost|p2a: Dragonite|def|1
|-boost|p2a: Dragonite|spe|1
|cant|p1b: Torkoal|flinch
|
|-weather|SunnyDay|[upkeep]
|upkeep
|turn|10
|-message|MiraiQuaza forfeited.
|
|win|Lightoz
|l|☆MiraiQuaza
|player|p1|
||MiraiQuaza is ready for game 3.
||Lightoz is ready for game 3.
|uhtml|next|Next: Game 3 of 3
