|j|☆tt/el.glenko
|j|☆NandoProbando
|html|tt/el.glenkoNandoProbando    
|uhtml|bestof|Game 2 of a best-of-3
|t:|1784946604
|gametype|doubles
|player|p1|tt/el.glenko|102|
|player|p2|NandoProbando|pokefan-gen4|
|gen|9
|tier|[Gen 9 Champions] VGC 2026 Reg M-B (Bo3)
|rule|Species Clause: Limit one of each Pokémon
|rule|Item Clause: Limit 1 of each item
|clearpoke
|poke|p1|Pelipper, L50, M|
|poke|p1|Swampert, L50, F|
|poke|p1|Archaludon, L50, M, shiny|
|poke|p1|Basculegion, L50, M|
|poke|p1|Klefki, L50, F|
|poke|p1|Farigiraf, L50, F|
|poke|p2|Tyranitar, L50, F|
|poke|p2|Excadrill, L50, M|
|poke|p2|Milotic, L50, F|
|poke|p2|Sinistcha, L50|
|poke|p2|Staraptor, L50, M|
|poke|p2|Gholdengo, L50|
|teampreview|4
|showteam|p1|Pelipper||FocusSash|Drizzle|Tailwind,Hurricane,WeatherBall,WideGuard|Modest||M|||50|]Swampert||Swampertite|Torrent|Protect,WaveCrash,StompingTantrum,IcePunch|Adamant||F|||50|]Archaludon||Leftovers|Stamina|Protect,ElectroShot,DragonPulse,FlashCannon|Sassy||M|||50|]Basculegion||ChoiceScarf|Adaptability|WaveCrash,LastRespects,FlipTurn,AquaJet|Adamant||M|||50|]Klefki||SitrusBerry|Prankster|FlashCannon,LightScreen,DazzlingGleam,RainDance|Bold||F|||50|]Farigiraf||ColburBerry|SapSipper|SkillSwap,HyperVoice,GrassKnot,TrickRoom|Calm||F|||50|
|showteam|p2|Tyranitar||Tyranitarite|SandStream|KnockOff,RockSlide,HighHorsepower,Protect|Jolly||F|||50|]Excadrill||FocusSash|SandRush|Earthquake,IronHead,RockSlide,Protect|Adamant||M|||50|]Milotic||SitrusBerry|Competitive|Scald,IcyWind,Haze,Protect|Calm||F|||50|]Sinistcha||ColburBerry|Hospitality|MatchaGotcha,ShadowBall,Protect,RagePowder|Bold|||||50|]Staraptor||Staraptite|Intimidate|CloseCombat,BraveBird,Tailwind,Protect|Jolly||M|||50|]Gholdengo||LifeOrb|GoodasGold|MakeItRain,ShadowBall,NastyPlot,Protect|Modest|||||50|
|inactive|Battle timer is ON: inactive players will automatically lose when time's up. (requested by NandoProbando)
|inactive|tt/el.glenko has 60 seconds left.
|inactive|NandoProbando has 60 seconds left.
|inactive|NandoProbando has 30 seconds left.
|inactive|NandoProbando has 20 seconds left.
|inactive|NandoProbando has 15 seconds left.
|
|t:|1784946680
|teamsize|p1|4
|teamsize|p2|4
|start
|switch|p1a: Klefki|Klefki, L50, F|100/100
|switch|p1b: Swampert|Swampert, L50, F|100/100
|switch|p2a: Tyranitar|Tyranitar, L50, F|100/100
|switch|p2b: Gholdengo|Gholdengo, L50|100/100
|-weather|Sandstorm|[from] ability: Sand Stream|[of] p2a: Tyranitar
|turn|1
|inactive|tt/el.glenko has 30 seconds left.
|inactive|NandoProbando has 30 seconds left.
|
|t:|1784946706
|switch|p2a: Sinistcha|Sinistcha, L50|100/100
|detailschange|p1b: Swampert|Swampert-Mega, L50, F
|-mega|p1b: Swampert|Swampert|Swampertite
|move|p1a: Klefki|Rain Dance|p1a: Klefki
|-weather|RainDance
|move|p1b: Swampert|Stomping Tantrum|p2b: Gholdengo
|-supereffective|p2b: Gholdengo|1
|-damage|p2b: Gholdengo|14/100
|move|p2b: Gholdengo|Nasty Plot|p2b: Gholdengo
|-boost|p2b: Gholdengo|spa|2
|
|-weather|RainDance|[upkeep]
|upkeep
|turn|2
|inactive|tt/el.glenko has 30 seconds left.
|inactive|tt/el.glenko has 20 seconds left.
|inactive|tt/el.glenko has 15 seconds left.
|inactive|tt/el.glenko has 10 seconds left.
|inactive|tt/el.glenko has 5 seconds left.
|
|t:|1784946759
|move|p1b: Swampert|Protect|p1b: Swampert
|-singleturn|p1b: Swampert|Protect
|move|p2a: Sinistcha|Rage Powder|p2a: Sinistcha
|-singleturn|p2a: Sinistcha|move: Rage Powder
|move|p2b: Gholdengo|Make It Rain|p1b: Swampert|[spread] p1a
|-activate|p1b: Swampert|move: Protect
|-damage|p1a: Klefki|0 fnt
|-unboost|p2b: Gholdengo|spa|2
|faint|p1a: Klefki
|-damage|p2b: Gholdengo|4/100|[from] item: Life Orb
|
|-weather|RainDance|[upkeep]
|upkeep
|
|t:|1784946775
|switch|p1a: Archaludon|Archaludon, L50, M, shiny|100/100
|turn|3
|
|t:|1784946798
|switch|p2b: Tyranitar|Tyranitar, L50, F|100/100
|-weather|Sandstorm|[from] ability: Sand Stream|[of] p2b: Tyranitar
|move|p1b: Swampert|Ice Punch|p2a: Sinistcha
|-supereffective|p2a: Sinistcha|1
|-damage|p2a: Sinistcha|52/100
|move|p1a: Archaludon|Dragon Pulse|p2a: Sinistcha
|-damage|p2a: Sinistcha|14/100
|move|p2a: Sinistcha|Matcha Gotcha|p1a: Archaludon|[spread] p1a,p1b
|-resisted|p1a: Archaludon|2
|-supereffective|p1b: Swampert|2
|-damage|p1a: Archaludon|94/100
|-heal|p2a: Sinistcha|17/100|[from] drain|[of] p1a: Archaludon
|-damage|p1b: Swampert|22/100
|-heal|p2a: Sinistcha|58/100|[from] drain|[of] p1b: Swampert
|-ability|p1a: Archaludon|Stamina|boost
|-boost|p1a: Archaludon|def|1
|
|-weather|Sandstorm|[upkeep]
|-damage|p2a: Sinistcha|52/100|[from] Sandstorm
|-heal|p1a: Archaludon|100/100|[from] item: Leftovers
|upkeep
|turn|4
|inactive|tt/el.glenko has 30 seconds left.
|inactive|NandoProbando has 30 seconds left.
|inactive|NandoProbando has 20 seconds left.
|
|t:|1784946835
|switch|p1b: Basculegion|Basculegion, L50, M|100/100
|move|p2a: Sinistcha|Rage Powder|p2a: Sinistcha
|-singleturn|p2a: Sinistcha|move: Rage Powder
|move|p2b: Tyranitar|Knock Off|p1a: Archaludon
|-damage|p1a: Archaludon|78/100
|-ability|p1a: Archaludon|Stamina|boost
|-boost|p1a: Archaludon|def|1
|-enditem|p1a: Archaludon|Leftovers|[from] move: Knock Off|[of] p2b: Tyranitar
|move|p1a: Archaludon|Flash Cannon|p2a: Sinistcha
|-damage|p2a: Sinistcha|20/100r
|
|-weather|Sandstorm|[upkeep]
|-damage|p1b: Basculegion|93/100|[from] Sandstorm
|-damage|p2a: Sinistcha|14/100|[from] Sandstorm
|upkeep
|turn|5
|inactive|tt/el.glenko has 30 seconds left.
|inactive|NandoProbando has 30 seconds left.
|inactive|tt/el.glenko has 20 seconds left.
|inactive|tt/el.glenko has 15 seconds left.
|inactive|tt/el.glenko has 10 seconds left.
|
|t:|1784946881
|switch|p2b: Milotic|Milotic, L50, F|100/100
|move|p2a: Sinistcha|Protect|p2a: Sinistcha
|-singleturn|p2a: Sinistcha|Protect
|move|p1b: Basculegion|Flip Turn|p2a: Sinistcha
|-activate|p2a: Sinistcha|move: Protect
|move|p1a: Archaludon|Flash Cannon|p2b: Milotic
|-resisted|p2b: Milotic|1
|-damage|p2b: Milotic|87/100
|
|-weather|Sandstorm|[upkeep]
|-damage|p1b: Basculegion|87/100|[from] Sandstorm
|-damage|p2b: Milotic|81/100|[from] Sandstorm
|-damage|p2a: Sinistcha|8/100|[from] Sandstorm
|upkeep
|turn|6
|inactive|NandoProbando has 30 seconds left.
|inactive|NandoProbando has 20 seconds left.
|inactive|NandoProbando has 15 seconds left.
|
|t:|1784946921
|switch|p2a: Tyranitar|Tyranitar, L50, F|100/100
|move|p1b: Basculegion|Flip Turn|p2a: Tyranitar
|-supereffective|p2a: Tyranitar|1
|-damage|p2a: Tyranitar|27/100
|
|t:|1784946927
|switch|p1b: Swampert|Swampert-Mega, L50, F|22/100|[from] Flip Turn
|move|p2b: Milotic|Icy Wind|p1b: Swampert|[spread] p1a,p1b
|-damage|p1a: Archaludon|68/100
|-damage|p1b: Swampert|14/100
|-unboost|p1a: Archaludon|spe|1
|-unboost|p1b: Swampert|spe|1
|-ability|p1a: Archaludon|Stamina|boost
|-boost|p1a: Archaludon|def|1
|move|p1a: Archaludon|Dragon Pulse|p2b: Milotic
|-damage|p2b: Milotic|54/100
|
|-weather|Sandstorm|[upkeep]
|-damage|p2b: Milotic|48/100|[from] Sandstorm
|-enditem|p2b: Milotic|Sitrus Berry|[eat]
|-heal|p2b: Milotic|73/100|[from] item: Sitrus Berry
|upkeep
|turn|7
|inactive|tt/el.glenko has 30 seconds left.
|inactive|tt/el.glenko has 20 seconds left.
|inactive|tt/el.glenko has 15 seconds left.
|inactive|tt/el.glenko has 10 seconds left.
|
|t:|1784946972
|move|p2a: Tyranitar|Protect|p2a: Tyranitar
|-singleturn|p2a: Tyranitar|Protect
|move|p2b: Milotic|Scald|p1b: Swampert
|-damage|p1b: Swampert|0 fnt
|faint|p1b: Swampert
|move|p1a: Archaludon|Dragon Pulse|p2a: Tyranitar
|-activate|p2a: Tyranitar|move: Protect
|
|-weather|none
|upkeep
|
|t:|1784946978
|switch|p1b: Basculegion|Basculegion, L50, M|87/100
|turn|8
|inactive|tt/el.glenko has 30 seconds left.
|
|t:|1784947008
|move|p2b: Milotic|Protect|p2b: Milotic
|-singleturn|p2b: Milotic|Protect
|move|p1b: Basculegion|Last Respects|p2a: Tyranitar
|-resisted|p2a: Tyranitar|1
|-damage|p2a: Tyranitar|0 fnt
|faint|p2a: Tyranitar
|move|p1a: Archaludon|Dragon Pulse|p2b: Milotic
|-activate|p2b: Milotic|move: Protect
|
|upkeep
|
|t:|1784947014
|switch|p2a: Sinistcha|Sinistcha, L50|8/100
|-heal|p2b: Milotic|98/100|[from] ability: Hospitality|[of] p2a: Sinistcha
|turn|9
|inactive|tt/el.glenko has 30 seconds left.
|
|t:|1784947040
|move|p2a: Sinistcha|Protect|p2a: Sinistcha
|-singleturn|p2a: Sinistcha|Protect
|move|p1b: Basculegion|Last Respects|p2b: Milotic
|-damage|p2b: Milotic|13/100
|move|p2b: Milotic|Icy Wind|p1a: Archaludon|[spread] p1a,p1b
|-resisted|p1b: Basculegion|1
|-damage|p1a: Archaludon|59/100
|-damage|p1b: Basculegion|82/100
|-unboost|p1a: Archaludon|spe|1
|-unboost|p1b: Basculegion|spe|1
|-ability|p1a: Archaludon|Stamina|boost
|-boost|p1a: Archaludon|def|1
|move|p1a: Archaludon|Electro Shot||[still]
|-prepare|p1a: Archaludon|Electro Shot
|-boost|p1a: Archaludon|spa|1
|
|upkeep
|turn|10
|
|t:|1784947057
|move|p2a: Sinistcha|Rage Powder|p2a: Sinistcha
|-singleturn|p2a: Sinistcha|move: Rage Powder
|move|p1b: Basculegion|Last Respects|p2a: Sinistcha
|-supereffective|p2a: Sinistcha|1
|-damage|p2a: Sinistcha|0 fnt
|faint|p2a: Sinistcha
|move|p2b: Milotic|Icy Wind|p1b: Basculegion|[spread] p1b
|-miss|p2b: Milotic|p1a: Archaludon
|-resisted|p1b: Basculegion|1
|-damage|p1b: Basculegion|75/100
|-unboost|p1b: Basculegion|spe|1
|move|p1a: Archaludon|Electro Shot|p2b: Milotic|[from] lockedmove
|-supereffective|p2b: Milotic|1
|-damage|p2b: Milotic|0 fnt
|faint|p2b: Milotic
|
|upkeep
|
|t:|1784947071
|switch|p2b: Gholdengo|Gholdengo, L50|4/100
|turn|11
|
|t:|1784947080
|move|p2b: Gholdengo|Shadow Ball|p1b: Basculegion
|-supereffective|p1b: Basculegion|1
|-damage|p1b: Basculegion|0 fnt
|faint|p1b: Basculegion
|-damage|p2b: Gholdengo|0 fnt|[from] item: Life Orb
|faint|p2b: Gholdengo
|
|win|tt/el.glenko
|l|☆NandoProbando
|player|p2|
|l|☆tt/el.glenko
|player|p1|
|j|☆tt/el.glenko
|player|p1|tt/el.glenko|102|
