|badge|p2|bronze|gen9doublesou|100-6
|uhtml|medal-msg|Curious what those medals under the avatar are? PS now has Ladder Seasons! For more information, check out the thread on Smogon.
|j|☆Fairy Juice Jay
|j|☆sheepie_sheep
|html|Fairy Juice Jaysheepie_sheep    
|uhtml|bestof|Game 2 of a best-of-3
|t:|1757728596
|gametype|doubles
|player|p1|Fairy Juice Jay|burgh-masters|
|player|p2|sheepie_sheep|allister-unmasked|
|gen|9
|tier|[Gen 9] VGC 2025 Reg H (Bo3)
|rule|Species Clause: Limit one of each Pokémon
|rule|Item Clause: Limit 1 of each item
|clearpoke
|poke|p1|Serperior, L50, M|
|poke|p1|Illumise, L50, F|
|poke|p1|Metagross, L50|
|poke|p1|Primarina, L50, F|
|poke|p1|Kommo-o, L50, F|
|poke|p1|Arcanine-Hisui, L50, F|
|poke|p2|Scizor, L50, F|
|poke|p2|Politoed, L50, F|
|poke|p2|Salamence, L50, F|
|poke|p2|Glimmora, L50, F|
|poke|p2|Kingdra, L50, F|
|poke|p2|Brambleghast, L50, M|
|teampreview|4
|showteam|p1|Serperior||WideLens|Contrary|LeafStorm,TeraBlast,LeechSeed,Protect|||M|||50|,,,,,Fire]Illumise||CovertCloak|Prankster|Uturn,Encore,FakeTears,Tailwind|||F|||50|,,,,,Dark]Metagross||AssaultVest|ClearBody|HeavySlam,PsychicFangs,StompingTantrum,BulletPunch||||||50|,,,,,Water]Primarina||Leftovers|LiquidVoice|HyperVoice,Moonblast,CalmMind,Protect|||F|||50|,,,,,Poison]Kommo-o||ThroatSpray|Overcoat|ClangingScales,Flamethrower,ClangorousSoul,Protect|||F|||50|,,,,,Fire]Arcanine-Hisui||SafetyGoggles|Intimidate|FlareBlitz,RockSlide,WillOWisp,Protect|||F|||50|,,,,,Grass
|showteam|p2|Scizor||MetalCoat|Technician|SwordsDance,BulletPunch,Protect,BugBite|||F|||50|,,,,,Steel]Politoed||EjectButton|Drizzle|WeatherBall,Protect,HelpingHand,IcyWind|||F|||50|,,,,,Grass]Salamence||LumBerry|Intimidate|Tailwind,Hurricane,Protect,DracoMeteor|||F|||50|,,,,,Steel]Glimmora||PowerHerb|ToxicDebris|MeteorBeam,SludgeBomb,SpikyShield,EarthPower|||F|||50|,,,,,Grass]Kingdra||LifeOrb|SwiftSwim|MuddyWater,WeatherBall,DracoMeteor,Protect|||F|||50|,,,,,Water]Brambleghast||FocusSash|WindRider|PowerWhip,Poltergeist,Protect,ShadowSneak|||M|||50|,,,,,Stellar
|inactive|Battle timer is ON: inactive players will automatically lose when time's up. (requested by Fairy Juice Jay)
|inactive|sheepie_sheep also wants the timer to be on.
|c|☆sheepie_sheep|glhf
|
|t:|1757728610
|teamsize|p1|4
|teamsize|p2|4
|start
|switch|p1a: Theodora|Illumise, L50, F|100/100
|switch|p1b: Kommo-o|Kommo-o, L50, F|100/100
|switch|p2a: Salamence|Salamence, L50, F|100/100
|switch|p2b: Glimmora|Glimmora, L50, F|100/100
|-ability|p2a: Salamence|Intimidate|boost
|-unboost|p1a: Theodora|atk|1
|-unboost|p1b: Kommo-o|atk|1
|turn|1
|
|t:|1757728620
|-terastallize|p2a: Salamence|Steel
|move|p1a: Theodora|Tailwind|p1a: Theodora
|-sidestart|p1: Fairy Juice Jay|move: Tailwind
|move|p1b: Kommo-o|Clanging Scales|p2b: Glimmora|[spread] p2a,p2b
|-resisted|p2a: Salamence
|-crit|p2b: Glimmora
|-damage|p2a: Salamence|81/100
|-damage|p2b: Glimmora|23/100
|-unboost|p1b: Kommo-o|def|1
|-enditem|p1b: Kommo-o|Throat Spray
|-boost|p1b: Kommo-o|spa|1|[from] item: Throat Spray
|move|p2b: Glimmora|Meteor Beam||[still]
|-prepare|p2b: Glimmora|Meteor Beam
|-boost|p2b: Glimmora|spa|1
|-enditem|p2b: Glimmora|Power Herb
|-anim|p2b: Glimmora|Meteor Beam|p1a: Theodora
|-supereffective|p1a: Theodora
|-damage|p1a: Theodora|0 fnt
|faint|p1a: Theodora
|move|p2a: Salamence|Hurricane|p1b: Kommo-o|[miss]
|-miss|p2a: Salamence|p1b: Kommo-o
|
|upkeep
|c|☆sheepie_sheep|nooooo
|
|t:|1757728639
|switch|p1a: Primarina|Primarina, L50, F|100/100
|turn|2
|
|t:|1757728648
|move|p2b: Glimmora|Spiky Shield|p2b: Glimmora
|-singleturn|p2b: Glimmora|move: Protect
|move|p1b: Kommo-o|Flamethrower|p2a: Salamence
|-supereffective|p2a: Salamence
|-damage|p2a: Salamence|0 fnt
|faint|p2a: Salamence
|move|p1a: Primarina|Hyper Voice|p2b: Glimmora
|-activate|p2b: Glimmora|move: Protect
|
|upkeep
|
|t:|1757728657
|switch|p2a: Brambleghast|Brambleghast, L50, M|100/100
|turn|3
|
|t:|1757728664
|switch|p2b: Scizor|Scizor, L50, F|100/100
|move|p2a: Brambleghast|Protect|p2a: Brambleghast
|-singleturn|p2a: Brambleghast|Protect
|move|p1b: Kommo-o|Flamethrower|p2a: Brambleghast
|-activate|p2a: Brambleghast|move: Protect
|move|p1a: Primarina|Hyper Voice|p2b: Scizor|[spread] p2b
|-activate|p2a: Brambleghast|move: Protect
|-damage|p2b: Scizor|50/100
|
|upkeep
|turn|4
|
|t:|1757728688
|switch|p2a: Glimmora|Glimmora, L50, F|23/100
|move|p2b: Scizor|Protect|p2b: Scizor
|-singleturn|p2b: Scizor|Protect
|move|p1b: Kommo-o|Flamethrower|p2a: Glimmora
|-resisted|p2a: Glimmora
|-damage|p2a: Glimmora|0 fnt
|faint|p2a: Glimmora
|move|p1a: Primarina|Hyper Voice|p2b: Scizor
|-activate|p2b: Scizor|move: Protect
|
|-sideend|p1: Fairy Juice Jay|move: Tailwind
|upkeep
|
|t:|1757728690
|switch|p2a: Brambleghast|Brambleghast, L50, M|100/100
|turn|5
|
|t:|1757728703
|move|p2a: Brambleghast|Shadow Sneak|p1b: Kommo-o
|-damage|p1b: Kommo-o|69/100
|move|p2b: Scizor|Bullet Punch|p1b: Kommo-o
|-damage|p1b: Kommo-o|6/100
|move|p1b: Kommo-o|Flamethrower|p2b: Scizor
|-supereffective|p2b: Scizor
|-damage|p2b: Scizor|0 fnt
|faint|p2b: Scizor
|move|p1a: Primarina|Hyper Voice|p2a: Brambleghast
|-resisted|p2a: Brambleghast
|-damage|p2a: Brambleghast|61/100
|
|upkeep
|turn|6
|c|☆sheepie_sheep|I just needed to hit hurricane
|c|☆Fairy Juice Jay|GGs
|c|☆sheepie_sheep|</3
|c|☆sheepie_sheep|gg
|
|t:|1757728719
|move|p2a: Brambleghast|Shadow Sneak|p1b: Kommo-o
|-damage|p1b: Kommo-o|0 fnt
|faint|p1b: Kommo-o
|move|p1a: Primarina|Moonblast|p2a: Brambleghast
|-damage|p2a: Brambleghast|0 fnt
|faint|p2a: Brambleghast
|
|win|Fairy Juice Jay
|l|☆sheepie_sheep
|player|p2|
