|j|☆Bug!Bug!Survival
|j|☆testdigi
|html|Bug!Bug!Survivaltestdigi    
|uhtml|bestof|Game 1 of a best-of-3
|t:|1785325487
|gametype|doubles
|player|p1|Bug!Bug!Survival|169|1209
|player|p2|testdigi|169|1131
|gen|9
|tier|[Gen 9 Champions] VGC 2026 Reg M-B (Bo3)
|rated|
|rule|Species Clause: Limit one of each Pokémon
|rule|Item Clause: Limit 1 of each item
|clearpoke
|poke|p1|Bellibolt, L50, M|
|poke|p1|Rotom-Heat, L50|
|poke|p1|Sceptile, L50, F|
|poke|p1|Aerodactyl, L50, F|
|poke|p1|Garchomp, L50, F|
|poke|p1|Meowscarada, L50, F|
|poke|p2|Tyranitar, L50, F|
|poke|p2|Excadrill, L50, M|
|poke|p2|Gholdengo, L50, shiny|
|poke|p2|Milotic, L50, M, shiny|
|poke|p2|Sinistcha, L50|
|poke|p2|Staraptor, L50, M|
|teampreview|4
|showteam|p1|Bellibolt||BigRoot|Electromorphosis|ParabolicCharge,Soak,SlackOff,SuckerPunch|Relaxed||M|||50|]Rotom-Heat||ChoiceScarf|Levitate|Discharge,Overheat,WillOWisp,Trick|Timid|||||50|]Sceptile||Sceptilite|Overgrow|Detect,LeafStorm,DragonPulse,EarthPower|Timid||F|||50|]Aerodactyl||FocusSash|Unnerve|Protect,Tailwind,RockSlide,DualWingbeat|Adamant||F|||50|]Garchomp||ExpertBelt|RoughSkin|Earthquake,Liquidation,IronHead,RockSlide|Adamant||F|||50|]Meowscarada||LifeOrb|Protean|TripleAxel,LowKick,KnockOff,FlowerTrick|Jolly||F|||50|
|showteam|p2|Tyranitar||Tyranitarite|SandStream|RockSlide,KnockOff,LowKick,Protect|Jolly||F|||50|]Excadrill||FocusSash|SandRush|HighHorsepower,IronHead,RockSlide,Protect|Adamant||M|||50|]Gholdengo||LifeOrb|GoodasGold|ShadowBall,MakeItRain,NastyPlot,Protect|Modest|||||50|]Milotic||SitrusBerry|Competitive|Scald,IceBeam,IcyWind,Protect|Calm||M|||50|]Sinistcha||ColburBerry|Hospitality|MatchaGotcha,LifeDew,RagePowder,Protect|Bold|||||50|]Staraptor||Staraptite|Intimidate|CloseCombat,BraveBird,Tailwind,Protect|Jolly||M|||50|
|inactive|Battle timer is ON: inactive players will automatically lose when time's up. (requested by Bug!Bug!Survival)
|inactive|testdigi has 60 seconds left.
|
|t:|1785325602
|teamsize|p1|4
|teamsize|p2|4
|start
|switch|p1a: Aerodactyl|Aerodactyl, L50, F|100/100
|switch|p1b: Garchomp|Garchomp, L50, F|100/100
|switch|p2a: Staraptor|Staraptor, L50, M|100/100
|switch|p2b: Milotic|Milotic, L50, M, shiny|100/100
|-ability|p1a: Aerodactyl|Unnerve
|-ability|p2a: Staraptor|Intimidate|boost
|-unboost|p1a: Aerodactyl|atk|1
|-unboost|p1b: Garchomp|atk|1
|turn|1
|inactive|Bug!Bug!Survival has 30 seconds left.
|inactive|Bug!Bug!Survival has 20 seconds left.
|inactive|Bug!Bug!Survival has 15 seconds left.
|
|t:|1785325643
|detailschange|p2a: Staraptor|Staraptor-Mega, L50, M
|-mega|p2a: Staraptor|Staraptor|Staraptite
|move|p1a: Aerodactyl|Tailwind|p1a: Aerodactyl
|-sidestart|p1: Bug!Bug!Survival|move: Tailwind
|move|p1b: Garchomp|Rock Slide|p2b: Milotic|[spread] p2a,p2b
|-damage|p2a: Staraptor|87/100
|-damage|p2b: Milotic|87/100
|move|p2a: Staraptor|Tailwind|p2a: Staraptor
|-sidestart|p2: testdigi|move: Tailwind
|move|p2b: Milotic|Icy Wind|p1b: Garchomp|[spread] p1a,p1b
|-supereffective|p1a: Aerodactyl|1
|-supereffective|p1b: Garchomp|2
|-damage|p1a: Aerodactyl|66/100
|-damage|p1b: Garchomp|54/100
|-unboost|p1a: Aerodactyl|spe|1
|-unboost|p1b: Garchomp|spe|1
|
|upkeep
|turn|2
|
|t:|1785325671
|move|p2a: Staraptor|Close Combat|p1a: Aerodactyl
|-damage|p1a: Aerodactyl|0 fnt
|-boost|p2a: Staraptor|def|1
|-boost|p2a: Staraptor|spd|1
|faint|p1a: Aerodactyl
|move|p2b: Milotic|Icy Wind|p1b: Garchomp
|-supereffective|p1b: Garchomp|2
|-damage|p1b: Garchomp|1/100
|-unboost|p1b: Garchomp|spe|1
|move|p1b: Garchomp|Rock Slide|p2a: Staraptor|[spread] p2a,p2b
|-damage|p2a: Staraptor|78/100
|-damage|p2b: Milotic|72/100
|
|upkeep
|
|t:|1785325683
|switch|p1a: Rotom|Rotom-Heat, L50|100/100
|turn|3
|
|t:|1785325700
|move|p1a: Rotom|Discharge|p2b: Milotic|[spread] p2a,p2b
|-immune|p1b: Garchomp
|-supereffective|p2a: Staraptor|1
|-supereffective|p2b: Milotic|1
|-damage|p2a: Staraptor|42/100
|-damage|p2b: Milotic|39/100
|-status|p2a: Staraptor|par
|-status|p2b: Milotic|par
|-enditem|p2b: Milotic|Sitrus Berry|[eat]
|-heal|p2b: Milotic|63/100 par|[from] item: Sitrus Berry
|move|p2a: Staraptor|Close Combat|p1b: Garchomp
|-damage|p1b: Garchomp|0 fnt
|-boost|p2a: Staraptor|def|1
|-boost|p2a: Staraptor|spd|1
|-damage|p2a: Staraptor|30/100 par|[from] ability: Rough Skin|[of] p1b: Garchomp
|faint|p1b: Garchomp
|move|p2b: Milotic|Scald|p1a: Rotom
|-supereffective|p1a: Rotom|1
|-damage|p1a: Rotom|18/100
|
|upkeep
|
|t:|1785325717
|switch|p1b: Sceptile|Sceptile, L50, F|100/100
|turn|4
|
|t:|1785325733
|detailschange|p1b: Sceptile|Sceptile-Mega, L50, F
|-mega|p1b: Sceptile|Sceptile|Sceptilite
|move|p2a: Staraptor|Protect|p2a: Staraptor
|-singleturn|p2a: Staraptor|Protect
|move|p1a: Rotom|Discharge|p2a: Staraptor|[spread] p2b
|-activate|p2a: Staraptor|move: Protect
|-ability|p1b: Sceptile|Lightning Rod|boost
|-boost|p1b: Sceptile|spa|1
|-supereffective|p2b: Milotic|1
|-damage|p2b: Milotic|30/100 par
|move|p1b: Sceptile|Leaf Storm|p2b: Milotic|[miss]
|-miss|p1b: Sceptile|p2b: Milotic
|move|p2b: Milotic|Icy Wind|p1b: Sceptile|[spread] p1a,p1b
|-resisted|p1a: Rotom|1
|-supereffective|p1b: Sceptile|2
|-damage|p1a: Rotom|10/100
|-damage|p1b: Sceptile|36/100
|-unboost|p1a: Rotom|spe|1
|-unboost|p1b: Sceptile|spe|1
|
|-sideend|p1: Bug!Bug!Survival|move: Tailwind
|-sideend|p2: testdigi|move: Tailwind
|upkeep
|turn|5
|inactive|testdigi has 30 seconds left.
|inactive|testdigi has 20 seconds left.
|
|t:|1785325773
|switch|p2b: Tyranitar|Tyranitar, L50, F|100/100
|-weather|Sandstorm|[from] ability: Sand Stream|[of] p2b: Tyranitar
|move|p1a: Rotom|Discharge|p2b: Tyranitar|[spread] p2a,p2b
|-ability|p1b: Sceptile|Lightning Rod|boost
|-boost|p1b: Sceptile|spa|1
|-supereffective|p2a: Staraptor|1
|-damage|p2a: Staraptor|1/100 par
|-damage|p2b: Tyranitar|81/100
|move|p1b: Sceptile|Dragon Pulse|p2b: Tyranitar
|-damage|p2b: Tyranitar|20/100y
|move|p2a: Staraptor|Tailwind|p2a: Staraptor
|-sidestart|p2: testdigi|move: Tailwind
|
|-weather|Sandstorm|[upkeep]
|-damage|p2a: Staraptor|0 fnt|[from] Sandstorm
|-damage|p1a: Rotom|4/100|[from] Sandstorm
|-damage|p1b: Sceptile|30/100|[from] Sandstorm
|faint|p2a: Staraptor
|upkeep
|
|t:|1785325788
|switch|p2a: Milotic|Milotic, L50, M, shiny|30/100 par
|turn|6
|
|t:|1785325801
|move|p2b: Tyranitar|Protect|p2b: Tyranitar
|-singleturn|p2b: Tyranitar|Protect
|move|p1a: Rotom|Discharge|p2a: Milotic|[spread] p2a
|-activate|p2b: Tyranitar|move: Protect
|-ability|p1b: Sceptile|Lightning Rod|boost
|-boost|p1b: Sceptile|spa|1
|-supereffective|p2a: Milotic|1
|-damage|p2a: Milotic|0 fnt
|faint|p2a: Milotic
|move|p1b: Sceptile|Dragon Pulse|p2b: Tyranitar
|-activate|p2b: Tyranitar|move: Protect
|
|-weather|Sandstorm|[upkeep]
|-damage|p1a: Rotom|0 fnt|[from] Sandstorm
|-damage|p1b: Sceptile|24/100|[from] Sandstorm
|faint|p1a: Rotom
|upkeep
|
|t:|1785325806
|switch|p2a: Excadrill|Excadrill, L50, M|100/100
|turn|7
|
|t:|1785325819
|move|p1b: Sceptile|Detect|p1b: Sceptile
|-singleturn|p1b: Sceptile|Protect
|move|p2a: Excadrill|Iron Head|p1b: Sceptile
|-activate|p1b: Sceptile|move: Protect
|move|p2b: Tyranitar|Rock Slide|p1b: Sceptile
|-activate|p1b: Sceptile|move: Protect
|
|-weather|Sandstorm|[upkeep]
|-damage|p1b: Sceptile|17/100|[from] Sandstorm
|upkeep
|turn|8
|-message|Bug!Bug!Survival forfeited.
|
|win|testdigi
|l|☆Bug!Bug!Survival
|player|p1|
||testdigi is ready for game 2.
||Bug!Bug!Survival is ready for game 2.
|uhtml|next|Next: Game 2 of 3
