|j|☆d1mo22
|j|☆Danidelaserna20
|html|d1mo22Danidelaserna20    
|uhtml|bestof|Game 1 of a best-of-3
|t:|1785515522
|gametype|doubles
|player|p1|d1mo22|169|1200
|player|p2|Danidelaserna20|ethan|1144
|gen|9
|tier|[Gen 9 Champions] VGC 2026 Reg M-B (Bo3)
|rated|
|rule|Species Clause: Limit one of each Pokémon
|rule|Item Clause: Limit 1 of each item
|clearpoke
|poke|p1|Pelipper, L50, F|
|poke|p1|Swampert, L50, M|
|poke|p1|Archaludon, L50, M|
|poke|p1|Grimmsnarl, L50, M, shiny|
|poke|p1|Venusaur, L50, M|
|poke|p1|Charizard, L50, M, shiny|
|poke|p2|Kommo-o, L50, F|
|poke|p2|Metagross, L50|
|poke|p2|Kingambit, L50, F|
|poke|p2|Sneasler, L50, F|
|poke|p2|Basculegion, L50, M|
|poke|p2|Aerodactyl, L50, M|
|teampreview|4
|showteam|p1|Pelipper||SitrusBerry|Drizzle|WeatherBall,Hurricane,Tailwind,WideGuard|Modest||F|||50|]Swampert||Swampertite|Torrent|WaveCrash,Earthquake,IcePunch,Protect|Adamant||M|||50|]Archaludon||Leftovers|Stamina|ElectroShot,FlashCannon,DragonPulse,Protect|Modest||M|||50|]Grimmsnarl||LightClay|Prankster|Reflect,LightScreen,PartingShot,SpiritBreak|Sassy||M|||50|]Venusaur||LifeOrb|Overgrow|SleepPowder,SludgeBomb,EarthPower,Protect|Modest||M|||50|]Charizard||CharizarditeY|Blaze|WeatherBall,HeatWave,SolarBeam,Protect|Modest||M|||50|
|showteam|p2|Kommo-o||LifeOrb|Soundproof|ClangingScales,AuraSphere,VacuumWave,Protect|Modest||F|||50|]Metagross||Metagrossite|ClearBody|IronHead,BulletPunch,PsychicFangs,Protect|Jolly|||||50|]Kingambit||OccaBerry|Defiant|KowtowCleave,SuckerPunch,IronHead,Protect|Adamant||F|||50|]Sneasler||FocusSash|Unburden|FakeOut,DireClaw,CloseCombat,Protect|Jolly||F|||50|]Basculegion||ChoiceScarf|Adaptability|WaveCrash,FlipTurn,AquaJet,LastRespects|Jolly||M|||50|]Aerodactyl||Aerodactylite|Unnerve|RockSlide,Tailwind,IceFang,DualWingbeat|Jolly||M|||50|
|inactive|Battle timer is ON: inactive players will automatically lose when time's up. (requested by d1mo22)
|inactive|d1mo22 has 60 seconds left.
|inactive|Danidelaserna20 has 60 seconds left.
|
|t:|1785515569
|teamsize|p1|4
|teamsize|p2|4
|start
|switch|p1a: Charizard|Charizard, L50, M, shiny|100/100
|switch|p1b: Venusaur|Venusaur, L50, M|100/100
|switch|p2a: Sneasler|Sneasler, L50, F|100/100
|switch|p2b: Aerodactyl|Aerodactyl, L50, M|100/100
|-ability|p2b: Aerodactyl|Unnerve
|turn|1
|
|t:|1785515589
|detailschange|p2b: Aerodactyl|Aerodactyl-Mega, L50, M
|-mega|p2b: Aerodactyl|Aerodactyl|Aerodactylite
|detailschange|p1a: Charizard|Charizard-Mega-Y, L50, M, shiny
|-mega|p1a: Charizard|Charizard|Charizardite Y
|-weather|SunnyDay|[from] ability: Drought|[of] p1a: Charizard
|move|p2a: Sneasler|Fake Out|p1b: Venusaur
|-damage|p1b: Venusaur|80/100
|move|p2b: Aerodactyl|Tailwind|p2b: Aerodactyl
|-sidestart|p2: Danidelaserna20|move: Tailwind
|move|p1a: Charizard|Heat Wave|p2a: Sneasler|[spread] p2a,p2b
|-resisted|p2b: Aerodactyl|1
|-damage|p2a: Sneasler|10/100
|-damage|p2b: Aerodactyl|67/100
|cant|p1b: Venusaur|flinch
|
|-weather|SunnyDay|[upkeep]
|upkeep
|turn|2
|
|t:|1785515609
|switch|p1a: Grimmsnarl|Grimmsnarl, L50, M, shiny|100/100
|move|p1b: Venusaur|Protect|p1b: Venusaur
|-singleturn|p1b: Venusaur|Protect
|move|p2b: Aerodactyl|Dual Wingbeat|p1b: Venusaur
|-activate|p1b: Venusaur|move: Protect
|move|p2a: Sneasler|Dire Claw|p1b: Venusaur
|-activate|p1b: Venusaur|move: Protect
|
|-weather|SunnyDay|[upkeep]
|upkeep
|turn|3
|
|t:|1785515629
|switch|p2b: Kingambit|Kingambit, L50, F|100/100
|move|p1a: Grimmsnarl|Reflect|p1a: Grimmsnarl
|-sidestart|p1: d1mo22|Reflect
|move|p2a: Sneasler|Dire Claw|p1a: Grimmsnarl
|-supereffective|p1a: Grimmsnarl|1
|-damage|p1a: Grimmsnarl|38/100
|-status|p1a: Grimmsnarl|slp
|move|p1b: Venusaur|Sleep Powder|p2b: Kingambit
|-status|p2b: Kingambit|slp|[from] move: Sleep Powder
|
|-weather|SunnyDay|[upkeep]
|upkeep
|turn|4
|
|t:|1785515653
|switch|p1a: Charizard|Charizard-Mega-Y, L50, M, shiny|100/100
|move|p2a: Sneasler|Dire Claw|p1b: Venusaur
|-damage|p1b: Venusaur|45/100
|-status|p1b: Venusaur|slp
|cant|p2b: Kingambit|slp
|cant|p1b: Venusaur|slp
|
|-weather|SunnyDay|[upkeep]
|-sideend|p2: Danidelaserna20|move: Tailwind
|upkeep
|turn|5
|c|☆d1mo22|XD
|c|☆d1mo22|HAHAHA
|c|☆Danidelaserna20|perdooon
|
|t:|1785515674
|move|p2a: Sneasler|Dire Claw|p1b: Venusaur
|-damage|p1b: Venusaur|8/100 slp
|move|p1a: Charizard|Heat Wave|p2a: Sneasler|[spread] p2a,p2b
|-supereffective|p2b: Kingambit|1
|-enditem|p2b: Kingambit|Occa Berry|[eat]
|-enditem|p2b: Kingambit|Occa Berry|[weaken]
|-damage|p2a: Sneasler|0 fnt
|-damage|p2b: Kingambit|50/100g slp
|faint|p2a: Sneasler
|cant|p1b: Venusaur|slp
|-curestatus|p2b: Kingambit|slp|[msg]
|move|p2b: Kingambit|Kowtow Cleave|p1b: Venusaur
|-damage|p1b: Venusaur|0 fnt
|faint|p1b: Venusaur
|
|-weather|none
|upkeep
|
|t:|1785515685
|switch|p2a: Aerodactyl|Aerodactyl-Mega, L50, M|67/100
|switch|p1b: Grimmsnarl|Grimmsnarl, L50, M, shiny|38/100 slp
|turn|6
|
|t:|1785515692
|cant|p1b: Grimmsnarl|slp
|move|p2a: Aerodactyl|Rock Slide|p1a: Charizard|[spread] p1a,p1b
|-supereffective|p1a: Charizard|2
|-damage|p1a: Charizard|24/100
|-damage|p1b: Grimmsnarl|17/100 slp
|move|p1a: Charizard|Heat Wave|p2a: Aerodactyl|[spread] p2a,p2b
|-resisted|p2a: Aerodactyl|1
|-supereffective|p2b: Kingambit|1
|-damage|p2a: Aerodactyl|47/100
|-damage|p2b: Kingambit|0 fnt
|-status|p2a: Aerodactyl|brn
|faint|p2b: Kingambit
|
|-damage|p2a: Aerodactyl|41/100 brn|[from] brn
|upkeep
|
|t:|1785515700
|switch|p2b: Basculegion|Basculegion, L50, M|100/100
|turn|7
|
|t:|1785515721
|move|p1a: Charizard|Protect|p1a: Charizard
|-singleturn|p1a: Charizard|Protect
|-curestatus|p1b: Grimmsnarl|slp|[msg]
|move|p1b: Grimmsnarl|Parting Shot|p2b: Basculegion
|-unboost|p2b: Basculegion|atk|1
|-unboost|p2b: Basculegion|spa|1
|
|t:|1785515723
|switch|p1b: Pelipper|Pelipper, L50, F|100/100|[from] Parting Shot
|-weather|RainDance|[from] ability: Drizzle|[of] p1b: Pelipper
|move|p2a: Aerodactyl|Rock Slide|p1b: Pelipper|[spread] p1b
|-activate|p1a: Charizard|move: Protect
|-supereffective|p1b: Pelipper|1
|-damage|p1b: Pelipper|81/100
|move|p2b: Basculegion|Last Respects|p1b: Pelipper
|-damage|p1b: Pelipper|42/100
|-enditem|p1b: Pelipper|Sitrus Berry|[eat]
|-heal|p1b: Pelipper|67/100|[from] item: Sitrus Berry
|
|-weather|RainDance|[upkeep]
|-damage|p2a: Aerodactyl|35/100 brn|[from] brn
|upkeep
|turn|8
|
|t:|1785515748
|switch|p1a: Grimmsnarl|Grimmsnarl, L50, M, shiny|17/100
|move|p2a: Aerodactyl|Rock Slide|p1b: Pelipper|[spread] p1a
|-miss|p2a: Aerodactyl|p1b: Pelipper
|-crit|p1a: Grimmsnarl
|-damage|p1a: Grimmsnarl|0 fnt
|faint|p1a: Grimmsnarl
|move|p2b: Basculegion|Last Respects|p1b: Pelipper
|-damage|p1b: Pelipper|22/100
|move|p1b: Pelipper|Tailwind|p1b: Pelipper
|-sidestart|p1: d1mo22|move: Tailwind
|
|-weather|RainDance|[upkeep]
|-damage|p2a: Aerodactyl|28/100 brn|[from] brn
|upkeep
|
|t:|1785515751
|switch|p1a: Charizard|Charizard-Mega-Y, L50, M, shiny|24/100
|-weather|SunnyDay|[from] ability: Drought|[of] p1a: Charizard
|turn|9
|
|t:|1785515766
|move|p1a: Charizard|Solar Beam||[still]
|-prepare|p1a: Charizard|Solar Beam
|-anim|p1a: Charizard|Solar Beam|p2b: Basculegion
|-supereffective|p2b: Basculegion|1
|-damage|p2b: Basculegion|1/100
|move|p2a: Aerodactyl|Rock Slide|p1a: Charizard|[spread] p1a,p1b
|-supereffective|p1a: Charizard|2
|-supereffective|p1b: Pelipper|1
|-damage|p1a: Charizard|0 fnt
|-damage|p1b: Pelipper|1/100
|faint|p1a: Charizard
|move|p2b: Basculegion|Last Respects|p1b: Pelipper
|-damage|p1b: Pelipper|0 fnt
|faint|p1b: Pelipper
|
|win|Danidelaserna20
||Danidelaserna20 is ready for game 2.
|inactive|d1mo22 has 30 seconds to confirm battle start!
