|j|☆p0lisindet0n
|j|☆bestboi8989
|html|p0lisindet0nbestboi8989    
|uhtml|bestof|Game 1 of a best-of-3
|t:|1757853501
|gametype|doubles
|player|p1|p0lisindet0n|lucas|1192
|player|p2|bestboi8989|169|1108
|gen|9
|tier|[Gen 9] VGC 2025 Reg H (Bo3)
|rated|
|rule|Species Clause: Limit one of each Pokémon
|rule|Item Clause: Limit 1 of each item
|clearpoke
|poke|p1|Volcarona, L50, M|
|poke|p1|Rillaboom, L50, F|
|poke|p1|Electabuzz, L50, M|
|poke|p1|Whimsicott, L50, F|
|poke|p1|Typhlosion-Hisui, L50, M|
|poke|p1|Ursaluna-Bloodmoon, L50, M|
|poke|p2|Tyranitar, L50, F|
|poke|p2|Excadrill, L50, M|
|poke|p2|Amoonguss, L50, M|
|poke|p2|Salamence, L50, M|
|poke|p2|Rotom-Heat, L50|
|poke|p2|Primarina, L50, F|
|teampreview|4
|showteam|p1|Volcarona||GrassySeed|FlameBody|FieryDance,TeraBlast,QuiverDance,Protect|||M|||50|,,,,,Fairy]Rillaboom||AssaultVest|GrassySurge|WoodHammer,GrassyGlide,FakeOut,Uturn|||F|||50|,,,,,Fire]Electabuzz||Eviolite|VitalSpirit|FollowMe,Electroweb,Taunt,ThunderWave|||M|||50|,,,,,Ghost]Whimsicott||CovertCloak|Prankster|Tailwind,SunnyDay,Moonblast,FakeTears|||F|||50|,,,,,Poison]Typhlosion-Hisui||ChoiceSpecs|Blaze|Eruption,Overheat,ShadowBall,SolarBeam|||M|||50|,,,,,Fire]Ursaluna-Bloodmoon||LifeOrb|MindsEye|BloodMoon,EarthPower,HyperVoice,Protect|||M|||50|,,,,,Normal
|showteam|p2|Tyranitar||AssaultVest|SandStream|RockSlide,KnockOff,TeraBlast,LowKick|||F|||50|,,,,,Flying]Excadrill||ClearAmulet|SandRush|Earthquake,IronHead,RockSlide,Protect|||M|||50|,,,,,Ground]Amoonguss||SitrusBerry|Regenerator|RagePowder,PollenPuff,Spore,Protect|||M|||50|,,,,,Water]Salamence||LifeOrb|Intimidate|AirSlash,DracoMeteor,Tailwind,Protect|||M|||50|,,,,,Poison]Rotom-Heat||SafetyGoggles|Levitate|Overheat,Thunderbolt,WillOWisp,Protect||||||50|,,,,,Electric]Primarina||ThroatSpray|LiquidVoice|Moonblast,HyperVoice,Haze,Protect|||F|||50|,,,,,Grass
|
|t:|1757853548
|teamsize|p1|4
|teamsize|p2|4
|start
|switch|p1a: Whimsicott|Whimsicott, L50, F|100/100
|switch|p1b: Ursaluna|Ursaluna-Bloodmoon, L50, M|100/100
|switch|p2a: Tyranitar|Tyranitar, L50, F|100/100
|switch|p2b: Excadrill|Excadrill, L50, M|100/100
|-weather|Sandstorm|[from] ability: Sand Stream|[of] p2a: Tyranitar
|turn|1
|
|t:|1757853603
|-terastallize|p2a: Tyranitar|Flying
|move|p1a: Whimsicott|Fake Tears|p2a: Tyranitar
|-unboost|p2a: Tyranitar|spd|2
|move|p2b: Excadrill|Earthquake|p1a: Whimsicott|[spread] p1a,p1b
|-immune|p2a: Tyranitar
|-resisted|p1a: Whimsicott
|-crit|p1a: Whimsicott
|-damage|p1a: Whimsicott|70/100
|-damage|p1b: Ursaluna|65/100
|move|p1b: Ursaluna|Earth Power|p2a: Tyranitar
|-immune|p2a: Tyranitar
|move|p2a: Tyranitar|Tera Blast|p1a: Whimsicott|[anim] Tera Blast Flying
|-supereffective|p1a: Whimsicott
|-damage|p1a: Whimsicott|0 fnt
|faint|p1a: Whimsicott
|
|-weather|Sandstorm|[upkeep]
|-damage|p2a: Tyranitar|95/100|[from] Sandstorm
|upkeep
|inactive|Battle timer is ON: inactive players will automatically lose when time's up. (requested by bestboi8989)
|
|t:|1757853620
|switch|p1a: Rillaboom|Rillaboom, L50, F|100/100
|-fieldstart|move: Grassy Terrain|[from] ability: Grassy Surge|[of] p1a: Rillaboom
|turn|2
|inactive|bestboi8989 has 30 seconds left.
|
|t:|1757853646
|switch|p2a: Salamence|Salamence, L50, M|100/100
|-ability|p2a: Salamence|Intimidate|boost
|-unboost|p1a: Rillaboom|atk|1
|-unboost|p1b: Ursaluna|atk|1
|move|p1a: Rillaboom|Fake Out|p2b: Excadrill
|-resisted|p2b: Excadrill
|-damage|p2b: Excadrill|95/100
|cant|p2b: Excadrill|flinch
|move|p1b: Ursaluna|Blood Moon|p2a: Salamence
|-damage|p2a: Salamence|0 fnt
|faint|p2a: Salamence
|-damage|p1b: Ursaluna|55/100|[from] item: Life Orb
|
|-weather|Sandstorm|[upkeep]
|-damage|p1a: Rillaboom|94/100|[from] Sandstorm
|-heal|p2b: Excadrill|100/100|[from] Grassy Terrain
|-heal|p1a: Rillaboom|100/100|[from] Grassy Terrain
|-heal|p1b: Ursaluna|61/100|[from] Grassy Terrain
|upkeep
|inactive|bestboi8989 has 30 seconds left.
|
|t:|1757853673
|switch|p2a: Tyranitar|Tyranitar, L50, F, tera:Flying|95/100
|turn|3
|
|t:|1757853697
|-terastallize|p1a: Rillaboom|Fire
|move|p1b: Ursaluna|Protect|p1b: Ursaluna
|-singleturn|p1b: Ursaluna|Protect
|move|p2b: Excadrill|Iron Head|p1b: Ursaluna
|-activate|p1b: Ursaluna|move: Protect
|move|p1a: Rillaboom|Wood Hammer|p2b: Excadrill
|-damage|p2b: Excadrill|30/100
|-damage|p1a: Rillaboom|75/100|[from] Recoil
|move|p2a: Tyranitar|Tera Blast|p1a: Rillaboom|[anim] Tera Blast Flying
|-damage|p1a: Rillaboom|33/100
|
|-weather|Sandstorm|[upkeep]
|-damage|p1a: Rillaboom|27/100|[from] Sandstorm
|-damage|p2a: Tyranitar|89/100|[from] Sandstorm
|-heal|p2b: Excadrill|36/100|[from] Grassy Terrain
|-heal|p1a: Rillaboom|33/100|[from] Grassy Terrain
|-heal|p1b: Ursaluna|67/100|[from] Grassy Terrain
|upkeep
|turn|4
|inactive|p0lisindet0n has 30 seconds left.
|inactive|p0lisindet0n has 20 seconds left.
|
|t:|1757853736
|move|p1a: Rillaboom|Grassy Glide|p2b: Excadrill
|-damage|p2b: Excadrill|4/100
|move|p2b: Excadrill|Rock Slide|p1b: Ursaluna|[spread] p1a,p1b
|-supereffective|p1a: Rillaboom
|-resisted|p1b: Ursaluna
|-damage|p1a: Rillaboom|0 fnt
|-damage|p1b: Ursaluna|59/100
|faint|p1a: Rillaboom
|cant|p1b: Ursaluna|flinch
|move|p2a: Tyranitar|Rock Slide|p1b: Ursaluna
|-resisted|p1b: Ursaluna
|-damage|p1b: Ursaluna|43/100
|
|-weather|Sandstorm|[upkeep]
|-damage|p2a: Tyranitar|83/100|[from] Sandstorm
|-heal|p2b: Excadrill|10/100|[from] Grassy Terrain
|-heal|p1b: Ursaluna|48/100|[from] Grassy Terrain
|upkeep
|
|t:|1757853751
|switch|p1a: Typhlosion|Typhlosion-Hisui, L50, M|100/100
|turn|5
|
|t:|1757853763
|switch|p2a: Amoonguss|Amoonguss, L50, M|100/100
|move|p2b: Excadrill|Protect|p2b: Excadrill
|-singleturn|p2b: Excadrill|Protect
|move|p1a: Typhlosion|Overheat|p2a: Amoonguss
|-supereffective|p2a: Amoonguss
|-damage|p2a: Amoonguss|0 fnt
|-unboost|p1a: Typhlosion|spa|2
|faint|p2a: Amoonguss
|move|p1b: Ursaluna|Hyper Voice|p2b: Excadrill
|-activate|p2b: Excadrill|move: Protect
|
|-weather|none
|-heal|p2b: Excadrill|16/100|[from] Grassy Terrain
|-heal|p1b: Ursaluna|54/100|[from] Grassy Terrain
|upkeep
|
|t:|1757853776
|switch|p2a: Tyranitar|Tyranitar, L50, F, tera:Flying|83/100
|-weather|Sandstorm|[from] ability: Sand Stream|[of] p2a: Tyranitar
|turn|6
|inactive|bestboi8989 has 30 seconds left.
|
|t:|1757853801
|move|p2b: Excadrill|Rock Slide|p1b: Ursaluna|[spread] p1a
|-miss|p2b: Excadrill|p1b: Ursaluna
|-supereffective|p1a: Typhlosion
|-damage|p1a: Typhlosion|38/100
|cant|p1a: Typhlosion|flinch
|move|p1b: Ursaluna|Earth Power|p2b: Excadrill
|-supereffective|p2b: Excadrill
|-damage|p2b: Excadrill|0 fnt
|faint|p2b: Excadrill
|-damage|p1b: Ursaluna|45/100|[from] item: Life Orb
|move|p2a: Tyranitar|Low Kick|p1b: Ursaluna
|-supereffective|p1b: Ursaluna
|-damage|p1b: Ursaluna|0 fnt
|faint|p1b: Ursaluna
|
|-weather|Sandstorm|[upkeep]
|-damage|p1a: Typhlosion|32/100|[from] Sandstorm
|-damage|p2a: Tyranitar|77/100|[from] Sandstorm
|-heal|p1a: Typhlosion|38/100|[from] Grassy Terrain
|-fieldend|move: Grassy Terrain
|upkeep
|turn|7
|
|t:|1757853819
|move|p1a: Typhlosion|Overheat|p2a: Tyranitar|[miss]
|-miss|p1a: Typhlosion|p2a: Tyranitar
|move|p2a: Tyranitar|Knock Off|p1a: Typhlosion
|-supereffective|p1a: Typhlosion
|-damage|p1a: Typhlosion|0 fnt
|-enditem|p1a: Typhlosion|Choice Specs|[from] move: Knock Off|[of] p2a: Tyranitar
|faint|p1a: Typhlosion
|
|win|bestboi8989
||bestboi8989 is ready for game 2.
||p0lisindet0n is ready for game 2.
|uhtml|next|Next: Game 2 of 3
