|j|☆blade2049
|j|☆KChiefs7
|html|blade2049KChiefs7    
|uhtml|bestof|Game 1 of a best-of-3
|t:|1756835194
|gametype|doubles
|player|p1|blade2049|gambler|1064
|player|p2|KChiefs7|swimmer-gen4|1083
|gen|9
|tier|[Gen 9] VGC 2025 Reg H (Bo3)
|rated|
|rule|Species Clause: Limit one of each Pokémon
|rule|Item Clause: Limit 1 of each item
|clearpoke
|poke|p1|Gothitelle, L50, F|
|poke|p1|Politoed, L50, M|
|poke|p1|Incineroar, L50, F|
|poke|p1|Kingdra, L50, M|
|poke|p1|Amoonguss, L50, F|
|poke|p1|Archaludon, L50, M|
|poke|p2|Ursaluna, L50, M|
|poke|p2|Gholdengo, L50|
|poke|p2|Flamigo, L50, F|
|poke|p2|Amoonguss, L50, M|
|poke|p2|Porygon2, L50|
|poke|p2|Incineroar, L50, F|
|teampreview|4
|showteam|p1|Gothitelle||Leftovers|ShadowTag|Psychic,HealPulse,FakeOut,Protect|||F|||50|,,,,,Dragon]Politoed||MentalHerb|Drizzle|WeatherBall,Encore,PerishSong,Protect|||M|||50|,,,,,Grass]Incineroar||SafetyGoggles|Intimidate|FakeOut,PartingShot,KnockOff,Protect|||F|||50|,,,,,Ghost]Kingdra||LifeOrb|SwiftSwim|DracoMeteor,WeatherBall,MuddyWater,Protect|||M|||50|,,,,,Stellar]Amoonguss||SitrusBerry|Regenerator|PollenPuff,RagePowder,Spore,Protect|||F|||50|,,,,,Water]Archaludon||PowerHerb|Sturdy|ElectroShot,DragonPulse,FlashCannon,Protect|||M|||50|,,,,,Electric
|showteam|p2|Ursaluna||FlameOrb|Guts|Facade,HeadlongRush,Earthquake,Protect|||M|||50|,,,,,Ghost]Gholdengo||LifeOrb|GoodasGold|MakeItRain,ShadowBall,NastyPlot,Protect||||||50|,,,,,Water]Flamigo||FocusSash|Scrappy|Detect,CloseCombat,WideGuard,DualWingbeat|||F|||50|,,,,,Ghost]Amoonguss||CovertCloak|Regenerator|RagePowder,Spore,PollenPuff,ClearSmog|||M|||50|,,,,,Fairy]Porygon2||Eviolite|Download|TeraBlast,IceBeam,Recover,TrickRoom||||||50|,,,,,Fighting]Incineroar||SafetyGoggles|Intimidate|FlareBlitz,KnockOff,FakeOut,PartingShot|||F|||50|,,,,,Ghost
|inactive|Battle timer is ON: inactive players will automatically lose when time's up. (requested by KChiefs7)
|inactive|blade2049 also wants the timer to be on.
|inactive|blade2049 has 60 seconds left.
|inactive|KChiefs7 has 60 seconds left.
|
|t:|1756835235
|teamsize|p1|4
|teamsize|p2|4
|start
|switch|p1a: Incineroar|Incineroar, L50, F|100/100
|switch|p1b: Archaludon|Archaludon, L50, M|100/100
|switch|p2a: Gholdengo|Gholdengo, L50|100/100
|switch|p2b: Incineroar|Incineroar, L50, F|100/100
|-ability|p2b: Incineroar|Intimidate|boost
|-unboost|p1a: Incineroar|atk|1
|-unboost|p1b: Archaludon|atk|1
|-ability|p1a: Incineroar|Intimidate|boost
|-unboost|p2a: Gholdengo|atk|1
|-unboost|p2b: Incineroar|atk|1
|turn|1
|inactive|blade2049 has 30 seconds left.
|inactive|KChiefs7 has 30 seconds left.
|inactive|KChiefs7 has 20 seconds left.
|inactive|KChiefs7 has 15 seconds left.
|inactive|KChiefs7 has 10 seconds left.
|
|t:|1756835284
|-terastallize|p2b: Incineroar|Ghost
|move|p1b: Archaludon|Electro Shot||[still]
|-prepare|p1b: Archaludon|Electro Shot
|-boost|p1b: Archaludon|spa|1
|-enditem|p1b: Archaludon|Power Herb
|-anim|p1b: Archaludon|Electro Shot|p2a: Gholdengo
|-damage|p2a: Gholdengo|25/100
|move|p2a: Gholdengo|Nasty Plot|p2a: Gholdengo
|-boost|p2a: Gholdengo|spa|2
|move|p2b: Incineroar|Flare Blitz|p1b: Archaludon
|-damage|p1b: Archaludon|70/100
|-damage|p2b: Incineroar|92/100|[from] Recoil
|move|p1a: Incineroar|Knock Off|p2a: Gholdengo
|-supereffective|p2a: Gholdengo
|-damage|p2a: Gholdengo|0 fnt
|-enditem|p2a: Gholdengo|Life Orb|[from] move: Knock Off|[of] p1a: Incineroar
|faint|p2a: Gholdengo
|
|upkeep
|
|t:|1756835305
|switch|p2a: Ursaluna|Ursaluna, L50, M|100/100
|turn|2
|inactive|KChiefs7 has 30 seconds left.
|
|t:|1756835344
|switch|p1b: Politoed|Politoed, L50, M, shiny|100/100
|-weather|RainDance|[from] ability: Drizzle|[of] p1b: Politoed
|move|p2a: Ursaluna|Protect|p2a: Ursaluna
|-singleturn|p2a: Ursaluna|Protect
|move|p2b: Incineroar|Parting Shot|p1b: Politoed
|-unboost|p1b: Politoed|atk|1
|-unboost|p1b: Politoed|spa|1
|
|t:|1756835352
|switch|p2b: Porygon2|Porygon2, L50|100/100|[from] Parting Shot
|-ability|p2b: Porygon2|Download|boost
|-boost|p2b: Porygon2|atk|1
|move|p1a: Incineroar|Knock Off|p2a: Ursaluna
|-activate|p2a: Ursaluna|move: Protect
|
|-weather|RainDance|[upkeep]
|-status|p2a: Ursaluna|brn|[from] item: Flame Orb
|upkeep
|turn|3
|
|t:|1756835376
|switch|p2a: Incineroar|Incineroar, L50, F, tera:Ghost|92/100
|-ability|p2a: Incineroar|Intimidate|boost
|-unboost|p1a: Incineroar|atk|1
|-unboost|p1b: Politoed|atk|1
|move|p1b: Politoed|Perish Song|p1b: Politoed
|-start|p1a: Incineroar|perish3|[silent]
|-start|p1b: Politoed|perish3|[silent]
|-start|p2a: Incineroar|perish3|[silent]
|-start|p2b: Porygon2|perish3|[silent]
|-fieldactivate|move: Perish Song
|move|p1a: Incineroar|Parting Shot|p2a: Incineroar
|-unboost|p2a: Incineroar|atk|1
|-unboost|p2a: Incineroar|spa|1
|
|t:|1756835395
|switch|p1a: Gothitelle|Gothitelle, L50, F, shiny|100/100|[from] Parting Shot
|move|p2b: Porygon2|Trick Room|p2b: Porygon2
|-fieldstart|move: Trick Room|[of] p2b: Porygon2
|
|-weather|RainDance|[upkeep]
|-start|p2b: Porygon2|perish3
|-start|p1b: Politoed|perish3
|-start|p2a: Incineroar|perish3
|upkeep
|turn|4
|inactive|blade2049 has 30 seconds left.
|inactive|KChiefs7 has 30 seconds left.
|inactive|blade2049 has 20 seconds left.
|inactive|KChiefs7 has 20 seconds left.
|inactive|KChiefs7 has 15 seconds left.
|
|t:|1756835439
|move|p1a: Gothitelle|Protect|p1a: Gothitelle
|-singleturn|p1a: Gothitelle|Protect
|move|p1b: Politoed|Protect|p1b: Politoed
|-singleturn|p1b: Politoed|Protect
|move|p2b: Porygon2|Tera Blast|p1a: Gothitelle
|-activate|p1a: Gothitelle|move: Protect
|move|p2a: Incineroar|Parting Shot|p1a: Gothitelle
|-activate|p1a: Gothitelle|move: Protect
|
|-weather|RainDance|[upkeep]
|-start|p2b: Porygon2|perish2
|-start|p1b: Politoed|perish2
|-start|p2a: Incineroar|perish2
|upkeep
|turn|5
|inactive|blade2049 has 30 seconds left.
|inactive|KChiefs7 has 30 seconds left.
|inactive|blade2049 has 20 seconds left.
|inactive|blade2049 has 15 seconds left.
|inactive|blade2049 has 10 seconds left.
|
|t:|1756835487
|move|p2b: Porygon2|Ice Beam|p1a: Gothitelle
|-damage|p1a: Gothitelle|75/100
|move|p1a: Gothitelle|Psychic|p2a: Incineroar
|-damage|p2a: Incineroar|65/100
|move|p1b: Politoed|Weather Ball|p2a: Incineroar
|-damage|p2a: Incineroar|34/100
|move|p2a: Incineroar|Parting Shot|p1b: Politoed
|-unboost|p1b: Politoed|atk|1
|-unboost|p1b: Politoed|spa|1
|
|t:|1756835497
|switch|p2a: Ursaluna|Ursaluna, L50, M|100/100 brn|[from] Parting Shot
|
|-weather|RainDance|[upkeep]
|-heal|p1a: Gothitelle|81/100|[from] item: Leftovers
|-damage|p2a: Ursaluna|95/100 brn|[from] brn
|-start|p2b: Porygon2|perish1
|-start|p1b: Politoed|perish1
|upkeep
|turn|6
|inactive|KChiefs7 has 30 seconds left.
|inactive|KChiefs7 has 20 seconds left.
|inactive|KChiefs7 has 15 seconds left.
|inactive|KChiefs7 has 10 seconds left.
|
|t:|1756835546
|move|p2a: Ursaluna|Protect|p2a: Ursaluna
|-singleturn|p2a: Ursaluna|Protect
|move|p1a: Gothitelle|Protect|p1a: Gothitelle
|-singleturn|p1a: Gothitelle|Protect
|move|p1b: Politoed|Protect|p1b: Politoed
|-singleturn|p1b: Politoed|Protect
|move|p2b: Porygon2|Tera Blast|p1b: Politoed
|-activate|p1b: Politoed|move: Protect
|
|-weather|none
|-heal|p1a: Gothitelle|87/100|[from] item: Leftovers
|-damage|p2a: Ursaluna|89/100 brn|[from] brn
|-start|p2b: Porygon2|perish0
|-start|p1b: Politoed|perish0
|faint|p2b: Porygon2
|faint|p1b: Politoed
|upkeep
|
|t:|1756835567
|switch|p2b: Incineroar|Incineroar, L50, F, tera:Ghost|34/100
|switch|p1b: Incineroar|Incineroar, L50, F|100/100
|-ability|p1b: Incineroar|Intimidate|boost
|-unboost|p2a: Ursaluna|atk|1
|-unboost|p2b: Incineroar|atk|1
|-ability|p2b: Incineroar|Intimidate|boost
|-unboost|p1a: Gothitelle|atk|1
|-unboost|p1b: Incineroar|atk|1
|turn|7
|inactive|blade2049 has 30 seconds left.
|inactive|KChiefs7 has 30 seconds left.
|inactive|blade2049 has 20 seconds left.
|
|t:|1756835607
|move|p2b: Incineroar|Fake Out|p1a: Gothitelle
|-damage|p1a: Gothitelle|80/100
|move|p2a: Ursaluna|Earthquake|p1a: Gothitelle|[spread] p2b,p1a,p1b
|-supereffective|p1b: Incineroar
|-crit|p1b: Incineroar
|-damage|p2b: Incineroar|0 fnt
|-damage|p1a: Gothitelle|41/100
|-damage|p1b: Incineroar|0 fnt
|faint|p2b: Incineroar
|faint|p1b: Incineroar
|cant|p1a: Gothitelle|flinch
|
|-heal|p1a: Gothitelle|47/100|[from] item: Leftovers
|-damage|p2a: Ursaluna|83/100 brn|[from] brn
|-fieldend|move: Trick Room
|upkeep
|
|t:|1756835620
|switch|p1b: Archaludon|Archaludon, L50, M|70/100
|turn|8
|inactive|blade2049 has 30 seconds left.
|inactive|KChiefs7 has 30 seconds left.
|inactive|blade2049 has 20 seconds left.
|
|t:|1756835657
|move|p1b: Archaludon|Dragon Pulse|p2a: Ursaluna
|-damage|p2a: Ursaluna|49/100 brn
|move|p1a: Gothitelle|Psychic|p2a: Ursaluna
|-damage|p2a: Ursaluna|24/100 brn
|move|p2a: Ursaluna|Earthquake|p1b: Archaludon|[spread] p1a,p1b
|-supereffective|p1b: Archaludon
|-damage|p1a: Gothitelle|11/100
|-damage|p1b: Archaludon|0 fnt
|faint|p1b: Archaludon
|
|-heal|p1a: Gothitelle|17/100|[from] item: Leftovers
|-damage|p2a: Ursaluna|18/100 brn|[from] brn
|upkeep
|turn|9
|
|t:|1756835677
|move|p1a: Gothitelle|Psychic|p2a: Ursaluna
|-damage|p2a: Ursaluna|0 fnt
|faint|p2a: Ursaluna
|
|win|blade2049
||KChiefs7 is ready for game 2.
||blade2049 is ready for game 2.
|uhtml|next|Next: Game 2 of 3
