|j|☆M0ckingEJ
|j|☆ShdaowForece
|html|M0ckingEJShdaowForece    
|uhtml|bestof|Game 1 of a best-of-3
|t:|1756772689
|gametype|doubles
|player|p1|M0ckingEJ|n|1117
|player|p2|ShdaowForece|lucas|1079
|gen|9
|tier|[Gen 9] VGC 2025 Reg H (Bo3)
|rated|
|rule|Species Clause: Limit one of each Pokémon
|rule|Item Clause: Limit 1 of each item
|clearpoke
|poke|p1|Pelipper, L50, F|
|poke|p1|Overqwil, L50, M|
|poke|p1|Archaludon, L50, F|
|poke|p1|Gastrodon-East, L50, F|
|poke|p1|Sinistcha, L50|
|poke|p1|Ursaluna, L50, M|
|poke|p2|Gholdengo, L50|
|poke|p2|Incineroar, L50, F|
|poke|p2|Rillaboom, L50, F|
|poke|p2|Dragonite, L50, M|
|poke|p2|Sneasler, L50, F|
|poke|p2|Whimsicott, L50, M|
|teampreview|4
|showteam|p1|Pelipper||CovertCloak|Drizzle|Hurricane,WeatherBall,Tailwind,Protect|||F|||50|,,,,,Stellar]Overqwil||LifeOrb|SwiftSwim|ThroatChop,Liquidation,GunkShot,Haze|||M|||50|,,,,,Water]Archaludon||AssaultVest|Stamina|DracoMeteor,ElectroShot,FlashCannon,BodyPress|||F|||50|,,,,,Bug]Gastrodon-East||Leftovers|StormDrain|Protect,EarthPower,MuddyWater,HelpingHand|||F|||50|,,,,,Fire]Sinistcha||SitrusBerry|Hospitality|MatchaGotcha,ShadowBall,LifeDew,Protect||||||50|,,,,,Fire]Ursaluna||FlameOrb|Guts|Earthquake,Facade,Protect,HeadlongRush|||M|||50|,,,,,Poison
|showteam|p2|Gholdengo||Leftovers|GoodasGold|MakeItRain,ShadowBall,NastyPlot,Protect||||||50|,,,,,Steel]Incineroar||SitrusBerry|Intimidate|FlareBlitz,KnockOff,FakeOut,PartingShot|||F|||50|,,,,,Grass]Rillaboom||AssaultVest|GrassySurge|WoodHammer,FakeOut,GrassyGlide,HighHorsepower|||F|||50|,,,,,Water]Dragonite||ChoiceBand|InnerFocus|ExtremeSpeed,Outrage,StompingTantrum,IceSpinner|||M|||50|,,,,,Normal]Sneasler||WhiteHerb|Unburden|CloseCombat,DireClaw,Coaching,Protect|||F|||50|,,,,,Stellar]Whimsicott||CovertCloak|Prankster|Moonblast,Tailwind,Encore,FakeTears|||M|||50|,,,,,Poison
|
|t:|1756772746
|teamsize|p1|4
|teamsize|p2|4
|start
|switch|p1a: Pelipper|Pelipper, L50, F, shiny|100/100
|switch|p1b: Archaludon|Archaludon, L50, F, shiny|100/100
|switch|p2a: Gholdengo|Gholdengo, L50|100/100
|switch|p2b: Incineroar|Incineroar, L50, F|100/100
|-weather|RainDance|[from] ability: Drizzle|[of] p1a: Pelipper
|-ability|p2b: Incineroar|Intimidate|boost
|-unboost|p1a: Pelipper|atk|1
|-unboost|p1b: Archaludon|atk|1
|turn|1
|
|t:|1756772779
|move|p2b: Incineroar|Fake Out|p1b: Archaludon
|-resisted|p1b: Archaludon
|-damage|p1b: Archaludon|96/100
|-ability|p1b: Archaludon|Stamina|boost
|-boost|p1b: Archaludon|def|1
|move|p2a: Gholdengo|Nasty Plot|p2a: Gholdengo
|-boost|p2a: Gholdengo|spa|2
|cant|p1b: Archaludon|flinch
|move|p1a: Pelipper|Tailwind|p1a: Pelipper
|-sidestart|p1: M0ckingEJ|move: Tailwind
|
|-weather|RainDance|[upkeep]
|upkeep
|turn|2
|
|t:|1756772814
|move|p2a: Gholdengo|Protect|p2a: Gholdengo
|-singleturn|p2a: Gholdengo|Protect
|move|p1b: Archaludon|Electro Shot||[still]
|-prepare|p1b: Archaludon|Electro Shot
|-boost|p1b: Archaludon|spa|1
|-anim|p1b: Archaludon|Electro Shot|p2a: Gholdengo
|-activate|p2a: Gholdengo|move: Protect
|move|p1a: Pelipper|Weather Ball|p2b: Incineroar
|-supereffective|p2b: Incineroar
|-damage|p2b: Incineroar|0 fnt
|faint|p2b: Incineroar
|
|-weather|RainDance|[upkeep]
|upkeep
|
|t:|1756772829
|switch|p2b: Whimsicott|Whimsicott, L50, M|100/100
|turn|3
|
|t:|1756772859
|-terastallize|p2b: Whimsicott|Poison
|move|p2b: Whimsicott|Tailwind|p2b: Whimsicott
|-sidestart|p2: ShdaowForece|move: Tailwind
|move|p2a: Gholdengo|Shadow Ball|p1b: Archaludon
|-damage|p1b: Archaludon|32/100
|-ability|p1b: Archaludon|Stamina|boost
|-boost|p1b: Archaludon|def|1
|move|p1b: Archaludon|Draco Meteor|p2a: Gholdengo
|-resisted|p2a: Gholdengo
|-damage|p2a: Gholdengo|48/100
|-unboost|p1b: Archaludon|spa|2
|move|p1a: Pelipper|Hurricane|p2b: Whimsicott
|-damage|p2b: Whimsicott|45/100
|
|-weather|RainDance|[upkeep]
|-heal|p2a: Gholdengo|54/100|[from] item: Leftovers
|upkeep
|turn|4
|
|t:|1756772885
|move|p1a: Pelipper|Protect|p1a: Pelipper
|-singleturn|p1a: Pelipper|Protect
|move|p2b: Whimsicott|Fake Tears|p1b: Archaludon
|-unboost|p1b: Archaludon|spd|2
|move|p2a: Gholdengo|Make It Rain|p1a: Pelipper|[spread] p1b
|-activate|p1a: Pelipper|move: Protect
|-resisted|p1b: Archaludon
|-damage|p1b: Archaludon|0 fnt
|-unboost|p2a: Gholdengo|spa|1
|faint|p1b: Archaludon
|
|-weather|RainDance|[upkeep]
|-heal|p2a: Gholdengo|60/100|[from] item: Leftovers
|-sideend|p1: M0ckingEJ|move: Tailwind
|upkeep
|
|t:|1756772899
|switch|p1b: Overqwil|Overqwil, L50, M, shiny|100/100
|turn|5
|
|t:|1756772912
|move|p2a: Gholdengo|Protect|p2a: Gholdengo
|-singleturn|p2a: Gholdengo|Protect
|move|p2b: Whimsicott|Encore|p1a: Pelipper
|-start|p1a: Pelipper|Encore
|move|p1b: Overqwil|Haze|p1b: Overqwil
|-clearallboost
|move|p1a: Pelipper|Protect||[still]
|-fail|p1a: Pelipper
|
|-weather|none
|-heal|p2a: Gholdengo|66/100|[from] item: Leftovers
|upkeep
|turn|6
|
|t:|1756772932
|switch|p1a: Gastrodon|Gastrodon-East, L50, F, shiny|100/100
|move|p2b: Whimsicott|Moonblast|p1b: Overqwil
|-damage|p1b: Overqwil|61/100
|-unboost|p1b: Overqwil|spa|1
|move|p2a: Gholdengo|Make It Rain|p1b: Overqwil|[spread] p1a,p1b
|-resisted|p1a: Gastrodon
|-damage|p1a: Gastrodon|75/100
|-damage|p1b: Overqwil|0 fnt
|-unboost|p2a: Gholdengo|spa|1
|faint|p1b: Overqwil
|
|-heal|p2a: Gholdengo|73/100|[from] item: Leftovers
|-heal|p1a: Gastrodon|81/100|[from] item: Leftovers
|-sideend|p2: ShdaowForece|move: Tailwind
|upkeep
|
|t:|1756772938
|switch|p1b: Pelipper|Pelipper, L50, F, shiny|100/100
|-weather|RainDance|[from] ability: Drizzle|[of] p1b: Pelipper
|turn|7
|
|t:|1756772961
|move|p2b: Whimsicott|Fake Tears|p1a: Gastrodon
|-unboost|p1a: Gastrodon|spd|2
|move|p2a: Gholdengo|Shadow Ball|p1a: Gastrodon
|-damage|p1a: Gastrodon|29/100
|move|p1b: Pelipper|Weather Ball|p1a: Gastrodon
|-activate|p1a: Gastrodon|ability: Storm Drain
|-ability|p1a: Gastrodon|Storm Drain|boost
|-boost|p1a: Gastrodon|spa|1
|move|p1a: Gastrodon|Earth Power|p2a: Gholdengo
|-supereffective|p2a: Gholdengo
|-damage|p2a: Gholdengo|0 fnt
|faint|p2a: Gholdengo
|
|-weather|RainDance|[upkeep]
|-heal|p1a: Gastrodon|35/100|[from] item: Leftovers
|upkeep
|
|t:|1756772967
|switch|p2a: Sneasler|Sneasler, L50, F|100/100
|turn|8
|
|t:|1756773020
|-terastallize|p1a: Gastrodon|Fire
|move|p2a: Sneasler|Protect|p2a: Sneasler
|-singleturn|p2a: Sneasler|Protect
|move|p2b: Whimsicott|Moonblast|p1a: Gastrodon
|-resisted|p1a: Gastrodon
|-damage|p1a: Gastrodon|6/100
|-unboost|p1a: Gastrodon|spa|1
|move|p1b: Pelipper|Hurricane|p2a: Sneasler
|-activate|p2a: Sneasler|move: Protect
|move|p1a: Gastrodon|Muddy Water|p2a: Sneasler|[spread] p2b
|-activate|p2a: Sneasler|move: Protect
|-damage|p2b: Whimsicott|0 fnt
|faint|p2b: Whimsicott
|
|-weather|RainDance|[upkeep]
|-heal|p1a: Gastrodon|13/100|[from] item: Leftovers
|upkeep
|turn|9
|
|t:|1756773041
|move|p1a: Gastrodon|Protect|p1a: Gastrodon
|-singleturn|p1a: Gastrodon|Protect
|move|p2a: Sneasler|Dire Claw|p1b: Pelipper
|-damage|p1b: Pelipper|53/100
|move|p1b: Pelipper|Tailwind|p1b: Pelipper
|-sidestart|p1: M0ckingEJ|move: Tailwind
|
|-weather|RainDance|[upkeep]
|-heal|p1a: Gastrodon|19/100|[from] item: Leftovers
|upkeep
|turn|10
|
|t:|1756773055
|move|p1a: Gastrodon|Helping Hand|p1b: Pelipper
|-singleturn|p1b: Pelipper|Helping Hand|[of] p1a: Gastrodon
|move|p1b: Pelipper|Hurricane|p2a: Sneasler
|-supereffective|p2a: Sneasler
|-damage|p2a: Sneasler|0 fnt
|faint|p2a: Sneasler
|
|win|M0ckingEJ
||ShdaowForece is ready for game 2.
||M0ckingEJ is ready for game 2.
|uhtml|next|Next: Game 2 of 3
|l|☆ShdaowForece
|player|p2|
