|j|☆thisisaladderteam
|j|☆x5414
|html|thisisaladderteamx5414    
|uhtml|bestof|Game 1 of a best-of-3
|t:|1782458177
|gametype|doubles
|player|p1|thisisaladderteam|guzma|1211
|player|p2|x5414|102|1136
|gen|9
|tier|[Gen 9 Champions] VGC 2026 Reg M-B (Bo3)
|rated|
|rule|Species Clause: Limit one of each Pokémon
|rule|Item Clause: Limit 1 of each item
|clearpoke
|poke|p1|Sceptile, L50, M, shiny|
|poke|p1|Rotom-Heat, L50, shiny|
|poke|p1|Toxapex, L50, M, shiny|
|poke|p1|Incineroar, L50, F, shiny|
|poke|p1|Garchomp, L50, F|
|poke|p1|Gholdengo, L50|
|poke|p2|Pelipper, L50, M|
|poke|p2|Basculegion, L50, M|
|poke|p2|Incineroar, L50, F|
|poke|p2|Raichu, L50, M|
|poke|p2|Scizor, L50, M|
|poke|p2|Sinistcha, L50|
|teampreview|4
|showteam|p1|Sceptile||Sceptilite|Overgrow|Detect,EnergyBall,DragonPulse,EarthPower|Timid||M|||50|]Rotom-Heat||ChoiceScarf|Levitate|Discharge,Electroweb,Overheat,WillOWisp|Timid|||||50|]Toxapex||Leftovers|Regenerator|BanefulBunker,Infestation,Toxic,WideGuard|Bold||M|||50|]Incineroar||SitrusBerry|Intimidate|FakeOut,PartingShot,ThroatChop,FlareBlitz|Careful||F|||50|]Garchomp||LifeOrb|RoughSkin|Protect,RockSlide,Earthquake,DragonClaw|Jolly||F|||50|]Gholdengo||KasibBerry|GoodasGold|Protect,NastyPlot,ShadowBall,MakeItRain|Modest|||||50|
|showteam|p2|Pelipper||FocusSash|Drizzle|Hurricane,Tailwind,WeatherBall,Protect|Timid||M|||50|]Basculegion||ChoiceScarf|Adaptability|FlipTurn,LastRespects,WaveCrash,AquaJet|Jolly||M|||50|]Incineroar||SitrusBerry|Intimidate|FlareBlitz,PartingShot,FakeOut,DarkestLariat|Relaxed||F|||50|]Raichu||RaichuniteY|LightningRod|Encore,FocusBlast,ZapCannon,Protect|Timid||M|||50|]Scizor||Leftovers|Technician|Curse,Protect,BugBite,BulletPunch|Adamant||M|||50|]Sinistcha||OccaBerry|Hospitality|MatchaGotcha,RagePowder,TrickRoom,LifeDew|Sassy|||||50|
|inactive|Battle timer is ON: inactive players will automatically lose when time's up. (requested by thisisaladderteam)
|inactive|thisisaladderteam has 60 seconds left.
|inactive|x5414 has 60 seconds left.
|
|t:|1782458217
|teamsize|p1|4
|teamsize|p2|4
|start
|switch|p1a: Sceptile|Sceptile, L50, M, shiny|100/100
|switch|p1b: Incineroar|Incineroar, L50, F, shiny|100/100
|switch|p2a: Sinistcha|Sinistcha, L50|100/100
|switch|p2b: Incineroar|Incineroar, L50, F|100/100
|-ability|p1b: Incineroar|Intimidate|boost
|-unboost|p2a: Sinistcha|atk|1
|-unboost|p2b: Incineroar|atk|1
|-ability|p2b: Incineroar|Intimidate|boost
|-unboost|p1a: Sceptile|atk|1
|-unboost|p1b: Incineroar|atk|1
|turn|1
|
|t:|1782458235
|detailschange|p1a: Sceptile|Sceptile-Mega, L50, M, shiny
|-mega|p1a: Sceptile|Sceptile|Sceptilite
|move|p1b: Incineroar|Fake Out|p2b: Incineroar
|-damage|p2b: Incineroar|94/100
|move|p1a: Sceptile|Earth Power|p2b: Incineroar
|-supereffective|p2b: Incineroar|1
|-damage|p2b: Incineroar|32/100
|-enditem|p2b: Incineroar|Sitrus Berry|[eat]
|-heal|p2b: Incineroar|56/100|[from] item: Sitrus Berry
|cant|p2b: Incineroar|flinch
|move|p2a: Sinistcha|Trick Room|p2a: Sinistcha
|-fieldstart|move: Trick Room|[of] p2a: Sinistcha
|
|upkeep
|turn|2
|
|t:|1782458250
|move|p1a: Sceptile|Detect|p1a: Sceptile
|-singleturn|p1a: Sceptile|Protect
|move|p2b: Incineroar|Flare Blitz|p1a: Sceptile
|-activate|p1a: Sceptile|move: Protect
|move|p2a: Sinistcha|Matcha Gotcha|p1b: Incineroar|[spread] p1b
|-activate|p1a: Sceptile|move: Protect
|-resisted|p1b: Incineroar|1
|-damage|p1b: Incineroar|91/100
|move|p1b: Incineroar|Parting Shot|p2b: Incineroar
|-unboost|p2b: Incineroar|atk|1
|-unboost|p2b: Incineroar|spa|1
|
|t:|1782458259
|switch|p1b: Toxapex|Toxapex, L50, M, shiny|100/100|[from] Parting Shot
|
|upkeep
|turn|3
|
|t:|1782458268
|switch|p1a: Incineroar|Incineroar, L50, F, shiny|91/100
|-ability|p1a: Incineroar|Intimidate|boost
|-unboost|p2a: Sinistcha|atk|1
|-unboost|p2b: Incineroar|atk|1
|move|p1b: Toxapex|Toxic|p2a: Sinistcha
|-status|p2a: Sinistcha|tox
|move|p2b: Incineroar|Parting Shot|p1a: Incineroar
|-unboost|p1a: Incineroar|atk|1
|-unboost|p1a: Incineroar|spa|1
|
|t:|1782458272
|switch|p2b: Raichu|Raichu, L50, M|100/100|[from] Parting Shot
|move|p2a: Sinistcha|Matcha Gotcha|p1a: Incineroar|[spread] p1a,p1b
|-resisted|p1a: Incineroar|1
|-damage|p1a: Incineroar|81/100
|-damage|p1b: Toxapex|82/100
|
|-heal|p1b: Toxapex|88/100|[from] item: Leftovers
|-damage|p2a: Sinistcha|93/100 tox|[from] psn
|upkeep
|turn|4
|
|t:|1782458286
|move|p2b: Raichu|Protect|p2b: Raichu
|-singleturn|p2b: Raichu|Protect
|move|p1a: Incineroar|Fake Out|p2b: Raichu
|-activate|p2b: Raichu|move: Protect
|move|p1b: Toxapex|Toxic|p2b: Raichu
|-activate|p2b: Raichu|move: Protect
|move|p2a: Sinistcha|Matcha Gotcha|p1b: Toxapex|[spread] p1a,p1b
|-resisted|p1a: Incineroar|1
|-damage|p1a: Incineroar|71/100
|-heal|p2a: Sinistcha|100/100 tox|[from] drain|[of] p1a: Incineroar
|-damage|p1b: Toxapex|69/100
|-status|p1b: Toxapex|brn
|
|-heal|p1b: Toxapex|75/100 brn|[from] item: Leftovers
|-damage|p2a: Sinistcha|87/100 tox|[from] psn
|-damage|p1b: Toxapex|69/100 brn|[from] brn
|upkeep
|turn|5
|
|t:|1782458296
|detailschange|p2b: Raichu|Raichu-Mega-Y, L50, M
|-mega|p2b: Raichu|Raichu|Raichunite Y
|move|p2a: Sinistcha|Rage Powder|p2a: Sinistcha
|-singleturn|p2a: Sinistcha|move: Rage Powder
|move|p1b: Toxapex|Toxic|p2a: Sinistcha
|-fail|p2a: Sinistcha|tox
|move|p1a: Incineroar|Parting Shot|p2a: Sinistcha
|-unboost|p2a: Sinistcha|atk|1
|-unboost|p2a: Sinistcha|spa|1
|
|t:|1782458304
|switch|p1a: Sceptile|Sceptile-Mega, L50, M, shiny|100/100|[from] Parting Shot
|move|p2b: Raichu|Focus Blast|p1a: Sceptile
|-damage|p1a: Sceptile|36/100
|
|-heal|p1b: Toxapex|75/100 brn|[from] item: Leftovers
|-damage|p2a: Sinistcha|69/100 tox|[from] psn
|-damage|p1b: Toxapex|69/100 brn|[from] brn
|-fieldend|move: Trick Room
|upkeep
|turn|6
|
|t:|1782458314
|move|p2a: Sinistcha|Rage Powder|p2a: Sinistcha
|-singleturn|p2a: Sinistcha|move: Rage Powder
|move|p1a: Sceptile|Dragon Pulse|p2a: Sinistcha
|-damage|p2a: Sinistcha|23/100 tox
|move|p2b: Raichu|Focus Blast|p1a: Sceptile
|-damage|p1a: Sceptile|0 fnt
|faint|p1a: Sceptile
|move|p1b: Toxapex|Infestation|p2a: Sinistcha
|-damage|p2a: Sinistcha|20/100y tox
|-activate|p2a: Sinistcha|move: Infestation|[of] p1b: Toxapex
|
|-heal|p1b: Toxapex|75/100 brn|[from] item: Leftovers
|-damage|p2a: Sinistcha|0 fnt|[from] psn
|faint|p2a: Sinistcha
|-damage|p1b: Toxapex|69/100 brn|[from] brn
|upkeep
|
|t:|1782458322
|switch|p1a: Incineroar|Incineroar, L50, F, shiny|71/100
|switch|p2a: Incineroar|Incineroar, L50, F|56/100
|-ability|p1a: Incineroar|Intimidate|boost
|-unboost|p2a: Incineroar|atk|1
|-unboost|p2b: Raichu|atk|1
|-ability|p2a: Incineroar|Intimidate|boost
|-unboost|p1a: Incineroar|atk|1
|-unboost|p1b: Toxapex|atk|1
|turn|7
|
|t:|1782458336
|-heal|p1b: Toxapex|100/100 brn|[from] ability: Regenerator|[silent]
|switch|p1b: Rotom|Rotom-Heat, L50, shiny|100/100
|move|p2b: Raichu|Protect|p2b: Raichu
|-singleturn|p2b: Raichu|Protect
|move|p1a: Incineroar|Fake Out|p2b: Raichu
|-activate|p2b: Raichu|move: Protect
|move|p2a: Incineroar|Fake Out|p1b: Rotom
|-damage|p1b: Rotom|91/100
|
|upkeep
|turn|8
|
|t:|1782458348
|switch|p2b: Scizor|Scizor, L50, M|100/100
|move|p1b: Rotom|Overheat|p2b: Scizor
|-supereffective|p2b: Scizor|2
|-damage|p2b: Scizor|0 fnt
|-unboost|p1b: Rotom|spa|2
|faint|p2b: Scizor
|move|p1a: Incineroar|Parting Shot|p2a: Incineroar
|-unboost|p2a: Incineroar|atk|1
|-unboost|p2a: Incineroar|spa|1
|
|t:|1782458356
|switch|p1a: Toxapex|Toxapex, L50, M, shiny|100/100 brn|[from] Parting Shot
|move|p2a: Incineroar|Parting Shot|p1b: Rotom
|-unboost|p1b: Rotom|atk|1
|-unboost|p1b: Rotom|spa|1
|
|t:|1782458358
|switch|p2a: Raichu|Raichu-Mega-Y, L50, M|100/100|[from] Parting Shot
|
|-damage|p1a: Toxapex|94/100 brn|[from] brn
|upkeep
|
|t:|1782458359
|switch|p2b: Incineroar|Incineroar, L50, F|56/100
|-ability|p2b: Incineroar|Intimidate|boost
|-unboost|p1a: Toxapex|atk|1
|-unboost|p1b: Rotom|atk|1
|turn|9
|
|t:|1782458380
|switch|p1b: Incineroar|Incineroar, L50, F, shiny|71/100
|-ability|p1b: Incineroar|Intimidate|boost
|-unboost|p2a: Raichu|atk|1
|-unboost|p2b: Incineroar|atk|1
|move|p2a: Raichu|Focus Blast|p1b: Incineroar
|-supereffective|p1b: Incineroar|1
|-damage|p1b: Incineroar|0 fnt
|faint|p1b: Incineroar
|move|p2b: Incineroar|Darkest Lariat|p1a: Toxapex
|-damage|p1a: Toxapex|80/100 brn
|move|p1a: Toxapex|Infestation|p2a: Raichu
|-damage|p2a: Raichu|94/100
|-activate|p2a: Raichu|move: Infestation|[of] p1a: Toxapex
|
|-heal|p1a: Toxapex|85/100 brn|[from] item: Leftovers
|-damage|p1a: Toxapex|80/100 brn|[from] brn
|-damage|p2a: Raichu|82/100|[from] move: Infestation|[partiallytrapped]
|upkeep
|
|t:|1782458394
|switch|p1b: Rotom|Rotom-Heat, L50, shiny|91/100
|turn|10
|
|t:|1782458399
|move|p2a: Raichu|Protect|p2a: Raichu
|-singleturn|p2a: Raichu|Protect
|move|p1b: Rotom|Overheat|p2a: Raichu
|-activate|p2a: Raichu|move: Protect
|move|p2b: Incineroar|Parting Shot|p1b: Rotom
|-unboost|p1b: Rotom|atk|1
|-unboost|p1b: Rotom|spa|1
|move|p1a: Toxapex|Toxic|p2b: Incineroar
|-status|p2b: Incineroar|tox
|
|-heal|p1a: Toxapex|85/100 brn|[from] item: Leftovers
|-damage|p2b: Incineroar|50/100g tox|[from] psn
|-damage|p1a: Toxapex|80/100 brn|[from] brn
|-damage|p2a: Raichu|70/100|[from] move: Infestation|[partiallytrapped]
|upkeep
|turn|11
|
|t:|1782458410
|move|p1a: Toxapex|Baneful Bunker|p1a: Toxapex
|-singleturn|p1a: Toxapex|move: Protect
|move|p1b: Rotom|Overheat|p2a: Raichu
|-damage|p2a: Raichu|8/100
|-unboost|p1b: Rotom|spa|2
|move|p2a: Raichu|Focus Blast|p1b: Rotom
|-damage|p1b: Rotom|34/100
|move|p2b: Incineroar|Darkest Lariat|p1b: Rotom
|-damage|p1b: Rotom|7/100
|
|-heal|p1a: Toxapex|85/100 brn|[from] item: Leftovers
|-damage|p2b: Incineroar|39/100 tox|[from] psn
|-damage|p1a: Toxapex|80/100 brn|[from] brn
|-damage|p2a: Raichu|0 fnt|[from] move: Infestation|[partiallytrapped]
|faint|p2a: Raichu
|upkeep
|turn|12
|-message|x5414 forfeited.
|
|win|thisisaladderteam
