|j|☆fokkos
|j|☆WestyLiam
|html|fokkosWestyLiam    
|uhtml|bestof|Game 3 of a best-of-3
|t:|1784657747
|gametype|doubles
|player|p1|fokkos|2|
|player|p2|WestyLiam|galacticgrunt|
|gen|9
|tier|[Gen 9 Champions] VGC 2026 Reg M-B (Bo3)
|rule|Species Clause: Limit one of each Pokémon
|rule|Item Clause: Limit 1 of each item
|clearpoke
|poke|p1|Sneasler, L50, M|
|poke|p1|Blastoise, L50, M|
|poke|p1|Kingambit, L50, M|
|poke|p1|Incineroar, L50, M|
|poke|p1|Delphox, L50, F|
|poke|p1|Sinistcha, L50|
|poke|p2|Delphox, L50, M|
|poke|p2|Incineroar, L50, M|
|poke|p2|Floette-Eternal, L50, F|
|poke|p2|Kingambit, L50, F|
|poke|p2|Sinistcha, L50|
|poke|p2|Sneasler, L50, F|
|teampreview|4
|showteam|p1|Sneasler||FocusSash|PoisonTouch|PoisonJab,CloseCombat,FakeOut,QuickGuard|Jolly||M|||50|]Blastoise||Blastoisinite|RainDish|DarkPulse,WaterSpout,ShellSmash,Protect|Modest||M|||50|]Kingambit||BlackGlasses|Defiant|KowtowCleave,SuckerPunch,SwordsDance,Protect|Adamant||M|||50|]Incineroar||SitrusBerry|Intimidate|FlareBlitz,HelpingHand,PartingShot,FakeOut|Careful||M|||50|]Delphox||Delphoxite|Blaze|HeatWave,NastyPlot,Psyshock,Protect|Modest||F|||50|]Sinistcha||KasibBerry|Hospitality|MatchaGotcha,RagePowder,TrickRoom,Protect|Bold|||||50|
|showteam|p2|Delphox||Delphoxite|Blaze|HeatWave,Psyshock,NastyPlot,Protect|Timid||M|||50|]Incineroar||SitrusBerry|Intimidate|FlareBlitz,DarkestLariat,FakeOut,PartingShot|Careful||M|||50|]Floette-Eternal||Floettite|FlowerVeil|DazzlingGleam,DrainingKiss,CalmMind,Protect|Bold||F|||50|]Kingambit||BlackGlasses|Defiant|KowtowCleave,SuckerPunch,SwordsDance,Protect|Adamant||F|||50|]Sinistcha||OccaBerry|Hospitality|MatchaGotcha,RagePowder,TrickRoom,Protect|Bold|||||50|]Sneasler||FocusSash|PoisonTouch|CloseCombat,PoisonJab,FakeOut,QuickGuard|Jolly||F|||50|
|inactive|Battle timer is ON: inactive players will automatically lose when time's up. (requested by WestyLiam)
|j| DmanVGC
|j| celaerity
|
|t:|1784657773
|teamsize|p1|4
|teamsize|p2|4
|start
|switch|p1a: Kingambit|Kingambit, L50, M|100/100
|switch|p1b: Incineroar|Incineroar, L50, M|100/100
|switch|p2a: Sinistcha|Sinistcha, L50|100/100
|switch|p2b: Floette|Floette-Eternal, L50, F|100/100
|-ability|p1b: Incineroar|Intimidate|boost
|-block|p2a: Sinistcha|ability: Flower Veil|[of] p2b: Floette
|-unboost|p2b: Floette|atk|1
|turn|1
|
|t:|1784657793
|switch|p2a: Kingambit|Kingambit, L50, F|100/100
|detailschange|p2b: Floette|Floette-Mega, L50, F
|-mega|p2b: Floette|Floette|Floettite
|-ability|p2b: Floette|Fairy Aura
|move|p1b: Incineroar|Fake Out|p2b: Floette
|-damage|p2b: Floette|90/100
|cant|p2b: Floette|flinch
|move|p1a: Kingambit|Swords Dance|p1a: Kingambit
|-boost|p1a: Kingambit|atk|2
|
|upkeep
|turn|2
|j| PokeReplaysVGC
|inactive|fokkos has 30 seconds left.
|
|t:|1784657823
|move|p2b: Floette|Protect|p2b: Floette
|-singleturn|p2b: Floette|Protect
|move|p1b: Incineroar|Flare Blitz|p2a: Kingambit
|-supereffective|p2a: Kingambit|1
|-damage|p2a: Kingambit|36/100
|-damage|p1b: Incineroar|78/100|[from] Recoil
|move|p2a: Kingambit|Swords Dance|p2a: Kingambit
|-boost|p2a: Kingambit|atk|2
|move|p1a: Kingambit|Kowtow Cleave|p2b: Floette
|-activate|p2b: Floette|move: Protect
|
|upkeep
|turn|3
|
|t:|1784657838
|move|p2a: Kingambit|Protect|p2a: Kingambit
|-singleturn|p2a: Kingambit|Protect
|move|p1a: Kingambit|Protect|p1a: Kingambit
|-singleturn|p1a: Kingambit|Protect
|move|p2b: Floette|Dazzling Gleam|p1b: Incineroar|[spread] p1b
|-activate|p1a: Kingambit|move: Protect
|-damage|p1b: Incineroar|42/100
|-enditem|p1b: Incineroar|Sitrus Berry|[eat]
|-heal|p1b: Incineroar|66/100|[from] item: Sitrus Berry
|move|p1b: Incineroar|Flare Blitz|p2a: Kingambit
|-activate|p2a: Kingambit|move: Protect
|
|upkeep
|turn|4
|j| samuroleon
|
|t:|1784657848
|move|p2a: Kingambit|Sucker Punch|p1b: Incineroar
|-resisted|p1b: Incineroar|1
|-damage|p1b: Incineroar|19/100
|move|p2b: Floette|Dazzling Gleam|p1b: Incineroar|[spread] p1a,p1b
|-damage|p1a: Kingambit|68/100
|-damage|p1b: Incineroar|0 fnt
|faint|p1b: Incineroar
|move|p1a: Kingambit|Kowtow Cleave|p2b: Floette
|-resisted|p2b: Floette|1
|-damage|p2b: Floette|49/100
|
|upkeep
|
|t:|1784657867
|switch|p1b: Sneasler|Sneasler, L50, M|100/100
|turn|5
|
|t:|1784657887
|move|p2b: Floette|Protect|p2b: Floette
|-singleturn|p2b: Floette|Protect
|move|p1b: Sneasler|Poison Jab|p2b: Floette
|-activate|p2b: Floette|move: Protect
|move|p2a: Kingambit|Kowtow Cleave|p1b: Sneasler
|-resisted|p1b: Sneasler|1
|-enditem|p1b: Sneasler|Focus Sash
|-damage|p1b: Sneasler|1/100
|move|p1a: Kingambit|Swords Dance|p1a: Kingambit
|-boost|p1a: Kingambit|atk|2
|
|upkeep
|turn|6
|
|t:|1784657901
|switch|p1b: Delphox|Delphox, L50, F|100/100
|move|p2a: Kingambit|Sucker Punch||[still]
|-fail|p2a: Kingambit
|move|p2b: Floette|Dazzling Gleam|p1a: Kingambit|[spread] p1a,p1b
|-resisted|p1b: Delphox|1
|-damage|p1a: Kingambit|34/100
|-damage|p1b: Delphox|80/100
|move|p1a: Kingambit|Kowtow Cleave|p2b: Floette
|-resisted|p2b: Floette|1
|-damage|p2b: Floette|0 fnt
|faint|p2b: Floette
|
|upkeep
|
|t:|1784657913
|switch|p2b: Incineroar|Incineroar, L50, M|100/100
|-ability|p2b: Incineroar|Intimidate|boost
|-unboost|p1a: Kingambit|atk|1
|-ability|p1a: Kingambit|Defiant|boost
|-boost|p1a: Kingambit|atk|2
|-unboost|p1b: Delphox|atk|1
|turn|7
|inactive|fokkos has 30 seconds left.
|inactive|fokkos has 20 seconds left.
|inactive|fokkos has 15 seconds left.
|
|t:|1784657956
|detailschange|p1b: Delphox|Delphox-Mega, L50, F
|-mega|p1b: Delphox|Delphox|Delphoxite
|move|p1b: Delphox|Protect|p1b: Delphox
|-singleturn|p1b: Delphox|Protect
|move|p1a: Kingambit|Protect|p1a: Kingambit
|-singleturn|p1a: Kingambit|Protect
|move|p2a: Kingambit|Sucker Punch||[still]
|-fail|p2a: Kingambit
|move|p2b: Incineroar|Flare Blitz|p1a: Kingambit
|-activate|p1a: Kingambit|move: Protect
|
|upkeep
|turn|8
|j| MeaghanEvolution
|
|t:|1784657972
|move|p2a: Kingambit|Sucker Punch||[still]
|-fail|p2a: Kingambit
|move|p1a: Kingambit|Sucker Punch||[still]
|-fail|p1a: Kingambit
|move|p1b: Delphox|Nasty Plot|p1b: Delphox
|-boost|p1b: Delphox|spa|2
|move|p2b: Incineroar|Flare Blitz|p1a: Kingambit
|-supereffective|p1a: Kingambit|1
|-damage|p1a: Kingambit|0 fnt
|faint|p1a: Kingambit
|-damage|p2b: Incineroar|88/100|[from] Recoil
|
|upkeep
|
|t:|1784657980
|switch|p1a: Sneasler|Sneasler, L50, M|1/100
|turn|9
|
|t:|1784657988
|switch|p2b: Sinistcha|Sinistcha, L50|100/100
|-heal|p2a: Kingambit|60/100|[from] ability: Hospitality|[of] p2b: Sinistcha
|move|p2a: Kingambit|Protect|p2a: Kingambit
|-singleturn|p2a: Kingambit|Protect
|move|p1a: Sneasler|Fake Out|p2a: Kingambit
|-activate|p2a: Kingambit|move: Protect
|move|p1b: Delphox|Heat Wave|p2a: Kingambit|[spread] p2b
|-activate|p2a: Kingambit|move: Protect
|-supereffective|p2b: Sinistcha|1
|-enditem|p2b: Sinistcha|Occa Berry|[eat]
|-enditem|p2b: Sinistcha|Occa Berry|[weaken]
|-damage|p2b: Sinistcha|17/100
|
|upkeep
|turn|10
|
|t:|1784658004
|switch|p2b: Incineroar|Incineroar, L50, M|88/100
|-ability|p2b: Incineroar|Intimidate|boost
|-unboost|p1a: Sneasler|atk|1
|-unboost|p1b: Delphox|atk|1
|move|p2a: Kingambit|Protect||[still]
|-fail|p2a: Kingambit
|move|p1a: Sneasler|Quick Guard|p1a: Sneasler
|-singleturn|p1a: Sneasler|Quick Guard
|move|p1b: Delphox|Heat Wave|p2b: Incineroar|[spread] p2a,p2b
|-supereffective|p2a: Kingambit|1
|-resisted|p2b: Incineroar|1
|-damage|p2a: Kingambit|0 fnt
|-damage|p2b: Incineroar|56/100
|faint|p2a: Kingambit
|
|upkeep
|
|t:|1784658007
|switch|p2a: Sinistcha|Sinistcha, L50|17/100
|-heal|p2b: Incineroar|81/100|[from] ability: Hospitality|[of] p2a: Sinistcha
|turn|11
|inactive|fokkos has 30 seconds left.
|
|t:|1784658036
|move|p2a: Sinistcha|Rage Powder|p2a: Sinistcha
|-singleturn|p2a: Sinistcha|move: Rage Powder
|move|p1a: Sneasler|Poison Jab|p2a: Sinistcha
|-damage|p2a: Sinistcha|0 fnt
|faint|p2a: Sinistcha
|move|p1b: Delphox|Nasty Plot|p1b: Delphox
|-boost|p1b: Delphox|spa|2
|move|p2b: Incineroar|Flare Blitz|p1a: Sneasler
|-damage|p1a: Sneasler|0 fnt
|faint|p1a: Sneasler
|-damage|p2b: Incineroar|80/100|[from] Recoil
|
|upkeep
|turn|12
|
|t:|1784658059
|move|p1b: Delphox|Heat Wave|p2b: Incineroar
|-resisted|p2b: Incineroar|1
|-damage|p2b: Incineroar|16/100
|-enditem|p2b: Incineroar|Sitrus Berry|[eat]
|-heal|p2b: Incineroar|41/100|[from] item: Sitrus Berry
|move|p2b: Incineroar|Darkest Lariat|p1b: Delphox
|-supereffective|p1b: Delphox|1
|-damage|p1b: Delphox|1/100
|
|upkeep
|turn|13
|
|t:|1784658066
|move|p1b: Delphox|Heat Wave|p2b: Incineroar
|-resisted|p2b: Incineroar|1
|-damage|p2b: Incineroar|0 fnt
|faint|p2b: Incineroar
|
|win|fokkos
|c|☆fokkos|ggwp
|l|☆WestyLiam
|player|p2|
|l| samuroleon
|l| PokeReplaysVGC
