|j|☆niziulove
|j|☆Nails
|html|niziuloveNails    
|uhtml|bestof|Game 1 of a best-of-3
|t:|1783725308
|gametype|doubles
|player|p1|niziulove|nessa-masters|
|player|p2|Nails|#scl2terrors|
|gen|9
|tier|[Gen 9 Champions] VGC 2026 Reg M-B (Bo3)
|rule|Species Clause: Limit one of each Pokémon
|rule|Item Clause: Limit 1 of each item
|clearpoke
|poke|p1|Incineroar, L50, F, shiny|
|poke|p1|Sinistcha, L50|
|poke|p1|Malamar, L50, F, shiny|
|poke|p1|Maushold-Four, L50|
|poke|p1|Vivillon-Fancy, L50, M, shiny|
|poke|p1|Toxapex, L50, F, shiny|
|poke|p2|Sinistcha, L50|
|poke|p2|Floette-Eternal, L50, F|
|poke|p2|Sneasler, L50, M|
|poke|p2|Incineroar, L50, F|
|poke|p2|Blastoise, L50, M|
|poke|p2|Kingambit, L50, M|
|teampreview|4
|showteam|p1|Incineroar||SitrusBerry|Intimidate|FakeOut,FlareBlitz,ThroatChop,PartingShot|Careful||F|||50|]Sinistcha||KasibBerry|Hospitality|Protect,MatchaGotcha,RagePowder,LifeDew|Bold|||||50|]Malamar||Malamarite|Contrary|Superpower,StoredPower,Protect,Rest|Quiet||F|||50|]Maushold-Four||FocusSash|FriendGuard|FollowMe,Protect,Tickle,FakeTears|Jolly|||||50|]Vivillon-Fancy||ChoiceScarf|CompoundEyes|SleepPowder,Hurricane,Tailwind,PollenPuff|Timid||M|||50|]Toxapex||Leftovers|Regenerator|Toxic,Infestation,WideGuard,BanefulBunker|Bold||F|||50|
|showteam|p2|Sinistcha||OccaBerry|Hospitality|MatchaGotcha,TrickRoom,RagePowder,Protect|Relaxed|||||50|]Floette-Eternal||Floettite|FlowerVeil|DazzlingGleam,DrainingKiss,CalmMind,Protect|Modest||F|||50|]Sneasler||FocusSash|PoisonTouch|CloseCombat,DireClaw,FakeOut,Protect|Jolly||M|||50|]Incineroar||SitrusBerry|Intimidate|FlareBlitz,FakeOut,HelpingHand,PartingShot|Impish||F|||50|]Blastoise||Blastoisinite|RainDish|WaterSpout,DarkPulse,ShellSmash,Protect|Modest||M|||50|]Kingambit||LifeOrb|Defiant|KowtowCleave,SuckerPunch,SwordsDance,Protect|Adamant||M|||50|
|c|☆Nails|hf
|j|+Howkings
|j| thacrow
|j| Feyette
|j| slitherwingfan6
|c|☆niziulove|u2!
|j| kunal
|j| FBIsurveillanceman
|l| slitherwingfan6
|l| FBIsurveillanceman
|j| damnwheresheat
|j| YOASOBI stan
|j| PqlarBear
|j| Galahad Excalibur
|j| Um Dafuq
|j| minamisimp
|j| ally switch andy
|j| Finabas
|j| FBIsurveillanceman
|l| Finabas
|j| Vikram chan
|l| FBIsurveillanceman
|
|t:|1783725452
|teamsize|p1|4
|teamsize|p2|4
|start
|switch|p1a: Vivillon|Vivillon-Fancy, L50, M, shiny|100/100
|switch|p1b: Toxapex|Toxapex, L50, F, shiny|100/100
|switch|p2a: Sneasler|Sneasler, L50, M|100/100
|switch|p2b: Floette|Floette-Eternal, L50, F|100/100
|turn|1
|l| YOASOBI stan
|j| YOASOBI stan
|j| FBIsurveillanceman
|j| kidturtle
|j| xmarsh
|j| A Regu1ar Guy
|j| Mogo
|
|t:|1783725496
|detailschange|p2b: Floette|Floette-Mega, L50, F
|-mega|p2b: Floette|Floette|Floettite
|-ability|p2b: Floette|Fairy Aura
|move|p2a: Sneasler|Fake Out|p1b: Toxapex
|-damage|p1b: Toxapex|91/100
|move|p1a: Vivillon|Sleep Powder|p2b: Floette
|-status|p2b: Floette|slp|[from] move: Sleep Powder
|cant|p2b: Floette|slp
|cant|p1b: Toxapex|flinch
|
|-heal|p1b: Toxapex|96/100|[from] item: Leftovers
|upkeep
|turn|2
|l| kidturtle
|l| xmarsh
|l| A Regu1ar Guy
|l| Galahad Excalibur
|
|t:|1783725562
|switch|p1a: Maushold|Maushold-Four, L50|100/100
|move|p2a: Sneasler|Close Combat|p1a: Maushold
|-supereffective|p1a: Maushold|1
|-enditem|p1a: Maushold|Focus Sash
|-damage|p1a: Maushold|1/100
|-unboost|p2a: Sneasler|def|1
|-unboost|p2a: Sneasler|spd|1
|cant|p2b: Floette|slp
|move|p1b: Toxapex|Infestation|p2b: Floette
|-resisted|p2b: Floette|1
|-damage|p2b: Floette|98/100 slp
|-activate|p2b: Floette|move: Infestation|[of] p1b: Toxapex
|
|-heal|p1b: Toxapex|100/100|[from] item: Leftovers
|-damage|p2b: Floette|86/100 slp|[from] move: Infestation|[partiallytrapped]
|upkeep
|turn|3
|j| Finabas
|l| Finabas
|j| kidturtle
|
|t:|1783725596
|move|p1a: Maushold|Protect|p1a: Maushold
|-singleturn|p1a: Maushold|Protect
|move|p2a: Sneasler|Dire Claw|p1b: Toxapex
|-resisted|p1b: Toxapex|1
|-damage|p1b: Toxapex|89/100
|-curestatus|p2b: Floette|slp|[msg]
|move|p2b: Floette|Calm Mind|p2b: Floette
|-boost|p2b: Floette|spa|1
|-boost|p2b: Floette|spd|1
|move|p1b: Toxapex|Toxic|p2b: Floette
|-status|p2b: Floette|tox
|
|-heal|p1b: Toxapex|94/100|[from] item: Leftovers
|-damage|p2b: Floette|80/100 tox|[from] psn
|-damage|p2b: Floette|68/100 tox|[from] move: Infestation|[partiallytrapped]
|upkeep
|turn|4
|j| SeaWolfMikes
|j| Finabas
|l| FBIsurveillanceman
|
|t:|1783725646
|switch|p2a: Sinistcha|Sinistcha, L50|100/100
|-heal|p2b: Floette|93/100 tox|[from] ability: Hospitality|[of] p2a: Sinistcha
|move|p1a: Maushold|Tickle|p2b: Floette
|-unboost|p2b: Floette|atk|1
|-unboost|p2b: Floette|def|1
|move|p2b: Floette|Dazzling Gleam|p1a: Maushold|[spread] p1a,p1b
|-resisted|p1b: Toxapex|1
|-damage|p1a: Maushold|0 fnt
|-damage|p1b: Toxapex|75/100
|faint|p1a: Maushold
|move|p1b: Toxapex|Infestation|p2a: Sinistcha
|-damage|p2a: Sinistcha|96/100
|-activate|p2a: Sinistcha|move: Infestation|[of] p1b: Toxapex
|
|-heal|p1b: Toxapex|80/100|[from] item: Leftovers
|-damage|p2b: Floette|82/100 tox|[from] psn
|-damage|p2b: Floette|69/100 tox|[from] move: Infestation|[partiallytrapped]
|-damage|p2a: Sinistcha|84/100|[from] move: Infestation|[partiallytrapped]
|upkeep
|j| FBIsurveillanceman
|j| RK_pocoyo
|j| mbladderisdead
|
|t:|1783725669
|switch|p1a: Vivillon|Vivillon-Fancy, L50, M, shiny|100/100
|turn|5
|l| Finabas
|
|t:|1783725697
|switch|p2a: Incineroar|Incineroar, L50, F|100/100
|-ability|p2a: Incineroar|Intimidate|boost
|-unboost|p1a: Vivillon|atk|1
|-unboost|p1b: Toxapex|atk|1
|move|p1a: Vivillon|Hurricane|p2b: Floette
|-damage|p2b: Floette|48/100 tox
|move|p2b: Floette|Draining Kiss|p1a: Vivillon
|-damage|p1a: Vivillon|10/100
|-heal|p2b: Floette|100/100 tox|[from] drain|[of] p1a: Vivillon
|move|p1b: Toxapex|Toxic|p2a: Incineroar
|-status|p2a: Incineroar|tox
|
|-heal|p1b: Toxapex|86/100|[from] item: Leftovers
|-damage|p2b: Floette|82/100 tox|[from] psn
|-damage|p2a: Incineroar|94/100 tox|[from] psn
|-damage|p2b: Floette|70/100 tox|[from] move: Infestation|[partiallytrapped]
|upkeep
|turn|6
|l| PqlarBear
|j| Finabas
|l| Finabas
|
|t:|1783725751
|move|p1a: Vivillon|Hurricane|p2b: Floette
|-damage|p2b: Floette|50/100g tox
|-start|p2b: Floette|confusion
|-activate|p2b: Floette|confusion
|move|p2b: Floette|Draining Kiss|p1a: Vivillon
|-damage|p1a: Vivillon|0 fnt
|-heal|p2b: Floette|58/100 tox|[from] drain|[of] p1a: Vivillon
|faint|p1a: Vivillon
|move|p2a: Incineroar|Parting Shot|p1b: Toxapex
|-unboost|p1b: Toxapex|atk|1
|-unboost|p1b: Toxapex|spa|1
|j| Galahad Excalibur
|
|t:|1783725755
|switch|p2a: Sinistcha|Sinistcha, L50|84/100|[from] Parting Shot
|-heal|p2b: Floette|83/100 tox|[from] ability: Hospitality|[of] p2a: Sinistcha
|move|p1b: Toxapex|Infestation|p2a: Sinistcha
|-damage|p2a: Sinistcha|82/100
|-activate|p2a: Sinistcha|move: Infestation|[of] p1b: Toxapex
|
|-heal|p1b: Toxapex|92/100|[from] item: Leftovers
|-damage|p2b: Floette|60/100 tox|[from] psn
|-damage|p2b: Floette|48/100 tox|[from] move: Infestation|[partiallytrapped]
|-damage|p2a: Sinistcha|69/100|[from] move: Infestation|[partiallytrapped]
|upkeep
|
|t:|1783725765
|switch|p1a: Malamar|Malamar, L50, F, shiny|100/100
|turn|7
|j| Finabas
|j| W SMOKING
|
|t:|1783725796
|switch|p2a: Sneasler|Sneasler, L50, M|100/100
|detailschange|p1a: Malamar|Malamar-Mega, L50, F, shiny
|-mega|p1a: Malamar|Malamar|Malamarite
|-activate|p2b: Floette|confusion
|-damage|p2b: Floette|40/100 tox|[from] confusion
|move|p1a: Malamar|Superpower|p2b: Floette
|-resisted|p2b: Floette|1
|-damage|p2b: Floette|19/100 tox
|-boost|p1a: Malamar|atk|1
|-boost|p1a: Malamar|def|1
|move|p1b: Toxapex|Infestation|p2b: Floette
|-resisted|p2b: Floette|1
|-damage|p2b: Floette|19/100 tox
|
|-heal|p1b: Toxapex|98/100|[from] item: Leftovers
|-damage|p2b: Floette|0 fnt|[from] psn
|faint|p2b: Floette
|upkeep
|
|t:|1783725806
|switch|p2b: Sinistcha|Sinistcha, L50|69/100
|turn|8
|l| Finabas
|j|+Radio Free C-Side
|j| Robyn
|j| danielmarcelo
|
|t:|1783725841
|move|p1a: Malamar|Protect|p1a: Malamar
|-singleturn|p1a: Malamar|Protect
|move|p2a: Sneasler|Fake Out|p1a: Malamar
|-activate|p1a: Malamar|move: Protect
|move|p2b: Sinistcha|Matcha Gotcha|p1b: Toxapex|[spread] p1b
|-activate|p1a: Malamar|move: Protect
|-damage|p1b: Toxapex|78/100
|-heal|p2b: Sinistcha|78/100|[from] drain|[of] p1b: Toxapex
|move|p1b: Toxapex|Infestation|p2a: Sneasler
|-resisted|p2a: Sneasler|2
|-damage|p2a: Sneasler|99/100
|-activate|p2a: Sneasler|move: Infestation|[of] p1b: Toxapex
|
|-heal|p1b: Toxapex|84/100|[from] item: Leftovers
|-damage|p2a: Sneasler|87/100|[from] move: Infestation|[partiallytrapped]
|upkeep
|turn|9
|j| Finabas
|j| NJ11VGC
|j| vrocehpalon
|l| Finabas
|j| dangernoodlevgc
|
|t:|1783725881
|move|p2b: Sinistcha|Rage Powder|p2b: Sinistcha
|-singleturn|p2b: Sinistcha|move: Rage Powder
|move|p2a: Sneasler|Dire Claw|p1a: Malamar
|-damage|p1a: Malamar|70/100
|-status|p1a: Malamar|psn|[from] ability: Poison Touch|[of] p2a: Sneasler
|move|p1a: Malamar|Stored Power|p2b: Sinistcha
|-damage|p2b: Sinistcha|48/100
|move|p1b: Toxapex|Toxic|p2b: Sinistcha
|-status|p2b: Sinistcha|tox
|
|-heal|p1b: Toxapex|90/100|[from] item: Leftovers
|-damage|p1a: Malamar|58/100 psn|[from] psn
|-damage|p2b: Sinistcha|42/100 tox|[from] psn
|-damage|p2a: Sneasler|74/100|[from] move: Infestation|[partiallytrapped]
|upkeep
|turn|10
|j| TabuVGC
|l| damnwheresheat
|l| Robyn
|l| FBIsurveillanceman
|j| Robyn
|j| gamertag1001if
|l| Robyn
|j| FBIsurveillanceman
|
|t:|1783725926
|switch|p2b: Incineroar|Incineroar, L50, F|94/100 tox
|-ability|p2b: Incineroar|Intimidate|boost
|-boost|p1a: Malamar|atk|1
|-unboost|p1b: Toxapex|atk|1
|move|p2a: Sneasler|Close Combat|p1a: Malamar
|-crit|p1a: Malamar
|-damage|p1a: Malamar|0 fnt
|-unboost|p2a: Sneasler|def|1
|-unboost|p2a: Sneasler|spd|1
|faint|p1a: Malamar
|move|p1b: Toxapex|Infestation|p2b: Incineroar
|-damage|p2b: Incineroar|92/100 tox
|-activate|p2b: Incineroar|move: Infestation|[of] p1b: Toxapex
|
|-heal|p1b: Toxapex|96/100|[from] item: Leftovers
|-damage|p2b: Incineroar|86/100 tox|[from] psn
|-damage|p2a: Sneasler|62/100|[from] move: Infestation|[partiallytrapped]
|-damage|p2b: Incineroar|73/100 tox|[from] move: Infestation|[partiallytrapped]
|upkeep
|turn|11
|l| Mogo
|j| Mogo
|j| TheRealMyan
|l| TheRealMyan
|
|t:|1783725946
|move|p1b: Toxapex|Baneful Bunker|p1b: Toxapex
|-singleturn|p1b: Toxapex|move: Protect
|move|p2a: Sneasler|Dire Claw|p1b: Toxapex
|-activate|p1b: Toxapex|move: Protect
|move|p2b: Incineroar|Parting Shot|p1b: Toxapex
|-activate|p1b: Toxapex|move: Protect
|
|-heal|p1b: Toxapex|100/100|[from] item: Leftovers
|-damage|p2b: Incineroar|61/100 tox|[from] psn
|-damage|p2a: Sneasler|50/100g|[from] move: Infestation|[partiallytrapped]
|-damage|p2b: Incineroar|49/100 tox|[from] move: Infestation|[partiallytrapped]
|upkeep
|-enditem|p2b: Incineroar|Sitrus Berry|[eat]
|-heal|p2b: Incineroar|74/100 tox|[from] item: Sitrus Berry
|turn|12
|j| wat2199
|j| Finabas
|j| Peter Panshrew️☎️
|c| SeaWolfMikes|top 10 saddest hax moments
|c| SeaWolfMikes|go pex
|
|t:|1783725970
|move|p2a: Sneasler|Dire Claw|p1b: Toxapex
|-resisted|p1b: Toxapex|1
|-damage|p1b: Toxapex|86/100
|move|p2b: Incineroar|Parting Shot|p1b: Toxapex
|-unboost|p1b: Toxapex|atk|1
|-unboost|p1b: Toxapex|spa|1
|
|t:|1783725972
|switch|p2b: Sinistcha|Sinistcha, L50|42/100 tox|[from] Parting Shot
|-heal|p2a: Sneasler|74/100|[from] ability: Hospitality|[of] p2b: Sinistcha
|move|p1b: Toxapex|Infestation|p2b: Sinistcha
|-damage|p2b: Sinistcha|41/100 tox
|-activate|p2b: Sinistcha|move: Infestation|[of] p1b: Toxapex
|
|-heal|p1b: Toxapex|92/100|[from] item: Leftovers
|-damage|p2b: Sinistcha|34/100 tox|[from] psn
|-end|p2a: Sneasler|Infestation|[partiallytrapped]
|-damage|p2b: Sinistcha|22/100 tox|[from] move: Infestation|[partiallytrapped]
|upkeep
|turn|13
|j| CarrotsAreVeryPog
|j| runningdustfc
|j| EGAHydreigons
|
|t:|1783725990
|switch|p2b: Incineroar|Incineroar, L50, F|74/100 tox
|-ability|p2b: Incineroar|Intimidate|boost
|-unboost|p1b: Toxapex|atk|1
|move|p2a: Sneasler|Dire Claw|p1b: Toxapex
|-resisted|p1b: Toxapex|1
|-damage|p1b: Toxapex|78/100
|move|p1b: Toxapex|Infestation|p2a: Sneasler
|-resisted|p2a: Sneasler|2
|-damage|p2a: Sneasler|74/100
|-activate|p2a: Sneasler|move: Infestation|[of] p1b: Toxapex
|
|-heal|p1b: Toxapex|84/100|[from] item: Leftovers
|-damage|p2b: Incineroar|68/100 tox|[from] psn
|-damage|p2a: Sneasler|61/100|[from] move: Infestation|[partiallytrapped]
|upkeep
|turn|14
|l| kidturtle
|j| K0nqueror
|
|t:|1783726008
|move|p2b: Incineroar|Fake Out|p1b: Toxapex
|-damage|p1b: Toxapex|77/100
|move|p2a: Sneasler|Dire Claw|p1b: Toxapex
|-resisted|p1b: Toxapex|1
|-damage|p1b: Toxapex|63/100
|cant|p1b: Toxapex|flinch
|
|-heal|p1b: Toxapex|69/100|[from] item: Leftovers
|-damage|p2b: Incineroar|56/100 tox|[from] psn
|-damage|p2a: Sneasler|49/100|[from] move: Infestation|[partiallytrapped]
|upkeep
|turn|15
|j| kidturtle
|j| s!dd_1
|
|t:|1783726024
|move|p1b: Toxapex|Baneful Bunker|p1b: Toxapex
|-singleturn|p1b: Toxapex|move: Protect
|move|p2a: Sneasler|Dire Claw|p1b: Toxapex
|-activate|p1b: Toxapex|move: Protect
|move|p2b: Incineroar|Flare Blitz|p1b: Toxapex
|-activate|p1b: Toxapex|move: Protect
|
|-heal|p1b: Toxapex|75/100|[from] item: Leftovers
|-damage|p2b: Incineroar|38/100 tox|[from] psn
|-damage|p2a: Sneasler|37/100|[from] move: Infestation|[partiallytrapped]
|upkeep
|turn|16
|l| FBIsurveillanceman
|j| FBIsurveillanceman
|j| kiwigal
|
|t:|1783726042
|move|p2a: Sneasler|Dire Claw|p1b: Toxapex
|-resisted|p1b: Toxapex|1
|-crit|p1b: Toxapex
|-damage|p1b: Toxapex|52/100
|move|p2b: Incineroar|Flare Blitz|p1b: Toxapex
|-resisted|p1b: Toxapex|1
|-damage|p1b: Toxapex|38/100
|-damage|p2b: Incineroar|35/100 tox|[from] Recoil
|move|p1b: Toxapex|Infestation|p2b: Incineroar
|-damage|p2b: Incineroar|33/100 tox
|-activate|p2b: Incineroar|move: Infestation|[of] p1b: Toxapex
|
|-heal|p1b: Toxapex|43/100|[from] item: Leftovers
|-damage|p2b: Incineroar|9/100 tox|[from] psn
|-damage|p2a: Sneasler|25/100|[from] move: Infestation|[partiallytrapped]
|-damage|p2b: Incineroar|0 fnt|[from] move: Infestation|[partiallytrapped]
|faint|p2b: Incineroar
|upkeep
|
|t:|1783726045
|switch|p2b: Sinistcha|Sinistcha, L50|22/100 tox
|-heal|p2a: Sneasler|49/100|[from] ability: Hospitality|[of] p2b: Sinistcha
|turn|17
|
|t:|1783726054
|move|p1b: Toxapex|Baneful Bunker|p1b: Toxapex
|-singleturn|p1b: Toxapex|move: Protect
|move|p2a: Sneasler|Dire Claw|p1b: Toxapex
|-activate|p1b: Toxapex|move: Protect
|move|p2b: Sinistcha|Matcha Gotcha|p1b: Toxapex
|-activate|p1b: Toxapex|move: Protect
|
|-heal|p1b: Toxapex|49/100|[from] item: Leftovers
|-damage|p2b: Sinistcha|16/100 tox|[from] psn
|-damage|p2a: Sneasler|37/100|[from] move: Infestation|[partiallytrapped]
|upkeep
|turn|18
|l| runningdustfc
|
|t:|1783726086
|move|p1b: Toxapex|Wide Guard|p1b: Toxapex
|-singleturn|p1b: Toxapex|Wide Guard
|move|p2a: Sneasler|Close Combat|p1b: Toxapex
|-resisted|p1b: Toxapex|1
|-crit|p1b: Toxapex
|-damage|p1b: Toxapex|18/100
|-unboost|p2a: Sneasler|def|1
|-unboost|p2a: Sneasler|spd|1
|move|p2b: Sinistcha|Matcha Gotcha|p1b: Toxapex
|-activate|p1b: Toxapex|move: Wide Guard
|
|-heal|p1b: Toxapex|24/100|[from] item: Leftovers
|-damage|p2b: Sinistcha|3/100 tox|[from] psn
|-end|p2a: Sneasler|Infestation|[partiallytrapped]
|upkeep
|turn|19
|j| runningdustfc
|
|t:|1783726093
|move|p1b: Toxapex|Wide Guard|p1b: Toxapex
|-singleturn|p1b: Toxapex|Wide Guard
|move|p2a: Sneasler|Close Combat|p1b: Toxapex
|-resisted|p1b: Toxapex|1
|-damage|p1b: Toxapex|5/100
|-unboost|p2a: Sneasler|def|1
|-unboost|p2a: Sneasler|spd|1
|move|p2b: Sinistcha|Matcha Gotcha|p1b: Toxapex
|-activate|p1b: Toxapex|move: Wide Guard
|
|-heal|p1b: Toxapex|10/100|[from] item: Leftovers
|-damage|p2b: Sinistcha|0 fnt|[from] psn
|faint|p2b: Sinistcha
|upkeep
|turn|20
|j| chien pao master
|
|t:|1783726114
|move|p1b: Toxapex|Baneful Bunker||[still]
|-fail|p1b: Toxapex
|move|p2a: Sneasler|Close Combat|p1b: Toxapex
|-resisted|p1b: Toxapex|1
|-damage|p1b: Toxapex|0 fnt
|-unboost|p2a: Sneasler|def|1
|-unboost|p2a: Sneasler|spd|1
|faint|p1b: Toxapex
|
|win|Nails
|l| Finabas
||Nails is ready for game 2.
||niziulove is ready for game 2.
|uhtml|next|Next: Game 2 of 3
|l| Peter Panshrew️☎️
|l| CarrotsAreVeryPog
|l| gamertag1001if
|l| K0nqueror
|l|+Howkings
|l| minamisimp
|l|+Radio Free C-Side
|l| vrocehpalon
|l| kidturtle
|l| runningdustfc
|l| Galahad Excalibur
|l| FBIsurveillanceman
|j| MichaelderBeste2
|j| kidturtle
|j| repeatt
|l| NJ11VGC
|j| FBIsurveillanceman
|l| dangernoodlevgc
|l| Feyette
|l| MichaelderBeste2
|l| FBIsurveillanceman
|l| repeatt
|l| YOASOBI stan
|l| danielmarcelo
|j| tung cubed
|j| tzarii
|l| tzarii
|l| kiwigal
|l| RK_pocoyo
|l| Mogo
|l| tung cubed
|j|+Howkings
|l| mbladderisdead
