|j|☆Zzag
|j|☆jngldiff
|html|Zzagjngldiff    
|uhtml|bestof|Game 1 of a best-of-3
|t:|1756667914
|gametype|doubles
|player|p1|Zzag|1|1182
|player|p2|jngldiff|169|1195
|gen|9
|tier|[Gen 9] VGC 2025 Reg H (Bo3)
|rated|
|rule|Species Clause: Limit one of each Pokémon
|rule|Item Clause: Limit 1 of each item
|clearpoke
|poke|p1|Amoonguss, L50, M|
|poke|p1|Hydreigon, L50, M|
|poke|p1|Palafin, L50, F|
|poke|p1|Gholdengo, L50|
|poke|p1|Pelipper, L50, F|
|poke|p1|Incineroar, L50, M|
|poke|p2|Sneasler, L50, M|
|poke|p2|Dragonite, L50, M|
|poke|p2|Rillaboom, L50, M|
|poke|p2|Basculegion, L50, M|
|poke|p2|Volcarona, L50, M|
|poke|p2|Kingambit, L50, M|
|teampreview|4
|showteam|p1|Amoonguss||SitrusBerry|Regenerator|Protect,RagePowder,PollenPuff,Spore|||M|||50|,,,,,Fairy]Hydreigon||ChoiceSpecs|Levitate|EarthPower,DracoMeteor,Snarl,DarkPulse|||M|||50|,,,,,Ghost]Palafin||MysticWater|ZerotoHero|WaveCrash,JetPunch,Haze,Protect|||F|||50|,,,,,Water]Gholdengo||LifeOrb|GoodasGold|ShadowBall,Protect,MakeItRain,NastyPlot||||||50|,,,,,Water]Pelipper||FocusSash|Drizzle|Protect,WeatherBall,Tailwind,Hurricane|||F|||50|,,,,,Grass]Incineroar||AssaultVest|Intimidate|FlareBlitz,KnockOff,FakeOut,Uturn|||M|||50|,,,,,Grass
|showteam|p2|Sneasler||FocusSash|Unburden|CloseCombat,DireClaw,Coaching,Protect|||M|||50|,,,,,Ghost]Dragonite||LoadedDice|Multiscale|ScaleShot,ExtremeSpeed,Haze,Protect|||M|||50|,,,,,Fairy]Rillaboom||MiracleSeed|GrassySurge|WoodHammer,GrassyGlide,Taunt,FakeOut|||M|||50|,,,,,Fire]Basculegion||ChoiceScarf|Adaptability|WaveCrash,FlipTurn,LastRespects,AquaJet|||M|||50|,,,,,Water]Volcarona||CovertCloak|FlameBody|HeatWave,TeraBlast,QuiverDance,Protect|||M|||50|,,,,,Fairy]Kingambit||AssaultVest|Defiant|KowtowCleave,SuckerPunch,IronHead,LowKick|||M|||50|,,,,,Dragon
|inactive|Battle timer is ON: inactive players will automatically lose when time's up. (requested by Zzag)
|inactive|Zzag has 60 seconds left.
|inactive|jngldiff has 60 seconds left.
|
|t:|1756667963
|teamsize|p1|4
|teamsize|p2|4
|start
|switch|p1a: Pelipper|Pelipper, L50, F|100/100
|switch|p1b: Palafin|Palafin, L50, F|100/100
|switch|p2a: Rillaboom|Rillaboom, L50, M|100/100
|switch|p2b: Kingambit|Kingambit, L50, M|100/100
|-weather|RainDance|[from] ability: Drizzle|[of] p1a: Pelipper
|-fieldstart|move: Grassy Terrain|[from] ability: Grassy Surge|[of] p2a: Rillaboom
|turn|1
|inactive|Zzag has 30 seconds left.
|inactive|jngldiff has 30 seconds left.
|inactive|Zzag has 20 seconds left.
|inactive|jngldiff has 20 seconds left.
|
|t:|1756667999
|move|p1b: Palafin|Protect|p1b: Palafin
|-singleturn|p1b: Palafin|Protect
|move|p1a: Pelipper|Protect|p1a: Pelipper
|-singleturn|p1a: Pelipper|Protect
|move|p2a: Rillaboom|Fake Out|p1a: Pelipper
|-activate|p1a: Pelipper|move: Protect
|move|p2b: Kingambit|Kowtow Cleave|p1b: Palafin
|-activate|p1b: Palafin|move: Protect
|
|-weather|RainDance|[upkeep]
|upkeep
|turn|2
|
|t:|1756668022
|-terastallize|p1b: Palafin|Water
|move|p1b: Palafin|Jet Punch|p2b: Kingambit
|-damage|p2b: Kingambit|64/100
|move|p2a: Rillaboom|Grassy Glide|p1a: Pelipper
|-damage|p1a: Pelipper|44/100
|move|p1a: Pelipper|Weather Ball|p2b: Kingambit
|-damage|p2b: Kingambit|22/100
|move|p2b: Kingambit|Kowtow Cleave|p1a: Pelipper
|-damage|p1a: Pelipper|0 fnt
|faint|p1a: Pelipper
|
|-weather|RainDance|[upkeep]
|-heal|p2b: Kingambit|28/100|[from] Grassy Terrain
|upkeep
|
|t:|1756668045
|switch|p1a: Incineroar|Incineroar, L50, M|100/100
|-ability|p1a: Incineroar|Intimidate|boost
|-unboost|p2a: Rillaboom|atk|1
|-unboost|p2b: Kingambit|atk|1
|-ability|p2b: Kingambit|Defiant|boost
|-boost|p2b: Kingambit|atk|2
|turn|3
|
|t:|1756668062
|move|p1a: Incineroar|Fake Out|p2a: Rillaboom
|-damage|p2a: Rillaboom|89/100
|move|p1b: Palafin|Jet Punch|p2b: Kingambit
|-damage|p2b: Kingambit|0 fnt
|faint|p2b: Kingambit
|cant|p2a: Rillaboom|flinch
|
|-weather|RainDance|[upkeep]
|-heal|p2a: Rillaboom|95/100|[from] Grassy Terrain
|upkeep
|
|t:|1756668076
|switch|p2b: Basculegion|Basculegion, L50, M|100/100
|turn|4
|inactive|Zzag has 30 seconds left.
|inactive|Zzag has 20 seconds left.
|inactive|Zzag has 15 seconds left.
|inactive|Zzag has 10 seconds left.
|
|t:|1756668124
|detailschange|p1b: Palafin|Palafin-Hero, L50, F, tera:Water
|switch|p1b: Gholdengo|Gholdengo, L50|100/100
|move|p2b: Basculegion|Flip Turn|p1a: Incineroar
|-supereffective|p1a: Incineroar
|-damage|p1a: Incineroar|0 fnt
|faint|p1a: Incineroar
|
|t:|1756668132
|switch|p2b: Dragonite|Dragonite, L50, M|100/100|[from] Flip Turn
|move|p2a: Rillaboom|Wood Hammer|p1b: Gholdengo
|-resisted|p1b: Gholdengo
|-damage|p1b: Gholdengo|69/100
|-damage|p2a: Rillaboom|86/100|[from] Recoil
|
|-weather|RainDance|[upkeep]
|-heal|p1b: Gholdengo|75/100|[from] Grassy Terrain
|-heal|p2a: Rillaboom|92/100|[from] Grassy Terrain
|upkeep
|
|t:|1756668138
|switch|p1a: Palafin|Palafin-Hero, L50, F, tera:Water|100/100
|-activate|p1a: Palafin|ability: Zero to Hero
|turn|5
|inactive|Zzag has 30 seconds left.
|
|t:|1756668170
|move|p1a: Palafin|Protect|p1a: Palafin
|-singleturn|p1a: Palafin|Protect
|move|p2a: Rillaboom|Grassy Glide|p1a: Palafin
|-activate|p1a: Palafin|move: Protect
|move|p1b: Gholdengo|Shadow Ball|p2a: Rillaboom
|-damage|p2a: Rillaboom|28/100
|-damage|p1b: Gholdengo|66/100|[from] item: Life Orb
|move|p2b: Dragonite|Scale Shot|p1a: Palafin
|-activate|p1a: Palafin|move: Protect
|
|-weather|none
|-heal|p1b: Gholdengo|72/100|[from] Grassy Terrain
|-heal|p2a: Rillaboom|34/100|[from] Grassy Terrain
|-fieldend|move: Grassy Terrain
|upkeep
|turn|6
|inactive|Zzag has 30 seconds left.
|inactive|Zzag has 20 seconds left.
|inactive|Zzag has 15 seconds left.
|
|t:|1756668214
|move|p1a: Palafin|Wave Crash|p2a: Rillaboom
|-resisted|p2a: Rillaboom
|-crit|p2a: Rillaboom
|-damage|p2a: Rillaboom|0 fnt
|faint|p2a: Rillaboom
|-damage|p1a: Palafin|87/100|[from] Recoil
|move|p1b: Gholdengo|Make It Rain|p2b: Dragonite
|-damage|p2b: Dragonite|55/100
|-unboost|p1b: Gholdengo|spa|1
|-damage|p1b: Gholdengo|63/100|[from] item: Life Orb
|move|p2b: Dragonite|Scale Shot|p1a: Palafin
|-damage|p1a: Palafin|70/100
|-damage|p1a: Palafin|53/100
|-damage|p1a: Palafin|37/100
|-damage|p1a: Palafin|22/100
|-hitcount|p1a: Palafin|4
|-unboost|p2b: Dragonite|def|1
|-boost|p2b: Dragonite|spe|1
|
|upkeep
|
|t:|1756668232
|switch|p2a: Basculegion|Basculegion, L50, M|100/100
|turn|7
|
|t:|1756668245
|-terastallize|p2a: Basculegion|Water
|move|p1b: Gholdengo|Protect|p1b: Gholdengo
|-singleturn|p1b: Gholdengo|Protect
|move|p2b: Dragonite|Extreme Speed|p1a: Palafin
|-crit|p1a: Palafin
|-damage|p1a: Palafin|0 fnt
|faint|p1a: Palafin
|move|p2a: Basculegion|Last Respects|p1b: Gholdengo
|-activate|p1b: Gholdengo|move: Protect
|
|upkeep
|turn|8
|-message|Zzag forfeited.
|
|win|jngldiff
||Zzag is ready for game 2.
||jngldiff is ready for game 2.
|uhtml|next|Next: Game 2 of 3
|l|☆Zzag
|player|p1|
|l|☆jngldiff
|player|p2|
|j|☆jngldiff
|player|p2|jngldiff|169|
