|j|☆raylix
|j|☆Tractie
|html|raylixTractie    
|uhtml|bestof|Game 3 of a best-of-3
|t:|1756810205
|gametype|doubles
|player|p1|raylix|bruno|1165
|player|p2|Tractie|265|1291
|gen|9
|tier|[Gen 9] VGC 2025 Reg H (Bo3)
|rated|
|rule|Species Clause: Limit one of each Pokémon
|rule|Item Clause: Limit 1 of each item
|clearpoke
|poke|p1|Sneasler, L50, F|
|poke|p1|Indeedee, L50, M|
|poke|p1|Volcarona, L50, M|
|poke|p1|Ursaluna-Bloodmoon, L50, M|
|poke|p1|Annihilape, L50, M|
|poke|p1|Tyranitar, L50, M|
|poke|p2|Gothitelle, L50, F|
|poke|p2|Dondozo, L50, F|
|poke|p2|Kingambit, L50, F|
|poke|p2|Incineroar, L50, M|
|poke|p2|Amoonguss, L50, F|
|poke|p2|Zoroark-Hisui, L50, M|
|teampreview|4
|showteam|p1|Sneasler||PsychicSeed|Unburden|CloseCombat,DireClaw,ThroatChop,Protect|||F|||50|,,,,,Dark]Indeedee||ChoiceScarf|PsychicSurge|ExpandingForce,TeraBlast,Trick,Protect|||M|||50|,,,,,Psychic]Volcarona||SitrusBerry|FlameBody|Overheat,StruggleBug,RagePowder,Tailwind|||M|||50|,,,,,Grass]Ursaluna-Bloodmoon||LifeOrb|MindsEye|BloodMoon,HyperVoice,EarthPower,Protect|||M|||50|,,,,,Normal]Annihilape||SafetyGoggles|Defiant|CloseCombat,RageFist,Taunt,FinalGambit|||M|||50|,,,,,Fairy]Tyranitar||AssaultVest|SandStream|RockSlide,KnockOff,TeraBlast,LowKick|||M|||50|,,,,,Flying
|showteam|p2|Gothitelle||SitrusBerry|ShadowTag|FakeOut,Psychic,TrickRoom,Protect|||F|||50|,,,,,Water]Dondozo||Leftovers|Unaware|WaveCrash,BodyPress,Yawn,Protect|||F|||50|,,,,,Electric]Kingambit||BlackGlasses|Defiant|SuckerPunch,KowtowCleave,SwordsDance,Protect|||F|||50|,,,,,Dark]Incineroar||SafetyGoggles|Intimidate|FakeOut,FlareBlitz,KnockOff,PartingShot|||M|||50|,,,,,Ghost]Amoonguss||RockyHelmet|Regenerator|Spore,RagePowder,PollenPuff,Protect|||F|||50|,,,,,Fairy]Zoroark-Hisui||LifeOrb|Illusion|ShadowBall,TeraBlast,FocusBlast,Protect|||M|||50|,,,,,Stellar
|inactive|Battle timer is ON: inactive players will automatically lose when time's up. (requested by Tractie)
|inactive|raylix has 60 seconds left.
|inactive|Tractie has 60 seconds left.
|
|t:|1756810261
|teamsize|p1|4
|teamsize|p2|4
|start
|switch|p1a: Indeedee|Indeedee, L50, M|100/100
|switch|p1b: Annihilape|Annihilape, L50, M|100/100
|switch|p2a: Dondozo|Dondozo, L50, F|100/100
|switch|p2b: Gothitelle|Gothitelle, L50, F|100/100
|-fieldstart|move: Psychic Terrain|[from] ability: Psychic Surge|[of] p1a: Indeedee
|turn|1
|inactive|raylix has 30 seconds left.
|inactive|Tractie has 30 seconds left.
|inactive|raylix has 20 seconds left.
|inactive|Tractie has 20 seconds left.
|
|t:|1756810305
|move|p1a: Indeedee|Expanding Force|p2b: Gothitelle|[spread] p2a,p2b
|-resisted|p2b: Gothitelle
|-damage|p2a: Dondozo|61/100
|-damage|p2b: Gothitelle|78/100
|move|p1b: Annihilape|Close Combat|p2b: Gothitelle
|-resisted|p2b: Gothitelle
|-damage|p2b: Gothitelle|56/100
|-unboost|p1b: Annihilape|def|1
|-unboost|p1b: Annihilape|spd|1
|move|p2b: Gothitelle|Psychic|p1b: Annihilape
|-supereffective|p1b: Annihilape
|-damage|p1b: Annihilape|0 fnt
|faint|p1b: Annihilape
|move|p2a: Dondozo|Wave Crash|p1a: Indeedee
|-damage|p1a: Indeedee|14/100
|-damage|p2a: Dondozo|46/100|[from] Recoil
|
|-heal|p2a: Dondozo|52/100|[from] item: Leftovers
|upkeep
|
|t:|1756810329
|switch|p1b: Sneasler|Sneasler, L50, F|100/100
|-enditem|p1b: Sneasler|Psychic Seed
|-boost|p1b: Sneasler|spd|1|[from] item: Psychic Seed
|turn|2
|inactive|Tractie has 30 seconds left.
|
|t:|1756810360
|move|p1b: Sneasler|Dire Claw|p2b: Gothitelle
|-damage|p2b: Gothitelle|17/100
|-enditem|p2b: Gothitelle|Sitrus Berry|[eat]
|-heal|p2b: Gothitelle|42/100|[from] item: Sitrus Berry
|move|p1a: Indeedee|Expanding Force|p2a: Dondozo|[spread] p2a,p2b
|-resisted|p2b: Gothitelle
|-damage|p2a: Dondozo|14/100
|-damage|p2b: Gothitelle|19/100
|move|p2a: Dondozo|Yawn|p1b: Sneasler
|-start|p1b: Sneasler|move: Yawn|[of] p2a: Dondozo
|move|p2b: Gothitelle|Trick Room|p2b: Gothitelle
|-fieldstart|move: Trick Room|[of] p2b: Gothitelle
|
|-heal|p2a: Dondozo|20/100|[from] item: Leftovers
|upkeep
|turn|3
|inactive|raylix has 30 seconds left.
|inactive|Tractie has 30 seconds left.
|inactive|raylix has 20 seconds left.
|
|t:|1756810398
|move|p2a: Dondozo|Protect|p2a: Dondozo
|-singleturn|p2a: Dondozo|Protect
|move|p2b: Gothitelle|Protect|p2b: Gothitelle
|-singleturn|p2b: Gothitelle|Protect
|move|p1a: Indeedee|Expanding Force|p2a: Dondozo|[spread] 
|-activate|p2a: Dondozo|move: Protect
|-activate|p2b: Gothitelle|move: Protect
|move|p1b: Sneasler|Dire Claw|p2b: Gothitelle
|-activate|p2b: Gothitelle|move: Protect
|
|-heal|p2a: Dondozo|27/100|[from] item: Leftovers
|-end|p1b: Sneasler|move: Yawn|[silent]
|-status|p1b: Sneasler|slp
|upkeep
|turn|4
|
|t:|1756810409
|cant|p1b: Sneasler|slp
|move|p2a: Dondozo|Wave Crash|p1b: Sneasler
|-damage|p1b: Sneasler|31/100 slp
|-damage|p2a: Dondozo|13/100|[from] Recoil
|move|p2b: Gothitelle|Psychic|p1a: Indeedee
|-resisted|p1a: Indeedee
|-damage|p1a: Indeedee|0 fnt
|faint|p1a: Indeedee
|
|-heal|p2a: Dondozo|19/100|[from] item: Leftovers
|upkeep
|
|t:|1756810412
|switch|p1a: Volcarona|Volcarona, L50, M|100/100
|turn|5
|
|t:|1756810433
|-terastallize|p1a: Volcarona|Grass
|move|p1a: Volcarona|Rage Powder|p1a: Volcarona
|-singleturn|p1a: Volcarona|move: Rage Powder
|move|p2a: Dondozo|Yawn|p1a: Volcarona
|-start|p1a: Volcarona|move: Yawn|[of] p2a: Dondozo
|move|p2b: Gothitelle|Psychic|p1a: Volcarona
|-damage|p1a: Volcarona|64/100
|-curestatus|p1b: Sneasler|slp|[msg]
|move|p1b: Sneasler|Dire Claw|p2b: Gothitelle
|-damage|p2b: Gothitelle|0 fnt
|faint|p2b: Gothitelle
|
|-heal|p2a: Dondozo|25/100|[from] item: Leftovers
|-fieldend|move: Psychic Terrain
|upkeep
|
|t:|1756810455
|switch|p2b: Kingambit|Kingambit, L50, F|100/100
|turn|6
|
|t:|1756810468
|move|p2a: Dondozo|Protect|p2a: Dondozo
|-singleturn|p2a: Dondozo|Protect
|move|p2b: Kingambit|Protect|p2b: Kingambit
|-singleturn|p2b: Kingambit|Protect
|move|p1a: Volcarona|Rage Powder|p1a: Volcarona
|-singleturn|p1a: Volcarona|move: Rage Powder
|move|p1b: Sneasler|Close Combat|p2b: Kingambit
|-activate|p2b: Kingambit|move: Protect
|
|-heal|p2a: Dondozo|31/100|[from] item: Leftovers
|-end|p1a: Volcarona|move: Yawn|[silent]
|-status|p1a: Volcarona|slp
|-fieldend|move: Trick Room
|upkeep
|turn|7
|inactive|Tractie has 30 seconds left.
|
|t:|1756810501
|-terastallize|p2b: Kingambit|Stellar
|cant|p1a: Volcarona|slp
|move|p1b: Sneasler|Close Combat|p2b: Kingambit
|-immune|p2b: Kingambit
|move|p2b: Kingambit|Tera Blast|p1a: Volcarona|[anim] Tera Blast Stellar
|-supereffective|p1a: Volcarona
|-damage|p1a: Volcarona|0 fnt
|-unboost|p2b: Kingambit|atk|1
|-unboost|p2b: Kingambit|spa|1
|faint|p1a: Volcarona
|-damage|p2b: Kingambit|91/100|[from] item: Life Orb
|move|p2a: Dondozo|Wave Crash|p1b: Sneasler
|-damage|p1b: Sneasler|0 fnt
|faint|p1b: Sneasler
|-damage|p2a: Dondozo|25/100|[from] Recoil
|
|win|Tractie
|raw|raylix's rating: 1165 → 1149(-16 for losing)
|raw|Tractie's rating: 1291 → 1307(+16 for winning)
|l|☆Tractie
|player|p2|
