|j|☆jimbo13
|j|☆SapoWitch
|html|jimbo13SapoWitch    
|uhtml|bestof|Game 1 of a best-of-3
|t:|1784226208
|gametype|doubles
|player|p1|jimbo13|grimsley|
|player|p2|SapoWitch|rocketgruntf|
|gen|9
|tier|[Gen 9 Champions] VGC 2026 Reg M-B (Bo3)
|rule|Species Clause: Limit one of each Pokémon
|rule|Item Clause: Limit 1 of each item
|clearpoke
|poke|p1|Spiritomb, L50, M|
|poke|p1|Snorlax, L50, M|
|poke|p1|Torkoal, L50, F|
|poke|p1|Grimmsnarl, L50, M|
|poke|p1|Scizor, L50, F|
|poke|p1|Typhlosion-Hisui, L50, M|
|poke|p2|Feraligatr, L50, M|
|poke|p2|Ninetales-Alola, L50, M|
|poke|p2|Sneasler, L50, M|
|poke|p2|Corviknight, L50, F|
|poke|p2|Meowscarada, L50, M|
|poke|p2|Scrafty, L50, F|
|teampreview|4
|showteam|p1|Spiritomb||SpellTag|Infiltrator|Hex,WillOWisp,TrickRoom,PainSplit|Quiet||M|||50|]Snorlax||ChestoBerry|ThickFat|BodySlam,Earthquake,Rest,SupercellSlam|Brave||M|||50|]Torkoal||SitrusBerry|Drought|Eruption,Protect,SolarBeam,WillOWisp|Quiet||F|||50|]Grimmsnarl||LightClay|Prankster|SpiritBreak,PartingShot,Reflect,LightScreen|Sassy||M|||50|]Scizor||Scizorite|Technician|BulletPunch,BugBite,SwordsDance,DualWingbeat|Brave||F|||50|]Typhlosion-Hisui||ChoiceScarf|Frisk|Eruption,InfernalParade,FocusBlast,Extrasensory|Timid||M|||50|
|showteam|p2|Feraligatr||Feraligite|SheerForce|DragonDance,Liquidation,BodySlam,Protect|Adamant||M|||50|]Ninetales-Alola||LightClay|SnowWarning|AuroraVeil,DazzlingGleam,FreezeDry,IcyWind|Serious||M|||50|]Sneasler||WhiteHerb|Unburden|DireClaw,FakeOut,CloseCombat,Protect|Jolly||M|||50|]Corviknight||SitrusBerry|Unnerve|Tailwind,Taunt,BraveBird,Roost|Impish||F|||50|]Meowscarada||ChoiceScarf|Protean|FlowerTrick,KnockOff,TripleAxel,PlayRough|Adamant||M|||50|]Scrafty||Leftovers|Intimidate|FakeOut,KnockOff,Protect,CloseCombat|Adamant||F|||50|
|
|t:|1784226236
|teamsize|p1|4
|teamsize|p2|4
|start
|switch|p1a: Fuego|Torkoal, L50, F|100/100
|switch|p1b: Sheol|Typhlosion-Hisui, L50, M|100/100
|switch|p2a: Croco|Feraligatr, L50, M|100/100
|switch|p2b: Weather Report|Ninetales-Alola, L50, M|100/100
|-item|p2a: Croco|Feraligite|[from] ability: Frisk|[of] p1b: Sheol
|-item|p2b: Weather Report|Light Clay|[from] ability: Frisk|[of] p1b: Sheol
|-weather|Snowscape|[from] ability: Snow Warning|[of] p2b: Weather Report
|-weather|SunnyDay|[from] ability: Drought|[of] p1a: Fuego
|turn|1
|
|t:|1784226306
|switch|p2b: Pants McGee|Scrafty, L50, F|100/100
|-ability|p2b: Pants McGee|Intimidate|boost
|-unboost|p1a: Fuego|atk|1
|-unboost|p1b: Sheol|atk|1
|switch|p1a: Tumble|Spiritomb, L50, M|100/100
|move|p1b: Sheol|Eruption|p2b: Pants McGee|[spread] p2a,p2b
|-resisted|p2a: Croco|1
|-damage|p2a: Croco|52/100
|-damage|p2b: Pants McGee|19/100
|move|p2a: Croco|Liquidation|p1a: Tumble
|-damage|p1a: Tumble|66/100
|
|-weather|SunnyDay|[upkeep]
|-heal|p2b: Pants McGee|25/100|[from] item: Leftovers
|upkeep
|turn|2
|
|t:|1784226340
|detailschange|p2a: Croco|Feraligatr-Mega, L50, M
|-mega|p2a: Croco|Feraligatr|Feraligite
|move|p2b: Pants McGee|Fake Out|p1b: Sheol
|-immune|p1b: Sheol
|move|p1b: Sheol|Eruption|p2a: Croco|[spread] p2a,p2b
|-resisted|p2a: Croco|2
|-damage|p2a: Croco|32/100
|-damage|p2b: Pants McGee|0 fnt
|faint|p2b: Pants McGee
|move|p2a: Croco|Body Slam|p1b: Sheol
|-crit|p1b: Sheol
|-damage|p1b: Sheol|0 fnt
|faint|p1b: Sheol
|move|p1a: Tumble|Hex|p2a: Croco
|-damage|p2a: Croco|0 fnt
|faint|p2a: Croco
|
|-weather|SunnyDay|[upkeep]
|upkeep
|
|t:|1784226356
|switch|p1b: Queen|Scizor, L50, F|100/100
|switch|p2a: Freaky Aah Cat|Sneasler, L50, M|100/100
|switch|p2b: Weather Report|Ninetales-Alola, L50, M|100/100
|-weather|Snowscape|[from] ability: Snow Warning|[of] p2b: Weather Report
|turn|3
|
|t:|1784226377
|detailschange|p1b: Queen|Scizor-Mega, L50, F
|-mega|p1b: Queen|Scizor|Scizorite
|move|p2a: Freaky Aah Cat|Fake Out|p1b: Queen
|-resisted|p1b: Queen|1
|-damage|p1b: Queen|94/100
|cant|p1b: Queen|flinch
|move|p2b: Weather Report|Aurora Veil|p2b: Weather Report
|-sidestart|p2: SapoWitch|move: Aurora Veil
|move|p1a: Tumble|Trick Room|p1a: Tumble
|-fieldstart|move: Trick Room|[of] p1a: Tumble
|
|-weather|Snowscape|[upkeep]
|upkeep
|turn|4
|
|t:|1784226396
|move|p1b: Queen|Bullet Punch|p2b: Weather Report
|-supereffective|p2b: Weather Report|2
|-damage|p2b: Weather Report|18/100
|move|p1a: Tumble|Will-O-Wisp|p2a: Freaky Aah Cat
|-status|p2a: Freaky Aah Cat|brn
|move|p2b: Weather Report|Dazzling Gleam|p1a: Tumble|[spread] p1a,p1b
|-supereffective|p1a: Tumble|1
|-resisted|p1b: Queen|1
|-damage|p1a: Tumble|28/100
|-damage|p1b: Queen|86/100
|move|p2a: Freaky Aah Cat|Dire Claw|p1b: Queen
|-immune|p1b: Queen
|
|-weather|Snowscape|[upkeep]
|-damage|p2a: Freaky Aah Cat|94/100 brn|[from] brn
|upkeep
|turn|5
|
|t:|1784226419
|move|p1b: Queen|Bullet Punch|p2b: Weather Report
|-supereffective|p2b: Weather Report|2
|-damage|p2b: Weather Report|0 fnt
|faint|p2b: Weather Report
|move|p1a: Tumble|Hex|p2a: Freaky Aah Cat
|-damage|p2a: Freaky Aah Cat|0 fnt
|faint|p2a: Freaky Aah Cat
|
|win|jimbo13
||jimbo13 is ready for game 2.
|inactive|SapoWitch has 30 seconds to confirm battle start!
|l|☆SapoWitch
|player|p2|
|inactive|SapoWitch has 20 seconds to confirm battle start!
|inactive|SapoWitch has 10 seconds to confirm battle start!
|uhtml|next|Next: Game 2 of 3
