|j|☆Sheevpnew
|j|☆tavinn_n
|html|Sheevpnewtavinn_n    
|uhtml|bestof|Game 2 of a best-of-3
|t:|1786193883
|gametype|doubles
|player|p1|Sheevpnew|1|1183
|player|p2|tavinn_n|ghetsis|1348
|gen|9
|tier|[Gen 9 Champions] VGC 2026 Reg M-B (Bo3)
|rated|
|rule|Species Clause: Limit one of each Pokémon
|rule|Item Clause: Limit 1 of each item
|clearpoke
|poke|p1|Staraptor, L50, M|
|poke|p1|Milotic, L50, F|
|poke|p1|Tyranitar, L50, M|
|poke|p1|Gholdengo, L50|
|poke|p1|Excadrill, L50, M|
|poke|p1|Sinistcha, L50|
|poke|p2|Staraptor, L50, F|
|poke|p2|Delphox, L50, F|
|poke|p2|Whimsicott, L50, M|
|poke|p2|Glimmora, L50, F|
|poke|p2|Garchomp, L50, F|
|poke|p2|Kingambit, L50, M|
|teampreview|4
|showteam|p1|Staraptor||Staraptite|Intimidate|BraveBird,CloseCombat,Tailwind,Protect|Jolly||M|||50|]Milotic||SitrusBerry|Competitive|Scald,IceBeam,IcyWind,Recover|Modest||F|||50|]Tyranitar||Tyranitarite|SandStream|RockSlide,KnockOff,LowKick,Protect|Adamant||M|||50|]Gholdengo||LifeOrb|GoodasGold|ShadowBall,MakeItRain,NastyPlot,Protect|Modest|||||50|]Excadrill||FocusSash|SandRush|HighHorsepower,IronHead,RockSlide,Protect|Adamant||M|||50|]Sinistcha||ColburBerry|Hospitality|MatchaGotcha,RagePowder,TrickRoom,Protect|Bold|||||50|
|showteam|p2|Staraptor||Staraptite|Intimidate|Protect,Roost,BraveBird,CloseCombat|Jolly||F|||50|]Delphox||Delphoxite|Blaze|Protect,Encore,HeatWave,Psychic|Timid||F|||50|]Whimsicott||OccaBerry|Prankster|Tailwind,Charm,Moonblast,LightScreen|Bold||M|||50|]Glimmora||FocusSash|ToxicDebris|SpikyShield,PowerGem,EarthPower,SludgeBomb|Timid||F|||50|]Garchomp||ChoiceScarf|RoughSkin|RockSlide,Earthquake,StompingTantrum,DragonClaw|Jolly||F|||50|]Kingambit||ChopleBerry|Defiant|IronHead,LowKick,SuckerPunch,KowtowCleave|Adamant||M|||50|
|inactive|Battle timer is ON: inactive players will automatically lose when time's up. (requested by tavinn_n)
|l|☆Sheevpnew
|inactive|Sheevpnew disconnected and has a minute to reconnect!
|player|p1|
|
|t:|1786193911
|teamsize|p1|4
|teamsize|p2|4
|start
|switch|p1a: Tyranitar|Tyranitar, L50, M|100/100
|switch|p1b: Milotic|Milotic, L50, F|100/100
|switch|p2a: Kingambit|Kingambit, L50, M|100/100
|switch|p2b: Glimmora|Glimmora, L50, F|100/100
|-weather|Sandstorm|[from] ability: Sand Stream|[of] p1a: Tyranitar
|turn|1
|j|☆Sheevpnew
|inactive|Sheevpnew reconnected and has 35 seconds left.
|player|p1|Sheevpnew|1|
|inactive|Sheevpnew has 30 seconds left.
|inactive|tavinn_n has 30 seconds left.
|inactive|tavinn_n has 20 seconds left.
|inactive|tavinn_n has 15 seconds left.
|
|t:|1786193953
|move|p1a: Tyranitar|Protect|p1a: Tyranitar
|-singleturn|p1a: Tyranitar|Protect
|move|p2b: Glimmora|Sludge Bomb|p1b: Milotic
|-damage|p1b: Milotic|65/100
|-status|p1b: Milotic|psn
|move|p1b: Milotic|Scald|p2b: Glimmora
|-supereffective|p2b: Glimmora|1
|-damage|p2b: Glimmora|35/100
|move|p2a: Kingambit|Low Kick|p1a: Tyranitar
|-activate|p1a: Tyranitar|move: Protect
|
|-weather|Sandstorm|[upkeep]
|-damage|p1b: Milotic|59/100 psn|[from] Sandstorm
|-damage|p1b: Milotic|47/100 psn|[from] psn
|upkeep
|-enditem|p1b: Milotic|Sitrus Berry|[eat]
|-heal|p1b: Milotic|71/100 psn|[from] item: Sitrus Berry
|turn|2
|inactive|tavinn_n has 30 seconds left.
|
|t:|1786193985
|switch|p1a: Gholdengo|Gholdengo, L50|100/100
|move|p2b: Glimmora|Sludge Bomb|p1b: Milotic
|-damage|p1b: Milotic|40/100 psn
|move|p1b: Milotic|Scald|p2a: Kingambit
|-damage|p2a: Kingambit|69/100
|-status|p2a: Kingambit|brn
|move|p2a: Kingambit|Kowtow Cleave|p1b: Milotic
|-damage|p1b: Milotic|20/100y psn
|
|-weather|Sandstorm|[upkeep]
|-damage|p1b: Milotic|14/100 psn|[from] Sandstorm
|-damage|p1b: Milotic|1/100 psn|[from] psn
|-damage|p2a: Kingambit|63/100 brn|[from] brn
|upkeep
|turn|3
|inactive|tavinn_n has 30 seconds left.
|
|t:|1786194012
|move|p2b: Glimmora|Spiky Shield|p2b: Glimmora
|-singleturn|p2b: Glimmora|move: Protect
|move|p1a: Gholdengo|Shadow Ball|p2b: Glimmora
|-activate|p2b: Glimmora|move: Protect
|move|p1b: Milotic|Recover|p1b: Milotic
|-heal|p1b: Milotic|51/100 psn
|move|p2a: Kingambit|Kowtow Cleave|p1a: Gholdengo
|-supereffective|p1a: Gholdengo|1
|-damage|p1a: Gholdengo|49/100
|
|-weather|Sandstorm|[upkeep]
|-damage|p1b: Milotic|46/100 psn|[from] Sandstorm
|-damage|p1b: Milotic|33/100 psn|[from] psn
|-damage|p2a: Kingambit|57/100 brn|[from] brn
|upkeep
|turn|4
|
|t:|1786194026
|move|p2b: Glimmora|Sludge Bomb|p1b: Milotic
|-damage|p1b: Milotic|1/100 psn
|move|p1a: Gholdengo|Shadow Ball|p2a: Kingambit
|-resisted|p2a: Kingambit|1
|-damage|p2a: Kingambit|33/100 brn
|-damage|p1a: Gholdengo|39/100|[from] item: Life Orb
|move|p1b: Milotic|Scald|p2b: Glimmora
|-supereffective|p2b: Glimmora|1
|-damage|p2b: Glimmora|0 fnt
|faint|p2b: Glimmora
|move|p2a: Kingambit|Kowtow Cleave|p1a: Gholdengo
|-supereffective|p1a: Gholdengo|1
|-damage|p1a: Gholdengo|0 fnt
|faint|p1a: Gholdengo
|
|-weather|Sandstorm|[upkeep]
|-damage|p1b: Milotic|0 fnt|[from] Sandstorm
|faint|p1b: Milotic
|-damage|p2a: Kingambit|28/100 brn|[from] brn
|upkeep
|
|t:|1786194045
|switch|p2b: Staraptor|Staraptor, L50, F|100/100
|switch|p1a: Excadrill|Excadrill, L50, M|100/100
|switch|p1b: Tyranitar|Tyranitar, L50, M|100/100
|-ability|p2b: Staraptor|Intimidate|boost
|-unboost|p1a: Excadrill|atk|1
|-unboost|p1b: Tyranitar|atk|1
|turn|5
|
|t:|1786194055
|switch|p2b: Whimsicott|Whimsicott, L50, M|100/100
|move|p1b: Tyranitar|Protect|p1b: Tyranitar
|-singleturn|p1b: Tyranitar|Protect
|move|p1a: Excadrill|High Horsepower|p2a: Kingambit
|-supereffective|p2a: Kingambit|1
|-damage|p2a: Kingambit|0 fnt
|faint|p2a: Kingambit
|
|-weather|none
|upkeep
|
|t:|1786194061
|switch|p2a: Staraptor|Staraptor, L50, F|100/100
|-ability|p2a: Staraptor|Intimidate|boost
|-unboost|p1a: Excadrill|atk|1
|-unboost|p1b: Tyranitar|atk|1
|turn|6
|
|t:|1786194066
|detailschange|p2a: Staraptor|Staraptor-Mega, L50, F
|-mega|p2a: Staraptor|Staraptor|Staraptite
|detailschange|p1b: Tyranitar|Tyranitar-Mega, L50, M
|-mega|p1b: Tyranitar|Tyranitar|Tyranitarite
|-weather|Sandstorm|[from] ability: Sand Stream|[of] p1b: Tyranitar
|move|p2b: Whimsicott|Charm|p1a: Excadrill
|-unboost|p1a: Excadrill|atk|2
|move|p1a: Excadrill|Iron Head|p2b: Whimsicott
|-supereffective|p2b: Whimsicott|1
|-damage|p2b: Whimsicott|73/100
|move|p2a: Staraptor|Close Combat|p1b: Tyranitar
|-supereffective|p1b: Tyranitar|2
|-damage|p1b: Tyranitar|0 fnt
|-boost|p2a: Staraptor|def|1
|-boost|p2a: Staraptor|spd|1
|faint|p1b: Tyranitar
|
|-weather|Sandstorm|[upkeep]
|-damage|p2a: Staraptor|94/100|[from] Sandstorm
|-damage|p2b: Whimsicott|66/100|[from] Sandstorm
|upkeep
|turn|7
|l|☆Sheevpnew
|inactive|Sheevpnew disconnected and has a minute to reconnect!
|player|p1|
|inactive|Sheevpnew has 30 seconds left.
|inactive|Sheevpnew has 20 seconds left.
|inactive|Sheevpnew has 15 seconds left.
|inactive|Sheevpnew has 10 seconds left.
|inactive|Sheevpnew has 5 seconds left.
|-message|Sheevpnew lost due to inactivity.
|
|win|tavinn_n
|raw|Sheevpnew's rating: 1183 → 1169(-14 for losing)
|raw|tavinn_n's rating: 1348 → 1359(+11 for winning)
