|j|☆moicito
|j|☆koraidon goat
|html|moicitokoraidon goat    
|uhtml|bestof|Game 1 of a best-of-3
|t:|1756957714
|gametype|doubles
|player|p1|moicito|caitlin|1125
|player|p2|koraidon goat|drayden|1134
|gen|9
|tier|[Gen 9] VGC 2025 Reg H (Bo3)
|rated|
|rule|Species Clause: Limit one of each Pokémon
|rule|Item Clause: Limit 1 of each item
|clearpoke
|poke|p1|Kingambit, L50, F|
|poke|p1|Rillaboom, L50, F|
|poke|p1|Magmar, L50, F|
|poke|p1|Primarina, L50, F|
|poke|p1|Sneasler, L50, F|
|poke|p1|Dragapult, L50, F|
|poke|p2|Excadrill, L50, M|
|poke|p2|Tyranitar, L50, M|
|poke|p2|Kilowattrel, L50, F|
|poke|p2|Indeedee, L50, M|
|poke|p2|Sneasler, L50, F|
|poke|p2|Dragapult, L50, F|
|teampreview|4
|showteam|p1|Kingambit||BlackGlasses|Defiant|Protect,KowtowCleave,SuckerPunch,SwordsDance|||F|||50|,,,,,Ghost]Rillaboom||AssaultVest|GrassySurge|WoodHammer,GrassyGlide,HighHorsepower,FakeOut|||F|||50|,,,,,Fire]Magmar||Eviolite|VitalSpirit|Overheat,WillOWisp,FollowMe,Protect|||F|||50|,,,,,Ghost]Primarina||SitrusBerry|LiquidVoice|HyperVoice,Moonblast,Haze,Protect|||F|||50|,,,,,Water]Sneasler||FocusSash|PoisonTouch|CloseCombat,DireClaw,Coaching,FakeOut|||F|||50|,,,,,Stellar]Dragapult||ChoiceBand|ClearBody|DragonDarts,TeraBlast,PhantomForce,Uturn|||F|||50|,,,,,Steel
|showteam|p2|Excadrill||FocusSash|SandRush|Protect,IronHead,HighHorsepower,Earthquake|||M|||50|,,,,,Ground]Tyranitar||AssaultVest|SandStream|TeraBlast,RockSlide,KnockOff,LowKick|||M|||50|,,,,,Flying]Kilowattrel||CovertCloak|Competitive|Thunderbolt,AirSlash,Tailwind,Protect|||F|||50|,,,,,Water]Indeedee||ChoiceScarf|PsychicSurge|Trick,Protect,ExpandingForce,TeraBlast|||M|||50|,,,,,Psychic]Sneasler||PsychicSeed|Unburden|DireClaw,CloseCombat,Coaching,Protect|||F|||50|,,,,,Dark]Dragapult||ChoiceBand|ClearBody|DragonDarts,TeraBlast,PhantomForce,Uturn|||F|||50|,,,,,Ghost
|inactive|Battle timer is ON: inactive players will automatically lose when time's up. (requested by koraidon goat)
|inactive|moicito has 60 seconds left.
|inactive|koraidon goat has 60 seconds left.
|inactive|moicito has 30 seconds left.
|
|t:|1756957785
|teamsize|p1|4
|teamsize|p2|4
|start
|switch|p1a: Dragapult|Dragapult, L50, F|100/100
|switch|p1b: Kingii|Kingambit, L50, F, shiny|100/100
|switch|p2a: Tyranitar|Tyranitar, L50, M|100/100
|switch|p2b: Sneasler|Sneasler, L50, F, shiny|100/100
|-weather|Sandstorm|[from] ability: Sand Stream|[of] p2a: Tyranitar
|turn|1
|inactive|moicito has 30 seconds left.
|inactive|koraidon goat has 30 seconds left.
|inactive|moicito has 20 seconds left.
|inactive|koraidon goat has 20 seconds left.
|inactive|moicito has 15 seconds left.
|inactive|moicito has 10 seconds left.
|
|t:|1756957832
|-terastallize|p1b: Kingii|Ghost
|move|p1a: Dragapult|U-turn|p2a: Tyranitar
|-supereffective|p2a: Tyranitar
|-damage|p2a: Tyranitar|45/100
|
|t:|1756957842
|switch|p1a: Primarina|Primarina, L50, F|100/100|[from] U-turn
|move|p2b: Sneasler|Close Combat|p1b: Kingii
|-immune|p1b: Kingii
|move|p2a: Tyranitar|Knock Off|p1a: Primarina
|-resisted|p1a: Primarina
|-damage|p1a: Primarina|70/100
|-enditem|p1a: Primarina|Sitrus Berry|[from] move: Knock Off|[of] p2a: Tyranitar
|move|p1b: Kingii|Kowtow Cleave|p2a: Tyranitar
|-resisted|p2a: Tyranitar
|-damage|p2a: Tyranitar|23/100
|
|-weather|Sandstorm|[upkeep]
|-damage|p2b: Sneasler|95/100|[from] Sandstorm
|-damage|p1a: Primarina|64/100|[from] Sandstorm
|-damage|p1b: Kingii|95/100|[from] Sandstorm
|upkeep
|turn|2
|inactive|moicito has 30 seconds left.
|inactive|koraidon goat has 30 seconds left.
|inactive|koraidon goat has 20 seconds left.
|
|t:|1756957878
|switch|p1b: Rilli|Rillaboom, L50, F, shiny|100/100
|-fieldstart|move: Grassy Terrain|[from] ability: Grassy Surge|[of] p1b: Rilli
|move|p2b: Sneasler|Dire Claw|p1b: Rilli
|-supereffective|p1b: Rilli
|-damage|p1b: Rilli|21/100
|-status|p1b: Rilli|psn
|move|p1a: Primarina|Hyper Voice|p2b: Sneasler|[spread] p2a,p2b
|-supereffective|p2a: Tyranitar
|-damage|p2a: Tyranitar|0 fnt
|-damage|p2b: Sneasler|46/100
|faint|p2a: Tyranitar
|
|-weather|Sandstorm|[upkeep]
|-damage|p2b: Sneasler|40/100|[from] Sandstorm
|-damage|p1b: Rilli|15/100 psn|[from] Sandstorm
|-damage|p1a: Primarina|58/100|[from] Sandstorm
|-heal|p2b: Sneasler|46/100|[from] Grassy Terrain
|-heal|p1b: Rilli|21/100 psn|[from] Grassy Terrain
|-heal|p1a: Primarina|64/100|[from] Grassy Terrain
|-damage|p1b: Rilli|9/100 psn|[from] psn
|upkeep
|inactive|koraidon goat has 30 seconds left.
|
|t:|1756957909
|switch|p2a: Dragapult|Dragapult, L50, F, shiny|100/100
|turn|3
|
|t:|1756957930
|switch|p1b: Kingii|Kingambit, L50, F, shiny, tera:Ghost|95/100
|move|p1a: Primarina|Protect|p1a: Primarina
|-singleturn|p1a: Primarina|Protect
|move|p2a: Dragapult|Dragon Darts|p1b: Kingii
|-damage|p1b: Kingii|61/100
|-anim|p2a: Dragapult|Dragon Darts|p1b: Kingii
|-damage|p1b: Kingii|29/100
|move|p2b: Sneasler|Dire Claw|p1a: Primarina
|-activate|p1a: Primarina|move: Protect
|
|-weather|Sandstorm|[upkeep]
|-damage|p2a: Dragapult|94/100|[from] Sandstorm
|-damage|p2b: Sneasler|40/100|[from] Sandstorm
|-damage|p1a: Primarina|58/100|[from] Sandstorm
|-damage|p1b: Kingii|24/100|[from] Sandstorm
|-heal|p2a: Dragapult|100/100|[from] Grassy Terrain
|-heal|p2b: Sneasler|46/100|[from] Grassy Terrain
|-heal|p1a: Primarina|64/100|[from] Grassy Terrain
|-heal|p1b: Kingii|29/100|[from] Grassy Terrain
|upkeep
|turn|4
|inactive|moicito has 30 seconds left.
|
|t:|1756957963
|switch|p2a: Indeedee|Indeedee, L50, M|100/100
|-fieldstart|move: Psychic Terrain|[from] ability: Psychic Surge|[of] p2a: Indeedee
|-enditem|p2b: Sneasler|Psychic Seed
|-boost|p2b: Sneasler|spd|1|[from] item: Psychic Seed
|move|p2b: Sneasler|Dire Claw|p1a: Primarina
|-supereffective|p1a: Primarina
|-damage|p1a: Primarina|0 fnt
|faint|p1a: Primarina
|move|p1b: Kingii|Kowtow Cleave|p2a: Indeedee
|-supereffective|p2a: Indeedee
|-damage|p2a: Indeedee|0 fnt
|faint|p2a: Indeedee
|
|-weather|Sandstorm|[upkeep]
|-damage|p2b: Sneasler|40/100|[from] Sandstorm
|-damage|p1b: Kingii|24/100|[from] Sandstorm
|upkeep
|
|t:|1756957980
|switch|p2a: Dragapult|Dragapult, L50, F, shiny|100/100
|switch|p1a: Rilli|Rillaboom, L50, F, shiny|9/100 psn
|-fieldstart|move: Grassy Terrain|[from] ability: Grassy Surge|[of] p1a: Rilli
|turn|5
|
|t:|1756957996
|move|p1a: Rilli|Fake Out|p2b: Sneasler
|-damage|p2b: Sneasler|15/100
|move|p1b: Kingii|Sucker Punch|p2a: Dragapult
|-supereffective|p2a: Dragapult
|-damage|p2a: Dragapult|0 fnt
|faint|p2a: Dragapult
|cant|p2b: Sneasler|flinch
|
|-weather|none
|-heal|p2b: Sneasler|20/100|[from] Grassy Terrain
|-heal|p1a: Rilli|15/100 psn|[from] Grassy Terrain
|-heal|p1b: Kingii|29/100|[from] Grassy Terrain
|-damage|p1a: Rilli|3/100 psn|[from] psn
|upkeep
|turn|6
|-message|koraidon goat forfeited.
|
|win|moicito
|l|☆koraidon goat
|player|p2|
||koraidon goat is ready for game 2.
||moicito is ready for game 2.
|uhtml|next|Next: Game 2 of 3
