|j|☆TheOneAndOnlyChat
|j|☆importarcade
|html|TheOneAndOnlyChatimportarcade    
|uhtml|bestof|Game 1 of a best-of-3
|t:|1782339652
|gametype|doubles
|player|p1|TheOneAndOnlyChat|iono-masters|1062
|player|p2|importarcade|ethan|1040
|gen|9
|tier|[Gen 9 Champions] VGC 2026 Reg M-B (Bo3)
|rated|
|rule|Species Clause: Limit one of each Pokémon
|rule|Item Clause: Limit 1 of each item
|clearpoke
|poke|p1|Swampert, L50, F|
|poke|p1|Pelipper, L50, M|
|poke|p1|Sableye, L50, M|
|poke|p1|Archaludon, L50, F|
|poke|p1|Incineroar, L50, M|
|poke|p1|Venusaur, L50, M|
|poke|p2|Swampert, L50, M|
|poke|p2|Pelipper, L50, M|
|poke|p2|Dragonite, L50, M|
|poke|p2|Basculegion, L50, M|
|poke|p2|Sneasler, L50, M|
|poke|p2|Archaludon, L50, F|
|teampreview|4
|showteam|p1|Swampert||Swampertite|Damp|WaveCrash,Earthquake,FlipTurn,Protect|Jolly||F|||50|]Pelipper||ChoiceScarf|Drizzle|WideGuard,Hurricane,Tailwind,MuddyWater|Timid||M|||50|]Sableye||LightClay|Prankster|RainDance,Reflect,LightScreen,Encore|Relaxed||M|||50|]Archaludon||Leftovers|Stamina|ElectroShot,DragonPulse,FlashCannon,Protect|Bold||F|||50|]Incineroar||SitrusBerry|Intimidate|FakeOut,PartingShot,ThroatChop,WillOWisp|Impish||M|||50|]Venusaur||Venusaurite|Chlorophyll|SludgeBomb,EarthPower,GigaDrain,Protect|Modest||M|||50|
|showteam|p2|Swampert||Swampertite|Damp|WaveCrash,Earthquake,IcePunch,Protect|Adamant||M|||50|]Pelipper||FocusSash|Drizzle|Hurricane,WeatherBall,Tailwind,WideGuard|Modest||M|||50|]Dragonite||Dragoninite|InnerFocus|DragonPulse,Hurricane,ExtremeSpeed,Protect|Modest||M|||50|]Basculegion||ChoiceScarf|Adaptability|WaveCrash,LastRespects,FlipTurn,AquaJet|Jolly||M|||50|]Sneasler||WhiteHerb|Unburden|DireClaw,CloseCombat,Protect,FakeOut|Adamant||M|||50|]Archaludon||Leftovers|Stamina|ElectroShot,DragonPulse,FlashCannon,Protect|Calm||F|||50|
|
|t:|1782339745
|teamsize|p1|4
|teamsize|p2|4
|start
|switch|p1a: Sableye|Sableye, L50, M|100/100
|switch|p1b: Venusaur|Venusaur, L50, M|100/100
|switch|p2a: Pelipper|Pelipper, L50, M|100/100
|switch|p2b: Swampert|Swampert, L50, M|100/100
|-weather|RainDance|[from] ability: Drizzle|[of] p2a: Pelipper
|turn|1
|
|t:|1782339787
|detailschange|p1b: Venusaur|Venusaur-Mega, L50, M
|-mega|p1b: Venusaur|Venusaur|Venusaurite
|move|p1a: Sableye|Light Screen|p1a: Sableye
|-sidestart|p1: TheOneAndOnlyChat|move: Light Screen
|move|p2a: Pelipper|Hurricane|p1b: Venusaur
|-supereffective|p1b: Venusaur|1
|-damage|p1b: Venusaur|32/100
|-start|p1b: Venusaur|confusion
|move|p2b: Swampert|Earthquake|p1a: Sableye|[spread] p1a,p1b
|-immune|p2a: Pelipper
|-damage|p1a: Sableye|32/100
|-damage|p1b: Venusaur|0 fnt
|faint|p1b: Venusaur
|
|-weather|RainDance|[upkeep]
|upkeep
|
|t:|1782339798
|switch|p1b: Archaludon|Archaludon, L50, F|100/100
|turn|2
|
|t:|1782339828
|switch|p2a: Archaludon|Archaludon, L50, F|100/100
|detailschange|p2b: Swampert|Swampert-Mega, L50, M
|-mega|p2b: Swampert|Swampert|Swampertite
|move|p1a: Sableye|Reflect|p1a: Sableye
|-sidestart|p1: TheOneAndOnlyChat|Reflect
|move|p2b: Swampert|Earthquake|p1a: Sableye|[spread] p2a,p1a,p1b
|-supereffective|p2a: Archaludon|1
|-supereffective|p1b: Archaludon|1
|-damage|p2a: Archaludon|32/100
|-damage|p1a: Sableye|0 fnt
|-damage|p1b: Archaludon|48/100
|-ability|p2a: Archaludon|Stamina|boost
|-boost|p2a: Archaludon|def|1
|-ability|p1b: Archaludon|Stamina|boost
|-boost|p1b: Archaludon|def|1
|faint|p1a: Sableye
|move|p1b: Archaludon|Electro Shot||[still]
|-prepare|p1b: Archaludon|Electro Shot
|-boost|p1b: Archaludon|spa|1
|-anim|p1b: Archaludon|Electro Shot|p2a: Archaludon
|-resisted|p2a: Archaludon|1
|-damage|p2a: Archaludon|8/100
|-ability|p2a: Archaludon|Stamina|boost
|-boost|p2a: Archaludon|def|1
|
|-weather|RainDance|[upkeep]
|-heal|p2a: Archaludon|14/100|[from] item: Leftovers
|-heal|p1b: Archaludon|54/100|[from] item: Leftovers
|upkeep
|
|t:|1782339831
|switch|p1a: Pelipper|Pelipper, L50, M|100/100
|turn|3
|
|t:|1782339881
|move|p2a: Archaludon|Protect|p2a: Archaludon
|-singleturn|p2a: Archaludon|Protect
|move|p2b: Swampert|Ice Punch|p1b: Archaludon
|-damage|p1b: Archaludon|43/100
|-ability|p1b: Archaludon|Stamina|boost
|-boost|p1b: Archaludon|def|1
|move|p1a: Pelipper|Muddy Water|p2a: Archaludon|[spread] p2b
|-activate|p2a: Archaludon|move: Protect
|-damage|p2b: Swampert|68/100
|move|p1b: Archaludon|Dragon Pulse|p2b: Swampert
|-damage|p2b: Swampert|21/100
|
|-weather|RainDance|[upkeep]
|-heal|p2a: Archaludon|20/100y|[from] item: Leftovers
|-heal|p1b: Archaludon|49/100|[from] item: Leftovers
|upkeep
|turn|4
|
|t:|1782339913
|switch|p2b: Basculegion|Basculegion, L50, M|100/100
|move|p1a: Pelipper|Muddy Water|p2b: Basculegion|[spread] p2a,p2b
|-resisted|p2a: Archaludon|1
|-resisted|p2b: Basculegion|1
|-damage|p2a: Archaludon|7/100
|-damage|p2b: Basculegion|82/100
|-ability|p2a: Archaludon|Stamina|boost
|-boost|p2a: Archaludon|def|1
|move|p2a: Archaludon|Electro Shot||[still]
|-prepare|p2a: Archaludon|Electro Shot
|-boost|p2a: Archaludon|spa|1
|-anim|p2a: Archaludon|Electro Shot|p1a: Pelipper
|-supereffective|p1a: Pelipper|2
|-damage|p1a: Pelipper|0 fnt
|faint|p1a: Pelipper
|move|p1b: Archaludon|Electro Shot||[still]
|-prepare|p1b: Archaludon|Electro Shot
|-boost|p1b: Archaludon|spa|1
|-anim|p1b: Archaludon|Electro Shot|p2a: Archaludon
|-resisted|p2a: Archaludon|1
|-damage|p2a: Archaludon|0 fnt
|faint|p2a: Archaludon
|
|-weather|RainDance|[upkeep]
|-heal|p1b: Archaludon|55/100|[from] item: Leftovers
|upkeep
|
|t:|1782339935
|switch|p2a: Swampert|Swampert-Mega, L50, M|21/100
|turn|5
|
|t:|1782339966
|move|p2a: Swampert|Protect|p2a: Swampert
|-singleturn|p2a: Swampert|Protect
|move|p1b: Archaludon|Protect|p1b: Archaludon
|-singleturn|p1b: Archaludon|Protect
|move|p2b: Basculegion|Flip Turn|p1b: Archaludon
|-activate|p1b: Archaludon|move: Protect
|
|-weather|none
|-heal|p1b: Archaludon|61/100|[from] item: Leftovers
|upkeep
|turn|6
|
|t:|1782339988
|move|p2b: Basculegion|Flip Turn|p1b: Archaludon
|-resisted|p1b: Archaludon|1
|-damage|p1b: Archaludon|55/100
|-ability|p1b: Archaludon|Stamina|boost
|-boost|p1b: Archaludon|def|1
|
|t:|1782339993
|switch|p2b: Pelipper|Pelipper, L50, M|100/100|[from] Flip Turn
|-weather|RainDance|[from] ability: Drizzle|[of] p2b: Pelipper
|move|p2a: Swampert|Earthquake|p1b: Archaludon|[spread] p1b
|-immune|p2b: Pelipper
|-supereffective|p1b: Archaludon|1
|-damage|p1b: Archaludon|35/100
|-ability|p1b: Archaludon|Stamina|boost
|-boost|p1b: Archaludon|def|1
|move|p1b: Archaludon|Electro Shot||[still]
|-prepare|p1b: Archaludon|Electro Shot
|-boost|p1b: Archaludon|spa|1
|-anim|p1b: Archaludon|Electro Shot|p2b: Pelipper
|-supereffective|p2b: Pelipper|2
|-enditem|p2b: Pelipper|Focus Sash
|-damage|p2b: Pelipper|1/100
|
|-weather|RainDance|[upkeep]
|-heal|p1b: Archaludon|41/100|[from] item: Leftovers
|upkeep
|turn|7
|
|t:|1782340018
|move|p1b: Archaludon|Protect|p1b: Archaludon
|-singleturn|p1b: Archaludon|Protect
|move|p2a: Swampert|Earthquake|p1b: Archaludon|[spread] 
|-activate|p1b: Archaludon|move: Protect
|-immune|p2b: Pelipper
|move|p2b: Pelipper|Weather Ball|p1b: Archaludon
|-activate|p1b: Archaludon|move: Protect
|
|-weather|RainDance|[upkeep]
|-heal|p1b: Archaludon|47/100|[from] item: Leftovers
|upkeep
|turn|8
|
|t:|1782340040
|move|p2a: Swampert|Earthquake|p1b: Archaludon|[spread] p1b
|-immune|p2b: Pelipper
|-supereffective|p1b: Archaludon|1
|-crit|p1b: Archaludon
|-damage|p1b: Archaludon|0 fnt
|faint|p1b: Archaludon
|
|win|importarcade
||TheOneAndOnlyChat is ready for game 2.
||importarcade is ready for game 2.
|uhtml|next|Next: Game 2 of 3
|l|☆TheOneAndOnlyChat
|player|p1|
