|j|☆Magicalarcher57
|j|☆naibot2814
|html|Magicalarcher57naibot2814    
|uhtml|bestof|Game 3 of a best-of-3
|t:|1782526645
|gametype|doubles
|player|p1|Magicalarcher57|diantha|1170
|player|p2|naibot2814|ghetsis|1295
|gen|9
|tier|[Gen 9 Champions] VGC 2026 Reg M-B (Bo3)
|rated|
|rule|Species Clause: Limit one of each Pokémon
|rule|Item Clause: Limit 1 of each item
|clearpoke
|poke|p1|Raichu, L50, F, shiny|
|poke|p1|Garchomp, L50, F, shiny|
|poke|p1|Whimsicott, L50, F, shiny|
|poke|p1|Kingambit, L50, F, shiny|
|poke|p1|Basculegion, L50, M, shiny|
|poke|p1|Charizard, L50, F, shiny|
|poke|p2|Metagross, L50, shiny|
|poke|p2|Sneasler, L50, M|
|poke|p2|Hydreigon, L50, M|
|poke|p2|Incineroar, L50, M|
|poke|p2|Aerodactyl, L50, M|
|poke|p2|Floette-Eternal, L50, F|
|teampreview|4
|showteam|p1|Raichu||RaichuniteY|LightningRod|FakeOut,FocusBlast,ZapCannon,Protect|Timid||F|||50|]Garchomp||LifeOrb|RoughSkin|DragonClaw,Earthquake,StompingTantrum,Protect|Jolly||F|||50|]Whimsicott||FocusSash|Prankster|Moonblast,Tailwind,SunnyDay,Encore|Timid||F|||50|]Kingambit||BlackGlasses|Defiant|SuckerPunch,KowtowCleave,IronHead,Protect|Adamant||F|||50|]Basculegion||ChoiceScarf|Adaptability|LastRespects,WaveCrash,FlipTurn,AquaJet|Jolly||M|||50|]Charizard||CharizarditeY|Blaze|WeatherBall,SolarBeam,HeatWave,Protect|Modest||F|||50|
|showteam|p2|Metagross||Metagrossite|ClearBody|PsychicFangs,BodyPress,IronHead,Protect|Jolly|||||50|]Sneasler||WhiteHerb|Unburden|FakeOut,Coaching,CloseCombat,DireClaw|Jolly||M|||50|]Hydreigon||ChoiceScarf|Levitate|DracoMeteor,Snarl,DarkPulse,Flamethrower|Modest||M|||50|]Incineroar||PasshoBerry|Intimidate|FakeOut,DarkestLariat,FlareBlitz,PartingShot|Careful||M|||50|]Aerodactyl||FocusSash|Unnerve|DualWingbeat,RockSlide,WideGuard,Tailwind|Jolly||M|||50|]Floette-Eternal||Floettite|FlowerVeil|DrainingKiss,DazzlingGleam,CalmMind,Protect|Modest||F|||50|
|inactive|Battle timer is ON: inactive players will automatically lose when time's up. (requested by Magicalarcher57)
|
|t:|1782526660
|teamsize|p1|4
|teamsize|p2|4
|start
|switch|p1a: Charizard|Charizard, L50, F, shiny|100/100
|switch|p1b: Circe|Whimsicott, L50, F, shiny|100/100
|switch|p2a: Pedro Sánchez|Aerodactyl, L50, M|100/100
|switch|p2b: Nagatoro|Sneasler, L50, M|100/100
|-ability|p2a: Pedro Sánchez|Unnerve
|turn|1
|inactive|naibot2814 has 30 seconds left.
|inactive|naibot2814 has 20 seconds left.
|inactive|naibot2814 has 15 seconds left.
|
|t:|1782526702
|detailschange|p1a: Charizard|Charizard-Mega-Y, L50, F, shiny
|-mega|p1a: Charizard|Charizard|Charizardite Y
|-weather|SunnyDay|[from] ability: Drought|[of] p1a: Charizard
|move|p1b: Circe|Tailwind|p1b: Circe
|-sidestart|p1: Magicalarcher57|move: Tailwind
|move|p1a: Charizard|Weather Ball|p2b: Nagatoro
|-damage|p2b: Nagatoro|0 fnt
|faint|p2b: Nagatoro
|move|p2a: Pedro Sánchez|Tailwind|p2a: Pedro Sánchez
|-sidestart|p2: naibot2814|move: Tailwind
|
|-weather|SunnyDay|[upkeep]
|upkeep
|
|t:|1782526711
|switch|p2b: Madoka Kaname|Floette-Eternal, L50, F|100/100
|turn|2
|
|t:|1782526717
|switch|p2a: HAIL HYDRA|Hydreigon, L50, M|100/100
|detailschange|p2b: Madoka Kaname|Floette-Mega, L50, F
|-mega|p2b: Madoka Kaname|Floette|Floettite
|-ability|p2b: Madoka Kaname|Fairy Aura
|move|p1b: Circe|Encore|p2a: HAIL HYDRA
|-hint|Since gen 7, Dark is immune to Prankster moves.
|-immune|p2a: HAIL HYDRA
|move|p2b: Madoka Kaname|Dazzling Gleam|p1a: Charizard|[spread] p1a,p1b
|-resisted|p1a: Charizard|1
|-damage|p1a: Charizard|76/100
|-damage|p1b: Circe|29/100
|move|p1a: Charizard|Weather Ball|p2b: Madoka Kaname
|-crit|p2b: Madoka Kaname
|-damage|p2b: Madoka Kaname|0 fnt
|faint|p2b: Madoka Kaname
|
|-weather|SunnyDay|[upkeep]
|upkeep
|
|t:|1782526730
|switch|p2b: Pedro Sánchez|Aerodactyl, L50, M|100/100
|-ability|p2b: Pedro Sánchez|Unnerve
|turn|3
|
|t:|1782526748
|switch|p1b: Athena|Garchomp, L50, F, shiny|100/100
|move|p1a: Charizard|Protect|p1a: Charizard
|-singleturn|p1a: Charizard|Protect
|move|p2a: HAIL HYDRA|Dark Pulse|p1b: Athena
|-crit|p1b: Athena
|-damage|p1b: Athena|20/100r
|move|p2b: Pedro Sánchez|Rock Slide|p1a: Charizard|[spread] p1b
|-activate|p1a: Charizard|move: Protect
|-resisted|p1b: Athena|1
|-damage|p1b: Athena|7/100
|
|-weather|SunnyDay|[upkeep]
|upkeep
|turn|4
|
|t:|1782526765
|move|p2a: HAIL HYDRA|Dark Pulse|p1a: Charizard
|-damage|p1a: Charizard|32/100
|move|p2b: Pedro Sánchez|Rock Slide|p1a: Charizard|[spread] p1a,p1b
|-supereffective|p1a: Charizard|2
|-resisted|p1b: Athena|1
|-damage|p1a: Charizard|0 fnt
|-damage|p1b: Athena|0 fnt
|faint|p1a: Charizard
|faint|p1b: Athena
|
|-weather|SunnyDay|[upkeep]
|-sideend|p2: naibot2814|move: Tailwind
|-sideend|p1: Magicalarcher57|move: Tailwind
|upkeep
|
|t:|1782526769
|switch|p1b: Basculegion|Basculegion, L50, M, shiny|100/100
|switch|p1a: Circe|Whimsicott, L50, F, shiny|29/100
|turn|5
|
|t:|1782526776
|move|p2a: HAIL HYDRA|Dark Pulse|p1b: Basculegion
|-supereffective|p1b: Basculegion|1
|-damage|p1b: Basculegion|0 fnt
|faint|p1b: Basculegion
|move|p2b: Pedro Sánchez|Dual Wingbeat|p1a: Circe
|-supereffective|p1a: Circe|1
|-damage|p1a: Circe|0 fnt
|faint|p1a: Circe
|-hitcount|p1: Circe|1
|
|win|naibot2814
|raw|Magicalarcher57's rating: 1170 → 1154(-16 for losing)
|raw|naibot2814's rating: 1295 → 1311(+16 for winning)
|l|☆Magicalarcher57
|player|p1|
