|j|☆NettoFagundes
|j|☆SeymoursLeftToeVGC
|html|NettoFagundesSeymoursLeftToeVGC    
|uhtml|bestof|Game 2 of a best-of-3
|t:|1782257434
|gametype|doubles
|player|p1|NettoFagundes|hugh|1077
|player|p2|SeymoursLeftToeVGC|marlon|1070
|gen|9
|tier|[Gen 9 Champions] VGC 2026 Reg M-B (Bo3)
|rated|
|rule|Species Clause: Limit one of each Pokémon
|rule|Item Clause: Limit 1 of each item
|clearpoke
|poke|p1|Swampert, L50, M|
|poke|p1|Raichu, L50, M|
|poke|p1|Archaludon, L50, M|
|poke|p1|Pelipper, L50, M|
|poke|p1|Basculegion, L50, M|
|poke|p1|Grimmsnarl, L50, M|
|poke|p2|Whimsicott, L50, F, shiny|
|poke|p2|Typhlosion-Hisui, L50, F, shiny|
|poke|p2|Farigiraf, L50, F|
|poke|p2|Sceptile, L50, F, shiny|
|poke|p2|Rotom-Wash, L50, shiny|
|poke|p2|Tyranitar, L50, F, shiny|
|teampreview|4
|showteam|p1|Swampert||Swampertite|Torrent|WaveCrash,Earthquake,PoisonJab,Protect|Adamant||M|||50|]Raichu||RaichuniteY|LightningRod|FakeOut,ZapCannon,FocusBlast,VoltSwitch|Hasty||M|||50|]Archaludon||Leftovers|Stamina|FlashCannon,DracoMeteor,ElectroShot,Protect|Calm||M|||50|]Pelipper||FocusSash|Drizzle|Hurricane,Protect,WeatherBall,Tailwind|Bold||M|||50|]Basculegion||ChoiceScarf|Adaptability|WaveCrash,AquaJet,LastRespects,FlipTurn|Jolly||M|||50|]Grimmsnarl||LightClay|Prankster|SpiritBreak,Reflect,LightScreen,PartingShot|Careful||M|||50|
|showteam|p2|Whimsicott||FocusSash|Prankster|Moonblast,FakeTears,Protect,Tailwind|Modest||F|||50|]Typhlosion-Hisui||Charcoal|Blaze|Eruption,Protect,ShadowBall,HeatWave|Modest||F|||50|]Farigiraf||LifeOrb|ArmorTail|HyperVoice,TwinBeam,Protect,HelpingHand|Modest||F|||50|]Sceptile||Sceptilite|Overgrow|FrenzyPlant,DragonPulse,Protect,GigaDrain|Timid||F|||50|]Rotom-Wash||ChoiceScarf|Levitate|HydroPump,Discharge,VoltSwitch,Electroweb|Timid|||||50|]Tyranitar||Tyranitarite|SandStream|RockSlide,KnockOff,Protect,DragonDance|Adamant||F|||50|
|inactive|Battle timer is ON: inactive players will automatically lose when time's up. (requested by SeymoursLeftToeVGC)
|
|t:|1782257461
|teamsize|p1|4
|teamsize|p2|4
|start
|switch|p1a: Raichu|Raichu, L50, M|100/100
|switch|p1b: Grimmsnarl|Grimmsnarl, L50, M|100/100
|switch|p2a: Sceptile|Sceptile, L50, F, shiny|100/100
|switch|p2b: Rotom|Rotom-Wash, L50, shiny|100/100
|turn|1
|inactive|SeymoursLeftToeVGC has 30 seconds left.
|
|t:|1782257491
|detailschange|p2a: Sceptile|Sceptile-Mega, L50, F, shiny
|-mega|p2a: Sceptile|Sceptile|Sceptilite
|move|p2a: Sceptile|Protect|p2a: Sceptile
|-singleturn|p2a: Sceptile|Protect
|move|p1a: Raichu|Fake Out|p2a: Sceptile
|-activate|p2a: Sceptile|move: Protect
|move|p1b: Grimmsnarl|Light Screen|p1b: Grimmsnarl
|-sidestart|p1: NettoFagundes|move: Light Screen
|move|p2b: Rotom|Discharge|p1b: Grimmsnarl|[spread] p1b
|-activate|p2a: Sceptile|move: Protect
|-ability|p1a: Raichu|Lightning Rod|boost
|-boost|p1a: Raichu|spa|1
|-damage|p1b: Grimmsnarl|85/100
|-status|p1b: Grimmsnarl|par
|
|upkeep
|turn|2
|inactive|NettoFagundes has 30 seconds left.
|inactive|NettoFagundes has 20 seconds left.
|
|t:|1782257528
|move|p2b: Rotom|Discharge|p1b: Grimmsnarl|[spread] p1b
|-ability|p2a: Sceptile|Lightning Rod|boost
|-boost|p2a: Sceptile|spa|1
|-ability|p1a: Raichu|Lightning Rod|boost
|-boost|p1a: Raichu|spa|1
|-damage|p1b: Grimmsnarl|71/100 par
|move|p2a: Sceptile|Dragon Pulse|p1a: Raichu
|-damage|p1a: Raichu|18/100
|move|p1a: Raichu|Zap Cannon|p2a: Sceptile
|-activate|p2a: Sceptile|ability: Lightning Rod
|-ability|p2a: Sceptile|Lightning Rod|boost
|-boost|p2a: Sceptile|spa|1
|move|p1b: Grimmsnarl|Spirit Break|p2a: Sceptile
|-supereffective|p2a: Sceptile|1
|-damage|p2a: Sceptile|12/100
|-unboost|p2a: Sceptile|spa|1
|
|upkeep
|turn|3
|inactive|NettoFagundes has 30 seconds left.
|inactive|NettoFagundes has 20 seconds left.
|
|t:|1782257565
|move|p2b: Rotom|Discharge|p1b: Grimmsnarl|[spread] p1b
|-ability|p2a: Sceptile|Lightning Rod|boost
|-boost|p2a: Sceptile|spa|1
|-ability|p1a: Raichu|Lightning Rod|boost
|-boost|p1a: Raichu|spa|1
|-damage|p1b: Grimmsnarl|56/100 par
|move|p2a: Sceptile|Giga Drain|p1b: Grimmsnarl
|-damage|p1b: Grimmsnarl|12/100 par
|-heal|p2a: Sceptile|43/100|[from] drain|[of] p1b: Grimmsnarl
|move|p1a: Raichu|Focus Blast|p2a: Sceptile
|-damage|p2a: Sceptile|0 fnt
|faint|p2a: Sceptile
|move|p1b: Grimmsnarl|Spirit Break|p2b: Rotom
|-damage|p2b: Rotom|59/100
|-unboost|p2b: Rotom|spa|1
|
|upkeep
|
|t:|1782257584
|switch|p2a: Whimsicott|Whimsicott, L50, F, shiny|100/100
|turn|4
|inactive|NettoFagundes has 30 seconds left.
|inactive|NettoFagundes has 20 seconds left.
|
|t:|1782257623
|move|p2b: Rotom|Discharge|p1b: Grimmsnarl|[spread] p2a,p1b
|-ability|p1a: Raichu|Lightning Rod|boost
|-boost|p1a: Raichu|spa|1
|-resisted|p2a: Whimsicott|1
|-damage|p2a: Whimsicott|84/100
|-damage|p1b: Grimmsnarl|2/100 par
|move|p1a: Raichu|Volt Switch|p2b: Rotom
|-damage|p2b: Rotom|0 fnt
|faint|p2b: Rotom
|
|t:|1782257635
|switch|p1a: Pelipper|Pelipper, L50, M|100/100|[from] Volt Switch
|-weather|RainDance|[from] ability: Drizzle|[of] p1a: Pelipper
|move|p2a: Whimsicott|Moonblast|p1a: Pelipper
|-damage|p1a: Pelipper|64/100
|move|p1b: Grimmsnarl|Spirit Break|p2a: Whimsicott
|-damage|p2a: Whimsicott|40/100
|-unboost|p2a: Whimsicott|spa|1
|
|-weather|RainDance|[upkeep]
|upkeep
|
|t:|1782257647
|switch|p2b: Farigiraf|Farigiraf, L50, F|100/100
|turn|5
|
|t:|1782257657
|move|p2a: Whimsicott|Fake Tears|p1a: Pelipper
|-unboost|p1a: Pelipper|spd|2
|move|p2b: Farigiraf|Hyper Voice|p1b: Grimmsnarl|[spread] p1a,p1b
|-damage|p1a: Pelipper|0 fnt
|-damage|p1b: Grimmsnarl|0 fnt
|faint|p1a: Pelipper
|faint|p1b: Grimmsnarl
|-damage|p2b: Farigiraf|90/100|[from] item: Life Orb
|
|-weather|RainDance|[upkeep]
|upkeep
|
|t:|1782257663
|switch|p1a: Raichu|Raichu, L50, M|18/100
|switch|p1b: Swampert|Swampert, L50, M|100/100
|turn|6
|
|t:|1782257685
|detailschange|p1b: Swampert|Swampert-Mega, L50, M
|-mega|p1b: Swampert|Swampert|Swampertite
|move|p2a: Whimsicott|Tailwind|p2a: Whimsicott
|-sidestart|p2: SeymoursLeftToeVGC|move: Tailwind
|move|p2b: Farigiraf|Hyper Voice|p1b: Swampert|[spread] p1a,p1b
|-damage|p1a: Raichu|0 fnt
|-damage|p1b: Swampert|76/100
|faint|p1a: Raichu
|-damage|p2b: Farigiraf|80/100|[from] item: Life Orb
|move|p1b: Swampert|Poison Jab|p2a: Whimsicott
|-supereffective|p2a: Whimsicott|2
|-damage|p2a: Whimsicott|0 fnt
|faint|p2a: Whimsicott
|
|-weather|RainDance|[upkeep]
|upkeep
|turn|7
|
|t:|1782257705
|move|p2b: Farigiraf|Protect|p2b: Farigiraf
|-singleturn|p2b: Farigiraf|Protect
|move|p1b: Swampert|Wave Crash|p2b: Farigiraf
|-activate|p2b: Farigiraf|move: Protect
|
|-weather|RainDance|[upkeep]
|upkeep
|turn|8
|
|t:|1782257712
|move|p2b: Farigiraf|Hyper Voice|p1b: Swampert
|-damage|p1b: Swampert|43/100
|-damage|p2b: Farigiraf|71/100|[from] item: Life Orb
|move|p1b: Swampert|Wave Crash|p2b: Farigiraf
|-damage|p2b: Farigiraf|0 fnt
|faint|p2b: Farigiraf
|-damage|p1b: Swampert|21/100|[from] Recoil
|
|win|NettoFagundes
