|j|‽Carrielis
|j|☆sum1dum
|html|Carrielissum1dum    
|uhtml|bestof|Game 2 of a best-of-3
|t:|1784060101
|gametype|doubles
|player|p1|Carrielis|erika-masters3|1192
|player|p2|sum1dum|rosa|1129
|gen|9
|tier|[Gen 9 Champions] VGC 2026 Reg M-B (Bo3)
|rated|
|rule|Species Clause: Limit one of each Pokémon
|rule|Item Clause: Limit 1 of each item
|clearpoke
|poke|p1|Kangaskhan, L50, F|
|poke|p1|Incineroar, L50, M|
|poke|p1|Farigiraf, L50, M|
|poke|p1|Floette-Eternal, L50, F|
|poke|p1|Garchomp, L50, M|
|poke|p1|Torkoal, L50, F|
|poke|p2|Gliscor, L50, M|
|poke|p2|Primarina, L50, M|
|poke|p2|Metagross, L50|
|poke|p2|Ninetales-Alola, L50, F|
|poke|p2|Incineroar, L50, M|
|poke|p2|Sinistcha, L50|
|teampreview|4
|showteam|p1|Kangaskhan||SilkScarf|Scrappy|FakeOut,LastResort|Adamant||F|||50|]Incineroar||SitrusBerry|Intimidate|FakeOut,FlareBlitz,Taunt,PartingShot|Careful||M|||50|]Farigiraf||MentalHerb|ArmorTail|TrickRoom,Thunderbolt,Psychic,Protect|Quiet||M|||50|]Floette-Eternal||Floettite|FlowerVeil|Moonblast,DazzlingGleam,CalmMind,Protect|Modest||F|||50|]Garchomp||LifeOrb|RoughSkin|RockSlide,StompingTantrum,DragonClaw,Protect|Jolly||M|||50|]Torkoal||Charcoal|Drought|Eruption,EarthPower,WeatherBall,Protect|Modest||F|||50|
|showteam|p2|Gliscor||LifeOrb|HyperCutter|DualWingbeat,HighHorsepower,Protect,RockSlide|Jolly||M|||50|]Primarina||Leftovers|LiquidVoice|CalmMind,HyperVoice,Moonblast,Protect|Modest||M|||50|]Metagross||Metagrossite|ClearBody|BulletPunch,IronHead,Protect,PsychicFangs|Jolly|||||50|]Ninetales-Alola||LightClay|SnowWarning|AuroraVeil,FreezeDry,Moonblast,Protect|Timid||F|||50|]Incineroar||ChopleBerry|Intimidate|FakeOut,FlareBlitz,DarkestLariat,PartingShot|Impish||M|||50|]Sinistcha||SitrusBerry|Hospitality|MatchaGotcha,Protect,LifeDew,RagePowder|Bold|||||50|
|inactive|Battle timer is ON: inactive players will automatically lose when time's up. (requested by sum1dum)
|
|t:|1784060122
|teamsize|p1|4
|teamsize|p2|4
|start
|switch|p1a: Kangaskhan|Kangaskhan, L50, F|100/100
|switch|p1b: Farigiraf|Farigiraf, L50, M|100/100
|switch|p2a: Bravery|Gliscor, L50, M|100/100
|switch|p2b: Perserverance|Metagross, L50|100/100
|turn|1
|
|t:|1784060131
|detailschange|p2b: Perserverance|Metagross-Mega, L50
|-mega|p2b: Perserverance|Metagross|Metagrossite
|move|p1a: Kangaskhan|Fake Out|p2b: Perserverance
|-resisted|p2b: Perserverance|1
|-damage|p2b: Perserverance|91/100
|cant|p2b: Perserverance|flinch
|move|p2a: Bravery|Rock Slide|p1a: Kangaskhan|[spread] p1a,p1b
|-damage|p1a: Kangaskhan|77/100
|-damage|p1b: Farigiraf|81/100
|-damage|p2a: Bravery|90/100|[from] item: Life Orb
|move|p1b: Farigiraf|Trick Room|p1b: Farigiraf
|-fieldstart|move: Trick Room|[of] p1b: Farigiraf
|
|upkeep
|turn|2
|
|t:|1784060147
|move|p2a: Bravery|Protect|p2a: Bravery
|-singleturn|p2a: Bravery|Protect
|move|p1b: Farigiraf|Thunderbolt|p2b: Perserverance
|-damage|p2b: Perserverance|60/100
|move|p1a: Kangaskhan|Last Resort|p2a: Bravery
|-activate|p2a: Bravery|move: Protect
|move|p2b: Perserverance|Psychic Fangs|p1a: Kangaskhan
|-damage|p1a: Kangaskhan|3/100
|
|upkeep
|turn|3
|
|t:|1784060163
|switch|p2a: Integrity|Ninetales-Alola, L50, F|100/100
|-weather|Snowscape|[from] ability: Snow Warning|[of] p2a: Integrity
|move|p1b: Farigiraf|Thunderbolt|p2b: Perserverance
|-damage|p2b: Perserverance|32/100
|move|p1a: Kangaskhan|Last Resort|p2a: Integrity
|-crit|p2a: Integrity
|-damage|p2a: Integrity|0 fnt
|faint|p2a: Integrity
|move|p2b: Perserverance|Iron Head|p1a: Kangaskhan
|-damage|p1a: Kangaskhan|0 fnt
|faint|p1a: Kangaskhan
|
|-weather|Snowscape|[upkeep]
|upkeep
|
|t:|1784060168
|switch|p1a: Torkoal|Torkoal, L50, F|100/100
|switch|p2a: Bravery|Gliscor, L50, M|90/100
|-weather|SunnyDay|[from] ability: Drought|[of] p1a: Torkoal
|turn|4
|
|t:|1784060184
|switch|p1b: Incineroar|Incineroar, L50, M|100/100
|-ability|p1b: Incineroar|Intimidate|boost
|-fail|p2a: Bravery|unboost|Attack|[from] ability: Hyper Cutter|[of] p2a: Bravery
|-unboost|p2b: Perserverance|atk|1
|switch|p2b: Patience|Primarina, L50, M|100/100
|move|p2a: Bravery|Protect|p2a: Bravery
|-singleturn|p2a: Bravery|Protect
|move|p1a: Torkoal|Eruption|p2b: Patience|[spread] p2b
|-activate|p2a: Bravery|move: Protect
|-resisted|p2b: Patience|1
|-damage|p2b: Patience|64/100
|
|-weather|SunnyDay|[upkeep]
|-heal|p2b: Patience|70/100|[from] item: Leftovers
|upkeep
|turn|5
|
|t:|1784060199
|move|p2b: Patience|Protect|p2b: Patience
|-singleturn|p2b: Patience|Protect
|move|p1a: Torkoal|Eruption|p2b: Patience|[spread] p2a
|-activate|p2b: Patience|move: Protect
|-damage|p2a: Bravery|0 fnt
|faint|p2a: Bravery
|move|p1b: Incineroar|Parting Shot|p2b: Patience
|-activate|p2b: Patience|move: Protect
|
|-weather|SunnyDay|[upkeep]
|-heal|p2b: Patience|75/100|[from] item: Leftovers
|-fieldend|move: Trick Room
|upkeep
|
|t:|1784060201
|switch|p2a: Perserverance|Metagross-Mega, L50|32/100
|turn|6
|
|t:|1784060209
|move|p2a: Perserverance|Psychic Fangs|p1a: Torkoal
|-damage|p1a: Torkoal|49/100
|move|p1b: Incineroar|Parting Shot|p2b: Patience
|-unboost|p2b: Patience|atk|1
|-unboost|p2b: Patience|spa|1
|
|t:|1784060213
|switch|p1b: Farigiraf|Farigiraf, L50, M|81/100|[from] Parting Shot
|move|p2b: Patience|Calm Mind|p2b: Patience
|-boost|p2b: Patience|spa|1
|-boost|p2b: Patience|spd|1
|move|p1a: Torkoal|Earth Power|p2a: Perserverance
|-supereffective|p2a: Perserverance|1
|-damage|p2a: Perserverance|0 fnt
|faint|p2a: Perserverance
|
|-weather|SunnyDay|[upkeep]
|-heal|p2b: Patience|81/100|[from] item: Leftovers
|upkeep
|turn|7
|
|t:|1784060223
|move|p2b: Patience|Calm Mind|p2b: Patience
|-boost|p2b: Patience|spa|1
|-boost|p2b: Patience|spd|1
|move|p1b: Farigiraf|Thunderbolt|p2b: Patience
|-supereffective|p2b: Patience|1
|-damage|p2b: Patience|60/100
|move|p1a: Torkoal|Earth Power|p2b: Patience
|-damage|p2b: Patience|48/100
|
|-weather|SunnyDay|[upkeep]
|-heal|p2b: Patience|54/100|[from] item: Leftovers
|upkeep
|turn|8
|
|t:|1784060237
|move|p2b: Patience|Protect|p2b: Patience
|-singleturn|p2b: Patience|Protect
|move|p1b: Farigiraf|Thunderbolt|p2b: Patience
|-activate|p2b: Patience|move: Protect
|move|p1a: Torkoal|Earth Power|p2b: Patience
|-activate|p2b: Patience|move: Protect
|
|-weather|none
|-heal|p2b: Patience|60/100|[from] item: Leftovers
|upkeep
|turn|9
|
|t:|1784060250
|switch|p1a: Incineroar|Incineroar, L50, M|100/100
|-ability|p1a: Incineroar|Intimidate|boost
|-unboost|p2b: Patience|atk|1
|move|p2b: Patience|Hyper Voice|p1b: Farigiraf|[spread] p1a,p1b
|-supereffective|p1a: Incineroar|1
|-damage|p1a: Incineroar|13/100
|-damage|p1b: Farigiraf|36/100
|-enditem|p1a: Incineroar|Sitrus Berry|[eat]
|-heal|p1a: Incineroar|38/100|[from] item: Sitrus Berry
|move|p1b: Farigiraf|Thunderbolt|p2b: Patience
|-supereffective|p2b: Patience|1
|-damage|p2b: Patience|35/100
|-status|p2b: Patience|par
|
|-heal|p2b: Patience|41/100 par|[from] item: Leftovers
|upkeep
|turn|10
|
|t:|1784060264
|move|p2b: Patience|Protect|p2b: Patience
|-singleturn|p2b: Patience|Protect
|move|p1a: Incineroar|Fake Out|p2b: Patience
|-activate|p2b: Patience|move: Protect
|move|p1b: Farigiraf|Thunderbolt|p2b: Patience
|-activate|p2b: Patience|move: Protect
|
|-heal|p2b: Patience|47/100 par|[from] item: Leftovers
|upkeep
|turn|11
|
|t:|1784060271
|move|p1a: Incineroar|Parting Shot|p2b: Patience
|-unboost|p2b: Patience|atk|1
|-unboost|p2b: Patience|spa|1
|
|t:|1784060274
|switch|p1a: Torkoal|Torkoal, L50, F|49/100|[from] Parting Shot
|-weather|SunnyDay|[from] ability: Drought|[of] p1a: Torkoal
|move|p1b: Farigiraf|Thunderbolt|p2b: Patience
|-supereffective|p2b: Patience|1
|-damage|p2b: Patience|25/100 par
|move|p2b: Patience|Hyper Voice|p1b: Farigiraf|[spread] p1a,p1b
|-supereffective|p1a: Torkoal|1
|-damage|p1a: Torkoal|8/100
|-damage|p1b: Farigiraf|20/100y
|
|-weather|SunnyDay|[upkeep]
|-heal|p2b: Patience|31/100 par|[from] item: Leftovers
|upkeep
|turn|12
|
|t:|1784060287
|move|p2b: Patience|Protect|p2b: Patience
|-singleturn|p2b: Patience|Protect
|move|p1b: Farigiraf|Thunderbolt|p2b: Patience
|-activate|p2b: Patience|move: Protect
|move|p1a: Torkoal|Weather Ball|p2b: Patience
|-activate|p2b: Patience|move: Protect
|
|-weather|SunnyDay|[upkeep]
|-heal|p2b: Patience|36/100 par|[from] item: Leftovers
|upkeep
|turn|13
|
|t:|1784060290
|move|p1b: Farigiraf|Thunderbolt|p2b: Patience
|-supereffective|p2b: Patience|1
|-damage|p2b: Patience|15/100 par
|move|p2b: Patience|Hyper Voice|p1b: Farigiraf|[spread] p1a,p1b
|-supereffective|p1a: Torkoal|1
|-damage|p1a: Torkoal|0 fnt
|-damage|p1b: Farigiraf|4/100
|faint|p1a: Torkoal
|
|-weather|SunnyDay|[upkeep]
|-heal|p2b: Patience|21/100 par|[from] item: Leftovers
|upkeep
|
|t:|1784060295
|switch|p1a: Incineroar|Incineroar, L50, M|38/100
|-ability|p1a: Incineroar|Intimidate|boost
|-unboost|p2b: Patience|atk|1
|turn|14
|
|t:|1784060304
|move|p2b: Patience|Protect|p2b: Patience
|-singleturn|p2b: Patience|Protect
|move|p1a: Incineroar|Flare Blitz|p2b: Patience
|-activate|p2b: Patience|move: Protect
|move|p1b: Farigiraf|Thunderbolt|p2b: Patience
|-activate|p2b: Patience|move: Protect
|
|-weather|SunnyDay|[upkeep]
|-heal|p2b: Patience|27/100 par|[from] item: Leftovers
|upkeep
|turn|15
|
|t:|1784060308
|move|p2b: Patience|Protect|p2b: Patience
|-singleturn|p2b: Patience|Protect
|move|p1a: Incineroar|Flare Blitz|p2b: Patience
|-activate|p2b: Patience|move: Protect
|move|p1b: Farigiraf|Thunderbolt|p2b: Patience
|-activate|p2b: Patience|move: Protect
|
|-weather|none
|-heal|p2b: Patience|33/100 par|[from] item: Leftovers
|upkeep
|turn|16
|
|t:|1784060313
|move|p1a: Incineroar|Flare Blitz|p2b: Patience
|-resisted|p2b: Patience|1
|-damage|p2b: Patience|10/100 par
|-damage|p1a: Incineroar|31/100|[from] Recoil
|move|p1b: Farigiraf|Thunderbolt|p2b: Patience
|-supereffective|p2b: Patience|1
|-damage|p2b: Patience|0 fnt
|faint|p2b: Patience
|
|win|Carrielis
