|j|☆Slowjow
|j|☆abtoty
|html|Slowjowabtoty    
|uhtml|bestof|Game 1 of a best-of-3
|t:|1757815590
|gametype|doubles
|player|p1|Slowjow|266|1195
|player|p2|abtoty|lucas|1104
|gen|9
|tier|[Gen 9] VGC 2025 Reg H (Bo3)
|rated|
|rule|Species Clause: Limit one of each Pokémon
|rule|Item Clause: Limit 1 of each item
|clearpoke
|poke|p1|Gliscor, L50, M|
|poke|p1|Electabuzz, L50, M|
|poke|p1|Tauros-Paldea-Blaze, L50, M|
|poke|p1|Gastrodon, L50, F|
|poke|p1|Kingambit, L50, F|
|poke|p1|Ninetales-Alola, L50, M|
|poke|p2|Gholdengo, L50|
|poke|p2|Dragonite, L50, F|
|poke|p2|Sneasler, L50, F|
|poke|p2|Rillaboom, L50, F|
|poke|p2|Ursaluna, L50, F|
|poke|p2|Porygon2, L50|
|teampreview|4
|showteam|p1|Gliscor||ToxicOrb|PoisonHeal|HighHorsepower,DualWingbeat,SwordsDance,Protect|||M|||50|,,,,,Water]Electabuzz||Eviolite|VitalSpirit|Electroweb,Taunt,FollowMe,Protect|||M|||50|,,,,,Ghost]Tauros-Paldea-Blaze||MirrorHerb|Intimidate|RagingBull,CloseCombat,WillOWisp,Protect|||M|||50|,,,,,Grass]Gastrodon||Leftovers|StormDrain|MuddyWater,ClearSmog,Yawn,Protect|||F|||50|,,,,,Fire]Kingambit||BlackGlasses|Defiant|KowtowCleave,SuckerPunch,SwordsDance,Protect|||F|||50|,,,,,Dark]Ninetales-Alola||LightClay|SnowWarning|AuroraVeil,FreezeDry,Encore,Protect|||M|||50|,,,,,Water
|showteam|p2|Gholdengo||MetalCoat|GoodasGold|MakeItRain,ShadowBall,NastyPlot,Protect||||||50|,,,,,Water]Dragonite||LoadedDice|Multiscale|ScaleShot,StompingTantrum,Tailwind,Protect|||F|||50|,,,,,Fairy]Sneasler||FocusSash|Unburden|DireClaw,CloseCombat,Coaching,Protect|||F|||50|,,,,,Ghost]Rillaboom||AssaultVest|GrassySurge|GrassyGlide,WoodHammer,FakeOut,HighHorsepower|||F|||50|,,,,,Fire]Ursaluna||FlameOrb|Guts|Facade,Protect,HeadlongRush,Earthquake|||F|||50|,,,,,Ground]Porygon2||Eviolite|Download|TeraBlast,IceBeam,TrickRoom,Recover||||||50|,,,,,Fighting
|inactive|Battle timer is ON: inactive players will automatically lose when time's up. (requested by abtoty)
|inactive|Slowjow has 60 seconds left.
|inactive|abtoty has 60 seconds left.
|inactive|Slowjow has 30 seconds left.
|inactive|Slowjow has 20 seconds left.
|inactive|Slowjow has 15 seconds left.
|
|t:|1757815668
|teamsize|p1|4
|teamsize|p2|4
|start
|switch|p1a: Ninetales|Ninetales-Alola, L50, M|100/100
|switch|p1b: Kingambit|Kingambit, L50, F|100/100
|switch|p2a: Dragonite|Dragonite, L50, F|100/100
|switch|p2b: Sneasler|Sneasler, L50, F|100/100
|-weather|Snowscape|[from] ability: Snow Warning|[of] p1a: Ninetales
|turn|1
|inactive|abtoty has 30 seconds left.
|
|t:|1757815695
|switch|p1b: Tauros|Tauros-Paldea-Blaze, L50, M|100/100
|-ability|p1b: Tauros|Intimidate|boost
|-unboost|p2a: Dragonite|atk|1
|-unboost|p2b: Sneasler|atk|1
|move|p2a: Dragonite|Protect|p2a: Dragonite
|-singleturn|p2a: Dragonite|Protect
|move|p2b: Sneasler|Close Combat|p1b: Tauros
|-damage|p1b: Tauros|55/100
|-unboost|p2b: Sneasler|def|1
|-unboost|p2b: Sneasler|spd|1
|move|p1a: Ninetales|Aurora Veil|p1a: Ninetales
|-sidestart|p1: Slowjow|move: Aurora Veil
|
|-weather|Snowscape|[upkeep]
|upkeep
|turn|2
|
|t:|1757815720
|switch|p2a: Rillaboom|Rillaboom, L50, F|100/100
|-fieldstart|move: Grassy Terrain|[from] ability: Grassy Surge|[of] p2a: Rillaboom
|move|p2b: Sneasler|Dire Claw|p1a: Ninetales
|-supereffective|p1a: Ninetales
|-damage|p1a: Ninetales|72/100
|move|p1a: Ninetales|Freeze-Dry|p2b: Sneasler
|-damage|p2b: Sneasler|56/100
|move|p1b: Tauros|Will-O-Wisp|p2a: Rillaboom
|-status|p2a: Rillaboom|brn
|
|-weather|Snowscape|[upkeep]
|-heal|p2b: Sneasler|62/100|[from] Grassy Terrain
|-heal|p1a: Ninetales|78/100|[from] Grassy Terrain
|-heal|p1b: Tauros|61/100|[from] Grassy Terrain
|-damage|p2a: Rillaboom|95/100 brn|[from] brn
|upkeep
|turn|3
|
|t:|1757815744
|move|p2a: Rillaboom|Fake Out|p1b: Tauros
|-damage|p1b: Tauros|56/100
|move|p2b: Sneasler|Dire Claw|p1a: Ninetales
|-supereffective|p1a: Ninetales
|-damage|p1a: Ninetales|47/100
|-status|p1a: Ninetales|par
|cant|p1b: Tauros|flinch
|cant|p1a: Ninetales|par
|
|-weather|Snowscape|[upkeep]
|-heal|p2b: Sneasler|68/100|[from] Grassy Terrain
|-heal|p1b: Tauros|62/100|[from] Grassy Terrain
|-heal|p2a: Rillaboom|100/100 brn|[from] Grassy Terrain
|-heal|p1a: Ninetales|53/100 par|[from] Grassy Terrain
|-damage|p2a: Rillaboom|95/100 brn|[from] brn
|upkeep
|turn|4
|
|t:|1757815767
|move|p2b: Sneasler|Dire Claw|p1a: Ninetales
|-supereffective|p1a: Ninetales
|-damage|p1a: Ninetales|24/100 par
|move|p1b: Tauros|Raging Bull|p2b: Sneasler
|-damage|p2b: Sneasler|0 fnt
|faint|p2b: Sneasler
|move|p2a: Rillaboom|High Horsepower|p1b: Tauros
|-supereffective|p1b: Tauros
|-damage|p1b: Tauros|39/100
|move|p1a: Ninetales|Freeze-Dry|p2a: Rillaboom
|-supereffective|p2a: Rillaboom
|-damage|p2a: Rillaboom|66/100 brn
|
|-weather|Snowscape|[upkeep]
|-heal|p1b: Tauros|45/100|[from] Grassy Terrain
|-heal|p2a: Rillaboom|72/100 brn|[from] Grassy Terrain
|-heal|p1a: Ninetales|30/100 par|[from] Grassy Terrain
|-damage|p2a: Rillaboom|66/100 brn|[from] brn
|upkeep
|inactive|abtoty has 30 seconds left.
|
|t:|1757815799
|switch|p2b: Dragonite|Dragonite, L50, F|100/100
|turn|5
|
|t:|1757815822
|switch|p1b: Kingambit|Kingambit, L50, F|100/100
|move|p2b: Dragonite|Stomping Tantrum|p1a: Ninetales
|-damage|p1a: Ninetales|14/100 par
|move|p2a: Rillaboom|High Horsepower|p1a: Ninetales
|-damage|p1a: Ninetales|6/100 par
|move|p1a: Ninetales|Freeze-Dry|p2a: Rillaboom
|-supereffective|p2a: Rillaboom
|-damage|p2a: Rillaboom|36/100 brn
|
|-weather|none
|-heal|p2a: Rillaboom|42/100 brn|[from] Grassy Terrain
|-heal|p1a: Ninetales|12/100 par|[from] Grassy Terrain
|-damage|p2a: Rillaboom|36/100 brn|[from] brn
|upkeep
|turn|6
|
|t:|1757815847
|switch|p1a: Tauros|Tauros-Paldea-Blaze, L50, M|45/100
|-ability|p1a: Tauros|Intimidate|boost
|-unboost|p2a: Rillaboom|atk|1
|-unboost|p2b: Dragonite|atk|1
|move|p2b: Dragonite|Stomping Tantrum|p1a: Tauros
|-supereffective|p1a: Tauros
|-damage|p1a: Tauros|15/100
|move|p2a: Rillaboom|High Horsepower|p1b: Kingambit
|-supereffective|p1b: Kingambit
|-damage|p1b: Kingambit|90/100
|move|p1b: Kingambit|Swords Dance|p1b: Kingambit
|-boost|p1b: Kingambit|atk|2
|
|-heal|p1a: Tauros|22/100|[from] Grassy Terrain
|-heal|p2a: Rillaboom|42/100 brn|[from] Grassy Terrain
|-heal|p1b: Kingambit|96/100|[from] Grassy Terrain
|-damage|p2a: Rillaboom|36/100 brn|[from] brn
|-fieldend|move: Grassy Terrain
|upkeep
|turn|7
|
|t:|1757815871
|move|p1a: Tauros|Will-O-Wisp|p2b: Dragonite
|-status|p2b: Dragonite|brn
|move|p2b: Dragonite|Tailwind|p2b: Dragonite
|-sidestart|p2: abtoty|move: Tailwind
|move|p2a: Rillaboom|High Horsepower|p1b: Kingambit
|-supereffective|p1b: Kingambit
|-damage|p1b: Kingambit|85/100
|move|p1b: Kingambit|Kowtow Cleave|p2b: Dragonite
|-damage|p2b: Dragonite|38/100 brn
|
|-damage|p2b: Dragonite|32/100 brn|[from] brn
|-damage|p2a: Rillaboom|30/100 brn|[from] brn
|upkeep
|turn|8
|
|t:|1757815890
|switch|p2a: Ursaluna|Ursaluna, L50, F|100/100
|move|p2b: Dragonite|Scale Shot|p1a: Tauros
|-damage|p1a: Tauros|18/100
|-damage|p1a: Tauros|14/100
|-damage|p1a: Tauros|11/100
|-damage|p1a: Tauros|8/100
|-hitcount|p1a: Tauros|4
|-unboost|p2b: Dragonite|def|1
|-boost|p2b: Dragonite|spe|1
|-enditem|p1a: Tauros|Mirror Herb
|-boost|p1a: Tauros|spe|1|[from] item: Mirror Herb
|move|p1a: Tauros|Raging Bull|p2a: Ursaluna
|-damage|p2a: Ursaluna|71/100
|move|p1b: Kingambit|Kowtow Cleave|p2b: Dragonite
|-damage|p2b: Dragonite|0 fnt
|faint|p2b: Dragonite
|
|-sideend|p1: Slowjow|move: Aurora Veil
|-status|p2a: Ursaluna|brn|[from] item: Flame Orb
|upkeep
|
|t:|1757815909
|switch|p2b: Rillaboom|Rillaboom, L50, F|30/100 brn
|-fieldstart|move: Grassy Terrain|[from] ability: Grassy Surge|[of] p2b: Rillaboom
|turn|9
|
|t:|1757815934
|switch|p1a: Ninetales|Ninetales-Alola, L50, M|12/100 par
|-weather|Snowscape|[from] ability: Snow Warning|[of] p1a: Ninetales
|move|p1b: Kingambit|Protect|p1b: Kingambit
|-singleturn|p1b: Kingambit|Protect
|move|p2b: Rillaboom|Fake Out|p1b: Kingambit
|-activate|p1b: Kingambit|move: Protect
|move|p2a: Ursaluna|Headlong Rush|p1b: Kingambit
|-activate|p1b: Kingambit|move: Protect
|
|-weather|Snowscape|[upkeep]
|-heal|p2b: Rillaboom|36/100 brn|[from] Grassy Terrain
|-heal|p2a: Ursaluna|77/100 brn|[from] Grassy Terrain
|-heal|p1a: Ninetales|18/100 par|[from] Grassy Terrain
|-heal|p1b: Kingambit|91/100|[from] Grassy Terrain
|-damage|p2b: Rillaboom|30/100 brn|[from] brn
|-damage|p2a: Ursaluna|71/100 brn|[from] brn
|upkeep
|turn|10
|
|t:|1757815955
|move|p2b: Rillaboom|Grassy Glide|p1a: Ninetales
|-damage|p1a: Ninetales|5/100 par
|move|p1b: Kingambit|Sucker Punch|p2a: Ursaluna
|-damage|p2a: Ursaluna|0 fnt
|faint|p2a: Ursaluna
|move|p1a: Ninetales|Aurora Veil|p1a: Ninetales
|-sidestart|p1: Slowjow|move: Aurora Veil
|
|-weather|Snowscape|[upkeep]
|-heal|p2b: Rillaboom|36/100 brn|[from] Grassy Terrain
|-heal|p1a: Ninetales|11/100 par|[from] Grassy Terrain
|-heal|p1b: Kingambit|97/100|[from] Grassy Terrain
|-damage|p2b: Rillaboom|30/100 brn|[from] brn
|-sideend|p2: abtoty|move: Tailwind
|upkeep
|turn|11
|inactive|abtoty has 30 seconds left.
|inactive|abtoty has 20 seconds left.
|inactive|abtoty has 15 seconds left.
|inactive|abtoty has 10 seconds left.
|inactive|abtoty has 5 seconds left.
|
|t:|1757816010
|switch|p1a: Tauros|Tauros-Paldea-Blaze, L50, M|8/100
|-ability|p1a: Tauros|Intimidate|boost
|-unboost|p2b: Rillaboom|atk|1
|move|p2b: Rillaboom|Grassy Glide|p1b: Kingambit
|-resisted|p1b: Kingambit
|-damage|p1b: Kingambit|94/100
|move|p1b: Kingambit|Kowtow Cleave|p2b: Rillaboom
|-damage|p2b: Rillaboom|0 fnt
|faint|p2b: Rillaboom
|
|win|Slowjow
||abtoty is ready for game 2.
|inactive|Slowjow has 30 seconds to confirm battle start!
|inactive|Slowjow has 20 seconds to confirm battle start!
||Slowjow is ready for game 2.
|uhtml|next|Next: Game 2 of 3
