|j|☆Ho-Nononono
|j|☆IngeVGC
|html|Ho-NonononoIngeVGC    
|uhtml|bestof|Game 1 of a best-of-3
|t:|1756500162
|gametype|doubles
|player|p1|Ho-Nononono|nancy|1384
|player|p2|IngeVGC|fisherman-gen4|1420
|gen|9
|tier|[Gen 9] VGC 2025 Reg H (Bo3)
|rated|
|rule|Species Clause: Limit one of each Pokémon
|rule|Item Clause: Limit 1 of each item
|clearpoke
|poke|p1|Talonflame, L50, M|
|poke|p1|Ursaluna, L50, M|
|poke|p1|Porygon2, L50|
|poke|p1|Gholdengo, L50|
|poke|p1|Amoonguss, L50, M|
|poke|p1|Incineroar, L50, M|
|poke|p2|Kingambit, L50, F|
|poke|p2|Rillaboom, L50, M|
|poke|p2|Electabuzz, L50, M|
|poke|p2|Volcarona, L50, F|
|poke|p2|Sneasler, L50, F|
|poke|p2|Dragonite, L50, F|
|teampreview|4
|showteam|p1|Talonflame||CovertCloak|FlameBody|Tailwind,BraveBird,Taunt,WillOWisp|||M|||50|,,,,,Ghost]Ursaluna||FlameOrb|Guts|Facade,HeadlongRush,Earthquake,Protect|||M|||50|,,,,,Ghost]Porygon2||Eviolite|Download|TeraBlast,IceBeam,Recover,TrickRoom||||||50|,,,,,Fighting]Gholdengo||MetalCoat|GoodasGold|MakeItRain,ShadowBall,NastyPlot,Protect||||||50|,,,,,Water]Amoonguss||SitrusBerry|Regenerator|Spore,RagePowder,PollenPuff,Protect|||M|||50|,,,,,Fairy]Incineroar||AssaultVest|Intimidate|FlareBlitz,KnockOff,PartingShot,FakeOut|||M|||50|,,,,,Grass
|showteam|p2|Kingambit||BlackGlasses|Defiant|Protect,KowtowCleave,SuckerPunch,SwordsDance|||F|||50|,,,,,Dark]Rillaboom||AssaultVest|GrassySurge|WoodHammer,GrassyGlide,HighHorsepower,FakeOut|||M|||50|,,,,,Fire]Electabuzz||Eviolite|VitalSpirit|Protect,Thunderbolt,HelpingHand,FollowMe|||M|||50|,,,,,Ghost]Volcarona||CovertCloak|FlameBody|Protect,HeatWave,TeraBlast,QuiverDance|||F|||50|,,,,,Fairy]Sneasler||FocusSash|Unburden|CloseCombat,DireClaw,Coaching,FakeOut|||F|||50|,,,,,Stellar]Dragonite||LoadedDice|Multiscale|ScaleShot,Haze,ExtremeSpeed,Protect|||F|||50|,,,,,Fairy
|inactive|Battle timer is ON: inactive players will automatically lose when time's up. (requested by Ho-Nononono)
|inactive|Ho-Nononono has 60 seconds left.
|inactive|IngeVGC has 60 seconds left.
|
|t:|1756500223
|teamsize|p1|4
|teamsize|p2|4
|start
|switch|p1a: Porygon2|Porygon2, L50, shiny|100/100
|switch|p1b: Ursaluna|Ursaluna, L50, M, shiny|100/100
|switch|p2a: Volcarona|Volcarona, L50, F|100/100
|switch|p2b: Snarf|Electabuzz, L50, M|100/100
|-ability|p1a: Porygon2|Download|boost
|-boost|p1a: Porygon2|atk|1
|turn|1
|
|t:|1756500239
|switch|p2b: Kerchak|Rillaboom, L50, M|100/100
|-fieldstart|move: Grassy Terrain|[from] ability: Grassy Surge|[of] p2b: Kerchak
|move|p2a: Volcarona|Quiver Dance|p2a: Volcarona
|-boost|p2a: Volcarona|spa|1
|-boost|p2a: Volcarona|spd|1
|-boost|p2a: Volcarona|spe|1
|move|p1b: Ursaluna|Headlong Rush|p2b: Kerchak
|-resisted|p2b: Kerchak
|-damage|p2b: Kerchak|66/100
|-unboost|p1b: Ursaluna|def|1
|-unboost|p1b: Ursaluna|spd|1
|move|p1a: Porygon2|Trick Room|p1a: Porygon2
|-fieldstart|move: Trick Room|[of] p1a: Porygon2
|
|-heal|p2b: Kerchak|72/100|[from] Grassy Terrain
|-status|p1b: Ursaluna|brn|[from] item: Flame Orb
|upkeep
|turn|2
|inactive|IngeVGC has 30 seconds left.
|
|t:|1756500274
|switch|p1a: Incineroar|Incineroar, L50, M|100/100
|-ability|p1a: Incineroar|Intimidate|boost
|-unboost|p2a: Volcarona|atk|1
|-unboost|p2b: Kerchak|atk|1
|switch|p2b: Snarf|Electabuzz, L50, M|100/100
|move|p1b: Ursaluna|Protect|p1b: Ursaluna
|-singleturn|p1b: Ursaluna|Protect
|move|p2a: Volcarona|Protect||[still]
|-fail|p2a: Volcarona
|
|-damage|p1b: Ursaluna|95/100 brn|[from] brn
|upkeep
|turn|3
|inactive|Ho-Nononono has 30 seconds left.
|
|t:|1756500307
|move|p2b: Snarf|Protect|p2b: Snarf
|-singleturn|p2b: Snarf|Protect
|move|p2a: Volcarona|Protect|p2a: Volcarona
|-singleturn|p2a: Volcarona|Protect
|move|p1b: Ursaluna|Facade|p2a: Volcarona
|-activate|p2a: Volcarona|move: Protect
|move|p1a: Incineroar|Knock Off|p2b: Snarf
|-activate|p2b: Snarf|move: Protect
|
|-heal|p1b: Ursaluna|100/100 brn|[from] Grassy Terrain
|-damage|p1b: Ursaluna|95/100 brn|[from] brn
|upkeep
|turn|4
|
|t:|1756500322
|switch|p1b: Porygon2|Porygon2, L50, shiny|100/100
|-ability|p1b: Porygon2|Download|boost
|-boost|p1b: Porygon2|atk|1
|move|p2b: Snarf|Follow Me|p2b: Snarf
|-singleturn|p2b: Snarf|move: Follow Me
|move|p1a: Incineroar|Knock Off|p2b: Snarf
|-damage|p2b: Snarf|63/100
|-enditem|p2b: Snarf|Eviolite|[from] move: Knock Off|[of] p1a: Incineroar
|move|p2a: Volcarona|Heat Wave|p1a: Incineroar|[spread] p1a,p1b
|-resisted|p1a: Incineroar
|-damage|p1a: Incineroar|83/100
|-damage|p1b: Porygon2|63/100
|
|-heal|p1a: Incineroar|89/100|[from] Grassy Terrain
|-heal|p1b: Porygon2|69/100|[from] Grassy Terrain
|-heal|p2b: Snarf|69/100|[from] Grassy Terrain
|upkeep
|turn|5
|inactive|Ho-Nononono has 30 seconds left.
|
|t:|1756500347
|move|p2b: Snarf|Follow Me|p2b: Snarf
|-singleturn|p2b: Snarf|move: Follow Me
|move|p1a: Incineroar|Flare Blitz|p2b: Snarf
|-damage|p2b: Snarf|3/100
|-damage|p1a: Incineroar|71/100|[from] Recoil
|move|p1b: Porygon2|Recover|p1b: Porygon2
|-heal|p1b: Porygon2|100/100
|move|p2a: Volcarona|Quiver Dance|p2a: Volcarona
|-boost|p2a: Volcarona|spa|1
|-boost|p2a: Volcarona|spd|1
|-boost|p2a: Volcarona|spe|1
|
|-heal|p1a: Incineroar|77/100|[from] Grassy Terrain
|-heal|p2b: Snarf|9/100|[from] Grassy Terrain
|-fieldend|move: Trick Room
|-fieldend|move: Grassy Terrain
|upkeep
|turn|6
|
|t:|1756500360
|move|p2b: Snarf|Helping Hand|p2a: Volcarona
|-singleturn|p2a: Volcarona|Helping Hand|[of] p2b: Snarf
|move|p2a: Volcarona|Heat Wave|p1a: Incineroar|[spread] p1a,p1b
|-resisted|p1a: Incineroar
|-damage|p1a: Incineroar|44/100
|-damage|p1b: Porygon2|28/100
|move|p1a: Incineroar|Flare Blitz|p2a: Volcarona
|-damage|p2a: Volcarona|39/100
|-damage|p1a: Incineroar|25/100|[from] Recoil
|move|p1b: Porygon2|Trick Room|p1b: Porygon2
|-fieldstart|move: Trick Room|[of] p1b: Porygon2
|
|upkeep
|turn|7
|
|t:|1756500371
|move|p2b: Snarf|Follow Me|p2b: Snarf
|-singleturn|p2b: Snarf|move: Follow Me
|move|p1b: Porygon2|Tera Blast|p2b: Snarf
|-damage|p2b: Snarf|0 fnt
|faint|p2b: Snarf
|move|p1a: Incineroar|Flare Blitz|p2a: Volcarona
|-damage|p2a: Volcarona|0 fnt
|faint|p2a: Volcarona
|-damage|p1a: Incineroar|13/100|[from] Recoil
|
|upkeep
|
|t:|1756500380
|switch|p2a: Kerchak|Rillaboom, L50, M|72/100
|switch|p2b: Vanessa|Sneasler, L50, F|100/100
|-fieldstart|move: Grassy Terrain|[from] ability: Grassy Surge|[of] p2a: Kerchak
|turn|8
|inactive|Ho-Nononono has 30 seconds left.
|
|t:|1756500408
|-terastallize|p2a: Kerchak|Fire
|move|p2a: Kerchak|Grassy Glide|p1b: Porygon2
|-damage|p1b: Porygon2|9/100
|move|p1a: Incineroar|Flare Blitz|p2b: Vanessa
|-enditem|p2b: Vanessa|Focus Sash
|-damage|p2b: Vanessa|1/100
|-damage|p1a: Incineroar|0 fnt|[from] Recoil
|faint|p1a: Incineroar
|move|p1b: Porygon2|Tera Blast|p2b: Vanessa
|-damage|p2b: Vanessa|0 fnt
|faint|p2b: Vanessa
|
|-heal|p1b: Porygon2|15/100|[from] Grassy Terrain
|-heal|p2a: Kerchak|78/100|[from] Grassy Terrain
|upkeep
|
|t:|1756500416
|switch|p1a: Ursaluna|Ursaluna, L50, M, shiny|95/100 brn
|turn|9
|
|t:|1756500423
|-terastallize|p1a: Ursaluna|Ghost
|move|p1a: Ursaluna|Headlong Rush|p2a: Kerchak
|-supereffective|p2a: Kerchak
|-damage|p2a: Kerchak|0 fnt
|-unboost|p1a: Ursaluna|def|1
|-unboost|p1a: Ursaluna|spd|1
|faint|p2a: Kerchak
|
|win|Ho-Nononono
||Ho-Nononono is ready for game 2.
||IngeVGC is ready for game 2.
|uhtml|next|Next: Game 2 of 3
|l|☆Ho-Nononono
|player|p1|
