|j|☆Leon000
|j|☆Sir AaronVGC
|html|Leon000Sir AaronVGC    
|uhtml|bestof|Game 2 of a best-of-3
|t:|1783537789
|gametype|doubles
|player|p1|Leon000|serena|
|player|p2|Sir AaronVGC|#smogonxnpa2026draftee2|
|gen|9
|tier|[Gen 9 Champions] VGC 2026 Reg M-B (Bo3)
|rule|Species Clause: Limit one of each Pokémon
|rule|Item Clause: Limit 1 of each item
|clearpoke
|poke|p1|Floette-Eternal, L50, F|
|poke|p1|Charizard, L50, F|
|poke|p1|Whimsicott, L50, M|
|poke|p1|Garchomp, L50, M|
|poke|p1|Basculegion, L50, M|
|poke|p1|Kingambit, L50, F|
|poke|p2|Aerodactyl, L50, M, shiny|
|poke|p2|Sneasler, L50, F, shiny|
|poke|p2|Froslass, L50, F|
|poke|p2|Tsareena, L50, F, shiny|
|poke|p2|Kingambit, L50, F|
|poke|p2|Basculegion, L50, M|
|teampreview|4
|showteam|p1|Floette-Eternal||Floettite|FlowerVeil|Moonblast,DazzlingGleam,LightofRuin,Protect|Modest||F|||50|]Charizard||CharizarditeY|Blaze|HeatWave,WeatherBall,SolarBeam,Protect|Modest||F|||50|]Whimsicott||FocusSash|Prankster|Moonblast,Encore,Tailwind,Protect|Timid||M|||50|]Garchomp||LifeOrb|RoughSkin|DragonClaw,Earthquake,Protect,RockSlide|Jolly||M|||50|]Basculegion||MysticWater|Adaptability|WaveCrash,LastRespects,AquaJet,Protect|Adamant||M|||50|]Kingambit||BlackGlasses|Defiant|KowtowCleave,IronHead,SuckerPunch,Protect|Adamant||F|||50|
|showteam|p2|Aerodactyl||Aerodactylite|Unnerve|RockSlide,DualWingbeat,Tailwind,Protect|Jolly||M|||50|]Sneasler||LifeOrb|PoisonTouch|DireClaw,CloseCombat,FakeOut,Protect|Adamant||F|||50|]Froslass||Froslassite|SnowCloak|Blizzard,ShadowBall,DestinyBond,Protect|Timid||F|||50|]Tsareena||WideLens|QueenlyMajesty|PowerWhip,LowKick,TripleAxel,HelpingHand|Adamant||F|||50|]Kingambit||BlackGlasses|Defiant|KowtowCleave,SuckerPunch,SwordsDance,Protect|Adamant||F|||50|]Basculegion||FocusSash|Adaptability|Liquidation,LastRespects,AquaJet,Protect|Adamant||M|||50|
|
|t:|1783537819
|teamsize|p1|4
|teamsize|p2|4
|start
|switch|p1a: Whimsicott|Whimsicott, L50, M|100/100
|switch|p1b: Basculegion|Basculegion, L50, M|100/100
|switch|p2a: Robespierre|Kingambit, L50, F|100/100
|switch|p2b: Longclaw|Sneasler, L50, F, shiny|100/100
|turn|1
|
|t:|1783537848
|move|p1a: Whimsicott|Protect|p1a: Whimsicott
|-singleturn|p1a: Whimsicott|Protect
|move|p1b: Basculegion|Protect|p1b: Basculegion
|-singleturn|p1b: Basculegion|Protect
|move|p2b: Longclaw|Fake Out|p1a: Whimsicott
|-activate|p1a: Whimsicott|move: Protect
|move|p2a: Robespierre|Swords Dance|p2a: Robespierre
|-boost|p2a: Robespierre|atk|2
|
|upkeep
|turn|2
|
|t:|1783537865
|move|p2a: Robespierre|Sucker Punch|p1b: Basculegion
|-supereffective|p1b: Basculegion|1
|-damage|p1b: Basculegion|0 fnt
|faint|p1b: Basculegion
|move|p1a: Whimsicott|Moonblast|p2a: Robespierre
|-damage|p2a: Robespierre|62/100
|move|p2b: Longclaw|Dire Claw|p1a: Whimsicott
|-supereffective|p1a: Whimsicott|2
|-enditem|p1a: Whimsicott|Focus Sash
|-damage|p1a: Whimsicott|1/100
|-damage|p2b: Longclaw|90/100|[from] item: Life Orb
|
|upkeep
|
|t:|1783537872
|switch|p1b: Charizard|Charizard, L50, F|100/100
|turn|3
|
|t:|1783537878
|detailschange|p1b: Charizard|Charizard-Mega-Y, L50, F
|-mega|p1b: Charizard|Charizard|Charizardite Y
|-weather|SunnyDay|[from] ability: Drought|[of] p1b: Charizard
|move|p2a: Robespierre|Protect|p2a: Robespierre
|-singleturn|p2a: Robespierre|Protect
|move|p1a: Whimsicott|Tailwind|p1a: Whimsicott
|-sidestart|p1: Leon000|move: Tailwind
|move|p1b: Charizard|Heat Wave|p2b: Longclaw|[spread] p2b
|-activate|p2a: Robespierre|move: Protect
|-damage|p2b: Longclaw|10/100
|move|p2b: Longclaw|Dire Claw|p1b: Charizard
|-damage|p1b: Charizard|44/100
|-status|p1b: Charizard|slp
|-damage|p2b: Longclaw|1/100|[from] item: Life Orb
|
|-weather|SunnyDay|[upkeep]
|upkeep
|turn|4
|j| eCarry
|
|t:|1783537898
|move|p2a: Robespierre|Sucker Punch|p1a: Whimsicott
|-resisted|p1a: Whimsicott|1
|-damage|p1a: Whimsicott|0 fnt
|faint|p1a: Whimsicott
|cant|p1b: Charizard|slp
|move|p2b: Longclaw|Close Combat|p1b: Charizard
|-resisted|p1b: Charizard|1
|-damage|p1b: Charizard|1/100 slp
|-unboost|p2b: Longclaw|def|1
|-unboost|p2b: Longclaw|spd|1
|-damage|p2b: Longclaw|0 fnt|[from] item: Life Orb
|faint|p2b: Longclaw
|
|-weather|SunnyDay|[upkeep]
|upkeep
|
|t:|1783537906
|switch|p1a: Garchomp|Garchomp, L50, M|100/100
|switch|p2b: Houndfish|Basculegion, L50, M|100/100
|turn|5
|
|t:|1783537918
|move|p2b: Houndfish|Aqua Jet|p1b: Charizard
|-supereffective|p1b: Charizard|1
|-damage|p1b: Charizard|0 fnt
|faint|p1b: Charizard
|move|p2a: Robespierre|Sucker Punch|p1a: Garchomp
|-damage|p1a: Garchomp|18/100
|-damage|p2a: Robespierre|50/100g|[from] ability: Rough Skin|[of] p1a: Garchomp
|move|p1a: Garchomp|Earthquake|p2a: Robespierre|[spread] p2a,p2b
|-supereffective|p2a: Robespierre|1
|-damage|p2a: Robespierre|0 fnt
|-damage|p2b: Houndfish|43/100
|faint|p2a: Robespierre
|-damage|p1a: Garchomp|8/100|[from] item: Life Orb
|
|-weather|SunnyDay|[upkeep]
|upkeep
|
|t:|1783537928
|switch|p2a: Cupid|Aerodactyl, L50, M, shiny|100/100
|-ability|p2a: Cupid|Unnerve
|turn|6
|-message|Leon000 forfeited.
|
|win|Sir AaronVGC
|c|☆Sir AaronVGC|ggs
|c|☆Leon000|gg
|l| eCarry
