|j|☆AbadanRiyi92
|j|☆FatherPenguin
|html|AbadanRiyi92FatherPenguin    
|uhtml|bestof|Game 2 of a best-of-3
|t:|1785438956
|gametype|doubles
|player|p1|AbadanRiyi92|colress|1170
|player|p2|FatherPenguin|acetrainersnow|1212
|gen|9
|tier|[Gen 9 Champions] VGC 2026 Reg M-B (Bo3)
|rated|
|rule|Species Clause: Limit one of each Pokémon
|rule|Item Clause: Limit 1 of each item
|clearpoke
|poke|p1|Gengar, L50, F, shiny|
|poke|p1|Maushold-Four, L50|
|poke|p1|Annihilape, L50, F|
|poke|p1|Incineroar, L50, F|
|poke|p1|Politoed, L50, F, shiny|
|poke|p1|Archaludon, L50, M|
|poke|p2|Staraptor, L50, M|
|poke|p2|Glimmora, L50, M|
|poke|p2|Whimsicott, L50, M|
|poke|p2|Kingambit, L50, F|
|poke|p2|Garchomp, L50, F|
|poke|p2|Delphox, L50, M|
|teampreview|4
|showteam|p1|Gengar||Gengarite|CursedBody|ShadowBall,Disable,PerishSong,Protect|Timid||F|||50|]Maushold-Four||FocusSash|FriendGuard|FollowMe,Encore,BeatUp,Protect|Jolly|||||50|]Annihilape||RoseliBerry|Defiant|RageFist,CloseCombat,Encore,Protect|Jolly||F|||50|]Incineroar||PasshoBerry|Intimidate|PartingShot,ThroatChop,Protect,FakeOut|Sassy||F|||50|]Politoed||SitrusBerry|Drizzle|WeatherBall,Encore,PerishSong,Protect|Calm||F|||50|]Archaludon||Leftovers|Stamina|DragonPulse,FlashCannon,ElectroShot,Protect|Bold||M|||50|
|showteam|p2|Staraptor||Staraptite|Intimidate|CloseCombat,BraveBird,Roost,Protect|Jolly||M|||50|]Glimmora||FocusSash|ToxicDebris|PowerGem,SludgeBomb,EarthPower,SpikyShield|Modest||M|||50|]Whimsicott||OccaBerry|Prankster|Tailwind,Moonblast,Charm,LightScreen|Timid||M|||50|]Kingambit||ChopleBerry|Defiant|KowtowCleave,IronHead,LowKick,SuckerPunch|Adamant||F|||50|]Garchomp||LifeOrb|RoughSkin|Earthquake,DragonClaw,RockSlide,Protect|Jolly||F|||50|]Delphox||Delphoxite|Blaze|HeatWave,Psychic,Substitute,Protect|Timid||M|||50|
|inactive|Battle timer is ON: inactive players will automatically lose when time's up. (requested by FatherPenguin)
|
|t:|1785438995
|teamsize|p1|4
|teamsize|p2|4
|start
|switch|p1a: Gengar|Gengar, L50, F, shiny|100/100
|switch|p1b: Maushold|Maushold-Four, L50|100/100
|switch|p2a: Whimsicott|Whimsicott, L50, M|100/100
|switch|p2b: Glimmora|Glimmora, L50, M|100/100
|turn|1
|
|t:|1785439018
|detailschange|p1a: Gengar|Gengar-Mega, L50, F, shiny
|-mega|p1a: Gengar|Gengar|Gengarite
|move|p1a: Gengar|Protect|p1a: Gengar
|-singleturn|p1a: Gengar|Protect
|move|p1b: Maushold|Encore||[still]
|-fail|p1b: Maushold
|move|p2a: Whimsicott|Moonblast|p1b: Maushold
|-damage|p1b: Maushold|68/100
|move|p2b: Glimmora|Earth Power|p1a: Gengar
|-activate|p1a: Gengar|move: Protect
|
|upkeep
|turn|2
|inactive|AbadanRiyi92 has 30 seconds left.
|
|t:|1785439045
|move|p1b: Maushold|Encore|p2b: Glimmora
|-start|p2b: Glimmora|Encore
|move|p1a: Gengar|Disable|p2b: Glimmora
|-start|p2b: Glimmora|Disable|Earth Power
|move|p2a: Whimsicott|Moonblast|p1b: Maushold
|-damage|p1b: Maushold|33/100
|cant|p2b: Glimmora|Disable|Earth Power
|
|upkeep
|turn|3
|
|t:|1785439066
|move|p1b: Maushold|Protect|p1b: Maushold
|-singleturn|p1b: Maushold|Protect
|move|p1a: Gengar|Perish Song|p1a: Gengar
|-start|p1a: Gengar|perish3|[silent]
|-start|p1b: Maushold|perish3|[silent]
|-start|p2a: Whimsicott|perish3|[silent]
|-start|p2b: Glimmora|perish3|[silent]
|-fieldactivate|move: Perish Song
|move|p2a: Whimsicott|Moonblast|p1b: Maushold
|-activate|p1b: Maushold|move: Protect
|-activate|p2b: Glimmora|move: Struggle
|move|p2b: Glimmora|Struggle|p1b: Maushold
|-activate|p1b: Maushold|move: Protect
|
|-start|p1b: Maushold|perish3
|-start|p1a: Gengar|perish3
|-start|p2a: Whimsicott|perish3
|-start|p2b: Glimmora|perish3
|upkeep
|turn|4
|
|t:|1785439087
|move|p1b: Maushold|Encore|p2a: Whimsicott
|-start|p2a: Whimsicott|Encore
|move|p1a: Gengar|Disable|p2a: Whimsicott
|-start|p2a: Whimsicott|Disable|Moonblast
|cant|p2a: Whimsicott|Disable|Moonblast
|-activate|p2b: Glimmora|move: Struggle
|move|p2b: Glimmora|Struggle|p1b: Maushold
|-damage|p1b: Maushold|24/100
|-damage|p2b: Glimmora|74/100|[from] recoil
|
|-end|p2b: Glimmora|Encore
|-start|p1b: Maushold|perish2
|-start|p1a: Gengar|perish2
|-start|p2a: Whimsicott|perish2
|-start|p2b: Glimmora|perish2
|upkeep
|turn|5
|inactive|AbadanRiyi92 has 30 seconds left.
|inactive|AbadanRiyi92 has 20 seconds left.
|inactive|AbadanRiyi92 has 15 seconds left.
|inactive|AbadanRiyi92 has 10 seconds left.
|
|t:|1785439136
|switch|p1a: Politoed|Politoed, L50, F, shiny|100/100
|-weather|RainDance|[from] ability: Drizzle|[of] p1a: Politoed
|move|p1b: Maushold|Protect|p1b: Maushold
|-singleturn|p1b: Maushold|Protect
|-activate|p2a: Whimsicott|move: Struggle
|move|p2a: Whimsicott|Struggle|p1a: Politoed
|-damage|p1a: Politoed|94/100
|-damage|p2a: Whimsicott|74/100|[from] recoil
|move|p2b: Glimmora|Sludge Bomb|p1b: Maushold
|-activate|p1b: Maushold|move: Protect
|
|-weather|RainDance|[upkeep]
|-end|p2b: Glimmora|Disable
|-start|p1b: Maushold|perish1
|-start|p2a: Whimsicott|perish1
|-start|p2b: Glimmora|perish1
|upkeep
|turn|6
|inactive|AbadanRiyi92 has 30 seconds left.
|inactive|FatherPenguin has 30 seconds left.
|inactive|FatherPenguin has 20 seconds left.
|inactive|FatherPenguin has 15 seconds left.
|
|t:|1785439181
|switch|p1b: Gengar|Gengar-Mega, L50, F, shiny|100/100
|-activate|p2a: Whimsicott|move: Struggle
|move|p2a: Whimsicott|Struggle|p1a: Politoed
|-damage|p1a: Politoed|87/100
|-damage|p2a: Whimsicott|49/100|[from] recoil
|move|p2b: Glimmora|Earth Power|p1b: Gengar
|-supereffective|p1b: Gengar|1
|-damage|p1b: Gengar|34/100
|move|p1a: Politoed|Perish Song|p1a: Politoed
|-start|p1a: Politoed|perish3|[silent]
|-start|p1b: Gengar|perish3|[silent]
|-fieldactivate|move: Perish Song
|
|-weather|RainDance|[upkeep]
|-end|p2a: Whimsicott|Encore
|-start|p1b: Gengar|perish3
|-start|p2a: Whimsicott|perish0
|-start|p2b: Glimmora|perish0
|-start|p1a: Politoed|perish3
|faint|p2a: Whimsicott
|faint|p2b: Glimmora
|upkeep
|c|☆AbadanRiyi92|lol you could switch
|c|☆AbadanRiyi92|There was no gengar xD
|
|t:|1785439198
|switch|p2a: Staraptor|Staraptor, L50, M|100/100
|switch|p2b: Garchomp|Garchomp, L50, F|100/100
|-ability|p2a: Staraptor|Intimidate|boost
|-unboost|p1a: Politoed|atk|1
|-unboost|p1b: Gengar|atk|1
|turn|7
|
|t:|1785439215
|switch|p1a: Incineroar|Incineroar, L50, F|100/100
|-ability|p1a: Incineroar|Intimidate|boost
|-unboost|p2a: Staraptor|atk|1
|-unboost|p2b: Garchomp|atk|1
|detailschange|p2a: Staraptor|Staraptor-Mega, L50, M
|-mega|p2a: Staraptor|Staraptor|Staraptite
|move|p2a: Staraptor|Close Combat|p1a: Incineroar
|-supereffective|p1a: Incineroar|1
|-damage|p1a: Incineroar|31/100
|-boost|p2a: Staraptor|def|1
|-boost|p2a: Staraptor|spd|1
|move|p1b: Gengar|Perish Song|p1b: Gengar
|-start|p1a: Incineroar|perish3|[silent]
|-start|p2a: Staraptor|perish3|[silent]
|-start|p2b: Garchomp|perish3|[silent]
|-fieldactivate|move: Perish Song
|move|p2b: Garchomp|Earthquake|p1b: Gengar|[spread] p1a,p1b
|-immune|p2a: Staraptor
|-supereffective|p1a: Incineroar|1
|-supereffective|p1b: Gengar|1
|-damage|p1a: Incineroar|0 fnt
|-damage|p1b: Gengar|0 fnt
|faint|p1a: Incineroar
|faint|p1b: Gengar
|-damage|p2b: Garchomp|90/100|[from] item: Life Orb
|
|-weather|RainDance|[upkeep]
|-start|p2a: Staraptor|perish3
|-start|p2b: Garchomp|perish3
|upkeep
|
|t:|1785439237
|switch|p1b: Politoed|Politoed, L50, F, shiny|87/100
|switch|p1a: Maushold|Maushold-Four, L50|24/100
|turn|8
|
|t:|1785439253
|move|p1a: Maushold|Protect|p1a: Maushold
|-singleturn|p1a: Maushold|Protect
|move|p1b: Politoed|Protect|p1b: Politoed
|-singleturn|p1b: Politoed|Protect
|move|p2a: Staraptor|Close Combat|p1b: Politoed
|-activate|p1b: Politoed|move: Protect
|move|p2b: Garchomp|Earthquake|p1b: Politoed|[spread] 
|-activate|p1a: Maushold|move: Protect
|-activate|p1b: Politoed|move: Protect
|-immune|p2a: Staraptor
|
|-weather|RainDance|[upkeep]
|-start|p2a: Staraptor|perish2
|-start|p2b: Garchomp|perish2
|upkeep
|turn|9
|inactive|AbadanRiyi92 has 30 seconds left.
|inactive|FatherPenguin has 30 seconds left.
|inactive|FatherPenguin has 20 seconds left.
|inactive|FatherPenguin has 15 seconds left.
|inactive|FatherPenguin has 10 seconds left.
|
|t:|1785439299
|move|p1a: Maushold|Follow Me|p1a: Maushold
|-singleturn|p1a: Maushold|move: Follow Me
|move|p2a: Staraptor|Close Combat|p1a: Maushold
|-supereffective|p1a: Maushold|1
|-damage|p1a: Maushold|0 fnt
|-boost|p2a: Staraptor|def|1
|-boost|p2a: Staraptor|spd|1
|faint|p1a: Maushold
|move|p2b: Garchomp|Dragon Claw|p1b: Politoed
|-damage|p1b: Politoed|54/100
|-damage|p2b: Garchomp|80/100|[from] item: Life Orb
|move|p1b: Politoed|Weather Ball|p2b: Garchomp
|-damage|p2b: Garchomp|26/100
|
|-weather|none
|-start|p2a: Staraptor|perish1
|-start|p2b: Garchomp|perish1
|upkeep
|turn|10
|
|t:|1785439317
|move|p1b: Politoed|Protect|p1b: Politoed
|-singleturn|p1b: Politoed|Protect
|move|p2a: Staraptor|Close Combat|p1b: Politoed
|-activate|p1b: Politoed|move: Protect
|move|p2b: Garchomp|Dragon Claw|p1b: Politoed
|-activate|p1b: Politoed|move: Protect
|
|-start|p2a: Staraptor|perish0
|-start|p2b: Garchomp|perish0
|faint|p2a: Staraptor
|faint|p2b: Garchomp
|
|win|AbadanRiyi92
||AbadanRiyi92 is ready for game 3.
|inactive|FatherPenguin has 30 seconds to confirm battle start!
