|j|☆Hot Take I Guess
|j|☆moussag
|html|Hot Take I Guessmoussag    
|uhtml|bestof|Game 1 of a best-of-3
|t:|1784106735
|gametype|doubles
|player|p1|Hot Take I Guess|unknown|1111
|player|p2|moussag|striker|1000
|gen|9
|tier|[Gen 9 Champions] VGC 2026 Reg M-B (Bo3)
|rated|
|rule|Species Clause: Limit one of each Pokémon
|rule|Item Clause: Limit 1 of each item
|clearpoke
|poke|p1|Froslass, L50, F|
|poke|p1|Toxapex, L50, F|
|poke|p1|Sneasler, L50, F|
|poke|p1|Kingambit, L50, M|
|poke|p1|Blaziken, L50, F|
|poke|p1|Incineroar, L50, M|
|poke|p2|Metagross, L50|
|poke|p2|Dragapult, L50, F|
|poke|p2|Ninetales-Alola, L50, M|
|poke|p2|Aerodactyl, L50, M|
|poke|p2|Rotom-Wash, L50|
|poke|p2|Sneasler, L50, M|
|teampreview|4
|showteam|p1|Froslass||Froslassite|CursedBody|Blizzard,ShadowBall,AuroraVeil,Protect|Timid||F|||50|]Toxapex||Leftovers|Regenerator|Infestation,Toxic,WideGuard,BanefulBunker|Bold||F|||50|]Sneasler||FocusSash|PoisonTouch|CloseCombat,PoisonJab,FakeOut,Protect|Jolly||F|||50|]Kingambit||BlackGlasses|Defiant|KowtowCleave,SwordsDance,SuckerPunch,Protect|Adamant||M|||50|]Blaziken||Blazikenite|SpeedBoost|CloseCombat,FlareBlitz,RockSlide,Protect|Adamant||F|||50|]Incineroar||SitrusBerry|Intimidate|FakeOut,FlareBlitz,ThroatChop,PartingShot|Impish||M|||50|
|showteam|p2|Metagross||Metagrossite|ClearBody|Protect,IronHead,BulletPunch,PsychicFangs|Adamant|||||50|]Dragapult||LifeOrb|ClearBody|Protect,DragonDarts,PhantomForce,WillOWisp|Jolly||F|||50|]Ninetales-Alola||NeverMeltIce|SnowWarning|Protect,FreezeDry,Blizzard,AuroraVeil|Timid||M|||50|]Aerodactyl||FocusSash|Unnerve|Protect,RockSlide,DualWingbeat,Tailwind|Jolly||M|||50|]Rotom-Wash||SitrusBerry|Levitate|Protect,Thunderbolt,HydroPump,NastyPlot|Modest|||||50|]Sneasler||WhiteHerb|Unburden|DireClaw,CloseCombat,Acrobatics,FakeOut|Jolly||M|||50|
|inactive|Battle timer is ON: inactive players will automatically lose when time's up. (requested by Hot Take I Guess)
|inactive|moussag has 60 seconds left.
|
|t:|1784106818
|teamsize|p1|4
|teamsize|p2|4
|start
|switch|p1a: Sneasler|Sneasler, L50, F|100/100
|switch|p1b: Blaziken|Blaziken, L50, F|100/100
|switch|p2a: Dragapult|Dragapult, L50, F|100/100
|switch|p2b: Sneasler|Sneasler, L50, M|100/100
|turn|1
|
|t:|1784106839
|move|p1a: Sneasler|Protect|p1a: Sneasler
|-singleturn|p1a: Sneasler|Protect
|move|p1b: Blaziken|Protect|p1b: Blaziken
|-singleturn|p1b: Blaziken|Protect
|move|p2b: Sneasler|Fake Out|p1b: Blaziken
|-activate|p1b: Blaziken|move: Protect
|move|p2a: Dragapult|Dragon Darts|p1a: Sneasler
|-activate|p1b: Blaziken|move: Protect
|
|-ability|p1b: Blaziken|Speed Boost|boost
|-boost|p1b: Blaziken|spe|1
|upkeep
|turn|2
|inactive|Hot Take I Guess has 30 seconds left.
|inactive|moussag has 30 seconds left.
|inactive|moussag has 20 seconds left.
|
|t:|1784106875
|switch|p2b: Rotom|Rotom-Wash, L50|100/100
|detailschange|p1b: Blaziken|Blaziken-Mega, L50, F
|-mega|p1b: Blaziken|Blaziken|Blazikenite
|move|p1b: Blaziken|Flare Blitz|p2b: Rotom
|-resisted|p2b: Rotom|1
|-damage|p2b: Rotom|56/100
|-damage|p1b: Blaziken|86/100|[from] Recoil
|move|p2a: Dragapult|Dragon Darts|p1a: Sneasler
|-damage|p1a: Sneasler|54/100
|-anim|p2a: Dragapult|Dragon Darts|p1b: Blaziken
|-damage|p1b: Blaziken|52/100
|-damage|p2a: Dragapult|90/100|[from] item: Life Orb
|move|p1a: Sneasler|Close Combat|p2b: Rotom
|-damage|p2b: Rotom|0 fnt
|-unboost|p1a: Sneasler|def|1
|-unboost|p1a: Sneasler|spd|1
|faint|p2b: Rotom
|
|-ability|p1b: Blaziken|Speed Boost|boost
|-boost|p1b: Blaziken|spe|1
|upkeep
|
|t:|1784106891
|switch|p2b: Sneasler|Sneasler, L50, M|100/100
|turn|3
|
|t:|1784106905
|switch|p1a: Incineroar|Incineroar, L50, M|100/100
|-ability|p1a: Incineroar|Intimidate|boost
|-fail|p2a: Dragapult|unboost|[from] ability: Clear Body|[of] p2a: Dragapult
|-unboost|p2b: Sneasler|atk|1
|-enditem|p2b: Sneasler|White Herb
|-clearnegativeboost|p2b: Sneasler|[silent]
|move|p1b: Blaziken|Protect|p1b: Blaziken
|-singleturn|p1b: Blaziken|Protect
|move|p2b: Sneasler|Acrobatics|p1a: Incineroar
|-damage|p1a: Incineroar|72/100
|move|p2a: Dragapult|Phantom Force||[still]
|-prepare|p2a: Dragapult|Phantom Force
|
|-ability|p1b: Blaziken|Speed Boost|boost
|-boost|p1b: Blaziken|spe|1
|upkeep
|turn|4
|
|t:|1784106925
|move|p1a: Incineroar|Fake Out|p2b: Sneasler
|-damage|p2b: Sneasler|80/100
|cant|p2b: Sneasler|flinch
|move|p1b: Blaziken|Flare Blitz|p2b: Sneasler
|-damage|p2b: Sneasler|0 fnt
|faint|p2b: Sneasler
|-damage|p1b: Blaziken|27/100|[from] Recoil
|move|p2a: Dragapult|Phantom Force|p1b: Blaziken|[from] lockedmove
|-damage|p1b: Blaziken|0 fnt
|faint|p1b: Blaziken
|-damage|p2a: Dragapult|80/100|[from] item: Life Orb
|
|upkeep
|
|t:|1784106939
|switch|p2b: Metagross|Metagross, L50|100/100
|switch|p1b: Toxapex|Toxapex, L50, F|100/100
|turn|5
|inactive|Hot Take I Guess has 30 seconds left.
|inactive|moussag has 30 seconds left.
|
|t:|1784106967
|detailschange|p2b: Metagross|Metagross-Mega, L50
|-mega|p2b: Metagross|Metagross|Metagrossite
|move|p2a: Dragapult|Dragon Darts|p1a: Incineroar
|-damage|p1a: Incineroar|50/100g
|-anim|p2a: Dragapult|Dragon Darts|p1b: Toxapex
|-damage|p1b: Toxapex|81/100
|-damage|p2a: Dragapult|70/100|[from] item: Life Orb
|move|p2b: Metagross|Psychic Fangs|p1b: Toxapex
|-supereffective|p1b: Toxapex|1
|-damage|p1b: Toxapex|5/100
|move|p1a: Incineroar|Flare Blitz|p2b: Metagross
|-supereffective|p2b: Metagross|1
|-damage|p2b: Metagross|36/100
|-damage|p1a: Incineroar|31/100|[from] Recoil
|-enditem|p1a: Incineroar|Sitrus Berry|[eat]
|-heal|p1a: Incineroar|56/100|[from] item: Sitrus Berry
|move|p1b: Toxapex|Toxic|p2a: Dragapult
|-status|p2a: Dragapult|tox
|
|-heal|p1b: Toxapex|10/100|[from] item: Leftovers
|-damage|p2a: Dragapult|65/100 tox|[from] psn
|upkeep
|turn|6
|inactive|Hot Take I Guess has 30 seconds left.
|inactive|moussag has 30 seconds left.
|inactive|Hot Take I Guess has 20 seconds left.
|inactive|moussag has 20 seconds left.
|inactive|Hot Take I Guess has 15 seconds left.
|inactive|Hot Take I Guess has 10 seconds left.
|
|t:|1784107016
|move|p2b: Metagross|Protect|p2b: Metagross
|-singleturn|p2b: Metagross|Protect
|move|p2a: Dragapult|Phantom Force||[still]
|-prepare|p2a: Dragapult|Phantom Force
|move|p1a: Incineroar|Flare Blitz|p2b: Metagross
|-activate|p2b: Metagross|move: Protect
|move|p1b: Toxapex|Infestation|p2a: Dragapult|[miss]
|-miss|p1b: Toxapex|p2a: Dragapult
|
|-heal|p1b: Toxapex|16/100|[from] item: Leftovers
|-damage|p2a: Dragapult|53/100 tox|[from] psn
|upkeep
|turn|7
|
|t:|1784107030
|switch|p1a: Sneasler|Sneasler, L50, F|54/100
|move|p2a: Dragapult|Phantom Force|p1a: Sneasler|[from] lockedmove
|-damage|p1a: Sneasler|0 fnt
|faint|p1a: Sneasler
|-damage|p2a: Dragapult|44/100 tox|[from] item: Life Orb
|move|p2b: Metagross|Iron Head|p1b: Toxapex
|-resisted|p1b: Toxapex|1
|-damage|p1b: Toxapex|0 fnt
|faint|p1b: Toxapex
|
|-damage|p2a: Dragapult|26/100 tox|[from] psn
|upkeep
|
|t:|1784107037
|switch|p1b: Incineroar|Incineroar, L50, M|56/100
|-ability|p1b: Incineroar|Intimidate|boost
|-fail|p2a: Dragapult|unboost|[from] ability: Clear Body|[of] p2a: Dragapult
|-unboost|p2b: Metagross|atk|1
|turn|8
|
|t:|1784107049
|move|p2a: Dragapult|Dragon Darts|p1b: Incineroar
|-damage|p1b: Incineroar|34/100
|-anim|p2a: Dragapult|Dragon Darts|p1b: Incineroar
|-damage|p1b: Incineroar|13/100
|-damage|p2a: Dragapult|17/100 tox|[from] item: Life Orb
|move|p2b: Metagross|Iron Head|p1b: Incineroar
|-resisted|p1b: Incineroar|1
|-damage|p1b: Incineroar|0 fnt
|faint|p1b: Incineroar
|
|win|moussag
||Hot Take I Guess is ready for game 2.
