|j|☆ToastedArt
|j|☆thaduck
|html|ToastedArtthaduck    
|uhtml|bestof|Game 1 of a best-of-3
|t:|1784484248
|gametype|doubles
|player|p1|ToastedArt|clemont|1142
|player|p2|thaduck|ghetsis|1307
|gen|9
|tier|[Gen 9 Champions] VGC 2026 Reg M-B (Bo3)
|rated|
|rule|Species Clause: Limit one of each Pokémon
|rule|Item Clause: Limit 1 of each item
|clearpoke
|poke|p1|Falinks, L50, shiny|
|poke|p1|Incineroar, L50, M|
|poke|p1|Vanilluxe, L50, M, shiny|
|poke|p1|Basculegion, L50, M|
|poke|p1|Sneasler, L50, M|
|poke|p1|Dragonite, L50, M|
|poke|p2|Froslass, L50, F|
|poke|p2|Dragonite, L50, M|
|poke|p2|Toxapex, L50, M|
|poke|p2|Sneasler, L50, F|
|poke|p2|Kingambit, L50, M|
|poke|p2|Blaziken, L50, M|
|teampreview|4
|showteam|p1|Falinks||Falinksite|Defiant|NoRetreat,CloseCombat,RockSlide,Protect|Adamant|||||50|]Incineroar||PasshoBerry|Intimidate|FakeOut,FlareBlitz,ThroatChop,PartingShot|Impish||M|||50|]Vanilluxe||ChoiceScarf|SnowWarning|Blizzard,FreezeDry,IcyWind,Explosion|Modest||M|||50|]Basculegion||SitrusBerry|Adaptability|WaveCrash,LastRespects,AquaJet,Protect|Adamant||M|||50|]Sneasler||FocusSash|PoisonTouch|PoisonJab,CloseCombat,FakeOut,Coaching|Jolly||M|||50|]Dragonite||LifeOrb|InnerFocus|DragonClaw,ExtremeSpeed,ThunderPunch,Tailwind|Adamant||M|||50|
|showteam|p2|Froslass||Froslassite|CursedBody|Blizzard,ShadowBall,AuroraVeil,Protect|Timid||F|||50|]Dragonite||LifeOrb|InnerFocus|DragonClaw,ExtremeSpeed,LowKick,Protect|Adamant||M|||50|]Toxapex||Leftovers|Regenerator|Infestation,Toxic,WideGuard,BanefulBunker|Bold||M|||50|]Sneasler||FocusSash|PoisonTouch|PoisonJab,CloseCombat,FakeOut,Protect|Jolly||F|||50|]Kingambit||BlackGlasses|Defiant|KowtowCleave,IronHead,SuckerPunch,Protect|Adamant||M|||50|]Blaziken||Blazikenite|SpeedBoost|FlareBlitz,CloseCombat,RockSlide,Protect|Adamant||M|||50|
|inactive|Battle timer is ON: inactive players will automatically lose when time's up. (requested by ToastedArt)
|inactive|ToastedArt has 60 seconds left.
|inactive|thaduck has 60 seconds left.
|
|t:|1784484302
|teamsize|p1|4
|teamsize|p2|4
|start
|switch|p1a: Falinks|Falinks, L50, shiny|100/100
|switch|p1b: Sneasler|Sneasler, L50, M|100/100
|switch|p2a: Dragonite|Dragonite, L50, M|100/100
|switch|p2b: Kingambit|Kingambit, L50, M|100/100
|turn|1
|
|t:|1784484318
|detailschange|p1a: Falinks|Falinks-Mega, L50, shiny
|-mega|p1a: Falinks|Falinks|Falinksite
|move|p2b: Kingambit|Protect|p2b: Kingambit
|-singleturn|p2b: Kingambit|Protect
|move|p1b: Sneasler|Coaching|p1a: Falinks
|-boost|p1a: Falinks|atk|1
|-boost|p1a: Falinks|def|1
|move|p1a: Falinks|No Retreat|p1a: Falinks
|-boost|p1a: Falinks|atk|1
|-boost|p1a: Falinks|def|1
|-boost|p1a: Falinks|spa|1
|-boost|p1a: Falinks|spd|1
|-boost|p1a: Falinks|spe|1
|-start|p1a: Falinks|move: No Retreat
|move|p2a: Dragonite|Dragon Claw|p1a: Falinks
|-damage|p1a: Falinks|72/100
|-damage|p2a: Dragonite|90/100|[from] item: Life Orb
|
|upkeep
|turn|2
|
|t:|1784484341
|switch|p2b: Froslass|Froslass, L50, F|100/100
|move|p1a: Falinks|Rock Slide|p2b: Froslass|[spread] p2a
|-miss|p1a: Falinks|p2b: Froslass
|-supereffective|p2a: Dragonite|1
|-damage|p2a: Dragonite|4/100
|move|p1b: Sneasler|Close Combat|p2b: Froslass
|-immune|p2b: Froslass
|move|p2a: Dragonite|Dragon Claw|p1b: Sneasler
|-damage|p1b: Sneasler|1/100
|-damage|p2a: Dragonite|0 fnt|[from] item: Life Orb
|faint|p2a: Dragonite
|
|upkeep
|
|t:|1784484362
|switch|p2a: Sneasler|Sneasler, L50, F|100/100
|turn|3
|
|t:|1784484370
|switch|p1b: Incineroar|Incineroar, L50, M|100/100
|-ability|p1b: Incineroar|Intimidate|boost
|-unboost|p2a: Sneasler|atk|1
|-unboost|p2b: Froslass|atk|1
|detailschange|p2b: Froslass|Froslass-Mega, L50, F
|-mega|p2b: Froslass|Froslass|Froslassite
|-weather|Snowscape|[from] ability: Snow Warning|[of] p2b: Froslass
|move|p1a: Falinks|Protect|p1a: Falinks
|-singleturn|p1a: Falinks|Protect
|move|p2a: Sneasler|Fake Out|p1a: Falinks
|-activate|p1a: Falinks|move: Protect
|move|p2b: Froslass|Blizzard|p1a: Falinks|[spread] p1b
|-activate|p1a: Falinks|move: Protect
|-resisted|p1b: Incineroar|1
|-damage|p1b: Incineroar|79/100
|-status|p1b: Incineroar|frz
|
|-weather|Snowscape|[upkeep]
|upkeep
|turn|4
|inactive|ToastedArt has 30 seconds left.
|
|t:|1784484395
|cant|p1b: Incineroar|frz
|move|p1a: Falinks|Rock Slide|p2b: Froslass|[spread] p2a,p2b
|-resisted|p2a: Sneasler|1
|-crit|p2a: Sneasler
|-supereffective|p2b: Froslass|1
|-damage|p2a: Sneasler|44/100
|-damage|p2b: Froslass|12/100
|move|p2a: Sneasler|Close Combat|p1a: Falinks
|-damage|p1a: Falinks|51/100
|-unboost|p2a: Sneasler|def|1
|-unboost|p2a: Sneasler|spd|1
|move|p2b: Froslass|Blizzard|p1a: Falinks|[spread] p1a,p1b
|-resisted|p1b: Incineroar|1
|-damage|p1a: Falinks|11/100
|-damage|p1b: Incineroar|58/100 frz
|
|-weather|Snowscape|[upkeep]
|upkeep
|turn|5
|
|t:|1784484415
|move|p2b: Froslass|Protect|p2b: Froslass
|-singleturn|p2b: Froslass|Protect
|move|p1a: Falinks|Rock Slide|p2a: Sneasler|[spread] p2a
|-activate|p2b: Froslass|move: Protect
|-resisted|p2a: Sneasler|1
|-damage|p2a: Sneasler|0 fnt
|faint|p2a: Sneasler
|-curestatus|p1b: Incineroar|frz|[from] move: Flare Blitz
|move|p1b: Incineroar|Flare Blitz|p2b: Froslass
|-activate|p2b: Froslass|move: Protect
|
|-weather|Snowscape|[upkeep]
|upkeep
|
|t:|1784484422
|switch|p2a: Kingambit|Kingambit, L50, M|100/100
|turn|6
|
|t:|1784484433
|move|p1a: Falinks|Protect|p1a: Falinks
|-singleturn|p1a: Falinks|Protect
|move|p2a: Kingambit|Sucker Punch||[still]
|-fail|p2a: Kingambit
|move|p2b: Froslass|Blizzard|p1a: Falinks|[spread] p1b
|-activate|p1a: Falinks|move: Protect
|-resisted|p1b: Incineroar|1
|-crit|p1b: Incineroar
|-damage|p1b: Incineroar|23/100
|move|p1b: Incineroar|Flare Blitz|p2b: Froslass
|-supereffective|p2b: Froslass|1
|-crit|p2b: Froslass
|-damage|p2b: Froslass|0 fnt
|faint|p2b: Froslass
|-damage|p1b: Incineroar|20/100y|[from] Recoil
|
|-weather|Snowscape|[upkeep]
|upkeep
|turn|7
|
|t:|1784484452
|switch|p1b: Sneasler|Sneasler, L50, M|1/100
|move|p2a: Kingambit|Sucker Punch||[still]
|-fail|p2a: Kingambit
|move|p1a: Falinks|No Retreat||[still]
|-fail|p1a: Falinks
|
|-weather|none
|upkeep
|turn|8
|
|t:|1784484462
|move|p1b: Sneasler|Fake Out|p2a: Kingambit
|-resisted|p2a: Kingambit|1
|-damage|p2a: Kingambit|95/100
|cant|p2a: Kingambit|flinch
|move|p1a: Falinks|Close Combat|p2a: Kingambit
|-supereffective|p2a: Kingambit|2
|-damage|p2a: Kingambit|0 fnt
|-unboost|p1a: Falinks|def|1
|-unboost|p1a: Falinks|spd|1
|faint|p2a: Kingambit
|
|win|ToastedArt
