|j|☆thich an hanh
|j|☆raksbachtesting2
|html|thich an hanhraksbachtesting2    
|uhtml|bestof|Game 2 of a best-of-3
|t:|1785327120
|gametype|doubles
|player|p1|thich an hanh|102|1050
|player|p2|raksbachtesting2|doubleteam|1137
|gen|9
|tier|[Gen 9 Champions] VGC 2026 Reg M-B (Bo3)
|rated|
|rule|Species Clause: Limit one of each Pokémon
|rule|Item Clause: Limit 1 of each item
|clearpoke
|poke|p1|Sylveon, L50, F|
|poke|p1|Torkoal, L50, M|
|poke|p1|Oranguru, L50, M|
|poke|p1|Maushold, L50|
|poke|p1|Raichu, L50, M|
|poke|p1|Machamp, L50, M|
|poke|p2|Sinistcha, L50|
|poke|p2|Garchomp, L50, M, shiny|
|poke|p2|Sneasler, L50, F, shiny|
|poke|p2|Floette-Eternal, L50, F|
|poke|p2|Incineroar, L50, M, shiny|
|poke|p2|Kingambit, L50, M, shiny|
|teampreview|4
|showteam|p1|Sylveon||FairyFeather|Pixilate|Detect,HyperVoice,Moonblast,Psychic|Quiet||F|||50|]Torkoal||Charcoal|Drought|Eruption,WeatherBall,SolarBeam,Protect|Quiet||M|||50|]Oranguru||MentalHerb|InnerFocus|TrickRoom,Instruct,Encore,Protect|Relaxed||M|||50|]Maushold||FocusSash|FriendGuard|PopulationBomb,AfterYou,Protect,Uturn|Jolly|||||50|]Raichu||RaichuniteX|LightningRod|Thunderbolt,VoltSwitch,FakeOut,Protect|Hasty||M|||50|]Machamp||WhiteHerb|NoGuard|DynamicPunch,StoneEdge,KnockOff,Protect|Adamant||M|||50|
|showteam|p2|Sinistcha||SitrusBerry|Hospitality|MatchaGotcha,RagePowder,Protect,TrickRoom|Bold|||||50|]Garchomp||Garchompite|RoughSkin|StompingTantrum,Earthquake,RockSlide,Protect|Adamant||M|||50|]Sneasler||FocusSash|Unburden|CloseCombat,DireClaw,FakeOut,Coaching|Jolly||F|||50|]Floette-Eternal||Floettite|FlowerVeil|DazzlingGleam,DrainingKiss,CalmMind,Protect|Timid||F|||50|]Incineroar||Leftovers|Intimidate|FakeOut,FlareBlitz,PartingShot,HelpingHand|Sassy||M|||50|]Kingambit||ChopleBerry|Defiant|KowtowCleave,SuckerPunch,IronHead,Protect|Adamant||M|||50|
|inactive|Battle timer is ON: inactive players will automatically lose when time's up. (requested by raksbachtesting2)
|
|t:|1785327143
|teamsize|p1|4
|teamsize|p2|4
|start
|switch|p1a: Oranguru|Oranguru, L50, M|100/100
|switch|p1b: Sylveon|Sylveon, L50, F|100/100
|switch|p2a: Kingambit|Kingambit, L50, M, shiny|100/100
|switch|p2b: Garchomp|Garchomp, L50, M, shiny|100/100
|turn|1
|
|t:|1785327155
|detailschange|p2b: Garchomp|Garchomp-Mega, L50, M, shiny
|-mega|p2b: Garchomp|Garchomp|Garchompite
|move|p2b: Garchomp|Rock Slide|p1b: Sylveon|[spread] p1b
|-miss|p2b: Garchomp|p1a: Oranguru
|-damage|p1b: Sylveon|68/100
|cant|p1b: Sylveon|flinch
|move|p2a: Kingambit|Kowtow Cleave|p1a: Oranguru
|-supereffective|p1a: Oranguru|1
|-damage|p1a: Oranguru|20/100y
|move|p1a: Oranguru|Trick Room|p1a: Oranguru
|-fieldstart|move: Trick Room|[of] p1a: Oranguru
|
|upkeep
|turn|2
|
|t:|1785327177
|switch|p1a: Machamp|Machamp, L50, M|100/100
|move|p2b: Garchomp|Protect|p2b: Garchomp
|-singleturn|p2b: Garchomp|Protect
|move|p2a: Kingambit|Iron Head|p1b: Sylveon
|-supereffective|p1b: Sylveon|1
|-damage|p1b: Sylveon|0 fnt
|faint|p1b: Sylveon
|
|upkeep
|
|t:|1785327186
|switch|p1b: Torkoal|Torkoal, L50, M|100/100
|-weather|SunnyDay|[from] ability: Drought|[of] p1b: Torkoal
|turn|3
|
|t:|1785327192
|move|p2a: Kingambit|Protect|p2a: Kingambit
|-singleturn|p2a: Kingambit|Protect
|move|p1b: Torkoal|Eruption|p2a: Kingambit|[spread] p2b
|-activate|p2a: Kingambit|move: Protect
|-resisted|p2b: Garchomp|1
|-damage|p2b: Garchomp|54/100
|move|p1a: Machamp|Dynamic Punch|p2b: Garchomp
|-damage|p2b: Garchomp|3/100
|-start|p2b: Garchomp|confusion
|-activate|p2b: Garchomp|confusion
|move|p2b: Garchomp|Earthquake|p1a: Machamp|[spread] p1a,p1b
|-activate|p2a: Kingambit|move: Protect
|-supereffective|p1b: Torkoal|1
|-damage|p1a: Machamp|43/100
|-damage|p1b: Torkoal|17/100
|
|-weather|SunnyDay|[upkeep]
|upkeep
|turn|4
|inactive|raksbachtesting2 has 30 seconds left.
|
|t:|1785327221
|move|p1b: Torkoal|Protect|p1b: Torkoal
|-singleturn|p1b: Torkoal|Protect
|move|p2a: Kingambit|Sucker Punch||[still]
|-fail|p2a: Kingambit
|move|p1a: Machamp|Dynamic Punch|p2a: Kingambit
|-supereffective|p2a: Kingambit|2
|-enditem|p2a: Kingambit|Chople Berry|[eat]
|-enditem|p2a: Kingambit|Chople Berry|[weaken]
|-damage|p2a: Kingambit|17/100
|-start|p2a: Kingambit|confusion
|-activate|p2b: Garchomp|confusion
|move|p2b: Garchomp|Stomping Tantrum|p1a: Machamp
|-damage|p1a: Machamp|0 fnt
|faint|p1a: Machamp
|
|-weather|SunnyDay|[upkeep]
|upkeep
|
|t:|1785327238
|switch|p1a: Oranguru|Oranguru, L50, M|20/100y
|turn|5
|
|t:|1785327252
|-activate|p2a: Kingambit|confusion
|move|p2a: Kingambit|Sucker Punch|p1b: Torkoal
|-damage|p1b: Torkoal|0 fnt
|faint|p1b: Torkoal
|move|p1a: Oranguru|Instruct|p1: Torkoal|[notarget]
|-fail|p1a: Oranguru
|-activate|p2b: Garchomp|confusion
|move|p2b: Garchomp|Stomping Tantrum|p1a: Oranguru
|-damage|p1a: Oranguru|0 fnt
|faint|p1a: Oranguru
|
|win|raksbachtesting2
