|j|☆Nebz21
|j|☆potfatato2069
|html|Nebz21potfatato2069    
|uhtml|bestof|Game 3 of a best-of-3
|t:|1757804096
|gametype|doubles
|player|p1|Nebz21|hexmaniac-gen6|
|player|p2|potfatato2069|265|
|gen|9
|tier|[Gen 9] VGC 2025 Reg H (Bo3)
|rule|Species Clause: Limit one of each Pokémon
|rule|Item Clause: Limit 1 of each item
|clearpoke
|poke|p1|Yanma, L50, F|
|poke|p1|Pikachu, L50, M|
|poke|p1|Duraludon, L50, F|
|poke|p1|Magmar, L50, M|
|poke|p1|Sneasel-Hisui, L50, F|
|poke|p1|Basculin-White-Striped, L50, M|
|poke|p2|Emboar, L50, F|
|poke|p2|Hydrapple, L50, M|
|poke|p2|Araquanid, L50, M|
|poke|p2|Indeedee-F, L50, F|
|poke|p2|Gardevoir, L50, F|
|poke|p2|Ursaluna, L50, F|
|teampreview|4
|showteam|p1|Yanma||FocusSash|CompoundEyes|Tailwind,Hypnosis,AirSlash,Protect|||F|||50|,,,,,Ghost]Pikachu||LightBall|LightningRod|FakeOut,Encore,Thunderbolt,Protect|||M|||50|,,,,,Electric]Duraludon||ChoiceSpecs|Stalwart|DracoMeteor,FlashCannon,TeraBlast,DragonPulse|||F|||50|,,,,,Ghost]Magmar||Eviolite|VitalSpirit|FollowMe,HelpingHand,Overheat,Protect|||M|||50|,,,,,Fairy]Sneasel-Hisui||LifeOrb|InnerFocus|PoisonJab,CloseCombat,ThroatChop,Protect|||F|||50|,,,,,Stellar]Basculin-White-Striped||ChoiceScarf|Adaptability|AquaJet,WaveCrash,FlipTurn,LastRespects|||M|||50|,,,,,Ghost
|showteam|p2|Emboar||ChoiceBand|Reckless|CloseCombat,WildCharge,FlareBlitz,IronHead|||F|||50|,,,,,Steel]Hydrapple||AssaultVest|Regenerator|EnergyBall,EarthPower,FickleBeam,PollenPuff|||M|||50|,,,,,Water]Araquanid||MysticWater|WaterBubble|Lunge,WideGuard,Protect,Liquidation|||M|||50|,,,,,Water]Indeedee-F||RockyHelmet|PsychicSurge|Psychic,TrickRoom,FollowMe,HelpingHand|||F|||50|,,,,,Fairy]Gardevoir||LifeOrb|Trace|Moonblast,ExpandingForce,Protect,TrickRoom|||F|||50|,,,,,Poison]Ursaluna||FlameOrb|Guts|Protect,HeadlongRush,IcePunch,Facade|||F|||50|,,,,,Ghost
|inactive|Battle timer is ON: inactive players will automatically lose when time's up. (requested by Nebz21)
|
|t:|1757804121
|teamsize|p1|4
|teamsize|p2|4
|start
|switch|p1a: Basculin|Basculin-White-Striped, L50, M|100/100
|switch|p1b: Sneasel|Sneasel-Hisui, L50, F|100/100
|switch|p2a: Indeedee|Indeedee-F, L50, F|100/100
|switch|p2b: Gardevoir|Gardevoir, L50, F|100/100
|-fieldstart|move: Psychic Terrain|[from] ability: Psychic Surge|[of] p2a: Indeedee
|-ability|p2b: Gardevoir|Inner Focus|Trace|[from] ability: Trace|[of] p1b: Sneasel
|turn|1
|c|☆Nebz21|!dt last respects
|raw|Last Respects  Power50 Accuracy100% PP16 +50 power for each time a party member fainted. 
|raw|Priority: 0 |  Gen: 9 |  Z-Power: 100 |  Target: One Adjacent Pokémon

|
|t:|1757804139
|move|p2b: Gardevoir|Protect|p2b: Gardevoir
|-singleturn|p2b: Gardevoir|Protect
|move|p1a: Basculin|Flip Turn|p2a: Indeedee
|-damage|p2a: Indeedee|51/100
|-damage|p1a: Basculin|84/100|[from] item: Rocky Helmet|[of] p2a: Indeedee
|
|t:|1757804149
|switch|p1a: Duraludon|Duraludon, L50, F|100/100|[from] Flip Turn
|move|p1b: Sneasel|Poison Jab|p2b: Gardevoir
|-activate|p2b: Gardevoir|move: Protect
|move|p2a: Indeedee|Trick Room|p2a: Indeedee
|-fieldstart|move: Trick Room|[of] p2a: Indeedee
|
|upkeep
|turn|2
|
|t:|1757804164
|-terastallize|p2b: Gardevoir|Poison
|move|p2a: Indeedee|Helping Hand|p2b: Gardevoir
|-singleturn|p2b: Gardevoir|Helping Hand|[of] p2a: Indeedee
|move|p2b: Gardevoir|Moonblast|p1a: Duraludon
|-damage|p1a: Duraludon|0 fnt
|faint|p1a: Duraludon
|-damage|p2b: Gardevoir|91/100|[from] item: Life Orb
|move|p1b: Sneasel|Poison Jab|p2b: Gardevoir
|-resisted|p2b: Gardevoir
|-damage|p2b: Gardevoir|56/100
|-damage|p1b: Sneasel|90/100|[from] item: Life Orb
|
|upkeep
|
|t:|1757804178
|switch|p1a: Pikachu|Pikachu, L50, M|100/100
|turn|3
|
|t:|1757804187
|move|p1a: Pikachu|Protect|p1a: Pikachu
|-singleturn|p1a: Pikachu|Protect
|move|p1b: Sneasel|Protect|p1b: Sneasel
|-singleturn|p1b: Sneasel|Protect
|move|p2a: Indeedee|Follow Me|p2a: Indeedee
|-singleturn|p2a: Indeedee|move: Follow Me
|move|p2b: Gardevoir|Expanding Force|p1a: Pikachu|[spread] 
|-activate|p1a: Pikachu|move: Protect
|-activate|p1b: Sneasel|move: Protect
|
|upkeep
|turn|4
|
|t:|1757804208
|switch|p1b: Basculin|Basculin-White-Striped, L50, M|84/100
|move|p2a: Indeedee|Helping Hand|p2b: Gardevoir
|-singleturn|p2b: Gardevoir|Helping Hand|[of] p2a: Indeedee
|move|p2b: Gardevoir|Expanding Force|p1b: Basculin|[spread] p1a,p1b
|-damage|p1a: Pikachu|0 fnt
|-damage|p1b: Basculin|0 fnt
|faint|p1a: Pikachu
|faint|p1b: Basculin
|-damage|p2b: Gardevoir|46/100|[from] item: Life Orb
|
|upkeep
|
|t:|1757804216
|switch|p1b: Sneasel|Sneasel-Hisui, L50, F|90/100
|turn|5
|inactive|potfatato2069 has 30 seconds left.
|inactive|potfatato2069 has 20 seconds left.
|inactive|potfatato2069 has 15 seconds left.
|inactive|potfatato2069 has 10 seconds left.
|inactive|potfatato2069 has 5 seconds left.
|
|t:|1757804271
|move|p1b: Sneasel|Protect|p1b: Sneasel
|-singleturn|p1b: Sneasel|Protect
|move|p2a: Indeedee|Follow Me|p2a: Indeedee
|-singleturn|p2a: Indeedee|move: Follow Me
|move|p2b: Gardevoir|Expanding Force|p1b: Sneasel
|-activate|p1b: Sneasel|move: Protect
|
|-fieldend|move: Trick Room
|-fieldend|move: Psychic Terrain
|upkeep
|turn|6
|inactive|Nebz21 has 30 seconds left.
|
|t:|1757804296
|-terastallize|p1b: Sneasel|Stellar
|move|p2b: Gardevoir|Protect|p2b: Gardevoir
|-singleturn|p2b: Gardevoir|Protect
|move|p1b: Sneasel|Throat Chop|p2b: Gardevoir
|-activate|p2b: Gardevoir|move: Protect
|move|p2a: Indeedee|Trick Room|p2a: Indeedee
|-fieldstart|move: Trick Room|[of] p2a: Indeedee
|
|upkeep
|turn|7
|
|t:|1757804307
|move|p2a: Indeedee|Helping Hand|p2b: Gardevoir
|-singleturn|p2b: Gardevoir|Helping Hand|[of] p2a: Indeedee
|move|p1b: Sneasel|Protect|p1b: Sneasel
|-singleturn|p1b: Sneasel|Protect
|move|p2b: Gardevoir|Expanding Force|p1b: Sneasel
|-activate|p1b: Sneasel|move: Protect
|
|upkeep
|turn|8
|
|t:|1757804322
|move|p2a: Indeedee|Helping Hand|p2b: Gardevoir
|-singleturn|p2b: Gardevoir|Helping Hand|[of] p2a: Indeedee
|move|p2b: Gardevoir|Expanding Force|p1b: Sneasel
|-supereffective|p1b: Sneasel
|-damage|p1b: Sneasel|0 fnt
|faint|p1b: Sneasel
|-damage|p2b: Gardevoir|36/100|[from] item: Life Orb
|
|win|potfatato2069
|l|☆potfatato2069
|player|p2|
