|j|☆gaming from toilet
|j|☆Arkhept
|html|gaming from toiletArkhept    
|uhtml|bestof|Game 1 of a best-of-3
|t:|1757682710
|gametype|doubles
|player|p1|gaming from toilet|1|1226
|player|p2|Arkhept|misty|1234
|gen|9
|tier|[Gen 9] VGC 2025 Reg H (Bo3)
|rated|
|rule|Species Clause: Limit one of each Pokémon
|rule|Item Clause: Limit 1 of each item
|clearpoke
|poke|p1|Dragonite, L50, F|
|poke|p1|Ursaluna-Bloodmoon, L50, M|
|poke|p1|Gholdengo, L50|
|poke|p1|Maushold-Four, L50|
|poke|p1|Annihilape, L50, F|
|poke|p1|Rillaboom, L50, M|
|poke|p2|Blaziken, L50, F|
|poke|p2|Kingambit, L50, M|
|poke|p2|Rillaboom, L50, F|
|poke|p2|Electabuzz, L50, F|
|poke|p2|Dragonite, L50, M|
|poke|p2|Ninetales-Alola, L50, M|
|teampreview|4
|showteam|p1|Dragonite||LoadedDice|Multiscale|ScaleShot,Tailwind,Haze,Protect|||F|||50|,,,,,Fairy]Ursaluna-Bloodmoon||AssaultVest|MindsEye|BloodMoon,EarthPower,HyperVoice,VacuumWave|||M|||50|,,,,,Water]Gholdengo||LifeOrb|GoodasGold|MakeItRain,ShadowBall,NastyPlot,Protect||||||50|,,,,,Dragon]Maushold-Four||FocusSash|FriendGuard|Taunt,FollowMe,BeatUp,Protect||||||50|,,,,,Ghost]Annihilape||SitrusBerry|Defiant|RageFist,DrainPunch,BulkUp,Protect|||F|||50|,,,,,Fire]Rillaboom||MiracleSeed|GrassySurge|WoodHammer,GrassyGlide,HighHorsepower,FakeOut|||M|||50|,,,,,Fire
|showteam|p2|Blaziken||FocusSash|SpeedBoost|CloseCombat,FlareBlitz,Detect,Coaching|||F|||50|,,,,,Stellar]Kingambit||BlackGlasses|Defiant|KowtowCleave,SwordsDance,SuckerPunch,Protect|||M|||50|,,,,,Dark]Rillaboom||AssaultVest|GrassySurge|WoodHammer,GrassyGlide,HighHorsepower,FakeOut|||F|||50|,,,,,Fire]Electabuzz||Eviolite|VitalSpirit|Thunderbolt,Taunt,FollowMe,Protect|||F|||50|,,,,,Ghost]Dragonite||LoadedDice|Multiscale|ScaleShot,ExtremeSpeed,Haze,Protect|||M|||50|,,,,,Fairy]Ninetales-Alola||LifeOrb|SnowWarning|Blizzard,FreezeDry,Encore,Protect|||M|||50|,,,,,Ice
|inactive|Battle timer is ON: inactive players will automatically lose when time's up. (requested by gaming from toilet)
|inactive|gaming from toilet has 60 seconds left.
|inactive|Arkhept has 60 seconds left.
|inactive|gaming from toilet has 30 seconds left.
|
|t:|1757682778
|teamsize|p1|4
|teamsize|p2|4
|start
|switch|p1a: Maushold|Maushold-Four, L50|100/100
|switch|p1b: Annihilape|Annihilape, L50, F|100/100
|switch|p2a: Kingambit|Kingambit, L50, M|100/100
|switch|p2b: Electabuzz|Electabuzz, L50, F|100/100
|turn|1
|inactive|Arkhept has 30 seconds left.
|inactive|Arkhept has 20 seconds left.
|inactive|Arkhept has 15 seconds left.
|inactive|Arkhept has 10 seconds left.
|inactive|Arkhept has 5 seconds left.
|
|t:|1757682833
|move|p1a: Maushold|Taunt|p2b: Electabuzz
|-start|p2b: Electabuzz|move: Taunt
|move|p1b: Annihilape|Bulk Up|p1b: Annihilape
|-boost|p1b: Annihilape|atk|1
|-boost|p1b: Annihilape|def|1
|move|p2b: Electabuzz|Thunderbolt|p1a: Maushold
|-damage|p1a: Maushold|58/100
|move|p2a: Kingambit|Kowtow Cleave|p1a: Maushold
|-damage|p1a: Maushold|0 fnt
|faint|p1a: Maushold
|
|upkeep
|
|t:|1757682853
|switch|p1a: Dragonite|Dragonite, L50, F|100/100
|turn|2
|inactive|gaming from toilet has 30 seconds left.
|inactive|gaming from toilet has 20 seconds left.
|
|t:|1757682889
|-terastallize|p2a: Kingambit|Dark
|move|p1b: Annihilape|Drain Punch|p2a: Kingambit
|-supereffective|p2a: Kingambit
|-damage|p2a: Kingambit|28/100
|move|p2b: Electabuzz|Thunderbolt|p1b: Annihilape
|-damage|p1b: Annihilape|73/100
|move|p1a: Dragonite|Tailwind|p1a: Dragonite
|-sidestart|p1: gaming from toilet|move: Tailwind
|move|p2a: Kingambit|Kowtow Cleave|p1b: Annihilape
|-damage|p1b: Annihilape|15/100
|-enditem|p1b: Annihilape|Sitrus Berry|[eat]
|-heal|p1b: Annihilape|40/100|[from] item: Sitrus Berry
|
|upkeep
|turn|3
|inactive|gaming from toilet has 30 seconds left.
|inactive|gaming from toilet has 20 seconds left.
|inactive|gaming from toilet has 15 seconds left.
|
|t:|1757682929
|move|p1b: Annihilape|Protect|p1b: Annihilape
|-singleturn|p1b: Annihilape|Protect
|move|p2a: Kingambit|Protect|p2a: Kingambit
|-singleturn|p2a: Kingambit|Protect
|move|p1a: Dragonite|Scale Shot|p2a: Kingambit
|-activate|p2a: Kingambit|move: Protect
|move|p2b: Electabuzz|Thunderbolt|p1a: Dragonite
|-damage|p1a: Dragonite|85/100
|
|-end|p2b: Electabuzz|move: Taunt
|upkeep
|turn|4
|
|t:|1757682951
|move|p2b: Electabuzz|Follow Me|p2b: Electabuzz
|-singleturn|p2b: Electabuzz|move: Follow Me
|move|p1b: Annihilape|Drain Punch|p2b: Electabuzz
|-damage|p2b: Electabuzz|65/100
|-heal|p1b: Annihilape|55/100|[from] drain|[of] p2b: Electabuzz
|move|p1a: Dragonite|Scale Shot|p2b: Electabuzz
|-damage|p2b: Electabuzz|54/100
|-damage|p2b: Electabuzz|41/100
|-damage|p2b: Electabuzz|30/100
|-damage|p2b: Electabuzz|19/100
|-hitcount|p2b: Electabuzz|4
|-unboost|p1a: Dragonite|def|1
|-boost|p1a: Dragonite|spe|1
|move|p2a: Kingambit|Kowtow Cleave|p1b: Annihilape
|-damage|p1b: Annihilape|4/100
|
|upkeep
|turn|5
|inactive|gaming from toilet has 30 seconds left.
|
|t:|1757682983
|move|p2b: Electabuzz|Protect|p2b: Electabuzz
|-singleturn|p2b: Electabuzz|Protect
|move|p2a: Kingambit|Protect|p2a: Kingambit
|-singleturn|p2a: Kingambit|Protect
|move|p1a: Dragonite|Scale Shot|p2a: Kingambit
|-activate|p2a: Kingambit|move: Protect
|move|p1b: Annihilape|Drain Punch|p2a: Kingambit
|-activate|p2a: Kingambit|move: Protect
|
|-sideend|p1: gaming from toilet|move: Tailwind
|upkeep
|turn|6
|inactive|gaming from toilet has 30 seconds left.
|inactive|Arkhept has 30 seconds left.
|
|t:|1757683014
|move|p2b: Electabuzz|Follow Me|p2b: Electabuzz
|-singleturn|p2b: Electabuzz|move: Follow Me
|move|p1a: Dragonite|Scale Shot|p2b: Electabuzz
|-damage|p2b: Electabuzz|7/100
|-damage|p2b: Electabuzz|0 fnt
|faint|p2b: Electabuzz
|-hitcount|p2: Electabuzz|2
|-unboost|p1a: Dragonite|def|1
|-boost|p1a: Dragonite|spe|1
|move|p1b: Annihilape|Bulk Up|p1b: Annihilape
|-boost|p1b: Annihilape|atk|1
|-boost|p1b: Annihilape|def|1
|move|p2a: Kingambit|Kowtow Cleave|p1a: Dragonite
|-crit|p1a: Dragonite
|-damage|p1a: Dragonite|0 fnt
|faint|p1a: Dragonite
|
|upkeep
|
|t:|1757683032
|switch|p2b: Ninetales|Ninetales-Alola, L50, M|100/100
|switch|p1a: Gholdengo|Gholdengo, L50|100/100
|-weather|Snowscape|[from] ability: Snow Warning|[of] p2b: Ninetales
|turn|7
|inactive|gaming from toilet has 30 seconds left.
|inactive|gaming from toilet has 20 seconds left.
|inactive|gaming from toilet has 15 seconds left.
|
|t:|1757683076
|move|p2a: Kingambit|Sucker Punch|p1a: Gholdengo
|-supereffective|p1a: Gholdengo
|-damage|p1a: Gholdengo|0 fnt
|faint|p1a: Gholdengo
|move|p2b: Ninetales|Blizzard|p1b: Annihilape
|-damage|p1b: Annihilape|0 fnt
|faint|p1b: Annihilape
|-damage|p2b: Ninetales|91/100|[from] item: Life Orb
|
|win|Arkhept
||Arkhept is ready for game 2.
|l|☆gaming from toilet
|player|p1|
|inactive|gaming from toilet has 30 seconds to confirm battle start!
|inactive|gaming from toilet has 20 seconds to confirm battle start!
||gaming from toilet is ready for game 2.
|uhtml|next|Next: Game 2 of 3
