|j|☆DuelSkiller
|j|☆BelinVGC
|html|DuelSkillerBelinVGC    
|uhtml|bestof|Game 1 of a best-of-3
|t:|1784314997
|gametype|doubles
|player|p1|DuelSkiller|lucas|1071
|player|p2|BelinVGC|102|1276
|gen|9
|tier|[Gen 9 Champions] VGC 2026 Reg M-B (Bo3)
|rated|
|rule|Species Clause: Limit one of each Pokémon
|rule|Item Clause: Limit 1 of each item
|clearpoke
|poke|p1|Charizard, L50, M|
|poke|p1|Tyranitar, L50, M|
|poke|p1|Milotic, L50, M|
|poke|p1|Sinistcha, L50|
|poke|p1|Sneasler, L50, F|
|poke|p1|Kingambit, L50, M|
|poke|p2|Swampert, L50, M|
|poke|p2|Pelipper, L50, M|
|poke|p2|Archaludon, L50, M|
|poke|p2|Venusaur, L50, F|
|poke|p2|Maushold-Four, L50|
|poke|p2|Gholdengo, L50|
|teampreview|4
|showteam|p1|Charizard||CharizarditeX|Blaze|Protect,DragonDance,DragonClaw,FlareBlitz|Serious||M|||50|]Tyranitar||Tyranitarite|SandStream|RockSlide,Crunch,DragonDance,Protect|Serious||M|||50|]Milotic||Leftovers|Competitive|Recover,IceBeam,Scald,IcyWind|Modest||M|||50|]Sinistcha||CobaBerry|Hospitality|MatchaGotcha,LifeDew,RagePowder,TrickRoom|Calm|||||50|]Sneasler||FocusSash|Unburden|FakeOut,Coaching,DireClaw,CloseCombat|Jolly||F|||50|]Kingambit||ChopleBerry|Defiant|KowtowCleave,IronHead,SuckerPunch,Protect|Adamant||M|||50|
|showteam|p2|Swampert||Swampertite|Torrent|WaveCrash,HighHorsepower,IcePunch,Protect|Adamant||M|||50|]Pelipper||SitrusBerry|Drizzle|WeatherBall,Hurricane,Tailwind,WideGuard|Modest||M|||50|]Archaludon||Leftovers|Stamina|ElectroShot,DragonPulse,FlashCannon,Protect|Calm||M|||50|]Venusaur||Venusaurite|Chlorophyll|GigaDrain,EarthPower,SludgeBomb,Protect|Modest||F|||50|]Maushold-Four||FocusSash|FriendGuard|FollowMe,SuperFang,RainDance,Protect|Timid|||||50|]Gholdengo||LifeOrb|GoodasGold|MakeItRain,ShadowBall,NastyPlot,Protect|Modest|||||50|
|inactive|Battle timer is ON: inactive players will automatically lose when time's up. (requested by DuelSkiller)
|
|t:|1784315067
|teamsize|p1|4
|teamsize|p2|4
|start
|switch|p1a: Sneasler|Sneasler, L50, F|100/100
|switch|p1b: Sinistcha|Sinistcha, L50|100/100
|switch|p2a: Maushold|Maushold-Four, L50|100/100
|switch|p2b: Swampert|Swampert, L50, M|100/100
|turn|1
|inactive|BelinVGC has 30 seconds left.
|inactive|BelinVGC has 20 seconds left.
|inactive|BelinVGC has 15 seconds left.
|
|t:|1784315112
|detailschange|p2b: Swampert|Swampert-Mega, L50, M
|-mega|p2b: Swampert|Swampert|Swampertite
|move|p1a: Sneasler|Fake Out|p2a: Maushold
|-damage|p2a: Maushold|82/100
|cant|p2a: Maushold|flinch
|move|p2b: Swampert|High Horsepower|p1a: Sneasler
|-supereffective|p1a: Sneasler|1
|-enditem|p1a: Sneasler|Focus Sash
|-damage|p1a: Sneasler|1/100
|move|p1b: Sinistcha|Matcha Gotcha|p2a: Maushold|[spread] p2a,p2b
|-supereffective|p2b: Swampert|2
|-damage|p2a: Maushold|52/100
|-damage|p2b: Swampert|36/100
|
|upkeep
|turn|2
|
|t:|1784315136
|switch|p2a: Pelipper|Pelipper, L50, M|100/100
|-weather|RainDance|[from] ability: Drizzle|[of] p2a: Pelipper
|move|p2b: Swampert|Protect|p2b: Swampert
|-singleturn|p2b: Swampert|Protect
|move|p1a: Sneasler|Close Combat|p2a: Pelipper
|-resisted|p2a: Pelipper|1
|-damage|p2a: Pelipper|67/100
|-unboost|p1a: Sneasler|def|1
|-unboost|p1a: Sneasler|spd|1
|move|p1b: Sinistcha|Matcha Gotcha|p2b: Swampert|[spread] p2a
|-activate|p2b: Swampert|move: Protect
|-damage|p2a: Pelipper|34/100
|-enditem|p2a: Pelipper|Sitrus Berry|[eat]
|-heal|p2a: Pelipper|59/100|[from] item: Sitrus Berry
|
|-weather|RainDance|[upkeep]
|upkeep
|turn|3
|
|t:|1784315158
|switch|p2b: Maushold|Maushold-Four, L50|52/100
|move|p1a: Sneasler|Dire Claw|p2a: Pelipper
|-damage|p2a: Pelipper|24/100
|move|p2a: Pelipper|Tailwind|p2a: Pelipper
|-sidestart|p2: BelinVGC|move: Tailwind
|move|p1b: Sinistcha|Matcha Gotcha|p2a: Pelipper|[spread] p2a,p2b
|-damage|p2a: Pelipper|1/100
|-damage|p2b: Maushold|22/100
|
|-weather|RainDance|[upkeep]
|upkeep
|turn|4
|
|t:|1784315182
|switch|p1b: Tyranitar|Tyranitar, L50, M|100/100
|-weather|Sandstorm|[from] ability: Sand Stream|[of] p1b: Tyranitar
|move|p2b: Maushold|Follow Me|p2b: Maushold
|-singleturn|p2b: Maushold|move: Follow Me
|move|p1a: Sneasler|Close Combat|p2b: Maushold
|-supereffective|p2b: Maushold|1
|-damage|p2b: Maushold|0 fnt
|-unboost|p1a: Sneasler|def|1
|-unboost|p1a: Sneasler|spd|1
|faint|p2b: Maushold
|move|p2a: Pelipper|Hurricane|p1b: Tyranitar
|-resisted|p1b: Tyranitar|1
|-damage|p1b: Tyranitar|83/100
|
|-weather|Sandstorm|[upkeep]
|-damage|p1a: Sneasler|0 fnt|[from] Sandstorm
|-damage|p2a: Pelipper|0 fnt|[from] Sandstorm
|faint|p1a: Sneasler
|faint|p2a: Pelipper
|upkeep
|
|t:|1784315203
|switch|p1a: Sinistcha|Sinistcha, L50|100/100
|switch|p2b: Swampert|Swampert-Mega, L50, M|36/100
|switch|p2a: Archaludon|Archaludon, L50, M|100/100
|-heal|p1b: Tyranitar|100/100|[from] ability: Hospitality|[of] p1a: Sinistcha
|turn|5
|
|t:|1784315224
|move|p1b: Tyranitar|Protect|p1b: Tyranitar
|-singleturn|p1b: Tyranitar|Protect
|move|p2b: Swampert|Ice Punch|p1a: Sinistcha
|-supereffective|p1a: Sinistcha|1
|-damage|p1a: Sinistcha|42/100
|move|p2a: Archaludon|Dragon Pulse|p1a: Sinistcha
|-damage|p1a: Sinistcha|6/100
|move|p1a: Sinistcha|Matcha Gotcha|p2a: Archaludon|[spread] p2a,p2b
|-resisted|p2a: Archaludon|2
|-supereffective|p2b: Swampert|2
|-damage|p2a: Archaludon|95/100
|-heal|p1a: Sinistcha|9/100|[from] drain|[of] p2a: Archaludon
|-damage|p2b: Swampert|0 fnt
|-heal|p1a: Sinistcha|28/100|[from] drain|[of] p2b: Swampert
|-ability|p2a: Archaludon|Stamina|boost
|-boost|p2a: Archaludon|def|1
|faint|p2b: Swampert
|
|-weather|Sandstorm|[upkeep]
|-damage|p1a: Sinistcha|22/100|[from] Sandstorm
|-heal|p2a: Archaludon|100/100|[from] item: Leftovers
|upkeep
|turn|6
|inactive|DuelSkiller has 30 seconds left.
|
|t:|1784315254
|move|p2a: Archaludon|Dragon Pulse|p1a: Sinistcha
|-damage|p1a: Sinistcha|0 fnt
|faint|p1a: Sinistcha
|move|p1b: Tyranitar|Dragon Dance|p1b: Tyranitar
|-boost|p1b: Tyranitar|atk|1
|-boost|p1b: Tyranitar|spe|1
|
|-weather|Sandstorm|[upkeep]
|-sideend|p2: BelinVGC|move: Tailwind
|upkeep
|
|t:|1784315263
|switch|p1a: Kingambit|Kingambit, L50, M|100/100
|turn|7
|
|t:|1784315287
|detailschange|p1b: Tyranitar|Tyranitar-Mega, L50, M
|-mega|p1b: Tyranitar|Tyranitar|Tyranitarite
|move|p1b: Tyranitar|Dragon Dance|p1b: Tyranitar
|-boost|p1b: Tyranitar|atk|1
|-boost|p1b: Tyranitar|spe|1
|move|p2a: Archaludon|Electro Shot||[still]
|-prepare|p2a: Archaludon|Electro Shot
|-boost|p2a: Archaludon|spa|1
|move|p1a: Kingambit|Kowtow Cleave|p2a: Archaludon
|-damage|p2a: Archaludon|73/100
|-ability|p2a: Archaludon|Stamina|boost
|-boost|p2a: Archaludon|def|1
|
|-weather|Sandstorm|[upkeep]
|-heal|p2a: Archaludon|79/100|[from] item: Leftovers
|upkeep
|turn|8
|
|t:|1784315303
|move|p1a: Kingambit|Protect|p1a: Kingambit
|-singleturn|p1a: Kingambit|Protect
|move|p1b: Tyranitar|Dragon Dance|p1b: Tyranitar
|-boost|p1b: Tyranitar|atk|1
|-boost|p1b: Tyranitar|spe|1
|move|p2a: Archaludon|Electro Shot|p1a: Kingambit|[from] lockedmove
|-activate|p1a: Kingambit|move: Protect
|
|-weather|none
|-heal|p2a: Archaludon|85/100|[from] item: Leftovers
|upkeep
|turn|9
|
|t:|1784315326
|move|p2a: Archaludon|Protect|p2a: Archaludon
|-singleturn|p2a: Archaludon|Protect
|move|p1b: Tyranitar|Crunch|p2a: Archaludon
|-activate|p2a: Archaludon|move: Protect
|move|p1a: Kingambit|Kowtow Cleave|p2a: Archaludon
|-activate|p2a: Archaludon|move: Protect
|
|-heal|p2a: Archaludon|92/100|[from] item: Leftovers
|upkeep
|turn|10
|
|t:|1784315338
|move|p1a: Kingambit|Protect|p1a: Kingambit
|-singleturn|p1a: Kingambit|Protect
|move|p1b: Tyranitar|Dragon Dance|p1b: Tyranitar
|-boost|p1b: Tyranitar|atk|1
|-boost|p1b: Tyranitar|spe|1
|move|p2a: Archaludon|Flash Cannon|p1b: Tyranitar
|-supereffective|p1b: Tyranitar|1
|-crit|p1b: Tyranitar
|-damage|p1b: Tyranitar|0 fnt
|faint|p1b: Tyranitar
|
|-heal|p2a: Archaludon|98/100|[from] item: Leftovers
|upkeep
|turn|11
|
|t:|1784315355
|move|p2a: Archaludon|Dragon Pulse|p1a: Kingambit
|-resisted|p1a: Kingambit|1
|-damage|p1a: Kingambit|73/100
|move|p1a: Kingambit|Kowtow Cleave|p2a: Archaludon
|-damage|p2a: Archaludon|80/100
|-ability|p2a: Archaludon|Stamina|boost
|-boost|p2a: Archaludon|def|1
|
|-heal|p2a: Archaludon|86/100|[from] item: Leftovers
|upkeep
|turn|12
|-message|DuelSkiller forfeited.
|
|win|BelinVGC
|l|☆DuelSkiller
|player|p1|
||DuelSkiller is ready for game 2.
||BelinVGC is ready for game 2.
|uhtml|next|Next: Game 2 of 3
