|j|☆NotThinkingVGC
|j|☆EmanuelaOrlandiVGC
|html|NotThinkingVGCEmanuelaOrlandiVGC    
|uhtml|bestof|Game 3 of a best-of-3
|t:|1783366577
|gametype|doubles
|player|p1|NotThinkingVGC|volkner|1242
|player|p2|EmanuelaOrlandiVGC|kieran-champion|1314
|gen|9
|tier|[Gen 9 Champions] VGC 2026 Reg M-B (Bo3)
|rated|
|rule|Species Clause: Limit one of each Pokémon
|rule|Item Clause: Limit 1 of each item
|clearpoke
|poke|p1|Delphox, L50, F|
|poke|p1|Incineroar, L50, F|
|poke|p1|Maushold-Four, L50|
|poke|p1|Sinistcha, L50|
|poke|p1|Sneasler, L50, M|
|poke|p1|Blastoise, L50, F|
|poke|p2|Aerodactyl, L50, F|
|poke|p2|Garchomp, L50, F|
|poke|p2|Charizard, L50, M|
|poke|p2|Sylveon, L50, M|
|poke|p2|Farigiraf, L50, F|
|poke|p2|Kingambit, L50, M|
|teampreview|4
|showteam|p1|Delphox||Delphoxite|Blaze|HeatWave,Psychic,NastyPlot,Protect|Timid||F|||50|]Incineroar||PasshoBerry|Intimidate|ThroatChop,FlareBlitz,PartingShot,FakeOut|Impish||F|||50|]Maushold-Four||ChopleBerry|FriendGuard|FollowMe,Feint,HelpingHand,Protect|Impish|||||50|]Sinistcha||KasibBerry|Hospitality|Protect,MatchaGotcha,LifeDew,RagePowder|Bold|||||50|]Sneasler||FocusSash|PoisonTouch|PoisonJab,CloseCombat,FakeOut,QuickAttack|Jolly||M|||50|]Blastoise||Blastoisinite|RainDish|Protect,WaterSpout,DarkPulse,ShellSmash|Modest||F|||50|
|showteam|p2|Aerodactyl||Aerodactylite|Unnerve|RockSlide,Protect,Tailwind,DualWingbeat|Jolly||F|||50|]Garchomp||LifeOrb|RoughSkin|Earthquake,DragonClaw,RockSlide,Protect|Jolly||F|||50|]Charizard||CharizarditeY|Blaze|HeatWave,Protect,SolarBeam,WeatherBall|Modest||M|||50|]Sylveon||FairyFeather|Pixilate|HyperVoice,Detect,QuickAttack,HyperBeam|Modest||M|||50|]Farigiraf||SitrusBerry|ArmorTail|Psychic,Thunderbolt,Protect,TrickRoom|Bold||F|||50|]Kingambit||FocusSash|Defiant|KowtowCleave,IronHead,LowKick,SuckerPunch|Adamant||M|||50|
|inactive|Battle timer is ON: inactive players will automatically lose when time's up. (requested by NotThinkingVGC)
|
|t:|1783366595
|teamsize|p1|4
|teamsize|p2|4
|start
|switch|p1a: Blastoise|Blastoise, L50, F|100/100
|switch|p1b: Maushold|Maushold-Four, L50|100/100
|switch|p2a: Charizard|Charizard, L50, M|100/100
|switch|p2b: Garchomp|Garchomp, L50, F|100/100
|turn|1
|
|t:|1783366612
|detailschange|p1a: Blastoise|Blastoise-Mega, L50, F
|-mega|p1a: Blastoise|Blastoise|Blastoisinite
|move|p2a: Charizard|Protect|p2a: Charizard
|-singleturn|p2a: Charizard|Protect
|move|p1b: Maushold|Follow Me|p1b: Maushold
|-singleturn|p1b: Maushold|move: Follow Me
|move|p2b: Garchomp|Earthquake|p1b: Maushold|[spread] p1a,p1b
|-activate|p2a: Charizard|move: Protect
|-damage|p1a: Blastoise|62/100
|-damage|p1b: Maushold|47/100
|-damage|p2b: Garchomp|90/100|[from] item: Life Orb
|move|p1a: Blastoise|Shell Smash|p1a: Blastoise
|-unboost|p1a: Blastoise|def|1
|-unboost|p1a: Blastoise|spd|1
|-boost|p1a: Blastoise|atk|2
|-boost|p1a: Blastoise|spa|2
|-boost|p1a: Blastoise|spe|2
|
|upkeep
|turn|2
|
|t:|1783366625
|switch|p1b: Sinistcha|Sinistcha, L50|100/100
|-heal|p1a: Blastoise|87/100|[from] ability: Hospitality|[of] p1b: Sinistcha
|detailschange|p2a: Charizard|Charizard-Mega-Y, L50, M
|-mega|p2a: Charizard|Charizard|Charizardite Y
|-weather|SunnyDay|[from] ability: Drought|[of] p2a: Charizard
|move|p1a: Blastoise|Water Spout|p2b: Garchomp|[spread] p2a,p2b
|-supereffective|p2a: Charizard|1
|-damage|p2a: Charizard|0 fnt
|-damage|p2b: Garchomp|22/100
|faint|p2a: Charizard
|move|p2b: Garchomp|Earthquake|p1a: Blastoise|[spread] p1a,p1b
|-resisted|p1b: Sinistcha|1
|-damage|p1a: Blastoise|12/100
|-damage|p1b: Sinistcha|79/100
|-damage|p2b: Garchomp|12/100|[from] item: Life Orb
|
|-weather|SunnyDay|[upkeep]
|upkeep
|
|t:|1783366638
|switch|p2a: Sylveon|Sylveon, L50, M|100/100
|turn|3
|
|t:|1783366648
|switch|p1b: Maushold|Maushold-Four, L50|47/100
|move|p1a: Blastoise|Protect|p1a: Blastoise
|-singleturn|p1a: Blastoise|Protect
|move|p2b: Garchomp|Protect|p2b: Garchomp
|-singleturn|p2b: Garchomp|Protect
|move|p2a: Sylveon|Hyper Voice|p1b: Maushold|[spread] p1b
|-activate|p1a: Blastoise|move: Protect
|-damage|p1b: Maushold|0 fnt
|faint|p1b: Maushold
|
|-weather|SunnyDay|[upkeep]
|upkeep
|
|t:|1783366669
|switch|p1b: Sneasler|Sneasler, L50, M|100/100
|turn|4
|
|t:|1783366688
|move|p2a: Sylveon|Detect|p2a: Sylveon
|-singleturn|p2a: Sylveon|Protect
|move|p1a: Blastoise|Dark Pulse|p2b: Garchomp
|-damage|p2b: Garchomp|0 fnt
|faint|p2b: Garchomp
|move|p1b: Sneasler|Poison Jab|p2a: Sylveon
|-activate|p2a: Sylveon|move: Protect
|
|-weather|SunnyDay|[upkeep]
|upkeep
|
|t:|1783366692
|switch|p2b: Farigiraf|Farigiraf, L50, F|100/100
|turn|5
|
|t:|1783366705
|switch|p1b: Sinistcha|Sinistcha, L50|79/100
|-heal|p1a: Blastoise|37/100|[from] ability: Hospitality|[of] p1b: Sinistcha
|move|p1a: Blastoise|Dark Pulse|p2b: Farigiraf
|-supereffective|p2b: Farigiraf|1
|-damage|p2b: Farigiraf|0 fnt
|faint|p2b: Farigiraf
|move|p2a: Sylveon|Hyper Voice|p1a: Blastoise|[spread] p1a,p1b
|-damage|p1a: Blastoise|0 fnt
|-damage|p1b: Sinistcha|30/100
|faint|p1a: Blastoise
|
|-weather|SunnyDay|[upkeep]
|upkeep
|
|t:|1783366713
|switch|p1a: Sneasler|Sneasler, L50, M|100/100
|turn|6
|
|t:|1783366720
|move|p1b: Sinistcha|Protect|p1b: Sinistcha
|-singleturn|p1b: Sinistcha|Protect
|move|p1a: Sneasler|Poison Jab|p2a: Sylveon
|-supereffective|p2a: Sylveon|1
|-damage|p2a: Sylveon|1/100
|-status|p2a: Sylveon|psn
|move|p2a: Sylveon|Hyper Voice|p1a: Sneasler|[spread] p1a
|-activate|p1b: Sinistcha|move: Protect
|-damage|p1a: Sneasler|30/100
|
|-weather|none
|-damage|p2a: Sylveon|0 fnt|[from] psn
|faint|p2a: Sylveon
|
|win|NotThinkingVGC
|raw|NotThinkingVGC's rating: 1242 → 1272(+30 for winning)
|raw|EmanuelaOrlandiVGC's rating: 1314 → 1290(-24 for losing)
