|j|☆weejx
|j|☆Ur3an
|html|weejxUr3an    
|uhtml|bestof|Game 2 of a best-of-3
|t:|1756403303
|gametype|doubles
|player|p1|weejx|alder|1017
|player|p2|Ur3an|n|1000
|gen|9
|tier|[Gen 9] VGC 2025 Reg H (Bo3)
|rated|
|rule|Species Clause: Limit one of each Pokémon
|rule|Item Clause: Limit 1 of each item
|clearpoke
|poke|p1|Volcarona, L50, F|
|poke|p1|Rillaboom, L50, F|
|poke|p1|Kingambit, L50, F|
|poke|p1|Electabuzz, L50, F|
|poke|p1|Sneasler, L50, F|
|poke|p1|Basculegion, L50, M|
|poke|p2|Indeedee-F, L50, F|
|poke|p2|Hatterene, L50, F|
|poke|p2|Torkoal, L50, M|
|poke|p2|Armarouge, L50, M|
|poke|p2|Lilligant-Hisui, L50, F|
|poke|p2|Ursaluna, L50, F|
|teampreview|4
|showteam|p1|Volcarona||CovertCloak|FlameBody|Protect,FieryDance,TeraBlast,QuiverDance|||F|||50|,,,,,Fairy]Rillaboom||AssaultVest|GrassySurge|WoodHammer,GrassyGlide,HighHorsepower,FakeOut|||F|||50|,,,,,Fire]Kingambit||BlackGlasses|Defiant|Protect,KowtowCleave,SuckerPunch,SwordsDance|||F|||50|,,,,,Dark]Electabuzz||Eviolite|VitalSpirit|Protect,Thunderbolt,Taunt,FollowMe|||F|||50|,,,,,Ghost]Sneasler||FocusSash|Unburden|CloseCombat,DireClaw,Coaching,FakeOut|||F|||50|,,,,,Stellar]Basculegion||ChoiceScarf|Adaptability|Liquidation,AquaJet,FlipTurn,LastRespects|||M|||50|,,,,,Ghost
|showteam|p2|Indeedee-F||SafetyGoggles|PsychicSurge|FollowMe,HelpingHand,TrickRoom,AlluringVoice|||F|||50|,,,,,Fairy]Hatterene||LifeOrb|MagicBounce|TrickRoom,ExpandingForce,DazzlingGleam,Psychic|||F|||50|,,,,,Water]Torkoal||ChoiceSpecs|Drought|Flamethrower,Eruption,HeatWave,ClearSmog|||M|||50|,,,,,Fire]Armarouge||PowerHerb|FlashFire|TrickRoom,MeteorBeam,ExpandingForce,ArmorCannon|||M|||50|,,,,,Grass]Lilligant-Hisui||CovertCloak|Chlorophyll|AfterYou,SleepPowder,CloseCombat,SolarBlade|||F|||50|,,,,,Fighting]Ursaluna||FlameOrb|Guts|Protect,Facade,HeadlongRush,CloseCombat|||F|||50|,,,,,Ghost
|inactive|Battle timer is ON: inactive players will automatically lose when time's up. (requested by Ur3an)
|inactive|weejx has 60 seconds left.
|inactive|weejx has 30 seconds left.
|inactive|weejx has 20 seconds left.
|
|t:|1756403375
|teamsize|p1|4
|teamsize|p2|4
|start
|switch|p1a: Heat Lamp|Volcarona, L50, F|100/100
|switch|p1b: Knife Rack|Kingambit, L50, F|100/100
|switch|p2a: Lilligant|Lilligant-Hisui, L50, F|100/100
|switch|p2b: Hatterene|Hatterene, L50, F|100/100
|turn|1
|inactive|Ur3an has 30 seconds left.
|
|t:|1756403408
|-terastallize|p2b: Hatterene|Water
|move|p1b: Knife Rack|Protect|p1b: Knife Rack
|-singleturn|p1b: Knife Rack|Protect
|move|p2a: Lilligant|After You|p2b: Hatterene
|-activate|p2b: Hatterene|move: After You
|move|p2b: Hatterene|Trick Room|p2b: Hatterene
|-fieldstart|move: Trick Room|[of] p2b: Hatterene
|move|p1a: Heat Lamp|Fiery Dance|p2a: Lilligant
|-supereffective|p2a: Lilligant
|-damage|p2a: Lilligant|0 fnt
|-boost|p1a: Heat Lamp|spa|1
|faint|p2a: Lilligant
|
|upkeep
|
|t:|1756403425
|switch|p2a: Torkoal|Torkoal, L50, M|100/100
|-weather|SunnyDay|[from] ability: Drought|[of] p2a: Torkoal
|turn|2
|inactive|Ur3an has 30 seconds left.
|inactive|Ur3an has 20 seconds left.
|
|t:|1756403460
|move|p1b: Knife Rack|Protect|p1b: Knife Rack
|-singleturn|p1b: Knife Rack|Protect
|move|p1a: Heat Lamp|Protect|p1a: Heat Lamp
|-singleturn|p1a: Heat Lamp|Protect
|move|p2a: Torkoal|Flamethrower|p1b: Knife Rack
|-activate|p1b: Knife Rack|move: Protect
|move|p2b: Hatterene|Psychic|p1a: Heat Lamp
|-activate|p1a: Heat Lamp|move: Protect
|
|-weather|SunnyDay|[upkeep]
|upkeep
|turn|3
|inactive|weejx has 30 seconds left.
|inactive|Ur3an has 30 seconds left.
|
|t:|1756403493
|switch|p1b: Dishwasher|Basculegion, L50, M, shiny|100/100
|move|p2a: Torkoal|Flamethrower|p1b: Dishwasher
|-resisted|p1b: Dishwasher
|-damage|p1b: Dishwasher|46/100
|move|p2b: Hatterene|Psychic|p1a: Heat Lamp
|-damage|p1a: Heat Lamp|37/100
|-damage|p2b: Hatterene|91/100|[from] item: Life Orb
|move|p1a: Heat Lamp|Fiery Dance|p2b: Hatterene
|-resisted|p2b: Hatterene
|-crit|p2b: Hatterene
|-damage|p2b: Hatterene|12/100
|
|-weather|SunnyDay|[upkeep]
|upkeep
|turn|4
|
|t:|1756403517
|switch|p2b: Indeedee|Indeedee-F, L50, F|100/100
|-fieldstart|move: Psychic Terrain|[from] ability: Psychic Surge|[of] p2b: Indeedee
|move|p1a: Heat Lamp|Protect|p1a: Heat Lamp
|-singleturn|p1a: Heat Lamp|Protect
|move|p2a: Torkoal|Flamethrower|p1b: Dishwasher
|-resisted|p1b: Dishwasher
|-damage|p1b: Dishwasher|0 fnt
|faint|p1b: Dishwasher
|
|-weather|SunnyDay|[upkeep]
|upkeep
|
|t:|1756403530
|switch|p1b: Chopsticks|Rillaboom, L50, F|100/100
|-fieldstart|move: Grassy Terrain|[from] ability: Grassy Surge|[of] p1b: Chopsticks
|turn|5
|inactive|Ur3an has 30 seconds left.
|
|t:|1756403557
|-terastallize|p1b: Chopsticks|Fire
|move|p2b: Indeedee|Follow Me|p2b: Indeedee
|-singleturn|p2b: Indeedee|move: Follow Me
|move|p2a: Torkoal|Flamethrower|p1b: Chopsticks
|-resisted|p1b: Chopsticks
|-damage|p1b: Chopsticks|70/100
|move|p1b: Chopsticks|Wood Hammer|p2b: Indeedee
|-damage|p2b: Indeedee|27/100
|-damage|p1b: Chopsticks|49/100|[from] Recoil
|move|p1a: Heat Lamp|Fiery Dance|p2b: Indeedee
|-damage|p2b: Indeedee|0 fnt
|-boost|p1a: Heat Lamp|spa|1
|faint|p2b: Indeedee
|
|-weather|SunnyDay|[upkeep]
|-heal|p1b: Chopsticks|55/100|[from] Grassy Terrain
|-heal|p1a: Heat Lamp|43/100|[from] Grassy Terrain
|-fieldend|move: Trick Room
|upkeep
|
|t:|1756403569
|switch|p2b: Hatterene|Hatterene, L50, F, tera:Water|12/100
|turn|6
|
|t:|1756403584
|move|p1b: Chopsticks|Grassy Glide|p2b: Hatterene
|-supereffective|p2b: Hatterene
|-crit|p2b: Hatterene
|-damage|p2b: Hatterene|0 fnt
|faint|p2b: Hatterene
|move|p1a: Heat Lamp|Tera Blast|p2a: Torkoal
|-damage|p2a: Torkoal|33/100
|move|p2a: Torkoal|Flamethrower|p1b: Chopsticks
|-resisted|p1b: Chopsticks
|-damage|p1b: Chopsticks|25/100
|
|-weather|none
|-heal|p1a: Heat Lamp|49/100|[from] Grassy Terrain
|-heal|p1b: Chopsticks|31/100|[from] Grassy Terrain
|-heal|p2a: Torkoal|39/100|[from] Grassy Terrain
|upkeep
|turn|7
|
|t:|1756403601
|move|p1a: Heat Lamp|Tera Blast|p2a: Torkoal
|-damage|p2a: Torkoal|0 fnt
|faint|p2a: Torkoal
|
|win|weejx
||Ur3an is ready for game 3.
|inactive|weejx has 30 seconds to confirm battle start!
|inactive|weejx has 20 seconds to confirm battle start!
||weejx is ready for game 3.
|uhtml|next|Next: Game 3 of 3
