|j|☆Oldarbladeborn
|j|☆Malgooee
|html|OldarbladebornMalgooee    
|uhtml|bestof|Game 1 of a best-of-3
|t:|1757059058
|gametype|doubles
|player|p1|Oldarbladeborn|1|1069
|player|p2|Malgooee|170|1082
|gen|9
|tier|[Gen 9] VGC 2025 Reg H (Bo3)
|rated|
|rule|Species Clause: Limit one of each Pokémon
|rule|Item Clause: Limit 1 of each item
|clearpoke
|poke|p1|Archaludon, L50, F|
|poke|p1|Garchomp, L50, M|
|poke|p1|Pelipper, L50, M|
|poke|p1|Basculegion, L50, M|
|poke|p1|Incineroar, L50, F|
|poke|p1|Amoonguss, L50, M|
|poke|p2|Gothitelle, L50, M|
|poke|p2|Archaludon, L50, M|
|poke|p2|Amoonguss, L50, M|
|poke|p2|Politoed, L50, M|
|poke|p2|Gholdengo, L50|
|poke|p2|Kingdra, L50, M|
|teampreview|4
|showteam|p1|Archaludon||PowerHerb|Stalwart|AuraSphere,ElectroShot,DragonPulse,Protect|||F|||50|,,,,,Ghost]Garchomp||LoadedDice|SandVeil|ScaleShot,Earthquake,StompingTantrum,Protect|||M|||50|,,,,,Ground]Pelipper||FocusSash|Drizzle|Tailwind,Hurricane,WeatherBall,Protect|||M|||50|,,,,,Grass]Basculegion||LifeOrb|SwiftSwim|WaveCrash,Protect,FlipTurn,AquaJet|||M|||50|,,,,,Water]Incineroar||SafetyGoggles|Intimidate|FakeOut,PartingShot,KnockOff,Taunt|||F|||50|,,,,,Ghost]Amoonguss||SitrusBerry|Regenerator|SludgeBomb,Spore,RagePowder,Protect|||M|||50|,,,,,Dark
|showteam|p2|Gothitelle||Leftovers|ShadowTag|TrickRoom,FakeOut,Protect,Taunt|||M|||50|,,,,,Grass]Archaludon||AssaultVest|Stamina|BodyPress,DracoMeteor,ElectroShot,FlashCannon|||M|||50|,,,,,Electric]Amoonguss||RockyHelmet|Regenerator|Spore,Protect,RagePowder,PollenPuff|||M|||50|,,,,,Dark]Politoed||SitrusBerry|Drizzle|PerishSong,Protect,Encore,WeatherBall|||M|||50|,,,,,Grass]Gholdengo||ClearAmulet|GoodasGold|Protect,MakeItRain,ShadowBall,NastyPlot||||||50|,,,,,Dark]Kingdra||LifeOrb|SwiftSwim|Disable,Protect,DracoMeteor,WeatherBall|||M|||50|,,,,,Grass
|inactive|Battle timer is ON: inactive players will automatically lose when time's up. (requested by Oldarbladeborn)
|inactive|Malgooee also wants the timer to be on.
|inactive|Oldarbladeborn has 60 seconds left.
|inactive|Malgooee has 60 seconds left.
|
|t:|1757059117
|teamsize|p1|4
|teamsize|p2|4
|start
|switch|p1a: Archaludon|Archaludon, L50, F|100/100
|switch|p1b: Incineroar|Incineroar, L50, F|100/100
|switch|p2a: Gholdengo|Gholdengo, L50|100/100
|switch|p2b: Archaludon|Archaludon, L50, M|100/100
|-ability|p1b: Incineroar|Intimidate|boost
|-fail|p2a: Gholdengo|unboost|[from] item: Clear Amulet|[of] p2a: Gholdengo
|-unboost|p2b: Archaludon|atk|1
|turn|1
|inactive|Oldarbladeborn has 30 seconds left.
|inactive|Malgooee has 30 seconds left.
|inactive|Oldarbladeborn has 20 seconds left.
|inactive|Malgooee has 20 seconds left.
|inactive|Malgooee has 15 seconds left.
|
|t:|1757059161
|move|p2a: Gholdengo|Protect|p2a: Gholdengo
|-singleturn|p2a: Gholdengo|Protect
|move|p1a: Archaludon|Protect|p1a: Archaludon
|-singleturn|p1a: Archaludon|Protect
|move|p2b: Archaludon|Body Press|p1a: Archaludon
|-activate|p1a: Archaludon|move: Protect
|move|p1b: Incineroar|Knock Off|p2a: Gholdengo
|-activate|p2a: Gholdengo|move: Protect
|
|upkeep
|turn|2
|inactive|Oldarbladeborn has 30 seconds left.
|inactive|Oldarbladeborn has 20 seconds left.
|inactive|Oldarbladeborn has 15 seconds left.
|
|t:|1757059206
|switch|p2a: Amoonguss|Amoonguss, L50, M|100/100
|switch|p1a: Basculegion|Basculegion, L50, M|100/100
|move|p2b: Archaludon|Body Press|p1b: Incineroar
|-supereffective|p1b: Incineroar
|-damage|p1b: Incineroar|47/100
|move|p1b: Incineroar|Knock Off|p2a: Amoonguss
|-crit|p2a: Amoonguss
|-damage|p2a: Amoonguss|54/100
|-damage|p1b: Incineroar|31/100|[from] item: Rocky Helmet|[of] p2a: Amoonguss
|-enditem|p2a: Amoonguss|Rocky Helmet|[from] move: Knock Off|[of] p1b: Incineroar
|
|upkeep
|turn|3
|inactive|Oldarbladeborn has 30 seconds left.
|inactive|Malgooee has 30 seconds left.
|inactive|Oldarbladeborn has 20 seconds left.
|
|t:|1757059245
|switch|p1b: Pelipper|Pelipper, L50, M|100/100
|-weather|RainDance|[from] ability: Drizzle|[of] p1b: Pelipper
|move|p2a: Amoonguss|Protect|p2a: Amoonguss
|-singleturn|p2a: Amoonguss|Protect
|move|p1a: Basculegion|Flip Turn|p2a: Amoonguss
|-activate|p2a: Amoonguss|move: Protect
|move|p2b: Archaludon|Body Press|p1b: Pelipper
|-resisted|p1b: Pelipper
|-damage|p1b: Pelipper|86/100
|
|-weather|RainDance|[upkeep]
|upkeep
|turn|4
|inactive|Oldarbladeborn has 30 seconds left.
|inactive|Malgooee has 30 seconds left.
|
|t:|1757059271
|-terastallize|p2b: Archaludon|Electric
|move|p1a: Basculegion|Protect|p1a: Basculegion
|-singleturn|p1a: Basculegion|Protect
|move|p2b: Archaludon|Electro Shot||[still]
|-prepare|p2b: Archaludon|Electro Shot
|-boost|p2b: Archaludon|spa|1
|-anim|p2b: Archaludon|Electro Shot|p1a: Basculegion
|-activate|p1a: Basculegion|move: Protect
|move|p1b: Pelipper|Hurricane|p2a: Amoonguss
|-supereffective|p2a: Amoonguss
|-damage|p2a: Amoonguss|0 fnt
|faint|p2a: Amoonguss
|
|-weather|RainDance|[upkeep]
|upkeep
|
|t:|1757059291
|switch|p2a: Gothitelle|Gothitelle, L50, M|100/100
|turn|5
|inactive|Oldarbladeborn has 30 seconds left.
|inactive|Oldarbladeborn has 20 seconds left.
|inactive|Oldarbladeborn has 15 seconds left.
|
|t:|1757059334
|-terastallize|p1a: Basculegion|Water
|move|p2a: Gothitelle|Fake Out|p1b: Pelipper
|-damage|p1b: Pelipper|80/100
|move|p1a: Basculegion|Wave Crash|p2b: Archaludon
|-damage|p2b: Archaludon|2/100
|-ability|p2b: Archaludon|Stamina|boost
|-boost|p2b: Archaludon|def|1
|-damage|p1a: Basculegion|68/100|[from] Recoil
|-damage|p1a: Basculegion|58/100|[from] item: Life Orb
|move|p2b: Archaludon|Electro Shot||[still]
|-prepare|p2b: Archaludon|Electro Shot
|-boost|p2b: Archaludon|spa|1
|-anim|p2b: Archaludon|Electro Shot|p1a: Basculegion
|-supereffective|p1a: Basculegion
|-damage|p1a: Basculegion|0 fnt
|faint|p1a: Basculegion
|cant|p1b: Pelipper|flinch
|
|-weather|RainDance|[upkeep]
|upkeep
|
|t:|1757059351
|switch|p1a: Incineroar|Incineroar, L50, F|31/100
|-ability|p1a: Incineroar|Intimidate|boost
|-unboost|p2a: Gothitelle|atk|1
|-unboost|p2b: Archaludon|atk|1
|turn|6
|
|t:|1757059363
|switch|p2b: Gholdengo|Gholdengo, L50|100/100
|move|p1a: Incineroar|Fake Out|p2b: Gholdengo
|-immune|p2b: Gholdengo
|move|p1b: Pelipper|Weather Ball|p2b: Gholdengo
|-damage|p2b: Gholdengo|39/100
|move|p2a: Gothitelle|Trick Room|p2a: Gothitelle
|-fieldstart|move: Trick Room|[of] p2a: Gothitelle
|
|-weather|RainDance|[upkeep]
|upkeep
|turn|7
|
|t:|1757059386
|switch|p2a: Archaludon|Archaludon, L50, M, tera:Electric|2/100
|move|p2b: Gholdengo|Protect|p2b: Gholdengo
|-singleturn|p2b: Gholdengo|Protect
|move|p1b: Pelipper|Weather Ball|p2b: Gholdengo
|-activate|p2b: Gholdengo|move: Protect
|move|p1a: Incineroar|Taunt|p2a: Archaludon
|-start|p2a: Archaludon|move: Taunt
|
|-weather|none
|upkeep
|turn|8
|inactive|Malgooee has 30 seconds left.
|
|t:|1757059417
|switch|p2b: Gothitelle|Gothitelle, L50, M|100/100
|move|p1b: Pelipper|Weather Ball|p2a: Archaludon
|-damage|p2a: Archaludon|0 fnt
|faint|p2a: Archaludon
|move|p1a: Incineroar|Knock Off|p2b: Gothitelle
|-supereffective|p2b: Gothitelle
|-damage|p2b: Gothitelle|38/100
|-enditem|p2b: Gothitelle|Leftovers|[from] move: Knock Off|[of] p1a: Incineroar
|
|upkeep
|
|t:|1757059428
|switch|p2a: Gholdengo|Gholdengo, L50|39/100
|turn|9
|
|t:|1757059452
|move|p1b: Pelipper|Protect|p1b: Pelipper
|-singleturn|p1b: Pelipper|Protect
|move|p2b: Gothitelle|Fake Out|p1a: Incineroar
|-damage|p1a: Incineroar|25/100
|cant|p1a: Incineroar|flinch
|move|p2a: Gholdengo|Make It Rain|p1a: Incineroar|[spread] p1a
|-activate|p1b: Pelipper|move: Protect
|-resisted|p1a: Incineroar
|-damage|p1a: Incineroar|10/100
|-unboost|p2a: Gholdengo|spa|1
|
|upkeep
|turn|10
|-message|Malgooee forfeited.
|
|win|Oldarbladeborn
|l|☆Malgooee
|player|p2|
||Malgooee is ready for game 2.
|inactive|Oldarbladeborn has 30 seconds to confirm battle start!
||Oldarbladeborn is ready for game 2.
|uhtml|next|Next: Game 2 of 3
