|j|☆davirru5
|j|☆PerryAgent
|html|davirru5PerryAgent    
|uhtml|bestof|Game 2 of a best-of-3
|t:|1756741779
|gametype|doubles
|player|p1|davirru5|ghetsis|1122
|player|p2|PerryAgent|170|1128
|gen|9
|tier|[Gen 9] VGC 2025 Reg H (Bo3)
|rated|
|rule|Species Clause: Limit one of each Pokémon
|rule|Item Clause: Limit 1 of each item
|clearpoke
|poke|p1|Sneasler, L50, F|
|poke|p1|Rillaboom, L50, F|
|poke|p1|Electabuzz, L50, M|
|poke|p1|Dragonite, L50, F|
|poke|p1|Volcarona, L50, F|
|poke|p1|Kingambit, L50, F|
|poke|p2|Typhlosion-Hisui, L50, F|
|poke|p2|Whimsicott, L50, M|
|poke|p2|Ursaluna-Bloodmoon, L50, M|
|poke|p2|Primarina, L50, M|
|poke|p2|Meowscarada, L50, M|
|poke|p2|Farigiraf, L50, M|
|teampreview|4
|showteam|p1|Sneasler||FocusSash|PoisonTouch|CloseCombat,DireClaw,Coaching,FakeOut|||F|||50|,,,,,Ghost]Rillaboom||AssaultVest|GrassySurge|WoodHammer,GrassyGlide,HighHorsepower,FakeOut|||F|||50|,,,,,Water]Electabuzz||Eviolite|VitalSpirit|Thunderbolt,FollowMe,Taunt,Protect|||M|||50|,,,,,Ghost]Dragonite||LoadedDice|Multiscale|ScaleShot,ExtremeSpeed,Haze,Protect|||F|||50|,,,,,Fairy]Volcarona||CovertCloak|FlameBody|HeatWave,TeraBlast,QuiverDance,Protect|||F|||50|,,,,,Fairy]Kingambit||BlackGlasses|Defiant|KowtowCleave,SuckerPunch,SwordsDance,Protect|||F|||50|,,,,,Dark
|showteam|p2|Typhlosion-Hisui||Charcoal|Blaze|Eruption,HeatWave,ShadowBall,Protect|||F|||50|,,,,,Fire]Whimsicott||CovertCloak|Prankster|Tailwind,Moonblast,SunnyDay,Encore|||M|||50|,,,,,Dark]Ursaluna-Bloodmoon||LifeOrb|MindsEye|HyperVoice,BloodMoon,EarthPower,Protect|||M|||50|,,,,,Normal]Primarina||ThroatSpray|LiquidVoice|Moonblast,HyperVoice,Haze,Protect|||M|||50|,,,,,Grass]Meowscarada||FocusSash|Protean|FlowerTrick,KnockOff,Uturn,Protect|||M|||50|,,,,,Grass]Farigiraf||SafetyGoggles|ArmorTail|PsychicNoise,HyperVoice,HelpingHand,TrickRoom|||M|||50|,,,,,Fire
|inactive|Battle timer is ON: inactive players will automatically lose when time's up. (requested by davirru5)
|inactive|davirru5 has 60 seconds left.
|
|t:|1756741821
|teamsize|p1|4
|teamsize|p2|4
|start
|switch|p1a: Dragonite|Dragonite, L50, F|100/100
|switch|p1b: Kingambit|Kingambit, L50, F|100/100
|switch|p2a: Typhlosion|Typhlosion-Hisui, L50, F|100/100
|switch|p2b: Whimsicott|Whimsicott, L50, M|100/100
|turn|1
|inactive|PerryAgent has 30 seconds left.
|
|t:|1756741851
|-terastallize|p2a: Typhlosion|Fire
|-terastallize|p1b: Kingambit|Dark
|move|p2b: Whimsicott|Sunny Day|p2b: Whimsicott
|-weather|SunnyDay
|move|p1b: Kingambit|Sucker Punch|p2a: Typhlosion
|-damage|p2a: Typhlosion|6/100
|move|p2a: Typhlosion|Eruption|p1b: Kingambit|[spread] p1a,p1b
|-resisted|p1a: Dragonite
|-damage|p1a: Dragonite|98/100
|-damage|p1b: Kingambit|89/100
|move|p1a: Dragonite|Scale Shot|p2a: Typhlosion
|-damage|p2a: Typhlosion|0 fnt
|faint|p2a: Typhlosion
|-hitcount|p2: Typhlosion|1
|-unboost|p1a: Dragonite|def|1
|-boost|p1a: Dragonite|spe|1
|
|-weather|SunnyDay|[upkeep]
|upkeep
|
|t:|1756741870
|switch|p2a: Primarina|Primarina, L50, M|100/100
|turn|2
|
|t:|1756741891
|switch|p1a: Rillaboom|Rillaboom, L50, F|100/100
|-fieldstart|move: Grassy Terrain|[from] ability: Grassy Surge|[of] p1a: Rillaboom
|move|p1b: Kingambit|Protect|p1b: Kingambit
|-singleturn|p1b: Kingambit|Protect
|move|p2b: Whimsicott|Encore||[still]
|-fail|p2b: Whimsicott
|move|p2a: Primarina|Moonblast|p1b: Kingambit
|-activate|p1b: Kingambit|move: Protect
|
|-weather|SunnyDay|[upkeep]
|-heal|p1b: Kingambit|95/100|[from] Grassy Terrain
|upkeep
|turn|3
|
|t:|1756741908
|switch|p1b: Sneasler|Sneasler, L50, F|100/100
|move|p2a: Primarina|Protect|p2a: Primarina
|-singleturn|p2a: Primarina|Protect
|move|p2b: Whimsicott|Tailwind|p2b: Whimsicott
|-sidestart|p2: PerryAgent|move: Tailwind
|move|p1a: Rillaboom|Wood Hammer|p2a: Primarina
|-activate|p2a: Primarina|move: Protect
|
|-weather|SunnyDay|[upkeep]
|upkeep
|turn|4
|
|t:|1756741931
|move|p1b: Sneasler|Fake Out|p2a: Primarina
|-damage|p2a: Primarina|84/100
|move|p2b: Whimsicott|Moonblast|p1a: Rillaboom
|-damage|p1a: Rillaboom|82/100
|cant|p2a: Primarina|flinch
|move|p1a: Rillaboom|Wood Hammer|p2a: Primarina
|-supereffective|p2a: Primarina
|-crit|p2a: Primarina
|-damage|p2a: Primarina|0 fnt
|faint|p2a: Primarina
|-damage|p1a: Rillaboom|57/100|[from] Recoil
|
|-weather|SunnyDay|[upkeep]
|-heal|p1a: Rillaboom|63/100|[from] Grassy Terrain
|upkeep
|
|t:|1756741942
|switch|p2a: Farigiraf|Farigiraf, L50, M|100/100
|turn|5
|
|t:|1756741966
|switch|p1b: Kingambit|Kingambit, L50, F, tera:Dark|95/100
|move|p2b: Whimsicott|Encore|p1b: Kingambit
|-hint|Since gen 7, Dark is immune to Prankster moves.
|-immune|p1b: Kingambit
|move|p2a: Farigiraf|Hyper Voice|p1a: Rillaboom|[spread] p1a,p1b
|-damage|p1a: Rillaboom|46/100
|-damage|p1b: Kingambit|68/100
|move|p1a: Rillaboom|Wood Hammer|p2a: Farigiraf
|-damage|p2a: Farigiraf|41/100
|-damage|p1a: Rillaboom|25/100|[from] Recoil
|
|-weather|none
|-heal|p2a: Farigiraf|47/100|[from] Grassy Terrain
|-heal|p1a: Rillaboom|31/100|[from] Grassy Terrain
|-heal|p1b: Kingambit|74/100|[from] Grassy Terrain
|upkeep
|turn|6
|inactive|PerryAgent has 30 seconds left.
|
|t:|1756741993
|move|p2b: Whimsicott|Moonblast|p1a: Rillaboom
|-damage|p1a: Rillaboom|11/100
|move|p2a: Farigiraf|Hyper Voice|p1b: Kingambit|[spread] p1a,p1b
|-damage|p1a: Rillaboom|0 fnt
|-damage|p1b: Kingambit|47/100
|faint|p1a: Rillaboom
|move|p1b: Kingambit|Kowtow Cleave|p2a: Farigiraf
|-supereffective|p2a: Farigiraf
|-damage|p2a: Farigiraf|0 fnt
|faint|p2a: Farigiraf
|
|-heal|p1b: Kingambit|53/100|[from] Grassy Terrain
|-sideend|p2: PerryAgent|move: Tailwind
|-fieldend|move: Grassy Terrain
|upkeep
|
|t:|1756741999
|switch|p1a: Sneasler|Sneasler, L50, F|100/100
|turn|7
|
|t:|1756742010
|move|p1b: Kingambit|Sucker Punch|p2b: Whimsicott
|-resisted|p2b: Whimsicott
|-damage|p2b: Whimsicott|58/100
|move|p1a: Sneasler|Dire Claw|p2b: Whimsicott
|-supereffective|p2b: Whimsicott
|-damage|p2b: Whimsicott|0 fnt
|faint|p2b: Whimsicott
|
|win|davirru5
||davirru5 is ready for game 3.
||PerryAgent is ready for game 3.
|uhtml|next|Next: Game 3 of 3
|j| T-Soro
|l| T-Soro
