|j|☆felasmiguel
|j|☆Refanner
|html|felasmiguelRefanner    
|uhtml|bestof|Game 2 of a best-of-3
|t:|1756313190
|gametype|doubles
|player|p1|felasmiguel|scientist|1100
|player|p2|Refanner|1|1098
|gen|9
|tier|[Gen 9] VGC 2025 Reg H (Bo3)
|rated|
|rule|Species Clause: Limit one of each Pokémon
|rule|Item Clause: Limit 1 of each item
|clearpoke
|poke|p1|Metagross, L50|
|poke|p1|Mienshao, L50, F|
|poke|p1|Comfey, L50, M|
|poke|p1|Frosmoth, L50, F|
|poke|p1|Glimmora, L50, F|
|poke|p1|Ninetales-Alola, L50, M|
|poke|p2|Garchomp, L50, M|
|poke|p2|Incineroar, L50, M|
|poke|p2|Ninetales-Alola, L50, M|
|poke|p2|Gholdengo, L50|
|poke|p2|Primarina, L50, M|
|poke|p2|Talonflame, L50, F|
|teampreview|4
|showteam|p1|Metagross||AssaultVest|ClearBody|HardPress,PsychicFangs,BulletPunch,StompingTantrum||||||50|,,,,,Dragon]Mienshao||FocusSash|InnerFocus|CloseCombat,Taunt,WideGuard,Coaching|||F|||50|,,,,,Fighting]Comfey||RockyHelmet|Triage|FloralHealing,DrainingKiss,Synthesis,HelpingHand|||M|||50|,,,,,Steel]Frosmoth||SafetyGoggles|IceScales|QuiverDance,IceBeam,TeraBlast,Protect|||F|||50|,,,,,Electric]Glimmora||PowerHerb|Corrosion|MeteorBeam,Toxic,SpikyShield,EarthPower|||F|||50|,,,,,Grass]Ninetales-Alola||LightClay|SnowWarning|AuroraVeil,FreezeDry,IcyWind,Protect|||M|||50|,,,,,Ghost
|showteam|p2|Garchomp||ClearAmulet|RoughSkin|Earthquake,RockSlide,SwordsDance,Protect|||M|||50|,,,,,Fire]Incineroar||SafetyGoggles|Intimidate|WillOWisp,FlareBlitz,FakeOut,PartingShot|||M|||50|,,,,,Grass]Ninetales-Alola||FocusSash|SnowWarning|Blizzard,IcyWind,Protect,AuroraVeil|||M|||50|,,,,,Ghost]Gholdengo||Leftovers|GoodasGold|MakeItRain,ShadowBall,NastyPlot,Protect||||||50|,,,,,Flying]Primarina||MagoBerry|LiquidVoice|HyperVoice,Moonblast,CalmMind,Protect|||M|||50|,,,,,Poison]Talonflame||CovertCloak|GaleWings|DualWingbeat,Tailwind,FlareBlitz,Taunt|||F|||50|,,,,,Flying
|
|t:|1756313230
|teamsize|p1|4
|teamsize|p2|4
|start
|switch|p1a: Metagross|Metagross, L50|100/100
|switch|p1b: Mienshao|Mienshao, L50, F|100/100
|switch|p2a: Gholdengo|Gholdengo, L50|100/100
|switch|p2b: Incineroar|Incineroar, L50, M|100/100
|-ability|p2b: Incineroar|Intimidate|boost
|-fail|p1a: Metagross|unboost|[from] ability: Clear Body|[of] p1a: Metagross
|-fail|p1b: Mienshao|unboost|Attack|[from] ability: Inner Focus|[of] p1b: Mienshao
|turn|1
|
|t:|1756313259
|-terastallize|p1a: Metagross|Dragon
|move|p2b: Incineroar|Fake Out|p1b: Mienshao
|-damage|p1b: Mienshao|79/100
|move|p1b: Mienshao|Taunt|p2b: Incineroar
|-start|p2b: Incineroar|move: Taunt
|move|p2a: Gholdengo|Nasty Plot|p2a: Gholdengo
|-boost|p2a: Gholdengo|spa|2
|move|p1a: Metagross|Stomping Tantrum|p2a: Gholdengo
|-supereffective|p2a: Gholdengo
|-damage|p2a: Gholdengo|45/100
|
|-heal|p2a: Gholdengo|52/100|[from] item: Leftovers
|upkeep
|turn|2
|
|t:|1756313306
|switch|p2b: Primarina|Primarina, L50, M|100/100
|move|p2a: Gholdengo|Protect|p2a: Gholdengo
|-singleturn|p2a: Gholdengo|Protect
|move|p1b: Mienshao|Coaching|p1a: Metagross
|-boost|p1a: Metagross|atk|1
|-boost|p1a: Metagross|def|1
|move|p1a: Metagross|Stomping Tantrum|p2b: Primarina
|-damage|p2b: Primarina|49/100
|
|-heal|p2a: Gholdengo|58/100|[from] item: Leftovers
|upkeep
|turn|3
|
|t:|1756313325
|move|p1a: Metagross|Bullet Punch|p2b: Primarina
|-damage|p2b: Primarina|10/100
|-enditem|p2b: Primarina|Mago Berry|[eat]
|-heal|p2b: Primarina|43/100|[from] item: Mago Berry
|move|p1b: Mienshao|Close Combat|p2b: Primarina
|-resisted|p2b: Primarina
|-damage|p2b: Primarina|9/100
|-unboost|p1b: Mienshao|def|1
|-unboost|p1b: Mienshao|spd|1
|move|p2a: Gholdengo|Shadow Ball|p1a: Metagross
|-damage|p1a: Metagross|44/100
|move|p2b: Primarina|Moonblast|p1a: Metagross
|-supereffective|p1a: Metagross
|-damage|p1a: Metagross|0 fnt
|faint|p1a: Metagross
|
|-heal|p2a: Gholdengo|64/100|[from] item: Leftovers
|upkeep
|
|t:|1756313336
|switch|p1a: Glimmora|Glimmora, L50, F|100/100
|turn|4
|
|t:|1756313361
|move|p2a: Gholdengo|Protect|p2a: Gholdengo
|-singleturn|p2a: Gholdengo|Protect
|move|p1b: Mienshao|Close Combat|p2b: Primarina
|-resisted|p2b: Primarina
|-damage|p2b: Primarina|0 fnt
|-unboost|p1b: Mienshao|def|1
|-unboost|p1b: Mienshao|spd|1
|faint|p2b: Primarina
|move|p1a: Glimmora|Earth Power|p2a: Gholdengo
|-activate|p2a: Gholdengo|move: Protect
|
|-heal|p2a: Gholdengo|70/100|[from] item: Leftovers
|upkeep
|
|t:|1756313366
|switch|p2b: Talonflame|Talonflame, L50, F|100/100
|turn|5
|
|t:|1756313406
|move|p1b: Mienshao|Wide Guard|p1b: Mienshao
|-singleturn|p1b: Mienshao|Wide Guard
|move|p2b: Talonflame|Tailwind|p2b: Talonflame
|-sidestart|p2: Refanner|move: Tailwind
|move|p2a: Gholdengo|Shadow Ball|p1a: Glimmora
|-damage|p1a: Glimmora|0 fnt
|faint|p1a: Glimmora
|
|-heal|p2a: Gholdengo|77/100|[from] item: Leftovers
|upkeep
|-message|felasmiguel forfeited.
|
|win|Refanner
|raw|felasmiguel's rating: 1100 → 1075(-25 for losing)
|raw|Refanner's rating: 1098 → 1123(+25 for winning)
|l|☆felasmiguel
|player|p1|
