|j|☆conndr1
|j|☆testdigi
|html|conndr1testdigi    
|uhtml|bestof|Game 3 of a best-of-3
|t:|1785178198
|gametype|doubles
|player|p1|conndr1|170|1322
|player|p2|testdigi|169|1190
|gen|9
|tier|[Gen 9 Champions] VGC 2026 Reg M-B (Bo3)
|rated|
|rule|Species Clause: Limit one of each Pokémon
|rule|Item Clause: Limit 1 of each item
|clearpoke
|poke|p1|Kingambit, L50, F|
|poke|p1|Glimmora, L50, F|
|poke|p1|Ninetales-Alola, L50, F|
|poke|p1|Tsareena, L50, F|
|poke|p1|Raichu, L50, F|
|poke|p1|Staraptor, L50, M, shiny|
|poke|p2|Raichu, L50, M|
|poke|p2|Toxapex, L50, F|
|poke|p2|Mamoswine, L50, F|
|poke|p2|Sylveon, L50, M|
|poke|p2|Corviknight, L50, F|
|poke|p2|Basculegion, L50, M|
|teampreview|4
|showteam|p1|Kingambit||LifeOrb|Defiant|KowtowCleave,SuckerPunch,SwordsDance,Protect|Adamant||F|||50|]Glimmora||FocusSash|ToxicDebris|SpikyShield,EarthPower,PowerGem,SludgeBomb|Timid||F|||50|]Ninetales-Alola||ChoiceScarf|SnowWarning|Blizzard,IcyWind,FreezeDry,Moonblast|Modest||F|||50|]Tsareena||WideLens|QueenlyMajesty|TropKick,HighJumpKick,TripleAxel,Taunt|Adamant||F|||50|]Raichu||RaichuniteY|Static|Protect,FakeOut,FocusBlast,ZapCannon|Timid||F|||50|]Staraptor||Staraptite|Intimidate|Protect,Tailwind,BraveBird,CloseCombat|Jolly||M|||50|
|showteam|p2|Raichu||RaichuniteY|LightningRod|ZapCannon,FocusBlast,FakeOut,Protect|Timid||M|||50|]Toxapex||Leftovers|Regenerator|Infestation,Toxic,WideGuard,BanefulBunker|Relaxed||F|||50|]Mamoswine||LifeOrb|Oblivious|StompingTantrum,IceShard,RockSlide,Protect|Adamant||F|||50|]Sylveon||FairyFeather|Pixilate|HyperVoice,QuickAttack,Yawn,Detect|Modest||M|||50|]Corviknight||OccaBerry|MirrorArmor|IronHead,BraveBird,Tailwind,Protect|Adamant||F|||50|]Basculegion||FocusSash|Adaptability|LastRespects,Liquidation,AquaJet,Protect|Adamant||M|||50|
|j| Eyemasked
|inactive|Battle timer is ON: inactive players will automatically lose when time's up. (requested by conndr1)
|
|t:|1785178219
|teamsize|p1|4
|teamsize|p2|4
|start
|switch|p1a: Ninetales|Ninetales-Alola, L50, F|100/100
|switch|p1b: Raichu|Raichu, L50, F|100/100
|switch|p2a: Raichu|Raichu, L50, M|100/100
|switch|p2b: Sylveon|Sylveon, L50, M|100/100
|-weather|Snowscape|[from] ability: Snow Warning|[of] p1a: Ninetales
|turn|1
|
|t:|1785178233
|move|p2a: Raichu|Fake Out|p1a: Ninetales
|-damage|p1a: Ninetales|92/100
|move|p1b: Raichu|Fake Out|p2b: Sylveon
|-damage|p2b: Sylveon|92/100
|cant|p1a: Ninetales|flinch
|cant|p2b: Sylveon|flinch
|
|-weather|Snowscape|[upkeep]
|upkeep
|turn|2
|inactive|conndr1 has 30 seconds left.
|inactive|conndr1 has 20 seconds left.
|
|t:|1785178270
|move|p2a: Raichu|Protect|p2a: Raichu
|-singleturn|p2a: Raichu|Protect
|move|p1a: Ninetales|Icy Wind|p2a: Raichu|[spread] p2b
|-activate|p2a: Raichu|move: Protect
|-damage|p2b: Sylveon|77/100
|-unboost|p2b: Sylveon|spe|1
|move|p1b: Raichu|Focus Blast|p2a: Raichu
|-activate|p2a: Raichu|move: Protect
|move|p2b: Sylveon|Yawn|p1a: Ninetales
|-start|p1a: Ninetales|move: Yawn|[of] p2b: Sylveon
|
|-weather|Snowscape|[upkeep]
|upkeep
|turn|3
|
|t:|1785178291
|switch|p1a: Glimmora|Glimmora, L50, F|100/100
|detailschange|p2a: Raichu|Raichu-Mega-Y, L50, M
|-mega|p2a: Raichu|Raichu|Raichunite Y
|move|p2a: Raichu|Focus Blast|p1b: Raichu
|-damage|p1b: Raichu|48/100
|move|p1b: Raichu|Focus Blast|p2a: Raichu
|-damage|p2a: Raichu|62/100
|move|p2b: Sylveon|Yawn|p1b: Raichu
|-start|p1b: Raichu|move: Yawn|[of] p2b: Sylveon
|
|-weather|Snowscape|[upkeep]
|upkeep
|turn|4
|l| Eyemasked
|
|t:|1785178315
|move|p2a: Raichu|Protect|p2a: Raichu
|-singleturn|p2a: Raichu|Protect
|move|p1b: Raichu|Protect|p1b: Raichu
|-singleturn|p1b: Raichu|Protect
|move|p2b: Sylveon|Detect|p2b: Sylveon
|-singleturn|p2b: Sylveon|Protect
|move|p1a: Glimmora|Sludge Bomb|p2b: Sylveon
|-activate|p2b: Sylveon|move: Protect
|
|-weather|Snowscape|[upkeep]
|-end|p1b: Raichu|move: Yawn|[silent]
|-status|p1b: Raichu|slp
|upkeep
|turn|5
|inactive|conndr1 has 30 seconds left.
|
|t:|1785178344
|switch|p2b: Corviknight|Corviknight, L50, F|100/100
|cant|p1b: Raichu|slp
|move|p2a: Raichu|Focus Blast|p1a: Glimmora
|-damage|p1a: Glimmora|44/100
|move|p1a: Glimmora|Sludge Bomb|p2b: Corviknight
|-immune|p2b: Corviknight
|
|-weather|none
|upkeep
|turn|6
|
|t:|1785178364
|switch|p1a: Ninetales|Ninetales-Alola, L50, F|92/100
|-weather|Snowscape|[from] ability: Snow Warning|[of] p1a: Ninetales
|move|p2a: Raichu|Focus Blast|p1a: Ninetales
|-damage|p1a: Ninetales|46/100
|cant|p1b: Raichu|slp
|move|p2b: Corviknight|Tailwind|p2b: Corviknight
|-sidestart|p2: testdigi|move: Tailwind
|
|-weather|Snowscape|[upkeep]
|upkeep
|turn|7
|
|t:|1785178386
|detailschange|p1b: Raichu|Raichu-Mega-Y, L50, F
|-mega|p1b: Raichu|Raichu|Raichunite Y
|move|p2a: Raichu|Focus Blast|p1a: Ninetales
|-damage|p1a: Ninetales|0 fnt
|faint|p1a: Ninetales
|-curestatus|p1b: Raichu|slp|[msg]
|move|p1b: Raichu|Zap Cannon|p2b: Corviknight
|-supereffective|p2b: Corviknight|1
|-damage|p2b: Corviknight|0 fnt
|faint|p2b: Corviknight
|
|-weather|Snowscape|[upkeep]
|upkeep
|
|t:|1785178406
|switch|p1a: Kingambit|Kingambit, L50, F|100/100
|switch|p2b: Sylveon|Sylveon, L50, M|77/100
|turn|8
|
|t:|1785178417
|move|p1a: Kingambit|Sucker Punch|p2a: Raichu
|-crit|p2a: Raichu
|-damage|p2a: Raichu|0 fnt
|faint|p2a: Raichu
|-damage|p1a: Kingambit|90/100|[from] item: Life Orb
|move|p1b: Raichu|Zap Cannon|p2b: Sylveon
|-damage|p2b: Sylveon|30/100
|-status|p2b: Sylveon|par
|cant|p2b: Sylveon|par
|
|-weather|Snowscape|[upkeep]
|upkeep
|
|t:|1785178421
|switch|p2a: Mamoswine|Mamoswine, L50, F|100/100
|turn|9
|
|t:|1785178437
|move|p1b: Raichu|Protect|p1b: Raichu
|-singleturn|p1b: Raichu|Protect
|move|p1a: Kingambit|Protect|p1a: Kingambit
|-singleturn|p1a: Kingambit|Protect
|move|p2a: Mamoswine|Stomping Tantrum|p1a: Kingambit
|-activate|p1a: Kingambit|move: Protect
|move|p2b: Sylveon|Yawn|p1a: Kingambit
|-activate|p1a: Kingambit|move: Protect
|
|-weather|Snowscape|[upkeep]
|-sideend|p2: testdigi|move: Tailwind
|upkeep
|turn|10
|
|t:|1785178454
|move|p2a: Mamoswine|Ice Shard|p1b: Raichu
|-damage|p1b: Raichu|6/100
|-damage|p2a: Mamoswine|90/100|[from] item: Life Orb
|move|p1b: Raichu|Focus Blast|p2a: Mamoswine
|-supereffective|p2a: Mamoswine|1
|-damage|p2a: Mamoswine|0 fnt
|faint|p2a: Mamoswine
|move|p1a: Kingambit|Kowtow Cleave|p2b: Sylveon
|-resisted|p2b: Sylveon|1
|-damage|p2b: Sylveon|2/100 par
|-damage|p1a: Kingambit|80/100|[from] item: Life Orb
|cant|p2b: Sylveon|par
|
|-weather|none
|upkeep
|turn|11
|-message|testdigi forfeited.
|
|win|conndr1
