|j|☆nonight
|j|☆TISS 0'28
|html|nonightTISS 0'28    
|uhtml|bestof|Game 2 of a best-of-3
|t:|1784536396
|gametype|doubles
|player|p1|nonight|roxie|1000
|player|p2|TISS 0'28|schoolkid-gen4|1085
|gen|9
|tier|[Gen 9 Champions] VGC 2026 Reg M-B (Bo3)
|rated|
|rule|Species Clause: Limit one of each Pokémon
|rule|Item Clause: Limit 1 of each item
|clearpoke
|poke|p1|Blaziken, L50, M|
|poke|p1|Meowscarada, L50, M|
|poke|p1|Gholdengo, L50|
|poke|p1|Dragonite, L50, M|
|poke|p1|Sylveon, L50, F|
|poke|p1|Mudsdale, L50, M|
|poke|p2|Gholdengo, L50|
|poke|p2|Whimsicott, L50, M|
|poke|p2|Incineroar, L50, F|
|poke|p2|Sinistcha, L50|
|poke|p2|Garchomp, L50, M|
|poke|p2|Staraptor, L50, F, shiny|
|teampreview|4
|showteam|p1|Blaziken||Blazikenite|SpeedBoost|FlareBlitz,CloseCombat,RockSlide,Detect|Adamant||M|||50|]Meowscarada||LifeOrb|Overgrow|FlowerTrick,SuckerPunch,TripleAxel,Protect|Jolly||M|||50|]Gholdengo||FocusSash|GoodasGold|MakeItRain,ShadowBall,PowerGem,Protect|Timid|||||50|]Dragonite||WhiteHerb|Multiscale|ScaleShot,Superpower,ExtremeSpeed,Protect|Adamant||M|||50|]Sylveon||FairyFeather|Pixilate|HyperVoice,QuickAttack,Yawn,Protect|Modest||F|||50|]Mudsdale||SitrusBerry|InnerFocus|Earthquake,HeavySlam,Curse,Protect|Brave||M|||50|
|showteam|p2|Gholdengo||MetalCoat|GoodasGold|Protect,NastyPlot,MakeItRain,ShadowBall|Modest|||||50|]Whimsicott||FocusSash|Prankster|Protect,Tailwind,Moonblast,Tickle|Timid||M|||50|]Incineroar||ShucaBerry|Intimidate|FakeOut,FlareBlitz,HelpingHand,PartingShot|Brave||F|||50|]Sinistcha||OccaBerry|Hospitality|LifeDew,TrickRoom,RagePowder,MatchaGotcha|Sassy|||||50|]Garchomp||LifeOrb|RoughSkin|Protect,DragonClaw,Earthquake,RockSlide|Jolly||M|||50|]Staraptor||Staraptite|Intimidate|Protect,Roost,CloseCombat,BraveBird|Jolly||F|||50|
|inactive|Battle timer is ON: inactive players will automatically lose when time's up. (requested by TISS 0'28)
|inactive|TISS 0'28 has 60 seconds left.
|
|t:|1784536441
|teamsize|p1|4
|teamsize|p2|4
|start
|switch|p1a: Gholdengo|Gholdengo, L50|100/100
|switch|p1b: Sylveon|Sylveon, L50, F|100/100
|switch|p2a: Staraptor|Staraptor, L50, F, shiny|100/100
|switch|p2b: Incineroar|Incineroar, L50, F|100/100
|-ability|p2a: Staraptor|Intimidate|boost
|-unboost|p1a: Gholdengo|atk|1
|-unboost|p1b: Sylveon|atk|1
|-ability|p2b: Incineroar|Intimidate|boost
|-unboost|p1a: Gholdengo|atk|1
|-unboost|p1b: Sylveon|atk|1
|turn|1
|inactive|nonight has 30 seconds left.
|
|t:|1784536468
|detailschange|p2a: Staraptor|Staraptor-Mega, L50, F, shiny
|-mega|p2a: Staraptor|Staraptor|Staraptite
|move|p2a: Staraptor|Protect|p2a: Staraptor
|-singleturn|p2a: Staraptor|Protect
|move|p1a: Gholdengo|Protect|p1a: Gholdengo
|-singleturn|p1a: Gholdengo|Protect
|move|p1b: Sylveon|Protect|p1b: Sylveon
|-singleturn|p1b: Sylveon|Protect
|move|p2b: Incineroar|Parting Shot|p1b: Sylveon
|-activate|p1b: Sylveon|move: Protect
|
|upkeep
|turn|2
|
|t:|1784536488
|switch|p2a: Gholdengo|Gholdengo, L50|100/100
|move|p1a: Gholdengo|Power Gem|p2b: Incineroar
|-supereffective|p2b: Incineroar|1
|-damage|p2b: Incineroar|51/100
|move|p1b: Sylveon|Hyper Voice|p2a: Gholdengo|[spread] p2a,p2b
|-resisted|p2a: Gholdengo|1
|-damage|p2a: Gholdengo|75/100
|-damage|p2b: Incineroar|17/100
|move|p2b: Incineroar|Parting Shot|p1b: Sylveon
|-unboost|p1b: Sylveon|atk|1
|-unboost|p1b: Sylveon|spa|1
|inactive|TISS 0'28 has 30 seconds left.
|
|t:|1784536513
|switch|p2b: Whimsicott|Whimsicott, L50, M|100/100|[from] Parting Shot
|
|upkeep
|turn|3
|inactive|nonight has 30 seconds left.
|inactive|TISS 0'28 has 30 seconds left.
|
|t:|1784536556
|switch|p1b: Blaziken|Blaziken, L50, M|100/100
|move|p2a: Gholdengo|Protect|p2a: Gholdengo
|-singleturn|p2a: Gholdengo|Protect
|move|p2b: Whimsicott|Tailwind|p2b: Whimsicott
|-sidestart|p2: TISS 0'28|move: Tailwind
|move|p1a: Gholdengo|Shadow Ball|p2a: Gholdengo
|-activate|p2a: Gholdengo|move: Protect
|
|upkeep
|turn|4
|inactive|nonight has 30 seconds left.
|
|t:|1784536584
|switch|p2a: Incineroar|Incineroar, L50, F|17/100
|-ability|p2a: Incineroar|Intimidate|boost
|-unboost|p1a: Gholdengo|atk|1
|-unboost|p1b: Blaziken|atk|1
|detailschange|p1b: Blaziken|Blaziken-Mega, L50, M
|-mega|p1b: Blaziken|Blaziken|Blazikenite
|move|p1a: Gholdengo|Protect|p1a: Gholdengo
|-singleturn|p1a: Gholdengo|Protect
|move|p2b: Whimsicott|Moonblast|p1a: Gholdengo
|-activate|p1a: Gholdengo|move: Protect
|move|p1b: Blaziken|Flare Blitz|p2a: Incineroar
|-resisted|p2a: Incineroar|1
|-damage|p2a: Incineroar|0 fnt
|faint|p2a: Incineroar
|-damage|p1b: Blaziken|92/100|[from] Recoil
|
|-ability|p1b: Blaziken|Speed Boost|boost
|-boost|p1b: Blaziken|spe|1
|upkeep
|inactive|TISS 0'28 has 30 seconds left.
|inactive|TISS 0'28 has 20 seconds left.
|
|t:|1784536622
|switch|p2a: Staraptor|Staraptor-Mega, L50, F, shiny|100/100
|turn|5
|
|t:|1784536635
|move|p2a: Staraptor|Protect|p2a: Staraptor
|-singleturn|p2a: Staraptor|Protect
|move|p1b: Blaziken|Detect|p1b: Blaziken
|-singleturn|p1b: Blaziken|Protect
|move|p2b: Whimsicott|Moonblast|p1a: Gholdengo
|-resisted|p1a: Gholdengo|1
|-damage|p1a: Gholdengo|79/100
|-unboost|p1a: Gholdengo|spa|1
|move|p1a: Gholdengo|Shadow Ball|p2b: Whimsicott
|-damage|p2b: Whimsicott|55/100
|
|-ability|p1b: Blaziken|Speed Boost|boost
|-boost|p1b: Blaziken|spe|1
|upkeep
|turn|6
|inactive|nonight has 30 seconds left.
|inactive|nonight has 20 seconds left.
|inactive|nonight has 15 seconds left.
|inactive|nonight has 10 seconds left.
|inactive|nonight has 5 seconds left.
|
|t:|1784536685
|switch|p1b: Sylveon|Sylveon, L50, F|100/100
|move|p2b: Whimsicott|Protect|p2b: Whimsicott
|-singleturn|p2b: Whimsicott|Protect
|move|p2a: Staraptor|Close Combat|p1b: Sylveon
|-resisted|p1b: Sylveon|1
|-damage|p1b: Sylveon|73/100
|-boost|p2a: Staraptor|def|1
|-boost|p2a: Staraptor|spd|1
|move|p1a: Gholdengo|Make It Rain|p2a: Staraptor|[spread] p2a
|-activate|p2b: Whimsicott|move: Protect
|-damage|p2a: Staraptor|78/100
|-unboost|p1a: Gholdengo|spa|2
|
|-sideend|p2: TISS 0'28|move: Tailwind
|upkeep
|turn|7
|inactive|TISS 0'28 has 30 seconds left.
|
|t:|1784536714
|move|p1b: Sylveon|Protect|p1b: Sylveon
|-singleturn|p1b: Sylveon|Protect
|move|p2b: Whimsicott|Tickle|p2a: Staraptor
|-boost|p2a: Staraptor|atk|1
|-boost|p2a: Staraptor|def|1
|move|p2a: Staraptor|Close Combat|p1b: Sylveon
|-activate|p1b: Sylveon|move: Protect
|move|p1a: Gholdengo|Make It Rain|p2b: Whimsicott|[spread] p2a,p2b
|-supereffective|p2b: Whimsicott|1
|-damage|p2a: Staraptor|64/100
|-damage|p2b: Whimsicott|0 fnt
|-unboost|p1a: Gholdengo|spa|2
|faint|p2b: Whimsicott
|
|upkeep
|
|t:|1784536721
|switch|p2b: Gholdengo|Gholdengo, L50|75/100
|turn|8
|inactive|nonight has 30 seconds left.
|inactive|nonight has 20 seconds left.
|inactive|nonight has 15 seconds left.
|inactive|nonight has 10 seconds left.
|inactive|TISS 0'28 has 30 seconds left.
|
|t:|1784536775
|switch|p1a: Blaziken|Blaziken-Mega, L50, M|92/100
|move|p2a: Staraptor|Protect|p2a: Staraptor
|-singleturn|p2a: Staraptor|Protect
|move|p1b: Sylveon|Quick Attack|p2a: Staraptor
|-activate|p2a: Staraptor|move: Protect
|move|p2b: Gholdengo|Shadow Ball|p1a: Blaziken
|-damage|p1a: Blaziken|28/100
|
|upkeep
|turn|9
|inactive|TISS 0'28 has 30 seconds left.
|
|t:|1784536802
|move|p1a: Blaziken|Detect|p1a: Blaziken
|-singleturn|p1a: Blaziken|Protect
|move|p2b: Gholdengo|Protect|p2b: Gholdengo
|-singleturn|p2b: Gholdengo|Protect
|move|p2a: Staraptor|Close Combat|p1a: Blaziken
|-activate|p1a: Blaziken|move: Protect
|move|p1b: Sylveon|Hyper Voice|p2b: Gholdengo|[spread] p2a
|-activate|p2b: Gholdengo|move: Protect
|-supereffective|p2a: Staraptor|1
|-damage|p2a: Staraptor|10/100
|
|-ability|p1a: Blaziken|Speed Boost|boost
|-boost|p1a: Blaziken|spe|1
|upkeep
|turn|10
|
|t:|1784536825
|move|p1a: Blaziken|Flare Blitz|p2b: Gholdengo
|-supereffective|p2b: Gholdengo|1
|-damage|p2b: Gholdengo|0 fnt
|faint|p2b: Gholdengo
|-damage|p1a: Blaziken|1/100|[from] Recoil
|move|p2a: Staraptor|Roost|p2a: Staraptor
|-heal|p2a: Staraptor|60/100
|-singleturn|p2a: Staraptor|move: Roost
|move|p1b: Sylveon|Hyper Voice|p2a: Staraptor
|-supereffective|p2a: Staraptor|1
|-damage|p2a: Staraptor|0 fnt
|faint|p2a: Staraptor
|
|win|nonight
|raw|nonight's rating: 1000 → 1050(+50 for winning)
|raw|TISS 0'28's rating: 1085 → 1057(-28 for losing)
