|j|☆lettitripppp
|j|☆entei enthusiast
|html|lettitrippppentei enthusiast    
|uhtml|bestof|Game 3 of a best-of-3
|t:|1783909046
|gametype|doubles
|player|p1|lettitripppp|lucas|1332
|player|p2|entei enthusiast|kamado-armor|1224
|gen|9
|tier|[Gen 9 Champions] VGC 2026 Reg M-B (Bo3)
|rated|
|rule|Species Clause: Limit one of each Pokémon
|rule|Item Clause: Limit 1 of each item
|clearpoke
|poke|p1|Charizard, L50, F|
|poke|p1|Floette-Eternal, L50, F|
|poke|p1|Basculegion, L50, M|
|poke|p1|Whimsicott, L50, M, shiny|
|poke|p1|Garchomp, L50, F, shiny|
|poke|p1|Kingambit, L50, F, shiny|
|poke|p2|Floette-Eternal, L50, F|
|poke|p2|Palafin, L50, M, shiny|
|poke|p2|Kingambit, L50, M|
|poke|p2|Sneasler, L50, F|
|poke|p2|Incineroar, L50, M|
|poke|p2|Aerodactyl, L50, F|
|teampreview|4
|showteam|p1|Charizard||CharizarditeY|Blaze|WeatherBall,SolarBeam,HeatWave,Protect|Modest||F|||50|]Floette-Eternal||Floettite|FlowerVeil|DazzlingGleam,LightofRuin,Moonblast,Protect|Modest||F|||50|]Basculegion||MysticWater|Adaptability|LastRespects,WaveCrash,AquaJet,Protect|Adamant||M|||50|]Whimsicott||FocusSash|Prankster|Moonblast,Tailwind,Encore,Protect|Timid||M|||50|]Garchomp||LifeOrb|RoughSkin|DragonClaw,Earthquake,RockSlide,Protect|Jolly||F|||50|]Kingambit||ChopleBerry|Defiant|KowtowCleave,SuckerPunch,IronHead,LowKick|Adamant||F|||50|
|showteam|p2|Floette-Eternal||Floettite|FlowerVeil|DazzlingGleam,DrainingKiss,CalmMind,Protect|Modest||F|||50|]Palafin||Leftovers|ZerotoHero|WaveCrash,JetPunch,BulkUp,Protect|Adamant||M|||50|]Kingambit||BlackGlasses|Defiant|KowtowCleave,SuckerPunch,SwordsDance,Protect|Adamant||M|||50|]Sneasler||FocusSash|Unburden|CloseCombat,DireClaw,FakeOut,Coaching|Jolly||F|||50|]Incineroar||SitrusBerry|Intimidate|FlareBlitz,FakeOut,DarkestLariat,PartingShot|Careful||M|||50|]Aerodactyl||Aerodactylite|Unnerve|RockSlide,DualWingbeat,IceFang,Protect|Jolly||F|||50|
|inactive|Battle timer is ON: inactive players will automatically lose when time's up. (requested by lettitripppp)
|j| PreMaturely
|inactive|entei enthusiast has 60 seconds left.
|
|t:|1783909091
|teamsize|p1|4
|teamsize|p2|4
|start
|switch|p1a: GENERAL BLADUS|Kingambit, L50, F, shiny|100/100
|switch|p1b: LETS GO GO|Whimsicott, L50, M, shiny|100/100
|switch|p2a: Kingambit|Kingambit, L50, M|100/100
|switch|p2b: Aerodactyl|Aerodactyl, L50, F|100/100
|-ability|p2b: Aerodactyl|Unnerve
|turn|1
|
|t:|1783909112
|switch|p2a: Sneasler|Sneasler, L50, F|100/100
|detailschange|p2b: Aerodactyl|Aerodactyl-Mega, L50, F
|-mega|p2b: Aerodactyl|Aerodactyl|Aerodactylite
|move|p1b: LETS GO GO|Tailwind|p1b: LETS GO GO
|-sidestart|p1: lettitripppp|move: Tailwind
|move|p2b: Aerodactyl|Rock Slide|p1a: GENERAL BLADUS|[spread] p1a,p1b
|-resisted|p1a: GENERAL BLADUS|1
|-damage|p1a: GENERAL BLADUS|88/100
|-damage|p1b: LETS GO GO|65/100
|cant|p1a: GENERAL BLADUS|flinch
|
|upkeep
|turn|2
|inactive|entei enthusiast has 30 seconds left.
|
|t:|1783909138
|switch|p1a: CRUSH SHARK|Garchomp, L50, F, shiny|100/100
|move|p1b: LETS GO GO|Protect|p1b: LETS GO GO
|-singleturn|p1b: LETS GO GO|Protect
|move|p2b: Aerodactyl|Dual Wingbeat|p1b: LETS GO GO
|-activate|p1b: LETS GO GO|move: Protect
|move|p2a: Sneasler|Close Combat|p1a: CRUSH SHARK
|-damage|p1a: CRUSH SHARK|41/100
|-unboost|p2a: Sneasler|def|1
|-unboost|p2a: Sneasler|spd|1
|-damage|p2a: Sneasler|87/100|[from] ability: Rough Skin|[of] p1a: CRUSH SHARK
|
|upkeep
|turn|3
|inactive|entei enthusiast has 30 seconds left.
|
|t:|1783909173
|switch|p2a: Incineroar|Incineroar, L50, M|100/100
|-ability|p2a: Incineroar|Intimidate|boost
|-unboost|p1a: CRUSH SHARK|atk|1
|-unboost|p1b: LETS GO GO|atk|1
|move|p1b: LETS GO GO|Moonblast|p2a: Incineroar
|-damage|p2a: Incineroar|77/100
|move|p1a: CRUSH SHARK|Rock Slide|p2b: Aerodactyl|[spread] p2a,p2b
|-supereffective|p2a: Incineroar|1
|-supereffective|p2b: Aerodactyl|1
|-damage|p2a: Incineroar|42/100
|-damage|p2b: Aerodactyl|56/100
|-enditem|p2a: Incineroar|Sitrus Berry|[eat]
|-heal|p2a: Incineroar|67/100|[from] item: Sitrus Berry
|-damage|p1a: CRUSH SHARK|31/100|[from] item: Life Orb
|cant|p2b: Aerodactyl|flinch
|
|upkeep
|turn|4
|
|t:|1783909197
|move|p1b: LETS GO GO|Protect|p1b: LETS GO GO
|-singleturn|p1b: LETS GO GO|Protect
|move|p1a: CRUSH SHARK|Protect|p1a: CRUSH SHARK
|-singleturn|p1a: CRUSH SHARK|Protect
|move|p2a: Incineroar|Fake Out|p1a: CRUSH SHARK
|-activate|p1a: CRUSH SHARK|move: Protect
|move|p2b: Aerodactyl|Dual Wingbeat|p1b: LETS GO GO
|-activate|p1b: LETS GO GO|move: Protect
|
|-sideend|p1: lettitripppp|move: Tailwind
|upkeep
|turn|5
|
|t:|1783909210
|move|p1b: LETS GO GO|Tailwind|p1b: LETS GO GO
|-sidestart|p1: lettitripppp|move: Tailwind
|move|p1a: CRUSH SHARK|Rock Slide|p2a: Incineroar|[spread] p2a,p2b
|-supereffective|p2a: Incineroar|1
|-supereffective|p2b: Aerodactyl|1
|-damage|p2a: Incineroar|33/100
|-damage|p2b: Aerodactyl|12/100
|-damage|p1a: CRUSH SHARK|21/100|[from] item: Life Orb
|cant|p2b: Aerodactyl|flinch
|move|p2a: Incineroar|Parting Shot|p1b: LETS GO GO
|-unboost|p1b: LETS GO GO|atk|1
|-unboost|p1b: LETS GO GO|spa|1
|
|t:|1783909222
|switch|p2a: Kingambit|Kingambit, L50, M|100/100|[from] Parting Shot
|
|upkeep
|turn|6
|
|t:|1783909243
|move|p2b: Aerodactyl|Protect|p2b: Aerodactyl
|-singleturn|p2b: Aerodactyl|Protect
|move|p2a: Kingambit|Sucker Punch|p1a: CRUSH SHARK
|-damage|p1a: CRUSH SHARK|0 fnt
|-damage|p2a: Kingambit|87/100|[from] ability: Rough Skin|[of] p1a: CRUSH SHARK
|faint|p1a: CRUSH SHARK
|move|p1b: LETS GO GO|Moonblast|p2b: Aerodactyl
|-activate|p2b: Aerodactyl|move: Protect
|
|upkeep
|
|t:|1783909248
|switch|p1a: GENERAL BLADUS|Kingambit, L50, F, shiny|88/100
|turn|7
|
|t:|1783909266
|move|p1b: LETS GO GO|Moonblast|p2b: Aerodactyl
|-damage|p2b: Aerodactyl|0 fnt
|faint|p2b: Aerodactyl
|move|p1a: GENERAL BLADUS|Low Kick|p2a: Kingambit
|-supereffective|p2a: Kingambit|2
|-damage|p2a: Kingambit|0 fnt
|faint|p2a: Kingambit
|
|upkeep
|
|t:|1783909269
|switch|p2b: Incineroar|Incineroar, L50, M|33/100
|switch|p2a: Sneasler|Sneasler, L50, F|87/100
|-ability|p2b: Incineroar|Intimidate|boost
|-unboost|p1a: GENERAL BLADUS|atk|1
|-ability|p1a: GENERAL BLADUS|Defiant|boost
|-boost|p1a: GENERAL BLADUS|atk|2
|-unboost|p1b: LETS GO GO|atk|1
|turn|8
|
|t:|1783909290
|move|p2b: Incineroar|Fake Out|p1b: LETS GO GO
|-damage|p1b: LETS GO GO|52/100
|cant|p1b: LETS GO GO|flinch
|move|p2a: Sneasler|Close Combat|p1a: GENERAL BLADUS
|-supereffective|p1a: GENERAL BLADUS|2
|-enditem|p1a: GENERAL BLADUS|Chople Berry|[eat]
|-enditem|p1a: GENERAL BLADUS|Chople Berry|[weaken]
|-damage|p1a: GENERAL BLADUS|0 fnt
|-unboost|p2a: Sneasler|def|1
|-unboost|p2a: Sneasler|spd|1
|faint|p1a: GENERAL BLADUS
|
|-sideend|p1: lettitripppp|move: Tailwind
|upkeep
|
|t:|1783909299
|switch|p1a: RUINOUS LIGHT|Floette-Eternal, L50, F|100/100
|turn|9
|inactive|entei enthusiast has 30 seconds left.
|
|t:|1783909329
|detailschange|p1a: RUINOUS LIGHT|Floette-Mega, L50, F
|-mega|p1a: RUINOUS LIGHT|Floette|Floettite
|-ability|p1a: RUINOUS LIGHT|Fairy Aura
|move|p1b: LETS GO GO|Tailwind|p1b: LETS GO GO
|-sidestart|p1: lettitripppp|move: Tailwind
|move|p1a: RUINOUS LIGHT|Moonblast|p2a: Sneasler
|-damage|p2a: Sneasler|0 fnt
|faint|p2a: Sneasler
|move|p2b: Incineroar|Flare Blitz|p1b: LETS GO GO
|-supereffective|p1b: LETS GO GO|1
|-damage|p1b: LETS GO GO|0 fnt
|faint|p1b: LETS GO GO
|-damage|p2b: Incineroar|21/100|[from] Recoil
|
|upkeep
|turn|10
|
|t:|1783909339
|move|p1a: RUINOUS LIGHT|Moonblast|p2b: Incineroar
|-damage|p2b: Incineroar|0 fnt
|faint|p2b: Incineroar
|
|win|lettitripppp
|raw|lettitripppp's rating: 1332 → 1346(+14 for winning)
|raw|entei enthusiast's rating: 1224 → 1207(-17 for losing)
|l|☆entei enthusiast
|player|p2|
