|j|☆lolgz
|j|☆pabloblo
|html|lolgzpabloblo    
|uhtml|bestof|Game 1 of a best-of-3
|t:|1782518338
|gametype|doubles
|player|p1|lolgz|dawn|1289
|player|p2|pabloblo|juan|1290
|gen|9
|tier|[Gen 9 Champions] VGC 2026 Reg M-B (Bo3)
|rated|
|rule|Species Clause: Limit one of each Pokémon
|rule|Item Clause: Limit 1 of each item
|clearpoke
|poke|p1|Torkoal, L50, F|
|poke|p1|Vileplume, L50, F|
|poke|p1|Farigiraf, L50, M|
|poke|p1|Scrafty, L50, M|
|poke|p1|Gallade, L50, M|
|poke|p1|Mawile, L50, F|
|poke|p2|Floette-Eternal, L50, F|
|poke|p2|Ceruledge, L50, M|
|poke|p2|Kommo-o, L50, F|
|poke|p2|Milotic, L50, F|
|poke|p2|Wyrdeer, L50, M|
|poke|p2|Ninetales-Alola, L50, F|
|teampreview|4
|showteam|p1|Torkoal||Charcoal|Drought|Eruption,WeatherBall,EarthPower,Protect|Quiet||F|||50|]Vileplume||FocusSash|Chlorophyll|EnergyBall,SludgeBomb,SleepPowder,AfterYou|Timid||F|||50|]Farigiraf||SitrusBerry|ArmorTail|TrickRoom,Thunderbolt,Psychic,HelpingHand|Relaxed||M|||50|]Scrafty||Scraftinite|Intimidate|FakeOut,CloseCombat,KnockOff,RockTomb|Brave||M|||50|]Gallade||IronBall|Sharpness|SacredSword,PsychoCut,WideGuard,TrickRoom|Brave||M|||50|]Mawile||Mawilite|HyperCutter|SuckerPunch,PlayRough,SwordsDance,Protect|Brave||F|||50|
|showteam|p2|Floette-Eternal||Floettite|FlowerVeil|Moonblast,DazzlingGleam,CalmMind,Protect|Timid||F|||50|]Ceruledge||Charcoal|FlashFire|BitterBlade,ShadowSneak,BulkUp,Protect|Adamant||M|||50|]Kommo-o||DragonFang|Soundproof|ClangingScales,DrainPunch,ClangorousSoul,Protect|Naive||F|||50|]Milotic||Leftovers|Competitive|MuddyWater,Hypnosis,LifeDew,Coil|Sassy||F|||50|]Wyrdeer||ColburBerry|Intimidate|PsyshieldBash,Gravity,Hypnosis,TrickRoom|Adamant||M|||50|]Ninetales-Alola||FocusSash|SnowWarning|Blizzard,Moonblast,AuroraVeil,Protect|Timid||F|||50|
|inactive|Battle timer is ON: inactive players will automatically lose when time's up. (requested by lolgz)
|inactive|lolgz has 60 seconds left.
|inactive|pabloblo has 60 seconds left.
|
|t:|1782518374
|teamsize|p1|4
|teamsize|p2|4
|start
|switch|p1a: Farigiraf|Farigiraf, L50, M|100/100
|switch|p1b: Gallade|Gallade, L50, M|100/100
|switch|p2a: Wyrdeer|Wyrdeer, L50, M|100/100
|switch|p2b: Milotic|Milotic, L50, F|100/100
|-ability|p2a: Wyrdeer|Intimidate|boost
|-unboost|p1a: Farigiraf|atk|1
|-unboost|p1b: Gallade|atk|1
|turn|1
|
|t:|1782518391
|switch|p1b: Mawile|Mawile, L50, F|100/100
|move|p2a: Wyrdeer|Gravity|p2a: Wyrdeer
|-fieldstart|move: Gravity
|move|p2b: Milotic|Hypnosis|p1b: Mawile
|-status|p1b: Mawile|slp|[from] move: Hypnosis
|move|p1a: Farigiraf|Trick Room|p1a: Farigiraf
|-fieldstart|move: Trick Room|[of] p1a: Farigiraf
|
|upkeep
|turn|2
|
|t:|1782518406
|detailschange|p1b: Mawile|Mawile-Mega, L50, F
|-mega|p1b: Mawile|Mawile|Mawilite
|cant|p1b: Mawile|slp
|move|p1a: Farigiraf|Thunderbolt|p2b: Milotic
|-supereffective|p2b: Milotic|1
|-damage|p2b: Milotic|70/100
|move|p2b: Milotic|Hypnosis|p1a: Farigiraf
|-status|p1a: Farigiraf|slp|[from] move: Hypnosis
|move|p2a: Wyrdeer|Psyshield Bash|p1b: Mawile
|-resisted|p1b: Mawile|1
|-damage|p1b: Mawile|83/100 slp
|-boost|p2a: Wyrdeer|def|1
|
|-heal|p2b: Milotic|76/100|[from] item: Leftovers
|upkeep
|turn|3
|
|t:|1782518417
|-curestatus|p1b: Mawile|slp|[msg]
|move|p1b: Mawile|Play Rough|p2b: Milotic
|-damage|p2b: Milotic|2/100
|cant|p1a: Farigiraf|slp
|move|p2b: Milotic|Coil|p2b: Milotic
|-boost|p2b: Milotic|atk|1
|-boost|p2b: Milotic|def|1
|-boost|p2b: Milotic|accuracy|1
|move|p2a: Wyrdeer|Psyshield Bash|p1b: Mawile
|-resisted|p1b: Mawile|1
|-damage|p1b: Mawile|67/100
|-boost|p2a: Wyrdeer|def|1
|
|-heal|p2b: Milotic|8/100|[from] item: Leftovers
|upkeep
|turn|4
|
|t:|1782518435
|move|p1b: Mawile|Play Rough|p2a: Wyrdeer
|-damage|p2a: Wyrdeer|57/100
|-curestatus|p1a: Farigiraf|slp|[msg]
|move|p1a: Farigiraf|Thunderbolt|p2b: Milotic
|-supereffective|p2b: Milotic|1
|-damage|p2b: Milotic|0 fnt
|faint|p2b: Milotic
|move|p2a: Wyrdeer|Hypnosis|p1b: Mawile
|-status|p1b: Mawile|slp|[from] move: Hypnosis
|
|upkeep
|
|t:|1782518443
|switch|p2b: Ceruledge|Ceruledge, L50, M|100/100
|turn|5
|
|t:|1782518451
|switch|p1b: Gallade|Gallade, L50, M|100/100
|move|p1a: Farigiraf|Psychic|p2b: Ceruledge
|-damage|p2b: Ceruledge|66/100
|move|p2a: Wyrdeer|Hypnosis|p1a: Farigiraf
|-status|p1a: Farigiraf|slp|[from] move: Hypnosis
|move|p2b: Ceruledge|Bulk Up|p2b: Ceruledge
|-boost|p2b: Ceruledge|atk|1
|-boost|p2b: Ceruledge|def|1
|
|-fieldend|move: Trick Room
|-fieldend|move: Gravity
|upkeep
|turn|6
|
|t:|1782518462
|switch|p1a: Mawile|Mawile-Mega, L50, F|67/100 slp
|move|p2b: Ceruledge|Bitter Blade|p1b: Gallade
|-damage|p1b: Gallade|0 fnt
|-heal|p2b: Ceruledge|100/100|[from] drain|[of] p1b: Gallade
|faint|p1b: Gallade
|move|p2a: Wyrdeer|Psyshield Bash|p1a: Mawile
|-resisted|p1a: Mawile|1
|-damage|p1a: Mawile|50/100g slp
|-boost|p2a: Wyrdeer|def|1
|
|upkeep
|
|t:|1782518466
|switch|p1b: Farigiraf|Farigiraf, L50, M|100/100 slp
|turn|7
|
|t:|1782518473
|cant|p1a: Mawile|slp
|move|p2b: Ceruledge|Bitter Blade|p1a: Mawile
|-supereffective|p1a: Mawile|1
|-damage|p1a: Mawile|0 fnt
|faint|p1a: Mawile
|move|p2a: Wyrdeer|Gravity|p2a: Wyrdeer
|-fieldstart|move: Gravity
|cant|p1b: Farigiraf|slp
|
|upkeep
|-message|lolgz forfeited.
|
|win|pabloblo
