|j|☆Cristante terabug
|j|☆Smoukingrad
|html|Cristante terabugSmoukingrad    
|uhtml|bestof|Game 3 of a best-of-3
|t:|1754774678
|gametype|doubles
|player|p1|Cristante terabug|kieran-champion|1291
|player|p2|Smoukingrad|kimonogirl|1337
|gen|9
|tier|[Gen 9] VGC 2025 Reg H (Bo3)
|rated|
|rule|Species Clause: Limit one of each Pokémon
|rule|Item Clause: Limit 1 of each item
|clearpoke
|poke|p1|Incineroar, L50, F|
|poke|p1|Pelipper, L50, M|
|poke|p1|Archaludon, L50, M|
|poke|p1|Dragonite, L50, M|
|poke|p1|Sinistcha, L50|
|poke|p1|Ursaluna, L50, M|
|poke|p2|Hatterene, L50, F|
|poke|p2|Indeedee-F, L50, F|
|poke|p2|Torkoal, L50, M|
|poke|p2|Ursaluna, L50, M|
|poke|p2|Gallade, L50, M|
|poke|p2|Maushold, L50|
|teampreview|4
|showteam|p1|Incineroar||SafetyGoggles|Intimidate|FlareBlitz,KnockOff,PartingShot,FakeOut|||F|||50|,,,,,Ghost]Pelipper||FocusSash|Drizzle|Hurricane,MuddyWater,Tailwind,Protect|||M|||50|,,,,,Ghost]Archaludon||AssaultVest|Stamina|ElectroShot,Snarl,FlashCannon,BodyPress|||M|||50|,,,,,Bug]Dragonite||LoadedDice|Multiscale|ScaleShot,Tailwind,Haze,Protect|||M|||50|,,,,,Fairy]Sinistcha||SitrusBerry|Hospitality|MatchaGotcha,RagePowder,LifeDew,TrickRoom||||||50|,,,,,Dark]Ursaluna||FlameOrb|Guts|Earthquake,Facade,HeadlongRush,Protect|||M|||50|,,,,,Ghost
|showteam|p2|Hatterene||CovertCloak|MagicBounce|ExpandingForce,DazzlingGleam,TeraBlast,TrickRoom|||F|||50|,,,,,Fire]Indeedee-F||PsychicSeed|PsychicSurge|Psychic,FollowMe,HelpingHand,TrickRoom|||F|||50|,,,,,Water]Torkoal||ChoiceSpecs|Drought|Eruption,HeatWave,EarthPower,WeatherBall|||M|||50|,,,,,Fire]Ursaluna||FlameOrb|Guts|Facade,Earthquake,HeadlongRush,Protect|||M|||50|,,,,,Ghost]Gallade||ClearAmulet|Sharpness|SacredSword,PsychoCut,WideGuard,TrickRoom|||M|||50|,,,,,Grass]Maushold||WideLens|Technician|PopulationBomb,FollowMe,Taunt,Protect||||||50|,,,,,Poison
|inactive|Battle timer is ON: inactive players will automatically lose when time's up. (requested by Cristante terabug)
|
|t:|1754774697
|teamsize|p1|4
|teamsize|p2|4
|start
|switch|p1a: Archaludon|Archaludon, L50, M|100/100
|switch|p1b: Sinistcha|Sinistcha, L50, shiny|100/100
|switch|p2a: Indeedee|Indeedee-F, L50, F|100/100
|switch|p2b: Hatterene|Hatterene, L50, F|100/100
|-fieldstart|move: Psychic Terrain|[from] ability: Psychic Surge|[of] p2a: Indeedee
|-enditem|p2a: Indeedee|Psychic Seed
|-boost|p2a: Indeedee|spd|1|[from] item: Psychic Seed
|turn|1
|
|t:|1754774714
|-terastallize|p1b: Sinistcha|Dark
|move|p1a: Archaludon|Snarl|p2b: Hatterene|[spread] p2a,p2b
|-supereffective|p2a: Indeedee
|-damage|p2a: Indeedee|84/100
|-damage|p2b: Hatterene|88/100
|-unboost|p2a: Indeedee|spa|1
|move|p1b: Sinistcha|Matcha Gotcha|p2b: Hatterene|[spread] p2a,p2b
|-damage|p2a: Indeedee|67/100
|-damage|p2b: Hatterene|64/100
|-status|p2a: Indeedee|brn
|move|p2b: Hatterene|Expanding Force|p1b: Sinistcha|[spread] p1a
|-immune|p1b: Sinistcha
|-resisted|p1a: Archaludon
|-damage|p1a: Archaludon|69/100
|-ability|p1a: Archaludon|Stamina|boost
|-boost|p1a: Archaludon|def|1
|move|p2a: Indeedee|Trick Room|p2a: Indeedee
|-fieldstart|move: Trick Room|[of] p2a: Indeedee
|
|-damage|p2a: Indeedee|62/100 brn|[from] brn
|upkeep
|turn|2
|inactive|Cristante terabug has 30 seconds left.
|
|t:|1754774742
|move|p2a: Indeedee|Helping Hand|p2b: Hatterene
|-singleturn|p2b: Hatterene|Helping Hand|[of] p2a: Indeedee
|move|p2b: Hatterene|Dazzling Gleam|p1a: Archaludon|[spread] p1a,p1b
|-supereffective|p1b: Sinistcha
|-damage|p1a: Archaludon|23/100
|-damage|p1b: Sinistcha|5/100
|-ability|p1a: Archaludon|Stamina|boost
|-boost|p1a: Archaludon|def|1
|-enditem|p1b: Sinistcha|Sitrus Berry|[eat]
|-heal|p1b: Sinistcha|30/100|[from] item: Sitrus Berry
|move|p1b: Sinistcha|Life Dew|p1b: Sinistcha|[spread] p1a,p1b
|-heal|p1a: Archaludon|48/100
|-heal|p1b: Sinistcha|55/100
|move|p1a: Archaludon|Flash Cannon|p2b: Hatterene
|-supereffective|p2b: Hatterene
|-damage|p2b: Hatterene|0 fnt
|faint|p2b: Hatterene
|
|-damage|p2a: Indeedee|56/100 brn|[from] brn
|upkeep
|
|t:|1754774749
|switch|p2b: Gallade|Gallade, L50, M|100/100
|turn|3
|
|t:|1754774767
|move|p1b: Sinistcha|Rage Powder|p1b: Sinistcha
|-singleturn|p1b: Sinistcha|move: Rage Powder
|move|p2b: Gallade|Sacred Sword|p1b: Sinistcha
|-supereffective|p1b: Sinistcha
|-damage|p1b: Sinistcha|0 fnt
|faint|p1b: Sinistcha
|move|p2a: Indeedee|Psychic|p1a: Archaludon
|-resisted|p1a: Archaludon
|-damage|p1a: Archaludon|36/100
|-ability|p1a: Archaludon|Stamina|boost
|-boost|p1a: Archaludon|def|1
|move|p1a: Archaludon|Flash Cannon|p2b: Gallade
|-damage|p2b: Gallade|70/100
|
|-damage|p2a: Indeedee|50/100 brn|[from] brn
|upkeep
|
|t:|1754774780
|switch|p1b: Pelipper|Pelipper, L50, M, shiny|100/100
|-weather|RainDance|[from] ability: Drizzle|[of] p1b: Pelipper
|turn|4
|
|t:|1754774786
|move|p1b: Pelipper|Muddy Water|p2a: Indeedee|[spread] p2a,p2b
|-damage|p2a: Indeedee|22/100 brn
|-damage|p2b: Gallade|29/100
|-unboost|p2a: Indeedee|accuracy|1
|move|p1a: Archaludon|Electro Shot||[still]
|-prepare|p1a: Archaludon|Electro Shot
|-boost|p1a: Archaludon|spa|1
|-anim|p1a: Archaludon|Electro Shot|p2b: Gallade
|-damage|p2b: Gallade|0 fnt
|faint|p2b: Gallade
|move|p2a: Indeedee|Trick Room|p2a: Indeedee
|-fieldend|move: Trick Room
|
|-weather|RainDance|[upkeep]
|-damage|p2a: Indeedee|16/100 brn|[from] brn
|upkeep
|
|t:|1754774792
|switch|p2b: Torkoal|Torkoal, L50, M|100/100
|-weather|SunnyDay|[from] ability: Drought|[of] p2b: Torkoal
|turn|5
|j| Blacksummer
|
|t:|1754774814
|switch|p1b: Ursaluna|Ursaluna, L50, M|100/100
|-terastallize|p2b: Torkoal|Fire
|move|p1a: Archaludon|Snarl|p2a: Indeedee|[spread] p2a,p2b
|-supereffective|p2a: Indeedee
|-damage|p2a: Indeedee|0 fnt
|-damage|p2b: Torkoal|77/100
|-unboost|p2b: Torkoal|spa|1
|faint|p2a: Indeedee
|move|p2b: Torkoal|Heat Wave|p1b: Ursaluna|[spread] p1a,p1b
|-damage|p1a: Archaludon|0 fnt
|-damage|p1b: Ursaluna|35/100
|faint|p1a: Archaludon
|
|-weather|SunnyDay|[upkeep]
|-fieldend|move: Psychic Terrain
|-status|p1b: Ursaluna|brn|[from] item: Flame Orb
|upkeep
|
|t:|1754774825
|switch|p1a: Pelipper|Pelipper, L50, M, shiny|100/100
|-weather|RainDance|[from] ability: Drizzle|[of] p1a: Pelipper
|turn|6
|
|t:|1754774830
|move|p1a: Pelipper|Muddy Water|p2b: Torkoal
|-supereffective|p2b: Torkoal
|-damage|p2b: Torkoal|0 fnt
|faint|p2b: Torkoal
|
|win|Cristante terabug
|raw|Cristante terabug's rating: 1291 → 1319(+28 for winning)
|raw|Smoukingrad's rating: 1337 → 1314(-23 for losing)
