|j|☆abscondia_licorice
|html|abscondia_licoriceDoinkologne    
|uhtml|bestof|Game 2 of a best-of-3
|t:|1784337134
|gametype|doubles
|player|p1|abscondia_licorice|fisherman|1165
|player|p2|Doinkologne|hiker-gen4|1101
|gen|9
|tier|[Gen 9 Champions] VGC 2026 Reg M-B (Bo3)
|rated|
|rule|Species Clause: Limit one of each Pokémon
|rule|Item Clause: Limit 1 of each item
|clearpoke
|poke|p1|Delphox, L50, M|
|poke|p1|Incineroar, L50, F|
|poke|p1|Floette-Eternal, L50, F|
|poke|p1|Kingambit, L50, M|
|poke|p1|Sinistcha, L50|
|poke|p1|Sneasler, L50, M|
|poke|p2|Garchomp, L50, F|
|poke|p2|Venusaur, L50, M|
|poke|p2|Incineroar, L50, M|
|poke|p2|Charizard, L50, M|
|poke|p2|Toxapex, L50, M|
|poke|p2|Annihilape, L50, F|
|teampreview|4
|showteam|p1|Delphox||Delphoxite|Blaze|HeatWave,Psychic,NastyPlot,Protect|Timid||M|||50|]Incineroar||SitrusBerry|Intimidate|FlareBlitz,DarkestLariat,FakeOut,PartingShot|Careful||F|||50|]Floette-Eternal||Floettite|FlowerVeil|DazzlingGleam,DrainingKiss,CalmMind,Protect|Bold||F|||50|]Kingambit||BlackGlasses|Defiant|KowtowCleave,SuckerPunch,SwordsDance,Protect|Adamant||M|||50|]Sinistcha||OccaBerry|Hospitality|MatchaGotcha,RagePowder,TrickRoom,Protect|Bold|||||50|]Sneasler||FocusSash|PoisonTouch|PoisonJab,CloseCombat,FakeOut,QuickGuard|Jolly||M|||50|
|showteam|p2|Garchomp||ChoiceScarf|RoughSkin|Earthquake,RockSlide,DragonClaw,StompingTantrum|Adamant||F|||50|]Venusaur||LifeOrb|Chlorophyll|SludgeBomb,SolarBeam,EarthPower,Protect|Modest||M|||50|]Incineroar||SitrusBerry|Intimidate|FakeOut,FlareBlitz,ThroatChop,PartingShot|Impish||M|||50|]Charizard||CharizarditeY|Blaze|HeatWave,WeatherBall,Protect,HelpingHand|Modest||M|||50|]Toxapex||Leftovers|Regenerator|Infestation,Toxic,WideGuard,BanefulBunker|Impish||M|||50|]Annihilape||FocusSash|Defiant|CloseCombat,PhantomForce,RockTomb,Protect|Jolly||F|||50|
|inactive|Battle timer is ON: inactive players will automatically lose when time's up. (requested by abscondia_licorice)
|inactive|Doinkologne disconnected and has a minute to reconnect!
|inactive|abscondia_licorice has 60 seconds left.
|inactive|Doinkologne has 30 seconds to reconnect!
|inactive|Doinkologne has 20 seconds to reconnect!
|inactive|Doinkologne has 15 seconds to reconnect!
|j|☆Doinkologne
|inactive|Doinkologne reconnected and has 45 seconds left.
|player|p2|Doinkologne|hiker-gen4|
|inactive|Doinkologne also wants the timer to be on.
|inactive|Doinkologne has 30 seconds left.
|inactive|Doinkologne has 20 seconds left.
|inactive|Doinkologne has 15 seconds left.
|inactive|Doinkologne has 10 seconds left.
|
|t:|1784337216
|teamsize|p1|4
|teamsize|p2|4
|start
|switch|p1a: Sneasler|Sneasler, L50, M|100/100
|switch|p1b: Delphox|Delphox, L50, M|100/100
|switch|p2a: Incineroar|Incineroar, L50, M|100/100
|switch|p2b: Annihilape|Annihilape, L50, F|100/100
|-ability|p2a: Incineroar|Intimidate|boost
|-unboost|p1a: Sneasler|atk|1
|-unboost|p1b: Delphox|atk|1
|turn|1
|inactive|abscondia_licorice has 30 seconds left.
|inactive|Doinkologne has 30 seconds left.
|
|t:|1784337246
|detailschange|p1b: Delphox|Delphox-Mega, L50, M
|-mega|p1b: Delphox|Delphox|Delphoxite
|move|p1a: Sneasler|Fake Out|p2a: Incineroar
|-damage|p2a: Incineroar|93/100
|-status|p2a: Incineroar|psn|[from] ability: Poison Touch|[of] p1a: Sneasler
|move|p1b: Delphox|Psychic|p2b: Annihilape
|-supereffective|p2b: Annihilape|1
|-enditem|p2b: Annihilape|Focus Sash
|-damage|p2b: Annihilape|1/100
|move|p2b: Annihilape|Rock Tomb|p1b: Delphox
|-supereffective|p1b: Delphox|1
|-damage|p1b: Delphox|54/100
|-unboost|p1b: Delphox|spe|1
|cant|p2a: Incineroar|flinch
|
|-damage|p2a: Incineroar|80/100 psn|[from] psn
|upkeep
|turn|2
|inactive|abscondia_licorice has 30 seconds left.
|inactive|Doinkologne has 30 seconds left.
|inactive|abscondia_licorice has 20 seconds left.
|
|t:|1784337285
|switch|p2b: Garchomp|Garchomp, L50, F|100/100
|move|p1b: Delphox|Protect|p1b: Delphox
|-singleturn|p1b: Delphox|Protect
|move|p1a: Sneasler|Poison Jab|p2b: Garchomp
|-resisted|p2b: Garchomp|1
|-damage|p2b: Garchomp|87/100
|-damage|p1a: Sneasler|87/100|[from] ability: Rough Skin|[of] p2b: Garchomp
|move|p2a: Incineroar|Flare Blitz|p1a: Sneasler
|-damage|p1a: Sneasler|5/100
|-damage|p2a: Incineroar|59/100 psn|[from] Recoil
|
|-damage|p2a: Incineroar|47/100 psn|[from] psn
|upkeep
|-enditem|p2a: Incineroar|Sitrus Berry|[eat]
|-heal|p2a: Incineroar|72/100 psn|[from] item: Sitrus Berry
|turn|3
|inactive|abscondia_licorice has 30 seconds left.
|inactive|abscondia_licorice has 20 seconds left.
|
|t:|1784337321
|switch|p1b: Incineroar|Incineroar, L50, F|100/100
|-ability|p1b: Incineroar|Intimidate|boost
|-unboost|p2a: Incineroar|atk|1
|-unboost|p2b: Garchomp|atk|1
|move|p2b: Garchomp|Rock Slide|p1a: Sneasler|[spread] p1a,p1b
|-resisted|p1a: Sneasler|1
|-supereffective|p1b: Incineroar|1
|-damage|p1a: Sneasler|0 fnt
|-damage|p1b: Incineroar|79/100
|faint|p1a: Sneasler
|move|p2a: Incineroar|Throat Chop|p1b: Incineroar
|-resisted|p1b: Incineroar|1
|-damage|p1b: Incineroar|70/100
|-start|p1b: Incineroar|Throat Chop|[silent]
|
|-damage|p2a: Incineroar|59/100 psn|[from] psn
|upkeep
|
|t:|1784337338
|switch|p1a: Delphox|Delphox-Mega, L50, M|54/100
|turn|4
|
|t:|1784337352
|move|p1b: Incineroar|Fake Out|p2b: Garchomp
|-damage|p2b: Garchomp|76/100
|-damage|p1b: Incineroar|57/100|[from] ability: Rough Skin|[of] p2b: Garchomp
|cant|p2b: Garchomp|flinch
|move|p1a: Delphox|Psychic|p2b: Garchomp
|-damage|p2b: Garchomp|27/100
|move|p2a: Incineroar|Throat Chop|p1a: Delphox
|-supereffective|p1a: Delphox|1
|-damage|p1a: Delphox|2/100
|-start|p1a: Delphox|Throat Chop|[silent]
|
|-damage|p2a: Incineroar|47/100 psn|[from] psn
|-end|p1b: Incineroar|Throat Chop|[silent]
|upkeep
|turn|5
|inactive|abscondia_licorice has 30 seconds left.
|inactive|Doinkologne has 30 seconds left.
|
|t:|1784337384
|switch|p2b: Charizard|Charizard, L50, M|100/100
|move|p1a: Delphox|Protect|p1a: Delphox
|-singleturn|p1a: Delphox|Protect
|move|p2a: Incineroar|Parting Shot|p1b: Incineroar
|-unboost|p1b: Incineroar|atk|1
|-unboost|p1b: Incineroar|spa|1
|
|t:|1784337391
|switch|p2a: Garchomp|Garchomp, L50, F|27/100|[from] Parting Shot
|move|p1b: Incineroar|Parting Shot|p2b: Charizard
|-unboost|p2b: Charizard|atk|1
|-unboost|p2b: Charizard|spa|1
|
|t:|1784337397
|switch|p1b: Sinistcha|Sinistcha, L50|100/100|[from] Parting Shot
|-heal|p1a: Delphox|27/100|[from] ability: Hospitality|[of] p1b: Sinistcha
|
|-end|p1a: Delphox|Throat Chop|[silent]
|upkeep
|turn|6
|inactive|abscondia_licorice has 30 seconds left.
|
|t:|1784337425
|switch|p1a: Incineroar|Incineroar, L50, F|57/100
|-ability|p1a: Incineroar|Intimidate|boost
|-unboost|p2a: Garchomp|atk|1
|-unboost|p2b: Charizard|atk|1
|detailschange|p2b: Charizard|Charizard-Mega-Y, L50, M
|-mega|p2b: Charizard|Charizard|Charizardite Y
|-weather|SunnyDay|[from] ability: Drought|[of] p2b: Charizard
|move|p2a: Garchomp|Rock Slide|p1a: Incineroar|[spread] p1a,p1b
|-supereffective|p1a: Incineroar|1
|-damage|p1a: Incineroar|34/100
|-damage|p1b: Sinistcha|89/100
|-enditem|p1a: Incineroar|Sitrus Berry|[eat]
|-heal|p1a: Incineroar|58/100|[from] item: Sitrus Berry
|move|p2b: Charizard|Heat Wave|p1a: Incineroar|[spread] p1a,p1b
|-resisted|p1a: Incineroar|1
|-supereffective|p1b: Sinistcha|1
|-enditem|p1b: Sinistcha|Occa Berry|[eat]
|-enditem|p1b: Sinistcha|Occa Berry|[weaken]
|-damage|p1a: Incineroar|43/100
|-damage|p1b: Sinistcha|48/100
|move|p1b: Sinistcha|Matcha Gotcha|p2b: Charizard|[spread] p2a,p2b
|-resisted|p2b: Charizard|2
|-damage|p2a: Garchomp|1/100
|-heal|p1b: Sinistcha|63/100|[from] drain|[of] p2a: Garchomp
|-damage|p2b: Charizard|94/100
|-heal|p1b: Sinistcha|66/100|[from] drain|[of] p2b: Charizard
|
|-weather|SunnyDay|[upkeep]
|upkeep
|turn|7
|inactive|abscondia_licorice has 30 seconds left.
|inactive|Doinkologne has 30 seconds left.
|
|t:|1784337456
|switch|p2a: Incineroar|Incineroar, L50, M|47/100 psn
|-ability|p2a: Incineroar|Intimidate|boost
|-unboost|p1a: Incineroar|atk|1
|-unboost|p1b: Sinistcha|atk|1
|move|p1a: Incineroar|Fake Out|p2b: Charizard
|-damage|p2b: Charizard|87/100
|cant|p2b: Charizard|flinch
|move|p1b: Sinistcha|Matcha Gotcha|p2b: Charizard|[spread] p2a,p2b
|-resisted|p2a: Incineroar|1
|-resisted|p2b: Charizard|2
|-damage|p2a: Incineroar|37/100 psn
|-heal|p1b: Sinistcha|72/100|[from] drain|[of] p2a: Incineroar
|-damage|p2b: Charizard|81/100
|-heal|p1b: Sinistcha|75/100|[from] drain|[of] p2b: Charizard
|
|-weather|SunnyDay|[upkeep]
|-damage|p2a: Incineroar|24/100 psn|[from] psn
|upkeep
|turn|8
|inactive|abscondia_licorice has 30 seconds left.
|inactive|Doinkologne has 30 seconds left.
|inactive|abscondia_licorice has 20 seconds left.
|inactive|Doinkologne has 20 seconds left.
|
|t:|1784337494
|switch|p2b: Garchomp|Garchomp, L50, F|1/100
|move|p1b: Sinistcha|Protect|p1b: Sinistcha
|-singleturn|p1b: Sinistcha|Protect
|move|p2a: Incineroar|Flare Blitz|p1b: Sinistcha
|-activate|p1b: Sinistcha|move: Protect
|move|p1a: Incineroar|Parting Shot|p2a: Incineroar
|-unboost|p2a: Incineroar|atk|1
|-unboost|p2a: Incineroar|spa|1
|
|t:|1784337504
|switch|p1a: Delphox|Delphox-Mega, L50, M|27/100|[from] Parting Shot
|
|-weather|SunnyDay|[upkeep]
|-damage|p2a: Incineroar|12/100 psn|[from] psn
|upkeep
|turn|9
|
|t:|1784337514
|switch|p1b: Incineroar|Incineroar, L50, F|43/100
|-ability|p1b: Incineroar|Intimidate|boost
|-unboost|p2a: Incineroar|atk|1
|-unboost|p2b: Garchomp|atk|1
|switch|p2a: Annihilape|Annihilape, L50, F|1/100
|move|p1a: Delphox|Protect|p1a: Delphox
|-singleturn|p1a: Delphox|Protect
|move|p2b: Garchomp|Rock Slide|p1b: Incineroar|[spread] p1b
|-activate|p1a: Delphox|move: Protect
|-supereffective|p1b: Incineroar|1
|-damage|p1b: Incineroar|21/100
|
|-weather|SunnyDay|[upkeep]
|upkeep
|turn|10
|inactive|abscondia_licorice has 30 seconds left.
|
|t:|1784337544
|switch|p2a: Incineroar|Incineroar, L50, M|12/100 psn
|-ability|p2a: Incineroar|Intimidate|boost
|-unboost|p1a: Delphox|atk|1
|-unboost|p1b: Incineroar|atk|1
|move|p1b: Incineroar|Fake Out|p2b: Garchomp
|-damage|p2b: Garchomp|0 fnt
|-damage|p1b: Incineroar|9/100|[from] ability: Rough Skin|[of] p2b: Garchomp
|faint|p2b: Garchomp
|move|p1a: Delphox|Psychic|p2a: Incineroar
|-immune|p2a: Incineroar
|
|-weather|none
|-damage|p2a: Incineroar|0 fnt|[from] psn
|faint|p2a: Incineroar
|upkeep
|
|t:|1784337556
|switch|p2b: Charizard|Charizard-Mega-Y, L50, M|81/100
|switch|p2a: Annihilape|Annihilape, L50, F|1/100
|-weather|SunnyDay|[from] ability: Drought|[of] p2b: Charizard
|turn|11
|
|t:|1784337570
|switch|p1b: Sinistcha|Sinistcha, L50|75/100
|-heal|p1a: Delphox|51/100|[from] ability: Hospitality|[of] p1b: Sinistcha
|move|p1a: Delphox|Protect|p1a: Delphox
|-singleturn|p1a: Delphox|Protect
|move|p2a: Annihilape|Protect|p2a: Annihilape
|-singleturn|p2a: Annihilape|Protect
|move|p2b: Charizard|Heat Wave|p1a: Delphox|[spread] p1b
|-activate|p1a: Delphox|move: Protect
|-supereffective|p1b: Sinistcha|1
|-damage|p1b: Sinistcha|0 fnt
|faint|p1b: Sinistcha
|
|-weather|SunnyDay|[upkeep]
|upkeep
|
|t:|1784337583
|switch|p1b: Incineroar|Incineroar, L50, F|9/100
|-ability|p1b: Incineroar|Intimidate|boost
|-unboost|p2a: Annihilape|atk|1
|-ability|p2a: Annihilape|Defiant|boost
|-boost|p2a: Annihilape|atk|2
|-unboost|p2b: Charizard|atk|1
|turn|12
|
|t:|1784337598
|move|p1b: Incineroar|Fake Out|p2b: Charizard
|-damage|p2b: Charizard|71/100
|move|p1a: Delphox|Psychic|p2a: Annihilape
|-supereffective|p2a: Annihilape|1
|-damage|p2a: Annihilape|0 fnt
|faint|p2a: Annihilape
|cant|p2b: Charizard|flinch
|
|-weather|SunnyDay|[upkeep]
|upkeep
|turn|13
|
|t:|1784337609
|move|p1a: Delphox|Psychic|p2b: Charizard
|-damage|p2b: Charizard|23/100
|-unboost|p2b: Charizard|spd|1
|move|p2b: Charizard|Heat Wave|p1b: Incineroar|[spread] p1a,p1b
|-resisted|p1a: Delphox|1
|-resisted|p1b: Incineroar|1
|-damage|p1a: Delphox|22/100
|-damage|p1b: Incineroar|0 fnt
|faint|p1b: Incineroar
|
|-weather|SunnyDay|[upkeep]
|upkeep
|turn|14
|-message|Doinkologne forfeited.
|
|win|abscondia_licorice
|raw|abscondia_licorice's rating: 1165 → 1185(+20 for winning)
|raw|Doinkologne's rating: 1101 → 1081(-20 for losing)
|l|☆Doinkologne
|player|p2|
