|j|☆Enriquelbebe
|j|☆EchoShadowYT
|html|EnriquelbebeEchoShadowYT    
|uhtml|bestof|Game 1 of a best-of-3
|t:|1786119589
|gametype|doubles
|player|p1|Enriquelbebe|170|1116
|player|p2|EchoShadowYT|skierf|1266
|gen|9
|tier|[Gen 9 Champions] VGC 2026 Reg M-B (Bo3)
|rated|
|rule|Species Clause: Limit one of each Pokémon
|rule|Item Clause: Limit 1 of each item
|clearpoke
|poke|p1|Charizard, L50, M|
|poke|p1|Garchomp, L50, M|
|poke|p1|Kingambit, L50, F|
|poke|p1|Sylveon, L50, F|
|poke|p1|Basculegion, L50, M|
|poke|p1|Whimsicott, L50, F|
|poke|p2|Gyarados, L50, M|
|poke|p2|Tyranitar, L50, F|
|poke|p2|Gholdengo, L50|
|poke|p2|Garchomp, L50, F|
|poke|p2|Sneasler, L50, F|
|poke|p2|Sinistcha, L50|
|teampreview|4
|showteam|p1|Charizard||CharizarditeY|Blaze|HeatWave,WeatherBall,Protect,SolarBeam|Modest||M|||50|]Garchomp||LifeOrb|RoughSkin|Earthquake,DragonClaw,RockSlide,Protect|Jolly||M|||50|]Kingambit||ChopleBerry|Defiant|SuckerPunch,KowtowCleave,IronHead,LowKick|Adamant||F|||50|]Sylveon||FairyFeather|Pixilate|HyperVoice,HyperBeam,QuickAttack,Detect|Modest||F|||50|]Basculegion||MysticWater|Adaptability|AquaJet,LastRespects,WaveCrash,Protect|Adamant||M|||50|]Whimsicott||FocusSash|Prankster|Tailwind,Encore,Moonblast,Protect|Serious||F|||50|
|showteam|p2|Gyarados||Gyaradosite|Intimidate|LashOut,DragonDance,Waterfall,Protect|Jolly||M|||50|]Tyranitar||ChoiceScarf|SandStream|RockSlide,KnockOff,IcePunch,LowKick|Jolly||F|||50|]Gholdengo||LifeOrb|GoodasGold|ShadowBall,MakeItRain,NastyPlot,Protect|Modest|||||50|]Garchomp||Garchompite|RoughSkin|DracoMeteor,EarthPower,PowerGem,Protect|Modest||F|||50|]Sneasler||WhiteHerb|Unburden|DireClaw,CloseCombat,FakeOut,Protect|Jolly||F|||50|]Sinistcha||SitrusBerry|Hospitality|MatchaGotcha,RagePowder,TrickRoom,Protect|Calm|||||50|
|inactive|Battle timer is ON: inactive players will automatically lose when time's up. (requested by EchoShadowYT)
|inactive|Enriquelbebe has 60 seconds left.
|
|t:|1786119624
|teamsize|p1|4
|teamsize|p2|4
|start
|switch|p1a: Kingambit|Kingambit, L50, F|100/100
|switch|p1b: Sylveon|Sylveon, L50, F|100/100
|switch|p2a: Sneasler|Sneasler, L50, F|100/100
|switch|p2b: Tyranitar|Tyranitar, L50, F|100/100
|-weather|Sandstorm|[from] ability: Sand Stream|[of] p2b: Tyranitar
|turn|1
|inactive|EchoShadowYT has 30 seconds left.
|inactive|EchoShadowYT has 20 seconds left.
|
|t:|1786119660
|switch|p1a: Charizard|Charizard, L50, M|100/100
|move|p2a: Sneasler|Dire Claw|p1b: Sylveon
|-supereffective|p1b: Sylveon|1
|-damage|p1b: Sylveon|3/100
|-status|p1b: Sylveon|slp
|move|p2b: Tyranitar|Low Kick|p1a: Charizard
|-resisted|p1a: Charizard|1
|-damage|p1a: Charizard|85/100
|cant|p1b: Sylveon|slp
|
|-weather|Sandstorm|[upkeep]
|-damage|p2a: Sneasler|94/100|[from] Sandstorm
|-damage|p1a: Charizard|79/100|[from] Sandstorm
|-damage|p1b: Sylveon|0 fnt|[from] Sandstorm
|faint|p1b: Sylveon
|upkeep
|
|t:|1786119683
|switch|p1b: Garchomp|Garchomp, L50, M|100/100
|turn|2
|
|t:|1786119689
|switch|p2b: Gholdengo|Gholdengo, L50|100/100
|detailschange|p1a: Charizard|Charizard-Mega-Y, L50, M
|-mega|p1a: Charizard|Charizard|Charizardite Y
|-weather|SunnyDay|[from] ability: Drought|[of] p1a: Charizard
|move|p2a: Sneasler|Protect|p2a: Sneasler
|-singleturn|p2a: Sneasler|Protect
|move|p1b: Garchomp|Earthquake|p2a: Sneasler|[spread] p2b
|-activate|p2a: Sneasler|move: Protect
|-immune|p1a: Charizard
|-supereffective|p2b: Gholdengo|1
|-damage|p2b: Gholdengo|24/100
|-damage|p1b: Garchomp|90/100|[from] item: Life Orb
|move|p1a: Charizard|Heat Wave|p2b: Gholdengo|[spread] p2b
|-activate|p2a: Sneasler|move: Protect
|-supereffective|p2b: Gholdengo|1
|-damage|p2b: Gholdengo|0 fnt
|faint|p2b: Gholdengo
|
|-weather|SunnyDay|[upkeep]
|upkeep
|
|t:|1786119711
|switch|p2b: Tyranitar|Tyranitar, L50, F|100/100
|-weather|Sandstorm|[from] ability: Sand Stream|[of] p2b: Tyranitar
|turn|3
|
|t:|1786119721
|switch|p1b: Kingambit|Kingambit, L50, F|100/100
|move|p2a: Sneasler|Dire Claw|p1a: Charizard
|-damage|p1a: Charizard|41/100
|move|p2b: Tyranitar|Ice Punch|p1b: Kingambit
|-resisted|p1b: Kingambit|1
|-damage|p1b: Kingambit|89/100
|move|p1a: Charizard|Heat Wave|p2a: Sneasler|[spread] p2b
|-miss|p1a: Charizard|p2a: Sneasler
|-resisted|p2b: Tyranitar|1
|-damage|p2b: Tyranitar|85/100
|-status|p2b: Tyranitar|brn
|
|-weather|Sandstorm|[upkeep]
|-damage|p2a: Sneasler|88/100|[from] Sandstorm
|-damage|p1a: Charizard|35/100|[from] Sandstorm
|-damage|p2b: Tyranitar|80/100 brn|[from] brn
|upkeep
|turn|4
|inactive|Enriquelbebe has 30 seconds left.
|
|t:|1786119746
|switch|p1a: Garchomp|Garchomp, L50, M|90/100
|move|p2a: Sneasler|Close Combat|p1b: Kingambit
|-supereffective|p1b: Kingambit|2
|-enditem|p1b: Kingambit|Chople Berry|[eat]
|-enditem|p1b: Kingambit|Chople Berry|[weaken]
|-damage|p1b: Kingambit|0 fnt
|-unboost|p2a: Sneasler|def|1
|-unboost|p2a: Sneasler|spd|1
|faint|p1b: Kingambit
|-enditem|p2a: Sneasler|White Herb
|-clearnegativeboost|p2a: Sneasler|[silent]
|move|p2b: Tyranitar|Ice Punch|p1a: Garchomp
|-supereffective|p1a: Garchomp|2
|-damage|p1a: Garchomp|38/100
|-damage|p2b: Tyranitar|68/100 brn|[from] ability: Rough Skin|[of] p1a: Garchomp
|
|-weather|Sandstorm|[upkeep]
|-damage|p2a: Sneasler|82/100|[from] Sandstorm
|-damage|p2b: Tyranitar|62/100 brn|[from] brn
|upkeep
|
|t:|1786119754
|switch|p1b: Charizard|Charizard-Mega-Y, L50, M|35/100
|-weather|SunnyDay|[from] ability: Drought|[of] p1b: Charizard
|turn|5
|
|t:|1786119770
|move|p2a: Sneasler|Dire Claw|p1b: Charizard
|-damage|p1b: Charizard|0 fnt
|faint|p1b: Charizard
|move|p2b: Tyranitar|Ice Punch|p1a: Garchomp
|-supereffective|p1a: Garchomp|2
|-damage|p1a: Garchomp|0 fnt
|-damage|p2b: Tyranitar|50/100g brn|[from] ability: Rough Skin|[of] p1a: Garchomp
|faint|p1a: Garchomp
|
|win|EchoShadowYT
||EchoShadowYT is ready for game 2.
||Enriquelbebe is ready for game 2.
|uhtml|next|Next: Game 2 of 3
|l|☆Enriquelbebe
|player|p1|
