|j|☆platanoso
|j|☆luissc.07
|html|platanosoluissc.07    
|uhtml|bestof|Game 1 of a best-of-3
|t:|1782428373
|gametype|doubles
|player|p1|platanoso|madame-gen4|1116
|player|p2|luissc.07|bellelba|1172
|gen|9
|tier|[Gen 9 Champions] VGC 2026 Reg M-B (Bo3)
|rated|
|rule|Species Clause: Limit one of each Pokémon
|rule|Item Clause: Limit 1 of each item
|clearpoke
|poke|p1|Raichu, L50, M|
|poke|p1|Ninetales-Alola, L50, M|
|poke|p1|Sinistcha, L50|
|poke|p1|Ceruledge, L50, M|
|poke|p1|Milotic, L50, F|
|poke|p1|Incineroar, L50, M|
|poke|p2|Charizard, L50, M|
|poke|p2|Sneasler, L50, F|
|poke|p2|Talonflame, L50, F|
|poke|p2|Scrafty, L50, F|
|poke|p2|Grimmsnarl, L50, M|
|poke|p2|Gholdengo, L50|
|teampreview|4
|showteam|p1|Raichu||RaichuniteY|LightningRod|ZapCannon,FocusBlast,FakeOut,Protect|Timid||M|||50|]Ninetales-Alola||FocusSash|SnowWarning|Protect,FreezeDry,Encore,Blizzard|Timid||M|||50|]Sinistcha||KasibBerry|Hospitality|MatchaGotcha,LifeDew,RagePowder,Protect|Relaxed|||||50|]Ceruledge||ColburBerry|FlashFire|BitterBlade,ShadowSneak,BulkUp,Protect|Adamant||M|||50|]Milotic||Leftovers|Competitive|MuddyWater,Coil,Hypnosis,Protect|Calm||F|||50|]Incineroar||SitrusBerry|Intimidate|FlareBlitz,ThroatChop,FakeOut,PartingShot|Impish||M|||50|
|showteam|p2|Charizard||CharizarditeY|Blaze|HeatWave,WeatherBall,SolarBeam,Protect|Modest||M|||50|]Sneasler||WhiteHerb|Unburden|CloseCombat,DireClaw,FakeOut,Protect|Adamant||F|||50|]Talonflame|||GaleWings|Acrobatics,FlareBlitz,Tailwind,Protect|Jolly||F|||50|]Scrafty||Scraftinite|Intimidate|KnockOff,DrainPunch,IcePunch,Protect|Adamant||F|||50|]Grimmsnarl||LightClay|Prankster|SpiritBreak,LightScreen,Reflect,PartingShot|Careful||M|||50|]Gholdengo||LifeOrb|GoodasGold|MakeItRain,ShadowBall,NastyPlot,Protect|Timid|||||50|
|inactive|Battle timer is ON: inactive players will automatically lose when time's up. (requested by luissc.07)
|
|t:|1782428448
|teamsize|p1|4
|teamsize|p2|4
|start
|switch|p1a: Milotic|Milotic, L50, F|100/100
|switch|p1b: Ceruledge|Ceruledge, L50, M|100/100
|switch|p2a: Charizard|Charizard, L50, M|100/100
|switch|p2b: Grimmsnarl|Grimmsnarl, L50, M|100/100
|turn|1
|
|t:|1782428470
|detailschange|p2a: Charizard|Charizard-Mega-Y, L50, M
|-mega|p2a: Charizard|Charizard|Charizardite Y
|-weather|SunnyDay|[from] ability: Drought|[of] p2a: Charizard
|move|p2b: Grimmsnarl|Reflect|p2b: Grimmsnarl
|-sidestart|p2: luissc.07|Reflect
|move|p2a: Charizard|Solar Beam||[still]
|-prepare|p2a: Charizard|Solar Beam
|-anim|p2a: Charizard|Solar Beam|p1a: Milotic
|-supereffective|p1a: Milotic|1
|-damage|p1a: Milotic|43/100
|move|p1b: Ceruledge|Bitter Blade|p2b: Grimmsnarl
|-crit|p2b: Grimmsnarl
|-damage|p2b: Grimmsnarl|0 fnt
|faint|p2b: Grimmsnarl
|move|p1a: Milotic|Coil|p1a: Milotic
|-boost|p1a: Milotic|atk|1
|-boost|p1a: Milotic|def|1
|-boost|p1a: Milotic|accuracy|1
|
|-weather|SunnyDay|[upkeep]
|-heal|p1a: Milotic|49/100|[from] item: Leftovers
|upkeep
|
|t:|1782428489
|switch|p2b: Talonflame|Talonflame, L50, F|100/100
|turn|2
|inactive|platanoso has 30 seconds left.
|inactive|luissc.07 has 30 seconds left.
|
|t:|1782428523
|switch|p1a: Incineroar|Incineroar, L50, M|100/100
|-ability|p1a: Incineroar|Intimidate|boost
|-unboost|p2a: Charizard|atk|1
|-unboost|p2b: Talonflame|atk|1
|move|p2b: Talonflame|Acrobatics|p1b: Ceruledge
|-damage|p1b: Ceruledge|68/100
|move|p2a: Charizard|Solar Beam||[still]
|-prepare|p2a: Charizard|Solar Beam
|-anim|p2a: Charizard|Solar Beam|p1a: Incineroar
|-resisted|p1a: Incineroar|1
|-damage|p1a: Incineroar|78/100
|move|p1b: Ceruledge|Bulk Up|p1b: Ceruledge
|-boost|p1b: Ceruledge|atk|1
|-boost|p1b: Ceruledge|def|1
|
|-weather|SunnyDay|[upkeep]
|upkeep
|turn|3
|inactive|luissc.07 has 30 seconds left.
|
|t:|1782428555
|move|p2a: Charizard|Protect|p2a: Charizard
|-singleturn|p2a: Charizard|Protect
|move|p2b: Talonflame|Tailwind|p2b: Talonflame
|-sidestart|p2: luissc.07|move: Tailwind
|move|p1b: Ceruledge|Bulk Up|p1b: Ceruledge
|-boost|p1b: Ceruledge|atk|1
|-boost|p1b: Ceruledge|def|1
|move|p1a: Incineroar|Parting Shot|p2b: Talonflame
|-unboost|p2b: Talonflame|atk|1
|-unboost|p2b: Talonflame|spa|1
|
|t:|1782428567
|switch|p1a: Milotic|Milotic, L50, F|49/100|[from] Parting Shot
|
|-weather|SunnyDay|[upkeep]
|-heal|p1a: Milotic|55/100|[from] item: Leftovers
|upkeep
|turn|4
|
|t:|1782428582
|switch|p1a: Incineroar|Incineroar, L50, M|78/100
|-ability|p1a: Incineroar|Intimidate|boost
|-unboost|p2a: Charizard|atk|1
|-unboost|p2b: Talonflame|atk|1
|move|p2b: Talonflame|Acrobatics|p1a: Incineroar
|-damage|p1a: Incineroar|65/100
|move|p2a: Charizard|Solar Beam||[still]
|-prepare|p2a: Charizard|Solar Beam
|-anim|p2a: Charizard|Solar Beam|p1a: Incineroar
|-resisted|p1a: Incineroar|1
|-damage|p1a: Incineroar|42/100
|-enditem|p1a: Incineroar|Sitrus Berry|[eat]
|-heal|p1a: Incineroar|67/100|[from] item: Sitrus Berry
|move|p1b: Ceruledge|Bitter Blade|p2b: Talonflame
|-resisted|p2b: Talonflame|1
|-damage|p2b: Talonflame|20/100y
|-heal|p1b: Ceruledge|100/100|[from] drain|[of] p2b: Talonflame
|
|-weather|SunnyDay|[upkeep]
|upkeep
|turn|5
|inactive|platanoso has 30 seconds left.
|inactive|luissc.07 has 30 seconds left.
|
|t:|1782428619
|switch|p2a: Sneasler|Sneasler, L50, F|100/100
|move|p1a: Incineroar|Fake Out|p2a: Sneasler
|-damage|p2a: Sneasler|87/100
|move|p1b: Ceruledge|Shadow Sneak|p2b: Talonflame
|-damage|p2b: Talonflame|0 fnt
|faint|p2b: Talonflame
|
|-weather|none
|upkeep
|
|t:|1782428629
|switch|p2b: Charizard|Charizard-Mega-Y, L50, M|100/100
|-weather|SunnyDay|[from] ability: Drought|[of] p2b: Charizard
|turn|6
|
|t:|1782428652
|switch|p1a: Milotic|Milotic, L50, F|55/100
|move|p2a: Sneasler|Fake Out|p1b: Ceruledge
|-immune|p1b: Ceruledge
|move|p2b: Charizard|Solar Beam||[still]
|-prepare|p2b: Charizard|Solar Beam
|-anim|p2b: Charizard|Solar Beam|p1b: Ceruledge
|-resisted|p1b: Ceruledge|1
|-damage|p1b: Ceruledge|75/100
|move|p1b: Ceruledge|Bitter Blade|p2a: Sneasler
|-damage|p2a: Sneasler|0 fnt
|-heal|p1b: Ceruledge|100/100|[from] drain|[of] p2a: Sneasler
|faint|p2a: Sneasler
|
|-weather|SunnyDay|[upkeep]
|-heal|p1a: Milotic|61/100|[from] item: Leftovers
|-sideend|p2: luissc.07|move: Tailwind
|upkeep
|turn|7
|-message|luissc.07 forfeited.
|
|win|platanoso
|l|☆luissc.07
|player|p2|
||luissc.07 is ready for game 2.
||platanoso is ready for game 2.
|uhtml|next|Next: Game 2 of 3
