|j|☆Nychimuraa
|j|☆Catzuki
|html|NychimuraaCatzuki    
|uhtml|bestof|Game 1 of a best-of-3
|t:|1785893759
|gametype|doubles
|player|p1|Nychimuraa|fisherman|1000
|player|p2|Catzuki|101|1032
|gen|9
|tier|[Gen 9 Champions] VGC 2026 Reg M-B (Bo3)
|rated|
|rule|Species Clause: Limit one of each Pokémon
|rule|Item Clause: Limit 1 of each item
|clearpoke
|poke|p1|Alcremie, L50, F|
|poke|p1|Rotom-Frost, L50|
|poke|p1|Houndstone, L50, M|
|poke|p1|Ninetales-Alola, L50, F|
|poke|p1|Volcarona, L50, F|
|poke|p1|Dragapult, L50, M|
|poke|p2|Grimmsnarl, L50, M|
|poke|p2|Hydreigon, L50, M|
|poke|p2|Toxapex, L50, F|
|poke|p2|Incineroar, L50, F|
|poke|p2|Charizard, L50, F|
|poke|p2|Venusaur, L50, M|
|teampreview|4
|showteam|p1|Alcremie||KebiaBerry|AromaVeil|AlluringVoice,Protect,Recover,Decorate|Calm||F|||50|]Rotom-Frost||OccaBerry|Levitate|Blizzard,Protect,Thunderbolt,VoltSwitch|Timid|||||50|]Houndstone||Leftovers|Fluffy|LastRespects,PlayRough,ShadowSneak,Protect|Brave||M|||50|]Ninetales-Alola||NeverMeltIce|SnowWarning|Blizzard,FreezeDry,Protect,Moonblast|Quiet||F|||50|]Volcarona||ChoiceScarf|FlameBody|BugBuzz,FireBlast,QuiverDance,Protect|Modest||F|||50|]Dragapult||LifeOrb|Infiltrator|DragonDarts,Uturn,Protect,PhantomForce|Jolly||M|||50|
|showteam|p2|Grimmsnarl||RoseliBerry|Prankster|PowerSwap,PartingShot,FakeTears,ScaryFace|Calm||M|||50|]Hydreigon||LifeOrb|Levitate|Protect,DracoMeteor,DarkPulse,FlashCannon|Modest||M|||50|]Toxapex||Leftovers|Regenerator|Infestation,Toxic,WideGuard,BanefulBunker|Bold||F|||50|]Incineroar||SitrusBerry|Intimidate|FlareBlitz,ThroatChop,FakeOut,PartingShot|Impish||F|||50|]Charizard||CharizarditeY|Blaze|HeatWave,Overheat,Hurricane,Protect|Modest||F|||50|]Venusaur||FocusSash|Chlorophyll|LeafStorm,SludgeBomb,EarthPower,Protect|Modest||M|||50|
|
|t:|1785893809
|teamsize|p1|4
|teamsize|p2|4
|start
|switch|p1a: Dragapult|Dragapult, L50, M|100/100
|switch|p1b: Volcarona|Volcarona, L50, F|100/100
|switch|p2a: Hydreigon|Hydreigon, L50, M|100/100
|switch|p2b: Grimmsnarl|Grimmsnarl, L50, M|100/100
|turn|1
|
|t:|1785893839
|move|p2b: Grimmsnarl|Scary Face|p1a: Dragapult
|-unboost|p1a: Dragapult|spe|2
|move|p1b: Volcarona|Bug Buzz|p2a: Hydreigon
|-supereffective|p2a: Hydreigon|1
|-damage|p2a: Hydreigon|0 fnt
|faint|p2a: Hydreigon
|move|p1a: Dragapult|Dragon Darts|p2b: Grimmsnarl
|-immune|p2b: Grimmsnarl
|
|upkeep
|
|t:|1785893856
|switch|p2a: Charizard|Charizard, L50, F|100/100
|turn|2
|
|t:|1785893886
|detailschange|p2a: Charizard|Charizard-Mega-Y, L50, F
|-mega|p2a: Charizard|Charizard|Charizardite Y
|-weather|SunnyDay|[from] ability: Drought|[of] p2a: Charizard
|move|p2b: Grimmsnarl|Fake Tears|p1b: Volcarona
|-unboost|p1b: Volcarona|spd|2
|move|p1b: Volcarona|Bug Buzz|p2b: Grimmsnarl
|-damage|p2b: Grimmsnarl|55/100
|move|p2a: Charizard|Overheat|p1b: Volcarona
|-damage|p1b: Volcarona|0 fnt
|-unboost|p2a: Charizard|spa|2
|faint|p1b: Volcarona
|move|p1a: Dragapult|U-turn|p2b: Grimmsnarl
|-damage|p2b: Grimmsnarl|25/100
|-damage|p1a: Dragapult|90/100|[from] item: Life Orb
|
|t:|1785893910
|switch|p1a: La belissima|Ninetales-Alola, L50, F|100/100|[from] U-turn
|-weather|Snowscape|[from] ability: Snow Warning|[of] p1a: La belissima
|
|-weather|Snowscape|[upkeep]
|upkeep
|
|t:|1785893917
|switch|p1b: Alcremie|Alcremie, L50, F|100/100
|turn|3
|
|t:|1785893951
|move|p2b: Grimmsnarl|Power Swap|p2a: Charizard
|-swapboost|p2b: Grimmsnarl|p2a: Charizard|atk, spa|[from] move: Power Swap
|move|p2a: Charizard|Overheat|p1a: La belissima
|-supereffective|p1a: La belissima|1
|-damage|p1a: La belissima|0 fnt
|-unboost|p2a: Charizard|spa|2
|faint|p1a: La belissima
|move|p1b: Alcremie|Decorate|p1: La belissima|[notarget]
|-fail|p1b: Alcremie
|
|-weather|Snowscape|[upkeep]
|upkeep
|
|t:|1785893963
|switch|p1a: Dragapult|Dragapult, L50, M|90/100
|turn|4
|
|t:|1785893988
|switch|p2a: Incineroar|Incineroar, L50, F|100/100
|-ability|p2a: Incineroar|Intimidate|boost
|-unboost|p1a: Dragapult|atk|1
|-unboost|p1b: Alcremie|atk|1
|move|p2b: Grimmsnarl|Scary Face|p1a: Dragapult
|-unboost|p1a: Dragapult|spe|2
|move|p1a: Dragapult|Dragon Darts|p2a: Incineroar
|-damage|p2a: Incineroar|82/100
|-anim|p1a: Dragapult|Dragon Darts|p2a: Incineroar
|-damage|p2a: Incineroar|67/100
|-damage|p1a: Dragapult|80/100|[from] item: Life Orb
|move|p1b: Alcremie|Alluring Voice|p2b: Grimmsnarl
|-supereffective|p2b: Grimmsnarl|1
|-enditem|p2b: Grimmsnarl|Roseli Berry|[eat]
|-enditem|p2b: Grimmsnarl|Roseli Berry|[weaken]
|-damage|p2b: Grimmsnarl|0 fnt
|faint|p2b: Grimmsnarl
|
|-weather|Snowscape|[upkeep]
|upkeep
|
|t:|1785894004
|switch|p2b: Charizard|Charizard-Mega-Y, L50, F|100/100
|-weather|SunnyDay|[from] ability: Drought|[of] p2b: Charizard
|turn|5
|
|t:|1785894023
|move|p2b: Charizard|Heat Wave|p1a: Dragapult|[spread] p1a,p1b
|-resisted|p1a: Dragapult|1
|-damage|p1a: Dragapult|35/100
|-damage|p1b: Alcremie|62/100
|move|p1a: Dragapult|Dragon Darts|p2b: Charizard
|-damage|p2b: Charizard|77/100
|-anim|p1a: Dragapult|Dragon Darts|p2a: Incineroar
|-damage|p2a: Incineroar|51/100
|-damage|p1a: Dragapult|25/100|[from] item: Life Orb
|move|p1b: Alcremie|Alluring Voice|p2a: Incineroar
|-damage|p2a: Incineroar|25/100
|-enditem|p2a: Incineroar|Sitrus Berry|[eat]
|-heal|p2a: Incineroar|50/100g|[from] item: Sitrus Berry
|move|p2a: Incineroar|Throat Chop|p1a: Dragapult
|-supereffective|p1a: Dragapult|1
|-damage|p1a: Dragapult|0 fnt
|faint|p1a: Dragapult
|
|-weather|SunnyDay|[upkeep]
|upkeep
|turn|6
|-message|Nychimuraa forfeited.
|
|win|Catzuki
