|j|☆Lucario Palworld
|j|☆aliciadoors
|html|Lucario Palworldaliciadoors    
|uhtml|bestof|Game 2 of a best-of-3
|t:|1757739351
|gametype|doubles
|player|p1|Lucario Palworld|170|1343
|player|p2|aliciadoors|jasmine|1364
|gen|9
|tier|[Gen 9] VGC 2025 Reg H (Bo3)
|rated|
|rule|Species Clause: Limit one of each Pokémon
|rule|Item Clause: Limit 1 of each item
|clearpoke
|poke|p1|Whimsicott, L50, F|
|poke|p1|Pelipper, L50, F|
|poke|p1|Tatsugiri, L50, F|
|poke|p1|Dondozo, L50, M|
|poke|p1|Gholdengo, L50|
|poke|p1|Perrserker, L50, F|
|poke|p2|Tyranitar, L50, F|
|poke|p2|Excadrill, L50, M|
|poke|p2|Corviknight, L50, F|
|poke|p2|Indeedee, L50, M|
|poke|p2|Sneasler, L50, M|
|poke|p2|Archaludon, L50, M|
|teampreview|4
|showteam|p1|Whimsicott||CovertCloak|Prankster|Moonblast,LightScreen,Tailwind,Encore|||F|||50|,,,,,Fire]Pelipper||FocusSash|Drizzle|Hurricane,WeatherBall,Tailwind,WideGuard|||F|||50|,,,,,Ghost]Tatsugiri||ChoiceScarf|Commander|MuddyWater,DracoMeteor,DragonPulse,IcyWind|||F|||50|,,,,,Steel]Dondozo||ClearAmulet|Unaware|Earthquake,WaveCrash,OrderUp,Protect|||M|||50|,,,,,Grass]Gholdengo||ChoiceSpecs|GoodasGold|ShadowBall,MakeItRain,FocusBlast,Thunderbolt||||||50|,,,,,Steel]Perrserker||ChopleBerry|SteelySpirit|FakeOut,IronHead,Taunt,KnockOff|||F|||50|,,,,,Steel
|showteam|p2|Tyranitar||AssaultVest|SandStream|RockSlide,KnockOff,TeraBlast,LowKick|||F|||50|,,,,,Flying]Excadrill||FocusSash|SandRush|Earthquake,HighHorsepower,IronHead,Protect|||M|||50|,,,,,Ground]Corviknight||SitrusBerry|MirrorArmor|BraveBird,Tailwind,BulkUp,Roost|||F|||50|,,,,,Dragon]Indeedee||ChoiceScarf|PsychicSurge|ExpandingForce,TeraBlast,Trick,Protect|||M|||50|,,,,,Psychic]Sneasler||PsychicSeed|Unburden|CloseCombat,DireClaw,ThroatChop,Protect|||M|||50|,,,,,Stellar]Archaludon||PowerHerb|Sturdy|FlashCannon,DracoMeteor,ElectroShot,Protect|||M|||50|,,,,,Stellar
|inactive|Battle timer is ON: inactive players will automatically lose when time's up. (requested by aliciadoors)
|inactive|aliciadoors has 60 seconds left.
|
|t:|1757739383
|teamsize|p1|4
|teamsize|p2|4
|start
|switch|p1a: Dondozo|Dondozo, L50, M|100/100
|switch|p1b: Gholdengo|Gholdengo, L50|100/100
|switch|p2a: Excadrill|Excadrill, L50, M|100/100
|switch|p2b: Tyranitar|Tyranitar, L50, F|100/100
|-weather|Sandstorm|[from] ability: Sand Stream|[of] p2b: Tyranitar
|turn|1
|inactive|aliciadoors has 30 seconds left.
|
|t:|1757739414
|switch|p1b: Pelipper|Pelipper, L50, F|100/100
|-weather|RainDance|[from] ability: Drizzle|[of] p1b: Pelipper
|-terastallize|p2b: Tyranitar|Flying
|move|p2a: Excadrill|Earthquake|p1b: Pelipper|[spread] p1a
|-immune|p2b: Tyranitar
|-immune|p1b: Pelipper
|-damage|p1a: Dondozo|69/100
|move|p1a: Dondozo|Earthquake|p2b: Tyranitar|[spread] p2a
|-immune|p1b: Pelipper
|-immune|p2b: Tyranitar
|-supereffective|p2a: Excadrill
|-damage|p2a: Excadrill|33/100
|move|p2b: Tyranitar|Knock Off|p1a: Dondozo
|-damage|p1a: Dondozo|31/100
|-enditem|p1a: Dondozo|Clear Amulet|[from] move: Knock Off|[of] p2b: Tyranitar
|
|-weather|RainDance|[upkeep]
|upkeep
|turn|2
|inactive|Lucario Palworld has 30 seconds left.
|inactive|aliciadoors has 30 seconds left.
|inactive|aliciadoors has 20 seconds left.
|inactive|aliciadoors has 15 seconds left.
|inactive|aliciadoors has 10 seconds left.
|
|t:|1757739462
|move|p2a: Excadrill|High Horsepower|p1a: Dondozo
|-damage|p1a: Dondozo|0 fnt
|faint|p1a: Dondozo
|move|p1b: Pelipper|Tailwind|p1b: Pelipper
|-sidestart|p1: Lucario Palworld|move: Tailwind
|move|p2b: Tyranitar|Tera Blast|p1b: Pelipper|[anim] Tera Blast Flying
|-damage|p1b: Pelipper|36/100
|
|-weather|RainDance|[upkeep]
|upkeep
|
|t:|1757739469
|switch|p1a: Gholdengo|Gholdengo, L50|100/100
|turn|3
|inactive|aliciadoors has 30 seconds left.
|inactive|aliciadoors has 20 seconds left.
|inactive|aliciadoors has 15 seconds left.
|
|t:|1757739513
|-terastallize|p1a: Gholdengo|Steel
|move|p2a: Excadrill|Protect|p2a: Excadrill
|-singleturn|p2a: Excadrill|Protect
|move|p1a: Gholdengo|Make It Rain|p2b: Tyranitar|[spread] p2b
|-activate|p2a: Excadrill|move: Protect
|-damage|p2b: Tyranitar|38/100
|-unboost|p1a: Gholdengo|spa|1
|move|p1b: Pelipper|Hurricane|p2b: Tyranitar
|-damage|p2b: Tyranitar|13/100
|-start|p2b: Tyranitar|confusion
|-activate|p2b: Tyranitar|confusion
|move|p2b: Tyranitar|Knock Off|p1b: Pelipper
|-damage|p1b: Pelipper|0 fnt
|-enditem|p1b: Pelipper|Focus Sash|[from] move: Knock Off|[of] p2b: Tyranitar
|faint|p1b: Pelipper
|
|-weather|RainDance|[upkeep]
|upkeep
|
|t:|1757739528
|switch|p1b: Tatsugiri|Tatsugiri, L50, F|100/100
|turn|4
|
|t:|1757739547
|switch|p2a: Corviknight|Corviknight, L50, F|100/100
|switch|p2b: Archaludon|Archaludon, L50, M|100/100
|move|p1b: Tatsugiri|Icy Wind|p2a: Corviknight|[spread] p2a,p2b
|-damage|p2a: Corviknight|89/100
|-damage|p2b: Archaludon|80/100
|-ability|p2a: Corviknight|Mirror Armor
|-unboost|p1b: Tatsugiri|spe|1
|-unboost|p2b: Archaludon|spe|1
|move|p1a: Gholdengo|Make It Rain|p2a: Corviknight|[spread] p2a,p2b
|-resisted|p2a: Corviknight
|-resisted|p2b: Archaludon
|-damage|p2a: Corviknight|64/100
|-damage|p2b: Archaludon|30/100
|-unboost|p1a: Gholdengo|spa|1
|
|-weather|RainDance|[upkeep]
|upkeep
|turn|5
|
|t:|1757739562
|move|p1a: Gholdengo|Make It Rain|p2b: Archaludon|[spread] p2a,p2b
|-resisted|p2a: Corviknight
|-resisted|p2b: Archaludon
|-damage|p2a: Corviknight|46/100
|-damage|p2b: Archaludon|0 fnt
|-unboost|p1a: Gholdengo|spa|1
|-enditem|p2a: Corviknight|Sitrus Berry|[eat]
|-heal|p2a: Corviknight|71/100|[from] item: Sitrus Berry
|faint|p2b: Archaludon
|move|p1b: Tatsugiri|Icy Wind|p2a: Corviknight
|-damage|p2a: Corviknight|57/100
|-ability|p2a: Corviknight|Mirror Armor
|-unboost|p1b: Tatsugiri|spe|1
|move|p2a: Corviknight|Tailwind|p2a: Corviknight
|-sidestart|p2: aliciadoors|move: Tailwind
|
|-weather|none
|-sideend|p1: Lucario Palworld|move: Tailwind
|upkeep
|
|t:|1757739575
|switch|p2b: Excadrill|Excadrill, L50, M|33/100
|turn|6
|
|t:|1757739580
|move|p2b: Excadrill|Earthquake|p1a: Gholdengo|[spread] p1a,p1b
|-immune|p2a: Corviknight
|-supereffective|p1a: Gholdengo
|-damage|p1a: Gholdengo|5/100
|-damage|p1b: Tatsugiri|19/100
|move|p2a: Corviknight|Brave Bird|p1b: Tatsugiri
|-damage|p1b: Tatsugiri|0 fnt
|faint|p1b: Tatsugiri
|-damage|p2a: Corviknight|52/100|[from] Recoil
|move|p1a: Gholdengo|Make It Rain|p2a: Corviknight|[spread] p2a,p2b
|-resisted|p2a: Corviknight
|-resisted|p2b: Excadrill
|-damage|p2a: Corviknight|37/100
|-damage|p2b: Excadrill|6/100
|-unboost|p1a: Gholdengo|spa|1
|
|upkeep
|turn|7
|
|t:|1757739588
|move|p2b: Excadrill|Earthquake|p1a: Gholdengo|[spread] p1a
|-immune|p2a: Corviknight
|-supereffective|p1a: Gholdengo
|-damage|p1a: Gholdengo|0 fnt
|faint|p1a: Gholdengo
|
|win|aliciadoors
||Lucario Palworld is ready for game 3.
||aliciadoors is ready for game 3.
|uhtml|next|Next: Game 3 of 3
|l|☆Lucario Palworld
|player|p1|
|l|☆aliciadoors
|player|p2|
