|j|☆VenuDaAscoInRain
|j|☆Sodamario
|html|VenuDaAscoInRainSodamario    
|uhtml|bestof|Game 2 of a best-of-3
|t:|1783523652
|gametype|doubles
|player|p1|VenuDaAscoInRain|li|1366
|player|p2|Sodamario|cynthia-gen4|1449
|gen|9
|tier|[Gen 9 Champions] VGC 2026 Reg M-B (Bo3)
|rated|
|rule|Species Clause: Limit one of each Pokémon
|rule|Item Clause: Limit 1 of each item
|clearpoke
|poke|p1|Blaziken, L50, M, shiny|
|poke|p1|Whimsicott, L50, M, shiny|
|poke|p1|Kingambit, L50, M, shiny|
|poke|p1|Basculegion, L50, M, shiny|
|poke|p1|Floette-Eternal, L50, F|
|poke|p1|Glimmora, L50, M, shiny|
|poke|p2|Ceruledge, L50, F|
|poke|p2|Milotic, L50, M|
|poke|p2|Incineroar, L50, F|
|poke|p2|Raichu, L50, F|
|poke|p2|Ninetales-Alola, L50, F|
|poke|p2|Sinistcha, L50|
|teampreview|4
|showteam|p1|Blaziken||Blazikenite|SpeedBoost|FlareBlitz,CloseCombat,RockTomb,Protect|Adamant||M|||50|]Whimsicott||CobaBerry|Prankster|Moonblast,Encore,Tailwind,Protect|Timid||M|||50|]Kingambit||BlackGlasses|Defiant|KowtowCleave,SuckerPunch,IronHead,Protect|Adamant||M|||50|]Basculegion||LifeOrb|Adaptability|WaveCrash,AquaJet,LastRespects,Protect|Adamant||M|||50|]Floette-Eternal||Floettite|FlowerVeil|Moonblast,DazzlingGleam,LightofRuin,Protect|Timid||F|||50|]Glimmora||FocusSash|ToxicDebris|PowerGem,SludgeBomb,EnergyBall,SpikyShield|Timid||M|||50|
|showteam|p2|Ceruledge||ColburBerry|FlashFire|BitterBlade,ShadowSneak,BulkUp,Protect|Adamant||F|||50|]Milotic||Leftovers|Competitive|MuddyWater,Coil,Hypnosis,Protect|Bold||M|||50|]Incineroar||SitrusBerry|Intimidate|FlareBlitz,PartingShot,FakeOut,DarkestLariat|Impish||F|||50|]Raichu||RaichuniteY|LightningRod|ZapCannon,FocusBlast,FakeOut,Protect|Timid||F|||50|]Ninetales-Alola||NeverMeltIce|SnowWarning|Blizzard,FreezeDry,AuroraVeil,Protect|Timid||F|||50|]Sinistcha||KasibBerry|Hospitality|MatchaGotcha,RagePowder,TrickRoom,Protect|Bold|||||50|
|inactive|Battle timer is ON: inactive players will automatically lose when time's up. (requested by VenuDaAscoInRain)
|
|t:|1783523673
|teamsize|p1|4
|teamsize|p2|4
|start
|switch|p1a: Whimsicott|Whimsicott, L50, M, shiny|100/100
|switch|p1b: Floette|Floette-Eternal, L50, F|100/100
|switch|p2a: Sinistcha|Sinistcha, L50|100/100
|switch|p2b: Raichu|Raichu, L50, F|100/100
|turn|1
|
|t:|1783523687
|switch|p2a: Ceruledge|Ceruledge, L50, F|100/100
|detailschange|p2b: Raichu|Raichu-Mega-Y, L50, F
|-mega|p2b: Raichu|Raichu|Raichunite Y
|detailschange|p1b: Floette|Floette-Mega, L50, F
|-mega|p1b: Floette|Floette|Floettite
|-ability|p1b: Floette|Fairy Aura
|move|p1a: Whimsicott|Protect|p1a: Whimsicott
|-singleturn|p1a: Whimsicott|Protect
|move|p2b: Raichu|Fake Out|p1b: Floette
|-damage|p1b: Floette|88/100
|cant|p1b: Floette|flinch
|
|upkeep
|turn|2
|
|t:|1783523709
|move|p2b: Raichu|Protect|p2b: Raichu
|-singleturn|p2b: Raichu|Protect
|move|p1a: Whimsicott|Moonblast|p2a: Ceruledge
|-resisted|p2a: Ceruledge|1
|-damage|p2a: Ceruledge|83/100
|move|p1b: Floette|Light of Ruin|p2a: Ceruledge
|-resisted|p2a: Ceruledge|1
|-damage|p2a: Ceruledge|27/100
|-damage|p1b: Floette|55/100|[from] Recoil
|move|p2a: Ceruledge|Bitter Blade|p1b: Floette
|-crit|p1b: Floette
|-damage|p1b: Floette|0 fnt
|-heal|p2a: Ceruledge|51/100|[from] drain|[of] p1b: Floette
|faint|p1b: Floette
|
|upkeep
|
|t:|1783523712
|switch|p1b: Basculegion|Basculegion, L50, M, shiny|100/100
|turn|3
|
|t:|1783523724
|switch|p2b: Sinistcha|Sinistcha, L50|100/100
|-heal|p2a: Ceruledge|76/100|[from] ability: Hospitality|[of] p2b: Sinistcha
|move|p2a: Ceruledge|Protect|p2a: Ceruledge
|-singleturn|p2a: Ceruledge|Protect
|move|p1a: Whimsicott|Encore||[still]
|-fail|p1a: Whimsicott
|move|p1b: Basculegion|Aqua Jet|p2a: Ceruledge
|-activate|p2a: Ceruledge|move: Protect
|
|upkeep
|turn|4
|
|t:|1783523736
|switch|p2a: Ninetales|Ninetales-Alola, L50, F|100/100
|-weather|Snowscape|[from] ability: Snow Warning|[of] p2a: Ninetales
|move|p1a: Whimsicott|Encore||[still]
|-fail|p1a: Whimsicott
|move|p1b: Basculegion|Last Respects|p2b: Sinistcha
|-supereffective|p2b: Sinistcha|1
|-enditem|p2b: Sinistcha|Kasib Berry|[eat]
|-enditem|p2b: Sinistcha|Kasib Berry|[weaken]
|-damage|p2b: Sinistcha|26/100
|-damage|p1b: Basculegion|90/100|[from] item: Life Orb
|move|p2b: Sinistcha|Matcha Gotcha|p1b: Basculegion|[spread] p1a,p1b
|-resisted|p1a: Whimsicott|1
|-supereffective|p1b: Basculegion|1
|-damage|p1a: Whimsicott|81/100
|-heal|p2b: Sinistcha|34/100|[from] drain|[of] p1a: Whimsicott
|-damage|p1b: Basculegion|39/100
|-heal|p2b: Sinistcha|63/100|[from] drain|[of] p1b: Basculegion
|
|-weather|Snowscape|[upkeep]
|upkeep
|turn|5
|inactive|Sodamario has 30 seconds left.
|
|t:|1783523764
|move|p2b: Sinistcha|Rage Powder|p2b: Sinistcha
|-singleturn|p2b: Sinistcha|move: Rage Powder
|move|p1a: Whimsicott|Tailwind|p1a: Whimsicott
|-sidestart|p1: VenuDaAscoInRain|move: Tailwind
|move|p1b: Basculegion|Last Respects|p2b: Sinistcha
|-supereffective|p2b: Sinistcha|1
|-damage|p2b: Sinistcha|0 fnt
|faint|p2b: Sinistcha
|-damage|p1b: Basculegion|29/100|[from] item: Life Orb
|move|p2a: Ninetales|Freeze-Dry|p1b: Basculegion
|-supereffective|p1b: Basculegion|1
|-damage|p1b: Basculegion|0 fnt
|faint|p1b: Basculegion
|
|-weather|Snowscape|[upkeep]
|upkeep
|
|t:|1783523775
|switch|p1b: Kingambit|Kingambit, L50, M, shiny|100/100
|switch|p2b: Ceruledge|Ceruledge, L50, F|76/100
|turn|6
|
|t:|1783523792
|move|p1a: Whimsicott|Encore|p2a: Ninetales
|-start|p2a: Ninetales|Encore
|move|p2a: Ninetales|Freeze-Dry|p1b: Kingambit
|-resisted|p1b: Kingambit|1
|-damage|p1b: Kingambit|84/100
|move|p1b: Kingambit|Kowtow Cleave|p2b: Ceruledge
|-supereffective|p2b: Ceruledge|1
|-enditem|p2b: Ceruledge|Colbur Berry|[eat]
|-enditem|p2b: Ceruledge|Colbur Berry|[weaken]
|-damage|p2b: Ceruledge|8/100
|move|p2b: Ceruledge|Bitter Blade|p1b: Kingambit
|-supereffective|p1b: Kingambit|1
|-damage|p1b: Kingambit|5/100
|-heal|p2b: Ceruledge|53/100|[from] drain|[of] p1b: Kingambit
|
|-weather|Snowscape|[upkeep]
|upkeep
|turn|7
|
|t:|1783523807
|move|p1a: Whimsicott|Encore|p2b: Ceruledge
|-start|p2b: Ceruledge|Encore
|move|p2a: Ninetales|Freeze-Dry|p1b: Kingambit
|-resisted|p1b: Kingambit|1
|-damage|p1b: Kingambit|0 fnt
|faint|p1b: Kingambit
|move|p2b: Ceruledge|Bitter Blade|p1a: Whimsicott
|-supereffective|p1a: Whimsicott|1
|-damage|p1a: Whimsicott|0 fnt
|-heal|p2b: Ceruledge|87/100|[from] drain|[of] p1a: Whimsicott
|faint|p1a: Whimsicott
|
|win|Sodamario
|raw|VenuDaAscoInRain's rating: 1366 → 1351(-15 for losing)
|raw|Sodamario's rating: 1449 → 1464(+15 for winning)
