|j|☆queenghidorah12
|j|☆ad_blake
|html|queenghidorah12ad_blake    
|uhtml|bestof|Game 2 of a best-of-3
|t:|1782408427
|gametype|doubles
|player|p1|queenghidorah12|265|1131
|player|p2|ad_blake|rosa|1036
|gen|9
|tier|[Gen 9 Champions] VGC 2026 Reg M-B (Bo3)
|rated|
|rule|Species Clause: Limit one of each Pokémon
|rule|Item Clause: Limit 1 of each item
|clearpoke
|poke|p1|Eelektross, L50, F|
|poke|p1|Talonflame, L50, F|
|poke|p1|Garchomp, L50, M|
|poke|p1|Grimmsnarl, L50, M|
|poke|p1|Floette-Eternal, L50, F|
|poke|p1|Gholdengo, L50|
|poke|p2|Raichu, L50, M|
|poke|p2|Whimsicott, L50, F|
|poke|p2|Garchomp, L50, F|
|poke|p2|Ninetales-Alola, L50, M|
|poke|p2|Incineroar, L50, F|
|poke|p2|Corviknight, L50, M|
|teampreview|4
|showteam|p1|Eelektross||Eelektrossite|Levitate|SupercellSlam,DrainPunch,Coil,Protect|Adamant||F|||50|]Talonflame||FocusSash|GaleWings|DualWingbeat,FlareBlitz,Tailwind,Protect|Jolly||F|||50|]Garchomp||ChoiceScarf|RoughSkin|Earthquake,DragonClaw,RockSlide,StompingTantrum|Adamant||M|||50|]Grimmsnarl||LightClay|Prankster|FakeOut,Reflect,LightScreen,PartingShot|Impish||M|||50|]Floette-Eternal||Floettite|FlowerVeil|Moonblast,DazzlingGleam,CalmMind,Protect|Timid||F|||50|]Gholdengo||LifeOrb|GoodasGold|MakeItRain,ShadowBall,NastyPlot,Protect|Modest|||||50|
|showteam|p2|Raichu||RaichuniteY|LightningRod|FakeOut,ZapCannon,Protect,FocusBlast|Timid||M|||50|]Whimsicott||FocusSash|Prankster|Tailwind,Encore,Taunt,Moonblast|Timid||F|||50|]Garchomp||LifeOrb|RoughSkin|Protect,DragonClaw,RockSlide,StompingTantrum|Jolly||F|||50|]Ninetales-Alola||LightClay|SnowWarning|AuroraVeil,Blizzard,IcyWind,Protect|Timid||M|||50|]Incineroar||SitrusBerry|Intimidate|FakeOut,PartingShot,ThroatChop,FlareBlitz|Relaxed||F|||50|]Corviknight||Leftovers|MirrorArmor|BodyPress,HeavySlam,Protect,IronDefense|Impish||M|||50|
|
|t:|1782408466
|teamsize|p1|4
|teamsize|p2|4
|start
|switch|p1a: Eelektross|Eelektross, L50, F|100/100
|switch|p1b: Grimmsnarl|Grimmsnarl, L50, M|100/100
|switch|p2a: Garchomp|Garchomp, L50, F|100/100
|switch|p2b: Whimsicott|Whimsicott, L50, F|100/100
|turn|1
|inactive|Battle timer is ON: inactive players will automatically lose when time's up. (requested by queenghidorah12)
|
|t:|1782408498
|detailschange|p1a: Eelektross|Eelektross-Mega, L50, F
|-mega|p1a: Eelektross|Eelektross|Eelektrossite
|move|p1b: Grimmsnarl|Fake Out|p2b: Whimsicott
|-damage|p2b: Whimsicott|85/100
|cant|p2b: Whimsicott|flinch
|move|p2a: Garchomp|Stomping Tantrum|p1b: Grimmsnarl
|-damage|p1b: Grimmsnarl|52/100
|-damage|p2a: Garchomp|90/100|[from] item: Life Orb
|move|p1a: Eelektross|Coil|p1a: Eelektross
|-boost|p1a: Eelektross|atk|1
|-boost|p1a: Eelektross|def|1
|-boost|p1a: Eelektross|accuracy|1
|
|upkeep
|turn|2
|
|t:|1782408519
|move|p1b: Grimmsnarl|Reflect|p1b: Grimmsnarl
|-sidestart|p1: queenghidorah12|Reflect
|move|p2b: Whimsicott|Moonblast|p1b: Grimmsnarl
|-supereffective|p1b: Grimmsnarl|1
|-damage|p1b: Grimmsnarl|0 fnt
|faint|p1b: Grimmsnarl
|move|p2a: Garchomp|Rock Slide|p1a: Eelektross
|-damage|p1a: Eelektross|85/100
|-damage|p2a: Garchomp|80/100|[from] item: Life Orb
|cant|p1a: Eelektross|flinch
|
|upkeep
|
|t:|1782408531
|switch|p1b: Talonflame|Talonflame, L50, F|100/100
|turn|3
|
|t:|1782408546
|move|p1b: Talonflame|Tailwind|p1b: Talonflame
|-sidestart|p1: queenghidorah12|move: Tailwind
|move|p2b: Whimsicott|Taunt|p1b: Talonflame
|-start|p1b: Talonflame|move: Taunt
|move|p1a: Eelektross|Drain Punch|p2a: Garchomp
|-damage|p2a: Garchomp|41/100
|-heal|p1a: Eelektross|100/100|[from] drain|[of] p2a: Garchomp
|-damage|p1a: Eelektross|87/100|[from] ability: Rough Skin|[of] p2a: Garchomp
|move|p2a: Garchomp|Rock Slide|p1b: Talonflame|[spread] p1a,p1b
|-supereffective|p1b: Talonflame|2
|-damage|p1a: Eelektross|76/100
|-enditem|p1b: Talonflame|Focus Sash
|-damage|p1b: Talonflame|1/100
|-damage|p2a: Garchomp|31/100|[from] item: Life Orb
|
|upkeep
|turn|4
|
|t:|1782408570
|move|p1b: Talonflame|Dual Wingbeat|p2b: Whimsicott
|-supereffective|p2b: Whimsicott|1
|-damage|p2b: Whimsicott|44/100
|-supereffective|p2b: Whimsicott|1
|-damage|p2b: Whimsicott|7/100
|-hitcount|p2b: Whimsicott|2
|move|p1a: Eelektross|Drain Punch|p2a: Garchomp
|-damage|p2a: Garchomp|0 fnt
|-heal|p1a: Eelektross|92/100|[from] drain|[of] p2a: Garchomp
|-damage|p1a: Eelektross|79/100|[from] ability: Rough Skin|[of] p2a: Garchomp
|faint|p2a: Garchomp
|-ability|p1a: Eelektross|Eelevate|boost
|-boost|p1a: Eelektross|atk|1
|move|p2b: Whimsicott|Moonblast|p1a: Eelektross
|-damage|p1a: Eelektross|53/100
|
|upkeep
|
|t:|1782408588
|switch|p2a: Incineroar|Incineroar, L50, F|100/100
|-ability|p2a: Incineroar|Intimidate|boost
|-unboost|p1a: Eelektross|atk|1
|-unboost|p1b: Talonflame|atk|1
|turn|5
|
|t:|1782408601
|switch|p1b: Garchomp|Garchomp, L50, M|100/100
|move|p2a: Incineroar|Fake Out|p1b: Garchomp
|-damage|p1b: Garchomp|92/100
|-damage|p2a: Incineroar|87/100|[from] ability: Rough Skin|[of] p1b: Garchomp
|move|p1a: Eelektross|Supercell Slam|p2a: Incineroar
|-crit|p2a: Incineroar
|-damage|p2a: Incineroar|0 fnt
|faint|p2a: Incineroar
|-ability|p1a: Eelektross|Eelevate|boost
|-boost|p1a: Eelektross|atk|1
|move|p2b: Whimsicott|Moonblast|p1a: Eelektross
|-crit|p1a: Eelektross
|-damage|p1a: Eelektross|13/100
|
|upkeep
|
|t:|1782408615
|switch|p2a: Corviknight|Corviknight, L50, M|100/100
|turn|6
|
|t:|1782408628
|move|p1b: Garchomp|Rock Slide|p2a: Corviknight|[spread] p2a,p2b
|-damage|p2a: Corviknight|85/100
|-damage|p2b: Whimsicott|0 fnt
|faint|p2b: Whimsicott
|move|p1a: Eelektross|Supercell Slam|p2a: Corviknight
|-supereffective|p2a: Corviknight|1
|-damage|p2a: Corviknight|0 fnt
|faint|p2a: Corviknight
|
|win|queenghidorah12
||ad_blake is ready for game 3.
|inactive|queenghidorah12 has 30 seconds to confirm battle start!
