|j|☆ben harpic
|j|☆TeyVgc
|html|ben harpicTeyVgc    
|uhtml|bestof|Game 3 of a best-of-3
|t:|1756954713
|gametype|doubles
|player|p1|ben harpic|101|1298
|player|p2|TeyVgc|benga|1190
|gen|9
|tier|[Gen 9] VGC 2025 Reg H (Bo3)
|rated|
|rule|Species Clause: Limit one of each Pokémon
|rule|Item Clause: Limit 1 of each item
|clearpoke
|poke|p1|Dragapult, L50, F|
|poke|p1|Milotic, L50, F|
|poke|p1|Rillaboom, L50, M|
|poke|p1|Annihilape, L50, M|
|poke|p1|Maushold-Four, L50|
|poke|p1|Weezing, L50, F|
|poke|p2|Gholdengo, L50|
|poke|p2|Dragonite, L50, M|
|poke|p2|Sneasler, L50, M|
|poke|p2|Incineroar, L50, F|
|poke|p2|Indeedee, L50, M|
|poke|p2|Gastrodon, L50, M|
|teampreview|4
|showteam|p1|Dragapult||LightClay|ClearBody|DragonDarts,Reflect,LightScreen,ThunderWave|||F|||50|,,,,,Steel]Milotic||Leftovers|Competitive|Scald,Protect,LifeDew,Haze|||F|||50|,,,,,Dragon]Rillaboom||MiracleSeed|GrassySurge|WoodHammer,FakeOut,WorrySeed,GrassyGlide|||M|||50|,,,,,Grass]Annihilape||SitrusBerry|Defiant|RageFist,Protect,BulkUp,DrainPunch|||M|||50|,,,,,Normal]Maushold-Four||WideLens|FriendGuard|PopulationBomb,Protect,Taunt,ThunderWave||||||50|,,,,,Ghost]Weezing||WikiBerry|NeutralizingGas|SludgeBomb,Protect,Taunt,WillOWisp|||F|||50|,,,,,Ghost
|showteam|p2|Gholdengo||LifeOrb|GoodasGold|Protect,MakeItRain,ShadowBall,NastyPlot||||||50|,,,,,Water]Dragonite||LoadedDice|Multiscale|ScaleShot,Tailwind,Haze,Protect|||M|||50|,,,,,Fairy]Sneasler||PsychicSeed|Unburden|Protect,DireClaw,CloseCombat,ThroatChop|||M|||50|,,,,,Dark]Incineroar||SafetyGoggles|Intimidate|KnockOff,PartingShot,FlareBlitz,FakeOut|||F|||50|,,,,,Ghost]Indeedee||FocusSash|PsychicSurge|ExpandingForce,TrickRoom,Imprison,TeraBlast|||M|||50|,,,,,Fighting]Gastrodon||Leftovers|StormDrain|EarthPower,Yawn,Recover,IceBeam|||M|||50|,,,,,Poison
|inactive|Battle timer is ON: inactive players will automatically lose when time's up. (requested by ben harpic)
|j| We_Are_Toasted
|
|t:|1756954740
|teamsize|p1|4
|teamsize|p2|4
|start
|switch|p1a: Annihilape|Annihilape, L50, M|100/100
|switch|p1b: Dragapult|Dragapult, L50, F|100/100
|switch|p2a: Incineroar|Incineroar, L50, F|100/100
|switch|p2b: Gholdengo|Gholdengo, L50|100/100
|-ability|p2a: Incineroar|Intimidate|boost
|-unboost|p1a: Annihilape|atk|1
|-ability|p1a: Annihilape|Defiant|boost
|-boost|p1a: Annihilape|atk|2
|-fail|p1b: Dragapult|unboost|[from] ability: Clear Body|[of] p1b: Dragapult
|turn|1
|inactive|TeyVgc has 30 seconds left.
|
|t:|1756954765
|-terastallize|p2a: Incineroar|Ghost
|move|p1b: Dragapult|Light Screen|p1b: Dragapult
|-sidestart|p1: ben harpic|move: Light Screen
|move|p2b: Gholdengo|Shadow Ball|p1a: Annihilape
|-supereffective|p1a: Annihilape
|-damage|p1a: Annihilape|52/100
|-unboost|p1a: Annihilape|spd|1
|-ability|p1a: Annihilape|Defiant|boost
|-boost|p1a: Annihilape|atk|2
|-damage|p2b: Gholdengo|91/100|[from] item: Life Orb
|move|p1a: Annihilape|Rage Fist|p2b: Gholdengo
|-supereffective|p2b: Gholdengo
|-damage|p2b: Gholdengo|0 fnt
|faint|p2b: Gholdengo
|move|p2a: Incineroar|Knock Off|p1a: Annihilape
|-damage|p1a: Annihilape|9/100
|-enditem|p1a: Annihilape|Sitrus Berry|[from] move: Knock Off|[of] p2a: Incineroar
|
|upkeep
|
|t:|1756954785
|switch|p2b: Sneasler|Sneasler, L50, M|100/100
|turn|2
|inactive|ben harpic has 30 seconds left.
|
|t:|1756954824
|move|p1b: Dragapult|Reflect|p1b: Dragapult
|-sidestart|p1: ben harpic|Reflect
|move|p2b: Sneasler|Dire Claw|p1a: Annihilape
|-resisted|p1a: Annihilape
|-damage|p1a: Annihilape|0 fnt
|faint|p1a: Annihilape
|move|p2a: Incineroar|Knock Off|p1b: Dragapult
|-supereffective|p1b: Dragapult
|-crit|p1b: Dragapult
|-damage|p1b: Dragapult|0 fnt
|-enditem|p1b: Dragapult|Light Clay|[from] move: Knock Off|[of] p2a: Incineroar
|faint|p1b: Dragapult
|
|upkeep
|
|t:|1756954828
|switch|p1b: Rillaboom|Rillaboom, L50, M|100/100
|switch|p1a: Milotic|Milotic, L50, F|100/100
|-fieldstart|move: Grassy Terrain|[from] ability: Grassy Surge|[of] p1b: Rillaboom
|turn|3
|
|t:|1756954845
|move|p2b: Sneasler|Protect|p2b: Sneasler
|-singleturn|p2b: Sneasler|Protect
|move|p1b: Rillaboom|Wood Hammer|p2a: Incineroar
|-damage|p2a: Incineroar|7/100
|-damage|p1b: Rillaboom|69/100|[from] Recoil
|move|p2a: Incineroar|Parting Shot|p1b: Rillaboom
|-unboost|p1b: Rillaboom|atk|1
|-unboost|p1b: Rillaboom|spa|1
|
|t:|1756954855
|switch|p2a: Indeedee|Indeedee, L50, M|100/100|[from] Parting Shot
|-fieldstart|move: Psychic Terrain|[from] ability: Psychic Surge|[of] p2a: Indeedee
|-enditem|p2b: Sneasler|Psychic Seed
|-boost|p2b: Sneasler|spd|1|[from] item: Psychic Seed
|move|p1a: Milotic|Scald|p2b: Sneasler
|-activate|p2b: Sneasler|move: Protect
|
|upkeep
|turn|4
|
|t:|1756954875
|move|p2b: Sneasler|Dire Claw|p1b: Rillaboom
|-supereffective|p1b: Rillaboom
|-damage|p1b: Rillaboom|12/100
|-status|p1b: Rillaboom|slp
|move|p2a: Indeedee|Expanding Force|p1b: Rillaboom|[spread] p1a,p1b
|-damage|p1a: Milotic|73/100
|-damage|p1b: Rillaboom|0 fnt
|faint|p1b: Rillaboom
|move|p1a: Milotic|Scald|p2b: Sneasler
|-damage|p2b: Sneasler|73/100
|
|-heal|p1a: Milotic|79/100|[from] item: Leftovers
|upkeep
|turn|5
|-message|ben harpic forfeited.
|
|win|TeyVgc
|raw|ben harpic's rating: 1298 → 1265(-33 for losing)
|raw|TeyVgc's rating: 1190 → 1223(+33 for winning)
