|j|☆the city mouse
|j|☆kerzz49
|html|the city mousekerzz49    
|uhtml|bestof|Game 2 of a best-of-3
|t:|1784459632
|gametype|doubles
|player|p1|the city mouse|tate|1155
|player|p2|kerzz49|cilan|1170
|gen|9
|tier|[Gen 9 Champions] VGC 2026 Reg M-B (Bo3)
|rated|
|rule|Species Clause: Limit one of each Pokémon
|rule|Item Clause: Limit 1 of each item
|clearpoke
|poke|p1|Aerodactyl, L50, F|
|poke|p1|Garchomp, L50, F|
|poke|p1|Kingambit, L50, M|
|poke|p1|Sylveon, L50, F|
|poke|p1|Farigiraf, L50, M|
|poke|p1|Charizard, L50, M|
|poke|p2|Farigiraf, L50, F|
|poke|p2|Incineroar, L50, M|
|poke|p2|Kingambit, L50, M|
|poke|p2|Camerupt, L50, M|
|poke|p2|Abomasnow, L50, M|
|poke|p2|Vivillon-High Plains, L50, M|
|teampreview|4
|showteam|p1|Aerodactyl||Aerodactylite|Unnerve|IceFang,RockSlide,Tailwind,DualWingbeat|Jolly||F|||50|]Garchomp||LifeOrb|RoughSkin|DragonClaw,RockSlide,Earthquake,Protect|Jolly||F|||50|]Kingambit||FocusSash|Defiant|SuckerPunch,KowtowCleave,IronHead,LowKick|Adamant||M|||50|]Sylveon||FairyFeather|Pixilate|Protect,HyperVoice,HyperBeam,QuickAttack|Modest||F|||50|]Farigiraf||SitrusBerry|ArmorTail|TrickRoom,Thunderbolt,Roar,Psychic|Bold||M|||50|]Charizard||CharizarditeY|Blaze|WeatherBall,HeatWave,SolarBeam,Protect|Modest||M|||50|
|showteam|p2|Farigiraf||SitrusBerry|ArmorTail|Psychic,Protect,HelpingHand,TrickRoom|Quiet||F|||50|]Incineroar||LifeOrb|Intimidate|FakeOut,FlareBlitz,PartingShot,DarkestLariat|Adamant||M|||50|]Kingambit||BlackGlasses|Defiant|KowtowCleave,SuckerPunch,SwordsDance,IronHead|Brave||M|||50|]Camerupt||Cameruptite|SolidRock|Eruption,AncientPower,EarthPower,Protect|Quiet||M|||50|]Abomasnow||Abomasite|SnowWarning|Blizzard,EnergyBall,EarthPower,IceShard|Quiet||M|||50|]Vivillon-High Plains||FocusSash|CompoundEyes|Protect,SleepPowder,Hurricane,RagePowder|Timid||M|||50|
|inactive|Battle timer is ON: inactive players will automatically lose when time's up. (requested by the city mouse)
|
|t:|1784459671
|teamsize|p1|4
|teamsize|p2|4
|start
|switch|p1a: Farigiraf|Farigiraf, L50, M|100/100
|switch|p1b: Charizard|Charizard, L50, M|100/100
|switch|p2a: Farigiraf|Farigiraf, L50, F|100/100
|switch|p2b: Vivillon|Vivillon-High Plains, L50, M|100/100
|turn|1
|
|t:|1784459685
|detailschange|p1b: Charizard|Charizard-Mega-Y, L50, M
|-mega|p1b: Charizard|Charizard|Charizardite Y
|-weather|SunnyDay|[from] ability: Drought|[of] p1b: Charizard
|move|p2b: Vivillon|Sleep Powder|p1b: Charizard
|-status|p1b: Charizard|slp|[from] move: Sleep Powder
|cant|p1b: Charizard|slp
|move|p2a: Farigiraf|Psychic|p1b: Charizard
|-damage|p1b: Charizard|63/100 slp
|move|p1a: Farigiraf|Roar|p2a: Farigiraf
|drag|p2a: Camerupt|Camerupt, L50, M|100/100
|
|-weather|SunnyDay|[upkeep]
|upkeep
|turn|2
|
|t:|1784459707
|detailschange|p2a: Camerupt|Camerupt-Mega, L50, M
|-mega|p2a: Camerupt|Camerupt|Cameruptite
|move|p2b: Vivillon|Sleep Powder|p1a: Farigiraf
|-status|p1a: Farigiraf|slp|[from] move: Sleep Powder
|-curestatus|p1b: Charizard|slp|[msg]
|move|p1b: Charizard|Heat Wave|p2b: Vivillon|[spread] p2a,p2b
|-resisted|p2a: Camerupt|1
|-supereffective|p2b: Vivillon|1
|-damage|p2a: Camerupt|73/100
|-enditem|p2b: Vivillon|Focus Sash
|-damage|p2b: Vivillon|1/100
|cant|p1a: Farigiraf|slp
|move|p2a: Camerupt|Eruption|p1a: Farigiraf|[spread] p1a,p1b
|-resisted|p1b: Charizard|1
|-damage|p1a: Farigiraf|27/100 slp
|-damage|p1b: Charizard|31/100
|-enditem|p1a: Farigiraf|Sitrus Berry|[eat]
|-heal|p1a: Farigiraf|52/100 slp|[from] item: Sitrus Berry
|
|-weather|SunnyDay|[upkeep]
|upkeep
|turn|3
|inactive|kerzz49 has 30 seconds left.
|
|t:|1784459739
|move|p2b: Vivillon|Sleep Powder|p1b: Charizard
|-status|p1b: Charizard|slp|[from] move: Sleep Powder
|cant|p1b: Charizard|slp
|-curestatus|p1a: Farigiraf|slp|[msg]
|move|p1a: Farigiraf|Thunderbolt|p2b: Vivillon
|-supereffective|p2b: Vivillon|1
|-damage|p2b: Vivillon|0 fnt
|faint|p2b: Vivillon
|move|p2a: Camerupt|Eruption|p1b: Charizard|[spread] p1a,p1b
|-resisted|p1b: Charizard|1
|-damage|p1a: Farigiraf|0 fnt
|-damage|p1b: Charizard|0 fnt
|faint|p1a: Farigiraf
|faint|p1b: Charizard
|
|-weather|SunnyDay|[upkeep]
|upkeep
|inactive|the city mouse has 30 seconds left.
|
|t:|1784459766
|switch|p2b: Farigiraf|Farigiraf, L50, F|100/100
|switch|p1b: Sylveon|Sylveon, L50, F|100/100
|switch|p1a: Kingambit|Kingambit, L50, M|100/100
|turn|4
|inactive|kerzz49 has 30 seconds left.
|inactive|the city mouse has 30 seconds left.
|
|t:|1784459804
|move|p1a: Kingambit|Kowtow Cleave|p2a: Camerupt
|-damage|p2a: Camerupt|18/100
|move|p1b: Sylveon|Hyper Voice|p2b: Farigiraf|[spread] p2a,p2b
|-resisted|p2a: Camerupt|1
|-crit|p2b: Farigiraf
|-damage|p2a: Camerupt|0 fnt
|-damage|p2b: Farigiraf|39/100
|-enditem|p2b: Farigiraf|Sitrus Berry|[eat]
|-heal|p2b: Farigiraf|64/100|[from] item: Sitrus Berry
|faint|p2a: Camerupt
|move|p2b: Farigiraf|Psychic|p1b: Sylveon
|-damage|p1b: Sylveon|68/100
|
|-weather|SunnyDay|[upkeep]
|upkeep
|
|t:|1784459811
|switch|p2a: Incineroar|Incineroar, L50, M|100/100
|-ability|p2a: Incineroar|Intimidate|boost
|-unboost|p1a: Kingambit|atk|1
|-ability|p1a: Kingambit|Defiant|boost
|-boost|p1a: Kingambit|atk|2
|-unboost|p1b: Sylveon|atk|1
|turn|5
|
|t:|1784459825
|move|p2a: Incineroar|Fake Out|p1a: Kingambit
|-resisted|p1a: Kingambit|1
|-damage|p1a: Kingambit|93/100
|-damage|p2a: Incineroar|90/100|[from] item: Life Orb
|cant|p1a: Kingambit|flinch
|move|p1b: Sylveon|Hyper Beam|p2b: Farigiraf
|-damage|p2b: Farigiraf|0 fnt
|-mustrecharge|p1b: Sylveon
|faint|p2b: Farigiraf
|
|-weather|none
|upkeep
|turn|6
|
|t:|1784459833
|move|p1a: Kingambit|Low Kick|p2a: Incineroar
|-supereffective|p2a: Incineroar|1
|-damage|p2a: Incineroar|5/100
|move|p2a: Incineroar|Flare Blitz|p1a: Kingambit
|-supereffective|p1a: Kingambit|1
|-damage|p1a: Kingambit|0 fnt
|faint|p1a: Kingambit
|-damage|p2a: Incineroar|0 fnt|[from] Recoil
|faint|p2a: Incineroar
|
|win|the city mouse
|raw|the city mouse's rating: 1155 → 1181(+26 for winning)
|raw|kerzz49's rating: 1170 → 1144(-26 for losing)
|l|☆kerzz49
|player|p2|
