|j|☆MaeveOG
|j|☆kenanyildiz10
|html|MaeveOGkenanyildiz10    
|uhtml|bestof|Game 2 of a best-of-3
|t:|1784101441
|gametype|doubles
|player|p1|MaeveOG|cynthia|
|player|p2|kenanyildiz10|169|
|gen|9
|tier|[Gen 9 Champions] VGC 2026 Reg M-B (Bo3)
|rule|Species Clause: Limit one of each Pokémon
|rule|Item Clause: Limit 1 of each item
|clearpoke
|poke|p1|Charizard, L50, M, shiny|
|poke|p1|Garchomp, L50, M|
|poke|p1|Primarina, L50, M|
|poke|p1|Whimsicott, L50, F|
|poke|p1|Annihilape, L50, F|
|poke|p1|Maushold, L50|
|poke|p2|Charizard, L50, F, shiny|
|poke|p2|Garchomp, L50, M|
|poke|p2|Whimsicott, L50, F, shiny|
|poke|p2|Basculegion, L50, M|
|poke|p2|Farigiraf, L50, M|
|poke|p2|Floette-Eternal, L50, F|
|teampreview|4
|showteam|p1|Charizard||CharizarditeY|SolarPower|WeatherBall,HeatWave,SolarBeam,Protect|Timid||M|||50|]Garchomp||DragonFang|RoughSkin|Earthquake,DragonClaw,Protect,RockSlide|Adamant||M|||50|]Primarina||LifeOrb|LiquidVoice|HyperVoice,Moonblast,HydroCannon,Protect|Modest||M|||50|]Whimsicott||FocusSash|Prankster|Moonblast,Tailwind,SunnyDay,Encore|Timid||F|||50|]Annihilape||Leftovers|Defiant|BulkUp,DrainPunch,RageFist,Protect|Adamant||F|||50|]Maushold||ChopleBerry|FriendGuard|Taunt,BeatUp,Protect,FollowMe|Timid|||||50|
|showteam|p2|Charizard||CharizarditeY|Blaze|HeatWave,WeatherBall,SolarBeam,Protect|Modest||F|||50|]Garchomp||LifeOrb|RoughSkin|RockSlide,DragonClaw,Protect,Earthquake|Adamant||M|||50|]Whimsicott||FocusSash|Prankster|Moonblast,Encore,Tailwind,Protect|Timid||F|||50|]Basculegion||MysticWater|Adaptability|WaveCrash,LastRespects,Protect,AquaJet|Adamant||M|||50|]Farigiraf||ColburBerry|ArmorTail|TwinBeam,HelpingHand,Thunderbolt,TrickRoom|Relaxed||M|||50|]Floette-Eternal||Floettite|FlowerVeil|Moonblast,DazzlingGleam,LightofRuin,Protect|Modest||F|||50|
|
|t:|1784101513
|teamsize|p1|4
|teamsize|p2|4
|start
|switch|p1a: Annihilape|Annihilape, L50, F|100/100
|switch|p1b: Maushold|Maushold, L50|100/100
|switch|p2a: Charizard|Charizard, L50, F, shiny|100/100
|switch|p2b: 5-3|Whimsicott, L50, F, shiny|100/100
|turn|1
|
|t:|1784101558
|detailschange|p2a: Charizard|Charizard-Mega-Y, L50, F, shiny
|-mega|p2a: Charizard|Charizard|Charizardite Y
|-weather|SunnyDay|[from] ability: Drought|[of] p2a: Charizard
|move|p2b: 5-3|Tailwind|p2b: 5-3
|-sidestart|p2: kenanyildiz10|move: Tailwind
|move|p2a: Charizard|Weather Ball|p1b: Maushold
|-damage|p1b: Maushold|0 fnt
|faint|p1b: Maushold
|move|p1a: Annihilape|Rage Fist|p2a: Charizard
|-damage|p2a: Charizard|70/100
|
|-weather|SunnyDay|[upkeep]
|upkeep
|
|t:|1784101577
|switch|p1b: Whimsicott|Whimsicott, L50, F|100/100
|turn|2
|
|t:|1784101603
|move|p1a: Annihilape|Protect|p1a: Annihilape
|-singleturn|p1a: Annihilape|Protect
|move|p1b: Whimsicott|Encore|p2b: 5-3
|-start|p2b: 5-3|Encore
|move|p2b: 5-3|Tailwind||[still]
|-fail|p2b: 5-3
|move|p2a: Charizard|Heat Wave|p1b: Whimsicott|[spread] p1b
|-activate|p1a: Annihilape|move: Protect
|-supereffective|p1b: Whimsicott|1
|-enditem|p1b: Whimsicott|Focus Sash
|-damage|p1b: Whimsicott|1/100
|
|-weather|SunnyDay|[upkeep]
|upkeep
|turn|3
|
|t:|1784101634
|switch|p2b: Garchomp|Garchomp, L50, M|100/100
|move|p1b: Whimsicott|Tailwind|p1b: Whimsicott
|-sidestart|p1: MaeveOG|move: Tailwind
|move|p2a: Charizard|Heat Wave|p1a: Annihilape|[spread] p1a,p1b
|-supereffective|p1b: Whimsicott|1
|-damage|p1a: Annihilape|40/100
|-damage|p1b: Whimsicott|0 fnt
|faint|p1b: Whimsicott
|move|p1a: Annihilape|Bulk Up|p1a: Annihilape
|-boost|p1a: Annihilape|atk|1
|-boost|p1a: Annihilape|def|1
|
|-weather|SunnyDay|[upkeep]
|-heal|p1a: Annihilape|46/100|[from] item: Leftovers
|upkeep
|
|t:|1784101649
|switch|p1b: Primarina|Primarina, L50, M|100/100
|turn|4
|
|t:|1784101677
|switch|p2b: 5-3|Whimsicott, L50, F, shiny|100/100
|move|p1a: Annihilape|Protect|p1a: Annihilape
|-singleturn|p1a: Annihilape|Protect
|move|p2a: Charizard|Weather Ball|p1a: Annihilape
|-activate|p1a: Annihilape|move: Protect
|move|p1b: Primarina|Hyper Voice|p2b: 5-3|[spread] p2a,p2b
|-supereffective|p2a: Charizard|1
|-resisted|p2b: 5-3|1
|-damage|p2a: Charizard|29/100
|-damage|p2b: 5-3|83/100
|-damage|p1b: Primarina|90/100|[from] item: Life Orb
|
|-weather|SunnyDay|[upkeep]
|-heal|p1a: Annihilape|51/100|[from] item: Leftovers
|-sideend|p2: kenanyildiz10|move: Tailwind
|upkeep
|turn|5
|
|t:|1784101705
|move|p2b: 5-3|Tailwind|p2b: 5-3
|-sidestart|p2: kenanyildiz10|move: Tailwind
|move|p2a: Charizard|Weather Ball|p1a: Annihilape
|-damage|p1a: Annihilape|0 fnt
|faint|p1a: Annihilape
|move|p1b: Primarina|Hydro Cannon|p2a: Charizard
|-supereffective|p2a: Charizard|1
|-damage|p2a: Charizard|0 fnt
|-mustrecharge|p1b: Primarina
|faint|p2a: Charizard
|-damage|p1b: Primarina|81/100|[from] item: Life Orb
|
|-weather|none
|upkeep
|
|t:|1784101716
|switch|p2a: Basculegion|Basculegion, L50, M|100/100
|turn|6
|
|t:|1784101724
|move|p2b: 5-3|Moonblast|p1b: Primarina
|-damage|p1b: Primarina|53/100
|move|p2a: Basculegion|Last Respects|p1b: Primarina
|-damage|p1b: Primarina|0 fnt
|faint|p1b: Primarina
|
|win|kenanyildiz10
|c|☆kenanyildiz10|gg
|c|☆kenanyildiz10|carico io
|l|☆MaeveOG
|player|p1|
