|j|☆2025bolognachamp
|j|☆Abete
|html|2025bolognachampAbete    
|uhtml|bestof|Game 1 of a best-of-3
|t:|1757246556
|gametype|doubles
|player|p1|2025bolognachamp|266|1165
|player|p2|Abete|medium|1200
|gen|9
|tier|[Gen 9] VGC 2025 Reg H (Bo3)
|rated|
|rule|Species Clause: Limit one of each Pokémon
|rule|Item Clause: Limit 1 of each item
|clearpoke
|poke|p1|Gholdengo, L50|
|poke|p1|Ninetales-Alola, L50, M|
|poke|p1|Dragonite, L50, F|
|poke|p1|Magmar, L50, F|
|poke|p1|Annihilape, L50, M|
|poke|p1|Ursaluna-Bloodmoon, L50, M|
|poke|p2|Exeggutor-Alola, L50, F|
|poke|p2|Torkoal, L50, M|
|poke|p2|Indeedee-F, L50, F|
|poke|p2|Hatterene, L50, F|
|poke|p2|Gallade, L50, M|
|poke|p2|Maushold, L50|
|teampreview|4
|showteam|p1|Gholdengo||MetalCoat|GoodasGold|MakeItRain,ShadowBall,NastyPlot,Protect||||||50|,,,,,Dragon]Ninetales-Alola||LightClay|SnowWarning|Blizzard,Encore,IcicleSpear,AuroraVeil|||M|||50|,,,,,Ghost]Dragonite||LoadedDice|Multiscale|ScaleShot,ExtremeSpeed,IceSpinner,Protect|||F|||50|,,,,,Steel]Magmar||Eviolite|FlameBody|ClearSmog,Overheat,FollowMe,Protect|||F|||50|,,,,,Ghost]Annihilape||SafetyGoggles|Defiant|DrainPunch,RageFist,BulkUp,Protect|||M|||50|,,,,,Water]Ursaluna-Bloodmoon||AssaultVest|MindsEye|BloodMoon,EarthPower,HyperVoice,VacuumWave|||M|||50|,,,,,Water
|showteam|p2|Exeggutor-Alola||SitrusBerry|Harvest|DragonPulse,GigaDrain,SolarBeam,Flamethrower|||F|||50|,,,,,Fire]Torkoal||ChoiceSpecs|Drought|Eruption,HeatWave,ClearSmog,Overheat|||M|||50|,,,,,Fire]Indeedee-F||PsychicSeed|PsychicSurge|Psychic,HelpingHand,TrickRoom,FollowMe|||F|||50|,,,,,Water]Hatterene||LifeOrb|MagicBounce|ExpandingForce,DazzlingGleam,Protect,TrickRoom|||F|||50|,,,,,Fire]Gallade||ClearAmulet|Sharpness|WideGuard,PsychoCut,NightSlash,SacredSword|||M|||50|,,,,,Stellar]Maushold||WideLens|Technician|PopulationBomb,Bite,FollowMe,HelpingHand||||||50|,,,,,Normal
|c|☆Abete|glhf
|inactive|Battle timer is ON: inactive players will automatically lose when time's up. (requested by Abete)
|
|t:|1757246572
|teamsize|p1|4
|teamsize|p2|4
|start
|switch|p1a: Ninetales|Ninetales-Alola, L50, M|100/100
|switch|p1b: Dragonite|Dragonite, L50, F|100/100
|switch|p2a: Indeedee|Indeedee-F, L50, F|100/100
|switch|p2b: Hatterene|Hatterene, L50, F|100/100
|-weather|Snowscape|[from] ability: Snow Warning|[of] p1a: Ninetales
|-fieldstart|move: Psychic Terrain|[from] ability: Psychic Surge|[of] p2a: Indeedee
|-enditem|p2a: Indeedee|Psychic Seed
|-boost|p2a: Indeedee|spd|1|[from] item: Psychic Seed
|turn|1
|inactive|Abete has 30 seconds left.
|
|t:|1757246602
|-terastallize|p2a: Indeedee|Water
|move|p1a: Ninetales|Aurora Veil|p1a: Ninetales
|-sidestart|p1: 2025bolognachamp|move: Aurora Veil
|move|p1b: Dragonite|Ice Spinner|p2a: Indeedee
|-resisted|p2a: Indeedee
|-damage|p2a: Indeedee|85/100
|-fieldend|move: Psychic Terrain
|move|p2b: Hatterene|Expanding Force|p1b: Dragonite
|-damage|p1b: Dragonite|78/100
|-damage|p2b: Hatterene|90/100|[from] item: Life Orb
|move|p2a: Indeedee|Trick Room|p2a: Indeedee
|-fieldstart|move: Trick Room|[of] p2a: Indeedee
|
|-weather|Snowscape|[upkeep]
|upkeep
|turn|2
|inactive|2025bolognachamp has 30 seconds left.
|
|t:|1757246628
|move|p2a: Indeedee|Helping Hand|p2b: Hatterene
|-singleturn|p2b: Hatterene|Helping Hand|[of] p2a: Indeedee
|move|p1b: Dragonite|Extreme Speed|p2a: Indeedee
|-damage|p2a: Indeedee|55/100
|move|p2b: Hatterene|Dazzling Gleam|p1b: Dragonite|[spread] p1a,p1b
|-supereffective|p1b: Dragonite
|-damage|p1a: Ninetales|54/100
|-damage|p1b: Dragonite|0 fnt
|faint|p1b: Dragonite
|-damage|p2b: Hatterene|80/100|[from] item: Life Orb
|move|p1a: Ninetales|Blizzard|p2b: Hatterene|[spread] p2a,p2b
|-resisted|p2a: Indeedee
|-damage|p2a: Indeedee|48/100
|-damage|p2b: Hatterene|52/100
|-status|p2b: Hatterene|frz
|
|-weather|Snowscape|[upkeep]
|upkeep
|
|t:|1757246644
|switch|p1b: Ursaluna|Ursaluna-Bloodmoon, L50, M|100/100
|turn|3
|
|t:|1757246658
|move|p2a: Indeedee|Follow Me|p2a: Indeedee
|-singleturn|p2a: Indeedee|move: Follow Me
|cant|p2b: Hatterene|frz
|move|p1b: Ursaluna|Blood Moon|p2a: Indeedee
|-damage|p2a: Indeedee|2/100
|move|p1a: Ninetales|Encore|p2a: Indeedee
|-start|p2a: Indeedee|Encore
|
|-weather|Snowscape|[upkeep]
|upkeep
|turn|4
|
|t:|1757246670
|move|p2a: Indeedee|Follow Me|p2a: Indeedee
|-singleturn|p2a: Indeedee|move: Follow Me
|cant|p2b: Hatterene|frz
|move|p1b: Ursaluna|Hyper Voice|p2a: Indeedee|[spread] p2a,p2b
|-damage|p2a: Indeedee|0 fnt
|-damage|p2b: Hatterene|9/100 frz
|faint|p2a: Indeedee
|move|p1a: Ninetales|Blizzard|p2b: Hatterene
|-damage|p2b: Hatterene|0 fnt
|faint|p2b: Hatterene
|
|-weather|Snowscape|[upkeep]
|upkeep
|
|t:|1757246675
|switch|p2b: Exeggutor|Exeggutor-Alola, L50, F|100/100
|switch|p2a: Torkoal|Torkoal, L50, M|100/100
|-weather|SunnyDay|[from] ability: Drought|[of] p2a: Torkoal
|turn|5
|inactive|2025bolognachamp has 30 seconds left.
|inactive|2025bolognachamp has 20 seconds left.
|inactive|2025bolognachamp has 15 seconds left.
|
|t:|1757246718
|switch|p1a: Gholdengo|Gholdengo, L50|100/100
|move|p2a: Torkoal|Eruption|p1a: Gholdengo|[spread] p1a,p1b
|-supereffective|p1a: Gholdengo
|-damage|p1a: Gholdengo|0 fnt
|-damage|p1b: Ursaluna|54/100
|faint|p1a: Gholdengo
|move|p2b: Exeggutor|Solar Beam||[still]
|-prepare|p2b: Exeggutor|Solar Beam
|-anim|p2b: Exeggutor|Solar Beam|p1b: Ursaluna
|-supereffective|p1b: Ursaluna
|-damage|p1b: Ursaluna|0 fnt
|faint|p1b: Ursaluna
|
|-weather|SunnyDay|[upkeep]
|-fieldend|move: Trick Room
|upkeep
|-message|2025bolognachamp forfeited.
|
|win|Abete
||Abete is ready for game 2.
|l|☆Abete
|player|p2|
