|j|☆hondo civic
|j|☆tedidn
|html|hondo civictedidn    
|uhtml|bestof|Game 2 of a best-of-3
|t:|1756693689
|gametype|doubles
|player|p1|hondo civic|265|1425
|player|p2|tedidn|marshal|1311
|gen|9
|tier|[Gen 9] VGC 2025 Reg H (Bo3)
|rated|
|rule|Species Clause: Limit one of each Pokémon
|rule|Item Clause: Limit 1 of each item
|clearpoke
|poke|p1|Ninetales-Alola, L50, F|
|poke|p1|Rillaboom, L50, F|
|poke|p1|Magmar, L50, F|
|poke|p1|Sneasler, L50, M|
|poke|p1|Kingambit, L50, M|
|poke|p1|Basculegion, L50, M|
|poke|p2|Dragonite, L50, M|
|poke|p2|Rillaboom, L50, M|
|poke|p2|Sneasler, L50, F|
|poke|p2|Volcarona, L50, M|
|poke|p2|Electabuzz, L50, M|
|poke|p2|Kingambit, L50, M|
|teampreview|4
|showteam|p1|Ninetales-Alola||LifeOrb|SnowWarning|Blizzard,FreezeDry,Encore,Protect|||F|||50|,,,,,Ghost]Rillaboom||AssaultVest|GrassySurge|WoodHammer,FakeOut,Uturn,GrassyGlide|||F|||50|,,,,,Ghost]Magmar||Eviolite|VitalSpirit|Protect,HeatWave,Taunt,FollowMe|||F|||50|,,,,,Ghost]Sneasler||FocusSash|PoisonTouch|FakeOut,DireClaw,CloseCombat,Protect|||M|||50|,,,,,Ghost]Kingambit||BlackGlasses|Defiant|KowtowCleave,SwordsDance,SuckerPunch,Protect|||M|||50|,,,,,Fire]Basculegion||ChoiceScarf|Adaptability|WaveCrash,FlipTurn,TeraBlast,LastRespects|||M|||50|,,,,,Fairy
|showteam|p2|Dragonite||LoadedDice|Multiscale|ScaleShot,ExtremeSpeed,Haze,Protect|||M|||50|,,,,,Normal]Rillaboom||AssaultVest|GrassySurge|WoodHammer,GrassyGlide,FakeOut,Uturn|||M|||50|,,,,,Fire]Sneasler||FocusSash|Unburden|CloseCombat,Coaching,DireClaw,FakeOut|||F|||50|,,,,,Stellar]Volcarona||GrassySeed|FlameBody|Flamethrower,QuiverDance,GigaDrain,Protect|||M|||50|,,,,,Grass]Electabuzz||Eviolite|VitalSpirit|Thunderbolt,Taunt,FollowMe,Protect|||M|||50|,,,,,Ghost]Kingambit||SafetyGoggles|Defiant|KowtowCleave,SuckerPunch,SwordsDance,Protect|||M|||50|,,,,,Dark
|inactive|Battle timer is ON: inactive players will automatically lose when time's up. (requested by tedidn)
|
|t:|1756693704
|teamsize|p1|4
|teamsize|p2|4
|start
|switch|p1a: Kingambit|Kingambit, L50, M, shiny|100/100
|switch|p1b: Sneasler|Sneasler, L50, M|100/100
|switch|p2a: Douglass|Dragonite, L50, M|100/100
|switch|p2b: Noxia|Sneasler, L50, F|100/100
|turn|1
|inactive|hondo civic has 30 seconds left.
|inactive|hondo civic has 20 seconds left.
|inactive|hondo civic has 15 seconds left.
|
|t:|1756693746
|move|p2b: Noxia|Fake Out|p1a: Kingambit
|-resisted|p1a: Kingambit
|-damage|p1a: Kingambit|95/100
|move|p1b: Sneasler|Fake Out|p2b: Noxia
|-damage|p2b: Noxia|74/100
|move|p2a: Douglass|Scale Shot|p1b: Sneasler
|-damage|p1b: Sneasler|77/100
|-damage|p1b: Sneasler|50/100
|-damage|p1b: Sneasler|24/100
|-crit|p1b: Sneasler
|-damage|p1b: Sneasler|0 fnt
|faint|p1b: Sneasler
|-hitcount|p1: Sneasler|4
|-unboost|p2a: Douglass|def|1
|-boost|p2a: Douglass|spe|1
|cant|p1a: Kingambit|flinch
|
|upkeep
|
|t:|1756693753
|switch|p1b: Ninetales|Ninetales-Alola, L50, F|100/100
|-weather|Snowscape|[from] ability: Snow Warning|[of] p1b: Ninetales
|turn|2
|
|t:|1756693766
|-terastallize|p2b: Noxia|Stellar
|move|p1a: Kingambit|Protect|p1a: Kingambit
|-singleturn|p1a: Kingambit|Protect
|move|p2a: Douglass|Scale Shot|p1b: Ninetales
|-immune|p1b: Ninetales
|move|p2b: Noxia|Dire Claw|p1b: Ninetales
|-supereffective|p1b: Ninetales
|-damage|p1b: Ninetales|0 fnt
|faint|p1b: Ninetales
|
|-weather|Snowscape|[upkeep]
|upkeep
|
|t:|1756693769
|switch|p1b: Magmar|Magmar, L50, F|100/100
|turn|3
|
|t:|1756693781
|-terastallize|p1b: Magmar|Ghost
|move|p1b: Magmar|Follow Me|p1b: Magmar
|-singleturn|p1b: Magmar|move: Follow Me
|move|p2a: Douglass|Scale Shot|p1b: Magmar
|-damage|p1b: Magmar|88/100
|-damage|p1b: Magmar|77/100
|-damage|p1b: Magmar|65/100
|-damage|p1b: Magmar|52/100
|-hitcount|p1b: Magmar|4
|-unboost|p2a: Douglass|def|1
|-boost|p2a: Douglass|spe|1
|move|p2b: Noxia|Close Combat|p1b: Magmar
|-immune|p1b: Magmar
|move|p1a: Kingambit|Kowtow Cleave|p2a: Douglass
|-damage|p2a: Douglass|29/100
|
|-weather|Snowscape|[upkeep]
|upkeep
|turn|4
|
|t:|1756693805
|switch|p2a: Tokugawa|Kingambit, L50, M|100/100
|move|p1a: Kingambit|Sucker Punch||[still]
|-fail|p1a: Kingambit
|move|p2b: Noxia|Dire Claw|p1b: Magmar
|-resisted|p1b: Magmar
|-damage|p1b: Magmar|38/100
|move|p1b: Magmar|Heat Wave|p2b: Noxia|[spread] p2a,p2b
|-supereffective|p2a: Tokugawa
|-damage|p2a: Tokugawa|51/100
|-damage|p2b: Noxia|31/100
|
|-weather|Snowscape|[upkeep]
|upkeep
|turn|5
|
|t:|1756693825
|move|p2b: Noxia|Close Combat|p1a: Kingambit
|-supereffective|p1a: Kingambit
|-damage|p1a: Kingambit|0 fnt
|-unboost|p2b: Noxia|def|1
|-unboost|p2b: Noxia|spd|1
|faint|p1a: Kingambit
|move|p1b: Magmar|Taunt|p2a: Tokugawa
|-start|p2a: Tokugawa|move: Taunt
|move|p2a: Tokugawa|Kowtow Cleave|p1b: Magmar
|-supereffective|p1b: Magmar
|-damage|p1b: Magmar|0 fnt
|faint|p1b: Magmar
|
|win|tedidn
||hondo civic is ready for game 3.
||tedidn is ready for game 3.
|uhtml|next|Next: Game 3 of 3
|l|☆hondo civic
|player|p1|
