|j|☆FollowerOfChuddha
|j|☆sasyx
|html|FollowerOfChuddhasasyx    
|uhtml|bestof|Game 2 of a best-of-3
|t:|1784669688
|gametype|doubles
|player|p1|FollowerOfChuddha|psychic-gen2|1214
|player|p2|sasyx|rosa|1243
|gen|9
|tier|[Gen 9 Champions] VGC 2026 Reg M-B (Bo3)
|rated|
|rule|Species Clause: Limit one of each Pokémon
|rule|Item Clause: Limit 1 of each item
|clearpoke
|poke|p1|Charizard, L50, M|
|poke|p1|Metagross, L50|
|poke|p1|Toxapex, L50, F|
|poke|p1|Incineroar, L50, M|
|poke|p1|Annihilape, L50, M|
|poke|p1|Hydreigon, L50, F|
|poke|p2|Gardevoir, L50, F, shiny|
|poke|p2|Garchomp, L50, M|
|poke|p2|Basculegion, L50, M, shiny|
|poke|p2|Maushold-Four, L50, shiny|
|poke|p2|Kingambit, L50, M|
|poke|p2|Talonflame, L50, M|
|teampreview|4
|showteam|p1|Charizard||CharizarditeY|Blaze|HeatWave,WeatherBall,SolarBeam,Protect|Modest||M|||50|]Metagross||Metagrossite|ClearBody|BulletPunch,PsychicFangs,IcePunch,Protect|Jolly|||||50|]Toxapex||Leftovers|Regenerator|Toxic,Infestation,WideGuard,BanefulBunker|Bold||F|||50|]Incineroar||SitrusBerry|Intimidate|FakeOut,PartingShot,FlareBlitz,ThroatChop|Impish||M|||50|]Annihilape||FocusSash|Defiant|PhantomForce,CloseCombat,RockTomb,Protect|Jolly||M|||50|]Hydreigon||ChoiceScarf|Levitate|EarthPower,DracoMeteor,DarkPulse,Snarl|Modest||F|||50|
|showteam|p2|Gardevoir||Gardevoirite|Trace|HyperVoice,Psychic,VacuumWave,Protect|Modest||F|||50|]Garchomp||LifeOrb|RoughSkin|RockSlide,DragonClaw,Earthquake,Protect|Adamant||M|||50|]Basculegion||MysticWater|Adaptability|LastRespects,WaveCrash,AquaJet,Protect|Adamant||M|||50|]Maushold-Four||FocusSash|FriendGuard|SuperFang,Taunt,FollowMe,Protect|Jolly|||||50|]Kingambit||BlackGlasses|Defiant|KowtowCleave,IronHead,SuckerPunch,Protect|Adamant||M|||50|]Talonflame||SharpBeak|GaleWings|FlareBlitz,DualWingbeat,Tailwind,Protect|Jolly||M|||50|
|
|t:|1784669730
|teamsize|p1|4
|teamsize|p2|4
|start
|switch|p1a: Hydreigon|Hydreigon, L50, F|100/100
|switch|p1b: Annihilape|Annihilape, L50, M|100/100
|switch|p2a: Talonflame|Talonflame, L50, M|100/100
|switch|p2b: Garchomp|Garchomp, L50, M|100/100
|turn|1
|
|t:|1784669761
|switch|p2b: Gardevoir|Gardevoir, L50, F, shiny|100/100
|-ability|p2b: Gardevoir|Levitate|Trace|[from] ability: Trace|[of] p1a: Hydreigon
|move|p2a: Talonflame|Tailwind|p2a: Talonflame
|-sidestart|p2: sasyx|move: Tailwind
|move|p1a: Hydreigon|Draco Meteor|p2b: Gardevoir
|-immune|p2b: Gardevoir
|move|p1b: Annihilape|Rock Tomb|p2a: Talonflame
|-supereffective|p2a: Talonflame|2
|-damage|p2a: Talonflame|0 fnt
|faint|p2a: Talonflame
|
|upkeep
|
|t:|1784669782
|switch|p2a: Kingambit|Kingambit, L50, M|100/100
|turn|2
|
|t:|1784669803
|switch|p1a: Incineroar|Incineroar, L50, M|100/100
|-ability|p1a: Incineroar|Intimidate|boost
|-unboost|p2a: Kingambit|atk|1
|-ability|p2a: Kingambit|Defiant|boost
|-boost|p2a: Kingambit|atk|2
|-unboost|p2b: Gardevoir|atk|1
|detailschange|p2b: Gardevoir|Gardevoir-Mega, L50, F, shiny
|-mega|p2b: Gardevoir|Gardevoir|Gardevoirite
|move|p1b: Annihilape|Protect|p1b: Annihilape
|-singleturn|p1b: Annihilape|Protect
|move|p2b: Gardevoir|Hyper Voice|p1b: Annihilape|[spread] p1a
|-activate|p1b: Annihilape|move: Protect
|-damage|p1a: Incineroar|45/100
|-enditem|p1a: Incineroar|Sitrus Berry|[eat]
|-heal|p1a: Incineroar|70/100|[from] item: Sitrus Berry
|move|p2a: Kingambit|Kowtow Cleave|p1a: Incineroar
|-resisted|p1a: Incineroar|1
|-damage|p1a: Incineroar|40/100
|
|upkeep
|turn|3
|
|t:|1784669835
|move|p1a: Incineroar|Fake Out|p2a: Kingambit
|-resisted|p2a: Kingambit|1
|-damage|p2a: Kingambit|96/100
|cant|p2a: Kingambit|flinch
|move|p2b: Gardevoir|Hyper Voice|p1a: Incineroar|[spread] p1a,p1b
|-supereffective|p1b: Annihilape|1
|-damage|p1a: Incineroar|0 fnt
|-enditem|p1b: Annihilape|Focus Sash
|-damage|p1b: Annihilape|1/100
|faint|p1a: Incineroar
|move|p1b: Annihilape|Phantom Force||[still]
|-prepare|p1b: Annihilape|Phantom Force
|
|upkeep
|
|t:|1784669847
|switch|p1a: Hydreigon|Hydreigon, L50, F|100/100
|turn|4
|
|t:|1784669872
|switch|p2b: Garchomp|Garchomp, L50, M|100/100
|switch|p1a: Metagross|Metagross, L50|100/100
|move|p2a: Kingambit|Protect|p2a: Kingambit
|-singleturn|p2a: Kingambit|Protect
|move|p1b: Annihilape|Phantom Force|p2b: Garchomp|[from] lockedmove
|-damage|p2b: Garchomp|61/100
|-damage|p1b: Annihilape|0 fnt|[from] ability: Rough Skin|[of] p2b: Garchomp
|faint|p1b: Annihilape
|
|-sideend|p2: sasyx|move: Tailwind
|upkeep
|
|t:|1784669875
|switch|p1b: Hydreigon|Hydreigon, L50, F|100/100
|turn|5
|
|t:|1784669903
|detailschange|p1a: Metagross|Metagross-Mega, L50
|-mega|p1a: Metagross|Metagross|Metagrossite
|move|p2b: Garchomp|Protect|p2b: Garchomp
|-singleturn|p2b: Garchomp|Protect
|move|p1b: Hydreigon|Earth Power|p2a: Kingambit
|-supereffective|p2a: Kingambit|1
|-damage|p2a: Kingambit|34/100
|move|p1a: Metagross|Ice Punch|p2b: Garchomp
|-activate|p2b: Garchomp|move: Protect
|move|p2a: Kingambit|Kowtow Cleave|p1b: Hydreigon
|-resisted|p1b: Hydreigon|1
|-damage|p1b: Hydreigon|54/100
|
|upkeep
|turn|6
|
|t:|1784669918
|move|p2a: Kingambit|Protect|p2a: Kingambit
|-singleturn|p2a: Kingambit|Protect
|move|p1b: Hydreigon|Earth Power|p2a: Kingambit
|-activate|p2a: Kingambit|move: Protect
|move|p1a: Metagross|Ice Punch|p2b: Garchomp
|-supereffective|p2b: Garchomp|2
|-damage|p2b: Garchomp|0 fnt
|-damage|p1a: Metagross|87/100|[from] ability: Rough Skin|[of] p2b: Garchomp
|faint|p2b: Garchomp
|
|upkeep
|
|t:|1784669927
|switch|p2b: Gardevoir|Gardevoir-Mega, L50, F, shiny|100/100
|turn|7
|
|t:|1784669939
|move|p1a: Metagross|Bullet Punch|p2b: Gardevoir
|-supereffective|p2b: Gardevoir|1
|-damage|p2b: Gardevoir|20/100r
|move|p2a: Kingambit|Sucker Punch|p1b: Hydreigon
|-resisted|p1b: Hydreigon|1
|-damage|p1b: Hydreigon|12/100
|move|p1b: Hydreigon|Earth Power|p2a: Kingambit
|-supereffective|p2a: Kingambit|1
|-damage|p2a: Kingambit|0 fnt
|faint|p2a: Kingambit
|move|p2b: Gardevoir|Hyper Voice|p1a: Metagross|[spread] p1a,p1b
|-resisted|p1a: Metagross|1
|-supereffective|p1b: Hydreigon|2
|-damage|p1a: Metagross|61/100
|-damage|p1b: Hydreigon|0 fnt
|faint|p1b: Hydreigon
|
|upkeep
|turn|8
|
|t:|1784669953
|move|p1a: Metagross|Bullet Punch|p2b: Gardevoir
|-supereffective|p2b: Gardevoir|1
|-damage|p2b: Gardevoir|0 fnt
|faint|p2b: Gardevoir
|
|win|FollowerOfChuddha
|raw|FollowerOfChuddha's rating: 1214 → 1241(+27 for winning)
|raw|sasyx's rating: 1243 → 1216(-27 for losing)
|c|☆FollowerOfChuddha|gg
|l|☆sasyx
|player|p2|
|c|☆FollowerOfChuddha|that was a fun match
