|j|☆magicalarcher57
|j|☆new mental
|html|magicalarcher57new mental    
|uhtml|bestof|Game 2 of a best-of-3
|t:|1784830862
|gametype|doubles
|player|p1|magicalarcher57|diantha|1268
|player|p2|new mental|volkner|1266
|gen|9
|tier|[Gen 9 Champions] VGC 2026 Reg M-B (Bo3)
|rated|
|rule|Species Clause: Limit one of each Pokémon
|rule|Item Clause: Limit 1 of each item
|clearpoke
|poke|p1|Sneasler, L50, F|
|poke|p1|Garchomp, L50, F|
|poke|p1|Aerodactyl, L50, M|
|poke|p1|Charizard, L50, M|
|poke|p1|Venusaur, L50, M|
|poke|p1|Kingambit, L50, M|
|poke|p2|Charizard, L50, M|
|poke|p2|Garchomp, L50, M|
|poke|p2|Incineroar, L50, M|
|poke|p2|Venusaur, L50, F|
|poke|p2|Toxapex, L50, F|
|poke|p2|Sylveon, L50, M|
|teampreview|4
|showteam|p1|Sneasler||WhiteHerb|Unburden|FakeOut,CloseCombat,DireClaw,Protect|Adamant||F|||50|]Garchomp||LifeOrb|RoughSkin|Earthquake,StompingTantrum,DragonClaw,Protect|Jolly||F|||50|]Aerodactyl||Aerodactylite|Unnerve|RockSlide,WideGuard,Tailwind,IceFang|Jolly||M|||50|]Charizard||CharizarditeY|Blaze|HeatWave,WeatherBall,SolarBeam,Protect|Modest||M|||50|]Venusaur||FocusSash|Chlorophyll|SolarBeam,SludgeBomb,Protect,EarthPower|Modest||M|||50|]Kingambit||BlackGlasses|Defiant|LowKick,KowtowCleave,SuckerPunch,Protect|Adamant||M|||50|
|showteam|p2|Charizard||CharizarditeY|SolarPower|WeatherBall,HeatWave,AncientPower,Protect|Modest||M|||50|]Garchomp||ChoiceScarf|RoughSkin|RockSlide,DragonClaw,Earthquake,StompingTantrum|Adamant||M|||50|]Incineroar||SitrusBerry|Intimidate|FlareBlitz,FakeOut,DarkestLariat,PartingShot|Impish||M|||50|]Venusaur||LifeOrb|Chlorophyll|SludgeBomb,LeafStorm,EarthPower,Protect|Modest||F|||50|]Toxapex||Leftovers|Regenerator|Infestation,Toxic,WideGuard,BanefulBunker|Bold||F|||50|]Sylveon||FairyFeather|Pixilate|HyperVoice,QuickAttack,Yawn,Detect|Modest||M|||50|
|inactive|Battle timer is ON: inactive players will automatically lose when time's up. (requested by magicalarcher57)
|
|t:|1784830869
|teamsize|p1|4
|teamsize|p2|4
|start
|switch|p1a: Aerodactyl|Aerodactyl, L50, M|100/100
|switch|p1b: Sneasler|Sneasler, L50, F|100/100
|switch|p2a: Toxapex|Toxapex, L50, F|100/100
|switch|p2b: Charizard|Charizard, L50, M|100/100
|-ability|p1a: Aerodactyl|Unnerve
|turn|1
|
|t:|1784830885
|switch|p1a: Garchomp|Garchomp, L50, F|100/100
|switch|p2b: Incineroar|Incineroar, L50, M|100/100
|-ability|p2b: Incineroar|Intimidate|boost
|-unboost|p1a: Garchomp|atk|1
|-unboost|p1b: Sneasler|atk|1
|-enditem|p1b: Sneasler|White Herb
|-clearnegativeboost|p1b: Sneasler|[silent]
|move|p1b: Sneasler|Dire Claw|p2b: Incineroar
|-damage|p2b: Incineroar|67/100
|move|p2a: Toxapex|Toxic|p1a: Garchomp
|-status|p1a: Garchomp|tox
|
|-damage|p1a: Garchomp|94/100 tox|[from] psn
|upkeep
|turn|2
|
|t:|1784830896
|move|p1b: Sneasler|Protect|p1b: Sneasler
|-singleturn|p1b: Sneasler|Protect
|move|p2b: Incineroar|Fake Out|p1a: Garchomp
|-damage|p1a: Garchomp|83/100 tox
|-damage|p2b: Incineroar|54/100|[from] ability: Rough Skin|[of] p1a: Garchomp
|cant|p1a: Garchomp|flinch
|move|p2a: Toxapex|Infestation|p1b: Sneasler
|-activate|p1b: Sneasler|move: Protect
|
|-damage|p1a: Garchomp|71/100 tox|[from] psn
|upkeep
|turn|3
|
|t:|1784830910
|switch|p2b: Garchomp|Garchomp, L50, M|100/100
|move|p2a: Toxapex|Baneful Bunker|p2a: Toxapex
|-singleturn|p2a: Toxapex|move: Protect
|move|p1b: Sneasler|Close Combat|p2b: Garchomp
|-damage|p2b: Garchomp|30/100
|-unboost|p1b: Sneasler|def|1
|-unboost|p1b: Sneasler|spd|1
|-damage|p1b: Sneasler|87/100|[from] ability: Rough Skin|[of] p2b: Garchomp
|move|p1a: Garchomp|Stomping Tantrum|p2a: Toxapex
|-activate|p2a: Toxapex|move: Protect
|
|-damage|p1a: Garchomp|53/100 tox|[from] psn
|upkeep
|turn|4
|
|t:|1784830917
|switch|p2b: Incineroar|Incineroar, L50, M|54/100
|-ability|p2b: Incineroar|Intimidate|boost
|-unboost|p1a: Garchomp|atk|1
|-unboost|p1b: Sneasler|atk|1
|move|p1b: Sneasler|Close Combat|p2b: Incineroar
|-supereffective|p2b: Incineroar|1
|-damage|p2b: Incineroar|0 fnt
|-unboost|p1b: Sneasler|def|1
|-unboost|p1b: Sneasler|spd|1
|faint|p2b: Incineroar
|move|p1a: Garchomp|Stomping Tantrum|p2a: Toxapex
|-supereffective|p2a: Toxapex|1
|-damage|p2a: Toxapex|64/100
|-damage|p1a: Garchomp|43/100 tox|[from] item: Life Orb
|move|p2a: Toxapex|Infestation|p1b: Sneasler
|-resisted|p1b: Sneasler|2
|-damage|p1b: Sneasler|85/100
|-activate|p1b: Sneasler|move: Infestation|[of] p2a: Toxapex
|
|-heal|p2a: Toxapex|70/100|[from] item: Leftovers
|-damage|p1a: Garchomp|20/100r tox|[from] psn
|-damage|p1b: Sneasler|73/100|[from] move: Infestation|[partiallytrapped]
|upkeep
|
|t:|1784830926
|switch|p2b: Charizard|Charizard, L50, M|100/100
|turn|5
|
|t:|1784830943
|-heal|p2a: Toxapex|100/100|[from] ability: Regenerator|[silent]
|switch|p2a: Garchomp|Garchomp, L50, M|30/100
|detailschange|p2b: Charizard|Charizard-Mega-Y, L50, M
|-mega|p2b: Charizard|Charizard|Charizardite Y
|-weather|SunnyDay|[from] ability: Drought|[of] p2b: Charizard
|move|p1b: Sneasler|Dire Claw|p2b: Charizard
|-damage|p2b: Charizard|74/100
|move|p1a: Garchomp|Stomping Tantrum|p2a: Garchomp
|-damage|p2a: Garchomp|4/100
|-damage|p1a: Garchomp|7/100 tox|[from] ability: Rough Skin|[of] p2a: Garchomp
|-damage|p1a: Garchomp|0 fnt|[from] item: Life Orb
|faint|p1a: Garchomp
|move|p2b: Charizard|Heat Wave|p1b: Sneasler
|-damage|p1b: Sneasler|0 fnt
|faint|p1b: Sneasler
|
|-weather|SunnyDay|[upkeep]
|upkeep
|
|t:|1784830949
|switch|p1b: Kingambit|Kingambit, L50, M|100/100
|switch|p1a: Aerodactyl|Aerodactyl, L50, M|100/100
|-ability|p1a: Aerodactyl|Unnerve
|turn|6
|
|t:|1784830968
|switch|p2a: Toxapex|Toxapex, L50, F|100/100
|detailschange|p1a: Aerodactyl|Aerodactyl-Mega, L50, M
|-mega|p1a: Aerodactyl|Aerodactyl|Aerodactylite
|move|p2b: Charizard|Protect|p2b: Charizard
|-singleturn|p2b: Charizard|Protect
|move|p1a: Aerodactyl|Rock Slide|p2b: Charizard|[spread] p2a
|-activate|p2b: Charizard|move: Protect
|-damage|p2a: Toxapex|80/100
|move|p1b: Kingambit|Kowtow Cleave|p2a: Toxapex
|-damage|p2a: Toxapex|40/100
|
|-weather|SunnyDay|[upkeep]
|-heal|p2a: Toxapex|46/100|[from] item: Leftovers
|upkeep
|turn|7
|
|t:|1784830989
|switch|p2b: Garchomp|Garchomp, L50, M|4/100
|move|p1b: Kingambit|Protect|p1b: Kingambit
|-singleturn|p1b: Kingambit|Protect
|move|p1a: Aerodactyl|Ice Fang|p2b: Garchomp
|-supereffective|p2b: Garchomp|2
|-damage|p2b: Garchomp|0 fnt
|-damage|p1a: Aerodactyl|87/100|[from] ability: Rough Skin|[of] p2b: Garchomp
|faint|p2b: Garchomp
|move|p2a: Toxapex|Toxic|p1a: Aerodactyl
|-status|p1a: Aerodactyl|tox
|
|-weather|SunnyDay|[upkeep]
|-heal|p2a: Toxapex|52/100|[from] item: Leftovers
|-damage|p1a: Aerodactyl|82/100 tox|[from] psn
|upkeep
|
|t:|1784830993
|switch|p2b: Charizard|Charizard-Mega-Y, L50, M|74/100
|turn|8
|
|t:|1784830997
|move|p2b: Charizard|Protect|p2b: Charizard
|-singleturn|p2b: Charizard|Protect
|move|p1a: Aerodactyl|Rock Slide|p2a: Toxapex|[spread] p2a
|-activate|p2b: Charizard|move: Protect
|-damage|p2a: Toxapex|32/100
|move|p1b: Kingambit|Kowtow Cleave|p2a: Toxapex
|-damage|p2a: Toxapex|0 fnt
|faint|p2a: Toxapex
|
|-weather|SunnyDay|[upkeep]
|-damage|p1a: Aerodactyl|70/100 tox|[from] psn
|upkeep
|turn|9
|
|t:|1784831003
|move|p1b: Kingambit|Sucker Punch|p2b: Charizard
|-damage|p2b: Charizard|31/100
|move|p1a: Aerodactyl|Rock Slide|p2b: Charizard|[miss]
|-miss|p1a: Aerodactyl|p2b: Charizard
|move|p2b: Charizard|Heat Wave|p1b: Kingambit|[spread] p1a,p1b
|-resisted|p1a: Aerodactyl|1
|-supereffective|p1b: Kingambit|1
|-damage|p1a: Aerodactyl|37/100 tox
|-damage|p1b: Kingambit|0 fnt
|faint|p1b: Kingambit
|
|-weather|none
|-damage|p1a: Aerodactyl|20/100y tox|[from] psn
|upkeep
|turn|10
|-message|new mental forfeited.
|raw|magicalarcher57's rating: 1268 → 1293(+25 for winning)
|raw|new mental's rating: 1266 → 1241(-25 for losing)
|
|win|magicalarcher57
