|j|☆soulmoonvgc
|j|☆liamvgc1
|html|soulmoonvgcliamvgc1    
|uhtml|bestof|Game 3 of a best-of-3
|t:|1783542942
|gametype|doubles
|player|p1|soulmoonvgc|marshal|
|player|p2|liamvgc1|giovanni|
|gen|9
|tier|[Gen 9 Champions] VGC 2026 Reg M-B (Bo3)
|rule|Species Clause: Limit one of each Pokémon
|rule|Item Clause: Limit 1 of each item
|clearpoke
|poke|p1|Charizard, L50, F|
|poke|p1|Garchomp, L50, F|
|poke|p1|Sylveon, L50, F|
|poke|p1|Aerodactyl, L50, M|
|poke|p1|Farigiraf, L50, F|
|poke|p1|Kingambit, L50, M|
|poke|p2|Basculegion, L50, M|
|poke|p2|Floette-Eternal, L50, F|
|poke|p2|Whimsicott, L50, F|
|poke|p2|Garchomp, L50, F|
|poke|p2|Charizard, L50, F|
|poke|p2|Kingambit, L50, M|
|teampreview|4
|showteam|p1|Charizard||CharizarditeY|Blaze|HeatWave,WeatherBall,SolarBeam,Protect|Modest||F|||50|]Garchomp||LifeOrb|RoughSkin|StompingTantrum,DragonClaw,RockSlide,Protect|Jolly||F|||50|]Sylveon||FairyFeather|Pixilate|HyperVoice,HyperBeam,QuickAttack,Detect|Modest||F|||50|]Aerodactyl||Aerodactylite|Unnerve|DualWingbeat,Tailwind,RockSlide,IceFang|Jolly||M|||50|]Farigiraf||SitrusBerry|ArmorTail|Psychic,Thunderbolt,Roar,TrickRoom|Bold||F|||50|]Kingambit||FocusSash|Defiant|KowtowCleave,SuckerPunch,IronHead,LowKick|Adamant||M|||50|
|showteam|p2|Basculegion||MysticWater|Adaptability|WaveCrash,LastRespects,AquaJet,Protect|Adamant||M|||50|]Floette-Eternal||Floettite|FlowerVeil|Moonblast,DazzlingGleam,LightofRuin,Protect|Timid||F|||50|]Whimsicott||FocusSash|Prankster|Moonblast,Tailwind,Encore,Protect|Timid||F|||50|]Garchomp||LifeOrb|RoughSkin|Earthquake,DragonClaw,RockSlide,Protect|Jolly||F|||50|]Charizard||CharizarditeY|Blaze|HeatWave,SolarBeam,WeatherBall,Protect|Modest||F|||50|]Kingambit||ChopleBerry|Defiant|SuckerPunch,KowtowCleave,IronHead,LowKick|Adamant||M|||50|
|j| tedihdn
|inactive|Battle timer is ON: inactive players will automatically lose when time's up. (requested by soulmoonvgc)
|
|t:|1783542963
|teamsize|p1|4
|teamsize|p2|4
|start
|switch|p1a: Aerodactyl|Aerodactyl, L50, M|100/100
|switch|p1b: Kingambit|Kingambit, L50, M|100/100
|switch|p2a: Whimsicott|Whimsicott, L50, F|100/100
|switch|p2b: Basculegion|Basculegion, L50, M|100/100
|-ability|p1a: Aerodactyl|Unnerve
|turn|1
|j| Shmon
|inactive|soulmoonvgc has 30 seconds left.
|
|t:|1783542996
|detailschange|p1a: Aerodactyl|Aerodactyl-Mega, L50, M
|-mega|p1a: Aerodactyl|Aerodactyl|Aerodactylite
|move|p2a: Whimsicott|Tailwind|p2a: Whimsicott
|-sidestart|p2: liamvgc1|move: Tailwind
|move|p2b: Basculegion|Wave Crash|p1a: Aerodactyl
|-supereffective|p1a: Aerodactyl|1
|-damage|p1a: Aerodactyl|0 fnt
|faint|p1a: Aerodactyl
|-damage|p2b: Basculegion|73/100|[from] Recoil
|move|p1b: Kingambit|Iron Head|p2b: Basculegion
|-resisted|p2b: Basculegion|1
|-damage|p2b: Basculegion|48/100
|
|upkeep
|
|t:|1783543000
|switch|p1a: Farigiraf|Farigiraf, L50, F|100/100
|turn|2
|inactive|soulmoonvgc has 30 seconds left.
|inactive|liamvgc1 has 30 seconds left.
|
|t:|1783543033
|switch|p2b: Garchomp|Garchomp, L50, F|100/100
|move|p2a: Whimsicott|Moonblast|p1b: Kingambit
|-damage|p1b: Kingambit|56/100
|-unboost|p1b: Kingambit|spa|1
|-ability|p1b: Kingambit|Defiant|boost
|-boost|p1b: Kingambit|atk|2
|move|p1b: Kingambit|Low Kick|p2b: Garchomp
|-damage|p2b: Garchomp|45/100
|-damage|p1b: Kingambit|44/100|[from] ability: Rough Skin|[of] p2b: Garchomp
|move|p1a: Farigiraf|Trick Room|p1a: Farigiraf
|-fieldstart|move: Trick Room|[of] p1a: Farigiraf
|
|upkeep
|turn|3
|inactive|soulmoonvgc has 30 seconds left.
|inactive|soulmoonvgc has 20 seconds left.
|inactive|soulmoonvgc has 15 seconds left.
|inactive|soulmoonvgc has 10 seconds left.
|inactive|soulmoonvgc has 5 seconds left.
|
|t:|1783543086
|switch|p1b: Sylveon|Sylveon, L50, F|100/100
|move|p2a: Whimsicott|Protect|p2a: Whimsicott
|-singleturn|p2a: Whimsicott|Protect
|move|p2b: Garchomp|Protect|p2b: Garchomp
|-singleturn|p2b: Garchomp|Protect
|move|p1a: Farigiraf|Psychic|p2a: Whimsicott
|-activate|p2a: Whimsicott|move: Protect
|
|upkeep
|turn|4
|
|t:|1783543107
|move|p1a: Farigiraf|Psychic|p2a: Whimsicott
|-damage|p2a: Whimsicott|43/100
|-unboost|p2a: Whimsicott|spd|1
|move|p1b: Sylveon|Hyper Voice|p2b: Garchomp|[spread] p2a,p2b
|-supereffective|p2b: Garchomp|1
|-damage|p2a: Whimsicott|0 fnt
|-damage|p2b: Garchomp|0 fnt
|faint|p2a: Whimsicott
|faint|p2b: Garchomp
|
|-sideend|p2: liamvgc1|move: Tailwind
|upkeep
|
|t:|1783543110
|switch|p2b: Basculegion|Basculegion, L50, M|48/100
|switch|p2a: Charizard|Charizard, L50, F|100/100
|turn|5
|
|t:|1783543117
|detailschange|p2a: Charizard|Charizard-Mega-Y, L50, F
|-mega|p2a: Charizard|Charizard|Charizardite Y
|-weather|SunnyDay|[from] ability: Drought|[of] p2a: Charizard
|move|p2b: Basculegion|Protect|p2b: Basculegion
|-singleturn|p2b: Basculegion|Protect
|move|p1a: Farigiraf|Thunderbolt|p2a: Charizard
|-supereffective|p2a: Charizard|1
|-damage|p2a: Charizard|61/100
|move|p1b: Sylveon|Hyper Voice|p2b: Basculegion|[spread] p2a
|-activate|p2b: Basculegion|move: Protect
|-resisted|p2a: Charizard|1
|-damage|p2a: Charizard|37/100
|move|p2a: Charizard|Heat Wave|p1a: Farigiraf|[spread] p1a,p1b
|-crit|p1a: Farigiraf
|-damage|p1a: Farigiraf|12/100
|-damage|p1b: Sylveon|53/100
|-status|p1a: Farigiraf|brn
|-enditem|p1a: Farigiraf|Sitrus Berry|[eat]
|-heal|p1a: Farigiraf|37/100 brn|[from] item: Sitrus Berry
|
|-weather|SunnyDay|[upkeep]
|-damage|p1a: Farigiraf|31/100 brn|[from] brn
|upkeep
|turn|6
|
|t:|1783543123
|move|p2b: Basculegion|Protect|p2b: Basculegion
|-singleturn|p2b: Basculegion|Protect
|move|p2a: Charizard|Protect|p2a: Charizard
|-singleturn|p2a: Charizard|Protect
|move|p1a: Farigiraf|Thunderbolt|p2a: Charizard
|-activate|p2a: Charizard|move: Protect
|move|p1b: Sylveon|Hyper Voice|p2a: Charizard|[spread] 
|-activate|p2a: Charizard|move: Protect
|-activate|p2b: Basculegion|move: Protect
|
|-weather|SunnyDay|[upkeep]
|-damage|p1a: Farigiraf|25/100 brn|[from] brn
|-fieldend|move: Trick Room
|upkeep
|turn|7
|
|t:|1783543134
|move|p1b: Sylveon|Detect|p1b: Sylveon
|-singleturn|p1b: Sylveon|Protect
|move|p2a: Charizard|Heat Wave|p1a: Farigiraf|[spread] 
|-activate|p1b: Sylveon|move: Protect
|-miss|p2a: Charizard|p1a: Farigiraf
|move|p2b: Basculegion|Last Respects|p1b: Sylveon
|-activate|p1b: Sylveon|move: Protect
|move|p1a: Farigiraf|Thunderbolt|p2b: Basculegion
|-supereffective|p2b: Basculegion|1
|-damage|p2b: Basculegion|0 fnt
|faint|p2b: Basculegion
|
|-weather|SunnyDay|[upkeep]
|-damage|p1a: Farigiraf|20/100r brn|[from] brn
|upkeep
|turn|8
|
|t:|1783543139
|move|p2a: Charizard|Heat Wave|p1b: Sylveon|[spread] p1a,p1b
|-damage|p1a: Farigiraf|0 fnt
|-damage|p1b: Sylveon|0 fnt
|faint|p1a: Farigiraf
|faint|p1b: Sylveon
|
|-weather|SunnyDay|[upkeep]
|upkeep
|
|t:|1783543142
|switch|p1b: Kingambit|Kingambit, L50, M|44/100
|turn|9
|inactive|liamvgc1 has 30 seconds left.
|inactive|liamvgc1 has 20 seconds left.
|inactive|liamvgc1 has 15 seconds left.
|inactive|liamvgc1 has 10 seconds left.
|
|t:|1783543190
|move|p2a: Charizard|Protect|p2a: Charizard
|-singleturn|p2a: Charizard|Protect
|move|p1b: Kingambit|Sucker Punch||[still]
|-fail|p1b: Kingambit
|
|-weather|none
|upkeep
|turn|10
|
|t:|1783543213
|move|p1b: Kingambit|Sucker Punch|p2a: Charizard
|-damage|p2a: Charizard|0 fnt
|faint|p2a: Charizard
|
|win|soulmoonvgc
