|j|☆SlimSanity
|j|☆TheLeoj
|html|SlimSanityTheLeoj    
|uhtml|bestof|Game 1 of a best-of-3
|t:|1783913364
|gametype|doubles
|player|p1|SlimSanity|169|1028
|player|p2|TheLeoj|265|1062
|gen|9
|tier|[Gen 9 Champions] VGC 2026 Reg M-B (Bo3)
|rated|
|rule|Species Clause: Limit one of each Pokémon
|rule|Item Clause: Limit 1 of each item
|clearpoke
|poke|p1|Primarina, L50, M|
|poke|p1|Chesnaught, L50, F|
|poke|p1|Reuniclus, L50, M|
|poke|p1|Pelipper, L50, M, shiny|
|poke|p1|Dragonite, L50, F, shiny|
|poke|p1|Scizor, L50, M, shiny|
|poke|p2|Politoed, L50, F, shiny|
|poke|p2|Incineroar, L50, M, shiny|
|poke|p2|Gengar, L50, M, shiny|
|poke|p2|Archaludon, L50, M, shiny|
|poke|p2|Swampert, L50, M, shiny|
|poke|p2|Vivillon-Elegant, L50, F, shiny|
|teampreview|4
|showteam|p1|Primarina||LifeOrb|LiquidVoice|HyperVoice,Moonblast,IceBeam,Protect|Modest||M|||50|]Chesnaught||Chesnaughtite|Bulletproof|BellyDrum,DrainPunch,SeedBomb,KnockOff|Brave||F|||50|]Reuniclus||Leftovers|Regenerator|TrickRoom,Psychic,Thunder,Protect|Quiet||M|||50|]Pelipper||SitrusBerry|Drizzle|Hurricane,Uturn,WideGuard,Tailwind|Bold||M|||50|]Dragonite||KingsRock|InnerFocus|Tailwind,RockSlide,ExtremeSpeed,Haze|Jolly||F|||50|]Scizor||Scizorite|Technician|BulletPunch,DualWingbeat,BugBite,Protect|Adamant||M|||50|
|showteam|p2|Politoed||SitrusBerry|Drizzle|WeatherBall,Encore,PerishSong,Protect|Calm||F|||50|]Incineroar||PasshoBerry|Intimidate|ThroatChop,FakeOut,PartingShot,Protect|Sassy||M|||50|]Gengar||Gengarite|CursedBody|ShadowBall,SludgeBomb,PerishSong,Protect|Timid||M|||50|]Archaludon||Leftovers|Stamina|ElectroShot,FlashCannon,DragonPulse,Protect|Bold||M|||50|]Swampert||Swampertite|Torrent|WaveCrash,Earthquake,IcePunch,Protect|Adamant||M|||50|]Vivillon-Elegant||FocusSash|CompoundEyes|Hurricane,SleepPowder,RagePowder,Protect|Timid||F|||50|
|inactive|Battle timer is ON: inactive players will automatically lose when time's up. (requested by SlimSanity)
|inactive|TheLeoj also wants the timer to be on.
|inactive|TheLeoj has 60 seconds left.
|
|t:|1783913404
|teamsize|p1|4
|teamsize|p2|4
|start
|switch|p1a: Big Green|Chesnaught, L50, F|100/100
|switch|p1b: Baby Green|Reuniclus, L50, M|100/100
|switch|p2a: Gengar|Gengar, L50, M, shiny|100/100
|switch|p2b: Incineroar|Incineroar, L50, M, shiny|100/100
|-ability|p2b: Incineroar|Intimidate|boost
|-unboost|p1a: Big Green|atk|1
|-unboost|p1b: Baby Green|atk|1
|turn|1
|inactive|TheLeoj has 30 seconds left.
|inactive|SlimSanity has 30 seconds left.
|
|t:|1783913437
|detailschange|p2a: Gengar|Gengar-Mega, L50, M, shiny
|-mega|p2a: Gengar|Gengar|Gengarite
|detailschange|p1a: Big Green|Chesnaught-Mega, L50, F
|-mega|p1a: Big Green|Chesnaught|Chesnaughtite
|move|p1b: Baby Green|Protect|p1b: Baby Green
|-singleturn|p1b: Baby Green|Protect
|move|p2b: Incineroar|Fake Out|p1b: Baby Green
|-activate|p1b: Baby Green|move: Protect
|move|p2a: Gengar|Perish Song|p2a: Gengar
|-start|p1a: Big Green|perish3|[silent]
|-start|p1b: Baby Green|perish3|[silent]
|-start|p2a: Gengar|perish3|[silent]
|-start|p2b: Incineroar|perish3|[silent]
|-fieldactivate|move: Perish Song
|move|p1a: Big Green|Knock Off|p2b: Incineroar
|-resisted|p2b: Incineroar|1
|-damage|p2b: Incineroar|88/100
|-enditem|p2b: Incineroar|Passho Berry|[from] move: Knock Off|[of] p1a: Big Green
|
|-start|p2a: Gengar|perish3
|-start|p2b: Incineroar|perish3
|-start|p1a: Big Green|perish3
|-start|p1b: Baby Green|perish3
|upkeep
|turn|2
|inactive|TheLeoj has 30 seconds left.
|
|t:|1783913463
|move|p2a: Gengar|Protect|p2a: Gengar
|-singleturn|p2a: Gengar|Protect
|move|p2b: Incineroar|Protect|p2b: Incineroar
|-singleturn|p2b: Incineroar|Protect
|move|p1a: Big Green|Belly Drum|p1a: Big Green
|-damage|p1a: Big Green|50/100g
|-setboost|p1a: Big Green|atk|6|[from] move: Belly Drum
|move|p1b: Baby Green|Trick Room|p1b: Baby Green
|-fieldstart|move: Trick Room|[of] p1b: Baby Green
|
|-start|p1b: Baby Green|perish2
|-start|p1a: Big Green|perish2
|-start|p2b: Incineroar|perish2
|-start|p2a: Gengar|perish2
|upkeep
|turn|3
|
|t:|1783913487
|switch|p2a: Politoed|Politoed, L50, F, shiny|100/100
|-weather|RainDance|[from] ability: Drizzle|[of] p2a: Politoed
|move|p1b: Baby Green|Thunder|p2b: Incineroar
|-crit|p2b: Incineroar
|-damage|p2b: Incineroar|47/100
|move|p1a: Big Green|Knock Off|p2a: Politoed
|-damage|p2a: Politoed|0 fnt
|-enditem|p2a: Politoed|Sitrus Berry|[from] move: Knock Off|[of] p1a: Big Green
|faint|p2a: Politoed
|move|p2b: Incineroar|Parting Shot|p1a: Big Green
|-unboost|p1a: Big Green|atk|1
|-unboost|p1a: Big Green|spa|1
|
|t:|1783913512
|switch|p2b: Gengar|Gengar-Mega, L50, M, shiny|100/100|[from] Parting Shot
|
|-weather|RainDance|[upkeep]
|-start|p1b: Baby Green|perish1
|-start|p1a: Big Green|perish1
|upkeep
|
|t:|1783913523
|switch|p2a: Incineroar|Incineroar, L50, M, shiny|47/100
|-ability|p2a: Incineroar|Intimidate|boost
|-unboost|p1a: Big Green|atk|1
|-unboost|p1b: Baby Green|atk|1
|turn|4
|
|t:|1783913533
|move|p2a: Incineroar|Protect|p2a: Incineroar
|-singleturn|p2a: Incineroar|Protect
|move|p2b: Gengar|Protect|p2b: Gengar
|-singleturn|p2b: Gengar|Protect
|move|p1b: Baby Green|Thunder|p2a: Incineroar
|-activate|p2a: Incineroar|move: Protect
|move|p1a: Big Green|Knock Off|p2b: Gengar
|-activate|p2b: Gengar|move: Protect
|
|-weather|RainDance|[upkeep]
|-start|p1b: Baby Green|perish0
|-start|p1a: Big Green|perish0
|faint|p1b: Baby Green
|faint|p1a: Big Green
|upkeep
|
|t:|1783913537
|switch|p1b: Dragreen|Dragonite, L50, F, shiny|100/100
|switch|p1a: Why are you BLUE|Primarina, L50, M|100/100
|turn|5
|
|t:|1783913552
|move|p2a: Incineroar|Parting Shot|p1a: Why are you BLUE
|-unboost|p1a: Why are you BLUE|atk|1
|-unboost|p1a: Why are you BLUE|spa|1
|
|t:|1783913555
|switch|p2a: Archaludon|Archaludon, L50, M, shiny|100/100|[from] Parting Shot
|move|p1a: Why are you BLUE|Hyper Voice|p2b: Gengar|[spread] p2a,p2b
|-resisted|p2a: Archaludon|1
|-damage|p2a: Archaludon|77/100
|-damage|p2b: Gengar|30/100
|-ability|p2a: Archaludon|Stamina|boost
|-boost|p2a: Archaludon|def|1
|-damage|p1a: Why are you BLUE|90/100|[from] item: Life Orb
|move|p1b: Dragreen|Rock Slide|p2a: Archaludon|[spread] p2a,p2b
|-resisted|p2a: Archaludon|1
|-damage|p2a: Archaludon|73/100
|-damage|p2b: Gengar|0 fnt
|-ability|p2a: Archaludon|Stamina|boost
|-boost|p2a: Archaludon|def|1
|faint|p2b: Gengar
|
|-weather|RainDance|[upkeep]
|-heal|p2a: Archaludon|79/100|[from] item: Leftovers
|upkeep
|
|t:|1783913557
|switch|p2b: Incineroar|Incineroar, L50, M, shiny|47/100
|-ability|p2b: Incineroar|Intimidate|boost
|-unboost|p1a: Why are you BLUE|atk|1
|-fail|p1b: Dragreen|unboost|Attack|[from] ability: Inner Focus|[of] p1b: Dragreen
|turn|6
|
|t:|1783913581
|move|p2b: Incineroar|Fake Out|p1b: Dragreen
|-damage|p1b: Dragreen|88/100
|move|p1a: Why are you BLUE|Hyper Voice|p2b: Incineroar|[spread] p2a,p2b
|-resisted|p2a: Archaludon|1
|-supereffective|p2b: Incineroar|1
|-damage|p2a: Archaludon|55/100
|-damage|p2b: Incineroar|0 fnt
|-ability|p2a: Archaludon|Stamina|boost
|-boost|p2a: Archaludon|def|1
|faint|p2b: Incineroar
|-damage|p1a: Why are you BLUE|80/100|[from] item: Life Orb
|move|p2a: Archaludon|Electro Shot||[still]
|-prepare|p2a: Archaludon|Electro Shot
|-boost|p2a: Archaludon|spa|1
|-anim|p2a: Archaludon|Electro Shot|p1a: Why are you BLUE
|-supereffective|p1a: Why are you BLUE|1
|-damage|p1a: Why are you BLUE|0 fnt
|faint|p1a: Why are you BLUE
|move|p1b: Dragreen|Rock Slide|p2a: Archaludon
|-resisted|p2a: Archaludon|1
|-damage|p2a: Archaludon|52/100
|-ability|p2a: Archaludon|Stamina|boost
|-boost|p2a: Archaludon|def|1
|
|-weather|RainDance|[upkeep]
|-heal|p2a: Archaludon|58/100|[from] item: Leftovers
|-fieldend|move: Trick Room
|upkeep
|turn|7
|
|t:|1783913590
|move|p1b: Dragreen|Haze|p1b: Dragreen
|-clearallboost
|move|p2a: Archaludon|Dragon Pulse|p1b: Dragreen
|-supereffective|p1b: Dragreen|1
|-damage|p1b: Dragreen|5/100
|
|-weather|none
|-heal|p2a: Archaludon|64/100|[from] item: Leftovers
|upkeep
|turn|8
|
|t:|1783913598
|move|p1b: Dragreen|Rock Slide|p2a: Archaludon
|-resisted|p2a: Archaludon|1
|-damage|p2a: Archaludon|55/100
|-ability|p2a: Archaludon|Stamina|boost
|-boost|p2a: Archaludon|def|1
|move|p2a: Archaludon|Dragon Pulse|p1b: Dragreen
|-supereffective|p1b: Dragreen|1
|-damage|p1b: Dragreen|0 fnt
|faint|p1b: Dragreen
|
|win|TheLeoj
