|j|☆TobiYume
|j|☆TheClimbr05
|html|TobiYumeTheClimbr05    
|uhtml|bestof|Game 2 of a best-of-3
|t:|1783531454
|gametype|doubles
|player|p1|TobiYume|cheren-gen5bw2|1189
|player|p2|TheClimbr05|1|1203
|gen|9
|tier|[Gen 9 Champions] VGC 2026 Reg M-B (Bo3)
|rated|
|rule|Species Clause: Limit one of each Pokémon
|rule|Item Clause: Limit 1 of each item
|clearpoke
|poke|p1|Tyranitar, L50, M|
|poke|p1|Garchomp, L50, F|
|poke|p1|Corviknight, L50, F, shiny|
|poke|p1|Rotom-Wash, L50|
|poke|p1|Sneasler, L50, M|
|poke|p1|Froslass, L50, F|
|poke|p2|Ninetales-Alola, L50, M|
|poke|p2|Milotic, L50, F|
|poke|p2|Tyranitar, L50, F|
|poke|p2|Delphox, L50, F|
|poke|p2|Sneasler, L50, F|
|poke|p2|Sinistcha, L50|
|teampreview|4
|showteam|p1|Tyranitar||Tyranitarite|SandStream|RockSlide,KnockOff,LowKick,Protect|Adamant||M|||50|]Garchomp||LifeOrb|RoughSkin|DragonClaw,Earthquake,RockSlide,Protect|Jolly||F|||50|]Corviknight||Leftovers|MirrorArmor|BraveBird,BulkUp,Roost,Tailwind|Careful||F|||50|]Rotom-Wash||ChoiceScarf|Levitate|Thunderbolt,HydroPump,Electroweb,Trick|Timid|||||50|]Sneasler||WhiteHerb|Unburden|FakeOut,DireClaw,CloseCombat,Protect|Adamant||M|||50|]Froslass||Froslassite|CursedBody|Blizzard,ShadowBall,AuroraVeil,Protect|Timid||F|||50|
|showteam|p2|Ninetales-Alola||LightClay|SnowWarning|Protect,Hypnosis,AuroraVeil,FreezeDry|Timid||M|||50|]Milotic||Leftovers|Competitive|Coil,Hypnosis,MuddyWater,Recover|Bold||F|||50|]Tyranitar||Tyranitarite|Unnerve|Protect,DragonDance,RockSlide,KnockOff|Jolly||F|||50|]Delphox||Delphoxite|Blaze|Protect,NastyPlot,HeatWave,Psyshock|Timid||F|||50|]Sneasler||WhiteHerb|Unburden|FakeOut,CloseCombat,DireClaw,SwordsDance|Adamant||F|||50|]Sinistcha||OccaBerry|Hospitality|Imprison,TrickRoom,MatchaGotcha,RagePowder|Sassy|||||50|
|inactive|Battle timer is ON: inactive players will automatically lose when time's up. (requested by TobiYume)
|
|t:|1783531472
|teamsize|p1|4
|teamsize|p2|4
|start
|switch|p1a: Sneasler|Sneasler, L50, M|100/100
|switch|p1b: Rotom|Rotom-Wash, L50|100/100
|switch|p2a: Milotic|Milotic, L50, F|100/100
|switch|p2b: Sneasler|Sneasler, L50, F|100/100
|turn|1
|
|t:|1783531481
|move|p1a: Sneasler|Fake Out|p2b: Sneasler
|-damage|p2b: Sneasler|82/100
|cant|p2b: Sneasler|flinch
|move|p1b: Rotom|Thunderbolt|p2a: Milotic
|-supereffective|p2a: Milotic|1
|-damage|p2a: Milotic|46/100
|move|p2a: Milotic|Coil|p2a: Milotic
|-boost|p2a: Milotic|atk|1
|-boost|p2a: Milotic|def|1
|-boost|p2a: Milotic|accuracy|1
|
|-heal|p2a: Milotic|52/100|[from] item: Leftovers
|upkeep
|turn|2
|
|t:|1783531495
|switch|p2b: Sinistcha|Sinistcha, L50|100/100
|-heal|p2a: Milotic|77/100|[from] ability: Hospitality|[of] p2b: Sinistcha
|move|p1b: Rotom|Thunderbolt|p2b: Sinistcha
|-resisted|p2b: Sinistcha|1
|-damage|p2b: Sinistcha|82/100
|move|p1a: Sneasler|Close Combat|p2b: Sinistcha
|-immune|p2b: Sinistcha
|move|p2a: Milotic|Recover|p2a: Milotic
|-heal|p2a: Milotic|100/100
|
|upkeep
|turn|3
|
|t:|1783531511
|move|p2b: Sinistcha|Rage Powder|p2b: Sinistcha
|-singleturn|p2b: Sinistcha|move: Rage Powder
|move|p1b: Rotom|Thunderbolt|p2b: Sinistcha
|-resisted|p2b: Sinistcha|1
|-damage|p2b: Sinistcha|65/100
|move|p1a: Sneasler|Dire Claw|p2b: Sinistcha
|-damage|p2b: Sinistcha|29/100
|move|p2a: Milotic|Hypnosis|p1b: Rotom|[miss]
|-miss|p2a: Milotic|p1b: Rotom
|
|upkeep
|turn|4
|
|t:|1783531526
|switch|p2b: Sneasler|Sneasler, L50, F|82/100
|move|p1b: Rotom|Thunderbolt|p2a: Milotic
|-supereffective|p2a: Milotic|1
|-damage|p2a: Milotic|43/100
|move|p1a: Sneasler|Dire Claw|p2a: Milotic
|-damage|p2a: Milotic|19/100
|-status|p2a: Milotic|slp
|cant|p2a: Milotic|slp
|
|-heal|p2a: Milotic|25/100 slp|[from] item: Leftovers
|upkeep
|turn|5
|
|t:|1783531549
|move|p2b: Sneasler|Fake Out|p1b: Rotom
|-damage|p1b: Rotom|85/100
|cant|p1b: Rotom|flinch
|move|p1a: Sneasler|Close Combat|p2b: Sneasler
|-resisted|p2b: Sneasler|1
|-damage|p2b: Sneasler|42/100
|-unboost|p1a: Sneasler|def|1
|-unboost|p1a: Sneasler|spd|1
|-enditem|p1a: Sneasler|White Herb
|-clearnegativeboost|p1a: Sneasler|[silent]
|cant|p2a: Milotic|slp
|
|-heal|p2a: Milotic|31/100 slp|[from] item: Leftovers
|upkeep
|turn|6
|
|t:|1783531565
|switch|p2b: Sinistcha|Sinistcha, L50|29/100
|-heal|p2a: Milotic|56/100 slp|[from] ability: Hospitality|[of] p2b: Sinistcha
|move|p1a: Sneasler|Close Combat|p2b: Sinistcha
|-immune|p2b: Sinistcha
|move|p1b: Rotom|Thunderbolt|p2a: Milotic
|-supereffective|p2a: Milotic|1
|-damage|p2a: Milotic|0 fnt
|faint|p2a: Milotic
|
|upkeep
|
|t:|1783531576
|switch|p2a: Sneasler|Sneasler, L50, F|42/100
|turn|7
|
|t:|1783531582
|move|p1a: Sneasler|Dire Claw|p2b: Sinistcha
|-damage|p2b: Sinistcha|0 fnt
|faint|p2b: Sinistcha
|move|p1b: Rotom|Thunderbolt|p2a: Sneasler
|-damage|p2a: Sneasler|0 fnt
|faint|p2a: Sneasler
|
|upkeep
|-message|TheClimbr05 forfeited.
|
|win|TobiYume
|raw|TobiYume's rating: 1189 → 1215(+26 for winning)
|raw|TheClimbr05's rating: 1203 → 1177(-26 for losing)
|l|☆TheClimbr05
|player|p2|
