|j|☆TeriyakiFr
|j|☆Daniw9
|html|TeriyakiFrDaniw9    
|uhtml|bestof|Game 3 of a best-of-3
|t:|1756324070
|gametype|doubles
|player|p1|TeriyakiFr|youngster-gen4dp|1000
|player|p2|Daniw9|2|1103
|gen|9
|tier|[Gen 9] VGC 2025 Reg H (Bo3)
|rated|
|rule|Species Clause: Limit one of each Pokémon
|rule|Item Clause: Limit 1 of each item
|clearpoke
|poke|p1|Incineroar, L50, F|
|poke|p1|Archaludon, L50, M|
|poke|p1|Ninetales-Alola, L50, F|
|poke|p1|Whimsicott, L50, M|
|poke|p1|Sneasler, L50, F|
|poke|p1|Rillaboom, L50, F|
|poke|p2|Garchomp, L50, F|
|poke|p2|Tyranitar, L50, F|
|poke|p2|Delphox, L50, M|
|poke|p2|Indeedee-F, L50, F|
|poke|p2|Gallade, L50, M|
|poke|p2|Whimsicott, L50, F|
|teampreview|4
|showteam|p1|Incineroar||SafetyGoggles|Intimidate|FakeOut,KnockOff,PartingShot,FlareBlitz|||F|||50|,,,,,Ghost]Archaludon||PowerHerb|Stamina|DracoMeteor,FlashCannon,MeteorBeam,ElectroShot|||M|||50|,,,,,Fairy]Ninetales-Alola||LightClay|SnowWarning|AuroraVeil,Blizzard,DazzlingGleam,Protect|||F|||50|,,,,,Ghost]Whimsicott||CovertCloak|Prankster|Tailwind,Protect,Moonblast,Encore|||M|||50|,,,,,Steel]Sneasler||FocusSash|Unburden|ThroatChop,FakeOut,PoisonJab,CloseCombat|||F|||50|,,,,,Stellar]Rillaboom||AssaultVest|GrassySurge|GrassyGlide,WoodHammer,FakeOut,Uturn|||F|||50|,,,,,Water
|showteam|p2|Garchomp||LifeOrb|RoughSkin|Earthquake,StompingTantrum,Protect,DragonClaw|||F|||50|,,,,,Steel]Tyranitar||AssaultVest|SandStream|RockSlide,TeraBlast,KnockOff,LowKick|||F|||50|,,,,,Flying]Delphox||PsychicSeed|Magician|ExpandingForce,HeatWave,TeraBlast,Protect|||M|||50|,,,,,Fairy]Indeedee-F||SafetyGoggles|PsychicSurge|DazzlingGleam,TrickRoom,FollowMe,HelpingHand|||F|||50|,,,,,Water]Gallade||ClearAmulet|Sharpness|SacredSword,PsychoCut,TrickRoom,Protect|||M|||50|,,,,,Grass]Whimsicott||CovertCloak|Prankster|Moonblast,Tailwind,Encore,Protect|||F|||50|,,,,,Grass
|inactive|Battle timer is ON: inactive players will automatically lose when time's up. (requested by TeriyakiFr)
|
|t:|1756324082
|teamsize|p1|4
|teamsize|p2|4
|start
|switch|p1a: Incineroar|Incineroar, L50, F|100/100
|switch|p1b: Sneasler|Sneasler, L50, F|100/100
|switch|p2a: Indeedee|Indeedee-F, L50, F|100/100
|switch|p2b: Gallade|Gallade, L50, M|100/100
|-fieldstart|move: Psychic Terrain|[from] ability: Psychic Surge|[of] p2a: Indeedee
|-ability|p1a: Incineroar|Intimidate|boost
|-unboost|p2a: Indeedee|atk|1
|-fail|p2b: Gallade|unboost|[from] item: Clear Amulet|[of] p2b: Gallade
|turn|1
|
|t:|1756324103
|-terastallize|p1a: Incineroar|Ghost
|move|p2a: Indeedee|Follow Me|p2a: Indeedee
|-singleturn|p2a: Indeedee|move: Follow Me
|move|p1b: Sneasler|Throat Chop|p2a: Indeedee
|-supereffective|p2a: Indeedee
|-damage|p2a: Indeedee|45/100
|-start|p2a: Indeedee|Throat Chop|[silent]
|move|p2b: Gallade|Sacred Sword|p1a: Incineroar
|-immune|p1a: Incineroar
|move|p1a: Incineroar|Knock Off|p2a: Indeedee
|-supereffective|p2a: Indeedee
|-crit|p2a: Indeedee
|-damage|p2a: Indeedee|0 fnt
|-enditem|p2a: Indeedee|Safety Goggles|[from] move: Knock Off|[of] p1a: Incineroar
|faint|p2a: Indeedee
|
|upkeep
|
|t:|1756324106
|switch|p2a: Delphox|Delphox, L50, M|100/100
|-enditem|p2a: Delphox|Psychic Seed
|-boost|p2a: Delphox|spd|1|[from] item: Psychic Seed
|turn|2
|
|t:|1756324123
|switch|p2b: Tyranitar|Tyranitar, L50, F|100/100
|-weather|Sandstorm|[from] ability: Sand Stream|[of] p2b: Tyranitar
|-terastallize|p2a: Delphox|Fairy
|move|p1b: Sneasler|Throat Chop|p2a: Delphox
|-resisted|p2a: Delphox
|-damage|p2a: Delphox|80/100
|-start|p2a: Delphox|Throat Chop|[silent]
|move|p2a: Delphox|Expanding Force|p1b: Sneasler|[spread] p1a,p1b
|-supereffective|p1b: Sneasler
|-damage|p1a: Incineroar|63/100
|-enditem|p1b: Sneasler|Focus Sash
|-damage|p1b: Sneasler|1/100
|-item|p2a: Delphox|Safety Goggles|[from] ability: Magician|[of] p1a: Incineroar
|move|p1a: Incineroar|Knock Off|p2a: Delphox
|-resisted|p2a: Delphox
|-damage|p2a: Delphox|57/100
|-enditem|p2a: Delphox|Safety Goggles|[from] move: Knock Off|[of] p1a: Incineroar
|
|-weather|Sandstorm|[upkeep]
|-damage|p1b: Sneasler|0 fnt|[from] Sandstorm
|-damage|p2a: Delphox|51/100|[from] Sandstorm
|-damage|p1a: Incineroar|57/100|[from] Sandstorm
|faint|p1b: Sneasler
|upkeep
|
|t:|1756324145
|switch|p1b: Ninetales|Ninetales-Alola, L50, F|100/100
|-weather|Snowscape|[from] ability: Snow Warning|[of] p1b: Ninetales
|turn|3
|
|t:|1756324159
|move|p1b: Ninetales|Aurora Veil|p1b: Ninetales
|-sidestart|p1: TeriyakiFr|move: Aurora Veil
|move|p2a: Delphox|Expanding Force|p1a: Incineroar|[spread] p1a,p1b
|-damage|p1a: Incineroar|30/100
|-damage|p1b: Ninetales|65/100
|-item|p2a: Delphox|Light Clay|[from] ability: Magician|[of] p1b: Ninetales
|move|p2b: Tyranitar|Rock Slide|p1b: Ninetales|[spread] p1a,p1b
|-supereffective|p1b: Ninetales
|-damage|p1a: Incineroar|11/100
|-damage|p1b: Ninetales|26/100
|move|p1a: Incineroar|Knock Off|p2a: Delphox
|-resisted|p2a: Delphox
|-damage|p2a: Delphox|28/100
|-enditem|p2a: Delphox|Light Clay|[from] move: Knock Off|[of] p1a: Incineroar
|
|-weather|Snowscape|[upkeep]
|-end|p2a: Delphox|Throat Chop|[silent]
|upkeep
|turn|4
|
|t:|1756324183
|switch|p2b: Gallade|Gallade, L50, M|100/100
|move|p1b: Ninetales|Protect|p1b: Ninetales
|-singleturn|p1b: Ninetales|Protect
|move|p2a: Delphox|Expanding Force|p1a: Incineroar|[spread] p1a
|-activate|p1b: Ninetales|move: Protect
|-damage|p1a: Incineroar|0 fnt
|faint|p1a: Incineroar
|
|-weather|Snowscape|[upkeep]
|upkeep
|
|t:|1756324192
|switch|p1a: Rillaboom|Rillaboom, L50, F|100/100
|-fieldstart|move: Grassy Terrain|[from] ability: Grassy Surge|[of] p1a: Rillaboom
|turn|5
|
|t:|1756324200
|move|p2a: Delphox|Protect|p2a: Delphox
|-singleturn|p2a: Delphox|Protect
|move|p2b: Gallade|Protect|p2b: Gallade
|-singleturn|p2b: Gallade|Protect
|move|p1a: Rillaboom|Fake Out|p2b: Gallade
|-activate|p2b: Gallade|move: Protect
|move|p1b: Ninetales|Blizzard|p2a: Delphox|[spread] 
|-activate|p2a: Delphox|move: Protect
|-activate|p2b: Gallade|move: Protect
|
|-weather|Snowscape|[upkeep]
|-heal|p1b: Ninetales|32/100|[from] Grassy Terrain
|-heal|p2a: Delphox|33/100|[from] Grassy Terrain
|upkeep
|turn|6
|
|t:|1756324222
|switch|p2a: Tyranitar|Tyranitar, L50, F|100/100
|-weather|Sandstorm|[from] ability: Sand Stream|[of] p2a: Tyranitar
|move|p1a: Rillaboom|Grassy Glide|p2a: Tyranitar
|-supereffective|p2a: Tyranitar
|-damage|p2a: Tyranitar|44/100
|move|p1b: Ninetales|Blizzard|p2a: Tyranitar|[spread] p2a,p2b
|-damage|p2a: Tyranitar|36/100
|-damage|p2b: Gallade|78/100
|move|p2b: Gallade|Sacred Sword|p1b: Ninetales
|-damage|p1b: Ninetales|0 fnt
|faint|p1b: Ninetales
|
|-weather|Sandstorm|[upkeep]
|-damage|p2b: Gallade|72/100|[from] Sandstorm
|-damage|p1a: Rillaboom|95/100|[from] Sandstorm
|-heal|p2b: Gallade|78/100|[from] Grassy Terrain
|-heal|p1a: Rillaboom|100/100|[from] Grassy Terrain
|-heal|p2a: Tyranitar|42/100|[from] Grassy Terrain
|upkeep
|turn|7
|
|t:|1756324240
|move|p1a: Rillaboom|Grassy Glide|p2a: Tyranitar
|-supereffective|p2a: Tyranitar
|-damage|p2a: Tyranitar|0 fnt
|faint|p2a: Tyranitar
|move|p2b: Gallade|Sacred Sword|p1a: Rillaboom
|-damage|p1a: Rillaboom|64/100
|
|-weather|Sandstorm|[upkeep]
|-damage|p2b: Gallade|72/100|[from] Sandstorm
|-damage|p1a: Rillaboom|58/100|[from] Sandstorm
|-heal|p2b: Gallade|78/100|[from] Grassy Terrain
|-heal|p1a: Rillaboom|64/100|[from] Grassy Terrain
|upkeep
|
|t:|1756324247
|switch|p2a: Delphox|Delphox, L50, M, tera:Fairy|33/100
|turn|8
|
|t:|1756324267
|move|p1a: Rillaboom|Grassy Glide|p2a: Delphox
|-damage|p2a: Delphox|0 fnt
|faint|p2a: Delphox
|move|p2b: Gallade|Sacred Sword|p1a: Rillaboom
|-damage|p1a: Rillaboom|27/100
|
|-weather|Sandstorm|[upkeep]
|-damage|p2b: Gallade|72/100|[from] Sandstorm
|-damage|p1a: Rillaboom|21/100|[from] Sandstorm
|-heal|p2b: Gallade|78/100|[from] Grassy Terrain
|-heal|p1a: Rillaboom|27/100|[from] Grassy Terrain
|upkeep
|turn|9
|
|t:|1756324290
|move|p2b: Gallade|Sacred Sword|p1a: Rillaboom
|-damage|p1a: Rillaboom|0 fnt
|faint|p1a: Rillaboom
|
|win|Daniw9
|raw|TeriyakiFr's rating: 1000 → 1000(+0 for losing)
|raw|Daniw9's rating: 1103 → 1121(+18 for winning)
|l|☆Daniw9
|player|p2|
|j|☆Daniw9
|player|p2|Daniw9|2|
