|j|☆mortajo
|j|☆LuxCux
|html|mortajoLuxCux    
|uhtml|bestof|Game 2 of a best-of-3
|t:|1784157466
|gametype|doubles
|player|p1|mortajo|benga|1121
|player|p2|LuxCux|1|1039
|gen|9
|tier|[Gen 9 Champions] VGC 2026 Reg M-B (Bo3)
|rated|
|rule|Species Clause: Limit one of each Pokémon
|rule|Item Clause: Limit 1 of each item
|clearpoke
|poke|p1|Chandelure, L50, F, shiny|
|poke|p1|Whimsicott, L50, F, shiny|
|poke|p1|Glimmora, L50, F, shiny|
|poke|p1|Maushold-Four, L50, shiny|
|poke|p1|Tsareena, L50, F, shiny|
|poke|p1|Ninetales, L50, F, shiny|
|poke|p2|Raichu, L50, F, shiny|
|poke|p2|Luxray, L50, M, shiny|
|poke|p2|Ninetales-Alola, L50, M|
|poke|p2|Whimsicott, L50, F|
|poke|p2|Incineroar, L50, M|
|poke|p2|Swampert, L50, M|
|teampreview|4
|showteam|p1|Chandelure||Chandelurite|Infiltrator|HeatWave,ShadowBall,SolarBeam,Protect|Serious||F|||50|]Whimsicott||FocusSash|Prankster|Tailwind,Moonblast,Encore,Protect|Bold||F|||50|]Glimmora||LifeOrb|ToxicDebris|EarthPower,MortalSpin,Protect,SludgeBomb|Naive||F|||50|]Maushold-Four||WideLens|Technician|TidyUp,PopulationBomb,BulletSeed,Encore|Jolly|||||50|]Tsareena||ChoiceScarf|QueenlyMajesty|SolarBlade,Uturn,HighJumpKick,PlayRough|Jolly||F|||50|]Ninetales||HeatRock|Drought|Encore,HealingWish,WeatherBall,WillOWisp|Timid||F|||50|
|showteam|p2|Raichu||RaichuniteX|Static|FakeOut,HelpingHand,Protect,VoltTackle|Adamant||F|||50|]Luxray||SitrusBerry|Intimidate|IceFang,RisingVoltage,Protect,Snarl|Modest||M|||50|]Ninetales-Alola||FocusSash|SnowWarning|Blizzard,FreezeDry,Protect,NastyPlot|Timid||M|||50|]Whimsicott||FairyFeather|Prankster|Moonblast,EnergyBall,Tailwind,Protect|Modest||F|||50|]Incineroar||PasshoBerry|Intimidate|FakeOut,FlareBlitz,PartingShot,ThroatChop|Careful||M|||50|]Swampert||MysticWater|Torrent|KnockOff,WaveCrash,WideGuard,PoisonJab|Adamant||M|||50|
|
|t:|1784157491
|teamsize|p1|4
|teamsize|p2|4
|start
|switch|p1a: Ninetales|Ninetales, L50, F, shiny|100/100
|switch|p1b: Whimsicott|Whimsicott, L50, F, shiny|100/100
|switch|p2a: Raichu|Raichu, L50, F, shiny|100/100
|switch|p2b: Luxray|Luxray, L50, M, shiny|100/100
|-weather|SunnyDay|[from] ability: Drought|[of] p1a: Ninetales
|-ability|p2b: Luxray|Intimidate|boost
|-unboost|p1a: Ninetales|atk|1
|-unboost|p1b: Whimsicott|atk|1
|turn|1
|
|t:|1784157523
|detailschange|p2a: Raichu|Raichu-Mega-X, L50, F, shiny
|-mega|p2a: Raichu|Raichu|Raichunite X
|-fieldstart|move: Electric Terrain|[from] ability: Electric Surge|[of] p2a: Raichu
|move|p1b: Whimsicott|Protect|p1b: Whimsicott
|-singleturn|p1b: Whimsicott|Protect
|move|p2b: Luxray|Protect|p2b: Luxray
|-singleturn|p2b: Luxray|Protect
|move|p1a: Ninetales|Weather Ball|p2b: Luxray
|-activate|p2b: Luxray|move: Protect
|move|p2a: Raichu|Volt Tackle|p1a: Ninetales
|-damage|p1a: Ninetales|0 fnt
|faint|p1a: Ninetales
|-damage|p2a: Raichu|56/100|[from] Recoil
|
|-weather|SunnyDay|[upkeep]
|upkeep
|
|t:|1784157537
|switch|p1a: Chandelure|Chandelure, L50, F, shiny|100/100
|turn|2
|
|t:|1784157560
|switch|p2a: Incineroar|Incineroar, L50, M|100/100
|-ability|p2a: Incineroar|Intimidate|boost
|-unboost|p1a: Chandelure|atk|1
|-unboost|p1b: Whimsicott|atk|1
|move|p1a: Chandelure|Protect|p1a: Chandelure
|-singleturn|p1a: Chandelure|Protect
|move|p1b: Whimsicott|Encore|p2b: Luxray
|-start|p2b: Luxray|Encore
|move|p2b: Luxray|Protect||[still]
|-fail|p2b: Luxray
|
|-weather|SunnyDay|[upkeep]
|upkeep
|turn|3
|
|t:|1784157585
|switch|p1b: Tsareena|Tsareena, L50, F, shiny|100/100
|detailschange|p1a: Chandelure|Chandelure-Mega, L50, F, shiny
|-mega|p1a: Chandelure|Chandelure|Chandelurite
|move|p2b: Luxray|Protect|p2b: Luxray
|-singleturn|p2b: Luxray|Protect
|move|p1a: Chandelure|Shadow Ball|p2a: Incineroar
|-resisted|p2a: Incineroar|1
|-damage|p2a: Incineroar|81/100
|-unboost|p2a: Incineroar|spd|1
|move|p2a: Incineroar|Parting Shot|p1a: Chandelure
|-unboost|p1a: Chandelure|atk|1
|-unboost|p1a: Chandelure|spa|1
|
|t:|1784157597
|switch|p2a: Swampert|Swampert, L50, M|100/100|[from] Parting Shot
|
|-weather|SunnyDay|[upkeep]
|upkeep
|turn|4
|
|t:|1784157623
|switch|p2b: Incineroar|Incineroar, L50, M|81/100
|-ability|p2b: Incineroar|Intimidate|boost
|-unboost|p1a: Chandelure|atk|1
|-unboost|p1b: Tsareena|atk|1
|move|p1b: Tsareena|Solar Blade||[still]
|-prepare|p1b: Tsareena|Solar Blade
|-anim|p1b: Tsareena|Solar Blade|p2a: Swampert
|-supereffective|p2a: Swampert|2
|-damage|p2a: Swampert|0 fnt
|faint|p2a: Swampert
|move|p1a: Chandelure|Shadow Ball|p2b: Incineroar
|-resisted|p2b: Incineroar|1
|-damage|p2b: Incineroar|69/100
|
|-weather|SunnyDay|[upkeep]
|upkeep
|
|t:|1784157637
|switch|p2a: Luxray|Luxray, L50, M, shiny|100/100
|-ability|p2a: Luxray|Intimidate|boost
|-unboost|p1a: Chandelure|atk|1
|-unboost|p1b: Tsareena|atk|1
|turn|5
|
|t:|1784157656
|switch|p1a: Whimsicott|Whimsicott, L50, F, shiny|100/100
|move|p1b: Tsareena|Solar Blade||[still]
|-prepare|p1b: Tsareena|Solar Blade
|-anim|p1b: Tsareena|Solar Blade|p2a: Luxray
|-damage|p2a: Luxray|62/100
|move|p2a: Luxray|Rising Voltage|p1a: Whimsicott
|-hint|Rising Voltage's BP doubled on grounded target.
|-resisted|p1a: Whimsicott|1
|-damage|p1a: Whimsicott|41/100
|move|p2b: Incineroar|Flare Blitz|p1b: Tsareena
|-supereffective|p1b: Tsareena|1
|-damage|p1b: Tsareena|0 fnt
|faint|p1b: Tsareena
|-damage|p2b: Incineroar|45/100|[from] Recoil
|
|-weather|SunnyDay|[upkeep]
|-fieldend|move: Electric Terrain
|upkeep
|
|t:|1784157666
|switch|p1b: Chandelure|Chandelure-Mega, L50, F, shiny|100/100
|turn|6
|
|t:|1784157684
|move|p2a: Luxray|Protect|p2a: Luxray
|-singleturn|p2a: Luxray|Protect
|move|p1a: Whimsicott|Tailwind|p1a: Whimsicott
|-sidestart|p1: mortajo|move: Tailwind
|move|p1b: Chandelure|Shadow Ball|p2b: Incineroar
|-resisted|p2b: Incineroar|1
|-damage|p2b: Incineroar|24/100
|move|p2b: Incineroar|Parting Shot|p1b: Chandelure
|-unboost|p1b: Chandelure|atk|1
|-unboost|p1b: Chandelure|spa|1
|
|t:|1784157692
|switch|p2b: Raichu|Raichu-Mega-X, L50, F, shiny|56/100|[from] Parting Shot
|-fieldstart|move: Electric Terrain|[from] ability: Electric Surge|[of] p2b: Raichu
|
|-weather|SunnyDay|[upkeep]
|upkeep
|turn|7
|-message|mortajo forfeited.
|
|win|LuxCux
|raw|mortajo's rating: 1121 → 1090(-31 for losing)
|raw|LuxCux's rating: 1039 → 1081(+42 for winning)
|l|☆mortajo
|player|p1|
