|j|☆Alecat
|j|☆Wikdchikn
|html|AlecatWikdchikn    
|uhtml|bestof|Game 2 of a best-of-3
|t:|1757770207
|gametype|doubles
|player|p1|Alecat|scientistf|1092
|player|p2|Wikdchikn|cameraman|1188
|gen|9
|tier|[Gen 9] VGC 2025 Reg H (Bo3)
|rated|
|rule|Species Clause: Limit one of each Pokémon
|rule|Item Clause: Limit 1 of each item
|clearpoke
|poke|p1|Sneasler, L50, M|
|poke|p1|Magmar, L50, M|
|poke|p1|Rillaboom, L50, F|
|poke|p1|Espathra, L50, M|
|poke|p1|Kingambit, L50, M|
|poke|p1|Arcanine-Hisui, L50, F|
|poke|p2|Arboliva, L50, M|
|poke|p2|Porygon2, L50|
|poke|p2|Primarina, L50, M|
|poke|p2|Ursaluna, L50, M|
|poke|p2|Amoonguss, L50, M|
|poke|p2|Armarouge, L50, F|
|teampreview|4
|showteam|p1|Sneasler||FocusSash|Unburden|FakeOut,CloseCombat,DireClaw,Coaching|||M|||50|,,,,,Ghost]Magmar||Eviolite|VitalSpirit|FollowMe,HeatWave,Taunt,Protect|||M|||50|,,,,,Dragon]Rillaboom||AssaultVest|GrassySurge|FakeOut,WoodHammer,GrassyGlide,HighHorsepower|||F|||50|,,,,,Fire]Espathra||GrassySeed|SpeedBoost|StoredPower,TeraBlast,CalmMind,Protect|||M|||50|,,,,,Fighting]Kingambit||SafetyGoggles|Defiant|KowtowCleave,SuckerPunch,SwordsDance,Protect|||M|||50|,,,,,Dark]Arcanine-Hisui||LoadedDice|Intimidate|FlareBlitz,RockBlast,ExtremeSpeed,Protect|||F|||50|,,,,,Ghost
|showteam|p2|Arboliva||ChoiceSpecs|SeedSower|DazzlingGleam,HyperVoice,EarthPower,GigaDrain|||M|||50|,,,,,Fairy]Porygon2||Eviolite|Trace|TeraBlast,ShadowBall,TrickRoom,Protect||||||50|,,,,,Fighting]Primarina||ThroatSpray|LiquidVoice|Moonblast,HyperVoice,Haze,Protect|||M|||50|,,,,,Water]Ursaluna||FlameOrb|Guts|Protect,Facade,HeadlongRush,Earthquake|||M|||50|,,,,,Ghost]Amoonguss||RockyHelmet|Regenerator|RagePowder,Spore,FoulPlay,Protect|||M|||50|,,,,,Dark]Armarouge||SitrusBerry|FlashFire|WideGuard,TrickRoom,HeatWave,HelpingHand|||F|||50|,,,,,Grass
|inactive|Battle timer is ON: inactive players will automatically lose when time's up. (requested by Wikdchikn)
|inactive|Alecat also wants the timer to be on.
|inactive|Alecat has 60 seconds left.
|inactive|Wikdchikn has 60 seconds left.
|
|t:|1757770242
|teamsize|p1|4
|teamsize|p2|4
|start
|switch|p1a: Sneasler|Sneasler, L50, M|100/100
|switch|p1b: Espathra|Espathra, L50, M, shiny|100/100
|switch|p2a: Undying Duck|Porygon2, L50, shiny|100/100
|switch|p2b: Pest|Amoonguss, L50, M|100/100
|-ability|p2a: Undying Duck|Speed Boost|Trace|[from] ability: Trace|[of] p1b: Espathra
|turn|1
|
|t:|1757770256
|switch|p1b: Rillaboom|Rillaboom, L50, F|100/100
|-fieldstart|move: Grassy Terrain|[from] ability: Grassy Surge|[of] p1b: Rillaboom
|move|p1a: Sneasler|Fake Out|p2a: Undying Duck
|-damage|p2a: Undying Duck|92/100
|move|p2b: Pest|Spore|p1b: Rillaboom
|-immune|p1b: Rillaboom
|cant|p2a: Undying Duck|flinch
|
|-heal|p2a: Undying Duck|98/100|[from] Grassy Terrain
|-ability|p2a: Undying Duck|Speed Boost|boost
|-boost|p2a: Undying Duck|spe|1
|upkeep
|turn|2
|
|t:|1757770273
|move|p1b: Rillaboom|Fake Out|p2b: Pest
|-damage|p2b: Pest|89/100
|-damage|p1b: Rillaboom|84/100|[from] item: Rocky Helmet|[of] p2b: Pest
|move|p1a: Sneasler|Close Combat|p2a: Undying Duck
|-supereffective|p2a: Undying Duck
|-damage|p2a: Undying Duck|22/100
|-unboost|p1a: Sneasler|def|1
|-unboost|p1a: Sneasler|spd|1
|cant|p2b: Pest|flinch
|move|p2a: Undying Duck|Trick Room|p2a: Undying Duck
|-fieldstart|move: Trick Room|[of] p2a: Undying Duck
|
|-heal|p2b: Pest|95/100|[from] Grassy Terrain
|-heal|p2a: Undying Duck|28/100|[from] Grassy Terrain
|-heal|p1b: Rillaboom|90/100|[from] Grassy Terrain
|-ability|p2a: Undying Duck|Speed Boost|boost
|-boost|p2a: Undying Duck|spe|1
|upkeep
|turn|3
|
|t:|1757770297
|switch|p1a: Magmar|Magmar, L50, M|100/100
|-terastallize|p2b: Pest|Dark
|move|p1b: Rillaboom|Grassy Glide|p2a: Undying Duck
|-damage|p2a: Undying Duck|8/100
|move|p2b: Pest|Foul Play|p1b: Rillaboom
|-damage|p1b: Rillaboom|44/100
|move|p2a: Undying Duck|Tera Blast|p1b: Rillaboom
|-damage|p1b: Rillaboom|24/100
|
|-heal|p2b: Pest|100/100|[from] Grassy Terrain
|-heal|p2a: Undying Duck|14/100|[from] Grassy Terrain
|-heal|p1b: Rillaboom|30/100|[from] Grassy Terrain
|-ability|p2a: Undying Duck|Speed Boost|boost
|-boost|p2a: Undying Duck|spe|1
|upkeep
|turn|4
|inactive|Wikdchikn has 30 seconds left.
|
|t:|1757770324
|move|p1a: Magmar|Follow Me|p1a: Magmar
|-singleturn|p1a: Magmar|move: Follow Me
|move|p2b: Pest|Foul Play|p1a: Magmar
|-damage|p1a: Magmar|75/100
|move|p1b: Rillaboom|Wood Hammer|p2b: Pest
|-damage|p2b: Pest|24/100
|-damage|p1b: Rillaboom|14/100|[from] item: Rocky Helmet|[of] p2b: Pest
|-damage|p1b: Rillaboom|0 fnt|[from] Recoil
|faint|p1b: Rillaboom
|move|p2a: Undying Duck|Tera Blast|p1a: Magmar
|-damage|p1a: Magmar|51/100
|
|-heal|p2b: Pest|30/100|[from] Grassy Terrain
|-heal|p2a: Undying Duck|19/100|[from] Grassy Terrain
|-heal|p1a: Magmar|57/100|[from] Grassy Terrain
|-ability|p2a: Undying Duck|Speed Boost|boost
|-boost|p2a: Undying Duck|spe|1
|upkeep
|inactive|Alecat has 30 seconds left.
|
|t:|1757770352
|switch|p1b: Sneasler|Sneasler, L50, M|100/100
|turn|5
|
|t:|1757770357
|move|p2a: Undying Duck|Protect|p2a: Undying Duck
|-singleturn|p2a: Undying Duck|Protect
|move|p1b: Sneasler|Fake Out|p2b: Pest
|-damage|p2b: Pest|17/100
|-damage|p1b: Sneasler|84/100|[from] item: Rocky Helmet|[of] p2b: Pest
|cant|p2b: Pest|flinch
|move|p1a: Magmar|Heat Wave|p2b: Pest|[spread] p2b
|-activate|p2a: Undying Duck|move: Protect
|-damage|p2b: Pest|0 fnt
|faint|p2b: Pest
|
|-heal|p1a: Magmar|63/100|[from] Grassy Terrain
|-heal|p2a: Undying Duck|25/100|[from] Grassy Terrain
|-heal|p1b: Sneasler|90/100|[from] Grassy Terrain
|-fieldend|move: Grassy Terrain
|-ability|p2a: Undying Duck|Speed Boost|boost
|-boost|p2a: Undying Duck|spe|1
|upkeep
|
|t:|1757770375
|switch|p2b: Bear with me|Ursaluna, L50, M|100/100
|turn|6
|
|t:|1757770389
|move|p1a: Magmar|Protect|p1a: Magmar
|-singleturn|p1a: Magmar|Protect
|move|p2a: Undying Duck|Protect||[still]
|-fail|p2a: Undying Duck
|move|p2b: Bear with me|Earthquake|p1b: Sneasler|[spread] p2a,p1b
|-activate|p1a: Magmar|move: Protect
|-supereffective|p1b: Sneasler
|-damage|p2a: Undying Duck|0 fnt
|-damage|p1b: Sneasler|0 fnt
|faint|p2a: Undying Duck
|faint|p1b: Sneasler
|
|-fieldend|move: Trick Room
|-status|p2b: Bear with me|brn|[from] item: Flame Orb
|upkeep
|
|t:|1757770400
|switch|p1b: Espathra|Espathra, L50, M, shiny|100/100
|switch|p2a: Selkie and Smooth|Primarina, L50, M|100/100
|turn|7
|
|t:|1757770423
|-terastallize|p1b: Espathra|Fighting
|move|p1a: Magmar|Heat Wave|p2a: Selkie and Smooth|[spread] p2a,p2b
|-resisted|p2a: Selkie and Smooth
|-damage|p2a: Selkie and Smooth|92/100
|-damage|p2b: Bear with me|77/100 brn
|-status|p2a: Selkie and Smooth|brn
|move|p1b: Espathra|Tera Blast|p2b: Bear with me|[anim] Tera Blast Fighting
|-supereffective|p2b: Bear with me
|-damage|p2b: Bear with me|19/100 brn
|move|p2a: Selkie and Smooth|Hyper Voice|p1b: Espathra|[spread] p1a,p1b
|-supereffective|p1a: Magmar
|-damage|p1a: Magmar|9/100
|-damage|p1b: Espathra|55/100
|-enditem|p2a: Selkie and Smooth|Throat Spray
|-boost|p2a: Selkie and Smooth|spa|1|[from] item: Throat Spray
|move|p2b: Bear with me|Facade|p1b: Espathra
|-damage|p1b: Espathra|0 fnt
|faint|p1b: Espathra
|
|-damage|p2a: Selkie and Smooth|86/100 brn|[from] brn
|-damage|p2b: Bear with me|13/100 brn|[from] brn
|upkeep
|turn|8
|
|t:|1757770441
|move|p1a: Magmar|Protect|p1a: Magmar
|-singleturn|p1a: Magmar|Protect
|move|p2a: Selkie and Smooth|Hyper Voice|p1a: Magmar
|-activate|p1a: Magmar|move: Protect
|move|p2b: Bear with me|Facade|p1a: Magmar
|-activate|p1a: Magmar|move: Protect
|
|-damage|p2a: Selkie and Smooth|80/100 brn|[from] brn
|-damage|p2b: Bear with me|7/100 brn|[from] brn
|upkeep
|turn|9
|
|t:|1757770453
|move|p1a: Magmar|Heat Wave|p2a: Selkie and Smooth|[spread] p2a,p2b
|-resisted|p2a: Selkie and Smooth
|-damage|p2a: Selkie and Smooth|71/100 brn
|-damage|p2b: Bear with me|0 fnt
|faint|p2b: Bear with me
|move|p2a: Selkie and Smooth|Hyper Voice|p1a: Magmar
|-supereffective|p1a: Magmar
|-damage|p1a: Magmar|0 fnt
|faint|p1a: Magmar
|
|win|Wikdchikn
||Alecat is ready for game 3.
||Wikdchikn is ready for game 3.
|uhtml|next|Next: Game 3 of 3
|l|☆Wikdchikn
|player|p2|
