|j|☆Jebdon
|j|☆bosilek
|html|Jebdonbosilek    
|uhtml|bestof|Game 2 of a best-of-3
|t:|1756182690
|gametype|doubles
|player|p1|Jebdon|170|1000
|player|p2|bosilek|hilbert-wonderlauncher|1088
|gen|9
|tier|[Gen 9] VGC 2025 Reg H (Bo3)
|rated|
|rule|Species Clause: Limit one of each Pokémon
|rule|Item Clause: Limit 1 of each item
|clearpoke
|poke|p1|Gholdengo, L50|
|poke|p1|Rillaboom, L50, M|
|poke|p1|Incineroar, L50, M|
|poke|p1|Maushold, L50|
|poke|p1|Palafin, L50, M|
|poke|p1|Sneasler, L50, F|
|poke|p2|Garchomp, L50, F|
|poke|p2|Incineroar, L50, M|
|poke|p2|Dragonite, L50, F|
|poke|p2|Farigiraf, L50, M|
|poke|p2|Sneasler, L50, F|
|poke|p2|Ninetales-Alola, L50, F|
|teampreview|4
|showteam|p1|Gholdengo||GrassySeed|GoodasGold|MakeItRain,ShadowBall,NastyPlot,Protect||||||50|,,,,,Water]Rillaboom||AssaultVest|GrassySurge|FakeOut,DrumBeating,GrassyGlide,Uturn|||M|||50|,,,,,Grass]Incineroar||SafetyGoggles|Intimidate|FakeOut,FlareBlitz,KnockOff,PartingShot|||M|||50|,,,,,Ghost]Maushold||ChopleBerry|FriendGuard|SuperFang,FollowMe,Taunt,Protect||||||50|,,,,,Ghost]Palafin||MysticWater|ZerotoHero|WaveCrash,JetPunch,Haze,Protect|||M|||50|,,,,,Water]Sneasler||FocusSash|Unburden|FakeOut,CloseCombat,DireClaw,Protect|||F|||50|,,,,,Stellar
|showteam|p2|Garchomp||LifeOrb|RoughSkin|Protect,Earthquake,DragonClaw,StompingTantrum|||F|||50|,,,,,Water]Incineroar||SafetyGoggles|Intimidate|FakeOut,PartingShot,KnockOff,FlareBlitz|||M|||50|,,,,,Ghost]Dragonite||LoadedDice|Multiscale|Protect,Tailwind,ScaleShot,ExtremeSpeed|||F|||50|,,,,,Fairy]Farigiraf||RockyHelmet|ArmorTail|DazzlingGleam,PsychicNoise,HelpingHand,TrickRoom|||M|||50|,,,,,Fairy]Sneasler||FocusSash|Unburden|Protect,CloseCombat,DireClaw,Coaching|||F|||50|,,,,,Flying]Ninetales-Alola||CovertCloak|SnowWarning|Blizzard,Moonblast,AuroraVeil,Encore|||F|||50|,,,,,Ghost
|
|t:|1756182726
|teamsize|p1|4
|teamsize|p2|4
|start
|switch|p1a: Sneasler|Sneasler, L50, F|100/100
|switch|p1b: Palafin|Palafin, L50, M|100/100
|switch|p2a: Farigiraf|Farigiraf, L50, M|100/100
|switch|p2b: Garchomp|Garchomp, L50, F, shiny|100/100
|turn|1
|
|t:|1756182744
|detailschange|p1b: Palafin|Palafin-Hero, L50, M
|switch|p1b: Rillaboom|Rillaboom, L50, M|100/100
|-fieldstart|move: Grassy Terrain|[from] ability: Grassy Surge|[of] p1b: Rillaboom
|move|p1a: Sneasler|Protect|p1a: Sneasler
|-singleturn|p1a: Sneasler|Protect
|move|p2b: Garchomp|Stomping Tantrum|p1a: Sneasler
|-activate|p1a: Sneasler|move: Protect
|move|p2a: Farigiraf|Psychic Noise|p1a: Sneasler
|-activate|p1a: Sneasler|move: Protect
|
|upkeep
|turn|2
|
|t:|1756182771
|switch|p2b: Incineroar|Incineroar, L50, M|100/100
|-ability|p2b: Incineroar|Intimidate|boost
|-unboost|p1a: Sneasler|atk|1
|-unboost|p1b: Rillaboom|atk|1
|move|p1a: Sneasler|Dire Claw|p2b: Incineroar
|-damage|p2b: Incineroar|71/100
|-status|p2b: Incineroar|par
|move|p1b: Rillaboom|Drum Beating|p2a: Farigiraf
|-damage|p2a: Farigiraf|76/100
|-unboost|p2a: Farigiraf|spe|1
|move|p2a: Farigiraf|Psychic Noise|p1a: Sneasler
|-supereffective|p1a: Sneasler
|-enditem|p1a: Sneasler|Focus Sash
|-damage|p1a: Sneasler|1/100
|-start|p1a: Sneasler|move: Heal Block
|
|-heal|p2a: Farigiraf|82/100|[from] Grassy Terrain
|-heal|p2b: Incineroar|77/100 par|[from] Grassy Terrain
|upkeep
|turn|3
|
|t:|1756182813
|move|p1a: Sneasler|Protect|p1a: Sneasler
|-singleturn|p1a: Sneasler|Protect
|move|p1b: Rillaboom|U-turn|p2a: Farigiraf
|-supereffective|p2a: Farigiraf
|-damage|p2a: Farigiraf|59/100
|-damage|p1b: Rillaboom|84/100|[from] item: Rocky Helmet|[of] p2a: Farigiraf
|
|t:|1756182820
|switch|p1b: Palafin|Palafin-Hero, L50, M|100/100|[from] U-turn
|-activate|p1b: Palafin|ability: Zero to Hero
|move|p2a: Farigiraf|Dazzling Gleam|p1b: Palafin|[spread] p1b
|-activate|p1a: Sneasler|move: Protect
|-damage|p1b: Palafin|83/100
|move|p2b: Incineroar|Flare Blitz|p1b: Palafin
|-resisted|p1b: Palafin
|-damage|p1b: Palafin|53/100
|-damage|p2b: Incineroar|68/100 par|[from] Recoil
|
|-heal|p1b: Palafin|59/100|[from] Grassy Terrain
|-heal|p2a: Farigiraf|65/100|[from] Grassy Terrain
|-heal|p2b: Incineroar|74/100 par|[from] Grassy Terrain
|-end|p1a: Sneasler|move: Heal Block
|upkeep
|turn|4
|
|t:|1756182852
|switch|p2b: Dragonite|Dragonite, L50, F|100/100
|move|p1b: Palafin|Protect|p1b: Palafin
|-singleturn|p1b: Palafin|Protect
|move|p1a: Sneasler|Close Combat|p2b: Dragonite
|-resisted|p2b: Dragonite
|-damage|p2b: Dragonite|87/100
|-unboost|p1a: Sneasler|def|1
|-unboost|p1a: Sneasler|spd|1
|move|p2a: Farigiraf|Dazzling Gleam|p1a: Sneasler|[spread] p1a
|-activate|p1b: Palafin|move: Protect
|-damage|p1a: Sneasler|0 fnt
|faint|p1a: Sneasler
|
|-heal|p1b: Palafin|64/100|[from] Grassy Terrain
|-heal|p2a: Farigiraf|71/100|[from] Grassy Terrain
|upkeep
|
|t:|1756182874
|switch|p1a: Gholdengo|Gholdengo, L50|100/100
|-enditem|p1a: Gholdengo|Grassy Seed
|-boost|p1a: Gholdengo|def|1|[from] item: Grassy Seed
|turn|5
|
|t:|1756182898
|switch|p2a: Incineroar|Incineroar, L50, M|74/100 par
|-ability|p2a: Incineroar|Intimidate|boost
|-unboost|p1a: Gholdengo|atk|1
|-unboost|p1b: Palafin|atk|1
|move|p1b: Palafin|Wave Crash|p2a: Incineroar
|-supereffective|p2a: Incineroar
|-damage|p2a: Incineroar|0 fnt
|faint|p2a: Incineroar
|-damage|p1b: Palafin|37/100|[from] Recoil
|move|p1a: Gholdengo|Nasty Plot|p1a: Gholdengo
|-boost|p1a: Gholdengo|spa|2
|move|p2b: Dragonite|Scale Shot|p1b: Palafin
|-damage|p1b: Palafin|20/100
|-damage|p1b: Palafin|4/100
|-damage|p1b: Palafin|0 fnt
|faint|p1b: Palafin
|-hitcount|p1: Palafin|3
|-unboost|p2b: Dragonite|def|1
|-boost|p2b: Dragonite|spe|1
|
|-fieldend|move: Grassy Terrain
|upkeep
|
|t:|1756182921
|switch|p1b: Rillaboom|Rillaboom, L50, M|84/100
|switch|p2a: Garchomp|Garchomp, L50, F, shiny|100/100
|-fieldstart|move: Grassy Terrain|[from] ability: Grassy Surge|[of] p1b: Rillaboom
|turn|6
|
|t:|1756182934
|move|p2b: Dragonite|Protect|p2b: Dragonite
|-singleturn|p2b: Dragonite|Protect
|move|p2a: Garchomp|Protect|p2a: Garchomp
|-singleturn|p2a: Garchomp|Protect
|move|p1b: Rillaboom|Fake Out|p2b: Dragonite
|-activate|p2b: Dragonite|move: Protect
|move|p1a: Gholdengo|Make It Rain|p2a: Garchomp|[spread] 
|-activate|p2a: Garchomp|move: Protect
|-activate|p2b: Dragonite|move: Protect
|
|-heal|p1b: Rillaboom|90/100|[from] Grassy Terrain
|upkeep
|turn|7
|
|t:|1756182979
|-terastallize|p1b: Rillaboom|Grass
|move|p1b: Rillaboom|Grassy Glide|p2b: Dragonite
|-resisted|p2b: Dragonite
|-damage|p2b: Dragonite|66/100
|move|p2b: Dragonite|Scale Shot|p1a: Gholdengo
|-resisted|p1a: Gholdengo
|-damage|p1a: Gholdengo|95/100
|-resisted|p1a: Gholdengo
|-damage|p1a: Gholdengo|89/100
|-resisted|p1a: Gholdengo
|-damage|p1a: Gholdengo|84/100
|-resisted|p1a: Gholdengo
|-damage|p1a: Gholdengo|78/100
|-hitcount|p1a: Gholdengo|4
|-unboost|p2b: Dragonite|def|1
|-boost|p2b: Dragonite|spe|1
|move|p2a: Garchomp|Stomping Tantrum|p1a: Gholdengo
|-supereffective|p1a: Gholdengo
|-damage|p1a: Gholdengo|5/100
|-damage|p2a: Garchomp|91/100|[from] item: Life Orb
|move|p1a: Gholdengo|Make It Rain|p2b: Dragonite|[spread] p2a,p2b
|-damage|p2a: Garchomp|0 fnt
|-damage|p2b: Dragonite|0 fnt
|-unboost|p1a: Gholdengo|spa|1
|faint|p2a: Garchomp
|faint|p2b: Dragonite
|
|-heal|p1b: Rillaboom|95/100|[from] Grassy Terrain
|-heal|p1a: Gholdengo|12/100|[from] Grassy Terrain
|upkeep
|
|t:|1756183004
|switch|p2a: Farigiraf|Farigiraf, L50, M|71/100
|turn|8
|c|☆bosilek|man I sure do love to see that
|
|t:|1756183018
|move|p1b: Rillaboom|Drum Beating|p2a: Farigiraf
|-damage|p2a: Farigiraf|23/100
|-unboost|p2a: Farigiraf|spe|1
|move|p1a: Gholdengo|Shadow Ball|p2a: Farigiraf
|-immune|p2a: Farigiraf
|move|p2a: Farigiraf|Dazzling Gleam|p1a: Gholdengo|[spread] p1a,p1b
|-resisted|p1a: Gholdengo
|-crit|p1b: Rillaboom
|-damage|p1a: Gholdengo|4/100
|-damage|p1b: Rillaboom|76/100
|
|-heal|p1b: Rillaboom|82/100|[from] Grassy Terrain
|-heal|p1a: Gholdengo|10/100|[from] Grassy Terrain
|-heal|p2a: Farigiraf|30/100|[from] Grassy Terrain
|upkeep
|turn|9
|-message|bosilek forfeited.
|
|win|Jebdon
