|j|☆milkandcereals
|j|☆capspungo
|html|milkandcerealscapspungo    
|uhtml|bestof|Game 3 of a best-of-3
|t:|1756500559
|gametype|doubles
|player|p1|milkandcereals|blue|1079
|player|p2|capspungo|169|1205
|gen|9
|tier|[Gen 9] VGC 2025 Reg H (Bo3)
|rated|
|rule|Species Clause: Limit one of each Pokémon
|rule|Item Clause: Limit 1 of each item
|clearpoke
|poke|p1|Porygon2, L50|
|poke|p1|Rillaboom, L50, M|
|poke|p1|Ursaluna, L50, F|
|poke|p1|Jumpluff, L50, M|
|poke|p1|Charizard, L50, M|
|poke|p1|Torkoal, L50, M|
|poke|p2|Ursaluna, L50, M|
|poke|p2|Indeedee-F, L50, F|
|poke|p2|Exeggutor, L50, M|
|poke|p2|Torkoal, L50, M|
|poke|p2|Gallade, L50, M|
|poke|p2|Zoroark-Hisui, L50, F|
|teampreview|4
|showteam|p1|Porygon2||Eviolite|Download|TeraBlast,IceBeam,TrickRoom,Recover||||||50|,,,,,Fighting]Rillaboom||AssaultVest|GrassySurge|FakeOut,GrassyGlide,WoodHammer,HighHorsepower|||M|||50|,,,,,Water]Ursaluna||FlameOrb|Guts|Protect,Facade,Earthquake,HeadlongRush|||F|||50|,,,,,Ghost]Jumpluff||CovertCloak|Chlorophyll|SleepPowder,SunnyDay,Tailwind,RagePowder|||M|||50|,,,,,Fire]Charizard||ChoiceSpecs|SolarPower|HeatWave,Overheat,WeatherBall,DragonPulse|||M|||50|,,,,,Ghost]Torkoal||EjectPack|Drought|Overheat,Eruption,HelpingHand,Protect|||M|||50|,,,,,Fire
|showteam|p2|Ursaluna||FlameOrb|Guts|Protect,Facade,Earthquake,HeadlongRush|||M|||50|,,,,,Ghost]Indeedee-F||PsychicSeed|PsychicSurge|TrickRoom,Psychic,FollowMe,HelpingHand|||F|||50|,,,,,Grass]Exeggutor||FocusSash|Chlorophyll|TrickRoom,ExpandingForce,EnergyBall,SleepPowder|||M|||50|,,,,,Psychic]Torkoal||Charcoal|Drought|Eruption,ClearSmog,Protect,WeatherBall|||M|||50|,,,,,Fire]Gallade||ClearAmulet|Sharpness|PsychoCut,TrickRoom,WideGuard,SacredSword|||M|||50|,,,,,Fire]Zoroark-Hisui||ChoiceSpecs|Illusion|HyperVoice,Flamethrower,ShadowBall,TeraBlast|||F|||50|,,,,,Stellar
|inactive|Battle timer is ON: inactive players will automatically lose when time's up. (requested by milkandcereals)
|
|t:|1756500586
|teamsize|p1|4
|teamsize|p2|4
|start
|switch|p1a: Porygon2|Porygon2, L50|100/100
|switch|p1b: Charizard|Charizard, L50, M|100/100
|switch|p2a: Indeedee|Indeedee-F, L50, F|100/100
|switch|p2b: Gallade|Gallade, L50, M|100/100
|-ability|p1a: Porygon2|Download|boost
|-boost|p1a: Porygon2|atk|1
|-fieldstart|move: Psychic Terrain|[from] ability: Psychic Surge|[of] p2a: Indeedee
|-enditem|p2a: Indeedee|Psychic Seed
|-boost|p2a: Indeedee|spd|1|[from] item: Psychic Seed
|turn|1
|inactive|milkandcereals has 30 seconds left.
|inactive|milkandcereals has 20 seconds left.
|inactive|milkandcereals has 15 seconds left.
|inactive|milkandcereals has 10 seconds left.
|
|t:|1756500632
|move|p2b: Gallade|Wide Guard|p2b: Gallade
|-singleturn|p2b: Gallade|Wide Guard
|move|p1b: Charizard|Overheat|p2b: Gallade
|-damage|p2b: Gallade|25/100
|-unboost|p1b: Charizard|spa|2
|move|p2a: Indeedee|Psychic|p1b: Charizard
|-damage|p1b: Charizard|54/100
|move|p1a: Porygon2|Trick Room|p1a: Porygon2
|-fieldstart|move: Trick Room|[of] p1a: Porygon2
|
|upkeep
|turn|2
|inactive|milkandcereals has 30 seconds left.
|inactive|milkandcereals has 20 seconds left.
|
|t:|1756500667
|switch|p1b: Rillaboom|Rillaboom, L50, M|100/100
|-fieldstart|move: Grassy Terrain|[from] ability: Grassy Surge|[of] p1b: Rillaboom
|move|p2a: Indeedee|Helping Hand|p2b: Gallade
|-singleturn|p2b: Gallade|Helping Hand|[of] p2a: Indeedee
|move|p1a: Porygon2|Tera Blast|p2b: Gallade
|-damage|p2b: Gallade|0 fnt
|faint|p2b: Gallade
|
|upkeep
|
|t:|1756500679
|switch|p2b: Torkoal|Torkoal, L50, M|100/100
|-weather|SunnyDay|[from] ability: Drought|[of] p2b: Torkoal
|turn|3
|
|t:|1756500703
|switch|p2a: Exeggutor|Exeggutor, L50, M|100/100
|move|p2b: Torkoal|Protect|p2b: Torkoal
|-singleturn|p2b: Torkoal|Protect
|move|p1b: Rillaboom|Fake Out|p2b: Torkoal
|-activate|p2b: Torkoal|move: Protect
|move|p1a: Porygon2|Trick Room|p1a: Porygon2
|-fieldend|move: Trick Room
|
|-weather|SunnyDay|[upkeep]
|upkeep
|turn|4
|inactive|milkandcereals has 30 seconds left.
|inactive|milkandcereals has 20 seconds left.
|inactive|milkandcereals has 15 seconds left.
|l|☆capspungo
|inactive|capspungo disconnected and has a minute to reconnect!
|player|p2|
|inactive|milkandcereals has 10 seconds left.
|j|☆capspungo
|inactive|capspungo reconnected.
|player|p2|capspungo|169|
|
|t:|1756500752
|switch|p2b: Indeedee|Indeedee-F, L50, F|100/100
|-fieldstart|move: Psychic Terrain|[from] ability: Psychic Surge|[of] p2b: Indeedee
|-terastallize|p2a: Exeggutor|Psychic
|move|p2a: Exeggutor|Expanding Force|p1b: Rillaboom|[spread] p1a,p1b
|-damage|p1a: Porygon2|48/100
|-damage|p1b: Rillaboom|39/100
|move|p1b: Rillaboom|High Horsepower|p2b: Indeedee
|-damage|p2b: Indeedee|69/100
|move|p1a: Porygon2|Tera Blast|p2a: Exeggutor
|-damage|p2a: Exeggutor|51/100
|
|-weather|SunnyDay|[upkeep]
|upkeep
|turn|5
|inactive|milkandcereals has 30 seconds left.
|inactive|milkandcereals has 20 seconds left.
|inactive|milkandcereals has 15 seconds left.
|inactive|milkandcereals has 10 seconds left.
|inactive|milkandcereals has 5 seconds left.
|
|t:|1756500806
|switch|p1b: Charizard|Charizard, L50, M|54/100
|switch|p1a: Ursaluna|Ursaluna, L50, F|100/100
|move|p2b: Indeedee|Helping Hand|p2a: Exeggutor
|-singleturn|p2a: Exeggutor|Helping Hand|[of] p2b: Indeedee
|move|p2a: Exeggutor|Expanding Force|p1b: Charizard|[spread] p1a,p1b
|-damage|p1a: Ursaluna|0 fnt
|-damage|p1b: Charizard|0 fnt
|faint|p1a: Ursaluna
|faint|p1b: Charizard
|
|-weather|SunnyDay|[upkeep]
|upkeep
|
|t:|1756500814
|switch|p1b: Porygon2|Porygon2, L50|48/100
|switch|p1a: Rillaboom|Rillaboom, L50, M|39/100
|-fieldstart|move: Grassy Terrain|[from] ability: Grassy Surge|[of] p1a: Rillaboom
|-ability|p1b: Porygon2|Download|boost
|-boost|p1b: Porygon2|spa|1
|turn|6
|inactive|milkandcereals has 30 seconds left.
|inactive|milkandcereals has 20 seconds left.
|inactive|capspungo has 30 seconds left.
|inactive|milkandcereals has 15 seconds left.
|
|t:|1756500855
|move|p1a: Rillaboom|Fake Out|p2b: Indeedee
|-damage|p2b: Indeedee|54/100
|cant|p2b: Indeedee|flinch
|move|p2a: Exeggutor|Expanding Force|p1b: Porygon2
|-damage|p1b: Porygon2|14/100
|move|p1b: Porygon2|Recover|p1b: Porygon2
|-heal|p1b: Porygon2|64/100
|
|-weather|SunnyDay|[upkeep]
|-heal|p2a: Exeggutor|57/100|[from] Grassy Terrain
|-heal|p1a: Rillaboom|44/100|[from] Grassy Terrain
|-heal|p1b: Porygon2|70/100|[from] Grassy Terrain
|-heal|p2b: Indeedee|60/100|[from] Grassy Terrain
|upkeep
|turn|7
|
|t:|1756500878
|move|p2b: Indeedee|Helping Hand|p2a: Exeggutor
|-singleturn|p2a: Exeggutor|Helping Hand|[of] p2b: Indeedee
|move|p2a: Exeggutor|Expanding Force|p1a: Rillaboom
|-damage|p1a: Rillaboom|0 fnt
|faint|p1a: Rillaboom
|move|p1b: Porygon2|Tera Blast|p2a: Exeggutor
|-damage|p2a: Exeggutor|0 fnt
|faint|p2a: Exeggutor
|
|-weather|none
|-heal|p1b: Porygon2|77/100|[from] Grassy Terrain
|-heal|p2b: Indeedee|66/100|[from] Grassy Terrain
|upkeep
|
|t:|1756500887
|switch|p2a: Torkoal|Torkoal, L50, M|100/100
|-weather|SunnyDay|[from] ability: Drought|[of] p2a: Torkoal
|turn|8
|inactive|milkandcereals has 30 seconds left.
|inactive|milkandcereals has 20 seconds left.
|
|t:|1756500926
|move|p2b: Indeedee|Follow Me|p2b: Indeedee
|-singleturn|p2b: Indeedee|move: Follow Me
|move|p1b: Porygon2|Tera Blast|p2b: Indeedee
|-damage|p2b: Indeedee|13/100
|move|p2a: Torkoal|Eruption|p1b: Porygon2
|-crit|p1b: Porygon2
|-damage|p1b: Porygon2|0 fnt
|faint|p1b: Porygon2
|
|win|capspungo
|raw|milkandcereals's rating: 1079 → 1065(-14 for losing)
|raw|capspungo's rating: 1205 → 1221(+16 for winning)
|l|☆capspungo
|player|p2|
