|j|☆TheHorrorHare
|j|☆zifisha
|html|TheHorrorHarezifisha    
|uhtml|bestof|Game 2 of a best-of-3
|t:|1783563352
|gametype|doubles
|player|p1|TheHorrorHare|#wcor2025canada|1365
|player|p2|zifisha|169|1436
|gen|9
|tier|[Gen 9 Champions] VGC 2026 Reg M-B (Bo3)
|rated|
|rule|Species Clause: Limit one of each Pokémon
|rule|Item Clause: Limit 1 of each item
|clearpoke
|poke|p1|Floette-Eternal, L50, F|
|poke|p1|Charizard, L50, M|
|poke|p1|Garchomp, L50, M|
|poke|p1|Whimsicott, L50, F|
|poke|p1|Basculegion, L50, M|
|poke|p1|Kingambit, L50, M|
|poke|p2|Raichu, L50, F, shiny|
|poke|p2|Primarina, L50, F, shiny|
|poke|p2|Scovillain, L50, M, shiny|
|poke|p2|Aerodactyl, L50, M|
|poke|p2|Gholdengo, L50, shiny|
|poke|p2|Incineroar, L50, M, shiny|
|teampreview|4
|showteam|p1|Floette-Eternal||Floettite|FlowerVeil|Moonblast,DazzlingGleam,LightofRuin,Protect|Modest||F|||50|]Charizard||CharizarditeY|Blaze|WeatherBall,HeatWave,SolarBeam,Protect|Modest||M|||50|]Garchomp||SitrusBerry|RoughSkin|DragonClaw,Earthquake,RockSlide,Protect|Adamant||M|||50|]Whimsicott||FocusSash|Prankster|Moonblast,Encore,Tailwind,Protect|Timid||F|||50|]Basculegion||MysticWater|Adaptability|WaveCrash,LastRespects,AquaJet,Protect|Adamant||M|||50|]Kingambit||BlackGlasses|Defiant|KowtowCleave,LowKick,SuckerPunch,Protect|Adamant||M|||50|
|showteam|p2|Raichu||RaichuniteY|LightningRod|FakeOut,ZapCannon,FocusBlast,Encore|Timid||F|||50|]Primarina||SitrusBerry|LiquidVoice|Protect,HyperVoice,DazzlingGleam,CalmMind|Modest||F|||50|]Scovillain||Scovillainite|Chlorophyll|LeafStorm,Overheat,RagePowder,Protect|Bold||M|||50|]Aerodactyl||FocusSash|Unnerve|RockSlide,Tailwind,IceFang,Protect|Jolly||M|||50|]Gholdengo||LifeOrb|GoodasGold|MakeItRain,ShadowBall,NastyPlot,Protect|Modest|||||50|]Incineroar||Charcoal|Intimidate|FakeOut,FlareBlitz,DarkestLariat,PartingShot|Adamant||M|||50|
|inactive|Battle timer is ON: inactive players will automatically lose when time's up. (requested by TheHorrorHare)
|inactive|zifisha has 60 seconds left.
|
|t:|1783563392
|teamsize|p1|4
|teamsize|p2|4
|start
|switch|p1a: Charizard|Charizard, L50, M|100/100
|switch|p1b: Kingambit|Kingambit, L50, M|100/100
|switch|p2a: Aerodactyl|Aerodactyl, L50, M|100/100
|switch|p2b: Incineroar|Incineroar, L50, M, shiny|100/100
|-ability|p2a: Aerodactyl|Unnerve
|-ability|p2b: Incineroar|Intimidate|boost
|-unboost|p1a: Charizard|atk|1
|-unboost|p1b: Kingambit|atk|1
|-ability|p1b: Kingambit|Defiant|boost
|-boost|p1b: Kingambit|atk|2
|turn|1
|inactive|TheHorrorHare has 30 seconds left.
|
|t:|1783563420
|switch|p1a: Basculegion|Basculegion, L50, M|100/100
|switch|p1b: Whimsicott|Whimsicott, L50, F|100/100
|move|p2a: Aerodactyl|Rock Slide|p1b: Whimsicott|[spread] p1a,p1b
|-damage|p1a: Basculegion|73/100
|-damage|p1b: Whimsicott|62/100
|move|p2b: Incineroar|Flare Blitz|p1b: Whimsicott
|-supereffective|p1b: Whimsicott|1
|-damage|p1b: Whimsicott|0 fnt
|faint|p1b: Whimsicott
|-damage|p2b: Incineroar|85/100|[from] Recoil
|
|upkeep
|
|t:|1783563424
|switch|p1b: Kingambit|Kingambit, L50, M|100/100
|turn|2
|
|t:|1783563449
|switch|p2b: Primarina|Primarina, L50, F, shiny|100/100
|move|p2a: Aerodactyl|Protect|p2a: Aerodactyl
|-singleturn|p2a: Aerodactyl|Protect
|move|p1a: Basculegion|Protect|p1a: Basculegion
|-singleturn|p1a: Basculegion|Protect
|move|p1b: Kingambit|Kowtow Cleave|p2a: Aerodactyl
|-activate|p2a: Aerodactyl|move: Protect
|
|upkeep
|turn|3
|
|t:|1783563464
|move|p2a: Aerodactyl|Tailwind|p2a: Aerodactyl
|-sidestart|p2: zifisha|move: Tailwind
|move|p2b: Primarina|Dazzling Gleam|p1b: Kingambit|[spread] p1a,p1b
|-damage|p1a: Basculegion|34/100
|-damage|p1b: Kingambit|65/100
|move|p1a: Basculegion|Last Respects|p2b: Primarina
|-damage|p2b: Primarina|21/100
|-enditem|p2b: Primarina|Sitrus Berry|[eat]
|-heal|p2b: Primarina|45/100|[from] item: Sitrus Berry
|move|p1b: Kingambit|Kowtow Cleave|p2a: Aerodactyl
|-damage|p2a: Aerodactyl|4/100
|
|upkeep
|turn|4
|
|t:|1783563481
|move|p1a: Basculegion|Aqua Jet|p2b: Primarina
|-resisted|p2b: Primarina|1
|-damage|p2b: Primarina|28/100
|move|p1b: Kingambit|Sucker Punch|p2b: Primarina
|-resisted|p2b: Primarina|1
|-damage|p2b: Primarina|0 fnt
|faint|p2b: Primarina
|move|p2a: Aerodactyl|Rock Slide|p1a: Basculegion|[spread] p1a,p1b
|-resisted|p1b: Kingambit|1
|-damage|p1a: Basculegion|6/100
|-damage|p1b: Kingambit|55/100
|
|upkeep
|
|t:|1783563488
|switch|p2b: Raichu|Raichu, L50, F, shiny|100/100
|turn|5
|
|t:|1783563509
|detailschange|p2b: Raichu|Raichu-Mega-Y, L50, F, shiny
|-mega|p2b: Raichu|Raichu|Raichunite Y
|move|p1a: Basculegion|Protect|p1a: Basculegion
|-singleturn|p1a: Basculegion|Protect
|move|p1b: Kingambit|Protect|p1b: Kingambit
|-singleturn|p1b: Kingambit|Protect
|move|p2a: Aerodactyl|Rock Slide|p1b: Kingambit|[spread] 
|-activate|p1a: Basculegion|move: Protect
|-activate|p1b: Kingambit|move: Protect
|move|p2b: Raichu|Focus Blast|p1b: Kingambit
|-activate|p1b: Kingambit|move: Protect
|
|upkeep
|turn|6
|
|t:|1783563520
|move|p1a: Basculegion|Aqua Jet|p2b: Raichu
|-damage|p2b: Raichu|55/100
|move|p1b: Kingambit|Sucker Punch||[still]
|-fail|p1b: Kingambit
|move|p2a: Aerodactyl|Rock Slide|p1a: Basculegion|[spread] p1a,p1b
|-resisted|p1b: Kingambit|1
|-damage|p1a: Basculegion|0 fnt
|-damage|p1b: Kingambit|45/100
|faint|p1a: Basculegion
|move|p2b: Raichu|Encore|p1b: Kingambit
|-start|p1b: Kingambit|Encore
|
|-sideend|p2: zifisha|move: Tailwind
|upkeep
|
|t:|1783563524
|switch|p1a: Charizard|Charizard, L50, M|100/100
|turn|7
|inactive|zifisha has 30 seconds left.
|inactive|zifisha has 20 seconds left.
|
|t:|1783563560
|switch|p2b: Incineroar|Incineroar, L50, M, shiny|85/100
|-ability|p2b: Incineroar|Intimidate|boost
|-unboost|p1a: Charizard|atk|1
|-unboost|p1b: Kingambit|atk|1
|-ability|p1b: Kingambit|Defiant|boost
|-boost|p1b: Kingambit|atk|2
|detailschange|p1a: Charizard|Charizard-Mega-Y, L50, M
|-mega|p1a: Charizard|Charizard|Charizardite Y
|-weather|SunnyDay|[from] ability: Drought|[of] p1a: Charizard
|move|p1b: Kingambit|Sucker Punch||[still]
|-fail|p1b: Kingambit
|move|p2a: Aerodactyl|Rock Slide|p1b: Kingambit|[spread] p1a,p1b
|-supereffective|p1a: Charizard|2
|-resisted|p1b: Kingambit|1
|-damage|p1a: Charizard|11/100
|-damage|p1b: Kingambit|35/100
|move|p1a: Charizard|Weather Ball|p2a: Aerodactyl
|-resisted|p2a: Aerodactyl|1
|-damage|p2a: Aerodactyl|0 fnt
|faint|p2a: Aerodactyl
|
|-weather|SunnyDay|[upkeep]
|upkeep
|
|t:|1783563574
|switch|p2a: Raichu|Raichu-Mega-Y, L50, F, shiny|55/100
|turn|8
|
|t:|1783563584
|move|p2a: Raichu|Fake Out|p1a: Charizard
|-damage|p1a: Charizard|3/100
|move|p1b: Kingambit|Sucker Punch|p2b: Incineroar
|-resisted|p2b: Incineroar|1
|-damage|p2b: Incineroar|47/100
|cant|p1a: Charizard|flinch
|move|p2b: Incineroar|Flare Blitz|p1b: Kingambit
|-supereffective|p1b: Kingambit|1
|-damage|p1b: Kingambit|0 fnt
|faint|p1b: Kingambit
|-damage|p2b: Incineroar|36/100|[from] Recoil
|
|-weather|SunnyDay|[upkeep]
|upkeep
|turn|9
|-message|TheHorrorHare forfeited.
|
|win|zifisha
|raw|TheHorrorHare's rating: 1365 → 1349(-16 for losing)
|raw|zifisha's rating: 1436 → 1452(+16 for winning)
|l|☆TheHorrorHare
|player|p1|
|l|☆zifisha
|player|p2|
|j|☆zifisha
|player|p2|zifisha|169|
|l|☆zifisha
|player|p2|
|j|☆zifisha
|player|p2|zifisha|169|
