|j|☆1 miss her
|j|☆Gozante
|html|1 miss herGozante    
|uhtml|bestof|Game 1 of a best-of-3
|t:|1783953191
|gametype|doubles
|player|p1|1 miss her|lebanne|1339
|player|p2|Gozante|169|1408
|gen|9
|tier|[Gen 9 Champions] VGC 2026 Reg M-B (Bo3)
|rated|
|rule|Species Clause: Limit one of each Pokémon
|rule|Item Clause: Limit 1 of each item
|clearpoke
|poke|p1|Incineroar, L50, M|
|poke|p1|Farigiraf, L50, F|
|poke|p1|Aerodactyl, L50, M|
|poke|p1|Sylveon, L50, F|
|poke|p1|Garchomp, L50, F|
|poke|p1|Charizard, L50, F|
|poke|p2|Aerodactyl, L50, F|
|poke|p2|Garchomp, L50, M|
|poke|p2|Kingambit, L50, F|
|poke|p2|Charizard, L50, F|
|poke|p2|Sylveon, L50, F|
|poke|p2|Farigiraf, L50, M|
|teampreview|4
|showteam|p1|Incineroar||Charcoal|Intimidate|FakeOut,FlareBlitz,DarkestLariat,PartingShot|Brave||M|||50|]Farigiraf||SitrusBerry|ArmorTail|TrickRoom,Psyshock,HelpingHand,Protect|Bold||F|||50|]Aerodactyl||FocusSash|Unnerve|RockSlide,Tailwind,WideGuard,Protect|Jolly||M|||50|]Sylveon||FairyFeather|Pixilate|HyperVoice,QuickAttack,Yawn,Protect|Modest||F|||50|]Garchomp||LifeOrb|RoughSkin|Earthquake,DragonClaw,StompingTantrum,Protect|Jolly||F|||50|]Charizard||CharizarditeY|Blaze|HeatWave,WeatherBall,SolarBeam,Protect|Modest||F|||50|
|showteam|p2|Aerodactyl||Aerodactylite|Unnerve|IceFang,RockSlide,Tailwind,DualWingbeat|Jolly||F|||50|]Garchomp||LifeOrb|RoughSkin|DragonClaw,RockSlide,Earthquake,Protect|Jolly||M|||50|]Kingambit||FocusSash|Defiant|SuckerPunch,KowtowCleave,IronHead,LowKick|Adamant||F|||50|]Charizard||CharizarditeY|Blaze|HeatWave,WeatherBall,Protect,SolarBeam|Modest||F|||50|]Sylveon||FairyFeather|Pixilate|Protect,HyperVoice,HyperBeam,QuickAttack|Modest||F|||50|]Farigiraf||SitrusBerry|ArmorTail|TrickRoom,Thunderbolt,Roar,Psychic|Bold||M|||50|
|inactive|Battle timer is ON: inactive players will automatically lose when time's up. (requested by 1 miss her)
|c|☆Gozante|Let her go bro :(
|inactive|1 miss her has 60 seconds left.
|
|t:|1783953236
|teamsize|p1|4
|teamsize|p2|4
|start
|switch|p1a: Farigiraf|Farigiraf, L50, F|100/100
|switch|p1b: Incineroar|Incineroar, L50, M|100/100
|switch|p2a: Aerodactyl|Aerodactyl, L50, F|100/100
|switch|p2b: Kingambit|Kingambit, L50, F|100/100
|-ability|p2a: Aerodactyl|Unnerve
|-ability|p1b: Incineroar|Intimidate|boost
|-unboost|p2a: Aerodactyl|atk|1
|-unboost|p2b: Kingambit|atk|1
|-ability|p2b: Kingambit|Defiant|boost
|-boost|p2b: Kingambit|atk|2
|turn|1
|
|t:|1783953258
|switch|p2b: Garchomp|Garchomp, L50, M|100/100
|move|p1b: Incineroar|Fake Out|p2b: Garchomp
|-damage|p2b: Garchomp|86/100
|-damage|p1b: Incineroar|87/100|[from] ability: Rough Skin|[of] p2b: Garchomp
|move|p2a: Aerodactyl|Rock Slide|p1b: Incineroar|[spread] p1a,p1b
|-supereffective|p1b: Incineroar|1
|-damage|p1a: Farigiraf|87/100
|-damage|p1b: Incineroar|57/100
|cant|p1a: Farigiraf|flinch
|
|upkeep
|turn|2
|
|t:|1783953280
|switch|p1b: Sylveon|Sylveon, L50, F|100/100
|detailschange|p2a: Aerodactyl|Aerodactyl-Mega, L50, F
|-mega|p2a: Aerodactyl|Aerodactyl|Aerodactylite
|move|p2a: Aerodactyl|Rock Slide|p1a: Farigiraf|[spread] p1a,p1b
|-damage|p1a: Farigiraf|74/100
|-damage|p1b: Sylveon|79/100
|move|p2b: Garchomp|Earthquake|p1b: Sylveon|[spread] p1a,p1b
|-immune|p2a: Aerodactyl
|-damage|p1a: Farigiraf|37/100
|-damage|p1b: Sylveon|25/100
|-enditem|p1a: Farigiraf|Sitrus Berry|[eat]
|-heal|p1a: Farigiraf|62/100|[from] item: Sitrus Berry
|-damage|p2b: Garchomp|76/100|[from] item: Life Orb
|move|p1a: Farigiraf|Trick Room|p1a: Farigiraf
|-fieldstart|move: Trick Room|[of] p1a: Farigiraf
|
|upkeep
|turn|3
|c|☆1 miss her|I try to bro
|c|☆1 miss her|I really do
|
|t:|1783953299
|move|p1a: Farigiraf|Helping Hand|p1b: Sylveon
|-singleturn|p1b: Sylveon|Helping Hand|[of] p1a: Farigiraf
|move|p2b: Garchomp|Protect|p2b: Garchomp
|-singleturn|p2b: Garchomp|Protect
|move|p1b: Sylveon|Hyper Voice|p2a: Aerodactyl|[spread] p2a
|-activate|p2b: Garchomp|move: Protect
|-damage|p2a: Aerodactyl|25/100
|move|p2a: Aerodactyl|Dual Wingbeat|p1b: Sylveon
|-damage|p1b: Sylveon|6/100
|-damage|p1b: Sylveon|0 fnt
|faint|p1b: Sylveon
|-hitcount|p1: Sylveon|2
|
|upkeep
|
|t:|1783953306
|switch|p1b: Garchomp|Garchomp, L50, F|100/100
|turn|4
|
|t:|1783953318
|move|p1a: Farigiraf|Psyshock|p2a: Aerodactyl
|-damage|p2a: Aerodactyl|0 fnt
|faint|p2a: Aerodactyl
|move|p1b: Garchomp|Dragon Claw|p2b: Garchomp
|-supereffective|p2b: Garchomp|1
|-damage|p2b: Garchomp|0 fnt
|-damage|p1b: Garchomp|87/100|[from] ability: Rough Skin|[of] p2b: Garchomp
|faint|p2b: Garchomp
|-damage|p1b: Garchomp|77/100|[from] item: Life Orb
|
|upkeep
|
|t:|1783953323
|switch|p2b: Kingambit|Kingambit, L50, F|100/100
|switch|p2a: Sylveon|Sylveon, L50, F|100/100
|turn|5
|
|t:|1783953342
|move|p1b: Garchomp|Protect|p1b: Garchomp
|-singleturn|p1b: Garchomp|Protect
|move|p2a: Sylveon|Hyper Voice|p1a: Farigiraf|[spread] p1a
|-activate|p1b: Garchomp|move: Protect
|-damage|p1a: Farigiraf|18/100
|move|p2b: Kingambit|Kowtow Cleave|p1a: Farigiraf
|-supereffective|p1a: Farigiraf|1
|-damage|p1a: Farigiraf|0 fnt
|faint|p1a: Farigiraf
|
|upkeep
|
|t:|1783953350
|switch|p1a: Incineroar|Incineroar, L50, M|57/100
|-ability|p1a: Incineroar|Intimidate|boost
|-unboost|p2a: Sylveon|atk|1
|-unboost|p2b: Kingambit|atk|1
|-ability|p2b: Kingambit|Defiant|boost
|-boost|p2b: Kingambit|atk|2
|turn|6
|inactive|Gozante has 30 seconds left.
|
|t:|1783953377
|move|p2a: Sylveon|Protect|p2a: Sylveon
|-singleturn|p2a: Sylveon|Protect
|move|p1a: Incineroar|Fake Out|p2a: Sylveon
|-activate|p2a: Sylveon|move: Protect
|move|p2b: Kingambit|Low Kick|p1a: Incineroar
|-supereffective|p1a: Incineroar|1
|-damage|p1a: Incineroar|0 fnt
|faint|p1a: Incineroar
|move|p1b: Garchomp|Stomping Tantrum|p2b: Kingambit
|-supereffective|p2b: Kingambit|1
|-damage|p2b: Kingambit|2/100
|-damage|p1b: Garchomp|68/100|[from] item: Life Orb
|
|-fieldend|move: Trick Room
|upkeep
|turn|7
|
|t:|1783953392
|move|p1b: Garchomp|Earthquake|p2b: Kingambit|[spread] p2a,p2b
|-supereffective|p2b: Kingambit|1
|-damage|p2a: Sylveon|40/100
|-damage|p2b: Kingambit|0 fnt
|faint|p2b: Kingambit
|-damage|p1b: Garchomp|58/100|[from] item: Life Orb
|move|p2a: Sylveon|Hyper Voice|p1b: Garchomp
|-supereffective|p1b: Garchomp|1
|-damage|p1b: Garchomp|0 fnt
|faint|p1b: Garchomp
|
|win|Gozante
||1 miss her is ready for game 2.
||Gozante is ready for game 2.
|uhtml|next|Next: Game 2 of 3
|l|☆Gozante
|player|p2|
|j|☆Gozante
|player|p2|Gozante|169|
