|j|☆MrMrvz
|j|☆thebrickwall285
|html|MrMrvzthebrickwall285    
|uhtml|bestof|Game 2 of a best-of-3
|t:|1785441938
|gametype|doubles
|player|p1|MrMrvz|ethan|1147
|player|p2|thebrickwall285|101|1118
|gen|9
|tier|[Gen 9 Champions] VGC 2026 Reg M-B (Bo3)
|rated|
|rule|Species Clause: Limit one of each Pokémon
|rule|Item Clause: Limit 1 of each item
|clearpoke
|poke|p1|Feraligatr, L50, M, shiny|
|poke|p1|Staraptor, L50, M|
|poke|p1|Whimsicott, L50, M|
|poke|p1|Glimmora, L50, F|
|poke|p1|Delphox, L50, M|
|poke|p1|Kingambit, L50, M, shiny|
|poke|p2|Scovillain, L50, F|
|poke|p2|Aerodactyl, L50, F|
|poke|p2|Sylveon, L50, F|
|poke|p2|Salazzle, L50, F|
|poke|p2|Meowstic, L50, M|
|poke|p2|Kingambit, L50, F|
|teampreview|4
|showteam|p1|Feraligatr||LifeOrb|SheerForce|Liquidation,RockSlide,IcePunch,AquaJet|Adamant||M|||50|]Staraptor||Staraptite|Intimidate|BraveBird,CloseCombat,Roost,Protect|Jolly||M|||50|]Whimsicott||OccaBerry|Prankster|Tailwind,Moonblast,Charm,LightScreen|Timid||M|||50|]Glimmora||FocusSash|ToxicDebris|PowerGem,SludgeBomb,EarthPower,SpikyShield|Modest||F|||50|]Delphox||Delphoxite|Blaze|HeatWave,Psychic,Encore,Protect|Timid||M|||50|]Kingambit||ChopleBerry|Defiant|KowtowCleave,IronHead,LowKick,SuckerPunch|Adamant||M|||50|
|showteam|p2|Scovillain||Scovillainite|Chlorophyll|Flamethrower,GigaDrain,RagePowder,LeechSeed|Modest||F|||50|]Aerodactyl||Aerodactylite|RockHead|DragonClaw,Tailwind,DualWingbeat,RockSlide|Jolly||F|||50|]Sylveon||SitrusBerry|Pixilate|CalmMind,Protect,HyperVoice,ShadowBall|Modest||F|||50|]Salazzle||ShellBell|Corrosion|FakeOut,Flamethrower,SludgeBomb,Toxic|Hasty||F|||50|]Meowstic||FocusSash|Prankster|FakeOut,TrickRoom,Psychic,SunnyDay|Sassy||M|||50|]Kingambit||Leftovers|Defiant|IronHead,LowKick,SuckerPunch,KowtowCleave|Adamant||F|||50|
|
|t:|1785441971
|teamsize|p1|4
|teamsize|p2|4
|start
|switch|p1a: Feraligatr|Feraligatr, L50, M, shiny|100/100
|switch|p1b: Whimsicott|Whimsicott, L50, M|100/100
|switch|p2a: Meowstic|Meowstic, L50, M|100/100
|switch|p2b: Scovillain|Scovillain, L50, F|100/100
|turn|1
|
|t:|1785441995
|detailschange|p2b: Scovillain|Scovillain-Mega, L50, F
|-mega|p2b: Scovillain|Scovillain|Scovillainite
|move|p1b: Whimsicott|Light Screen|p1b: Whimsicott
|-sidestart|p1: MrMrvz|move: Light Screen
|move|p1a: Feraligatr|Rock Slide|p2b: Scovillain|[spread] p2a,p2b
|-supereffective|p2b: Scovillain|1
|-damage|p2a: Meowstic|64/100
|-damage|p2b: Scovillain|31/100
|-status|p1a: Feraligatr|brn|[from] ability: Spicy Spray|[of] p2b: Scovillain
|move|p2b: Scovillain|Giga Drain|p1a: Feraligatr
|-supereffective|p1a: Feraligatr|1
|-damage|p1a: Feraligatr|42/100 brn
|-heal|p2b: Scovillain|63/100|[from] drain|[of] p1a: Feraligatr
|move|p2a: Meowstic|Trick Room|p2a: Meowstic
|-fieldstart|move: Trick Room|[of] p2a: Meowstic
|
|-damage|p1a: Feraligatr|37/100 brn|[from] brn
|upkeep
|turn|2
|
|t:|1785442021
|switch|p1a: Glimmora|Glimmora, L50, F|100/100
|switch|p2a: Sylveon|Sylveon, L50, F|100/100
|move|p2b: Scovillain|Flamethrower|p1b: Whimsicott
|-supereffective|p1b: Whimsicott|1
|-enditem|p1b: Whimsicott|Occa Berry|[eat]
|-enditem|p1b: Whimsicott|Occa Berry|[weaken]
|-damage|p1b: Whimsicott|49/100
|move|p1b: Whimsicott|Moonblast|p2a: Sylveon
|-damage|p2a: Sylveon|81/100
|
|upkeep
|turn|3
|
|t:|1785442039
|switch|p1b: Delphox|Delphox, L50, M|100/100
|move|p2a: Sylveon|Hyper Voice|p1a: Glimmora|[spread] p1a,p1b
|-resisted|p1a: Glimmora|1
|-resisted|p1b: Delphox|1
|-damage|p1a: Glimmora|83/100
|-damage|p1b: Delphox|82/100
|move|p2b: Scovillain|Giga Drain|p1a: Glimmora
|-damage|p1a: Glimmora|42/100
|-heal|p2b: Scovillain|83/100|[from] drain|[of] p1a: Glimmora
|move|p1a: Glimmora|Sludge Bomb|p2a: Sylveon
|-supereffective|p2a: Sylveon|1
|-damage|p2a: Sylveon|15/100
|-status|p2a: Sylveon|psn
|-enditem|p2a: Sylveon|Sitrus Berry|[eat]
|-heal|p2a: Sylveon|40/100 psn|[from] item: Sitrus Berry
|
|-damage|p2a: Sylveon|27/100 psn|[from] psn
|upkeep
|turn|4
|
|t:|1785442072
|detailschange|p1b: Delphox|Delphox-Mega, L50, M
|-mega|p1b: Delphox|Delphox|Delphoxite
|move|p1a: Glimmora|Spiky Shield|p1a: Glimmora
|-singleturn|p1a: Glimmora|move: Protect
|move|p1b: Delphox|Protect|p1b: Delphox
|-singleturn|p1b: Delphox|Protect
|move|p2a: Sylveon|Shadow Ball|p1b: Delphox
|-activate|p1b: Delphox|move: Protect
|move|p2b: Scovillain|Giga Drain|p1a: Glimmora
|-activate|p1a: Glimmora|move: Protect
|
|-damage|p2a: Sylveon|15/100 psn|[from] psn
|upkeep
|turn|5
|
|t:|1785442096
|switch|p1b: Whimsicott|Whimsicott, L50, M|49/100
|move|p2a: Sylveon|Shadow Ball|p1b: Whimsicott
|-damage|p1b: Whimsicott|23/100
|move|p2b: Scovillain|Giga Drain|p1a: Glimmora
|-damage|p1a: Glimmora|0 fnt
|-heal|p2b: Scovillain|100/100|[from] drain|[of] p1a: Glimmora
|faint|p1a: Glimmora
|
|-damage|p2a: Sylveon|2/100 psn|[from] psn
|-sideend|p1: MrMrvz|move: Light Screen
|-fieldend|move: Trick Room
|upkeep
|
|t:|1785442113
|switch|p1a: Feraligatr|Feraligatr, L50, M, shiny|37/100 brn
|turn|6
|
|t:|1785442119
|move|p1b: Whimsicott|Tailwind|p1b: Whimsicott
|-sidestart|p1: MrMrvz|move: Tailwind
|move|p1a: Feraligatr|Rock Slide|p2b: Scovillain|[spread] p2a,p2b
|-crit|p2a: Sylveon
|-supereffective|p2b: Scovillain|1
|-damage|p2a: Sylveon|0 fnt
|-damage|p2b: Scovillain|69/100
|faint|p2a: Sylveon
|move|p2b: Scovillain|Giga Drain|p1a: Feraligatr
|-supereffective|p1a: Feraligatr|1
|-crit|p1a: Feraligatr
|-damage|p1a: Feraligatr|0 fnt
|-heal|p2b: Scovillain|90/100|[from] drain|[of] p1a: Feraligatr
|faint|p1a: Feraligatr
|
|upkeep
|
|t:|1785442132
|switch|p1a: Delphox|Delphox-Mega, L50, M|82/100
|switch|p2a: Meowstic|Meowstic, L50, M|64/100
|turn|7
|
|t:|1785442157
|move|p2a: Meowstic|Fake Out|p1a: Delphox
|-damage|p1a: Delphox|75/100
|move|p1b: Whimsicott|Light Screen|p1b: Whimsicott
|-sidestart|p1: MrMrvz|move: Light Screen
|cant|p1a: Delphox|flinch
|move|p2b: Scovillain|Flamethrower|p1b: Whimsicott
|-supereffective|p1b: Whimsicott|1
|-damage|p1b: Whimsicott|0 fnt
|faint|p1b: Whimsicott
|
|upkeep
|turn|8
|
|t:|1785442168
|move|p1a: Delphox|Heat Wave|p2b: Scovillain|[spread] p2a,p2b
|-damage|p2a: Meowstic|30/100
|-damage|p2b: Scovillain|39/100
|-immune|p1a: Delphox
|move|p2b: Scovillain|Leech Seed|p1a: Delphox
|-start|p1a: Delphox|move: Leech Seed
|move|p2a: Meowstic|Trick Room|p2a: Meowstic
|-fieldstart|move: Trick Room|[of] p2a: Meowstic
|
|-damage|p1a: Delphox|63/100|[from] Leech Seed|[of] p2b: Scovillain
|-heal|p2b: Scovillain|50/100y|[silent]
|upkeep
|turn|9
|
|t:|1785442185
|move|p2b: Scovillain|Flamethrower|p1a: Delphox
|-resisted|p1a: Delphox|1
|-damage|p1a: Delphox|47/100
|move|p2a: Meowstic|Psychic|p1a: Delphox
|-resisted|p1a: Delphox|1
|-damage|p1a: Delphox|38/100
|move|p1a: Delphox|Encore|p2a: Meowstic
|-start|p2a: Meowstic|Encore
|
|-damage|p1a: Delphox|26/100|[from] Leech Seed|[of] p2b: Scovillain
|-heal|p2b: Scovillain|60/100|[silent]
|-sideend|p1: MrMrvz|move: Tailwind
|upkeep
|turn|10
|
|t:|1785442208
|move|p2b: Scovillain|Flamethrower|p1a: Delphox
|-resisted|p1a: Delphox|1
|-damage|p1a: Delphox|7/100
|move|p2a: Meowstic|Psychic|p1a: Delphox
|-resisted|p1a: Delphox|1
|-crit|p1a: Delphox
|-damage|p1a: Delphox|0 fnt
|faint|p1a: Delphox
|
|win|thebrickwall285
||thebrickwall285 is ready for game 3.
