|j|☆bosilek
|j|☆5minutestolive
|html|bosilek5minutestolive    
|uhtml|bestof|Game 2 of a best-of-3
|t:|1756270715
|gametype|doubles
|player|p1|bosilek|hilbert-wonderlauncher|1138
|player|p2|5minutestolive|winona|1292
|gen|9
|tier|[Gen 9] VGC 2025 Reg H (Bo3)
|rated|
|rule|Species Clause: Limit one of each Pokémon
|rule|Item Clause: Limit 1 of each item
|clearpoke
|poke|p1|Garchomp, L50, M|
|poke|p1|Talonflame, L50, F|
|poke|p1|Gholdengo, L50|
|poke|p1|Ninetales-Alola, L50, M|
|poke|p1|Hydreigon, L50, M|
|poke|p1|Annihilape, L50, F|
|poke|p2|Ninetales-Alola, L50, M|
|poke|p2|Ursaluna-Bloodmoon, L50, M|
|poke|p2|Gholdengo, L50|
|poke|p2|Amoonguss, L50, F|
|poke|p2|Annihilape, L50, M|
|poke|p2|Dragonite, L50, F|
|teampreview|4
|showteam|p1|Garchomp||LifeOrb|RoughSkin|Protect,Earthquake,DragonClaw,StompingTantrum|||M|||50|,,,,,Steel]Talonflame||CovertCloak|GaleWings|BraveBird,Taunt,WillOWisp,Tailwind|||F|||50|,,,,,Grass]Gholdengo||MetalCoat|GoodasGold|MakeItRain,ShadowBall,Protect,NastyPlot||||||50|,,,,,Water]Ninetales-Alola||FocusSash|SnowWarning|Blizzard,FreezeDry,Encore,Protect|||M|||50|,,,,,Water]Hydreigon||ChoiceSpecs|Levitate|HeatWave,Snarl,EarthPower,DragonPulse|||M|||50|,,,,,Fire]Annihilape||SafetyGoggles|Defiant|FinalGambit,RageFist,CloseCombat,Protect|||F|||50|,,,,,Fire
|showteam|p2|Ninetales-Alola||CovertCloak|SnowWarning|IcyWind,Blizzard,AuroraVeil,IcicleSpear|||M|||50|,,,,,Water]Ursaluna-Bloodmoon||AssaultVest|MindsEye|BloodMoon,EarthPower,HyperVoice,VacuumWave|||M|||50|,,,,,Water]Gholdengo||LifeOrb|GoodasGold|Protect,NastyPlot,MakeItRain,ShadowBall||||||50|,,,,,Water]Amoonguss||SitrusBerry|Regenerator|Spore,RagePowder,PollenPuff,Protect|||F|||50|,,,,,Psychic]Annihilape||SafetyGoggles|Defiant|RageFist,BulkUp,DrainPunch,Protect|||M|||50|,,,,,Fire]Dragonite||LoadedDice|Multiscale|ScaleShot,Tailwind,Haze,Protect|||F|||50|,,,,,Fairy
|
|t:|1756270772
|teamsize|p1|4
|teamsize|p2|4
|start
|switch|p1a: Talonflame|Talonflame, L50, F|100/100
|switch|p1b: Annihilape|Annihilape, L50, F|100/100
|switch|p2a: Ursaluna|Ursaluna-Bloodmoon, L50, M|100/100
|switch|p2b: Amoonguss|Amoonguss, L50, F|100/100
|turn|1
|
|t:|1756270790
|move|p1a: Talonflame|Taunt|p2b: Amoonguss
|-start|p2b: Amoonguss|move: Taunt
|move|p1b: Annihilape|Final Gambit|p2a: Ursaluna
|-damage|p2a: Ursaluna|0 fnt
|faint|p1b: Annihilape
|faint|p2a: Ursaluna
|move|p2b: Amoonguss|Pollen Puff|p2: Ursaluna|[notarget]
|-fail|p2b: Amoonguss
|
|upkeep
|
|t:|1756270801
|switch|p1b: Hydreigon|Hydreigon, L50, M|100/100
|switch|p2a: Gholdengo|Gholdengo, L50|100/100
|turn|2
|
|t:|1756270823
|switch|p2b: Dragonite|Dragonite, L50, F|100/100
|-terastallize|p2a: Gholdengo|Water
|move|p1a: Talonflame|Taunt|p2a: Gholdengo
|-immune|p2a: Gholdengo|[from] ability: Good as Gold
|move|p1b: Hydreigon|Snarl|p2b: Dragonite|[spread] p2a,p2b
|-damage|p2a: Gholdengo|66/100
|-damage|p2b: Dragonite|86/100
|-unboost|p2a: Gholdengo|spa|1
|-unboost|p2b: Dragonite|spa|1
|move|p2a: Gholdengo|Make It Rain|p1b: Hydreigon|[spread] p1a,p1b
|-resisted|p1a: Talonflame
|-damage|p1a: Talonflame|69/100
|-damage|p1b: Hydreigon|57/100
|-unboost|p2a: Gholdengo|spa|1
|-damage|p2a: Gholdengo|57/100|[from] item: Life Orb
|
|upkeep
|turn|3
|
|t:|1756270849
|-terastallize|p1b: Hydreigon|Fire
|move|p2b: Dragonite|Protect|p2b: Dragonite
|-singleturn|p2b: Dragonite|Protect
|move|p1a: Talonflame|Will-O-Wisp|p2b: Dragonite
|-activate|p2b: Dragonite|move: Protect
|move|p1b: Hydreigon|Snarl|p2b: Dragonite|[spread] p2a
|-activate|p2b: Dragonite|move: Protect
|-damage|p2a: Gholdengo|22/100
|-unboost|p2a: Gholdengo|spa|1
|move|p2a: Gholdengo|Shadow Ball|p1a: Talonflame
|-damage|p1a: Talonflame|36/100
|-damage|p2a: Gholdengo|12/100|[from] item: Life Orb
|
|upkeep
|turn|4
|
|t:|1756270874
|move|p1a: Talonflame|Will-O-Wisp|p2b: Dragonite|[miss]
|-miss|p1a: Talonflame|p2b: Dragonite
|move|p1b: Hydreigon|Snarl|p2b: Dragonite|[spread] p2a,p2b
|-damage|p2a: Gholdengo|0 fnt
|-damage|p2b: Dragonite|53/100
|-unboost|p2b: Dragonite|spa|1
|faint|p2a: Gholdengo
|move|p2b: Dragonite|Scale Shot|p1a: Talonflame
|-damage|p1a: Talonflame|12/100
|-damage|p1a: Talonflame|0 fnt
|faint|p1a: Talonflame
|-hitcount|p1: Talonflame|2
|-unboost|p2b: Dragonite|def|1
|-boost|p2b: Dragonite|spe|1
|
|upkeep
|
|t:|1756270883
|switch|p1a: Garchomp|Garchomp, L50, M|100/100
|switch|p2a: Amoonguss|Amoonguss, L50, F|100/100
|turn|5
|
|t:|1756270895
|move|p2b: Dragonite|Scale Shot|p1a: Garchomp
|-supereffective|p1a: Garchomp
|-damage|p1a: Garchomp|71/100
|-supereffective|p1a: Garchomp
|-damage|p1a: Garchomp|38/100
|-supereffective|p1a: Garchomp
|-damage|p1a: Garchomp|5/100
|-supereffective|p1a: Garchomp
|-damage|p1a: Garchomp|0 fnt
|faint|p1a: Garchomp
|-hitcount|p1: Garchomp|4
|-unboost|p2b: Dragonite|def|1
|-boost|p2b: Dragonite|spe|1
|move|p1b: Hydreigon|Snarl|p2b: Dragonite|[spread] p2a,p2b
|-crit|p2b: Dragonite
|-damage|p2a: Amoonguss|74/100
|-damage|p2b: Dragonite|2/100
|-unboost|p2a: Amoonguss|spa|1
|-unboost|p2b: Dragonite|spa|1
|move|p2a: Amoonguss|Spore|p1b: Hydreigon
|-status|p1b: Hydreigon|slp|[from] move: Spore
|
|upkeep
|turn|6
|
|t:|1756270912
|move|p2b: Dragonite|Scale Shot|p1b: Hydreigon
|-damage|p1b: Hydreigon|40/100 slp
|-damage|p1b: Hydreigon|24/100 slp
|-damage|p1b: Hydreigon|5/100 slp
|-damage|p1b: Hydreigon|0 fnt
|faint|p1b: Hydreigon
|-hitcount|p1: Hydreigon|4
|
|win|5minutestolive
|raw|bosilek's rating: 1138 → 1123(-15 for losing)
|raw|5minutestolive's rating: 1292 → 1307(+15 for winning)
