|j|☆raksbach
|j|☆Piyonita
|html|raksbachPiyonita    
|uhtml|bestof|Game 2 of a best-of-3
|t:|1782470961
|gametype|doubles
|player|p1|raksbach|170|1085
|player|p2|Piyonita|maid|1000
|gen|9
|tier|[Gen 9 Champions] VGC 2026 Reg M-B (Bo3)
|rated|
|rule|Species Clause: Limit one of each Pokémon
|rule|Item Clause: Limit 1 of each item
|clearpoke
|poke|p1|Swampert, L50, M|
|poke|p1|Pelipper, L50, F|
|poke|p1|Archaludon, L50, F|
|poke|p1|Venusaur, L50, M|
|poke|p1|Gholdengo, L50|
|poke|p1|Grimmsnarl, L50, M|
|poke|p2|Politoed, L50, M|
|poke|p2|Sinistcha, L50|
|poke|p2|Archaludon, L50, M|
|poke|p2|Basculegion, L50, M|
|poke|p2|Gengar, L50, F|
|poke|p2|Incineroar, L50, F|
|teampreview|4
|showteam|p1|Swampert||Swampertite|Damp|WaveCrash,Earthquake,IcePunch,Protect|Adamant||M|||50|]Pelipper||SitrusBerry|Drizzle|Hurricane,WeatherBall,WideGuard,Tailwind|Bold||F|||50|]Archaludon||Leftovers|Stamina|DragonPulse,FlashCannon,ElectroShot,Protect|Modest||F|||50|]Venusaur||Venusaurite|Chlorophyll|SludgeBomb,GigaDrain,EarthPower,Protect|Modest||M|||50|]Gholdengo||LifeOrb|GoodasGold|MakeItRain,ShadowBall,NastyPlot,Protect|Timid|||||50|]Grimmsnarl||LightClay|Prankster|FoulPlay,Reflect,LightScreen,PartingShot|Careful||M|||50|
|showteam|p2|Politoed||SitrusBerry|Drizzle|PerishSong,WeatherBall,Protect,Encore|Calm||M|||50|]Sinistcha||FocusSash|Hospitality|RagePowder,MatchaGotcha,Protect,Scald|Timid|||||50|]Archaludon||Leftovers|Stamina|ElectroShot,DragonPulse,Protect,FlashCannon|Calm||M|||50|]Basculegion||MysticWater|SwiftSwim|FlipTurn,LastRespects,WaveCrash,Protect|Adamant||M|||50|]Gengar||Gengarite|CursedBody|Protect,SludgeBomb,Taunt,Thunder|Modest||F|||50|]Incineroar||ChopleBerry|Intimidate|FakeOut,PartingShot,Protect,ThroatChop|Sassy||F|||50|
|inactive|Battle timer is ON: inactive players will automatically lose when time's up. (requested by raksbach)
|inactive|Piyonita also wants the timer to be on.
|inactive|raksbach has 60 seconds left.
|inactive|Piyonita has 60 seconds left.
|
|t:|1782471018
|teamsize|p1|4
|teamsize|p2|4
|start
|switch|p1a: Gholdengo|Gholdengo, L50|100/100
|switch|p1b: Grimmsnarl|Grimmsnarl, L50, M|100/100
|switch|p2a: Sinistcha|Sinistcha, L50|100/100
|switch|p2b: Basculegion|Basculegion, L50, M|100/100
|turn|1
|inactive|Piyonita has 30 seconds left.
|inactive|Piyonita has 20 seconds left.
|inactive|Piyonita has 15 seconds left.
|inactive|Piyonita has 10 seconds left.
|
|t:|1782471064
|switch|p2a: Politoed|Politoed, L50, M|100/100
|-weather|RainDance|[from] ability: Drizzle|[of] p2a: Politoed
|move|p1b: Grimmsnarl|Reflect|p1b: Grimmsnarl
|-sidestart|p1: raksbach|Reflect
|move|p2b: Basculegion|Wave Crash|p1b: Grimmsnarl
|-damage|p1b: Grimmsnarl|17/100
|-damage|p2b: Basculegion|75/100|[from] Recoil
|move|p1a: Gholdengo|Nasty Plot|p1a: Gholdengo
|-boost|p1a: Gholdengo|spa|2
|
|-weather|RainDance|[upkeep]
|upkeep
|turn|2
|
|t:|1782471089
|move|p1b: Grimmsnarl|Parting Shot|p2a: Politoed
|-unboost|p2a: Politoed|atk|1
|-unboost|p2a: Politoed|spa|1
|
|t:|1782471093
|switch|p1b: Venusaur|Venusaur, L50, M|100/100|[from] Parting Shot
|move|p2b: Basculegion|Flip Turn|p1a: Gholdengo
|-damage|p1a: Gholdengo|62/100
|
|t:|1782471099
|switch|p2b: Archaludon|Archaludon, L50, M|100/100|[from] Flip Turn
|move|p1a: Gholdengo|Make It Rain|p2b: Archaludon|[spread] p2a,p2b
|-resisted|p2a: Politoed|1
|-resisted|p2b: Archaludon|1
|-damage|p2a: Politoed|54/100
|-damage|p2b: Archaludon|37/100
|-unboost|p1a: Gholdengo|spa|2
|-ability|p2b: Archaludon|Stamina|boost
|-boost|p2b: Archaludon|def|1
|-damage|p1a: Gholdengo|52/100|[from] item: Life Orb
|move|p2a: Politoed|Encore||[still]
|-fail|p2a: Politoed
|
|-weather|RainDance|[upkeep]
|-heal|p2b: Archaludon|43/100|[from] item: Leftovers
|upkeep
|turn|3
|inactive|Piyonita has 30 seconds left.
|inactive|Piyonita has 20 seconds left.
|
|t:|1782471139
|detailschange|p1b: Venusaur|Venusaur-Mega, L50, M
|-mega|p1b: Venusaur|Venusaur|Venusaurite
|move|p2b: Archaludon|Protect|p2b: Archaludon
|-singleturn|p2b: Archaludon|Protect
|move|p1a: Gholdengo|Make It Rain|p2a: Politoed|[spread] 
|-activate|p2b: Archaludon|move: Protect
|-miss|p1a: Gholdengo|p2a: Politoed
|move|p1b: Venusaur|Giga Drain|p2a: Politoed
|-supereffective|p2a: Politoed|1
|-damage|p2a: Politoed|2/100
|-enditem|p2a: Politoed|Sitrus Berry|[eat]
|-heal|p2a: Politoed|27/100|[from] item: Sitrus Berry
|move|p2a: Politoed|Weather Ball|p1a: Gholdengo
|-damage|p1a: Gholdengo|13/100
|
|-weather|RainDance|[upkeep]
|-heal|p2b: Archaludon|48/100|[from] item: Leftovers
|upkeep
|turn|4
|inactive|raksbach has 30 seconds left.
|inactive|Piyonita has 30 seconds left.
|inactive|Piyonita has 20 seconds left.
|inactive|Piyonita has 15 seconds left.
|inactive|Piyonita has 10 seconds left.
|
|t:|1782471187
|switch|p2b: Sinistcha|Sinistcha, L50|100/100
|-heal|p2a: Politoed|52/100|[from] ability: Hospitality|[of] p2b: Sinistcha
|move|p1a: Gholdengo|Shadow Ball|p2a: Politoed
|-damage|p2a: Politoed|14/100
|-damage|p1a: Gholdengo|4/100|[from] item: Life Orb
|move|p1b: Venusaur|Earth Power|p2b: Sinistcha
|-resisted|p2b: Sinistcha|1
|-damage|p2b: Sinistcha|79/100
|move|p2a: Politoed|Encore|p1b: Venusaur
|-start|p1b: Venusaur|Encore
|
|-weather|RainDance|[upkeep]
|upkeep
|turn|5
|inactive|Piyonita has 30 seconds left.
|inactive|Piyonita has 20 seconds left.
|inactive|Piyonita has 15 seconds left.
|inactive|Piyonita has 10 seconds left.
|
|t:|1782471236
|move|p2b: Sinistcha|Protect|p2b: Sinistcha
|-singleturn|p2b: Sinistcha|Protect
|move|p1a: Gholdengo|Shadow Ball|p2b: Sinistcha
|-activate|p2b: Sinistcha|move: Protect
|move|p1b: Venusaur|Earth Power|p2a: Politoed
|-damage|p2a: Politoed|0 fnt
|faint|p2a: Politoed
|
|-weather|none
|upkeep
|
|t:|1782471247
|switch|p2a: Basculegion|Basculegion, L50, M|75/100
|turn|6
|inactive|Piyonita has 30 seconds left.
|
|t:|1782471277
|switch|p2b: Archaludon|Archaludon, L50, M|48/100
|switch|p1b: Grimmsnarl|Grimmsnarl, L50, M|17/100
|move|p1a: Gholdengo|Protect|p1a: Gholdengo
|-singleturn|p1a: Gholdengo|Protect
|move|p2a: Basculegion|Last Respects|p1b: Grimmsnarl
|-resisted|p1b: Grimmsnarl|1
|-damage|p1b: Grimmsnarl|0 fnt
|faint|p1b: Grimmsnarl
|
|-heal|p2b: Archaludon|54/100|[from] item: Leftovers
|upkeep
|
|t:|1782471287
|switch|p1b: Venusaur|Venusaur-Mega, L50, M|100/100
|turn|7
|
|t:|1782471305
|switch|p2a: Sinistcha|Sinistcha, L50|79/100
|-heal|p2b: Archaludon|79/100|[from] ability: Hospitality|[of] p2a: Sinistcha
|move|p1a: Gholdengo|Shadow Ball|p2a: Sinistcha
|-supereffective|p2a: Sinistcha|1
|-damage|p2a: Sinistcha|0 fnt
|faint|p2a: Sinistcha
|-damage|p1a: Gholdengo|0 fnt|[from] item: Life Orb
|faint|p1a: Gholdengo
|move|p1b: Venusaur|Earth Power|p2b: Archaludon
|-supereffective|p2b: Archaludon|1
|-damage|p2b: Archaludon|17/100
|-ability|p2b: Archaludon|Stamina|boost
|-boost|p2b: Archaludon|def|1
|move|p2b: Archaludon|Dragon Pulse|p1b: Venusaur
|-damage|p1b: Venusaur|64/100
|
|-heal|p2b: Archaludon|22/100|[from] item: Leftovers
|upkeep
|
|t:|1782471321
|switch|p1a: Pelipper|Pelipper, L50, F|100/100
|switch|p2a: Basculegion|Basculegion, L50, M|75/100
|-weather|RainDance|[from] ability: Drizzle|[of] p1a: Pelipper
|turn|8
|inactive|Piyonita has 30 seconds left.
|
|t:|1782471348
|move|p1b: Venusaur|Protect|p1b: Venusaur
|-singleturn|p1b: Venusaur|Protect
|move|p2b: Archaludon|Protect|p2b: Archaludon
|-singleturn|p2b: Archaludon|Protect
|move|p2a: Basculegion|Last Respects|p1b: Venusaur
|-activate|p1b: Venusaur|move: Protect
|move|p1a: Pelipper|Hurricane|p2b: Archaludon
|-activate|p2b: Archaludon|move: Protect
|
|-weather|RainDance|[upkeep]
|-heal|p2b: Archaludon|28/100|[from] item: Leftovers
|-sideend|p1: raksbach|Reflect
|upkeep
|turn|9
|
|t:|1782471371
|move|p2a: Basculegion|Last Respects|p1b: Venusaur
|-damage|p1b: Venusaur|5/100
|move|p1b: Venusaur|Giga Drain|p2a: Basculegion
|-supereffective|p2a: Basculegion|1
|-damage|p2a: Basculegion|0 fnt
|-heal|p1b: Venusaur|49/100|[from] drain|[of] p2a: Basculegion
|faint|p2a: Basculegion
|move|p2b: Archaludon|Electro Shot||[still]
|-prepare|p2b: Archaludon|Electro Shot
|-boost|p2b: Archaludon|spa|1
|-anim|p2b: Archaludon|Electro Shot|p1a: Pelipper
|-supereffective|p1a: Pelipper|2
|-damage|p1a: Pelipper|0 fnt
|faint|p1a: Pelipper
|
|-weather|RainDance|[upkeep]
|-heal|p2b: Archaludon|34/100|[from] item: Leftovers
|upkeep
|turn|10
|
|t:|1782471391
|move|p1b: Venusaur|Earth Power|p2b: Archaludon
|-supereffective|p2b: Archaludon|1
|-damage|p2b: Archaludon|0 fnt
|faint|p2b: Archaludon
|
|win|raksbach
