|j|☆ThetaB
|j|☆armengolito
|html|ThetaBarmengolito    
|uhtml|bestof|Game 1 of a best-of-3
|t:|1757191809
|gametype|doubles
|player|p1|ThetaB|palmer|1136
|player|p2|armengolito|102|1098
|gen|9
|tier|[Gen 9] VGC 2025 Reg H (Bo3)
|rated|
|rule|Species Clause: Limit one of each Pokémon
|rule|Item Clause: Limit 1 of each item
|clearpoke
|poke|p1|Excadrill, L50, M|
|poke|p1|Tyranitar, L50, M|
|poke|p1|Sneasler, L50, M|
|poke|p1|Indeedee, L50, M|
|poke|p1|Corviknight, L50, M|
|poke|p1|Annihilape, L50, F|
|poke|p2|Archaludon, L50, M|
|poke|p2|Pelipper, L50, F|
|poke|p2|Whimsicott, L50, M|
|poke|p2|Ursaluna, L50, F|
|poke|p2|Dondozo, L50, M|
|poke|p2|Amoonguss, L50, F|
|teampreview|4
|showteam|p1|Excadrill||FocusSash|SandRush|IronHead,HighHorsepower,Earthquake,Protect|||M|||50|,,,,,Stellar]Tyranitar||AssaultVest|SandStream|RockSlide,KnockOff,TeraBlast,LowKick|||M|||50|,,,,,Flying]Sneasler||PsychicSeed|Unburden|DireClaw,CloseCombat,ThroatChop,Protect|||M|||50|,,,,,Dark]Indeedee||ChoiceScarf|PsychicSurge|ExpandingForce,TeraBlast,Protect,Trick|||M|||50|,,,,,Psychic]Corviknight||Leftovers|MirrorArmor|BraveBird,BulkUp,Roost,Tailwind|||M|||50|,,,,,Dragon]Annihilape||SafetyGoggles|Defiant|CloseCombat,FinalGambit,RageFist,Taunt|||F|||50|,,,,,Water
|showteam|p2|Archaludon||AssaultVest|Stamina|DragonPulse,ElectroShot,Snarl,BodyPress|||M|||50|,,,,,Bug]Pelipper||FocusSash|Drizzle|WeatherBall,Hurricane,Tailwind,WideGuard|||F|||50|,,,,,Steel]Whimsicott||CovertCloak|Prankster|BeatUp,Taunt,Moonblast,Tailwind|||M|||50|,,,,,Water]Ursaluna||FlameOrb|Guts|Facade,Earthquake,HeadlongRush,Protect|||F|||50|,,,,,Fairy]Dondozo||SitrusBerry|Unaware|Curse,Protect,WaveCrash,Outrage|||M|||50|,,,,,Grass]Amoonguss||RockyHelmet|Regenerator|RagePowder,PollenPuff,ClearSmog,Spore|||F|||50|,,,,,Water
|inactive|Battle timer is ON: inactive players will automatically lose when time's up. (requested by armengolito)
|inactive|ThetaB has 60 seconds left.
|inactive|armengolito has 60 seconds left.
|
|t:|1757191867
|teamsize|p1|4
|teamsize|p2|4
|start
|switch|p1a: Sneasler|Sneasler, L50, M, shiny|100/100
|switch|p1b: Indeedee|Indeedee, L50, M, shiny|100/100
|switch|p2a: Ursaluna|Ursaluna, L50, F|100/100
|switch|p2b: Pelipper|Pelipper, L50, F|100/100
|-fieldstart|move: Psychic Terrain|[from] ability: Psychic Surge|[of] p1b: Indeedee
|-enditem|p1a: Sneasler|Psychic Seed
|-boost|p1a: Sneasler|spd|1|[from] item: Psychic Seed
|-weather|RainDance|[from] ability: Drizzle|[of] p2b: Pelipper
|turn|1
|
|t:|1757191888
|-terastallize|p2a: Ursaluna|Fairy
|move|p2b: Pelipper|Wide Guard|p2b: Pelipper
|-singleturn|p2b: Pelipper|Wide Guard
|move|p1a: Sneasler|Dire Claw|p2a: Ursaluna
|-supereffective|p2a: Ursaluna
|-damage|p2a: Ursaluna|37/100
|-status|p2a: Ursaluna|par
|move|p1b: Indeedee|Expanding Force|p2b: Pelipper|[spread] 
|-activate|p2a: Ursaluna|move: Wide Guard
|-activate|p2b: Pelipper|move: Wide Guard
|move|p2a: Ursaluna|Earthquake|p1b: Indeedee|[spread] p1a,p1b
|-activate|p2b: Pelipper|move: Wide Guard
|-supereffective|p1a: Sneasler
|-damage|p1a: Sneasler|0 fnt
|-damage|p1b: Indeedee|0 fnt
|faint|p1a: Sneasler
|faint|p1b: Indeedee
|
|-weather|RainDance|[upkeep]
|upkeep
|
|t:|1757191894
|switch|p1a: Annihilape|Annihilape, L50, F|100/100
|switch|p1b: Tyranitar|Tyranitar, L50, M, shiny|100/100
|-weather|Sandstorm|[from] ability: Sand Stream|[of] p1b: Tyranitar
|turn|2
|
|t:|1757191918
|switch|p2b: Amoonguss|Amoonguss, L50, F|100/100
|-terastallize|p1b: Tyranitar|Flying
|move|p2a: Ursaluna|Protect|p2a: Ursaluna
|-singleturn|p2a: Ursaluna|Protect
|move|p1a: Annihilape|Taunt|p2b: Amoonguss
|-start|p2b: Amoonguss|move: Taunt
|move|p1b: Tyranitar|Tera Blast|p2a: Ursaluna|[anim] Tera Blast Flying
|-activate|p2a: Ursaluna|move: Protect
|
|-weather|Sandstorm|[upkeep]
|-damage|p1b: Tyranitar|95/100|[from] Sandstorm
|-damage|p2b: Amoonguss|95/100|[from] Sandstorm
|-damage|p2a: Ursaluna|31/100 par|[from] Sandstorm
|upkeep
|turn|3
|inactive|armengolito has 30 seconds left.
|
|t:|1757191944
|switch|p2b: Pelipper|Pelipper, L50, F|100/100
|-weather|RainDance|[from] ability: Drizzle|[of] p2b: Pelipper
|move|p1a: Annihilape|Rage Fist|p2a: Ursaluna
|-damage|p2a: Ursaluna|17/100 par
|move|p1b: Tyranitar|Rock Slide|p2a: Ursaluna|[spread] p2a,p2b
|-supereffective|p2b: Pelipper
|-damage|p2a: Ursaluna|0 fnt
|-damage|p2b: Pelipper|24/100
|faint|p2a: Ursaluna
|
|-weather|RainDance|[upkeep]
|upkeep
|
|t:|1757191958
|switch|p2a: Archaludon|Archaludon, L50, M|100/100
|turn|4
|
|t:|1757191980
|switch|p2a: Amoonguss|Amoonguss, L50, F|100/100
|move|p2b: Pelipper|Wide Guard|p2b: Pelipper
|-singleturn|p2b: Pelipper|Wide Guard
|move|p1a: Annihilape|Final Gambit|p2a: Amoonguss
|-damage|p2a: Amoonguss|5/100
|faint|p1a: Annihilape
|move|p1b: Tyranitar|Tera Blast|p2a: Amoonguss|[anim] Tera Blast Flying
|-supereffective|p2a: Amoonguss
|-damage|p2a: Amoonguss|0 fnt
|faint|p2a: Amoonguss
|
|-weather|RainDance|[upkeep]
|upkeep
|
|t:|1757191991
|switch|p2a: Archaludon|Archaludon, L50, M|100/100
|turn|5
|
|t:|1757192008
|move|p2a: Archaludon|Electro Shot||[still]
|-prepare|p2a: Archaludon|Electro Shot
|-boost|p2a: Archaludon|spa|1
|-anim|p2a: Archaludon|Electro Shot|p1b: Tyranitar
|-supereffective|p1b: Tyranitar
|-damage|p1b: Tyranitar|14/100
|move|p1b: Tyranitar|Low Kick|p2a: Archaludon
|-supereffective|p2a: Archaludon
|-damage|p2a: Archaludon|52/100
|-ability|p2a: Archaludon|Stamina|boost
|-boost|p2a: Archaludon|def|1
|move|p2b: Pelipper|Tailwind|p2b: Pelipper
|-sidestart|p2: armengolito|move: Tailwind
|
|-weather|RainDance|[upkeep]
|-fieldend|move: Psychic Terrain
|upkeep
|turn|6
|
|t:|1757192018
|move|p2a: Archaludon|Electro Shot||[still]
|-prepare|p2a: Archaludon|Electro Shot
|-boost|p2a: Archaludon|spa|1
|-anim|p2a: Archaludon|Electro Shot|p1b: Tyranitar
|-supereffective|p1b: Tyranitar
|-damage|p1b: Tyranitar|0 fnt
|faint|p1b: Tyranitar
|
|win|armengolito
||ThetaB is ready for game 2.
||armengolito is ready for game 2.
|uhtml|next|Next: Game 2 of 3
