|j|☆SlobCat47
|j|☆bananabread1398
|html|SlobCat47bananabread1398    
|uhtml|bestof|Game 2 of a best-of-3
|t:|1785603854
|gametype|doubles
|player|p1|SlobCat47|170|
|player|p2|bananabread1398|2|
|gen|9
|tier|[Gen 9 Champions] VGC 2026 Reg M-B (Bo3)
|rule|Species Clause: Limit one of each Pokémon
|rule|Item Clause: Limit 1 of each item
|clearpoke
|poke|p1|Serperior, L50, M|
|poke|p1|Ninetales-Alola, L50, F|
|poke|p1|Garchomp, L50, F|
|poke|p1|Staraptor, L50, F|
|poke|p1|Lucario, L50, M|
|poke|p1|Klefki, L50, F|
|poke|p2|Raichu, L50, F|
|poke|p2|Whimsicott, L50, M|
|poke|p2|Lopunny, L50, F|
|poke|p2|Malamar, L50, M|
|poke|p2|Flapple, L50, M|
|poke|p2|Golurk, L50|
|teampreview|4
|showteam|p1|Serperior||ChoiceScarf|Contrary|LeafStorm,Protect,EnergyBall,Coil|Modest||M|||50|]Ninetales-Alola||LightClay|SnowWarning|AuroraVeil,FreezeDry,Protect,Blizzard|Timid||F|||50|]Garchomp||LifeOrb|RoughSkin|Earthquake,Protect,DragonClaw,StompingTantrum|Jolly||F|||50|]Staraptor||Staraptite|Intimidate|BrickBreak,CloseCombat,BraveBird,Protect|Jolly||F|||50|]Lucario||Lucarionite|InnerFocus|AuraSphere,Detect,FlashCannon,VacuumWave|Timid||M|||50|]Klefki||MentalHerb|Prankster|MetalSound,Protect,MagicRoom,Spikes|Bold||F|||50|
|showteam|p2|Raichu||RaichuniteY|LightningRod|FakeOut,ZapCannon,FocusBlast,Protect|Timid||F|||50|]Whimsicott||BrightPowder|Prankster|Encore,Moonblast,Tailwind,Protect|Bold||M|||50|]Lopunny||Lopunnite|CuteCharm|Protect,CloseCombat,FakeOut,IcePunch|Jolly||F|||50|]Malamar||FocusSash|Contrary|TrickRoom,ZenHeadbutt,Reflect,SkillSwap|Impish||M|||50|]Flapple||LifeOrb|Hustle|GravApple,DragonRush,Protect,SuckerPunch|Adamant||M|||50|]Golurk||Leftovers|IronFist|Poltergeist,Gravity,BrickBreak,DrainPunch|Adamant|||||50|
|j| PJG4487
|
|t:|1785603890
|teamsize|p1|4
|teamsize|p2|4
|start
|switch|p1a: BONK|Garchomp, L50, F|100/100
|switch|p1b: Glacèon|Ninetales-Alola, L50, F|100/100
|switch|p2a: Rat|Raichu, L50, F|100/100
|switch|p2b: Cot|Whimsicott, L50, M|100/100
|-weather|Snowscape|[from] ability: Snow Warning|[of] p1b: Glacèon
|turn|1
|
|t:|1785603951
|move|p2a: Rat|Fake Out|p1a: BONK
|-damage|p1a: BONK|90/100
|-damage|p2a: Rat|87/100|[from] ability: Rough Skin|[of] p1a: BONK
|move|p1b: Glacèon|Aurora Veil|p1b: Glacèon
|-sidestart|p1: SlobCat47|move: Aurora Veil
|cant|p1a: BONK|flinch
|move|p2b: Cot|Moonblast|p1a: BONK
|-supereffective|p1a: BONK|1
|-damage|p1a: BONK|53/100
|
|-weather|Snowscape|[upkeep]
|upkeep
|turn|2
|j| applejuice1738
|
|t:|1785603972
|detailschange|p2a: Rat|Raichu-Mega-Y, L50, F
|-mega|p2a: Rat|Raichu|Raichunite Y
|move|p2b: Cot|Encore|p1b: Glacèon
|-start|p1b: Glacèon|Encore
|move|p2a: Rat|Focus Blast|p1a: BONK
|-damage|p1a: BONK|14/100
|move|p1b: Glacèon|Aurora Veil||[still]
|-fail|p1b: Glacèon
|move|p1a: BONK|Stomping Tantrum|p2a: Rat
|-supereffective|p2a: Rat|1
|-damage|p2a: Rat|0 fnt
|faint|p2a: Rat
|-damage|p1a: BONK|4/100|[from] item: Life Orb
|
|-weather|Snowscape|[upkeep]
|upkeep
|
|t:|1785603987
|switch|p2a: Sloptimus|Golurk, L50|100/100
|turn|3
|
|t:|1785604001
|switch|p1b: Sneaky Snake|Serperior, L50, M|100/100
|move|p1a: BONK|Protect|p1a: BONK
|-singleturn|p1a: BONK|Protect
|move|p2b: Cot|Moonblast|p1a: BONK
|-activate|p1a: BONK|move: Protect
|move|p2a: Sloptimus|Gravity|p2a: Sloptimus
|-fieldstart|move: Gravity
|
|-weather|Snowscape|[upkeep]
|upkeep
|turn|4
|
|t:|1785604049
|switch|p2a: Newton|Flapple, L50, M|100/100
|move|p2b: Cot|Encore|p1a: BONK
|-start|p1a: BONK|Encore
|move|p1a: BONK|Protect||[still]
|-fail|p1a: BONK
|move|p1b: Sneaky Snake|Leaf Storm|p2a: Newton
|-resisted|p2a: Newton|2
|-damage|p2a: Newton|81/100
|-boost|p1b: Sneaky Snake|spa|2
|
|-weather|Snowscape|[upkeep]
|upkeep
|turn|5
|
|t:|1785604076
|switch|p1a: Glacèon|Ninetales-Alola, L50, F|100/100
|move|p2b: Cot|Tailwind|p2b: Cot
|-sidestart|p2: bananabread1398|move: Tailwind
|move|p1b: Sneaky Snake|Leaf Storm|p2b: Cot
|-resisted|p2b: Cot|1
|-damage|p2b: Cot|26/100
|-boost|p1b: Sneaky Snake|spa|2
|move|p2a: Newton|Dragon Rush|p1b: Sneaky Snake
|-damage|p1b: Sneaky Snake|16/100
|-damage|p2a: Newton|72/100|[from] item: Life Orb
|
|-weather|none
|upkeep
|turn|6
|
|t:|1785604112
|move|p2b: Cot|Protect|p2b: Cot
|-singleturn|p2b: Cot|Protect
|move|p1b: Sneaky Snake|Leaf Storm|p2a: Newton
|-resisted|p2a: Newton|2
|-damage|p2a: Newton|15/100
|-boost|p1b: Sneaky Snake|spa|2
|move|p2a: Newton|Grav Apple|p1a: Glacèon
|-damage|p1a: Glacèon|0 fnt
|faint|p1a: Glacèon
|-damage|p2a: Newton|5/100|[from] item: Life Orb
|
|upkeep
|
|t:|1785604126
|switch|p1a: The N Word|Lucario, L50, M|100/100
|turn|7
|
|t:|1785604162
|detailschange|p1a: The N Word|Lucario-Mega, L50, M
|-mega|p1a: The N Word|Lucario|Lucarionite
|move|p1a: The N Word|Vacuum Wave|p2a: Newton
|-damage|p2a: Newton|0 fnt
|faint|p2a: Newton
|move|p2b: Cot|Moonblast|p1b: Sneaky Snake
|-damage|p1b: Sneaky Snake|0 fnt
|faint|p1b: Sneaky Snake
|
|-fieldend|move: Gravity
|upkeep
|
|t:|1785604172
|switch|p1b: BONK|Garchomp, L50, F|4/100
|switch|p2a: Sloptimus|Golurk, L50|100/100
|turn|8
|
|t:|1785604198
|move|p1a: The N Word|Detect|p1a: The N Word
|-singleturn|p1a: The N Word|Protect
|move|p2b: Cot|Moonblast|p1b: BONK
|-supereffective|p1b: BONK|1
|-damage|p1b: BONK|0 fnt
|faint|p1b: BONK
|move|p2a: Sloptimus|Poltergeist|p1a: The N Word
|-activate|p1a: The N Word|move: Protect
|
|-sideend|p2: bananabread1398|move: Tailwind
|-sideend|p1: SlobCat47|move: Aurora Veil
|upkeep
|turn|9
|
|t:|1785604222
|move|p2b: Cot|Encore|p1a: The N Word
|-start|p1a: The N Word|Encore
|move|p1a: The N Word|Detect||[still]
|-fail|p1a: The N Word
|move|p2a: Sloptimus|Drain Punch|p1a: The N Word
|-supereffective|p1a: The N Word|1
|-damage|p1a: The N Word|2/100
|
|upkeep
|turn|10
|
|t:|1785604234
|move|p1a: The N Word|Detect|p1a: The N Word
|-singleturn|p1a: The N Word|Protect
|move|p2b: Cot|Moonblast|p1a: The N Word
|-activate|p1a: The N Word|move: Protect
|move|p2a: Sloptimus|Drain Punch|p1a: The N Word
|-activate|p1a: The N Word|move: Protect
|
|upkeep
|turn|11
|
|t:|1785604245
|move|p1a: The N Word|Detect||[still]
|-fail|p1a: The N Word
|move|p2b: Cot|Moonblast|p1a: The N Word
|-damage|p1a: The N Word|0 fnt
|faint|p1a: The N Word
|
|win|bananabread1398
