|j|☆breloomb01
|j|☆Ninjacoox
|html|breloomb01Ninjacoox    
|uhtml|bestof|Game 2 of a best-of-3
|t:|1785363368
|gametype|doubles
|player|p1|breloomb01|roughneck|1181
|player|p2|Ninjacoox|rood|1218
|gen|9
|tier|[Gen 9 Champions] VGC 2026 Reg M-B (Bo3)
|rated|
|rule|Species Clause: Limit one of each Pokémon
|rule|Item Clause: Limit 1 of each item
|clearpoke
|poke|p1|Floette-Eternal, L50, F|
|poke|p1|Incineroar, L50, M|
|poke|p1|Sinistcha, L50|
|poke|p1|Garchomp, L50, M|
|poke|p1|Sneasler, L50, M|
|poke|p1|Rotom-Wash, L50|
|poke|p2|Staraptor, L50, M|
|poke|p2|Sinistcha, L50|
|poke|p2|Maushold, L50|
|poke|p2|Kingambit, L50, M|
|poke|p2|Sneasler, L50, M|
|poke|p2|Delphox, L50, F|
|teampreview|4
|showteam|p1|Floette-Eternal||Floettite|FlowerVeil|DrainingKiss,DazzlingGleam,CalmMind,Protect|Modest||F|||50|]Incineroar||SitrusBerry|Intimidate|FakeOut,FlareBlitz,ThroatChop,PartingShot|Careful||M|||50|]Sinistcha||KasibBerry|Hospitality|Protect,RagePowder,MatchaGotcha,TrickRoom|Calm|||||50|]Garchomp||LifeOrb|RoughSkin|Earthquake,DragonClaw,RockSlide,Protect|Jolly||M|||50|]Sneasler||FocusSash|PoisonTouch|FakeOut,DireClaw,CloseCombat,Protect|Jolly||M|||50|]Rotom-Wash||Leftovers|Levitate|HydroPump,Protect,WillOWisp,Electroweb|Bold|||||50|
|showteam|p2|Staraptor||Staraptite|Intimidate|CloseCombat,BraveBird,Roost,Protect|Adamant||M|||50|]Sinistcha||SitrusBerry|Hospitality|RagePowder,MatchaGotcha,Protect,LifeDew|Calm|||||50|]Maushold||LumBerry|FriendGuard|Encore,Charm,FollowMe,Protect|Timid|||||50|]Kingambit||BlackGlasses|Defiant|KowtowCleave,SuckerPunch,SwordsDance,Protect|Adamant||M|||50|]Sneasler||WhiteHerb|Unburden|CloseCombat,DireClaw,FakeOut,Feint|Jolly||M|||50|]Delphox||Delphoxite|Blaze|HeatWave,Psyshock,NastyPlot,Protect|Timid||F|||50|
|inactive|Battle timer is ON: inactive players will automatically lose when time's up. (requested by Ninjacoox)
|
|t:|1785363380
|teamsize|p1|4
|teamsize|p2|4
|start
|switch|p1a: Rotom|Rotom-Wash, L50|100/100
|switch|p1b: Incineroar|Incineroar, L50, M|100/100
|switch|p2a: Delphox|Delphox, L50, F|100/100
|switch|p2b: Maushold|Maushold, L50|100/100
|-ability|p1b: Incineroar|Intimidate|boost
|-unboost|p2a: Delphox|atk|1
|-unboost|p2b: Maushold|atk|1
|turn|1
|
|t:|1785363400
|move|p2b: Maushold|Protect|p2b: Maushold
|-singleturn|p2b: Maushold|Protect
|move|p2a: Delphox|Protect|p2a: Delphox
|-singleturn|p2a: Delphox|Protect
|move|p1a: Rotom|Electroweb|p2a: Delphox|[spread] 
|-activate|p2a: Delphox|move: Protect
|-activate|p2b: Maushold|move: Protect
|move|p1b: Incineroar|Parting Shot|p2a: Delphox
|-activate|p2a: Delphox|move: Protect
|
|upkeep
|turn|2
|
|t:|1785363429
|switch|p2a: Sneasler|Sneasler, L50, M|100/100
|move|p2b: Maushold|Encore|p1b: Incineroar
|-start|p1b: Incineroar|Encore
|move|p1a: Rotom|Hydro Pump|p2a: Sneasler
|-damage|p2a: Sneasler|58/100
|move|p1b: Incineroar|Parting Shot|p2a: Sneasler
|-unboost|p2a: Sneasler|atk|1
|-unboost|p2a: Sneasler|spa|1
|
|t:|1785363438
|switch|p1b: Garchomp|Garchomp, L50, M|100/100|[from] Parting Shot
|-enditem|p2a: Sneasler|White Herb
|-clearnegativeboost|p2a: Sneasler|[silent]
|
|upkeep
|turn|3
|
|t:|1785363463
|move|p2a: Sneasler|Close Combat|p1a: Rotom
|-damage|p1a: Rotom|45/100
|-unboost|p2a: Sneasler|def|1
|-unboost|p2a: Sneasler|spd|1
|move|p2b: Maushold|Charm|p1b: Garchomp
|-unboost|p1b: Garchomp|atk|2
|move|p1b: Garchomp|Earthquake|p2b: Maushold|[spread] p2a,p2b
|-immune|p1a: Rotom|[from] ability: Levitate
|-supereffective|p2a: Sneasler|1
|-damage|p2a: Sneasler|0 fnt
|-damage|p2b: Maushold|71/100
|faint|p2a: Sneasler
|-damage|p1b: Garchomp|90/100|[from] item: Life Orb
|move|p1a: Rotom|Electroweb|p2b: Maushold
|-damage|p2b: Maushold|43/100
|-unboost|p2b: Maushold|spe|1
|
|-heal|p1a: Rotom|50/100g|[from] item: Leftovers
|upkeep
|
|t:|1785363477
|switch|p2a: Delphox|Delphox, L50, F|100/100
|turn|4
|
|t:|1785363486
|switch|p1b: Incineroar|Incineroar, L50, M|100/100
|-ability|p1b: Incineroar|Intimidate|boost
|-unboost|p2a: Delphox|atk|1
|-unboost|p2b: Maushold|atk|1
|detailschange|p2a: Delphox|Delphox-Mega, L50, F
|-mega|p2a: Delphox|Delphox|Delphoxite
|move|p2a: Delphox|Protect|p2a: Delphox
|-singleturn|p2a: Delphox|Protect
|move|p1a: Rotom|Electroweb|p2a: Delphox|[spread] p2b
|-activate|p2a: Delphox|move: Protect
|-damage|p2b: Maushold|23/100
|-unboost|p2b: Maushold|spe|1
|move|p2b: Maushold|Encore||[still]
|-fail|p2b: Maushold
|
|-heal|p1a: Rotom|56/100|[from] item: Leftovers
|upkeep
|turn|5
|
|t:|1785363510
|switch|p2b: Sinistcha|Sinistcha, L50|100/100
|move|p1b: Incineroar|Fake Out|p2a: Delphox
|-damage|p2a: Delphox|87/100
|cant|p2a: Delphox|flinch
|move|p1a: Rotom|Electroweb|p2b: Sinistcha|[spread] p2a,p2b
|-resisted|p2b: Sinistcha|1
|-damage|p2a: Delphox|75/100
|-damage|p2b: Sinistcha|92/100
|-unboost|p2a: Delphox|spe|1
|-unboost|p2b: Sinistcha|spe|1
|
|-heal|p1a: Rotom|62/100|[from] item: Leftovers
|upkeep
|turn|6
|inactive|Ninjacoox has 30 seconds left.
|
|t:|1785363537
|move|p2b: Sinistcha|Rage Powder|p2b: Sinistcha
|-singleturn|p2b: Sinistcha|move: Rage Powder
|move|p2a: Delphox|Nasty Plot|p2a: Delphox
|-boost|p2a: Delphox|spa|2
|move|p1a: Rotom|Electroweb|p2b: Sinistcha|[spread] p2a,p2b
|-resisted|p2b: Sinistcha|1
|-damage|p2a: Delphox|62/100
|-damage|p2b: Sinistcha|86/100
|-unboost|p2a: Delphox|spe|1
|-unboost|p2b: Sinistcha|spe|1
|move|p1b: Incineroar|Flare Blitz|p2b: Sinistcha
|-supereffective|p2b: Sinistcha|1
|-damage|p2b: Sinistcha|0 fnt
|faint|p2b: Sinistcha
|-damage|p1b: Incineroar|76/100|[from] Recoil
|
|-heal|p1a: Rotom|68/100|[from] item: Leftovers
|upkeep
|
|t:|1785363543
|switch|p2b: Maushold|Maushold, L50|23/100
|turn|7
|
|t:|1785363556
|move|p2b: Maushold|Follow Me|p2b: Maushold
|-singleturn|p2b: Maushold|move: Follow Me
|move|p1a: Rotom|Electroweb|p2b: Maushold|[spread] p2a,p2b
|-damage|p2a: Delphox|53/100
|-damage|p2b: Maushold|2/100
|-unboost|p2a: Delphox|spe|1
|-unboost|p2b: Maushold|spe|1
|move|p1b: Incineroar|Parting Shot|p2b: Maushold
|-unboost|p2b: Maushold|atk|1
|-unboost|p2b: Maushold|spa|1
|
|t:|1785363560
|switch|p1b: Sinistcha|Sinistcha, L50|100/100|[from] Parting Shot
|-heal|p1a: Rotom|93/100|[from] ability: Hospitality|[of] p1b: Sinistcha
|move|p2a: Delphox|Heat Wave|p1a: Rotom|[spread] p1a,p1b
|-resisted|p1a: Rotom|1
|-supereffective|p1b: Sinistcha|1
|-damage|p1a: Rotom|55/100
|-damage|p1b: Sinistcha|0 fnt
|faint|p1b: Sinistcha
|
|-heal|p1a: Rotom|61/100|[from] item: Leftovers
|upkeep
|
|t:|1785363564
|switch|p1b: Incineroar|Incineroar, L50, M|76/100
|-ability|p1b: Incineroar|Intimidate|boost
|-unboost|p2a: Delphox|atk|1
|-unboost|p2b: Maushold|atk|1
|turn|8
|
|t:|1785363574
|move|p2b: Maushold|Protect|p2b: Maushold
|-singleturn|p2b: Maushold|Protect
|move|p2a: Delphox|Protect|p2a: Delphox
|-singleturn|p2a: Delphox|Protect
|move|p1a: Rotom|Electroweb|p2a: Delphox|[spread] 
|-activate|p2a: Delphox|move: Protect
|-activate|p2b: Maushold|move: Protect
|move|p1b: Incineroar|Parting Shot|p2a: Delphox
|-activate|p2a: Delphox|move: Protect
|
|-heal|p1a: Rotom|67/100|[from] item: Leftovers
|upkeep
|turn|9
|
|t:|1785363579
|move|p2b: Maushold|Follow Me|p2b: Maushold
|-singleturn|p2b: Maushold|move: Follow Me
|move|p1a: Rotom|Electroweb|p2a: Delphox|[spread] p2a,p2b
|-crit|p2b: Maushold
|-damage|p2a: Delphox|43/100
|-damage|p2b: Maushold|0 fnt
|-unboost|p2a: Delphox|spe|1
|faint|p2b: Maushold
|move|p1b: Incineroar|Parting Shot|p2a: Delphox
|-unboost|p2a: Delphox|atk|1
|-unboost|p2a: Delphox|spa|1
|
|t:|1785363580
|switch|p1b: Garchomp|Garchomp, L50, M|90/100|[from] Parting Shot
|move|p2a: Delphox|Psyshock|p1a: Rotom
|-crit|p1a: Rotom
|-damage|p1a: Rotom|0 fnt
|faint|p1a: Rotom
|
|upkeep
|
|t:|1785363582
|switch|p1a: Incineroar|Incineroar, L50, M|76/100
|-ability|p1a: Incineroar|Intimidate|boost
|-unboost|p2a: Delphox|atk|1
|turn|10
|
|t:|1785363586
|move|p2a: Delphox|Protect|p2a: Delphox
|-singleturn|p2a: Delphox|Protect
|move|p1a: Incineroar|Fake Out|p2a: Delphox
|-activate|p2a: Delphox|move: Protect
|move|p1b: Garchomp|Dragon Claw|p2a: Delphox
|-activate|p2a: Delphox|move: Protect
|
|upkeep
|turn|11
|
|t:|1785363598
|move|p1b: Garchomp|Dragon Claw|p2a: Delphox
|-damage|p2a: Delphox|0 fnt
|faint|p2a: Delphox
|-damage|p1b: Garchomp|80/100|[from] item: Life Orb
|
|win|breloomb01
||Ninjacoox is ready for game 3.
|inactive|breloomb01 has 30 seconds to confirm battle start!
||breloomb01 is ready for game 3.
|uhtml|next|Next: Game 3 of 3
