|j|☆elmono11
|j|☆zhz2021
|html|elmono11zhz2021    
|uhtml|bestof|Game 1 of a best-of-3
|t:|1783933019
|gametype|doubles
|player|p1|elmono11|266|1316
|player|p2|zhz2021|265|1195
|gen|9
|tier|[Gen 9 Champions] VGC 2026 Reg M-B (Bo3)
|rated|
|rule|Species Clause: Limit one of each Pokémon
|rule|Item Clause: Limit 1 of each item
|clearpoke
|poke|p1|Blaziken, L50, M|
|poke|p1|Venusaur, L50, F|
|poke|p1|Ninetales-Alola, L50, F|
|poke|p1|Lycanroc-Dusk, L50, M|
|poke|p1|Kingambit, L50, M|
|poke|p1|Basculegion, L50, M|
|poke|p2|Kleavor, L50, F|
|poke|p2|Sinistcha, L50|
|poke|p2|Archaludon, L50, M|
|poke|p2|Swampert, L50, M|
|poke|p2|Froslass, L50, F|
|poke|p2|Pelipper, L50, F|
|teampreview|4
|showteam|p1|Blaziken||Blazikenite|SpeedBoost|CloseCombat,FlareBlitz,StoneEdge,Detect|Adamant||M|||50|]Venusaur||Venusaurite|Chlorophyll|GigaDrain,SludgeBomb,EarthPower,Protect|Modest||F|||50|]Ninetales-Alola||NeverMeltIce|SnowWarning|Blizzard,FreezeDry,Encore,Protect|Timid||F|||50|]Lycanroc-Dusk||FocusSash|ToughClaws|Accelerock,RockSlide,CloseCombat,Protect|Adamant||M|||50|]Kingambit||LifeOrb|Defiant|KowtowCleave,SuckerPunch,IronHead,Protect|Adamant||M|||50|]Basculegion||ChoiceScarf|Adaptability|WaveCrash,LastRespects,FlipTurn,AquaJet|Jolly||M|||50|
|showteam|p2|Kleavor||ChoiceScarf|Sharpness|StoneAxe,XScissor,CloseCombat,NightSlash|Jolly||F|||50|]Sinistcha||KasibBerry|Hospitality|MatchaGotcha,Protect,RagePowder,TrickRoom|Modest|||||50|]Archaludon||Leftovers|Stamina|FlashCannon,Protect,ElectroShot,DragonPulse|Modest||M|||50|]Swampert||Swampertite|Damp|WaveCrash,Earthquake,RockSlide,Protect|Adamant||M|||50|]Froslass||Froslassite|CursedBody|Blizzard,RainDance,AuroraVeil,Protect|Modest||F|||50|]Pelipper||FocusSash|Drizzle|Hurricane,WeatherBall,Soak,Tailwind|Modest||F|||50|
|inactive|Battle timer is ON: inactive players will automatically lose when time's up. (requested by elmono11)
|
|t:|1783933066
|teamsize|p1|4
|teamsize|p2|4
|start
|switch|p1a: Blaziken|Blaziken, L50, M|100/100
|switch|p1b: Basculegion|Basculegion, L50, M|100/100
|switch|p2a: Pelipper|Pelipper, L50, F|100/100
|switch|p2b: Swampert|Swampert, L50, M|100/100
|-weather|RainDance|[from] ability: Drizzle|[of] p2a: Pelipper
|turn|1
|inactive|elmono11 has 30 seconds left.
|inactive|zhz2021 has 30 seconds left.
|inactive|elmono11 has 20 seconds left.
|inactive|zhz2021 has 20 seconds left.
|inactive|elmono11 has 15 seconds left.
|inactive|zhz2021 has 15 seconds left.
|inactive|zhz2021 has 10 seconds left.
|inactive|elmono11 has 10 seconds left.
|
|t:|1783933117
|detailschange|p1a: Blaziken|Blaziken-Mega, L50, M
|-mega|p1a: Blaziken|Blaziken|Blazikenite
|detailschange|p2b: Swampert|Swampert-Mega, L50, M
|-mega|p2b: Swampert|Swampert|Swampertite
|move|p1a: Blaziken|Detect|p1a: Blaziken
|-singleturn|p1a: Blaziken|Protect
|move|p2b: Swampert|Earthquake|p1a: Blaziken|[spread] p1b
|-activate|p1a: Blaziken|move: Protect
|-immune|p2a: Pelipper
|-damage|p1b: Basculegion|43/100
|move|p1b: Basculegion|Flip Turn|p2b: Swampert
|-damage|p2b: Swampert|45/100
|
|t:|1783933124
|switch|p1b: Ninetales|Ninetales-Alola, L50, F|100/100|[from] Flip Turn
|-weather|Snowscape|[from] ability: Snow Warning|[of] p1b: Ninetales
|move|p2a: Pelipper|Tailwind|p2a: Pelipper
|-sidestart|p2: zhz2021|move: Tailwind
|
|-weather|Snowscape|[upkeep]
|-ability|p1a: Blaziken|Speed Boost|boost
|-boost|p1a: Blaziken|spe|1
|upkeep
|turn|2
|inactive|elmono11 has 30 seconds left.
|inactive|zhz2021 has 30 seconds left.
|inactive|elmono11 has 20 seconds left.
|
|t:|1783933162
|switch|p2a: Froslass|Froslass, L50, F|100/100
|move|p2b: Swampert|Protect|p2b: Swampert
|-singleturn|p2b: Swampert|Protect
|move|p1a: Blaziken|Close Combat|p2b: Swampert
|-activate|p2b: Swampert|move: Protect
|move|p1b: Ninetales|Freeze-Dry|p2a: Froslass
|-resisted|p2a: Froslass|1
|-damage|p2a: Froslass|77/100
|-start|p1b: Ninetales|Disable|Freeze-Dry|[from] ability: Cursed Body|[of] p2a: Froslass
|
|-weather|Snowscape|[upkeep]
|-ability|p1a: Blaziken|Speed Boost|boost
|-boost|p1a: Blaziken|spe|1
|upkeep
|turn|3
|inactive|elmono11 has 30 seconds left.
|inactive|zhz2021 has 30 seconds left.
|inactive|zhz2021 has 20 seconds left.
|inactive|zhz2021 has 15 seconds left.
|inactive|zhz2021 has 10 seconds left.
|inactive|zhz2021 has 5 seconds left.
|
|t:|1783933212
|switch|p1b: Kingambit|Kingambit, L50, M|100/100
|move|p1a: Blaziken|Detect|p1a: Blaziken
|-singleturn|p1a: Blaziken|Protect
|move|p2a: Froslass|Rain Dance|p2a: Froslass
|-weather|RainDance
|move|p2b: Swampert|Earthquake|p1b: Kingambit|[spread] p2a,p1b
|-activate|p1a: Blaziken|move: Protect
|-supereffective|p1b: Kingambit|1
|-damage|p2a: Froslass|4/100
|-damage|p1b: Kingambit|32/100
|-start|p2b: Swampert|Disable|Earthquake|[from] ability: Cursed Body|[of] p2a: Froslass
|
|-weather|RainDance|[upkeep]
|-ability|p1a: Blaziken|Speed Boost|boost
|-boost|p1a: Blaziken|spe|1
|upkeep
|turn|4
|
|t:|1783933229
|move|p2a: Froslass|Protect|p2a: Froslass
|-singleturn|p2a: Froslass|Protect
|move|p2b: Swampert|Wave Crash|p1a: Blaziken
|-supereffective|p1a: Blaziken|1
|-damage|p1a: Blaziken|0 fnt
|faint|p1a: Blaziken
|-damage|p2b: Swampert|13/100|[from] Recoil
|move|p1b: Kingambit|Kowtow Cleave|p2a: Froslass
|-activate|p2a: Froslass|move: Protect
|
|-weather|RainDance|[upkeep]
|-sideend|p2: zhz2021|move: Tailwind
|upkeep
|
|t:|1783933243
|switch|p1a: Basculegion|Basculegion, L50, M|43/100
|turn|5
|inactive|zhz2021 has 30 seconds left.
|inactive|zhz2021 has 20 seconds left.
|
|t:|1783933278
|switch|p2a: Pelipper|Pelipper, L50, F|100/100
|move|p2b: Swampert|Rock Slide|p1b: Kingambit|[spread] p1b
|-miss|p2b: Swampert|p1a: Basculegion
|-resisted|p1b: Kingambit|1
|-damage|p1b: Kingambit|23/100
|move|p1a: Basculegion|Last Respects|p2a: Pelipper
|-damage|p2a: Pelipper|28/100
|move|p1b: Kingambit|Kowtow Cleave|p2a: Pelipper
|-damage|p2a: Pelipper|0 fnt
|faint|p2a: Pelipper
|-damage|p1b: Kingambit|13/100|[from] item: Life Orb
|
|-weather|RainDance|[upkeep]
|upkeep
|
|t:|1783933286
|switch|p2a: Archaludon|Archaludon, L50, M|100/100
|turn|6
|
|t:|1783933303
|switch|p1b: Ninetales|Ninetales-Alola, L50, F|100/100
|-weather|Snowscape|[from] ability: Snow Warning|[of] p1b: Ninetales
|move|p1a: Basculegion|Last Respects|p2b: Swampert
|-damage|p2b: Swampert|0 fnt
|faint|p2b: Swampert
|move|p2a: Archaludon|Electro Shot||[still]
|-prepare|p2a: Archaludon|Electro Shot
|-boost|p2a: Archaludon|spa|1
|
|-weather|Snowscape|[upkeep]
|upkeep
|
|t:|1783933306
|switch|p2b: Froslass|Froslass, L50, F|4/100
|turn|7
|
|t:|1783933316
|move|p1a: Basculegion|Last Respects|p2a: Archaludon
|-damage|p2a: Archaludon|56/100
|-ability|p2a: Archaludon|Stamina|boost
|-boost|p2a: Archaludon|def|1
|move|p1b: Ninetales|Blizzard|p2b: Froslass|[spread] p2a,p2b
|-resisted|p2b: Froslass|1
|-damage|p2a: Archaludon|25/100
|-damage|p2b: Froslass|0 fnt
|-ability|p2a: Archaludon|Stamina|boost
|-boost|p2a: Archaludon|def|1
|faint|p2b: Froslass
|move|p2a: Archaludon|Electro Shot|p1a: Basculegion|[from] lockedmove
|-supereffective|p1a: Basculegion|1
|-damage|p1a: Basculegion|0 fnt
|faint|p1a: Basculegion
|
|-weather|Snowscape|[upkeep]
|-heal|p2a: Archaludon|31/100|[from] item: Leftovers
|upkeep
|
|t:|1783933322
|switch|p1a: Kingambit|Kingambit, L50, M|13/100
|turn|8
|inactive|zhz2021 has 30 seconds left.
|inactive|zhz2021 has 20 seconds left.
|inactive|zhz2021 has 15 seconds left.
|inactive|zhz2021 has 10 seconds left.
|inactive|zhz2021 has 5 seconds left.
|
|t:|1783933377
|move|p1a: Kingambit|Sucker Punch|p2a: Archaludon
|-damage|p2a: Archaludon|10/100
|-ability|p2a: Archaludon|Stamina|boost
|-boost|p2a: Archaludon|def|1
|-damage|p1a: Kingambit|3/100|[from] item: Life Orb
|move|p1b: Ninetales|Blizzard|p2a: Archaludon
|-damage|p2a: Archaludon|0 fnt
|faint|p2a: Archaludon
|
|win|elmono11
