|j|☆ddrfuxu
|j|‽pseudo_777
|html|ddrfuxupseudo_777    
|uhtml|bestof|Game 2 of a best-of-3
|t:|1783167444
|gametype|doubles
|player|p1|ddrfuxu|2|1123
|player|p2|pseudo_777|dancer|1114
|gen|9
|tier|[Gen 9 Champions] VGC 2026 Reg M-B (Bo3)
|rated|
|rule|Species Clause: Limit one of each Pokémon
|rule|Item Clause: Limit 1 of each item
|clearpoke
|poke|p1|Whimsicott, L50, M|
|poke|p1|Floette-Eternal, L50, F|
|poke|p1|Basculegion, L50, M|
|poke|p1|Kingambit, L50, M|
|poke|p1|Charizard, L50, M|
|poke|p1|Garchomp, L50, M|
|poke|p2|Charizard, L50, M|
|poke|p2|Whimsicott, L50, F|
|poke|p2|Kingambit, L50, F|
|poke|p2|Basculegion, L50, M|
|poke|p2|Garchomp, L50, M|
|poke|p2|Floette-Eternal, L50, F|
|teampreview|4
|showteam|p1|Whimsicott||FocusSash|Prankster|Moonblast,Tailwind,Encore,Protect|Timid||M|||50|]Floette-Eternal||Floettite|FlowerVeil|Moonblast,DazzlingGleam,LightofRuin,Protect|Modest||F|||50|]Basculegion||MysticWater|Adaptability|WaveCrash,LastRespects,AquaJet,Protect|Adamant||M|||50|]Kingambit||ChopleBerry|Defiant|KowtowCleave,SuckerPunch,IronHead,LowKick|Adamant||M|||50|]Charizard||CharizarditeY|Blaze|WeatherBall,HeatWave,SolarBeam,Protect|Modest||M|||50|]Garchomp||LifeOrb|RoughSkin|Earthquake,DragonClaw,RockSlide,StompingTantrum|Adamant||M|||50|
|showteam|p2|Charizard||CharizarditeY|Blaze|HeatWave,SolarBeam,WeatherBall,Protect|Modest||M|||50|]Whimsicott||FocusSash|Prankster|Protect,Tailwind,Moonblast,Encore|Timid||F|||50|]Kingambit||BlackGlasses|Defiant|Protect,SuckerPunch,KowtowCleave,IronHead|Adamant||F|||50|]Basculegion||MysticWater|Adaptability|Protect,WaveCrash,LastRespects,AquaJet|Adamant||M|||50|]Garchomp||LifeOrb|RoughSkin|Earthquake,Protect,DragonClaw,RockSlide|Jolly||M|||50|]Floette-Eternal||Floettite|FlowerVeil|LightofRuin,Moonblast,DazzlingGleam,Protect|Modest||F|||50|
|inactive|Battle timer is ON: inactive players will automatically lose when time's up. (requested by ddrfuxu)
|
|t:|1783167476
|teamsize|p1|4
|teamsize|p2|4
|start
|switch|p1a: Charizard|Charizard, L50, M|100/100
|switch|p1b: Whimsicott|Whimsicott, L50, M|100/100
|switch|p2a: Whimsicott|Whimsicott, L50, F|100/100
|switch|p2b: Basculegion|Basculegion, L50, M|100/100
|turn|1
|
|t:|1783167493
|switch|p2b: Charizard|Charizard, L50, M|100/100
|detailschange|p1a: Charizard|Charizard-Mega-Y, L50, M
|-mega|p1a: Charizard|Charizard|Charizardite Y
|-weather|SunnyDay|[from] ability: Drought|[of] p1a: Charizard
|move|p2a: Whimsicott|Tailwind|p2a: Whimsicott
|-sidestart|p2: pseudo_777|move: Tailwind
|move|p1b: Whimsicott|Moonblast|p2b: Charizard
|-resisted|p2b: Charizard|1
|-damage|p2b: Charizard|81/100
|move|p1a: Charizard|Solar Beam||[still]
|-prepare|p1a: Charizard|Solar Beam
|-anim|p1a: Charizard|Solar Beam|p2b: Charizard
|-resisted|p2b: Charizard|2
|-damage|p2b: Charizard|67/100
|
|-weather|SunnyDay|[upkeep]
|upkeep
|turn|2
|
|t:|1783167517
|detailschange|p2b: Charizard|Charizard-Mega-Y, L50, M
|-mega|p2b: Charizard|Charizard|Charizardite Y
|move|p1b: Whimsicott|Protect|p1b: Whimsicott
|-singleturn|p1b: Whimsicott|Protect
|move|p2a: Whimsicott|Encore|p1b: Whimsicott
|-activate|p1b: Whimsicott|move: Protect
|move|p2b: Charizard|Heat Wave|p1a: Charizard|[spread] p1a
|-activate|p1b: Whimsicott|move: Protect
|-resisted|p1a: Charizard|1
|-damage|p1a: Charizard|72/100
|move|p1a: Charizard|Weather Ball|p2a: Whimsicott
|-supereffective|p2a: Whimsicott|1
|-enditem|p2a: Whimsicott|Focus Sash
|-damage|p2a: Whimsicott|1/100
|
|-weather|SunnyDay|[upkeep]
|upkeep
|turn|3
|inactive|ddrfuxu has 30 seconds left.
|
|t:|1783167542
|switch|p2a: Basculegion|Basculegion, L50, M|100/100
|switch|p1b: Garchomp|Garchomp, L50, M|100/100
|move|p2b: Charizard|Heat Wave|p1a: Charizard|[spread] p1a
|-miss|p2b: Charizard|p1b: Garchomp
|-resisted|p1a: Charizard|1
|-damage|p1a: Charizard|42/100
|move|p1a: Charizard|Weather Ball|p2a: Basculegion
|-resisted|p2a: Basculegion|1
|-damage|p2a: Basculegion|52/100
|
|-weather|SunnyDay|[upkeep]
|upkeep
|turn|4
|
|t:|1783167566
|move|p2b: Charizard|Weather Ball|p1b: Garchomp
|-resisted|p1b: Garchomp|1
|-damage|p1b: Garchomp|62/100
|move|p2a: Basculegion|Wave Crash|p1b: Garchomp
|-damage|p1b: Garchomp|20/100y
|-damage|p2a: Basculegion|40/100|[from] ability: Rough Skin|[of] p1b: Garchomp
|-damage|p2a: Basculegion|25/100|[from] Recoil
|move|p1b: Garchomp|Rock Slide|p2b: Charizard|[spread] p2a,p2b
|-supereffective|p2b: Charizard|2
|-damage|p2a: Basculegion|0 fnt
|-damage|p2b: Charizard|0 fnt
|faint|p2a: Basculegion
|faint|p2b: Charizard
|-damage|p1b: Garchomp|10/100|[from] item: Life Orb
|move|p1a: Charizard|Solar Beam||[still]
|-prepare|p1a: Charizard|Solar Beam
|-anim|p1a: Charizard|Solar Beam|p2: Basculegion|[notarget]
|-fail|p1a: Charizard
|
|-weather|SunnyDay|[upkeep]
|-sideend|p2: pseudo_777|move: Tailwind
|upkeep
|
|t:|1783167573
|switch|p2b: Whimsicott|Whimsicott, L50, F|1/100
|switch|p2a: Garchomp|Garchomp, L50, M|100/100
|turn|5
|inactive|ddrfuxu has 30 seconds left.
|inactive|ddrfuxu has 20 seconds left.
|inactive|ddrfuxu has 15 seconds left.
|
|t:|1783167617
|switch|p1a: Whimsicott|Whimsicott, L50, M|100/100
|move|p2b: Whimsicott|Tailwind|p2b: Whimsicott
|-sidestart|p2: pseudo_777|move: Tailwind
|move|p2a: Garchomp|Rock Slide|p1b: Garchomp|[spread] p1a,p1b
|-resisted|p1b: Garchomp|1
|-crit|p1b: Garchomp
|-damage|p1a: Whimsicott|59/100
|-damage|p1b: Garchomp|0 fnt
|faint|p1b: Garchomp
|-damage|p2a: Garchomp|90/100|[from] item: Life Orb
|
|-weather|none
|upkeep
|
|t:|1783167637
|switch|p1b: Charizard|Charizard-Mega-Y, L50, M|42/100
|-weather|SunnyDay|[from] ability: Drought|[of] p1b: Charizard
|turn|6
|inactive|ddrfuxu has 30 seconds left.
|
|t:|1783167666
|move|p1a: Whimsicott|Tailwind|p1a: Whimsicott
|-sidestart|p1: ddrfuxu|move: Tailwind
|move|p2b: Whimsicott|Moonblast|p1a: Whimsicott
|-damage|p1a: Whimsicott|6/100
|move|p2a: Garchomp|Rock Slide|p1a: Whimsicott|[spread] p1a,p1b
|-supereffective|p1b: Charizard|2
|-damage|p1a: Whimsicott|0 fnt
|-damage|p1b: Charizard|0 fnt
|faint|p1a: Whimsicott
|faint|p1b: Charizard
|-damage|p2a: Garchomp|80/100|[from] item: Life Orb
|
|-weather|SunnyDay|[upkeep]
|upkeep
|
|t:|1783167673
|switch|p1b: Kingambit|Kingambit, L50, M|100/100
|turn|7
|
|t:|1783167688
|move|p2b: Whimsicott|Moonblast|p1b: Kingambit
|-damage|p1b: Kingambit|66/100
|move|p2a: Garchomp|Earthquake|p1b: Kingambit|[spread] p2b,p1b
|-resisted|p2b: Whimsicott|1
|-supereffective|p1b: Kingambit|1
|-damage|p2b: Whimsicott|0 fnt
|-damage|p1b: Kingambit|0 fnt
|faint|p2b: Whimsicott
|faint|p1b: Kingambit
|-damage|p2a: Garchomp|70/100|[from] item: Life Orb
|
|win|pseudo_777
|raw|ddrfuxu's rating: 1123 → 1097(-26 for losing)
|raw|pseudo_777's rating: 1114 → 1140(+26 for winning)
|l|☆ddrfuxu
|player|p1|
