|j|☆beast656545
|j|☆jajahyr
|html|beast656545jajahyr    
|uhtml|bestof|Game 3 of a best-of-3
|t:|1782956769
|gametype|doubles
|player|p1|beast656545|firebreather|1068
|player|p2|jajahyr|1|1000
|gen|9
|tier|[Gen 9 Champions] VGC 2026 Reg M-B (Bo3)
|rated|
|rule|Species Clause: Limit one of each Pokémon
|rule|Item Clause: Limit 1 of each item
|clearpoke
|poke|p1|Tinkaton, L50, F|
|poke|p1|Gholdengo, L50|
|poke|p1|Dragonite, L50, F|
|poke|p1|Aerodactyl, L50, F|
|poke|p1|Grimmsnarl, L50, M|
|poke|p1|Rotom-Wash, L50|
|poke|p2|Farigiraf, L50, M, shiny|
|poke|p2|Sylveon, L50, F, shiny|
|poke|p2|Pyroar, L50, F, shiny|
|poke|p2|Ninetales, L50, F, shiny|
|poke|p2|Venusaur, L50, M, shiny|
|poke|p2|Scrafty, L50, M, shiny|
|teampreview|4
|showteam|p1|Tinkaton||SitrusBerry|MoldBreaker|PlayRough,GigatonHammer,HelpingHand,FakeOut|Impish||F|||50|]Gholdengo||ChoiceScarf|GoodasGold|PowerGem,ShadowBall,MakeItRain,Thunderbolt|Modest|||||50|]Dragonite||Dragoninite|Multiscale|DracoMeteor,Tailwind,Haze,Thunderbolt|Modest||F|||50|]Aerodactyl||Aerodactylite|RockHead|Tailwind,DualWingbeat,RockSlide,Protect|Jolly||F|||50|]Grimmsnarl||LightClay|Prankster|LightScreen,Reflect,PartingShot,SpiritBreak|Careful||M|||50|]Rotom-Wash||Leftovers|Levitate|FoulPlay,HydroPump,Protect,WillOWisp|Calm|||||50|
|showteam|p2|Farigiraf||SitrusBerry|ArmorTail|TrickRoom,Psychic,Imprison,HelpingHand|Bold||M|||50|]Sylveon||FairyFeather|Pixilate|HyperBeam,HyperVoice,QuickAttack,Detect|Modest||F|||50|]Pyroar||Pyroarite|Moxie|HeatWave,Protect,SolarBeam,ScorchingSands|Timid||F|||50|]Ninetales||ChoiceScarf|Drought|HeatWave,SolarBeam,Overheat,FakeTears|Modest||F|||50|]Venusaur||LifeOrb|Chlorophyll|SludgeBomb,Protect,GigaDrain,SleepPowder|Modest||M|||50|]Scrafty||Scraftinite|Intimidate|KnockOff,FakeOut,DrainPunch,IcePunch|Adamant||M|||50|
|
|t:|1782956800
|teamsize|p1|4
|teamsize|p2|4
|start
|switch|p1a: Aerodactyl|Aerodactyl, L50, F|100/100
|switch|p1b: Tinkaton|Tinkaton, L50, F|100/100
|switch|p2a: Pyroar|Pyroar, L50, F, shiny|100/100
|switch|p2b: Ninetales|Ninetales, L50, F, shiny|100/100
|-weather|SunnyDay|[from] ability: Drought|[of] p2b: Ninetales
|-ability|p1b: Tinkaton|Mold Breaker
|turn|1
|
|t:|1782956816
|detailschange|p1a: Aerodactyl|Aerodactyl-Mega, L50, F
|-mega|p1a: Aerodactyl|Aerodactyl|Aerodactylite
|detailschange|p2a: Pyroar|Pyroar-Mega, L50, F, shiny
|-mega|p2a: Pyroar|Pyroar|Pyroarite
|move|p1b: Tinkaton|Fake Out|p2b: Ninetales
|-damage|p2b: Ninetales|85/100
|cant|p2b: Ninetales|flinch
|move|p1a: Aerodactyl|Rock Slide|p2b: Ninetales|[spread] p2a,p2b
|-supereffective|p2a: Pyroar|1
|-supereffective|p2b: Ninetales|1
|-damage|p2a: Pyroar|28/100
|-damage|p2b: Ninetales|0 fnt
|faint|p2b: Ninetales
|move|p2a: Pyroar|Heat Wave|p1b: Tinkaton|[spread] p1b
|-miss|p2a: Pyroar|p1a: Aerodactyl
|-supereffective|p1b: Tinkaton|1
|-damage|p1b: Tinkaton|0 fnt
|faint|p1b: Tinkaton
|
|-weather|SunnyDay|[upkeep]
|upkeep
|
|t:|1782956833
|switch|p2b: Farigiraf|Farigiraf, L50, M, shiny|100/100
|switch|p1b: Gholdengo|Gholdengo, L50|100/100
|turn|2
|
|t:|1782956850
|move|p2a: Pyroar|Protect|p2a: Pyroar
|-singleturn|p2a: Pyroar|Protect
|move|p1a: Aerodactyl|Rock Slide|p2b: Farigiraf|[spread] p2b
|-activate|p2a: Pyroar|move: Protect
|-crit|p2b: Farigiraf
|-damage|p2b: Farigiraf|63/100
|move|p1b: Gholdengo|Thunderbolt|p2a: Pyroar
|-activate|p2a: Pyroar|move: Protect
|move|p2b: Farigiraf|Trick Room|p2b: Farigiraf
|-fieldstart|move: Trick Room|[of] p2b: Farigiraf
|
|-weather|SunnyDay|[upkeep]
|upkeep
|turn|3
|
|t:|1782956864
|switch|p1b: Grimmsnarl|Grimmsnarl, L50, M|100/100
|move|p2b: Farigiraf|Helping Hand|p2a: Pyroar
|-singleturn|p2a: Pyroar|Helping Hand|[of] p2b: Farigiraf
|move|p1a: Aerodactyl|Protect|p1a: Aerodactyl
|-singleturn|p1a: Aerodactyl|Protect
|move|p2a: Pyroar|Scorching Sands|p1b: Grimmsnarl
|-damage|p1b: Grimmsnarl|66/100
|
|-weather|SunnyDay|[upkeep]
|upkeep
|turn|4
|
|t:|1782956882
|move|p2b: Farigiraf|Helping Hand|p2a: Pyroar
|-singleturn|p2a: Pyroar|Helping Hand|[of] p2b: Farigiraf
|move|p1b: Grimmsnarl|Light Screen|p1b: Grimmsnarl
|-sidestart|p1: beast656545|move: Light Screen
|move|p2a: Pyroar|Solar Beam||[still]
|-prepare|p2a: Pyroar|Solar Beam
|-anim|p2a: Pyroar|Solar Beam|p1a: Aerodactyl
|-damage|p1a: Aerodactyl|50/100g
|move|p1a: Aerodactyl|Rock Slide|p2b: Farigiraf|[spread] p2a,p2b
|-supereffective|p2a: Pyroar|1
|-damage|p2a: Pyroar|0 fnt
|-damage|p2b: Farigiraf|39/100
|-enditem|p2b: Farigiraf|Sitrus Berry|[eat]
|-heal|p2b: Farigiraf|64/100|[from] item: Sitrus Berry
|faint|p2a: Pyroar
|
|-weather|SunnyDay|[upkeep]
|upkeep
|
|t:|1782956891
|switch|p2a: Sylveon|Sylveon, L50, F, shiny|100/100
|turn|5
|
|t:|1782956904
|move|p2b: Farigiraf|Helping Hand|p2a: Sylveon
|-singleturn|p2a: Sylveon|Helping Hand|[of] p2b: Farigiraf
|move|p2a: Sylveon|Hyper Voice|p1a: Aerodactyl|[spread] p1a,p1b
|-supereffective|p1b: Grimmsnarl|1
|-damage|p1a: Aerodactyl|0 fnt
|-damage|p1b: Grimmsnarl|0 fnt
|faint|p1a: Aerodactyl
|faint|p1b: Grimmsnarl
|
|-weather|none
|upkeep
|
|t:|1782956913
|switch|p1b: Gholdengo|Gholdengo, L50|100/100
|turn|6
|
|t:|1782956920
|move|p2a: Sylveon|Detect|p2a: Sylveon
|-singleturn|p2a: Sylveon|Protect
|move|p2b: Farigiraf|Psychic|p1b: Gholdengo
|-resisted|p1b: Gholdengo|1
|-damage|p1b: Gholdengo|85/100
|-unboost|p1b: Gholdengo|spd|1
|move|p1b: Gholdengo|Make It Rain|p2a: Sylveon|[spread] 
|-activate|p2a: Sylveon|move: Protect
|-miss|p1b: Gholdengo|p2b: Farigiraf
|
|-fieldend|move: Trick Room
|upkeep
|turn|7
|
|t:|1782956934
|move|p1b: Gholdengo|Make It Rain|p2b: Farigiraf|[spread] p2a,p2b
|-supereffective|p2a: Sylveon|1
|-damage|p2a: Sylveon|19/100
|-damage|p2b: Farigiraf|12/100
|-unboost|p1b: Gholdengo|spa|2
|move|p2a: Sylveon|Hyper Beam|p1b: Gholdengo
|-resisted|p1b: Gholdengo|1
|-damage|p1b: Gholdengo|24/100
|-mustrecharge|p2a: Sylveon
|move|p2b: Farigiraf|Psychic|p1b: Gholdengo
|-resisted|p1b: Gholdengo|1
|-damage|p1b: Gholdengo|4/100
|
|upkeep
|turn|8
|
|t:|1782956948
|move|p1b: Gholdengo|Make It Rain|p2b: Farigiraf|[spread] p2a,p2b
|-supereffective|p2a: Sylveon|1
|-damage|p2a: Sylveon|0 fnt
|-damage|p2b: Farigiraf|0 fnt
|-unboost|p1b: Gholdengo|spa|2
|faint|p2a: Sylveon
|faint|p2b: Farigiraf
|
|win|beast656545
|raw|beast656545's rating: 1068 → 1092(+24 for winning)
|raw|jajahyr's rating: 1000 → 1000(+0 for losing)
|c|☆beast656545|GGs
|c|☆jajahyr|gg
|l|☆jajahyr
|player|p2|
