|j|☆Julituk
|j|☆lettitripppp
|html|Julituklettitripppp    
|uhtml|bestof|Game 2 of a best-of-3
|t:|1783359005
|gametype|doubles
|player|p1|Julituk|102|1249
|player|p2|lettitripppp|lucas|1247
|gen|9
|tier|[Gen 9 Champions] VGC 2026 Reg M-B (Bo3)
|rated|
|rule|Species Clause: Limit one of each Pokémon
|rule|Item Clause: Limit 1 of each item
|clearpoke
|poke|p1|Kingambit, L50, F|
|poke|p1|Sylveon, L50, F|
|poke|p1|Garchomp, L50, F|
|poke|p1|Aerodactyl, L50, F|
|poke|p1|Farigiraf, L50, M|
|poke|p1|Charizard, L50, M|
|poke|p2|Charizard, L50, F|
|poke|p2|Basculegion, L50, M|
|poke|p2|Whimsicott, L50, F, shiny|
|poke|p2|Garchomp, L50, M, shiny|
|poke|p2|Floette-Eternal, L50, F|
|poke|p2|Kingambit, L50, M, shiny|
|teampreview|4
|showteam|p1|Kingambit||FocusSash|Defiant|IronHead,SuckerPunch,KowtowCleave,LowKick|Adamant||F|||50|]Sylveon||FairyFeather|Pixilate|Detect,HyperVoice,HyperBeam,QuickAttack|Modest||F|||50|]Garchomp||LifeOrb|RoughSkin|Protect,DragonClaw,Earthquake,StompingTantrum|Jolly||F|||50|]Aerodactyl||Aerodactylite|RockHead|IceFang,RockSlide,Tailwind,DualWingbeat|Jolly||F|||50|]Farigiraf||SitrusBerry|ArmorTail|TrickRoom,Psychic,Thunderbolt,Roar|Bold||M|||50|]Charizard||CharizarditeY|Blaze|Protect,SolarBeam,WeatherBall,HeatWave|Modest||M|||50|
|showteam|p2|Charizard||CharizarditeY|Blaze|WeatherBall,SolarBeam,HeatWave,Protect|Modest||F|||50|]Basculegion||MysticWater|Adaptability|LastRespects,WaveCrash,AquaJet,Protect|Adamant||M|||50|]Whimsicott||FocusSash|Prankster|Moonblast,Tailwind,Encore,Protect|Timid||F|||50|]Garchomp||LifeOrb|RoughSkin|DragonClaw,Earthquake,RockSlide,Protect|Jolly||M|||50|]Floette-Eternal||Floettite|FlowerVeil|DazzlingGleam,LightofRuin,Moonblast,Protect|Modest||F|||50|]Kingambit||ChopleBerry|Defiant|KowtowCleave,SuckerPunch,IronHead,LowKick|Adamant||M|||50|
|inactive|Battle timer is ON: inactive players will automatically lose when time's up. (requested by lettitripppp)
|
|t:|1783359014
|teamsize|p1|4
|teamsize|p2|4
|start
|switch|p1a: Farigiraf|Farigiraf, L50, M|100/100
|switch|p1b: Kingambit|Kingambit, L50, F|100/100
|switch|p2a: LETS GO GO|Whimsicott, L50, F, shiny|100/100
|switch|p2b: GHOSTWAVE|Basculegion, L50, M|100/100
|turn|1
|
|t:|1783359027
|move|p2a: LETS GO GO|Moonblast|p1b: Kingambit
|-damage|p1b: Kingambit|67/100
|move|p2b: GHOSTWAVE|Wave Crash|p1b: Kingambit
|-damage|p1b: Kingambit|0 fnt
|faint|p1b: Kingambit
|-damage|p2b: GHOSTWAVE|81/100|[from] Recoil
|move|p1a: Farigiraf|Trick Room|p1a: Farigiraf
|-fieldstart|move: Trick Room|[of] p1a: Farigiraf
|
|upkeep
|
|t:|1783359039
|switch|p1b: Sylveon|Sylveon, L50, F|100/100
|turn|2
|
|t:|1783359044
|move|p1a: Farigiraf|Thunderbolt|p2b: GHOSTWAVE
|-supereffective|p2b: GHOSTWAVE|1
|-damage|p2b: GHOSTWAVE|30/100
|move|p1b: Sylveon|Hyper Voice|p2a: LETS GO GO|[spread] p2a,p2b
|-damage|p2a: LETS GO GO|33/100
|-damage|p2b: GHOSTWAVE|0 fnt
|faint|p2b: GHOSTWAVE
|move|p2a: LETS GO GO|Moonblast|p1b: Sylveon
|-damage|p1b: Sylveon|75/100
|
|upkeep
|
|t:|1783359050
|switch|p2b: GENERAL BLADUS|Kingambit, L50, M, shiny|100/100
|turn|3
|
|t:|1783359059
|move|p2a: LETS GO GO|Protect|p2a: LETS GO GO
|-singleturn|p2a: LETS GO GO|Protect
|move|p2b: GENERAL BLADUS|Iron Head|p1b: Sylveon
|-supereffective|p1b: Sylveon|1
|-damage|p1b: Sylveon|0 fnt
|faint|p1b: Sylveon
|move|p1a: Farigiraf|Thunderbolt|p2b: GENERAL BLADUS
|-damage|p2b: GENERAL BLADUS|79/100
|
|upkeep
|
|t:|1783359064
|switch|p1b: Charizard|Charizard, L50, M|100/100
|turn|4
|inactive|lettitripppp has 30 seconds left.
|
|t:|1783359097
|switch|p2a: RUINOUS LIGHT|Floette-Eternal, L50, F|100/100
|detailschange|p1b: Charizard|Charizard-Mega-Y, L50, M
|-mega|p1b: Charizard|Charizard|Charizardite Y
|-weather|SunnyDay|[from] ability: Drought|[of] p1b: Charizard
|move|p2b: GENERAL BLADUS|Kowtow Cleave|p1b: Charizard
|-damage|p1b: Charizard|53/100
|move|p1a: Farigiraf|Psychic|p2a: RUINOUS LIGHT
|-damage|p2a: RUINOUS LIGHT|70/100
|move|p1b: Charizard|Heat Wave|p2a: RUINOUS LIGHT|[spread] p2a,p2b
|-supereffective|p2b: GENERAL BLADUS|1
|-damage|p2a: RUINOUS LIGHT|15/100
|-damage|p2b: GENERAL BLADUS|0 fnt
|faint|p2b: GENERAL BLADUS
|
|-weather|SunnyDay|[upkeep]
|upkeep
|
|t:|1783359109
|switch|p2b: LETS GO GO|Whimsicott, L50, F, shiny|33/100
|turn|5
|
|t:|1783359120
|move|p2b: LETS GO GO|Protect|p2b: LETS GO GO
|-singleturn|p2b: LETS GO GO|Protect
|move|p2a: RUINOUS LIGHT|Protect|p2a: RUINOUS LIGHT
|-singleturn|p2a: RUINOUS LIGHT|Protect
|move|p1a: Farigiraf|Psychic|p2a: RUINOUS LIGHT
|-activate|p2a: RUINOUS LIGHT|move: Protect
|move|p1b: Charizard|Weather Ball|p2b: LETS GO GO
|-activate|p2b: LETS GO GO|move: Protect
|
|-weather|SunnyDay|[upkeep]
|-fieldend|move: Trick Room
|upkeep
|turn|6
|inactive|Julituk has 30 seconds left.
|
|t:|1783359149
|detailschange|p2a: RUINOUS LIGHT|Floette-Mega, L50, F
|-mega|p2a: RUINOUS LIGHT|Floette|Floettite
|-ability|p2a: RUINOUS LIGHT|Fairy Aura
|move|p2b: LETS GO GO|Moonblast|p1b: Charizard
|-resisted|p1b: Charizard|1
|-damage|p1b: Charizard|36/100
|move|p2a: RUINOUS LIGHT|Dazzling Gleam|p1b: Charizard|[spread] p1a,p1b
|-resisted|p1b: Charizard|1
|-damage|p1a: Farigiraf|52/100
|-damage|p1b: Charizard|15/100
|move|p1b: Charizard|Heat Wave|p2a: RUINOUS LIGHT|[spread] p2a,p2b
|-supereffective|p2b: LETS GO GO|1
|-damage|p2a: RUINOUS LIGHT|0 fnt
|-damage|p2b: LETS GO GO|0 fnt
|faint|p2a: RUINOUS LIGHT
|faint|p2b: LETS GO GO
|
|win|Julituk
