|j|☆varrun
|j|☆FalkyriaX
|html|varrunFalkyriaX    
|uhtml|bestof|Game 1 of a best-of-3
|t:|1757930938
|gametype|doubles
|player|p1|varrun|102|1175
|player|p2|FalkyriaX|265|1113
|gen|9
|tier|[Gen 9] VGC 2025 Reg H (Bo3)
|rated|
|rule|Species Clause: Limit one of each Pokémon
|rule|Item Clause: Limit 1 of each item
|clearpoke
|poke|p1|Dragonite, L50, M|
|poke|p1|Gholdengo, L50|
|poke|p1|Rillaboom, L50, M|
|poke|p1|Ursaluna-Bloodmoon, L50, M|
|poke|p1|Maushold-Four, L50|
|poke|p1|Annihilape, L50, F|
|poke|p2|Dragonite, L50, M|
|poke|p2|Ninetales-Alola, L50, F|
|poke|p2|Annihilape, L50, M|
|poke|p2|Gholdengo, L50|
|poke|p2|Ursaluna-Bloodmoon, L50, M|
|poke|p2|Arcanine, L50, M|
|teampreview|4
|showteam|p1|Dragonite||LoadedDice|Multiscale|Tailwind,Haze,Protect,ScaleShot|||M|||50|,,,,,Fairy]Gholdengo||LifeOrb|GoodasGold|MakeItRain,ShadowBall,NastyPlot,Protect||||||50|,,,,,Water]Rillaboom||MiracleSeed|GrassySurge|WoodHammer,GrassyGlide,FakeOut,HighHorsepower|||M|||50|,,,,,Fire]Ursaluna-Bloodmoon||AssaultVest|MindsEye|BloodMoon,EarthPower,HyperVoice,VacuumWave|||M|||50|,,,,,Water]Maushold-Four||FocusSash|FriendGuard|SuperFang,FollowMe,BeatUp,Protect||||||50|,,,,,Ghost]Annihilape||SitrusBerry|Defiant|RageFist,DrainPunch,BulkUp,Protect|||F|||50|,,,,,Fire
|showteam|p2|Dragonite||LoadedDice|Multiscale|Haze,ScaleShot,StompingTantrum,ExtremeSpeed|||M|||50|,,,,,Normal]Ninetales-Alola||LightClay|SnowWarning|Protect,Moonblast,IcyWind,AuroraVeil|||F|||50|,,,,,Ghost]Annihilape||Leftovers|Defiant|Protect,RageFist,DrainPunch,BulkUp|||M|||50|,,,,,Fire]Gholdengo||MetalCoat|GoodasGold|Protect,NastyPlot,ShadowBall,MakeItRain||||||50|,,,,,Dragon]Ursaluna-Bloodmoon||AssaultVest|MindsEye|EarthPower,BloodMoon,HyperVoice,VacuumWave|||M|||50|,,,,,Ghost]Arcanine||SafetyGoggles|Intimidate|Snarl,WillOWisp,Flamethrower,Protect|||M|||50|,,,,,Dragon
|inactive|Battle timer is ON: inactive players will automatically lose when time's up. (requested by FalkyriaX)
|
|t:|1757931038
|teamsize|p1|4
|teamsize|p2|4
|start
|switch|p1a: Dragonite|Dragonite, L50, M|100/100
|switch|p1b: Ursaluna|Ursaluna-Bloodmoon, L50, M|100/100
|switch|p2a: Ninetales|Ninetales-Alola, L50, F|100/100
|switch|p2b: Ursaluna|Ursaluna-Bloodmoon, L50, M|100/100
|-weather|Snowscape|[from] ability: Snow Warning|[of] p2a: Ninetales
|turn|1
|inactive|varrun has 30 seconds left.
|inactive|FalkyriaX has 30 seconds left.
|inactive|varrun has 20 seconds left.
|inactive|varrun has 15 seconds left.
|inactive|varrun has 10 seconds left.
|
|t:|1757931086
|move|p2a: Ninetales|Aurora Veil|p2a: Ninetales
|-sidestart|p2: FalkyriaX|move: Aurora Veil
|move|p1a: Dragonite|Tailwind|p1a: Dragonite
|-sidestart|p1: varrun|move: Tailwind
|move|p1b: Ursaluna|Blood Moon|p2b: Ursaluna
|-damage|p2b: Ursaluna|69/100
|move|p2b: Ursaluna|Blood Moon|p1a: Dragonite
|-damage|p1a: Dragonite|63/100
|
|-weather|Snowscape|[upkeep]
|upkeep
|turn|2
|inactive|varrun has 30 seconds left.
|inactive|varrun has 20 seconds left.
|inactive|varrun has 15 seconds left.
|inactive|varrun has 10 seconds left.
|
|t:|1757931132
|-terastallize|p1a: Dragonite|Fairy
|move|p1a: Dragonite|Scale Shot|p2b: Ursaluna|[miss]
|-miss|p1a: Dragonite|p2b: Ursaluna
|move|p1b: Ursaluna|Hyper Voice|p2a: Ninetales|[spread] p2a,p2b
|-crit|p2b: Ursaluna
|-damage|p2a: Ninetales|74/100
|-damage|p2b: Ursaluna|36/100
|move|p2a: Ninetales|Icy Wind|p1b: Ursaluna|[spread] p1a,p1b
|-supereffective|p1b: Ursaluna
|-damage|p1a: Dragonite|50/100
|-damage|p1b: Ursaluna|83/100
|-unboost|p1a: Dragonite|spe|1
|-unboost|p1b: Ursaluna|spe|1
|move|p2b: Ursaluna|Hyper Voice|p1b: Ursaluna|[spread] p1a,p1b
|-damage|p1a: Dragonite|10/100
|-damage|p1b: Ursaluna|57/100
|
|-weather|Snowscape|[upkeep]
|upkeep
|turn|3
|inactive|varrun has 30 seconds left.
|inactive|FalkyriaX has 30 seconds left.
|
|t:|1757931163
|move|p1a: Dragonite|Scale Shot|p2b: Ursaluna
|-damage|p2b: Ursaluna|28/100
|-damage|p2b: Ursaluna|20/100
|-damage|p2b: Ursaluna|12/100
|-damage|p2b: Ursaluna|5/100
|-damage|p2b: Ursaluna|0 fnt
|faint|p2b: Ursaluna
|-hitcount|p2: Ursaluna|5
|-unboost|p1a: Dragonite|def|1
|-boost|p1a: Dragonite|spe|1
|move|p2a: Ninetales|Icy Wind|p1b: Ursaluna|[spread] p1a,p1b
|-supereffective|p1b: Ursaluna
|-damage|p1a: Dragonite|0 fnt
|-damage|p1b: Ursaluna|39/100
|-unboost|p1b: Ursaluna|spe|1
|faint|p1a: Dragonite
|move|p1b: Ursaluna|Blood Moon|p2a: Ninetales
|-damage|p2a: Ninetales|20/100
|
|-weather|Snowscape|[upkeep]
|upkeep
|inactive|varrun has 30 seconds left.
|
|t:|1757931193
|switch|p1a: Annihilape|Annihilape, L50, F|100/100
|switch|p2b: Annihilape|Annihilape, L50, M|100/100
|turn|4
|inactive|varrun has 30 seconds left.
|inactive|varrun has 20 seconds left.
|
|t:|1757931231
|-terastallize|p2b: Annihilape|Fire
|move|p2a: Ninetales|Protect|p2a: Ninetales
|-singleturn|p2a: Ninetales|Protect
|move|p1a: Annihilape|Bulk Up|p1a: Annihilape
|-boost|p1a: Annihilape|atk|1
|-boost|p1a: Annihilape|def|1
|move|p2b: Annihilape|Bulk Up|p2b: Annihilape
|-boost|p2b: Annihilape|atk|1
|-boost|p2b: Annihilape|def|1
|move|p1b: Ursaluna|Hyper Voice|p2b: Annihilape|[spread] p2b
|-activate|p2a: Ninetales|move: Protect
|-damage|p2b: Annihilape|77/100
|
|-weather|Snowscape|[upkeep]
|-heal|p2b: Annihilape|84/100|[from] item: Leftovers
|-sideend|p1: varrun|move: Tailwind
|upkeep
|turn|5
|inactive|varrun has 30 seconds left.
|inactive|FalkyriaX has 30 seconds left.
|
|t:|1757931264
|switch|p2a: Dragonite|Dragonite, L50, M|100/100
|move|p1a: Annihilape|Protect|p1a: Annihilape
|-singleturn|p1a: Annihilape|Protect
|move|p2b: Annihilape|Drain Punch|p1b: Ursaluna
|-supereffective|p1b: Ursaluna
|-damage|p1b: Ursaluna|0 fnt
|-heal|p2b: Annihilape|100/100|[from] drain|[of] p1b: Ursaluna
|faint|p1b: Ursaluna
|
|-weather|none
|upkeep
|
|t:|1757931274
|switch|p1b: Gholdengo|Gholdengo, L50|100/100
|turn|6
|inactive|varrun has 30 seconds left.
|
|t:|1757931311
|move|p1a: Annihilape|Bulk Up|p1a: Annihilape
|-boost|p1a: Annihilape|atk|1
|-boost|p1a: Annihilape|def|1
|move|p1b: Gholdengo|Nasty Plot|p1b: Gholdengo
|-boost|p1b: Gholdengo|spa|2
|move|p2b: Annihilape|Rage Fist|p1b: Gholdengo
|-supereffective|p1b: Gholdengo
|-damage|p1b: Gholdengo|0 fnt
|faint|p1b: Gholdengo
|move|p2a: Dragonite|Stomping Tantrum|p1a: Annihilape
|-damage|p1a: Annihilape|84/100
|
|upkeep
|turn|7
|
|t:|1757931332
|move|p1a: Annihilape|Rage Fist|p2a: Dragonite
|-damage|p2a: Dragonite|70/100
|move|p2b: Annihilape|Bulk Up|p2b: Annihilape
|-boost|p2b: Annihilape|atk|1
|-boost|p2b: Annihilape|def|1
|move|p2a: Dragonite|Scale Shot|p2b: Annihilape
|-damage|p2b: Annihilape|95/100
|-damage|p2b: Annihilape|90/100
|-damage|p2b: Annihilape|84/100
|-damage|p2b: Annihilape|78/100
|-hitcount|p2b: Annihilape|4
|-unboost|p2a: Dragonite|def|1
|-boost|p2a: Dragonite|spe|1
|
|-heal|p2b: Annihilape|84/100|[from] item: Leftovers
|upkeep
|turn|8
|inactive|FalkyriaX has 30 seconds left.
|
|t:|1757931361
|move|p2a: Dragonite|Haze|p2a: Dragonite
|-clearallboost
|move|p1a: Annihilape|Drain Punch|p2b: Annihilape
|-damage|p2b: Annihilape|63/100
|-heal|p1a: Annihilape|94/100|[from] drain|[of] p2b: Annihilape
|move|p2b: Annihilape|Rage Fist|p1a: Annihilape
|-supereffective|p1a: Annihilape
|-damage|p1a: Annihilape|0 fnt
|faint|p1a: Annihilape
|
|win|FalkyriaX
|l|☆varrun
|player|p1|
||varrun is ready for game 2.
|inactive|FalkyriaX has 30 seconds to confirm battle start!
||FalkyriaX is ready for game 2.
|uhtml|next|Next: Game 2 of 3
