|j|☆ChrisJHall
|j|☆r00mservice7
|html|ChrisJHallr00mservice7    
|uhtml|bestof|Game 3 of a best-of-3
|t:|1785069321
|gametype|doubles
|player|p1|ChrisJHall|266|1221
|player|p2|r00mservice7|102|1317
|gen|9
|tier|[Gen 9 Champions] VGC 2026 Reg M-B (Bo3)
|rated|
|rule|Species Clause: Limit one of each Pokémon
|rule|Item Clause: Limit 1 of each item
|clearpoke
|poke|p1|Incineroar, L50, M|
|poke|p1|Ninetales-Alola, L50, F|
|poke|p1|Gengar, L50, M|
|poke|p1|Kingambit, L50, F|
|poke|p1|Blaziken, L50, M|
|poke|p1|Rotom-Wash, L50|
|poke|p2|Staraptor, L50, F|
|poke|p2|Tyranitar, L50, M|
|poke|p2|Excadrill, L50, F|
|poke|p2|Gholdengo, L50|
|poke|p2|Milotic, L50, M|
|poke|p2|Tsareena, L50, F|
|teampreview|4
|showteam|p1|Incineroar||ShucaBerry|Intimidate|FakeOut,FlareBlitz,Protect,PartingShot|Careful||M|||50|]Ninetales-Alola||NeverMeltIce|SnowWarning|Blizzard,Protect,Encore,FreezeDry|Timid||F|||50|]Gengar||Gengarite|CursedBody|PerishSong,ShadowBall,Protect,Disable|Modest||M|||50|]Kingambit||BlackGlasses|Defiant|KowtowCleave,SuckerPunch,IronHead,Protect|Adamant||F|||50|]Blaziken||Blazikenite|SpeedBoost|FlareBlitz,CloseCombat,Detect,RockSlide|Adamant||M|||50|]Rotom-Wash||SitrusBerry|Levitate|WillOWisp,VoltSwitch,HydroPump,Protect|Bold|||||50|
|showteam|p2|Staraptor||Staraptite|Intimidate|BraveBird,CloseCombat,Tailwind,Protect|Jolly||F|||50|]Tyranitar||Tyranitarite|SandStream|RockSlide,KnockOff,DragonDance,Protect|Jolly||M|||50|]Excadrill||FocusSash|SandRush|HighHorsepower,IronHead,RockSlide,Protect|Adamant||F|||50|]Gholdengo||LifeOrb|GoodasGold|MakeItRain,ShadowBall,NastyPlot,Protect|Modest|||||50|]Milotic||SitrusBerry|Competitive|Scald,IcyWind,IceBeam,Protect|Calm||M|||50|]Tsareena||ExpertBelt|QueenlyMajesty|TropKick,LowKick,Taunt,Protect|Adamant||F|||50|
|inactive|Battle timer is ON: inactive players will automatically lose when time's up. (requested by r00mservice7)
|
|t:|1785069349
|teamsize|p1|4
|teamsize|p2|4
|start
|switch|p1a: Rotom|Rotom-Wash, L50|100/100
|switch|p1b: Gengar|Gengar, L50, M|100/100
|switch|p2a: Gholdengo|Gholdengo, L50|100/100
|switch|p2b: Staraptor|Staraptor, L50, F|100/100
|-ability|p2b: Staraptor|Intimidate|boost
|-unboost|p1a: Rotom|atk|1
|-unboost|p1b: Gengar|atk|1
|turn|1
|
|t:|1785069364
|switch|p1b: Incineroar|Incineroar, L50, M|100/100
|-ability|p1b: Incineroar|Intimidate|boost
|-unboost|p2a: Gholdengo|atk|1
|-unboost|p2b: Staraptor|atk|1
|move|p2a: Gholdengo|Protect|p2a: Gholdengo
|-singleturn|p2a: Gholdengo|Protect
|move|p2b: Staraptor|Tailwind|p2b: Staraptor
|-sidestart|p2: r00mservice7|move: Tailwind
|move|p1a: Rotom|Will-O-Wisp|p2b: Staraptor|[miss]
|-miss|p1a: Rotom|p2b: Staraptor
|
|upkeep
|turn|2
|
|t:|1785069388
|switch|p2b: Tyranitar|Tyranitar, L50, M|100/100
|-weather|Sandstorm|[from] ability: Sand Stream|[of] p2b: Tyranitar
|move|p2a: Gholdengo|Shadow Ball|p1a: Rotom
|-damage|p1a: Rotom|50/100g
|-damage|p2a: Gholdengo|90/100|[from] item: Life Orb
|move|p1a: Rotom|Will-O-Wisp|p2b: Tyranitar
|-status|p2b: Tyranitar|brn
|move|p1b: Incineroar|Flare Blitz|p2a: Gholdengo
|-supereffective|p2a: Gholdengo|1
|-damage|p2a: Gholdengo|13/100
|-damage|p1b: Incineroar|76/100|[from] Recoil
|
|-weather|Sandstorm|[upkeep]
|-damage|p1a: Rotom|44/100|[from] Sandstorm
|-damage|p1b: Incineroar|70/100|[from] Sandstorm
|-enditem|p1a: Rotom|Sitrus Berry|[eat]
|-heal|p1a: Rotom|69/100|[from] item: Sitrus Berry
|-damage|p2b: Tyranitar|93/100 brn|[from] brn
|upkeep
|turn|3
|inactive|ChrisJHall has 30 seconds left.
|inactive|r00mservice7 has 30 seconds left.
|
|t:|1785069418
|move|p2b: Tyranitar|Rock Slide|p1b: Incineroar|[spread] p1a,p1b
|-supereffective|p1b: Incineroar|1
|-damage|p1a: Rotom|57/100
|-damage|p1b: Incineroar|44/100
|move|p2a: Gholdengo|Shadow Ball|p1a: Rotom
|-damage|p1a: Rotom|7/100
|-damage|p2a: Gholdengo|3/100|[from] item: Life Orb
|move|p1a: Rotom|Volt Switch|p2a: Gholdengo
|-damage|p2a: Gholdengo|0 fnt
|faint|p2a: Gholdengo
|inactive|ChrisJHall has 30 seconds left.
|
|t:|1785069445
|switch|p1a: Gengar|Gengar, L50, M|100/100|[from] Volt Switch
|cant|p1b: Incineroar|flinch
|
|-weather|Sandstorm|[upkeep]
|-damage|p1a: Gengar|94/100|[from] Sandstorm
|-damage|p1b: Incineroar|38/100|[from] Sandstorm
|-damage|p2b: Tyranitar|87/100 brn|[from] brn
|upkeep
|
|t:|1785069457
|switch|p2a: Excadrill|Excadrill, L50, F|100/100
|turn|4
|
|t:|1785069469
|switch|p2b: Staraptor|Staraptor, L50, F|100/100
|-ability|p2b: Staraptor|Intimidate|boost
|-unboost|p1a: Gengar|atk|1
|-unboost|p1b: Incineroar|atk|1
|switch|p1b: Rotom|Rotom-Wash, L50|7/100
|detailschange|p1a: Gengar|Gengar-Mega, L50, M
|-mega|p1a: Gengar|Gengar|Gengarite
|move|p1a: Gengar|Protect|p1a: Gengar
|-singleturn|p1a: Gengar|Protect
|move|p2a: Excadrill|High Horsepower|p1a: Gengar
|-activate|p1a: Gengar|move: Protect
|
|-weather|Sandstorm|[upkeep]
|-damage|p2b: Staraptor|94/100|[from] Sandstorm
|-damage|p1a: Gengar|88/100|[from] Sandstorm
|-damage|p1b: Rotom|1/100|[from] Sandstorm
|-sideend|p2: r00mservice7|move: Tailwind
|upkeep
|turn|5
|inactive|ChrisJHall has 30 seconds left.
|inactive|r00mservice7 has 30 seconds left.
|
|t:|1785069501
|switch|p1a: Incineroar|Incineroar, L50, M|38/100
|-ability|p1a: Incineroar|Intimidate|boost
|-unboost|p2a: Excadrill|atk|1
|-unboost|p2b: Staraptor|atk|1
|detailschange|p2b: Staraptor|Staraptor-Mega, L50, F
|-mega|p2b: Staraptor|Staraptor|Staraptite
|move|p2a: Excadrill|High Horsepower|p1a: Incineroar
|-supereffective|p1a: Incineroar|1
|-enditem|p1a: Incineroar|Shuca Berry|[eat]
|-enditem|p1a: Incineroar|Shuca Berry|[weaken]
|-damage|p1a: Incineroar|6/100
|move|p2b: Staraptor|Tailwind|p2b: Staraptor
|-sidestart|p2: r00mservice7|move: Tailwind
|move|p1b: Rotom|Will-O-Wisp|p2b: Staraptor
|-status|p2b: Staraptor|brn
|
|-weather|Sandstorm|[upkeep]
|-damage|p2b: Staraptor|88/100 brn|[from] Sandstorm
|-damage|p1b: Rotom|0 fnt|[from] Sandstorm
|-damage|p1a: Incineroar|1/100|[from] Sandstorm
|faint|p1b: Rotom
|-damage|p2b: Staraptor|82/100 brn|[from] brn
|upkeep
|inactive|ChrisJHall has 30 seconds left.
|inactive|ChrisJHall has 20 seconds left.
|inactive|ChrisJHall has 15 seconds left.
|inactive|ChrisJHall has 10 seconds left.
|
|t:|1785069548
|switch|p1b: Gengar|Gengar-Mega, L50, M|88/100
|turn|6
|
|t:|1785069563
|switch|p1a: Ninetales|Ninetales-Alola, L50, F|100/100
|-weather|Snowscape|[from] ability: Snow Warning|[of] p1a: Ninetales
|move|p2a: Excadrill|Protect|p2a: Excadrill
|-singleturn|p2a: Excadrill|Protect
|move|p2b: Staraptor|Brave Bird|p1b: Gengar
|-damage|p1b: Gengar|68/100
|-damage|p2b: Staraptor|76/100 brn|[from] Recoil
|move|p1b: Gengar|Perish Song|p1b: Gengar
|-start|p1a: Ninetales|perish3|[silent]
|-start|p1b: Gengar|perish3|[silent]
|-start|p2a: Excadrill|perish3|[silent]
|-start|p2b: Staraptor|perish3|[silent]
|-fieldactivate|move: Perish Song
|
|-weather|Snowscape|[upkeep]
|-damage|p2b: Staraptor|70/100 brn|[from] brn
|-start|p2b: Staraptor|perish3
|-start|p2a: Excadrill|perish3
|-start|p1a: Ninetales|perish3
|-start|p1b: Gengar|perish3
|upkeep
|turn|7
|
|t:|1785069586
|move|p1a: Ninetales|Protect|p1a: Ninetales
|-singleturn|p1a: Ninetales|Protect
|move|p1b: Gengar|Protect|p1b: Gengar
|-singleturn|p1b: Gengar|Protect
|move|p2b: Staraptor|Brave Bird|p1b: Gengar
|-activate|p1b: Gengar|move: Protect
|move|p2a: Excadrill|Iron Head|p1a: Ninetales
|-activate|p1a: Ninetales|move: Protect
|
|-weather|Snowscape|[upkeep]
|-damage|p2b: Staraptor|65/100 brn|[from] brn
|-start|p2b: Staraptor|perish2
|-start|p2a: Excadrill|perish2
|-start|p1a: Ninetales|perish2
|-start|p1b: Gengar|perish2
|upkeep
|turn|8
|inactive|ChrisJHall has 30 seconds left.
|inactive|ChrisJHall has 20 seconds left.
|inactive|ChrisJHall has 15 seconds left.
|
|t:|1785069628
|switch|p1a: Incineroar|Incineroar, L50, M|1/100
|-ability|p1a: Incineroar|Intimidate|boost
|-unboost|p2a: Excadrill|atk|1
|-boost|p2b: Staraptor|atk|1
|move|p2b: Staraptor|Protect|p2b: Staraptor
|-singleturn|p2b: Staraptor|Protect
|move|p2a: Excadrill|Protect|p2a: Excadrill
|-singleturn|p2a: Excadrill|Protect
|move|p1b: Gengar|Protect||[still]
|-fail|p1b: Gengar
|
|-weather|Snowscape|[upkeep]
|-damage|p2b: Staraptor|59/100 brn|[from] brn
|-start|p2b: Staraptor|perish1
|-start|p2a: Excadrill|perish1
|-start|p1b: Gengar|perish1
|-sideend|p2: r00mservice7|move: Tailwind
|upkeep
|turn|9
|-message|r00mservice7 forfeited.
|
|win|ChrisJHall
|raw|ChrisJHall's rating: 1221 → 1253(+32 for winning)
|raw|r00mservice7's rating: 1317 → 1292(-25 for losing)
|c|☆ChrisJHall|gg
|c|☆r00mservice7|gg
