|j|☆pokeplaygg
|j|☆lakaka siuuu
|html|pokeplaygglakaka siuuu    
|uhtml|bestof|Game 1 of a best-of-3
|t:|1782443122
|gametype|doubles
|player|p1|pokeplaygg|169|1462
|player|p2|lakaka siuuu|expert-gen6|1349
|gen|9
|tier|[Gen 9 Champions] VGC 2026 Reg M-B (Bo3)
|rated|
|rule|Species Clause: Limit one of each Pokémon
|rule|Item Clause: Limit 1 of each item
|clearpoke
|poke|p1|Pelipper, L50, M|
|poke|p1|Archaludon, L50, M|
|poke|p1|Swampert, L50, M|
|poke|p1|Sinistcha, L50|
|poke|p1|Venusaur, L50, F|
|poke|p1|Aerodactyl, L50, M|
|poke|p2|Floette-Eternal, L50, F|
|poke|p2|Sinistcha, L50|
|poke|p2|Incineroar, L50, M|
|poke|p2|Delphox, L50, M|
|poke|p2|Kingambit, L50, M|
|poke|p2|Sneasler, L50, M|
|teampreview|4
|showteam|p1|Pelipper||LifeOrb|Drizzle|Protect,Hurricane,MuddyWater,Tailwind|Modest||M|||50|]Archaludon||Leftovers|Stamina|Protect,ElectroShot,DracoMeteor,FlashCannon|Modest||M|||50|]Swampert||Swampertite|Torrent|Protect,WaveCrash,Earthquake,IcePunch|Adamant||M|||50|]Sinistcha||BrightPowder|Hospitality|TrickRoom,LifeDew,MatchaGotcha,RagePowder|Bold|||||50|]Venusaur||Venusaurite|Chlorophyll|Protect,SleepPowder,SludgeBomb,EarthPower|Modest||F|||50|]Aerodactyl||FocusSash|Unnerve|Protect,Tailwind,RockSlide,DualWingbeat|Jolly||M|||50|
|showteam|p2|Floette-Eternal||Floettite|FlowerVeil|Moonblast,DazzlingGleam,CalmMind,Protect|Modest||F|||50|]Sinistcha||ColburBerry|Hospitality|MatchaGotcha,RagePowder,Protect,TrickRoom|Bold|||||50|]Incineroar||SitrusBerry|Intimidate|FlareBlitz,PartingShot,FakeOut,HelpingHand|Careful||M|||50|]Delphox||Delphoxite|Blaze|HeatWave,Psyshock,NastyPlot,Protect|Timid||M|||50|]Kingambit||BlackGlasses|Defiant|KowtowCleave,SuckerPunch,SwordsDance,Protect|Adamant||M|||50|]Sneasler||FocusSash|Unburden|CloseCombat,DireClaw,FakeOut,QuickGuard|Jolly||M|||50|
|inactive|Battle timer is ON: inactive players will automatically lose when time's up. (requested by pokeplaygg)
|inactive|lakaka siuuu has 60 seconds left.
|inactive|lakaka siuuu has 30 seconds left.
|inactive|lakaka siuuu has 20 seconds left.
|inactive|lakaka siuuu has 15 seconds left.
|inactive|lakaka siuuu has 10 seconds left.
|
|t:|1782443208
|teamsize|p1|4
|teamsize|p2|4
|start
|switch|p1a: Venusaur|Venusaur, L50, F|100/100
|switch|p1b: Aerodactyl|Aerodactyl, L50, M|100/100
|switch|p2a: Floette|Floette-Eternal, L50, F|100/100
|switch|p2b: Gradisce|Incineroar, L50, M|100/100
|-ability|p1b: Aerodactyl|Unnerve
|-ability|p2b: Gradisce|Intimidate|boost
|-unboost|p1a: Venusaur|atk|1
|-unboost|p1b: Aerodactyl|atk|1
|turn|1
|
|t:|1782443224
|detailschange|p2a: Floette|Floette-Mega, L50, F
|-mega|p2a: Floette|Floette|Floettite
|-ability|p2a: Floette|Fairy Aura
|move|p2b: Gradisce|Fake Out|p1a: Venusaur
|-damage|p1a: Venusaur|87/100
|move|p1b: Aerodactyl|Tailwind|p1b: Aerodactyl
|-sidestart|p1: pokeplaygg|move: Tailwind
|cant|p1a: Venusaur|flinch
|move|p2a: Floette|Calm Mind|p2a: Floette
|-boost|p2a: Floette|spa|1
|-boost|p2a: Floette|spd|1
|
|upkeep
|turn|2
|
|t:|1782443247
|switch|p1b: Pelipper|Pelipper, L50, M|100/100
|-weather|RainDance|[from] ability: Drizzle|[of] p1b: Pelipper
|move|p1a: Venusaur|Sleep Powder|p2a: Floette
|-status|p2a: Floette|slp|[from] move: Sleep Powder
|cant|p2a: Floette|slp
|move|p2b: Gradisce|Parting Shot|p1a: Venusaur
|-unboost|p1a: Venusaur|atk|1
|-unboost|p1a: Venusaur|spa|1
|
|t:|1782443269
|switch|p2b: Il Conto?|Sinistcha, L50|100/100|[from] Parting Shot
|
|-weather|RainDance|[upkeep]
|upkeep
|turn|3
|
|t:|1782443284
|move|p2b: Il Conto?|Protect|p2b: Il Conto?
|-singleturn|p2b: Il Conto?|Protect
|move|p1a: Venusaur|Sludge Bomb|p2a: Floette
|-supereffective|p2a: Floette|1
|-damage|p2a: Floette|71/100 slp
|move|p1b: Pelipper|Hurricane|p2b: Il Conto?
|-activate|p2b: Il Conto?|move: Protect
|-curestatus|p2a: Floette|slp|[msg]
|move|p2a: Floette|Dazzling Gleam|p1a: Venusaur|[spread] p1a,p1b
|-resisted|p1a: Venusaur|1
|-damage|p1a: Venusaur|55/100
|-damage|p1b: Pelipper|0 fnt
|faint|p1b: Pelipper
|
|-weather|RainDance|[upkeep]
|upkeep
|
|t:|1782443297
|switch|p1b: Aerodactyl|Aerodactyl, L50, M|100/100
|-ability|p1b: Aerodactyl|Unnerve
|turn|4
|
|t:|1782443305
|switch|p2b: Gradisce|Incineroar, L50, M|100/100
|-ability|p2b: Gradisce|Intimidate|boost
|-unboost|p1a: Venusaur|atk|1
|-unboost|p1b: Aerodactyl|atk|1
|move|p2a: Floette|Protect|p2a: Floette
|-singleturn|p2a: Floette|Protect
|move|p1b: Aerodactyl|Dual Wingbeat|p2b: Gradisce
|-damage|p2b: Gradisce|88/100
|-damage|p2b: Gradisce|77/100
|-hitcount|p2b: Gradisce|2
|move|p1a: Venusaur|Sleep Powder|p2a: Floette
|-activate|p2a: Floette|move: Protect
|
|-weather|RainDance|[upkeep]
|-sideend|p1: pokeplaygg|move: Tailwind
|upkeep
|turn|5
|inactive|lakaka siuuu has 30 seconds left.
|
|t:|1782443340
|switch|p2b: Il Conto?|Sinistcha, L50|100/100
|-heal|p2a: Floette|96/100|[from] ability: Hospitality|[of] p2b: Il Conto?
|move|p1b: Aerodactyl|Protect|p1b: Aerodactyl
|-singleturn|p1b: Aerodactyl|Protect
|move|p1a: Venusaur|Protect|p1a: Venusaur
|-singleturn|p1a: Venusaur|Protect
|move|p2a: Floette|Dazzling Gleam|p1a: Venusaur|[spread] 
|-activate|p1a: Venusaur|move: Protect
|-activate|p1b: Aerodactyl|move: Protect
|
|-weather|RainDance|[upkeep]
|upkeep
|turn|6
|
|t:|1782443361
|move|p2a: Floette|Protect|p2a: Floette
|-singleturn|p2a: Floette|Protect
|move|p1b: Aerodactyl|Tailwind|p1b: Aerodactyl
|-sidestart|p1: pokeplaygg|move: Tailwind
|move|p1a: Venusaur|Sleep Powder|p2a: Floette
|-activate|p2a: Floette|move: Protect
|move|p2b: Il Conto?|Trick Room|p2b: Il Conto?
|-fieldstart|move: Trick Room|[of] p2b: Il Conto?
|
|-weather|none
|upkeep
|turn|7
|
|t:|1782443382
|detailschange|p1a: Venusaur|Venusaur-Mega, L50, F
|-mega|p1a: Venusaur|Venusaur|Venusaurite
|move|p1b: Aerodactyl|Protect|p1b: Aerodactyl
|-singleturn|p1b: Aerodactyl|Protect
|move|p2b: Il Conto?|Matcha Gotcha|p1b: Aerodactyl|[spread] p1a
|-activate|p1b: Aerodactyl|move: Protect
|-resisted|p1a: Venusaur|2
|-damage|p1a: Venusaur|50/100g
|move|p2a: Floette|Dazzling Gleam|p1a: Venusaur|[spread] p1a
|-activate|p1b: Aerodactyl|move: Protect
|-resisted|p1a: Venusaur|1
|-damage|p1a: Venusaur|23/100
|move|p1a: Venusaur|Sleep Powder|p2a: Floette
|-status|p2a: Floette|slp|[from] move: Sleep Powder
|
|upkeep
|turn|8
|
|t:|1782443399
|move|p2b: Il Conto?|Matcha Gotcha|p1b: Aerodactyl|[spread] p1a
|-miss|p2b: Il Conto?|p1b: Aerodactyl
|-resisted|p1a: Venusaur|2
|-damage|p1a: Venusaur|18/100
|cant|p2a: Floette|slp
|move|p1a: Venusaur|Earth Power|p2b: Il Conto?
|-resisted|p2b: Il Conto?|1
|-damage|p2b: Il Conto?|90/100
|move|p1b: Aerodactyl|Rock Slide|p2b: Il Conto?|[spread] p2a,p2b
|-damage|p2a: Floette|80/100 slp
|-damage|p2b: Il Conto?|76/100
|
|upkeep
|turn|9
|-message|pokeplaygg forfeited.
|
|win|lakaka siuuu
|l|☆pokeplaygg
|player|p1|
||pokeplaygg is ready for game 2.
||lakaka siuuu is ready for game 2.
|uhtml|next|Next: Game 2 of 3
|l|☆lakaka siuuu
|player|p2|
|j|☆lakaka siuuu
|player|p2|lakaka siuuu|expert-gen6|
