|j|â˜†BenniOVY
|j|â˜†lettitripppp
|html|BenniOVYlettitripppp    
|uhtml|bestof|Game 3 of a best-of-3
|t:|1783194714
|gametype|doubles
|player|p1|BenniOVY|psychic-gen4|1306
|player|p2|lettitripppp|lucas|1263
|gen|9
|tier|[Gen 9 Champions] VGC 2026 Reg M-B (Bo3)
|rated|
|rule|Species Clause: Limit one of each PokÃ©mon
|rule|Item Clause: Limit 1 of each item
|clearpoke
|poke|p1|Delphox, L50, F|
|poke|p1|Sneasler, L50, F|
|poke|p1|Incineroar, L50, F|
|poke|p1|Sinistcha, L50|
|poke|p1|Kingambit, L50, F|
|poke|p1|Floette-Eternal, L50, F|
|poke|p2|Charizard, L50, M|
|poke|p2|Floette-Eternal, L50, F|
|poke|p2|Basculegion, L50, M|
|poke|p2|Whimsicott, L50, F, shiny|
|poke|p2|Garchomp, L50, M, shiny|
|poke|p2|Kingambit, L50, F, shiny|
|teampreview|4
|showteam|p1|Delphox||Delphoxite|Blaze|HeatWave,Psyshock,NastyPlot,Protect|Timid||F|||50|]Sneasler||WhiteHerb|Unburden|CloseCombat,DireClaw,FakeOut,Protect|Adamant||F|||50|]Incineroar||PasshoBerry|Intimidate|FlareBlitz,DarkestLariat,PartingShot,FakeOut|Impish||F|||50|]Sinistcha||KasibBerry|Hospitality|MatchaGotcha,LifeDew,RagePowder,Protect|Bold|||||50|]Kingambit||BlackGlasses|Defiant|KowtowCleave,SuckerPunch,SwordsDance,Protect|Adamant||F|||50|]Floette-Eternal||Floettite|FlowerVeil|DazzlingGleam,Moonblast,CalmMind,Protect|Modest||F|||50|
|showteam|p2|Charizard||CharizarditeY|Blaze|WeatherBall,SolarBeam,HeatWave,Protect|Modest||M|||50|]Floette-Eternal||Floettite|FlowerVeil|DazzlingGleam,LightofRuin,Moonblast,Protect|Timid||F|||50|]Basculegion||MysticWater|Adaptability|LastRespects,WaveCrash,AquaJet,Protect|Adamant||M|||50|]Whimsicott||FocusSash|Prankster|Moonblast,Tailwind,Encore,Protect|Timid||F|||50|]Garchomp||LifeOrb|RoughSkin|DragonClaw,Earthquake,RockSlide,Protect|Jolly||M|||50|]Kingambit||OccaBerry|Defiant|KowtowCleave,SuckerPunch,IronHead,Protect|Adamant||F|||50|
|inactive|Battle timer is ON: inactive players will automatically lose when time's up. (requested by lettitripppp)
|c|â˜†BenniOVY|thats actaully one of the most stupid things ive ever done lmaoooo
|
|t:|1783194730
|teamsize|p1|4
|teamsize|p2|4
|start
|switch|p1a: Kingambit|Kingambit, L50, F|100/100
|switch|p1b: Incineroar|Incineroar, L50, F|100/100
|switch|p2a: CRUSH SHARK|Garchomp, L50, M, shiny|100/100
|switch|p2b: LETS GO GO|Whimsicott, L50, F, shiny|100/100
|-ability|p1b: Incineroar|Intimidate|boost
|-unboost|p2a: CRUSH SHARK|atk|1
|-unboost|p2b: LETS GO GO|atk|1
|turn|1
|c|â˜†lettitripppp|nah we all have that moment
|
|t:|1783194749
|move|p2b: LETS GO GO|Protect|p2b: LETS GO GO
|-singleturn|p2b: LETS GO GO|Protect
|move|p1b: Incineroar|Fake Out|p2a: CRUSH SHARK
|-damage|p2a: CRUSH SHARK|88/100
|-damage|p1b: Incineroar|87/100|[from] ability: Rough Skin|[of] p2a: CRUSH SHARK
|cant|p2a: CRUSH SHARK|flinch
|move|p1a: Kingambit|Swords Dance|p1a: Kingambit
|-boost|p1a: Kingambit|atk|2
|
|upkeep
|turn|2
|
|t:|1783194768
|move|p1a: Kingambit|Protect|p1a: Kingambit
|-singleturn|p1a: Kingambit|Protect
|move|p2b: LETS GO GO|Moonblast|p1a: Kingambit
|-activate|p1a: Kingambit|move: Protect
|move|p2a: CRUSH SHARK|Earthquake|p1b: Incineroar|[spread] p2b,p1b
|-activate|p1a: Kingambit|move: Protect
|-resisted|p2b: LETS GO GO|1
|-supereffective|p1b: Incineroar|1
|-damage|p2b: LETS GO GO|78/100
|-damage|p1b: Incineroar|41/100
|-damage|p2a: CRUSH SHARK|78/100|[from] item: Life Orb
|move|p1b: Incineroar|Parting Shot|p2a: CRUSH SHARK
|-unboost|p2a: CRUSH SHARK|atk|1
|-unboost|p2a: CRUSH SHARK|spa|1
|
|t:|1783194776
|switch|p1b: Sinistcha|Sinistcha, L50|100/100|[from] Parting Shot
|
|upkeep
|turn|3
|
|t:|1783194784
|switch|p2a: GENERAL BLADUS|Kingambit, L50, F, shiny|100/100
|move|p2b: LETS GO GO|Moonblast|p1a: Kingambit
|-damage|p1a: Kingambit|71/100
|-unboost|p1a: Kingambit|spa|1
|-ability|p1a: Kingambit|Defiant|boost
|-boost|p1a: Kingambit|atk|2
|move|p1b: Sinistcha|Life Dew||[still]|[spread] p1a,p1b
|-heal|p1a: Kingambit|96/100
|-fail|p1b: Sinistcha|heal
|move|p1a: Kingambit|Kowtow Cleave|p2a: GENERAL BLADUS
|-resisted|p2a: GENERAL BLADUS|1
|-damage|p2a: GENERAL BLADUS|39/100
|
|upkeep
|turn|4
|c|â˜†lettitripppp|oh wow
|c|â˜†BenniOVY|how the fuck has that happened twice?
|
|t:|1783194807
|move|p1b: Sinistcha|Protect|p1b: Sinistcha
|-singleturn|p1b: Sinistcha|Protect
|move|p2b: LETS GO GO|Moonblast|p1b: Sinistcha
|-activate|p1b: Sinistcha|move: Protect
|move|p2a: GENERAL BLADUS|Kowtow Cleave|p1b: Sinistcha
|-activate|p1b: Sinistcha|move: Protect
|move|p1a: Kingambit|Kowtow Cleave|p2a: GENERAL BLADUS
|-resisted|p2a: GENERAL BLADUS|1
|-damage|p2a: GENERAL BLADUS|0 fnt
|faint|p2a: GENERAL BLADUS
|
|upkeep
|c|â˜†lettitripppp|no idea
|
|t:|1783194811
|switch|p2a: RUINOUS LIGHT|Floette-Eternal, L50, F|100/100
|turn|5
|
|t:|1783194815
|detailschange|p2a: RUINOUS LIGHT|Floette-Mega, L50, F
|-mega|p2a: RUINOUS LIGHT|Floette|Floettite
|-ability|p2a: RUINOUS LIGHT|Fairy Aura
|move|p1a: Kingambit|Sucker Punch|p2a: RUINOUS LIGHT
|-resisted|p2a: RUINOUS LIGHT|1
|-damage|p2a: RUINOUS LIGHT|7/100
|move|p2b: LETS GO GO|Moonblast|p1a: Kingambit
|-damage|p1a: Kingambit|60/100
|move|p2a: RUINOUS LIGHT|Dazzling Gleam|p1b: Sinistcha|[spread] p1a,p1b
|-damage|p1a: Kingambit|14/100
|-damage|p1b: Sinistcha|43/100
|move|p1b: Sinistcha|Matcha Gotcha|p2b: LETS GO GO|[spread] p2a,p2b
|-resisted|p2b: LETS GO GO|1
|-damage|p2a: RUINOUS LIGHT|0 fnt
|-heal|p1b: Sinistcha|47/100|[from] drain|[of] p2a: RUINOUS LIGHT
|-damage|p2b: LETS GO GO|62/100
|-heal|p1b: Sinistcha|53/100|[from] drain|[of] p2b: LETS GO GO
|faint|p2a: RUINOUS LIGHT
|
|upkeep
|
|t:|1783194828
|switch|p2a: CRUSH SHARK|Garchomp, L50, M, shiny|78/100
|turn|6
|
|t:|1783194836
|switch|p1b: Incineroar|Incineroar, L50, F|41/100
|-ability|p1b: Incineroar|Intimidate|boost
|-unboost|p2a: CRUSH SHARK|atk|1
|-unboost|p2b: LETS GO GO|atk|1
|move|p2a: CRUSH SHARK|Protect|p2a: CRUSH SHARK
|-singleturn|p2a: CRUSH SHARK|Protect
|move|p1a: Kingambit|Protect|p1a: Kingambit
|-singleturn|p1a: Kingambit|Protect
|move|p2b: LETS GO GO|Moonblast|p1a: Kingambit
|-activate|p1a: Kingambit|move: Protect
|
|upkeep
|turn|7
|
|t:|1783194847
|switch|p1b: Sinistcha|Sinistcha, L50|53/100
|-heal|p1a: Kingambit|39/100|[from] ability: Hospitality|[of] p1b: Sinistcha
|move|p2b: LETS GO GO|Protect|p2b: LETS GO GO
|-singleturn|p2b: LETS GO GO|Protect
|move|p1a: Kingambit|Sucker Punch||[still]
|-fail|p1a: Kingambit
|move|p2a: CRUSH SHARK|Earthquake|p1b: Sinistcha|[spread] p1a,p1b
|-activate|p2b: LETS GO GO|move: Protect
|-supereffective|p1a: Kingambit|1
|-resisted|p1b: Sinistcha|1
|-damage|p1a: Kingambit|0 fnt
|-damage|p1b: Sinistcha|42/100
|faint|p1a: Kingambit
|-damage|p2a: CRUSH SHARK|69/100|[from] item: Life Orb
|
|upkeep
|
|t:|1783194857
|switch|p1a: Delphox|Delphox, L50, F|100/100
|turn|8
|
|t:|1783194862
|switch|p1b: Incineroar|Incineroar, L50, F|41/100
|-ability|p1b: Incineroar|Intimidate|boost
|-unboost|p2a: CRUSH SHARK|atk|1
|-unboost|p2b: LETS GO GO|atk|1
|detailschange|p1a: Delphox|Delphox-Mega, L50, F
|-mega|p1a: Delphox|Delphox|Delphoxite
|move|p2b: LETS GO GO|Tailwind|p2b: LETS GO GO
|-sidestart|p2: lettitripppp|move: Tailwind
|move|p2a: CRUSH SHARK|Rock Slide|p1b: Incineroar|[spread] p1a,p1b
|-supereffective|p1a: Delphox|1
|-supereffective|p1b: Incineroar|1
|-damage|p1a: Delphox|71/100
|-damage|p1b: Incineroar|21/100
|-damage|p2a: CRUSH SHARK|59/100|[from] item: Life Orb
|move|p1a: Delphox|Heat Wave|p2b: LETS GO GO|[spread] p2a,p2b
|-resisted|p2a: CRUSH SHARK|1
|-supereffective|p2b: LETS GO GO|1
|-damage|p2a: CRUSH SHARK|39/100
|-damage|p2b: LETS GO GO|0 fnt
|faint|p2b: LETS GO GO
|
|upkeep
|turn|9
|c|â˜†BenniOVY|fuckkkk
|c|â˜†BenniOVY|i might have thrown
|
|t:|1783194876
|move|p1b: Incineroar|Fake Out|p2a: CRUSH SHARK
|-damage|p2a: CRUSH SHARK|27/100
|-damage|p1b: Incineroar|9/100|[from] ability: Rough Skin|[of] p2a: CRUSH SHARK
|cant|p2a: CRUSH SHARK|flinch
|move|p1a: Delphox|Nasty Plot|p1a: Delphox
|-boost|p1a: Delphox|spa|2
|
|upkeep
|turn|10
|c|â˜†BenniOVY|nah its fine now i think
|
|t:|1783194885
|switch|p1b: Sinistcha|Sinistcha, L50|42/100
|-heal|p1a: Delphox|95/100|[from] ability: Hospitality|[of] p1b: Sinistcha
|move|p1a: Delphox|Protect|p1a: Delphox
|-singleturn|p1a: Delphox|Protect
|move|p2a: CRUSH SHARK|Rock Slide|p1b: Sinistcha|[spread] 
|-activate|p1a: Delphox|move: Protect
|-miss|p2a: CRUSH SHARK|p1b: Sinistcha
|
|upkeep
|turn|11
|
|t:|1783194890
|switch|p1b: Incineroar|Incineroar, L50, F|9/100
|-ability|p1b: Incineroar|Intimidate|boost
|-unboost|p2a: CRUSH SHARK|atk|1
|move|p2a: CRUSH SHARK|Rock Slide|p1a: Delphox|[spread] p1b
|-miss|p2a: CRUSH SHARK|p1a: Delphox
|-supereffective|p1b: Incineroar|1
|-crit|p1b: Incineroar
|-damage|p1b: Incineroar|0 fnt
|faint|p1b: Incineroar
|-damage|p2a: CRUSH SHARK|17/100|[from] item: Life Orb
|move|p1a: Delphox|Psyshock|p2a: CRUSH SHARK
|-damage|p2a: CRUSH SHARK|0 fnt
|faint|p2a: CRUSH SHARK
|
|win|BenniOVY
|raw|BenniOVY's rating: 1306 → 1324(+18 for winning)
|raw|lettitripppp's rating: 1263 → 1241(-22 for losing)
