|j|☆endk649
|j|☆raphaelk1602
|html|endk649raphaelk1602    
|uhtml|bestof|Game 1 of a best-of-3
|t:|1756830836
|gametype|doubles
|player|p1|endk649|gambler|1150
|player|p2|raphaelk1602|265|1006
|gen|9
|tier|[Gen 9] VGC 2025 Reg H (Bo3)
|rated|
|rule|Species Clause: Limit one of each Pokémon
|rule|Item Clause: Limit 1 of each item
|clearpoke
|poke|p1|Feraligatr, L50, M|
|poke|p1|Kommo-o, L50, M|
|poke|p1|Politoed, L50, M|
|poke|p1|Rillaboom, L50, F|
|poke|p1|Incineroar, L50, F|
|poke|p1|Maushold, L50|
|poke|p2|Politoed, L50, M|
|poke|p2|Sinistcha, L50|
|poke|p2|Archaludon, L50, M|
|poke|p2|Kingdra, L50, F|
|poke|p2|Incineroar, L50, M|
|poke|p2|Dragapult, L50, M|
|teampreview|4
|showteam|p1|Feraligatr||LifeOrb|SheerForce|Liquidation,Crunch,DragonDance,Protect|||M|||50|,,,,,Dark]Kommo-o||ThroatSpray|Overcoat|ClangingScales,AuraSphere,ClangorousSoul,Protect|||M|||50|,,,,,Fairy]Politoed||SitrusBerry|Drizzle|WeatherBall,IcyWind,Haze,Protect|||M|||50|,,,,,Grass]Rillaboom||AssaultVest|GrassySurge|WoodHammer,GrassyGlide,FakeOut,Uturn|||F|||50|,,,,,Fire]Incineroar||SafetyGoggles|Intimidate|KnockOff,FakeOut,HelpingHand,PartingShot|||F|||50|,,,,,Ghost]Maushold||GrassySeed|FriendGuard|Feint,Taunt,FollowMe,Protect||||||50|,,,,,Ghost
|showteam|p2|Politoed||Leftovers|Drizzle|Surf,WeatherBall,Protect,Haze|||M|||50|,,,,,Water]Sinistcha||SitrusBerry|Hospitality|ShadowBall,MatchaGotcha,TrickRoom,RagePowder||||||50|,,,,,Dark]Archaludon||AssaultVest|Stamina|ElectroShot,FlashCannon,DragonPulse,BodyPress|||M|||50|,,,,,Bug]Kingdra||LifeOrb|SwiftSwim|WeatherBall,MuddyWater,DracoMeteor,Protect|||F|||50|,,,,,Stellar]Incineroar||SafetyGoggles|Intimidate|KnockOff,FlareBlitz,PartingShot,FakeOut|||M|||50|,,,,,Ghost]Dragapult||ChoiceBand|ClearBody|DragonDarts,TeraBlast,PhantomForce,Uturn|||M|||50|,,,,,Ghost
|inactive|Battle timer is ON: inactive players will automatically lose when time's up. (requested by raphaelk1602)
|
|t:|1756830903
|teamsize|p1|4
|teamsize|p2|4
|start
|switch|p1a: Feraligatr|Feraligatr, L50, M, shiny|100/100
|switch|p1b: Incineroar|Incineroar, L50, F, shiny|100/100
|switch|p2a: Dragapult|Dragapult, L50, M|100/100
|switch|p2b: Archaludon|Archaludon, L50, M|100/100
|-ability|p1b: Incineroar|Intimidate|boost
|-fail|p2a: Dragapult|unboost|[from] ability: Clear Body|[of] p2a: Dragapult
|-unboost|p2b: Archaludon|atk|1
|turn|1
|inactive|endk649 has 30 seconds left.
|
|t:|1756830932
|move|p1b: Incineroar|Fake Out|p2b: Archaludon
|-resisted|p2b: Archaludon
|-damage|p2b: Archaludon|96/100
|-ability|p2b: Archaludon|Stamina|boost
|-boost|p2b: Archaludon|def|1
|move|p2a: Dragapult|U-turn|p1a: Feraligatr
|-damage|p1a: Feraligatr|59/100
|
|t:|1756830938
|switch|p2a: Incineroar|Incineroar, L50, M|100/100|[from] U-turn
|-ability|p2a: Incineroar|Intimidate|boost
|-unboost|p1a: Feraligatr|atk|1
|-unboost|p1b: Incineroar|atk|1
|move|p1a: Feraligatr|Dragon Dance|p1a: Feraligatr
|-boost|p1a: Feraligatr|atk|1
|-boost|p1a: Feraligatr|spe|1
|cant|p2b: Archaludon|flinch
|
|upkeep
|turn|2
|
|t:|1756830963
|move|p1a: Feraligatr|Protect|p1a: Feraligatr
|-singleturn|p1a: Feraligatr|Protect
|move|p2a: Incineroar|Fake Out|p1a: Feraligatr
|-activate|p1a: Feraligatr|move: Protect
|move|p2b: Archaludon|Body Press|p1b: Incineroar
|-supereffective|p1b: Incineroar
|-damage|p1b: Incineroar|37/100
|move|p1b: Incineroar|Parting Shot|p2b: Archaludon
|-unboost|p2b: Archaludon|atk|1
|-unboost|p2b: Archaludon|spa|1
|
|t:|1756830976
|switch|p1b: Kommo-o|Kommo-o, L50, M|100/100|[from] Parting Shot
|
|upkeep
|turn|3
|
|t:|1756830988
|switch|p2a: Politoed|Politoed, L50, M|100/100
|-weather|RainDance|[from] ability: Drizzle|[of] p2a: Politoed
|-terastallize|p1b: Kommo-o|Fairy
|move|p1a: Feraligatr|Liquidation|p2a: Politoed
|-resisted|p2a: Politoed
|-damage|p2a: Politoed|48/100
|move|p1b: Kommo-o|Clangorous Soul|p1b: Kommo-o
|-boost|p1b: Kommo-o|atk|1
|-boost|p1b: Kommo-o|def|1
|-boost|p1b: Kommo-o|spa|1
|-boost|p1b: Kommo-o|spd|1
|-boost|p1b: Kommo-o|spe|1
|-damage|p1b: Kommo-o|68/100
|-enditem|p1b: Kommo-o|Throat Spray
|-boost|p1b: Kommo-o|spa|1|[from] item: Throat Spray
|move|p2b: Archaludon|Electro Shot||[still]
|-prepare|p2b: Archaludon|Electro Shot
|-boost|p2b: Archaludon|spa|1
|-anim|p2b: Archaludon|Electro Shot|p1a: Feraligatr
|-supereffective|p1a: Feraligatr
|-damage|p1a: Feraligatr|0 fnt
|faint|p1a: Feraligatr
|
|-weather|RainDance|[upkeep]
|-heal|p2a: Politoed|54/100|[from] item: Leftovers
|upkeep
|
|t:|1756831009
|switch|p1a: Rillaboom|Rillaboom, L50, F, shiny|100/100
|-fieldstart|move: Grassy Terrain|[from] ability: Grassy Surge|[of] p1a: Rillaboom
|turn|4
|
|t:|1756831021
|move|p1a: Rillaboom|Fake Out|p2b: Archaludon
|-resisted|p2b: Archaludon
|-damage|p2b: Archaludon|93/100
|-ability|p2b: Archaludon|Stamina|boost
|-boost|p2b: Archaludon|def|1
|move|p1b: Kommo-o|Clanging Scales|p2b: Archaludon|[spread] p2a,p2b
|-crit|p2b: Archaludon
|-damage|p2a: Politoed|0 fnt
|-damage|p2b: Archaludon|9/100
|-ability|p2b: Archaludon|Stamina|boost
|-boost|p2b: Archaludon|def|1
|faint|p2a: Politoed
|-unboost|p1b: Kommo-o|def|1
|cant|p2b: Archaludon|flinch
|
|-weather|RainDance|[upkeep]
|-heal|p1b: Kommo-o|74/100|[from] Grassy Terrain
|-heal|p2b: Archaludon|15/100|[from] Grassy Terrain
|upkeep
|
|t:|1756831038
|switch|p2a: Incineroar|Incineroar, L50, M|100/100
|-ability|p2a: Incineroar|Intimidate|boost
|-unboost|p1a: Rillaboom|atk|1
|-unboost|p1b: Kommo-o|atk|1
|turn|5
|inactive|raphaelk1602 has 30 seconds left.
|
|t:|1756831064
|move|p1b: Kommo-o|Protect|p1b: Kommo-o
|-singleturn|p1b: Kommo-o|Protect
|move|p2a: Incineroar|Fake Out|p1b: Kommo-o
|-activate|p1b: Kommo-o|move: Protect
|move|p2b: Archaludon|Body Press|p1a: Rillaboom
|-damage|p1a: Rillaboom|46/100
|move|p1a: Rillaboom|U-turn|p2a: Incineroar
|-damage|p2a: Incineroar|87/100
|
|t:|1756831071
|switch|p1a: Incineroar|Incineroar, L50, F, shiny|37/100|[from] U-turn
|-ability|p1a: Incineroar|Intimidate|boost
|-unboost|p2a: Incineroar|atk|1
|-unboost|p2b: Archaludon|atk|1
|
|-weather|RainDance|[upkeep]
|-heal|p1b: Kommo-o|80/100|[from] Grassy Terrain
|-heal|p2b: Archaludon|21/100|[from] Grassy Terrain
|-heal|p1a: Incineroar|43/100|[from] Grassy Terrain
|-heal|p2a: Incineroar|93/100|[from] Grassy Terrain
|upkeep
|turn|6
|
|t:|1756831084
|move|p1b: Kommo-o|Clanging Scales|p2a: Incineroar|[spread] p2a,p2b
|-damage|p2a: Incineroar|32/100
|-damage|p2b: Archaludon|0 fnt
|faint|p2b: Archaludon
|-unboost|p1b: Kommo-o|def|1
|move|p1a: Incineroar|Knock Off|p2a: Incineroar
|-resisted|p2a: Incineroar
|-damage|p2a: Incineroar|16/100
|-enditem|p2a: Incineroar|Safety Goggles|[from] move: Knock Off|[of] p1a: Incineroar
|move|p2a: Incineroar|Parting Shot|p1b: Kommo-o
|-unboost|p1b: Kommo-o|atk|1
|-unboost|p1b: Kommo-o|spa|1
|
|t:|1756831095
|switch|p2a: Dragapult|Dragapult, L50, M|100/100|[from] Parting Shot
|
|-weather|RainDance|[upkeep]
|-heal|p1b: Kommo-o|87/100|[from] Grassy Terrain
|-heal|p1a: Incineroar|49/100|[from] Grassy Terrain
|upkeep
|
|t:|1756831097
|switch|p2b: Incineroar|Incineroar, L50, M|16/100
|-ability|p2b: Incineroar|Intimidate|boost
|-unboost|p1a: Incineroar|atk|1
|-unboost|p1b: Kommo-o|atk|1
|turn|7
|inactive|endk649 has 30 seconds left.
|
|t:|1756831126
|-terastallize|p2a: Dragapult|Ghost
|move|p2b: Incineroar|Fake Out|p1a: Incineroar
|-damage|p1a: Incineroar|40/100
|move|p1b: Kommo-o|Clanging Scales|p2b: Incineroar|[spread] p2a,p2b
|-damage|p2a: Dragapult|29/100
|-damage|p2b: Incineroar|0 fnt
|faint|p2b: Incineroar
|-unboost|p1b: Kommo-o|def|1
|move|p2a: Dragapult|Tera Blast|p1b: Kommo-o|[anim] Tera Blast Ghost
|-damage|p1b: Kommo-o|0 fnt
|faint|p1b: Kommo-o
|cant|p1a: Incineroar|flinch
|
|-weather|none
|-heal|p2a: Dragapult|35/100|[from] Grassy Terrain
|-heal|p1a: Incineroar|46/100|[from] Grassy Terrain
|upkeep
|
|t:|1756831133
|switch|p1b: Rillaboom|Rillaboom, L50, F, shiny|46/100
|turn|8
|
|t:|1756831139
|move|p1b: Rillaboom|Grassy Glide|p2a: Dragapult
|-crit|p2a: Dragapult
|-damage|p2a: Dragapult|0 fnt
|faint|p2a: Dragapult
|
|win|endk649
||raphaelk1602 is ready for game 2.
||endk649 is ready for game 2.
|uhtml|next|Next: Game 2 of 3
