|j|☆lettitripppp
|j|☆XiaoBling
|html|lettitrippppXiaoBling    
|uhtml|bestof|Game 1 of a best-of-3
|t:|1784755831
|gametype|doubles
|player|p1|lettitripppp|lucas|1265
|player|p2|XiaoBling|fisherman|1394
|gen|9
|tier|[Gen 9 Champions] VGC 2026 Reg M-B (Bo3)
|rated|
|rule|Species Clause: Limit one of each Pokémon
|rule|Item Clause: Limit 1 of each item
|clearpoke
|poke|p1|Charizard, L50, F, shiny|
|poke|p1|Incineroar, L50, M|
|poke|p1|Toxapex, L50, F, shiny|
|poke|p1|Venusaur, L50, M|
|poke|p1|Garchomp, L50, M|
|poke|p1|Annihilape, L50, F|
|poke|p2|Charizard, L50, F|
|poke|p2|Venusaur, L50, F|
|poke|p2|Grimmsnarl, L50, M|
|poke|p2|Archaludon, L50, M|
|poke|p2|Basculegion, L50, M|
|poke|p2|Pelipper, L50, M|
|teampreview|4
|showteam|p1|Charizard||CharizarditeY|Blaze|HelpingHand,WeatherBall,HeatWave,Protect|Modest||F|||50|]Incineroar||SitrusBerry|Intimidate|PartingShot,ThroatChop,FlareBlitz,FakeOut|Impish||M|||50|]Toxapex||Leftovers|Regenerator|WideGuard,Infestation,Toxic,BanefulBunker|Bold||F|||50|]Venusaur||LifeOrb|Chlorophyll|SludgeBomb,EarthPower,SolarBeam,Protect|Modest||M|||50|]Garchomp||ChoiceScarf|RoughSkin|StompingTantrum,DragonClaw,Earthquake,RockSlide|Adamant||M|||50|]Annihilape||FocusSash|Defiant|PhantomForce,CloseCombat,RockTomb,Protect|Jolly||F|||50|
|showteam|p2|Charizard||CharizarditeY|Blaze|HeatWave,WeatherBall,SolarBeam,Protect|Modest||F|||50|]Venusaur||FocusSash|Chlorophyll|SleepPowder,SludgeBomb,EarthPower,Protect|Modest||F|||50|]Grimmsnarl||LightClay|Prankster|Reflect,LightScreen,SpiritBreak,PartingShot|Impish||M|||50|]Archaludon||Leftovers|Stamina|ElectroShot,DragonPulse,FlashCannon,Protect|Calm||M|||50|]Basculegion||ChoiceScarf|Adaptability|WaveCrash,LastRespects,AquaJet,FlipTurn|Jolly||M|||50|]Pelipper||SitrusBerry|Drizzle|Hurricane,WeatherBall,WideGuard,Tailwind|Bold||M|||50|
|inactive|Battle timer is ON: inactive players will automatically lose when time's up. (requested by XiaoBling)
|inactive|lettitripppp also wants the timer to be on.
|inactive|XiaoBling has 60 seconds left.
|
|t:|1784755874
|teamsize|p1|4
|teamsize|p2|4
|start
|switch|p1a: AGNI|Charizard, L50, F, shiny|100/100
|switch|p1b: AOI TODO|Incineroar, L50, M|100/100
|switch|p2a: Charizard|Charizard, L50, F|100/100
|switch|p2b: Grimmsnarl|Grimmsnarl, L50, M|100/100
|-ability|p1b: AOI TODO|Intimidate|boost
|-unboost|p2a: Charizard|atk|1
|-unboost|p2b: Grimmsnarl|atk|1
|turn|1
|
|t:|1784755885
|detailschange|p2a: Charizard|Charizard-Mega-Y, L50, F
|-mega|p2a: Charizard|Charizard|Charizardite Y
|-weather|SunnyDay|[from] ability: Drought|[of] p2a: Charizard
|detailschange|p1a: AGNI|Charizard-Mega-Y, L50, F, shiny
|-mega|p1a: AGNI|Charizard|Charizardite Y
|move|p1b: AOI TODO|Fake Out|p2b: Grimmsnarl
|-damage|p2b: Grimmsnarl|91/100
|cant|p2b: Grimmsnarl|flinch
|move|p2a: Charizard|Heat Wave|p1a: AGNI|[spread] p1a,p1b
|-resisted|p1a: AGNI|1
|-resisted|p1b: AOI TODO|1
|-damage|p1a: AGNI|70/100
|-damage|p1b: AOI TODO|71/100
|move|p1a: AGNI|Weather Ball|p2b: Grimmsnarl
|-damage|p2b: Grimmsnarl|1/100
|
|-weather|SunnyDay|[upkeep]
|upkeep
|turn|2
|
|t:|1784755903
|switch|p2b: Pelipper|Pelipper, L50, M|100/100
|-weather|RainDance|[from] ability: Drizzle|[of] p2b: Pelipper
|move|p1a: AGNI|Protect|p1a: AGNI
|-singleturn|p1a: AGNI|Protect
|move|p2a: Charizard|Weather Ball|p1b: AOI TODO
|-supereffective|p1b: AOI TODO|1
|-damage|p1b: AOI TODO|0 fnt
|faint|p1b: AOI TODO
|
|-weather|RainDance|[upkeep]
|upkeep
|
|t:|1784755913
|switch|p1b: PHANTOM BANG|Annihilape, L50, F|100/100
|turn|3
|
|t:|1784755922
|move|p2a: Charizard|Protect|p2a: Charizard
|-singleturn|p2a: Charizard|Protect
|move|p1b: PHANTOM BANG|Rock Tomb|p2b: Pelipper
|-supereffective|p2b: Pelipper|1
|-damage|p2b: Pelipper|62/100
|-unboost|p2b: Pelipper|spe|1
|move|p1a: AGNI|Weather Ball|p2a: Charizard
|-activate|p2a: Charizard|move: Protect
|move|p2b: Pelipper|Tailwind|p2b: Pelipper
|-sidestart|p2: XiaoBling|move: Tailwind
|
|-weather|RainDance|[upkeep]
|upkeep
|turn|4
|
|t:|1784755935
|switch|p1a: SOFT-BOOM|Venusaur, L50, M|100/100
|move|p2a: Charizard|Weather Ball|p1a: SOFT-BOOM
|-resisted|p1a: SOFT-BOOM|1
|-damage|p1a: SOFT-BOOM|60/100
|move|p1b: PHANTOM BANG|Phantom Force||[still]
|-prepare|p1b: PHANTOM BANG|Phantom Force
|move|p2b: Pelipper|Hurricane|p1b: PHANTOM BANG|[miss]
|-miss|p2b: Pelipper|p1b: PHANTOM BANG
|
|-weather|RainDance|[upkeep]
|upkeep
|turn|5
|
|t:|1784755945
|switch|p1a: AGNI|Charizard-Mega-Y, L50, F, shiny|70/100
|-weather|SunnyDay|[from] ability: Drought|[of] p1a: AGNI
|move|p2a: Charizard|Weather Ball|p1a: AGNI
|-resisted|p1a: AGNI|1
|-damage|p1a: AGNI|29/100
|move|p1b: PHANTOM BANG|Phantom Force|p2a: Charizard|[from] lockedmove
|-damage|p2a: Charizard|40/100
|move|p2b: Pelipper|Hurricane|p1b: PHANTOM BANG|[miss]
|-miss|p2b: Pelipper|p1b: PHANTOM BANG
|
|-weather|SunnyDay|[upkeep]
|upkeep
|turn|6
|
|t:|1784755960
|switch|p2a: Archaludon|Archaludon, L50, M|100/100
|move|p1b: PHANTOM BANG|Protect|p1b: PHANTOM BANG
|-singleturn|p1b: PHANTOM BANG|Protect
|move|p1a: AGNI|Protect|p1a: AGNI
|-singleturn|p1a: AGNI|Protect
|move|p2b: Pelipper|Hurricane|p1b: PHANTOM BANG
|-activate|p1b: PHANTOM BANG|move: Protect
|
|-weather|SunnyDay|[upkeep]
|-sideend|p2: XiaoBling|move: Tailwind
|upkeep
|turn|7
|
|t:|1784755971
|switch|p2b: Grimmsnarl|Grimmsnarl, L50, M|1/100
|move|p2a: Archaludon|Protect|p2a: Archaludon
|-singleturn|p2a: Archaludon|Protect
|move|p1b: PHANTOM BANG|Rock Tomb|p2b: Grimmsnarl
|-crit|p2b: Grimmsnarl
|-damage|p2b: Grimmsnarl|0 fnt
|faint|p2b: Grimmsnarl
|move|p1a: AGNI|Weather Ball|p2a: Archaludon
|-activate|p2a: Archaludon|move: Protect
|
|-weather|SunnyDay|[upkeep]
|upkeep
|
|t:|1784755976
|switch|p2b: Pelipper|Pelipper, L50, M|62/100
|-weather|RainDance|[from] ability: Drizzle|[of] p2b: Pelipper
|turn|8
|inactive|lettitripppp has 30 seconds left.
|inactive|XiaoBling has 30 seconds left.
|
|t:|1784756016
|move|p1b: PHANTOM BANG|Rock Tomb|p2b: Pelipper
|-supereffective|p2b: Pelipper|1
|-damage|p2b: Pelipper|24/100
|-unboost|p2b: Pelipper|spe|1
|-enditem|p2b: Pelipper|Sitrus Berry|[eat]
|-heal|p2b: Pelipper|49/100|[from] item: Sitrus Berry
|move|p1a: AGNI|Weather Ball|p2b: Pelipper
|-resisted|p2b: Pelipper|1
|-damage|p2b: Pelipper|18/100
|move|p2a: Archaludon|Electro Shot||[still]
|-prepare|p2a: Archaludon|Electro Shot
|-boost|p2a: Archaludon|spa|1
|-anim|p2a: Archaludon|Electro Shot|p1a: AGNI
|-supereffective|p1a: AGNI|1
|-damage|p1a: AGNI|0 fnt
|faint|p1a: AGNI
|move|p2b: Pelipper|Tailwind|p2b: Pelipper
|-sidestart|p2: XiaoBling|move: Tailwind
|
|-weather|RainDance|[upkeep]
|upkeep
|
|t:|1784756029
|switch|p1a: SOFT-BOOM|Venusaur, L50, M|60/100
|turn|9
|
|t:|1784756040
|move|p1a: SOFT-BOOM|Protect|p1a: SOFT-BOOM
|-singleturn|p1a: SOFT-BOOM|Protect
|move|p2a: Archaludon|Electro Shot||[still]
|-prepare|p2a: Archaludon|Electro Shot
|-boost|p2a: Archaludon|spa|1
|-anim|p2a: Archaludon|Electro Shot|p1b: PHANTOM BANG
|-damage|p1b: PHANTOM BANG|26/100
|move|p1b: PHANTOM BANG|Phantom Force||[still]
|-prepare|p1b: PHANTOM BANG|Phantom Force
|move|p2b: Pelipper|Hurricane|p1b: PHANTOM BANG|[miss]
|-miss|p2b: Pelipper|p1b: PHANTOM BANG
|
|-weather|RainDance|[upkeep]
|upkeep
|turn|10
|
|t:|1784756052
|move|p1a: SOFT-BOOM|Protect||[still]
|-fail|p1a: SOFT-BOOM
|move|p2a: Archaludon|Dragon Pulse|p1a: SOFT-BOOM
|-damage|p1a: SOFT-BOOM|0 fnt
|faint|p1a: SOFT-BOOM
|move|p1b: PHANTOM BANG|Phantom Force|p2b: Pelipper|[from] lockedmove
|-damage|p2b: Pelipper|0 fnt
|faint|p2b: Pelipper
|
|-weather|RainDance|[upkeep]
|upkeep
|
|t:|1784756056
|switch|p2b: Charizard|Charizard-Mega-Y, L50, F|40/100
|-weather|SunnyDay|[from] ability: Drought|[of] p2b: Charizard
|turn|11
|
|t:|1784756061
|move|p1b: PHANTOM BANG|Protect|p1b: PHANTOM BANG
|-singleturn|p1b: PHANTOM BANG|Protect
|move|p2b: Charizard|Weather Ball|p1b: PHANTOM BANG
|-activate|p1b: PHANTOM BANG|move: Protect
|move|p2a: Archaludon|Dragon Pulse|p1b: PHANTOM BANG
|-activate|p1b: PHANTOM BANG|move: Protect
|
|-weather|SunnyDay|[upkeep]
|-sideend|p2: XiaoBling|move: Tailwind
|upkeep
|turn|12
|
|t:|1784756070
|move|p1b: PHANTOM BANG|Rock Tomb|p2b: Charizard
|-supereffective|p2b: Charizard|2
|-damage|p2b: Charizard|0 fnt
|faint|p2b: Charizard
|move|p2a: Archaludon|Dragon Pulse|p1b: PHANTOM BANG
|-damage|p1b: PHANTOM BANG|0 fnt
|faint|p1b: PHANTOM BANG
|
|win|XiaoBling
||XiaoBling is ready for game 2.
