|j|☆Huntail_Biden711
|j|☆EDJPP
|html|Huntail_Biden711EDJPP    
|uhtml|bestof|Game 1 of a best-of-3
|t:|1783429601
|gametype|doubles
|player|p1|Huntail_Biden711|blue|1057
|player|p2|EDJPP|volkner|1093
|gen|9
|tier|[Gen 9 Champions] VGC 2026 Reg M-B (Bo3)
|rated|
|rule|Species Clause: Limit one of each Pokémon
|rule|Item Clause: Limit 1 of each item
|clearpoke
|poke|p1|Liepard, L50, M|
|poke|p1|Staraptor, L50, F|
|poke|p1|Glimmora, L50, F|
|poke|p1|Basculegion, L50, M|
|poke|p1|Venusaur, L50, M|
|poke|p1|Whimsicott, L50, F|
|poke|p2|Charizard, L50, M|
|poke|p2|Venusaur, L50, F|
|poke|p2|Basculegion, L50, M|
|poke|p2|Farigiraf, L50, M|
|poke|p2|Typhlosion-Hisui, L50, F|
|poke|p2|Sneasler, L50, F|
|teampreview|4
|showteam|p1|Liepard||IronBall|Prankster|Encore,Copycat,FakeOut,Trick|Careful||M|||50|]Staraptor||Staraptite|Intimidate|CloseCombat,BraveBird,Protect,Roost|Impish||F|||50|]Glimmora||Glimmoranite|ToxicDebris|SludgeBomb,PowerGem,EarthPower,SpikyShield|Bold||F|||50|]Basculegion||LifeOrb|SwiftSwim|AquaJet,WaveCrash,LastRespects,Protect|Adamant||M|||50|]Venusaur||Leftovers|Chlorophyll|SludgeBomb,EnergyBall,SleepPowder,Protect|Modest||M|||50|]Whimsicott||FocusSash|Prankster|Tickle,FakeTears,Moonblast,Tailwind|Bold||F|||50|
|showteam|p2|Charizard||CharizarditeY|SolarPower|HeatWave,SolarBeam,WeatherBall,Protect|Modest||M|||50|]Venusaur||Venusaurite|Chlorophyll|GigaDrain,SludgeBomb,EarthPower,SleepPowder|Modest||F|||50|]Basculegion||MysticWater|Adaptability|WaveCrash,AquaJet,LastRespects,Protect|Adamant||M|||50|]Farigiraf||FocusSash|ArmorTail|Roar,Psychic,Thunderbolt,Protect|Modest||M|||50|]Typhlosion-Hisui||ChoiceScarf|Blaze|Eruption,HeatWave,Overheat,InfernalParade|Timid||F|||50|]Sneasler||WhiteHerb|Unburden|FakeOut,Protect,DireClaw,CloseCombat|Jolly||F|||50|
|inactive|Battle timer is ON: inactive players will automatically lose when time's up. (requested by EDJPP)
|inactive|EDJPP has 60 seconds left.
|inactive|EDJPP has 30 seconds left.
|inactive|EDJPP has 20 seconds left.
|inactive|EDJPP has 15 seconds left.
|
|t:|1783429678
|teamsize|p1|4
|teamsize|p2|4
|start
|switch|p1a: Staraptor|Staraptor, L50, F|100/100
|switch|p1b: Whimsicott|Whimsicott, L50, F|100/100
|switch|p2a: Venusaur|Venusaur, L50, F|100/100
|switch|p2b: Sneasler|Sneasler, L50, F|100/100
|-ability|p1a: Staraptor|Intimidate|boost
|-unboost|p2a: Venusaur|atk|1
|-unboost|p2b: Sneasler|atk|1
|-enditem|p2b: Sneasler|White Herb
|-clearnegativeboost|p2b: Sneasler|[silent]
|turn|1
|inactive|Huntail_Biden711 has 30 seconds left.
|inactive|Huntail_Biden711 has 20 seconds left.
|inactive|Huntail_Biden711 has 15 seconds left.
|inactive|Huntail_Biden711 has 10 seconds left.
|
|t:|1783429724
|detailschange|p1a: Staraptor|Staraptor-Mega, L50, F
|-mega|p1a: Staraptor|Staraptor|Staraptite
|detailschange|p2a: Venusaur|Venusaur-Mega, L50, F
|-mega|p2a: Venusaur|Venusaur|Venusaurite
|move|p2b: Sneasler|Fake Out|p1b: Whimsicott
|-damage|p1b: Whimsicott|88/100
|cant|p1b: Whimsicott|flinch
|move|p1a: Staraptor|Close Combat|p2b: Sneasler
|-resisted|p2b: Sneasler|1
|-damage|p2b: Sneasler|52/100
|-boost|p1a: Staraptor|def|1
|-boost|p1a: Staraptor|spd|1
|move|p2a: Venusaur|Sleep Powder|p1a: Staraptor
|-status|p1a: Staraptor|slp|[from] move: Sleep Powder
|
|upkeep
|turn|2
|inactive|Huntail_Biden711 has 30 seconds left.
|
|t:|1783429752
|switch|p2a: Farigiraf|Farigiraf, L50, M|100/100
|move|p1b: Whimsicott|Fake Tears|p1a: Staraptor
|-boost|p1a: Staraptor|spd|2
|move|p2b: Sneasler|Dire Claw|p1b: Whimsicott
|-supereffective|p1b: Whimsicott|2
|-damage|p1b: Whimsicott|0 fnt
|faint|p1b: Whimsicott
|cant|p1a: Staraptor|slp
|
|upkeep
|
|t:|1783429763
|switch|p1b: Venusaur|Venusaur, L50, M|100/100
|turn|3
|
|t:|1783429774
|move|p2b: Sneasler|Dire Claw|p1b: Venusaur
|-damage|p1b: Venusaur|55/100
|cant|p1a: Staraptor|slp
|move|p2a: Farigiraf|Psychic|p1b: Venusaur
|-supereffective|p1b: Venusaur|1
|-damage|p1b: Venusaur|0 fnt
|faint|p1b: Venusaur
|
|upkeep
|
|t:|1783429782
|switch|p1b: Basculegion|Basculegion, L50, M|100/100
|turn|4
|
|t:|1783429794
|move|p1b: Basculegion|Protect|p1b: Basculegion
|-singleturn|p1b: Basculegion|Protect
|move|p2b: Sneasler|Dire Claw|p1b: Basculegion
|-activate|p1b: Basculegion|move: Protect
|-curestatus|p1a: Staraptor|slp|[msg]
|move|p1a: Staraptor|Close Combat|p2b: Sneasler
|-resisted|p2b: Sneasler|1
|-damage|p2b: Sneasler|2/100
|-boost|p1a: Staraptor|def|1
|-boost|p1a: Staraptor|spd|1
|move|p2a: Farigiraf|Psychic|p1a: Staraptor
|-supereffective|p1a: Staraptor|1
|-damage|p1a: Staraptor|75/100
|
|upkeep
|turn|5
|
|t:|1783429813
|move|p1b: Basculegion|Aqua Jet||[still]
|cant|p2a: Farigiraf|ability: Armor Tail|Aqua Jet|[of] p1b: Basculegion
|move|p2b: Sneasler|Dire Claw|p1b: Basculegion
|-resisted|p1b: Basculegion|1
|-damage|p1b: Basculegion|72/100
|-status|p1b: Basculegion|slp
|move|p1a: Staraptor|Close Combat|p2a: Farigiraf
|-damage|p2a: Farigiraf|34/100
|-boost|p1a: Staraptor|def|1
|-boost|p1a: Staraptor|spd|1
|move|p2a: Farigiraf|Psychic|p1a: Staraptor
|-supereffective|p1a: Staraptor|1
|-damage|p1a: Staraptor|52/100
|-boost|p1a: Staraptor|spd|1
|
|upkeep
|turn|6
|
|t:|1783429830
|switch|p2b: Basculegion|Basculegion, L50, M|100/100
|move|p1a: Staraptor|Protect|p1a: Staraptor
|-singleturn|p1a: Staraptor|Protect
|cant|p1b: Basculegion|slp
|move|p2a: Farigiraf|Psychic|p1a: Staraptor
|-activate|p1a: Staraptor|move: Protect
|
|upkeep
|turn|7
|
|t:|1783429844
|-curestatus|p1b: Basculegion|slp|[msg]
|move|p1b: Basculegion|Last Respects|p2b: Basculegion
|-supereffective|p2b: Basculegion|1
|-damage|p2b: Basculegion|0 fnt
|faint|p2b: Basculegion
|-damage|p1b: Basculegion|62/100|[from] item: Life Orb
|move|p1a: Staraptor|Roost|p1a: Staraptor
|-heal|p1a: Staraptor|100/100
|-singleturn|p1a: Staraptor|move: Roost
|move|p2a: Farigiraf|Thunderbolt|p1b: Basculegion
|-supereffective|p1b: Basculegion|1
|-damage|p1b: Basculegion|0 fnt
|faint|p1b: Basculegion
|
|upkeep
|
|t:|1783429854
|switch|p2b: Sneasler|Sneasler, L50, F|2/100
|turn|8
|
|t:|1783429864
|switch|p2a: Venusaur|Venusaur-Mega, L50, F|100/100
|move|p2b: Sneasler|Fake Out|p1a: Staraptor
|-damage|p1a: Staraptor|95/100
|cant|p1a: Staraptor|flinch
|
|upkeep
|turn|9
|
|t:|1783429874
|move|p2b: Sneasler|Dire Claw|p1a: Staraptor
|-damage|p1a: Staraptor|81/100
|-status|p1a: Staraptor|slp
|cant|p1a: Staraptor|slp
|move|p2a: Venusaur|Sleep Powder|p1a: Staraptor|[miss]
|-miss|p2a: Venusaur|p1a: Staraptor
|
|upkeep
|turn|10
|
|t:|1783429888
|switch|p2b: Farigiraf|Farigiraf, L50, M|34/100
|-curestatus|p1a: Staraptor|slp|[msg]
|move|p1a: Staraptor|Brave Bird|p2a: Venusaur
|-supereffective|p2a: Venusaur|1
|-damage|p2a: Venusaur|12/100
|-damage|p1a: Staraptor|53/100|[from] Recoil
|move|p2a: Venusaur|Sludge Bomb|p1a: Staraptor
|-damage|p1a: Staraptor|43/100
|
|upkeep
|turn|11
|
|t:|1783429900
|move|p1a: Staraptor|Close Combat|p2a: Venusaur
|-resisted|p2a: Venusaur|1
|-damage|p2a: Venusaur|0 fnt
|-boost|p1a: Staraptor|def|1
|faint|p2a: Venusaur
|move|p2b: Farigiraf|Psychic|p1a: Staraptor
|-supereffective|p1a: Staraptor|1
|-damage|p1a: Staraptor|25/100
|
|upkeep
|
|t:|1783429903
|switch|p2a: Sneasler|Sneasler, L50, F|2/100
|turn|12
|
|t:|1783429910
|move|p2a: Sneasler|Fake Out|p1a: Staraptor
|-damage|p1a: Staraptor|21/100
|cant|p1a: Staraptor|flinch
|move|p2b: Farigiraf|Psychic|p1a: Staraptor
|-supereffective|p1a: Staraptor|1
|-damage|p1a: Staraptor|2/100
|
|upkeep
|turn|13
|inactive|EDJPP has 30 seconds left.
|inactive|EDJPP has 20 seconds left.
|inactive|EDJPP has 15 seconds left.
|inactive|EDJPP has 10 seconds left.
|
|t:|1783429956
|move|p2a: Sneasler|Dire Claw|p1a: Staraptor
|-damage|p1a: Staraptor|0 fnt
|faint|p1a: Staraptor
|
|win|EDJPP
