|j|☆squirrelsarge
|j|☆spellbreakvgc
|html|squirrelsargespellbreakvgc    
|uhtml|bestof|Game 2 of a best-of-3
|t:|1757801807
|gametype|doubles
|player|p1|squirrelsarge|101|1065
|player|p2|spellbreakvgc|lance|1134
|gen|9
|tier|[Gen 9] VGC 2025 Reg H (Bo3)
|rated|
|rule|Species Clause: Limit one of each Pokémon
|rule|Item Clause: Limit 1 of each item
|clearpoke
|poke|p1|Rillaboom, L50, F|
|poke|p1|Sneasler, L50, M|
|poke|p1|Palafin, L50, M|
|poke|p1|Pelipper, L50, F|
|poke|p1|Archaludon, L50, M|
|poke|p1|Volcarona, L50, M|
|poke|p2|Dachsbun, L50, M|
|poke|p2|Typhlosion-Hisui, L50, F|
|poke|p2|Murkrow, L50, F|
|poke|p2|Garchomp, L50, F|
|poke|p2|Rotom-Wash, L50|
|poke|p2|Gholdengo, L50|
|teampreview|4
|showteam|p1|Rillaboom||ClearAmulet|GrassySurge|FakeOut,GrassyGlide,KnockOff,Uturn|||F|||50|,,,,,Fire]Sneasler||GrassySeed|Unburden|CloseCombat,DireClaw,Protect,Acrobatics|||M|||50|,,,,,Ghost]Palafin||MysticWater|ZerotoHero|JetPunch,WaveCrash,FlipTurn,Protect|||M|||50|,,,,,Water]Pelipper||FocusSash|Drizzle|Tailwind,WeatherBall,Hurricane,Protect|||F|||50|,,,,,Ghost]Archaludon||AssaultVest|Stamina|BodyPress,ElectroShot,FlashCannon,DracoMeteor|||M|||50|,,,,,Ghost]Volcarona||CovertCloak|FlameBody|QuiverDance,Hurricane,HeatWave,Protect|||M|||50|,,,,,Flying
|showteam|p2|Dachsbun||Leftovers|WellBakedBody|BodyPress,Snarl,Substitute,Protect|||M|||50|,,,,,Steel]Typhlosion-Hisui||ChoiceScarf|Frisk|Eruption,ShadowBall,Flamethrower,LavaPlume|||F|||50|,,,,,Fire]Murkrow||Eviolite|Prankster|Tailwind,Taunt,SunnyDay,FoulPlay|||F|||50|,,,,,Ghost]Garchomp||LifeOrb|RoughSkin|DragonClaw,StompingTantrum,Earthquake,Protect|||F|||50|,,,,,Ground]Rotom-Wash||SitrusBerry|Levitate|HydroPump,Thunderbolt,Discharge,WillOWisp||||||50|,,,,,Electric]Gholdengo||MetalCoat|GoodasGold|MakeItRain,ShadowBall,NastyPlot,Protect||||||50|,,,,,Flying
|inactive|Battle timer is ON: inactive players will automatically lose when time's up. (requested by spellbreakvgc)
|
|t:|1757801828
|teamsize|p1|4
|teamsize|p2|4
|start
|switch|p1a: Palafin|Palafin, L50, M|100/100
|switch|p1b: Archaludon|Archaludon, L50, M|100/100
|switch|p2a: Typhlosion|Typhlosion-Hisui, L50, F|100/100
|switch|p2b: Dachsbun|Dachsbun, L50, M|100/100
|-item|p1a: Palafin|Mystic Water|[from] ability: Frisk|[of] p2a: Typhlosion
|-item|p1b: Archaludon|Assault Vest|[from] ability: Frisk|[of] p2a: Typhlosion
|turn|1
|
|t:|1757801841
|detailschange|p1a: Palafin|Palafin-Hero, L50, M
|switch|p1a: Pelipper|Pelipper, L50, F|100/100
|-weather|RainDance|[from] ability: Drizzle|[of] p1a: Pelipper
|-terastallize|p2b: Dachsbun|Steel
|move|p2a: Typhlosion|Lava Plume|p1a: Pelipper|[spread] p1a,p1b
|-ability|p2b: Dachsbun|Well-Baked Body|boost
|-boost|p2b: Dachsbun|def|2
|-resisted|p1a: Pelipper
|-damage|p1a: Pelipper|90/100
|-damage|p1b: Archaludon|91/100
|-status|p1b: Archaludon|brn
|-ability|p1b: Archaludon|Stamina|boost
|-boost|p1b: Archaludon|def|1
|move|p2b: Dachsbun|Snarl|p1b: Archaludon|[spread] p1a,p1b
|-damage|p1a: Pelipper|81/100
|-damage|p1b: Archaludon|88/100 brn
|-unboost|p1a: Pelipper|spa|1
|-unboost|p1b: Archaludon|spa|1
|-ability|p1b: Archaludon|Stamina|boost
|-boost|p1b: Archaludon|def|1
|move|p1b: Archaludon|Flash Cannon|p2b: Dachsbun
|-resisted|p2b: Dachsbun
|-crit|p2b: Dachsbun
|-damage|p2b: Dachsbun|77/100
|
|-weather|RainDance|[upkeep]
|-heal|p2b: Dachsbun|83/100|[from] item: Leftovers
|-damage|p1b: Archaludon|82/100 brn|[from] brn
|upkeep
|turn|2
|inactive|squirrelsarge has 30 seconds left.
|inactive|spellbreakvgc has 30 seconds left.
|
|t:|1757801871
|-terastallize|p1b: Archaludon|Ghost
|move|p2a: Typhlosion|Lava Plume|p1a: Pelipper|[spread] p1a,p1b
|-ability|p2b: Dachsbun|Well-Baked Body|boost
|-boost|p2b: Dachsbun|def|2
|-resisted|p1a: Pelipper
|-damage|p1a: Pelipper|71/100
|-damage|p1b: Archaludon|73/100 brn
|-status|p1a: Pelipper|brn
|-ability|p1b: Archaludon|Stamina|boost
|-boost|p1b: Archaludon|def|1
|move|p1a: Pelipper|Weather Ball|p2a: Typhlosion
|-supereffective|p2a: Typhlosion
|-damage|p2a: Typhlosion|11/100
|move|p2b: Dachsbun|Substitute|p2b: Dachsbun
|-start|p2b: Dachsbun|Substitute
|-damage|p2b: Dachsbun|58/100
|move|p1b: Archaludon|Body Press|p2b: Dachsbun
|-supereffective|p2b: Dachsbun
|-activate|p2b: Dachsbun|move: Substitute|[damage]
|
|-weather|RainDance|[upkeep]
|-heal|p2b: Dachsbun|65/100|[from] item: Leftovers
|-damage|p1a: Pelipper|65/100 brn|[from] brn
|-damage|p1b: Archaludon|67/100 brn|[from] brn
|upkeep
|turn|3
|inactive|squirrelsarge has 30 seconds left.
|inactive|spellbreakvgc has 30 seconds left.
|inactive|squirrelsarge has 20 seconds left.
|
|t:|1757801909
|move|p2a: Typhlosion|Lava Plume|p1b: Archaludon|[spread] p1a,p1b
|-ability|p2b: Dachsbun|Well-Baked Body|boost
|-boost|p2b: Dachsbun|def|2
|-resisted|p1a: Pelipper
|-damage|p1a: Pelipper|54/100 brn
|-damage|p1b: Archaludon|58/100 brn
|-ability|p1b: Archaludon|Stamina|boost
|-boost|p1b: Archaludon|def|1
|move|p1a: Pelipper|Weather Ball|p2a: Typhlosion
|-supereffective|p2a: Typhlosion
|-damage|p2a: Typhlosion|0 fnt
|faint|p2a: Typhlosion
|move|p2b: Dachsbun|Snarl|p1b: Archaludon|[spread] p1a,p1b
|-crit|p1a: Pelipper
|-supereffective|p1b: Archaludon
|-damage|p1a: Pelipper|41/100 brn
|-damage|p1b: Archaludon|52/100 brn
|-unboost|p1a: Pelipper|spa|1
|-unboost|p1b: Archaludon|spa|1
|-ability|p1b: Archaludon|Stamina|boost
|-boost|p1b: Archaludon|def|1
|move|p1b: Archaludon|Electro Shot||[still]
|-prepare|p1b: Archaludon|Electro Shot
|-boost|p1b: Archaludon|spa|1
|-anim|p1b: Archaludon|Electro Shot|p2b: Dachsbun
|-end|p2b: Dachsbun|Substitute
|
|-weather|RainDance|[upkeep]
|-heal|p2b: Dachsbun|71/100|[from] item: Leftovers
|-damage|p1a: Pelipper|35/100 brn|[from] brn
|-damage|p1b: Archaludon|46/100 brn|[from] brn
|upkeep
|inactive|spellbreakvgc has 30 seconds left.
|
|t:|1757801935
|switch|p2a: Gholdengo|Gholdengo, L50|100/100
|turn|4
|
|t:|1757801949
|move|p2a: Gholdengo|Nasty Plot|p2a: Gholdengo
|-boost|p2a: Gholdengo|spa|2
|move|p1a: Pelipper|Tailwind|p1a: Pelipper
|-sidestart|p1: squirrelsarge|move: Tailwind
|move|p1b: Archaludon|Body Press|p2b: Dachsbun
|-supereffective|p2b: Dachsbun
|-damage|p2b: Dachsbun|50/100
|move|p2b: Dachsbun|Snarl|p1a: Pelipper|[spread] p1a,p1b
|-supereffective|p1b: Archaludon
|-damage|p1a: Pelipper|27/100 brn
|-damage|p1b: Archaludon|41/100 brn
|-unboost|p1a: Pelipper|spa|1
|-unboost|p1b: Archaludon|spa|1
|-ability|p1b: Archaludon|Stamina|boost
|-boost|p1b: Archaludon|def|1
|
|-weather|RainDance|[upkeep]
|-heal|p2b: Dachsbun|57/100|[from] item: Leftovers
|-damage|p1a: Pelipper|21/100 brn|[from] brn
|-damage|p1b: Archaludon|35/100 brn|[from] brn
|upkeep
|turn|5
|inactive|spellbreakvgc has 30 seconds left.
|
|t:|1757801978
|switch|p1a: Rillaboom|Rillaboom, L50, F|100/100
|-fieldstart|move: Grassy Terrain|[from] ability: Grassy Surge|[of] p1a: Rillaboom
|move|p2b: Dachsbun|Protect|p2b: Dachsbun
|-singleturn|p2b: Dachsbun|Protect
|move|p1b: Archaludon|Electro Shot||[still]
|-prepare|p1b: Archaludon|Electro Shot
|-boost|p1b: Archaludon|spa|1
|-anim|p1b: Archaludon|Electro Shot|p2b: Dachsbun
|-activate|p2b: Dachsbun|move: Protect
|move|p2a: Gholdengo|Shadow Ball|p1b: Archaludon
|-supereffective|p1b: Archaludon
|-damage|p1b: Archaludon|0 fnt
|faint|p1b: Archaludon
|
|-weather|none
|-heal|p2b: Dachsbun|63/100|[from] Grassy Terrain
|-heal|p2b: Dachsbun|69/100|[from] item: Leftovers
|upkeep
|
|t:|1757801996
|switch|p1b: Palafin|Palafin-Hero, L50, M|100/100
|-activate|p1b: Palafin|ability: Zero to Hero
|turn|6
|
|t:|1757802013
|move|p2a: Gholdengo|Protect|p2a: Gholdengo
|-singleturn|p2a: Gholdengo|Protect
|move|p1b: Palafin|Jet Punch|p2a: Gholdengo
|-activate|p2a: Gholdengo|move: Protect
|move|p1a: Rillaboom|Knock Off|p2a: Gholdengo
|-activate|p2a: Gholdengo|move: Protect
|move|p2b: Dachsbun|Substitute|p2b: Dachsbun
|-start|p2b: Dachsbun|Substitute
|-damage|p2b: Dachsbun|44/100
|
|-heal|p2b: Dachsbun|50/100|[from] Grassy Terrain
|-heal|p2b: Dachsbun|56/100|[from] item: Leftovers
|upkeep
|turn|7
|
|t:|1757802036
|move|p2b: Dachsbun|Protect|p2b: Dachsbun
|-singleturn|p2b: Dachsbun|Protect
|move|p1a: Rillaboom|Grassy Glide|p2a: Gholdengo
|-resisted|p2a: Gholdengo
|-damage|p2a: Gholdengo|78/100
|move|p1b: Palafin|Wave Crash|p2a: Gholdengo
|-damage|p2a: Gholdengo|0 fnt
|faint|p2a: Gholdengo
|-damage|p1b: Palafin|76/100|[from] Recoil
|
|-heal|p1b: Palafin|82/100|[from] Grassy Terrain
|-heal|p2b: Dachsbun|62/100|[from] Grassy Terrain
|-heal|p2b: Dachsbun|68/100|[from] item: Leftovers
|-sideend|p1: squirrelsarge|move: Tailwind
|upkeep
|
|t:|1757802051
|switch|p2a: Garchomp|Garchomp, L50, F|100/100
|turn|8
|
|t:|1757802062
|move|p2a: Garchomp|Protect|p2a: Garchomp
|-singleturn|p2a: Garchomp|Protect
|move|p1a: Rillaboom|Grassy Glide|p2a: Garchomp
|-activate|p2a: Garchomp|move: Protect
|move|p1b: Palafin|Wave Crash|p2a: Garchomp
|-activate|p2a: Garchomp|move: Protect
|move|p2b: Dachsbun|Body Press|p1b: Palafin
|-damage|p1b: Palafin|0 fnt
|faint|p1b: Palafin
|
|-heal|p2b: Dachsbun|74/100|[from] Grassy Terrain
|-heal|p2b: Dachsbun|80/100|[from] item: Leftovers
|upkeep
|
|t:|1757802066
|switch|p1b: Pelipper|Pelipper, L50, F|21/100 brn
|-weather|RainDance|[from] ability: Drizzle|[of] p1b: Pelipper
|turn|9
|
|t:|1757802089
|move|p1a: Rillaboom|Grassy Glide|p2a: Garchomp
|-damage|p2a: Garchomp|67/100
|-damage|p1a: Rillaboom|88/100|[from] ability: Rough Skin|[of] p2a: Garchomp
|move|p2a: Garchomp|Dragon Claw|p1b: Pelipper
|-damage|p1b: Pelipper|0 fnt
|faint|p1b: Pelipper
|-damage|p2a: Garchomp|57/100|[from] item: Life Orb
|move|p2b: Dachsbun|Body Press|p1a: Rillaboom
|-damage|p1a: Rillaboom|16/100
|
|-weather|RainDance|[upkeep]
|-heal|p2a: Garchomp|63/100|[from] Grassy Terrain
|-heal|p2b: Dachsbun|86/100|[from] Grassy Terrain
|-heal|p2b: Dachsbun|93/100|[from] item: Leftovers
|-heal|p1a: Rillaboom|22/100|[from] Grassy Terrain
|-fieldend|move: Grassy Terrain
|upkeep
|turn|10
|-message|squirrelsarge forfeited.
|
|win|spellbreakvgc
|l|☆squirrelsarge
|player|p1|
||squirrelsarge is ready for game 3.
