|j|☆DrDooginbun
|j|☆vpandur
|html|DrDooginbunvpandur    
|uhtml|bestof|Game 2 of a best-of-3
|t:|1785910702
|gametype|doubles
|player|p1|DrDooginbun|170|
|player|p2|vpandur|1|
|gen|9
|tier|[Gen 9 Champions] VGC 2026 Reg M-B (Bo3)
|rule|Species Clause: Limit one of each Pokémon
|rule|Item Clause: Limit 1 of each item
|clearpoke
|poke|p1|Pelipper, L50, M|
|poke|p1|Archaludon, L50, F|
|poke|p1|Basculegion, L50, M|
|poke|p1|Dragonite, L50, M, shiny|
|poke|p1|Toxapex, L50, M, shiny|
|poke|p1|Charizard, L50, M, shiny|
|poke|p2|Incineroar, L50, M|
|poke|p2|Palafin, L50, M|
|poke|p2|Floette-Eternal, L50, F|
|poke|p2|Rotom-Fan, L50|
|poke|p2|Chesnaught, L50, M|
|poke|p2|Ariados, L50, F|
|teampreview|4
|showteam|p1|Pelipper||DampRock|Drizzle|Tailwind,Uturn,Protect,Hurricane|Calm||M|||50|]Archaludon||Leftovers|Stamina|ElectroShot,DracoMeteor,AuraSphere,Protect|Modest||F|||50|]Basculegion||LifeOrb|SwiftSwim|WaveCrash,FlipTurn,LastRespects,PsychicFangs|Careful||M|||50|]Dragonite||Dragoninite|Multiscale|Hurricane,Thunder,DracoMeteor,Protect|Bold||M|||50|]Toxapex||SitrusBerry|Merciless|BanefulBunker,ToxicSpikes,SludgeWave,Recover|Calm||M|||50|]Charizard||ChoiceScarf|Blaze|WillOWisp,Protect,WeatherBall,Hurricane|Modest||M|||50|
|showteam|p2|Incineroar||Leftovers|Intimidate|FakeOut,FlareBlitz,PartingShot,Protect|Adamant||M|||50|]Palafin||MysticWater|ZerotoHero|WaveCrash,JetPunch,FlipTurn,Protect|Jolly||M|||50|]Floette-Eternal||Floettite|FlowerVeil|CalmMind,DazzlingGleam,GigaDrain,Protect|Modest||F|||50|]Rotom-Fan||LifeOrb|Levitate|AirSlash,Discharge,Protect,SunnyDay|Timid|||||50|]Chesnaught||CobaBerry|Bulletproof|BodyPress,SpikyShield,SeedBomb,BulkUp|Careful||M|||50|]Ariados||FocusSash|Insomnia|RagePowder,SunnyDay,StickyWeb,Protect|Careful||F|||50|
|
|t:|1785910768
|teamsize|p1|4
|teamsize|p2|4
|start
|switch|p1a: Pelipper|Pelipper, L50, M|100/100
|switch|p1b: Archaludon|Archaludon, L50, F|100/100
|switch|p2a: Rotom|Rotom-Fan, L50|100/100
|switch|p2b: Chesnaught|Chesnaught, L50, M|100/100
|-weather|RainDance|[from] ability: Drizzle|[of] p1a: Pelipper
|turn|1
|
|t:|1785910816
|move|p1a: Pelipper|Protect|p1a: Pelipper
|-singleturn|p1a: Pelipper|Protect
|move|p2b: Chesnaught|Spiky Shield|p2b: Chesnaught
|-singleturn|p2b: Chesnaught|move: Protect
|move|p2a: Rotom|Discharge|p1b: Archaludon|[spread] p1b
|-activate|p2b: Chesnaught|move: Protect
|-activate|p1a: Pelipper|move: Protect
|-resisted|p1b: Archaludon|1
|-damage|p1b: Archaludon|82/100
|-ability|p1b: Archaludon|Stamina|boost
|-boost|p1b: Archaludon|def|1
|-damage|p2a: Rotom|90/100|[from] item: Life Orb
|move|p1b: Archaludon|Electro Shot||[still]
|-prepare|p1b: Archaludon|Electro Shot
|-boost|p1b: Archaludon|spa|1
|-anim|p1b: Archaludon|Electro Shot|p2a: Rotom
|-damage|p2a: Rotom|0 fnt
|faint|p2a: Rotom
|
|-weather|RainDance|[upkeep]
|-heal|p1b: Archaludon|88/100|[from] item: Leftovers
|upkeep
|
|t:|1785910836
|switch|p2a: Floette|Floette-Eternal, L50, F|100/100
|turn|2
|
|t:|1785910865
|detailschange|p2a: Floette|Floette-Mega, L50, F
|-mega|p2a: Floette|Floette|Floettite
|-ability|p2a: Floette|Fairy Aura
|move|p2a: Floette|Protect|p2a: Floette
|-singleturn|p2a: Floette|Protect
|move|p1b: Archaludon|Protect|p1b: Archaludon
|-singleturn|p1b: Archaludon|Protect
|move|p1a: Pelipper|U-turn|p2b: Chesnaught
|-damage|p2b: Chesnaught|93/100
|
|t:|1785910871
|switch|p1a: Basculegion|Basculegion, L50, M|100/100|[from] U-turn
|move|p2b: Chesnaught|Body Press|p1b: Archaludon
|-activate|p1b: Archaludon|move: Protect
|
|-weather|RainDance|[upkeep]
|-heal|p1b: Archaludon|94/100|[from] item: Leftovers
|upkeep
|turn|3
|
|t:|1785910885
|move|p1a: Basculegion|Wave Crash|p2a: Floette
|-damage|p2a: Floette|0 fnt
|faint|p2a: Floette
|-damage|p1a: Basculegion|76/100|[from] Recoil
|-damage|p1a: Basculegion|66/100|[from] item: Life Orb
|move|p1b: Archaludon|Electro Shot||[still]
|-prepare|p1b: Archaludon|Electro Shot
|-boost|p1b: Archaludon|spa|1
|-anim|p1b: Archaludon|Electro Shot|p2b: Chesnaught
|-resisted|p2b: Chesnaught|1
|-damage|p2b: Chesnaught|55/100
|move|p2b: Chesnaught|Bulk Up|p2b: Chesnaught
|-boost|p2b: Chesnaught|atk|1
|-boost|p2b: Chesnaught|def|1
|
|-weather|RainDance|[upkeep]
|-heal|p1b: Archaludon|100/100|[from] item: Leftovers
|upkeep
|
|t:|1785910888
|switch|p2a: Ariados|Ariados, L50, F|100/100
|turn|4
|
|t:|1785910918
|move|p2a: Ariados|Rage Powder|p2a: Ariados
|-singleturn|p2a: Ariados|move: Rage Powder
|move|p1a: Basculegion|Psychic Fangs|p2a: Ariados
|-supereffective|p2a: Ariados|1
|-damage|p2a: Ariados|20/100y
|-damage|p1a: Basculegion|57/100|[from] item: Life Orb
|move|p1b: Archaludon|Draco Meteor|p2a: Ariados
|-damage|p2a: Ariados|0 fnt
|-unboost|p1b: Archaludon|spa|2
|faint|p2a: Ariados
|move|p2b: Chesnaught|Body Press|p1b: Archaludon
|-supereffective|p1b: Archaludon|1
|-damage|p1b: Archaludon|51/100
|-ability|p1b: Archaludon|Stamina|boost
|-boost|p1b: Archaludon|def|1
|
|-weather|RainDance|[upkeep]
|-heal|p1b: Archaludon|58/100|[from] item: Leftovers
|upkeep
|turn|5
|
|t:|1785910930
|move|p1a: Basculegion|Psychic Fangs|p2b: Chesnaught
|-supereffective|p2b: Chesnaught|1
|-crit|p2b: Chesnaught
|-damage|p2b: Chesnaught|0 fnt
|faint|p2b: Chesnaught
|-damage|p1a: Basculegion|47/100|[from] item: Life Orb
|
|win|DrDooginbun
