|j|☆Lorido
|j|☆ultraclaw1
|html|Loridoultraclaw1    
|uhtml|bestof|Game 2 of a best-of-3
|t:|1785664572
|gametype|doubles
|player|p1|Lorido|2|1292
|player|p2|ultraclaw1|brycenman|1407
|gen|9
|tier|[Gen 9 Champions] VGC 2026 Reg M-B (Bo3)
|rated|
|rule|Species Clause: Limit one of each Pokémon
|rule|Item Clause: Limit 1 of each item
|clearpoke
|poke|p1|Delphox, L50, F|
|poke|p1|Sneasler, L50, F|
|poke|p1|Incineroar, L50, M|
|poke|p1|Floette-Eternal, L50, F|
|poke|p1|Kingambit, L50, M|
|poke|p1|Sinistcha, L50|
|poke|p2|Maushold, L50|
|poke|p2|Kingambit, L50, F|
|poke|p2|Garchomp, L50, M|
|poke|p2|Basculegion, L50, M|
|poke|p2|Talonflame, L50, F|
|poke|p2|Floette-Eternal, L50, F|
|teampreview|4
|showteam|p1|Delphox||Delphoxite|Blaze|HeatWave,Psychic,NastyPlot,Protect|Timid||F|||50|]Sneasler||FocusSash|PoisonTouch|CloseCombat,PoisonJab,FakeOut,QuickGuard|Jolly||F|||50|]Incineroar||SitrusBerry|Intimidate|FlareBlitz,DarkestLariat,FakeOut,PartingShot|Careful||M|||50|]Floette-Eternal||Floettite|FlowerVeil|DazzlingGleam,DrainingKiss,CalmMind,Protect|Bold||F|||50|]Kingambit||BlackGlasses|Defiant|KowtowCleave,SuckerPunch,SwordsDance,Protect|Adamant||M|||50|]Sinistcha||OccaBerry|Hospitality|MatchaGotcha,RagePowder,TrickRoom,Protect|Bold|||||50|
|showteam|p2|Maushold||FocusSash|FriendGuard|SuperFang,Taunt,FollowMe,Protect|Timid|||||50|]Kingambit||ChopleBerry|Defiant|KowtowCleave,SuckerPunch,LowKick,IronHead|Adamant||F|||50|]Garchomp||LifeOrb|RoughSkin|RockSlide,Earthquake,DragonClaw,Protect|Jolly||M|||50|]Basculegion||MysticWater|Adaptability|WaveCrash,LastRespects,AquaJet,Protect|Adamant||M|||50|]Talonflame||SharpBeak|GaleWings|QuickGuard,DualWingbeat,Tailwind,Protect|Jolly||F|||50|]Floette-Eternal||Floettite|FlowerVeil|LightofRuin,Protect,Moonblast,DazzlingGleam|Modest||F|||50|
|inactive|Battle timer is ON: inactive players will automatically lose when time's up. (requested by ultraclaw1)
|inactive|Lorido also wants the timer to be on.
|inactive|Lorido has 60 seconds left.
|inactive|Lorido has 30 seconds left.
|inactive|Lorido has 20 seconds left.
|
|t:|1785664645
|teamsize|p1|4
|teamsize|p2|4
|start
|switch|p1a: Sneasler|Sneasler, L50, F|100/100
|switch|p1b: Floette|Floette-Eternal, L50, F|100/100
|switch|p2a: Floette|Floette-Eternal, L50, F|100/100
|switch|p2b: Talonflame|Talonflame, L50, F|100/100
|turn|1
|
|t:|1785664663
|detailschange|p2a: Floette|Floette-Mega, L50, F
|-mega|p2a: Floette|Floette|Floettite
|-ability|p2a: Floette|Fairy Aura
|detailschange|p1b: Floette|Floette-Mega, L50, F
|-mega|p1b: Floette|Floette|Floettite
|-ability|p1b: Floette|Fairy Aura
|move|p1a: Sneasler|Fake Out|p2a: Floette
|-damage|p2a: Floette|81/100
|move|p2b: Talonflame|Dual Wingbeat|p1a: Sneasler
|-supereffective|p1a: Sneasler|1
|-damage|p1a: Sneasler|30/100
|-supereffective|p1a: Sneasler|1
|-damage|p1a: Sneasler|0 fnt
|faint|p1a: Sneasler
|-hitcount|p1: Sneasler|2
|cant|p2a: Floette|flinch
|move|p1b: Floette|Calm Mind|p1b: Floette
|-boost|p1b: Floette|spa|1
|-boost|p1b: Floette|spd|1
|
|upkeep
|
|t:|1785664681
|switch|p1a: Incineroar|Incineroar, L50, M|100/100
|-ability|p1a: Incineroar|Intimidate|boost
|-unboost|p2a: Floette|atk|1
|-unboost|p2b: Talonflame|atk|1
|turn|2
|
|t:|1785664702
|move|p2b: Talonflame|Dual Wingbeat|p1a: Incineroar
|-damage|p1a: Incineroar|90/100
|-damage|p1a: Incineroar|80/100
|-hitcount|p1a: Incineroar|2
|move|p2a: Floette|Light of Ruin|p1a: Incineroar
|-damage|p1a: Incineroar|0 fnt
|faint|p1a: Incineroar
|-damage|p2a: Floette|27/100|[from] Recoil
|move|p1b: Floette|Dazzling Gleam|p2a: Floette|[spread] p2a,p2b
|-resisted|p2b: Talonflame|1
|-damage|p2a: Floette|0 fnt
|-damage|p2b: Talonflame|49/100
|faint|p2a: Floette
|
|upkeep
|
|t:|1785664714
|switch|p2a: Basculegion|Basculegion, L50, M|100/100
|switch|p1a: Kingambit|Kingambit, L50, M|100/100
|turn|3
|
|t:|1785664735
|move|p2a: Basculegion|Protect|p2a: Basculegion
|-singleturn|p2a: Basculegion|Protect
|move|p1a: Kingambit|Sucker Punch||[still]
|-fail|p1a: Kingambit
|move|p2b: Talonflame|Tailwind|p2b: Talonflame
|-sidestart|p2: ultraclaw1|move: Tailwind
|move|p1b: Floette|Dazzling Gleam|p2a: Basculegion|[spread] p2b
|-activate|p2a: Basculegion|move: Protect
|-resisted|p2b: Talonflame|1
|-damage|p2b: Talonflame|5/100
|
|upkeep
|turn|4
|
|t:|1785664752
|move|p1a: Kingambit|Protect|p1a: Kingambit
|-singleturn|p1a: Kingambit|Protect
|move|p2b: Talonflame|Quick Guard|p2b: Talonflame
|-singleturn|p2b: Talonflame|Quick Guard
|move|p2a: Basculegion|Wave Crash|p1b: Floette
|-damage|p1b: Floette|10/100
|-damage|p2a: Basculegion|74/100|[from] Recoil
|move|p1b: Floette|Draining Kiss|p2a: Basculegion
|-damage|p2a: Basculegion|11/100
|-heal|p1b: Floette|64/100|[from] drain|[of] p2a: Basculegion
|
|upkeep
|turn|5
|
|t:|1785664769
|move|p2b: Talonflame|Protect||[still]
|-fail|p2b: Talonflame
|move|p2a: Basculegion|Protect|p2a: Basculegion
|-singleturn|p2a: Basculegion|Protect
|move|p1b: Floette|Protect|p1b: Floette
|-singleturn|p1b: Floette|Protect
|move|p1a: Kingambit|Kowtow Cleave|p2a: Basculegion
|-activate|p2a: Basculegion|move: Protect
|
|upkeep
|turn|6
|
|t:|1785664786
|move|p1b: Floette|Protect||[still]
|-fail|p1b: Floette
|move|p2b: Talonflame|Quick Guard|p2b: Talonflame
|-singleturn|p2b: Talonflame|Quick Guard
|move|p2a: Basculegion|Wave Crash|p1b: Floette
|-damage|p1b: Floette|0 fnt
|faint|p1b: Floette
|-damage|p2a: Basculegion|0 fnt|[from] Recoil
|faint|p2a: Basculegion
|move|p1a: Kingambit|Kowtow Cleave|p2b: Talonflame
|-damage|p2b: Talonflame|0 fnt
|faint|p2b: Talonflame
|
|-sideend|p2: ultraclaw1|move: Tailwind
|upkeep
|
|t:|1785664788
|switch|p2a: Garchomp|Garchomp, L50, M|100/100
|turn|7
|
|t:|1785664805
|move|p2a: Garchomp|Earthquake|p1a: Kingambit
|-supereffective|p1a: Kingambit|1
|-damage|p1a: Kingambit|0 fnt
|faint|p1a: Kingambit
|-damage|p2a: Garchomp|90/100|[from] item: Life Orb
|
|win|ultraclaw1
|raw|Lorido's rating: 1292 → 1275(-17 for losing)
|raw|ultraclaw1's rating: 1407 → 1421(+14 for winning)
