|j|☆giancarlodestroyer
|j|☆fool720
|html|giancarlodestroyerfool720    
|uhtml|bestof|Game 1 of a best-of-3
|t:|1783180581
|gametype|doubles
|player|p1|giancarlodestroyer|266|
|player|p2|fool720|265|
|gen|9
|tier|[Gen 9 Champions] VGC 2026 Reg M-B (Bo3)
|rule|Species Clause: Limit one of each Pokémon
|rule|Item Clause: Limit 1 of each item
|clearpoke
|poke|p1|Froslass, L50, F|
|poke|p1|Araquanid, L50, F|
|poke|p1|Meowstic, L50, M|
|poke|p1|Flapple, L50, F|
|poke|p1|Kingambit, L50, M|
|poke|p1|Sylveon, L50, M|
|poke|p2|Swampert, L50, F|
|poke|p2|Archaludon, L50, M|
|poke|p2|Pelipper, L50, F|
|poke|p2|Sableye, L50, F|
|poke|p2|Rotom-Mow, L50|
|poke|p2|Diggersby, L50, F|
|teampreview|4
|showteam|p1|Froslass||Froslassite|SnowCloak|Protect,Blizzard,Thunderbolt,ShadowBall|Timid||F|||50|]Araquanid||CobaBerry|WaterAbsorb|WideGuard,Soak,ChillingWater,SkitterSmack|Sassy||F|||50|]Meowstic||SitrusBerry|Prankster|Psychic,Gravity,TrickRoom,ThunderWave|Sassy||M|||50|]Flapple||LifeOrb|Hustle|Protect,GravApple,DragonRush,DualWingbeat|Jolly||F|||50|]Kingambit||FocusSash|Defiant|Protect,LowKick,KowtowCleave,SuckerPunch|Adamant||M|||50|]Sylveon||FairyFeather|Pixilate|Protect,HyperVoice,HyperBeam,QuickAttack|Sassy||M|||50|
|showteam|p2|Swampert||Swampertite|Torrent|Earthquake,WaveCrash,IcePunch,Protect|Adamant||F|||50|]Archaludon||Leftovers|Stamina|ElectroShot,FlashCannon,AuraSphere,Protect|Calm||M|||50|]Pelipper||FocusSash|Drizzle|WideGuard,Hurricane,WeatherBall,Tailwind|Modest||F|||50|]Sableye||LightClay|Prankster|LightScreen,Reflect,Encore,SuckerPunch|Impish||F|||50|]Rotom-Mow||ChoiceScarf|Levitate|LeafStorm,Thunder,VoltSwitch,ShadowBall|Timid|||||50|]Diggersby||LifeOrb|HugePower|FirePunch,GunkShot,IcePunch,BrickBreak|Adamant||F|||50|
|
|t:|1783180664
|teamsize|p1|4
|teamsize|p2|4
|start
|switch|p1a: Froslass|Froslass, L50, F|100/100
|switch|p1b: Meowstic|Meowstic, L50, M|100/100
|switch|p2a: Swampert|Swampert, L50, F|100/100
|switch|p2b: Pelipper|Pelipper, L50, F|100/100
|-weather|RainDance|[from] ability: Drizzle|[of] p2b: Pelipper
|turn|1
|
|t:|1783180724
|switch|p2b: Sableye|Sableye, L50, F|100/100
|detailschange|p1a: Froslass|Froslass-Mega, L50, F
|-mega|p1a: Froslass|Froslass|Froslassite
|-weather|Snowscape|[from] ability: Snow Warning|[of] p1a: Froslass
|detailschange|p2a: Swampert|Swampert-Mega, L50, F
|-mega|p2a: Swampert|Swampert|Swampertite
|move|p1a: Froslass|Blizzard|p2b: Sableye|[spread] p2a,p2b
|-damage|p2a: Swampert|60/100
|-damage|p2b: Sableye|22/100
|move|p2a: Swampert|Earthquake|p1a: Froslass|[spread] p2b,p1a,p1b
|-damage|p2b: Sableye|0 fnt
|-damage|p1a: Froslass|46/100
|-damage|p1b: Meowstic|41/100
|-enditem|p1b: Meowstic|Sitrus Berry|[eat]
|-heal|p1b: Meowstic|66/100|[from] item: Sitrus Berry
|faint|p2b: Sableye
|move|p1b: Meowstic|Psychic|p2a: Swampert
|-damage|p2a: Swampert|36/100
|
|-weather|Snowscape|[upkeep]
|upkeep
|
|t:|1783180741
|switch|p2b: Pelipper|Pelipper, L50, F|100/100
|-weather|RainDance|[from] ability: Drizzle|[of] p2b: Pelipper
|turn|2
|inactive|Battle timer is ON: inactive players will automatically lose when time's up. (requested by giancarlodestroyer)
|
|t:|1783180785
|move|p1a: Froslass|Protect|p1a: Froslass
|-singleturn|p1a: Froslass|Protect
|move|p2a: Swampert|Wave Crash|p1b: Meowstic
|-damage|p1b: Meowstic|0 fnt
|faint|p1b: Meowstic
|-damage|p2a: Swampert|13/100|[from] Recoil
|move|p2b: Pelipper|Hurricane|p1a: Froslass
|-activate|p1a: Froslass|move: Protect
|
|-weather|RainDance|[upkeep]
|upkeep
|
|t:|1783180798
|switch|p1b: Flapple|Flapple, L50, F|100/100
|turn|3
|inactive|giancarlodestroyer has 30 seconds left.
|
|t:|1783180824
|move|p2a: Swampert|Ice Punch|p1b: Flapple
|-supereffective|p1b: Flapple|2
|-damage|p1b: Flapple|0 fnt
|faint|p1b: Flapple
|move|p1a: Froslass|Shadow Ball|p2a: Swampert
|-damage|p2a: Swampert|0 fnt
|faint|p2a: Swampert
|move|p2b: Pelipper|Tailwind|p2b: Pelipper
|-sidestart|p2: fool720|move: Tailwind
|
|-weather|RainDance|[upkeep]
|upkeep
|
|t:|1783180834
|switch|p1b: Araquanid|Araquanid, L50, F|100/100
|switch|p2a: Archaludon|Archaludon, L50, M|100/100
|turn|4
|inactive|fool720 has 30 seconds left.
|inactive|fool720 has 20 seconds left.
|inactive|fool720 has 15 seconds left.
|inactive|fool720 has 10 seconds left.
|
|t:|1783180883
|move|p1a: Froslass|Protect|p1a: Froslass
|-singleturn|p1a: Froslass|Protect
|move|p2a: Archaludon|Electro Shot||[still]
|-prepare|p2a: Archaludon|Electro Shot
|-boost|p2a: Archaludon|spa|1
|-anim|p2a: Archaludon|Electro Shot|p1b: Araquanid
|-supereffective|p1b: Araquanid|1
|-damage|p1b: Araquanid|30/100
|move|p2b: Pelipper|Hurricane|p1a: Froslass
|-activate|p1a: Froslass|move: Protect
|move|p1b: Araquanid|Soak|p2a: Archaludon
|-start|p2a: Archaludon|typechange|Water
|
|-weather|RainDance|[upkeep]
|upkeep
|turn|5
|
|t:|1783180907
|move|p2a: Archaludon|Electro Shot||[still]
|-prepare|p2a: Archaludon|Electro Shot
|-boost|p2a: Archaludon|spa|1
|-anim|p2a: Archaludon|Electro Shot|p1b: Araquanid
|-supereffective|p1b: Araquanid|1
|-damage|p1b: Araquanid|0 fnt
|faint|p1b: Araquanid
|move|p1a: Froslass|Thunderbolt|p2a: Archaludon
|-supereffective|p2a: Archaludon|1
|-damage|p2a: Archaludon|43/100
|-ability|p2a: Archaludon|Stamina|boost
|-boost|p2a: Archaludon|def|1
|move|p2b: Pelipper|Hurricane|p1a: Froslass
|-damage|p1a: Froslass|0 fnt
|faint|p1a: Froslass
|
|win|fool720
|inactive|giancarlodestroyer has 30 seconds to confirm battle start!
|inactive|fool720 has 30 seconds to confirm battle start!
||giancarlodestroyer is ready for game 2.
|l|☆fool720
|player|p2|
|inactive|fool720 has 20 seconds to confirm battle start!
||fool720 is ready for game 2.
|uhtml|next|Next: Game 2 of 3
|l|☆giancarlodestroyer
|player|p1|
|j|☆fool720
|player|p2|fool720|265|
