|j|☆Cristante terabug
|j|☆chuybreton88
|html|Cristante terabugchuybreton88    
|uhtml|bestof|Game 3 of a best-of-3
|t:|1755786678
|gametype|doubles
|player|p1|Cristante terabug|kieran-champion|1345
|player|p2|chuybreton88|lance|1264
|gen|9
|tier|[Gen 9] VGC 2025 Reg H (Bo3)
|rated|
|rule|Species Clause: Limit one of each Pokémon
|rule|Item Clause: Limit 1 of each item
|clearpoke
|poke|p1|Kommo-o, L50, M|
|poke|p1|Sneasler, L50, M|
|poke|p1|Dragonite, L50, M|
|poke|p1|Rillaboom, L50, F|
|poke|p1|Gholdengo, L50|
|poke|p1|Sinistcha, L50|
|poke|p2|Indeedee, L50, M|
|poke|p2|Primarina, L50, M|
|poke|p2|Electabuzz, L50, F|
|poke|p2|Tyranitar, L50, F|
|poke|p2|Excadrill, L50, M|
|poke|p2|Sneasler, L50, M|
|teampreview|4
|showteam|p1|Kommo-o||Leftovers|Overcoat|ClangorousSoul,ClangingScales,Flamethrower,Protect|||M|||50|,,,,,Fire]Sneasler||FocusSash|PoisonTouch|CloseCombat,DireClaw,FakeOut,Protect|||M|||50|,,,,,Ghost]Dragonite||LoadedDice|Multiscale|ScaleShot,Haze,Protect,Tailwind|||M|||50|,,,,,Steel]Rillaboom||AssaultVest|GrassySurge|DrumBeating,HighHorsepower,FakeOut,GrassyGlide|||F|||50|,,,,,Fire]Gholdengo||LifeOrb|GoodasGold|MakeItRain,NastyPlot,Protect,ShadowBall||||||50|,,,,,Dragon]Sinistcha||SitrusBerry|Hospitality|MatchaGotcha,RagePowder,LifeDew,TrickRoom||||||50|,,,,,Dark
|showteam|p2|Indeedee||FocusSash|PsychicSurge|TrickRoom,TeraBlast,Imprison,ExpandingForce|||M|||50|,,,,,Ground]Primarina||LifeOrb|LiquidVoice|Haze,HyperVoice,Moonblast,Protect|||M|||50|,,,,,Poison]Electabuzz||Eviolite|VitalSpirit|Electroweb,Taunt,Protect,FollowMe|||F|||50|,,,,,Fairy]Tyranitar||AssaultVest|SandStream|RockSlide,TeraBlast,KnockOff,LowKick|||F|||50|,,,,,Flying]Excadrill||ClearAmulet|SandRush|IronHead,HighHorsepower,Earthquake,Protect|||M|||50|,,,,,Ground]Sneasler||PsychicSeed|Unburden|DireClaw,CloseCombat,ThroatChop,Protect|||M|||50|,,,,,Dark
|inactive|Battle timer is ON: inactive players will automatically lose when time's up. (requested by chuybreton88)
|
|t:|1755786714
|teamsize|p1|4
|teamsize|p2|4
|start
|switch|p1a: Sneasler|Sneasler, L50, M|100/100
|switch|p1b: Gholdengo|Gholdengo, L50|100/100
|switch|p2a: Primarina|Primarina, L50, M|100/100
|switch|p2b: Electabuzz|Electabuzz, L50, F|100/100
|turn|1
|inactive|Cristante terabug has 30 seconds left.
|inactive|Cristante terabug has 20 seconds left.
|inactive|Cristante terabug has 15 seconds left.
|
|t:|1755786755
|-terastallize|p2a: Primarina|Poison
|move|p1a: Sneasler|Fake Out|p2b: Electabuzz
|-damage|p2b: Electabuzz|87/100
|-status|p2b: Electabuzz|psn|[from] ability: Poison Touch|[of] p1a: Sneasler
|cant|p2b: Electabuzz|flinch
|move|p1b: Gholdengo|Shadow Ball|p2b: Electabuzz
|-damage|p2b: Electabuzz|46/100 psn
|-damage|p1b: Gholdengo|91/100|[from] item: Life Orb
|move|p2a: Primarina|Hyper Voice|p1a: Sneasler|[spread] p1a,p1b
|-damage|p1a: Sneasler|39/100
|-damage|p1b: Gholdengo|40/100
|-damage|p2a: Primarina|91/100|[from] item: Life Orb
|
|-damage|p2b: Electabuzz|34/100 psn|[from] psn
|upkeep
|turn|2
|
|t:|1755786779
|-terastallize|p1b: Gholdengo|Dragon
|move|p2b: Electabuzz|Follow Me|p2b: Electabuzz
|-singleturn|p2b: Electabuzz|move: Follow Me
|move|p1a: Sneasler|Close Combat|p2b: Electabuzz
|-damage|p2b: Electabuzz|0 fnt
|-unboost|p1a: Sneasler|def|1
|-unboost|p1a: Sneasler|spd|1
|faint|p2b: Electabuzz
|move|p1b: Gholdengo|Nasty Plot|p1b: Gholdengo
|-boost|p1b: Gholdengo|spa|2
|move|p2a: Primarina|Hyper Voice|p1a: Sneasler|[spread] p1a,p1b
|-resisted|p1b: Gholdengo
|-damage|p1a: Sneasler|0 fnt
|-damage|p1b: Gholdengo|15/100
|faint|p1a: Sneasler
|-damage|p2a: Primarina|81/100|[from] item: Life Orb
|
|upkeep
|
|t:|1755786794
|switch|p1a: Rillaboom|Rillaboom, L50, F|100/100
|switch|p2b: Sneasler|Sneasler, L50, M|100/100
|-fieldstart|move: Grassy Terrain|[from] ability: Grassy Surge|[of] p1a: Rillaboom
|turn|3
|
|t:|1755786809
|move|p2b: Sneasler|Protect|p2b: Sneasler
|-singleturn|p2b: Sneasler|Protect
|move|p1b: Gholdengo|Protect|p1b: Gholdengo
|-singleturn|p1b: Gholdengo|Protect
|move|p2a: Primarina|Protect|p2a: Primarina
|-singleturn|p2a: Primarina|Protect
|move|p1a: Rillaboom|Drum Beating|p2b: Sneasler
|-activate|p2b: Sneasler|move: Protect
|
|-heal|p1b: Gholdengo|21/100|[from] Grassy Terrain
|-heal|p2a: Primarina|87/100|[from] Grassy Terrain
|upkeep
|turn|4
|
|t:|1755786828
|move|p2b: Sneasler|Dire Claw|p1b: Gholdengo
|-damage|p1b: Gholdengo|0 fnt
|faint|p1b: Gholdengo
|move|p1a: Rillaboom|Drum Beating|p2b: Sneasler
|-resisted|p2b: Sneasler
|-damage|p2b: Sneasler|58/100
|-unboost|p2b: Sneasler|spe|1
|move|p2a: Primarina|Moonblast|p1a: Rillaboom
|-damage|p1a: Rillaboom|50/100
|-damage|p2a: Primarina|77/100|[from] item: Life Orb
|
|-heal|p1a: Rillaboom|56/100|[from] Grassy Terrain
|-heal|p2b: Sneasler|64/100|[from] Grassy Terrain
|-heal|p2a: Primarina|83/100|[from] Grassy Terrain
|upkeep
|
|t:|1755786832
|switch|p1b: Dragonite|Dragonite, L50, M|100/100
|turn|5
|
|t:|1755786851
|move|p1a: Rillaboom|High Horsepower|p2a: Primarina
|-supereffective|p2a: Primarina
|-damage|p2a: Primarina|10/100
|move|p1b: Dragonite|Scale Shot|p2b: Sneasler|[miss]
|-miss|p1b: Dragonite|p2b: Sneasler
|move|p2b: Sneasler|Dire Claw|p1a: Rillaboom
|-supereffective|p1a: Rillaboom
|-damage|p1a: Rillaboom|0 fnt
|faint|p1a: Rillaboom
|move|p2a: Primarina|Moonblast|p1b: Dragonite
|-supereffective|p1b: Dragonite
|-damage|p1b: Dragonite|30/100
|-damage|p2a: Primarina|0 fnt|[from] item: Life Orb
|faint|p2a: Primarina
|
|-heal|p2b: Sneasler|70/100|[from] Grassy Terrain
|upkeep
|
|t:|1755786856
|switch|p2a: Indeedee|Indeedee, L50, M|100/100
|-fieldstart|move: Psychic Terrain|[from] ability: Psychic Surge|[of] p2a: Indeedee
|-enditem|p2b: Sneasler|Psychic Seed
|-boost|p2b: Sneasler|spd|1|[from] item: Psychic Seed
|turn|6
|
|t:|1755786865
|move|p2b: Sneasler|Dire Claw|p1b: Dragonite
|-damage|p1b: Dragonite|0 fnt
|faint|p1b: Dragonite
|
|win|chuybreton88
|raw|Cristante terabug's rating: 1345 → 1320(-25 for losing)
|raw|chuybreton88's rating: 1264 → 1295(+31 for winning)
