|j|☆eklyst
|j|☆Broey_jiggs
|html|eklystBroey_jiggs    
|uhtml|bestof|Game 1 of a best-of-3
|t:|1783036940
|gametype|doubles
|player|p1|eklyst|pokemaniac|1091
|player|p2|Broey_jiggs|169|1128
|gen|9
|tier|[Gen 9 Champions] VGC 2026 Reg M-B (Bo3)
|rated|
|rule|Species Clause: Limit one of each Pokémon
|rule|Item Clause: Limit 1 of each item
|clearpoke
|poke|p1|Metagross, L50|
|poke|p1|Floette-Eternal, L50, F|
|poke|p1|Garchomp, L50, M|
|poke|p1|Aerodactyl, L50, M|
|poke|p1|Sinistcha, L50|
|poke|p1|Incineroar, L50, F|
|poke|p2|Toxapex, L50, M|
|poke|p2|Rotom-Wash, L50|
|poke|p2|Corviknight, L50, M|
|poke|p2|Sinistcha-Masterpiece, L50|
|poke|p2|Tyranitar, L50, M|
|poke|p2|Garchomp, L50, M|
|teampreview|4
|showteam|p1|Metagross||Metagrossite|ClearBody|IronHead,BulletPunch,PsychicFangs,Protect|Adamant|||||50|]Floette-Eternal||Floettite|FlowerVeil|Moonblast,DazzlingGleam,CalmMind,Protect|Modest||F|||50|]Garchomp||LifeOrb|RoughSkin|RockSlide,StompingTantrum,DragonClaw,Protect|Jolly||M|||50|]Aerodactyl||FocusSash|Unnerve|RockSlide,DualWingbeat,Tailwind,Protect|Jolly||M|||50|]Sinistcha||KasibBerry|Hospitality|MatchaGotcha,TrickRoom,RagePowder,Protect|Relaxed|||||50|]Incineroar||SitrusBerry|Intimidate|FakeOut,FlareBlitz,ThroatChop,PartingShot|Adamant||F|||50|
|showteam|p2|Toxapex||Leftovers|Regenerator|Toxic,BanefulBunker,Infestation,Recover|Bold||M|||50|]Rotom-Wash||Magnet|Levitate|HydroPump,Thunderbolt,WillOWisp,Protect|Calm|||||50|]Corviknight||OccaBerry|MirrorArmor|BodyPress,Roost,IronDefense,BraveBird|Careful||M|||50|]Sinistcha-Masterpiece||MiracleSeed|Hospitality|MatchaGotcha,LifeDew,Protect,TrickRoom|Relaxed|||||50|]Tyranitar||Tyranitarite|SandStream|RockSlide,Earthquake,KnockOff,Protect|Adamant||M|||50|]Garchomp||LifeOrb|SandVeil|Earthquake,EarthPower,Protect,DragonClaw|Jolly||M|||50|
|inactive|Battle timer is ON: inactive players will automatically lose when time's up. (requested by eklyst)
|inactive|eklyst has 60 seconds left.
|
|t:|1783036984
|teamsize|p1|4
|teamsize|p2|4
|start
|switch|p1a: Incineroar|Incineroar, L50, F|100/100
|switch|p1b: Aerodactyl|Aerodactyl, L50, M|100/100
|switch|p2a: Toxapex|Toxapex, L50, M|100/100
|switch|p2b: Garchomp|Garchomp, L50, M|100/100
|-ability|p1b: Aerodactyl|Unnerve
|-ability|p1a: Incineroar|Intimidate|boost
|-unboost|p2a: Toxapex|atk|1
|-unboost|p2b: Garchomp|atk|1
|turn|1
|
|t:|1783037002
|switch|p2a: Rotom|Rotom-Wash, L50|100/100
|move|p1a: Incineroar|Fake Out|p2b: Garchomp
|-damage|p2b: Garchomp|84/100
|move|p1b: Aerodactyl|Tailwind|p1b: Aerodactyl
|-sidestart|p1: eklyst|move: Tailwind
|cant|p2b: Garchomp|flinch
|
|upkeep
|turn|2
|inactive|Broey_jiggs has 30 seconds left.
|
|t:|1783037035
|switch|p1b: Garchomp|Garchomp, L50, M|100/100
|move|p2b: Garchomp|Earthquake|p1b: Garchomp|[spread] p1a,p1b
|-immune|p2a: Rotom|[from] ability: Levitate
|-supereffective|p1a: Incineroar|1
|-damage|p1a: Incineroar|34/100
|-damage|p1b: Garchomp|68/100
|-enditem|p1a: Incineroar|Sitrus Berry|[eat]
|-heal|p1a: Incineroar|58/100|[from] item: Sitrus Berry
|-damage|p2b: Garchomp|75/100|[from] item: Life Orb
|move|p1a: Incineroar|Parting Shot|p2b: Garchomp
|-unboost|p2b: Garchomp|atk|1
|-unboost|p2b: Garchomp|spa|1
|
|t:|1783037050
|switch|p1a: Metagross|Metagross, L50|100/100|[from] Parting Shot
|move|p2a: Rotom|Thunderbolt|p1b: Garchomp
|-immune|p1b: Garchomp
|
|upkeep
|turn|3
|
|t:|1783037059
|detailschange|p1a: Metagross|Metagross-Mega, L50
|-mega|p1a: Metagross|Metagross|Metagrossite
|move|p2b: Garchomp|Protect|p2b: Garchomp
|-singleturn|p2b: Garchomp|Protect
|move|p1b: Garchomp|Dragon Claw|p2a: Rotom
|-damage|p2a: Rotom|42/100
|-damage|p1b: Garchomp|58/100|[from] item: Life Orb
|move|p1a: Metagross|Psychic Fangs|p2a: Rotom
|-damage|p2a: Rotom|0 fnt
|faint|p2a: Rotom
|
|upkeep
|
|t:|1783037071
|switch|p2a: Corviknight|Corviknight, L50, M|100/100
|turn|4
|
|t:|1783037082
|switch|p2b: Toxapex|Toxapex, L50, M|100/100
|move|p1b: Garchomp|Dragon Claw|p2b: Toxapex
|-damage|p2b: Toxapex|64/100
|-damage|p1b: Garchomp|49/100|[from] item: Life Orb
|move|p1a: Metagross|Iron Head|p2a: Corviknight
|-resisted|p2a: Corviknight|1
|-damage|p2a: Corviknight|74/100
|cant|p2a: Corviknight|flinch
|
|-heal|p2b: Toxapex|70/100|[from] item: Leftovers
|-sideend|p1: eklyst|move: Tailwind
|upkeep
|turn|5
|
|t:|1783037103
|switch|p1b: Aerodactyl|Aerodactyl, L50, M|100/100
|-ability|p1b: Aerodactyl|Unnerve
|-heal|p2b: Toxapex|100/100|[from] ability: Regenerator|[silent]
|switch|p2b: Garchomp|Garchomp, L50, M|75/100
|move|p1a: Metagross|Psychic Fangs|p2b: Garchomp
|-damage|p2b: Garchomp|12/100
|move|p2a: Corviknight|Iron Defense|p2a: Corviknight
|-boost|p2a: Corviknight|def|2
|
|upkeep
|turn|6
|
|t:|1783037123
|move|p1a: Metagross|Bullet Punch|p2b: Garchomp
|-damage|p2b: Garchomp|0 fnt
|faint|p2b: Garchomp
|move|p1b: Aerodactyl|Tailwind|p1b: Aerodactyl
|-sidestart|p1: eklyst|move: Tailwind
|move|p2a: Corviknight|Iron Defense|p2a: Corviknight
|-boost|p2a: Corviknight|def|2
|
|upkeep
|
|t:|1783037126
|switch|p2b: Toxapex|Toxapex, L50, M|100/100
|turn|7
|
|t:|1783037135
|move|p1b: Aerodactyl|Rock Slide|p2a: Corviknight|[spread] p2a,p2b
|-damage|p2a: Corviknight|67/100
|-damage|p2b: Toxapex|82/100
|move|p1a: Metagross|Psychic Fangs|p2b: Toxapex
|-supereffective|p2b: Toxapex|1
|-damage|p2b: Toxapex|2/100
|cant|p2a: Corviknight|flinch
|move|p2b: Toxapex|Infestation|p1a: Metagross
|-damage|p1a: Metagross|96/100
|-activate|p1a: Metagross|move: Infestation|[of] p2b: Toxapex
|
|-heal|p2b: Toxapex|8/100|[from] item: Leftovers
|-damage|p1a: Metagross|84/100|[from] move: Infestation|[partiallytrapped]
|upkeep
|turn|8
|
|t:|1783037149
|move|p2b: Toxapex|Baneful Bunker|p2b: Toxapex
|-singleturn|p2b: Toxapex|move: Protect
|move|p1b: Aerodactyl|Rock Slide|p2a: Corviknight|[spread] p2a
|-activate|p2b: Toxapex|move: Protect
|-damage|p2a: Corviknight|60/100
|move|p1a: Metagross|Psychic Fangs|p2b: Toxapex
|-activate|p2b: Toxapex|move: Protect
|cant|p2a: Corviknight|flinch
|
|-heal|p2b: Toxapex|14/100|[from] item: Leftovers
|-damage|p1a: Metagross|71/100|[from] move: Infestation|[partiallytrapped]
|upkeep
|turn|9
|inactive|Broey_jiggs has 30 seconds left.
|
|t:|1783037183
|move|p1b: Aerodactyl|Rock Slide|p2a: Corviknight|[spread] p2a,p2b
|-damage|p2a: Corviknight|53/100
|-damage|p2b: Toxapex|0 fnt
|faint|p2b: Toxapex
|move|p1a: Metagross|Iron Head|p2a: Corviknight
|-resisted|p2a: Corviknight|1
|-damage|p2a: Corviknight|44/100
|move|p2a: Corviknight|Body Press|p1b: Aerodactyl
|-damage|p1b: Aerodactyl|9/100
|
|-end|p1a: Metagross|Infestation|[partiallytrapped]|[silent]
|-sideend|p1: eklyst|move: Tailwind
|upkeep
|turn|10
|
|t:|1783037196
|move|p1b: Aerodactyl|Rock Slide|p2a: Corviknight
|-damage|p2a: Corviknight|34/100
|move|p1a: Metagross|Iron Head|p2a: Corviknight
|-resisted|p2a: Corviknight|1
|-damage|p2a: Corviknight|25/100
|move|p2a: Corviknight|Roost|p2a: Corviknight
|-heal|p2a: Corviknight|75/100
|-singleturn|p2a: Corviknight|move: Roost
|
|upkeep
|turn|11
|
|t:|1783037211
|move|p1b: Aerodactyl|Rock Slide|p2a: Corviknight
|-damage|p2a: Corviknight|64/100
|move|p1a: Metagross|Iron Head|p2a: Corviknight
|-resisted|p2a: Corviknight|1
|-damage|p2a: Corviknight|55/100
|cant|p2a: Corviknight|flinch
|
|upkeep
|turn|12
|
|t:|1783037221
|move|p1b: Aerodactyl|Rock Slide|p2a: Corviknight
|-damage|p2a: Corviknight|44/100
|move|p1a: Metagross|Iron Head|p2a: Corviknight
|-resisted|p2a: Corviknight|1
|-damage|p2a: Corviknight|35/100
|cant|p2a: Corviknight|flinch
|
|upkeep
|turn|13
|
|t:|1783037230
|move|p1b: Aerodactyl|Rock Slide|p2a: Corviknight
|-damage|p2a: Corviknight|25/100
|move|p1a: Metagross|Iron Head|p2a: Corviknight
|-resisted|p2a: Corviknight|1
|-damage|p2a: Corviknight|17/100
|move|p2a: Corviknight|Roost|p2a: Corviknight
|-heal|p2a: Corviknight|67/100
|-singleturn|p2a: Corviknight|move: Roost
|
|upkeep
|turn|14
|
|t:|1783037239
|move|p1b: Aerodactyl|Rock Slide|p2a: Corviknight|[miss]
|-miss|p1b: Aerodactyl|p2a: Corviknight
|move|p1a: Metagross|Iron Head|p2a: Corviknight
|-resisted|p2a: Corviknight|1
|-damage|p2a: Corviknight|58/100
|move|p2a: Corviknight|Roost|p2a: Corviknight
|-heal|p2a: Corviknight|100/100
|-singleturn|p2a: Corviknight|move: Roost
|
|upkeep
|turn|15
|
|t:|1783037252
|move|p1b: Aerodactyl|Rock Slide|p2a: Corviknight
|-damage|p2a: Corviknight|90/100
|move|p1a: Metagross|Iron Head|p2a: Corviknight
|-resisted|p2a: Corviknight|1
|-damage|p2a: Corviknight|81/100
|cant|p2a: Corviknight|flinch
|
|upkeep
|turn|16
|
|t:|1783037262
|move|p1b: Aerodactyl|Rock Slide|p2a: Corviknight
|-damage|p2a: Corviknight|72/100
|move|p1a: Metagross|Iron Head|p2a: Corviknight
|-resisted|p2a: Corviknight|1
|-damage|p2a: Corviknight|63/100
|cant|p2a: Corviknight|flinch
|
|upkeep
|turn|17
|
|t:|1783037271
|move|p1b: Aerodactyl|Rock Slide|p2a: Corviknight
|-damage|p2a: Corviknight|55/100
|move|p1a: Metagross|Iron Head|p2a: Corviknight
|-resisted|p2a: Corviknight|1
|-damage|p2a: Corviknight|46/100
|move|p2a: Corviknight|Roost|p2a: Corviknight
|-heal|p2a: Corviknight|97/100
|-singleturn|p2a: Corviknight|move: Roost
|
|upkeep
|turn|18
|
|t:|1783037282
|move|p1b: Aerodactyl|Rock Slide|p2a: Corviknight
|-crit|p2a: Corviknight
|-damage|p2a: Corviknight|51/100
|move|p1a: Metagross|Iron Head|p2a: Corviknight
|-resisted|p2a: Corviknight|1
|-damage|p2a: Corviknight|42/100
|cant|p2a: Corviknight|flinch
|
|upkeep
|turn|19
|
|t:|1783037293
|switch|p1b: Garchomp|Garchomp, L50, M|49/100
|move|p1a: Metagross|Iron Head|p2a: Corviknight
|-resisted|p2a: Corviknight|1
|-damage|p2a: Corviknight|33/100
|move|p2a: Corviknight|Roost|p2a: Corviknight
|-heal|p2a: Corviknight|83/100
|-singleturn|p2a: Corviknight|move: Roost
|
|upkeep
|turn|20
|
|t:|1783037304
|move|p1b: Garchomp|Rock Slide|p2a: Corviknight
|-damage|p2a: Corviknight|74/100
|-damage|p1b: Garchomp|39/100|[from] item: Life Orb
|move|p1a: Metagross|Iron Head|p2a: Corviknight
|-resisted|p2a: Corviknight|1
|-crit|p2a: Corviknight
|-damage|p2a: Corviknight|36/100
|move|p2a: Corviknight|Body Press|p1b: Garchomp
|-damage|p1b: Garchomp|0 fnt
|-damage|p2a: Corviknight|24/100|[from] ability: Rough Skin|[of] p1b: Garchomp
|faint|p1b: Garchomp
|
|upkeep
|
|t:|1783037316
|switch|p1b: Incineroar|Incineroar, L50, F|58/100
|-ability|p1b: Incineroar|Intimidate|boost
|-ability|p2a: Corviknight|Mirror Armor
|-unboost|p1b: Incineroar|atk|1
|turn|21
|
|t:|1783037322
|move|p1a: Metagross|Iron Head|p2a: Corviknight
|-resisted|p2a: Corviknight|1
|-damage|p2a: Corviknight|16/100
|move|p2a: Corviknight|Roost|p2a: Corviknight
|-heal|p2a: Corviknight|66/100
|-singleturn|p2a: Corviknight|move: Roost
|move|p1b: Incineroar|Flare Blitz|p2a: Corviknight
|-supereffective|p2a: Corviknight|1
|-enditem|p2a: Corviknight|Occa Berry|[eat]
|-enditem|p2a: Corviknight|Occa Berry|[weaken]
|-damage|p2a: Corviknight|56/100
|-damage|p1b: Incineroar|55/100|[from] Recoil
|
|upkeep
|turn|22
|
|t:|1783037340
|move|p1a: Metagross|Iron Head|p2a: Corviknight
|-resisted|p2a: Corviknight|1
|-damage|p2a: Corviknight|47/100
|move|p2a: Corviknight|Body Press|p1b: Incineroar
|-supereffective|p1b: Incineroar|1
|-damage|p1b: Incineroar|0 fnt
|faint|p1b: Incineroar
|
|upkeep
|
|t:|1783037346
|switch|p1b: Aerodactyl|Aerodactyl, L50, M|9/100
|-ability|p1b: Aerodactyl|Unnerve
|turn|23
|
|t:|1783037352
|move|p1b: Aerodactyl|Dual Wingbeat|p2a: Corviknight
|-resisted|p2a: Corviknight|1
|-damage|p2a: Corviknight|44/100
|-resisted|p2a: Corviknight|1
|-damage|p2a: Corviknight|41/100
|-hitcount|p2a: Corviknight|2
|move|p1a: Metagross|Iron Head|p2a: Corviknight
|-resisted|p2a: Corviknight|1
|-damage|p2a: Corviknight|32/100
|move|p2a: Corviknight|Roost|p2a: Corviknight
|-heal|p2a: Corviknight|82/100
|-singleturn|p2a: Corviknight|move: Roost
|
|upkeep
|turn|24
|
|t:|1783037367
|move|p1b: Aerodactyl|Dual Wingbeat|p2a: Corviknight
|-resisted|p2a: Corviknight|1
|-damage|p2a: Corviknight|80/100
|-resisted|p2a: Corviknight|1
|-damage|p2a: Corviknight|77/100
|-hitcount|p2a: Corviknight|2
|move|p1a: Metagross|Psychic Fangs|p2a: Corviknight
|-resisted|p2a: Corviknight|1
|-damage|p2a: Corviknight|68/100
|move|p2a: Corviknight|Body Press|p1b: Aerodactyl
|-damage|p1b: Aerodactyl|0 fnt
|faint|p1b: Aerodactyl
|
|upkeep
|turn|25
|
|t:|1783037381
|move|p1a: Metagross|Protect|p1a: Metagross
|-singleturn|p1a: Metagross|Protect
|move|p2a: Corviknight|Iron Defense|p2a: Corviknight
|-boost|p2a: Corviknight|def|2
|
|upkeep
|turn|26
|
|t:|1783037391
|move|p1a: Metagross|Psychic Fangs|p2a: Corviknight
|-resisted|p2a: Corviknight|1
|-damage|p2a: Corviknight|61/100
|move|p2a: Corviknight|Body Press|p1a: Metagross
|-damage|p1a: Metagross|18/100
|
|upkeep
|turn|27
|
|t:|1783037399
|move|p1a: Metagross|Psychic Fangs|p2a: Corviknight
|-resisted|p2a: Corviknight|1
|-damage|p2a: Corviknight|55/100
|move|p2a: Corviknight|Roost|p2a: Corviknight
|-heal|p2a: Corviknight|100/100
|-singleturn|p2a: Corviknight|move: Roost
|
|upkeep
|turn|28
|
|t:|1783037407
|move|p1a: Metagross|Psychic Fangs|p2a: Corviknight
|-resisted|p2a: Corviknight|1
|-damage|p2a: Corviknight|92/100
|move|p2a: Corviknight|Body Press|p1a: Metagross
|-damage|p1a: Metagross|0 fnt
|faint|p1a: Metagross
|
|win|Broey_jiggs
||eklyst is ready for game 2.
|inactive|Broey_jiggs has 30 seconds to confirm battle start!
|inactive|Broey_jiggs has 20 seconds to confirm battle start!
|l|☆Broey_jiggs
|player|p2|
