|j|☆MilkGamer7979
|j|☆Milkgamer79
|html|MilkGamer7979Milkgamer79    
|uhtml|bestof|Game 2 of a best-of-3
|t:|1782451444
|gametype|doubles
|player|p1|MilkGamer7979|riley|
|player|p2|Milkgamer79|riley|
|gen|9
|tier|[Gen 9 Champions] VGC 2026 Reg M-B (Bo3)
|rule|Species Clause: Limit one of each Pokémon
|rule|Item Clause: Limit 1 of each item
|clearpoke
|poke|p1|Greninja, L50, M, shiny|
|poke|p1|Abomasnow, L50, F, shiny|
|poke|p1|Tauros-Paldea-Combat, L50, M, shiny|
|poke|p1|Froslass, L50, F, shiny|
|poke|p1|Mr. Rime, L50, M, shiny|
|poke|p1|Vivillon, L50, M, shiny|
|poke|p2|Staraptor, L50, M|
|poke|p2|Grimmsnarl, L50, M|
|poke|p2|Metagross, L50|
|poke|p2|Raichu, L50, F|
|poke|p2|Sandaconda, L50, F|
|poke|p2|Bastiodon, L50, F|
|teampreview|4
|showteam|p1|Greninja||Greninjite|Protean|Blizzard,Protect,DarkPulse,Uturn|Modest||M|||50|]Abomasnow||CobaBerry|SnowWarning|Blizzard,EarthPower,GigaDrain,LowKick|Modest||F|||50|]Tauros-Paldea-Combat||LifeOrb|Intimidate|HighHorsepower,IronHead,CloseCombat,Protect|Adamant||M|||50|]Froslass||Froslassite|SnowCloak|Blizzard,ShadowBall,Haze,AuroraVeil|Modest||F|||50|]Mr. Rime||Leftovers|IceBody|Blizzard,Protect,DazzlingGleam,Psychic|Bold||M|||50|]Vivillon||FocusSash|CompoundEyes|Tailwind,Protect,SleepPowder,Uturn|Timid||M|||50|
|showteam|p2|Staraptor||Staraptite|Intimidate|CloseCombat,DualWingbeat,QuickAttack,Protect|Jolly||M|||50|]Grimmsnarl||LightClay|Prankster|Reflect,LightScreen,SpiritBreak,PartingShot|Careful||M|||50|]Metagross||LifeOrb|ClearBody|IronHead,PsychicFangs,StompingTantrum,BulletPunch|Serious|||||50|]Raichu||ShucaBerry|LightningRod|FakeOut,Nuzzle,VoltSwitch,Encore|Timid||F|||50|]Sandaconda||LumBerry|SandSpit|HighHorsepower,Glare,RockBlast,Protect|Impish||F|||50|]Bastiodon||ChestoBerry|Sturdy|WideGuard,BodyPress,IronDefense,RockSlide|Careful||F|||50|
|
|t:|1782451499
|teamsize|p1|4
|teamsize|p2|4
|start
|switch|p1a: Abomasnow|Abomasnow, L50, F, shiny|100/100
|switch|p1b: Greninja|Greninja, L50, M, shiny|100/100
|switch|p2a: Raichu|Raichu, L50, F|100/100
|switch|p2b: Staraptor|Staraptor, L50, M|100/100
|-ability|p2b: Staraptor|Intimidate|boost
|-unboost|p1a: Abomasnow|atk|1
|-unboost|p1b: Greninja|atk|1
|-weather|Snowscape|[from] ability: Snow Warning|[of] p1a: Abomasnow
|turn|1
|
|t:|1782451586
|switch|p2b: Bastiodon|Bastiodon, L50, F|100/100
|detailschange|p1b: Greninja|Greninja-Mega, L50, M, shiny
|-mega|p1b: Greninja|Greninja|Greninjite
|move|p1b: Greninja|Blizzard|p2a: Raichu|[spread] p2a,p2b
|-start|p1b: Greninja|typechange|Ice|[from] ability: Protean
|-resisted|p2b: Bastiodon|1
|-damage|p2a: Raichu|41/100
|-damage|p2b: Bastiodon|83/100
|move|p2a: Raichu|Nuzzle|p1b: Greninja
|-damage|p1b: Greninja|93/100
|-status|p1b: Greninja|par
|move|p1a: Abomasnow|Blizzard|p2b: Bastiodon|[spread] p2a,p2b
|-resisted|p2b: Bastiodon|1
|-damage|p2a: Raichu|0 fnt
|-damage|p2b: Bastiodon|71/100
|faint|p2a: Raichu
|
|-weather|Snowscape|[upkeep]
|upkeep
|
|t:|1782451607
|switch|p2a: Sandaconda|Sandaconda, L50, F|100/100
|turn|2
|
|t:|1782451653
|switch|p1a: Tauros|Tauros-Paldea-Combat, L50, M, shiny|100/100
|-ability|p1a: Tauros|Intimidate|boost
|-unboost|p2a: Sandaconda|atk|1
|-unboost|p2b: Bastiodon|atk|1
|cant|p1b: Greninja|par
|move|p2a: Sandaconda|Glare|p1a: Tauros
|-status|p1a: Tauros|par
|move|p2b: Bastiodon|Rock Slide|p1a: Tauros|[spread] p1b
|-miss|p2b: Bastiodon|p1a: Tauros
|-supereffective|p1b: Greninja|1
|-damage|p1b: Greninja|77/100 par
|
|-weather|Snowscape|[upkeep]
|upkeep
|turn|3
|
|t:|1782451678
|move|p2b: Bastiodon|Wide Guard|p2b: Bastiodon
|-singleturn|p2b: Bastiodon|Wide Guard
|cant|p1b: Greninja|par
|move|p2a: Sandaconda|Rock Blast|p1b: Greninja
|-supereffective|p1b: Greninja|1
|-damage|p1b: Greninja|67/100 par
|-supereffective|p1b: Greninja|1
|-damage|p1b: Greninja|59/100 par
|-hitcount|p1b: Greninja|2
|move|p1a: Tauros|High Horsepower|p2b: Bastiodon
|-supereffective|p2b: Bastiodon|2
|-damage|p2b: Bastiodon|0 fnt
|faint|p2b: Bastiodon
|-damage|p1a: Tauros|90/100 par|[from] item: Life Orb
|
|-weather|Snowscape|[upkeep]
|upkeep
|
|t:|1782451697
|switch|p2b: Staraptor|Staraptor, L50, M|100/100
|-ability|p2b: Staraptor|Intimidate|boost
|-unboost|p1a: Tauros|atk|1
|-unboost|p1b: Greninja|atk|1
|turn|4
|
|t:|1782451724
|detailschange|p2b: Staraptor|Staraptor-Mega, L50, M
|-mega|p2b: Staraptor|Staraptor|Staraptite
|move|p2a: Sandaconda|Protect|p2a: Sandaconda
|-singleturn|p2a: Sandaconda|Protect
|move|p1a: Tauros|Protect|p1a: Tauros
|-singleturn|p1a: Tauros|Protect
|move|p2b: Staraptor|Dual Wingbeat|p1a: Tauros
|-activate|p1a: Tauros|move: Protect
|move|p1b: Greninja|Blizzard|p2b: Staraptor|[spread] p2b
|-activate|p2a: Sandaconda|move: Protect
|-supereffective|p2b: Staraptor|1
|-damage|p2b: Staraptor|5/100
|
|-weather|Snowscape|[upkeep]
|upkeep
|turn|5
|
|t:|1782451770
|move|p2b: Staraptor|Protect|p2b: Staraptor
|-singleturn|p2b: Staraptor|Protect
|move|p1b: Greninja|Blizzard|p2a: Sandaconda|[spread] p2a
|-activate|p2b: Staraptor|move: Protect
|-supereffective|p2a: Sandaconda|1
|-damage|p2a: Sandaconda|0 fnt
|-weather|Sandstorm|[from] ability: Sand Spit|[of] p2a: Sandaconda
|faint|p2a: Sandaconda
|cant|p1a: Tauros|par
|
|-weather|Sandstorm|[upkeep]
|-damage|p2b: Staraptor|0 fnt|[from] Sandstorm
|-damage|p1b: Greninja|53/100 par|[from] Sandstorm
|-damage|p1a: Tauros|84/100 par|[from] Sandstorm
|faint|p2b: Staraptor
|
|win|MilkGamer7979
