|j|☆328August
|j|☆iwonagainstwolfe
|html|328Augustiwonagainstwolfe    
|uhtml|bestof|Game 1 of a best-of-3
|t:|1784143164
|gametype|doubles
|player|p1|328August|265|1063
|player|p2|iwonagainstwolfe|clown|1083
|gen|9
|tier|[Gen 9 Champions] VGC 2026 Reg M-B (Bo3)
|rated|
|rule|Species Clause: Limit one of each Pokémon
|rule|Item Clause: Limit 1 of each item
|clearpoke
|poke|p1|Skarmory, L50, M|
|poke|p1|Sinistcha-Masterpiece, L50|
|poke|p1|Incineroar, L50, F|
|poke|p1|Pelipper, L50, F|
|poke|p1|Archaludon, L50, M|
|poke|p1|Swampert, L50, M|
|poke|p2|Venusaur, L50, F|
|poke|p2|Grimmsnarl, L50, M|
|poke|p2|Pelipper, L50, M|
|poke|p2|Archaludon, L50, F|
|poke|p2|Charizard, L50, M|
|poke|p2|Basculegion, L50, M|
|teampreview|4
|showteam|p1|Skarmory||Skarmorite|WeakArmor|IronHead,BraveBird,SwordsDance,Protect|Adamant||M|||50|]Sinistcha-Masterpiece||ColburBerry|Hospitality|RagePowder,MatchaGotcha,TrickRoom,Protect|Bold|||||50|]Incineroar||SitrusBerry|Intimidate|FakeOut,FlareBlitz,PartingShot,Protect|Sassy||F|||50|]Pelipper||FocusSash|Drizzle|WeatherBall,Hurricane,WideGuard,Tailwind|Modest||F|||50|]Archaludon||LifeOrb|Stamina|ElectroShot,FlashCannon,DragonPulse,Protect|Modest||M|||50|]Swampert||Swampertite|Damp|WaveCrash,Earthquake,BulkUp,Protect|Adamant||M|||50|
|showteam|p2|Venusaur||Venusaurite|Chlorophyll|SludgeBomb,EarthPower,SleepPowder,Protect|Modest||F|||50|]Grimmsnarl||LightClay|Prankster|SpiritBreak,Reflect,LightScreen,PartingShot|Careful||M|||50|]Pelipper||SitrusBerry|Drizzle|Hurricane,WeatherBall,Tailwind,WideGuard|Modest||M|||50|]Archaludon||Leftovers|Stamina|DragonPulse,FlashCannon,ElectroShot,Protect|Modest||F|||50|]Charizard||CharizarditeY|Blaze|HeatWave,SolarBeam,WeatherBall,Protect|Modest||M|||50|]Basculegion||ChoiceScarf|Adaptability|WaveCrash,FlipTurn,LastRespects,AquaJet|Jolly||M|||50|
|inactive|Battle timer is ON: inactive players will automatically lose when time's up. (requested by iwonagainstwolfe)
|
|t:|1784143223
|teamsize|p1|4
|teamsize|p2|4
|start
|switch|p1a: Incineroar|Incineroar, L50, F|100/100
|switch|p1b: Archaludon|Archaludon, L50, M|100/100
|switch|p2a: Grimmsnarl|Grimmsnarl, L50, M|100/100
|switch|p2b: Archaludon|Archaludon, L50, F|100/100
|-ability|p1a: Incineroar|Intimidate|boost
|-unboost|p2a: Grimmsnarl|atk|1
|-unboost|p2b: Archaludon|atk|1
|turn|1
|inactive|iwonagainstwolfe has 30 seconds left.
|
|t:|1784143257
|switch|p2a: Venusaur|Venusaur, L50, F|100/100
|move|p2b: Archaludon|Electro Shot||[still]
|-prepare|p2b: Archaludon|Electro Shot
|-boost|p2b: Archaludon|spa|1
|move|p1b: Archaludon|Dragon Pulse|p2b: Archaludon
|-damage|p2b: Archaludon|40/100
|-ability|p2b: Archaludon|Stamina|boost
|-boost|p2b: Archaludon|def|1
|-damage|p1b: Archaludon|90/100|[from] item: Life Orb
|move|p1a: Incineroar|Parting Shot|p2b: Archaludon
|-unboost|p2b: Archaludon|atk|1
|-unboost|p2b: Archaludon|spa|1
|inactive|328August has 30 seconds left.
|inactive|328August has 20 seconds left.
|inactive|328August has 15 seconds left.
|
|t:|1784143299
|switch|p1a: Swampert|Swampert, L50, M|100/100|[from] Parting Shot
|
|-heal|p2b: Archaludon|46/100|[from] item: Leftovers
|upkeep
|turn|2
|
|t:|1784143309
|switch|p1b: Pelipper|Pelipper, L50, F|100/100
|-weather|RainDance|[from] ability: Drizzle|[of] p1b: Pelipper
|detailschange|p1a: Swampert|Swampert-Mega, L50, M
|-mega|p1a: Swampert|Swampert|Swampertite
|move|p1a: Swampert|Earthquake|p2a: Venusaur|[spread] p2a,p2b
|-immune|p1b: Pelipper
|-supereffective|p2b: Archaludon|1
|-damage|p2a: Venusaur|49/100
|-damage|p2b: Archaludon|0 fnt
|faint|p2b: Archaludon
|move|p2a: Venusaur|Sleep Powder|p1a: Swampert
|-status|p1a: Swampert|slp|[from] move: Sleep Powder
|
|-weather|RainDance|[upkeep]
|upkeep
|
|t:|1784143314
|switch|p2b: Basculegion|Basculegion, L50, M|100/100
|turn|3
|
|t:|1784143328
|switch|p1a: Incineroar|Incineroar, L50, F|100/100
|-ability|p1a: Incineroar|Intimidate|boost
|-unboost|p2a: Venusaur|atk|1
|-unboost|p2b: Basculegion|atk|1
|detailschange|p2a: Venusaur|Venusaur-Mega, L50, F
|-mega|p2a: Venusaur|Venusaur|Venusaurite
|move|p2b: Basculegion|Last Respects|p1a: Incineroar
|-resisted|p1a: Incineroar|1
|-damage|p1a: Incineroar|84/100
|move|p2a: Venusaur|Sleep Powder|p1b: Pelipper
|-status|p1b: Pelipper|slp|[from] move: Sleep Powder
|cant|p1b: Pelipper|slp
|
|-weather|RainDance|[upkeep]
|upkeep
|turn|4
|
|t:|1784143342
|switch|p2b: Grimmsnarl|Grimmsnarl, L50, M|100/100
|move|p2a: Venusaur|Earth Power|p1a: Incineroar
|-supereffective|p1a: Incineroar|1
|-damage|p1a: Incineroar|41/100
|-enditem|p1a: Incineroar|Sitrus Berry|[eat]
|-heal|p1a: Incineroar|66/100|[from] item: Sitrus Berry
|-curestatus|p1b: Pelipper|slp|[msg]
|move|p1b: Pelipper|Tailwind|p1b: Pelipper
|-sidestart|p1: 328August|move: Tailwind
|move|p1a: Incineroar|Parting Shot|p2b: Grimmsnarl
|-unboost|p2b: Grimmsnarl|atk|1
|-unboost|p2b: Grimmsnarl|spa|1
|
|t:|1784143351
|switch|p1a: Swampert|Swampert-Mega, L50, M|100/100 slp|[from] Parting Shot
|
|-weather|RainDance|[upkeep]
|upkeep
|turn|5
|
|t:|1784143359
|cant|p1a: Swampert|slp
|move|p2a: Venusaur|Protect|p2a: Venusaur
|-singleturn|p2a: Venusaur|Protect
|move|p2b: Grimmsnarl|Parting Shot|p1b: Pelipper
|-unboost|p1b: Pelipper|atk|1
|-unboost|p1b: Pelipper|spa|1
|
|t:|1784143362
|switch|p2b: Basculegion|Basculegion, L50, M|100/100|[from] Parting Shot
|move|p1b: Pelipper|Hurricane|p2a: Venusaur
|-activate|p2a: Venusaur|move: Protect
|
|-weather|RainDance|[upkeep]
|upkeep
|turn|6
|
|t:|1784143368
|switch|p2a: Grimmsnarl|Grimmsnarl, L50, M|100/100
|-curestatus|p1a: Swampert|slp|[msg]
|move|p1a: Swampert|Protect|p1a: Swampert
|-singleturn|p1a: Swampert|Protect
|move|p2b: Basculegion|Wave Crash|p1a: Swampert
|-activate|p1a: Swampert|move: Protect
|move|p1b: Pelipper|Hurricane|p2a: Grimmsnarl
|-damage|p2a: Grimmsnarl|70/100
|
|-weather|none
|upkeep
|turn|7
|inactive|328August has 30 seconds left.
|
|t:|1784143394
|switch|p1a: Incineroar|Incineroar, L50, F|66/100
|-ability|p1a: Incineroar|Intimidate|boost
|-unboost|p2a: Grimmsnarl|atk|1
|-unboost|p2b: Basculegion|atk|1
|switch|p2b: Venusaur|Venusaur-Mega, L50, F|49/100
|switch|p1b: Archaludon|Archaludon, L50, M|90/100
|move|p2a: Grimmsnarl|Parting Shot|p1b: Archaludon
|-unboost|p1b: Archaludon|atk|1
|-unboost|p1b: Archaludon|spa|1
|
|t:|1784143397
|switch|p2a: Basculegion|Basculegion, L50, M|100/100|[from] Parting Shot
|
|-sideend|p1: 328August|move: Tailwind
|upkeep
|turn|8
|
|t:|1784143420
|switch|p1a: Pelipper|Pelipper, L50, F|100/100
|-weather|RainDance|[from] ability: Drizzle|[of] p1a: Pelipper
|move|p2a: Basculegion|Last Respects|p1b: Archaludon
|-damage|p1b: Archaludon|43/100
|-ability|p1b: Archaludon|Stamina|boost
|-boost|p1b: Archaludon|def|1
|move|p2b: Venusaur|Earth Power|p1b: Archaludon
|-supereffective|p1b: Archaludon|1
|-damage|p1b: Archaludon|0 fnt
|faint|p1b: Archaludon
|
|-weather|RainDance|[upkeep]
|upkeep
|
|t:|1784143433
|switch|p1b: Swampert|Swampert-Mega, L50, M|100/100
|turn|9
|
|t:|1784143447
|switch|p2a: Grimmsnarl|Grimmsnarl, L50, M|70/100
|move|p2b: Venusaur|Protect|p2b: Venusaur
|-singleturn|p2b: Venusaur|Protect
|move|p1b: Swampert|Wave Crash|p2a: Grimmsnarl
|-damage|p2a: Grimmsnarl|0 fnt
|faint|p2a: Grimmsnarl
|-damage|p1b: Swampert|74/100|[from] Recoil
|move|p1a: Pelipper|Hurricane|p2b: Venusaur
|-activate|p2b: Venusaur|move: Protect
|
|-weather|RainDance|[upkeep]
|upkeep
|
|t:|1784143449
|switch|p2a: Basculegion|Basculegion, L50, M|100/100
|turn|10
|
|t:|1784143459
|switch|p1b: Incineroar|Incineroar, L50, F|66/100
|-ability|p1b: Incineroar|Intimidate|boost
|-unboost|p2a: Basculegion|atk|1
|-unboost|p2b: Venusaur|atk|1
|move|p2a: Basculegion|Wave Crash|p1b: Incineroar
|-supereffective|p1b: Incineroar|1
|-damage|p1b: Incineroar|0 fnt
|faint|p1b: Incineroar
|-damage|p2a: Basculegion|77/100|[from] Recoil
|move|p2b: Venusaur|Sleep Powder|p1a: Pelipper|[miss]
|-miss|p2b: Venusaur|p1a: Pelipper
|move|p1a: Pelipper|Tailwind|p1a: Pelipper
|-sidestart|p1: 328August|move: Tailwind
|
|-weather|RainDance|[upkeep]
|upkeep
|
|t:|1784143473
|switch|p1b: Swampert|Swampert-Mega, L50, M|74/100
|turn|11
|
|t:|1784143478
|move|p1b: Swampert|Earthquake|p2b: Venusaur|[spread] p2a,p2b
|-immune|p1a: Pelipper
|-damage|p2a: Basculegion|24/100
|-damage|p2b: Venusaur|12/100
|move|p2a: Basculegion|Wave Crash|p1b: Swampert
|-damage|p1b: Swampert|7/100
|-damage|p2a: Basculegion|4/100|[from] Recoil
|move|p1a: Pelipper|Hurricane|p2a: Basculegion
|-crit|p2a: Basculegion
|-damage|p2a: Basculegion|0 fnt
|faint|p2a: Basculegion
|move|p2b: Venusaur|Sleep Powder|p1a: Pelipper|[miss]
|-miss|p2b: Venusaur|p1a: Pelipper
|
|-weather|RainDance|[upkeep]
|upkeep
|turn|12
|-message|iwonagainstwolfe forfeited.
|
|win|328August
