|j|☆NeonIsNuts
|j|☆meikh_neiht
|html|NeonIsNutsmeikh_neiht    
|uhtml|bestof|Game 1 of a best-of-3
|t:|1782633630
|gametype|doubles
|player|p1|NeonIsNuts|101|1127
|player|p2|meikh_neiht|lucas|1252
|gen|9
|tier|[Gen 9 Champions] VGC 2026 Reg M-B (Bo3)
|rated|
|rule|Species Clause: Limit one of each Pokémon
|rule|Item Clause: Limit 1 of each item
|clearpoke
|poke|p1|Eelektross, L50, F|
|poke|p1|Garchomp, L50, M|
|poke|p1|Tinkaton, L50, F|
|poke|p1|Serperior, L50, M|
|poke|p1|Blaziken, L50, M|
|poke|p1|Whimsicott, L50, F|
|poke|p2|Staraptor, L50, M|
|poke|p2|Sinistcha, L50|
|poke|p2|Maushold, L50|
|poke|p2|Kingambit, L50, M|
|poke|p2|Sneasler, L50, M|
|poke|p2|Delphox, L50, F|
|teampreview|4
|showteam|p1|Eelektross||Eelektrossite|Levitate|SupercellSlam,Coil,DrainPunch,Liquidation|Jolly||F|||50|]Garchomp||LifeOrb|RoughSkin|Protect,RockSlide,DragonClaw,StompingTantrum|Jolly||M|||50|]Tinkaton||MetalCoat|MoldBreaker|FakeOut,GigatonHammer,Encore,BrickBreak|Careful||F|||50|]Serperior||SitrusBerry|Contrary|DragonPulse,LeafStorm,Substitute,Taunt|Timid||M|||50|]Blaziken||WhiteHerb|SpeedBoost|FlareBlitz,CloseCombat,SwordsDance,Protect|Adamant||M|||50|]Whimsicott||FocusSash|Prankster|Tailwind,HelpingHand,Moonblast,Encore|Timid||F|||50|
|showteam|p2|Staraptor||Staraptite|Intimidate|CloseCombat,BraveBird,Roost,Protect|Adamant||M|||50|]Sinistcha||SitrusBerry|Hospitality|RagePowder,MatchaGotcha,StrengthSap,LifeDew|Calm|||||50|]Maushold||ChopleBerry|FriendGuard|Encore,Charm,FollowMe,Protect|Timid|||||50|]Kingambit||OccaBerry|Defiant|KowtowCleave,SuckerPunch,SwordsDance,Protect|Adamant||M|||50|]Sneasler||WhiteHerb|Unburden|DireClaw,Protect,FakeOut,CloseCombat|Jolly||M|||50|]Delphox||Delphoxite|Blaze|HeatWave,Psyshock,NastyPlot,Protect|Timid||F|||50|
|inactive|Battle timer is ON: inactive players will automatically lose when time's up. (requested by NeonIsNuts)
|inactive|meikh_neiht has 60 seconds left.
|inactive|meikh_neiht has 30 seconds left.
|
|t:|1782633744
|teamsize|p1|4
|teamsize|p2|4
|start
|switch|p1a: Whimsicott|Whimsicott, L50, F|100/100
|switch|p1b: Eelektross|Eelektross, L50, F|100/100
|switch|p2a: Delphox|Delphox, L50, F|100/100
|switch|p2b: Maushold|Maushold, L50|100/100
|turn|1
|
|t:|1782633767
|detailschange|p2a: Delphox|Delphox-Mega, L50, F
|-mega|p2a: Delphox|Delphox|Delphoxite
|detailschange|p1b: Eelektross|Eelektross-Mega, L50, F
|-mega|p1b: Eelektross|Eelektross|Eelektrossite
|move|p1a: Whimsicott|Helping Hand|p1b: Eelektross
|-singleturn|p1b: Eelektross|Helping Hand|[of] p1a: Whimsicott
|move|p2a: Delphox|Nasty Plot|p2a: Delphox
|-boost|p2a: Delphox|spa|2
|move|p2b: Maushold|Charm|p1b: Eelektross
|-unboost|p1b: Eelektross|atk|2
|move|p1b: Eelektross|Drain Punch|p2b: Maushold
|-supereffective|p2b: Maushold|1
|-enditem|p2b: Maushold|Chople Berry|[eat]
|-enditem|p2b: Maushold|Chople Berry|[weaken]
|-damage|p2b: Maushold|73/100
|
|upkeep
|turn|2
|inactive|NeonIsNuts has 30 seconds left.
|inactive|NeonIsNuts has 20 seconds left.
|
|t:|1782633802
|switch|p1b: Blaziken|Blaziken, L50, M|100/100
|move|p2b: Maushold|Follow Me|p2b: Maushold
|-singleturn|p2b: Maushold|move: Follow Me
|move|p1a: Whimsicott|Encore|p2b: Maushold
|-start|p2b: Maushold|Encore
|move|p2a: Delphox|Heat Wave|p1b: Blaziken|[spread] p1a,p1b
|-supereffective|p1a: Whimsicott|1
|-resisted|p1b: Blaziken|1
|-enditem|p1a: Whimsicott|Focus Sash
|-damage|p1a: Whimsicott|1/100
|-damage|p1b: Blaziken|40/100
|
|upkeep
|turn|3
|
|t:|1782633816
|move|p1b: Blaziken|Protect|p1b: Blaziken
|-singleturn|p1b: Blaziken|Protect
|move|p2b: Maushold|Follow Me|p2b: Maushold
|-singleturn|p2b: Maushold|move: Follow Me
|move|p1a: Whimsicott|Tailwind|p1a: Whimsicott
|-sidestart|p1: NeonIsNuts|move: Tailwind
|move|p2a: Delphox|Heat Wave|p1b: Blaziken|[spread] p1a
|-activate|p1b: Blaziken|move: Protect
|-supereffective|p1a: Whimsicott|1
|-damage|p1a: Whimsicott|0 fnt
|faint|p1a: Whimsicott
|
|-ability|p1b: Blaziken|Speed Boost|boost
|-boost|p1b: Blaziken|spe|1
|upkeep
|
|t:|1782633826
|switch|p1a: Eelektross|Eelektross-Mega, L50, F|100/100
|turn|4
|
|t:|1782633835
|move|p2b: Maushold|Follow Me|p2b: Maushold
|-singleturn|p2b: Maushold|move: Follow Me
|move|p1b: Blaziken|Close Combat|p2b: Maushold
|-supereffective|p2b: Maushold|1
|-damage|p2b: Maushold|0 fnt
|-unboost|p1b: Blaziken|def|1
|-unboost|p1b: Blaziken|spd|1
|faint|p2b: Maushold
|-enditem|p1b: Blaziken|White Herb
|-clearnegativeboost|p1b: Blaziken|[silent]
|move|p1a: Eelektross|Liquidation|p2a: Delphox
|-supereffective|p2a: Delphox|1
|-damage|p2a: Delphox|15/100
|-unboost|p2a: Delphox|def|1
|move|p2a: Delphox|Heat Wave|p1a: Eelektross|[spread] p1a,p1b
|-resisted|p1b: Blaziken|1
|-damage|p1a: Eelektross|6/100
|-damage|p1b: Blaziken|0 fnt
|faint|p1b: Blaziken
|
|upkeep
|
|t:|1782633849
|switch|p2b: Sinistcha|Sinistcha, L50|100/100
|switch|p1b: Garchomp|Garchomp, L50, M|100/100
|-heal|p2a: Delphox|40/100|[from] ability: Hospitality|[of] p2b: Sinistcha
|turn|5
|
|t:|1782633863
|move|p2a: Delphox|Protect|p2a: Delphox
|-singleturn|p2a: Delphox|Protect
|move|p1b: Garchomp|Rock Slide|p2a: Delphox|[spread] p2b
|-activate|p2a: Delphox|move: Protect
|-damage|p2b: Sinistcha|76/100
|-damage|p1b: Garchomp|90/100|[from] item: Life Orb
|move|p1a: Eelektross|Supercell Slam|p2b: Sinistcha
|-resisted|p2b: Sinistcha|1
|-damage|p2b: Sinistcha|49/100
|-enditem|p2b: Sinistcha|Sitrus Berry|[eat]
|-heal|p2b: Sinistcha|74/100|[from] item: Sitrus Berry
|move|p2b: Sinistcha|Matcha Gotcha|p1a: Eelektross|[spread] p1b
|-miss|p2b: Sinistcha|p1a: Eelektross
|-damage|p1b: Garchomp|65/100
|-heal|p2b: Sinistcha|88/100|[from] drain|[of] p1b: Garchomp
|
|upkeep
|turn|6
|inactive|NeonIsNuts has 30 seconds left.
|
|t:|1782633889
|move|p2a: Delphox|Protect||[still]
|-fail|p2a: Delphox
|move|p1b: Garchomp|Rock Slide|p2a: Delphox|[spread] p2a,p2b
|-supereffective|p2a: Delphox|1
|-damage|p2a: Delphox|0 fnt
|-damage|p2b: Sinistcha|62/100
|faint|p2a: Delphox
|-damage|p1b: Garchomp|55/100|[from] item: Life Orb
|move|p1a: Eelektross|Supercell Slam|p2b: Sinistcha
|-resisted|p2b: Sinistcha|1
|-damage|p2b: Sinistcha|37/100
|move|p2b: Sinistcha|Matcha Gotcha|p1b: Garchomp|[spread] p1a,p1b
|-damage|p1a: Eelektross|0 fnt
|-heal|p2b: Sinistcha|41/100|[from] drain|[of] p1a: Eelektross
|-damage|p1b: Garchomp|26/100
|-heal|p2b: Sinistcha|57/100|[from] drain|[of] p1b: Garchomp
|faint|p1a: Eelektross
|
|-sideend|p1: NeonIsNuts|move: Tailwind
|upkeep
|
|t:|1782633892
|switch|p2a: Sneasler|Sneasler, L50, M|100/100
|turn|7
|
|t:|1782633900
|move|p2a: Sneasler|Fake Out|p1b: Garchomp
|-damage|p1b: Garchomp|11/100
|-damage|p2a: Sneasler|87/100|[from] ability: Rough Skin|[of] p1b: Garchomp
|cant|p1b: Garchomp|flinch
|move|p2b: Sinistcha|Matcha Gotcha|p1b: Garchomp
|-damage|p1b: Garchomp|0 fnt
|-heal|p2b: Sinistcha|63/100|[from] drain|[of] p1b: Garchomp
|faint|p1b: Garchomp
|
|win|meikh_neiht
||NeonIsNuts is ready for game 2.
||meikh_neiht is ready for game 2.
|uhtml|next|Next: Game 2 of 3
|l|☆NeonIsNuts
|player|p1|
