|j|☆friegg
|j|‽bumtimeron
|html|frieggbumtimeron    
|uhtml|bestof|Game 2 of a best-of-3
|t:|1786060945
|gametype|doubles
|player|p1|friegg|plasmagrunt|
|player|p2|bumtimeron|hooligans|
|gen|9
|tier|[Gen 9 Champions] VGC 2026 Reg M-B (Bo3)
|rule|Species Clause: Limit one of each Pokémon
|rule|Item Clause: Limit 1 of each item
|clearpoke
|poke|p1|Charizard, L50, M|
|poke|p1|Kingambit, L50, M|
|poke|p1|Aerodactyl, L50, F|
|poke|p1|Mamoswine, L50, M|
|poke|p1|Typhlosion-Hisui, L50, M|
|poke|p1|Morpeko, L50, F|
|poke|p2|Sneasler, L50, M, shiny|
|poke|p2|Aerodactyl, L50, F, shiny|
|poke|p2|Excadrill, L50, F|
|poke|p2|Aegislash, L50, M, shiny|
|poke|p2|Armarouge, L50, M, shiny|
|poke|p2|Stunfisk, L50, F, shiny|
|teampreview|4
|showteam|p1|Charizard||CharizarditeY|Blaze|WeatherBall,HeatWave,SolarBeam,Protect|Timid||M|||50|]Kingambit||ChopleBerry|SupremeOverlord|IronHead,ZenHeadbutt,SuckerPunch,Protect|Impish||M|||50|]Aerodactyl||FocusSash|Unnerve|RockSlide,DualWingbeat,Tailwind,Protect|Jolly||F|||50|]Mamoswine||LifeOrb|ThickFat|HighHorsepower,IcicleCrash,Superpower,Protect|Adamant||M|||50|]Typhlosion-Hisui||ChoiceScarf|Frisk|Eruption,Overheat,ShadowBall,SolarBeam|Modest||M|||50|]Morpeko||ExpertBelt|HungerSwitch|AuraWheel,FakeOut,PartingShot,Protect|Jolly||F|||50|
|showteam|p2|Sneasler||FocusSash|Unburden|CloseCombat,DireClaw,FakeOut,Protect|Adamant||M|||50|]Aerodactyl||Aerodactylite|Unnerve|RockSlide,DualWingbeat,Tailwind,Protect|Jolly||F|||50|]Excadrill||ChoiceScarf|MoldBreaker|HighHorsepower,RockSlide,IronHead,Megahorn|Jolly||F|||50|]Aegislash||Leftovers|StanceChange|FlashCannon,ShadowBall,CloseCombat,KingsShield|Sassy||M|||50|]Armarouge||LifeOrb|WeakArmor|ArmorCannon,Psychic,EnergyBall,Protect|Modest||M|||50|]Stunfisk||SitrusBerry|Static|EarthPower,Thunderbolt,SludgeBomb,Protect|Calm||F|||50|
|
|t:|1786060969
|teamsize|p1|4
|teamsize|p2|4
|start
|switch|p1a: Watch|Mamoswine, L50, M|100/100
|switch|p1b: Banana|Kingambit, L50, M|100/100
|switch|p2a: Sneasler|Sneasler, L50, M, shiny|100/100
|switch|p2b: Aerodactyl|Aerodactyl, L50, F, shiny|100/100
|-ability|p2b: Aerodactyl|Unnerve
|turn|1
|
|t:|1786061001
|move|p2b: Aerodactyl|Protect|p2b: Aerodactyl
|-singleturn|p2b: Aerodactyl|Protect
|move|p2a: Sneasler|Close Combat|p1b: Banana
|-supereffective|p1b: Banana|2
|-damage|p1b: Banana|0 fnt
|-unboost|p2a: Sneasler|def|1
|-unboost|p2a: Sneasler|spd|1
|faint|p1b: Banana
|-end|p1b: Banana|fallenundefined|[silent]
|move|p1a: Watch|Icicle Crash|p2b: Aerodactyl
|-activate|p2b: Aerodactyl|move: Protect
|
|upkeep
|
|t:|1786061032
|switch|p1b: Me|Typhlosion-Hisui, L50, M|100/100
|-item|p2a: Sneasler|Focus Sash|[from] ability: Frisk|[of] p1b: Me
|-item|p2b: Aerodactyl|Aerodactylite|[from] ability: Frisk|[of] p1b: Me
|turn|2
|
|t:|1786061066
|switch|p2a: Armarouge|Armarouge, L50, M, shiny|100/100
|detailschange|p2b: Aerodactyl|Aerodactyl-Mega, L50, F, shiny
|-mega|p2b: Aerodactyl|Aerodactyl|Aerodactylite
|move|p2b: Aerodactyl|Tailwind|p2b: Aerodactyl
|-sidestart|p2: bumtimeron|move: Tailwind
|move|p1b: Me|Eruption|p2b: Aerodactyl|[spread] p2a,p2b
|-resisted|p2a: Armarouge|1
|-resisted|p2b: Aerodactyl|1
|-damage|p2a: Armarouge|62/100
|-damage|p2b: Aerodactyl|61/100
|move|p1a: Watch|High Horsepower|p2a: Armarouge
|-supereffective|p2a: Armarouge|1
|-damage|p2a: Armarouge|0 fnt
|faint|p2a: Armarouge
|-damage|p1a: Watch|90/100|[from] item: Life Orb
|
|upkeep
|
|t:|1786061079
|switch|p2a: Sneasler|Sneasler, L50, M, shiny|100/100
|turn|3
|
|t:|1786061087
|switch|p1b: Put|Charizard, L50, M|100/100
|move|p2a: Sneasler|Fake Out|p1a: Watch
|-damage|p1a: Watch|72/100
|move|p2b: Aerodactyl|Rock Slide|p1b: Put|[spread] p1a,p1b
|-supereffective|p1b: Put|2
|-damage|p1a: Watch|40/100
|-damage|p1b: Put|0 fnt
|faint|p1b: Put
|cant|p1a: Watch|flinch
|
|upkeep
|
|t:|1786061095
|switch|p1b: Me|Typhlosion-Hisui, L50, M|100/100
|-item|p2a: Sneasler|Focus Sash|[from] ability: Frisk|[of] p1b: Me
|-item|p2b: Aerodactyl|Aerodactylite|[from] ability: Frisk|[of] p1b: Me
|turn|4
|
|t:|1786061118
|move|p1a: Watch|Protect|p1a: Watch
|-singleturn|p1a: Watch|Protect
|move|p2b: Aerodactyl|Rock Slide|p1a: Watch|[spread] p1b
|-activate|p1a: Watch|move: Protect
|-supereffective|p1b: Me|1
|-damage|p1b: Me|21/100
|move|p2a: Sneasler|Close Combat|p1a: Watch
|-activate|p1a: Watch|move: Protect
|cant|p1b: Me|flinch
|
|upkeep
|turn|5
|
|t:|1786061139
|move|p2b: Aerodactyl|Rock Slide|p1a: Watch|[spread] p1a,p1b
|-crit|p1a: Watch
|-supereffective|p1b: Me|1
|-damage|p1a: Watch|0 fnt
|-damage|p1b: Me|0 fnt
|faint|p1a: Watch
|faint|p1b: Me
|
|win|bumtimeron
