|j|☆PotatoEnri
|j|☆pizzamemes123
|html|PotatoEnripizzamemes123    
|uhtml|bestof|Game 2 of a best-of-3
|t:|1782708930
|gametype|doubles
|player|p1|PotatoEnri|parasollady|1045
|player|p2|pizzamemes123|steven|1161
|gen|9
|tier|[Gen 9 Champions] VGC 2026 Reg M-B (Bo3)
|rated|
|rule|Species Clause: Limit one of each Pokémon
|rule|Item Clause: Limit 1 of each item
|clearpoke
|poke|p1|Gengar, L50, M, shiny|
|poke|p1|Politoed, L50, M, shiny|
|poke|p1|Incineroar, L50, F, shiny|
|poke|p1|Archaludon, L50, M, shiny|
|poke|p1|Floette-Eternal, L50, F|
|poke|p1|Grimmsnarl, L50, M, shiny|
|poke|p2|Froslass, L50, F|
|poke|p2|Kingambit, L50, M, shiny|
|poke|p2|Basculegion, L50, M|
|poke|p2|Sneasler, L50, F, shiny|
|poke|p2|Arcanine-Hisui, L50, M|
|poke|p2|Farigiraf, L50, M, shiny|
|teampreview|4
|showteam|p1|Gengar||Gengarite|CursedBody|PerishSong,ShadowBall,DestinyBond,Protect|Calm||M|||50|]Politoed||Leftovers|Drizzle|PerishSong,WeatherBall,HelpingHand,Protect|Bold||M|||50|]Incineroar||SitrusBerry|Intimidate|FakeOut,PartingShot,FlareBlitz,Protect|Impish||F|||50|]Archaludon||QuickClaw|Stalwart|ElectroShot,DracoMeteor,FlashCannon,Protect|Modest||M|||50|]Floette-Eternal||Floettite|FlowerVeil|DrainingKiss,LightofRuin,DazzlingGleam,Protect|Modest||F|||50|]Grimmsnarl||FairyFeather|Prankster|FakeOut,PartingShot,SpiritBreak,Protect|Impish||M|||50|
|showteam|p2|Froslass||Froslassite|CursedBody|Blizzard,ShadowBall,AuroraVeil,Protect|Timid||F|||50|]Kingambit||BlackGlasses|Defiant|SuckerPunch,KowtowCleave,SwordsDance,Protect|Adamant||M|||50|]Basculegion||LifeOrb|Adaptability|WaveCrash,LastRespects,AquaJet,Protect|Adamant||M|||50|]Sneasler||WhiteHerb|Unburden|FakeOut,CloseCombat,DireClaw,Protect|Jolly||F|||50|]Arcanine-Hisui||FocusSash|RockHead|FlareBlitz,HeadSmash,RockSlide,Protect|Jolly||M|||50|]Farigiraf||SitrusBerry|ArmorTail|Psychic,Thunderbolt,HelpingHand,TrickRoom|Bold||M|||50|
|inactive|Battle timer is ON: inactive players will automatically lose when time's up. (requested by PotatoEnri)
|inactive|pizzamemes123 has 60 seconds left.
|
|t:|1782708964
|teamsize|p1|4
|teamsize|p2|4
|start
|switch|p1a: Floette|Floette-Eternal, L50, F|100/100
|switch|p1b: Grimmsnarl|Grimmsnarl, L50, M, shiny|100/100
|switch|p2a: Sneasler|Sneasler, L50, F, shiny|100/100
|switch|p2b: Kingambit|Kingambit, L50, M, shiny|100/100
|turn|1
|
|t:|1782708983
|detailschange|p1a: Floette|Floette-Mega, L50, F
|-mega|p1a: Floette|Floette|Floettite
|-ability|p1a: Floette|Fairy Aura
|move|p1b: Grimmsnarl|Protect|p1b: Grimmsnarl
|-singleturn|p1b: Grimmsnarl|Protect
|move|p1a: Floette|Protect|p1a: Floette
|-singleturn|p1a: Floette|Protect
|move|p2a: Sneasler|Fake Out|p1a: Floette
|-activate|p1a: Floette|move: Protect
|move|p2b: Kingambit|Swords Dance|p2b: Kingambit
|-boost|p2b: Kingambit|atk|2
|
|upkeep
|turn|2
|
|t:|1782709004
|move|p2a: Sneasler|Dire Claw|p1a: Floette
|-supereffective|p1a: Floette|1
|-damage|p1a: Floette|19/100
|move|p1a: Floette|Light of Ruin|p2b: Kingambit
|-damage|p2b: Kingambit|0 fnt
|faint|p2b: Kingambit
|-damage|p1a: Floette|0 fnt|[from] Recoil
|faint|p1a: Floette
|move|p1b: Grimmsnarl|Spirit Break|p2a: Sneasler
|-damage|p2a: Sneasler|42/100
|-unboost|p2a: Sneasler|spa|1
|-enditem|p2a: Sneasler|White Herb
|-clearnegativeboost|p2a: Sneasler|[silent]
|
|upkeep
|
|t:|1782709021
|switch|p1a: Archaludon|Archaludon, L50, M, shiny|100/100
|switch|p2b: Farigiraf|Farigiraf, L50, M, shiny|100/100
|turn|3
|-activate|p1a: Archaludon|item: Quick Claw
|
|t:|1782709040
|move|p2b: Farigiraf|Helping Hand|p2a: Sneasler
|-singleturn|p2a: Sneasler|Helping Hand|[of] p2b: Farigiraf
|move|p1a: Archaludon|Protect|p1a: Archaludon
|-singleturn|p1a: Archaludon|Protect
|move|p2a: Sneasler|Close Combat|p1a: Archaludon
|-activate|p1a: Archaludon|move: Protect
|move|p1b: Grimmsnarl|Spirit Break|p2a: Sneasler
|-damage|p2a: Sneasler|0 fnt
|faint|p2a: Sneasler
|
|upkeep
|
|t:|1782709045
|switch|p2a: Basculegion|Basculegion, L50, M|100/100
|turn|4
|
|t:|1782709059
|switch|p1b: Politoed|Politoed, L50, M, shiny|100/100
|-weather|RainDance|[from] ability: Drizzle|[of] p1b: Politoed
|move|p2b: Farigiraf|Helping Hand|p2a: Basculegion
|-singleturn|p2a: Basculegion|Helping Hand|[of] p2b: Farigiraf
|move|p2a: Basculegion|Last Respects|p1a: Archaludon
|-damage|p1a: Archaludon|0 fnt
|faint|p1a: Archaludon
|-damage|p2a: Basculegion|90/100|[from] item: Life Orb
|
|-weather|RainDance|[upkeep]
|upkeep
|
|t:|1782709063
|switch|p1a: Grimmsnarl|Grimmsnarl, L50, M, shiny|100/100
|turn|5
|
|t:|1782709082
|move|p2b: Farigiraf|Helping Hand|p2a: Basculegion
|-singleturn|p2a: Basculegion|Helping Hand|[of] p2b: Farigiraf
|move|p2a: Basculegion|Last Respects|p1b: Politoed
|-damage|p1b: Politoed|0 fnt
|faint|p1b: Politoed
|-damage|p2a: Basculegion|80/100|[from] item: Life Orb
|move|p1a: Grimmsnarl|Spirit Break|p2a: Basculegion
|-damage|p2a: Basculegion|42/100
|-unboost|p2a: Basculegion|spa|1
|
|-weather|RainDance|[upkeep]
|upkeep
|turn|6
|
|t:|1782709090
|move|p2b: Farigiraf|Helping Hand|p2a: Basculegion
|-singleturn|p2a: Basculegion|Helping Hand|[of] p2b: Farigiraf
|move|p2a: Basculegion|Wave Crash|p1a: Grimmsnarl
|-damage|p1a: Grimmsnarl|0 fnt
|faint|p1a: Grimmsnarl
|-damage|p2a: Basculegion|11/100|[from] Recoil
|-damage|p2a: Basculegion|1/100|[from] item: Life Orb
|
|win|pizzamemes123
|raw|PotatoEnri's rating: 1045 → 1034(-11 for losing)
|raw|pizzamemes123's rating: 1161 → 1178(+17 for winning)
