|j|☆oscraft89
|j|☆SRareFox
|html|oscraft89SRareFox    
|uhtml|bestof|Game 1 of a best-of-3
|t:|1757168916
|gametype|doubles
|player|p1|oscraft89|1|1333
|player|p2|SRareFox|169|1302
|gen|9
|tier|[Gen 9] VGC 2025 Reg H (Bo3)
|rated|
|rule|Species Clause: Limit one of each Pokémon
|rule|Item Clause: Limit 1 of each item
|clearpoke
|poke|p1|Porygon2, L50|
|poke|p1|Incineroar, L50, F|
|poke|p1|Jumpluff, L50, F|
|poke|p1|Charizard, L50, M|
|poke|p1|Ursaluna, L50, F|
|poke|p1|Torkoal, L50, F|
|poke|p2|Hatterene, L50, F|
|poke|p2|Indeedee-F, L50, F|
|poke|p2|Gallade, L50, M|
|poke|p2|Ursaluna, L50, F|
|poke|p2|Torkoal, L50, M|
|poke|p2|Porygon2, L50|
|teampreview|4
|showteam|p1|Porygon2||Eviolite|Download|TeraBlast,IceBeam,Recover,TrickRoom||||||50|,,,,,Fighting]Incineroar||SitrusBerry|Intimidate|FakeOut,FlareBlitz,KnockOff,PartingShot|||F|||50|,,,,,Ghost]Jumpluff||CovertCloak|Chlorophyll|SleepPowder,Tailwind,SunnyDay,RagePowder|||F|||50|,,,,,Water]Charizard||ChoiceSpecs|SolarPower|HeatWave,WeatherBall,DragonPulse,Overheat|||M|||50|,,,,,Ghost]Ursaluna||FlameOrb|Guts|Protect,Earthquake,HeadlongRush,Facade|||F|||50|,,,,,Ghost]Torkoal||EjectPack|Drought|Eruption,Overheat,HelpingHand,Protect|||F|||50|,,,,,Fire
|showteam|p2|Hatterene||LifeOrb|MagicBounce|ExpandingForce,DazzlingGleam,TrickRoom,MysticalFire|||F|||50|,,,,,Fire]Indeedee-F||SafetyGoggles|PsychicSurge|Psychic,FollowMe,TrickRoom,HelpingHand|||F|||50|,,,,,Water]Gallade||ClearAmulet|Sharpness|PsychoCut,SacredSword,TrickRoom,WideGuard|||M|||50|,,,,,Grass]Ursaluna||FlameOrb|Guts|Facade,HeadlongRush,Earthquake,Protect|||F|||50|,,,,,Ghost]Torkoal||Charcoal|Drought|Eruption,WeatherBall,ClearSmog,Protect|||M|||50|,,,,,Fire]Porygon2||Eviolite|Download|IceBeam,TeraBlast,TrickRoom,Recover||||||50|,,,,,Flying
|inactive|Battle timer is ON: inactive players will automatically lose when time's up. (requested by SRareFox)
|inactive|oscraft89 has 60 seconds left.
|inactive|SRareFox has 60 seconds left.
|
|t:|1757168958
|teamsize|p1|4
|teamsize|p2|4
|start
|switch|p1a: Charizard|Charizard, L50, M|100/100
|switch|p1b: Ursaluna|Ursaluna, L50, F|100/100
|switch|p2a: Indeedee|Indeedee-F, L50, F|100/100
|switch|p2b: Gallade|Gallade, L50, M|100/100
|-fieldstart|move: Psychic Terrain|[from] ability: Psychic Surge|[of] p2a: Indeedee
|turn|1
|inactive|SRareFox has 30 seconds left.
|inactive|SRareFox has 20 seconds left.
|inactive|SRareFox has 15 seconds left.
|
|t:|1757168998
|switch|p1b: Torkoal|Torkoal, L50, F|100/100
|-weather|SunnyDay|[from] ability: Drought|[of] p1b: Torkoal
|-terastallize|p2a: Indeedee|Water
|move|p1a: Charizard|Weather Ball|p2a: Indeedee
|-resisted|p2a: Indeedee
|-damage|p2a: Indeedee|31/100
|move|p2b: Gallade|Psycho Cut|p1a: Charizard
|-damage|p1a: Charizard|0 fnt
|faint|p1a: Charizard
|move|p2a: Indeedee|Trick Room|p2a: Indeedee
|-fieldstart|move: Trick Room|[of] p2a: Indeedee
|
|-weather|SunnyDay|[upkeep]
|upkeep
|
|t:|1757169012
|switch|p1a: Ursaluna|Ursaluna, L50, F|100/100
|turn|2
|inactive|SRareFox has 30 seconds left.
|
|t:|1757169046
|move|p2a: Indeedee|Follow Me|p2a: Indeedee
|-singleturn|p2a: Indeedee|move: Follow Me
|move|p1b: Torkoal|Overheat|p2a: Indeedee
|-resisted|p2a: Indeedee
|-damage|p2a: Indeedee|0 fnt
|-unboost|p1b: Torkoal|spa|2
|faint|p2a: Indeedee
|-enditem|p1b: Torkoal|Eject Pack
|
|t:|1757169054
|switch|p1b: Porygon2|Porygon2, L50|100/100
|-ability|p1b: Porygon2|Download|boost
|-boost|p1b: Porygon2|atk|1
|move|p2b: Gallade|Sacred Sword|p1b: Porygon2
|-supereffective|p1b: Porygon2
|-damage|p1b: Porygon2|4/100
|move|p1a: Ursaluna|Facade|p2b: Gallade
|-damage|p2b: Gallade|40/100
|
|-weather|SunnyDay|[upkeep]
|-status|p1a: Ursaluna|brn|[from] item: Flame Orb
|upkeep
|
|t:|1757169072
|switch|p2a: Hatterene|Hatterene, L50, F|100/100
|turn|3
|
|t:|1757169083
|move|p1a: Ursaluna|Protect|p1a: Ursaluna
|-singleturn|p1a: Ursaluna|Protect
|move|p2a: Hatterene|Expanding Force|p1a: Ursaluna|[spread] p1b
|-activate|p1a: Ursaluna|move: Protect
|-damage|p1b: Porygon2|0 fnt
|faint|p1b: Porygon2
|-damage|p2a: Hatterene|91/100|[from] item: Life Orb
|move|p2b: Gallade|Psycho Cut|p1a: Ursaluna
|-activate|p1a: Ursaluna|move: Protect
|
|-weather|SunnyDay|[upkeep]
|-damage|p1a: Ursaluna|95/100 brn|[from] brn
|upkeep
|
|t:|1757169089
|switch|p1b: Torkoal|Torkoal, L50, F|100/100
|turn|4
|
|t:|1757169106
|move|p2b: Gallade|Wide Guard|p2b: Gallade
|-singleturn|p2b: Gallade|Wide Guard
|move|p1b: Torkoal|Eruption|p2a: Hatterene|[spread] 
|-activate|p2a: Hatterene|move: Wide Guard
|-activate|p2b: Gallade|move: Wide Guard
|move|p2a: Hatterene|Expanding Force|p1b: Torkoal|[spread] p1a,p1b
|-damage|p1a: Ursaluna|7/100 brn
|-damage|p1b: Torkoal|0 fnt
|faint|p1b: Torkoal
|-damage|p2a: Hatterene|81/100|[from] item: Life Orb
|move|p1a: Ursaluna|Facade|p2a: Hatterene
|-damage|p2a: Hatterene|0 fnt
|faint|p2a: Hatterene
|
|-weather|SunnyDay|[upkeep]
|-damage|p1a: Ursaluna|1/100 brn|[from] brn
|upkeep
|
|t:|1757169119
|switch|p2a: Porygon2|Porygon2, L50|100/100
|-ability|p2a: Porygon2|Download|boost
|-boost|p2a: Porygon2|spa|1
|turn|5
|
|t:|1757169123
|-terastallize|p1a: Ursaluna|Ghost
|move|p2a: Porygon2|Ice Beam|p1a: Ursaluna
|-crit|p1a: Ursaluna
|-damage|p1a: Ursaluna|0 fnt
|faint|p1a: Ursaluna
|
|win|SRareFox
||oscraft89 is ready for game 2.
