|j|â˜†Darkan33
|j|â˜†HunterOnShowdown
|html|Darkan33HunterOnShowdown    
|uhtml|bestof|Game 1 of a best-of-3
|t:|1757015800
|gametype|doubles
|player|p1|Darkan33|veteran|1112
|player|p2|HunterOnShowdown|hilbert-masters2|1196
|gen|9
|tier|[Gen 9] VGC 2025 Reg H (Bo3)
|rated|
|rule|Species Clause: Limit one of each PokÃ©mon
|rule|Item Clause: Limit 1 of each item
|clearpoke
|poke|p1|Kingdra, L50, F|
|poke|p1|Pelipper, L50, M|
|poke|p1|Garchomp, L50, M|
|poke|p1|Breloom, L50, F|
|poke|p1|Archaludon, L50, F|
|poke|p1|Grimmsnarl, L50, M|
|poke|p2|Volcarona, L50, F|
|poke|p2|Dragonite, L50, M|
|poke|p2|Sneasler, L50, M|
|poke|p2|Meowscarada, L50, M|
|poke|p2|Kingambit, L50, M|
|poke|p2|Electabuzz, L50, F|
|teampreview|4
|showteam|p1|Kingdra||LifeOrb|SwiftSwim|MuddyWater,DracoMeteor,Hurricane,Protect|||F|||50|,,,,,Stellar]Pelipper||CovertCloak|Drizzle|WeatherBall,Hurricane,WideGuard,Tailwind|||M|||50|,,,,,Ghost]Garchomp||LoadedDice|RoughSkin|ScaleShot,Protect,StompingTantrum,Earthquake|||M|||50|,,,,,Steel]Breloom||FocusSash|Technician|MachPunch,BulletSeed,Spore,Protect|||F|||50|,,,,,Steel]Archaludon||AssaultVest|Stamina|BodyPress,FlashCannon,ElectroShot,DragonPulse|||F|||50|,,,,,Grass]Grimmsnarl||LightClay|Prankster|LightScreen,Reflect,SpiritBreak,ThunderWave|||M|||50|,,,,,Ghost
|showteam|p2|Volcarona||Leftovers|FlameBody|FieryDance,QuiverDance,TeraBlast,Protect|||F|||50|,,,,,Dragon]Dragonite||LoadedDice|Multiscale|Haze,ScaleShot,StompingTantrum,Protect|||M|||50|,,,,,Fairy]Sneasler||WhiteHerb|Unburden|Coaching,CloseCombat,DireClaw,FakeOut|||M|||50|,,,,,Ghost]Meowscarada||FocusSash|Overgrow|KnockOff,FlowerTrick,TripleAxel,Protect|||M|||50|,,,,,Ghost]Kingambit||BlackGlasses|Defiant|SuckerPunch,KowtowCleave,SwordsDance,Protect|||M|||50|,,,,,Dark]Electabuzz||Eviolite|VitalSpirit|Taunt,Electroweb,FollowMe,Protect|||F|||50|,,,,,Ghost
|inactive|Battle timer is ON: inactive players will automatically lose when time's up. (requested by HunterOnShowdown)
|j| roman_legend
|inactive|Darkan33 has 60 seconds left.
|inactive|HunterOnShowdown has 60 seconds left.
|inactive|Darkan33 has 30 seconds left.
|inactive|HunterOnShowdown has 30 seconds left.
|inactive|HunterOnShowdown has 20 seconds left.
|inactive|HunterOnShowdown has 15 seconds left.
|inactive|HunterOnShowdown has 10 seconds left.
|
|t:|1757015881
|teamsize|p1|4
|teamsize|p2|4
|start
|switch|p1a: Garchomp|Garchomp, L50, M|100/100
|switch|p1b: Grimmsnarl|Grimmsnarl, L50, M|100/100
|switch|p2a: Volcarona|Volcarona, L50, F|100/100
|switch|p2b: Electabuzz|Electabuzz, L50, F|100/100
|turn|1
|
|t:|1757015902
|switch|p1b: Pelipper|Pelipper, L50, M, shiny|100/100
|-weather|RainDance|[from] ability: Drizzle|[of] p1b: Pelipper
|move|p1a: Garchomp|Earthquake|p2a: Volcarona|[spread] p2a,p2b
|-immune|p1b: Pelipper
|-supereffective|p2b: Electabuzz
|-damage|p2a: Volcarona|54/100
|-damage|p2b: Electabuzz|40/100
|move|p2a: Volcarona|Quiver Dance|p2a: Volcarona
|-boost|p2a: Volcarona|spa|1
|-boost|p2a: Volcarona|spd|1
|-boost|p2a: Volcarona|spe|1
|move|p2b: Electabuzz|Taunt|p1b: Pelipper
|-start|p1b: Pelipper|move: Taunt
|
|-weather|RainDance|[upkeep]
|-heal|p2a: Volcarona|60/100|[from] item: Leftovers
|upkeep
|turn|2
|inactive|HunterOnShowdown has 30 seconds left.
|inactive|Darkan33 has 30 seconds left.
|inactive|HunterOnShowdown has 20 seconds left.
|inactive|Darkan33 has 20 seconds left.
|inactive|HunterOnShowdown has 15 seconds left.
|
|t:|1757015946
|-terastallize|p2a: Volcarona|Dragon
|-terastallize|p1a: Garchomp|Steel
|move|p2a: Volcarona|Tera Blast|p1a: Garchomp|[anim] Tera Blast Dragon
|-resisted|p1a: Garchomp
|-damage|p1a: Garchomp|72/100
|move|p1a: Garchomp|Stomping Tantrum|p2a: Volcarona
|-damage|p2a: Volcarona|14/100
|move|p2b: Electabuzz|Electroweb|p1a: Garchomp|[spread] p1a,p1b
|-supereffective|p1b: Pelipper
|-damage|p1a: Garchomp|58/100
|-damage|p1b: Pelipper|6/100
|-unboost|p1a: Garchomp|spe|1
|move|p1b: Pelipper|Hurricane|p2a: Volcarona
|-damage|p2a: Volcarona|0 fnt
|faint|p2a: Volcarona
|
|-weather|RainDance|[upkeep]
|upkeep
|
|t:|1757015953
|switch|p2a: Meowscarada|Meowscarada, L50, M|100/100
|turn|3
|inactive|Darkan33 has 30 seconds left.
|
|t:|1757015983
|move|p2a: Meowscarada|Knock Off|p1a: Garchomp
|-damage|p1a: Garchomp|13/100
|-damage|p2a: Meowscarada|88/100|[from] ability: Rough Skin|[of] p1a: Garchomp
|-enditem|p1a: Garchomp|Loaded Dice|[from] move: Knock Off|[of] p2a: Meowscarada
|move|p2b: Electabuzz|Electroweb|p1b: Pelipper|[spread] p1a,p1b
|-supereffective|p1b: Pelipper
|-damage|p1a: Garchomp|0 fnt
|-damage|p1b: Pelipper|0 fnt
|faint|p1a: Garchomp
|faint|p1b: Pelipper
|
|-weather|RainDance|[upkeep]
|upkeep
|
|t:|1757015990
|switch|p1a: Grimmsnarl|Grimmsnarl, L50, M|100/100
|switch|p1b: Archaludon|Archaludon, L50, F|100/100
|turn|4
|inactive|Darkan33 has 30 seconds left.
|
|t:|1757016021
|move|p1a: Grimmsnarl|Reflect|p1a: Grimmsnarl
|-sidestart|p1: Darkan33|Reflect
|move|p2a: Meowscarada|Flower Trick|p1a: Grimmsnarl
|-crit|p1a: Grimmsnarl
|-damage|p1a: Grimmsnarl|56/100
|move|p2b: Electabuzz|Taunt|p1a: Grimmsnarl
|-start|p1a: Grimmsnarl|move: Taunt
|move|p1b: Archaludon|Dragon Pulse|p2a: Meowscarada
|-damage|p2a: Meowscarada|25/100
|
|-weather|RainDance|[upkeep]
|upkeep
|turn|5
|
|t:|1757016034
|move|p2b: Electabuzz|Follow Me|p2b: Electabuzz
|-singleturn|p2b: Electabuzz|move: Follow Me
|move|p2a: Meowscarada|Flower Trick|p1a: Grimmsnarl
|-crit|p1a: Grimmsnarl
|-damage|p1a: Grimmsnarl|0 fnt
|faint|p1a: Grimmsnarl
|move|p1b: Archaludon|Dragon Pulse|p2b: Electabuzz
|-damage|p2b: Electabuzz|8/100
|
|-weather|none
|upkeep
|turn|6
|
|t:|1757016045
|move|p2b: Electabuzz|Follow Me|p2b: Electabuzz
|-singleturn|p2b: Electabuzz|move: Follow Me
|move|p2a: Meowscarada|Knock Off|p1b: Archaludon
|-damage|p1b: Archaludon|78/100
|-ability|p1b: Archaludon|Stamina|boost
|-boost|p1b: Archaludon|def|1
|-enditem|p1b: Archaludon|Assault Vest|[from] move: Knock Off|[of] p2a: Meowscarada
|move|p1b: Archaludon|Dragon Pulse|p2b: Electabuzz
|-damage|p2b: Electabuzz|0 fnt
|faint|p2b: Electabuzz
|
|upkeep
|
|t:|1757016048
|switch|p2b: Dragonite|Dragonite, L50, M|100/100
|turn|7
|inactive|HunterOnShowdown has 30 seconds left.
|
|t:|1757016073
|move|p2a: Meowscarada|Knock Off|p1b: Archaludon
|-damage|p1b: Archaludon|67/100
|-ability|p1b: Archaludon|Stamina|boost
|-boost|p1b: Archaludon|def|1
|move|p2b: Dragonite|Haze|p2b: Dragonite
|-clearallboost
|move|p1b: Archaludon|Dragon Pulse|p2b: Dragonite
|-supereffective|p2b: Dragonite
|-damage|p2b: Dragonite|53/100
|
|upkeep
|turn|8
|
|t:|1757016084
|move|p2a: Meowscarada|Knock Off|p1b: Archaludon
|-damage|p1b: Archaludon|51/100
|-ability|p1b: Archaludon|Stamina|boost
|-boost|p1b: Archaludon|def|1
|move|p2b: Dragonite|Stomping Tantrum|p1b: Archaludon
|-supereffective|p1b: Archaludon
|-damage|p1b: Archaludon|32/100
|-ability|p1b: Archaludon|Stamina|boost
|-boost|p1b: Archaludon|def|1
|move|p1b: Archaludon|Dragon Pulse|p2b: Dragonite
|-supereffective|p2b: Dragonite
|-damage|p2b: Dragonite|0 fnt
|faint|p2b: Dragonite
|
|upkeep
|turn|9
|
|t:|1757016095
|move|p2a: Meowscarada|Protect|p2a: Meowscarada
|-singleturn|p2a: Meowscarada|Protect
|move|p1b: Archaludon|Dragon Pulse|p2a: Meowscarada
|-activate|p2a: Meowscarada|move: Protect
|
|upkeep
|turn|10
|
|t:|1757016105
|move|p2a: Meowscarada|Protect||[still]
|-fail|p2a: Meowscarada
|move|p1b: Archaludon|Body Press|p2a: Meowscarada
|-supereffective|p2a: Meowscarada
|-damage|p2a: Meowscarada|0 fnt
|faint|p2a: Meowscarada
|
|win|Darkan33
||HunterOnShowdown is ready for game 2.
