|j|☆wittraid
|j|☆veryreally
|html|wittraidveryreally    
|uhtml|bestof|Game 1 of a best-of-3
|t:|1756996608
|gametype|doubles
|player|p1|wittraid|101|1140
|player|p2|veryreally|2|1203
|gen|9
|tier|[Gen 9] VGC 2025 Reg H (Bo3)
|rated|
|rule|Species Clause: Limit one of each Pokémon
|rule|Item Clause: Limit 1 of each item
|clearpoke
|poke|p1|Pelipper, L50, F|
|poke|p1|Archaludon, L50, F|
|poke|p1|Basculegion, L50, M|
|poke|p1|Incineroar, L50, F|
|poke|p1|Sinistcha-Masterpiece, L50|
|poke|p1|Dragonite, L50, F|
|poke|p2|Baxcalibur, L50, F|
|poke|p2|Dondozo, L50, M|
|poke|p2|Kingambit, L50, M|
|poke|p2|Rillaboom, L50, M|
|poke|p2|Sneasler, L50, F|
|poke|p2|Volcarona, L50, M|
|teampreview|4
|showteam|p1|Pelipper||FocusSash|Drizzle|Tailwind,WideGuard,Hurricane,Protect|||F|||50|,,,,,Ghost]Archaludon||AssaultVest|Stamina|ElectroShot,DragonPulse,BodyPress,Snarl|||F|||50|,,,,,Grass]Basculegion||ChoiceBand|SwiftSwim|WaveCrash,LastRespects,AquaJet,FlipTurn|||M|||50|,,,,,Grass]Incineroar||SafetyGoggles|Intimidate|FakeOut,KnockOff,Taunt,PartingShot|||F|||50|,,,,,Ghost]Sinistcha-Masterpiece||SitrusBerry|Hospitality|RagePowder,MatchaGotcha,TrickRoom,Protect||||||50|,,,,,Dark]Dragonite||LoadedDice|InnerFocus|ScaleShot,ExtremeSpeed,Haze,Protect|||F|||50|,,,,,Normal
|showteam|p2|Baxcalibur||LoadedDice|ThermalExchange|IcicleSpear,ScaleShot,Protect,IceShard|||F|||50|,,,,,Ghost]Dondozo||Leftovers|Unaware|Liquidation,Fissure,Protect,Yawn|||M|||50|,,,,,Bug]Kingambit||SafetyGoggles|Defiant|KowtowCleave,SuckerPunch,Protect,SwordsDance|||M|||50|,,,,,Dark]Rillaboom||AssaultVest|GrassySurge|FakeOut,GrassyGlide,HighHorsepower,WoodHammer|||M|||50|,,,,,Water]Sneasler||FocusSash|Unburden|DireClaw,CloseCombat,Protect,Coaching|||F|||50|,,,,,Stellar]Volcarona||CovertCloak|FlameBody|HeatWave,TeraBlast,RagePowder,QuiverDance|||M|||50|,,,,,Fairy
|inactive|Battle timer is ON: inactive players will automatically lose when time's up. (requested by wittraid)
|inactive|wittraid has 60 seconds left.
|
|t:|1756996639
|teamsize|p1|4
|teamsize|p2|4
|start
|switch|p1a: Archaludon|Archaludon, L50, F|100/100
|switch|p1b: Pelipper|Pelipper, L50, F|100/100
|switch|p2a: Sneasler|Sneasler, L50, F|100/100
|switch|p2b: Baxcalibur|Baxcalibur, L50, F|100/100
|-weather|RainDance|[from] ability: Drizzle|[of] p1b: Pelipper
|turn|1
|
|t:|1756996658
|-terastallize|p1a: Archaludon|Grass
|move|p2a: Sneasler|Dire Claw|p1b: Pelipper
|-damage|p1b: Pelipper|59/100
|-status|p1b: Pelipper|par
|move|p2b: Baxcalibur|Icicle Spear|p1b: Pelipper
|-damage|p1b: Pelipper|41/100 par
|-damage|p1b: Pelipper|24/100 par
|-damage|p1b: Pelipper|5/100 par
|-damage|p1b: Pelipper|0 fnt
|faint|p1b: Pelipper
|-hitcount|p1: Pelipper|4
|move|p1a: Archaludon|Electro Shot||[still]
|-prepare|p1a: Archaludon|Electro Shot
|-boost|p1a: Archaludon|spa|1
|-anim|p1a: Archaludon|Electro Shot|p2a: Sneasler
|-damage|p2a: Sneasler|27/100
|
|-weather|RainDance|[upkeep]
|upkeep
|
|t:|1756996676
|switch|p1b: Basculegion|Basculegion, L50, M|100/100
|turn|2
|
|t:|1756996689
|switch|p2a: Rillaboom|Rillaboom, L50, M|100/100
|-fieldstart|move: Grassy Terrain|[from] ability: Grassy Surge|[of] p2a: Rillaboom
|move|p1b: Basculegion|Wave Crash|p2a: Rillaboom
|-resisted|p2a: Rillaboom
|-crit|p2a: Rillaboom
|-damage|p2a: Rillaboom|0 fnt
|faint|p2a: Rillaboom
|-damage|p1b: Basculegion|69/100|[from] Recoil
|move|p2b: Baxcalibur|Icicle Spear|p1a: Archaludon
|-supereffective|p1a: Archaludon
|-damage|p1a: Archaludon|78/100
|-ability|p1a: Archaludon|Stamina|boost
|-boost|p1a: Archaludon|def|1
|-supereffective|p1a: Archaludon
|-damage|p1a: Archaludon|63/100
|-ability|p1a: Archaludon|Stamina|boost
|-boost|p1a: Archaludon|def|1
|-supereffective|p1a: Archaludon
|-damage|p1a: Archaludon|53/100
|-ability|p1a: Archaludon|Stamina|boost
|-boost|p1a: Archaludon|def|1
|-supereffective|p1a: Archaludon
|-damage|p1a: Archaludon|44/100
|-ability|p1a: Archaludon|Stamina|boost
|-boost|p1a: Archaludon|def|1
|-supereffective|p1a: Archaludon
|-damage|p1a: Archaludon|37/100
|-ability|p1a: Archaludon|Stamina|boost
|-boost|p1a: Archaludon|def|1
|-hitcount|p1a: Archaludon|5
|move|p1a: Archaludon|Electro Shot||[still]
|-prepare|p1a: Archaludon|Electro Shot
|-boost|p1a: Archaludon|spa|1
|-anim|p1a: Archaludon|Electro Shot|p2b: Baxcalibur
|-resisted|p2b: Baxcalibur
|-damage|p2b: Baxcalibur|60/100
|
|-weather|RainDance|[upkeep]
|-heal|p1b: Basculegion|75/100|[from] Grassy Terrain
|-heal|p2b: Baxcalibur|66/100|[from] Grassy Terrain
|-heal|p1a: Archaludon|43/100|[from] Grassy Terrain
|upkeep
|
|t:|1756996705
|switch|p2a: Dondozo|Dondozo, L50, M|100/100
|turn|3
|inactive|veryreally has 30 seconds left.
|inactive|veryreally has 20 seconds left.
|
|t:|1756996743
|move|p2b: Baxcalibur|Ice Shard|p1b: Basculegion
|-resisted|p1b: Basculegion
|-damage|p1b: Basculegion|60/100
|move|p1b: Basculegion|Wave Crash|p2b: Baxcalibur
|-resisted|p2b: Baxcalibur
|-damage|p2b: Baxcalibur|0 fnt
|faint|p2b: Baxcalibur
|-damage|p1b: Basculegion|39/100|[from] Recoil
|move|p1a: Archaludon|Electro Shot||[still]
|-prepare|p1a: Archaludon|Electro Shot
|-boost|p1a: Archaludon|spa|1
|-anim|p1a: Archaludon|Electro Shot|p2a: Dondozo
|-supereffective|p2a: Dondozo
|-damage|p2a: Dondozo|47/100
|move|p2a: Dondozo|Liquidation|p1b: Basculegion
|-resisted|p1b: Basculegion
|-damage|p1b: Basculegion|13/100
|-unboost|p1b: Basculegion|def|1
|
|-weather|RainDance|[upkeep]
|-heal|p1b: Basculegion|19/100|[from] Grassy Terrain
|-heal|p1a: Archaludon|49/100|[from] Grassy Terrain
|-heal|p2a: Dondozo|54/100|[from] Grassy Terrain
|-heal|p2a: Dondozo|60/100|[from] item: Leftovers
|upkeep
|
|t:|1756996746
|switch|p2b: Sneasler|Sneasler, L50, F|27/100
|turn|4
|
|t:|1756996768
|move|p2b: Sneasler|Protect|p2b: Sneasler
|-singleturn|p2b: Sneasler|Protect
|move|p1b: Basculegion|Wave Crash|p2b: Sneasler
|-activate|p2b: Sneasler|move: Protect
|move|p1a: Archaludon|Electro Shot||[still]
|-prepare|p1a: Archaludon|Electro Shot
|-boost|p1a: Archaludon|spa|1
|-anim|p1a: Archaludon|Electro Shot|p2a: Dondozo
|-supereffective|p2a: Dondozo
|-damage|p2a: Dondozo|4/100
|move|p2a: Dondozo|Liquidation|p1b: Basculegion
|-resisted|p1b: Basculegion
|-damage|p1b: Basculegion|0 fnt
|faint|p1b: Basculegion
|
|-weather|RainDance|[upkeep]
|-heal|p2b: Sneasler|33/100|[from] Grassy Terrain
|-heal|p1a: Archaludon|55/100|[from] Grassy Terrain
|-heal|p2a: Dondozo|10/100|[from] Grassy Terrain
|-heal|p2a: Dondozo|16/100|[from] item: Leftovers
|upkeep
|
|t:|1756996785
|switch|p1b: Dragonite|Dragonite, L50, F|100/100
|turn|5
|-message|veryreally forfeited.
|
|win|wittraid
|l|☆veryreally
|player|p2|
||wittraid is ready for game 2.
||veryreally is ready for game 2.
|uhtml|next|Next: Game 2 of 3
