|j|☆dirt_goop
|j|☆ROCKkss
|html|dirt_goopROCKkss    
|uhtml|bestof|Game 1 of a best-of-3
|t:|1757773096
|gametype|doubles
|player|p1|dirt_goop|steven|
|player|p2|ROCKkss|266|
|gen|9
|tier|[Gen 9] VGC 2025 Reg H (Bo3)
|rule|Species Clause: Limit one of each Pokémon
|rule|Item Clause: Limit 1 of each item
|clearpoke
|poke|p1|Typhlosion-Hisui, L50, F|
|poke|p1|Whimsicott, L50, F|
|poke|p1|Indeedee-F, L50, F|
|poke|p1|Ursaluna, L50, F|
|poke|p1|Volcarona, L50, F|
|poke|p1|Gallade, L50, M|
|poke|p2|Talonflame, L50, M|
|poke|p2|Ninetales-Alola, L50, M|
|poke|p2|Garchomp, L50, F|
|poke|p2|Gholdengo, L50|
|poke|p2|Hydreigon, L50, F|
|poke|p2|Amoonguss, L50, M|
|teampreview|4
|showteam|p1|Typhlosion-Hisui||ChoiceSpecs|Frisk|Eruption,HeatWave,ShadowBall,Flamethrower|||F|||50|,,,,,Fire]Whimsicott||CovertCloak|Prankster|HelpingHand,Moonblast,Tailwind,SunnyDay|||F|||50|,,,,,Dark]Indeedee-F||SafetyGoggles|PsychicSurge|TrickRoom,FollowMe,Psychic,Protect|||F|||50|,,,,,Grass]Ursaluna||FlameOrb|Guts|Earthquake,HeadlongRush,Facade,Protect|||F|||50|,,,,,Ghost]Volcarona||Leftovers|FlameBody|GigaDrain,RagePowder,FieryDance,QuiverDance|||F|||50|,,,,,Grass]Gallade||ClearAmulet|Sharpness|PsychoCut,AquaCutter,WideGuard,SacredSword|||M|||50|,,,,,Steel
|showteam|p2|Talonflame||CovertCloak|GaleWings|BraveBird,Tailwind,Taunt,QuickGuard|||M|||50|,,,,,Flying]Ninetales-Alola||FocusSash|SnowWarning|Blizzard,FreezeDry,Moonblast,Protect|||M|||50|,,,,,Ice]Garchomp||ClearAmulet|RoughSkin|Earthquake,DragonClaw,RockSlide,Protect|||F|||50|,,,,,Rock]Gholdengo||LifeOrb|GoodasGold|MakeItRain,ShadowBall,NastyPlot,Protect||||||50|,,,,,Water]Hydreigon||ChoiceSpecs|Levitate|Snarl,DarkPulse,DracoMeteor,HeatWave|||F|||50|,,,,,Fire]Amoonguss||SitrusBerry|Regenerator|SludgeBomb,RagePowder,Spore,Protect|||M|||50|,,,,,Water
|inactive|Battle timer is ON: inactive players will automatically lose when time's up. (requested by dirt_goop)
|inactive|dirt_goop has 60 seconds left.
|inactive|ROCKkss has 60 seconds left.
|
|t:|1757773142
|teamsize|p1|4
|teamsize|p2|4
|start
|switch|p1a: Ursaluna|Ursaluna, L50, F|100/100
|switch|p1b: Indeedee|Indeedee-F, L50, F|100/100
|switch|p2a: Talonflame|Talonflame, L50, M|100/100
|switch|p2b: Hydreigon|Hydreigon, L50, F|100/100
|-fieldstart|move: Psychic Terrain|[from] ability: Psychic Surge|[of] p1b: Indeedee
|turn|1
|inactive|ROCKkss has 30 seconds left.
|inactive|ROCKkss has 20 seconds left.
|inactive|ROCKkss has 15 seconds left.
|inactive|ROCKkss has 10 seconds left.
|
|t:|1757773189
|switch|p2a: Ninetales|Ninetales-Alola, L50, M|100/100
|-weather|Snowscape|[from] ability: Snow Warning|[of] p2a: Ninetales
|move|p1a: Ursaluna|Protect|p1a: Ursaluna
|-singleturn|p1a: Ursaluna|Protect
|move|p2b: Hydreigon|Dark Pulse|p1a: Ursaluna
|-activate|p1a: Ursaluna|move: Protect
|move|p1b: Indeedee|Trick Room|p1b: Indeedee
|-fieldstart|move: Trick Room|[of] p1b: Indeedee
|
|-weather|Snowscape|[upkeep]
|-status|p1a: Ursaluna|brn|[from] item: Flame Orb
|upkeep
|turn|2
|inactive|ROCKkss has 30 seconds left.
|inactive|dirt_goop has 30 seconds left.
|
|t:|1757773226
|-terastallize|p1a: Ursaluna|Ghost
|move|p1b: Indeedee|Follow Me|p1b: Indeedee
|-singleturn|p1b: Indeedee|move: Follow Me
|move|p1a: Ursaluna|Facade|p2b: Hydreigon
|-damage|p2b: Hydreigon|0 fnt
|faint|p2b: Hydreigon
|move|p2a: Ninetales|Blizzard|p1b: Indeedee|[spread] p1a,p1b
|-damage|p1a: Ursaluna|75/100 brn
|-damage|p1b: Indeedee|78/100
|-status|p1b: Indeedee|frz
|
|-weather|Snowscape|[upkeep]
|-damage|p1a: Ursaluna|69/100 brn|[from] brn
|upkeep
|inactive|ROCKkss has 30 seconds left.
|
|t:|1757773256
|switch|p2b: Garchomp|Garchomp, L50, F|100/100
|turn|3
|
|t:|1757773269
|-terastallize|p2a: Ninetales|Ice
|move|p2b: Garchomp|Protect|p2b: Garchomp
|-singleturn|p2b: Garchomp|Protect
|cant|p1b: Indeedee|frz
|move|p1a: Ursaluna|Facade|p2b: Garchomp
|-activate|p2b: Garchomp|move: Protect
|move|p2a: Ninetales|Blizzard|p1a: Ursaluna|[spread] p1a,p1b
|-damage|p1a: Ursaluna|35/100 brn
|-damage|p1b: Indeedee|48/100 frz
|
|-weather|Snowscape|[upkeep]
|-damage|p1a: Ursaluna|29/100 brn|[from] brn
|upkeep
|turn|4
|inactive|ROCKkss has 30 seconds left.
|inactive|ROCKkss has 20 seconds left.
|inactive|ROCKkss has 15 seconds left.
|inactive|ROCKkss has 10 seconds left.
|
|t:|1757773314
|move|p1a: Ursaluna|Facade|p2b: Garchomp
|-damage|p2b: Garchomp|0 fnt
|-damage|p1a: Ursaluna|17/100 brn|[from] ability: Rough Skin|[of] p2b: Garchomp
|faint|p2b: Garchomp
|cant|p1b: Indeedee|frz
|move|p2a: Ninetales|Blizzard|p1b: Indeedee|[spread] p1a,p1b
|-damage|p1a: Ursaluna|0 fnt
|-damage|p1b: Indeedee|15/100 frz
|faint|p1a: Ursaluna
|
|-weather|Snowscape|[upkeep]
|upkeep
|
|t:|1757773327
|switch|p1a: Volcarona|Volcarona, L50, F|100/100
|switch|p2b: Talonflame|Talonflame, L50, M|100/100
|turn|5
|
|t:|1757773351
|move|p2a: Ninetales|Protect|p2a: Ninetales
|-singleturn|p2a: Ninetales|Protect
|cant|p1b: Indeedee|frz
|move|p1a: Volcarona|Fiery Dance|p2a: Ninetales
|-activate|p2a: Ninetales|move: Protect
|move|p2b: Talonflame|Taunt|p1b: Indeedee
|-start|p1b: Indeedee|move: Taunt
|
|-weather|none
|-fieldend|move: Trick Room
|-fieldend|move: Psychic Terrain
|upkeep
|turn|6
|inactive|ROCKkss has 30 seconds left.
|
|t:|1757773380
|move|p2b: Talonflame|Brave Bird|p1a: Volcarona
|-supereffective|p1a: Volcarona
|-damage|p1a: Volcarona|0 fnt
|faint|p1a: Volcarona
|-damage|p2b: Talonflame|65/100|[from] Recoil
|move|p2a: Ninetales|Moonblast|p1b: Indeedee
|-damage|p1b: Indeedee|0 fnt
|faint|p1b: Indeedee
|
|upkeep
|
|t:|1757773390
|switch|p1b: Gallade|Gallade, L50, M|100/100
|turn|7
|
|t:|1757773406
|move|p2b: Talonflame|Tailwind|p2b: Talonflame
|-sidestart|p2: ROCKkss|move: Tailwind
|move|p2a: Ninetales|Moonblast|p1b: Gallade
|-supereffective|p1b: Gallade
|-damage|p1b: Gallade|29/100
|move|p1b: Gallade|Sacred Sword|p2a: Ninetales
|-supereffective|p2a: Ninetales
|-enditem|p2a: Ninetales|Focus Sash
|-damage|p2a: Ninetales|1/100
|
|upkeep
|turn|8
|
|t:|1757773419
|move|p2b: Talonflame|Brave Bird|p1b: Gallade
|-supereffective|p1b: Gallade
|-damage|p1b: Gallade|0 fnt
|faint|p1b: Gallade
|-damage|p2b: Talonflame|55/100|[from] Recoil
|
|win|ROCKkss
||dirt_goop is ready for game 2.
