|j|☆Nusssack
|j|☆KodeBeast0526
|html|NusssackKodeBeast0526    
|uhtml|bestof|Game 2 of a best-of-3
|t:|1783608311
|gametype|doubles
|player|p1|Nusssack|falkner|1038
|player|p2|KodeBeast0526|hiker|1037
|gen|9
|tier|[Gen 9 Champions] VGC 2026 Reg M-B (Bo3)
|rated|
|rule|Species Clause: Limit one of each Pokémon
|rule|Item Clause: Limit 1 of each item
|clearpoke
|poke|p1|Milotic, L50, F, shiny|
|poke|p1|Zoroark-Hisui, L50, M|
|poke|p1|Drampa, L50, F, shiny|
|poke|p1|Metagross, L50, shiny|
|poke|p1|Blaziken, L50, F|
|poke|p1|Eelektross, L50, M|
|poke|p2|Aerodactyl, L50, M|
|poke|p2|Kingambit, L50, M|
|poke|p2|Sylveon, L50, M|
|poke|p2|Garchomp, L50, M|
|poke|p2|Charizard, L50, M|
|poke|p2|Incineroar, L50, M|
|teampreview|4
|showteam|p1|Milotic||Leftovers|Competitive|IcyWind,Hypnosis,Coil,Protect|Bold||F|||50|]Zoroark-Hisui||FocusSash|Illusion|BitterMalice,WillOWisp,Taunt,Protect|Timid||M|||50|]Drampa||SitrusBerry|CloudNine|IceBeam,EnergyBall,Snarl,Protect|Bold||F|||50|]Metagross||MetalCoat|ClearBody|MeteorMash,StompingTantrum,PsychUp,Protect|Jolly|||||50|]Blaziken||Blazikenite|SpeedBoost|CloseCombat,FlareBlitz,SwordsDance,Protect|Jolly||F|||50|]Eelektross||Eelektrossite|Levitate|ThunderPunch,DrainPunch,Coil,Protect|Adamant||M|||50|
|showteam|p2|Aerodactyl||Aerodactylite|Unnerve|RockSlide,IceFang,Tailwind,WideGuard|Jolly||M|||50|]Kingambit||FocusSash|Defiant|KowtowCleave,SuckerPunch,IronHead,Protect|Adamant||M|||50|]Sylveon||FairyFeather|Pixilate|Detect,HyperVoice,HyperBeam,QuickAttack|Modest||M|||50|]Garchomp||LifeOrb|RoughSkin|Earthquake,DragonClaw,StompingTantrum,Protect|Jolly||M|||50|]Charizard||CharizarditeY|Blaze|Protect,HeatWave,SolarBeam,WeatherBall|Modest||M|||50|]Incineroar||SitrusBerry|Intimidate|DarkestLariat,FlareBlitz,FakeOut,PartingShot|Impish||M|||50|
|inactive|Battle timer is ON: inactive players will automatically lose when time's up. (requested by Nusssack)
|
|t:|1783608335
|teamsize|p1|4
|teamsize|p2|4
|start
|switch|p1a: Sirene|Milotic, L50, F, shiny|100/100
|switch|p1b: Kix|Blaziken, L50, F|100/100
|switch|p2a: Incineroar|Incineroar, L50, M|100/100
|switch|p2b: Charizard|Charizard, L50, M|100/100
|-ability|p2a: Incineroar|Intimidate|boost
|-unboost|p1a: Sirene|atk|1
|-ability|p1a: Sirene|Competitive|boost
|-boost|p1a: Sirene|spa|2
|-unboost|p1b: Kix|atk|1
|turn|1
|inactive|Nusssack has 30 seconds left.
|
|t:|1783608364
|switch|p1a: Dranma|Drampa, L50, F, shiny|100/100
|-ability|p1a: Dranma|Cloud Nine
|detailschange|p1b: Kix|Blaziken-Mega, L50, F
|-mega|p1b: Kix|Blaziken|Blazikenite
|detailschange|p2b: Charizard|Charizard-Mega-Y, L50, M
|-mega|p2b: Charizard|Charizard|Charizardite Y
|-weather|SunnyDay|[from] ability: Drought|[of] p2b: Charizard
|move|p2a: Incineroar|Fake Out|p1a: Dranma
|-damage|p1a: Dranma|92/100
|move|p1b: Kix|Swords Dance|p1b: Kix
|-boost|p1b: Kix|atk|2
|move|p2b: Charizard|Solar Beam||[still]
|-prepare|p2b: Charizard|Solar Beam
|
|-weather|SunnyDay|[upkeep]
|-ability|p1b: Kix|Speed Boost|boost
|-boost|p1b: Kix|spe|1
|upkeep
|turn|2
|
|t:|1783608384
|switch|p2a: Garchomp|Garchomp, L50, M|100/100
|move|p1b: Kix|Protect|p1b: Kix
|-singleturn|p1b: Kix|Protect
|move|p2b: Charizard|Solar Beam|p1a: Dranma|[from] lockedmove
|-resisted|p1a: Dranma|1
|-damage|p1a: Dranma|69/100
|move|p1a: Dranma|Snarl|p2a: Garchomp|[spread] p2a,p2b
|-damage|p2a: Garchomp|85/100
|-damage|p2b: Charizard|89/100
|-unboost|p2a: Garchomp|spa|1
|-unboost|p2b: Charizard|spa|1
|
|-weather|SunnyDay|[upkeep]
|-ability|p1b: Kix|Speed Boost|boost
|-boost|p1b: Kix|spe|1
|upkeep
|turn|3
|inactive|Nusssack has 30 seconds left.
|inactive|Nusssack has 20 seconds left.
|
|t:|1783608423
|switch|p2b: Incineroar|Incineroar, L50, M|100/100
|-ability|p2b: Incineroar|Intimidate|boost
|-unboost|p1a: Dranma|atk|1
|-unboost|p1b: Kix|atk|1
|switch|p1a: Patina|Metagross, L50, shiny|100/100
|move|p1b: Kix|Close Combat|p2a: Garchomp
|-damage|p2a: Garchomp|15/100
|-unboost|p1b: Kix|def|1
|-unboost|p1b: Kix|spd|1
|-damage|p1b: Kix|87/100|[from] ability: Rough Skin|[of] p2a: Garchomp
|move|p2a: Garchomp|Earthquake|p1b: Kix|[spread] p2b,p1a,p1b
|-supereffective|p2b: Incineroar|1
|-supereffective|p1a: Patina|1
|-supereffective|p1b: Kix|1
|-damage|p2b: Incineroar|34/100
|-damage|p1a: Patina|1/100
|-damage|p1b: Kix|0 fnt
|-enditem|p2b: Incineroar|Sitrus Berry|[eat]
|-heal|p2b: Incineroar|58/100|[from] item: Sitrus Berry
|faint|p1b: Kix
|-damage|p2a: Garchomp|5/100|[from] item: Life Orb
|
|-weather|SunnyDay|[upkeep]
|upkeep
|inactive|Nusssack has 30 seconds left.
|
|t:|1783608449
|switch|p1b: Sirene|Milotic, L50, F, shiny|100/100
|turn|4
|
|t:|1783608457
|move|p1a: Patina|Protect|p1a: Patina
|-singleturn|p1a: Patina|Protect
|move|p2b: Incineroar|Fake Out|p1b: Sirene
|-damage|p1b: Sirene|90/100
|move|p2a: Garchomp|Earthquake|p1a: Patina|[spread] p2b,p1b
|-activate|p1a: Patina|move: Protect
|-supereffective|p2b: Incineroar|1
|-damage|p2b: Incineroar|0 fnt
|-damage|p1b: Sirene|45/100
|faint|p2b: Incineroar
|-damage|p2a: Garchomp|0 fnt|[from] item: Life Orb
|faint|p2a: Garchomp
|cant|p1b: Sirene|flinch
|
|-weather|SunnyDay|[upkeep]
|-heal|p1b: Sirene|51/100|[from] item: Leftovers
|upkeep
|
|t:|1783608461
|switch|p2a: Kingambit|Kingambit, L50, M|100/100
|switch|p2b: Charizard|Charizard-Mega-Y, L50, M|89/100
|turn|5
|
|t:|1783608484
|move|p2b: Charizard|Heat Wave|p1b: Sirene|[spread] p1b
|-miss|p2b: Charizard|p1a: Patina
|-resisted|p1b: Sirene|1
|-damage|p1b: Sirene|24/100
|move|p1a: Patina|Stomping Tantrum|p2a: Kingambit
|-supereffective|p2a: Kingambit|1
|-damage|p2a: Kingambit|53/100
|move|p1b: Sirene|Coil|p1b: Sirene
|-boost|p1b: Sirene|atk|1
|-boost|p1b: Sirene|def|1
|-boost|p1b: Sirene|accuracy|1
|move|p2a: Kingambit|Kowtow Cleave|p1b: Sirene
|-damage|p1b: Sirene|0 fnt
|faint|p1b: Sirene
|
|-weather|none
|upkeep
|
|t:|1783608499
|switch|p1b: Dranma|Drampa, L50, F, shiny|69/100
|-ability|p1b: Dranma|Cloud Nine
|turn|6
|
|t:|1783608515
|move|p2a: Kingambit|Sucker Punch|p1b: Dranma
|-damage|p1b: Dranma|40/100
|-enditem|p1b: Dranma|Sitrus Berry|[eat]
|-heal|p1b: Dranma|64/100|[from] item: Sitrus Berry
|move|p2b: Charizard|Heat Wave|p1a: Patina|[spread] p1a,p1b
|-supereffective|p1a: Patina|1
|-resisted|p1b: Dranma|1
|-damage|p1a: Patina|0 fnt
|-damage|p1b: Dranma|44/100
|faint|p1a: Patina
|move|p1b: Dranma|Snarl|p2b: Charizard|[spread] p2a,p2b
|-resisted|p2a: Kingambit|1
|-damage|p2a: Kingambit|46/100
|-damage|p2b: Charizard|77/100
|-unboost|p2a: Kingambit|spa|1
|-ability|p2a: Kingambit|Defiant|boost
|-boost|p2a: Kingambit|atk|2
|-unboost|p2b: Charizard|spa|1
|
|upkeep
|turn|7
|-message|Nusssack forfeited.
|
|win|KodeBeast0526
|raw|Nusssack's rating: 1038 → 1022(-16 for losing)
|raw|KodeBeast0526's rating: 1037 → 1072(+35 for winning)
|l|☆Nusssack
|player|p1|
