|j|☆damage77
|j|☆the bugcather
|html|damage77the bugcather    
|uhtml|bestof|Game 2 of a best-of-3
|t:|1756065785
|gametype|doubles
|player|p1|damage77|flint|1210
|player|p2|the bugcather|bugcatcher-gen4dp|1216
|gen|9
|tier|[Gen 9] VGC 2025 Reg H (Bo3)
|rated|
|rule|Species Clause: Limit one of each Pokémon
|rule|Item Clause: Limit 1 of each item
|clearpoke
|poke|p1|Rillaboom, L50, F|
|poke|p1|Ninetales-Alola, L50, F|
|poke|p1|Gholdengo, L50|
|poke|p1|Dragonite, L50, F|
|poke|p1|Annihilape, L50, F|
|poke|p1|Dondozo, L50, M|
|poke|p2|Archaludon, L50, F|
|poke|p2|Pelipper, L50, M|
|poke|p2|Basculegion, L50, M|
|poke|p2|Maushold, L50|
|poke|p2|Annihilape, L50, F|
|poke|p2|Incineroar, L50, F|
|teampreview|4
|showteam|p1|Rillaboom||MiracleSeed|GrassySurge|WoodHammer,FakeOut,GrassyGlide,Protect|||F|||50|,,,,,Fire]Ninetales-Alola||LightClay|SnowWarning|IcicleSpear,Blizzard,AuroraVeil,IcyWind|||F|||50|,,,,,Ghost]Gholdengo||ChoiceScarf|GoodasGold|MakeItRain,ShadowBall,Trick,NastyPlot||||||50|,,,,,Steel]Dragonite||LoadedDice|Multiscale|ScaleShot,ExtremeSpeed,Protect,LowKick|||F|||50|,,,,,Normal]Annihilape||SafetyGoggles|Defiant|DrainPunch,RageFist,BulkUp,Protect|||F|||50|,,,,,Fire]Dondozo||Leftovers|Unaware|Protect,WaveCrash,Yawn,Fissure|||M|||50|,,,,,Bug
|showteam|p2|Archaludon||AssaultVest|Stamina|Snarl,ElectroShot,DracoMeteor,BodyPress|||F|||50|,,,,,Bug]Pelipper||FocusSash|Drizzle|MuddyWater,Hurricane,Tailwind,Protect|||M|||50|,,,,,Stellar]Basculegion||ChoiceBand|SwiftSwim|WaveCrash,LastRespects,AquaJet,FlipTurn|||M|||50|,,,,,Fairy]Maushold||SafetyGoggles|FriendGuard|BeatUp,Taunt,FollowMe,Protect||||||50|,,,,,Ghost]Annihilape||Leftovers|Defiant|DrainPunch,RageFist,BulkUp,Protect|||F|||50|,,,,,Water]Incineroar||RockyHelmet|Intimidate|KnockOff,FakeOut,PartingShot,FlareBlitz|||F|||50|,,,,,Ghost
|inactive|Battle timer is ON: inactive players will automatically lose when time's up. (requested by the bugcather)
|inactive|the bugcather has 60 seconds left.
|
|t:|1756065833
|teamsize|p1|4
|teamsize|p2|4
|start
|switch|p1a: Ninetales|Ninetales-Alola, L50, F|100/100
|switch|p1b: Annihilape|Annihilape, L50, F|100/100
|switch|p2a: Maushold|Maushold, L50|100/100
|switch|p2b: Annihilape|Annihilape, L50, F|100/100
|-weather|Snowscape|[from] ability: Snow Warning|[of] p1a: Ninetales
|turn|1
|inactive|damage77 has 30 seconds left.
|inactive|the bugcather has 30 seconds left.
|inactive|damage77 has 20 seconds left.
|inactive|the bugcather has 20 seconds left.
|inactive|damage77 has 15 seconds left.
|inactive|the bugcather has 15 seconds left.
|
|t:|1756065875
|-terastallize|p1b: Annihilape|Fire
|move|p2a: Maushold|Follow Me|p2a: Maushold
|-singleturn|p2a: Maushold|move: Follow Me
|move|p1a: Ninetales|Icicle Spear|p2a: Maushold
|-damage|p2a: Maushold|92/100
|-damage|p2a: Maushold|85/100
|-damage|p2a: Maushold|78/100
|-damage|p2a: Maushold|70/100
|-hitcount|p2a: Maushold|4
|move|p1b: Annihilape|Rage Fist|p2a: Maushold
|-immune|p2a: Maushold
|move|p2b: Annihilape|Bulk Up|p2b: Annihilape
|-boost|p2b: Annihilape|atk|1
|-boost|p2b: Annihilape|def|1
|
|-weather|Snowscape|[upkeep]
|upkeep
|turn|2
|inactive|the bugcather has 30 seconds left.
|inactive|the bugcather has 20 seconds left.
|
|t:|1756065910
|move|p1a: Ninetales|Aurora Veil|p1a: Ninetales
|-sidestart|p1: damage77|move: Aurora Veil
|move|p2a: Maushold|Beat Up|p2b: Annihilape
|-damage|p2b: Annihilape|99/100
|-damage|p2b: Annihilape|98/100
|-damage|p2b: Annihilape|97/100
|-crit|p2b: Annihilape
|-damage|p2b: Annihilape|94/100
|-hitcount|p2b: Annihilape|4
|move|p1b: Annihilape|Drain Punch|p2a: Maushold
|-supereffective|p2a: Maushold
|-damage|p2a: Maushold|0 fnt
|faint|p2a: Maushold
|move|p2b: Annihilape|Rage Fist|p1b: Annihilape
|-damage|p1b: Annihilape|0 fnt
|faint|p1b: Annihilape
|
|-weather|Snowscape|[upkeep]
|-heal|p2b: Annihilape|99/100|[from] item: Leftovers
|upkeep
|
|t:|1756065925
|switch|p2a: Pelipper|Pelipper, L50, M|100/100
|switch|p1b: Gholdengo|Gholdengo, L50|100/100
|-weather|RainDance|[from] ability: Drizzle|[of] p2a: Pelipper
|turn|3
|
|t:|1756065948
|move|p2b: Annihilape|Protect|p2b: Annihilape
|-singleturn|p2b: Annihilape|Protect
|move|p1b: Gholdengo|Shadow Ball|p2a: Pelipper
|-damage|p2a: Pelipper|14/100
|-unboost|p2a: Pelipper|spd|1
|move|p1a: Ninetales|Icicle Spear|p2a: Pelipper
|-damage|p2a: Pelipper|6/100
|-damage|p2a: Pelipper|0 fnt
|faint|p2a: Pelipper
|-hitcount|p2: Pelipper|2
|
|-weather|RainDance|[upkeep]
|-heal|p2b: Annihilape|100/100|[from] item: Leftovers
|upkeep
|
|t:|1756065954
|switch|p2a: Basculegion|Basculegion, L50, M|100/100
|turn|4
|inactive|damage77 has 30 seconds left.
|inactive|the bugcather has 30 seconds left.
|inactive|the bugcather has 20 seconds left.
|inactive|the bugcather has 15 seconds left.
|
|t:|1756065995
|switch|p1b: Dragonite|Dragonite, L50, F|100/100
|-terastallize|p2a: Basculegion|Fairy
|move|p2a: Basculegion|Last Respects|p1b: Dragonite
|-damage|p1b: Dragonite|58/100
|move|p1a: Ninetales|Icy Wind|p2b: Annihilape|[spread] p2a,p2b
|-damage|p2a: Basculegion|85/100
|-damage|p2b: Annihilape|88/100
|-unboost|p2a: Basculegion|spe|1
|-unboost|p2b: Annihilape|spe|1
|-ability|p2b: Annihilape|Defiant|boost
|-boost|p2b: Annihilape|atk|2
|move|p2b: Annihilape|Rage Fist|p1a: Ninetales
|-damage|p1a: Ninetales|0 fnt
|faint|p1a: Ninetales
|
|-weather|RainDance|[upkeep]
|-heal|p2b: Annihilape|95/100|[from] item: Leftovers
|upkeep
|
|t:|1756066010
|switch|p1a: Gholdengo|Gholdengo, L50|100/100
|turn|5
|inactive|damage77 has 30 seconds left.
|
|t:|1756066041
|move|p1a: Gholdengo|Make It Rain|p2a: Basculegion|[spread] p2a,p2b
|-supereffective|p2a: Basculegion
|-damage|p2a: Basculegion|0 fnt
|-damage|p2b: Annihilape|47/100
|-unboost|p1a: Gholdengo|spa|1
|faint|p2a: Basculegion
|move|p1b: Dragonite|Scale Shot|p2b: Annihilape
|-damage|p2b: Annihilape|37/100
|-damage|p2b: Annihilape|26/100
|-damage|p2b: Annihilape|16/100
|-damage|p2b: Annihilape|7/100
|-hitcount|p2b: Annihilape|4
|-unboost|p1b: Dragonite|def|1
|-boost|p1b: Dragonite|spe|1
|move|p2b: Annihilape|Rage Fist|p1b: Dragonite
|-damage|p1b: Dragonite|0 fnt
|faint|p1b: Dragonite
|
|-weather|RainDance|[upkeep]
|-heal|p2b: Annihilape|13/100|[from] item: Leftovers
|upkeep
|turn|6
|
|t:|1756066057
|move|p1a: Gholdengo|Make It Rain|p2b: Annihilape
|-damage|p2b: Annihilape|0 fnt
|-unboost|p1a: Gholdengo|spa|1
|faint|p2b: Annihilape
|
|win|damage77
|raw|damage77's rating: 1210 → 1235(+25 for winning)
|raw|the bugcather's rating: 1216 → 1191(-25 for losing)
|l|☆the bugcather
|player|p2|
