|j|☆Avriss
|j|☆Accceeeee
|html|AvrissAccceeeee    
|uhtml|bestof|Game 2 of a best-of-3
|t:|1785751275
|gametype|doubles
|player|p1|Avriss|169|1119
|player|p2|Accceeeee|265|1071
|gen|9
|tier|[Gen 9 Champions] VGC 2026 Reg M-B (Bo3)
|rated|
|rule|Species Clause: Limit one of each Pokémon
|rule|Item Clause: Limit 1 of each item
|clearpoke
|poke|p1|Tyranitar, L50, M|
|poke|p1|Aerodactyl, L50, M|
|poke|p1|Kingambit, L50, M|
|poke|p1|Sylveon, L50, F|
|poke|p1|Excadrill, L50, M|
|poke|p1|Basculegion, L50, M|
|poke|p2|Pelipper, L50, F|
|poke|p2|Dragonite, L50, M|
|poke|p2|Primarina, L50, F|
|poke|p2|Rotom-Wash, L50|
|poke|p2|Kingambit, L50, F|
|poke|p2|Scizor, L50, M|
|teampreview|4
|showteam|p1|Tyranitar||Tyranitarite|SandStream|RockSlide,KnockOff,DragonDance,Protect|Adamant||M|||50|]Aerodactyl||Aerodactylite|Unnerve|RockSlide,IceFang,DualWingbeat,Tailwind|Jolly||M|||50|]Kingambit||LifeOrb|Defiant|KowtowCleave,SuckerPunch,IronHead,Protect|Adamant||M|||50|]Sylveon||FairyFeather|Pixilate|HyperVoice,Yawn,QuickAttack,Detect|Modest||F|||50|]Excadrill||FocusSash|SandRush|HighHorsepower,IronHead,RockSlide,Protect|Jolly||M|||50|]Basculegion||ChoiceScarf|Adaptability|WaveCrash,LastRespects,FlipTurn,AquaJet|Jolly||M|||50|
|showteam|p2|Pelipper||DampRock|Drizzle|Tailwind,Hurricane,IcyWind,Roost|Bold||F|||50|]Dragonite||Dragoninite|Multiscale|Hurricane,Thunder,DracoMeteor,Roost|Timid||M|||50|]Primarina||MysticWater|LiquidVoice|HyperVoice,Surf,Moonblast,FlipTurn|Modest||F|||50|]Rotom-Wash||Leftovers|Levitate|VoltSwitch,Thunder,WillOWisp,RainDance|Bold|||||50|]Kingambit||BlackGlasses|SupremeOverlord|KowtowCleave,SuckerPunch,IronHead,SwordsDance|Adamant||F|||50|]Scizor||MetalCoat|Technician|BulletPunch,Uturn,SwordsDance,KnockOff|Adamant||M|||50|
|inactive|Battle timer is ON: inactive players will automatically lose when time's up. (requested by Avriss)
|
|t:|1785751299
|teamsize|p1|4
|teamsize|p2|4
|start
|switch|p1a: Excadrill|Excadrill, L50, M|100/100
|switch|p1b: Tyranitar|Tyranitar, L50, M|100/100
|switch|p2a: Pelipper|Pelipper, L50, F|100/100
|switch|p2b: Scizor|Scizor, L50, M|100/100
|-weather|Sandstorm|[from] ability: Sand Stream|[of] p1b: Tyranitar
|-weather|RainDance|[from] ability: Drizzle|[of] p2a: Pelipper
|turn|1
|
|t:|1785751318
|detailschange|p1b: Tyranitar|Tyranitar-Mega, L50, M
|-mega|p1b: Tyranitar|Tyranitar|Tyranitarite
|-weather|Sandstorm|[from] ability: Sand Stream|[of] p1b: Tyranitar
|move|p1a: Excadrill|Rock Slide|p2a: Pelipper|[spread] p2a,p2b
|-supereffective|p2a: Pelipper|1
|-damage|p2a: Pelipper|65/100
|-damage|p2b: Scizor|79/100
|move|p1b: Tyranitar|Rock Slide|p2b: Scizor|[spread] p2a,p2b
|-supereffective|p2a: Pelipper|1
|-damage|p2a: Pelipper|9/100
|-damage|p2b: Scizor|45/100
|cant|p2b: Scizor|flinch
|cant|p2a: Pelipper|flinch
|
|-weather|Sandstorm|[upkeep]
|-damage|p2a: Pelipper|3/100|[from] Sandstorm
|upkeep
|turn|2
|
|t:|1785751342
|move|p2b: Scizor|Bullet Punch|p1a: Excadrill
|-resisted|p1a: Excadrill|1
|-damage|p1a: Excadrill|70/100
|move|p1a: Excadrill|Rock Slide|p2a: Pelipper|[spread] p2a,p2b
|-supereffective|p2a: Pelipper|1
|-damage|p2a: Pelipper|0 fnt
|-damage|p2b: Scizor|24/100
|faint|p2a: Pelipper
|move|p1b: Tyranitar|Rock Slide|p2b: Scizor
|-damage|p2b: Scizor|0 fnt
|faint|p2b: Scizor
|
|-weather|Sandstorm|[upkeep]
|upkeep
|
|t:|1785751357
|switch|p2b: Kingambit|Kingambit, L50, F|100/100
|switch|p2a: Rotom|Rotom-Wash, L50|100/100
|-activate|p2b: Kingambit|ability: Supreme Overlord
|-start|p2b: Kingambit|fallen2|[silent]
|turn|3
|inactive|Avriss has 30 seconds left.
|
|t:|1785751385
|move|p1a: Excadrill|High Horsepower|p2b: Kingambit
|-supereffective|p2b: Kingambit|1
|-damage|p2b: Kingambit|17/100
|move|p1b: Tyranitar|Knock Off|p2a: Rotom
|-damage|p2a: Rotom|55/100
|-enditem|p2a: Rotom|Leftovers|[from] move: Knock Off|[of] p1b: Tyranitar
|move|p2a: Rotom|Rain Dance|p2a: Rotom
|-weather|RainDance
|move|p2b: Kingambit|Swords Dance|p2b: Kingambit
|-boost|p2b: Kingambit|atk|2
|
|-weather|RainDance|[upkeep]
|upkeep
|turn|4
|
|t:|1785751406
|move|p2b: Kingambit|Sucker Punch|p1a: Excadrill
|-damage|p1a: Excadrill|0 fnt
|faint|p1a: Excadrill
|move|p1b: Tyranitar|Rock Slide|p2a: Rotom|[spread] p2b
|-miss|p1b: Tyranitar|p2a: Rotom
|-resisted|p2b: Kingambit|1
|-damage|p2b: Kingambit|6/100
|move|p2a: Rotom|Will-O-Wisp|p1b: Tyranitar
|-status|p1b: Tyranitar|brn
|
|-weather|RainDance|[upkeep]
|-damage|p1b: Tyranitar|94/100 brn|[from] brn
|upkeep
|
|t:|1785751421
|switch|p1a: Sylveon|Sylveon, L50, F|100/100
|turn|5
|
|t:|1785751438
|move|p1a: Sylveon|Quick Attack|p2b: Kingambit
|-damage|p2b: Kingambit|0 fnt
|faint|p2b: Kingambit
|-end|p2b: Kingambit|fallen2|[silent]
|move|p1b: Tyranitar|Dragon Dance|p1b: Tyranitar
|-boost|p1b: Tyranitar|atk|1
|-boost|p1b: Tyranitar|spe|1
|move|p2a: Rotom|Thunder|p1a: Sylveon
|-damage|p1a: Sylveon|69/100
|
|-weather|RainDance|[upkeep]
|-damage|p1b: Tyranitar|88/100 brn|[from] brn
|upkeep
|turn|6
|
|t:|1785751457
|move|p1b: Tyranitar|Dragon Dance|p1b: Tyranitar
|-boost|p1b: Tyranitar|atk|1
|-boost|p1b: Tyranitar|spe|1
|move|p2a: Rotom|Thunder|p1b: Tyranitar
|-damage|p1b: Tyranitar|57/100 brn
|move|p1a: Sylveon|Yawn|p2a: Rotom
|-start|p2a: Rotom|move: Yawn|[of] p1a: Sylveon
|
|-weather|RainDance|[upkeep]
|-damage|p1b: Tyranitar|51/100 brn|[from] brn
|upkeep
|turn|7
|
|t:|1785751464
|move|p1a: Sylveon|Quick Attack|p2a: Rotom
|-crit|p2a: Rotom
|-damage|p2a: Rotom|40/100
|move|p1b: Tyranitar|Rock Slide|p2a: Rotom
|-damage|p2a: Rotom|3/100
|move|p2a: Rotom|Thunder|p1a: Sylveon
|-damage|p1a: Sylveon|44/100
|
|-weather|none
|-damage|p1b: Tyranitar|45/100 brn|[from] brn
|-end|p2a: Rotom|move: Yawn|[silent]
|-status|p2a: Rotom|slp
|upkeep
|turn|8
|
|t:|1785751474
|move|p1a: Sylveon|Quick Attack|p2a: Rotom
|-damage|p2a: Rotom|0 fnt
|faint|p2a: Rotom
|
|win|Avriss
|raw|Avriss's rating: 1119 → 1141(+22 for winning)
|raw|Accceeeee's rating: 1071 → 1053(-18 for losing)
