|j|☆moicito
|j|☆Clementine1997
|html|moicitoClementine1997    
|uhtml|bestof|Game 3 of a best-of-3
|t:|1756257617
|gametype|doubles
|player|p1|moicito|266|1184
|player|p2|Clementine1997|clair|1228
|gen|9
|tier|[Gen 9] VGC 2025 Reg H (Bo3)
|rated|
|rule|Species Clause: Limit one of each Pokémon
|rule|Item Clause: Limit 1 of each item
|clearpoke
|poke|p1|Kingambit, L50, F|
|poke|p1|Rillaboom, L50, F|
|poke|p1|Electabuzz, L50, M|
|poke|p1|Volcarona, L50, M|
|poke|p1|Sneasler, L50, M|
|poke|p1|Dragonite, L50, F|
|poke|p2|Whimsicott, L50, M|
|poke|p2|Ursaluna-Bloodmoon, L50, M|
|poke|p2|Incineroar, L50, M|
|poke|p2|Rillaboom, L50, M|
|poke|p2|Kingambit, L50, F|
|poke|p2|Primarina, L50, M|
|teampreview|4
|showteam|p1|Kingambit||BlackGlasses|Defiant|Protect,KowtowCleave,SuckerPunch,SwordsDance|||F|||50|,,,,,Dark]Rillaboom||AssaultVest|GrassySurge|WoodHammer,GrassyGlide,HighHorsepower,FakeOut|||F|||50|,,,,,Fire]Electabuzz||Eviolite|VitalSpirit|Protect,Thunderbolt,HelpingHand,FollowMe|||M|||50|,,,,,Ghost]Volcarona||CovertCloak|FlameBody|Protect,HeatWave,TeraBlast,QuiverDance|||M|||50|,,,,,Fairy]Sneasler||FocusSash|Unburden|CloseCombat,DireClaw,Coaching,FakeOut|||M|||50|,,,,,Stellar]Dragonite||LoadedDice|Multiscale|ScaleShot,Haze,ExtremeSpeed,Protect|||F|||50|,,,,,Fairy
|showteam|p2|Whimsicott||FocusSash|Prankster|Moonblast,Encore,Taunt,Tailwind|||M|||50|,,,,,Fire]Ursaluna-Bloodmoon||LifeOrb|MindsEye|BloodMoon,EarthPower,VacuumWave,Protect|||M|||50|,,,,,Dragon]Incineroar||SitrusBerry|Intimidate|KnockOff,PartingShot,FlareBlitz,FakeOut|||M|||50|,,,,,Grass]Rillaboom||AssaultVest|GrassySurge|GrassyGlide,HighHorsepower,FakeOut,Uturn|||M|||50|,,,,,Fire]Kingambit||SafetyGoggles|Defiant|SuckerPunch,IronHead,SwordsDance,Protect|||F|||50|,,,,,Water]Primarina||ThroatSpray|LiquidVoice|HyperVoice,Moonblast,Haze,Protect|||M|||50|,,,,,Grass
|inactive|Battle timer is ON: inactive players will automatically lose when time's up. (requested by Clementine1997)
|j| teamthief420
|inactive|moicito has 60 seconds left.
|inactive|Clementine1997 has 60 seconds left.
|
|t:|1756257679
|teamsize|p1|4
|teamsize|p2|4
|start
|switch|p1a: Kingii|Kingambit, L50, F, shiny|100/100
|switch|p1b: Rilli|Rillaboom, L50, F, shiny|100/100
|switch|p2a: Incineroar|Incineroar, L50, M, shiny|100/100
|switch|p2b: Whimsicott|Whimsicott, L50, M, shiny|100/100
|-fieldstart|move: Grassy Terrain|[from] ability: Grassy Surge|[of] p1b: Rilli
|-ability|p2a: Incineroar|Intimidate|boost
|-unboost|p1a: Kingii|atk|1
|-ability|p1a: Kingii|Defiant|boost
|-boost|p1a: Kingii|atk|2
|-unboost|p1b: Rilli|atk|1
|turn|1
|inactive|moicito has 30 seconds left.
|inactive|Clementine1997 has 30 seconds left.
|inactive|Clementine1997 has 20 seconds left.
|
|t:|1756257714
|move|p1b: Rilli|Fake Out|p2a: Incineroar
|-damage|p2a: Incineroar|92/100
|move|p2b: Whimsicott|Tailwind|p2b: Whimsicott
|-sidestart|p2: Clementine1997|move: Tailwind
|cant|p2a: Incineroar|flinch
|move|p1a: Kingii|Kowtow Cleave|p2b: Whimsicott
|-resisted|p2b: Whimsicott
|-damage|p2b: Whimsicott|65/100
|
|-heal|p2b: Whimsicott|71/100|[from] Grassy Terrain
|-heal|p2a: Incineroar|98/100|[from] Grassy Terrain
|upkeep
|turn|2
|inactive|moicito has 30 seconds left.
|inactive|moicito has 20 seconds left.
|inactive|moicito has 15 seconds left.
|inactive|moicito has 10 seconds left.
|
|t:|1756257762
|switch|p1b: Snisli|Sneasler, L50, M|100/100
|-terastallize|p2b: Whimsicott|Fire
|-terastallize|p1a: Kingii|Dark
|move|p2b: Whimsicott|Encore||[still]
|-fail|p2b: Whimsicott
|move|p2a: Incineroar|Flare Blitz|p1a: Kingii
|-damage|p1a: Kingii|54/100
|-damage|p2a: Incineroar|81/100|[from] Recoil
|move|p1a: Kingii|Swords Dance|p1a: Kingii
|-boost|p1a: Kingii|atk|2
|
|-heal|p2b: Whimsicott|77/100|[from] Grassy Terrain
|-heal|p2a: Incineroar|87/100|[from] Grassy Terrain
|-heal|p1a: Kingii|60/100|[from] Grassy Terrain
|upkeep
|turn|3
|inactive|moicito has 30 seconds left.
|inactive|Clementine1997 has 30 seconds left.
|
|t:|1756257792
|switch|p2a: Primarina|Primarina, L50, M, shiny|100/100
|move|p1b: Snisli|Fake Out|p2a: Primarina
|-damage|p2a: Primarina|85/100
|move|p1a: Kingii|Sucker Punch|p2b: Whimsicott
|-damage|p2b: Whimsicott|0 fnt
|faint|p2b: Whimsicott
|
|-heal|p2a: Primarina|91/100|[from] Grassy Terrain
|-heal|p1a: Kingii|66/100|[from] Grassy Terrain
|upkeep
|
|t:|1756257799
|switch|p2b: Ursaluna|Ursaluna-Bloodmoon, L50, M|100/100
|turn|4
|inactive|moicito has 30 seconds left.
|inactive|Clementine1997 has 30 seconds left.
|
|t:|1756257827
|move|p1a: Kingii|Protect|p1a: Kingii
|-singleturn|p1a: Kingii|Protect
|move|p2b: Ursaluna|Vacuum Wave|p1a: Kingii
|-activate|p1a: Kingii|move: Protect
|move|p2a: Primarina|Hyper Voice|p1a: Kingii|[spread] p1b
|-activate|p1a: Kingii|move: Protect
|-damage|p1b: Snisli|52/100
|-enditem|p2a: Primarina|Throat Spray
|-boost|p2a: Primarina|spa|1|[from] item: Throat Spray
|move|p1b: Snisli|Close Combat|p2b: Ursaluna
|-supereffective|p2b: Ursaluna
|-damage|p2b: Ursaluna|9/100
|-unboost|p1b: Snisli|def|1
|-unboost|p1b: Snisli|spd|1
|
|-heal|p2a: Primarina|96/100|[from] Grassy Terrain
|-heal|p2b: Ursaluna|15/100|[from] Grassy Terrain
|-heal|p1b: Snisli|58/100|[from] Grassy Terrain
|-heal|p1a: Kingii|72/100|[from] Grassy Terrain
|-sideend|p2: Clementine1997|move: Tailwind
|upkeep
|turn|5
|inactive|moicito has 30 seconds left.
|inactive|moicito has 20 seconds left.
|inactive|moicito has 15 seconds left.
|inactive|moicito has 10 seconds left.
|inactive|moicito has 5 seconds left.
|
|t:|1756257879
|move|p2a: Primarina|Protect|p2a: Primarina
|-singleturn|p2a: Primarina|Protect
|move|p2b: Ursaluna|Vacuum Wave|p1a: Kingii
|-supereffective|p1a: Kingii
|-damage|p1a: Kingii|29/100
|-damage|p2b: Ursaluna|5/100|[from] item: Life Orb
|move|p1a: Kingii|Sucker Punch||[still]
|-fail|p1a: Kingii
|move|p1b: Snisli|Dire Claw|p2a: Primarina
|-activate|p2a: Primarina|move: Protect
|
|-heal|p1b: Snisli|63/100|[from] Grassy Terrain
|-heal|p2a: Primarina|100/100|[from] Grassy Terrain
|-heal|p2b: Ursaluna|11/100|[from] Grassy Terrain
|-heal|p1a: Kingii|35/100|[from] Grassy Terrain
|-fieldend|move: Grassy Terrain
|upkeep
|turn|6
|inactive|Clementine1997 has 30 seconds left.
|
|t:|1756257906
|switch|p1b: Rilli|Rillaboom, L50, F, shiny|100/100
|-fieldstart|move: Grassy Terrain|[from] ability: Grassy Surge|[of] p1b: Rilli
|move|p2b: Ursaluna|Protect|p2b: Ursaluna
|-singleturn|p2b: Ursaluna|Protect
|move|p1a: Kingii|Protect|p1a: Kingii
|-singleturn|p1a: Kingii|Protect
|move|p2a: Primarina|Hyper Voice|p1a: Kingii|[spread] p1b
|-activate|p1a: Kingii|move: Protect
|-resisted|p1b: Rilli
|-damage|p1b: Rilli|83/100
|
|-heal|p1b: Rilli|88/100|[from] Grassy Terrain
|-heal|p2b: Ursaluna|17/100|[from] Grassy Terrain
|-heal|p1a: Kingii|41/100|[from] Grassy Terrain
|upkeep
|turn|7
|inactive|moicito has 30 seconds left.
|inactive|moicito has 20 seconds left.
|inactive|moicito has 15 seconds left.
|
|t:|1756257950
|switch|p2b: Incineroar|Incineroar, L50, M, shiny|87/100
|-ability|p2b: Incineroar|Intimidate|boost
|-unboost|p1a: Kingii|atk|1
|-ability|p1a: Kingii|Defiant|boost
|-boost|p1a: Kingii|atk|2
|-unboost|p1b: Rilli|atk|1
|move|p1b: Rilli|Grassy Glide|p2b: Incineroar
|-resisted|p2b: Incineroar
|-damage|p2b: Incineroar|75/100
|move|p2a: Primarina|Haze|p2a: Primarina
|-clearallboost
|move|p1a: Kingii|Kowtow Cleave|p2a: Primarina
|-resisted|p2a: Primarina
|-damage|p2a: Primarina|57/100
|
|-heal|p1b: Rilli|94/100|[from] Grassy Terrain
|-heal|p2a: Primarina|63/100|[from] Grassy Terrain
|-heal|p2b: Incineroar|81/100|[from] Grassy Terrain
|-heal|p1a: Kingii|46/100|[from] Grassy Terrain
|upkeep
|turn|8
|l| teamthief420
|inactive|moicito has 30 seconds left.
|inactive|Clementine1997 has 30 seconds left.
|
|t:|1756257978
|switch|p1b: Snisli|Sneasler, L50, M|63/100
|move|p1a: Kingii|Protect|p1a: Kingii
|-singleturn|p1a: Kingii|Protect
|move|p2b: Incineroar|Fake Out|p1b: Snisli
|-damage|p1b: Snisli|41/100
|move|p2a: Primarina|Moonblast|p1a: Kingii
|-activate|p1a: Kingii|move: Protect
|
|-heal|p1b: Snisli|47/100|[from] Grassy Terrain
|-heal|p2a: Primarina|69/100|[from] Grassy Terrain
|-heal|p2b: Incineroar|87/100|[from] Grassy Terrain
|-heal|p1a: Kingii|52/100|[from] Grassy Terrain
|upkeep
|turn|9
|inactive|moicito has 30 seconds left.
|inactive|Clementine1997 has 30 seconds left.
|inactive|moicito has 20 seconds left.
|
|t:|1756258017
|move|p1a: Kingii|Sucker Punch|p2a: Primarina
|-resisted|p2a: Primarina
|-damage|p2a: Primarina|35/100
|move|p1b: Snisli|Close Combat|p2b: Incineroar
|-supereffective|p2b: Incineroar
|-damage|p2b: Incineroar|0 fnt
|-unboost|p1b: Snisli|def|1
|-unboost|p1b: Snisli|spd|1
|faint|p2b: Incineroar
|move|p2a: Primarina|Moonblast|p1b: Snisli
|-damage|p1b: Snisli|0 fnt
|faint|p1b: Snisli
|
|-heal|p2a: Primarina|40/100|[from] Grassy Terrain
|-heal|p1a: Kingii|58/100|[from] Grassy Terrain
|upkeep
|
|t:|1756258029
|switch|p1b: Rilli|Rillaboom, L50, F, shiny|94/100
|switch|p2b: Ursaluna|Ursaluna-Bloodmoon, L50, M|17/100
|turn|10
|
|t:|1756258040
|move|p2b: Ursaluna|Protect|p2b: Ursaluna
|-singleturn|p2b: Ursaluna|Protect
|move|p2a: Primarina|Protect|p2a: Primarina
|-singleturn|p2a: Primarina|Protect
|move|p1a: Kingii|Protect|p1a: Kingii
|-singleturn|p1a: Kingii|Protect
|move|p1b: Rilli|Fake Out|p2b: Ursaluna
|-activate|p2b: Ursaluna|move: Protect
|
|-heal|p1b: Rilli|99/100|[from] Grassy Terrain
|-heal|p2a: Primarina|46/100|[from] Grassy Terrain
|-heal|p2b: Ursaluna|23/100|[from] Grassy Terrain
|-heal|p1a: Kingii|64/100|[from] Grassy Terrain
|-fieldend|move: Grassy Terrain
|upkeep
|turn|11
|
|t:|1756258056
|switch|p1a: Volkii|Volcarona, L50, M, shiny|100/100
|move|p2b: Ursaluna|Vacuum Wave|p1a: Volkii
|-resisted|p1a: Volkii
|-damage|p1a: Volkii|91/100
|-damage|p2b: Ursaluna|14/100|[from] item: Life Orb
|move|p1b: Rilli|Grassy Glide|p2b: Ursaluna
|-supereffective|p2b: Ursaluna
|-damage|p2b: Ursaluna|0 fnt
|faint|p2b: Ursaluna
|move|p2a: Primarina|Moonblast|p1b: Rilli
|-damage|p1b: Rilli|66/100
|-unboost|p1b: Rilli|spa|1
|
|upkeep
|turn|12
|-message|Clementine1997 forfeited.
|
|win|moicito
|raw|moicito's rating: 1184 → 1212(+28 for winning)
|raw|Clementine1997's rating: 1228 → 1200(-28 for losing)
|l|☆Clementine1997
|player|p2|
