|j|☆Kyooby
|j|☆Donzoabuser
|html|KyoobyDonzoabuser    
|uhtml|bestof|Game 2 of a best-of-3
|t:|1757668181
|gametype|doubles
|player|p1|Kyooby|volkner|1050
|player|p2|Donzoabuser|2|1053
|gen|9
|tier|[Gen 9] VGC 2025 Reg H (Bo3)
|rated|
|rule|Species Clause: Limit one of each Pokémon
|rule|Item Clause: Limit 1 of each item
|clearpoke
|poke|p1|Sinistcha, L50|
|poke|p1|Archaludon, L50, M|
|poke|p1|Pelipper, L50, M|
|poke|p1|Basculegion, L50, M|
|poke|p1|Hydreigon, L50, M|
|poke|p1|Electrode-Hisui, L50|
|poke|p2|Dondozo, L50, M|
|poke|p2|Tatsugiri, L50, M|
|poke|p2|Annihilape, L50, F|
|poke|p2|Dragonite, L50, M|
|poke|p2|Ninetales-Alola, L50, M|
|poke|p2|Typhlosion, L50, M|
|teampreview|4
|showteam|p1|Sinistcha||SitrusBerry|Hospitality|MatchaGotcha,StrengthSap,RagePowder,TrickRoom||||||50|,,,,,Fire]Archaludon||AssaultVest|Stamina|DragonPulse,FlashCannon,ElectroShot,BodyPress|||M|||50|,,,,,Bug]Pelipper||FocusSash|Drizzle|WeatherBall,Hurricane,Tailwind,Protect|||M|||50|,,,,,Stellar]Basculegion||LifeOrb|SwiftSwim|WaveCrash,LastRespects,AquaJet,Protect|||M|||50|,,,,,Grass]Hydreigon||ScopeLens|Levitate|DracoMeteor,DarkPulse,FocusEnergy,Protect|||M|||50|,,,,,Steel]Electrode-Hisui||LoadedDice|Soundproof|BulletSeed,Electroweb,Taunt,RainDance||||||50|,,,,,Ghost
|showteam|p2|Dondozo||Leftovers|Unaware|Protect,WaveCrash,Earthquake,OrderUp|||M|||50|,,,,,Steel]Tatsugiri||ChoiceSpecs|Commander|DracoMeteor,MuddyWater,IcyWind,DragonPulse|||M|||50|,,,,,Ghost]Annihilape||SafetyGoggles|Defiant|DrainPunch,RageFist,BulkUp,Protect|||F|||50|,,,,,Water]Dragonite||LoadedDice|Multiscale|Protect,ScaleShot,Tailwind,IceSpinner|||M|||50|,,,,,Fairy]Ninetales-Alola||LightClay|SnowWarning|Blizzard,FreezeDry,AuroraVeil,Moonblast|||M|||50|,,,,,Ghost]Typhlosion||ChoiceScarf|FlashFire|Eruption,Flamethrower,ScorchingSands,Overheat|||M|||50|,,,,,Fire
|inactive|Battle timer is ON: inactive players will automatically lose when time's up. (requested by Kyooby)
|inactive|Kyooby has 60 seconds left.
|
|t:|1757668212
|teamsize|p1|4
|teamsize|p2|4
|start
|switch|p1a: Hydreigon|Hydreigon, L50, M|100/100
|switch|p1b: Pelipper|Pelipper, L50, M|100/100
|switch|p2a: Annihilape|Annihilape, L50, F|100/100
|switch|p2b: Dragonite|Dragonite, L50, M|100/100
|-weather|RainDance|[from] ability: Drizzle|[of] p1b: Pelipper
|turn|1
|inactive|Donzoabuser has 30 seconds left.
|inactive|Donzoabuser has 20 seconds left.
|
|t:|1757668247
|-terastallize|p1a: Hydreigon|Steel
|-terastallize|p2b: Dragonite|Fairy
|move|p2a: Annihilape|Protect|p2a: Annihilape
|-singleturn|p2a: Annihilape|Protect
|move|p1a: Hydreigon|Focus Energy|p1a: Hydreigon
|-start|p1a: Hydreigon|move: Focus Energy
|move|p1b: Pelipper|Tailwind|p1b: Pelipper
|-sidestart|p1: Kyooby|move: Tailwind
|move|p2b: Dragonite|Scale Shot|p1a: Hydreigon
|-resisted|p1a: Hydreigon
|-damage|p1a: Hydreigon|92/100
|-resisted|p1a: Hydreigon
|-damage|p1a: Hydreigon|84/100
|-resisted|p1a: Hydreigon
|-damage|p1a: Hydreigon|75/100
|-resisted|p1a: Hydreigon
|-damage|p1a: Hydreigon|68/100
|-hitcount|p1a: Hydreigon|4
|-unboost|p2b: Dragonite|def|1
|-boost|p2b: Dragonite|spe|1
|
|-weather|RainDance|[upkeep]
|upkeep
|turn|2
|inactive|Kyooby has 30 seconds left.
|inactive|Kyooby has 20 seconds left.
|
|t:|1757668286
|move|p1a: Hydreigon|Draco Meteor|p2a: Annihilape
|-crit|p2a: Annihilape
|-damage|p2a: Annihilape|28/100
|-unboost|p1a: Hydreigon|spa|2
|move|p1b: Pelipper|Weather Ball|p2a: Annihilape
|-damage|p2a: Annihilape|0 fnt
|faint|p2a: Annihilape
|move|p2b: Dragonite|Tailwind|p2b: Dragonite
|-sidestart|p2: Donzoabuser|move: Tailwind
|
|-weather|RainDance|[upkeep]
|upkeep
|
|t:|1757668295
|switch|p2a: Tatsugiri|Tatsugiri, L50, M|100/100
|turn|3
|
|t:|1757668314
|switch|p1b: Sinistcha|Sinistcha, L50|100/100
|-heal|p1a: Hydreigon|93/100|[from] ability: Hospitality|[of] p1b: Sinistcha
|move|p1a: Hydreigon|Draco Meteor|p2a: Tatsugiri
|-supereffective|p2a: Tatsugiri
|-crit|p2a: Tatsugiri
|-damage|p2a: Tatsugiri|0 fnt
|-unboost|p1a: Hydreigon|spa|2
|faint|p2a: Tatsugiri
|move|p2b: Dragonite|Scale Shot|p1b: Sinistcha
|-damage|p1b: Sinistcha|89/100
|-damage|p1b: Sinistcha|77/100
|-damage|p1b: Sinistcha|63/100
|-damage|p1b: Sinistcha|49/100
|-enditem|p1b: Sinistcha|Sitrus Berry|[eat]
|-heal|p1b: Sinistcha|74/100|[from] item: Sitrus Berry
|-hitcount|p1b: Sinistcha|4
|-unboost|p2b: Dragonite|def|1
|-boost|p2b: Dragonite|spe|1
|
|-weather|RainDance|[upkeep]
|upkeep
|
|t:|1757668323
|switch|p2a: Dondozo|Dondozo, L50, M|100/100
|turn|4
|
|t:|1757668342
|move|p2b: Dragonite|Scale Shot|p1a: Hydreigon
|-resisted|p1a: Hydreigon
|-damage|p1a: Hydreigon|85/100
|-resisted|p1a: Hydreigon
|-damage|p1a: Hydreigon|76/100
|-resisted|p1a: Hydreigon
|-damage|p1a: Hydreigon|68/100
|-resisted|p1a: Hydreigon
|-damage|p1a: Hydreigon|59/100
|-resisted|p1a: Hydreigon
|-damage|p1a: Hydreigon|50/100
|-hitcount|p1a: Hydreigon|5
|-unboost|p2b: Dragonite|def|1
|-boost|p2b: Dragonite|spe|1
|move|p1a: Hydreigon|Draco Meteor|p2a: Dondozo
|-crit|p2a: Dondozo
|-damage|p2a: Dondozo|1/100
|-unboost|p1a: Hydreigon|spa|2
|move|p1b: Sinistcha|Strength Sap|p2b: Dragonite
|-unboost|p2b: Dragonite|atk|1
|-heal|p1b: Sinistcha|100/100
|move|p2a: Dondozo|Wave Crash|p1a: Hydreigon
|-damage|p1a: Hydreigon|0 fnt
|faint|p1a: Hydreigon
|-damage|p2a: Dondozo|0 fnt|[from] Recoil
|faint|p2a: Dondozo
|
|-weather|RainDance|[upkeep]
|-sideend|p1: Kyooby|move: Tailwind
|upkeep
|
|t:|1757668363
|switch|p1a: Basculegion|Basculegion, L50, M|100/100
|turn|5
|
|t:|1757668383
|move|p1b: Sinistcha|Rage Powder|p1b: Sinistcha
|-singleturn|p1b: Sinistcha|move: Rage Powder
|move|p2b: Dragonite|Scale Shot|p1b: Sinistcha
|-damage|p1b: Sinistcha|92/100
|-damage|p1b: Sinistcha|84/100
|-damage|p1b: Sinistcha|75/100
|-damage|p1b: Sinistcha|66/100
|-hitcount|p1b: Sinistcha|4
|-unboost|p2b: Dragonite|def|1
|-boost|p2b: Dragonite|spe|1
|move|p1a: Basculegion|Wave Crash|p2b: Dragonite
|-damage|p2b: Dragonite|0 fnt
|faint|p2b: Dragonite
|-damage|p1a: Basculegion|68/100|[from] Recoil
|-damage|p1a: Basculegion|59/100|[from] item: Life Orb
|
|win|Kyooby
|l|☆Donzoabuser
|player|p2|
|inactive|Kyooby has 30 seconds to confirm battle start!
|inactive|Donzoabuser has 30 seconds to confirm battle start!
||Kyooby is ready for game 3.
|inactive|Donzoabuser has 20 seconds to confirm battle start!
|inactive|Donzoabuser has 10 seconds to confirm battle start!
|inactive|Donzoabuser has 0 seconds to confirm battle start!
|uhtml|next|Next: Game 3 of 3
|l|☆Kyooby
|player|p1|
