|j|☆5hef
|j|☆BlackStag52
|html|5hefBlackStag52    
|uhtml|bestof|Game 2 of a best-of-3
|t:|1756169381
|gametype|doubles
|player|p1|5hef|cynthia-masters3|1099
|player|p2|BlackStag52|beauty|1059
|gen|9
|tier|[Gen 9] VGC 2025 Reg H (Bo3)
|rated|
|rule|Species Clause: Limit one of each Pokémon
|rule|Item Clause: Limit 1 of each item
|clearpoke
|poke|p1|Archaludon, L50, F|
|poke|p1|Pelipper, L50, M|
|poke|p1|Rillaboom, L50, M|
|poke|p1|Palafin, L50, M|
|poke|p1|Smeargle, L50, F|
|poke|p1|Basculegion, L50, M|
|poke|p2|Kingambit, L50, M|
|poke|p2|Gallade, L50, M|
|poke|p2|Indeedee-F, L50, F|
|poke|p2|Rampardos, L50, M|
|poke|p2|Amoonguss, L50, M|
|poke|p2|Incineroar, L50, F|
|teampreview|4
|showteam|p1|Archaludon||AssaultVest|Stamina|DracoMeteor,FlashCannon,ElectroShot,BodyPress|||F|||50|,,,,,Grass]Pelipper||CovertCloak|Drizzle|WeatherBall,Hurricane,Protect,Tailwind|||M|||50|,,,,,Grass]Rillaboom||SitrusBerry|GrassySurge|WoodHammer,GrassyGlide,FakeOut,Uturn|||M|||50|,,,,,Fire]Palafin||ChoiceBand|ZerotoHero|JetPunch,FlipTurn,WaveCrash,ZenHeadbutt|||M|||50|,,,,,Water]Smeargle||FocusSash|Technician|Spore,PopulationBomb,Decorate,FakeOut|||F|||50|,,,,,Normal]Basculegion||LifeOrb|SwiftSwim|LastRespects,WaveCrash,AquaJet,Protect|||M|||50|,,,,,Ghost
|showteam|p2|Kingambit||BlackGlasses|Defiant|KowtowCleave,IronHead,Protect,PoisonJab|||M|||50|,,,,,Psychic]Gallade||ClearAmulet|Sharpness|SacredSword,TrickRoom,PsychoCut,WideGuard|||M|||50|,,,,,Dark]Indeedee-F||PsychicSeed|PsychicSurge|TrickRoom,FollowMe,HelpingHand,HyperVoice|||F|||50|,,,,,Fairy]Rampardos||LifeOrb|SheerForce|RockSlide,HammerArm,Protect,BreakingSwipe|||M|||50|,,,,,Dragon]Amoonguss||Leftovers|Regenerator|Spore,RagePowder,SludgeBomb,PollenPuff|||M|||50|,,,,,Dark]Incineroar||SafetyGoggles|Intimidate|FakeOut,PartingShot,KnockOff,FlareBlitz|||F|||50|,,,,,Ghost
|inactive|Battle timer is ON: inactive players will automatically lose when time's up. (requested by 5hef)
|
|t:|1756169397
|teamsize|p1|4
|teamsize|p2|4
|start
|switch|p1a: fuk as bird|Pelipper, L50, M|100/100
|switch|p1b: Palafin|Palafin, L50, M|100/100
|switch|p2a: Amoonguss|Amoonguss, L50, M|100/100
|switch|p2b: Indeedee|Indeedee-F, L50, F|100/100
|-weather|RainDance|[from] ability: Drizzle|[of] p1a: fuk as bird
|-fieldstart|move: Psychic Terrain|[from] ability: Psychic Surge|[of] p2b: Indeedee
|-enditem|p2b: Indeedee|Psychic Seed
|-boost|p2b: Indeedee|spd|1|[from] item: Psychic Seed
|turn|1
|
|t:|1756169420
|-terastallize|p2a: Amoonguss|Dark
|move|p1b: Palafin|Flip Turn|p2a: Amoonguss
|-damage|p2a: Amoonguss|46/100
|
|t:|1756169427
|detailschange|p1b: Palafin|Palafin-Hero, L50, M
|switch|p1b: Rillaboom|Rillaboom, L50, M|100/100|[from] Flip Turn
|-fieldstart|move: Grassy Terrain|[from] ability: Grassy Surge|[of] p1b: Rillaboom
|move|p1a: fuk as bird|Hurricane|p2a: Amoonguss
|-damage|p2a: Amoonguss|0 fnt
|faint|p2a: Amoonguss
|move|p2b: Indeedee|Trick Room|p2b: Indeedee
|-fieldstart|move: Trick Room|[of] p2b: Indeedee
|
|-weather|RainDance|[upkeep]
|upkeep
|
|t:|1756169435
|switch|p2a: Incineroar|Incineroar, L50, F|100/100
|-ability|p2a: Incineroar|Intimidate|boost
|-unboost|p1a: fuk as bird|atk|1
|-unboost|p1b: Rillaboom|atk|1
|turn|2
|
|t:|1756169450
|switch|p2b: Kingambit|Kingambit, L50, M|100/100
|move|p2a: Incineroar|Fake Out|p1b: Rillaboom
|-damage|p1b: Rillaboom|91/100
|cant|p1b: Rillaboom|flinch
|move|p1a: fuk as bird|Weather Ball|p2a: Incineroar
|-supereffective|p2a: Incineroar
|-damage|p2a: Incineroar|0 fnt
|faint|p2a: Incineroar
|
|-weather|RainDance|[upkeep]
|-heal|p1b: Rillaboom|97/100|[from] Grassy Terrain
|upkeep
|
|t:|1756169458
|switch|p2a: Indeedee|Indeedee-F, L50, F|100/100
|-fieldstart|move: Psychic Terrain|[from] ability: Psychic Surge|[of] p2a: Indeedee
|turn|3
|
|t:|1756169479
|move|p2a: Indeedee|Helping Hand|p2b: Kingambit
|-singleturn|p2b: Kingambit|Helping Hand|[of] p2a: Indeedee
|move|p2b: Kingambit|Poison Jab|p1b: Rillaboom
|-supereffective|p1b: Rillaboom
|-damage|p1b: Rillaboom|7/100
|-status|p1b: Rillaboom|psn
|-enditem|p1b: Rillaboom|Sitrus Berry|[eat]
|-heal|p1b: Rillaboom|31/100 psn|[from] item: Sitrus Berry
|move|p1a: fuk as bird|Weather Ball|p2b: Kingambit
|-damage|p2b: Kingambit|28/100
|move|p1b: Rillaboom|U-turn|p2b: Kingambit
|-damage|p2b: Kingambit|16/100
|
|t:|1756169493
|switch|p1b: Archaludon|Archaludon, L50, F|100/100|[from] U-turn
|
|-weather|RainDance|[upkeep]
|upkeep
|turn|4
|
|t:|1756169515
|move|p2a: Indeedee|Follow Me|p2a: Indeedee
|-singleturn|p2a: Indeedee|move: Follow Me
|move|p2b: Kingambit|Kowtow Cleave|p1a: fuk as bird
|-crit|p1a: fuk as bird
|-damage|p1a: fuk as bird|9/100
|move|p1a: fuk as bird|Weather Ball|p2a: Indeedee
|-damage|p2a: Indeedee|30/100
|move|p1b: Archaludon|Electro Shot||[still]
|-prepare|p1b: Archaludon|Electro Shot
|-boost|p1b: Archaludon|spa|1
|-anim|p1b: Archaludon|Electro Shot|p2a: Indeedee
|-damage|p2a: Indeedee|0 fnt
|faint|p2a: Indeedee
|
|-weather|RainDance|[upkeep]
|upkeep
|turn|5
|
|t:|1756169533
|move|p1a: fuk as bird|Protect|p1a: fuk as bird
|-singleturn|p1a: fuk as bird|Protect
|move|p2b: Kingambit|Kowtow Cleave|p1a: fuk as bird
|-activate|p1a: fuk as bird|move: Protect
|move|p1b: Archaludon|Electro Shot||[still]
|-prepare|p1b: Archaludon|Electro Shot
|-boost|p1b: Archaludon|spa|1
|-anim|p1b: Archaludon|Electro Shot|p2b: Kingambit
|-damage|p2b: Kingambit|0 fnt
|faint|p2b: Kingambit
|
|win|5hef
