|j|Ōśåmidranger
|j|ŌśåMega Chime Time
|html|midrangerMega Chime Time    
|uhtml|bestof|Game 1 of a best-of-3
|t:|1784288620
|gametype|doubles
|player|p1|midranger|169|
|player|p2|Mega Chime Time|miku-flying|
|gen|9
|tier|[Gen 9 Champions] VGC 2026 Reg M-B (Bo3)
|rule|Species Clause: Limit one of each Pok├®mon
|rule|Item Clause: Limit 1 of each item
|clearpoke
|poke|p1|Aromatisse, L50, F|
|poke|p1|Blastoise, L50, M|
|poke|p1|Manectric, L50, M|
|poke|p1|Ariados, L50, F|
|poke|p1|Machamp, L50, M|
|poke|p1|Skarmory, L50, M|
|poke|p2|Altaria, L50, F|
|poke|p2|Salazzle, L50, F|
|poke|p2|Blastoise, L50, M|
|poke|p2|Rotom-Frost, L50|
|poke|p2|Arcanine, L50, F|
|poke|p2|Chesnaught, L50, M, shiny|
|teampreview|4
|showteam|p1|Aromatisse||Leftovers|AromaVeil|AfterYou,TrickRoom,Moonblast,HealPulse|Sassy||F|||50|]Blastoise||WhiteHerb|RainDish|WaterSpout,DarkPulse,FakeOut,ShellSmash|Modest||M|||50|]Manectric||Manectite|LightningRod|VoltSwitch,Snarl,Protect,Thunderbolt|Timid||M|||50|]Ariados||SitrusBerry|Insomnia|KnockOff,StringShot,RagePowder,Protect|Impish||F|||50|]Machamp||LifeOrb|NoGuard|DynamicPunch,WideGuard,BulletPunch,StompingTantrum|Adamant||M|||50|]Skarmory||Skarmorite|KeenEye|IronHead,BraveBird,Protect,Tailwind|Adamant||M|||50|
|showteam|p2|Altaria||Altarianite|NaturalCure|HyperVoice,Roost,WillOWisp,Protect|Modest||F|||50|]Salazzle||FocusSash|Corrosion|FakeOut,SludgeBomb,Encore,Protect|Hasty||F|||50|]Blastoise||SitrusBerry|RainDish|FakeOut,WaveCrash,Yawn,LifeDew|Adamant||M|||50|]Rotom-Frost||ChoiceScarf|Levitate|Blizzard,Electroweb,VoltSwitch,Thunderbolt|Timid|||||50|]Arcanine||Charcoal|Intimidate|ExtremeSpeed,FlareBlitz,Snarl,Protect|Jolly||F|||50|]Chesnaught||Chesnaughtite|Bulletproof|BodyPress,SpikyShield,WideGuard,WoodHammer|Adamant||M|||50|
|c|Ōśåmidranger|your name was different and confused me
|c|Ōśåmidranger|lol
|c|Ōśåmidranger|gl hf
|c|ŌśåMega Chime Time|oh whoops lol
|c|ŌśåMega Chime Time|gl hf
|
|t:|1784288775
|teamsize|p1|4
|teamsize|p2|4
|start
|switch|p1a: Aromatisse|Aromatisse, L50, F|100/100
|switch|p1b: Blastoise|Blastoise, L50, M|100/100
|switch|p2a: Altaria|Altaria, L50, F|100/100
|switch|p2b: Arcanine|Arcanine, L50, F|100/100
|-ability|p2b: Arcanine|Intimidate|boost
|-unboost|p1a: Aromatisse|atk|1
|-unboost|p1b: Blastoise|atk|1
|-enditem|p1b: Blastoise|White Herb
|-clearnegativeboost|p1b: Blastoise|[silent]
|turn|1
|
|t:|1784288802
|switch|p2b: Chesnaught|Chesnaught, L50, M, shiny|100/100
|detailschange|p2a: Altaria|Altaria-Mega, L50, F
|-mega|p2a: Altaria|Altaria|Altarianite
|move|p1b: Blastoise|Fake Out|p2a: Altaria
|-damage|p2a: Altaria|92/100
|cant|p2a: Altaria|flinch
|move|p1a: Aromatisse|Trick Room|p1a: Aromatisse
|-fieldstart|move: Trick Room|[of] p1a: Aromatisse
|
|upkeep
|turn|2
|
|t:|1784288839
|switch|p1b: Ariados|Ariados, L50, F|100/100
|move|p2b: Chesnaught|Wide Guard|p2b: Chesnaught
|-singleturn|p2b: Chesnaught|Wide Guard
|move|p1a: Aromatisse|Moonblast|p2b: Chesnaught
|-supereffective|p2b: Chesnaught|1
|-damage|p2b: Chesnaught|26/100
|move|p2a: Altaria|Hyper Voice|p1b: Ariados|[spread] p1a,p1b
|-resisted|p1b: Ariados|1
|-damage|p1a: Aromatisse|66/100
|-damage|p1b: Ariados|77/100
|
|-heal|p1a: Aromatisse|72/100|[from] item: Leftovers
|upkeep
|turn|3
|
|t:|1784288865
|switch|p2b: Arcanine|Arcanine, L50, F|100/100
|-ability|p2b: Arcanine|Intimidate|boost
|-unboost|p1a: Aromatisse|atk|1
|-unboost|p1b: Ariados|atk|1
|move|p1a: Aromatisse|Moonblast|p2a: Altaria
|-supereffective|p2a: Altaria|1
|-damage|p2a: Altaria|29/100
|move|p1b: Ariados|Knock Off|p2b: Arcanine
|-damage|p2b: Arcanine|81/100
|-enditem|p2b: Arcanine|Charcoal|[from] move: Knock Off|[of] p1b: Ariados
|move|p2a: Altaria|Hyper Voice|p1a: Aromatisse|[spread] p1a,p1b
|-resisted|p1b: Ariados|1
|-damage|p1a: Aromatisse|36/100
|-damage|p1b: Ariados|53/100
|
|-heal|p1a: Aromatisse|42/100|[from] item: Leftovers
|upkeep
|turn|4
|
|t:|1784288886
|move|p2a: Altaria|Protect|p2a: Altaria
|-singleturn|p2a: Altaria|Protect
|move|p1b: Ariados|Rage Powder|p1b: Ariados
|-singleturn|p1b: Ariados|move: Rage Powder
|move|p1a: Aromatisse|Moonblast|p2a: Altaria
|-activate|p2a: Altaria|move: Protect
|move|p2b: Arcanine|Flare Blitz|p1b: Ariados
|-supereffective|p1b: Ariados|1
|-damage|p1b: Ariados|0 fnt
|faint|p1b: Ariados
|-damage|p2b: Arcanine|62/100|[from] Recoil
|
|-heal|p1a: Aromatisse|48/100|[from] item: Leftovers
|upkeep
|
|t:|1784288899
|switch|p1b: Blastoise|Blastoise, L50, M|100/100
|turn|5
|
|t:|1784288911
|switch|p2a: Blastoise|Blastoise, L50, M|100/100
|move|p2b: Arcanine|Protect|p2b: Arcanine
|-singleturn|p2b: Arcanine|Protect
|move|p1a: Aromatisse|After You|p1b: Blastoise
|-activate|p1b: Blastoise|move: After You
|move|p1b: Blastoise|Water Spout|p2a: Blastoise|[spread] p2a
|-activate|p2b: Arcanine|move: Protect
|-resisted|p2a: Blastoise|1
|-damage|p2a: Blastoise|81/100
|
|-heal|p1a: Aromatisse|54/100|[from] item: Leftovers
|-fieldend|move: Trick Room
|upkeep
|turn|6
|
|t:|1784288937
|move|p2b: Arcanine|Snarl|p1b: Blastoise|[spread] p1a,p1b
|-resisted|p1a: Aromatisse|1
|-damage|p1a: Aromatisse|51/100
|-damage|p1b: Blastoise|92/100
|-unboost|p1a: Aromatisse|spa|1
|-unboost|p1b: Blastoise|spa|1
|move|p1b: Blastoise|Water Spout|p2b: Arcanine|[spread] p2a,p2b
|-resisted|p2a: Blastoise|1
|-supereffective|p2b: Arcanine|1
|-damage|p2a: Blastoise|69/100
|-damage|p2b: Arcanine|0 fnt
|faint|p2b: Arcanine
|move|p2a: Blastoise|Wave Crash|p1a: Aromatisse
|-damage|p1a: Aromatisse|11/100
|-damage|p2a: Blastoise|54/100|[from] Recoil
|move|p1a: Aromatisse|Trick Room|p1a: Aromatisse
|-fieldstart|move: Trick Room|[of] p1a: Aromatisse
|
|-heal|p1a: Aromatisse|17/100|[from] item: Leftovers
|upkeep
|
|t:|1784288956
|switch|p2b: Chesnaught|Chesnaught, L50, M, shiny|26/100
|turn|7
|
|t:|1784288989
|switch|p1b: Manectric|Manectric, L50, M|100/100
|move|p1a: Aromatisse|Moonblast|p2b: Chesnaught
|-supereffective|p2b: Chesnaught|1
|-damage|p2b: Chesnaught|0 fnt
|faint|p2b: Chesnaught
|move|p2a: Blastoise|Wave Crash|p1a: Aromatisse
|-damage|p1a: Aromatisse|0 fnt
|faint|p1a: Aromatisse
|-damage|p2a: Blastoise|48/100|[from] Recoil
|-enditem|p2a: Blastoise|Sitrus Berry|[eat]
|-heal|p2a: Blastoise|73/100|[from] item: Sitrus Berry
|
|upkeep
|
|t:|1784289001
|switch|p1a: Blastoise|Blastoise, L50, M|92/100
|switch|p2b: Altaria|Altaria-Mega, L50, F|29/100
|turn|8
|
|t:|1784289030
|detailschange|p1b: Manectric|Manectric-Mega, L50, M
|-mega|p1b: Manectric|Manectric|Manectite
|-ability|p1b: Manectric|Intimidate|boost
|-unboost|p2a: Blastoise|atk|1
|-unboost|p2b: Altaria|atk|1
|move|p1a: Blastoise|Fake Out|p2a: Blastoise
|-damage|p2a: Blastoise|66/100
|cant|p2a: Blastoise|flinch
|move|p2b: Altaria|Roost|p2b: Altaria
|-heal|p2b: Altaria|79/100
|-singleturn|p2b: Altaria|move: Roost
|move|p1b: Manectric|Thunderbolt|p2b: Altaria
|-resisted|p2b: Altaria|1
|-damage|p2b: Altaria|57/100
|
|upkeep
|turn|9
|
|t:|1784289049
|move|p1b: Manectric|Protect|p1b: Manectric
|-singleturn|p1b: Manectric|Protect
|move|p2a: Blastoise|Yawn|p1b: Manectric
|-activate|p1b: Manectric|move: Protect
|move|p1a: Blastoise|Water Spout|p2b: Altaria|[spread] p2a,p2b
|-resisted|p2a: Blastoise|1
|-resisted|p2b: Altaria|1
|-damage|p2a: Blastoise|49/100
|-damage|p2b: Altaria|39/100
|move|p2b: Altaria|Hyper Voice|p1a: Blastoise|[spread] p1a
|-activate|p1b: Manectric|move: Protect
|-damage|p1a: Blastoise|59/100
|
|upkeep
|turn|10
|
|t:|1784289069
|move|p2a: Blastoise|Yawn|p1b: Manectric
|-start|p1b: Manectric|move: Yawn|[of] p2a: Blastoise
|move|p1a: Blastoise|Dark Pulse|p2b: Altaria
|-resisted|p2b: Altaria|1
|-damage|p2b: Altaria|30/100
|move|p2b: Altaria|Roost|p2b: Altaria
|-heal|p2b: Altaria|80/100
|-singleturn|p2b: Altaria|move: Roost
|move|p1b: Manectric|Snarl|p2b: Altaria|[spread] p2b
|-miss|p1b: Manectric|p2a: Blastoise
|-resisted|p2b: Altaria|1
|-damage|p2b: Altaria|73/100
|-unboost|p2b: Altaria|spa|1
|
|-fieldend|move: Trick Room
|upkeep
|turn|11
|
|t:|1784289097
|move|p1b: Manectric|Thunderbolt|p2a: Blastoise
|-supereffective|p2a: Blastoise|1
|-damage|p2a: Blastoise|0 fnt
|faint|p2a: Blastoise
|move|p2b: Altaria|Hyper Voice|p1b: Manectric|[spread] p1a,p1b
|-damage|p1a: Blastoise|37/100
|-damage|p1b: Manectric|60/100
|move|p1a: Blastoise|Dark Pulse|p2b: Altaria
|-resisted|p2b: Altaria|1
|-damage|p2b: Altaria|63/100
|
|-end|p1b: Manectric|move: Yawn|[silent]
|-status|p1b: Manectric|slp
|upkeep
|turn|12
|
|t:|1784289113
|cant|p1b: Manectric|slp
|move|p2b: Altaria|Hyper Voice|p1a: Blastoise|[spread] p1a,p1b
|-crit|p1b: Manectric
|-damage|p1a: Blastoise|12/100
|-damage|p1b: Manectric|0 fnt
|faint|p1b: Manectric
|move|p1a: Blastoise|Dark Pulse|p2b: Altaria
|-resisted|p2b: Altaria|1
|-damage|p2b: Altaria|54/100
|
|upkeep
|turn|13
|
|t:|1784289123
|move|p2b: Altaria|Hyper Voice|p1a: Blastoise
|-damage|p1a: Blastoise|0 fnt
|faint|p1a: Blastoise
|
|win|Mega Chime Time
||midranger is ready for game 2.
||Mega Chime Time is ready for game 2.
|uhtml|next|Next: Game 2 of 3
|l|Ōśåmidranger
|player|p1|
