|j|☆sandy ghost 5
|j|☆IceApfel
|html|sandy ghost 5IceApfel    
|uhtml|bestof|Game 1 of a best-of-3
|t:|1757079024
|gametype|doubles
|player|p1|sandy ghost 5|baker|1318
|player|p2|IceApfel|waiter-gen4|1305
|gen|9
|tier|[Gen 9] VGC 2025 Reg H (Bo3)
|rated|
|rule|Species Clause: Limit one of each Pokémon
|rule|Item Clause: Limit 1 of each item
|clearpoke
|poke|p1|Tyranitar, L50, F|
|poke|p1|Excadrill, L50, M|
|poke|p1|Sinistcha-Masterpiece, L50|
|poke|p1|Salamence, L50, M|
|poke|p1|Blaziken, L50, M|
|poke|p1|Bruxish, L50, M|
|poke|p2|Archaludon, L50, F|
|poke|p2|Pelipper, L50, M|
|poke|p2|Dragonite, L50, F|
|poke|p2|Ursaluna, L50, M|
|poke|p2|Sinistcha, L50|
|poke|p2|Gholdengo, L50|
|teampreview|4
|showteam|p1|Tyranitar||ClearAmulet|SandStream|RockSlide,KnockOff,DragonDance,Protect|||F|||50|,,,,,Grass]Excadrill||AssaultVest|SandRush|Earthquake,IronHead,HighHorsepower,RockSlide|||M|||50|,,,,,Ghost]Sinistcha-Masterpiece||SitrusBerry|Hospitality|ShadowBall,MatchaGotcha,RagePowder,Protect||||||50|,,,,,Dark]Salamence||LifeOrb|Intimidate|DracoMeteor,AirSlash,Protect,Tailwind|||M|||50|,,,,,Ghost]Blaziken||CovertCloak|SpeedBoost|AuraSphere,HeatWave,Coaching,WillOWisp|||M|||50|,,,,,Dragon]Bruxish||ChoiceScarf|Dazzling|PsychicFangs,FlipTurn,WaveCrash,SuperFang|||M|||50|,,,,,Water
|showteam|p2|Archaludon||AssaultVest|Stamina|FlashCannon,BodyPress,ElectroShot,Snarl|||F|||50|,,,,,Fighting]Pelipper||SafetyGoggles|Drizzle|MuddyWater,Hurricane,Tailwind,Protect|||M|||50|,,,,,Steel]Dragonite||LoadedDice|Multiscale|ScaleShot,Tailwind,Haze,Protect|||F|||50|,,,,,Fairy]Ursaluna||FlameOrb|Guts|Facade,HeadlongRush,Earthquake,Protect|||M|||50|,,,,,Ghost]Sinistcha||SitrusBerry|Hospitality|MatchaGotcha,LifeDew,RagePowder,TrickRoom||||||50|,,,,,Dark]Gholdengo||ChoiceScarf|GoodasGold|MakeItRain,ShadowBall,Trick,Protect||||||50|,,,,,Flying
|inactive|Battle timer is ON: inactive players will automatically lose when time's up. (requested by IceApfel)
|inactive|IceApfel has 60 seconds left.
|inactive|IceApfel has 30 seconds left.
|inactive|IceApfel has 20 seconds left.
|
|t:|1757079101
|teamsize|p1|4
|teamsize|p2|4
|start
|switch|p1a: Salamence|Salamence, L50, M|100/100
|switch|p1b: Blaziken|Blaziken, L50, M|100/100
|switch|p2a: Gholdengo|Gholdengo, L50|100/100
|switch|p2b: Dragonite|Dragonite, L50, F, shiny|100/100
|-ability|p1a: Salamence|Intimidate|boost
|-unboost|p2a: Gholdengo|atk|1
|-unboost|p2b: Dragonite|atk|1
|turn|1
|inactive|sandy ghost 5 has 30 seconds left.
|inactive|IceApfel has 30 seconds left.
|inactive|IceApfel has 20 seconds left.
|inactive|IceApfel has 15 seconds left.
|
|t:|1757079145
|move|p2a: Gholdengo|Shadow Ball|p1b: Blaziken
|-damage|p1b: Blaziken|40/100
|move|p1a: Salamence|Tailwind|p1a: Salamence
|-sidestart|p1: sandy ghost 5|move: Tailwind
|move|p1b: Blaziken|Will-O-Wisp|p2b: Dragonite
|-status|p2b: Dragonite|brn
|move|p2b: Dragonite|Scale Shot|p1a: Salamence
|-supereffective|p1a: Salamence
|-damage|p1a: Salamence|89/100
|-supereffective|p1a: Salamence
|-damage|p1a: Salamence|78/100
|-supereffective|p1a: Salamence
|-damage|p1a: Salamence|64/100
|-supereffective|p1a: Salamence
|-damage|p1a: Salamence|53/100
|-supereffective|p1a: Salamence
|-damage|p1a: Salamence|40/100
|-hitcount|p1a: Salamence|5
|-unboost|p2b: Dragonite|def|1
|-boost|p2b: Dragonite|spe|1
|
|-damage|p2b: Dragonite|95/100 brn|[from] brn
|-ability|p1b: Blaziken|Speed Boost|boost
|-boost|p1b: Blaziken|spe|1
|upkeep
|turn|2
|
|t:|1757079162
|switch|p1a: Excadrill|Excadrill, L50, M|100/100
|move|p1b: Blaziken|Coaching|p1a: Excadrill
|-boost|p1a: Excadrill|atk|1
|-boost|p1a: Excadrill|def|1
|move|p2a: Gholdengo|Shadow Ball|p1a: Excadrill
|-damage|p1a: Excadrill|63/100
|move|p2b: Dragonite|Scale Shot|p1b: Blaziken
|-damage|p1b: Blaziken|33/100
|-damage|p1b: Blaziken|27/100
|-damage|p1b: Blaziken|21/100
|-crit|p1b: Blaziken
|-damage|p1b: Blaziken|6/100
|-damage|p1b: Blaziken|0 fnt
|faint|p1b: Blaziken
|-hitcount|p1: Blaziken|5
|-unboost|p2b: Dragonite|def|1
|-boost|p2b: Dragonite|spe|1
|
|-damage|p2b: Dragonite|89/100 brn|[from] brn
|upkeep
|
|t:|1757079181
|switch|p1b: Puppet|Sinistcha-Masterpiece, L50|100/100
|-heal|p1a: Excadrill|88/100|[from] ability: Hospitality|[of] p1b: Puppet
|turn|3
|
|t:|1757079197
|move|p2b: Dragonite|Haze|p2b: Dragonite
|-clearallboost
|move|p1a: Excadrill|Iron Head|p2b: Dragonite
|-damage|p2b: Dragonite|38/100 brn
|move|p2a: Gholdengo|Shadow Ball|p1b: Puppet
|-supereffective|p1b: Puppet
|-damage|p1b: Puppet|2/100
|-enditem|p1b: Puppet|Sitrus Berry|[eat]
|-heal|p1b: Puppet|27/100|[from] item: Sitrus Berry
|move|p1b: Puppet|Shadow Ball|p2a: Gholdengo
|-supereffective|p2a: Gholdengo
|-damage|p2a: Gholdengo|11/100
|-unboost|p2a: Gholdengo|spd|1
|
|-damage|p2b: Dragonite|32/100 brn|[from] brn
|upkeep
|turn|4
|inactive|IceApfel has 30 seconds left.
|inactive|sandy ghost 5 has 30 seconds left.
|
|t:|1757079230
|switch|p1b: Salamence|Salamence, L50, M|40/100
|-ability|p1b: Salamence|Intimidate|boost
|-unboost|p2a: Gholdengo|atk|1
|-unboost|p2b: Dragonite|atk|1
|switch|p2b: Archaludon|Archaludon, L50, F, shiny|100/100
|move|p1a: Excadrill|Rock Slide|p2b: Archaludon|[spread] p2a
|-miss|p1a: Excadrill|p2b: Archaludon
|-resisted|p2a: Gholdengo
|-damage|p2a: Gholdengo|0 fnt
|faint|p2a: Gholdengo
|
|-sideend|p1: sandy ghost 5|move: Tailwind
|upkeep
|
|t:|1757079244
|switch|p2a: Dragonite|Dragonite, L50, F, shiny|32/100 brn
|turn|5
|
|t:|1757079269
|switch|p2a: Pelipper|Pelipper, L50, M, shiny|100/100
|-weather|RainDance|[from] ability: Drizzle|[of] p2a: Pelipper
|-terastallize|p1a: Excadrill|Ghost
|-terastallize|p2b: Archaludon|Fighting
|move|p1b: Salamence|Tailwind|p1b: Salamence
|-sidestart|p1: sandy ghost 5|move: Tailwind
|move|p1a: Excadrill|Iron Head|p2a: Pelipper
|-resisted|p2a: Pelipper
|-damage|p2a: Pelipper|72/100
|move|p2b: Archaludon|Electro Shot||[still]
|-prepare|p2b: Archaludon|Electro Shot
|-boost|p2b: Archaludon|spa|1
|-anim|p2b: Archaludon|Electro Shot|p1a: Excadrill
|-crit|p1a: Excadrill
|-damage|p1a: Excadrill|7/100
|
|-weather|RainDance|[upkeep]
|upkeep
|turn|6
|
|t:|1757079290
|switch|p2b: Dragonite|Dragonite, L50, F, shiny|32/100 brn
|move|p1b: Salamence|Air Slash|p2b: Dragonite
|-damage|p2b: Dragonite|0 fnt
|faint|p2b: Dragonite
|-damage|p1b: Salamence|30/100|[from] item: Life Orb
|move|p1a: Excadrill|Rock Slide|p2a: Pelipper
|-supereffective|p2a: Pelipper
|-damage|p2a: Pelipper|0 fnt
|faint|p2a: Pelipper
|
|-weather|RainDance|[upkeep]
|upkeep
|-message|IceApfel forfeited.
|
|win|sandy ghost 5
||IceApfel is ready for game 2.
||sandy ghost 5 is ready for game 2.
|uhtml|next|Next: Game 2 of 3
|l|☆IceApfel
|player|p2|
