|j|☆endK649
|j|☆juan mex
|html|endK649juan mex    
|uhtml|bestof|Game 1 of a best-of-3
|t:|1757036641
|gametype|doubles
|player|p1|endK649|gambler|1165
|player|p2|juan mex|linebacker|1089
|gen|9
|tier|[Gen 9] VGC 2025 Reg H (Bo3)
|rated|
|rule|Species Clause: Limit one of each Pokémon
|rule|Item Clause: Limit 1 of each item
|clearpoke
|poke|p1|Feraligatr, L50, F|
|poke|p1|Kommo-o, L50, M|
|poke|p1|Politoed, L50, M|
|poke|p1|Rillaboom, L50, F|
|poke|p1|Incineroar, L50, M|
|poke|p1|Amoonguss, L50, F|
|poke|p2|Dondozo, L50, M|
|poke|p2|Tatsugiri, L50, M|
|poke|p2|Dragonite, L50, F|
|poke|p2|Talonflame, L50, M|
|poke|p2|Glimmora, L50, F|
|poke|p2|Gholdengo, L50|
|teampreview|4
|showteam|p1|Feraligatr||LifeOrb|SheerForce|Liquidation,Crunch,DragonDance,Protect|||F|||50|,,,,,Dark]Kommo-o||ThroatSpray|Soundproof|ClangingScales,AuraSphere,ClangorousSoul,Protect|||M|||50|,,,,,Fairy]Politoed||SitrusBerry|Drizzle|WeatherBall,IcyWind,Haze,Protect|||M|||50|,,,,,Grass]Rillaboom||AssaultVest|GrassySurge|WoodHammer,GrassyGlide,FakeOut,Uturn|||F|||50|,,,,,Fire]Incineroar||SafetyGoggles|Intimidate|KnockOff,FakeOut,Taunt,PartingShot|||M|||50|,,,,,Ghost]Amoonguss||CovertCloak|Regenerator|PollenPuff,Spore,RagePowder,Protect|||F|||50|,,,,,Water
|showteam|p2|Dondozo||Leftovers|Unaware|Protect,WaveCrash,Earthquake,OrderUp|||M|||50|,,,,,Grass]Tatsugiri||FocusSash|Commander|Protect,DracoMeteor,MuddyWater,DragonPulse|||M|||50|,,,,,Dragon]Dragonite||ChoiceBand|Multiscale|ExtremeSpeed,Earthquake,Outrage,IceSpinner|||F|||50|,,,,,Normal]Talonflame||CovertCloak|GaleWings|BraveBird,WillOWisp,Tailwind,Taunt|||M|||50|,,,,,Flying]Glimmora||AssaultVest|ToxicDebris|MortalSpin,PowerGem,SludgeBomb,EarthPower|||F|||50|,,,,,Grass]Gholdengo||ChoiceSpecs|GoodasGold|MakeItRain,ShadowBall,Thunder,PowerGem||||||50|,,,,,Steel
|inactive|Battle timer is ON: inactive players will automatically lose when time's up. (requested by endK649)
|
|t:|1757036699
|teamsize|p1|4
|teamsize|p2|4
|start
|switch|p1a: Kommo-o|Kommo-o, L50, M|100/100
|switch|p1b: Amoonguss|Amoonguss, L50, F|100/100
|switch|p2a: Dragonite|Dragonite, L50, F|100/100
|switch|p2b: Talonflame|Talonflame, L50, M, shiny|100/100
|turn|1
|
|t:|1757036710
|move|p1a: Kommo-o|Protect|p1a: Kommo-o
|-singleturn|p1a: Kommo-o|Protect
|move|p1b: Amoonguss|Protect|p1b: Amoonguss
|-singleturn|p1b: Amoonguss|Protect
|move|p2b: Talonflame|Brave Bird|p1a: Kommo-o
|-activate|p1a: Kommo-o|move: Protect
|move|p2a: Dragonite|Outrage|p1b: Amoonguss
|-activate|p1b: Amoonguss|move: Protect
|
|upkeep
|turn|2
|
|t:|1757036731
|-terastallize|p1a: Kommo-o|Fairy
|move|p2b: Talonflame|Brave Bird|p1a: Kommo-o
|-damage|p1a: Kommo-o|63/100
|-damage|p2b: Talonflame|90/100|[from] Recoil
|move|p1a: Kommo-o|Clanging Scales|p2a: Dragonite|[spread] p2a,p2b
|-supereffective|p2a: Dragonite
|-damage|p2a: Dragonite|67/100
|-damage|p2b: Talonflame|40/100
|-unboost|p1a: Kommo-o|def|1
|-enditem|p1a: Kommo-o|Throat Spray
|-boost|p1a: Kommo-o|spa|1|[from] item: Throat Spray
|move|p2a: Dragonite|Outrage|p1a: Kommo-o
|-immune|p1a: Kommo-o
|move|p1b: Amoonguss|Spore|p2b: Talonflame
|-status|p2b: Talonflame|slp|[from] move: Spore
|
|upkeep
|turn|3
|
|t:|1757036746
|move|p1b: Amoonguss|Protect|p1b: Amoonguss
|-singleturn|p1b: Amoonguss|Protect
|cant|p2b: Talonflame|slp
|move|p1a: Kommo-o|Clanging Scales|p2a: Dragonite|[spread] p2a,p2b
|-supereffective|p2a: Dragonite
|-damage|p2a: Dragonite|0 fnt
|-damage|p2b: Talonflame|0 fnt
|faint|p2a: Dragonite
|faint|p2b: Talonflame
|-unboost|p1a: Kommo-o|def|1
|
|upkeep
|
|t:|1757036754
|switch|p2b: Tatsugiri|Tatsugiri, L50, M|100/100
|switch|p2a: Dondozo|Dondozo, L50, M|100/100
|-activate|p2b: Tatsugiri|ability: Commander|[of] p2a: Dondozo
|-boost|p2a: Dondozo|atk|2
|-boost|p2a: Dondozo|spa|2
|-boost|p2a: Dondozo|spe|2
|-boost|p2a: Dondozo|def|2
|-boost|p2a: Dondozo|spd|2
|turn|4
|
|t:|1757036772
|switch|p1a: Rillaboom|Rillaboom, L50, F, shiny|100/100
|-fieldstart|move: Grassy Terrain|[from] ability: Grassy Surge|[of] p1a: Rillaboom
|switch|p1b: Politoed|Politoed, L50, M|100/100
|-weather|RainDance|[from] ability: Drizzle|[of] p1b: Politoed
|move|p2a: Dondozo|Earthquake|p1b: Politoed|[spread] p1a,p1b
|-miss|p2a: Dondozo|p2b: Tatsugiri
|-resisted|p1a: Rillaboom
|-damage|p1a: Rillaboom|89/100
|-damage|p1b: Politoed|67/100
|
|-weather|RainDance|[upkeep]
|-heal|p1b: Politoed|73/100|[from] Grassy Terrain
|-heal|p1a: Rillaboom|95/100|[from] Grassy Terrain
|upkeep
|turn|5
|
|t:|1757036782
|move|p2a: Dondozo|Protect|p2a: Dondozo
|-singleturn|p2a: Dondozo|Protect
|move|p1a: Rillaboom|Fake Out|p2a: Dondozo
|-activate|p2a: Dondozo|move: Protect
|move|p1b: Politoed|Haze|p1b: Politoed
|-clearallboost
|
|-weather|RainDance|[upkeep]
|-heal|p1b: Politoed|79/100|[from] Grassy Terrain
|-heal|p1a: Rillaboom|100/100|[from] Grassy Terrain
|upkeep
|turn|6
|-message|juan mex forfeited.
|raw|endK649's rating: 1165 → 1185(+20 for winning)
|raw|juan mex's rating: 1089 → 1071(-18 for losing)
|
|win|endK649
