|j|☆Tsuki
|j|☆ultimathrash
|html|Tsukiultimathrash    
|uhtml|bestof|Game 1 of a best-of-3
|t:|1784458831
|gametype|doubles
|player|p1|Tsuki|#nucliistarabias|
|player|p2|ultimathrash|cress|
|gen|9
|tier|[Gen 9 Champions] VGC 2026 Reg M-B (Bo3)
|rule|Species Clause: Limit one of each Pokémon
|rule|Item Clause: Limit 1 of each item
|clearpoke
|poke|p1|Grimmsnarl, L50, M|
|poke|p1|Swampert, L50, F|
|poke|p1|Pelipper, L50, M|
|poke|p1|Archaludon, L50, F|
|poke|p1|Sinistcha-Masterpiece, L50|
|poke|p1|Gholdengo, L50|
|poke|p2|Charizard, L50, F|
|poke|p2|Venusaur, L50, F|
|poke|p2|Mamoswine, L50, M|
|poke|p2|Garchomp, L50, F|
|poke|p2|Incineroar, L50, M|
|poke|p2|Toxapex, L50, M|
|teampreview|4
|showteam|p1|Grimmsnarl||LightClay|Prankster|Reflect,LightScreen,SpiritBreak,PartingShot|Careful||M|||50|]Swampert||Swampertite|Torrent|WaveCrash,Earthquake,IcePunch,Protect|Adamant||F|||50|]Pelipper||FocusSash|Drizzle|Hurricane,WeatherBall,WideGuard,Tailwind|Modest||M|||50|]Archaludon||Leftovers|Stamina|FlashCannon,DragonPulse,ElectroShot,Protect|Modest||F|||50|]Sinistcha-Masterpiece||SitrusBerry|Hospitality|MatchaGotcha,LifeDew,RagePowder,Protect|Bold|||||50|]Gholdengo||LifeOrb|GoodasGold|MakeItRain,ShadowBall,NastyPlot,Protect|Modest|||||50|
|showteam|p2|Charizard||CharizarditeY|Blaze|HeatWave,WeatherBall,HelpingHand,Protect|Modest||F|||50|]Venusaur||LifeOrb|Chlorophyll|LeafStorm,SludgeBomb,EarthPower,Protect|Modest||F|||50|]Mamoswine||FocusSash|Oblivious|HighHorsepower,RockTomb,IceShard,Protect|Jolly||M|||50|]Garchomp||ChoiceScarf|RoughSkin|DragonClaw,Earthquake,RockSlide,StompingTantrum|Adamant||F|||50|]Incineroar||SitrusBerry|Intimidate|FlareBlitz,ThroatChop,PartingShot,FakeOut|Impish||M|||50|]Toxapex||Leftovers|Regenerator|Toxic,Infestation,WideGuard,BanefulBunker|Bold||M|||50|
|c|☆ultimathrash|hf
|inactive|Battle timer is ON: inactive players will automatically lose when time's up. (requested by ultimathrash)
|c|☆Tsuki|u2
|inactive|Tsuki has 60 seconds left.
|inactive|ultimathrash has 60 seconds left.
|inactive|Tsuki has 30 seconds left.
|inactive|ultimathrash has 30 seconds left.
|inactive|Tsuki has 20 seconds left.
|
|t:|1784458910
|teamsize|p1|4
|teamsize|p2|4
|start
|switch|p1a: Grimmsnarl|Grimmsnarl, L50, M|100/100
|switch|p1b: Archaludon|Archaludon, L50, F|100/100
|switch|p2a: Charizard|Charizard, L50, F|100/100
|switch|p2b: Venusaur|Venusaur, L50, F|100/100
|turn|1
|inactive|Tsuki has 30 seconds left.
|
|t:|1784458938
|move|p2a: Charizard|Helping Hand|p2b: Venusaur
|-singleturn|p2b: Venusaur|Helping Hand|[of] p2a: Charizard
|move|p1b: Archaludon|Protect|p1b: Archaludon
|-singleturn|p1b: Archaludon|Protect
|move|p1a: Grimmsnarl|Light Screen|p1a: Grimmsnarl
|-sidestart|p1: Tsuki|move: Light Screen
|move|p2b: Venusaur|Sludge Bomb|p1a: Grimmsnarl
|-supereffective|p1a: Grimmsnarl|1
|-damage|p1a: Grimmsnarl|0 fnt
|faint|p1a: Grimmsnarl
|-damage|p2b: Venusaur|90/100|[from] item: Life Orb
|
|upkeep
|
|t:|1784458955
|switch|p1a: Swampert|Swampert, L50, F|100/100
|turn|2
|inactive|ultimathrash has 30 seconds left.
|
|t:|1784458981
|move|p2a: Charizard|Helping Hand|p2b: Venusaur
|-singleturn|p2b: Venusaur|Helping Hand|[of] p2a: Charizard
|move|p1a: Swampert|Protect|p1a: Swampert
|-singleturn|p1a: Swampert|Protect
|move|p2b: Venusaur|Leaf Storm|p1b: Archaludon
|-resisted|p1b: Archaludon|2
|-damage|p1b: Archaludon|79/100
|-unboost|p2b: Venusaur|spa|2
|-ability|p1b: Archaludon|Stamina|boost
|-boost|p1b: Archaludon|def|1
|-damage|p2b: Venusaur|80/100|[from] item: Life Orb
|move|p1b: Archaludon|Dragon Pulse|p2a: Charizard
|-damage|p2a: Charizard|53/100
|
|-heal|p1b: Archaludon|85/100|[from] item: Leftovers
|upkeep
|turn|3
|
|t:|1784459000
|switch|p2b: Mamoswine|Mamoswine, L50, M|100/100
|switch|p1a: Pelipper|Pelipper, L50, M|100/100
|-weather|RainDance|[from] ability: Drizzle|[of] p1a: Pelipper
|move|p2a: Charizard|Protect|p2a: Charizard
|-singleturn|p2a: Charizard|Protect
|move|p1b: Archaludon|Dragon Pulse|p2a: Charizard
|-activate|p2a: Charizard|move: Protect
|
|-weather|RainDance|[upkeep]
|-heal|p1b: Archaludon|91/100|[from] item: Leftovers
|upkeep
|turn|4
|
|t:|1784459024
|detailschange|p2a: Charizard|Charizard-Mega-Y, L50, F
|-mega|p2a: Charizard|Charizard|Charizardite Y
|-weather|SunnyDay|[from] ability: Drought|[of] p2a: Charizard
|move|p2b: Mamoswine|Rock Tomb|p1a: Pelipper
|-supereffective|p1a: Pelipper|1
|-crit|p1a: Pelipper
|-damage|p1a: Pelipper|13/100
|-unboost|p1a: Pelipper|spe|1
|move|p2a: Charizard|Weather Ball|p1a: Pelipper
|-resisted|p1a: Pelipper|1
|-damage|p1a: Pelipper|0 fnt
|faint|p1a: Pelipper
|move|p1b: Archaludon|Dragon Pulse|p2a: Charizard
|-damage|p2a: Charizard|18/100
|
|-weather|SunnyDay|[upkeep]
|-heal|p1b: Archaludon|97/100|[from] item: Leftovers
|upkeep
|
|t:|1784459034
|switch|p1a: Swampert|Swampert, L50, F|100/100
|turn|5
|
|t:|1784459041
|detailschange|p1a: Swampert|Swampert-Mega, L50, F
|-mega|p1a: Swampert|Swampert|Swampertite
|move|p1a: Swampert|Protect|p1a: Swampert
|-singleturn|p1a: Swampert|Protect
|move|p2b: Mamoswine|High Horsepower|p1a: Swampert
|-activate|p1a: Swampert|move: Protect
|move|p2a: Charizard|Weather Ball|p1a: Swampert
|-activate|p1a: Swampert|move: Protect
|move|p1b: Archaludon|Dragon Pulse|p2a: Charizard
|-damage|p2a: Charizard|0 fnt
|faint|p2a: Charizard
|
|-weather|SunnyDay|[upkeep]
|-heal|p1b: Archaludon|100/100|[from] item: Leftovers
|upkeep
|
|t:|1784459048
|switch|p2a: Venusaur|Venusaur, L50, F|80/100
|turn|6
|
|t:|1784459060
|move|p1a: Swampert|Protect||[still]
|-fail|p1a: Swampert
|move|p2b: Mamoswine|Ice Shard|p1a: Swampert
|-damage|p1a: Swampert|79/100
|move|p2a: Venusaur|Earth Power|p1a: Swampert
|-damage|p1a: Swampert|54/100
|-damage|p2a: Venusaur|71/100|[from] item: Life Orb
|move|p1b: Archaludon|Dragon Pulse|p2a: Venusaur
|-damage|p2a: Venusaur|25/100
|
|-weather|SunnyDay|[upkeep]
|upkeep
|turn|7
|c|☆ultimathrash|misclick
|c|☆ultimathrash|fuck
|
|t:|1784459084
|move|p2a: Venusaur|Protect|p2a: Venusaur
|-singleturn|p2a: Venusaur|Protect
|move|p1a: Swampert|Protect|p1a: Swampert
|-singleturn|p1a: Swampert|Protect
|move|p2b: Mamoswine|High Horsepower|p1b: Archaludon
|-supereffective|p1b: Archaludon|1
|-damage|p1b: Archaludon|48/100
|-ability|p1b: Archaludon|Stamina|boost
|-boost|p1b: Archaludon|def|1
|move|p1b: Archaludon|Dragon Pulse|p2a: Venusaur
|-activate|p2a: Venusaur|move: Protect
|
|-weather|SunnyDay|[upkeep]
|-heal|p1b: Archaludon|54/100|[from] item: Leftovers
|upkeep
|turn|8
|
|t:|1784459096
|move|p1a: Swampert|Protect|p1a: Swampert
|-singleturn|p1a: Swampert|Protect
|move|p2a: Venusaur|Leaf Storm|p1a: Swampert
|-activate|p1a: Swampert|move: Protect
|move|p2b: Mamoswine|High Horsepower|p1b: Archaludon
|-supereffective|p1b: Archaludon|1
|-damage|p1b: Archaludon|13/100
|-ability|p1b: Archaludon|Stamina|boost
|-boost|p1b: Archaludon|def|1
|move|p1b: Archaludon|Dragon Pulse|p2a: Venusaur
|-damage|p2a: Venusaur|0 fnt
|faint|p2a: Venusaur
|
|-weather|none
|-heal|p1b: Archaludon|19/100|[from] item: Leftovers
|-sideend|p1: Tsuki|move: Light Screen
|upkeep
|
|t:|1784459107
|switch|p2a: Garchomp|Garchomp, L50, F|100/100
|turn|9
|
|t:|1784459113
|move|p2b: Mamoswine|Ice Shard|p1a: Swampert
|-damage|p1a: Swampert|32/100
|move|p2a: Garchomp|Dragon Claw|p1a: Swampert
|-damage|p1a: Swampert|0 fnt
|faint|p1a: Swampert
|move|p1b: Archaludon|Flash Cannon|p2b: Mamoswine
|-supereffective|p2b: Mamoswine|1
|-enditem|p2b: Mamoswine|Focus Sash
|-damage|p2b: Mamoswine|1/100
|-unboost|p2b: Mamoswine|spd|1
|
|-heal|p1b: Archaludon|25/100|[from] item: Leftovers
|upkeep
|turn|10
|
|t:|1784459121
|move|p2a: Garchomp|Dragon Claw|p1b: Archaludon
|-damage|p1b: Archaludon|12/100
|-ability|p1b: Archaludon|Stamina|boost
|-boost|p1b: Archaludon|def|1
|move|p2b: Mamoswine|High Horsepower|p1b: Archaludon
|-supereffective|p1b: Archaludon|1
|-damage|p1b: Archaludon|0 fnt
|faint|p1b: Archaludon
|
|win|ultimathrash
|c|☆ultimathrash|gg1
||Tsuki is ready for game 2.
||ultimathrash is ready for game 2.
|uhtml|next|Next: Game 2 of 3
