|j|☆bellytelevision
|j|‽babysha
|html|bellytelevisionbabysha    
|uhtml|bestof|Game 2 of a best-of-3
|t:|1784830352
|gametype|doubles
|player|p1|bellytelevision|dawn|1114
|player|p2|babysha|101|1155
|gen|9
|tier|[Gen 9 Champions] VGC 2026 Reg M-B (Bo3)
|rated|
|rule|Species Clause: Limit one of each Pokémon
|rule|Item Clause: Limit 1 of each item
|clearpoke
|poke|p1|Venusaur, L50, M, shiny|
|poke|p1|Metagross, L50|
|poke|p1|Sinistcha, L50|
|poke|p1|Pelipper, L50, F|
|poke|p1|Archaludon, L50, M, shiny|
|poke|p1|Sableye, L50, M, shiny|
|poke|p2|Aerodactyl, L50, M|
|poke|p2|Archaludon, L50, M|
|poke|p2|Sinistcha, L50|
|poke|p2|Swampert, L50, M|
|poke|p2|Sneasler, L50, M|
|poke|p2|Pelipper, L50, F|
|teampreview|4
|showteam|p1|Venusaur||Venusaurite|Chlorophyll|GigaDrain,SludgeBomb,Protect,EarthPower|Modest||M|||50|]Metagross||Metagrossite|ClearBody|IronHead,PsychicFangs,IcePunch,Protect|Jolly|||||50|]Sinistcha||ColburBerry|Hospitality|RagePowder,MatchaGotcha,LifeDew,TrickRoom|Sassy|||||50|]Pelipper||SitrusBerry|Drizzle|Tailwind,Hurricane,WeatherBall,WideGuard|Bold||F|||50|]Archaludon||Leftovers|Stamina|ElectroShot,FlashCannon,DragonPulse,Protect|Modest||M|||50|]Sableye||LightClay|Prankster|RainDance,Reflect,LightScreen,WillOWisp|Sassy||M|||50|
|showteam|p2|Aerodactyl||LifeOrb|Unnerve|Tailwind,DualWingbeat,RockSlide,Protect|Jolly||M|||50|]Archaludon||ShucaBerry|Stamina|ElectroShot,FlashCannon,DragonPulse,Protect|Serious||M|||50|]Sinistcha||CobaBerry|Hospitality|RagePowder,MatchaGotcha,Imprison,TrickRoom|Serious|||||50|]Swampert||Swampertite|Torrent|WaveCrash,Earthquake,IcePunch,Protect|Adamant||M|||50|]Sneasler||WhiteHerb|Unburden|FakeOut,ThroatChop,DireClaw,CloseCombat|Adamant||M|||50|]Pelipper||FocusSash|Drizzle|Tailwind,Hurricane,WeatherBall,Protect|Modest||F|||50|
|inactive|Battle timer is ON: inactive players will automatically lose when time's up. (requested by babysha)
|
|t:|1784830377
|teamsize|p1|4
|teamsize|p2|4
|start
|switch|p1a: Sableye|Sableye, L50, M, shiny|100/100
|switch|p1b: Venusaur|Venusaur, L50, M, shiny|100/100
|switch|p2a: Sneasler|Sneasler, L50, M|100/100
|switch|p2b: Pelipper|Pelipper, L50, F|100/100
|-weather|RainDance|[from] ability: Drizzle|[of] p2b: Pelipper
|turn|1
|inactive|bellytelevision has 30 seconds left.
|
|t:|1784830406
|detailschange|p1b: Venusaur|Venusaur-Mega, L50, M, shiny
|-mega|p1b: Venusaur|Venusaur|Venusaurite
|move|p1b: Venusaur|Protect|p1b: Venusaur
|-singleturn|p1b: Venusaur|Protect
|move|p1a: Sableye|Reflect|p1a: Sableye
|-sidestart|p1: bellytelevision|Reflect
|move|p2a: Sneasler|Throat Chop|p1a: Sableye
|-damage|p1a: Sableye|72/100
|-start|p1a: Sableye|Throat Chop|[silent]
|move|p2b: Pelipper|Hurricane|p1a: Sableye
|-damage|p1a: Sableye|10/100
|
|-weather|RainDance|[upkeep]
|upkeep
|turn|2
|
|t:|1784830427
|move|p1a: Sableye|Will-O-Wisp|p2a: Sneasler
|-status|p2a: Sneasler|brn
|move|p2a: Sneasler|Throat Chop|p1a: Sableye
|-damage|p1a: Sableye|0 fnt
|faint|p1a: Sableye
|move|p2b: Pelipper|Hurricane|p1b: Venusaur
|-supereffective|p1b: Venusaur|1
|-damage|p1b: Venusaur|9/100
|move|p1b: Venusaur|Sludge Bomb|p2b: Pelipper
|-damage|p2b: Pelipper|10/100
|-status|p2b: Pelipper|psn
|
|-weather|RainDance|[upkeep]
|-damage|p2b: Pelipper|0 fnt|[from] psn
|faint|p2b: Pelipper
|-damage|p2a: Sneasler|94/100 brn|[from] brn
|upkeep
|
|t:|1784830450
|switch|p2b: Swampert|Swampert, L50, M|100/100
|switch|p1a: Sinistcha|Sinistcha, L50|100/100
|-heal|p1b: Venusaur|34/100|[from] ability: Hospitality|[of] p1a: Sinistcha
|turn|3
|
|t:|1784830468
|switch|p2b: Archaludon|Archaludon, L50, M|100/100
|move|p1b: Venusaur|Protect|p1b: Venusaur
|-singleturn|p1b: Venusaur|Protect
|move|p2a: Sneasler|Dire Claw|p1a: Sinistcha
|-damage|p1a: Sinistcha|86/100
|move|p1a: Sinistcha|Trick Room|p1a: Sinistcha
|-fieldstart|move: Trick Room|[of] p1a: Sinistcha
|
|-weather|RainDance|[upkeep]
|-damage|p2a: Sneasler|88/100 brn|[from] brn
|upkeep
|turn|4
|
|t:|1784830491
|move|p1a: Sinistcha|Life Dew|p1a: Sinistcha|[spread] p1a,p1b
|-heal|p1a: Sinistcha|100/100
|-heal|p1b: Venusaur|59/100
|move|p1b: Venusaur|Earth Power|p2b: Archaludon
|-supereffective|p2b: Archaludon|1
|-enditem|p2b: Archaludon|Shuca Berry|[eat]
|-enditem|p2b: Archaludon|Shuca Berry|[weaken]
|-damage|p2b: Archaludon|52/100
|-ability|p2b: Archaludon|Stamina|boost
|-boost|p2b: Archaludon|def|1
|move|p2b: Archaludon|Dragon Pulse|p1a: Sinistcha
|-damage|p1a: Sinistcha|65/100
|move|p2a: Sneasler|Dire Claw|p1a: Sinistcha
|-damage|p1a: Sinistcha|51/100
|-status|p1a: Sinistcha|slp
|
|-weather|RainDance|[upkeep]
|-damage|p2a: Sneasler|82/100 brn|[from] brn
|upkeep
|turn|5
|
|t:|1784830513
|switch|p1a: Archaludon|Archaludon, L50, M, shiny|100/100
|move|p1b: Venusaur|Earth Power|p2a: Sneasler
|-supereffective|p2a: Sneasler|1
|-damage|p2a: Sneasler|0 fnt
|faint|p2a: Sneasler
|move|p2b: Archaludon|Flash Cannon|p1b: Venusaur
|-damage|p1b: Venusaur|23/100
|-unboost|p1b: Venusaur|spd|1
|
|-weather|none
|upkeep
|
|t:|1784830524
|switch|p2a: Swampert|Swampert, L50, M|100/100
|turn|6
|
|t:|1784830544
|switch|p1a: Sinistcha|Sinistcha, L50|51/100 slp
|-heal|p1b: Venusaur|48/100|[from] ability: Hospitality|[of] p1a: Sinistcha
|detailschange|p2a: Swampert|Swampert-Mega, L50, M
|-mega|p2a: Swampert|Swampert|Swampertite
|move|p1b: Venusaur|Protect|p1b: Venusaur
|-singleturn|p1b: Venusaur|Protect
|move|p2a: Swampert|Ice Punch|p1b: Venusaur
|-activate|p1b: Venusaur|move: Protect
|move|p2b: Archaludon|Dragon Pulse|p1a: Sinistcha
|-damage|p1a: Sinistcha|18/100 slp
|
|upkeep
|turn|7
|
|t:|1784830567
|switch|p1b: Archaludon|Archaludon, L50, M, shiny|100/100
|move|p2a: Swampert|Protect|p2a: Swampert
|-singleturn|p2a: Swampert|Protect
|move|p2b: Archaludon|Protect|p2b: Archaludon
|-singleturn|p2b: Archaludon|Protect
|cant|p1a: Sinistcha|slp
|
|-fieldend|move: Trick Room
|upkeep
|turn|8
|inactive|bellytelevision has 30 seconds left.
|
|t:|1784830595
|switch|p1a: Venusaur|Venusaur-Mega, L50, M, shiny|48/100
|move|p2b: Archaludon|Dragon Pulse|p1b: Archaludon
|-damage|p1b: Archaludon|58/100
|-ability|p1b: Archaludon|Stamina|boost
|-boost|p1b: Archaludon|def|1
|move|p2a: Swampert|Ice Punch|p1a: Venusaur
|-supereffective|p1a: Venusaur|1
|-damage|p1a: Venusaur|29/100
|move|p1b: Archaludon|Dragon Pulse|p2b: Archaludon
|-damage|p2b: Archaludon|0 fnt
|faint|p2b: Archaludon
|
|-heal|p1b: Archaludon|65/100|[from] item: Leftovers
|-sideend|p1: bellytelevision|Reflect
|upkeep
|turn|9
|
|t:|1784830612
|move|p2a: Swampert|Earthquake|p1a: Venusaur|[spread] p1a,p1b
|-supereffective|p1b: Archaludon|1
|-damage|p1a: Venusaur|0 fnt
|-damage|p1b: Archaludon|18/100
|-ability|p1b: Archaludon|Stamina|boost
|-boost|p1b: Archaludon|def|1
|faint|p1a: Venusaur
|move|p1b: Archaludon|Dragon Pulse|p2a: Swampert
|-damage|p2a: Swampert|60/100
|
|-heal|p1b: Archaludon|24/100|[from] item: Leftovers
|upkeep
|
|t:|1784830621
|switch|p1a: Sinistcha|Sinistcha, L50|18/100 slp
|-heal|p1b: Archaludon|49/100|[from] ability: Hospitality|[of] p1a: Sinistcha
|turn|10
|
|t:|1784830642
|move|p2a: Swampert|Earthquake|p1a: Sinistcha|[spread] p1a,p1b
|-resisted|p1a: Sinistcha|1
|-supereffective|p1b: Archaludon|1
|-damage|p1a: Sinistcha|0 fnt
|-damage|p1b: Archaludon|11/100
|-ability|p1b: Archaludon|Stamina|boost
|-boost|p1b: Archaludon|def|1
|faint|p1a: Sinistcha
|move|p1b: Archaludon|Dragon Pulse|p2a: Swampert
|-damage|p2a: Swampert|21/100
|
|-heal|p1b: Archaludon|18/100|[from] item: Leftovers
|upkeep
|turn|11
|
|t:|1784830652
|move|p1b: Archaludon|Protect|p1b: Archaludon
|-singleturn|p1b: Archaludon|Protect
|move|p2a: Swampert|Earthquake|p1b: Archaludon
|-activate|p1b: Archaludon|move: Protect
|
|-heal|p1b: Archaludon|24/100|[from] item: Leftovers
|upkeep
|turn|12
|
|t:|1784830659
|move|p2a: Swampert|Earthquake|p1b: Archaludon
|-supereffective|p1b: Archaludon|1
|-damage|p1b: Archaludon|0 fnt
|faint|p1b: Archaludon
|
|win|babysha
||babysha is ready for game 3.
|inactive|bellytelevision has 30 seconds to confirm battle start!
||bellytelevision is ready for game 3.
|uhtml|next|Next: Game 3 of 3
|l|‽babysha
|player|p2|
