|j|☆x-demon18
|j|☆Mr James Freak
|html|x-demon18Mr James Freak    
|uhtml|bestof|Game 1 of a best-of-3
|t:|1784170790
|gametype|doubles
|player|p1|x-demon18|lucas|1204
|player|p2|Mr James Freak|scientist|1330
|gen|9
|tier|[Gen 9 Champions] VGC 2026 Reg M-B (Bo3)
|rated|
|rule|Species Clause: Limit one of each Pokémon
|rule|Item Clause: Limit 1 of each item
|clearpoke
|poke|p1|Incineroar, L50, F|
|poke|p1|Rotom-Wash, L50|
|poke|p1|Venusaur, L50, M|
|poke|p1|Garchomp, L50, M|
|poke|p1|Corviknight, L50, M|
|poke|p1|Sylveon, L50, F|
|poke|p2|Sinistcha-Masterpiece, L50, shiny|
|poke|p2|Sneasler, L50, M, shiny|
|poke|p2|Delphox, L50, M, shiny|
|poke|p2|Kingambit, L50, F, shiny|
|poke|p2|Incineroar, L50, M, shiny|
|poke|p2|Ninetales-Alola, L50, M, shiny|
|teampreview|4
|showteam|p1|Incineroar||ExpertBelt|Intimidate|FakeOut,TemperFlare,ThroatChop,PartingShot|Adamant||F|||50|]Rotom-Wash||SitrusBerry|Levitate|HydroPump,Electroweb,WillOWisp,VoltSwitch|Calm|||||50|]Venusaur||Venusaurite|Chlorophyll|GigaDrain,SludgeBomb,EarthPower,Protect|Modest||M|||50|]Garchomp||LifeOrb|RoughSkin|RockSlide,DragonClaw,StompingTantrum,Protect|Jolly||M|||50|]Corviknight||OccaBerry|MirrorArmor|Tailwind,BraveBird,IronHead,BodyPress|Careful||M|||50|]Sylveon||FairyFeather|Pixilate|HyperVoice,QuickAttack,Yawn,Detect|Modest||F|||50|
|showteam|p2|Sinistcha-Masterpiece||OccaBerry|Hospitality|MatchaGotcha,RagePowder,TrickRoom,Protect|Bold|||||50|]Sneasler||WhiteHerb|Unburden|CloseCombat,DireClaw,FakeOut,QuickGuard|Jolly||M|||50|]Delphox||Delphoxite|Blaze|HeatWave,Psyshock,NastyPlot,Protect|Timid||M|||50|]Kingambit||ChopleBerry|Defiant|KowtowCleave,SuckerPunch,LowKick,Protect|Adamant||F|||50|]Incineroar||PasshoBerry|Intimidate|FakeOut,PartingShot,FlareBlitz,ThroatChop|Careful||M|||50|]Ninetales-Alola||FocusSash|SnowWarning|Blizzard,FreezeDry,Encore,Protect|Timid||M|||50|
|
|t:|1784170831
|teamsize|p1|4
|teamsize|p2|4
|start
|switch|p1a: Griffith|Corviknight, L50, M|100/100
|switch|p1b: HydroVolt|Rotom-Wash, L50|100/100
|switch|p2a: Delphox|Delphox, L50, M, shiny|100/100
|switch|p2b: Sneasler|Sneasler, L50, M, shiny|100/100
|turn|1
|
|t:|1784170849
|detailschange|p2a: Delphox|Delphox-Mega, L50, M, shiny
|-mega|p2a: Delphox|Delphox|Delphoxite
|move|p2b: Sneasler|Fake Out|p1b: HydroVolt
|-damage|p1b: HydroVolt|83/100
|move|p2a: Delphox|Nasty Plot|p2a: Delphox
|-boost|p2a: Delphox|spa|2
|cant|p1b: HydroVolt|flinch
|move|p1a: Griffith|Tailwind|p1a: Griffith
|-sidestart|p1: x-demon18|move: Tailwind
|
|upkeep
|turn|2
|
|t:|1784170870
|move|p2a: Delphox|Protect|p2a: Delphox
|-singleturn|p2a: Delphox|Protect
|move|p1b: HydroVolt|Hydro Pump|p2a: Delphox
|-activate|p2a: Delphox|move: Protect
|move|p2b: Sneasler|Close Combat|p1a: Griffith
|-damage|p1a: Griffith|42/100
|-unboost|p2b: Sneasler|def|1
|-unboost|p2b: Sneasler|spd|1
|-enditem|p2b: Sneasler|White Herb
|-clearnegativeboost|p2b: Sneasler|[silent]
|move|p1a: Griffith|Brave Bird|p2b: Sneasler
|-supereffective|p2b: Sneasler|1
|-damage|p2b: Sneasler|0 fnt
|faint|p2b: Sneasler
|-damage|p1a: Griffith|16/100|[from] Recoil
|
|upkeep
|
|t:|1784170883
|switch|p2b: Sinistcha|Sinistcha-Masterpiece, L50, shiny|100/100
|turn|3
|
|t:|1784170907
|switch|p1a: Wolverine|Incineroar, L50, F|100/100
|-ability|p1a: Wolverine|Intimidate|boost
|-unboost|p2a: Delphox|atk|1
|-unboost|p2b: Sinistcha|atk|1
|move|p2b: Sinistcha|Rage Powder|p2b: Sinistcha
|-singleturn|p2b: Sinistcha|move: Rage Powder
|move|p1b: HydroVolt|Volt Switch|p2b: Sinistcha
|-resisted|p2b: Sinistcha|1
|-damage|p2b: Sinistcha|86/100
|
|t:|1784170917
|switch|p1b: Griffith|Corviknight, L50, M|16/100|[from] Volt Switch
|move|p2a: Delphox|Heat Wave|p1b: Griffith|[spread] p1a,p1b
|-resisted|p1a: Wolverine|1
|-supereffective|p1b: Griffith|1
|-enditem|p1b: Griffith|Occa Berry|[eat]
|-enditem|p1b: Griffith|Occa Berry|[weaken]
|-damage|p1a: Wolverine|70/100
|-damage|p1b: Griffith|0 fnt
|faint|p1b: Griffith
|
|upkeep
|
|t:|1784170927
|switch|p1b: Berserk|Garchomp, L50, M|100/100
|turn|4
|
|t:|1784170937
|move|p2a: Delphox|Protect|p2a: Delphox
|-singleturn|p2a: Delphox|Protect
|move|p1b: Berserk|Rock Slide|p2a: Delphox|[spread] p2b
|-activate|p2a: Delphox|move: Protect
|-damage|p2b: Sinistcha|69/100
|-damage|p1b: Berserk|90/100|[from] item: Life Orb
|move|p1a: Wolverine|Throat Chop|p2a: Delphox
|-activate|p2a: Delphox|move: Protect
|move|p2b: Sinistcha|Matcha Gotcha|p1a: Wolverine|[spread] p1a,p1b
|-resisted|p1a: Wolverine|1
|-damage|p1a: Wolverine|60/100
|-heal|p2b: Sinistcha|75/100|[from] drain|[of] p1a: Wolverine
|-damage|p1b: Berserk|65/100
|-heal|p2b: Sinistcha|88/100|[from] drain|[of] p1b: Berserk
|
|-sideend|p1: x-demon18|move: Tailwind
|upkeep
|turn|5
|
|t:|1784170971
|move|p1b: Berserk|Protect|p1b: Berserk
|-singleturn|p1b: Berserk|Protect
|move|p2b: Sinistcha|Rage Powder|p2b: Sinistcha
|-singleturn|p2b: Sinistcha|move: Rage Powder
|move|p2a: Delphox|Heat Wave|p1b: Berserk|[spread] p1a
|-activate|p1b: Berserk|move: Protect
|-resisted|p1a: Wolverine|1
|-damage|p1a: Wolverine|31/100
|move|p1a: Wolverine|Temper Flare|p2b: Sinistcha
|-supereffective|p2b: Sinistcha|1
|-enditem|p2b: Sinistcha|Occa Berry|[eat]
|-enditem|p2b: Sinistcha|Occa Berry|[weaken]
|-damage|p2b: Sinistcha|55/100
|
|upkeep
|turn|6
|
|t:|1784171004
|switch|p1b: HydroVolt|Rotom-Wash, L50|83/100
|move|p2b: Sinistcha|Rage Powder|p2b: Sinistcha
|-singleturn|p2b: Sinistcha|move: Rage Powder
|move|p2a: Delphox|Heat Wave|p1a: Wolverine|[spread] p1a,p1b
|-resisted|p1a: Wolverine|1
|-resisted|p1b: HydroVolt|1
|-damage|p1a: Wolverine|1/100
|-damage|p1b: HydroVolt|49/100
|-enditem|p1b: HydroVolt|Sitrus Berry|[eat]
|-heal|p1b: HydroVolt|74/100|[from] item: Sitrus Berry
|move|p1a: Wolverine|Throat Chop|p2b: Sinistcha
|-supereffective|p2b: Sinistcha|1
|-damage|p2b: Sinistcha|0 fnt
|faint|p2b: Sinistcha
|
|upkeep
|
|t:|1784171018
|switch|p2b: Ninetales|Ninetales-Alola, L50, M, shiny|100/100
|-weather|Snowscape|[from] ability: Snow Warning|[of] p2b: Ninetales
|turn|7
|
|t:|1784171040
|move|p2a: Delphox|Psyshock|p1b: HydroVolt
|-damage|p1b: HydroVolt|0 fnt
|faint|p1b: HydroVolt
|move|p2b: Ninetales|Blizzard|p1a: Wolverine
|-resisted|p1a: Wolverine|1
|-damage|p1a: Wolverine|0 fnt
|faint|p1a: Wolverine
|
|-weather|Snowscape|[upkeep]
|upkeep
|
|t:|1784171051
|switch|p1a: Berserk|Garchomp, L50, M|65/100
|turn|8
|
|t:|1784171055
|move|p2a: Delphox|Psyshock|p1a: Berserk
|-damage|p1a: Berserk|0 fnt
|faint|p1a: Berserk
|
|win|Mr James Freak
||Mr James Freak is ready for game 2.
