|j|☆sergimacaco
|j|☆abgesaftet
|html|sergimacacoabgesaftet    
|uhtml|bestof|Game 1 of a best-of-3
|t:|1783512310
|gametype|doubles
|player|p1|sergimacaco|102|1232
|player|p2|abgesaftet|ballguy|1469
|gen|9
|tier|[Gen 9 Champions] VGC 2026 Reg M-B (Bo3)
|rated|
|rule|Species Clause: Limit one of each Pokémon
|rule|Item Clause: Limit 1 of each item
|clearpoke
|poke|p1|Charizard, L50, F|
|poke|p1|Aerodactyl, L50, F|
|poke|p1|Kingambit, L50, F|
|poke|p1|Sylveon, L50, F|
|poke|p1|Farigiraf, L50, F|
|poke|p1|Garchomp, L50, M|
|poke|p2|Sinistcha-Masterpiece, L50|
|poke|p2|Kingambit, L50, M|
|poke|p2|Sneasler, L50, M|
|poke|p2|Floette-Eternal, L50, F|
|poke|p2|Delphox, L50, F|
|poke|p2|Incineroar, L50, M|
|teampreview|4
|showteam|p1|Charizard||CharizarditeY|SolarPower|HeatWave,WeatherBall,SolarBeam,Protect|Bold||F|||50|]Aerodactyl||Aerodactylite|Unnerve|RockSlide,Tailwind,IceFang,DualWingbeat|Jolly||F|||50|]Kingambit||FocusSash|Defiant|LowKick,SuckerPunch,KowtowCleave,IronHead|Adamant||F|||50|]Sylveon||FairyFeather|Pixilate|HyperBeam,HyperVoice,QuickAttack,Detect|Modest||F|||50|]Farigiraf||SitrusBerry|ArmorTail|Thunderbolt,SunnyDay,TrickRoom,PsychicFangs|Bold||F|||50|]Garchomp||LifeOrb|RoughSkin|Earthquake,StompingTantrum,DragonClaw,Protect|Jolly||M|||50|
|showteam|p2|Sinistcha-Masterpiece||KasibBerry|Hospitality|MatchaGotcha,RagePowder,TrickRoom,Protect|Bold|||||50|]Kingambit||BlackGlasses|Defiant|KowtowCleave,SuckerPunch,SwordsDance,Protect|Adamant||M|||50|]Sneasler||FocusSash|PoisonTouch|FakeOut,CloseCombat,DireClaw,QuickGuard|Jolly||M|||50|]Floette-Eternal||Floettite|FlowerVeil|Moonblast,DazzlingGleam,CalmMind,Protect|Modest||F|||50|]Delphox||Delphoxite|Blaze|HeatWave,Psyshock,NastyPlot,Protect|Timid||F|||50|]Incineroar||SitrusBerry|Intimidate|PartingShot,FlareBlitz,ThroatChop,FakeOut|Careful||M|||50|
|inactive|Battle timer is ON: inactive players will automatically lose when time's up. (requested by abgesaftet)
|inactive|sergimacaco has 60 seconds left.
|
|t:|1783512363
|teamsize|p1|4
|teamsize|p2|4
|start
|switch|p1a: Charizard|Charizard, L50, F|100/100
|switch|p1b: Farigiraf|Farigiraf, L50, F|100/100
|switch|p2a: Floette|Floette-Eternal, L50, F|100/100
|switch|p2b: Incineroar|Incineroar, L50, M|100/100
|-ability|p2b: Incineroar|Intimidate|boost
|-unboost|p1a: Charizard|atk|1
|-unboost|p1b: Farigiraf|atk|1
|turn|1
|
|t:|1783512388
|detailschange|p2a: Floette|Floette-Mega, L50, F
|-mega|p2a: Floette|Floette|Floettite
|-ability|p2a: Floette|Fairy Aura
|detailschange|p1a: Charizard|Charizard-Mega-Y, L50, F
|-mega|p1a: Charizard|Charizard|Charizardite Y
|-weather|SunnyDay|[from] ability: Drought|[of] p1a: Charizard
|move|p2a: Floette|Calm Mind|p2a: Floette
|-boost|p2a: Floette|spa|1
|-boost|p2a: Floette|spd|1
|move|p1a: Charizard|Weather Ball|p2a: Floette
|-damage|p2a: Floette|53/100
|move|p2b: Incineroar|Parting Shot|p1a: Charizard
|-unboost|p1a: Charizard|atk|1
|-unboost|p1a: Charizard|spa|1
|
|t:|1783512401
|switch|p2b: Sinistcha|Sinistcha-Masterpiece, L50|100/100|[from] Parting Shot
|-heal|p2a: Floette|78/100|[from] ability: Hospitality|[of] p2b: Sinistcha
|move|p1b: Farigiraf|Trick Room|p1b: Farigiraf
|-fieldstart|move: Trick Room|[of] p1b: Farigiraf
|
|-weather|SunnyDay|[upkeep]
|upkeep
|turn|2
|inactive|sergimacaco has 30 seconds left.
|inactive|sergimacaco has 20 seconds left.
|inactive|sergimacaco has 15 seconds left.
|
|t:|1783512443
|switch|p1b: Kingambit|Kingambit, L50, F|100/100
|switch|p2b: Incineroar|Incineroar, L50, M|100/100
|-ability|p2b: Incineroar|Intimidate|boost
|-unboost|p1a: Charizard|atk|1
|-unboost|p1b: Kingambit|atk|1
|-ability|p1b: Kingambit|Defiant|boost
|-boost|p1b: Kingambit|atk|2
|move|p1a: Charizard|Heat Wave|p2a: Floette|[spread] p2a,p2b
|-resisted|p2b: Incineroar|1
|-damage|p2a: Floette|55/100
|-damage|p2b: Incineroar|83/100
|move|p2a: Floette|Dazzling Gleam|p1a: Charizard|[spread] p1a,p1b
|-resisted|p1a: Charizard|1
|-crit|p1b: Kingambit
|-damage|p1a: Charizard|62/100
|-enditem|p1b: Kingambit|Focus Sash
|-damage|p1b: Kingambit|1/100
|
|-weather|SunnyDay|[upkeep]
|upkeep
|turn|3
|inactive|sergimacaco has 30 seconds left.
|inactive|abgesaftet has 30 seconds left.
|
|t:|1783512478
|switch|p1a: Farigiraf|Farigiraf, L50, F|100/100
|move|p2a: Floette|Protect|p2a: Floette
|-singleturn|p2a: Floette|Protect
|move|p1b: Kingambit|Low Kick|p2b: Incineroar
|-supereffective|p2b: Incineroar|1
|-damage|p2b: Incineroar|0 fnt
|faint|p2b: Incineroar
|
|-weather|SunnyDay|[upkeep]
|upkeep
|
|t:|1783512481
|switch|p2b: Sinistcha|Sinistcha-Masterpiece, L50|100/100
|-heal|p2a: Floette|80/100|[from] ability: Hospitality|[of] p2b: Sinistcha
|turn|4
|inactive|sergimacaco has 30 seconds left.
|inactive|sergimacaco has 20 seconds left.
|inactive|sergimacaco has 15 seconds left.
|inactive|sergimacaco has 10 seconds left.
|inactive|sergimacaco has 5 seconds left.
|
|t:|1783512534
|switch|p1b: Charizard|Charizard-Mega-Y, L50, F|62/100
|move|p2b: Sinistcha|Rage Powder|p2b: Sinistcha
|-singleturn|p2b: Sinistcha|move: Rage Powder
|move|p1a: Farigiraf|Psychic Fangs|p2b: Sinistcha
|-damage|p2b: Sinistcha|79/100
|move|p2a: Floette|Dazzling Gleam|p1a: Farigiraf|[spread] p1a,p1b
|-crit|p1a: Farigiraf
|-resisted|p1b: Charizard|1
|-damage|p1a: Farigiraf|1/100
|-damage|p1b: Charizard|25/100
|-enditem|p1a: Farigiraf|Sitrus Berry|[eat]
|-heal|p1a: Farigiraf|25/100|[from] item: Sitrus Berry
|
|-weather|SunnyDay|[upkeep]
|upkeep
|turn|5
|
|t:|1783512557
|move|p2b: Sinistcha|Protect|p2b: Sinistcha
|-singleturn|p2b: Sinistcha|Protect
|move|p2a: Floette|Protect|p2a: Floette
|-singleturn|p2a: Floette|Protect
|move|p1a: Farigiraf|Psychic Fangs|p2a: Floette
|-activate|p2a: Floette|move: Protect
|move|p1b: Charizard|Weather Ball|p2a: Floette
|-activate|p2a: Floette|move: Protect
|
|-weather|none
|-fieldend|move: Trick Room
|upkeep
|turn|6
|
|t:|1783512582
|switch|p2b: Sneasler|Sneasler, L50, M|100/100
|move|p2a: Floette|Dazzling Gleam|p1a: Farigiraf|[spread] p1a,p1b
|-resisted|p1b: Charizard|1
|-damage|p1a: Farigiraf|0 fnt
|-damage|p1b: Charizard|0 fnt
|faint|p1a: Farigiraf
|faint|p1b: Charizard
|
|upkeep
|
|t:|1783512588
|switch|p1b: Kingambit|Kingambit, L50, F|1/100
|switch|p1a: Sylveon|Sylveon, L50, F|100/100
|turn|7
|
|t:|1783512603
|move|p1b: Kingambit|Sucker Punch|p2b: Sneasler
|-resisted|p2b: Sneasler|1
|-damage|p2b: Sneasler|66/100
|move|p2b: Sneasler|Dire Claw|p1a: Sylveon
|-supereffective|p1a: Sylveon|1
|-damage|p1a: Sylveon|10/100
|move|p2a: Floette|Dazzling Gleam|p1a: Sylveon|[spread] p1a,p1b
|-damage|p1a: Sylveon|0 fnt
|-damage|p1b: Kingambit|0 fnt
|faint|p1a: Sylveon
|faint|p1b: Kingambit
|
|win|abgesaftet
||abgesaftet is ready for game 2.
|l|☆sergimacaco
|player|p1|
|inactive|sergimacaco has 30 seconds to confirm battle start!
||sergimacaco is ready for game 2.
|uhtml|next|Next: Game 2 of 3
