|j|☆jakk_poke
|j|☆entei enthusiast
|html|jakk_pokeentei enthusiast    
|uhtml|bestof|Game 2 of a best-of-3
|t:|1783025277
|gametype|doubles
|player|p1|jakk_poke|101|1040
|player|p2|entei enthusiast|kamado-armor|1054
|gen|9
|tier|[Gen 9 Champions] VGC 2026 Reg M-B (Bo3)
|rated|
|rule|Species Clause: Limit one of each Pokémon
|rule|Item Clause: Limit 1 of each item
|clearpoke
|poke|p1|Swampert, L50, F|
|poke|p1|Mimikyu, L50, M|
|poke|p1|Incineroar, L50, M|
|poke|p1|Farigiraf, L50, M|
|poke|p1|Ampharos, L50, M|
|poke|p1|Basculegion, L50, M|
|poke|p2|Gyarados, L50, M, shiny|
|poke|p2|Floette-Eternal, L50, F|
|poke|p2|Sneasler, L50, F|
|poke|p2|Sinistcha, L50|
|poke|p2|Garchomp, L50, F|
|poke|p2|Incineroar, L50, M|
|teampreview|4
|showteam|p1|Swampert||Swampertite|Torrent|WaveCrash,HighHorsepower,IcePunch,Protect|Adamant||F|||50|]Mimikyu||MentalHerb|Disguise|PlayRough,RainDance,TrickRoom,Curse|Brave||M|||50|]Incineroar||SitrusBerry|Intimidate|FlareBlitz,ThroatChop,FakeOut,PartingShot|Brave||M|||50|]Farigiraf||ColburBerry|ArmorTail|TwinBeam,FoulPlay,TrickRoom,Protect|Relaxed||M|||50|]Ampharos||Ampharosite|Static|ParabolicCharge,Thunderbolt,DragonPulse,Protect|Quiet||M|||50|]Basculegion||LifeOrb|Adaptability|WaveCrash,Protect,LastRespects,AquaJet|Adamant||M|||50|
|showteam|p2|Gyarados||Gyaradosite|Intimidate|Waterfall,LashOut,DragonDance,Protect|Adamant||M|||50|]Floette-Eternal||Floettite|FlowerVeil|DrainingKiss,DazzlingGleam,CalmMind,Protect|Timid||F|||50|]Sneasler||FocusSash|PoisonTouch|CloseCombat,DireClaw,FakeOut,Coaching|Jolly||F|||50|]Sinistcha||SitrusBerry|Hospitality|MatchaGotcha,LifeDew,RagePowder,Protect|Calm|||||50|]Garchomp||LifeOrb|RoughSkin|DragonClaw,RockSlide,Earthquake,Protect|Jolly||F|||50|]Incineroar||PasshoBerry|Intimidate|FlareBlitz,FakeOut,PartingShot,Taunt|Careful||M|||50|
|inactive|Battle timer is ON: inactive players will automatically lose when time's up. (requested by entei enthusiast)
|inactive|jakk_poke has 60 seconds left.
|inactive|jakk_poke has 30 seconds left.
|
|t:|1783025340
|teamsize|p1|4
|teamsize|p2|4
|start
|switch|p1a: Mimikyu|Mimikyu, L50, M|100/100
|switch|p1b: Incineroar|Incineroar, L50, M|100/100
|switch|p2a: Floette|Floette-Eternal, L50, F|100/100
|switch|p2b: Sneasler|Sneasler, L50, F|100/100
|-ability|p1b: Incineroar|Intimidate|boost
|-unboost|p2a: Floette|atk|1
|-unboost|p2b: Sneasler|atk|1
|turn|1
|
|t:|1783025353
|detailschange|p2a: Floette|Floette-Mega, L50, F
|-mega|p2a: Floette|Floette|Floettite
|-ability|p2a: Floette|Fairy Aura
|move|p2b: Sneasler|Coaching|p2a: Floette
|-boost|p2a: Floette|atk|1
|-boost|p2a: Floette|def|1
|move|p2a: Floette|Calm Mind|p2a: Floette
|-boost|p2a: Floette|spa|1
|-boost|p2a: Floette|spd|1
|move|p1b: Incineroar|Flare Blitz|p2a: Floette
|-damage|p2a: Floette|57/100
|-damage|p1b: Incineroar|87/100|[from] Recoil
|move|p1a: Mimikyu|Trick Room|p1a: Mimikyu
|-fieldstart|move: Trick Room|[of] p1a: Mimikyu
|
|upkeep
|turn|2
|inactive|jakk_poke has 30 seconds left.
|
|t:|1783025385
|switch|p2b: Sinistcha|Sinistcha, L50|100/100
|-heal|p2a: Floette|82/100|[from] ability: Hospitality|[of] p2b: Sinistcha
|move|p1b: Incineroar|Throat Chop|p2b: Sinistcha
|-supereffective|p2b: Sinistcha|1
|-damage|p2b: Sinistcha|24/100
|-start|p2b: Sinistcha|Throat Chop|[silent]
|-enditem|p2b: Sinistcha|Sitrus Berry|[eat]
|-heal|p2b: Sinistcha|49/100|[from] item: Sitrus Berry
|move|p1a: Mimikyu|Curse|p2a: Floette
|-start|p2a: Floette|Curse|[of] p1a: Mimikyu
|-damage|p1a: Mimikyu|50/100y
|move|p2a: Floette|Draining Kiss|p1b: Incineroar
|-damage|p1b: Incineroar|42/100
|-heal|p2a: Floette|100/100|[from] drain|[of] p1b: Incineroar
|-enditem|p1b: Incineroar|Sitrus Berry|[eat]
|-heal|p1b: Incineroar|67/100|[from] item: Sitrus Berry
|
|-damage|p2a: Floette|75/100|[from] Curse
|upkeep
|turn|3
|inactive|jakk_poke has 30 seconds left.
|inactive|entei enthusiast has 30 seconds left.
|
|t:|1783025418
|switch|p2b: Garchomp|Garchomp, L50, F|100/100
|move|p1b: Incineroar|Parting Shot|p2a: Floette
|-unboost|p2a: Floette|atk|1
|-unboost|p2a: Floette|spa|1
|
|t:|1783025425
|switch|p1b: Ampharos|Ampharos, L50, M|100/100|[from] Parting Shot
|move|p1a: Mimikyu|Play Rough|p2b: Garchomp
|-supereffective|p2b: Garchomp|1
|-damage|p2b: Garchomp|20/100y
|-damage|p1a: Mimikyu|37/100|[from] ability: Rough Skin|[of] p2b: Garchomp
|move|p2a: Floette|Draining Kiss|p1b: Ampharos
|-damage|p1b: Ampharos|65/100
|-heal|p2a: Floette|100/100|[from] drain|[of] p1b: Ampharos
|-status|p2a: Floette|par|[from] ability: Static|[of] p1b: Ampharos
|
|-damage|p2a: Floette|75/100 par|[from] Curse
|upkeep
|turn|4
|inactive|jakk_poke has 30 seconds left.
|
|t:|1783025458
|switch|p1b: Incineroar|Incineroar, L50, M|67/100
|-ability|p1b: Incineroar|Intimidate|boost
|-unboost|p2a: Floette|atk|1
|-unboost|p2b: Garchomp|atk|1
|switch|p2b: Sinistcha|Sinistcha, L50|49/100
|-heal|p2a: Floette|100/100 par|[from] ability: Hospitality|[of] p2b: Sinistcha
|move|p2a: Floette|Dazzling Gleam|p1a: Mimikyu|[spread] p1a,p1b
|-activate|p1a: Mimikyu|ability: Disguise
|-damage|p1a: Mimikyu|37/100
|-damage|p1b: Incineroar|29/100
|detailschange|p1a: Mimikyu|Mimikyu-Busted, L50, M
|-damage|p1a: Mimikyu|25/100|[from] pokemon: Mimikyu-Busted
|move|p1a: Mimikyu|Play Rough|p2b: Sinistcha
|-damage|p2b: Sinistcha|2/100
|
|-damage|p2a: Floette|75/100 par|[from] Curse
|upkeep
|turn|5
|inactive|jakk_poke has 30 seconds left.
|inactive|jakk_poke has 20 seconds left.
|
|t:|1783025493
|move|p2a: Floette|Protect|p2a: Floette
|-singleturn|p2a: Floette|Protect
|move|p2b: Sinistcha|Protect|p2b: Sinistcha
|-singleturn|p2b: Sinistcha|Protect
|move|p1b: Incineroar|Flare Blitz|p2a: Floette
|-activate|p2a: Floette|move: Protect
|move|p1a: Mimikyu|Rain Dance|p1a: Mimikyu
|-weather|RainDance
|
|-weather|RainDance|[upkeep]
|-damage|p2a: Floette|50/100g par|[from] Curse
|-fieldend|move: Trick Room
|upkeep
|turn|6
|
|t:|1783025509
|switch|p1b: Basculegion|Basculegion, L50, M|100/100
|move|p2b: Sinistcha|Life Dew|p2b: Sinistcha|[spread] p2a,p2b
|-heal|p2a: Floette|75/100 par
|-heal|p2b: Sinistcha|27/100
|move|p2a: Floette|Dazzling Gleam|p1b: Basculegion|[spread] p1a,p1b
|-damage|p1a: Mimikyu|0 fnt
|-damage|p1b: Basculegion|55/100
|faint|p1a: Mimikyu
|
|-weather|RainDance|[upkeep]
|-damage|p2a: Floette|50/100g par|[from] Curse
|upkeep
|
|t:|1783025519
|switch|p1a: Ampharos|Ampharos, L50, M|65/100
|turn|7
|inactive|jakk_poke has 30 seconds left.
|inactive|entei enthusiast has 30 seconds left.
|inactive|entei enthusiast has 20 seconds left.
|
|t:|1783025556
|detailschange|p1a: Ampharos|Ampharos-Mega, L50, M
|-mega|p1a: Ampharos|Ampharos|Ampharosite
|-ability|p1a: Ampharos|Mold Breaker
|move|p2b: Sinistcha|Rage Powder|p2b: Sinistcha
|-singleturn|p2b: Sinistcha|move: Rage Powder
|move|p1b: Basculegion|Last Respects|p2b: Sinistcha
|-supereffective|p2b: Sinistcha|1
|-damage|p2b: Sinistcha|0 fnt
|faint|p2b: Sinistcha
|-damage|p1b: Basculegion|45/100|[from] item: Life Orb
|move|p2a: Floette|Dazzling Gleam|p1a: Ampharos|[spread] p1a,p1b
|-supereffective|p1a: Ampharos|1
|-damage|p1a: Ampharos|0 fnt
|-damage|p1b: Basculegion|1/100
|faint|p1a: Ampharos
|
|-weather|RainDance|[upkeep]
|-damage|p2a: Floette|25/100 par|[from] Curse
|upkeep
|
|t:|1783025573
|switch|p2b: Sneasler|Sneasler, L50, F|100/100
|switch|p1a: Incineroar|Incineroar, L50, M|29/100
|-ability|p1a: Incineroar|Intimidate|boost
|-unboost|p2a: Floette|atk|1
|-unboost|p2b: Sneasler|atk|1
|turn|8
|-message|jakk_poke forfeited.
|
|win|entei enthusiast
|raw|jakk_poke's rating: 1040 → 1025(-15 for losing)
|raw|entei enthusiast's rating: 1054 → 1085(+31 for winning)
|l|☆jakk_poke
|player|p1|
