|j|☆iruama
|j|☆PaquitoelBollito
|html|iruamaPaquitoelBollito    
|uhtml|bestof|Game 2 of a best-of-3
|t:|1786200476
|gametype|doubles
|player|p1|iruama|yellow|1157
|player|p2|PaquitoelBollito|266|1208
|gen|9
|tier|[Gen 9 Champions] VGC 2026 Reg M-B (Bo3)
|rated|
|rule|Species Clause: Limit one of each Pokémon
|rule|Item Clause: Limit 1 of each item
|clearpoke
|poke|p1|Chandelure, L50, F|
|poke|p1|Whimsicott, L50, M, shiny|
|poke|p1|Kangaskhan, L50, F|
|poke|p1|Torkoal, L50, F|
|poke|p1|Sneasler, L50, F|
|poke|p1|Basculegion, L50, M|
|poke|p2|Froslass, L50, F|
|poke|p2|Scovillain, L50, F|
|poke|p2|Kingambit, L50, M|
|poke|p2|Sneasler, L50, F|
|poke|p2|Basculegion, L50, M|
|poke|p2|Lycanroc-Dusk, L50, M|
|teampreview|4
|showteam|p1|Chandelure||Chandelurite|FlashFire|ShadowBall,HeatWave,TrickRoom,Protect|Timid||F|||50|]Whimsicott||FocusSash|Prankster|Tailwind,Moonblast,Protect,Encore|Timid||M|||50|]Kangaskhan||SilkScarf|Scrappy|FakeOut,LastResort|Jolly||F|||50|]Torkoal||Charcoal|Drought|HelpingHand,Eruption,WeatherBall,Protect|Quiet||F|||50|]Sneasler||WhiteHerb|Unburden|FakeOut,CloseCombat,DireClaw,Protect|Jolly||F|||50|]Basculegion||ChoiceScarf|Adaptability|WaveCrash,LastRespects,AquaJet,FlipTurn|Jolly||M|||50|
|showteam|p2|Froslass||Froslassite|CursedBody|Protect,Blizzard,AuroraVeil,ShadowBall|Modest||F|||50|]Scovillain||Scovillainite|Moody|Protect,Overheat,GigaDrain,RagePowder|Modest||F|||50|]Kingambit||BlackGlasses|Defiant|Protect,KowtowCleave,SwordsDance,SuckerPunch|Adamant||M|||50|]Sneasler||WhiteHerb|Unburden|FakeOut,GunkShot,CloseCombat,Protect|Adamant||F|||50|]Basculegion||SitrusBerry|Adaptability|Protect,LastRespects,WaveCrash,AquaJet|Adamant||M|||50|]Lycanroc-Dusk||FocusSash|ToughClaws|Protect,Accelerock,RockSlide,CloseCombat|Adamant||M|||50|
|inactive|Battle timer is ON: inactive players will automatically lose when time's up. (requested by PaquitoelBollito)
|inactive|PaquitoelBollito has 60 seconds left.
|
|t:|1786200513
|teamsize|p1|4
|teamsize|p2|4
|start
|switch|p1a: The Lure|Chandelure, L50, F|100/100
|switch|p1b: The Koal|Torkoal, L50, F|100/100
|switch|p2a: Scovillain|Scovillain, L50, F|100/100
|switch|p2b: Sneasler|Sneasler, L50, F|100/100
|-weather|SunnyDay|[from] ability: Drought|[of] p1b: The Koal
|turn|1
|inactive|PaquitoelBollito has 30 seconds left.
|inactive|PaquitoelBollito has 20 seconds left.
|
|t:|1786200549
|switch|p2a: Basculegion|Basculegion, L50, M|100/100
|detailschange|p1a: The Lure|Chandelure-Mega, L50, F
|-mega|p1a: The Lure|Chandelure|Chandelurite
|move|p1b: The Koal|Protect|p1b: The Koal
|-singleturn|p1b: The Koal|Protect
|move|p2b: Sneasler|Close Combat|p1b: The Koal
|-activate|p1b: The Koal|move: Protect
|move|p1a: The Lure|Trick Room|p1a: The Lure
|-fieldstart|move: Trick Room|[of] p1a: The Lure
|
|-weather|SunnyDay|[upkeep]
|upkeep
|turn|2
|
|t:|1786200570
|move|p2a: Basculegion|Aqua Jet|p1b: The Koal
|-supereffective|p1b: The Koal|1
|-damage|p1b: The Koal|81/100
|move|p1b: The Koal|Eruption|p2b: Sneasler|[spread] p2a,p2b
|-resisted|p2a: Basculegion|1
|-damage|p2a: Basculegion|58/100
|-damage|p2b: Sneasler|7/100
|move|p1a: The Lure|Shadow Ball|p2a: Basculegion
|-supereffective|p2a: Basculegion|1
|-damage|p2a: Basculegion|0 fnt
|faint|p2a: Basculegion
|move|p2b: Sneasler|Close Combat|p1b: The Koal
|-damage|p1b: The Koal|32/100
|-unboost|p2b: Sneasler|def|1
|-unboost|p2b: Sneasler|spd|1
|-enditem|p2b: Sneasler|White Herb
|-clearnegativeboost|p2b: Sneasler|[silent]
|
|-weather|SunnyDay|[upkeep]
|upkeep
|
|t:|1786200589
|switch|p2a: Scovillain|Scovillain, L50, F|100/100
|turn|3
|
|t:|1786200603
|move|p2a: Scovillain|Protect|p2a: Scovillain
|-singleturn|p2a: Scovillain|Protect
|move|p2b: Sneasler|Protect|p2b: Sneasler
|-singleturn|p2b: Sneasler|Protect
|move|p1b: The Koal|Weather Ball|p2a: Scovillain
|-activate|p2a: Scovillain|move: Protect
|move|p1a: The Lure|Heat Wave|p2b: Sneasler|[spread] 
|-activate|p2a: Scovillain|move: Protect
|-activate|p2b: Sneasler|move: Protect
|
|-weather|SunnyDay|[upkeep]
|-ability|p2a: Scovillain|Moody|boost
|-boost|p2a: Scovillain|spe|2
|-unboost|p2a: Scovillain|spd|1
|upkeep
|turn|4
|inactive|PaquitoelBollito has 30 seconds left.
|inactive|PaquitoelBollito has 20 seconds left.
|inactive|PaquitoelBollito has 15 seconds left.
|
|t:|1786200644
|detailschange|p2a: Scovillain|Scovillain-Mega, L50, F
|-mega|p2a: Scovillain|Scovillain|Scovillainite
|move|p2a: Scovillain|Rage Powder|p2a: Scovillain
|-singleturn|p2a: Scovillain|move: Rage Powder
|move|p1b: The Koal|Weather Ball|p2a: Scovillain
|-damage|p2a: Scovillain|0 fnt
|-immune|p1b: The Koal
|faint|p2a: Scovillain
|move|p1a: The Lure|Heat Wave|p2b: Sneasler
|-damage|p2b: Sneasler|0 fnt
|faint|p2b: Sneasler
|
|-weather|SunnyDay|[upkeep]
|upkeep
|
|t:|1786200650
|switch|p2b: Kingambit|Kingambit, L50, M|100/100
|turn|5
|
|t:|1786200660
|move|p2b: Kingambit|Protect|p2b: Kingambit
|-singleturn|p2b: Kingambit|Protect
|move|p1b: The Koal|Weather Ball|p2b: Kingambit
|-activate|p2b: Kingambit|move: Protect
|move|p1a: The Lure|Heat Wave|p2b: Kingambit
|-activate|p2b: Kingambit|move: Protect
|
|-weather|none
|-fieldend|move: Trick Room
|upkeep
|turn|6
|
|t:|1786200670
|move|p2b: Kingambit|Sucker Punch|p1b: The Koal
|-damage|p1b: The Koal|0 fnt
|faint|p1b: The Koal
|move|p1a: The Lure|Heat Wave|p2b: Kingambit
|-supereffective|p2b: Kingambit|1
|-damage|p2b: Kingambit|0 fnt
|faint|p2b: Kingambit
|
|win|iruama
