|j|☆AllySwitch24
|j|☆Shibal Spaghetti
|html|AllySwitch24Shibal Spaghetti    
|uhtml|bestof|Game 2 of a best-of-3
|t:|1785299148
|gametype|doubles
|player|p1|AllySwitch24|elesa|1040
|player|p2|Shibal Spaghetti|acetrainersnowf|1124
|gen|9
|tier|[Gen 9 Champions] VGC 2026 Reg M-B (Bo3)
|rated|
|rule|Species Clause: Limit one of each Pokémon
|rule|Item Clause: Limit 1 of each item
|clearpoke
|poke|p1|Palafin, L50, F|
|poke|p1|Raichu, L50, F|
|poke|p1|Typhlosion, L50, F|
|poke|p1|Ninetales-Alola, L50, F|
|poke|p1|Jolteon, L50, M|
|poke|p1|Talonflame, L50, M|
|poke|p2|Whimsicott, L50, F|
|poke|p2|Glimmora, L50, F|
|poke|p2|Ninetales-Alola, L50, F|
|poke|p2|Kommo-o, L50, M|
|poke|p2|Kingambit, L50, M, shiny|
|poke|p2|Floette-Eternal, L50, F|
|teampreview|4
|showteam|p1|Palafin||MysticWater|ZerotoHero|JetPunch,WaveCrash,FlipTurn,Protect|Adamant||F|||50|]Raichu||RaichuniteX|LightningRod|FakeOut,Protect,RisingVoltage,VoltSwitch|Timid||F|||50|]Typhlosion||Charcoal|FlashFire|Eruption,Protect,FireBlast,ScorchingSands|Modest||F|||50|]Ninetales-Alola||FocusSash|SnowWarning|Blizzard,Protect,FreezeDry,Roar|Timid||F|||50|]Jolteon||LifeOrb|VoltAbsorb|RisingVoltage,Protect,WeatherBall,VoltSwitch|Timid||M|||50|]Talonflame|||GaleWings|Tailwind,Acrobatics,SunnyDay,QuickGuard|Jolly||M|||50|
|showteam|p2|Whimsicott||FocusSash|Prankster|Tailwind,Moonblast,Encore,Protect|Timid||F|||50|]Glimmora||Glimmoranite|ToxicDebris|PowerGem,SludgeBomb,EarthPower,SpikyShield|Modest||F|||50|]Ninetales-Alola||NeverMeltIce|SnowWarning|Blizzard,FreezeDry,Disable,Protect|Timid||F|||50|]Kommo-o||LifeOrb|Overcoat|ClangingScales,AuraSphere,VacuumWave,Protect|Modest||M|||50|]Kingambit||BlackGlasses|Defiant|KowtowCleave,SuckerPunch,IronHead,Protect|Adamant||M|||50|]Floette-Eternal||Floettite|FlowerVeil|LightofRuin,Moonblast,DazzlingGleam,Protect|Timid||F|||50|
|inactive|Battle timer is ON: inactive players will automatically lose when time's up. (requested by Shibal Spaghetti)
|inactive|AllySwitch24 has 60 seconds left.
|
|t:|1785299195
|teamsize|p1|4
|teamsize|p2|4
|start
|switch|p1a: Raichu|Raichu, L50, F|100/100
|switch|p1b: Palafin|Palafin, L50, F|100/100
|switch|p2a: Whimsicott|Whimsicott, L50, F|100/100
|switch|p2b: Glimmora|Glimmora, L50, F|100/100
|turn|1
|inactive|AllySwitch24 has 30 seconds left.
|inactive|AllySwitch24 has 20 seconds left.
|inactive|AllySwitch24 has 15 seconds left.
|inactive|AllySwitch24 has 10 seconds left.
|
|t:|1785299242
|switch|p1a: Ninetales|Ninetales-Alola, L50, F|100/100
|-weather|Snowscape|[from] ability: Snow Warning|[of] p1a: Ninetales
|detailschange|p1b: Palafin|Palafin-Hero, L50, F
|switch|p1b: Jolteon|Jolteon, L50, M|100/100
|move|p2a: Whimsicott|Protect|p2a: Whimsicott
|-singleturn|p2a: Whimsicott|Protect
|move|p2b: Glimmora|Spiky Shield||[still]
|-fail|p2b: Glimmora
|
|-weather|Snowscape|[upkeep]
|upkeep
|turn|2
|inactive|AllySwitch24 has 30 seconds left.
|inactive|Shibal Spaghetti has 30 seconds left.
|inactive|AllySwitch24 has 20 seconds left.
|inactive|AllySwitch24 has 15 seconds left.
|
|t:|1785299285
|detailschange|p2b: Glimmora|Glimmora-Mega, L50, F
|-mega|p2b: Glimmora|Glimmora|Glimmoranite
|move|p2a: Whimsicott|Tailwind|p2a: Whimsicott
|-sidestart|p2: Shibal Spaghetti|move: Tailwind
|move|p2b: Glimmora|Sludge Bomb|p1a: Ninetales
|-supereffective|p1a: Ninetales|1
|-crit|p1a: Ninetales
|-enditem|p1a: Ninetales|Focus Sash
|-damage|p1a: Ninetales|1/100
|move|p1b: Jolteon|Volt Switch|p2b: Glimmora
|-damage|p2b: Glimmora|45/100
|-damage|p1b: Jolteon|90/100|[from] item: Life Orb
|
|t:|1785299303
|switch|p1b: Raichu|Raichu, L50, F|100/100|[from] Volt Switch
|move|p1a: Ninetales|Blizzard|p2a: Whimsicott|[spread] p2a,p2b
|-supereffective|p2a: Whimsicott|1
|-enditem|p2a: Whimsicott|Focus Sash
|-damage|p2a: Whimsicott|1/100
|-damage|p2b: Glimmora|8/100
|
|-weather|Snowscape|[upkeep]
|upkeep
|turn|3
|inactive|AllySwitch24 has 30 seconds left.
|inactive|AllySwitch24 has 20 seconds left.
|inactive|AllySwitch24 has 15 seconds left.
|
|t:|1785299345
|detailschange|p1b: Raichu|Raichu-Mega-X, L50, F
|-mega|p1b: Raichu|Raichu|Raichunite X
|-fieldstart|move: Electric Terrain|[from] ability: Electric Surge|[of] p1b: Raichu
|move|p2a: Whimsicott|Protect|p2a: Whimsicott
|-singleturn|p2a: Whimsicott|Protect
|move|p2b: Glimmora|Spiky Shield|p2b: Glimmora
|-singleturn|p2b: Glimmora|move: Protect
|move|p1b: Raichu|Fake Out|p2b: Glimmora
|-activate|p2b: Glimmora|move: Protect
|-damage|p1b: Raichu|88/100|[from] Spiky Shield|[of] p2b: Glimmora
|move|p1a: Ninetales|Blizzard|p2a: Whimsicott|[spread] 
|-activate|p2a: Whimsicott|move: Protect
|-activate|p2b: Glimmora|move: Protect
|
|-weather|Snowscape|[upkeep]
|upkeep
|turn|4
|inactive|AllySwitch24 has 30 seconds left.
|inactive|Shibal Spaghetti has 30 seconds left.
|
|t:|1785299379
|switch|p1b: Palafin|Palafin-Hero, L50, F|100/100
|-activate|p1b: Palafin|ability: Zero to Hero
|move|p1a: Ninetales|Protect|p1a: Ninetales
|-singleturn|p1a: Ninetales|Protect
|move|p2a: Whimsicott|Moonblast|p1a: Ninetales
|-activate|p1a: Ninetales|move: Protect
|move|p2b: Glimmora|Earth Power|p1b: Palafin
|-damage|p1b: Palafin|58/100
|
|-weather|Snowscape|[upkeep]
|upkeep
|turn|5
|inactive|AllySwitch24 has 30 seconds left.
|
|t:|1785299410
|move|p2a: Whimsicott|Protect|p2a: Whimsicott
|-singleturn|p2a: Whimsicott|Protect
|move|p2b: Glimmora|Spiky Shield|p2b: Glimmora
|-singleturn|p2b: Glimmora|move: Protect
|move|p1b: Palafin|Jet Punch|p2b: Glimmora
|-activate|p2b: Glimmora|move: Protect
|-damage|p1b: Palafin|46/100|[from] Spiky Shield|[of] p2b: Glimmora
|move|p1a: Ninetales|Blizzard|p2a: Whimsicott|[spread] 
|-activate|p2a: Whimsicott|move: Protect
|-activate|p2b: Glimmora|move: Protect
|
|-weather|none
|-sideend|p2: Shibal Spaghetti|move: Tailwind
|upkeep
|turn|6
|
|t:|1785299433
|move|p2a: Whimsicott|Tailwind|p2a: Whimsicott
|-sidestart|p2: Shibal Spaghetti|move: Tailwind
|move|p2b: Glimmora|Power Gem|p1a: Ninetales
|-supereffective|p1a: Ninetales|1
|-damage|p1a: Ninetales|0 fnt
|faint|p1a: Ninetales
|move|p1b: Palafin|Flip Turn|p2b: Glimmora
|-supereffective|p2b: Glimmora|1
|-damage|p2b: Glimmora|0 fnt
|faint|p2b: Glimmora
|
|t:|1785299446
|switch|p1b: Jolteon|Jolteon, L50, M|90/100|[from] Flip Turn
|
|upkeep
|
|t:|1785299469
|switch|p1a: Palafin|Palafin-Hero, L50, F|46/100
|switch|p2b: Kommo-o|Kommo-o, L50, M|100/100
|turn|7
|inactive|AllySwitch24 has 30 seconds left.
|inactive|Shibal Spaghetti has 30 seconds left.
|
|t:|1785299497
|move|p1a: Palafin|Jet Punch|p2a: Whimsicott
|-resisted|p2a: Whimsicott|1
|-damage|p2a: Whimsicott|0 fnt
|faint|p2a: Whimsicott
|move|p2b: Kommo-o|Clanging Scales|p1b: Jolteon|[spread] p1a,p1b
|-crit|p1b: Jolteon
|-damage|p1a: Palafin|0 fnt
|-damage|p1b: Jolteon|0 fnt
|faint|p1a: Palafin
|faint|p1b: Jolteon
|-unboost|p2b: Kommo-o|def|1
|-damage|p2b: Kommo-o|90/100|[from] item: Life Orb
|
|-fieldend|move: Electric Terrain
|upkeep
|
|t:|1785299509
|switch|p2a: Kingambit|Kingambit, L50, M, shiny|100/100
|switch|p1a: Raichu|Raichu-Mega-X, L50, F|88/100
|-fieldstart|move: Electric Terrain|[from] ability: Electric Surge|[of] p1a: Raichu
|turn|8
|
|t:|1785299521
|move|p2b: Kommo-o|Clanging Scales|p1a: Raichu
|-damage|p1a: Raichu|0 fnt
|faint|p1a: Raichu
|-damage|p2b: Kommo-o|80/100|[from] item: Life Orb
|
|win|Shibal Spaghetti
|raw|AllySwitch24's rating: 1040 → 1028(-12 for losing)
|raw|Shibal Spaghetti's rating: 1124 → 1143(+19 for winning)
|l|☆Shibal Spaghetti
|player|p2|
