|j|☆Keith Jones
|j|☆pink spoon
|html|Keith Jonespink spoon    
|uhtml|bestof|Game 3 of a best-of-3
|t:|1783446891
|gametype|doubles
|player|p1|Keith Jones|benga|1466
|player|p2|pink spoon|parasollady|1387
|gen|9
|tier|[Gen 9 Champions] VGC 2026 Reg M-B (Bo3)
|rated|
|rule|Species Clause: Limit one of each Pokémon
|rule|Item Clause: Limit 1 of each item
|clearpoke
|poke|p1|Vivillon, L50, M|
|poke|p1|Lopunny, L50, F|
|poke|p1|Ceruledge, L50, F|
|poke|p1|Floette-Eternal, L50, F|
|poke|p1|Sneasler, L50, M|
|poke|p1|Ninetales-Alola, L50, F|
|poke|p2|Mawile, L50, M|
|poke|p2|Whimsicott, L50, F|
|poke|p2|Primarina, L50, F|
|poke|p2|Incineroar, L50, M|
|poke|p2|Farigiraf, L50, F|
|poke|p2|Delphox, L50, F|
|teampreview|4
|showteam|p1|Vivillon||FocusSash|CompoundEyes|Hurricane,SleepPowder,Tailwind,Protect|Timid||M|||50|]Lopunny||Lopunnite|CuteCharm|CloseCombat,GigaImpact,Encore,FakeOut|Jolly||F|||50|]Ceruledge||Leftovers|FlashFire|BitterBlade,ShadowSneak,BulkUp,Protect|Adamant||F|||50|]Floette-Eternal||Floettite|FlowerVeil|Moonblast,DazzlingGleam,CalmMind,Protect|Timid||F|||50|]Sneasler||WhiteHerb|Unburden|CloseCombat,DireClaw,FakeOut,Protect|Adamant||M|||50|]Ninetales-Alola||LightClay|SnowWarning|Blizzard,FreezeDry,AuroraVeil,Protect|Timid||F|||50|
|showteam|p2|Mawile||Mawilite|HyperCutter|PlayRough,SuckerPunch,SwordsDance,Protect|Brave||M|||50|]Whimsicott||FocusSash|Prankster|Moonblast,Tailwind,Encore,Protect|Timid||F|||50|]Primarina||MysticWater|LiquidVoice|HyperVoice,Moonblast,CalmMind,Protect|Modest||F|||50|]Incineroar||WhiteHerb|Intimidate|FlareBlitz,ThroatChop,CloseCombat,FakeOut|Adamant||M|||50|]Farigiraf||SitrusBerry|ArmorTail|Psychic,RainDance,TrickRoom,Protect|Bold||F|||50|]Delphox||Delphoxite|Blaze|HeatWave,Psyshock,NastyPlot,Protect|Timid||F|||50|
|
|t:|1783446934
|teamsize|p1|4
|teamsize|p2|4
|start
|switch|p1a: Vivillon|Vivillon, L50, M|100/100
|switch|p1b: Floette|Floette-Eternal, L50, F|100/100
|switch|p2a: Incineroar|Incineroar, L50, M|100/100
|switch|p2b: Farigiraf|Farigiraf, L50, F|100/100
|-ability|p2a: Incineroar|Intimidate|boost
|-unboost|p1a: Vivillon|atk|1
|-unboost|p1b: Floette|atk|1
|turn|1
|
|t:|1783446945
|switch|p1a: Ceruledge|Ceruledge, L50, F|100/100
|detailschange|p1b: Floette|Floette-Mega, L50, F
|-mega|p1b: Floette|Floette|Floettite
|-ability|p1b: Floette|Fairy Aura
|move|p2a: Incineroar|Fake Out|p1a: Ceruledge
|-immune|p1a: Ceruledge
|move|p1b: Floette|Calm Mind|p1b: Floette
|-boost|p1b: Floette|spa|1
|-boost|p1b: Floette|spd|1
|move|p2b: Farigiraf|Trick Room|p2b: Farigiraf
|-fieldstart|move: Trick Room|[of] p2b: Farigiraf
|
|upkeep
|turn|2
|
|t:|1783446957
|move|p1a: Ceruledge|Protect|p1a: Ceruledge
|-singleturn|p1a: Ceruledge|Protect
|move|p2a: Incineroar|Flare Blitz|p1b: Floette
|-damage|p1b: Floette|12/100
|-damage|p2a: Incineroar|75/100|[from] Recoil
|move|p2b: Farigiraf|Psychic|p1a: Ceruledge
|-activate|p1a: Ceruledge|move: Protect
|move|p1b: Floette|Calm Mind|p1b: Floette
|-boost|p1b: Floette|spa|1
|-boost|p1b: Floette|spd|1
|
|upkeep
|turn|3
|
|t:|1783446971
|move|p1b: Floette|Protect|p1b: Floette
|-singleturn|p1b: Floette|Protect
|move|p2a: Incineroar|Throat Chop|p1a: Ceruledge
|-supereffective|p1a: Ceruledge|1
|-damage|p1a: Ceruledge|0 fnt
|faint|p1a: Ceruledge
|move|p2b: Farigiraf|Psychic|p1b: Floette
|-activate|p1b: Floette|move: Protect
|
|upkeep
|
|t:|1783446973
|switch|p1a: Vivillon|Vivillon, L50, M|100/100
|turn|4
|
|t:|1783446984
|move|p1b: Floette|Protect|p1b: Floette
|-singleturn|p1b: Floette|Protect
|move|p2a: Incineroar|Flare Blitz|p1b: Floette
|-activate|p1b: Floette|move: Protect
|move|p2b: Farigiraf|Psychic|p1a: Vivillon
|-damage|p1a: Vivillon|36/100
|move|p1a: Vivillon|Sleep Powder|p2a: Incineroar
|-status|p2a: Incineroar|slp|[from] move: Sleep Powder
|
|upkeep
|turn|5
|
|t:|1783446997
|switch|p1a: Sneasler|Sneasler, L50, M|100/100
|cant|p2a: Incineroar|slp
|move|p2b: Farigiraf|Psychic|p1b: Floette
|-damage|p1b: Floette|0 fnt
|faint|p1b: Floette
|
|-fieldend|move: Trick Room
|upkeep
|-message|Keith Jones forfeited.
|
|win|pink spoon
|raw|Keith Jones's rating: 1466 → 1442(-24 for losing)
|raw|pink spoon's rating: 1387 → 1411(+24 for winning)
