|j|☆UmbryFuuro
|j|☆latios66
|html|UmbryFuurolatios66    
|uhtml|bestof|Game 1 of a best-of-3
|t:|1785351518
|gametype|doubles
|player|p1|UmbryFuuro|canari|
|player|p2|latios66|102|
|gen|9
|tier|[Gen 9 Champions] VGC 2026 Reg M-B (Bo3)
|rule|Species Clause: Limit one of each Pokémon
|rule|Item Clause: Limit 1 of each item
|clearpoke
|poke|p1|Garchomp, L50, F, shiny|
|poke|p1|Talonflame, L50, F, shiny|
|poke|p1|Eelektross, L50, F, shiny|
|poke|p1|Farigiraf, L50, F, shiny|
|poke|p1|Kingambit, L50, F, shiny|
|poke|p1|Blaziken, L50, M, shiny|
|poke|p2|Ninetales-Alola, L50, F|
|poke|p2|Skeledirge, L50, M, shiny|
|poke|p2|Kingambit, L50, F|
|poke|p2|Aerodactyl, L50, M, shiny|
|poke|p2|Sneasler, L50, F|
|poke|p2|Basculegion, L50, M|
|teampreview|4
|showteam|p1|Garchomp||LifeOrb|RoughSkin|DragonClaw,RockSlide,Earthquake,Protect|Jolly||F|||50|]Talonflame||SharpBeak|GaleWings|DualWingbeat,Taunt,Tailwind,WillOWisp|Jolly||F|||50|]Eelektross||Eelektrossite|Levitate|Thunderbolt,Discharge,GrassKnot,Protect|Modest||F|||50|]Farigiraf||SitrusBerry|ArmorTail|Thunderbolt,TwinBeam,HelpingHand,TrickRoom|Bold||F|||50|]Kingambit||BlackGlasses|Defiant|SuckerPunch,KowtowCleave,IronHead,Protect|Adamant||F|||50|]Blaziken||FocusSash|SpeedBoost|Detect,AuraSphere,HeatWave,StoneEdge|Naive||M|||50|
|showteam|p2|Ninetales-Alola||LightClay|SnowWarning|Blizzard,AuroraVeil,FreezeDry,Protect|Timid||F|||50|]Skeledirge||Leftovers|Unaware|TorchSong,EarthPower,WillOWisp,SlackOff|Calm||M|||50|]Kingambit||BlackGlasses|Defiant|KowtowCleave,SuckerPunch,SwordsDance,Protect|Adamant||F|||50|]Aerodactyl||Aerodactylite|Unnerve|Tailwind,IceFang,RockSlide,DualWingbeat|Jolly||M|||50|]Sneasler||FocusSash|PoisonTouch|FakeOut,DireClaw,CloseCombat,QuickGuard|Jolly||F|||50|]Basculegion||LifeOrb|Adaptability|WaveCrash,LastRespects,Protect,AquaJet|Adamant||M|||50|
|c|☆latios66|glhf
|c|☆UmbryFuuro|u too!
|
|t:|1785351570
|teamsize|p1|4
|teamsize|p2|4
|start
|switch|p1a: Oroshi|Farigiraf, L50, F, shiny|100/100
|switch|p1b: Canary|Eelektross, L50, F, shiny|100/100
|switch|p2a: Aerodactyl|Aerodactyl, L50, M, shiny|100/100
|switch|p2b: Sneasler|Sneasler, L50, F|100/100
|-ability|p2a: Aerodactyl|Unnerve
|turn|1
|
|t:|1785351608
|detailschange|p2a: Aerodactyl|Aerodactyl-Mega, L50, M, shiny
|-mega|p2a: Aerodactyl|Aerodactyl|Aerodactylite
|detailschange|p1b: Canary|Eelektross-Mega, L50, F, shiny
|-mega|p1b: Canary|Eelektross|Eelektrossite
|move|p2a: Aerodactyl|Dual Wingbeat|p1a: Oroshi
|-damage|p1a: Oroshi|75/100
|-damage|p1a: Oroshi|54/100
|-hitcount|p1a: Oroshi|2
|move|p2b: Sneasler|Close Combat|p1a: Oroshi
|-damage|p1a: Oroshi|8/100
|-unboost|p2b: Sneasler|def|1
|-unboost|p2b: Sneasler|spd|1
|-enditem|p1a: Oroshi|Sitrus Berry|[eat]
|-heal|p1a: Oroshi|33/100|[from] item: Sitrus Berry
|move|p1b: Canary|Thunderbolt|p2a: Aerodactyl
|-supereffective|p2a: Aerodactyl|1
|-crit|p2a: Aerodactyl
|-damage|p2a: Aerodactyl|0 fnt
|faint|p2a: Aerodactyl
|-ability|p1b: Canary|Eelevate|boost
|-boost|p1b: Canary|spa|1
|move|p1a: Oroshi|Twin Beam|p2b: Sneasler
|-supereffective|p2b: Sneasler|2
|-enditem|p2b: Sneasler|Focus Sash
|-damage|p2b: Sneasler|1/100
|-supereffective|p2b: Sneasler|2
|-damage|p2b: Sneasler|0 fnt
|faint|p2b: Sneasler
|-hitcount|p2: Sneasler|2
|
|upkeep
|
|t:|1785351631
|switch|p2a: Ninetales|Ninetales-Alola, L50, F|100/100
|switch|p2b: Skeledirge|Skeledirge, L50, M, shiny|100/100
|-weather|Snowscape|[from] ability: Snow Warning|[of] p2a: Ninetales
|turn|2
|
|t:|1785351652
|move|p1a: Oroshi|Helping Hand|p1b: Canary
|-singleturn|p1b: Canary|Helping Hand|[of] p1a: Oroshi
|move|p2a: Ninetales|Aurora Veil|p2a: Ninetales
|-sidestart|p2: latios66|move: Aurora Veil
|move|p1b: Canary|Discharge|p2b: Skeledirge|[spread] p1a,p2a,p2b
|-crit|p2b: Skeledirge
|-damage|p1a: Oroshi|0 fnt
|-damage|p2a: Ninetales|35/100
|-damage|p2b: Skeledirge|44/100
|-status|p2b: Skeledirge|par
|faint|p1a: Oroshi
|-ability|p1b: Canary|Eelevate|boost
|-boost|p1b: Canary|spa|1
|cant|p2b: Skeledirge|par
|
|-weather|Snowscape|[upkeep]
|-heal|p2b: Skeledirge|50/100g par|[from] item: Leftovers
|upkeep
|
|t:|1785351666
|switch|p1a: Auster|Blaziken, L50, M, shiny|100/100
|turn|3
|
|t:|1785351679
|move|p2a: Ninetales|Protect|p2a: Ninetales
|-singleturn|p2a: Ninetales|Protect
|move|p1a: Auster|Detect|p1a: Auster
|-singleturn|p1a: Auster|Protect
|move|p1b: Canary|Discharge|p2b: Skeledirge|[spread] p2b
|-activate|p1a: Auster|move: Protect
|-activate|p2a: Ninetales|move: Protect
|-damage|p2b: Skeledirge|31/100 par
|move|p2b: Skeledirge|Torch Song|p1b: Canary
|-damage|p1b: Canary|68/100
|-boost|p2b: Skeledirge|spa|1
|
|-weather|Snowscape|[upkeep]
|-heal|p2b: Skeledirge|37/100 par|[from] item: Leftovers
|-ability|p1a: Auster|Speed Boost|boost
|-boost|p1a: Auster|spe|1
|upkeep
|turn|4
|
|t:|1785351707
|move|p1a: Auster|Heat Wave|p2b: Skeledirge|[spread] p2a,p2b
|-supereffective|p2a: Ninetales|1
|-resisted|p2b: Skeledirge|1
|-damage|p2a: Ninetales|0 fnt
|-damage|p2b: Skeledirge|29/100 par
|faint|p2a: Ninetales
|move|p1b: Canary|Thunderbolt|p2b: Skeledirge
|-damage|p2b: Skeledirge|5/100 par
|move|p2b: Skeledirge|Slack Off|p2b: Skeledirge
|-heal|p2b: Skeledirge|55/100 par
|
|-weather|Snowscape|[upkeep]
|-heal|p2b: Skeledirge|62/100 par|[from] item: Leftovers
|-ability|p1a: Auster|Speed Boost|boost
|-boost|p1a: Auster|spe|1
|upkeep
|turn|5
|
|t:|1785351722
|move|p1a: Auster|Stone Edge|p2b: Skeledirge
|-supereffective|p2b: Skeledirge|1
|-damage|p2b: Skeledirge|33/100 par
|move|p1b: Canary|Thunderbolt|p2b: Skeledirge
|-damage|p2b: Skeledirge|6/100 par
|move|p2b: Skeledirge|Slack Off|p2b: Skeledirge
|-heal|p2b: Skeledirge|56/100 par
|
|-weather|Snowscape|[upkeep]
|-heal|p2b: Skeledirge|62/100 par|[from] item: Leftovers
|-ability|p1a: Auster|Speed Boost|boost
|-boost|p1a: Auster|spe|1
|upkeep
|turn|6
|
|t:|1785351737
|move|p1a: Auster|Stone Edge|p2b: Skeledirge
|-supereffective|p2b: Skeledirge|1
|-damage|p2b: Skeledirge|32/100 par
|move|p1b: Canary|Thunderbolt|p2b: Skeledirge
|-damage|p2b: Skeledirge|7/100 par
|move|p2b: Skeledirge|Torch Song|p1b: Canary
|-crit|p1b: Canary
|-damage|p1b: Canary|0 fnt
|-boost|p2b: Skeledirge|spa|1
|faint|p1b: Canary
|
|-weather|none
|-heal|p2b: Skeledirge|13/100 par|[from] item: Leftovers
|-ability|p1a: Auster|Speed Boost|boost
|-boost|p1a: Auster|spe|1
|upkeep
|
|t:|1785351750
|switch|p1b: Cynthia|Garchomp, L50, F, shiny|100/100
|turn|7
|
|t:|1785351758
|move|p1a: Auster|Detect|p1a: Auster
|-singleturn|p1a: Auster|Protect
|move|p1b: Cynthia|Earthquake|p2b: Skeledirge|[spread] p2b
|-activate|p1a: Auster|move: Protect
|-supereffective|p2b: Skeledirge|1
|-damage|p2b: Skeledirge|0 fnt
|faint|p2b: Skeledirge
|-damage|p1b: Cynthia|90/100|[from] item: Life Orb
|
|win|UmbryFuuro
||latios66 is ready for game 2.
|inactive|UmbryFuuro has 30 seconds to confirm battle start!
||UmbryFuuro is ready for game 2.
|uhtml|next|Next: Game 2 of 3
