|j|☆RamonTheKiller
|j|☆Wooperdooperpooper
|html|RamonTheKillerWooperdooperpooper    
|uhtml|bestof|Game 2 of a best-of-3
|t:|1785157235
|gametype|doubles
|player|p1|RamonTheKiller|102|1063
|player|p2|Wooperdooperpooper|ninjaboy|1165
|gen|9
|tier|[Gen 9 Champions] VGC 2026 Reg M-B (Bo3)
|rated|
|rule|Species Clause: Limit one of each Pokémon
|rule|Item Clause: Limit 1 of each item
|clearpoke
|poke|p1|Venusaur, L50, M|
|poke|p1|Charizard, L50, M|
|poke|p1|Grimmsnarl, L50, M|
|poke|p1|Archaludon, L50, F|
|poke|p1|Basculegion, L50, M|
|poke|p1|Pelipper, L50, F|
|poke|p2|Hatterene, L50, F|
|poke|p2|Sneasler, L50, F|
|poke|p2|Torkoal, L50, F|
|poke|p2|Crabominable, L50, M|
|poke|p2|Sinistcha, L50|
|poke|p2|Tyranitar, L50, M|
|teampreview|4
|showteam|p1|Venusaur||LifeOrb|Chlorophyll|SludgeBomb,WeatherBall,EnergyBall,Protect|Modest||M|||50|]Charizard||CharizarditeY|Blaze|Protect,HeatWave,SolarBeam,WeatherBall|Modest||M|||50|]Grimmsnarl||LightClay|Prankster|SpiritBreak,LightScreen,Reflect,PartingShot|Sassy||M|||50|]Archaludon||Leftovers|Stamina|ElectroShot,DragonPulse,FlashCannon,Protect|Calm||F|||50|]Basculegion||ChoiceScarf|Adaptability|WaveCrash,LastRespects,AquaJet,FlipTurn|Jolly||M|||50|]Pelipper||SitrusBerry|Drizzle|Hurricane,WeatherBall,Tailwind,WideGuard|Modest||F|||50|
|showteam|p2|Hatterene||LifeOrb|MagicBounce|DazzlingGleam,Psychic,TrickRoom,Protect|Quiet||F|||50|]Sneasler||WhiteHerb|PoisonTouch|CloseCombat,DireClaw,FakeOut,ThroatChop|Adamant||F|||50|]Torkoal||Charcoal|Drought|Eruption,WeatherBall,HelpingHand,Protect|Quiet||F|||50|]Crabominable||Crabominite|HyperCutter|DrainPunch,IcePunch,ThunderPunch,Protect|Brave||M|||50|]Sinistcha||KasibBerry|Hospitality|MatchaGotcha,RagePowder,TrickRoom,Protect|Quiet|||||50|]Tyranitar||Tyranitarite|SandStream|RockSlide,KnockOff,DragonDance,Protect|Adamant||M|||50|
|inactive|Battle timer is ON: inactive players will automatically lose when time's up. (requested by Wooperdooperpooper)
|l|☆RamonTheKiller
|inactive|RamonTheKiller disconnected and has a minute to reconnect!
|player|p1|
|j|☆RamonTheKiller
|inactive|RamonTheKiller reconnected and has 80 seconds left.
|player|p1|RamonTheKiller|102|
|inactive|RamonTheKiller has 60 seconds left.
|
|t:|1785157282
|teamsize|p1|4
|teamsize|p2|4
|start
|switch|p1a: Charizard|Charizard, L50, M|100/100
|switch|p1b: Basculegion|Basculegion, L50, M|100/100
|switch|p2a: Sinistcha|Sinistcha, L50|100/100
|switch|p2b: Sneasler|Sneasler, L50, F|100/100
|turn|1
|
|t:|1785157300
|switch|p1a: Venusaur|Venusaur, L50, M|100/100
|move|p2b: Sneasler|Fake Out|p1a: Venusaur
|-damage|p1a: Venusaur|78/100
|move|p1b: Basculegion|Wave Crash|p2b: Sneasler
|-damage|p2b: Sneasler|0 fnt
|faint|p2b: Sneasler
|-damage|p1b: Basculegion|73/100|[from] Recoil
|move|p2a: Sinistcha|Trick Room|p2a: Sinistcha
|-fieldstart|move: Trick Room|[of] p2a: Sinistcha
|
|upkeep
|
|t:|1785157319
|switch|p2b: Crabominable|Crabominable, L50, M|100/100
|turn|2
|
|t:|1785157333
|switch|p1b: Grimmsnarl|Grimmsnarl, L50, M|100/100
|detailschange|p2b: Crabominable|Crabominable-Mega, L50, M
|-mega|p2b: Crabominable|Crabominable|Crabominite
|move|p1a: Venusaur|Protect|p1a: Venusaur
|-singleturn|p1a: Venusaur|Protect
|move|p2b: Crabominable|Ice Punch|p1a: Venusaur
|-activate|p1a: Venusaur|move: Protect
|move|p2a: Sinistcha|Matcha Gotcha|p1b: Grimmsnarl|[spread] p1b
|-activate|p1a: Venusaur|move: Protect
|-damage|p1b: Grimmsnarl|71/100
|
|upkeep
|turn|3
|inactive|Wooperdooperpooper has 30 seconds left.
|
|t:|1785157360
|move|p2a: Sinistcha|Rage Powder|p2a: Sinistcha
|-singleturn|p2a: Sinistcha|move: Rage Powder
|move|p1b: Grimmsnarl|Reflect|p1b: Grimmsnarl
|-sidestart|p1: RamonTheKiller|Reflect
|move|p2b: Crabominable|Ice Punch|p1a: Venusaur
|-supereffective|p1a: Venusaur|1
|-damage|p1a: Venusaur|0 fnt
|faint|p1a: Venusaur
|
|upkeep
|
|t:|1785157368
|switch|p1a: Basculegion|Basculegion, L50, M|73/100
|turn|4
|
|t:|1785157380
|move|p1b: Grimmsnarl|Light Screen|p1b: Grimmsnarl
|-sidestart|p1: RamonTheKiller|move: Light Screen
|move|p2b: Crabominable|Thunder Punch|p1a: Basculegion
|-supereffective|p1a: Basculegion|1
|-damage|p1a: Basculegion|9/100
|move|p2a: Sinistcha|Matcha Gotcha|p1b: Grimmsnarl|[spread] p1a,p1b
|-supereffective|p1a: Basculegion|1
|-damage|p1a: Basculegion|0 fnt
|-damage|p1b: Grimmsnarl|53/100
|-status|p1b: Grimmsnarl|brn
|faint|p1a: Basculegion
|
|-damage|p1b: Grimmsnarl|47/100 brn|[from] brn
|upkeep
|
|t:|1785157384
|switch|p1a: Charizard|Charizard, L50, M|100/100
|turn|5
|
|t:|1785157396
|move|p1a: Charizard|Protect|p1a: Charizard
|-singleturn|p1a: Charizard|Protect
|move|p2b: Crabominable|Ice Punch|p1b: Grimmsnarl
|-damage|p1b: Grimmsnarl|8/100 brn
|move|p1b: Grimmsnarl|Spirit Break|p2b: Crabominable
|-supereffective|p2b: Crabominable|1
|-damage|p2b: Crabominable|77/100
|-unboost|p2b: Crabominable|spa|1
|move|p2a: Sinistcha|Matcha Gotcha|p1a: Charizard|[spread] p1b
|-activate|p1a: Charizard|move: Protect
|-damage|p1b: Grimmsnarl|0 fnt
|faint|p1b: Grimmsnarl
|
|-fieldend|move: Trick Room
|upkeep
|turn|6
|
|t:|1785157407
|detailschange|p1a: Charizard|Charizard-Mega-Y, L50, M
|-mega|p1a: Charizard|Charizard|Charizardite Y
|-weather|SunnyDay|[from] ability: Drought|[of] p1a: Charizard
|move|p2b: Crabominable|Protect|p2b: Crabominable
|-singleturn|p2b: Crabominable|Protect
|move|p1a: Charizard|Heat Wave|p2b: Crabominable|[spread] 
|-activate|p2b: Crabominable|move: Protect
|-miss|p1a: Charizard|p2a: Sinistcha
|move|p2a: Sinistcha|Trick Room|p2a: Sinistcha
|-fieldstart|move: Trick Room|[of] p2a: Sinistcha
|
|-weather|SunnyDay|[upkeep]
|upkeep
|turn|7
|
|t:|1785157419
|move|p2b: Crabominable|Thunder Punch|p1a: Charizard
|-supereffective|p1a: Charizard|1
|-damage|p1a: Charizard|47/100
|move|p2a: Sinistcha|Matcha Gotcha|p1a: Charizard
|-resisted|p1a: Charizard|2
|-damage|p1a: Charizard|41/100
|move|p1a: Charizard|Heat Wave|p2b: Crabominable|[spread] p2a,p2b
|-supereffective|p2a: Sinistcha|1
|-supereffective|p2b: Crabominable|1
|-damage|p2a: Sinistcha|0 fnt
|-damage|p2b: Crabominable|0 fnt
|faint|p2a: Sinistcha
|faint|p2b: Crabominable
|
|-weather|SunnyDay|[upkeep]
|upkeep
|c|☆Wooperdooperpooper|fyi
|c|☆Wooperdooperpooper|that was a useless miss cause i have ttar
|
|t:|1785157435
|switch|p2a: Tyranitar|Tyranitar, L50, M|100/100
|-weather|Sandstorm|[from] ability: Sand Stream|[of] p2a: Tyranitar
|turn|8
|
|t:|1785157442
|move|p2a: Tyranitar|Rock Slide|p1a: Charizard|[miss]
|-miss|p2a: Tyranitar|p1a: Charizard
|move|p1a: Charizard|Heat Wave|p2a: Tyranitar
|-resisted|p2a: Tyranitar|1
|-damage|p2a: Tyranitar|85/100
|-status|p2a: Tyranitar|brn
|
|-weather|Sandstorm|[upkeep]
|-damage|p1a: Charizard|35/100|[from] Sandstorm
|-damage|p2a: Tyranitar|79/100 brn|[from] brn
|upkeep
|turn|9
|
|t:|1785157445
|move|p1a: Charizard|Protect|p1a: Charizard
|-singleturn|p1a: Charizard|Protect
|move|p2a: Tyranitar|Rock Slide|p1a: Charizard
|-activate|p1a: Charizard|move: Protect
|
|-weather|Sandstorm|[upkeep]
|-damage|p1a: Charizard|28/100|[from] Sandstorm
|-damage|p2a: Tyranitar|73/100 brn|[from] brn
|upkeep
|turn|10
|
|t:|1785157450
|move|p2a: Tyranitar|Rock Slide|p1a: Charizard|[miss]
|-miss|p2a: Tyranitar|p1a: Charizard
|move|p1a: Charizard|Heat Wave|p2a: Tyranitar
|-resisted|p2a: Tyranitar|1
|-damage|p2a: Tyranitar|57/100 brn
|
|-weather|Sandstorm|[upkeep]
|-damage|p1a: Charizard|22/100|[from] Sandstorm
|-damage|p2a: Tyranitar|51/100 brn|[from] brn
|-sideend|p1: RamonTheKiller|Reflect
|-fieldend|move: Trick Room
|upkeep
|turn|11
|c|☆Wooperdooperpooper|fricking insane
|
|t:|1785157461
|move|p1a: Charizard|Protect|p1a: Charizard
|-singleturn|p1a: Charizard|Protect
|move|p2a: Tyranitar|Rock Slide|p1a: Charizard
|-activate|p1a: Charizard|move: Protect
|
|-weather|Sandstorm|[upkeep]
|-damage|p1a: Charizard|16/100|[from] Sandstorm
|-damage|p2a: Tyranitar|45/100 brn|[from] brn
|-sideend|p1: RamonTheKiller|move: Light Screen
|upkeep
|turn|12
|
|t:|1785157467
|move|p1a: Charizard|Heat Wave|p2a: Tyranitar
|-resisted|p2a: Tyranitar|1
|-damage|p2a: Tyranitar|29/100 brn
|move|p2a: Tyranitar|Knock Off|p1a: Charizard
|-crit|p1a: Charizard
|-damage|p1a: Charizard|0 fnt
|faint|p1a: Charizard
|
|win|Wooperdooperpooper
