|j|☆Barri Deagol
|j|☆tiriricasuicida
|html|Barri Deagoltiriricasuicida    
|uhtml|bestof|Game 2 of a best-of-3
|t:|1756570141
|gametype|doubles
|player|p1|Barri Deagol|collector|1094
|player|p2|tiriricasuicida|101|1072
|gen|9
|tier|[Gen 9] VGC 2025 Reg H (Bo3)
|rated|
|rule|Species Clause: Limit one of each Pokémon
|rule|Item Clause: Limit 1 of each item
|clearpoke
|poke|p1|Archaludon, L50, F|
|poke|p1|Dragonite, L50, M|
|poke|p1|Pelipper, L50, M|
|poke|p1|Ursaluna, L50, F|
|poke|p1|Sinistcha, L50|
|poke|p1|Gholdengo, L50|
|poke|p2|Armarouge, L50, F|
|poke|p2|Gengar, L50, M|
|poke|p2|Ursaluna, L50, M|
|poke|p2|Indeedee-F, L50, F|
|poke|p2|Torkoal, L50, F|
|poke|p2|Gallade, L50, M|
|teampreview|4
|showteam|p1|Archaludon||AssaultVest|Stamina|FlashCannon,BodyPress,ElectroShot,Snarl|||F|||50|,,,,,Fighting]Dragonite||LoadedDice|Multiscale|ScaleShot,Tailwind,Haze,Protect|||M|||50|,,,,,Fairy]Pelipper||FocusSash|Drizzle|MuddyWater,Hurricane,Tailwind,Protect|||M|||50|,,,,,Ghost]Ursaluna||FlameOrb|Guts|Facade,HeadlongRush,Earthquake,Protect|||F|||50|,,,,,Ghost]Sinistcha||SitrusBerry|Hospitality|MatchaGotcha,LifeDew,RagePowder,TrickRoom||||||50|,,,,,Dark]Gholdengo||ChoiceScarf|GoodasGold|MakeItRain,ShadowBall,Trick,Protect||||||50|,,,,,Flying
|showteam|p2|Armarouge||PsychicSeed|FlashFire|EnergyBall,TrickRoom,ExpandingForce,HeatWave|||F|||50|,,,,,Grass]Gengar||FocusSash|CursedBody|Taunt,ShadowBall,DarkPulse,SludgeBomb|||M|||50|,,,,,Dark]Ursaluna||FlameOrb|Guts|Facade,Protect,HeadlongRush,Earthquake|||M|||50|,,,,,Ghost]Indeedee-F||RockyHelmet|PsychicSurge|FollowMe,TrickRoom,Psychic,HelpingHand|||F|||50|,,,,,Grass]Torkoal||Charcoal|Drought|Eruption,WeatherBall,EarthPower,HeatWave|||F|||50|,,,,,Fire]Gallade||ClearAmulet|Sharpness|SacredSword,WideGuard,PsychoCut,TrickRoom|||M|||50|,,,,,Grass
|inactive|Battle timer is ON: inactive players will automatically lose when time's up. (requested by tiriricasuicida)
|inactive|Barri Deagol also wants the timer to be on.
|
|t:|1756570167
|teamsize|p1|4
|teamsize|p2|4
|start
|switch|p1a: Pelipper|Pelipper, L50, M|100/100
|switch|p1b: Gholdengo|Gholdengo, L50|100/100
|switch|p2a: Indeedee|Indeedee-F, L50, F|100/100
|switch|p2b: Armarouge|Armarouge, L50, F|100/100
|-weather|RainDance|[from] ability: Drizzle|[of] p1a: Pelipper
|-fieldstart|move: Psychic Terrain|[from] ability: Psychic Surge|[of] p2a: Indeedee
|-enditem|p2b: Armarouge|Psychic Seed
|-boost|p2b: Armarouge|spd|1|[from] item: Psychic Seed
|turn|1
|
|t:|1756570190
|move|p2a: Indeedee|Follow Me|p2a: Indeedee
|-singleturn|p2a: Indeedee|move: Follow Me
|move|p1b: Gholdengo|Make It Rain|p2b: Armarouge|[spread] p2a,p2b
|-resisted|p2b: Armarouge
|-damage|p2a: Indeedee|54/100
|-damage|p2b: Armarouge|81/100
|-unboost|p1b: Gholdengo|spa|1
|move|p1a: Pelipper|Muddy Water|p2b: Armarouge|[spread] p2a,p2b
|-supereffective|p2b: Armarouge
|-damage|p2a: Indeedee|8/100
|-damage|p2b: Armarouge|12/100
|-unboost|p2a: Indeedee|accuracy|1
|move|p2b: Armarouge|Trick Room|p2b: Armarouge
|-fieldstart|move: Trick Room|[of] p2b: Armarouge
|
|-weather|RainDance|[upkeep]
|upkeep
|turn|2
|inactive|Barri Deagol has 30 seconds left.
|inactive|Barri Deagol has 20 seconds left.
|
|t:|1756570227
|move|p2a: Indeedee|Helping Hand|p2b: Armarouge
|-singleturn|p2b: Armarouge|Helping Hand|[of] p2a: Indeedee
|move|p2b: Armarouge|Expanding Force|p1a: Pelipper|[spread] p1a,p1b
|-resisted|p1b: Gholdengo
|-crit|p1b: Gholdengo
|-enditem|p1a: Pelipper|Focus Sash
|-damage|p1a: Pelipper|1/100
|-damage|p1b: Gholdengo|20/100
|move|p1a: Pelipper|Muddy Water|p2b: Armarouge|[spread] p2a,p2b
|-supereffective|p2b: Armarouge
|-damage|p2a: Indeedee|0 fnt
|-damage|p2b: Armarouge|0 fnt
|faint|p2a: Indeedee
|faint|p2b: Armarouge
|move|p1b: Gholdengo|Make It Rain|p2: Indeedee|[notarget]
|-fail|p1b: Gholdengo
|
|-weather|RainDance|[upkeep]
|upkeep
|
|t:|1756570248
|switch|p2b: Ursaluna|Ursaluna, L50, M|100/100
|switch|p2a: Torkoal|Torkoal, L50, F|100/100
|-weather|SunnyDay|[from] ability: Drought|[of] p2a: Torkoal
|turn|3
|inactive|Barri Deagol has 30 seconds left.
|
|t:|1756570279
|-terastallize|p2a: Torkoal|Fire
|move|p1a: Pelipper|Protect|p1a: Pelipper
|-singleturn|p1a: Pelipper|Protect
|move|p2a: Torkoal|Eruption|p1a: Pelipper|[spread] p1b
|-activate|p1a: Pelipper|move: Protect
|-supereffective|p1b: Gholdengo
|-damage|p1b: Gholdengo|0 fnt
|faint|p1b: Gholdengo
|move|p2b: Ursaluna|Headlong Rush|p1a: Pelipper
|-activate|p1a: Pelipper|move: Protect
|
|-weather|SunnyDay|[upkeep]
|-status|p2b: Ursaluna|brn|[from] item: Flame Orb
|upkeep
|
|t:|1756570299
|switch|p1b: Sinistcha|Sinistcha, L50|100/100
|-heal|p1a: Pelipper|26/100|[from] ability: Hospitality|[of] p1b: Sinistcha
|turn|4
|inactive|Barri Deagol has 30 seconds left.
|inactive|tiriricasuicida has 30 seconds left.
|
|t:|1756570329
|switch|p1a: Archaludon|Archaludon, L50, F|100/100
|move|p2a: Torkoal|Eruption|p1a: Archaludon|[spread] p1a,p1b
|-supereffective|p1b: Sinistcha
|-damage|p1a: Archaludon|20/100
|-damage|p1b: Sinistcha|0 fnt
|-ability|p1a: Archaludon|Stamina|boost
|-boost|p1a: Archaludon|def|1
|faint|p1b: Sinistcha
|move|p2b: Ursaluna|Facade|p1a: Archaludon
|-resisted|p1a: Archaludon
|-damage|p1a: Archaludon|0 fnt
|faint|p1a: Archaludon
|
|-weather|SunnyDay|[upkeep]
|-damage|p2b: Ursaluna|94/100 brn|[from] brn
|upkeep
|
|t:|1756570347
|switch|p1b: Pelipper|Pelipper, L50, M|26/100
|-weather|RainDance|[from] ability: Drizzle|[of] p1b: Pelipper
|turn|5
|
|t:|1756570359
|move|p1b: Pelipper|Protect|p1b: Pelipper
|-singleturn|p1b: Pelipper|Protect
|move|p2a: Torkoal|Eruption|p1b: Pelipper
|-activate|p1b: Pelipper|move: Protect
|move|p2b: Ursaluna|Facade|p1b: Pelipper
|-activate|p1b: Pelipper|move: Protect
|
|-weather|RainDance|[upkeep]
|-damage|p2b: Ursaluna|88/100 brn|[from] brn
|-fieldend|move: Trick Room
|-fieldend|move: Psychic Terrain
|upkeep
|turn|6
|
|t:|1756570375
|move|p1b: Pelipper|Muddy Water|p2a: Torkoal|[spread] p2a,p2b
|-supereffective|p2a: Torkoal
|-supereffective|p2b: Ursaluna
|-damage|p2a: Torkoal|0 fnt
|-damage|p2b: Ursaluna|11/100 brn
|-unboost|p2b: Ursaluna|accuracy|1
|faint|p2a: Torkoal
|move|p2b: Ursaluna|Facade|p1b: Pelipper
|-damage|p1b: Pelipper|0 fnt
|faint|p1b: Pelipper
|
|win|tiriricasuicida
||tiriricasuicida is ready for game 3.
|inactive|Barri Deagol has 30 seconds to confirm battle start!
