|j|☆kjkjkjkjkjkjjkj
|j|☆Pytonia
|html|kjkjkjkjkjkjjkjPytonia    
|uhtml|bestof|Game 1 of a best-of-3
|t:|1783494090
|gametype|doubles
|player|p1|kjkjkjkjkjkjjkj|170|1039
|player|p2|Pytonia|lucian|1083
|gen|9
|tier|[Gen 9 Champions] VGC 2026 Reg M-B (Bo3)
|rated|
|rule|Species Clause: Limit one of each Pokémon
|rule|Item Clause: Limit 1 of each item
|clearpoke
|poke|p1|Raichu, L50, M|
|poke|p1|Jolteon, L50, F|
|poke|p1|Rotom-Heat, L50|
|poke|p1|Sceptile, L50, F|
|poke|p1|Gholdengo, L50|
|poke|p1|Whimsicott, L50, M|
|poke|p2|Raichu, L50, F|
|poke|p2|Volcarona, L50, M|
|poke|p2|Milotic, L50, M|
|poke|p2|Ninetales-Alola, L50, M|
|poke|p2|Metagross, L50|
|poke|p2|Araquanid, L50, M|
|teampreview|4
|showteam|p1|Raichu||RaichuniteX|Static|Protect,DrainPunch,VoltTackle,FakeOut|Jolly||M|||50|]Jolteon||LifeOrb|VoltAbsorb|RisingVoltage,AlluringVoice,Thunderbolt,Protect|Timid||F|||50|]Rotom-Heat||ChoiceScarf|Levitate|Discharge,Overheat,VoltSwitch,WillOWisp|Timid|||||50|]Sceptile||Sceptilite|Overgrow|Protect,DragonPulse,GigaDrain,EarthPower|Timid||F|||50|]Gholdengo||Leftovers|GoodasGold|NastyPlot,MakeItRain,ShadowBall,DazzlingGleam|Timid|||||50|]Whimsicott||FocusSash|Prankster|Tailwind,Encore,FakeTears,Moonblast|Bold||M|||50|
|showteam|p2|Raichu||RaichuniteY|LightningRod|ZapCannon,FocusBlast,GrassKnot,Protect|Timid||F|||50|]Volcarona||PasshoBerry|FlameBody|HeatWave,BugBuzz,RagePowder,Protect|Bold||M|||50|]Milotic||Leftovers|Competitive|MuddyWater,Coil,Blizzard,Protect|Bold||M|||50|]Ninetales-Alola||FocusSash|SnowWarning|FreezeDry,DazzlingGleam,AuroraVeil,Protect|Timid||M|||50|]Metagross||Metagrossite|ClearBody|IronHead,PsychicFangs,IcePunch,Protect|Jolly|||||50|]Araquanid||SitrusBerry|WaterBubble|WideGuard,Liquidation,LeechLife,Protect|Brave||M|||50|
|
|t:|1783494172
|teamsize|p1|4
|teamsize|p2|4
|start
|switch|p1a: Raichu|Raichu, L50, M|100/100
|switch|p1b: Jolteon|Jolteon, L50, F|100/100
|switch|p2a: Volcarona|Volcarona, L50, M|100/100
|switch|p2b: Milotic|Milotic, L50, M|100/100
|turn|1
|
|t:|1783494193
|detailschange|p1a: Raichu|Raichu-Mega-X, L50, M
|-mega|p1a: Raichu|Raichu|Raichunite X
|-fieldstart|move: Electric Terrain|[from] ability: Electric Surge|[of] p1a: Raichu
|move|p2b: Milotic|Protect|p2b: Milotic
|-singleturn|p2b: Milotic|Protect
|move|p1a: Raichu|Fake Out|p2a: Volcarona
|-damage|p2a: Volcarona|88/100
|-status|p1a: Raichu|brn|[from] ability: Flame Body|[of] p2a: Volcarona
|move|p1b: Jolteon|Rising Voltage|p2b: Milotic
|-activate|p2b: Milotic|move: Protect
|cant|p2a: Volcarona|flinch
|
|-damage|p1a: Raichu|94/100 brn|[from] brn
|upkeep
|turn|2
|
|t:|1783494213
|switch|p2a: Raichu|Raichu, L50, F|100/100
|move|p1b: Jolteon|Rising Voltage|p2a: Raichu
|-activate|p2a: Raichu|ability: Lightning Rod
|-ability|p2a: Raichu|Lightning Rod|boost
|-boost|p2a: Raichu|spa|1
|move|p1a: Raichu|Volt Tackle|p2a: Raichu
|-activate|p2a: Raichu|ability: Lightning Rod
|-ability|p2a: Raichu|Lightning Rod|boost
|-boost|p2a: Raichu|spa|1
|move|p2b: Milotic|Coil|p2b: Milotic
|-boost|p2b: Milotic|atk|1
|-boost|p2b: Milotic|def|1
|-boost|p2b: Milotic|accuracy|1
|
|-damage|p1a: Raichu|88/100 brn|[from] brn
|upkeep
|turn|3
|
|t:|1783494229
|switch|p1b: Whimsicott|Whimsicott, L50, M|100/100
|move|p1a: Raichu|Protect|p1a: Raichu
|-singleturn|p1a: Raichu|Protect
|move|p2a: Raichu|Protect|p2a: Raichu
|-singleturn|p2a: Raichu|Protect
|move|p2b: Milotic|Muddy Water|p1a: Raichu|[spread] p1b
|-activate|p1a: Raichu|move: Protect
|-resisted|p1b: Whimsicott|1
|-damage|p1b: Whimsicott|83/100
|-unboost|p1b: Whimsicott|accuracy|1
|
|-damage|p1a: Raichu|82/100 brn|[from] brn
|upkeep
|turn|4
|
|t:|1783494249
|move|p1b: Whimsicott|Encore|p2b: Milotic
|-start|p2b: Milotic|Encore
|move|p1a: Raichu|Drain Punch|p2a: Raichu
|-damage|p2a: Raichu|73/100
|-heal|p1a: Raichu|95/100 brn|[from] drain|[of] p2a: Raichu
|move|p2a: Raichu|Grass Knot|p1a: Raichu
|-damage|p1a: Raichu|48/100 brn
|move|p2b: Milotic|Muddy Water|p1b: Whimsicott|[spread] p1a,p1b
|-resisted|p1b: Whimsicott|1
|-damage|p1a: Raichu|14/100 brn
|-damage|p1b: Whimsicott|64/100
|
|-damage|p1a: Raichu|8/100 brn|[from] brn
|upkeep
|turn|5
|
|t:|1783494271
|move|p2a: Raichu|Protect|p2a: Raichu
|-singleturn|p2a: Raichu|Protect
|move|p1b: Whimsicott|Tailwind|p1b: Whimsicott
|-sidestart|p1: kjkjkjkjkjkjjkj|move: Tailwind
|move|p1a: Raichu|Drain Punch|p2a: Raichu
|-activate|p2a: Raichu|move: Protect
|move|p2b: Milotic|Muddy Water|p1a: Raichu|[spread] p1a,p1b
|-resisted|p1b: Whimsicott|1
|-damage|p1a: Raichu|0 fnt
|-damage|p1b: Whimsicott|46/100
|-unboost|p1b: Whimsicott|accuracy|1
|faint|p1a: Raichu
|
|-fieldend|move: Electric Terrain
|upkeep
|
|t:|1783494289
|switch|p1a: Jolteon|Jolteon, L50, F|100/100
|turn|6
|
|t:|1783494295
|move|p1b: Whimsicott|Fake Tears|p2a: Raichu
|-unboost|p2a: Raichu|spd|2
|move|p1a: Jolteon|Alluring Voice|p2a: Raichu
|-damage|p2a: Raichu|0 fnt
|faint|p2a: Raichu
|-damage|p1a: Jolteon|90/100|[from] item: Life Orb
|move|p2b: Milotic|Muddy Water|p1a: Jolteon|[spread] p1a,p1b
|-resisted|p1b: Whimsicott|1
|-damage|p1a: Jolteon|55/100
|-damage|p1b: Whimsicott|29/100
|-unboost|p1a: Jolteon|accuracy|1
|
|-end|p2b: Milotic|Encore
|upkeep
|
|t:|1783494300
|switch|p2a: Volcarona|Volcarona, L50, M|88/100
|turn|7
|
|t:|1783494314
|move|p1b: Whimsicott|Fake Tears|p2b: Milotic
|-unboost|p2b: Milotic|spd|2
|-ability|p2b: Milotic|Competitive|boost
|-boost|p2b: Milotic|spa|2
|move|p1a: Jolteon|Thunderbolt|p2b: Milotic|[miss]
|-miss|p1a: Jolteon|p2b: Milotic
|move|p2a: Volcarona|Heat Wave|p1b: Whimsicott|[spread] p1a,p1b
|-supereffective|p1b: Whimsicott|1
|-damage|p1a: Jolteon|14/100
|-damage|p1b: Whimsicott|0 fnt
|faint|p1b: Whimsicott
|move|p2b: Milotic|Muddy Water|p1a: Jolteon
|-damage|p1a: Jolteon|0 fnt
|faint|p1a: Jolteon
|
|upkeep
|l|☆kjkjkjkjkjkjjkj
|player|p1|
|inactive|Battle timer is ON: inactive players will automatically lose when time's up. (requested by Pytonia)
|inactive|kjkjkjkjkjkjjkj has 30 seconds to reconnect!
|inactive|kjkjkjkjkjkjjkj has 20 seconds to reconnect!
|inactive|kjkjkjkjkjkjjkj has 15 seconds to reconnect!
|inactive|kjkjkjkjkjkjjkj has 10 seconds to reconnect!
|inactive|kjkjkjkjkjkjjkj has 5 seconds to reconnect!
|-message|kjkjkjkjkjkjjkj lost due to inactivity.
|
|win|Pytonia
|raw|kjkjkjkjkjkjjkj's rating: 1039 → 1025(-14 for losing)
|raw|Pytonia's rating: 1083 → 1107(+24 for winning)
|l|☆Pytonia
|player|p2|
|j|☆Pytonia
|player|p2|Pytonia|lucian|
|l|☆Pytonia
|player|p2|
|j|☆Pytonia
|player|p2|Pytonia|lucian|
