|j|☆Sores
|j|☆ShrekBK
|html|SoresShrekBK    
|uhtml|bestof|Game 2 of a best-of-3
|t:|1755224120
|gametype|doubles
|player|p1|Sores|veteran|1158
|player|p2|ShrekBK|lucas|1257
|gen|9
|tier|[Gen 9] VGC 2025 Reg H (Bo3)
|rated|
|rule|Species Clause: Limit one of each Pokémon
|rule|Item Clause: Limit 1 of each item
|clearpoke
|poke|p1|Baxcalibur, L50, M|
|poke|p1|Ninetales-Alola, L50, M|
|poke|p1|Kingambit, L50, F|
|poke|p1|Dusclops, L50, M|
|poke|p1|Sneasler, L50, M|
|poke|p1|Indeedee-F, L50, F|
|poke|p2|Archaludon, L50, M|
|poke|p2|Murkrow, L50, F|
|poke|p2|Gholdengo, L50|
|poke|p2|Annihilape, L50, M|
|poke|p2|Garchomp, L50, M|
|poke|p2|Flamigo, L50, F|
|teampreview|4
|showteam|p1|Baxcalibur||LoadedDice|ThermalExchange|IcicleSpear,DragonDance,GlaiveRush,Protect|||M|||50|,,,,,Poison]Ninetales-Alola||ChoiceSpecs|SnowWarning|Blizzard,Moonblast,FreezeDry,IceBeam|||M|||50|,,,,,Ice]Kingambit||BlackGlasses|Defiant|KowtowCleave,SuckerPunch,SwordsDance,Protect|||F|||50|,,,,,Dark]Dusclops||Eviolite|Pressure|TrickRoom,WillOWisp,PainSplit,NightShade|||M|||50|,,,,,Dark]Sneasler||PsychicSeed|Unburden|DireClaw,CloseCombat,ThroatChop,Protect|||M|||50|,,,,,Dark]Indeedee-F||RockyHelmet|PsychicSurge|FollowMe,Protect,HelpingHand,Psychic|||F|||50|,,,,,Grass
|showteam|p2|Archaludon||AssaultVest|Stamina|BodyPress,DracoMeteor,ElectroShot,FlashCannon|||M|||50|,,,,,Grass]Murkrow||Eviolite|Prankster|FoulPlay,Tailwind,Haze,RainDance|||F|||50|,,,,,Ghost]Gholdengo||ChoiceSpecs|GoodasGold|MakeItRain,Thunderbolt,ShadowBall,PowerGem||||||50|,,,,,Water]Annihilape||SafetyGoggles|Defiant|CloseCombat,RageFist,Taunt,Protect|||M|||50|,,,,,Fire]Garchomp||LifeOrb|SandVeil|Earthquake,DragonClaw,StompingTantrum,Protect|||M|||50|,,,,,Ground]Flamigo||FocusSash|Scrappy|CloseCombat,DualWingbeat,Feint,Protect|||F|||50|,,,,,Ghost
|
|t:|1755224129
|teamsize|p1|4
|teamsize|p2|4
|start
|switch|p1a: Kaguya|Kingambit, L50, F|100/100
|switch|p1b: Who's|Dusclops, L50, M|100/100
|switch|p2a: Garchomp|Garchomp, L50, M|100/100
|switch|p2b: Murkrow|Murkrow, L50, F|100/100
|-ability|p1b: Who's|Pressure
|turn|1
|
|t:|1755224142
|move|p1a: Kaguya|Protect|p1a: Kaguya
|-singleturn|p1a: Kaguya|Protect
|move|p2a: Garchomp|Earthquake|p1b: Who's|[spread] p1b
|-activate|p1a: Kaguya|move: Protect
|-immune|p2b: Murkrow
|-damage|p1b: Who's|68/100
|-damage|p2a: Garchomp|91/100|[from] item: Life Orb
|move|p2b: Murkrow|Foul Play|p1b: Who's
|-supereffective|p1b: Who's
|-damage|p1b: Who's|43/100
|move|p1b: Who's|Trick Room|p1b: Who's
|-fieldstart|move: Trick Room|[of] p1b: Who's
|
|upkeep
|turn|2
|j| teamthief420
|
|t:|1755224157
|-terastallize|p1a: Kaguya|Dark
|move|p2a: Garchomp|Protect|p2a: Garchomp
|-singleturn|p2a: Garchomp|Protect
|move|p1b: Who's|Will-O-Wisp|p2a: Garchomp
|-activate|p2a: Garchomp|move: Protect
|move|p1a: Kaguya|Swords Dance|p1a: Kaguya
|-boost|p1a: Kaguya|atk|2
|move|p2b: Murkrow|Foul Play|p1a: Kaguya
|-resisted|p1a: Kaguya
|-damage|p1a: Kaguya|61/100
|
|upkeep
|turn|3
|
|t:|1755224174
|switch|p2a: Annihilape|Annihilape, L50, M|100/100
|move|p1a: Kaguya|Sucker Punch||[still]
|-fail|p1a: Kaguya
|move|p2b: Murkrow|Haze|p2b: Murkrow
|-clearallboost
|move|p1b: Who's|Will-O-Wisp|p2b: Murkrow
|-status|p2b: Murkrow|brn
|
|-damage|p2b: Murkrow|95/100 brn|[from] brn
|upkeep
|turn|4
|
|t:|1755224192
|switch|p1a: Indeedee|Indeedee-F, L50, F|100/100
|-fieldstart|move: Psychic Terrain|[from] ability: Psychic Surge|[of] p1a: Indeedee
|-terastallize|p2a: Annihilape|Fire
|move|p1b: Who's|Will-O-Wisp|p2a: Annihilape
|-immune|p2a: Annihilape
|move|p2a: Annihilape|Close Combat|p1a: Indeedee
|-damage|p1a: Indeedee|45/100
|-unboost|p2a: Annihilape|def|1
|-unboost|p2a: Annihilape|spd|1
|-damage|p2a: Annihilape|84/100|[from] item: Rocky Helmet|[of] p1a: Indeedee
|move|p2b: Murkrow|Foul Play|p1b: Who's
|-supereffective|p1b: Who's
|-damage|p1b: Who's|32/100
|
|-damage|p2b: Murkrow|89/100 brn|[from] brn
|upkeep
|turn|5
|
|t:|1755224210
|move|p1a: Indeedee|Protect|p1a: Indeedee
|-singleturn|p1a: Indeedee|Protect
|move|p2b: Murkrow|Haze|p2b: Murkrow
|-clearallboost
|move|p1b: Who's|Pain Split|p2b: Murkrow
|-sethp|p2b: Murkrow|58/100 brn|[from] move: Pain Split|[silent]
|-sethp|p1b: Who's|67/100|[from] move: Pain Split
|move|p2a: Annihilape|Close Combat|p1a: Indeedee
|-activate|p1a: Indeedee|move: Protect
|
|-damage|p2b: Murkrow|52/100 brn|[from] brn
|-fieldend|move: Trick Room
|upkeep
|turn|6
|
|t:|1755224222
|move|p1a: Indeedee|Follow Me|p1a: Indeedee
|-singleturn|p1a: Indeedee|move: Follow Me
|move|p2b: Murkrow|Foul Play|p1a: Indeedee
|-supereffective|p1a: Indeedee
|-damage|p1a: Indeedee|31/100
|-damage|p2b: Murkrow|36/100 brn|[from] item: Rocky Helmet|[of] p1a: Indeedee
|move|p2a: Annihilape|Close Combat|p1a: Indeedee
|-damage|p1a: Indeedee|0 fnt
|-unboost|p2a: Annihilape|def|1
|-unboost|p2a: Annihilape|spd|1
|-damage|p2a: Annihilape|67/100|[from] item: Rocky Helmet|[of] p1a: Indeedee
|faint|p1a: Indeedee
|move|p1b: Who's|Trick Room|p1b: Who's
|-fieldstart|move: Trick Room|[of] p1b: Who's
|
|-damage|p2b: Murkrow|30/100 brn|[from] brn
|upkeep
|
|t:|1755224234
|switch|p1a: Kaguya|Kingambit, L50, F, tera:Dark|61/100
|turn|7
|
|t:|1755224272
|move|p2b: Murkrow|Haze|p2b: Murkrow
|-clearallboost
|move|p1b: Who's|Night Shade|p2b: Murkrow
|-damage|p2b: Murkrow|0 fnt
|faint|p2b: Murkrow
|move|p1a: Kaguya|Kowtow Cleave|p2a: Annihilape
|-damage|p2a: Annihilape|0 fnt
|faint|p2a: Annihilape
|
|upkeep
|
|t:|1755224280
|switch|p2a: Garchomp|Garchomp, L50, M|91/100
|switch|p2b: Flamigo|Flamigo, L50, F|100/100
|turn|8
|
|t:|1755224290
|move|p1a: Kaguya|Protect|p1a: Kaguya
|-singleturn|p1a: Kaguya|Protect
|move|p1b: Who's|Will-O-Wisp|p2b: Flamigo
|-status|p2b: Flamigo|brn
|move|p2b: Flamigo|Dual Wingbeat|p1a: Kaguya
|-activate|p1a: Kaguya|move: Protect
|move|p2a: Garchomp|Earthquake|p1b: Who's|[spread] p1b
|-activate|p1a: Kaguya|move: Protect
|-immune|p2b: Flamigo
|-damage|p1b: Who's|37/100
|-damage|p2a: Garchomp|81/100|[from] item: Life Orb
|
|-damage|p2b: Flamigo|95/100 brn|[from] brn
|-fieldend|move: Psychic Terrain
|upkeep
|turn|9
|
|t:|1755224316
|move|p2a: Garchomp|Protect|p2a: Garchomp
|-singleturn|p2a: Garchomp|Protect
|move|p1b: Who's|Night Shade|p2b: Flamigo
|-damage|p2b: Flamigo|63/100 brn
|move|p1a: Kaguya|Kowtow Cleave|p2b: Flamigo
|-resisted|p2b: Flamigo
|-damage|p2b: Flamigo|4/100 brn
|move|p2b: Flamigo|Close Combat|p1a: Kaguya
|-supereffective|p1a: Kaguya
|-damage|p1a: Kaguya|20/100
|-unboost|p2b: Flamigo|def|1
|-unboost|p2b: Flamigo|spd|1
|
|-damage|p2b: Flamigo|0 fnt|[from] brn
|faint|p2b: Flamigo
|upkeep
|turn|10
|l| teamthief420
|
|t:|1755224335
|move|p2a: Garchomp|Protect||[still]
|-fail|p2a: Garchomp
|move|p1b: Who's|Night Shade|p2a: Garchomp
|-damage|p2a: Garchomp|54/100
|move|p1a: Kaguya|Kowtow Cleave|p2a: Garchomp
|-damage|p2a: Garchomp|0 fnt
|faint|p2a: Garchomp
|
|win|Sores
|raw|Sores's rating: 1158 → 1190(+32 for winning)
|raw|ShrekBK's rating: 1257 → 1225(-32 for losing)
|l|☆ShrekBK
|player|p2|
