|j|☆SuperBugEnthusiast
|j|☆motial
|html|SuperBugEnthusiastmotial    
|uhtml|bestof|Game 2 of a best-of-3
|t:|1757722042
|gametype|doubles
|player|p1|SuperBugEnthusiast|1|
|player|p2|motial|cheren-gen5bw2|
|gen|9
|tier|[Gen 9] VGC 2025 Reg H (Bo3)
|rule|Species Clause: Limit one of each Pokémon
|rule|Item Clause: Limit 1 of each item
|clearpoke
|poke|p1|Araquanid, L50, F|
|poke|p1|Venonat, L50, F|
|poke|p1|Forretress, L50, F|
|poke|p1|Ribombee, L50, F|
|poke|p1|Volcarona, L50, M|
|poke|p2|Palafin, L50, F|
|poke|p2|Sinistcha, L50|
|poke|p2|Incineroar, L50, M|
|poke|p2|Goodra-Hisui, L50, F|
|poke|p2|Murkrow, L50, M|
|poke|p2|Dragonite, L50, M|
|teampreview|4
|showteam|p1|Araquanid||ChoiceBand|WaterBubble|Liquidation,Surf,Infestation,IceBeam|||F|||50|,,,,,Water]Venonat||Eviolite|CompoundEyes|Protect,MorningSun,RagePowder,SleepPowder|||F|||50|,,,,,Bug]Forretress||ClearAmulet|Sturdy|BodyPress,BodySlam,GyroBall,Protect|||F|||50|,,,,,Bug]Ribombee||SitrusBerry|ShieldDust|AlluringVoice,Reflect,LightScreen,HelpingHand|||F|||50|,,,,,Bug]Volcarona||FocusSash|Swarm|BugBuzz,FireBlast,FieryDance,Protect|||M|||50|,,,,,Bug
|showteam|p2|Palafin||AssaultVest|ZerotoHero|FlipTurn,Liquidation,Waterfall,WaveCrash|||F|||50|,,,,,Water]Sinistcha||RockyHelmet|Hospitality|MatchaGotcha,NastyPlot,LifeDew,RagePowder||||||50|,,,,,Grass]Incineroar||SafetyGoggles|Intimidate|FakeOut,PartingShot,KnockOff,WillOWisp|||M|||50|,,,,,Fire]Goodra-Hisui||ChoiceSpecs|SapSipper|DracoMeteor,HeavySlam,Flamethrower,LifeDew|||F|||50|,,,,,Steel]Murkrow||FocusSash|Prankster|Haze,Tailwind,Uturn,SuckerPunch|||M|||50|,,,,,Dark]Dragonite||NormalGem|Multiscale|ExtremeSpeed,HelpingHand,Haze,DragonTail|||M|||50|,,,,,Normal
|inactive|Battle timer is ON: inactive players will automatically lose when time's up. (requested by motial)
|
|t:|1757722055
|teamsize|p1|4
|teamsize|p2|4
|start
|switch|p1a: Forretress|Forretress, L50, F, shiny|100/100
|switch|p1b: Venonat|Venonat, L50, F|100/100
|switch|p2a: Palafin|Palafin, L50, F|100/100
|switch|p2b: Dragonite|Dragonite, L50, M|100/100
|turn|1
|
|t:|1757722071
|-terastallize|p2b: Dragonite|Normal
|move|p1b: Venonat|Protect|p1b: Venonat
|-singleturn|p1b: Venonat|Protect
|move|p2b: Dragonite|Extreme Speed|p1a: Forretress
|-enditem|p2b: Dragonite|Normal Gem|[from] gem
|-resisted|p1a: Forretress
|-damage|p1a: Forretress|83/100
|move|p2a: Palafin|Flip Turn|p1a: Forretress
|-damage|p1a: Forretress|70/100
|
|t:|1757722081
|detailschange|p2a: Palafin|Palafin-Hero, L50, F
|switch|p2a: Goodra|Goodra-Hisui, L50, F|100/100|[from] Flip Turn
|move|p1a: Forretress|Body Press|p2a: Goodra
|-supereffective|p2a: Goodra
|-damage|p2a: Goodra|31/100
|
|upkeep
|turn|2
|
|t:|1757722096
|move|p2b: Dragonite|Extreme Speed|p1a: Forretress
|-resisted|p1a: Forretress
|-damage|p1a: Forretress|55/100
|move|p1b: Venonat|Rage Powder|p1b: Venonat
|-singleturn|p1b: Venonat|move: Rage Powder
|move|p2a: Goodra|Flamethrower|p1b: Venonat
|-supereffective|p1b: Venonat
|-damage|p1b: Venonat|20/100
|move|p1a: Forretress|Body Press|p2a: Goodra
|-supereffective|p2a: Goodra
|-damage|p2a: Goodra|0 fnt
|faint|p2a: Goodra
|
|upkeep
|l|☆motial
|inactive|motial disconnected and has 300 seconds to reconnect!
|player|p2|
|inactive|motial has 270 seconds to reconnect!
|j|☆motial
|inactive|motial reconnected and has 35 seconds left.
|player|p2|motial|cheren-gen5bw2|
|inactive|motial has 30 seconds left.
|inactive|motial has 20 seconds left.
|
|t:|1757722161
|switch|p2a: Palafin|Palafin-Hero, L50, F|100/100
|-activate|p2a: Palafin|ability: Zero to Hero
|turn|3
|
|t:|1757722181
|move|p2b: Dragonite|Helping Hand|p2a: Palafin
|-singleturn|p2a: Palafin|Helping Hand|[of] p2b: Dragonite
|move|p2a: Palafin|Wave Crash|p1a: Forretress
|-damage|p1a: Forretress|0 fnt
|faint|p1a: Forretress
|-damage|p2a: Palafin|82/100|[from] Recoil
|move|p1b: Venonat|Morning Sun|p1b: Venonat
|-heal|p1b: Venonat|70/100
|
|upkeep
|
|t:|1757722191
|switch|p1a: Araquanid|Araquanid, L50, F|100/100
|turn|4
|
|t:|1757722200
|move|p2b: Dragonite|Extreme Speed|p1b: Venonat
|-damage|p1b: Venonat|25/100
|move|p2a: Palafin|Liquidation|p1a: Araquanid
|-resisted|p1a: Araquanid
|-damage|p1a: Araquanid|65/100
|move|p1a: Araquanid|Ice Beam|p2b: Dragonite
|-damage|p2b: Dragonite|95/100
|-status|p2b: Dragonite|frz
|move|p1b: Venonat|Sleep Powder||[still]
|-fail|p1b: Venonat
|
|upkeep
|turn|5
|
|t:|1757722224
|move|p1b: Venonat|Protect|p1b: Venonat
|-singleturn|p1b: Venonat|Protect
|-curestatus|p2b: Dragonite|frz|[msg]
|move|p2b: Dragonite|Extreme Speed|p1a: Araquanid
|-damage|p1a: Araquanid|0 fnt
|faint|p1a: Araquanid
|move|p2a: Palafin|Liquidation|p1b: Venonat
|-activate|p1b: Venonat|move: Protect
|
|upkeep
|
|t:|1757722233
|switch|p1a: Ribombee|Ribombee, L50, F|100/100
|turn|6
|
|t:|1757722253
|move|p2b: Dragonite|Extreme Speed|p1b: Venonat
|-damage|p1b: Venonat|0 fnt
|faint|p1b: Venonat
|move|p1a: Ribombee|Reflect|p1a: Ribombee
|-sidestart|p1: SuperBugEnthusiast|Reflect
|move|p2a: Palafin|Wave Crash|p1a: Ribombee
|-damage|p1a: Ribombee|18/100
|-enditem|p1a: Ribombee|Sitrus Berry|[eat]
|-heal|p1a: Ribombee|42/100|[from] item: Sitrus Berry
|-damage|p2a: Palafin|56/100|[from] Recoil
|
|upkeep
|turn|7
|
|t:|1757722268
|move|p2b: Dragonite|Extreme Speed|p1a: Ribombee
|-damage|p1a: Ribombee|0 fnt
|faint|p1a: Ribombee
|
|win|motial
||motial is ready for game 3.
|l|☆motial
|player|p2|
||SuperBugEnthusiast is ready for game 3.
|uhtml|next|Next: Game 3 of 3
|l|☆SuperBugEnthusiast
|player|p1|
