|j|☆dogwitdaglasses
|j|☆monkewitdamaice
|html|dogwitdaglassesmonkewitdamaice    
|uhtml|bestof|Game 2 of a best-of-3
|t:|1756525337
|gametype|doubles
|player|p1|dogwitdaglasses|guzma|
|player|p2|monkewitdamaice|1|
|gen|9
|tier|[Gen 9] VGC 2025 Reg H (Bo3)
|rule|Species Clause: Limit one of each Pokémon
|rule|Item Clause: Limit 1 of each item
|clearpoke
|poke|p1|Rillaboom, L50, F|
|poke|p1|Dragonite, L50, F|
|poke|p1|Sneasler, L50, F|
|poke|p1|Ninetales-Alola, L50, M|
|poke|p1|Kingambit, L50, M|
|poke|p1|Magmar, L50, M|
|poke|p2|Annihilape, L50, F|
|poke|p2|Maushold, L50|
|poke|p2|Basculegion, L50, M|
|poke|p2|Pelipper, L50, F|
|poke|p2|Archaludon, L50, M|
|poke|p2|Sinistcha, L50|
|teampreview|4
|showteam|p1|Rillaboom||AssaultVest|GrassySurge|WoodHammer,GrassyGlide,HighHorsepower,FakeOut|||F|||50|,,,,,Fire]Dragonite||LoadedDice|Multiscale|Protect,ScaleShot,LowKick,Haze|||F|||50|,,,,,Fairy]Sneasler||WhiteHerb|Unburden|Protect,DireClaw,CloseCombat,Coaching|||F|||50|,,,,,Ghost]Ninetales-Alola||ChoiceSpecs|SnowWarning|Blizzard,IcyWind,Moonblast,FreezeDry|||M|||50|,,,,,Ghost]Kingambit||SafetyGoggles|Defiant|Protect,KowtowCleave,SuckerPunch,SwordsDance|||M|||50|,,,,,Dark]Magmar||Eviolite|VitalSpirit|Protect,FollowMe,Overheat,WillOWisp|||M|||50|,,,,,Dragon
|showteam|p2|Annihilape||Leftovers|Defiant|Protect,DrainPunch,RageFist,BulkUp|||F|||50|,,,,,Fire]Maushold||SafetyGoggles|FriendGuard|Protect,FollowMe,BeatUp,Taunt||||||50|,,,,,Ghost]Basculegion||ChoiceBand|SwiftSwim|WaveCrash,AquaJet,FlipTurn,LastRespects|||M|||50|,,,,,Water]Pelipper||FocusSash|Drizzle|Protect,Hurricane,WeatherBall,Tailwind|||F|||50|,,,,,Stellar]Archaludon||AssaultVest|Stamina|ElectroShot,Snarl,BodyPress,DragonPulse|||M|||50|,,,,,Bug]Sinistcha||SitrusBerry|Hospitality|MatchaGotcha,RagePowder,LifeDew,TrickRoom||||||50|,,,,,Water
|
|t:|1756525355
|teamsize|p1|4
|teamsize|p2|4
|start
|switch|p1a: Noah's BFF|Sneasler, L50, F, shiny|100/100
|switch|p1b: 90% = 50%|Dragonite, L50, F, shiny|100/100
|switch|p2a: Maushold|Maushold, L50|100/100
|switch|p2b: Annihilape|Annihilape, L50, F|100/100
|turn|1
|
|t:|1756525371
|move|p2a: Maushold|Follow Me|p2a: Maushold
|-singleturn|p2a: Maushold|move: Follow Me
|move|p1a: Noah's BFF|Coaching|p1b: 90% = 50%
|-boost|p1b: 90% = 50%|atk|1
|-boost|p1b: 90% = 50%|def|1
|move|p2b: Annihilape|Bulk Up|p2b: Annihilape
|-boost|p2b: Annihilape|atk|1
|-boost|p2b: Annihilape|def|1
|move|p1b: 90% = 50%|Scale Shot|p2a: Maushold
|-damage|p2a: Maushold|74/100
|-damage|p2a: Maushold|47/100
|-damage|p2a: Maushold|21/100
|-damage|p2a: Maushold|0 fnt
|faint|p2a: Maushold
|-hitcount|p2: Maushold|4
|-unboost|p1b: 90% = 50%|def|1
|-boost|p1b: 90% = 50%|spe|1
|
|upkeep
|
|t:|1756525394
|switch|p2a: Sinistcha|Sinistcha, L50|100/100
|turn|2
|
|t:|1756525419
|move|p1b: 90% = 50%|Haze|p1b: 90% = 50%
|-clearallboost
|move|p1a: Noah's BFF|Dire Claw|p2a: Sinistcha
|-damage|p2a: Sinistcha|60/100
|move|p2b: Annihilape|Rage Fist|p1a: Noah's BFF
|-damage|p1a: Noah's BFF|68/100
|move|p2a: Sinistcha|Matcha Gotcha|p1a: Noah's BFF|[spread] p1a,p1b
|-resisted|p1a: Noah's BFF
|-resisted|p1b: 90% = 50%
|-damage|p1a: Noah's BFF|53/100
|-heal|p2a: Sinistcha|67/100|[from] drain|[of] p1a: Noah's BFF
|-damage|p1b: 90% = 50%|98/100
|-heal|p2a: Sinistcha|69/100|[from] drain|[of] p1b: 90% = 50%
|
|upkeep
|turn|3
|
|t:|1756525448
|move|p2a: Sinistcha|Rage Powder|p2a: Sinistcha
|-singleturn|p2a: Sinistcha|move: Rage Powder
|move|p1a: Noah's BFF|Coaching|p1b: 90% = 50%
|-boost|p1b: 90% = 50%|atk|1
|-boost|p1b: 90% = 50%|def|1
|move|p2b: Annihilape|Rage Fist|p1a: Noah's BFF
|-damage|p1a: Noah's BFF|17/100
|move|p1b: 90% = 50%|Scale Shot|p2a: Sinistcha
|-damage|p2a: Sinistcha|48/100
|-enditem|p2a: Sinistcha|Sitrus Berry|[eat]
|-heal|p2a: Sinistcha|73/100|[from] item: Sitrus Berry
|-damage|p2a: Sinistcha|52/100
|-damage|p2a: Sinistcha|30/100
|-damage|p2a: Sinistcha|10/100
|-hitcount|p2a: Sinistcha|4
|-unboost|p1b: 90% = 50%|def|1
|-boost|p1b: 90% = 50%|spe|1
|
|upkeep
|turn|4
|
|t:|1756525477
|move|p2a: Sinistcha|Rage Powder|p2a: Sinistcha
|-singleturn|p2a: Sinistcha|move: Rage Powder
|move|p1b: 90% = 50%|Scale Shot|p2a: Sinistcha
|-damage|p2a: Sinistcha|0 fnt
|faint|p2a: Sinistcha
|-hitcount|p2: Sinistcha|1
|-unboost|p1b: 90% = 50%|def|1
|-boost|p1b: 90% = 50%|spe|1
|move|p1a: Noah's BFF|Coaching|p1b: 90% = 50%
|-boost|p1b: 90% = 50%|atk|1
|-boost|p1b: 90% = 50%|def|1
|move|p2b: Annihilape|Bulk Up|p2b: Annihilape
|-boost|p2b: Annihilape|atk|1
|-boost|p2b: Annihilape|def|1
|
|upkeep
|
|t:|1756525484
|switch|p2a: Archaludon|Archaludon, L50, M|100/100
|turn|5
|
|t:|1756525510
|-terastallize|p1b: 90% = 50%|Fairy
|move|p1b: 90% = 50%|Scale Shot|p2b: Annihilape|[miss]
|-miss|p1b: 90% = 50%|p2b: Annihilape
|move|p1a: Noah's BFF|Close Combat|p2a: Archaludon
|-supereffective|p2a: Archaludon
|-damage|p2a: Archaludon|12/100
|-unboost|p1a: Noah's BFF|def|1
|-unboost|p1a: Noah's BFF|spd|1
|-ability|p2a: Archaludon|Stamina|boost
|-boost|p2a: Archaludon|def|1
|-enditem|p1a: Noah's BFF|White Herb
|-clearnegativeboost|p1a: Noah's BFF|[silent]
|move|p2b: Annihilape|Rage Fist|p1b: 90% = 50%
|-damage|p1b: 90% = 50%|58/100
|move|p2a: Archaludon|Body Press|p1a: Noah's BFF
|-resisted|p1a: Noah's BFF
|-damage|p1a: Noah's BFF|0 fnt
|faint|p1a: Noah's BFF
|
|upkeep
|
|t:|1756525519
|switch|p1a: Hi peli|Ninetales-Alola, L50, M, shiny|100/100
|-weather|Snowscape|[from] ability: Snow Warning|[of] p1a: Hi peli
|turn|6
|
|t:|1756525534
|move|p1b: 90% = 50%|Scale Shot|p2b: Annihilape
|-damage|p2b: Annihilape|80/100
|-damage|p2b: Annihilape|60/100
|-damage|p2b: Annihilape|39/100
|-damage|p2b: Annihilape|17/100
|-damage|p2b: Annihilape|0 fnt
|faint|p2b: Annihilape
|-hitcount|p2: Annihilape|5
|-unboost|p1b: 90% = 50%|def|1
|-boost|p1b: 90% = 50%|spe|1
|move|p1a: Hi peli|Blizzard|p2a: Archaludon
|-damage|p2a: Archaludon|0 fnt
|faint|p2a: Archaludon
|
|win|dogwitdaglasses
