|j|☆harpdog
|j|☆heatfre3ze
|html|harpdogheatfre3ze    
|uhtml|bestof|Game 1 of a best-of-3
|t:|1783026524
|gametype|doubles
|player|p1|harpdog|265|1018
|player|p2|heatfre3ze|caitlin|1026
|gen|9
|tier|[Gen 9 Champions] VGC 2026 Reg M-B (Bo3)
|rated|
|rule|Species Clause: Limit one of each Pokémon
|rule|Item Clause: Limit 1 of each item
|clearpoke
|poke|p1|Beedrill, L50, F|
|poke|p1|Toxapex, L50, M|
|poke|p1|Incineroar, L50, F|
|poke|p1|Staraptor, L50, M|
|poke|p1|Whimsicott, L50, M|
|poke|p1|Ninetales-Alola, L50, F|
|poke|p2|Sneasler, L50, M, shiny|
|poke|p2|Sinistcha, L50, shiny|
|poke|p2|Incineroar, L50, F, shiny|
|poke|p2|Charizard, L50, M, shiny|
|poke|p2|Floette-Eternal, L50, F|
|poke|p2|Kingambit, L50, M, shiny|
|teampreview|4
|showteam|p1|Beedrill||Beedrillite|Swarm|PoisonJab,DrillRun,Uturn,Protect|Jolly||F|||50|]Toxapex||Leftovers|Regenerator|Toxic,MuddyWater,WideGuard,BanefulBunker|Bold||M|||50|]Incineroar||SitrusBerry|Intimidate|FakeOut,FlareBlitz,DarkestLariat,PartingShot|Adamant||F|||50|]Staraptor||Staraptite|Reckless|CloseCombat,BraveBird,DoubleEdge,Protect|Jolly||M|||50|]Whimsicott||FocusSash|Prankster|Moonblast,Tailwind,Encore,Protect|Timid||M|||50|]Ninetales-Alola||ChoiceScarf|SnowWarning|Blizzard,FreezeDry,Moonblast,Charm|Modest||F|||50|
|showteam|p2|Sneasler||FocusSash|PoisonTouch|FakeOut,GunkShot,CloseCombat,Coaching|Jolly||M|||50|]Sinistcha||SitrusBerry|Hospitality|MatchaGotcha,RagePowder,TrickRoom,Protect|Bold|||||50|]Incineroar||ChopleBerry|Intimidate|FlareBlitz,HelpingHand,PartingShot,FakeOut|Impish||F|||50|]Charizard||CharizarditeX|Blaze|FlareBlitz,DragonClaw,DragonDance,Protect|Adamant||M|||50|]Floette-Eternal||Floettite|FlowerVeil|Moonblast,CalmMind,DazzlingGleam,Protect|Modest||F|||50|]Kingambit||BlackGlasses|Defiant|KowtowCleave,SuckerPunch,SwordsDance,Protect|Adamant||M|||50|
|
|t:|1783026569
|teamsize|p1|4
|teamsize|p2|4
|start
|switch|p1a: Staraptor|Staraptor, L50, M|100/100
|switch|p1b: Whimsicott|Whimsicott, L50, M|100/100
|switch|p2a: Galbatorix|Kingambit, L50, M, shiny|100/100
|switch|p2b: Murtagh|Sneasler, L50, M, shiny|100/100
|turn|1
|
|t:|1783026607
|detailschange|p1a: Staraptor|Staraptor-Mega, L50, M
|-mega|p1a: Staraptor|Staraptor|Staraptite
|move|p2a: Galbatorix|Protect|p2a: Galbatorix
|-singleturn|p2a: Galbatorix|Protect
|move|p2b: Murtagh|Fake Out|p1b: Whimsicott
|-damage|p1b: Whimsicott|78/100
|cant|p1b: Whimsicott|flinch
|move|p1a: Staraptor|Close Combat|p2b: Murtagh
|-resisted|p2b: Murtagh|1
|-damage|p2b: Murtagh|47/100
|-boost|p1a: Staraptor|def|1
|-boost|p1a: Staraptor|spd|1
|
|upkeep
|turn|2
|
|t:|1783026631
|switch|p2a: Angela|Sinistcha, L50, shiny|100/100
|-heal|p2b: Murtagh|72/100|[from] ability: Hospitality|[of] p2a: Angela
|move|p1b: Whimsicott|Encore|p2b: Murtagh
|-start|p2b: Murtagh|Encore
|move|p2b: Murtagh|Fake Out||[still]
|-hint|Fake Out only works on your first turn out.
|-fail|p2b: Murtagh
|move|p1a: Staraptor|Close Combat|p2a: Angela
|-immune|p2a: Angela
|
|upkeep
|turn|3
|
|t:|1783026656
|switch|p2b: Thorn|Charizard, L50, M, shiny|100/100
|switch|p1b: Toxapex|Toxapex, L50, M|100/100
|move|p1a: Staraptor|Close Combat|p2b: Thorn
|-resisted|p2b: Thorn|1
|-damage|p2b: Thorn|50/100g
|-boost|p1a: Staraptor|def|1
|-boost|p1a: Staraptor|spd|1
|move|p2a: Angela|Trick Room|p2a: Angela
|-fieldstart|move: Trick Room|[of] p2a: Angela
|
|upkeep
|turn|4
|
|t:|1783026693
|detailschange|p2b: Thorn|Charizard-Mega-X, L50, M, shiny
|-mega|p2b: Thorn|Charizard|Charizardite X
|move|p2a: Angela|Rage Powder|p2a: Angela
|-singleturn|p2a: Angela|move: Rage Powder
|move|p1b: Toxapex|Toxic|p2a: Angela
|-status|p2a: Angela|tox
|move|p2b: Thorn|Dragon Claw|p1a: Staraptor
|-damage|p1a: Staraptor|67/100
|move|p1a: Staraptor|Brave Bird|p2a: Angela
|-supereffective|p2a: Angela|1
|-damage|p2a: Angela|14/100 tox
|-enditem|p2a: Angela|Sitrus Berry|[eat]
|-heal|p2a: Angela|39/100 tox|[from] item: Sitrus Berry
|-damage|p1a: Staraptor|37/100|[from] Recoil
|
|-damage|p2a: Angela|33/100 tox|[from] psn
|upkeep
|turn|5
|
|t:|1783026712
|move|p1a: Staraptor|Protect|p1a: Staraptor
|-singleturn|p1a: Staraptor|Protect
|move|p2a: Angela|Rage Powder|p2a: Angela
|-singleturn|p2a: Angela|move: Rage Powder
|move|p1b: Toxapex|Muddy Water|p2a: Angela|[spread] p2a,p2b
|-resisted|p2a: Angela|1
|-damage|p2a: Angela|25/100 tox
|-damage|p2b: Thorn|30/100
|-unboost|p2b: Thorn|accuracy|1
|move|p2b: Thorn|Dragon Claw|p1a: Staraptor
|-activate|p1a: Staraptor|move: Protect
|
|-damage|p2a: Angela|13/100 tox|[from] psn
|upkeep
|turn|6
|
|t:|1783026729
|move|p1b: Toxapex|Muddy Water|p2a: Angela|[spread] p2b
|-miss|p1b: Toxapex|p2a: Angela
|-damage|p2b: Thorn|10/100
|move|p2a: Angela|Matcha Gotcha|p1a: Staraptor|[spread] p1a,p1b
|-resisted|p1a: Staraptor|1
|-damage|p1a: Staraptor|29/100
|-heal|p2a: Angela|16/100 tox|[from] drain|[of] p1a: Staraptor
|-damage|p1b: Toxapex|82/100
|-heal|p2a: Angela|24/100 tox|[from] drain|[of] p1b: Toxapex
|-status|p1a: Staraptor|brn
|move|p2b: Thorn|Flare Blitz|p1a: Staraptor
|-damage|p1a: Staraptor|0 fnt
|faint|p1a: Staraptor
|-damage|p2b: Thorn|1/100|[from] Recoil
|
|-heal|p1b: Toxapex|88/100|[from] item: Leftovers
|-damage|p2a: Angela|6/100 tox|[from] psn
|upkeep
|
|t:|1783026744
|switch|p1a: Whimsicott|Whimsicott, L50, M|78/100
|turn|7
|
|t:|1783026772
|move|p1a: Whimsicott|Protect|p1a: Whimsicott
|-singleturn|p1a: Whimsicott|Protect
|move|p2a: Angela|Protect|p2a: Angela
|-singleturn|p2a: Angela|Protect
|move|p2b: Thorn|Protect|p2b: Thorn
|-singleturn|p2b: Thorn|Protect
|move|p1b: Toxapex|Muddy Water|p2b: Thorn|[spread] 
|-activate|p2a: Angela|move: Protect
|-activate|p2b: Thorn|move: Protect
|
|-heal|p1b: Toxapex|94/100|[from] item: Leftovers
|-damage|p2a: Angela|0 fnt|[from] psn
|faint|p2a: Angela
|-fieldend|move: Trick Room
|upkeep
|
|t:|1783026779
|switch|p2a: Murtagh|Sneasler, L50, M, shiny|72/100
|turn|8
|
|t:|1783026792
|move|p2a: Murtagh|Fake Out|p1a: Whimsicott
|-crit|p1a: Whimsicott
|-damage|p1a: Whimsicott|44/100
|-status|p1a: Whimsicott|psn|[from] ability: Poison Touch|[of] p2a: Murtagh
|cant|p1a: Whimsicott|flinch
|move|p2b: Thorn|Dragon Claw|p1b: Toxapex
|-damage|p1b: Toxapex|55/100
|move|p1b: Toxapex|Muddy Water|p2a: Murtagh|[spread] p2a,p2b
|-damage|p2a: Murtagh|53/100
|-damage|p2b: Thorn|0 fnt
|faint|p2b: Thorn
|
|-heal|p1b: Toxapex|61/100|[from] item: Leftovers
|-damage|p1a: Whimsicott|32/100 psn|[from] psn
|upkeep
|
|t:|1783026804
|switch|p2b: Galbatorix|Kingambit, L50, M, shiny|100/100
|turn|9
|
|t:|1783026821
|move|p1a: Whimsicott|Protect|p1a: Whimsicott
|-singleturn|p1a: Whimsicott|Protect
|move|p2a: Murtagh|Gunk Shot|p1a: Whimsicott
|-activate|p1a: Whimsicott|move: Protect
|move|p2b: Galbatorix|Swords Dance|p2b: Galbatorix
|-boost|p2b: Galbatorix|atk|2
|move|p1b: Toxapex|Muddy Water|p2b: Galbatorix|[spread] p2a,p2b
|-damage|p2a: Murtagh|33/100
|-damage|p2b: Galbatorix|83/100
|-unboost|p2b: Galbatorix|accuracy|1
|-ability|p2b: Galbatorix|Defiant|boost
|-boost|p2b: Galbatorix|atk|2
|
|-heal|p1b: Toxapex|66/100|[from] item: Leftovers
|-damage|p1a: Whimsicott|19/100 psn|[from] psn
|upkeep
|turn|10
|
|t:|1783026842
|move|p2b: Galbatorix|Sucker Punch|p1b: Toxapex
|-damage|p1b: Toxapex|0 fnt
|faint|p1b: Toxapex
|move|p2a: Murtagh|Gunk Shot|p1a: Whimsicott
|-supereffective|p1a: Whimsicott|2
|-damage|p1a: Whimsicott|0 fnt
|faint|p1a: Whimsicott
|
|upkeep
|
|t:|1783026846
|switch|p1b: Ninetales|Ninetales-Alola, L50, F|100/100
|-weather|Snowscape|[from] ability: Snow Warning|[of] p1b: Ninetales
|turn|11
|
|t:|1783026860
|move|p1b: Ninetales|Moonblast|p2b: Galbatorix
|-damage|p2b: Galbatorix|41/100
|move|p2a: Murtagh|Gunk Shot|p1b: Ninetales
|-supereffective|p1b: Ninetales|1
|-damage|p1b: Ninetales|0 fnt
|faint|p1b: Ninetales
|
|win|heatfre3ze
||harpdog is ready for game 2.
||heatfre3ze is ready for game 2.
|uhtml|next|Next: Game 2 of 3
