|j|☆jay142
|j|☆exposniffer
|html|jay142exposniffer    
|uhtml|bestof|Game 1 of a best-of-3
|t:|1757120920
|gametype|doubles
|player|p1|jay142|266|1129
|player|p2|exposniffer|blue|1114
|gen|9
|tier|[Gen 9] VGC 2025 Reg H (Bo3)
|rated|
|rule|Species Clause: Limit one of each Pokémon
|rule|Item Clause: Limit 1 of each item
|clearpoke
|poke|p1|Kingambit, L50, F|
|poke|p1|Rillaboom, L50, F|
|poke|p1|Electabuzz, L50, M|
|poke|p1|Volcarona, L50, M|
|poke|p1|Sneasler, L50, F|
|poke|p1|Dragonite, L50, F|
|poke|p2|Gholdengo, L50|
|poke|p2|Dragonite, L50, M|
|poke|p2|Ursaluna-Bloodmoon, L50, M|
|poke|p2|Ninetales-Alola, L50, M|
|poke|p2|Annihilape, L50, M|
|poke|p2|Incineroar, L50, F|
|teampreview|4
|showteam|p1|Kingambit||BlackGlasses|Defiant|Protect,KowtowCleave,SuckerPunch,SwordsDance|||F|||50|,,,,,Dark]Rillaboom||AssaultVest|GrassySurge|WoodHammer,GrassyGlide,HighHorsepower,FakeOut|||F|||50|,,,,,Fire]Electabuzz||Eviolite|VitalSpirit|Protect,Thunderbolt,HelpingHand,FollowMe|||M|||50|,,,,,Ghost]Volcarona||CovertCloak|FlameBody|Protect,HeatWave,TeraBlast,QuiverDance|||M|||50|,,,,,Fairy]Sneasler||FocusSash|Unburden|CloseCombat,DireClaw,Coaching,FakeOut|||F|||50|,,,,,Stellar]Dragonite||LoadedDice|Multiscale|ScaleShot,Haze,ExtremeSpeed,Protect|||F|||50|,,,,,Fairy
|showteam|p2|Gholdengo||MetalCoat|GoodasGold|MakeItRain,ShadowBall,NastyPlot,Protect||||||50|,,,,,Water]Dragonite||LoadedDice|Multiscale|ScaleShot,ExtremeSpeed,Haze,Protect|||M|||50|,,,,,Steel]Ursaluna-Bloodmoon||AssaultVest|MindsEye|BloodMoon,HyperVoice,EarthPower,VacuumWave|||M|||50|,,,,,Water]Ninetales-Alola||FocusSash|SnowWarning|Blizzard,IcyWind,AuroraVeil,IcicleSpear|||M|||50|,,,,,Ghost]Annihilape||SafetyGoggles|Defiant|CloseCombat,RageFist,Coaching,Taunt|||M|||50|,,,,,Fire]Incineroar||RockyHelmet|Intimidate|KnockOff,FlareBlitz,PartingShot,FakeOut|||F|||50|,,,,,Ghost
|inactive|Battle timer is ON: inactive players will automatically lose when time's up. (requested by exposniffer)
|inactive|jay142 has 60 seconds left.
|
|t:|1757120972
|teamsize|p1|4
|teamsize|p2|4
|start
|switch|p1a: Djed|Volcarona, L50, M|100/100
|switch|p1b: Kudus|Sneasler, L50, F|100/100
|switch|p2a: Annihilape|Annihilape, L50, M|100/100
|switch|p2b: Ninetales|Ninetales-Alola, L50, M|100/100
|-weather|Snowscape|[from] ability: Snow Warning|[of] p2b: Ninetales
|turn|1
|inactive|jay142 has 30 seconds left.
|inactive|exposniffer has 30 seconds left.
|
|t:|1757121005
|-terastallize|p2b: Ninetales|Ghost
|-terastallize|p1a: Djed|Fairy
|move|p1b: Kudus|Fake Out|p2b: Ninetales
|-immune|p2b: Ninetales
|move|p2b: Ninetales|Icicle Spear|p2a: Annihilape
|-damage|p2a: Annihilape|94/100
|-damage|p2a: Annihilape|87/100
|-damage|p2a: Annihilape|81/100
|-damage|p2a: Annihilape|74/100
|-hitcount|p2a: Annihilape|4
|move|p2a: Annihilape|Rage Fist|p1a: Djed
|-damage|p1a: Djed|0 fnt
|faint|p1a: Djed
|
|-weather|Snowscape|[upkeep]
|upkeep
|
|t:|1757121027
|switch|p1a: Cuti|Kingambit, L50, F|100/100
|turn|2
|
|t:|1757121047
|move|p1a: Cuti|Protect|p1a: Cuti
|-singleturn|p1a: Cuti|Protect
|move|p1b: Kudus|Dire Claw|p2a: Annihilape
|-resisted|p2a: Annihilape
|-damage|p2a: Annihilape|50/100
|move|p2b: Ninetales|Blizzard|p1b: Kudus|[spread] p1b
|-activate|p1a: Cuti|move: Protect
|-damage|p1b: Kudus|54/100
|move|p2a: Annihilape|Close Combat|p1a: Cuti
|-activate|p1a: Cuti|move: Protect
|
|-weather|Snowscape|[upkeep]
|upkeep
|turn|3
|c|☆jay142|oh wow side spear threw me off
|
|t:|1757121065
|switch|p2a: Dragonite|Dragonite, L50, M|100/100
|move|p1a: Cuti|Sucker Punch||[still]
|-fail|p1a: Cuti
|move|p1b: Kudus|Coaching|p1a: Cuti
|-boost|p1a: Cuti|atk|1
|-boost|p1a: Cuti|def|1
|move|p2b: Ninetales|Blizzard|p1b: Kudus|[spread] p1a,p1b
|-resisted|p1a: Cuti
|-damage|p1a: Cuti|86/100
|-damage|p1b: Kudus|12/100
|
|-weather|Snowscape|[upkeep]
|upkeep
|turn|4
|
|t:|1757121085
|move|p1a: Cuti|Sucker Punch||[still]
|-fail|p1a: Cuti
|move|p1b: Kudus|Coaching|p1a: Cuti
|-boost|p1a: Cuti|atk|1
|-boost|p1a: Cuti|def|1
|move|p2b: Ninetales|Aurora Veil|p2b: Ninetales
|-sidestart|p2: exposniffer|move: Aurora Veil
|move|p2a: Dragonite|Haze|p2a: Dragonite
|-clearallboost
|
|-weather|Snowscape|[upkeep]
|upkeep
|turn|5
|
|t:|1757121098
|move|p2a: Dragonite|Extreme Speed|p1b: Kudus
|-damage|p1b: Kudus|0 fnt
|faint|p1b: Kudus
|move|p2b: Ninetales|Blizzard|p1a: Cuti
|-resisted|p1a: Cuti
|-damage|p1a: Cuti|64/100
|move|p1a: Cuti|Kowtow Cleave|p2b: Ninetales
|-supereffective|p2b: Ninetales
|-enditem|p2b: Ninetales|Focus Sash
|-damage|p2b: Ninetales|1/100
|
|-weather|none
|upkeep
|inactive|jay142 has 30 seconds left.
|c|☆exposniffer|its niche but fun
|inactive|jay142 has 20 seconds left.
|inactive|jay142 has 15 seconds left.
|inactive|jay142 has 10 seconds left.
|inactive|jay142 has 5 seconds left.
|
|t:|1757121153
|switch|p1b: Bergvall|Electabuzz, L50, M|100/100
|turn|6
|inactive|jay142 has 30 seconds left.
|inactive|exposniffer has 30 seconds left.
|inactive|jay142 has 20 seconds left.
|inactive|jay142 has 15 seconds left.
|inactive|jay142 has 10 seconds left.
|inactive|jay142 has 5 seconds left.
|
|t:|1757121208
|move|p1b: Bergvall|Protect|p1b: Bergvall
|-singleturn|p1b: Bergvall|Protect
|move|p1a: Cuti|Protect|p1a: Cuti
|-singleturn|p1a: Cuti|Protect
|move|p2b: Ninetales|Icicle Spear|p1b: Bergvall
|-activate|p1b: Bergvall|move: Protect
|move|p2a: Dragonite|Scale Shot|p1a: Cuti
|-activate|p1a: Cuti|move: Protect
|
|upkeep
|turn|7
|
|t:|1757121230
|switch|p2b: Annihilape|Annihilape, L50, M|50/100
|move|p1b: Bergvall|Thunderbolt|p2a: Dragonite
|-damage|p2a: Dragonite|90/100
|-status|p2a: Dragonite|par
|move|p1a: Cuti|Kowtow Cleave|p2a: Dragonite
|-damage|p2a: Dragonite|51/100 par
|move|p2a: Dragonite|Scale Shot|p1a: Cuti|[miss]
|-miss|p2a: Dragonite|p1a: Cuti
|
|upkeep
|turn|8
|c|☆exposniffer|lmaooo noooo
|inactive|exposniffer has 30 seconds left.
|
|t:|1757121256
|move|p1b: Bergvall|Follow Me|p1b: Bergvall
|-singleturn|p1b: Bergvall|move: Follow Me
|move|p2b: Annihilape|Coaching|p2a: Dragonite
|-boost|p2a: Dragonite|atk|1
|-boost|p2a: Dragonite|def|1
|move|p1a: Cuti|Kowtow Cleave|p2b: Annihilape
|-damage|p2b: Annihilape|10/100
|move|p2a: Dragonite|Scale Shot|p1b: Bergvall|[miss]
|-miss|p2a: Dragonite|p1b: Bergvall
|
|-sideend|p2: exposniffer|move: Aurora Veil
|upkeep
|turn|9
|c|☆exposniffer|ayooo
|c|☆jay142|double miss what good luck
|inactive|jay142 has 30 seconds left.
|inactive|exposniffer has 30 seconds left.
|
|t:|1757121287
|move|p1a: Cuti|Sucker Punch|p2b: Annihilape
|-damage|p2b: Annihilape|0 fnt
|faint|p2b: Annihilape
|move|p1b: Bergvall|Thunderbolt|p2a: Dragonite
|-damage|p2a: Dragonite|21/100 par
|move|p2a: Dragonite|Scale Shot|p1a: Cuti
|-resisted|p1a: Cuti
|-damage|p1a: Cuti|57/100
|-resisted|p1a: Cuti
|-damage|p1a: Cuti|48/100
|-resisted|p1a: Cuti
|-damage|p1a: Cuti|40/100
|-resisted|p1a: Cuti
|-damage|p1a: Cuti|31/100
|-resisted|p1a: Cuti
|-damage|p1a: Cuti|24/100
|-hitcount|p1a: Cuti|5
|-unboost|p2a: Dragonite|def|1
|-boost|p2a: Dragonite|spe|1
|
|upkeep
|
|t:|1757121291
|switch|p2b: Ursaluna|Ursaluna-Bloodmoon, L50, M|100/100
|turn|10
|inactive|exposniffer has 30 seconds left.
|
|t:|1757121321
|move|p2a: Dragonite|Extreme Speed|p1a: Cuti
|-resisted|p1a: Cuti
|-damage|p1a: Cuti|8/100
|move|p1b: Bergvall|Thunderbolt|p2a: Dragonite
|-damage|p2a: Dragonite|0 fnt
|faint|p2a: Dragonite
|move|p1a: Cuti|Kowtow Cleave|p2b: Ursaluna
|-damage|p2b: Ursaluna|62/100
|move|p2b: Ursaluna|Hyper Voice|p1b: Bergvall|[spread] p1a,p1b
|-resisted|p1a: Cuti
|-damage|p1a: Cuti|0 fnt
|-damage|p1b: Bergvall|72/100
|faint|p1a: Cuti
|
|upkeep
|
|t:|1757121332
|switch|p2a: Ninetales|Ninetales-Alola, L50, M, tera:Ghost|1/100
|-weather|Snowscape|[from] ability: Snow Warning|[of] p2a: Ninetales
|turn|11
|-message|jay142 forfeited.
|
|win|exposniffer
|c|☆exposniffer|ggs
||jay142 is ready for game 2.
|inactive|exposniffer has 30 seconds to confirm battle start!
||exposniffer is ready for game 2.
|uhtml|next|Next: Game 2 of 3
|l|☆jay142
|player|p1|
