|j|☆WumblesNSuch
|j|☆IndianCrackCoffee
|html|WumblesNSuchIndianCrackCoffee    
|uhtml|bestof|Game 1 of a best-of-3
|t:|1756487940
|gametype|doubles
|player|p1|WumblesNSuch|101|1141
|player|p2|IndianCrackCoffee|brendan-masters|1066
|gen|9
|tier|[Gen 9] VGC 2025 Reg H (Bo3)
|rated|
|rule|Species Clause: Limit one of each Pokémon
|rule|Item Clause: Limit 1 of each item
|clearpoke
|poke|p1|Charizard, L50, F|
|poke|p1|Torkoal, L50, F|
|poke|p1|Porygon2, L50|
|poke|p1|Incineroar, L50, M|
|poke|p1|Jumpluff, L50, F|
|poke|p1|Ursaluna, L50, M|
|poke|p2|Dragonite, L50, F|
|poke|p2|Ursaluna-Bloodmoon, L50, M|
|poke|p2|Archaludon, L50, F|
|poke|p2|Whimsicott, L50, M|
|poke|p2|Gholdengo, L50|
|poke|p2|Incineroar, L50, M|
|teampreview|4
|showteam|p1|Charizard||ChoiceSpecs|SolarPower|HeatWave,Overheat,WeatherBall,AirSlash|||F|||50|,,,,,Ghost]Torkoal||EjectPack|Drought|Eruption,Overheat,HelpingHand,Protect|||F|||50|,,,,,Fire]Porygon2||Eviolite|Download|TeraBlast,IceBeam,Recover,TrickRoom||||||50|,,,,,Fighting]Incineroar||SitrusBerry|Intimidate|FlareBlitz,KnockOff,FakeOut,PartingShot|||M|||50|,,,,,Ghost]Jumpluff||CovertCloak|Chlorophyll|SleepPowder,SunnyDay,RagePowder,Tailwind|||F|||50|,,,,,Water]Ursaluna||FlameOrb|Guts|HeadlongRush,Facade,Earthquake,Protect|||M|||50|,,,,,Ghost
|showteam|p2|Dragonite||LoadedDice|Multiscale|ScaleShot,ExtremeSpeed,IceSpinner,Protect|||F|||50|,,,,,Fairy]Ursaluna-Bloodmoon||AssaultVest|MindsEye|BloodMoon,HyperVoice,EarthPower,VacuumWave|||M|||50|,,,,,Water]Archaludon||PowerHerb|Sturdy|ElectroShot,FlashCannon,DracoMeteor,Protect|||F|||50|,,,,,Stellar]Whimsicott||CovertCloak|Prankster|FakeTears,Tailwind,Encore,Moonblast|||M|||50|,,,,,Poison]Gholdengo||ChoiceSpecs|GoodasGold|MakeItRain,ShadowBall,PowerGem,SteelBeam||||||50|,,,,,Steel]Incineroar||MirrorHerb|Intimidate|FakeOut,PartingShot,KnockOff,FlareBlitz|||M|||50|,,,,,Ghost
|
|t:|1756487977
|teamsize|p1|4
|teamsize|p2|4
|start
|switch|p1a: Torkoal|Torkoal, L50, F|100/100
|switch|p1b: Jumpluff|Jumpluff, L50, F|100/100
|switch|p2a: Whimsicott|Whimsicott, L50, M|100/100
|switch|p2b: Gholdengo|Gholdengo, L50|100/100
|-weather|SunnyDay|[from] ability: Drought|[of] p1a: Torkoal
|turn|1
|
|t:|1756488006
|-terastallize|p1b: Jumpluff|Water
|-terastallize|p2b: Gholdengo|Steel
|move|p2a: Whimsicott|Fake Tears|p1a: Torkoal
|-unboost|p1a: Torkoal|spd|2
|-enditem|p1a: Torkoal|Eject Pack
|
|t:|1756488015
|switch|p1a: Charizard|Charizard, L50, F|100/100
|move|p1b: Jumpluff|Tailwind|p1b: Jumpluff
|-sidestart|p1: WumblesNSuch|move: Tailwind
|move|p2b: Gholdengo|Make It Rain|p1a: Charizard|[spread] p1a,p1b
|-resisted|p1a: Charizard
|-resisted|p1b: Jumpluff
|-damage|p1a: Charizard|34/100
|-damage|p1b: Jumpluff|44/100
|-unboost|p2b: Gholdengo|spa|1
|
|-weather|SunnyDay|[upkeep]
|-damage|p1a: Charizard|21/100|[from] ability: Solar Power|[of] p1a: Charizard
|upkeep
|turn|2
|
|t:|1756488034
|switch|p1b: Ursaluna|Ursaluna, L50, M|100/100
|switch|p2b: Incineroar|Incineroar, L50, M|100/100
|-ability|p2b: Incineroar|Intimidate|boost
|-unboost|p1a: Charizard|atk|1
|-unboost|p1b: Ursaluna|atk|1
|move|p2a: Whimsicott|Tailwind|p2a: Whimsicott
|-sidestart|p2: IndianCrackCoffee|move: Tailwind
|move|p1a: Charizard|Heat Wave|p2b: Incineroar|[spread] p2a,p2b
|-supereffective|p2a: Whimsicott
|-resisted|p2b: Incineroar
|-damage|p2a: Whimsicott|0 fnt
|-damage|p2b: Incineroar|45/100
|faint|p2a: Whimsicott
|
|-weather|SunnyDay|[upkeep]
|-damage|p1a: Charizard|9/100|[from] ability: Solar Power|[of] p1a: Charizard
|-status|p1b: Ursaluna|brn|[from] item: Flame Orb
|upkeep
|
|t:|1756488051
|switch|p2a: Gholdengo|Gholdengo, L50, tera:Steel|100/100
|turn|3
|
|t:|1756488061
|switch|p1a: Torkoal|Torkoal, L50, F|100/100
|move|p1b: Ursaluna|Protect|p1b: Ursaluna
|-singleturn|p1b: Ursaluna|Protect
|move|p2b: Incineroar|Fake Out|p1a: Torkoal
|-damage|p1a: Torkoal|91/100
|move|p2a: Gholdengo|Make It Rain|p1b: Ursaluna|[spread] p1a
|-activate|p1b: Ursaluna|move: Protect
|-resisted|p1a: Torkoal
|-damage|p1a: Torkoal|25/100
|-unboost|p2a: Gholdengo|spa|1
|
|-weather|SunnyDay|[upkeep]
|-damage|p1b: Ursaluna|95/100 brn|[from] brn
|upkeep
|turn|4
|
|t:|1756488080
|move|p2a: Gholdengo|Make It Rain|p1b: Ursaluna|[spread] p1a,p1b
|-resisted|p1a: Torkoal
|-damage|p1a: Torkoal|0 fnt
|-damage|p1b: Ursaluna|34/100 brn
|-unboost|p2a: Gholdengo|spa|1
|faint|p1a: Torkoal
|move|p2b: Incineroar|Flare Blitz|p1b: Ursaluna
|-damage|p1b: Ursaluna|0 fnt
|faint|p1b: Ursaluna
|-damage|p2b: Incineroar|33/100|[from] Recoil
|
|-weather|SunnyDay|[upkeep]
|-sideend|p1: WumblesNSuch|move: Tailwind
|upkeep
|
|t:|1756488086
|switch|p1b: Charizard|Charizard, L50, F|9/100
|switch|p1a: Jumpluff|Jumpluff, L50, F, tera:Water|44/100
|turn|5
|
|t:|1756488104
|move|p1a: Jumpluff|Tailwind|p1a: Jumpluff
|-sidestart|p1: WumblesNSuch|move: Tailwind
|move|p1b: Charizard|Heat Wave|p2b: Incineroar|[spread] p2a,p2b
|-supereffective|p2a: Gholdengo
|-resisted|p2b: Incineroar
|-damage|p2a: Gholdengo|0 fnt
|-damage|p2b: Incineroar|0 fnt
|faint|p2a: Gholdengo
|faint|p2b: Incineroar
|
|-weather|none
|-sideend|p2: IndianCrackCoffee|move: Tailwind
|upkeep
|
|t:|1756488117
|switch|p2b: Archaludon|Archaludon, L50, F|100/100
|turn|6
|
|t:|1756488144
|move|p1a: Jumpluff|Sleep Powder|p2b: Archaludon|[miss]
|-miss|p1a: Jumpluff|p2b: Archaludon
|move|p1b: Charizard|Heat Wave|p2b: Archaludon
|-damage|p2b: Archaludon|3/100
|move|p2b: Archaludon|Electro Shot||[still]
|-prepare|p2b: Archaludon|Electro Shot
|-boost|p2b: Archaludon|spa|1
|-enditem|p2b: Archaludon|Power Herb
|-anim|p2b: Archaludon|Electro Shot|p1b: Charizard
|-supereffective|p1b: Charizard
|-damage|p1b: Charizard|0 fnt
|faint|p1b: Charizard
|
|upkeep
|turn|7
|-message|WumblesNSuch forfeited.
|raw|WumblesNSuch's rating: 1141 → 1111(-30 for losing)
|raw|IndianCrackCoffee's rating: 1066 → 1102(+36 for winning)
|
|win|IndianCrackCoffee
