|j|☆Northgdh
|j|☆Kosluger
|html|NorthgdhKosluger    
|uhtml|bestof|Game 1 of a best-of-3
|t:|1783953016
|gametype|doubles
|player|p1|Northgdh|102|1265
|player|p2|Kosluger|266|1130
|gen|9
|tier|[Gen 9 Champions] VGC 2026 Reg M-B (Bo3)
|rated|
|rule|Species Clause: Limit one of each Pokémon
|rule|Item Clause: Limit 1 of each item
|clearpoke
|poke|p1|Incineroar, L50, M, shiny|
|poke|p1|Delphox, L50, F, shiny|
|poke|p1|Sinistcha, L50|
|poke|p1|Kingambit, L50, M, shiny|
|poke|p1|Blastoise, L50, M, shiny|
|poke|p1|Sneasler, L50, M|
|poke|p2|Farigiraf, L50, F|
|poke|p2|Camerupt, L50, M|
|poke|p2|Kingambit, L50, F|
|poke|p2|Blastoise, L50, M|
|poke|p2|Staraptor, L50, F|
|poke|p2|Sinistcha, L50|
|teampreview|4
|showteam|p1|Incineroar||SitrusBerry|Intimidate|FlareBlitz,FakeOut,HelpingHand,PartingShot|Impish||M|||50|]Delphox||Delphoxite|Blaze|HeatWave,Psychic,NastyPlot,Protect|Timid||F|||50|]Sinistcha||KasibBerry|Hospitality|MatchaGotcha,RagePowder,LifeDew,Protect|Bold|||||50|]Kingambit||LifeOrb|Defiant|KowtowCleave,SuckerPunch,SwordsDance,Protect|Adamant||M|||50|]Blastoise||Blastoisinite|RainDish|WaterSpout,DarkPulse,ShellSmash,Protect|Modest||M|||50|]Sneasler||FocusSash|PoisonTouch|CloseCombat,PoisonJab,FakeOut,QuickGuard|Jolly||M|||50|
|showteam|p2|Farigiraf||ColburBerry|ArmorTail|HelpingHand,Thunderbolt,TrickRoom,Psychic|Sassy||F|||50|]Camerupt||Cameruptite|SolidRock|Protect,HeatWave,AncientPower,EarthPower|Quiet||M|||50|]Kingambit||FocusSash|Defiant|SuckerPunch,KowtowCleave,Protect,IronHead|Brave||F|||50|]Blastoise||Blastoisinite|Torrent|Protect,WaterSpout,DarkPulse,FakeOut|Quiet||M|||50|]Staraptor||ChoiceScarf|Intimidate|Uturn,FinalGambit,CloseCombat,BraveBird|Adamant||F|||50|]Sinistcha||KasibBerry|Hospitality|Protect,RagePowder,ShadowBall,MatchaGotcha|Quiet|||||50|
|inactive|Battle timer is ON: inactive players will automatically lose when time's up. (requested by Northgdh)
|l|☆Northgdh
|inactive|Northgdh disconnected and has a minute to reconnect!
|player|p1|
|inactive|Kosluger has 60 seconds left.
|j|☆Northgdh
|inactive|Northgdh reconnected and has 60 seconds left.
|player|p1|Northgdh|102|
|inactive|Northgdh has 30 seconds left.
|inactive|Northgdh has 20 seconds left.
|inactive|Northgdh has 15 seconds left.
|
|t:|1783953092
|teamsize|p1|4
|teamsize|p2|4
|start
|switch|p1a: the cure|Sinistcha, L50|100/100
|switch|p1b: begged|Blastoise, L50, M, shiny|100/100
|switch|p2a: Farigiraf|Farigiraf, L50, F|100/100
|switch|p2b: Staraptor|Staraptor, L50, F|100/100
|-ability|p2b: Staraptor|Intimidate|boost
|-unboost|p1a: the cure|atk|1
|-unboost|p1b: begged|atk|1
|turn|1
|
|t:|1783953111
|detailschange|p1b: begged|Blastoise-Mega, L50, M, shiny
|-mega|p1b: begged|Blastoise|Blastoisinite
|move|p1a: the cure|Rage Powder|p1a: the cure
|-singleturn|p1a: the cure|move: Rage Powder
|move|p2b: Staraptor|Brave Bird|p1a: the cure
|-supereffective|p1a: the cure|1
|-damage|p1a: the cure|18/100
|-damage|p2b: Staraptor|76/100|[from] Recoil
|move|p1b: begged|Dark Pulse|p2a: Farigiraf
|-supereffective|p2a: Farigiraf|1
|-enditem|p2a: Farigiraf|Colbur Berry|[eat]
|-enditem|p2a: Farigiraf|Colbur Berry|[weaken]
|-damage|p2a: Farigiraf|63/100
|cant|p2a: Farigiraf|flinch
|
|upkeep
|turn|2
|
|t:|1783953134
|switch|p2a: Kingambit|Kingambit, L50, F|100/100
|move|p1a: the cure|Rage Powder|p1a: the cure
|-singleturn|p1a: the cure|move: Rage Powder
|move|p2b: Staraptor|Brave Bird|p1a: the cure
|-supereffective|p1a: the cure|1
|-damage|p1a: the cure|0 fnt
|faint|p1a: the cure
|-damage|p2b: Staraptor|70/100|[from] Recoil
|move|p1b: begged|Water Spout|p2a: Kingambit|[spread] p2a,p2b
|-damage|p2a: Kingambit|40/100
|-damage|p2b: Staraptor|0 fnt
|faint|p2b: Staraptor
|
|upkeep
|
|t:|1783953149
|switch|p2b: Farigiraf|Farigiraf, L50, F|63/100
|switch|p1a: honeybee|Sneasler, L50, M|100/100
|turn|3
|
|t:|1783953166
|move|p2a: Kingambit|Sucker Punch|p1b: begged
|-damage|p1b: begged|57/100
|move|p1a: honeybee|Poison Jab|p2b: Farigiraf
|-damage|p2b: Farigiraf|26/100
|-status|p2b: Farigiraf|psn|[from] ability: Poison Touch|[of] p1a: honeybee
|move|p1b: begged|Dark Pulse|p2b: Farigiraf
|-supereffective|p2b: Farigiraf|1
|-damage|p2b: Farigiraf|0 fnt
|faint|p2b: Farigiraf
|
|upkeep
|
|t:|1783953174
|switch|p2b: Blastoise|Blastoise, L50, M|100/100
|turn|4
|
|t:|1783953194
|detailschange|p2b: Blastoise|Blastoise-Mega, L50, M
|-mega|p2b: Blastoise|Blastoise|Blastoisinite
|move|p2b: Blastoise|Fake Out|p1a: honeybee
|-damage|p1a: honeybee|81/100
|move|p2a: Kingambit|Sucker Punch|p1b: begged
|-damage|p1b: begged|12/100
|cant|p1a: honeybee|flinch
|move|p1b: begged|Dark Pulse|p2b: Blastoise
|-damage|p2b: Blastoise|60/100
|
|upkeep
|turn|5
|
|t:|1783953218
|move|p1b: begged|Protect|p1b: begged
|-singleturn|p1b: begged|Protect
|move|p2a: Kingambit|Protect|p2a: Kingambit
|-singleturn|p2a: Kingambit|Protect
|move|p1a: honeybee|Close Combat|p2a: Kingambit
|-activate|p2a: Kingambit|move: Protect
|move|p2b: Blastoise|Water Spout|p1b: begged|[spread] p1a
|-activate|p1b: begged|move: Protect
|-damage|p1a: honeybee|23/100
|
|upkeep
|turn|6
|c|☆Northgdh|No shell smash?
|c|☆Northgdh|you’re a maniac
|inactive|Northgdh has 30 seconds left.
|
|t:|1783953247
|move|p1a: honeybee|Quick Guard|p1a: honeybee
|-singleturn|p1a: honeybee|Quick Guard
|move|p2a: Kingambit|Sucker Punch||[still]
|-fail|p2a: Kingambit
|move|p1b: begged|Dark Pulse|p2b: Blastoise
|-damage|p2b: Blastoise|21/100
|move|p2b: Blastoise|Dark Pulse|p1b: begged
|-damage|p1b: begged|0 fnt
|faint|p1b: begged
|
|upkeep
|
|t:|1783953256
|switch|p1b: drop dead|Kingambit, L50, M, shiny|100/100
|turn|7
|
|t:|1783953277
|move|p2b: Blastoise|Protect|p2b: Blastoise
|-singleturn|p2b: Blastoise|Protect
|move|p1a: honeybee|Quick Guard|p1a: honeybee
|-singleturn|p1a: honeybee|Quick Guard
|move|p2a: Kingambit|Sucker Punch||[still]
|-fail|p2a: Kingambit
|move|p1b: drop dead|Swords Dance|p1b: drop dead
|-boost|p1b: drop dead|atk|2
|
|upkeep
|turn|8
|-message|Kosluger forfeited.
|
|win|Northgdh
||Kosluger is ready for game 2.
