|j|☆MoistHex11
|j|☆Sephi's Hairbrush
|html|MoistHex11Sephi's Hairbrush    
|uhtml|bestof|Game 3 of a best-of-3
|t:|1785451273
|gametype|doubles
|player|p1|MoistHex11|waiter-gen4dp|1076
|player|p2|Sephi's Hairbrush|cynthia-gen4|1000
|gen|9
|tier|[Gen 9 Champions] VGC 2026 Reg M-B (Bo3)
|rated|
|rule|Species Clause: Limit one of each Pokémon
|rule|Item Clause: Limit 1 of each item
|clearpoke
|poke|p1|Floette-Eternal, L50, F|
|poke|p1|Talonflame, L50, M|
|poke|p1|Garchomp, L50, M|
|poke|p1|Sneasler, L50, M|
|poke|p1|Basculegion, L50, M|
|poke|p1|Kingambit, L50, F|
|poke|p2|Grimmsnarl, L50, M, shiny|
|poke|p2|Swampert, L50, M|
|poke|p2|Pelipper, L50, M|
|poke|p2|Archaludon, L50, M|
|poke|p2|Sinistcha, L50|
|poke|p2|Metagross, L50|
|teampreview|4
|showteam|p1|Floette-Eternal||Floettite|FlowerVeil|DazzlingGleam,Moonblast,Protect,CalmMind|Modest||F|||50|]Talonflame||FocusSash|GaleWings|Tailwind,BraveBird,Protect,FlareBlitz|Adamant||M|||50|]Garchomp||LifeOrb|RoughSkin|Earthquake,DragonClaw,Protect,RockSlide|Jolly||M|||50|]Sneasler||WhiteHerb|Unburden|CloseCombat,DireClaw,Protect,FakeOut|Adamant||M|||50|]Basculegion||ChoiceScarf|Adaptability|WaveCrash,LastRespects,AquaJet,IceFang|Jolly||M|||50|]Kingambit||BlackGlasses|Defiant|SuckerPunch,KowtowCleave,Protect,IronHead|Brave||F|||50|
|showteam|p2|Grimmsnarl||LightClay|Prankster|FoulPlay,PartingShot,Reflect,LightScreen|Calm||M|||50|]Swampert||Swampertite|Damp|WaveCrash,Earthquake,IcePunch,Protect|Adamant||M|||50|]Pelipper||SitrusBerry|Drizzle|Hurricane,WeatherBall,Tailwind,WideGuard|Modest||M|||50|]Archaludon||Leftovers|Stamina|ElectroShot,DragonPulse,FlashCannon,Protect|Modest||M|||50|]Sinistcha||CobaBerry|Hospitality|MatchaGotcha,RagePowder,TrickRoom,Protect|Relaxed|||||50|]Metagross||Metagrossite|ClearBody|IronHead,PsychicFangs,BodyPress,Protect|Jolly|||||50|
|inactive|Battle timer is ON: inactive players will automatically lose when time's up. (requested by Sephi's Hairbrush)
|inactive|Sephi's Hairbrush has 60 seconds left.
|
|t:|1785451306
|teamsize|p1|4
|teamsize|p2|4
|start
|switch|p1a: Talonflame|Talonflame, L50, M|100/100
|switch|p1b: Floette|Floette-Eternal, L50, F|100/100
|switch|p2a: Pelipper|Pelipper, L50, M|100/100
|switch|p2b: Archaludon|Archaludon, L50, M|100/100
|-weather|RainDance|[from] ability: Drizzle|[of] p2a: Pelipper
|turn|1
|
|t:|1785451328
|switch|p1b: Sneaslear|Sneasler, L50, M|100/100
|move|p1a: Talonflame|Protect|p1a: Talonflame
|-singleturn|p1a: Talonflame|Protect
|move|p2b: Archaludon|Electro Shot||[still]
|-prepare|p2b: Archaludon|Electro Shot
|-boost|p2b: Archaludon|spa|1
|-anim|p2b: Archaludon|Electro Shot|p1b: Sneaslear
|-damage|p1b: Sneaslear|20/100y
|move|p2a: Pelipper|Weather Ball|p1a: Talonflame
|-activate|p1a: Talonflame|move: Protect
|
|-weather|RainDance|[upkeep]
|upkeep
|turn|2
|inactive|Sephi's Hairbrush has 30 seconds left.
|
|t:|1785451353
|move|p1a: Talonflame|Tailwind|p1a: Talonflame
|-sidestart|p1: MoistHex11|move: Tailwind
|move|p1b: Sneaslear|Dire Claw|p2a: Pelipper
|-damage|p2a: Pelipper|47/100
|-enditem|p2a: Pelipper|Sitrus Berry|[eat]
|-heal|p2a: Pelipper|72/100|[from] item: Sitrus Berry
|move|p2b: Archaludon|Electro Shot||[still]
|-prepare|p2b: Archaludon|Electro Shot
|-boost|p2b: Archaludon|spa|1
|-anim|p2b: Archaludon|Electro Shot|p1a: Talonflame
|-supereffective|p1a: Talonflame|1
|-crit|p1a: Talonflame
|-enditem|p1a: Talonflame|Focus Sash
|-damage|p1a: Talonflame|1/100
|move|p2a: Pelipper|Tailwind|p2a: Pelipper
|-sidestart|p2: Sephi's Hairbrush|move: Tailwind
|
|-weather|RainDance|[upkeep]
|upkeep
|turn|3
|inactive|Sephi's Hairbrush has 30 seconds left.
|inactive|Sephi's Hairbrush has 20 seconds left.
|inactive|Sephi's Hairbrush has 15 seconds left.
|inactive|Sephi's Hairbrush has 10 seconds left.
|
|t:|1785451403
|move|p1a: Talonflame|Brave Bird|p2a: Pelipper
|-damage|p2a: Pelipper|21/100
|-damage|p1a: Talonflame|0 fnt|[from] Recoil
|faint|p1a: Talonflame
|move|p1b: Sneaslear|Close Combat|p2b: Archaludon
|-supereffective|p2b: Archaludon|1
|-damage|p2b: Archaludon|0 fnt
|-unboost|p1b: Sneaslear|def|1
|-unboost|p1b: Sneaslear|spd|1
|faint|p2b: Archaludon
|-enditem|p1b: Sneaslear|White Herb
|-clearnegativeboost|p1b: Sneaslear|[silent]
|move|p2a: Pelipper|Hurricane|p1b: Sneaslear
|-supereffective|p1b: Sneaslear|1
|-damage|p1b: Sneaslear|0 fnt
|faint|p1b: Sneaslear
|
|-weather|RainDance|[upkeep]
|upkeep
|
|t:|1785451416
|switch|p1a: Basculegion|Basculegion, L50, M|100/100
|switch|p1b: Floette|Floette-Eternal, L50, F|100/100
|switch|p2b: Sinistcha|Sinistcha, L50|100/100
|-heal|p2a: Pelipper|46/100|[from] ability: Hospitality|[of] p2b: Sinistcha
|turn|4
|
|t:|1785451438
|switch|p2a: Swampert|Swampert, L50, M|100/100
|detailschange|p1b: Floette|Floette-Mega, L50, F
|-mega|p1b: Floette|Floette|Floettite
|-ability|p1b: Floette|Fairy Aura
|move|p1a: Basculegion|Last Respects|p2b: Sinistcha
|-supereffective|p2b: Sinistcha|1
|-damage|p2b: Sinistcha|0 fnt
|faint|p2b: Sinistcha
|move|p1b: Floette|Moonblast|p2a: Swampert
|-damage|p2a: Swampert|18/100
|
|-weather|RainDance|[upkeep]
|upkeep
|
|t:|1785451447
|switch|p2b: Pelipper|Pelipper, L50, M|46/100
|turn|5
|
|t:|1785451462
|detailschange|p2a: Swampert|Swampert-Mega, L50, M
|-mega|p2a: Swampert|Swampert|Swampertite
|move|p2a: Swampert|Wave Crash|p1a: Basculegion
|-resisted|p1a: Basculegion|1
|-damage|p1a: Basculegion|26/100
|-damage|p2a: Swampert|0 fnt|[from] Recoil
|faint|p2a: Swampert
|move|p1a: Basculegion|Last Respects|p2b: Pelipper
|-damage|p2b: Pelipper|0 fnt
|faint|p2b: Pelipper
|
|win|MoistHex11
|raw|MoistHex11's rating: 1076 → 1098(+22 for winning)
|raw|Sephi's Hairbrush's rating: 1000 → 1000(+0 for losing)
|c|☆MoistHex11|Gg
|c|☆Sephi's Hairbrush|Gg
|l|☆MoistHex11
|player|p1|
