|j|☆BeatrizPinzon
|j|☆new mental
|html|BeatrizPinzonnew mental    
|uhtml|bestof|Game 2 of a best-of-3
|t:|1783804761
|gametype|doubles
|player|p1|BeatrizPinzon|clerkf|1357
|player|p2|new mental|volkner|1333
|gen|9
|tier|[Gen 9 Champions] VGC 2026 Reg M-B (Bo3)
|rated|
|rule|Species Clause: Limit one of each Pokémon
|rule|Item Clause: Limit 1 of each item
|clearpoke
|poke|p1|Swampert, L50, F|
|poke|p1|Sableye, L50, M|
|poke|p1|Pelipper, L50, M|
|poke|p1|Archaludon, L50, M|
|poke|p1|Venusaur, L50, M|
|poke|p1|Gholdengo, L50|
|poke|p2|Charizard, L50, F|
|poke|p2|Kingambit, L50, F|
|poke|p2|Sylveon, L50, M|
|poke|p2|Garchomp, L50, F|
|poke|p2|Aerodactyl, L50, F|
|poke|p2|Farigiraf, L50, F|
|teampreview|4
|showteam|p1|Swampert||Swampertite|Torrent|WaveCrash,HighHorsepower,IcePunch,Protect|Adamant||F|||50|]Sableye||RoseliBerry|Prankster|Encore,LightScreen,Reflect,RainDance|Calm||M|||50|]Pelipper||SitrusBerry|Drizzle|Hurricane,WeatherBall,Tailwind,WideGuard|Modest||M|||50|]Archaludon||Leftovers|Stamina|DragonPulse,ElectroShot,FlashCannon,Protect|Calm||M|||50|]Venusaur||Venusaurite|Chlorophyll|SludgeBomb,GigaDrain,EarthPower,Protect|Modest||M|||50|]Gholdengo||LifeOrb|GoodasGold|MakeItRain,ShadowBall,NastyPlot,Protect|Modest|||||50|
|showteam|p2|Charizard||CharizarditeY|SolarPower|Protect,HeatWave,SolarBeam,WeatherBall|Modest||F|||50|]Kingambit||FocusSash|Defiant|IronHead,SuckerPunch,KowtowCleave,LowKick|Adamant||F|||50|]Sylveon||FairyFeather|Pixilate|Detect,HyperVoice,HyperBeam,QuickAttack|Modest||M|||50|]Garchomp||LifeOrb|RoughSkin|Protect,DragonClaw,Earthquake,RockSlide|Jolly||F|||50|]Aerodactyl||Aerodactylite|Unnerve|IceFang,RockSlide,Tailwind,DualWingbeat|Jolly||F|||50|]Farigiraf||SitrusBerry|ArmorTail|TrickRoom,Psychic,Thunderbolt,Roar|Bold||F|||50|
|inactive|Battle timer is ON: inactive players will automatically lose when time's up. (requested by new mental)
|
|t:|1783804774
|teamsize|p1|4
|teamsize|p2|4
|start
|switch|p1a: Top G|Sableye, L50, M|100/100
|switch|p1b: Peynado|Archaludon, L50, M|100/100
|switch|p2a: Sylveon|Sylveon, L50, M|100/100
|switch|p2b: Farigiraf|Farigiraf, L50, F|100/100
|turn|1
|
|t:|1783804795
|move|p1a: Top G|Light Screen|p1a: Top G
|-sidestart|p1: BeatrizPinzon|move: Light Screen
|move|p1b: Peynado|Flash Cannon|p2a: Sylveon
|-supereffective|p2a: Sylveon|1
|-damage|p2a: Sylveon|41/100
|-unboost|p2a: Sylveon|spd|1
|move|p2a: Sylveon|Hyper Voice|p1b: Peynado|[spread] p1a,p1b
|-supereffective|p1a: Top G|1
|-enditem|p1a: Top G|Roseli Berry|[eat]
|-enditem|p1a: Top G|Roseli Berry|[weaken]
|-damage|p1a: Top G|62/100
|-damage|p1b: Peynado|73/100
|-ability|p1b: Peynado|Stamina|boost
|-boost|p1b: Peynado|def|1
|move|p2b: Farigiraf|Trick Room|p2b: Farigiraf
|-fieldstart|move: Trick Room|[of] p2b: Farigiraf
|
|-heal|p1b: Peynado|79/100|[from] item: Leftovers
|upkeep
|turn|2
|
|t:|1783804815
|switch|p1a: Ororo|Pelipper, L50, M|100/100
|-weather|RainDance|[from] ability: Drizzle|[of] p1a: Ororo
|move|p2a: Sylveon|Hyper Voice|p1a: Ororo|[spread] p1a,p1b
|-damage|p1a: Ororo|63/100
|-damage|p1b: Peynado|50/100y
|-ability|p1b: Peynado|Stamina|boost
|-boost|p1b: Peynado|def|1
|move|p1b: Peynado|Electro Shot||[still]
|-prepare|p1b: Peynado|Electro Shot
|-boost|p1b: Peynado|spa|1
|-anim|p1b: Peynado|Electro Shot|p2a: Sylveon
|-damage|p2a: Sylveon|0 fnt
|faint|p2a: Sylveon
|move|p2b: Farigiraf|Roar|p1b: Peynado
|drag|p1b: Top G|Sableye, L50, M|62/100
|
|-weather|RainDance|[upkeep]
|upkeep
|
|t:|1783804821
|switch|p2a: Charizard|Charizard, L50, F|100/100
|turn|3
|inactive|new mental has 30 seconds left.
|
|t:|1783804847
|move|p2a: Charizard|Protect|p2a: Charizard
|-singleturn|p2a: Charizard|Protect
|move|p1b: Top G|Rain Dance||[still]
|-fail|p1b: Top G
|move|p2b: Farigiraf|Thunderbolt|p1a: Ororo
|-supereffective|p1a: Ororo|2
|-damage|p1a: Ororo|4/100
|-status|p1a: Ororo|par
|-enditem|p1a: Ororo|Sitrus Berry|[eat]
|-heal|p1a: Ororo|28/100 par|[from] item: Sitrus Berry
|cant|p1a: Ororo|par
|
|-weather|RainDance|[upkeep]
|upkeep
|turn|4
|
|t:|1783804866
|switch|p1a: Peynado|Archaludon, L50, M|50/100y
|detailschange|p2a: Charizard|Charizard-Mega-Y, L50, F
|-mega|p2a: Charizard|Charizard|Charizardite Y
|-weather|SunnyDay|[from] ability: Drought|[of] p2a: Charizard
|move|p1b: Top G|Rain Dance|p1b: Top G
|-weather|RainDance
|move|p2b: Farigiraf|Thunderbolt|p1a: Peynado
|-resisted|p1a: Peynado|1
|-damage|p1a: Peynado|43/100
|-ability|p1a: Peynado|Stamina|boost
|-boost|p1a: Peynado|def|1
|move|p2a: Charizard|Weather Ball|p1b: Top G
|-damage|p1b: Top G|18/100
|
|-weather|RainDance|[upkeep]
|-heal|p1a: Peynado|50/100y|[from] item: Leftovers
|upkeep
|turn|5
|
|t:|1783804887
|switch|p2a: Garchomp|Garchomp, L50, F|100/100
|move|p1b: Top G|Reflect|p1b: Top G
|-sidestart|p1: BeatrizPinzon|Reflect
|move|p1a: Peynado|Electro Shot||[still]
|-prepare|p1a: Peynado|Electro Shot
|-boost|p1a: Peynado|spa|1
|-anim|p1a: Peynado|Electro Shot|p2b: Farigiraf
|-damage|p2b: Farigiraf|46/100
|-enditem|p2b: Farigiraf|Sitrus Berry|[eat]
|-heal|p2b: Farigiraf|71/100|[from] item: Sitrus Berry
|move|p2b: Farigiraf|Roar|p1a: Peynado
|drag|p1a: Trevor|Venusaur, L50, M|100/100
|
|-weather|RainDance|[upkeep]
|-sideend|p1: BeatrizPinzon|move: Light Screen
|-fieldend|move: Trick Room
|upkeep
|turn|6
|
|t:|1783804908
|detailschange|p1a: Trevor|Venusaur-Mega, L50, M
|-mega|p1a: Trevor|Venusaur|Venusaurite
|move|p1b: Top G|Light Screen|p1b: Top G
|-sidestart|p1: BeatrizPinzon|move: Light Screen
|move|p2a: Garchomp|Dragon Claw|p1b: Top G
|-damage|p1b: Top G|0 fnt
|faint|p1b: Top G
|-damage|p2a: Garchomp|90/100|[from] item: Life Orb
|move|p1a: Trevor|Sludge Bomb|p2b: Farigiraf
|-damage|p2b: Farigiraf|24/100
|-status|p2b: Farigiraf|psn
|move|p2b: Farigiraf|Psychic|p1a: Trevor
|-supereffective|p1a: Trevor|1
|-damage|p1a: Trevor|63/100
|
|-weather|RainDance|[upkeep]
|-damage|p2b: Farigiraf|11/100 psn|[from] psn
|upkeep
|
|t:|1783804923
|switch|p1b: Peynado|Archaludon, L50, M|50/100y
|turn|7
|
|t:|1783804931
|switch|p2b: Charizard|Charizard-Mega-Y, L50, F|100/100
|-weather|SunnyDay|[from] ability: Drought|[of] p2b: Charizard
|move|p2a: Garchomp|Earthquake|p1a: Trevor|[spread] p1a,p1b
|-immune|p2b: Charizard
|-supereffective|p1b: Peynado|1
|-crit|p1b: Peynado
|-damage|p1a: Trevor|36/100
|-damage|p1b: Peynado|0 fnt
|faint|p1b: Peynado
|-damage|p2a: Garchomp|80/100|[from] item: Life Orb
|move|p1a: Trevor|Sludge Bomb|p2b: Charizard
|-damage|p2b: Charizard|60/100
|-status|p2b: Charizard|psn
|
|-weather|SunnyDay|[upkeep]
|-damage|p2b: Charizard|48/100 psn|[from] psn
|upkeep
|
|t:|1783804946
|switch|p1b: Ororo|Pelipper, L50, M|28/100 par
|-weather|RainDance|[from] ability: Drizzle|[of] p1b: Ororo
|turn|8
|
|t:|1783804959
|switch|p2b: Farigiraf|Farigiraf, L50, F|11/100 psn
|move|p2a: Garchomp|Dragon Claw|p1b: Ororo
|-damage|p1b: Ororo|0 fnt
|faint|p1b: Ororo
|-damage|p2a: Garchomp|70/100|[from] item: Life Orb
|move|p1a: Trevor|Giga Drain|p2a: Garchomp
|-damage|p2a: Garchomp|28/100
|-heal|p1a: Trevor|57/100|[from] drain|[of] p2a: Garchomp
|
|-weather|RainDance|[upkeep]
|-damage|p2b: Farigiraf|0 fnt|[from] psn
|faint|p2b: Farigiraf
|upkeep
|
|t:|1783804962
|switch|p2b: Charizard|Charizard-Mega-Y, L50, F|48/100 psn
|-weather|SunnyDay|[from] ability: Drought|[of] p2b: Charizard
|turn|9
|
|t:|1783804978
|move|p2a: Garchomp|Dragon Claw|p1a: Trevor
|-damage|p1a: Trevor|23/100
|-damage|p2a: Garchomp|19/100|[from] item: Life Orb
|move|p2b: Charizard|Weather Ball|p1a: Trevor
|-supereffective|p1a: Trevor|1
|-damage|p1a: Trevor|0 fnt
|faint|p1a: Trevor
|
|win|new mental
|raw|BeatrizPinzon's rating: 1357 → 1335(-22 for losing)
|raw|new mental's rating: 1321 → 1343(+22 for winning)
|l|☆BeatrizPinzon
|player|p1|
