|j|☆ConnerTEP
|j|☆UndeadParadox
|html|ConnerTEPUndeadParadox    
|uhtml|bestof|Game 2 of a best-of-3
|t:|1756875510
|gametype|doubles
|player|p1|ConnerTEP|clair-masters|1386
|player|p2|UndeadParadox|guitarist|1335
|gen|9
|tier|[Gen 9] VGC 2025 Reg H (Bo3)
|rated|
|rule|Species Clause: Limit one of each Pokémon
|rule|Item Clause: Limit 1 of each item
|clearpoke
|poke|p1|Tyranitar, L50, M|
|poke|p1|Excadrill, L50, M|
|poke|p1|Volcarona, L50, M|
|poke|p1|Sinistcha, L50|
|poke|p1|Corviknight, L50, F|
|poke|p1|Electabuzz, L50, F|
|poke|p2|Sneasler, L50, F|
|poke|p2|Rillaboom, L50, M|
|poke|p2|Incineroar, L50, M|
|poke|p2|Gholdengo, L50|
|poke|p2|Hydreigon, L50, F|
|poke|p2|Gengar, L50, M|
|teampreview|4
|showteam|p1|Tyranitar||AssaultVest|SandStream|RockSlide,KnockOff,TeraBlast,LowKick|||M|||50|,,,,,Flying]Excadrill||FocusSash|SandRush|Earthquake,HighHorsepower,IronHead,Protect|||M|||50|,,,,,Ghost]Volcarona||Leftovers|FlameBody|HeatWave,TeraBlast,QuiverDance,Protect|||M|||50|,,,,,Fairy]Sinistcha||RockyHelmet|Hospitality|MatchaGotcha,StrengthSap,RagePowder,TrickRoom||||||50|,,,,,Dark]Corviknight||SafetyGoggles|MirrorArmor|BraveBird,PowerTrip,BulkUp,Roost|||F|||50|,,,,,Dragon]Electabuzz||Eviolite|VitalSpirit|Electroweb,Taunt,FollowMe,Protect|||F|||50|,,,,,Flying
|showteam|p2|Sneasler||GrassySeed|Unburden|CloseCombat,DireClaw,Acrobatics,Protect|||F|||50|,,,,,Flying]Rillaboom||AssaultVest|GrassySurge|WoodHammer,GrassyGlide,FakeOut,HighHorsepower|||M|||50|,,,,,Fire]Incineroar||SafetyGoggles|Intimidate|FlareBlitz,KnockOff,PartingShot,FakeOut|||M|||50|,,,,,Ghost]Gholdengo||MetalCoat|GoodasGold|Protect,MakeItRain,ShadowBall,NastyPlot||||||50|,,,,,Water]Hydreigon||LifeOrb|Levitate|Flamethrower,DracoMeteor,DarkPulse,Protect|||F|||50|,,,,,Fire]Gengar||FocusSash|CursedBody|ShadowBall,Haze,Taunt,IcyWind|||M|||50|,,,,,Ghost
|inactive|Battle timer is ON: inactive players will automatically lose when time's up. (requested by ConnerTEP)
|inactive|ConnerTEP has 60 seconds left.
|
|t:|1756875552
|teamsize|p1|4
|teamsize|p2|4
|start
|switch|p1a: Volcarona|Volcarona, L50, M|100/100
|switch|p1b: Corviknight|Corviknight, L50, F|100/100
|switch|p2a: Gengar|Gengar, L50, M|100/100
|switch|p2b: Hydreigon|Hydreigon, L50, F, shiny|100/100
|turn|1
|
|t:|1756875573
|switch|p1b: Tyranitar|Tyranitar, L50, M|100/100
|-weather|Sandstorm|[from] ability: Sand Stream|[of] p1b: Tyranitar
|-terastallize|p2b: Hydreigon|Fire
|-terastallize|p1a: Volcarona|Fairy
|move|p2a: Gengar|Taunt|p1a: Volcarona
|-start|p1a: Volcarona|move: Taunt
|move|p2b: Hydreigon|Flamethrower|p1b: Tyranitar
|-resisted|p1b: Tyranitar
|-damage|p1b: Tyranitar|87/100
|-damage|p2b: Hydreigon|91/100|[from] item: Life Orb
|move|p1a: Volcarona|Tera Blast|p2b: Hydreigon|[anim] Tera Blast Fairy
|-resisted|p2b: Hydreigon
|-damage|p2b: Hydreigon|70/100
|
|-weather|Sandstorm|[upkeep]
|-damage|p2a: Gengar|95/100|[from] Sandstorm
|-damage|p2b: Hydreigon|64/100|[from] Sandstorm
|-damage|p1a: Volcarona|94/100|[from] Sandstorm
|-heal|p1a: Volcarona|100/100|[from] item: Leftovers
|upkeep
|turn|2
|inactive|UndeadParadox has 30 seconds left.
|inactive|UndeadParadox has 20 seconds left.
|
|t:|1756875608
|switch|p2b: Rillaboom|Rillaboom, L50, M|100/100
|-fieldstart|move: Grassy Terrain|[from] ability: Grassy Surge|[of] p2b: Rillaboom
|move|p2a: Gengar|Icy Wind|p1a: Volcarona|[spread] p1a,p1b
|-damage|p1a: Volcarona|89/100
|-damage|p1b: Tyranitar|81/100
|-unboost|p1a: Volcarona|spe|1
|-unboost|p1b: Tyranitar|spe|1
|move|p1a: Volcarona|Heat Wave|p2a: Gengar|[spread] p2a,p2b
|-supereffective|p2b: Rillaboom
|-damage|p2a: Gengar|45/100
|-damage|p2b: Rillaboom|49/100
|-start|p1a: Volcarona|Disable|Heat Wave|[from] ability: Cursed Body|[of] p2a: Gengar
|move|p1b: Tyranitar|Rock Slide|p2b: Rillaboom|[spread] p2b
|-miss|p1b: Tyranitar|p2a: Gengar
|-damage|p2b: Rillaboom|20/100
|
|-weather|Sandstorm|[upkeep]
|-damage|p2a: Gengar|39/100|[from] Sandstorm
|-damage|p2b: Rillaboom|14/100|[from] Sandstorm
|-damage|p1a: Volcarona|82/100|[from] Sandstorm
|-heal|p2a: Gengar|45/100|[from] Grassy Terrain
|-heal|p2b: Rillaboom|20/100|[from] Grassy Terrain
|-heal|p1a: Volcarona|89/100|[from] Grassy Terrain
|-heal|p1a: Volcarona|95/100|[from] item: Leftovers
|-heal|p1b: Tyranitar|87/100|[from] Grassy Terrain
|upkeep
|turn|3
|inactive|UndeadParadox has 30 seconds left.
|
|t:|1756875640
|switch|p1b: Corviknight|Corviknight, L50, F|100/100
|move|p2a: Gengar|Shadow Ball|p1b: Corviknight
|-damage|p1b: Corviknight|74/100
|move|p2b: Rillaboom|Wood Hammer|p1b: Corviknight
|-resisted|p1b: Corviknight
|-damage|p1b: Corviknight|57/100
|-damage|p2b: Rillaboom|14/100|[from] Recoil
|move|p1a: Volcarona|Tera Blast|p2b: Rillaboom|[anim] Tera Blast Fairy
|-damage|p2b: Rillaboom|0 fnt
|faint|p2b: Rillaboom
|
|-weather|Sandstorm|[upkeep]
|-damage|p2a: Gengar|39/100|[from] Sandstorm
|-damage|p1a: Volcarona|89/100|[from] Sandstorm
|-heal|p2a: Gengar|45/100|[from] Grassy Terrain
|-heal|p1a: Volcarona|95/100|[from] Grassy Terrain
|-heal|p1a: Volcarona|100/100|[from] item: Leftovers
|-end|p1a: Volcarona|move: Taunt
|upkeep
|
|t:|1756875650
|switch|p2b: Hydreigon|Hydreigon, L50, F, shiny, tera:Fire|64/100
|turn|4
|
|t:|1756875665
|switch|p1b: Tyranitar|Tyranitar, L50, M|87/100
|move|p2a: Gengar|Taunt|p1a: Volcarona
|-start|p1a: Volcarona|move: Taunt
|move|p2b: Hydreigon|Draco Meteor|p1b: Tyranitar
|-damage|p1b: Tyranitar|51/100
|-unboost|p2b: Hydreigon|spa|2
|-damage|p2b: Hydreigon|55/100|[from] item: Life Orb
|move|p1a: Volcarona|Tera Blast|p2b: Hydreigon|[anim] Tera Blast Fairy
|-resisted|p2b: Hydreigon
|-damage|p2b: Hydreigon|31/100
|
|-weather|Sandstorm|[upkeep]
|-damage|p2a: Gengar|39/100|[from] Sandstorm
|-damage|p2b: Hydreigon|25/100|[from] Sandstorm
|-damage|p1a: Volcarona|94/100|[from] Sandstorm
|-heal|p2a: Gengar|45/100|[from] Grassy Terrain
|-heal|p1b: Tyranitar|57/100|[from] Grassy Terrain
|-heal|p1a: Volcarona|100/100|[from] Grassy Terrain
|upkeep
|turn|5
|
|t:|1756875687
|switch|p2b: Sneasler|Sneasler, L50, F, shiny|100/100
|-enditem|p2b: Sneasler|Grassy Seed
|-boost|p2b: Sneasler|def|1|[from] item: Grassy Seed
|move|p2a: Gengar|Icy Wind|p1b: Tyranitar|[spread] p1a,p1b
|-damage|p1a: Volcarona|90/100
|-damage|p1b: Tyranitar|51/100
|-unboost|p1a: Volcarona|spe|1
|-unboost|p1b: Tyranitar|spe|1
|move|p1b: Tyranitar|Rock Slide|p2b: Sneasler|[spread] p2a,p2b
|-resisted|p2b: Sneasler
|-damage|p2a: Gengar|0 fnt
|-damage|p2b: Sneasler|83/100
|faint|p2a: Gengar
|move|p1a: Volcarona|Tera Blast|p2b: Sneasler|[anim] Tera Blast Fairy
|-damage|p2b: Sneasler|32/100
|
|-weather|none
|-heal|p2b: Sneasler|38/100|[from] Grassy Terrain
|-heal|p1b: Tyranitar|57/100|[from] Grassy Terrain
|-heal|p1a: Volcarona|96/100|[from] Grassy Terrain
|-heal|p1a: Volcarona|100/100|[from] item: Leftovers
|-end|p1a: Volcarona|Disable
|upkeep
|
|t:|1756875697
|switch|p2a: Hydreigon|Hydreigon, L50, F, shiny, tera:Fire|25/100
|turn|6
|
|t:|1756875711
|move|p2a: Hydreigon|Protect|p2a: Hydreigon
|-singleturn|p2a: Hydreigon|Protect
|move|p2b: Sneasler|Dire Claw|p1a: Volcarona
|-supereffective|p1a: Volcarona
|-damage|p1a: Volcarona|6/100
|-status|p2b: Sneasler|brn|[from] ability: Flame Body|[of] p1a: Volcarona
|move|p1b: Tyranitar|Rock Slide|p2b: Sneasler|[spread] p2b
|-activate|p2a: Hydreigon|move: Protect
|-resisted|p2b: Sneasler
|-damage|p2b: Sneasler|20/100 brn
|move|p1a: Volcarona|Heat Wave|p2b: Sneasler|[spread] p2b
|-activate|p2a: Hydreigon|move: Protect
|-damage|p2b: Sneasler|0 fnt
|faint|p2b: Sneasler
|
|-heal|p1b: Tyranitar|64/100|[from] Grassy Terrain
|-heal|p1a: Volcarona|12/100|[from] Grassy Terrain
|-heal|p1a: Volcarona|18/100|[from] item: Leftovers
|-end|p1a: Volcarona|move: Taunt
|-fieldend|move: Grassy Terrain
|upkeep
|turn|7
|-message|UndeadParadox forfeited.
|
|win|ConnerTEP
||UndeadParadox is ready for game 3.
||ConnerTEP is ready for game 3.
|uhtml|next|Next: Game 3 of 3
