|j|☆GrovyleSSJ
|j|☆megafraudette
|html|GrovyleSSJmegafraudette    
|uhtml|bestof|Game 1 of a best-of-3
|t:|1782643300
|gametype|doubles
|player|p1|GrovyleSSJ|1|1336
|player|p2|megafraudette|169|1399
|gen|9
|tier|[Gen 9 Champions] VGC 2026 Reg M-B (Bo3)
|rated|
|rule|Species Clause: Limit one of each Pokémon
|rule|Item Clause: Limit 1 of each item
|clearpoke
|poke|p1|Gengar, L50, F|
|poke|p1|Incineroar, L50, M|
|poke|p1|Ninetales-Alola, L50, F|
|poke|p1|Snorlax, L50, M|
|poke|p1|Dragonite, L50, F|
|poke|p1|Sneasler, L50, F|
|poke|p2|Floette-Eternal, L50, F|
|poke|p2|Whimsicott, L50, M|
|poke|p2|Basculegion, L50, M|
|poke|p2|Farigiraf, L50, M|
|poke|p2|Kingambit, L50, M|
|poke|p2|Arcanine-Hisui, L50, M|
|teampreview|4
|showteam|p1|Gengar||Gengarite|CursedBody|Protect,PerishSong,SludgeBomb,ShadowBall|Timid||F|||50|]Incineroar||SitrusBerry|Intimidate|FakeOut,PartingShot,FlareBlitz,Protect|Sassy||M|||50|]Ninetales-Alola||FocusSash|SnowWarning|Protect,Encore,Disable,Blizzard|Timid||F|||50|]Snorlax||Leftovers|ThickFat|Protect,Yawn,Encore,HighHorsepower|Relaxed||M|||50|]Dragonite||DragonFang|Multiscale|Protect,LowKick,ExtremeSpeed,DragonClaw|Adamant||F|||50|]Sneasler||WhiteHerb|Unburden|Protect,FakeOut,CloseCombat,DireClaw|Adamant||F|||50|
|showteam|p2|Floette-Eternal||Floettite|FlowerVeil|Moonblast,DazzlingGleam,LightofRuin,Protect|Modest||F|||50|]Whimsicott||FairyFeather|Prankster|Moonblast,Encore,Tailwind,Protect|Bold||M|||50|]Basculegion||LifeOrb|Adaptability|WaveCrash,AquaJet,LastRespects,Protect|Jolly||M|||50|]Farigiraf||ColburBerry|ArmorTail|Psyshock,TrickRoom,HelpingHand,Imprison|Calm||M|||50|]Kingambit||BlackGlasses|Defiant|KowtowCleave,SuckerPunch,IronHead,Protect|Adamant||M|||50|]Arcanine-Hisui||FocusSash|RockHead|FlareBlitz,HeadSmash,ExtremeSpeed,Protect|Jolly||M|||50|
|inactive|Battle timer is ON: inactive players will automatically lose when time's up. (requested by GrovyleSSJ)
|inactive|megafraudette has 60 seconds left.
|
|t:|1782643350
|teamsize|p1|4
|teamsize|p2|4
|start
|switch|p1a: Gengar|Gengar, L50, F|100/100
|switch|p1b: Sneasler|Sneasler, L50, F|100/100
|switch|p2a: Floette|Floette-Eternal, L50, F|100/100
|switch|p2b: Whimsicott|Whimsicott, L50, M|100/100
|turn|1
|inactive|GrovyleSSJ has 30 seconds left.
|
|t:|1782643375
|detailschange|p1a: Gengar|Gengar-Mega, L50, F
|-mega|p1a: Gengar|Gengar|Gengarite
|detailschange|p2a: Floette|Floette-Mega, L50, F
|-mega|p2a: Floette|Floette|Floettite
|-ability|p2a: Floette|Fairy Aura
|move|p2b: Whimsicott|Tailwind|p2b: Whimsicott
|-sidestart|p2: megafraudette|move: Tailwind
|move|p2a: Floette|Moonblast|p1b: Sneasler
|-damage|p1b: Sneasler|0 fnt
|faint|p1b: Sneasler
|move|p1a: Gengar|Sludge Bomb|p2b: Whimsicott
|-supereffective|p2b: Whimsicott|2
|-damage|p2b: Whimsicott|0 fnt
|faint|p2b: Whimsicott
|
|upkeep
|
|t:|1782643390
|switch|p1b: Incineroar|Incineroar, L50, M|100/100
|switch|p2b: Kingambit|Kingambit, L50, M|100/100
|-ability|p1b: Incineroar|Intimidate|boost
|-unboost|p2a: Floette|atk|1
|-unboost|p2b: Kingambit|atk|1
|-ability|p2b: Kingambit|Defiant|boost
|-boost|p2b: Kingambit|atk|2
|turn|2
|
|t:|1782643400
|move|p1b: Incineroar|Fake Out|p2b: Kingambit
|-resisted|p2b: Kingambit|1
|-damage|p2b: Kingambit|95/100
|move|p2a: Floette|Dazzling Gleam|p1a: Gengar|[spread] p1a,p1b
|-resisted|p1a: Gengar|1
|-damage|p1a: Gengar|69/100
|-damage|p1b: Incineroar|62/100
|move|p1a: Gengar|Perish Song|p1a: Gengar
|-start|p1a: Gengar|perish3|[silent]
|-start|p1b: Incineroar|perish3|[silent]
|-start|p2a: Floette|perish3|[silent]
|-start|p2b: Kingambit|perish3|[silent]
|-fieldactivate|move: Perish Song
|cant|p2b: Kingambit|flinch
|
|-start|p2a: Floette|perish3
|-start|p1a: Gengar|perish3
|-start|p2b: Kingambit|perish3
|-start|p1b: Incineroar|perish3
|upkeep
|turn|3
|
|t:|1782643420
|move|p1a: Gengar|Protect|p1a: Gengar
|-singleturn|p1a: Gengar|Protect
|move|p1b: Incineroar|Protect|p1b: Incineroar
|-singleturn|p1b: Incineroar|Protect
|move|p2a: Floette|Moonblast|p1b: Incineroar
|-activate|p1b: Incineroar|move: Protect
|move|p2b: Kingambit|Kowtow Cleave|p1a: Gengar
|-activate|p1a: Gengar|move: Protect
|
|-start|p2a: Floette|perish2
|-start|p1a: Gengar|perish2
|-start|p2b: Kingambit|perish2
|-start|p1b: Incineroar|perish2
|upkeep
|turn|4
|
|t:|1782643431
|switch|p1a: Snorlax|Snorlax, L50, M|100/100
|move|p2a: Floette|Moonblast|p1b: Incineroar
|-damage|p1b: Incineroar|0 fnt
|faint|p1b: Incineroar
|move|p2b: Kingambit|Kowtow Cleave|p1a: Snorlax
|-damage|p1a: Snorlax|46/100
|
|-heal|p1a: Snorlax|52/100|[from] item: Leftovers
|-start|p2a: Floette|perish1
|-start|p2b: Kingambit|perish1
|-sideend|p2: megafraudette|move: Tailwind
|upkeep
|
|t:|1782643443
|switch|p1b: Gengar|Gengar-Mega, L50, F|69/100
|turn|5
|
|t:|1782643451
|move|p1b: Gengar|Protect|p1b: Gengar
|-singleturn|p1b: Gengar|Protect
|move|p1a: Snorlax|Protect|p1a: Snorlax
|-singleturn|p1a: Snorlax|Protect
|move|p2b: Kingambit|Sucker Punch||[still]
|-fail|p2b: Kingambit
|move|p2a: Floette|Light of Ruin|p1a: Snorlax
|-activate|p1a: Snorlax|move: Protect
|
|-heal|p1a: Snorlax|58/100|[from] item: Leftovers
|-start|p2a: Floette|perish0
|-start|p2b: Kingambit|perish0
|faint|p2a: Floette
|faint|p2b: Kingambit
|upkeep
|
|t:|1782643453
|switch|p2b: Arcanine|Arcanine-Hisui, L50, M|100/100
|turn|6
|
|t:|1782643477
|move|p1b: Gengar|Shadow Ball|p2b: Arcanine
|-damage|p2b: Arcanine|44/100
|-unboost|p2b: Arcanine|spd|1
|move|p2b: Arcanine|Head Smash|p1a: Snorlax|[miss]
|-miss|p2b: Arcanine|p1a: Snorlax
|move|p1a: Snorlax|Yawn|p2b: Arcanine
|-start|p2b: Arcanine|move: Yawn|[of] p1a: Snorlax
|
|-heal|p1a: Snorlax|64/100|[from] item: Leftovers
|upkeep
|turn|7
|
|t:|1782643486
|move|p1b: Gengar|Protect|p1b: Gengar
|-singleturn|p1b: Gengar|Protect
|move|p1a: Snorlax|Protect|p1a: Snorlax
|-singleturn|p1a: Snorlax|Protect
|move|p2b: Arcanine|Extreme Speed|p1a: Snorlax
|-activate|p1a: Snorlax|move: Protect
|
|-heal|p1a: Snorlax|70/100|[from] item: Leftovers
|-end|p2b: Arcanine|move: Yawn|[silent]
|-status|p2b: Arcanine|slp
|upkeep
|turn|8
|
|t:|1782643492
|move|p1b: Gengar|Shadow Ball|p2b: Arcanine
|-damage|p2b: Arcanine|0 fnt
|faint|p2b: Arcanine
|
|win|GrovyleSSJ
||megafraudette is ready for game 2.
||GrovyleSSJ is ready for game 2.
|uhtml|next|Next: Game 2 of 3
|l|☆megafraudette
|player|p2|
