|j|☆Jaylek
|j|☆aliciadoors
|html|Jaylekaliciadoors    
|uhtml|bestof|Game 1 of a best-of-3
|t:|1757905487
|gametype|doubles
|player|p1|Jaylek|aaron|1223
|player|p2|aliciadoors|jasmine|1425
|gen|9
|tier|[Gen 9] VGC 2025 Reg H (Bo3)
|rated|
|rule|Species Clause: Limit one of each Pokémon
|rule|Item Clause: Limit 1 of each item
|clearpoke
|poke|p1|Basculegion, L50, M|
|poke|p1|Volcarona, L50, M|
|poke|p1|Ursaluna-Bloodmoon, L50, M|
|poke|p1|Rillaboom, L50, F|
|poke|p1|Hitmontop, L50, M|
|poke|p1|Sneasler, L50, M|
|poke|p2|Tyranitar, L50, F|
|poke|p2|Excadrill, L50, M|
|poke|p2|Corviknight, L50, F|
|poke|p2|Indeedee, L50, M|
|poke|p2|Sneasler, L50, M|
|poke|p2|Archaludon, L50, M|
|teampreview|4
|showteam|p1|Basculegion||ChoiceScarf|Adaptability|WaveCrash,LastRespects,TeraBlast,FlipTurn|||M|||50|,,,,,Fairy]Volcarona||CovertCloak|FlameBody|HeatWave,TeraBlast,Protect,QuiverDance|||M|||50|,,,,,Fairy]Ursaluna-Bloodmoon||LifeOrb|MindsEye|BloodMoon,EarthPower,HyperVoice,Protect|||M|||50|,,,,,Ghost]Rillaboom||AssaultVest|GrassySurge|WoodHammer,HighHorsepower,GrassyGlide,FakeOut|||F|||50|,,,,,Dragon]Hitmontop||ClearAmulet|Intimidate|CloseCombat,WideGuard,Feint,FakeOut|||M|||50|,,,,,Dark]Sneasler||GrassySeed|Unburden|DireClaw,CloseCombat,Acrobatics,FakeOut|||M|||50|,,,,,Dark
|showteam|p2|Tyranitar||AssaultVest|SandStream|RockSlide,KnockOff,TeraBlast,LowKick|||F|||50|,,,,,Flying]Excadrill||FocusSash|SandRush|Earthquake,HighHorsepower,IronHead,Protect|||M|||50|,,,,,Ground]Corviknight||SitrusBerry|MirrorArmor|BraveBird,Tailwind,BulkUp,Roost|||F|||50|,,,,,Dragon]Indeedee||ChoiceScarf|PsychicSurge|ExpandingForce,TeraBlast,Trick,Protect|||M|||50|,,,,,Psychic]Sneasler||PsychicSeed|Unburden|CloseCombat,DireClaw,ThroatChop,Protect|||M|||50|,,,,,Stellar]Archaludon||PowerHerb|Sturdy|FlashCannon,DracoMeteor,ElectroShot,Protect|||M|||50|,,,,,Stellar
|inactive|Battle timer is ON: inactive players will automatically lose when time's up. (requested by aliciadoors)
|inactive|Jaylek has 60 seconds left.
|inactive|aliciadoors has 60 seconds left.
|inactive|aliciadoors has 30 seconds left.
|inactive|aliciadoors has 20 seconds left.
|inactive|aliciadoors has 15 seconds left.
|inactive|aliciadoors has 10 seconds left.
|
|t:|1757905570
|teamsize|p1|4
|teamsize|p2|4
|start
|switch|p1a: Basculegion|Basculegion, L50, M|100/100
|switch|p1b: Rillaboom|Rillaboom, L50, F|100/100
|switch|p2a: Corviknight|Corviknight, L50, F|100/100
|switch|p2b: Archaludon|Archaludon, L50, M|100/100
|-fieldstart|move: Grassy Terrain|[from] ability: Grassy Surge|[of] p1b: Rillaboom
|turn|1
|inactive|Jaylek has 30 seconds left.
|
|t:|1757905596
|switch|p1b: Ursaluna|Ursaluna-Bloodmoon, L50, M|100/100
|move|p2b: Archaludon|Protect|p2b: Archaludon
|-singleturn|p2b: Archaludon|Protect
|move|p1a: Basculegion|Flip Turn|p2a: Corviknight
|-damage|p2a: Corviknight|68/100
|
|t:|1757905601
|switch|p1a: Sneasler|Sneasler, L50, M|100/100|[from] Flip Turn
|-enditem|p1a: Sneasler|Grassy Seed
|-boost|p1a: Sneasler|def|1|[from] item: Grassy Seed
|move|p2a: Corviknight|Tailwind|p2a: Corviknight
|-sidestart|p2: aliciadoors|move: Tailwind
|
|upkeep
|turn|2
|inactive|aliciadoors has 30 seconds left.
|
|t:|1757905627
|switch|p2a: Indeedee|Indeedee, L50, M|100/100
|-fieldstart|move: Psychic Terrain|[from] ability: Psychic Surge|[of] p2a: Indeedee
|move|p1a: Sneasler|Close Combat|p2b: Archaludon
|-supereffective|p2b: Archaludon
|-ability|p2b: Archaludon|Sturdy
|-damage|p2b: Archaludon|1/100
|-unboost|p1a: Sneasler|def|1
|-unboost|p1a: Sneasler|spd|1
|move|p2b: Archaludon|Electro Shot||[still]
|-prepare|p2b: Archaludon|Electro Shot
|-boost|p2b: Archaludon|spa|1
|-enditem|p2b: Archaludon|Power Herb
|-anim|p2b: Archaludon|Electro Shot|p1a: Sneasler
|-damage|p1a: Sneasler|0 fnt
|faint|p1a: Sneasler
|move|p1b: Ursaluna|Earth Power|p2b: Archaludon
|-supereffective|p2b: Archaludon
|-damage|p2b: Archaludon|0 fnt
|faint|p2b: Archaludon
|-damage|p1b: Ursaluna|90/100|[from] item: Life Orb
|
|upkeep
|
|t:|1757905646
|switch|p1a: Rillaboom|Rillaboom, L50, F|100/100
|switch|p2b: Sneasler|Sneasler, L50, M|100/100
|-fieldstart|move: Grassy Terrain|[from] ability: Grassy Surge|[of] p1a: Rillaboom
|turn|3
|
|t:|1757905664
|switch|p2a: Corviknight|Corviknight, L50, F|68/100
|-terastallize|p1b: Ursaluna|Ghost
|move|p2b: Sneasler|Protect|p2b: Sneasler
|-singleturn|p2b: Sneasler|Protect
|move|p1a: Rillaboom|Fake Out|p2b: Sneasler
|-activate|p2b: Sneasler|move: Protect
|move|p1b: Ursaluna|Hyper Voice|p2a: Corviknight|[spread] p2a
|-activate|p2b: Sneasler|move: Protect
|-resisted|p2a: Corviknight
|-damage|p2a: Corviknight|49/100
|-enditem|p2a: Corviknight|Sitrus Berry|[eat]
|-heal|p2a: Corviknight|74/100|[from] item: Sitrus Berry
|-damage|p1b: Ursaluna|80/100|[from] item: Life Orb
|
|-heal|p1b: Ursaluna|86/100|[from] Grassy Terrain
|upkeep
|turn|4
|
|t:|1757905685
|switch|p1a: Basculegion|Basculegion, L50, M|100/100
|-terastallize|p2b: Sneasler|Stellar
|move|p2b: Sneasler|Dire Claw|p1a: Basculegion
|-resisted|p1a: Basculegion
|-damage|p1a: Basculegion|66/100
|move|p2a: Corviknight|Roost|p2a: Corviknight
|-heal|p2a: Corviknight|100/100
|-singleturn|p2a: Corviknight|move: Roost
|move|p1b: Ursaluna|Earth Power|p2b: Sneasler
|-supereffective|p2b: Sneasler
|-damage|p2b: Sneasler|0 fnt
|faint|p2b: Sneasler
|-damage|p1b: Ursaluna|76/100|[from] item: Life Orb
|
|-heal|p1a: Basculegion|72/100|[from] Grassy Terrain
|-heal|p1b: Ursaluna|82/100|[from] Grassy Terrain
|-sideend|p2: aliciadoors|move: Tailwind
|upkeep
|
|t:|1757905697
|switch|p2b: Indeedee|Indeedee, L50, M|100/100
|-fieldstart|move: Psychic Terrain|[from] ability: Psychic Surge|[of] p2b: Indeedee
|turn|5
|
|t:|1757905710
|switch|p1a: Rillaboom|Rillaboom, L50, F|100/100
|-fieldstart|move: Grassy Terrain|[from] ability: Grassy Surge|[of] p1a: Rillaboom
|move|p2b: Indeedee|Expanding Force|p1a: Rillaboom
|-damage|p1a: Rillaboom|68/100
|move|p2a: Corviknight|Brave Bird|p1a: Rillaboom
|-supereffective|p1a: Rillaboom
|-damage|p1a: Rillaboom|0 fnt
|faint|p1a: Rillaboom
|-damage|p2a: Corviknight|78/100|[from] Recoil
|move|p1b: Ursaluna|Blood Moon|p2b: Indeedee
|-damage|p2b: Indeedee|0 fnt
|faint|p2b: Indeedee
|-damage|p1b: Ursaluna|72/100|[from] item: Life Orb
|
|-heal|p1b: Ursaluna|78/100|[from] Grassy Terrain
|upkeep
|
|t:|1757905716
|switch|p1a: Basculegion|Basculegion, L50, M|72/100
|turn|6
|
|t:|1757905726
|move|p1a: Basculegion|Last Respects|p2a: Corviknight
|-damage|p2a: Corviknight|5/100
|move|p2a: Corviknight|Roost|p2a: Corviknight
|-heal|p2a: Corviknight|55/100
|-singleturn|p2a: Corviknight|move: Roost
|move|p1b: Ursaluna|Hyper Voice|p2a: Corviknight
|-resisted|p2a: Corviknight
|-damage|p2a: Corviknight|29/100
|-damage|p1b: Ursaluna|68/100|[from] item: Life Orb
|
|-heal|p1a: Basculegion|79/100|[from] Grassy Terrain
|-heal|p2a: Corviknight|35/100|[from] Grassy Terrain
|-heal|p1b: Ursaluna|74/100|[from] Grassy Terrain
|upkeep
|turn|7
|-message|aliciadoors forfeited.
|
|win|Jaylek
||aliciadoors is ready for game 2.
||Jaylek is ready for game 2.
|uhtml|next|Next: Game 2 of 3
|l|☆aliciadoors
|player|p2|
|l|☆Jaylek
|player|p1|
