|j|☆Spartwin
|j|☆lordtentacle69
|html|Spartwinlordtentacle69    
|uhtml|bestof|Game 3 of a best-of-3
|t:|1783052447
|gametype|doubles
|player|p1|Spartwin|doctor|1082
|player|p2|lordtentacle69|corbeau|1215
|gen|9
|tier|[Gen 9 Champions] VGC 2026 Reg M-B (Bo3)
|rated|
|rule|Species Clause: Limit one of each Pokémon
|rule|Item Clause: Limit 1 of each item
|clearpoke
|poke|p1|Mamoswine, L50, M|
|poke|p1|Raichu, L50, M|
|poke|p1|Pikachu, L50, M|
|poke|p1|Sceptile, L50, M|
|poke|p1|Gliscor, L50, M|
|poke|p1|Rotom-Heat, L50|
|poke|p2|Aerodactyl, L50, F|
|poke|p2|Charizard, L50, F|
|poke|p2|Kingambit, L50, F|
|poke|p2|Sylveon, L50, F|
|poke|p2|Farigiraf, L50, M|
|poke|p2|Garchomp, L50, M|
|teampreview|4
|showteam|p1|Mamoswine||LifeOrb|Oblivious|IceShard,Protect,IcicleSpear,HighHorsepower|Adamant||M|||50|]Raichu||RaichuniteX|LightningRod|RisingVoltage,Discharge,Protect,FakeOut|Timid||M|||50|]Pikachu||LightBall|LightningRod|FakeOut,Discharge,VoltSwitch,GrassKnot|Hasty||M|||50|]Sceptile||Sceptilite|Overgrow|Detect,LeafStorm,EarthPower,RockSlide|Hasty||M|||50|]Gliscor||Leftovers|HyperCutter|HighHorsepower,RockSlide,SwordsDance,Tailwind|Careful||M|||50|]Rotom-Heat||FocusSash|Levitate|Discharge,LightScreen,Overheat,WillOWisp|Calm|||||50|
|showteam|p2|Aerodactyl||Aerodactylite|Unnerve|RockSlide,DualWingbeat,IceFang,Tailwind|Jolly||F|||50|]Charizard||CharizarditeY|Blaze|HeatWave,Protect,SolarBeam,WeatherBall|Modest||F|||50|]Kingambit||FocusSash|Defiant|KowtowCleave,SuckerPunch,LowKick,IronHead|Adamant||F|||50|]Sylveon||FairyFeather|Pixilate|HyperVoice,HyperBeam,QuickAttack,Protect|Modest||F|||50|]Farigiraf||SitrusBerry|ArmorTail|Psychic,Protect,TrickRoom,Thunderbolt|Bold||M|||50|]Garchomp||LifeOrb|RoughSkin|Earthquake,StompingTantrum,DragonClaw,Protect|Jolly||M|||50|
|inactive|Battle timer is ON: inactive players will automatically lose when time's up. (requested by Spartwin)
|
|t:|1783052488
|teamsize|p1|4
|teamsize|p2|4
|start
|switch|p1a: Mamoswine|Mamoswine, L50, M|100/100
|switch|p1b: Rotom|Rotom-Heat, L50|100/100
|switch|p2a: Garchomp|Garchomp, L50, M|100/100
|switch|p2b: Charizard|Charizard, L50, F|100/100
|turn|1
|
|t:|1783052513
|detailschange|p2b: Charizard|Charizard-Mega-Y, L50, F
|-mega|p2b: Charizard|Charizard|Charizardite Y
|-weather|SunnyDay|[from] ability: Drought|[of] p2b: Charizard
|move|p2a: Garchomp|Protect|p2a: Garchomp
|-singleturn|p2a: Garchomp|Protect
|move|p1a: Mamoswine|Ice Shard|p2a: Garchomp
|-activate|p2a: Garchomp|move: Protect
|move|p2b: Charizard|Heat Wave|p1b: Rotom|[spread] p1a,p1b
|-supereffective|p1a: Mamoswine|1
|-resisted|p1b: Rotom|1
|-damage|p1a: Mamoswine|0 fnt
|-damage|p1b: Rotom|75/100
|faint|p1a: Mamoswine
|move|p1b: Rotom|Light Screen|p1b: Rotom
|-sidestart|p1: Spartwin|move: Light Screen
|
|-weather|SunnyDay|[upkeep]
|upkeep
|
|t:|1783052534
|switch|p1a: Sceptile|Sceptile, L50, M|100/100
|turn|2
|
|t:|1783052551
|detailschange|p1a: Sceptile|Sceptile-Mega, L50, M
|-mega|p1a: Sceptile|Sceptile|Sceptilite
|move|p1a: Sceptile|Leaf Storm|p2a: Garchomp
|-damage|p2a: Garchomp|18/100
|-unboost|p1a: Sceptile|spa|2
|move|p2a: Garchomp|Dragon Claw|p1a: Sceptile
|-supereffective|p1a: Sceptile|1
|-damage|p1a: Sceptile|0 fnt
|faint|p1a: Sceptile
|-damage|p2a: Garchomp|9/100|[from] item: Life Orb
|move|p2b: Charizard|Weather Ball|p1b: Rotom
|-resisted|p1b: Rotom|1
|-damage|p1b: Rotom|52/100
|move|p1b: Rotom|Discharge|p2b: Charizard|[spread] p2b
|-immune|p2a: Garchomp
|-supereffective|p2b: Charizard|1
|-damage|p2b: Charizard|56/100
|
|-weather|SunnyDay|[upkeep]
|upkeep
|
|t:|1783052568
|switch|p1a: Gliscor|Gliscor, L50, M|100/100
|turn|3
|
|t:|1783052586
|move|p2a: Garchomp|Dragon Claw|p1a: Gliscor
|-damage|p1a: Gliscor|54/100
|-damage|p2a: Garchomp|0 fnt|[from] item: Life Orb
|faint|p2a: Garchomp
|move|p2b: Charizard|Weather Ball|p1a: Gliscor
|-damage|p1a: Gliscor|0 fnt
|faint|p1a: Gliscor
|move|p1b: Rotom|Discharge|p2b: Charizard
|-supereffective|p2b: Charizard|1
|-damage|p2b: Charizard|1/100
|-status|p2b: Charizard|par
|
|-weather|SunnyDay|[upkeep]
|upkeep
|
|t:|1783052597
|switch|p2a: Farigiraf|Farigiraf, L50, M|100/100
|turn|4
|
|t:|1783052602
|move|p2b: Charizard|Protect|p2b: Charizard
|-singleturn|p2b: Charizard|Protect
|move|p1b: Rotom|Discharge|p2a: Farigiraf|[spread] p2a
|-activate|p2b: Charizard|move: Protect
|-damage|p2a: Farigiraf|80/100
|move|p2a: Farigiraf|Trick Room|p2a: Farigiraf
|-fieldstart|move: Trick Room|[of] p2a: Farigiraf
|
|-weather|SunnyDay|[upkeep]
|upkeep
|turn|5
|
|t:|1783052613
|move|p2b: Charizard|Weather Ball|p1b: Rotom
|-resisted|p1b: Rotom|1
|-damage|p1b: Rotom|29/100
|move|p2a: Farigiraf|Psychic|p1b: Rotom
|-damage|p1b: Rotom|12/100
|move|p1b: Rotom|Discharge|p2b: Charizard|[spread] p2a,p2b
|-supereffective|p2b: Charizard|1
|-damage|p2a: Farigiraf|58/100
|-damage|p2b: Charizard|0 fnt
|faint|p2b: Charizard
|
|-weather|none
|-sideend|p1: Spartwin|move: Light Screen
|upkeep
|
|t:|1783052622
|switch|p2b: Kingambit|Kingambit, L50, F|100/100
|turn|6
|
|t:|1783052627
|move|p2a: Farigiraf|Psychic|p1b: Rotom
|-damage|p1b: Rotom|0 fnt
|faint|p1b: Rotom
|
|win|lordtentacle69
|raw|Spartwin's rating: 1082 → 1068(-14 for losing)
|raw|lordtentacle69's rating: 1215 → 1231(+16 for winning)
