|j|☆car10seduard0
|j|☆shinkahma
|html|car10seduard0shinkahma    
|uhtml|bestof|Game 2 of a best-of-3
|t:|1783901358
|gametype|doubles
|player|p1|car10seduard0|swimmer|
|player|p2|shinkahma|pokemonranger-gen4|
|gen|9
|tier|[Gen 9 Champions] VGC 2026 Reg M-B (Bo3)
|rule|Species Clause: Limit one of each Pokémon
|rule|Item Clause: Limit 1 of each item
|clearpoke
|poke|p1|Charizard, L50, F|
|poke|p1|Venusaur, L50, M|
|poke|p1|Sinistcha, L50|
|poke|p1|Incineroar, L50, F|
|poke|p1|Floette-Eternal, L50, F|
|poke|p1|Garchomp, L50, F|
|poke|p2|Metagross, L50|
|poke|p2|Sneasler, L50, M|
|poke|p2|Floette-Eternal, L50, F|
|poke|p2|Hydreigon, L50, M|
|poke|p2|Incineroar, L50, F|
|poke|p2|Aerodactyl, L50, M|
|teampreview|4
|showteam|p1|Charizard||CharizarditeY|Blaze|HeatWave,Protect,SolarBeam,WeatherBall|Modest||F|||50|]Venusaur||FocusSash|Chlorophyll|SludgeBomb,LeafStorm,Protect,SleepPowder|Timid||M|||50|]Sinistcha||ColburBerry|Hospitality|TrickRoom,Protect,MatchaGotcha,RagePowder|Relaxed|||||50|]Incineroar||SitrusBerry|Intimidate|FlareBlitz,FakeOut,ThroatChop,PartingShot|Careful||F|||50|]Floette-Eternal||Floettite|FlowerVeil|Moonblast,CalmMind,DazzlingGleam,Protect|Modest||F|||50|]Garchomp||ChoiceScarf|RoughSkin|Earthquake,RockSlide,DragonClaw,StompingTantrum|Adamant||F|||50|
|showteam|p2|Metagross||Metagrossite|ClearBody|IronHead,BodyPress,StompingTantrum,Protect|Adamant|||||50|]Sneasler||WhiteHerb|Unburden|Coaching,FakeOut,DireClaw,CloseCombat|Jolly||M|||50|]Floette-Eternal||Floettite|FlowerVeil|DrainingKiss,Protect,CalmMind,DazzlingGleam|Modest||F|||50|]Hydreigon||ChoiceScarf|Levitate|DracoMeteor,Snarl,HeatWave,DarkPulse|Modest||M|||50|]Incineroar||PasshoBerry|Intimidate|FakeOut,PartingShot,FlareBlitz,DarkestLariat|Careful||F|||50|]Aerodactyl||FocusSash|Unnerve|DualWingbeat,WideGuard,Tailwind,RockSlide|Jolly||M|||50|
|inactive|Battle timer is ON: inactive players will automatically lose when time's up. (requested by car10seduard0)
|inactive|shinkahma has 60 seconds left.
|
|t:|1783901392
|teamsize|p1|4
|teamsize|p2|4
|start
|switch|p1a: Floette|Floette-Eternal, L50, F|100/100
|switch|p1b: Garchomp|Garchomp, L50, F|100/100
|switch|p2a: Leito Moonlight|Hydreigon, L50, M|100/100
|switch|p2b: Gatita Golosa|Sneasler, L50, M|100/100
|turn|1
|inactive|shinkahma has 30 seconds left.
|inactive|car10seduard0 has 30 seconds left.
|
|t:|1783901438
|detailschange|p1a: Floette|Floette-Mega, L50, F
|-mega|p1a: Floette|Floette|Floettite
|-ability|p1a: Floette|Fairy Aura
|move|p1b: Garchomp|Stomping Tantrum|p2b: Gatita Golosa
|-supereffective|p2b: Gatita Golosa|1
|-damage|p2b: Gatita Golosa|0 fnt
|faint|p2b: Gatita Golosa
|move|p2a: Leito Moonlight|Snarl|p1a: Floette|[spread] p1b
|-miss|p2a: Leito Moonlight|p1a: Floette
|-damage|p1b: Garchomp|77/100
|-unboost|p1b: Garchomp|spa|1
|move|p1a: Floette|Dazzling Gleam|p2a: Leito Moonlight
|-supereffective|p2a: Leito Moonlight|2
|-damage|p2a: Leito Moonlight|0 fnt
|faint|p2a: Leito Moonlight
|
|upkeep
|inactive|shinkahma has 30 seconds left.
|
|t:|1783901468
|switch|p2b: Pajatactyl|Aerodactyl, L50, M|100/100
|switch|p2a: Metagruesso|Metagross, L50|100/100
|-ability|p2b: Pajatactyl|Unnerve
|turn|2
|
|t:|1783901491
|switch|p1a: Incineroar|Incineroar, L50, F|100/100
|-ability|p1a: Incineroar|Intimidate|boost
|-fail|p2a: Metagruesso|unboost|[from] ability: Clear Body|[of] p2a: Metagruesso
|-unboost|p2b: Pajatactyl|atk|1
|detailschange|p2a: Metagruesso|Metagross-Mega, L50
|-mega|p2a: Metagruesso|Metagross|Metagrossite
|move|p2a: Metagruesso|Protect|p2a: Metagruesso
|-singleturn|p2a: Metagruesso|Protect
|move|p1b: Garchomp|Stomping Tantrum|p2a: Metagruesso
|-activate|p2a: Metagruesso|move: Protect
|move|p2b: Pajatactyl|Tailwind|p2b: Pajatactyl
|-sidestart|p2: shinkahma|move: Tailwind
|
|upkeep
|turn|3
|inactive|shinkahma has 30 seconds left.
|
|t:|1783901526
|move|p1a: Incineroar|Fake Out|p2a: Metagruesso
|-resisted|p2a: Metagruesso|1
|-damage|p2a: Metagruesso|95/100
|move|p2b: Pajatactyl|Rock Slide|p1a: Incineroar|[spread] p1a,p1b
|-supereffective|p1a: Incineroar|1
|-resisted|p1b: Garchomp|1
|-damage|p1a: Incineroar|70/100
|-damage|p1b: Garchomp|68/100
|cant|p2a: Metagruesso|flinch
|move|p1b: Garchomp|Stomping Tantrum|p2a: Metagruesso
|-supereffective|p2a: Metagruesso|1
|-damage|p2a: Metagruesso|30/100
|
|upkeep
|turn|4
|
|t:|1783901545
|switch|p1a: Sinistcha|Sinistcha, L50|100/100
|-heal|p1b: Garchomp|93/100|[from] ability: Hospitality|[of] p1a: Sinistcha
|move|p2b: Pajatactyl|Rock Slide|p1a: Sinistcha|[spread] p1a,p1b
|-resisted|p1b: Garchomp|1
|-damage|p1a: Sinistcha|84/100
|-damage|p1b: Garchomp|86/100
|move|p2a: Metagruesso|Iron Head|p1b: Garchomp
|-damage|p1b: Garchomp|25/100
|-damage|p2a: Metagruesso|18/100|[from] ability: Rough Skin|[of] p1b: Garchomp
|cant|p1b: Garchomp|flinch
|
|upkeep
|turn|5
|
|t:|1783901569
|move|p2b: Pajatactyl|Dual Wingbeat|p1b: Garchomp
|-damage|p1b: Garchomp|11/100
|-damage|p2b: Pajatactyl|87/100|[from] ability: Rough Skin|[of] p1b: Garchomp
|-damage|p1b: Garchomp|1/100
|-damage|p2b: Pajatactyl|75/100|[from] ability: Rough Skin|[of] p1b: Garchomp
|-hitcount|p1b: Garchomp|2
|move|p2a: Metagruesso|Iron Head|p1a: Sinistcha
|-damage|p1a: Sinistcha|27/100
|move|p1b: Garchomp|Stomping Tantrum|p2a: Metagruesso
|-supereffective|p2a: Metagruesso|1
|-damage|p2a: Metagruesso|0 fnt
|faint|p2a: Metagruesso
|move|p1a: Sinistcha|Trick Room|p1a: Sinistcha
|-fieldstart|move: Trick Room|[of] p1a: Sinistcha
|
|-sideend|p2: shinkahma|move: Tailwind
|upkeep
|turn|6
|
|t:|1783901583
|switch|p1b: Incineroar|Incineroar, L50, F|70/100
|-ability|p1b: Incineroar|Intimidate|boost
|-unboost|p2b: Pajatactyl|atk|1
|move|p1a: Sinistcha|Matcha Gotcha|p2b: Pajatactyl
|-damage|p2b: Pajatactyl|33/100
|-heal|p1a: Sinistcha|46/100|[from] drain|[of] p2b: Pajatactyl
|move|p2b: Pajatactyl|Rock Slide|p1b: Incineroar|[spread] p1a
|-miss|p2b: Pajatactyl|p1b: Incineroar
|-damage|p1a: Sinistcha|36/100
|
|upkeep
|turn|7
|
|t:|1783901589
|move|p1a: Sinistcha|Matcha Gotcha|p2b: Pajatactyl
|-damage|p2b: Pajatactyl|0 fnt
|-heal|p1a: Sinistcha|51/100|[from] drain|[of] p2b: Pajatactyl
|faint|p2b: Pajatactyl
|
|win|car10seduard0
|l|☆shinkahma
|player|p2|
