|j|☆Beeetch
|j|☆epic17x
|html|Beeetchepic17x    
|uhtml|bestof|Game 3 of a best-of-3
|t:|1756927906
|gametype|doubles
|player|p1|Beeetch|beauty-gen4dp|1306
|player|p2|epic17x|steven|1395
|gen|9
|tier|[Gen 9] VGC 2025 Reg H (Bo3)
|rated|
|rule|Species Clause: Limit one of each Pokémon
|rule|Item Clause: Limit 1 of each item
|clearpoke
|poke|p1|Excadrill, L50, M|
|poke|p1|Tyranitar, L50, M|
|poke|p1|Sneasler, L50, M|
|poke|p1|Indeedee, L50, M|
|poke|p1|Corviknight, L50, M|
|poke|p1|Annihilape, L50, F|
|poke|p2|Ninetales-Alola, L50, M|
|poke|p2|Rillaboom, L50, M|
|poke|p2|Magmar, L50, F|
|poke|p2|Sneasler, L50, M|
|poke|p2|Kingambit, L50, F|
|poke|p2|Basculegion, L50, M|
|teampreview|4
|showteam|p1|Excadrill||FocusSash|SandRush|IronHead,HighHorsepower,Earthquake,Protect|||M|||50|,,,,,Stellar]Tyranitar||AssaultVest|SandStream|RockSlide,KnockOff,TeraBlast,LowKick|||M|||50|,,,,,Flying]Sneasler||PsychicSeed|Unburden|DireClaw,CloseCombat,ThroatChop,Protect|||M|||50|,,,,,Dark]Indeedee||ChoiceScarf|PsychicSurge|ExpandingForce,TeraBlast,Protect,Trick|||M|||50|,,,,,Psychic]Corviknight||Leftovers|MirrorArmor|BraveBird,BulkUp,Roost,Tailwind|||M|||50|,,,,,Dragon]Annihilape||SafetyGoggles|Defiant|CloseCombat,FinalGambit,RageFist,Taunt|||F|||50|,,,,,Water
|showteam|p2|Ninetales-Alola||NeverMeltIce|SnowWarning|Blizzard,FreezeDry,Encore,Protect|||M|||50|,,,,,Ghost]Rillaboom||AssaultVest|GrassySurge|WoodHammer,FakeOut,Uturn,GrassyGlide|||M|||50|,,,,,Ghost]Magmar||Eviolite|VitalSpirit|Protect,HeatWave,WillOWisp,FollowMe|||F|||50|,,,,,Ghost]Sneasler||FocusSash|PoisonTouch|FakeOut,DireClaw,CloseCombat,Protect|||M|||50|,,,,,Ghost]Kingambit||BlackGlasses|Defiant|KowtowCleave,SwordsDance,SuckerPunch,Protect|||F|||50|,,,,,Fire]Basculegion||ChoiceScarf|Adaptability|WaveCrash,FlipTurn,TeraBlast,LastRespects|||M|||50|,,,,,Fighting
|inactive|Battle timer is ON: inactive players will automatically lose when time's up. (requested by epic17x)
|
|t:|1756927922
|teamsize|p1|4
|teamsize|p2|4
|start
|switch|p1a: Sneasler|Sneasler, L50, M, shiny|100/100
|switch|p1b: Indeedee|Indeedee, L50, M, shiny|100/100
|switch|p2a: Sneasler|Sneasler, L50, M|100/100
|switch|p2b: Basculegion|Basculegion, L50, M|100/100
|-fieldstart|move: Psychic Terrain|[from] ability: Psychic Surge|[of] p1b: Indeedee
|-enditem|p1a: Sneasler|Psychic Seed
|-boost|p1a: Sneasler|spd|1|[from] item: Psychic Seed
|turn|1
|inactive|Beeetch has 30 seconds left.
|inactive|Beeetch has 20 seconds left.
|
|t:|1756927958
|switch|p2b: Rillaboom|Rillaboom, L50, M|100/100
|-fieldstart|move: Grassy Terrain|[from] ability: Grassy Surge|[of] p2b: Rillaboom
|move|p2a: Sneasler|Fake Out|p1b: Indeedee
|-damage|p1b: Indeedee|71/100
|move|p1a: Sneasler|Throat Chop|p2b: Rillaboom
|-damage|p2b: Rillaboom|73/100
|-start|p2b: Rillaboom|Throat Chop|[silent]
|cant|p1b: Indeedee|flinch
|
|-heal|p1b: Indeedee|77/100|[from] Grassy Terrain
|-heal|p2b: Rillaboom|79/100|[from] Grassy Terrain
|upkeep
|turn|2
|inactive|Beeetch has 30 seconds left.
|
|t:|1756927984
|move|p1a: Sneasler|Protect|p1a: Sneasler
|-singleturn|p1a: Sneasler|Protect
|move|p1b: Indeedee|Protect|p1b: Indeedee
|-singleturn|p1b: Indeedee|Protect
|move|p2b: Rillaboom|Fake Out|p1b: Indeedee
|-activate|p1b: Indeedee|move: Protect
|move|p2a: Sneasler|Close Combat|p1b: Indeedee
|-activate|p1b: Indeedee|move: Protect
|
|-heal|p1b: Indeedee|83/100|[from] Grassy Terrain
|-heal|p2b: Rillaboom|85/100|[from] Grassy Terrain
|-end|p2b: Rillaboom|Throat Chop|[silent]
|upkeep
|turn|3
|
|t:|1756928001
|switch|p1b: Tyranitar|Tyranitar, L50, M, shiny|100/100
|-weather|Sandstorm|[from] ability: Sand Stream|[of] p1b: Tyranitar
|-terastallize|p2b: Rillaboom|Ghost
|move|p1a: Sneasler|Dire Claw|p2b: Rillaboom
|-resisted|p2b: Rillaboom
|-damage|p2b: Rillaboom|65/100
|move|p2a: Sneasler|Dire Claw|p1a: Sneasler
|-resisted|p1a: Sneasler
|-damage|p1a: Sneasler|66/100
|move|p2b: Rillaboom|Wood Hammer|p1a: Sneasler
|-resisted|p1a: Sneasler
|-damage|p1a: Sneasler|9/100
|-damage|p2b: Rillaboom|50/100|[from] Recoil
|
|-weather|Sandstorm|[upkeep]
|-damage|p1a: Sneasler|2/100|[from] Sandstorm
|-damage|p2a: Sneasler|95/100|[from] Sandstorm
|-damage|p2b: Rillaboom|44/100|[from] Sandstorm
|-heal|p1a: Sneasler|9/100|[from] Grassy Terrain
|-heal|p2a: Sneasler|100/100|[from] Grassy Terrain
|-heal|p2b: Rillaboom|50/100|[from] Grassy Terrain
|upkeep
|turn|4
|inactive|Beeetch has 30 seconds left.
|inactive|epic17x has 30 seconds left.
|
|t:|1756928032
|switch|p2a: Ninetales|Ninetales-Alola, L50, M|100/100
|-weather|Snowscape|[from] ability: Snow Warning|[of] p2a: Ninetales
|-terastallize|p1b: Tyranitar|Flying
|move|p1a: Sneasler|Protect|p1a: Sneasler
|-singleturn|p1a: Sneasler|Protect
|move|p2b: Rillaboom|U-turn|p1b: Tyranitar
|-resisted|p1b: Tyranitar
|-damage|p1b: Tyranitar|90/100
|
|t:|1756928041
|switch|p2b: Sneasler|Sneasler, L50, M|100/100|[from] U-turn
|move|p1b: Tyranitar|Tera Blast|p2a: Ninetales|[anim] Tera Blast Flying
|-damage|p2a: Ninetales|53/100
|
|-weather|Snowscape|[upkeep]
|-heal|p1a: Sneasler|15/100|[from] Grassy Terrain
|-heal|p2a: Ninetales|59/100|[from] Grassy Terrain
|upkeep
|turn|5
|inactive|Beeetch has 30 seconds left.
|
|t:|1756928070
|switch|p2a: Basculegion|Basculegion, L50, M|100/100
|move|p1a: Sneasler|Dire Claw|p2a: Basculegion
|-resisted|p2a: Basculegion
|-damage|p2a: Basculegion|71/100
|-status|p2a: Basculegion|slp
|move|p2b: Sneasler|Close Combat|p1a: Sneasler
|-resisted|p1a: Sneasler
|-damage|p1a: Sneasler|0 fnt
|-unboost|p2b: Sneasler|def|1
|-unboost|p2b: Sneasler|spd|1
|faint|p1a: Sneasler
|move|p1b: Tyranitar|Tera Blast|p2b: Sneasler|[anim] Tera Blast Flying
|-supereffective|p2b: Sneasler
|-enditem|p2b: Sneasler|Focus Sash
|-damage|p2b: Sneasler|1/100
|
|-weather|Snowscape|[upkeep]
|-heal|p2a: Basculegion|78/100 slp|[from] Grassy Terrain
|-heal|p2b: Sneasler|7/100|[from] Grassy Terrain
|-fieldend|move: Grassy Terrain
|upkeep
|
|t:|1756928080
|switch|p1a: Indeedee|Indeedee, L50, M, shiny|83/100
|-fieldstart|move: Psychic Terrain|[from] ability: Psychic Surge|[of] p1a: Indeedee
|turn|6
|inactive|Beeetch has 30 seconds left.
|inactive|Beeetch has 20 seconds left.
|inactive|Beeetch has 15 seconds left.
|
|t:|1756928124
|move|p2b: Sneasler|Protect|p2b: Sneasler
|-singleturn|p2b: Sneasler|Protect
|move|p1a: Indeedee|Trick|p1b: Tyranitar
|-activate|p1a: Indeedee|move: Trick|[of] p1b: Tyranitar
|-item|p1b: Tyranitar|Choice Scarf|[from] move: Trick
|-item|p1a: Indeedee|Assault Vest|[from] move: Trick
|cant|p2a: Basculegion|slp
|move|p1b: Tyranitar|Rock Slide|p2b: Sneasler|[spread] p2a
|-activate|p2b: Sneasler|move: Protect
|-damage|p2a: Basculegion|36/100 slp
|
|-weather|Snowscape|[upkeep]
|upkeep
|turn|7
|j| roman_legend
|
|t:|1756928145
|switch|p2b: Rillaboom|Rillaboom, L50, M, tera:Ghost|50/100
|-fieldstart|move: Grassy Terrain|[from] ability: Grassy Surge|[of] p2b: Rillaboom
|-curestatus|p2a: Basculegion|slp|[msg]
|move|p2a: Basculegion|Wave Crash|p1b: Tyranitar
|-damage|p1b: Tyranitar|17/100
|-damage|p2a: Basculegion|12/100|[from] Recoil
|move|p1b: Tyranitar|Rock Slide|p2a: Basculegion|[spread] p2a,p2b
|-damage|p2a: Basculegion|0 fnt
|-damage|p2b: Rillaboom|17/100
|faint|p2a: Basculegion
|move|p1a: Indeedee|Expanding Force|p2b: Rillaboom
|-damage|p2b: Rillaboom|0 fnt
|faint|p2b: Rillaboom
|
|-weather|Snowscape|[upkeep]
|-heal|p1a: Indeedee|89/100|[from] Grassy Terrain
|upkeep
|
|t:|1756928154
|switch|p2a: Ninetales|Ninetales-Alola, L50, M|59/100
|switch|p2b: Sneasler|Sneasler, L50, M|7/100
|turn|8
|
|t:|1756928167
|switch|p1b: Excadrill|Excadrill, L50, M, shiny|100/100
|move|p2b: Sneasler|Close Combat|p1a: Indeedee
|-damage|p1a: Indeedee|0 fnt
|-unboost|p2b: Sneasler|def|1
|-unboost|p2b: Sneasler|spd|1
|faint|p1a: Indeedee
|move|p2a: Ninetales|Blizzard|p1b: Excadrill
|-damage|p1b: Excadrill|26/100
|
|-weather|none
|-heal|p2b: Sneasler|13/100|[from] Grassy Terrain
|-heal|p2a: Ninetales|65/100|[from] Grassy Terrain
|-heal|p1b: Excadrill|32/100|[from] Grassy Terrain
|upkeep
|
|t:|1756928179
|switch|p1a: Tyranitar|Tyranitar, L50, M, shiny, tera:Flying|17/100
|-weather|Sandstorm|[from] ability: Sand Stream|[of] p1a: Tyranitar
|turn|9
|inactive|epic17x has 30 seconds left.
|inactive|Beeetch has 30 seconds left.
|inactive|Beeetch has 20 seconds left.
|
|t:|1756928225
|move|p1b: Excadrill|Earthquake|p2b: Sneasler|[spread] p2a,p2b
|-immune|p1a: Tyranitar
|-supereffective|p2b: Sneasler
|-damage|p2a: Ninetales|33/100
|-damage|p2b: Sneasler|0 fnt
|faint|p2b: Sneasler
|move|p2a: Ninetales|Blizzard|p1a: Tyranitar|[spread] p1b
|-miss|p2a: Ninetales|p1a: Tyranitar
|-damage|p1b: Excadrill|0 fnt
|faint|p1b: Excadrill
|move|p1a: Tyranitar|Rock Slide|p2a: Ninetales
|-supereffective|p2a: Ninetales
|-damage|p2a: Ninetales|0 fnt
|faint|p2a: Ninetales
|
|win|Beeetch
|raw|Beeetch's rating: 1306 → 1331(+25 for winning)
|raw|epic17x's rating: 1395 → 1370(-25 for losing)
