|j|☆Chuck0711
|j|☆Jose ccarlos
|html|Chuck0711Jose ccarlos    
|uhtml|bestof|Game 2 of a best-of-3
|t:|1785420106
|gametype|doubles
|player|p1|Chuck0711|lucas|1000
|player|p2|Jose ccarlos|steven|1096
|gen|9
|tier|[Gen 9 Champions] VGC 2026 Reg M-B (Bo3)
|rated|
|rule|Species Clause: Limit one of each Pokémon
|rule|Item Clause: Limit 1 of each item
|clearpoke
|poke|p1|Charizard, L50, M|
|poke|p1|Garchomp, L50, F|
|poke|p1|Basculegion, L50, M|
|poke|p1|Sylveon, L50, F|
|poke|p1|Corviknight, L50, M|
|poke|p1|Farigiraf, L50, F|
|poke|p2|Camerupt, L50, M|
|poke|p2|Araquanid, L50, F|
|poke|p2|Mawile, L50, M|
|poke|p2|Farigiraf, L50, M|
|poke|p2|Cofagrigus, L50, F|
|poke|p2|Tsareena, L50, F|
|teampreview|4
|showteam|p1|Charizard||CharizarditeY|Blaze|HeatWave,SolarBeam,WeatherBall,Protect|Modest||M|||50|]Garchomp||LifeOrb|RoughSkin|Earthquake,DragonClaw,RockSlide,Protect|Jolly||F|||50|]Basculegion||FocusSash|Adaptability|Liquidation,AquaJet,LastRespects,Protect|Jolly||M|||50|]Sylveon||FairyFeather|CuteCharm|HyperVoice,HyperBeam,QuickAttack,Protect|Serious||F|||50|]Corviknight||Leftovers|MirrorArmor|IronHead,BraveBird,Tailwind,Protect|Careful||M|||50|]Farigiraf||ShucaBerry|SapSipper|Psychic,HyperVoice,HelpingHand,TrickRoom|Serious||F|||50|
|showteam|p2|Camerupt||Cameruptite|SolidRock|AncientPower,EarthPower,HeatWave,Protect|Quiet||M|||50|]Araquanid||MysticWater|WaterBubble|LeechLife,Liquidation,WideGuard,Protect|Relaxed||F|||50|]Mawile||Mawilite|HyperCutter|Crunch,PlayRough,IronHead,Protect|Brave||M|||50|]Farigiraf||SitrusBerry|ArmorTail|TrickRoom,Psychic,HelpingHand|Sassy||M|||50|]Cofagrigus||Leftovers|Mummy|TrickRoom,WillOWisp,DestinyBond,Imprison|Sassy||F|||50|]Tsareena||FocusSash|QueenlyMajesty|LowKick,TropKick,Taunt,Protect|Brave||F|||50|
|inactive|Battle timer is ON: inactive players will automatically lose when time's up. (requested by Jose ccarlos)
|
|t:|1785420128
|teamsize|p1|4
|teamsize|p2|4
|start
|switch|p1a: Charizard|Charizard, L50, M|100/100
|switch|p1b: Garchomp|Garchomp, L50, F|100/100
|switch|p2a: Farigiraf|Farigiraf, L50, M|100/100
|switch|p2b: Cofagrigus|Cofagrigus, L50, F|100/100
|turn|1
|
|t:|1785420151
|switch|p2a: Araquanid|Araquanid, L50, F|100/100
|detailschange|p1a: Charizard|Charizard-Mega-Y, L50, M
|-mega|p1a: Charizard|Charizard|Charizardite Y
|-weather|SunnyDay|[from] ability: Drought|[of] p1a: Charizard
|move|p1b: Garchomp|Earthquake|p2a: Araquanid|[spread] p2a,p2b
|-immune|p1a: Charizard
|-resisted|p2a: Araquanid|1
|-damage|p2a: Araquanid|75/100
|-damage|p2b: Cofagrigus|57/100
|-damage|p1b: Garchomp|90/100|[from] item: Life Orb
|move|p1a: Charizard|Weather Ball|p2a: Araquanid
|-damage|p2a: Araquanid|37/100
|move|p2b: Cofagrigus|Trick Room|p2b: Cofagrigus
|-fieldstart|move: Trick Room|[of] p2b: Cofagrigus
|
|-weather|SunnyDay|[upkeep]
|-heal|p2b: Cofagrigus|63/100|[from] item: Leftovers
|upkeep
|turn|2
|inactive|Chuck0711 has 30 seconds left.
|
|t:|1785420180
|move|p1b: Garchomp|Protect|p1b: Garchomp
|-singleturn|p1b: Garchomp|Protect
|move|p2b: Cofagrigus|Will-O-Wisp|p1b: Garchomp
|-activate|p1b: Garchomp|move: Protect
|move|p2a: Araquanid|Liquidation|p1a: Charizard
|-supereffective|p1a: Charizard|1
|-damage|p1a: Charizard|26/100
|move|p1a: Charizard|Heat Wave|p2b: Cofagrigus|[spread] p2a
|-miss|p1a: Charizard|p2b: Cofagrigus
|-damage|p2a: Araquanid|12/100
|
|-weather|SunnyDay|[upkeep]
|-heal|p2b: Cofagrigus|69/100|[from] item: Leftovers
|upkeep
|turn|3
|inactive|Chuck0711 has 30 seconds left.
|inactive|Jose ccarlos has 30 seconds left.
|inactive|Jose ccarlos has 20 seconds left.
|
|t:|1785420218
|switch|p1a: Farigiraf|Farigiraf, L50, F|100/100
|move|p2a: Araquanid|Wide Guard|p2a: Araquanid
|-singleturn|p2a: Araquanid|Wide Guard
|move|p2b: Cofagrigus|Will-O-Wisp|p1b: Garchomp
|-status|p1b: Garchomp|brn
|move|p1b: Garchomp|Dragon Claw|p2a: Araquanid
|-damage|p2a: Araquanid|0 fnt
|faint|p2a: Araquanid
|-damage|p1b: Garchomp|80/100 brn|[from] item: Life Orb
|
|-weather|SunnyDay|[upkeep]
|-heal|p2b: Cofagrigus|75/100|[from] item: Leftovers
|-damage|p1b: Garchomp|74/100 brn|[from] brn
|upkeep
|
|t:|1785420238
|switch|p2a: Mawile|Mawile, L50, M|100/100
|turn|4
|
|t:|1785420254
|detailschange|p2a: Mawile|Mawile-Mega, L50, M
|-mega|p2a: Mawile|Mawile|Mawilite
|move|p1b: Garchomp|Protect|p1b: Garchomp
|-singleturn|p1b: Garchomp|Protect
|move|p2b: Cofagrigus|Imprison|p2b: Cofagrigus
|-start|p2b: Cofagrigus|move: Imprison
|move|p2a: Mawile|Crunch|p1a: Farigiraf
|-supereffective|p1a: Farigiraf|1
|-crit|p1a: Farigiraf
|-damage|p1a: Farigiraf|0 fnt
|faint|p1a: Farigiraf
|
|-weather|SunnyDay|[upkeep]
|-heal|p2b: Cofagrigus|81/100|[from] item: Leftovers
|-damage|p1b: Garchomp|68/100 brn|[from] brn
|upkeep
|
|t:|1785420274
|switch|p1a: Basculegion|Basculegion, L50, M|100/100
|turn|5
|
|t:|1785420284
|move|p1a: Basculegion|Protect|p1a: Basculegion
|-singleturn|p1a: Basculegion|Protect
|move|p2b: Cofagrigus|Destiny Bond|p2b: Cofagrigus
|-singlemove|p2b: Cofagrigus|Destiny Bond
|move|p2a: Mawile|Play Rough|p1b: Garchomp
|-supereffective|p1b: Garchomp|1
|-damage|p1b: Garchomp|0 fnt
|-damage|p2a: Mawile|87/100|[from] ability: Rough Skin|[of] p1b: Garchomp
|faint|p1b: Garchomp
|
|-weather|none
|-heal|p2b: Cofagrigus|87/100|[from] item: Leftovers
|-fieldend|move: Trick Room
|upkeep
|
|t:|1785420299
|switch|p1b: Charizard|Charizard-Mega-Y, L50, M|26/100
|-weather|SunnyDay|[from] ability: Drought|[of] p1b: Charizard
|turn|6
|
|t:|1785420311
|move|p2a: Mawile|Protect|p2a: Mawile
|-singleturn|p2a: Mawile|Protect
|move|p1a: Basculegion|Last Respects|p2a: Mawile
|-activate|p2a: Mawile|move: Protect
|move|p1b: Charizard|Weather Ball|p2b: Cofagrigus
|-damage|p2b: Cofagrigus|18/100
|move|p2b: Cofagrigus|Trick Room|p2b: Cofagrigus
|-fieldstart|move: Trick Room|[of] p2b: Cofagrigus
|
|-weather|SunnyDay|[upkeep]
|-heal|p2b: Cofagrigus|24/100|[from] item: Leftovers
|upkeep
|turn|7
|inactive|Jose ccarlos has 30 seconds left.
|
|t:|1785420344
|move|p1a: Basculegion|Protect|p1a: Basculegion
|-singleturn|p1a: Basculegion|Protect
|move|p2b: Cofagrigus|Destiny Bond|p2b: Cofagrigus
|-singlemove|p2b: Cofagrigus|Destiny Bond
|move|p2a: Mawile|Crunch|p1a: Basculegion
|-activate|p1a: Basculegion|move: Protect
|move|p1b: Charizard|Heat Wave|p2a: Mawile|[spread] 
|-miss|p1b: Charizard|p2a: Mawile
|-miss|p1b: Charizard|p2b: Cofagrigus
|
|-weather|SunnyDay|[upkeep]
|-heal|p2b: Cofagrigus|30/100|[from] item: Leftovers
|upkeep
|turn|8
|inactive|Chuck0711 has 30 seconds left.
|inactive|Jose ccarlos has 30 seconds left.
|inactive|Chuck0711 has 20 seconds left.
|inactive|Chuck0711 has 15 seconds left.
|
|t:|1785420387
|move|p2b: Cofagrigus|Will-O-Wisp|p1a: Basculegion
|-status|p1a: Basculegion|brn
|move|p2a: Mawile|Crunch|p1a: Basculegion
|-supereffective|p1a: Basculegion|1
|-enditem|p1a: Basculegion|Focus Sash
|-damage|p1a: Basculegion|1/100 brn
|move|p1b: Charizard|Weather Ball|p2b: Cofagrigus
|-damage|p2b: Cofagrigus|0 fnt
|faint|p2b: Cofagrigus
|move|p1a: Basculegion|Last Respects|p2a: Mawile
|-damage|p2a: Mawile|46/100
|
|-weather|SunnyDay|[upkeep]
|-damage|p1a: Basculegion|0 fnt|[from] brn
|faint|p1a: Basculegion
|upkeep
|
|t:|1785420404
|switch|p2b: Farigiraf|Farigiraf, L50, M|100/100
|turn|9
|
|t:|1785420416
|move|p2a: Mawile|Crunch|p1b: Charizard
|-damage|p1b: Charizard|0 fnt
|faint|p1b: Charizard
|
|win|Jose ccarlos
|raw|Chuck0711's rating: 1000 → 1000(+0 for losing)
|raw|Jose ccarlos's rating: 1096 → 1115(+19 for winning)
|l|☆Jose ccarlos
|player|p2|
