|j|☆belinvgc
|j|☆lolnezan78
|html|belinvgclolnezan78    
|uhtml|bestof|Game 1 of a best-of-3
|t:|1784676656
|gametype|doubles
|player|p1|belinvgc|169|1223
|player|p2|lolnezan78|byron|1155
|gen|9
|tier|[Gen 9 Champions] VGC 2026 Reg M-B (Bo3)
|rated|
|rule|Species Clause: Limit one of each Pokémon
|rule|Item Clause: Limit 1 of each item
|clearpoke
|poke|p1|Tyranitar, L50, F|
|poke|p1|Incineroar, L50, F|
|poke|p1|Sinistcha, L50|
|poke|p1|Delphox, L50, F|
|poke|p1|Sneasler, L50, M|
|poke|p1|Kingambit, L50, M|
|poke|p2|Sneasler, L50, M|
|poke|p2|Kingambit, L50, M|
|poke|p2|Incineroar, L50, F|
|poke|p2|Floette-Eternal, L50, F|
|poke|p2|Sinistcha, L50|
|poke|p2|Delphox, L50, M, shiny|
|teampreview|4
|showteam|p1|Tyranitar||Tyranitarite|SandStream|RockSlide,KnockOff,DragonDance,Protect|Jolly||F|||50|]Incineroar||SitrusBerry|Intimidate|FlareBlitz,FakeOut,PartingShot,HelpingHand|Impish||F|||50|]Sinistcha||KasibBerry|Hospitality|MatchaGotcha,RagePowder,TrickRoom,Protect|Relaxed|||||50|]Delphox||Delphoxite|Blaze|HeatWave,Psyshock,NastyPlot,Protect|Timid||F|||50|]Sneasler||FocusSash|PoisonTouch|DireClaw,CloseCombat,FakeOut,QuickGuard|Jolly||M|||50|]Kingambit||BlackGlasses|Defiant|KowtowCleave,SuckerPunch,SwordsDance,Protect|Adamant||M|||50|
|showteam|p2|Sneasler||FocusSash|PoisonTouch|QuickGuard,FakeOut,CloseCombat,DireClaw|Jolly||M|||50|]Kingambit||LifeOrb|Defiant|Protect,SwordsDance,SuckerPunch,KowtowCleave|Adamant||M|||50|]Incineroar||SitrusBerry|Intimidate|FakeOut,PartingShot,FlareBlitz,ThroatChop|Impish||F|||50|]Floette-Eternal||Floettite|FlowerVeil|Protect,CalmMind,Moonblast,DazzlingGleam|Modest||F|||50|]Sinistcha||OccaBerry|Hospitality|Protect,MatchaGotcha,TrickRoom,RagePowder|Bold|||||50|]Delphox||Delphoxite|Blaze|Protect,HeatWave,Psyshock,NastyPlot|Timid||M|||50|
|inactive|Battle timer is ON: inactive players will automatically lose when time's up. (requested by lolnezan78)
|
|t:|1784676724
|teamsize|p1|4
|teamsize|p2|4
|start
|switch|p1a: Tyranitar|Tyranitar, L50, F|100/100
|switch|p1b: Sneasler|Sneasler, L50, M|100/100
|switch|p2a: Delphox|Delphox, L50, M, shiny|100/100
|switch|p2b: Sneasler|Sneasler, L50, M|100/100
|-weather|Sandstorm|[from] ability: Sand Stream|[of] p1a: Tyranitar
|turn|1
|inactive|lolnezan78 has 30 seconds left.
|inactive|lolnezan78 has 20 seconds left.
|
|t:|1784676762
|detailschange|p2a: Delphox|Delphox-Mega, L50, M, shiny
|-mega|p2a: Delphox|Delphox|Delphoxite
|detailschange|p1a: Tyranitar|Tyranitar-Mega, L50, F
|-mega|p1a: Tyranitar|Tyranitar|Tyranitarite
|move|p1b: Sneasler|Fake Out|p2b: Sneasler
|-damage|p2b: Sneasler|76/100
|cant|p2b: Sneasler|flinch
|move|p2a: Delphox|Heat Wave|p1b: Sneasler|[spread] p1a,p1b
|-resisted|p1a: Tyranitar|1
|-damage|p1a: Tyranitar|88/100
|-damage|p1b: Sneasler|42/100
|move|p1a: Tyranitar|Dragon Dance|p1a: Tyranitar
|-boost|p1a: Tyranitar|atk|1
|-boost|p1a: Tyranitar|spe|1
|
|-weather|Sandstorm|[upkeep]
|-damage|p2a: Delphox|94/100|[from] Sandstorm
|-damage|p2b: Sneasler|70/100|[from] Sandstorm
|-damage|p1b: Sneasler|36/100|[from] Sandstorm
|upkeep
|turn|2
|inactive|belinvgc has 30 seconds left.
|inactive|lolnezan78 has 30 seconds left.
|inactive|belinvgc has 20 seconds left.
|
|t:|1784676798
|switch|p1b: Incineroar|Incineroar, L50, F|100/100
|-ability|p1b: Incineroar|Intimidate|boost
|-unboost|p2a: Delphox|atk|1
|-unboost|p2b: Sneasler|atk|1
|move|p1a: Tyranitar|Protect|p1a: Tyranitar
|-singleturn|p1a: Tyranitar|Protect
|move|p2a: Delphox|Psyshock|p1b: Incineroar
|-immune|p1b: Incineroar
|move|p2b: Sneasler|Close Combat|p1a: Tyranitar
|-activate|p1a: Tyranitar|move: Protect
|
|-weather|Sandstorm|[upkeep]
|-damage|p2a: Delphox|88/100|[from] Sandstorm
|-damage|p2b: Sneasler|64/100|[from] Sandstorm
|-damage|p1b: Incineroar|94/100|[from] Sandstorm
|upkeep
|turn|3
|
|t:|1784676823
|switch|p2a: Incineroar|Incineroar, L50, F|100/100
|-ability|p2a: Incineroar|Intimidate|boost
|-unboost|p1a: Tyranitar|atk|1
|-unboost|p1b: Incineroar|atk|1
|move|p1b: Incineroar|Fake Out|p2b: Sneasler
|-damage|p2b: Sneasler|50/100g
|move|p1a: Tyranitar|Dragon Dance|p1a: Tyranitar
|-boost|p1a: Tyranitar|atk|1
|-boost|p1a: Tyranitar|spe|1
|cant|p2b: Sneasler|flinch
|
|-weather|Sandstorm|[upkeep]
|-damage|p2b: Sneasler|45/100|[from] Sandstorm
|-damage|p2a: Incineroar|94/100|[from] Sandstorm
|-damage|p1b: Incineroar|88/100|[from] Sandstorm
|upkeep
|turn|4
|inactive|lolnezan78 has 30 seconds left.
|
|t:|1784676855
|move|p1a: Tyranitar|Protect|p1a: Tyranitar
|-singleturn|p1a: Tyranitar|Protect
|move|p2a: Incineroar|Fake Out|p1a: Tyranitar
|-activate|p1a: Tyranitar|move: Protect
|move|p2b: Sneasler|Close Combat|p1b: Incineroar
|-supereffective|p1b: Incineroar|1
|-damage|p1b: Incineroar|25/100
|-unboost|p2b: Sneasler|def|1
|-unboost|p2b: Sneasler|spd|1
|-enditem|p1b: Incineroar|Sitrus Berry|[eat]
|-heal|p1b: Incineroar|50/100g|[from] item: Sitrus Berry
|move|p1b: Incineroar|Parting Shot|p2b: Sneasler
|-unboost|p2b: Sneasler|atk|1
|-unboost|p2b: Sneasler|spa|1
|inactive|belinvgc has 30 seconds left.
|
|t:|1784676881
|switch|p1b: Sneasler|Sneasler, L50, M|36/100|[from] Parting Shot
|
|-weather|Sandstorm|[upkeep]
|-damage|p1b: Sneasler|31/100|[from] Sandstorm
|-damage|p2b: Sneasler|39/100|[from] Sandstorm
|-damage|p2a: Incineroar|88/100|[from] Sandstorm
|upkeep
|turn|5
|
|t:|1784676902
|switch|p2b: Kingambit|Kingambit, L50, M|100/100
|switch|p2a: Delphox|Delphox-Mega, L50, M, shiny|88/100
|move|p1b: Sneasler|Fake Out|p2a: Delphox
|-damage|p2a: Delphox|67/100
|move|p1a: Tyranitar|Rock Slide|p2a: Delphox|[spread] p2a,p2b
|-supereffective|p2a: Delphox|1
|-resisted|p2b: Kingambit|1
|-damage|p2a: Delphox|0 fnt
|-damage|p2b: Kingambit|81/100
|faint|p2a: Delphox
|
|-weather|none
|upkeep
|
|t:|1784676918
|switch|p2a: Incineroar|Incineroar, L50, F|88/100
|-ability|p2a: Incineroar|Intimidate|boost
|-unboost|p1a: Tyranitar|atk|1
|-unboost|p1b: Sneasler|atk|1
|turn|6
|inactive|belinvgc has 30 seconds left.
|inactive|belinvgc has 20 seconds left.
|inactive|belinvgc has 15 seconds left.
|inactive|belinvgc has 10 seconds left.
|
|t:|1784676968
|move|p2b: Kingambit|Sucker Punch|p1b: Sneasler
|-resisted|p1b: Sneasler|1
|-crit|p1b: Sneasler
|-damage|p1b: Sneasler|0 fnt
|faint|p1b: Sneasler
|-damage|p2b: Kingambit|71/100|[from] item: Life Orb
|move|p1a: Tyranitar|Rock Slide|p2b: Kingambit|[spread] p2a,p2b
|-supereffective|p2a: Incineroar|1
|-resisted|p2b: Kingambit|1
|-damage|p2a: Incineroar|34/100
|-damage|p2b: Kingambit|58/100
|-enditem|p2a: Incineroar|Sitrus Berry|[eat]
|-heal|p2a: Incineroar|59/100|[from] item: Sitrus Berry
|cant|p2a: Incineroar|flinch
|
|upkeep
|
|t:|1784676983
|switch|p1b: Sinistcha|Sinistcha, L50|100/100
|-heal|p1a: Tyranitar|100/100|[from] ability: Hospitality|[of] p1b: Sinistcha
|turn|7
|
|t:|1784677000
|move|p1a: Tyranitar|Knock Off|p2b: Kingambit
|-resisted|p2b: Kingambit|1
|-damage|p2b: Kingambit|38/100
|-enditem|p2b: Kingambit|Life Orb|[from] move: Knock Off|[of] p1a: Tyranitar
|move|p2a: Incineroar|Parting Shot|p1a: Tyranitar
|-unboost|p1a: Tyranitar|atk|1
|-unboost|p1a: Tyranitar|spa|1
|
|t:|1784677009
|switch|p2a: Sneasler|Sneasler, L50, M|39/100|[from] Parting Shot
|move|p1b: Sinistcha|Matcha Gotcha|p2b: Kingambit|[spread] p2a,p2b
|-resisted|p2a: Sneasler|1
|-resisted|p2b: Kingambit|1
|-crit|p2b: Kingambit
|-damage|p2a: Sneasler|21/100
|-damage|p2b: Kingambit|19/100
|move|p2b: Kingambit|Kowtow Cleave|p1b: Sinistcha
|-supereffective|p1b: Sinistcha|1
|-damage|p1b: Sinistcha|22/100
|
|upkeep
|turn|8
|inactive|belinvgc has 30 seconds left.
|inactive|lolnezan78 has 30 seconds left.
|inactive|belinvgc has 20 seconds left.
|inactive|belinvgc has 15 seconds left.
|inactive|belinvgc has 10 seconds left.
|
|t:|1784677055
|switch|p2a: Incineroar|Incineroar, L50, F|59/100
|-ability|p2a: Incineroar|Intimidate|boost
|-unboost|p1a: Tyranitar|atk|1
|-unboost|p1b: Sinistcha|atk|1
|move|p1a: Tyranitar|Protect|p1a: Tyranitar
|-singleturn|p1a: Tyranitar|Protect
|move|p1b: Sinistcha|Matcha Gotcha|p2b: Kingambit|[spread] p2a,p2b
|-resisted|p2a: Incineroar|1
|-crit|p2a: Incineroar
|-resisted|p2b: Kingambit|1
|-damage|p2a: Incineroar|42/100
|-heal|p1b: Sinistcha|32/100|[from] drain|[of] p2a: Incineroar
|-damage|p2b: Kingambit|7/100
|-heal|p1b: Sinistcha|39/100|[from] drain|[of] p2b: Kingambit
|move|p2b: Kingambit|Swords Dance|p2b: Kingambit
|-boost|p2b: Kingambit|atk|2
|
|upkeep
|turn|9
|inactive|belinvgc has 30 seconds left.
|inactive|lolnezan78 has 30 seconds left.
|inactive|belinvgc has 20 seconds left.
|inactive|belinvgc has 15 seconds left.
|inactive|belinvgc has 10 seconds left.
|inactive|belinvgc has 5 seconds left.
|
|t:|1784677106
|switch|p1a: Incineroar|Incineroar, L50, F|50/100g
|-ability|p1a: Incineroar|Intimidate|boost
|-unboost|p2a: Incineroar|atk|1
|-unboost|p2b: Kingambit|atk|1
|-ability|p2b: Kingambit|Defiant|boost
|-boost|p2b: Kingambit|atk|2
|move|p2a: Incineroar|Fake Out|p1a: Incineroar
|-damage|p1a: Incineroar|44/100
|move|p2b: Kingambit|Sucker Punch|p1b: Sinistcha
|-supereffective|p1b: Sinistcha|1
|-damage|p1b: Sinistcha|0 fnt
|faint|p1b: Sinistcha
|
|upkeep
|
|t:|1784677116
|switch|p1b: Tyranitar|Tyranitar-Mega, L50, F|100/100
|-weather|Sandstorm|[from] ability: Sand Stream|[of] p1b: Tyranitar
|turn|10
|
|t:|1784677134
|move|p2b: Kingambit|Sucker Punch|p1a: Incineroar
|-resisted|p1a: Incineroar|1
|-damage|p1a: Incineroar|2/100
|move|p1b: Tyranitar|Rock Slide|p2a: Incineroar|[spread] p2a,p2b
|-supereffective|p2a: Incineroar|1
|-resisted|p2b: Kingambit|1
|-damage|p2a: Incineroar|0 fnt
|-damage|p2b: Kingambit|0 fnt
|faint|p2a: Incineroar
|faint|p2b: Kingambit
|move|p1a: Incineroar|Flare Blitz|p2: Incineroar|[notarget]
|-fail|p1a: Incineroar
|
|-weather|Sandstorm|[upkeep]
|-damage|p1a: Incineroar|0 fnt|[from] Sandstorm
|faint|p1a: Incineroar
|upkeep
|
|t:|1784677140
|switch|p2a: Sneasler|Sneasler, L50, M|21/100
|turn|11
|l|☆lolnezan78
|inactive|lolnezan78 disconnected and has a minute to reconnect!
|player|p2|
|
|t:|1784677163
|move|p2a: Sneasler|Close Combat|p1b: Tyranitar
|-supereffective|p1b: Tyranitar|2
|-damage|p1b: Tyranitar|0 fnt
|-unboost|p2a: Sneasler|def|1
|-unboost|p2a: Sneasler|spd|1
|faint|p1b: Tyranitar
|
|win|lolnezan78
|j|☆lolnezan78
|player|p2|lolnezan78|byron|
