|j|â˜†lilrainteamwahoo
|j|â˜†Heath000000
|html|lilrainteamwahooHeath000000    
|uhtml|bestof|Game 2 of a best-of-3
|t:|1757004165
|gametype|doubles
|player|p1|lilrainteamwahoo|baker|1179
|player|p2|Heath000000|101|1000
|gen|9
|tier|[Gen 9] VGC 2025 Reg H (Bo3)
|rated|
|rule|Species Clause: Limit one of each PokÃ©mon
|rule|Item Clause: Limit 1 of each item
|clearpoke
|poke|p1|Archaludon, L50, M|
|poke|p1|Pelipper, L50, F|
|poke|p1|Indeedee, L50, M|
|poke|p1|Amoonguss, L50, F|
|poke|p1|Basculegion, L50, M|
|poke|p1|Hydreigon, L50, M|
|poke|p2|Primeape, L50, M|
|poke|p2|Torkoal, L50, F|
|poke|p2|Shiftry, L50, M|
|poke|p2|Swampert, L50, M|
|teampreview|4
|showteam|p1|Archaludon||AssaultVest|Stamina|ElectroShot,DracoMeteor,BodyPress,FlashCannon|||M|||50|,,,,,Grass]Pelipper||FocusSash|Drizzle|WeatherBall,Hurricane,Tailwind,Protect|||F|||50|,,,,,Ghost]Indeedee||ChoiceScarf|PsychicSurge|ExpandingForce,TeraBlast,Trick,DazzlingGleam|||M|||50|,,,,,Ground]Amoonguss||SitrusBerry|Regenerator|Spore,SludgeBomb,Protect,RagePowder|||F|||50|,,,,,Water]Basculegion||ChoiceBand|SwiftSwim|FlipTurn,WaveCrash,LastRespects,AquaJet|||M|||50|,,,,,Poison]Hydreigon||CovertCloak|Levitate|Taunt,Snarl,DracoMeteor,EarthPower|||M|||50|,,,,,Fairy
|showteam|p2|Primeape||Eviolite|Defiant|BulkUp,RageFist,DrainPunch,FirePunch|||M|||50|,,,,,Fighting]Torkoal||Charcoal|ShellArmor|Eruption,Protect,Bulldoze,ClearSmog|||F|||50|,,,,,Fire]Shiftry||WeaknessPolicy|Chlorophyll|SolarBlade,AirSlash,FakeOut,FoulPlay|||M|||50|,,,,,Grass]Swampert||Leftovers|Torrent|Earthquake,FlipTurn,MuddyWater,Liquidation|||M|||50|,,,,,Water
|
|t:|1757004174
|teamsize|p1|4
|teamsize|p2|4
|start
|switch|p1a: Goodee|Indeedee, L50, M|100/100
|switch|p1b: Schmooner|Amoonguss, L50, F|100/100
|switch|p2a: Torkoal|Torkoal, L50, F|100/100
|switch|p2b: Shiftry|Shiftry, L50, M|100/100
|-fieldstart|move: Psychic Terrain|[from] ability: Psychic Surge|[of] p1a: Goodee
|turn|1
|
|t:|1757004200
|move|p1a: Goodee|Expanding Force|p2b: Shiftry|[spread] p2a
|-immune|p2b: Shiftry
|-damage|p2a: Torkoal|36/100
|move|p2b: Shiftry|Foul Play|p1a: Goodee
|-supereffective|p1a: Goodee
|-damage|p1a: Goodee|22/100
|move|p1b: Schmooner|Sludge Bomb|p2a: Torkoal
|-damage|p2a: Torkoal|0 fnt
|faint|p2a: Torkoal
|
|upkeep
|
|t:|1757004214
|switch|p2a: Primeape|Primeape, L50, M|100/100
|turn|2
|
|t:|1757004235
|move|p1a: Goodee|Expanding Force|p2b: Shiftry|[spread] p2a
|-immune|p2b: Shiftry
|-supereffective|p2a: Primeape
|-damage|p2a: Primeape|7/100
|move|p2b: Shiftry|Foul Play|p1a: Goodee
|-supereffective|p1a: Goodee
|-crit|p1a: Goodee
|-damage|p1a: Goodee|0 fnt
|faint|p1a: Goodee
|move|p2a: Primeape|Drain Punch|p1b: Schmooner
|-resisted|p1b: Schmooner
|-damage|p1b: Schmooner|88/100
|-heal|p2a: Primeape|17/100|[from] drain|[of] p1b: Schmooner
|move|p1b: Schmooner|Sludge Bomb|p2a: Primeape
|-damage|p2a: Primeape|0 fnt
|faint|p2a: Primeape
|
|upkeep
|
|t:|1757004253
|switch|p1a: Smellypper|Pelipper, L50, F|100/100
|switch|p2a: Swampert|Swampert, L50, M|100/100
|-weather|RainDance|[from] ability: Drizzle|[of] p1a: Smellypper
|turn|3
|
|t:|1757004269
|move|p2b: Shiftry|Air Slash|p1b: Schmooner
|-supereffective|p1b: Schmooner
|-damage|p1b: Schmooner|64/100
|move|p1a: Smellypper|Tailwind|p1a: Smellypper
|-sidestart|p1: lilrainteamwahoo|move: Tailwind
|move|p1b: Schmooner|Sludge Bomb|p2b: Shiftry
|-supereffective|p2b: Shiftry
|-damage|p2b: Shiftry|10/100
|-enditem|p2b: Shiftry|Weakness Policy
|-boost|p2b: Shiftry|atk|2|[from] item: Weakness Policy
|-boost|p2b: Shiftry|spa|2|[from] item: Weakness Policy
|move|p2a: Swampert|Muddy Water|p1b: Schmooner|[spread] p1a,p1b
|-resisted|p1a: Smellypper
|-resisted|p1b: Schmooner
|-damage|p1a: Smellypper|74/100
|-damage|p1b: Schmooner|52/100
|
|-weather|RainDance|[upkeep]
|upkeep
|turn|4
|
|t:|1757004292
|move|p1a: Smellypper|Hurricane|p2b: Shiftry
|-supereffective|p2b: Shiftry
|-damage|p2b: Shiftry|0 fnt
|faint|p2b: Shiftry
|move|p1b: Schmooner|Spore|p2a: Swampert
|-status|p2a: Swampert|slp|[from] move: Spore
|cant|p2a: Swampert|slp
|
|-weather|RainDance|[upkeep]
|upkeep
|turn|5
|c|â˜†lilrainteamwahoo|gg
|
|t:|1757004304
|move|p1a: Smellypper|Weather Ball|p2a: Swampert
|-damage|p2a: Swampert|35/100 slp
|move|p1b: Schmooner|Sludge Bomb|p2a: Swampert
|-resisted|p2a: Swampert
|-damage|p2a: Swampert|22/100 slp
|-curestatus|p2a: Swampert|slp|[msg]
|move|p2a: Swampert|Muddy Water|p1a: Smellypper|[spread] p1a,p1b
|-resisted|p1a: Smellypper
|-resisted|p1b: Schmooner
|-damage|p1a: Smellypper|32/100
|-damage|p1b: Schmooner|35/100
|-enditem|p1b: Schmooner|Sitrus Berry|[eat]
|-heal|p1b: Schmooner|60/100|[from] item: Sitrus Berry
|
|-weather|RainDance|[upkeep]
|-heal|p2a: Swampert|28/100|[from] item: Leftovers
|-fieldend|move: Psychic Terrain
|upkeep
|turn|6
|
|t:|1757004321
|move|p1a: Smellypper|Weather Ball|p2a: Swampert
|-damage|p2a: Swampert|0 fnt
|faint|p2a: Swampert
|
|win|lilrainteamwahoo
|raw|lilrainteamwahoo's rating: 1179 → 1192(+13 for winning)
|raw|Heath000000's rating: 1000 → 1000(+0 for losing)
|l|â˜†Heath000000
|player|p2|
