|j|☆thebrickwall285
|j|☆eejay2018
|html|thebrickwall285eejay2018    
|uhtml|bestof|Game 1 of a best-of-3
|t:|1783210826
|gametype|doubles
|player|p1|thebrickwall285|101|1046
|player|p2|eejay2018|youngster-gen4dp|1078
|gen|9
|tier|[Gen 9 Champions] VGC 2026 Reg M-B (Bo3)
|rated|
|rule|Species Clause: Limit one of each Pokémon
|rule|Item Clause: Limit 1 of each item
|clearpoke
|poke|p1|Scovillain, L50, M|
|poke|p1|Aerodactyl, L50, M|
|poke|p1|Sylveon, L50, M|
|poke|p1|Salazzle, L50, F|
|poke|p1|Meowstic, L50, M|
|poke|p1|Kingambit, L50, M|
|poke|p2|Charizard, L50, M|
|poke|p2|Whimsicott, L50, F|
|poke|p2|Floette-Eternal, L50, F|
|poke|p2|Basculegion, L50, M|
|poke|p2|Garchomp, L50, F|
|poke|p2|Kingambit, L50, F|
|teampreview|4
|showteam|p1|Scovillain||Scovillainite|Chlorophyll|Flamethrower,GigaDrain,RagePowder,LeechSeed|Modest||M|||50|]Aerodactyl||Aerodactylite|RockHead|DragonClaw,Tailwind,DualWingbeat,RockSlide|Jolly||M|||50|]Sylveon||SitrusBerry|Pixilate|CalmMind,Protect,HyperVoice,ShadowBall|Modest||M|||50|]Salazzle||ShellBell|Corrosion|FakeOut,Flamethrower,SludgeBomb,Toxic|Hasty||F|||50|]Meowstic||FocusSash|Prankster|FakeOut,TrickRoom,Psychic,SunnyDay|Sassy||M|||50|]Kingambit||Leftovers|Defiant|IronHead,LowKick,SuckerPunch,KowtowCleave|Adamant||M|||50|
|showteam|p2|Charizard||CharizarditeY|Blaze|HeatWave,SolarBeam,WeatherBall,Protect|Modest||M|||50|]Whimsicott||FocusSash|Prankster|Moonblast,Encore,Tailwind,Protect|Timid||F|||50|]Floette-Eternal||Floettite|FlowerVeil|Moonblast,DazzlingGleam,LightofRuin,Protect|Timid||F|||50|]Basculegion||MysticWater|Adaptability|WaveCrash,AquaJet,LastRespects,Protect|Adamant||M|||50|]Garchomp||LifeOrb|RoughSkin|DragonClaw,Earthquake,RockSlide,Protect|Jolly||F|||50|]Kingambit||BlackGlasses|Defiant|KowtowCleave,SuckerPunch,IronHead,Protect|Adamant||F|||50|
|
|t:|1783210858
|teamsize|p1|4
|teamsize|p2|4
|start
|switch|p1a: Aerodactyl|Aerodactyl, L50, M|100/100
|switch|p1b: Scovillain|Scovillain, L50, M|100/100
|switch|p2a: Charizard|Charizard, L50, M|100/100
|switch|p2b: Garchomp|Garchomp, L50, F|100/100
|turn|1
|
|t:|1783210896
|detailschange|p1a: Aerodactyl|Aerodactyl-Mega, L50, M
|-mega|p1a: Aerodactyl|Aerodactyl|Aerodactylite
|detailschange|p2a: Charizard|Charizard-Mega-Y, L50, M
|-mega|p2a: Charizard|Charizard|Charizardite Y
|-weather|SunnyDay|[from] ability: Drought|[of] p2a: Charizard
|move|p2a: Charizard|Protect|p2a: Charizard
|-singleturn|p2a: Charizard|Protect
|move|p1a: Aerodactyl|Rock Slide|p2a: Charizard|[spread] p2b
|-activate|p2a: Charizard|move: Protect
|-resisted|p2b: Garchomp|1
|-damage|p2b: Garchomp|85/100
|move|p1b: Scovillain|Giga Drain|p2b: Garchomp
|-damage|p2b: Garchomp|42/100
|cant|p2b: Garchomp|flinch
|
|-weather|SunnyDay|[upkeep]
|upkeep
|turn|2
|
|t:|1783210915
|switch|p2a: Kingambit|Kingambit, L50, F|100/100
|move|p1a: Aerodactyl|Rock Slide|p2a: Kingambit|[spread] p2a,p2b
|-resisted|p2a: Kingambit|1
|-resisted|p2b: Garchomp|1
|-damage|p2a: Kingambit|89/100
|-damage|p2b: Garchomp|30/100
|move|p1b: Scovillain|Giga Drain|p2b: Garchomp
|-damage|p2b: Garchomp|0 fnt
|faint|p2b: Garchomp
|
|-weather|SunnyDay|[upkeep]
|upkeep
|
|t:|1783210929
|switch|p2b: Basculegion|Basculegion, L50, M|100/100
|turn|3
|
|t:|1783210940
|switch|p1a: Sylveon|Sylveon, L50, M|100/100
|move|p1b: Scovillain|Giga Drain|p2b: Basculegion
|-supereffective|p2b: Basculegion|1
|-damage|p2b: Basculegion|29/100
|move|p2b: Basculegion|Last Respects|p1b: Scovillain
|-damage|p1b: Scovillain|5/100
|move|p2a: Kingambit|Iron Head|p1a: Sylveon
|-supereffective|p1a: Sylveon|1
|-damage|p1a: Sylveon|0 fnt
|faint|p1a: Sylveon
|
|-weather|SunnyDay|[upkeep]
|upkeep
|
|t:|1783210951
|switch|p1a: Salazzle|Salazzle, L50, F|100/100
|turn|4
|
|t:|1783210967
|move|p1b: Scovillain|Giga Drain|p2b: Basculegion
|-supereffective|p2b: Basculegion|1
|-damage|p2b: Basculegion|0 fnt
|-heal|p1b: Scovillain|23/100|[from] drain|[of] p2b: Basculegion
|faint|p2b: Basculegion
|move|p1a: Salazzle|Flamethrower|p2a: Kingambit
|-supereffective|p2a: Kingambit|1
|-damage|p2a: Kingambit|0 fnt
|faint|p2a: Kingambit
|
|-weather|SunnyDay|[upkeep]
|upkeep
|
|t:|1783210978
|switch|p2b: Charizard|Charizard-Mega-Y, L50, M|100/100
|turn|5
|
|t:|1783210987
|move|p1b: Scovillain|Leech Seed|p2b: Charizard
|-start|p2b: Charizard|move: Leech Seed
|move|p1a: Salazzle|Toxic|p2b: Charizard
|-status|p2b: Charizard|tox
|move|p2b: Charizard|Heat Wave|p1a: Salazzle|[spread] p1a,p1b
|-resisted|p1a: Salazzle|1
|-damage|p1a: Salazzle|44/100
|-damage|p1b: Scovillain|0 fnt
|faint|p1b: Scovillain
|
|-weather|none
|-damage|p2b: Charizard|94/100 tox|[from] psn
|upkeep
|
|t:|1783210996
|switch|p1b: Aerodactyl|Aerodactyl-Mega, L50, M|100/100
|turn|6
|
|t:|1783211003
|move|p2b: Charizard|Protect|p2b: Charizard
|-singleturn|p2b: Charizard|Protect
|move|p1b: Aerodactyl|Rock Slide|p2b: Charizard
|-activate|p2b: Charizard|move: Protect
|move|p1a: Salazzle|Sludge Bomb|p2b: Charizard
|-activate|p2b: Charizard|move: Protect
|
|-damage|p2b: Charizard|82/100 tox|[from] Leech Seed|[of] p1b: Aerodactyl
|-damage|p2b: Charizard|70/100 tox|[from] psn
|upkeep
|turn|7
|
|t:|1783211016
|move|p1b: Aerodactyl|Rock Slide|p2b: Charizard
|-supereffective|p2b: Charizard|2
|-damage|p2b: Charizard|0 fnt
|faint|p2b: Charizard
|
|win|thebrickwall285
||thebrickwall285 is ready for game 2.
|inactive|eejay2018 has 30 seconds to confirm battle start!
|inactive|eejay2018 has 20 seconds to confirm battle start!
|inactive|eejay2018 has 10 seconds to confirm battle start!
||eejay2018 is ready for game 2.
|uhtml|next|Next: Game 2 of 3
|l|☆thebrickwall285
|player|p1|
