|j|☆nick pikachu_69
|j|☆Imnotgcb
|html|nick pikachu_69Imnotgcb    
|uhtml|bestof|Game 3 of a best-of-3
|t:|1783202146
|gametype|doubles
|player|p1|nick pikachu_69|elesa|1000
|player|p2|Imnotgcb|170|1115
|gen|9
|tier|[Gen 9 Champions] VGC 2026 Reg M-B (Bo3)
|rated|
|rule|Species Clause: Limit one of each Pokémon
|rule|Item Clause: Limit 1 of each item
|clearpoke
|poke|p1|Incineroar, L50, M|
|poke|p1|Sinistcha, L50|
|poke|p1|Archaludon, L50, F|
|poke|p1|Politoed, L50, F|
|poke|p1|Whimsicott, L50, M|
|poke|p1|Gengar, L50, M|
|poke|p2|Pyroar, L50, M|
|poke|p2|Leafeon, L50, F|
|poke|p2|Venusaur, L50, M|
|poke|p2|Sneasler, L50, F|
|poke|p2|Torkoal, L50, F|
|poke|p2|Sableye, L50, F|
|teampreview|4
|showteam|p1|Incineroar||PasshoBerry|Intimidate|FakeOut,FlareBlitz,PartingShot,Protect|Careful||M|||50|]Sinistcha||ColburBerry|Hospitality|TrickRoom,MatchaGotcha,RagePowder,Protect|Relaxed|||||50|]Archaludon||Leftovers|Stamina|ElectroShot,DragonPulse,FlashCannon,Protect|Timid||F|||50|]Politoed||SitrusBerry|Drizzle|WeatherBall,Hypnosis,Protect,PerishSong|Calm||F|||50|]Whimsicott||FocusSash|Prankster|Encore,StunSpore,Tailwind,Moonblast|Bold||M|||50|]Gengar||Gengarite|CursedBody|PerishSong,Protect,Substitute,ShadowBall|Timid||M|||50|
|showteam|p2|Pyroar||Pyroarite|Unnerve|HeatWave,Taunt,Protect,SolarBeam|Timid||M|||50|]Leafeon||LifeOrb|Chlorophyll|LeafBlade,SolarBlade,Protect,KnockOff|Adamant||F|||50|]Venusaur||Leftovers|Chlorophyll|SleepPowder,GigaDrain,Protect,SludgeBomb|Timid||M|||50|]Sneasler||FocusSash|Unburden|FakeOut,RockSlide,CloseCombat,DireClaw|Jolly||F|||50|]Torkoal||HeatRock|Drought|Eruption,HeatWave,Protect,StealthRock|Modest||F|||50|]Sableye||RoseliBerry|Prankster|LightScreen,Reflect,WillOWisp,FakeOut|Calm||F|||50|
|
|t:|1783202171
|teamsize|p1|4
|teamsize|p2|4
|start
|switch|p1a: Gengar|Gengar, L50, M|100/100
|switch|p1b: Incineroar|Incineroar, L50, M|100/100
|switch|p2a: Sableye|Sableye, L50, F|100/100
|switch|p2b: Venusaur|Venusaur, L50, M|100/100
|-ability|p1b: Incineroar|Intimidate|boost
|-unboost|p2a: Sableye|atk|1
|-unboost|p2b: Venusaur|atk|1
|turn|1
|
|t:|1783202190
|detailschange|p1a: Gengar|Gengar-Mega, L50, M
|-mega|p1a: Gengar|Gengar|Gengarite
|move|p1a: Gengar|Protect|p1a: Gengar
|-singleturn|p1a: Gengar|Protect
|move|p2b: Venusaur|Protect|p2b: Venusaur
|-singleturn|p2b: Venusaur|Protect
|move|p1b: Incineroar|Fake Out|p2b: Venusaur
|-activate|p2b: Venusaur|move: Protect
|move|p2a: Sableye|Fake Out|p1b: Incineroar
|-damage|p1b: Incineroar|95/100
|
|upkeep
|turn|2
|
|t:|1783202208
|switch|p2a: Torkoal|Torkoal, L50, F|100/100
|-weather|SunnyDay|[from] ability: Drought|[of] p2a: Torkoal
|move|p2b: Venusaur|Sleep Powder|p1a: Gengar
|-status|p1a: Gengar|slp|[from] move: Sleep Powder
|cant|p1a: Gengar|slp
|move|p1b: Incineroar|Flare Blitz|p2b: Venusaur
|-supereffective|p2b: Venusaur|1
|-damage|p2b: Venusaur|0 fnt
|faint|p2b: Venusaur
|-damage|p1b: Incineroar|64/100|[from] Recoil
|
|-weather|SunnyDay|[upkeep]
|upkeep
|
|t:|1783202224
|switch|p2b: Leafeon|Leafeon, L50, F|100/100
|turn|3
|
|t:|1783202245
|switch|p1a: Politoed|Politoed, L50, F|100/100
|-weather|RainDance|[from] ability: Drizzle|[of] p1a: Politoed
|move|p2b: Leafeon|Protect|p2b: Leafeon
|-singleturn|p2b: Leafeon|Protect
|move|p1b: Incineroar|Flare Blitz|p2b: Leafeon
|-activate|p2b: Leafeon|move: Protect
|move|p2a: Torkoal|Eruption|p1b: Incineroar|[spread] p1a,p1b
|-resisted|p1a: Politoed|1
|-resisted|p1b: Incineroar|1
|-damage|p1a: Politoed|89/100
|-damage|p1b: Incineroar|52/100
|
|-weather|RainDance|[upkeep]
|upkeep
|turn|4
|
|t:|1783202280
|move|p1a: Politoed|Protect|p1a: Politoed
|-singleturn|p1a: Politoed|Protect
|move|p1b: Incineroar|Protect|p1b: Incineroar
|-singleturn|p1b: Incineroar|Protect
|move|p2b: Leafeon|Leaf Blade|p1a: Politoed
|-activate|p1a: Politoed|move: Protect
|move|p2a: Torkoal|Heat Wave|p1b: Incineroar|[spread] 
|-activate|p1a: Politoed|move: Protect
|-activate|p1b: Incineroar|move: Protect
|
|-weather|RainDance|[upkeep]
|upkeep
|turn|5
|
|t:|1783202300
|switch|p1a: Gengar|Gengar-Mega, L50, M|100/100 slp
|switch|p2a: Sableye|Sableye, L50, F|100/100
|move|p2b: Leafeon|Leaf Blade|p1a: Gengar
|-resisted|p1a: Gengar|1
|-damage|p1a: Gengar|65/100 slp
|-damage|p2b: Leafeon|90/100|[from] item: Life Orb
|move|p1b: Incineroar|Flare Blitz|p2b: Leafeon
|-supereffective|p2b: Leafeon|1
|-damage|p2b: Leafeon|45/100
|-damage|p1b: Incineroar|41/100|[from] Recoil
|
|-weather|RainDance|[upkeep]
|upkeep
|turn|6
|
|t:|1783202321
|switch|p2a: Torkoal|Torkoal, L50, F|100/100
|-weather|SunnyDay|[from] ability: Drought|[of] p2a: Torkoal
|cant|p1a: Gengar|slp
|move|p1b: Incineroar|Protect|p1b: Incineroar
|-singleturn|p1b: Incineroar|Protect
|move|p2b: Leafeon|Knock Off|p1a: Gengar
|-supereffective|p1a: Gengar|1
|-damage|p1a: Gengar|0 fnt
|faint|p1a: Gengar
|-damage|p2b: Leafeon|35/100|[from] item: Life Orb
|
|-weather|SunnyDay|[upkeep]
|upkeep
|
|t:|1783202333
|switch|p1a: Archaludon|Archaludon, L50, F|100/100
|turn|7
|
|t:|1783202346
|switch|p2a: Sableye|Sableye, L50, F|100/100
|move|p2b: Leafeon|Protect|p2b: Leafeon
|-singleturn|p2b: Leafeon|Protect
|move|p1a: Archaludon|Protect|p1a: Archaludon
|-singleturn|p1a: Archaludon|Protect
|move|p1b: Incineroar|Protect||[still]
|-fail|p1b: Incineroar
|
|-weather|SunnyDay|[upkeep]
|upkeep
|turn|8
|
|t:|1783202363
|switch|p2b: Torkoal|Torkoal, L50, F|100/100
|move|p2a: Sableye|Fake Out|p1a: Archaludon
|-resisted|p1a: Archaludon|1
|-damage|p1a: Archaludon|97/100
|-ability|p1a: Archaludon|Stamina|boost
|-boost|p1a: Archaludon|def|1
|cant|p1a: Archaludon|flinch
|move|p1b: Incineroar|Flare Blitz|p2b: Torkoal
|-resisted|p2b: Torkoal|1
|-damage|p2b: Torkoal|65/100
|-damage|p1b: Incineroar|31/100|[from] Recoil
|
|-weather|SunnyDay|[upkeep]
|-heal|p1a: Archaludon|100/100|[from] item: Leftovers
|upkeep
|turn|9
|
|t:|1783202382
|switch|p1b: Politoed|Politoed, L50, F|89/100
|-weather|RainDance|[from] ability: Drizzle|[of] p1b: Politoed
|switch|p2b: Leafeon|Leafeon, L50, F|35/100
|move|p1a: Archaludon|Protect|p1a: Archaludon
|-singleturn|p1a: Archaludon|Protect
|move|p2a: Sableye|Light Screen|p2a: Sableye
|-sidestart|p2: Imnotgcb|move: Light Screen
|
|-weather|RainDance|[upkeep]
|upkeep
|turn|10
|
|t:|1783202401
|switch|p2a: Torkoal|Torkoal, L50, F|65/100
|-weather|SunnyDay|[from] ability: Drought|[of] p2a: Torkoal
|move|p1b: Politoed|Protect|p1b: Politoed
|-singleturn|p1b: Politoed|Protect
|move|p2b: Leafeon|Solar Blade||[still]
|-prepare|p2b: Leafeon|Solar Blade
|-anim|p2b: Leafeon|Solar Blade|p1b: Politoed
|-activate|p1b: Politoed|move: Protect
|move|p1a: Archaludon|Dragon Pulse|p2b: Leafeon
|-damage|p2b: Leafeon|6/100
|
|-weather|SunnyDay|[upkeep]
|upkeep
|turn|11
|
|t:|1783202420
|switch|p2b: Sableye|Sableye, L50, F|100/100
|switch|p1b: Incineroar|Incineroar, L50, M|31/100
|-ability|p1b: Incineroar|Intimidate|boost
|-unboost|p2a: Torkoal|atk|1
|-unboost|p2b: Sableye|atk|1
|move|p1a: Archaludon|Dragon Pulse|p2b: Sableye
|-damage|p2b: Sableye|70/100
|move|p2a: Torkoal|Heat Wave|p1b: Incineroar|[spread] p1a,p1b
|-resisted|p1b: Incineroar|1
|-damage|p1a: Archaludon|30/100
|-damage|p1b: Incineroar|6/100
|-ability|p1a: Archaludon|Stamina|boost
|-boost|p1a: Archaludon|def|1
|
|-weather|SunnyDay|[upkeep]
|-heal|p1a: Archaludon|36/100|[from] item: Leftovers
|upkeep
|turn|12
|
|t:|1783202442
|move|p1b: Incineroar|Protect|p1b: Incineroar
|-singleturn|p1b: Incineroar|Protect
|move|p2a: Torkoal|Protect|p2a: Torkoal
|-singleturn|p2a: Torkoal|Protect
|move|p2b: Sableye|Fake Out|p1a: Archaludon
|-resisted|p1a: Archaludon|1
|-crit|p1a: Archaludon
|-damage|p1a: Archaludon|32/100
|-ability|p1a: Archaludon|Stamina|boost
|-boost|p1a: Archaludon|def|1
|cant|p1a: Archaludon|flinch
|
|-weather|SunnyDay|[upkeep]
|-heal|p1a: Archaludon|38/100|[from] item: Leftovers
|upkeep
|turn|13
|
|t:|1783202465
|move|p2b: Sableye|Will-O-Wisp|p1a: Archaludon
|-status|p1a: Archaludon|brn
|move|p1a: Archaludon|Dragon Pulse|p2a: Torkoal
|-damage|p2a: Torkoal|33/100
|move|p1b: Incineroar|Flare Blitz|p2b: Sableye
|-damage|p2b: Sableye|0 fnt
|faint|p2b: Sableye
|-damage|p1b: Incineroar|0 fnt|[from] Recoil
|faint|p1b: Incineroar
|move|p2a: Torkoal|Heat Wave|p1a: Archaludon
|-damage|p1a: Archaludon|0 fnt
|faint|p1a: Archaludon
|
|-weather|SunnyDay|[upkeep]
|-sideend|p2: Imnotgcb|move: Light Screen
|upkeep
|
|t:|1783202482
|switch|p1b: Politoed|Politoed, L50, F|89/100
|switch|p2b: Leafeon|Leafeon, L50, F|6/100
|-weather|RainDance|[from] ability: Drizzle|[of] p1b: Politoed
|turn|14
|
|t:|1783202497
|move|p2b: Leafeon|Leaf Blade|p1b: Politoed
|-supereffective|p1b: Politoed|1
|-damage|p1b: Politoed|0 fnt
|faint|p1b: Politoed
|-damage|p2b: Leafeon|0 fnt|[from] item: Life Orb
|faint|p2b: Leafeon
|
|win|Imnotgcb
|raw|nick pikachu_69's rating: 1000 → 1000(+0 for losing)
|raw|Imnotgcb's rating: 1115 → 1132(+17 for winning)
|l|☆nick pikachu_69
|player|p1|
|l|☆Imnotgcb
|player|p2|
|j|☆Imnotgcb
|player|p2|Imnotgcb|170|
