|j|☆WaluigiVGC
|j|☆capspungo
|html|WaluigiVGCcapspungo    
|uhtml|bestof|Game 1 of a best-of-3
|t:|1757023872
|gametype|doubles
|player|p1|WaluigiVGC|169|1194
|player|p2|capspungo|2|1234
|gen|9
|tier|[Gen 9] VGC 2025 Reg H (Bo3)
|rated|
|rule|Species Clause: Limit one of each Pokémon
|rule|Item Clause: Limit 1 of each item
|clearpoke
|poke|p1|Sneasler, L50, F|
|poke|p1|Indeedee, L50, M|
|poke|p1|Whimsicott, L50, M|
|poke|p1|Ursaluna-Bloodmoon, L50, M|
|poke|p1|Tatsugiri, L50, F|
|poke|p1|Dondozo, L50, M|
|poke|p2|Toedscruel, L50, F|
|poke|p2|Weezing-Galar, L50, F|
|poke|p2|Pawmot, L50, M|
|poke|p2|Typhlosion-Hisui, L50, M|
|poke|p2|Corviknight, L50, M|
|poke|p2|Garchomp, L50, M|
|teampreview|4
|showteam|p1|Sneasler||PsychicSeed|Unburden|DireClaw,CloseCombat,ThroatChop,Protect|||F|||50|,,,,,Dark]Indeedee||FocusSash|PsychicSurge|ExpandingForce,TeraBlast,HelpingHand,Protect|||M|||50|,,,,,Psychic]Whimsicott||CovertCloak|Prankster|Moonblast,Tailwind,HelpingHand,LightScreen|||M|||50|,,,,,Poison]Ursaluna-Bloodmoon||SilkScarf|MindsEye|BloodMoon,HyperVoice,EarthPower,Protect|||M|||50|,,,,,Normal]Tatsugiri||SafetyGoggles|Commander|DracoMeteor,MuddyWater,HelpingHand,Protect|||F|||50|,,,,,Normal]Dondozo||Leftovers|Unaware|WaveCrash,Earthquake,OrderUp,Protect|||M|||50|,,,,,Grass
|showteam|p2|Toedscruel||CovertCloak|MyceliumMight|RagePowder,Spore,EarthPower,AcidSpray|||F|||50|,,,,,Water]Weezing-Galar||ChoiceSpecs|NeutralizingGas|DazzlingGleam,SludgeBomb,StrangeSteam,Flamethrower|||F|||50|,,,,,Fire]Pawmot||FocusSash|NaturalCure|FakeOut,CloseCombat,DoubleShock,Protect|||M|||50|,,,,,Electric]Typhlosion-Hisui||ChoiceScarf|Blaze|Eruption,ShadowBall,HeatWave,SleepTalk|||M|||50|,,,,,Fire]Corviknight||SitrusBerry|MirrorArmor|BraveBird,Tailwind,Protect,Roost|||M|||50|,,,,,Dragon]Garchomp||LifeOrb|RoughSkin|Earthquake,StompingTantrum,DragonClaw,Protect|||M|||50|,,,,,Ground
|inactive|Battle timer is ON: inactive players will automatically lose when time's up. (requested by capspungo)
|
|t:|1757023902
|teamsize|p1|4
|teamsize|p2|4
|start
|switch|p1a: Whimsicott|Whimsicott, L50, M|100/100
|switch|p1b: Ursaluna|Ursaluna-Bloodmoon, L50, M|100/100
|switch|p2a: Toedscruel|Toedscruel, L50, F|100/100
|switch|p2b: Weezing|Weezing-Galar, L50, F|100/100
|-ability|p2b: Weezing|Neutralizing Gas
|turn|1
|inactive|capspungo has 30 seconds left.
|inactive|capspungo has 20 seconds left.
|
|t:|1757023939
|-terastallize|p1b: Ursaluna|Normal
|move|p2a: Toedscruel|Spore|p1b: Ursaluna
|-status|p1b: Ursaluna|slp|[from] move: Spore
|move|p1a: Whimsicott|Tailwind|p1a: Whimsicott
|-sidestart|p1: WaluigiVGC|move: Tailwind
|cant|p1b: Ursaluna|slp
|move|p2b: Weezing|Strange Steam|p1a: Whimsicott
|-damage|p1a: Whimsicott|42/100
|
|upkeep
|turn|2
|
|t:|1757023962
|move|p1a: Whimsicott|Light Screen|p1a: Whimsicott
|-sidestart|p1: WaluigiVGC|move: Light Screen
|cant|p1b: Ursaluna|slp
|move|p2a: Toedscruel|Acid Spray|p1b: Ursaluna
|-damage|p1b: Ursaluna|94/100 slp
|-unboost|p1b: Ursaluna|spd|2
|move|p2b: Weezing|Strange Steam|p1b: Ursaluna
|-damage|p1b: Ursaluna|0 fnt
|faint|p1b: Ursaluna
|
|upkeep
|
|t:|1757023981
|switch|p1b: Sneasler|Sneasler, L50, F, shiny|100/100
|turn|3
|
|t:|1757024004
|move|p1a: Whimsicott|Helping Hand|p1b: Sneasler
|-singleturn|p1b: Sneasler|Helping Hand|[of] p1a: Whimsicott
|move|p1b: Sneasler|Close Combat|p2a: Toedscruel
|-damage|p2a: Toedscruel|0 fnt
|-unboost|p1b: Sneasler|def|1
|-unboost|p1b: Sneasler|spd|1
|faint|p2a: Toedscruel
|move|p2b: Weezing|Strange Steam|p1a: Whimsicott
|-damage|p1a: Whimsicott|0 fnt
|faint|p1a: Whimsicott
|
|upkeep
|
|t:|1757024017
|switch|p2a: Pawmot|Pawmot, L50, M|100/100
|switch|p1a: Indeedee|Indeedee, L50, M|100/100
|turn|4
|
|t:|1757024034
|switch|p2a: Typhlosion|Typhlosion-Hisui, L50, M|100/100
|move|p1b: Sneasler|Dire Claw|p2a: Typhlosion
|-resisted|p2a: Typhlosion
|-damage|p2a: Typhlosion|68/100
|-status|p2a: Typhlosion|slp
|move|p1a: Indeedee|Expanding Force|p2b: Weezing
|-supereffective|p2b: Weezing
|-damage|p2b: Weezing|6/100
|move|p2b: Weezing|Strange Steam|p1a: Indeedee
|-damage|p1a: Indeedee|52/100
|
|-sideend|p1: WaluigiVGC|move: Tailwind
|upkeep
|turn|5
|inactive|capspungo has 30 seconds left.
|inactive|capspungo has 20 seconds left.
|inactive|capspungo has 15 seconds left.
|inactive|capspungo has 10 seconds left.
|
|t:|1757024083
|-terastallize|p2a: Typhlosion|Fire
|cant|p2a: Typhlosion|slp
|move|p2a: Typhlosion|Sleep Talk|p2a: Typhlosion
|move|p2a: Typhlosion|Heat Wave|p1a: Indeedee|[from] move: Sleep Talk|[spread] p1a,p1b
|-damage|p1a: Indeedee|8/100
|-damage|p1b: Sneasler|29/100
|move|p1b: Sneasler|Throat Chop|p2a: Typhlosion
|-damage|p2a: Typhlosion|27/100 slp
|-start|p2a: Typhlosion|Throat Chop|[silent]
|move|p1a: Indeedee|Expanding Force|p2b: Weezing
|-supereffective|p2b: Weezing
|-damage|p2b: Weezing|0 fnt
|faint|p2b: Weezing
|-end|p2b: Weezing|ability: Neutralizing Gas
|-fieldstart|move: Psychic Terrain|[from] ability: Psychic Surge|[of] p1a: Indeedee
|-enditem|p1b: Sneasler|Psychic Seed
|-boost|p1b: Sneasler|spd|1|[from] item: Psychic Seed
|
|upkeep
|
|t:|1757024094
|switch|p2b: Pawmot|Pawmot, L50, M|100/100
|turn|6
|
|t:|1757024114
|move|p1b: Sneasler|Dire Claw|p2a: Typhlosion
|-crit|p2a: Typhlosion
|-damage|p2a: Typhlosion|0 fnt
|faint|p2a: Typhlosion
|move|p2b: Pawmot|Close Combat|p1b: Sneasler
|-resisted|p1b: Sneasler
|-damage|p1b: Sneasler|0 fnt
|-unboost|p2b: Pawmot|def|1
|-unboost|p2b: Pawmot|spd|1
|faint|p1b: Sneasler
|move|p1a: Indeedee|Expanding Force|p2b: Pawmot
|-supereffective|p2b: Pawmot
|-enditem|p2b: Pawmot|Focus Sash
|-damage|p2b: Pawmot|1/100
|
|-sideend|p1: WaluigiVGC|move: Light Screen
|upkeep
|turn|7
|inactive|WaluigiVGC has 30 seconds left.
|
|t:|1757024140
|move|p2b: Pawmot|Double Shock|p1a: Indeedee
|-crit|p1a: Indeedee
|-damage|p1a: Indeedee|0 fnt
|-start|p2b: Pawmot|typechange|???/Fighting|[from] move: Double Shock
|faint|p1a: Indeedee
|
|win|capspungo
||capspungo is ready for game 2.
