|j|☆Fynnster
|j|☆Scarfchomper003
|html|FynnsterScarfchomper003    
|uhtml|bestof|Game 1 of a best-of-3
|t:|1756398885
|gametype|doubles
|player|p1|Fynnster|sabrina-gen1rb|
|player|p2|Scarfchomper003|boarder|
|gen|9
|tier|[Gen 9] VGC 2025 Reg H (Bo3)
|rule|Species Clause: Limit one of each Pokémon
|rule|Item Clause: Limit 1 of each item
|clearpoke
|poke|p1|Incineroar, L50, M|
|poke|p1|Porygon2, L50|
|poke|p1|Amoonguss, L50, F|
|poke|p1|Ursaluna, L50, M|
|poke|p1|Gholdengo, L50|
|poke|p1|Flamigo, L50, M|
|poke|p2|Sneasler, L50, M|
|poke|p2|Kingambit, L50, M|
|poke|p2|Rillaboom, L50, M|
|poke|p2|Dragonite, L50, F|
|poke|p2|Volcarona, L50, M|
|poke|p2|Electabuzz, L50, F|
|teampreview|4
|showteam|p1|Incineroar||SafetyGoggles|Intimidate|KnockOff,FlareBlitz,PartingShot,FakeOut|||M|||50|,,,,,Grass]Porygon2||Eviolite|Download|TeraBlast,IceBeam,Recover,TrickRoom||||||50|,,,,,Fighting]Amoonguss||MentalHerb|Regenerator|Spore,RagePowder,PollenPuff,SludgeBomb|||F|||50|,,,,,Water]Ursaluna||FlameOrb|Guts|Facade,HeadlongRush,Earthquake,Protect|||M|||50|,,,,,Normal]Gholdengo||LifeOrb|GoodasGold|MakeItRain,ShadowBall,NastyPlot,Protect||||||50|,,,,,Dragon]Flamigo||FocusSash|Scrappy|CloseCombat,BraveBird,WideGuard,Protect|||M|||50|,,,,,Ghost
|showteam|p2|Sneasler||FocusSash|Unburden|DireClaw,CloseCombat,Coaching,FakeOut|||M|||50|,,,,,Stellar]Kingambit||BlackGlasses|Defiant|KowtowCleave,SwordsDance,SuckerPunch,Protect|||M|||50|,,,,,Dark]Rillaboom||AssaultVest|GrassySurge|FakeOut,WoodHammer,GrassyGlide,HighHorsepower|||M|||50|,,,,,Fire]Dragonite||LoadedDice|Multiscale|ScaleShot,ExtremeSpeed,Haze,Protect|||F|||50|,,,,,Fairy]Volcarona||CovertCloak|FlameBody|HeatWave,TeraBlast,QuiverDance,Protect|||M|||50|,,,,,Fairy]Electabuzz||Eviolite|VitalSpirit|Electroweb,FollowMe,Taunt,Protect|||F|||50|,,,,,Ghost
|inactive|Battle timer is ON: inactive players will automatically lose when time's up. (requested by Fynnster)
|inactive|Scarfchomper003 also wants the timer to be on.
|inactive|Fynnster no longer wants the timer on, but the timer is staying on because scarfchomper003 still does.
|inactiveoff|Battle timer is now OFF.
|
|t:|1756398983
|teamsize|p1|4
|teamsize|p2|4
|start
|switch|p1a: Flamigo|Flamigo, L50, M, shiny|100/100
|switch|p1b: Incineroar|Incineroar, L50, M, shiny|100/100
|switch|p2a: Volcarona|Volcarona, L50, M|100/100
|switch|p2b: Electabuzz|Electabuzz, L50, F|100/100
|-ability|p1b: Incineroar|Intimidate|boost
|-unboost|p2a: Volcarona|atk|1
|-unboost|p2b: Electabuzz|atk|1
|turn|1
|
|t:|1756399034
|-terastallize|p2b: Electabuzz|Ghost
|move|p1a: Flamigo|Protect|p1a: Flamigo
|-singleturn|p1a: Flamigo|Protect
|move|p2b: Electabuzz|Follow Me|p2b: Electabuzz
|-singleturn|p2b: Electabuzz|move: Follow Me
|move|p2a: Volcarona|Quiver Dance|p2a: Volcarona
|-boost|p2a: Volcarona|spa|1
|-boost|p2a: Volcarona|spd|1
|-boost|p2a: Volcarona|spe|1
|move|p1b: Incineroar|Parting Shot|p2b: Electabuzz
|-unboost|p2b: Electabuzz|atk|1
|-unboost|p2b: Electabuzz|spa|1
|
|t:|1756399053
|switch|p1b: Ursaluna|Ursaluna, L50, M, shiny|100/100|[from] Parting Shot
|
|-status|p1b: Ursaluna|brn|[from] item: Flame Orb
|upkeep
|turn|2
|
|t:|1756399070
|move|p2a: Volcarona|Protect|p2a: Volcarona
|-singleturn|p2a: Volcarona|Protect
|move|p1a: Flamigo|Wide Guard|p1a: Flamigo
|-singleturn|p1a: Flamigo|Wide Guard
|move|p2b: Electabuzz|Electroweb|p1a: Flamigo|[spread] 
|-activate|p1a: Flamigo|move: Wide Guard
|-activate|p1b: Ursaluna|move: Wide Guard
|move|p1b: Ursaluna|Earthquake|p2a: Volcarona|[spread] p2b
|-activate|p1a: Flamigo|move: Wide Guard
|-activate|p2a: Volcarona|move: Protect
|-damage|p2b: Electabuzz|48/100
|
|-damage|p1b: Ursaluna|95/100 brn|[from] brn
|upkeep
|turn|3
|
|t:|1756399094
|move|p1a: Flamigo|Wide Guard|p1a: Flamigo
|-singleturn|p1a: Flamigo|Wide Guard
|move|p2b: Electabuzz|Follow Me|p2b: Electabuzz
|-singleturn|p2b: Electabuzz|move: Follow Me
|move|p2a: Volcarona|Quiver Dance|p2a: Volcarona
|-boost|p2a: Volcarona|spa|1
|-boost|p2a: Volcarona|spd|1
|-boost|p2a: Volcarona|spe|1
|move|p1b: Ursaluna|Earthquake|p2b: Electabuzz|[spread] p2a,p2b
|-activate|p1a: Flamigo|move: Wide Guard
|-damage|p2a: Volcarona|22/100
|-damage|p2b: Electabuzz|0 fnt
|faint|p2b: Electabuzz
|
|-damage|p1b: Ursaluna|89/100 brn|[from] brn
|upkeep
|
|t:|1756399109
|switch|p2b: Sneasler|Sneasler, L50, M|100/100
|turn|4
|
|t:|1756399137
|switch|p1b: Incineroar|Incineroar, L50, M, shiny|100/100
|-ability|p1b: Incineroar|Intimidate|boost
|-unboost|p2a: Volcarona|atk|1
|-unboost|p2b: Sneasler|atk|1
|-terastallize|p1a: Flamigo|Ghost
|move|p2b: Sneasler|Fake Out|p1b: Incineroar
|-damage|p1b: Incineroar|92/100
|move|p2a: Volcarona|Heat Wave|p1b: Incineroar|[spread] p1a
|-miss|p2a: Volcarona|p1b: Incineroar
|-enditem|p1a: Flamigo|Focus Sash
|-damage|p1a: Flamigo|1/100
|move|p1a: Flamigo|Brave Bird|p2a: Volcarona
|-supereffective|p2a: Volcarona
|-damage|p2a: Volcarona|0 fnt
|faint|p2a: Volcarona
|-damage|p1a: Flamigo|0 fnt|[from] Recoil
|faint|p1a: Flamigo
|
|upkeep
|
|t:|1756399168
|switch|p1a: Ursaluna|Ursaluna, L50, M, shiny|89/100 brn
|switch|p2a: Dragonite|Dragonite, L50, F|100/100
|turn|5
|l|☆Scarfchomper003
|player|p2|
|-message|Fynnster forfeited.
|
|win|Scarfchomper003
|l|☆Fynnster
|player|p1|
|j|☆Fynnster
|player|p1|Fynnster|sabrina-gen1rb|
|inactive|Fynnster has 30 seconds to confirm battle start!
|inactive|Scarfchomper003 has 30 seconds to confirm battle start!
