|j|☆txils
|j|☆precisiondepicasso
|html|txilsprecisiondepicasso    
|uhtml|bestof|Game 3 of a best-of-3
|t:|1782406897
|gametype|doubles
|player|p1|txils|266|1000
|player|p2|precisiondepicasso|cyclistf-gen4|1000
|gen|9
|tier|[Gen 9 Champions] VGC 2026 Reg M-B (Bo3)
|rated|
|rule|Species Clause: Limit one of each Pokémon
|rule|Item Clause: Limit 1 of each item
|clearpoke
|poke|p1|Mawile, L50, M, shiny|
|poke|p1|Politoed, L50, F|
|poke|p1|Swampert, L50, M|
|poke|p1|Aerodactyl, L50, M|
|poke|p1|Venusaur, L50, M|
|poke|p1|Kingambit, L50, M|
|poke|p2|Aerodactyl, L50, F|
|poke|p2|Garchomp, L50, M|
|poke|p2|Kingambit, L50, F|
|poke|p2|Charizard, L50, M|
|poke|p2|Sylveon, L50, M|
|poke|p2|Farigiraf, L50, M|
|teampreview|4
|showteam|p1|Mawile||Mawilite|HyperCutter|Protect,IronHead,PlayRough,SuckerPunch|Adamant||M|||50|]Politoed||SitrusBerry|Drizzle|Protect,HelpingHand,Encore,WeatherBall|Calm||F|||50|]Swampert||Swampertite|Torrent|Protect,HighHorsepower,WaveCrash,IcePunch|Adamant||M|||50|]Aerodactyl||FocusSash|Unnerve|Protect,Tailwind,RockSlide,DualWingbeat|Jolly||M|||50|]Venusaur||Leftovers|Overgrow|Protect,SludgeBomb,GigaDrain,EarthPower|Modest||M|||50|]Kingambit||BlackGlasses|Defiant|Protect,SuckerPunch,KowtowCleave,LowKick|Adamant||M|||50|
|showteam|p2|Aerodactyl||Aerodactylite|Unnerve|IceFang,RockSlide,Tailwind,DualWingbeat|Jolly||F|||50|]Garchomp||LifeOrb|RoughSkin|DragonClaw,StompingTantrum,Earthquake,Protect|Jolly||M|||50|]Kingambit||FocusSash|Defiant|SuckerPunch,KowtowCleave,IronHead,LowKick|Adamant||F|||50|]Charizard||CharizarditeY|Blaze|Protect,WeatherBall,HeatWave,SolarBeam|Modest||M|||50|]Sylveon||FairyFeather|Pixilate|Protect,HyperVoice,HyperBeam,QuickAttack|Modest||M|||50|]Farigiraf||SitrusBerry|ArmorTail|TrickRoom,Thunderbolt,Roar,TwinBeam|Bold||M|||50|
|inactive|Battle timer is ON: inactive players will automatically lose when time's up. (requested by precisiondepicasso)
|inactive|precisiondepicasso has 60 seconds left.
|
|t:|1782406937
|teamsize|p1|4
|teamsize|p2|4
|start
|switch|p1a: Politoed|Politoed, L50, F|100/100
|switch|p1b: Swampert|Swampert, L50, M|100/100
|switch|p2a: Farigiraf|Farigiraf, L50, M|100/100
|switch|p2b: Sylveon|Sylveon, L50, M|100/100
|-weather|RainDance|[from] ability: Drizzle|[of] p1a: Politoed
|turn|1
|inactive|txils has 30 seconds left.
|
|t:|1782406967
|switch|p1b: Venusaur|Venusaur, L50, M|100/100
|move|p1a: Politoed|Encore||[still]
|-fail|p1a: Politoed
|move|p2b: Sylveon|Hyper Voice|p1a: Politoed|[spread] p1a,p1b
|-resisted|p1b: Venusaur|1
|-damage|p1a: Politoed|69/100
|-damage|p1b: Venusaur|72/100
|move|p2a: Farigiraf|Trick Room|p2a: Farigiraf
|-fieldstart|move: Trick Room|[of] p2a: Farigiraf
|
|-weather|RainDance|[upkeep]
|-heal|p1b: Venusaur|78/100|[from] item: Leftovers
|upkeep
|turn|2
|
|t:|1782406987
|switch|p2a: Kingambit|Kingambit, L50, F|100/100
|move|p1a: Politoed|Helping Hand|p1b: Venusaur
|-singleturn|p1b: Venusaur|Helping Hand|[of] p1a: Politoed
|move|p2b: Sylveon|Hyper Voice|p1b: Venusaur|[spread] p1a,p1b
|-resisted|p1b: Venusaur|1
|-damage|p1a: Politoed|36/100
|-damage|p1b: Venusaur|49/100
|-enditem|p1a: Politoed|Sitrus Berry|[eat]
|-heal|p1a: Politoed|61/100|[from] item: Sitrus Berry
|move|p1b: Venusaur|Sludge Bomb|p2b: Sylveon
|-supereffective|p2b: Sylveon|1
|-damage|p2b: Sylveon|0 fnt
|faint|p2b: Sylveon
|
|-weather|RainDance|[upkeep]
|-heal|p1b: Venusaur|54/100|[from] item: Leftovers
|upkeep
|
|t:|1782407002
|switch|p2b: Farigiraf|Farigiraf, L50, M|100/100
|turn|3
|
|t:|1782407023
|switch|p1a: Swampert|Swampert, L50, M|100/100
|switch|p1b: Kingambit|Kingambit, L50, M|100/100
|move|p2b: Farigiraf|Twin Beam|p1b: Kingambit
|-immune|p1b: Kingambit
|move|p2a: Kingambit|Kowtow Cleave|p1a: Swampert
|-damage|p1a: Swampert|56/100
|
|-weather|RainDance|[upkeep]
|upkeep
|turn|4
|
|t:|1782407042
|detailschange|p1a: Swampert|Swampert-Mega, L50, M
|-mega|p1a: Swampert|Swampert|Swampertite
|move|p1a: Swampert|Protect|p1a: Swampert
|-singleturn|p1a: Swampert|Protect
|move|p1b: Kingambit|Low Kick|p2a: Kingambit
|-supereffective|p2a: Kingambit|2
|-crit|p2a: Kingambit
|-enditem|p2a: Kingambit|Focus Sash
|-damage|p2a: Kingambit|1/100
|move|p2b: Farigiraf|Twin Beam|p1a: Swampert
|-activate|p1a: Swampert|move: Protect
|move|p2a: Kingambit|Low Kick|p1b: Kingambit
|-supereffective|p1b: Kingambit|2
|-damage|p1b: Kingambit|0 fnt
|faint|p1b: Kingambit
|
|-weather|RainDance|[upkeep]
|upkeep
|
|t:|1782407056
|switch|p1b: Politoed|Politoed, L50, F|61/100
|turn|5
|
|t:|1782407068
|switch|p1a: Venusaur|Venusaur, L50, M|54/100
|move|p2b: Farigiraf|Thunderbolt|p1b: Politoed
|-supereffective|p1b: Politoed|1
|-damage|p1b: Politoed|28/100
|move|p1b: Politoed|Weather Ball|p2a: Kingambit
|-damage|p2a: Kingambit|0 fnt
|faint|p2a: Kingambit
|
|-weather|none
|-heal|p1a: Venusaur|60/100|[from] item: Leftovers
|-fieldend|move: Trick Room
|upkeep
|
|t:|1782407080
|switch|p2a: Charizard|Charizard, L50, M|100/100
|turn|6
|inactive|txils has 30 seconds left.
|
|t:|1782407106
|switch|p1b: Swampert|Swampert-Mega, L50, M|56/100
|detailschange|p2a: Charizard|Charizard-Mega-Y, L50, M
|-mega|p2a: Charizard|Charizard|Charizardite Y
|-weather|SunnyDay|[from] ability: Drought|[of] p2a: Charizard
|move|p1a: Venusaur|Protect|p1a: Venusaur
|-singleturn|p1a: Venusaur|Protect
|move|p2a: Charizard|Solar Beam||[still]
|-prepare|p2a: Charizard|Solar Beam
|-anim|p2a: Charizard|Solar Beam|p1b: Swampert
|-supereffective|p1b: Swampert|2
|-damage|p1b: Swampert|0 fnt
|faint|p1b: Swampert
|move|p2b: Farigiraf|Twin Beam|p1a: Venusaur
|-activate|p1a: Venusaur|move: Protect
|
|-weather|SunnyDay|[upkeep]
|-heal|p1a: Venusaur|66/100|[from] item: Leftovers
|upkeep
|
|t:|1782407122
|switch|p1b: Politoed|Politoed, L50, F|28/100
|-weather|RainDance|[from] ability: Drizzle|[of] p1b: Politoed
|turn|7
|
|t:|1782407133
|move|p2a: Charizard|Protect|p2a: Charizard
|-singleturn|p2a: Charizard|Protect
|move|p1a: Venusaur|Sludge Bomb|p2b: Farigiraf
|-damage|p2b: Farigiraf|62/100
|-status|p2b: Farigiraf|psn
|move|p1b: Politoed|Weather Ball|p2a: Charizard
|-activate|p2a: Charizard|move: Protect
|move|p2b: Farigiraf|Thunderbolt|p1b: Politoed
|-supereffective|p1b: Politoed|1
|-damage|p1b: Politoed|0 fnt
|faint|p1b: Politoed
|
|-weather|RainDance|[upkeep]
|-heal|p1a: Venusaur|72/100|[from] item: Leftovers
|-damage|p2b: Farigiraf|50/100g psn|[from] psn
|upkeep
|turn|8
|inactive|precisiondepicasso has 30 seconds left.
|
|t:|1782407160
|move|p1a: Venusaur|Protect|p1a: Venusaur
|-singleturn|p1a: Venusaur|Protect
|move|p2a: Charizard|Weather Ball|p1a: Venusaur
|-activate|p1a: Venusaur|move: Protect
|move|p2b: Farigiraf|Twin Beam|p1a: Venusaur
|-activate|p1a: Venusaur|move: Protect
|
|-weather|RainDance|[upkeep]
|-heal|p1a: Venusaur|78/100|[from] item: Leftovers
|-damage|p2b: Farigiraf|38/100 psn|[from] psn
|upkeep
|-enditem|p2b: Farigiraf|Sitrus Berry|[eat]
|-heal|p2b: Farigiraf|63/100 psn|[from] item: Sitrus Berry
|turn|9
|-message|txils forfeited.
|
|win|precisiondepicasso
|raw|txils's rating: 1000 → 1000(+0 for losing)
|raw|precisiondepicasso's rating: 1000 → 1040(+40 for winning)
|l|☆txils
|player|p1|
|n|☆precisiondepicasso|precisiondepicasso
