|j|☆wweewwzz
|j|☆ThierryVGC
|html|wweewwzzThierryVGC    
|uhtml|bestof|Game 1 of a best-of-3
|t:|1756489714
|gametype|doubles
|player|p1|wweewwzz|pokekid|1366
|player|p2|ThierryVGC|101|1256
|gen|9
|tier|[Gen 9] VGC 2025 Reg H (Bo3)
|rated|
|rule|Species Clause: Limit one of each Pokémon
|rule|Item Clause: Limit 1 of each item
|clearpoke
|poke|p1|Gholdengo, L50|
|poke|p1|Incineroar, L50, M|
|poke|p1|Ursaluna, L50, F|
|poke|p1|Sinistcha, L50|
|poke|p1|Sneasler, L50, M|
|poke|p1|Dragonite, L50, F|
|poke|p2|Garchomp, L50, F|
|poke|p2|Drifblim, L50, M|
|poke|p2|Indeedee, L50, M|
|poke|p2|Sneasler, L50, F|
|poke|p2|Corviknight, L50, F|
|poke|p2|Gardevoir, L50, F|
|teampreview|4
|showteam|p1|Gholdengo||LifeOrb|GoodasGold|MakeItRain,ShadowBall,NastyPlot,Protect||||||50|,,,,,Water]Incineroar||AssaultVest|Intimidate|FakeOut,Uturn,KnockOff,FlareBlitz|||M|||50|,,,,,Ghost]Ursaluna||FlameOrb|Guts|Earthquake,Facade,HeadlongRush,Protect|||F|||50|,,,,,Ghost]Sinistcha||SitrusBerry|Hospitality|MatchaGotcha,LifeDew,RagePowder,TrickRoom||||||50|,,,,,Dark]Sneasler||FocusSash|PoisonTouch|DireClaw,CloseCombat,Coaching,Protect|||M|||50|,,,,,Flying]Dragonite||LoadedDice|Multiscale|ScaleShot,Haze,Tailwind,Protect|||F|||50|,,,,,Fairy
|showteam|p2|Garchomp||LifeOrb|RoughSkin|Earthquake,StompingTantrum,DragonClaw,Protect|||F|||50|,,,,,Ground]Drifblim||PsychicSeed|Unburden|Acrobatics,Disable,Tailwind,Haze|||M|||50|,,,,,Grass]Indeedee||FocusSash|PsychicSurge|ExpandingForce,TeraBlast,Imprison,TrickRoom|||M|||50|,,,,,Ground]Sneasler||WhiteHerb|Unburden|DireClaw,CloseCombat,ThroatChop,Protect|||F|||50|,,,,,Dark]Corviknight||LumBerry|MirrorArmor|BraveBird,BodyPress,BulkUp,Roost|||F|||50|,,,,,Dragon]Gardevoir||ChoiceScarf|Telepathy|DazzlingGleam,Moonblast,ExpandingForce,Trick|||F|||50|,,,,,Psychic
|inactive|Battle timer is ON: inactive players will automatically lose when time's up. (requested by wweewwzz)
|
|t:|1756489742
|teamsize|p1|4
|teamsize|p2|4
|start
|switch|p1a: Sinistcha|Sinistcha, L50|100/100
|switch|p1b: Incineroar|Incineroar, L50, M|100/100
|switch|p2a: Indeedee|Indeedee, L50, M|100/100
|switch|p2b: Drifblim|Drifblim, L50, M|100/100
|-fieldstart|move: Psychic Terrain|[from] ability: Psychic Surge|[of] p2a: Indeedee
|-enditem|p2b: Drifblim|Psychic Seed
|-boost|p2b: Drifblim|spd|1|[from] item: Psychic Seed
|-ability|p1b: Incineroar|Intimidate|boost
|-unboost|p2a: Indeedee|atk|1
|-unboost|p2b: Drifblim|atk|1
|turn|1
|inactive|ThierryVGC has 30 seconds left.
|
|t:|1756489769
|move|p2b: Drifblim|Acrobatics|p1a: Sinistcha
|-supereffective|p1a: Sinistcha
|-damage|p1a: Sinistcha|57/100
|move|p2a: Indeedee|Imprison|p2a: Indeedee
|-start|p2a: Indeedee|move: Imprison
|move|p1b: Incineroar|U-turn|p2a: Indeedee
|-supereffective|p2a: Indeedee
|-damage|p2a: Indeedee|4/100
|
|t:|1756489774
|switch|p1b: Gholdengo|Gholdengo, L50, shiny|100/100|[from] U-turn
|move|p1a: Sinistcha|Matcha Gotcha|p2b: Drifblim|[spread] p2a,p2b
|-resisted|p2b: Drifblim
|-damage|p2a: Indeedee|0 fnt
|-heal|p1a: Sinistcha|58/100|[from] drain|[of] p2a: Indeedee
|-damage|p2b: Drifblim|91/100
|-heal|p1a: Sinistcha|65/100|[from] drain|[of] p2b: Drifblim
|faint|p2a: Indeedee
|
|upkeep
|
|t:|1756489782
|switch|p2a: Garchomp|Garchomp, L50, F|100/100
|turn|2
|
|t:|1756489790
|switch|p1b: Incineroar|Incineroar, L50, M|100/100
|-ability|p1b: Incineroar|Intimidate|boost
|-unboost|p2a: Garchomp|atk|1
|-unboost|p2b: Drifblim|atk|1
|-terastallize|p2a: Garchomp|Ground
|move|p2b: Drifblim|Acrobatics|p1a: Sinistcha
|-supereffective|p1a: Sinistcha
|-damage|p1a: Sinistcha|38/100
|-enditem|p1a: Sinistcha|Sitrus Berry|[eat]
|-heal|p1a: Sinistcha|62/100|[from] item: Sitrus Berry
|move|p2a: Garchomp|Earthquake|p1a: Sinistcha|[spread] p1a,p1b
|-immune|p2b: Drifblim
|-resisted|p1a: Sinistcha
|-supereffective|p1b: Incineroar
|-damage|p1a: Sinistcha|41/100
|-damage|p1b: Incineroar|25/100
|-damage|p2a: Garchomp|91/100|[from] item: Life Orb
|move|p1a: Sinistcha|Trick Room|p1a: Sinistcha
|-fieldstart|move: Trick Room|[of] p1a: Sinistcha
|
|upkeep
|turn|3
|
|t:|1756489805
|move|p1a: Sinistcha|Matcha Gotcha|p2b: Drifblim|[spread] p2b
|-miss|p1a: Sinistcha|p2a: Garchomp
|-resisted|p2b: Drifblim
|-damage|p2b: Drifblim|82/100
|-heal|p1a: Sinistcha|47/100|[from] drain|[of] p2b: Drifblim
|move|p1b: Incineroar|U-turn|p2b: Drifblim
|-resisted|p2b: Drifblim
|-damage|p2b: Drifblim|78/100
|
|t:|1756489808
|switch|p1b: Ursaluna|Ursaluna, L50, F, shiny|100/100|[from] U-turn
|move|p2a: Garchomp|Earthquake|p1b: Ursaluna|[spread] p1a,p1b
|-immune|p2b: Drifblim
|-resisted|p1a: Sinistcha
|-damage|p1a: Sinistcha|27/100
|-damage|p1b: Ursaluna|68/100
|-damage|p2a: Garchomp|81/100|[from] item: Life Orb
|move|p2b: Drifblim|Haze|p2b: Drifblim
|-clearallboost
|
|-status|p1b: Ursaluna|brn|[from] item: Flame Orb
|upkeep
|turn|4
|
|t:|1756489818
|move|p2a: Garchomp|Protect|p2a: Garchomp
|-singleturn|p2a: Garchomp|Protect
|move|p1a: Sinistcha|Life Dew|p1a: Sinistcha|[spread] p1a,p1b
|-heal|p1a: Sinistcha|53/100
|-heal|p1b: Ursaluna|93/100 brn
|move|p1b: Ursaluna|Facade|p2a: Garchomp
|-activate|p2a: Garchomp|move: Protect
|move|p2b: Drifblim|Acrobatics|p1a: Sinistcha
|-supereffective|p1a: Sinistcha
|-damage|p1a: Sinistcha|0 fnt
|faint|p1a: Sinistcha
|
|-damage|p1b: Ursaluna|87/100 brn|[from] brn
|upkeep
|
|t:|1756489820
|switch|p1a: Incineroar|Incineroar, L50, M|25/100
|-ability|p1a: Incineroar|Intimidate|boost
|-unboost|p2a: Garchomp|atk|1
|-unboost|p2b: Drifblim|atk|1
|turn|5
|
|t:|1756489839
|switch|p2a: Sneasler|Sneasler, L50, F|100/100
|move|p1b: Ursaluna|Facade|p2a: Sneasler
|-damage|p2a: Sneasler|0 fnt
|faint|p2a: Sneasler
|move|p1a: Incineroar|Knock Off|p2b: Drifblim
|-supereffective|p2b: Drifblim
|-damage|p2b: Drifblim|28/100
|move|p2b: Drifblim|Acrobatics|p1a: Incineroar
|-damage|p1a: Incineroar|5/100
|
|-damage|p1b: Ursaluna|81/100 brn|[from] brn
|-fieldend|move: Psychic Terrain
|upkeep
|
|t:|1756489845
|switch|p2a: Garchomp|Garchomp, L50, F, tera:Ground|81/100
|turn|6
|
|t:|1756489856
|move|p2a: Garchomp|Protect|p2a: Garchomp
|-singleturn|p2a: Garchomp|Protect
|move|p1b: Ursaluna|Facade|p2a: Garchomp
|-activate|p2a: Garchomp|move: Protect
|move|p1a: Incineroar|Knock Off|p2b: Drifblim
|-supereffective|p2b: Drifblim
|-damage|p2b: Drifblim|0 fnt
|faint|p2b: Drifblim
|
|-damage|p1b: Ursaluna|75/100 brn|[from] brn
|-fieldend|move: Trick Room
|upkeep
|turn|7
|
|t:|1756489864
|move|p2a: Garchomp|Earthquake|p1b: Ursaluna|[spread] p1a,p1b
|-supereffective|p1a: Incineroar
|-damage|p1a: Incineroar|0 fnt
|-damage|p1b: Ursaluna|19/100 brn
|faint|p1a: Incineroar
|-damage|p2a: Garchomp|72/100|[from] item: Life Orb
|move|p1b: Ursaluna|Facade|p2a: Garchomp
|-damage|p2a: Garchomp|0 fnt
|-damage|p1b: Ursaluna|7/100 brn|[from] ability: Rough Skin|[of] p2a: Garchomp
|faint|p2a: Garchomp
|
|win|wweewwzz
||wweewwzz is ready for game 2.
||ThierryVGC is ready for game 2.
|uhtml|next|Next: Game 2 of 3
