|j|☆marcusquinn
|j|☆A_TerroneVGC
|html|marcusquinnA_TerroneVGC    
|uhtml|bestof|Game 2 of a best-of-3
|t:|1754982539
|gametype|doubles
|player|p1|marcusquinn|hilbert-wonderlauncher|1215
|player|p2|A_TerroneVGC|2|1324
|gen|9
|tier|[Gen 9] VGC 2025 Reg H (Bo3)
|rated|
|rule|Species Clause: Limit one of each Pokémon
|rule|Item Clause: Limit 1 of each item
|clearpoke
|poke|p1|Whimsicott, L50, M|
|poke|p1|Archaludon, L50, M|
|poke|p1|Porygon2, L50|
|poke|p1|Incineroar, L50, F|
|poke|p1|Ursaluna, L50, M|
|poke|p1|Annihilape, L50, M|
|poke|p2|Basculegion, L50, M|
|poke|p2|Archaludon, L50, M|
|poke|p2|Kingambit, L50, M|
|poke|p2|Rillaboom, L50, M|
|poke|p2|Pelipper, L50, M|
|poke|p2|Electabuzz, L50, M|
|teampreview|4
|showteam|p1|Whimsicott||CovertCloak|Prankster|Protect,Moonblast,Encore,Tailwind|||M|||50|,,,,,Water]Archaludon||PowerHerb|Sturdy|Protect,ElectroShot,DracoMeteor,FlashCannon|||M|||50|,,,,,Electric]Porygon2||Eviolite|Download|TeraBlast,IceBeam,Recover,TrickRoom||||||50|,,,,,Fighting]Incineroar||SitrusBerry|Intimidate|FlareBlitz,KnockOff,FakeOut,PartingShot|||F|||50|,,,,,Ghost]Ursaluna||FlameOrb|Guts|HeadlongRush,Facade,Earthquake,Protect|||M|||50|,,,,,Ghost]Annihilape||ChoiceScarf|Defiant|FinalGambit,Coaching,CloseCombat,RageFist|||M|||50|,,,,,Steel
|showteam|p2|Basculegion||ChoiceBand|SwiftSwim|WaveCrash,LastRespects,FlipTurn,AquaJet|||M|||50|,,,,,Grass]Archaludon||AssaultVest|Stamina|FlashCannon,DracoMeteor,ElectroShot,BodyPress|||M|||50|,,,,,Fairy]Kingambit||BlackGlasses|Defiant|KowtowCleave,SuckerPunch,SwordsDance,Protect|||M|||50|,,,,,Dark]Rillaboom||LoadedDice|GrassySurge|BulletSeed,GrassyGlide,HighHorsepower,FakeOut|||M|||50|,,,,,Fire]Pelipper||FocusSash|Drizzle|WeatherBall,Hurricane,Tailwind,Protect|||M|||50|,,,,,Ghost]Electabuzz||Eviolite|VitalSpirit|Electroweb,Taunt,FollowMe,Protect|||M|||50|,,,,,Ghost
|inactive|Battle timer is ON: inactive players will automatically lose when time's up. (requested by marcusquinn)
|inactive|marcusquinn has 60 seconds left.
|
|t:|1754982575
|teamsize|p1|4
|teamsize|p2|4
|start
|switch|p1a: Whimsicott|Whimsicott, L50, M|100/100
|switch|p1b: Archaludon|Archaludon, L50, M|100/100
|switch|p2a: Pelipper|Pelipper, L50, M|100/100
|switch|p2b: Basculegion|Basculegion, L50, M|100/100
|-weather|RainDance|[from] ability: Drizzle|[of] p2a: Pelipper
|turn|1
|
|t:|1754982599
|switch|p2a: Archaludon|Archaludon, L50, M|100/100
|-terastallize|p2b: Basculegion|Grass
|move|p1a: Whimsicott|Protect|p1a: Whimsicott
|-singleturn|p1a: Whimsicott|Protect
|move|p1b: Archaludon|Protect|p1b: Archaludon
|-singleturn|p1b: Archaludon|Protect
|move|p2b: Basculegion|Flip Turn|p1b: Archaludon
|-activate|p1b: Archaludon|move: Protect
|
|-weather|RainDance|[upkeep]
|upkeep
|turn|2
|inactive|marcusquinn has 30 seconds left.
|
|t:|1754982630
|-terastallize|p1b: Archaludon|Electric
|move|p1a: Whimsicott|Tailwind|p1a: Whimsicott
|-sidestart|p1: marcusquinn|move: Tailwind
|move|p1b: Archaludon|Electro Shot||[still]
|-prepare|p1b: Archaludon|Electro Shot
|-boost|p1b: Archaludon|spa|1
|-anim|p1b: Archaludon|Electro Shot|p2b: Basculegion
|-resisted|p2b: Basculegion
|-damage|p2b: Basculegion|48/100
|move|p2b: Basculegion|Flip Turn|p1b: Archaludon
|-damage|p1b: Archaludon|44/100
|
|t:|1754982643
|switch|p2b: Rillaboom|Rillaboom, L50, M|100/100|[from] Flip Turn
|-fieldstart|move: Grassy Terrain|[from] ability: Grassy Surge|[of] p2b: Rillaboom
|move|p2a: Archaludon|Flash Cannon|p1a: Whimsicott
|-supereffective|p1a: Whimsicott
|-damage|p1a: Whimsicott|8/100
|
|-weather|RainDance|[upkeep]
|-heal|p1a: Whimsicott|13/100|[from] Grassy Terrain
|-heal|p1b: Archaludon|50/100|[from] Grassy Terrain
|upkeep
|turn|3
|inactive|A_TerroneVGC has 30 seconds left.
|
|t:|1754982671
|switch|p1a: Incineroar|Incineroar, L50, F, shiny|100/100
|-ability|p1a: Incineroar|Intimidate|boost
|-unboost|p2a: Archaludon|atk|1
|-unboost|p2b: Rillaboom|atk|1
|move|p1b: Archaludon|Protect|p1b: Archaludon
|-singleturn|p1b: Archaludon|Protect
|move|p2b: Rillaboom|Grassy Glide|p1b: Archaludon
|-activate|p1b: Archaludon|move: Protect
|move|p2a: Archaludon|Electro Shot||[still]
|-prepare|p2a: Archaludon|Electro Shot
|-boost|p2a: Archaludon|spa|1
|-anim|p2a: Archaludon|Electro Shot|p1a: Incineroar
|-damage|p1a: Incineroar|44/100
|-enditem|p1a: Incineroar|Sitrus Berry|[eat]
|-heal|p1a: Incineroar|68/100|[from] item: Sitrus Berry
|
|-weather|RainDance|[upkeep]
|-heal|p1b: Archaludon|56/100|[from] Grassy Terrain
|-heal|p1a: Incineroar|74/100|[from] Grassy Terrain
|upkeep
|turn|4
|
|t:|1754982694
|move|p1a: Incineroar|Fake Out|p2b: Rillaboom
|-damage|p2b: Rillaboom|88/100
|move|p1b: Archaludon|Draco Meteor|p2a: Archaludon
|-damage|p2a: Archaludon|22/100
|-unboost|p1b: Archaludon|spa|2
|-ability|p2a: Archaludon|Stamina|boost
|-boost|p2a: Archaludon|def|1
|cant|p2b: Rillaboom|flinch
|move|p2a: Archaludon|Electro Shot||[still]
|-prepare|p2a: Archaludon|Electro Shot
|-boost|p2a: Archaludon|spa|1
|-anim|p2a: Archaludon|Electro Shot|p1a: Incineroar
|-damage|p1a: Incineroar|3/100
|
|-weather|RainDance|[upkeep]
|-heal|p1b: Archaludon|62/100|[from] Grassy Terrain
|-heal|p1a: Incineroar|9/100|[from] Grassy Terrain
|-heal|p2b: Rillaboom|94/100|[from] Grassy Terrain
|-heal|p2a: Archaludon|28/100|[from] Grassy Terrain
|upkeep
|turn|5
|inactive|marcusquinn has 30 seconds left.
|inactive|A_TerroneVGC has 30 seconds left.
|
|t:|1754982724
|switch|p1a: Annihilape|Annihilape, L50, M|100/100
|move|p2b: Rillaboom|Grassy Glide|p1a: Annihilape
|-damage|p1a: Annihilape|77/100
|move|p1b: Archaludon|Draco Meteor|p2a: Archaludon
|-damage|p2a: Archaludon|0 fnt
|-unboost|p1b: Archaludon|spa|2
|faint|p2a: Archaludon
|
|-weather|none
|-heal|p1a: Annihilape|83/100|[from] Grassy Terrain
|-heal|p1b: Archaludon|68/100|[from] Grassy Terrain
|-heal|p2b: Rillaboom|99/100|[from] Grassy Terrain
|-sideend|p1: marcusquinn|move: Tailwind
|upkeep
|
|t:|1754982735
|switch|p2a: Basculegion|Basculegion, L50, M, tera:Grass|48/100
|turn|6
|inactive|marcusquinn has 30 seconds left.
|
|t:|1754982761
|switch|p1a: Incineroar|Incineroar, L50, F, shiny|9/100
|-ability|p1a: Incineroar|Intimidate|boost
|-unboost|p2a: Basculegion|atk|1
|-unboost|p2b: Rillaboom|atk|1
|switch|p2b: Pelipper|Pelipper, L50, M|100/100
|-weather|RainDance|[from] ability: Drizzle|[of] p2b: Pelipper
|move|p1b: Archaludon|Protect|p1b: Archaludon
|-singleturn|p1b: Archaludon|Protect
|move|p2a: Basculegion|Last Respects|p1a: Incineroar
|-resisted|p1a: Incineroar
|-damage|p1a: Incineroar|0 fnt
|faint|p1a: Incineroar
|
|-weather|RainDance|[upkeep]
|-heal|p2a: Basculegion|54/100|[from] Grassy Terrain
|-heal|p1b: Archaludon|74/100|[from] Grassy Terrain
|-fieldend|move: Grassy Terrain
|upkeep
|
|t:|1754982780
|switch|p1a: Whimsicott|Whimsicott, L50, M|13/100
|turn|7
|
|t:|1754982789
|switch|p2a: Rillaboom|Rillaboom, L50, M|99/100
|-fieldstart|move: Grassy Terrain|[from] ability: Grassy Surge|[of] p2a: Rillaboom
|move|p1a: Whimsicott|Tailwind|p1a: Whimsicott
|-sidestart|p1: marcusquinn|move: Tailwind
|move|p1b: Archaludon|Electro Shot||[still]
|-prepare|p1b: Archaludon|Electro Shot
|-boost|p1b: Archaludon|spa|1
|-anim|p1b: Archaludon|Electro Shot|p2b: Pelipper
|-supereffective|p2b: Pelipper
|-enditem|p2b: Pelipper|Focus Sash
|-damage|p2b: Pelipper|1/100
|move|p2b: Pelipper|Weather Ball|p1b: Archaludon
|-damage|p1b: Archaludon|0 fnt
|faint|p1b: Archaludon
|
|-weather|RainDance|[upkeep]
|-heal|p1a: Whimsicott|19/100|[from] Grassy Terrain
|-heal|p2a: Rillaboom|100/100|[from] Grassy Terrain
|upkeep
|
|t:|1754982806
|switch|p1b: Annihilape|Annihilape, L50, M|83/100
|turn|8
|
|t:|1754982820
|move|p2a: Rillaboom|Grassy Glide|p1a: Whimsicott
|-resisted|p1a: Whimsicott
|-damage|p1a: Whimsicott|0 fnt
|faint|p1a: Whimsicott
|move|p1b: Annihilape|Rage Fist|p2a: Rillaboom
|-damage|p2a: Rillaboom|63/100
|move|p2b: Pelipper|Hurricane|p1b: Annihilape
|-supereffective|p1b: Annihilape
|-damage|p1b: Annihilape|0 fnt
|faint|p1b: Annihilape
|
|win|A_TerroneVGC
|raw|marcusquinn's rating: 1215 → 1198(-17 for losing)
|raw|A_TerroneVGC's rating: 1324 → 1338(+14 for winning)
