|j|☆Iche8647/5
|j|☆natsukivgc
|html|Iche8647/5natsukivgc    
|uhtml|bestof|Game 1 of a best-of-3
|t:|1785475847
|gametype|doubles
|player|p1|Iche8647/5|170|1058
|player|p2|natsukivgc|1|1134
|gen|9
|tier|[Gen 9 Champions] VGC 2026 Reg M-B (Bo3)
|rated|
|rule|Species Clause: Limit one of each Pokémon
|rule|Item Clause: Limit 1 of each item
|clearpoke
|poke|p1|Maushold, L50|
|poke|p1|Talonflame, L50, F|
|poke|p1|Meowscarada, L50, F|
|poke|p1|Meowstic, L50, M|
|poke|p1|Dragonite, L50, M|
|poke|p1|Gholdengo, L50|
|poke|p2|Charizard, L50, F|
|poke|p2|Sneasler, L50, F|
|poke|p2|Kingambit, L50, M|
|poke|p2|Dragonite, L50, F|
|poke|p2|Floette-Eternal, L50, F|
|poke|p2|Whimsicott, L50, M|
|teampreview|4
|showteam|p1|Maushold||WideLens|Technician|PopulationBomb,Protect,Bite,FollowMe|Jolly|||||50|]Talonflame||ChartiBerry|GaleWings|Tailwind,BraveBird,FlareBlitz,Protect|Jolly||F|||50|]Meowscarada||ChoiceScarf|Protean|FlowerTrick,KnockOff,PlayRough,TripleAxel|Jolly||F|||50|]Meowstic||Meowsticite|Prankster|FakeOut,Psychic,Thunderbolt,Gravity|Timid||M|||50|]Dragonite||WhiteHerb|InnerFocus|Protect,Superpower,Roar,FirePunch|Adamant||M|||50|]Gholdengo||LifeOrb|GoodasGold|FocusBlast,ShadowBall,Protect,FlashCannon|Timid|||||50|
|showteam|p2|Charizard||CharizarditeY|Blaze|HeatWave,SolarBeam,WeatherBall,Protect|Modest||F|||50|]Sneasler||WhiteHerb|Unburden|CloseCombat,DireClaw,FakeOut,Coaching|Jolly||F|||50|]Kingambit||BlackGlasses|Defiant|KowtowCleave,SuckerPunch,SwordsDance,Protect|Adamant||M|||50|]Dragonite||LifeOrb|InnerFocus|DragonClaw,LowKick,ExtremeSpeed,Protect|Adamant||F|||50|]Floette-Eternal||Floettite|FlowerVeil|Moonblast,DazzlingGleam,LightofRuin,Protect|Modest||F|||50|]Whimsicott||FocusSash|Prankster|Moonblast,Tailwind,Encore,Protect|Timid||M|||50|
|
|t:|1785475877
|teamsize|p1|4
|teamsize|p2|4
|start
|switch|p1a: Familyof4-1|Maushold, L50|100/100
|switch|p1b: Meowstic|Meowstic, L50, M|100/100
|switch|p2a: Sneasler|Sneasler, L50, F|100/100
|switch|p2b: Dragonite|Dragonite, L50, F|100/100
|turn|1
|
|t:|1785475901
|detailschange|p1b: Meowstic|Meowstic-M-Mega, L50, M
|-mega|p1b: Meowstic|Meowstic|Meowsticite
|-ability|p1b: Meowstic|Inner Focus|Trace|[from] ability: Trace|[of] p2b: Dragonite
|move|p1b: Meowstic|Fake Out|p2a: Sneasler
|-damage|p2a: Sneasler|91/100
|cant|p2a: Sneasler|flinch
|move|p1a: Familyof4-1|Population Bomb|p2b: Dragonite
|-damage|p2b: Dragonite|88/100
|-damage|p2b: Dragonite|77/100
|-crit|p2b: Dragonite
|-damage|p2b: Dragonite|59/100
|-damage|p2b: Dragonite|46/100
|-damage|p2b: Dragonite|35/100
|-damage|p2b: Dragonite|22/100
|-damage|p2b: Dragonite|10/100
|-damage|p2b: Dragonite|0 fnt
|faint|p2b: Dragonite
|-hitcount|p2: Dragonite|8
|
|upkeep
|
|t:|1785475941
|switch|p2b: Whimsicott|Whimsicott, L50, M|100/100
|turn|2
|
|t:|1785475958
|move|p1a: Familyof4-1|Protect|p1a: Familyof4-1
|-singleturn|p1a: Familyof4-1|Protect
|move|p2b: Whimsicott|Encore|p1b: Meowstic
|-start|p1b: Meowstic|Encore
|move|p1b: Meowstic|Fake Out||[still]
|-hint|Fake Out only works on your first turn out.
|-fail|p1b: Meowstic
|move|p2a: Sneasler|Close Combat|p1a: Familyof4-1
|-activate|p1a: Familyof4-1|move: Protect
|
|upkeep
|turn|3
|
|t:|1785475975
|switch|p1b: Talonflame|Talonflame, L50, F|100/100
|switch|p1a: Dragonite|Dragonite, L50, M|100/100
|move|p2b: Whimsicott|Encore||[still]
|-fail|p2b: Whimsicott
|move|p2a: Sneasler|Close Combat|p1a: Dragonite
|-resisted|p1a: Dragonite|1
|-damage|p1a: Dragonite|76/100
|-unboost|p2a: Sneasler|def|1
|-unboost|p2a: Sneasler|spd|1
|-enditem|p2a: Sneasler|White Herb
|-clearnegativeboost|p2a: Sneasler|[silent]
|
|upkeep
|turn|4
|
|t:|1785476010
|move|p1b: Talonflame|Brave Bird|p2a: Sneasler
|-supereffective|p2a: Sneasler|1
|-crit|p2a: Sneasler
|-damage|p2a: Sneasler|0 fnt
|faint|p2a: Sneasler
|-damage|p1b: Talonflame|69/100|[from] Recoil
|move|p2b: Whimsicott|Tailwind|p2b: Whimsicott
|-sidestart|p2: natsukivgc|move: Tailwind
|move|p1a: Dragonite|Fire Punch|p2b: Whimsicott
|-supereffective|p2b: Whimsicott|1
|-damage|p2b: Whimsicott|29/100
|
|upkeep
|
|t:|1785476020
|switch|p2a: Floette|Floette-Eternal, L50, F|100/100
|turn|5
|
|t:|1785476043
|detailschange|p2a: Floette|Floette-Mega, L50, F
|-mega|p2a: Floette|Floette|Floettite
|-ability|p2a: Floette|Fairy Aura
|move|p1a: Dragonite|Protect|p1a: Dragonite
|-singleturn|p1a: Dragonite|Protect
|move|p2b: Whimsicott|Moonblast|p1b: Talonflame
|-resisted|p1b: Talonflame|1
|-damage|p1b: Talonflame|33/100
|-unboost|p1b: Talonflame|spa|1
|move|p2a: Floette|Moonblast|p1b: Talonflame
|-resisted|p1b: Talonflame|1
|-damage|p1b: Talonflame|0 fnt
|faint|p1b: Talonflame
|
|upkeep
|
|t:|1785476061
|switch|p1b: Meowstic|Meowstic-M-Mega, L50, M|100/100
|-ability|p1b: Meowstic|Prankster|Trace|[from] ability: Trace|[of] p2b: Whimsicott
|turn|6
|
|t:|1785476082
|move|p2b: Whimsicott|Protect|p2b: Whimsicott
|-singleturn|p2b: Whimsicott|Protect
|move|p2a: Floette|Protect|p2a: Floette
|-singleturn|p2a: Floette|Protect
|move|p1b: Meowstic|Fake Out|p2a: Floette
|-activate|p2a: Floette|move: Protect
|move|p1a: Dragonite|Fire Punch|p2b: Whimsicott
|-activate|p2b: Whimsicott|move: Protect
|
|upkeep
|turn|7
|
|t:|1785476101
|move|p2b: Whimsicott|Encore|p1b: Meowstic
|-start|p1b: Meowstic|Encore
|move|p1b: Meowstic|Fake Out||[still]
|-hint|Fake Out only works on your first turn out.
|-fail|p1b: Meowstic
|move|p2a: Floette|Dazzling Gleam|p1a: Dragonite|[spread] p1a,p1b
|-supereffective|p1a: Dragonite|1
|-damage|p1a: Dragonite|0 fnt
|-damage|p1b: Meowstic|49/100
|faint|p1a: Dragonite
|
|-sideend|p2: natsukivgc|move: Tailwind
|upkeep
|
|t:|1785476107
|switch|p1a: Familyof4-1|Maushold, L50|100/100
|turn|8
|
|t:|1785476131
|move|p2b: Whimsicott|Tailwind|p2b: Whimsicott
|-sidestart|p2: natsukivgc|move: Tailwind
|move|p2a: Floette|Light of Ruin|p1a: Familyof4-1
|-damage|p1a: Familyof4-1|0 fnt
|faint|p1a: Familyof4-1
|-damage|p2a: Floette|52/100|[from] Recoil
|-activate|p1b: Meowstic|move: Struggle
|move|p1b: Meowstic|Struggle|p2a: Floette
|-damage|p2a: Floette|43/100
|-damage|p1b: Meowstic|24/100|[from] recoil
|
|upkeep
|turn|9
|-message|Iche8647/5 forfeited.
|
|win|natsukivgc
