|j|☆I am the Sweeper
|j|☆Rickctrl
|html|I am the SweeperRickctrl    
|uhtml|bestof|Game 1 of a best-of-3
|t:|1756279297
|gametype|doubles
|player|p1|I am the Sweeper|janitor|1099
|player|p2|Rickctrl|1|1111
|gen|9
|tier|[Gen 9] VGC 2025 Reg H (Bo3)
|rated|
|rule|Species Clause: Limit one of each Pokémon
|rule|Item Clause: Limit 1 of each item
|clearpoke
|poke|p1|Garganacl, L50, F|
|poke|p1|Dondozo, L50, F|
|poke|p1|Sneasler, L50, F|
|poke|p1|Gholdengo, L50|
|poke|p1|Ninetales-Alola, L50, F|
|poke|p1|Incineroar, L50, M|
|poke|p2|Dudunsparce-*, L50, F|
|poke|p2|Whimsicott, L50, F|
|poke|p2|Dondozo, L50, M|
|poke|p2|Tatsugiri, L50, F|
|poke|p2|Ursaluna-Bloodmoon, L50, M|
|poke|p2|Incineroar, L50, F|
|teampreview|4
|showteam|p1|Garganacl||MarangaBerry|PurifyingSalt|SaltCure,StealthRock,Protect,Recover|||F|||50|,,,,,Flying]Dondozo||Leftovers|Unaware|Liquidation,Yawn,Curse,Protect|||F|||50|,,,,,Poison]Sneasler||FocusSash|PoisonTouch|DireClaw,CloseCombat,Coaching,Protect|||F|||50|,,,,,Ghost]Gholdengo||ChoiceScarf|GoodasGold|MakeItRain,ShadowBall,Trick,PowerGem||||||50|,,,,,Steel]Ninetales-Alola||NeverMeltIce|SnowWarning|Blizzard,FreezeDry,Protect,AuroraVeil|||F|||50|,,,,,Ice]Incineroar||AssaultVest|Intimidate|FlareBlitz,KnockOff,FakeOut,DrainPunch|||M|||50|,,,,,Grass
|showteam|p2|Dudunsparce-Three-Segment||ChoiceScarf|SereneGrace|RockSlide,BreakingSwipe,IceSpinner,HelpingHand|||F|||50|,,,,,Ghost]Whimsicott||FocusSash|Prankster|Taunt,Tailwind,Moonblast,Encore|||F|||50|,,,,,Ghost]Dondozo||Leftovers|Unaware|WaveCrash,Earthquake,OrderUp,Protect|||M|||50|,,,,,Grass]Tatsugiri||ChoiceSpecs|Commander|DracoMeteor,TeraBlast,MuddyWater,HydroPump|||F|||50|,,,,,Stellar]Ursaluna-Bloodmoon||LifeOrb|MindsEye|BloodMoon,HyperVoice,EarthPower,Protect|||M|||50|,,,,,Normal]Incineroar||SitrusBerry|Intimidate|WillOWisp,KnockOff,FakeOut,PartingShot|||F|||50|,,,,,Bug
|inactive|Battle timer is ON: inactive players will automatically lose when time's up. (requested by Rickctrl)
|
|t:|1756279386
|teamsize|p1|4
|teamsize|p2|4
|start
|switch|p1a: Garganacl|Garganacl, L50, F|100/100
|switch|p1b: Sneasler|Sneasler, L50, F|100/100
|switch|p2a: Dondozo|Dondozo, L50, M, shiny|100/100
|switch|p2b: Tatsugiri|Tatsugiri, L50, F|100/100
|-activate|p2b: Tatsugiri|ability: Commander|[of] p2a: Dondozo
|-boost|p2a: Dondozo|atk|2
|-boost|p2a: Dondozo|spa|2
|-boost|p2a: Dondozo|spe|2
|-boost|p2a: Dondozo|def|2
|-boost|p2a: Dondozo|spd|2
|turn|1
|inactive|I am the Sweeper has 30 seconds left.
|inactive|Rickctrl has 30 seconds left.
|
|t:|1756279420
|-terastallize|p1a: Garganacl|Flying
|move|p1b: Sneasler|Dire Claw|p2a: Dondozo
|-damage|p2a: Dondozo|90/100
|-status|p2a: Dondozo|psn|[from] ability: Poison Touch|[of] p1b: Sneasler
|move|p2a: Dondozo|Wave Crash|p1a: Garganacl
|-damage|p1a: Garganacl|40/100
|-damage|p2a: Dondozo|73/100 psn|[from] Recoil
|move|p1a: Garganacl|Salt Cure|p2a: Dondozo
|-damage|p2a: Dondozo|69/100 psn
|-start|p2a: Dondozo|Salt Cure
|
|-heal|p2a: Dondozo|75/100 psn|[from] item: Leftovers
|-damage|p2a: Dondozo|62/100 psn|[from] psn
|-damage|p2a: Dondozo|37/100 psn|[from] Salt Cure
|upkeep
|turn|2
|
|t:|1756279448
|move|p1b: Sneasler|Protect|p1b: Sneasler
|-singleturn|p1b: Sneasler|Protect
|move|p1a: Garganacl|Protect|p1a: Garganacl
|-singleturn|p1a: Garganacl|Protect
|move|p2a: Dondozo|Wave Crash|p1b: Sneasler
|-activate|p1b: Sneasler|move: Protect
|
|-heal|p2a: Dondozo|44/100 psn|[from] item: Leftovers
|-damage|p2a: Dondozo|31/100 psn|[from] psn
|-damage|p2a: Dondozo|6/100 psn|[from] Salt Cure
|upkeep
|turn|3
|inactive|I am the Sweeper has 30 seconds left.
|inactive|I am the Sweeper has 20 seconds left.
|inactive|I am the Sweeper has 15 seconds left.
|inactive|I am the Sweeper has 10 seconds left.
|inactive|I am the Sweeper has 5 seconds left.
|
|t:|1756279503
|move|p1b: Sneasler|Dire Claw|p2a: Dondozo
|-damage|p2a: Dondozo|0 fnt
|faint|p2a: Dondozo
|move|p1a: Garganacl|Stealth Rock|p2b: Tatsugiri
|-sidestart|p2: Rickctrl|move: Stealth Rock
|
|upkeep
|
|t:|1756279514
|switch|p2a: Whimsicott|Whimsicott, L50, F, shiny|100/100
|-damage|p2a: Whimsicott|88/100|[from] Stealth Rock
|turn|4
|inactive|I am the Sweeper has 30 seconds left.
|
|t:|1756279541
|move|p2a: Whimsicott|Tailwind|p2a: Whimsicott
|-sidestart|p2: Rickctrl|move: Tailwind
|move|p2b: Tatsugiri|Muddy Water|p1a: Garganacl|[spread] p1b
|-miss|p2b: Tatsugiri|p1a: Garganacl
|-crit|p1b: Sneasler
|-enditem|p1b: Sneasler|Focus Sash
|-damage|p1b: Sneasler|1/100
|move|p1b: Sneasler|Dire Claw|p2a: Whimsicott
|-supereffective|p2a: Whimsicott
|-damage|p2a: Whimsicott|0 fnt
|faint|p2a: Whimsicott
|move|p1a: Garganacl|Recover|p1a: Garganacl
|-heal|p1a: Garganacl|90/100
|
|upkeep
|
|t:|1756279554
|switch|p2a: Ursaluna|Ursaluna-Bloodmoon, L50, M|100/100
|-damage|p2a: Ursaluna|94/100|[from] Stealth Rock
|turn|5
|
|t:|1756279577
|move|p2b: Tatsugiri|Muddy Water|p1a: Garganacl|[spread] p1a
|-miss|p2b: Tatsugiri|p1b: Sneasler
|-crit|p1a: Garganacl
|-damage|p1a: Garganacl|39/100
|-enditem|p1a: Garganacl|Maranga Berry|[eat]
|-boost|p1a: Garganacl|spd|1|[from] item: Maranga Berry
|move|p2a: Ursaluna|Hyper Voice|p1b: Sneasler|[spread] p1a,p1b
|-damage|p1a: Garganacl|18/100
|-damage|p1b: Sneasler|0 fnt
|faint|p1b: Sneasler
|-damage|p2a: Ursaluna|85/100|[from] item: Life Orb
|move|p1a: Garganacl|Salt Cure|p2b: Tatsugiri
|-damage|p2b: Tatsugiri|73/100
|-start|p2b: Tatsugiri|Salt Cure
|
|-damage|p2b: Tatsugiri|48/100|[from] Salt Cure
|upkeep
|
|t:|1756279596
|switch|p1b: Dondozo|Dondozo, L50, F|100/100
|turn|6
|
|t:|1756279618
|-terastallize|p2a: Ursaluna|Normal
|move|p1a: Garganacl|Protect|p1a: Garganacl
|-singleturn|p1a: Garganacl|Protect
|move|p2b: Tatsugiri|Muddy Water|p1b: Dondozo|[spread] p1b
|-activate|p1a: Garganacl|move: Protect
|-resisted|p1b: Dondozo
|-damage|p1b: Dondozo|84/100
|move|p2a: Ursaluna|Blood Moon|p1b: Dondozo
|-damage|p1b: Dondozo|0 fnt
|faint|p1b: Dondozo
|-damage|p2a: Ursaluna|75/100|[from] item: Life Orb
|
|-damage|p2b: Tatsugiri|24/100|[from] Salt Cure
|upkeep
|
|t:|1756279635
|switch|p1b: Incineroar|Incineroar, L50, M|100/100
|-ability|p1b: Incineroar|Intimidate|boost
|-unboost|p2a: Ursaluna|atk|1
|-unboost|p2b: Tatsugiri|atk|1
|turn|7
|inactive|I am the Sweeper has 30 seconds left.
|inactive|I am the Sweeper has 20 seconds left.
|inactive|I am the Sweeper has 15 seconds left.
|inactive|I am the Sweeper has 10 seconds left.
|inactive|I am the Sweeper has 5 seconds left.
|
|t:|1756279689
|move|p1a: Garganacl|Protect||[still]
|-fail|p1a: Garganacl
|move|p2b: Tatsugiri|Muddy Water|p1a: Garganacl|[spread] p1b
|-miss|p2b: Tatsugiri|p1a: Garganacl
|-supereffective|p1b: Incineroar
|-damage|p1b: Incineroar|31/100
|-unboost|p1b: Incineroar|accuracy|1
|move|p2a: Ursaluna|Earth Power|p1b: Incineroar
|-supereffective|p1b: Incineroar
|-damage|p1b: Incineroar|0 fnt
|faint|p1b: Incineroar
|-damage|p2a: Ursaluna|65/100|[from] item: Life Orb
|
|-damage|p2b: Tatsugiri|0 fnt|[from] Salt Cure
|faint|p2b: Tatsugiri
|-sideend|p2: Rickctrl|move: Tailwind
|upkeep
|turn|8
|inactive|I am the Sweeper has 30 seconds left.
|
|t:|1756279723
|move|p2a: Ursaluna|Blood Moon|p1a: Garganacl
|-damage|p1a: Garganacl|0 fnt
|faint|p1a: Garganacl
|-damage|p2a: Ursaluna|55/100|[from] item: Life Orb
|
|win|Rickctrl
|inactive|I am the Sweeper has 30 seconds to confirm battle start!
|inactive|Rickctrl has 30 seconds to confirm battle start!
||Rickctrl is ready for game 2.
|inactive|I am the Sweeper has 20 seconds to confirm battle start!
||I am the Sweeper is ready for game 2.
|uhtml|next|Next: Game 2 of 3
|l|☆Rickctrl
|player|p2|
