|j|☆xxhead-witchxx
|j|☆PizzaSanwitch
|html|xxhead-witchxxPizzaSanwitch    
|uhtml|bestof|Game 1 of a best-of-3
|t:|1786140796
|gametype|doubles
|player|p1|xxhead-witchxx|bellelba|1000
|player|p2|PizzaSanwitch|266|1117
|gen|9
|tier|[Gen 9 Champions] VGC 2026 Reg M-B (Bo3)
|rated|
|rule|Species Clause: Limit one of each Pokémon
|rule|Item Clause: Limit 1 of each item
|clearpoke
|poke|p1|Chandelure, L50, M, shiny|
|poke|p1|Whimsicott, L50, M, shiny|
|poke|p1|Weavile, L50, F, shiny|
|poke|p1|Meowstic, L50, M|
|poke|p1|Swampert, L50, M|
|poke|p1|Gardevoir, L50, F, shiny|
|poke|p2|Pelipper, L50, F|
|poke|p2|Archaludon, L50, F|
|poke|p2|Basculegion, L50, M|
|poke|p2|Grimmsnarl, L50, M|
|poke|p2|Charizard, L50, M|
|poke|p2|Metagross, L50|
|teampreview|4
|showteam|p1|Chandelure||Chandelurite|FlashFire|TrickRoom,HeatWave,Protect,ShadowBall|Timid||M|||50|]Whimsicott||FocusSash|Prankster|Tailwind,SunnyDay,DazzlingGleam,WorrySeed|Timid||M|||50|]Weavile||WhiteHerb|Pickpocket|FakeOut,BrickBreak,ThroatChop,UpperHand|Jolly||F|||50|]Meowstic||ExpertBelt|Prankster|ExpandingForce,RainDance,QuickGuard,PsychicTerrain|Timid||M|||50|]Swampert||Swampertite|Torrent|WaveCrash,Surf,Roar,Earthquake|Naive||M|||50|]Gardevoir||Gardevoirite|Synchronize|HyperVoice,ExpandingForce,Protect,Thunderbolt|Modest||F|||50|
|showteam|p2|Pelipper||SitrusBerry|Drizzle|WeatherBall,Hurricane,Tailwind,Protect|Modest||F|||50|]Archaludon||Leftovers|Stamina|ElectroShot,FlashCannon,DragonPulse,Protect|Modest||F|||50|]Basculegion||ChoiceScarf|Adaptability|WaveCrash,LastRespects,AquaJet,FlipTurn|Jolly||M|||50|]Grimmsnarl||LightClay|Prankster|SpiritBreak,Reflect,LightScreen,PartingShot|Sassy||M|||50|]Charizard||CharizarditeY|SolarPower|HeatWave,WeatherBall,Hurricane,Protect|Modest||M|||50|]Metagross||Metagrossite|ClearBody|HardPress,PsychicFangs,BodyPress,Protect|Adamant|||||50|
|inactive|Battle timer is ON: inactive players will automatically lose when time's up. (requested by xxhead-witchxx)
|inactive|PizzaSanwitch has 60 seconds left.
|inactive|PizzaSanwitch has 30 seconds left.
|
|t:|1786140891
|teamsize|p1|4
|teamsize|p2|4
|start
|switch|p1a: Weavile|Weavile, L50, F, shiny|100/100
|switch|p1b: Devoír|Gardevoir, L50, F, shiny|100/100
|switch|p2a: Basculegion|Basculegion, L50, M|100/100
|switch|p2b: Charizard|Charizard, L50, M|100/100
|turn|1
|inactive|xxhead-witchxx has 30 seconds left.
|inactive|PizzaSanwitch has 30 seconds left.
|inactive|xxhead-witchxx has 20 seconds left.
|inactive|PizzaSanwitch has 20 seconds left.
|inactive|xxhead-witchxx has 15 seconds left.
|inactive|xxhead-witchxx has 10 seconds left.
|
|t:|1786140938
|detailschange|p2b: Charizard|Charizard-Mega-Y, L50, M
|-mega|p2b: Charizard|Charizard|Charizardite Y
|-weather|SunnyDay|[from] ability: Drought|[of] p2b: Charizard
|move|p1b: Devoír|Protect|p1b: Devoír
|-singleturn|p1b: Devoír|Protect
|move|p1a: Weavile|Fake Out|p2b: Charizard
|-damage|p2b: Charizard|84/100
|move|p2a: Basculegion|Flip Turn|p1a: Weavile
|-damage|p1a: Weavile|68/100
|
|t:|1786140952
|switch|p2a: Archaludon|Archaludon, L50, F|100/100|[from] Flip Turn
|cant|p2b: Charizard|flinch
|
|-weather|SunnyDay|[upkeep]
|upkeep
|turn|2
|inactive|PizzaSanwitch has 30 seconds left.
|
|t:|1786140987
|detailschange|p1b: Devoír|Gardevoir-Mega, L50, F, shiny
|-mega|p1b: Devoír|Gardevoir|Gardevoirite
|move|p1a: Weavile|Throat Chop|p2b: Charizard
|-damage|p2b: Charizard|36/100
|-start|p2b: Charizard|Throat Chop|[silent]
|move|p1b: Devoír|Hyper Voice|p2b: Charizard|[spread] p2a,p2b
|-resisted|p2b: Charizard|1
|-damage|p2a: Archaludon|46/100
|-damage|p2b: Charizard|13/100
|-ability|p2a: Archaludon|Stamina|boost
|-boost|p2a: Archaludon|def|1
|move|p2b: Charizard|Heat Wave|p1a: Weavile|[spread] p1a,p1b
|-supereffective|p1a: Weavile|1
|-damage|p1a: Weavile|0 fnt
|-damage|p1b: Devoír|35/100
|faint|p1a: Weavile
|move|p2a: Archaludon|Flash Cannon|p1b: Devoír
|-supereffective|p1b: Devoír|1
|-damage|p1b: Devoír|0 fnt
|faint|p1b: Devoír
|
|-weather|SunnyDay|[upkeep]
|-heal|p2a: Archaludon|52/100|[from] item: Leftovers
|upkeep
|
|t:|1786140999
|switch|p1a: Whimsicott|Whimsicott, L50, M, shiny|100/100
|switch|p1b: Chandelure|Chandelure, L50, M, shiny|100/100
|turn|3
|
|t:|1786141026
|switch|p2b: Pelipper|Pelipper, L50, F|100/100
|-weather|RainDance|[from] ability: Drizzle|[of] p2b: Pelipper
|move|p1a: Whimsicott|Tailwind|p1a: Whimsicott
|-sidestart|p1: xxhead-witchxx|move: Tailwind
|move|p1b: Chandelure|Heat Wave|p2b: Pelipper|[spread] p2a,p2b
|-crit|p2a: Archaludon
|-resisted|p2b: Pelipper|1
|-damage|p2a: Archaludon|24/100
|-damage|p2b: Pelipper|88/100
|-status|p2b: Pelipper|brn
|-ability|p2a: Archaludon|Stamina|boost
|-boost|p2a: Archaludon|def|1
|move|p2a: Archaludon|Electro Shot||[still]
|-prepare|p2a: Archaludon|Electro Shot
|-boost|p2a: Archaludon|spa|1
|-anim|p2a: Archaludon|Electro Shot|p1b: Chandelure
|-damage|p1b: Chandelure|15/100
|
|-weather|RainDance|[upkeep]
|-heal|p2a: Archaludon|30/100|[from] item: Leftovers
|-damage|p2b: Pelipper|82/100 brn|[from] brn
|upkeep
|turn|4
|inactive|PizzaSanwitch has 30 seconds left.
|inactive|xxhead-witchxx has 30 seconds left.
|inactive|PizzaSanwitch has 20 seconds left.
|inactive|xxhead-witchxx has 20 seconds left.
|inactive|xxhead-witchxx has 15 seconds left.
|inactive|xxhead-witchxx has 10 seconds left.
|
|t:|1786141077
|switch|p2b: Charizard|Charizard-Mega-Y, L50, M|13/100
|-weather|SunnyDay|[from] ability: Drought|[of] p2b: Charizard
|move|p2a: Archaludon|Protect|p2a: Archaludon
|-singleturn|p2a: Archaludon|Protect
|move|p1a: Whimsicott|Sunny Day||[still]
|-fail|p1a: Whimsicott
|move|p1b: Chandelure|Shadow Ball|p2a: Archaludon
|-activate|p2a: Archaludon|move: Protect
|
|-weather|SunnyDay|[upkeep]
|-heal|p2a: Archaludon|37/100|[from] item: Leftovers
|upkeep
|turn|5
|inactive|PizzaSanwitch has 30 seconds left.
|inactive|PizzaSanwitch has 20 seconds left.
|inactive|PizzaSanwitch has 15 seconds left.
|inactive|PizzaSanwitch has 10 seconds left.
|
|t:|1786141124
|switch|p2b: Basculegion|Basculegion, L50, M|100/100
|move|p1a: Whimsicott|Sunny Day||[still]
|-fail|p1a: Whimsicott
|move|p1b: Chandelure|Heat Wave|p2b: Basculegion|[spread] p2a,p2b
|-resisted|p2b: Basculegion|1
|-damage|p2a: Archaludon|0 fnt
|-damage|p2b: Basculegion|65/100
|faint|p2a: Archaludon
|
|-weather|SunnyDay|[upkeep]
|upkeep
|
|t:|1786141135
|switch|p2a: Charizard|Charizard-Mega-Y, L50, M|13/100
|turn|6
|inactive|xxhead-witchxx has 30 seconds left.
|inactive|xxhead-witchxx has 20 seconds left.
|
|t:|1786141170
|move|p2b: Basculegion|Aqua Jet|p1b: Chandelure
|-supereffective|p1b: Chandelure|1
|-damage|p1b: Chandelure|0 fnt
|faint|p1b: Chandelure
|move|p1a: Whimsicott|Dazzling Gleam|p2b: Basculegion|[spread] p2a,p2b
|-resisted|p2a: Charizard|1
|-crit|p2a: Charizard
|-damage|p2a: Charizard|0 fnt
|-damage|p2b: Basculegion|38/100
|faint|p2a: Charizard
|
|-weather|SunnyDay|[upkeep]
|-sideend|p1: xxhead-witchxx|move: Tailwind
|upkeep
|
|t:|1786141178
|switch|p2a: Pelipper|Pelipper, L50, F|82/100 brn
|-weather|RainDance|[from] ability: Drizzle|[of] p2a: Pelipper
|turn|7
|
|t:|1786141203
|move|p2b: Basculegion|Aqua Jet|p1a: Whimsicott
|-resisted|p1a: Whimsicott|1
|-damage|p1a: Whimsicott|70/100
|move|p1a: Whimsicott|Dazzling Gleam|p2a: Pelipper|[spread] p2a,p2b
|-damage|p2a: Pelipper|54/100 brn
|-damage|p2b: Basculegion|14/100
|move|p2a: Pelipper|Weather Ball|p1a: Whimsicott
|-resisted|p1a: Whimsicott|1
|-damage|p1a: Whimsicott|20/100y
|
|-weather|RainDance|[upkeep]
|-damage|p2a: Pelipper|48/100 brn|[from] brn
|upkeep
|-enditem|p2a: Pelipper|Sitrus Berry|[eat]
|-heal|p2a: Pelipper|73/100 brn|[from] item: Sitrus Berry
|turn|8
|
|t:|1786141216
|move|p2b: Basculegion|Aqua Jet|p1a: Whimsicott
|-resisted|p1a: Whimsicott|1
|-damage|p1a: Whimsicott|0 fnt
|faint|p1a: Whimsicott
|
|win|PizzaSanwitch
||PizzaSanwitch is ready for game 2.
||xxhead-witchxx is ready for game 2.
|uhtml|next|Next: Game 2 of 3
