|j|☆tenshiarmpit
|j|☆ToastedArt2
|html|tenshiarmpitToastedArt2    
|uhtml|bestof|Game 3 of a best-of-3
|t:|1783862459
|gametype|doubles
|player|p1|tenshiarmpit|maid|1040
|player|p2|ToastedArt2|iris|1082
|gen|9
|tier|[Gen 9 Champions] VGC 2026 Reg M-B (Bo3)
|rated|
|rule|Species Clause: Limit one of each Pokémon
|rule|Item Clause: Limit 1 of each item
|clearpoke
|poke|p1|Swampert, L50, F, shiny|
|poke|p1|Scizor, L50, M, shiny|
|poke|p1|Pelipper, L50, F, shiny|
|poke|p1|Sableye, L50, M, shiny|
|poke|p1|Basculegion, L50, M|
|poke|p1|Sinistcha, L50|
|poke|p2|Sinistcha, L50|
|poke|p2|Chesnaught, L50, F, shiny|
|poke|p2|Delphox, L50, F|
|poke|p2|Sneasler, L50, M|
|poke|p2|Incineroar, L50, F|
|poke|p2|Toxapex, L50, M|
|teampreview|4
|showteam|p1|Swampert||Swampertite|Torrent|HighHorsepower,FlipTurn,KnockOff,Protect|Adamant||F|||50|]Scizor||Scizorite|Technician|BulletPunch,Protect,SwordsDance,DualWingbeat|Adamant||M|||50|]Pelipper||FocusSash|Drizzle|WeatherBall,Tailwind,WideGuard,Hurricane|Timid||F|||50|]Sableye||MentalHerb|Prankster|Encore,Quash,RainDance,FakeOut|Calm||M|||50|]Basculegion||ChoiceScarf|Adaptability|WaveCrash,AquaJet,FlipTurn,LastRespects|Adamant||M|||50|]Sinistcha||SitrusBerry|Hospitality|MatchaGotcha,RagePowder,Protect,StrengthSap|Calm|||||50|
|showteam|p2|Sinistcha||OccaBerry|Hospitality|MatchaGotcha,RagePowder,TrickRoom,Protect|Calm|||||50|]Chesnaught||Chesnaughtite|Bulletproof|BodyPress,IronDefense,WideGuard,SpikyShield|Impish||F|||50|]Delphox||Delphoxite|Blaze|HeatWave,Psychic,NastyPlot,Protect|Timid||F|||50|]Sneasler||FocusSash|PoisonTouch|CloseCombat,PoisonJab,QuickGuard,FakeOut|Jolly||M|||50|]Incineroar||SitrusBerry|Intimidate|FlareBlitz,DarkestLariat,PartingShot,FakeOut|Impish||F|||50|]Toxapex||Leftovers|Regenerator|Toxic,Infestation,BanefulBunker,WideGuard|Impish||M|||50|
|inactive|Battle timer is ON: inactive players will automatically lose when time's up. (requested by ToastedArt2)
|inactive|ToastedArt2 has 60 seconds left.
|inactive|ToastedArt2 has 30 seconds left.
|
|t:|1783862529
|teamsize|p1|4
|teamsize|p2|4
|start
|switch|p1a: Pelipper|Pelipper, L50, F, shiny|100/100
|switch|p1b: Basculegion|Basculegion, L50, M|100/100
|switch|p2a: Sneasler|Sneasler, L50, M|100/100
|switch|p2b: Incineroar|Incineroar, L50, F|100/100
|-weather|RainDance|[from] ability: Drizzle|[of] p1a: Pelipper
|-ability|p2b: Incineroar|Intimidate|boost
|-unboost|p1a: Pelipper|atk|1
|-unboost|p1b: Basculegion|atk|1
|turn|1
|inactive|tenshiarmpit has 30 seconds left.
|
|t:|1783862554
|move|p2a: Sneasler|Fake Out|p1a: Pelipper
|-damage|p1a: Pelipper|82/100
|move|p1b: Basculegion|Flip Turn|p2b: Incineroar
|-supereffective|p2b: Incineroar|1
|-damage|p2b: Incineroar|44/100
|-enditem|p2b: Incineroar|Sitrus Berry|[eat]
|-heal|p2b: Incineroar|69/100|[from] item: Sitrus Berry
|
|t:|1783862564
|switch|p1b: Swampert|Swampert, L50, F, shiny|100/100|[from] Flip Turn
|cant|p1a: Pelipper|flinch
|move|p2b: Incineroar|Parting Shot|p1b: Swampert
|-unboost|p1b: Swampert|atk|1
|-unboost|p1b: Swampert|spa|1
|
|t:|1783862580
|switch|p2b: Sinistcha|Sinistcha, L50|100/100|[from] Parting Shot
|
|-weather|RainDance|[upkeep]
|upkeep
|turn|2
|
|t:|1783862586
|detailschange|p1b: Swampert|Swampert-Mega, L50, F, shiny
|-mega|p1b: Swampert|Swampert|Swampertite
|move|p1b: Swampert|Flip Turn|p2b: Sinistcha
|-resisted|p2b: Sinistcha|1
|-damage|p2b: Sinistcha|82/100
|
|t:|1783862594
|switch|p1b: Basculegion|Basculegion, L50, M|100/100|[from] Flip Turn
|move|p2a: Sneasler|Poison Jab|p1a: Pelipper
|-damage|p1a: Pelipper|27/100
|-status|p1a: Pelipper|psn|[from] ability: Poison Touch|[of] p2a: Sneasler
|move|p1a: Pelipper|Hurricane|p2b: Sinistcha
|-supereffective|p2b: Sinistcha|1
|-damage|p2b: Sinistcha|2/100
|-start|p2b: Sinistcha|confusion
|-activate|p2b: Sinistcha|confusion
|move|p2b: Sinistcha|Matcha Gotcha|p1a: Pelipper|[spread] p1a,p1b
|-supereffective|p1b: Basculegion|1
|-damage|p1a: Pelipper|0 fnt
|-heal|p2b: Sinistcha|13/100|[from] drain|[of] p1a: Pelipper
|-damage|p1b: Basculegion|45/100
|-heal|p2b: Sinistcha|44/100|[from] drain|[of] p1b: Basculegion
|faint|p1a: Pelipper
|
|-weather|RainDance|[upkeep]
|upkeep
|
|t:|1783862608
|switch|p1a: Swampert|Swampert-Mega, L50, F, shiny|100/100
|turn|3
|
|t:|1783862629
|move|p1a: Swampert|Knock Off|p2b: Sinistcha
|-supereffective|p2b: Sinistcha|1
|-damage|p2b: Sinistcha|0 fnt
|-enditem|p2b: Sinistcha|Occa Berry|[from] move: Knock Off|[of] p1a: Swampert
|faint|p2b: Sinistcha
|move|p1b: Basculegion|Last Respects|p2a: Sneasler
|-enditem|p2a: Sneasler|Focus Sash
|-damage|p2a: Sneasler|1/100
|move|p2a: Sneasler|Poison Jab|p1a: Swampert
|-resisted|p1a: Swampert|1
|-damage|p1a: Swampert|81/100
|-status|p1a: Swampert|psn
|
|-weather|RainDance|[upkeep]
|-damage|p1a: Swampert|68/100 psn|[from] psn
|upkeep
|
|t:|1783862645
|switch|p2b: Incineroar|Incineroar, L50, F|69/100
|-ability|p2b: Incineroar|Intimidate|boost
|-unboost|p1a: Swampert|atk|1
|-unboost|p1b: Basculegion|atk|1
|turn|4
|c|☆tenshiarmpit|bro never change ur ability on sneasler hahaha
|
|t:|1783862669
|switch|p2a: Chesnaught|Chesnaught, L50, F, shiny|100/100
|move|p1a: Swampert|Protect|p1a: Swampert
|-singleturn|p1a: Swampert|Protect
|move|p2b: Incineroar|Fake Out|p1a: Swampert
|-activate|p1a: Swampert|move: Protect
|move|p1b: Basculegion|Last Respects|p2a: Chesnaught
|-damage|p2a: Chesnaught|65/100
|
|-weather|RainDance|[upkeep]
|-damage|p1a: Swampert|56/100 psn|[from] psn
|upkeep
|turn|5
|inactive|ToastedArt2 has 30 seconds left.
|
|t:|1783862698
|switch|p1a: Sinistcha|Sinistcha, L50|100/100
|-heal|p1b: Basculegion|70/100|[from] ability: Hospitality|[of] p1a: Sinistcha
|detailschange|p2a: Chesnaught|Chesnaught-Mega, L50, F, shiny
|-mega|p2a: Chesnaught|Chesnaught|Chesnaughtite
|move|p1b: Basculegion|Last Respects|p2b: Incineroar
|-resisted|p2b: Incineroar|1
|-damage|p2b: Incineroar|53/100
|move|p2b: Incineroar|Darkest Lariat|p1b: Basculegion
|-supereffective|p1b: Basculegion|1
|-damage|p1b: Basculegion|0 fnt
|faint|p1b: Basculegion
|move|p2a: Chesnaught|Iron Defense|p2a: Chesnaught
|-boost|p2a: Chesnaught|def|2
|
|-weather|none
|upkeep
|
|t:|1783862708
|switch|p1b: Swampert|Swampert-Mega, L50, F, shiny|56/100 psn
|turn|6
|
|t:|1783862732
|switch|p2b: Sneasler|Sneasler, L50, M|1/100
|move|p1b: Swampert|Protect|p1b: Swampert
|-singleturn|p1b: Swampert|Protect
|move|p1a: Sinistcha|Matcha Gotcha|p2b: Sneasler|[spread] p2a,p2b
|-resisted|p2a: Chesnaught|1
|-resisted|p2b: Sneasler|1
|-damage|p2a: Chesnaught|56/100
|-damage|p2b: Sneasler|0 fnt
|faint|p2b: Sneasler
|move|p2a: Chesnaught|Iron Defense|p2a: Chesnaught
|-boost|p2a: Chesnaught|def|2
|
|-damage|p1b: Swampert|44/100 psn|[from] psn
|upkeep
|
|t:|1783862740
|switch|p2b: Incineroar|Incineroar, L50, F|53/100
|-ability|p2b: Incineroar|Intimidate|boost
|-unboost|p1a: Sinistcha|atk|1
|-unboost|p1b: Swampert|atk|1
|turn|7
|inactive|tenshiarmpit has 30 seconds left.
|inactive|tenshiarmpit has 20 seconds left.
|
|t:|1783862775
|move|p1b: Swampert|Protect|p1b: Swampert
|-singleturn|p1b: Swampert|Protect
|move|p2b: Incineroar|Fake Out|p1b: Swampert
|-activate|p1b: Swampert|move: Protect
|move|p1a: Sinistcha|Matcha Gotcha|p2b: Incineroar|[spread] p2a,p2b
|-resisted|p2a: Chesnaught|1
|-resisted|p2b: Incineroar|1
|-damage|p2a: Chesnaught|48/100
|-damage|p2b: Incineroar|42/100
|-status|p2a: Chesnaught|brn
|move|p2a: Chesnaught|Body Press|p1b: Swampert
|-activate|p1b: Swampert|move: Protect
|
|-damage|p1b: Swampert|31/100 psn|[from] psn
|-damage|p2a: Chesnaught|42/100 brn|[from] brn
|upkeep
|turn|8
|
|t:|1783862788
|move|p1a: Sinistcha|Rage Powder|p1a: Sinistcha
|-singleturn|p1a: Sinistcha|move: Rage Powder
|move|p1b: Swampert|High Horsepower|p2b: Incineroar
|-supereffective|p2b: Incineroar|1
|-damage|p2b: Incineroar|0 fnt
|faint|p2b: Incineroar
|move|p2a: Chesnaught|Body Press|p1b: Swampert
|-damage|p1b: Swampert|0 fnt
|faint|p1b: Swampert
|
|-damage|p2a: Chesnaught|35/100 brn|[from] brn
|upkeep
|turn|9
|-message|ToastedArt2 forfeited.
|
|win|tenshiarmpit
|raw|tenshiarmpit's rating: 1040 → 1078(+38 for winning)
|raw|ToastedArt2's rating: 1082 → 1057(-25 for losing)
|l|☆ToastedArt2
|player|p2|
