|j|☆HEDPEHDEH
|j|☆alexshyness
|html|HEDPEHDEHalexshyness    
|uhtml|bestof|Game 2 of a best-of-3
|t:|1785717195
|gametype|doubles
|player|p1|HEDPEHDEH|1|1135
|player|p2|alexshyness|lass-gen4dp|1273
|gen|9
|tier|[Gen 9 Champions] VGC 2026 Reg M-B (Bo3)
|rated|
|rule|Species Clause: Limit one of each Pokémon
|rule|Item Clause: Limit 1 of each item
|clearpoke
|poke|p1|Delphox, L50, F|
|poke|p1|Garchomp, L50, F|
|poke|p1|Incineroar, L50, M|
|poke|p1|Tsareena, L50, F|
|poke|p1|Whimsicott, L50, M|
|poke|p1|Basculegion, L50, M|
|poke|p2|Kommo-o, L50, M|
|poke|p2|Gengar, L50, M, shiny|
|poke|p2|Maushold-Four, L50|
|poke|p2|Charizard, L50, M, shiny|
|poke|p2|Venusaur, L50, M|
|poke|p2|Incineroar, L50, M|
|teampreview|4
|showteam|p1|Delphox||Delphoxite|Blaze|Protect,NastyPlot,HeatWave,Psychic|Modest||F|||50|]Garchomp||LifeOrb|RoughSkin|Protect,RockSlide,StompingTantrum,DragonClaw|Jolly||F|||50|]Incineroar||ChopleBerry|Intimidate|FakeOut,FlareBlitz,CloseCombat,DarkestLariat|Adamant||M|||50|]Tsareena||WideLens|QueenlyMajesty|TropKick,TripleAxel,Protect,LowKick|Adamant||F|||50|]Whimsicott||FocusSash|Prankster|Protect,GrassKnot,Tailwind,SunnyDay|Modest||M|||50|]Basculegion||MysticWater|Adaptability|WaveCrash,Protect,AquaJet,LastRespects|Adamant||M|||50|
|showteam|p2|Kommo-o||Leftovers|Soundproof|Protect,ClangingScales,AuraSphere,ClangorousSoul|Timid||M|||50|]Gengar||Gengarite|CursedBody|Protect,ShadowBall,SludgeBomb,PerishSong|Timid||M|||50|]Maushold-Four||ChopleBerry|FriendGuard|Protect,HelpingHand,FollowMe,Encore|Jolly|||||50|]Charizard||CharizarditeY|Blaze|Protect,HeatWave,WeatherBall,SolarBeam|Modest||M|||50|]Venusaur||FocusSash|Chlorophyll|Protect,LeafStorm,EarthPower,SleepPowder|Modest||M|||50|]Incineroar||SitrusBerry|Intimidate|Protect,ThroatChop,PartingShot,FakeOut|Careful||M|||50|
|
|t:|1785717251
|teamsize|p1|4
|teamsize|p2|4
|start
|switch|p1a: Tsareena|Tsareena, L50, F|100/100
|switch|p1b: Basculegion|Basculegion, L50, M|100/100
|switch|p2a: Maushold|Maushold-Four, L50|100/100
|switch|p2b: Kommo-o|Kommo-o, L50, M|100/100
|turn|1
|
|t:|1785717269
|move|p2a: Maushold|Protect|p2a: Maushold
|-singleturn|p2a: Maushold|Protect
|move|p2b: Kommo-o|Clangorous Soul|p2b: Kommo-o
|-boost|p2b: Kommo-o|atk|1
|-boost|p2b: Kommo-o|def|1
|-boost|p2b: Kommo-o|spa|1
|-boost|p2b: Kommo-o|spd|1
|-boost|p2b: Kommo-o|spe|1
|-damage|p2b: Kommo-o|67/100
|move|p1b: Basculegion|Wave Crash|p2a: Maushold
|-activate|p2a: Maushold|move: Protect
|move|p1a: Tsareena|Triple Axel|p2b: Kommo-o
|-supereffective|p2b: Kommo-o|1
|-damage|p2b: Kommo-o|59/100
|-supereffective|p2b: Kommo-o|1
|-damage|p2b: Kommo-o|45/100
|-supereffective|p2b: Kommo-o|1
|-damage|p2b: Kommo-o|23/100
|-hitcount|p2b: Kommo-o|3
|
|-heal|p2b: Kommo-o|29/100|[from] item: Leftovers
|upkeep
|turn|2
|
|t:|1785717302
|move|p2a: Maushold|Helping Hand|p2b: Kommo-o
|-singleturn|p2b: Kommo-o|Helping Hand|[of] p2a: Maushold
|move|p1a: Tsareena|Protect|p1a: Tsareena
|-singleturn|p1a: Tsareena|Protect
|move|p2b: Kommo-o|Clanging Scales|p1a: Tsareena|[spread] p1b
|-activate|p1a: Tsareena|move: Protect
|-damage|p1b: Basculegion|20/100y
|-unboost|p2b: Kommo-o|def|1
|move|p1b: Basculegion|Wave Crash|p2a: Maushold
|-damage|p2a: Maushold|0 fnt
|faint|p2a: Maushold
|-damage|p1b: Basculegion|0 fnt|[from] Recoil
|faint|p1b: Basculegion
|
|-heal|p2b: Kommo-o|35/100|[from] item: Leftovers
|upkeep
|
|t:|1785717307
|switch|p2a: Gengar|Gengar, L50, M, shiny|100/100
|switch|p1b: Delphox|Delphox, L50, F|100/100
|turn|3
|
|t:|1785717319
|detailschange|p2a: Gengar|Gengar-Mega, L50, M, shiny
|-mega|p2a: Gengar|Gengar|Gengarite
|detailschange|p1b: Delphox|Delphox-Mega, L50, F
|-mega|p1b: Delphox|Delphox|Delphoxite
|move|p2b: Kommo-o|Clanging Scales|p1a: Tsareena|[spread] p1a,p1b
|-damage|p1a: Tsareena|44/100
|-damage|p1b: Delphox|47/100
|-unboost|p2b: Kommo-o|def|1
|move|p2a: Gengar|Shadow Ball|p1b: Delphox
|-supereffective|p1b: Delphox|1
|-damage|p1b: Delphox|0 fnt
|faint|p1b: Delphox
|move|p1a: Tsareena|Triple Axel|p2b: Kommo-o
|-supereffective|p2b: Kommo-o|1
|-damage|p2b: Kommo-o|14/100
|-supereffective|p2b: Kommo-o|1
|-damage|p2b: Kommo-o|0 fnt
|faint|p2b: Kommo-o
|-hitcount|p2: Kommo-o|2
|
|upkeep
|
|t:|1785717329
|switch|p1b: Garchomp|Garchomp, L50, F|100/100
|switch|p2b: Incineroar|Incineroar, L50, M|100/100
|-ability|p2b: Incineroar|Intimidate|boost
|-unboost|p1a: Tsareena|atk|1
|-unboost|p1b: Garchomp|atk|1
|turn|4
|
|t:|1785717352
|move|p1b: Garchomp|Protect|p1b: Garchomp
|-singleturn|p1b: Garchomp|Protect
|move|p1a: Tsareena|Protect|p1a: Tsareena
|-singleturn|p1a: Tsareena|Protect
|move|p2a: Gengar|Sludge Bomb|p1a: Tsareena
|-activate|p1a: Tsareena|move: Protect
|move|p2b: Incineroar|Parting Shot|p1b: Garchomp
|-activate|p1b: Garchomp|move: Protect
|
|upkeep
|turn|5
|
|t:|1785717370
|move|p2a: Gengar|Sludge Bomb|p1a: Tsareena
|-supereffective|p1a: Tsareena|1
|-damage|p1a: Tsareena|0 fnt
|faint|p1a: Tsareena
|move|p1b: Garchomp|Stomping Tantrum|p2a: Gengar
|-supereffective|p2a: Gengar|1
|-damage|p2a: Gengar|0 fnt
|faint|p2a: Gengar
|-damage|p1b: Garchomp|90/100|[from] item: Life Orb
|move|p2b: Incineroar|Parting Shot|p1b: Garchomp
|-unboost|p1b: Garchomp|atk|1
|-unboost|p1b: Garchomp|spa|1
|
|upkeep
|turn|6
|
|t:|1785717376
|move|p1b: Garchomp|Stomping Tantrum|p2b: Incineroar
|-supereffective|p2b: Incineroar|1
|-damage|p2b: Incineroar|56/100
|-damage|p1b: Garchomp|80/100|[from] item: Life Orb
|move|p2b: Incineroar|Throat Chop|p1b: Garchomp
|-damage|p1b: Garchomp|49/100
|-start|p1b: Garchomp|Throat Chop|[silent]
|-damage|p2b: Incineroar|44/100|[from] ability: Rough Skin|[of] p1b: Garchomp
|-enditem|p2b: Incineroar|Sitrus Berry|[eat]
|-heal|p2b: Incineroar|68/100|[from] item: Sitrus Berry
|
|upkeep
|turn|7
|
|t:|1785717383
|move|p1b: Garchomp|Stomping Tantrum|p2b: Incineroar
|-supereffective|p2b: Incineroar|1
|-damage|p2b: Incineroar|25/100
|-damage|p1b: Garchomp|39/100|[from] item: Life Orb
|move|p2b: Incineroar|Throat Chop|p1b: Garchomp
|-damage|p1b: Garchomp|8/100
|-damage|p2b: Incineroar|12/100|[from] ability: Rough Skin|[of] p1b: Garchomp
|
|-end|p1b: Garchomp|Throat Chop|[silent]
|upkeep
|turn|8
|-message|alexshyness forfeited.
|
|win|HEDPEHDEH
|l|☆alexshyness
|player|p2|
||alexshyness is ready for game 3.
||HEDPEHDEH is ready for game 3.
|uhtml|next|Next: Game 3 of 3
|j|☆alexshyness
|player|p2|alexshyness|lass-gen4dp|
