|j|☆gluttorn
|j|☆Mihihusuzu
|html|gluttornMihihusuzu    
|uhtml|bestof|Game 2 of a best-of-3
|t:|1782462001
|gametype|doubles
|player|p1|gluttorn|266|1099
|player|p2|Mihihusuzu|dawn|1143
|gen|9
|tier|[Gen 9 Champions] VGC 2026 Reg M-B (Bo3)
|rated|
|rule|Species Clause: Limit one of each Pokémon
|rule|Item Clause: Limit 1 of each item
|clearpoke
|poke|p1|Scrafty, L50, F|
|poke|p1|Torkoal, L50, F|
|poke|p1|Farigiraf, L50, F|
|poke|p1|Hatterene, L50, F|
|poke|p1|Vileplume, L50, F|
|poke|p1|Archaludon, L50, F|
|poke|p2|Whimsicott, L50, F, shiny|
|poke|p2|Typhlosion-Hisui, L50, F|
|poke|p2|Incineroar, L50, M, shiny|
|poke|p2|Primarina, L50, F, shiny|
|poke|p2|Farigiraf, L50, M|
|poke|p2|Crabominable, L50, M|
|teampreview|4
|showteam|p1|Scrafty||Scraftinite|Intimidate|FakeOut,KnockOff,DrainPunch,RockSlide|Brave||F|||50|]Torkoal||Charcoal|Drought|EarthPower,HeatWave,Eruption,Protect|Quiet||F|||50|]Farigiraf||MentalHerb|ArmorTail|Protect,HelpingHand,TrickRoom,Psychic|Calm||F|||50|]Hatterene||LifeOrb|MagicBounce|DazzlingGleam,Psychic,TrickRoom,Protect|Modest||F|||50|]Vileplume||FocusSash|Chlorophyll|AfterYou,Protect,EnergyBall,SludgeBomb|Timid||F|||50|]Archaludon||ChoiceScarf|Sturdy|Thunderbolt,DragonPulse,FlashCannon,SolarBeam|Timid||F|||50|
|showteam|p2|Whimsicott||FocusSash|Prankster|SunnyDay,Encore,TrickRoom,FakeTears|Timid||F|||50|]Typhlosion-Hisui||Charcoal|Blaze|Eruption,ShadowBall,HeatWave,Protect|Modest||F|||50|]Incineroar||PasshoBerry|Intimidate|PartingShot,FakeOut,Protect,FlareBlitz|Careful||M|||50|]Primarina||MysticWater|LiquidVoice|HyperVoice,Moonblast,Protect,CalmMind|Modest||F|||50|]Farigiraf||SitrusBerry|ArmorTail|TrickRoom,Psychic,Protect,HelpingHand|Sassy||M|||50|]Crabominable||Crabominite|HyperCutter|Crabhammer,IceHammer,DrainPunch,Protect|Adamant||M|||50|
|inactive|Battle timer is ON: inactive players will automatically lose when time's up. (requested by gluttorn)
|
|t:|1782462050
|teamsize|p1|4
|teamsize|p2|4
|start
|switch|p1a: Torkoal|Torkoal, L50, F|100/100
|switch|p1b: Vileplume|Vileplume, L50, F|100/100
|switch|p2a: Typhlosion|Typhlosion-Hisui, L50, F|100/100
|switch|p2b: Farigiraf|Farigiraf, L50, M|100/100
|-weather|SunnyDay|[from] ability: Drought|[of] p1a: Torkoal
|turn|1
|inactive|Mihihusuzu has 30 seconds left.
|inactive|Mihihusuzu has 20 seconds left.
|inactive|Mihihusuzu has 15 seconds left.
|inactive|Mihihusuzu has 10 seconds left.
|inactive|Mihihusuzu has 5 seconds left.
|
|t:|1782462104
|move|p2b: Farigiraf|Helping Hand|p2a: Typhlosion
|-singleturn|p2a: Typhlosion|Helping Hand|[of] p2b: Farigiraf
|move|p1b: Vileplume|After You|p1a: Torkoal
|-activate|p1a: Torkoal|move: After You
|move|p1a: Torkoal|Eruption|p2b: Farigiraf|[spread] p2a,p2b
|-resisted|p2a: Typhlosion|1
|-damage|p2a: Typhlosion|45/100
|-damage|p2b: Farigiraf|28/100
|-enditem|p2b: Farigiraf|Sitrus Berry|[eat]
|-heal|p2b: Farigiraf|52/100|[from] item: Sitrus Berry
|move|p2a: Typhlosion|Shadow Ball|p1a: Torkoal
|-damage|p1a: Torkoal|7/100
|
|-weather|SunnyDay|[upkeep]
|upkeep
|turn|2
|inactive|Mihihusuzu has 30 seconds left.
|
|t:|1782462139
|move|p1b: Vileplume|After You|p1a: Torkoal
|-activate|p1a: Torkoal|move: After You
|move|p1a: Torkoal|Heat Wave|p2a: Typhlosion|[spread] p2a,p2b
|-resisted|p2a: Typhlosion|1
|-damage|p2a: Typhlosion|10/100
|-damage|p2b: Farigiraf|3/100
|move|p2a: Typhlosion|Heat Wave|p1a: Torkoal|[spread] p1a,p1b
|-resisted|p1a: Torkoal|1
|-supereffective|p1b: Vileplume|1
|-damage|p1a: Torkoal|0 fnt
|-enditem|p1b: Vileplume|Focus Sash
|-damage|p1b: Vileplume|1/100
|faint|p1a: Torkoal
|move|p2b: Farigiraf|Psychic|p1b: Vileplume
|-supereffective|p1b: Vileplume|1
|-damage|p1b: Vileplume|0 fnt
|faint|p1b: Vileplume
|
|-weather|SunnyDay|[upkeep]
|upkeep
|
|t:|1782462157
|switch|p1b: Scrafty|Scrafty, L50, F|100/100
|switch|p1a: Archaludon|Archaludon, L50, F|100/100
|-ability|p1b: Scrafty|Intimidate|boost
|-unboost|p2a: Typhlosion|atk|1
|-unboost|p2b: Farigiraf|atk|1
|turn|3
|inactive|gluttorn has 30 seconds left.
|inactive|Mihihusuzu has 30 seconds left.
|inactive|Mihihusuzu has 20 seconds left.
|inactive|Mihihusuzu has 15 seconds left.
|
|t:|1782462197
|detailschange|p1b: Scrafty|Scrafty-Mega, L50, F
|-mega|p1b: Scrafty|Scrafty|Scraftinite
|-ability|p1b: Scrafty|Intimidate|boost
|-unboost|p2a: Typhlosion|atk|1
|-unboost|p2b: Farigiraf|atk|1
|move|p2a: Typhlosion|Protect|p2a: Typhlosion
|-singleturn|p2a: Typhlosion|Protect
|move|p1a: Archaludon|Thunderbolt|p2a: Typhlosion
|-activate|p2a: Typhlosion|move: Protect
|move|p1b: Scrafty|Knock Off|p2b: Farigiraf
|-supereffective|p2b: Farigiraf|1
|-damage|p2b: Farigiraf|0 fnt
|faint|p2b: Farigiraf
|
|-weather|SunnyDay|[upkeep]
|upkeep
|
|t:|1782462206
|switch|p2b: Incineroar|Incineroar, L50, M, shiny|100/100
|-ability|p2b: Incineroar|Intimidate|boost
|-unboost|p1a: Archaludon|atk|1
|-unboost|p1b: Scrafty|atk|1
|turn|4
|
|t:|1782462221
|move|p2b: Incineroar|Fake Out|p1a: Archaludon
|-resisted|p1a: Archaludon|1
|-damage|p1a: Archaludon|95/100
|cant|p1a: Archaludon|flinch
|move|p2a: Typhlosion|Heat Wave|p1b: Scrafty|[spread] p1a,p1b
|-damage|p1a: Archaludon|0 fnt
|-damage|p1b: Scrafty|19/100
|faint|p1a: Archaludon
|move|p1b: Scrafty|Drain Punch|p2b: Incineroar
|-supereffective|p2b: Incineroar|1
|-damage|p2b: Incineroar|49/100
|-heal|p1b: Scrafty|48/100|[from] drain|[of] p2b: Incineroar
|
|-weather|SunnyDay|[upkeep]
|upkeep
|turn|5
|
|t:|1782462237
|move|p2a: Typhlosion|Heat Wave|p1b: Scrafty|[miss]
|-miss|p2a: Typhlosion|p1b: Scrafty
|move|p2b: Incineroar|Flare Blitz|p1b: Scrafty
|-damage|p1b: Scrafty|0 fnt
|faint|p1b: Scrafty
|-damage|p2b: Incineroar|35/100|[from] Recoil
|
|win|Mihihusuzu
|raw|gluttorn's rating: 1099 → 1077(-22 for losing)
|raw|Mihihusuzu's rating: 1143 → 1165(+22 for winning)
