|j|☆parmesanlugubre206
|j|☆Marvcolor
|html|parmesanlugubre206Marvcolor    
|uhtml|bestof|Game 2 of a best-of-3
|t:|1784218938
|gametype|doubles
|player|p1|parmesanlugubre206|ethan|1203
|player|p2|Marvcolor|giovanni|1319
|gen|9
|tier|[Gen 9 Champions] VGC 2026 Reg M-B (Bo3)
|rated|
|rule|Species Clause: Limit one of each Pokémon
|rule|Item Clause: Limit 1 of each item
|clearpoke
|poke|p1|Pelipper, L50, F|
|poke|p1|Archaludon, L50, M|
|poke|p1|Alakazam, L50, M|
|poke|p1|Basculegion, L50, M|
|poke|p1|Swampert, L50, F|
|poke|p1|Meowscarada, L50, F|
|poke|p2|Gengar, L50, F, shiny|
|poke|p2|Politoed, L50, M, shiny|
|poke|p2|Archaludon, L50, F, shiny|
|poke|p2|Swampert, L50, F, shiny|
|poke|p2|Incineroar, L50, M, shiny|
|poke|p2|Vivillon, L50, F, shiny|
|teampreview|4
|showteam|p1|Pelipper||LifeOrb|Drizzle|WeatherBall,Hurricane,Tailwind,WideGuard|Modest||F|||50|]Archaludon||Leftovers|Stamina|ElectroShot,Snarl,DragonPulse,Protect|Modest||M|||50|]Alakazam||Alakazite|InnerFocus|Psychic,RainDance,SpeedSwap,LightScreen|Timid||M|||50|]Basculegion||MysticWater|Adaptability|WaveCrash,LastRespects,AquaJet,Protect|Adamant||M|||50|]Swampert||Swampertite|Torrent|WaveCrash,Earthquake,IcePunch,Protect|Adamant||F|||50|]Meowscarada||ChoiceScarf|Protean|FlowerTrick,KnockOff,TripleAxel,Uturn|Jolly||F|||50|
|showteam|p2|Gengar||Gengarite|CursedBody|ShadowBall,SludgeBomb,PerishSong,Protect|Modest||F|||50|]Politoed||SitrusBerry|Drizzle|WeatherBall,PerishSong,Encore,Protect|Calm||M|||50|]Archaludon||Leftovers|Stamina|ElectroShot,DragonPulse,FlashCannon,Protect|Bold||F|||50|]Swampert||Swampertite|Damp|WaveCrash,Earthquake,IcePunch,Protect|Adamant||F|||50|]Incineroar||PasshoBerry|Intimidate|ThroatChop,PartingShot,Protect,FakeOut|Sassy||M|||50|]Vivillon||FocusSash|CompoundEyes|Hurricane,SleepPowder,RagePowder,Protect|Timid||F|||50|
|inactive|Battle timer is ON: inactive players will automatically lose when time's up. (requested by Marvcolor)
|inactive|parmesanlugubre206 also wants the timer to be on.
|
|t:|1784218957
|teamsize|p1|4
|teamsize|p2|4
|start
|switch|p1a: Swampert|Swampert, L50, F|100/100
|switch|p1b: Pelipper|Pelipper, L50, F|100/100
|switch|p2a: Mishra|Gengar, L50, F, shiny|100/100
|switch|p2b: Mankira|Incineroar, L50, M, shiny|100/100
|-weather|RainDance|[from] ability: Drizzle|[of] p1b: Pelipper
|-ability|p2b: Mankira|Intimidate|boost
|-unboost|p1a: Swampert|atk|1
|-unboost|p1b: Pelipper|atk|1
|turn|1
|
|t:|1784218968
|switch|p1a: Meowscarada|Meowscarada, L50, F|100/100
|detailschange|p2a: Mishra|Gengar-Mega, L50, F, shiny
|-mega|p2a: Mishra|Gengar|Gengarite
|move|p2b: Mankira|Fake Out|p1a: Meowscarada
|-damage|p1a: Meowscarada|83/100
|move|p2a: Mishra|Perish Song|p2a: Mishra
|-start|p1a: Meowscarada|perish3|[silent]
|-start|p1b: Pelipper|perish3|[silent]
|-start|p2a: Mishra|perish3|[silent]
|-start|p2b: Mankira|perish3|[silent]
|-fieldactivate|move: Perish Song
|move|p1b: Pelipper|Tailwind|p1b: Pelipper
|-sidestart|p1: parmesanlugubre206|move: Tailwind
|
|-weather|RainDance|[upkeep]
|-start|p1a: Meowscarada|perish3
|-start|p1b: Pelipper|perish3
|-start|p2a: Mishra|perish3
|-start|p2b: Mankira|perish3
|upkeep
|turn|2
|
|t:|1784218982
|move|p2a: Mishra|Protect|p2a: Mishra
|-singleturn|p2a: Mishra|Protect
|move|p2b: Mankira|Protect|p2b: Mankira
|-singleturn|p2b: Mankira|Protect
|move|p1a: Meowscarada|U-turn|p2b: Mankira
|-start|p1a: Meowscarada|typechange|Bug|[from] ability: Protean
|-activate|p2b: Mankira|move: Protect
|move|p1b: Pelipper|Weather Ball|p2b: Mankira
|-activate|p2b: Mankira|move: Protect
|
|-weather|RainDance|[upkeep]
|-start|p1a: Meowscarada|perish2
|-start|p1b: Pelipper|perish2
|-start|p2a: Mishra|perish2
|-start|p2b: Mankira|perish2
|upkeep
|turn|3
|
|t:|1784218996
|switch|p2a: Centralian|Archaludon, L50, F, shiny|100/100
|move|p1a: Meowscarada|U-turn|p2a: Centralian
|-resisted|p2a: Centralian|1
|-damage|p2a: Centralian|88/100
|-ability|p2a: Centralian|Stamina|boost
|-boost|p2a: Centralian|def|1
|
|t:|1784219002
|switch|p1a: Swampert|Swampert, L50, F|100/100|[from] U-turn
|move|p1b: Pelipper|Weather Ball|p2a: Centralian
|-resisted|p2a: Centralian|1
|-damage|p2a: Centralian|40/100
|-ability|p2a: Centralian|Stamina|boost
|-boost|p2a: Centralian|def|1
|-damage|p1b: Pelipper|90/100|[from] item: Life Orb
|move|p2b: Mankira|Parting Shot|p1a: Swampert
|-unboost|p1a: Swampert|atk|1
|-unboost|p1a: Swampert|spa|1
|
|t:|1784219014
|switch|p2b: Mishra|Gengar-Mega, L50, F, shiny|100/100|[from] Parting Shot
|
|-weather|RainDance|[upkeep]
|-heal|p2a: Centralian|46/100|[from] item: Leftovers
|-start|p1b: Pelipper|perish1
|upkeep
|turn|4
|
|t:|1784219022
|detailschange|p1a: Swampert|Swampert-Mega, L50, F
|-mega|p1a: Swampert|Swampert|Swampertite
|move|p2b: Mishra|Protect|p2b: Mishra
|-singleturn|p2b: Mishra|Protect
|move|p2a: Centralian|Protect|p2a: Centralian
|-singleturn|p2a: Centralian|Protect
|move|p1a: Swampert|Earthquake|p2a: Centralian|[spread] 
|-activate|p2a: Centralian|move: Protect
|-activate|p2b: Mishra|move: Protect
|-immune|p1b: Pelipper
|move|p1b: Pelipper|Weather Ball|p2a: Centralian
|-activate|p2a: Centralian|move: Protect
|
|-weather|RainDance|[upkeep]
|-heal|p2a: Centralian|53/100|[from] item: Leftovers
|-start|p1b: Pelipper|perish0
|-sideend|p1: parmesanlugubre206|move: Tailwind
|faint|p1b: Pelipper
|upkeep
|
|t:|1784219028
|switch|p1b: Archaludon|Archaludon, L50, M|100/100
|turn|5
|inactive|Marvcolor has 30 seconds left.
|
|t:|1784219063
|switch|p2b: Mankira|Incineroar, L50, M, shiny|100/100
|-ability|p2b: Mankira|Intimidate|boost
|-unboost|p1a: Swampert|atk|1
|-unboost|p1b: Archaludon|atk|1
|switch|p2a: Time Walk|Vivillon, L50, F, shiny|100/100
|move|p1a: Swampert|Wave Crash|p2b: Mankira
|-supereffective|p2b: Mankira|1
|-enditem|p2b: Mankira|Passho Berry|[eat]
|-enditem|p2b: Mankira|Passho Berry|[weaken]
|-damage|p2b: Mankira|56/100
|-damage|p1a: Swampert|83/100|[from] Recoil
|move|p1b: Archaludon|Electro Shot||[still]
|-prepare|p1b: Archaludon|Electro Shot
|-boost|p1b: Archaludon|spa|1
|-anim|p1b: Archaludon|Electro Shot|p2b: Mankira
|-damage|p2b: Mankira|8/100
|
|-weather|none
|upkeep
|turn|6
|
|t:|1784219081
|switch|p1a: Meowscarada|Meowscarada, L50, F|83/100
|move|p2b: Mankira|Fake Out|p1b: Archaludon
|-resisted|p1b: Archaludon|1
|-damage|p1b: Archaludon|96/100
|-ability|p1b: Archaludon|Stamina|boost
|-boost|p1b: Archaludon|def|1
|move|p2a: Time Walk|Sleep Powder|p1a: Meowscarada
|-immune|p1a: Meowscarada
|cant|p1b: Archaludon|flinch
|
|-heal|p1b: Archaludon|100/100|[from] item: Leftovers
|upkeep
|turn|7
|
|t:|1784219091
|switch|p2b: Mishra|Gengar-Mega, L50, F, shiny|100/100
|move|p2a: Time Walk|Protect|p2a: Time Walk
|-singleturn|p2a: Time Walk|Protect
|move|p1a: Meowscarada|Flower Trick|p2b: Mishra
|-start|p1a: Meowscarada|typechange|Grass|[from] ability: Protean
|-resisted|p2b: Mishra|1
|-crit|p2b: Mishra
|-damage|p2b: Mishra|73/100
|move|p1b: Archaludon|Dragon Pulse|p2a: Time Walk
|-activate|p2a: Time Walk|move: Protect
|
|upkeep
|turn|8
|
|t:|1784219108
|move|p1a: Meowscarada|Flower Trick|p2a: Time Walk
|-resisted|p2a: Time Walk|2
|-crit|p2a: Time Walk
|-damage|p2a: Time Walk|76/100
|move|p2b: Mishra|Perish Song|p2b: Mishra
|-start|p1a: Meowscarada|perish3|[silent]
|-start|p1b: Archaludon|perish3|[silent]
|-start|p2a: Time Walk|perish3|[silent]
|-start|p2b: Mishra|perish3|[silent]
|-fieldactivate|move: Perish Song
|move|p2a: Time Walk|Sleep Powder|p1b: Archaludon
|-status|p1b: Archaludon|slp|[from] move: Sleep Powder
|cant|p1b: Archaludon|slp
|
|-start|p1a: Meowscarada|perish3
|-start|p2b: Mishra|perish3
|-start|p2a: Time Walk|perish3
|-start|p1b: Archaludon|perish3
|upkeep
|turn|9
|
|t:|1784219129
|switch|p2a: Mankira|Incineroar, L50, M, shiny|8/100
|-ability|p2a: Mankira|Intimidate|boost
|-unboost|p1a: Meowscarada|atk|1
|-unboost|p1b: Archaludon|atk|1
|move|p1a: Meowscarada|Flower Trick|p2b: Mishra
|-resisted|p2b: Mishra|1
|-crit|p2b: Mishra
|-damage|p2b: Mishra|46/100
|move|p2b: Mishra|Sludge Bomb|p1a: Meowscarada
|-supereffective|p1a: Meowscarada|1
|-damage|p1a: Meowscarada|0 fnt
|faint|p1a: Meowscarada
|-curestatus|p1b: Archaludon|slp|[msg]
|move|p1b: Archaludon|Snarl|p2a: Mankira|[spread] p2a,p2b
|-resisted|p2a: Mankira|1
|-supereffective|p2b: Mishra|1
|-damage|p2a: Mankira|1/100
|-damage|p2b: Mishra|10/100
|-unboost|p2a: Mankira|spa|1
|-unboost|p2b: Mishra|spa|1
|
|-start|p2b: Mishra|perish2
|-start|p1b: Archaludon|perish2
|upkeep
|
|t:|1784219140
|switch|p1a: Swampert|Swampert-Mega, L50, F|83/100
|turn|10
|
|t:|1784219156
|move|p1a: Swampert|Protect|p1a: Swampert
|-singleturn|p1a: Swampert|Protect
|move|p2a: Mankira|Fake Out|p1a: Swampert
|-activate|p1a: Swampert|move: Protect
|move|p2b: Mishra|Perish Song|p2b: Mishra
|-start|p1a: Swampert|perish3|[silent]
|-start|p2a: Mankira|perish3|[silent]
|-fieldactivate|move: Perish Song
|move|p1b: Archaludon|Dragon Pulse|p2b: Mishra
|-damage|p2b: Mishra|0 fnt
|faint|p2b: Mishra
|
|-start|p1a: Swampert|perish3
|-start|p1b: Archaludon|perish1
|-start|p2a: Mankira|perish3
|upkeep
|
|t:|1784219168
|switch|p2b: Centralian|Archaludon, L50, F, shiny|53/100
|turn|11
|
|t:|1784219172
|move|p2b: Centralian|Protect|p2b: Centralian
|-singleturn|p2b: Centralian|Protect
|move|p2a: Mankira|Protect|p2a: Mankira
|-singleturn|p2a: Mankira|Protect
|move|p1a: Swampert|Earthquake|p2b: Centralian|[spread] p1b
|-activate|p2a: Mankira|move: Protect
|-activate|p2b: Centralian|move: Protect
|-supereffective|p1b: Archaludon|1
|-damage|p1b: Archaludon|55/100
|-ability|p1b: Archaludon|Stamina|boost
|-boost|p1b: Archaludon|def|1
|move|p1b: Archaludon|Dragon Pulse|p2a: Mankira
|-activate|p2a: Mankira|move: Protect
|
|-heal|p1b: Archaludon|61/100|[from] item: Leftovers
|-heal|p2b: Centralian|59/100|[from] item: Leftovers
|-start|p1a: Swampert|perish2
|-start|p1b: Archaludon|perish0
|-start|p2a: Mankira|perish2
|faint|p1b: Archaludon
|upkeep
|turn|12
|
|t:|1784219187
|move|p1a: Swampert|Earthquake|p2a: Mankira|[spread] p2a,p2b
|-supereffective|p2a: Mankira|1
|-supereffective|p2b: Centralian|1
|-damage|p2a: Mankira|0 fnt
|-damage|p2b: Centralian|3/100
|-ability|p2b: Centralian|Stamina|boost
|-boost|p2b: Centralian|def|1
|faint|p2a: Mankira
|move|p2b: Centralian|Dragon Pulse|p1a: Swampert
|-damage|p1a: Swampert|52/100
|
|-heal|p2b: Centralian|9/100|[from] item: Leftovers
|-start|p1a: Swampert|perish1
|upkeep
|
|t:|1784219190
|switch|p2a: Time Walk|Vivillon, L50, F, shiny|76/100
|turn|13
|-message|parmesanlugubre206 forfeited.
|
|win|Marvcolor
|l|☆parmesanlugubre206
|player|p1|
||Marvcolor is ready for game 3.
||parmesanlugubre206 is ready for game 3.
|uhtml|next|Next: Game 3 of 3
