|j|☆elsietesiete
|j|☆Prepucio Santos
|html|elsietesietePrepucio Santos    
|uhtml|bestof|Game 2 of a best-of-3
|t:|1783104982
|gametype|doubles
|player|p1|elsietesiete|n|1008
|player|p2|Prepucio Santos|striker|1081
|gen|9
|tier|[Gen 9 Champions] VGC 2026 Reg M-B (Bo3)
|rated|
|rule|Species Clause: Limit one of each Pokémon
|rule|Item Clause: Limit 1 of each item
|clearpoke
|poke|p1|Aerodactyl, L50, F|
|poke|p1|Farigiraf, L50, M|
|poke|p1|Kingambit, L50, F|
|poke|p1|Charizard, L50, F|
|poke|p1|Garchomp, L50, M|
|poke|p1|Sylveon, L50, M|
|poke|p2|Incineroar, L50, M|
|poke|p2|Sinistcha-Masterpiece, L50, shiny|
|poke|p2|Floette-Eternal, L50, F|
|poke|p2|Kingambit, L50, F|
|poke|p2|Sneasler, L50, M|
|poke|p2|Delphox, L50, M, shiny|
|teampreview|4
|showteam|p1|Aerodactyl||Aerodactylite|RockHead|IceFang,RockSlide,Tailwind,DualWingbeat|Adamant||F|||50|]Farigiraf||ColburBerry|ArmorTail|Roar,HyperVoice,Psychic,TrickRoom|Serious||M|||50|]Kingambit||FocusSash|Defiant|KowtowCleave,Protect,IronHead,FoulPlay|Adamant||F|||50|]Charizard||CharizarditeY|Blaze|Protect,HeatWave,WeatherBall,SolarBeam|Calm||F|||50|]Garchomp||LifeOrb|SandVeil|DragonClaw,Earthquake,ShadowClaw,Protect|Adamant||M|||50|]Sylveon||FairyFeather|Pixilate|QuickAttack,HyperVoice,Protect,HyperBeam|Serious||M|||50|
|showteam|p2|Incineroar||SitrusBerry|Intimidate|FakeOut,PartingShot,ThroatChop,FlareBlitz|Careful||M|||50|]Sinistcha-Masterpiece||KasibBerry|Hospitality|MatchaGotcha,LifeDew,RagePowder,TrickRoom|Bold|||||50|]Floette-Eternal||Floettite|FlowerVeil|Moonblast,DazzlingGleam,CalmMind,Protect|Modest||F|||50|]Kingambit||BlackGlasses|Defiant|KowtowCleave,SuckerPunch,SwordsDance,Protect|Adamant||F|||50|]Sneasler||FocusSash|PoisonTouch|FakeOut,CloseCombat,DireClaw,QuickGuard|Jolly||M|||50|]Delphox||Delphoxite|Blaze|HeatWave,Psyshock,NastyPlot,Protect|Timid||M|||50|
|inactive|Battle timer is ON: inactive players will automatically lose when time's up. (requested by elsietesiete)
|
|t:|1783105005
|teamsize|p1|4
|teamsize|p2|4
|start
|switch|p1a: Aerodactyl|Aerodactyl, L50, F|100/100
|switch|p1b: Kingambit|Kingambit, L50, F|100/100
|switch|p2a: Incineroar|Incineroar, L50, M|100/100
|switch|p2b: Floette|Floette-Eternal, L50, F|100/100
|-ability|p2a: Incineroar|Intimidate|boost
|-unboost|p1a: Aerodactyl|atk|1
|-unboost|p1b: Kingambit|atk|1
|-ability|p1b: Kingambit|Defiant|boost
|-boost|p1b: Kingambit|atk|2
|turn|1
|
|t:|1783105023
|detailschange|p1a: Aerodactyl|Aerodactyl-Mega, L50, F
|-mega|p1a: Aerodactyl|Aerodactyl|Aerodactylite
|detailschange|p2b: Floette|Floette-Mega, L50, F
|-mega|p2b: Floette|Floette|Floettite
|-ability|p2b: Floette|Fairy Aura
|move|p1b: Kingambit|Protect|p1b: Kingambit
|-singleturn|p1b: Kingambit|Protect
|move|p2a: Incineroar|Fake Out|p1b: Kingambit
|-activate|p1b: Kingambit|move: Protect
|move|p1a: Aerodactyl|Rock Slide|p2a: Incineroar|[spread] p2a,p2b
|-supereffective|p2a: Incineroar|1
|-crit|p2b: Floette
|-damage|p2a: Incineroar|60/100
|-damage|p2b: Floette|53/100
|cant|p2b: Floette|flinch
|
|upkeep
|turn|2
|inactive|Prepucio Santos has 30 seconds left.
|
|t:|1783105053
|move|p2b: Floette|Protect|p2b: Floette
|-singleturn|p2b: Floette|Protect
|move|p1a: Aerodactyl|Rock Slide|p2b: Floette|[spread] p2a
|-activate|p2b: Floette|move: Protect
|-supereffective|p2a: Incineroar|1
|-damage|p2a: Incineroar|21/100
|-enditem|p2a: Incineroar|Sitrus Berry|[eat]
|-heal|p2a: Incineroar|46/100|[from] item: Sitrus Berry
|move|p2a: Incineroar|Parting Shot|p1a: Aerodactyl
|-unboost|p1a: Aerodactyl|atk|1
|-unboost|p1a: Aerodactyl|spa|1
|
|t:|1783105066
|switch|p2a: Sneasler|Sneasler, L50, M|100/100|[from] Parting Shot
|move|p1b: Kingambit|Iron Head|p2b: Floette
|-activate|p2b: Floette|move: Protect
|
|upkeep
|turn|3
|
|t:|1783105085
|move|p2a: Sneasler|Fake Out|p1b: Kingambit
|-resisted|p1b: Kingambit|1
|-damage|p1b: Kingambit|94/100
|move|p1a: Aerodactyl|Dual Wingbeat|p2a: Sneasler
|-supereffective|p2a: Sneasler|1
|-damage|p2a: Sneasler|50/100g
|-supereffective|p2a: Sneasler|1
|-damage|p2a: Sneasler|0 fnt
|faint|p2a: Sneasler
|-hitcount|p2: Sneasler|2
|move|p2b: Floette|Moonblast|p1b: Kingambit
|-damage|p1b: Kingambit|19/100
|cant|p1b: Kingambit|flinch
|
|upkeep
|
|t:|1783105092
|switch|p2a: Sinistcha|Sinistcha-Masterpiece, L50, shiny|100/100
|-heal|p2b: Floette|77/100|[from] ability: Hospitality|[of] p2a: Sinistcha
|turn|4
|
|t:|1783105108
|move|p2a: Sinistcha|Rage Powder|p2a: Sinistcha
|-singleturn|p2a: Sinistcha|move: Rage Powder
|move|p1a: Aerodactyl|Rock Slide|p2a: Sinistcha|[spread] p2a,p2b
|-damage|p2a: Sinistcha|86/100
|-damage|p2b: Floette|62/100
|move|p2b: Floette|Dazzling Gleam|p1b: Kingambit|[spread] p1a,p1b
|-crit|p1b: Kingambit
|-damage|p1a: Aerodactyl|39/100
|-damage|p1b: Kingambit|0 fnt
|faint|p1b: Kingambit
|
|upkeep
|
|t:|1783105123
|switch|p1b: Garchomp|Garchomp, L50, M|100/100
|turn|5
|
|t:|1783105137
|switch|p1a: Sylveon|Sylveon, L50, M|100/100
|switch|p2a: Incineroar|Incineroar, L50, M|46/100
|-ability|p2a: Incineroar|Intimidate|boost
|-unboost|p1a: Sylveon|atk|1
|-unboost|p1b: Garchomp|atk|1
|move|p1b: Garchomp|Shadow Claw|p2a: Incineroar
|-resisted|p2a: Incineroar|1
|-damage|p2a: Incineroar|36/100
|-damage|p1b: Garchomp|90/100|[from] item: Life Orb
|move|p2b: Floette|Dazzling Gleam|p1b: Garchomp|[spread] p1a,p1b
|-supereffective|p1b: Garchomp|1
|-damage|p1a: Sylveon|69/100
|-damage|p1b: Garchomp|0 fnt
|faint|p1b: Garchomp
|
|upkeep
|
|t:|1783105156
|switch|p1b: Aerodactyl|Aerodactyl-Mega, L50, F|39/100
|turn|6
|
|t:|1783105162
|move|p2a: Incineroar|Fake Out|p1a: Sylveon
|-damage|p1a: Sylveon|55/100
|move|p1b: Aerodactyl|Rock Slide|p2a: Incineroar|[spread] p2a,p2b
|-supereffective|p2a: Incineroar|1
|-damage|p2a: Incineroar|0 fnt
|-damage|p2b: Floette|30/100
|faint|p2a: Incineroar
|move|p2b: Floette|Dazzling Gleam|p1b: Aerodactyl|[spread] p1a,p1b
|-damage|p1a: Sylveon|23/100
|-damage|p1b: Aerodactyl|0 fnt
|faint|p1b: Aerodactyl
|cant|p1a: Sylveon|flinch
|
|upkeep
|
|t:|1783105165
|switch|p2a: Sinistcha|Sinistcha-Masterpiece, L50, shiny|86/100
|-heal|p2b: Floette|55/100|[from] ability: Hospitality|[of] p2a: Sinistcha
|turn|7
|
|t:|1783105184
|move|p2a: Sinistcha|Rage Powder|p2a: Sinistcha
|-singleturn|p2a: Sinistcha|move: Rage Powder
|move|p2b: Floette|Moonblast|p1a: Sylveon
|-damage|p1a: Sylveon|0 fnt
|faint|p1a: Sylveon
|
|win|Prepucio Santos
