|j|☆Cecho8
|j|☆cbninjask4uber
|html|Cecho8cbninjask4uber    
|uhtml|bestof|Game 2 of a best-of-3
|t:|1757803838
|gametype|doubles
|player|p1|Cecho8|shadowtriad|1386
|player|p2|cbninjask4uber|falkner|1339
|gen|9
|tier|[Gen 9] VGC 2025 Reg H (Bo3)
|rated|
|rule|Species Clause: Limit one of each Pokémon
|rule|Item Clause: Limit 1 of each item
|clearpoke
|poke|p1|Archaludon, L50, F|
|poke|p1|Pelipper, L50, F|
|poke|p1|Basculegion, L50, M|
|poke|p1|Incineroar, L50, F|
|poke|p1|Indeedee-F, L50, F|
|poke|p1|Ursaluna, L50, F|
|poke|p2|Kingambit, L50, M|
|poke|p2|Dragonite, L50, M|
|poke|p2|Rillaboom, L50, M|
|poke|p2|Sneasler, L50, M|
|poke|p2|Electabuzz, L50, M|
|poke|p2|Volcarona, L50, F|
|teampreview|4
|showteam|p1|Archaludon||AssaultVest|Stamina|DragonPulse,ElectroShot,BodyPress,Snarl|||F|||50|,,,,,Bug]Pelipper||FocusSash|Drizzle|WeatherBall,Hurricane,Tailwind,Protect|||F|||50|,,,,,Ghost]Basculegion||ChoiceBand|SwiftSwim|AquaJet,WaveCrash,LastRespects,FlipTurn|||M|||50|,,,,,Water]Incineroar||SafetyGoggles|Intimidate|FakeOut,KnockOff,FlareBlitz,PartingShot|||F|||50|,,,,,Ghost]Indeedee-F||PsychicSeed|PsychicSurge|FollowMe,Imprison,TrickRoom,Psychic|||F|||50|,,,,,Fairy]Ursaluna||FlameOrb|Guts|HeadlongRush,Earthquake,Facade,Protect|||F|||50|,,,,,Ghost
|showteam|p2|Kingambit||BlackGlasses|Defiant|KowtowCleave,SuckerPunch,SwordsDance,Protect|||M|||50|,,,,,Dark]Dragonite||LoadedDice|Multiscale|ExtremeSpeed,ScaleShot,Haze,Protect|||M|||50|,,,,,Fairy]Rillaboom||AssaultVest|GrassySurge|GrassyGlide,WoodHammer,HighHorsepower,FakeOut|||M|||50|,,,,,Fire]Sneasler||FocusSash|PoisonTouch|DireClaw,CloseCombat,FakeOut,Protect|||M|||50|,,,,,Ghost]Electabuzz||Eviolite|VitalSpirit|FollowMe,Thunderbolt,Taunt,Protect|||M|||50|,,,,,Ghost]Volcarona||CovertCloak|FlameBody|HeatWave,QuiverDance,TeraBlast,Protect|||F|||50|,,,,,Fairy
|inactive|Battle timer is ON: inactive players will automatically lose when time's up. (requested by cbninjask4uber)
|inactive|cbninjask4uber has 60 seconds left.
|
|t:|1757803899
|teamsize|p1|4
|teamsize|p2|4
|start
|switch|p1a: Pelipper|Pelipper, L50, F|100/100
|switch|p1b: Basculegion|Basculegion, L50, M|100/100
|switch|p2a: Dragonite|Dragonite, L50, M|100/100
|switch|p2b: Electabuzz|Electabuzz, L50, M|100/100
|-weather|RainDance|[from] ability: Drizzle|[of] p1a: Pelipper
|turn|1
|inactive|cbninjask4uber has 30 seconds left.
|inactive|cbninjask4uber has 20 seconds left.
|
|t:|1757803939
|move|p1b: Basculegion|Wave Crash|p2b: Electabuzz
|-damage|p2b: Electabuzz|0 fnt
|faint|p2b: Electabuzz
|-damage|p1b: Basculegion|71/100|[from] Recoil
|move|p2a: Dragonite|Scale Shot|p1b: Basculegion
|-damage|p1b: Basculegion|51/100
|-damage|p1b: Basculegion|33/100
|-damage|p1b: Basculegion|12/100
|-damage|p1b: Basculegion|0 fnt
|faint|p1b: Basculegion
|-hitcount|p1: Basculegion|4
|-unboost|p2a: Dragonite|def|1
|-boost|p2a: Dragonite|spe|1
|move|p1a: Pelipper|Tailwind|p1a: Pelipper
|-sidestart|p1: Cecho8|move: Tailwind
|
|-weather|RainDance|[upkeep]
|upkeep
|
|t:|1757803951
|switch|p2b: Kingambit|Kingambit, L50, M|100/100
|switch|p1b: Archaludon|Archaludon, L50, F|100/100
|turn|2
|inactive|cbninjask4uber has 30 seconds left.
|inactive|cbninjask4uber has 20 seconds left.
|inactive|cbninjask4uber has 15 seconds left.
|
|t:|1757803993
|-terastallize|p2b: Kingambit|Dark
|move|p2b: Kingambit|Sucker Punch|p1b: Archaludon
|-damage|p1b: Archaludon|55/100
|-ability|p1b: Archaludon|Stamina|boost
|-boost|p1b: Archaludon|def|1
|move|p1a: Pelipper|Hurricane|p2a: Dragonite
|-damage|p2a: Dragonite|77/100
|-start|p2a: Dragonite|confusion
|move|p1b: Archaludon|Dragon Pulse|p2a: Dragonite
|-supereffective|p2a: Dragonite
|-damage|p2a: Dragonite|0 fnt
|faint|p2a: Dragonite
|
|-weather|RainDance|[upkeep]
|upkeep
|
|t:|1757804003
|switch|p2a: Rillaboom|Rillaboom, L50, M|100/100
|-fieldstart|move: Grassy Terrain|[from] ability: Grassy Surge|[of] p2a: Rillaboom
|turn|3
|inactive|cbninjask4uber has 30 seconds left.
|inactive|cbninjask4uber has 20 seconds left.
|inactive|cbninjask4uber has 15 seconds left.
|
|t:|1757804046
|switch|p1a: Indeedee|Indeedee-F, L50, F|100/100
|-fieldstart|move: Psychic Terrain|[from] ability: Psychic Surge|[of] p1a: Indeedee
|-enditem|p1a: Indeedee|Psychic Seed
|-boost|p1a: Indeedee|spd|1|[from] item: Psychic Seed
|move|p2a: Rillaboom|Fake Out|p1b: Archaludon
|-activate|p1b: Archaludon|move: Psychic Terrain
|move|p1b: Archaludon|Electro Shot||[still]
|-prepare|p1b: Archaludon|Electro Shot
|-boost|p1b: Archaludon|spa|1
|-anim|p1b: Archaludon|Electro Shot|p2b: Kingambit
|-damage|p2b: Kingambit|38/100
|move|p2b: Kingambit|Swords Dance|p2b: Kingambit
|-boost|p2b: Kingambit|atk|2
|
|-weather|RainDance|[upkeep]
|upkeep
|turn|4
|
|t:|1757804068
|move|p1b: Archaludon|Electro Shot||[still]
|-prepare|p1b: Archaludon|Electro Shot
|-boost|p1b: Archaludon|spa|1
|-anim|p1b: Archaludon|Electro Shot|p2b: Kingambit
|-damage|p2b: Kingambit|0 fnt
|faint|p2b: Kingambit
|move|p1a: Indeedee|Psychic|p2a: Rillaboom
|-damage|p2a: Rillaboom|71/100
|move|p2a: Rillaboom|Wood Hammer|p1a: Indeedee
|-damage|p1a: Indeedee|36/100
|-damage|p2a: Rillaboom|53/100|[from] Recoil
|
|-weather|RainDance|[upkeep]
|-sideend|p1: Cecho8|move: Tailwind
|upkeep
|turn|5
|-message|cbninjask4uber forfeited.
|
|win|Cecho8
|raw|Cecho8's rating: 1386 → 1403(+17 for winning)
|raw|cbninjask4uber's rating: 1339 → 1322(-17 for losing)
|l|☆Cecho8
|player|p1|
