|j|☆ToastedArt
|j|☆whiskersss
|html|ToastedArtwhiskersss    
|uhtml|bestof|Game 1 of a best-of-3
|t:|1784533850
|gametype|doubles
|player|p1|ToastedArt|iris|1055
|player|p2|whiskersss|266|1000
|gen|9
|tier|[Gen 9 Champions] VGC 2026 Reg M-B (Bo3)
|rated|
|rule|Species Clause: Limit one of each Pokémon
|rule|Item Clause: Limit 1 of each item
|clearpoke
|poke|p1|Falinks, L50, shiny|
|poke|p1|Incineroar, L50, M|
|poke|p1|Basculegion, L50, M|
|poke|p1|Sneasler, L50, F|
|poke|p1|Vanilluxe, L50, M, shiny|
|poke|p1|Dragonite, L50, F|
|poke|p2|Tyranitar, L50, M|
|poke|p2|Corviknight, L50, M|
|poke|p2|Whimsicott, L50, M|
|poke|p2|Garchomp, L50, F|
|poke|p2|Sneasler, L50, F|
|poke|p2|Rotom-Wash, L50|
|teampreview|4
|showteam|p1|Falinks||Falinksite|Defiant|NoRetreat,CloseCombat,RockSlide,Protect|Adamant|||||50|]Incineroar||PasshoBerry|Intimidate|FlareBlitz,ThroatChop,FakeOut,PartingShot|Adamant||M|||50|]Basculegion||SitrusBerry|Adaptability|WaveCrash,LastRespects,AquaJet,Protect|Adamant||M|||50|]Sneasler||FocusSash|PoisonTouch|PoisonJab,CloseCombat,FakeOut,Coaching|Jolly||F|||50|]Vanilluxe||ChoiceScarf|SnowWarning|Blizzard,FreezeDry,IcyWind,SheerCold|Modest||M|||50|]Dragonite||LifeOrb|InnerFocus|DragonClaw,ExtremeSpeed,ThunderPunch,Tailwind|Adamant||F|||50|
|showteam|p2|Tyranitar||Tyranitarite|SandStream|Protect,RockSlide,Superpower,LowKick|Adamant||M|||50|]Corviknight||Leftovers|MirrorArmor|BraveBird,IronHead,Protect,Tailwind|Impish||M|||50|]Whimsicott||FocusSash|Prankster|Tailwind,Encore,Protect,Moonblast|Bold||M|||50|]Garchomp||SitrusBerry|RoughSkin|DragonClaw,Earthquake,RockSlide,Protect|Jolly||F|||50|]Sneasler||WhiteHerb|Pressure|Protect,FakeOut,GunkShot,CloseCombat|Jolly||F|||50|]Rotom-Wash||Magnet|Levitate|HydroPump,Protect,Thunderbolt,VoltSwitch|Timid|||||50|
|inactive|Battle timer is ON: inactive players will automatically lose when time's up. (requested by ToastedArt)
|inactive|ToastedArt has 60 seconds left.
|inactive|ToastedArt has 30 seconds left.
|inactive|whiskersss has 60 seconds left.
|
|t:|1784533919
|teamsize|p1|4
|teamsize|p2|4
|start
|switch|p1a: Vanilluxe|Vanilluxe, L50, M, shiny|100/100
|switch|p1b: Incineroar|Incineroar, L50, M|100/100
|switch|p2a: Tyranitar|Tyranitar, L50, M|100/100
|switch|p2b: Corviknight|Corviknight, L50, M|100/100
|-weather|Snowscape|[from] ability: Snow Warning|[of] p1a: Vanilluxe
|-ability|p1b: Incineroar|Intimidate|boost
|-unboost|p2a: Tyranitar|atk|1
|-ability|p2b: Corviknight|Mirror Armor
|-unboost|p1b: Incineroar|atk|1
|-weather|Sandstorm|[from] ability: Sand Stream|[of] p2a: Tyranitar
|turn|1
|
|t:|1784533939
|move|p1b: Incineroar|Fake Out|p2a: Tyranitar
|-resisted|p2a: Tyranitar|1
|-damage|p2a: Tyranitar|96/100
|move|p1a: Vanilluxe|Icy Wind|p2b: Corviknight|[spread] p2a,p2b
|-damage|p2a: Tyranitar|84/100
|-damage|p2b: Corviknight|80/100
|-unboost|p2a: Tyranitar|spe|1
|-ability|p2b: Corviknight|Mirror Armor
|-unboost|p1a: Vanilluxe|spe|1
|move|p2b: Corviknight|Iron Head|p1a: Vanilluxe
|-supereffective|p1a: Vanilluxe|1
|-damage|p1a: Vanilluxe|27/100
|cant|p2a: Tyranitar|flinch
|
|-weather|Sandstorm|[upkeep]
|-damage|p1a: Vanilluxe|21/100|[from] Sandstorm
|-damage|p1b: Incineroar|93/100|[from] Sandstorm
|-heal|p2b: Corviknight|86/100|[from] item: Leftovers
|upkeep
|turn|2
|
|t:|1784533961
|switch|p1a: Sneasler|Sneasler, L50, F|100/100
|detailschange|p2a: Tyranitar|Tyranitar-Mega, L50, M
|-mega|p2a: Tyranitar|Tyranitar|Tyranitarite
|move|p1b: Incineroar|Parting Shot|p2a: Tyranitar
|-unboost|p2a: Tyranitar|atk|1
|-unboost|p2a: Tyranitar|spa|1
|
|t:|1784533971
|switch|p1b: Falinks|Falinks, L50, shiny|100/100|[from] Parting Shot
|move|p2b: Corviknight|Tailwind|p2b: Corviknight
|-sidestart|p2: whiskersss|move: Tailwind
|move|p2a: Tyranitar|Rock Slide|p1a: Sneasler|[spread] p1a,p1b
|-resisted|p1a: Sneasler|1
|-resisted|p1b: Falinks|1
|-damage|p1a: Sneasler|85/100
|-damage|p1b: Falinks|88/100
|
|-weather|Sandstorm|[upkeep]
|-damage|p1a: Sneasler|79/100|[from] Sandstorm
|-damage|p1b: Falinks|81/100|[from] Sandstorm
|-heal|p2b: Corviknight|92/100|[from] item: Leftovers
|upkeep
|turn|3
|
|t:|1784533991
|switch|p2a: Whimsicott|Whimsicott, L50, M|100/100
|detailschange|p1b: Falinks|Falinks-Mega, L50, shiny
|-mega|p1b: Falinks|Falinks|Falinksite
|move|p1a: Sneasler|Fake Out|p2b: Corviknight
|-resisted|p2b: Corviknight|1
|-damage|p2b: Corviknight|87/100
|cant|p2b: Corviknight|flinch
|move|p1b: Falinks|No Retreat|p1b: Falinks
|-boost|p1b: Falinks|atk|1
|-boost|p1b: Falinks|def|1
|-boost|p1b: Falinks|spa|1
|-boost|p1b: Falinks|spd|1
|-boost|p1b: Falinks|spe|1
|-start|p1b: Falinks|move: No Retreat
|
|-weather|Sandstorm|[upkeep]
|-damage|p2a: Whimsicott|94/100|[from] Sandstorm
|-damage|p1b: Falinks|75/100|[from] Sandstorm
|-damage|p1a: Sneasler|73/100|[from] Sandstorm
|-heal|p2b: Corviknight|93/100|[from] item: Leftovers
|upkeep
|turn|4
|
|t:|1784534015
|move|p1b: Falinks|Protect|p1b: Falinks
|-singleturn|p1b: Falinks|Protect
|move|p2a: Whimsicott|Moonblast|p1b: Falinks
|-activate|p1b: Falinks|move: Protect
|move|p1a: Sneasler|Poison Jab|p2a: Whimsicott
|-supereffective|p2a: Whimsicott|2
|-damage|p2a: Whimsicott|0 fnt
|faint|p2a: Whimsicott
|move|p2b: Corviknight|Brave Bird|p1b: Falinks
|-activate|p1b: Falinks|move: Protect
|
|-weather|Sandstorm|[upkeep]
|-damage|p1b: Falinks|69/100|[from] Sandstorm
|-damage|p1a: Sneasler|67/100|[from] Sandstorm
|-heal|p2b: Corviknight|99/100|[from] item: Leftovers
|upkeep
|
|t:|1784534032
|switch|p2a: Tyranitar|Tyranitar-Mega, L50, M|84/100
|turn|5
|
|t:|1784534047
|move|p1b: Falinks|Close Combat|p2b: Corviknight
|-damage|p2b: Corviknight|39/100
|-unboost|p1b: Falinks|def|1
|-unboost|p1b: Falinks|spd|1
|move|p1a: Sneasler|Coaching|p1b: Falinks
|-boost|p1b: Falinks|atk|1
|-boost|p1b: Falinks|def|1
|move|p2a: Tyranitar|Superpower|p1b: Falinks
|-damage|p1b: Falinks|31/100
|-unboost|p2a: Tyranitar|atk|1
|-unboost|p2a: Tyranitar|def|1
|move|p2b: Corviknight|Brave Bird|p1a: Sneasler
|-supereffective|p1a: Sneasler|1
|-damage|p1a: Sneasler|0 fnt
|faint|p1a: Sneasler
|-damage|p2b: Corviknight|21/100|[from] Recoil
|
|-weather|none
|-heal|p2b: Corviknight|27/100|[from] item: Leftovers
|-sideend|p2: whiskersss|move: Tailwind
|upkeep
|
|t:|1784534071
|switch|p1a: Vanilluxe|Vanilluxe, L50, M, shiny|21/100
|-weather|Snowscape|[from] ability: Snow Warning|[of] p1a: Vanilluxe
|turn|6
|
|t:|1784534093
|move|p2b: Corviknight|Protect|p2b: Corviknight
|-singleturn|p2b: Corviknight|Protect
|move|p1b: Falinks|Close Combat|p2a: Tyranitar
|-supereffective|p2a: Tyranitar|2
|-damage|p2a: Tyranitar|0 fnt
|-unboost|p1b: Falinks|def|1
|-unboost|p1b: Falinks|spd|1
|faint|p2a: Tyranitar
|move|p1a: Vanilluxe|Blizzard|p2b: Corviknight
|-activate|p2b: Corviknight|move: Protect
|
|-weather|Snowscape|[upkeep]
|-heal|p2b: Corviknight|33/100|[from] item: Leftovers
|upkeep
|
|t:|1784534107
|switch|p2a: Sneasler|Sneasler, L50, F|100/100
|-ability|p2a: Sneasler|Pressure
|turn|7
|
|t:|1784534121
|switch|p1a: Incineroar|Incineroar, L50, M|93/100
|-ability|p1a: Incineroar|Intimidate|boost
|-unboost|p2a: Sneasler|atk|1
|-ability|p2b: Corviknight|Mirror Armor
|-unboost|p1a: Incineroar|atk|1
|-enditem|p2a: Sneasler|White Herb
|-clearnegativeboost|p2a: Sneasler|[silent]
|move|p1b: Falinks|Protect|p1b: Falinks
|-singleturn|p1b: Falinks|Protect
|move|p2a: Sneasler|Close Combat|p1a: Incineroar
|-supereffective|p1a: Incineroar|1
|-damage|p1a: Incineroar|0 fnt
|-unboost|p2a: Sneasler|def|1
|-unboost|p2a: Sneasler|spd|1
|faint|p1a: Incineroar
|move|p2b: Corviknight|Brave Bird|p1b: Falinks
|-activate|p1b: Falinks|move: Protect
|
|-weather|Snowscape|[upkeep]
|-heal|p2b: Corviknight|39/100|[from] item: Leftovers
|upkeep
|
|t:|1784534140
|switch|p1a: Vanilluxe|Vanilluxe, L50, M, shiny|21/100
|turn|8
|
|t:|1784534152
|move|p1b: Falinks|Close Combat|p2a: Sneasler
|-resisted|p2a: Sneasler|1
|-damage|p2a: Sneasler|0 fnt
|-unboost|p1b: Falinks|def|1
|-unboost|p1b: Falinks|spd|1
|faint|p2a: Sneasler
|move|p1a: Vanilluxe|Blizzard|p2b: Corviknight
|-crit|p2b: Corviknight
|-damage|p2b: Corviknight|0 fnt
|faint|p2b: Corviknight
|
|win|ToastedArt
