|j|☆new mental
|j|☆Beanybag
|html|new mentalBeanybag    
|uhtml|bestof|Game 3 of a best-of-3
|t:|1784375761
|gametype|doubles
|player|p1|new mental|volkner|1214
|player|p2|Beanybag|169|1142
|gen|9
|tier|[Gen 9 Champions] VGC 2026 Reg M-B (Bo3)
|rated|
|rule|Species Clause: Limit one of each Pokémon
|rule|Item Clause: Limit 1 of each item
|clearpoke
|poke|p1|Charizard, L50, F|
|poke|p1|Kingambit, L50, F|
|poke|p1|Sylveon, L50, M|
|poke|p1|Garchomp, L50, F|
|poke|p1|Aerodactyl, L50, M|
|poke|p1|Farigiraf, L50, F|
|poke|p2|Incineroar, L50, M, shiny|
|poke|p2|Scovillain, L50, M|
|poke|p2|Sinistcha, L50|
|poke|p2|Bellibolt, L50, F|
|poke|p2|Gengar, L50, F, shiny|
|poke|p2|Araquanid, L50, F, shiny|
|teampreview|4
|showteam|p1|Charizard||CharizarditeY|SolarPower|Protect,HeatWave,SolarBeam,WeatherBall|Modest||F|||50|]Kingambit||FocusSash|Defiant|IronHead,SuckerPunch,KowtowCleave,LowKick|Adamant||F|||50|]Sylveon||FairyFeather|Pixilate|Detect,HyperVoice,HyperBeam,QuickAttack|Modest||M|||50|]Garchomp||LifeOrb|RoughSkin|Protect,DragonClaw,Earthquake,RockSlide|Jolly||F|||50|]Aerodactyl||Aerodactylite|Unnerve|IceFang,RockSlide,Tailwind,DualWingbeat|Jolly||M|||50|]Farigiraf||SitrusBerry|ArmorTail|TrickRoom,Psychic,Thunderbolt,Roar|Bold||F|||50|
|showteam|p2|Incineroar||SitrusBerry|Intimidate|FakeOut,PartingShot,ThroatChop,BurningJealousy|Relaxed||M|||50|]Scovillain||Scovillainite|Moody|GigaDrain,LeechSeed,RagePowder,Protect|Calm||M|||50|]Sinistcha||FocusSash|Hospitality|MatchaGotcha,Imprison,Protect,TrickRoom|Quiet|||||50|]Bellibolt||ShucaBerry|Electromorphosis|Soak,VoltSwitch,ParabolicCharge,Protect|Relaxed||F|||50|]Gengar||Gengarite|CursedBody|GigaDrain,Substitute,Disable,Protect|Timid||F|||50|]Araquanid||Leftovers|WaterBubble|Soak,Stockpile,Infestation,Protect|Relaxed||F|||50|
|inactive|Battle timer is ON: inactive players will automatically lose when time's up. (requested by new mental)
|
|t:|1784375784
|teamsize|p1|4
|teamsize|p2|4
|start
|switch|p1a: Charizard|Charizard, L50, F|100/100
|switch|p1b: Sylveon|Sylveon, L50, M|100/100
|switch|p2a: SQRTTTT|Bellibolt, L50, F|100/100
|switch|p2b: SUPA SOOKA|Araquanid, L50, F, shiny|100/100
|turn|1
|
|t:|1784375794
|detailschange|p1a: Charizard|Charizard-Mega-Y, L50, F
|-mega|p1a: Charizard|Charizard|Charizardite Y
|-weather|SunnyDay|[from] ability: Drought|[of] p1a: Charizard
|move|p2a: SQRTTTT|Protect|p2a: SQRTTTT
|-singleturn|p2a: SQRTTTT|Protect
|move|p1a: Charizard|Heat Wave|p2b: SUPA SOOKA|[spread] p2b
|-activate|p2a: SQRTTTT|move: Protect
|-damage|p2b: SUPA SOOKA|77/100
|move|p1b: Sylveon|Hyper Beam|p2a: SQRTTTT
|-activate|p2a: SQRTTTT|move: Protect
|move|p2b: SUPA SOOKA|Stockpile|p2b: SUPA SOOKA
|-start|p2b: SUPA SOOKA|stockpile1
|-boost|p2b: SUPA SOOKA|def|1
|-boost|p2b: SUPA SOOKA|spd|1
|
|-weather|SunnyDay|[upkeep]
|-heal|p2b: SUPA SOOKA|82/100|[from] item: Leftovers
|upkeep
|turn|2
|
|t:|1784375811
|move|p2b: SUPA SOOKA|Protect|p2b: SUPA SOOKA
|-singleturn|p2b: SUPA SOOKA|Protect
|move|p1a: Charizard|Heat Wave|p2a: SQRTTTT|[spread] p2a
|-activate|p2b: SUPA SOOKA|move: Protect
|-damage|p2a: SQRTTTT|53/100
|-start|p2a: SQRTTTT|Charge|Heat Wave|[from] ability: Electromorphosis
|move|p1b: Sylveon|Hyper Beam|p2a: SQRTTTT
|-damage|p2a: SQRTTTT|0 fnt
|-mustrecharge|p1b: Sylveon
|faint|p2a: SQRTTTT
|
|-weather|SunnyDay|[upkeep]
|-heal|p2b: SUPA SOOKA|88/100|[from] item: Leftovers
|upkeep
|
|t:|1784375817
|switch|p2a: NONO SQUARE|Scovillain, L50, M|100/100
|turn|3
|
|t:|1784375830
|move|p1a: Charizard|Protect|p1a: Charizard
|-singleturn|p1a: Charizard|Protect
|move|p2a: NONO SQUARE|Leech Seed|p1b: Sylveon
|-start|p1b: Sylveon|move: Leech Seed
|cant|p1b: Sylveon|recharge
|move|p2b: SUPA SOOKA|Infestation|p1b: Sylveon
|-resisted|p1b: Sylveon|1
|-damage|p1b: Sylveon|98/100
|-activate|p1b: Sylveon|move: Infestation|[of] p2b: SUPA SOOKA
|
|-weather|SunnyDay|[upkeep]
|-heal|p2b: SUPA SOOKA|94/100|[from] item: Leftovers
|-damage|p1b: Sylveon|85/100|[from] Leech Seed|[of] p2a: NONO SQUARE
|-damage|p1b: Sylveon|73/100|[from] move: Infestation|[partiallytrapped]
|-ability|p2a: NONO SQUARE|Moody|boost
|-boost|p2a: NONO SQUARE|spd|2
|-unboost|p2a: NONO SQUARE|spe|1
|upkeep
|turn|4
|
|t:|1784375843
|switch|p1a: Farigiraf|Farigiraf, L50, F|100/100
|detailschange|p2a: NONO SQUARE|Scovillain-Mega, L50, M
|-mega|p2a: NONO SQUARE|Scovillain|Scovillainite
|move|p1b: Sylveon|Hyper Voice|p2a: NONO SQUARE|[spread] p2a,p2b
|-resisted|p2a: NONO SQUARE|1
|-damage|p2a: NONO SQUARE|90/100
|-damage|p2b: SUPA SOOKA|68/100
|-status|p1b: Sylveon|brn|[from] ability: Spicy Spray|[of] p2a: NONO SQUARE
|move|p2a: NONO SQUARE|Leech Seed|p1a: Farigiraf
|-start|p1a: Farigiraf|move: Leech Seed
|move|p2b: SUPA SOOKA|Infestation|p1a: Farigiraf
|-supereffective|p1a: Farigiraf|1
|-damage|p1a: Farigiraf|91/100
|-activate|p1a: Farigiraf|move: Infestation|[of] p2b: SUPA SOOKA
|
|-weather|SunnyDay|[upkeep]
|-heal|p2b: SUPA SOOKA|74/100|[from] item: Leftovers
|-damage|p1b: Sylveon|61/100 brn|[from] Leech Seed|[of] p2a: NONO SQUARE
|-heal|p2a: NONO SQUARE|100/100|[silent]
|-damage|p1a: Farigiraf|79/100|[from] Leech Seed|[of] p2a: NONO SQUARE
|-damage|p1b: Sylveon|54/100 brn|[from] brn
|-damage|p1b: Sylveon|42/100 brn|[from] move: Infestation|[partiallytrapped]
|-damage|p1a: Farigiraf|67/100|[from] move: Infestation|[partiallytrapped]
|upkeep
|turn|5
|
|t:|1784375859
|move|p2a: NONO SQUARE|Rage Powder|p2a: NONO SQUARE
|-singleturn|p2a: NONO SQUARE|move: Rage Powder
|move|p1b: Sylveon|Hyper Voice|p2b: SUPA SOOKA|[spread] p2a,p2b
|-resisted|p2a: NONO SQUARE|1
|-damage|p2a: NONO SQUARE|91/100
|-damage|p2b: SUPA SOOKA|46/100
|move|p2b: SUPA SOOKA|Soak|p1a: Farigiraf
|-start|p1a: Farigiraf|typechange|Water
|move|p1a: Farigiraf|Roar|p2a: NONO SQUARE
|drag|p2a: GREEN LAVA|Sinistcha, L50|100/100
|-heal|p2b: SUPA SOOKA|71/100|[from] ability: Hospitality|[of] p2a: GREEN LAVA
|
|-weather|none
|-heal|p2b: SUPA SOOKA|77/100|[from] item: Leftovers
|-damage|p1b: Sylveon|29/100 brn|[from] Leech Seed|[of] p2a: GREEN LAVA
|-damage|p1a: Farigiraf|55/100|[from] Leech Seed|[of] p2a: GREEN LAVA
|-damage|p1b: Sylveon|23/100 brn|[from] brn
|-damage|p1b: Sylveon|11/100 brn|[from] move: Infestation|[partiallytrapped]
|-damage|p1a: Farigiraf|42/100|[from] move: Infestation|[partiallytrapped]
|upkeep
|-enditem|p1a: Farigiraf|Sitrus Berry|[eat]
|-heal|p1a: Farigiraf|67/100|[from] item: Sitrus Berry
|turn|6
|
|t:|1784375881
|move|p1b: Sylveon|Hyper Voice|p2b: SUPA SOOKA|[spread] p2a,p2b
|-damage|p2a: GREEN LAVA|42/100
|-damage|p2b: SUPA SOOKA|49/100
|move|p2a: GREEN LAVA|Matcha Gotcha|p1a: Farigiraf|[spread] p1a,p1b
|-supereffective|p1a: Farigiraf|1
|-damage|p1a: Farigiraf|5/100
|-heal|p2a: GREEN LAVA|81/100|[from] drain|[of] p1a: Farigiraf
|-damage|p1b: Sylveon|0 fnt
|-heal|p2a: GREEN LAVA|87/100|[from] drain|[of] p1b: Sylveon
|faint|p1b: Sylveon
|move|p2b: SUPA SOOKA|Stockpile|p2b: SUPA SOOKA
|-start|p2b: SUPA SOOKA|stockpile2
|-boost|p2b: SUPA SOOKA|def|1
|-boost|p2b: SUPA SOOKA|spd|1
|move|p1a: Farigiraf|Roar|p2a: GREEN LAVA
|drag|p2a: NONO SQUARE|Scovillain-Mega, L50, M|91/100
|
|-heal|p2b: SUPA SOOKA|55/100|[from] item: Leftovers
|-damage|p1a: Farigiraf|0 fnt|[from] Leech Seed|[of] p2a: NONO SQUARE
|-heal|p2a: NONO SQUARE|97/100|[silent]
|faint|p1a: Farigiraf
|upkeep
|
|t:|1784375885
|switch|p1b: Kingambit|Kingambit, L50, F|100/100
|switch|p1a: Charizard|Charizard-Mega-Y, L50, F|100/100
|-weather|SunnyDay|[from] ability: Drought|[of] p1a: Charizard
|turn|7
|
|t:|1784375898
|move|p1a: Charizard|Protect|p1a: Charizard
|-singleturn|p1a: Charizard|Protect
|move|p2a: NONO SQUARE|Protect|p2a: NONO SQUARE
|-singleturn|p2a: NONO SQUARE|Protect
|move|p1b: Kingambit|Sucker Punch||[still]
|-fail|p1b: Kingambit
|move|p2b: SUPA SOOKA|Soak|p1a: Charizard
|-activate|p1a: Charizard|move: Protect
|
|-weather|SunnyDay|[upkeep]
|-heal|p2b: SUPA SOOKA|61/100|[from] item: Leftovers
|upkeep
|turn|8
|
|t:|1784375909
|move|p1a: Charizard|Heat Wave|p2b: SUPA SOOKA|[spread] p2a
|-miss|p1a: Charizard|p2b: SUPA SOOKA
|-damage|p2a: NONO SQUARE|46/100
|-immune|p1a: Charizard
|move|p1b: Kingambit|Kowtow Cleave|p2b: SUPA SOOKA
|-damage|p2b: SUPA SOOKA|40/100
|move|p2a: NONO SQUARE|Leech Seed|p1b: Kingambit
|-start|p1b: Kingambit|move: Leech Seed
|move|p2b: SUPA SOOKA|Soak|p1a: Charizard
|-start|p1a: Charizard|typechange|Water
|
|-weather|SunnyDay|[upkeep]
|-heal|p2b: SUPA SOOKA|46/100|[from] item: Leftovers
|-damage|p1b: Kingambit|87/100|[from] Leech Seed|[of] p2a: NONO SQUARE
|-heal|p2a: NONO SQUARE|59/100|[silent]
|upkeep
|turn|9
|inactive|new mental has 30 seconds left.
|inactive|new mental has 20 seconds left.
|inactive|new mental has 15 seconds left.
|
|t:|1784375949
|move|p2b: SUPA SOOKA|Protect|p2b: SUPA SOOKA
|-singleturn|p2b: SUPA SOOKA|Protect
|move|p1a: Charizard|Weather Ball|p2a: NONO SQUARE
|-damage|p2a: NONO SQUARE|11/100
|-status|p1a: Charizard|brn|[from] ability: Spicy Spray|[of] p2a: NONO SQUARE
|move|p1b: Kingambit|Kowtow Cleave|p2a: NONO SQUARE
|-damage|p2a: NONO SQUARE|0 fnt
|-status|p1b: Kingambit|brn|[from] ability: Spicy Spray|[of] p2a: NONO SQUARE
|faint|p2a: NONO SQUARE
|
|-weather|SunnyDay|[upkeep]
|-heal|p2b: SUPA SOOKA|52/100|[from] item: Leftovers
|-damage|p1a: Charizard|93/100 brn|[from] brn
|-damage|p1b: Kingambit|81/100 brn|[from] brn
|upkeep
|
|t:|1784375952
|switch|p2a: GREEN LAVA|Sinistcha, L50|87/100
|-heal|p2b: SUPA SOOKA|76/100|[from] ability: Hospitality|[of] p2a: GREEN LAVA
|turn|10
|
|t:|1784375962
|move|p2a: GREEN LAVA|Protect|p2a: GREEN LAVA
|-singleturn|p2a: GREEN LAVA|Protect
|move|p1a: Charizard|Heat Wave|p2b: SUPA SOOKA|[spread] p2b
|-activate|p2a: GREEN LAVA|move: Protect
|-crit|p2b: SUPA SOOKA
|-damage|p2b: SUPA SOOKA|53/100
|move|p1b: Kingambit|Kowtow Cleave|p2a: GREEN LAVA
|-activate|p2a: GREEN LAVA|move: Protect
|move|p2b: SUPA SOOKA|Soak|p1b: Kingambit
|-start|p1b: Kingambit|typechange|Water
|
|-weather|SunnyDay|[upkeep]
|-heal|p2b: SUPA SOOKA|58/100|[from] item: Leftovers
|-damage|p1b: Kingambit|68/100 brn|[from] Leech Seed|[of] p2a: GREEN LAVA
|-heal|p2a: GREEN LAVA|99/100|[silent]
|-damage|p1a: Charizard|87/100 brn|[from] brn
|-damage|p1b: Kingambit|62/100 brn|[from] brn
|upkeep
|turn|11
|
|t:|1784375979
|move|p1a: Charizard|Weather Ball|p2a: GREEN LAVA
|-supereffective|p2a: GREEN LAVA|1
|-damage|p2a: GREEN LAVA|0 fnt
|faint|p2a: GREEN LAVA
|move|p1b: Kingambit|Kowtow Cleave|p2b: SUPA SOOKA
|-damage|p2b: SUPA SOOKA|52/100
|move|p2b: SUPA SOOKA|Infestation|p1a: Charizard
|-damage|p1a: Charizard|83/100 brn
|-activate|p1a: Charizard|move: Infestation|[of] p2b: SUPA SOOKA
|
|-weather|none
|-heal|p2b: SUPA SOOKA|57/100|[from] item: Leftovers
|-damage|p1a: Charizard|77/100 brn|[from] brn
|-damage|p1b: Kingambit|56/100 brn|[from] brn
|-damage|p1a: Charizard|65/100 brn|[from] move: Infestation|[partiallytrapped]
|upkeep
|turn|12
|
|t:|1784375992
|move|p2b: SUPA SOOKA|Protect|p2b: SUPA SOOKA
|-singleturn|p2b: SUPA SOOKA|Protect
|move|p1a: Charizard|Heat Wave|p2b: SUPA SOOKA
|-activate|p2b: SUPA SOOKA|move: Protect
|move|p1b: Kingambit|Kowtow Cleave|p2b: SUPA SOOKA
|-activate|p2b: SUPA SOOKA|move: Protect
|
|-heal|p2b: SUPA SOOKA|63/100|[from] item: Leftovers
|-damage|p1a: Charizard|59/100 brn|[from] brn
|-damage|p1b: Kingambit|50/100g brn|[from] brn
|-damage|p1a: Charizard|46/100 brn|[from] move: Infestation|[partiallytrapped]
|upkeep
|turn|13
|
|t:|1784375998
|move|p1a: Charizard|Heat Wave|p2b: SUPA SOOKA
|-damage|p2b: SUPA SOOKA|56/100
|move|p1b: Kingambit|Kowtow Cleave|p2b: SUPA SOOKA
|-damage|p2b: SUPA SOOKA|49/100
|move|p2b: SUPA SOOKA|Infestation|p1b: Kingambit
|-damage|p1b: Kingambit|45/100 brn
|-activate|p1b: Kingambit|move: Infestation|[of] p2b: SUPA SOOKA
|
|-heal|p2b: SUPA SOOKA|55/100|[from] item: Leftovers
|-damage|p1a: Charizard|40/100 brn|[from] brn
|-damage|p1b: Kingambit|38/100 brn|[from] brn
|-damage|p1a: Charizard|28/100 brn|[from] move: Infestation|[partiallytrapped]
|-damage|p1b: Kingambit|26/100 brn|[from] move: Infestation|[partiallytrapped]
|upkeep
|turn|14
|
|t:|1784376004
|move|p2b: SUPA SOOKA|Protect|p2b: SUPA SOOKA
|-singleturn|p2b: SUPA SOOKA|Protect
|move|p1a: Charizard|Heat Wave|p2b: SUPA SOOKA
|-activate|p2b: SUPA SOOKA|move: Protect
|move|p1b: Kingambit|Kowtow Cleave|p2b: SUPA SOOKA
|-activate|p2b: SUPA SOOKA|move: Protect
|
|-heal|p2b: SUPA SOOKA|61/100|[from] item: Leftovers
|-damage|p1a: Charizard|22/100 brn|[from] brn
|-damage|p1b: Kingambit|20/100y brn|[from] brn
|-damage|p1a: Charizard|10/100 brn|[from] move: Infestation|[partiallytrapped]
|-damage|p1b: Kingambit|7/100 brn|[from] move: Infestation|[partiallytrapped]
|upkeep
|turn|15
|
|t:|1784376008
|move|p1a: Charizard|Heat Wave|p2b: SUPA SOOKA
|-damage|p2b: SUPA SOOKA|53/100
|move|p1b: Kingambit|Kowtow Cleave|p2b: SUPA SOOKA
|-damage|p2b: SUPA SOOKA|46/100
|move|p2b: SUPA SOOKA|Stockpile|p2b: SUPA SOOKA
|-start|p2b: SUPA SOOKA|stockpile3
|-boost|p2b: SUPA SOOKA|def|1
|-boost|p2b: SUPA SOOKA|spd|1
|
|-heal|p2b: SUPA SOOKA|52/100|[from] item: Leftovers
|-damage|p1a: Charizard|4/100 brn|[from] brn
|-damage|p1b: Kingambit|1/100 brn|[from] brn
|-damage|p1a: Charizard|0 fnt|[from] move: Infestation|[partiallytrapped]
|faint|p1a: Charizard
|-damage|p1b: Kingambit|0 fnt|[from] move: Infestation|[partiallytrapped]
|faint|p1b: Kingambit
|
|win|Beanybag
|raw|new mental's rating: 1214 → 1184(-30 for losing)
|raw|Beanybag's rating: 1142 → 1172(+30 for winning)
