|j|☆TMJS01
|j|☆Il Mule
|html|TMJS01Il Mule    
|uhtml|bestof|Game 2 of a best-of-3
|t:|1783438301
|gametype|doubles
|player|p1|TMJS01|unknown|1334
|player|p2|Il Mule|salvatore|1632
|gen|9
|tier|[Gen 9 Champions] VGC 2026 Reg M-B (Bo3)
|rated|
|rule|Species Clause: Limit one of each Pokémon
|rule|Item Clause: Limit 1 of each item
|clearpoke
|poke|p1|Sinistcha, L50|
|poke|p1|Incineroar, L50, F|
|poke|p1|Floette-Eternal, L50, F|
|poke|p1|Kingambit, L50, F|
|poke|p1|Camerupt, L50, M|
|poke|p1|Farigiraf, L50, M|
|poke|p2|Excadrill, L50, F|
|poke|p2|Tyranitar, L50, M|
|poke|p2|Sneasler, L50, M|
|poke|p2|Incineroar, L50, M|
|poke|p2|Froslass, L50, F|
|poke|p2|Sinistcha, L50|
|teampreview|4
|showteam|p1|Sinistcha||ColburBerry|Hospitality|MatchaGotcha,RagePowder,TrickRoom,LifeDew|Relaxed|||||50|]Incineroar||PasshoBerry|Intimidate|ThroatChop,FlareBlitz,PartingShot,FakeOut|Adamant||F|||50|]Floette-Eternal||Floettite|FlowerVeil|Protect,CalmMind,Moonblast,DazzlingGleam|Modest||F|||50|]Kingambit||FocusSash|Defiant|SuckerPunch,IronHead,KowtowCleave,LowKick|Brave||F|||50|]Camerupt||Cameruptite|SolidRock|AncientPower,HeatWave,EarthPower,Protect|Quiet||M|||50|]Farigiraf||SitrusBerry|ArmorTail|Thunderbolt,TwinBeam,TrickRoom,HelpingHand|Relaxed||M|||50|
|showteam|p2|Excadrill||FocusSash|SandRush|HighHorsepower,RockSlide,IronHead,Protect|Adamant||F|||50|]Tyranitar||Tyranitarite|SandStream|KnockOff,RockSlide,DragonDance,Protect|Adamant||M|||50|]Sneasler||WhiteHerb|Unburden|CloseCombat,DireClaw,Coaching,FakeOut|Jolly||M|||50|]Incineroar||SitrusBerry|Intimidate|FlareBlitz,HelpingHand,PartingShot,FakeOut|Impish||M|||50|]Froslass||Froslassite|CursedBody|Blizzard,ShadowBall,NastyPlot,Protect|Timid||F|||50|]Sinistcha||ColburBerry|Hospitality|MatchaGotcha,ShadowBall,RagePowder,Protect|Bold|||||50|
|inactive|Battle timer is ON: inactive players will automatically lose when time's up. (requested by TMJS01)
|c|☆TMJS01|Autolose uh
|c|☆Il Mule|posso solo flinchare t1
|c|☆Il Mule|se flincho è giocabile
|inactive|TMJS01 has 60 seconds left.
|
|t:|1783438342
|teamsize|p1|4
|teamsize|p2|4
|start
|switch|p1a: Incineroar|Incineroar, L50, F|100/100
|switch|p1b: Farigiraf|Farigiraf, L50, M|100/100
|switch|p2a: Sabotage|Sneasler, L50, M|100/100
|switch|p2b: Quando provo|Tyranitar, L50, M|100/100
|-weather|Sandstorm|[from] ability: Sand Stream|[of] p2b: Quando provo
|-ability|p1a: Incineroar|Intimidate|boost
|-unboost|p2a: Sabotage|atk|1
|-unboost|p2b: Quando provo|atk|1
|-enditem|p2a: Sabotage|White Herb
|-clearnegativeboost|p2a: Sabotage|[silent]
|turn|1
|c|☆Il Mule|speriamo di non trovare troppi cammelli a san francisco bro
|
|t:|1783438358
|detailschange|p2b: Quando provo|Tyranitar-Mega, L50, M
|-mega|p2b: Quando provo|Tyranitar|Tyranitarite
|move|p1a: Incineroar|Fake Out|p2b: Quando provo
|-resisted|p2b: Quando provo|1
|-damage|p2b: Quando provo|96/100
|move|p2a: Sabotage|Coaching|p2b: Quando provo
|-boost|p2b: Quando provo|atk|1
|-boost|p2b: Quando provo|def|1
|cant|p2b: Quando provo|flinch
|move|p1b: Farigiraf|Twin Beam|p2a: Sabotage
|-supereffective|p2a: Sabotage|2
|-damage|p2a: Sabotage|27/100
|-supereffective|p2a: Sabotage|2
|-damage|p2a: Sabotage|0 fnt
|faint|p2a: Sabotage
|-hitcount|p2: Sabotage|2
|
|-weather|Sandstorm|[upkeep]
|-damage|p1a: Incineroar|93/100|[from] Sandstorm
|-damage|p1b: Farigiraf|93/100|[from] Sandstorm
|upkeep
|
|t:|1783438363
|switch|p2a: Gervasoni|Excadrill, L50, F|100/100
|turn|2
|
|t:|1783438381
|move|p2a: Gervasoni|High Horsepower|p1a: Incineroar
|-supereffective|p1a: Incineroar|1
|-damage|p1a: Incineroar|0 fnt
|faint|p1a: Incineroar
|move|p2b: Quando provo|Knock Off|p1b: Farigiraf
|-supereffective|p1b: Farigiraf|1
|-crit|p1b: Farigiraf
|-damage|p1b: Farigiraf|0 fnt
|-enditem|p1b: Farigiraf|Sitrus Berry|[from] move: Knock Off|[of] p2b: Quando provo
|faint|p1b: Farigiraf
|
|-weather|Sandstorm|[upkeep]
|upkeep
|
|t:|1783438382
|switch|p1a: Kingambit|Kingambit, L50, F|100/100
|switch|p1b: Camerupt|Camerupt, L50, M|100/100
|turn|3
|c|☆TMJS01|Una rica cedida para que vayamos a g3
|j| rovesciaporci
|inactive|Il Mule has 30 seconds left.
|
|t:|1783438412
|detailschange|p1b: Camerupt|Camerupt-Mega, L50, M
|-mega|p1b: Camerupt|Camerupt|Cameruptite
|move|p1a: Kingambit|Sucker Punch|p2a: Gervasoni
|-damage|p2a: Gervasoni|39/100
|move|p2a: Gervasoni|High Horsepower|p1a: Kingambit
|-supereffective|p1a: Kingambit|1
|-damage|p1a: Kingambit|20/100y
|move|p2b: Quando provo|Knock Off|p1a: Kingambit
|-resisted|p1a: Kingambit|1
|-damage|p1a: Kingambit|0 fnt
|-enditem|p1a: Kingambit|Focus Sash|[from] move: Knock Off|[of] p2b: Quando provo
|faint|p1a: Kingambit
|move|p1b: Camerupt|Heat Wave|p2b: Quando provo|[spread] p2a,p2b
|-supereffective|p2a: Gervasoni|1
|-resisted|p2b: Quando provo|1
|-damage|p2a: Gervasoni|0 fnt
|-damage|p2b: Quando provo|81/100
|faint|p2a: Gervasoni
|
|-weather|Sandstorm|[upkeep]
|upkeep
|
|t:|1783438422
|switch|p2a: Sidy|Incineroar, L50, M|100/100
|-ability|p2a: Sidy|Intimidate|boost
|-unboost|p1b: Camerupt|atk|1
|turn|4
|
|t:|1783438426
|move|p1b: Camerupt|Protect|p1b: Camerupt
|-singleturn|p1b: Camerupt|Protect
|move|p2a: Sidy|Fake Out|p1b: Camerupt
|-activate|p1b: Camerupt|move: Protect
|move|p2b: Quando provo|Dragon Dance|p2b: Quando provo
|-boost|p2b: Quando provo|atk|1
|-boost|p2b: Quando provo|spe|1
|
|-weather|Sandstorm|[upkeep]
|-damage|p2a: Sidy|94/100|[from] Sandstorm
|upkeep
|turn|5
|
|t:|1783438432
|move|p2a: Sidy|Helping Hand|p2b: Quando provo
|-singleturn|p2b: Quando provo|Helping Hand|[of] p2a: Sidy
|move|p2b: Quando provo|Rock Slide|p1b: Camerupt
|-damage|p1b: Camerupt|0 fnt
|faint|p1b: Camerupt
|
|win|Il Mule
||TMJS01 is ready for game 3.
||Il Mule is ready for game 3.
|uhtml|next|Next: Game 3 of 3
|j| Tridello
|l| Tridello
|l|☆TMJS01
|player|p1|
|l| rovesciaporci
|l|☆Il Mule
|player|p2|
|j|☆TMJS01
|player|p1|TMJS01|unknown|
