|j|☆IcefieldsMessenger
|j|☆FatherPenguin
|html|IcefieldsMessengerFatherPenguin    
|uhtml|bestof|Game 2 of a best-of-3
|t:|1786111572
|gametype|doubles
|player|p1|IcefieldsMessenger|266|1111
|player|p2|FatherPenguin|acetrainersnow|1203
|gen|9
|tier|[Gen 9 Champions] VGC 2026 Reg M-B (Bo3)
|rated|
|rule|Species Clause: Limit one of each Pokémon
|rule|Item Clause: Limit 1 of each item
|clearpoke
|poke|p1|Sableye, L50, F|
|poke|p1|Overqwil, L50, F|
|poke|p1|Audino, L50, M|
|poke|p1|Zoroark-Hisui, L50, M, shiny|
|poke|p1|Dragalge, L50, M|
|poke|p1|Gholdengo, L50|
|poke|p2|Froslass, L50, F|
|poke|p2|Scovillain, L50, F|
|poke|p2|Lycanroc-Dusk, L50, F|
|poke|p2|Sneasler, L50, M|
|poke|p2|Basculegion, L50, M|
|poke|p2|Kingambit, L50, M|
|teampreview|4
|showteam|p1|Sableye||Sablenite|Prankster|PsychUp,Recover,DrainPunch,ThroatChop|Serious||F|||50|]Overqwil||Leftovers|PoisonPoint|Minimize,Stockpile,SwordsDance,ThroatChop|Sassy||F|||50|]Audino||SitrusBerry|Healer|TrickRoom,HealPulse,SimpleBeam,Protect|Sassy||M|||50|]Zoroark-Hisui||ChoiceScarf|Illusion|Taunt,WillOWisp,Memento,HyperVoice|Timid||M|||50|]Dragalge||Dragalgite|Adaptability|DragonPulse,Thunderbolt,SludgeBomb,Protect|Modest||M|||50|]Gholdengo||LifeOrb|GoodasGold|MakeItRain,ShadowBall,NastyPlot,Protect|Modest|||||50|
|showteam|p2|Froslass||Froslassite|CursedBody|Blizzard,ShadowBall,AuroraVeil,Protect|Timid||F|||50|]Scovillain||Scovillainite|Moody|Overheat,GigaDrain,RagePowder,Protect|Bold||F|||50|]Lycanroc-Dusk||FocusSash|ToughClaws|RockSlide,CloseCombat,Accelerock,Protect|Adamant||F|||50|]Sneasler||WhiteHerb|Unburden|DireClaw,CloseCombat,FakeOut,Protect|Jolly||M|||50|]Basculegion||SitrusBerry|Adaptability|WaveCrash,LastRespects,AquaJet,Protect|Adamant||M|||50|]Kingambit||BlackGlasses|Defiant|KowtowCleave,SuckerPunch,SwordsDance,Protect|Adamant||M|||50|
|inactive|Battle timer is ON: inactive players will automatically lose when time's up. (requested by FatherPenguin)
|
|t:|1786111606
|teamsize|p1|4
|teamsize|p2|4
|start
|switch|p1a: Audino|Audino, L50, M|100/100
|switch|p1b: Sableye|Sableye, L50, F|100/100
|switch|p2a: Sneasler|Sneasler, L50, M|100/100
|switch|p2b: Froslass|Froslass, L50, F|100/100
|turn|1
|inactive|IcefieldsMessenger has 30 seconds left.
|
|t:|1786111639
|detailschange|p2b: Froslass|Froslass-Mega, L50, F
|-mega|p2b: Froslass|Froslass|Froslassite
|-weather|Snowscape|[from] ability: Snow Warning|[of] p2b: Froslass
|move|p1a: Audino|Protect|p1a: Audino
|-singleturn|p1a: Audino|Protect
|move|p2a: Sneasler|Fake Out|p1a: Audino
|-activate|p1a: Audino|move: Protect
|move|p1b: Sableye|Will-O-Wisp|p2a: Sneasler
|-status|p2a: Sneasler|brn
|move|p2b: Froslass|Blizzard|p1a: Audino|[spread] p1b
|-activate|p1a: Audino|move: Protect
|-damage|p1b: Sableye|25/100
|replace|p1b: Zoroark|Zoroark-Hisui, L50, M, shiny
|-end|p1b: Zoroark|Illusion
|
|-weather|Snowscape|[upkeep]
|-damage|p2a: Sneasler|94/100 brn|[from] brn
|upkeep
|turn|2
|
|t:|1786111659
|move|p1b: Zoroark|Will-O-Wisp|p2b: Froslass
|-status|p2b: Froslass|brn
|move|p2a: Sneasler|Close Combat|p1a: Audino
|-supereffective|p1a: Audino|1
|-damage|p1a: Audino|57/100
|-unboost|p2a: Sneasler|def|1
|-unboost|p2a: Sneasler|spd|1
|-enditem|p2a: Sneasler|White Herb
|-clearnegativeboost|p2a: Sneasler|[silent]
|move|p2b: Froslass|Blizzard|p1a: Audino|[spread] p1a,p1b
|-damage|p1a: Audino|28/100
|-damage|p1b: Zoroark|0 fnt
|-enditem|p1a: Audino|Sitrus Berry|[eat]
|-heal|p1a: Audino|52/100|[from] item: Sitrus Berry
|faint|p1b: Zoroark
|move|p1a: Audino|Trick Room|p1a: Audino
|-fieldstart|move: Trick Room|[of] p1a: Audino
|
|-weather|Snowscape|[upkeep]
|-damage|p2b: Froslass|94/100 brn|[from] brn
|-damage|p2a: Sneasler|88/100 brn|[from] brn
|upkeep
|
|t:|1786111677
|switch|p1b: Overqwil|Overqwil, L50, F|100/100
|turn|3
|
|t:|1786111698
|move|p1a: Audino|Simple Beam|p1b: Overqwil
|-ability|p1b: Overqwil|Simple|Poison Point|[from] move: Simple Beam
|move|p1b: Overqwil|Minimize|p1b: Overqwil
|-boost|p1b: Overqwil|evasion|4
|move|p2b: Froslass|Blizzard|p1a: Audino|[spread] p1a,p1b
|-damage|p1a: Audino|25/100
|-damage|p1b: Overqwil|61/100
|move|p2a: Sneasler|Close Combat|p1a: Audino
|-supereffective|p1a: Audino|1
|-crit|p1a: Audino
|-damage|p1a: Audino|0 fnt
|-unboost|p2a: Sneasler|def|1
|-unboost|p2a: Sneasler|spd|1
|faint|p1a: Audino
|
|-weather|Snowscape|[upkeep]
|-heal|p1b: Overqwil|67/100|[from] item: Leftovers
|-damage|p2b: Froslass|88/100 brn|[from] brn
|-damage|p2a: Sneasler|82/100 brn|[from] brn
|upkeep
|
|t:|1786111716
|switch|p1a: Sableye|Sableye, L50, F|100/100
|turn|4
|
|t:|1786111733
|detailschange|p1a: Sableye|Sableye-Mega, L50, F
|-mega|p1a: Sableye|Sableye|Sablenite
|move|p1a: Sableye|Psych Up|p1b: Overqwil
|-copyboost|p1a: Sableye|p1b: Overqwil|[from] move: Psych Up
|move|p1b: Overqwil|Stockpile|p1b: Overqwil
|-start|p1b: Overqwil|stockpile1
|-boost|p1b: Overqwil|def|2
|-boost|p1b: Overqwil|spd|2
|move|p2b: Froslass|Blizzard|p1a: Sableye|[spread] p1a,p1b
|-damage|p1a: Sableye|66/100
|-damage|p1b: Overqwil|49/100
|move|p2a: Sneasler|Dire Claw|p1b: Overqwil|[miss]
|-miss|p2a: Sneasler|p1b: Overqwil
|
|-weather|Snowscape|[upkeep]
|-heal|p1b: Overqwil|55/100|[from] item: Leftovers
|-damage|p2b: Froslass|82/100 brn|[from] brn
|-damage|p2a: Sneasler|76/100 brn|[from] brn
|upkeep
|turn|5
|inactive|FatherPenguin has 30 seconds left.
|
|t:|1786111759
|move|p1a: Sableye|Psych Up|p1b: Overqwil
|-copyboost|p1a: Sableye|p1b: Overqwil|[from] move: Psych Up
|move|p1b: Overqwil|Stockpile|p1b: Overqwil
|-start|p1b: Overqwil|stockpile2
|-boost|p1b: Overqwil|def|2
|-boost|p1b: Overqwil|spd|2
|move|p2b: Froslass|Blizzard|p1b: Overqwil|[spread] p1a,p1b
|-damage|p1a: Sableye|49/100
|-damage|p1b: Overqwil|42/100
|-status|p1b: Overqwil|frz
|move|p2a: Sneasler|Dire Claw|p1b: Overqwil
|-resisted|p1b: Overqwil|1
|-damage|p1b: Overqwil|40/100 frz
|
|-weather|none
|-heal|p1b: Overqwil|45/100 frz|[from] item: Leftovers
|-damage|p2b: Froslass|76/100 brn|[from] brn
|-damage|p2a: Sneasler|70/100 brn|[from] brn
|upkeep
|turn|6
|inactive|FatherPenguin has 30 seconds left.
|
|t:|1786111786
|switch|p2b: Lycanroc|Lycanroc-Dusk, L50, F|100/100
|move|p1a: Sableye|Recover|p1a: Sableye
|-heal|p1a: Sableye|100/100
|cant|p1b: Overqwil|frz
|move|p2a: Sneasler|Dire Claw|p1a: Sableye|[miss]
|-miss|p2a: Sneasler|p1a: Sableye
|
|-heal|p1b: Overqwil|51/100 frz|[from] item: Leftovers
|-damage|p2a: Sneasler|64/100 brn|[from] brn
|-fieldend|move: Trick Room
|upkeep
|turn|7
|
|t:|1786111807
|move|p2a: Sneasler|Dire Claw|p1a: Sableye
|-resisted|p1a: Sableye|1
|-damage|p1a: Sableye|96/100
|move|p2b: Lycanroc|Rock Slide|p1a: Sableye|[spread] 
|-miss|p2b: Lycanroc|p1a: Sableye
|-miss|p2b: Lycanroc|p1b: Overqwil
|-curestatus|p1b: Overqwil|frz|[msg]
|move|p1b: Overqwil|Stockpile|p1b: Overqwil
|-start|p1b: Overqwil|stockpile3
|-boost|p1b: Overqwil|def|2
|-boost|p1b: Overqwil|spd|2
|move|p1a: Sableye|Throat Chop|p2a: Sneasler
|-resisted|p2a: Sneasler|1
|-damage|p2a: Sneasler|43/100 brn
|-start|p2a: Sneasler|Throat Chop|[silent]
|
|-heal|p1b: Overqwil|57/100|[from] item: Leftovers
|-damage|p2a: Sneasler|37/100 brn|[from] brn
|upkeep
|turn|8
|
|t:|1786111829
|move|p2a: Sneasler|Dire Claw|p1a: Sableye|[miss]
|-miss|p2a: Sneasler|p1a: Sableye
|move|p2b: Lycanroc|Rock Slide|p1b: Overqwil|[spread] p1a
|-miss|p2b: Lycanroc|p1b: Overqwil
|-damage|p1a: Sableye|84/100
|move|p1b: Overqwil|Minimize|p1b: Overqwil
|-boost|p1b: Overqwil|evasion|2
|cant|p1a: Sableye|flinch
|
|-heal|p1b: Overqwil|63/100|[from] item: Leftovers
|-damage|p2a: Sneasler|31/100 brn|[from] brn
|-end|p2a: Sneasler|Throat Chop|[silent]
|upkeep
|turn|9
|
|t:|1786111846
|move|p2a: Sneasler|Dire Claw|p1a: Sableye|[miss]
|-miss|p2a: Sneasler|p1a: Sableye
|move|p2b: Lycanroc|Rock Slide|p1a: Sableye|[spread] p1a
|-miss|p2b: Lycanroc|p1b: Overqwil
|-damage|p1a: Sableye|71/100
|move|p1b: Overqwil|Swords Dance|p1b: Overqwil
|-boost|p1b: Overqwil|atk|4
|move|p1a: Sableye|Psych Up|p1b: Overqwil
|-copyboost|p1a: Sableye|p1b: Overqwil|[from] move: Psych Up
|
|-heal|p1b: Overqwil|68/100|[from] item: Leftovers
|-damage|p2a: Sneasler|25/100 brn|[from] brn
|upkeep
|turn|10
|inactive|IcefieldsMessenger has 30 seconds left.
|
|t:|1786111872
|move|p2a: Sneasler|Dire Claw|p1a: Sableye
|-resisted|p1a: Sableye|1
|-damage|p1a: Sableye|70/100
|move|p2b: Lycanroc|Rock Slide|p1a: Sableye|[spread] p1b
|-miss|p2b: Lycanroc|p1a: Sableye
|-damage|p1b: Overqwil|61/100
|move|p1b: Overqwil|Throat Chop|p2a: Sneasler
|-resisted|p2a: Sneasler|1
|-damage|p2a: Sneasler|0 fnt
|faint|p2a: Sneasler
|move|p1a: Sableye|Drain Punch|p2b: Lycanroc
|-supereffective|p2b: Lycanroc|1
|-enditem|p2b: Lycanroc|Focus Sash
|-damage|p2b: Lycanroc|1/100
|-heal|p1a: Sableye|100/100|[from] drain|[of] p2b: Lycanroc
|
|-heal|p1b: Overqwil|66/100|[from] item: Leftovers
|upkeep
|
|t:|1786111889
|switch|p2a: Froslass|Froslass-Mega, L50, F|76/100 brn
|-weather|Snowscape|[from] ability: Snow Warning|[of] p2a: Froslass
|turn|11
|
|t:|1786111903
|move|p2a: Froslass|Blizzard|p1a: Sableye|[spread] p1a,p1b
|-damage|p1a: Sableye|90/100
|-damage|p1b: Overqwil|58/100
|-status|p1b: Overqwil|frz
|move|p2b: Lycanroc|Rock Slide|p1a: Sableye|[spread] 
|-miss|p2b: Lycanroc|p1a: Sableye
|-miss|p2b: Lycanroc|p1b: Overqwil
|-curestatus|p1b: Overqwil|frz|[msg]
|move|p1b: Overqwil|Throat Chop|p2a: Froslass
|-supereffective|p2a: Froslass|1
|-damage|p2a: Froslass|0 fnt
|faint|p2a: Froslass
|move|p1a: Sableye|Throat Chop|p2b: Lycanroc
|-damage|p2b: Lycanroc|0 fnt
|faint|p2b: Lycanroc
|
|-weather|Snowscape|[upkeep]
|-heal|p1b: Overqwil|64/100|[from] item: Leftovers
|upkeep
|
|t:|1786111921
|switch|p2a: Basculegion|Basculegion, L50, M|100/100
|turn|12
|
|t:|1786111928
|move|p2a: Basculegion|Last Respects|p1a: Sableye|[miss]
|-miss|p2a: Basculegion|p1a: Sableye
|move|p1b: Overqwil|Throat Chop|p2a: Basculegion
|-supereffective|p2a: Basculegion|1
|-damage|p2a: Basculegion|0 fnt
|faint|p2a: Basculegion
|
|win|IcefieldsMessenger
