|j|☆BastixHang
|j|☆MaxUtrecht
|html|BastixHangMaxUtrecht    
|uhtml|bestof|Game 3 of a best-of-3
|t:|1783603827
|gametype|doubles
|player|p1|BastixHang|volkner|1128
|player|p2|MaxUtrecht|lucas|1119
|gen|9
|tier|[Gen 9 Champions] VGC 2026 Reg M-B (Bo3)
|rated|
|rule|Species Clause: Limit one of each Pokémon
|rule|Item Clause: Limit 1 of each item
|clearpoke
|poke|p1|Charizard, L50, F, shiny|
|poke|p1|Aerodactyl, L50, F|
|poke|p1|Farigiraf, L50, M|
|poke|p1|Garchomp, L50, F|
|poke|p1|Sylveon, L50, M, shiny|
|poke|p1|Kingambit, L50, F|
|poke|p2|Basculegion, L50, M|
|poke|p2|Farigiraf, L50, F|
|poke|p2|Scrafty, L50, M|
|poke|p2|Bellibolt, L50, M|
|poke|p2|Decidueye-Hisui, L50, M|
|poke|p2|Aggron, L50, M|
|teampreview|4
|showteam|p1|Charizard||CharizarditeY|Blaze|HeatWave,SolarBeam,WeatherBall,Protect|Timid||F|||50|]Aerodactyl||Aerodactylite|Pressure|RockSlide,Tailwind,IceFang,DualWingbeat|Jolly||F|||50|]Farigiraf||SitrusBerry|ArmorTail|Psychic,Thunderbolt,TrickRoom,Roar|Bold||M|||50|]Garchomp||LifeOrb|RoughSkin|Earthquake,DragonClaw,RockSlide,Protect|Jolly||F|||50|]Sylveon||FairyFeather|Pixilate|HyperVoice,HyperBeam,QuickAttack,Protect|Modest||M|||50|]Kingambit||FocusSash|Defiant|SuckerPunch,KowtowCleave,IronHead,LowKick|Adamant||F|||50|
|showteam|p2|Basculegion||ChoiceScarf|Adaptability|AquaJet,FlipTurn,WaveCrash,LastRespects|Jolly||M|||50|]Farigiraf||SitrusBerry|ArmorTail|Psychic,HyperVoice,HelpingHand,TrickRoom|Quiet||F|||50|]Scrafty||Scraftinite|Intimidate|DrainPunch,KnockOff,FakeOut,Protect|Brave||M|||50|]Bellibolt||Leftovers|Electromorphosis|Soak,ParabolicCharge,Thunderbolt,Protect|Bold||M|||50|]Decidueye-Hisui||FocusSash|Scrappy|TripleArrows,LeafBlade,KnockOff,Protect|Adamant||M|||50|]Aggron||Aggronite|Sturdy|IronDefense,BodyPress,HeavySlam,Protect|Impish||M|||50|
|inactive|Battle timer is ON: inactive players will automatically lose when time's up. (requested by BastixHang)
|
|t:|1783603869
|teamsize|p1|4
|teamsize|p2|4
|start
|switch|p1a: Charizard|Charizard, L50, F, shiny|100/100
|switch|p1b: Garchomp|Garchomp, L50, F|100/100
|switch|p2a: Farigiraf|Farigiraf, L50, F|100/100
|switch|p2b: Basculegion|Basculegion, L50, M|100/100
|turn|1
|
|t:|1783603885
|detailschange|p1a: Charizard|Charizard-Mega-Y, L50, F, shiny
|-mega|p1a: Charizard|Charizard|Charizardite Y
|-weather|SunnyDay|[from] ability: Drought|[of] p1a: Charizard
|move|p2a: Farigiraf|Helping Hand|p2b: Basculegion
|-singleturn|p2b: Basculegion|Helping Hand|[of] p2a: Farigiraf
|move|p2b: Basculegion|Wave Crash|p1a: Charizard
|-supereffective|p1a: Charizard|1
|-damage|p1a: Charizard|0 fnt
|faint|p1a: Charizard
|-damage|p2b: Basculegion|74/100|[from] Recoil
|move|p1b: Garchomp|Earthquake|p2a: Farigiraf|[spread] p2a,p2b
|-damage|p2a: Farigiraf|44/100
|-damage|p2b: Basculegion|8/100
|-enditem|p2a: Farigiraf|Sitrus Berry|[eat]
|-heal|p2a: Farigiraf|69/100|[from] item: Sitrus Berry
|-damage|p1b: Garchomp|90/100|[from] item: Life Orb
|
|-weather|SunnyDay|[upkeep]
|upkeep
|
|t:|1783603895
|switch|p1a: Sylveon|Sylveon, L50, M, shiny|100/100
|turn|2
|
|t:|1783603915
|move|p1a: Sylveon|Quick Attack||[still]
|cant|p2a: Farigiraf|ability: Armor Tail|Quick Attack|[of] p1a: Sylveon
|move|p2b: Basculegion|Wave Crash|p1a: Sylveon
|-damage|p1a: Sylveon|57/100
|-damage|p2b: Basculegion|0 fnt|[from] Recoil
|faint|p2b: Basculegion
|move|p1b: Garchomp|Dragon Claw|p2a: Farigiraf
|-damage|p2a: Farigiraf|6/100
|-damage|p1b: Garchomp|80/100|[from] item: Life Orb
|move|p2a: Farigiraf|Trick Room|p2a: Farigiraf
|-fieldstart|move: Trick Room|[of] p2a: Farigiraf
|
|-weather|SunnyDay|[upkeep]
|upkeep
|
|t:|1783603929
|switch|p2b: Aggron|Aggron, L50, M|100/100
|turn|3
|
|t:|1783603945
|detailschange|p2b: Aggron|Aggron-Mega, L50, M
|-mega|p2b: Aggron|Aggron|Aggronite
|move|p1a: Sylveon|Protect|p1a: Sylveon
|-singleturn|p1a: Sylveon|Protect
|move|p2b: Aggron|Body Press|p1b: Garchomp
|-damage|p1b: Garchomp|37/100
|-damage|p2b: Aggron|87/100|[from] ability: Rough Skin|[of] p1b: Garchomp
|move|p2a: Farigiraf|Psychic|p1b: Garchomp
|-crit|p1b: Garchomp
|-damage|p1b: Garchomp|0 fnt
|faint|p1b: Garchomp
|
|-weather|SunnyDay|[upkeep]
|upkeep
|
|t:|1783603954
|switch|p1b: Kingambit|Kingambit, L50, F|100/100
|turn|4
|
|t:|1783603965
|move|p2b: Aggron|Heavy Slam|p1a: Sylveon
|-supereffective|p1a: Sylveon|1
|-damage|p1a: Sylveon|0 fnt
|faint|p1a: Sylveon
|move|p1b: Kingambit|Low Kick|p2b: Aggron
|-supereffective|p2b: Aggron|1
|-damage|p2b: Aggron|55/100
|move|p2a: Farigiraf|Hyper Voice|p1b: Kingambit
|-resisted|p1b: Kingambit|1
|-damage|p1b: Kingambit|79/100
|
|-weather|SunnyDay|[upkeep]
|upkeep
|turn|5
|-message|BastixHang forfeited.
|
|win|MaxUtrecht
|raw|BastixHang's rating: 1128 → 1102(-26 for losing)
|raw|MaxUtrecht's rating: 1119 → 1145(+26 for winning)
|l|☆BastixHang
|player|p1|
