|j|☆pati_patout
|j|☆memeberserk
|html|pati_patoutmemeberserk    
|uhtml|bestof|Game 2 of a best-of-3
|t:|1782337962
|gametype|doubles
|player|p1|pati_patout|266|1078
|player|p2|memeberserk|lance|1069
|gen|9
|tier|[Gen 9 Champions] VGC 2026 Reg M-B (Bo3)
|rated|
|rule|Species Clause: Limit one of each Pokémon
|rule|Item Clause: Limit 1 of each item
|clearpoke
|poke|p1|Floette-Eternal, L50, F|
|poke|p1|Froslass, L50, F|
|poke|p1|Garchomp, L50, F|
|poke|p1|Kingambit, L50, M|
|poke|p1|Ceruledge, L50, F|
|poke|p1|Talonflame, L50, M|
|poke|p2|Grimmsnarl, L50, M|
|poke|p2|Archaludon, L50, F|
|poke|p2|Toxapex, L50, M|
|poke|p2|Pelipper, L50, F|
|poke|p2|Swampert, L50, F|
|poke|p2|Staraptor, L50, M|
|teampreview|4
|showteam|p1|Floette-Eternal||Floettite|FlowerVeil|Moonblast,DazzlingGleam,LightofRuin,Protect|Modest||F|||50|]Froslass||Froslassite|CursedBody|Blizzard,ShadowBall,AuroraVeil,Protect|Timid||F|||50|]Garchomp||LifeOrb|RoughSkin|DragonClaw,RockSlide,Earthquake,Protect|Jolly||F|||50|]Kingambit||BlackGlasses|Defiant|KowtowCleave,SuckerPunch,IronHead,Protect|Adamant||M|||50|]Ceruledge||SitrusBerry|FlashFire|BitterBlade,BulkUp,ShadowSneak,Protect|Adamant||F|||50|]Talonflame||SharpBeak|GaleWings|Tailwind,DualWingbeat,Taunt,Protect|Jolly||M|||50|
|showteam|p2|Grimmsnarl||LightClay|Prankster|LightScreen,Reflect,PartingShot,SpiritBreak|Careful||M|||50|]Archaludon||ChopleBerry|Stamina|ElectroShot,DracoMeteor,Protect,FlashCannon|Timid||F|||50|]Toxapex||Leftovers|Regenerator|Infestation,Toxic,BanefulBunker,WideGuard|Bold||M|||50|]Pelipper||FocusSash|Drizzle|Hurricane,WeatherBall,Protect,Tailwind|Timid||F|||50|]Swampert||Swampertite|Torrent|HighHorsepower,WaveCrash,Protect,IcePunch|Careful||F|||50|]Staraptor||Staraptite|Intimidate|CloseCombat,Roost,Protect,BraveBird|Adamant||M|||50|
|
|t:|1782338002
|teamsize|p1|4
|teamsize|p2|4
|start
|switch|p1a: Froslass|Froslass, L50, F|100/100
|switch|p1b: Kingambit|Kingambit, L50, M|100/100
|switch|p2a: Pelipper|Pelipper, L50, F|100/100
|switch|p2b: Toxapex|Toxapex, L50, M|100/100
|-weather|RainDance|[from] ability: Drizzle|[of] p2a: Pelipper
|turn|1
|inactive|Battle timer is ON: inactive players will automatically lose when time's up. (requested by memeberserk)
|
|t:|1782338031
|detailschange|p1a: Froslass|Froslass-Mega, L50, F
|-mega|p1a: Froslass|Froslass|Froslassite
|-weather|Snowscape|[from] ability: Snow Warning|[of] p1a: Froslass
|move|p1a: Froslass|Shadow Ball|p2b: Toxapex
|-damage|p2b: Toxapex|63/100
|move|p2a: Pelipper|Tailwind|p2a: Pelipper
|-sidestart|p2: memeberserk|move: Tailwind
|move|p2b: Toxapex|Toxic|p1a: Froslass
|-status|p1a: Froslass|tox
|move|p1b: Kingambit|Kowtow Cleave|p2b: Toxapex
|-damage|p2b: Toxapex|23/100
|
|-weather|Snowscape|[upkeep]
|-heal|p2b: Toxapex|29/100|[from] item: Leftovers
|-damage|p1a: Froslass|93/100 tox|[from] psn
|upkeep
|turn|2
|inactive|memeberserk has 30 seconds left.
|
|t:|1782338060
|-heal|p2b: Toxapex|62/100|[from] ability: Regenerator|[silent]
|switch|p2b: Grimmsnarl|Grimmsnarl, L50, M|100/100
|switch|p1b: Talonflame|Talonflame, L50, M|100/100
|move|p2a: Pelipper|Hurricane|p1b: Talonflame|[miss]
|-miss|p2a: Pelipper|p1b: Talonflame
|move|p1a: Froslass|Blizzard|p2a: Pelipper|[spread] p2a,p2b
|-crit|p2a: Pelipper
|-enditem|p2a: Pelipper|Focus Sash
|-damage|p2a: Pelipper|1/100
|-damage|p2b: Grimmsnarl|64/100
|
|-weather|Snowscape|[upkeep]
|-damage|p1a: Froslass|81/100 tox|[from] psn
|upkeep
|turn|3
|inactive|pati_patout has 30 seconds left.
|
|t:|1782338090
|switch|p2a: Toxapex|Toxapex, L50, M|62/100
|switch|p1a: Garchomp|Garchomp, L50, F|100/100
|move|p2b: Grimmsnarl|Light Screen|p2b: Grimmsnarl
|-sidestart|p2: memeberserk|move: Light Screen
|move|p1b: Talonflame|Taunt|p2b: Grimmsnarl
|-start|p2b: Grimmsnarl|move: Taunt
|
|-weather|Snowscape|[upkeep]
|-heal|p2a: Toxapex|68/100|[from] item: Leftovers
|upkeep
|turn|4
|
|t:|1782338108
|move|p2a: Toxapex|Baneful Bunker|p2a: Toxapex
|-singleturn|p2a: Toxapex|move: Protect
|move|p1b: Talonflame|Taunt|p2a: Toxapex
|-activate|p2a: Toxapex|move: Protect
|move|p1a: Garchomp|Dragon Claw|p2a: Toxapex
|-activate|p2a: Toxapex|move: Protect
|-status|p1a: Garchomp|psn
|move|p2b: Grimmsnarl|Spirit Break|p1a: Garchomp
|-supereffective|p1a: Garchomp|1
|-damage|p1a: Garchomp|33/100 psn
|-unboost|p1a: Garchomp|spa|1
|-damage|p2b: Grimmsnarl|51/100|[from] ability: Rough Skin|[of] p1a: Garchomp
|
|-weather|Snowscape|[upkeep]
|-heal|p2a: Toxapex|73/100|[from] item: Leftovers
|-damage|p1a: Garchomp|21/100 psn|[from] psn
|-sideend|p2: memeberserk|move: Tailwind
|upkeep
|turn|5
|inactive|memeberserk has 30 seconds left.
|
|t:|1782338138
|move|p2a: Toxapex|Wide Guard|p2a: Toxapex
|-singleturn|p2a: Toxapex|Wide Guard
|move|p1b: Talonflame|Taunt|p2a: Toxapex
|-start|p2a: Toxapex|move: Taunt
|move|p1a: Garchomp|Earthquake|p2b: Grimmsnarl|[spread] 
|-activate|p2a: Toxapex|move: Wide Guard
|-activate|p2b: Grimmsnarl|move: Wide Guard
|-immune|p1b: Talonflame
|move|p2b: Grimmsnarl|Spirit Break|p1a: Garchomp
|-supereffective|p1a: Garchomp|1
|-damage|p1a: Garchomp|0 fnt
|-damage|p2b: Grimmsnarl|39/100|[from] ability: Rough Skin|[of] p1a: Garchomp
|faint|p1a: Garchomp
|
|-weather|none
|-heal|p2a: Toxapex|79/100|[from] item: Leftovers
|upkeep
|
|t:|1782338159
|switch|p1a: Froslass|Froslass-Mega, L50, F|81/100 tox
|-weather|Snowscape|[from] ability: Snow Warning|[of] p1a: Froslass
|turn|6
|
|t:|1782338176
|-heal|p2a: Toxapex|100/100|[from] ability: Regenerator|[silent]
|switch|p2a: Pelipper|Pelipper, L50, F|1/100
|-weather|RainDance|[from] ability: Drizzle|[of] p2a: Pelipper
|move|p1b: Talonflame|Dual Wingbeat|p2a: Pelipper
|-damage|p2a: Pelipper|0 fnt
|faint|p2a: Pelipper
|-hitcount|p2: Pelipper|1
|move|p1a: Froslass|Blizzard|p2b: Grimmsnarl
|-damage|p2b: Grimmsnarl|6/100
|move|p2b: Grimmsnarl|Spirit Break|p1a: Froslass
|-damage|p1a: Froslass|34/100 tox
|-unboost|p1a: Froslass|spa|1
|
|-weather|RainDance|[upkeep]
|-damage|p1a: Froslass|28/100 tox|[from] psn
|-end|p2b: Grimmsnarl|move: Taunt
|upkeep
|
|t:|1782338194
|switch|p2a: Toxapex|Toxapex, L50, M|100/100
|turn|7
|
|t:|1782338208
|switch|p1a: Kingambit|Kingambit, L50, M|100/100
|move|p1b: Talonflame|Dual Wingbeat|p2b: Grimmsnarl
|-crit|p2b: Grimmsnarl
|-damage|p2b: Grimmsnarl|0 fnt
|faint|p2b: Grimmsnarl
|-hitcount|p2: Grimmsnarl|1
|move|p2a: Toxapex|Toxic|p1b: Talonflame
|-status|p1b: Talonflame|tox
|
|-weather|RainDance|[upkeep]
|-damage|p1b: Talonflame|94/100 tox|[from] psn
|upkeep
|
|t:|1782338218
|switch|p2b: Swampert|Swampert, L50, F|100/100
|turn|8
|
|t:|1782338236
|detailschange|p2b: Swampert|Swampert-Mega, L50, F
|-mega|p2b: Swampert|Swampert|Swampertite
|move|p1a: Kingambit|Protect|p1a: Kingambit
|-singleturn|p1a: Kingambit|Protect
|move|p1b: Talonflame|Tailwind|p1b: Talonflame
|-sidestart|p1: pati_patout|move: Tailwind
|move|p2b: Swampert|High Horsepower|p1a: Kingambit
|-activate|p1a: Kingambit|move: Protect
|move|p2a: Toxapex|Infestation|p1b: Talonflame
|-resisted|p1b: Talonflame|2
|-damage|p1b: Talonflame|93/100 tox
|-activate|p1b: Talonflame|move: Infestation|[of] p2a: Toxapex
|
|-weather|RainDance|[upkeep]
|-damage|p1b: Talonflame|81/100 tox|[from] psn
|-damage|p1b: Talonflame|69/100 tox|[from] move: Infestation|[partiallytrapped]
|upkeep
|turn|9
|inactive|pati_patout has 30 seconds left.
|
|t:|1782338264
|move|p1b: Talonflame|Dual Wingbeat|p2b: Swampert
|-damage|p2b: Swampert|85/100
|-damage|p2b: Swampert|69/100
|-hitcount|p2b: Swampert|2
|move|p2b: Swampert|Wave Crash|p1b: Talonflame
|-supereffective|p1b: Talonflame|1
|-damage|p1b: Talonflame|0 fnt
|faint|p1b: Talonflame
|-damage|p2b: Swampert|52/100|[from] Recoil
|move|p1a: Kingambit|Kowtow Cleave|p2b: Swampert
|-damage|p2b: Swampert|6/100
|move|p2a: Toxapex|Infestation|p1a: Kingambit
|-damage|p1a: Kingambit|96/100
|-activate|p1a: Kingambit|move: Infestation|[of] p2a: Toxapex
|
|-weather|RainDance|[upkeep]
|-damage|p1a: Kingambit|84/100|[from] move: Infestation|[partiallytrapped]
|upkeep
|
|t:|1782338276
|switch|p1b: Froslass|Froslass-Mega, L50, F|28/100 tox
|-weather|Snowscape|[from] ability: Snow Warning|[of] p1b: Froslass
|turn|10
|
|t:|1782338284
|move|p2b: Swampert|Protect|p2b: Swampert
|-singleturn|p2b: Swampert|Protect
|move|p2a: Toxapex|Baneful Bunker|p2a: Toxapex
|-singleturn|p2a: Toxapex|move: Protect
|move|p1b: Froslass|Aurora Veil|p1b: Froslass
|-sidestart|p1: pati_patout|move: Aurora Veil
|move|p1a: Kingambit|Kowtow Cleave|p2a: Toxapex
|-activate|p2a: Toxapex|move: Protect
|
|-weather|Snowscape|[upkeep]
|-damage|p1b: Froslass|22/100 tox|[from] psn
|-damage|p1a: Kingambit|71/100|[from] move: Infestation|[partiallytrapped]
|-sideend|p2: memeberserk|move: Light Screen
|upkeep
|turn|11
|
|t:|1782338301
|move|p2b: Swampert|Protect|p2b: Swampert
|-singleturn|p2b: Swampert|Protect
|move|p1b: Froslass|Shadow Ball|p2a: Toxapex
|-damage|p2a: Toxapex|64/100
|move|p1a: Kingambit|Kowtow Cleave|p2b: Swampert
|-activate|p2b: Swampert|move: Protect
|move|p2a: Toxapex|Infestation|p1b: Froslass
|-resisted|p1b: Froslass|1
|-damage|p1b: Froslass|21/100 tox
|-activate|p1b: Froslass|move: Infestation|[of] p2a: Toxapex
|
|-weather|Snowscape|[upkeep]
|-heal|p2a: Toxapex|70/100|[from] item: Leftovers
|-damage|p1b: Froslass|8/100 tox|[from] psn
|-damage|p1b: Froslass|0 fnt|[from] move: Infestation|[partiallytrapped]
|faint|p1b: Froslass
|-damage|p1a: Kingambit|59/100|[from] move: Infestation|[partiallytrapped]
|-sideend|p1: pati_patout|move: Tailwind
|upkeep
|turn|12
|
|t:|1782338322
|move|p2b: Swampert|Protect||[still]
|-fail|p2b: Swampert
|move|p1a: Kingambit|Sucker Punch||[still]
|-fail|p1a: Kingambit
|move|p2a: Toxapex|Infestation|p1a: Kingambit
|-damage|p1a: Kingambit|57/100
|
|-weather|Snowscape|[upkeep]
|-heal|p2a: Toxapex|76/100|[from] item: Leftovers
|-damage|p1a: Kingambit|44/100|[from] move: Infestation|[partiallytrapped]
|upkeep
|turn|13
|
|t:|1782338335
|move|p2b: Swampert|Protect|p2b: Swampert
|-singleturn|p2b: Swampert|Protect
|move|p2a: Toxapex|Baneful Bunker|p2a: Toxapex
|-singleturn|p2a: Toxapex|move: Protect
|move|p1a: Kingambit|Kowtow Cleave|p2b: Swampert
|-activate|p2b: Swampert|move: Protect
|
|-weather|Snowscape|[upkeep]
|-heal|p2a: Toxapex|82/100|[from] item: Leftovers
|-end|p1a: Kingambit|Infestation|[partiallytrapped]
|upkeep
|turn|14
|
|t:|1782338348
|move|p2b: Swampert|High Horsepower|p1a: Kingambit
|-supereffective|p1a: Kingambit|1
|-damage|p1a: Kingambit|0 fnt
|faint|p1a: Kingambit
|
|win|memeberserk
|raw|pati_patout's rating: 1078 → 1056(-22 for losing)
|raw|memeberserk's rating: 1069 → 1099(+30 for winning)
