|j|☆WarlogFV
|j|☆starlight74
|html|WarlogFVstarlight74    
|uhtml|bestof|Game 3 of a best-of-3
|t:|1784051523
|gametype|doubles
|player|p1|WarlogFV|erika|1331
|player|p2|starlight74|anabel-gen7|1314
|gen|9
|tier|[Gen 9 Champions] VGC 2026 Reg M-B (Bo3)
|rated|
|rule|Species Clause: Limit one of each Pokémon
|rule|Item Clause: Limit 1 of each item
|clearpoke
|poke|p1|Swampert, L50, M|
|poke|p1|Pelipper, L50, M|
|poke|p1|Archaludon, L50, M|
|poke|p1|Grimmsnarl, L50, M|
|poke|p1|Metagross, L50|
|poke|p1|Sneasler, L50, F|
|poke|p2|Charizard, L50, F, shiny|
|poke|p2|Garchomp, L50, M|
|poke|p2|Sylveon, L50, F, shiny|
|poke|p2|Incineroar, L50, M|
|poke|p2|Aerodactyl, L50, F|
|poke|p2|Kingambit, L50, M|
|teampreview|4
|showteam|p1|Swampert||Swampertite|Torrent|WaveCrash,Earthquake,IcePunch,Protect|Adamant||M|||50|]Pelipper||SitrusBerry|Drizzle|WeatherBall,Hurricane,Tailwind,WideGuard|Bold||M|||50|]Archaludon||Leftovers|Stamina|ElectroShot,DragonPulse,FlashCannon,Protect|Modest||M|||50|]Grimmsnarl||LightClay|Prankster|LightScreen,Reflect,FoulPlay,PartingShot|Careful||M|||50|]Metagross||Metagrossite|ClearBody|MeteorMash,PsychicFangs,StompingTantrum,Protect|Adamant|||||50|]Sneasler||FocusSash|Unburden|FakeOut,CloseCombat,Coaching,DireClaw|Naive||F|||50|
|showteam|p2|Charizard||CharizarditeY|Blaze|HeatWave,WeatherBall,SolarBeam,Protect|Modest||F|||50|]Garchomp||LifeOrb|RoughSkin|Earthquake,DragonClaw,StompingTantrum,Protect|Jolly||M|||50|]Sylveon||FairyFeather|Pixilate|HyperVoice,QuickAttack,HyperBeam,Detect|Modest||F|||50|]Incineroar||SitrusBerry|Intimidate|FlareBlitz,ThroatChop,PartingShot,FakeOut|Impish||M|||50|]Aerodactyl||FocusSash|Unnerve|RockSlide,DualWingbeat,Tailwind,WideGuard|Jolly||F|||50|]Kingambit||BlackGlasses|Defiant|KowtowCleave,SuckerPunch,IronHead,Protect|Adamant||M|||50|
|inactive|Battle timer is ON: inactive players will automatically lose when time's up. (requested by starlight74)
|inactive|WarlogFV also wants the timer to be on.
|
|t:|1784051549
|teamsize|p1|4
|teamsize|p2|4
|start
|switch|p1a: Legendary Lovers|Grimmsnarl, L50, M|100/100
|switch|p1b: Dark Horse|Metagross, L50|100/100
|switch|p2a: Kingambit|Kingambit, L50, M|100/100
|switch|p2b: Aerodactyl|Aerodactyl, L50, F|100/100
|-ability|p2b: Aerodactyl|Unnerve
|turn|1
|
|t:|1784051562
|move|p1b: Dark Horse|Protect|p1b: Dark Horse
|-singleturn|p1b: Dark Horse|Protect
|move|p2b: Aerodactyl|Tailwind|p2b: Aerodactyl
|-sidestart|p2: starlight74|move: Tailwind
|move|p2a: Kingambit|Iron Head|p1a: Legendary Lovers
|-supereffective|p1a: Legendary Lovers|1
|-damage|p1a: Legendary Lovers|0 fnt
|faint|p1a: Legendary Lovers
|
|upkeep
|
|t:|1784051570
|switch|p1a: T.G.I.F.|Archaludon, L50, M|100/100
|turn|2
|
|t:|1784051583
|switch|p1b: Lifetimes|Pelipper, L50, M|100/100
|-weather|RainDance|[from] ability: Drizzle|[of] p1b: Lifetimes
|move|p2b: Aerodactyl|Dual Wingbeat|p1b: Lifetimes
|-damage|p1b: Lifetimes|83/100
|-damage|p1b: Lifetimes|64/100
|-hitcount|p1b: Lifetimes|2
|move|p2a: Kingambit|Kowtow Cleave|p1b: Lifetimes
|-damage|p1b: Lifetimes|11/100
|move|p1a: T.G.I.F.|Electro Shot||[still]
|-prepare|p1a: T.G.I.F.|Electro Shot
|-boost|p1a: T.G.I.F.|spa|1
|-anim|p1a: T.G.I.F.|Electro Shot|p2a: Kingambit
|-damage|p2a: Kingambit|38/100
|
|-weather|RainDance|[upkeep]
|upkeep
|turn|3
|
|t:|1784051602
|switch|p1b: Dark Horse|Metagross, L50|100/100
|move|p2b: Aerodactyl|Dual Wingbeat|p1b: Dark Horse
|-resisted|p1b: Dark Horse|1
|-damage|p1b: Dark Horse|92/100
|-resisted|p1b: Dark Horse|1
|-damage|p1b: Dark Horse|84/100
|-hitcount|p1b: Dark Horse|2
|move|p2a: Kingambit|Kowtow Cleave|p1b: Dark Horse
|-supereffective|p1b: Dark Horse|1
|-damage|p1b: Dark Horse|0 fnt
|faint|p1b: Dark Horse
|move|p1a: T.G.I.F.|Electro Shot||[still]
|-prepare|p1a: T.G.I.F.|Electro Shot
|-boost|p1a: T.G.I.F.|spa|1
|-anim|p1a: T.G.I.F.|Electro Shot|p2a: Kingambit
|-damage|p2a: Kingambit|0 fnt
|faint|p2a: Kingambit
|
|-weather|RainDance|[upkeep]
|upkeep
|
|t:|1784051609
|switch|p1b: Lifetimes|Pelipper, L50, M|11/100
|switch|p2a: Charizard|Charizard, L50, F, shiny|100/100
|turn|4
|
|t:|1784051617
|detailschange|p2a: Charizard|Charizard-Mega-Y, L50, F, shiny
|-mega|p2a: Charizard|Charizard|Charizardite Y
|-weather|SunnyDay|[from] ability: Drought|[of] p2a: Charizard
|move|p1b: Lifetimes|Wide Guard|p1b: Lifetimes
|-singleturn|p1b: Lifetimes|Wide Guard
|move|p2b: Aerodactyl|Dual Wingbeat|p1b: Lifetimes
|-damage|p1b: Lifetimes|0 fnt
|faint|p1b: Lifetimes
|-hitcount|p1: Lifetimes|1
|move|p2a: Charizard|Weather Ball|p1a: T.G.I.F.
|-damage|p1a: T.G.I.F.|2/100
|-ability|p1a: T.G.I.F.|Stamina|boost
|-boost|p1a: T.G.I.F.|def|1
|move|p1a: T.G.I.F.|Dragon Pulse|p2a: Charizard
|-damage|p2a: Charizard|28/100
|
|-weather|SunnyDay|[upkeep]
|-heal|p1a: T.G.I.F.|8/100|[from] item: Leftovers
|-sideend|p2: starlight74|move: Tailwind
|upkeep
|turn|5
|l|☆WarlogFV
|inactive|WarlogFV disconnected and has a minute to reconnect!
|player|p1|
|inactive|WarlogFV has 30 seconds left.
|inactive|WarlogFV has 20 seconds left.
|inactive|WarlogFV has 15 seconds left.
|inactive|WarlogFV has 10 seconds left.
|inactive|WarlogFV has 5 seconds left.
|-message|WarlogFV lost due to inactivity.
|
|win|starlight74
|raw|WarlogFV's rating: 1331 → 1310(-21 for losing)
|raw|starlight74's rating: 1314 → 1335(+21 for winning)
