|j|☆Refanner
|j|☆Goat Pincurchin
|html|RefannerGoat Pincurchin    
|uhtml|bestof|Game 2 of a best-of-3
|t:|1756312378
|gametype|doubles
|player|p1|Refanner|1|1117
|player|p2|Goat Pincurchin|ghetsis|1206
|gen|9
|tier|[Gen 9] VGC 2025 Reg H (Bo3)
|rated|
|rule|Species Clause: Limit one of each Pokémon
|rule|Item Clause: Limit 1 of each item
|clearpoke
|poke|p1|Garchomp, L50, F|
|poke|p1|Incineroar, L50, F|
|poke|p1|Ninetales-Alola, L50, F|
|poke|p1|Gholdengo, L50|
|poke|p1|Primarina, L50, F|
|poke|p1|Talonflame, L50, F|
|poke|p2|Electabuzz, L50, F|
|poke|p2|Kingambit, L50, F|
|poke|p2|Volcarona, L50, M|
|poke|p2|Dragonite, L50, F|
|poke|p2|Sneasler, L50, M|
|poke|p2|Rillaboom, L50, M|
|teampreview|4
|showteam|p1|Garchomp||ClearAmulet|RoughSkin|Earthquake,RockSlide,SwordsDance,Protect|||F|||50|,,,,,Fire]Incineroar||SafetyGoggles|Intimidate|WillOWisp,FlareBlitz,FakeOut,PartingShot|||F|||50|,,,,,Grass]Ninetales-Alola||FocusSash|SnowWarning|Blizzard,IcyWind,Protect,AuroraVeil|||F|||50|,,,,,Ghost]Gholdengo||Leftovers|GoodasGold|MakeItRain,ShadowBall,NastyPlot,Protect||||||50|,,,,,Flying]Primarina||MagoBerry|LiquidVoice|HyperVoice,Moonblast,CalmMind,Protect|||F|||50|,,,,,Poison]Talonflame||CovertCloak|GaleWings|DualWingbeat,Tailwind,FlareBlitz,Taunt|||F|||50|,,,,,Flying
|showteam|p2|Electabuzz||Eviolite|VitalSpirit|FollowMe,Thunderbolt,Taunt,Protect|||F|||50|,,,,,Ghost]Kingambit||BlackGlasses|Defiant|KowtowCleave,SuckerPunch,SwordsDance,Protect|||F|||50|,,,,,Dark]Volcarona||Leftovers|FlameBody|HeatWave,TeraBlast,QuiverDance,Protect|||M|||50|,,,,,Fairy]Dragonite||LoadedDice|Multiscale|ScaleShot,ExtremeSpeed,Haze,Protect|||F|||50|,,,,,Fairy]Sneasler||FocusSash|Unburden|DireClaw,CloseCombat,Coaching,FakeOut|||M|||50|,,,,,Stellar]Rillaboom||AssaultVest|GrassySurge|FakeOut,WoodHammer,GrassyGlide,HighHorsepower|||M|||50|,,,,,Fire
|inactive|Battle timer is ON: inactive players will automatically lose when time's up. (requested by Goat Pincurchin)
|inactive|Refanner has 60 seconds left.
|inactive|Goat Pincurchin has 60 seconds left.
|
|t:|1756312431
|teamsize|p1|4
|teamsize|p2|4
|start
|switch|p1a: Talonflame|Talonflame, L50, F|100/100
|switch|p1b: Garchomp|Garchomp, L50, F|100/100
|switch|p2a: Dragonite|Dragonite, L50, F|100/100
|switch|p2b: Sneasler|Sneasler, L50, M|100/100
|turn|1
|inactive|Refanner has 30 seconds left.
|inactive|Refanner has 20 seconds left.
|inactive|Refanner has 15 seconds left.
|inactive|Refanner has 10 seconds left.
|inactive|Refanner has 5 seconds left.
|
|t:|1756312485
|switch|p2b: Electabuzz|Electabuzz, L50, F|100/100
|-terastallize|p1b: Garchomp|Fire
|move|p1a: Talonflame|Dual Wingbeat|p2b: Electabuzz
|-resisted|p2b: Electabuzz
|-damage|p2b: Electabuzz|95/100
|-resisted|p2b: Electabuzz
|-damage|p2b: Electabuzz|89/100
|-hitcount|p2b: Electabuzz|2
|move|p1b: Garchomp|Earthquake|p2a: Dragonite|[spread] p2b
|-immune|p1a: Talonflame
|-immune|p2a: Dragonite
|-supereffective|p2b: Electabuzz
|-damage|p2b: Electabuzz|32/100
|move|p2a: Dragonite|Scale Shot|p1a: Talonflame
|-damage|p1a: Talonflame|79/100
|-damage|p1a: Talonflame|57/100
|-damage|p1a: Talonflame|33/100
|-damage|p1a: Talonflame|12/100
|-damage|p1a: Talonflame|0 fnt
|faint|p1a: Talonflame
|-hitcount|p1: Talonflame|5
|-unboost|p2a: Dragonite|def|1
|-boost|p2a: Dragonite|spe|1
|
|upkeep
|
|t:|1756312502
|switch|p1a: Incineroar|Incineroar, L50, F|100/100
|-ability|p1a: Incineroar|Intimidate|boost
|-unboost|p2a: Dragonite|atk|1
|-unboost|p2b: Electabuzz|atk|1
|turn|2
|
|t:|1756312523
|switch|p2b: Sneasler|Sneasler, L50, M|100/100
|move|p2a: Dragonite|Protect|p2a: Dragonite
|-singleturn|p2a: Dragonite|Protect
|move|p1b: Garchomp|Rock Slide|p2a: Dragonite|[spread] 
|-activate|p2a: Dragonite|move: Protect
|-miss|p1b: Garchomp|p2b: Sneasler
|move|p1a: Incineroar|Will-O-Wisp|p2a: Dragonite
|-activate|p2a: Dragonite|move: Protect
|
|upkeep
|turn|3
|inactive|Refanner has 30 seconds left.
|inactive|Goat Pincurchin has 30 seconds left.
|
|t:|1756312552
|-terastallize|p2b: Sneasler|Stellar
|move|p2a: Dragonite|Scale Shot|p1b: Garchomp
|-damage|p1b: Garchomp|91/100
|-damage|p1b: Garchomp|82/100
|-damage|p1b: Garchomp|72/100
|-damage|p1b: Garchomp|63/100
|-damage|p1b: Garchomp|54/100
|-hitcount|p1b: Garchomp|5
|-unboost|p2a: Dragonite|def|1
|-boost|p2a: Dragonite|spe|1
|move|p2b: Sneasler|Close Combat|p1a: Incineroar
|-supereffective|p1a: Incineroar
|-damage|p1a: Incineroar|0 fnt
|-unboost|p2b: Sneasler|def|1
|-unboost|p2b: Sneasler|spd|1
|faint|p1a: Incineroar
|move|p1b: Garchomp|Swords Dance|p1b: Garchomp
|-boost|p1b: Garchomp|atk|2
|
|upkeep
|
|t:|1756312558
|switch|p1a: Primarina|Primarina, L50, F|100/100
|turn|4
|inactive|Refanner has 30 seconds left.
|inactive|Goat Pincurchin has 30 seconds left.
|inactive|Refanner has 20 seconds left.
|inactive|Refanner has 15 seconds left.
|inactive|Goat Pincurchin has 20 seconds left.
|inactive|Refanner has 10 seconds left.
|inactive|Refanner has 5 seconds left.
|
|t:|1756312609
|move|p1b: Garchomp|Protect|p1b: Garchomp
|-singleturn|p1b: Garchomp|Protect
|move|p2a: Dragonite|Haze|p2a: Dragonite
|-clearallboost
|move|p2b: Sneasler|Dire Claw|p1b: Garchomp
|-activate|p1b: Garchomp|move: Protect
|move|p1a: Primarina|Hyper Voice|p2a: Dragonite|[spread] p2a,p2b
|-resisted|p2a: Dragonite
|-damage|p2a: Dragonite|92/100
|-damage|p2b: Sneasler|56/100
|
|upkeep
|turn|5
|inactive|Refanner has 30 seconds left.
|
|t:|1756312634
|move|p1a: Primarina|Protect|p1a: Primarina
|-singleturn|p1a: Primarina|Protect
|move|p2a: Dragonite|Extreme Speed|p1b: Garchomp
|-damage|p1b: Garchomp|25/100
|-damage|p2a: Dragonite|80/100|[from] ability: Rough Skin|[of] p1b: Garchomp
|move|p2b: Sneasler|Dire Claw|p1b: Garchomp
|-damage|p1b: Garchomp|0 fnt
|-damage|p2b: Sneasler|44/100|[from] ability: Rough Skin|[of] p1b: Garchomp
|faint|p1b: Garchomp
|
|upkeep
|turn|6
|-message|Refanner forfeited.
|
|win|Goat Pincurchin
||Refanner is ready for game 3.
||Goat Pincurchin is ready for game 3.
|uhtml|next|Next: Game 3 of 3
