|j|☆000ogle
|j|☆k0nvit
|html|000oglek0nvit    
|uhtml|bestof|Game 2 of a best-of-3
|t:|1786072876
|gametype|doubles
|player|p1|000ogle|170|
|player|p2|k0nvit|266|
|gen|9
|tier|[Gen 9 Champions] VGC 2026 Reg M-B (Bo3)
|rule|Species Clause: Limit one of each Pokémon
|rule|Item Clause: Limit 1 of each item
|clearpoke
|poke|p1|Tyranitar, L50, F|
|poke|p1|Sneasler, L50, M|
|poke|p1|Aerodactyl, L50, M, shiny|
|poke|p1|Excadrill, L50, M|
|poke|p1|Heliolisk, L50, M|
|poke|p1|Audino, L50, F|
|poke|p2|Mimikyu, L50, F|
|poke|p2|Torkoal, L50, F|
|poke|p2|Glimmora, L50, M|
|poke|p2|Tsareena, L50, F|
|poke|p2|Clefable, L50, F|
|poke|p2|Araquanid, L50, F|
|teampreview|4
|showteam|p1|Tyranitar||Tyranitarite|SandStream|KnockOff,RockSlide,HighHorsepower,Protect|Adamant||F|||50|]Sneasler||WhiteHerb|Pressure|CloseCombat,FakeOut,DireClaw,Protect|Jolly||M|||50|]Aerodactyl||PasshoBerry|Unnerve|WideGuard,RockSlide,DualWingbeat,Protect|Jolly||M|||50|]Excadrill||FocusSash|SandRush|Earthquake,IronHead,RockSlide,Protect|Adamant||M|||50|]Heliolisk||ChoiceScarf|DrySkin|VoltSwitch,Thunderbolt,HyperVoice,Protect|Timid||M|||50|]Audino||SitrusBerry|Regenerator|LifeDew,TrickRoom,AllySwitch,SimpleBeam|Sassy||F|||50|
|showteam|p2|Mimikyu||KasibBerry|Disguise|ShadowSneak,TrickRoom,PlayRough,SwordsDance|Brave||F|||50|]Torkoal||LifeOrb|Drought|Eruption,SolarBeam,Protect,WillOWisp|Quiet||F|||50|]Glimmora||Glimmoranite|ToxicDebris|SludgeBomb,SpikyShield,DazzlingGleam,EarthPower|Quiet||M|||50|]Tsareena||WideLens|QueenlyMajesty|PowerWhip,TripleAxel,HighJumpKick,Protect|Brave||F|||50|]Clefable||BabiriBerry|Unaware|Moonblast,FollowMe,Protect,Encore|Sassy||F|||50|]Araquanid||MysticWater|WaterBubble|Protect,WideGuard,Liquidation,StickyWeb|Quiet||F|||50|
|
|t:|1786072929
|teamsize|p1|4
|teamsize|p2|4
|start
|switch|p1a: Lance Stephenson|Aerodactyl, L50, M, shiny|100/100
|switch|p1b: Julliam|Audino, L50, F|100/100
|switch|p2a: Mimikyu|Mimikyu, L50, F|100/100
|switch|p2b: Araquanid|Araquanid, L50, F|100/100
|-ability|p1a: Lance Stephenson|Unnerve
|turn|1
|
|t:|1786072972
|move|p1b: Julliam|Ally Switch|p1b: Julliam
|swap|p1b: Julliam|0|[from] move: Ally Switch
|move|p1b: Lance Stephenson|Rock Slide|p2b: Araquanid|[spread] p2a,p2b
|-supereffective|p2b: Araquanid|1
|-activate|p2a: Mimikyu|ability: Disguise
|-damage|p2a: Mimikyu|100/100
|-damage|p2b: Araquanid|45/100
|detailschange|p2a: Mimikyu|Mimikyu-Busted, L50, F
|-damage|p2a: Mimikyu|87/100|[from] pokemon: Mimikyu-Busted
|move|p2b: Araquanid|Liquidation|p1a: Julliam
|-damage|p1a: Julliam|34/100
|-enditem|p1a: Julliam|Sitrus Berry|[eat]
|-heal|p1a: Julliam|58/100|[from] item: Sitrus Berry
|cant|p2a: Mimikyu|flinch
|
|upkeep
|turn|2
|
|t:|1786072994
|move|p2b: Araquanid|Wide Guard|p2b: Araquanid
|-singleturn|p2b: Araquanid|Wide Guard
|move|p1b: Lance Stephenson|Rock Slide|p2b: Araquanid|[spread] 
|-activate|p2a: Mimikyu|move: Wide Guard
|-activate|p2b: Araquanid|move: Wide Guard
|move|p1a: Julliam|Simple Beam|p2b: Araquanid
|-ability|p2b: Araquanid|Simple|Water Bubble|[from] move: Simple Beam
|move|p2a: Mimikyu|Trick Room|p2a: Mimikyu
|-fieldstart|move: Trick Room|[of] p2a: Mimikyu
|
|upkeep
|turn|3
|
|t:|1786073020
|move|p1a: Julliam|Ally Switch|p1a: Julliam
|swap|p1a: Julliam|1|[from] move: Ally Switch
|move|p2b: Araquanid|Liquidation|p1b: Julliam
|-damage|p1b: Julliam|26/100
|move|p2a: Mimikyu|Play Rough|p1a: Lance Stephenson
|-damage|p1a: Lance Stephenson|36/100
|move|p1a: Lance Stephenson|Dual Wingbeat|p2a: Mimikyu
|-damage|p2a: Mimikyu|66/100
|-damage|p2a: Mimikyu|45/100
|-hitcount|p2a: Mimikyu|2
|
|upkeep
|turn|4
|
|t:|1786073044
|move|p1a: Lance Stephenson|Protect|p1a: Lance Stephenson
|-singleturn|p1a: Lance Stephenson|Protect
|move|p2a: Mimikyu|Shadow Sneak|p1b: Julliam
|-immune|p1b: Julliam
|move|p2b: Araquanid|Liquidation|p1a: Lance Stephenson
|-activate|p1a: Lance Stephenson|move: Protect
|move|p1b: Julliam|Life Dew|p1b: Julliam|[spread] p1a,p1b
|-heal|p1a: Lance Stephenson|61/100
|-heal|p1b: Julliam|52/100
|
|upkeep
|turn|5
|
|t:|1786073064
|move|p1b: Julliam|Ally Switch|p1b: Julliam
|swap|p1b: Julliam|0|[from] move: Ally Switch
|move|p2b: Araquanid|Liquidation|p1b: Lance Stephenson
|-supereffective|p1b: Lance Stephenson|1
|-enditem|p1b: Lance Stephenson|Passho Berry|[eat]
|-enditem|p1b: Lance Stephenson|Passho Berry|[weaken]
|-damage|p1b: Lance Stephenson|14/100
|move|p2a: Mimikyu|Play Rough|p1a: Julliam
|-damage|p1a: Julliam|3/100
|move|p1b: Lance Stephenson|Rock Slide|p2b: Araquanid|[spread] p2a,p2b
|-supereffective|p2b: Araquanid|1
|-damage|p2a: Mimikyu|20/100r
|-damage|p2b: Araquanid|0 fnt
|faint|p2b: Araquanid
|
|upkeep
|
|t:|1786073077
|switch|p2b: Torkoal|Torkoal, L50, F|100/100
|-weather|SunnyDay|[from] ability: Drought|[of] p2b: Torkoal
|turn|6
|
|t:|1786073091
|-heal|p1a: Julliam|36/100|[from] ability: Regenerator|[silent]
|switch|p1a: plz save my team|Tyranitar, L50, F|100/100
|-weather|Sandstorm|[from] ability: Sand Stream|[of] p1a: plz save my team
|move|p1b: Lance Stephenson|Protect|p1b: Lance Stephenson
|-singleturn|p1b: Lance Stephenson|Protect
|move|p2a: Mimikyu|Shadow Sneak|p1a: plz save my team
|-resisted|p1a: plz save my team|1
|-damage|p1a: plz save my team|92/100
|move|p2b: Torkoal|Eruption|p1a: plz save my team|[spread] p1a
|-activate|p1b: Lance Stephenson|move: Protect
|-resisted|p1a: plz save my team|1
|-damage|p1a: plz save my team|72/100
|-damage|p2b: Torkoal|90/100|[from] item: Life Orb
|
|-weather|Sandstorm|[upkeep]
|-damage|p2b: Torkoal|84/100|[from] Sandstorm
|-damage|p2a: Mimikyu|13/100|[from] Sandstorm
|-fieldend|move: Trick Room
|upkeep
|turn|7
|
|t:|1786073117
|switch|p1b: Black + Decker|Excadrill, L50, M|100/100
|switch|p2b: Tsareena|Tsareena, L50, F|100/100
|detailschange|p1a: plz save my team|Tyranitar-Mega, L50, F
|-mega|p1a: plz save my team|Tyranitar|Tyranitarite
|move|p2a: Mimikyu|Shadow Sneak|p1b: Black + Decker
|-crit|p1b: Black + Decker
|-damage|p1b: Black + Decker|63/100
|move|p1a: plz save my team|High Horsepower|p2b: Tsareena
|-resisted|p2b: Tsareena|1
|-damage|p2b: Tsareena|80/100
|
|-weather|Sandstorm|[upkeep]
|-damage|p2a: Mimikyu|7/100|[from] Sandstorm
|-damage|p2b: Tsareena|74/100|[from] Sandstorm
|upkeep
|turn|8
|
|t:|1786073161
|move|p1a: plz save my team|Protect|p1a: plz save my team
|-singleturn|p1a: plz save my team|Protect
|move|p2a: Mimikyu|Shadow Sneak|p1a: plz save my team
|-activate|p1a: plz save my team|move: Protect
|move|p1b: Black + Decker|Rock Slide|p2a: Mimikyu|[spread] p2a,p2b
|-damage|p2a: Mimikyu|0 fnt
|-damage|p2b: Tsareena|54/100
|faint|p2a: Mimikyu
|move|p2b: Tsareena|High Jump Kick|p1a: plz save my team
|-activate|p1a: plz save my team|move: Protect
|-damage|p2b: Tsareena|4/100|[from] highjumpkick
|
|-weather|Sandstorm|[upkeep]
|-damage|p2b: Tsareena|0 fnt|[from] Sandstorm
|faint|p2b: Tsareena
|upkeep
|
|t:|1786073187
|switch|p2b: Torkoal|Torkoal, L50, F|84/100
|-weather|SunnyDay|[from] ability: Drought|[of] p2b: Torkoal
|turn|9
|
|t:|1786073200
|move|p1b: Black + Decker|Rock Slide|p2b: Torkoal
|-supereffective|p2b: Torkoal|1
|-damage|p2b: Torkoal|40/100
|move|p1a: plz save my team|High Horsepower|p2b: Torkoal
|-supereffective|p2b: Torkoal|1
|-damage|p2b: Torkoal|0 fnt
|faint|p2b: Torkoal
|
|win|000ogle
||k0nvit is ready for game 3.
|inactive|000ogle has 30 seconds to confirm battle start!
||000ogle is ready for game 3.
|uhtml|next|Next: Game 3 of 3
|l|☆k0nvit
|player|p2|
