|j|☆i miss my miraidon
|j|☆Northgdh
|html|i miss my miraidonNorthgdh    
|uhtml|bestof|Game 1 of a best-of-3
|t:|1784316590
|gametype|doubles
|player|p1|i miss my miraidon|102|1279
|player|p2|Northgdh|101|1311
|gen|9
|tier|[Gen 9 Champions] VGC 2026 Reg M-B (Bo3)
|rated|
|rule|Species Clause: Limit one of each Pokémon
|rule|Item Clause: Limit 1 of each item
|clearpoke
|poke|p1|Dragonite, L50, F|
|poke|p1|Raichu, L50, M|
|poke|p1|Basculegion, L50, M|
|poke|p1|Kingambit, L50, F|
|poke|p1|Garchomp, L50, M|
|poke|p1|Sylveon, L50, M|
|poke|p2|Incineroar, L50, M, shiny|
|poke|p2|Delphox, L50, F, shiny|
|poke|p2|Sinistcha, L50|
|poke|p2|Kingambit, L50, M, shiny|
|poke|p2|Blastoise, L50, M, shiny|
|poke|p2|Sneasler, L50, M|
|teampreview|4
|showteam|p1|Dragonite||Dragoninite|Multiscale|DracoMeteor,HeatWave,Tailwind,Protect|Modest||F|||50|]Raichu||RaichuniteY|Static|ZapCannon,FocusBlast,FakeOut,Protect|Timid||M|||50|]Basculegion||MysticWater|Adaptability|WaveCrash,LastRespects,AquaJet,Protect|Adamant||M|||50|]Kingambit||ChopleBerry|Defiant|KowtowCleave,SuckerPunch,IronHead,LowKick|Adamant||F|||50|]Garchomp||LifeOrb|RoughSkin|DragonClaw,StompingTantrum,RockSlide,Protect|Jolly||M|||50|]Sylveon||FairyFeather|Pixilate|HyperVoice,QuickAttack,Yawn,Detect|Modest||M|||50|
|showteam|p2|Incineroar||SitrusBerry|Intimidate|FlareBlitz,FakeOut,HelpingHand,PartingShot|Impish||M|||50|]Delphox||Delphoxite|Blaze|HeatWave,Psychic,NastyPlot,Protect|Timid||F|||50|]Sinistcha||KasibBerry|Hospitality|MatchaGotcha,RagePowder,LifeDew,Protect|Bold|||||50|]Kingambit||LifeOrb|Defiant|KowtowCleave,SuckerPunch,SwordsDance,Protect|Adamant||M|||50|]Blastoise||Blastoisinite|RainDish|WaterSpout,DarkPulse,ShellSmash,Protect|Modest||M|||50|]Sneasler||FocusSash|PoisonTouch|CloseCombat,PoisonJab,FakeOut,QuickGuard|Jolly||M|||50|
|inactive|Battle timer is ON: inactive players will automatically lose when time's up. (requested by Northgdh)
|inactive|i miss my miraidon has 60 seconds left.
|inactive|Northgdh has 60 seconds left.
|
|t:|1784316633
|teamsize|p1|4
|teamsize|p2|4
|start
|switch|p1a: Kingambit|Kingambit, L50, F|100/100
|switch|p1b: Basculegion|Basculegion, L50, M|100/100
|switch|p2a: purple|Delphox, L50, F, shiny|100/100
|switch|p2b: honeybee|Sneasler, L50, M|100/100
|turn|1
|inactive|Northgdh has 30 seconds left.
|
|t:|1784316662
|switch|p2b: the cure|Sinistcha, L50|100/100
|detailschange|p2a: purple|Delphox-Mega, L50, F, shiny
|-mega|p2a: purple|Delphox|Delphoxite
|move|p2a: purple|Protect|p2a: purple
|-singleturn|p2a: purple|Protect
|move|p1b: Basculegion|Wave Crash|p2a: purple
|-activate|p2a: purple|move: Protect
|move|p1a: Kingambit|Kowtow Cleave|p2b: the cure
|-supereffective|p2b: the cure|1
|-damage|p2b: the cure|22/100
|
|upkeep
|turn|2
|
|t:|1784316670
|move|p2b: the cure|Rage Powder|p2b: the cure
|-singleturn|p2b: the cure|move: Rage Powder
|move|p2a: purple|Heat Wave|p1b: Basculegion|[spread] p1a,p1b
|-supereffective|p1a: Kingambit|1
|-resisted|p1b: Basculegion|1
|-damage|p1a: Kingambit|17/100
|-damage|p1b: Basculegion|76/100
|move|p1b: Basculegion|Wave Crash|p2b: the cure
|-resisted|p2b: the cure|1
|-damage|p2b: the cure|0 fnt
|faint|p2b: the cure
|-damage|p1b: Basculegion|70/100|[from] Recoil
|move|p1a: Kingambit|Kowtow Cleave|p2a: purple
|-supereffective|p2a: purple|1
|-damage|p2a: purple|0 fnt
|faint|p2a: purple
|
|upkeep
|
|t:|1784316678
|switch|p2a: drop dead|Kingambit, L50, M, shiny|100/100
|switch|p2b: honeybee|Sneasler, L50, M|100/100
|turn|3
|
|t:|1784316688
|move|p2b: honeybee|Fake Out|p1a: Kingambit
|-resisted|p1a: Kingambit|1
|-crit|p1a: Kingambit
|-damage|p1a: Kingambit|10/100
|move|p1b: Basculegion|Wave Crash|p2a: drop dead
|-damage|p2a: drop dead|24/100
|-damage|p1b: Basculegion|44/100|[from] Recoil
|move|p2a: drop dead|Kowtow Cleave|p1b: Basculegion
|-supereffective|p1b: Basculegion|1
|-damage|p1b: Basculegion|0 fnt
|faint|p1b: Basculegion
|-damage|p2a: drop dead|15/100|[from] item: Life Orb
|cant|p1a: Kingambit|flinch
|
|upkeep
|c|☆i miss my miraidon|olivia rodrigo nicknames reference!
|
|t:|1784316701
|switch|p1b: Dragonite|Dragonite, L50, F|100/100
|turn|4
|
|t:|1784316707
|detailschange|p1b: Dragonite|Dragonite-Mega, L50, F
|-mega|p1b: Dragonite|Dragonite|Dragoninite
|move|p2a: drop dead|Sucker Punch|p1a: Kingambit
|-resisted|p1a: Kingambit|1
|-damage|p1a: Kingambit|0 fnt
|faint|p1a: Kingambit
|-damage|p2a: drop dead|5/100|[from] item: Life Orb
|move|p2b: honeybee|Poison Jab|p1b: Dragonite
|-damage|p1b: Dragonite|80/100
|move|p1b: Dragonite|Tailwind|p1b: Dragonite
|-sidestart|p1: i miss my miraidon|move: Tailwind
|
|upkeep
|
|t:|1784316712
|switch|p1a: Garchomp|Garchomp, L50, M|100/100
|turn|5
|-message|Northgdh forfeited.
|
|win|i miss my miraidon
||i miss my miraidon is ready for game 2.
