|j|☆stupid (crftu)
|j|☆prosta1
|html|stupid (crftu)prosta1    
|uhtml|bestof|Game 1 of a best-of-3
|t:|1784633055
|gametype|doubles
|player|p1|stupid (crftu)|2|1064
|player|p2|prosta1|170|1127
|gen|9
|tier|[Gen 9 Champions] VGC 2026 Reg M-B (Bo3)
|rated|
|rule|Species Clause: Limit one of each Pokémon
|rule|Item Clause: Limit 1 of each item
|clearpoke
|poke|p1|Kangaskhan, L50, F|
|poke|p1|Dedenne, L50, F|
|poke|p1|Sinistcha, L50|
|poke|p1|Dragapult, L50, F|
|poke|p1|Goodra-Hisui, L50, F|
|poke|p1|Aerodactyl, L50, M|
|poke|p2|Gengar, L50, M|
|poke|p2|Incineroar, L50, M|
|poke|p2|Kommo-o, L50, F|
|poke|p2|Raichu, L50, M|
|poke|p2|Ninetales-Alola, L50, F|
|poke|p2|Volcarona, L50, F|
|teampreview|4
|showteam|p1|Kangaskhan||Kangaskhanite|Scrappy|DoubleEdge,FakeOut,HammerArm,Protect|Adamant||F|||50|]Dedenne||FocusSash|Plus|RainDance,Electroweb,Entrainment,Endeavor|Timid||F|||50|]Sinistcha||SitrusBerry|Hospitality|TrickRoom,MatchaGotcha,RagePowder,ShadowBall|Quiet|||||50|]Dragapult||DragonFang|ClearBody|DragonDarts,LightScreen,DragonCheer,WillOWisp|Jolly||F|||50|]Goodra-Hisui||ScopeLens|SapSipper|DracoMeteor,FlashCannon,Flamethrower,Protect|Modest||F|||50|]Aerodactyl||Aerodactylite|RockHead|RockSlide,IceFang,Tailwind,WideGuard|Adamant||M|||50|
|showteam|p2|Gengar||Gengarite|CursedBody|SludgeBomb,ShadowBall,Substitute,Protect|Modest||M|||50|]Incineroar||PasshoBerry|Intimidate|FlareBlitz,ThroatChop,FakeOut,PartingShot|Adamant||M|||50|]Kommo-o||Leftovers|Soundproof|ClangingScales,AuraSphere,ClangorousSoul,Protect|Modest||F|||50|]Raichu||RaichuniteX|Static|VoltTackle,VoltSwitch,FakeOut,Protect|Jolly||M|||50|]Ninetales-Alola||ChoiceScarf|SnowWarning|Blizzard,FreezeDry,IcyWind,Moonblast|Timid||F|||50|]Volcarona||SitrusBerry|FlameBody|Flamethrower,StruggleBug,RagePowder,Protect|Bold||F|||50|
|inactive|Battle timer is ON: inactive players will automatically lose when time's up. (requested by stupid (crftu))
|
|t:|1784633139
|teamsize|p1|4
|teamsize|p2|4
|start
|switch|p1a: Goodra|Goodra-Hisui, L50, F|100/100
|switch|p1b: Dragapult|Dragapult, L50, F|100/100
|switch|p2a: Kommo-o|Kommo-o, L50, F|100/100
|switch|p2b: Raichu|Raichu, L50, M|100/100
|turn|1
|
|t:|1784633164
|switch|p2b: Incineroar|Incineroar, L50, M|100/100
|-ability|p2b: Incineroar|Intimidate|boost
|-unboost|p1a: Goodra|atk|1
|-fail|p1b: Dragapult|unboost|[from] ability: Clear Body|[of] p1b: Dragapult
|move|p1a: Goodra|Protect|p1a: Goodra
|-singleturn|p1a: Goodra|Protect
|move|p1b: Dragapult|Light Screen|p1b: Dragapult
|-sidestart|p1: stupid (crftu)|move: Light Screen
|move|p2a: Kommo-o|Clangorous Soul|p2a: Kommo-o
|-boost|p2a: Kommo-o|atk|1
|-boost|p2a: Kommo-o|def|1
|-boost|p2a: Kommo-o|spa|1
|-boost|p2a: Kommo-o|spd|1
|-boost|p2a: Kommo-o|spe|1
|-damage|p2a: Kommo-o|67/100
|
|-heal|p2a: Kommo-o|73/100|[from] item: Leftovers
|upkeep
|turn|2
|inactive|prosta1 has 30 seconds left.
|
|t:|1784633194
|move|p1b: Dragapult|Dragon Cheer|p1a: Goodra
|-start|p1a: Goodra|move: Dragon Cheer
|move|p2a: Kommo-o|Aura Sphere|p1a: Goodra
|-supereffective|p1a: Goodra|1
|-damage|p1a: Goodra|58/100
|move|p2b: Incineroar|Flare Blitz|p1a: Goodra
|-damage|p1a: Goodra|5/100
|-damage|p2b: Incineroar|83/100|[from] Recoil
|move|p1a: Goodra|Draco Meteor|p2a: Kommo-o
|-supereffective|p2a: Kommo-o|1
|-crit|p2a: Kommo-o
|-damage|p2a: Kommo-o|0 fnt
|-unboost|p1a: Goodra|spa|2
|faint|p2a: Kommo-o
|
|upkeep
|
|t:|1784633210
|switch|p2a: Raichu|Raichu, L50, M|100/100
|turn|3
|
|t:|1784633228
|switch|p1b: Sinistcha|Sinistcha, L50|100/100
|-heal|p1a: Goodra|30/100|[from] ability: Hospitality|[of] p1b: Sinistcha
|detailschange|p2a: Raichu|Raichu-Mega-X, L50, M
|-mega|p2a: Raichu|Raichu|Raichunite X
|-fieldstart|move: Electric Terrain|[from] ability: Electric Surge|[of] p2a: Raichu
|move|p1a: Goodra|Protect|p1a: Goodra
|-singleturn|p1a: Goodra|Protect
|move|p2a: Raichu|Volt Switch|p1b: Sinistcha
|-resisted|p1b: Sinistcha|1
|-crit|p1b: Sinistcha
|-damage|p1b: Sinistcha|76/100
|
|t:|1784633239
|switch|p2a: Ninetales|Ninetales-Alola, L50, F|100/100|[from] Volt Switch
|-weather|Snowscape|[from] ability: Snow Warning|[of] p2a: Ninetales
|move|p2b: Incineroar|Throat Chop|p1b: Sinistcha
|-supereffective|p1b: Sinistcha|1
|-damage|p1b: Sinistcha|5/100
|-start|p1b: Sinistcha|Throat Chop|[silent]
|-enditem|p1b: Sinistcha|Sitrus Berry|[eat]
|-heal|p1b: Sinistcha|30/100|[from] item: Sitrus Berry
|
|-weather|Snowscape|[upkeep]
|upkeep
|turn|4
|
|t:|1784633256
|switch|p1b: Dragapult|Dragapult, L50, F|100/100
|move|p2a: Ninetales|Blizzard|p1a: Goodra|[spread] p1a,p1b
|-supereffective|p1b: Dragapult|1
|-damage|p1a: Goodra|16/100
|-damage|p1b: Dragapult|52/100
|move|p2b: Incineroar|Flare Blitz|p1a: Goodra
|-damage|p1a: Goodra|0 fnt
|faint|p1a: Goodra
|-damage|p2b: Incineroar|78/100|[from] Recoil
|
|-weather|Snowscape|[upkeep]
|upkeep
|
|t:|1784633266
|switch|p1a: Kangaskhan|Kangaskhan, L50, F|100/100
|turn|5
|
|t:|1784633282
|switch|p2a: Raichu|Raichu-Mega-X, L50, M|100/100
|detailschange|p1a: Kangaskhan|Kangaskhan-Mega, L50, F
|-mega|p1a: Kangaskhan|Kangaskhan|Kangaskhanite
|move|p1b: Dragapult|Dragon Darts|p2b: Incineroar
|-damage|p2b: Incineroar|56/100
|-anim|p1b: Dragapult|Dragon Darts|p2a: Raichu
|-crit|p2a: Raichu
|-damage|p2a: Raichu|52/100
|move|p1a: Kangaskhan|Double-Edge|p2a: Raichu
|-damage|p2a: Raichu|0 fnt
|faint|p2a: Raichu
|-damage|p1a: Kangaskhan|89/100|[from] Recoil
|move|p2b: Incineroar|Parting Shot|p1a: Kangaskhan
|-unboost|p1a: Kangaskhan|atk|1
|-unboost|p1a: Kangaskhan|spa|1
|
|t:|1784633297
|switch|p2b: Ninetales|Ninetales-Alola, L50, F|100/100|[from] Parting Shot
|
|-weather|Snowscape|[upkeep]
|-sideend|p1: stupid (crftu)|move: Light Screen
|upkeep
|
|t:|1784633301
|switch|p2a: Incineroar|Incineroar, L50, M|56/100
|-ability|p2a: Incineroar|Intimidate|boost
|-unboost|p1a: Kangaskhan|atk|1
|-fail|p1b: Dragapult|unboost|[from] ability: Clear Body|[of] p1b: Dragapult
|turn|6
|
|t:|1784633309
|switch|p1a: Sinistcha|Sinistcha, L50|30/100
|-heal|p1b: Dragapult|76/100|[from] ability: Hospitality|[of] p1a: Sinistcha
|move|p2a: Incineroar|Fake Out|p1a: Sinistcha
|-immune|p1a: Sinistcha
|move|p2b: Ninetales|Blizzard|p1b: Dragapult|[spread] p1a,p1b
|-supereffective|p1a: Sinistcha|1
|-supereffective|p1b: Dragapult|1
|-damage|p1a: Sinistcha|0 fnt
|-damage|p1b: Dragapult|9/100
|faint|p1a: Sinistcha
|move|p1b: Dragapult|Dragon Darts|p2a: Incineroar
|-damage|p2a: Incineroar|33/100
|-anim|p1b: Dragapult|Dragon Darts|p2a: Incineroar
|-damage|p2a: Incineroar|9/100
|
|-weather|Snowscape|[upkeep]
|upkeep
|
|t:|1784633318
|switch|p1a: Kangaskhan|Kangaskhan-Mega, L50, F|89/100
|turn|7
|
|t:|1784633335
|move|p1a: Kangaskhan|Fake Out|p2b: Ninetales
|-damage|p2b: Ninetales|78/100
|-damage|p2b: Ninetales|73/100
|-hitcount|p2b: Ninetales|2
|cant|p2b: Ninetales|flinch
|move|p1b: Dragapult|Dragon Darts|p2a: Incineroar
|-crit|p2a: Incineroar
|-damage|p2a: Incineroar|0 fnt
|faint|p2a: Incineroar
|
|-weather|none
|-fieldend|move: Electric Terrain
|upkeep
|turn|8
|
|t:|1784633349
|move|p2b: Ninetales|Blizzard|p1b: Dragapult|[spread] p1a,p1b
|-supereffective|p1b: Dragapult|1
|-damage|p1a: Kangaskhan|62/100
|-damage|p1b: Dragapult|0 fnt
|faint|p1b: Dragapult
|move|p1a: Kangaskhan|Double-Edge|p2b: Ninetales
|-damage|p2b: Ninetales|0 fnt
|faint|p2b: Ninetales
|-damage|p1a: Kangaskhan|45/100|[from] Recoil
|
|win|stupid (crftu)
||prosta1 is ready for game 2.
||stupid (crftu) is ready for game 2.
|uhtml|next|Next: Game 2 of 3
