|j|☆Ethan's Bleakmiss
|j|☆LazyTurtle69
|html|Ethan's BleakmissLazyTurtle69    
|uhtml|bestof|Game 1 of a best-of-3
|t:|1784731178
|gametype|doubles
|player|p1|Ethan's Bleakmiss|unknown|1085
|player|p2|LazyTurtle69|buck|1108
|gen|9
|tier|[Gen 9 Champions] VGC 2026 Reg M-B (Bo3)
|rated|
|rule|Species Clause: Limit one of each Pokémon
|rule|Item Clause: Limit 1 of each item
|clearpoke
|poke|p1|Blaziken, L50, F|
|poke|p1|Ninetales-Alola, L50, F|
|poke|p1|Kingambit, L50, F|
|poke|p1|Lycanroc-Dusk, L50, M, shiny|
|poke|p1|Venusaur, L50, F, shiny|
|poke|p1|Clefable, L50, M, shiny|
|poke|p2|Slowking, L50, F|
|poke|p2|Drampa, L50, F|
|poke|p2|Mudsdale, L50, M|
|poke|p2|Farigiraf, L50, M|
|poke|p2|Tinkaton, L50, F|
|poke|p2|Crabominable, L50, M|
|teampreview|4
|showteam|p1|Blaziken||Blazikenite|SpeedBoost|CloseCombat,FlareBlitz,StoneEdge,Detect|Adamant||F|||50|]Ninetales-Alola||NeverMeltIce|SnowWarning|Blizzard,FreezeDry,Encore,Protect|Timid||F|||50|]Kingambit||LifeOrb|Defiant|SuckerPunch,KowtowCleave,IronHead,Protect|Adamant||F|||50|]Lycanroc-Dusk||FocusSash|ToughClaws|Accelerock,SwordsDance,Protect,RockSlide|Jolly||M|||50|]Venusaur||Venusaurite|Chlorophyll|SleepPowder,EnergyBall,SludgeBomb,Protect|Modest||F|||50|]Clefable||SitrusBerry|MagicGuard|Protect,FollowMe,HelpingHand,Moonblast|Bold||M|||50|
|showteam|p2|Slowking||FocusSash|Oblivious|Swagger,TrickRoom,HealPulse,Psychic|Sassy||F|||50|]Drampa||Drampanite|Berserk|HyperVoice,DragonPulse,Protect,EarthPower|Modest||F|||50|]Mudsdale||PasshoBerry|OwnTempo|RockSlide,Protect,HighHorsepower,BodySlam|Sassy||M|||50|]Farigiraf||ColburBerry|ArmorTail|HelpingHand,TrickRoom,DazzlingGleam,AllySwitch|Sassy||M|||50|]Tinkaton||ShucaBerry|OwnTempo|FakeOut,GigatonHammer,PlayRough,BrickBreak|Relaxed||F|||50|]Crabominable||Crabominite|HyperCutter|ThunderPunch,DrainPunch,IceHammer,Protect|Adamant||M|||50|
|inactive|Battle timer is ON: inactive players will automatically lose when time's up. (requested by LazyTurtle69)
|inactive|Ethan's Bleakmiss also wants the timer to be on.
|inactive|Ethan's Bleakmiss has 60 seconds left.
|inactive|LazyTurtle69 has 60 seconds left.
|
|t:|1784731236
|teamsize|p1|4
|teamsize|p2|4
|start
|switch|p1a: Kingambit|Kingambit, L50, F|100/100
|switch|p1b: Venusaur|Venusaur, L50, F, shiny|100/100
|switch|p2a: Slowking|Slowking, L50, F|100/100
|switch|p2b: Tinkaton|Tinkaton, L50, F|100/100
|turn|1
|
|t:|1784731257
|detailschange|p1b: Venusaur|Venusaur-Mega, L50, F, shiny
|-mega|p1b: Venusaur|Venusaur|Venusaurite
|move|p2b: Tinkaton|Fake Out|p1a: Kingambit
|-resisted|p1a: Kingambit|1
|-damage|p1a: Kingambit|96/100
|move|p1b: Venusaur|Sleep Powder|p2a: Slowking
|-status|p2a: Slowking|slp|[from] move: Sleep Powder
|cant|p1a: Kingambit|flinch
|cant|p2a: Slowking|slp
|
|upkeep
|turn|2
|
|t:|1784731278
|move|p1b: Venusaur|Energy Ball|p2a: Slowking
|-supereffective|p2a: Slowking|1
|-damage|p2a: Slowking|36/100 slp
|move|p2b: Tinkaton|Brick Break|p1a: Kingambit
|-supereffective|p1a: Kingambit|2
|-damage|p1a: Kingambit|38/100
|move|p1a: Kingambit|Iron Head|p2b: Tinkaton
|-damage|p2b: Tinkaton|36/100
|-damage|p1a: Kingambit|28/100|[from] item: Life Orb
|-curestatus|p2a: Slowking|slp|[msg]
|move|p2a: Slowking|Trick Room|p2a: Slowking
|-fieldstart|move: Trick Room|[of] p2a: Slowking
|
|upkeep
|turn|3
|
|t:|1784731301
|switch|p1a: Clefable|Clefable, L50, M, shiny|100/100
|move|p2a: Slowking|Heal Pulse|p2b: Tinkaton
|-heal|p2b: Tinkaton|86/100
|move|p2b: Tinkaton|Brick Break|p1a: Clefable
|-resisted|p1a: Clefable|1
|-damage|p1a: Clefable|92/100
|move|p1b: Venusaur|Sleep Powder|p2b: Tinkaton
|-status|p2b: Tinkaton|slp|[from] move: Sleep Powder
|
|upkeep
|turn|4
|inactive|Ethan's Bleakmiss has 30 seconds left.
|inactive|Ethan's Bleakmiss has 20 seconds left.
|
|t:|1784731340
|move|p1a: Clefable|Protect|p1a: Clefable
|-singleturn|p1a: Clefable|Protect
|move|p2a: Slowking|Psychic|p1b: Venusaur
|-supereffective|p1b: Venusaur|1
|-damage|p1b: Venusaur|39/100
|cant|p2b: Tinkaton|slp
|move|p1b: Venusaur|Energy Ball|p2a: Slowking
|-supereffective|p2a: Slowking|1
|-damage|p2a: Slowking|0 fnt
|faint|p2a: Slowking
|
|upkeep
|
|t:|1784731355
|switch|p2a: Crabominable|Crabominable, L50, M|100/100
|turn|5
|
|t:|1784731363
|detailschange|p2a: Crabominable|Crabominable-Mega, L50, M
|-mega|p2a: Crabominable|Crabominable|Crabominite
|move|p1b: Venusaur|Protect|p1b: Venusaur
|-singleturn|p1b: Venusaur|Protect
|move|p2a: Crabominable|Ice Hammer|p1b: Venusaur
|-activate|p1b: Venusaur|move: Protect
|move|p1a: Clefable|Moonblast|p2a: Crabominable
|-supereffective|p2a: Crabominable|1
|-damage|p2a: Crabominable|50/100y
|-curestatus|p2b: Tinkaton|slp|[msg]
|move|p2b: Tinkaton|Gigaton Hammer|p1a: Clefable
|-supereffective|p1a: Clefable|1
|-damage|p1a: Clefable|0 fnt
|faint|p1a: Clefable
|
|upkeep
|
|t:|1784731382
|switch|p1a: Ninetales|Ninetales-Alola, L50, F|100/100
|-weather|Snowscape|[from] ability: Snow Warning|[of] p1a: Ninetales
|turn|6
|
|t:|1784731404
|switch|p1b: Kingambit|Kingambit, L50, F|28/100
|move|p2a: Crabominable|Drain Punch|p1a: Ninetales
|-damage|p1a: Ninetales|44/100
|-heal|p2a: Crabominable|71/100|[from] drain|[of] p1a: Ninetales
|move|p2b: Tinkaton|Play Rough|p1b: Kingambit
|-damage|p1b: Kingambit|5/100
|move|p1a: Ninetales|Blizzard|p2b: Tinkaton|[spread] p2a,p2b
|-resisted|p2a: Crabominable|1
|-resisted|p2b: Tinkaton|1
|-damage|p2a: Crabominable|56/100
|-damage|p2b: Tinkaton|68/100
|
|-weather|Snowscape|[upkeep]
|-fieldend|move: Trick Room
|upkeep
|turn|7
|inactive|Ethan's Bleakmiss has 30 seconds left.
|
|t:|1784731436
|move|p1b: Kingambit|Protect|p1b: Kingambit
|-singleturn|p1b: Kingambit|Protect
|move|p2a: Crabominable|Protect|p2a: Crabominable
|-singleturn|p2a: Crabominable|Protect
|move|p1a: Ninetales|Blizzard|p2a: Crabominable|[spread] p2b
|-activate|p2a: Crabominable|move: Protect
|-resisted|p2b: Tinkaton|1
|-damage|p2b: Tinkaton|48/100
|move|p2b: Tinkaton|Gigaton Hammer|p1a: Ninetales
|-supereffective|p1a: Ninetales|2
|-damage|p1a: Ninetales|0 fnt
|faint|p1a: Ninetales
|
|-weather|Snowscape|[upkeep]
|upkeep
|
|t:|1784731448
|switch|p1a: Venusaur|Venusaur-Mega, L50, F, shiny|39/100
|turn|8
|
|t:|1784731467
|move|p1a: Venusaur|Sleep Powder|p2b: Tinkaton
|-status|p2b: Tinkaton|slp|[from] move: Sleep Powder
|cant|p2b: Tinkaton|slp
|move|p1b: Kingambit|Iron Head|p2a: Crabominable
|-supereffective|p2a: Crabominable|1
|-damage|p2a: Crabominable|0 fnt
|faint|p2a: Crabominable
|-damage|p1b: Kingambit|0 fnt|[from] item: Life Orb
|faint|p1b: Kingambit
|
|-weather|Snowscape|[upkeep]
|upkeep
|
|t:|1784731480
|switch|p2a: Farigiraf|Farigiraf, L50, M|100/100
|turn|9
|
|t:|1784731488
|move|p2a: Farigiraf|Ally Switch|p2a: Farigiraf
|swap|p2a: Farigiraf|1|[from] move: Ally Switch
|move|p1a: Venusaur|Energy Ball|p2a: Tinkaton
|-resisted|p2a: Tinkaton|1
|-damage|p2a: Tinkaton|20/100r slp
|-curestatus|p2a: Tinkaton|slp|[msg]
|move|p2a: Tinkaton|Play Rough|p1a: Venusaur
|-resisted|p1a: Venusaur|1
|-damage|p1a: Venusaur|26/100
|
|-weather|Snowscape|[upkeep]
|upkeep
|turn|10
|
|t:|1784731505
|move|p1a: Venusaur|Energy Ball|p2a: Tinkaton
|-resisted|p2a: Tinkaton|1
|-damage|p2a: Tinkaton|0 fnt
|faint|p2a: Tinkaton
|move|p2b: Farigiraf|Dazzling Gleam|p1a: Venusaur
|-resisted|p1a: Venusaur|1
|-damage|p1a: Venusaur|17/100
|
|-weather|none
|upkeep
|turn|11
|
|t:|1784731516
|move|p1a: Venusaur|Sleep Powder|p2b: Farigiraf
|-status|p2b: Farigiraf|slp|[from] move: Sleep Powder
|cant|p2b: Farigiraf|slp
|
|upkeep
|turn|12
|
|t:|1784731521
|move|p1a: Venusaur|Energy Ball|p2b: Farigiraf
|-damage|p2b: Farigiraf|62/100 slp
|cant|p2b: Farigiraf|slp
|
|upkeep
|turn|13
|
|t:|1784731528
|move|p1a: Venusaur|Energy Ball|p2b: Farigiraf
|-damage|p2b: Farigiraf|24/100 slp
|-curestatus|p2b: Farigiraf|slp|[msg]
|move|p2b: Farigiraf|Dazzling Gleam|p1a: Venusaur
|-resisted|p1a: Venusaur|1
|-damage|p1a: Venusaur|9/100
|
|upkeep
|turn|14
|
|t:|1784731537
|move|p1a: Venusaur|Energy Ball|p2b: Farigiraf
|-damage|p2b: Farigiraf|0 fnt
|faint|p2b: Farigiraf
|
|win|Ethan's Bleakmiss
