|j|☆Rat Rizzo
|j|☆Acris
|html|Rat RizzoAcris    
|uhtml|bestof|Game 1 of a best-of-3
|t:|1756620627
|gametype|doubles
|player|p1|Rat Rizzo|266|1215
|player|p2|Acris|169|1142
|gen|9
|tier|[Gen 9] VGC 2025 Reg H (Bo3)
|rated|
|rule|Species Clause: Limit one of each Pokémon
|rule|Item Clause: Limit 1 of each item
|clearpoke
|poke|p1|Dragonite, L50, M|
|poke|p1|Gholdengo, L50|
|poke|p1|Incineroar, L50, M|
|poke|p1|Amoonguss, L50, F|
|poke|p1|Sneasler, L50, F|
|poke|p1|Ursaluna-Bloodmoon, L50, M|
|poke|p2|Maushold, L50|
|poke|p2|Annihilape, L50, F|
|poke|p2|Grimmsnarl, L50, M|
|poke|p2|Gholdengo, L50|
|poke|p2|Dragonite, L50, M|
|poke|p2|Garchomp, L50, F|
|teampreview|4
|showteam|p1|Dragonite||LoadedDice|Multiscale|Protect,Haze,ScaleShot,IceSpinner|||M|||50|,,,,,Fairy]Gholdengo||Leftovers|GoodasGold|Protect,NastyPlot,ShadowBall,MakeItRain||||||50|,,,,,Dragon]Incineroar||SafetyGoggles|Intimidate|FakeOut,FlareBlitz,KnockOff,PartingShot|||M|||50|,,,,,Ghost]Amoonguss||RockyHelmet|Regenerator|PollenPuff,Protect,Spore,RagePowder|||F|||50|,,,,,Water]Sneasler||FocusSash|PoisonTouch|Protect,DireClaw,ThroatChop,CloseCombat|||F|||50|,,,,,Ghost]Ursaluna-Bloodmoon||LifeOrb|MindsEye|BloodMoon,EarthPower,HyperVoice,Protect|||M|||50|,,,,,Normal
|showteam|p2|Maushold||WideLens|FriendGuard|PopulationBomb,BeatUp,Protect,FollowMe||||||50|,,,,,Ghost]Annihilape||SafetyGoggles|Defiant|RageFist,DrainPunch,Protect,BulkUp|||F|||50|,,,,,Fire]Grimmsnarl||LightClay|Prankster|ThunderWave,LightScreen,SpiritBreak,Reflect|||M|||50|,,,,,Ghost]Gholdengo||Leftovers|GoodasGold|MakeItRain,ShadowBall,Protect,NastyPlot||||||50|,,,,,Water]Dragonite||LoadedDice|Multiscale|ScaleShot,Tailwind,Protect,Haze|||M|||50|,,,,,Fairy]Garchomp||LifeOrb|RoughSkin|StompingTantrum,Earthquake,Protect,DragonClaw|||F|||50|,,,,,Ground
|inactive|Battle timer is ON: inactive players will automatically lose when time's up. (requested by Rat Rizzo)
|inactive|Acris has 60 seconds left.
|
|t:|1756620673
|teamsize|p1|4
|teamsize|p2|4
|start
|switch|p1a: Amoonguss|Amoonguss, L50, F|100/100
|switch|p1b: Gholdengo|Gholdengo, L50|100/100
|switch|p2a: Annihilape|Annihilape, L50, F|100/100
|switch|p2b: Grimmsnarl|Grimmsnarl, L50, M|100/100
|turn|1
|
|t:|1756620697
|switch|p2b: Gholdengo|Gholdengo, L50|100/100
|-terastallize|p2a: Annihilape|Fire
|-terastallize|p1b: Gholdengo|Dragon
|move|p2a: Annihilape|Bulk Up|p2a: Annihilape
|-boost|p2a: Annihilape|atk|1
|-boost|p2a: Annihilape|def|1
|move|p1b: Gholdengo|Nasty Plot|p1b: Gholdengo
|-boost|p1b: Gholdengo|spa|2
|move|p1a: Amoonguss|Spore|p2b: Gholdengo
|-immune|p2b: Gholdengo|[from] ability: Good as Gold
|
|upkeep
|turn|2
|
|t:|1756620718
|move|p2a: Annihilape|Protect|p2a: Annihilape
|-singleturn|p2a: Annihilape|Protect
|move|p1a: Amoonguss|Rage Powder|p1a: Amoonguss
|-singleturn|p1a: Amoonguss|move: Rage Powder
|move|p2b: Gholdengo|Make It Rain|p1b: Gholdengo|[spread] p1a,p1b
|-damage|p1a: Amoonguss|64/100
|-damage|p1b: Gholdengo|57/100
|-unboost|p2b: Gholdengo|spa|1
|move|p1b: Gholdengo|Shadow Ball|p2b: Gholdengo
|-supereffective|p2b: Gholdengo
|-damage|p2b: Gholdengo|0 fnt
|faint|p2b: Gholdengo
|
|-heal|p1b: Gholdengo|63/100|[from] item: Leftovers
|upkeep
|
|t:|1756620732
|switch|p2b: Grimmsnarl|Grimmsnarl, L50, M|100/100
|turn|3
|
|t:|1756620752
|move|p1a: Amoonguss|Rage Powder|p1a: Amoonguss
|-singleturn|p1a: Amoonguss|move: Rage Powder
|move|p2b: Grimmsnarl|Light Screen|p2b: Grimmsnarl
|-sidestart|p2: Acris|move: Light Screen
|move|p2a: Annihilape|Drain Punch|p1b: Gholdengo
|-damage|p1b: Gholdengo|21/100
|move|p1b: Gholdengo|Make It Rain|p2b: Grimmsnarl|[spread] p2a,p2b
|-resisted|p2a: Annihilape
|-supereffective|p2b: Grimmsnarl
|-damage|p2a: Annihilape|73/100
|-damage|p2b: Grimmsnarl|0 fnt
|-unboost|p1b: Gholdengo|spa|1
|faint|p2b: Grimmsnarl
|
|-heal|p1b: Gholdengo|27/100|[from] item: Leftovers
|upkeep
|
|t:|1756620760
|switch|p2b: Maushold|Maushold, L50|100/100
|turn|4
|inactive|Rat Rizzo has 30 seconds left.
|
|t:|1756620788
|move|p2b: Maushold|Protect|p2b: Maushold
|-singleturn|p2b: Maushold|Protect
|move|p1a: Amoonguss|Rage Powder|p1a: Amoonguss
|-singleturn|p1a: Amoonguss|move: Rage Powder
|move|p2a: Annihilape|Drain Punch|p1b: Gholdengo
|-crit|p1b: Gholdengo
|-damage|p1b: Gholdengo|0 fnt
|-heal|p2a: Annihilape|85/100|[from] drain|[of] p1b: Gholdengo
|faint|p1b: Gholdengo
|
|upkeep
|c|☆Rat Rizzo|so safety goggles ignore rage powder?
|inactive|Rat Rizzo has 30 seconds left.
|c|☆Acris|yessir
|
|t:|1756620821
|switch|p1b: Sneasler|Sneasler, L50, F|100/100
|turn|5
|c|☆Rat Rizzo|true didnt know that
|inactive|Acris has 30 seconds left.
|
|t:|1756620850
|move|p2b: Maushold|Protect|p2b: Maushold
|-singleturn|p2b: Maushold|Protect
|move|p1a: Amoonguss|Rage Powder|p1a: Amoonguss
|-singleturn|p1a: Amoonguss|move: Rage Powder
|move|p1b: Sneasler|Close Combat|p2b: Maushold
|-activate|p2b: Maushold|move: Protect
|move|p2a: Annihilape|Drain Punch|p1b: Sneasler
|-resisted|p1b: Sneasler
|-damage|p1b: Sneasler|61/100
|-heal|p2a: Annihilape|99/100|[from] drain|[of] p1b: Sneasler
|
|upkeep
|turn|6
|inactive|Acris has 30 seconds left.
|
|t:|1756620877
|move|p2b: Maushold|Protect||[still]
|-fail|p2b: Maushold
|move|p1b: Sneasler|Protect|p1b: Sneasler
|-singleturn|p1b: Sneasler|Protect
|move|p2a: Annihilape|Rage Fist|p1b: Sneasler
|-activate|p1b: Sneasler|move: Protect
|move|p1a: Amoonguss|Spore|p2b: Maushold
|-status|p2b: Maushold|slp|[from] move: Spore
|
|upkeep
|turn|7
|
|t:|1756620893
|cant|p2b: Maushold|slp
|move|p1b: Sneasler|Dire Claw|p2a: Annihilape
|-damage|p2a: Annihilape|77/100
|-status|p2a: Annihilape|par
|move|p2a: Annihilape|Rage Fist|p1b: Sneasler
|-damage|p1b: Sneasler|0 fnt
|faint|p1b: Sneasler
|move|p1a: Amoonguss|Pollen Puff|p1: Sneasler|[notarget]
|-fail|p1a: Amoonguss
|
|upkeep
|
|t:|1756620896
|switch|p1b: Dragonite|Dragonite, L50, M|100/100
|turn|8
|
|t:|1756620911
|cant|p2b: Maushold|slp
|move|p1b: Dragonite|Scale Shot|p2a: Annihilape
|-damage|p2a: Annihilape|71/100 par
|-damage|p2a: Annihilape|64/100 par
|-damage|p2a: Annihilape|58/100 par
|-damage|p2a: Annihilape|51/100 par
|-damage|p2a: Annihilape|45/100 par
|-hitcount|p2a: Annihilape|5
|-unboost|p1b: Dragonite|def|1
|-boost|p1b: Dragonite|spe|1
|move|p2a: Annihilape|Rage Fist|p1b: Dragonite
|-damage|p1b: Dragonite|0 fnt
|faint|p1b: Dragonite
|move|p1a: Amoonguss|Pollen Puff|p2a: Annihilape
|-resisted|p2a: Annihilape
|-damage|p2a: Annihilape|41/100 par
|
|upkeep
|turn|9
|c|☆Rat Rizzo|gg
|-message|Rat Rizzo forfeited.
|
|win|Acris
|c|☆Acris|gg
||Acris is ready for game 2.
