|j|☆SANDSTORM3186
|j|☆freudianbreath
|html|SANDSTORM3186freudianbreath    
|uhtml|bestof|Game 2 of a best-of-3
|t:|1782420786
|gametype|doubles
|player|p1|SANDSTORM3186|hilbert-wonderlauncher|1109
|player|p2|freudianbreath|265|1177
|gen|9
|tier|[Gen 9 Champions] VGC 2026 Reg M-B (Bo3)
|rated|
|rule|Species Clause: Limit one of each Pokémon
|rule|Item Clause: Limit 1 of each item
|clearpoke
|poke|p1|Blastoise, L50, M|
|poke|p1|Gengar, L50, F|
|poke|p1|Raichu, L50, M|
|poke|p1|Incineroar, L50, F|
|poke|p1|Politoed, L50, F|
|poke|p1|Sinistcha, L50|
|poke|p2|Staraptor, L50, M|
|poke|p2|Meganium, L50, F|
|poke|p2|Rotom-Heat, L50|
|poke|p2|Gholdengo, L50|
|poke|p2|Clefable, L50, M|
|poke|p2|Tyranitar, L50, M|
|teampreview|4
|showteam|p1|Blastoise||Blastoisinite|RainDish|WaterSpout,DarkPulse,Protect,ShellSmash|Modest||M|||50|]Gengar||Gengarite|CursedBody|ShadowBall,Disable,Protect,PerishSong|Timid||F|||50|]Raichu||FocusSash|LightningRod|Protect,FakeOut,Thunder,VoltSwitch|Timid||M|||50|]Incineroar||ShucaBerry|Intimidate|PartingShot,Protect,ThroatChop,FakeOut|Impish||F|||50|]Politoed||SitrusBerry|Drizzle|MuddyWater,Protect,HelpingHand,PerishSong|Relaxed||F|||50|]Sinistcha||Leftovers|Hospitality|MatchaGotcha,Protect,LifeDew,RagePowder|Bold|||||50|
|showteam|p2|Staraptor||ChoiceScarf|Intimidate|Uturn,CloseCombat,BraveBird,Tailwind|Jolly||M|||50|]Meganium||Meganiumite|Overgrow|Protect,SolarBeam,DazzlingGleam,WeatherBall|Timid||F|||50|]Rotom-Heat||SitrusBerry|Levitate|WillOWisp,VoltSwitch,LightScreen,Overheat|Timid|||||50|]Gholdengo||LifeOrb|GoodasGold|MakeItRain,NastyPlot,Protect,ShadowBall|Timid|||||50|]Clefable||Leftovers|Unaware|HelpingHand,FollowMe,Moonblast,FakeTears|Calm||M|||50|]Tyranitar||Tyranitarite|SandStream|RockSlide,KnockOff,LowKick,DragonDance|Adamant||M|||50|
|
|t:|1782420860
|teamsize|p1|4
|teamsize|p2|4
|start
|switch|p1a: Blastoise|Blastoise, L50, M|100/100
|switch|p1b: Incineroar|Incineroar, L50, F|100/100
|switch|p2a: Meganium|Meganium, L50, F|100/100
|switch|p2b: Staraptor|Staraptor, L50, M|100/100
|-ability|p2b: Staraptor|Intimidate|boost
|-unboost|p1a: Blastoise|atk|1
|-unboost|p1b: Incineroar|atk|1
|-ability|p1b: Incineroar|Intimidate|boost
|-unboost|p2a: Meganium|atk|1
|-unboost|p2b: Staraptor|atk|1
|turn|1
|
|t:|1782420902
|detailschange|p2a: Meganium|Meganium-Mega, L50, F
|-mega|p2a: Meganium|Meganium|Meganiumite
|detailschange|p1a: Blastoise|Blastoise-Mega, L50, M
|-mega|p1a: Blastoise|Blastoise|Blastoisinite
|move|p1b: Incineroar|Fake Out|p2a: Meganium
|-damage|p2a: Meganium|92/100
|move|p2b: Staraptor|Tailwind|p2b: Staraptor
|-sidestart|p2: freudianbreath|move: Tailwind
|cant|p2a: Meganium|flinch
|move|p1a: Blastoise|Shell Smash|p1a: Blastoise
|-unboost|p1a: Blastoise|def|1
|-unboost|p1a: Blastoise|spd|1
|-boost|p1a: Blastoise|atk|2
|-boost|p1a: Blastoise|spa|2
|-boost|p1a: Blastoise|spe|2
|
|upkeep
|turn|2
|
|t:|1782420960
|switch|p2b: Rotom|Rotom-Heat, L50|100/100
|move|p1a: Blastoise|Protect|p1a: Blastoise
|-singleturn|p1a: Blastoise|Protect
|move|p2a: Meganium|Solar Beam||[still]
|-prepare|p2a: Meganium|Solar Beam
|-activate|p2a: Meganium|ability: Mega Sol
|-anim|p2a: Meganium|Solar Beam|p1a: Blastoise
|-activate|p1a: Blastoise|move: Protect
|move|p1b: Incineroar|Parting Shot|p2a: Meganium
|-unboost|p2a: Meganium|atk|1
|-unboost|p2a: Meganium|spa|1
|
|t:|1782420972
|switch|p1b: Sinistcha|Sinistcha, L50|100/100|[from] Parting Shot
|
|upkeep
|turn|3
|
|t:|1782421010
|move|p1b: Sinistcha|Rage Powder|p1b: Sinistcha
|-singleturn|p1b: Sinistcha|move: Rage Powder
|move|p2b: Rotom|Light Screen|p2b: Rotom
|-sidestart|p2: freudianbreath|move: Light Screen
|move|p2a: Meganium|Solar Beam||[still]
|-prepare|p2a: Meganium|Solar Beam
|-activate|p2a: Meganium|ability: Mega Sol
|-anim|p2a: Meganium|Solar Beam|p1a: Blastoise
|-supereffective|p1a: Blastoise|1
|-damage|p1a: Blastoise|0 fnt
|faint|p1a: Blastoise
|
|upkeep
|
|t:|1782421041
|switch|p1a: Politoed|Politoed, L50, F|100/100
|-weather|RainDance|[from] ability: Drizzle|[of] p1a: Politoed
|turn|4
|
|t:|1782421101
|move|p1b: Sinistcha|Rage Powder|p1b: Sinistcha
|-singleturn|p1b: Sinistcha|move: Rage Powder
|move|p2b: Rotom|Volt Switch|p1b: Sinistcha
|-resisted|p1b: Sinistcha|1
|-damage|p1b: Sinistcha|81/100
|
|t:|1782421116
|switch|p2b: Tyranitar|Tyranitar, L50, M|100/100|[from] Volt Switch
|-weather|Sandstorm|[from] ability: Sand Stream|[of] p2b: Tyranitar
|move|p2a: Meganium|Solar Beam||[still]
|-prepare|p2a: Meganium|Solar Beam
|-activate|p2a: Meganium|ability: Mega Sol
|-anim|p2a: Meganium|Solar Beam|p1a: Politoed
|-supereffective|p1a: Politoed|1
|-damage|p1a: Politoed|14/100
|-enditem|p1a: Politoed|Sitrus Berry|[eat]
|-heal|p1a: Politoed|39/100|[from] item: Sitrus Berry
|move|p1a: Politoed|Muddy Water|p2a: Meganium|[spread] p2a
|-miss|p1a: Politoed|p2b: Tyranitar
|-resisted|p2a: Meganium|1
|-damage|p2a: Meganium|85/100
|
|-weather|Sandstorm|[upkeep]
|-damage|p2a: Meganium|79/100|[from] Sandstorm
|-damage|p1b: Sinistcha|75/100|[from] Sandstorm
|-damage|p1a: Politoed|33/100|[from] Sandstorm
|-heal|p1b: Sinistcha|81/100|[from] item: Leftovers
|-sideend|p2: freudianbreath|move: Tailwind
|upkeep
|turn|5
|
|t:|1782421191
|switch|p2a: Rotom|Rotom-Heat, L50|100/100
|switch|p1a: Incineroar|Incineroar, L50, F|100/100
|-ability|p1a: Incineroar|Intimidate|boost
|-unboost|p2a: Rotom|atk|1
|-unboost|p2b: Tyranitar|atk|1
|move|p2b: Tyranitar|Rock Slide|p1b: Sinistcha|[spread] p1a,p1b
|-supereffective|p1a: Incineroar|1
|-damage|p1a: Incineroar|72/100
|-damage|p1b: Sinistcha|65/100
|cant|p1b: Sinistcha|flinch
|
|-weather|Sandstorm|[upkeep]
|-damage|p2a: Rotom|93/100|[from] Sandstorm
|-damage|p1b: Sinistcha|59/100|[from] Sandstorm
|-damage|p1a: Incineroar|66/100|[from] Sandstorm
|-heal|p1b: Sinistcha|65/100|[from] item: Leftovers
|upkeep
|turn|6
|
|t:|1782421235
|switch|p2b: Staraptor|Staraptor, L50, M|100/100
|-ability|p2b: Staraptor|Intimidate|boost
|-unboost|p1a: Incineroar|atk|1
|-unboost|p1b: Sinistcha|atk|1
|move|p1a: Incineroar|Fake Out|p2a: Rotom
|-damage|p2a: Rotom|83/100
|cant|p2a: Rotom|flinch
|move|p1b: Sinistcha|Life Dew|p1b: Sinistcha|[spread] p1a,p1b
|-heal|p1a: Incineroar|91/100
|-heal|p1b: Sinistcha|91/100
|
|-weather|Sandstorm|[upkeep]
|-damage|p2b: Staraptor|93/100|[from] Sandstorm
|-damage|p2a: Rotom|77/100|[from] Sandstorm
|-damage|p1b: Sinistcha|84/100|[from] Sandstorm
|-damage|p1a: Incineroar|85/100|[from] Sandstorm
|-heal|p1b: Sinistcha|91/100|[from] item: Leftovers
|upkeep
|turn|7
|
|t:|1782421269
|switch|p1a: Politoed|Politoed, L50, F|33/100
|-weather|RainDance|[from] ability: Drizzle|[of] p1a: Politoed
|move|p1b: Sinistcha|Rage Powder|p1b: Sinistcha
|-singleturn|p1b: Sinistcha|move: Rage Powder
|move|p2b: Staraptor|Brave Bird|p1b: Sinistcha
|-supereffective|p1b: Sinistcha|1
|-damage|p1b: Sinistcha|2/100
|-damage|p2b: Staraptor|61/100|[from] Recoil
|move|p2a: Rotom|Volt Switch|p1b: Sinistcha
|-resisted|p1b: Sinistcha|1
|-damage|p1b: Sinistcha|0 fnt
|faint|p1b: Sinistcha
|
|t:|1782421282
|switch|p2a: Tyranitar|Tyranitar, L50, M|100/100|[from] Volt Switch
|-weather|Sandstorm|[from] ability: Sand Stream|[of] p2a: Tyranitar
|
|-weather|Sandstorm|[upkeep]
|-damage|p2b: Staraptor|55/100|[from] Sandstorm
|-damage|p1a: Politoed|27/100|[from] Sandstorm
|-sideend|p2: freudianbreath|move: Light Screen
|upkeep
|
|t:|1782421284
|switch|p1b: Incineroar|Incineroar, L50, F|85/100
|-ability|p1b: Incineroar|Intimidate|boost
|-unboost|p2a: Tyranitar|atk|1
|-unboost|p2b: Staraptor|atk|1
|turn|8
|c|☆freudianbreath|I'm shocked sinistcha survived the brave bird
|
|t:|1782421326
|move|p1b: Incineroar|Fake Out|p2b: Staraptor
|-damage|p2b: Staraptor|40/100
|cant|p2b: Staraptor|flinch
|move|p2a: Tyranitar|Dragon Dance|p2a: Tyranitar
|-boost|p2a: Tyranitar|atk|1
|-boost|p2a: Tyranitar|spe|1
|move|p1a: Politoed|Muddy Water|p2a: Tyranitar|[spread] p2a,p2b
|-supereffective|p2a: Tyranitar|1
|-damage|p2a: Tyranitar|69/100
|-damage|p2b: Staraptor|6/100
|
|-weather|Sandstorm|[upkeep]
|-damage|p2b: Staraptor|0 fnt|[from] Sandstorm
|-damage|p1a: Politoed|21/100|[from] Sandstorm
|-damage|p1b: Incineroar|79/100|[from] Sandstorm
|faint|p2b: Staraptor
|upkeep
|
|t:|1782421364
|switch|p2b: Rotom|Rotom-Heat, L50|77/100
|turn|9
|
|t:|1782421398
|move|p2a: Tyranitar|Rock Slide|p1b: Incineroar|[spread] p1a
|-miss|p2a: Tyranitar|p1b: Incineroar
|-damage|p1a: Politoed|0 fnt
|faint|p1a: Politoed
|move|p2b: Rotom|Light Screen|p2b: Rotom
|-sidestart|p2: freudianbreath|move: Light Screen
|move|p1b: Incineroar|Throat Chop|p2b: Rotom
|-damage|p2b: Rotom|37/100
|-start|p2b: Rotom|Throat Chop|[silent]
|-enditem|p2b: Rotom|Sitrus Berry|[eat]
|-heal|p2b: Rotom|62/100|[from] item: Sitrus Berry
|
|-weather|Sandstorm|[upkeep]
|-damage|p2b: Rotom|56/100|[from] Sandstorm
|-damage|p1b: Incineroar|73/100|[from] Sandstorm
|upkeep
|turn|10
|
|t:|1782421423
|move|p2a: Tyranitar|Low Kick|p1b: Incineroar
|-supereffective|p1b: Incineroar|1
|-damage|p1b: Incineroar|29/100
|move|p2b: Rotom|Volt Switch|p1b: Incineroar
|-damage|p1b: Incineroar|0 fnt
|faint|p1b: Incineroar
|
|win|freudianbreath
