|j|☆ShoemakerGeneral
|j|☆bigmannikko
|html|ShoemakerGeneralbigmannikko    
|uhtml|bestof|Game 2 of a best-of-3
|t:|1757784364
|gametype|doubles
|player|p1|ShoemakerGeneral|265|1094
|player|p2|bigmannikko|265|1187
|gen|9
|tier|[Gen 9] VGC 2025 Reg H (Bo3)
|rated|
|rule|Species Clause: Limit one of each Pokémon
|rule|Item Clause: Limit 1 of each item
|clearpoke
|poke|p1|Ursaluna-Bloodmoon, L50, M|
|poke|p1|Dusclops, L50, F|
|poke|p1|Incineroar, L50, F|
|poke|p1|Gardevoir, L50, M|
|poke|p1|Indeedee-F, L50, F|
|poke|p1|Tyranitar, L50, F|
|poke|p2|Drifblim, L50, F|
|poke|p2|Indeedee, L50, M|
|poke|p2|Archaludon, L50, M|
|poke|p2|Volcarona, L50, F|
|poke|p2|Sneasler, L50, F|
|poke|p2|Electabuzz, L50, M|
|teampreview|4
|showteam|p1|Ursaluna-Bloodmoon||LifeOrb|MindsEye|HyperVoice,EarthPower,BloodMoon,Protect|||M|||50|,,,,,Normal]Dusclops||Eviolite|Pressure|PainSplit,WillOWisp,Haze,TrickRoom|||F|||50|,,,,,Grass]Incineroar||SafetyGoggles|Intimidate|FlareBlitz,KnockOff,PartingShot,FakeOut|||F|||50|,,,,,Ghost]Gardevoir||ChoiceSpecs|Synchronize|Moonblast,ExpandingForce,DazzlingGleam,TeraBlast|||M|||50|,,,,,Fighting]Indeedee-F||PsychicSeed|PsychicSurge|Psychic,FollowMe,HelpingHand,TrickRoom|||F|||50|,,,,,Water]Tyranitar||AssaultVest|SandStream|RockSlide,KnockOff,TeraBlast,LowKick|||F|||50|,,,,,Flying
|showteam|p2|Drifblim||PsychicSeed|Unburden|Tailwind,WillOWisp,ShadowBall,StrengthSap|||F|||50|,,,,,Dark]Indeedee||LifeOrb|PsychicSurge|ExpandingForce,TrickRoom,Protect,TeraBlast|||M|||50|,,,,,Fighting]Archaludon||PowerHerb|Sturdy|ElectroShot,DragonPulse,Protect,FlashCannon|||M|||50|,,,,,Ghost]Volcarona||CovertCloak|FlameBody|QuiverDance,HeatWave,TeraBlast,Protect|||F|||50|,,,,,Fairy]Sneasler||FocusSash|Unburden|DireClaw,CloseCombat,Protect,ThroatChop|||F|||50|,,,,,Ghost]Electabuzz||Eviolite|VitalSpirit|FollowMe,Taunt,Protect,Thunderbolt|||M|||50|,,,,,Grass
|inactive|Battle timer is ON: inactive players will automatically lose when time's up. (requested by bigmannikko)
|
|t:|1757784399
|teamsize|p1|4
|teamsize|p2|4
|start
|switch|p1a: Gardevoir|Gardevoir, L50, M|100/100
|switch|p1b: Incineroar|Incineroar, L50, F|100/100
|switch|p2a: Martyr|Electabuzz, L50, M|100/100
|switch|p2b: Cheater|Sneasler, L50, F|100/100
|-ability|p1b: Incineroar|Intimidate|boost
|-unboost|p2a: Martyr|atk|1
|-unboost|p2b: Cheater|atk|1
|turn|1
|inactive|ShoemakerGeneral has 30 seconds left.
|inactive|bigmannikko has 30 seconds left.
|
|t:|1757784428
|switch|p1a: Tyranitar|Tyranitar, L50, F|100/100
|-weather|Sandstorm|[from] ability: Sand Stream|[of] p1a: Tyranitar
|-terastallize|p2b: Cheater|Ghost
|-terastallize|p1b: Incineroar|Ghost
|move|p2b: Cheater|Dire Claw|p1a: Tyranitar
|-resisted|p1a: Tyranitar
|-damage|p1a: Tyranitar|86/100
|-status|p1a: Tyranitar|par
|move|p2a: Martyr|Thunderbolt|p1a: Tyranitar
|-damage|p1a: Tyranitar|73/100 par
|move|p1b: Incineroar|Parting Shot|p2b: Cheater
|-unboost|p2b: Cheater|atk|1
|-unboost|p2b: Cheater|spa|1
|
|t:|1757784445
|switch|p1b: Gardevoir|Gardevoir, L50, M|100/100|[from] Parting Shot
|
|-weather|Sandstorm|[upkeep]
|-damage|p2b: Cheater|95/100|[from] Sandstorm
|-damage|p1b: Gardevoir|94/100|[from] Sandstorm
|-damage|p2a: Martyr|95/100|[from] Sandstorm
|upkeep
|turn|2
|
|t:|1757784461
|switch|p2b: AC/DC|Archaludon, L50, M|100/100
|switch|p1a: Incineroar|Incineroar, L50, F, tera:Ghost|100/100
|-ability|p1a: Incineroar|Intimidate|boost
|-unboost|p2a: Martyr|atk|1
|-unboost|p2b: AC/DC|atk|1
|move|p1b: Gardevoir|Dazzling Gleam|p2b: AC/DC|[spread] p2a,p2b
|-damage|p2a: Martyr|66/100
|-damage|p2b: AC/DC|36/100
|move|p2a: Martyr|Thunderbolt|p1b: Gardevoir
|-damage|p1b: Gardevoir|63/100
|
|-weather|Sandstorm|[upkeep]
|-damage|p1b: Gardevoir|57/100|[from] Sandstorm
|-damage|p2a: Martyr|60/100|[from] Sandstorm
|upkeep
|turn|3
|
|t:|1757784483
|move|p2b: AC/DC|Protect|p2b: AC/DC
|-singleturn|p2b: AC/DC|Protect
|move|p1b: Gardevoir|Dazzling Gleam|p2a: Martyr|[spread] p2a
|-activate|p2b: AC/DC|move: Protect
|-damage|p2a: Martyr|32/100
|move|p2a: Martyr|Thunderbolt|p1b: Gardevoir
|-damage|p1b: Gardevoir|21/100
|move|p1a: Incineroar|Knock Off|p2a: Martyr
|-damage|p2a: Martyr|0 fnt
|-enditem|p2a: Martyr|Eviolite|[from] move: Knock Off|[of] p1a: Incineroar
|faint|p2a: Martyr
|
|-weather|Sandstorm|[upkeep]
|-damage|p1b: Gardevoir|15/100|[from] Sandstorm
|upkeep
|
|t:|1757784494
|switch|p2a: Mothra|Volcarona, L50, F|100/100
|turn|4
|
|t:|1757784517
|move|p2b: AC/DC|Electro Shot||[still]
|-prepare|p2b: AC/DC|Electro Shot
|-boost|p2b: AC/DC|spa|1
|-enditem|p2b: AC/DC|Power Herb
|-anim|p2b: AC/DC|Electro Shot|p1b: Gardevoir
|-damage|p1b: Gardevoir|0 fnt
|faint|p1b: Gardevoir
|move|p2a: Mothra|Quiver Dance|p2a: Mothra
|-boost|p2a: Mothra|spa|1
|-boost|p2a: Mothra|spd|1
|-boost|p2a: Mothra|spe|1
|move|p1a: Incineroar|Knock Off|p2b: AC/DC
|-damage|p2b: AC/DC|14/100
|
|-weather|Sandstorm|[upkeep]
|-damage|p2a: Mothra|94/100|[from] Sandstorm
|upkeep
|inactive|ShoemakerGeneral has 30 seconds left.
|
|t:|1757784545
|switch|p1b: Ursaluna|Ursaluna-Bloodmoon, L50, M|100/100
|turn|5
|inactive|ShoemakerGeneral has 30 seconds left.
|
|t:|1757784575
|move|p1b: Ursaluna|Protect|p1b: Ursaluna
|-singleturn|p1b: Ursaluna|Protect
|move|p2a: Mothra|Heat Wave|p1a: Incineroar|[spread] p1a
|-activate|p1b: Ursaluna|move: Protect
|-damage|p1a: Incineroar|48/100
|move|p2b: AC/DC|Dragon Pulse|p1a: Incineroar
|-damage|p1a: Incineroar|0 fnt
|faint|p1a: Incineroar
|
|-weather|none
|upkeep
|
|t:|1757784585
|switch|p1a: Tyranitar|Tyranitar, L50, F|73/100 par
|-weather|Sandstorm|[from] ability: Sand Stream|[of] p1a: Tyranitar
|turn|6
|
|t:|1757784592
|move|p2a: Mothra|Heat Wave|p1a: Tyranitar|[spread] p1a,p1b
|-resisted|p1a: Tyranitar
|-damage|p1a: Tyranitar|60/100 par
|-damage|p1b: Ursaluna|37/100
|move|p2b: AC/DC|Dragon Pulse|p1b: Ursaluna
|-damage|p1b: Ursaluna|0 fnt
|faint|p1b: Ursaluna
|move|p1a: Tyranitar|Rock Slide|p2b: AC/DC|[spread] p2b
|-miss|p1a: Tyranitar|p2a: Mothra
|-resisted|p2b: AC/DC
|-damage|p2b: AC/DC|0 fnt
|faint|p2b: AC/DC
|
|-weather|Sandstorm|[upkeep]
|-damage|p2a: Mothra|88/100|[from] Sandstorm
|upkeep
|
|t:|1757784601
|switch|p2b: Cheater|Sneasler, L50, F, tera:Ghost|95/100
|turn|7
|-message|ShoemakerGeneral forfeited.
|raw|ShoemakerGeneral's rating: 1094 → 1076(-18 for losing)
|raw|bigmannikko's rating: 1187 → 1205(+18 for winning)
|
|win|bigmannikko
