|j|☆Redg7y
|j|☆lolgz
|html|Redg7ylolgz    
|uhtml|bestof|Game 1 of a best-of-3
|t:|1784035679
|gametype|doubles
|player|p1|Redg7y|yellow|1056
|player|p2|lolgz|dawn|1140
|gen|9
|tier|[Gen 9 Champions] VGC 2026 Reg M-B (Bo3)
|rated|
|rule|Species Clause: Limit one of each Pokémon
|rule|Item Clause: Limit 1 of each item
|clearpoke
|poke|p1|Staraptor, L50, F|
|poke|p1|Raichu, L50, M|
|poke|p1|Incineroar, L50, M|
|poke|p1|Torkoal, L50, F|
|poke|p1|Zoroark-Hisui, L50, M|
|poke|p1|Starmie, L50|
|poke|p2|Delphox, L50, M|
|poke|p2|Incineroar, L50, M|
|poke|p2|Vivillon, L50, F|
|poke|p2|Sinistcha, L50|
|poke|p2|Blastoise, L50, M|
|poke|p2|Maushold, L50|
|teampreview|4
|showteam|p1|Staraptor||Staraptite|Intimidate|CloseCombat,BraveBird,BlazeKick,Protect|Jolly||F|||50|]Raichu||RaichuniteY|LightningRod|Thunderbolt,Dig,Tickle,ZapCannon|Timid||M|||50|]Incineroar||ChopleBerry|Intimidate|FakeOut,FlareBlitz,DarkestLariat,PartingShot|Careful||M|||50|]Torkoal||Leftovers|Drought|HeatWave,EarthPower,SolarBeam,SunnyDay|Bold||F|||50|]Zoroark-Hisui||FocusSash|Illusion|BitterMalice,BodySlam,Flamethrower,NastyPlot|Lonely||M|||50|]Starmie||LifeOrb|Illuminate|Scald,PowerGem,IceBeam,RapidSpin|Timid|||||50|
|showteam|p2|Delphox||Delphoxite|Blaze|HeatWave,Psychic,NastyPlot,Protect|Timid||M|||50|]Incineroar||SitrusBerry|Intimidate|FakeOut,PartingShot,FlareBlitz,ThroatChop|Impish||M|||50|]Vivillon||ChoiceScarf|CompoundEyes|SleepPowder,Hurricane,RagePowder,Tailwind|Timid||F|||50|]Sinistcha||KasibBerry|Hospitality|MatchaGotcha,RagePowder,Protect,TrickRoom|Bold|||||50|]Blastoise||Blastoisinite|RainDish|Protect,WaterSpout,DarkPulse,ShellSmash|Modest||M|||50|]Maushold||FocusSash|FriendGuard|FollowMe,Protect,SuperFang,HelpingHand|Jolly|||||50|
|inactive|Battle timer is ON: inactive players will automatically lose when time's up. (requested by lolgz)
|inactive|lolgz has 60 seconds left.
|
|t:|1784035721
|teamsize|p1|4
|teamsize|p2|4
|start
|switch|p1a: Torkoal|Torkoal, L50, F|100/100
|switch|p1b: Raichu|Raichu, L50, M|100/100
|switch|p2a: Vivillon|Vivillon, L50, F|100/100
|switch|p2b: Delphox|Delphox, L50, M|100/100
|-weather|SunnyDay|[from] ability: Drought|[of] p1a: Torkoal
|turn|1
|
|t:|1784035737
|detailschange|p2b: Delphox|Delphox-Mega, L50, M
|-mega|p2b: Delphox|Delphox|Delphoxite
|move|p2a: Vivillon|Sleep Powder|p1b: Raichu
|-status|p1b: Raichu|slp|[from] move: Sleep Powder
|move|p2b: Delphox|Heat Wave|p1a: Torkoal|[spread] p1a,p1b
|-resisted|p1a: Torkoal|1
|-damage|p1a: Torkoal|60/100
|-enditem|p1b: Raichu|Focus Sash
|-damage|p1b: Raichu|1/100 slp
|replace|p1b: Zoroark|Zoroark-Hisui, L50, M
|-end|p1b: Zoroark|Illusion
|cant|p1b: Zoroark|slp
|move|p1a: Torkoal|Earth Power|p2b: Delphox
|-immune|p2b: Delphox|[from] ability: Levitate
|
|-weather|SunnyDay|[upkeep]
|-heal|p1a: Torkoal|66/100|[from] item: Leftovers
|upkeep
|turn|2
|
|t:|1784035760
|move|p2a: Vivillon|Sleep Powder|p1a: Torkoal
|-status|p1a: Torkoal|slp|[from] move: Sleep Powder
|move|p2b: Delphox|Nasty Plot|p2b: Delphox
|-boost|p2b: Delphox|spa|2
|cant|p1b: Zoroark|slp
|cant|p1a: Torkoal|slp
|
|-weather|SunnyDay|[upkeep]
|-heal|p1a: Torkoal|73/100 slp|[from] item: Leftovers
|upkeep
|turn|3
|c|☆Redg7y|wait no sleep clause??
|
|t:|1784035774
|switch|p2a: Incineroar|Incineroar, L50, M|100/100
|-ability|p2a: Incineroar|Intimidate|boost
|-unboost|p1a: Torkoal|atk|1
|-unboost|p1b: Zoroark|atk|1
|move|p2b: Delphox|Heat Wave|p1b: Zoroark|[spread] p1a,p1b
|-resisted|p1a: Torkoal|1
|-damage|p1a: Torkoal|0 fnt
|-damage|p1b: Zoroark|0 fnt
|faint|p1a: Torkoal
|faint|p1b: Zoroark
|
|-weather|SunnyDay|[upkeep]
|upkeep
|c|☆Redg7y|the hell?
|
|t:|1784035784
|switch|p1b: Raichu|Raichu, L50, M|100/100
|switch|p1a: Staraptor|Staraptor, L50, F|100/100
|-ability|p1a: Staraptor|Intimidate|boost
|-unboost|p2a: Incineroar|atk|1
|-unboost|p2b: Delphox|atk|1
|turn|4
|inactive|Redg7y has 30 seconds left.
|
|t:|1784035817
|detailschange|p1b: Raichu|Raichu-Mega-Y, L50, M
|-mega|p1b: Raichu|Raichu|Raichunite Y
|move|p1a: Staraptor|Protect|p1a: Staraptor
|-singleturn|p1a: Staraptor|Protect
|move|p2a: Incineroar|Fake Out|p1a: Staraptor
|-activate|p1a: Staraptor|move: Protect
|move|p2b: Delphox|Heat Wave|p1b: Raichu|[spread] p1b
|-activate|p1a: Staraptor|move: Protect
|-damage|p1b: Raichu|0 fnt
|faint|p1b: Raichu
|
|-weather|SunnyDay|[upkeep]
|upkeep
|turn|5
|c|☆Redg7y|ggs
|
|t:|1784035833
|move|p2b: Delphox|Psychic|p1a: Staraptor
|-damage|p1a: Staraptor|0 fnt
|faint|p1a: Staraptor
|
|win|lolgz
