|j|☆king_1511
|j|☆i love all turtles
|html|king_1511i love all turtles    
|uhtml|bestof|Game 2 of a best-of-3
|t:|1785751807
|gametype|doubles
|player|p1|king_1511|101|1000
|player|p2|i love all turtles|volkner|1047
|gen|9
|tier|[Gen 9 Champions] VGC 2026 Reg M-B (Bo3)
|rated|
|rule|Species Clause: Limit one of each Pokémon
|rule|Item Clause: Limit 1 of each item
|clearpoke
|poke|p1|Eelektross, L50, F, shiny|
|poke|p1|Talonflame, L50, F, shiny|
|poke|p1|Garchomp, L50, M, shiny|
|poke|p1|Kingambit, L50, M, shiny|
|poke|p1|Sneasler, L50, F, shiny|
|poke|p1|Basculegion, L50, M, shiny|
|poke|p2|Froslass, L50, F|
|poke|p2|Basculegion, L50, M|
|poke|p2|Kingambit, L50, F|
|poke|p2|Sneasler, L50, M|
|poke|p2|Lycanroc-Dusk, L50, F|
|poke|p2|Scovillain, L50, F, shiny|
|teampreview|4
|showteam|p1|Eelektross||Eelektrossite|Levitate|Thunderbolt,GigaDrain,Flamethrower,Protect|Modest||F|||50|]Talonflame||SharpBeak|GaleWings|Tailwind,FlareBlitz,DualWingbeat,Protect|Jolly||F|||50|]Garchomp||LifeOrb|RoughSkin|Earthquake,DragonClaw,RockSlide,Protect|Jolly||M|||50|]Kingambit||ChopleBerry|Defiant|KowtowCleave,LowKick,IronHead,Protect|Adamant||M|||50|]Sneasler||WhiteHerb|Unburden|DireClaw,CloseCombat,FakeOut,Protect|Jolly||F|||50|]Basculegion||ChoiceScarf|Adaptability|LastRespects,AquaJet,WaveCrash,FlipTurn|Adamant||M|||50|
|showteam|p2|Froslass||Froslassite|CursedBody|Blizzard,ShadowBall,AuroraVeil,Protect|Timid||F|||50|]Basculegion||SitrusBerry|Adaptability|WaveCrash,LastRespects,AquaJet,Protect|Adamant||M|||50|]Kingambit||LifeOrb|Defiant|KowtowCleave,SuckerPunch,SwordsDance,Protect|Adamant||F|||50|]Sneasler||WhiteHerb|Unburden|CloseCombat,GunkShot,Protect,FakeOut|Adamant||M|||50|]Lycanroc-Dusk||FocusSash|ToughClaws|CloseCombat,Accelerock,RockSlide,Protect|Adamant||F|||50|]Scovillain||Scovillainite|Moody|GigaDrain,Overheat,RagePowder,Protect|Bold||F|||50|
|inactive|Battle timer is ON: inactive players will automatically lose when time's up. (requested by i love all turtles)
|inactive|king_1511 has 60 seconds left.
|
|t:|1785751858
|teamsize|p1|4
|teamsize|p2|4
|start
|switch|p1a: Talonflame|Talonflame, L50, F, shiny|100/100
|switch|p1b: Garchomp|Garchomp, L50, M, shiny|100/100
|switch|p2a: Basculegion|Basculegion, L50, M|100/100
|switch|p2b: Scovillain|Scovillain, L50, F, shiny|100/100
|turn|1
|
|t:|1785751879
|detailschange|p2b: Scovillain|Scovillain-Mega, L50, F, shiny
|-mega|p2b: Scovillain|Scovillain|Scovillainite
|move|p1a: Talonflame|Tailwind|p1a: Talonflame
|-sidestart|p1: king_1511|move: Tailwind
|move|p1b: Garchomp|Rock Slide|p2b: Scovillain|[spread] p2a,p2b
|-supereffective|p2b: Scovillain|1
|-damage|p2a: Basculegion|75/100
|-damage|p2b: Scovillain|56/100
|-status|p1b: Garchomp|brn|[from] ability: Spicy Spray|[of] p2b: Scovillain
|-damage|p1b: Garchomp|90/100 brn|[from] item: Life Orb
|move|p2b: Scovillain|Giga Drain|p1b: Garchomp
|-damage|p1b: Garchomp|52/100 brn
|-heal|p2b: Scovillain|76/100|[from] drain|[of] p1b: Garchomp
|move|p2a: Basculegion|Wave Crash|p1a: Talonflame
|-supereffective|p1a: Talonflame|1
|-damage|p1a: Talonflame|0 fnt
|faint|p1a: Talonflame
|-damage|p2a: Basculegion|52/100|[from] Recoil
|
|-damage|p1b: Garchomp|47/100 brn|[from] brn
|upkeep
|
|t:|1785751897
|switch|p1a: Eelektross|Eelektross, L50, F, shiny|100/100
|turn|2
|
|t:|1785751905
|detailschange|p1a: Eelektross|Eelektross-Mega, L50, F, shiny
|-mega|p1a: Eelektross|Eelektross|Eelektrossite
|move|p2b: Scovillain|Protect|p2b: Scovillain
|-singleturn|p2b: Scovillain|Protect
|move|p2a: Basculegion|Protect|p2a: Basculegion
|-singleturn|p2a: Basculegion|Protect
|move|p1b: Garchomp|Earthquake|p2b: Scovillain|[spread] 
|-activate|p2a: Basculegion|move: Protect
|-activate|p2b: Scovillain|move: Protect
|-immune|p1a: Eelektross|[from] ability: Eelevate
|move|p1a: Eelektross|Thunderbolt|p2a: Basculegion
|-activate|p2a: Basculegion|move: Protect
|
|-damage|p1b: Garchomp|41/100 brn|[from] brn
|upkeep
|turn|3
|
|t:|1785751923
|move|p1b: Garchomp|Protect|p1b: Garchomp
|-singleturn|p1b: Garchomp|Protect
|move|p2b: Scovillain|Rage Powder|p2b: Scovillain
|-singleturn|p2b: Scovillain|move: Rage Powder
|move|p1a: Eelektross|Thunderbolt|p2b: Scovillain
|-resisted|p2b: Scovillain|1
|-damage|p2b: Scovillain|51/100
|-status|p1a: Eelektross|brn|[from] ability: Spicy Spray|[of] p2b: Scovillain
|move|p2a: Basculegion|Wave Crash|p1a: Eelektross
|-damage|p1a: Eelektross|0 fnt
|faint|p1a: Eelektross
|-damage|p2a: Basculegion|27/100|[from] Recoil
|-enditem|p2a: Basculegion|Sitrus Berry|[eat]
|-heal|p2a: Basculegion|52/100|[from] item: Sitrus Berry
|
|-damage|p1b: Garchomp|35/100 brn|[from] brn
|upkeep
|
|t:|1785751938
|switch|p1a: Kingambit|Kingambit, L50, M, shiny|100/100
|turn|4
|
|t:|1785751944
|move|p2b: Scovillain|Protect|p2b: Scovillain
|-singleturn|p2b: Scovillain|Protect
|move|p2a: Basculegion|Protect|p2a: Basculegion
|-singleturn|p2a: Basculegion|Protect
|move|p1b: Garchomp|Rock Slide|p2a: Basculegion|[spread] 
|-activate|p2a: Basculegion|move: Protect
|-activate|p2b: Scovillain|move: Protect
|move|p1a: Kingambit|Kowtow Cleave|p2a: Basculegion
|-activate|p2a: Basculegion|move: Protect
|
|-damage|p1b: Garchomp|29/100 brn|[from] brn
|-sideend|p1: king_1511|move: Tailwind
|upkeep
|turn|5
|
|t:|1785751958
|move|p2a: Basculegion|Aqua Jet|p1b: Garchomp
|-damage|p1b: Garchomp|2/100 brn
|-damage|p2a: Basculegion|39/100|[from] ability: Rough Skin|[of] p1b: Garchomp
|move|p1b: Garchomp|Rock Slide|p2b: Scovillain|[spread] p2a,p2b
|-crit|p2a: Basculegion
|-supereffective|p2b: Scovillain|1
|-damage|p2a: Basculegion|21/100
|-damage|p2b: Scovillain|26/100
|-damage|p1b: Garchomp|0 fnt|[from] item: Life Orb
|faint|p1b: Garchomp
|cant|p2b: Scovillain|flinch
|move|p1a: Kingambit|Kowtow Cleave|p2a: Basculegion
|-supereffective|p2a: Basculegion|1
|-crit|p2a: Basculegion
|-damage|p2a: Basculegion|0 fnt
|faint|p2a: Basculegion
|
|upkeep
|
|t:|1785751968
|switch|p2a: Sneasler|Sneasler, L50, M|100/100
|turn|6
|
|t:|1785751976
|move|p2a: Sneasler|Fake Out|p1a: Kingambit
|-resisted|p1a: Kingambit|1
|-damage|p1a: Kingambit|95/100
|move|p2b: Scovillain|Overheat|p1a: Kingambit
|-supereffective|p1a: Kingambit|1
|-damage|p1a: Kingambit|0 fnt
|-unboost|p2b: Scovillain|spa|2
|faint|p1a: Kingambit
|
|win|i love all turtles
|raw|king_1511's rating: 1000 → 1000(+0 for losing)
|raw|i love all turtles's rating: 1047 → 1076(+29 for winning)
