|j|☆onxlaughtvgc
|j|☆MIMHvgc
|html|onxlaughtvgcMIMHvgc    
|uhtml|bestof|Game 1 of a best-of-3
|t:|1757802617
|gametype|doubles
|player|p1|onxlaughtvgc|veteran|1082
|player|p2|MIMHvgc|miku-fairy|1066
|gen|9
|tier|[Gen 9] VGC 2025 Reg H (Bo3)
|rated|
|rule|Species Clause: Limit one of each Pokémon
|rule|Item Clause: Limit 1 of each item
|clearpoke
|poke|p1|Kleavor, L50, M|
|poke|p1|Tyranitar, L50, M|
|poke|p1|Excadrill, L50, M|
|poke|p1|Garchomp, L50, M|
|poke|p1|Klefki, L50, F|
|poke|p1|Mandibuzz, L50, F|
|poke|p2|Volcarona, L50, M|
|poke|p2|Basculegion, L50, M|
|poke|p2|Baxcalibur, L50, F|
|poke|p2|Rillaboom, L50, M|
|poke|p2|Sneasler, L50, M|
|poke|p2|Ninetales-Alola, L50, F|
|teampreview|4
|showteam|p1|Kleavor||ChoiceBand|Sharpness|StoneAxe,AerialAce,NightSlash,CloseCombat|||M|||50|,,,,,Ghost]Tyranitar||AssaultVest|SandStream|RockSlide,KnockOff,LowKick,HighHorsepower|||M|||50|,,,,,Flying]Excadrill||FocusSash|SandRush|Earthquake,RockSlide,IronHead,Protect|||M|||50|,,,,,Ground]Garchomp||BrightPowder|SandVeil|StompingTantrum,RockSlide,SwordsDance,Protect|||M|||50|,,,,,Fire]Klefki||LightClay|Prankster|Reflect,ThunderWave,DrainingKiss,LightScreen|||F|||50|,,,,,Water]Mandibuzz||Leftovers|Overcoat|FoulPlay,Tailwind,Protect,Uturn|||F|||50|,,,,,Poison
|showteam|p2|Volcarona||Leftovers|FlameBody|FieryDance,GigaDrain,QuiverDance,Protect|||M|||50|,,,,,Grass]Basculegion||ChoiceScarf|Adaptability|WaveCrash,LastRespects,FlipTurn,AquaJet|||M|||50|,,,,,Water]Baxcalibur||LoadedDice|ThermalExchange|IcicleSpear,ScaleShot,IceShard,Protect|||F|||50|,,,,,Ghost]Rillaboom||AssaultVest|GrassySurge|GrassyGlide,FakeOut,WoodHammer,Uturn|||M|||50|,,,,,Fire]Sneasler||WhiteHerb|Unburden|DireClaw,CloseCombat,Coaching,Protect|||M|||50|,,,,,Ghost]Ninetales-Alola||CovertCloak|SnowWarning|Blizzard,AuroraVeil,Encore,Protect|||F|||50|,,,,,Water
|inactive|Battle timer is ON: inactive players will automatically lose when time's up. (requested by onxlaughtvgc)
|inactive|MIMHvgc has 60 seconds left.
|
|t:|1757802674
|teamsize|p1|4
|teamsize|p2|4
|start
|switch|p1a: Garchomp|Garchomp, L50, M|100/100
|switch|p1b: Klefki|Klefki, L50, F|100/100
|switch|p2a: Oceangate Titan|Basculegion, L50, M|100/100
|switch|p2b: Monke D. Luffy|Rillaboom, L50, M|100/100
|-fieldstart|move: Grassy Terrain|[from] ability: Grassy Surge|[of] p2b: Monke D. Luffy
|turn|1
|inactive|onxlaughtvgc has 30 seconds left.
|inactive|onxlaughtvgc has 20 seconds left.
|
|t:|1757802713
|move|p2b: Monke D. Luffy|Fake Out|p1b: Klefki
|-resisted|p1b: Klefki
|-damage|p1b: Klefki|94/100
|cant|p1b: Klefki|flinch
|move|p2a: Oceangate Titan|Flip Turn|p1a: Garchomp
|-damage|p1a: Garchomp|61/100
|
|t:|1757802720
|switch|p2a: Ninetales-She/They|Ninetales-Alola, L50, F|100/100|[from] Flip Turn
|-weather|Snowscape|[from] ability: Snow Warning|[of] p2a: Ninetales-She/They
|move|p1a: Garchomp|Rock Slide|p2b: Monke D. Luffy|[spread] p2a,p2b
|-supereffective|p2a: Ninetales-She/They
|-damage|p2a: Ninetales-She/They|72/100
|-damage|p2b: Monke D. Luffy|83/100
|
|-weather|Snowscape|[upkeep]
|-heal|p2a: Ninetales-She/They|78/100|[from] Grassy Terrain
|-heal|p1a: Garchomp|67/100|[from] Grassy Terrain
|-heal|p2b: Monke D. Luffy|89/100|[from] Grassy Terrain
|-heal|p1b: Klefki|100/100|[from] Grassy Terrain
|upkeep
|turn|2
|
|t:|1757802741
|switch|p1b: Tyranitar|Tyranitar, L50, M|100/100
|-weather|Sandstorm|[from] ability: Sand Stream|[of] p1b: Tyranitar
|move|p2a: Ninetales-She/They|Aurora Veil||[still]
|-fail|p2a: Ninetales-She/They
|move|p1a: Garchomp|Rock Slide|p2b: Monke D. Luffy|[spread] p2a,p2b
|-supereffective|p2a: Ninetales-She/They
|-damage|p2a: Ninetales-She/They|35/100
|-damage|p2b: Monke D. Luffy|70/100
|move|p2b: Monke D. Luffy|Wood Hammer|p1a: Garchomp|[miss]
|-miss|p2b: Monke D. Luffy|p1a: Garchomp
|
|-weather|Sandstorm|[upkeep]
|-damage|p2a: Ninetales-She/They|29/100|[from] Sandstorm
|-damage|p2b: Monke D. Luffy|65/100|[from] Sandstorm
|-heal|p2a: Ninetales-She/They|35/100|[from] Grassy Terrain
|-heal|p1a: Garchomp|73/100|[from] Grassy Terrain
|-heal|p2b: Monke D. Luffy|70/100|[from] Grassy Terrain
|upkeep
|turn|3
|
|t:|1757802765
|switch|p1b: Klefki|Klefki, L50, F|100/100
|-terastallize|p1a: Garchomp|Fire
|move|p2a: Ninetales-She/They|Protect|p2a: Ninetales-She/They
|-singleturn|p2a: Ninetales-She/They|Protect
|move|p1a: Garchomp|Rock Slide|p2b: Monke D. Luffy|[spread] p2b
|-activate|p2a: Ninetales-She/They|move: Protect
|-damage|p2b: Monke D. Luffy|52/100
|move|p2b: Monke D. Luffy|U-turn|p1a: Garchomp
|-resisted|p1a: Garchomp
|-damage|p1a: Garchomp|62/100
|
|t:|1757802769
|switch|p2b: Oceangate Titan|Basculegion, L50, M|100/100|[from] U-turn
|
|-weather|Sandstorm|[upkeep]
|-damage|p2b: Oceangate Titan|94/100|[from] Sandstorm
|-damage|p2a: Ninetales-She/They|29/100|[from] Sandstorm
|-heal|p2b: Oceangate Titan|100/100|[from] Grassy Terrain
|-heal|p2a: Ninetales-She/They|35/100|[from] Grassy Terrain
|-heal|p1a: Garchomp|68/100|[from] Grassy Terrain
|upkeep
|turn|4
|
|t:|1757802790
|switch|p2a: Monke D. Luffy|Rillaboom, L50, M|52/100
|move|p1b: Klefki|Thunder Wave|p2b: Oceangate Titan
|-status|p2b: Oceangate Titan|par
|move|p1a: Garchomp|Rock Slide|p2a: Monke D. Luffy|[spread] p2a,p2b
|-damage|p2a: Monke D. Luffy|33/100
|-damage|p2b: Oceangate Titan|74/100 par
|cant|p2b: Oceangate Titan|par
|
|-weather|Sandstorm|[upkeep]
|-damage|p2a: Monke D. Luffy|27/100|[from] Sandstorm
|-damage|p2b: Oceangate Titan|68/100 par|[from] Sandstorm
|-heal|p1a: Garchomp|74/100|[from] Grassy Terrain
|-heal|p2a: Monke D. Luffy|33/100|[from] Grassy Terrain
|-heal|p2b: Oceangate Titan|74/100 par|[from] Grassy Terrain
|upkeep
|turn|5
|
|t:|1757802807
|move|p1a: Garchomp|Protect|p1a: Garchomp
|-singleturn|p1a: Garchomp|Protect
|move|p2a: Monke D. Luffy|Fake Out|p1b: Klefki
|-resisted|p1b: Klefki
|-damage|p1b: Klefki|94/100
|cant|p1b: Klefki|flinch
|cant|p2b: Oceangate Titan|par
|
|-weather|Sandstorm|[upkeep]
|-damage|p2a: Monke D. Luffy|27/100|[from] Sandstorm
|-damage|p2b: Oceangate Titan|68/100 par|[from] Sandstorm
|-heal|p1a: Garchomp|81/100|[from] Grassy Terrain
|-heal|p2a: Monke D. Luffy|33/100|[from] Grassy Terrain
|-heal|p2b: Oceangate Titan|74/100 par|[from] Grassy Terrain
|-heal|p1b: Klefki|100/100|[from] Grassy Terrain
|-fieldend|move: Grassy Terrain
|upkeep
|turn|6
|-message|MIMHvgc forfeited.
|
|win|onxlaughtvgc
