|j|☆jagheter
|j|☆Maxblueface
|html|jagheterMaxblueface    
|uhtml|bestof|Game 1 of a best-of-3
|t:|1756449984
|gametype|doubles
|player|p1|jagheter|worker|1116
|player|p2|Maxblueface|170|1000
|gen|9
|tier|[Gen 9] VGC 2025 Reg H (Bo3)
|rated|
|rule|Species Clause: Limit one of each Pokémon
|rule|Item Clause: Limit 1 of each item
|clearpoke
|poke|p1|Venusaur, L50, F|
|poke|p1|Volcarona, L50, F|
|poke|p1|Incineroar, L50, M|
|poke|p1|Grimmsnarl, L50, M|
|poke|p1|Dondozo, L50, M|
|poke|p1|Rillaboom, L50, M|
|poke|p2|Annihilape, L50, M|
|poke|p2|Whimsicott, L50, M|
|poke|p2|Garchomp, L50, M|
|poke|p2|Clefable, L50, F|
|poke|p2|Hydreigon, L50, M|
|poke|p2|Gholdengo, L50|
|teampreview|4
|showteam|p1|Venusaur||WideLens|Chlorophyll|SleepPowder,Protect,SludgeBomb,EarthPower|||F|||50|,,,,,Ghost]Volcarona||CovertCloak|FlameBody|FieryDance,GigaDrain,QuiverDance,Protect|||F|||50|,,,,,Dragon]Incineroar||MirrorHerb|Intimidate|FakeOut,KnockOff,Taunt,FlareBlitz|||M|||50|,,,,,Ghost]Grimmsnarl||BlackGlasses|Prankster|Reflect,LightScreen,SpiritBreak,SuckerPunch|||M|||50|,,,,,Dark]Dondozo||Leftovers|Unaware|Fissure,Protect,Liquidation,Yawn|||M|||50|,,,,,Ghost]Rillaboom||AssaultVest|GrassySurge|FakeOut,WoodHammer,GrassyGlide,Uturn|||M|||50|,,,,,Fire
|showteam|p2|Annihilape||SafetyGoggles|Defiant|Protect,BulkUp,DrainPunch,RageFist|||M|||50|,,,,,Water]Whimsicott||FocusSash|Prankster|SunnyDay,Encore,Tailwind,Moonblast|||M|||50|,,,,,Ghost]Garchomp||LifeOrb|RoughSkin|Protect,RockSlide,DragonClaw,Earthquake|||M|||50|,,,,,Steel]Clefable||SitrusBerry|Unaware|Protect,FollowMe,MistyTerrain,Moonblast|||F|||50|,,,,,Water]Hydreigon||ChoiceSpecs|Levitate|HeatWave,Uturn,DarkPulse,DracoMeteor|||M|||50|,,,,,Fire]Gholdengo||MetalCoat|GoodasGold|Protect,NastyPlot,ShadowBall,MakeItRain||||||50|,,,,,Steel
|
|t:|1756450039
|teamsize|p1|4
|teamsize|p2|4
|start
|switch|p1a: Incineroar|Incineroar, L50, M, shiny|100/100
|switch|p1b: Volcarona|Volcarona, L50, F, shiny|100/100
|switch|p2a: Whimsicott|Whimsicott, L50, M|100/100
|switch|p2b: Annihilape|Annihilape, L50, M|100/100
|-ability|p1a: Incineroar|Intimidate|boost
|-unboost|p2a: Whimsicott|atk|1
|-unboost|p2b: Annihilape|atk|1
|-ability|p2b: Annihilape|Defiant|boost
|-boost|p2b: Annihilape|atk|2
|-enditem|p1a: Incineroar|Mirror Herb
|-boost|p1a: Incineroar|atk|2|[from] item: Mirror Herb
|turn|1
|
|t:|1756450059
|move|p2a: Whimsicott|Tailwind|p2a: Whimsicott
|-sidestart|p2: Maxblueface|move: Tailwind
|move|p2b: Annihilape|Drain Punch|p1a: Incineroar
|-supereffective|p1a: Incineroar
|-damage|p1a: Incineroar|15/100
|move|p1b: Volcarona|Fiery Dance|p2a: Whimsicott
|-supereffective|p2a: Whimsicott
|-enditem|p2a: Whimsicott|Focus Sash
|-damage|p2a: Whimsicott|1/100
|-boost|p1b: Volcarona|spa|1
|move|p1a: Incineroar|Flare Blitz|p2b: Annihilape
|-damage|p2b: Annihilape|0 fnt
|faint|p2b: Annihilape
|-damage|p1a: Incineroar|0 fnt|[from] Recoil
|faint|p1a: Incineroar
|
|upkeep
|
|t:|1756450088
|switch|p2b: Garchomp|Garchomp, L50, M|100/100
|switch|p1a: Dondozo|Dondozo, L50, M, shiny|100/100
|turn|2
|
|t:|1756450166
|switch|p2a: Hydreigon|Hydreigon, L50, M|100/100
|-terastallize|p2b: Garchomp|Steel
|move|p1b: Volcarona|Protect|p1b: Volcarona
|-singleturn|p1b: Volcarona|Protect
|move|p2b: Garchomp|Rock Slide|p1a: Dondozo|[spread] p1a
|-activate|p1b: Volcarona|move: Protect
|-damage|p1a: Dondozo|88/100
|-damage|p2b: Garchomp|91/100|[from] item: Life Orb
|cant|p1a: Dondozo|flinch
|
|-heal|p1a: Dondozo|94/100|[from] item: Leftovers
|upkeep
|turn|3
|
|t:|1756450205
|-terastallize|p1b: Volcarona|Dragon
|move|p2b: Garchomp|Dragon Claw|p1b: Volcarona
|-supereffective|p1b: Volcarona
|-damage|p1b: Volcarona|0 fnt
|-status|p2b: Garchomp|brn|[from] ability: Flame Body|[of] p1b: Volcarona
|faint|p1b: Volcarona
|-damage|p2b: Garchomp|81/100 brn|[from] item: Life Orb
|move|p2a: Hydreigon|Draco Meteor|p1a: Dondozo
|-damage|p1a: Dondozo|5/100
|-unboost|p2a: Hydreigon|spa|2
|move|p1a: Dondozo|Liquidation|p2b: Garchomp
|-damage|p2b: Garchomp|49/100 brn
|-damage|p1a: Dondozo|0 fnt|[from] ability: Rough Skin|[of] p2b: Garchomp
|faint|p1a: Dondozo
|
|-damage|p2b: Garchomp|43/100 brn|[from] brn
|upkeep
|
|t:|1756450220
|switch|p1b: Venusaur|Venusaur, L50, F, shiny|100/100
|turn|4
|
|t:|1756450238
|move|p2b: Garchomp|Earthquake|p1b: Venusaur|[spread] p1b
|-immune|p2a: Hydreigon|[from] ability: Levitate
|-damage|p1b: Venusaur|73/100
|-damage|p2b: Garchomp|33/100 brn|[from] item: Life Orb
|move|p2a: Hydreigon|Draco Meteor|p1b: Venusaur
|-damage|p1b: Venusaur|20/100
|-unboost|p2a: Hydreigon|spa|2
|move|p1b: Venusaur|Sludge Bomb|p2a: Hydreigon
|-damage|p2a: Hydreigon|59/100
|
|-damage|p2b: Garchomp|27/100 brn|[from] brn
|-sideend|p2: Maxblueface|move: Tailwind
|upkeep
|turn|5
|
|t:|1756450261
|move|p2b: Garchomp|Rock Slide|p1b: Venusaur
|-damage|p1b: Venusaur|2/100
|-damage|p2b: Garchomp|17/100 brn|[from] item: Life Orb
|move|p2a: Hydreigon|Draco Meteor|p1b: Venusaur
|-crit|p1b: Venusaur
|-damage|p1b: Venusaur|0 fnt
|-unboost|p2a: Hydreigon|spa|2
|faint|p1b: Venusaur
|
|win|Maxblueface
||jagheter is ready for game 2.
||Maxblueface is ready for game 2.
|uhtml|next|Next: Game 2 of 3
