|j|☆together beans
|j|☆toughlogvgc
|html|together beanstoughlogvgc    
|uhtml|bestof|Game 3 of a best-of-3
|t:|1783907489
|gametype|doubles
|player|p1|together beans|crasherwake|1079
|player|p2|toughlogvgc|1|1197
|gen|9
|tier|[Gen 9 Champions] VGC 2026 Reg M-B (Bo3)
|rated|
|rule|Species Clause: Limit one of each Pokémon
|rule|Item Clause: Limit 1 of each item
|clearpoke
|poke|p1|Raichu, L50, F|
|poke|p1|Froslass, L50, F|
|poke|p1|Whimsicott, L50, M|
|poke|p1|Sneasler, L50, M|
|poke|p1|Ninetales-Alola, L50, F|
|poke|p1|Sylveon, L50, M|
|poke|p2|Charizard, L50, M|
|poke|p2|Garchomp, L50, M|
|poke|p2|Basculegion, L50, M|
|poke|p2|Whimsicott, L50, F|
|poke|p2|Kingambit, L50, F|
|poke|p2|Floette-Eternal, L50, F|
|teampreview|4
|showteam|p1|Raichu||RaichuniteY|Static|FakeOut,ZapCannon,FocusBlast,Protect|Modest||F|||50|]Froslass||Froslassite|SnowCloak|Blizzard,ShadowBall,Thunderbolt,Protect|Timid||F|||50|]Whimsicott||FocusSash|Prankster|Moonblast,Tailwind,Encore,Taunt|Timid||M|||50|]Sneasler||WhiteHerb|Unburden|DireClaw,CloseCombat,FakeOut,Protect|Jolly||M|||50|]Ninetales-Alola||LightClay|SnowWarning|Blizzard,Moonblast,Encore,AuroraVeil|Timid||F|||50|]Sylveon||FairyFeather|Pixilate|HyperBeam,HyperVoice,Detect,QuickAttack|Bold||M|||50|
|showteam|p2|Charizard||CharizarditeY|Blaze|HeatWave,SolarBeam,Protect,WeatherBall|Modest||M|||50|]Garchomp||LifeOrb|RoughSkin|DragonClaw,Earthquake,RockSlide,Protect|Jolly||M|||50|]Basculegion||ChoiceScarf|Adaptability|WaveCrash,AquaJet,FlipTurn,LastRespects|Adamant||M|||50|]Whimsicott||FocusSash|Prankster|Moonblast,Tailwind,Protect,Encore|Timid||F|||50|]Kingambit||BlackGlasses|Defiant|IronHead,KowtowCleave,Protect,SuckerPunch|Adamant||F|||50|]Floette-Eternal||Floettite|FlowerVeil|Moonblast,LightofRuin,DazzlingGleam,Protect|Modest||F|||50|
|inactive|Battle timer is ON: inactive players will automatically lose when time's up. (requested by together beans)
|inactive|together beans has 60 seconds left.
|
|t:|1783907552
|teamsize|p1|4
|teamsize|p2|4
|start
|switch|p1a: Whimsicott|Whimsicott, L50, M|100/100
|switch|p1b: Raichu|Raichu, L50, F|100/100
|switch|p2a: Whimsicott|Whimsicott, L50, F|100/100
|switch|p2b: Charizard|Charizard, L50, M|100/100
|turn|1
|inactive|toughlogvgc has 30 seconds left.
|inactive|toughlogvgc has 20 seconds left.
|inactive|toughlogvgc has 15 seconds left.
|inactive|toughlogvgc has 10 seconds left.
|
|t:|1783907599
|detailschange|p1b: Raichu|Raichu-Mega-Y, L50, F
|-mega|p1b: Raichu|Raichu|Raichunite Y
|detailschange|p2b: Charizard|Charizard-Mega-Y, L50, M
|-mega|p2b: Charizard|Charizard|Charizardite Y
|-weather|SunnyDay|[from] ability: Drought|[of] p2b: Charizard
|move|p2b: Charizard|Protect|p2b: Charizard
|-singleturn|p2b: Charizard|Protect
|move|p1b: Raichu|Fake Out|p2a: Whimsicott
|-damage|p2a: Whimsicott|86/100
|move|p1a: Whimsicott|Tailwind|p1a: Whimsicott
|-sidestart|p1: together beans|move: Tailwind
|cant|p2a: Whimsicott|flinch
|
|-weather|SunnyDay|[upkeep]
|upkeep
|turn|2
|inactive|together beans has 30 seconds left.
|inactive|toughlogvgc has 30 seconds left.
|inactive|together beans has 20 seconds left.
|
|t:|1783907639
|move|p2a: Whimsicott|Encore|p1b: Raichu
|-start|p1b: Raichu|Encore
|move|p1b: Raichu|Fake Out||[still]
|-hint|Fake Out only works on your first turn out.
|-fail|p1b: Raichu
|move|p1a: Whimsicott|Moonblast|p2b: Charizard
|-resisted|p2b: Charizard|1
|-damage|p2b: Charizard|84/100
|move|p2b: Charizard|Heat Wave|p1a: Whimsicott|[spread] p1a,p1b
|-supereffective|p1a: Whimsicott|1
|-enditem|p1a: Whimsicott|Focus Sash
|-damage|p1a: Whimsicott|1/100
|-damage|p1b: Raichu|17/100
|
|-weather|SunnyDay|[upkeep]
|upkeep
|turn|3
|
|t:|1783907659
|switch|p1b: Ninetales|Ninetales-Alola, L50, F|100/100
|-weather|Snowscape|[from] ability: Snow Warning|[of] p1b: Ninetales
|move|p1a: Whimsicott|Taunt|p2a: Whimsicott
|-start|p2a: Whimsicott|move: Taunt
|cant|p2a: Whimsicott|move: Taunt|Tailwind
|move|p2b: Charizard|Heat Wave|p1a: Whimsicott|[spread] p1a,p1b
|-supereffective|p1a: Whimsicott|1
|-supereffective|p1b: Ninetales|1
|-damage|p1a: Whimsicott|0 fnt
|-damage|p1b: Ninetales|0 fnt
|faint|p1a: Whimsicott
|faint|p1b: Ninetales
|
|-weather|Snowscape|[upkeep]
|upkeep
|
|t:|1783907667
|switch|p1a: Sneasler|Sneasler, L50, M|100/100
|switch|p1b: Raichu|Raichu-Mega-Y, L50, F|17/100
|turn|4
|inactive|toughlogvgc has 30 seconds left.
|
|t:|1783907699
|switch|p2a: Kingambit|Kingambit, L50, F|100/100
|move|p2b: Charizard|Protect|p2b: Charizard
|-singleturn|p2b: Charizard|Protect
|move|p1a: Sneasler|Dire Claw|p2a: Kingambit
|-immune|p2a: Kingambit
|move|p1b: Raichu|Zap Cannon|p2b: Charizard
|-activate|p2b: Charizard|move: Protect
|
|-weather|Snowscape|[upkeep]
|-sideend|p1: together beans|move: Tailwind
|upkeep
|turn|5
|inactive|together beans has 30 seconds left.
|inactive|toughlogvgc has 30 seconds left.
|inactive|together beans has 20 seconds left.
|
|t:|1783907736
|move|p1b: Raichu|Protect|p1b: Raichu
|-singleturn|p1b: Raichu|Protect
|move|p2a: Kingambit|Sucker Punch||[still]
|-fail|p2a: Kingambit
|move|p1a: Sneasler|Close Combat|p2a: Kingambit
|-supereffective|p2a: Kingambit|2
|-damage|p2a: Kingambit|0 fnt
|-unboost|p1a: Sneasler|def|1
|-unboost|p1a: Sneasler|spd|1
|faint|p2a: Kingambit
|-enditem|p1a: Sneasler|White Herb
|-clearnegativeboost|p1a: Sneasler|[silent]
|move|p2b: Charizard|Heat Wave|p1a: Sneasler|[spread] p1a
|-activate|p1b: Raichu|move: Protect
|-damage|p1a: Sneasler|43/100
|
|-weather|Snowscape|[upkeep]
|upkeep
|
|t:|1783907751
|switch|p2a: Whimsicott|Whimsicott, L50, F|86/100
|turn|6
|
|t:|1783907769
|move|p2a: Whimsicott|Tailwind|p2a: Whimsicott
|-sidestart|p2: toughlogvgc|move: Tailwind
|move|p1a: Sneasler|Dire Claw|p2a: Whimsicott
|-supereffective|p2a: Whimsicott|2
|-damage|p2a: Whimsicott|0 fnt
|faint|p2a: Whimsicott
|move|p2b: Charizard|Heat Wave|p1b: Raichu|[spread] p1a,p1b
|-damage|p1a: Sneasler|0 fnt
|-damage|p1b: Raichu|0 fnt
|faint|p1a: Sneasler
|faint|p1b: Raichu
|
|win|toughlogvgc
|raw|together beans's rating: 1079 → 1064(-15 for losing)
|raw|toughlogvgc's rating: 1197 → 1214(+17 for winning)
