|j|☆Cehot100
|j|☆sbhaga34
|html|Cehot100sbhaga34    
|uhtml|bestof|Game 1 of a best-of-3
|t:|1757919067
|gametype|doubles
|player|p1|Cehot100|shadowtriad|1284
|player|p2|sbhaga34|hugh|1411
|gen|9
|tier|[Gen 9] VGC 2025 Reg H (Bo3)
|rated|
|rule|Species Clause: Limit one of each Pokémon
|rule|Item Clause: Limit 1 of each item
|clearpoke
|poke|p1|Archaludon, L50, F|
|poke|p1|Pelipper, L50, M|
|poke|p1|Ursaluna, L50, F|
|poke|p1|Sinistcha, L50|
|poke|p1|Dragonite, L50, F|
|poke|p1|Gholdengo, L50|
|poke|p2|Indeedee-F, L50, F|
|poke|p2|Talonflame, L50, M|
|poke|p2|Tyranitar, L50, F|
|poke|p2|Excadrill, L50, F|
|poke|p2|Gardevoir, L50, F|
|poke|p2|Ursaluna-Bloodmoon, L50, M|
|teampreview|4
|showteam|p1|Archaludon||AssaultVest|Stamina|ElectroShot,DragonPulse,BodyPress,Snarl|||F|||50|,,,,,Bug]Pelipper||FocusSash|Drizzle|WeatherBall,Hurricane,Tailwind,Protect|||M|||50|,,,,,Ghost]Ursaluna||FlameOrb|Guts|HeadlongRush,Earthquake,Facade,Protect|||F|||50|,,,,,Ghost]Sinistcha||SitrusBerry|Hospitality|RagePowder,LifeDew,MatchaGotcha,TrickRoom||||||50|,,,,,Dark]Dragonite||LoadedDice|Multiscale|ScaleShot,Tailwind,Haze,Protect|||F|||50|,,,,,Fairy]Gholdengo||ChoiceScarf|GoodasGold|MakeItRain,ShadowBall,TeraBlast,Trick||||||50|,,,,,Water
|showteam|p2|Indeedee-F||SafetyGoggles|PsychicSurge|FollowMe,TrickRoom,HelpingHand,Psychic|||F|||50|,,,,,Fairy]Talonflame||CovertCloak|GaleWings|Tailwind,Taunt,FlareBlitz,WillOWisp|||M|||50|,,,,,Grass]Tyranitar||WeaknessPolicy|SandStream|RockSlide,KnockOff,LowKick,Protect|||F|||50|,,,,,Flying]Excadrill||FocusSash|SandRush|Earthquake,IronHead,SwordsDance,Protect|||F|||50|,,,,,Ground]Gardevoir||ChoiceScarf|Telepathy|ExpandingForce,Moonblast,IcyWind,PsychicTerrain|||F|||50|,,,,,Psychic]Ursaluna-Bloodmoon||SilkScarf|MindsEye|BloodMoon,HyperVoice,EarthPower,Protect|||M|||50|,,,,,Normal
|inactive|Battle timer is ON: inactive players will automatically lose when time's up. (requested by sbhaga34)
|
|t:|1757919099
|teamsize|p1|4
|teamsize|p2|4
|start
|switch|p1a: Dragonite|Dragonite, L50, F|100/100
|switch|p1b: Gholdengo|Gholdengo, L50|100/100
|switch|p2a: Talonflame|Talonflame, L50, M|100/100
|switch|p2b: Ursaluna|Ursaluna-Bloodmoon, L50, M|100/100
|turn|1
|inactive|Cehot100 has 30 seconds left.
|
|t:|1757919128
|-terastallize|p1b: Gholdengo|Water
|-terastallize|p2b: Ursaluna|Normal
|move|p2a: Talonflame|Tailwind|p2a: Talonflame
|-sidestart|p2: sbhaga34|move: Tailwind
|move|p1b: Gholdengo|Tera Blast|p2b: Ursaluna|[anim] Tera Blast Water
|-damage|p2b: Ursaluna|45/100
|move|p2b: Ursaluna|Blood Moon|p1b: Gholdengo
|-damage|p1b: Gholdengo|0 fnt
|faint|p1b: Gholdengo
|move|p1a: Dragonite|Scale Shot|p2a: Talonflame
|-damage|p2a: Talonflame|79/100
|-damage|p2a: Talonflame|57/100
|-damage|p2a: Talonflame|34/100
|-damage|p2a: Talonflame|10/100
|-damage|p2a: Talonflame|0 fnt
|faint|p2a: Talonflame
|-hitcount|p2: Talonflame|5
|-unboost|p1a: Dragonite|def|1
|-boost|p1a: Dragonite|spe|1
|
|upkeep
|
|t:|1757919150
|switch|p2a: Gardevoir|Gardevoir, L50, F, shiny|100/100
|switch|p1b: Archaludon|Archaludon, L50, F|100/100
|turn|2
|
|t:|1757919169
|move|p2a: Gardevoir|Moonblast|p1b: Archaludon
|-damage|p1b: Archaludon|62/100
|-ability|p1b: Archaludon|Stamina|boost
|-boost|p1b: Archaludon|def|1
|move|p2b: Ursaluna|Earth Power|p1b: Archaludon
|-supereffective|p1b: Archaludon
|-damage|p1b: Archaludon|0 fnt
|faint|p1b: Archaludon
|move|p1a: Dragonite|Tailwind|p1a: Dragonite
|-sidestart|p1: Cehot100|move: Tailwind
|
|upkeep
|
|t:|1757919175
|switch|p1b: Pelipper|Pelipper, L50, M|100/100
|-weather|RainDance|[from] ability: Drizzle|[of] p1b: Pelipper
|turn|3
|inactive|sbhaga34 has 30 seconds left.
|inactive|sbhaga34 has 20 seconds left.
|
|t:|1757919214
|switch|p2a: Indeedee|Indeedee-F, L50, F|100/100
|-fieldstart|move: Psychic Terrain|[from] ability: Psychic Surge|[of] p2a: Indeedee
|move|p1a: Dragonite|Scale Shot|p2b: Ursaluna
|-damage|p2b: Ursaluna|33/100
|-crit|p2b: Ursaluna
|-damage|p2b: Ursaluna|14/100
|-damage|p2b: Ursaluna|3/100
|-damage|p2b: Ursaluna|0 fnt
|faint|p2b: Ursaluna
|-hitcount|p2: Ursaluna|4
|-unboost|p1a: Dragonite|def|1
|-boost|p1a: Dragonite|spe|1
|move|p1b: Pelipper|Weather Ball|p2a: Indeedee
|-damage|p2a: Indeedee|45/100
|
|-weather|RainDance|[upkeep]
|upkeep
|
|t:|1757919230
|switch|p2b: Gardevoir|Gardevoir, L50, F, shiny|100/100
|turn|4
|
|t:|1757919243
|move|p1a: Dragonite|Scale Shot|p2a: Indeedee
|-damage|p2a: Indeedee|29/100
|-damage|p2a: Indeedee|14/100
|-damage|p2a: Indeedee|0 fnt
|faint|p2a: Indeedee
|-hitcount|p2: Indeedee|3
|-unboost|p1a: Dragonite|def|1
|-boost|p1a: Dragonite|spe|1
|move|p2b: Gardevoir|Expanding Force|p1b: Pelipper|[spread] p1a,p1b
|-damage|p1a: Dragonite|66/100
|-enditem|p1b: Pelipper|Focus Sash
|-damage|p1b: Pelipper|1/100
|move|p1b: Pelipper|Hurricane|p2b: Gardevoir
|-damage|p2b: Gardevoir|56/100
|
|-weather|RainDance|[upkeep]
|-sideend|p2: sbhaga34|move: Tailwind
|upkeep
|turn|5
|inactive|Cehot100 has 30 seconds left.
|
|t:|1757919273
|move|p1a: Dragonite|Scale Shot|p2b: Gardevoir
|-immune|p2b: Gardevoir
|move|p1b: Pelipper|Weather Ball|p2b: Gardevoir
|-damage|p2b: Gardevoir|0 fnt
|faint|p2b: Gardevoir
|
|win|Cehot100
||sbhaga34 is ready for game 2.
||Cehot100 is ready for game 2.
|uhtml|next|Next: Game 2 of 3
|l|☆sbhaga34
|player|p2|
|l|☆Cehot100
|player|p1|
