|j|☆sohaib
|j|☆kakunaka
|html|sohaibkakunaka    
|uhtml|bestof|Game 3 of a best-of-3
|t:|1784546169
|gametype|doubles
|player|p1|sohaib|#smogonxnpa2026draftee2|
|player|p2|kakunaka|#smogonxnpa2025draftee2|
|gen|9
|tier|[Gen 9 Champions] VGC 2026 Reg M-B (Bo3)
|rule|Species Clause: Limit one of each Pokémon
|rule|Item Clause: Limit 1 of each item
|clearpoke
|poke|p1|Charizard, L50, M|
|poke|p1|Venusaur, L50, M|
|poke|p1|Incineroar, L50, F|
|poke|p1|Garchomp, L50, M|
|poke|p1|Toxapex, L50, F|
|poke|p1|Annihilape, L50, F|
|poke|p2|Garchomp, L50, F|
|poke|p2|Charizard, L50, M|
|poke|p2|Toxapex, L50, F|
|poke|p2|Annihilape, L50, M|
|poke|p2|Venusaur, L50, M|
|poke|p2|Incineroar, L50, M|
|teampreview|4
|showteam|p1|Charizard||CharizarditeY|Blaze|Protect,HeatWave,WeatherBall,HelpingHand|Modest||M|||50|]Venusaur||LifeOrb|Chlorophyll|Protect,SolarBeam,SludgeBomb,EarthPower|Modest||M|||50|]Incineroar||SitrusBerry|Intimidate|FakeOut,PartingShot,FlareBlitz,ThroatChop|Impish||F|||50|]Garchomp||ChoiceScarf|RoughSkin|RockSlide,Earthquake,DragonClaw,StompingTantrum|Adamant||M|||50|]Toxapex||Leftovers|Regenerator|Infestation,Toxic,WideGuard,BanefulBunker|Impish||F|||50|]Annihilape||FocusSash|Defiant|RockTomb,CloseCombat,PhantomForce,Protect|Jolly||F|||50|
|showteam|p2|Garchomp||ChoiceScarf|RoughSkin|Earthquake,RockSlide,DragonClaw,StompingTantrum|Adamant||F|||50|]Charizard||CharizarditeY|Blaze|HeatWave,WeatherBall,Protect,HelpingHand|Modest||M|||50|]Toxapex||Leftovers|Regenerator|Infestation,Toxic,WideGuard,BanefulBunker|Impish||F|||50|]Annihilape||FocusSash|Defiant|CloseCombat,PhantomForce,RockTomb,Protect|Jolly||M|||50|]Venusaur||LifeOrb|Chlorophyll|SolarBeam,SludgeBomb,EarthPower,Protect|Modest||M|||50|]Incineroar||SitrusBerry|Intimidate|FakeOut,FlareBlitz,ThroatChop,PartingShot|Impish||M|||50|
|j| Code
|l| Code
|j| Anoother aetlas
|j| blaze7989
|j| jmodri
|j| nashvgc7
|j| Finabas
|j| Axior
|j| arekusabi
|inactive|Battle timer is ON: inactive players will automatically lose when time's up. (requested by sohaib)
|j| Orlandolt
|j| K0nqueror
|l| arekusabi
|l| Anoother aetlas
|j| Sir AaronVGC
|j| 1500oneveryladder
|j| marcofiero
|
|t:|1784546213
|teamsize|p1|4
|teamsize|p2|4
|start
|switch|p1a: Charizard|Charizard, L50, M|100/100
|switch|p1b: Annihilape|Annihilape, L50, F|100/100
|switch|p2a: Charizard|Charizard, L50, M|100/100
|switch|p2b: Venusaur|Venusaur, L50, M|100/100
|turn|1
|j| Galahad Excalibur
|l| Finabas
|l| K0nqueror
|j| Lanturn comic
|j|+Sapph❤
|j| arekusabi
|j| Anoother aetlas
|inactive|kakunaka has 30 seconds left.
|l| Lanturn comic
|j| Lanturn comic
|inactive|kakunaka has 20 seconds left.
|inactive|kakunaka has 15 seconds left.
|j| FedeCampoVG
|
|t:|1784546257
|switch|p2a: Toxapex|Toxapex, L50, F|100/100
|detailschange|p1a: Charizard|Charizard-Mega-Y, L50, M
|-mega|p1a: Charizard|Charizard|Charizardite Y
|-weather|SunnyDay|[from] ability: Drought|[of] p1a: Charizard
|move|p2b: Venusaur|Protect|p2b: Venusaur
|-singleturn|p2b: Venusaur|Protect
|move|p1b: Annihilape|Rock Tomb|p2a: Toxapex
|-damage|p2a: Toxapex|85/100
|-unboost|p2a: Toxapex|spe|1
|move|p1a: Charizard|Heat Wave|p2a: Toxapex|[spread] 
|-activate|p2b: Venusaur|move: Protect
|-miss|p1a: Charizard|p2a: Toxapex
|
|-weather|SunnyDay|[upkeep]
|-heal|p2a: Toxapex|91/100|[from] item: Leftovers
|upkeep
|turn|2
|l|+Sapph❤
|j| Lorenzaooo
|l| FedeCampoVG
|j| Code
|l| Anoother aetlas
|j| vinimin jryahu
|j| K0nqueror
|j| FedeCampoVG
|j|+Sapph❤
|j| jarona
|inactive|kakunaka has 30 seconds left.
|l| arekusabi
|inactive|kakunaka has 20 seconds left.
|j| arekusabi
|
|t:|1784546295
|move|p1b: Annihilape|Protect|p1b: Annihilape
|-singleturn|p1b: Annihilape|Protect
|move|p2b: Venusaur|Sludge Bomb|p1a: Charizard
|-damage|p1a: Charizard|48/100
|-damage|p2b: Venusaur|90/100|[from] item: Life Orb
|move|p1a: Charizard|Weather Ball|p2b: Venusaur
|-supereffective|p2b: Venusaur|1
|-damage|p2b: Venusaur|0 fnt
|faint|p2b: Venusaur
|move|p2a: Toxapex|Toxic|p1b: Annihilape
|-activate|p1b: Annihilape|move: Protect
|
|-weather|SunnyDay|[upkeep]
|-heal|p2a: Toxapex|96/100|[from] item: Leftovers
|upkeep
|
|t:|1784546304
|switch|p2b: Annihilape|Annihilape, L50, M|100/100
|turn|3
|j| poplupp
|n| gahaku|poplupp
|j| Anoother aetlas
|inactive|kakunaka has 30 seconds left.
|j| Finabas
|inactive|kakunaka has 20 seconds left.
|l| FedeCampoVG
|inactive|kakunaka has 15 seconds left.
|l| arekusabi
|
|t:|1784546348
|move|p2b: Annihilape|Phantom Force||[still]
|-prepare|p2b: Annihilape|Phantom Force
|move|p1b: Annihilape|Rock Tomb|p2b: Annihilape|[miss]
|-miss|p1b: Annihilape|p2b: Annihilape
|move|p1a: Charizard|Weather Ball|p2b: Annihilape|[miss]
|-miss|p1a: Charizard|p2b: Annihilape
|move|p2a: Toxapex|Toxic|p1b: Annihilape
|-status|p1b: Annihilape|tox
|
|-weather|SunnyDay|[upkeep]
|-heal|p2a: Toxapex|100/100|[from] item: Leftovers
|-damage|p1b: Annihilape|94/100 tox|[from] psn
|upkeep
|turn|4
|j| arekusabi
|l| K0nqueror
|inactive|kakunaka has 30 seconds left.
|inactive|kakunaka has 20 seconds left.
|
|t:|1784546384
|switch|p1b: Toxapex|Toxapex, L50, F|100/100
|move|p2b: Annihilape|Phantom Force|p1a: Charizard|[from] lockedmove
|-damage|p1a: Charizard|8/100
|move|p1a: Charizard|Weather Ball|p2b: Annihilape
|-damage|p2b: Annihilape|7/100
|move|p2a: Toxapex|Infestation|p1a: Charizard
|-resisted|p1a: Charizard|2
|-crit|p1a: Charizard
|-damage|p1a: Charizard|7/100
|-activate|p1a: Charizard|move: Infestation|[of] p2a: Toxapex
|
|-weather|SunnyDay|[upkeep]
|-damage|p1a: Charizard|0 fnt|[from] move: Infestation|[partiallytrapped]
|faint|p1a: Charizard
|upkeep
|l| Finabas
|j| K0nqueror
|
|t:|1784546395
|switch|p1a: Venusaur|Venusaur, L50, M|100/100
|turn|5
|inactive|kakunaka has 30 seconds left.
|l| arekusabi
|j| Triir
|l|+Sapph❤
|
|t:|1784546428
|switch|p1b: Annihilape|Annihilape, L50, F|94/100 tox
|switch|p2a: Charizard|Charizard, L50, M|100/100
|move|p2b: Annihilape|Protect|p2b: Annihilape
|-singleturn|p2b: Annihilape|Protect
|move|p1a: Venusaur|Sludge Bomb|p2b: Annihilape
|-activate|p2b: Annihilape|move: Protect
|
|-weather|none
|-damage|p1b: Annihilape|88/100 tox|[from] psn
|upkeep
|turn|6
|l| Code
|l| Anoother aetlas
|j| arekusabi
|j| LupoZacio
|l| LupoZacio
|inactive|sohaib has 30 seconds left.
|inactive|kakunaka has 30 seconds left.
|j| Anoother aetlas
|inactive|kakunaka has 20 seconds left.
|j| Code
|
|t:|1784546465
|move|p1b: Annihilape|Rock Tomb|p2a: Charizard
|-supereffective|p2a: Charizard|2
|-damage|p2a: Charizard|22/100
|-unboost|p2a: Charizard|spe|1
|move|p2b: Annihilape|Phantom Force||[still]
|-prepare|p2b: Annihilape|Phantom Force
|move|p1a: Venusaur|Sludge Bomb|p2a: Charizard
|-damage|p2a: Charizard|0 fnt
|faint|p2a: Charizard
|-damage|p1a: Venusaur|90/100|[from] item: Life Orb
|
|-damage|p1b: Annihilape|76/100 tox|[from] psn
|upkeep
|
|t:|1784546474
|switch|p2a: Toxapex|Toxapex, L50, F|100/100
|turn|7
|l| K0nqueror
|l| arekusabi
|
|t:|1784546485
|switch|p1a: Toxapex|Toxapex, L50, F|100/100
|move|p2b: Annihilape|Phantom Force|p1b: Annihilape|[from] lockedmove
|-supereffective|p1b: Annihilape|1
|-damage|p1b: Annihilape|0 fnt
|faint|p1b: Annihilape
|move|p2a: Toxapex|Infestation|p1a: Toxapex
|-resisted|p1a: Toxapex|1
|-damage|p1a: Toxapex|98/100
|-activate|p1a: Toxapex|move: Infestation|[of] p2a: Toxapex
|
|-heal|p1a: Toxapex|100/100|[from] item: Leftovers
|-damage|p1a: Toxapex|87/100|[from] move: Infestation|[partiallytrapped]
|upkeep
|
|t:|1784546490
|switch|p1b: Venusaur|Venusaur, L50, M|90/100
|turn|8
|j| K0nqueror
|l| Code
|j| Code
|inactive|kakunaka has 30 seconds left.
|j| fangfangfan
|inactive|kakunaka has 20 seconds left.
|
|t:|1784546528
|move|p2b: Annihilape|Phantom Force||[still]
|-prepare|p2b: Annihilape|Phantom Force
|move|p1b: Venusaur|Earth Power|p2a: Toxapex
|-supereffective|p2a: Toxapex|1
|-damage|p2a: Toxapex|45/100
|-damage|p1b: Venusaur|81/100|[from] item: Life Orb
|move|p1a: Toxapex|Infestation|p2a: Toxapex
|-resisted|p2a: Toxapex|1
|-damage|p2a: Toxapex|43/100
|-activate|p2a: Toxapex|move: Infestation|[of] p1a: Toxapex
|move|p2a: Toxapex|Infestation|p1b: Venusaur
|-damage|p1b: Venusaur|77/100
|-activate|p1b: Venusaur|move: Infestation|[of] p2a: Toxapex
|
|-heal|p2a: Toxapex|49/100|[from] item: Leftovers
|-heal|p1a: Toxapex|93/100|[from] item: Leftovers
|-damage|p1b: Venusaur|66/100|[from] move: Infestation|[partiallytrapped]
|-damage|p2a: Toxapex|37/100|[from] move: Infestation|[partiallytrapped]
|-damage|p1a: Toxapex|81/100|[from] move: Infestation|[partiallytrapped]
|upkeep
|turn|9
|
|t:|1784546548
|move|p2a: Toxapex|Baneful Bunker|p2a: Toxapex
|-singleturn|p2a: Toxapex|move: Protect
|move|p2b: Annihilape|Phantom Force|p1b: Venusaur|[from] lockedmove
|-damage|p1b: Venusaur|11/100
|move|p1b: Venusaur|Earth Power|p2a: Toxapex
|-activate|p2a: Toxapex|move: Protect
|move|p1a: Toxapex|Infestation|p2b: Annihilape
|-resisted|p2b: Annihilape|2
|-damage|p2b: Annihilape|7/100
|-activate|p2b: Annihilape|move: Infestation|[of] p1a: Toxapex
|
|-heal|p1a: Toxapex|87/100|[from] item: Leftovers
|-heal|p2a: Toxapex|43/100|[from] item: Leftovers
|-damage|p2b: Annihilape|0 fnt|[from] move: Infestation|[partiallytrapped]
|faint|p2b: Annihilape
|-damage|p1b: Venusaur|0 fnt|[from] move: Infestation|[partiallytrapped]
|faint|p1b: Venusaur
|-damage|p2a: Toxapex|31/100|[from] move: Infestation|[partiallytrapped]
|-damage|p1a: Toxapex|75/100|[from] move: Infestation|[partiallytrapped]
|upkeep
|turn|10
|
|t:|1784546566
|move|p2a: Toxapex|Infestation|p1a: Toxapex
|-resisted|p1a: Toxapex|1
|-damage|p1a: Toxapex|73/100
|move|p1a: Toxapex|Infestation|p2a: Toxapex
|-resisted|p2a: Toxapex|1
|-damage|p2a: Toxapex|29/100
|
|-heal|p2a: Toxapex|35/100|[from] item: Leftovers
|-heal|p1a: Toxapex|79/100|[from] item: Leftovers
|-damage|p2a: Toxapex|23/100|[from] move: Infestation|[partiallytrapped]
|-damage|p1a: Toxapex|67/100|[from] move: Infestation|[partiallytrapped]
|upkeep
|turn|11
|
|t:|1784546569
|move|p2a: Toxapex|Baneful Bunker|p2a: Toxapex
|-singleturn|p2a: Toxapex|move: Protect
|move|p1a: Toxapex|Infestation|p2a: Toxapex
|-activate|p2a: Toxapex|move: Protect
|
|-heal|p1a: Toxapex|73/100|[from] item: Leftovers
|-heal|p2a: Toxapex|29/100|[from] item: Leftovers
|-damage|p2a: Toxapex|17/100|[from] move: Infestation|[partiallytrapped]
|-end|p1a: Toxapex|Infestation|[partiallytrapped]
|upkeep
|turn|12
|
|t:|1784546577
|move|p2a: Toxapex|Infestation|p1a: Toxapex
|-resisted|p1a: Toxapex|1
|-damage|p1a: Toxapex|71/100
|-activate|p1a: Toxapex|move: Infestation|[of] p2a: Toxapex
|move|p1a: Toxapex|Infestation|p2a: Toxapex
|-resisted|p2a: Toxapex|1
|-crit|p2a: Toxapex
|-damage|p2a: Toxapex|15/100
|
|-heal|p2a: Toxapex|21/100|[from] item: Leftovers
|-heal|p1a: Toxapex|77/100|[from] item: Leftovers
|-end|p2a: Toxapex|Infestation|[partiallytrapped]
|-damage|p1a: Toxapex|65/100|[from] move: Infestation|[partiallytrapped]
|upkeep
|turn|13
|l| jmodri
|
|t:|1784546583
|move|p2a: Toxapex|Baneful Bunker|p2a: Toxapex
|-singleturn|p2a: Toxapex|move: Protect
|move|p1a: Toxapex|Infestation|p2a: Toxapex
|-activate|p2a: Toxapex|move: Protect
|
|-heal|p2a: Toxapex|26/100|[from] item: Leftovers
|-heal|p1a: Toxapex|71/100|[from] item: Leftovers
|-damage|p1a: Toxapex|59/100|[from] move: Infestation|[partiallytrapped]
|upkeep
|turn|14
|
|t:|1784546593
|move|p1a: Toxapex|Infestation|p2a: Toxapex
|-resisted|p2a: Toxapex|1
|-crit|p2a: Toxapex
|-damage|p2a: Toxapex|24/100
|-activate|p2a: Toxapex|move: Infestation|[of] p1a: Toxapex
|move|p2a: Toxapex|Infestation|p1a: Toxapex
|-resisted|p1a: Toxapex|1
|-damage|p1a: Toxapex|57/100
|
|-heal|p1a: Toxapex|63/100|[from] item: Leftovers
|-heal|p2a: Toxapex|30/100|[from] item: Leftovers
|-damage|p2a: Toxapex|18/100|[from] move: Infestation|[partiallytrapped]
|-damage|p1a: Toxapex|51/100|[from] move: Infestation|[partiallytrapped]
|upkeep
|turn|15
|
|t:|1784546603
|move|p2a: Toxapex|Baneful Bunker|p2a: Toxapex
|-singleturn|p2a: Toxapex|move: Protect
|move|p1a: Toxapex|Baneful Bunker||[still]
|-fail|p1a: Toxapex
|
|-heal|p1a: Toxapex|57/100|[from] item: Leftovers
|-heal|p2a: Toxapex|24/100|[from] item: Leftovers
|-damage|p2a: Toxapex|12/100|[from] move: Infestation|[partiallytrapped]
|-damage|p1a: Toxapex|45/100|[from] move: Infestation|[partiallytrapped]
|upkeep
|turn|16
|j| mdb dictador
|j| jmodri
|
|t:|1784546617
|move|p2a: Toxapex|Baneful Bunker||[still]
|-fail|p2a: Toxapex
|move|p1a: Toxapex|Infestation|p2a: Toxapex
|-resisted|p2a: Toxapex|1
|-damage|p2a: Toxapex|10/100
|
|-heal|p2a: Toxapex|16/100|[from] item: Leftovers
|-heal|p1a: Toxapex|50/100g|[from] item: Leftovers
|-damage|p2a: Toxapex|4/100|[from] move: Infestation|[partiallytrapped]
|-end|p1a: Toxapex|Infestation|[partiallytrapped]
|upkeep
|turn|17
|
|t:|1784546623
|move|p1a: Toxapex|Baneful Bunker|p1a: Toxapex
|-singleturn|p1a: Toxapex|move: Protect
|move|p2a: Toxapex|Baneful Bunker||[still]
|-fail|p2a: Toxapex
|
|-heal|p2a: Toxapex|10/100|[from] item: Leftovers
|-heal|p1a: Toxapex|56/100|[from] item: Leftovers
|-damage|p2a: Toxapex|0 fnt|[from] move: Infestation|[partiallytrapped]
|faint|p2a: Toxapex
|
|win|sohaib
|c|☆sohaib|ggs
|l| jmodri
|l| Code
|l| K0nqueror
|c|☆kakunaka|ggs
|l| Galahad Excalibur
|l| Lanturn comic
|l| vinimin jryahu
|l|☆sohaib
|player|p1|
|j| frostvg
|l| jarona
|l| Orlandolt
|l| Axior
|l| fangfangfan
|l| Anoother aetlas
|j| Finabas
|j| Hecate2
|l| frostvg
|l| Triir
|j| YOASOBI stan
|j| K0nqueror
|l| Finabas
|j| A Regu1ar Guy
|l| K0nqueror
|l| YOASOBI stan
|j| Triir
|j| flarefox
|l| Triir
|l| Lorenzaooo
|l| flarefox
|l| A Regu1ar Guy
|l| marcofiero
|j| kynan sahur
|l| mdb dictador
|l| kynan sahur
|l| nashvgc7
|j| Niziulove
|j| cablevgc
|l| cablevgc
|l| Hecate2
|l| gahaku
|l| Niziulove
|j| Shsjdjdjddc
|l| Shsjdjdjddc
|j| ido1234567890
|j| tabuvgc
|l| tabuvgc
|l| blaze7989
|j| fangfangfan
|l| fangfangfan
|j| gahaku
|j| Code
|l| Code
|l| gahaku
|l| 1500oneveryladder
|l| ido1234567890
|j| CICCIOTT fan
|l|☆kakunaka
|player|p2|
|l| CICCIOTT fan
|j| Scotty1vgc
|l| Scotty1vgc
|j| Mogo
|j| tryingsomethingnew
|l| Mogo
|j| Kglover
|l| tryingsomethingnew
|l| Kglover
|j| tryingsomethingnew
|l| tryingsomethingnew
|j| hiyopon
|l| hiyopon
|j| A Regu1ar Guy
|j| CICCIOTT fan
|l| CICCIOTT fan
|j|☆sohaib
|player|p1|sohaib|#smogonxnpa2026draftee2|
|j| CICCIOTT fan
|l|☆sohaib
|player|p1|
|l| CICCIOTT fan
|l| A Regu1ar Guy
|j|+Howkings
|j| marcofiero
|n| Sir AaronVGC|siraaronvgc
|n|+Howkings|howkings
|n| marcofiero|marcofiero
|l| marcofiero
|j| Will of urshifu
|l| Will of urshifu
|j| Will of urshifu
|l| Will of urshifu
|j| Vikram chan
|l| Vikram chan
|j| Vikram chan
|l| Vikram chan
|l|+Howkings
|j| fangfangfan
|l| fangfangfan
|j| MiiverseVGC
|l| MiiverseVGC
|j| FBISurveillanceMan
|l| FBISurveillanceMan
|j|☆sohaib
|player|p1|sohaib|#smogonxnpa2026draftee2|
|l|☆sohaib
|player|p1|
|j| Ally
|l| Ally
|j| repeatt
|l| repeatt
|j| Chongjun
|l| Chongjun
|j| X2Muz
|l| X2Muz
|j| Will of urshifu
|l| Will of urshifu
|j| templevgc
|l| templevgc
|j| Orlandolt
|l| Orlandolt
|j| Finabas
|l| Finabas
|j| PandaMan7567
|l| PandaMan7567
|j| starstruckbunni
|l| starstruckbunni
|j| Tekagt
|j| Mogo
