|j|☆higigig
|j|☆Gentlefish
|html|higigigGentlefish    
|uhtml|bestof|Game 3 of a best-of-3
|t:|1756176265
|gametype|doubles
|player|p1|higigig|sisandbro|1111
|player|p2|Gentlefish|dragontamer-gen9|1201
|gen|9
|tier|[Gen 9] VGC 2025 Reg H (Bo3)
|rated|
|rule|Species Clause: Limit one of each Pokémon
|rule|Item Clause: Limit 1 of each item
|clearpoke
|poke|p1|Sneasler, L50, M|
|poke|p1|Gholdengo, L50|
|poke|p1|Farigiraf, L50, F|
|poke|p1|Ursaluna-Bloodmoon, L50, M|
|poke|p1|Amoonguss, L50, M|
|poke|p1|Altaria, L50, M|
|poke|p2|Garchomp, L50, M|
|poke|p2|Weezing-Galar, L50, F|
|poke|p2|Archaludon, L50, F|
|poke|p2|Gholdengo, L50|
|poke|p2|Talonflame, L50, F|
|poke|p2|Annihilape, L50, M|
|teampreview|4
|showteam|p1|Sneasler||FocusSash|PoisonTouch|FakeOut,CloseCombat,DireClaw,Taunt|||M|||50|,,,,,Ghost]Gholdengo||ChoiceSpecs|GoodasGold|MakeItRain,ShadowBall,DazzlingGleam,PowerGem||||||50|,,,,,Steel]Farigiraf||MentalHerb|ArmorTail|Psychic,Imprison,HelpingHand,TrickRoom|||F|||50|,,,,,Grass]Ursaluna-Bloodmoon||ThroatSpray|MindsEye|HyperVoice,EarthPower,BloodMoon,Protect|||M|||50|,,,,,Normal]Amoonguss||SitrusBerry|Regenerator|SludgeBomb,PollenPuff,Spore,RagePowder|||M|||50|,,,,,Water]Altaria||CovertCloak|CloudNine|BreakingSwipe,HelpingHand,Haze,Tailwind|||M|||50|,,,,,Water
|showteam|p2|Garchomp||LifeOrb|RoughSkin|DragonClaw,Earthquake,StompingTantrum,Protect|||M|||50|,,,,,Ground]Weezing-Galar||FocusSash|NeutralizingGas|Protect,SludgeBomb,Taunt,StrangeSteam|||F|||50|,,,,,Flying]Archaludon||PowerHerb|Sturdy|ElectroShot,Thunderbolt,DracoMeteor,Protect|||F|||50|,,,,,Electric]Gholdengo||ChoiceSpecs|GoodasGold|ShadowBall,DazzlingGleam,PowerGem,MakeItRain||||||50|,,,,,Fairy]Talonflame||CovertCloak|GaleWings|Tailwind,DualWingbeat,WillOWisp,FlareBlitz|||F|||50|,,,,,Stellar]Annihilape||AssaultVest|Defiant|CloseCombat,RageFist,FinalGambit,IcePunch|||M|||50|,,,,,Grass
|inactive|Battle timer is ON: inactive players will automatically lose when time's up. (requested by higigig)
|inactive|higigig has 60 seconds left.
|inactive|Gentlefish has 60 seconds left.
|
|t:|1756176313
|teamsize|p1|4
|teamsize|p2|4
|start
|switch|p1a: Farigiraf|Farigiraf, L50, F|100/100
|switch|p1b: Amoonguss|Amoonguss, L50, M|100/100
|switch|p2a: Garchomp|Garchomp, L50, M|100/100
|switch|p2b: Weezing|Weezing-Galar, L50, F|100/100
|-ability|p2b: Weezing|Neutralizing Gas
|turn|1
|j| We_Are_Toasted
|inactive|Gentlefish has 30 seconds left.
|l| We_Are_Toasted
|inactive|Gentlefish has 20 seconds left.
|inactive|Gentlefish has 15 seconds left.
|inactive|Gentlefish has 10 seconds left.
|
|t:|1756176358
|-terastallize|p2a: Garchomp|Ground
|move|p2a: Garchomp|Stomping Tantrum|p1a: Farigiraf
|-damage|p1a: Farigiraf|47/100
|-damage|p2a: Garchomp|91/100|[from] item: Life Orb
|move|p2b: Weezing|Taunt|p1b: Amoonguss
|-start|p1b: Amoonguss|move: Taunt
|cant|p1b: Amoonguss|move: Taunt|Spore
|move|p1a: Farigiraf|Trick Room|p1a: Farigiraf
|-fieldstart|move: Trick Room|[of] p1a: Farigiraf
|
|upkeep
|turn|2
|
|t:|1756176379
|switch|p1b: Ursaluna|Ursaluna-Bloodmoon, L50, M|100/100
|move|p2b: Weezing|Protect|p2b: Weezing
|-singleturn|p2b: Weezing|Protect
|move|p1a: Farigiraf|Psychic|p2b: Weezing
|-activate|p2b: Weezing|move: Protect
|move|p2a: Garchomp|Earthquake|p1a: Farigiraf|[spread] p1a,p1b
|-activate|p2b: Weezing|move: Protect
|-damage|p1a: Farigiraf|0 fnt
|-damage|p1b: Ursaluna|53/100
|faint|p1a: Farigiraf
|-damage|p2a: Garchomp|81/100|[from] item: Life Orb
|
|upkeep
|
|t:|1756176393
|switch|p1a: Amoonguss|Amoonguss, L50, M|100/100
|turn|3
|inactive|Gentlefish has 30 seconds left.
|
|t:|1756176418
|-terastallize|p1b: Ursaluna|Normal
|move|p2a: Garchomp|Protect|p2a: Garchomp
|-singleturn|p2a: Garchomp|Protect
|move|p1a: Amoonguss|Spore|p2b: Weezing
|-status|p2b: Weezing|slp|[from] move: Spore
|move|p1b: Ursaluna|Hyper Voice|p2b: Weezing|[spread] p2b
|-activate|p2a: Garchomp|move: Protect
|-damage|p2b: Weezing|13/100 slp
|-enditem|p1b: Ursaluna|Throat Spray
|-boost|p1b: Ursaluna|spa|1|[from] item: Throat Spray
|cant|p2b: Weezing|slp
|
|upkeep
|turn|4
|
|t:|1756176438
|switch|p2a: Gholdengo|Gholdengo, L50|100/100
|move|p1a: Amoonguss|Pollen Puff|p1b: Ursaluna
|-heal|p1b: Ursaluna|100/100
|move|p1b: Ursaluna|Hyper Voice|p2a: Gholdengo|[spread] p2b
|-immune|p2a: Gholdengo
|-damage|p2b: Weezing|0 fnt
|faint|p2b: Weezing
|-end|p2b: Weezing|ability: Neutralizing Gas
|
|upkeep
|
|t:|1756176451
|switch|p2b: Garchomp|Garchomp, L50, M, tera:Ground|81/100
|turn|5
|inactive|higigig has 30 seconds left.
|inactive|Gentlefish has 30 seconds left.
|
|t:|1756176481
|move|p2b: Garchomp|Protect|p2b: Garchomp
|-singleturn|p2b: Garchomp|Protect
|move|p1a: Amoonguss|Sludge Bomb|p2a: Gholdengo
|-immune|p2a: Gholdengo
|move|p1b: Ursaluna|Earth Power|p2a: Gholdengo
|-supereffective|p2a: Gholdengo
|-damage|p2a: Gholdengo|0 fnt
|faint|p2a: Gholdengo
|
|-fieldend|move: Trick Room
|upkeep
|
|t:|1756176488
|switch|p2a: Talonflame|Talonflame, L50, F|100/100
|turn|6
|
|t:|1756176501
|move|p1a: Amoonguss|Rage Powder|p1a: Amoonguss
|-singleturn|p1a: Amoonguss|move: Rage Powder
|move|p2a: Talonflame|Flare Blitz|p1a: Amoonguss
|-supereffective|p1a: Amoonguss
|-damage|p1a: Amoonguss|11/100
|-enditem|p1a: Amoonguss|Sitrus Berry|[eat]
|-heal|p1a: Amoonguss|36/100|[from] item: Sitrus Berry
|-damage|p2a: Talonflame|58/100|[from] Recoil
|move|p2b: Garchomp|Earthquake|p1b: Ursaluna|[spread] p1a,p1b
|-immune|p2a: Talonflame
|-crit|p1a: Amoonguss
|-damage|p1a: Amoonguss|0 fnt
|-damage|p1b: Ursaluna|56/100
|faint|p1a: Amoonguss
|-damage|p2b: Garchomp|71/100|[from] item: Life Orb
|move|p1b: Ursaluna|Blood Moon|p2b: Garchomp
|-damage|p2b: Garchomp|0 fnt
|faint|p2b: Garchomp
|
|upkeep
|
|t:|1756176513
|switch|p1a: Gholdengo|Gholdengo, L50|100/100
|turn|7
|
|t:|1756176518
|move|p2a: Talonflame|Flare Blitz|p1b: Ursaluna
|-damage|p1b: Ursaluna|21/100
|-damage|p2a: Talonflame|42/100|[from] Recoil
|move|p1a: Gholdengo|Shadow Ball|p2a: Talonflame
|-damage|p2a: Talonflame|0 fnt
|faint|p2a: Talonflame
|
|win|higigig
|raw|higigig's rating: 1111 → 1142(+31 for winning)
|raw|Gentlefish's rating: 1201 → 1170(-31 for losing)
|c|☆higigig|ggwp
