|j|☆legionvgc
|j|☆breloomb01
|html|legionvgcbreloomb01    
|uhtml|bestof|Game 1 of a best-of-3
|t:|1757725484
|gametype|doubles
|player|p1|legionvgc|101|1293
|player|p2|breloomb01|2|1324
|gen|9
|tier|[Gen 9] VGC 2025 Reg H (Bo3)
|rated|
|rule|Species Clause: Limit one of each Pokémon
|rule|Item Clause: Limit 1 of each item
|clearpoke
|poke|p1|Jumpluff, L50, M|
|poke|p1|Charizard, L50, M|
|poke|p1|Incineroar, L50, M|
|poke|p1|Ursaluna, L50, M|
|poke|p1|Porygon2, L50|
|poke|p1|Torkoal, L50, M|
|poke|p2|Amoonguss, L50, M|
|poke|p2|Pelipper, L50, F|
|poke|p2|Archaludon, L50, F|
|poke|p2|Basculegion, L50, M|
|poke|p2|Gholdengo, L50|
|poke|p2|Weavile, L50, M|
|teampreview|4
|showteam|p1|Jumpluff||CovertCloak|Chlorophyll|RagePowder,SleepPowder,SunnyDay,Tailwind|||M|||50|,,,,,Water]Charizard||ChoiceSpecs|SolarPower|HeatWave,Overheat,WeatherBall,AirSlash|||M|||50|,,,,,Ghost]Incineroar||SitrusBerry|Intimidate|FlareBlitz,KnockOff,FakeOut,PartingShot|||M|||50|,,,,,Ghost]Ursaluna||FlameOrb|Guts|HeadlongRush,Facade,Earthquake,Protect|||M|||50|,,,,,Ghost]Porygon2||Eviolite|Download|TeraBlast,IceBeam,Recover,TrickRoom||||||50|,,,,,Fighting]Torkoal||EjectPack|Drought|Eruption,Overheat,HelpingHand,Protect|||M|||50|,,,,,Fire
|showteam|p2|Amoonguss||CovertCloak|Regenerator|PollenPuff,RagePowder,Spore,ClearSmog|||M|||50|,,,,,Water]Pelipper||SafetyGoggles|Drizzle|WeatherBall,Hurricane,Tailwind,Protect|||F|||50|,,,,,Ghost]Archaludon||AssaultVest|Stamina|DragonPulse,ElectroShot,FlashCannon,BodyPress|||F|||50|,,,,,Bug]Basculegion||ChoiceBand|SwiftSwim|WaveCrash,AquaJet,LastRespects,FlipTurn|||M|||50|,,,,,Fairy]Gholdengo||MetalCoat|GoodasGold|MakeItRain,NastyPlot,ShadowBall,Protect||||||50|,,,,,Water]Weavile||FocusSash|Pickpocket|FakeOut,TripleAxel,KnockOff,Taunt|||M|||50|,,,,,Ghost
|inactive|Battle timer is ON: inactive players will automatically lose when time's up. (requested by legionvgc)
|
|t:|1757725538
|teamsize|p1|4
|teamsize|p2|4
|start
|switch|p1a: Scat Pack|Incineroar, L50, M|100/100
|switch|p1b: Blueberry|Jumpluff, L50, M|100/100
|switch|p2a: Weavile|Weavile, L50, M|100/100
|switch|p2b: Amoonguss|Amoonguss, L50, M|100/100
|-ability|p1a: Scat Pack|Intimidate|boost
|-unboost|p2a: Weavile|atk|1
|-unboost|p2b: Amoonguss|atk|1
|turn|1
|inactive|legionvgc has 30 seconds left.
|inactive|breloomb01 has 30 seconds left.
|inactive|legionvgc has 20 seconds left.
|inactive|legionvgc has 15 seconds left.
|inactive|legionvgc has 10 seconds left.
|
|t:|1757725584
|switch|p2a: Gholdengo|Gholdengo, L50|100/100
|switch|p1b: Starbreaker|Porygon2, L50|100/100
|-ability|p1b: Starbreaker|Download|boost
|-boost|p1b: Starbreaker|atk|1
|move|p1a: Scat Pack|Flare Blitz|p2a: Gholdengo
|-supereffective|p2a: Gholdengo
|-damage|p2a: Gholdengo|0 fnt
|faint|p2a: Gholdengo
|-damage|p1a: Scat Pack|72/100|[from] Recoil
|move|p2b: Amoonguss|Spore|p1a: Scat Pack
|-status|p1a: Scat Pack|slp|[from] move: Spore
|
|upkeep
|
|t:|1757725602
|switch|p2a: Weavile|Weavile, L50, M|100/100
|turn|2
|
|t:|1757725626
|move|p2a: Weavile|Knock Off|p1b: Starbreaker
|-damage|p1b: Starbreaker|69/100
|-enditem|p1b: Starbreaker|Eviolite|[from] move: Knock Off|[of] p2a: Weavile
|cant|p1a: Scat Pack|slp
|move|p1b: Starbreaker|Ice Beam|p2b: Amoonguss
|-supereffective|p2b: Amoonguss
|-damage|p2b: Amoonguss|53/100
|move|p2b: Amoonguss|Spore|p1b: Starbreaker
|-status|p1b: Starbreaker|slp|[from] move: Spore
|
|upkeep
|turn|3
|inactive|legionvgc has 30 seconds left.
|
|t:|1757725654
|switch|p2b: Pelipper|Pelipper, L50, F|100/100
|-weather|RainDance|[from] ability: Drizzle|[of] p2b: Pelipper
|move|p2a: Weavile|Knock Off|p1a: Scat Pack
|-resisted|p1a: Scat Pack
|-damage|p1a: Scat Pack|49/100 slp
|-enditem|p1a: Scat Pack|Sitrus Berry|[from] move: Knock Off|[of] p2a: Weavile
|cant|p1a: Scat Pack|slp
|cant|p1b: Starbreaker|slp
|
|-weather|RainDance|[upkeep]
|upkeep
|turn|4
|inactive|legionvgc has 30 seconds left.
|inactive|legionvgc has 20 seconds left.
|
|t:|1757725691
|switch|p1a: Blueberry|Jumpluff, L50, M|100/100
|move|p2a: Weavile|Triple Axel|p1b: Starbreaker
|-damage|p1b: Starbreaker|59/100 slp
|-damage|p1b: Starbreaker|39/100 slp
|-hitcount|p1b: Starbreaker|2
|move|p2b: Pelipper|Weather Ball|p1a: Blueberry
|-resisted|p1a: Blueberry
|-damage|p1a: Blueberry|72/100
|cant|p1b: Starbreaker|slp
|
|-weather|RainDance|[upkeep]
|upkeep
|turn|5
|
|t:|1757725716
|-terastallize|p1a: Blueberry|Water
|move|p2a: Weavile|Taunt|p1a: Blueberry
|-start|p1a: Blueberry|move: Taunt
|cant|p1a: Blueberry|move: Taunt|Sleep Powder
|move|p2b: Pelipper|Weather Ball|p1b: Starbreaker
|-damage|p1b: Starbreaker|0 fnt
|faint|p1b: Starbreaker
|
|-weather|RainDance|[upkeep]
|upkeep
|
|t:|1757725732
|switch|p1b: Scat Pack|Incineroar, L50, M|49/100 slp
|-ability|p1b: Scat Pack|Intimidate|boost
|-unboost|p2a: Weavile|atk|1
|-unboost|p2b: Pelipper|atk|1
|turn|6
|
|t:|1757725743
|switch|p2a: Amoonguss|Amoonguss, L50, M|86/100
|switch|p1a: Baloo|Ursaluna, L50, M, shiny|100/100
|move|p2b: Pelipper|Weather Ball|p1b: Scat Pack
|-supereffective|p1b: Scat Pack
|-damage|p1b: Scat Pack|0 fnt
|faint|p1b: Scat Pack
|
|-weather|RainDance|[upkeep]
|-status|p1a: Baloo|brn|[from] item: Flame Orb
|upkeep
|
|t:|1757725754
|switch|p1b: Blueberry|Jumpluff, L50, M, tera:Water|72/100
|turn|7
|
|t:|1757725767
|move|p1b: Blueberry|Sleep Powder|p2b: Pelipper
|-activate|p2b: Pelipper|item: Safety Goggles|Sleep Powder
|move|p2b: Pelipper|Weather Ball|p1a: Baloo
|-supereffective|p1a: Baloo
|-damage|p1a: Baloo|0 fnt
|faint|p1a: Baloo
|move|p2a: Amoonguss|Spore|p1b: Blueberry
|-status|p1b: Blueberry|slp|[from] move: Spore
|
|-weather|none
|upkeep
|turn|8
|
|t:|1757725785
|switch|p2b: Weavile|Weavile, L50, M|100/100
|cant|p1b: Blueberry|slp
|move|p2a: Amoonguss|Pollen Puff|p1b: Blueberry
|-damage|p1b: Blueberry|53/100 slp
|
|upkeep
|turn|9
|
|t:|1757725800
|move|p2b: Weavile|Knock Off|p1b: Blueberry
|-damage|p1b: Blueberry|0 fnt
|-enditem|p1b: Blueberry|Covert Cloak|[from] move: Knock Off|[of] p2b: Weavile
|faint|p1b: Blueberry
|
|win|breloomb01
