|j|☆MaxUtrecht
|j|☆robeti
|html|MaxUtrechtrobeti    
|uhtml|bestof|Game 1 of a best-of-3
|t:|1783598937
|gametype|doubles
|player|p1|MaxUtrecht|lucas|1128
|player|p2|robeti|2|1153
|gen|9
|tier|[Gen 9 Champions] VGC 2026 Reg M-B (Bo3)
|rated|
|rule|Species Clause: Limit one of each Pokémon
|rule|Item Clause: Limit 1 of each item
|clearpoke
|poke|p1|Charizard, L50, F|
|poke|p1|Basculegion, L50, M|
|poke|p1|Farigiraf, L50, M|
|poke|p1|Scrafty, L50, M|
|poke|p1|Bellibolt, L50, M|
|poke|p1|Decidueye-Hisui, L50, F|
|poke|p2|Pelipper, L50, M|
|poke|p2|Swampert, L50, F|
|poke|p2|Raichu, L50, M|
|poke|p2|Archaludon, L50, F|
|poke|p2|Sableye, L50, F|
|poke|p2|Sneasler, L50, M|
|teampreview|4
|showteam|p1|Charizard||CharizarditeX|SolarPower|FlareBlitz,DragonClaw,DragonDance,Protect|Jolly||F|||50|]Basculegion||ChoiceScarf|Adaptability|AquaJet,FlipTurn,WaveCrash,LastRespects|Jolly||M|||50|]Farigiraf||SitrusBerry|ArmorTail|Psychic,HyperVoice,HelpingHand,TrickRoom|Quiet||M|||50|]Scrafty||Scraftinite|Intimidate|DrainPunch,KnockOff,FakeOut,Protect|Brave||M|||50|]Bellibolt||Leftovers|Electromorphosis|Soak,ParabolicCharge,Thunderbolt,Protect|Bold||M|||50|]Decidueye-Hisui||FocusSash|Scrappy|TripleArrows,LeafBlade,KnockOff,Protect|Adamant||F|||50|
|showteam|p2|Pelipper||FocusSash|Drizzle|WideGuard,Hurricane,WeatherBall,Tailwind|Calm||M|||50|]Swampert||Swampertite|Torrent|WaveCrash,HighHorsepower,IcePunch,Protect|Adamant||F|||50|]Raichu||RaichuniteY|LightningRod|ZapCannon,FocusBlast,Protect,FakeOut|Timid||M|||50|]Archaludon||Leftovers|Stamina|DragonPulse,ElectroShot,FlashCannon,Protect|Calm||F|||50|]Sableye||LightClay|Prankster|LightScreen,Reflect,WillOWisp,RainDance|Bold||F|||50|]Sneasler||WhiteHerb|Unburden|Protect,FakeOut,DireClaw,CloseCombat|Jolly||M|||50|
|j| kevin557
|
|t:|1783598998
|teamsize|p1|4
|teamsize|p2|4
|start
|switch|p1a: Farigiraf|Farigiraf, L50, M|100/100
|switch|p1b: Bellibolt|Bellibolt, L50, M|100/100
|switch|p2a: Raichu|Raichu, L50, M|100/100
|switch|p2b: Sneasler|Sneasler, L50, M|100/100
|turn|1
|c| kevin557|GO SCRAFTY GO GO SCRAFTY GO
|
|t:|1783599023
|detailschange|p2a: Raichu|Raichu-Mega-Y, L50, M
|-mega|p2a: Raichu|Raichu|Raichunite Y
|move|p2a: Raichu|Zap Cannon|p1a: Farigiraf
|-damage|p1a: Farigiraf|30/100
|-status|p1a: Farigiraf|par
|-enditem|p1a: Farigiraf|Sitrus Berry|[eat]
|-heal|p1a: Farigiraf|55/100 par|[from] item: Sitrus Berry
|move|p2b: Sneasler|Close Combat|p1a: Farigiraf
|-damage|p1a: Farigiraf|0 fnt
|-unboost|p2b: Sneasler|def|1
|-unboost|p2b: Sneasler|spd|1
|faint|p1a: Farigiraf
|-enditem|p2b: Sneasler|White Herb
|-clearnegativeboost|p2b: Sneasler|[silent]
|move|p1b: Bellibolt|Soak|p2a: Raichu
|-start|p2a: Raichu|typechange|Water
|
|upkeep
|
|t:|1783599041
|switch|p1a: Scrafty|Scrafty, L50, M|100/100
|-ability|p1a: Scrafty|Intimidate|boost
|-unboost|p2a: Raichu|atk|1
|-unboost|p2b: Sneasler|atk|1
|turn|2
|c|☆MaxUtrecht|I can see your excited for scrafty
|c| kevin557|WIN
|c| kevin557|FOR SCRAFTY
|c|☆MaxUtrecht|I will try my best
|
|t:|1783599098
|detailschange|p1a: Scrafty|Scrafty-Mega, L50, M
|-mega|p1a: Scrafty|Scrafty|Scraftinite
|-ability|p1a: Scrafty|Intimidate|boost
|-unboost|p2a: Raichu|atk|1
|-unboost|p2b: Sneasler|atk|1
|move|p2b: Sneasler|Protect|p2b: Sneasler
|-singleturn|p2b: Sneasler|Protect
|move|p2a: Raichu|Protect|p2a: Raichu
|-singleturn|p2a: Raichu|Protect
|move|p1a: Scrafty|Fake Out|p2b: Sneasler
|-activate|p2b: Sneasler|move: Protect
|move|p1b: Bellibolt|Parabolic Charge|p2a: Raichu|[spread] p1a
|-activate|p2a: Raichu|move: Protect
|-activate|p2b: Sneasler|move: Protect
|-damage|p1a: Scrafty|84/100
|
|upkeep
|turn|3
|c| kevin557|GOAT
|c|☆MaxUtrecht|If you just cc your raichu
|c|☆MaxUtrecht|and zapcannon your sneasles
|
|t:|1783599148
|move|p2b: Sneasler|Close Combat|p1a: Scrafty
|-supereffective|p1a: Scrafty|1
|-damage|p1a: Scrafty|31/100
|-unboost|p2b: Sneasler|def|1
|-unboost|p2b: Sneasler|spd|1
|move|p2a: Raichu|Focus Blast|p1a: Scrafty
|-supereffective|p1a: Scrafty|1
|-damage|p1a: Scrafty|0 fnt
|faint|p1a: Scrafty
|move|p1b: Bellibolt|Parabolic Charge|p2a: Raichu|[spread] p2a,p2b
|-supereffective|p2a: Raichu|1
|-damage|p2a: Raichu|51/100
|-damage|p2b: Sneasler|64/100
|
|upkeep
|
|t:|1783599160
|switch|p1a: Decidueye|Decidueye-Hisui, L50, F|100/100
|turn|4
|
|t:|1783599169
|move|p1a: Decidueye|Protect|p1a: Decidueye
|-singleturn|p1a: Decidueye|Protect
|move|p2b: Sneasler|Dire Claw|p1a: Decidueye
|-activate|p1a: Decidueye|move: Protect
|move|p2a: Raichu|Focus Blast|p1a: Decidueye
|-activate|p1a: Decidueye|move: Protect
|move|p1b: Bellibolt|Parabolic Charge|p2a: Raichu|[spread] p2a,p2b
|-activate|p1a: Decidueye|move: Protect
|-supereffective|p2a: Raichu|1
|-damage|p2a: Raichu|6/100
|-damage|p2b: Sneasler|28/100
|
|upkeep
|turn|5
|
|t:|1783599184
|move|p1a: Decidueye|Protect||[still]
|-fail|p1a: Decidueye
|move|p2b: Sneasler|Dire Claw|p1a: Decidueye
|-supereffective|p1a: Decidueye|1
|-damage|p1a: Decidueye|53/100
|move|p2a: Raichu|Focus Blast|p1a: Decidueye
|-damage|p1a: Decidueye|13/100
|move|p1b: Bellibolt|Parabolic Charge|p2a: Raichu|[spread] p1a,p2a,p2b
|-resisted|p1a: Decidueye|1
|-supereffective|p2a: Raichu|1
|-damage|p1a: Decidueye|6/100
|-damage|p2a: Raichu|0 fnt
|-damage|p2b: Sneasler|0 fnt
|faint|p2a: Raichu
|faint|p2b: Sneasler
|
|upkeep
|
|t:|1783599189
|switch|p2a: Archaludon|Archaludon, L50, F|100/100
|switch|p2b: Pelipper|Pelipper, L50, M|100/100
|-weather|RainDance|[from] ability: Drizzle|[of] p2b: Pelipper
|turn|6
|
|t:|1783599217
|move|p1a: Decidueye|Protect|p1a: Decidueye
|-singleturn|p1a: Decidueye|Protect
|move|p2b: Pelipper|Wide Guard|p2b: Pelipper
|-singleturn|p2b: Pelipper|Wide Guard
|move|p2a: Archaludon|Electro Shot||[still]
|-prepare|p2a: Archaludon|Electro Shot
|-boost|p2a: Archaludon|spa|1
|-anim|p2a: Archaludon|Electro Shot|p1a: Decidueye
|-activate|p1a: Decidueye|move: Protect
|move|p1b: Bellibolt|Soak|p2a: Archaludon
|-start|p2a: Archaludon|typechange|Water
|
|-weather|RainDance|[upkeep]
|upkeep
|turn|7
|
|t:|1783599236
|move|p2a: Archaludon|Protect|p2a: Archaludon
|-singleturn|p2a: Archaludon|Protect
|move|p2b: Pelipper|Hurricane|p1a: Decidueye
|-supereffective|p1a: Decidueye|2
|-damage|p1a: Decidueye|0 fnt
|faint|p1a: Decidueye
|move|p1b: Bellibolt|Thunderbolt|p2b: Pelipper
|-supereffective|p2b: Pelipper|2
|-enditem|p2b: Pelipper|Focus Sash
|-damage|p2b: Pelipper|1/100
|
|-weather|RainDance|[upkeep]
|upkeep
|turn|8
|
|t:|1783599252
|move|p2b: Pelipper|Wide Guard|p2b: Pelipper
|-singleturn|p2b: Pelipper|Wide Guard
|move|p2a: Archaludon|Dragon Pulse|p1b: Bellibolt
|-damage|p1b: Bellibolt|64/100
|-start|p1b: Bellibolt|Charge|Dragon Pulse|[from] ability: Electromorphosis
|move|p1b: Bellibolt|Thunderbolt|p2b: Pelipper
|-supereffective|p2b: Pelipper|2
|-damage|p2b: Pelipper|0 fnt
|faint|p2b: Pelipper
|-end|p1b: Bellibolt|Charge|[silent]
|
|-weather|RainDance|[upkeep]
|-heal|p1b: Bellibolt|70/100|[from] item: Leftovers
|upkeep
|turn|9
|
|t:|1783599269
|move|p2a: Archaludon|Dragon Pulse|p1b: Bellibolt
|-damage|p1b: Bellibolt|30/100
|-start|p1b: Bellibolt|Charge|Dragon Pulse|[from] ability: Electromorphosis
|move|p1b: Bellibolt|Parabolic Charge|p2a: Archaludon
|-supereffective|p2a: Archaludon|1
|-damage|p2a: Archaludon|8/100
|-heal|p1b: Bellibolt|72/100|[from] drain|[of] p2a: Archaludon
|-ability|p2a: Archaludon|Stamina|boost
|-boost|p2a: Archaludon|def|1
|-end|p1b: Bellibolt|Charge|[silent]
|
|-weather|RainDance|[upkeep]
|-heal|p2a: Archaludon|14/100|[from] item: Leftovers
|-heal|p1b: Bellibolt|78/100|[from] item: Leftovers
|upkeep
|turn|10
|c|☆MaxUtrecht|Belligoat
|c| kevin557|FOR SCRAFTYYYYYY
|
|t:|1783599288
|move|p2a: Archaludon|Dragon Pulse|p1b: Bellibolt
|-damage|p1b: Bellibolt|40/100
|-start|p1b: Bellibolt|Charge|Dragon Pulse|[from] ability: Electromorphosis
|move|p1b: Bellibolt|Parabolic Charge|p2a: Archaludon
|-supereffective|p2a: Archaludon|1
|-damage|p2a: Archaludon|0 fnt
|-heal|p1b: Bellibolt|47/100|[from] drain|[of] p2a: Archaludon
|faint|p2a: Archaludon
|-end|p1b: Bellibolt|Charge|[silent]
|
|win|MaxUtrecht
|c|☆robeti|i understand it now
||robeti is ready for game 2.
||MaxUtrecht is ready for game 2.
|uhtml|next|Next: Game 2 of 3
|l|☆robeti
|player|p2|
