|j|☆sam0el
|j|☆Zacharykeith
|html|sam0elZacharykeith    
|uhtml|bestof|Game 2 of a best-of-3
|t:|1756339160
|gametype|doubles
|player|p1|sam0el|veteran|1089
|player|p2|Zacharykeith|fisherman-gen4|1106
|gen|9
|tier|[Gen 9] VGC 2025 Reg H (Bo3)
|rated|
|rule|Species Clause: Limit one of each Pokémon
|rule|Item Clause: Limit 1 of each item
|clearpoke
|poke|p1|Hatterene, L50, F|
|poke|p1|Indeedee-F, L50, F|
|poke|p1|Gallade, L50, M|
|poke|p1|Torkoal, L50, F|
|poke|p1|Zoroark-Hisui, L50, M|
|poke|p1|Ursaluna-Bloodmoon, L50, M|
|poke|p2|Rillaboom, L50, M|
|poke|p2|Infernape, L50, M|
|poke|p2|Electabuzz, L50, M|
|poke|p2|Kingambit, L50, F|
|poke|p2|Primarina, L50, M|
|poke|p2|Dragapult, L50, F|
|teampreview|4
|showteam|p1|Hatterene||MindPlate|MagicBounce|ExpandingForce,DazzlingGleam,Protect,TrickRoom|||F|||50|,,,,,Fire]Indeedee-F||PsychicSeed|PsychicSurge|FollowMe,HelpingHand,TrickRoom,HealPulse|||F|||50|,,,,,Water]Gallade||ClearAmulet|Sharpness|SacredSword,PsychoCut,WideGuard,TrickRoom|||M|||50|,,,,,Grass]Torkoal||ChoiceSpecs|Drought|Eruption,HeatWave,WeatherBall,EarthPower|||F|||50|,,,,,Fire]Zoroark-Hisui||LifeOrb|Illusion|HyperBeam,ShadowBall,Protect,Flamethrower|||M|||50|,,,,,Stellar]Ursaluna-Bloodmoon||SilkScarf|MindsEye|EarthPower,BloodMoon,HyperVoice,HyperBeam|||M|||50|,,,,,Normal
|showteam|p2|Rillaboom||AssaultVest|GrassySurge|FakeOut,GrassyGlide,WoodHammer,HighHorsepower|||M|||50|,,,,,Fire]Infernape||ClearAmulet|IronFist|FakeOut,FirePunch,CloseCombat,Protect|||M|||50|,,,,,Fire]Electabuzz||Eviolite|VitalSpirit|VoltSwitch,Electroweb,FollowMe,Taunt|||M|||50|,,,,,Ghost]Kingambit||BlackGlasses|Defiant|SuckerPunch,KowtowCleave,SwordsDance,Protect|||F|||50|,,,,,Dark]Primarina||ThroatSpray|LiquidVoice|HyperVoice,Moonblast,Haze,Protect|||M|||50|,,,,,Steel]Dragapult||ChoiceBand|ClearBody|DragonDarts,PhantomForce,Uturn,Outrage|||F|||50|,,,,,Dragon
|inactive|Battle timer is ON: inactive players will automatically lose when time's up. (requested by Zacharykeith)
|
|t:|1756339217
|teamsize|p1|4
|teamsize|p2|4
|start
|switch|p1a: Gallade|Gallade, L50, M|100/100
|switch|p1b: Hatterene|Hatterene, L50, F|100/100
|switch|p2a: Kingambit|Kingambit, L50, F|100/100
|switch|p2b: Electabuzz|Electabuzz, L50, M|100/100
|turn|1
|
|t:|1756339239
|-terastallize|p2b: Electabuzz|Ghost
|move|p2b: Electabuzz|Follow Me|p2b: Electabuzz
|-singleturn|p2b: Electabuzz|move: Follow Me
|move|p1b: Hatterene|Flamethrower|p2b: Electabuzz
|-damage|p2b: Electabuzz|70/100
|-damage|p1b: Hatterene|90/100|[from] item: Life Orb
|move|p2a: Kingambit|Kowtow Cleave|p1b: Hatterene
|-supereffective|p1b: Hatterene
|-damage|p1b: Hatterene|0 fnt
|replace|p1b: Zoroark|Zoroark-Hisui, L50, M
|-end|p1b: Zoroark|Illusion
|faint|p1b: Zoroark
|move|p1a: Gallade|Trick Room|p1a: Gallade
|-fieldstart|move: Trick Room|[of] p1a: Gallade
|
|upkeep
|
|t:|1756339259
|switch|p1b: Hatterene|Hatterene, L50, F|100/100
|turn|2
|inactive|Zacharykeith has 30 seconds left.
|inactive|Zacharykeith has 20 seconds left.
|
|t:|1756339296
|move|p2b: Electabuzz|Follow Me|p2b: Electabuzz
|-singleturn|p2b: Electabuzz|move: Follow Me
|move|p1b: Hatterene|Dazzling Gleam|p2a: Kingambit|[spread] p2a,p2b
|-damage|p2a: Kingambit|66/100
|-damage|p2b: Electabuzz|41/100
|move|p2a: Kingambit|Kowtow Cleave|p1b: Hatterene
|-damage|p1b: Hatterene|33/100
|move|p1a: Gallade|Sacred Sword|p2b: Electabuzz
|-immune|p2b: Electabuzz
|
|upkeep
|turn|3
|inactive|sam0el has 30 seconds left.
|inactive|Zacharykeith has 30 seconds left.
|inactive|sam0el has 20 seconds left.
|inactive|sam0el has 15 seconds left.
|
|t:|1756339337
|move|p2b: Electabuzz|Follow Me|p2b: Electabuzz
|-singleturn|p2b: Electabuzz|move: Follow Me
|move|p1b: Hatterene|Dazzling Gleam|p2b: Electabuzz|[spread] p2a,p2b
|-damage|p2a: Kingambit|28/100
|-damage|p2b: Electabuzz|16/100
|move|p2a: Kingambit|Kowtow Cleave|p1a: Gallade
|-damage|p1a: Gallade|10/100
|move|p1a: Gallade|Sacred Sword|p2b: Electabuzz
|-immune|p2b: Electabuzz
|
|upkeep
|turn|4
|
|t:|1756339359
|move|p2b: Electabuzz|Follow Me|p2b: Electabuzz
|-singleturn|p2b: Electabuzz|move: Follow Me
|move|p2a: Kingambit|Sucker Punch|p1b: Hatterene
|-damage|p1b: Hatterene|0 fnt
|faint|p1b: Hatterene
|move|p1a: Gallade|Sacred Sword|p2b: Electabuzz
|-immune|p2b: Electabuzz
|
|upkeep
|
|t:|1756339368
|switch|p1b: Indeedee|Indeedee-F, L50, F|100/100
|-fieldstart|move: Psychic Terrain|[from] ability: Psychic Surge|[of] p1b: Indeedee
|-enditem|p1b: Indeedee|Psychic Seed
|-boost|p1b: Indeedee|spd|1|[from] item: Psychic Seed
|turn|5
|
|t:|1756339390
|switch|p2b: Rillaboom|Rillaboom, L50, M|100/100
|-fieldstart|move: Grassy Terrain|[from] ability: Grassy Surge|[of] p2b: Rillaboom
|move|p1b: Indeedee|Follow Me|p1b: Indeedee
|-singleturn|p1b: Indeedee|move: Follow Me
|move|p2a: Kingambit|Sucker Punch||[still]
|-fail|p2a: Kingambit
|move|p1a: Gallade|Trick Room|p1a: Gallade
|-fieldend|move: Trick Room
|
|-heal|p1a: Gallade|15/100|[from] Grassy Terrain
|-heal|p2a: Kingambit|34/100|[from] Grassy Terrain
|upkeep
|turn|6
|-message|sam0el forfeited.
|
|win|Zacharykeith
