|j|☆nikosm240i
|j|☆AsianHeat-67
|html|nikosm240iAsianHeat-67    
|uhtml|bestof|Game 1 of a best-of-3
|t:|1756174914
|gametype|doubles
|player|p1|nikosm240i|fisherman-gen4|
|player|p2|AsianHeat-67|1|
|gen|9
|tier|[Gen 9] VGC 2025 Reg H (Bo3)
|rule|Species Clause: Limit one of each Pokémon
|rule|Item Clause: Limit 1 of each item
|clearpoke
|poke|p1|Tauros-Paldea-Aqua, L50, M|
|poke|p1|Garganacl, L50, M|
|poke|p1|Pelipper, L50, F|
|poke|p1|Froslass, L50, F|
|poke|p1|Brambleghast, L50, F|
|poke|p1|Bulbasaur, L50, M|
|poke|p2|Rillaboom, L50, F|
|poke|p2|Snorlax, L50, M|
|poke|p2|Exeggutor-Alola, L50, F|
|poke|p2|Clodsire, L50, F|
|poke|p2|Emboar, L50, F|
|poke|p2|Feraligatr, L50, F|
|teampreview|4
|showteam|p1|Tauros-Paldea-Aqua||LifeOrb|AngerPoint|WildCharge,BulkUp,AquaJet,RagingBull|||M|||50|,,,,,Electric]Garganacl||Leftovers|PurifyingSalt|IronDefense,BodyPress,SaltCure,Recover|||M|||50|,,,,,Fighting]Pelipper||AssaultVest|Drizzle|Uturn,Hurricane,Tailwind,IcyWind|||F|||50|,,,,,Ice]Froslass||FocusSash|CursedBody|FrostBreath,IcyWind,Hex,LightScreen|||F|||50|,,,,,Steel]Brambleghast||SitrusBerry|WindRider|Poltergeist,Protect,LeechSeed,SeedBomb|||F|||50|,,,,,Grass]Bulbasaur||Eviolite|Overgrow|HelpingHand,SleepPowder,Protect,Toxic|||M|||50|,,,,,Grass
|showteam|p2|Rillaboom||AssaultVest|GrassySurge|FakeOut,EarthPower,GrassyGlide,WoodHammer|||F|||50|,,,,,Ground]Snorlax||SalacBerry|Gluttony|BellyDrum,BodySlam,TeraBlast,SleepTalk|||M|||50|,,,,,Grass]Exeggutor-Alola||LightClay|Harvest|Reflect,LightScreen,DragonTail,Synthesis|||F|||50|,,,,,Fairy]Clodsire||Leftovers|Unaware|Counter,Toxic,HighHorsepower,RockSlide|||F|||50|,,,,,Ground]Emboar||ChoiceBand|Reckless|CloseCombat,FlareBlitz,WildCharge,DoubleEdge|||F|||50|,,,,,Water]Feraligatr||LifeOrb|SheerForce|Liquidation,Waterfall,Crunch,IceFang|||F|||50|,,,,,Dragon
|j| Mellolewd
|
|t:|1756174957
|teamsize|p1|4
|teamsize|p2|4
|start
|switch|p1a: Bulbasaur|Bulbasaur, L50, M|100/100
|switch|p1b: Tauros|Tauros-Paldea-Aqua, L50, M, shiny|100/100
|switch|p2a: Nonchalant Moyin|Exeggutor-Alola, L50, F|100/100
|switch|p2b: Dongil Gweon|Emboar, L50, F|100/100
|turn|1
|
|t:|1756174997
|move|p1a: Bulbasaur|Helping Hand|p1b: Tauros
|-singleturn|p1b: Tauros|Helping Hand|[of] p1a: Bulbasaur
|move|p1b: Tauros|Aqua Jet|p2b: Dongil Gweon
|-supereffective|p2b: Dongil Gweon
|-damage|p2b: Dongil Gweon|6/100
|-damage|p1b: Tauros|90/100|[from] item: Life Orb
|move|p2b: Dongil Gweon|Flare Blitz|p1a: Bulbasaur
|-supereffective|p1a: Bulbasaur
|-damage|p1a: Bulbasaur|0 fnt
|faint|p1a: Bulbasaur
|-damage|p2b: Dongil Gweon|0 fnt|[from] Recoil
|faint|p2b: Dongil Gweon
|move|p2a: Nonchalant Moyin|Reflect|p2a: Nonchalant Moyin
|-sidestart|p2: AsianHeat-67|Reflect
|
|upkeep
|
|t:|1756175015
|switch|p2b: Niko GaynSmelli|Rillaboom, L50, F|100/100
|switch|p1a: Pelipper|Pelipper, L50, F|100/100
|-fieldstart|move: Grassy Terrain|[from] ability: Grassy Surge|[of] p2b: Niko GaynSmelli
|-weather|RainDance|[from] ability: Drizzle|[of] p1a: Pelipper
|turn|2
|
|t:|1756175058
|-terastallize|p1b: Tauros|Electric
|move|p2b: Niko GaynSmelli|Fake Out|p1a: Pelipper
|-damage|p1a: Pelipper|90/100
|move|p1b: Tauros|Raging Bull|p2a: Nonchalant Moyin
|-sideend|p2: AsianHeat-67|Reflect
|-resisted|p2a: Nonchalant Moyin
|-crit|p2a: Nonchalant Moyin
|-damage|p2a: Nonchalant Moyin|77/100
|-damage|p1b: Tauros|80/100|[from] item: Life Orb
|cant|p1a: Pelipper|flinch
|move|p2a: Nonchalant Moyin|Light Screen|p2a: Nonchalant Moyin
|-sidestart|p2: AsianHeat-67|move: Light Screen
|
|-weather|RainDance|[upkeep]
|-heal|p1b: Tauros|86/100|[from] Grassy Terrain
|-heal|p2a: Nonchalant Moyin|83/100|[from] Grassy Terrain
|upkeep
|turn|3
|
|t:|1756175093
|move|p1b: Tauros|Raging Bull|p2b: Niko GaynSmelli
|-sideend|p2: AsianHeat-67|move: Light Screen
|-resisted|p2b: Niko GaynSmelli
|-damage|p2b: Niko GaynSmelli|52/100
|-damage|p1b: Tauros|76/100|[from] item: Life Orb
|move|p2b: Niko GaynSmelli|Wood Hammer|p1a: Pelipper
|-damage|p1a: Pelipper|25/100
|-damage|p2b: Niko GaynSmelli|32/100|[from] Recoil
|move|p1a: Pelipper|Hurricane|p2b: Niko GaynSmelli
|-supereffective|p2b: Niko GaynSmelli
|-damage|p2b: Niko GaynSmelli|0 fnt
|faint|p2b: Niko GaynSmelli
|move|p2a: Nonchalant Moyin|Dragon Tail|p1b: Tauros
|-damage|p1b: Tauros|54/100
|drag|p1b: Garganacl|Garganacl, L50, M|100/100
|
|-weather|RainDance|[upkeep]
|-heal|p2a: Nonchalant Moyin|89/100|[from] Grassy Terrain
|upkeep
|
|t:|1756175109
|switch|p2b: The Carl Zhang|Snorlax, L50, M|100/100
|turn|4
|
|t:|1756175144
|move|p2b: The Carl Zhang|Body Slam|p1b: Garganacl
|-resisted|p1b: Garganacl
|-crit|p1b: Garganacl
|-damage|p1b: Garganacl|81/100
|move|p1a: Pelipper|Icy Wind|p2a: Nonchalant Moyin|[spread] p2a,p2b
|-supereffective|p2a: Nonchalant Moyin
|-damage|p2a: Nonchalant Moyin|51/100
|-damage|p2b: The Carl Zhang|94/100
|-unboost|p2a: Nonchalant Moyin|spe|1
|-unboost|p2b: The Carl Zhang|spe|1
|move|p1b: Garganacl|Iron Defense|p1b: Garganacl
|-boost|p1b: Garganacl|def|2
|move|p2a: Nonchalant Moyin|Reflect|p2a: Nonchalant Moyin
|-sidestart|p2: AsianHeat-67|Reflect
|
|-weather|RainDance|[upkeep]
|-heal|p2b: The Carl Zhang|99/100|[from] Grassy Terrain
|-heal|p1b: Garganacl|87/100|[from] Grassy Terrain
|-heal|p1b: Garganacl|93/100|[from] item: Leftovers
|-heal|p2a: Nonchalant Moyin|57/100|[from] Grassy Terrain
|upkeep
|turn|5
|
|t:|1756175169
|move|p1a: Pelipper|Hurricane|p2a: Nonchalant Moyin
|-supereffective|p2a: Nonchalant Moyin
|-damage|p2a: Nonchalant Moyin|0 fnt
|faint|p2a: Nonchalant Moyin
|move|p2b: The Carl Zhang|Belly Drum|p2b: The Carl Zhang
|-damage|p2b: The Carl Zhang|50/100
|-setboost|p2b: The Carl Zhang|atk|6|[from] move: Belly Drum
|-enditem|p2b: The Carl Zhang|Salac Berry|[eat]
|-boost|p2b: The Carl Zhang|spe|1|[from] item: Salac Berry
|move|p1b: Garganacl|Body Press|p2b: The Carl Zhang
|-supereffective|p2b: The Carl Zhang
|-crit|p2b: The Carl Zhang
|-damage|p2b: The Carl Zhang|0 fnt
|faint|p2b: The Carl Zhang
|
|win|nikosm240i
||AsianHeat-67 is ready for game 2.
|inactive|nikosm240i has 30 seconds to confirm battle start!
||nikosm240i is ready for game 2.
|uhtml|next|Next: Game 2 of 3
