|j|☆NuclearNutz321
|j|☆negaifreak
|html|NuclearNutz321negaifreak    
|uhtml|bestof|Game 2 of a best-of-3
|t:|1756581907
|gametype|doubles
|player|p1|NuclearNutz321|veteranf|
|player|p2|negaifreak|nate|
|gen|9
|tier|[Gen 9] VGC 2025 Reg H (Bo3)
|rule|Species Clause: Limit one of each Pokémon
|rule|Item Clause: Limit 1 of each item
|clearpoke
|poke|p1|Chandelure, L50, F|
|poke|p1|Conkeldurr, L50, M|
|poke|p1|Hydreigon, L50, M|
|poke|p1|Corviknight, L50, F|
|poke|p1|Rillaboom, L50, M|
|poke|p1|Clefable, L50, F|
|poke|p2|Indeedee, L50, M|
|poke|p2|Sneasler, L50, F|
|poke|p2|Excadrill, L50, F|
|poke|p2|Magmar, L50, M|
|poke|p2|Corviknight, L50, F|
|poke|p2|Tyranitar, L50, F|
|teampreview|4
|showteam|p1|Chandelure||FocusSash|FlashFire|HeatWave,ShadowBall,TrickRoom,Protect|||F|||50|,,,,,Grass]Conkeldurr||FlameOrb|Guts|CloseCombat,Protect,MachPunch,KnockOff|||M|||50|,,,,,Steel]Hydreigon||SafetyGoggles|Levitate|Tailwind,DracoMeteor,DarkPulse,Protect|||M|||50|,,,,,Poison]Corviknight||Leftovers|MirrorArmor|BulkUp,BraveBird,BodyPress,Roost|||F|||50|,,,,,Dragon]Rillaboom||AssaultVest|GrassySurge|WoodHammer,FakeOut,HighHorsepower,GrassyGlide|||M|||50|,,,,,Ground]Clefable||SitrusBerry|Unaware|Moonblast,FollowMe,LifeDew,Protect|||F|||50|,,,,,Poison
|showteam|p2|Indeedee||ChoiceScarf|PsychicSurge|ExpandingForce,TeraBlast,Trick,Protect|||M|||50|,,,,,Psychic]Sneasler||WhiteHerb|Unburden|FakeOut,CloseCombat,DireClaw,Coaching|||F|||50|,,,,,Flying]Excadrill||FocusSash|SandRush|Earthquake,IronHead,SwordsDance,Protect|||F|||50|,,,,,Ground]Magmar||Eviolite|VitalSpirit|HeatWave,FollowMe,HelpingHand,Protect|||M|||50|,,,,,Flying]Corviknight||PsychicSeed|MirrorArmor|BraveBird,PowerTrip,BulkUp,Roost|||F|||50|,,,,,Water]Tyranitar||AssaultVest|SandStream|RockSlide,KnockOff,LowKick,TeraBlast|||F|||50|,,,,,Flying
|
|t:|1756581941
|teamsize|p1|4
|teamsize|p2|4
|start
|switch|p1a: Literally Me fr fr|Chandelure, L50, F|100/100
|switch|p1b: Clefable|Clefable, L50, F|100/100
|switch|p2a: Tyranitar|Tyranitar, L50, F|100/100
|switch|p2b: Excadrill|Excadrill, L50, F|100/100
|-weather|Sandstorm|[from] ability: Sand Stream|[of] p2a: Tyranitar
|turn|1
|
|t:|1756581980
|switch|p1b: Gary|Conkeldurr, L50, M|100/100
|-terastallize|p1a: Literally Me fr fr|Grass
|move|p2b: Excadrill|Iron Head|p1b: Gary
|-damage|p1b: Gary|62/100
|move|p2a: Tyranitar|Rock Slide|p1b: Gary|[spread] p1a,p1b
|-resisted|p1b: Gary
|-damage|p1a: Literally Me fr fr|62/100
|-damage|p1b: Gary|49/100
|move|p1a: Literally Me fr fr|Trick Room|p1a: Literally Me fr fr
|-fieldstart|move: Trick Room|[of] p1a: Literally Me fr fr
|
|-weather|Sandstorm|[upkeep]
|-damage|p1b: Gary|42/100|[from] Sandstorm
|-damage|p1a: Literally Me fr fr|56/100|[from] Sandstorm
|-status|p1b: Gary|brn|[from] item: Flame Orb
|upkeep
|turn|2
|
|t:|1756582026
|-terastallize|p2a: Tyranitar|Flying
|move|p1b: Gary|Knock Off|p2a: Tyranitar
|-damage|p2a: Tyranitar|55/100
|-enditem|p2a: Tyranitar|Assault Vest|[from] move: Knock Off|[of] p1b: Gary
|move|p2a: Tyranitar|Tera Blast|p1a: Literally Me fr fr|[anim] Tera Blast Flying
|-supereffective|p1a: Literally Me fr fr
|-damage|p1a: Literally Me fr fr|0 fnt
|faint|p1a: Literally Me fr fr
|move|p2b: Excadrill|Earthquake|p1b: Gary|[spread] p1b
|-immune|p2a: Tyranitar
|-damage|p1b: Gary|1/100 brn
|
|-weather|Sandstorm|[upkeep]
|-damage|p1b: Gary|0 fnt|[from] Sandstorm
|-damage|p2a: Tyranitar|49/100|[from] Sandstorm
|faint|p1b: Gary
|upkeep
|
|t:|1756582039
|switch|p1b: Susie|Hydreigon, L50, M|100/100
|switch|p1a: Clefable|Clefable, L50, F|100/100
|turn|3
|
|t:|1756582097
|move|p1a: Clefable|Life Dew||[still]|[still]|[spread] 
|-fail|p1a: Clefable|heal
|-fail|p1b: Susie|heal
|move|p2a: Tyranitar|Tera Blast|p1b: Susie|[anim] Tera Blast Flying
|-damage|p1b: Susie|57/100
|move|p1b: Susie|Dark Pulse|p2a: Tyranitar
|-damage|p2a: Tyranitar|16/100
|move|p2b: Excadrill|Iron Head|p1a: Clefable
|-supereffective|p1a: Clefable
|-damage|p1a: Clefable|23/100
|-enditem|p1a: Clefable|Sitrus Berry|[eat]
|-heal|p1a: Clefable|48/100|[from] item: Sitrus Berry
|
|-weather|Sandstorm|[upkeep]
|-damage|p1a: Clefable|42/100|[from] Sandstorm
|-damage|p2a: Tyranitar|10/100|[from] Sandstorm
|upkeep
|turn|4
|
|t:|1756582133
|move|p1a: Clefable|Moonblast|p2b: Excadrill
|-resisted|p2b: Excadrill
|-damage|p2b: Excadrill|80/100
|move|p2a: Tyranitar|Tera Blast|p1b: Susie|[anim] Tera Blast Flying
|-damage|p1b: Susie|15/100
|move|p1b: Susie|Dark Pulse|p2b: Excadrill
|-damage|p2b: Excadrill|27/100
|move|p2b: Excadrill|Iron Head|p1a: Clefable
|-supereffective|p1a: Clefable
|-damage|p1a: Clefable|0 fnt
|faint|p1a: Clefable
|
|-weather|Sandstorm|[upkeep]
|-damage|p2a: Tyranitar|4/100|[from] Sandstorm
|upkeep
|turn|5
|-message|NuclearNutz321 forfeited.
|
|win|negaifreak
|l|☆NuclearNutz321
|player|p1|
