|j|☆MRK44
|j|☆natsukivgc
|html|MRK44natsukivgc    
|uhtml|bestof|Game 1 of a best-of-3
|t:|1785682914
|gametype|doubles
|player|p1|MRK44|lance|1083
|player|p2|natsukivgc|265|1191
|gen|9
|tier|[Gen 9 Champions] VGC 2026 Reg M-B (Bo3)
|rated|
|rule|Species Clause: Limit one of each Pokémon
|rule|Item Clause: Limit 1 of each item
|clearpoke
|poke|p1|Tyranitar, L50, F|
|poke|p1|Excadrill, L50, M|
|poke|p1|Milotic, L50, F|
|poke|p1|Sinistcha, L50|
|poke|p1|Staraptor, L50, M|
|poke|p1|Gholdengo, L50|
|poke|p2|Garchomp, L50, F|
|poke|p2|Charizard, L50, M|
|poke|p2|Kingambit, L50, M|
|poke|p2|Basculegion, L50, M|
|poke|p2|Whimsicott, L50, M|
|poke|p2|Floette-Eternal, L50, F|
|teampreview|4
|showteam|p1|Tyranitar||Tyranitarite|SandStream|RockSlide,KnockOff,LowKick,Protect|Jolly||F|||50|]Excadrill||FocusSash|SandRush|HighHorsepower,IronHead,Protect,RockSlide|Adamant||M|||50|]Milotic||SitrusBerry|Competitive|Scald,Protect,IceBeam,IcyWind|Calm||F|||50|]Sinistcha||ColburBerry|Hospitality|MatchaGotcha,RagePowder,TrickRoom,Protect|Bold|||||50|]Staraptor||Staraptite|Intimidate|CloseCombat,Tailwind,BraveBird,Protect|Jolly||M|||50|]Gholdengo||LifeOrb|GoodasGold|NastyPlot,Protect,ShadowBall,MakeItRain|Modest|||||50|
|showteam|p2|Garchomp||SitrusBerry|RoughSkin|RockSlide,DragonTail,StompingTantrum,PoisonJab|Adamant||F|||50|]Charizard||CharizarditeY|Blaze|HeatWave,SolarBeam,WeatherBall,Protect|Modest||M|||50|]Kingambit||LifeOrb|Defiant|KowtowCleave,IronHead,SuckerPunch,LowKick|Adamant||M|||50|]Basculegion||ChoiceScarf|Adaptability|LastRespects,WaveCrash,FlipTurn,AquaJet|Jolly||M|||50|]Whimsicott||FocusSash|Prankster|Tailwind,Moonblast,Encore,Protect|Timid||M|||50|]Floette-Eternal||Floettite|FlowerVeil|DazzlingGleam,Moonblast,LightofRuin,Protect|Modest||F|||50|
|inactive|Battle timer is ON: inactive players will automatically lose when time's up. (requested by MRK44)
|inactive|MRK44 has 60 seconds left.
|inactive|MRK44 has 30 seconds left.
|inactive|MRK44 has 20 seconds left.
|inactive|MRK44 has 15 seconds left.
|inactive|MRK44 has 10 seconds left.
|
|t:|1785683021
|teamsize|p1|4
|teamsize|p2|4
|start
|switch|p1a: Tyranitar|Tyranitar, L50, F|100/100
|switch|p1b: Excadrill|Excadrill, L50, M|100/100
|switch|p2a: Whimsicott|Whimsicott, L50, M|100/100
|switch|p2b: Basculegion|Basculegion, L50, M|100/100
|-weather|Sandstorm|[from] ability: Sand Stream|[of] p1a: Tyranitar
|turn|1
|inactive|MRK44 has 30 seconds left.
|inactive|MRK44 has 20 seconds left.
|inactive|MRK44 has 15 seconds left.
|inactive|MRK44 has 10 seconds left.
|
|t:|1785683070
|detailschange|p1a: Tyranitar|Tyranitar-Mega, L50, F
|-mega|p1a: Tyranitar|Tyranitar|Tyranitarite
|move|p2a: Whimsicott|Tailwind|p2a: Whimsicott
|-sidestart|p2: natsukivgc|move: Tailwind
|move|p2b: Basculegion|Flip Turn|p1b: Excadrill
|-supereffective|p1b: Excadrill|1
|-damage|p1b: Excadrill|1/100
|
|t:|1785683082
|switch|p2b: Kingambit|Kingambit, L50, M|100/100|[from] Flip Turn
|move|p1b: Excadrill|Iron Head|p2a: Whimsicott
|-supereffective|p2a: Whimsicott|1
|-enditem|p2a: Whimsicott|Focus Sash
|-damage|p2a: Whimsicott|1/100
|move|p1a: Tyranitar|Knock Off|p2b: Kingambit
|-resisted|p2b: Kingambit|1
|-damage|p2b: Kingambit|73/100
|-enditem|p2b: Kingambit|Life Orb|[from] move: Knock Off|[of] p1a: Tyranitar
|
|-weather|Sandstorm|[upkeep]
|-damage|p2a: Whimsicott|0 fnt|[from] Sandstorm
|faint|p2a: Whimsicott
|upkeep
|
|t:|1785683101
|switch|p2a: Basculegion|Basculegion, L50, M|100/100
|turn|2
|
|t:|1785683113
|move|p1b: Excadrill|Protect|p1b: Excadrill
|-singleturn|p1b: Excadrill|Protect
|move|p1a: Tyranitar|Protect|p1a: Tyranitar
|-singleturn|p1a: Tyranitar|Protect
|move|p2a: Basculegion|Flip Turn|p1b: Excadrill
|-activate|p1b: Excadrill|move: Protect
|move|p2b: Kingambit|Low Kick|p1a: Tyranitar
|-activate|p1a: Tyranitar|move: Protect
|
|-weather|Sandstorm|[upkeep]
|-damage|p2a: Basculegion|93/100|[from] Sandstorm
|upkeep
|turn|3
|inactive|MRK44 has 30 seconds left.
|inactive|natsukivgc has 30 seconds left.
|
|t:|1785683138
|switch|p1a: Gholdengo|Gholdengo, L50|100/100
|move|p1b: Excadrill|Protect|p1b: Excadrill
|-singleturn|p1b: Excadrill|Protect
|move|p2a: Basculegion|Flip Turn|p1b: Excadrill
|-activate|p1b: Excadrill|move: Protect
|move|p2b: Kingambit|Low Kick|p1a: Gholdengo
|-immune|p1a: Gholdengo
|
|-weather|Sandstorm|[upkeep]
|-damage|p2a: Basculegion|87/100|[from] Sandstorm
|upkeep
|turn|4
|
|t:|1785683159
|move|p1a: Gholdengo|Protect|p1a: Gholdengo
|-singleturn|p1a: Gholdengo|Protect
|move|p2a: Basculegion|Flip Turn|p1b: Excadrill
|-supereffective|p1b: Excadrill|1
|-damage|p1b: Excadrill|0 fnt
|faint|p1b: Excadrill
|
|t:|1785683167
|switch|p2a: Floette|Floette-Eternal, L50, F|100/100|[from] Flip Turn
|move|p2b: Kingambit|Kowtow Cleave|p1a: Gholdengo
|-activate|p1a: Gholdengo|move: Protect
|
|-weather|Sandstorm|[upkeep]
|-damage|p2a: Floette|94/100|[from] Sandstorm
|-sideend|p2: natsukivgc|move: Tailwind
|upkeep
|
|t:|1785683175
|switch|p1b: Staraptor|Staraptor, L50, M|100/100
|-ability|p1b: Staraptor|Intimidate|boost
|-unboost|p2a: Floette|atk|1
|-unboost|p2b: Kingambit|atk|1
|-ability|p2b: Kingambit|Defiant|boost
|-boost|p2b: Kingambit|atk|2
|turn|5
|inactive|MRK44 has 30 seconds left.
|inactive|natsukivgc has 30 seconds left.
|inactive|MRK44 has 20 seconds left.
|inactive|natsukivgc has 20 seconds left.
|
|t:|1785683214
|detailschange|p2a: Floette|Floette-Mega, L50, F
|-mega|p2a: Floette|Floette|Floettite
|-ability|p2a: Floette|Fairy Aura
|move|p2a: Floette|Protect|p2a: Floette
|-singleturn|p2a: Floette|Protect
|move|p2b: Kingambit|Sucker Punch||[still]
|-fail|p2b: Kingambit
|move|p1b: Staraptor|Close Combat|p2b: Kingambit
|-supereffective|p2b: Kingambit|2
|-damage|p2b: Kingambit|0 fnt
|-unboost|p1b: Staraptor|def|1
|-unboost|p1b: Staraptor|spd|1
|faint|p2b: Kingambit
|move|p1a: Gholdengo|Nasty Plot|p1a: Gholdengo
|-boost|p1a: Gholdengo|spa|2
|
|-weather|none
|upkeep
|
|t:|1785683228
|switch|p2b: Basculegion|Basculegion, L50, M|87/100
|turn|6
|
|t:|1785683238
|move|p2b: Basculegion|Last Respects|p1a: Gholdengo
|-supereffective|p1a: Gholdengo|1
|-damage|p1a: Gholdengo|0 fnt
|faint|p1a: Gholdengo
|move|p1b: Staraptor|Tailwind|p1b: Staraptor
|-sidestart|p1: MRK44|move: Tailwind
|move|p2a: Floette|Moonblast|p1b: Staraptor
|-damage|p1b: Staraptor|0 fnt
|faint|p1b: Staraptor
|
|upkeep
|
|t:|1785683249
|switch|p1a: Tyranitar|Tyranitar-Mega, L50, F|100/100
|-weather|Sandstorm|[from] ability: Sand Stream|[of] p1a: Tyranitar
|turn|7
|inactive|MRK44 has 30 seconds left.
|
|t:|1785683279
|move|p1a: Tyranitar|Knock Off|p2b: Basculegion
|-supereffective|p2b: Basculegion|1
|-damage|p2b: Basculegion|0 fnt
|-enditem|p2b: Basculegion|Choice Scarf|[from] move: Knock Off|[of] p1a: Tyranitar
|faint|p2b: Basculegion
|move|p2a: Floette|Light of Ruin|p1a: Tyranitar
|-supereffective|p1a: Tyranitar|1
|-damage|p1a: Tyranitar|0 fnt
|faint|p1a: Tyranitar
|-damage|p2a: Floette|32/100|[from] Recoil
|
|win|natsukivgc
