|j|☆letcheflan
|j|☆Nezk025
|html|letcheflanNezk025    
|uhtml|bestof|Game 3 of a best-of-3
|t:|1782199569
|gametype|doubles
|player|p1|letcheflan|n|1090
|player|p2|Nezk025|nate|1231
|gen|9
|tier|[Gen 9 Champions] VGC 2026 Reg M-B (Bo3)
|rated|
|rule|Species Clause: Limit one of each Pokémon
|rule|Item Clause: Limit 1 of each item
|clearpoke
|poke|p1|Mawile, L50, F|
|poke|p1|Farigiraf, L50, F, shiny|
|poke|p1|Sableye, L50, M|
|poke|p1|Swampert, L50, M|
|poke|p1|Sinistcha, L50|
|poke|p1|Skeledirge, L50, F|
|poke|p2|Tyranitar, L50, F|
|poke|p2|Excadrill, L50, M|
|poke|p2|Basculegion, L50, M|
|poke|p2|Corviknight, L50, F|
|poke|p2|Rotom-Wash, L50|
|poke|p2|Garchomp, L50, M|
|teampreview|4
|showteam|p1|Mawile||Mawilite|Intimidate|Protect,PlayRough,IronHead,SwordsDance|Brave||F|||50|]Farigiraf||SitrusBerry|ArmorTail|Protect,PsychicNoise,HelpingHand,TrickRoom|Bold||F|||50|]Sableye||RoseliBerry|Prankster|LightScreen,Reflect,RainDance,Quash|Careful||M|||50|]Swampert||Swampertite|Torrent|Protect,WaveCrash,HighHorsepower,KnockOff|Adamant||M|||50|]Sinistcha||CobaBerry|Hospitality|MatchaGotcha,RagePowder,LifeDew,TrickRoom|Bold|||||50|]Skeledirge||ColburBerry|Unaware|Protect,TorchSong,ShadowBall,AlluringVoice|Relaxed||F|||50|
|showteam|p2|Tyranitar||Tyranitarite|SandStream|RockSlide,KnockOff,LowKick,Protect|Adamant||F|||50|]Excadrill||FocusSash|SandRush|Earthquake,IronHead,RockTomb,Protect|Adamant||M|||50|]Basculegion||ChoiceScarf|Adaptability|AquaJet,FlipTurn,LastRespects,WaveCrash|Adamant||M|||50|]Corviknight||Leftovers|MirrorArmor|Protect,Tailwind,BraveBird,IronHead|Impish||F|||50|]Rotom-Wash||SitrusBerry|Levitate|LightScreen,Reflect,VoltSwitch,Thunderbolt|Calm|||||50|]Garchomp||Garchompite|RoughSkin|DragonPulse,PowerGem,Protect,EarthPower|Modest||M|||50|
|inactive|Battle timer is ON: inactive players will automatically lose when time's up. (requested by letcheflan)
|
|t:|1782199593
|teamsize|p1|4
|teamsize|p2|4
|start
|switch|p1a: Swampert|Swampert, L50, M|100/100
|switch|p1b: G4MER67|Sableye, L50, M|100/100
|switch|p2a: 120sp atk>170atk|Garchomp, L50, M|100/100
|switch|p2b: Tyranitar|Tyranitar, L50, F|100/100
|-weather|Sandstorm|[from] ability: Sand Stream|[of] p2b: Tyranitar
|turn|1
|
|t:|1782199614
|switch|p2b: Rotom|Rotom-Wash, L50|100/100
|move|p2a: 120sp atk>170atk|Protect|p2a: 120sp atk>170atk
|-singleturn|p2a: 120sp atk>170atk|Protect
|move|p1b: G4MER67|Rain Dance|p1b: G4MER67
|-weather|RainDance
|move|p1a: Swampert|Wave Crash|p2a: 120sp atk>170atk
|-activate|p2a: 120sp atk>170atk|move: Protect
|
|-weather|RainDance|[upkeep]
|upkeep
|turn|2
|
|t:|1782199633
|switch|p2a: Corviknight|Corviknight, L50, F|100/100
|move|p1b: G4MER67|Light Screen|p1b: G4MER67
|-sidestart|p1: letcheflan|move: Light Screen
|move|p1a: Swampert|Wave Crash|p2a: Corviknight
|-damage|p2a: Corviknight|36/100
|-damage|p1a: Swampert|75/100|[from] Recoil
|move|p2b: Rotom|Reflect|p2b: Rotom
|-sidestart|p2: Nezk025|Reflect
|
|-weather|RainDance|[upkeep]
|-heal|p2a: Corviknight|42/100|[from] item: Leftovers
|upkeep
|turn|3
|
|t:|1782199647
|move|p1b: G4MER67|Reflect|p1b: G4MER67
|-sidestart|p1: letcheflan|Reflect
|move|p1a: Swampert|Wave Crash|p2a: Corviknight
|-damage|p2a: Corviknight|0 fnt
|faint|p2a: Corviknight
|-damage|p1a: Swampert|59/100|[from] Recoil
|move|p2b: Rotom|Volt Switch|p1b: G4MER67
|-damage|p1b: G4MER67|79/100
|
|t:|1782199656
|switch|p2b: Tyranitar|Tyranitar, L50, F|100/100|[from] Volt Switch
|-weather|Sandstorm|[from] ability: Sand Stream|[of] p2b: Tyranitar
|
|-weather|Sandstorm|[upkeep]
|-damage|p1b: G4MER67|73/100|[from] Sandstorm
|upkeep
|
|t:|1782199662
|switch|p2a: 120sp atk>170atk|Garchomp, L50, M|100/100
|turn|4
|
|t:|1782199675
|detailschange|p2a: 120sp atk>170atk|Garchomp-Mega, L50, M
|-mega|p2a: 120sp atk>170atk|Garchomp|Garchompite
|move|p1b: G4MER67|Rain Dance|p1b: G4MER67
|-weather|RainDance
|move|p2a: 120sp atk>170atk|Earth Power|p1a: Swampert
|-damage|p1a: Swampert|24/100
|move|p1a: Swampert|Knock Off|p2b: Tyranitar
|-resisted|p2b: Tyranitar|1
|-damage|p2b: Tyranitar|93/100
|move|p2b: Tyranitar|Knock Off|p1b: G4MER67
|-damage|p1b: G4MER67|24/100
|-enditem|p1b: G4MER67|Roseli Berry|[from] move: Knock Off|[of] p2b: Tyranitar
|
|-weather|RainDance|[upkeep]
|upkeep
|turn|5
|
|t:|1782199694
|switch|p2b: Rotom|Rotom-Wash, L50|100/100
|move|p1b: G4MER67|Quash|p2a: 120sp atk>170atk
|-activate|p2a: 120sp atk>170atk|move: Quash
|move|p1a: Swampert|Wave Crash|p2a: 120sp atk>170atk
|-damage|p2a: 120sp atk>170atk|33/100
|-damage|p1a: Swampert|0 fnt|[from] Recoil
|faint|p1a: Swampert
|move|p2a: 120sp atk>170atk|Earth Power|p1b: G4MER67
|-damage|p1b: G4MER67|0 fnt
|faint|p1b: G4MER67
|
|-weather|RainDance|[upkeep]
|upkeep
|
|t:|1782199707
|switch|p1a: Soya|Mawile, L50, F|100/100
|switch|p1b: Sinistcha|Sinistcha, L50|100/100
|-ability|p1a: Soya|Intimidate|boost
|-unboost|p2a: 120sp atk>170atk|atk|1
|-unboost|p2b: Rotom|atk|1
|turn|6
|
|t:|1782199718
|detailschange|p1a: Soya|Mawile-Mega, L50, F
|-mega|p1a: Soya|Mawile|Mawilite
|move|p2a: 120sp atk>170atk|Protect|p2a: 120sp atk>170atk
|-singleturn|p2a: 120sp atk>170atk|Protect
|move|p1a: Soya|Protect|p1a: Soya
|-singleturn|p1a: Soya|Protect
|move|p2b: Rotom|Thunderbolt|p1a: Soya
|-activate|p1a: Soya|move: Protect
|move|p1b: Sinistcha|Trick Room|p1b: Sinistcha
|-fieldstart|move: Trick Room|[of] p1b: Sinistcha
|
|-weather|RainDance|[upkeep]
|-sideend|p2: Nezk025|Reflect
|-sideend|p1: letcheflan|move: Light Screen
|upkeep
|turn|7
|
|t:|1782199737
|switch|p2a: Tyranitar|Tyranitar, L50, F|93/100
|-weather|Sandstorm|[from] ability: Sand Stream|[of] p2a: Tyranitar
|move|p1a: Soya|Play Rough|p2a: Tyranitar
|-supereffective|p2a: Tyranitar|1
|-damage|p2a: Tyranitar|0 fnt
|faint|p2a: Tyranitar
|move|p1b: Sinistcha|Matcha Gotcha|p2b: Rotom
|-supereffective|p2b: Rotom|1
|-crit|p2b: Rotom
|-damage|p2b: Rotom|12/100
|-enditem|p2b: Rotom|Sitrus Berry|[eat]
|-heal|p2b: Rotom|36/100|[from] item: Sitrus Berry
|move|p2b: Rotom|Reflect|p2b: Rotom
|-sidestart|p2: Nezk025|Reflect
|
|-weather|Sandstorm|[upkeep]
|-damage|p1b: Sinistcha|93/100|[from] Sandstorm
|-damage|p2b: Rotom|31/100|[from] Sandstorm
|-sideend|p1: letcheflan|Reflect
|upkeep
|
|t:|1782199745
|switch|p2a: 120sp atk>170atk|Garchomp-Mega, L50, M|33/100
|turn|8
|
|t:|1782199756
|move|p1b: Sinistcha|Rage Powder|p1b: Sinistcha
|-singleturn|p1b: Sinistcha|move: Rage Powder
|move|p1a: Soya|Swords Dance|p1a: Soya
|-boost|p1a: Soya|atk|2
|move|p2b: Rotom|Thunderbolt|p1b: Sinistcha
|-resisted|p1b: Sinistcha|1
|-damage|p1b: Sinistcha|78/100
|move|p2a: 120sp atk>170atk|Earth Power|p1b: Sinistcha
|-resisted|p1b: Sinistcha|1
|-damage|p1b: Sinistcha|47/100
|
|-weather|Sandstorm|[upkeep]
|-damage|p1b: Sinistcha|41/100|[from] Sandstorm
|-damage|p2b: Rotom|25/100|[from] Sandstorm
|upkeep
|turn|9
|-message|Nezk025 forfeited.
|
|win|letcheflan
|raw|letcheflan's rating: 1090 → 1127(+37 for winning)
|raw|Nezk025's rating: 1231 → 1196(-35 for losing)
|l|☆Nezk025
|player|p2|
