|j|☆spellbreakvgc
|j|☆TreyBayBay
|html|spellbreakvgcTreyBayBay    
|uhtml|bestof|Game 1 of a best-of-3
|t:|1757936848
|gametype|doubles
|player|p1|spellbreakvgc|lance|1101
|player|p2|TreyBayBay|ninjaboy|1059
|gen|9
|tier|[Gen 9] VGC 2025 Reg H (Bo3)
|rated|
|rule|Species Clause: Limit one of each Pokémon
|rule|Item Clause: Limit 1 of each item
|clearpoke
|poke|p1|Incineroar, L50, M|
|poke|p1|Tyranitar, L50, F|
|poke|p1|Porygon2, L50|
|poke|p1|Ursaluna, L50, M|
|poke|p1|Indeedee-F, L50, F|
|poke|p1|Gholdengo, L50|
|poke|p2|Ninetales-Alola, L50, M|
|poke|p2|Farigiraf, L50, M|
|poke|p2|Sneasler, L50, M|
|poke|p2|Incineroar, L50, F|
|poke|p2|Archaludon, L50, F|
|poke|p2|Hydreigon, L50, F|
|teampreview|4
|showteam|p1|Incineroar||SitrusBerry|Intimidate|PartingShot,FakeOut,KnockOff,Snarl|||M|||50|,,,,,Water]Tyranitar||AssaultVest|SandStream|RockSlide,KnockOff,LowKick,Outrage|||F|||50|,,,,,Flying]Porygon2||Eviolite|Download|TrickRoom,Recover,IceBeam,TeraBlast||||||50|,,,,,Ghost]Ursaluna||FlameOrb|Guts|Earthquake,HeadlongRush,Facade,Protect|||M|||50|,,,,,Fairy]Indeedee-F||PsychicSeed|PsychicSurge|FollowMe,HelpingHand,Psychic,TrickRoom|||F|||50|,,,,,Grass]Gholdengo||Leftovers|GoodasGold|MakeItRain,ShadowBall,NastyPlot,Protect||||||50|,,,,,Dragon
|showteam|p2|Ninetales-Alola||LightClay|SnowWarning|Protect,Blizzard,Moonblast,AuroraVeil|||M|||50|,,,,,Ghost]Farigiraf||ThroatSpray|ArmorTail|ExpandingForce,HyperVoice,TrickRoom,Imprison|||M|||50|,,,,,Fairy]Sneasler||FocusSash|PoisonTouch|FakeOut,DireClaw,CloseCombat,Taunt|||M|||50|,,,,,Stellar]Incineroar||SafetyGoggles|Intimidate|FakeOut,FlareBlitz,KnockOff,WillOWisp|||F|||50|,,,,,Ghost]Archaludon||AssaultVest|Stamina|DracoMeteor,FlashCannon,BodyPress,Thunderbolt|||F|||50|,,,,,Bug]Hydreigon||CovertCloak|Levitate|Snarl,EarthPower,HeatWave,Tailwind|||F|||50|,,,,,Ghost
|inactive|Battle timer is ON: inactive players will automatically lose when time's up. (requested by spellbreakvgc)
|
|t:|1757936898
|teamsize|p1|4
|teamsize|p2|4
|start
|switch|p1a: Incineroar|Incineroar, L50, M|100/100
|switch|p1b: Gholdengo|Gholdengo, L50|100/100
|switch|p2a: Hydreigon|Hydreigon, L50, F, shiny|100/100
|switch|p2b: Farigiraf|Farigiraf, L50, M, shiny|100/100
|-ability|p1a: Incineroar|Intimidate|boost
|-unboost|p2a: Hydreigon|atk|1
|-unboost|p2b: Farigiraf|atk|1
|turn|1
|
|t:|1757936918
|move|p2a: Hydreigon|Snarl|p1a: Incineroar|[spread] p1a,p1b
|-resisted|p1a: Incineroar
|-supereffective|p1b: Gholdengo
|-damage|p1a: Incineroar|93/100
|-damage|p1b: Gholdengo|60/100
|-unboost|p1a: Incineroar|spa|1
|-unboost|p1b: Gholdengo|spa|1
|move|p1b: Gholdengo|Nasty Plot|p1b: Gholdengo
|-boost|p1b: Gholdengo|spa|2
|move|p2b: Farigiraf|Hyper Voice|p1b: Gholdengo|[spread] p1a
|-immune|p1b: Gholdengo
|-damage|p1a: Incineroar|75/100
|-enditem|p2b: Farigiraf|Throat Spray
|-boost|p2b: Farigiraf|spa|1|[from] item: Throat Spray
|move|p1a: Incineroar|Knock Off|p2b: Farigiraf
|-supereffective|p2b: Farigiraf
|-damage|p2b: Farigiraf|61/100
|
|-heal|p1b: Gholdengo|66/100|[from] item: Leftovers
|upkeep
|turn|2
|inactive|TreyBayBay has 30 seconds left.
|
|t:|1757936949
|move|p1b: Gholdengo|Protect|p1b: Gholdengo
|-singleturn|p1b: Gholdengo|Protect
|move|p2a: Hydreigon|Earth Power|p1a: Incineroar
|-supereffective|p1a: Incineroar
|-damage|p1a: Incineroar|30/100
|-unboost|p1a: Incineroar|spd|1
|-enditem|p1a: Incineroar|Sitrus Berry|[eat]
|-heal|p1a: Incineroar|55/100|[from] item: Sitrus Berry
|move|p2b: Farigiraf|Hyper Voice|p1a: Incineroar|[spread] p1a
|-activate|p1b: Gholdengo|move: Protect
|-damage|p1a: Incineroar|13/100
|move|p1a: Incineroar|Snarl|p2a: Hydreigon|[spread] p2b
|-miss|p1a: Incineroar|p2a: Hydreigon
|-supereffective|p2b: Farigiraf
|-damage|p2b: Farigiraf|45/100
|-unboost|p2b: Farigiraf|spa|1
|
|-heal|p1b: Gholdengo|73/100|[from] item: Leftovers
|upkeep
|turn|3
|inactive|spellbreakvgc has 30 seconds left.
|inactive|TreyBayBay has 30 seconds left.
|
|t:|1757936979
|switch|p1a: Tyranitar|Tyranitar, L50, F|100/100
|-weather|Sandstorm|[from] ability: Sand Stream|[of] p1a: Tyranitar
|-terastallize|p1b: Gholdengo|Dragon
|move|p2a: Hydreigon|Snarl|p1b: Gholdengo|[spread] p1a,p1b
|-resisted|p1a: Tyranitar
|-damage|p1a: Tyranitar|96/100
|-damage|p1b: Gholdengo|54/100
|-unboost|p1a: Tyranitar|spa|1
|-unboost|p1b: Gholdengo|spa|1
|move|p2b: Farigiraf|Hyper Voice|p1b: Gholdengo|[spread] p1a,p1b
|-resisted|p1a: Tyranitar
|-damage|p1a: Tyranitar|92/100
|-damage|p1b: Gholdengo|33/100
|move|p1b: Gholdengo|Nasty Plot|p1b: Gholdengo
|-boost|p1b: Gholdengo|spa|2
|
|-weather|Sandstorm|[upkeep]
|-damage|p2a: Hydreigon|95/100|[from] Sandstorm
|-damage|p1b: Gholdengo|27/100|[from] Sandstorm
|-damage|p2b: Farigiraf|39/100|[from] Sandstorm
|-heal|p1b: Gholdengo|33/100|[from] item: Leftovers
|upkeep
|turn|4
|inactive|TreyBayBay has 30 seconds left.
|inactive|TreyBayBay has 20 seconds left.
|inactive|TreyBayBay has 15 seconds left.
|
|t:|1757937020
|switch|p2b: Incineroar|Incineroar, L50, F|100/100
|-ability|p2b: Incineroar|Intimidate|boost
|-unboost|p1a: Tyranitar|atk|1
|-unboost|p1b: Gholdengo|atk|1
|move|p1b: Gholdengo|Protect|p1b: Gholdengo
|-singleturn|p1b: Gholdengo|Protect
|move|p2a: Hydreigon|Earth Power|p1b: Gholdengo
|-activate|p1b: Gholdengo|move: Protect
|move|p1a: Tyranitar|Low Kick|p2a: Hydreigon
|-supereffective|p2a: Hydreigon
|-damage|p2a: Hydreigon|35/100
|
|-weather|Sandstorm|[upkeep]
|-damage|p2a: Hydreigon|29/100|[from] Sandstorm
|-damage|p1b: Gholdengo|27/100|[from] Sandstorm
|-heal|p1b: Gholdengo|33/100|[from] item: Leftovers
|upkeep
|turn|5
|-message|spellbreakvgc forfeited.
|
|win|TreyBayBay
|l|☆spellbreakvgc
|player|p1|
||spellbreakvgc is ready for game 2.
