|j|вҳҶRiceVGCtw
|j|вҳҶSiuHinVGC
|html|RiceVGCtwSiuHinVGC    
|uhtml|bestof|Game 1 of a best-of-3
|t:|1786203285
|gametype|doubles
|player|p1|RiceVGCtw|266|
|player|p2|SiuHinVGC|clown|
|gen|9
|tier|[Gen 9 Champions] VGC 2026 Reg M-B (Bo3)
|rule|Species Clause: Limit one of each PokГ©mon
|rule|Item Clause: Limit 1 of each item
|clearpoke
|poke|p1|Venusaur, L50, M|
|poke|p1|Charizard, L50, M|
|poke|p1|Grimmsnarl, L50, M|
|poke|p1|Archaludon, L50, F|
|poke|p1|Basculegion, L50, M|
|poke|p1|Pelipper, L50, F|
|poke|p2|Sinistcha-Masterpiece, L50|
|poke|p2|Excadrill, L50, F|
|poke|p2|Gholdengo, L50|
|poke|p2|Milotic, L50, M|
|poke|p2|Staraptor, L50, M|
|poke|p2|Tyranitar, L50, M, shiny|
|teampreview|4
|showteam|p1|Venusaur||FocusSash|Chlorophyll|SludgeBomb,EarthPower,SleepPowder,Protect|Modest||M|||50|]Charizard||CharizarditeY|Blaze|Protect,HeatWave,SolarBeam,WeatherBall|Modest||M|||50|]Grimmsnarl||LightClay|Prankster|SpiritBreak,LightScreen,Reflect,PartingShot|Sassy||M|||50|]Archaludon||Leftovers|Stamina|ElectroShot,DragonPulse,FlashCannon,Protect|Calm||F|||50|]Basculegion||ChoiceScarf|Adaptability|WaveCrash,LastRespects,AquaJet,FlipTurn|Jolly||M|||50|]Pelipper||SitrusBerry|Drizzle|Hurricane,WeatherBall,Tailwind,WideGuard|Modest||F|||50|
|showteam|p2|Sinistcha-Masterpiece||ColburBerry|Hospitality|ShadowBall,MatchaGotcha,Protect,RagePowder|Bold|||||50|]Excadrill||FocusSash|SandRush|IronHead,RockSlide,Protect,HighHorsepower|Jolly||F|||50|]Gholdengo||LifeOrb|GoodasGold|ShadowBall,MakeItRain,Protect,NastyPlot|Modest|||||50|]Milotic||SitrusBerry|Competitive|Scald,IcyWind,Protect,Haze|Calm||M|||50|]Staraptor||Staraptite|Intimidate|CloseCombat,BraveBird,Protect,Tailwind|Jolly||M|||50|]Tyranitar||Tyranitarite|SandStream|RockSlide,KnockOff,Protect,LowKick|Jolly||M|||50|
|c|вҳҶSiuHinVGC|еӨҡеӨҡжҢҮж•ҷ
|j| RamenOwO
|j| Littlepak3
|j| haewonlove
|c|вҳҶRiceVGCtw|иІјеҘҪйҖЈзөҗдәҶ
|c|вҳҶRiceVGCtw|и«ӢеӨҡжҢҮж•ҷ
|inactive|Battle timer is ON: inactive players will automatically lose when time's up. (requested by RiceVGCtw)
|inactive|RiceVGCtw has 60 seconds left.
|
|t:|1786203428
|teamsize|p1|4
|teamsize|p2|4
|start
|switch|p1a: Charizard|Charizard, L50, M|100/100
|switch|p1b: Venusaur|Venusaur, L50, M|100/100
|switch|p2a: Excadrill|Excadrill, L50, F|100/100
|switch|p2b: Tyranitar|Tyranitar, L50, M, shiny|100/100
|-weather|Sandstorm|[from] ability: Sand Stream|[of] p2b: Tyranitar
|turn|1
|j| goodra168
|inactive|RiceVGCtw has 30 seconds left.
|
|t:|1786203460
|move|p2a: Excadrill|Protect|p2a: Excadrill
|-singleturn|p2a: Excadrill|Protect
|move|p1a: Charizard|Protect|p1a: Charizard
|-singleturn|p1a: Charizard|Protect
|move|p2b: Tyranitar|Protect|p2b: Tyranitar
|-singleturn|p2b: Tyranitar|Protect
|move|p1b: Venusaur|Sleep Powder|p2a: Excadrill
|-activate|p2a: Excadrill|move: Protect
|
|-weather|Sandstorm|[upkeep]
|-damage|p1a: Charizard|93/100|[from] Sandstorm
|-damage|p1b: Venusaur|94/100|[from] Sandstorm
|upkeep
|turn|2
|inactive|RiceVGCtw has 30 seconds left.
|inactive|SiuHinVGC has 30 seconds left.
|inactive|RiceVGCtw has 20 seconds left.
|inactive|RiceVGCtw has 15 seconds left.
|inactive|RiceVGCtw has 10 seconds left.
|inactive|SiuHinVGC has 20 seconds left.
|inactive|RiceVGCtw has 5 seconds left.
|
|t:|1786203511
|switch|p1a: Pelipper|Pelipper, L50, F|100/100
|-weather|RainDance|[from] ability: Drizzle|[of] p1a: Pelipper
|detailschange|p2b: Tyranitar|Tyranitar-Mega, L50, M, shiny
|-mega|p2b: Tyranitar|Tyranitar|Tyranitarite
|-weather|Sandstorm|[from] ability: Sand Stream|[of] p2b: Tyranitar
|move|p2a: Excadrill|High Horsepower|p1b: Venusaur
|-damage|p1b: Venusaur|32/100
|move|p2b: Tyranitar|Knock Off|p1b: Venusaur
|-damage|p1b: Venusaur|0 fnt
|-enditem|p1b: Venusaur|Focus Sash|[from] move: Knock Off|[of] p2b: Tyranitar
|faint|p1b: Venusaur
|
|-weather|Sandstorm|[upkeep]
|-damage|p1a: Pelipper|94/100|[from] Sandstorm
|upkeep
|
|t:|1786203531
|switch|p1b: Charizard|Charizard, L50, M|93/100
|turn|3
|inactive|SiuHinVGC has 30 seconds left.
|inactive|SiuHinVGC has 20 seconds left.
|inactive|SiuHinVGC has 15 seconds left.
|
|t:|1786203576
|detailschange|p1b: Charizard|Charizard-Mega-Y, L50, M
|-mega|p1b: Charizard|Charizard|Charizardite Y
|-weather|SunnyDay|[from] ability: Drought|[of] p1b: Charizard
|move|p1a: Pelipper|Wide Guard|p1a: Pelipper
|-singleturn|p1a: Pelipper|Wide Guard
|move|p2a: Excadrill|Iron Head|p1a: Pelipper
|-resisted|p1a: Pelipper|1
|-damage|p1a: Pelipper|68/100
|move|p1b: Charizard|Heat Wave|p2a: Excadrill|[spread] p2a,p2b
|-supereffective|p2a: Excadrill|1
|-resisted|p2b: Tyranitar|1
|-enditem|p2a: Excadrill|Focus Sash
|-damage|p2a: Excadrill|1/100
|-damage|p2b: Tyranitar|73/100
|move|p2b: Tyranitar|Knock Off|p1a: Pelipper
|-damage|p1a: Pelipper|8/100
|-enditem|p1a: Pelipper|Sitrus Berry|[from] move: Knock Off|[of] p2b: Tyranitar
|
|-weather|SunnyDay|[upkeep]
|upkeep
|turn|4
|inactive|RiceVGCtw has 30 seconds left.
|inactive|SiuHinVGC has 30 seconds left.
|inactive|RiceVGCtw has 20 seconds left.
|inactive|SiuHinVGC has 20 seconds left.
|inactive|RiceVGCtw has 15 seconds left.
|inactive|SiuHinVGC has 15 seconds left.
|inactive|RiceVGCtw has 10 seconds left.
|
|t:|1786203621
|switch|p2b: Staraptor|Staraptor, L50, M|100/100
|-ability|p2b: Staraptor|Intimidate|boost
|-unboost|p1a: Pelipper|atk|1
|-unboost|p1b: Charizard|atk|1
|switch|p1a: Basculegion|Basculegion, L50, M|100/100
|move|p2a: Excadrill|Rock Slide|p1b: Charizard|[spread] p1a
|-miss|p2a: Excadrill|p1b: Charizard
|-crit|p1a: Basculegion
|-damage|p1a: Basculegion|67/100
|move|p1b: Charizard|Solar Beam||[still]
|-prepare|p1b: Charizard|Solar Beam
|-anim|p1b: Charizard|Solar Beam|p2b: Staraptor
|-resisted|p2b: Staraptor|1
|-damage|p2b: Staraptor|70/100
|
|-weather|SunnyDay|[upkeep]
|upkeep
|turn|5
|inactive|RiceVGCtw has 30 seconds left.
|inactive|RiceVGCtw has 20 seconds left.
|
|t:|1786203661
|switch|p2b: Tyranitar|Tyranitar-Mega, L50, M, shiny|73/100
|-weather|Sandstorm|[from] ability: Sand Stream|[of] p2b: Tyranitar
|move|p2a: Excadrill|High Horsepower|p1a: Basculegion
|-damage|p1a: Basculegion|10/100
|move|p1a: Basculegion|Flip Turn|p2a: Excadrill
|-supereffective|p2a: Excadrill|1
|-damage|p2a: Excadrill|0 fnt
|faint|p2a: Excadrill
|
|t:|1786203671
|switch|p1a: Pelipper|Pelipper, L50, F|8/100|[from] Flip Turn
|-weather|RainDance|[from] ability: Drizzle|[of] p1a: Pelipper
|move|p1b: Charizard|Weather Ball|p2b: Tyranitar
|-supereffective|p2b: Tyranitar|1
|-damage|p2b: Tyranitar|0 fnt
|faint|p2b: Tyranitar
|
|-weather|RainDance|[upkeep]
|upkeep
|
|t:|1786203678
|switch|p2a: Staraptor|Staraptor, L50, M|70/100
|switch|p2b: Gholdengo|Gholdengo, L50|100/100
|-ability|p2a: Staraptor|Intimidate|boost
|-unboost|p1a: Pelipper|atk|1
|-unboost|p1b: Charizard|atk|1
|turn|6
|inactive|RiceVGCtw has 30 seconds left.
|inactive|SiuHinVGC has 30 seconds left.
|inactive|RiceVGCtw has 20 seconds left.
|
|t:|1786203714
|move|p2a: Staraptor|Tailwind|p2a: Staraptor
|-sidestart|p2: SiuHinVGC|move: Tailwind
|move|p2b: Gholdengo|Shadow Ball|p1a: Pelipper
|-damage|p1a: Pelipper|0 fnt
|faint|p1a: Pelipper
|-damage|p2b: Gholdengo|90/100|[from] item: Life Orb
|move|p1b: Charizard|Weather Ball|p2a: Staraptor
|-damage|p2a: Staraptor|0 fnt
|faint|p2a: Staraptor
|
|-weather|RainDance|[upkeep]
|upkeep
|
|t:|1786203725
|switch|p1a: Basculegion|Basculegion, L50, M|10/100
|turn|7
|
|t:|1786203746
|move|p2b: Gholdengo|Shadow Ball|p1a: Basculegion
|-supereffective|p1a: Basculegion|1
|-damage|p1a: Basculegion|0 fnt
|faint|p1a: Basculegion
|-damage|p2b: Gholdengo|80/100|[from] item: Life Orb
|move|p1b: Charizard|Weather Ball|p2b: Gholdengo
|-damage|p2b: Gholdengo|31/100
|
|-weather|RainDance|[upkeep]
|upkeep
|turn|8
|
|t:|1786203761
|move|p2b: Gholdengo|Shadow Ball|p1b: Charizard
|-damage|p1b: Charizard|47/100
|-damage|p2b: Gholdengo|22/100|[from] item: Life Orb
|move|p1b: Charizard|Weather Ball|p2b: Gholdengo
|-damage|p2b: Gholdengo|0 fnt
|faint|p2b: Gholdengo
|
|win|RiceVGCtw
||SiuHinVGC is ready for game 2.
||RiceVGCtw is ready for game 2.
|uhtml|next|Next: Game 2 of 3
|l| RamenOwO
|j| EggyвҖҷsDad
|l| haewonlove
|l| EggyвҖҷsDad
|l| Littlepak3
|l| goodra168
