|j|☆Gyra78
|j|☆aox93
|html|Gyra78aox93    
|uhtml|bestof|Game 1 of a best-of-3
|t:|1756683226
|gametype|doubles
|player|p1|Gyra78|volkner|1220
|player|p2|aox93|n|1296
|gen|9
|tier|[Gen 9] VGC 2025 Reg H (Bo3)
|rated|
|rule|Species Clause: Limit one of each Pokémon
|rule|Item Clause: Limit 1 of each item
|clearpoke
|poke|p1|Basculegion, L50, M|
|poke|p1|Pelipper, L50, M|
|poke|p1|Archaludon, L50, M|
|poke|p1|Incineroar, L50, M|
|poke|p1|Gholdengo, L50|
|poke|p1|Amoonguss, L50, M|
|poke|p2|Talonflame, L50, M|
|poke|p2|Sneasler, L50, F|
|poke|p2|Indeedee, L50, M|
|poke|p2|Gholdengo, L50|
|poke|p2|Garchomp, L50, F|
|poke|p2|Ninetales-Alola, L50, F|
|teampreview|4
|showteam|p1|Basculegion||LifeOrb|SwiftSwim|WaveCrash,LastRespects,Protect,FlipTurn|||M|||50|,,,,,Grass]Pelipper||FocusSash|Drizzle|Protect,Hurricane,WeatherBall,Tailwind|||M|||50|,,,,,Ghost]Archaludon||AssaultVest|Stamina|ElectroShot,DracoMeteor,Snarl,BodyPress|||M|||50|,,,,,Grass]Incineroar||SafetyGoggles|Intimidate|FakeOut,PartingShot,Taunt,KnockOff|||M|||50|,,,,,Bug]Gholdengo||SitrusBerry|GoodasGold|MakeItRain,ShadowBall,NastyPlot,Protect||||||50|,,,,,Dragon]Amoonguss||RockyHelmet|Regenerator|Spore,RagePowder,PollenPuff,Protect|||M|||50|,,,,,Water
|showteam|p2|Talonflame||CovertCloak|GaleWings|BraveBird,Tailwind,WillOWisp,FlareBlitz|||M|||50|,,,,,Flying]Sneasler||PsychicSeed|Unburden|ThroatChop,CloseCombat,DireClaw,AcidSpray|||F|||50|,,,,,Dark]Indeedee||FocusSash|PsychicSurge|Protect,TrickRoom,Imprison,ExpandingForce|||M|||50|,,,,,Psychic]Gholdengo||ChoiceSpecs|GoodasGold|MakeItRain,ShadowBall,Thunderbolt,SteelBeam||||||50|,,,,,Steel]Garchomp||LifeOrb|RoughSkin|Protect,StompingTantrum,Earthquake,Outrage|||F|||50|,,,,,Ground]Ninetales-Alola||NeverMeltIce|SnowWarning|Blizzard,FreezeDry,AuroraVeil,Protect|||F|||50|,,,,,Ice
|inactive|Battle timer is ON: inactive players will automatically lose when time's up. (requested by Gyra78)
|inactive|Gyra78 has 60 seconds left.
|inactive|aox93 has 60 seconds left.
|c|☆Gyra78|acid spray is cool
|inactive|Gyra78 has 30 seconds left.
|
|t:|1756683297
|teamsize|p1|4
|teamsize|p2|4
|start
|switch|p1a: Tarik Skubal|Incineroar, L50, M, shiny|100/100
|switch|p1b: PennyBoard|Gholdengo, L50, shiny|100/100
|switch|p2a: Talonflame|Talonflame, L50, M, shiny|100/100
|switch|p2b: Garchomp|Garchomp, L50, F|100/100
|-ability|p1a: Tarik Skubal|Intimidate|boost
|-unboost|p2a: Talonflame|atk|1
|-unboost|p2b: Garchomp|atk|1
|turn|1
|
|t:|1756683316
|-terastallize|p2b: Garchomp|Ground
|move|p1a: Tarik Skubal|Fake Out|p2b: Garchomp
|-damage|p2b: Garchomp|89/100
|-damage|p1a: Tarik Skubal|88/100|[from] ability: Rough Skin|[of] p2b: Garchomp
|move|p2a: Talonflame|Tailwind|p2a: Talonflame
|-sidestart|p2: aox93|move: Tailwind
|cant|p2b: Garchomp|flinch
|move|p1b: PennyBoard|Nasty Plot|p1b: PennyBoard
|-boost|p1b: PennyBoard|spa|2
|
|upkeep
|turn|2
|
|t:|1756683338
|switch|p1a: Sticky Feet|Pelipper, L50, M, shiny|100/100
|-weather|RainDance|[from] ability: Drizzle|[of] p1a: Sticky Feet
|-terastallize|p1b: PennyBoard|Dragon
|move|p2a: Talonflame|Brave Bird|p1a: Sticky Feet
|-damage|p1a: Sticky Feet|61/100
|-damage|p2a: Talonflame|89/100|[from] Recoil
|move|p2b: Garchomp|Outrage|p1a: Sticky Feet
|-crit|p1a: Sticky Feet
|-damage|p1a: Sticky Feet|0 fnt
|faint|p1a: Sticky Feet
|-damage|p2b: Garchomp|79/100|[from] item: Life Orb
|move|p1b: PennyBoard|Make It Rain|p2a: Talonflame|[spread] p2a,p2b
|-resisted|p2a: Talonflame
|-damage|p2a: Talonflame|9/100
|-damage|p2b: Garchomp|0 fnt
|-unboost|p1b: PennyBoard|spa|1
|faint|p2b: Garchomp
|
|-weather|RainDance|[upkeep]
|upkeep
|inactive|aox93 has 30 seconds left.
|
|t:|1756683363
|switch|p2b: Ninetales|Ninetales-Alola, L50, F|100/100
|switch|p1a: Tarik Skubal|Incineroar, L50, M, shiny|88/100
|-weather|Snowscape|[from] ability: Snow Warning|[of] p2b: Ninetales
|-ability|p1a: Tarik Skubal|Intimidate|boost
|-unboost|p2a: Talonflame|atk|1
|-unboost|p2b: Ninetales|atk|1
|turn|3
|
|t:|1756683376
|switch|p2a: Sneasler|Sneasler, L50, F, shiny|100/100
|move|p2b: Ninetales|Protect|p2b: Ninetales
|-singleturn|p2b: Ninetales|Protect
|move|p1a: Tarik Skubal|Fake Out|p2a: Sneasler
|-damage|p2a: Sneasler|82/100
|move|p1b: PennyBoard|Nasty Plot|p1b: PennyBoard
|-boost|p1b: PennyBoard|spa|2
|
|-weather|Snowscape|[upkeep]
|upkeep
|turn|4
|inactive|Gyra78 has 30 seconds left.
|
|t:|1756683405
|switch|p1a: Davy Jones|Basculegion, L50, M, shiny|100/100
|move|p2b: Ninetales|Blizzard|p1a: Davy Jones|[spread] p1a,p1b
|-resisted|p1a: Davy Jones
|-supereffective|p1b: PennyBoard
|-damage|p1a: Davy Jones|78/100
|-damage|p1b: PennyBoard|22/100
|-enditem|p1b: PennyBoard|Sitrus Berry|[eat]
|-heal|p1b: PennyBoard|47/100|[from] item: Sitrus Berry
|move|p2a: Sneasler|Close Combat|p1a: Davy Jones
|-immune|p1a: Davy Jones
|move|p1b: PennyBoard|Make It Rain|p2b: Ninetales|[spread] p2a,p2b
|-supereffective|p2b: Ninetales
|-damage|p2a: Sneasler|0 fnt
|-damage|p2b: Ninetales|0 fnt
|-unboost|p1b: PennyBoard|spa|1
|faint|p2a: Sneasler
|faint|p2b: Ninetales
|
|-weather|Snowscape|[upkeep]
|-sideend|p2: aox93|move: Tailwind
|upkeep
|
|t:|1756683425
|switch|p2a: Talonflame|Talonflame, L50, M, shiny|9/100
|turn|5
|
|t:|1756683434
|move|p1b: PennyBoard|Protect|p1b: PennyBoard
|-singleturn|p1b: PennyBoard|Protect
|move|p2a: Talonflame|Brave Bird|p1b: PennyBoard
|-activate|p1b: PennyBoard|move: Protect
|move|p1a: Davy Jones|Wave Crash|p2a: Talonflame
|-supereffective|p2a: Talonflame
|-damage|p2a: Talonflame|0 fnt
|faint|p2a: Talonflame
|-damage|p1a: Davy Jones|76/100|[from] Recoil
|-damage|p1a: Davy Jones|66/100|[from] item: Life Orb
|
|win|Gyra78
||aox93 is ready for game 2.
||Gyra78 is ready for game 2.
|uhtml|next|Next: Game 2 of 3
