|j|☆Tekagt
|j|☆Kommander
|html|TekagtKommander    
|uhtml|bestof|Game 3 of a best-of-3
|t:|1783042872
|gametype|doubles
|player|p1|Tekagt|#smogonxnpa2024draftee|
|player|p2|Kommander|#smogonxnpa2025winner|
|gen|9
|tier|[Gen 9 Champions] VGC 2026 Reg M-B (Bo3)
|rule|Species Clause: Limit one of each Pokémon
|rule|Item Clause: Limit 1 of each item
|clearpoke
|poke|p1|Whimsicott, L50, F|
|poke|p1|Floette-Eternal, L50, F|
|poke|p1|Basculegion, L50, M|
|poke|p1|Kingambit, L50, F|
|poke|p1|Charizard, L50, F|
|poke|p1|Garchomp, L50, F|
|poke|p2|Charizard, L50, F|
|poke|p2|Floette-Eternal, L50, F|
|poke|p2|Kingambit, L50, M|
|poke|p2|Whimsicott, L50, M|
|poke|p2|Basculegion, L50, M|
|poke|p2|Garchomp, L50, M|
|teampreview|4
|showteam|p1|Whimsicott||FocusSash|Prankster|Moonblast,Tailwind,Protect,Encore|Timid||F|||50|]Floette-Eternal||Floettite|FlowerVeil|Moonblast,DazzlingGleam,LightofRuin,Protect|Modest||F|||50|]Basculegion||LifeOrb|Adaptability|WaveCrash,LastRespects,AquaJet,Protect|Adamant||M|||50|]Kingambit||ChopleBerry|Defiant|KowtowCleave,IronHead,SuckerPunch,LowKick|Adamant||F|||50|]Charizard||CharizarditeY|Blaze|HeatWave,SolarBeam,Protect,WeatherBall|Modest||F|||50|]Garchomp||RoseliBerry|RoughSkin|DragonClaw,Earthquake,RockSlide,Protect|Adamant||F|||50|
|showteam|p2|Charizard||CharizarditeY|Blaze|HeatWave,WeatherBall,SolarBeam,Protect|Modest||F|||50|]Floette-Eternal||Floettite|FlowerVeil|Protect,DazzlingGleam,Moonblast,LightofRuin|Modest||F|||50|]Kingambit||ChopleBerry|Defiant|KowtowCleave,LowKick,SuckerPunch,Protect|Adamant||M|||50|]Whimsicott||FocusSash|Prankster|Moonblast,Tailwind,Encore,Protect|Modest||M|||50|]Basculegion||MysticWater|Adaptability|WaveCrash,LastRespects,AquaJet,Protect|Adamant||M|||50|]Garchomp||LifeOrb|RoughSkin|DragonClaw,Earthquake,RockSlide,Protect|Jolly||M|||50|
|j| Lugia▼▲²JP
|j| VGCEPLT Souji
|j| oh the guilt
|j| Yelou
|j| Destro16
|j| woopre
|l| oh the guilt
|j| Dirty Haxrry
|j| justamente
|
|t:|1783042948
|teamsize|p1|4
|teamsize|p2|4
|start
|switch|p1a: Whimsicott|Whimsicott, L50, F|100/100
|switch|p1b: Basculegion|Basculegion, L50, M|100/100
|switch|p2a: Floette|Floette-Eternal, L50, F|100/100
|switch|p2b: Whimsicott|Whimsicott, L50, M|100/100
|turn|1
|
|t:|1783042995
|detailschange|p2a: Floette|Floette-Mega, L50, F
|-mega|p2a: Floette|Floette|Floettite
|-ability|p2a: Floette|Fairy Aura
|move|p1a: Whimsicott|Tailwind|p1a: Whimsicott
|-sidestart|p1: Tekagt|move: Tailwind
|move|p2b: Whimsicott|Tailwind|p2b: Whimsicott
|-sidestart|p2: Kommander|move: Tailwind
|move|p2a: Floette|Light of Ruin|p1b: Basculegion
|-damage|p1b: Basculegion|0 fnt
|faint|p1b: Basculegion
|-damage|p2a: Floette|35/100|[from] Recoil
|
|upkeep
|
|t:|1783043006
|switch|p1b: Floette|Floette-Eternal, L50, F|100/100
|turn|2
|
|t:|1783043045
|detailschange|p1b: Floette|Floette-Mega, L50, F
|-mega|p1b: Floette|Floette|Floettite
|-ability|p1b: Floette|Fairy Aura
|move|p2b: Whimsicott|Protect|p2b: Whimsicott
|-singleturn|p2b: Whimsicott|Protect
|move|p1a: Whimsicott|Encore|p2b: Whimsicott
|-activate|p2b: Whimsicott|move: Protect
|move|p2a: Floette|Light of Ruin|p1b: Floette
|-damage|p1b: Floette|1/100
|-damage|p2a: Floette|0 fnt|[from] Recoil
|faint|p2a: Floette
|move|p1b: Floette|Dazzling Gleam|p2b: Whimsicott
|-activate|p2b: Whimsicott|move: Protect
|
|upkeep
|
|t:|1783043054
|switch|p2a: Garchomp|Garchomp, L50, M|100/100
|turn|3
|
|t:|1783043136
|move|p1b: Floette|Protect|p1b: Floette
|-singleturn|p1b: Floette|Protect
|move|p1a: Whimsicott|Moonblast|p2a: Garchomp
|-supereffective|p2a: Garchomp|1
|-damage|p2a: Garchomp|0 fnt
|faint|p2a: Garchomp
|move|p2b: Whimsicott|Moonblast|p1a: Whimsicott
|-damage|p1a: Whimsicott|20/100y
|
|upkeep
|
|t:|1783043141
|switch|p2a: Kingambit|Kingambit, L50, M|100/100
|turn|4
|j| bjumpsemcorda
|
|t:|1783043186
|move|p1a: Whimsicott|Protect|p1a: Whimsicott
|-singleturn|p1a: Whimsicott|Protect
|move|p2a: Kingambit|Sucker Punch||[still]
|-fail|p2a: Kingambit
|move|p2b: Whimsicott|Moonblast|p1b: Floette
|-damage|p1b: Floette|0 fnt
|faint|p1b: Floette
|
|-sideend|p2: Kommander|move: Tailwind
|-sideend|p1: Tekagt|move: Tailwind
|upkeep
|
|t:|1783043193
|switch|p1b: Garchomp|Garchomp, L50, F|100/100
|turn|5
|l| justamente
|l| Yelou
|j| justamente
|j| Yelou
|l| bjumpsemcorda
|j| Raahel
|
|t:|1783043287
|move|p1b: Garchomp|Protect|p1b: Garchomp
|-singleturn|p1b: Garchomp|Protect
|move|p1a: Whimsicott|Encore|p2b: Whimsicott
|-start|p2b: Whimsicott|Encore
|move|p2a: Kingambit|Sucker Punch||[still]
|-fail|p2a: Kingambit
|move|p2b: Whimsicott|Moonblast|p1b: Garchomp
|-activate|p1b: Garchomp|move: Protect
|
|upkeep
|turn|6
|
|t:|1783043312
|move|p1a: Whimsicott|Protect|p1a: Whimsicott
|-singleturn|p1a: Whimsicott|Protect
|move|p2a: Kingambit|Sucker Punch||[still]
|-fail|p2a: Kingambit
|move|p2b: Whimsicott|Moonblast|p1b: Garchomp
|-supereffective|p1b: Garchomp|1
|-enditem|p1b: Garchomp|Roseli Berry|[eat]
|-enditem|p1b: Garchomp|Roseli Berry|[weaken]
|-damage|p1b: Garchomp|64/100
|move|p1b: Garchomp|Earthquake|p2a: Kingambit|[spread] p2a,p2b
|-activate|p1a: Whimsicott|move: Protect
|-supereffective|p2a: Kingambit|1
|-resisted|p2b: Whimsicott|1
|-damage|p2a: Kingambit|42/100
|-damage|p2b: Whimsicott|72/100
|
|upkeep
|turn|7
|l| Raahel
|
|t:|1783043373
|move|p1a: Whimsicott|Tailwind|p1a: Whimsicott
|-sidestart|p1: Tekagt|move: Tailwind
|move|p2a: Kingambit|Sucker Punch||[still]
|-fail|p2a: Kingambit
|move|p1b: Garchomp|Rock Slide|p2b: Whimsicott|[spread] p2b
|-miss|p1b: Garchomp|p2a: Kingambit
|-damage|p2b: Whimsicott|43/100
|move|p2b: Whimsicott|Moonblast|p1b: Garchomp
|-supereffective|p1b: Garchomp|1
|-damage|p1b: Garchomp|0 fnt
|faint|p1b: Garchomp
|
|-end|p2b: Whimsicott|Encore
|upkeep
|turn|8
|c|☆Tekagt|ggs
|-message|Tekagt forfeited.
|
|win|Kommander
|c|☆Kommander|ggs
|l| justamente
|l| VGCEPLT Souji
|l| Yelou
|j| bjumpsemcorda
|l| Dirty Haxrry
