|j|☆rafarofa
|j|☆Garmas
|html|rafarofaGarmas    
|uhtml|bestof|Game 1 of a best-of-3
|t:|1756899035
|gametype|doubles
|player|p1|rafarofa|crasherwake|1067
|player|p2|Garmas|ethan|1173
|gen|9
|tier|[Gen 9] VGC 2025 Reg H (Bo3)
|rated|
|rule|Species Clause: Limit one of each Pokémon
|rule|Item Clause: Limit 1 of each item
|clearpoke
|poke|p1|Palafin, L50, F|
|poke|p1|Incineroar, L50, M|
|poke|p1|Rillaboom, L50, F|
|poke|p1|Clefairy, L50, M|
|poke|p1|Kommo-o, L50, F|
|poke|p1|Grafaiai, L50, F|
|poke|p2|Incineroar, L50, M|
|poke|p2|Amoonguss, L50, F|
|poke|p2|Ursaluna-Bloodmoon, L50, M|
|poke|p2|Sneasler, L50, F|
|poke|p2|Gholdengo, L50|
|poke|p2|Dragonite, L50, F|
|teampreview|4
|showteam|p1|Palafin||ChoiceBand|ZerotoHero|CloseCombat,IcePunch,JetPunch,FlipTurn|||F|||50|,,,,,Water]Incineroar||SitrusBerry|Intimidate|FakeOut,KnockOff,FlareBlitz,PartingShot|||M|||50|,,,,,Fire]Rillaboom||AssaultVest|GrassySurge|FakeOut,GrassyGlide,DrainPunch,Uturn|||F|||50|,,,,,Fire]Clefairy||Eviolite|FriendGuard|IcyWind,FollowMe,LifeDew,HelpingHand|||M|||50|,,,,,Grass]Kommo-o||CovertCloak|Overcoat|AuraSphere,ClangingScales,ClangorousSoul,Protect|||F|||50|,,,,,Steel]Grafaiai||FocusSash|Prankster|KnockOff,Encore,RainDance,PartingShot|||F|||50|,,,,,Poison
|showteam|p2|Incineroar||SafetyGoggles|Intimidate|FlareBlitz,KnockOff,PartingShot,FakeOut|||M|||50|,,,,,Ghost]Amoonguss||SitrusBerry|Regenerator|Spore,RagePowder,PollenPuff,Protect|||F|||50|,,,,,Psychic]Ursaluna-Bloodmoon||AssaultVest|MindsEye|HyperVoice,BloodMoon,EarthPower,VacuumWave|||M|||50|,,,,,Water]Sneasler||FocusSash|Unburden|CloseCombat,DireClaw,ThroatChop,Protect|||F|||50|,,,,,Stellar]Gholdengo||LifeOrb|GoodasGold|MakeItRain,ShadowBall,NastyPlot,Protect||||||50|,,,,,Water]Dragonite||LoadedDice|Multiscale|ScaleShot,Tailwind,Haze,Protect|||F|||50|,,,,,Fairy
|inactive|Battle timer is ON: inactive players will automatically lose when time's up. (requested by rafarofa)
|
|t:|1756899085
|teamsize|p1|4
|teamsize|p2|4
|start
|switch|p1a: Palafin|Palafin, L50, F|100/100
|switch|p1b: Incineroar|Incineroar, L50, M|100/100
|switch|p2a: Dragonite|Dragonite, L50, F|100/100
|switch|p2b: Incineroar|Incineroar, L50, M|100/100
|-ability|p2b: Incineroar|Intimidate|boost
|-unboost|p1a: Palafin|atk|1
|-unboost|p1b: Incineroar|atk|1
|-ability|p1b: Incineroar|Intimidate|boost
|-unboost|p2a: Dragonite|atk|1
|-unboost|p2b: Incineroar|atk|1
|turn|1
|
|t:|1756899098
|detailschange|p1a: Palafin|Palafin-Hero, L50, F
|switch|p1a: Clefairy|Clefairy, L50, M|100/100
|move|p2b: Incineroar|Fake Out|p1a: Clefairy
|-damage|p1a: Clefairy|90/100
|move|p1b: Incineroar|Fake Out|p2a: Dragonite
|-damage|p2a: Dragonite|95/100
|cant|p2a: Dragonite|flinch
|
|upkeep
|turn|2
|
|t:|1756899118
|move|p2a: Dragonite|Tailwind|p2a: Dragonite
|-sidestart|p2: Garmas|move: Tailwind
|move|p2b: Incineroar|Knock Off|p1a: Clefairy
|-resisted|p1a: Clefairy
|-damage|p1a: Clefairy|73/100
|-enditem|p1a: Clefairy|Eviolite|[from] move: Knock Off|[of] p2b: Incineroar
|move|p1b: Incineroar|Parting Shot|p2a: Dragonite
|-unboost|p2a: Dragonite|atk|1
|-unboost|p2a: Dragonite|spa|1
|
|t:|1756899126
|switch|p1b: Palafin|Palafin-Hero, L50, F|100/100|[from] Parting Shot
|-activate|p1b: Palafin|ability: Zero to Hero
|move|p1a: Clefairy|Life Dew||[still]|[spread] p1a,p1b
|-heal|p1a: Clefairy|98/100
|-fail|p1b: Palafin|heal
|
|upkeep
|turn|3
|inactive|rafarofa has 30 seconds left.
|
|t:|1756899161
|-terastallize|p2b: Incineroar|Ghost
|move|p2a: Dragonite|Haze|p2a: Dragonite
|-clearallboost
|move|p2b: Incineroar|Knock Off|p1b: Palafin
|-damage|p1b: Palafin|66/100
|-enditem|p1b: Palafin|Choice Band|[from] move: Knock Off|[of] p2b: Incineroar
|move|p1b: Palafin|Ice Punch|p2a: Dragonite
|-supereffective|p2a: Dragonite
|-damage|p2a: Dragonite|0 fnt
|faint|p2a: Dragonite
|move|p1a: Clefairy|Life Dew|p1a: Clefairy|[spread] p1a,p1b
|-heal|p1a: Clefairy|100/100
|-heal|p1b: Palafin|91/100
|
|upkeep
|
|t:|1756899177
|switch|p2a: Gholdengo|Gholdengo, L50|100/100
|turn|4
|
|t:|1756899193
|-terastallize|p1b: Palafin|Water
|move|p1a: Clefairy|Helping Hand|p1b: Palafin
|-singleturn|p1b: Palafin|Helping Hand|[of] p1a: Clefairy
|move|p1b: Palafin|Jet Punch|p2a: Gholdengo
|-damage|p2a: Gholdengo|19/100
|move|p2a: Gholdengo|Nasty Plot|p2a: Gholdengo
|-boost|p2a: Gholdengo|spa|2
|move|p2b: Incineroar|Parting Shot|p1b: Palafin
|-unboost|p1b: Palafin|atk|1
|-unboost|p1b: Palafin|spa|1
|
|t:|1756899203
|switch|p2b: Amoonguss|Amoonguss, L50, F|100/100|[from] Parting Shot
|
|upkeep
|turn|5
|
|t:|1756899219
|switch|p1b: Rillaboom|Rillaboom, L50, F|100/100
|-fieldstart|move: Grassy Terrain|[from] ability: Grassy Surge|[of] p1b: Rillaboom
|switch|p1a: Incineroar|Incineroar, L50, M|100/100
|-ability|p1a: Incineroar|Intimidate|boost
|-unboost|p2a: Gholdengo|atk|1
|-unboost|p2b: Amoonguss|atk|1
|move|p2b: Amoonguss|Rage Powder|p2b: Amoonguss
|-singleturn|p2b: Amoonguss|move: Rage Powder
|move|p2a: Gholdengo|Shadow Ball|p1b: Rillaboom
|-damage|p1b: Rillaboom|19/100
|-damage|p2a: Gholdengo|10/100|[from] item: Life Orb
|
|-heal|p2a: Gholdengo|16/100|[from] Grassy Terrain
|-heal|p1b: Rillaboom|25/100|[from] Grassy Terrain
|-sideend|p2: Garmas|move: Tailwind
|upkeep
|turn|6
|inactive|rafarofa has 30 seconds left.
|
|t:|1756899250
|move|p2a: Gholdengo|Protect|p2a: Gholdengo
|-singleturn|p2a: Gholdengo|Protect
|move|p1b: Rillaboom|U-turn|p2a: Gholdengo
|-activate|p2a: Gholdengo|move: Protect
|move|p1a: Incineroar|Flare Blitz|p2a: Gholdengo
|-activate|p2a: Gholdengo|move: Protect
|move|p2b: Amoonguss|Spore|p1a: Incineroar
|-status|p1a: Incineroar|slp|[from] move: Spore
|
|-heal|p2a: Gholdengo|22/100|[from] Grassy Terrain
|-heal|p1b: Rillaboom|31/100|[from] Grassy Terrain
|upkeep
|turn|7
|
|t:|1756899269
|move|p1b: Rillaboom|Grassy Glide|p2a: Gholdengo
|-resisted|p2a: Gholdengo
|-damage|p2a: Gholdengo|2/100
|move|p2a: Gholdengo|Shadow Ball|p1b: Rillaboom
|-damage|p1b: Rillaboom|0 fnt
|faint|p1b: Rillaboom
|-damage|p2a: Gholdengo|0 fnt|[from] item: Life Orb
|faint|p2a: Gholdengo
|cant|p1a: Incineroar|slp
|move|p2b: Amoonguss|Pollen Puff|p2: Gholdengo|[notarget]
|-fail|p2b: Amoonguss
|
|upkeep
|
|t:|1756899280
|switch|p2a: Incineroar|Incineroar, L50, M, tera:Ghost|100/100
|switch|p1b: Palafin|Palafin-Hero, L50, F, tera:Water|91/100
|-ability|p2a: Incineroar|Intimidate|boost
|-unboost|p1a: Incineroar|atk|1
|-unboost|p1b: Palafin|atk|1
|turn|8
|
|t:|1756899298
|switch|p1b: Clefairy|Clefairy, L50, M|100/100
|move|p2a: Incineroar|Fake Out|p1b: Clefairy
|-damage|p1b: Clefairy|81/100
|cant|p1a: Incineroar|slp
|move|p2b: Amoonguss|Spore|p1b: Clefairy
|-status|p1b: Clefairy|slp|[from] move: Spore
|
|-heal|p1b: Clefairy|87/100 slp|[from] Grassy Terrain
|upkeep
|turn|9
|
|t:|1756899318
|move|p2a: Incineroar|Knock Off|p1a: Incineroar
|-resisted|p1a: Incineroar
|-damage|p1a: Incineroar|85/100 slp
|-enditem|p1a: Incineroar|Sitrus Berry|[from] move: Knock Off|[of] p2a: Incineroar
|-curestatus|p1a: Incineroar|slp|[msg]
|move|p1a: Incineroar|Knock Off|p2a: Incineroar
|-supereffective|p2a: Incineroar
|-damage|p2a: Incineroar|35/100
|-enditem|p2a: Incineroar|Safety Goggles|[from] move: Knock Off|[of] p1a: Incineroar
|cant|p1b: Clefairy|slp
|move|p2b: Amoonguss|Pollen Puff|p1a: Incineroar
|-damage|p1a: Incineroar|71/100
|
|-heal|p2a: Incineroar|41/100|[from] Grassy Terrain
|-heal|p1a: Incineroar|77/100|[from] Grassy Terrain
|-heal|p1b: Clefairy|94/100 slp|[from] Grassy Terrain
|-fieldend|move: Grassy Terrain
|upkeep
|turn|10
|
|t:|1756899341
|-curestatus|p1b: Clefairy|slp|[msg]
|move|p1b: Clefairy|Helping Hand|p1a: Incineroar
|-singleturn|p1a: Incineroar|Helping Hand|[of] p1b: Clefairy
|move|p2b: Amoonguss|Rage Powder|p2b: Amoonguss
|-singleturn|p2b: Amoonguss|move: Rage Powder
|move|p2a: Incineroar|Flare Blitz|p1a: Incineroar
|-resisted|p1a: Incineroar
|-damage|p1a: Incineroar|58/100
|-damage|p2a: Incineroar|35/100|[from] Recoil
|move|p1a: Incineroar|Knock Off|p2b: Amoonguss
|-damage|p2b: Amoonguss|54/100
|-enditem|p2b: Amoonguss|Sitrus Berry|[from] move: Knock Off|[of] p1a: Incineroar
|
|upkeep
|turn|11
|-message|Garmas forfeited.
|
|win|rafarofa
|l|☆Garmas
|player|p2|
||rafarofa is ready for game 2.
|j|☆Garmas
|player|p2|Garmas|ethan|
