|j|☆timotreee
|j|☆Jakobtc
|html|timotreeeJakobtc    
|uhtml|bestof|Game 2 of a best-of-3
|t:|1756580512
|gametype|doubles
|player|p1|timotreee|170|1072
|player|p2|Jakobtc|riley|1122
|gen|9
|tier|[Gen 9] VGC 2025 Reg H (Bo3)
|rated|
|rule|Species Clause: Limit one of each Pokémon
|rule|Item Clause: Limit 1 of each item
|clearpoke
|poke|p1|Ursaluna-Bloodmoon, L50, M|
|poke|p1|Gholdengo, L50|
|poke|p1|Whimsicott, L50, M|
|poke|p1|Sneasler, L50, F|
|poke|p1|Incineroar, L50, M|
|poke|p1|Amoonguss, L50, M|
|poke|p2|Glimmora, L50, M|
|poke|p2|Whimsicott, L50, F|
|poke|p2|Incineroar, L50, F|
|poke|p2|Ursaluna-Bloodmoon, L50, M|
|poke|p2|Dragonite, L50, M|
|poke|p2|Gholdengo, L50|
|teampreview|4
|showteam|p1|Ursaluna-Bloodmoon||AssaultVest|MindsEye|BloodMoon,EarthPower,VacuumWave,HyperVoice|||M|||50|,,,,,Water]Gholdengo||LifeOrb|GoodasGold|Protect,MakeItRain,ShadowBall,NastyPlot||||||50|,,,,,Water]Whimsicott||CovertCloak|Prankster|Encore,Tailwind,Protect,Moonblast|||M|||50|,,,,,Dark]Sneasler||FocusSash|Unburden|Protect,DireClaw,CloseCombat,ThroatChop|||F|||50|,,,,,Stellar]Incineroar||SafetyGoggles|Intimidate|KnockOff,PartingShot,FlareBlitz,FakeOut|||M|||50|,,,,,Ghost]Amoonguss||SitrusBerry|Regenerator|RagePowder,Spore,PollenPuff,Protect|||M|||50|,,,,,Water
|showteam|p2|Glimmora||PowerHerb|ToxicDebris|MeteorBeam,SludgeBomb,EarthPower,SpikyShield|||M|||50|,,,,,Grass]Whimsicott||CovertCloak|Prankster|Moonblast,Tailwind,FakeTears,Encore|||F|||50|,,,,,Water]Incineroar||SafetyGoggles|Intimidate|FakeOut,FlareBlitz,KnockOff,PartingShot|||F|||50|,,,,,Ghost]Ursaluna-Bloodmoon||AssaultVest|MindsEye|BloodMoon,HyperVoice,EarthPower,VacuumWave|||M|||50|,,,,,Water]Dragonite||LoadedDice|Multiscale|ScaleShot,TeraBlast,Haze,Protect|||M|||50|,,,,,Flying]Gholdengo||LifeOrb|GoodasGold|MakeItRain,ShadowBall,NastyPlot,Protect||||||50|,,,,,Water
|
|t:|1756580552
|teamsize|p1|4
|teamsize|p2|4
|start
|switch|p1a: Whimsicott|Whimsicott, L50, M|100/100
|switch|p1b: Incineroar|Incineroar, L50, M|100/100
|switch|p2a: Glimmora|Glimmora, L50, M|100/100
|switch|p2b: Incineroar|Incineroar, L50, F|100/100
|-ability|p1b: Incineroar|Intimidate|boost
|-unboost|p2a: Glimmora|atk|1
|-unboost|p2b: Incineroar|atk|1
|-ability|p2b: Incineroar|Intimidate|boost
|-unboost|p1a: Whimsicott|atk|1
|-unboost|p1b: Incineroar|atk|1
|turn|1
|inactive|Battle timer is ON: inactive players will automatically lose when time's up. (requested by Jakobtc)
|
|t:|1756580590
|move|p1a: Whimsicott|Protect|p1a: Whimsicott
|-singleturn|p1a: Whimsicott|Protect
|move|p1b: Incineroar|Fake Out|p2a: Glimmora
|-resisted|p2a: Glimmora
|-damage|p2a: Glimmora|96/100
|-activate|p2a: Glimmora|ability: Toxic Debris
|-sidestart|p1: timotreee|move: Toxic Spikes
|cant|p2a: Glimmora|flinch
|move|p2b: Incineroar|Flare Blitz|p1a: Whimsicott
|-activate|p1a: Whimsicott|move: Protect
|
|upkeep
|turn|2
|inactive|Jakobtc has 30 seconds left.
|
|t:|1756580618
|switch|p1b: Ursaluna|Ursaluna-Bloodmoon, L50, M|100/100
|-status|p1b: Ursaluna|psn
|move|p1a: Whimsicott|Tailwind|p1a: Whimsicott
|-sidestart|p1: timotreee|move: Tailwind
|move|p2a: Glimmora|Meteor Beam||[still]
|-prepare|p2a: Glimmora|Meteor Beam
|-boost|p2a: Glimmora|spa|1
|-enditem|p2a: Glimmora|Power Herb
|-anim|p2a: Glimmora|Meteor Beam|p1a: Whimsicott
|-damage|p1a: Whimsicott|0 fnt
|faint|p1a: Whimsicott
|move|p2b: Incineroar|Flare Blitz|p1b: Ursaluna
|-damage|p1b: Ursaluna|74/100 psn
|-damage|p2b: Incineroar|92/100|[from] Recoil
|
|-damage|p1b: Ursaluna|62/100 psn|[from] psn
|upkeep
|
|t:|1756580634
|switch|p1a: Gholdengo|Gholdengo, L50|100/100
|turn|3
|
|t:|1756580658
|-terastallize|p1a: Gholdengo|Water
|move|p2a: Glimmora|Spiky Shield|p2a: Glimmora
|-singleturn|p2a: Glimmora|move: Protect
|move|p1a: Gholdengo|Nasty Plot|p1a: Gholdengo
|-boost|p1a: Gholdengo|spa|2
|move|p1b: Ursaluna|Earth Power|p2b: Incineroar
|-supereffective|p2b: Incineroar
|-damage|p2b: Incineroar|8/100
|move|p2b: Incineroar|Parting Shot|p1b: Ursaluna
|-unboost|p1b: Ursaluna|atk|1
|-unboost|p1b: Ursaluna|spa|1
|
|t:|1756580669
|switch|p2b: Whimsicott|Whimsicott, L50, F|100/100|[from] Parting Shot
|
|-damage|p1b: Ursaluna|50/100 psn|[from] psn
|upkeep
|turn|4
|inactive|timotreee has 30 seconds left.
|
|t:|1756580694
|-terastallize|p2a: Glimmora|Grass
|move|p1a: Gholdengo|Protect|p1a: Gholdengo
|-singleturn|p1a: Gholdengo|Protect
|move|p2b: Whimsicott|Tailwind|p2b: Whimsicott
|-sidestart|p2: Jakobtc|move: Tailwind
|move|p2a: Glimmora|Sludge Bomb|p1a: Gholdengo
|-activate|p1a: Gholdengo|move: Protect
|move|p1b: Ursaluna|Blood Moon|p2b: Whimsicott
|-crit|p2b: Whimsicott
|-damage|p2b: Whimsicott|0 fnt
|faint|p2b: Whimsicott
|
|-damage|p1b: Ursaluna|38/100 psn|[from] psn
|upkeep
|
|t:|1756580710
|switch|p2b: Incineroar|Incineroar, L50, F|8/100
|-ability|p2b: Incineroar|Intimidate|boost
|-unboost|p1a: Gholdengo|atk|1
|-unboost|p1b: Ursaluna|atk|1
|turn|5
|
|t:|1756580729
|move|p2b: Incineroar|Fake Out|p1b: Ursaluna
|-damage|p1b: Ursaluna|29/100 psn
|cant|p1b: Ursaluna|flinch
|move|p2a: Glimmora|Sludge Bomb|p1a: Gholdengo
|-damage|p1a: Gholdengo|33/100
|move|p1a: Gholdengo|Make It Rain|p2b: Incineroar|[spread] p2a,p2b
|-resisted|p2b: Incineroar
|-damage|p2a: Glimmora|0 fnt
|-damage|p2b: Incineroar|0 fnt
|-unboost|p1a: Gholdengo|spa|1
|faint|p2a: Glimmora
|faint|p2b: Incineroar
|-damage|p1a: Gholdengo|23/100|[from] item: Life Orb
|
|-damage|p1b: Ursaluna|16/100 psn|[from] psn
|-sideend|p1: timotreee|move: Tailwind
|upkeep
|
|t:|1756580745
|switch|p2b: Dragonite|Dragonite, L50, M|100/100
|turn|6
|
|t:|1756580768
|move|p2b: Dragonite|Scale Shot|p1a: Gholdengo
|-damage|p1a: Gholdengo|7/100
|-damage|p1a: Gholdengo|0 fnt
|faint|p1a: Gholdengo
|-hitcount|p1: Gholdengo|2
|-unboost|p2b: Dragonite|def|1
|-boost|p2b: Dragonite|spe|1
|move|p1b: Ursaluna|Hyper Voice|p2b: Dragonite
|-damage|p2b: Dragonite|82/100
|
|-damage|p1b: Ursaluna|4/100 psn|[from] psn
|upkeep
|
|t:|1756580779
|switch|p1a: Incineroar|Incineroar, L50, M|100/100
|-status|p1a: Incineroar|psn
|-ability|p1a: Incineroar|Intimidate|boost
|-unboost|p2b: Dragonite|atk|1
|turn|7
|
|t:|1756580790
|move|p2b: Dragonite|Protect|p2b: Dragonite
|-singleturn|p2b: Dragonite|Protect
|move|p1a: Incineroar|Knock Off|p2b: Dragonite
|-activate|p2b: Dragonite|move: Protect
|move|p1b: Ursaluna|Blood Moon|p2b: Dragonite
|-activate|p2b: Dragonite|move: Protect
|
|-damage|p1a: Incineroar|88/100 psn|[from] psn
|-damage|p1b: Ursaluna|0 fnt|[from] psn
|faint|p1b: Ursaluna
|-sideend|p2: Jakobtc|move: Tailwind
|upkeep
|turn|8
|-message|timotreee forfeited.
|
|win|Jakobtc
|raw|timotreee's rating: 1072 → 1054(-18 for losing)
|raw|Jakobtc's rating: 1122 → 1143(+21 for winning)
|l|☆timotreee
|player|p1|
