|j|☆A Regu1ar Guy
|j|☆jeanryupr
|html|A Regu1ar Guyjeanryupr    
|uhtml|bestof|Game 2 of a best-of-3
|t:|1785773192
|gametype|doubles
|player|p1|A Regu1ar Guy|elesa|1175
|player|p2|jeanryupr|170|1266
|gen|9
|tier|[Gen 9 Champions] VGC 2026 Reg M-B (Bo3)
|rated|
|rule|Species Clause: Limit one of each Pokémon
|rule|Item Clause: Limit 1 of each item
|clearpoke
|poke|p1|Froslass, L50, F|
|poke|p1|Garchomp, L50, M|
|poke|p1|Dragonite, L50, M|
|poke|p1|Arcanine-Hisui, L50, M|
|poke|p1|Sneasler, L50, M|
|poke|p1|Kingambit, L50, M|
|poke|p2|Raichu, L50, M|
|poke|p2|Aerodactyl, L50, M|
|poke|p2|Floette-Eternal, L50, F|
|poke|p2|Kingambit, L50, F|
|poke|p2|Farigiraf, L50, M|
|poke|p2|Garchomp, L50, M|
|teampreview|4
|showteam|p1|Froslass||Froslassite|CursedBody|Blizzard,ShadowBall,AuroraVeil,Protect|Timid||F|||50|]Garchomp||LifeOrb|RoughSkin|Earthquake,RockSlide,DragonClaw,Protect|Jolly||M|||50|]Dragonite||Dragoninite|InnerFocus|DracoMeteor,HeatWave,Thunderbolt,Protect|Modest||M|||50|]Arcanine-Hisui||FocusSash|RockHead|FlareBlitz,HeadSmash,ExtremeSpeed,Protect|Jolly||M|||50|]Sneasler||WhiteHerb|Unburden|CloseCombat,GunkShot,Protect,FakeOut|Adamant||M|||50|]Kingambit||BlackGlasses|Defiant|KowtowCleave,SuckerPunch,SwordsDance,Protect|Adamant||M|||50|
|showteam|p2|Raichu||RaichuniteY|LightningRod|ZapCannon,FocusBlast,FakeOut,Protect|Timid||M|||50|]Aerodactyl||FocusSash|Unnerve|WideGuard,DualWingbeat,RockSlide,Tailwind|Jolly||M|||50|]Floette-Eternal||Floettite|FlowerVeil|CalmMind,DazzlingGleam,DrainingKiss,Protect|Timid||F|||50|]Kingambit||BlackGlasses|Defiant|KowtowCleave,Protect,SuckerPunch,IronHead|Adamant||F|||50|]Farigiraf||SitrusBerry|ArmorTail|TrickRoom,HelpingHand,Thunderbolt,Psychic|Bold||M|||50|]Garchomp||LifeOrb|RoughSkin|Protect,Earthquake,DragonClaw,RockSlide|Jolly||M|||50|
|inactive|Battle timer is ON: inactive players will automatically lose when time's up. (requested by A Regu1ar Guy)
|
|t:|1785773212
|teamsize|p1|4
|teamsize|p2|4
|start
|switch|p1a: Froslass|Froslass, L50, F|100/100
|switch|p1b: Arcanine|Arcanine-Hisui, L50, M|100/100
|switch|p2a: Floette|Floette-Eternal, L50, F|100/100
|switch|p2b: Kingambit|Kingambit, L50, F|100/100
|turn|1
|
|t:|1785773229
|switch|p2b: Farigiraf|Farigiraf, L50, M|100/100
|detailschange|p1a: Froslass|Froslass-Mega, L50, F
|-mega|p1a: Froslass|Froslass|Froslassite
|-weather|Snowscape|[from] ability: Snow Warning|[of] p1a: Froslass
|detailschange|p2a: Floette|Floette-Mega, L50, F
|-mega|p2a: Floette|Floette|Floettite
|-ability|p2a: Floette|Fairy Aura
|move|p1a: Froslass|Aurora Veil|p1a: Froslass
|-sidestart|p1: A Regu1ar Guy|move: Aurora Veil
|move|p2a: Floette|Calm Mind|p2a: Floette
|-boost|p2a: Floette|spa|1
|-boost|p2a: Floette|spd|1
|move|p1b: Arcanine|Head Smash|p2a: Floette|[miss]
|-miss|p1b: Arcanine|p2a: Floette
|
|-weather|Snowscape|[upkeep]
|upkeep
|turn|2
|
|t:|1785773249
|move|p2a: Floette|Protect|p2a: Floette
|-singleturn|p2a: Floette|Protect
|move|p1a: Froslass|Blizzard|p2b: Farigiraf|[spread] p2b
|-activate|p2a: Floette|move: Protect
|-damage|p2b: Farigiraf|63/100
|-status|p2b: Farigiraf|frz
|move|p1b: Arcanine|Head Smash|p2a: Floette
|-activate|p2a: Floette|move: Protect
|-curestatus|p2b: Farigiraf|frz|[msg]
|move|p2b: Farigiraf|Trick Room|p2b: Farigiraf
|-fieldstart|move: Trick Room|[of] p2b: Farigiraf
|
|-weather|Snowscape|[upkeep]
|upkeep
|turn|3
|
|t:|1785773258
|move|p2b: Farigiraf|Psychic|p1b: Arcanine
|-damage|p1b: Arcanine|70/100
|move|p1b: Arcanine|Head Smash|p2a: Floette
|-damage|p2a: Floette|5/100
|move|p2a: Floette|Dazzling Gleam|p1a: Froslass|[spread] p1a,p1b
|-resisted|p1b: Arcanine|1
|-damage|p1a: Froslass|62/100
|-damage|p1b: Arcanine|40/100
|move|p1a: Froslass|Blizzard|p2b: Farigiraf|[spread] p2a,p2b
|-damage|p2a: Floette|0 fnt
|-damage|p2b: Farigiraf|27/100
|-enditem|p2b: Farigiraf|Sitrus Berry|[eat]
|-heal|p2b: Farigiraf|52/100|[from] item: Sitrus Berry
|faint|p2a: Floette
|
|-weather|Snowscape|[upkeep]
|upkeep
|
|t:|1785773268
|switch|p2a: Kingambit|Kingambit, L50, F|100/100
|turn|4
|
|t:|1785773276
|move|p2a: Kingambit|Kowtow Cleave|p1b: Arcanine
|-damage|p1b: Arcanine|0 fnt
|faint|p1b: Arcanine
|move|p2b: Farigiraf|Psychic|p1a: Froslass
|-damage|p1a: Froslass|41/100
|move|p1a: Froslass|Blizzard|p2a: Kingambit|[spread] p2a,p2b
|-resisted|p2a: Kingambit|1
|-damage|p2a: Kingambit|82/100
|-damage|p2b: Farigiraf|19/100
|
|-weather|Snowscape|[upkeep]
|upkeep
|
|t:|1785773283
|switch|p1b: Kingambit|Kingambit, L50, M|100/100
|turn|5
|
|t:|1785773293
|move|p1a: Froslass|Protect|p1a: Froslass
|-singleturn|p1a: Froslass|Protect
|move|p1b: Kingambit|Swords Dance|p1b: Kingambit
|-boost|p1b: Kingambit|atk|2
|move|p2a: Kingambit|Kowtow Cleave|p1a: Froslass
|-activate|p1a: Froslass|move: Protect
|move|p2b: Farigiraf|Psychic|p1a: Froslass
|-activate|p1a: Froslass|move: Protect
|
|-weather|none
|-sideend|p1: A Regu1ar Guy|move: Aurora Veil
|upkeep
|turn|6
|
|t:|1785773310
|move|p1b: Kingambit|Kowtow Cleave|p2b: Farigiraf
|-supereffective|p2b: Farigiraf|1
|-damage|p2b: Farigiraf|0 fnt
|faint|p2b: Farigiraf
|move|p2a: Kingambit|Kowtow Cleave|p1a: Froslass
|-supereffective|p1a: Froslass|1
|-damage|p1a: Froslass|0 fnt
|faint|p1a: Froslass
|
|-fieldend|move: Trick Room
|upkeep
|
|t:|1785773318
|switch|p1a: Garchomp|Garchomp, L50, M|100/100
|switch|p2b: Garchomp|Garchomp, L50, M|100/100
|turn|7
|
|t:|1785773327
|move|p2a: Kingambit|Protect|p2a: Kingambit
|-singleturn|p2a: Kingambit|Protect
|move|p1b: Kingambit|Sucker Punch|p2b: Garchomp
|-damage|p2b: Garchomp|0 fnt
|-damage|p1b: Kingambit|87/100|[from] ability: Rough Skin|[of] p2b: Garchomp
|faint|p2b: Garchomp
|move|p1a: Garchomp|Dragon Claw|p2a: Kingambit
|-activate|p2a: Kingambit|move: Protect
|
|upkeep
|turn|8
|
|t:|1785773339
|move|p1a: Garchomp|Dragon Claw|p2a: Kingambit
|-resisted|p2a: Kingambit|1
|-damage|p2a: Kingambit|63/100
|-damage|p1a: Garchomp|90/100|[from] item: Life Orb
|move|p2a: Kingambit|Kowtow Cleave|p1a: Garchomp
|-damage|p1a: Garchomp|28/100
|-damage|p2a: Kingambit|51/100|[from] ability: Rough Skin|[of] p1a: Garchomp
|move|p1b: Kingambit|Kowtow Cleave|p2a: Kingambit
|-resisted|p2a: Kingambit|1
|-damage|p2a: Kingambit|12/100
|
|upkeep
|turn|9
|
|t:|1785773353
|move|p2a: Kingambit|Sucker Punch|p1a: Garchomp
|-damage|p1a: Garchomp|0 fnt
|-damage|p2a: Kingambit|0 fnt|[from] ability: Rough Skin|[of] p1a: Garchomp
|faint|p1a: Garchomp
|faint|p2a: Kingambit
|
|win|A Regu1ar Guy
