|j|Ōśåonlyembers
|j|Ōśåinfernalpie
|html|onlyembersinfernalpie    
|uhtml|bestof|Game 1 of a best-of-3
|t:|1756932469
|gametype|doubles
|player|p1|onlyembers|acetrainerf|1152
|player|p2|infernalpie|n|1165
|gen|9
|tier|[Gen 9] VGC 2025 Reg H (Bo3)
|rated|
|rule|Species Clause: Limit one of each Pok├®mon
|rule|Item Clause: Limit 1 of each item
|clearpoke
|poke|p1|Archaludon, L50, M|
|poke|p1|Pelipper, L50, F|
|poke|p1|Gholdengo, L50|
|poke|p1|Amoonguss, L50, M|
|poke|p1|Basculegion, L50, M|
|poke|p1|Annihilape, L50, F|
|poke|p2|Tyranitar, L50, M|
|poke|p2|Excadrill, L50, F|
|poke|p2|Garchomp, L50, M|
|poke|p2|Corviknight, L50, M|
|poke|p2|Serperior, L50, M|
|poke|p2|Primarina, L50, F|
|teampreview|4
|showteam|p1|Archaludon||AssaultVest|Stamina|ElectroShot,DracoMeteor,FlashCannon,BodyPress|||M|||50|,,,,,Bug]Pelipper||FocusSash|Drizzle|WeatherBall,Hurricane,Tailwind,Protect|||F|||50|,,,,,Ghost]Gholdengo||LifeOrb|GoodasGold|MakeItRain,ShadowBall,NastyPlot,Protect||||||50|,,,,,Steel]Amoonguss||SitrusBerry|Regenerator|SludgeBomb,Spore,RagePowder,Protect|||M|||50|,,,,,Fairy]Basculegion||ChoiceBand|SwiftSwim|WaveCrash,LastRespects,AquaJet,FlipTurn|||M|||50|,,,,,Grass]Annihilape||SafetyGoggles|Defiant|CloseCombat,RageFist,Taunt,FinalGambit|||F|||50|,,,,,Fire
|showteam|p2|Tyranitar||AssaultVest|SandStream|KnockOff,RockSlide,BrickBreak,TeraBlast|||M|||50|,,,,,Flying]Excadrill||FocusSash|SandRush|IronHead,RockSlide,Protect,Earthquake|||F|||50|,,,,,Stellar]Garchomp||LoadedDice|SandVeil|ScaleShot,RockSlide,Earthquake,Protect|||M|||50|,,,,,Fairy]Corviknight||SitrusBerry|MirrorArmor|BraveBird,IronHead,Protect,Tailwind|||M|||50|,,,,,Fire]Serperior||LifeOrb|Contrary|LeafStorm,Glare,Protect,TeraBlast|||M|||50|,,,,,Fire]Primarina||ThroatSpray|LiquidVoice|HyperVoice,Moonblast,Haze,Protect|||F|||50|,,,,,Steel
|
|t:|1756932502
|teamsize|p1|4
|teamsize|p2|4
|start
|switch|p1a: Annihilape|Annihilape, L50, F|100/100
|switch|p1b: Basculegion|Basculegion, L50, M|100/100
|switch|p2a: Serperior|Serperior, L50, M|100/100
|switch|p2b: Corviknight|Corviknight, L50, M|100/100
|turn|1
|
|t:|1756932535
|move|p1a: Annihilape|Final Gambit|p2a: Serperior
|-damage|p2a: Serperior|0 fnt
|faint|p1a: Annihilape
|faint|p2a: Serperior
|move|p1b: Basculegion|Flip Turn|p2b: Corviknight
|-damage|p2b: Corviknight|66/100
|
|t:|1756932543
|switch|p1b: Archaludon|Archaludon, L50, M|100/100|[from] Flip Turn
|move|p2b: Corviknight|Brave Bird|p1b: Archaludon
|-resisted|p1b: Archaludon
|-damage|p1b: Archaludon|84/100
|-ability|p1b: Archaludon|Stamina|boost
|-boost|p1b: Archaludon|def|1
|-damage|p2b: Corviknight|61/100|[from] Recoil
|
|upkeep
|c|Ōśåinfernalpie|Man came on­¤śö
|c|Ōśåinfernalpie|I liked my serperior
|c|Ōśåonlyembers|serperiors cool
|c|Ōśåinfernalpie|GG
|c|Ōśåonlyembers|but it had to go
|
|t:|1756932568
|switch|p1a: Pelipper|Pelipper, L50, F|100/100
|switch|p2a: Garchomp|Garchomp, L50, M|100/100
|-weather|RainDance|[from] ability: Drizzle|[of] p1a: Pelipper
|turn|2
|c|Ōśåinfernalpie|Yeah I know
|c|Ōśåinfernalpie|I hoped for a switch
|inactive|Battle timer is ON: inactive players will automatically lose when time's up. (requested by onlyembers)
|
|t:|1756932606
|-terastallize|p2a: Garchomp|Fairy
|move|p1a: Pelipper|Tailwind|p1a: Pelipper
|-sidestart|p1: onlyembers|move: Tailwind
|move|p1b: Archaludon|Electro Shot||[still]
|-prepare|p1b: Archaludon|Electro Shot
|-boost|p1b: Archaludon|spa|1
|-anim|p1b: Archaludon|Electro Shot|p2b: Corviknight
|-supereffective|p2b: Corviknight
|-damage|p2b: Corviknight|0 fnt
|faint|p2b: Corviknight
|move|p2a: Garchomp|Rock Slide|p1a: Pelipper|[spread] p1a,p1b
|-supereffective|p1a: Pelipper
|-resisted|p1b: Archaludon
|-damage|p1a: Pelipper|42/100
|-damage|p1b: Archaludon|79/100
|-ability|p1b: Archaludon|Stamina|boost
|-boost|p1b: Archaludon|def|1
|
|-weather|RainDance|[upkeep]
|upkeep
|c|Ōśåonlyembers|not today friend :(
|
|t:|1756932623
|switch|p2b: Tyranitar|Tyranitar, L50, M|100/100
|-weather|Sandstorm|[from] ability: Sand Stream|[of] p2b: Tyranitar
|turn|3
|
|t:|1756932644
|switch|p1a: Basculegion|Basculegion, L50, M|100/100
|-terastallize|p1b: Archaludon|Bug
|move|p1b: Archaludon|Flash Cannon|p2a: Garchomp|[miss]
|-miss|p1b: Archaludon|p2a: Garchomp
|move|p2a: Garchomp|Rock Slide|p1b: Archaludon|[spread] p1b
|-miss|p2a: Garchomp|p1a: Basculegion
|-supereffective|p1b: Archaludon
|-damage|p1b: Archaludon|63/100
|-ability|p1b: Archaludon|Stamina|boost
|-boost|p1b: Archaludon|def|1
|move|p2b: Tyranitar|Brick Break|p1b: Archaludon
|-resisted|p1b: Archaludon
|-damage|p1b: Archaludon|58/100
|-ability|p1b: Archaludon|Stamina|boost
|-boost|p1b: Archaludon|def|1
|
|-weather|Sandstorm|[upkeep]
|-damage|p1a: Basculegion|94/100|[from] Sandstorm
|-damage|p1b: Archaludon|52/100|[from] Sandstorm
|upkeep
|turn|4
|c|Ōśåinfernalpie|Yeah I can't destroy that bridge
|inactive|infernalpie has 30 seconds left.
|
|t:|1756932671
|switch|p1a: Pelipper|Pelipper, L50, F|42/100
|-weather|RainDance|[from] ability: Drizzle|[of] p1a: Pelipper
|move|p1b: Archaludon|Flash Cannon|p2b: Tyranitar
|-supereffective|p2b: Tyranitar
|-damage|p2b: Tyranitar|26/100
|move|p2a: Garchomp|Rock Slide|p1a: Pelipper|[spread] p1a
|-miss|p2a: Garchomp|p1b: Archaludon
|-supereffective|p1a: Pelipper
|-damage|p1a: Pelipper|0 fnt
|faint|p1a: Pelipper
|move|p2b: Tyranitar|Rock Slide|p1b: Archaludon
|-supereffective|p1b: Archaludon
|-damage|p1b: Archaludon|30/100
|-ability|p1b: Archaludon|Stamina|boost
|-boost|p1b: Archaludon|def|1
|
|-weather|RainDance|[upkeep]
|upkeep
|
|t:|1756932680
|switch|p1a: Basculegion|Basculegion, L50, M|94/100
|turn|5
|
|t:|1756932704
|move|p2a: Garchomp|Protect|p2a: Garchomp
|-singleturn|p2a: Garchomp|Protect
|move|p1a: Basculegion|Wave Crash|p2a: Garchomp
|-activate|p2a: Garchomp|move: Protect
|move|p1b: Archaludon|Flash Cannon|p2b: Tyranitar
|-supereffective|p2b: Tyranitar
|-damage|p2b: Tyranitar|0 fnt
|faint|p2b: Tyranitar
|
|-weather|RainDance|[upkeep]
|-sideend|p1: onlyembers|move: Tailwind
|upkeep
|turn|6
|c|Ōśåonlyembers|bridge strong
|c|Ōśåinfernalpie|Crit
|c|Ōśåinfernalpie|PLS
|
|t:|1756932723
|move|p1a: Basculegion|Wave Crash|p2a: Garchomp
|-damage|p2a: Garchomp|0 fnt
|faint|p2a: Garchomp
|-damage|p1a: Basculegion|58/100|[from] Recoil
|
|win|onlyembers
|c|Ōśåinfernalpie|Ah ok
|inactive|onlyembers has 30 seconds to confirm battle start!
|inactive|infernalpie has 30 seconds to confirm battle start!
|c|Ōśåinfernalpie|GG
||infernalpie is ready for game 2.
|c|Ōśåonlyembers|gg
||onlyembers is ready for game 2.
|uhtml|next|Next: Game 2 of 3
|l|Ōśåinfernalpie
|player|p2|
