|j|☆Jideo
|j|☆bdogplatinum
|html|Jideobdogplatinum    
|uhtml|bestof|Game 2 of a best-of-3
|t:|1755310372
|gametype|doubles
|player|p1|Jideo|170|1181
|player|p2|bdogplatinum|lucas|1233
|gen|9
|tier|[Gen 9] VGC 2025 Reg H (Bo3)
|rated|
|rule|Species Clause: Limit one of each Pokémon
|rule|Item Clause: Limit 1 of each item
|clearpoke
|poke|p1|Archaludon, L50, F|
|poke|p1|Pelipper, L50, M|
|poke|p1|Basculegion, L50, M|
|poke|p1|Incineroar, L50, M|
|poke|p1|Toxicroak, L50, M|
|poke|p1|Amoonguss, L50, M|
|poke|p2|Hatterene, L50, F|
|poke|p2|Indeedee-F, L50, F|
|poke|p2|Torkoal, L50, F|
|poke|p2|Ursaluna, L50, M|
|poke|p2|Annihilape, L50, F|
|poke|p2|Gallade, L50, M|
|teampreview|4
|showteam|p1|Archaludon||AssaultVest|Stamina|ElectroShot,Snarl,DragonPulse,BodyPress|||F|||50|,,,,,Grass]Pelipper||FocusSash|Drizzle|WeatherBall,Hurricane,Protect,Tailwind|||M|||50|,,,,,Stellar]Basculegion||MysticWater|SwiftSwim|Protect,WaveCrash,FlipTurn,LastRespects|||M|||50|,,,,,Water]Incineroar||SafetyGoggles|Intimidate|FakeOut,FlareBlitz,KnockOff,PartingShot|||M|||50|,,,,,Ghost]Toxicroak||LifeOrb|DrySkin|FakeOut,CloseCombat,PoisonJab,SuckerPunch|||M|||50|,,,,,Dark]Amoonguss||CovertCloak|Regenerator|Protect,PollenPuff,RagePowder,Spore|||M|||50|,,,,,Fairy
|showteam|p2|Hatterene||LifeOrb|MagicBounce|TrickRoom,Psychic,ExpandingForce,DazzlingGleam|||F|||50|,,,,,Fire]Indeedee-F||RockyHelmet|PsychicSurge|TrickRoom,FollowMe,HelpingHand,Psychic|||F|||50|,,,,,Water]Torkoal||ChoiceSpecs|Drought|Eruption,HeatWave,EarthPower,WeatherBall|||F|||50|,,,,,Fire]Ursaluna||FlameOrb|Guts|Protect,Facade,Earthquake,HeadlongRush|||M|||50|,,,,,Ghost]Annihilape||ChoiceScarf|Defiant|CloseCombat,RageFist,FinalGambit,Uturn|||F|||50|,,,,,Grass]Gallade||ClearAmulet|Sharpness|TrickRoom,WideGuard,SacredSword,PsychoCut|||M|||50|,,,,,Grass
|inactive|Battle timer is ON: inactive players will automatically lose when time's up. (requested by Jideo)
|
|t:|1755310387
|teamsize|p1|4
|teamsize|p2|4
|start
|switch|p1a: Incineroar|Incineroar, L50, M|100/100
|switch|p1b: Amoonguss|Amoonguss, L50, M|100/100
|switch|p2a: Hatterene|Hatterene, L50, F|100/100
|switch|p2b: Indeedee|Indeedee-F, L50, F|100/100
|-fieldstart|move: Psychic Terrain|[from] ability: Psychic Surge|[of] p2b: Indeedee
|-ability|p1a: Incineroar|Intimidate|boost
|-unboost|p2a: Hatterene|atk|1
|-unboost|p2b: Indeedee|atk|1
|turn|1
|inactive|bdogplatinum has 30 seconds left.
|inactive|bdogplatinum has 20 seconds left.
|inactive|bdogplatinum has 15 seconds left.
|inactive|bdogplatinum has 10 seconds left.
|
|t:|1755310436
|-terastallize|p1b: Amoonguss|Fairy
|move|p2b: Indeedee|Helping Hand|p2a: Hatterene
|-singleturn|p2a: Hatterene|Helping Hand|[of] p2b: Indeedee
|move|p1a: Incineroar|Parting Shot|p2b: Indeedee
|-unboost|p2b: Indeedee|atk|1
|-unboost|p2b: Indeedee|spa|1
|
|t:|1755310443
|switch|p1a: Archaludon|Archaludon, L50, F|100/100|[from] Parting Shot
|move|p1b: Amoonguss|Spore|p2b: Indeedee
|-status|p2b: Indeedee|slp|[from] move: Spore
|move|p2a: Hatterene|Expanding Force|p1a: Archaludon|[spread] p1a,p1b
|-resisted|p1a: Archaludon
|-damage|p1a: Archaludon|52/100
|-damage|p1b: Amoonguss|0 fnt
|-ability|p1a: Archaludon|Stamina|boost
|-boost|p1a: Archaludon|def|1
|faint|p1b: Amoonguss
|-damage|p2a: Hatterene|91/100|[from] item: Life Orb
|
|upkeep
|c|☆Jideo|Bet
|
|t:|1755310460
|switch|p1b: Incineroar|Incineroar, L50, M|100/100
|-ability|p1b: Incineroar|Intimidate|boost
|-unboost|p2a: Hatterene|atk|1
|-unboost|p2b: Indeedee|atk|1
|turn|2
|
|t:|1755310474
|switch|p2b: Gallade|Gallade, L50, M|100/100
|-terastallize|p2a: Hatterene|Fire
|move|p1a: Archaludon|Snarl|p2b: Gallade|[spread] p2a,p2b
|-damage|p2a: Hatterene|76/100
|-damage|p2b: Gallade|88/100
|-unboost|p2a: Hatterene|spa|1
|move|p1b: Incineroar|Knock Off|p2a: Hatterene
|-damage|p2a: Hatterene|36/100
|-enditem|p2a: Hatterene|Life Orb|[from] move: Knock Off|[of] p1b: Incineroar
|move|p2a: Hatterene|Trick Room|p2a: Hatterene
|-fieldstart|move: Trick Room|[of] p2a: Hatterene
|
|upkeep
|turn|3
|
|t:|1755310496
|move|p2a: Hatterene|Dazzling Gleam|p1b: Incineroar|[spread] p1a,p1b
|-damage|p1a: Archaludon|35/100
|-damage|p1b: Incineroar|81/100
|-ability|p1a: Archaludon|Stamina|boost
|-boost|p1a: Archaludon|def|1
|move|p2b: Gallade|Sacred Sword|p1b: Incineroar
|-supereffective|p1b: Incineroar
|-damage|p1b: Incineroar|0 fnt
|faint|p1b: Incineroar
|move|p1a: Archaludon|Dragon Pulse|p2b: Gallade
|-damage|p2b: Gallade|48/100
|
|upkeep
|
|t:|1755310499
|switch|p1b: Pelipper|Pelipper, L50, M|100/100
|-weather|RainDance|[from] ability: Drizzle|[of] p1b: Pelipper
|turn|4
|c|☆bdogplatinum|gg
|inactive|Jideo has 30 seconds left.
|inactive|Jideo has 20 seconds left.
|inactive|Jideo has 15 seconds left.
|
|t:|1755310541
|switch|p2a: Torkoal|Torkoal, L50, F|100/100
|-weather|SunnyDay|[from] ability: Drought|[of] p2a: Torkoal
|move|p1b: Pelipper|Protect|p1b: Pelipper
|-singleturn|p1b: Pelipper|Protect
|move|p2b: Gallade|Sacred Sword|p1a: Archaludon
|-supereffective|p1a: Archaludon
|-damage|p1a: Archaludon|0 fnt
|faint|p1a: Archaludon
|
|-weather|SunnyDay|[upkeep]
|upkeep
|turn|5
|inactive|Jideo has 30 seconds left.
|inactive|Jideo has 20 seconds left.
|inactive|Jideo has 15 seconds left.
|c|☆Jideo|Cringe ass team
|-message|Jideo forfeited.
|
|win|bdogplatinum
|raw|Jideo's rating: 1181 → 1160(-21 for losing)
|raw|bdogplatinum's rating: 1233 → 1254(+21 for winning)
|l|☆Jideo
|player|p1|
