|j|☆maish
|j|☆RandomPerson2524
|html|maishRandomPerson2524    
|uhtml|bestof|Game 2 of a best-of-3
|t:|1756555740
|gametype|doubles
|player|p1|maish|roxie|1124
|player|p2|RandomPerson2524|benga|1000
|gen|9
|tier|[Gen 9] VGC 2025 Reg H (Bo3)
|rated|
|rule|Species Clause: Limit one of each Pokémon
|rule|Item Clause: Limit 1 of each item
|clearpoke
|poke|p1|Pelipper, L50, M|
|poke|p1|Archaludon, L50, M|
|poke|p1|Basculegion, L50, M|
|poke|p1|Amoonguss, L50, F|
|poke|p1|Incineroar, L50, M|
|poke|p1|Gholdengo, L50|
|poke|p2|Slaking, L50, M|
|poke|p2|Grafaiai, L50, F|
|poke|p2|Incineroar, L50, M|
|poke|p2|Amoonguss, L50, F|
|poke|p2|Gholdengo, L50|
|poke|p2|Dragonite, L50, F|
|teampreview|4
|showteam|p1|Pelipper||FocusSash|Drizzle|WeatherBall,Hurricane,Tailwind,Protect|||M|||50|,,,,,Ghost]Archaludon||AssaultVest|Stamina|DragonPulse,ElectroShot,Snarl,BodyPress|||M|||50|,,,,,Grass]Basculegion||ChoiceBand|SwiftSwim|WaveCrash,AquaJet,LastRespects,FlipTurn|||M|||50|,,,,,Grass]Amoonguss||RockyHelmet|Regenerator|RagePowder,PollenPuff,Spore,Protect|||F|||50|,,,,,Water]Incineroar||SafetyGoggles|Intimidate|FakeOut,FlareBlitz,PartingShot,KnockOff|||M|||50|,,,,,Water]Gholdengo||LifeOrb|GoodasGold|MakeItRain,ShadowBall,NastyPlot,Protect||||||50|,,,,,Dragon
|showteam|p2|Slaking||ChoiceBand|Truant|DoubleEdge,Earthquake,SuckerPunch,Protect|||M|||50|,,,,,Normal]Grafaiai||FocusSash|Prankster|Doodle,Encore,Taunt,PartingShot|||F|||50|,,,,,Poison]Incineroar||AssaultVest|Intimidate|FakeOut,FlareBlitz,KnockOff,Uturn|||M|||50|,,,,,Grass]Amoonguss||RockyHelmet|Regenerator|RagePowder,Spore,PollenPuff,Protect|||F|||50|,,,,,Water]Gholdengo||ChoiceSpecs|GoodasGold|MakeItRain,Trick,NastyPlot,Protect||||||50|,,,,,Flying]Dragonite||LoadedDice|Multiscale|DragonDance,ExtremeSpeed,ScaleShot,Protect|||F|||50|,,,,,Flying
|
|t:|1756555752
|teamsize|p1|4
|teamsize|p2|4
|start
|switch|p1a: Pelipper|Pelipper, L50, M, shiny|100/100
|switch|p1b: Basculegion|Basculegion, L50, M, shiny|100/100
|switch|p2a: Slaking|Slaking, L50, M|100/100
|switch|p2b: Grafaiai|Grafaiai, L50, F|100/100
|-weather|RainDance|[from] ability: Drizzle|[of] p1a: Pelipper
|turn|1
|inactive|Battle timer is ON: inactive players will automatically lose when time's up. (requested by maish)
|inactive|maish has 60 seconds left.
|
|t:|1756555804
|switch|p1b: Gholdengo|Gholdengo, L50|100/100
|move|p2a: Slaking|Sucker Punch|p1a: Pelipper
|-damage|p1a: Pelipper|43/100
|move|p2b: Grafaiai|Doodle|p1b: Gholdengo
|-immune|p1b: Gholdengo|[from] ability: Good as Gold
|move|p1a: Pelipper|Hurricane|p2a: Slaking
|-damage|p2a: Slaking|48/100
|-start|p2a: Slaking|confusion
|
|-weather|RainDance|[upkeep]
|upkeep
|turn|2
|
|t:|1756555825
|cant|p2a: Slaking|ability: Truant
|move|p2b: Grafaiai|Doodle|p1a: Pelipper
|-ability|p2a: Slaking|Drizzle|Truant|[from] move: Doodle
|-ability|p2b: Grafaiai|Drizzle|Prankster|[from] move: Doodle
|move|p1b: Gholdengo|Nasty Plot|p1b: Gholdengo
|-boost|p1b: Gholdengo|spa|2
|move|p1a: Pelipper|Tailwind|p1a: Pelipper
|-sidestart|p1: maish|move: Tailwind
|
|-weather|RainDance|[upkeep]
|upkeep
|turn|3
|inactive|maish has 30 seconds left.
|inactive|RandomPerson2524 has 30 seconds left.
|
|t:|1756555855
|-terastallize|p1b: Gholdengo|Dragon
|-activate|p2a: Slaking|confusion
|move|p2a: Slaking|Sucker Punch|p1b: Gholdengo
|-damage|p1b: Gholdengo|57/100
|move|p1b: Gholdengo|Make It Rain|p2b: Grafaiai|[spread] p2a,p2b
|-damage|p2a: Slaking|0 fnt
|-enditem|p2b: Grafaiai|Focus Sash
|-damage|p2b: Grafaiai|1/100
|-unboost|p1b: Gholdengo|spa|1
|faint|p2a: Slaking
|-damage|p1b: Gholdengo|48/100|[from] item: Life Orb
|move|p1a: Pelipper|Hurricane|p2b: Grafaiai
|-damage|p2b: Grafaiai|0 fnt
|faint|p2b: Grafaiai
|
|-weather|RainDance|[upkeep]
|upkeep
|
|t:|1756555874
|switch|p2a: Dragonite|Dragonite, L50, F|100/100
|switch|p2b: Gholdengo|Gholdengo, L50|100/100
|turn|4
|inactive|maish has 30 seconds left.
|inactive|RandomPerson2524 has 30 seconds left.
|inactive|maish has 20 seconds left.
|inactive|maish has 15 seconds left.
|inactive|maish has 10 seconds left.
|
|t:|1756555921
|-terastallize|p2a: Dragonite|Flying
|move|p2a: Dragonite|Extreme Speed|p1b: Gholdengo
|-damage|p1b: Gholdengo|20/100
|move|p1b: Gholdengo|Shadow Ball|p2b: Gholdengo
|-supereffective|p2b: Gholdengo
|-damage|p2b: Gholdengo|0 fnt
|faint|p2b: Gholdengo
|-damage|p1b: Gholdengo|10/100|[from] item: Life Orb
|move|p1a: Pelipper|Hurricane|p2a: Dragonite
|-damage|p2a: Dragonite|72/100
|
|-weather|RainDance|[upkeep]
|upkeep
|turn|5
|inactive|maish has 30 seconds left.
|
|t:|1756555956
|switch|p1b: Archaludon|Archaludon, L50, M, shiny|100/100
|move|p1a: Pelipper|Protect|p1a: Pelipper
|-singleturn|p1a: Pelipper|Protect
|move|p2a: Dragonite|Scale Shot|p1a: Pelipper
|-activate|p1a: Pelipper|move: Protect
|
|-weather|none
|-sideend|p1: maish|move: Tailwind
|upkeep
|turn|6
|
|t:|1756555973
|switch|p1a: Gholdengo|Gholdengo, L50, tera:Dragon|10/100
|move|p2a: Dragonite|Extreme Speed|p1b: Archaludon
|-resisted|p1b: Archaludon
|-damage|p1b: Archaludon|90/100
|-ability|p1b: Archaludon|Stamina|boost
|-boost|p1b: Archaludon|def|1
|move|p1b: Archaludon|Dragon Pulse|p2a: Dragonite
|-damage|p2a: Dragonite|25/100
|
|upkeep
|turn|7
|
|t:|1756555984
|switch|p1a: Pelipper|Pelipper, L50, M, shiny|43/100
|-weather|RainDance|[from] ability: Drizzle|[of] p1a: Pelipper
|move|p2a: Dragonite|Scale Shot|p1a: Pelipper|[miss]
|-miss|p2a: Dragonite|p1a: Pelipper
|move|p1b: Archaludon|Electro Shot||[still]
|-prepare|p1b: Archaludon|Electro Shot
|-boost|p1b: Archaludon|spa|1
|-anim|p1b: Archaludon|Electro Shot|p2a: Dragonite
|-supereffective|p2a: Dragonite
|-damage|p2a: Dragonite|0 fnt
|faint|p2a: Dragonite
|
|win|maish
|raw|maish's rating: 1124 → 1140(+16 for winning)
|raw|RandomPerson2524's rating: 1000 → 1000(+0 for losing)
