|j|☆lolgz
|j|☆Weredude08
|html|lolgzWeredude08    
|uhtml|bestof|Game 1 of a best-of-3
|t:|1783463938
|gametype|doubles
|player|p1|lolgz|dawn|1127
|player|p2|Weredude08|steven|1125
|gen|9
|tier|[Gen 9 Champions] VGC 2026 Reg M-B (Bo3)
|rated|
|rule|Species Clause: Limit one of each Pokémon
|rule|Item Clause: Limit 1 of each item
|clearpoke
|poke|p1|Scrafty, L50, F|
|poke|p1|Vivillon, L50, F|
|poke|p1|Incineroar, L50, M|
|poke|p1|Sinistcha, L50|
|poke|p1|Kingambit, L50, F|
|poke|p1|Delphox, L50, F|
|poke|p2|Blaziken, L50, F|
|poke|p2|Kingambit, L50, M|
|poke|p2|Sylveon, L50, M|
|poke|p2|Garchomp, L50, M|
|poke|p2|Whimsicott, L50, F|
|poke|p2|Farigiraf, L50, M|
|teampreview|4
|showteam|p1|Scrafty||Scraftinite|Intimidate|DrainPunch,KnockOff,Protect,DragonDance|Jolly||F|||50|]Vivillon||ChoiceScarf|CompoundEyes|SleepPowder,Hurricane,RagePowder,Tailwind|Timid||F|||50|]Incineroar||PasshoBerry|Intimidate|PartingShot,FakeOut,ThroatChop,FlareBlitz|Careful||M|||50|]Sinistcha||KasibBerry|Hospitality|MatchaGotcha,RagePowder,TrickRoom,Protect|Serious|||||50|]Kingambit||BlackGlasses|Defiant|SuckerPunch,KowtowCleave,Protect,SwordsDance|Adamant||F|||50|]Delphox||Delphoxite|Blaze|HeatWave,Psychic,Protect,NastyPlot|Timid||F|||50|
|showteam|p2|Blaziken||Blazikenite|SpeedBoost|Detect,CloseCombat,FlareBlitz,RockSlide|Adamant||F|||50|]Kingambit||BlackGlasses|Defiant|Protect,IronHead,KowtowCleave,SuckerPunch|Adamant||M|||50|]Sylveon||FairyFeather|Pixilate|Detect,HyperVoice,HyperBeam,QuickAttack|Modest||M|||50|]Garchomp||LifeOrb|RoughSkin|Protect,StompingTantrum,DragonClaw,RockSlide|Adamant||M|||50|]Whimsicott||FocusSash|Prankster|Protect,Tailwind,Moonblast,Encore|Timid||F|||50|]Farigiraf||SitrusBerry|ArmorTail|TrickRoom,HelpingHand,TwinBeam,GrassKnot|Relaxed||M|||50|
|inactive|Battle timer is ON: inactive players will automatically lose when time's up. (requested by lolgz)
|inactive|Weredude08 also wants the timer to be on.
|inactive|Weredude08 has 60 seconds left.
|
|t:|1783463992
|teamsize|p1|4
|teamsize|p2|4
|start
|switch|p1a: Vivillon|Vivillon, L50, F|100/100
|switch|p1b: Delphox|Delphox, L50, F|100/100
|switch|p2a: Whimsicott|Whimsicott, L50, F|100/100
|switch|p2b: Sylveon|Sylveon, L50, M|100/100
|turn|1
|inactive|lolgz has 30 seconds left.
|inactive|Weredude08 has 30 seconds left.
|
|t:|1783464028
|detailschange|p1b: Delphox|Delphox-Mega, L50, F
|-mega|p1b: Delphox|Delphox|Delphoxite
|move|p2b: Sylveon|Detect|p2b: Sylveon
|-singleturn|p2b: Sylveon|Protect
|move|p2a: Whimsicott|Tailwind|p2a: Whimsicott
|-sidestart|p2: Weredude08|move: Tailwind
|move|p1a: Vivillon|Sleep Powder|p2b: Sylveon
|-activate|p2b: Sylveon|move: Protect
|move|p1b: Delphox|Heat Wave|p2b: Sylveon|[spread] 
|-activate|p2b: Sylveon|move: Protect
|-miss|p1b: Delphox|p2a: Whimsicott
|
|upkeep
|turn|2
|
|t:|1783464045
|move|p2a: Whimsicott|Moonblast|p1a: Vivillon
|-damage|p1a: Vivillon|45/100
|move|p1a: Vivillon|Sleep Powder|p2b: Sylveon
|-status|p2b: Sylveon|slp|[from] move: Sleep Powder
|move|p1b: Delphox|Heat Wave|p2a: Whimsicott|[spread] p2a,p2b
|-supereffective|p2a: Whimsicott|1
|-enditem|p2a: Whimsicott|Focus Sash
|-damage|p2a: Whimsicott|1/100
|-damage|p2b: Sylveon|71/100 slp
|cant|p2b: Sylveon|slp
|
|upkeep
|turn|3
|
|t:|1783464056
|switch|p1a: Incineroar|Incineroar, L50, M|100/100
|-ability|p1a: Incineroar|Intimidate|boost
|-unboost|p2a: Whimsicott|atk|1
|-unboost|p2b: Sylveon|atk|1
|move|p2a: Whimsicott|Moonblast|p1a: Incineroar
|-damage|p1a: Incineroar|77/100
|move|p1b: Delphox|Heat Wave|p2a: Whimsicott|[spread] p2a,p2b
|-supereffective|p2a: Whimsicott|1
|-damage|p2a: Whimsicott|0 fnt
|-damage|p2b: Sylveon|39/100 slp
|faint|p2a: Whimsicott
|cant|p2b: Sylveon|slp
|
|upkeep
|
|t:|1783464068
|switch|p2a: Blaziken|Blaziken, L50, F|100/100
|turn|4
|
|t:|1783464085
|switch|p2a: Farigiraf|Farigiraf, L50, M|100/100
|move|p1a: Incineroar|Fake Out||[still]
|cant|p2a: Farigiraf|ability: Armor Tail|Fake Out|[of] p1a: Incineroar
|move|p1b: Delphox|Heat Wave|p2a: Farigiraf|[spread] p2a,p2b
|-crit|p2b: Sylveon
|-damage|p2a: Farigiraf|63/100
|-damage|p2b: Sylveon|0 fnt
|faint|p2b: Sylveon
|
|-sideend|p2: Weredude08|move: Tailwind
|upkeep
|
|t:|1783464102
|switch|p2b: Blaziken|Blaziken, L50, F|100/100
|turn|5
|
|t:|1783464115
|move|p2b: Blaziken|Detect|p2b: Blaziken
|-singleturn|p2b: Blaziken|Protect
|move|p1b: Delphox|Psychic|p2b: Blaziken
|-activate|p2b: Blaziken|move: Protect
|move|p1a: Incineroar|Throat Chop|p2a: Farigiraf
|-supereffective|p2a: Farigiraf|1
|-damage|p2a: Farigiraf|14/100
|-start|p2a: Farigiraf|Throat Chop|[silent]
|-enditem|p2a: Farigiraf|Sitrus Berry|[eat]
|-heal|p2a: Farigiraf|39/100|[from] item: Sitrus Berry
|move|p2a: Farigiraf|Twin Beam|p1b: Delphox
|-resisted|p1b: Delphox|1
|-damage|p1b: Delphox|92/100
|-resisted|p1b: Delphox|1
|-damage|p1b: Delphox|85/100
|-hitcount|p1b: Delphox|2
|
|-ability|p2b: Blaziken|Speed Boost|boost
|-boost|p2b: Blaziken|spe|1
|upkeep
|turn|6
|
|t:|1783464135
|detailschange|p2b: Blaziken|Blaziken-Mega, L50, F
|-mega|p2b: Blaziken|Blaziken|Blazikenite
|move|p2a: Farigiraf|Helping Hand|p2b: Blaziken
|-singleturn|p2b: Blaziken|Helping Hand|[of] p2a: Farigiraf
|move|p2b: Blaziken|Rock Slide|p1a: Incineroar|[spread] p1a,p1b
|-supereffective|p1a: Incineroar|1
|-supereffective|p1b: Delphox|1
|-damage|p1a: Incineroar|3/100
|-damage|p1b: Delphox|0 fnt
|faint|p1b: Delphox
|cant|p1a: Incineroar|flinch
|
|-end|p2a: Farigiraf|Throat Chop|[silent]
|-ability|p2b: Blaziken|Speed Boost|boost
|-boost|p2b: Blaziken|spe|1
|upkeep
|
|t:|1783464143
|switch|p1b: Kingambit|Kingambit, L50, F|100/100
|turn|7
|
|t:|1783464164
|move|p1b: Kingambit|Protect|p1b: Kingambit
|-singleturn|p1b: Kingambit|Protect
|move|p2b: Blaziken|Close Combat|p1b: Kingambit
|-activate|p1b: Kingambit|move: Protect
|move|p1a: Incineroar|Throat Chop|p2a: Farigiraf
|-supereffective|p2a: Farigiraf|1
|-damage|p2a: Farigiraf|0 fnt
|faint|p2a: Farigiraf
|
|-ability|p2b: Blaziken|Speed Boost|boost
|-boost|p2b: Blaziken|spe|1
|upkeep
|turn|8
|
|t:|1783464178
|move|p1b: Kingambit|Sucker Punch|p2b: Blaziken
|-resisted|p2b: Blaziken|1
|-damage|p2b: Blaziken|68/100
|move|p2b: Blaziken|Flare Blitz|p1b: Kingambit
|-supereffective|p1b: Kingambit|1
|-damage|p1b: Kingambit|0 fnt
|faint|p1b: Kingambit
|-damage|p2b: Blaziken|26/100|[from] Recoil
|move|p1a: Incineroar|Throat Chop|p2b: Blaziken
|-resisted|p2b: Blaziken|1
|-damage|p2b: Blaziken|6/100
|-start|p2b: Blaziken|Throat Chop|[silent]
|
|-ability|p2b: Blaziken|Speed Boost|boost
|-boost|p2b: Blaziken|spe|1
|upkeep
|-message|Weredude08 forfeited.
|
|win|lolgz
