|j|Ōśålewibrad1098
|j|ŌśåFireBoyJ
|html|lewibrad1098FireBoyJ    
|uhtml|bestof|Game 2 of a best-of-3
|t:|1784380002
|gametype|doubles
|player|p1|lewibrad1098|265|
|player|p2|FireBoyJ|2|
|gen|9
|tier|[Gen 9 Champions] VGC 2026 Reg M-B (Bo3)
|rule|Species Clause: Limit one of each Pok├®mon
|rule|Item Clause: Limit 1 of each item
|clearpoke
|poke|p1|Ariados, L50, M|
|poke|p1|Salazzle, L50, F|
|poke|p1|Slowbro, L50, F|
|poke|p1|Crabominable, L50, F|
|poke|p1|Golurk, L50|
|poke|p1|Abomasnow, L50, M|
|poke|p2|Manectric, L50, M|
|poke|p2|Liepard, L50, M|
|poke|p2|Floette-Eternal, L50, F|
|poke|p2|Serperior, L50, F|
|poke|p2|Tauros-Paldea-Aqua, L50, M|
|poke|p2|Gardevoir, L50, F|
|teampreview|4
|showteam|p1|Ariados||SitrusBerry|Insomnia|RagePowder,PoisonJab,Protect,SuckerPunch|Brave||M|||50|]Salazzle||FocusSash|Oblivious|FakeOut,SludgeBomb,Flamethrower,Taunt|Timid||F|||50|]Slowbro||MentalHerb|Regenerator|TrickRoom,Scald,CalmMind,Psychic|Quiet||F|||50|]Crabominable||Crabominite|IronFist|BulkUp,DrainPunch,IceHammer,Protect|Brave||F|||50|]Golurk||Golurkite|IronFist|Poltergeist,CloseCombat,HeadlongRush,Protect|Serious|||||50|]Abomasnow||LightClay|SnowWarning|Blizzard,AuroraVeil,EnergyBall,Protect|Quiet||M|||50|
|showteam|p2|Manectric||Manectite|LightningRod|Thunderbolt,Snarl,VoltSwitch,Protect|Timid||M|||50|]Liepard||FocusSash|Prankster|KnockOff,FakeOut,Taunt,ThunderWave|Jolly||M|||50|]Floette-Eternal||Leftovers|FlowerVeil|Moonblast,DazzlingGleam,CalmMind,Protect|Modest||F|||50|]Serperior||LightClay|Contrary|LeafStorm,Glare,LightScreen,Reflect|Timid||F|||50|]Tauros-Paldea-Aqua||SitrusBerry|Intimidate|WaveCrash,CloseCombat,AquaJet,Protect|Adamant||M|||50|]Gardevoir||ChoiceScarf|Trace|Moonblast,Psyshock,IcyWind,DazzlingGleam|Modest||F|||50|
|inactive|Battle timer is ON: inactive players will automatically lose when time's up. (requested by lewibrad1098)
|c|Ōśålewibrad1098|Just attack when?
|c|ŌśåFireBoyJ|instead of switching to slowbro in the endgame
|inactive|FireBoyJ has 60 seconds left.
|c|ŌśåFireBoyJ|we can analyze after the match
|c|ŌśåFireBoyJ|if you want
|c|Ōśålewibrad1098|Yeah maybe not sure on damage calca and indicated so wasn't sure
|inactive|FireBoyJ has 30 seconds left.
|inactive|FireBoyJ has 20 seconds left.
|inactive|FireBoyJ has 15 seconds left.
|
|t:|1784380129
|teamsize|p1|4
|teamsize|p2|4
|start
|switch|p1a: Slowbro|Slowbro, L50, F|100/100
|switch|p1b: Salazzle|Salazzle, L50, F|100/100
|switch|p2a: Manectric|Manectric, L50, M|100/100
|switch|p2b: Gardevoir|Gardevoir, L50, F|100/100
|-ability|p2b: Gardevoir|Oblivious|Trace|[from] ability: Trace|[of] p1b: Salazzle
|turn|1
|inactive|FireBoyJ has 30 seconds left.
|inactive|FireBoyJ has 20 seconds left.
|inactive|FireBoyJ has 15 seconds left.
|
|t:|1784380171
|move|p1b: Salazzle|Fake Out|p2a: Manectric
|-damage|p2a: Manectric|90/100
|move|p2b: Gardevoir|Psyshock|p1b: Salazzle
|-supereffective|p1b: Salazzle|1
|-enditem|p1b: Salazzle|Focus Sash
|-damage|p1b: Salazzle|1/100
|cant|p2a: Manectric|flinch
|move|p1a: Slowbro|Calm Mind|p1a: Slowbro
|-boost|p1a: Slowbro|spa|1
|-boost|p1a: Slowbro|spd|1
|
|upkeep
|turn|2
|inactive|FireBoyJ has 30 seconds left.
|inactive|FireBoyJ has 20 seconds left.
|inactive|FireBoyJ has 15 seconds left.
|inactive|FireBoyJ has 10 seconds left.
|
|t:|1784380218
|switch|p2b: Floette|Floette-Eternal, L50, F|100/100
|detailschange|p2a: Manectric|Manectric-Mega, L50, M
|-mega|p2a: Manectric|Manectric|Manectite
|-ability|p2a: Manectric|Intimidate|boost
|-unboost|p1a: Slowbro|atk|1
|-fail|p1b: Salazzle|unboost|Attack|[from] ability: Oblivious|[of] p1b: Salazzle
|move|p2a: Manectric|Snarl|p1b: Salazzle|[spread] p1a,p1b
|-supereffective|p1a: Slowbro|1
|-damage|p1a: Slowbro|80/100
|-damage|p1b: Salazzle|0 fnt
|-unboost|p1a: Slowbro|spa|1
|faint|p1b: Salazzle
|move|p1a: Slowbro|Trick Room|p1a: Slowbro
|-fieldstart|move: Trick Room|[of] p1a: Slowbro
|
|upkeep
|
|t:|1784380230
|switch|p1b: Ariados|Ariados, L50, M|100/100
|turn|3
|
|t:|1784380247
|move|p2b: Floette|Protect|p2b: Floette
|-singleturn|p2b: Floette|Protect
|move|p1a: Slowbro|Calm Mind|p1a: Slowbro
|-boost|p1a: Slowbro|spa|1
|-boost|p1a: Slowbro|spd|1
|move|p1b: Ariados|Poison Jab|p2b: Floette
|-activate|p2b: Floette|move: Protect
|move|p2a: Manectric|Snarl|p1b: Ariados|[spread] p1a,p1b
|-supereffective|p1a: Slowbro|1
|-damage|p1a: Slowbro|66/100
|-damage|p1b: Ariados|80/100
|-unboost|p1a: Slowbro|spa|1
|-unboost|p1b: Ariados|spa|1
|
|upkeep
|turn|4
|inactive|FireBoyJ has 30 seconds left.
|inactive|FireBoyJ has 20 seconds left.
|inactive|FireBoyJ has 15 seconds left.
|inactive|FireBoyJ has 10 seconds left.
|inactive|FireBoyJ has 5 seconds left.
|
|t:|1784380301
|move|p1a: Slowbro|Psychic|p2a: Manectric
|-damage|p2a: Manectric|46/100
|move|p1b: Ariados|Poison Jab|p2b: Floette
|-supereffective|p2b: Floette|1
|-damage|p2b: Floette|13/100
|move|p2b: Floette|Dazzling Gleam|p1a: Slowbro|[spread] p1a,p1b
|-resisted|p1b: Ariados|1
|-damage|p1a: Slowbro|51/100
|-damage|p1b: Ariados|60/100
|move|p2a: Manectric|Snarl|p1a: Slowbro|[spread] p1a,p1b
|-supereffective|p1a: Slowbro|1
|-damage|p1a: Slowbro|37/100
|-damage|p1b: Ariados|41/100
|-unboost|p1a: Slowbro|spa|1
|-unboost|p1b: Ariados|spa|1
|-enditem|p1b: Ariados|Sitrus Berry|[eat]
|-heal|p1b: Ariados|66/100|[from] item: Sitrus Berry
|
|-heal|p2b: Floette|19/100|[from] item: Leftovers
|upkeep
|turn|5
|inactive|FireBoyJ has 30 seconds left.
|inactive|FireBoyJ has 20 seconds left.
|inactive|FireBoyJ has 15 seconds left.
|
|t:|1784380344
|switch|p2a: Gardevoir|Gardevoir, L50, F|100/100
|-ability|p2a: Gardevoir|Insomnia|Trace|[from] ability: Trace|[of] p1b: Ariados
|move|p2b: Floette|Protect|p2b: Floette
|-singleturn|p2b: Floette|Protect
|move|p1a: Slowbro|Calm Mind|p1a: Slowbro
|-boost|p1a: Slowbro|spa|1
|-boost|p1a: Slowbro|spd|1
|move|p1b: Ariados|Poison Jab|p2a: Gardevoir
|-supereffective|p2a: Gardevoir|1
|-damage|p2a: Gardevoir|0 fnt
|faint|p2a: Gardevoir
|
|-heal|p2b: Floette|25/100|[from] item: Leftovers
|upkeep
|inactive|FireBoyJ has 30 seconds left.
|
|t:|1784380370
|switch|p2a: Tauros|Tauros-Paldea-Aqua, L50, M|100/100
|-ability|p2a: Tauros|Intimidate|boost
|-unboost|p1a: Slowbro|atk|1
|-unboost|p1b: Ariados|atk|1
|turn|6
|
|t:|1784380384
|move|p2a: Tauros|Protect|p2a: Tauros
|-singleturn|p2a: Tauros|Protect
|move|p1a: Slowbro|Psychic|p2a: Tauros
|-activate|p2a: Tauros|move: Protect
|move|p1b: Ariados|Poison Jab|p2b: Floette
|-supereffective|p2b: Floette|1
|-crit|p2b: Floette
|-damage|p2b: Floette|0 fnt
|faint|p2b: Floette
|
|-fieldend|move: Trick Room
|upkeep
|
|t:|1784380393
|switch|p2b: Manectric|Manectric-Mega, L50, M|46/100
|-ability|p2b: Manectric|Intimidate|boost
|-unboost|p1a: Slowbro|atk|1
|-unboost|p1b: Ariados|atk|1
|turn|7
|
|t:|1784380418
|move|p1b: Ariados|Rage Powder|p1b: Ariados
|-singleturn|p1b: Ariados|move: Rage Powder
|move|p2b: Manectric|Thunderbolt|p1b: Ariados
|-damage|p1b: Ariados|12/100
|move|p2a: Tauros|Wave Crash|p1b: Ariados
|-damage|p1b: Ariados|0 fnt
|faint|p1b: Ariados
|-damage|p2a: Tauros|96/100|[from] Recoil
|move|p1a: Slowbro|Trick Room|p1a: Slowbro
|-fieldstart|move: Trick Room|[of] p1a: Slowbro
|
|upkeep
|
|t:|1784380425
|switch|p1b: Golurk|Golurk, L50|100/100
|turn|8
|inactive|FireBoyJ has 30 seconds left.
|inactive|FireBoyJ has 20 seconds left.
|
|t:|1784380460
|detailschange|p1b: Golurk|Golurk-Mega, L50
|-mega|p1b: Golurk|Golurk|Golurkite
|move|p2b: Manectric|Protect|p2b: Manectric
|-singleturn|p2b: Manectric|Protect
|move|p1a: Slowbro|Psychic|p2a: Tauros
|-supereffective|p2a: Tauros|1
|-damage|p2a: Tauros|7/100
|-enditem|p2a: Tauros|Sitrus Berry|[eat]
|-heal|p2a: Tauros|31/100|[from] item: Sitrus Berry
|move|p1b: Golurk|Headlong Rush|p2b: Manectric
|-supereffective|p2b: Manectric|1
|-ability|p1b: Golurk|Unseen Fist
|-zbroken|p2b: Manectric
|-damage|p2b: Manectric|0 fnt
|-unboost|p1b: Golurk|def|1
|-unboost|p1b: Golurk|spd|1
|faint|p2b: Manectric
|move|p2a: Tauros|Wave Crash|p1a: Slowbro
|-resisted|p1a: Slowbro|1
|-damage|p1a: Slowbro|21/100
|-damage|p2a: Tauros|25/100|[from] Recoil
|
|upkeep
|turn|9
|
|t:|1784380484
|move|p2a: Tauros|Protect|p2a: Tauros
|-singleturn|p2a: Tauros|Protect
|move|p1a: Slowbro|Psychic|p2a: Tauros
|-activate|p2a: Tauros|move: Protect
|move|p1b: Golurk|Close Combat|p2a: Tauros
|-ability|p1b: Golurk|Unseen Fist
|-zbroken|p2a: Tauros
|-damage|p2a: Tauros|13/100
|-unboost|p1b: Golurk|def|1
|-unboost|p1b: Golurk|spd|1
|
|upkeep
|turn|10
|
|t:|1784380496
|move|p2a: Tauros|Protect||[still]
|-fail|p2a: Tauros
|move|p1a: Slowbro|Psychic|p2a: Tauros
|-supereffective|p2a: Tauros|1
|-damage|p2a: Tauros|0 fnt
|faint|p2a: Tauros
|
|win|lewibrad1098
||FireBoyJ is ready for game 3.
|inactive|lewibrad1098 has 30 seconds to confirm battle start!
|c|Ōśålewibrad1098|Gg
|c|ŌśåFireBoyJ|gg
|c|Ōśålewibrad1098|That snarl was hurting me
|inactive|lewibrad1098 has 20 seconds to confirm battle start!
||lewibrad1098 is ready for game 3.
|uhtml|next|Next: Game 3 of 3
|l|Ōśålewibrad1098
|player|p1|
