|j|☆Rosey13uwu
|j|☆Northgdh
|html|Rosey13uwuNorthgdh    
|uhtml|bestof|Game 2 of a best-of-3
|t:|1783637678
|gametype|doubles
|player|p1|Rosey13uwu|170|1104
|player|p2|Northgdh|2|1000
|gen|9
|tier|[Gen 9 Champions] VGC 2026 Reg M-B (Bo3)
|rated|
|rule|Species Clause: Limit one of each Pokémon
|rule|Item Clause: Limit 1 of each item
|clearpoke
|poke|p1|Charizard, L50, M|
|poke|p1|Floette-Eternal, L50, F|
|poke|p1|Whimsicott, L50, M|
|poke|p1|Basculegion, L50, M|
|poke|p1|Kingambit, L50, F|
|poke|p1|Garchomp, L50, M|
|poke|p2|Floette-Eternal, L50, F|
|poke|p2|Sinistcha, L50|
|poke|p2|Sneasler, L50, F|
|poke|p2|Incineroar, L50, M, shiny|
|poke|p2|Kingambit, L50, M, shiny|
|poke|p2|Blastoise, L50, F, shiny|
|teampreview|4
|showteam|p1|Charizard||CharizarditeY|Blaze|HeatWave,WeatherBall,SolarBeam,Protect|Modest||M|||50|]Floette-Eternal||Floettite|FlowerVeil|Protect,Moonblast,DazzlingGleam,LightofRuin|Modest||F|||50|]Whimsicott||FocusSash|Prankster|Moonblast,Tailwind,Encore,Protect|Timid||M|||50|]Basculegion||MysticWater|Adaptability|WaveCrash,LastRespects,AquaJet,Protect|Adamant||M|||50|]Kingambit||ChopleBerry|Defiant|KowtowCleave,SuckerPunch,IronHead,LowKick|Adamant||F|||50|]Garchomp||LifeOrb|RoughSkin|Earthquake,RockSlide,DragonClaw,Protect|Jolly||M|||50|
|showteam|p2|Floette-Eternal||Floettite|FlowerVeil|Moonblast,DazzlingGleam,CalmMind,Protect|Modest||F|||50|]Sinistcha||OccaBerry|Hospitality|MatchaGotcha,LifeDew,RagePowder,Protect|Calm|||||50|]Sneasler||FocusSash|PoisonTouch|CloseCombat,PoisonJab,FakeOut,QuickGuard|Jolly||F|||50|]Incineroar||SitrusBerry|Intimidate|FlareBlitz,FakeOut,HelpingHand,PartingShot|Impish||M|||50|]Kingambit||BlackGlasses|Defiant|KowtowCleave,SuckerPunch,SwordsDance,Protect|Adamant||M|||50|]Blastoise||Blastoisinite|RainDish|WaterSpout,DarkPulse,ShellSmash,Protect|Modest||F|||50|
|inactive|Battle timer is ON: inactive players will automatically lose when time's up. (requested by Northgdh)
|
|t:|1783637699
|teamsize|p1|4
|teamsize|p2|4
|start
|switch|p1a: Charizard|Charizard, L50, M|100/100
|switch|p1b: Garchomp|Garchomp, L50, M|100/100
|switch|p2a: stupid song|Floette-Eternal, L50, F|100/100
|switch|p2b: honeybee|Sneasler, L50, F|100/100
|turn|1
|inactive|Northgdh has 30 seconds left.
|inactive|Rosey13uwu has 30 seconds left.
|
|t:|1783637730
|detailschange|p1a: Charizard|Charizard-Mega-Y, L50, M
|-mega|p1a: Charizard|Charizard|Charizardite Y
|-weather|SunnyDay|[from] ability: Drought|[of] p1a: Charizard
|detailschange|p2a: stupid song|Floette-Mega, L50, F
|-mega|p2a: stupid song|Floette|Floettite
|-ability|p2a: stupid song|Fairy Aura
|move|p1b: Garchomp|Protect|p1b: Garchomp
|-singleturn|p1b: Garchomp|Protect
|move|p2b: honeybee|Fake Out|p1a: Charizard
|-damage|p1a: Charizard|79/100
|-status|p1a: Charizard|psn|[from] ability: Poison Touch|[of] p2b: honeybee
|cant|p1a: Charizard|flinch
|move|p2a: stupid song|Dazzling Gleam|p1a: Charizard|[spread] p1a
|-activate|p1b: Garchomp|move: Protect
|-resisted|p1a: Charizard|1
|-damage|p1a: Charizard|51/100 psn
|
|-weather|SunnyDay|[upkeep]
|-damage|p1a: Charizard|39/100 psn|[from] psn
|upkeep
|turn|2
|inactive|Northgdh has 30 seconds left.
|
|t:|1783637765
|move|p2b: honeybee|Poison Jab|p1a: Charizard
|-damage|p1a: Charizard|0 fnt
|faint|p1a: Charizard
|move|p1b: Garchomp|Earthquake|p2b: honeybee|[spread] p2a,p2b
|-supereffective|p2b: honeybee|1
|-damage|p2a: stupid song|43/100
|-enditem|p2b: honeybee|Focus Sash
|-damage|p2b: honeybee|1/100
|-damage|p1b: Garchomp|90/100|[from] item: Life Orb
|move|p2a: stupid song|Moonblast|p1b: Garchomp
|-supereffective|p1b: Garchomp|1
|-damage|p1b: Garchomp|0 fnt
|faint|p1b: Garchomp
|
|-weather|SunnyDay|[upkeep]
|upkeep
|
|t:|1783637778
|switch|p1b: Kingambit|Kingambit, L50, F|100/100
|switch|p1a: Basculegion|Basculegion, L50, M|100/100
|turn|3
|
|t:|1783637794
|move|p2b: honeybee|Quick Guard|p2b: honeybee
|-singleturn|p2b: honeybee|Quick Guard
|move|p2a: stupid song|Moonblast|p1b: Kingambit
|-damage|p1b: Kingambit|29/100
|move|p1a: Basculegion|Last Respects|p2b: honeybee
|-damage|p2b: honeybee|0 fnt
|faint|p2b: honeybee
|move|p1b: Kingambit|Iron Head|p2a: stupid song
|-supereffective|p2a: stupid song|1
|-damage|p2a: stupid song|0 fnt
|faint|p2a: stupid song
|
|-weather|SunnyDay|[upkeep]
|upkeep
|
|t:|1783637802
|switch|p2b: drop dead|Kingambit, L50, M, shiny|100/100
|switch|p2a: the cure|Sinistcha, L50|100/100
|turn|4
|
|t:|1783637815
|move|p1a: Basculegion|Protect|p1a: Basculegion
|-singleturn|p1a: Basculegion|Protect
|move|p2a: the cure|Protect|p2a: the cure
|-singleturn|p2a: the cure|Protect
|move|p2b: drop dead|Kowtow Cleave|p1b: Kingambit
|-resisted|p1b: Kingambit|1
|-damage|p1b: Kingambit|8/100
|move|p1b: Kingambit|Low Kick|p2b: drop dead
|-supereffective|p2b: drop dead|2
|-damage|p2b: drop dead|0 fnt
|faint|p2b: drop dead
|
|-weather|SunnyDay|[upkeep]
|upkeep
|turn|5
|
|t:|1783637829
|move|p1a: Basculegion|Last Respects|p2a: the cure
|-supereffective|p2a: the cure|1
|-damage|p2a: the cure|0 fnt
|faint|p2a: the cure
|
|win|Rosey13uwu
||Rosey13uwu is ready for game 3.
