|j|☆hinoky
|j|☆trainer piwi
|html|hinokytrainer piwi    
|uhtml|bestof|Game 1 of a best-of-3
|t:|1785852104
|gametype|doubles
|player|p1|hinoky|wattson|1163
|player|p2|trainer piwi|1|1051
|gen|9
|tier|[Gen 9 Champions] VGC 2026 Reg M-B (Bo3)
|rated|
|rule|Species Clause: Limit one of each Pokémon
|rule|Item Clause: Limit 1 of each item
|clearpoke
|poke|p1|Kingambit, L50, F|
|poke|p1|Glimmora, L50, F|
|poke|p1|Whimsicott, L50, F|
|poke|p1|Delphox, L50, F|
|poke|p1|Garchomp, L50, M|
|poke|p1|Staraptor, L50, F|
|poke|p2|Raichu, L50, M|
|poke|p2|Sneasler, L50, F|
|poke|p2|Hydreigon, L50, M|
|poke|p2|Incineroar, L50, F|
|poke|p2|Talonflame, L50, M|
|poke|p2|Tsareena, L50, F|
|teampreview|4
|showteam|p1|Kingambit||ChopleBerry|Defiant|SuckerPunch,KowtowCleave,IronHead,LowKick|Adamant||F|||50|]Glimmora||FocusSash|ToxicDebris|SludgeBomb,PowerGem,EarthPower,SpikyShield|Timid||F|||50|]Whimsicott||OccaBerry|Prankster|Moonblast,Tailwind,Charm,Protect|Timid||F|||50|]Delphox||Delphoxite|Blaze|HeatWave,Psyshock,Substitute,Protect|Modest||F|||50|]Garchomp||LifeOrb|RoughSkin|DragonClaw,Earthquake,RockSlide,Protect|Jolly||M|||50|]Staraptor||Staraptite|Intimidate|BraveBird,CloseCombat,Roost,Protect|Jolly||F|||50|
|showteam|p2|Raichu||RaichuniteY|Static|FakeOut,VoltSwitch,ZapCannon,FocusBlast|Timid||M|||50|]Sneasler||FocusSash|Unburden|FakeOut,Taunt,CloseCombat,DireClaw|Jolly||F|||50|]Hydreigon||ChoiceScarf|Levitate|DracoMeteor,Snarl,EarthPower,DarkPulse|Timid||M|||50|]Incineroar||SitrusBerry|Intimidate|FakeOut,DarkestLariat,FlareBlitz,PartingShot|Adamant||F|||50|]Talonflame||SharpBeak|GaleWings|Tailwind,QuickGuard,DualWingbeat,WillOWisp|Impish||M|||50|]Tsareena||WideLens|QueenlyMajesty|TripleAxel,PowerWhip,HighJumpKick,Uturn|Adamant||F|||50|
|inactive|Battle timer is ON: inactive players will automatically lose when time's up. (requested by hinoky)
|inactive|hinoky has 60 seconds left.
|
|t:|1785852188
|teamsize|p1|4
|teamsize|p2|4
|start
|switch|p1a: Whimsicott|Whimsicott, L50, F|100/100
|switch|p1b: Garchomp|Garchomp, L50, M|100/100
|switch|p2a: Talonflame|Talonflame, L50, M|100/100
|switch|p2b: Hydreigon|Hydreigon, L50, M|100/100
|turn|1
|inactive|hinoky has 30 seconds left.
|
|t:|1785852214
|move|p1a: Whimsicott|Protect|p1a: Whimsicott
|-singleturn|p1a: Whimsicott|Protect
|move|p2a: Talonflame|Dual Wingbeat|p1a: Whimsicott
|-activate|p1a: Whimsicott|move: Protect
|move|p2b: Hydreigon|Draco Meteor|p1b: Garchomp
|-supereffective|p1b: Garchomp|1
|-damage|p1b: Garchomp|0 fnt
|-unboost|p2b: Hydreigon|spa|2
|faint|p1b: Garchomp
|
|upkeep
|
|t:|1785852226
|switch|p1b: Glimmora|Glimmora, L50, F|100/100
|turn|2
|inactive|trainer piwi has 30 seconds left.
|
|t:|1785852252
|move|p1a: Whimsicott|Tailwind|p1a: Whimsicott
|-sidestart|p1: hinoky|move: Tailwind
|move|p2a: Talonflame|Tailwind|p2a: Talonflame
|-sidestart|p2: trainer piwi|move: Tailwind
|move|p2b: Hydreigon|Draco Meteor|p1b: Glimmora
|-damage|p1b: Glimmora|59/100
|-unboost|p2b: Hydreigon|spa|2
|move|p1b: Glimmora|Power Gem|p2a: Talonflame
|-supereffective|p2a: Talonflame|2
|-damage|p2a: Talonflame|0 fnt
|faint|p2a: Talonflame
|
|upkeep
|
|t:|1785852267
|switch|p2a: Sneasler|Sneasler, L50, F|100/100
|turn|3
|inactive|trainer piwi has 30 seconds left.
|
|t:|1785852303
|switch|p2b: Tsareena|Tsareena, L50, F|100/100
|move|p1b: Glimmora|Spiky Shield|p1b: Glimmora
|-singleturn|p1b: Glimmora|move: Protect
|move|p2a: Sneasler|Dire Claw|p1a: Whimsicott
|-supereffective|p1a: Whimsicott|2
|-damage|p1a: Whimsicott|0 fnt
|faint|p1a: Whimsicott
|
|upkeep
|
|t:|1785852311
|switch|p1a: Staraptor|Staraptor, L50, F|100/100
|-ability|p1a: Staraptor|Intimidate|boost
|-unboost|p2a: Sneasler|atk|1
|-unboost|p2b: Tsareena|atk|1
|turn|4
|inactive|trainer piwi has 30 seconds left.
|inactive|hinoky has 30 seconds left.
|
|t:|1785852344
|detailschange|p1a: Staraptor|Staraptor-Mega, L50, F
|-mega|p1a: Staraptor|Staraptor|Staraptite
|move|p2a: Sneasler|Close Combat|p1b: Glimmora
|-damage|p1b: Glimmora|6/100
|-unboost|p2a: Sneasler|def|1
|-unboost|p2a: Sneasler|spd|1
|-activate|p1b: Glimmora|ability: Toxic Debris
|-sidestart|p2: trainer piwi|move: Toxic Spikes
|move|p1a: Staraptor|Close Combat|p2b: Tsareena
|-damage|p2b: Tsareena|51/100
|-boost|p1a: Staraptor|def|1
|-boost|p1a: Staraptor|spd|1
|move|p1b: Glimmora|Earth Power|p2a: Sneasler
|-supereffective|p2a: Sneasler|1
|-enditem|p2a: Sneasler|Focus Sash
|-damage|p2a: Sneasler|1/100
|-unboost|p2a: Sneasler|spd|1
|move|p2b: Tsareena|Triple Axel|p1a: Staraptor
|-supereffective|p1a: Staraptor|1
|-damage|p1a: Staraptor|94/100
|-supereffective|p1a: Staraptor|1
|-damage|p1a: Staraptor|83/100
|-supereffective|p1a: Staraptor|1
|-damage|p1a: Staraptor|69/100
|-hitcount|p1a: Staraptor|3
|
|upkeep
|turn|5
|inactive|hinoky has 30 seconds left.
|inactive|trainer piwi has 30 seconds left.
|inactive|trainer piwi has 20 seconds left.
|
|t:|1785852384
|move|p1b: Glimmora|Spiky Shield|p1b: Glimmora
|-singleturn|p1b: Glimmora|move: Protect
|move|p2a: Sneasler|Taunt|p1a: Staraptor
|-start|p1a: Staraptor|move: Taunt
|move|p1a: Staraptor|Close Combat|p2a: Sneasler
|-resisted|p2a: Sneasler|1
|-damage|p2a: Sneasler|0 fnt
|-boost|p1a: Staraptor|def|1
|-boost|p1a: Staraptor|spd|1
|faint|p2a: Sneasler
|move|p2b: Tsareena|Triple Axel|p1a: Staraptor
|-supereffective|p1a: Staraptor|1
|-damage|p1a: Staraptor|65/100
|-supereffective|p1a: Staraptor|1
|-damage|p1a: Staraptor|57/100
|-supereffective|p1a: Staraptor|1
|-damage|p1a: Staraptor|44/100
|-hitcount|p1a: Staraptor|3
|
|-sideend|p1: hinoky|move: Tailwind
|-sideend|p2: trainer piwi|move: Tailwind
|upkeep
|
|t:|1785852403
|switch|p2a: Hydreigon|Hydreigon, L50, M|100/100
|turn|6
|
|t:|1785852415
|move|p2a: Hydreigon|Draco Meteor|p1a: Staraptor
|-damage|p1a: Staraptor|11/100
|-unboost|p2a: Hydreigon|spa|2
|move|p1a: Staraptor|Close Combat|p2a: Hydreigon
|-supereffective|p2a: Hydreigon|1
|-damage|p2a: Hydreigon|0 fnt
|-boost|p1a: Staraptor|def|1
|-boost|p1a: Staraptor|spd|1
|faint|p2a: Hydreigon
|move|p1b: Glimmora|Sludge Bomb|p2b: Tsareena
|-supereffective|p2b: Tsareena|1
|-damage|p2b: Tsareena|0 fnt
|faint|p2b: Tsareena
|
|win|hinoky
|inactive|hinoky has 30 seconds to confirm battle start!
|inactive|trainer piwi has 30 seconds to confirm battle start!
