|j|☆hugo_0845
|j|☆ichoseyoupoppo
|html|hugo_0845ichoseyoupoppo    
|uhtml|bestof|Game 1 of a best-of-3
|t:|1757765141
|gametype|doubles
|player|p1|hugo_0845|palmer|1061
|player|p2|ichoseyoupoppo|2|1035
|gen|9
|tier|[Gen 9] VGC 2025 Reg H (Bo3)
|rated|
|rule|Species Clause: Limit one of each Pokémon
|rule|Item Clause: Limit 1 of each item
|clearpoke
|poke|p1|Indeedee-F, L50, F|
|poke|p1|Armarouge, L50, M|
|poke|p1|Hatterene, L50, F|
|poke|p1|Torkoal, L50, M|
|poke|p1|Gallade, L50, M|
|poke|p1|Ursaluna, L50, F|
|poke|p2|Decidueye-Hisui, L50, M|
|poke|p2|Weavile, L50, F|
|poke|p2|Whimsicott, L50, F|
|poke|p2|Farigiraf, L50, M|
|poke|p2|Barraskewda, L50, M|
|teampreview|4
|showteam|p1|Indeedee-F||SafetyGoggles|PsychicSurge|AlluringVoice,FollowMe,HelpingHand,TrickRoom|||F|||50|,,,,,Dragon]Armarouge||PowerHerb|FlashFire|ArmorCannon,ExpandingForce,MeteorBeam,Protect|||M|||50|,,,,,Grass]Hatterene||LifeOrb|MagicBounce|ExpandingForce,DazzlingGleam,TrickRoom,Protect|||F|||50|,,,,,Fire]Torkoal||AssaultVest|Drought|Eruption,WeatherBall,EarthPower,ClearSmog|||M|||50|,,,,,Fire]Gallade||ClearAmulet|Sharpness|PsychoCut,SacredSword,WideGuard,TrickRoom|||M|||50|,,,,,Grass]Ursaluna||FlameOrb|Guts|Facade,HeadlongRush,Substitute,Protect|||F|||50|,,,,,Dragon
|showteam|p2|Decidueye-Hisui||ChoiceScarf|Scrappy|LeafBlade,TripleArrows,Uturn,CloseCombat|||M|||50|,,,,,Fire]Weavile||FocusSash|Pressure|FakeOut,IceSpinner,Protect,KnockOff|||F|||50|,,,,,Ghost]Whimsicott||CovertCloak|Prankster|Tailwind,Taunt,Protect,Moonblast|||F|||50|,,,,,Water]Farigiraf||SitrusBerry|ArmorTail|Psychic,DazzlingGleam,TrickRoom,HelpingHand|||M|||50|,,,,,Fairy]Barraskewda||ChoiceBand|PropellerTail|FlipTurn,Liquidation,ThroatChop,PsychicFangs|||M|||50|,,,,,Water
|
|t:|1757765174
|teamsize|p1|4
|teamsize|p2|4
|start
|switch|p1a: Torkoal|Torkoal, L50, M|100/100
|switch|p1b: Armarouge|Armarouge, L50, M, shiny|100/100
|switch|p2a: Weavile|Weavile, L50, F|100/100
|switch|p2b: Decidueye|Decidueye-Hisui, L50, M|100/100
|-ability|p2a: Weavile|Pressure
|-weather|SunnyDay|[from] ability: Drought|[of] p1a: Torkoal
|turn|1
|inactive|Battle timer is ON: inactive players will automatically lose when time's up. (requested by hugo_0845)
|
|t:|1757765214
|switch|p1a: Indeedee|Indeedee-F, L50, F, shiny|100/100
|-fieldstart|move: Psychic Terrain|[from] ability: Psychic Surge|[of] p1a: Indeedee
|-terastallize|p2b: Decidueye|Fire
|-terastallize|p1b: Armarouge|Grass
|move|p2a: Weavile|Knock Off|p1b: Armarouge
|-damage|p1b: Armarouge|47/100
|-enditem|p1b: Armarouge|Power Herb|[from] move: Knock Off|[of] p2a: Weavile
|move|p2b: Decidueye|Triple Arrows|p1a: Indeedee
|-damage|p1a: Indeedee|58/100
|-unboost|p1a: Indeedee|def|1
|move|p1b: Armarouge|Meteor Beam||[still]
|-prepare|p1b: Armarouge|Meteor Beam
|-boost|p1b: Armarouge|spa|1
|
|-weather|SunnyDay|[upkeep]
|upkeep
|turn|2
|
|t:|1757765234
|move|p2a: Weavile|Ice Spinner|p1b: Armarouge
|-supereffective|p1b: Armarouge
|-damage|p1b: Armarouge|0 fnt
|-fieldend|move: Psychic Terrain
|faint|p1b: Armarouge
|move|p2b: Decidueye|Triple Arrows|p1a: Indeedee
|-damage|p1a: Indeedee|0 fnt
|faint|p1a: Indeedee
|
|-weather|SunnyDay|[upkeep]
|upkeep
|
|t:|1757765242
|switch|p1b: Hatterene|Hatterene, L50, F|100/100
|switch|p1a: Torkoal|Torkoal, L50, M|100/100
|turn|3
|inactive|hugo_0845 has 30 seconds left.
|
|t:|1757765272
|move|p2a: Weavile|Knock Off|p1a: Torkoal
|-damage|p1a: Torkoal|63/100
|-enditem|p1a: Torkoal|Assault Vest|[from] move: Knock Off|[of] p2a: Weavile
|move|p2b: Decidueye|Triple Arrows|p1a: Torkoal
|-damage|p1a: Torkoal|26/100
|move|p1a: Torkoal|Weather Ball|p2a: Weavile
|-supereffective|p2a: Weavile
|-enditem|p2a: Weavile|Focus Sash
|-damage|p2a: Weavile|1/100
|move|p1b: Hatterene|Trick Room|p1b: Hatterene
|-fieldstart|move: Trick Room|[of] p1b: Hatterene
|
|-weather|SunnyDay|[upkeep]
|upkeep
|turn|4
|
|t:|1757765287
|move|p2a: Weavile|Protect|p2a: Weavile
|-singleturn|p2a: Weavile|Protect
|move|p1a: Torkoal|Earth Power|p2b: Decidueye
|-supereffective|p2b: Decidueye
|-damage|p2b: Decidueye|41/100
|move|p1b: Hatterene|Dazzling Gleam|p2b: Decidueye|[spread] p2b
|-activate|p2a: Weavile|move: Protect
|-resisted|p2b: Decidueye
|-damage|p2b: Decidueye|12/100
|-damage|p1b: Hatterene|91/100|[from] item: Life Orb
|move|p2b: Decidueye|Triple Arrows|p1a: Torkoal
|-damage|p1a: Torkoal|0 fnt
|faint|p1a: Torkoal
|
|-weather|SunnyDay|[upkeep]
|upkeep
|turn|5
|
|t:|1757765305
|move|p1b: Hatterene|Dazzling Gleam|p2b: Decidueye|[spread] p2a,p2b
|-supereffective|p2a: Weavile
|-resisted|p2b: Decidueye
|-damage|p2a: Weavile|0 fnt
|-damage|p2b: Decidueye|0 fnt
|faint|p2a: Weavile
|faint|p2b: Decidueye
|-damage|p1b: Hatterene|81/100|[from] item: Life Orb
|
|-weather|none
|upkeep
|
|t:|1757765307
|switch|p2b: Barraskewda|Barraskewda, L50, M|100/100
|switch|p2a: Farigiraf|Farigiraf, L50, M|100/100
|turn|6
|
|t:|1757765331
|move|p1b: Hatterene|Dazzling Gleam|p2b: Barraskewda|[spread] p2a,p2b
|-damage|p2a: Farigiraf|52/100
|-damage|p2b: Barraskewda|6/100
|-damage|p1b: Hatterene|71/100|[from] item: Life Orb
|move|p2a: Farigiraf|Dazzling Gleam|p1b: Hatterene
|-damage|p1b: Hatterene|45/100
|move|p2b: Barraskewda|Liquidation|p1b: Hatterene
|-damage|p1b: Hatterene|0 fnt
|faint|p1b: Hatterene
|
|win|ichoseyoupoppo
|l|☆hugo_0845
|player|p1|
||hugo_0845 is ready for game 2.
|inactive|ichoseyoupoppo has 30 seconds to confirm battle start!
||ichoseyoupoppo is ready for game 2.
|uhtml|next|Next: Game 2 of 3
|l|☆ichoseyoupoppo
|player|p2|
