|j|☆tryson69
|j|☆pala97
|html|tryson69pala97    
|uhtml|bestof|Game 2 of a best-of-3
|t:|1783001370
|gametype|doubles
|player|p1|tryson69|crasherwake|1263
|player|p2|pala97|skyla|1169
|gen|9
|tier|[Gen 9 Champions] VGC 2026 Reg M-B (Bo3)
|rated|
|rule|Species Clause: Limit one of each Pokémon
|rule|Item Clause: Limit 1 of each item
|clearpoke
|poke|p1|Tyranitar, L50, M|
|poke|p1|Sinistcha, L50|
|poke|p1|Sneasler, L50, M|
|poke|p1|Garchomp, L50, M|
|poke|p1|Corviknight, L50, F|
|poke|p1|Gholdengo, L50|
|poke|p2|Staraptor, L50, F, shiny|
|poke|p2|Whimsicott, L50, M|
|poke|p2|Incineroar, L50, M|
|poke|p2|Sinistcha, L50|
|poke|p2|Garchomp, L50, F|
|poke|p2|Floette-Eternal, L50, F|
|teampreview|4
|showteam|p1|Tyranitar||Tyranitarite|SandStream|KnockOff,RockSlide,Protect,DragonDance|Adamant||M|||50|]Sinistcha||SitrusBerry|Hospitality|TrickRoom,MatchaGotcha,RagePowder,Protect|Bold|||||50|]Sneasler||WhiteHerb|Unburden|CloseCombat,DireClaw,FakeOut,Protect|Jolly||M|||50|]Garchomp||LifeOrb|RoughSkin|Earthquake,RockSlide,Protect,DragonClaw|Adamant||M|||50|]Corviknight||Leftovers|MirrorArmor|Tailwind,BulkUp,Protect,BraveBird|Careful||F|||50|]Gholdengo||SpellTag|GoodasGold|MakeItRain,NastyPlot,ShadowBall,Protect|Modest|||||50|
|showteam|p2|Staraptor||Staraptite|Intimidate|Protect,CloseCombat,Roost,BraveBird|Jolly||F|||50|]Whimsicott||FocusSash|Prankster|Charm,Tailwind,Moonblast,Encore|Timid||M|||50|]Incineroar||SitrusBerry|Intimidate|FakeOut,FlareBlitz,PartingShot,ThroatChop|Careful||M|||50|]Sinistcha||KasibBerry|Hospitality|Protect,MatchaGotcha,RagePowder,LifeDew|Bold|||||50|]Garchomp||LifeOrb|RoughSkin|Protect,RockSlide,Earthquake,DragonClaw|Jolly||F|||50|]Floette-Eternal||Floettite|FlowerVeil|Protect,CalmMind,DazzlingGleam,Moonblast|Timid||F|||50|
|
|t:|1783001405
|teamsize|p1|4
|teamsize|p2|4
|start
|switch|p1a: Gholdengo|Gholdengo, L50|100/100
|switch|p1b: Corviknight|Corviknight, L50, F|100/100
|switch|p2a: MarlonBrando|Staraptor, L50, F, shiny|100/100
|switch|p2b: Mordicchio|Garchomp, L50, F|100/100
|-ability|p2a: MarlonBrando|Intimidate|boost
|-unboost|p1a: Gholdengo|atk|1
|-ability|p1b: Corviknight|Mirror Armor
|-unboost|p2a: MarlonBrando|atk|1
|turn|1
|
|t:|1783001417
|detailschange|p2a: MarlonBrando|Staraptor-Mega, L50, F, shiny
|-mega|p2a: MarlonBrando|Staraptor|Staraptite
|move|p2a: MarlonBrando|Close Combat|p1b: Corviknight
|-damage|p1b: Corviknight|64/100
|-boost|p2a: MarlonBrando|def|1
|-boost|p2a: MarlonBrando|spd|1
|move|p2b: Mordicchio|Earthquake|p1b: Corviknight|[spread] p1a
|-immune|p2a: MarlonBrando
|-immune|p1b: Corviknight
|-supereffective|p1a: Gholdengo|1
|-damage|p1a: Gholdengo|0 fnt
|faint|p1a: Gholdengo
|-damage|p2b: Mordicchio|90/100|[from] item: Life Orb
|move|p1b: Corviknight|Brave Bird|p2a: MarlonBrando
|-supereffective|p2a: MarlonBrando|1
|-damage|p2a: MarlonBrando|52/100
|-damage|p1b: Corviknight|50/100g|[from] Recoil
|
|-heal|p1b: Corviknight|56/100|[from] item: Leftovers
|upkeep
|
|t:|1783001431
|switch|p1a: Garchomp|Garchomp, L50, M|100/100
|turn|2
|
|t:|1783001444
|switch|p2b: Tommasino|Whimsicott, L50, M|100/100
|move|p2a: MarlonBrando|Close Combat|p1a: Garchomp
|-damage|p1a: Garchomp|69/100
|-boost|p2a: MarlonBrando|def|1
|-boost|p2a: MarlonBrando|spd|1
|-damage|p2a: MarlonBrando|40/100|[from] ability: Rough Skin|[of] p1a: Garchomp
|move|p1a: Garchomp|Dragon Claw|p2b: Tommasino
|-immune|p2b: Tommasino
|move|p1b: Corviknight|Tailwind|p1b: Corviknight
|-sidestart|p1: tryson69|move: Tailwind
|
|-heal|p1b: Corviknight|61/100|[from] item: Leftovers
|upkeep
|turn|3
|
|t:|1783001459
|move|p2a: MarlonBrando|Protect|p2a: MarlonBrando
|-singleturn|p2a: MarlonBrando|Protect
|move|p2b: Tommasino|Tailwind|p2b: Tommasino
|-sidestart|p2: pala97|move: Tailwind
|move|p1a: Garchomp|Rock Slide|p2b: Tommasino|[spread] p2b
|-activate|p2a: MarlonBrando|move: Protect
|-damage|p2b: Tommasino|62/100
|-damage|p1a: Garchomp|59/100|[from] item: Life Orb
|move|p1b: Corviknight|Brave Bird|p2a: MarlonBrando
|-activate|p2a: MarlonBrando|move: Protect
|
|-heal|p1b: Corviknight|67/100|[from] item: Leftovers
|upkeep
|turn|4
|
|t:|1783001472
|move|p2b: Tommasino|Charm|p2a: MarlonBrando
|-boost|p2a: MarlonBrando|atk|2
|move|p2a: MarlonBrando|Close Combat|p1b: Corviknight
|-damage|p1b: Corviknight|0 fnt
|-boost|p2a: MarlonBrando|def|1
|-boost|p2a: MarlonBrando|spd|1
|faint|p1b: Corviknight
|move|p1a: Garchomp|Rock Slide|p2b: Tommasino|[spread] p2a,p2b
|-damage|p2a: MarlonBrando|31/100
|-damage|p2b: Tommasino|24/100
|-damage|p1a: Garchomp|49/100|[from] item: Life Orb
|
|upkeep
|
|t:|1783001482
|switch|p1b: Sinistcha|Sinistcha, L50|100/100
|-heal|p1a: Garchomp|74/100|[from] ability: Hospitality|[of] p1b: Sinistcha
|turn|5
|
|t:|1783001488
|move|p2b: Tommasino|Moonblast|p1a: Garchomp
|-supereffective|p1a: Garchomp|1
|-damage|p1a: Garchomp|4/100
|move|p2a: MarlonBrando|Roost|p2a: MarlonBrando
|-heal|p2a: MarlonBrando|81/100
|-singleturn|p2a: MarlonBrando|move: Roost
|move|p1a: Garchomp|Rock Slide|p2b: Tommasino|[spread] p2a,p2b
|-resisted|p2a: MarlonBrando|1
|-crit|p2a: MarlonBrando
|-damage|p2a: MarlonBrando|63/100
|-damage|p2b: Tommasino|0 fnt
|faint|p2b: Tommasino
|-damage|p1a: Garchomp|0 fnt|[from] item: Life Orb
|faint|p1a: Garchomp
|move|p1b: Sinistcha|Trick Room|p1b: Sinistcha
|-fieldstart|move: Trick Room|[of] p1b: Sinistcha
|
|-sideend|p1: tryson69|move: Tailwind
|upkeep
|-message|tryson69 forfeited.
|
|win|pala97
||tryson69 is ready for game 3.
||pala97 is ready for game 3.
|uhtml|next|Next: Game 3 of 3
|l|☆pala97
|player|p2|
