|j|☆Pelosis
|j|☆reuman
|html|Pelosisreuman    
|uhtml|bestof|Game 2 of a best-of-3
|t:|1784129581
|gametype|doubles
|player|p1|Pelosis|101|1105
|player|p2|reuman|lucas|1034
|gen|9
|tier|[Gen 9 Champions] VGC 2026 Reg M-B (Bo3)
|rated|
|rule|Species Clause: Limit one of each Pokémon
|rule|Item Clause: Limit 1 of each item
|clearpoke
|poke|p1|Mawile, L50, M|
|poke|p1|Farigiraf, L50, F|
|poke|p1|Incineroar, L50, F|
|poke|p1|Torkoal, L50, F|
|poke|p1|Venusaur, L50, F|
|poke|p1|Scrafty, L50, F|
|poke|p2|Garchomp, L50, M|
|poke|p2|Basculegion, L50, M|
|poke|p2|Tyranitar, L50, F|
|poke|p2|Incineroar, L50, M|
|poke|p2|Corviknight, L50, F, shiny|
|poke|p2|Gengar, L50, M|
|teampreview|4
|showteam|p1|Mawile||Mawilite|HyperCutter|Protect,PlayRough,SwordsDance,SuckerPunch|Brave||M|||50|]Farigiraf||SitrusBerry|ArmorTail|TrickRoom,TwinBeam,Thunderbolt,HelpingHand|Quiet||F|||50|]Incineroar||WhiteHerb|Intimidate|FakeOut,CloseCombat,FlareBlitz,ThroatChop|Brave||F|||50|]Torkoal||Charcoal|Drought|Protect,Eruption,HeatWave,WeatherBall|Quiet||F|||50|]Venusaur||FocusSash|Chlorophyll|SleepPowder,EarthPower,EnergyBall,SludgeBomb|Modest||F|||50|]Scrafty||Scraftinite|Intimidate|FakeOut,CloseCombat,KnockOff,IcePunch|Brave||F|||50|
|showteam|p2|Garchomp||LifeOrb|SandVeil|RockSlide,DragonClaw,StompingTantrum,Protect|Jolly||M|||50|]Basculegion||ChoiceScarf|Adaptability|AquaJet,WaveCrash,LastRespects,IceFang|Jolly||M|||50|]Tyranitar||Tyranitarite|SandStream|Crunch,RockSlide,Protect,FirePunch|Adamant||F|||50|]Incineroar||SitrusBerry|Intimidate|ThroatChop,FlareBlitz,FakeOut,PartingShot|Careful||M|||50|]Corviknight||Leftovers|MirrorArmor|Tailwind,BraveBird,IronHead,Protect|Impish||F|||50|]Gengar||Gengarite|CursedBody|ShadowBall,SludgeWave,PerishSong,Protect|Timid||M|||50|
|inactive|Battle timer is ON: inactive players will automatically lose when time's up. (requested by reuman)
|
|t:|1784129617
|teamsize|p1|4
|teamsize|p2|4
|start
|switch|p1a: Farigiraf|Farigiraf, L50, F|100/100
|switch|p1b: Venusaur|Venusaur, L50, F|100/100
|switch|p2a: Tyranitar|Tyranitar, L50, F|100/100
|switch|p2b: Corviknight|Corviknight, L50, F, shiny|100/100
|-weather|Sandstorm|[from] ability: Sand Stream|[of] p2a: Tyranitar
|turn|1
|
|t:|1784129639
|move|p1b: Venusaur|Sleep Powder|p2a: Tyranitar
|-status|p2a: Tyranitar|slp|[from] move: Sleep Powder
|move|p2b: Corviknight|Brave Bird|p1b: Venusaur
|-supereffective|p1b: Venusaur|1
|-enditem|p1b: Venusaur|Focus Sash
|-damage|p1b: Venusaur|1/100
|-damage|p2b: Corviknight|75/100|[from] Recoil
|cant|p2a: Tyranitar|slp
|move|p1a: Farigiraf|Thunderbolt|p2b: Corviknight
|-supereffective|p2b: Corviknight|1
|-damage|p2b: Corviknight|25/100
|
|-weather|Sandstorm|[upkeep]
|-damage|p1b: Venusaur|0 fnt|[from] Sandstorm
|-damage|p1a: Farigiraf|93/100|[from] Sandstorm
|faint|p1b: Venusaur
|-heal|p2b: Corviknight|31/100|[from] item: Leftovers
|upkeep
|
|t:|1784129661
|switch|p1b: Scrafty|Scrafty, L50, F|100/100
|-ability|p1b: Scrafty|Intimidate|boost
|-unboost|p2a: Tyranitar|atk|1
|-ability|p2b: Corviknight|Mirror Armor
|-unboost|p1b: Scrafty|atk|1
|turn|2
|
|t:|1784129672
|switch|p1b: Torkoal|Torkoal, L50, F|100/100
|-weather|SunnyDay|[from] ability: Drought|[of] p1b: Torkoal
|move|p2b: Corviknight|Brave Bird|p1b: Torkoal
|-damage|p1b: Torkoal|70/100
|-damage|p2b: Corviknight|22/100|[from] Recoil
|cant|p2a: Tyranitar|slp
|move|p1a: Farigiraf|Thunderbolt|p2b: Corviknight
|-supereffective|p2b: Corviknight|1
|-damage|p2b: Corviknight|0 fnt
|faint|p2b: Corviknight
|
|-weather|SunnyDay|[upkeep]
|upkeep
|
|t:|1784129679
|switch|p2b: Garchomp|Garchomp, L50, M|100/100
|turn|3
|
|t:|1784129693
|switch|p1b: Scrafty|Scrafty, L50, F|100/100
|-ability|p1b: Scrafty|Intimidate|boost
|-unboost|p2a: Tyranitar|atk|1
|-unboost|p2b: Garchomp|atk|1
|move|p2b: Garchomp|Stomping Tantrum|p1b: Scrafty
|-damage|p1b: Scrafty|69/100
|-damage|p2b: Garchomp|90/100|[from] item: Life Orb
|-curestatus|p2a: Tyranitar|slp|[msg]
|move|p2a: Tyranitar|Rock Slide|p1b: Scrafty|[spread] p1a,p1b
|-resisted|p1b: Scrafty|1
|-damage|p1a: Farigiraf|77/100
|-damage|p1b: Scrafty|62/100
|cant|p1a: Farigiraf|flinch
|
|-weather|SunnyDay|[upkeep]
|upkeep
|turn|4
|
|t:|1784129717
|move|p1b: Scrafty|Fake Out|p2a: Tyranitar
|-resisted|p2a: Tyranitar|1
|-damage|p2a: Tyranitar|95/100
|move|p2b: Garchomp|Dragon Claw|p1b: Scrafty
|-damage|p1b: Scrafty|30/100
|-damage|p2b: Garchomp|80/100|[from] item: Life Orb
|cant|p2a: Tyranitar|flinch
|move|p1a: Farigiraf|Trick Room|p1a: Farigiraf
|-fieldstart|move: Trick Room|[of] p1a: Farigiraf
|
|-weather|SunnyDay|[upkeep]
|upkeep
|turn|5
|inactive|Pelosis has 30 seconds left.
|inactive|Pelosis has 20 seconds left.
|inactive|Pelosis has 15 seconds left.
|
|t:|1784129759
|switch|p1b: Torkoal|Torkoal, L50, F|70/100
|move|p2a: Tyranitar|Protect|p2a: Tyranitar
|-singleturn|p2a: Tyranitar|Protect
|move|p1a: Farigiraf|Twin Beam|p2b: Garchomp
|-damage|p2b: Garchomp|59/100
|-damage|p2b: Garchomp|38/100
|-hitcount|p2b: Garchomp|2
|move|p2b: Garchomp|Dragon Claw|p1b: Torkoal
|-damage|p1b: Torkoal|43/100
|-damage|p2b: Garchomp|28/100|[from] item: Life Orb
|
|-weather|SunnyDay|[upkeep]
|upkeep
|turn|6
|inactive|Pelosis has 30 seconds left.
|
|t:|1784129789
|switch|p1b: Scrafty|Scrafty, L50, F|30/100
|-ability|p1b: Scrafty|Intimidate|boost
|-unboost|p2a: Tyranitar|atk|1
|-unboost|p2b: Garchomp|atk|1
|switch|p2a: Gengar|Gengar, L50, M|100/100
|move|p1a: Farigiraf|Twin Beam|p2b: Garchomp
|-damage|p2b: Garchomp|7/100
|-damage|p2b: Garchomp|0 fnt
|faint|p2b: Garchomp
|-hitcount|p2: Garchomp|2
|
|-weather|none
|upkeep
|
|t:|1784129800
|switch|p2b: Tyranitar|Tyranitar, L50, F|95/100
|-weather|Sandstorm|[from] ability: Sand Stream|[of] p2b: Tyranitar
|turn|7
|
|t:|1784129813
|detailschange|p1b: Scrafty|Scrafty-Mega, L50, F
|-mega|p1b: Scrafty|Scrafty|Scraftinite
|-ability|p1b: Scrafty|Intimidate|boost
|-unboost|p2a: Gengar|atk|1
|-unboost|p2b: Tyranitar|atk|1
|move|p2a: Gengar|Protect|p2a: Gengar
|-singleturn|p2a: Gengar|Protect
|move|p1a: Farigiraf|Twin Beam|p2a: Gengar
|-activate|p2a: Gengar|move: Protect
|move|p1b: Scrafty|Close Combat|p2b: Tyranitar
|-supereffective|p2b: Tyranitar|2
|-damage|p2b: Tyranitar|0 fnt
|-unboost|p1b: Scrafty|def|1
|-unboost|p1b: Scrafty|spd|1
|faint|p2b: Tyranitar
|
|-weather|Sandstorm|[upkeep]
|-damage|p1a: Farigiraf|70/100|[from] Sandstorm
|-damage|p1b: Scrafty|24/100|[from] Sandstorm
|-damage|p2a: Gengar|94/100|[from] Sandstorm
|upkeep
|turn|8
|c|☆Pelosis|gg
|
|t:|1784129831
|detailschange|p2a: Gengar|Gengar-Mega, L50, M
|-mega|p2a: Gengar|Gengar|Gengarite
|move|p1a: Farigiraf|Twin Beam|p2a: Gengar
|-supereffective|p2a: Gengar|1
|-damage|p2a: Gengar|41/100
|-supereffective|p2a: Gengar|1
|-damage|p2a: Gengar|0 fnt
|faint|p2a: Gengar
|-hitcount|p2: Gengar|2
|
|win|Pelosis
|raw|Pelosis's rating: 1105 → 1125(+20 for winning)
|raw|reuman's rating: 1034 → 1022(-12 for losing)
|l|☆reuman
|player|p2|
