|j|☆homerj71
|j|☆Bay13
|html|homerj71Bay13    
|uhtml|bestof|Game 2 of a best-of-3
|t:|1782409891
|gametype|doubles
|player|p1|homerj71|266|1209
|player|p2|Bay13|2|1179
|gen|9
|tier|[Gen 9 Champions] VGC 2026 Reg M-B (Bo3)
|rated|
|rule|Species Clause: Limit one of each Pokémon
|rule|Item Clause: Limit 1 of each item
|clearpoke
|poke|p1|Charizard, L50, F|
|poke|p1|Garchomp, L50, F|
|poke|p1|Whimsicott, L50, F|
|poke|p1|Basculegion, L50, M|
|poke|p1|Kingambit, L50, M|
|poke|p1|Floette-Eternal, L50, F|
|poke|p2|Gengar, L50, M|
|poke|p2|Archaludon, L50, M|
|poke|p2|Politoed, L50, F|
|poke|p2|Blastoise, L50, F|
|poke|p2|Espathra, L50, F|
|poke|p2|Farigiraf, L50, F|
|teampreview|4
|showteam|p1|Charizard||CharizarditeY|Blaze|HeatWave,SolarBeam,WeatherBall,Protect|Modest||F|||50|]Garchomp||SitrusBerry|RoughSkin|DragonClaw,Earthquake,RockSlide,PoisonJab|Jolly||F|||50|]Whimsicott||FocusSash|Prankster|Moonblast,Tailwind,Encore,Protect|Timid||F|||50|]Basculegion||LifeOrb|Adaptability|WaveCrash,AquaJet,Protect,LastRespects|Adamant||M|||50|]Kingambit||BlackGlasses|Defiant|KowtowCleave,SuckerPunch,IronHead,Protect|Adamant||M|||50|]Floette-Eternal||Floettite|FlowerVeil|Moonblast,DazzlingGleam,LightofRuin,Protect|Timid||F|||50|
|showteam|p2|Gengar||Gengarite|CursedBody|SludgeBomb,ShadowBall,Taunt,Protect|Timid||M|||50|]Archaludon||ChopleBerry|Stalwart|ElectroShot,DracoMeteor,FlashCannon,Protect|Modest||M|||50|]Politoed||SitrusBerry|Drizzle|IcyWind,PerishSong,Encore,Protect|Calm||F|||50|]Blastoise||Blastoisinite|Torrent|FakeOut,WaterSpout,IceBeam,Protect|Quiet||F|||50|]Espathra||FocusSash|SpeedBoost|LuminaCrash,CalmMind,BatonPass,Protect|Modest||F|||50|]Farigiraf||MentalHerb|ArmorTail|Psychic,HyperVoice,TrickRoom,Protect|Sassy||F|||50|
|inactive|Battle timer is ON: inactive players will automatically lose when time's up. (requested by homerj71)
|
|t:|1782409917
|teamsize|p1|4
|teamsize|p2|4
|start
|switch|p1a: Floette|Floette-Eternal, L50, F|100/100
|switch|p1b: Whimsicott|Whimsicott, L50, F|100/100
|switch|p2a: Blastoise|Blastoise, L50, F|100/100
|switch|p2b: Farigiraf|Farigiraf, L50, F|100/100
|turn|1
|
|t:|1782409931
|detailschange|p1a: Floette|Floette-Mega, L50, F
|-mega|p1a: Floette|Floette|Floettite
|-ability|p1a: Floette|Fairy Aura
|detailschange|p2a: Blastoise|Blastoise-Mega, L50, F
|-mega|p2a: Blastoise|Blastoise|Blastoisinite
|move|p1b: Whimsicott|Moonblast|p2a: Blastoise
|-damage|p2a: Blastoise|59/100
|-unboost|p2a: Blastoise|spa|1
|move|p1a: Floette|Light of Ruin|p2a: Blastoise
|-damage|p2a: Blastoise|0 fnt
|faint|p2a: Blastoise
|-damage|p1a: Floette|62/100|[from] Recoil
|move|p2b: Farigiraf|Trick Room|p2b: Farigiraf
|-fieldstart|move: Trick Room|[of] p2b: Farigiraf
|
|upkeep
|
|t:|1782409944
|switch|p2a: Archaludon|Archaludon, L50, M|100/100
|turn|2
|
|t:|1782409950
|switch|p2b: Politoed|Politoed, L50, F|100/100
|-weather|RainDance|[from] ability: Drizzle|[of] p2b: Politoed
|move|p1b: Whimsicott|Protect|p1b: Whimsicott
|-singleturn|p1b: Whimsicott|Protect
|move|p1a: Floette|Protect|p1a: Floette
|-singleturn|p1a: Floette|Protect
|move|p2a: Archaludon|Electro Shot||[still]
|-prepare|p2a: Archaludon|Electro Shot
|-boost|p2a: Archaludon|spa|1
|-anim|p2a: Archaludon|Electro Shot|p1a: Floette
|-activate|p1a: Floette|move: Protect
|
|-weather|RainDance|[upkeep]
|upkeep
|turn|3
|
|t:|1782409962
|move|p2b: Politoed|Icy Wind|p1a: Floette|[spread] p1a,p1b
|-supereffective|p1b: Whimsicott|1
|-damage|p1a: Floette|55/100
|-damage|p1b: Whimsicott|70/100
|-unboost|p1a: Floette|spe|1
|-unboost|p1b: Whimsicott|spe|1
|move|p1a: Floette|Light of Ruin|p2a: Archaludon
|-damage|p2a: Archaludon|0 fnt
|faint|p2a: Archaludon
|-damage|p1a: Floette|0 fnt|[from] Recoil
|faint|p1a: Floette
|move|p1b: Whimsicott|Moonblast|p2b: Politoed
|-damage|p2b: Politoed|75/100
|
|-weather|RainDance|[upkeep]
|upkeep
|
|t:|1782409973
|switch|p2a: Farigiraf|Farigiraf, L50, F|100/100
|switch|p1a: Basculegion|Basculegion, L50, M|100/100
|turn|4
|
|t:|1782409981
|move|p1b: Whimsicott|Protect|p1b: Whimsicott
|-singleturn|p1b: Whimsicott|Protect
|move|p1a: Basculegion|Protect|p1a: Basculegion
|-singleturn|p1a: Basculegion|Protect
|move|p2a: Farigiraf|Psychic|p1a: Basculegion
|-activate|p1a: Basculegion|move: Protect
|move|p2b: Politoed|Icy Wind|p1a: Basculegion|[spread] 
|-activate|p1a: Basculegion|move: Protect
|-activate|p1b: Whimsicott|move: Protect
|
|-weather|RainDance|[upkeep]
|upkeep
|turn|5
|
|t:|1782409985
|move|p2a: Farigiraf|Psychic|p1a: Basculegion
|-damage|p1a: Basculegion|60/100
|move|p2b: Politoed|Icy Wind|p1b: Whimsicott|[spread] p1a,p1b
|-resisted|p1a: Basculegion|1
|-supereffective|p1b: Whimsicott|1
|-damage|p1a: Basculegion|54/100
|-damage|p1b: Whimsicott|41/100
|-unboost|p1a: Basculegion|spe|1
|-unboost|p1b: Whimsicott|spe|1
|move|p1a: Basculegion|Wave Crash|p2a: Farigiraf
|-damage|p2a: Farigiraf|0 fnt
|faint|p2a: Farigiraf
|-damage|p1a: Basculegion|16/100|[from] Recoil
|-damage|p1a: Basculegion|6/100|[from] item: Life Orb
|move|p1b: Whimsicott|Moonblast|p2b: Politoed
|-damage|p2b: Politoed|53/100
|-unboost|p2b: Politoed|spa|1
|
|-weather|RainDance|[upkeep]
|-fieldend|move: Trick Room
|upkeep
|turn|6
|
|t:|1782410002
|move|p1a: Basculegion|Aqua Jet|p2b: Politoed
|-resisted|p2b: Politoed|1
|-damage|p2b: Politoed|25/100
|-enditem|p2b: Politoed|Sitrus Berry|[eat]
|-heal|p2b: Politoed|50/100g|[from] item: Sitrus Berry
|-damage|p1a: Basculegion|0 fnt|[from] item: Life Orb
|faint|p1a: Basculegion
|move|p1b: Whimsicott|Moonblast|p2b: Politoed
|-damage|p2b: Politoed|25/100
|move|p2b: Politoed|Icy Wind|p1b: Whimsicott
|-supereffective|p1b: Whimsicott|1
|-damage|p1b: Whimsicott|16/100
|-unboost|p1b: Whimsicott|spe|1
|
|-weather|none
|upkeep
|
|t:|1782410011
|switch|p1a: Garchomp|Garchomp, L50, F|100/100
|turn|7
|
|t:|1782410016
|move|p1a: Garchomp|Dragon Claw|p2b: Politoed
|-damage|p2b: Politoed|0 fnt
|faint|p2b: Politoed
|
|win|homerj71
|raw|homerj71's rating: 1209 → 1232(+23 for winning)
|raw|Bay13's rating: 1179 → 1156(-23 for losing)
