|j|☆lolgz
|j|☆zaharba
|html|lolgzzaharba    
|uhtml|bestof|Game 1 of a best-of-3
|t:|1783300696
|gametype|doubles
|player|p1|lolgz|dawn|1074
|player|p2|zaharba|101|1121
|gen|9
|tier|[Gen 9 Champions] VGC 2026 Reg M-B (Bo3)
|rated|
|rule|Species Clause: Limit one of each Pokémon
|rule|Item Clause: Limit 1 of each item
|clearpoke
|poke|p1|Scrafty, L50, M|
|poke|p1|Vivillon, L50, F|
|poke|p1|Incineroar, L50, F|
|poke|p1|Sinistcha, L50|
|poke|p1|Espathra, L50, M|
|poke|p1|Floette-Eternal, L50, F|
|poke|p2|Raichu, L50, M, shiny|
|poke|p2|Vivillon, L50, F|
|poke|p2|Ninetales-Alola, L50, F, shiny|
|poke|p2|Tyranitar, L50, F|
|poke|p2|Basculegion-F, L50, F|
|poke|p2|Talonflame, L50, F|
|teampreview|4
|showteam|p1|Scrafty||Scraftinite|Intimidate|DrainPunch,KnockOff,Protect,DragonDance|Jolly||M|||50|]Vivillon||ChoiceScarf|CompoundEyes|SleepPowder,Hurricane,RagePowder,Tailwind|Timid||F|||50|]Incineroar||PasshoBerry|Intimidate|PartingShot,FakeOut,ThroatChop,FlareBlitz|Careful||F|||50|]Sinistcha||KasibBerry|Hospitality|MatchaGotcha,RagePowder,LifeDew,Protect|Serious|||||50|]Espathra||FocusSash|SpeedBoost|LuminaCrash,CalmMind,Protect,BatonPass|Serious||M|||50|]Floette-Eternal||Floettite|FlowerVeil|DrainingKiss,DazzlingGleam,CalmMind,Protect|Timid||F|||50|
|showteam|p2|Raichu||RaichuniteY|LightningRod|FocusBlast,ZapCannon,UpperHand,FakeOut|Timid||M|||50|]Vivillon||ChoiceScarf|CompoundEyes|SleepPowder,RagePowder,Hurricane,Tailwind|Timid||F|||50|]Ninetales-Alola||NeverMeltIce|SnowWarning|Protect,FreezeDry,Blizzard,Encore|Timid||F|||50|]Tyranitar||PasshoBerry|SandStream|RockSlide,HighHorsepower,Protect,DragonDance|Adamant||F|||50|]Basculegion-F||SpellTag|Adaptability|Protect,Hex,HydroPump,MuddyWater|Modest||F|||50|]Talonflame||LifeOrb|GaleWings|Whirlwind,BraveBird,Overheat,Tailwind|Naive||F|||50|
|inactive|Battle timer is ON: inactive players will automatically lose when time's up. (requested by zaharba)
|inactive|lolgz also wants the timer to be on.
|inactive|zaharba has 60 seconds left.
|
|t:|1783300737
|teamsize|p1|4
|teamsize|p2|4
|start
|switch|p1a: Vivillon|Vivillon, L50, F|100/100
|switch|p1b: Incineroar|Incineroar, L50, F|100/100
|switch|p2a: Talonflame|Talonflame, L50, F|100/100
|switch|p2b: Raichu|Raichu, L50, M, shiny|100/100
|-ability|p1b: Incineroar|Intimidate|boost
|-unboost|p2a: Talonflame|atk|1
|-unboost|p2b: Raichu|atk|1
|turn|1
|inactive|lolgz has 30 seconds left.
|inactive|zaharba has 30 seconds left.
|inactive|lolgz has 20 seconds left.
|inactive|zaharba has 20 seconds left.
|inactive|lolgz has 15 seconds left.
|
|t:|1783300778
|move|p2b: Raichu|Fake Out|p1b: Incineroar
|-damage|p1b: Incineroar|95/100
|cant|p1b: Incineroar|flinch
|move|p2a: Talonflame|Brave Bird|p1a: Vivillon
|-supereffective|p1a: Vivillon|1
|-damage|p1a: Vivillon|0 fnt
|faint|p1a: Vivillon
|-damage|p2a: Talonflame|67/100|[from] Recoil
|-damage|p2a: Talonflame|57/100|[from] item: Life Orb
|
|upkeep
|
|t:|1783300780
|switch|p1a: Espathra|Espathra, L50, M|100/100
|turn|2
|inactive|zaharba has 30 seconds left.
|inactive|zaharba has 20 seconds left.
|
|t:|1783300816
|detailschange|p2b: Raichu|Raichu-Mega-Y, L50, M, shiny
|-mega|p2b: Raichu|Raichu|Raichunite Y
|move|p1a: Espathra|Protect|p1a: Espathra
|-singleturn|p1a: Espathra|Protect
|move|p2b: Raichu|Zap Cannon|p1b: Incineroar
|-damage|p1b: Incineroar|42/100
|-status|p1b: Incineroar|par
|move|p1b: Incineroar|Flare Blitz|p2b: Raichu
|-damage|p2b: Raichu|0 fnt
|faint|p2b: Raichu
|-damage|p1b: Incineroar|20/100y par|[from] Recoil
|move|p2a: Talonflame|Whirlwind|p1a: Espathra
|drag|p1a: Scrafty|Scrafty, L50, M|100/100
|-ability|p1a: Scrafty|Intimidate|boost
|-unboost|p2a: Talonflame|atk|1
|
|upkeep
|
|t:|1783300835
|switch|p2b: Basculegion|Basculegion-F, L50, F|100/100
|turn|3
|
|t:|1783300849
|switch|p2a: Ninetales|Ninetales-Alola, L50, F, shiny|100/100
|-weather|Snowscape|[from] ability: Snow Warning|[of] p2a: Ninetales
|detailschange|p1a: Scrafty|Scrafty-Mega, L50, M
|-mega|p1a: Scrafty|Scrafty|Scraftinite
|-ability|p1a: Scrafty|Intimidate|boost
|-unboost|p2a: Ninetales|atk|1
|-unboost|p2b: Basculegion|atk|1
|move|p2b: Basculegion|Protect|p2b: Basculegion
|-singleturn|p2b: Basculegion|Protect
|move|p1a: Scrafty|Dragon Dance|p1a: Scrafty
|-boost|p1a: Scrafty|atk|1
|-boost|p1a: Scrafty|spe|1
|cant|p1b: Incineroar|par
|
|-weather|Snowscape|[upkeep]
|upkeep
|turn|4
|
|t:|1783300871
|move|p1a: Scrafty|Knock Off|p2b: Basculegion
|-supereffective|p2b: Basculegion|1
|-damage|p2b: Basculegion|0 fnt
|-enditem|p2b: Basculegion|Spell Tag|[from] move: Knock Off|[of] p1a: Scrafty
|faint|p2b: Basculegion
|move|p2a: Ninetales|Encore|p1a: Scrafty
|-start|p1a: Scrafty|Encore
|move|p1b: Incineroar|Flare Blitz|p2a: Ninetales
|-supereffective|p2a: Ninetales|1
|-damage|p2a: Ninetales|12/100
|-damage|p1b: Incineroar|0 fnt|[from] Recoil
|faint|p1b: Incineroar
|
|-weather|Snowscape|[upkeep]
|upkeep
|
|t:|1783300883
|switch|p2b: Talonflame|Talonflame, L50, F|57/100
|switch|p1b: Espathra|Espathra, L50, M|100/100
|turn|5
|
|t:|1783300896
|move|p1b: Espathra|Protect|p1b: Espathra
|-singleturn|p1b: Espathra|Protect
|move|p1a: Scrafty|Knock Off|p2b: Talonflame
|-damage|p2b: Talonflame|0 fnt
|-enditem|p2b: Talonflame|Life Orb|[from] move: Knock Off|[of] p1a: Scrafty
|faint|p2b: Talonflame
|move|p2a: Ninetales|Blizzard|p1b: Espathra|[spread] p1a
|-activate|p1b: Espathra|move: Protect
|-crit|p1a: Scrafty
|-damage|p1a: Scrafty|55/100
|
|-weather|Snowscape|[upkeep]
|-ability|p1b: Espathra|Speed Boost|boost
|-boost|p1b: Espathra|spe|1
|upkeep
|turn|6
|inactive|lolgz has 30 seconds left.
|inactive|lolgz has 20 seconds left.
|inactive|lolgz has 15 seconds left.
|
|t:|1783300938
|move|p1b: Espathra|Lumina Crash|p2a: Ninetales
|-damage|p2a: Ninetales|0 fnt
|faint|p2a: Ninetales
|
|win|lolgz
