|j|☆znivs
|j|☆sawkthroha
|html|znivssawkthroha    
|uhtml|bestof|Game 3 of a best-of-3
|t:|1782627108
|gametype|doubles
|player|p1|znivs|102|
|player|p2|sawkthroha|265|
|gen|9
|tier|[Gen 9 Champions] VGC 2026 Reg M-B (Bo3)
|rule|Species Clause: Limit one of each Pokémon
|rule|Item Clause: Limit 1 of each item
|clearpoke
|poke|p1|Dragonite, L50, M|
|poke|p1|Pelipper, L50, M|
|poke|p1|Swampert, L50, F|
|poke|p1|Incineroar, L50, M|
|poke|p1|Sinistcha-Masterpiece, L50|
|poke|p1|Archaludon, L50, M|
|poke|p2|Garchomp, L50, F|
|poke|p2|Charizard, L50, F|
|poke|p2|Venusaur, L50, F|
|poke|p2|Sylveon, L50, M|
|poke|p2|Basculegion, L50, M|
|poke|p2|Whimsicott, L50, M|
|teampreview|4
|showteam|p1|Dragonite||Dragoninite|Multiscale|DragonPulse,Hurricane,Thunderbolt,Protect|Modest||M|||50|]Pelipper||FocusSash|Drizzle|WeatherBall,Hurricane,Tailwind,Protect|Timid||M|||50|]Swampert||Swampertite|Damp|WaveCrash,HighHorsepower,RockSlide,Protect|Adamant||F|||50|]Incineroar||PasshoBerry|Intimidate|FlareBlitz,ThroatChop,FakeOut,PartingShot|Careful||M|||50|]Sinistcha-Masterpiece||SitrusBerry|Hospitality|MatchaGotcha,ShadowBall,RagePowder,Protect|Modest|||||50|]Archaludon||Leftovers|Stamina|ElectroShot,DragonPulse,FlashCannon,Protect|Modest||M|||50|
|showteam|p2|Garchomp||LifeOrb|RoughSkin|DragonClaw,RockSlide,Earthquake,Protect|Jolly||F|||50|]Charizard||CharizarditeY|SolarPower|WeatherBall,Protect,HeatWave,SolarBeam|Timid||F|||50|]Venusaur||Venusaurite|Chlorophyll|EarthPower,SludgeBomb,EnergyBall,Protect|Modest||F|||50|]Sylveon||FairyFeather|Pixilate|HyperBeam,Detect,HyperVoice,QuickAttack|Modest||M|||50|]Basculegion||MysticWater|Adaptability|Protect,AquaJet,WaveCrash,LastRespects|Adamant||M|||50|]Whimsicott||FocusSash|Prankster|Tailwind,Encore,Protect,Moonblast|Timid||M|||50|
|inactive|Battle timer is ON: inactive players will automatically lose when time's up. (requested by sawkthroha)
|
|t:|1782627139
|teamsize|p1|4
|teamsize|p2|4
|start
|switch|p1a: Pelipper|Pelipper, L50, M|100/100
|switch|p1b: Dragonite|Dragonite, L50, M|100/100
|switch|p2a: Whimsicott|Whimsicott, L50, M|100/100
|switch|p2b: Basculegion|Basculegion, L50, M|100/100
|-weather|RainDance|[from] ability: Drizzle|[of] p1a: Pelipper
|turn|1
|inactive|znivs has 30 seconds left.
|inactive|sawkthroha has 30 seconds left.
|inactive|znivs has 20 seconds left.
|
|t:|1782627178
|switch|p1b: Incineroar|Incineroar, L50, M|100/100
|-ability|p1b: Incineroar|Intimidate|boost
|-unboost|p2a: Whimsicott|atk|1
|-unboost|p2b: Basculegion|atk|1
|move|p2a: Whimsicott|Protect|p2a: Whimsicott
|-singleturn|p2a: Whimsicott|Protect
|move|p2b: Basculegion|Wave Crash|p1a: Pelipper
|-resisted|p1a: Pelipper|1
|-damage|p1a: Pelipper|43/100
|-damage|p2b: Basculegion|87/100|[from] Recoil
|move|p1a: Pelipper|Hurricane|p2a: Whimsicott
|-activate|p2a: Whimsicott|move: Protect
|
|-weather|RainDance|[upkeep]
|upkeep
|turn|2
|inactive|sawkthroha has 30 seconds left.
|
|t:|1782627213
|switch|p2a: Garchomp|Garchomp, L50, F|100/100
|switch|p1b: Sinistcha|Sinistcha-Masterpiece, L50|100/100
|-heal|p1a: Pelipper|68/100|[from] ability: Hospitality|[of] p1b: Sinistcha
|move|p2b: Basculegion|Wave Crash|p1b: Sinistcha
|-resisted|p1b: Sinistcha|1
|-damage|p1b: Sinistcha|55/100
|-damage|p2b: Basculegion|74/100|[from] Recoil
|move|p1a: Pelipper|Tailwind|p1a: Pelipper
|-sidestart|p1: znivs|move: Tailwind
|
|-weather|RainDance|[upkeep]
|upkeep
|turn|3
|inactive|sawkthroha has 30 seconds left.
|
|t:|1782627243
|move|p1a: Pelipper|Hurricane|p2a: Garchomp
|-damage|p2a: Garchomp|52/100
|move|p1b: Sinistcha|Matcha Gotcha|p2b: Basculegion|[spread] p2a,p2b
|-supereffective|p2b: Basculegion|1
|-damage|p2a: Garchomp|21/100
|-heal|p1b: Sinistcha|71/100|[from] drain|[of] p2a: Garchomp
|-damage|p2b: Basculegion|14/100
|-heal|p1b: Sinistcha|100/100|[from] drain|[of] p2b: Basculegion
|-status|p2b: Basculegion|brn
|move|p2a: Garchomp|Dragon Claw|p1b: Sinistcha
|-crit|p1b: Sinistcha
|-damage|p1b: Sinistcha|22/100
|-enditem|p1b: Sinistcha|Sitrus Berry|[eat]
|-heal|p1b: Sinistcha|47/100|[from] item: Sitrus Berry
|-damage|p2a: Garchomp|11/100|[from] item: Life Orb
|move|p2b: Basculegion|Wave Crash|p1b: Sinistcha
|-resisted|p1b: Sinistcha|1
|-damage|p1b: Sinistcha|26/100
|-damage|p2b: Basculegion|8/100 brn|[from] Recoil
|
|-weather|RainDance|[upkeep]
|-damage|p2b: Basculegion|2/100 brn|[from] brn
|upkeep
|turn|4
|inactive|znivs has 30 seconds left.
|inactive|sawkthroha has 30 seconds left.
|inactive|sawkthroha has 20 seconds left.
|inactive|sawkthroha has 15 seconds left.
|
|t:|1782627284
|move|p2a: Garchomp|Protect|p2a: Garchomp
|-singleturn|p2a: Garchomp|Protect
|move|p2b: Basculegion|Aqua Jet|p1a: Pelipper
|-resisted|p1a: Pelipper|1
|-damage|p1a: Pelipper|57/100
|move|p1a: Pelipper|Hurricane|p2a: Garchomp
|-activate|p2a: Garchomp|move: Protect
|move|p1b: Sinistcha|Matcha Gotcha|p2a: Garchomp|[spread] 
|-activate|p2a: Garchomp|move: Protect
|-miss|p1b: Sinistcha|p2b: Basculegion
|
|-weather|RainDance|[upkeep]
|-damage|p2b: Basculegion|0 fnt|[from] brn
|faint|p2b: Basculegion
|upkeep
|
|t:|1782627296
|switch|p2b: Whimsicott|Whimsicott, L50, M|100/100
|turn|5
|
|t:|1782627314
|switch|p1a: Incineroar|Incineroar, L50, M|100/100
|-ability|p1a: Incineroar|Intimidate|boost
|-unboost|p2a: Garchomp|atk|1
|-unboost|p2b: Whimsicott|atk|1
|move|p2b: Whimsicott|Tailwind|p2b: Whimsicott
|-sidestart|p2: sawkthroha|move: Tailwind
|move|p2a: Garchomp|Dragon Claw|p1b: Sinistcha
|-damage|p1b: Sinistcha|0 fnt
|faint|p1b: Sinistcha
|-damage|p2a: Garchomp|2/100|[from] item: Life Orb
|
|-weather|none
|-sideend|p1: znivs|move: Tailwind
|upkeep
|
|t:|1782627325
|switch|p1b: Dragonite|Dragonite, L50, M|100/100
|turn|6
|
|t:|1782627331
|detailschange|p1b: Dragonite|Dragonite-Mega, L50, M
|-mega|p1b: Dragonite|Dragonite|Dragoninite
|move|p2b: Whimsicott|Protect|p2b: Whimsicott
|-singleturn|p2b: Whimsicott|Protect
|move|p2a: Garchomp|Protect|p2a: Garchomp
|-singleturn|p2a: Garchomp|Protect
|move|p1a: Incineroar|Fake Out|p2a: Garchomp
|-activate|p2a: Garchomp|move: Protect
|move|p1b: Dragonite|Hurricane|p2b: Whimsicott
|-activate|p2b: Whimsicott|move: Protect
|
|upkeep
|turn|7
|
|t:|1782627354
|move|p1b: Dragonite|Protect|p1b: Dragonite
|-singleturn|p1b: Dragonite|Protect
|move|p2b: Whimsicott|Moonblast|p1a: Incineroar
|-damage|p1a: Incineroar|80/100
|move|p2a: Garchomp|Dragon Claw|p1a: Incineroar
|-damage|p1a: Incineroar|47/100
|-damage|p2a: Garchomp|0 fnt|[from] item: Life Orb
|faint|p2a: Garchomp
|move|p1a: Incineroar|Throat Chop|p2b: Whimsicott
|-resisted|p2b: Whimsicott|1
|-damage|p2b: Whimsicott|82/100
|-start|p2b: Whimsicott|Throat Chop|[silent]
|
|upkeep
|
|t:|1782627360
|switch|p2a: Sylveon|Sylveon, L50, M|100/100
|turn|8
|
|t:|1782627378
|switch|p1b: Pelipper|Pelipper, L50, M|57/100
|-weather|RainDance|[from] ability: Drizzle|[of] p1b: Pelipper
|move|p2b: Whimsicott|Moonblast|p1a: Incineroar
|-damage|p1a: Incineroar|24/100
|move|p2a: Sylveon|Hyper Voice|p1a: Incineroar|[spread] p1a,p1b
|-damage|p1a: Incineroar|0 fnt
|-damage|p1b: Pelipper|0 fnt
|faint|p1a: Incineroar
|faint|p1b: Pelipper
|
|-weather|RainDance|[upkeep]
|-end|p2b: Whimsicott|Throat Chop|[silent]
|-sideend|p2: sawkthroha|move: Tailwind
|upkeep
|
|t:|1782627387
|switch|p1b: Dragonite|Dragonite-Mega, L50, M|100/100
|turn|9
|
|t:|1782627405
|move|p2b: Whimsicott|Moonblast|p1b: Dragonite
|-supereffective|p1b: Dragonite|1
|-damage|p1b: Dragonite|76/100
|move|p1b: Dragonite|Hurricane|p2a: Sylveon
|-damage|p2a: Sylveon|43/100
|move|p2a: Sylveon|Hyper Voice|p1b: Dragonite
|-supereffective|p1b: Dragonite|1
|-damage|p1b: Dragonite|0 fnt
|faint|p1b: Dragonite
|
|win|sawkthroha
|c|☆sawkthroha|nc g boss
|c|☆znivs|ggs bossing
|c|☆znivs|mao rato imo pa try na team?
|c|☆znivs|kay pde pko
|c|☆sawkthroha|kari lang sa lamats
|c|☆znivs|welcs welcsss bossingg
|c|☆sawkthroha|mas comfy na ko ani hahaha
|l|☆sawkthroha
|player|p2|
|c|☆znivs|oo mas nindot pud ata mega venu para sa rain
|l|☆znivs
|player|p1|
|j|☆sawkthroha
|player|p2|sawkthroha|265|
