|j|☆HalcyonJon
|j|☆eutherians
|html|HalcyonJoneutherians    
|uhtml|bestof|Game 2 of a best-of-3
|t:|1757798047
|gametype|doubles
|player|p1|HalcyonJon|pokemonbreeder|1238
|player|p2|eutherians|2|1274
|gen|9
|tier|[Gen 9] VGC 2025 Reg H (Bo3)
|rated|
|rule|Species Clause: Limit one of each Pokémon
|rule|Item Clause: Limit 1 of each item
|clearpoke
|poke|p1|Espeon, L50, F|
|poke|p1|Indeedee-F, L50, F|
|poke|p1|Slowbro, L50, F|
|poke|p1|Sneasler, L50, M|
|poke|p1|Tyranitar, L50, F|
|poke|p1|Braviary, L50, M|
|poke|p2|Ribombee, L50, M|
|poke|p2|Archaludon, L50, F|
|poke|p2|Annihilape, L50, M|
|poke|p2|Indeedee, L50, M|
|poke|p2|Incineroar, L50, M|
|poke|p2|Gholdengo, L50|
|teampreview|4
|showteam|p1|Espeon||FocusSash|MagicBounce|ExpandingForce,TeraBlast,SkillSwap,Detect|||F|||50|,,,,,Ground]Indeedee-F||RockyHelmet|PsychicSurge|Psychic,FollowMe,HelpingHand,TrickRoom|||F|||50|,,,,,Fairy]Slowbro||SafetyGoggles|Oblivious|ExpandingForce,Scald,Flamethrower,TrickRoom|||F|||50|,,,,,Fire]Sneasler||PsychicSeed|Unburden|CloseCombat,DireClaw,SwordsDance,Protect|||M|||50|,,,,,Rock]Tyranitar||AssaultVest|SandStream|KnockOff,RockSlide,TeraBlast,BreakingSwipe|||F|||50|,,,,,Flying]Braviary||SitrusBerry|Defiant|BraveBird,CloseCombat,Tailwind,Protect|||M|||50|,,,,,Fighting
|showteam|p2|Ribombee||FocusSash|ShieldDust|Moonblast,Tailwind,FakeTears,Protect|||M|||50|,,,,,Fairy]Archaludon||PowerHerb|Sturdy|ElectroShot,DracoMeteor,Thunderbolt,Protect|||F|||50|,,,,,Electric]Annihilape||SafetyGoggles|Defiant|RageFist,CloseCombat,FinalGambit,Taunt|||M|||50|,,,,,Fire]Indeedee||ChoiceScarf|PsychicSurge|ExpandingForce,TeraBlast,Trick,Protect|||M|||50|,,,,,Psychic]Incineroar||AssaultVest|Intimidate|FakeOut,FlareBlitz,KnockOff,Uturn|||M|||50|,,,,,Grass]Gholdengo||LifeOrb|GoodasGold|Protect,MakeItRain,ShadowBall,PowerGem||||||50|,,,,,Water
|l|☆eutherians
|player|p2|
|j|☆eutherians
|player|p2|eutherians|2|
|
|t:|1757798089
|teamsize|p1|4
|teamsize|p2|4
|start
|switch|p1a: Slowbro|Slowbro, L50, F|100/100
|switch|p1b: Indeedee|Indeedee-F, L50, F|100/100
|switch|p2a: Ribombee|Ribombee, L50, M|100/100
|switch|p2b: Incineroar|Incineroar, L50, M|100/100
|-ability|p2b: Incineroar|Intimidate|boost
|-fail|p1a: Slowbro|unboost|Attack|[from] ability: Oblivious|[of] p1a: Slowbro
|-unboost|p1b: Indeedee|atk|1
|-fieldstart|move: Psychic Terrain|[from] ability: Psychic Surge|[of] p1b: Indeedee
|turn|1
|inactive|Battle timer is ON: inactive players will automatically lose when time's up. (requested by eutherians)
|
|t:|1757798118
|-terastallize|p1b: Indeedee|Fairy
|move|p1b: Indeedee|Follow Me|p1b: Indeedee
|-singleturn|p1b: Indeedee|move: Follow Me
|move|p2a: Ribombee|Moonblast|p1b: Indeedee
|-damage|p1b: Indeedee|73/100
|move|p2b: Incineroar|Knock Off|p1b: Indeedee
|-resisted|p1b: Indeedee
|-damage|p1b: Indeedee|51/100
|-damage|p2b: Incineroar|84/100|[from] item: Rocky Helmet|[of] p1b: Indeedee
|-enditem|p1b: Indeedee|Rocky Helmet|[from] move: Knock Off|[of] p2b: Incineroar
|move|p1a: Slowbro|Trick Room|p1a: Slowbro
|-fieldstart|move: Trick Room|[of] p1a: Slowbro
|
|upkeep
|turn|2
|inactive|HalcyonJon has 30 seconds left.
|inactive|eutherians has 30 seconds left.
|inactive|eutherians has 20 seconds left.
|inactive|eutherians has 15 seconds left.
|
|t:|1757798158
|move|p1b: Indeedee|Helping Hand|p1a: Slowbro
|-singleturn|p1a: Slowbro|Helping Hand|[of] p1b: Indeedee
|move|p1a: Slowbro|Scald|p2b: Incineroar
|-supereffective|p2b: Incineroar
|-damage|p2b: Incineroar|16/100
|move|p2b: Incineroar|U-turn|p1a: Slowbro
|-supereffective|p1a: Slowbro
|-damage|p1a: Slowbro|69/100
|
|t:|1757798171
|switch|p2b: Gholdengo|Gholdengo, L50|100/100|[from] U-turn
|move|p2a: Ribombee|Moonblast|p1b: Indeedee
|-damage|p1b: Indeedee|22/100
|
|upkeep
|turn|3
|inactive|HalcyonJon has 30 seconds left.
|
|t:|1757798198
|move|p2b: Gholdengo|Protect|p2b: Gholdengo
|-singleturn|p2b: Gholdengo|Protect
|move|p2a: Ribombee|Protect|p2a: Ribombee
|-singleturn|p2a: Ribombee|Protect
|move|p1b: Indeedee|Follow Me|p1b: Indeedee
|-singleturn|p1b: Indeedee|move: Follow Me
|move|p1a: Slowbro|Expanding Force|p2a: Ribombee|[spread] 
|-activate|p2a: Ribombee|move: Protect
|-activate|p2b: Gholdengo|move: Protect
|
|upkeep
|turn|4
|inactive|HalcyonJon has 30 seconds left.
|inactive|HalcyonJon has 20 seconds left.
|inactive|HalcyonJon has 15 seconds left.
|inactive|eutherians has 30 seconds left.
|
|t:|1757798245
|move|p1b: Indeedee|Helping Hand|p1a: Slowbro
|-singleturn|p1a: Slowbro|Helping Hand|[of] p1b: Indeedee
|move|p1a: Slowbro|Flamethrower|p2b: Gholdengo
|-supereffective|p2b: Gholdengo
|-damage|p2b: Gholdengo|0 fnt
|faint|p2b: Gholdengo
|move|p2a: Ribombee|Moonblast|p1b: Indeedee
|-damage|p1b: Indeedee|0 fnt
|faint|p1b: Indeedee
|
|upkeep
|
|t:|1757798263
|switch|p1b: Braviary|Braviary, L50, M|100/100
|switch|p2b: Indeedee|Indeedee, L50, M|100/100
|turn|5
|
|t:|1757798286
|switch|p2b: Incineroar|Incineroar, L50, M|16/100
|-ability|p2b: Incineroar|Intimidate|boost
|-fail|p1a: Slowbro|unboost|Attack|[from] ability: Oblivious|[of] p1a: Slowbro
|-unboost|p1b: Braviary|atk|1
|-ability|p1b: Braviary|Defiant|boost
|-boost|p1b: Braviary|atk|2
|move|p1a: Slowbro|Expanding Force|p2b: Incineroar|[spread] p2a
|-immune|p2b: Incineroar
|-damage|p2a: Ribombee|21/100
|move|p1b: Braviary|Brave Bird|p2b: Incineroar
|-damage|p2b: Incineroar|0 fnt
|faint|p2b: Incineroar
|-damage|p1b: Braviary|95/100|[from] Recoil
|move|p2a: Ribombee|Tailwind|p2a: Ribombee
|-sidestart|p2: eutherians|move: Tailwind
|
|-fieldend|move: Trick Room
|-fieldend|move: Psychic Terrain
|upkeep
|
|t:|1757798299
|switch|p2b: Indeedee|Indeedee, L50, M|100/100
|-fieldstart|move: Psychic Terrain|[from] ability: Psychic Surge|[of] p2b: Indeedee
|turn|6
|l|☆eutherians
|inactive|eutherians disconnected and has a minute to reconnect!
|player|p2|
|
|t:|1757798324
|-terastallize|p2b: Indeedee|Psychic
|move|p1b: Braviary|Protect|p1b: Braviary
|-singleturn|p1b: Braviary|Protect
|move|p2b: Indeedee|Expanding Force|p1a: Slowbro|[spread] p1a
|-activate|p1b: Braviary|move: Protect
|-resisted|p1a: Slowbro
|-damage|p1a: Slowbro|29/100
|move|p2a: Ribombee|Fake Tears|p1a: Slowbro
|-unboost|p1a: Slowbro|spd|2
|move|p1a: Slowbro|Trick Room|p1a: Slowbro
|-fieldstart|move: Trick Room|[of] p1a: Slowbro
|
|upkeep
|turn|7
|j|☆eutherians
|inactive|eutherians reconnected and has 50 seconds left.
|player|p2|eutherians|2|
|inactive|eutherians has 30 seconds left.
|
|t:|1757798354
|move|p1a: Slowbro|Expanding Force|p2b: Indeedee|[spread] p2a,p2b
|-resisted|p2b: Indeedee
|-damage|p2a: Ribombee|0 fnt
|-damage|p2b: Indeedee|63/100
|faint|p2a: Ribombee
|move|p1b: Braviary|Brave Bird|p2b: Indeedee
|-damage|p2b: Indeedee|0 fnt
|faint|p2b: Indeedee
|-damage|p1b: Braviary|79/100|[from] Recoil
|
|win|HalcyonJon
|raw|HalcyonJon's rating: 1238 → 1266(+28 for winning)
|raw|eutherians's rating: 1274 → 1246(-28 for losing)
|l|☆eutherians
|player|p2|
