|j|☆rojas32
|j|☆sbhaga34
|html|rojas32sbhaga34    
|uhtml|bestof|Game 1 of a best-of-3
|t:|1784646117
|gametype|doubles
|player|p1|rojas32|2|1345
|player|p2|sbhaga34|hugh|1384
|gen|9
|tier|[Gen 9 Champions] VGC 2026 Reg M-B (Bo3)
|rated|
|rule|Species Clause: Limit one of each Pokémon
|rule|Item Clause: Limit 1 of each item
|clearpoke
|poke|p1|Charizard, L50, F|
|poke|p1|Aerodactyl, L50, F|
|poke|p1|Sylveon, L50, F|
|poke|p1|Kingambit, L50, F|
|poke|p1|Farigiraf, L50, M|
|poke|p1|Garchomp, L50, M|
|poke|p2|Excadrill, L50, F|
|poke|p2|Tyranitar, L50, F|
|poke|p2|Corviknight, L50, M|
|poke|p2|Rotom-Wash, L50|
|poke|p2|Chandelure, L50, M|
|poke|p2|Scovillain, L50, M|
|teampreview|4
|showteam|p1|Charizard||CharizarditeY|Blaze|WeatherBall,HeatWave,SolarBeam,Protect|Modest||F|||50|]Aerodactyl||Aerodactylite|Unnerve|RockSlide,DualWingbeat,IceFang,Tailwind|Jolly||F|||50|]Sylveon||FairyFeather|Pixilate|Detect,QuickAttack,HyperBeam,HyperVoice|Modest||F|||50|]Kingambit||FocusSash|Defiant|IronHead,LowKick,KowtowCleave,SuckerPunch|Adamant||F|||50|]Farigiraf||SitrusBerry|ArmorTail|PsychicFangs,Thunderbolt,SunnyDay,TrickRoom|Relaxed||M|||50|]Garchomp||LifeOrb|RoughSkin|Protect,DragonClaw,StompingTantrum,Earthquake|Jolly||M|||50|
|showteam|p2|Excadrill||FocusSash|SandRush|Earthquake,IronHead,SwordsDance,Protect|Adamant||F|||50|]Tyranitar||Tyranitarite|SandStream|RockSlide,KnockOff,LowKick,Protect|Adamant||F|||50|]Corviknight||SharpBeak|MirrorArmor|BraveBird,Tailwind,BulkUp,Roost|Careful||M|||50|]Rotom-Wash||ChoiceScarf|Levitate|VoltSwitch,Thunderbolt,Electroweb,HydroPump|Timid|||||50|]Chandelure||ShucaBerry|FlashFire|HeatWave,ShadowBall,TrickRoom,Protect|Modest||M|||50|]Scovillain||Scovillainite|Chlorophyll|RagePowder,Overheat,GigaDrain,Protect|Calm||M|||50|
|
|t:|1784646159
|teamsize|p1|4
|teamsize|p2|4
|start
|switch|p1a: Charizard|Charizard, L50, F|100/100
|switch|p1b: Garchomp|Garchomp, L50, M|100/100
|switch|p2a: Scovillain|Scovillain, L50, M|100/100
|switch|p2b: Chandelure|Chandelure, L50, M|100/100
|turn|1
|
|t:|1784646190
|switch|p1b: Farigiraf|Farigiraf, L50, M|100/100
|detailschange|p1a: Charizard|Charizard-Mega-Y, L50, F
|-mega|p1a: Charizard|Charizard|Charizardite Y
|-weather|SunnyDay|[from] ability: Drought|[of] p1a: Charizard
|detailschange|p2a: Scovillain|Scovillain-Mega, L50, M
|-mega|p2a: Scovillain|Scovillain|Scovillainite
|move|p2a: Scovillain|Protect|p2a: Scovillain
|-singleturn|p2a: Scovillain|Protect
|move|p1a: Charizard|Weather Ball|p2a: Scovillain
|-activate|p2a: Scovillain|move: Protect
|move|p2b: Chandelure|Trick Room|p2b: Chandelure
|-fieldstart|move: Trick Room|[of] p2b: Chandelure
|
|-weather|SunnyDay|[upkeep]
|upkeep
|turn|2
|
|t:|1784646216
|move|p1b: Farigiraf|Sunny Day||[still]
|-fail|p1b: Farigiraf
|move|p2a: Scovillain|Overheat|p1b: Farigiraf
|-damage|p1b: Farigiraf|11/100
|-unboost|p2a: Scovillain|spa|2
|-enditem|p1b: Farigiraf|Sitrus Berry|[eat]
|-heal|p1b: Farigiraf|36/100|[from] item: Sitrus Berry
|move|p2b: Chandelure|Heat Wave|p1b: Farigiraf|[spread] p1a,p1b
|-resisted|p1a: Charizard|1
|-damage|p1a: Charizard|72/100
|-damage|p1b: Farigiraf|0 fnt
|faint|p1b: Farigiraf
|move|p1a: Charizard|Weather Ball|p2a: Scovillain
|-damage|p2a: Scovillain|21/100
|-immune|p1a: Charizard
|
|-weather|SunnyDay|[upkeep]
|upkeep
|
|t:|1784646235
|switch|p1b: Garchomp|Garchomp, L50, M|100/100
|turn|3
|
|t:|1784646245
|move|p2a: Scovillain|Protect|p2a: Scovillain
|-singleturn|p2a: Scovillain|Protect
|move|p2b: Chandelure|Shadow Ball|p1a: Charizard
|-damage|p1a: Charizard|32/100
|move|p1a: Charizard|Heat Wave|p2a: Scovillain|[spread] 
|-activate|p2a: Scovillain|move: Protect
|-start|p2b: Chandelure|ability: Flash Fire
|move|p1b: Garchomp|Earthquake|p2b: Chandelure|[spread] p2b
|-activate|p2a: Scovillain|move: Protect
|-immune|p1a: Charizard
|-supereffective|p2b: Chandelure|1
|-enditem|p2b: Chandelure|Shuca Berry|[eat]
|-enditem|p2b: Chandelure|Shuca Berry|[weaken]
|-damage|p2b: Chandelure|45/100
|-damage|p1b: Garchomp|90/100|[from] item: Life Orb
|
|-weather|SunnyDay|[upkeep]
|upkeep
|turn|4
|
|t:|1784646274
|move|p1a: Charizard|Protect|p1a: Charizard
|-singleturn|p1a: Charizard|Protect
|move|p2a: Scovillain|Giga Drain|p1b: Garchomp
|-damage|p1b: Garchomp|72/100
|-heal|p2a: Scovillain|31/100|[from] drain|[of] p1b: Garchomp
|move|p2b: Chandelure|Heat Wave|p1b: Garchomp|[spread] p1b
|-activate|p1a: Charizard|move: Protect
|-resisted|p1b: Garchomp|1
|-damage|p1b: Garchomp|17/100
|move|p1b: Garchomp|Earthquake|p2a: Scovillain|[spread] p2a,p2b
|-activate|p1a: Charizard|move: Protect
|-supereffective|p2b: Chandelure|1
|-damage|p2a: Scovillain|0 fnt
|-damage|p2b: Chandelure|0 fnt
|-status|p1b: Garchomp|brn|[from] ability: Spicy Spray|[of] p2a: Scovillain
|faint|p2a: Scovillain
|faint|p2b: Chandelure
|-damage|p1b: Garchomp|7/100 brn|[from] item: Life Orb
|
|-weather|SunnyDay|[upkeep]
|-damage|p1b: Garchomp|2/100 brn|[from] brn
|upkeep
|
|t:|1784646293
|switch|p2a: Tyranitar|Tyranitar, L50, F|100/100
|switch|p2b: Excadrill|Excadrill, L50, F|100/100
|-weather|Sandstorm|[from] ability: Sand Stream|[of] p2a: Tyranitar
|turn|5
|
|t:|1784646307
|switch|p1a: Kingambit|Kingambit, L50, F|100/100
|move|p1b: Garchomp|Protect|p1b: Garchomp
|-singleturn|p1b: Garchomp|Protect
|move|p2a: Tyranitar|Rock Slide|p1b: Garchomp|[spread] 
|-activate|p1b: Garchomp|move: Protect
|-miss|p2a: Tyranitar|p1a: Kingambit
|move|p2b: Excadrill|Iron Head|p1a: Kingambit
|-resisted|p1a: Kingambit|1
|-damage|p1a: Kingambit|80/100
|
|-weather|Sandstorm|[upkeep]
|-damage|p1b: Garchomp|0 fnt|[from] brn
|faint|p1b: Garchomp
|-fieldend|move: Trick Room
|upkeep
|
|t:|1784646323
|switch|p1b: Charizard|Charizard-Mega-Y, L50, F|32/100
|-weather|SunnyDay|[from] ability: Drought|[of] p1b: Charizard
|turn|6
|
|t:|1784646336
|move|p2b: Excadrill|Protect|p2b: Excadrill
|-singleturn|p2b: Excadrill|Protect
|move|p1b: Charizard|Protect|p1b: Charizard
|-singleturn|p1b: Charizard|Protect
|move|p2a: Tyranitar|Protect|p2a: Tyranitar
|-singleturn|p2a: Tyranitar|Protect
|move|p1a: Kingambit|Kowtow Cleave|p2b: Excadrill
|-activate|p2b: Excadrill|move: Protect
|
|-weather|SunnyDay|[upkeep]
|upkeep
|turn|7
|
|t:|1784646356
|move|p1b: Charizard|Protect||[still]
|-fail|p1b: Charizard
|move|p2b: Excadrill|Swords Dance|p2b: Excadrill
|-boost|p2b: Excadrill|atk|2
|move|p2a: Tyranitar|Rock Slide|p1a: Kingambit|[spread] p1a,p1b
|-resisted|p1a: Kingambit|1
|-supereffective|p1b: Charizard|2
|-damage|p1a: Kingambit|66/100
|-damage|p1b: Charizard|0 fnt
|faint|p1b: Charizard
|move|p1a: Kingambit|Kowtow Cleave|p2b: Excadrill
|-damage|p2b: Excadrill|34/100
|
|-weather|SunnyDay|[upkeep]
|upkeep
|turn|8
|
|t:|1784646377
|move|p2b: Excadrill|Iron Head|p1a: Kingambit
|-resisted|p1a: Kingambit|1
|-damage|p1a: Kingambit|29/100
|move|p2a: Tyranitar|Low Kick|p1a: Kingambit
|-supereffective|p1a: Kingambit|2
|-damage|p1a: Kingambit|0 fnt
|faint|p1a: Kingambit
|
|win|sbhaga34
