|j|☆ILoveMIR
|j|‽daniiivgc
|html|ILoveMIRdaniiivgc    
|uhtml|bestof|Game 1 of a best-of-3
|t:|1783704635
|gametype|doubles
|player|p1|ILoveMIR|shauntal|1432
|player|p2|daniiivgc|giovanni|1333
|gen|9
|tier|[Gen 9 Champions] VGC 2026 Reg M-B (Bo3)
|rated|
|rule|Species Clause: Limit one of each Pokémon
|rule|Item Clause: Limit 1 of each item
|clearpoke
|poke|p1|Blaziken, L50, M|
|poke|p1|Tsareena, L50, F|
|poke|p1|Milotic, L50, F|
|poke|p1|Whimsicott, L50, F|
|poke|p1|Glimmora, L50, M|
|poke|p1|Hydreigon, L50, F|
|poke|p2|Charizard, L50, M|
|poke|p2|Venusaur, L50, M|
|poke|p2|Garchomp, L50, M|
|poke|p2|Incineroar, L50, M|
|poke|p2|Toxapex, L50, M|
|poke|p2|Annihilape, L50, F|
|teampreview|4
|showteam|p1|Blaziken||Blazikenite|SpeedBoost|FlareBlitz,CloseCombat,RockSlide,Detect|Adamant||M|||50|]Tsareena||WideLens|QueenlyMajesty|PowerWhip,TripleAxel,LowKick,Taunt|Adamant||F|||50|]Milotic||ExpertBelt|Competitive|Scald,IceBeam,Recover,Protect|Modest||F|||50|]Whimsicott||LifeOrb|Prankster|Moonblast,Tailwind,Encore,Protect|Modest||F|||50|]Glimmora||FocusSash|ToxicDebris|PowerGem,SludgeBomb,EarthPower,SpikyShield|Modest||M|||50|]Hydreigon||ChoiceScarf|Levitate|DarkPulse,DracoMeteor,Snarl,EarthPower|Modest||F|||50|
|showteam|p2|Charizard||CharizarditeY|Blaze|HeatWave,WeatherBall,HelpingHand,Protect|Modest||M|||50|]Venusaur||LifeOrb|Chlorophyll|LeafStorm,SludgeBomb,EarthPower,Protect|Modest||M|||50|]Garchomp||ChoiceScarf|RoughSkin|DragonClaw,Earthquake,RockSlide,StompingTantrum|Adamant||M|||50|]Incineroar||SitrusBerry|Intimidate|FlareBlitz,ThroatChop,PartingShot,FakeOut|Impish||M|||50|]Toxapex||Leftovers|Regenerator|Toxic,Infestation,WideGuard,BanefulBunker|Bold||M|||50|]Annihilape||FocusSash|Defiant|PhantomForce,CloseCombat,RockTomb,Protect|Jolly||F|||50|
|inactive|Battle timer is ON: inactive players will automatically lose when time's up. (requested by ILoveMIR)
|inactive|ILoveMIR has 60 seconds left.
|inactive|daniiivgc has 60 seconds left.
|inactive|ILoveMIR has 30 seconds left.
|inactive|ILoveMIR has 20 seconds left.
|
|t:|1783704707
|teamsize|p1|4
|teamsize|p2|4
|start
|switch|p1a: Glimmora|Glimmora, L50, M|100/100
|switch|p1b: Whimsicott|Whimsicott, L50, F|100/100
|switch|p2a: Garchomp|Garchomp, L50, M|100/100
|switch|p2b: Charizard|Charizard, L50, M|100/100
|turn|1
|
|t:|1783704727
|move|p2b: Charizard|Protect|p2b: Charizard
|-singleturn|p2b: Charizard|Protect
|move|p2a: Garchomp|Earthquake|p1a: Glimmora|[spread] p1a,p1b
|-activate|p2b: Charizard|move: Protect
|-supereffective|p1a: Glimmora|2
|-resisted|p1b: Whimsicott|1
|-enditem|p1a: Glimmora|Focus Sash
|-damage|p1a: Glimmora|1/100
|-damage|p1b: Whimsicott|67/100
|-activate|p1a: Glimmora|ability: Toxic Debris
|-sidestart|p2: daniiivgc|move: Toxic Spikes
|move|p1b: Whimsicott|Moonblast|p2a: Garchomp
|-supereffective|p2a: Garchomp|1
|-damage|p2a: Garchomp|0 fnt
|faint|p2a: Garchomp
|-damage|p1b: Whimsicott|58/100|[from] item: Life Orb
|move|p1a: Glimmora|Power Gem|p2b: Charizard
|-activate|p2b: Charizard|move: Protect
|
|upkeep
|
|t:|1783704743
|switch|p2a: Toxapex|Toxapex, L50, M|100/100
|-sideend|p2: daniiivgc|move: Toxic Spikes|[of] p2a: Toxapex
|turn|2
|
|t:|1783704755
|detailschange|p2b: Charizard|Charizard-Mega-Y, L50, M
|-mega|p2b: Charizard|Charizard|Charizardite Y
|-weather|SunnyDay|[from] ability: Drought|[of] p2b: Charizard
|move|p1b: Whimsicott|Tailwind|p1b: Whimsicott
|-sidestart|p1: ILoveMIR|move: Tailwind
|move|p1a: Glimmora|Power Gem|p2b: Charizard
|-supereffective|p2b: Charizard|2
|-damage|p2b: Charizard|0 fnt
|faint|p2b: Charizard
|move|p2a: Toxapex|Infestation|p1a: Glimmora
|-resisted|p1a: Glimmora|1
|-damage|p1a: Glimmora|0 fnt
|faint|p1a: Glimmora
|
|-weather|SunnyDay|[upkeep]
|upkeep
|
|t:|1783704765
|switch|p1a: Blaziken|Blaziken, L50, M|100/100
|switch|p2b: Venusaur|Venusaur, L50, M|100/100
|turn|3
|
|t:|1783704774
|detailschange|p1a: Blaziken|Blaziken-Mega, L50, M
|-mega|p1a: Blaziken|Blaziken|Blazikenite
|move|p1b: Whimsicott|Encore|p2a: Toxapex
|-start|p2a: Toxapex|Encore
|move|p1a: Blaziken|Flare Blitz|p2b: Venusaur
|-supereffective|p2b: Venusaur|1
|-damage|p2b: Venusaur|0 fnt
|faint|p2b: Venusaur
|-damage|p1a: Blaziken|66/100|[from] Recoil
|move|p2a: Toxapex|Infestation|p1b: Whimsicott
|-crit|p1b: Whimsicott
|-damage|p1b: Whimsicott|50/100g
|-activate|p1b: Whimsicott|move: Infestation|[of] p2a: Toxapex
|
|-weather|SunnyDay|[upkeep]
|-damage|p1b: Whimsicott|38/100|[from] move: Infestation|[partiallytrapped]
|-ability|p1a: Blaziken|Speed Boost|boost
|-boost|p1a: Blaziken|spe|1
|upkeep
|turn|4
|
|t:|1783704784
|move|p1a: Blaziken|Flare Blitz|p2a: Toxapex
|-resisted|p2a: Toxapex|1
|-damage|p2a: Toxapex|57/100
|-damage|p1a: Blaziken|52/100|[from] Recoil
|move|p1b: Whimsicott|Moonblast|p2a: Toxapex
|-resisted|p2a: Toxapex|1
|-damage|p2a: Toxapex|38/100
|-damage|p1b: Whimsicott|28/100|[from] item: Life Orb
|move|p2a: Toxapex|Infestation|p1a: Blaziken
|-resisted|p1a: Blaziken|2
|-damage|p1a: Blaziken|51/100
|-activate|p1a: Blaziken|move: Infestation|[of] p2a: Toxapex
|
|-weather|SunnyDay|[upkeep]
|-heal|p2a: Toxapex|44/100|[from] item: Leftovers
|-damage|p1a: Blaziken|39/100|[from] move: Infestation|[partiallytrapped]
|-damage|p1b: Whimsicott|16/100|[from] move: Infestation|[partiallytrapped]
|-ability|p1a: Blaziken|Speed Boost|boost
|-boost|p1a: Blaziken|spe|1
|upkeep
|turn|5
|
|t:|1783704795
|move|p1a: Blaziken|Flare Blitz|p2a: Toxapex
|-resisted|p2a: Toxapex|1
|-damage|p2a: Toxapex|3/100
|-damage|p1a: Blaziken|25/100|[from] Recoil
|move|p1b: Whimsicott|Moonblast|p2a: Toxapex
|-resisted|p2a: Toxapex|1
|-damage|p2a: Toxapex|0 fnt
|faint|p2a: Toxapex
|-damage|p1b: Whimsicott|7/100|[from] item: Life Orb
|
|win|ILoveMIR
