|j|☆ShadowGhost4488
|j|☆yuirs gsb
|html|ShadowGhost4488yuirs gsb    
|uhtml|bestof|Game 1 of a best-of-3
|t:|1783276675
|gametype|doubles
|player|p1|ShadowGhost4488|unknownf|1155
|player|p2|yuirs gsb|benga|1079
|gen|9
|tier|[Gen 9 Champions] VGC 2026 Reg M-B (Bo3)
|rated|
|rule|Species Clause: Limit one of each Pokémon
|rule|Item Clause: Limit 1 of each item
|clearpoke
|poke|p1|Scrafty, L50, M, shiny|
|poke|p1|Charizard, L50, M, shiny|
|poke|p1|Sylveon, L50, F, shiny|
|poke|p1|Garchomp, L50, F, shiny|
|poke|p1|Farigiraf, L50, F, shiny|
|poke|p1|Aerodactyl, L50, M, shiny|
|poke|p2|Araquanid, L50, F|
|poke|p2|Venusaur, L50, F|
|poke|p2|Heliolisk, L50, F|
|poke|p2|Metagross, L50|
|poke|p2|Garganacl, L50, F|
|poke|p2|Garchomp, L50, F|
|teampreview|4
|showteam|p1|Scrafty||Scraftinite|Intimidate|FakeOut,Detect,CloseCombat,KnockOff|Adamant||M|||50|]Charizard||CharizarditeY|Blaze|HeatWave,WeatherBall,SolarBeam,Protect|Modest||M|||50|]Sylveon||FairyFeather|Pixilate|Detect,QuickAttack,HyperVoice,HyperBeam|Modest||F|||50|]Garchomp||LifeOrb|RoughSkin|Earthquake,Protect,RockSlide,DragonClaw|Jolly||F|||50|]Farigiraf||SitrusBerry|ArmorTail|TrickRoom,HelpingHand,HyperVoice,TwinBeam|Bold||F|||50|]Aerodactyl||FocusSash|Unnerve|Protect,RockSlide,Tailwind,DualWingbeat|Jolly||M|||50|
|showteam|p2|Araquanid||SitrusBerry|WaterBubble|Entrainment,IcyWind,StickyWeb,LeechLife|Impish||F|||50|]Venusaur||Venusaurite|Overgrow|SludgeBomb,GigaDrain,Protect,EarthPower|Modest||F|||50|]Heliolisk||FocusSash|DrySkin|Protect,Thunderbolt,GrassKnot,Electroweb|Timid||F|||50|]Metagross||Metagrossite|ClearBody|IronHead,PsychicFangs,Protect,IcePunch|Adamant|||||50|]Garganacl||Leftovers|PurifyingSalt|SaltCure,Protect,WideGuard,Recover|Careful||F|||50|]Garchomp||LifeOrb|RoughSkin|StompingTantrum,DragonClaw,Protect,RockSlide|Adamant||F|||50|
|inactive|Battle timer is ON: inactive players will automatically lose when time's up. (requested by ShadowGhost4488)
|inactive|yuirs gsb also wants the timer to be on.
|j| thepwonw
|inactive|ShadowGhost4488 has 60 seconds left.
|inactive|yuirs gsb has 60 seconds left.
|
|t:|1783276717
|teamsize|p1|4
|teamsize|p2|4
|start
|switch|p1a: Farigiraf|Farigiraf, L50, F, shiny|100/100
|switch|p1b: Scrafty|Scrafty, L50, M, shiny|100/100
|switch|p2a: Araquanid|Araquanid, L50, F|100/100
|switch|p2b: Venusaur|Venusaur, L50, F|100/100
|-ability|p1b: Scrafty|Intimidate|boost
|-unboost|p2a: Araquanid|atk|1
|-unboost|p2b: Venusaur|atk|1
|turn|1
|inactive|ShadowGhost4488 has 30 seconds left.
|inactive|ShadowGhost4488 has 20 seconds left.
|inactive|ShadowGhost4488 has 15 seconds left.
|
|t:|1783276760
|detailschange|p2b: Venusaur|Venusaur-Mega, L50, F
|-mega|p2b: Venusaur|Venusaur|Venusaurite
|detailschange|p1b: Scrafty|Scrafty-Mega, L50, M, shiny
|-mega|p1b: Scrafty|Scrafty|Scraftinite
|-ability|p1b: Scrafty|Intimidate|boost
|-unboost|p2a: Araquanid|atk|1
|-unboost|p2b: Venusaur|atk|1
|move|p1b: Scrafty|Fake Out|p2a: Araquanid
|-damage|p2a: Araquanid|86/100
|move|p2b: Venusaur|Sludge Bomb|p1b: Scrafty
|-damage|p1b: Scrafty|68/100
|move|p1a: Farigiraf|Twin Beam|p2b: Venusaur
|-supereffective|p2b: Venusaur|1
|-damage|p2b: Venusaur|73/100
|-supereffective|p2b: Venusaur|1
|-damage|p2b: Venusaur|48/100
|-hitcount|p2b: Venusaur|2
|cant|p2a: Araquanid|flinch
|
|upkeep
|turn|2
|inactive|ShadowGhost4488 has 30 seconds left.
|
|t:|1783276787
|move|p1b: Scrafty|Detect|p1b: Scrafty
|-singleturn|p1b: Scrafty|Protect
|move|p2b: Venusaur|Giga Drain|p1a: Farigiraf
|-damage|p1a: Farigiraf|69/100
|-heal|p2b: Venusaur|67/100|[from] drain|[of] p1a: Farigiraf
|move|p1a: Farigiraf|Twin Beam|p2b: Venusaur
|-supereffective|p2b: Venusaur|1
|-damage|p2b: Venusaur|43/100
|-supereffective|p2b: Venusaur|1
|-damage|p2b: Venusaur|16/100
|-hitcount|p2b: Venusaur|2
|move|p2a: Araquanid|Sticky Web|p1b: Scrafty
|-sidestart|p1: ShadowGhost4488|move: Sticky Web
|
|upkeep
|turn|3
|
|t:|1783276805
|switch|p2b: Garchomp|Garchomp, L50, F|100/100
|move|p1b: Scrafty|Knock Off|p2a: Araquanid
|-damage|p2a: Araquanid|40/100
|-enditem|p2a: Araquanid|Sitrus Berry|[from] move: Knock Off|[of] p1b: Scrafty
|move|p1a: Farigiraf|Twin Beam|p2b: Garchomp
|-damage|p2b: Garchomp|86/100
|-damage|p2b: Garchomp|73/100
|-hitcount|p2b: Garchomp|2
|move|p2a: Araquanid|Leech Life|p1b: Scrafty
|-damage|p1b: Scrafty|59/100
|-heal|p2a: Araquanid|44/100|[from] drain|[of] p1b: Scrafty
|
|upkeep
|turn|4
|
|t:|1783276823
|switch|p2a: Garganacl|Garganacl, L50, F|100/100
|move|p1b: Scrafty|Detect|p1b: Scrafty
|-singleturn|p1b: Scrafty|Protect
|move|p2b: Garchomp|Dragon Claw|p1a: Farigiraf
|-damage|p1a: Farigiraf|26/100
|-enditem|p1a: Farigiraf|Sitrus Berry|[eat]
|-heal|p1a: Farigiraf|51/100|[from] item: Sitrus Berry
|-damage|p2b: Garchomp|63/100|[from] item: Life Orb
|move|p1a: Farigiraf|Trick Room|p1a: Farigiraf
|-fieldstart|move: Trick Room|[of] p1a: Farigiraf
|
|upkeep
|turn|5
|inactive|ShadowGhost4488 has 30 seconds left.
|
|t:|1783276849
|move|p1a: Farigiraf|Helping Hand|p1b: Scrafty
|-singleturn|p1b: Scrafty|Helping Hand|[of] p1a: Farigiraf
|move|p2a: Garganacl|Salt Cure|p1b: Scrafty
|-resisted|p1b: Scrafty|1
|-damage|p1b: Scrafty|53/100
|-start|p1b: Scrafty|Salt Cure
|move|p1b: Scrafty|Close Combat|p2b: Garchomp
|-damage|p2b: Garchomp|0 fnt
|-unboost|p1b: Scrafty|def|1
|-unboost|p1b: Scrafty|spd|1
|-damage|p1b: Scrafty|41/100|[from] ability: Rough Skin|[of] p2b: Garchomp
|faint|p2b: Garchomp
|
|-damage|p1b: Scrafty|35/100|[from] Salt Cure
|upkeep
|
|t:|1783276864
|switch|p2b: Araquanid|Araquanid, L50, F|44/100
|turn|6
|inactive|ShadowGhost4488 has 30 seconds left.
|
|t:|1783276891
|move|p1b: Scrafty|Detect|p1b: Scrafty
|-singleturn|p1b: Scrafty|Protect
|move|p2a: Garganacl|Salt Cure|p1a: Farigiraf
|-damage|p1a: Farigiraf|40/100
|-start|p1a: Farigiraf|Salt Cure
|move|p2b: Araquanid|Leech Life|p1a: Farigiraf
|-supereffective|p1a: Farigiraf|1
|-damage|p1a: Farigiraf|10/100
|-heal|p2b: Araquanid|64/100|[from] drain|[of] p1a: Farigiraf
|move|p1a: Farigiraf|Hyper Voice|p2a: Garganacl|[spread] p2a,p2b
|-resisted|p2a: Garganacl|1
|-damage|p2a: Garganacl|90/100
|-damage|p2b: Araquanid|45/100
|
|-heal|p2a: Garganacl|96/100|[from] item: Leftovers
|-damage|p1a: Farigiraf|4/100|[from] Salt Cure
|-damage|p1b: Scrafty|29/100|[from] Salt Cure
|upkeep
|turn|7
|
|t:|1783276914
|switch|p1a: Garchomp|Garchomp, L50, F, shiny|100/100
|-activate|p1a: Garchomp|move: Sticky Web
|-unboost|p1a: Garchomp|spe|1
|move|p2a: Garganacl|Protect|p2a: Garganacl
|-singleturn|p2a: Garganacl|Protect
|move|p2b: Araquanid|Leech Life|p1b: Scrafty
|-damage|p1b: Scrafty|2/100
|-heal|p2b: Araquanid|58/100|[from] drain|[of] p1b: Scrafty
|move|p1b: Scrafty|Close Combat|p2a: Garganacl
|-activate|p2a: Garganacl|move: Protect
|
|-heal|p2a: Garganacl|100/100|[from] item: Leftovers
|-damage|p1b: Scrafty|0 fnt|[from] Salt Cure
|faint|p1b: Scrafty
|upkeep
|
|t:|1783276923
|switch|p1b: Sylveon|Sylveon, L50, F, shiny|100/100
|-activate|p1b: Sylveon|move: Sticky Web
|-unboost|p1b: Sylveon|spe|1
|turn|8
|
|t:|1783276933
|move|p1b: Sylveon|Detect|p1b: Sylveon
|-singleturn|p1b: Sylveon|Protect
|move|p2a: Garganacl|Wide Guard|p2a: Garganacl
|-singleturn|p2a: Garganacl|Wide Guard
|move|p2b: Araquanid|Icy Wind|p1b: Sylveon|[spread] p1a
|-activate|p1b: Sylveon|move: Protect
|-supereffective|p1a: Garchomp|2
|-damage|p1a: Garchomp|78/100
|-unboost|p1a: Garchomp|spe|1
|move|p1a: Garchomp|Rock Slide|p2b: Araquanid|[spread] 
|-activate|p2a: Garganacl|move: Wide Guard
|-activate|p2b: Araquanid|move: Wide Guard
|
|-fieldend|move: Trick Room
|upkeep
|turn|9
|
|t:|1783276960
|move|p1a: Garchomp|Dragon Claw|p2b: Araquanid
|-damage|p2b: Araquanid|10/100
|-damage|p1a: Garchomp|68/100|[from] item: Life Orb
|move|p2b: Araquanid|Icy Wind|p1b: Sylveon|[spread] p1a,p1b
|-supereffective|p1a: Garchomp|2
|-damage|p1a: Garchomp|47/100
|-damage|p1b: Sylveon|95/100
|-unboost|p1a: Garchomp|spe|1
|-unboost|p1b: Sylveon|spe|1
|move|p2a: Garganacl|Salt Cure|p1b: Sylveon
|-damage|p1b: Sylveon|77/100
|-start|p1b: Sylveon|Salt Cure
|move|p1b: Sylveon|Hyper Beam|p2b: Araquanid
|-damage|p2b: Araquanid|0 fnt
|-mustrecharge|p1b: Sylveon
|faint|p2b: Araquanid
|
|-damage|p1b: Sylveon|71/100|[from] Salt Cure
|upkeep
|
|t:|1783276974
|switch|p2b: Venusaur|Venusaur-Mega, L50, F|16/100
|turn|10
|
|t:|1783276985
|switch|p1a: Farigiraf|Farigiraf, L50, F, shiny|4/100
|-activate|p1a: Farigiraf|move: Sticky Web
|-unboost|p1a: Farigiraf|spe|1
|move|p2b: Venusaur|Giga Drain|p1a: Farigiraf
|-damage|p1a: Farigiraf|0 fnt
|-heal|p2b: Venusaur|19/100|[from] drain|[of] p1a: Farigiraf
|faint|p1a: Farigiraf
|move|p2a: Garganacl|Salt Cure|p1b: Sylveon
|-damage|p1b: Sylveon|54/100
|cant|p1b: Sylveon|recharge
|
|-damage|p1b: Sylveon|49/100|[from] Salt Cure
|upkeep
|
|t:|1783276995
|switch|p1a: Garchomp|Garchomp, L50, F, shiny|47/100
|-activate|p1a: Garchomp|move: Sticky Web
|-unboost|p1a: Garchomp|spe|1
|turn|11
|
|t:|1783277016
|move|p2b: Venusaur|Protect|p2b: Venusaur
|-singleturn|p2b: Venusaur|Protect
|move|p1a: Garchomp|Dragon Claw|p2b: Venusaur
|-activate|p2b: Venusaur|move: Protect
|move|p2a: Garganacl|Salt Cure|p1a: Garchomp
|-resisted|p1a: Garchomp|1
|-damage|p1a: Garchomp|39/100
|-start|p1a: Garchomp|Salt Cure
|move|p1b: Sylveon|Hyper Beam|p2a: Garganacl
|-damage|p2a: Garganacl|30/100
|-mustrecharge|p1b: Sylveon
|
|-heal|p2a: Garganacl|36/100|[from] item: Leftovers
|-damage|p1a: Garchomp|33/100|[from] Salt Cure
|-damage|p1b: Sylveon|43/100|[from] Salt Cure
|upkeep
|turn|12
|
|t:|1783277032
|move|p2b: Venusaur|Sludge Bomb|p1b: Sylveon
|-supereffective|p1b: Sylveon|1
|-damage|p1b: Sylveon|0 fnt
|faint|p1b: Sylveon
|move|p1a: Garchomp|Dragon Claw|p2b: Venusaur
|-damage|p2b: Venusaur|0 fnt
|faint|p2b: Venusaur
|-damage|p1a: Garchomp|24/100|[from] item: Life Orb
|move|p2a: Garganacl|Recover|p2a: Garganacl
|-heal|p2a: Garganacl|86/100
|
|-heal|p2a: Garganacl|92/100|[from] item: Leftovers
|-damage|p1a: Garchomp|18/100|[from] Salt Cure
|upkeep
|turn|13
|
|t:|1783277040
|move|p2a: Garganacl|Protect|p2a: Garganacl
|-singleturn|p2a: Garganacl|Protect
|move|p1a: Garchomp|Earthquake|p2a: Garganacl
|-activate|p2a: Garganacl|move: Protect
|
|-heal|p2a: Garganacl|98/100|[from] item: Leftovers
|-damage|p1a: Garchomp|12/100|[from] Salt Cure
|upkeep
|turn|14
|
|t:|1783277048
|move|p2a: Garganacl|Wide Guard|p2a: Garganacl
|-singleturn|p2a: Garganacl|Wide Guard
|move|p1a: Garchomp|Earthquake|p2a: Garganacl
|-activate|p2a: Garganacl|move: Wide Guard
|
|-heal|p2a: Garganacl|100/100|[from] item: Leftovers
|-damage|p1a: Garchomp|6/100|[from] Salt Cure
|upkeep
|turn|15
|
|t:|1783277054
|move|p2a: Garganacl|Wide Guard|p2a: Garganacl
|-singleturn|p2a: Garganacl|Wide Guard
|move|p1a: Garchomp|Earthquake|p2a: Garganacl
|-activate|p2a: Garganacl|move: Wide Guard
|
|-damage|p1a: Garchomp|1/100|[from] Salt Cure
|upkeep
|turn|16
|
|t:|1783277061
|move|p2a: Garganacl|Wide Guard|p2a: Garganacl
|-singleturn|p2a: Garganacl|Wide Guard
|move|p1a: Garchomp|Earthquake|p2a: Garganacl
|-activate|p2a: Garganacl|move: Wide Guard
|
|-damage|p1a: Garchomp|0 fnt|[from] Salt Cure
|faint|p1a: Garchomp
|
|win|yuirs gsb
||ShadowGhost4488 is ready for game 2.
||yuirs gsb is ready for game 2.
|uhtml|next|Next: Game 2 of 3
