|j|☆bearlover997
|j|☆nachoconpicodgallo
|html|bearlover997nachoconpicodgallo    
|uhtml|bestof|Game 2 of a best-of-3
|t:|1786054292
|gametype|doubles
|player|p1|bearlover997|sage|1098
|player|p2|nachoconpicodgallo|guitarist|1000
|gen|9
|tier|[Gen 9 Champions] VGC 2026 Reg M-B (Bo3)
|rated|
|rule|Species Clause: Limit one of each Pokémon
|rule|Item Clause: Limit 1 of each item
|clearpoke
|poke|p1|Victreebel, L50, F|
|poke|p1|Espathra, L50, M|
|poke|p1|Volcarona, L50, F|
|poke|p1|Empoleon, L50, F|
|poke|p1|Clefable, L50, M|
|poke|p1|Aerodactyl, L50, F|
|poke|p2|Gengar, L50, F, shiny|
|poke|p2|Ninetales-Alola, L50, M, shiny|
|poke|p2|Lycanroc-Dusk, L50, M|
|poke|p2|Incineroar, L50, F|
|poke|p2|Scovillain, L50, M|
|poke|p2|Dragonite, L50, M|
|teampreview|4
|showteam|p1|Victreebel||Victreebelite|Chlorophyll|SludgeBomb,GigaDrain,StrengthSap,Protect|Timid||F|||50|]Espathra||SitrusBerry|SpeedBoost|BatonPass,CalmMind,LuminaCrash,Protect|Modest||M|||50|]Volcarona||Leftovers|FlameBody|BugBuzz,RagePowder,HeatWave,Protect|Timid||F|||50|]Empoleon||LifeOrb|Competitive|FlashCannon,HydroPump,IceBeam,Protect|Modest||F|||50|]Clefable||Clefablite|Unaware|DazzlingGleam,Protect,FollowMe,HealingWish|Calm||M|||50|]Aerodactyl||FocusSash|Unnerve|RockSlide,WideGuard,Tailwind,Protect|Jolly||F|||50|
|showteam|p2|Gengar||Gengarite|CursedBody|ShadowBall,SludgeBomb,Substitute,Protect|Modest||F|||50|]Ninetales-Alola||ChoiceScarf|SnowWarning|Blizzard,FreezeDry,IcyWind,Encore|Timid||M|||50|]Lycanroc-Dusk||FocusSash|ToughClaws|RockSlide,CloseCombat,Accelerock,Protect|Adamant||M|||50|]Incineroar||SitrusBerry|Intimidate|PartingShot,FlareBlitz,ThroatChop,FakeOut|Impish||F|||50|]Scovillain||Scovillainite|Chlorophyll|Overheat,GigaDrain,RagePowder,Protect|Bold||M|||50|]Dragonite||LifeOrb|InnerFocus|DragonClaw,ExtremeSpeed,Superpower,Protect|Adamant||M|||50|
|inactive|Battle timer is ON: inactive players will automatically lose when time's up. (requested by nachoconpicodgallo)
|inactive|bearlover997 also wants the timer to be on.
|
|t:|1786054321
|teamsize|p1|4
|teamsize|p2|4
|start
|switch|p1a: Empoleon|Empoleon, L50, F|100/100
|switch|p1b: Espathra|Espathra, L50, M|100/100
|switch|p2a: Ninetales|Ninetales-Alola, L50, M, shiny|100/100
|switch|p2b: Lycanroc|Lycanroc-Dusk, L50, M|100/100
|-weather|Snowscape|[from] ability: Snow Warning|[of] p2a: Ninetales
|turn|1
|inactive|nachoconpicodgallo has 30 seconds left.
|
|t:|1786054350
|switch|p1a: Volcarona|Volcarona, L50, F|100/100
|move|p2a: Ninetales|Blizzard|p1b: Espathra|[spread] p1a,p1b
|-resisted|p1a: Volcarona|1
|-damage|p1a: Volcarona|88/100
|-damage|p1b: Espathra|64/100
|move|p2b: Lycanroc|Close Combat|p1a: Volcarona
|-resisted|p1a: Volcarona|1
|-damage|p1a: Volcarona|48/100
|-unboost|p2b: Lycanroc|def|1
|-unboost|p2b: Lycanroc|spd|1
|-status|p2b: Lycanroc|brn|[from] ability: Flame Body|[of] p1a: Volcarona
|move|p1b: Espathra|Calm Mind|p1b: Espathra
|-boost|p1b: Espathra|spa|1
|-boost|p1b: Espathra|spd|1
|
|-weather|Snowscape|[upkeep]
|-heal|p1a: Volcarona|54/100|[from] item: Leftovers
|-damage|p2b: Lycanroc|94/100 brn|[from] brn
|-ability|p1b: Espathra|Speed Boost|boost
|-boost|p1b: Espathra|spe|1
|upkeep
|turn|2
|
|t:|1786054375
|move|p2b: Lycanroc|Protect|p2b: Lycanroc
|-singleturn|p2b: Lycanroc|Protect
|move|p1a: Volcarona|Protect|p1a: Volcarona
|-singleturn|p1a: Volcarona|Protect
|move|p2a: Ninetales|Blizzard|p1b: Espathra|[spread] p1b
|-activate|p1a: Volcarona|move: Protect
|-damage|p1b: Espathra|43/100
|-enditem|p1b: Espathra|Sitrus Berry|[eat]
|-heal|p1b: Espathra|68/100|[from] item: Sitrus Berry
|move|p1b: Espathra|Lumina Crash|p2b: Lycanroc
|-activate|p2b: Lycanroc|move: Protect
|
|-weather|Snowscape|[upkeep]
|-heal|p1a: Volcarona|60/100|[from] item: Leftovers
|-damage|p2b: Lycanroc|88/100 brn|[from] brn
|-ability|p1b: Espathra|Speed Boost|boost
|-boost|p1b: Espathra|spe|1
|upkeep
|turn|3
|
|t:|1786054395
|switch|p1a: Empoleon|Empoleon, L50, F|100/100
|move|p1b: Espathra|Lumina Crash|p2b: Lycanroc
|-damage|p2b: Lycanroc|0 fnt
|faint|p2b: Lycanroc
|move|p2a: Ninetales|Blizzard|p1a: Empoleon|[spread] p1a,p1b
|-resisted|p1a: Empoleon|2
|-damage|p1a: Empoleon|93/100
|-damage|p1b: Espathra|44/100
|-status|p1a: Empoleon|frz
|
|-weather|Snowscape|[upkeep]
|-ability|p1b: Espathra|Speed Boost|boost
|-boost|p1b: Espathra|spe|1
|upkeep
|
|t:|1786054411
|switch|p2b: Scovillain|Scovillain, L50, M|100/100
|turn|4
|
|t:|1786054423
|detailschange|p2b: Scovillain|Scovillain-Mega, L50, M
|-mega|p2b: Scovillain|Scovillain|Scovillainite
|move|p1b: Espathra|Baton Pass|p1b: Espathra
|
|t:|1786054426
|switch|p1b: Volcarona|Volcarona, L50, F|60/100|[from] Baton Pass
|move|p2a: Ninetales|Blizzard|p1a: Empoleon|[spread] p1a,p1b
|-resisted|p1a: Empoleon|2
|-resisted|p1b: Volcarona|1
|-damage|p1a: Empoleon|85/100 frz
|-damage|p1b: Volcarona|53/100
|move|p2b: Scovillain|Giga Drain|p1a: Empoleon
|-damage|p1a: Empoleon|48/100 frz
|cant|p1a: Empoleon|frz
|
|-weather|Snowscape|[upkeep]
|-heal|p1b: Volcarona|59/100|[from] item: Leftovers
|upkeep
|turn|5
|
|t:|1786054440
|switch|p2a: Incineroar|Incineroar, L50, F|100/100
|-ability|p2a: Incineroar|Intimidate|boost
|-unboost|p1a: Empoleon|atk|1
|-ability|p1a: Empoleon|Competitive|boost
|-boost|p1a: Empoleon|spa|2
|-unboost|p1b: Volcarona|atk|1
|move|p1b: Volcarona|Heat Wave|p2a: Incineroar|[spread] p2a,p2b
|-resisted|p2a: Incineroar|1
|-crit|p2a: Incineroar
|-damage|p2a: Incineroar|66/100
|-damage|p2b: Scovillain|44/100
|-immune|p1b: Volcarona
|move|p2b: Scovillain|Giga Drain|p1a: Empoleon
|-damage|p1a: Empoleon|12/100 frz
|-heal|p2b: Scovillain|62/100|[from] drain|[of] p1a: Empoleon
|cant|p1a: Empoleon|frz
|
|-weather|none
|-heal|p1b: Volcarona|65/100|[from] item: Leftovers
|upkeep
|turn|6
|
|t:|1786054463
|move|p1b: Volcarona|Protect|p1b: Volcarona
|-singleturn|p1b: Volcarona|Protect
|-curestatus|p1a: Empoleon|frz|[msg]
|move|p1a: Empoleon|Protect|p1a: Empoleon
|-singleturn|p1a: Empoleon|Protect
|move|p2b: Scovillain|Giga Drain|p1a: Empoleon
|-activate|p1a: Empoleon|move: Protect
|move|p2a: Incineroar|Flare Blitz|p1b: Volcarona
|-activate|p1b: Volcarona|move: Protect
|
|-heal|p1b: Volcarona|71/100|[from] item: Leftovers
|upkeep
|turn|7
|
|t:|1786054483
|move|p1b: Volcarona|Bug Buzz|p2a: Incineroar
|-damage|p2a: Incineroar|6/100
|-unboost|p2a: Incineroar|spd|1
|-enditem|p2a: Incineroar|Sitrus Berry|[eat]
|-heal|p2a: Incineroar|31/100|[from] item: Sitrus Berry
|move|p2b: Scovillain|Giga Drain|p1a: Empoleon
|-damage|p1a: Empoleon|0 fnt
|-heal|p2b: Scovillain|69/100|[from] drain|[of] p1a: Empoleon
|faint|p1a: Empoleon
|move|p2a: Incineroar|Flare Blitz|p1b: Volcarona
|-damage|p1b: Volcarona|1/100
|-damage|p2a: Incineroar|12/100|[from] Recoil
|
|-heal|p1b: Volcarona|6/100|[from] item: Leftovers
|upkeep
|
|t:|1786054492
|switch|p1a: Victreebel|Victreebel, L50, F|100/100
|turn|8
|
|t:|1786054511
|detailschange|p1a: Victreebel|Victreebel-Mega, L50, F
|-mega|p1a: Victreebel|Victreebel|Victreebelite
|move|p2b: Scovillain|Rage Powder|p2b: Scovillain
|-singleturn|p2b: Scovillain|move: Rage Powder
|move|p1b: Volcarona|Heat Wave|p2b: Scovillain|[spread] p2a,p2b
|-resisted|p2a: Incineroar|1
|-damage|p2a: Incineroar|0 fnt
|-damage|p2b: Scovillain|13/100
|-immune|p1b: Volcarona
|faint|p2a: Incineroar
|move|p1a: Victreebel|Sludge Bomb|p2b: Scovillain
|-supereffective|p2b: Scovillain|1
|-damage|p2b: Scovillain|0 fnt
|-status|p1a: Victreebel|brn|[from] ability: Spicy Spray|[of] p2b: Scovillain
|faint|p2b: Scovillain
|
|-heal|p1b: Volcarona|12/100|[from] item: Leftovers
|-damage|p1a: Victreebel|94/100 brn|[from] brn
|upkeep
|
|t:|1786054518
|switch|p2a: Ninetales|Ninetales-Alola, L50, M, shiny|100/100
|-weather|Snowscape|[from] ability: Snow Warning|[of] p2a: Ninetales
|turn|9
|
|t:|1786054528
|move|p1b: Volcarona|Protect|p1b: Volcarona
|-singleturn|p1b: Volcarona|Protect
|move|p2a: Ninetales|Blizzard|p1b: Volcarona|[spread] p1a
|-activate|p1b: Volcarona|move: Protect
|-supereffective|p1a: Victreebel|1
|-damage|p1a: Victreebel|33/100 brn
|move|p1a: Victreebel|Sludge Bomb|p2a: Ninetales
|-supereffective|p2a: Ninetales|1
|-damage|p2a: Ninetales|0 fnt
|faint|p2a: Ninetales
|
|win|bearlover997
