|j|☆Caloteiros VGC
|j|☆MugiwaraLux
|html|Caloteiros VGCMugiwaraLux    
|uhtml|bestof|Game 1 of a best-of-3
|t:|1785877522
|gametype|doubles
|player|p1|Caloteiros VGC|morty|1234
|player|p2|MugiwaraLux|cynthia-masters4|1365
|gen|9
|tier|[Gen 9 Champions] VGC 2026 Reg M-B (Bo3)
|rated|
|rule|Species Clause: Limit one of each Pokémon
|rule|Item Clause: Limit 1 of each item
|clearpoke
|poke|p1|Raichu, L50, M|
|poke|p1|Sinistcha, L50|
|poke|p1|Incineroar, L50, F|
|poke|p1|Sylveon, L50, M|
|poke|p1|Hydreigon, L50, F|
|poke|p1|Metagross, L50|
|poke|p2|Garchomp, L50, M|
|poke|p2|Venusaur, L50, F|
|poke|p2|Incineroar, L50, F|
|poke|p2|Charizard, L50, M|
|poke|p2|Toxapex, L50, M|
|poke|p2|Annihilape, L50, F|
|teampreview|4
|showteam|p1|Raichu||RaichuniteY|LightningRod|ZapCannon,FocusBlast,FakeOut,Protect|Timid||M|||50|]Sinistcha||SitrusBerry|Hospitality|MatchaGotcha,RagePowder,TrickRoom,Protect|Bold|||||50|]Incineroar||ShucaBerry|Intimidate|FlareBlitz,DarkestLariat,PartingShot,FakeOut|Careful||F|||50|]Sylveon||FairyFeather|Pixilate|HyperVoice,Moonblast,CalmMind,Protect|Modest||M|||50|]Hydreigon||ChoiceScarf|Levitate|DracoMeteor,DarkPulse,EarthPower,Snarl|Modest||F|||50|]Metagross||Metagrossite|ClearBody|HardPress,BodyPress,PsychicFangs,Protect|Adamant|||||50|
|showteam|p2|Garchomp||ChoiceScarf|RoughSkin|Earthquake,RockSlide,DragonClaw,StompingTantrum|Adamant||M|||50|]Venusaur||LifeOrb|Chlorophyll|SludgeBomb,LeafStorm,EarthPower,Protect|Modest||F|||50|]Incineroar||SitrusBerry|Intimidate|FakeOut,FlareBlitz,ThroatChop,PartingShot|Impish||F|||50|]Charizard||CharizarditeY|Blaze|HeatWave,WeatherBall,Protect,HelpingHand|Modest||M|||50|]Toxapex||Leftovers|Regenerator|Infestation,Toxic,WideGuard,BanefulBunker|Impish||M|||50|]Annihilape||FocusSash|Defiant|CloseCombat,PhantomForce,RockTomb,Protect|Jolly||F|||50|
|inactive|Battle timer is ON: inactive players will automatically lose when time's up. (requested by MugiwaraLux)
|inactive|Caloteiros VGC also wants the timer to be on.
|inactive|Caloteiros VGC has 60 seconds left.
|inactive|MugiwaraLux has 60 seconds left.
|
|t:|1785877570
|teamsize|p1|4
|teamsize|p2|4
|start
|switch|p1a: Raichu|Raichu, L50, M|100/100
|switch|p1b: Hydreigon|Hydreigon, L50, F|100/100
|switch|p2a: Garchomp|Garchomp, L50, M|100/100
|switch|p2b: Annihilape|Annihilape, L50, F|100/100
|turn|1
|inactive|Caloteiros VGC has 30 seconds left.
|
|t:|1785877597
|switch|p2a: Venusaur|Venusaur, L50, F|100/100
|switch|p1b: Incineroar|Incineroar, L50, F|100/100
|-ability|p1b: Incineroar|Intimidate|boost
|-unboost|p2a: Venusaur|atk|1
|-unboost|p2b: Annihilape|atk|1
|-ability|p2b: Annihilape|Defiant|boost
|-boost|p2b: Annihilape|atk|2
|detailschange|p1a: Raichu|Raichu-Mega-Y, L50, M
|-mega|p1a: Raichu|Raichu|Raichunite Y
|move|p1a: Raichu|Zap Cannon|p2b: Annihilape
|-damage|p2b: Annihilape|39/100
|-status|p2b: Annihilape|par
|move|p2b: Annihilape|Close Combat|p1b: Incineroar
|-supereffective|p1b: Incineroar|1
|-damage|p1b: Incineroar|0 fnt
|-unboost|p2b: Annihilape|def|1
|-unboost|p2b: Annihilape|spd|1
|faint|p1b: Incineroar
|
|upkeep
|
|t:|1785877607
|switch|p1b: Hydreigon|Hydreigon, L50, F|100/100
|turn|2
|
|t:|1785877625
|move|p2a: Venusaur|Protect|p2a: Venusaur
|-singleturn|p2a: Venusaur|Protect
|move|p1b: Hydreigon|Dark Pulse|p2b: Annihilape
|-damage|p2b: Annihilape|0 fnt
|faint|p2b: Annihilape
|move|p1a: Raichu|Zap Cannon|p2a: Venusaur
|-activate|p2a: Venusaur|move: Protect
|
|upkeep
|
|t:|1785877633
|switch|p2b: Charizard|Charizard, L50, M|100/100
|turn|3
|inactive|Caloteiros VGC has 30 seconds left.
|inactive|Caloteiros VGC has 20 seconds left.
|
|t:|1785877672
|detailschange|p2b: Charizard|Charizard-Mega-Y, L50, M
|-mega|p2b: Charizard|Charizard|Charizardite Y
|-weather|SunnyDay|[from] ability: Drought|[of] p2b: Charizard
|move|p2b: Charizard|Helping Hand|p2a: Venusaur
|-singleturn|p2a: Venusaur|Helping Hand|[of] p2b: Charizard
|move|p1a: Raichu|Protect|p1a: Raichu
|-singleturn|p1a: Raichu|Protect
|move|p2a: Venusaur|Earth Power|p1a: Raichu
|-activate|p1a: Raichu|move: Protect
|move|p1b: Hydreigon|Dark Pulse|p2a: Venusaur
|-damage|p2a: Venusaur|50/100g
|
|-weather|SunnyDay|[upkeep]
|upkeep
|turn|4
|
|t:|1785877695
|move|p2a: Venusaur|Earth Power|p1a: Raichu
|-supereffective|p1a: Raichu|1
|-damage|p1a: Raichu|8/100
|-damage|p2a: Venusaur|41/100|[from] item: Life Orb
|move|p1b: Hydreigon|Dark Pulse|p2a: Venusaur
|-damage|p2a: Venusaur|0 fnt
|faint|p2a: Venusaur
|move|p1a: Raichu|Zap Cannon|p2b: Charizard
|-supereffective|p2b: Charizard|1
|-damage|p2b: Charizard|0 fnt
|faint|p2b: Charizard
|
|-weather|SunnyDay|[upkeep]
|upkeep
|
|t:|1785877700
|switch|p2b: Garchomp|Garchomp, L50, M|100/100
|turn|5
|
|t:|1785877708
|switch|p1b: Sylveon|Sylveon, L50, M|100/100
|move|p1a: Raichu|Protect|p1a: Raichu
|-singleturn|p1a: Raichu|Protect
|move|p2b: Garchomp|Rock Slide|p1b: Sylveon|[spread] p1b
|-activate|p1a: Raichu|move: Protect
|-damage|p1b: Sylveon|75/100
|
|-weather|SunnyDay|[upkeep]
|upkeep
|turn|6
|
|t:|1785877715
|switch|p1a: Hydreigon|Hydreigon, L50, F|100/100
|move|p2b: Garchomp|Rock Slide|p1b: Sylveon|[spread] p1a,p1b
|-damage|p1a: Hydreigon|76/100
|-damage|p1b: Sylveon|49/100
|cant|p1b: Sylveon|flinch
|
|-weather|SunnyDay|[upkeep]
|upkeep
|turn|7
|
|t:|1785877720
|move|p2b: Garchomp|Rock Slide|p1b: Sylveon|[spread] p1a,p1b
|-damage|p1a: Hydreigon|50/100g
|-damage|p1b: Sylveon|23/100
|move|p1a: Hydreigon|Draco Meteor|p2b: Garchomp|[miss]
|-miss|p1a: Hydreigon|p2b: Garchomp
|cant|p1b: Sylveon|flinch
|
|-weather|none
|upkeep
|turn|8
|
|t:|1785877724
|move|p2b: Garchomp|Rock Slide|p1b: Sylveon|[spread] p1a,p1b
|-damage|p1a: Hydreigon|26/100
|-damage|p1b: Sylveon|0 fnt
|faint|p1b: Sylveon
|move|p1a: Hydreigon|Draco Meteor|p2b: Garchomp
|-supereffective|p2b: Garchomp|1
|-damage|p2b: Garchomp|0 fnt
|-unboost|p1a: Hydreigon|spa|2
|faint|p2b: Garchomp
|
|win|Caloteiros VGC
||MugiwaraLux is ready for game 2.
||Caloteiros VGC is ready for game 2.
|uhtml|next|Next: Game 2 of 3
