|j|☆CaratroncoSun
|j|☆AzureTheTimeblind
|html|CaratroncoSunAzureTheTimeblind    
|uhtml|bestof|Game 2 of a best-of-3
|t:|1782228028
|gametype|doubles
|player|p1|CaratroncoSun|juan|1174
|player|p2|AzureTheTimeblind|2|1126
|gen|9
|tier|[Gen 9 Champions] VGC 2026 Reg M-B (Bo3)
|rated|
|rule|Species Clause: Limit one of each Pokémon
|rule|Item Clause: Limit 1 of each item
|clearpoke
|poke|p1|Overqwil, L50, F, shiny|
|poke|p1|Swampert, L50, F|
|poke|p1|Pelipper, L50, F|
|poke|p1|Metagross, L50, shiny|
|poke|p1|Sneasler, L50, F|
|poke|p1|Sinistcha-Masterpiece, L50|
|poke|p2|Metagross, L50|
|poke|p2|Floette-Eternal, L50, F|
|poke|p2|Ninetales-Alola, L50, M|
|poke|p2|Blaziken, L50, M|
|poke|p2|Milotic, L50, M|
|poke|p2|Whimsicott, L50, F|
|teampreview|4
|showteam|p1|Overqwil||LifeOrb|SwiftSwim|Protect,PoisonJab,ThroatChop,Liquidation|Adamant||F|||50|]Swampert||Swampertite|Damp|Protect,WaveCrash,HighHorsepower,IcePunch|Adamant||F|||50|]Pelipper||FocusSash|Drizzle|Protect,Tailwind,Hurricane,WeatherBall|Modest||F|||50|]Metagross||Metagrossite|ClearBody|Protect,PsychicFangs,MeteorMash,IcePunch|Jolly|||||50|]Sneasler||WhiteHerb|Unburden|Coaching,FakeOut,DireClaw,CloseCombat|Jolly||F|||50|]Sinistcha-Masterpiece||SitrusBerry|Hospitality|MatchaGotcha,TrickRoom,LifeDew,RagePowder|Bold|||||50|
|showteam|p2|Metagross||Metagrossite|ClearBody|IronHead,PsychicFangs,ThunderPunch,Protect|Adamant|||||50|]Floette-Eternal||Floettite|FlowerVeil|Moonblast,LightofRuin,DazzlingGleam,Protect|Modest||F|||50|]Ninetales-Alola||SitrusBerry|SnowWarning|Blizzard,FreezeDry,AuroraVeil,Protect|Timid||M|||50|]Blaziken||FocusSash|SpeedBoost|HeatWave,CloseCombat,Coaching,Protect|Mild||M|||50|]Milotic||Leftovers|Competitive|MuddyWater,Scald,HelpingHand,Protect|Calm||M|||50|]Whimsicott||FairyFeather|Prankster|EnergyBall,Moonblast,Tailwind,Protect|Timid||F|||50|
|
|t:|1782228071
|teamsize|p1|4
|teamsize|p2|4
|start
|switch|p1a: Swampert|Swampert, L50, F|100/100
|switch|p1b: Sneasler|Sneasler, L50, F|100/100
|switch|p2a: Floette|Floette-Eternal, L50, F|100/100
|switch|p2b: Whimsicott|Whimsicott, L50, F|100/100
|turn|1
|
|t:|1782228105
|detailschange|p2a: Floette|Floette-Mega, L50, F
|-mega|p2a: Floette|Floette|Floettite
|-ability|p2a: Floette|Fairy Aura
|detailschange|p1a: Swampert|Swampert-Mega, L50, F
|-mega|p1a: Swampert|Swampert|Swampertite
|move|p1b: Sneasler|Coaching|p1a: Swampert
|-boost|p1a: Swampert|atk|1
|-boost|p1a: Swampert|def|1
|move|p2b: Whimsicott|Energy Ball|p1a: Swampert
|-supereffective|p1a: Swampert|2
|-damage|p1a: Swampert|4/100
|move|p1a: Swampert|Ice Punch|p2b: Whimsicott
|-supereffective|p2b: Whimsicott|1
|-crit|p2b: Whimsicott
|-damage|p2b: Whimsicott|0 fnt
|faint|p2b: Whimsicott
|move|p2a: Floette|Dazzling Gleam|p1a: Swampert|[spread] p1a,p1b
|-damage|p1a: Swampert|0 fnt
|-damage|p1b: Sneasler|42/100
|faint|p1a: Swampert
|
|upkeep
|
|t:|1782228136
|switch|p2b: Metagross|Metagross, L50|100/100
|switch|p1a: Overqwil|Overqwil, L50, F, shiny|100/100
|turn|2
|
|t:|1782228169
|move|p2a: Floette|Protect|p2a: Floette
|-singleturn|p2a: Floette|Protect
|move|p1b: Sneasler|Coaching|p1a: Overqwil
|-boost|p1a: Overqwil|atk|1
|-boost|p1a: Overqwil|def|1
|move|p1a: Overqwil|Poison Jab|p2a: Floette
|-activate|p2a: Floette|move: Protect
|move|p2b: Metagross|Psychic Fangs|p1b: Sneasler
|-supereffective|p1b: Sneasler|2
|-damage|p1b: Sneasler|0 fnt
|faint|p1b: Sneasler
|
|upkeep
|
|t:|1782228181
|switch|p1b: Pelipper|Pelipper, L50, F|100/100
|-weather|RainDance|[from] ability: Drizzle|[of] p1b: Pelipper
|turn|3
|
|t:|1782228195
|switch|p2a: Ninetales|Ninetales-Alola, L50, M|100/100
|-weather|Snowscape|[from] ability: Snow Warning|[of] p2a: Ninetales
|move|p1a: Overqwil|Poison Jab|p2a: Ninetales
|-supereffective|p2a: Ninetales|1
|-damage|p2a: Ninetales|0 fnt
|faint|p2a: Ninetales
|-damage|p1a: Overqwil|90/100|[from] item: Life Orb
|move|p1b: Pelipper|Tailwind|p1b: Pelipper
|-sidestart|p1: CaratroncoSun|move: Tailwind
|move|p2b: Metagross|Thunder Punch|p1b: Pelipper
|-supereffective|p1b: Pelipper|2
|-enditem|p1b: Pelipper|Focus Sash
|-damage|p1b: Pelipper|1/100
|
|-weather|Snowscape|[upkeep]
|upkeep
|
|t:|1782228210
|switch|p2a: Floette|Floette-Mega, L50, F|100/100
|-ability|p2a: Floette|Fairy Aura
|turn|4
|
|t:|1782228221
|move|p1a: Overqwil|Protect|p1a: Overqwil
|-singleturn|p1a: Overqwil|Protect
|move|p1b: Pelipper|Protect|p1b: Pelipper
|-singleturn|p1b: Pelipper|Protect
|move|p2a: Floette|Protect|p2a: Floette
|-singleturn|p2a: Floette|Protect
|move|p2b: Metagross|Iron Head|p1a: Overqwil
|-activate|p1a: Overqwil|move: Protect
|
|-weather|Snowscape|[upkeep]
|upkeep
|turn|5
|
|t:|1782228234
|move|p2a: Floette|Protect||[still]
|-fail|p2a: Floette
|move|p1a: Overqwil|Poison Jab|p2a: Floette
|-supereffective|p2a: Floette|1
|-damage|p2a: Floette|0 fnt
|faint|p2a: Floette
|-damage|p1a: Overqwil|80/100|[from] item: Life Orb
|move|p1b: Pelipper|Weather Ball|p2b: Metagross
|-resisted|p2b: Metagross|1
|-damage|p2b: Metagross|82/100
|move|p2b: Metagross|Iron Head|p1a: Overqwil
|-damage|p1a: Overqwil|45/100
|
|-weather|Snowscape|[upkeep]
|upkeep
|turn|6
|
|t:|1782228255
|move|p2b: Metagross|Protect|p2b: Metagross
|-singleturn|p2b: Metagross|Protect
|move|p1a: Overqwil|Throat Chop|p2b: Metagross
|-activate|p2b: Metagross|move: Protect
|move|p1b: Pelipper|Weather Ball|p2b: Metagross
|-activate|p2b: Metagross|move: Protect
|
|-weather|Snowscape|[upkeep]
|-sideend|p1: CaratroncoSun|move: Tailwind
|upkeep
|turn|7
|
|t:|1782228267
|move|p1a: Overqwil|Throat Chop|p2b: Metagross
|-supereffective|p2b: Metagross|1
|-damage|p2b: Metagross|0 fnt
|faint|p2b: Metagross
|-damage|p1a: Overqwil|35/100|[from] item: Life Orb
|
|win|CaratroncoSun
