|j|☆Sizzle2466
|j|☆Jackbouncy
|html|Sizzle2466Jackbouncy    
|uhtml|bestof|Game 1 of a best-of-3
|t:|1757795856
|gametype|doubles
|player|p1|Sizzle2466|2|1047
|player|p2|Jackbouncy|ruinmaniac|1136
|gen|9
|tier|[Gen 9] VGC 2025 Reg H (Bo3)
|rated|
|rule|Species Clause: Limit one of each Pokémon
|rule|Item Clause: Limit 1 of each item
|clearpoke
|poke|p1|Galvantula, L50, F|
|poke|p1|Incineroar, L50, M|
|poke|p1|Amoonguss, L50, M|
|poke|p1|Gholdengo, L50|
|poke|p1|Palafin, L50, M|
|poke|p1|Flamigo, L50, M|
|poke|p2|Maushold-Four, L50|
|poke|p2|Sinistcha-Masterpiece, L50|
|poke|p2|Annihilape, L50, M|
|poke|p2|Gholdengo, L50|
|poke|p2|Basculegion, L50, M|
|poke|p2|Incineroar, L50, M|
|teampreview|4
|showteam|p1|Galvantula||AssaultVest|CompoundEyes|Electroweb,BugBuzz,Thunderbolt,VoltSwitch|||F|||50|,,,,,Electric]Incineroar||SafetyGoggles|Intimidate|FakeOut,FlareBlitz,KnockOff,PartingShot|||M|||50|,,,,,Ghost]Amoonguss||CovertCloak|Regenerator|Spore,RagePowder,SludgeBomb,PollenPuff|||M|||50|,,,,,Ghost]Gholdengo||SitrusBerry|GoodasGold|NastyPlot,MakeItRain,ShadowBall,Protect||||||50|,,,,,Dragon]Palafin||MysticWater|ZerotoHero|JetPunch,WaveCrash,Protect,FlipTurn|||M|||50|,,,,,Water]Flamigo||LifeOrb|Scrappy|BraveBird,CloseCombat,Detect,Tailwind|||M|||50|,,,,,Stellar
|showteam|p2|Maushold-Four||FocusSash|FriendGuard|BeatUp,FollowMe,Taunt,Protect||||||50|,,,,,Ghost]Sinistcha-Masterpiece||SitrusBerry|Hospitality|MatchaGotcha,RagePowder,Protect,TrickRoom||||||50|,,,,,Dark]Annihilape||Leftovers|Defiant|RageFist,DrainPunch,Protect,BulkUp|||M|||50|,,,,,Steel]Gholdengo||IronPlate|GoodasGold|MakeItRain,NastyPlot,Protect,ShadowBall||||||50|,,,,,Water]Basculegion||ChoiceScarf|Adaptability|WaveCrash,LastRespects,FlipTurn,Crunch|||M|||50|,,,,,Water]Incineroar||AssaultVest|Intimidate|FakeOut,FlareBlitz,KnockOff,Uturn|||M|||50|,,,,,Ghost
|
|t:|1757795930
|teamsize|p1|4
|teamsize|p2|4
|start
|switch|p1a: Galvantula|Galvantula, L50, F|100/100
|switch|p1b: Incineroar|Incineroar, L50, M|100/100
|switch|p2a: Maushold|Maushold-Four, L50|100/100
|switch|p2b: Annihilape|Annihilape, L50, M|100/100
|-ability|p1b: Incineroar|Intimidate|boost
|-unboost|p2a: Maushold|atk|1
|-unboost|p2b: Annihilape|atk|1
|-ability|p2b: Annihilape|Defiant|boost
|-boost|p2b: Annihilape|atk|2
|turn|1
|inactive|Battle timer is ON: inactive players will automatically lose when time's up. (requested by Jackbouncy)
|
|t:|1757795961
|-terastallize|p2a: Maushold|Ghost
|move|p1a: Galvantula|Electroweb|p2a: Maushold|[spread] p2a,p2b
|-damage|p2a: Maushold|85/100
|-damage|p2b: Annihilape|89/100
|-unboost|p2a: Maushold|spe|1
|-unboost|p2b: Annihilape|spe|1
|-ability|p2b: Annihilape|Defiant|boost
|-boost|p2b: Annihilape|atk|2
|move|p1b: Incineroar|Flare Blitz|p2a: Maushold
|-damage|p2a: Maushold|32/100
|-damage|p1b: Incineroar|85/100|[from] Recoil
|move|p2a: Maushold|Beat Up|p2b: Annihilape
|-damage|p2b: Annihilape|88/100
|-damage|p2b: Annihilape|87/100
|-damage|p2b: Annihilape|85/100
|-damage|p2b: Annihilape|84/100
|-hitcount|p2b: Annihilape|4
|move|p2b: Annihilape|Rage Fist|p1a: Galvantula
|-damage|p1a: Galvantula|0 fnt
|faint|p1a: Galvantula
|
|-heal|p2b: Annihilape|90/100|[from] item: Leftovers
|upkeep
|inactive|Sizzle2466 has 30 seconds left.
|
|t:|1757795987
|switch|p1a: Gholdengo|Gholdengo, L50|100/100
|turn|2
|inactive|Jackbouncy has 30 seconds left.
|
|t:|1757796016
|switch|p2a: Incineroar|Incineroar, L50, M|100/100
|-ability|p2a: Incineroar|Intimidate|boost
|-unboost|p1a: Gholdengo|atk|1
|-unboost|p1b: Incineroar|atk|1
|move|p1a: Gholdengo|Protect|p1a: Gholdengo
|-singleturn|p1a: Gholdengo|Protect
|move|p1b: Incineroar|Knock Off|p2a: Incineroar
|-resisted|p2a: Incineroar
|-damage|p2a: Incineroar|89/100
|-enditem|p2a: Incineroar|Assault Vest|[from] move: Knock Off|[of] p1b: Incineroar
|move|p2b: Annihilape|Rage Fist|p1a: Gholdengo
|-activate|p1a: Gholdengo|move: Protect
|
|-heal|p2b: Annihilape|96/100|[from] item: Leftovers
|upkeep
|turn|3
|inactive|Jackbouncy has 30 seconds left.
|
|t:|1757796043
|switch|p2a: Maushold|Maushold-Four, L50, tera:Ghost|32/100
|move|p1a: Gholdengo|Shadow Ball|p2b: Annihilape
|-supereffective|p2b: Annihilape
|-damage|p2b: Annihilape|33/100
|-unboost|p2b: Annihilape|spd|1
|-ability|p2b: Annihilape|Defiant|boost
|-boost|p2b: Annihilape|atk|2
|move|p1b: Incineroar|Flare Blitz|p2b: Annihilape
|-damage|p2b: Annihilape|8/100
|-status|p2b: Annihilape|brn
|-damage|p1b: Incineroar|77/100|[from] Recoil
|move|p2b: Annihilape|Rage Fist|p1a: Gholdengo
|-supereffective|p1a: Gholdengo
|-damage|p1a: Gholdengo|0 fnt
|faint|p1a: Gholdengo
|
|-heal|p2b: Annihilape|14/100 brn|[from] item: Leftovers
|-damage|p2b: Annihilape|8/100 brn|[from] brn
|upkeep
|
|t:|1757796062
|switch|p1a: Amoonguss|Amoonguss, L50, M|100/100
|turn|4
|
|t:|1757796074
|move|p2a: Maushold|Taunt|p1a: Amoonguss
|-start|p1a: Amoonguss|move: Taunt
|move|p1b: Incineroar|Knock Off|p2a: Maushold
|-supereffective|p2a: Maushold
|-damage|p2a: Maushold|0 fnt
|-enditem|p2a: Maushold|Focus Sash|[from] move: Knock Off|[of] p1b: Incineroar
|faint|p2a: Maushold
|move|p2b: Annihilape|Drain Punch|p1b: Incineroar
|-supereffective|p1b: Incineroar
|-damage|p1b: Incineroar|0 fnt
|-heal|p2b: Annihilape|47/100 brn|[from] drain|[of] p1b: Incineroar
|faint|p1b: Incineroar
|move|p1a: Amoonguss|Sludge Bomb|p2b: Annihilape
|-resisted|p2b: Annihilape
|-damage|p2b: Annihilape|24/100 brn
|
|-heal|p2b: Annihilape|30/100 brn|[from] item: Leftovers
|-damage|p2b: Annihilape|24/100 brn|[from] brn
|upkeep
|
|t:|1757796091
|switch|p2a: Incineroar|Incineroar, L50, M|89/100
|-ability|p2a: Incineroar|Intimidate|boost
|-unboost|p1a: Amoonguss|atk|1
|turn|5
|-message|Sizzle2466 forfeited.
|
|win|Jackbouncy
||Sizzle2466 is ready for game 2.
||Jackbouncy is ready for game 2.
|uhtml|next|Next: Game 2 of 3
|l|☆Jackbouncy
|player|p2|
|l|☆Sizzle2466
|player|p1|
|j|☆Sizzle2466
|player|p1|Sizzle2466|2|
