|j|☆milkandcereals
|j|☆Pawah
|html|milkandcerealsPawah    
|uhtml|bestof|Game 1 of a best-of-3
|t:|1756651859
|gametype|doubles
|player|p1|milkandcereals|blue|
|player|p2|Pawah|ethan|
|gen|9
|tier|[Gen 9] VGC 2025 Reg H (Bo3)
|rule|Species Clause: Limit one of each Pokémon
|rule|Item Clause: Limit 1 of each item
|clearpoke
|poke|p1|Porygon2, L50|
|poke|p1|Rillaboom, L50, F|
|poke|p1|Ursaluna, L50, F|
|poke|p1|Jumpluff, L50, F|
|poke|p1|Charizard, L50, F|
|poke|p1|Torkoal, L50, M|
|poke|p2|Ursaluna, L50, F|
|poke|p2|Sinistcha, L50|
|poke|p2|Pelipper, L50, F|
|poke|p2|Archaludon, L50, M|
|poke|p2|Gholdengo, L50|
|poke|p2|Dragonite, L50, F|
|teampreview|4
|showteam|p1|Porygon2||Eviolite|Download|TeraBlast,IceBeam,TrickRoom,Recover||||||50|,,,,,Fighting]Rillaboom||AssaultVest|GrassySurge|FakeOut,GrassyGlide,WoodHammer,HighHorsepower|||F|||50|,,,,,Water]Ursaluna||FlameOrb|Guts|Protect,Facade,Earthquake,HeadlongRush|||F|||50|,,,,,Ghost]Jumpluff||CovertCloak|Chlorophyll|SleepPowder,SunnyDay,Tailwind,RagePowder|||F|||50|,,,,,Fire]Charizard||ChoiceSpecs|SolarPower|HeatWave,Overheat,WeatherBall,DragonPulse|||F|||50|,,,,,Ghost]Torkoal||EjectPack|Drought|Overheat,Eruption,HelpingHand,Protect|||M|||50|,,,,,Fire
|showteam|p2|Ursaluna||FlameOrb|Guts|HeadlongRush,Facade,Protect,Earthquake|||F|||50|,,,,,Ghost]Sinistcha||SitrusBerry|Hospitality|RagePowder,TrickRoom,LifeDew,MatchaGotcha||||||50|,,,,,Dark]Pelipper||FocusSash|Drizzle|Hurricane,Protect,WeatherBall,WideGuard|||F|||50|,,,,,Ghost]Archaludon||AssaultVest|Stamina|ElectroShot,FlashCannon,BodyPress,DracoMeteor|||M|||50|,,,,,Bug]Gholdengo||LifeOrb|GoodasGold|MakeItRain,ShadowBall,NastyPlot,Protect||||||50|,,,,,Water]Dragonite||LoadedDice|Multiscale|Protect,ScaleShot,Tailwind,Haze|||F|||50|,,,,,Fairy
|inactive|Battle timer is ON: inactive players will automatically lose when time's up. (requested by Pawah)
|c|☆milkandcereals|glhf
|c|☆Pawah|glhf!
|inactive|milkandcereals has 60 seconds left.
|inactive|Pawah has 60 seconds left.
|inactive|milkandcereals has 30 seconds left.
|inactive|milkandcereals has 20 seconds left.
|inactive|milkandcereals has 15 seconds left.
|inactive|milkandcereals has 10 seconds left.
|inactive|milkandcereals has 5 seconds left.
|
|t:|1756651947
|teamsize|p1|4
|teamsize|p2|4
|start
|switch|p1a: Porygon2|Porygon2, L50|100/100
|switch|p1b: Ursaluna|Ursaluna, L50, F|100/100
|switch|p2a: Gholdengo|Gholdengo, L50|100/100
|switch|p2b: Dragonite|Dragonite, L50, F|100/100
|-ability|p1a: Porygon2|Download|boost
|-boost|p1a: Porygon2|spa|1
|turn|1
|inactive|milkandcereals has 30 seconds left.
|
|t:|1756651978
|move|p2a: Gholdengo|Make It Rain|p1a: Porygon2|[spread] p1a,p1b
|-damage|p1a: Porygon2|64/100
|-damage|p1b: Ursaluna|37/100
|-unboost|p2a: Gholdengo|spa|1
|-damage|p2a: Gholdengo|91/100|[from] item: Life Orb
|move|p2b: Dragonite|Scale Shot|p1a: Porygon2
|-damage|p1a: Porygon2|54/100
|-damage|p1a: Porygon2|44/100
|-damage|p1a: Porygon2|35/100
|-crit|p1a: Porygon2
|-damage|p1a: Porygon2|20/100
|-hitcount|p1a: Porygon2|4
|-unboost|p2b: Dragonite|def|1
|-boost|p2b: Dragonite|spe|1
|move|p1b: Ursaluna|Headlong Rush|p2a: Gholdengo
|-supereffective|p2a: Gholdengo
|-damage|p2a: Gholdengo|0 fnt
|-unboost|p1b: Ursaluna|def|1
|-unboost|p1b: Ursaluna|spd|1
|faint|p2a: Gholdengo
|move|p1a: Porygon2|Trick Room|p1a: Porygon2
|-fieldstart|move: Trick Room|[of] p1a: Porygon2
|
|-status|p1b: Ursaluna|brn|[from] item: Flame Orb
|upkeep
|
|t:|1756651995
|switch|p2a: Ursaluna|Ursaluna, L50, F|100/100
|turn|2
|inactive|milkandcereals has 30 seconds left.
|inactive|Pawah has 30 seconds left.
|inactive|milkandcereals has 20 seconds left.
|inactive|milkandcereals has 15 seconds left.
|inactive|milkandcereals has 10 seconds left.
|
|t:|1756652044
|switch|p1a: Rillaboom|Rillaboom, L50, F|100/100
|-fieldstart|move: Grassy Terrain|[from] ability: Grassy Surge|[of] p1a: Rillaboom
|switch|p1b: Torkoal|Torkoal, L50, M|100/100
|-weather|SunnyDay|[from] ability: Drought|[of] p1b: Torkoal
|move|p2a: Ursaluna|Earthquake|p1b: Torkoal|[spread] p1a,p1b
|-immune|p2b: Dragonite
|-resisted|p1a: Rillaboom
|-supereffective|p1b: Torkoal
|-damage|p1a: Rillaboom|90/100
|-damage|p1b: Torkoal|66/100
|move|p2b: Dragonite|Scale Shot|p1a: Rillaboom
|-damage|p1a: Rillaboom|77/100
|-damage|p1a: Rillaboom|64/100
|-damage|p1a: Rillaboom|49/100
|-damage|p1a: Rillaboom|34/100
|-damage|p1a: Rillaboom|19/100
|-hitcount|p1a: Rillaboom|5
|-unboost|p2b: Dragonite|def|1
|-boost|p2b: Dragonite|spe|1
|
|-weather|SunnyDay|[upkeep]
|-heal|p1b: Torkoal|72/100|[from] Grassy Terrain
|-heal|p1a: Rillaboom|25/100|[from] Grassy Terrain
|-status|p2a: Ursaluna|brn|[from] item: Flame Orb
|upkeep
|turn|3
|inactive|milkandcereals has 30 seconds left.
|inactive|Pawah has 30 seconds left.
|inactive|milkandcereals has 20 seconds left.
|inactive|Pawah has 20 seconds left.
|inactive|milkandcereals has 15 seconds left.
|inactive|Pawah has 15 seconds left.
|inactive|milkandcereals has 10 seconds left.
|inactive|milkandcereals has 5 seconds left.
|
|t:|1756652095
|switch|p2b: Pelipper|Pelipper, L50, F|100/100
|-weather|RainDance|[from] ability: Drizzle|[of] p2b: Pelipper
|-terastallize|p2a: Ursaluna|Ghost
|move|p1a: Rillaboom|Grassy Glide|p2a: Ursaluna
|-damage|p2a: Ursaluna|73/100 brn
|move|p1b: Torkoal|Overheat|p2a: Ursaluna
|-crit|p2a: Ursaluna
|-damage|p2a: Ursaluna|40/100 brn
|-unboost|p1b: Torkoal|spa|2
|-enditem|p1b: Torkoal|Eject Pack
|inactive|milkandcereals has 30 seconds left.
|
|t:|1756652123
|switch|p1b: Ursaluna|Ursaluna, L50, F|37/100 brn
|move|p2a: Ursaluna|Facade|p1a: Rillaboom
|-damage|p1a: Rillaboom|0 fnt
|faint|p1a: Rillaboom
|
|-weather|RainDance|[upkeep]
|-heal|p2a: Ursaluna|46/100 brn|[from] Grassy Terrain
|-heal|p1b: Ursaluna|43/100 brn|[from] Grassy Terrain
|-damage|p2a: Ursaluna|40/100 brn|[from] brn
|-damage|p1b: Ursaluna|37/100 brn|[from] brn
|upkeep
|
|t:|1756652130
|switch|p1a: Torkoal|Torkoal, L50, M|72/100
|-weather|SunnyDay|[from] ability: Drought|[of] p1a: Torkoal
|turn|4
|inactive|milkandcereals has 30 seconds left.
|inactive|Pawah has 30 seconds left.
|
|t:|1756652165
|move|p2a: Ursaluna|Protect|p2a: Ursaluna
|-singleturn|p2a: Ursaluna|Protect
|move|p1a: Torkoal|Overheat|p2a: Ursaluna
|-activate|p2a: Ursaluna|move: Protect
|move|p1b: Ursaluna|Facade|p2b: Pelipper
|-enditem|p2b: Pelipper|Focus Sash
|-damage|p2b: Pelipper|1/100
|move|p2b: Pelipper|Weather Ball|p1b: Ursaluna
|-damage|p1b: Ursaluna|0 fnt
|faint|p1b: Ursaluna
|
|-weather|SunnyDay|[upkeep]
|-heal|p1a: Torkoal|78/100|[from] Grassy Terrain
|-heal|p2a: Ursaluna|46/100 brn|[from] Grassy Terrain
|-damage|p2a: Ursaluna|40/100 brn|[from] brn
|upkeep
|
|t:|1756652175
|switch|p1b: Porygon2|Porygon2, L50|20/100
|-ability|p1b: Porygon2|Download|boost
|-boost|p1b: Porygon2|spa|1
|turn|5
|
|t:|1756652191
|move|p2b: Pelipper|Protect|p2b: Pelipper
|-singleturn|p2b: Pelipper|Protect
|move|p1a: Torkoal|Overheat|p2a: Ursaluna
|-damage|p2a: Ursaluna|0 fnt
|-unboost|p1a: Torkoal|spa|2
|faint|p2a: Ursaluna
|move|p1b: Porygon2|Recover|p1b: Porygon2
|-heal|p1b: Porygon2|70/100
|
|-weather|SunnyDay|[upkeep]
|-heal|p1a: Torkoal|83/100|[from] Grassy Terrain
|-heal|p1b: Porygon2|77/100|[from] Grassy Terrain
|-fieldend|move: Trick Room
|upkeep
|
|t:|1756652196
|switch|p2a: Dragonite|Dragonite, L50, F|100/100
|turn|6
|inactive|milkandcereals has 30 seconds left.
|inactive|milkandcereals has 20 seconds left.
|
|t:|1756652234
|move|p2a: Dragonite|Protect|p2a: Dragonite
|-singleturn|p2a: Dragonite|Protect
|move|p2b: Pelipper|Weather Ball|p1b: Porygon2
|-damage|p1b: Porygon2|45/100
|move|p1b: Porygon2|Recover|p1b: Porygon2
|-heal|p1b: Porygon2|95/100
|move|p1a: Torkoal|Eruption|p2b: Pelipper|[spread] p2b
|-activate|p2a: Dragonite|move: Protect
|-resisted|p2b: Pelipper
|-damage|p2b: Pelipper|0 fnt
|faint|p2b: Pelipper
|
|-weather|SunnyDay|[upkeep]
|-heal|p1b: Porygon2|100/100|[from] Grassy Terrain
|-heal|p1a: Torkoal|89/100|[from] Grassy Terrain
|-fieldend|move: Grassy Terrain
|upkeep
|turn|7
|
|t:|1756652253
|move|p2a: Dragonite|Scale Shot|p1b: Porygon2
|-damage|p1b: Porygon2|91/100
|-damage|p1b: Porygon2|81/100
|-damage|p1b: Porygon2|71/100
|-damage|p1b: Porygon2|61/100
|-hitcount|p1b: Porygon2|4
|-unboost|p2a: Dragonite|def|1
|-boost|p2a: Dragonite|spe|1
|move|p1b: Porygon2|Ice Beam|p2a: Dragonite
|-supereffective|p2a: Dragonite
|-damage|p2a: Dragonite|21/100
|move|p1a: Torkoal|Overheat|p2a: Dragonite
|-resisted|p2a: Dragonite
|-damage|p2a: Dragonite|2/100
|-unboost|p1a: Torkoal|spa|2
|
|-weather|SunnyDay|[upkeep]
|upkeep
|turn|8
|
|t:|1756652272
|move|p2a: Dragonite|Scale Shot|p1b: Porygon2
|-damage|p1b: Porygon2|52/100
|-damage|p1b: Porygon2|41/100
|-damage|p1b: Porygon2|31/100
|-damage|p1b: Porygon2|21/100
|-damage|p1b: Porygon2|11/100
|-hitcount|p1b: Porygon2|5
|-unboost|p2a: Dragonite|def|1
|-boost|p2a: Dragonite|spe|1
|move|p1b: Porygon2|Ice Beam|p2a: Dragonite
|-supereffective|p2a: Dragonite
|-damage|p2a: Dragonite|0 fnt
|faint|p2a: Dragonite
|
|win|milkandcereals
||Pawah is ready for game 2.
|inactive|milkandcereals has 30 seconds to confirm battle start!
