|j|☆Danielesqueda17
|j|☆chefbenboyrd
|html|Danielesqueda17chefbenboyrd    
|uhtml|bestof|Game 2 of a best-of-3
|t:|1756925914
|gametype|doubles
|player|p1|Danielesqueda17|bellelba|1079
|player|p2|chefbenboyrd|brawly|1106
|gen|9
|tier|[Gen 9] VGC 2025 Reg H (Bo3)
|rated|
|rule|Species Clause: Limit one of each Pokémon
|rule|Item Clause: Limit 1 of each item
|clearpoke
|poke|p1|Oricorio-Sensu, L50, M|
|poke|p1|Volcarona, L50, M|
|poke|p1|Braviary-Hisui, L50, M|
|poke|p1|Indeedee-F, L50, F|
|poke|p1|Sneasler, L50, F|
|poke|p1|Magmar, L50, M|
|poke|p2|Whimsicott, L50, F|
|poke|p2|Hydreigon, L50, F|
|poke|p2|Grimmsnarl, L50, M|
|poke|p2|Incineroar, L50, M|
|poke|p2|Gholdengo, L50|
|poke|p2|Annihilape, L50, M|
|teampreview|4
|showteam|p1|Oricorio-Sensu||FocusSash|Dancer|RevelationDance,Hurricane,Protect,QuiverDance|||M|||50|,,,,,Fighting]Volcarona||CovertCloak|FlameBody|QuiverDance,Protect,FieryDance,RagePowder|||M|||50|,,,,,Water]Braviary-Hisui||LifeOrb|SheerForce|PsychUp,EsperWing,Hurricane,Protect|||M|||50|,,,,,Dark]Indeedee-F||RockyHelmet|PsychicSurge|FollowMe,HelpingHand,Psychic,Protect|||F|||50|,,,,,Fairy]Sneasler||PsychicSeed|Unburden|FakeOut,DireClaw,CloseCombat,Protect|||F|||50|,,,,,Dark]Magmar||Eviolite|FlameBody|FollowMe,WillOWisp,ClearSmog,HelpingHand|||M|||50|,,,,,Water
|showteam|p2|Whimsicott||FocusSash|Prankster|SunnyDay,Encore,Tailwind,Moonblast|||F|||50|,,,,,Ghost]Hydreigon||ChoiceSpecs|Levitate|HeatWave,DracoMeteor,Snarl,DarkPulse|||F|||50|,,,,,Fire]Grimmsnarl||LightClay|Prankster|SpiritBreak,Reflect,LightScreen,ThunderWave|||M|||50|,,,,,Steel]Incineroar||SafetyGoggles|Intimidate|KnockOff,FakeOut,PartingShot,FlareBlitz|||M|||50|,,,,,Ghost]Gholdengo||LifeOrb|GoodasGold|Protect,MakeItRain,ShadowBall,NastyPlot||||||50|,,,,,Water]Annihilape||SitrusBerry|Defiant|Protect,Taunt,RageFist,DrainPunch|||M|||50|,,,,,Fairy
|inactive|Battle timer is ON: inactive players will automatically lose when time's up. (requested by Danielesqueda17)
|
|t:|1756925934
|teamsize|p1|4
|teamsize|p2|4
|start
|switch|p1a: Volcarona|Volcarona, L50, M|100/100
|switch|p1b: Oricorio|Oricorio-Sensu, L50, M|100/100
|switch|p2a: Incineroar|Incineroar, L50, M|100/100
|switch|p2b: Hydreigon|Hydreigon, L50, F|100/100
|-ability|p2a: Incineroar|Intimidate|boost
|-unboost|p1a: Volcarona|atk|1
|-unboost|p1b: Oricorio|atk|1
|turn|1
|
|t:|1756925949
|-terastallize|p2b: Hydreigon|Fire
|move|p1a: Volcarona|Protect|p1a: Volcarona
|-singleturn|p1a: Volcarona|Protect
|move|p2a: Incineroar|Fake Out|p1b: Oricorio
|-immune|p1b: Oricorio
|move|p1b: Oricorio|Quiver Dance|p1b: Oricorio
|-boost|p1b: Oricorio|spa|1
|-boost|p1b: Oricorio|spd|1
|-boost|p1b: Oricorio|spe|1
|move|p2b: Hydreigon|Heat Wave|p1b: Oricorio|[spread] p1b
|-activate|p1a: Volcarona|move: Protect
|-damage|p1b: Oricorio|35/100
|
|upkeep
|turn|2
|
|t:|1756925966
|move|p1b: Oricorio|Protect|p1b: Oricorio
|-singleturn|p1b: Oricorio|Protect
|move|p1a: Volcarona|Quiver Dance|p1a: Volcarona
|-boost|p1a: Volcarona|spa|1
|-boost|p1a: Volcarona|spd|1
|-boost|p1a: Volcarona|spe|1
|-activate|p1b: Oricorio|ability: Dancer
|move|p1b: Oricorio|Quiver Dance|p1b: Oricorio|[from] ability: Dancer
|-boost|p1b: Oricorio|spa|1
|-boost|p1b: Oricorio|spd|1
|-boost|p1b: Oricorio|spe|1
|move|p2b: Hydreigon|Heat Wave|p1a: Volcarona|[spread] p1a
|-activate|p1b: Oricorio|move: Protect
|-damage|p1a: Volcarona|58/100
|move|p2a: Incineroar|Flare Blitz|p1a: Volcarona
|-damage|p1a: Volcarona|0 fnt
|faint|p1a: Volcarona
|-damage|p2a: Incineroar|86/100|[from] Recoil
|
|upkeep
|
|t:|1756925976
|switch|p1a: Sneasler|Sneasler, L50, F, shiny|100/100
|turn|3
|
|t:|1756925989
|switch|p2a: Gholdengo|Gholdengo, L50|100/100
|move|p1a: Sneasler|Fake Out|p2b: Hydreigon
|-damage|p2b: Hydreigon|81/100
|move|p1b: Oricorio|Revelation Dance|p2a: Gholdengo
|-supereffective|p2a: Gholdengo
|-damage|p2a: Gholdengo|0 fnt
|faint|p2a: Gholdengo
|cant|p2b: Hydreigon|flinch
|
|upkeep
|
|t:|1756925999
|switch|p2a: Incineroar|Incineroar, L50, M|86/100
|-ability|p2a: Incineroar|Intimidate|boost
|-unboost|p1a: Sneasler|atk|1
|-unboost|p1b: Oricorio|atk|1
|turn|4
|
|t:|1756926004
|switch|p1a: Magmar|Magmar, L50, M|100/100
|move|p1b: Oricorio|Protect|p1b: Oricorio
|-singleturn|p1b: Oricorio|Protect
|move|p2a: Incineroar|Fake Out|p1a: Magmar
|-damage|p1a: Magmar|92/100
|move|p2b: Hydreigon|Heat Wave|p1a: Magmar|[spread] p1a
|-activate|p1b: Oricorio|move: Protect
|-resisted|p1a: Magmar
|-damage|p1a: Magmar|69/100
|
|upkeep
|turn|5
|
|t:|1756926019
|-terastallize|p1b: Oricorio|Fighting
|move|p1a: Magmar|Helping Hand|p1b: Oricorio
|-singleturn|p1b: Oricorio|Helping Hand|[of] p1a: Magmar
|move|p1b: Oricorio|Revelation Dance|p2a: Incineroar
|-supereffective|p2a: Incineroar
|-damage|p2a: Incineroar|0 fnt
|faint|p2a: Incineroar
|move|p2b: Hydreigon|Heat Wave|p1a: Magmar|[spread] p1a,p1b
|-resisted|p1a: Magmar
|-damage|p1a: Magmar|45/100
|-damage|p1b: Oricorio|0 fnt
|faint|p1b: Oricorio
|
|upkeep
|
|t:|1756926032
|switch|p1b: Sneasler|Sneasler, L50, F, shiny|100/100
|switch|p2a: Whimsicott|Whimsicott, L50, F|100/100
|turn|6
|
|t:|1756926044
|move|p2a: Whimsicott|Sunny Day|p2a: Whimsicott
|-weather|SunnyDay
|move|p1b: Sneasler|Dire Claw|p2a: Whimsicott
|-supereffective|p2a: Whimsicott
|-enditem|p2a: Whimsicott|Focus Sash
|-damage|p2a: Whimsicott|1/100
|-status|p2a: Whimsicott|par
|move|p2b: Hydreigon|Heat Wave|p1a: Magmar|[spread] p1a,p1b
|-resisted|p1a: Magmar
|-damage|p1a: Magmar|12/100
|-damage|p1b: Sneasler|0 fnt
|faint|p1b: Sneasler
|move|p1a: Magmar|Clear Smog|p2a: Whimsicott
|-supereffective|p2a: Whimsicott
|-damage|p2a: Whimsicott|0 fnt
|-clearboost|p2a: Whimsicott
|faint|p2a: Whimsicott
|
|-weather|SunnyDay|[upkeep]
|upkeep
|turn|7
|-message|Danielesqueda17 forfeited.
|raw|Danielesqueda17's rating: 1079 → 1059(-20 for losing)
|raw|chefbenboyrd's rating: 1106 → 1129(+23 for winning)
|
|win|chefbenboyrd
|l|☆Danielesqueda17
|player|p1|
