|j|☆ufieiffjjrjrrj
|j|☆captainspoon
|html|ufieiffjjrjrrjcaptainspoon    
|uhtml|bestof|Game 1 of a best-of-3
|t:|1756460469
|gametype|doubles
|player|p1|ufieiffjjrjrrj|winona|1000
|player|p2|captainspoon|170|1089
|gen|9
|tier|[Gen 9] VGC 2025 Reg H (Bo3)
|rated|
|rule|Species Clause: Limit one of each Pokémon
|rule|Item Clause: Limit 1 of each item
|clearpoke
|poke|p1|Gholdengo, L50|
|poke|p1|Annihilape, L50, M|
|poke|p1|Dragonite, L50, M|
|poke|p1|Talonflame, L50, F|
|poke|p1|Sneasler, L50, M|
|poke|p1|Dondozo, L50, F|
|poke|p2|Dragonite, L50, M|
|poke|p2|Gholdengo, L50|
|poke|p2|Ursaluna-Bloodmoon, L50, M|
|poke|p2|Annihilape, L50, F|
|poke|p2|Amoonguss, L50, M|
|poke|p2|Ninetales-Alola, L50, M|
|teampreview|4
|showteam|p1|Gholdengo||LifeOrb|GoodasGold|Protect,NastyPlot,MakeItRain,ShadowBall||||||50|,,,,,Dragon]Annihilape||SpellTag|Defiant|Protect,BulkUp,CloseCombat,RageFist|||M|||50|,,,,,Steel]Dragonite||LoadedDice|Multiscale|Protect,Haze,ScaleShot,StompingTantrum|||M|||50|,,,,,Steel]Talonflame||CovertCloak|GaleWings|Tailwind,WillOWisp,FlareBlitz,DualWingbeat|||F|||50|,,,,,Grass]Sneasler||FocusSash|Unburden|FakeOut,Coaching,CloseCombat,DireClaw|||M|||50|,,,,,Ghost]Dondozo||Leftovers|Unaware|Protect,Yawn,Fissure,WaveCrash|||F|||50|,,,,,Grass
|showteam|p2|Dragonite||LoadedDice|Multiscale|ScaleShot,ExtremeSpeed,IceSpinner,Protect|||M|||50|,,,,,Fairy]Gholdengo||MetalCoat|GoodasGold|MakeItRain,ShadowBall,NastyPlot,Protect||||||50|,,,,,Water]Ursaluna-Bloodmoon||AssaultVest|MindsEye|BloodMoon,HyperVoice,VacuumWave,EarthPower|||M|||50|,,,,,Poison]Annihilape||SafetyGoggles|Defiant|DrainPunch,RageFist,BulkUp,Protect|||F|||50|,,,,,Water]Amoonguss||BlackSludge|Regenerator|ClearSmog,RagePowder,PollenPuff,Spore|||M|||50|,,,,,Water]Ninetales-Alola||LightClay|SnowWarning|Blizzard,IcicleSpear,Encore,AuroraVeil|||M|||50|,,,,,Ghost
|inactive|Battle timer is ON: inactive players will automatically lose when time's up. (requested by ufieiffjjrjrrj)
|
|t:|1756460541
|teamsize|p1|4
|teamsize|p2|4
|start
|switch|p1a: Talonflame|Talonflame, L50, F|100/100
|switch|p1b: Sneasler|Sneasler, L50, M|100/100
|switch|p2a: Dragonite|Dragonite, L50, M|100/100
|switch|p2b: Ursaluna|Ursaluna-Bloodmoon, L50, M|100/100
|turn|1
|inactive|ufieiffjjrjrrj has 30 seconds left.
|inactive|captainspoon has 30 seconds left.
|
|t:|1756460578
|switch|p2b: Gholdengo|Gholdengo, L50|100/100
|move|p1b: Sneasler|Fake Out|p2b: Gholdengo
|-immune|p2b: Gholdengo
|move|p1a: Talonflame|Will-O-Wisp|p2a: Dragonite
|-status|p2a: Dragonite|brn
|move|p2a: Dragonite|Scale Shot|p1b: Sneasler|[miss]
|-miss|p2a: Dragonite|p1b: Sneasler
|
|-damage|p2a: Dragonite|95/100 brn|[from] brn
|upkeep
|turn|2
|inactive|ufieiffjjrjrrj has 30 seconds left.
|inactive|captainspoon has 30 seconds left.
|
|t:|1756460607
|switch|p2a: Amoonguss|Amoonguss, L50, M|100/100
|move|p2b: Gholdengo|Protect|p2b: Gholdengo
|-singleturn|p2b: Gholdengo|Protect
|move|p1a: Talonflame|Tailwind|p1a: Talonflame
|-sidestart|p1: ufieiffjjrjrrj|move: Tailwind
|move|p1b: Sneasler|Dire Claw|p2a: Amoonguss
|-damage|p2a: Amoonguss|60/100
|-status|p2a: Amoonguss|par
|
|-heal|p2a: Amoonguss|66/100 par|[from] item: Black Sludge
|upkeep
|turn|3
|
|t:|1756460626
|move|p2a: Amoonguss|Rage Powder|p2a: Amoonguss
|-singleturn|p2a: Amoonguss|move: Rage Powder
|move|p1a: Talonflame|Flare Blitz|p2a: Amoonguss
|-supereffective|p2a: Amoonguss
|-damage|p2a: Amoonguss|0 fnt
|faint|p2a: Amoonguss
|-damage|p1a: Talonflame|74/100|[from] Recoil
|move|p1b: Sneasler|Close Combat|p2b: Gholdengo
|-immune|p2b: Gholdengo
|move|p2b: Gholdengo|Nasty Plot|p2b: Gholdengo
|-boost|p2b: Gholdengo|spa|2
|
|upkeep
|
|t:|1756460636
|switch|p2a: Ursaluna|Ursaluna-Bloodmoon, L50, M|100/100
|turn|4
|
|t:|1756460647
|-terastallize|p2b: Gholdengo|Water
|move|p1a: Talonflame|Dual Wingbeat|p2a: Ursaluna
|-damage|p2a: Ursaluna|88/100
|-damage|p2a: Ursaluna|77/100
|-hitcount|p2a: Ursaluna|2
|move|p1b: Sneasler|Dire Claw|p2a: Ursaluna
|-resisted|p2a: Ursaluna
|-damage|p2a: Ursaluna|62/100
|-status|p2a: Ursaluna|psn
|move|p2b: Gholdengo|Make It Rain|p1a: Talonflame|[spread] p1a,p1b
|-resisted|p1a: Talonflame
|-damage|p1a: Talonflame|0 fnt
|-enditem|p1b: Sneasler|Focus Sash
|-damage|p1b: Sneasler|1/100
|-unboost|p2b: Gholdengo|spa|1
|faint|p1a: Talonflame
|move|p2a: Ursaluna|Hyper Voice|p1b: Sneasler
|-damage|p1b: Sneasler|0 fnt
|faint|p1b: Sneasler
|
|-damage|p2a: Ursaluna|49/100 psn|[from] psn
|upkeep
|
|t:|1756460663
|switch|p1a: Gholdengo|Gholdengo, L50|100/100
|switch|p1b: Annihilape|Annihilape, L50, M|100/100
|turn|5
|inactive|ufieiffjjrjrrj has 30 seconds left.
|inactive|captainspoon has 30 seconds left.
|inactive|ufieiffjjrjrrj has 20 seconds left.
|
|t:|1756460699
|-terastallize|p1b: Annihilape|Steel
|move|p2a: Ursaluna|Vacuum Wave|p1a: Gholdengo
|-supereffective|p1a: Gholdengo
|-damage|p1a: Gholdengo|70/100
|move|p1a: Gholdengo|Make It Rain|p2b: Gholdengo|[spread] p2a,p2b
|-resisted|p2b: Gholdengo
|-damage|p2a: Ursaluna|11/100 psn
|-damage|p2b: Gholdengo|65/100
|-unboost|p1a: Gholdengo|spa|1
|-damage|p1a: Gholdengo|60/100|[from] item: Life Orb
|move|p1b: Annihilape|Bulk Up|p1b: Annihilape
|-boost|p1b: Annihilape|atk|1
|-boost|p1b: Annihilape|def|1
|move|p2b: Gholdengo|Shadow Ball|p1b: Annihilape
|-damage|p1b: Annihilape|27/100
|
|-damage|p2a: Ursaluna|0 fnt|[from] psn
|faint|p2a: Ursaluna
|-sideend|p1: ufieiffjjrjrrj|move: Tailwind
|upkeep
|
|t:|1756460706
|switch|p2a: Dragonite|Dragonite, L50, M|95/100 brn
|turn|6
|
|t:|1756460725
|move|p1a: Gholdengo|Shadow Ball|p2a: Dragonite
|-damage|p2a: Dragonite|59/100 brn
|-damage|p1a: Gholdengo|50/100|[from] item: Life Orb
|move|p1b: Annihilape|Rage Fist|p2a: Dragonite
|-crit|p2a: Dragonite
|-damage|p2a: Dragonite|0 fnt
|faint|p2a: Dragonite
|move|p2b: Gholdengo|Make It Rain|p1a: Gholdengo|[spread] p1a,p1b
|-resisted|p1a: Gholdengo
|-resisted|p1b: Annihilape
|-damage|p1a: Gholdengo|0 fnt
|-damage|p1b: Annihilape|0 fnt
|-unboost|p2b: Gholdengo|spa|1
|faint|p1a: Gholdengo
|faint|p1b: Annihilape
|
|win|captainspoon
|inactive|ufieiffjjrjrrj has 30 seconds to confirm battle start!
|inactive|captainspoon has 30 seconds to confirm battle start!
||captainspoon is ready for game 2.
|l|☆ufieiffjjrjrrj
|player|p1|
||ufieiffjjrjrrj is ready for game 2.
|uhtml|next|Next: Game 2 of 3
