|j|☆kheld
|j|☆iannaVi
|html|kheldiannaVi    
|uhtml|bestof|Game 1 of a best-of-3
|t:|1783346483
|gametype|doubles
|player|p1|kheld|170|1255
|player|p2|iannaVi|cheren-gen5bw2|1193
|gen|9
|tier|[Gen 9 Champions] VGC 2026 Reg M-B (Bo3)
|rated|
|rule|Species Clause: Limit one of each Pokémon
|rule|Item Clause: Limit 1 of each item
|clearpoke
|poke|p1|Blastoise, L50, M|
|poke|p1|Incineroar, L50, M|
|poke|p1|Sneasler, L50, F|
|poke|p1|Sinistcha, L50|
|poke|p1|Froslass, L50, F|
|poke|p1|Samurott-Hisui, L50, F|
|poke|p2|Scovillain, L50, F|
|poke|p2|Kingambit, L50, F|
|poke|p2|Lycanroc-Dusk, L50, F|
|poke|p2|Basculegion, L50, M|
|poke|p2|Metagross, L50|
|poke|p2|Sylveon, L50, F|
|teampreview|4
|showteam|p1|Blastoise||Blastoisinite|RainDish|DarkPulse,WaterSpout,ShellSmash,Protect|Modest||M|||50|]Incineroar||SitrusBerry|Intimidate|FakeOut,PartingShot,FlareBlitz,ThroatChop|Impish||M|||50|]Sneasler||FocusSash|Unburden|FakeOut,CloseCombat,DireClaw,QuickGuard|Jolly||F|||50|]Sinistcha||KasibBerry|Hospitality|MatchaGotcha,LifeDew,RagePowder,Protect|Impish|||||50|]Froslass||Froslassite|SnowCloak|Blizzard,NastyPlot,Thunderbolt,Protect|Timid||F|||50|]Samurott-Hisui||BlackGlasses|Sharpness|AquaCutter,SacredSword,NightSlash,SuckerPunch|Adamant||F|||50|
|showteam|p2|Scovillain||Scovillainite|Moody|GigaDrain,Overheat,RagePowder,Protect|Bold||F|||50|]Kingambit||BlackGlasses|Defiant|KowtowCleave,SuckerPunch,SwordsDance,Protect|Adamant||F|||50|]Lycanroc-Dusk||FocusSash|ToughClaws|CloseCombat,Accelerock,RockSlide,Protect|Jolly||F|||50|]Basculegion||SitrusBerry|Adaptability|WaveCrash,LastRespects,AquaJet,Protect|Adamant||M|||50|]Metagross||Metagrossite|ClearBody|IronHead,PsychicFangs,IcePunch,Protect|Adamant|||||50|]Sylveon||FairyFeather|Pixilate|HyperVoice,HyperBeam,QuickAttack,Detect|Modest||F|||50|
|
|t:|1783346522
|teamsize|p1|4
|teamsize|p2|4
|start
|switch|p1a: Blastoise|Blastoise, L50, M|100/100
|switch|p1b: Sneasler|Sneasler, L50, F|100/100
|switch|p2a: Scovillain|Scovillain, L50, F|100/100
|switch|p2b: Kingambit|Kingambit, L50, F|100/100
|turn|1
|inactive|Battle timer is ON: inactive players will automatically lose when time's up. (requested by iannaVi)
|
|t:|1783346559
|detailschange|p1a: Blastoise|Blastoise-Mega, L50, M
|-mega|p1a: Blastoise|Blastoise|Blastoisinite
|detailschange|p2a: Scovillain|Scovillain-Mega, L50, F
|-mega|p2a: Scovillain|Scovillain|Scovillainite
|move|p1b: Sneasler|Fake Out|p2b: Kingambit
|-resisted|p2b: Kingambit|1
|-crit|p2b: Kingambit
|-damage|p2b: Kingambit|92/100
|move|p1a: Blastoise|Water Spout|p2b: Kingambit|[spread] p2a,p2b
|-damage|p2a: Scovillain|34/100
|-damage|p2b: Kingambit|22/100
|-status|p1a: Blastoise|brn|[from] ability: Spicy Spray|[of] p2a: Scovillain
|move|p2a: Scovillain|Giga Drain|p1a: Blastoise
|-supereffective|p1a: Blastoise|1
|-damage|p1a: Blastoise|34/100 brn
|-heal|p2a: Scovillain|64/100|[from] drain|[of] p1a: Blastoise
|cant|p2b: Kingambit|flinch
|
|-damage|p1a: Blastoise|28/100 brn|[from] brn
|upkeep
|turn|2
|inactive|iannaVi has 30 seconds left.
|
|t:|1783346588
|switch|p1b: Sinistcha|Sinistcha, L50|100/100
|-heal|p1a: Blastoise|53/100 brn|[from] ability: Hospitality|[of] p1b: Sinistcha
|move|p2a: Scovillain|Protect|p2a: Scovillain
|-singleturn|p2a: Scovillain|Protect
|move|p2b: Kingambit|Sucker Punch|p1a: Blastoise
|-damage|p1a: Blastoise|5/100 brn
|move|p1a: Blastoise|Water Spout|p2b: Kingambit|[spread] p2b
|-activate|p2a: Scovillain|move: Protect
|-damage|p2b: Kingambit|19/100
|
|-damage|p1a: Blastoise|0 fnt|[from] brn
|faint|p1a: Blastoise
|upkeep
|
|t:|1783346603
|switch|p1a: Sneasler|Sneasler, L50, F|100/100
|turn|3
|
|t:|1783346620
|move|p1a: Sneasler|Dire Claw|p2a: Scovillain
|-supereffective|p2a: Scovillain|1
|-damage|p2a: Scovillain|0 fnt
|-status|p1a: Sneasler|brn|[from] ability: Spicy Spray|[of] p2a: Scovillain
|faint|p2a: Scovillain
|move|p1b: Sinistcha|Matcha Gotcha|p2b: Kingambit
|-resisted|p2b: Kingambit|1
|-damage|p2b: Kingambit|5/100
|move|p2b: Kingambit|Kowtow Cleave|p1b: Sinistcha
|-supereffective|p1b: Sinistcha|1
|-damage|p1b: Sinistcha|0 fnt
|faint|p1b: Sinistcha
|
|-damage|p1a: Sneasler|94/100 brn|[from] brn
|upkeep
|
|t:|1783346635
|switch|p2a: Lycanroc|Lycanroc-Dusk, L50, F|100/100
|switch|p1b: Samurott|Samurott-Hisui, L50, F|100/100
|turn|4
|
|t:|1783346657
|move|p2b: Kingambit|Sucker Punch|p1a: Sneasler
|-resisted|p1a: Sneasler|1
|-damage|p1a: Sneasler|56/100 brn
|move|p1a: Sneasler|Close Combat|p2a: Lycanroc
|-supereffective|p2a: Lycanroc|1
|-enditem|p2a: Lycanroc|Focus Sash
|-damage|p2a: Lycanroc|1/100
|-unboost|p1a: Sneasler|def|1
|-unboost|p1a: Sneasler|spd|1
|move|p2a: Lycanroc|Close Combat|p1b: Samurott
|-supereffective|p1b: Samurott|1
|-damage|p1b: Samurott|0 fnt
|-unboost|p2a: Lycanroc|def|1
|-unboost|p2a: Lycanroc|spd|1
|faint|p1b: Samurott
|
|-damage|p1a: Sneasler|50/100g brn|[from] brn
|upkeep
|turn|5
|-message|kheld forfeited.
|
|win|iannaVi
|l|☆kheld
|player|p1|
||kheld is ready for game 2.
||iannaVi is ready for game 2.
|uhtml|next|Next: Game 2 of 3
