|j|☆Echohevy5555
|j|☆KChiefs7
|html|Echohevy5555KChiefs7    
|uhtml|bestof|Game 1 of a best-of-3
|t:|1756910278
|gametype|doubles
|player|p1|Echohevy5555|102|1065
|player|p2|KChiefs7|swimmer-gen4|1088
|gen|9
|tier|[Gen 9] VGC 2025 Reg H (Bo3)
|rated|
|rule|Species Clause: Limit one of each Pokémon
|rule|Item Clause: Limit 1 of each item
|clearpoke
|poke|p1|Arcanine-Hisui, L50, M|
|poke|p1|Rillaboom, L50, F|
|poke|p1|Dragonite, L50, F|
|poke|p1|Sneasler, L50, F|
|poke|p1|Ninetales-Alola, L50, M|
|poke|p1|Gholdengo, L50|
|poke|p2|Ursaluna, L50, F|
|poke|p2|Gholdengo, L50|
|poke|p2|Flamigo, L50, M|
|poke|p2|Amoonguss, L50, F|
|poke|p2|Porygon2, L50|
|poke|p2|Incineroar, L50, M|
|teampreview|4
|showteam|p1|Arcanine-Hisui||ClearAmulet|Intimidate|FlareBlitz,RockSlide,ExtremeSpeed,Protect|||M|||50|,,,,,Water]Rillaboom||AssaultVest|GrassySurge|DrumBeating,GrassyGlide,HighHorsepower,FakeOut|||F|||50|,,,,,Fire]Dragonite||LoadedDice|Multiscale|ScaleShot,Tailwind,StompingTantrum,Protect|||F|||50|,,,,,Ground]Sneasler||WhiteHerb|Unburden|CloseCombat,DireClaw,Coaching,Protect|||F|||50|,,,,,Ghost]Ninetales-Alola||FocusSash|SnowWarning|Blizzard,Encore,IcyWind,AuroraVeil|||M|||50|,,,,,Ghost]Gholdengo||GrassySeed|GoodasGold|NastyPlot,MakeItRain,ShadowBall,Protect||||||50|,,,,,Water
|showteam|p2|Ursaluna||FlameOrb|Guts|Facade,HeadlongRush,Earthquake,Protect|||F|||50|,,,,,Ghost]Gholdengo||LifeOrb|GoodasGold|MakeItRain,ShadowBall,NastyPlot,Protect||||||50|,,,,,Water]Flamigo||FocusSash|Scrappy|Detect,CloseCombat,WideGuard,DualWingbeat|||M|||50|,,,,,Ghost]Amoonguss||CovertCloak|Regenerator|RagePowder,Spore,PollenPuff,ClearSmog|||F|||50|,,,,,Fairy]Porygon2||Eviolite|Download|TeraBlast,IceBeam,Recover,TrickRoom||||||50|,,,,,Fighting]Incineroar||SafetyGoggles|Intimidate|FlareBlitz,KnockOff,FakeOut,PartingShot|||M|||50|,,,,,Ghost
|inactive|Battle timer is ON: inactive players will automatically lose when time's up. (requested by KChiefs7)
|inactive|Echohevy5555 has 60 seconds left.
|inactive|KChiefs7 has 60 seconds left.
|inactive|Echohevy5555 has 30 seconds left.
|inactive|KChiefs7 has 30 seconds left.
|
|t:|1756910349
|teamsize|p1|4
|teamsize|p2|4
|start
|switch|p1a: Ninetales|Ninetales-Alola, L50, M|100/100
|switch|p1b: Rillaboom|Rillaboom, L50, F|100/100
|switch|p2a: Ursaluna|Ursaluna, L50, F|100/100
|switch|p2b: Porygon2|Porygon2, L50|100/100
|-weather|Snowscape|[from] ability: Snow Warning|[of] p1a: Ninetales
|-fieldstart|move: Grassy Terrain|[from] ability: Grassy Surge|[of] p1b: Rillaboom
|-ability|p2b: Porygon2|Download|boost
|-boost|p2b: Porygon2|atk|1
|turn|1
|
|t:|1756910370
|move|p2a: Ursaluna|Protect|p2a: Ursaluna
|-singleturn|p2a: Ursaluna|Protect
|move|p1b: Rillaboom|Fake Out|p2b: Porygon2
|-damage|p2b: Porygon2|91/100
|move|p1a: Ninetales|Blizzard|p2a: Ursaluna|[spread] p2b
|-activate|p2a: Ursaluna|move: Protect
|-damage|p2b: Porygon2|73/100
|cant|p2b: Porygon2|flinch
|
|-weather|Snowscape|[upkeep]
|-heal|p2b: Porygon2|79/100|[from] Grassy Terrain
|-status|p2a: Ursaluna|brn|[from] item: Flame Orb
|upkeep
|turn|2
|inactive|Echohevy5555 has 30 seconds left.
|inactive|KChiefs7 has 30 seconds left.
|inactive|Echohevy5555 has 20 seconds left.
|inactive|KChiefs7 has 20 seconds left.
|
|t:|1756910419
|switch|p1b: Sneasler|Sneasler, L50, F|100/100
|-terastallize|p2a: Ursaluna|Ghost
|move|p1a: Ninetales|Encore|p2a: Ursaluna
|-start|p2a: Ursaluna|Encore
|move|p2a: Ursaluna|Protect||[still]
|-fail|p2a: Ursaluna
|move|p2b: Porygon2|Trick Room|p2b: Porygon2
|-fieldstart|move: Trick Room|[of] p2b: Porygon2
|
|-weather|Snowscape|[upkeep]
|-heal|p2b: Porygon2|85/100|[from] Grassy Terrain
|-damage|p2a: Ursaluna|95/100 brn|[from] brn
|upkeep
|turn|3
|inactive|KChiefs7 has 30 seconds left.
|
|t:|1756910451
|switch|p2a: Incineroar|Incineroar, L50, M|100/100
|-ability|p2a: Incineroar|Intimidate|boost
|-unboost|p1a: Ninetales|atk|1
|-unboost|p1b: Sneasler|atk|1
|-enditem|p1b: Sneasler|White Herb
|-clearnegativeboost|p1b: Sneasler|[silent]
|switch|p2b: Gholdengo|Gholdengo, L50|100/100
|move|p1a: Ninetales|Aurora Veil|p1a: Ninetales
|-sidestart|p1: Echohevy5555|move: Aurora Veil
|move|p1b: Sneasler|Close Combat|p2b: Gholdengo
|-immune|p2b: Gholdengo
|
|-weather|Snowscape|[upkeep]
|upkeep
|turn|4
|inactive|Echohevy5555 has 30 seconds left.
|inactive|KChiefs7 has 30 seconds left.
|inactive|KChiefs7 has 20 seconds left.
|inactive|KChiefs7 has 15 seconds left.
|inactive|KChiefs7 has 10 seconds left.
|
|t:|1756910502
|switch|p1a: Rillaboom|Rillaboom, L50, F|100/100
|move|p2a: Incineroar|Fake Out|p1a: Rillaboom
|-damage|p1a: Rillaboom|92/100
|move|p2b: Gholdengo|Nasty Plot|p2b: Gholdengo
|-boost|p2b: Gholdengo|spa|2
|move|p1b: Sneasler|Coaching|p1a: Rillaboom
|-boost|p1a: Rillaboom|atk|1
|-boost|p1a: Rillaboom|def|1
|
|-weather|Snowscape|[upkeep]
|-heal|p1a: Rillaboom|98/100|[from] Grassy Terrain
|upkeep
|turn|5
|
|t:|1756910522
|move|p2b: Gholdengo|Protect|p2b: Gholdengo
|-singleturn|p2b: Gholdengo|Protect
|move|p2a: Incineroar|Flare Blitz|p1a: Rillaboom
|-supereffective|p1a: Rillaboom
|-damage|p1a: Rillaboom|56/100
|-damage|p2a: Incineroar|86/100|[from] Recoil
|move|p1a: Rillaboom|High Horsepower|p2b: Gholdengo
|-activate|p2b: Gholdengo|move: Protect
|move|p1b: Sneasler|Close Combat|p2a: Incineroar
|-supereffective|p2a: Incineroar
|-damage|p2a: Incineroar|0 fnt
|-unboost|p1b: Sneasler|def|1
|-unboost|p1b: Sneasler|spd|1
|faint|p2a: Incineroar
|
|-weather|none
|-heal|p1a: Rillaboom|61/100|[from] Grassy Terrain
|-fieldend|move: Grassy Terrain
|upkeep
|
|t:|1756910535
|switch|p2a: Porygon2|Porygon2, L50|85/100
|-ability|p2a: Porygon2|Download|boost
|-boost|p2a: Porygon2|spa|1
|turn|6
|inactive|KChiefs7 has 30 seconds left.
|
|t:|1756910578
|switch|p1b: Ninetales|Ninetales-Alola, L50, M|100/100
|-weather|Snowscape|[from] ability: Snow Warning|[of] p1b: Ninetales
|move|p2a: Porygon2|Ice Beam|p1a: Rillaboom
|-supereffective|p1a: Rillaboom
|-damage|p1a: Rillaboom|23/100
|move|p1a: Rillaboom|High Horsepower|p2b: Gholdengo
|-supereffective|p2b: Gholdengo
|-damage|p2b: Gholdengo|3/100
|move|p2b: Gholdengo|Shadow Ball|p1b: Ninetales
|-enditem|p1b: Ninetales|Focus Sash
|-damage|p1b: Ninetales|1/100
|-damage|p2b: Gholdengo|0 fnt|[from] item: Life Orb
|faint|p2b: Gholdengo
|
|-weather|Snowscape|[upkeep]
|-fieldend|move: Trick Room
|upkeep
|inactive|KChiefs7 has 30 seconds left.
|
|t:|1756910604
|switch|p2b: Ursaluna|Ursaluna, L50, F, tera:Ghost|95/100 brn
|turn|7
|inactive|Echohevy5555 has 30 seconds left.
|inactive|Echohevy5555 has 20 seconds left.
|inactive|Echohevy5555 has 15 seconds left.
|inactive|Echohevy5555 has 10 seconds left.
|
|t:|1756910654
|move|p1b: Ninetales|Encore|p2a: Porygon2
|-start|p2a: Porygon2|Encore
|move|p1a: Rillaboom|Drum Beating|p2b: Ursaluna
|-damage|p2b: Ursaluna|51/100 brn
|-unboost|p2b: Ursaluna|spe|1
|move|p2b: Ursaluna|Earthquake|p1b: Ninetales|[spread] p2a,p1a,p1b
|-resisted|p1a: Rillaboom
|-damage|p2a: Porygon2|43/100
|-damage|p1a: Rillaboom|10/100
|-damage|p1b: Ninetales|0 fnt
|faint|p1b: Ninetales
|move|p2a: Porygon2|Ice Beam|p1a: Rillaboom
|-supereffective|p1a: Rillaboom
|-damage|p1a: Rillaboom|0 fnt
|faint|p1a: Rillaboom
|
|-weather|Snowscape|[upkeep]
|-damage|p2b: Ursaluna|45/100 brn|[from] brn
|-sideend|p1: Echohevy5555|move: Aurora Veil
|upkeep
|
|t:|1756910660
|switch|p1b: Sneasler|Sneasler, L50, F|100/100
|switch|p1a: Arcanine|Arcanine-Hisui, L50, M|100/100
|-ability|p1a: Arcanine|Intimidate|boost
|-unboost|p2a: Porygon2|atk|1
|-unboost|p2b: Ursaluna|atk|1
|turn|8
|inactive|KChiefs7 has 30 seconds left.
|inactive|KChiefs7 has 20 seconds left.
|
|t:|1756910699
|move|p2b: Ursaluna|Protect|p2b: Ursaluna
|-singleturn|p2b: Ursaluna|Protect
|move|p1b: Sneasler|Close Combat|p2a: Porygon2
|-supereffective|p2a: Porygon2
|-damage|p2a: Porygon2|0 fnt
|-unboost|p1b: Sneasler|def|1
|-unboost|p1b: Sneasler|spd|1
|faint|p2a: Porygon2
|move|p1a: Arcanine|Flare Blitz|p2b: Ursaluna
|-activate|p2b: Ursaluna|move: Protect
|
|-weather|Snowscape|[upkeep]
|-damage|p2b: Ursaluna|40/100 brn|[from] brn
|upkeep
|turn|9
|
|t:|1756910714
|move|p1b: Sneasler|Dire Claw|p2b: Ursaluna
|-resisted|p2b: Ursaluna
|-damage|p2b: Ursaluna|25/100 brn
|move|p1a: Arcanine|Flare Blitz|p2b: Ursaluna
|-damage|p2b: Ursaluna|0 fnt
|faint|p2b: Ursaluna
|-damage|p1a: Arcanine|90/100|[from] Recoil
|
|win|Echohevy5555
||KChiefs7 is ready for game 2.
||Echohevy5555 is ready for game 2.
|uhtml|next|Next: Game 2 of 3
