|j|☆Bread248
|j|☆the_ag_is_real
|html|Bread248the_ag_is_real    
|uhtml|bestof|Game 2 of a best-of-3
|t:|1756433594
|gametype|doubles
|player|p1|Bread248|2|1292
|player|p2|the_ag_is_real|rika|1372
|gen|9
|tier|[Gen 9] VGC 2025 Reg H (Bo3)
|rated|
|rule|Species Clause: Limit one of each Pokémon
|rule|Item Clause: Limit 1 of each item
|clearpoke
|poke|p1|Gholdengo, L50|
|poke|p1|Sneasler, L50, F|
|poke|p1|Incineroar, L50, M|
|poke|p1|Amoonguss, L50, F|
|poke|p1|Dragonite, L50, F|
|poke|p1|Ursaluna-Bloodmoon, L50, M|
|poke|p2|Dondozo, L50, M|
|poke|p2|Sneasler, L50, M|
|poke|p2|Rillaboom, L50, F|
|poke|p2|Electabuzz, L50, F|
|poke|p2|Kingambit, L50, F|
|poke|p2|Volcarona, L50, M|
|teampreview|4
|showteam|p1|Gholdengo||LifeOrb|GoodasGold|MakeItRain,ShadowBall,NastyPlot,Protect||||||50|,,,,,Steel]Sneasler||FocusSash|PoisonTouch|FakeOut,CloseCombat,DireClaw,Protect|||F|||50|,,,,,Stellar]Incineroar||SafetyGoggles|Intimidate|FakeOut,FlareBlitz,KnockOff,PartingShot|||M|||50|,,,,,Ghost]Amoonguss||SitrusBerry|Regenerator|Spore,RagePowder,SludgeBomb,Protect|||F|||50|,,,,,Psychic]Dragonite||LoadedDice|Multiscale|ScaleShot,Haze,Tailwind,Protect|||F|||50|,,,,,Fairy]Ursaluna-Bloodmoon||AssaultVest|MindsEye|HyperVoice,BloodMoon,EarthPower,VacuumWave|||M|||50|,,,,,Water
|showteam|p2|Dondozo||Leftovers|Unaware|Liquidation,Yawn,Fissure,Protect|||M|||50|,,,,,Poison]Sneasler||FocusSash|PoisonTouch|DireClaw,CloseCombat,Coaching,Protect|||M|||50|,,,,,Stellar]Rillaboom||AssaultVest|GrassySurge|FakeOut,WoodHammer,GrassyGlide,HighHorsepower|||F|||50|,,,,,Fire]Electabuzz||Eviolite|VitalSpirit|FollowMe,Thunderbolt,Taunt,Protect|||F|||50|,,,,,Ghost]Kingambit||BlackGlasses|Defiant|SuckerPunch,KowtowCleave,SwordsDance,Protect|||F|||50|,,,,,Dark]Volcarona||CovertCloak|FlameBody|HeatWave,TeraBlast,QuiverDance,Protect|||M|||50|,,,,,Fairy
|inactive|Battle timer is ON: inactive players will automatically lose when time's up. (requested by the_ag_is_real)
|inactive|Bread248 also wants the timer to be on.
|inactive|the_ag_is_real has 60 seconds left.
|
|t:|1756433638
|teamsize|p1|4
|teamsize|p2|4
|start
|switch|p1a: Ursaluna|Ursaluna-Bloodmoon, L50, M|100/100
|switch|p1b: Incineroar|Incineroar, L50, M, shiny|100/100
|switch|p2a: Goku|Rillaboom, L50, F|100/100
|switch|p2b: Volcarona|Volcarona, L50, M|100/100
|-fieldstart|move: Grassy Terrain|[from] ability: Grassy Surge|[of] p2a: Goku
|-ability|p1b: Incineroar|Intimidate|boost
|-unboost|p2a: Goku|atk|1
|-unboost|p2b: Volcarona|atk|1
|turn|1
|
|t:|1756433656
|switch|p1a: Amoonguss|Amoonguss, L50, F|100/100
|move|p2a: Goku|Fake Out|p1a: Amoonguss
|-damage|p1a: Amoonguss|92/100
|move|p2b: Volcarona|Quiver Dance|p2b: Volcarona
|-boost|p2b: Volcarona|spa|1
|-boost|p2b: Volcarona|spd|1
|-boost|p2b: Volcarona|spe|1
|move|p1b: Incineroar|Knock Off|p2b: Volcarona
|-damage|p2b: Volcarona|61/100
|-enditem|p2b: Volcarona|Covert Cloak|[from] move: Knock Off|[of] p1b: Incineroar
|
|-heal|p2b: Volcarona|67/100|[from] Grassy Terrain
|-heal|p1a: Amoonguss|98/100|[from] Grassy Terrain
|upkeep
|turn|2
|
|t:|1756433673
|switch|p2a: Electabuzz|Electabuzz, L50, F|100/100
|move|p2b: Volcarona|Protect|p2b: Volcarona
|-singleturn|p2b: Volcarona|Protect
|move|p1a: Amoonguss|Protect|p1a: Amoonguss
|-singleturn|p1a: Amoonguss|Protect
|move|p1b: Incineroar|Parting Shot|p2b: Volcarona
|-activate|p2b: Volcarona|move: Protect
|
|-heal|p2b: Volcarona|73/100|[from] Grassy Terrain
|-heal|p1a: Amoonguss|100/100|[from] Grassy Terrain
|upkeep
|turn|3
|
|t:|1756433689
|move|p2a: Electabuzz|Follow Me|p2a: Electabuzz
|-singleturn|p2a: Electabuzz|move: Follow Me
|move|p2b: Volcarona|Quiver Dance|p2b: Volcarona
|-boost|p2b: Volcarona|spa|1
|-boost|p2b: Volcarona|spd|1
|-boost|p2b: Volcarona|spe|1
|move|p1b: Incineroar|Knock Off|p2a: Electabuzz
|-damage|p2a: Electabuzz|66/100
|-enditem|p2a: Electabuzz|Eviolite|[from] move: Knock Off|[of] p1b: Incineroar
|move|p1a: Amoonguss|Sludge Bomb|p2a: Electabuzz
|-damage|p2a: Electabuzz|41/100
|
|-heal|p2b: Volcarona|80/100|[from] Grassy Terrain
|-heal|p2a: Electabuzz|47/100|[from] Grassy Terrain
|upkeep
|turn|4
|
|t:|1756433711
|-terastallize|p1a: Amoonguss|Psychic
|move|p2a: Electabuzz|Follow Me|p2a: Electabuzz
|-singleturn|p2a: Electabuzz|move: Follow Me
|move|p2b: Volcarona|Heat Wave|p1a: Amoonguss|[spread] p1a,p1b
|-resisted|p1b: Incineroar
|-damage|p1a: Amoonguss|40/100
|-damage|p1b: Incineroar|77/100
|-enditem|p1a: Amoonguss|Sitrus Berry|[eat]
|-heal|p1a: Amoonguss|65/100|[from] item: Sitrus Berry
|move|p1b: Incineroar|Flare Blitz|p2a: Electabuzz
|-damage|p2a: Electabuzz|0 fnt
|faint|p2a: Electabuzz
|-damage|p1b: Incineroar|64/100|[from] Recoil
|move|p1a: Amoonguss|Spore|p2b: Volcarona
|-status|p2b: Volcarona|slp|[from] move: Spore
|
|-heal|p2b: Volcarona|86/100 slp|[from] Grassy Terrain
|-heal|p1b: Incineroar|70/100|[from] Grassy Terrain
|-heal|p1a: Amoonguss|71/100|[from] Grassy Terrain
|upkeep
|
|t:|1756433722
|switch|p2a: Goku|Rillaboom, L50, F|100/100
|turn|5
|
|t:|1756433738
|cant|p2b: Volcarona|slp
|move|p2a: Goku|Wood Hammer|p1a: Amoonguss
|-damage|p1a: Amoonguss|6/100
|-damage|p2a: Goku|76/100|[from] Recoil
|move|p1b: Incineroar|Flare Blitz|p2b: Volcarona
|-damage|p2b: Volcarona|33/100 slp
|-damage|p1b: Incineroar|53/100|[from] Recoil
|move|p1a: Amoonguss|Sludge Bomb|p2b: Volcarona
|-damage|p2b: Volcarona|20/100 slp
|
|-heal|p2b: Volcarona|27/100 slp|[from] Grassy Terrain
|-heal|p2a: Goku|82/100|[from] Grassy Terrain
|-heal|p1b: Incineroar|59/100|[from] Grassy Terrain
|-heal|p1a: Amoonguss|12/100|[from] Grassy Terrain
|-fieldend|move: Grassy Terrain
|upkeep
|turn|6
|
|t:|1756433756
|cant|p2b: Volcarona|slp
|move|p2a: Goku|High Horsepower|p1b: Incineroar
|-supereffective|p1b: Incineroar
|-damage|p1b: Incineroar|0 fnt
|faint|p1b: Incineroar
|move|p1a: Amoonguss|Sludge Bomb|p2a: Goku
|-supereffective|p2a: Goku
|-damage|p2a: Goku|39/100
|
|upkeep
|
|t:|1756433761
|switch|p1b: Ursaluna|Ursaluna-Bloodmoon, L50, M|100/100
|turn|7
|
|t:|1756433772
|-curestatus|p2b: Volcarona|slp|[msg]
|move|p2b: Volcarona|Heat Wave|p1b: Ursaluna|[spread] p1a,p1b
|-damage|p1a: Amoonguss|0 fnt
|-damage|p1b: Ursaluna|46/100
|faint|p1a: Amoonguss
|move|p2a: Goku|Wood Hammer|p1b: Ursaluna
|-supereffective|p1b: Ursaluna
|-damage|p1b: Ursaluna|0 fnt
|faint|p1b: Ursaluna
|-damage|p2a: Goku|23/100|[from] Recoil
|
|upkeep
|-message|Bread248 forfeited.
|
|win|the_ag_is_real
||Bread248 is ready for game 3.
||the_ag_is_real is ready for game 3.
|uhtml|next|Next: Game 3 of 3
|l|☆the_ag_is_real
|player|p2|
