|j|☆Dadfacrrsvr
|j|☆zubrowka
|html|Dadfacrrsvrzubrowka    
|uhtml|bestof|Game 1 of a best-of-3
|t:|1784927223
|gametype|doubles
|player|p1|Dadfacrrsvr|169|1000
|player|p2|zubrowka|clair|1052
|gen|9
|tier|[Gen 9 Champions] VGC 2026 Reg M-B (Bo3)
|rated|
|rule|Species Clause: Limit one of each Pokémon
|rule|Item Clause: Limit 1 of each item
|clearpoke
|poke|p1|Tsareena, L50, F, shiny|
|poke|p1|Salazzle, L50, F, shiny|
|poke|p1|Froslass, L50, F, shiny|
|poke|p1|Ninetales-Alola, L50, F, shiny|
|poke|p1|Primarina, L50, F, shiny|
|poke|p1|Gardevoir, L50, F, shiny|
|poke|p2|Charizard, L50, F|
|poke|p2|Whimsicott, L50, F|
|poke|p2|Garchomp, L50, F|
|poke|p2|Basculegion, L50, M|
|poke|p2|Sylveon, L50, M|
|poke|p2|Metagross, L50|
|teampreview|4
|showteam|p1|Tsareena||WideLens|QueenlyMajesty|TropKick,TripleAxel,HighJumpKick,Protect|Adamant||F|||50|]Salazzle||Leftovers|Corrosion|Toxic,Protect,Flamethrower,SludgeBomb|Timid||F|||50|]Froslass||Froslassite|SnowCloak|Blizzard,ShadowBall,NastyPlot,Protect|Timid||F|||50|]Ninetales-Alola||LightClay|SnowWarning|AuroraVeil,IcyWind,Blizzard,DazzlingGleam|Timid||F|||50|]Primarina||MysticWater|LiquidVoice|HyperVoice,ShadowBall,Moonblast,PerishSong|Modest||F|||50|]Gardevoir||Gardevoirite|Trace|HyperVoice,CalmMind,Psychic,Protect|Timid||F|||50|
|showteam|p2|Charizard||CharizarditeY|SolarPower|HeatWave,WeatherBall,SolarBeam,Protect|Modest||F|||50|]Whimsicott||FocusSash|Prankster|Moonblast,Tailwind,Encore,Protect|Timid||F|||50|]Garchomp||LifeOrb|RoughSkin|Earthquake,DragonClaw,RockSlide,Protect|Jolly||F|||50|]Basculegion||ChoiceScarf|Adaptability|WaveCrash,FlipTurn,LastRespects,AquaJet|Jolly||M|||50|]Sylveon||FairyFeather|Pixilate|HyperVoice,Yawn,HyperBeam,Protect|Modest||M|||50|]Metagross||Metagrossite|ClearBody|IronHead,PsychicFangs,BodyPress,Protect|Jolly|||||50|
|inactive|Battle timer is ON: inactive players will automatically lose when time's up. (requested by zubrowka)
|
|t:|1784927256
|teamsize|p1|4
|teamsize|p2|4
|start
|switch|p1a: Ninetales|Ninetales-Alola, L50, F, shiny|100/100
|switch|p1b: Primarina|Primarina, L50, F, shiny|100/100
|switch|p2a: Metagross|Metagross, L50|100/100
|switch|p2b: Whimsicott|Whimsicott, L50, F|100/100
|-weather|Snowscape|[from] ability: Snow Warning|[of] p1a: Ninetales
|turn|1
|inactive|zubrowka has 30 seconds left.
|
|t:|1784927283
|detailschange|p2a: Metagross|Metagross-Mega, L50
|-mega|p2a: Metagross|Metagross|Metagrossite
|move|p2b: Whimsicott|Tailwind|p2b: Whimsicott
|-sidestart|p2: zubrowka|move: Tailwind
|move|p2a: Metagross|Iron Head|p1a: Ninetales
|-supereffective|p1a: Ninetales|2
|-damage|p1a: Ninetales|0 fnt
|faint|p1a: Ninetales
|move|p1b: Primarina|Hyper Voice|p2a: Metagross|[spread] p2a,p2b
|-resisted|p2b: Whimsicott|1
|-damage|p2a: Metagross|55/100
|-damage|p2b: Whimsicott|65/100
|
|-weather|Snowscape|[upkeep]
|upkeep
|inactive|Dadfacrrsvr has 30 seconds left.
|inactive|Dadfacrrsvr has 20 seconds left.
|inactive|Dadfacrrsvr has 15 seconds left.
|
|t:|1784927327
|switch|p1a: Salazzle|Salazzle, L50, F, shiny|100/100
|turn|2
|
|t:|1784927337
|move|p2b: Whimsicott|Moonblast|p1b: Primarina
|-damage|p1b: Primarina|67/100
|move|p2a: Metagross|Iron Head|p1b: Primarina
|-damage|p1b: Primarina|0 fnt
|faint|p1b: Primarina
|move|p1a: Salazzle|Toxic|p2a: Metagross
|-status|p2a: Metagross|tox
|
|-weather|Snowscape|[upkeep]
|-damage|p2a: Metagross|49/100 tox|[from] psn
|upkeep
|
|t:|1784927346
|switch|p1b: Gardevoir|Gardevoir, L50, F, shiny|100/100
|-ability|p1b: Gardevoir|Tough Claws|Trace|[from] ability: Trace|[of] p2a: Metagross
|turn|3
|
|t:|1784927364
|detailschange|p1b: Gardevoir|Gardevoir-Mega, L50, F, shiny
|-mega|p1b: Gardevoir|Gardevoir|Gardevoirite
|move|p1b: Gardevoir|Protect|p1b: Gardevoir
|-singleturn|p1b: Gardevoir|Protect
|move|p2b: Whimsicott|Encore|p1a: Salazzle
|-start|p1a: Salazzle|Encore
|move|p2a: Metagross|Iron Head|p1b: Gardevoir
|-activate|p1b: Gardevoir|move: Protect
|move|p1a: Salazzle|Toxic|p2b: Whimsicott
|-status|p2b: Whimsicott|tox
|
|-weather|Snowscape|[upkeep]
|-damage|p2b: Whimsicott|59/100 tox|[from] psn
|-damage|p2a: Metagross|38/100 tox|[from] psn
|upkeep
|turn|4
|
|t:|1784927382
|move|p2b: Whimsicott|Moonblast|p1a: Salazzle
|-resisted|p1a: Salazzle|2
|-damage|p1a: Salazzle|86/100
|move|p2a: Metagross|Iron Head|p1b: Gardevoir
|-supereffective|p1b: Gardevoir|1
|-damage|p1b: Gardevoir|0 fnt
|faint|p1b: Gardevoir
|move|p1a: Salazzle|Toxic|p2b: Whimsicott
|-fail|p2b: Whimsicott|tox
|
|-weather|Snowscape|[upkeep]
|-heal|p1a: Salazzle|92/100|[from] item: Leftovers
|-damage|p2b: Whimsicott|47/100 tox|[from] psn
|-damage|p2a: Metagross|21/100 tox|[from] psn
|-sideend|p2: zubrowka|move: Tailwind
|upkeep
|turn|5
|
|t:|1784927395
|move|p2b: Whimsicott|Tailwind|p2b: Whimsicott
|-sidestart|p2: zubrowka|move: Tailwind
|move|p2a: Metagross|Psychic Fangs|p1a: Salazzle
|-supereffective|p1a: Salazzle|1
|-damage|p1a: Salazzle|0 fnt
|faint|p1a: Salazzle
|
|win|zubrowka
