|j|☆RickCtrl
|j|☆mnmn13332
|html|RickCtrlmnmn13332    
|uhtml|bestof|Game 1 of a best-of-3
|t:|1756994271
|gametype|doubles
|player|p1|RickCtrl|2|1180
|player|p2|mnmn13332|lucas|1093
|gen|9
|tier|[Gen 9] VGC 2025 Reg H (Bo3)
|rated|
|rule|Species Clause: Limit one of each Pokémon
|rule|Item Clause: Limit 1 of each item
|clearpoke
|poke|p1|Indeedee, L50, M|
|poke|p1|Sneasler, L50, F|
|poke|p1|Ursaluna-Bloodmoon, L50, M|
|poke|p1|Electabuzz, L50, M|
|poke|p1|Talonflame, L50, M|
|poke|p1|Dragonite, L50, M|
|poke|p2|Incineroar, L50, M|
|poke|p2|Garchomp, L50, M|
|poke|p2|Clefairy, L50, F|
|poke|p2|Corviknight, L50, F|
|poke|p2|Hydreigon, L50, M|
|poke|p2|Gholdengo, L50|
|teampreview|4
|showteam|p1|Indeedee||FocusSash|PsychicSurge|ExpandingForce,Imprison,Protect,TrickRoom|||M|||50|,,,,,Fighting]Sneasler||PsychicSeed|Unburden|Protect,DireClaw,CloseCombat,ThroatChop|||F|||50|,,,,,Dark]Ursaluna-Bloodmoon||LifeOrb|MindsEye|BloodMoon,HyperVoice,EarthPower,Protect|||M|||50|,,,,,Normal]Electabuzz||Eviolite|VitalSpirit|Protect,Taunt,FollowMe,Electroweb|||M|||50|,,,,,Fairy]Talonflame||CovertCloak|GaleWings|Tailwind,WillOWisp,DualWingbeat,FlareBlitz|||M|||50|,,,,,Water]Dragonite||LoadedDice|Multiscale|ScaleShot,Tailwind,StompingTantrum,Haze|||M|||50|,,,,,Steel
|showteam|p2|Incineroar||SafetyGoggles|Intimidate|FakeOut,FlareBlitz,PartingShot,KnockOff|||M|||50|,,,,,Ghost]Garchomp||LifeOrb|RoughSkin|Protect,StompingTantrum,Earthquake,DragonClaw|||M|||50|,,,,,Ground]Clefairy||Eviolite|FriendGuard|HelpingHand,FollowMe,Encore,IcyWind|||F|||50|,,,,,Poison]Corviknight||RockyHelmet|MirrorArmor|Tailwind,Roost,Uturn,BraveBird|||F|||50|,,,,,Flying]Hydreigon||ChoiceSpecs|Levitate|HeatWave,FlashCannon,DracoMeteor,Snarl|||M|||50|,,,,,Fire]Gholdengo||Leftovers|GoodasGold|Protect,MakeItRain,Hex,ThunderWave||||||50|,,,,,Flying
|
|t:|1756994321
|teamsize|p1|4
|teamsize|p2|4
|start
|switch|p1a: Talonflame|Talonflame, L50, M, shiny|100/100
|switch|p1b: Ursaluna|Ursaluna-Bloodmoon, L50, M|100/100
|switch|p2a: Garchomp|Garchomp, L50, M|100/100
|switch|p2b: Hydreigon|Hydreigon, L50, M|100/100
|turn|1
|
|t:|1756994347
|-terastallize|p1a: Talonflame|Water
|move|p2a: Garchomp|Protect|p2a: Garchomp
|-singleturn|p2a: Garchomp|Protect
|move|p1a: Talonflame|Tailwind|p1a: Talonflame
|-sidestart|p1: RickCtrl|move: Tailwind
|move|p1b: Ursaluna|Blood Moon|p2b: Hydreigon
|-damage|p2b: Hydreigon|0 fnt
|faint|p2b: Hydreigon
|-damage|p1b: Ursaluna|91/100|[from] item: Life Orb
|
|upkeep
|
|t:|1756994360
|switch|p2b: Corviknight|Corviknight, L50, F|100/100
|turn|2
|
|t:|1756994375
|switch|p2a: Clefairy|Clefairy, L50, F|100/100
|move|p1a: Talonflame|Will-O-Wisp|p2a: Clefairy
|-status|p2a: Clefairy|brn
|move|p1b: Ursaluna|Hyper Voice|p2a: Clefairy|[spread] p2a,p2b
|-resisted|p2b: Corviknight
|-damage|p2a: Clefairy|63/100 brn
|-damage|p2b: Corviknight|82/100
|-damage|p1b: Ursaluna|81/100|[from] item: Life Orb
|move|p2b: Corviknight|Brave Bird|p1b: Ursaluna
|-damage|p1b: Ursaluna|52/100
|-damage|p2b: Corviknight|72/100|[from] Recoil
|
|-damage|p2a: Clefairy|57/100 brn|[from] brn
|upkeep
|turn|3
|
|t:|1756994411
|move|p2a: Clefairy|Follow Me|p2a: Clefairy
|-singleturn|p2a: Clefairy|move: Follow Me
|move|p1a: Talonflame|Dual Wingbeat|p2a: Clefairy
|-damage|p2a: Clefairy|42/100 brn
|-damage|p2a: Clefairy|28/100 brn
|-hitcount|p2a: Clefairy|2
|move|p1b: Ursaluna|Hyper Voice|p2b: Corviknight|[spread] p2a,p2b
|-resisted|p2b: Corviknight
|-damage|p2a: Clefairy|0 fnt
|-damage|p2b: Corviknight|54/100
|faint|p2a: Clefairy
|-damage|p1b: Ursaluna|43/100|[from] item: Life Orb
|move|p2b: Corviknight|Tailwind|p2b: Corviknight
|-sidestart|p2: mnmn13332|move: Tailwind
|
|upkeep
|
|t:|1756994426
|switch|p2a: Garchomp|Garchomp, L50, M|100/100
|turn|4
|
|t:|1756994440
|move|p2a: Garchomp|Protect|p2a: Garchomp
|-singleturn|p2a: Garchomp|Protect
|move|p1a: Talonflame|Flare Blitz|p2b: Corviknight
|-supereffective|p2b: Corviknight
|-damage|p2b: Corviknight|0 fnt
|-damage|p1a: Talonflame|84/100|[from] item: Rocky Helmet|[of] p2b: Corviknight
|faint|p2b: Corviknight
|-damage|p1a: Talonflame|64/100|[from] Recoil
|move|p1b: Ursaluna|Blood Moon|p2a: Garchomp
|-activate|p2a: Garchomp|move: Protect
|
|-sideend|p1: RickCtrl|move: Tailwind
|upkeep
|turn|5
|
|t:|1756994464
|-terastallize|p2a: Garchomp|Ground
|move|p1b: Ursaluna|Protect|p1b: Ursaluna
|-singleturn|p1b: Ursaluna|Protect
|move|p2a: Garchomp|Earthquake|p1a: Talonflame|[spread] p1a
|-activate|p1b: Ursaluna|move: Protect
|-damage|p1a: Talonflame|0 fnt
|faint|p1a: Talonflame
|-damage|p2a: Garchomp|91/100|[from] item: Life Orb
|
|upkeep
|c|☆mnmn13332|gg
|
|t:|1756994476
|switch|p1a: Dragonite|Dragonite, L50, M|100/100
|turn|6
|c|☆mnmn13332|wp
|
|t:|1756994486
|move|p2a: Garchomp|Dragon Claw|p1a: Dragonite
|-supereffective|p1a: Dragonite
|-damage|p1a: Dragonite|46/100
|-damage|p2a: Garchomp|81/100|[from] item: Life Orb
|move|p1b: Ursaluna|Blood Moon|p2a: Garchomp
|-damage|p2a: Garchomp|0 fnt
|faint|p2a: Garchomp
|-damage|p1b: Ursaluna|33/100|[from] item: Life Orb
|
|win|RickCtrl
||mnmn13332 is ready for game 2.
|inactive|RickCtrl has 30 seconds to confirm battle start!
