|j|☆Lev001
|j|☆Nachorg14
|html|Lev001Nachorg14    
|uhtml|bestof|Game 2 of a best-of-3
|t:|1785437305
|gametype|doubles
|player|p1|Lev001|169|1115
|player|p2|Nachorg14|266|1214
|gen|9
|tier|[Gen 9 Champions] VGC 2026 Reg M-B (Bo3)
|rated|
|rule|Species Clause: Limit one of each Pokémon
|rule|Item Clause: Limit 1 of each item
|clearpoke
|poke|p1|Whimsicott, L50, F|
|poke|p1|Garchomp, L50, F|
|poke|p1|Tyranitar, L50, F|
|poke|p1|Charizard, L50, M|
|poke|p1|Sinistcha, L50|
|poke|p1|Milotic, L50, F|
|poke|p2|Whimsicott, L50, F|
|poke|p2|Sylveon, L50, M|
|poke|p2|Kingambit, L50, M|
|poke|p2|Charizard, L50, M|
|poke|p2|Basculegion, L50, M|
|poke|p2|Garchomp, L50, F|
|teampreview|4
|showteam|p1|Whimsicott||FocusSash|Prankster|Moonblast,Tailwind,Encore,Protect|Timid||F|||50|]Garchomp||LifeOrb|RoughSkin|Earthquake,StompingTantrum,DragonClaw,Protect|Jolly||F|||50|]Tyranitar||ChoiceScarf|SandStream|RockSlide,KnockOff,LowKick,IcePunch|Jolly||F|||50|]Charizard||CharizarditeY|Blaze|HeatWave,WeatherBall,SolarBeam,Protect|Modest||M|||50|]Sinistcha||KasibBerry|Hospitality|MatchaGotcha,RagePowder,ShadowBall,Protect|Modest|||||50|]Milotic||Leftovers|Competitive|Protect,IceBeam,WeatherBall,Scald|Bold||F|||50|
|showteam|p2|Whimsicott||FocusSash|Prankster|Protect,Encore,Tailwind,Moonblast|Timid||F|||50|]Sylveon||FairyFeather|Pixilate|HyperBeam,HyperVoice,Detect,QuickAttack|Modest||M|||50|]Kingambit||ChopleBerry|Defiant|KowtowCleave,SuckerPunch,IronHead,LowKick|Adamant||M|||50|]Charizard||CharizarditeY|Blaze|WeatherBall,HeatWave,Protect,SolarBeam|Modest||M|||50|]Basculegion||MysticWater|Adaptability|LastRespects,AquaJet,Protect,WaveCrash|Adamant||M|||50|]Garchomp||LifeOrb|RoughSkin|Protect,Earthquake,DragonClaw,RockSlide|Jolly||F|||50|
|inactive|Battle timer is ON: inactive players will automatically lose when time's up. (requested by Nachorg14)
|
|t:|1785437316
|teamsize|p1|4
|teamsize|p2|4
|start
|switch|p1a: Whimsicott|Whimsicott, L50, F|100/100
|switch|p1b: Charizard|Charizard, L50, M|100/100
|switch|p2a: Sra.Fidelia|Whimsicott, L50, F|100/100
|switch|p2b: El Bicho|Kingambit, L50, M|100/100
|turn|1
|
|t:|1785437334
|switch|p2b: Pidaña|Basculegion, L50, M|100/100
|detailschange|p1b: Charizard|Charizard-Mega-Y, L50, M
|-mega|p1b: Charizard|Charizard|Charizardite Y
|-weather|SunnyDay|[from] ability: Drought|[of] p1b: Charizard
|move|p2a: Sra.Fidelia|Tailwind|p2a: Sra.Fidelia
|-sidestart|p2: Nachorg14|move: Tailwind
|move|p1a: Whimsicott|Tailwind|p1a: Whimsicott
|-sidestart|p1: Lev001|move: Tailwind
|move|p1b: Charizard|Heat Wave|p2b: Pidaña|[spread] p2b
|-miss|p1b: Charizard|p2a: Sra.Fidelia
|-resisted|p2b: Pidaña|1
|-damage|p2b: Pidaña|64/100
|
|-weather|SunnyDay|[upkeep]
|upkeep
|turn|2
|inactive|Lev001 has 30 seconds left.
|
|t:|1785437366
|switch|p1a: Tyranitar|Tyranitar, L50, F|100/100
|-weather|Sandstorm|[from] ability: Sand Stream|[of] p1a: Tyranitar
|move|p2a: Sra.Fidelia|Protect|p2a: Sra.Fidelia
|-singleturn|p2a: Sra.Fidelia|Protect
|move|p1b: Charizard|Protect|p1b: Charizard
|-singleturn|p1b: Charizard|Protect
|move|p2b: Pidaña|Wave Crash|p1b: Charizard
|-activate|p1b: Charizard|move: Protect
|
|-weather|Sandstorm|[upkeep]
|-damage|p2a: Sra.Fidelia|94/100|[from] Sandstorm
|-damage|p1b: Charizard|93/100|[from] Sandstorm
|-damage|p2b: Pidaña|58/100|[from] Sandstorm
|upkeep
|turn|3
|inactive|Lev001 has 30 seconds left.
|inactive|Lev001 has 20 seconds left.
|
|t:|1785437405
|switch|p1b: Milotic|Milotic, L50, F|100/100
|move|p2a: Sra.Fidelia|Encore||[still]
|-fail|p2a: Sra.Fidelia
|move|p1a: Tyranitar|Knock Off|p2b: Pidaña
|-supereffective|p2b: Pidaña|1
|-damage|p2b: Pidaña|0 fnt
|-enditem|p2b: Pidaña|Mystic Water|[from] move: Knock Off|[of] p1a: Tyranitar
|faint|p2b: Pidaña
|
|-weather|Sandstorm|[upkeep]
|-damage|p2a: Sra.Fidelia|88/100|[from] Sandstorm
|-damage|p1b: Milotic|94/100|[from] Sandstorm
|-heal|p1b: Milotic|100/100|[from] item: Leftovers
|upkeep
|
|t:|1785437418
|switch|p2b: El Bicho|Kingambit, L50, M|100/100
|turn|4
|
|t:|1785437428
|switch|p1a: Charizard|Charizard-Mega-Y, L50, M|93/100
|-weather|SunnyDay|[from] ability: Drought|[of] p1a: Charizard
|move|p2a: Sra.Fidelia|Moonblast|p1b: Milotic
|-damage|p1b: Milotic|74/100
|move|p1b: Milotic|Ice Beam|p2a: Sra.Fidelia
|-supereffective|p2a: Sra.Fidelia|1
|-damage|p2a: Sra.Fidelia|18/100
|move|p2b: El Bicho|Kowtow Cleave|p1a: Charizard
|-damage|p1a: Charizard|44/100
|
|-weather|SunnyDay|[upkeep]
|-heal|p1b: Milotic|80/100|[from] item: Leftovers
|-sideend|p1: Lev001|move: Tailwind
|-sideend|p2: Nachorg14|move: Tailwind
|upkeep
|turn|5
|
|t:|1785437448
|move|p1a: Charizard|Protect|p1a: Charizard
|-singleturn|p1a: Charizard|Protect
|move|p2a: Sra.Fidelia|Tailwind|p2a: Sra.Fidelia
|-sidestart|p2: Nachorg14|move: Tailwind
|move|p2b: El Bicho|Kowtow Cleave|p1a: Charizard
|-activate|p1a: Charizard|move: Protect
|move|p1b: Milotic|Weather Ball|p2b: El Bicho
|-supereffective|p2b: El Bicho|1
|-damage|p2b: El Bicho|38/100
|
|-weather|SunnyDay|[upkeep]
|-heal|p1b: Milotic|86/100|[from] item: Leftovers
|upkeep
|turn|6
|inactive|Lev001 has 30 seconds left.
|
|t:|1785437473
|switch|p1a: Whimsicott|Whimsicott, L50, F|100/100
|move|p2a: Sra.Fidelia|Moonblast|p1b: Milotic
|-damage|p1b: Milotic|62/100
|move|p2b: El Bicho|Low Kick|p1a: Whimsicott
|-resisted|p1a: Whimsicott|1
|-crit|p1a: Whimsicott
|-damage|p1a: Whimsicott|92/100
|move|p1b: Milotic|Weather Ball|p2b: El Bicho
|-supereffective|p2b: El Bicho|1
|-damage|p2b: El Bicho|0 fnt
|faint|p2b: El Bicho
|
|-weather|SunnyDay|[upkeep]
|-heal|p1b: Milotic|68/100|[from] item: Leftovers
|upkeep
|
|t:|1785437487
|switch|p2b: Cheeto|Charizard, L50, M|100/100
|turn|7
|
|t:|1785437505
|detailschange|p2b: Cheeto|Charizard-Mega-Y, L50, M
|-mega|p2b: Cheeto|Charizard|Charizardite Y
|move|p2a: Sra.Fidelia|Protect|p2a: Sra.Fidelia
|-singleturn|p2a: Sra.Fidelia|Protect
|move|p1a: Whimsicott|Protect|p1a: Whimsicott
|-singleturn|p1a: Whimsicott|Protect
|move|p1b: Milotic|Protect|p1b: Milotic
|-singleturn|p1b: Milotic|Protect
|move|p2b: Cheeto|Heat Wave|p1a: Whimsicott|[spread] 
|-activate|p1a: Whimsicott|move: Protect
|-activate|p1b: Milotic|move: Protect
|
|-weather|SunnyDay|[upkeep]
|-heal|p1b: Milotic|74/100|[from] item: Leftovers
|upkeep
|turn|8
|
|t:|1785437524
|switch|p1a: Tyranitar|Tyranitar, L50, F|100/100
|-weather|Sandstorm|[from] ability: Sand Stream|[of] p1a: Tyranitar
|move|p2a: Sra.Fidelia|Encore|p1b: Milotic
|-start|p1b: Milotic|Encore
|move|p1b: Milotic|Protect||[still]
|-fail|p1b: Milotic
|move|p2b: Cheeto|Heat Wave|p1a: Tyranitar|[spread] p1a,p1b
|-resisted|p1a: Tyranitar|1
|-resisted|p1b: Milotic|1
|-crit|p1b: Milotic
|-damage|p1a: Tyranitar|86/100
|-damage|p1b: Milotic|50/100g
|
|-weather|Sandstorm|[upkeep]
|-damage|p2a: Sra.Fidelia|12/100|[from] Sandstorm
|-damage|p2b: Cheeto|93/100|[from] Sandstorm
|-damage|p1b: Milotic|45/100|[from] Sandstorm
|-heal|p1b: Milotic|50/100g|[from] item: Leftovers
|-sideend|p2: Nachorg14|move: Tailwind
|upkeep
|turn|9
|
|t:|1785437546
|switch|p1b: Whimsicott|Whimsicott, L50, F|92/100
|move|p2a: Sra.Fidelia|Moonblast|p1a: Tyranitar
|-supereffective|p1a: Tyranitar|1
|-damage|p1a: Tyranitar|42/100
|-unboost|p1a: Tyranitar|spa|1
|move|p1a: Tyranitar|Rock Slide|p2b: Cheeto|[spread] p2b
|-miss|p1a: Tyranitar|p2a: Sra.Fidelia
|-supereffective|p2b: Cheeto|2
|-damage|p2b: Cheeto|0 fnt
|faint|p2b: Cheeto
|
|-weather|Sandstorm|[upkeep]
|-damage|p1b: Whimsicott|86/100|[from] Sandstorm
|-damage|p2a: Sra.Fidelia|6/100|[from] Sandstorm
|upkeep
|turn|10
|l|☆Nachorg14
|inactive|Nachorg14 disconnected and has a minute to reconnect!
|player|p2|
|inactive|Nachorg14 has 30 seconds left.
|inactive|Nachorg14 has 20 seconds left.
|inactive|Nachorg14 has 15 seconds left.
|inactive|Nachorg14 has 10 seconds left.
|inactive|Nachorg14 has 5 seconds left.
|-message|Nachorg14 lost due to inactivity.
|
|win|Lev001
|raw|Lev001's rating: 1115 → 1147(+32 for winning)
|raw|Nachorg14's rating: 1214 → 1182(-32 for losing)
|l|☆Lev001
|player|p1|
|j|☆Lev001
|player|p1|Lev001|169|
