|j|☆wintradeofmanuel
|j|☆adjnorr
|html|wintradeofmanueladjnorr    
|uhtml|bestof|Game 1 of a best-of-3
|t:|1785336961
|gametype|doubles
|player|p1|wintradeofmanuel|170|1333
|player|p2|adjnorr|2|1263
|gen|9
|tier|[Gen 9 Champions] VGC 2026 Reg M-B (Bo3)
|rated|
|rule|Species Clause: Limit one of each Pokémon
|rule|Item Clause: Limit 1 of each item
|clearpoke
|poke|p1|Scovillain, L50, M|
|poke|p1|Sylveon, L50, M|
|poke|p1|Kingambit, L50, M|
|poke|p1|Lycanroc-Dusk, L50, M|
|poke|p1|Basculegion, L50, M|
|poke|p1|Metagross, L50|
|poke|p2|Staraptor, L50, F|
|poke|p2|Delphox, L50, F|
|poke|p2|Whimsicott, L50, F|
|poke|p2|Glimmora, L50, F|
|poke|p2|Garchomp, L50, M|
|poke|p2|Kingambit, L50, M|
|teampreview|4
|showteam|p1|Scovillain||Scovillainite|Moody|GigaDrain,Overheat,RagePowder,Protect|Bold||M|||50|]Sylveon||FairyFeather|Pixilate|HyperVoice,HyperBeam,QuickAttack,Detect|Modest||M|||50|]Kingambit||BlackGlasses|Defiant|KowtowCleave,SuckerPunch,SwordsDance,Protect|Adamant||M|||50|]Lycanroc-Dusk||FocusSash|ToughClaws|CloseCombat,Accelerock,RockSlide,Protect|Adamant||M|||50|]Basculegion||SitrusBerry|Adaptability|WaveCrash,LastRespects,AquaJet,Protect|Adamant||M|||50|]Metagross||Metagrossite|ClearBody|IronHead,PsychicFangs,IcePunch,Protect|Jolly|||||50|
|showteam|p2|Staraptor||Staraptite|Intimidate|BraveBird,CloseCombat,Roost,Protect|Jolly||F|||50|]Delphox||Delphoxite|Blaze|HeatWave,Psychic,Encore,Protect|Timid||F|||50|]Whimsicott||OccaBerry|Prankster|Moonblast,Tailwind,Charm,LightScreen|Timid||F|||50|]Glimmora||FocusSash|ToxicDebris|PowerGem,SludgeBomb,EarthPower,SpikyShield|Timid||F|||50|]Garchomp||LifeOrb|RoughSkin|DragonClaw,Earthquake,RockSlide,Protect|Jolly||M|||50|]Kingambit||ChopleBerry|Defiant|KowtowCleave,IronHead,SuckerPunch,LowKick|Adamant||M|||50|
|inactive|Battle timer is ON: inactive players will automatically lose when time's up. (requested by wintradeofmanuel)
|
|t:|1785337004
|teamsize|p1|4
|teamsize|p2|4
|start
|switch|p1a: Scovillain|Scovillain, L50, M|100/100
|switch|p1b: Basculegion|Basculegion, L50, M|100/100
|switch|p2a: Delphox|Delphox, L50, F|100/100
|switch|p2b: Kingambit|Kingambit, L50, M|100/100
|turn|1
|inactive|adjnorr has 30 seconds left.
|inactive|adjnorr has 20 seconds left.
|
|t:|1785337039
|switch|p2b: Garchomp|Garchomp, L50, M|100/100
|detailschange|p2a: Delphox|Delphox-Mega, L50, F
|-mega|p2a: Delphox|Delphox|Delphoxite
|detailschange|p1a: Scovillain|Scovillain-Mega, L50, M
|-mega|p1a: Scovillain|Scovillain|Scovillainite
|move|p1a: Scovillain|Rage Powder|p1a: Scovillain
|-singleturn|p1a: Scovillain|move: Rage Powder
|move|p2a: Delphox|Psychic|p1a: Scovillain
|-damage|p1a: Scovillain|51/100
|-immune|p2a: Delphox
|move|p1b: Basculegion|Wave Crash|p2b: Garchomp
|-damage|p2b: Garchomp|10/100
|-damage|p1b: Basculegion|87/100|[from] ability: Rough Skin|[of] p2b: Garchomp
|-damage|p1b: Basculegion|60/100|[from] Recoil
|
|upkeep
|turn|2
|inactive|wintradeofmanuel has 30 seconds left.
|inactive|adjnorr has 30 seconds left.
|
|t:|1785337074
|move|p1b: Basculegion|Protect|p1b: Basculegion
|-singleturn|p1b: Basculegion|Protect
|move|p1a: Scovillain|Rage Powder|p1a: Scovillain
|-singleturn|p1a: Scovillain|move: Rage Powder
|move|p2a: Delphox|Psychic|p1a: Scovillain
|-damage|p1a: Scovillain|1/100
|-immune|p2a: Delphox
|move|p2b: Garchomp|Rock Slide|p1b: Basculegion|[spread] p1a
|-activate|p1b: Basculegion|move: Protect
|-supereffective|p1a: Scovillain|1
|-damage|p1a: Scovillain|0 fnt
|-status|p2b: Garchomp|brn|[from] ability: Spicy Spray|[of] p1a: Scovillain
|faint|p1a: Scovillain
|-damage|p2b: Garchomp|1/100 brn|[from] item: Life Orb
|
|-damage|p2b: Garchomp|0 fnt|[from] brn
|faint|p2b: Garchomp
|upkeep
|
|t:|1785337092
|switch|p2b: Whimsicott|Whimsicott, L50, F|100/100
|switch|p1a: Lycanroc|Lycanroc-Dusk, L50, M|100/100
|turn|3
|inactive|adjnorr has 30 seconds left.
|
|t:|1785337119
|move|p2b: Whimsicott|Charm|p1b: Basculegion
|-unboost|p1b: Basculegion|atk|2
|move|p2a: Delphox|Psychic|p1a: Lycanroc
|-damage|p1a: Lycanroc|17/100
|move|p1a: Lycanroc|Rock Slide|p2a: Delphox|[spread] p2a,p2b
|-supereffective|p2a: Delphox|1
|-damage|p2a: Delphox|31/100
|-damage|p2b: Whimsicott|63/100
|move|p1b: Basculegion|Last Respects|p2a: Delphox
|-supereffective|p2a: Delphox|1
|-damage|p2a: Delphox|0 fnt
|faint|p2a: Delphox
|
|upkeep
|
|t:|1785337131
|switch|p2a: Kingambit|Kingambit, L50, M|100/100
|turn|4
|
|t:|1785337147
|switch|p1b: Sylveon|Sylveon, L50, M|100/100
|move|p1a: Lycanroc|Protect|p1a: Lycanroc
|-singleturn|p1a: Lycanroc|Protect
|move|p2a: Kingambit|Sucker Punch||[still]
|-fail|p2a: Kingambit
|move|p2b: Whimsicott|Moonblast|p1a: Lycanroc
|-activate|p1a: Lycanroc|move: Protect
|
|upkeep
|turn|5
|
|t:|1785337162
|switch|p1a: Basculegion|Basculegion, L50, M|60/100
|move|p2b: Whimsicott|Tailwind|p2b: Whimsicott
|-sidestart|p2: adjnorr|move: Tailwind
|move|p2a: Kingambit|Iron Head|p1b: Sylveon
|-supereffective|p1b: Sylveon|1
|-damage|p1b: Sylveon|0 fnt
|faint|p1b: Sylveon
|
|upkeep
|
|t:|1785337165
|switch|p1b: Lycanroc|Lycanroc-Dusk, L50, M|17/100
|turn|6
|
|t:|1785337175
|move|p1b: Lycanroc|Protect|p1b: Lycanroc
|-singleturn|p1b: Lycanroc|Protect
|move|p2a: Kingambit|Sucker Punch|p1a: Basculegion
|-supereffective|p1a: Basculegion|1
|-damage|p1a: Basculegion|0 fnt
|faint|p1a: Basculegion
|move|p2b: Whimsicott|Moonblast|p1b: Lycanroc
|-activate|p1b: Lycanroc|move: Protect
|
|upkeep
|turn|7
|-message|wintradeofmanuel forfeited.
|
|win|adjnorr
||adjnorr is ready for game 2.
||wintradeofmanuel is ready for game 2.
|uhtml|next|Next: Game 2 of 3
|l|☆adjnorr
|player|p2|
