|j|☆WASHINGTONGARGACHA
|j|☆arnau3kum
|html|WASHINGTONGARGACHAarnau3kum    
|uhtml|bestof|Game 2 of a best-of-3
|t:|1757767366
|gametype|doubles
|player|p1|WASHINGTONGARGACHA|101|1143
|player|p2|arnau3kum|101|1268
|gen|9
|tier|[Gen 9] VGC 2025 Reg H (Bo3)
|rated|
|rule|Species Clause: Limit one of each Pokémon
|rule|Item Clause: Limit 1 of each item
|clearpoke
|poke|p1|Gholdengo, L50|
|poke|p1|Ursaluna, L50, F|
|poke|p1|Archaludon, L50, M|
|poke|p1|Murkrow, L50, F|
|poke|p1|Indeedee-F, L50, F|
|poke|p1|Sneasler, L50, M|
|poke|p2|Annihilape, L50, F|
|poke|p2|Klefki, L50, M|
|poke|p2|Maushold, L50|
|poke|p2|Ninetales-Alola, L50, F|
|poke|p2|Sinistcha-Masterpiece, L50|
|poke|p2|Ursaluna-Bloodmoon, L50, M|
|teampreview|4
|showteam|p1|Gholdengo||ChoiceSpecs|GoodasGold|ShadowBall,MakeItRain,SteelBeam,PowerGem||||||50|,,,,,Steel]Ursaluna||FlameOrb|Guts|Facade,HeadlongRush,Earthquake,Protect|||F|||50|,,,,,Ghost]Archaludon||PowerHerb|Sturdy|ElectroShot,FlashCannon,DracoMeteor,Protect|||M|||50|,,,,,Grass]Murkrow||Eviolite|Prankster|Tailwind,RainDance,FoulPlay,Haze|||F|||50|,,,,,Dark]Indeedee-F||SitrusBerry|PsychicSurge|FollowMe,TrickRoom,Psychic,Imprison|||F|||50|,,,,,Fire]Sneasler||PsychicSeed|Unburden|CloseCombat,DireClaw,ThroatChop,Protect|||M|||50|,,,,,Dark
|showteam|p2|Annihilape||Leftovers|Defiant|RageFist,DrainPunch,BulkUp,Protect|||F|||50|,,,,,Fire]Klefki||LightClay|Prankster|DazzlingGleam,LightScreen,Reflect,MistyTerrain|||M|||50|,,,,,Ghost]Maushold||CovertCloak|FriendGuard|BeatUp,FollowMe,Taunt,Protect||||||50|,,,,,Grass]Ninetales-Alola||FocusSash|SnowWarning|FreezeDry,Blizzard,Encore,Protect|||F|||50|,,,,,Ghost]Sinistcha-Masterpiece||SitrusBerry|Hospitality|MatchaGotcha,LifeDew,RagePowder,TrickRoom||||||50|,,,,,Water]Ursaluna-Bloodmoon||AssaultVest|MindsEye|BloodMoon,HyperVoice,EarthPower,VacuumWave|||M|||50|,,,,,Water
|inactive|Battle timer is ON: inactive players will automatically lose when time's up. (requested by arnau3kum)
|
|t:|1757767388
|teamsize|p1|4
|teamsize|p2|4
|start
|switch|p1a: Indeedee|Indeedee-F, L50, F|100/100
|switch|p1b: Gholdengo|Gholdengo, L50|100/100
|switch|p2a: Ursaluna|Ursaluna-Bloodmoon, L50, M|100/100
|switch|p2b: Klefki|Klefki, L50, M|100/100
|-fieldstart|move: Psychic Terrain|[from] ability: Psychic Surge|[of] p1a: Indeedee
|turn|1
|
|t:|1757767404
|move|p1a: Indeedee|Follow Me|p1a: Indeedee
|-singleturn|p1a: Indeedee|move: Follow Me
|move|p2b: Klefki|Light Screen|p2b: Klefki
|-sidestart|p2: arnau3kum|move: Light Screen
|move|p1b: Gholdengo|Make It Rain|p2b: Klefki|[spread] p2a,p2b
|-damage|p2a: Ursaluna|59/100
|-damage|p2b: Klefki|44/100
|-unboost|p1b: Gholdengo|spa|1
|move|p2a: Ursaluna|Hyper Voice|p1a: Indeedee|[spread] p1a,p1b
|-resisted|p1b: Gholdengo
|-damage|p1a: Indeedee|66/100
|-damage|p1b: Gholdengo|80/100
|
|upkeep
|turn|2
|
|t:|1757767434
|switch|p2b: Annihilape|Annihilape, L50, F|100/100
|move|p1b: Gholdengo|Make It Rain|p2a: Ursaluna|[spread] p2a,p2b
|-damage|p2a: Ursaluna|32/100
|-damage|p2b: Annihilape|72/100
|-unboost|p1b: Gholdengo|spa|1
|move|p1a: Indeedee|Psychic|p2a: Ursaluna
|-damage|p2a: Ursaluna|12/100
|move|p2a: Ursaluna|Hyper Voice|p1a: Indeedee|[spread] p1a,p1b
|-resisted|p1b: Gholdengo
|-damage|p1a: Indeedee|35/100
|-damage|p1b: Gholdengo|62/100
|-enditem|p1a: Indeedee|Sitrus Berry|[eat]
|-heal|p1a: Indeedee|60/100|[from] item: Sitrus Berry
|
|-heal|p2b: Annihilape|78/100|[from] item: Leftovers
|upkeep
|turn|3
|inactive|WASHINGTONGARGACHA has 30 seconds left.
|inactive|arnau3kum has 30 seconds left.
|
|t:|1757767464
|switch|p1b: Sneasler|Sneasler, L50, M|100/100
|-enditem|p1b: Sneasler|Psychic Seed
|-boost|p1b: Sneasler|spd|1|[from] item: Psychic Seed
|switch|p2a: Klefki|Klefki, L50, M|44/100
|move|p2b: Annihilape|Rage Fist|p1b: Sneasler
|-damage|p1b: Sneasler|19/100
|move|p1a: Indeedee|Psychic|p2a: Klefki
|-resisted|p2a: Klefki
|-damage|p2a: Klefki|31/100
|
|-heal|p2b: Annihilape|84/100|[from] item: Leftovers
|upkeep
|turn|4
|inactive|arnau3kum has 30 seconds left.
|
|t:|1757767491
|-terastallize|p2b: Annihilape|Fire
|move|p1b: Sneasler|Protect|p1b: Sneasler
|-singleturn|p1b: Sneasler|Protect
|move|p2a: Klefki|Reflect|p2a: Klefki
|-sidestart|p2: arnau3kum|Reflect
|move|p2b: Annihilape|Bulk Up|p2b: Annihilape
|-boost|p2b: Annihilape|atk|1
|-boost|p2b: Annihilape|def|1
|move|p1a: Indeedee|Psychic|p2b: Annihilape
|-damage|p2b: Annihilape|62/100
|
|-heal|p2b: Annihilape|68/100|[from] item: Leftovers
|upkeep
|turn|5
|
|t:|1757767513
|move|p1b: Sneasler|Close Combat|p2a: Klefki
|-damage|p2a: Klefki|0 fnt
|-unboost|p1b: Sneasler|def|1
|-unboost|p1b: Sneasler|spd|1
|faint|p2a: Klefki
|move|p2b: Annihilape|Drain Punch|p1a: Indeedee
|-damage|p1a: Indeedee|0 fnt
|-heal|p2b: Annihilape|93/100|[from] drain|[of] p1a: Indeedee
|faint|p1a: Indeedee
|
|-heal|p2b: Annihilape|99/100|[from] item: Leftovers
|-fieldend|move: Psychic Terrain
|upkeep
|
|t:|1757767530
|switch|p2a: Ursaluna|Ursaluna-Bloodmoon, L50, M|12/100
|switch|p1a: Ursaluna|Ursaluna, L50, F|100/100
|turn|6
|inactive|WASHINGTONGARGACHA has 30 seconds left.
|inactive|WASHINGTONGARGACHA has 20 seconds left.
|
|t:|1757767569
|move|p1b: Sneasler|Throat Chop|p2b: Annihilape
|-crit|p2b: Annihilape
|-damage|p2b: Annihilape|52/100
|-start|p2b: Annihilape|Throat Chop|[silent]
|move|p2b: Annihilape|Rage Fist|p1b: Sneasler
|-damage|p1b: Sneasler|0 fnt
|faint|p1b: Sneasler
|move|p1a: Ursaluna|Earthquake|p2b: Annihilape|[spread] p2a,p2b
|-supereffective|p2b: Annihilape
|-damage|p2a: Ursaluna|0 fnt
|-damage|p2b: Annihilape|15/100
|faint|p2a: Ursaluna
|
|-heal|p2b: Annihilape|21/100|[from] item: Leftovers
|-status|p1a: Ursaluna|brn|[from] item: Flame Orb
|upkeep
|
|t:|1757767582
|switch|p1b: Gholdengo|Gholdengo, L50|62/100
|switch|p2a: Ninetales|Ninetales-Alola, L50, F|100/100
|-weather|Snowscape|[from] ability: Snow Warning|[of] p2a: Ninetales
|turn|7
|inactive|WASHINGTONGARGACHA has 30 seconds left.
|
|t:|1757767608
|-terastallize|p1a: Ursaluna|Ghost
|move|p2a: Ninetales|Blizzard|p1a: Ursaluna|[spread] p1a,p1b
|-resisted|p1b: Gholdengo
|-damage|p1a: Ursaluna|70/100 brn
|-damage|p1b: Gholdengo|47/100
|-status|p1b: Gholdengo|frz
|move|p2b: Annihilape|Rage Fist|p1b: Gholdengo
|-supereffective|p1b: Gholdengo
|-damage|p1b: Gholdengo|0 fnt
|faint|p1b: Gholdengo
|move|p1a: Ursaluna|Earthquake|p2b: Annihilape|[spread] p2a,p2b
|-crit|p2a: Ninetales
|-supereffective|p2b: Annihilape
|-enditem|p2a: Ninetales|Focus Sash
|-damage|p2a: Ninetales|1/100
|-damage|p2b: Annihilape|0 fnt
|faint|p2b: Annihilape
|
|-weather|Snowscape|[upkeep]
|-damage|p1a: Ursaluna|64/100 brn|[from] brn
|upkeep
|turn|8
|
|t:|1757767629
|move|p2a: Ninetales|Protect|p2a: Ninetales
|-singleturn|p2a: Ninetales|Protect
|move|p1a: Ursaluna|Facade|p2a: Ninetales
|-activate|p2a: Ninetales|move: Protect
|
|-weather|Snowscape|[upkeep]
|-damage|p1a: Ursaluna|58/100 brn|[from] brn
|-sideend|p2: arnau3kum|move: Light Screen
|upkeep
|turn|9
|
|t:|1757767637
|move|p2a: Ninetales|Blizzard|p1a: Ursaluna
|-damage|p1a: Ursaluna|14/100 brn
|move|p1a: Ursaluna|Facade|p2a: Ninetales
|-damage|p2a: Ninetales|0 fnt
|faint|p2a: Ninetales
|
|win|WASHINGTONGARGACHA
