|j|☆Qicide
|j|☆MrTedno
|html|QicideMrTedno    
|uhtml|bestof|Game 1 of a best-of-3
|t:|1757093027
|gametype|doubles
|player|p1|Qicide|red|1280
|player|p2|MrTedno|170|1241
|gen|9
|tier|[Gen 9] VGC 2025 Reg H (Bo3)
|rated|
|rule|Species Clause: Limit one of each Pokémon
|rule|Item Clause: Limit 1 of each item
|clearpoke
|poke|p1|Porygon2, L50|
|poke|p1|Incineroar, L50, M|
|poke|p1|Ursaluna, L50, M|
|poke|p1|Jumpluff, L50, M|
|poke|p1|Charizard, L50, F|
|poke|p1|Torkoal, L50, M|
|poke|p2|Ninetales-Alola, L50, M|
|poke|p2|Garchomp, L50, M|
|poke|p2|Flamigo, L50, M|
|poke|p2|Incineroar, L50, F|
|poke|p2|Gholdengo, L50|
|poke|p2|Amoonguss, L50, F|
|teampreview|4
|showteam|p1|Porygon2||Eviolite|Download|TeraBlast,IceBeam,TrickRoom,Recover||||||50|,,,,,Fighting]Incineroar||SitrusBerry|Intimidate|FakeOut,KnockOff,FlareBlitz,PartingShot|||M|||50|,,,,,Ghost]Ursaluna||FlameOrb|Guts|HeadlongRush,Facade,Earthquake,Protect|||M|||50|,,,,,Ghost]Jumpluff||CovertCloak|Chlorophyll|RagePowder,SunnyDay,Tailwind,SleepPowder|||M|||50|,,,,,Water]Charizard||ChoiceSpecs|SolarPower|HeatWave,Overheat,WeatherBall,SolarBeam|||F|||50|,,,,,Ghost]Torkoal||EjectPack|Drought|Overheat,Eruption,HelpingHand,Protect|||M|||50|,,,,,Fire
|showteam|p2|Ninetales-Alola||LightClay|SnowWarning|Protect,Blizzard,FreezeDry,AuroraVeil|||M|||50|,,,,,Water]Garchomp||ClearAmulet|RoughSkin|Earthquake,DragonClaw,StompingTantrum,Protect|||M|||50|,,,,,Fire]Flamigo||CovertCloak|Scrappy|BraveBird,CloseCombat,Tailwind,Detect|||M|||50|,,,,,Stellar]Incineroar||SafetyGoggles|Intimidate|FakeOut,PartingShot,FlareBlitz,KnockOff|||F|||50|,,,,,Ghost]Gholdengo||LifeOrb|GoodasGold|ShadowBall,MakeItRain,NastyPlot,Protect||||||50|,,,,,Flying]Amoonguss||SitrusBerry|Regenerator|Spore,RagePowder,PollenPuff,ClearSmog|||F|||50|,,,,,Water
|inactive|Battle timer is ON: inactive players will automatically lose when time's up. (requested by Qicide)
|inactive|Qicide has 60 seconds left.
|inactive|MrTedno has 60 seconds left.
|
|t:|1757093072
|teamsize|p1|4
|teamsize|p2|4
|start
|switch|p1a: Jumpluff|Jumpluff, L50, M|100/100
|switch|p1b: Charizard|Charizard, L50, F, shiny|100/100
|switch|p2a: Melman|Amoonguss, L50, F|100/100
|switch|p2b: Julien|Incineroar, L50, F|100/100
|-ability|p2b: Julien|Intimidate|boost
|-unboost|p1a: Jumpluff|atk|1
|-unboost|p1b: Charizard|atk|1
|turn|1
|inactive|MrTedno has 30 seconds left.
|inactive|MrTedno has 20 seconds left.
|inactive|MrTedno has 15 seconds left.
|inactive|MrTedno has 10 seconds left.
|
|t:|1757093121
|-terastallize|p1b: Charizard|Ghost
|-terastallize|p2a: Melman|Water
|move|p1a: Jumpluff|Sunny Day|p1a: Jumpluff
|-weather|SunnyDay
|move|p1b: Charizard|Heat Wave|p2b: Julien|[spread] p2a,p2b
|-resisted|p2a: Melman
|-resisted|p2b: Julien
|-damage|p2a: Melman|57/100
|-damage|p2b: Julien|59/100
|move|p2b: Julien|Parting Shot|p1b: Charizard
|-unboost|p1b: Charizard|atk|1
|-unboost|p1b: Charizard|spa|1
|inactive|MrTedno has 30 seconds left.
|inactive|MrTedno has 20 seconds left.
|inactive|MrTedno has 15 seconds left.
|
|t:|1757093162
|switch|p2b: Flamigo|Flamigo, L50, M|100/100|[from] Parting Shot
|move|p2a: Melman|Spore|p1b: Charizard
|-status|p1b: Charizard|slp|[from] move: Spore
|
|-weather|SunnyDay|[upkeep]
|-damage|p1b: Charizard|88/100 slp|[from] ability: Solar Power|[of] p1b: Charizard
|upkeep
|turn|2
|
|t:|1757093177
|switch|p2a: Julien|Incineroar, L50, F|59/100
|-ability|p2a: Julien|Intimidate|boost
|-unboost|p1a: Jumpluff|atk|1
|-unboost|p1b: Charizard|atk|1
|move|p1a: Jumpluff|Tailwind|p1a: Jumpluff
|-sidestart|p1: Qicide|move: Tailwind
|cant|p1b: Charizard|slp
|move|p2b: Flamigo|Brave Bird|p1a: Jumpluff
|-supereffective|p1a: Jumpluff
|-damage|p1a: Jumpluff|0 fnt
|faint|p1a: Jumpluff
|-damage|p2b: Flamigo|63/100|[from] Recoil
|
|-weather|SunnyDay|[upkeep]
|-damage|p1b: Charizard|76/100 slp|[from] ability: Solar Power|[of] p1b: Charizard
|upkeep
|
|t:|1757093187
|switch|p1a: Torkoal|Torkoal, L50, M|100/100
|turn|3
|inactive|MrTedno has 30 seconds left.
|inactive|MrTedno has 20 seconds left.
|inactive|MrTedno has 15 seconds left.
|
|t:|1757093227
|-curestatus|p1b: Charizard|slp|[msg]
|move|p1b: Charizard|Heat Wave|p2b: Flamigo|[spread] p2a,p2b
|-resisted|p2a: Julien
|-damage|p2a: Julien|29/100
|-damage|p2b: Flamigo|0 fnt
|faint|p2b: Flamigo
|move|p2a: Julien|Knock Off|p1b: Charizard
|-supereffective|p1b: Charizard
|-damage|p1b: Charizard|0 fnt
|-enditem|p1b: Charizard|Choice Specs|[from] move: Knock Off|[of] p2a: Julien
|faint|p1b: Charizard
|move|p1a: Torkoal|Overheat|p2a: Julien
|-resisted|p2a: Julien
|-damage|p2a: Julien|0 fnt
|-unboost|p1a: Torkoal|spa|2
|faint|p2a: Julien
|-enditem|p1a: Torkoal|Eject Pack
|
|t:|1757093235
|switch|p1a: Ursaluna|Ursaluna, L50, M|100/100
|
|-weather|SunnyDay|[upkeep]
|-status|p1a: Ursaluna|brn|[from] item: Flame Orb
|upkeep
|
|t:|1757093243
|switch|p1b: Torkoal|Torkoal, L50, M|100/100
|switch|p2b: Alex|Garchomp, L50, M|100/100
|switch|p2a: Melman|Amoonguss, L50, F, tera:Water|90/100
|turn|4
|inactive|MrTedno has 30 seconds left.
|
|t:|1757093269
|move|p1a: Ursaluna|Facade|p2a: Melman
|-damage|p2a: Melman|0 fnt
|faint|p2a: Melman
|move|p2b: Alex|Stomping Tantrum|p1b: Torkoal
|-supereffective|p1b: Torkoal
|-damage|p1b: Torkoal|36/100
|move|p1b: Torkoal|Eruption|p2b: Alex
|-resisted|p2b: Alex
|-damage|p2b: Alex|80/100
|
|-weather|SunnyDay|[upkeep]
|-damage|p1a: Ursaluna|95/100 brn|[from] brn
|upkeep
|turn|5
|
|t:|1757093284
|move|p1b: Torkoal|Helping Hand|p1a: Ursaluna
|-singleturn|p1a: Ursaluna|Helping Hand|[of] p1b: Torkoal
|move|p2b: Alex|Protect|p2b: Alex
|-singleturn|p2b: Alex|Protect
|move|p1a: Ursaluna|Facade|p2b: Alex
|-activate|p2b: Alex|move: Protect
|
|-weather|none
|-damage|p1a: Ursaluna|89/100 brn|[from] brn
|-sideend|p1: Qicide|move: Tailwind
|upkeep
|turn|6
|
|t:|1757093293
|move|p1b: Torkoal|Helping Hand|p1a: Ursaluna
|-singleturn|p1a: Ursaluna|Helping Hand|[of] p1b: Torkoal
|move|p2b: Alex|Earthquake|p1b: Torkoal|[spread] p1a,p1b
|-supereffective|p1b: Torkoal
|-damage|p1a: Ursaluna|61/100 brn
|-damage|p1b: Torkoal|0 fnt
|faint|p1b: Torkoal
|move|p1a: Ursaluna|Facade|p2b: Alex
|-damage|p2b: Alex|0 fnt
|-damage|p1a: Ursaluna|49/100 brn|[from] ability: Rough Skin|[of] p2b: Alex
|faint|p2b: Alex
|
|win|Qicide
||MrTedno is ready for game 2.
