|j|☆ClumbsyLilBeach
|j|☆lux raymundi
|html|ClumbsyLilBeachlux raymundi    
|uhtml|bestof|Game 3 of a best-of-3
|t:|1785628442
|gametype|doubles
|player|p1|ClumbsyLilBeach|jasmine|1120
|player|p2|lux raymundi|1|1290
|gen|9
|tier|[Gen 9 Champions] VGC 2026 Reg M-B (Bo3)
|rated|
|rule|Species Clause: Limit one of each Pokémon
|rule|Item Clause: Limit 1 of each item
|clearpoke
|poke|p1|Swampert, L50, F|
|poke|p1|Pelipper, L50, F|
|poke|p1|Basculegion, L50, M|
|poke|p1|Slowbro, L50, F|
|poke|p1|Blastoise, L50, F|
|poke|p1|Milotic, L50, M|
|poke|p2|Sneasler, L50, M|
|poke|p2|Blastoise, L50, M|
|poke|p2|Kingambit, L50, M|
|poke|p2|Incineroar, L50, M|
|poke|p2|Delphox, L50, F|
|poke|p2|Sinistcha, L50|
|teampreview|4
|showteam|p1|Swampert||Swampertite|Damp|Earthquake,Waterfall,BulkUp,Protect|Jolly||F|||50|]Pelipper||FocusSash|Drizzle|WideGuard,Tailwind,Hurricane,WeatherBall|Timid||F|||50|]Basculegion||ChoiceScarf|Adaptability|LastRespects,WaveCrash,FlipTurn,AquaJet|Jolly||M|||50|]Slowbro||Leftovers|Oblivious|TrickRoom,HealPulse,RainDance,Psychic|Relaxed||F|||50|]Blastoise||Blastoisinite|RainDish|FakeOut,Protect,WaterSpout,WaterPulse|Quiet||F|||50|]Milotic||SitrusBerry|Competitive|Protect,Scald,IceBeam,IcyWind|Modest||M|||50|
|showteam|p2|Sneasler||FocusSash|PoisonTouch|PoisonJab,CloseCombat,FakeOut,QuickGuard|Jolly||M|||50|]Blastoise||Blastoisinite|RainDish|DarkPulse,WaterSpout,ShellSmash,Protect|Modest||M|||50|]Kingambit||BlackGlasses|Defiant|KowtowCleave,SuckerPunch,SwordsDance,Protect|Adamant||M|||50|]Incineroar||SitrusBerry|Intimidate|FlareBlitz,ThroatChop,PartingShot,FakeOut|Careful||M|||50|]Delphox||Delphoxite|Blaze|HeatWave,NastyPlot,Psychic,Protect|Timid||F|||50|]Sinistcha||KasibBerry|Hospitality|MatchaGotcha,RagePowder,TrickRoom,Protect|Bold|||||50|
|inactive|Battle timer is ON: inactive players will automatically lose when time's up. (requested by ClumbsyLilBeach)
|
|t:|1785628471
|teamsize|p1|4
|teamsize|p2|4
|start
|switch|p1a: Slowbro|Slowbro, L50, F|100/100
|switch|p1b: Blastoise|Blastoise, L50, F|100/100
|switch|p2a: Kingambit|Kingambit, L50, M|100/100
|switch|p2b: Blastoise|Blastoise, L50, M|100/100
|turn|1
|
|t:|1785628491
|detailschange|p2b: Blastoise|Blastoise-Mega, L50, M
|-mega|p2b: Blastoise|Blastoise|Blastoisinite
|detailschange|p1b: Blastoise|Blastoise-Mega, L50, F
|-mega|p1b: Blastoise|Blastoise|Blastoisinite
|move|p1b: Blastoise|Fake Out|p2a: Kingambit
|-resisted|p2a: Kingambit|1
|-damage|p2a: Kingambit|96/100
|move|p2b: Blastoise|Shell Smash|p2b: Blastoise
|-unboost|p2b: Blastoise|def|1
|-unboost|p2b: Blastoise|spd|1
|-boost|p2b: Blastoise|atk|2
|-boost|p2b: Blastoise|spa|2
|-boost|p2b: Blastoise|spe|2
|cant|p2a: Kingambit|flinch
|move|p1a: Slowbro|Trick Room|p1a: Slowbro
|-fieldstart|move: Trick Room|[of] p1a: Slowbro
|
|upkeep
|turn|2
|inactive|ClumbsyLilBeach has 30 seconds left.
|
|t:|1785628519
|move|p2b: Blastoise|Protect|p2b: Blastoise
|-singleturn|p2b: Blastoise|Protect
|move|p1a: Slowbro|Psychic|p2b: Blastoise
|-activate|p2b: Blastoise|move: Protect
|move|p2a: Kingambit|Kowtow Cleave|p1b: Blastoise
|-damage|p1b: Blastoise|59/100
|move|p1b: Blastoise|Water Spout|p2a: Kingambit|[spread] p2a
|-activate|p2b: Blastoise|move: Protect
|-damage|p2a: Kingambit|65/100
|
|upkeep
|turn|3
|
|t:|1785628540
|move|p2a: Kingambit|Sucker Punch|p1b: Blastoise
|-damage|p1b: Blastoise|24/100
|move|p1a: Slowbro|Psychic|p2b: Blastoise
|-damage|p2b: Blastoise|50/100g
|move|p1b: Blastoise|Water Pulse|p2a: Kingambit
|-damage|p2a: Kingambit|24/100
|move|p2b: Blastoise|Dark Pulse|p1a: Slowbro
|-supereffective|p1a: Slowbro|1
|-damage|p1a: Slowbro|0 fnt
|faint|p1a: Slowbro
|
|upkeep
|
|t:|1785628554
|switch|p1a: Pelipper|Pelipper, L50, F|100/100
|-weather|RainDance|[from] ability: Drizzle|[of] p1a: Pelipper
|turn|4
|
|t:|1785628568
|switch|p2b: Sinistcha|Sinistcha, L50|100/100
|-heal|p2a: Kingambit|49/100|[from] ability: Hospitality|[of] p2b: Sinistcha
|move|p2a: Kingambit|Protect|p2a: Kingambit
|-singleturn|p2a: Kingambit|Protect
|move|p1b: Blastoise|Protect|p1b: Blastoise
|-singleturn|p1b: Blastoise|Protect
|move|p1a: Pelipper|Hurricane|p2b: Sinistcha
|-supereffective|p2b: Sinistcha|1
|-damage|p2b: Sinistcha|8/100
|-start|p2b: Sinistcha|confusion
|
|-weather|RainDance|[upkeep]
|upkeep
|turn|5
|inactive|ClumbsyLilBeach has 30 seconds left.
|inactive|lux raymundi has 30 seconds left.
|
|t:|1785628598
|switch|p1b: Basculegion|Basculegion, L50, M|100/100
|switch|p2b: Sneasler|Sneasler, L50, M|100/100
|move|p1a: Pelipper|Wide Guard|p1a: Pelipper
|-singleturn|p1a: Pelipper|Wide Guard
|move|p2a: Kingambit|Kowtow Cleave|p1b: Basculegion
|-supereffective|p1b: Basculegion|1
|-damage|p1b: Basculegion|0 fnt
|faint|p1b: Basculegion
|
|-weather|RainDance|[upkeep]
|-fieldend|move: Trick Room
|upkeep
|
|t:|1785628612
|switch|p1b: Blastoise|Blastoise-Mega, L50, F|24/100
|turn|6
|
|t:|1785628636
|move|p2b: Sneasler|Fake Out|p1b: Blastoise
|-damage|p1b: Blastoise|12/100
|cant|p1b: Blastoise|flinch
|move|p2a: Kingambit|Sucker Punch||[still]
|-fail|p2a: Kingambit
|move|p1a: Pelipper|Hurricane|p2b: Sneasler
|-supereffective|p2b: Sneasler|1
|-enditem|p2b: Sneasler|Focus Sash
|-damage|p2b: Sneasler|1/100
|-start|p2b: Sneasler|confusion
|
|-weather|RainDance|[upkeep]
|upkeep
|turn|7
|inactive|ClumbsyLilBeach has 30 seconds left.
|
|t:|1785628664
|switch|p2b: Sinistcha|Sinistcha, L50|8/100
|-heal|p2a: Kingambit|73/100|[from] ability: Hospitality|[of] p2b: Sinistcha
|move|p1b: Blastoise|Protect|p1b: Blastoise
|-singleturn|p1b: Blastoise|Protect
|move|p2a: Kingambit|Protect|p2a: Kingambit
|-singleturn|p2a: Kingambit|Protect
|move|p1a: Pelipper|Weather Ball|p2a: Kingambit
|-activate|p2a: Kingambit|move: Protect
|
|-weather|RainDance|[upkeep]
|upkeep
|turn|8
|
|t:|1785628681
|move|p1b: Blastoise|Protect||[still]
|-fail|p1b: Blastoise
|move|p2b: Sinistcha|Rage Powder|p2b: Sinistcha
|-singleturn|p2b: Sinistcha|move: Rage Powder
|move|p2a: Kingambit|Sucker Punch||[still]
|-fail|p2a: Kingambit
|move|p1a: Pelipper|Hurricane|p2b: Sinistcha
|-supereffective|p2b: Sinistcha|1
|-damage|p2b: Sinistcha|0 fnt
|faint|p2b: Sinistcha
|
|-weather|none
|upkeep
|
|t:|1785628685
|switch|p2b: Sneasler|Sneasler, L50, M|1/100
|turn|9
|
|t:|1785628708
|move|p1b: Blastoise|Protect|p1b: Blastoise
|-singleturn|p1b: Blastoise|Protect
|move|p2b: Sneasler|Fake Out|p1a: Pelipper
|-damage|p1a: Pelipper|82/100
|-status|p1a: Pelipper|psn|[from] ability: Poison Touch|[of] p2b: Sneasler
|cant|p1a: Pelipper|flinch
|move|p2a: Kingambit|Kowtow Cleave|p1a: Pelipper
|-damage|p1a: Pelipper|18/100 psn
|
|-damage|p1a: Pelipper|5/100 psn|[from] psn
|upkeep
|turn|10
|
|t:|1785628726
|move|p2a: Kingambit|Protect|p2a: Kingambit
|-singleturn|p2a: Kingambit|Protect
|move|p2b: Sneasler|Close Combat|p1b: Blastoise
|-damage|p1b: Blastoise|0 fnt
|-unboost|p2b: Sneasler|def|1
|-unboost|p2b: Sneasler|spd|1
|faint|p1b: Blastoise
|move|p1a: Pelipper|Tailwind|p1a: Pelipper
|-sidestart|p1: ClumbsyLilBeach|move: Tailwind
|
|-damage|p1a: Pelipper|0 fnt|[from] psn
|faint|p1a: Pelipper
|
|win|lux raymundi
|raw|ClumbsyLilBeach's rating: 1120 → 1106(-14 for losing)
|raw|lux raymundi's rating: 1290 → 1304(+14 for winning)
