|j|☆neuesspielzeug
|j|☆Eneix1234
|html|neuesspielzeugEneix1234    
|uhtml|bestof|Game 2 of a best-of-3
|t:|1784506883
|gametype|doubles
|player|p1|neuesspielzeug|2|1099
|player|p2|Eneix1234|266|1189
|gen|9
|tier|[Gen 9 Champions] VGC 2026 Reg M-B (Bo3)
|rated|
|rule|Species Clause: Limit one of each Pokémon
|rule|Item Clause: Limit 1 of each item
|clearpoke
|poke|p1|Scrafty, L50, M|
|poke|p1|Toxapex, L50, M|
|poke|p1|Meowstic-F, L50, F|
|poke|p1|Chandelure, L50, F|
|poke|p1|Hydreigon, L50, F|
|poke|p1|Sneasler, L50, F|
|poke|p2|Gengar, L50, F|
|poke|p2|Hawlucha, L50, F|
|poke|p2|Ninetales-Alola, L50, F|
|poke|p2|Incineroar, L50, F|
|poke|p2|Maushold-Four, L50|
|poke|p2|Araquanid, L50, M|
|teampreview|4
|showteam|p1|Scrafty||Scraftinite|Intimidate|FakeOut,DrainPunch,KnockOff,PoisonJab|Careful||M|||50|]Toxapex||Leftovers|Regenerator|Infestation,Toxic,BanefulBunker,WideGuard|Bold||M|||50|]Meowstic-F||Meowsticite|KeenEye|PsychicTerrain,ExpandingForce,Protect,ShadowBall|Timid||F|||50|]Chandelure||FocusSash|FlashFire|EnergyBall,HeatWave,ShadowBall,Protect|Timid||F|||50|]Hydreigon||ChoiceScarf|Levitate|DracoMeteor,Snarl,DarkPulse,EarthPower|Modest||F|||50|]Sneasler||LifeOrb|PoisonTouch|FakeOut,CloseCombat,DireClaw,Protect|Jolly||F|||50|
|showteam|p2|Gengar||Gengarite|CursedBody|Protect,Disable,SludgeBomb,ShadowBall|Modest||F|||50|]Hawlucha||FocusSash|Unburden|Protect,DrainPunch,DualWingbeat,Encore|Jolly||F|||50|]Ninetales-Alola||NeverMeltIce|SnowWarning|Protect,Moonblast,Blizzard,Encore|Timid||F|||50|]Incineroar||ExpertBelt|Intimidate|FakeOut,FlareBlitz,DrainPunch,PartingShot|Adamant||F|||50|]Maushold-Four||ChopleBerry|FriendGuard|Protect,FollowMe,Taunt,SuperFang|Jolly|||||50|]Araquanid||MysticWater|WaterBubble|Protect,WideGuard,Liquidation,LeechLife|Brave||M|||50|
|
|t:|1784506914
|teamsize|p1|4
|teamsize|p2|4
|start
|switch|p1a: Hydreigon|Hydreigon, L50, F|100/100
|switch|p1b: Sneasler|Sneasler, L50, F|100/100
|switch|p2a: Gengar|Gengar, L50, F|100/100
|switch|p2b: Araquanid|Araquanid, L50, M|100/100
|turn|1
|inactive|Battle timer is ON: inactive players will automatically lose when time's up. (requested by Eneix1234)
|
|t:|1784506928
|switch|p2a: Incineroar|Incineroar, L50, F|100/100
|-ability|p2a: Incineroar|Intimidate|boost
|-unboost|p1a: Hydreigon|atk|1
|-unboost|p1b: Sneasler|atk|1
|move|p1b: Sneasler|Fake Out|p2b: Araquanid
|-damage|p2b: Araquanid|87/100
|-damage|p1b: Sneasler|90/100|[from] item: Life Orb
|move|p1a: Hydreigon|Dark Pulse|p2a: Incineroar
|-resisted|p2a: Incineroar|1
|-damage|p2a: Incineroar|76/100
|cant|p2b: Araquanid|flinch
|
|upkeep
|turn|2
|
|t:|1784506948
|switch|p2a: Ninetales|Ninetales-Alola, L50, F|100/100
|-weather|Snowscape|[from] ability: Snow Warning|[of] p2a: Ninetales
|move|p1a: Hydreigon|Dark Pulse|p2a: Ninetales
|-resisted|p2a: Ninetales|1
|-damage|p2a: Ninetales|78/100
|move|p1b: Sneasler|Close Combat|p2a: Ninetales
|-damage|p2a: Ninetales|28/100
|-unboost|p1b: Sneasler|def|1
|-unboost|p1b: Sneasler|spd|1
|-status|p2a: Ninetales|psn|[from] ability: Poison Touch|[of] p1b: Sneasler
|-damage|p1b: Sneasler|80/100|[from] item: Life Orb
|move|p2b: Araquanid|Leech Life|p1a: Hydreigon
|-supereffective|p1a: Hydreigon|1
|-damage|p1a: Hydreigon|31/100
|-heal|p2b: Araquanid|100/100|[from] drain|[of] p1a: Hydreigon
|
|-weather|Snowscape|[upkeep]
|-damage|p2a: Ninetales|16/100 psn|[from] psn
|upkeep
|turn|3
|inactive|neuesspielzeug has 30 seconds left.
|
|t:|1784506975
|move|p2a: Ninetales|Protect|p2a: Ninetales
|-singleturn|p2a: Ninetales|Protect
|move|p1a: Hydreigon|Dark Pulse|p2b: Araquanid
|-damage|p2b: Araquanid|65/100
|move|p1b: Sneasler|Dire Claw|p2b: Araquanid
|-damage|p2b: Araquanid|23/100
|-status|p2b: Araquanid|par
|-damage|p1b: Sneasler|71/100|[from] item: Life Orb
|move|p2b: Araquanid|Liquidation|p1b: Sneasler
|-damage|p1b: Sneasler|0 fnt
|faint|p1b: Sneasler
|
|-weather|Snowscape|[upkeep]
|-damage|p2a: Ninetales|4/100 psn|[from] psn
|upkeep
|
|t:|1784506991
|switch|p1b: Chandelure|Chandelure, L50, F|100/100
|turn|4
|
|t:|1784506998
|move|p1a: Hydreigon|Dark Pulse|p2a: Ninetales
|-resisted|p2a: Ninetales|1
|-damage|p2a: Ninetales|0 fnt
|faint|p2a: Ninetales
|move|p1b: Chandelure|Heat Wave|p2b: Araquanid|[miss]
|-miss|p1b: Chandelure|p2b: Araquanid
|move|p2b: Araquanid|Liquidation|p1b: Chandelure
|-supereffective|p1b: Chandelure|1
|-enditem|p1b: Chandelure|Focus Sash
|-damage|p1b: Chandelure|1/100
|-unboost|p1b: Chandelure|def|1
|
|-weather|Snowscape|[upkeep]
|upkeep
|
|t:|1784507010
|switch|p2a: Incineroar|Incineroar, L50, F|76/100
|-ability|p2a: Incineroar|Intimidate|boost
|-unboost|p1a: Hydreigon|atk|1
|-unboost|p1b: Chandelure|atk|1
|turn|5
|
|t:|1784507025
|switch|p1a: Meowstic|Meowstic-F, L50, F|100/100
|move|p1b: Chandelure|Shadow Ball|p2b: Araquanid
|-damage|p2b: Araquanid|0 fnt
|faint|p2b: Araquanid
|move|p2a: Incineroar|Drain Punch|p1a: Meowstic
|-resisted|p1a: Meowstic|1
|-damage|p1a: Meowstic|79/100
|-heal|p2a: Incineroar|85/100|[from] drain|[of] p1a: Meowstic
|
|-weather|Snowscape|[upkeep]
|upkeep
|
|t:|1784507035
|switch|p2b: Gengar|Gengar, L50, F|100/100
|turn|6
|
|t:|1784507053
|detailschange|p1a: Meowstic|Meowstic-F-Mega, L50, F
|-mega|p1a: Meowstic|Meowstic|Meowsticite
|-ability|p1a: Meowstic|Intimidate|Trace|[from] ability: Trace|[of] p2a: Incineroar
|-ability|p1a: Meowstic|Intimidate|boost
|-unboost|p2a: Incineroar|atk|1
|-unboost|p2b: Gengar|atk|1
|detailschange|p2b: Gengar|Gengar-Mega, L50, F
|-mega|p2b: Gengar|Gengar|Gengarite
|move|p1a: Meowstic|Protect|p1a: Meowstic
|-singleturn|p1a: Meowstic|Protect
|move|p2b: Gengar|Shadow Ball|p1b: Chandelure
|-supereffective|p1b: Chandelure|1
|-damage|p1b: Chandelure|0 fnt
|faint|p1b: Chandelure
|move|p2a: Incineroar|Flare Blitz|p1a: Meowstic
|-activate|p1a: Meowstic|move: Protect
|
|-weather|none
|upkeep
|
|t:|1784507063
|switch|p1b: Hydreigon|Hydreigon, L50, F|31/100
|turn|7
|
|t:|1784507082
|move|p1b: Hydreigon|Earth Power|p2a: Incineroar
|-supereffective|p2a: Incineroar|1
|-damage|p2a: Incineroar|18/100
|-unboost|p2a: Incineroar|spd|1
|move|p1a: Meowstic|Expanding Force|p2b: Gengar
|-supereffective|p2b: Gengar|1
|-damage|p2b: Gengar|5/100
|move|p2b: Gengar|Sludge Bomb|p1b: Hydreigon
|-damage|p1b: Hydreigon|0 fnt
|faint|p1b: Hydreigon
|move|p2a: Incineroar|Flare Blitz|p1a: Meowstic
|-damage|p1a: Meowstic|23/100
|-damage|p2a: Incineroar|3/100|[from] Recoil
|
|upkeep
|turn|8
|
|t:|1784507098
|move|p1a: Meowstic|Expanding Force|p2b: Gengar
|-supereffective|p2b: Gengar|1
|-damage|p2b: Gengar|0 fnt
|faint|p2b: Gengar
|move|p2a: Incineroar|Flare Blitz|p1a: Meowstic
|-damage|p1a: Meowstic|0 fnt
|faint|p1a: Meowstic
|-damage|p2a: Incineroar|0 fnt|[from] Recoil
|faint|p2a: Incineroar
|
|win|Eneix1234
