|j|‽Pitoune901
|j|☆gumbaasifun'a
|html|Pitoune901gumbaasifun'a    
|uhtml|bestof|Game 1 of a best-of-3
|t:|1757838799
|gametype|doubles
|player|p1|Pitoune901|lucas|1028
|player|p2|gumbaasifun'a|170|1000
|gen|9
|tier|[Gen 9] VGC 2025 Reg H (Bo3)
|rated|
|rule|Species Clause: Limit one of each Pokémon
|rule|Item Clause: Limit 1 of each item
|clearpoke
|poke|p1|Charizard, L50, F|
|poke|p1|Torkoal, L50, M|
|poke|p1|Porygon2, L50|
|poke|p1|Incineroar, L50, M|
|poke|p1|Jumpluff, L50, F|
|poke|p1|Ursaluna, L50, F|
|poke|p2|Ursaluna, L50, F|
|poke|p2|Torkoal, L50, F|
|poke|p2|Porygon2, L50|
|poke|p2|Incineroar, L50, M|
|poke|p2|Ceruledge, L50, F|
|poke|p2|Jumpluff, L50, F|
|teampreview|4
|showteam|p1|Charizard||ChoiceSpecs|SolarPower|HeatWave,Overheat,WeatherBall,AirSlash|||F|||50|,,,,,Ghost]Torkoal||EjectPack|Drought|Eruption,Overheat,HelpingHand,Protect|||M|||50|,,,,,Fire]Porygon2||Eviolite|Download|TeraBlast,IceBeam,Recover,TrickRoom||||||50|,,,,,Fighting]Incineroar||SitrusBerry|Intimidate|FlareBlitz,KnockOff,FakeOut,PartingShot|||M|||50|,,,,,Ghost]Jumpluff||CovertCloak|Chlorophyll|SleepPowder,SunnyDay,RagePowder,Tailwind|||F|||50|,,,,,Water]Ursaluna||FlameOrb|Guts|HeadlongRush,Facade,Earthquake,Protect|||F|||50|,,,,,Ghost
|showteam|p2|Ursaluna||FlameOrb|Guts|Facade,Earthquake,HeadlongRush,Protect|||F|||50|,,,,,Ghost]Torkoal||ChoiceSpecs|Drought|Eruption,HeatWave,WeatherBall,SludgeBomb|||F|||50|,,,,,Fire]Porygon2||Eviolite|Download|TeraBlast,IceBeam,TrickRoom,Protect||||||50|,,,,,Grass]Incineroar||SafetyGoggles|Intimidate|FakeOut,KnockOff,FlareBlitz,Uturn|||M|||50|,,,,,Ghost]Ceruledge||LifeOrb|FlashFire|BitterBlade,SwordsDance,ShadowClaw,Protect|||F|||50|,,,,,Grass]Jumpluff||CovertCloak|Chlorophyll|SunnyDay,RagePowder,SleepPowder,Tailwind|||F|||50|,,,,,Fire
|inactive|Battle timer is ON: inactive players will automatically lose when time's up. (requested by Pitoune901)
|inactive|gumbaasifun'a has 60 seconds left.
|
|t:|1757838892
|teamsize|p1|4
|teamsize|p2|4
|start
|switch|p1a: Charizard|Charizard, L50, F|100/100
|switch|p1b: Torkoal|Torkoal, L50, M|100/100
|switch|p2a: Porygon2|Porygon2, L50|100/100
|switch|p2b: Incineroar|Incineroar, L50, M|100/100
|-ability|p2b: Incineroar|Intimidate|boost
|-unboost|p1a: Charizard|atk|1
|-unboost|p1b: Torkoal|atk|1
|-ability|p2a: Porygon2|Download|boost
|-boost|p2a: Porygon2|spa|1
|-weather|SunnyDay|[from] ability: Drought|[of] p1b: Torkoal
|-enditem|p1b: Torkoal|Eject Pack
|
|t:|1757838912
|switch|p1b: Jumpluff|Jumpluff, L50, F|100/100
|turn|1
|
|t:|1757838935
|move|p2a: Porygon2|Protect|p2a: Porygon2
|-singleturn|p2a: Porygon2|Protect
|move|p1b: Jumpluff|Tailwind|p1b: Jumpluff
|-sidestart|p1: Pitoune901|move: Tailwind
|move|p1a: Charizard|Overheat|p2a: Porygon2
|-activate|p2a: Porygon2|move: Protect
|move|p2b: Incineroar|Knock Off|p1a: Charizard
|-damage|p1a: Charizard|28/100
|-enditem|p1a: Charizard|Choice Specs|[from] move: Knock Off|[of] p2b: Incineroar
|
|-weather|SunnyDay|[upkeep]
|-damage|p1a: Charizard|16/100|[from] ability: Solar Power|[of] p1a: Charizard
|upkeep
|turn|2
|inactive|gumbaasifun'a has 30 seconds left.
|
|t:|1757838960
|move|p1b: Jumpluff|Rage Powder|p1b: Jumpluff
|-singleturn|p1b: Jumpluff|move: Rage Powder
|move|p1a: Charizard|Overheat|p2a: Porygon2
|-damage|p2a: Porygon2|22/100
|-unboost|p1a: Charizard|spa|2
|move|p2b: Incineroar|U-turn|p1b: Jumpluff
|-damage|p1b: Jumpluff|73/100
|
|t:|1757838977
|switch|p2b: Torkoal|Torkoal, L50, F|100/100|[from] U-turn
|move|p2a: Porygon2|Trick Room|p2a: Porygon2
|-fieldstart|move: Trick Room|[of] p2a: Porygon2
|
|-weather|SunnyDay|[upkeep]
|-damage|p1a: Charizard|3/100|[from] ability: Solar Power|[of] p1a: Charizard
|upkeep
|turn|3
|inactive|Pitoune901 has 30 seconds left.
|
|t:|1757839003
|switch|p2a: Incineroar|Incineroar, L50, M|100/100
|-ability|p2a: Incineroar|Intimidate|boost
|-unboost|p1a: Charizard|atk|1
|-unboost|p1b: Jumpluff|atk|1
|move|p2b: Torkoal|Heat Wave|p1a: Charizard|[spread] p1a,p1b
|-resisted|p1a: Charizard
|-supereffective|p1b: Jumpluff
|-damage|p1a: Charizard|0 fnt
|-damage|p1b: Jumpluff|0 fnt
|faint|p1a: Charizard
|faint|p1b: Jumpluff
|
|-weather|SunnyDay|[upkeep]
|upkeep
|
|t:|1757839011
|switch|p1a: Torkoal|Torkoal, L50, M|100/100
|switch|p1b: Ursaluna|Ursaluna, L50, F|100/100
|turn|4
|inactive|gumbaasifun'a has 30 seconds left.
|inactive|gumbaasifun'a has 20 seconds left.
|inactive|gumbaasifun'a has 15 seconds left.
|inactive|gumbaasifun'a has 10 seconds left.
|inactive|gumbaasifun'a has 5 seconds left.
|
|t:|1757839061
|-terastallize|p2b: Torkoal|Fire
|move|p1a: Torkoal|Protect|p1a: Torkoal
|-singleturn|p1a: Torkoal|Protect
|move|p1b: Ursaluna|Protect|p1b: Ursaluna
|-singleturn|p1b: Ursaluna|Protect
|move|p2b: Torkoal|Heat Wave|p1b: Ursaluna|[spread] 
|-activate|p1a: Torkoal|move: Protect
|-activate|p1b: Ursaluna|move: Protect
|move|p2a: Incineroar|Knock Off|p1a: Torkoal
|-activate|p1a: Torkoal|move: Protect
|
|-weather|SunnyDay|[upkeep]
|-sideend|p1: Pitoune901|move: Tailwind
|-status|p1b: Ursaluna|brn|[from] item: Flame Orb
|upkeep
|turn|5
|inactive|Pitoune901 has 30 seconds left.
|inactive|gumbaasifun'a has 30 seconds left.
|
|t:|1757839092
|switch|p2a: Porygon2|Porygon2, L50|22/100
|-ability|p2a: Porygon2|Download|boost
|-boost|p2a: Porygon2|spa|1
|move|p2b: Torkoal|Heat Wave|p1b: Ursaluna|[spread] p1a,p1b
|-resisted|p1a: Torkoal
|-damage|p1a: Torkoal|44/100
|-damage|p1b: Ursaluna|13/100 brn
|move|p1a: Torkoal|Eruption|p2b: Torkoal|[spread] p2a,p2b
|-resisted|p2b: Torkoal
|-damage|p2a: Porygon2|3/100
|-damage|p2b: Torkoal|79/100
|move|p1b: Ursaluna|Earthquake|p2b: Torkoal|[spread] p1a,p2a,p2b
|-supereffective|p1a: Torkoal
|-supereffective|p2b: Torkoal
|-damage|p1a: Torkoal|0 fnt
|-damage|p2a: Porygon2|0 fnt
|-damage|p2b: Torkoal|0 fnt
|faint|p1a: Torkoal
|faint|p2a: Porygon2
|faint|p2b: Torkoal
|
|-weather|none
|-damage|p1b: Ursaluna|7/100 brn|[from] brn
|upkeep
|
|t:|1757839116
|switch|p2b: Incineroar|Incineroar, L50, M|100/100
|switch|p2a: Ursaluna|Ursaluna, L50, F|100/100
|-ability|p2b: Incineroar|Intimidate|boost
|-unboost|p1b: Ursaluna|atk|1
|turn|6
|
|t:|1757839131
|move|p2a: Ursaluna|Headlong Rush|p1b: Ursaluna
|-damage|p1b: Ursaluna|0 fnt
|-unboost|p2a: Ursaluna|def|1
|-unboost|p2a: Ursaluna|spd|1
|faint|p1b: Ursaluna
|
|win|gumbaasifun'a
|inactive|Pitoune901 has 30 seconds to confirm battle start!
|inactive|gumbaasifun'a has 30 seconds to confirm battle start!
||Pitoune901 is ready for game 2.
|inactive|gumbaasifun'a has 20 seconds to confirm battle start!
|inactive|gumbaasifun'a has 10 seconds to confirm battle start!
||gumbaasifun'a is ready for game 2.
|uhtml|next|Next: Game 2 of 3
