|j|☆mountainofruina
|j|☆sultan_sucuk.jr
|html|mountainofruinasultan_sucuk.jr    
|uhtml|bestof|Game 2 of a best-of-3
|t:|1782698382
|gametype|doubles
|player|p1|mountainofruina|cynthia|1131
|player|p2|sultan_sucuk.jr|swimmer-gen4|1067
|gen|9
|tier|[Gen 9 Champions] VGC 2026 Reg M-B (Bo3)
|rated|
|rule|Species Clause: Limit one of each Pokémon
|rule|Item Clause: Limit 1 of each item
|clearpoke
|poke|p1|Toxapex, L50, F|
|poke|p1|Pyroar, L50, F|
|poke|p1|Hydreigon, L50, M|
|poke|p1|Incineroar, L50, F|
|poke|p1|Sneasler, L50, F|
|poke|p1|Whimsicott, L50, M|
|poke|p2|Charizard, L50, F|
|poke|p2|Whimsicott, L50, F|
|poke|p2|Incineroar, L50, F|
|poke|p2|Basculegion, L50, M|
|poke|p2|Sneasler, L50, M|
|poke|p2|Sylveon, L50, M|
|teampreview|4
|showteam|p1|Toxapex||Leftovers|Regenerator|Toxic,BanefulBunker,Infestation,WideGuard|Bold||F|||50|]Pyroar||Pyroarite|Unnerve|HeatWave,Overheat,Yawn,Protect|Timid||F|||50|]Hydreigon||ChoiceScarf|Levitate|Snarl,DarkPulse,DracoMeteor,EarthPower|Modest||M|||50|]Incineroar||SitrusBerry|Intimidate|FakeOut,PartingShot,HelpingHand,FlareBlitz|Careful||F|||50|]Sneasler||WhiteHerb|Unburden|CloseCombat,GunkShot,FakeOut,Protect|Adamant||F|||50|]Whimsicott||FocusSash|Prankster|Tailwind,SunnyDay,Encore,Moonblast|Timid||M|||50|
|showteam|p2|Charizard||CharizarditeY|SolarPower|WeatherBall,HeatWave,SolarBeam,Protect|Modest||F|||50|]Whimsicott||FocusSash|Prankster|Moonblast,Tailwind,Encore,LightScreen|Timid||F|||50|]Incineroar||SitrusBerry|Intimidate|FakeOut,FlareBlitz,HelpingHand,PartingShot|Careful||F|||50|]Basculegion||LifeOrb|Adaptability|WaveCrash,AquaJet,LastRespects,Protect|Jolly||M|||50|]Sneasler||WhiteHerb|Unburden|FakeOut,CloseCombat,DireClaw,Protect|Adamant||M|||50|]Sylveon||FairyFeather|Pixilate|HyperBeam,HyperVoice,QuickAttack,Detect|Quiet||M|||50|
|inactive|Battle timer is ON: inactive players will automatically lose when time's up. (requested by sultan_sucuk.jr)
|inactive|mountainofruina has 60 seconds left.
|
|t:|1782698446
|teamsize|p1|4
|teamsize|p2|4
|start
|switch|p1a: Pyroar|Pyroar, L50, F|100/100
|switch|p1b: Incineroar|Incineroar, L50, F|100/100
|switch|p2a: Basculegion|Basculegion, L50, M|100/100
|switch|p2b: Sneasler|Sneasler, L50, M|100/100
|-ability|p1a: Pyroar|Unnerve
|-ability|p1b: Incineroar|Intimidate|boost
|-unboost|p2a: Basculegion|atk|1
|-unboost|p2b: Sneasler|atk|1
|-enditem|p2b: Sneasler|White Herb
|-clearnegativeboost|p2b: Sneasler|[silent]
|turn|1
|inactive|mountainofruina has 30 seconds left.
|
|t:|1782698472
|detailschange|p1a: Pyroar|Pyroar-Mega, L50, F
|-mega|p1a: Pyroar|Pyroar|Pyroarite
|move|p1a: Pyroar|Protect|p1a: Pyroar
|-singleturn|p1a: Pyroar|Protect
|move|p2b: Sneasler|Fake Out|p1a: Pyroar
|-activate|p1a: Pyroar|move: Protect
|move|p2a: Basculegion|Wave Crash|p1a: Pyroar
|-activate|p1a: Pyroar|move: Protect
|move|p1b: Incineroar|Parting Shot|p2b: Sneasler
|-unboost|p2b: Sneasler|atk|1
|-unboost|p2b: Sneasler|spa|1
|
|t:|1782698481
|switch|p1b: Whimsicott|Whimsicott, L50, M|100/100|[from] Parting Shot
|
|upkeep
|turn|2
|inactive|mountainofruina has 30 seconds left.
|
|t:|1782698508
|switch|p1a: Incineroar|Incineroar, L50, F|100/100
|-ability|p1a: Incineroar|Intimidate|boost
|-unboost|p2a: Basculegion|atk|1
|-unboost|p2b: Sneasler|atk|1
|move|p1b: Whimsicott|Sunny Day|p1b: Whimsicott
|-weather|SunnyDay
|move|p2b: Sneasler|Dire Claw|p1b: Whimsicott
|-supereffective|p1b: Whimsicott|2
|-enditem|p1b: Whimsicott|Focus Sash
|-damage|p1b: Whimsicott|1/100
|move|p2a: Basculegion|Wave Crash|p1a: Incineroar
|-supereffective|p1a: Incineroar|1
|-crit|p1a: Incineroar
|-damage|p1a: Incineroar|0 fnt
|faint|p1a: Incineroar
|-damage|p2a: Basculegion|66/100|[from] Recoil
|-damage|p2a: Basculegion|56/100|[from] item: Life Orb
|
|-weather|SunnyDay|[upkeep]
|upkeep
|
|t:|1782698519
|switch|p1a: Pyroar|Pyroar-Mega, L50, F|100/100
|turn|3
|
|t:|1782698526
|move|p1b: Whimsicott|Tailwind|p1b: Whimsicott
|-sidestart|p1: mountainofruina|move: Tailwind
|move|p2a: Basculegion|Aqua Jet|p1b: Whimsicott
|-resisted|p1b: Whimsicott|1
|-damage|p1b: Whimsicott|0 fnt
|faint|p1b: Whimsicott
|-damage|p2a: Basculegion|46/100|[from] item: Life Orb
|move|p1a: Pyroar|Heat Wave|p2b: Sneasler|[spread] p2a,p2b
|-resisted|p2a: Basculegion|1
|-crit|p2a: Basculegion
|-damage|p2a: Basculegion|0 fnt
|-damage|p2b: Sneasler|0 fnt
|faint|p2a: Basculegion
|faint|p2b: Sneasler
|
|-weather|SunnyDay|[upkeep]
|upkeep
|
|t:|1782698537
|switch|p1b: Hydreigon|Hydreigon, L50, M|100/100
|switch|p2b: Charizard|Charizard, L50, F|100/100
|switch|p2a: Whimsicott|Whimsicott, L50, F|100/100
|turn|4
|
|t:|1782698549
|detailschange|p2b: Charizard|Charizard-Mega-Y, L50, F
|-mega|p2b: Charizard|Charizard|Charizardite Y
|move|p1b: Hydreigon|Snarl|p2b: Charizard|[spread] p2a,p2b
|-resisted|p2a: Whimsicott|1
|-damage|p2a: Whimsicott|80/100
|-damage|p2b: Charizard|81/100
|-unboost|p2a: Whimsicott|spa|1
|-unboost|p2b: Charizard|spa|1
|move|p1a: Pyroar|Heat Wave|p2a: Whimsicott|[spread] p2a,p2b
|-supereffective|p2a: Whimsicott|1
|-resisted|p2b: Charizard|1
|-damage|p2a: Whimsicott|0 fnt
|-damage|p2b: Charizard|47/100
|faint|p2a: Whimsicott
|move|p2b: Charizard|Heat Wave|p1a: Pyroar|[spread] p1a,p1b
|-resisted|p1a: Pyroar|1
|-resisted|p1b: Hydreigon|1
|-damage|p1a: Pyroar|72/100
|-damage|p1b: Hydreigon|75/100
|-status|p1b: Hydreigon|brn
|
|-weather|SunnyDay|[upkeep]
|-damage|p1b: Hydreigon|69/100 brn|[from] brn
|upkeep
|turn|5
|
|t:|1782698566
|move|p1b: Hydreigon|Snarl|p2b: Charizard
|-damage|p2b: Charizard|22/100
|-unboost|p2b: Charizard|spa|1
|move|p1a: Pyroar|Overheat|p2b: Charizard
|-resisted|p2b: Charizard|1
|-damage|p2b: Charizard|0 fnt
|-unboost|p1a: Pyroar|spa|2
|faint|p2b: Charizard
|
|win|mountainofruina
||mountainofruina is ready for game 3.
||sultan_sucuk.jr is ready for game 3.
|uhtml|next|Next: Game 3 of 3
