|j|☆WILLIWONKINEITOR
|j|☆WASHINGTONGARGACHA
|html|WILLIWONKINEITORWASHINGTONGARGACHA    
|uhtml|bestof|Game 1 of a best-of-3
|t:|1756645621
|gametype|doubles
|player|p1|WILLIWONKINEITOR|266|1083
|player|p2|WASHINGTONGARGACHA|266|1082
|gen|9
|tier|[Gen 9] VGC 2025 Reg H (Bo3)
|rated|
|rule|Species Clause: Limit one of each Pokémon
|rule|Item Clause: Limit 1 of each item
|clearpoke
|poke|p1|Electabuzz, L50, M|
|poke|p1|Kingambit, L50, F|
|poke|p1|Volcarona, L50, F|
|poke|p1|Dragonite, L50, F|
|poke|p1|Sneasler, L50, F|
|poke|p1|Rillaboom, L50, M|
|poke|p2|Gholdengo, L50|
|poke|p2|Ursaluna, L50, F|
|poke|p2|Archaludon, L50, F|
|poke|p2|Murkrow, L50, M|
|poke|p2|Farigiraf, L50, M|
|poke|p2|Sneasler, L50, M|
|teampreview|4
|showteam|p1|Electabuzz||Eviolite|VitalSpirit|FollowMe,Thunderbolt,Taunt,Protect|||M|||50|,,,,,Ghost]Kingambit||BlackGlasses|Defiant|KowtowCleave,SuckerPunch,SwordsDance,Protect|||F|||50|,,,,,Dark]Volcarona||Leftovers|FlameBody|HeatWave,TeraBlast,QuiverDance,Protect|||F|||50|,,,,,Fairy]Dragonite||LoadedDice|Multiscale|ScaleShot,ExtremeSpeed,Haze,Protect|||F|||50|,,,,,Fairy]Sneasler||FocusSash|Unburden|DireClaw,CloseCombat,Coaching,FakeOut|||F|||50|,,,,,Stellar]Rillaboom||AssaultVest|GrassySurge|FakeOut,WoodHammer,GrassyGlide,HighHorsepower|||M|||50|,,,,,Fire
|showteam|p2|Gholdengo||LifeOrb|GoodasGold|ShadowBall,MakeItRain,NastyPlot,Protect||||||50|,,,,,Water]Ursaluna||FlameOrb|Guts|Facade,Earthquake,Protect,HeadlongRush|||F|||50|,,,,,Ghost]Archaludon||PowerHerb|Sturdy|ElectroShot,FlashCannon,DracoMeteor,Protect|||F|||50|,,,,,Grass]Murkrow||Eviolite|Prankster|Tailwind,RainDance,FoulPlay,Haze|||M|||50|,,,,,Dark]Farigiraf||ThroatSpray|ArmorTail|HyperVoice,TrickRoom,Psychic,Protect|||M|||50|,,,,,Fairy]Sneasler||WhiteHerb|Unburden|DireClaw,CloseCombat,Protect,Acrobatics|||M|||50|,,,,,Flying
|
|t:|1756645660
|teamsize|p1|4
|teamsize|p2|4
|start
|switch|p1a: Volcarona|Volcarona, L50, F|100/100
|switch|p1b: Electabuzz|Electabuzz, L50, M|100/100
|switch|p2a: Murkrow|Murkrow, L50, M|100/100
|switch|p2b: Ursaluna|Ursaluna, L50, F|100/100
|turn|1
|
|t:|1756645678
|move|p2a: Murkrow|Tailwind|p2a: Murkrow
|-sidestart|p2: WASHINGTONGARGACHA|move: Tailwind
|move|p2b: Ursaluna|Earthquake|p1b: Electabuzz|[spread] p1a,p1b
|-immune|p2a: Murkrow
|-crit|p1a: Volcarona
|-supereffective|p1b: Electabuzz
|-damage|p1a: Volcarona|27/100
|-damage|p1b: Electabuzz|37/100
|move|p1a: Volcarona|Quiver Dance|p1a: Volcarona
|-boost|p1a: Volcarona|spa|1
|-boost|p1a: Volcarona|spd|1
|-boost|p1a: Volcarona|spe|1
|move|p1b: Electabuzz|Taunt|p2a: Murkrow
|-start|p2a: Murkrow|move: Taunt
|
|-heal|p1a: Volcarona|33/100|[from] item: Leftovers
|-status|p2b: Ursaluna|brn|[from] item: Flame Orb
|upkeep
|turn|2
|
|t:|1756645706
|switch|p1b: Dragonite|Dragonite, L50, F|100/100
|move|p1a: Volcarona|Protect|p1a: Volcarona
|-singleturn|p1a: Volcarona|Protect
|move|p2a: Murkrow|Foul Play|p1b: Dragonite
|-damage|p1b: Dragonite|70/100
|move|p2b: Ursaluna|Earthquake|p1a: Volcarona|[spread] 
|-activate|p1a: Volcarona|move: Protect
|-immune|p2a: Murkrow
|-immune|p1b: Dragonite
|
|-heal|p1a: Volcarona|39/100|[from] item: Leftovers
|-damage|p2b: Ursaluna|94/100 brn|[from] brn
|upkeep
|turn|3
|
|t:|1756645734
|switch|p2a: Farigiraf|Farigiraf, L50, M|100/100
|move|p1a: Volcarona|Heat Wave|p2b: Ursaluna|[spread] p2a
|-miss|p1a: Volcarona|p2b: Ursaluna
|-damage|p2a: Farigiraf|60/100
|-status|p2a: Farigiraf|brn
|move|p2b: Ursaluna|Headlong Rush|p1a: Volcarona
|-damage|p1a: Volcarona|0 fnt
|-unboost|p2b: Ursaluna|def|1
|-unboost|p2b: Ursaluna|spd|1
|faint|p1a: Volcarona
|move|p1b: Dragonite|Scale Shot|p2a: Farigiraf
|-damage|p2a: Farigiraf|45/100 brn
|-damage|p2a: Farigiraf|27/100 brn
|-crit|p2a: Farigiraf
|-damage|p2a: Farigiraf|1/100 brn
|-damage|p2a: Farigiraf|0 fnt
|faint|p2a: Farigiraf
|-hitcount|p2: Farigiraf|4
|-unboost|p1b: Dragonite|def|1
|-boost|p1b: Dragonite|spe|1
|
|-damage|p2b: Ursaluna|88/100 brn|[from] brn
|upkeep
|
|t:|1756645757
|switch|p1a: Sneasler|Sneasler, L50, F|100/100
|switch|p2a: Murkrow|Murkrow, L50, M|100/100
|turn|4
|inactive|Battle timer is ON: inactive players will automatically lose when time's up. (requested by WASHINGTONGARGACHA)
|
|t:|1756645813
|-terastallize|p2b: Ursaluna|Ghost
|move|p1b: Dragonite|Protect|p1b: Dragonite
|-singleturn|p1b: Dragonite|Protect
|move|p2a: Murkrow|Haze|p2a: Murkrow
|-clearallboost
|move|p1a: Sneasler|Close Combat|p2b: Ursaluna
|-immune|p2b: Ursaluna
|move|p2b: Ursaluna|Facade|p1b: Dragonite
|-activate|p1b: Dragonite|move: Protect
|
|-damage|p2b: Ursaluna|82/100 brn|[from] brn
|-sideend|p2: WASHINGTONGARGACHA|move: Tailwind
|upkeep
|turn|5
|inactive|WASHINGTONGARGACHA has 30 seconds left.
|
|t:|1756645841
|move|p2b: Ursaluna|Protect|p2b: Ursaluna
|-singleturn|p2b: Ursaluna|Protect
|move|p1a: Sneasler|Coaching|p1b: Dragonite
|-boost|p1b: Dragonite|atk|1
|-boost|p1b: Dragonite|def|1
|move|p1b: Dragonite|Scale Shot|p2b: Ursaluna
|-activate|p2b: Ursaluna|move: Protect
|move|p2a: Murkrow|Foul Play|p1a: Sneasler
|-resisted|p1a: Sneasler
|-damage|p1a: Sneasler|58/100
|
|-damage|p2b: Ursaluna|76/100 brn|[from] brn
|upkeep
|turn|6
|inactive|WILLIWONKINEITOR has 30 seconds left.
|inactive|WILLIWONKINEITOR has 20 seconds left.
|inactive|WILLIWONKINEITOR has 15 seconds left.
|
|t:|1756645882
|move|p1b: Dragonite|Protect|p1b: Dragonite
|-singleturn|p1b: Dragonite|Protect
|move|p2a: Murkrow|Haze|p2a: Murkrow
|-clearallboost
|move|p1a: Sneasler|Close Combat|p2a: Murkrow
|-damage|p2a: Murkrow|21/100
|-unboost|p1a: Sneasler|def|1
|-unboost|p1a: Sneasler|spd|1
|move|p2b: Ursaluna|Facade|p1a: Sneasler
|-damage|p1a: Sneasler|0 fnt
|faint|p1a: Sneasler
|
|-damage|p2b: Ursaluna|70/100 brn|[from] brn
|upkeep
|
|t:|1756645891
|switch|p1a: Electabuzz|Electabuzz, L50, M|37/100
|turn|7
|
|t:|1756645912
|move|p2a: Murkrow|Tailwind|p2a: Murkrow
|-sidestart|p2: WASHINGTONGARGACHA|move: Tailwind
|move|p2b: Ursaluna|Facade|p1b: Dragonite
|-damage|p1b: Dragonite|0 fnt
|faint|p1b: Dragonite
|move|p1a: Electabuzz|Thunderbolt|p2a: Murkrow
|-supereffective|p2a: Murkrow
|-damage|p2a: Murkrow|0 fnt
|faint|p2a: Murkrow
|
|-damage|p2b: Ursaluna|63/100 brn|[from] brn
|upkeep
|-message|WILLIWONKINEITOR forfeited.
|
|win|WASHINGTONGARGACHA
