|j|☆ddx9000
|j|☆Quill86
|html|ddx9000Quill86    
|uhtml|bestof|Game 2 of a best-of-3
|t:|1756870383
|gametype|doubles
|player|p1|ddx9000|elesa|1152
|player|p2|Quill86|lucas|1298
|gen|9
|tier|[Gen 9] VGC 2025 Reg H (Bo3)
|rated|
|rule|Species Clause: Limit one of each Pokémon
|rule|Item Clause: Limit 1 of each item
|clearpoke
|poke|p1|Incineroar, L50, M|
|poke|p1|Porygon2, L50|
|poke|p1|Amoonguss, L50, F|
|poke|p1|Hydreigon, L50, F|
|poke|p1|Ursaluna, L50, F|
|poke|p1|Gholdengo, L50|
|poke|p2|Indeedee-F, L50, F|
|poke|p2|Gallade, L50, M|
|poke|p2|Torkoal, L50, F|
|poke|p2|Ursaluna, L50, M|
|poke|p2|Hatterene, L50, F|
|poke|p2|Hydreigon, L50, F|
|teampreview|4
|showteam|p1|Incineroar||AssaultVest|Intimidate|FakeOut,Uturn,FlareBlitz,KnockOff|||M|||50|,,,,,Ghost]Porygon2||Eviolite|Download|TeraBlast,IceBeam,Recover,TrickRoom||||||50|,,,,,Fighting]Amoonguss||RockyHelmet|Regenerator|Spore,ClearSmog,RagePowder,PollenPuff|||F|||50|,,,,,Fairy]Hydreigon||SafetyGoggles|Levitate|Tailwind,Snarl,Protect,DracoMeteor|||F|||50|,,,,,Ghost]Ursaluna||FlameOrb|Guts|Protect,HeadlongRush,Earthquake,Facade|||F|||50|,,,,,Ghost]Gholdengo||LifeOrb|GoodasGold|Protect,NastyPlot,MakeItRain,ShadowBall||||||50|,,,,,Water
|showteam|p2|Indeedee-F||PsychicSeed|PsychicSurge|FollowMe,TrickRoom,HelpingHand,DazzlingGleam|||F|||50|,,,,,Fairy]Gallade||ClearAmulet|Sharpness|SacredSword,WideGuard,TrickRoom,PsychoCut|||M|||50|,,,,,Grass]Torkoal||ChoiceSpecs|Drought|Eruption,WeatherBall,EarthPower,HeatWave|||F|||50|,,,,,Fire]Ursaluna||FlameOrb|Guts|Protect,HeadlongRush,Facade,Earthquake|||M|||50|,,,,,Ghost]Hatterene||LifeOrb|MagicBounce|DazzlingGleam,ExpandingForce,MysticalFire,TrickRoom|||F|||50|,,,,,Fire]Hydreigon||DracoPlate|Levitate|DracoMeteor,Snarl,Taunt,Protect|||F|||50|,,,,,Fire
|inactive|Battle timer is ON: inactive players will automatically lose when time's up. (requested by Quill86)
|
|t:|1756870397
|teamsize|p1|4
|teamsize|p2|4
|start
|switch|p1a: Amoonguss|Amoonguss, L50, F, shiny|100/100
|switch|p1b: Gholdengo|Gholdengo, L50|100/100
|switch|p2a: Indeedee|Indeedee-F, L50, F|100/100
|switch|p2b: Gallade|Gallade, L50, M|100/100
|-fieldstart|move: Psychic Terrain|[from] ability: Psychic Surge|[of] p2a: Indeedee
|-enditem|p2a: Indeedee|Psychic Seed
|-boost|p2a: Indeedee|spd|1|[from] item: Psychic Seed
|turn|1
|
|t:|1756870424
|switch|p2a: Hatterene|Hatterene, L50, F|100/100
|-terastallize|p2b: Gallade|Grass
|-terastallize|p1a: Amoonguss|Fairy
|move|p1b: Gholdengo|Nasty Plot|p1b: Gholdengo
|-boost|p1b: Gholdengo|spa|2
|move|p1a: Amoonguss|Spore|p2b: Gallade
|-immune|p2b: Gallade
|move|p2b: Gallade|Trick Room|p2b: Gallade
|-fieldstart|move: Trick Room|[of] p2b: Gallade
|
|upkeep
|turn|2
|
|t:|1756870443
|move|p1a: Amoonguss|Rage Powder|p1a: Amoonguss
|-singleturn|p1a: Amoonguss|move: Rage Powder
|move|p2a: Hatterene|Expanding Force|p1a: Amoonguss|[spread] p1a,p1b
|-resisted|p1b: Gholdengo
|-damage|p1a: Amoonguss|19/100
|-damage|p1b: Gholdengo|53/100
|-damage|p2a: Hatterene|91/100|[from] item: Life Orb
|move|p2b: Gallade|Psycho Cut|p1b: Gholdengo
|-resisted|p1b: Gholdengo
|-damage|p1b: Gholdengo|14/100
|move|p1b: Gholdengo|Make It Rain|p2b: Gallade|[spread] p2a,p2b
|-supereffective|p2a: Hatterene
|-damage|p2a: Hatterene|0 fnt
|-damage|p2b: Gallade|0 fnt
|-unboost|p1b: Gholdengo|spa|1
|faint|p2a: Hatterene
|faint|p2b: Gallade
|-damage|p1b: Gholdengo|4/100|[from] item: Life Orb
|
|upkeep
|
|t:|1756870454
|switch|p2a: Torkoal|Torkoal, L50, F|100/100
|switch|p2b: Indeedee|Indeedee-F, L50, F|100/100
|-weather|SunnyDay|[from] ability: Drought|[of] p2a: Torkoal
|turn|3
|
|t:|1756870462
|move|p1b: Gholdengo|Protect|p1b: Gholdengo
|-singleturn|p1b: Gholdengo|Protect
|move|p2a: Torkoal|Eruption|p1b: Gholdengo|[spread] p1a
|-activate|p1b: Gholdengo|move: Protect
|-damage|p1a: Amoonguss|0 fnt
|faint|p1a: Amoonguss
|move|p2b: Indeedee|Dazzling Gleam|p1b: Gholdengo
|-activate|p1b: Gholdengo|move: Protect
|
|-weather|SunnyDay|[upkeep]
|upkeep
|
|t:|1756870467
|switch|p1a: Porygon2|Porygon2, L50|100/100
|-ability|p1a: Porygon2|Download|boost
|-boost|p1a: Porygon2|spa|1
|turn|4
|
|t:|1756870472
|move|p1b: Gholdengo|Protect||[still]
|-fail|p1b: Gholdengo
|move|p2b: Indeedee|Follow Me|p2b: Indeedee
|-singleturn|p2b: Indeedee|move: Follow Me
|move|p2a: Torkoal|Eruption|p1a: Porygon2|[spread] p1a,p1b
|-supereffective|p1b: Gholdengo
|-damage|p1a: Porygon2|27/100
|-damage|p1b: Gholdengo|0 fnt
|faint|p1b: Gholdengo
|move|p1a: Porygon2|Trick Room|p1a: Porygon2
|-fieldend|move: Trick Room
|
|-weather|SunnyDay|[upkeep]
|upkeep
|
|t:|1756870474
|switch|p1b: Ursaluna|Ursaluna, L50, F|100/100
|turn|5
|
|t:|1756870489
|move|p1b: Ursaluna|Earthquake|p2a: Torkoal|[spread] p1a,p2a,p2b
|-supereffective|p2a: Torkoal
|-damage|p1a: Porygon2|3/100
|-damage|p2a: Torkoal|33/100
|-damage|p2b: Indeedee|56/100
|move|p1a: Porygon2|Recover|p1a: Porygon2
|-heal|p1a: Porygon2|53/100
|move|p2a: Torkoal|Eruption|p1b: Ursaluna|[spread] p1a,p1b
|-damage|p1a: Porygon2|29/100
|-damage|p1b: Ursaluna|71/100
|move|p2b: Indeedee|Trick Room|p2b: Indeedee
|-fieldstart|move: Trick Room|[of] p2b: Indeedee
|
|-weather|SunnyDay|[upkeep]
|-fieldend|move: Psychic Terrain
|-status|p1b: Ursaluna|brn|[from] item: Flame Orb
|upkeep
|turn|6
|
|t:|1756870502
|move|p2b: Indeedee|Helping Hand|p2a: Torkoal
|-singleturn|p2a: Torkoal|Helping Hand|[of] p2b: Indeedee
|move|p2a: Torkoal|Eruption|p1a: Porygon2|[spread] p1a,p1b
|-damage|p1a: Porygon2|0 fnt
|-damage|p1b: Ursaluna|27/100 brn
|faint|p1a: Porygon2
|move|p1b: Ursaluna|Headlong Rush|p2a: Torkoal
|-supereffective|p2a: Torkoal
|-damage|p2a: Torkoal|0 fnt
|-unboost|p1b: Ursaluna|def|1
|-unboost|p1b: Ursaluna|spd|1
|faint|p2a: Torkoal
|
|-weather|SunnyDay|[upkeep]
|-damage|p1b: Ursaluna|22/100 brn|[from] brn
|upkeep
|turn|7
|
|t:|1756870515
|move|p1b: Ursaluna|Facade|p2b: Indeedee
|-crit|p2b: Indeedee
|-damage|p2b: Indeedee|0 fnt
|faint|p2b: Indeedee
|
|win|ddx9000
|raw|ddx9000's rating: 1152 → 1187(+35 for winning)
|raw|Quill86's rating: 1298 → 1263(-35 for losing)
