|j|☆Sapphire39
|j|☆uzuki0401
|html|Sapphire39uzuki0401    
|uhtml|bestof|Game 1 of a best-of-3
|t:|1782189198
|gametype|doubles
|player|p1|Sapphire39|rosa|
|player|p2|uzuki0401|will|
|gen|9
|tier|[Gen 9 Champions] VGC 2026 Reg M-B (Bo3)
|rule|Species Clause: Limit one of each Pokémon
|rule|Item Clause: Limit 1 of each item
|clearpoke
|poke|p1|Sinistcha, L50|
|poke|p1|Incineroar, L50, F|
|poke|p1|Milotic, L50, M|
|poke|p1|Raichu, L50, M|
|poke|p1|Floette-Eternal, L50, F|
|poke|p1|Ceruledge, L50, F|
|poke|p2|Scrafty, L50, F|
|poke|p2|Staraptor, L50, M|
|poke|p2|Whimsicott, L50, F|
|poke|p2|Torkoal, L50, F|
|poke|p2|Basculegion, L50, M|
|poke|p2|Floette-Eternal, L50, F|
|teampreview|4
|showteam|p1|Sinistcha||KasibBerry|Hospitality|MatchaGotcha,LifeDew,RagePowder,Protect|Relaxed|||||50|]Incineroar||SitrusBerry|Intimidate|FlareBlitz,ThroatChop,FakeOut,PartingShot|Impish||F|||50|]Milotic||Leftovers|Competitive|MuddyWater,Coil,Hypnosis,Protect|Calm||M|||50|]Raichu||RaichuniteY|LightningRod|ZapCannon,FocusBlast,FakeOut,Protect|Timid||M|||50|]Floette-Eternal||Floettite|FlowerVeil|DazzlingGleam,DrainingKiss,CalmMind,Protect|Timid||F|||50|]Ceruledge||ColburBerry|FlashFire|BitterBlade,ShadowSneak,BulkUp,Protect|Adamant||F|||50|
|showteam|p2|Scrafty||Scraftinite|Intimidate|FakeOut,Protect,KnockOff,CloseCombat|Serious||F|||50|]Staraptor||ChoiceScarf|Intimidate|DoubleEdge,FinalGambit,Uturn,BraveBird|Jolly||M|||50|]Whimsicott||FocusSash|Prankster|Encore,Tailwind,TrickRoom,Moonblast|Modest||F|||50|]Torkoal||Charcoal|Drought|Eruption,HeatWave,SolarBeam,WeatherBall|Quiet||F|||50|]Basculegion||LifeOrb|Adaptability|WaveCrash,LastRespects,AquaJet,Protect|Adamant||M|||50|]Floette-Eternal||Floettite|FlowerVeil|Protect,Moonblast,LightofRuin,DazzlingGleam|Modest||F|||50|
|
|t:|1782189254
|teamsize|p1|4
|teamsize|p2|4
|start
|switch|p1a: Milotic|Milotic, L50, M|100/100
|switch|p1b: Sinistcha|Sinistcha, L50|100/100
|switch|p2a: Whimsicott|Whimsicott, L50, F|100/100
|switch|p2b: Basculegion|Basculegion, L50, M|100/100
|turn|1
|
|t:|1782189281
|move|p2a: Whimsicott|Moonblast|p1b: Sinistcha
|-damage|p1b: Sinistcha|66/100
|move|p1a: Milotic|Muddy Water|p2a: Whimsicott|[spread] p2a,p2b
|-resisted|p2a: Whimsicott|1
|-resisted|p2b: Basculegion|1
|-damage|p2a: Whimsicott|85/100
|-damage|p2b: Basculegion|88/100
|-unboost|p2a: Whimsicott|accuracy|1
|move|p2b: Basculegion|Last Respects|p1b: Sinistcha
|-supereffective|p1b: Sinistcha|1
|-enditem|p1b: Sinistcha|Kasib Berry|[eat]
|-enditem|p1b: Sinistcha|Kasib Berry|[weaken]
|-damage|p1b: Sinistcha|28/100
|-damage|p2b: Basculegion|78/100|[from] item: Life Orb
|move|p1b: Sinistcha|Matcha Gotcha|p2b: Basculegion|[spread] p2a,p2b
|-resisted|p2a: Whimsicott|1
|-supereffective|p2b: Basculegion|1
|-damage|p2a: Whimsicott|69/100
|-heal|p1b: Sinistcha|35/100|[from] drain|[of] p2a: Whimsicott
|-damage|p2b: Basculegion|29/100
|-heal|p1b: Sinistcha|63/100|[from] drain|[of] p2b: Basculegion
|
|upkeep
|turn|2
|
|t:|1782189328
|move|p2a: Whimsicott|Tailwind|p2a: Whimsicott
|-sidestart|p2: uzuki0401|move: Tailwind
|move|p2b: Basculegion|Last Respects|p1b: Sinistcha
|-supereffective|p1b: Sinistcha|1
|-damage|p1b: Sinistcha|0 fnt
|faint|p1b: Sinistcha
|-damage|p2b: Basculegion|20/100y|[from] item: Life Orb
|move|p1a: Milotic|Muddy Water|p2b: Basculegion|[spread] p2a,p2b
|-resisted|p2a: Whimsicott|1
|-resisted|p2b: Basculegion|1
|-damage|p2a: Whimsicott|55/100
|-damage|p2b: Basculegion|6/100
|-unboost|p2a: Whimsicott|accuracy|1
|
|upkeep
|
|t:|1782189340
|switch|p1b: Floette|Floette-Eternal, L50, F|100/100
|turn|3
|
|t:|1782189372
|detailschange|p1b: Floette|Floette-Mega, L50, F
|-mega|p1b: Floette|Floette|Floettite
|-ability|p1b: Floette|Fairy Aura
|move|p2a: Whimsicott|Moonblast|p1a: Milotic|[miss]
|-miss|p2a: Whimsicott|p1a: Milotic
|move|p2b: Basculegion|Wave Crash|p1b: Floette
|-damage|p1b: Floette|0 fnt
|faint|p1b: Floette
|-damage|p2b: Basculegion|0 fnt|[from] Recoil
|faint|p2b: Basculegion
|move|p1a: Milotic|Coil|p1a: Milotic
|-boost|p1a: Milotic|atk|1
|-boost|p1a: Milotic|def|1
|-boost|p1a: Milotic|accuracy|1
|
|upkeep
|
|t:|1782189388
|switch|p1b: Ceruledge|Ceruledge, L50, F|100/100
|switch|p2b: Torkoal|Torkoal, L50, F|100/100
|-weather|SunnyDay|[from] ability: Drought|[of] p2b: Torkoal
|turn|4
|
|t:|1782189399
|move|p1a: Milotic|Protect|p1a: Milotic
|-singleturn|p1a: Milotic|Protect
|move|p2a: Whimsicott|Encore|p1a: Milotic
|-activate|p1a: Milotic|move: Protect
|move|p1b: Ceruledge|Bitter Blade|p2a: Whimsicott
|-supereffective|p2a: Whimsicott|1
|-damage|p2a: Whimsicott|0 fnt
|faint|p2a: Whimsicott
|move|p2b: Torkoal|Solar Beam||[still]
|-prepare|p2b: Torkoal|Solar Beam
|-anim|p2b: Torkoal|Solar Beam|p1a: Milotic
|-activate|p1a: Milotic|move: Protect
|
|-weather|SunnyDay|[upkeep]
|upkeep
|
|t:|1782189411
|switch|p2a: Scrafty|Scrafty, L50, F|100/100
|-ability|p2a: Scrafty|Intimidate|boost
|-unboost|p1a: Milotic|atk|1
|-ability|p1a: Milotic|Competitive|boost
|-boost|p1a: Milotic|spa|2
|-unboost|p1b: Ceruledge|atk|1
|turn|5
|
|t:|1782189441
|move|p2a: Scrafty|Fake Out|p1a: Milotic
|-damage|p1a: Milotic|93/100
|move|p1b: Ceruledge|Bulk Up|p1b: Ceruledge
|-boost|p1b: Ceruledge|atk|1
|-boost|p1b: Ceruledge|def|1
|cant|p1a: Milotic|flinch
|move|p2b: Torkoal|Solar Beam||[still]
|-prepare|p2b: Torkoal|Solar Beam
|-anim|p2b: Torkoal|Solar Beam|p1a: Milotic
|-supereffective|p1a: Milotic|1
|-damage|p1a: Milotic|50/100g
|
|-weather|SunnyDay|[upkeep]
|-heal|p1a: Milotic|56/100|[from] item: Leftovers
|-sideend|p2: uzuki0401|move: Tailwind
|upkeep
|turn|6
|
|t:|1782189473
|detailschange|p2a: Scrafty|Scrafty-Mega, L50, F
|-mega|p2a: Scrafty|Scrafty|Scraftinite
|-ability|p2a: Scrafty|Intimidate|boost
|-unboost|p1a: Milotic|atk|1
|-ability|p1a: Milotic|Competitive|boost
|-boost|p1a: Milotic|spa|2
|-unboost|p1b: Ceruledge|atk|1
|move|p1b: Ceruledge|Bitter Blade|p2a: Scrafty
|-damage|p2a: Scrafty|59/100
|move|p1a: Milotic|Hypnosis|p2a: Scrafty
|-status|p2a: Scrafty|slp|[from] move: Hypnosis
|cant|p2a: Scrafty|slp
|move|p2b: Torkoal|Solar Beam||[still]
|-prepare|p2b: Torkoal|Solar Beam
|-anim|p2b: Torkoal|Solar Beam|p1a: Milotic
|-supereffective|p1a: Milotic|1
|-damage|p1a: Milotic|11/100
|
|-weather|SunnyDay|[upkeep]
|-heal|p1a: Milotic|17/100|[from] item: Leftovers
|upkeep
|turn|7
|
|t:|1782189500
|move|p1b: Ceruledge|Bulk Up|p1b: Ceruledge
|-boost|p1b: Ceruledge|atk|1
|-boost|p1b: Ceruledge|def|1
|move|p1a: Milotic|Hypnosis|p2b: Torkoal
|-status|p2b: Torkoal|slp|[from] move: Hypnosis
|cant|p2a: Scrafty|slp
|cant|p2b: Torkoal|slp
|
|-weather|SunnyDay|[upkeep]
|-heal|p1a: Milotic|23/100|[from] item: Leftovers
|upkeep
|turn|8
|
|t:|1782189515
|move|p1b: Ceruledge|Bitter Blade|p2a: Scrafty
|-damage|p2a: Scrafty|3/100 slp
|move|p1a: Milotic|Muddy Water|p2a: Scrafty|[spread] p2a,p2b
|-supereffective|p2b: Torkoal|1
|-damage|p2a: Scrafty|0 fnt
|-damage|p2b: Torkoal|17/100 slp
|faint|p2a: Scrafty
|-curestatus|p2b: Torkoal|slp|[msg]
|move|p2b: Torkoal|Solar Beam||[still]
|-prepare|p2b: Torkoal|Solar Beam
|-anim|p2b: Torkoal|Solar Beam|p1a: Milotic
|-supereffective|p1a: Milotic|1
|-damage|p1a: Milotic|0 fnt
|faint|p1a: Milotic
|
|-weather|none
|upkeep
|turn|9
|
|t:|1782189532
|move|p1b: Ceruledge|Bitter Blade|p2b: Torkoal
|-resisted|p2b: Torkoal|1
|-damage|p2b: Torkoal|0 fnt
|faint|p2b: Torkoal
|
|win|Sapphire39
||uzuki0401 is ready for game 2.
