|j|☆dulana123
|j|☆ElravinoZ
|html|dulana123ElravinoZ    
|uhtml|bestof|Game 2 of a best-of-3
|t:|1786109910
|gametype|doubles
|player|p1|dulana123|170|1132
|player|p2|ElravinoZ|101|1114
|gen|9
|tier|[Gen 9 Champions] VGC 2026 Reg M-B (Bo3)
|rated|
|rule|Species Clause: Limit one of each Pokémon
|rule|Item Clause: Limit 1 of each item
|clearpoke
|poke|p1|Tyranitar, L50, M|
|poke|p1|Incineroar, L50, M|
|poke|p1|Kingambit, L50, M|
|poke|p1|Sinistcha, L50|
|poke|p1|Garchomp, L50, M|
|poke|p1|Corviknight, L50, M|
|poke|p2|Excadrill, L50, M|
|poke|p2|Whimsicott, L50, F|
|poke|p2|Absol, L50, F|
|poke|p2|Froslass, L50, F|
|poke|p2|Maushold-Four, L50|
|poke|p2|Aerodactyl, L50, F|
|teampreview|4
|showteam|p1|Tyranitar||ChoiceScarf|SandStream|RockSlide,KnockOff,IcePunch,BrickBreak|Jolly||M|||50|]Incineroar||SitrusBerry|Intimidate|FakeOut,PartingShot,FlareBlitz,ThroatChop|Impish||M|||50|]Kingambit||BlackGlasses|Defiant|SuckerPunch,IronHead,LowKick,Protect|Adamant||M|||50|]Sinistcha||ColburBerry|Hospitality|MatchaGotcha,Protect,LifeDew,RagePowder|Bold|||||50|]Garchomp||Garchompite|RoughSkin|DracoMeteor,EarthPower,PowerGem,Protect|Timid||M|||50|]Corviknight||Leftovers|MirrorArmor|Tailwind,BraveBird,Protect,IronHead|Impish||M|||50|
|showteam|p2|Excadrill||ChoiceScarf|MoldBreaker|Earthquake,DrillRun,IronHead,BrickBreak|Adamant||M|||50|]Whimsicott||FocusSash|Prankster|Tailwind,WorrySeed,Encore,Moonblast|Bold||F|||50|]Absol||Absolite|Justified|ThroatChop,Protect,PsychoCut,CloseCombat|Jolly||F|||50|]Froslass||Froslassite|CursedBody|ShadowBall,Blizzard,Protect,FrostBreath|Timid||F|||50|]Maushold-Four||SitrusBerry|FriendGuard|FollowMe,BeatUp,HelpingHand,SuperFang|Jolly|||||50|]Aerodactyl||WideLens|Unnerve|RockSlide,DualWingbeat,SteelWing,Protect|Jolly||F|||50|
|
|t:|1786109938
|teamsize|p1|4
|teamsize|p2|4
|start
|switch|p1a: Incineroar|Incineroar, L50, M|100/100
|switch|p1b: Corviknight|Corviknight, L50, M|100/100
|switch|p2a: Whimsicott|Whimsicott, L50, F|100/100
|switch|p2b: Excadrill|Excadrill, L50, M|100/100
|-ability|p2b: Excadrill|Mold Breaker
|-ability|p1a: Incineroar|Intimidate|boost
|-unboost|p2a: Whimsicott|atk|1
|-unboost|p2b: Excadrill|atk|1
|turn|1
|inactive|Battle timer is ON: inactive players will automatically lose when time's up. (requested by ElravinoZ)
|
|t:|1786109956
|switch|p2b: Aerodactyl|Aerodactyl, L50, F|100/100
|-ability|p2b: Aerodactyl|Unnerve
|switch|p2a: Froslass|Froslass, L50, F|100/100
|move|p1a: Incineroar|Fake Out|p2b: Aerodactyl
|-resisted|p2b: Aerodactyl|1
|-damage|p2b: Aerodactyl|91/100
|move|p1b: Corviknight|Tailwind|p1b: Corviknight
|-sidestart|p1: dulana123|move: Tailwind
|
|upkeep
|turn|2
|
|t:|1786109974
|switch|p2a: Excadrill|Excadrill, L50, M|100/100
|-ability|p2a: Excadrill|Mold Breaker
|move|p2b: Aerodactyl|Rock Slide|p1a: Incineroar|[spread] p1a,p1b
|-supereffective|p1a: Incineroar|1
|-damage|p1a: Incineroar|66/100
|-damage|p1b: Corviknight|83/100
|move|p1b: Corviknight|Iron Head|p2b: Aerodactyl
|-supereffective|p2b: Aerodactyl|1
|-damage|p2b: Aerodactyl|11/100
|cant|p1a: Incineroar|flinch
|
|-heal|p1b: Corviknight|89/100|[from] item: Leftovers
|upkeep
|turn|3
|inactive|ElravinoZ has 30 seconds left.
|
|t:|1786110000
|switch|p2b: Whimsicott|Whimsicott, L50, F|100/100
|move|p2a: Excadrill|Drill Run|p1a: Incineroar
|-supereffective|p1a: Incineroar|1
|-damage|p1a: Incineroar|0 fnt
|faint|p1a: Incineroar
|move|p1b: Corviknight|Iron Head|p2b: Whimsicott
|-supereffective|p2b: Whimsicott|1
|-damage|p2b: Whimsicott|55/100
|
|-heal|p1b: Corviknight|95/100|[from] item: Leftovers
|upkeep
|
|t:|1786110012
|switch|p1a: Garchomp|Garchomp, L50, M|100/100
|turn|4
|
|t:|1786110022
|detailschange|p1a: Garchomp|Garchomp-Mega, L50, M
|-mega|p1a: Garchomp|Garchomp|Garchompite
|move|p2b: Whimsicott|Tailwind|p2b: Whimsicott
|-sidestart|p2: ElravinoZ|move: Tailwind
|move|p2a: Excadrill|Drill Run|p1a: Garchomp
|-damage|p1a: Garchomp|59/100
|move|p1a: Garchomp|Earth Power|p2a: Excadrill
|-supereffective|p2a: Excadrill|1
|-damage|p2a: Excadrill|0 fnt
|faint|p2a: Excadrill
|move|p1b: Corviknight|Brave Bird|p2b: Whimsicott
|-supereffective|p2b: Whimsicott|1
|-damage|p2b: Whimsicott|0 fnt
|faint|p2b: Whimsicott
|-damage|p1b: Corviknight|80/100|[from] Recoil
|
|-heal|p1b: Corviknight|85/100|[from] item: Leftovers
|-sideend|p1: dulana123|move: Tailwind
|upkeep
|
|t:|1786110026
|switch|p2a: Froslass|Froslass, L50, F|100/100
|switch|p2b: Aerodactyl|Aerodactyl, L50, F|11/100
|-ability|p2b: Aerodactyl|Unnerve
|turn|5
|
|t:|1786110047
|move|p1a: Garchomp|Protect|p1a: Garchomp
|-singleturn|p1a: Garchomp|Protect
|move|p1b: Corviknight|Protect|p1b: Corviknight
|-singleturn|p1b: Corviknight|Protect
|move|p2b: Aerodactyl|Rock Slide|p1a: Garchomp|[spread] 
|-activate|p1a: Garchomp|move: Protect
|-activate|p1b: Corviknight|move: Protect
|move|p2a: Froslass|Frost Breath|p1a: Garchomp
|-activate|p1a: Garchomp|move: Protect
|
|-heal|p1b: Corviknight|91/100|[from] item: Leftovers
|upkeep
|turn|6
|
|t:|1786110066
|switch|p1a: Tyranitar|Tyranitar, L50, M|100/100
|-weather|Sandstorm|[from] ability: Sand Stream|[of] p1a: Tyranitar
|move|p2b: Aerodactyl|Rock Slide|p1b: Corviknight|[spread] p1a,p1b
|-damage|p1a: Tyranitar|75/100
|-damage|p1b: Corviknight|77/100
|move|p2a: Froslass|Frost Breath|p1b: Corviknight
|-crit|p1b: Corviknight
|-damage|p1b: Corviknight|41/100
|cant|p1b: Corviknight|flinch
|
|-weather|Sandstorm|[upkeep]
|-damage|p2a: Froslass|93/100|[from] Sandstorm
|-heal|p1b: Corviknight|47/100|[from] item: Leftovers
|upkeep
|turn|7
|
|t:|1786110088
|detailschange|p2a: Froslass|Froslass-Mega, L50, F
|-mega|p2a: Froslass|Froslass|Froslassite
|-weather|Snowscape|[from] ability: Snow Warning|[of] p2a: Froslass
|move|p1b: Corviknight|Protect|p1b: Corviknight
|-singleturn|p1b: Corviknight|Protect
|move|p2b: Aerodactyl|Steel Wing|p1a: Tyranitar
|-supereffective|p1a: Tyranitar|1
|-damage|p1a: Tyranitar|37/100
|move|p2a: Froslass|Blizzard|p1b: Corviknight|[spread] p1a
|-activate|p1b: Corviknight|move: Protect
|-crit|p1a: Tyranitar
|-damage|p1a: Tyranitar|0 fnt
|faint|p1a: Tyranitar
|
|-weather|Snowscape|[upkeep]
|-heal|p1b: Corviknight|53/100|[from] item: Leftovers
|-sideend|p2: ElravinoZ|move: Tailwind
|upkeep
|
|t:|1786110103
|switch|p1a: Garchomp|Garchomp-Mega, L50, M|59/100
|turn|8
|
|t:|1786110109
|move|p1a: Garchomp|Protect|p1a: Garchomp
|-singleturn|p1a: Garchomp|Protect
|move|p2b: Aerodactyl|Rock Slide|p1a: Garchomp|[spread] p1b
|-activate|p1a: Garchomp|move: Protect
|-damage|p1b: Corviknight|38/100
|move|p2a: Froslass|Blizzard|p1a: Garchomp|[spread] p1b
|-activate|p1a: Garchomp|move: Protect
|-damage|p1b: Corviknight|0 fnt
|faint|p1b: Corviknight
|
|-weather|Snowscape|[upkeep]
|upkeep
|turn|9
|
|t:|1786110125
|move|p2b: Aerodactyl|Dual Wingbeat|p1a: Garchomp
|-crit|p1a: Garchomp
|-damage|p1a: Garchomp|35/100
|-damage|p1a: Garchomp|18/100
|-hitcount|p1a: Garchomp|2
|move|p2a: Froslass|Blizzard|p1a: Garchomp
|-supereffective|p1a: Garchomp|2
|-damage|p1a: Garchomp|0 fnt
|faint|p1a: Garchomp
|
|win|ElravinoZ
||dulana123 is ready for game 3.
