|j|☆JustAddBacon
|j|☆pagoose chase
|html|JustAddBaconpagoose chase    
|uhtml|bestof|Game 2 of a best-of-3
|t:|1757630706
|gametype|doubles
|player|p1|JustAddBacon|palmer|1075
|player|p2|pagoose chase|roxanne-gen6|1087
|gen|9
|tier|[Gen 9] VGC 2025 Reg H (Bo3)
|rated|
|rule|Species Clause: Limit one of each Pokémon
|rule|Item Clause: Limit 1 of each item
|clearpoke
|poke|p1|Dragonite, L50, F|
|poke|p1|Sinistcha, L50|
|poke|p1|Rillaboom, L50, M|
|poke|p1|Ursaluna, L50, M|
|poke|p1|Incineroar, L50, M|
|poke|p1|Lucario, L50, M|
|poke|p2|Gliscor, L50, M|
|poke|p2|Tyranitar, L50, F|
|poke|p2|Rillaboom, L50, M|
|poke|p2|Gholdengo, L50|
|poke|p2|Electabuzz, L50, F|
|poke|p2|Sneasler, L50, F|
|teampreview|4
|showteam|p1|Dragonite||Leftovers|Multiscale|Tailwind,Protect,TeraBlast,DragonClaw|||F|||50|,,,,,Flying]Sinistcha||SitrusBerry|Hospitality|LifeDew,MatchaGotcha,RagePowder,TrickRoom||||||50|,,,,,Water]Rillaboom||AssaultVest|GrassySurge|FakeOut,GrassyGlide,Uturn,KnockOff|||M|||50|,,,,,Water]Ursaluna||FlameOrb|Guts|Earthquake,Facade,HeadlongRush,Protect|||M|||50|,,,,,Ghost]Incineroar||SafetyGoggles|Intimidate|FakeOut,PartingShot,KnockOff,FlareBlitz|||M|||50|,,,,,Water]Lucario||EjectPack|InnerFocus|CloseCombat,Coaching,Detect,MeteorMash|||M|||50|,,,,,Ghost
|showteam|p2|Gliscor||ToxicOrb|PoisonHeal|DualWingbeat,HighHorsepower,Tailwind,Protect|||M|||50|,,,,,Water]Tyranitar||AssaultVest|SandStream|RockSlide,KnockOff,LowKick,TeraBlast|||F|||50|,,,,,Flying]Rillaboom||MiracleSeed|GrassySurge|FakeOut,GrassyGlide,WoodHammer,Uturn|||M|||50|,,,,,Fire]Gholdengo||LifeOrb|GoodasGold|MakeItRain,ShadowBall,NastyPlot,Protect||||||50|,,,,,Water]Electabuzz||Eviolite|VitalSpirit|FollowMe,Electroweb,Taunt,Protect|||F|||50|,,,,,Ghost]Sneasler||CovertCloak|Unburden|FakeOut,CloseCombat,DireClaw,Coaching|||F|||50|,,,,,Dark
|inactive|Battle timer is ON: inactive players will automatically lose when time's up. (requested by JustAddBacon)
|
|t:|1757630748
|teamsize|p1|4
|teamsize|p2|4
|start
|switch|p1a: Ursaluna|Ursaluna, L50, M|100/100
|switch|p1b: Incineroar|Incineroar, L50, M|100/100
|switch|p2a: Gliscor|Gliscor, L50, M|100/100
|switch|p2b: Sneasler|Sneasler, L50, F|100/100
|-ability|p1b: Incineroar|Intimidate|boost
|-unboost|p2a: Gliscor|atk|1
|-unboost|p2b: Sneasler|atk|1
|turn|1
|inactive|JustAddBacon has 30 seconds left.
|inactive|JustAddBacon has 20 seconds left.
|inactive|JustAddBacon has 15 seconds left.
|
|t:|1757630789
|-terastallize|p1a: Ursaluna|Ghost
|move|p2b: Sneasler|Fake Out|p1a: Ursaluna
|-immune|p1a: Ursaluna
|move|p2a: Gliscor|Tailwind|p2a: Gliscor
|-sidestart|p2: pagoose chase|move: Tailwind
|move|p1b: Incineroar|Knock Off|p2a: Gliscor
|-damage|p2a: Gliscor|60/100
|-enditem|p2a: Gliscor|Toxic Orb|[from] move: Knock Off|[of] p1b: Incineroar
|move|p1a: Ursaluna|Headlong Rush|p2b: Sneasler
|-supereffective|p2b: Sneasler
|-crit|p2b: Sneasler
|-damage|p2b: Sneasler|0 fnt
|-unboost|p1a: Ursaluna|def|1
|-unboost|p1a: Ursaluna|spd|1
|faint|p2b: Sneasler
|
|-status|p1a: Ursaluna|brn|[from] item: Flame Orb
|upkeep
|
|t:|1757630792
|switch|p2b: Gholdengo|Gholdengo, L50|100/100
|turn|2
|
|t:|1757630816
|-terastallize|p2b: Gholdengo|Water
|move|p1a: Ursaluna|Protect|p1a: Ursaluna
|-singleturn|p1a: Ursaluna|Protect
|move|p2a: Gliscor|High Horsepower|p1b: Incineroar
|-supereffective|p1b: Incineroar
|-damage|p1b: Incineroar|47/100
|move|p2b: Gholdengo|Shadow Ball|p1a: Ursaluna
|-activate|p1a: Ursaluna|move: Protect
|move|p1b: Incineroar|Knock Off|p2b: Gholdengo
|-damage|p2b: Gholdengo|63/100
|-enditem|p2b: Gholdengo|Life Orb|[from] move: Knock Off|[of] p1b: Incineroar
|
|-damage|p1a: Ursaluna|95/100 brn|[from] brn
|upkeep
|turn|3
|
|t:|1757630838
|switch|p2a: Rillaboom|Rillaboom, L50, M|100/100
|-fieldstart|move: Grassy Terrain|[from] ability: Grassy Surge|[of] p2a: Rillaboom
|switch|p1a: Sinistcha|Sinistcha, L50|100/100
|-heal|p1b: Incineroar|72/100|[from] ability: Hospitality|[of] p1a: Sinistcha
|move|p2b: Gholdengo|Shadow Ball|p1a: Sinistcha
|-supereffective|p1a: Sinistcha
|-crit|p1a: Sinistcha
|-damage|p1a: Sinistcha|0 fnt
|faint|p1a: Sinistcha
|move|p1b: Incineroar|Parting Shot|p2a: Rillaboom
|-unboost|p2a: Rillaboom|atk|1
|-unboost|p2a: Rillaboom|spa|1
|
|t:|1757630852
|switch|p1b: Dragonite|Dragonite, L50, F|100/100|[from] Parting Shot
|
|-heal|p2b: Gholdengo|69/100|[from] Grassy Terrain
|upkeep
|
|t:|1757630866
|switch|p1a: Incineroar|Incineroar, L50, M|72/100
|-ability|p1a: Incineroar|Intimidate|boost
|-unboost|p2a: Rillaboom|atk|1
|-unboost|p2b: Gholdengo|atk|1
|turn|4
|
|t:|1757630889
|move|p2a: Rillaboom|Fake Out|p1b: Dragonite
|-damage|p1b: Dragonite|97/100
|move|p1a: Incineroar|Fake Out|p2b: Gholdengo
|-damage|p2b: Gholdengo|57/100
|cant|p2b: Gholdengo|flinch
|cant|p1b: Dragonite|flinch
|
|-heal|p2b: Gholdengo|63/100|[from] Grassy Terrain
|-heal|p1b: Dragonite|100/100|[from] item: Leftovers
|-heal|p1a: Incineroar|78/100|[from] Grassy Terrain
|-sideend|p2: pagoose chase|move: Tailwind
|upkeep
|turn|5
|
|t:|1757630909
|move|p2b: Gholdengo|Make It Rain|p1b: Dragonite|[spread] p1a,p1b
|-resisted|p1a: Incineroar
|-damage|p1a: Incineroar|57/100
|-damage|p1b: Dragonite|78/100
|-unboost|p2b: Gholdengo|spa|1
|move|p2a: Rillaboom|U-turn|p1b: Dragonite
|-resisted|p1b: Dragonite
|-crit|p1b: Dragonite
|-damage|p1b: Dragonite|59/100
|
|t:|1757630913
|switch|p2a: Gliscor|Gliscor, L50, M|60/100|[from] U-turn
|move|p1b: Dragonite|Tailwind|p1b: Dragonite
|-sidestart|p1: JustAddBacon|move: Tailwind
|move|p1a: Incineroar|Knock Off|p2a: Gliscor
|-damage|p2a: Gliscor|35/100
|
|-heal|p1b: Dragonite|65/100|[from] item: Leftovers
|-heal|p1a: Incineroar|63/100|[from] Grassy Terrain
|-heal|p2b: Gholdengo|69/100|[from] Grassy Terrain
|upkeep
|turn|6
|inactive|JustAddBacon has 30 seconds left.
|
|t:|1757630944
|switch|p2b: Rillaboom|Rillaboom, L50, M|100/100
|move|p2a: Gliscor|Protect|p2a: Gliscor
|-singleturn|p2a: Gliscor|Protect
|move|p1b: Dragonite|Dragon Claw|p2b: Rillaboom
|-damage|p2b: Rillaboom|54/100
|move|p1a: Incineroar|Flare Blitz|p2a: Gliscor
|-activate|p2a: Gliscor|move: Protect
|
|-heal|p1b: Dragonite|71/100|[from] item: Leftovers
|-heal|p1a: Incineroar|69/100|[from] Grassy Terrain
|-heal|p2b: Rillaboom|59/100|[from] Grassy Terrain
|upkeep
|turn|7
|
|t:|1757630965
|switch|p1a: Ursaluna|Ursaluna, L50, M, tera:Ghost|95/100 brn
|move|p2b: Rillaboom|Fake Out|p1b: Dragonite
|-damage|p1b: Dragonite|55/100
|cant|p1b: Dragonite|flinch
|move|p2a: Gliscor|Tailwind|p2a: Gliscor
|-sidestart|p2: pagoose chase|move: Tailwind
|
|-heal|p2b: Rillaboom|65/100|[from] Grassy Terrain
|-heal|p1b: Dragonite|61/100|[from] item: Leftovers
|-heal|p1a: Ursaluna|100/100 brn|[from] Grassy Terrain
|-damage|p1a: Ursaluna|95/100 brn|[from] brn
|-fieldend|move: Grassy Terrain
|upkeep
|turn|8
|inactive|JustAddBacon has 30 seconds left.
|
|t:|1757630993
|move|p2a: Gliscor|Dual Wingbeat|p1b: Dragonite
|-damage|p1b: Dragonite|44/100
|-damage|p1b: Dragonite|27/100
|-hitcount|p1b: Dragonite|2
|move|p2b: Rillaboom|U-turn|p1b: Dragonite
|-resisted|p1b: Dragonite
|-damage|p1b: Dragonite|15/100
|
|t:|1757630997
|switch|p2b: Gholdengo|Gholdengo, L50, tera:Water|69/100|[from] U-turn
|move|p1b: Dragonite|Dragon Claw|p2a: Gliscor
|-damage|p2a: Gliscor|0 fnt
|faint|p2a: Gliscor
|move|p1a: Ursaluna|Facade|p2b: Gholdengo
|-damage|p2b: Gholdengo|0 fnt
|faint|p2b: Gholdengo
|
|-heal|p1b: Dragonite|21/100|[from] item: Leftovers
|-damage|p1a: Ursaluna|89/100 brn|[from] brn
|-sideend|p1: JustAddBacon|move: Tailwind
|upkeep
|
|t:|1757630999
|switch|p2b: Rillaboom|Rillaboom, L50, M|65/100
|-fieldstart|move: Grassy Terrain|[from] ability: Grassy Surge|[of] p2b: Rillaboom
|turn|9
|c|☆pagoose chase|Ggwp
|-message|pagoose chase forfeited.
|
|win|JustAddBacon
|raw|JustAddBacon's rating: 1075 → 1105(+30 for winning)
|raw|pagoose chase's rating: 1087 → 1063(-24 for losing)
