|j|☆mxhawk36
|j|☆SirNeru
|html|mxhawk36SirNeru    
|uhtml|bestof|Game 1 of a best-of-3
|t:|1756949039
|gametype|doubles
|player|p1|mxhawk36|boarder|1076
|player|p2|SirNeru|265|1221
|gen|9
|tier|[Gen 9] VGC 2025 Reg H (Bo3)
|rated|
|rule|Species Clause: Limit one of each Pokémon
|rule|Item Clause: Limit 1 of each item
|clearpoke
|poke|p1|Gholdengo, L50|
|poke|p1|Incineroar, L50, F|
|poke|p1|Amoonguss, L50, M|
|poke|p1|Archaludon, L50, F|
|poke|p1|Pelipper, L50, F|
|poke|p1|Basculegion, L50, M|
|poke|p2|Gholdengo, L50|
|poke|p2|Primarina, L50, M|
|poke|p2|Tyranitar, L50, M|
|poke|p2|Electabuzz, L50, F|
|poke|p2|Excadrill, L50, F|
|poke|p2|Dragonite, L50, M|
|teampreview|4
|showteam|p1|Gholdengo||LifeOrb|GoodasGold|MakeItRain,ShadowBall,NastyPlot,Protect||||||50|,,,,,Water]Incineroar||RockyHelmet|Intimidate|Taunt,KnockOff,PartingShot,FakeOut|||F|||50|,,,,,Ghost]Amoonguss||SitrusBerry|Regenerator|PollenPuff,Spore,RagePowder,Protect|||M|||50|,,,,,Water]Archaludon||AssaultVest|Stamina|DragonPulse,FlashCannon,ElectroShot,BodyPress|||F|||50|,,,,,Bug]Pelipper||FocusSash|Drizzle|WeatherBall,Hurricane,Tailwind,Protect|||F|||50|,,,,,Ground]Basculegion||ChoiceBand|SwiftSwim|WaveCrash,LastRespects,FlipTurn,AquaJet|||M|||50|,,,,,Water
|showteam|p2|Gholdengo||LifeOrb|GoodasGold|MakeItRain,NastyPlot,Protect,ShadowBall||||||50|,,,,,Dragon]Primarina||ThroatSpray|LiquidVoice|Moonblast,HyperVoice,Protect,IceBeam|||M|||50|,,,,,Poison]Tyranitar||AssaultVest|SandStream|RockSlide,IcyWind,KnockOff,TeraBlast|||M|||50|,,,,,Flying]Electabuzz||Eviolite|VitalSpirit|FollowMe,Electroweb,Taunt,Protect|||F|||50|,,,,,Ghost]Excadrill||FocusSash|SandRush|Earthquake,SwordsDance,RockSlide,Protect|||F|||50|,,,,,Stellar]Dragonite||LoadedDice|Multiscale|ScaleShot,Tailwind,Haze,Protect|||M|||50|,,,,,Fairy
|
|t:|1756949081
|teamsize|p1|4
|teamsize|p2|4
|start
|switch|p1a: Pelipper|Pelipper, L50, F|100/100
|switch|p1b: Basculegion|Basculegion, L50, M|100/100
|switch|p2a: Primarina|Primarina, L50, M, shiny|100/100
|switch|p2b: Dragonite|Dragonite, L50, M|100/100
|-weather|RainDance|[from] ability: Drizzle|[of] p1a: Pelipper
|turn|1
|
|t:|1756949102
|switch|p2a: Tyranitar|Tyranitar, L50, M, shiny|100/100
|-weather|Sandstorm|[from] ability: Sand Stream|[of] p2a: Tyranitar
|move|p2b: Dragonite|Scale Shot|p1a: Pelipper
|-damage|p1a: Pelipper|82/100
|-damage|p1a: Pelipper|63/100
|-damage|p1a: Pelipper|45/100
|-damage|p1a: Pelipper|25/100
|-damage|p1a: Pelipper|5/100
|-hitcount|p1a: Pelipper|5
|-unboost|p2b: Dragonite|def|1
|-boost|p2b: Dragonite|spe|1
|move|p1b: Basculegion|Flip Turn|p2b: Dragonite
|-resisted|p2b: Dragonite
|-damage|p2b: Dragonite|81/100
|
|t:|1756949118
|switch|p1b: Archaludon|Archaludon, L50, F|100/100|[from] Flip Turn
|move|p1a: Pelipper|Tailwind|p1a: Pelipper
|-sidestart|p1: mxhawk36|move: Tailwind
|
|-weather|Sandstorm|[upkeep]
|-damage|p1a: Pelipper|0 fnt|[from] Sandstorm
|-damage|p2b: Dragonite|75/100|[from] Sandstorm
|faint|p1a: Pelipper
|upkeep
|inactive|Battle timer is ON: inactive players will automatically lose when time's up. (requested by SirNeru)
|
|t:|1756949126
|switch|p1a: Basculegion|Basculegion, L50, M|100/100
|turn|2
|
|t:|1756949144
|move|p1a: Basculegion|Wave Crash|p2a: Tyranitar
|-supereffective|p2a: Tyranitar
|-damage|p2a: Tyranitar|0 fnt
|faint|p2a: Tyranitar
|-damage|p1a: Basculegion|66/100|[from] Recoil
|move|p1b: Archaludon|Flash Cannon|p2b: Dragonite
|-damage|p2b: Dragonite|35/100
|move|p2b: Dragonite|Tailwind|p2b: Dragonite
|-sidestart|p2: SirNeru|move: Tailwind
|
|-weather|Sandstorm|[upkeep]
|-damage|p2b: Dragonite|29/100|[from] Sandstorm
|-damage|p1a: Basculegion|59/100|[from] Sandstorm
|upkeep
|
|t:|1756949153
|switch|p2a: Electabuzz|Electabuzz, L50, F, shiny|100/100
|turn|3
|
|t:|1756949175
|move|p2a: Electabuzz|Follow Me|p2a: Electabuzz
|-singleturn|p2a: Electabuzz|move: Follow Me
|move|p2b: Dragonite|Scale Shot|p1a: Basculegion
|-damage|p1a: Basculegion|40/100
|-damage|p1a: Basculegion|20/100
|-damage|p1a: Basculegion|0 fnt
|faint|p1a: Basculegion
|-hitcount|p1: Basculegion|3
|-unboost|p2b: Dragonite|def|1
|-boost|p2b: Dragonite|spe|1
|move|p1b: Archaludon|Flash Cannon|p2a: Electabuzz
|-resisted|p2a: Electabuzz
|-damage|p2a: Electabuzz|84/100
|
|-weather|Sandstorm|[upkeep]
|-damage|p2b: Dragonite|23/100|[from] Sandstorm
|-damage|p2a: Electabuzz|78/100|[from] Sandstorm
|upkeep
|
|t:|1756949189
|switch|p1a: Amoonguss|Amoonguss, L50, M|100/100
|turn|4
|
|t:|1756949202
|move|p2a: Electabuzz|Protect|p2a: Electabuzz
|-singleturn|p2a: Electabuzz|Protect
|move|p2b: Dragonite|Scale Shot|p1a: Amoonguss
|-damage|p1a: Amoonguss|87/100
|-damage|p1a: Amoonguss|75/100
|-damage|p1a: Amoonguss|62/100
|-damage|p1a: Amoonguss|48/100
|-enditem|p1a: Amoonguss|Sitrus Berry|[eat]
|-heal|p1a: Amoonguss|73/100|[from] item: Sitrus Berry
|-damage|p1a: Amoonguss|60/100
|-hitcount|p1a: Amoonguss|5
|-unboost|p2b: Dragonite|def|1
|-boost|p2b: Dragonite|spe|1
|move|p1b: Archaludon|Dragon Pulse|p2a: Electabuzz
|-activate|p2a: Electabuzz|move: Protect
|move|p1a: Amoonguss|Pollen Puff|p1b: Archaludon
|
|-weather|Sandstorm|[upkeep]
|-damage|p2b: Dragonite|17/100|[from] Sandstorm
|-damage|p2a: Electabuzz|73/100|[from] Sandstorm
|-damage|p1a: Amoonguss|54/100|[from] Sandstorm
|-sideend|p1: mxhawk36|move: Tailwind
|upkeep
|turn|5
|
|t:|1756949225
|move|p1a: Amoonguss|Protect|p1a: Amoonguss
|-singleturn|p1a: Amoonguss|Protect
|move|p2a: Electabuzz|Follow Me|p2a: Electabuzz
|-singleturn|p2a: Electabuzz|move: Follow Me
|move|p2b: Dragonite|Scale Shot|p1a: Amoonguss
|-activate|p1a: Amoonguss|move: Protect
|move|p1b: Archaludon|Flash Cannon|p2a: Electabuzz
|-resisted|p2a: Electabuzz
|-damage|p2a: Electabuzz|56/100
|
|-weather|none
|-sideend|p2: SirNeru|move: Tailwind
|upkeep
|turn|6
|
|t:|1756949244
|move|p2a: Electabuzz|Protect|p2a: Electabuzz
|-singleturn|p2a: Electabuzz|Protect
|move|p2b: Dragonite|Tailwind|p2b: Dragonite
|-sidestart|p2: SirNeru|move: Tailwind
|move|p1b: Archaludon|Dragon Pulse|p2b: Dragonite
|-supereffective|p2b: Dragonite
|-damage|p2b: Dragonite|0 fnt
|faint|p2b: Dragonite
|move|p1a: Amoonguss|Pollen Puff|p2a: Electabuzz
|-activate|p2a: Electabuzz|move: Protect
|
|upkeep
|
|t:|1756949255
|switch|p2b: Primarina|Primarina, L50, M, shiny|100/100
|turn|7
|
|t:|1756949279
|-terastallize|p1b: Archaludon|Bug
|move|p1a: Amoonguss|Protect|p1a: Amoonguss
|-singleturn|p1a: Amoonguss|Protect
|move|p2a: Electabuzz|Taunt|p1a: Amoonguss
|-activate|p1a: Amoonguss|move: Protect
|move|p2b: Primarina|Hyper Voice|p1a: Amoonguss|[spread] p1b
|-activate|p1a: Amoonguss|move: Protect
|-crit|p1b: Archaludon
|-damage|p1b: Archaludon|61/100
|-ability|p1b: Archaludon|Stamina|boost
|-boost|p1b: Archaludon|def|1
|-enditem|p2b: Primarina|Throat Spray
|-boost|p2b: Primarina|spa|1|[from] item: Throat Spray
|move|p1b: Archaludon|Electro Shot||[still]
|-prepare|p1b: Archaludon|Electro Shot
|-boost|p1b: Archaludon|spa|1
|
|upkeep
|turn|8
|
|t:|1756949300
|-terastallize|p2b: Primarina|Poison
|move|p2a: Electabuzz|Taunt|p1a: Amoonguss
|-start|p1a: Amoonguss|move: Taunt
|move|p2b: Primarina|Hyper Voice|p1b: Archaludon|[spread] p1a,p1b
|-resisted|p1a: Amoonguss
|-crit|p1b: Archaludon
|-damage|p1a: Amoonguss|32/100
|-damage|p1b: Archaludon|0 fnt
|faint|p1b: Archaludon
|move|p1a: Amoonguss|Pollen Puff|p1: Archaludon|[notarget]
|-fail|p1a: Amoonguss
|
|upkeep
|turn|9
|
|t:|1756949314
|move|p2a: Electabuzz|Electroweb|p1a: Amoonguss
|-resisted|p1a: Amoonguss
|-damage|p1a: Amoonguss|25/100
|-unboost|p1a: Amoonguss|spe|1
|move|p2b: Primarina|Ice Beam|p1a: Amoonguss
|-supereffective|p1a: Amoonguss
|-damage|p1a: Amoonguss|0 fnt
|faint|p1a: Amoonguss
|
|win|SirNeru
||mxhawk36 is ready for game 2.
||SirNeru is ready for game 2.
|uhtml|next|Next: Game 2 of 3
|l|☆mxhawk36
|player|p1|
