|j|☆Timmy's Adventure
|j|☆HonsingAround
|html|Timmy's AdventureHonsingAround    
|uhtml|bestof|Game 1 of a best-of-3
|t:|1757665745
|gametype|doubles
|player|p1|Timmy's Adventure|266|
|player|p2|HonsingAround|1|
|gen|9
|tier|[Gen 9] VGC 2025 Reg H (Bo3)
|rule|Species Clause: Limit one of each Pokémon
|rule|Item Clause: Limit 1 of each item
|clearpoke
|poke|p1|Dragonite, L50, F|
|poke|p1|Ursaluna-Bloodmoon, L50, M|
|poke|p1|Gholdengo, L50|
|poke|p1|Dondozo, L50, F|
|poke|p1|Rillaboom, L50, M|
|poke|p1|Sneasler, L50, M|
|poke|p2|Rillaboom, L50, M|
|poke|p2|Gholdengo, L50|
|poke|p2|Porygon2, L50|
|poke|p2|Ursaluna, L50, M|
|poke|p2|Incineroar, L50, M|
|poke|p2|Vivillon-River, L50, M|
|teampreview|4
|showteam|p1|Dragonite||LoadedDice|Multiscale|ScaleShot,FireSpin,Tailwind,Protect|||F|||50|,,,,,Steel]Ursaluna-Bloodmoon||Leftovers|MindsEye|BloodMoon,EarthPower,CalmMind,Protect|||M|||50|,,,,,Electric]Gholdengo||ChoiceSpecs|GoodasGold|MakeItRain,ShadowBall,DazzlingGleam,PowerGem||||||50|,,,,,Fairy]Dondozo||CovertCloak|Unaware|WaveCrash,Yawn,Fissure,Protect|||F|||50|,,,,,Grass]Rillaboom||AssaultVest|GrassySurge|WoodHammer,GrassyGlide,HighHorsepower,FakeOut|||M|||50|,,,,,Fire]Sneasler||GrassySeed|Unburden|DireClaw,CloseCombat,Taunt,Protect|||M|||50|,,,,,Ghost
|showteam|p2|Rillaboom||MiracleSeed|GrassySurge|FakeOut,GrassyGlide,WoodHammer,Protect|||M|||50|,,,,,Grass]Gholdengo||LifeOrb|GoodasGold|MakeItRain,ShadowBall,NastyPlot,Protect||||||50|,,,,,Water]Porygon2||Eviolite|Download|TrickRoom,Recover,IceBeam,TeraBlast||||||50|,,,,,Fighting]Ursaluna||FlameOrb|Guts|Facade,Earthquake,HeadlongRush,Protect|||M|||50|,,,,,Ghost]Incineroar||SafetyGoggles|Intimidate|FakeOut,FlareBlitz,KnockOff,PartingShot|||M|||50|,,,,,Ghost]Vivillon-River||FocusSash|CompoundEyes|Protect,Tailwind,SleepPowder,Hurricane|||M|||50|,,,,,Ghost
|
|t:|1757665797
|teamsize|p1|4
|teamsize|p2|4
|start
|switch|p1a: koba.|Rillaboom, L50, M|100/100
|switch|p1b: timmy jr.|Ursaluna-Bloodmoon, L50, M|100/100
|switch|p2a: NepoBaby|Gholdengo, L50, shiny|100/100
|switch|p2b: BuffMe|Incineroar, L50, M, shiny|100/100
|-fieldstart|move: Grassy Terrain|[from] ability: Grassy Surge|[of] p1a: koba.
|-ability|p2b: BuffMe|Intimidate|boost
|-unboost|p1a: koba.|atk|1
|-unboost|p1b: timmy jr.|atk|1
|turn|1
|
|t:|1757665859
|-terastallize|p2b: BuffMe|Ghost
|move|p1a: koba.|Fake Out|p2b: BuffMe
|-immune|p2b: BuffMe
|move|p2b: BuffMe|Fake Out|p1b: timmy jr.
|-damage|p1b: timmy jr.|90/100
|move|p2a: NepoBaby|Nasty Plot|p2a: NepoBaby
|-boost|p2a: NepoBaby|spa|2
|cant|p1b: timmy jr.|flinch
|
|-heal|p1b: timmy jr.|96/100|[from] Grassy Terrain
|-heal|p1b: timmy jr.|100/100|[from] item: Leftovers
|upkeep
|turn|2
|
|t:|1757665883
|-terastallize|p1b: timmy jr.|Electric
|move|p2a: NepoBaby|Make It Rain|p1b: timmy jr.|[spread] p1a,p1b
|-resisted|p1b: timmy jr.
|-damage|p1a: koba.|4/100
|-damage|p1b: timmy jr.|33/100
|-unboost|p2a: NepoBaby|spa|1
|-damage|p2a: NepoBaby|91/100|[from] item: Life Orb
|move|p1a: koba.|Wood Hammer|p2b: BuffMe
|-damage|p2b: BuffMe|54/100
|-damage|p1a: koba.|0 fnt|[from] Recoil
|faint|p1a: koba.
|move|p1b: timmy jr.|Earth Power|p2a: NepoBaby
|-supereffective|p2a: NepoBaby
|-damage|p2a: NepoBaby|0 fnt
|faint|p2a: NepoBaby
|move|p2b: BuffMe|Parting Shot|p1b: timmy jr.
|-unboost|p1b: timmy jr.|atk|1
|-unboost|p1b: timmy jr.|spa|1
|
|t:|1757665900
|switch|p2b: Panzer IV|Ursaluna, L50, M, shiny|100/100|[from] Parting Shot
|
|-heal|p1b: timmy jr.|39/100|[from] Grassy Terrain
|-heal|p1b: timmy jr.|45/100|[from] item: Leftovers
|-status|p2b: Panzer IV|brn|[from] item: Flame Orb
|upkeep
|
|t:|1757665912
|switch|p2a: BuffMe|Incineroar, L50, M, shiny, tera:Ghost|54/100
|switch|p1a: joker.|Sneasler, L50, M|100/100
|-ability|p2a: BuffMe|Intimidate|boost
|-unboost|p1a: joker.|atk|1
|-unboost|p1b: timmy jr.|atk|1
|-enditem|p1a: joker.|Grassy Seed
|-boost|p1a: joker.|def|1|[from] item: Grassy Seed
|turn|3
|
|t:|1757665961
|switch|p2a: eepy|Vivillon-River, L50, M, shiny|100/100
|move|p1a: joker.|Protect|p1a: joker.
|-singleturn|p1a: joker.|Protect
|move|p1b: timmy jr.|Protect|p1b: timmy jr.
|-singleturn|p1b: timmy jr.|Protect
|move|p2b: Panzer IV|Protect||[still]
|-fail|p2b: Panzer IV
|
|-heal|p1b: timmy jr.|51/100|[from] Grassy Terrain
|-heal|p1b: timmy jr.|58/100|[from] item: Leftovers
|-damage|p2b: Panzer IV|95/100 brn|[from] brn
|upkeep
|turn|4
|
|t:|1757665985
|switch|p2b: BuffMe|Incineroar, L50, M, shiny, tera:Ghost|54/100
|-ability|p2b: BuffMe|Intimidate|boost
|-unboost|p1a: joker.|atk|1
|-unboost|p1b: timmy jr.|atk|1
|move|p1a: joker.|Taunt|p2a: eepy
|-start|p2a: eepy|move: Taunt
|move|p2a: eepy|Hurricane|p1a: joker.
|-supereffective|p1a: joker.
|-damage|p1a: joker.|0 fnt
|faint|p1a: joker.
|move|p1b: timmy jr.|Blood Moon|p2b: BuffMe
|-damage|p2b: BuffMe|6/100
|
|-heal|p1b: timmy jr.|64/100|[from] Grassy Terrain
|-heal|p1b: timmy jr.|70/100|[from] item: Leftovers
|-heal|p2b: BuffMe|12/100|[from] Grassy Terrain
|upkeep
|
|t:|1757665994
|switch|p1a: yennefer.|Dondozo, L50, F, shiny|100/100
|turn|5
|
|t:|1757666066
|switch|p2a: Panzer IV|Ursaluna, L50, M, shiny|95/100 brn
|move|p2b: BuffMe|Fake Out|p1a: yennefer.
|-damage|p1a: yennefer.|92/100
|move|p1b: timmy jr.|Calm Mind|p1b: timmy jr.
|-boost|p1b: timmy jr.|spa|1
|-boost|p1b: timmy jr.|spd|1
|move|p1a: yennefer.|Wave Crash|p2a: Panzer IV
|-supereffective|p2a: Panzer IV
|-damage|p2a: Panzer IV|31/100 brn
|-damage|p1a: yennefer.|74/100|[from] Recoil
|
|-heal|p1b: timmy jr.|76/100|[from] Grassy Terrain
|-heal|p1b: timmy jr.|82/100|[from] item: Leftovers
|-heal|p2b: BuffMe|18/100|[from] Grassy Terrain
|-heal|p2a: Panzer IV|37/100 brn|[from] Grassy Terrain
|-heal|p1a: yennefer.|80/100|[from] Grassy Terrain
|-damage|p2a: Panzer IV|31/100 brn|[from] brn
|-fieldend|move: Grassy Terrain
|upkeep
|turn|6
|
|t:|1757666087
|move|p2a: Panzer IV|Protect|p2a: Panzer IV
|-singleturn|p2a: Panzer IV|Protect
|move|p1b: timmy jr.|Blood Moon|p2a: Panzer IV
|-activate|p2a: Panzer IV|move: Protect
|move|p2b: BuffMe|Parting Shot|p1b: timmy jr.
|-unboost|p1b: timmy jr.|atk|1
|-unboost|p1b: timmy jr.|spa|1
|
|t:|1757666095
|switch|p2b: eepy|Vivillon-River, L50, M, shiny|100/100|[from] Parting Shot
|move|p1a: yennefer.|Wave Crash|p2b: eepy
|-damage|p2b: eepy|15/100
|-damage|p1a: yennefer.|63/100|[from] Recoil
|
|-heal|p1b: timmy jr.|88/100|[from] item: Leftovers
|-damage|p2a: Panzer IV|25/100 brn|[from] brn
|upkeep
|turn|7
|
|t:|1757666103
|move|p2b: eepy|Sleep Powder|p1b: timmy jr.
|-status|p1b: timmy jr.|slp|[from] move: Sleep Powder
|cant|p1b: timmy jr.|slp
|move|p2a: Panzer IV|Facade|p1a: yennefer.
|-damage|p1a: yennefer.|0 fnt
|faint|p1a: yennefer.
|
|-heal|p1b: timmy jr.|94/100 slp|[from] item: Leftovers
|-damage|p2a: Panzer IV|20/100 brn|[from] brn
|upkeep
|turn|8
|
|t:|1757666115
|move|p2b: eepy|Tailwind|p2b: eepy
|-sidestart|p2: HonsingAround|move: Tailwind
|move|p2a: Panzer IV|Headlong Rush|p1b: timmy jr.
|-supereffective|p1b: timmy jr.
|-damage|p1b: timmy jr.|0 fnt
|-unboost|p2a: Panzer IV|def|1
|-unboost|p2a: Panzer IV|spd|1
|faint|p1b: timmy jr.
|
|win|HonsingAround
||HonsingAround is ready for game 2.
||Timmy's Adventure is ready for game 2.
|uhtml|next|Next: Game 2 of 3
|l|☆Timmy's Adventure
|player|p1|
