|j|☆5nightsatblursa
|j|☆Realfrytki
|html|5nightsatblursaRealfrytki    
|uhtml|bestof|Game 3 of a best-of-3
|t:|1782489419
|gametype|doubles
|player|p1|5nightsatblursa|ghetsis|1290
|player|p2|Realfrytki|veteranf|1407
|gen|9
|tier|[Gen 9 Champions] VGC 2026 Reg M-B (Bo3)
|rated|
|rule|Species Clause: Limit one of each Pokémon
|rule|Item Clause: Limit 1 of each item
|clearpoke
|poke|p1|Grimmsnarl, L50, M|
|poke|p1|Swampert, L50, M|
|poke|p1|Pelipper, L50, M|
|poke|p1|Archaludon, L50, M|
|poke|p1|Sinistcha, L50|
|poke|p1|Metagross, L50|
|poke|p2|Archaludon, L50, F|
|poke|p2|Pelipper, L50, F|
|poke|p2|Mawile, L50, M|
|poke|p2|Grimmsnarl, L50, M|
|poke|p2|Sinistcha, L50|
|poke|p2|Swampert, L50, F|
|teampreview|4
|showteam|p1|Grimmsnarl||LightClay|Prankster|FoulPlay,PartingShot,Reflect,LightScreen|Calm||M|||50|]Swampert||Swampertite|Damp|WaveCrash,Earthquake,IcePunch,Protect|Adamant||M|||50|]Pelipper||SitrusBerry|Drizzle|Hurricane,WeatherBall,Tailwind,WideGuard|Modest||M|||50|]Archaludon||Leftovers|Stamina|ElectroShot,DragonPulse,FlashCannon,Protect|Modest||M|||50|]Sinistcha||CobaBerry|Hospitality|MatchaGotcha,RagePowder,TrickRoom,Protect|Relaxed|||||50|]Metagross||Metagrossite|ClearBody|IronHead,PsychicFangs,BodyPress,Protect|Jolly|||||50|
|showteam|p2|Archaludon||Leftovers|Stamina|DragonPulse,FlashCannon,ElectroShot,Protect|Modest||F|||50|]Pelipper||LifeOrb|Drizzle|Hurricane,WeatherBall,Protect,Tailwind|Modest||F|||50|]Mawile||Mawilite|Intimidate|PlayRough,IronHead,SuckerPunch,Protect|Adamant||M|||50|]Grimmsnarl||LightClay|Prankster|FoulPlay,PartingShot,LightScreen,Reflect|Sassy||M|||50|]Sinistcha||ColburBerry|Hospitality|MatchaGotcha,Protect,RagePowder,TrickRoom|Bold|||||50|]Swampert||Swampertite|Torrent|WaveCrash,Earthquake,IcePunch,Protect|Adamant||F|||50|
|inactive|Battle timer is ON: inactive players will automatically lose when time's up. (requested by 5nightsatblursa)
|inactive|Realfrytki has 60 seconds left.
|
|t:|1782489460
|teamsize|p1|4
|teamsize|p2|4
|start
|switch|p1a: Grimmsnarl|Grimmsnarl, L50, M|100/100
|switch|p1b: Archaludon|Archaludon, L50, M|100/100
|switch|p2a: Grimmsnarl|Grimmsnarl, L50, M|100/100
|switch|p2b: Mawile|Mawile, L50, M|100/100
|-ability|p2b: Mawile|Intimidate|boost
|-unboost|p1a: Grimmsnarl|atk|1
|-unboost|p1b: Archaludon|atk|1
|turn|1
|
|t:|1782489473
|detailschange|p2b: Mawile|Mawile-Mega, L50, M
|-mega|p2b: Mawile|Mawile|Mawilite
|move|p1a: Grimmsnarl|Reflect|p1a: Grimmsnarl
|-sidestart|p1: 5nightsatblursa|Reflect
|move|p2a: Grimmsnarl|Light Screen|p2a: Grimmsnarl
|-sidestart|p2: Realfrytki|move: Light Screen
|move|p1b: Archaludon|Electro Shot||[still]
|-prepare|p1b: Archaludon|Electro Shot
|-boost|p1b: Archaludon|spa|1
|move|p2b: Mawile|Iron Head|p1a: Grimmsnarl
|-supereffective|p1a: Grimmsnarl|1
|-damage|p1a: Grimmsnarl|1/100
|
|upkeep
|turn|2
|
|t:|1782489486
|switch|p2b: Sinistcha|Sinistcha, L50|100/100
|move|p1a: Grimmsnarl|Parting Shot|p2b: Sinistcha
|-unboost|p2b: Sinistcha|atk|1
|-unboost|p2b: Sinistcha|spa|1
|
|t:|1782489492
|switch|p1a: Swampert|Swampert, L50, M|100/100|[from] Parting Shot
|move|p1b: Archaludon|Electro Shot|p2b: Sinistcha|[from] lockedmove
|-resisted|p2b: Sinistcha|1
|-damage|p2b: Sinistcha|82/100
|move|p2a: Grimmsnarl|Foul Play|p1a: Swampert
|-damage|p1a: Swampert|65/100
|
|upkeep
|turn|3
|
|t:|1782489504
|detailschange|p1a: Swampert|Swampert-Mega, L50, M
|-mega|p1a: Swampert|Swampert|Swampertite
|move|p2a: Grimmsnarl|Reflect|p2a: Grimmsnarl
|-sidestart|p2: Realfrytki|Reflect
|move|p1b: Archaludon|Dragon Pulse|p2b: Sinistcha
|-damage|p2b: Sinistcha|46/100
|move|p1a: Swampert|Ice Punch|p2b: Sinistcha
|-supereffective|p2b: Sinistcha|1
|-damage|p2b: Sinistcha|10/100
|move|p2b: Sinistcha|Matcha Gotcha|p1b: Archaludon|[spread] p1a,p1b
|-supereffective|p1a: Swampert|2
|-resisted|p1b: Archaludon|2
|-damage|p1a: Swampert|9/100
|-heal|p2b: Sinistcha|40/100|[from] drain|[of] p1a: Swampert
|-damage|p1b: Archaludon|95/100
|-heal|p2b: Sinistcha|42/100|[from] drain|[of] p1b: Archaludon
|-ability|p1b: Archaludon|Stamina|boost
|-boost|p1b: Archaludon|def|1
|
|-heal|p1b: Archaludon|100/100|[from] item: Leftovers
|upkeep
|turn|4
|inactive|Realfrytki has 30 seconds left.
|
|t:|1782489532
|switch|p1a: Grimmsnarl|Grimmsnarl, L50, M|1/100
|move|p2b: Sinistcha|Protect|p2b: Sinistcha
|-singleturn|p2b: Sinistcha|Protect
|move|p1b: Archaludon|Dragon Pulse|p2b: Sinistcha
|-activate|p2b: Sinistcha|move: Protect
|move|p2a: Grimmsnarl|Foul Play|p1a: Grimmsnarl
|-resisted|p1a: Grimmsnarl|2
|-crit|p1a: Grimmsnarl
|-damage|p1a: Grimmsnarl|0 fnt
|faint|p1a: Grimmsnarl
|
|upkeep
|
|t:|1782489537
|switch|p1a: Swampert|Swampert-Mega, L50, M|9/100
|turn|5
|
|t:|1782489548
|move|p2a: Grimmsnarl|Parting Shot|p1b: Archaludon
|-unboost|p1b: Archaludon|atk|1
|-unboost|p1b: Archaludon|spa|1
|
|t:|1782489555
|switch|p2a: Archaludon|Archaludon, L50, F|100/100|[from] Parting Shot
|move|p1b: Archaludon|Dragon Pulse|p2b: Sinistcha
|-damage|p2b: Sinistcha|15/100
|move|p1a: Swampert|Ice Punch|p2b: Sinistcha
|-supereffective|p2b: Sinistcha|1
|-damage|p2b: Sinistcha|0 fnt
|faint|p2b: Sinistcha
|
|upkeep
|
|t:|1782489565
|switch|p2b: Grimmsnarl|Grimmsnarl, L50, M|100/100
|turn|6
|
|t:|1782489573
|move|p1b: Archaludon|Protect|p1b: Archaludon
|-singleturn|p1b: Archaludon|Protect
|move|p1a: Swampert|Earthquake|p2b: Grimmsnarl|[spread] p2a,p2b
|-activate|p1b: Archaludon|move: Protect
|-supereffective|p2a: Archaludon|1
|-damage|p2a: Archaludon|58/100
|-damage|p2b: Grimmsnarl|67/100
|-ability|p2a: Archaludon|Stamina|boost
|-boost|p2a: Archaludon|def|1
|move|p2a: Archaludon|Electro Shot||[still]
|-prepare|p2a: Archaludon|Electro Shot
|-boost|p2a: Archaludon|spa|1
|move|p2b: Grimmsnarl|Foul Play|p1a: Swampert
|-damage|p1a: Swampert|0 fnt
|faint|p1a: Swampert
|
|-heal|p2a: Archaludon|64/100|[from] item: Leftovers
|upkeep
|
|t:|1782489579
|switch|p1a: Sinistcha|Sinistcha, L50|100/100
|turn|7
|
|t:|1782489594
|move|p1a: Sinistcha|Rage Powder|p1a: Sinistcha
|-singleturn|p1a: Sinistcha|move: Rage Powder
|move|p1b: Archaludon|Dragon Pulse|p2a: Archaludon
|-damage|p2a: Archaludon|38/100
|-ability|p2a: Archaludon|Stamina|boost
|-boost|p2a: Archaludon|def|1
|move|p2a: Archaludon|Electro Shot|p1a: Sinistcha|[from] lockedmove
|-resisted|p1a: Sinistcha|1
|-crit|p1a: Sinistcha
|-damage|p1a: Sinistcha|54/100
|move|p2b: Grimmsnarl|Foul Play|p1a: Sinistcha
|-supereffective|p1a: Sinistcha|1
|-damage|p1a: Sinistcha|27/100
|
|-heal|p2a: Archaludon|44/100|[from] item: Leftovers
|upkeep
|turn|8
|
|t:|1782489611
|move|p2a: Archaludon|Protect|p2a: Archaludon
|-singleturn|p2a: Archaludon|Protect
|move|p1a: Sinistcha|Protect|p1a: Sinistcha
|-singleturn|p1a: Sinistcha|Protect
|move|p1b: Archaludon|Flash Cannon|p2b: Grimmsnarl
|-supereffective|p2b: Grimmsnarl|1
|-damage|p2b: Grimmsnarl|22/100
|-unboost|p2b: Grimmsnarl|spd|1
|move|p2b: Grimmsnarl|Foul Play|p1a: Sinistcha
|-activate|p1a: Sinistcha|move: Protect
|
|-heal|p2a: Archaludon|50/100g|[from] item: Leftovers
|-sideend|p1: 5nightsatblursa|Reflect
|-sideend|p2: Realfrytki|move: Light Screen
|upkeep
|turn|9
|
|t:|1782489628
|move|p2b: Grimmsnarl|Light Screen|p2b: Grimmsnarl
|-sidestart|p2: Realfrytki|move: Light Screen
|move|p1b: Archaludon|Dragon Pulse|p2a: Archaludon
|-damage|p2a: Archaludon|23/100
|-ability|p2a: Archaludon|Stamina|boost
|-boost|p2a: Archaludon|def|1
|move|p2a: Archaludon|Dragon Pulse|p1a: Sinistcha
|-damage|p1a: Sinistcha|0 fnt
|faint|p1a: Sinistcha
|
|-heal|p2a: Archaludon|29/100|[from] item: Leftovers
|upkeep
|turn|10
|
|t:|1782489642
|move|p2a: Archaludon|Protect|p2a: Archaludon
|-singleturn|p2a: Archaludon|Protect
|move|p2b: Grimmsnarl|Parting Shot|p1b: Archaludon
|-unboost|p1b: Archaludon|atk|1
|-unboost|p1b: Archaludon|spa|1
|
|t:|1782489647
|switch|p2b: Mawile|Mawile-Mega, L50, M|100/100|[from] Parting Shot
|move|p1b: Archaludon|Flash Cannon|p2b: Mawile
|-damage|p2b: Mawile|77/100
|
|-heal|p2a: Archaludon|36/100|[from] item: Leftovers
|-sideend|p2: Realfrytki|Reflect
|upkeep
|turn|11
|
|t:|1782489664
|move|p1b: Archaludon|Dragon Pulse|p2a: Archaludon
|-crit|p2a: Archaludon
|-damage|p2a: Archaludon|0 fnt
|faint|p2a: Archaludon
|move|p2b: Mawile|Play Rough|p1b: Archaludon
|-damage|p1b: Archaludon|59/100
|-unboost|p1b: Archaludon|atk|1
|-ability|p1b: Archaludon|Stamina|boost
|-boost|p1b: Archaludon|def|1
|
|-heal|p1b: Archaludon|65/100|[from] item: Leftovers
|upkeep
|
|t:|1782489674
|switch|p2a: Grimmsnarl|Grimmsnarl, L50, M|22/100
|turn|12
|
|t:|1782489679
|move|p2a: Grimmsnarl|Parting Shot|p1b: Archaludon
|-unboost|p1b: Archaludon|atk|1
|-unboost|p1b: Archaludon|spa|1
|move|p1b: Archaludon|Flash Cannon|p2a: Grimmsnarl
|-supereffective|p2a: Grimmsnarl|1
|-damage|p2a: Grimmsnarl|1/100
|-unboost|p2a: Grimmsnarl|spd|1
|move|p2b: Mawile|Play Rough|p1b: Archaludon
|-damage|p1b: Archaludon|30/100
|-ability|p1b: Archaludon|Stamina|boost
|-boost|p1b: Archaludon|def|1
|
|-heal|p1b: Archaludon|36/100|[from] item: Leftovers
|upkeep
|turn|13
|
|t:|1782489693
|move|p2a: Grimmsnarl|Parting Shot|p1b: Archaludon
|-unboost|p1b: Archaludon|atk|1
|-unboost|p1b: Archaludon|spa|1
|move|p1b: Archaludon|Flash Cannon|p2a: Grimmsnarl
|-supereffective|p2a: Grimmsnarl|1
|-damage|p2a: Grimmsnarl|0 fnt
|faint|p2a: Grimmsnarl
|move|p2b: Mawile|Play Rough|p1b: Archaludon
|-damage|p1b: Archaludon|11/100
|-ability|p1b: Archaludon|Stamina|boost
|-boost|p1b: Archaludon|def|1
|
|-heal|p1b: Archaludon|17/100|[from] item: Leftovers
|upkeep
|turn|14
|
|t:|1782489704
|move|p1b: Archaludon|Protect|p1b: Archaludon
|-singleturn|p1b: Archaludon|Protect
|move|p2b: Mawile|Play Rough|p1b: Archaludon
|-activate|p1b: Archaludon|move: Protect
|
|-heal|p1b: Archaludon|23/100|[from] item: Leftovers
|upkeep
|turn|15
|
|t:|1782489713
|move|p1b: Archaludon|Flash Cannon|p2b: Mawile
|-damage|p2b: Mawile|63/100
|move|p2b: Mawile|Play Rough|p1b: Archaludon|[miss]
|-miss|p2b: Mawile|p1b: Archaludon
|
|-heal|p1b: Archaludon|29/100|[from] item: Leftovers
|upkeep
|turn|16
|
|t:|1782489721
|move|p1b: Archaludon|Protect|p1b: Archaludon
|-singleturn|p1b: Archaludon|Protect
|move|p2b: Mawile|Play Rough|p1b: Archaludon
|-activate|p1b: Archaludon|move: Protect
|
|-heal|p1b: Archaludon|36/100|[from] item: Leftovers
|-sideend|p2: Realfrytki|move: Light Screen
|upkeep
|turn|17
|
|t:|1782489730
|move|p1b: Archaludon|Flash Cannon|p2b: Mawile
|-damage|p2b: Mawile|41/100
|move|p2b: Mawile|Play Rough|p1b: Archaludon
|-damage|p1b: Archaludon|14/100
|-ability|p1b: Archaludon|Stamina|boost
|-boost|p1b: Archaludon|def|1
|
|-heal|p1b: Archaludon|20/100y|[from] item: Leftovers
|upkeep
|turn|18
|
|t:|1782489741
|move|p1b: Archaludon|Protect|p1b: Archaludon
|-singleturn|p1b: Archaludon|Protect
|move|p2b: Mawile|Iron Head|p1b: Archaludon
|-activate|p1b: Archaludon|move: Protect
|
|-heal|p1b: Archaludon|26/100|[from] item: Leftovers
|upkeep
|turn|19
|
|t:|1782489750
|move|p1b: Archaludon|Flash Cannon|p2b: Mawile
|-damage|p2b: Mawile|19/100
|move|p2b: Mawile|Play Rough|p1b: Archaludon
|-damage|p1b: Archaludon|9/100
|-ability|p1b: Archaludon|Stamina|boost
|-boost|p1b: Archaludon|def|1
|
|-heal|p1b: Archaludon|15/100|[from] item: Leftovers
|upkeep
|turn|20
|
|t:|1782489762
|move|p1b: Archaludon|Protect|p1b: Archaludon
|-singleturn|p1b: Archaludon|Protect
|move|p2b: Mawile|Sucker Punch||[still]
|-fail|p2b: Mawile
|
|-heal|p1b: Archaludon|21/100|[from] item: Leftovers
|upkeep
|turn|21
|
|t:|1782489770
|move|p2b: Mawile|Sucker Punch|p1b: Archaludon
|-damage|p1b: Archaludon|12/100
|move|p1b: Archaludon|Flash Cannon|p2b: Mawile
|-damage|p2b: Mawile|0 fnt
|faint|p2b: Mawile
|
|win|5nightsatblursa
|raw|5nightsatblursa's rating: 1290 → 1323(+33 for winning)
|raw|Realfrytki's rating: 1407 → 1381(-26 for losing)
|c|☆5nightsatblursa|gg
