|j|☆ShinyPSIDuck
|j|☆FarigiBoy
|html|ShinyPSIDuckFarigiBoy    
|uhtml|bestof|Game 1 of a best-of-3
|t:|1785270812
|gametype|doubles
|player|p1|ShinyPSIDuck|1|1069
|player|p2|FarigiBoy|102|1309
|gen|9
|tier|[Gen 9 Champions] VGC 2026 Reg M-B (Bo3)
|rated|
|rule|Species Clause: Limit one of each Pokémon
|rule|Item Clause: Limit 1 of each item
|clearpoke
|poke|p1|Archaludon, L50, M|
|poke|p1|Basculegion, L50, M, shiny|
|poke|p1|Pelipper, L50, M, shiny|
|poke|p1|Maushold, L50|
|poke|p1|Gardevoir, L50, F, shiny|
|poke|p1|Swampert, L50, F|
|poke|p2|Garchomp, L50, F|
|poke|p2|Venusaur, L50, M|
|poke|p2|Incineroar, L50, M|
|poke|p2|Charizard, L50, F|
|poke|p2|Toxapex, L50, M|
|poke|p2|Annihilape, L50, M|
|teampreview|4
|showteam|p1|Archaludon||Leftovers|Stamina|DragonPulse,FlashCannon,ElectroShot,Protect|Calm||M|||50|]Basculegion||ChoiceScarf|Adaptability|WaveCrash,LastRespects,AquaJet,FlipTurn|Jolly||M|||50|]Pelipper||SitrusBerry|Drizzle|Hurricane,WeatherBall,Tailwind,Protect|Modest||M|||50|]Maushold||FocusSash|FriendGuard|SuperFang,RainDance,FollowMe,Protect|Timid|||||50|]Gardevoir||Gardevoirite|Trace|Psyshock,HyperVoice,TrickRoom,Protect|Modest||F|||50|]Swampert||Swampertite|Torrent|WaveCrash,HighHorsepower,IcePunch,Protect|Adamant||F|||50|
|showteam|p2|Garchomp||ChoiceScarf|RoughSkin|Earthquake,DragonClaw,StompingTantrum,RockSlide|Adamant||F|||50|]Venusaur||LifeOrb|Chlorophyll|SolarBeam,SludgeBomb,EarthPower,Protect|Modest||M|||50|]Incineroar||SitrusBerry|Intimidate|FlareBlitz,ThroatChop,FakeOut,PartingShot|Impish||M|||50|]Charizard||CharizarditeY|Blaze|HeatWave,WeatherBall,HelpingHand,Protect|Modest||F|||50|]Toxapex||Leftovers|Regenerator|Infestation,Toxic,WideGuard,BanefulBunker|Bold||M|||50|]Annihilape||FocusSash|Defiant|CloseCombat,PhantomForce,RockTomb,Protect|Jolly||M|||50|
|inactive|Battle timer is ON: inactive players will automatically lose when time's up. (requested by ShinyPSIDuck)
|inactive|ShinyPSIDuck has 60 seconds left.
|inactive|ShinyPSIDuck has 30 seconds left.
|
|t:|1785270889
|teamsize|p1|4
|teamsize|p2|4
|start
|switch|p1a: Maushold|Maushold, L50|100/100
|switch|p1b: Gardevoir|Gardevoir, L50, F, shiny|100/100
|switch|p2a: Charizard|Charizard, L50, F|100/100
|switch|p2b: Venusaur|Venusaur, L50, M|100/100
|-ability|p1b: Gardevoir|Chlorophyll|Trace|[from] ability: Trace|[of] p2b: Venusaur
|turn|1
|
|t:|1785270906
|switch|p2b: Incineroar|Incineroar, L50, M|100/100
|-ability|p2b: Incineroar|Intimidate|boost
|-unboost|p1a: Maushold|atk|1
|-unboost|p1b: Gardevoir|atk|1
|detailschange|p2a: Charizard|Charizard-Mega-Y, L50, F
|-mega|p2a: Charizard|Charizard|Charizardite Y
|-weather|SunnyDay|[from] ability: Drought|[of] p2a: Charizard
|detailschange|p1b: Gardevoir|Gardevoir-Mega, L50, F, shiny
|-mega|p1b: Gardevoir|Gardevoir|Gardevoirite
|move|p1a: Maushold|Follow Me|p1a: Maushold
|-singleturn|p1a: Maushold|move: Follow Me
|move|p2a: Charizard|Heat Wave|p1b: Gardevoir|[spread] p1a,p1b
|-damage|p1a: Maushold|29/100
|-damage|p1b: Gardevoir|66/100
|-status|p1a: Maushold|brn
|move|p1b: Gardevoir|Trick Room|p1b: Gardevoir
|-fieldstart|move: Trick Room|[of] p1b: Gardevoir
|
|-weather|SunnyDay|[upkeep]
|-damage|p1a: Maushold|23/100 brn|[from] brn
|upkeep
|turn|2
|inactive|FarigiBoy has 30 seconds left.
|inactive|FarigiBoy has 20 seconds left.
|
|t:|1785270943
|switch|p1a: Pelipper|Pelipper, L50, M, shiny|100/100
|-weather|RainDance|[from] ability: Drizzle|[of] p1a: Pelipper
|move|p2b: Incineroar|Throat Chop|p1a: Pelipper
|-damage|p1a: Pelipper|65/100
|-start|p1a: Pelipper|Throat Chop|[silent]
|move|p1b: Gardevoir|Psyshock|p2a: Charizard
|-damage|p2a: Charizard|53/100
|move|p2a: Charizard|Heat Wave|p1b: Gardevoir|[spread] p1a
|-miss|p2a: Charizard|p1b: Gardevoir
|-resisted|p1a: Pelipper|1
|-damage|p1a: Pelipper|53/100
|
|-weather|RainDance|[upkeep]
|upkeep
|turn|3
|
|t:|1785270959
|switch|p2a: Garchomp|Garchomp, L50, F|100/100
|move|p2b: Incineroar|Parting Shot|p1a: Pelipper
|-unboost|p1a: Pelipper|atk|1
|-unboost|p1a: Pelipper|spa|1
|
|t:|1785270970
|switch|p2b: Charizard|Charizard-Mega-Y, L50, F|53/100|[from] Parting Shot
|-weather|SunnyDay|[from] ability: Drought|[of] p2b: Charizard
|move|p1a: Pelipper|Weather Ball|p2b: Charizard
|-resisted|p2b: Charizard|1
|-damage|p2b: Charizard|40/100
|move|p1b: Gardevoir|Hyper Voice|p2b: Charizard|[spread] p2a,p2b
|-supereffective|p2a: Garchomp|1
|-resisted|p2b: Charizard|1
|-damage|p2a: Garchomp|0 fnt
|-damage|p2b: Charizard|16/100
|faint|p2a: Garchomp
|
|-weather|SunnyDay|[upkeep]
|-end|p1a: Pelipper|Throat Chop|[silent]
|upkeep
|
|t:|1785270974
|switch|p2a: Incineroar|Incineroar, L50, M|100/100
|-ability|p2a: Incineroar|Intimidate|boost
|-unboost|p1a: Pelipper|atk|1
|-unboost|p1b: Gardevoir|atk|1
|turn|4
|inactive|ShinyPSIDuck has 30 seconds left.
|
|t:|1785271005
|switch|p1a: Maushold|Maushold, L50|23/100 brn
|switch|p2b: Venusaur|Venusaur, L50, M|100/100
|move|p1b: Gardevoir|Protect|p1b: Gardevoir
|-singleturn|p1b: Gardevoir|Protect
|move|p2a: Incineroar|Flare Blitz|p1b: Gardevoir
|-activate|p1b: Gardevoir|move: Protect
|
|-weather|SunnyDay|[upkeep]
|-damage|p1a: Maushold|17/100 brn|[from] brn
|upkeep
|turn|5
|inactive|FarigiBoy has 30 seconds left.
|
|t:|1785271033
|move|p2b: Venusaur|Protect|p2b: Venusaur
|-singleturn|p2b: Venusaur|Protect
|move|p1a: Maushold|Follow Me|p1a: Maushold
|-singleturn|p1a: Maushold|move: Follow Me
|move|p2a: Incineroar|Flare Blitz|p1a: Maushold
|-damage|p1a: Maushold|0 fnt
|faint|p1a: Maushold
|-damage|p2a: Incineroar|94/100|[from] Recoil
|move|p1b: Gardevoir|Psyshock|p2b: Venusaur
|-activate|p2b: Venusaur|move: Protect
|
|-weather|SunnyDay|[upkeep]
|-fieldend|move: Trick Room
|upkeep
|
|t:|1785271039
|switch|p1a: Archaludon|Archaludon, L50, M|100/100
|turn|6
|j| soulmoonvgc
|
|t:|1785271064
|switch|p2a: Charizard|Charizard-Mega-Y, L50, F|16/100
|move|p2b: Venusaur|Sludge Bomb|p1b: Gardevoir
|-supereffective|p1b: Gardevoir|1
|-damage|p1b: Gardevoir|0 fnt
|faint|p1b: Gardevoir
|-damage|p2b: Venusaur|90/100|[from] item: Life Orb
|move|p1a: Archaludon|Dragon Pulse|p2b: Venusaur
|-damage|p2b: Venusaur|48/100
|
|-weather|SunnyDay|[upkeep]
|upkeep
|
|t:|1785271071
|switch|p1b: Pelipper|Pelipper, L50, M, shiny|53/100
|-weather|RainDance|[from] ability: Drizzle|[of] p1b: Pelipper
|turn|7
|inactive|FarigiBoy has 30 seconds left.
|inactive|FarigiBoy has 20 seconds left.
|inactive|FarigiBoy has 15 seconds left.
|inactive|FarigiBoy has 10 seconds left.
|inactive|FarigiBoy has 5 seconds left.
|
|t:|1785271123
|switch|p2a: Incineroar|Incineroar, L50, M|94/100
|-ability|p2a: Incineroar|Intimidate|boost
|-unboost|p1a: Archaludon|atk|1
|-unboost|p1b: Pelipper|atk|1
|move|p2b: Venusaur|Sludge Bomb|p1b: Pelipper
|-damage|p1b: Pelipper|0 fnt
|faint|p1b: Pelipper
|-damage|p2b: Venusaur|38/100|[from] item: Life Orb
|move|p1a: Archaludon|Electro Shot||[still]
|-prepare|p1a: Archaludon|Electro Shot
|-boost|p1a: Archaludon|spa|1
|-anim|p1a: Archaludon|Electro Shot|p2a: Incineroar
|-damage|p2a: Incineroar|47/100
|-enditem|p2a: Incineroar|Sitrus Berry|[eat]
|-heal|p2a: Incineroar|71/100|[from] item: Sitrus Berry
|
|-weather|RainDance|[upkeep]
|upkeep
|turn|8
|-message|ShinyPSIDuck forfeited.
|
|win|FarigiBoy
