|j|☆PonchoTheCat
|j|☆Joriot
|html|PonchoTheCatJoriot    
|uhtml|bestof|Game 1 of a best-of-3
|t:|1784375331
|gametype|doubles
|player|p1|PonchoTheCat|265|1004
|player|p2|Joriot|alder|1174
|gen|9
|tier|[Gen 9 Champions] VGC 2026 Reg M-B (Bo3)
|rated|
|rule|Species Clause: Limit one of each Pokémon
|rule|Item Clause: Limit 1 of each item
|clearpoke
|poke|p1|Venusaur, L50, M|
|poke|p1|Garchomp, L50, F|
|poke|p1|Tyranitar, L50, F|
|poke|p1|Aerodactyl, L50, M|
|poke|p1|Incineroar, L50, F|
|poke|p1|Hydreigon, L50, M|
|poke|p2|Swampert, L50, M|
|poke|p2|Pelipper, L50, M|
|poke|p2|Grimmsnarl, L50, M|
|poke|p2|Gholdengo, L50|
|poke|p2|Archaludon, L50, M|
|poke|p2|Sinistcha, L50|
|teampreview|4
|showteam|p1|Venusaur||Venusaurite|Overgrow|SludgeBomb,GigaDrain,Protect,EarthPower|Serious||M|||50|]Garchomp||Garchompite|SandVeil|Protect,Earthquake,RockSlide,DragonClaw|Adamant||F|||50|]Tyranitar||ChopleBerry|SandStream|RockSlide,KnockOff,Protect,IcePunch|Adamant||F|||50|]Aerodactyl||FocusSash|Unnerve|Tailwind,Protect,RockSlide,DualWingbeat|Jolly||M|||50|]Incineroar||SitrusBerry|Intimidate|FakeOut,PartingShot,FlareBlitz,Snarl|Careful||F|||50|]Hydreigon||ChoiceScarf|Levitate|DracoMeteor,DarkPulse,EarthPower,Uturn|Modest||M|||50|
|showteam|p2|Swampert||Swampertite|Damp|WaveCrash,HighHorsepower,IcePunch,Protect|Adamant||M|||50|]Pelipper||FocusSash|Drizzle|WeatherBall,Hurricane,Tailwind,WideGuard|Timid||M|||50|]Grimmsnarl||LightClay|Prankster|LightScreen,Reflect,FakeOut,PartingShot|Impish||M|||50|]Gholdengo||LifeOrb|GoodasGold|MakeItRain,ShadowBall,Protect,NastyPlot|Timid|||||50|]Archaludon||Leftovers|Stamina|ElectroShot,DragonPulse,AuraSphere,Protect|Modest||M|||50|]Sinistcha||CobaBerry|Hospitality|MatchaGotcha,RagePowder,LifeDew,Protect|Bold|||||50|
|
|t:|1784375392
|teamsize|p1|4
|teamsize|p2|4
|start
|switch|p1a: Tyranitar|Tyranitar, L50, F|100/100
|switch|p1b: Aerodactyl|Aerodactyl, L50, M|100/100
|switch|p2a: Archaludon|Archaludon, L50, M|100/100
|switch|p2b: Grimmsnarl|Grimmsnarl, L50, M|100/100
|-ability|p1b: Aerodactyl|Unnerve
|-weather|Sandstorm|[from] ability: Sand Stream|[of] p1a: Tyranitar
|turn|1
|
|t:|1784375440
|move|p2b: Grimmsnarl|Light Screen|p2b: Grimmsnarl
|-sidestart|p2: Joriot|move: Light Screen
|move|p1b: Aerodactyl|Tailwind|p1b: Aerodactyl
|-sidestart|p1: PonchoTheCat|move: Tailwind
|move|p1a: Tyranitar|Rock Slide|p2a: Archaludon|[spread] p2a,p2b
|-resisted|p2a: Archaludon|1
|-damage|p2a: Archaludon|87/100
|-damage|p2b: Grimmsnarl|68/100
|-ability|p2a: Archaludon|Stamina|boost
|-boost|p2a: Archaludon|def|1
|move|p2a: Archaludon|Aura Sphere|p1a: Tyranitar
|-supereffective|p1a: Tyranitar|2
|-enditem|p1a: Tyranitar|Chople Berry|[eat]
|-enditem|p1a: Tyranitar|Chople Berry|[weaken]
|-damage|p1a: Tyranitar|72/100
|
|-weather|Sandstorm|[upkeep]
|-damage|p2b: Grimmsnarl|62/100|[from] Sandstorm
|-heal|p2a: Archaludon|93/100|[from] item: Leftovers
|upkeep
|turn|2
|
|t:|1784375500
|switch|p1a: Garchomp|Garchomp, L50, F|100/100
|move|p2b: Grimmsnarl|Reflect|p2b: Grimmsnarl
|-sidestart|p2: Joriot|Reflect
|move|p1b: Aerodactyl|Rock Slide|p2b: Grimmsnarl|[spread] p2a,p2b
|-resisted|p2a: Archaludon|1
|-damage|p2a: Archaludon|89/100
|-damage|p2b: Grimmsnarl|45/100
|-ability|p2a: Archaludon|Stamina|boost
|-boost|p2a: Archaludon|def|1
|move|p2a: Archaludon|Dragon Pulse|p1b: Aerodactyl
|-damage|p1b: Aerodactyl|64/100
|
|-weather|Sandstorm|[upkeep]
|-damage|p2b: Grimmsnarl|39/100|[from] Sandstorm
|-heal|p2a: Archaludon|95/100|[from] item: Leftovers
|upkeep
|turn|3
|
|t:|1784375530
|detailschange|p1a: Garchomp|Garchomp-Mega, L50, F
|-mega|p1a: Garchomp|Garchomp|Garchompite
|move|p1b: Aerodactyl|Protect|p1b: Aerodactyl
|-singleturn|p1b: Aerodactyl|Protect
|move|p2b: Grimmsnarl|Parting Shot|p1a: Garchomp
|-unboost|p1a: Garchomp|atk|1
|-unboost|p1a: Garchomp|spa|1
|
|t:|1784375537
|switch|p2b: Pelipper|Pelipper, L50, M|100/100|[from] Parting Shot
|-weather|RainDance|[from] ability: Drizzle|[of] p2b: Pelipper
|move|p1a: Garchomp|Earthquake|p2a: Archaludon|[spread] p2a
|-activate|p1b: Aerodactyl|move: Protect
|-immune|p2b: Pelipper
|-supereffective|p2a: Archaludon|1
|-damage|p2a: Archaludon|79/100
|-ability|p2a: Archaludon|Stamina|boost
|-boost|p2a: Archaludon|def|1
|move|p2a: Archaludon|Electro Shot||[still]
|-prepare|p2a: Archaludon|Electro Shot
|-boost|p2a: Archaludon|spa|1
|-anim|p2a: Archaludon|Electro Shot|p1b: Aerodactyl
|-activate|p1b: Aerodactyl|move: Protect
|
|-weather|RainDance|[upkeep]
|-heal|p2a: Archaludon|85/100|[from] item: Leftovers
|upkeep
|turn|4
|
|t:|1784375577
|switch|p1a: Tyranitar|Tyranitar, L50, F|72/100
|-weather|Sandstorm|[from] ability: Sand Stream|[of] p1a: Tyranitar
|move|p2b: Pelipper|Wide Guard|p2b: Pelipper
|-singleturn|p2b: Pelipper|Wide Guard
|move|p1b: Aerodactyl|Rock Slide|p2a: Archaludon|[spread] 
|-activate|p2a: Archaludon|move: Wide Guard
|-activate|p2b: Pelipper|move: Wide Guard
|move|p2a: Archaludon|Electro Shot||[still]
|-prepare|p2a: Archaludon|Electro Shot
|-boost|p2a: Archaludon|spa|1
|
|-weather|Sandstorm|[upkeep]
|-damage|p2b: Pelipper|94/100|[from] Sandstorm
|-heal|p2a: Archaludon|91/100|[from] item: Leftovers
|-sideend|p1: PonchoTheCat|move: Tailwind
|upkeep
|turn|5
|
|t:|1784375608
|move|p2b: Pelipper|Wide Guard|p2b: Pelipper
|-singleturn|p2b: Pelipper|Wide Guard
|move|p1b: Aerodactyl|Tailwind|p1b: Aerodactyl
|-sidestart|p1: PonchoTheCat|move: Tailwind
|move|p1a: Tyranitar|Rock Slide|p2b: Pelipper|[spread] 
|-activate|p2a: Archaludon|move: Wide Guard
|-activate|p2b: Pelipper|move: Wide Guard
|move|p2a: Archaludon|Electro Shot|p1b: Aerodactyl|[from] lockedmove
|-supereffective|p1b: Aerodactyl|1
|-damage|p1b: Aerodactyl|0 fnt
|faint|p1b: Aerodactyl
|
|-weather|Sandstorm|[upkeep]
|-damage|p2b: Pelipper|88/100|[from] Sandstorm
|-heal|p2a: Archaludon|97/100|[from] item: Leftovers
|upkeep
|
|t:|1784375632
|switch|p1b: Hydreigon|Hydreigon, L50, M|100/100
|turn|6
|
|t:|1784375656
|switch|p2b: Grimmsnarl|Grimmsnarl, L50, M|39/100
|move|p1b: Hydreigon|Draco Meteor|p2a: Archaludon
|-damage|p2a: Archaludon|48/100
|-unboost|p1b: Hydreigon|spa|2
|-ability|p2a: Archaludon|Stamina|boost
|-boost|p2a: Archaludon|def|1
|move|p1a: Tyranitar|Rock Slide|p2a: Archaludon|[spread] p2a
|-miss|p1a: Tyranitar|p2b: Grimmsnarl
|-resisted|p2a: Archaludon|1
|-damage|p2a: Archaludon|46/100
|-ability|p2a: Archaludon|Stamina|boost
|-boost|p2a: Archaludon|def|1
|move|p2a: Archaludon|Dragon Pulse|p1b: Hydreigon
|-supereffective|p1b: Hydreigon|1
|-damage|p1b: Hydreigon|0 fnt
|faint|p1b: Hydreigon
|
|-weather|Sandstorm|[upkeep]
|-damage|p2b: Grimmsnarl|33/100|[from] Sandstorm
|-heal|p2a: Archaludon|52/100|[from] item: Leftovers
|upkeep
|
|t:|1784375675
|switch|p1b: Garchomp|Garchomp-Mega, L50, F|100/100
|turn|7
|
|t:|1784375696
|move|p2b: Grimmsnarl|Fake Out|p1b: Garchomp
|-damage|p1b: Garchomp|90/100
|cant|p1b: Garchomp|flinch
|move|p1a: Tyranitar|Rock Slide|p2a: Archaludon|[spread] p2a,p2b
|-resisted|p2a: Archaludon|1
|-damage|p2a: Archaludon|50/100g
|-damage|p2b: Grimmsnarl|11/100
|-ability|p2a: Archaludon|Stamina|boost
|-boost|p2a: Archaludon|def|1
|move|p2a: Archaludon|Aura Sphere|p1a: Tyranitar
|-supereffective|p1a: Tyranitar|2
|-crit|p1a: Tyranitar
|-damage|p1a: Tyranitar|0 fnt
|faint|p1a: Tyranitar
|
|-weather|Sandstorm|[upkeep]
|-damage|p2b: Grimmsnarl|5/100|[from] Sandstorm
|-heal|p2a: Archaludon|56/100|[from] item: Leftovers
|upkeep
|turn|8
|
|t:|1784375727
|move|p2b: Grimmsnarl|Parting Shot|p1b: Garchomp
|-unboost|p1b: Garchomp|atk|1
|-unboost|p1b: Garchomp|spa|1
|
|t:|1784375729
|switch|p2b: Sinistcha|Sinistcha, L50|100/100|[from] Parting Shot
|-heal|p2a: Archaludon|81/100|[from] ability: Hospitality|[of] p2b: Sinistcha
|move|p1b: Garchomp|Earthquake|p2a: Archaludon|[spread] p2a,p2b
|-supereffective|p2a: Archaludon|1
|-resisted|p2b: Sinistcha|1
|-damage|p2a: Archaludon|70/100
|-damage|p2b: Sinistcha|87/100
|move|p2a: Archaludon|Dragon Pulse|p1b: Garchomp
|-supereffective|p1b: Garchomp|1
|-damage|p1b: Garchomp|0 fnt
|faint|p1b: Garchomp
|
|win|Joriot
|inactive|PonchoTheCat has 30 seconds to confirm battle start!
|inactive|Joriot has 30 seconds to confirm battle start!
