|j|☆d1mo22
|j|☆pistoiese1312
|html|d1mo22pistoiese1312    
|uhtml|bestof|Game 3 of a best-of-3
|t:|1785508673
|gametype|doubles
|player|p1|d1mo22|169|1275
|player|p2|pistoiese1312|265|1219
|gen|9
|tier|[Gen 9 Champions] VGC 2026 Reg M-B (Bo3)
|rated|
|rule|Species Clause: Limit one of each Pokémon
|rule|Item Clause: Limit 1 of each item
|clearpoke
|poke|p1|Excadrill, L50, M, shiny|
|poke|p1|Milotic, L50, M|
|poke|p1|Gholdengo, L50|
|poke|p1|Sinistcha, L50|
|poke|p1|Staraptor, L50, M, shiny|
|poke|p1|Tyranitar, L50, F, shiny|
|poke|p2|Gengar, L50, M|
|poke|p2|Incineroar, L50, F|
|poke|p2|Floette-Eternal, L50, F|
|poke|p2|Kingambit, L50, M|
|poke|p2|Kommo-o, L50, F|
|poke|p2|Sneasler, L50, F|
|teampreview|4
|showteam|p1|Excadrill||FocusSash|SandRush|HighHorsepower,IronDefense,RockSlide,Protect|Jolly||M|||50|]Milotic||SitrusBerry|Competitive|Scald,IcyWind,Haze,Protect|Calm||M|||50|]Gholdengo||LifeOrb|GoodasGold|MakeItRain,ShadowBall,NastyPlot,Protect|Modest|||||50|]Sinistcha||ColburBerry|Hospitality|MatchaGotcha,ShadowBall,Protect,RagePowder|Bold|||||50|]Staraptor||Staraptite|Intimidate|CloseCombat,BraveBird,Tailwind,Protect|Jolly||M|||50|]Tyranitar||Tyranitarite|SandStream|KnockOff,RockSlide,LowKick,Protect|Jolly||F|||50|
|showteam|p2|Gengar||Gengarite|CursedBody|ShadowBall,PerishSong,Substitute,Protect|Modest||M|||50|]Incineroar||PasshoBerry|Intimidate|FlareBlitz,PartingShot,FakeOut,Protect|Relaxed||F|||50|]Floette-Eternal||Floettite|FlowerVeil|LightofRuin,Moonblast,DazzlingGleam,Protect|Calm||F|||50|]Kingambit||BlackGlasses|Defiant|SuckerPunch,KowtowCleave,SwordsDance,Protect|Adamant||M|||50|]Kommo-o||Leftovers|Soundproof|AuraSphere,ClangingScales,ClangorousSoul,Protect|Modest||F|||50|]Sneasler||WhiteHerb|Unburden|DireClaw,CloseCombat,FakeOut,Protect|Adamant||F|||50|
|inactive|Battle timer is ON: inactive players will automatically lose when time's up. (requested by d1mo22)
|inactive|d1mo22 has 60 seconds left.
|inactive|d1mo22 has 30 seconds left.
|
|t:|1785508736
|teamsize|p1|4
|teamsize|p2|4
|start
|switch|p1a: Milotic|Milotic, L50, M|100/100
|switch|p1b: Gholdengo|Gholdengo, L50|100/100
|switch|p2a: Kommo-o|Kommo-o, L50, F|100/100
|switch|p2b: Sneasler|Sneasler, L50, F|100/100
|turn|1
|inactive|pistoiese1312 has 30 seconds left.
|
|t:|1785508768
|move|p2b: Sneasler|Close Combat|p1a: Milotic
|-damage|p1a: Milotic|37/100
|-unboost|p2b: Sneasler|def|1
|-unboost|p2b: Sneasler|spd|1
|-enditem|p1a: Milotic|Sitrus Berry|[eat]
|-heal|p1a: Milotic|62/100|[from] item: Sitrus Berry
|-enditem|p2b: Sneasler|White Herb
|-clearnegativeboost|p2b: Sneasler|[silent]
|move|p1a: Milotic|Icy Wind|p2b: Sneasler|[spread] p2a,p2b
|-supereffective|p2a: Kommo-o|1
|-damage|p2a: Kommo-o|79/100
|-damage|p2b: Sneasler|85/100
|-unboost|p2a: Kommo-o|spe|1
|-unboost|p2b: Sneasler|spe|1
|move|p1b: Gholdengo|Nasty Plot|p1b: Gholdengo
|-boost|p1b: Gholdengo|spa|2
|move|p2a: Kommo-o|Clangorous Soul|p2a: Kommo-o
|-boost|p2a: Kommo-o|atk|1
|-boost|p2a: Kommo-o|def|1
|-boost|p2a: Kommo-o|spa|1
|-boost|p2a: Kommo-o|spd|1
|-boost|p2a: Kommo-o|spe|1
|-damage|p2a: Kommo-o|46/100
|
|-heal|p2a: Kommo-o|52/100|[from] item: Leftovers
|upkeep
|turn|2
|inactive|pistoiese1312 has 30 seconds left.
|inactive|pistoiese1312 has 20 seconds left.
|inactive|pistoiese1312 has 15 seconds left.
|
|t:|1785508812
|move|p2b: Sneasler|Protect|p2b: Sneasler
|-singleturn|p2b: Sneasler|Protect
|move|p1a: Milotic|Protect|p1a: Milotic
|-singleturn|p1a: Milotic|Protect
|move|p2a: Kommo-o|Clanging Scales|p1a: Milotic|[spread] p1b
|-activate|p1a: Milotic|move: Protect
|-resisted|p1b: Gholdengo|1
|-damage|p1b: Gholdengo|73/100
|-unboost|p2a: Kommo-o|def|1
|move|p1b: Gholdengo|Make It Rain|p2b: Sneasler|[spread] p2a
|-activate|p2b: Sneasler|move: Protect
|-damage|p2a: Kommo-o|0 fnt
|-unboost|p1b: Gholdengo|spa|2
|faint|p2a: Kommo-o
|-damage|p1b: Gholdengo|63/100|[from] item: Life Orb
|
|upkeep
|
|t:|1785508828
|switch|p2a: Kingambit|Kingambit, L50, M|100/100
|turn|3
|inactive|d1mo22 has 30 seconds left.
|inactive|d1mo22 has 20 seconds left.
|inactive|pistoiese1312 has 30 seconds left.
|inactive|d1mo22 has 15 seconds left.
|inactive|d1mo22 has 10 seconds left.
|
|t:|1785508881
|move|p1b: Gholdengo|Protect|p1b: Gholdengo
|-singleturn|p1b: Gholdengo|Protect
|move|p2b: Sneasler|Close Combat|p1a: Milotic
|-damage|p1a: Milotic|1/100
|-unboost|p2b: Sneasler|def|1
|-unboost|p2b: Sneasler|spd|1
|move|p1a: Milotic|Scald|p2a: Kingambit
|-damage|p2a: Kingambit|73/100
|move|p2a: Kingambit|Kowtow Cleave|p1b: Gholdengo
|-activate|p1b: Gholdengo|move: Protect
|
|upkeep
|turn|4
|
|t:|1785508903
|move|p1a: Milotic|Protect|p1a: Milotic
|-singleturn|p1a: Milotic|Protect
|move|p2a: Kingambit|Sucker Punch|p1b: Gholdengo
|-supereffective|p1b: Gholdengo|1
|-damage|p1b: Gholdengo|0 fnt
|faint|p1b: Gholdengo
|move|p2b: Sneasler|Close Combat|p1a: Milotic
|-activate|p1a: Milotic|move: Protect
|
|upkeep
|
|t:|1785508912
|switch|p1b: Staraptor|Staraptor, L50, M, shiny|100/100
|-ability|p1b: Staraptor|Intimidate|boost
|-unboost|p2a: Kingambit|atk|1
|-ability|p2a: Kingambit|Defiant|boost
|-boost|p2a: Kingambit|atk|2
|-unboost|p2b: Sneasler|atk|1
|turn|5
|inactive|d1mo22 has 30 seconds left.
|inactive|pistoiese1312 has 30 seconds left.
|inactive|d1mo22 has 20 seconds left.
|inactive|d1mo22 has 15 seconds left.
|
|t:|1785508954
|switch|p2b: Incineroar|Incineroar, L50, F|100/100
|-ability|p2b: Incineroar|Intimidate|boost
|-unboost|p1a: Milotic|atk|1
|-ability|p1a: Milotic|Competitive|boost
|-boost|p1a: Milotic|spa|2
|-unboost|p1b: Staraptor|atk|1
|detailschange|p1b: Staraptor|Staraptor-Mega, L50, M, shiny
|-mega|p1b: Staraptor|Staraptor|Staraptite
|move|p2a: Kingambit|Protect|p2a: Kingambit
|-singleturn|p2a: Kingambit|Protect
|move|p1b: Staraptor|Close Combat|p2a: Kingambit
|-activate|p2a: Kingambit|move: Protect
|move|p1a: Milotic|Scald|p2a: Kingambit
|-activate|p2a: Kingambit|move: Protect
|
|upkeep
|turn|6
|inactive|pistoiese1312 has 30 seconds left.
|
|t:|1785508982
|move|p2b: Incineroar|Fake Out|p1b: Staraptor
|-damage|p1b: Staraptor|89/100
|cant|p1b: Staraptor|flinch
|move|p1a: Milotic|Scald|p2a: Kingambit
|-damage|p2a: Kingambit|15/100
|move|p2a: Kingambit|Swords Dance|p2a: Kingambit
|-boost|p2a: Kingambit|atk|2
|
|upkeep
|turn|7
|inactive|d1mo22 has 30 seconds left.
|inactive|d1mo22 has 20 seconds left.
|inactive|d1mo22 has 15 seconds left.
|
|t:|1785509026
|move|p2a: Kingambit|Protect|p2a: Kingambit
|-singleturn|p2a: Kingambit|Protect
|move|p1b: Staraptor|Close Combat|p2b: Incineroar
|-supereffective|p2b: Incineroar|1
|-damage|p2b: Incineroar|43/100
|-boost|p1b: Staraptor|def|1
|-boost|p1b: Staraptor|spd|1
|move|p1a: Milotic|Scald|p2a: Kingambit
|-activate|p2a: Kingambit|move: Protect
|move|p2b: Incineroar|Flare Blitz|p1b: Staraptor
|-damage|p1b: Staraptor|60/100
|-damage|p2b: Incineroar|34/100|[from] Recoil
|
|upkeep
|turn|8
|inactive|pistoiese1312 has 30 seconds left.
|
|t:|1785509051
|move|p2a: Kingambit|Sucker Punch|p1a: Milotic
|-damage|p1a: Milotic|0 fnt
|faint|p1a: Milotic
|move|p1b: Staraptor|Close Combat|p2a: Kingambit
|-supereffective|p2a: Kingambit|2
|-damage|p2a: Kingambit|0 fnt
|-boost|p1b: Staraptor|def|1
|-boost|p1b: Staraptor|spd|1
|faint|p2a: Kingambit
|move|p2b: Incineroar|Flare Blitz|p1b: Staraptor
|-damage|p1b: Staraptor|38/100
|-status|p1b: Staraptor|brn
|-damage|p2b: Incineroar|27/100|[from] Recoil
|
|-damage|p1b: Staraptor|32/100 brn|[from] brn
|upkeep
|
|t:|1785509066
|switch|p1a: Tyranitar|Tyranitar, L50, F, shiny|100/100
|switch|p2a: Sneasler|Sneasler, L50, F|85/100
|-weather|Sandstorm|[from] ability: Sand Stream|[of] p1a: Tyranitar
|turn|9
|inactive|pistoiese1312 has 30 seconds left.
|
|t:|1785509093
|move|p1b: Staraptor|Protect|p1b: Staraptor
|-singleturn|p1b: Staraptor|Protect
|move|p1a: Tyranitar|Protect|p1a: Tyranitar
|-singleturn|p1a: Tyranitar|Protect
|move|p2a: Sneasler|Close Combat|p1b: Staraptor
|-activate|p1b: Staraptor|move: Protect
|move|p2b: Incineroar|Parting Shot|p1a: Tyranitar
|-activate|p1a: Tyranitar|move: Protect
|
|-weather|Sandstorm|[upkeep]
|-damage|p1b: Staraptor|26/100 brn|[from] Sandstorm
|-damage|p2a: Sneasler|80/100|[from] Sandstorm
|-damage|p2b: Incineroar|21/100|[from] Sandstorm
|-damage|p1b: Staraptor|21/100 brn|[from] brn
|upkeep
|turn|10
|
|t:|1785509109
|move|p2a: Sneasler|Protect|p2a: Sneasler
|-singleturn|p2a: Sneasler|Protect
|move|p2b: Incineroar|Protect|p2b: Incineroar
|-singleturn|p2b: Incineroar|Protect
|move|p1b: Staraptor|Brave Bird|p2a: Sneasler
|-activate|p2a: Sneasler|move: Protect
|move|p1a: Tyranitar|Rock Slide|p2a: Sneasler|[spread] 
|-activate|p2a: Sneasler|move: Protect
|-activate|p2b: Incineroar|move: Protect
|
|-weather|Sandstorm|[upkeep]
|-damage|p1b: Staraptor|15/100 brn|[from] Sandstorm
|-damage|p2a: Sneasler|74/100|[from] Sandstorm
|-damage|p2b: Incineroar|15/100|[from] Sandstorm
|-damage|p1b: Staraptor|9/100 brn|[from] brn
|upkeep
|turn|11
|inactive|d1mo22 has 30 seconds left.
|inactive|pistoiese1312 has 30 seconds left.
|inactive|d1mo22 has 20 seconds left.
|
|t:|1785509148
|move|p1a: Tyranitar|Protect|p1a: Tyranitar
|-singleturn|p1a: Tyranitar|Protect
|move|p1b: Staraptor|Brave Bird|p2a: Sneasler
|-supereffective|p2a: Sneasler|1
|-damage|p2a: Sneasler|13/100
|-damage|p1b: Staraptor|0 fnt|[from] Recoil
|faint|p1b: Staraptor
|move|p2a: Sneasler|Close Combat|p1a: Tyranitar
|-activate|p1a: Tyranitar|move: Protect
|move|p2b: Incineroar|Flare Blitz|p1a: Tyranitar
|-activate|p1a: Tyranitar|move: Protect
|
|-weather|Sandstorm|[upkeep]
|-damage|p2a: Sneasler|7/100|[from] Sandstorm
|-damage|p2b: Incineroar|9/100|[from] Sandstorm
|upkeep
|turn|12
|c|☆d1mo22|gg
|
|t:|1785509166
|move|p2a: Sneasler|Close Combat|p1a: Tyranitar
|-supereffective|p1a: Tyranitar|2
|-damage|p1a: Tyranitar|0 fnt
|-unboost|p2a: Sneasler|def|1
|-unboost|p2a: Sneasler|spd|1
|faint|p1a: Tyranitar
|
|win|pistoiese1312
|raw|d1mo22's rating: 1275 → 1246(-29 for losing)
|raw|pistoiese1312's rating: 1219 → 1248(+29 for winning)
