|j|☆Ossi1590
|j|☆Chavo666
|html|Ossi1590Chavo666    
|uhtml|bestof|Game 2 of a best-of-3
|t:|1783507172
|gametype|doubles
|player|p1|Ossi1590|colress|1315
|player|p2|Chavo666|steven|1248
|gen|9
|tier|[Gen 9 Champions] VGC 2026 Reg M-B (Bo3)
|rated|
|rule|Species Clause: Limit one of each Pokémon
|rule|Item Clause: Limit 1 of each item
|clearpoke
|poke|p1|Raichu, L50, M|
|poke|p1|Mawile, L50, F|
|poke|p1|Sinistcha, L50|
|poke|p1|Ceruledge, L50, F|
|poke|p1|Milotic, L50, M|
|poke|p1|Incineroar, L50, M|
|poke|p2|Malamar, L50, F|
|poke|p2|Whimsicott, L50, F|
|poke|p2|Sinistcha, L50|
|poke|p2|Gholdengo, L50|
|poke|p2|Charizard, L50, M|
|poke|p2|Garchomp, L50, M|
|teampreview|4
|showteam|p1|Raichu||RaichuniteY|LightningRod|ZapCannon,FocusBlast,FakeOut,Protect|Timid||M|||50|]Mawile||Mawilite|HyperCutter|PlayRough,SuckerPunch,SwordsDance,Protect|Adamant||F|||50|]Sinistcha||KasibBerry|Hospitality|MatchaGotcha,LifeDew,RagePowder,Protect|Relaxed|||||50|]Ceruledge||ColburBerry|FlashFire|BitterBlade,ShadowSneak,BulkUp,Protect|Adamant||F|||50|]Milotic||Leftovers|Competitive|MuddyWater,Coil,Hypnosis,Protect|Calm||M|||50|]Incineroar||SitrusBerry|Intimidate|FlareBlitz,ThroatChop,FakeOut,PartingShot|Impish||M|||50|
|showteam|p2|Malamar||Malamarite|Contrary|KnockOff,PsychoCut,Superpower,Protect|Jolly||F|||50|]Whimsicott||FocusSash|Prankster|Moonblast,Tailwind,FakeTears,Charm|Calm||F|||50|]Sinistcha||ColburBerry|Hospitality|MatchaGotcha,ShadowBall,RagePowder,LifeDew|Bold|||||50|]Gholdengo||LifeOrb|GoodasGold|MakeItRain,ShadowBall,Protect,Thunderbolt|Modest|||||50|]Charizard||CharizarditeY|Blaze|HeatWave,AirSlash,Protect,SolarBeam|Timid||M|||50|]Garchomp||HabanBerry|RoughSkin|DragonClaw,Earthquake,RockSlide,SwordsDance|Jolly||M|||50|
|
|t:|1783507191
|teamsize|p1|4
|teamsize|p2|4
|start
|switch|p1a: Milotic|Milotic, L50, M|100/100
|switch|p1b: Raichu|Raichu, L50, M|100/100
|switch|p2a: Malamar|Malamar, L50, F|100/100
|switch|p2b: Whimsicott|Whimsicott, L50, F|100/100
|turn|1
|
|t:|1783507214
|detailschange|p1b: Raichu|Raichu-Mega-Y, L50, M
|-mega|p1b: Raichu|Raichu|Raichunite Y
|detailschange|p2a: Malamar|Malamar-Mega, L50, F
|-mega|p2a: Malamar|Malamar|Malamarite
|move|p2b: Whimsicott|Fake Tears|p2a: Malamar
|-boost|p2a: Malamar|spd|2
|move|p1b: Raichu|Zap Cannon|p2a: Malamar
|-damage|p2a: Malamar|70/100
|-status|p2a: Malamar|par
|move|p1a: Milotic|Coil|p1a: Milotic
|-boost|p1a: Milotic|atk|1
|-boost|p1a: Milotic|def|1
|-boost|p1a: Milotic|accuracy|1
|move|p2a: Malamar|Superpower|p1a: Milotic
|-damage|p1a: Milotic|80/100
|-boost|p2a: Malamar|atk|1
|-boost|p2a: Malamar|def|1
|
|-heal|p1a: Milotic|86/100|[from] item: Leftovers
|upkeep
|turn|2
|
|t:|1783507243
|move|p2b: Whimsicott|Fake Tears|p2a: Malamar
|-boost|p2a: Malamar|spd|2
|move|p1b: Raichu|Zap Cannon|p2a: Malamar
|-damage|p2a: Malamar|51/100 par
|move|p1a: Milotic|Coil|p1a: Milotic
|-boost|p1a: Milotic|atk|1
|-boost|p1a: Milotic|def|1
|-boost|p1a: Milotic|accuracy|1
|move|p2a: Malamar|Superpower|p1b: Raichu
|-damage|p1b: Raichu|23/100
|-boost|p2a: Malamar|atk|1
|-boost|p2a: Malamar|def|1
|
|-heal|p1a: Milotic|92/100|[from] item: Leftovers
|upkeep
|turn|3
|
|t:|1783507258
|switch|p1b: Ceruledge|Ceruledge, L50, F|100/100
|switch|p2b: Sinistcha|Sinistcha, L50|100/100
|-heal|p2a: Malamar|76/100 par|[from] ability: Hospitality|[of] p2b: Sinistcha
|move|p1a: Milotic|Hypnosis|p2b: Sinistcha
|-status|p2b: Sinistcha|slp|[from] move: Hypnosis
|move|p2a: Malamar|Superpower|p1b: Ceruledge
|-immune|p1b: Ceruledge
|
|-heal|p1a: Milotic|98/100|[from] item: Leftovers
|upkeep
|turn|4
|
|t:|1783507271
|switch|p2b: Whimsicott|Whimsicott, L50, F|100/100
|move|p1b: Ceruledge|Bulk Up|p1b: Ceruledge
|-boost|p1b: Ceruledge|atk|1
|-boost|p1b: Ceruledge|def|1
|move|p1a: Milotic|Muddy Water|p2b: Whimsicott|[spread] p2a,p2b
|-resisted|p2b: Whimsicott|1
|-damage|p2a: Malamar|68/100 par
|-damage|p2b: Whimsicott|89/100
|-boost|p2a: Malamar|accuracy|1
|move|p2a: Malamar|Knock Off|p1b: Ceruledge
|-supereffective|p1b: Ceruledge|1
|-enditem|p1b: Ceruledge|Colbur Berry|[eat]
|-enditem|p1b: Ceruledge|Colbur Berry|[weaken]
|-damage|p1b: Ceruledge|43/100
|
|-heal|p1a: Milotic|100/100|[from] item: Leftovers
|upkeep
|turn|5
|
|t:|1783507287
|switch|p2b: Sinistcha|Sinistcha, L50|100/100 slp
|-heal|p2a: Malamar|92/100 par|[from] ability: Hospitality|[of] p2b: Sinistcha
|move|p1b: Ceruledge|Bitter Blade|p2b: Sinistcha
|-supereffective|p2b: Sinistcha|1
|-damage|p2b: Sinistcha|0 fnt
|-heal|p1b: Ceruledge|92/100|[from] drain|[of] p2b: Sinistcha
|faint|p2b: Sinistcha
|move|p1a: Milotic|Muddy Water|p2a: Malamar
|-damage|p2a: Malamar|81/100 par
|-boost|p2a: Malamar|accuracy|1
|cant|p2a: Malamar|par
|
|upkeep
|
|t:|1783507302
|switch|p2b: Garchomp|Garchomp, L50, M|100/100
|turn|6
|
|t:|1783507308
|move|p1b: Ceruledge|Protect|p1b: Ceruledge
|-singleturn|p1b: Ceruledge|Protect
|move|p2b: Garchomp|Swords Dance|p2b: Garchomp
|-boost|p2b: Garchomp|atk|2
|move|p1a: Milotic|Hypnosis|p2b: Garchomp
|-status|p2b: Garchomp|slp|[from] move: Hypnosis
|move|p2a: Malamar|Superpower|p1a: Milotic
|-crit|p1a: Milotic
|-damage|p1a: Milotic|14/100
|-boost|p2a: Malamar|atk|1
|-boost|p2a: Malamar|def|1
|
|-heal|p1a: Milotic|20/100y|[from] item: Leftovers
|upkeep
|turn|7
|
|t:|1783507322
|cant|p2b: Garchomp|slp
|move|p1b: Ceruledge|Bitter Blade|p2a: Malamar
|-damage|p2a: Malamar|42/100 par
|-heal|p1b: Ceruledge|100/100|[from] drain|[of] p2a: Malamar
|move|p1a: Milotic|Muddy Water|p2a: Malamar|[spread] p2a,p2b
|-crit|p2b: Garchomp
|-damage|p2a: Malamar|34/100 par
|-damage|p2b: Garchomp|58/100 slp
|-boost|p2a: Malamar|accuracy|1
|cant|p2a: Malamar|par
|
|-heal|p1a: Milotic|26/100|[from] item: Leftovers
|upkeep
|turn|8
|
|t:|1783507345
|move|p2a: Malamar|Protect|p2a: Malamar
|-singleturn|p2a: Malamar|Protect
|-curestatus|p2b: Garchomp|slp|[msg]
|move|p2b: Garchomp|Earthquake|p1b: Ceruledge|[spread] p1a,p1b
|-activate|p2a: Malamar|move: Protect
|-supereffective|p1b: Ceruledge|1
|-damage|p1a: Milotic|0 fnt
|-damage|p1b: Ceruledge|0 fnt
|faint|p1a: Milotic
|faint|p1b: Ceruledge
|
|upkeep
|
|t:|1783507354
|switch|p1b: Raichu|Raichu-Mega-Y, L50, M|23/100
|switch|p1a: Incineroar|Incineroar, L50, M|100/100
|-ability|p1a: Incineroar|Intimidate|boost
|-boost|p2a: Malamar|atk|1
|-unboost|p2b: Garchomp|atk|1
|turn|9
|
|t:|1783507370
|move|p1a: Incineroar|Fake Out|p2a: Malamar
|-damage|p2a: Malamar|30/100 par
|move|p1b: Raichu|Focus Blast|p2b: Garchomp
|-damage|p2b: Garchomp|16/100
|move|p2b: Garchomp|Dragon Claw|p1b: Raichu
|-damage|p1b: Raichu|0 fnt
|faint|p1b: Raichu
|cant|p2a: Malamar|flinch
|
|upkeep
|turn|10
|-message|Ossi1590 forfeited.
|
|win|Chavo666
|raw|Ossi1590's rating: 1315 → 1291(-24 for losing)
|raw|Chavo666's rating: 1248 → 1278(+30 for winning)
|c|☆Ossi1590|gg
|c|☆Chavo666|gg
