|j|☆lamalamalama1
|j|☆Lukanuevo
|html|lamalamalama1Lukanuevo    
|uhtml|bestof|Game 2 of a best-of-3
|t:|1785156268
|gametype|doubles
|player|p1|lamalamalama1|170|1027
|player|p2|Lukanuevo|colress|1148
|gen|9
|tier|[Gen 9 Champions] VGC 2026 Reg M-B (Bo3)
|rated|
|rule|Species Clause: Limit one of each Pokémon
|rule|Item Clause: Limit 1 of each item
|clearpoke
|poke|p1|Kingambit, L50, M, shiny|
|poke|p1|Aerodactyl, L50, F, shiny|
|poke|p1|Blastoise, L50, M, shiny|
|poke|p1|Sneasler, L50, M, shiny|
|poke|p1|Floette-Eternal, L50, F|
|poke|p1|Sinistcha, L50, shiny|
|poke|p2|Charizard, L50, F|
|poke|p2|Kingambit, L50, M|
|poke|p2|Sylveon, L50, M|
|poke|p2|Garchomp, L50, F|
|poke|p2|Aerodactyl, L50, M|
|poke|p2|Farigiraf, L50, F|
|teampreview|4
|showteam|p1|Kingambit||LifeOrb|Defiant|SuckerPunch,KowtowCleave,IronHead,SwordsDance|Adamant||M|||50|]Aerodactyl||FocusSash|Unnerve|RockSlide,Tailwind,IceFang,Protect|Jolly||F|||50|]Blastoise||Blastoisinite|RainDish|WaterSpout,DarkPulse,FakeOut,Protect|Relaxed||M|||50|]Sneasler||WhiteHerb|Unburden|DireClaw,CloseCombat,QuickGuard,FakeOut|Jolly||M|||50|]Floette-Eternal||Floettite|FlowerVeil|Moonblast,DazzlingGleam,LightofRuin,Protect|Timid||F|||50|]Sinistcha||ColburBerry|Hospitality|MatchaGotcha,RagePowder,ShadowBall,TrickRoom|Quiet|||||50|
|showteam|p2|Charizard||CharizarditeY|Blaze|HeatWave,WeatherBall,SolarBeam,Protect|Modest||F|||50|]Kingambit||FocusSash|Defiant|KowtowCleave,IronHead,LowKick,SuckerPunch|Adamant||M|||50|]Sylveon||FairyFeather|Pixilate|HyperVoice,HyperBeam,QuickAttack,Detect|Modest||M|||50|]Garchomp||LifeOrb|RoughSkin|DragonClaw,Earthquake,RockSlide,Protect|Jolly||F|||50|]Aerodactyl||Aerodactylite|Unnerve|DualWingbeat,RockSlide,IceFang,Tailwind|Jolly||M|||50|]Farigiraf||SitrusBerry|ArmorTail|Psychic,Thunderbolt,TrickRoom,Protect|Bold||F|||50|
|
|t:|1785156304
|teamsize|p1|4
|teamsize|p2|4
|start
|switch|p1a: Aerodactyl|Aerodactyl, L50, F, shiny|100/100
|switch|p1b: Floette|Floette-Eternal, L50, F|100/100
|switch|p2a: Charizard|Charizard, L50, F|100/100
|switch|p2b: Aerodactyl|Aerodactyl, L50, M|100/100
|-ability|p1a: Aerodactyl|Unnerve
|-ability|p2b: Aerodactyl|Unnerve
|turn|1
|inactive|Battle timer is ON: inactive players will automatically lose when time's up. (requested by lamalamalama1)
|
|t:|1785156389
|detailschange|p1b: Floette|Floette-Mega, L50, F
|-mega|p1b: Floette|Floette|Floettite
|-ability|p1b: Floette|Fairy Aura
|detailschange|p2a: Charizard|Charizard-Mega-Y, L50, F
|-mega|p2a: Charizard|Charizard|Charizardite Y
|-weather|SunnyDay|[from] ability: Drought|[of] p2a: Charizard
|move|p2a: Charizard|Protect|p2a: Charizard
|-singleturn|p2a: Charizard|Protect
|move|p2b: Aerodactyl|Tailwind|p2b: Aerodactyl
|-sidestart|p2: Lukanuevo|move: Tailwind
|move|p1a: Aerodactyl|Rock Slide|p2b: Aerodactyl|[spread] p2b
|-activate|p2a: Charizard|move: Protect
|-supereffective|p2b: Aerodactyl|1
|-damage|p2b: Aerodactyl|32/100
|move|p1b: Floette|Moonblast|p2b: Aerodactyl
|-damage|p2b: Aerodactyl|0 fnt
|faint|p2b: Aerodactyl
|
|-weather|SunnyDay|[upkeep]
|upkeep
|
|t:|1785156407
|switch|p2b: Sylveon|Sylveon, L50, M|100/100
|turn|2
|
|t:|1785156416
|move|p1b: Floette|Protect|p1b: Floette
|-singleturn|p1b: Floette|Protect
|move|p2a: Charizard|Heat Wave|p1a: Aerodactyl|[spread] p1a
|-activate|p1b: Floette|move: Protect
|-resisted|p1a: Aerodactyl|1
|-damage|p1a: Aerodactyl|54/100
|move|p1a: Aerodactyl|Tailwind|p1a: Aerodactyl
|-sidestart|p1: lamalamalama1|move: Tailwind
|move|p2b: Sylveon|Hyper Voice|p1b: Floette|[spread] p1a
|-activate|p1b: Floette|move: Protect
|-damage|p1a: Aerodactyl|0 fnt
|faint|p1a: Aerodactyl
|
|-weather|SunnyDay|[upkeep]
|upkeep
|
|t:|1785156433
|switch|p1a: Sneasler|Sneasler, L50, M, shiny|100/100
|turn|3
|
|t:|1785156445
|move|p2a: Charizard|Protect|p2a: Charizard
|-singleturn|p2a: Charizard|Protect
|move|p2b: Sylveon|Detect|p2b: Sylveon
|-singleturn|p2b: Sylveon|Protect
|move|p1a: Sneasler|Fake Out|p2a: Charizard
|-activate|p2a: Charizard|move: Protect
|move|p1b: Floette|Moonblast|p2b: Sylveon
|-activate|p2b: Sylveon|move: Protect
|
|-weather|SunnyDay|[upkeep]
|upkeep
|turn|4
|inactive|Lukanuevo has 30 seconds left.
|
|t:|1785156475
|move|p1a: Sneasler|Dire Claw|p2b: Sylveon
|-supereffective|p2b: Sylveon|1
|-damage|p2b: Sylveon|1/100
|move|p1b: Floette|Light of Ruin|p2a: Charizard
|-resisted|p2a: Charizard|1
|-damage|p2a: Charizard|54/100
|-damage|p1b: Floette|72/100|[from] Recoil
|move|p2a: Charizard|Heat Wave|p1a: Sneasler|[spread] p1a,p1b
|-damage|p1a: Sneasler|24/100
|-damage|p1b: Floette|24/100
|move|p2b: Sylveon|Hyper Voice|p1a: Sneasler|[spread] p1a,p1b
|-damage|p1a: Sneasler|0 fnt
|-damage|p1b: Floette|0 fnt
|faint|p1a: Sneasler
|faint|p1b: Floette
|
|-weather|SunnyDay|[upkeep]
|-sideend|p2: Lukanuevo|move: Tailwind
|upkeep
|
|t:|1785156498
|switch|p1b: Sinistcha|Sinistcha, L50, shiny|100/100
|turn|5
|
|t:|1785156507
|move|p1b: Sinistcha|Matcha Gotcha|p2a: Charizard|[spread] p2a
|-miss|p1b: Sinistcha|p2b: Sylveon
|-resisted|p2a: Charizard|2
|-damage|p2a: Charizard|46/100
|move|p2a: Charizard|Weather Ball|p1b: Sinistcha
|-supereffective|p1b: Sinistcha|1
|-damage|p1b: Sinistcha|0 fnt
|faint|p1b: Sinistcha
|
|win|Lukanuevo
