|j|☆FlitsRonen
|j|☆miradonaod
|html|FlitsRonenmiradonaod    
|uhtml|bestof|Game 2 of a best-of-3
|t:|1782464497
|gametype|doubles
|player|p1|FlitsRonen|170|1000
|player|p2|miradonaod|ballguy|1098
|gen|9
|tier|[Gen 9 Champions] VGC 2026 Reg M-B (Bo3)
|rated|
|rule|Species Clause: Limit one of each Pokémon
|rule|Item Clause: Limit 1 of each item
|clearpoke
|poke|p1|Garchomp, L50, F|
|poke|p1|Floette-Eternal, L50, F|
|poke|p1|Whimsicott, L50, M|
|poke|p1|Rotom-Wash, L50|
|poke|p1|Metagross, L50|
|poke|p1|Incineroar, L50, F|
|poke|p2|Oranguru, L50, F, shiny|
|poke|p2|Torkoal, L50, M, shiny|
|poke|p2|Lucario, L50, M, shiny|
|poke|p2|Golurk, L50, shiny|
|poke|p2|Basculegion, L50, M, shiny|
|poke|p2|Kingambit, L50, M, shiny|
|teampreview|4
|showteam|p1|Garchomp||LifeOrb|RoughSkin|DragonClaw,RockSlide,Earthquake,Protect|Jolly||F|||50|]Floette-Eternal||Floettite|FlowerVeil|Protect,Moonblast,DazzlingGleam,CalmMind|Modest||F|||50|]Whimsicott||FocusSash|Prankster|Tailwind,Moonblast,WorrySeed,Protect|Timid||M|||50|]Rotom-Wash||ChoiceScarf|Levitate|VoltSwitch,HydroPump,Discharge,Trick|Timid|||||50|]Metagross||Metagrossite|ClearBody|PsychicFangs,Protect,IronHead,StompingTantrum|Adamant|||||50|]Incineroar||SitrusBerry|Intimidate|FakeOut,PartingShot,FlareBlitz,DarkestLariat|Careful||F|||50|
|showteam|p2|Oranguru||MentalHerb|InnerFocus|Instruct,TrickRoom,Taunt,FoulPlay|Sassy||F|||50|]Torkoal||Charcoal|Drought|Eruption,HeatWave,Protect,EarthPower|Quiet||M|||50|]Lucario||ChoiceScarf|InnerFocus|FinalGambit,Coaching,BulletPunch,CloseCombat|Jolly||M|||50|]Golurk||Golurkite|IronFist|HeadlongRush,Poltergeist,CloseCombat,Protect|Brave|||||50|]Basculegion||FocusSash|Adaptability|Liquidation,LastRespects,AquaJet,Protect|Adamant||M|||50|]Kingambit||BlackGlasses|Defiant|KowtowCleave,SuckerPunch,SwordsDance,Protect|Adamant||M|||50|
|
|t:|1782464520
|teamsize|p1|4
|teamsize|p2|4
|start
|switch|p1a: Garchomp|Garchomp, L50, F|100/100
|switch|p1b: Rotom|Rotom-Wash, L50|100/100
|switch|p2a: Lucario|Lucario, L50, M, shiny|100/100
|switch|p2b: Oranguru|Oranguru, L50, F, shiny|100/100
|turn|1
|
|t:|1782464545
|move|p2a: Lucario|Final Gambit|p1b: Rotom
|-damage|p1b: Rotom|0 fnt
|faint|p2a: Lucario
|faint|p1b: Rotom
|move|p1a: Garchomp|Earthquake|p2b: Oranguru
|-damage|p2b: Oranguru|42/100
|-damage|p1a: Garchomp|90/100|[from] item: Life Orb
|move|p2b: Oranguru|Trick Room|p2b: Oranguru
|-fieldstart|move: Trick Room|[of] p2b: Oranguru
|
|upkeep
|
|t:|1782464561
|switch|p1b: Metagross|Metagross, L50|100/100
|switch|p2a: Golurk|Golurk, L50, shiny|100/100
|turn|2
|
|t:|1782464576
|detailschange|p2a: Golurk|Golurk-Mega, L50, shiny
|-mega|p2a: Golurk|Golurk|Golurkite
|detailschange|p1b: Metagross|Metagross-Mega, L50
|-mega|p1b: Metagross|Metagross|Metagrossite
|move|p1b: Metagross|Protect|p1b: Metagross
|-singleturn|p1b: Metagross|Protect
|move|p2a: Golurk|Headlong Rush|p1a: Garchomp
|-damage|p1a: Garchomp|10/100
|-unboost|p2a: Golurk|def|1
|-unboost|p2a: Golurk|spd|1
|-damage|p2a: Golurk|87/100|[from] ability: Rough Skin|[of] p1a: Garchomp
|move|p2b: Oranguru|Instruct|p2a: Golurk
|-singleturn|p2a: Golurk|move: Instruct|[of] p2b: Oranguru
|move|p2a: Golurk|Headlong Rush|p1a: Garchomp
|-damage|p1a: Garchomp|0 fnt
|-unboost|p2a: Golurk|def|1
|-unboost|p2a: Golurk|spd|1
|-damage|p2a: Golurk|75/100|[from] ability: Rough Skin|[of] p1a: Garchomp
|faint|p1a: Garchomp
|
|upkeep
|
|t:|1782464594
|switch|p1a: Incineroar|Incineroar, L50, F|100/100
|-ability|p1a: Incineroar|Intimidate|boost
|-unboost|p2a: Golurk|atk|1
|-fail|p2b: Oranguru|unboost|Attack|[from] ability: Inner Focus|[of] p2b: Oranguru
|turn|3
|
|t:|1782464616
|move|p2a: Golurk|Protect|p2a: Golurk
|-singleturn|p2a: Golurk|Protect
|move|p2b: Oranguru|Foul Play|p1b: Metagross
|-supereffective|p1b: Metagross|1
|-damage|p1b: Metagross|34/100
|move|p1a: Incineroar|Darkest Lariat|p2a: Golurk
|-activate|p2a: Golurk|move: Protect
|move|p1b: Metagross|Stomping Tantrum|p2b: Oranguru
|-damage|p2b: Oranguru|7/100
|
|upkeep
|turn|4
|
|t:|1782464631
|move|p1b: Metagross|Protect|p1b: Metagross
|-singleturn|p1b: Metagross|Protect
|move|p2a: Golurk|Headlong Rush|p1a: Incineroar
|-supereffective|p1a: Incineroar|1
|-damage|p1a: Incineroar|10/100
|-unboost|p2a: Golurk|def|1
|-unboost|p2a: Golurk|spd|1
|-enditem|p1a: Incineroar|Sitrus Berry|[eat]
|-heal|p1a: Incineroar|35/100|[from] item: Sitrus Berry
|move|p2b: Oranguru|Foul Play|p1b: Metagross
|-activate|p1b: Metagross|move: Protect
|move|p1a: Incineroar|Darkest Lariat|p2a: Golurk
|-supereffective|p2a: Golurk|1
|-damage|p2a: Golurk|22/100
|
|upkeep
|turn|5
|
|t:|1782464657
|move|p2a: Golurk|Headlong Rush|p1a: Incineroar
|-supereffective|p1a: Incineroar|1
|-damage|p1a: Incineroar|0 fnt
|-unboost|p2a: Golurk|def|1
|-unboost|p2a: Golurk|spd|1
|faint|p1a: Incineroar
|move|p2b: Oranguru|Foul Play|p1b: Metagross
|-supereffective|p1b: Metagross|1
|-crit|p1b: Metagross
|-damage|p1b: Metagross|0 fnt
|faint|p1b: Metagross
|
|win|miradonaod
|raw|FlitsRonen's rating: 1000 → 1000(+0 for losing)
|raw|miradonaod's rating: 1098 → 1116(+18 for winning)
