|j|☆natsukivgc
|j|‽daniiivgc
|html|natsukivgcdaniiivgc    
|uhtml|bestof|Game 1 of a best-of-3
|t:|1785699078
|gametype|doubles
|player|p1|natsukivgc|102|1282
|player|p2|daniiivgc|giovanni|1384
|gen|9
|tier|[Gen 9 Champions] VGC 2026 Reg M-B (Bo3)
|rated|
|rule|Species Clause: Limit one of each Pokémon
|rule|Item Clause: Limit 1 of each item
|clearpoke
|poke|p1|Garchomp, L50, F|
|poke|p1|Charizard, L50, F|
|poke|p1|Kingambit, L50, M|
|poke|p1|Basculegion, L50, M|
|poke|p1|Whimsicott, L50, F|
|poke|p1|Floette-Eternal, L50, F|
|poke|p2|Kangaskhan, L50, F|
|poke|p2|Farigiraf, L50, M|
|poke|p2|Camerupt, L50, F|
|poke|p2|Vivillon, L50, F|
|poke|p2|Abomasnow, L50, F|
|poke|p2|Kingambit, L50, F|
|teampreview|4
|showteam|p1|Garchomp||SitrusBerry|RoughSkin|RockSlide,DragonTail,StompingTantrum,PoisonJab|Adamant||F|||50|]Charizard||CharizarditeY|Blaze|HeatWave,SolarBeam,WeatherBall,Protect|Modest||F|||50|]Kingambit||LifeOrb|Defiant|KowtowCleave,IronHead,SuckerPunch,LowKick|Adamant||M|||50|]Basculegion||ChoiceScarf|Adaptability|LastRespects,WaveCrash,FlipTurn,AquaJet|Jolly||M|||50|]Whimsicott||FocusSash|Prankster|Tailwind,Moonblast,Encore,Protect|Timid||F|||50|]Floette-Eternal||Floettite|FlowerVeil|DazzlingGleam,Moonblast,LightofRuin,Protect|Modest||F|||50|
|showteam|p2|Kangaskhan||SilkScarf|Scrappy|FakeOut,DoubleEdge,LowKick,Crunch|Brave||F|||50|]Farigiraf||SitrusBerry|ArmorTail|Psychic,Thunderbolt,TrickRoom,Protect|Bold||M|||50|]Camerupt||Cameruptite|SolidRock|HeatWave,EarthPower,AncientPower,Protect|Quiet||F|||50|]Vivillon||FocusSash|CompoundEyes|Hurricane,SleepPowder,RagePowder,Protect|Timid||F|||50|]Abomasnow||LifeOrb|SnowWarning|Blizzard,GrassKnot,IceShard,WeatherBall|Quiet||F|||50|]Kingambit||ChopleBerry|Defiant|KowtowCleave,SuckerPunch,IronHead,SwordsDance|Brave||F|||50|
|inactive|Battle timer is ON: inactive players will automatically lose when time's up. (requested by daniiivgc)
|
|t:|1785699115
|teamsize|p1|4
|teamsize|p2|4
|start
|switch|p1a: Garchomp|Garchomp, L50, F|100/100
|switch|p1b: Charizard|Charizard, L50, F|100/100
|switch|p2a: Farigiraf|Farigiraf, L50, M|100/100
|switch|p2b: Vivillon|Vivillon, L50, F|100/100
|turn|1
|inactive|daniiivgc has 30 seconds left.
|inactive|daniiivgc has 20 seconds left.
|inactive|daniiivgc has 15 seconds left.
|inactive|daniiivgc has 10 seconds left.
|
|t:|1785699160
|detailschange|p1b: Charizard|Charizard-Mega-Y, L50, F
|-mega|p1b: Charizard|Charizard|Charizardite Y
|-weather|SunnyDay|[from] ability: Drought|[of] p1b: Charizard
|move|p2b: Vivillon|Sleep Powder|p1b: Charizard
|-status|p1b: Charizard|slp|[from] move: Sleep Powder
|cant|p1b: Charizard|slp
|move|p1a: Garchomp|Dragon Tail|p2a: Farigiraf
|-damage|p2a: Farigiraf|74/100
|drag|p2a: Abomasnow|Abomasnow, L50, F|100/100
|-weather|Snowscape|[from] ability: Snow Warning|[of] p2a: Abomasnow
|
|-weather|Snowscape|[upkeep]
|upkeep
|turn|2
|inactive|daniiivgc has 30 seconds left.
|
|t:|1785699188
|switch|p1a: Kingambit|Kingambit, L50, M|100/100
|move|p2b: Vivillon|Hurricane|p1b: Charizard
|-damage|p1b: Charizard|63/100 slp
|-start|p1b: Charizard|confusion
|cant|p1b: Charizard|slp
|move|p2a: Abomasnow|Weather Ball|p1b: Charizard
|-damage|p1b: Charizard|9/100 slp
|-damage|p2a: Abomasnow|90/100|[from] item: Life Orb
|
|-weather|Snowscape|[upkeep]
|upkeep
|turn|3
|inactive|natsukivgc has 30 seconds left.
|
|t:|1785699214
|move|p2a: Abomasnow|Ice Shard|p1b: Charizard
|-damage|p1b: Charizard|0 fnt
|faint|p1b: Charizard
|-damage|p2a: Abomasnow|80/100|[from] item: Life Orb
|move|p2b: Vivillon|Sleep Powder|p1a: Kingambit
|-status|p1a: Kingambit|slp|[from] move: Sleep Powder
|cant|p1a: Kingambit|slp
|
|-weather|Snowscape|[upkeep]
|upkeep
|
|t:|1785699223
|switch|p1b: Garchomp|Garchomp, L50, F|100/100
|turn|4
|
|t:|1785699235
|move|p2b: Vivillon|Sleep Powder|p1b: Garchomp
|-status|p1b: Garchomp|slp|[from] move: Sleep Powder
|cant|p1b: Garchomp|slp
|-curestatus|p1a: Kingambit|slp|[msg]
|move|p1a: Kingambit|Iron Head|p2a: Abomasnow
|-supereffective|p2a: Abomasnow|1
|-damage|p2a: Abomasnow|0 fnt
|faint|p2a: Abomasnow
|-damage|p1a: Kingambit|90/100|[from] item: Life Orb
|
|-weather|Snowscape|[upkeep]
|upkeep
|
|t:|1785699246
|switch|p2a: Farigiraf|Farigiraf, L50, M|74/100
|turn|5
|
|t:|1785699261
|move|p2b: Vivillon|Sleep Powder|p1a: Kingambit
|-status|p1a: Kingambit|slp|[from] move: Sleep Powder
|-curestatus|p1b: Garchomp|slp|[msg]
|move|p1b: Garchomp|Rock Slide|p2b: Vivillon|[spread] p2a,p2b
|-supereffective|p2b: Vivillon|2
|-damage|p2a: Farigiraf|59/100
|-enditem|p2b: Vivillon|Focus Sash
|-damage|p2b: Vivillon|1/100
|cant|p1a: Kingambit|slp
|move|p2a: Farigiraf|Trick Room|p2a: Farigiraf
|-fieldstart|move: Trick Room|[of] p2a: Farigiraf
|
|-weather|none
|upkeep
|turn|6
|inactive|natsukivgc has 30 seconds left.
|
|t:|1785699291
|move|p2b: Vivillon|Rage Powder|p2b: Vivillon
|-singleturn|p2b: Vivillon|move: Rage Powder
|move|p2a: Farigiraf|Psychic|p1b: Garchomp
|-damage|p1b: Garchomp|68/100
|cant|p1a: Kingambit|slp
|move|p1b: Garchomp|Rock Slide|p2b: Vivillon|[spread] p2a,p2b
|-supereffective|p2b: Vivillon|2
|-damage|p2a: Farigiraf|43/100
|-damage|p2b: Vivillon|0 fnt
|-enditem|p2a: Farigiraf|Sitrus Berry|[eat]
|-heal|p2a: Farigiraf|68/100|[from] item: Sitrus Berry
|faint|p2b: Vivillon
|
|upkeep
|
|t:|1785699298
|switch|p2b: Camerupt|Camerupt, L50, F|100/100
|turn|7
|inactive|natsukivgc has 30 seconds left.
|inactive|natsukivgc has 20 seconds left.
|
|t:|1785699337
|detailschange|p2b: Camerupt|Camerupt-Mega, L50, F
|-mega|p2b: Camerupt|Camerupt|Cameruptite
|move|p2b: Camerupt|Heat Wave|p1a: Kingambit|[spread] p1a,p1b
|-supereffective|p1a: Kingambit|1
|-resisted|p1b: Garchomp|1
|-damage|p1a: Kingambit|0 fnt
|-damage|p1b: Garchomp|43/100
|-enditem|p1b: Garchomp|Sitrus Berry|[eat]
|-heal|p1b: Garchomp|67/100|[from] item: Sitrus Berry
|faint|p1a: Kingambit
|move|p2a: Farigiraf|Psychic|p1b: Garchomp
|-damage|p1b: Garchomp|37/100
|move|p1b: Garchomp|Stomping Tantrum|p2b: Camerupt
|-supereffective|p2b: Camerupt|1
|-damage|p2b: Camerupt|17/100
|
|upkeep
|
|t:|1785699350
|switch|p1a: Basculegion|Basculegion, L50, M|100/100
|turn|8
|
|t:|1785699374
|move|p2b: Camerupt|Earth Power|p1a: Basculegion
|-damage|p1a: Basculegion|21/100
|move|p2a: Farigiraf|Thunderbolt|p1a: Basculegion
|-supereffective|p1a: Basculegion|1
|-damage|p1a: Basculegion|0 fnt
|faint|p1a: Basculegion
|move|p1b: Garchomp|Stomping Tantrum|p2b: Camerupt
|-supereffective|p2b: Camerupt|1
|-damage|p2b: Camerupt|0 fnt
|faint|p2b: Camerupt
|
|upkeep
|turn|9
|
|t:|1785699396
|move|p2a: Farigiraf|Psychic|p1b: Garchomp
|-damage|p1b: Garchomp|3/100
|move|p1b: Garchomp|Stomping Tantrum|p2a: Farigiraf
|-damage|p2a: Farigiraf|35/100
|
|-fieldend|move: Trick Room
|upkeep
|turn|10
|
|t:|1785699404
|move|p1b: Garchomp|Rock Slide|p2a: Farigiraf|[miss]
|-miss|p1b: Garchomp|p2a: Farigiraf
|move|p2a: Farigiraf|Psychic|p1b: Garchomp
|-damage|p1b: Garchomp|0 fnt
|faint|p1b: Garchomp
|
|win|daniiivgc
