|j|☆Block9
|j|☆PinkSylvie
|html|Block9PinkSylvie    
|uhtml|bestof|Game 1 of a best-of-3
|t:|1782569808
|gametype|doubles
|player|p1|Block9|hilbert-wonderlauncher|
|player|p2|PinkSylvie|#vgcpliiizoruas|
|gen|9
|tier|[Gen 9 Champions] VGC 2026 Reg M-B (Bo3)
|rule|Species Clause: Limit one of each Pokémon
|rule|Item Clause: Limit 1 of each item
|clearpoke
|poke|p1|Sinistcha, L50|
|poke|p1|Incineroar, L50, F|
|poke|p1|Milotic, L50, M|
|poke|p1|Raichu, L50, M|
|poke|p1|Floette-Eternal, L50, F|
|poke|p1|Ceruledge, L50, M|
|poke|p2|Floette-Eternal, L50, F|
|poke|p2|Charizard, L50, M, shiny|
|poke|p2|Kingambit, L50, F|
|poke|p2|Whimsicott, L50, M, shiny|
|poke|p2|Basculegion, L50, M|
|poke|p2|Garchomp, L50, F, shiny|
|teampreview|4
|showteam|p1|Sinistcha||KasibBerry|Hospitality|MatchaGotcha,LifeDew,RagePowder,Protect|Relaxed|||||50|]Incineroar||SitrusBerry|Intimidate|FlareBlitz,ThroatChop,FakeOut,PartingShot|Impish||F|||50|]Milotic||Leftovers|Competitive|MuddyWater,Coil,Hypnosis,Protect|Calm||M|||50|]Raichu||RaichuniteY|LightningRod|ZapCannon,FocusBlast,FakeOut,Protect|Timid||M|||50|]Floette-Eternal||Floettite|FlowerVeil|DazzlingGleam,DrainingKiss,CalmMind,Protect|Timid||F|||50|]Ceruledge||ColburBerry|FlashFire|BitterBlade,ShadowSneak,BulkUp,Protect|Adamant||M|||50|
|showteam|p2|Floette-Eternal||Floettite|FlowerVeil|LightofRuin,Moonblast,DazzlingGleam,Protect|Modest||F|||50|]Charizard||CharizarditeY|Blaze|SolarBeam,HeatWave,WeatherBall,Protect|Modest||M|||50|]Kingambit||OccaBerry|Defiant|IronHead,LowKick,KowtowCleave,SuckerPunch|Adamant||F|||50|]Whimsicott||FocusSash|Prankster|Moonblast,Tailwind,Encore,Protect|Timid||M|||50|]Basculegion||MysticWater|Adaptability|WaveCrash,Protect,LastRespects,AquaJet|Adamant||M|||50|]Garchomp||LifeOrb|RoughSkin|Earthquake,RockSlide,Protect,DragonClaw|Jolly||F|||50|
|j| KeanuVGC
|j| scream mail
|j| Sratsym
|j| babouras
|j| Akram Hamdi
|j| Fainting Spells
|j| Riot0
|c|☆Block9|glhf
|l| Fainting Spells
|j| robbie0301
|j| Fainting Spells
|c|☆PinkSylvie|hf
|j| Ayabe0119
|l| KeanuVGC
|
|t:|1782569942
|teamsize|p1|4
|teamsize|p2|4
|start
|switch|p1a: Ceruledge|Ceruledge, L50, M|100/100
|switch|p1b: Milotic|Milotic, L50, M|100/100
|switch|p2a: Kingambit|Kingambit, L50, F|100/100
|switch|p2b: Floette|Floette-Eternal, L50, F|100/100
|turn|1
|l| Ayabe0119
|j| Ayabe0119
|l| Fainting Spells
|
|t:|1782569987
|switch|p2a: Whimsicott|Whimsicott, L50, M, shiny|100/100
|detailschange|p2b: Floette|Floette-Mega, L50, F
|-mega|p2b: Floette|Floette|Floettite
|-ability|p2b: Floette|Fairy Aura
|move|p2b: Floette|Moonblast|p1b: Milotic
|-crit|p1b: Milotic
|-damage|p1b: Milotic|24/100
|move|p1a: Ceruledge|Bitter Blade|p2b: Floette
|-damage|p2b: Floette|41/100
|move|p1b: Milotic|Coil|p1b: Milotic
|-boost|p1b: Milotic|atk|1
|-boost|p1b: Milotic|def|1
|-boost|p1b: Milotic|accuracy|1
|
|-heal|p1b: Milotic|30/100|[from] item: Leftovers
|upkeep
|turn|2
|j| Fainting Spells
|j| OreXis945
|
|t:|1782570012
|switch|p2b: Garchomp|Garchomp, L50, F, shiny|100/100
|switch|p1b: Incineroar|Incineroar, L50, F|100/100
|-ability|p1b: Incineroar|Intimidate|boost
|-unboost|p2a: Whimsicott|atk|1
|-unboost|p2b: Garchomp|atk|1
|move|p2a: Whimsicott|Encore|p1a: Ceruledge
|-start|p1a: Ceruledge|Encore
|move|p1a: Ceruledge|Bitter Blade|p2a: Whimsicott
|-supereffective|p2a: Whimsicott|1
|-enditem|p2a: Whimsicott|Focus Sash
|-damage|p2a: Whimsicott|1/100
|
|upkeep
|turn|3
|
|t:|1782570047
|move|p2a: Whimsicott|Protect|p2a: Whimsicott
|-singleturn|p2a: Whimsicott|Protect
|move|p1b: Incineroar|Fake Out|p2b: Garchomp
|-damage|p2b: Garchomp|88/100
|-damage|p1b: Incineroar|87/100|[from] ability: Rough Skin|[of] p2b: Garchomp
|cant|p2b: Garchomp|flinch
|move|p1a: Ceruledge|Bitter Blade|p2a: Whimsicott
|-activate|p2a: Whimsicott|move: Protect
|
|upkeep
|turn|4
|j| BigBackedBlittius
|n| LogIce|bigbackedblittius
|
|t:|1782570080
|move|p2a: Whimsicott|Tailwind|p2a: Whimsicott
|-sidestart|p2: PinkSylvie|move: Tailwind
|move|p2b: Garchomp|Earthquake|p1a: Ceruledge|[spread] p2a,p1a,p1b
|-resisted|p2a: Whimsicott|1
|-supereffective|p1a: Ceruledge|1
|-supereffective|p1b: Incineroar|1
|-damage|p2a: Whimsicott|0 fnt
|-damage|p1a: Ceruledge|30/100
|-damage|p1b: Incineroar|41/100
|-enditem|p1b: Incineroar|Sitrus Berry|[eat]
|-heal|p1b: Incineroar|65/100|[from] item: Sitrus Berry
|faint|p2a: Whimsicott
|-damage|p2b: Garchomp|78/100|[from] item: Life Orb
|move|p1a: Ceruledge|Bitter Blade|p2b: Garchomp
|-resisted|p2b: Garchomp|1
|-damage|p2b: Garchomp|56/100
|-heal|p1a: Ceruledge|42/100|[from] drain|[of] p2b: Garchomp
|-damage|p1a: Ceruledge|30/100|[from] ability: Rough Skin|[of] p2b: Garchomp
|move|p1b: Incineroar|Parting Shot|p2b: Garchomp
|-unboost|p2b: Garchomp|atk|1
|-unboost|p2b: Garchomp|spa|1
|
|t:|1782570096
|switch|p1b: Sinistcha|Sinistcha, L50|100/100|[from] Parting Shot
|-heal|p1a: Ceruledge|55/100|[from] ability: Hospitality|[of] p1b: Sinistcha
|
|-end|p1a: Ceruledge|Encore
|upkeep
|
|t:|1782570105
|switch|p2a: Kingambit|Kingambit, L50, F|100/100
|turn|5
|j| Wow_Yang
|
|t:|1782570156
|switch|p2b: Floette|Floette-Mega, L50, F|41/100
|-ability|p2b: Floette|Fairy Aura
|switch|p1b: Milotic|Milotic, L50, M|30/100
|move|p1a: Ceruledge|Protect|p1a: Ceruledge
|-singleturn|p1a: Ceruledge|Protect
|move|p2a: Kingambit|Kowtow Cleave|p1b: Milotic
|-damage|p1b: Milotic|0 fnt
|faint|p1b: Milotic
|
|upkeep
|j| Code
|
|t:|1782570169
|switch|p1b: Sinistcha|Sinistcha, L50|100/100
|-heal|p1a: Ceruledge|80/100|[from] ability: Hospitality|[of] p1b: Sinistcha
|turn|6
|
|t:|1782570190
|move|p2b: Floette|Dazzling Gleam|p1b: Sinistcha|[spread] p1a,p1b
|-resisted|p1a: Ceruledge|1
|-damage|p1a: Ceruledge|56/100
|-damage|p1b: Sinistcha|57/100
|move|p2a: Kingambit|Kowtow Cleave|p1a: Ceruledge
|-supereffective|p1a: Ceruledge|1
|-crit|p1a: Ceruledge
|-enditem|p1a: Ceruledge|Colbur Berry|[eat]
|-enditem|p1a: Ceruledge|Colbur Berry|[weaken]
|-damage|p1a: Ceruledge|0 fnt
|faint|p1a: Ceruledge
|move|p1b: Sinistcha|Life Dew|p1b: Sinistcha
|-heal|p1b: Sinistcha|82/100
|
|upkeep
|
|t:|1782570200
|switch|p1a: Incineroar|Incineroar, L50, F|65/100
|-ability|p1a: Incineroar|Intimidate|boost
|-unboost|p2a: Kingambit|atk|1
|-ability|p2a: Kingambit|Defiant|boost
|-boost|p2a: Kingambit|atk|2
|-unboost|p2b: Floette|atk|1
|turn|7
|l| OreXis945
|l| Riot0
|l| Fainting Spells
|
|t:|1782570213
|move|p1a: Incineroar|Fake Out|p2a: Kingambit
|-resisted|p2a: Kingambit|1
|-damage|p2a: Kingambit|96/100
|move|p2b: Floette|Dazzling Gleam|p1a: Incineroar|[spread] p1a,p1b
|-damage|p1a: Incineroar|19/100
|-damage|p1b: Sinistcha|36/100
|cant|p2a: Kingambit|flinch
|move|p1b: Sinistcha|Matcha Gotcha|p2b: Floette|[spread] p2a,p2b
|-resisted|p2a: Kingambit|1
|-damage|p2a: Kingambit|85/100
|-heal|p1b: Sinistcha|42/100|[from] drain|[of] p2a: Kingambit
|-damage|p2b: Floette|22/100
|-heal|p1b: Sinistcha|51/100|[from] drain|[of] p2b: Floette
|
|-sideend|p2: PinkSylvie|move: Tailwind
|upkeep
|turn|8
|j| Riot0
|j| Fainting Spells
|j| OreXis945
|
|t:|1782570229
|move|p2a: Kingambit|Sucker Punch|p1b: Sinistcha
|-supereffective|p1b: Sinistcha|1
|-damage|p1b: Sinistcha|0 fnt
|faint|p1b: Sinistcha
|move|p2b: Floette|Dazzling Gleam|p1a: Incineroar
|-damage|p1a: Incineroar|0 fnt
|faint|p1a: Incineroar
|
|win|PinkSylvie
||Block9 is ready for game 2.
|inactive|PinkSylvie has 30 seconds to confirm battle start!
||PinkSylvie is ready for game 2.
|uhtml|next|Next: Game 2 of 3
|l| Fainting Spells
|j| thacrow
|l| thacrow
|j| thacrow
|l| OreXis945
|l| Riot0
|l| babouras
|l| Akram Hamdi
|l| scream mail
|l| thacrow
|j| Riot0
|l| LogIce
|j| A Regu1ar Guy
|l| robbie0301
|l| A Regu1ar Guy
|l|☆Block9
|player|p1|
|l| Code
|l| Riot0
|l| Ayabe0119
