|j|☆Dust and fidget
|j|☆Daniw9
|html|Dust and fidgetDaniw9    
|uhtml|bestof|Game 2 of a best-of-3
|t:|1756584076
|gametype|doubles
|player|p1|Dust and fidget|akari|1403
|player|p2|Daniw9|266|1304
|gen|9
|tier|[Gen 9] VGC 2025 Reg H (Bo3)
|rated|
|rule|Species Clause: Limit one of each Pokémon
|rule|Item Clause: Limit 1 of each item
|clearpoke
|poke|p1|Rillaboom, L50, M|
|poke|p1|Annihilape, L50, M|
|poke|p1|Basculegion, L50, M|
|poke|p1|Ninetales-Alola, L50, F|
|poke|p1|Magmar, L50, M|
|poke|p1|Archaludon, L50, F|
|poke|p2|Garchomp, L50, F|
|poke|p2|Tyranitar, L50, F|
|poke|p2|Delphox, L50, F|
|poke|p2|Indeedee-F, L50, F|
|poke|p2|Gallade, L50, M|
|poke|p2|Whimsicott, L50, M|
|teampreview|4
|showteam|p1|Rillaboom||AssaultVest|GrassySurge|WoodHammer,GrassyGlide,FakeOut,HighHorsepower|||M|||50|,,,,,Fire]Annihilape||FocusSash|Defiant|CloseCombat,RageFist,Taunt,Protect|||M|||50|,,,,,Stellar]Basculegion||ChoiceScarf|Adaptability|WaveCrash,LastRespects,AquaJet,FlipTurn|||M|||50|,,,,,Grass]Ninetales-Alola||IciclePlate|SnowWarning|Blizzard,FreezeDry,IcyWind,Protect|||F|||50|,,,,,Ice]Magmar||Eviolite|VitalSpirit|Flamethrower,Taunt,FollowMe,Protect|||M|||50|,,,,,Grass]Archaludon||PowerHerb|Sturdy|ElectroShot,DragonPulse,Thunderbolt,Protect|||F|||50|,,,,,Electric
|showteam|p2|Garchomp||LifeOrb|SandVeil|Earthquake,StompingTantrum,Protect,DragonClaw|||F|||50|,,,,,Steel]Tyranitar||AssaultVest|SandStream|RockSlide,TeraBlast,KnockOff,LowKick|||F|||50|,,,,,Flying]Delphox||PsychicSeed|Magician|ExpandingForce,HeatWave,NastyPlot,Protect|||F|||50|,,,,,Fairy]Indeedee-F||SafetyGoggles|PsychicSurge|DazzlingGleam,TrickRoom,FollowMe,HelpingHand|||F|||50|,,,,,Water]Gallade||ClearAmulet|Sharpness|SacredSword,PsychoCut,TrickRoom,Protect|||M|||50|,,,,,Grass]Whimsicott||CovertCloak|Prankster|Moonblast,Tailwind,Encore,Protect|||M|||50|,,,,,Ghost
|inactive|Battle timer is ON: inactive players will automatically lose when time's up. (requested by Dust and fidget)
|
|t:|1756584105
|teamsize|p1|4
|teamsize|p2|4
|start
|switch|p1a: Gooseberry|Basculegion, L50, M, shiny|100/100
|switch|p1b: Magmar|Magmar, L50, M, shiny|100/100
|switch|p2a: Indeedee|Indeedee-F, L50, F|100/100
|switch|p2b: Gallade|Gallade, L50, M|100/100
|-fieldstart|move: Psychic Terrain|[from] ability: Psychic Surge|[of] p2a: Indeedee
|turn|1
|
|t:|1756584120
|-terastallize|p2a: Indeedee|Water
|move|p2a: Indeedee|Follow Me|p2a: Indeedee
|-singleturn|p2a: Indeedee|move: Follow Me
|move|p1a: Gooseberry|Flip Turn|p2a: Indeedee
|-resisted|p2a: Indeedee
|-damage|p2a: Indeedee|80/100
|
|t:|1756584129
|switch|p1a: Rillaboom|Rillaboom, L50, M, shiny|100/100|[from] Flip Turn
|-fieldstart|move: Grassy Terrain|[from] ability: Grassy Surge|[of] p1a: Rillaboom
|move|p1b: Magmar|Taunt|p2a: Indeedee
|-start|p2a: Indeedee|move: Taunt
|move|p2b: Gallade|Trick Room|p2b: Gallade
|-fieldstart|move: Trick Room|[of] p2b: Gallade
|
|-heal|p2a: Indeedee|86/100|[from] Grassy Terrain
|upkeep
|turn|2
|
|t:|1756584147
|switch|p2a: Garchomp|Garchomp, L50, F|100/100
|move|p2b: Gallade|Sacred Sword|p1a: Rillaboom
|-damage|p1a: Rillaboom|30/100
|move|p1b: Magmar|Flamethrower|p2b: Gallade
|-damage|p2b: Gallade|72/100
|move|p1a: Rillaboom|Wood Hammer|p2a: Garchomp
|-damage|p2a: Garchomp|23/100
|-damage|p1a: Rillaboom|5/100|[from] Recoil
|
|-heal|p2b: Gallade|78/100|[from] Grassy Terrain
|-heal|p1a: Rillaboom|11/100|[from] Grassy Terrain
|-heal|p2a: Garchomp|28/100|[from] Grassy Terrain
|upkeep
|turn|3
|
|t:|1756584171
|switch|p2a: Indeedee|Indeedee-F, L50, F, tera:Water|86/100
|-fieldstart|move: Psychic Terrain|[from] ability: Psychic Surge|[of] p2a: Indeedee
|move|p1b: Magmar|Follow Me|p1b: Magmar
|-singleturn|p1b: Magmar|move: Follow Me
|move|p2b: Gallade|Psycho Cut|p1b: Magmar
|-damage|p1b: Magmar|41/100
|move|p1a: Rillaboom|Wood Hammer|p2a: Indeedee
|-supereffective|p2a: Indeedee
|-damage|p2a: Indeedee|0 fnt
|faint|p2a: Indeedee
|-damage|p1a: Rillaboom|0 fnt|[from] Recoil
|faint|p1a: Rillaboom
|
|upkeep
|
|t:|1756584191
|switch|p2a: Tyranitar|Tyranitar, L50, F|100/100
|switch|p1a: Ninetales|Ninetales-Alola, L50, F, shiny|100/100
|-weather|Sandstorm|[from] ability: Sand Stream|[of] p2a: Tyranitar
|-weather|Snowscape|[from] ability: Snow Warning|[of] p1a: Ninetales
|turn|4
|
|t:|1756584212
|move|p1b: Magmar|Protect|p1b: Magmar
|-singleturn|p1b: Magmar|Protect
|move|p1a: Ninetales|Protect|p1a: Ninetales
|-singleturn|p1a: Ninetales|Protect
|move|p2b: Gallade|Psycho Cut|p1a: Ninetales
|-activate|p1a: Ninetales|move: Protect
|move|p2a: Tyranitar|Rock Slide|p1b: Magmar|[spread] 
|-activate|p1a: Ninetales|move: Protect
|-activate|p1b: Magmar|move: Protect
|
|-weather|Snowscape|[upkeep]
|upkeep
|turn|5
|
|t:|1756584232
|-terastallize|p1b: Magmar|Grass
|move|p2b: Gallade|Psycho Cut|p1a: Ninetales
|-damage|p1a: Ninetales|29/100
|move|p2a: Tyranitar|Rock Slide|p1a: Ninetales|[spread] p1a,p1b
|-supereffective|p1a: Ninetales
|-crit|p1b: Magmar
|-damage|p1a: Ninetales|0 fnt
|-damage|p1b: Magmar|6/100
|faint|p1a: Ninetales
|move|p1b: Magmar|Flamethrower|p2b: Gallade
|-damage|p2b: Gallade|48/100
|
|-weather|Snowscape|[upkeep]
|-fieldend|move: Trick Room
|upkeep
|
|t:|1756584243
|switch|p1a: Gooseberry|Basculegion, L50, M, shiny|100/100
|turn|6
|
|t:|1756584249
|move|p1b: Magmar|Follow Me|p1b: Magmar
|-singleturn|p1b: Magmar|move: Follow Me
|move|p1a: Gooseberry|Wave Crash|p2a: Tyranitar
|-supereffective|p2a: Tyranitar
|-damage|p2a: Tyranitar|0 fnt
|faint|p2a: Tyranitar
|-damage|p1a: Gooseberry|67/100|[from] Recoil
|move|p2b: Gallade|Psycho Cut|p1b: Magmar
|-damage|p1b: Magmar|0 fnt
|faint|p1b: Magmar
|
|-weather|Snowscape|[upkeep]
|upkeep
|
|t:|1756584256
|switch|p2a: Garchomp|Garchomp, L50, F|28/100
|turn|7
|
|t:|1756584262
|move|p1a: Gooseberry|Wave Crash|p2b: Gallade
|-damage|p2b: Gallade|0 fnt
|faint|p2b: Gallade
|-damage|p1a: Gooseberry|53/100|[from] Recoil
|move|p2a: Garchomp|Earthquake|p1a: Gooseberry
|-damage|p1a: Gooseberry|0 fnt
|faint|p1a: Gooseberry
|-damage|p2a: Garchomp|19/100|[from] item: Life Orb
|
|win|Daniw9
||Dust and fidget is ready for game 3.
||Daniw9 is ready for game 3.
|uhtml|next|Next: Game 3 of 3
|l|☆Dust and fidget
|player|p1|
