|j|☆Zaxxxxxx
|j|☆d1mo22
|html|Zaxxxxxxd1mo22    
|uhtml|bestof|Game 2 of a best-of-3
|t:|1784293831
|gametype|doubles
|player|p1|Zaxxxxxx|benga|1232
|player|p2|d1mo22|skier|1290
|gen|9
|tier|[Gen 9 Champions] VGC 2026 Reg M-B (Bo3)
|rated|
|rule|Species Clause: Limit one of each Pokémon
|rule|Item Clause: Limit 1 of each item
|clearpoke
|poke|p1|Delphox, L50, M, shiny|
|poke|p1|Blastoise, L50, F, shiny|
|poke|p1|Incineroar, L50, F, shiny|
|poke|p1|Sneasler, L50, M, shiny|
|poke|p1|Sinistcha, L50, shiny|
|poke|p1|Maushold, L50, shiny|
|poke|p2|Raichu, L50, M|
|poke|p2|Gyarados, L50, M, shiny|
|poke|p2|Mamoswine, L50, M|
|poke|p2|Ceruledge, L50, F|
|poke|p2|Sinistcha, L50|
|poke|p2|Kingambit, L50, F, shiny|
|teampreview|4
|showteam|p1|Delphox||Delphoxite|Blaze|Protect,NastyPlot,HeatWave,Psychic|Timid||M|||50|]Blastoise||Blastoisinite|Torrent|Protect,ShellSmash,WaterSpout,DarkPulse|Modest||F|||50|]Incineroar||SitrusBerry|Intimidate|FakeOut,PartingShot,DarkestLariat,FlareBlitz|Impish||F|||50|]Sneasler||FocusSash|PoisonTouch|FakeOut,CloseCombat,PoisonJab,QuickGuard|Jolly||M|||50|]Sinistcha||KasibBerry|Hospitality|Protect,MatchaGotcha,LifeDew,RagePowder|Bold|||||50|]Maushold||ChopleBerry|FriendGuard|Protect,FollowMe,SuperFang,Feint|Impish|||||50|
|showteam|p2|Raichu||RaichuniteY|LightningRod|FakeOut,Encore,ZapCannon,FocusBlast|Timid||M|||50|]Gyarados||Gyaradosite|Intimidate|LashOut,Waterfall,DragonDance,Protect|Adamant||M|||50|]Mamoswine||LifeOrb|Oblivious|Protect,IcicleCrash,IceShard,HighHorsepower|Jolly||M|||50|]Ceruledge||ColburBerry|FlashFire|BitterBlade,ShadowSneak,BulkUp,Protect|Adamant||F|||50|]Sinistcha||SitrusBerry|Hospitality|Protect,RagePowder,MatchaGotcha,LifeDew|Bold|||||50|]Kingambit||FocusSash|Defiant|Protect,SuckerPunch,KowtowCleave,IronHead|Adamant||F|||50|
|inactive|Battle timer is ON: inactive players will automatically lose when time's up. (requested by d1mo22)
|inactive|Zaxxxxxx has 60 seconds left.
|inactive|d1mo22 has 60 seconds left.
|
|t:|1784293883
|teamsize|p1|4
|teamsize|p2|4
|start
|switch|p1a: Blastoise|Blastoise, L50, F, shiny|100/100
|switch|p1b: Maushold|Maushold, L50, shiny|100/100
|switch|p2a: Raichu|Raichu, L50, M|100/100
|switch|p2b: Gyarados|Gyarados, L50, M, shiny|100/100
|-ability|p2b: Gyarados|Intimidate|boost
|-unboost|p1a: Blastoise|atk|1
|-unboost|p1b: Maushold|atk|1
|turn|1
|inactive|d1mo22 has 30 seconds left.
|
|t:|1784293911
|move|p1a: Blastoise|Protect|p1a: Blastoise
|-singleturn|p1a: Blastoise|Protect
|move|p2a: Raichu|Fake Out|p1a: Blastoise
|-activate|p1a: Blastoise|move: Protect
|move|p1b: Maushold|Super Fang|p2b: Gyarados
|-damage|p2b: Gyarados|50/100y
|move|p2b: Gyarados|Waterfall|p1b: Maushold
|-damage|p1b: Maushold|60/100
|
|upkeep
|turn|2
|inactive|Zaxxxxxx has 30 seconds left.
|inactive|Zaxxxxxx has 20 seconds left.
|inactive|Zaxxxxxx has 15 seconds left.
|
|t:|1784293954
|detailschange|p2a: Raichu|Raichu-Mega-Y, L50, M
|-mega|p2a: Raichu|Raichu|Raichunite Y
|detailschange|p1a: Blastoise|Blastoise-Mega, L50, F, shiny
|-mega|p1a: Blastoise|Blastoise|Blastoisinite
|move|p2b: Gyarados|Protect|p2b: Gyarados
|-singleturn|p2b: Gyarados|Protect
|move|p1b: Maushold|Follow Me|p1b: Maushold
|-singleturn|p1b: Maushold|move: Follow Me
|move|p2a: Raichu|Zap Cannon|p1b: Maushold
|-damage|p1b: Maushold|0 fnt
|faint|p1b: Maushold
|move|p1a: Blastoise|Shell Smash|p1a: Blastoise
|-unboost|p1a: Blastoise|def|1
|-unboost|p1a: Blastoise|spd|1
|-boost|p1a: Blastoise|atk|2
|-boost|p1a: Blastoise|spa|2
|-boost|p1a: Blastoise|spe|2
|
|upkeep
|
|t:|1784293971
|switch|p1b: Sneasler|Sneasler, L50, M, shiny|100/100
|turn|3
|inactive|Zaxxxxxx has 30 seconds left.
|
|t:|1784294003
|switch|p2a: Sinistcha|Sinistcha, L50|100/100
|-heal|p2b: Gyarados|74/100|[from] ability: Hospitality|[of] p2a: Sinistcha
|move|p1a: Blastoise|Water Spout|p2b: Gyarados|[spread] p2a,p2b
|-resisted|p2a: Sinistcha|1
|-resisted|p2b: Gyarados|1
|-damage|p2a: Sinistcha|36/100
|-damage|p2b: Gyarados|13/100
|-enditem|p2a: Sinistcha|Sitrus Berry|[eat]
|-heal|p2a: Sinistcha|61/100|[from] item: Sitrus Berry
|move|p1b: Sneasler|Poison Jab|p2a: Sinistcha
|-damage|p2a: Sinistcha|25/100
|-status|p2a: Sinistcha|psn|[from] ability: Poison Touch|[of] p1b: Sneasler
|move|p2b: Gyarados|Dragon Dance|p2b: Gyarados
|-boost|p2b: Gyarados|atk|1
|-boost|p2b: Gyarados|spe|1
|
|-damage|p2a: Sinistcha|13/100 psn|[from] psn
|upkeep
|turn|4
|inactive|Zaxxxxxx has 30 seconds left.
|inactive|d1mo22 has 30 seconds left.
|
|t:|1784294030
|move|p1a: Blastoise|Water Spout|p2a: Sinistcha|[spread] p2a,p2b
|-resisted|p2a: Sinistcha|1
|-resisted|p2b: Gyarados|1
|-damage|p2a: Sinistcha|0 fnt
|-damage|p2b: Gyarados|0 fnt
|faint|p2a: Sinistcha
|faint|p2b: Gyarados
|move|p1b: Sneasler|Poison Jab|p2: Sinistcha|[notarget]
|-fail|p1b: Sneasler
|
|upkeep
|
|t:|1784294032
|switch|p2b: Mamoswine|Mamoswine, L50, M|100/100
|switch|p2a: Raichu|Raichu-Mega-Y, L50, M|100/100
|turn|5
|
|t:|1784294049
|move|p1a: Blastoise|Water Spout|p2b: Mamoswine|[spread] p2a,p2b
|-supereffective|p2b: Mamoswine|1
|-damage|p2a: Raichu|0 fnt
|-damage|p2b: Mamoswine|0 fnt
|faint|p2a: Raichu
|faint|p2b: Mamoswine
|
|win|Zaxxxxxx
|raw|Zaxxxxxx's rating: 1232 → 1261(+29 for winning)
|raw|d1mo22's rating: 1290 → 1261(-29 for losing)
