|j|☆dericos
|j|☆Mr James Freak
|html|dericosMr James Freak    
|uhtml|bestof|Game 3 of a best-of-3
|t:|1782249412
|gametype|doubles
|player|p1|dericos|102|1113
|player|p2|Mr James Freak|scientist|1162
|gen|9
|tier|[Gen 9 Champions] VGC 2026 Reg M-B (Bo3)
|rated|
|rule|Species Clause: Limit one of each Pokémon
|rule|Item Clause: Limit 1 of each item
|clearpoke
|poke|p1|Swampert, L50, M|
|poke|p1|Pelipper, L50, F|
|poke|p1|Archaludon, L50, F|
|poke|p1|Sinistcha, L50|
|poke|p1|Maushold-Four, L50|
|poke|p1|Gholdengo, L50|
|poke|p2|Tyranitar, L50, M, shiny|
|poke|p2|Metagross, L50, shiny|
|poke|p2|Sinistcha-Masterpiece, L50|
|poke|p2|Rotom-Wash, L50, shiny|
|poke|p2|Garchomp, L50, F, shiny|
|poke|p2|Incineroar, L50, F, shiny|
|teampreview|4
|showteam|p1|Swampert||Swampertite|Torrent|WaveCrash,HighHorsepower,IcePunch,Protect|Adamant||M|||50|]Pelipper||SitrusBerry|Drizzle|WeatherBall,Hurricane,Tailwind,WideGuard|Modest||F|||50|]Archaludon||Leftovers|Stamina|ElectroShot,DragonPulse,FlashCannon,Protect|Calm||F|||50|]Sinistcha||KasibBerry|Hospitality|RagePowder,MatchaGotcha,TrickRoom,Protect|Bold|||||50|]Maushold-Four||FocusSash|FriendGuard|FollowMe,SuperFang,RainDance,Protect|Timid|||||50|]Gholdengo||LifeOrb|GoodasGold|MakeItRain,ShadowBall,NastyPlot,Protect|Modest|||||50|
|showteam|p2|Tyranitar||Tyranitarite|SandStream|RockSlide,KnockOff,DragonDance,Protect|Adamant||M|||50|]Metagross||Metagrossite|ClearBody|IronHead,PsychicFangs,BodyPress,Protect|Jolly|||||50|]Sinistcha-Masterpiece||SitrusBerry|Hospitality|MatchaGotcha,RagePowder,LifeDew,Protect|Bold|||||50|]Rotom-Wash||Leftovers|Levitate|Electroweb,HydroPump,WillOWisp,Protect|Calm|||||50|]Garchomp||LifeOrb|RoughSkin|Earthquake,RockSlide,ScaleShot,Protect|Jolly||F|||50|]Incineroar||PasshoBerry|Intimidate|FakeOut,PartingShot,FlareBlitz,ThroatChop|Adamant||F|||50|
|
|t:|1782249433
|teamsize|p1|4
|teamsize|p2|4
|start
|switch|p1a: Archaludon|Archaludon, L50, F|100/100
|switch|p1b: Maushold|Maushold-Four, L50|100/100
|switch|p2a: Garchomp|Garchomp, L50, F, shiny|100/100
|switch|p2b: Rotom|Rotom-Wash, L50, shiny|100/100
|turn|1
|
|t:|1782249451
|move|p1b: Maushold|Super Fang|p2a: Garchomp
|-damage|p2a: Garchomp|50/100g
|-damage|p1b: Maushold|87/100|[from] ability: Rough Skin|[of] p2a: Garchomp
|move|p2a: Garchomp|Scale Shot|p1b: Maushold
|-damage|p1b: Maushold|68/100
|-damage|p1b: Maushold|46/100
|-hitcount|p1b: Maushold|2
|-unboost|p2a: Garchomp|def|1
|-boost|p2a: Garchomp|spe|1
|-damage|p2a: Garchomp|40/100|[from] item: Life Orb
|move|p2b: Rotom|Will-O-Wisp|p1a: Archaludon
|-status|p1a: Archaludon|brn
|move|p1a: Archaludon|Dragon Pulse|p2a: Garchomp
|-supereffective|p2a: Garchomp|1
|-damage|p2a: Garchomp|0 fnt
|faint|p2a: Garchomp
|
|-damage|p1a: Archaludon|93/100 brn|[from] brn
|upkeep
|
|t:|1782249469
|switch|p2a: Tyranitar|Tyranitar, L50, M, shiny|100/100
|-weather|Sandstorm|[from] ability: Sand Stream|[of] p2a: Tyranitar
|turn|2
|
|t:|1782249475
|move|p2a: Tyranitar|Protect|p2a: Tyranitar
|-singleturn|p2a: Tyranitar|Protect
|move|p1b: Maushold|Rain Dance|p1b: Maushold
|-weather|RainDance
|move|p2b: Rotom|Hydro Pump|p1b: Maushold
|-damage|p1b: Maushold|0 fnt
|faint|p1b: Maushold
|move|p1a: Archaludon|Electro Shot||[still]
|-prepare|p1a: Archaludon|Electro Shot
|-boost|p1a: Archaludon|spa|1
|-anim|p1a: Archaludon|Electro Shot|p2a: Tyranitar
|-activate|p2a: Tyranitar|move: Protect
|
|-weather|RainDance|[upkeep]
|-heal|p1a: Archaludon|100/100 brn|[from] item: Leftovers
|-damage|p1a: Archaludon|93/100 brn|[from] brn
|upkeep
|
|t:|1782249482
|switch|p1b: Swampert|Swampert, L50, M|100/100
|turn|3
|
|t:|1782249492
|switch|p2a: Sinistcha|Sinistcha-Masterpiece, L50|100/100
|detailschange|p1b: Swampert|Swampert-Mega, L50, M
|-mega|p1b: Swampert|Swampert|Swampertite
|move|p1b: Swampert|Wave Crash|p2a: Sinistcha
|-resisted|p2a: Sinistcha|1
|-damage|p2a: Sinistcha|54/100
|-damage|p1b: Swampert|85/100|[from] Recoil
|move|p2b: Rotom|Will-O-Wisp|p1b: Swampert
|-status|p1b: Swampert|brn
|move|p1a: Archaludon|Dragon Pulse|p2a: Sinistcha
|-damage|p2a: Sinistcha|1/100
|-enditem|p2a: Sinistcha|Sitrus Berry|[eat]
|-heal|p2a: Sinistcha|25/100|[from] item: Sitrus Berry
|
|-weather|RainDance|[upkeep]
|-heal|p1a: Archaludon|100/100 brn|[from] item: Leftovers
|-damage|p1b: Swampert|80/100 brn|[from] brn
|-damage|p1a: Archaludon|93/100 brn|[from] brn
|upkeep
|turn|4
|
|t:|1782249524
|move|p2a: Sinistcha|Protect|p2a: Sinistcha
|-singleturn|p2a: Sinistcha|Protect
|move|p1b: Swampert|Ice Punch|p2a: Sinistcha
|-activate|p2a: Sinistcha|move: Protect
|move|p2b: Rotom|Electroweb|p1b: Swampert|[spread] 
|-immune|p1b: Swampert
|-miss|p2b: Rotom|p1a: Archaludon
|move|p1a: Archaludon|Dragon Pulse|p2a: Sinistcha
|-activate|p2a: Sinistcha|move: Protect
|
|-weather|RainDance|[upkeep]
|-heal|p1a: Archaludon|100/100 brn|[from] item: Leftovers
|-damage|p1b: Swampert|74/100 brn|[from] brn
|-damage|p1a: Archaludon|93/100 brn|[from] brn
|upkeep
|turn|5
|
|t:|1782249548
|switch|p2a: Tyranitar|Tyranitar, L50, M, shiny|100/100
|-weather|Sandstorm|[from] ability: Sand Stream|[of] p2a: Tyranitar
|move|p1b: Swampert|Ice Punch|p2a: Tyranitar
|-damage|p2a: Tyranitar|84/100
|move|p2b: Rotom|Electroweb|p1b: Swampert|[spread] 
|-immune|p1b: Swampert
|-miss|p2b: Rotom|p1a: Archaludon
|move|p1a: Archaludon|Dragon Pulse|p2a: Tyranitar
|-damage|p2a: Tyranitar|50/100y
|
|-weather|Sandstorm|[upkeep]
|-damage|p2b: Rotom|93/100|[from] Sandstorm
|-heal|p2b: Rotom|100/100|[from] item: Leftovers
|-heal|p1a: Archaludon|100/100 brn|[from] item: Leftovers
|-damage|p1b: Swampert|68/100 brn|[from] brn
|-damage|p1a: Archaludon|93/100 brn|[from] brn
|upkeep
|turn|6
|
|t:|1782249578
|move|p2a: Tyranitar|Protect|p2a: Tyranitar
|-singleturn|p2a: Tyranitar|Protect
|move|p1b: Swampert|Wave Crash|p2a: Tyranitar
|-activate|p2a: Tyranitar|move: Protect
|move|p2b: Rotom|Hydro Pump|p1b: Swampert
|-damage|p1b: Swampert|31/100 brn
|move|p1a: Archaludon|Dragon Pulse|p2a: Tyranitar
|-activate|p2a: Tyranitar|move: Protect
|
|-weather|Sandstorm|[upkeep]
|-damage|p2b: Rotom|93/100|[from] Sandstorm
|-heal|p2b: Rotom|100/100|[from] item: Leftovers
|-heal|p1a: Archaludon|100/100 brn|[from] item: Leftovers
|-damage|p1b: Swampert|25/100 brn|[from] brn
|-damage|p1a: Archaludon|93/100 brn|[from] brn
|upkeep
|turn|7
|
|t:|1782249602
|switch|p2b: Sinistcha|Sinistcha-Masterpiece, L50|25/100
|-heal|p2a: Tyranitar|75/100|[from] ability: Hospitality|[of] p2b: Sinistcha
|detailschange|p2a: Tyranitar|Tyranitar-Mega, L50, M, shiny
|-mega|p2a: Tyranitar|Tyranitar|Tyranitarite
|move|p1b: Swampert|Wave Crash|p2a: Tyranitar
|-supereffective|p2a: Tyranitar|1
|-damage|p2a: Tyranitar|23/100
|-damage|p1b: Swampert|9/100 brn|[from] Recoil
|move|p2a: Tyranitar|Knock Off|p1b: Swampert
|-damage|p1b: Swampert|0 fnt
|faint|p1b: Swampert
|move|p1a: Archaludon|Dragon Pulse|p2a: Tyranitar
|-damage|p2a: Tyranitar|0 fnt
|faint|p2a: Tyranitar
|
|-weather|Sandstorm|[upkeep]
|-damage|p2b: Sinistcha|19/100|[from] Sandstorm
|-heal|p1a: Archaludon|100/100 brn|[from] item: Leftovers
|-damage|p1a: Archaludon|93/100 brn|[from] brn
|upkeep
|
|t:|1782249613
|switch|p1b: Pelipper|Pelipper, L50, F|100/100
|switch|p2a: Rotom|Rotom-Wash, L50, shiny|100/100
|-weather|RainDance|[from] ability: Drizzle|[of] p1b: Pelipper
|turn|8
|
|t:|1782249632
|move|p1b: Pelipper|Wide Guard|p1b: Pelipper
|-singleturn|p1b: Pelipper|Wide Guard
|move|p2a: Rotom|Hydro Pump|p1a: Archaludon
|-resisted|p1a: Archaludon|1
|-damage|p1a: Archaludon|68/100 brn
|-ability|p1a: Archaludon|Stamina|boost
|-boost|p1a: Archaludon|def|1
|move|p1a: Archaludon|Dragon Pulse|p2b: Sinistcha
|-damage|p2b: Sinistcha|0 fnt
|faint|p2b: Sinistcha
|
|-weather|RainDance|[upkeep]
|-heal|p1a: Archaludon|75/100 brn|[from] item: Leftovers
|-damage|p1a: Archaludon|68/100 brn|[from] brn
|upkeep
|turn|9
|
|t:|1782249643
|move|p2a: Rotom|Electroweb|p1b: Pelipper|[spread] p1a,p1b
|-resisted|p1a: Archaludon|1
|-supereffective|p1b: Pelipper|2
|-damage|p1a: Archaludon|61/100 brn
|-damage|p1b: Pelipper|20/100y
|-unboost|p1a: Archaludon|spe|1
|-unboost|p1b: Pelipper|spe|1
|-ability|p1a: Archaludon|Stamina|boost
|-boost|p1a: Archaludon|def|1
|-enditem|p1b: Pelipper|Sitrus Berry|[eat]
|-heal|p1b: Pelipper|45/100|[from] item: Sitrus Berry
|move|p1a: Archaludon|Dragon Pulse|p2a: Rotom
|-damage|p2a: Rotom|50/100y
|move|p1b: Pelipper|Weather Ball|p2a: Rotom
|-resisted|p2a: Rotom|1
|-damage|p2a: Rotom|26/100
|
|-weather|RainDance|[upkeep]
|-heal|p2a: Rotom|32/100|[from] item: Leftovers
|-heal|p1a: Archaludon|68/100 brn|[from] item: Leftovers
|-damage|p1a: Archaludon|61/100 brn|[from] brn
|upkeep
|turn|10
|c|☆dericos|gg
|
|t:|1782249664
|move|p2a: Rotom|Protect|p2a: Rotom
|-singleturn|p2a: Rotom|Protect
|move|p1b: Pelipper|Wide Guard|p1b: Pelipper
|-singleturn|p1b: Pelipper|Wide Guard
|move|p1a: Archaludon|Electro Shot||[still]
|-prepare|p1a: Archaludon|Electro Shot
|-boost|p1a: Archaludon|spa|1
|-anim|p1a: Archaludon|Electro Shot|p2a: Rotom
|-activate|p2a: Rotom|move: Protect
|
|-weather|RainDance|[upkeep]
|-heal|p2a: Rotom|38/100|[from] item: Leftovers
|-heal|p1a: Archaludon|68/100 brn|[from] item: Leftovers
|-damage|p1a: Archaludon|61/100 brn|[from] brn
|upkeep
|turn|11
|
|t:|1782249670
|move|p1b: Pelipper|Wide Guard|p1b: Pelipper
|-singleturn|p1b: Pelipper|Wide Guard
|move|p2a: Rotom|Hydro Pump|p1a: Archaludon
|-resisted|p1a: Archaludon|1
|-damage|p1a: Archaludon|35/100 brn
|-ability|p1a: Archaludon|Stamina|boost
|-boost|p1a: Archaludon|def|1
|move|p1a: Archaludon|Electro Shot||[still]
|-prepare|p1a: Archaludon|Electro Shot
|-boost|p1a: Archaludon|spa|1
|-anim|p1a: Archaludon|Electro Shot|p2a: Rotom
|-damage|p2a: Rotom|0 fnt
|faint|p2a: Rotom
|
|win|dericos
|raw|dericos's rating: 1113 → 1142(+29 for winning)
|raw|Mr James Freak's rating: 1162 → 1133(-29 for losing)
