|j|☆joemama1313
|j|☆Aeraster
|html|joemama1313Aeraster    
|uhtml|bestof|Game 3 of a best-of-3
|t:|1756776988
|gametype|doubles
|player|p1|joemama1313|rocketgrunt|
|player|p2|Aeraster|266|
|gen|9
|tier|[Gen 9] VGC 2025 Reg H (Bo3)
|rule|Species Clause: Limit one of each Pokémon
|rule|Item Clause: Limit 1 of each item
|clearpoke
|poke|p1|Armarouge, L50, F|
|poke|p1|Annihilape, L50, M|
|poke|p1|Indeedee-F, L50, F|
|poke|p1|Ursaluna, L50, M|
|poke|p1|Ninetales-Alola, L50, F|
|poke|p1|Maushold-Four, L50|
|poke|p2|Volcarona, L50, F|
|poke|p2|Dondozo, L50, M|
|poke|p2|Tatsugiri, L50, F|
|poke|p2|Whimsicott, L50, F|
|poke|p2|Weezing-Galar, L50, M|
|poke|p2|Amoonguss, L50, F|
|teampreview|4
|showteam|p1|Armarouge||LifeOrb|FlashFire|ClearSmog,ExpandingForce,AuraSphere,Protect|||F|||50|,,,,,Fighting]Annihilape||LumBerry|VitalSpirit|RageFist,DrainPunch,Curse,Protect|||M|||50|,,,,,Flying]Indeedee-F||FocusSash|PsychicSurge|Protect,TrickRoom,FollowMe,Psyshock|||F|||50|,,,,,Fire]Ursaluna||FlameOrb|Guts|HeadlongRush,PlayRough,Facade,Protect|||M|||50|,,,,,Fairy]Ninetales-Alola||AbilityShield|SnowWarning|Blizzard,AuroraVeil,FreezeDry,Encore|||F|||50|,,,,,Water]Maushold-Four||SafetyGoggles|FriendGuard|BeatUp,Encore,Charm,FollowMe||||||50|,,,,,Steel
|showteam|p2|Volcarona||SitrusBerry|FlameBody|FieryDance,TeraBlast,RagePowder,QuiverDance|||F|||50|,,,,,Water]Dondozo||Leftovers|Unaware|WaveCrash,OrderUp,BodyPress,Protect|||M|||50|,,,,,Steel]Tatsugiri||FocusSash|Commander|DracoMeteor,MuddyWater,IcyWind,Protect|||F|||50|,,,,,Stellar]Whimsicott||CovertCloak|Prankster|Moonblast,LightScreen,Taunt,Protect|||F|||50|,,,,,Water]Weezing-Galar||ChoiceSpecs|NeutralizingGas|SludgeBomb,StrangeSteam,DarkPulse,TeraBlast|||M|||50|,,,,,Dark]Amoonguss||RockyHelmet|Regenerator|Spore,FoulPlay,RagePowder,Protect|||F|||50|,,,,,Water
|j| adc in 2017
|j| Argo472
|j| AWailOfATail
|
|t:|1756777178
|teamsize|p1|4
|teamsize|p2|4
|start
|switch|p1a: Indeedees sons mom|Indeedee-F, L50, F|100/100
|switch|p1b: Big Fella|Ursaluna, L50, M|100/100
|switch|p2a: Dondozo|Dondozo, L50, M|100/100
|switch|p2b: Tatsugiri|Tatsugiri, L50, F|100/100
|-fieldstart|move: Psychic Terrain|[from] ability: Psychic Surge|[of] p1a: Indeedees sons mom
|-activate|p2b: Tatsugiri|ability: Commander|[of] p2a: Dondozo
|-boost|p2a: Dondozo|atk|2
|-boost|p2a: Dondozo|spa|2
|-boost|p2a: Dondozo|spe|2
|-boost|p2a: Dondozo|def|2
|-boost|p2a: Dondozo|spd|2
|turn|1
|
|t:|1756777203
|move|p1b: Big Fella|Protect|p1b: Big Fella
|-singleturn|p1b: Big Fella|Protect
|move|p2a: Dondozo|Order Up|p1a: Indeedees sons mom
|-damage|p1a: Indeedees sons mom|49/100
|-boost|p2a: Dondozo|atk|1
|move|p1a: Indeedees sons mom|Trick Room|p1a: Indeedees sons mom
|-fieldstart|move: Trick Room|[of] p1a: Indeedees sons mom
|
|-status|p1b: Big Fella|brn|[from] item: Flame Orb
|upkeep
|turn|2
|
|t:|1756777228
|move|p2a: Dondozo|Protect|p2a: Dondozo
|-singleturn|p2a: Dondozo|Protect
|move|p1a: Indeedees sons mom|Follow Me|p1a: Indeedees sons mom
|-singleturn|p1a: Indeedees sons mom|move: Follow Me
|move|p1b: Big Fella|Facade|p2a: Dondozo
|-activate|p2a: Dondozo|move: Protect
|
|-damage|p1b: Big Fella|95/100 brn|[from] brn
|upkeep
|turn|3
|
|t:|1756777265
|move|p1a: Indeedees sons mom|Follow Me|p1a: Indeedees sons mom
|-singleturn|p1a: Indeedees sons mom|move: Follow Me
|move|p1b: Big Fella|Facade|p2a: Dondozo
|-damage|p2a: Dondozo|63/100
|move|p2a: Dondozo|Order Up|p1a: Indeedees sons mom
|-damage|p1a: Indeedees sons mom|0 fnt
|faint|p1a: Indeedees sons mom
|-boost|p2a: Dondozo|atk|1
|
|-heal|p2a: Dondozo|69/100|[from] item: Leftovers
|-damage|p1b: Big Fella|89/100 brn|[from] brn
|upkeep
|
|t:|1756777281
|switch|p1a: speed mcgee|Ninetales-Alola, L50, F, shiny|100/100
|-weather|Snowscape|[from] ability: Snow Warning|[of] p1a: speed mcgee
|turn|4
|
|t:|1756777370
|move|p1b: Big Fella|Protect|p1b: Big Fella
|-singleturn|p1b: Big Fella|Protect
|move|p2a: Dondozo|Wave Crash|p1a: speed mcgee
|-damage|p1a: speed mcgee|0 fnt
|faint|p1a: speed mcgee
|-damage|p2a: Dondozo|46/100|[from] Recoil
|
|-weather|Snowscape|[upkeep]
|-heal|p2a: Dondozo|52/100|[from] item: Leftovers
|-damage|p1b: Big Fella|83/100 brn|[from] brn
|upkeep
|
|t:|1756777381
|switch|p1a: Indeedee's son|Armarouge, L50, F, shiny|100/100
|turn|5
|
|t:|1756777404
|move|p2a: Dondozo|Protect|p2a: Dondozo
|-singleturn|p2a: Dondozo|Protect
|move|p1b: Big Fella|Facade|p2a: Dondozo
|-activate|p2a: Dondozo|move: Protect
|move|p1a: Indeedee's son|Aura Sphere|p2a: Dondozo
|-activate|p2a: Dondozo|move: Protect
|
|-weather|Snowscape|[upkeep]
|-heal|p2a: Dondozo|59/100|[from] item: Leftovers
|-damage|p1b: Big Fella|77/100 brn|[from] brn
|-fieldend|move: Trick Room
|-fieldend|move: Psychic Terrain
|upkeep
|turn|6
|
|t:|1756777472
|-terastallize|p2a: Dondozo|Steel
|move|p1a: Indeedee's son|Protect|p1a: Indeedee's son
|-singleturn|p1a: Indeedee's son|Protect
|move|p2a: Dondozo|Wave Crash|p1a: Indeedee's son
|-activate|p1a: Indeedee's son|move: Protect
|move|p1b: Big Fella|Headlong Rush|p2a: Dondozo
|-supereffective|p2a: Dondozo
|-damage|p2a: Dondozo|0 fnt
|-unboost|p1b: Big Fella|def|1
|-unboost|p1b: Big Fella|spd|1
|faint|p2a: Dondozo
|
|-weather|Snowscape|[upkeep]
|-damage|p1b: Big Fella|71/100 brn|[from] brn
|upkeep
|
|t:|1756777489
|switch|p2a: Volcarona|Volcarona, L50, F|100/100
|turn|7
|
|t:|1756777588
|-terastallize|p1a: Indeedee's son|Fighting
|move|p1b: Big Fella|Protect|p1b: Big Fella
|-singleturn|p1b: Big Fella|Protect
|move|p2a: Volcarona|Rage Powder|p2a: Volcarona
|-singleturn|p2a: Volcarona|move: Rage Powder
|move|p2b: Tatsugiri|Muddy Water|p1a: Indeedee's son|[spread] 
|-activate|p1b: Big Fella|move: Protect
|-miss|p2b: Tatsugiri|p1a: Indeedee's son
|move|p1a: Indeedee's son|Expanding Force|p2a: Volcarona
|-damage|p2a: Volcarona|51/100
|-damage|p1a: Indeedee's son|91/100|[from] item: Life Orb
|
|-weather|Snowscape|[upkeep]
|-damage|p1b: Big Fella|65/100 brn|[from] brn
|upkeep
|turn|8
|
|t:|1756777618
|move|p1b: Big Fella|Protect||[still]
|-fail|p1b: Big Fella
|move|p2a: Volcarona|Rage Powder|p2a: Volcarona
|-singleturn|p2a: Volcarona|move: Rage Powder
|move|p2b: Tatsugiri|Muddy Water|p1b: Big Fella|[spread] p1a,p1b
|-supereffective|p1b: Big Fella
|-damage|p1a: Indeedee's son|54/100
|-damage|p1b: Big Fella|0 fnt
|faint|p1b: Big Fella
|move|p1a: Indeedee's son|Expanding Force|p2a: Volcarona
|-damage|p2a: Volcarona|2/100
|-enditem|p2a: Volcarona|Sitrus Berry|[eat]
|-heal|p2a: Volcarona|27/100|[from] item: Sitrus Berry
|-damage|p1a: Indeedee's son|44/100|[from] item: Life Orb
|
|-weather|none
|upkeep
|turn|9
|
|t:|1756777637
|move|p2a: Volcarona|Rage Powder|p2a: Volcarona
|-singleturn|p2a: Volcarona|move: Rage Powder
|move|p2b: Tatsugiri|Draco Meteor|p1a: Indeedee's son
|-damage|p1a: Indeedee's son|0 fnt
|-unboost|p2b: Tatsugiri|spa|2
|faint|p1a: Indeedee's son
|
|win|Aeraster
|c|☆joemama1313|gg
|c|☆Aeraster|gg
|j| TestingforGC
|l| AWailOfATail
|l|☆joemama1313
|player|p1|
|l| TestingforGC
