|j|☆Imaginary Iris
|j|☆archebol
|html|Imaginary Irisarchebol    
|uhtml|bestof|Game 2 of a best-of-3
|t:|1757636738
|gametype|doubles
|player|p1|Imaginary Iris|lady|1146
|player|p2|archebol|265|1091
|gen|9
|tier|[Gen 9] VGC 2025 Reg H (Bo3)
|rated|
|rule|Species Clause: Limit one of each Pokémon
|rule|Item Clause: Limit 1 of each item
|clearpoke
|poke|p1|Dachsbun, L50, F|
|poke|p1|Typhlosion-Hisui, L50, F|
|poke|p1|Kingambit, L50, M|
|poke|p1|Jumpluff, L50, F|
|poke|p1|Rillaboom, L50, F|
|poke|p1|Torkoal, L50, F|
|poke|p2|Maushold, L50|
|poke|p2|Annihilape, L50, F|
|poke|p2|Sinistcha, L50|
|poke|p2|Grimmsnarl, L50, M|
|poke|p2|Pelipper, L50, F|
|poke|p2|Archaludon, L50, M|
|teampreview|4
|showteam|p1|Dachsbun||Leftovers|WellBakedBody|Protect,BodyPress,HelpingHand,Snarl|||F|||50|,,,,,Steel]Typhlosion-Hisui||ChoiceSpecs|Blaze|Eruption,LavaPlume,Overheat,ShadowBall|||F|||50|,,,,,Fire]Kingambit||SafetyGoggles|Defiant|Protect,KowtowCleave,SuckerPunch,SwordsDance|||M|||50|,,,,,Dark]Jumpluff||CovertCloak|Chlorophyll|LeafStorm,Encore,SleepPowder,Tailwind|||F|||50|,,,,,Water]Rillaboom||AssaultVest|GrassySurge|WoodHammer,FakeOut,GrassyGlide,HighHorsepower|||F|||50|,,,,,Fire]Torkoal||SitrusBerry|Drought|Protect,ClearSmog,HeatWave,LavaPlume|||F|||50|,,,,,Fairy
|showteam|p2|Maushold||SafetyGoggles|FriendGuard|Protect,BeatUp,FollowMe,Encore||||||50|,,,,,Ghost]Annihilape||Leftovers|Defiant|DrainPunch,RageFist,Protect,BulkUp|||F|||50|,,,,,Fire]Sinistcha||RockyHelmet|Hospitality|MatchaGotcha,LifeDew,TrickRoom,RagePowder||||||50|,,,,,Water]Grimmsnarl||LightClay|Prankster|MistyTerrain,Reflect,LightScreen,SpiritBreak|||M|||50|,,,,,Ghost]Pelipper||FocusSash|Drizzle|Protect,WideGuard,WeatherBall,Hurricane|||F|||50|,,,,,Stellar]Archaludon||AssaultVest|Stamina|ElectroShot,FlashCannon,BodyPress,DracoMeteor|||M|||50|,,,,,Grass
|inactive|Battle timer is ON: inactive players will automatically lose when time's up. (requested by archebol)
|
|t:|1757636853
|teamsize|p1|4
|teamsize|p2|4
|start
|switch|p1a: Typhlosion|Typhlosion-Hisui, L50, F|100/100
|switch|p1b: Jumpluff|Jumpluff, L50, F, shiny|100/100
|switch|p2a: Grimmsnarl|Grimmsnarl, L50, M, shiny|100/100
|switch|p2b: Annihilape|Annihilape, L50, F|100/100
|turn|1
|inactive|Imaginary Iris has 30 seconds left.
|
|t:|1757636884
|-terastallize|p1a: Typhlosion|Fire
|-terastallize|p2b: Annihilape|Fire
|move|p2a: Grimmsnarl|Misty Terrain|p2a: Grimmsnarl
|-fieldstart|move: Misty Terrain
|move|p1b: Jumpluff|Tailwind|p1b: Jumpluff
|-sidestart|p1: Imaginary Iris|move: Tailwind
|move|p1a: Typhlosion|Eruption|p2a: Grimmsnarl|[spread] p2a,p2b
|-resisted|p2b: Annihilape
|-damage|p2a: Grimmsnarl|6/100
|-damage|p2b: Annihilape|54/100
|move|p2b: Annihilape|Rage Fist|p1a: Typhlosion
|-damage|p1a: Typhlosion|31/100
|
|-heal|p2b: Annihilape|60/100|[from] item: Leftovers
|upkeep
|turn|2
|inactive|Imaginary Iris has 30 seconds left.
|
|t:|1757636909
|switch|p1a: Kingambit|Kingambit, L50, M, shiny|100/100
|switch|p2a: Pelipper|Pelipper, L50, F|100/100
|-weather|RainDance|[from] ability: Drizzle|[of] p2a: Pelipper
|move|p1b: Jumpluff|Encore|p2b: Annihilape
|-start|p2b: Annihilape|Encore
|move|p2b: Annihilape|Rage Fist|p1a: Kingambit
|-resisted|p1a: Kingambit
|-damage|p1a: Kingambit|83/100
|
|-weather|RainDance|[upkeep]
|-heal|p2b: Annihilape|66/100|[from] item: Leftovers
|upkeep
|turn|3
|inactive|Imaginary Iris has 30 seconds left.
|
|t:|1757636941
|move|p1b: Jumpluff|Leaf Storm|p2a: Pelipper
|-damage|p2a: Pelipper|48/100
|-unboost|p1b: Jumpluff|spa|2
|move|p1a: Kingambit|Kowtow Cleave|p2a: Pelipper
|-damage|p2a: Pelipper|0 fnt
|faint|p2a: Pelipper
|move|p2b: Annihilape|Rage Fist|p1b: Jumpluff
|-damage|p1b: Jumpluff|46/100
|
|-weather|RainDance|[upkeep]
|-heal|p2b: Annihilape|72/100|[from] item: Leftovers
|upkeep
|
|t:|1757636953
|switch|p2a: Grimmsnarl|Grimmsnarl, L50, M, shiny|6/100
|turn|4
|inactive|Imaginary Iris has 30 seconds left.
|
|t:|1757636983
|switch|p1b: Torkoal|Torkoal, L50, F|100/100
|-weather|SunnyDay|[from] ability: Drought|[of] p1b: Torkoal
|move|p2a: Grimmsnarl|Reflect|p2a: Grimmsnarl
|-sidestart|p2: archebol|Reflect
|move|p1a: Kingambit|Kowtow Cleave|p2a: Grimmsnarl
|-resisted|p2a: Grimmsnarl
|-damage|p2a: Grimmsnarl|0 fnt
|faint|p2a: Grimmsnarl
|move|p2b: Annihilape|Rage Fist|p1b: Torkoal
|-damage|p1b: Torkoal|68/100
|
|-weather|SunnyDay|[upkeep]
|-heal|p2b: Annihilape|78/100|[from] item: Leftovers
|-end|p2b: Annihilape|Encore
|-sideend|p1: Imaginary Iris|move: Tailwind
|upkeep
|
|t:|1757636997
|switch|p2a: Archaludon|Archaludon, L50, M|100/100
|turn|5
|inactive|Imaginary Iris has 30 seconds left.
|
|t:|1757637023
|switch|p1a: Jumpluff|Jumpluff, L50, F, shiny|46/100
|move|p2b: Annihilape|Drain Punch|p1a: Jumpluff
|-resisted|p1a: Jumpluff
|-damage|p1a: Jumpluff|26/100
|-heal|p2b: Annihilape|86/100|[from] drain|[of] p1a: Jumpluff
|move|p2a: Archaludon|Draco Meteor|p1b: Torkoal
|-damage|p1b: Torkoal|22/100
|-unboost|p2a: Archaludon|spa|2
|-enditem|p1b: Torkoal|Sitrus Berry|[eat]
|-heal|p1b: Torkoal|47/100|[from] item: Sitrus Berry
|move|p1b: Torkoal|Heat Wave|p2a: Archaludon|[spread] p2a,p2b
|-resisted|p2b: Annihilape
|-damage|p2a: Archaludon|65/100
|-damage|p2b: Annihilape|67/100
|-ability|p2a: Archaludon|Stamina|boost
|-boost|p2a: Archaludon|def|1
|
|-weather|SunnyDay|[upkeep]
|-heal|p2b: Annihilape|73/100|[from] item: Leftovers
|-fieldend|Misty Terrain
|upkeep
|turn|6
|inactive|Imaginary Iris has 30 seconds left.
|inactive|archebol has 30 seconds left.
|inactive|Imaginary Iris has 20 seconds left.
|inactive|Imaginary Iris has 15 seconds left.
|
|t:|1757637064
|move|p1a: Jumpluff|Tailwind|p1a: Jumpluff
|-sidestart|p1: Imaginary Iris|move: Tailwind
|move|p2b: Annihilape|Drain Punch|p1b: Torkoal
|-damage|p1b: Torkoal|21/100
|-heal|p2b: Annihilape|83/100|[from] drain|[of] p1b: Torkoal
|move|p2a: Archaludon|Flash Cannon|p1a: Jumpluff
|-damage|p1a: Jumpluff|8/100
|move|p1b: Torkoal|Heat Wave|p2b: Annihilape|[spread] p2a,p2b
|-resisted|p2b: Annihilape
|-damage|p2a: Archaludon|34/100
|-damage|p2b: Annihilape|65/100
|-ability|p2a: Archaludon|Stamina|boost
|-boost|p2a: Archaludon|def|1
|
|-weather|SunnyDay|[upkeep]
|-heal|p2b: Annihilape|71/100|[from] item: Leftovers
|upkeep
|turn|7
|
|t:|1757637082
|move|p1a: Jumpluff|Sleep Powder|p2a: Archaludon
|-status|p2a: Archaludon|slp|[from] move: Sleep Powder
|move|p2b: Annihilape|Rage Fist|p1b: Torkoal
|-damage|p1b: Torkoal|0 fnt
|faint|p1b: Torkoal
|cant|p2a: Archaludon|slp
|
|-weather|SunnyDay|[upkeep]
|-heal|p2b: Annihilape|77/100|[from] item: Leftovers
|upkeep
|
|t:|1757637092
|switch|p1b: Typhlosion|Typhlosion-Hisui, L50, F, tera:Fire|31/100
|turn|8
|inactive|Imaginary Iris has 30 seconds left.
|
|t:|1757637123
|move|p1a: Jumpluff|Sleep Powder|p2b: Annihilape
|-status|p2b: Annihilape|slp|[from] move: Sleep Powder
|move|p1b: Typhlosion|Overheat|p2a: Archaludon
|-damage|p2a: Archaludon|0 fnt
|-unboost|p1b: Typhlosion|spa|2
|faint|p2a: Archaludon
|cant|p2b: Annihilape|slp
|
|-weather|none
|-heal|p2b: Annihilape|83/100 slp|[from] item: Leftovers
|upkeep
|turn|9
|
|t:|1757637137
|switch|p1b: Kingambit|Kingambit, L50, M, shiny|83/100
|-curestatus|p2b: Annihilape|slp|[msg]
|move|p2b: Annihilape|Protect|p2b: Annihilape
|-singleturn|p2b: Annihilape|Protect
|move|p1a: Jumpluff|Leaf Storm|p2b: Annihilape
|-activate|p2b: Annihilape|move: Protect
|
|-heal|p2b: Annihilape|89/100|[from] item: Leftovers
|-sideend|p1: Imaginary Iris|move: Tailwind
|upkeep
|turn|10
|
|t:|1757637144
|move|p1a: Jumpluff|Encore|p2b: Annihilape
|-start|p2b: Annihilape|Encore
|move|p2b: Annihilape|Protect||[still]
|-fail|p2b: Annihilape
|move|p1b: Kingambit|Swords Dance|p1b: Kingambit
|-boost|p1b: Kingambit|atk|2
|
|-heal|p2b: Annihilape|95/100|[from] item: Leftovers
|upkeep
|turn|11
|
|t:|1757637149
|move|p2b: Annihilape|Protect|p2b: Annihilape
|-singleturn|p2b: Annihilape|Protect
|move|p1a: Jumpluff|Sleep Powder|p2b: Annihilape
|-activate|p2b: Annihilape|move: Protect
|move|p1b: Kingambit|Swords Dance|p1b: Kingambit
|-boost|p1b: Kingambit|atk|2
|
|-heal|p2b: Annihilape|100/100|[from] item: Leftovers
|-sideend|p2: archebol|Reflect
|upkeep
|turn|12
|
|t:|1757637158
|move|p2b: Annihilape|Protect|p2b: Annihilape
|-singleturn|p2b: Annihilape|Protect
|move|p1a: Jumpluff|Leaf Storm|p2b: Annihilape
|-activate|p2b: Annihilape|move: Protect
|move|p1b: Kingambit|Kowtow Cleave|p2b: Annihilape
|-activate|p2b: Annihilape|move: Protect
|
|-end|p2b: Annihilape|Encore
|upkeep
|turn|13
|
|t:|1757637168
|move|p1a: Jumpluff|Encore|p2b: Annihilape
|-start|p2b: Annihilape|Encore
|move|p2b: Annihilape|Protect||[still]
|-fail|p2b: Annihilape
|move|p1b: Kingambit|Kowtow Cleave|p2b: Annihilape
|-damage|p2b: Annihilape|0 fnt
|faint|p2b: Annihilape
|
|win|Imaginary Iris
