|j|☆MetaknightXIII
|j|☆sadnessvgc
|html|MetaknightXIIIsadnessvgc    
|uhtml|bestof|Game 2 of a best-of-3
|t:|1785644178
|gametype|doubles
|player|p1|MetaknightXIII|veteran|1324
|player|p2|sadnessvgc|chase|1251
|gen|9
|tier|[Gen 9 Champions] VGC 2026 Reg M-B (Bo3)
|rated|
|rule|Species Clause: Limit one of each Pokémon
|rule|Item Clause: Limit 1 of each item
|clearpoke
|poke|p1|Staraptor, L50, M|
|poke|p1|Delphox, L50, F, shiny|
|poke|p1|Glimmora, L50, F|
|poke|p1|Mamoswine, L50, F|
|poke|p1|Kingambit, L50, F|
|poke|p1|Whimsicott, L50, M|
|poke|p2|Floette-Eternal, L50, F|
|poke|p2|Whimsicott, L50, M, shiny|
|poke|p2|Garchomp, L50, M, shiny|
|poke|p2|Kingambit, L50, F, shiny|
|poke|p2|Basculegion, L50, M, shiny|
|poke|p2|Charizard, L50, M, shiny|
|teampreview|4
|showteam|p1|Staraptor||Staraptite|Intimidate|CloseCombat,DualWingbeat,Roost,Protect|Jolly||M|||50|]Delphox||Delphoxite|Blaze|HeatWave,Psychic,Encore,Protect|Modest||F|||50|]Glimmora||FocusSash|ToxicDebris|PowerGem,SludgeBomb,EarthPower,SpikyShield|Timid||F|||50|]Mamoswine||LifeOrb|Oblivious|IceShard,HighHorsepower,Earthquake,Protect|Jolly||F|||50|]Kingambit||ChopleBerry|Defiant|KowtowCleave,SuckerPunch,IronHead,LowKick|Adamant||F|||50|]Whimsicott||OccaBerry|Prankster|Moonblast,Tailwind,Charm,LightScreen|Timid||M|||50|
|showteam|p2|Floette-Eternal||Floettite|FlowerVeil|DazzlingGleam,Moonblast,Protect,LightofRuin|Timid||F|||50|]Whimsicott||FocusSash|Prankster|Moonblast,Protect,Encore,Tailwind|Timid||M|||50|]Garchomp||RoseliBerry|RoughSkin|Earthquake,DragonClaw,PoisonJab,RockSlide|Jolly||M|||50|]Kingambit||ChopleBerry|Defiant|KowtowCleave,LowKick,SuckerPunch,IronHead|Adamant||F|||50|]Basculegion||LifeOrb|Adaptability|LastRespects,WaveCrash,AquaJet,Protect|Adamant||M|||50|]Charizard||CharizarditeY|Blaze|HeatWave,WeatherBall,SolarBeam,Protect|Modest||M|||50|
|inactive|Battle timer is ON: inactive players will automatically lose when time's up. (requested by sadnessvgc)
|
|t:|1785644214
|teamsize|p1|4
|teamsize|p2|4
|start
|switch|p1a: Whimsicott|Whimsicott, L50, M|100/100
|switch|p1b: Staraptor|Staraptor, L50, M|100/100
|switch|p2a: Whimsicott|Whimsicott, L50, M, shiny|100/100
|switch|p2b: Floette|Floette-Eternal, L50, F|100/100
|-ability|p1b: Staraptor|Intimidate|boost
|-block|p2a: Whimsicott|ability: Flower Veil|[of] p2b: Floette
|-unboost|p2b: Floette|atk|1
|turn|1
|
|t:|1785644229
|detailschange|p1b: Staraptor|Staraptor-Mega, L50, M
|-mega|p1b: Staraptor|Staraptor|Staraptite
|detailschange|p2b: Floette|Floette-Mega, L50, F
|-mega|p2b: Floette|Floette|Floettite
|-ability|p2b: Floette|Fairy Aura
|move|p2a: Whimsicott|Tailwind|p2a: Whimsicott
|-sidestart|p2: sadnessvgc|move: Tailwind
|move|p1a: Whimsicott|Light Screen|p1a: Whimsicott
|-sidestart|p1: MetaknightXIII|move: Light Screen
|move|p2b: Floette|Light of Ruin|p1b: Staraptor
|-supereffective|p1b: Staraptor|1
|-damage|p1b: Staraptor|0 fnt
|faint|p1b: Staraptor
|-damage|p2b: Floette|39/100|[from] Recoil
|
|upkeep
|
|t:|1785644247
|switch|p1b: Glimmora|Glimmora, L50, F|100/100
|turn|2
|
|t:|1785644257
|move|p2a: Whimsicott|Encore|p1a: Whimsicott
|-start|p1a: Whimsicott|Encore
|move|p1a: Whimsicott|Light Screen||[still]
|-fail|p1a: Whimsicott
|move|p2b: Floette|Dazzling Gleam|p1b: Glimmora|[spread] p1a,p1b
|-resisted|p1b: Glimmora|1
|-damage|p1a: Whimsicott|58/100
|-damage|p1b: Glimmora|78/100
|move|p1b: Glimmora|Sludge Bomb|p2a: Whimsicott
|-supereffective|p2a: Whimsicott|2
|-enditem|p2a: Whimsicott|Focus Sash
|-damage|p2a: Whimsicott|1/100
|-status|p2a: Whimsicott|psn
|
|-damage|p2a: Whimsicott|0 fnt|[from] psn
|faint|p2a: Whimsicott
|upkeep
|
|t:|1785644271
|switch|p2a: Basculegion|Basculegion, L50, M, shiny|100/100
|turn|3
|
|t:|1785644284
|switch|p1a: Mamoswine|Mamoswine, L50, F|100/100
|move|p1b: Glimmora|Spiky Shield|p1b: Glimmora
|-singleturn|p1b: Glimmora|move: Protect
|move|p2b: Floette|Dazzling Gleam|p1a: Mamoswine|[spread] p1a
|-activate|p1b: Glimmora|move: Protect
|-damage|p1a: Mamoswine|56/100
|move|p2a: Basculegion|Wave Crash|p1a: Mamoswine
|-supereffective|p1a: Mamoswine|1
|-damage|p1a: Mamoswine|0 fnt
|faint|p1a: Mamoswine
|-damage|p2a: Basculegion|82/100|[from] Recoil
|-damage|p2a: Basculegion|72/100|[from] item: Life Orb
|
|upkeep
|
|t:|1785644291
|switch|p1a: Whimsicott|Whimsicott, L50, M|58/100
|turn|4
|
|t:|1785644301
|move|p1a: Whimsicott|Tailwind|p1a: Whimsicott
|-sidestart|p1: MetaknightXIII|move: Tailwind
|move|p2b: Floette|Dazzling Gleam|p1a: Whimsicott|[spread] p1a,p1b
|-resisted|p1b: Glimmora|1
|-damage|p1a: Whimsicott|20/100r
|-damage|p1b: Glimmora|56/100
|move|p1b: Glimmora|Power Gem|p2a: Basculegion
|-damage|p2a: Basculegion|22/100
|move|p2a: Basculegion|Wave Crash|p1b: Glimmora
|-supereffective|p1b: Glimmora|1
|-damage|p1b: Glimmora|0 fnt
|-activate|p1b: Glimmora|ability: Toxic Debris
|-sidestart|p2: sadnessvgc|move: Toxic Spikes
|faint|p1b: Glimmora
|-damage|p2a: Basculegion|7/100|[from] Recoil
|-damage|p2a: Basculegion|0 fnt|[from] item: Life Orb
|faint|p2a: Basculegion
|
|-sideend|p2: sadnessvgc|move: Tailwind
|upkeep
|
|t:|1785644308
|switch|p2a: Kingambit|Kingambit, L50, F, shiny|100/100
|turn|5
|-message|MetaknightXIII forfeited.
|
|win|sadnessvgc
|l|☆MetaknightXIII
|player|p1|
||MetaknightXIII is ready for game 3.
||sadnessvgc is ready for game 3.
|uhtml|next|Next: Game 3 of 3
