|j|☆TPShame
|j|☆gianlucone
|html|TPShamegianlucone    
|uhtml|bestof|Game 1 of a best-of-3
|t:|1785955312
|gametype|doubles
|player|p1|TPShame|giovanni|1112
|player|p2|gianlucone|169|1223
|gen|9
|tier|[Gen 9 Champions] VGC 2026 Reg M-B (Bo3)
|rated|
|rule|Species Clause: Limit one of each Pokémon
|rule|Item Clause: Limit 1 of each item
|clearpoke
|poke|p1|Staraptor, L50, M|
|poke|p1|Milotic, L50, F|
|poke|p1|Tyranitar, L50, M|
|poke|p1|Gholdengo, L50|
|poke|p1|Excadrill, L50, M|
|poke|p1|Sinistcha, L50|
|poke|p2|Staraptor, L50, M|
|poke|p2|Garchomp, L50, M|
|poke|p2|Whimsicott, L50, M|
|poke|p2|Delphox, L50, M|
|poke|p2|Glimmora, L50, M|
|poke|p2|Kingambit, L50, M|
|teampreview|4
|showteam|p1|Staraptor||Staraptite|Intimidate|BraveBird,CloseCombat,Tailwind,Protect|Jolly||M|||50|]Milotic||SitrusBerry|Competitive|Scald,IceBeam,IcyWind,Recover|Modest||F|||50|]Tyranitar||Tyranitarite|SandStream|RockSlide,KnockOff,LowKick,Protect|Adamant||M|||50|]Gholdengo||LifeOrb|GoodasGold|ShadowBall,MakeItRain,NastyPlot,Protect|Modest|||||50|]Excadrill||FocusSash|SandRush|HighHorsepower,IronHead,RockSlide,Protect|Adamant||M|||50|]Sinistcha||ColburBerry|Hospitality|MatchaGotcha,RagePowder,TrickRoom,Protect|Bold|||||50|
|showteam|p2|Staraptor||Staraptite|Intimidate|Protect,Roost,CloseCombat,BraveBird|Jolly||M|||50|]Garchomp||LifeOrb|RoughSkin|Protect,RockSlide,Earthquake,DragonClaw|Jolly||M|||50|]Whimsicott||OccaBerry|Prankster|Moonblast,Tailwind,Charm,LightScreen|Timid||M|||50|]Delphox||Delphoxite|Magician|Protect,Psychic,HeatWave,Substitute|Timid||M|||50|]Glimmora||FocusSash|ToxicDebris|SpikyShield,SludgeBomb,EarthPower,PowerGem|Timid||M|||50|]Kingambit||ChopleBerry|Defiant|SuckerPunch,LowKick,IronHead,KowtowCleave|Adamant||M|||50|
|inactive|Battle timer is ON: inactive players will automatically lose when time's up. (requested by gianlucone)
|
|t:|1785955335
|teamsize|p1|4
|teamsize|p2|4
|start
|switch|p1a: Gholdengo|Gholdengo, L50|100/100
|switch|p1b: Tyranitar|Tyranitar, L50, M|100/100
|switch|p2a: Staraptor|Staraptor, L50, M|100/100
|switch|p2b: Whimsicott|Whimsicott, L50, M|100/100
|-ability|p2a: Staraptor|Intimidate|boost
|-unboost|p1a: Gholdengo|atk|1
|-unboost|p1b: Tyranitar|atk|1
|-weather|Sandstorm|[from] ability: Sand Stream|[of] p1b: Tyranitar
|turn|1
|
|t:|1785955358
|switch|p1b: Staraptor|Staraptor, L50, M|100/100
|-ability|p1b: Staraptor|Intimidate|boost
|-unboost|p2a: Staraptor|atk|1
|-unboost|p2b: Whimsicott|atk|1
|detailschange|p2a: Staraptor|Staraptor-Mega, L50, M
|-mega|p2a: Staraptor|Staraptor|Staraptite
|move|p2b: Whimsicott|Charm|p2a: Staraptor
|-boost|p2a: Staraptor|atk|2
|move|p2a: Staraptor|Brave Bird|p1a: Gholdengo
|-resisted|p1a: Gholdengo|1
|-damage|p1a: Gholdengo|56/100
|-damage|p2a: Staraptor|86/100|[from] Recoil
|move|p1a: Gholdengo|Nasty Plot|p1a: Gholdengo
|-boost|p1a: Gholdengo|spa|2
|
|-weather|Sandstorm|[upkeep]
|-damage|p2b: Whimsicott|94/100|[from] Sandstorm
|-damage|p2a: Staraptor|80/100|[from] Sandstorm
|-damage|p1b: Staraptor|93/100|[from] Sandstorm
|upkeep
|turn|2
|
|t:|1785955377
|move|p2b: Whimsicott|Light Screen|p2b: Whimsicott
|-sidestart|p2: gianlucone|move: Light Screen
|move|p2a: Staraptor|Close Combat|p1b: Staraptor
|-damage|p1b: Staraptor|0 fnt
|-boost|p2a: Staraptor|def|1
|-boost|p2a: Staraptor|spd|1
|faint|p1b: Staraptor
|move|p1a: Gholdengo|Make It Rain|p2b: Whimsicott|[spread] p2a,p2b
|-supereffective|p2b: Whimsicott|1
|-damage|p2a: Staraptor|25/100
|-damage|p2b: Whimsicott|0 fnt
|-unboost|p1a: Gholdengo|spa|2
|faint|p2b: Whimsicott
|-damage|p1a: Gholdengo|46/100|[from] item: Life Orb
|
|-weather|Sandstorm|[upkeep]
|-damage|p2a: Staraptor|19/100|[from] Sandstorm
|upkeep
|
|t:|1785955389
|switch|p2b: Garchomp|Garchomp, L50, M|100/100
|switch|p1b: Excadrill|Excadrill, L50, M|100/100
|turn|3
|
|t:|1785955408
|move|p1a: Gholdengo|Protect|p1a: Gholdengo
|-singleturn|p1a: Gholdengo|Protect
|move|p1b: Excadrill|Rock Slide|p2a: Staraptor|[spread] p2a,p2b
|-resisted|p2b: Garchomp|1
|-damage|p2a: Staraptor|5/100
|-damage|p2b: Garchomp|88/100
|move|p2a: Staraptor|Roost|p2a: Staraptor
|-heal|p2a: Staraptor|56/100
|-singleturn|p2a: Staraptor|move: Roost
|cant|p2b: Garchomp|flinch
|
|-weather|Sandstorm|[upkeep]
|-damage|p2a: Staraptor|50/100g|[from] Sandstorm
|upkeep
|turn|4
|
|t:|1785955425
|move|p1b: Excadrill|Rock Slide|p2a: Staraptor|[spread] p2a,p2b
|-resisted|p2b: Garchomp|1
|-damage|p2a: Staraptor|35/100
|-damage|p2b: Garchomp|77/100
|move|p2a: Staraptor|Roost|p2a: Staraptor
|-heal|p2a: Staraptor|86/100
|-singleturn|p2a: Staraptor|move: Roost
|move|p2b: Garchomp|Earthquake|p1b: Excadrill|[spread] p2a,p1a,p1b
|-supereffective|p1a: Gholdengo|1
|-supereffective|p1b: Excadrill|1
|-damage|p2a: Staraptor|54/100
|-damage|p1a: Gholdengo|0 fnt
|-enditem|p1b: Excadrill|Focus Sash
|-damage|p1b: Excadrill|1/100
|faint|p1a: Gholdengo
|-damage|p2b: Garchomp|67/100|[from] item: Life Orb
|
|-weather|Sandstorm|[upkeep]
|-damage|p2a: Staraptor|48/100|[from] Sandstorm
|upkeep
|
|t:|1785955428
|switch|p1a: Tyranitar|Tyranitar, L50, M|100/100
|turn|5
|
|t:|1785955442
|move|p1b: Excadrill|Protect|p1b: Excadrill
|-singleturn|p1b: Excadrill|Protect
|move|p2a: Staraptor|Protect|p2a: Staraptor
|-singleturn|p2a: Staraptor|Protect
|move|p1a: Tyranitar|Protect|p1a: Tyranitar
|-singleturn|p1a: Tyranitar|Protect
|move|p2b: Garchomp|Earthquake|p1a: Tyranitar|[spread] 
|-activate|p2a: Staraptor|move: Protect
|-activate|p1a: Tyranitar|move: Protect
|-activate|p1b: Excadrill|move: Protect
|
|-weather|none
|upkeep
|turn|6
|
|t:|1785955458
|detailschange|p1a: Tyranitar|Tyranitar-Mega, L50, M
|-mega|p1a: Tyranitar|Tyranitar|Tyranitarite
|-weather|Sandstorm|[from] ability: Sand Stream|[of] p1a: Tyranitar
|move|p1b: Excadrill|Rock Slide|p2a: Staraptor|[spread] p2a,p2b
|-resisted|p2b: Garchomp|1
|-damage|p2a: Staraptor|34/100
|-damage|p2b: Garchomp|57/100
|move|p2a: Staraptor|Close Combat|p1a: Tyranitar
|-supereffective|p1a: Tyranitar|2
|-damage|p1a: Tyranitar|0 fnt
|-boost|p2a: Staraptor|def|1
|-boost|p2a: Staraptor|spd|1
|faint|p1a: Tyranitar
|move|p2b: Garchomp|Dragon Claw|p1b: Excadrill
|-resisted|p1b: Excadrill|1
|-damage|p1b: Excadrill|0 fnt
|faint|p1b: Excadrill
|-damage|p2b: Garchomp|47/100|[from] item: Life Orb
|
|win|gianlucone
