|j|☆jgm1234
|j|☆Staryu14
|html|jgm1234Staryu14    
|uhtml|bestof|Game 3 of a best-of-3
|t:|1755971759
|gametype|doubles
|player|p1|jgm1234|elesa|1203
|player|p2|Staryu14|matt|1127
|gen|9
|tier|[Gen 9] VGC 2025 Reg H (Bo3)
|rated|
|rule|Species Clause: Limit one of each Pokémon
|rule|Item Clause: Limit 1 of each item
|clearpoke
|poke|p1|Ursaluna, L50, F|
|poke|p1|Jumpluff, L50, F|
|poke|p1|Charizard, L50, F|
|poke|p1|Torkoal, L50, F|
|poke|p1|Incineroar, L50, M|
|poke|p1|Porygon2, L50|
|poke|p2|Archaludon, L50, F|
|poke|p2|Pelipper, L50, M|
|poke|p2|Basculegion, L50, M|
|poke|p2|Incineroar, L50, M|
|poke|p2|Toxicroak, L50, M|
|poke|p2|Volcarona, L50, M|
|teampreview|4
|showteam|p1|Ursaluna||FlameOrb|Guts|HeadlongRush,Facade,Earthquake,Protect|||F|||50|,,,,,Ghost]Jumpluff||CovertCloak|Chlorophyll|SleepPowder,SunnyDay,Tailwind,RagePowder|||F|||50|,,,,,Fire]Charizard||ChoiceSpecs|SolarPower|AirSlash,HeatWave,Overheat,WeatherBall|||F|||50|,,,,,Ghost]Torkoal||EjectPack|Drought|ClearSmog,Eruption,Overheat,Protect|||F|||50|,,,,,Fire]Incineroar||SitrusBerry|Intimidate|FakeOut,FlareBlitz,KnockOff,PartingShot|||M|||50|,,,,,Ghost]Porygon2||Eviolite|Download|TeraBlast,IceBeam,Recover,TrickRoom||||||50|,,,,,Fighting
|showteam|p2|Archaludon||AssaultVest|Stamina|ElectroShot,Snarl,DragonPulse,BodyPress|||F|||50|,,,,,Grass]Pelipper||FocusSash|Drizzle|WeatherBall,Hurricane,Protect,Tailwind|||M|||50|,,,,,Stellar]Basculegion||MysticWater|SwiftSwim|FlipTurn,WaveCrash,Protect,LastRespects|||M|||50|,,,,,Water]Incineroar||SafetyGoggles|Intimidate|FakeOut,Taunt,KnockOff,PartingShot|||M|||50|,,,,,Ghost]Toxicroak||LifeOrb|DrySkin|FakeOut,CloseCombat,PoisonJab,SuckerPunch|||M|||50|,,,,,Dark]Volcarona||CovertCloak|FlameBody|GigaDrain,RagePowder,WillOWisp,Overheat|||M|||50|,,,,,Fairy
|inactive|Battle timer is ON: inactive players will automatically lose when time's up. (requested by jgm1234)
|inactive|jgm1234 has 60 seconds left.
|
|t:|1755971804
|teamsize|p1|4
|teamsize|p2|4
|start
|switch|p1a: Incineroar|Incineroar, L50, M|100/100
|switch|p1b: Porygon2|Porygon2, L50|100/100
|switch|p2a: Volcarona|Volcarona, L50, M|100/100
|switch|p2b: Incineroar|Incineroar, L50, M|100/100
|-ability|p2b: Incineroar|Intimidate|boost
|-unboost|p1a: Incineroar|atk|1
|-unboost|p1b: Porygon2|atk|1
|-ability|p1a: Incineroar|Intimidate|boost
|-unboost|p2a: Volcarona|atk|1
|-unboost|p2b: Incineroar|atk|1
|-ability|p1b: Porygon2|Download|boost
|-boost|p1b: Porygon2|spa|1
|turn|1
|inactive|jgm1234 has 30 seconds left.
|inactive|Staryu14 has 30 seconds left.
|inactive|jgm1234 has 20 seconds left.
|
|t:|1755971841
|move|p2a: Volcarona|Will-O-Wisp|p1b: Porygon2
|-status|p1b: Porygon2|brn
|move|p2b: Incineroar|Knock Off|p1a: Incineroar
|-resisted|p1a: Incineroar
|-damage|p1a: Incineroar|89/100
|-enditem|p1a: Incineroar|Sitrus Berry|[from] move: Knock Off|[of] p2b: Incineroar
|move|p1a: Incineroar|Parting Shot|p2a: Volcarona
|-unboost|p2a: Volcarona|atk|1
|-unboost|p2a: Volcarona|spa|1
|
|t:|1755971849
|switch|p1a: Ursaluna|Ursaluna, L50, F|100/100|[from] Parting Shot
|move|p1b: Porygon2|Tera Blast|p2a: Volcarona
|-damage|p2a: Volcarona|55/100
|
|-damage|p1b: Porygon2|94/100 brn|[from] brn
|-status|p1a: Ursaluna|brn|[from] item: Flame Orb
|upkeep
|turn|2
|
|t:|1755971872
|switch|p2a: Pelipper|Pelipper, L50, M|100/100
|-weather|RainDance|[from] ability: Drizzle|[of] p2a: Pelipper
|-terastallize|p1a: Ursaluna|Ghost
|-terastallize|p2b: Incineroar|Ghost
|move|p1a: Ursaluna|Earthquake|p2a: Pelipper|[spread] p1b,p2b
|-immune|p2a: Pelipper
|-damage|p1b: Porygon2|54/100 brn
|-damage|p2b: Incineroar|51/100
|move|p2b: Incineroar|Taunt|p1b: Porygon2
|-start|p1b: Porygon2|move: Taunt
|cant|p1b: Porygon2|move: Taunt|Trick Room
|
|-weather|RainDance|[upkeep]
|-damage|p1a: Ursaluna|95/100 brn|[from] brn
|-damage|p1b: Porygon2|47/100 brn|[from] brn
|upkeep
|turn|3
|inactive|Staryu14 has 30 seconds left.
|
|t:|1755971897
|switch|p2a: Volcarona|Volcarona, L50, M|55/100
|move|p1a: Ursaluna|Headlong Rush|p2b: Incineroar
|-damage|p2b: Incineroar|0 fnt
|-unboost|p1a: Ursaluna|def|1
|-unboost|p1a: Ursaluna|spd|1
|faint|p2b: Incineroar
|move|p1b: Porygon2|Tera Blast|p2a: Volcarona
|-damage|p2a: Volcarona|11/100
|
|-weather|RainDance|[upkeep]
|-damage|p1a: Ursaluna|89/100 brn|[from] brn
|-damage|p1b: Porygon2|41/100 brn|[from] brn
|upkeep
|
|t:|1755971917
|switch|p2b: Basculegion|Basculegion, L50, M|100/100
|turn|4
|
|t:|1755971932
|switch|p1a: Torkoal|Torkoal, L50, F|100/100
|-weather|SunnyDay|[from] ability: Drought|[of] p1a: Torkoal
|move|p2b: Basculegion|Last Respects|p1a: Torkoal
|-damage|p1a: Torkoal|63/100
|move|p2a: Volcarona|Overheat|p1b: Porygon2
|-damage|p1b: Porygon2|0 fnt
|-unboost|p2a: Volcarona|spa|2
|faint|p1b: Porygon2
|
|-weather|SunnyDay|[upkeep]
|upkeep
|inactive|jgm1234 has 30 seconds left.
|
|t:|1755971960
|switch|p1b: Ursaluna|Ursaluna, L50, F, tera:Ghost|89/100 brn
|turn|5
|
|t:|1755971985
|switch|p2a: Pelipper|Pelipper, L50, M|100/100
|-weather|RainDance|[from] ability: Drizzle|[of] p2a: Pelipper
|move|p1b: Ursaluna|Protect|p1b: Ursaluna
|-singleturn|p1b: Ursaluna|Protect
|move|p2b: Basculegion|Flip Turn|p1a: Torkoal
|-supereffective|p1a: Torkoal
|-damage|p1a: Torkoal|0 fnt
|faint|p1a: Torkoal
|
|t:|1755971990
|switch|p2b: Volcarona|Volcarona, L50, M|11/100|[from] Flip Turn
|
|-weather|RainDance|[upkeep]
|-damage|p1b: Ursaluna|83/100 brn|[from] brn
|upkeep
|
|t:|1755971993
|switch|p1a: Incineroar|Incineroar, L50, M|89/100
|-ability|p1a: Incineroar|Intimidate|boost
|-unboost|p2a: Pelipper|atk|1
|-unboost|p2b: Volcarona|atk|1
|turn|6
|
|t:|1755972015
|move|p2a: Pelipper|Protect|p2a: Pelipper
|-singleturn|p2a: Pelipper|Protect
|move|p1a: Incineroar|Fake Out|p2a: Pelipper
|-activate|p2a: Pelipper|move: Protect
|move|p2b: Volcarona|Giga Drain|p1b: Ursaluna
|-damage|p1b: Ursaluna|63/100 brn
|-heal|p2b: Volcarona|23/100|[from] drain|[of] p1b: Ursaluna
|move|p1b: Ursaluna|Facade|p2a: Pelipper
|-activate|p2a: Pelipper|move: Protect
|
|-weather|RainDance|[upkeep]
|-damage|p1b: Ursaluna|57/100 brn|[from] brn
|upkeep
|turn|7
|
|t:|1755972036
|move|p1b: Ursaluna|Protect|p1b: Ursaluna
|-singleturn|p1b: Ursaluna|Protect
|move|p2b: Volcarona|Rage Powder|p2b: Volcarona
|-singleturn|p2b: Volcarona|move: Rage Powder
|move|p2a: Pelipper|Weather Ball|p1a: Incineroar
|-supereffective|p1a: Incineroar
|-damage|p1a: Incineroar|4/100
|move|p1a: Incineroar|Knock Off|p2b: Volcarona
|-damage|p2b: Volcarona|0 fnt
|-enditem|p2b: Volcarona|Covert Cloak|[from] move: Knock Off|[of] p1a: Incineroar
|faint|p2b: Volcarona
|
|-weather|RainDance|[upkeep]
|-damage|p1b: Ursaluna|52/100 brn|[from] brn
|upkeep
|
|t:|1755972039
|switch|p2b: Basculegion|Basculegion, L50, M|100/100
|turn|8
|
|t:|1755972052
|move|p2b: Basculegion|Last Respects|p1b: Ursaluna
|-supereffective|p1b: Ursaluna
|-damage|p1b: Ursaluna|0 fnt
|faint|p1b: Ursaluna
|move|p2a: Pelipper|Weather Ball|p1a: Incineroar
|-supereffective|p1a: Incineroar
|-damage|p1a: Incineroar|0 fnt
|faint|p1a: Incineroar
|
|win|Staryu14
|raw|jgm1234's rating: 1203 → 1173(-30 for losing)
|raw|Staryu14's rating: 1127 → 1157(+30 for winning)
|c|☆jgm1234|wp
|c|☆jgm1234|gg
|c|☆Staryu14|ggwp
|l|☆jgm1234
|player|p1|
