|j|☆ZyresVGC
|j|☆ttten_0
|html|ZyresVGCttten_0    
|uhtml|bestof|Game 2 of a best-of-3
|t:|1785423299
|gametype|doubles
|player|p1|ZyresVGC|2|1000
|player|p2|ttten_0|170|1043
|gen|9
|tier|[Gen 9 Champions] VGC 2026 Reg M-B (Bo3)
|rated|
|rule|Species Clause: Limit one of each Pokémon
|rule|Item Clause: Limit 1 of each item
|clearpoke
|poke|p1|Malamar, L50, M|
|poke|p1|Maushold, L50|
|poke|p1|Mawile, L50, F|
|poke|p1|Sinistcha, L50|
|poke|p1|Whimsicott, L50, M|
|poke|p1|Incineroar, L50, M|
|poke|p2|Meganium, L50, M|
|poke|p2|Pelipper, L50, F|
|poke|p2|Swampert, L50, F|
|poke|p2|Archaludon, L50, M|
|poke|p2|Basculegion, L50, M|
|poke|p2|Dragonite, L50, M|
|teampreview|4
|showteam|p1|Malamar||Malamarite|Contrary|Superpower,KnockOff,TrickRoom,Protect|Adamant||M|||50|]Maushold||WideLens|Technician|PopulationBomb,FollowMe,Feint,Protect|Jolly|||||50|]Mawile||Mawilite|HyperCutter|PlayRough,RockSlide,SuckerPunch,Protect|Brave||F|||50|]Sinistcha||ColburBerry|Hospitality|MatchaGotcha,LifeDew,RagePowder,Protect|Calm|||||50|]Whimsicott||FocusSash|Prankster|Moonblast,Tailwind,Charm,FakeTears|Modest||M|||50|]Incineroar||LifeOrb|Intimidate|FlareBlitz,DarkestLariat,PartingShot,FakeOut|Brave||M|||50|
|showteam|p2|Meganium||Meganiumite|Overgrow|WeatherBall,SolarBeam,DazzlingGleam,Protect|Modest||M|||50|]Pelipper||DampRock|Drizzle|Hurricane,WideGuard,WeatherBall,Tailwind|Modest||F|||50|]Swampert||Swampertite|Torrent|Protect,Earthquake,WaveCrash,IcePunch|Adamant||F|||50|]Archaludon||Leftovers|Stamina|ElectroShot,DragonPulse,FlashCannon,Protect|Modest||M|||50|]Basculegion||ChoiceScarf|Adaptability|LastRespects,WaveCrash,AquaJet,FlipTurn|Adamant||M|||50|]Dragonite||DragonFang|InnerFocus|DragonClaw,LowKick,ExtremeSpeed,Protect|Adamant||M|||50|
|
|t:|1785423361
|teamsize|p1|4
|teamsize|p2|4
|start
|switch|p1a: Malamar|Malamar, L50, M|100/100
|switch|p1b: Maushold|Maushold, L50|100/100
|switch|p2a: Pelipper|Pelipper, L50, F|100/100
|switch|p2b: Basculegion|Basculegion, L50, M|100/100
|-weather|RainDance|[from] ability: Drizzle|[of] p2a: Pelipper
|turn|1
|
|t:|1785423399
|move|p1b: Maushold|Follow Me|p1b: Maushold
|-singleturn|p1b: Maushold|move: Follow Me
|move|p2b: Basculegion|Flip Turn|p1b: Maushold
|-damage|p1b: Maushold|3/100
|
|t:|1785423411
|switch|p2b: Meganium|Meganium, L50, M|100/100|[from] Flip Turn
|move|p2a: Pelipper|Weather Ball|p1b: Maushold
|-crit|p1b: Maushold
|-damage|p1b: Maushold|0 fnt
|faint|p1b: Maushold
|move|p1a: Malamar|Trick Room|p1a: Malamar
|-fieldstart|move: Trick Room|[of] p1a: Malamar
|
|-weather|RainDance|[upkeep]
|upkeep
|
|t:|1785423420
|switch|p1b: Mawile|Mawile, L50, F|100/100
|turn|2
|
|t:|1785423465
|detailschange|p1b: Mawile|Mawile-Mega, L50, F
|-mega|p1b: Mawile|Mawile|Mawilite
|detailschange|p2b: Meganium|Meganium-Mega, L50, M
|-mega|p2b: Meganium|Meganium|Meganiumite
|move|p1b: Mawile|Rock Slide|p2b: Meganium|[spread] p2a,p2b
|-supereffective|p2a: Pelipper|1
|-damage|p2a: Pelipper|25/100
|-damage|p2b: Meganium|64/100
|move|p1a: Malamar|Knock Off|p2a: Pelipper
|-damage|p2a: Pelipper|0 fnt
|-enditem|p2a: Pelipper|Damp Rock|[from] move: Knock Off|[of] p1a: Malamar
|faint|p2a: Pelipper
|cant|p2b: Meganium|flinch
|
|-weather|RainDance|[upkeep]
|upkeep
|
|t:|1785423476
|switch|p2a: Archaludon|Archaludon, L50, M|100/100
|turn|3
|
|t:|1785423518
|switch|p1a: Sinistcha|Sinistcha, L50|100/100
|move|p1b: Mawile|Protect|p1b: Mawile
|-singleturn|p1b: Mawile|Protect
|move|p2a: Archaludon|Protect|p2a: Archaludon
|-singleturn|p2a: Archaludon|Protect
|move|p2b: Meganium|Weather Ball|p1b: Mawile
|-activate|p1b: Mawile|move: Protect
|
|-weather|RainDance|[upkeep]
|upkeep
|turn|4
|
|t:|1785423556
|move|p2b: Meganium|Protect|p2b: Meganium
|-singleturn|p2b: Meganium|Protect
|move|p1a: Sinistcha|Rage Powder|p1a: Sinistcha
|-singleturn|p1a: Sinistcha|move: Rage Powder
|move|p1b: Mawile|Play Rough|p2b: Meganium
|-activate|p2b: Meganium|move: Protect
|move|p2a: Archaludon|Dragon Pulse|p1a: Sinistcha
|-damage|p1a: Sinistcha|59/100
|
|-weather|RainDance|[upkeep]
|upkeep
|turn|5
|
|t:|1785423593
|move|p2a: Archaludon|Protect|p2a: Archaludon
|-singleturn|p2a: Archaludon|Protect
|move|p1a: Sinistcha|Rage Powder|p1a: Sinistcha
|-singleturn|p1a: Sinistcha|move: Rage Powder
|move|p1b: Mawile|Play Rough|p2b: Meganium
|-damage|p2b: Meganium|0 fnt
|faint|p2b: Meganium
|
|-weather|RainDance|[upkeep]
|-fieldend|move: Trick Room
|upkeep
|
|t:|1785423603
|switch|p2b: Basculegion|Basculegion, L50, M|100/100
|turn|6
|
|t:|1785423637
|switch|p1b: Malamar|Malamar, L50, M|100/100
|move|p2b: Basculegion|Last Respects|p1a: Sinistcha
|-supereffective|p1a: Sinistcha|1
|-damage|p1a: Sinistcha|0 fnt
|faint|p1a: Sinistcha
|move|p2a: Archaludon|Dragon Pulse|p1b: Malamar
|-damage|p1b: Malamar|41/100
|
|-weather|RainDance|[upkeep]
|upkeep
|
|t:|1785423647
|switch|p1a: Mawile|Mawile-Mega, L50, F|100/100
|turn|7
|
|t:|1785423660
|move|p1a: Mawile|Sucker Punch|p2b: Basculegion
|-supereffective|p2b: Basculegion|1
|-damage|p2b: Basculegion|0 fnt
|faint|p2b: Basculegion
|move|p2a: Archaludon|Electro Shot||[still]
|-prepare|p2a: Archaludon|Electro Shot
|-boost|p2a: Archaludon|spa|1
|-anim|p2a: Archaludon|Electro Shot|p1a: Mawile
|-damage|p1a: Mawile|9/100
|move|p1b: Malamar|Trick Room|p1b: Malamar
|-fieldstart|move: Trick Room|[of] p1b: Malamar
|
|-weather|RainDance|[upkeep]
|upkeep
|turn|8
|
|t:|1785423689
|move|p2a: Archaludon|Protect|p2a: Archaludon
|-singleturn|p2a: Archaludon|Protect
|move|p1a: Mawile|Play Rough|p2a: Archaludon
|-activate|p2a: Archaludon|move: Protect
|move|p1b: Malamar|Superpower|p2a: Archaludon
|-activate|p2a: Archaludon|move: Protect
|
|-weather|none
|upkeep
|turn|9
|
|t:|1785423712
|move|p1a: Mawile|Play Rough|p2a: Archaludon
|-damage|p2a: Archaludon|28/100
|-unboost|p2a: Archaludon|atk|1
|-ability|p2a: Archaludon|Stamina|boost
|-boost|p2a: Archaludon|def|1
|move|p1b: Malamar|Superpower|p2a: Archaludon
|-supereffective|p2a: Archaludon|1
|-damage|p2a: Archaludon|0 fnt
|-boost|p1b: Malamar|atk|1
|-boost|p1b: Malamar|def|1
|faint|p2a: Archaludon
|
|win|ZyresVGC
|raw|ZyresVGC's rating: 1000 → 1045(+45 for winning)
|raw|ttten_0's rating: 1043 → 1025(-18 for losing)
|l|☆ttten_0
|player|p2|
|c|☆ZyresVGC|gg
