|j|☆alexander1111
|j|☆TetheredAvian74
|html|alexander1111TetheredAvian74    
|uhtml|bestof|Game 2 of a best-of-3
|t:|1783992662
|gametype|doubles
|player|p1|alexander1111|preschooler|1265
|player|p2|TetheredAvian74|170|1175
|gen|9
|tier|[Gen 9 Champions] VGC 2026 Reg M-B (Bo3)
|rated|
|rule|Species Clause: Limit one of each Pokémon
|rule|Item Clause: Limit 1 of each item
|clearpoke
|poke|p1|Milotic, L50, M|
|poke|p1|Maushold-Four, L50|
|poke|p1|Charizard, L50, F, shiny|
|poke|p1|Whimsicott, L50, F, shiny|
|poke|p1|Kingambit, L50, M|
|poke|p1|Garchomp, L50, M|
|poke|p2|Tyranitar, L50, M|
|poke|p2|Excadrill, L50, M|
|poke|p2|Glimmora, L50, M|
|poke|p2|Alakazam, L50, F|
|poke|p2|Corviknight, L50, F|
|poke|p2|Steelix, L50, F|
|teampreview|4
|showteam|p1|Milotic||SitrusBerry|Competitive|Scald,IceBeam,HelpingHand,Protect|Modest||M|||50|]Maushold-Four||WideLens|Technician|PopulationBomb,FollowMe,Protect,SunnyDay|Jolly|||||50|]Charizard||CharizarditeY|Blaze|SolarBeam,HeatWave,WeatherBall,Protect|Timid||F|||50|]Whimsicott||FocusSash|Prankster|Tailwind,Moonblast,Protect,Encore|Timid||F|||50|]Kingambit||ChopleBerry|Defiant|KowtowCleave,SuckerPunch,IronHead,LowKick|Adamant||M|||50|]Garchomp||LifeOrb|RoughSkin|RockSlide,Earthquake,DragonClaw,Protect|Jolly||M|||50|
|showteam|p2|Tyranitar||SmoothRock|SandStream|Protect,BodyPress,RockSlide,KnockOff|Impish||M|||50|]Excadrill||KingsRock|SandRush|Earthquake,RapidSpin,RockSlide,Protect|Adamant||M|||50|]Glimmora||ShucaBerry|ToxicDebris|SpikyShield,MortalSpin,StealthRock,SludgeWave|Naive||M|||50|]Alakazam||FocusSash|MagicGuard|NastyPlot,Psychic,EnergyBall,DazzlingGleam|Timid||F|||50|]Corviknight||SitrusBerry|MirrorArmor|BodyPress,IronDefense,Roost,Tailwind|Careful||F|||50|]Steelix||Steelixite|Sturdy|HeavySlam,Earthquake,BodyPress,RockSlide|Brave||F|||50|
|inactive|Battle timer is ON: inactive players will automatically lose when time's up. (requested by TetheredAvian74)
|
|t:|1783992689
|teamsize|p1|4
|teamsize|p2|4
|start
|switch|p1a: Garchomp|Garchomp, L50, M|100/100
|switch|p1b: Charizard|Charizard, L50, F, shiny|100/100
|switch|p2a: Tyranitar|Tyranitar, L50, M|100/100
|switch|p2b: Glimmora|Glimmora, L50, M|100/100
|-weather|Sandstorm|[from] ability: Sand Stream|[of] p2a: Tyranitar
|turn|1
|
|t:|1783992699
|switch|p2a: Corviknight|Corviknight, L50, F|100/100
|move|p1b: Charizard|Protect|p1b: Charizard
|-singleturn|p1b: Charizard|Protect
|move|p2b: Glimmora|Spiky Shield|p2b: Glimmora
|-singleturn|p2b: Glimmora|move: Protect
|move|p1a: Garchomp|Earthquake|p2b: Glimmora|[spread] 
|-activate|p1b: Charizard|move: Protect
|-activate|p2b: Glimmora|move: Protect
|-immune|p2a: Corviknight
|
|-weather|Sandstorm|[upkeep]
|-damage|p1b: Charizard|93/100|[from] Sandstorm
|upkeep
|turn|2
|inactive|alexander1111 has 30 seconds left.
|inactive|TetheredAvian74 has 30 seconds left.
|inactive|alexander1111 has 20 seconds left.
|inactive|alexander1111 has 15 seconds left.
|
|t:|1783992740
|detailschange|p1b: Charizard|Charizard-Mega-Y, L50, F, shiny
|-mega|p1b: Charizard|Charizard|Charizardite Y
|-weather|SunnyDay|[from] ability: Drought|[of] p1b: Charizard
|move|p1a: Garchomp|Earthquake|p2a: Corviknight|[spread] p2b
|-immune|p1b: Charizard
|-immune|p2a: Corviknight
|-supereffective|p2b: Glimmora|2
|-enditem|p2b: Glimmora|Shuca Berry|[eat]
|-enditem|p2b: Glimmora|Shuca Berry|[weaken]
|-damage|p2b: Glimmora|8/100
|-activate|p2b: Glimmora|ability: Toxic Debris
|-sidestart|p1: alexander1111|move: Toxic Spikes
|-damage|p1a: Garchomp|90/100|[from] item: Life Orb
|move|p1b: Charizard|Solar Beam||[still]
|-prepare|p1b: Charizard|Solar Beam
|-anim|p1b: Charizard|Solar Beam|p2b: Glimmora
|-damage|p2b: Glimmora|0 fnt
|faint|p2b: Glimmora
|move|p2a: Corviknight|Tailwind|p2a: Corviknight
|-sidestart|p2: TetheredAvian74|move: Tailwind
|
|-weather|SunnyDay|[upkeep]
|upkeep
|
|t:|1783992750
|switch|p2b: Tyranitar|Tyranitar, L50, M|100/100
|-weather|Sandstorm|[from] ability: Sand Stream|[of] p2b: Tyranitar
|turn|3
|
|t:|1783992768
|switch|p1b: Milotic|Milotic, L50, M|100/100
|-status|p1b: Milotic|psn
|move|p1a: Garchomp|Protect|p1a: Garchomp
|-singleturn|p1a: Garchomp|Protect
|move|p2b: Tyranitar|Protect|p2b: Tyranitar
|-singleturn|p2b: Tyranitar|Protect
|move|p2a: Corviknight|Iron Defense|p2a: Corviknight
|-boost|p2a: Corviknight|def|2
|
|-weather|Sandstorm|[upkeep]
|-damage|p1b: Milotic|94/100 psn|[from] Sandstorm
|-damage|p1b: Milotic|81/100 psn|[from] psn
|upkeep
|turn|4
|inactive|alexander1111 has 30 seconds left.
|inactive|alexander1111 has 20 seconds left.
|
|t:|1783992803
|switch|p2b: Excadrill|Excadrill, L50, M|100/100
|move|p2a: Corviknight|Body Press|p1a: Garchomp
|-crit|p1a: Garchomp
|-damage|p1a: Garchomp|28/100
|-damage|p2a: Corviknight|87/100|[from] ability: Rough Skin|[of] p1a: Garchomp
|move|p1a: Garchomp|Earthquake|p2b: Excadrill|[spread] p1b,p2b
|-immune|p2a: Corviknight
|-supereffective|p2b: Excadrill|1
|-damage|p1b: Milotic|41/100 psn
|-damage|p2b: Excadrill|0 fnt
|-enditem|p1b: Milotic|Sitrus Berry|[eat]
|-heal|p1b: Milotic|65/100 psn|[from] item: Sitrus Berry
|faint|p2b: Excadrill
|-damage|p1a: Garchomp|18/100|[from] item: Life Orb
|move|p1b: Milotic|Scald|p2a: Corviknight
|-damage|p2a: Corviknight|63/100
|
|-weather|Sandstorm|[upkeep]
|-damage|p1b: Milotic|59/100 psn|[from] Sandstorm
|-damage|p1b: Milotic|47/100 psn|[from] psn
|upkeep
|
|t:|1783992822
|switch|p2b: Tyranitar|Tyranitar, L50, M|100/100
|turn|5
|
|t:|1783992839
|move|p1a: Garchomp|Protect|p1a: Garchomp
|-singleturn|p1a: Garchomp|Protect
|move|p2a: Corviknight|Roost|p2a: Corviknight
|-heal|p2a: Corviknight|100/100
|-singleturn|p2a: Corviknight|move: Roost
|move|p2b: Tyranitar|Knock Off|p1b: Milotic
|-crit|p1b: Milotic
|-damage|p1b: Milotic|8/100 psn
|move|p1b: Milotic|Scald|p2b: Tyranitar
|-supereffective|p2b: Tyranitar|1
|-damage|p2b: Tyranitar|59/100
|
|-weather|Sandstorm|[upkeep]
|-damage|p1b: Milotic|2/100 psn|[from] Sandstorm
|-damage|p1b: Milotic|0 fnt|[from] psn
|faint|p1b: Milotic
|-sideend|p2: TetheredAvian74|move: Tailwind
|upkeep
|
|t:|1783992853
|switch|p1b: Charizard|Charizard-Mega-Y, L50, F, shiny|93/100
|-weather|SunnyDay|[from] ability: Drought|[of] p1b: Charizard
|turn|6
|
|t:|1783992860
|move|p1a: Garchomp|Earthquake|p2b: Tyranitar|[spread] p2b
|-immune|p1b: Charizard
|-immune|p2a: Corviknight
|-supereffective|p2b: Tyranitar|1
|-damage|p2b: Tyranitar|2/100
|-damage|p1a: Garchomp|8/100|[from] item: Life Orb
|move|p1b: Charizard|Weather Ball|p2a: Corviknight
|-supereffective|p2a: Corviknight|1
|-damage|p2a: Corviknight|0 fnt
|faint|p2a: Corviknight
|move|p2b: Tyranitar|Rock Slide|p1b: Charizard|[spread] p1a,p1b
|-resisted|p1a: Garchomp|1
|-supereffective|p1b: Charizard|2
|-damage|p1a: Garchomp|0 fnt
|-damage|p1b: Charizard|0 fnt
|faint|p1a: Garchomp
|faint|p1b: Charizard
|
|-weather|SunnyDay|[upkeep]
|upkeep
|
|t:|1783992872
|switch|p1b: Whimsicott|Whimsicott, L50, F, shiny|100/100
|-status|p1b: Whimsicott|psn
|turn|7
|
|t:|1783992878
|move|p2b: Tyranitar|Protect|p2b: Tyranitar
|-singleturn|p2b: Tyranitar|Protect
|move|p1b: Whimsicott|Moonblast|p2b: Tyranitar
|-activate|p2b: Tyranitar|move: Protect
|
|-weather|SunnyDay|[upkeep]
|-damage|p1b: Whimsicott|87/100 psn|[from] psn
|upkeep
|turn|8
|
|t:|1783992884
|move|p1b: Whimsicott|Moonblast|p2b: Tyranitar
|-supereffective|p2b: Tyranitar|1
|-damage|p2b: Tyranitar|0 fnt
|faint|p2b: Tyranitar
|
|win|alexander1111
|raw|alexander1111's rating: 1265 → 1284(+19 for winning)
|raw|TetheredAvian74's rating: 1175 → 1156(-19 for losing)
|c|☆TetheredAvian74|gg
|c|☆alexander1111|gg
