|j|☆mysteriousmeatman
|j|☆jANMxRin
|html|mysteriousmeatmanjANMxRin    
|uhtml|bestof|Game 2 of a best-of-3
|t:|1756304957
|gametype|doubles
|player|p1|mysteriousmeatman|169|1000
|player|p2|jANMxRin|acerola-masters|1000
|gen|9
|tier|[Gen 9] VGC 2025 Reg H (Bo3)
|rated|
|rule|Species Clause: Limit one of each Pokémon
|rule|Item Clause: Limit 1 of each item
|clearpoke
|poke|p1|Palafin, L50, F|
|poke|p1|Mabosstiff, L50, M|
|poke|p1|Politoed, L50, M|
|poke|p1|Incineroar, L50, M|
|poke|p1|Gothitelle, L50, M|
|poke|p1|Overqwil, L50, F|
|poke|p2|Gardevoir, L50, F|
|poke|p2|Garchomp, L50, F|
|poke|p2|Gastrodon, L50, M|
|poke|p2|Amoonguss, L50, F|
|poke|p2|Excadrill, L50, F|
|poke|p2|Tyranitar, L50, M|
|teampreview|4
|showteam|p1|Palafin||PunchingGlove|ZerotoHero|FlipTurn,JetPunch,DrainPunch,Protect|||F|||50|,,,,,Grass]Mabosstiff||FocusSash|Stakeout|Crunch,FireFang,PlayRough,Protect|||M|||50|,,,,,Dark]Politoed||Leftovers|Drizzle|HydroPump,IcyWind,PerishSong,Protect|||M|||50|,,,,,Ghost]Incineroar||SafetyGoggles|Intimidate|FakeOut,KnockOff,PartingShot,Protect|||M|||50|,,,,,Ghost]Gothitelle||SitrusBerry|ShadowTag|FakeOut,Psychic,TrickRoom,Protect|||M|||50|,,,,,Dark]Overqwil||ClearAmulet|SwiftSwim|Crunch,PoisonJab,Liquidation,Protect|||F|||50|,,,,,Ground
|showteam|p2|Gardevoir||SitrusBerry|Telepathy|Protect,LifeDew,HelpingHand,Moonblast|||F|||50|,,,,,Poison]Garchomp||BrightPowder|SandVeil|SwordsDance,Earthquake,DragonClaw,Protect|||F|||50|,,,,,Ground]Gastrodon||Leftovers|StormDrain|Protect,EarthPower,ChillingWater,ClearSmog|||M|||50|,,,,,Fire]Amoonguss||RockyHelmet|Regenerator|Protect,RagePowder,Spore,PollenPuff|||F|||50|,,,,,Water]Excadrill||ClearAmulet|SandRush|Protect,IronHead,Earthquake,PoisonJab|||F|||50|,,,,,Ground]Tyranitar||AssaultVest|SandStream|KnockOff,RockSlide,TeraBlast,LowKick|||M|||50|,,,,,Flying
|inactive|Battle timer is ON: inactive players will automatically lose when time's up. (requested by mysteriousmeatman)
|inactive|jANMxRin has 60 seconds left.
|
|t:|1756305019
|teamsize|p1|4
|teamsize|p2|4
|start
|switch|p1a: Mabosstiff|Mabosstiff, L50, M, shiny|100/100
|switch|p1b: Overqwil|Overqwil, L50, F, shiny|100/100
|switch|p2a: Gastrodon|Gastrodon, L50, M|100/100
|switch|p2b: Gardevoir|Gardevoir, L50, F, shiny|100/100
|turn|1
|inactive|mysteriousmeatman has 30 seconds left.
|inactive|jANMxRin has 30 seconds left.
|
|t:|1756305051
|move|p1a: Mabosstiff|Protect|p1a: Mabosstiff
|-singleturn|p1a: Mabosstiff|Protect
|move|p1b: Overqwil|Protect|p1b: Overqwil
|-singleturn|p1b: Overqwil|Protect
|move|p2b: Gardevoir|Moonblast|p1a: Mabosstiff
|-activate|p1a: Mabosstiff|move: Protect
|move|p2a: Gastrodon|Earth Power|p1b: Overqwil
|-activate|p1b: Overqwil|move: Protect
|
|upkeep
|turn|2
|inactive|jANMxRin has 30 seconds left.
|
|t:|1756305078
|switch|p1a: Politoed|Politoed, L50, M, shiny|100/100
|-weather|RainDance|[from] ability: Drizzle|[of] p1a: Politoed
|-terastallize|p2b: Gardevoir|Poison
|-terastallize|p1b: Overqwil|Ground
|move|p1b: Overqwil|Poison Jab|p2a: Gastrodon
|-resisted|p2a: Gastrodon
|-damage|p2a: Gastrodon|79/100
|move|p2b: Gardevoir|Moonblast|p1a: Politoed
|-damage|p1a: Politoed|73/100
|-unboost|p1a: Politoed|spa|1
|move|p2a: Gastrodon|Chilling Water|p1b: Overqwil
|-supereffective|p1b: Overqwil
|-damage|p1b: Overqwil|0 fnt
|faint|p1b: Overqwil
|
|-weather|RainDance|[upkeep]
|-heal|p1a: Politoed|79/100|[from] item: Leftovers
|-heal|p2a: Gastrodon|85/100|[from] item: Leftovers
|upkeep
|inactive|mysteriousmeatman has 30 seconds left.
|
|t:|1756305104
|switch|p1b: Mabosstiff|Mabosstiff, L50, M, shiny|100/100
|turn|3
|
|t:|1756305119
|move|p2b: Gardevoir|Helping Hand|p2a: Gastrodon
|-singleturn|p2a: Gastrodon|Helping Hand|[of] p2b: Gardevoir
|move|p1b: Mabosstiff|Crunch|p2a: Gastrodon
|-damage|p2a: Gastrodon|40/100
|move|p1a: Politoed|Perish Song|p1a: Politoed
|-start|p1a: Politoed|perish3|[silent]
|-start|p1b: Mabosstiff|perish3|[silent]
|-start|p2a: Gastrodon|perish3|[silent]
|-start|p2b: Gardevoir|perish3|[silent]
|-fieldactivate|move: Perish Song
|move|p2a: Gastrodon|Earth Power|p1a: Politoed
|-damage|p1a: Politoed|38/100
|
|-weather|RainDance|[upkeep]
|-heal|p1a: Politoed|44/100|[from] item: Leftovers
|-heal|p2a: Gastrodon|46/100|[from] item: Leftovers
|-start|p1b: Mabosstiff|perish3
|-start|p2b: Gardevoir|perish3
|-start|p1a: Politoed|perish3
|-start|p2a: Gastrodon|perish3
|upkeep
|turn|4
|
|t:|1756305138
|switch|p1a: Gothitelle|Gothitelle, L50, M, shiny|100/100
|move|p2a: Gastrodon|Protect|p2a: Gastrodon
|-singleturn|p2a: Gastrodon|Protect
|move|p1b: Mabosstiff|Crunch|p2a: Gastrodon
|-activate|p2a: Gastrodon|move: Protect
|move|p2b: Gardevoir|Life Dew||[still]|[spread] 
|-ability|p2a: Gastrodon|Storm Drain|boost
|-boost|p2a: Gastrodon|spa|1
|-fail|p2b: Gardevoir|heal
|
|-weather|RainDance|[upkeep]
|-heal|p2a: Gastrodon|52/100|[from] item: Leftovers
|-start|p1b: Mabosstiff|perish2
|-start|p2b: Gardevoir|perish2
|-start|p2a: Gastrodon|perish2
|upkeep
|turn|5
|inactive|mysteriousmeatman has 30 seconds left.
|inactive|jANMxRin has 30 seconds left.
|
|t:|1756305166
|switch|p1b: Politoed|Politoed, L50, M, shiny|44/100
|move|p1a: Gothitelle|Fake Out|p2a: Gastrodon
|-damage|p2a: Gastrodon|46/100
|move|p2b: Gardevoir|Moonblast|p1a: Gothitelle
|-damage|p1a: Gothitelle|75/100
|-unboost|p1a: Gothitelle|spa|1
|cant|p2a: Gastrodon|flinch
|
|-weather|RainDance|[upkeep]
|-heal|p1b: Politoed|50/100|[from] item: Leftovers
|-heal|p2a: Gastrodon|52/100|[from] item: Leftovers
|-start|p2b: Gardevoir|perish1
|-start|p2a: Gastrodon|perish1
|upkeep
|turn|6
|
|t:|1756305185
|move|p1b: Politoed|Protect|p1b: Politoed
|-singleturn|p1b: Politoed|Protect
|move|p1a: Gothitelle|Protect|p1a: Gothitelle
|-singleturn|p1a: Gothitelle|Protect
|move|p2b: Gardevoir|Moonblast|p1b: Politoed
|-activate|p1b: Politoed|move: Protect
|move|p2a: Gastrodon|Earth Power|p1a: Gothitelle
|-activate|p1a: Gothitelle|move: Protect
|
|-weather|none
|-heal|p1b: Politoed|56/100|[from] item: Leftovers
|-heal|p2a: Gastrodon|58/100|[from] item: Leftovers
|-start|p2b: Gardevoir|perish0
|-start|p2a: Gastrodon|perish0
|faint|p2b: Gardevoir
|faint|p2a: Gastrodon
|upkeep
|
|t:|1756305188
|switch|p2b: Tyranitar|Tyranitar, L50, M|100/100
|switch|p2a: Garchomp|Garchomp, L50, F|100/100
|-weather|Sandstorm|[from] ability: Sand Stream|[of] p2b: Tyranitar
|turn|7
|
|t:|1756305210
|switch|p1b: Mabosstiff|Mabosstiff, L50, M, shiny|100/100
|move|p2a: Garchomp|Dragon Claw|p1b: Mabosstiff
|-damage|p1b: Mabosstiff|56/100
|move|p2b: Tyranitar|Knock Off|p1a: Gothitelle
|-supereffective|p1a: Gothitelle
|-crit|p1a: Gothitelle
|-damage|p1a: Gothitelle|0 fnt
|-enditem|p1a: Gothitelle|Sitrus Berry|[from] move: Knock Off|[of] p2b: Tyranitar
|faint|p1a: Gothitelle
|
|-weather|Sandstorm|[upkeep]
|-damage|p1b: Mabosstiff|50/100|[from] Sandstorm
|upkeep
|
|t:|1756305219
|switch|p1a: Politoed|Politoed, L50, M, shiny|56/100
|-weather|RainDance|[from] ability: Drizzle|[of] p1a: Politoed
|turn|8
|inactive|jANMxRin has 30 seconds left.
|
|t:|1756305245
|move|p2a: Garchomp|Protect|p2a: Garchomp
|-singleturn|p2a: Garchomp|Protect
|move|p1b: Mabosstiff|Play Rough|p2a: Garchomp
|-activate|p2a: Garchomp|move: Protect
|move|p1a: Politoed|Icy Wind|p2b: Tyranitar|[spread] p2b
|-activate|p2a: Garchomp|move: Protect
|-damage|p2b: Tyranitar|96/100
|-unboost|p2b: Tyranitar|spe|1
|move|p2b: Tyranitar|Low Kick|p1b: Mabosstiff
|-supereffective|p1b: Mabosstiff
|-damage|p1b: Mabosstiff|0 fnt
|faint|p1b: Mabosstiff
|
|-weather|RainDance|[upkeep]
|-heal|p1a: Politoed|62/100|[from] item: Leftovers
|upkeep
|turn|9
|
|t:|1756305264
|move|p2a: Garchomp|Dragon Claw|p1a: Politoed
|-damage|p1a: Politoed|24/100
|move|p1a: Politoed|Icy Wind|p2a: Garchomp|[spread] p2a,p2b
|-supereffective|p2a: Garchomp
|-damage|p2a: Garchomp|65/100
|-damage|p2b: Tyranitar|90/100
|-unboost|p2a: Garchomp|spe|1
|-unboost|p2b: Tyranitar|spe|1
|move|p2b: Tyranitar|Knock Off|p1a: Politoed
|-damage|p1a: Politoed|0 fnt
|-enditem|p1a: Politoed|Leftovers|[from] move: Knock Off|[of] p2b: Tyranitar
|faint|p1a: Politoed
|
|win|jANMxRin
|raw|mysteriousmeatman's rating: 1000 → 1000(+0 for losing)
|raw|jANMxRin's rating: 1000 → 1040(+40 for winning)
