|j|☆Screammmmm1
|j|☆LeonardPlayz
|html|Screammmmm1LeonardPlayz    
|uhtml|bestof|Game 2 of a best-of-3
|t:|1783395795
|gametype|doubles
|player|p1|Screammmmm1|n|1105
|player|p2|LeonardPlayz|hilbert-wonderlauncher|1161
|gen|9
|tier|[Gen 9 Champions] VGC 2026 Reg M-B (Bo3)
|rated|
|rule|Species Clause: Limit one of each Pokémon
|rule|Item Clause: Limit 1 of each item
|clearpoke
|poke|p1|Blaziken, L50, F, shiny|
|poke|p1|Gholdengo, L50|
|poke|p1|Talonflame, L50, F|
|poke|p1|Hydreigon, L50, F|
|poke|p1|Garchomp, L50, F|
|poke|p1|Kangaskhan, L50, F|
|poke|p2|Aerodactyl, L50, M|
|poke|p2|Gengar, L50, M|
|poke|p2|Mamoswine, L50, M|
|poke|p2|Gholdengo, L50|
|poke|p2|Grimmsnarl, L50, M|
|poke|p2|Incineroar, L50, M|
|teampreview|4
|showteam|p1|Blaziken||Blazikenite|SpeedBoost|BlazeKick,CloseCombat,RockSlide,Protect|Adamant||F|||50|]Gholdengo||LifeOrb|GoodasGold|MakeItRain,NastyPlot,ShadowBall,Protect|Modest|||||50|]Talonflame|||GaleWings|Tailwind,Acrobatics,Protect,Taunt|Jolly||F|||50|]Hydreigon||FocusSash|Levitate|DragonCheer,DracoMeteor,Tailwind,DarkPulse|Timid||F|||50|]Garchomp||SitrusBerry|RoughSkin|Earthquake,DragonClaw,RockSlide,Protect|Serious||F|||50|]Kangaskhan||Kangaskhanite|Scrappy|FakeOut,LowKick,DrainPunch,DoubleEdge|Serious||F|||50|
|showteam|p2|Aerodactyl||Aerodactylite|RockHead|Tailwind,RockSlide,DualWingbeat,Protect|Jolly||M|||50|]Gengar||Gengarite|CursedBody|ShadowBall,PerishSong,WillOWisp,Protect|Timid||M|||50|]Mamoswine||LifeOrb|Oblivious|IceShard,HighHorsepower,BodyPress,Protect|Adamant||M|||50|]Gholdengo||FocusSash|GoodasGold|MakeItRain,ShadowBall,FocusBlast,Protect|Modest|||||50|]Grimmsnarl||LightClay|Prankster|FakeOut,PartingShot,Reflect,LightScreen|Impish||M|||50|]Incineroar||SitrusBerry|Intimidate|FakeOut,ThroatChop,PartingShot,Protect|Careful||M|||50|
|inactive|Battle timer is ON: inactive players will automatically lose when time's up. (requested by LeonardPlayz)
|inactive|LeonardPlayz has 60 seconds left.
|
|t:|1783395828
|teamsize|p1|4
|teamsize|p2|4
|start
|switch|p1a: Kangaskhan|Kangaskhan, L50, F|100/100
|switch|p1b: Gholdengo|Gholdengo, L50|100/100
|switch|p2a: Gengar|Gengar, L50, M|100/100
|switch|p2b: Incineroar|Incineroar, L50, M|100/100
|-ability|p2b: Incineroar|Intimidate|boost
|-fail|p1a: Kangaskhan|unboost|Attack|[from] ability: Scrappy|[of] p1a: Kangaskhan
|-unboost|p1b: Gholdengo|atk|1
|turn|1
|
|t:|1783395848
|move|p2a: Gengar|Protect|p2a: Gengar
|-singleturn|p2a: Gengar|Protect
|move|p1a: Kangaskhan|Fake Out|p2a: Gengar
|-activate|p2a: Gengar|move: Protect
|move|p1b: Gholdengo|Shadow Ball|p2a: Gengar
|-activate|p2a: Gengar|move: Protect
|move|p2b: Incineroar|Throat Chop|p1b: Gholdengo
|-supereffective|p1b: Gholdengo|1
|-damage|p1b: Gholdengo|24/100
|-start|p1b: Gholdengo|Throat Chop|[silent]
|
|upkeep
|turn|2
|
|t:|1783395864
|detailschange|p2a: Gengar|Gengar-Mega, L50, M
|-mega|p2a: Gengar|Gengar|Gengarite
|detailschange|p1a: Kangaskhan|Kangaskhan-Mega, L50, F
|-mega|p1a: Kangaskhan|Kangaskhan|Kangaskhanite
|move|p2a: Gengar|Shadow Ball|p1b: Gholdengo
|-supereffective|p1b: Gholdengo|1
|-damage|p1b: Gholdengo|0 fnt
|faint|p1b: Gholdengo
|move|p1a: Kangaskhan|Drain Punch|p2b: Incineroar
|-supereffective|p2b: Incineroar|1
|-damage|p2b: Incineroar|58/100
|-supereffective|p2b: Incineroar|1
|-damage|p2b: Incineroar|49/100
|-enditem|p2b: Incineroar|Sitrus Berry|[eat]
|-heal|p2b: Incineroar|74/100|[from] item: Sitrus Berry
|-hitcount|p2b: Incineroar|2
|move|p2b: Incineroar|Parting Shot|p1a: Kangaskhan
|-unboost|p1a: Kangaskhan|atk|1
|-unboost|p1a: Kangaskhan|spa|1
|
|t:|1783395876
|switch|p2b: Mamoswine|Mamoswine, L50, M|100/100|[from] Parting Shot
|
|upkeep
|
|t:|1783395879
|switch|p1b: Talonflame|Talonflame, L50, F|100/100
|turn|3
|
|t:|1783395892
|move|p2a: Gengar|Protect|p2a: Gengar
|-singleturn|p2a: Gengar|Protect
|move|p1b: Talonflame|Tailwind|p1b: Talonflame
|-sidestart|p1: Screammmmm1|move: Tailwind
|move|p1a: Kangaskhan|Low Kick|p2b: Mamoswine
|-supereffective|p2b: Mamoswine|1
|-damage|p2b: Mamoswine|34/100
|-supereffective|p2b: Mamoswine|1
|-damage|p2b: Mamoswine|19/100
|-hitcount|p2b: Mamoswine|2
|move|p2b: Mamoswine|Body Press|p1a: Kangaskhan
|-supereffective|p1a: Kangaskhan|1
|-damage|p1a: Kangaskhan|67/100
|-damage|p2b: Mamoswine|10/100|[from] item: Life Orb
|
|upkeep
|turn|4
|
|t:|1783395909
|switch|p2b: Incineroar|Incineroar, L50, M|74/100
|-ability|p2b: Incineroar|Intimidate|boost
|-unboost|p1a: Kangaskhan|atk|1
|-unboost|p1b: Talonflame|atk|1
|move|p1b: Talonflame|Taunt|p2a: Gengar
|-start|p2a: Gengar|move: Taunt
|move|p1a: Kangaskhan|Low Kick|p2b: Incineroar
|-supereffective|p2b: Incineroar|1
|-damage|p2b: Incineroar|53/100
|-supereffective|p2b: Incineroar|1
|-damage|p2b: Incineroar|48/100
|-hitcount|p2b: Incineroar|2
|cant|p2a: Gengar|move: Taunt|Perish Song
|
|upkeep
|turn|5
|
|t:|1783395932
|move|p2b: Incineroar|Fake Out|p1a: Kangaskhan
|-damage|p1a: Kangaskhan|58/100
|move|p1b: Talonflame|Acrobatics|p2a: Gengar
|-damage|p2a: Gengar|64/100
|cant|p1a: Kangaskhan|flinch
|move|p2a: Gengar|Shadow Ball|p1b: Talonflame
|-damage|p1b: Talonflame|37/100
|
|upkeep
|turn|6
|
|t:|1783395956
|switch|p2a: Grimmsnarl|Grimmsnarl, L50, M|100/100
|move|p1b: Talonflame|Protect|p1b: Talonflame
|-singleturn|p1b: Talonflame|Protect
|move|p1a: Kangaskhan|Drain Punch|p2b: Incineroar
|-supereffective|p2b: Incineroar|1
|-damage|p2b: Incineroar|28/100
|-heal|p1a: Kangaskhan|69/100|[from] drain|[of] p2b: Incineroar
|-supereffective|p2b: Incineroar|1
|-damage|p2b: Incineroar|23/100
|-heal|p1a: Kangaskhan|72/100|[from] drain|[of] p2b: Incineroar
|-hitcount|p2b: Incineroar|2
|move|p2b: Incineroar|Throat Chop|p1a: Kangaskhan
|-damage|p1a: Kangaskhan|46/100
|-start|p1a: Kangaskhan|Throat Chop|[silent]
|
|-sideend|p1: Screammmmm1|move: Tailwind
|upkeep
|turn|7
|inactive|Screammmmm1 has 30 seconds left.
|
|t:|1783395981
|switch|p1a: Hydreigon|Hydreigon, L50, F|100/100
|switch|p2b: Gengar|Gengar-Mega, L50, M|64/100
|move|p2a: Grimmsnarl|Fake Out|p1b: Talonflame
|-damage|p1b: Talonflame|20/100y
|cant|p1b: Talonflame|flinch
|
|upkeep
|turn|8
|inactive|Screammmmm1 has 30 seconds left.
|inactive|LeonardPlayz has 30 seconds left.
|
|t:|1783396010
|move|p2b: Gengar|Protect|p2b: Gengar
|-singleturn|p2b: Gengar|Protect
|move|p1b: Talonflame|Protect|p1b: Talonflame
|-singleturn|p1b: Talonflame|Protect
|move|p2a: Grimmsnarl|Parting Shot|p1b: Talonflame
|-activate|p1b: Talonflame|move: Protect
|move|p1a: Hydreigon|Tailwind|p1a: Hydreigon
|-sidestart|p1: Screammmmm1|move: Tailwind
|
|upkeep
|turn|9
|
|t:|1783396022
|switch|p2b: Incineroar|Incineroar, L50, M|23/100
|-ability|p2b: Incineroar|Intimidate|boost
|-unboost|p1a: Hydreigon|atk|1
|-unboost|p1b: Talonflame|atk|1
|move|p2a: Grimmsnarl|Parting Shot|p1b: Talonflame
|-unboost|p1b: Talonflame|atk|1
|-unboost|p1b: Talonflame|spa|1
|
|t:|1783396028
|switch|p2a: Gengar|Gengar-Mega, L50, M|64/100|[from] Parting Shot
|move|p1b: Talonflame|Taunt|p2a: Gengar
|-start|p2a: Gengar|move: Taunt
|move|p1a: Hydreigon|Dark Pulse|p2b: Incineroar
|-resisted|p2b: Incineroar|1
|-damage|p2b: Incineroar|5/100
|
|upkeep
|turn|10
|
|t:|1783396041
|switch|p2a: Grimmsnarl|Grimmsnarl, L50, M|100/100
|move|p1b: Talonflame|Acrobatics|p2b: Incineroar
|-damage|p2b: Incineroar|0 fnt
|faint|p2b: Incineroar
|move|p1a: Hydreigon|Dark Pulse|p2a: Grimmsnarl
|-resisted|p2a: Grimmsnarl|2
|-damage|p2a: Grimmsnarl|90/100
|
|upkeep
|
|t:|1783396048
|switch|p2b: Mamoswine|Mamoswine, L50, M|10/100
|turn|11
|
|t:|1783396067
|move|p2a: Grimmsnarl|Fake Out|p1a: Hydreigon
|-damage|p1a: Hydreigon|86/100
|move|p2b: Mamoswine|Ice Shard|p1a: Hydreigon
|-supereffective|p1a: Hydreigon|1
|-damage|p1a: Hydreigon|15/100
|-damage|p2b: Mamoswine|1/100|[from] item: Life Orb
|move|p1b: Talonflame|Acrobatics|p2b: Mamoswine
|-damage|p2b: Mamoswine|0 fnt
|faint|p2b: Mamoswine
|cant|p1a: Hydreigon|flinch
|
|-sideend|p1: Screammmmm1|move: Tailwind
|upkeep
|
|t:|1783396075
|switch|p2b: Gengar|Gengar-Mega, L50, M|64/100
|turn|12
|
|t:|1783396090
|move|p2a: Grimmsnarl|Reflect|p2a: Grimmsnarl
|-sidestart|p2: LeonardPlayz|Reflect
|move|p2b: Gengar|Shadow Ball|p1a: Hydreigon
|-resisted|p1a: Hydreigon|1
|-damage|p1a: Hydreigon|0 fnt
|faint|p1a: Hydreigon
|move|p1b: Talonflame|Tailwind|p1b: Talonflame
|-sidestart|p1: Screammmmm1|move: Tailwind
|
|upkeep
|
|t:|1783396095
|switch|p1a: Kangaskhan|Kangaskhan-Mega, L50, F|46/100
|turn|13
|
|t:|1783396108
|move|p1b: Talonflame|Protect|p1b: Talonflame
|-singleturn|p1b: Talonflame|Protect
|move|p2b: Gengar|Protect|p2b: Gengar
|-singleturn|p2b: Gengar|Protect
|move|p2a: Grimmsnarl|Parting Shot|p1a: Kangaskhan
|-unboost|p1a: Kangaskhan|atk|1
|-unboost|p1a: Kangaskhan|spa|1
|move|p1a: Kangaskhan|Drain Punch|p2a: Grimmsnarl
|-damage|p2a: Grimmsnarl|79/100
|-heal|p1a: Kangaskhan|53/100|[from] drain|[of] p2a: Grimmsnarl
|-damage|p2a: Grimmsnarl|76/100
|-heal|p1a: Kangaskhan|54/100|[from] drain|[of] p2a: Grimmsnarl
|-hitcount|p2a: Grimmsnarl|2
|
|upkeep
|turn|14
|-message|Screammmmm1 forfeited.
|
|win|LeonardPlayz
|raw|Screammmmm1's rating: 1105 → 1084(-21 for losing)
|raw|LeonardPlayz's rating: 1161 → 1182(+21 for winning)
|l|☆Screammmmm1
|player|p1|
