|j|☆wait for swarley
|j|☆rapidsinglestrike
|html|wait for swarleyrapidsinglestrike    
|uhtml|bestof|Game 3 of a best-of-3
|t:|1757635454
|gametype|doubles
|player|p1|wait for swarley|volo|1368
|player|p2|rapidsinglestrike|102|1442
|gen|9
|tier|[Gen 9] VGC 2025 Reg H (Bo3)
|rated|
|rule|Species Clause: Limit one of each Pokémon
|rule|Item Clause: Limit 1 of each item
|clearpoke
|poke|p1|Dachsbun, L50, F|
|poke|p1|Torkoal, L50, F|
|poke|p1|Typhlosion-Hisui, L50, F|
|poke|p1|Kingambit, L50, F|
|poke|p1|Rillaboom, L50, M|
|poke|p1|Zoroark-Hisui, L50, F|
|poke|p2|Sneasler, L50, M|
|poke|p2|Indeedee, L50, M|
|poke|p2|Volcarona, L50, M|
|poke|p2|Ursaluna-Bloodmoon, L50, M|
|poke|p2|Annihilape, L50, F|
|poke|p2|Tyranitar, L50, M|
|teampreview|4
|showteam|p1|Dachsbun||Leftovers|WellBakedBody|BodyPress,Snarl,Rest,Yawn|||F|||50|,,,,,Steel]Torkoal||SitrusBerry|Drought|WeatherBall,Eruption,LavaPlume,Protect|||F|||50|,,,,,Fire]Typhlosion-Hisui||ChoiceScarf|Blaze|Eruption,ShadowBall,LavaPlume,Overheat|||F|||50|,,,,,Dark]Kingambit||BlackGlasses|Defiant|SuckerPunch,Assurance,Protect,SwordsDance|||F|||50|,,,,,Dark]Rillaboom||AssaultVest|GrassySurge|FakeOut,GrassyGlide,WoodHammer,Uturn|||M|||50|,,,,,Grass]Zoroark-Hisui||ChoiceSpecs|Illusion|IcyWind,BitterMalice,HyperVoice,HyperBeam|||F|||50|,,,,,Normal
|showteam|p2|Sneasler||PsychicSeed|Unburden|CloseCombat,DireClaw,ThroatChop,Protect|||M|||50|,,,,,Dark]Indeedee||ChoiceScarf|PsychicSurge|ExpandingForce,TeraBlast,Trick,Protect|||M|||50|,,,,,Psychic]Volcarona||SitrusBerry|FlameBody|Overheat,StruggleBug,RagePowder,Tailwind|||M|||50|,,,,,Grass]Ursaluna-Bloodmoon||LifeOrb|MindsEye|BloodMoon,HyperVoice,EarthPower,Protect|||M|||50|,,,,,Normal]Annihilape||SafetyGoggles|Defiant|CloseCombat,RageFist,Taunt,FinalGambit|||F|||50|,,,,,Fairy]Tyranitar||AssaultVest|SandStream|RockSlide,KnockOff,TeraBlast,LowKick|||M|||50|,,,,,Flying
|inactive|Battle timer is ON: inactive players will automatically lose when time's up. (requested by rapidsinglestrike)
|inactive|rapidsinglestrike has 60 seconds left.
|
|t:|1757635509
|teamsize|p1|4
|teamsize|p2|4
|start
|switch|p1a: Typhlosion|Typhlosion-Hisui, L50, F|100/100
|switch|p1b: Kingambit|Kingambit, L50, F, shiny|100/100
|switch|p2a: Annihilape|Annihilape, L50, F|100/100
|switch|p2b: Ursaluna|Ursaluna-Bloodmoon, L50, M|100/100
|turn|1
|
|t:|1757635525
|move|p2b: Ursaluna|Protect|p2b: Ursaluna
|-singleturn|p2b: Ursaluna|Protect
|move|p1a: Typhlosion|Eruption|p2a: Annihilape|[spread] p2a
|-activate|p2b: Ursaluna|move: Protect
|-damage|p2a: Annihilape|48/100
|move|p1b: Kingambit|Hyper Voice|p2b: Ursaluna|[spread] 
|-activate|p2b: Ursaluna|move: Protect
|-immune|p2a: Annihilape
|move|p2a: Annihilape|Rage Fist|p1a: Typhlosion
|-supereffective|p1a: Typhlosion
|-damage|p1a: Typhlosion|0 fnt
|faint|p1a: Typhlosion
|
|upkeep
|
|t:|1757635542
|switch|p1a: Rillaboom|Rillaboom, L50, M, shiny|100/100
|-fieldstart|move: Grassy Terrain|[from] ability: Grassy Surge|[of] p1a: Rillaboom
|turn|2
|inactive|rapidsinglestrike has 30 seconds left.
|inactive|rapidsinglestrike has 20 seconds left.
|inactive|rapidsinglestrike has 15 seconds left.
|inactive|rapidsinglestrike has 10 seconds left.
|inactive|wait for swarley has 30 seconds left.
|inactive|rapidsinglestrike has 5 seconds left.
|inactive|wait for swarley has 20 seconds left.
|
|t:|1757635603
|switch|p2b: Tyranitar|Tyranitar, L50, M|100/100
|-weather|Sandstorm|[from] ability: Sand Stream|[of] p2b: Tyranitar
|-terastallize|p1a: Rillaboom|Grass
|move|p1b: Kingambit|Hyper Voice|p2a: Annihilape|[spread] p2b
|-immune|p2a: Annihilape
|-resisted|p2b: Tyranitar
|-damage|p2b: Tyranitar|91/100
|move|p2a: Annihilape|Rage Fist|p1a: Rillaboom
|-damage|p1a: Rillaboom|64/100
|move|p1a: Rillaboom|Wood Hammer|p2b: Tyranitar
|-supereffective|p2b: Tyranitar
|-damage|p2b: Tyranitar|0 fnt
|faint|p2b: Tyranitar
|-damage|p1a: Rillaboom|36/100|[from] Recoil
|
|-weather|Sandstorm|[upkeep]
|-damage|p1b: Kingambit|94/100|[from] Sandstorm
|-damage|p1a: Rillaboom|31/100|[from] Sandstorm
|-heal|p1b: Kingambit|100/100|[from] Grassy Terrain
|-heal|p2a: Annihilape|55/100|[from] Grassy Terrain
|-heal|p1a: Rillaboom|36/100|[from] Grassy Terrain
|upkeep
|
|t:|1757635623
|switch|p2b: Volcarona|Volcarona, L50, M|100/100
|turn|3
|
|t:|1757635637
|switch|p1a: Kingambit|Kingambit, L50, F, shiny|100/100
|move|p1b: Kingambit|Hyper Voice|p2a: Annihilape|[spread] p2b
|-immune|p2a: Annihilape
|-damage|p2b: Volcarona|49/100
|-enditem|p2b: Volcarona|Sitrus Berry|[eat]
|-heal|p2b: Volcarona|74/100|[from] item: Sitrus Berry
|move|p2b: Volcarona|Tailwind|p2b: Volcarona
|-sidestart|p2: rapidsinglestrike|move: Tailwind
|move|p2a: Annihilape|Rage Fist|p1a: Kingambit
|-resisted|p1a: Kingambit
|-damage|p1a: Kingambit|85/100
|
|-weather|Sandstorm|[upkeep]
|-damage|p2b: Volcarona|68/100|[from] Sandstorm
|-damage|p1b: Kingambit|94/100|[from] Sandstorm
|-heal|p2b: Volcarona|74/100|[from] Grassy Terrain
|-heal|p2a: Annihilape|61/100|[from] Grassy Terrain
|-heal|p1b: Kingambit|100/100|[from] Grassy Terrain
|-heal|p1a: Kingambit|90/100|[from] Grassy Terrain
|upkeep
|turn|4
|inactive|wait for swarley has 30 seconds left.
|inactive|rapidsinglestrike has 30 seconds left.
|inactive|wait for swarley has 20 seconds left.
|inactive|wait for swarley has 15 seconds left.
|inactive|wait for swarley has 10 seconds left.
|
|t:|1757635684
|move|p1a: Kingambit|Sucker Punch|p2b: Volcarona
|-damage|p2b: Volcarona|13/100
|move|p2b: Volcarona|Overheat|p1b: Kingambit
|-damage|p1b: Kingambit|0 fnt
|-unboost|p2b: Volcarona|spa|2
|replace|p1b: Zoroark|Zoroark-Hisui, L50, F, shiny
|-end|p1b: Zoroark|Illusion
|faint|p1b: Zoroark
|move|p2a: Annihilape|Close Combat|p1a: Kingambit
|-supereffective|p1a: Kingambit
|-damage|p1a: Kingambit|0 fnt
|-unboost|p2a: Annihilape|def|1
|-unboost|p2a: Annihilape|spd|1
|faint|p1a: Kingambit
|
|-weather|Sandstorm|[upkeep]
|-damage|p2b: Volcarona|7/100|[from] Sandstorm
|-heal|p2b: Volcarona|13/100|[from] Grassy Terrain
|-heal|p2a: Annihilape|67/100|[from] Grassy Terrain
|upkeep
|
|t:|1757635695
|switch|p1b: Rillaboom|Rillaboom, L50, M, shiny, tera:Grass|36/100
|turn|5
|
|t:|1757635700
|move|p1b: Rillaboom|Grassy Glide|p2a: Annihilape
|-damage|p2a: Annihilape|0 fnt
|faint|p2a: Annihilape
|move|p2b: Volcarona|Overheat|p1b: Rillaboom
|-supereffective|p1b: Rillaboom
|-damage|p1b: Rillaboom|0 fnt
|-unboost|p2b: Volcarona|spa|2
|faint|p1b: Rillaboom
|
|win|rapidsinglestrike
|raw|wait for swarley's rating: 1368 → 1352(-16 for losing)
|raw|rapidsinglestrike's rating: 1442 → 1458(+16 for winning)
|l|☆rapidsinglestrike
|player|p2|
|l|☆wait for swarley
|player|p1|
