|j|☆captainspoon
|j|☆Leodess
|html|captainspoonLeodess    
|uhtml|bestof|Game 3 of a best-of-3
|t:|1756464839
|gametype|doubles
|player|p1|captainspoon|170|1141
|player|p2|Leodess|blue|1091
|gen|9
|tier|[Gen 9] VGC 2025 Reg H (Bo3)
|rated|
|rule|Species Clause: Limit one of each Pokémon
|rule|Item Clause: Limit 1 of each item
|clearpoke
|poke|p1|Dragonite, L50, F|
|poke|p1|Gholdengo, L50|
|poke|p1|Ursaluna-Bloodmoon, L50, M|
|poke|p1|Annihilape, L50, F|
|poke|p1|Magmar, L50, F|
|poke|p1|Ninetales-Alola, L50, F|
|poke|p2|Porygon2, L50|
|poke|p2|Torkoal, L50, M|
|poke|p2|Jumpluff, L50, F|
|poke|p2|Charizard, L50, F|
|poke|p2|Ursaluna, L50, M|
|poke|p2|Incineroar, L50, M|
|teampreview|4
|showteam|p1|Dragonite||LoadedDice|Multiscale|ScaleShot,ExtremeSpeed,IceSpinner,Protect|||F|||50|,,,,,Fairy]Gholdengo||MetalCoat|GoodasGold|MakeItRain,ShadowBall,NastyPlot,Protect||||||50|,,,,,Water]Ursaluna-Bloodmoon||AssaultVest|MindsEye|BloodMoon,HyperVoice,VacuumWave,EarthPower|||M|||50|,,,,,Poison]Annihilape||SafetyGoggles|Defiant|DrainPunch,RageFist,BulkUp,Protect|||F|||50|,,,,,Water]Magmar||Eviolite|FlameBody|Overheat,ClearSmog,FollowMe,Protect|||F|||50|,,,,,Ghost]Ninetales-Alola||LightClay|SnowWarning|Blizzard,IcicleSpear,Encore,AuroraVeil|||F|||50|,,,,,Ghost
|showteam|p2|Porygon2||Eviolite|Download|TeraBlast,TrickRoom,Recover,IceBeam||||||50|,,,,,Ghost]Torkoal||ChoiceSpecs|Drought|Eruption,HeatWave,WeatherBall,EarthPower|||M|||50|,,,,,Fire]Jumpluff||CovertCloak|Chlorophyll|RagePowder,Tailwind,SunnyDay,SleepPowder|||F|||50|,,,,,Water]Charizard||Charcoal|SolarPower|WeatherBall,HeatWave,Protect,SolarBeam|||F|||50|,,,,,Grass]Ursaluna||FlameOrb|Guts|Facade,Earthquake,HeadlongRush,Protect|||M|||50|,,,,,Fairy]Incineroar||AssaultVest|Intimidate|FlareBlitz,FakeOut,KnockOff,Uturn|||M|||50|,,,,,Fire
|inactive|Battle timer is ON: inactive players will automatically lose when time's up. (requested by Leodess)
|
|t:|1756464880
|teamsize|p1|4
|teamsize|p2|4
|start
|switch|p1a: Ursaluna|Ursaluna-Bloodmoon, L50, M|100/100
|switch|p1b: Dragonite|Dragonite, L50, F|100/100
|switch|p2a: Porygon2|Porygon2, L50|100/100
|switch|p2b: Jumpluff|Jumpluff, L50, F|100/100
|-ability|p2a: Porygon2|Download|boost
|-boost|p2a: Porygon2|spa|1
|turn|1
|inactive|Leodess has 30 seconds left.
|
|t:|1756464912
|move|p2b: Jumpluff|Sleep Powder|p1b: Dragonite
|-status|p1b: Dragonite|slp|[from] move: Sleep Powder
|cant|p1b: Dragonite|slp
|move|p2a: Porygon2|Tera Blast|p1a: Ursaluna
|-damage|p1a: Ursaluna|64/100
|move|p1a: Ursaluna|Blood Moon|p2b: Jumpluff
|-damage|p2b: Jumpluff|19/100
|
|upkeep
|turn|2
|
|t:|1756464932
|switch|p1a: Annihilape|Annihilape, L50, F|100/100
|move|p2b: Jumpluff|Sleep Powder|p1a: Annihilape
|-activate|p1a: Annihilape|item: Safety Goggles|Sleep Powder
|cant|p1b: Dragonite|slp
|move|p2a: Porygon2|Ice Beam|p1b: Dragonite
|-supereffective|p1b: Dragonite
|-damage|p1b: Dragonite|29/100 slp
|
|upkeep
|turn|3
|
|t:|1756464952
|switch|p1b: Ninetales|Ninetales-Alola, L50, F|100/100
|-weather|Snowscape|[from] ability: Snow Warning|[of] p1b: Ninetales
|-terastallize|p2a: Porygon2|Ghost
|move|p2b: Jumpluff|Tailwind|p2b: Jumpluff
|-sidestart|p2: Leodess|move: Tailwind
|move|p2a: Porygon2|Tera Blast|p1a: Annihilape|[anim] Tera Blast Ghost
|-supereffective|p1a: Annihilape
|-damage|p1a: Annihilape|16/100
|move|p1a: Annihilape|Rage Fist|p2b: Jumpluff
|-damage|p2b: Jumpluff|0 fnt
|faint|p2b: Jumpluff
|
|-weather|Snowscape|[upkeep]
|upkeep
|
|t:|1756464967
|switch|p2b: Torkoal|Torkoal, L50, M|100/100
|-weather|SunnyDay|[from] ability: Drought|[of] p2b: Torkoal
|turn|4
|
|t:|1756464982
|switch|p1b: Dragonite|Dragonite, L50, F|29/100 slp
|move|p1a: Annihilape|Protect|p1a: Annihilape
|-singleturn|p1a: Annihilape|Protect
|move|p2a: Porygon2|Ice Beam|p1a: Annihilape
|-activate|p1a: Annihilape|move: Protect
|move|p2b: Torkoal|Heat Wave|p1b: Dragonite|[spread] p1b
|-activate|p1a: Annihilape|move: Protect
|-resisted|p1b: Dragonite
|-damage|p1b: Dragonite|0 fnt
|faint|p1b: Dragonite
|
|-weather|SunnyDay|[upkeep]
|upkeep
|
|t:|1756464994
|switch|p1b: Ninetales|Ninetales-Alola, L50, F|100/100
|-weather|Snowscape|[from] ability: Snow Warning|[of] p1b: Ninetales
|turn|5
|
|t:|1756465004
|switch|p1a: Ursaluna|Ursaluna-Bloodmoon, L50, M|64/100
|move|p1b: Ninetales|Aurora Veil|p1b: Ninetales
|-sidestart|p1: captainspoon|move: Aurora Veil
|move|p2a: Porygon2|Ice Beam|p1a: Ursaluna
|-supereffective|p1a: Ursaluna
|-damage|p1a: Ursaluna|28/100
|-status|p1a: Ursaluna|frz
|move|p2b: Torkoal|Heat Wave|p1a: Ursaluna|[spread] p1a,p1b
|-supereffective|p1b: Ninetales
|-damage|p1a: Ursaluna|5/100 frz
|-damage|p1b: Ninetales|46/100
|-curestatus|p1a: Ursaluna|frz|[msg]
|
|-weather|Snowscape|[upkeep]
|upkeep
|turn|6
|
|t:|1756465025
|move|p1b: Ninetales|Blizzard|p2a: Porygon2|[spread] p2a,p2b
|-resisted|p2b: Torkoal
|-damage|p2a: Porygon2|86/100
|-damage|p2b: Torkoal|85/100
|move|p2a: Porygon2|Ice Beam|p1a: Ursaluna
|-supereffective|p1a: Ursaluna
|-damage|p1a: Ursaluna|0 fnt
|faint|p1a: Ursaluna
|move|p2b: Torkoal|Heat Wave|p1b: Ninetales
|-supereffective|p1b: Ninetales
|-damage|p1b: Ninetales|0 fnt
|faint|p1b: Ninetales
|
|-weather|Snowscape|[upkeep]
|-sideend|p2: Leodess|move: Tailwind
|upkeep
|
|t:|1756465031
|switch|p1b: Annihilape|Annihilape, L50, F|16/100
|turn|7
|
|t:|1756465041
|move|p1b: Annihilape|Rage Fist|p2a: Porygon2
|-supereffective|p2a: Porygon2
|-damage|p2a: Porygon2|42/100
|move|p2a: Porygon2|Tera Blast|p1b: Annihilape|[anim] Tera Blast Ghost
|-supereffective|p1b: Annihilape
|-damage|p1b: Annihilape|0 fnt
|faint|p1b: Annihilape
|
|win|Leodess
|raw|captainspoon's rating: 1141 → 1112(-29 for losing)
|raw|Leodess's rating: 1091 → 1121(+30 for winning)
|c|☆Leodess|gg wp
|c|☆captainspoon|gg
