|j|☆CheesyTime
|j|☆Ianthebluefishv2
|html|CheesyTimeIanthebluefishv2    
|uhtml|bestof|Game 1 of a best-of-3
|t:|1782658018
|gametype|doubles
|player|p1|CheesyTime|colress|1317
|player|p2|Ianthebluefishv2|janitor|1354
|gen|9
|tier|[Gen 9 Champions] VGC 2026 Reg M-B (Bo3)
|rated|
|rule|Species Clause: Limit one of each Pokémon
|rule|Item Clause: Limit 1 of each item
|clearpoke
|poke|p1|Grimmsnarl, L50, M, shiny|
|poke|p1|Swampert, L50, M|
|poke|p1|Pelipper, L50, M|
|poke|p1|Archaludon, L50, M|
|poke|p1|Sinistcha, L50|
|poke|p1|Metagross, L50, shiny|
|poke|p2|Pyroar, L50, F|
|poke|p2|Torkoal, L50, F|
|poke|p2|Scrafty, L50, F|
|poke|p2|Farigiraf, L50, F|
|poke|p2|Sylveon, L50, M|
|poke|p2|Vileplume, L50, F|
|teampreview|4
|showteam|p1|Grimmsnarl||LightClay|Prankster|FoulPlay,PartingShot,Reflect,LightScreen|Calm||M|||50|]Swampert||Swampertite|Damp|WaveCrash,Earthquake,IcePunch,Protect|Adamant||M|||50|]Pelipper||SitrusBerry|Drizzle|Hurricane,WeatherBall,Tailwind,WideGuard|Modest||M|||50|]Archaludon||Leftovers|Stamina|ElectroShot,DragonPulse,FlashCannon,Protect|Modest||M|||50|]Sinistcha||CobaBerry|Hospitality|MatchaGotcha,RagePowder,TrickRoom,Protect|Relaxed|||||50|]Metagross||Metagrossite|ClearBody|IronHead,PsychicFangs,BodyPress,Protect|Jolly|||||50|
|showteam|p2|Pyroar||Pyroarite|Unnerve|HeatWave,Overheat,ScorchingSands,Protect|Timid||F|||50|]Torkoal||Charcoal|Drought|HeatWave,Eruption,HelpingHand,Protect|Quiet||F|||50|]Scrafty||Scraftinite|Intimidate|FakeOut,CloseCombat,KnockOff,PoisonJab|Brave||F|||50|]Farigiraf||ColburBerry|ArmorTail|Thunderbolt,Psychic,TrickRoom,HelpingHand|Modest||F|||50|]Sylveon||FairyFeather|Pixilate|HyperVoice,HyperBeam,QuickAttack,Protect|Quiet||M|||50|]Vileplume||FocusSash|Chlorophyll|EnergyBall,Protect,SleepPowder,AfterYou|Timid||F|||50|
|c|☆Ianthebluefishv2|Glhf
|c|☆CheesyTime|y2
|
|t:|1782658054
|teamsize|p1|4
|teamsize|p2|4
|start
|switch|p1a: Pelipper|Pelipper, L50, M|100/100
|switch|p1b: Archaludon|Archaludon, L50, M|100/100
|switch|p2a: Farigiraf|Farigiraf, L50, F|100/100
|switch|p2b: Scrafty|Scrafty, L50, F|100/100
|-weather|RainDance|[from] ability: Drizzle|[of] p1a: Pelipper
|-ability|p2b: Scrafty|Intimidate|boost
|-unboost|p1a: Pelipper|atk|1
|-unboost|p1b: Archaludon|atk|1
|turn|1
|
|t:|1782658080
|switch|p1a: Grimmsnarl|Grimmsnarl, L50, M, shiny|100/100
|switch|p2b: Torkoal|Torkoal, L50, F|100/100
|-weather|SunnyDay|[from] ability: Drought|[of] p2b: Torkoal
|move|p1b: Archaludon|Electro Shot||[still]
|-prepare|p1b: Archaludon|Electro Shot
|-boost|p1b: Archaludon|spa|1
|move|p2a: Farigiraf|Trick Room|p2a: Farigiraf
|-fieldstart|move: Trick Room|[of] p2a: Farigiraf
|
|-weather|SunnyDay|[upkeep]
|upkeep
|turn|2
|
|t:|1782658096
|switch|p2a: Sylveon|Sylveon, L50, M|100/100
|switch|p1a: Pelipper|Pelipper, L50, M|100/100
|-weather|RainDance|[from] ability: Drizzle|[of] p1a: Pelipper
|move|p2b: Torkoal|Eruption|p1a: Pelipper|[spread] p1a,p1b
|-resisted|p1a: Pelipper|1
|-damage|p1a: Pelipper|82/100
|-damage|p1b: Archaludon|73/100
|-ability|p1b: Archaludon|Stamina|boost
|-boost|p1b: Archaludon|def|1
|move|p1b: Archaludon|Electro Shot|p2b: Torkoal|[from] lockedmove
|-damage|p2b: Torkoal|22/100
|
|-weather|RainDance|[upkeep]
|-heal|p1b: Archaludon|79/100|[from] item: Leftovers
|upkeep
|turn|3
|
|t:|1782658125
|switch|p2b: Scrafty|Scrafty, L50, F|100/100
|-ability|p2b: Scrafty|Intimidate|boost
|-unboost|p1a: Pelipper|atk|1
|-unboost|p1b: Archaludon|atk|1
|switch|p1a: Grimmsnarl|Grimmsnarl, L50, M, shiny|100/100
|move|p1b: Archaludon|Protect|p1b: Archaludon
|-singleturn|p1b: Archaludon|Protect
|move|p2a: Sylveon|Hyper Beam|p1b: Archaludon
|-activate|p1b: Archaludon|move: Protect
|
|-weather|RainDance|[upkeep]
|-heal|p1b: Archaludon|85/100|[from] item: Leftovers
|upkeep
|turn|4
|
|t:|1782658153
|detailschange|p2b: Scrafty|Scrafty-Mega, L50, F
|-mega|p2b: Scrafty|Scrafty|Scraftinite
|-ability|p2b: Scrafty|Intimidate|boost
|-unboost|p1a: Grimmsnarl|atk|1
|-unboost|p1b: Archaludon|atk|1
|move|p2b: Scrafty|Fake Out|p1a: Grimmsnarl
|-damage|p1a: Grimmsnarl|84/100
|cant|p1a: Grimmsnarl|flinch
|move|p2a: Sylveon|Hyper Beam|p1b: Archaludon
|-damage|p1b: Archaludon|0 fnt
|-mustrecharge|p2a: Sylveon
|faint|p1b: Archaludon
|
|-weather|RainDance|[upkeep]
|upkeep
|
|t:|1782658159
|switch|p1b: Swampert|Swampert, L50, M|100/100
|turn|5
|
|t:|1782658190
|switch|p2b: Torkoal|Torkoal, L50, F|22/100
|-weather|SunnyDay|[from] ability: Drought|[of] p2b: Torkoal
|detailschange|p1b: Swampert|Swampert-Mega, L50, M
|-mega|p1b: Swampert|Swampert|Swampertite
|move|p1a: Grimmsnarl|Reflect|p1a: Grimmsnarl
|-sidestart|p1: CheesyTime|Reflect
|cant|p2a: Sylveon|recharge
|move|p1b: Swampert|Wave Crash|p2b: Torkoal
|-supereffective|p2b: Torkoal|1
|-damage|p2b: Torkoal|0 fnt
|faint|p2b: Torkoal
|-damage|p1b: Swampert|93/100|[from] Recoil
|
|-weather|SunnyDay|[upkeep]
|-fieldend|move: Trick Room
|upkeep
|
|t:|1782658202
|switch|p2b: Scrafty|Scrafty-Mega, L50, F|100/100
|-ability|p2b: Scrafty|Intimidate|boost
|-unboost|p1a: Grimmsnarl|atk|1
|-unboost|p1b: Swampert|atk|1
|turn|6
|
|t:|1782658215
|switch|p1b: Pelipper|Pelipper, L50, M|82/100
|-weather|RainDance|[from] ability: Drizzle|[of] p1b: Pelipper
|move|p2b: Scrafty|Fake Out|p1a: Grimmsnarl
|-damage|p1a: Grimmsnarl|74/100
|cant|p1a: Grimmsnarl|flinch
|move|p2a: Sylveon|Hyper Voice|p1b: Pelipper|[spread] p1a,p1b
|-supereffective|p1a: Grimmsnarl|1
|-damage|p1a: Grimmsnarl|0 fnt
|-damage|p1b: Pelipper|26/100
|-enditem|p1b: Pelipper|Sitrus Berry|[eat]
|-heal|p1b: Pelipper|50/100g|[from] item: Sitrus Berry
|faint|p1a: Grimmsnarl
|
|-weather|RainDance|[upkeep]
|upkeep
|
|t:|1782658217
|switch|p1a: Swampert|Swampert-Mega, L50, M|93/100
|turn|7
|
|t:|1782658230
|switch|p2b: Farigiraf|Farigiraf, L50, F|100/100
|move|p2a: Sylveon|Protect|p2a: Sylveon
|-singleturn|p2a: Sylveon|Protect
|move|p1a: Swampert|Earthquake|p2b: Farigiraf|[spread] p2b
|-activate|p2a: Sylveon|move: Protect
|-immune|p1b: Pelipper
|-damage|p2b: Farigiraf|56/100
|move|p1b: Pelipper|Hurricane|p2b: Farigiraf
|-damage|p2b: Farigiraf|21/100
|-start|p2b: Farigiraf|confusion
|
|-weather|RainDance|[upkeep]
|upkeep
|turn|8
|
|t:|1782658270
|move|p2a: Sylveon|Protect||[still]
|-fail|p2a: Sylveon
|move|p1a: Swampert|Wave Crash|p2a: Sylveon
|-damage|p2a: Sylveon|0 fnt
|faint|p2a: Sylveon
|-damage|p1a: Swampert|58/100|[from] Recoil
|move|p1b: Pelipper|Hurricane|p2b: Farigiraf
|-damage|p2b: Farigiraf|0 fnt
|faint|p2b: Farigiraf
|
|-weather|RainDance|[upkeep]
|upkeep
|
|t:|1782658276
|switch|p2b: Scrafty|Scrafty-Mega, L50, F|100/100
|-ability|p2b: Scrafty|Intimidate|boost
|-unboost|p1a: Swampert|atk|1
|-unboost|p1b: Pelipper|atk|1
|turn|9
|
|t:|1782658280
|move|p1a: Swampert|Wave Crash|p2b: Scrafty
|-damage|p2b: Scrafty|34/100
|-damage|p1a: Swampert|39/100|[from] Recoil
|move|p1b: Pelipper|Hurricane|p2b: Scrafty
|-supereffective|p2b: Scrafty|1
|-damage|p2b: Scrafty|0 fnt
|faint|p2b: Scrafty
|
|win|CheesyTime
