|j|☆kastusdiea
|j|☆ubhq alice
|html|kastusdieaubhq alice    
|uhtml|bestof|Game 1 of a best-of-3
|t:|1757798748
|gametype|doubles
|player|p1|kastusdiea|policeman-gen4|1153
|player|p2|ubhq alice|265|1194
|gen|9
|tier|[Gen 9] VGC 2025 Reg H (Bo3)
|rated|
|rule|Species Clause: Limit one of each Pokémon
|rule|Item Clause: Limit 1 of each item
|clearpoke
|poke|p1|Flamigo, L50, F|
|poke|p1|Decidueye-Hisui, L50, F|
|poke|p1|Staraptor, L50, F|
|poke|p1|Pelipper, L50, M|
|poke|p1|Talonflame, L50, M|
|poke|p1|Altaria, L50, M|
|poke|p2|Volbeat, L50, M|
|poke|p2|Archaludon, L50, M|
|poke|p2|Gholdengo, L50|
|poke|p2|Sneasler, L50, F|
|poke|p2|Pelipper, L50, F|
|poke|p2|Basculegion, L50, M|
|teampreview|4
|showteam|p1|Flamigo||FocusSash|Scrappy|CloseCombat,Acrobatics,Protect,SwordsDance|||F|||50|,,,,,Fighting]Decidueye-Hisui||ChoiceScarf|Scrappy|CloseCombat,LeafBlade,SuckerPunch,Protect|||F|||50|,,,,,Fighting]Staraptor||ChoiceBand|Reckless|BraveBird,CloseCombat,Uturn,DoubleEdge|||F|||50|,,,,,Flying]Pelipper||DampRock|Drizzle|Tailwind,WeatherBall,Hurricane,Protect|||M|||50|,,,,,Water]Talonflame||CovertCloak|GaleWings|Tailwind,FlareBlitz,BraveBird,WillOWisp|||M|||50|,,,,,Ghost]Altaria||Leftovers|CloudNine|DragonDance,DragonClaw,Earthquake,Protect|||M|||50|,,,,,Ground
|showteam|p2|Volbeat||CovertCloak|Prankster|Tailwind,Lunge,LightScreen,RainDance|||M|||50|,,,,,Electric]Archaludon||AssaultVest|Stamina|DracoMeteor,FlashCannon,ElectroShot,BodyPress|||M|||50|,,,,,Bug]Gholdengo||LifeOrb|GoodasGold|MakeItRain,ShadowBall,NastyPlot,Protect||||||50|,,,,,Steel]Sneasler||FocusSash|PoisonTouch|CloseCombat,DireClaw,FakeOut,Protect|||F|||50|,,,,,Ghost]Pelipper||SafetyGoggles|Drizzle|WeatherBall,Hurricane,Tailwind,Protect|||F|||50|,,,,,Steel]Basculegion||MysticWater|SwiftSwim|WaveCrash,FlipTurn,LastRespects,AquaJet|||M|||50|,,,,,Water
|c|☆ubhq alice|yo cool as bird team
|inactive|Battle timer is ON: inactive players will automatically lose when time's up. (requested by kastusdiea)
|
|t:|1757798798
|teamsize|p1|4
|teamsize|p2|4
|start
|switch|p1a: Altaria|Altaria, L50, M|100/100
|switch|p1b: Staraptor|Staraptor, L50, F|100/100
|switch|p2a: Volbeat|Volbeat, L50, M|100/100
|switch|p2b: Sneasler|Sneasler, L50, F|100/100
|-ability|p1a: Altaria|Cloud Nine
|turn|1
|inactive|kastusdiea has 30 seconds left.
|inactive|kastusdiea has 20 seconds left.
|
|t:|1757798835
|-terastallize|p1a: Altaria|Ground
|move|p2b: Sneasler|Fake Out|p1b: Staraptor
|-damage|p1b: Staraptor|80/100
|cant|p1b: Staraptor|flinch
|move|p2a: Volbeat|Lunge|p1b: Staraptor
|-resisted|p1b: Staraptor
|-damage|p1b: Staraptor|63/100
|-unboost|p1b: Staraptor|atk|1
|move|p1a: Altaria|Earthquake|p2a: Volbeat|[spread] p2a,p2b
|-immune|p1b: Staraptor
|-resisted|p2a: Volbeat
|-supereffective|p2b: Sneasler
|-damage|p2a: Volbeat|90/100
|-damage|p2b: Sneasler|41/100
|
|upkeep
|turn|2
|
|t:|1757798857
|move|p2a: Volbeat|Tailwind|p2a: Volbeat
|-sidestart|p2: ubhq alice|move: Tailwind
|move|p2b: Sneasler|Dire Claw|p1b: Staraptor
|-damage|p1b: Staraptor|1/100
|-status|p1b: Staraptor|slp
|cant|p1b: Staraptor|slp
|move|p1a: Altaria|Earthquake|p2b: Sneasler|[spread] p2a,p2b
|-immune|p1b: Staraptor
|-resisted|p2a: Volbeat
|-supereffective|p2b: Sneasler
|-damage|p2a: Volbeat|81/100
|-damage|p2b: Sneasler|0 fnt
|faint|p2b: Sneasler
|
|upkeep
|
|t:|1757798866
|switch|p2b: Archaludon|Archaludon, L50, M|100/100
|turn|3
|
|t:|1757798885
|move|p2a: Volbeat|Lunge|p1a: Altaria
|-damage|p1a: Altaria|78/100
|-unboost|p1a: Altaria|atk|1
|move|p2b: Archaludon|Flash Cannon|p1b: Staraptor
|-damage|p1b: Staraptor|0 fnt
|faint|p1b: Staraptor
|move|p1a: Altaria|Dragon Dance|p1a: Altaria
|-boost|p1a: Altaria|atk|1
|-boost|p1a: Altaria|spe|1
|
|-heal|p1a: Altaria|84/100|[from] item: Leftovers
|upkeep
|
|t:|1757798899
|switch|p1b: Flamigo|Flamigo, L50, F|100/100
|turn|4
|
|t:|1757798923
|-terastallize|p2b: Archaludon|Bug
|move|p2a: Volbeat|Rain Dance|p2a: Volbeat
|-weather|RainDance
|move|p2b: Archaludon|Flash Cannon|p1b: Flamigo
|-damage|p1b: Flamigo|41/100
|move|p1b: Flamigo|Close Combat|p2b: Archaludon
|-resisted|p2b: Archaludon
|-damage|p2b: Archaludon|80/100
|-unboost|p1b: Flamigo|def|1
|-unboost|p1b: Flamigo|spd|1
|-ability|p2b: Archaludon|Stamina|boost
|-boost|p2b: Archaludon|def|1
|move|p1a: Altaria|Dragon Dance|p1a: Altaria
|-boost|p1a: Altaria|atk|1
|-boost|p1a: Altaria|spe|1
|
|-weather|RainDance|[upkeep]
|-heal|p1a: Altaria|90/100|[from] item: Leftovers
|upkeep
|turn|5
|inactive|kastusdiea has 30 seconds left.
|inactive|kastusdiea has 20 seconds left.
|
|t:|1757798958
|move|p1b: Flamigo|Protect|p1b: Flamigo
|-singleturn|p1b: Flamigo|Protect
|move|p2a: Volbeat|Lunge|p1a: Altaria
|-damage|p1a: Altaria|67/100
|-unboost|p1a: Altaria|atk|1
|move|p2b: Archaludon|Flash Cannon|p1b: Flamigo
|-activate|p1b: Flamigo|move: Protect
|move|p1a: Altaria|Dragon Claw|p2b: Archaludon
|-damage|p2b: Archaludon|71/100
|-ability|p2b: Archaludon|Stamina|boost
|-boost|p2b: Archaludon|def|1
|
|-weather|RainDance|[upkeep]
|-heal|p1a: Altaria|73/100|[from] item: Leftovers
|-sideend|p2: ubhq alice|move: Tailwind
|upkeep
|turn|6
|inactive|kastusdiea has 30 seconds left.
|
|t:|1757798987
|move|p2a: Volbeat|Tailwind|p2a: Volbeat
|-sidestart|p2: ubhq alice|move: Tailwind
|move|p2b: Archaludon|Flash Cannon|p1b: Flamigo
|-damage|p1b: Flamigo|0 fnt
|faint|p1b: Flamigo
|move|p1a: Altaria|Dragon Claw|p2a: Volbeat
|-crit|p2a: Volbeat
|-damage|p2a: Volbeat|51/100
|
|-weather|RainDance|[upkeep]
|-heal|p1a: Altaria|79/100|[from] item: Leftovers
|upkeep
|
|t:|1757798998
|switch|p1b: Decidueye|Decidueye-Hisui, L50, F|100/100
|turn|7
|-message|kastusdiea forfeited.
|
|win|ubhq alice
|l|☆kastusdiea
|player|p1|
||ubhq alice is ready for game 2.
||kastusdiea is ready for game 2.
|uhtml|next|Next: Game 2 of 3
