|j|☆Deharo94vgc
|j|☆fluffym1n
|html|Deharo94vgcfluffym1n    
|uhtml|bestof|Game 1 of a best-of-3
|t:|1757099949
|gametype|doubles
|player|p1|Deharo94vgc|lucas|1179
|player|p2|fluffym1n|266|1307
|gen|9
|tier|[Gen 9] VGC 2025 Reg H (Bo3)
|rated|
|rule|Species Clause: Limit one of each Pokémon
|rule|Item Clause: Limit 1 of each item
|clearpoke
|poke|p1|Tyranitar, L50, M|
|poke|p1|Sneasler, L50, F|
|poke|p1|Indeedee, L50, M|
|poke|p1|Excadrill, L50, M|
|poke|p1|Amoonguss, L50, F|
|poke|p1|Gholdengo, L50|
|poke|p2|Archaludon, L50, M|
|poke|p2|Pelipper, L50, M|
|poke|p2|Incineroar, L50, F|
|poke|p2|Basculegion, L50, M|
|poke|p2|Gholdengo, L50|
|poke|p2|Sneasler, L50, M|
|teampreview|4
|showteam|p1|Tyranitar||AssaultVest|SandStream|RockSlide,KnockOff,TeraBlast,LowKick|||M|||50|,,,,,Flying]Sneasler||PsychicSeed|Unburden|DireClaw,ThroatChop,CloseCombat,Protect|||F|||50|,,,,,Dark]Indeedee||ChoiceScarf|PsychicSurge|ExpandingForce,Trick,ShadowBall,TeraBlast|||M|||50|,,,,,Fighting]Excadrill||FocusSash|SandRush|RockSlide,IronHead,HighHorsepower,Protect|||M|||50|,,,,,Ground]Amoonguss||SitrusBerry|Regenerator|ClearSmog,PollenPuff,RagePowder,Spore|||F|||50|,,,,,Water]Gholdengo||ChoiceSpecs|GoodasGold|MakeItRain,ShadowBall,DazzlingGleam,Trick||||||50|,,,,,Fairy
|showteam|p2|Archaludon||AssaultVest|Stamina|DracoMeteor,FlashCannon,ElectroShot,BodyPress|||M|||50|,,,,,Grass]Pelipper||FocusSash|Drizzle|Hurricane,Tailwind,WeatherBall,Protect|||M|||50|,,,,,Ghost]Incineroar||SafetyGoggles|Intimidate|FakeOut,KnockOff,FlareBlitz,PartingShot|||F|||50|,,,,,Ghost]Basculegion||MysticWater|SwiftSwim|WaveCrash,LastRespects,AquaJet,Protect|||M|||50|,,,,,Water]Gholdengo||MetalCoat|GoodasGold|MakeItRain,ShadowBall,NastyPlot,Protect||||||50|,,,,,Water]Sneasler||WhiteHerb|Unburden|FakeOut,CloseCombat,DireClaw,Protect|||M|||50|,,,,,Flying
|inactive|Battle timer is ON: inactive players will automatically lose when time's up. (requested by Deharo94vgc)
|
|t:|1757099971
|teamsize|p1|4
|teamsize|p2|4
|start
|switch|p1a: Indeedee|Indeedee, L50, M|100/100
|switch|p1b: Sneasler|Sneasler, L50, F|100/100
|switch|p2a: Incineroar|Incineroar, L50, F|100/100
|switch|p2b: Basculegion|Basculegion, L50, M|100/100
|-fieldstart|move: Psychic Terrain|[from] ability: Psychic Surge|[of] p1a: Indeedee
|-enditem|p1b: Sneasler|Psychic Seed
|-boost|p1b: Sneasler|spd|1|[from] item: Psychic Seed
|-ability|p2a: Incineroar|Intimidate|boost
|-unboost|p1a: Indeedee|atk|1
|-unboost|p1b: Sneasler|atk|1
|turn|1
|inactive|Deharo94vgc has 30 seconds left.
|inactive|Deharo94vgc has 20 seconds left.
|inactive|Deharo94vgc has 15 seconds left.
|inactive|Deharo94vgc has 10 seconds left.
|
|t:|1757100018
|switch|p2a: Latrine|Pelipper, L50, M|100/100
|-weather|RainDance|[from] ability: Drizzle|[of] p2a: Latrine
|move|p1b: Sneasler|Throat Chop|p2b: Basculegion
|-supereffective|p2b: Basculegion
|-damage|p2b: Basculegion|57/100
|-start|p2b: Basculegion|Throat Chop|[silent]
|move|p2b: Basculegion|Wave Crash|p1a: Indeedee
|-crit|p1a: Indeedee
|-damage|p1a: Indeedee|0 fnt
|faint|p1a: Indeedee
|-damage|p2b: Basculegion|35/100|[from] Recoil
|
|-weather|RainDance|[upkeep]
|upkeep
|
|t:|1757100032
|switch|p1a: Tyranitar|Tyranitar, L50, M|100/100
|-weather|Sandstorm|[from] ability: Sand Stream|[of] p1a: Tyranitar
|turn|2
|
|t:|1757100048
|switch|p2b: Incineroar|Incineroar, L50, F|100/100
|-ability|p2b: Incineroar|Intimidate|boost
|-unboost|p1a: Tyranitar|atk|1
|-unboost|p1b: Sneasler|atk|1
|-terastallize|p1a: Tyranitar|Flying
|move|p1b: Sneasler|Dire Claw|p2a: Latrine
|-damage|p2a: Latrine|73/100
|move|p2a: Latrine|Tailwind|p2a: Latrine
|-sidestart|p2: fluffym1n|move: Tailwind
|move|p1a: Tyranitar|Rock Slide|p2b: Incineroar|[spread] p2a,p2b
|-supereffective|p2a: Latrine
|-supereffective|p2b: Incineroar
|-damage|p2a: Latrine|14/100
|-damage|p2b: Incineroar|63/100
|
|-weather|Sandstorm|[upkeep]
|-damage|p1b: Sneasler|94/100|[from] Sandstorm
|-damage|p2a: Latrine|9/100|[from] Sandstorm
|-damage|p1a: Tyranitar|95/100|[from] Sandstorm
|upkeep
|turn|3
|inactive|Deharo94vgc has 30 seconds left.
|inactive|fluffym1n has 30 seconds left.
|
|t:|1757100079
|switch|p2a: Final Lesson|Archaludon, L50, M|100/100
|move|p1b: Sneasler|Dire Claw|p2a: Final Lesson
|-immune|p2a: Final Lesson
|move|p2b: Incineroar|Parting Shot|p1a: Tyranitar
|-unboost|p1a: Tyranitar|atk|1
|-unboost|p1a: Tyranitar|spa|1
|
|t:|1757100086
|switch|p2b: Latrine|Pelipper, L50, M|9/100|[from] Parting Shot
|-weather|RainDance|[from] ability: Drizzle|[of] p2b: Latrine
|move|p1a: Tyranitar|Low Kick|p2b: Latrine
|-resisted|p2b: Latrine
|-damage|p2b: Latrine|1/100
|
|-weather|RainDance|[upkeep]
|upkeep
|turn|4
|
|t:|1757100105
|switch|p1a: Excadrill|Excadrill, L50, M|100/100
|move|p1b: Sneasler|Throat Chop|p2b: Latrine
|-damage|p2b: Latrine|0 fnt
|faint|p2b: Latrine
|move|p2a: Final Lesson|Electro Shot||[still]
|-prepare|p2a: Final Lesson|Electro Shot
|-boost|p2a: Final Lesson|spa|1
|-anim|p2a: Final Lesson|Electro Shot|p1a: Excadrill
|-immune|p1a: Excadrill
|
|-weather|RainDance|[upkeep]
|upkeep
|
|t:|1757100111
|switch|p2b: Incineroar|Incineroar, L50, F|63/100
|-ability|p2b: Incineroar|Intimidate|boost
|-unboost|p1a: Excadrill|atk|1
|-unboost|p1b: Sneasler|atk|1
|turn|5
|
|t:|1757100133
|-terastallize|p2a: Final Lesson|Grass
|move|p1b: Sneasler|Protect|p1b: Sneasler
|-singleturn|p1b: Sneasler|Protect
|move|p1a: Excadrill|Protect|p1a: Excadrill
|-singleturn|p1a: Excadrill|Protect
|move|p2a: Final Lesson|Flash Cannon|p1b: Sneasler
|-activate|p1b: Sneasler|move: Protect
|move|p2b: Incineroar|Knock Off|p1a: Excadrill
|-activate|p1a: Excadrill|move: Protect
|
|-weather|RainDance|[upkeep]
|-sideend|p2: fluffym1n|move: Tailwind
|-fieldend|move: Psychic Terrain
|upkeep
|turn|6
|
|t:|1757100150
|switch|p1b: Tyranitar|Tyranitar, L50, M, tera:Flying|95/100
|-weather|Sandstorm|[from] ability: Sand Stream|[of] p1b: Tyranitar
|move|p1a: Excadrill|High Horsepower|p2b: Incineroar
|-supereffective|p2b: Incineroar
|-damage|p2b: Incineroar|3/100
|move|p2a: Final Lesson|Body Press|p1a: Excadrill
|-supereffective|p1a: Excadrill
|-damage|p1a: Excadrill|33/100
|move|p2b: Incineroar|Knock Off|p1a: Excadrill
|-damage|p1a: Excadrill|0 fnt
|-enditem|p1a: Excadrill|Focus Sash|[from] move: Knock Off|[of] p2b: Incineroar
|faint|p1a: Excadrill
|
|-weather|Sandstorm|[upkeep]
|-damage|p2a: Final Lesson|94/100|[from] Sandstorm
|-damage|p1b: Tyranitar|89/100|[from] Sandstorm
|upkeep
|
|t:|1757100163
|switch|p1a: Sneasler|Sneasler, L50, F|94/100
|turn|7
|
|t:|1757100177
|switch|p2b: Basculegion|Basculegion, L50, M|35/100
|move|p1a: Sneasler|Dire Claw|p2a: Final Lesson
|-supereffective|p2a: Final Lesson
|-damage|p2a: Final Lesson|34/100
|-ability|p2a: Final Lesson|Stamina|boost
|-boost|p2a: Final Lesson|def|1
|move|p2a: Final Lesson|Draco Meteor|p1a: Sneasler
|-damage|p1a: Sneasler|0 fnt
|-unboost|p2a: Final Lesson|spa|2
|faint|p1a: Sneasler
|move|p1b: Tyranitar|Tera Blast|p2b: Basculegion|[anim] Tera Blast Flying
|-damage|p2b: Basculegion|0 fnt
|faint|p2b: Basculegion
|
|-weather|Sandstorm|[upkeep]
|-damage|p2a: Final Lesson|28/100|[from] Sandstorm
|-damage|p1b: Tyranitar|83/100|[from] Sandstorm
|upkeep
|
|t:|1757100187
|switch|p2b: Incineroar|Incineroar, L50, F|3/100
|-ability|p2b: Incineroar|Intimidate|boost
|-unboost|p1b: Tyranitar|atk|1
|turn|8
|
|t:|1757100198
|move|p2b: Incineroar|Fake Out|p1b: Tyranitar
|-damage|p1b: Tyranitar|73/100
|move|p2a: Final Lesson|Electro Shot||[still]
|-prepare|p2a: Final Lesson|Electro Shot
|-boost|p2a: Final Lesson|spa|1
|cant|p1b: Tyranitar|flinch
|
|-weather|Sandstorm|[upkeep]
|-damage|p2a: Final Lesson|21/100|[from] Sandstorm
|-damage|p1b: Tyranitar|67/100|[from] Sandstorm
|upkeep
|turn|9
|
|t:|1757100208
|move|p2a: Final Lesson|Electro Shot|p1b: Tyranitar|[from] lockedmove
|-supereffective|p1b: Tyranitar
|-damage|p1b: Tyranitar|10/100
|move|p1b: Tyranitar|Tera Blast|p2a: Final Lesson|[anim] Tera Blast Flying
|-supereffective|p2a: Final Lesson
|-damage|p2a: Final Lesson|0 fnt
|faint|p2a: Final Lesson
|move|p2b: Incineroar|Flare Blitz|p1b: Tyranitar
|-damage|p1b: Tyranitar|0 fnt
|faint|p1b: Tyranitar
|-damage|p2b: Incineroar|0 fnt|[from] Recoil
|faint|p2b: Incineroar
|
|win|fluffym1n
||fluffym1n is ready for game 2.
|inactive|Deharo94vgc has 30 seconds to confirm battle start!
||Deharo94vgc is ready for game 2.
|uhtml|next|Next: Game 2 of 3
