|j|☆Bindro
|j|☆apocalipsis hoy
|html|Bindroapocalipsis hoy    
|uhtml|bestof|Game 1 of a best-of-3
|t:|1783244952
|gametype|doubles
|player|p1|Bindro|cyclist-gen4|1038
|player|p2|apocalipsis hoy|265|1165
|gen|9
|tier|[Gen 9 Champions] VGC 2026 Reg M-B (Bo3)
|rated|
|rule|Species Clause: Limit one of each Pokémon
|rule|Item Clause: Limit 1 of each item
|clearpoke
|poke|p1|Metagross, L50|
|poke|p1|Talonflame, L50, M|
|poke|p1|Floette-Eternal, L50, F|
|poke|p1|Garchomp, L50, F|
|poke|p1|Ceruledge, L50, M|
|poke|p1|Ninetales-Alola, L50, F|
|poke|p2|Charizard, L50, M|
|poke|p2|Espathra, L50, M|
|poke|p2|Torkoal, L50, F|
|poke|p2|Aerodactyl, L50, F|
|poke|p2|Sinistcha-Masterpiece, L50|
|poke|p2|Sneasler, L50, F|
|teampreview|4
|showteam|p1|Metagross||Metagrossite|ClearBody|IronHead,Protect,ThunderPunch,PsychicFangs|Adamant|||||50|]Talonflame||SharpBeak|GaleWings|FlareBlitz,Protect,DualWingbeat,Tailwind|Adamant||M|||50|]Floette-Eternal||Floettite|FlowerVeil|LightofRuin,DazzlingGleam,Protect,Moonblast|Modest||F|||50|]Garchomp||LifeOrb|RoughSkin|Earthquake,Protect,RockSlide,DragonClaw|Jolly||F|||50|]Ceruledge||SitrusBerry|FlashFire|BitterBlade,ShadowSneak,BulkUp,Protect|Adamant||M|||50|]Ninetales-Alola||NeverMeltIce|SnowWarning|Blizzard,FreezeDry,Encore,Protect|Timid||F|||50|
|showteam|p2|Charizard||CharizarditeY|SolarPower|HeatWave,SolarBeam,Flamethrower,Protect|Timid||M|||50|]Espathra||FocusSash|SpeedBoost|LuminaCrash,BatonPass,CalmMind,Protect|Timid||M|||50|]Torkoal||Charcoal|Drought|Eruption,HeatWave,HelpingHand,Protect|Quiet||F|||50|]Aerodactyl||Aerodactylite|RockHead|RockSlide,IceFang,Tailwind,WideGuard|Jolly||F|||50|]Sinistcha-Masterpiece||SitrusBerry|Hospitality|MatchaGotcha,RagePowder,TrickRoom,ShadowBall|Sassy|||||50|]Sneasler||WhiteHerb|Unburden|FakeOut,CloseCombat,DireClaw,Protect|Jolly||F|||50|
|inactive|Battle timer is ON: inactive players will automatically lose when time's up. (requested by Bindro)
|
|t:|1783244995
|teamsize|p1|4
|teamsize|p2|4
|start
|switch|p1a: Floette|Floette-Eternal, L50, F|100/100
|switch|p1b: Talonflame|Talonflame, L50, M|100/100
|switch|p2a: Aerodactyl|Aerodactyl, L50, F|100/100
|switch|p2b: Sinistcha|Sinistcha-Masterpiece, L50|100/100
|turn|1
|inactive|Bindro has 30 seconds left.
|inactive|apocalipsis hoy has 30 seconds left.
|inactive|Bindro has 20 seconds left.
|
|t:|1783245033
|switch|p1b: Garchomp|Garchomp, L50, F|100/100
|detailschange|p1a: Floette|Floette-Mega, L50, F
|-mega|p1a: Floette|Floette|Floettite
|-ability|p1a: Floette|Fairy Aura
|move|p2a: Aerodactyl|Rock Slide|p1a: Floette|[spread] p1a,p1b
|-resisted|p1b: Garchomp|1
|-damage|p1a: Floette|66/100
|-damage|p1b: Garchomp|88/100
|move|p1a: Floette|Dazzling Gleam|p2b: Sinistcha|[spread] p2a,p2b
|-damage|p2a: Aerodactyl|24/100
|-damage|p2b: Sinistcha|46/100
|-enditem|p2b: Sinistcha|Sitrus Berry|[eat]
|-heal|p2b: Sinistcha|70/100|[from] item: Sitrus Berry
|move|p2b: Sinistcha|Trick Room|p2b: Sinistcha
|-fieldstart|move: Trick Room|[of] p2b: Sinistcha
|
|upkeep
|turn|2
|inactive|Bindro has 30 seconds left.
|inactive|apocalipsis hoy has 30 seconds left.
|
|t:|1783245062
|move|p2b: Sinistcha|Matcha Gotcha|p1a: Floette|[spread] p1a,p1b
|-damage|p1a: Floette|40/100
|-heal|p2b: Sinistcha|82/100|[from] drain|[of] p1a: Floette
|-damage|p1b: Garchomp|53/100
|-heal|p2b: Sinistcha|100/100|[from] drain|[of] p1b: Garchomp
|move|p1a: Floette|Dazzling Gleam|p2a: Aerodactyl|[spread] p2a,p2b
|-damage|p2a: Aerodactyl|0 fnt
|-damage|p2b: Sinistcha|43/100
|faint|p2a: Aerodactyl
|move|p1b: Garchomp|Rock Slide|p2b: Sinistcha
|-damage|p2b: Sinistcha|11/100
|-damage|p1b: Garchomp|44/100|[from] item: Life Orb
|
|upkeep
|
|t:|1783245080
|switch|p2a: Torkoal|Torkoal, L50, F|100/100
|-weather|SunnyDay|[from] ability: Drought|[of] p2a: Torkoal
|turn|3
|
|t:|1783245093
|move|p1a: Floette|Protect|p1a: Floette
|-singleturn|p1a: Floette|Protect
|move|p1b: Garchomp|Protect|p1b: Garchomp
|-singleturn|p1b: Garchomp|Protect
|move|p2a: Torkoal|Eruption|p1a: Floette|[spread] 
|-activate|p1a: Floette|move: Protect
|-activate|p1b: Garchomp|move: Protect
|move|p2b: Sinistcha|Shadow Ball|p1a: Floette
|-activate|p1a: Floette|move: Protect
|
|-weather|SunnyDay|[upkeep]
|upkeep
|turn|4
|
|t:|1783245111
|switch|p1a: Ninetales|Ninetales-Alola, L50, F|100/100
|-weather|Snowscape|[from] ability: Snow Warning|[of] p1a: Ninetales
|move|p2a: Torkoal|Eruption|p1a: Ninetales|[spread] p1a,p1b
|-supereffective|p1a: Ninetales|1
|-resisted|p1b: Garchomp|1
|-damage|p1a: Ninetales|0 fnt
|-damage|p1b: Garchomp|14/100
|faint|p1a: Ninetales
|move|p2b: Sinistcha|Shadow Ball|p1b: Garchomp
|-damage|p1b: Garchomp|0 fnt
|faint|p1b: Garchomp
|
|-weather|Snowscape|[upkeep]
|upkeep
|
|t:|1783245121
|switch|p1b: Talonflame|Talonflame, L50, M|100/100
|switch|p1a: Floette|Floette-Mega, L50, F|40/100
|-ability|p1a: Floette|Fairy Aura
|turn|5
|
|t:|1783245136
|switch|p2b: Charizard|Charizard, L50, M|100/100
|move|p1a: Floette|Protect|p1a: Floette
|-singleturn|p1a: Floette|Protect
|move|p1b: Talonflame|Protect|p1b: Talonflame
|-singleturn|p1b: Talonflame|Protect
|move|p2a: Torkoal|Eruption|p1b: Talonflame|[spread] 
|-activate|p1a: Floette|move: Protect
|-activate|p1b: Talonflame|move: Protect
|
|-weather|Snowscape|[upkeep]
|-fieldend|move: Trick Room
|upkeep
|turn|6
|inactive|Bindro has 30 seconds left.
|inactive|apocalipsis hoy has 30 seconds left.
|
|t:|1783245167
|detailschange|p2b: Charizard|Charizard-Mega-Y, L50, M
|-mega|p2b: Charizard|Charizard|Charizardite Y
|-weather|SunnyDay|[from] ability: Drought|[of] p2b: Charizard
|move|p1b: Talonflame|Dual Wingbeat|p2a: Torkoal
|-damage|p2a: Torkoal|82/100
|-damage|p2a: Torkoal|63/100
|-hitcount|p2a: Torkoal|2
|move|p2b: Charizard|Flamethrower|p1a: Floette
|-damage|p1a: Floette|0 fnt
|faint|p1a: Floette
|move|p2a: Torkoal|Heat Wave|p1b: Talonflame
|-resisted|p1b: Talonflame|1
|-damage|p1b: Talonflame|38/100
|
|-weather|SunnyDay|[upkeep]
|upkeep
|turn|7
|-message|Bindro forfeited.
|
|win|apocalipsis hoy
