|j|☆Chukimori
|j|☆James Ferraro
|html|ChukimoriJames Ferraro    
|uhtml|bestof|Game 3 of a best-of-3
|t:|1782216306
|gametype|doubles
|player|p1|Chukimori|gambler|1156
|player|p2|James Ferraro|veteranf|1164
|gen|9
|tier|[Gen 9 Champions] VGC 2026 Reg M-B (Bo3)
|rated|
|rule|Species Clause: Limit one of each Pokémon
|rule|Item Clause: Limit 1 of each item
|clearpoke
|poke|p1|Annihilape, L50, F|
|poke|p1|Metagross, L50|
|poke|p1|Whimsicott, L50, M|
|poke|p1|Basculegion, L50, M|
|poke|p1|Charizard, L50, F|
|poke|p1|Hydreigon, L50, F|
|poke|p2|Basculegion, L50, M|
|poke|p2|Kingambit, L50, F|
|poke|p2|Sneasler, L50, F|
|poke|p2|Incineroar, L50, M|
|poke|p2|Sinistcha, L50|
|poke|p2|Floette-Eternal, L50, F|
|teampreview|4
|showteam|p1|Annihilape||SpellTag|Defiant|RageFist,Taunt,CloseCombat,Protect|Jolly||F|||50|]Metagross||Metagrossite|ClearBody|Protect,PsychicFangs,IronHead,RockSlide|Jolly|||||50|]Whimsicott||FocusSash|Prankster|BeatUp,Tailwind,Protect,Moonblast|Timid||M|||50|]Basculegion||LifeOrb|Adaptability|WaveCrash,LastRespects,Protect,AquaJet|Adamant||M|||50|]Charizard||CharizarditeY|Blaze|Protect,HeatWave,WeatherBall,SolarBeam|Modest||F|||50|]Hydreigon||ChoiceScarf|Levitate|DracoMeteor,Snarl,HeatWave,DarkPulse|Modest||F|||50|
|showteam|p2|Basculegion||ChoiceScarf|Adaptability|LastRespects,WaveCrash,FlipTurn,AquaJet|Adamant||M|||50|]Kingambit||BlackGlasses|Defiant|KowtowCleave,SuckerPunch,SwordsDance,Protect|Adamant||F|||50|]Sneasler||FocusSash|PoisonTouch|CloseCombat,DireClaw,FakeOut,Protect|Jolly||F|||50|]Incineroar||SitrusBerry|Intimidate|FlareBlitz,ThroatChop,FakeOut,PartingShot|Impish||M|||50|]Sinistcha||KasibBerry|Hospitality|MatchaGotcha,LifeDew,RagePowder,Protect|Relaxed|||||50|]Floette-Eternal||Floettite|FlowerVeil|DazzlingGleam,DrainingKiss,CalmMind,Protect|Timid||F|||50|
|inactive|Battle timer is ON: inactive players will automatically lose when time's up. (requested by James Ferraro)
|
|t:|1782216321
|teamsize|p1|4
|teamsize|p2|4
|start
|switch|p1a: Annihilape|Annihilape, L50, F|100/100
|switch|p1b: Metagross|Metagross, L50|100/100
|switch|p2a: Basculegion|Basculegion, L50, M|100/100
|switch|p2b: Floette|Floette-Eternal, L50, F|100/100
|turn|1
|
|t:|1782216341
|detailschange|p2b: Floette|Floette-Mega, L50, F
|-mega|p2b: Floette|Floette|Floettite
|-ability|p2b: Floette|Fairy Aura
|detailschange|p1b: Metagross|Metagross-Mega, L50
|-mega|p1b: Metagross|Metagross|Metagrossite
|move|p1a: Annihilape|Protect|p1a: Annihilape
|-singleturn|p1a: Annihilape|Protect
|move|p2a: Basculegion|Flip Turn|p1a: Annihilape
|-activate|p1a: Annihilape|move: Protect
|move|p1b: Metagross|Psychic Fangs|p2a: Basculegion
|-damage|p2a: Basculegion|21/100
|move|p2b: Floette|Dazzling Gleam|p1a: Annihilape|[spread] p1b
|-activate|p1a: Annihilape|move: Protect
|-resisted|p1b: Metagross|1
|-damage|p1b: Metagross|81/100
|
|upkeep
|turn|2
|
|t:|1782216362
|move|p2a: Basculegion|Flip Turn|p1a: Annihilape
|-damage|p1a: Annihilape|58/100
|
|t:|1782216365
|switch|p2a: Incineroar|Incineroar, L50, M|100/100|[from] Flip Turn
|-ability|p2a: Incineroar|Intimidate|boost
|-unboost|p1a: Annihilape|atk|1
|-ability|p1a: Annihilape|Defiant|boost
|-boost|p1a: Annihilape|atk|2
|-unboost|p1b: Metagross|atk|1
|move|p1b: Metagross|Iron Head|p2b: Floette
|-supereffective|p2b: Floette|1
|-damage|p2b: Floette|19/100
|move|p2b: Floette|Draining Kiss|p1a: Annihilape
|-supereffective|p1a: Annihilape|1
|-damage|p1a: Annihilape|1/100
|-heal|p2b: Floette|74/100|[from] drain|[of] p1a: Annihilape
|move|p1a: Annihilape|Rage Fist|p2a: Incineroar
|-resisted|p2a: Incineroar|1
|-damage|p2a: Incineroar|62/100
|
|upkeep
|turn|3
|inactive|James Ferraro has 30 seconds left.
|
|t:|1782216391
|switch|p1b: Whimsicott|Whimsicott, L50, M|100/100
|move|p1a: Annihilape|Protect|p1a: Annihilape
|-singleturn|p1a: Annihilape|Protect
|move|p2a: Incineroar|Fake Out|p1b: Whimsicott
|-crit|p1b: Whimsicott
|-damage|p1b: Whimsicott|73/100
|move|p2b: Floette|Calm Mind|p2b: Floette
|-boost|p2b: Floette|spa|1
|-boost|p2b: Floette|spd|1
|
|upkeep
|turn|4
|
|t:|1782216406
|switch|p2a: Sinistcha|Sinistcha, L50|100/100
|-heal|p2b: Floette|99/100|[from] ability: Hospitality|[of] p2a: Sinistcha
|move|p1b: Whimsicott|Tailwind|p1b: Whimsicott
|-sidestart|p1: Chukimori|move: Tailwind
|move|p1a: Annihilape|Close Combat|p2a: Sinistcha
|-immune|p2a: Sinistcha
|move|p2b: Floette|Dazzling Gleam|p1a: Annihilape|[spread] p1a,p1b
|-supereffective|p1a: Annihilape|1
|-crit|p1b: Whimsicott
|-damage|p1a: Annihilape|0 fnt
|-damage|p1b: Whimsicott|0 fnt
|faint|p1a: Annihilape
|faint|p1b: Whimsicott
|
|upkeep
|
|t:|1782216412
|switch|p1b: Basculegion|Basculegion, L50, M|100/100
|switch|p1a: Metagross|Metagross-Mega, L50|81/100
|turn|5
|
|t:|1782216430
|switch|p2a: Incineroar|Incineroar, L50, M|62/100
|-ability|p2a: Incineroar|Intimidate|boost
|-unboost|p1a: Metagross|atk|1
|-unboost|p1b: Basculegion|atk|1
|move|p1a: Metagross|Protect|p1a: Metagross
|-singleturn|p1a: Metagross|Protect
|move|p2b: Floette|Protect|p2b: Floette
|-singleturn|p2b: Floette|Protect
|move|p1b: Basculegion|Last Respects|p2a: Incineroar
|-resisted|p2a: Incineroar|1
|-damage|p2a: Incineroar|29/100
|-enditem|p2a: Incineroar|Sitrus Berry|[eat]
|-heal|p2a: Incineroar|54/100|[from] item: Sitrus Berry
|-damage|p1b: Basculegion|90/100|[from] item: Life Orb
|
|upkeep
|turn|6
|inactive|Chukimori has 30 seconds left.
|inactive|James Ferraro has 30 seconds left.
|
|t:|1782216458
|switch|p2a: Sinistcha|Sinistcha, L50|100/100
|-heal|p2b: Floette|100/100|[from] ability: Hospitality|[of] p2a: Sinistcha
|move|p1b: Basculegion|Aqua Jet|p2b: Floette
|-damage|p2b: Floette|75/100
|-damage|p1b: Basculegion|80/100|[from] item: Life Orb
|move|p1a: Metagross|Iron Head|p2b: Floette
|-supereffective|p2b: Floette|1
|-damage|p2b: Floette|4/100
|move|p2b: Floette|Dazzling Gleam|p1b: Basculegion|[spread] p1a,p1b
|-resisted|p1a: Metagross|1
|-damage|p1a: Metagross|50/100g
|-damage|p1b: Basculegion|11/100
|
|upkeep
|turn|7
|inactive|Chukimori has 30 seconds left.
|
|t:|1782216484
|switch|p2a: Incineroar|Incineroar, L50, M|54/100
|-ability|p2a: Incineroar|Intimidate|boost
|-unboost|p1a: Metagross|atk|1
|-unboost|p1b: Basculegion|atk|1
|move|p1a: Metagross|Protect|p1a: Metagross
|-singleturn|p1a: Metagross|Protect
|move|p2b: Floette|Protect|p2b: Floette
|-singleturn|p2b: Floette|Protect
|move|p1b: Basculegion|Last Respects|p2a: Incineroar
|-resisted|p2a: Incineroar|1
|-damage|p2a: Incineroar|28/100
|-damage|p1b: Basculegion|1/100|[from] item: Life Orb
|
|-sideend|p1: Chukimori|move: Tailwind
|upkeep
|turn|8
|inactive|James Ferraro has 30 seconds left.
|
|t:|1782216518
|switch|p2a: Sinistcha|Sinistcha, L50|100/100
|-heal|p2b: Floette|29/100|[from] ability: Hospitality|[of] p2a: Sinistcha
|move|p1b: Basculegion|Aqua Jet|p2b: Floette
|-damage|p2b: Floette|9/100
|-damage|p1b: Basculegion|0 fnt|[from] item: Life Orb
|faint|p1b: Basculegion
|move|p1a: Metagross|Iron Head|p2a: Sinistcha
|-damage|p2a: Sinistcha|77/100
|move|p2b: Floette|Draining Kiss|p1a: Metagross
|-resisted|p1a: Metagross|1
|-damage|p1a: Metagross|26/100
|-heal|p2b: Floette|28/100|[from] drain|[of] p1a: Metagross
|
|upkeep
|turn|9
|
|t:|1782216530
|switch|p2a: Incineroar|Incineroar, L50, M|28/100
|-ability|p2a: Incineroar|Intimidate|boost
|-unboost|p1a: Metagross|atk|1
|move|p2b: Floette|Protect|p2b: Floette
|-singleturn|p2b: Floette|Protect
|move|p1a: Metagross|Iron Head|p2b: Floette
|-activate|p2b: Floette|move: Protect
|
|upkeep
|turn|10
|-message|Chukimori forfeited.
|
|win|James Ferraro
|raw|Chukimori's rating: 1156 → 1132(-24 for losing)
|raw|James Ferraro's rating: 1164 → 1188(+24 for winning)
|l|☆Chukimori
|player|p1|
