|j|☆Zengikk
|j|☆Mumblin'Penguin
|html|ZengikkMumblin'Penguin    
|uhtml|bestof|Game 1 of a best-of-3
|t:|1756298643
|gametype|doubles
|player|p1|Zengikk|giovanni|1152
|player|p2|Mumblin'Penguin|gambler|1126
|gen|9
|tier|[Gen 9] VGC 2025 Reg H (Bo3)
|rated|
|rule|Species Clause: Limit one of each Pokémon
|rule|Item Clause: Limit 1 of each item
|clearpoke
|poke|p1|Sneasler, L50, F|
|poke|p1|Dragapult, L50, F|
|poke|p1|Primarina, L50, F|
|poke|p1|Rillaboom, L50, M|
|poke|p1|Kingambit, L50, F|
|poke|p1|Magmar, L50, F|
|poke|p2|Ursaluna-Bloodmoon, L50, M|
|poke|p2|Gholdengo, L50|
|poke|p2|Dragonite, L50, M|
|poke|p2|Sneasler, L50, M|
|poke|p2|Incineroar, L50, M|
|poke|p2|Amoonguss, L50, F|
|teampreview|4
|showteam|p1|Sneasler||FocusSash|PoisonTouch|CloseCombat,DireClaw,FakeOut,Protect|||F|||50|,,,,,Stellar]Dragapult||ChoiceBand|ClearBody|DragonDarts,TeraBlast,PhantomForce,Uturn|||F|||50|,,,,,Ghost]Primarina||SitrusBerry|LiquidVoice|HyperVoice,Moonblast,Haze,Protect|||F|||50|,,,,,Water]Rillaboom||AssaultVest|GrassySurge|WoodHammer,GrassyGlide,HighHorsepower,FakeOut|||M|||50|,,,,,Fire]Kingambit||BlackGlasses|Defiant|KowtowCleave,SuckerPunch,SwordsDance,Protect|||F|||50|,,,,,Ghost]Magmar||Eviolite|VitalSpirit|Overheat,WillOWisp,FollowMe,Protect|||F|||50|,,,,,Ghost
|showteam|p2|Ursaluna-Bloodmoon||AssaultVest|MindsEye|BloodMoon,EarthPower,VacuumWave,HyperVoice|||M|||50|,,,,,Water]Gholdengo||LifeOrb|GoodasGold|Protect,MakeItRain,ShadowBall,NastyPlot||||||50|,,,,,Water]Dragonite||LoadedDice|Multiscale|ScaleShot,Tailwind,Haze,Protect|||M|||50|,,,,,Fairy]Sneasler||FocusSash|Unburden|Protect,DireClaw,CloseCombat,ThroatChop|||M|||50|,,,,,Stellar]Incineroar||SafetyGoggles|Intimidate|KnockOff,PartingShot,FlareBlitz,FakeOut|||M|||50|,,,,,Ghost]Amoonguss||SitrusBerry|Regenerator|RagePowder,Spore,PollenPuff,Protect|||F|||50|,,,,,Psychic
|inactive|Battle timer is ON: inactive players will automatically lose when time's up. (requested by Zengikk)
|
|t:|1756298681
|teamsize|p1|4
|teamsize|p2|4
|start
|switch|p1a: Sneasler|Sneasler, L50, F|100/100
|switch|p1b: Kingambit|Kingambit, L50, F|100/100
|switch|p2a: Sneasler|Sneasler, L50, M|100/100
|switch|p2b: Incineroar|Incineroar, L50, M|100/100
|-ability|p2b: Incineroar|Intimidate|boost
|-unboost|p1a: Sneasler|atk|1
|-unboost|p1b: Kingambit|atk|1
|-ability|p1b: Kingambit|Defiant|boost
|-boost|p1b: Kingambit|atk|2
|turn|1
|inactive|Zengikk has 30 seconds left.
|inactive|Mumblin'Penguin has 30 seconds left.
|inactive|Mumblin'Penguin has 20 seconds left.
|inactive|Mumblin'Penguin has 15 seconds left.
|inactive|Mumblin'Penguin has 10 seconds left.
|
|t:|1756298729
|-terastallize|p2b: Incineroar|Ghost
|move|p1b: Kingambit|Protect|p1b: Kingambit
|-singleturn|p1b: Kingambit|Protect
|move|p1a: Sneasler|Fake Out|p2b: Incineroar
|-immune|p2b: Incineroar
|move|p2a: Sneasler|Close Combat|p1b: Kingambit
|-activate|p1b: Kingambit|move: Protect
|move|p2b: Incineroar|Parting Shot|p1a: Sneasler
|-unboost|p1a: Sneasler|atk|1
|-unboost|p1a: Sneasler|spa|1
|
|t:|1756298741
|switch|p2b: Dragonite|Dragonite, L50, M|100/100|[from] Parting Shot
|
|upkeep
|turn|2
|inactive|Zengikk has 30 seconds left.
|inactive|Zengikk has 20 seconds left.
|
|t:|1756298777
|-terastallize|p1b: Kingambit|Ghost
|move|p1b: Kingambit|Sucker Punch|p2b: Dragonite
|-crit|p2b: Dragonite
|-damage|p2b: Dragonite|37/100
|move|p1a: Sneasler|Dire Claw|p2a: Sneasler
|-resisted|p2a: Sneasler
|-damage|p2a: Sneasler|83/100
|move|p2a: Sneasler|Close Combat|p1b: Kingambit
|-immune|p1b: Kingambit
|move|p2b: Dragonite|Scale Shot|p1b: Kingambit
|-damage|p1b: Kingambit|90/100
|-damage|p1b: Kingambit|79/100
|-damage|p1b: Kingambit|68/100
|-damage|p1b: Kingambit|56/100
|-hitcount|p1b: Kingambit|4
|-unboost|p2b: Dragonite|def|1
|-boost|p2b: Dragonite|spe|1
|
|upkeep
|turn|3
|inactive|Mumblin'Penguin has 30 seconds left.
|
|t:|1756298807
|move|p1b: Kingambit|Sucker Punch||[still]
|-fail|p1b: Kingambit
|move|p2b: Dragonite|Tailwind|p2b: Dragonite
|-sidestart|p2: Mumblin'Penguin|move: Tailwind
|move|p2a: Sneasler|Throat Chop|p1b: Kingambit
|-supereffective|p1b: Kingambit
|-damage|p1b: Kingambit|16/100
|-start|p1b: Kingambit|Throat Chop|[silent]
|move|p1a: Sneasler|Dire Claw|p2a: Sneasler
|-resisted|p2a: Sneasler
|-damage|p2a: Sneasler|66/100
|
|upkeep
|turn|4
|inactive|Mumblin'Penguin has 30 seconds left.
|inactive|Mumblin'Penguin has 20 seconds left.
|inactive|Mumblin'Penguin has 15 seconds left.
|
|t:|1756298852
|switch|p1a: Magmar|Magmar, L50, F|100/100
|move|p2b: Dragonite|Protect|p2b: Dragonite
|-singleturn|p2b: Dragonite|Protect
|move|p1b: Kingambit|Protect|p1b: Kingambit
|-singleturn|p1b: Kingambit|Protect
|move|p2a: Sneasler|Throat Chop|p1b: Kingambit
|-activate|p1b: Kingambit|move: Protect
|
|-end|p1b: Kingambit|Throat Chop|[silent]
|upkeep
|turn|5
|
|t:|1756298867
|move|p1a: Magmar|Follow Me|p1a: Magmar
|-singleturn|p1a: Magmar|move: Follow Me
|move|p2b: Dragonite|Haze|p2b: Dragonite
|-clearallboost
|move|p2a: Sneasler|Dire Claw|p1a: Magmar
|-damage|p1a: Magmar|67/100
|move|p1b: Kingambit|Kowtow Cleave|p2a: Sneasler
|-resisted|p2a: Sneasler
|-damage|p2a: Sneasler|19/100
|
|upkeep
|turn|6
|
|t:|1756298883
|move|p1a: Magmar|Follow Me|p1a: Magmar
|-singleturn|p1a: Magmar|move: Follow Me
|move|p1b: Kingambit|Sucker Punch|p2a: Sneasler
|-resisted|p2a: Sneasler
|-damage|p2a: Sneasler|0 fnt
|faint|p2a: Sneasler
|move|p2b: Dragonite|Scale Shot|p1a: Magmar
|-damage|p1a: Magmar|55/100
|-damage|p1a: Magmar|42/100
|-damage|p1a: Magmar|30/100
|-damage|p1a: Magmar|17/100
|-damage|p1a: Magmar|5/100
|-hitcount|p1a: Magmar|5
|-unboost|p2b: Dragonite|def|1
|-boost|p2b: Dragonite|spe|1
|
|-sideend|p2: Mumblin'Penguin|move: Tailwind
|upkeep
|
|t:|1756298899
|switch|p2a: Ursaluna|Ursaluna-Bloodmoon, L50, M|100/100
|turn|7
|
|t:|1756298917
|move|p1b: Kingambit|Protect|p1b: Kingambit
|-singleturn|p1b: Kingambit|Protect
|move|p2a: Ursaluna|Vacuum Wave|p1b: Kingambit
|-activate|p1b: Kingambit|move: Protect
|move|p2b: Dragonite|Tailwind|p2b: Dragonite
|-sidestart|p2: Mumblin'Penguin|move: Tailwind
|move|p1a: Magmar|Will-O-Wisp|p2b: Dragonite
|-status|p2b: Dragonite|brn
|
|-damage|p2b: Dragonite|31/100 brn|[from] brn
|upkeep
|turn|8
|inactive|Mumblin'Penguin has 30 seconds left.
|
|t:|1756298945
|move|p2b: Dragonite|Scale Shot|p1a: Magmar
|-damage|p1a: Magmar|0 fnt
|faint|p1a: Magmar
|-hitcount|p1: Magmar|1
|-unboost|p2b: Dragonite|def|1
|-boost|p2b: Dragonite|spe|1
|move|p2a: Ursaluna|Hyper Voice|p1b: Kingambit
|-damage|p1b: Kingambit|0 fnt
|faint|p1b: Kingambit
|
|-damage|p2b: Dragonite|25/100 brn|[from] brn
|upkeep
|
|t:|1756298961
|switch|p1a: Sneasler|Sneasler, L50, F|100/100
|switch|p1b: Dragapult|Dragapult, L50, F|100/100
|turn|9
|
|t:|1756298974
|switch|p2a: Incineroar|Incineroar, L50, M, tera:Ghost|100/100
|-ability|p2a: Incineroar|Intimidate|boost
|-unboost|p1a: Sneasler|atk|1
|-fail|p1b: Dragapult|unboost|[from] ability: Clear Body|[of] p1b: Dragapult
|move|p2b: Dragonite|Scale Shot|p1b: Dragapult
|-supereffective|p1b: Dragapult
|-damage|p1b: Dragapult|78/100
|-supereffective|p1b: Dragapult
|-damage|p1b: Dragapult|58/100
|-supereffective|p1b: Dragapult
|-damage|p1b: Dragapult|37/100
|-supereffective|p1b: Dragapult
|-damage|p1b: Dragapult|15/100
|-hitcount|p1b: Dragapult|4
|-unboost|p2b: Dragonite|def|1
|-boost|p2b: Dragonite|spe|1
|move|p1b: Dragapult|Dragon Darts|p2b: Dragonite
|-supereffective|p2b: Dragonite
|-damage|p2b: Dragonite|0 fnt
|-anim|p1b: Dragapult|Dragon Darts|p2a: Incineroar
|-damage|p2a: Incineroar|65/100
|faint|p2b: Dragonite
|move|p1a: Sneasler|Close Combat|p2a: Incineroar
|-immune|p2a: Incineroar
|
|upkeep
|
|t:|1756298995
|switch|p2b: Ursaluna|Ursaluna-Bloodmoon, L50, M|100/100
|turn|10
|
|t:|1756299005
|move|p1a: Sneasler|Protect|p1a: Sneasler
|-singleturn|p1a: Sneasler|Protect
|move|p2b: Ursaluna|Vacuum Wave|p1b: Dragapult
|-damage|p1b: Dragapult|0 fnt
|faint|p1b: Dragapult
|move|p2a: Incineroar|Parting Shot|p1a: Sneasler
|-activate|p1a: Sneasler|move: Protect
|
|-sideend|p2: Mumblin'Penguin|move: Tailwind
|upkeep
|turn|11
|
|t:|1756299019
|move|p1a: Sneasler|Close Combat|p2b: Ursaluna
|-supereffective|p2b: Ursaluna
|-damage|p2b: Ursaluna|37/100
|-unboost|p1a: Sneasler|def|1
|-unboost|p1a: Sneasler|spd|1
|move|p2a: Incineroar|Parting Shot|p1a: Sneasler
|-unboost|p1a: Sneasler|atk|1
|-unboost|p1a: Sneasler|spa|1
|move|p2b: Ursaluna|Earth Power|p1a: Sneasler
|-supereffective|p1a: Sneasler
|-enditem|p1a: Sneasler|Focus Sash
|-damage|p1a: Sneasler|1/100
|
|upkeep
|turn|12
|
|t:|1756299035
|move|p2b: Ursaluna|Vacuum Wave|p1a: Sneasler
|-resisted|p1a: Sneasler
|-damage|p1a: Sneasler|0 fnt
|faint|p1a: Sneasler
|
|win|Mumblin'Penguin
||Mumblin'Penguin is ready for game 2.
||Zengikk is ready for game 2.
|uhtml|next|Next: Game 2 of 3
