|j|☆KPR21
|j|☆monsoonisbest
|html|KPR21monsoonisbest    
|uhtml|bestof|Game 2 of a best-of-3
|t:|1783802466
|gametype|doubles
|player|p1|KPR21|marshal|1160
|player|p2|monsoonisbest|101|1179
|gen|9
|tier|[Gen 9 Champions] VGC 2026 Reg M-B (Bo3)
|rated|
|rule|Species Clause: Limit one of each Pokémon
|rule|Item Clause: Limit 1 of each item
|clearpoke
|poke|p1|Torkoal, L50, M|
|poke|p1|Pyroar, L50, M|
|poke|p1|Whimsicott, L50, F|
|poke|p1|Farigiraf, L50, M|
|poke|p1|Mamoswine, L50, M|
|poke|p1|Vileplume, L50, F|
|poke|p2|Gengar, L50, M|
|poke|p2|Incineroar, L50, F|
|poke|p2|Politoed, L50, F, shiny|
|poke|p2|Archaludon, L50, M|
|poke|p2|Vivillon, L50, F|
|poke|p2|Swampert, L50, F|
|teampreview|4
|showteam|p1|Torkoal||Charcoal|Drought|Protect,HelpingHand,Eruption,Flamethrower|Modest||M|||50|]Pyroar||Pyroarite|Unnerve|HeatWave,SolarBeam,Overheat,Protect|Timid||M|||50|]Whimsicott||FocusSash|Prankster|Moonblast,SunnyDay,Tailwind,Protect|Timid||F|||50|]Farigiraf||SitrusBerry|ArmorTail|TwinBeam,Thunderbolt,TrickRoom,HelpingHand|Bold||M|||50|]Mamoswine||NeverMeltIce|ThickFat|IceShard,Protect,HighHorsepower,SmackDown|Adamant||M|||50|]Vileplume||BigRoot|Chlorophyll|Protect,StrengthSap,GigaDrain,LeechSeed|Modest||F|||50|
|showteam|p2|Gengar||Gengarite|CursedBody|ShadowBall,SludgeBomb,PerishSong,Protect|Timid||M|||50|]Incineroar||PasshoBerry|Intimidate|PartingShot,DarkestLariat,Protect,FakeOut|Sassy||F|||50|]Politoed||SitrusBerry|Drizzle|WeatherBall,PerishSong,Encore,Protect|Calm||F|||50|]Archaludon||Leftovers|Stamina|DragonPulse,FlashCannon,ElectroShot,Protect|Bold||M|||50|]Vivillon||FocusSash|CompoundEyes|Hurricane,SleepPowder,RagePowder,Protect|Timid||F|||50|]Swampert||Swampertite|Torrent|WaveCrash,IcePunch,Earthquake,Protect|Adamant||F|||50|
|
|t:|1783802502
|teamsize|p1|4
|teamsize|p2|4
|start
|switch|p1a: Torkoal|Torkoal, L50, M|100/100
|switch|p1b: Vileplume|Vileplume, L50, F|100/100
|switch|p2a: Incineroar|Incineroar, L50, F|100/100
|switch|p2b: Politoed|Politoed, L50, F, shiny|100/100
|-weather|RainDance|[from] ability: Drizzle|[of] p2b: Politoed
|-ability|p2a: Incineroar|Intimidate|boost
|-unboost|p1a: Torkoal|atk|1
|-unboost|p1b: Vileplume|atk|1
|-weather|SunnyDay|[from] ability: Drought|[of] p1a: Torkoal
|turn|1
|
|t:|1783802526
|switch|p2b: Gengar|Gengar, L50, M|100/100
|switch|p1a: Farigiraf|Farigiraf, L50, M|100/100
|move|p2a: Incineroar|Fake Out||[still]
|cant|p1a: Farigiraf|ability: Armor Tail|Fake Out|[of] p2a: Incineroar
|move|p1b: Vileplume|Giga Drain|p2b: Gengar
|-resisted|p2b: Gengar|1
|-damage|p2b: Gengar|79/100
|
|-weather|SunnyDay|[upkeep]
|upkeep
|turn|2
|
|t:|1783802552
|switch|p1b: Pyroar|Pyroar, L50, M|100/100
|-ability|p1b: Pyroar|Unnerve
|switch|p2a: Politoed|Politoed, L50, F, shiny|100/100
|-weather|RainDance|[from] ability: Drizzle|[of] p2a: Politoed
|detailschange|p2b: Gengar|Gengar-Mega, L50, M
|-mega|p2b: Gengar|Gengar|Gengarite
|move|p2b: Gengar|Perish Song|p2b: Gengar
|-start|p1a: Farigiraf|perish3|[silent]
|-start|p1b: Pyroar|perish3|[silent]
|-start|p2a: Politoed|perish3|[silent]
|-start|p2b: Gengar|perish3|[silent]
|-fieldactivate|move: Perish Song
|move|p1a: Farigiraf|Twin Beam|p2b: Gengar
|-supereffective|p2b: Gengar|1
|-damage|p2b: Gengar|45/100
|-supereffective|p2b: Gengar|1
|-damage|p2b: Gengar|12/100
|-hitcount|p2b: Gengar|2
|
|-weather|RainDance|[upkeep]
|-start|p1b: Pyroar|perish3
|-start|p2b: Gengar|perish3
|-start|p2a: Politoed|perish3
|-start|p1a: Farigiraf|perish3
|upkeep
|turn|3
|
|t:|1783802580
|move|p1b: Pyroar|Protect|p1b: Pyroar
|-singleturn|p1b: Pyroar|Protect
|move|p2b: Gengar|Protect|p2b: Gengar
|-singleturn|p2b: Gengar|Protect
|move|p2a: Politoed|Weather Ball|p1b: Pyroar
|-activate|p1b: Pyroar|move: Protect
|move|p1a: Farigiraf|Thunderbolt|p2a: Politoed
|-supereffective|p2a: Politoed|1
|-damage|p2a: Politoed|61/100
|
|-weather|RainDance|[upkeep]
|-start|p1b: Pyroar|perish2
|-start|p2b: Gengar|perish2
|-start|p2a: Politoed|perish2
|-start|p1a: Farigiraf|perish2
|upkeep
|turn|4
|
|t:|1783802605
|switch|p2b: Incineroar|Incineroar, L50, F|100/100
|-ability|p2b: Incineroar|Intimidate|boost
|-unboost|p1a: Farigiraf|atk|1
|-unboost|p1b: Pyroar|atk|1
|detailschange|p1b: Pyroar|Pyroar-Mega, L50, M
|-mega|p1b: Pyroar|Pyroar|Pyroarite
|move|p1b: Pyroar|Overheat|p2a: Politoed
|-resisted|p2a: Politoed|1
|-damage|p2a: Politoed|43/100
|-unboost|p1b: Pyroar|spa|2
|-enditem|p2a: Politoed|Sitrus Berry|[eat]
|-heal|p2a: Politoed|68/100|[from] item: Sitrus Berry
|move|p2a: Politoed|Weather Ball|p1b: Pyroar
|-supereffective|p1b: Pyroar|1
|-damage|p1b: Pyroar|0 fnt
|faint|p1b: Pyroar
|move|p1a: Farigiraf|Twin Beam|p2b: Incineroar
|-immune|p2b: Incineroar
|
|-weather|RainDance|[upkeep]
|-start|p2a: Politoed|perish1
|-start|p1a: Farigiraf|perish1
|upkeep
|
|t:|1783802615
|switch|p1b: Torkoal|Torkoal, L50, M|100/100
|-weather|SunnyDay|[from] ability: Drought|[of] p1b: Torkoal
|turn|5
|
|t:|1783802627
|switch|p2a: Vivillon|Vivillon, L50, F|100/100
|switch|p1a: Vileplume|Vileplume, L50, F|100/100
|move|p1b: Torkoal|Protect|p1b: Torkoal
|-singleturn|p1b: Torkoal|Protect
|move|p2b: Incineroar|Parting Shot|p1b: Torkoal
|-activate|p1b: Torkoal|move: Protect
|
|-weather|SunnyDay|[upkeep]
|upkeep
|turn|6
|
|t:|1783802642
|switch|p1a: Farigiraf|Farigiraf, L50, M|100/100
|move|p2a: Vivillon|Hurricane|p1a: Farigiraf
|-damage|p1a: Farigiraf|61/100
|move|p2b: Incineroar|Parting Shot|p1b: Torkoal
|-unboost|p1b: Torkoal|atk|1
|-unboost|p1b: Torkoal|spa|1
|
|t:|1783802647
|switch|p2b: Politoed|Politoed, L50, F, shiny|68/100|[from] Parting Shot
|-weather|RainDance|[from] ability: Drizzle|[of] p2b: Politoed
|move|p1b: Torkoal|Flamethrower|p2a: Vivillon
|-supereffective|p2a: Vivillon|1
|-damage|p2a: Vivillon|44/100
|
|-weather|RainDance|[upkeep]
|upkeep
|turn|7
|
|t:|1783802679
|move|p1b: Torkoal|Protect|p1b: Torkoal
|-singleturn|p1b: Torkoal|Protect
|move|p2a: Vivillon|Sleep Powder|p1a: Farigiraf
|-status|p1a: Farigiraf|slp|[from] move: Sleep Powder
|move|p2b: Politoed|Perish Song|p2b: Politoed
|-start|p1a: Farigiraf|perish3|[silent]
|-start|p1b: Torkoal|perish3|[silent]
|-start|p2a: Vivillon|perish3|[silent]
|-start|p2b: Politoed|perish3|[silent]
|-fieldactivate|move: Perish Song
|cant|p1a: Farigiraf|slp
|
|-weather|RainDance|[upkeep]
|-start|p2a: Vivillon|perish3
|-start|p2b: Politoed|perish3
|-start|p1a: Farigiraf|perish3
|-start|p1b: Torkoal|perish3
|upkeep
|turn|8
|
|t:|1783802691
|switch|p1b: Vileplume|Vileplume, L50, F|100/100
|move|p2a: Vivillon|Hurricane|p1b: Vileplume
|-supereffective|p1b: Vileplume|1
|-damage|p1b: Vileplume|0 fnt
|faint|p1b: Vileplume
|move|p2b: Politoed|Weather Ball|p1a: Farigiraf
|-damage|p1a: Farigiraf|23/100 slp
|-enditem|p1a: Farigiraf|Sitrus Berry|[eat]
|-heal|p1a: Farigiraf|48/100 slp|[from] item: Sitrus Berry
|cant|p1a: Farigiraf|slp
|
|-weather|RainDance|[upkeep]
|-start|p2a: Vivillon|perish2
|-start|p2b: Politoed|perish2
|-start|p1a: Farigiraf|perish2
|upkeep
|
|t:|1783802693
|switch|p1b: Torkoal|Torkoal, L50, M|100/100
|-weather|SunnyDay|[from] ability: Drought|[of] p1b: Torkoal
|turn|9
|
|t:|1783802702
|switch|p2a: Incineroar|Incineroar, L50, F|100/100
|-ability|p2a: Incineroar|Intimidate|boost
|-unboost|p1a: Farigiraf|atk|1
|-unboost|p1b: Torkoal|atk|1
|move|p2b: Politoed|Perish Song|p2b: Politoed
|-start|p1b: Torkoal|perish3|[silent]
|-start|p2a: Incineroar|perish3|[silent]
|-fieldactivate|move: Perish Song
|-curestatus|p1a: Farigiraf|slp|[msg]
|move|p1a: Farigiraf|Thunderbolt|p2a: Incineroar
|-damage|p2a: Incineroar|83/100
|move|p1b: Torkoal|Eruption|p2b: Politoed|[spread] p2a,p2b
|-resisted|p2a: Incineroar|1
|-resisted|p2b: Politoed|1
|-damage|p2a: Incineroar|53/100
|-damage|p2b: Politoed|39/100
|
|-weather|SunnyDay|[upkeep]
|-start|p2b: Politoed|perish1
|-start|p1a: Farigiraf|perish1
|-start|p2a: Incineroar|perish3
|-start|p1b: Torkoal|perish3
|upkeep
|turn|10
|
|t:|1783802722
|switch|p2b: Gengar|Gengar-Mega, L50, M|12/100
|move|p1b: Torkoal|Helping Hand|p1a: Farigiraf
|-singleturn|p1a: Farigiraf|Helping Hand|[of] p1b: Torkoal
|move|p1a: Farigiraf|Thunderbolt|p2b: Gengar
|-damage|p2b: Gengar|0 fnt
|faint|p2b: Gengar
|move|p2a: Incineroar|Parting Shot|p1b: Torkoal
|-unboost|p1b: Torkoal|atk|1
|-unboost|p1b: Torkoal|spa|1
|
|t:|1783802733
|switch|p2a: Politoed|Politoed, L50, F, shiny|39/100|[from] Parting Shot
|-weather|RainDance|[from] ability: Drizzle|[of] p2a: Politoed
|
|-weather|RainDance|[upkeep]
|-start|p1a: Farigiraf|perish0
|-start|p1b: Torkoal|perish2
|faint|p1a: Farigiraf
|upkeep
|
|t:|1783802740
|switch|p2b: Incineroar|Incineroar, L50, F|53/100
|-ability|p2b: Incineroar|Intimidate|boost
|-unboost|p1b: Torkoal|atk|1
|turn|11
|
|t:|1783802746
|move|p2b: Incineroar|Fake Out|p1b: Torkoal
|-damage|p1b: Torkoal|92/100
|move|p2a: Politoed|Encore|p1b: Torkoal
|-start|p1b: Torkoal|Encore
|cant|p1b: Torkoal|flinch
|
|-weather|RainDance|[upkeep]
|-start|p1b: Torkoal|perish1
|upkeep
|turn|12
|
|t:|1783802751
|move|p1b: Torkoal|Helping Hand|p1: Farigiraf|[notarget]
|-fail|p1b: Torkoal
|move|p2a: Politoed|Protect|p2a: Politoed
|-singleturn|p2a: Politoed|Protect
|move|p2b: Incineroar|Protect||[still]
|-fail|p2b: Incineroar
|
|-weather|RainDance|[upkeep]
|-start|p1b: Torkoal|perish0
|faint|p1b: Torkoal
|
|win|monsoonisbest
