|j|☆dont make me walk
|j|☆direclawexperience
|html|dont make me walkdireclawexperience    
|uhtml|bestof|Game 3 of a best-of-3
|t:|1755123463
|gametype|doubles
|player|p1|dont make me walk|red-masters3|1314
|player|p2|direclawexperience|benga|1336
|gen|9
|tier|[Gen 9] VGC 2025 Reg H (Bo3)
|rated|
|rule|Species Clause: Limit one of each Pokémon
|rule|Item Clause: Limit 1 of each item
|clearpoke
|poke|p1|Murkrow, L50, F|
|poke|p1|Indeedee-F, L50, F|
|poke|p1|Ursaluna-Bloodmoon, L50, M|
|poke|p1|Armarouge, L50, F|
|poke|p1|Gholdengo, L50|
|poke|p1|Annihilape, L50, F|
|poke|p2|Incineroar, L50, F|
|poke|p2|Gholdengo, L50|
|poke|p2|Sylveon, L50, F|
|poke|p2|Ursaluna, L50, F|
|poke|p2|Farigiraf, L50, F|
|poke|p2|Scyther, L50, M|
|teampreview|4
|showteam|p1|Murkrow||Eviolite|Prankster|Tailwind,FoulPlay,Haze,SunnyDay|||F|||50|,,,,,Ghost]Indeedee-F||RockyHelmet|PsychicSurge|FollowMe,TrickRoom,HelpingHand,Psychic|||F|||50|,,,,,Fairy]Ursaluna-Bloodmoon||LifeOrb|MindsEye|Protect,EarthPower,HyperVoice,BloodMoon|||M|||50|,,,,,Normal]Armarouge||PowerHerb|FlashFire|TrickRoom,MeteorBeam,HeatWave,ExpandingForce|||F|||50|,,,,,Grass]Gholdengo||ChoiceSpecs|GoodasGold|MakeItRain,ShadowBall,Thunderbolt,Trick||||||50|,,,,,Steel]Annihilape||SafetyGoggles|Defiant|Protect,BulkUp,RageFist,DrainPunch|||F|||50|,,,,,Fire
|showteam|p2|Incineroar||AssaultVest|Intimidate|KnockOff,FlareBlitz,Uturn,FakeOut|||F|||50|,,,,,Ghost]Gholdengo||LifeOrb|GoodasGold|MakeItRain,ShadowBall,NastyPlot,Protect||||||50|,,,,,Water]Sylveon||PixiePlate|Pixilate|HyperVoice,Moonblast,QuickAttack,Protect|||F|||50|,,,,,Fairy]Ursaluna||FlameOrb|Guts|Facade,HeadlongRush,Earthquake,Protect|||F|||50|,,,,,Normal]Farigiraf||SitrusBerry|ArmorTail|TwinBeam,TeraBlast,HelpingHand,TrickRoom|||F|||50|,,,,,Fighting]Scyther||Eviolite|Technician|DualWingbeat,SwordsDance,Tailwind,Protect|||M|||50|,,,,,Flying
|inactive|Battle timer is ON: inactive players will automatically lose when time's up. (requested by dont make me walk)
|inactive|direclawexperience also wants the timer to be on.
|inactive|direclawexperience has 60 seconds left.
|
|t:|1755123503
|teamsize|p1|4
|teamsize|p2|4
|start
|switch|p1a: Indeedee|Indeedee-F, L50, F|100/100
|switch|p1b: Armarouge|Armarouge, L50, F, shiny|100/100
|switch|p2a: Scyther|Scyther, L50, M|100/100
|switch|p2b: Sylveon|Sylveon, L50, F|100/100
|-fieldstart|move: Psychic Terrain|[from] ability: Psychic Surge|[of] p1a: Indeedee
|turn|1
|inactive|dont make me walk has 30 seconds left.
|
|t:|1755123531
|-terastallize|p2b: Sylveon|Fairy
|move|p2a: Scyther|Protect|p2a: Scyther
|-singleturn|p2a: Scyther|Protect
|move|p1a: Indeedee|Follow Me|p1a: Indeedee
|-singleturn|p1a: Indeedee|move: Follow Me
|move|p1b: Armarouge|Meteor Beam||[still]
|-prepare|p1b: Armarouge|Meteor Beam
|-boost|p1b: Armarouge|spa|1
|-enditem|p1b: Armarouge|Power Herb
|-anim|p1b: Armarouge|Meteor Beam|p2a: Scyther
|-activate|p2a: Scyther|move: Protect
|move|p2b: Sylveon|Hyper Voice|p1b: Armarouge|[spread] p1a,p1b
|-resisted|p1b: Armarouge
|-damage|p1a: Indeedee|36/100
|-damage|p1b: Armarouge|67/100
|
|upkeep
|turn|2
|inactive|direclawexperience has 30 seconds left.
|inactive|dont make me walk has 30 seconds left.
|inactive|dont make me walk has 20 seconds left.
|
|t:|1755123571
|move|p1a: Indeedee|Helping Hand|p1b: Armarouge
|-singleturn|p1b: Armarouge|Helping Hand|[of] p1a: Indeedee
|move|p2a: Scyther|Tailwind|p2a: Scyther
|-sidestart|p2: direclawexperience|move: Tailwind
|move|p2b: Sylveon|Hyper Voice|p1a: Indeedee|[spread] p1a,p1b
|-resisted|p1b: Armarouge
|-damage|p1a: Indeedee|0 fnt
|-damage|p1b: Armarouge|30/100
|faint|p1a: Indeedee
|move|p1b: Armarouge|Expanding Force|p2b: Sylveon|[spread] p2a,p2b
|-damage|p2a: Scyther|0 fnt
|-damage|p2b: Sylveon|6/100
|faint|p2a: Scyther
|
|upkeep
|
|t:|1755123584
|switch|p2a: Gholdengo|Gholdengo, L50|100/100
|switch|p1a: Murkrow|Murkrow, L50, F, shiny|100/100
|turn|3
|
|t:|1755123604
|switch|p2b: Incineroar|Incineroar, L50, F|100/100
|-ability|p2b: Incineroar|Intimidate|boost
|-unboost|p1a: Murkrow|atk|1
|-unboost|p1b: Armarouge|atk|1
|-terastallize|p1a: Murkrow|Ghost
|move|p2a: Gholdengo|Make It Rain|p1b: Armarouge|[spread] p1a,p1b
|-resisted|p1b: Armarouge
|-damage|p1a: Murkrow|36/100
|-damage|p1b: Armarouge|0 fnt
|-unboost|p2a: Gholdengo|spa|1
|faint|p1b: Armarouge
|-damage|p2a: Gholdengo|91/100|[from] item: Life Orb
|move|p1a: Murkrow|Foul Play|p2b: Incineroar
|-resisted|p2b: Incineroar
|-damage|p2b: Incineroar|84/100
|
|upkeep
|
|t:|1755123606
|switch|p1b: Ursaluna|Ursaluna-Bloodmoon, L50, M|100/100
|turn|4
|
|t:|1755123629
|move|p1a: Murkrow|Tailwind|p1a: Murkrow
|-sidestart|p1: dont make me walk|move: Tailwind
|move|p2a: Gholdengo|Make It Rain|p1a: Murkrow|[spread] p1a,p1b
|-damage|p1a: Murkrow|0 fnt
|-damage|p1b: Ursaluna|50/100
|-unboost|p2a: Gholdengo|spa|1
|faint|p1a: Murkrow
|-damage|p2a: Gholdengo|81/100|[from] item: Life Orb
|move|p1b: Ursaluna|Earth Power|p2b: Incineroar
|-supereffective|p2b: Incineroar
|-damage|p2b: Incineroar|0 fnt
|faint|p2b: Incineroar
|-damage|p1b: Ursaluna|40/100|[from] item: Life Orb
|
|upkeep
|
|t:|1755123640
|switch|p2b: Sylveon|Sylveon, L50, F, tera:Fairy|6/100
|turn|5
|
|t:|1755123653
|move|p2a: Gholdengo|Make It Rain|p1b: Ursaluna
|-damage|p1b: Ursaluna|0 fnt
|-unboost|p2a: Gholdengo|spa|1
|faint|p1b: Ursaluna
|-damage|p2a: Gholdengo|72/100|[from] item: Life Orb
|
|win|direclawexperience
|raw|dont make me walk's rating: 1314 → 1295(-19 for losing)
|raw|direclawexperience's rating: 1336 → 1355(+19 for winning)
|l|☆direclawexperience
|player|p2|
