|j|☆luizhsouza3
|j|☆theboyparris
|html|luizhsouza3theboyparris    
|uhtml|bestof|Game 2 of a best-of-3
|t:|1757847199
|gametype|doubles
|player|p1|luizhsouza3|striker|1172
|player|p2|theboyparris|170|1110
|gen|9
|tier|[Gen 9] VGC 2025 Reg H (Bo3)
|rated|
|rule|Species Clause: Limit one of each Pokémon
|rule|Item Clause: Limit 1 of each item
|clearpoke
|poke|p1|Typhlosion-Hisui, L50, M|
|poke|p1|Torkoal, L50, F|
|poke|p1|Whimsicott, L50, F|
|poke|p1|Lilligant-Hisui, L50, F|
|poke|p1|Garchomp, L50, M|
|poke|p1|Indeedee-F, L50, F|
|poke|p2|Weezing-Galar, L50, F|
|poke|p2|Slaking, L50, F|
|poke|p2|Toedscruel, L50, M|
|poke|p2|Incineroar, L50, F|
|poke|p2|Dondozo, L50, F|
|poke|p2|Tatsugiri, L50, F|
|teampreview|4
|showteam|p1|Typhlosion-Hisui||ChoiceScarf|Blaze|Eruption,ShadowBall,Flamethrower,SolarBeam|||M|||50|,,,,,Fire]Torkoal||HeatRock|Drought|HeatWave,BodyPress,HelpingHand,WillOWisp|||F|||50|,,,,,Fighting]Whimsicott||CovertCloak|Prankster|Tailwind,Moonblast,Taunt,FakeTears|||F|||50|,,,,,Grass]Lilligant-Hisui||FocusSash|Chlorophyll|SolarBlade,CloseCombat,SleepPowder,TripleAxel|||F|||50|,,,,,Ice]Garchomp||LoadedDice|RoughSkin|ScaleShot,StompingTantrum,Earthquake,SwordsDance|||M|||50|,,,,,Steel]Indeedee-F||PsychicSeed|PsychicSurge|Psychic,FollowMe,HealPulse,Protect|||F|||50|,,,,,Fairy
|showteam|p2|Weezing-Galar||SitrusBerry|NeutralizingGas|StrangeSteam,WillOWisp,Taunt,Protect|||F|||50|,,,,,Dragon]Slaking||ChoiceBand|Truant|DrainPunch,DoubleEdge,TeraBlast,Outrage|||F|||50|,,,,,Grass]Toedscruel||RockyHelmet|MyceliumMight|EarthPower,Spore,RagePowder,Protect|||M|||50|,,,,,Water]Incineroar||AbilityShield|Intimidate|FlareBlitz,KnockOff,PartingShot,FakeOut|||F|||50|,,,,,Fire]Dondozo||Leftovers|Unaware|WaveCrash,OrderUp,Yawn,Protect|||F|||50|,,,,,Grass]Tatsugiri||FocusSash|Commander|DracoMeteor,MuddyWater,DragonPulse,Protect|||F|||50|,,,,,Steel
|inactive|Battle timer is ON: inactive players will automatically lose when time's up. (requested by theboyparris)
|inactive|luizhsouza3 also wants the timer to be on.
|inactive|theboyparris has 60 seconds left.
|
|t:|1757847238
|teamsize|p1|4
|teamsize|p2|4
|start
|switch|p1a: Whimsicott|Whimsicott, L50, F|100/100
|switch|p1b: Typhlosion|Typhlosion-Hisui, L50, M|100/100
|switch|p2a: Dondozo|Dondozo, L50, F|100/100
|switch|p2b: Weezing|Weezing-Galar, L50, F|100/100
|-ability|p2b: Weezing|Neutralizing Gas
|turn|1
|
|t:|1757847260
|switch|p1b: Lilligant|Lilligant-Hisui, L50, F|100/100
|move|p1a: Whimsicott|Taunt|p2b: Weezing
|-start|p2b: Weezing|move: Taunt
|cant|p2b: Weezing|move: Taunt|Taunt
|move|p2a: Dondozo|Yawn|p1b: Lilligant
|-start|p1b: Lilligant|move: Yawn|[of] p2a: Dondozo
|
|upkeep
|turn|2
|
|t:|1757847282
|-end|p2b: Weezing|ability: Neutralizing Gas
|switch|p2b: Incineroar|Incineroar, L50, F|100/100
|-ability|p2b: Incineroar|Intimidate|boost
|-unboost|p1a: Whimsicott|atk|1
|-unboost|p1b: Lilligant|atk|1
|move|p2a: Dondozo|Protect|p2a: Dondozo
|-singleturn|p2a: Dondozo|Protect
|move|p1a: Whimsicott|Fake Tears|p2a: Dondozo
|-activate|p2a: Dondozo|move: Protect
|move|p1b: Lilligant|Sleep Powder|p2a: Dondozo
|-activate|p2a: Dondozo|move: Protect
|
|-end|p1b: Lilligant|move: Yawn|[silent]
|-status|p1b: Lilligant|slp
|upkeep
|turn|3
|inactive|theboyparris has 30 seconds left.
|
|t:|1757847313
|switch|p1b: Garchomp|Garchomp, L50, M|100/100
|switch|p2a: Tatsugiri|Tatsugiri, L50, F|100/100
|move|p1a: Whimsicott|Taunt|p2a: Tatsugiri
|-start|p2a: Tatsugiri|move: Taunt
|move|p2b: Incineroar|Flare Blitz|p1a: Whimsicott
|-supereffective|p1a: Whimsicott
|-damage|p1a: Whimsicott|2/100
|-damage|p2b: Incineroar|74/100|[from] Recoil
|
|upkeep
|turn|4
|inactive|theboyparris has 30 seconds left.
|inactive|theboyparris has 20 seconds left.
|inactive|theboyparris has 15 seconds left.
|
|t:|1757847356
|switch|p1a: Lilligant|Lilligant-Hisui, L50, F|100/100 slp
|-terastallize|p1b: Garchomp|Steel
|move|p1b: Garchomp|Swords Dance|p1b: Garchomp
|-boost|p1b: Garchomp|atk|2
|move|p2a: Tatsugiri|Muddy Water|p1b: Garchomp|[spread] p1a,p1b
|-resisted|p1a: Lilligant
|-damage|p1a: Lilligant|76/100 slp
|-damage|p1b: Garchomp|62/100
|-unboost|p1a: Lilligant|accuracy|1
|-unboost|p1b: Garchomp|accuracy|1
|move|p2b: Incineroar|Parting Shot|p1b: Garchomp
|-unboost|p1b: Garchomp|atk|1
|-unboost|p1b: Garchomp|spa|1
|
|t:|1757847365
|switch|p2b: Dondozo|Dondozo, L50, F|100/100|[from] Parting Shot
|-activate|p2a: Tatsugiri|ability: Commander|[of] p2b: Dondozo
|-boost|p2b: Dondozo|atk|2
|-boost|p2b: Dondozo|spa|2
|-boost|p2b: Dondozo|spe|2
|-boost|p2b: Dondozo|def|2
|-boost|p2b: Dondozo|spd|2
|
|upkeep
|turn|5
|
|t:|1757847379
|cant|p1a: Lilligant|slp
|move|p1b: Garchomp|Scale Shot|p2b: Dondozo|[miss]
|-miss|p1b: Garchomp|p2b: Dondozo
|move|p2b: Dondozo|Wave Crash|p1b: Garchomp
|-crit|p1b: Garchomp
|-damage|p1b: Garchomp|0 fnt
|-damage|p2b: Dondozo|88/100|[from] ability: Rough Skin|[of] p1b: Garchomp
|faint|p1b: Garchomp
|-damage|p2b: Dondozo|73/100|[from] Recoil
|
|-heal|p2b: Dondozo|79/100|[from] item: Leftovers
|-end|p2a: Tatsugiri|move: Taunt
|upkeep
|
|t:|1757847382
|switch|p1b: Whimsicott|Whimsicott, L50, F|2/100
|turn|6
|
|t:|1757847401
|move|p1b: Whimsicott|Fake Tears|p2b: Dondozo
|-unboost|p2b: Dondozo|spd|2
|cant|p1a: Lilligant|slp
|move|p2b: Dondozo|Wave Crash|p1b: Whimsicott
|-resisted|p1b: Whimsicott
|-damage|p1b: Whimsicott|0 fnt
|faint|p1b: Whimsicott
|-damage|p2b: Dondozo|79/100|[from] Recoil
|
|-heal|p2b: Dondozo|85/100|[from] item: Leftovers
|upkeep
|
|t:|1757847405
|switch|p1b: Typhlosion|Typhlosion-Hisui, L50, M|100/100
|turn|7
|
|t:|1757847415
|move|p1b: Typhlosion|Shadow Ball|p2b: Dondozo
|-damage|p2b: Dondozo|53/100
|cant|p1a: Lilligant|slp
|move|p2b: Dondozo|Wave Crash|p1b: Typhlosion
|-supereffective|p1b: Typhlosion
|-damage|p1b: Typhlosion|0 fnt
|faint|p1b: Typhlosion
|-damage|p2b: Dondozo|34/100|[from] Recoil
|
|-heal|p2b: Dondozo|40/100|[from] item: Leftovers
|upkeep
|turn|8
|
|t:|1757847427
|-terastallize|p2b: Dondozo|Grass
|-curestatus|p1a: Lilligant|slp|[msg]
|move|p1a: Lilligant|Close Combat|p2b: Dondozo
|-damage|p2b: Dondozo|24/100
|-unboost|p1a: Lilligant|def|1
|-unboost|p1a: Lilligant|spd|1
|move|p2b: Dondozo|Yawn|p1a: Lilligant
|-start|p1a: Lilligant|move: Yawn|[of] p2b: Dondozo
|
|-heal|p2b: Dondozo|30/100|[from] item: Leftovers
|upkeep
|turn|9
|
|t:|1757847434
|move|p2b: Dondozo|Protect|p2b: Dondozo
|-singleturn|p2b: Dondozo|Protect
|move|p1a: Lilligant|Close Combat|p2b: Dondozo
|-activate|p2b: Dondozo|move: Protect
|
|-heal|p2b: Dondozo|36/100|[from] item: Leftovers
|-end|p1a: Lilligant|move: Yawn|[silent]
|-status|p1a: Lilligant|slp
|upkeep
|turn|10
|
|t:|1757847438
|cant|p1a: Lilligant|slp
|move|p2b: Dondozo|Order Up|p1a: Lilligant
|-damage|p1a: Lilligant|16/100 slp
|-boost|p2b: Dondozo|atk|1
|
|-heal|p2b: Dondozo|43/100|[from] item: Leftovers
|upkeep
|turn|11
|
|t:|1757847449
|-curestatus|p1a: Lilligant|slp|[msg]
|move|p1a: Lilligant|Close Combat|p2b: Dondozo
|-damage|p2b: Dondozo|26/100
|-unboost|p1a: Lilligant|def|1
|-unboost|p1a: Lilligant|spd|1
|move|p2b: Dondozo|Order Up|p1a: Lilligant
|-damage|p1a: Lilligant|0 fnt
|faint|p1a: Lilligant
|
|win|theboyparris
||luizhsouza3 is ready for game 3.
||theboyparris is ready for game 3.
|uhtml|next|Next: Game 3 of 3
|l|☆theboyparris
|player|p2|
|l|☆luizhsouza3
|player|p1|
