|j|☆Delacruso
|j|☆T-Soro
|html|DelacrusoT-Soro    
|uhtml|bestof|Game 1 of a best-of-3
|t:|1756746811
|gametype|doubles
|player|p1|Delacruso|red|1102
|player|p2|T-Soro|buck|1151
|gen|9
|tier|[Gen 9] VGC 2025 Reg H (Bo3)
|rated|
|rule|Species Clause: Limit one of each Pokémon
|rule|Item Clause: Limit 1 of each item
|clearpoke
|poke|p1|Ninetales, L50, F|
|poke|p1|Charizard, L50, M|
|poke|p1|Jumpluff, L50, F|
|poke|p1|Ursaluna-Bloodmoon, L50, M|
|poke|p1|Incineroar, L50, M|
|poke|p1|Porygon2, L50|
|poke|p2|Magmar, L50, F|
|poke|p2|Baxcalibur, L50, M|
|poke|p2|Rillaboom, L50, F|
|poke|p2|Sneasler, L50, F|
|poke|p2|Kingambit, L50, F|
|poke|p2|Dondozo, L50, M|
|teampreview|4
|showteam|p1|Ninetales||Charcoal|Drought|BatonPass,CalmMind,WillOWisp,HeatWave|||F|||50|,,,,,Grass]Charizard||ChoiceSpecs|SolarPower|DragonPulse,HeatWave,Overheat,WeatherBall|||M|||50|,,,,,Ghost]Jumpluff||CovertCloak|Chlorophyll|SleepPowder,SunnyDay,Tailwind,RagePowder|||F|||50|,,,,,Water]Ursaluna-Bloodmoon||AssaultVest|MindsEye|EarthPower,BloodMoon,HyperVoice,VacuumWave|||M|||50|,,,,,Normal]Incineroar||SitrusBerry|Intimidate|FakeOut,FlareBlitz,KnockOff,PartingShot|||M|||50|,,,,,Ghost]Porygon2||Eviolite|Download|Thunderbolt,IceBeam,Recover,TrickRoom||||||50|,,,,,Electric
|showteam|p2|Magmar||Eviolite|VitalSpirit|WillOWisp,Overheat,FollowMe,Protect|||F|||50|,,,,,Electric]Baxcalibur||LoadedDice|ThermalExchange|Protect,IceShard,ScaleShot,IcicleSpear|||M|||50|,,,,,Poison]Rillaboom||AssaultVest|GrassySurge|FakeOut,GrassyGlide,WoodHammer,HighHorsepower|||F|||50|,,,,,Fire]Sneasler||FocusSash|Unburden|Protect,Coaching,DireClaw,CloseCombat|||F|||50|,,,,,Stellar]Kingambit||BlackGlasses|Defiant|Protect,SuckerPunch,KowtowCleave,SwordsDance|||F|||50|,,,,,Dark]Dondozo||Leftovers|Unaware|Protect,WaveCrash,Fissure,Yawn|||M|||50|,,,,,Bug
|
|t:|1756746856
|teamsize|p1|4
|teamsize|p2|4
|start
|switch|p1a: Jumpluff|Jumpluff, L50, F|100/100
|switch|p1b: Ninetales|Ninetales, L50, F|100/100
|switch|p2a: Baxcalibur|Baxcalibur, L50, M|100/100
|switch|p2b: Sneasler|Sneasler, L50, F|100/100
|-weather|SunnyDay|[from] ability: Drought|[of] p1b: Ninetales
|turn|1
|inactive|Battle timer is ON: inactive players will automatically lose when time's up. (requested by Delacruso)
|inactive|Delacruso has 60 seconds left.
|inactive|T-Soro has 60 seconds left.
|
|t:|1756746899
|move|p1a: Jumpluff|Sleep Powder|p2b: Sneasler
|-status|p2b: Sneasler|slp|[from] move: Sleep Powder
|cant|p2b: Sneasler|slp
|move|p2a: Baxcalibur|Scale Shot|p1a: Jumpluff
|-damage|p1a: Jumpluff|82/100
|-damage|p1a: Jumpluff|63/100
|-damage|p1a: Jumpluff|44/100
|-damage|p1a: Jumpluff|24/100
|-damage|p1a: Jumpluff|4/100
|-hitcount|p1a: Jumpluff|5
|-unboost|p2a: Baxcalibur|def|1
|-boost|p2a: Baxcalibur|spe|1
|move|p1b: Ninetales|Calm Mind|p1b: Ninetales
|-boost|p1b: Ninetales|spa|1
|-boost|p1b: Ninetales|spd|1
|
|-weather|SunnyDay|[upkeep]
|upkeep
|turn|2
|inactive|Delacruso has 30 seconds left.
|
|t:|1756746926
|move|p2a: Baxcalibur|Ice Shard|p1a: Jumpluff
|-supereffective|p1a: Jumpluff
|-damage|p1a: Jumpluff|0 fnt
|faint|p1a: Jumpluff
|cant|p2b: Sneasler|slp
|move|p1b: Ninetales|Baton Pass|p1b: Ninetales
|
|t:|1756746937
|switch|p1b: Ursaluna|Ursaluna-Bloodmoon, L50, M|100/100|[from] Baton Pass
|
|-weather|SunnyDay|[upkeep]
|upkeep
|
|t:|1756746941
|switch|p1a: Charizard|Charizard, L50, M, shiny|100/100
|turn|3
|
|t:|1756746948
|switch|p2b: Dondozo|Dondozo, L50, M|100/100
|-terastallize|p1b: Ursaluna|Normal
|move|p2a: Baxcalibur|Protect|p2a: Baxcalibur
|-singleturn|p2a: Baxcalibur|Protect
|move|p1a: Charizard|Heat Wave|p2b: Dondozo|[spread] p2b
|-activate|p2a: Baxcalibur|move: Protect
|-resisted|p2b: Dondozo
|-damage|p2b: Dondozo|43/100
|move|p1b: Ursaluna|Hyper Voice|p2b: Dondozo|[spread] p2b
|-activate|p2a: Baxcalibur|move: Protect
|-damage|p2b: Dondozo|0 fnt
|faint|p2b: Dondozo
|
|-weather|SunnyDay|[upkeep]
|-damage|p1a: Charizard|88/100|[from] ability: Solar Power|[of] p1a: Charizard
|upkeep
|
|t:|1756746959
|switch|p2b: Rillaboom|Rillaboom, L50, F|100/100
|-fieldstart|move: Grassy Terrain|[from] ability: Grassy Surge|[of] p2b: Rillaboom
|turn|4
|
|t:|1756746970
|move|p2b: Rillaboom|Fake Out|p1b: Ursaluna
|-damage|p1b: Ursaluna|88/100
|move|p2a: Baxcalibur|Scale Shot|p1a: Charizard
|-damage|p1a: Charizard|66/100
|-crit|p1a: Charizard
|-damage|p1a: Charizard|31/100
|-damage|p1a: Charizard|9/100
|-damage|p1a: Charizard|0 fnt
|faint|p1a: Charizard
|-hitcount|p1: Charizard|4
|-unboost|p2a: Baxcalibur|def|1
|-boost|p2a: Baxcalibur|spe|1
|cant|p1b: Ursaluna|flinch
|
|-weather|SunnyDay|[upkeep]
|-heal|p1b: Ursaluna|94/100|[from] Grassy Terrain
|upkeep
|
|t:|1756746984
|switch|p1a: Ninetales|Ninetales, L50, F|100/100
|turn|5
|
|t:|1756747001
|-terastallize|p2b: Rillaboom|Fire
|move|p2b: Rillaboom|Grassy Glide|p1b: Ursaluna
|-damage|p1b: Ursaluna|67/100
|move|p2a: Baxcalibur|Icicle Spear|p1b: Ursaluna
|-damage|p1b: Ursaluna|52/100
|-damage|p1b: Ursaluna|41/100
|-damage|p1b: Ursaluna|28/100
|-damage|p1b: Ursaluna|15/100
|-damage|p1b: Ursaluna|2/100
|-hitcount|p1b: Ursaluna|5
|move|p1a: Ninetales|Heat Wave|p2b: Rillaboom|[spread] p2a,p2b
|-resisted|p2b: Rillaboom
|-damage|p2a: Baxcalibur|59/100
|-damage|p2b: Rillaboom|86/100
|-ability|p2a: Baxcalibur|Thermal Exchange|boost
|-boost|p2a: Baxcalibur|atk|1
|move|p1b: Ursaluna|Hyper Voice|p2a: Baxcalibur|[spread] p2a,p2b
|-crit|p2a: Baxcalibur
|-damage|p2a: Baxcalibur|0 fnt
|-damage|p2b: Rillaboom|29/100
|faint|p2a: Baxcalibur
|
|-weather|none
|-heal|p2b: Rillaboom|35/100|[from] Grassy Terrain
|-heal|p1b: Ursaluna|8/100|[from] Grassy Terrain
|upkeep
|
|t:|1756747015
|switch|p2a: Sneasler|Sneasler, L50, F|100/100 slp
|turn|6
|
|t:|1756747033
|move|p2b: Rillaboom|Grassy Glide|p1b: Ursaluna
|-damage|p1b: Ursaluna|0 fnt
|faint|p1b: Ursaluna
|cant|p2a: Sneasler|slp
|move|p1a: Ninetales|Heat Wave|p2a: Sneasler|[spread] p2a
|-miss|p1a: Ninetales|p2b: Rillaboom
|-damage|p2a: Sneasler|68/100 slp
|
|-heal|p2a: Sneasler|73/100 slp|[from] Grassy Terrain
|-heal|p2b: Rillaboom|41/100|[from] Grassy Terrain
|upkeep
|turn|7
|
|t:|1756747045
|-curestatus|p2a: Sneasler|slp|[msg]
|move|p2a: Sneasler|Close Combat|p1a: Ninetales
|-damage|p1a: Ninetales|47/100
|-unboost|p2a: Sneasler|def|1
|-unboost|p2a: Sneasler|spd|1
|move|p1a: Ninetales|Heat Wave|p2a: Sneasler|[spread] p2a,p2b
|-resisted|p2b: Rillaboom
|-damage|p2a: Sneasler|21/100
|-damage|p2b: Rillaboom|32/100
|move|p2b: Rillaboom|High Horsepower|p1a: Ninetales
|-supereffective|p1a: Ninetales
|-damage|p1a: Ninetales|0 fnt
|faint|p1a: Ninetales
|
|win|T-Soro
||T-Soro is ready for game 2.
|inactive|Delacruso has 30 seconds to confirm battle start!
||Delacruso is ready for game 2.
|uhtml|next|Next: Game 2 of 3
|l|☆T-Soro
|player|p2|
