|j|☆mikelpoyarzabal
|j|☆AbadanRiyi92
|html|mikelpoyarzabalAbadanRiyi92    
|uhtml|bestof|Game 2 of a best-of-3
|t:|1784754020
|gametype|doubles
|player|p1|mikelpoyarzabal|arven-s|1341
|player|p2|AbadanRiyi92|colress|1215
|gen|9
|tier|[Gen 9 Champions] VGC 2026 Reg M-B (Bo3)
|rated|
|rule|Species Clause: Limit one of each Pokémon
|rule|Item Clause: Limit 1 of each item
|clearpoke
|poke|p1|Tyranitar, L50, F|
|poke|p1|Excadrill, L50, M|
|poke|p1|Gholdengo, L50|
|poke|p1|Milotic, L50, F|
|poke|p1|Sinistcha, L50|
|poke|p1|Staraptor, L50, M|
|poke|p2|Tyranitar, L50, M|
|poke|p2|Excadrill, L50, F|
|poke|p2|Milotic, L50, M|
|poke|p2|Sinistcha, L50|
|poke|p2|Staraptor, L50, M|
|poke|p2|Gholdengo, L50|
|teampreview|4
|showteam|p1|Tyranitar||Tyranitarite|SandStream|RockSlide,KnockOff,LowKick,Protect|Jolly||F|||50|]Excadrill||FocusSash|SandRush|HighHorsepower,IronHead,RockSlide,Protect|Adamant||M|||50|]Gholdengo||LifeOrb|GoodasGold|ShadowBall,MakeItRain,NastyPlot,Protect|Modest|||||50|]Milotic||SitrusBerry|Competitive|Scald,IceBeam,IcyWind,Protect|Calm||F|||50|]Sinistcha||ColburBerry|Hospitality|MatchaGotcha,ShadowBall,RagePowder,Protect|Bold|||||50|]Staraptor||Staraptite|Intimidate|BraveBird,CloseCombat,Tailwind,Protect|Jolly||M|||50|
|showteam|p2|Tyranitar||Tyranitarite|SandStream|KnockOff,RockSlide,HighHorsepower,Protect|Jolly||M|||50|]Excadrill||FocusSash|SandRush|Earthquake,IronHead,RockSlide,Protect|Adamant||F|||50|]Milotic||SitrusBerry|Competitive|Scald,IcyWind,Haze,Protect|Calm||M|||50|]Sinistcha||ColburBerry|Hospitality|MatchaGotcha,ShadowBall,Protect,RagePowder|Bold|||||50|]Staraptor||Staraptite|Intimidate|CloseCombat,BraveBird,Tailwind,Protect|Jolly||M|||50|]Gholdengo||LifeOrb|GoodasGold|MakeItRain,ShadowBall,NastyPlot,Protect|Modest|||||50|
|inactive|Battle timer is ON: inactive players will automatically lose when time's up. (requested by mikelpoyarzabal)
|
|t:|1784754042
|teamsize|p1|4
|teamsize|p2|4
|start
|switch|p1a: Milotic|Milotic, L50, F|100/100
|switch|p1b: Staraptor|Staraptor, L50, M|100/100
|switch|p2a: Staraptor|Staraptor, L50, M|100/100
|switch|p2b: Gholdengo|Gholdengo, L50|100/100
|-ability|p2a: Staraptor|Intimidate|boost
|-unboost|p1a: Milotic|atk|1
|-ability|p1a: Milotic|Competitive|boost
|-boost|p1a: Milotic|spa|2
|-unboost|p1b: Staraptor|atk|1
|-ability|p1b: Staraptor|Intimidate|boost
|-unboost|p2a: Staraptor|atk|1
|-unboost|p2b: Gholdengo|atk|1
|turn|1
|inactive|AbadanRiyi92 has 30 seconds left.
|
|t:|1784754073
|detailschange|p2a: Staraptor|Staraptor-Mega, L50, M
|-mega|p2a: Staraptor|Staraptor|Staraptite
|detailschange|p1b: Staraptor|Staraptor-Mega, L50, M
|-mega|p1b: Staraptor|Staraptor|Staraptite
|move|p2a: Staraptor|Tailwind|p2a: Staraptor
|-sidestart|p2: AbadanRiyi92|move: Tailwind
|move|p2b: Gholdengo|Nasty Plot|p2b: Gholdengo
|-boost|p2b: Gholdengo|spa|2
|move|p1b: Staraptor|Tailwind|p1b: Staraptor
|-sidestart|p1: mikelpoyarzabal|move: Tailwind
|move|p1a: Milotic|Scald|p2b: Gholdengo
|-damage|p2b: Gholdengo|44/100
|
|upkeep
|turn|2
|
|t:|1784754096
|switch|p2a: Sinistcha|Sinistcha, L50|100/100
|-heal|p2b: Gholdengo|69/100|[from] ability: Hospitality|[of] p2a: Sinistcha
|switch|p1b: Gholdengo|Gholdengo, L50|100/100
|move|p2b: Gholdengo|Protect|p2b: Gholdengo
|-singleturn|p2b: Gholdengo|Protect
|move|p1a: Milotic|Scald|p2b: Gholdengo
|-activate|p2b: Gholdengo|move: Protect
|
|upkeep
|turn|3
|
|t:|1784754117
|move|p1b: Gholdengo|Protect|p1b: Gholdengo
|-singleturn|p1b: Gholdengo|Protect
|move|p2b: Gholdengo|Shadow Ball|p1b: Gholdengo
|-activate|p1b: Gholdengo|move: Protect
|move|p1a: Milotic|Icy Wind|p2a: Sinistcha|[spread] p2a,p2b
|-supereffective|p2a: Sinistcha|1
|-resisted|p2b: Gholdengo|1
|-damage|p2a: Sinistcha|58/100
|-damage|p2b: Gholdengo|59/100
|-unboost|p2a: Sinistcha|spe|1
|-unboost|p2b: Gholdengo|spe|1
|move|p2a: Sinistcha|Matcha Gotcha|p1b: Gholdengo|[spread] 
|-activate|p1b: Gholdengo|move: Protect
|-miss|p2a: Sinistcha|p1a: Milotic
|
|upkeep
|turn|4
|inactive|mikelpoyarzabal has 30 seconds left.
|inactive|AbadanRiyi92 has 30 seconds left.
|
|t:|1784754150
|switch|p1b: Staraptor|Staraptor-Mega, L50, M|100/100
|move|p2a: Sinistcha|Rage Powder|p2a: Sinistcha
|-singleturn|p2a: Sinistcha|move: Rage Powder
|move|p1a: Milotic|Ice Beam|p2a: Sinistcha
|-supereffective|p2a: Sinistcha|1
|-damage|p2a: Sinistcha|0 fnt
|faint|p2a: Sinistcha
|move|p2b: Gholdengo|Make It Rain|p1b: Staraptor|[spread] p1a,p1b
|-resisted|p1a: Milotic|1
|-damage|p1a: Milotic|63/100
|-damage|p1b: Staraptor|0 fnt
|-unboost|p2b: Gholdengo|spa|2
|faint|p1b: Staraptor
|-damage|p2b: Gholdengo|49/100|[from] item: Life Orb
|
|-sideend|p1: mikelpoyarzabal|move: Tailwind
|-sideend|p2: AbadanRiyi92|move: Tailwind
|upkeep
|
|t:|1784754166
|switch|p1b: Gholdengo|Gholdengo, L50|100/100
|switch|p2a: Staraptor|Staraptor-Mega, L50, M|100/100
|turn|5
|
|t:|1784754184
|switch|p1b: Tyranitar|Tyranitar, L50, F|100/100
|-weather|Sandstorm|[from] ability: Sand Stream|[of] p1b: Tyranitar
|move|p2b: Gholdengo|Protect|p2b: Gholdengo
|-singleturn|p2b: Gholdengo|Protect
|move|p2a: Staraptor|Tailwind|p2a: Staraptor
|-sidestart|p2: AbadanRiyi92|move: Tailwind
|move|p1a: Milotic|Scald|p2b: Gholdengo
|-activate|p2b: Gholdengo|move: Protect
|
|-weather|Sandstorm|[upkeep]
|-damage|p2a: Staraptor|94/100|[from] Sandstorm
|-damage|p1a: Milotic|57/100|[from] Sandstorm
|upkeep
|turn|6
|
|t:|1784754202
|move|p1b: Tyranitar|Protect|p1b: Tyranitar
|-singleturn|p1b: Tyranitar|Protect
|move|p2a: Staraptor|Close Combat|p1a: Milotic
|-crit|p1a: Milotic
|-damage|p1a: Milotic|0 fnt
|-boost|p2a: Staraptor|def|1
|-boost|p2a: Staraptor|spd|1
|faint|p1a: Milotic
|move|p2b: Gholdengo|Make It Rain|p1b: Tyranitar
|-activate|p1b: Tyranitar|move: Protect
|
|-weather|Sandstorm|[upkeep]
|-damage|p2a: Staraptor|88/100|[from] Sandstorm
|upkeep
|-message|mikelpoyarzabal forfeited.
|
|win|AbadanRiyi92
|raw|mikelpoyarzabal's rating: 1341 → 1314(-27 for losing)
|raw|AbadanRiyi92's rating: 1215 → 1249(+34 for winning)
|l|☆mikelpoyarzabal
|player|p1|
