|j|☆tilremo
|j|☆sticky hilton
|html|tilremosticky hilton    
|uhtml|bestof|Game 3 of a best-of-3
|t:|1785366006
|gametype|doubles
|player|p1|tilremo|1|
|player|p2|sticky hilton|1|
|gen|9
|tier|[Gen 9 Champions] VGC 2026 Reg M-B (Bo3)
|rule|Species Clause: Limit one of each Pokémon
|rule|Item Clause: Limit 1 of each item
|clearpoke
|poke|p1|Garchomp, L50, M|
|poke|p1|Eelektross, L50, F|
|poke|p1|Milotic, L50, F|
|poke|p1|Umbreon, L50, M|
|poke|p1|Lopunny, L50, F|
|poke|p1|Skarmory, L50, M|
|poke|p2|Chandelure, L50, M|
|poke|p2|Araquanid, L50, M, shiny|
|poke|p2|Spiritomb, L50, M, shiny|
|poke|p2|Chesnaught, L50, F, shiny|
|poke|p2|Grimmsnarl, L50, M, shiny|
|poke|p2|Gliscor, L50, M|
|teampreview|4
|showteam|p1|Garchomp||ChoiceScarf|SandVeil|Earthquake,StompingTantrum,DragonClaw,Crunch|Adamant||M|||50|]Eelektross||Eelektrossite|Levitate|Discharge,MuddyWater,PsychicFangs,Protect|Modest||F|||50|]Milotic||SitrusBerry|Competitive|IceBeam,MuddyWater,LifeDew,Protect|Timid||F|||50|]Umbreon||Leftovers|InnerFocus|Snarl,Taunt,FoulPlay,Protect|Calm||M|||50|]Lopunny||Lopunnite|Limber|CloseCombat,Facade,Uturn,FakeOut|Adamant||F|||50|]Skarmory||MentalHerb|Sturdy|DrillPeck,IronHead,RockSlide,Tailwind|Adamant||M|||50|
|showteam|p2|Chandelure||Chandelurite|FlashFire|HeatWave,ShadowBall,Protect,Overheat|Quiet||M|||50|]Araquanid||MysticWater|WaterBubble|Liquidation,Protect,WideGuard,Soak|Careful||M|||50|]Spiritomb||MentalHerb|Pressure|TrickRoom,PainSplit,FoulPlay,Protect|Sassy||M|||50|]Chesnaught||ExpertBelt|Bulletproof|WoodHammer,RockSlide,SpikyShield,Taunt|Relaxed||F|||50|]Grimmsnarl||LightClay|Prankster|FakeOut,LightScreen,Reflect,SpiritBreak|Sassy||M|||50|]Gliscor|||HyperCutter|FireFang,RockSlide,Protect,Acrobatics|Impish||M|||50|
|
|t:|1785366191
|teamsize|p1|4
|teamsize|p2|4
|start
|switch|p1a: Cynthia|Milotic, L50, F|100/100
|switch|p1b: Eeleven|Eelektross, L50, F|100/100
|switch|p2a: Spiritomb|Spiritomb, L50, M, shiny|100/100
|switch|p2b: Chesnaught|Chesnaught, L50, F, shiny|100/100
|-ability|p2a: Spiritomb|Pressure
|turn|1
|
|t:|1785366246
|switch|p1a: Marcos|Skarmory, L50, M|100/100
|detailschange|p1b: Eeleven|Eelektross-Mega, L50, F
|-mega|p1b: Eeleven|Eelektross|Eelektrossite
|move|p1b: Eeleven|Psychic Fangs|p2b: Chesnaught
|-supereffective|p2b: Chesnaught|1
|-damage|p2b: Chesnaught|67/100
|move|p2b: Chesnaught|Wood Hammer|p1a: Marcos
|-resisted|p1a: Marcos|2
|-damage|p1a: Marcos|90/100
|-damage|p2b: Chesnaught|64/100|[from] Recoil
|move|p2a: Spiritomb|Trick Room|p2a: Spiritomb
|-fieldstart|move: Trick Room|[of] p2a: Spiritomb
|
|upkeep
|turn|2
|
|t:|1785366264
|move|p2b: Chesnaught|Spiky Shield|p2b: Chesnaught
|-singleturn|p2b: Chesnaught|move: Protect
|move|p1b: Eeleven|Protect|p1b: Eeleven
|-singleturn|p1b: Eeleven|Protect
|move|p2a: Spiritomb|Foul Play|p1a: Marcos
|-damage|p1a: Marcos|61/100
|move|p1a: Marcos|Drill Peck|p2b: Chesnaught
|-activate|p2b: Chesnaught|move: Protect
|-damage|p1a: Marcos|48/100|[from] Spiky Shield|[of] p2b: Chesnaught
|
|upkeep
|turn|3
|
|t:|1785366293
|switch|p2b: Grimmsnarl|Grimmsnarl, L50, M, shiny|100/100
|move|p2a: Spiritomb|Foul Play|p1a: Marcos
|-damage|p1a: Marcos|16/100
|move|p1a: Marcos|Drill Peck|p2b: Grimmsnarl
|-damage|p2b: Grimmsnarl|70/100
|move|p1b: Eeleven|Muddy Water|p2b: Grimmsnarl|[spread] p2a,p2b
|-damage|p2a: Spiritomb|74/100
|-damage|p2b: Grimmsnarl|44/100
|
|upkeep
|turn|4
|
|t:|1785366318
|switch|p1a: Cynthia|Milotic, L50, F|100/100
|move|p2b: Grimmsnarl|Fake Out|p1b: Eeleven
|-crit|p1b: Eeleven
|-damage|p1b: Eeleven|79/100
|move|p2a: Spiritomb|Foul Play|p1a: Cynthia
|-damage|p1a: Cynthia|77/100
|cant|p1b: Eeleven|flinch
|
|upkeep
|turn|5
|
|t:|1785366335
|move|p2a: Spiritomb|Protect|p2a: Spiritomb
|-singleturn|p2a: Spiritomb|Protect
|move|p2b: Grimmsnarl|Light Screen|p2b: Grimmsnarl
|-sidestart|p2: sticky hilton|move: Light Screen
|move|p1b: Eeleven|Muddy Water|p2b: Grimmsnarl|[spread] p2b
|-activate|p2a: Spiritomb|move: Protect
|-damage|p2b: Grimmsnarl|26/100
|-unboost|p2b: Grimmsnarl|accuracy|1
|move|p1a: Cynthia|Muddy Water|p2b: Grimmsnarl|[spread] 
|-activate|p2a: Spiritomb|move: Protect
|-miss|p1a: Cynthia|p2b: Grimmsnarl
|
|-fieldend|move: Trick Room
|upkeep
|turn|6
|
|t:|1785366353
|move|p1a: Cynthia|Life Dew|p1a: Cynthia|[spread] p1a,p1b
|-heal|p1a: Cynthia|100/100
|-heal|p1b: Eeleven|100/100
|move|p1b: Eeleven|Muddy Water|p2a: Spiritomb|[spread] p2a,p2b
|-crit|p2a: Spiritomb
|-damage|p2a: Spiritomb|35/100
|-damage|p2b: Grimmsnarl|11/100
|-unboost|p2b: Grimmsnarl|accuracy|1
|move|p2b: Grimmsnarl|Spirit Break|p1b: Eeleven
|-crit|p1b: Eeleven
|-damage|p1b: Eeleven|42/100
|-unboost|p1b: Eeleven|spa|1
|move|p2a: Spiritomb|Trick Room|p2a: Spiritomb
|-fieldstart|move: Trick Room|[of] p2a: Spiritomb
|
|upkeep
|turn|7
|
|t:|1785366372
|move|p1b: Eeleven|Protect|p1b: Eeleven
|-singleturn|p1b: Eeleven|Protect
|move|p2a: Spiritomb|Pain Split|p1a: Cynthia
|-sethp|p1a: Cynthia|62/100|[from] move: Pain Split|[silent]
|-sethp|p2a: Spiritomb|85/100|[from] move: Pain Split
|move|p2b: Grimmsnarl|Spirit Break|p1b: Eeleven
|-activate|p1b: Eeleven|move: Protect
|move|p1a: Cynthia|Life Dew|p1a: Cynthia|[spread] p1a,p1b
|-heal|p1a: Cynthia|87/100
|-heal|p1b: Eeleven|67/100
|
|upkeep
|turn|8
|
|t:|1785366400
|switch|p2b: Araquanid|Araquanid, L50, M, shiny|100/100
|switch|p1b: Marcos|Skarmory, L50, M|16/100
|move|p2a: Spiritomb|Foul Play|p1b: Marcos
|-damage|p1b: Marcos|0 fnt
|faint|p1b: Marcos
|move|p1a: Cynthia|Muddy Water|p2a: Spiritomb|[spread] p2a,p2b
|-resisted|p2b: Araquanid|1
|-damage|p2a: Spiritomb|70/100
|-damage|p2b: Araquanid|94/100
|-unboost|p2a: Spiritomb|accuracy|1
|
|upkeep
|
|t:|1785366413
|switch|p1b: Eeleven|Eelektross-Mega, L50, F|67/100
|turn|9
|
|t:|1785366430
|move|p1b: Eeleven|Protect|p1b: Eeleven
|-singleturn|p1b: Eeleven|Protect
|move|p2a: Spiritomb|Foul Play|p1b: Eeleven
|-activate|p1b: Eeleven|move: Protect
|move|p2b: Araquanid|Liquidation|p1b: Eeleven
|-activate|p1b: Eeleven|move: Protect
|move|p1a: Cynthia|Life Dew|p1a: Cynthia|[spread] p1a,p1b
|-heal|p1a: Cynthia|100/100
|-heal|p1b: Eeleven|92/100
|
|upkeep
|turn|10
|
|t:|1785366473
|switch|p1b: Longshanks|Garchomp, L50, M|100/100
|move|p2a: Spiritomb|Foul Play|p1b: Longshanks
|-damage|p1b: Longshanks|45/100
|move|p2b: Araquanid|Liquidation|p1b: Longshanks
|-damage|p1b: Longshanks|0 fnt
|faint|p1b: Longshanks
|move|p1a: Cynthia|Muddy Water|p2b: Araquanid|[spread] p2a,p2b
|-resisted|p2b: Araquanid|1
|-damage|p2a: Spiritomb|55/100
|-damage|p2b: Araquanid|90/100
|-unboost|p2b: Araquanid|accuracy|1
|
|-fieldend|move: Trick Room
|upkeep
|
|t:|1785366485
|switch|p1b: Eeleven|Eelektross-Mega, L50, F|92/100
|turn|11
|
|t:|1785366494
|move|p1a: Cynthia|Protect|p1a: Cynthia
|-singleturn|p1a: Cynthia|Protect
|move|p2b: Araquanid|Wide Guard|p2b: Araquanid
|-singleturn|p2b: Araquanid|Wide Guard
|move|p1b: Eeleven|Discharge|p2a: Spiritomb|[spread] 
|-activate|p2a: Spiritomb|move: Wide Guard
|-activate|p2b: Araquanid|move: Wide Guard
|-activate|p1a: Cynthia|move: Protect
|move|p2a: Spiritomb|Pain Split|p1a: Cynthia
|-activate|p1a: Cynthia|move: Protect
|
|upkeep
|turn|12
|
|t:|1785366529
|switch|p2b: Grimmsnarl|Grimmsnarl, L50, M, shiny|11/100
|move|p1a: Cynthia|Ice Beam|p2b: Grimmsnarl
|-damage|p2b: Grimmsnarl|0 fnt
|faint|p2b: Grimmsnarl
|move|p1b: Eeleven|Psychic Fangs|p2a: Spiritomb
|-immune|p2a: Spiritomb
|move|p2a: Spiritomb|Trick Room|p2a: Spiritomb
|-fieldstart|move: Trick Room|[of] p2a: Spiritomb
|
|-sideend|p2: sticky hilton|move: Light Screen
|upkeep
|
|t:|1785366543
|switch|p2b: Chesnaught|Chesnaught, L50, F, shiny|64/100
|turn|13
|
|t:|1785366549
|move|p2b: Chesnaught|Spiky Shield|p2b: Chesnaught
|-singleturn|p2b: Chesnaught|move: Protect
|move|p1a: Cynthia|Protect|p1a: Cynthia
|-singleturn|p1a: Cynthia|Protect
|move|p2a: Spiritomb|Pain Split|p1b: Eeleven
|-sethp|p1b: Eeleven|70/100|[from] move: Pain Split|[silent]
|-sethp|p2a: Spiritomb|81/100|[from] move: Pain Split
|move|p1b: Eeleven|Psychic Fangs|p2b: Chesnaught
|-activate|p2b: Chesnaught|move: Protect
|-damage|p1b: Eeleven|57/100|[from] Spiky Shield|[of] p2b: Chesnaught
|
|upkeep
|turn|14
|
|t:|1785366569
|move|p1b: Eeleven|Protect|p1b: Eeleven
|-singleturn|p1b: Eeleven|Protect
|move|p2a: Spiritomb|Foul Play|p1b: Eeleven
|-activate|p1b: Eeleven|move: Protect
|move|p2b: Chesnaught|Wood Hammer|p1a: Cynthia
|-supereffective|p1a: Cynthia|1
|-damage|p1a: Cynthia|0 fnt
|faint|p1a: Cynthia
|-damage|p2b: Chesnaught|30/100|[from] Recoil
|
|upkeep
|turn|15
|
|t:|1785366585
|move|p2a: Spiritomb|Foul Play|p1b: Eeleven
|-damage|p1b: Eeleven|5/100
|move|p2b: Chesnaught|Wood Hammer|p1b: Eeleven
|-damage|p1b: Eeleven|0 fnt
|faint|p1b: Eeleven
|-damage|p2b: Chesnaught|29/100|[from] Recoil
|
|win|sticky hilton
|c|☆tilremo|gg
|c|☆sticky hilton|gg
