|j|☆funntymann
|j|☆regalac3
|html|funntymannregalac3    
|uhtml|bestof|Game 2 of a best-of-3
|t:|1783044265
|gametype|doubles
|player|p1|funntymann|266|1154
|player|p2|regalac3|n|1099
|gen|9
|tier|[Gen 9 Champions] VGC 2026 Reg M-B (Bo3)
|rated|
|rule|Species Clause: Limit one of each Pokémon
|rule|Item Clause: Limit 1 of each item
|clearpoke
|poke|p1|Maushold, L50|
|poke|p1|Annihilape, L50, M|
|poke|p1|Floette-Eternal, L50, F|
|poke|p1|Talonflame, L50, M|
|poke|p1|Kingambit, L50, M|
|poke|p1|Basculegion, L50, M|
|poke|p2|Aerodactyl, L50, M|
|poke|p2|Pyroar, L50, M|
|poke|p2|Farigiraf, L50, F|
|poke|p2|Mamoswine, L50, F|
|poke|p2|Venusaur, L50, M|
|poke|p2|Torkoal, L50, M|
|teampreview|4
|showteam|p1|Maushold||FocusSash|FriendGuard|SuperFang,FollowMe,BeatUp,Protect|Jolly|||||50|]Annihilape||LifeOrb|Defiant|DrainPunch,RageFist,BulkUp,Protect|Adamant||M|||50|]Floette-Eternal||Floettite|FlowerVeil|Moonblast,DazzlingGleam,LightofRuin,Protect|Timid||F|||50|]Talonflame||SharpBeak|GaleWings|DualWingbeat,Tailwind,WillOWisp,Protect|Jolly||M|||50|]Kingambit||BlackGlasses|Defiant|KowtowCleave,SuckerPunch,IronHead,Protect|Adamant||M|||50|]Basculegion||MysticWater|Adaptability|WaveCrash,LastRespects,AquaJet,Protect|Adamant||M|||50|
|showteam|p2|Aerodactyl||Aerodactylite|Unnerve|RockSlide,DualWingbeat,IceFang,Tailwind|Jolly||M|||50|]Pyroar||Pyroarite|Unnerve|HeatWave,SolarBeam,Overheat,Protect|Timid||M|||50|]Farigiraf||SitrusBerry|ArmorTail|Psychic,Thunderbolt,HelpingHand,TrickRoom|Modest||F|||50|]Mamoswine||LifeOrb|Oblivious|IcicleCrash,HighHorsepower,IceShard,Protect|Adamant||F|||50|]Venusaur||FocusSash|Chlorophyll|LeafStorm,SludgeBomb,SleepPowder,Protect|Modest||M|||50|]Torkoal||Charcoal|Drought|Eruption,WeatherBall,HelpingHand,Protect|Quiet||M|||50|
|
|t:|1783044316
|teamsize|p1|4
|teamsize|p2|4
|start
|switch|p1a: TheStrongestPlayer|Basculegion, L50, M|100/100
|switch|p1b: quickguardsneas|Talonflame, L50, M|100/100
|switch|p2a: Venusaur|Venusaur, L50, M|100/100
|switch|p2b: Farigiraf|Farigiraf, L50, F|100/100
|turn|1
|
|t:|1783044340
|switch|p1b: IMVERYANGRY|Annihilape, L50, M|100/100
|switch|p2b: Torkoal|Torkoal, L50, M|100/100
|-weather|SunnyDay|[from] ability: Drought|[of] p2b: Torkoal
|move|p2a: Venusaur|Leaf Storm|p1a: TheStrongestPlayer
|-supereffective|p1a: TheStrongestPlayer|1
|-damage|p1a: TheStrongestPlayer|0 fnt
|-unboost|p2a: Venusaur|spa|2
|faint|p1a: TheStrongestPlayer
|
|-weather|SunnyDay|[upkeep]
|upkeep
|
|t:|1783044348
|switch|p1a: quickguardsneas|Talonflame, L50, M|100/100
|turn|2
|
|t:|1783044360
|switch|p2b: Farigiraf|Farigiraf, L50, F|100/100
|move|p1a: quickguardsneas|Tailwind|p1a: quickguardsneas
|-sidestart|p1: funntymann|move: Tailwind
|move|p2a: Venusaur|Sleep Powder|p1b: IMVERYANGRY|[miss]
|-miss|p2a: Venusaur|p1b: IMVERYANGRY
|move|p1b: IMVERYANGRY|Drain Punch|p2b: Farigiraf
|-damage|p2b: Farigiraf|56/100
|-damage|p1b: IMVERYANGRY|90/100|[from] item: Life Orb
|
|-weather|SunnyDay|[upkeep]
|upkeep
|turn|3
|
|t:|1783044383
|move|p1a: quickguardsneas|Dual Wingbeat||[still]
|cant|p2b: Farigiraf|ability: Armor Tail|Dual Wingbeat|[of] p1a: quickguardsneas
|move|p2a: Venusaur|Sleep Powder|p1b: IMVERYANGRY|[miss]
|-miss|p2a: Venusaur|p1b: IMVERYANGRY
|move|p1b: IMVERYANGRY|Rage Fist|p2a: Venusaur
|-damage|p2a: Venusaur|54/100
|-damage|p1b: IMVERYANGRY|80/100|[from] item: Life Orb
|move|p2b: Farigiraf|Trick Room|p2b: Farigiraf
|-fieldstart|move: Trick Room|[of] p2b: Farigiraf
|
|-weather|SunnyDay|[upkeep]
|upkeep
|turn|4
|
|t:|1783044409
|move|p1a: quickguardsneas|Dual Wingbeat|p1b: IMVERYANGRY
|-supereffective|p1b: IMVERYANGRY|1
|-damage|p1b: IMVERYANGRY|39/100
|-supereffective|p1b: IMVERYANGRY|1
|-damage|p1b: IMVERYANGRY|2/100
|-hitcount|p1b: IMVERYANGRY|2
|move|p2b: Farigiraf|Psychic|p1b: IMVERYANGRY
|-supereffective|p1b: IMVERYANGRY|1
|-damage|p1b: IMVERYANGRY|0 fnt
|faint|p1b: IMVERYANGRY
|move|p2a: Venusaur|Sludge Bomb|p1a: quickguardsneas
|-damage|p1a: quickguardsneas|66/100
|
|-weather|SunnyDay|[upkeep]
|upkeep
|c|☆funntymann|bad idea
|
|t:|1783044419
|switch|p1b: Top3mega4Eva|Floette-Eternal, L50, F|100/100
|turn|5
|
|t:|1783044448
|detailschange|p1b: Top3mega4Eva|Floette-Mega, L50, F
|-mega|p1b: Top3mega4Eva|Floette|Floettite
|-ability|p1b: Top3mega4Eva|Fairy Aura
|move|p2b: Farigiraf|Psychic|p1b: Top3mega4Eva
|-damage|p1b: Top3mega4Eva|64/100
|move|p2a: Venusaur|Sludge Bomb|p1b: Top3mega4Eva
|-supereffective|p1b: Top3mega4Eva|1
|-damage|p1b: Top3mega4Eva|27/100
|-status|p1b: Top3mega4Eva|psn
|move|p1b: Top3mega4Eva|Moonblast|p2a: Venusaur
|-resisted|p2a: Venusaur|1
|-damage|p2a: Venusaur|12/100
|-unboost|p2a: Venusaur|spa|1
|move|p1a: quickguardsneas|Dual Wingbeat|p2a: Venusaur
|-supereffective|p2a: Venusaur|1
|-damage|p2a: Venusaur|0 fnt
|faint|p2a: Venusaur
|-hitcount|p2: Venusaur|1
|
|-weather|none
|-damage|p1b: Top3mega4Eva|15/100 psn|[from] psn
|-sideend|p1: funntymann|move: Tailwind
|upkeep
|
|t:|1783044478
|switch|p2a: Torkoal|Torkoal, L50, M|100/100
|-weather|SunnyDay|[from] ability: Drought|[of] p2a: Torkoal
|turn|6
|
|t:|1783044485
|move|p1b: Top3mega4Eva|Protect|p1b: Top3mega4Eva
|-singleturn|p1b: Top3mega4Eva|Protect
|move|p1a: quickguardsneas|Protect|p1a: quickguardsneas
|-singleturn|p1a: quickguardsneas|Protect
|move|p2a: Torkoal|Eruption|p1b: Top3mega4Eva|[spread] 
|-activate|p1a: quickguardsneas|move: Protect
|-activate|p1b: Top3mega4Eva|move: Protect
|move|p2b: Farigiraf|Thunderbolt|p1a: quickguardsneas
|-activate|p1a: quickguardsneas|move: Protect
|
|-weather|SunnyDay|[upkeep]
|-damage|p1b: Top3mega4Eva|3/100 psn|[from] psn
|upkeep
|turn|7
|
|t:|1783044495
|move|p1b: Top3mega4Eva|Protect||[still]
|-fail|p1b: Top3mega4Eva
|move|p1a: quickguardsneas|Protect||[still]
|-fail|p1a: quickguardsneas
|move|p2a: Torkoal|Eruption|p1b: Top3mega4Eva|[spread] p1a,p1b
|-resisted|p1a: quickguardsneas|1
|-crit|p1b: Top3mega4Eva
|-damage|p1a: quickguardsneas|0 fnt
|-damage|p1b: Top3mega4Eva|0 fnt
|faint|p1a: quickguardsneas
|faint|p1b: Top3mega4Eva
|
|win|regalac3
||funntymann is ready for game 3.
