|j|☆itssobeak
|j|☆Gastrosophilipp
|html|itssobeakGastrosophilipp    
|uhtml|bestof|Game 2 of a best-of-3
|t:|1784740619
|gametype|doubles
|player|p1|itssobeak|birdkeeper|1355
|player|p2|Gastrosophilipp|juan|1253
|gen|9
|tier|[Gen 9 Champions] VGC 2026 Reg M-B (Bo3)
|rated|
|rule|Species Clause: Limit one of each Pokémon
|rule|Item Clause: Limit 1 of each item
|clearpoke
|poke|p1|Staraptor, L50, M|
|poke|p1|Weavile, L50, M|
|poke|p1|Whimsicott, L50, M|
|poke|p1|Glimmora, L50, F|
|poke|p1|Kingambit, L50, M|
|poke|p1|Sinistcha, L50|
|poke|p2|Espathra, L50, F|
|poke|p2|Ninetales-Alola, L50, M|
|poke|p2|Raichu, L50, M|
|poke|p2|Vaporeon, L50, M|
|poke|p2|Sinistcha, L50|
|poke|p2|Incineroar, L50, M|
|teampreview|4
|showteam|p1|Staraptor||Staraptite|Intimidate|BraveBird,CloseCombat,Uturn,Protect|Jolly||M|||50|]Weavile||WideLens|Pressure|KnockOff,TripleAxel,Taunt,FakeOut|Jolly||M|||50|]Whimsicott||FocusSash|Prankster|Moonblast,Tailwind,Encore,Tickle|Timid||M|||50|]Glimmora||Glimmoranite|ToxicDebris|PowerGem,SludgeBomb,EarthPower,SpikyShield|Timid||F|||50|]Kingambit||BlackGlasses|Defiant|KowtowCleave,SuckerPunch,SwordsDance,Protect|Adamant||M|||50|]Sinistcha||CobaBerry|Hospitality|MatchaGotcha,RagePowder,LifeDew,Protect|Bold|||||50|
|showteam|p2|Espathra||LifeOrb|SpeedBoost|LuminaCrash,EnergyBall,LightScreen,Protect|Timid||F|||50|]Ninetales-Alola||SitrusBerry|SnowWarning|Blizzard,FreezeDry,AuroraVeil,Protect|Timid||M|||50|]Raichu||RaichuniteY|LightningRod|ZapCannon,FocusBlast,FakeOut,Protect|Timid||M|||50|]Vaporeon||Leftovers|WaterAbsorb|Scald,IceBeam,CalmMind,Protect|Modest||M|||50|]Sinistcha||OccaBerry|Hospitality|MatchaGotcha,LifeDew,TrickRoom,RagePowder|Bold|||||50|]Incineroar||PasshoBerry|Intimidate|FlareBlitz,DarkestLariat,FakeOut,PartingShot|Careful||M|||50|
|inactive|Battle timer is ON: inactive players will automatically lose when time's up. (requested by Gastrosophilipp)
|inactive|Gastrosophilipp has 60 seconds left.
|inactive|Gastrosophilipp has 30 seconds left.
|inactive|Gastrosophilipp has 20 seconds left.
|
|t:|1784740693
|teamsize|p1|4
|teamsize|p2|4
|start
|switch|p1a: Weavile|Weavile, L50, M|100/100
|switch|p1b: Kingambit|Kingambit, L50, M|100/100
|switch|p2a: Raichu|Raichu, L50, M|100/100
|switch|p2b: Ninetales|Ninetales-Alola, L50, M|100/100
|-ability|p1a: Weavile|Pressure
|-weather|Snowscape|[from] ability: Snow Warning|[of] p2b: Ninetales
|turn|1
|inactive|Gastrosophilipp has 30 seconds left.
|
|t:|1784740720
|detailschange|p2a: Raichu|Raichu-Mega-Y, L50, M
|-mega|p2a: Raichu|Raichu|Raichunite Y
|move|p1a: Weavile|Fake Out|p2a: Raichu
|-damage|p2a: Raichu|81/100
|cant|p2a: Raichu|flinch
|move|p2b: Ninetales|Aurora Veil|p2b: Ninetales
|-sidestart|p2: Gastrosophilipp|move: Aurora Veil
|move|p1b: Kingambit|Swords Dance|p1b: Kingambit
|-boost|p1b: Kingambit|atk|2
|
|-weather|Snowscape|[upkeep]
|upkeep
|turn|2
|inactive|Gastrosophilipp has 30 seconds left.
|inactive|Gastrosophilipp has 20 seconds left.
|inactive|Gastrosophilipp has 15 seconds left.
|inactive|Gastrosophilipp has 10 seconds left.
|
|t:|1784740769
|move|p2a: Raichu|Protect|p2a: Raichu
|-singleturn|p2a: Raichu|Protect
|move|p1b: Kingambit|Sucker Punch||[still]
|-fail|p1b: Kingambit
|move|p1a: Weavile|Knock Off|p2a: Raichu
|-activate|p2a: Raichu|move: Protect
|move|p2b: Ninetales|Blizzard|p1a: Weavile|[spread] p1a,p1b
|-resisted|p1a: Weavile|1
|-resisted|p1b: Kingambit|1
|-damage|p1a: Weavile|82/100
|-damage|p1b: Kingambit|88/100
|
|-weather|Snowscape|[upkeep]
|upkeep
|turn|3
|inactive|Gastrosophilipp has 30 seconds left.
|inactive|Gastrosophilipp has 20 seconds left.
|inactive|Gastrosophilipp has 15 seconds left.
|inactive|Gastrosophilipp has 10 seconds left.
|
|t:|1784740817
|move|p1b: Kingambit|Sucker Punch|p2a: Raichu
|-damage|p2a: Raichu|0 fnt
|faint|p2a: Raichu
|move|p1a: Weavile|Triple Axel|p2b: Ninetales
|-resisted|p2b: Ninetales|1
|-damage|p2b: Ninetales|96/100
|-resisted|p2b: Ninetales|1
|-damage|p2b: Ninetales|91/100
|-resisted|p2b: Ninetales|1
|-damage|p2b: Ninetales|82/100
|-hitcount|p2b: Ninetales|3
|move|p2b: Ninetales|Blizzard|p1a: Weavile|[spread] p1a,p1b
|-resisted|p1a: Weavile|1
|-resisted|p1b: Kingambit|1
|-damage|p1a: Weavile|63/100
|-damage|p1b: Kingambit|75/100
|
|-weather|Snowscape|[upkeep]
|upkeep
|inactive|Gastrosophilipp has 30 seconds left.
|
|t:|1784740846
|switch|p2a: Incineroar|Incineroar, L50, M|100/100
|-ability|p2a: Incineroar|Intimidate|boost
|-unboost|p1a: Weavile|atk|1
|-unboost|p1b: Kingambit|atk|1
|-ability|p1b: Kingambit|Defiant|boost
|-boost|p1b: Kingambit|atk|2
|turn|4
|inactive|Gastrosophilipp has 30 seconds left.
|
|t:|1784740877
|switch|p2b: Espathra|Espathra, L50, F|100/100
|move|p1b: Kingambit|Protect|p1b: Kingambit
|-singleturn|p1b: Kingambit|Protect
|move|p2a: Incineroar|Fake Out|p1b: Kingambit
|-activate|p1b: Kingambit|move: Protect
|move|p1a: Weavile|Knock Off|p2b: Espathra
|-supereffective|p2b: Espathra|1
|-damage|p2b: Espathra|40/100
|-enditem|p2b: Espathra|Life Orb|[from] move: Knock Off|[of] p1a: Weavile
|
|-weather|Snowscape|[upkeep]
|upkeep
|turn|5
|inactive|itssobeak has 30 seconds left.
|inactive|Gastrosophilipp has 30 seconds left.
|inactive|itssobeak has 20 seconds left.
|
|t:|1784740913
|switch|p1a: Sinistcha|Sinistcha, L50|100/100
|-heal|p1b: Kingambit|100/100|[from] ability: Hospitality|[of] p1a: Sinistcha
|move|p2b: Espathra|Protect|p2b: Espathra
|-singleturn|p2b: Espathra|Protect
|move|p2a: Incineroar|Flare Blitz|p1b: Kingambit
|-supereffective|p1b: Kingambit|1
|-damage|p1b: Kingambit|28/100
|-status|p1b: Kingambit|brn
|-damage|p2a: Incineroar|76/100|[from] Recoil
|move|p1b: Kingambit|Kowtow Cleave|p2a: Incineroar
|-resisted|p2a: Incineroar|1
|-damage|p2a: Incineroar|56/100
|
|-weather|none
|-damage|p1b: Kingambit|22/100 brn|[from] brn
|-sideend|p2: Gastrosophilipp|move: Aurora Veil
|-ability|p2b: Espathra|Speed Boost|boost
|-boost|p2b: Espathra|spe|1
|upkeep
|turn|6
|inactive|itssobeak has 30 seconds left.
|inactive|Gastrosophilipp has 30 seconds left.
|inactive|itssobeak has 20 seconds left.
|inactive|itssobeak has 15 seconds left.
|
|t:|1784740957
|switch|p2b: Ninetales|Ninetales-Alola, L50, M|82/100
|-weather|Snowscape|[from] ability: Snow Warning|[of] p2b: Ninetales
|move|p1a: Sinistcha|Matcha Gotcha|p2b: Ninetales|[spread] p2a,p2b
|-resisted|p2a: Incineroar|1
|-damage|p2a: Incineroar|48/100
|-damage|p2b: Ninetales|55/100
|-status|p2b: Ninetales|brn
|move|p2a: Incineroar|Darkest Lariat|p1a: Sinistcha
|-supereffective|p1a: Sinistcha|1
|-damage|p1a: Sinistcha|51/100
|move|p1b: Kingambit|Kowtow Cleave|p2b: Ninetales
|-resisted|p2b: Ninetales|1
|-damage|p2b: Ninetales|23/100 brn
|-enditem|p2b: Ninetales|Sitrus Berry|[eat]
|-heal|p2b: Ninetales|48/100 brn|[from] item: Sitrus Berry
|
|-weather|Snowscape|[upkeep]
|-damage|p2b: Ninetales|42/100 brn|[from] brn
|-damage|p1b: Kingambit|16/100 brn|[from] brn
|upkeep
|turn|7
|inactive|itssobeak has 30 seconds left.
|inactive|Gastrosophilipp has 30 seconds left.
|inactive|itssobeak has 20 seconds left.
|inactive|Gastrosophilipp has 20 seconds left.
|inactive|itssobeak has 15 seconds left.
|
|t:|1784740997
|move|p1a: Sinistcha|Protect|p1a: Sinistcha
|-singleturn|p1a: Sinistcha|Protect
|move|p1b: Kingambit|Sucker Punch||[still]
|-fail|p1b: Kingambit
|move|p2b: Ninetales|Aurora Veil|p2b: Ninetales
|-sidestart|p2: Gastrosophilipp|move: Aurora Veil
|move|p2a: Incineroar|Flare Blitz|p1a: Sinistcha
|-activate|p1a: Sinistcha|move: Protect
|
|-weather|Snowscape|[upkeep]
|-damage|p2b: Ninetales|36/100 brn|[from] brn
|-damage|p1b: Kingambit|10/100 brn|[from] brn
|upkeep
|turn|8
|
|t:|1784741016
|switch|p1a: Glimmora|Glimmora, L50, F|100/100
|move|p1b: Kingambit|Sucker Punch|p2b: Ninetales
|-resisted|p2b: Ninetales|1
|-damage|p2b: Ninetales|18/100 brn
|move|p2b: Ninetales|Blizzard|p1a: Glimmora|[spread] p1a,p1b
|-resisted|p1b: Kingambit|1
|-damage|p1a: Glimmora|62/100
|-damage|p1b: Kingambit|0 fnt
|faint|p1b: Kingambit
|move|p2a: Incineroar|Flare Blitz|p1a: Glimmora
|-resisted|p1a: Glimmora|1
|-damage|p1a: Glimmora|35/100
|-activate|p1a: Glimmora|ability: Toxic Debris
|-sidestart|p2: Gastrosophilipp|move: Toxic Spikes
|-damage|p2a: Incineroar|41/100|[from] Recoil
|
|-weather|Snowscape|[upkeep]
|-damage|p2b: Ninetales|12/100 brn|[from] brn
|upkeep
|
|t:|1784741028
|switch|p1b: Sinistcha|Sinistcha, L50|51/100
|-heal|p1a: Glimmora|60/100|[from] ability: Hospitality|[of] p1b: Sinistcha
|turn|9
|inactive|itssobeak has 30 seconds left.
|inactive|Gastrosophilipp has 30 seconds left.
|
|t:|1784741059
|detailschange|p1a: Glimmora|Glimmora-Mega, L50, F
|-mega|p1a: Glimmora|Glimmora|Glimmoranite
|move|p1b: Sinistcha|Protect|p1b: Sinistcha
|-singleturn|p1b: Sinistcha|Protect
|move|p2b: Ninetales|Blizzard|p1b: Sinistcha|[spread] p1a
|-activate|p1b: Sinistcha|move: Protect
|-damage|p1a: Glimmora|26/100
|move|p1a: Glimmora|Power Gem|p2a: Incineroar
|-supereffective|p2a: Incineroar|1
|-damage|p2a: Incineroar|0 fnt
|faint|p2a: Incineroar
|
|-weather|Snowscape|[upkeep]
|-damage|p2b: Ninetales|6/100 brn|[from] brn
|upkeep
|
|t:|1784741071
|switch|p2a: Espathra|Espathra, L50, F|40/100
|-status|p2a: Espathra|psn
|turn|10
|inactive|itssobeak has 30 seconds left.
|inactive|Gastrosophilipp has 30 seconds left.
|inactive|itssobeak has 20 seconds left.
|
|t:|1784741108
|move|p1a: Glimmora|Spiky Shield|p1a: Glimmora
|-singleturn|p1a: Glimmora|move: Protect
|move|p2a: Espathra|Protect|p2a: Espathra
|-singleturn|p2a: Espathra|Protect
|move|p2b: Ninetales|Blizzard|p1a: Glimmora|[spread] p1b
|-activate|p1a: Glimmora|move: Protect
|-supereffective|p1b: Sinistcha|1
|-damage|p1b: Sinistcha|0 fnt
|faint|p1b: Sinistcha
|
|-weather|none
|-damage|p2a: Espathra|28/100 psn|[from] psn
|-damage|p2b: Ninetales|0 fnt|[from] brn
|faint|p2b: Ninetales
|-ability|p2a: Espathra|Speed Boost|boost
|-boost|p2a: Espathra|spe|1
|upkeep
|
|t:|1784741114
|switch|p1b: Weavile|Weavile, L50, M|63/100
|-ability|p1b: Weavile|Pressure
|turn|11
|inactive|Gastrosophilipp has 30 seconds left.
|inactive|Gastrosophilipp has 20 seconds left.
|
|t:|1784741149
|move|p2a: Espathra|Protect|p2a: Espathra
|-singleturn|p2a: Espathra|Protect
|move|p1b: Weavile|Fake Out|p2a: Espathra
|-activate|p2a: Espathra|move: Protect
|move|p1a: Glimmora|Sludge Bomb|p2a: Espathra
|-activate|p2a: Espathra|move: Protect
|
|-damage|p2a: Espathra|16/100 psn|[from] psn
|-sideend|p2: Gastrosophilipp|move: Aurora Veil
|-ability|p2a: Espathra|Speed Boost|boost
|-boost|p2a: Espathra|spe|1
|upkeep
|turn|12
|
|t:|1784741160
|move|p2a: Espathra|Energy Ball|p1b: Weavile
|-damage|p1b: Weavile|25/100
|move|p1b: Weavile|Knock Off|p2a: Espathra
|-supereffective|p2a: Espathra|1
|-damage|p2a: Espathra|0 fnt
|faint|p2a: Espathra
|
|win|itssobeak
|raw|itssobeak's rating: 1355 → 1369(+14 for winning)
|raw|Gastrosophilipp's rating: 1253 → 1235(-18 for losing)
