|j|☆ale_z_plumber
|j|☆ground tera
|html|ale_z_plumberground tera    
|uhtml|bestof|Game 2 of a best-of-3
|t:|1784387750
|gametype|doubles
|player|p1|ale_z_plumber|lucas-gen4pt|1176
|player|p2|ground tera|102|1328
|gen|9
|tier|[Gen 9 Champions] VGC 2026 Reg M-B (Bo3)
|rated|
|rule|Species Clause: Limit one of each Pokémon
|rule|Item Clause: Limit 1 of each item
|clearpoke
|poke|p1|Blaziken, L50, M|
|poke|p1|Aerodactyl, L50, M|
|poke|p1|Kingambit, L50, F|
|poke|p1|Basculegion, L50, M|
|poke|p1|Sylveon, L50, M|
|poke|p1|Torkoal, L50, F|
|poke|p2|Whimsicott, L50, F, shiny|
|poke|p2|Garchomp, L50, M|
|poke|p2|Basculegion, L50, M|
|poke|p2|Charizard, L50, M|
|poke|p2|Floette-Eternal, L50, F|
|poke|p2|Kingambit, L50, M|
|teampreview|4
|showteam|p1|Blaziken||Blazikenite|SpeedBoost|FlareBlitz,CloseCombat,RockSlide,Protect|Adamant||M|||50|]Aerodactyl||Aerodactylite|Unnerve|RockSlide,DualWingbeat,IceFang,Tailwind|Jolly||M|||50|]Kingambit||LifeOrb|Defiant|KowtowCleave,IronHead,SuckerPunch,Protect|Adamant||F|||50|]Basculegion||FocusSash|Adaptability|LastRespects,Liquidation,AquaJet,Protect|Adamant||M|||50|]Sylveon||FairyFeather|Pixilate|HyperVoice,Moonblast,QuickAttack,Protect|Modest||M|||50|]Torkoal||Leftovers|Drought|WeatherBall,BurningJealousy,Yawn,Protect|Relaxed||F|||50|
|showteam|p2|Whimsicott||FocusSash|Prankster|Protect,Tailwind,SunnyDay,Moonblast|Timid||F|||50|]Garchomp||LifeOrb|RoughSkin|Protect,RockSlide,Earthquake,DragonClaw|Jolly||M|||50|]Basculegion||MysticWater|Adaptability|Protect,WaveCrash,LastRespects,AquaJet|Adamant||M|||50|]Charizard||CharizarditeY|Blaze|Protect,HeatWave,WeatherBall,SolarBeam|Modest||M|||50|]Floette-Eternal||Floettite|FlowerVeil|Protect,LightofRuin,DazzlingGleam,Moonblast|Timid||F|||50|]Kingambit||ChopleBerry|Defiant|LowKick,SuckerPunch,KowtowCleave,IronHead|Adamant||M|||50|
|inactive|Battle timer is ON: inactive players will automatically lose when time's up. (requested by ground tera)
|inactive|ale_z_plumber has 60 seconds left.
|
|t:|1784387784
|teamsize|p1|4
|teamsize|p2|4
|start
|switch|p1a: Aerodactyl|Aerodactyl, L50, M|100/100
|switch|p1b: Kingambit|Kingambit, L50, F|100/100
|switch|p2a: Whimsicott|Whimsicott, L50, F, shiny|100/100
|switch|p2b: Floette|Floette-Eternal, L50, F|100/100
|-ability|p1a: Aerodactyl|Unnerve
|turn|1
|inactive|ale_z_plumber has 30 seconds left.
|
|t:|1784387811
|detailschange|p2b: Floette|Floette-Mega, L50, F
|-mega|p2b: Floette|Floette|Floettite
|-ability|p2b: Floette|Fairy Aura
|move|p2a: Whimsicott|Tailwind|p2a: Whimsicott
|-sidestart|p2: ground tera|move: Tailwind
|move|p2b: Floette|Light of Ruin|p1b: Kingambit
|-damage|p1b: Kingambit|0 fnt
|faint|p1b: Kingambit
|-damage|p2b: Floette|33/100|[from] Recoil
|move|p1a: Aerodactyl|Tailwind|p1a: Aerodactyl
|-sidestart|p1: ale_z_plumber|move: Tailwind
|
|upkeep
|
|t:|1784387824
|switch|p1b: Sylveon|Sylveon, L50, M|100/100
|turn|2
|
|t:|1784387848
|move|p2a: Whimsicott|Protect|p2a: Whimsicott
|-singleturn|p2a: Whimsicott|Protect
|move|p1a: Aerodactyl|Rock Slide|p2b: Floette|[spread] p2b
|-activate|p2a: Whimsicott|move: Protect
|-damage|p2b: Floette|1/100
|cant|p2b: Floette|flinch
|move|p1b: Sylveon|Hyper Voice|p2a: Whimsicott|[spread] p2b
|-activate|p2a: Whimsicott|move: Protect
|-damage|p2b: Floette|0 fnt
|faint|p2b: Floette
|
|upkeep
|
|t:|1784387862
|switch|p2b: Basculegion|Basculegion, L50, M|100/100
|turn|3
|
|t:|1784387876
|move|p1a: Aerodactyl|Rock Slide|p2b: Basculegion|[spread] p2a,p2b
|-damage|p2a: Whimsicott|64/100
|-damage|p2b: Basculegion|74/100
|move|p2a: Whimsicott|Moonblast|p1a: Aerodactyl
|-damage|p1a: Aerodactyl|58/100
|move|p2b: Basculegion|Wave Crash|p1b: Sylveon
|-damage|p1b: Sylveon|0 fnt
|faint|p1b: Sylveon
|-damage|p2b: Basculegion|44/100|[from] Recoil
|
|upkeep
|
|t:|1784387886
|switch|p1b: Blaziken|Blaziken, L50, M|100/100
|turn|4
|
|t:|1784387905
|detailschange|p1b: Blaziken|Blaziken-Mega, L50, M
|-mega|p1b: Blaziken|Blaziken|Blazikenite
|move|p2a: Whimsicott|Protect|p2a: Whimsicott
|-singleturn|p2a: Whimsicott|Protect
|move|p2b: Basculegion|Aqua Jet|p1a: Aerodactyl
|-supereffective|p1a: Aerodactyl|1
|-damage|p1a: Aerodactyl|0 fnt
|faint|p1a: Aerodactyl
|move|p1b: Blaziken|Flare Blitz|p2b: Basculegion
|-resisted|p2b: Basculegion|1
|-damage|p2b: Basculegion|0 fnt
|faint|p2b: Basculegion
|-damage|p1b: Blaziken|81/100|[from] Recoil
|
|-sideend|p1: ale_z_plumber|move: Tailwind
|-sideend|p2: ground tera|move: Tailwind
|-ability|p1b: Blaziken|Speed Boost|boost
|-boost|p1b: Blaziken|spe|1
|upkeep
|
|t:|1784387914
|switch|p2b: Garchomp|Garchomp, L50, M|100/100
|turn|5
|
|t:|1784387930
|move|p2a: Whimsicott|Tailwind|p2a: Whimsicott
|-sidestart|p2: ground tera|move: Tailwind
|move|p2b: Garchomp|Earthquake|p1b: Blaziken|[spread] p2a,p1b
|-resisted|p2a: Whimsicott|1
|-supereffective|p1b: Blaziken|1
|-damage|p2a: Whimsicott|24/100
|-damage|p1b: Blaziken|0 fnt
|faint|p1b: Blaziken
|-damage|p2b: Garchomp|90/100|[from] item: Life Orb
|
|win|ground tera
||ground tera is ready for game 3.
||ale_z_plumber is ready for game 3.
|uhtml|next|Next: Game 3 of 3
|l|☆ground tera
|player|p2|
