|j|☆Aeon_Twins
|j|☆banana_guy526
|html|Aeon_Twinsbanana_guy526    
|uhtml|bestof|Game 1 of a best-of-3
|t:|1783168833
|gametype|doubles
|player|p1|Aeon_Twins|n|1213
|player|p2|banana_guy526|colress|1040
|gen|9
|tier|[Gen 9 Champions] VGC 2026 Reg M-B (Bo3)
|rated|
|rule|Species Clause: Limit one of each Pokémon
|rule|Item Clause: Limit 1 of each item
|clearpoke
|poke|p1|Swampert, L50, M|
|poke|p1|Staraptor, L50, M|
|poke|p1|Archaludon, L50, F|
|poke|p1|Pelipper, L50, M|
|poke|p1|Sinistcha, L50|
|poke|p1|Grimmsnarl, L50, M|
|poke|p2|Froslass, L50, F, shiny|
|poke|p2|Whimsicott, L50, M, shiny|
|poke|p2|Blastoise, L50, M|
|poke|p2|Farigiraf, L50, F|
|poke|p2|Arcanine-Hisui, L50, F|
|poke|p2|Hatterene, L50, F, shiny|
|teampreview|4
|showteam|p1|Swampert||Swampertite|Torrent|WaveCrash,Earthquake,IcePunch,Protect|Adamant||M|||50|]Staraptor||Staraptite|Intimidate|CloseCombat,BraveBird,Roost,Protect|Jolly||M|||50|]Archaludon||Leftovers|Stamina|DragonPulse,FlashCannon,ElectroShot,Protect|Modest||F|||50|]Pelipper||SitrusBerry|Drizzle|WeatherBall,Hurricane,Tailwind,Protect|Bold||M|||50|]Sinistcha||KasibBerry|Hospitality|MatchaGotcha,RagePowder,LifeDew,Protect|Relaxed|||||50|]Grimmsnarl||LightClay|Prankster|FoulPlay,PartingShot,LightScreen,Reflect|Calm||M|||50|
|showteam|p2|Froslass||Froslassite|SnowCloak|Blizzard,ShadowBall,AuroraVeil,Protect|Timid||F|||50|]Whimsicott||FairyFeather|Prankster|Encore,Moonblast,Tailwind,EnergyBall|Bold||M|||50|]Blastoise||Blastoisinite|Torrent|WaterSpout,DarkPulse,AuraSphere,FakeOut|Quiet||M|||50|]Farigiraf||ColburBerry|ArmorTail|PsychicNoise,HelpingHand,RainDance,TrickRoom|Relaxed||F|||50|]Arcanine-Hisui||FocusSash|RockHead|FlareBlitz,HeadSmash,ExtremeSpeed,Protect|Jolly||F|||50|]Hatterene||LifeOrb|MagicBounce|Psychic,DazzlingGleam,TrickRoom,Protect|Quiet||F|||50|
|
|t:|1783168864
|teamsize|p1|4
|teamsize|p2|4
|start
|switch|p1a: Archaludon|Archaludon, L50, F|100/100
|switch|p1b: Grimmsnarl|Grimmsnarl, L50, M|100/100
|switch|p2a: Farigiraf|Farigiraf, L50, F|100/100
|switch|p2b: Blastoise|Blastoise, L50, M|100/100
|turn|1
|
|t:|1783168892
|detailschange|p2b: Blastoise|Blastoise-Mega, L50, M
|-mega|p2b: Blastoise|Blastoise|Blastoisinite
|move|p2b: Blastoise|Fake Out|p1a: Archaludon
|-resisted|p1a: Archaludon|1
|-damage|p1a: Archaludon|96/100
|-ability|p1a: Archaludon|Stamina|boost
|-boost|p1a: Archaludon|def|1
|move|p1b: Grimmsnarl|Light Screen|p1b: Grimmsnarl
|-sidestart|p1: Aeon_Twins|move: Light Screen
|cant|p1a: Archaludon|flinch
|move|p2a: Farigiraf|Trick Room|p2a: Farigiraf
|-fieldstart|move: Trick Room|[of] p2a: Farigiraf
|
|-heal|p1a: Archaludon|100/100|[from] item: Leftovers
|upkeep
|turn|2
|
|t:|1783168912
|switch|p1a: Sinistcha|Sinistcha, L50|100/100
|move|p2a: Farigiraf|Helping Hand|p2b: Blastoise
|-singleturn|p2b: Blastoise|Helping Hand|[of] p2a: Farigiraf
|move|p1b: Grimmsnarl|Foul Play|p2a: Farigiraf
|-supereffective|p2a: Farigiraf|1
|-enditem|p2a: Farigiraf|Colbur Berry|[eat]
|-enditem|p2a: Farigiraf|Colbur Berry|[weaken]
|-damage|p2a: Farigiraf|75/100
|move|p2b: Blastoise|Aura Sphere|p1a: Sinistcha
|-immune|p1a: Sinistcha
|
|upkeep
|turn|3
|
|t:|1783168927
|move|p2a: Farigiraf|Helping Hand|p2b: Blastoise
|-singleturn|p2b: Blastoise|Helping Hand|[of] p2a: Farigiraf
|move|p1b: Grimmsnarl|Foul Play|p2b: Blastoise
|-damage|p2b: Blastoise|70/100
|move|p1a: Sinistcha|Matcha Gotcha|p2b: Blastoise|[spread] p2a,p2b
|-supereffective|p2b: Blastoise|1
|-damage|p2a: Farigiraf|51/100
|-damage|p2b: Blastoise|27/100
|move|p2b: Blastoise|Dark Pulse|p1a: Sinistcha
|-supereffective|p1a: Sinistcha|1
|-damage|p1a: Sinistcha|1/100
|
|upkeep
|turn|4
|
|t:|1783168943
|move|p2a: Farigiraf|Psychic Noise|p1a: Sinistcha
|-damage|p1a: Sinistcha|0 fnt
|faint|p1a: Sinistcha
|move|p1b: Grimmsnarl|Foul Play|p2a: Farigiraf
|-supereffective|p2a: Farigiraf|1
|-damage|p2a: Farigiraf|5/100
|move|p2b: Blastoise|Aura Sphere|p1b: Grimmsnarl
|-damage|p1b: Grimmsnarl|68/100
|
|upkeep
|
|t:|1783168952
|switch|p1a: Archaludon|Archaludon, L50, F|100/100
|turn|5
|
|t:|1783168958
|move|p2a: Farigiraf|Helping Hand|p2b: Blastoise
|-singleturn|p2b: Blastoise|Helping Hand|[of] p2a: Farigiraf
|move|p1b: Grimmsnarl|Foul Play|p2b: Blastoise
|-damage|p2b: Blastoise|0 fnt
|faint|p2b: Blastoise
|move|p1a: Archaludon|Electro Shot||[still]
|-prepare|p1a: Archaludon|Electro Shot
|-boost|p1a: Archaludon|spa|1
|
|-fieldend|move: Trick Room
|upkeep
|
|t:|1783168968
|switch|p2b: Hatterene|Hatterene, L50, F, shiny|100/100
|turn|6
|
|t:|1783168977
|move|p2b: Hatterene|Protect|p2b: Hatterene
|-singleturn|p2b: Hatterene|Protect
|move|p1a: Archaludon|Electro Shot|p2a: Farigiraf|[from] lockedmove
|-damage|p2a: Farigiraf|0 fnt
|faint|p2a: Farigiraf
|move|p1b: Grimmsnarl|Foul Play|p2b: Hatterene
|-activate|p2b: Hatterene|move: Protect
|
|upkeep
|
|t:|1783168987
|switch|p2a: Arcanine|Arcanine-Hisui, L50, F|100/100
|turn|7
|
|t:|1783168997
|move|p1b: Grimmsnarl|Reflect|p1b: Grimmsnarl
|-sidestart|p1: Aeon_Twins|Reflect
|move|p2a: Arcanine|Flare Blitz|p1a: Archaludon
|-damage|p1a: Archaludon|73/100
|-ability|p1a: Archaludon|Stamina|boost
|-boost|p1a: Archaludon|def|1
|move|p1a: Archaludon|Flash Cannon|p2b: Hatterene
|-supereffective|p2b: Hatterene|1
|-damage|p2b: Hatterene|0 fnt
|faint|p2b: Hatterene
|
|-heal|p1a: Archaludon|79/100|[from] item: Leftovers
|upkeep
|turn|8
|-message|banana_guy526 forfeited.
|
|win|Aeon_Twins
||Aeon_Twins is ready for game 2.
||banana_guy526 is ready for game 2.
|uhtml|next|Next: Game 2 of 3
