|j|☆fantasminha8
|j|☆Blitzball Ace
|html|fantasminha8Blitzball Ace    
|uhtml|bestof|Game 1 of a best-of-3
|t:|1756911226
|gametype|doubles
|player|p1|fantasminha8|170|1304
|player|p2|Blitzball Ace|kamado-armor|1254
|gen|9
|tier|[Gen 9] VGC 2025 Reg H (Bo3)
|rated|
|rule|Species Clause: Limit one of each Pokémon
|rule|Item Clause: Limit 1 of each item
|clearpoke
|poke|p1|Charizard, L50, M|
|poke|p1|Indeedee-F, L50, F|
|poke|p1|Exeggutor, L50, F|
|poke|p1|Torkoal, L50, M|
|poke|p1|Ursaluna, L50, M|
|poke|p1|Gallade, L50, M|
|poke|p2|Porygon2, L50|
|poke|p2|Incineroar, L50, M|
|poke|p2|Ursaluna, L50, F|
|poke|p2|Amoonguss, L50, M|
|poke|p2|Gholdengo, L50|
|poke|p2|Dragonite, L50, F|
|teampreview|4
|showteam|p1|Charizard||ChoiceScarf|SolarPower|HeatWave,SolarBeam,AirSlash,WeatherBall|||M|||50|,,,,,Fire]Indeedee-F||SafetyGoggles|PsychicSurge|FollowMe,HelpingHand,TrickRoom,AlluringVoice|||F|||50|,,,,,Fairy]Exeggutor||FocusSash|Chlorophyll|ExpandingForce,TrickRoom,EnergyBall,SleepPowder|||F|||50|,,,,,Psychic]Torkoal||EjectPack|Drought|Eruption,Overheat,Protect,ClearSmog|||M|||50|,,,,,Fire]Ursaluna||FlameOrb|Guts|Earthquake,Facade,Protect,HeadlongRush|||M|||50|,,,,,Ghost]Gallade||ClearAmulet|Sharpness|WideGuard,PsychoCut,SacredSword,TrickRoom|||M|||50|,,,,,Psychic
|showteam|p2|Porygon2||Eviolite|Download|TeraBlast,IceBeam,Recover,TrickRoom||||||50|,,,,,Fighting]Incineroar||SafetyGoggles|Intimidate|FakeOut,KnockOff,FlareBlitz,PartingShot|||M|||50|,,,,,Ghost]Ursaluna||FlameOrb|Guts|HeadlongRush,Facade,Earthquake,Protect|||F|||50|,,,,,Ghost]Amoonguss||SitrusBerry|Regenerator|PollenPuff,Spore,RagePowder,Protect|||M|||50|,,,,,Water]Gholdengo||LifeOrb|GoodasGold|MakeItRain,ShadowBall,NastyPlot,Protect||||||50|,,,,,Dragon]Dragonite||LoadedDice|Multiscale|ScaleShot,Haze,Tailwind,Protect|||F|||50|,,,,,Steel
|
|t:|1756911278
|teamsize|p1|4
|teamsize|p2|4
|start
|switch|p1a: Exeggutor|Exeggutor, L50, F|100/100
|switch|p1b: Torkoal|Torkoal, L50, M|100/100
|switch|p2a: Incineroar|Incineroar, L50, M, shiny|100/100
|switch|p2b: Dragonite|Dragonite, L50, F, shiny|100/100
|-ability|p2a: Incineroar|Intimidate|boost
|-unboost|p1a: Exeggutor|atk|1
|-unboost|p1b: Torkoal|atk|1
|-weather|SunnyDay|[from] ability: Drought|[of] p1b: Torkoal
|-enditem|p1b: Torkoal|Eject Pack
|inactive|Battle timer is ON: inactive players will automatically lose when time's up. (requested by fantasminha8)
|
|t:|1756911291
|switch|p1b: Charizard|Charizard, L50, M|100/100
|turn|1
|
|t:|1756911316
|move|p2b: Dragonite|Protect|p2b: Dragonite
|-singleturn|p2b: Dragonite|Protect
|move|p1a: Exeggutor|Sleep Powder|p2b: Dragonite
|-activate|p2b: Dragonite|move: Protect
|move|p1b: Charizard|Heat Wave|p2a: Incineroar|[spread] p2a
|-activate|p2b: Dragonite|move: Protect
|-resisted|p2a: Incineroar
|-damage|p2a: Incineroar|61/100
|move|p2a: Incineroar|Knock Off|p1a: Exeggutor
|-supereffective|p1a: Exeggutor
|-enditem|p1a: Exeggutor|Focus Sash
|-damage|p1a: Exeggutor|1/100
|
|-weather|SunnyDay|[upkeep]
|-damage|p1b: Charizard|88/100|[from] ability: Solar Power|[of] p1b: Charizard
|upkeep
|turn|2
|inactive|Blitzball Ace has 30 seconds left.
|inactive|Blitzball Ace has 20 seconds left.
|inactive|Blitzball Ace has 15 seconds left.
|inactive|Blitzball Ace has 10 seconds left.
|
|t:|1756911362
|-terastallize|p1b: Charizard|Fire
|move|p1a: Exeggutor|Sleep Powder|p2b: Dragonite
|-status|p2b: Dragonite|slp|[from] move: Sleep Powder
|move|p1b: Charizard|Heat Wave|p2a: Incineroar|[spread] p2a,p2b
|-resisted|p2a: Incineroar
|-resisted|p2b: Dragonite
|-damage|p2a: Incineroar|5/100
|-damage|p2b: Dragonite|70/100 slp
|cant|p2b: Dragonite|slp
|move|p2a: Incineroar|Knock Off|p1b: Charizard
|-damage|p1b: Charizard|23/100
|-enditem|p1b: Charizard|Choice Scarf|[from] move: Knock Off|[of] p2a: Incineroar
|
|-weather|SunnyDay|[upkeep]
|-damage|p1b: Charizard|11/100|[from] ability: Solar Power|[of] p1b: Charizard
|upkeep
|turn|3
|inactive|Blitzball Ace has 30 seconds left.
|inactive|Blitzball Ace has 20 seconds left.
|inactive|Blitzball Ace has 15 seconds left.
|
|t:|1756911405
|cant|p2b: Dragonite|slp
|move|p1a: Exeggutor|Energy Ball|p2a: Incineroar
|-resisted|p2a: Incineroar
|-damage|p2a: Incineroar|0 fnt
|faint|p2a: Incineroar
|move|p1b: Charizard|Heat Wave|p2b: Dragonite
|-resisted|p2b: Dragonite
|-damage|p2b: Dragonite|0 fnt
|faint|p2b: Dragonite
|
|-weather|SunnyDay|[upkeep]
|-damage|p1b: Charizard|0 fnt|[from] ability: Solar Power|[of] p1b: Charizard
|faint|p1b: Charizard
|upkeep
|
|t:|1756911414
|switch|p1b: Torkoal|Torkoal, L50, M|100/100
|switch|p2b: Amoonguss|Amoonguss, L50, M, shiny|100/100
|switch|p2a: Ursaluna|Ursaluna, L50, F, shiny|100/100
|turn|4
|
|t:|1756911435
|switch|p1b: Indeedee|Indeedee-F, L50, F|100/100
|-fieldstart|move: Psychic Terrain|[from] ability: Psychic Surge|[of] p1b: Indeedee
|-terastallize|p2b: Amoonguss|Water
|move|p2a: Ursaluna|Protect|p2a: Ursaluna
|-singleturn|p2a: Ursaluna|Protect
|move|p1a: Exeggutor|Expanding Force|p2b: Amoonguss|[spread] p2b
|-activate|p2a: Ursaluna|move: Protect
|-crit|p2b: Amoonguss
|-damage|p2b: Amoonguss|25/100
|-enditem|p2b: Amoonguss|Sitrus Berry|[eat]
|-heal|p2b: Amoonguss|50/100|[from] item: Sitrus Berry
|move|p2b: Amoonguss|Pollen Puff|p1a: Exeggutor
|-supereffective|p1a: Exeggutor
|-damage|p1a: Exeggutor|0 fnt
|faint|p1a: Exeggutor
|
|-weather|SunnyDay|[upkeep]
|-status|p2a: Ursaluna|brn|[from] item: Flame Orb
|upkeep
|
|t:|1756911443
|switch|p1a: Torkoal|Torkoal, L50, M|100/100
|turn|5
|inactive|Blitzball Ace has 30 seconds left.
|
|t:|1756911469
|move|p1a: Torkoal|Protect|p1a: Torkoal
|-singleturn|p1a: Torkoal|Protect
|move|p2a: Ursaluna|Facade|p1b: Indeedee
|-damage|p1b: Indeedee|0 fnt
|faint|p1b: Indeedee
|move|p2b: Amoonguss|Spore|p1a: Torkoal
|-activate|p1a: Torkoal|move: Protect
|
|-weather|none
|-damage|p2a: Ursaluna|95/100 brn|[from] brn
|upkeep
|turn|6
|-message|fantasminha8 forfeited.
|
|win|Blitzball Ace
