|j|☆ddx9000
|j|☆Quill86
|html|ddx9000Quill86    
|uhtml|bestof|Game 1 of a best-of-3
|t:|1756709903
|gametype|doubles
|player|p1|ddx9000|elesa|1171
|player|p2|Quill86|lucas|1331
|gen|9
|tier|[Gen 9] VGC 2025 Reg H (Bo3)
|rated|
|rule|Species Clause: Limit one of each Pokémon
|rule|Item Clause: Limit 1 of each item
|clearpoke
|poke|p1|Volcarona, L50, M|
|poke|p1|Kingambit, L50, F|
|poke|p1|Dragonite, L50, M|
|poke|p1|Sneasler, L50, M|
|poke|p1|Rillaboom, L50, F|
|poke|p1|Electabuzz, L50, F|
|poke|p2|Indeedee-F, L50, F|
|poke|p2|Gallade, L50, M|
|poke|p2|Torkoal, L50, M|
|poke|p2|Ursaluna, L50, M|
|poke|p2|Hatterene, L50, F|
|poke|p2|Smeargle, L50, F|
|teampreview|4
|showteam|p1|Volcarona||Leftovers|FlameBody|HeatWave,TeraBlast,QuiverDance,Protect|||M|||50|,,,,,Fairy]Kingambit||BlackGlasses|Defiant|KowtowCleave,SuckerPunch,SwordsDance,Protect|||F|||50|,,,,,Dark]Dragonite||LoadedDice|Multiscale|ScaleShot,ExtremeSpeed,Haze,Protect|||M|||50|,,,,,Steel]Sneasler||FocusSash|PoisonTouch|CloseCombat,DireClaw,FakeOut,Coaching|||M|||50|,,,,,Stellar]Rillaboom||AssaultVest|GrassySurge|WoodHammer,GrassyGlide,HighHorsepower,FakeOut|||F|||50|,,,,,Fire]Electabuzz||Eviolite|VitalSpirit|Thunderbolt,Taunt,FollowMe,Protect|||F|||50|,,,,,Ghost
|showteam|p2|Indeedee-F||PsychicSeed|PsychicSurge|FollowMe,TrickRoom,HelpingHand,DazzlingGleam|||F|||50|,,,,,Fairy]Gallade||ClearAmulet|Sharpness|SacredSword,WideGuard,TrickRoom,PsychoCut|||M|||50|,,,,,Grass]Torkoal||ChoiceSpecs|Drought|Eruption,WeatherBall,EarthPower,HeatWave|||M|||50|,,,,,Fire]Ursaluna||FlameOrb|Guts|Protect,HeadlongRush,Facade,Earthquake|||M|||50|,,,,,Ghost]Hatterene||LifeOrb|MagicBounce|DazzlingGleam,ExpandingForce,MysticalFire,TrickRoom|||F|||50|,,,,,Fire]Smeargle||FocusSash|Moody|FakeOut,Spore,Instruct,FollowMe|||F|||50|,,,,,Ghost
|inactive|Battle timer is ON: inactive players will automatically lose when time's up. (requested by Quill86)
|inactive|ddx9000 has 60 seconds left.
|inactive|ddx9000 has 30 seconds left.
|
|t:|1756709983
|teamsize|p1|4
|teamsize|p2|4
|start
|switch|p1a: Volcarona|Volcarona, L50, M|100/100
|switch|p1b: Electabuzz|Electabuzz, L50, F|100/100
|switch|p2a: Gallade|Gallade, L50, M|100/100
|switch|p2b: Hatterene|Hatterene, L50, F|100/100
|turn|1
|
|t:|1756710001
|move|p1a: Volcarona|Quiver Dance|p1a: Volcarona
|-boost|p1a: Volcarona|spa|1
|-boost|p1a: Volcarona|spd|1
|-boost|p1a: Volcarona|spe|1
|move|p1b: Electabuzz|Thunderbolt|p2a: Gallade
|-damage|p2a: Gallade|71/100
|move|p2a: Gallade|Psycho Cut|p1b: Electabuzz
|-damage|p1b: Electabuzz|60/100
|move|p2b: Hatterene|Trick Room|p2b: Hatterene
|-fieldstart|move: Trick Room|[of] p2b: Hatterene
|
|upkeep
|turn|2
|
|t:|1756710021
|switch|p1b: Rillaboom|Rillaboom, L50, F|100/100
|-fieldstart|move: Grassy Terrain|[from] ability: Grassy Surge|[of] p1b: Rillaboom
|-terastallize|p2b: Hatterene|Fire
|move|p2b: Hatterene|Expanding Force|p1b: Rillaboom
|-damage|p1b: Rillaboom|52/100
|-damage|p2b: Hatterene|91/100|[from] item: Life Orb
|move|p2a: Gallade|Psycho Cut|p1a: Volcarona
|-damage|p1a: Volcarona|37/100
|move|p1a: Volcarona|Quiver Dance|p1a: Volcarona
|-boost|p1a: Volcarona|spa|1
|-boost|p1a: Volcarona|spd|1
|-boost|p1a: Volcarona|spe|1
|
|-heal|p2b: Hatterene|97/100|[from] Grassy Terrain
|-heal|p2a: Gallade|77/100|[from] Grassy Terrain
|-heal|p1b: Rillaboom|58/100|[from] Grassy Terrain
|-heal|p1a: Volcarona|44/100|[from] Grassy Terrain
|-heal|p1a: Volcarona|50/100|[from] item: Leftovers
|upkeep
|turn|3
|
|t:|1756710039
|switch|p2b: Indeedee|Indeedee-F, L50, F|100/100
|-fieldstart|move: Psychic Terrain|[from] ability: Psychic Surge|[of] p2b: Indeedee
|-enditem|p2b: Indeedee|Psychic Seed
|-boost|p2b: Indeedee|spd|1|[from] item: Psychic Seed
|move|p1a: Volcarona|Protect|p1a: Volcarona
|-singleturn|p1a: Volcarona|Protect
|move|p2a: Gallade|Psycho Cut|p1a: Volcarona
|-activate|p1a: Volcarona|move: Protect
|move|p1b: Rillaboom|High Horsepower|p2b: Indeedee
|-damage|p2b: Indeedee|68/100
|
|-heal|p1a: Volcarona|56/100|[from] item: Leftovers
|upkeep
|turn|4
|inactive|ddx9000 has 30 seconds left.
|
|t:|1756710067
|switch|p2b: Hatterene|Hatterene, L50, F, tera:Fire|97/100
|move|p2a: Gallade|Psycho Cut|p1a: Volcarona
|-damage|p1a: Volcarona|0 fnt
|faint|p1a: Volcarona
|move|p1b: Rillaboom|Wood Hammer|p2a: Gallade
|-damage|p2a: Gallade|0 fnt
|faint|p2a: Gallade
|-damage|p1b: Rillaboom|36/100|[from] Recoil
|
|upkeep
|
|t:|1756710082
|switch|p2a: Indeedee|Indeedee-F, L50, F|68/100
|switch|p1a: Dragonite|Dragonite, L50, M|100/100
|turn|5
|
|t:|1756710088
|switch|p1b: Electabuzz|Electabuzz, L50, F|60/100
|-terastallize|p1a: Dragonite|Steel
|move|p1a: Dragonite|Scale Shot|p2b: Hatterene
|-damage|p2b: Hatterene|80/100
|-damage|p2b: Hatterene|64/100
|-damage|p2b: Hatterene|45/100
|-damage|p2b: Hatterene|28/100
|-hitcount|p2b: Hatterene|4
|-unboost|p1a: Dragonite|def|1
|-boost|p1a: Dragonite|spe|1
|move|p2b: Hatterene|Trick Room|p2b: Hatterene
|-fieldend|move: Trick Room
|move|p2a: Indeedee|Trick Room|p2a: Indeedee
|-fieldstart|move: Trick Room|[of] p2a: Indeedee
|
|upkeep
|turn|6
|
|t:|1756710105
|switch|p1b: Rillaboom|Rillaboom, L50, F|36/100
|-fieldstart|move: Grassy Terrain|[from] ability: Grassy Surge|[of] p1b: Rillaboom
|move|p2a: Indeedee|Follow Me|p2a: Indeedee
|-singleturn|p2a: Indeedee|move: Follow Me
|move|p2b: Hatterene|Expanding Force|p1b: Rillaboom
|-damage|p1b: Rillaboom|0 fnt
|faint|p1b: Rillaboom
|-damage|p2b: Hatterene|18/100|[from] item: Life Orb
|move|p1a: Dragonite|Scale Shot|p2a: Indeedee
|-damage|p2a: Indeedee|54/100
|-damage|p2a: Indeedee|40/100
|-crit|p2a: Indeedee
|-damage|p2a: Indeedee|18/100
|-damage|p2a: Indeedee|4/100
|-damage|p2a: Indeedee|0 fnt
|faint|p2a: Indeedee
|-hitcount|p2: Indeedee|5
|-unboost|p1a: Dragonite|def|1
|-boost|p1a: Dragonite|spe|1
|
|-heal|p2b: Hatterene|24/100|[from] Grassy Terrain
|upkeep
|
|t:|1756710115
|switch|p2a: Torkoal|Torkoal, L50, M|100/100
|switch|p1b: Electabuzz|Electabuzz, L50, F|60/100
|-weather|SunnyDay|[from] ability: Drought|[of] p2a: Torkoal
|turn|7
|
|t:|1756710123
|move|p1a: Dragonite|Protect|p1a: Dragonite
|-singleturn|p1a: Dragonite|Protect
|move|p2a: Torkoal|Eruption|p1b: Electabuzz|[spread] p1b
|-activate|p1a: Dragonite|move: Protect
|-damage|p1b: Electabuzz|0 fnt
|faint|p1b: Electabuzz
|move|p2b: Hatterene|Mystical Fire|p1a: Dragonite
|-activate|p1a: Dragonite|move: Protect
|
|-weather|SunnyDay|[upkeep]
|-heal|p2b: Hatterene|30/100|[from] Grassy Terrain
|upkeep
|turn|8
|-message|ddx9000 forfeited.
|
|win|Quill86
|l|☆ddx9000
|player|p1|
||ddx9000 is ready for game 2.
||Quill86 is ready for game 2.
|uhtml|next|Next: Game 2 of 3
