|j|☆SlowHomie
|j|☆Its last min
|html|SlowHomieIts last min    
|uhtml|bestof|Game 3 of a best-of-3
|t:|1757006419
|gametype|doubles
|player|p1|SlowHomie|skier|
|player|p2|Its last min|265|
|gen|9
|tier|[Gen 9] VGC 2025 Reg H (Bo3)
|rule|Species Clause: Limit one of each Pokémon
|rule|Item Clause: Limit 1 of each item
|clearpoke
|poke|p1|Murkrow, L50, M|
|poke|p1|Abomasnow, L50, F|
|poke|p1|Indeedee, L50, M|
|poke|p1|Sneasler, L50, M|
|poke|p1|Gholdengo, L50|
|poke|p1|Basculegion, L50, M|
|poke|p2|Ninetales-Alola, L50, F|
|poke|p2|Gholdengo, L50|
|poke|p2|Rillaboom, L50, M|
|poke|p2|Annihilape, L50, F|
|poke|p2|Dragonite, L50, F|
|poke|p2|Ursaluna-Bloodmoon, L50, M|
|teampreview|4
|showteam|p1|Murkrow||Eviolite|Prankster|FoulPlay,Tailwind,Haze,Protect|||M|||50|,,,,,Ghost]Abomasnow||AssaultVest|SnowWarning|Blizzard,LeafStorm,EarthPower,WeatherBall|||F|||50|,,,,,Fire]Indeedee||FocusSash|PsychicSurge|ExpandingForce,TeraBlast,Imprison,TrickRoom|||M|||50|,,,,,Fighting]Sneasler||PsychicSeed|Unburden|DireClaw,CloseCombat,ThroatChop,Protect|||M|||50|,,,,,Dark]Gholdengo||LifeOrb|GoodasGold|MakeItRain,ShadowBall,NastyPlot,Protect||||||50|,,,,,Steel]Basculegion||ChoiceScarf|Adaptability|WaveCrash,LastRespects,AquaJet,FlipTurn|||M|||50|,,,,,Grass
|showteam|p2|Ninetales-Alola||FocusSash|SnowWarning|IcicleSpear,Blizzard,AuroraVeil,IcyWind|||F|||50|,,,,,Ghost]Gholdengo||GrassySeed|GoodasGold|MakeItRain,ShadowBall,Protect,NastyPlot||||||50|,,,,,Water]Rillaboom||MiracleSeed|GrassySurge|WoodHammer,FakeOut,GrassyGlide,Protect|||M|||50|,,,,,Fire]Annihilape||SafetyGoggles|Defiant|BulkUp,Protect,RageFist,DrainPunch|||F|||50|,,,,,Fire]Dragonite||LoadedDice|Multiscale|ScaleShot,ExtremeSpeed,Protect,StompingTantrum|||F|||50|,,,,,Steel]Ursaluna-Bloodmoon||AssaultVest|MindsEye|BloodMoon,EarthPower,VacuumWave,HyperVoice|||M|||50|,,,,,Water
|inactive|Battle timer is ON: inactive players will automatically lose when time's up. (requested by SlowHomie)
|
|t:|1757006445
|teamsize|p1|4
|teamsize|p2|4
|start
|switch|p1a: Brynden Rivers|Murkrow, L50, M|100/100
|switch|p1b: Jet Fuel|Gholdengo, L50|100/100
|switch|p2a: Ninetales|Ninetales-Alola, L50, F|100/100
|switch|p2b: Ursaluna|Ursaluna-Bloodmoon, L50, M|100/100
|-weather|Snowscape|[from] ability: Snow Warning|[of] p2a: Ninetales
|turn|1
|
|t:|1757006459
|-terastallize|p2b: Ursaluna|Water
|move|p1a: Brynden Rivers|Tailwind|p1a: Brynden Rivers
|-sidestart|p1: SlowHomie|move: Tailwind
|move|p1b: Jet Fuel|Make It Rain|p2a: Ninetales|[spread] p2a,p2b
|-supereffective|p2a: Ninetales
|-resisted|p2b: Ursaluna
|-enditem|p2a: Ninetales|Focus Sash
|-damage|p2a: Ninetales|1/100
|-damage|p2b: Ursaluna|81/100
|-unboost|p1b: Jet Fuel|spa|1
|-damage|p1b: Jet Fuel|91/100|[from] item: Life Orb
|move|p2a: Ninetales|Aurora Veil|p2a: Ninetales
|-sidestart|p2: Its last min|move: Aurora Veil
|move|p2b: Ursaluna|Earth Power|p1b: Jet Fuel
|-supereffective|p1b: Jet Fuel
|-damage|p1b: Jet Fuel|0 fnt
|faint|p1b: Jet Fuel
|
|-weather|Snowscape|[upkeep]
|upkeep
|
|t:|1757006467
|switch|p1b: Evergreen|Abomasnow, L50, F|100/100
|turn|2
|
|t:|1757006482
|switch|p2b: Gholdengo|Gholdengo, L50|100/100
|move|p1a: Brynden Rivers|Foul Play|p2a: Ninetales
|-resisted|p2a: Ninetales
|-damage|p2a: Ninetales|0 fnt
|faint|p2a: Ninetales
|move|p1b: Evergreen|Leaf Storm|p2b: Gholdengo
|-resisted|p2b: Gholdengo
|-damage|p2b: Gholdengo|84/100
|-unboost|p1b: Evergreen|spa|2
|
|-weather|Snowscape|[upkeep]
|upkeep
|
|t:|1757006500
|switch|p2a: Ursaluna|Ursaluna-Bloodmoon, L50, M, tera:Water|81/100
|turn|3
|
|t:|1757006514
|move|p1a: Brynden Rivers|Haze|p1a: Brynden Rivers
|-clearallboost
|move|p1b: Evergreen|Earth Power|p2b: Gholdengo
|-supereffective|p2b: Gholdengo
|-damage|p2b: Gholdengo|55/100
|move|p2b: Gholdengo|Make It Rain|p1b: Evergreen|[spread] p1a,p1b
|-supereffective|p1b: Evergreen
|-damage|p1a: Brynden Rivers|46/100
|-damage|p1b: Evergreen|35/100
|-unboost|p2b: Gholdengo|spa|1
|move|p2a: Ursaluna|Earth Power|p1b: Evergreen
|-resisted|p1b: Evergreen
|-damage|p1b: Evergreen|18/100
|
|-weather|Snowscape|[upkeep]
|upkeep
|turn|4
|inactive|Its last min has 30 seconds left.
|
|t:|1757006541
|move|p2a: Ursaluna|Vacuum Wave|p1b: Evergreen
|-supereffective|p1b: Evergreen
|-damage|p1b: Evergreen|0 fnt
|faint|p1b: Evergreen
|move|p1a: Brynden Rivers|Foul Play|p2b: Gholdengo
|-supereffective|p2b: Gholdengo
|-damage|p2b: Gholdengo|37/100
|move|p2b: Gholdengo|Make It Rain|p1a: Brynden Rivers
|-damage|p1a: Brynden Rivers|0 fnt
|-unboost|p2b: Gholdengo|spa|1
|faint|p1a: Brynden Rivers
|
|-weather|Snowscape|[upkeep]
|-sideend|p1: SlowHomie|move: Tailwind
|upkeep
|
|t:|1757006544
|switch|p1b: Longclaw|Sneasler, L50, M, shiny|100/100
|turn|5
|c|☆SlowHomie|Gg wo
|c|☆SlowHomie|wp
|
|t:|1757006559
|move|p1b: Longclaw|Throat Chop|p2a: Ursaluna
|-damage|p2a: Ursaluna|66/100
|-start|p2a: Ursaluna|Throat Chop|[silent]
|move|p2b: Gholdengo|Make It Rain|p1b: Longclaw
|-damage|p1b: Longclaw|60/100
|-unboost|p2b: Gholdengo|spa|1
|move|p2a: Ursaluna|Blood Moon|p1b: Longclaw
|-crit|p1b: Longclaw
|-damage|p1b: Longclaw|0 fnt
|faint|p1b: Longclaw
|
|win|Its last min
