|j|☆BenjiRNG
|j|☆marcosdeltasena31
|html|BenjiRNGmarcosdeltasena31    
|uhtml|bestof|Game 3 of a best-of-3
|t:|1757207636
|gametype|doubles
|player|p1|BenjiRNG|clown|1317
|player|p2|marcosdeltasena31|hilbert|1333
|gen|9
|tier|[Gen 9] VGC 2025 Reg H (Bo3)
|rated|
|rule|Species Clause: Limit one of each Pokémon
|rule|Item Clause: Limit 1 of each item
|clearpoke
|poke|p1|Gholdengo, L50|
|poke|p1|Murkrow, L50, F|
|poke|p1|Archaludon, L50, M|
|poke|p1|Pelipper, L50, F|
|poke|p1|Sneasler, L50, F|
|poke|p1|Amoonguss, L50, M|
|poke|p2|Dragonite, L50, F|
|poke|p2|Sneasler, L50, F|
|poke|p2|Volcarona, L50, F|
|poke|p2|Rillaboom, L50, M|
|poke|p2|Kingambit, L50, F|
|poke|p2|Electabuzz, L50, F|
|teampreview|4
|showteam|p1|Gholdengo||ChoiceSpecs|GoodasGold|MakeItRain,ShadowBall,Thunderbolt,Trick||||||50|,,,,,Steel]Murkrow||Eviolite|Prankster|FoulPlay,Tailwind,Haze,RainDance|||F|||50|,,,,,Ghost]Archaludon||AssaultVest|Stamina|ElectroShot,DracoMeteor,BodyPress,FlashCannon|||M|||50|,,,,,Fairy]Pelipper||FocusSash|Drizzle|Hurricane,WeatherBall,WideGuard,Protect|||F|||50|,,,,,Grass]Sneasler||WhiteHerb|Unburden|FakeOut,CloseCombat,DireClaw,Protect|||F|||50|,,,,,Flying]Amoonguss||SitrusBerry|Regenerator|RagePowder,Spore,PollenPuff,Protect|||M|||50|,,,,,Water
|showteam|p2|Dragonite||LoadedDice|Multiscale|ScaleShot,ExtremeSpeed,Haze,Protect|||F|||50|,,,,,Fairy]Sneasler||FocusSash|PoisonTouch|DireClaw,CloseCombat,FakeOut,Coaching|||F|||50|,,,,,Ghost]Volcarona||CovertCloak|FlameBody|HeatWave,TeraBlast,QuiverDance,Protect|||F|||50|,,,,,Fairy]Rillaboom||AssaultVest|GrassySurge|WoodHammer,FakeOut,GrassyGlide,HighHorsepower|||M|||50|,,,,,Fire]Kingambit||BlackGlasses|Defiant|KowtowCleave,SwordsDance,SuckerPunch,Protect|||F|||50|,,,,,Dark]Electabuzz||Eviolite|VitalSpirit|Thunderbolt,FollowMe,Taunt,Protect|||F|||50|,,,,,Ghost
|
|t:|1757207669
|teamsize|p1|4
|teamsize|p2|4
|start
|switch|p1a: Murkrow|Murkrow, L50, F|100/100
|switch|p1b: Gholdengo|Gholdengo, L50|100/100
|switch|p2a: Volcarona|Volcarona, L50, F|100/100
|switch|p2b: Electabuzz|Electabuzz, L50, F|100/100
|turn|1
|
|t:|1757207687
|move|p1a: Murkrow|Tailwind|p1a: Murkrow
|-sidestart|p1: BenjiRNG|move: Tailwind
|move|p1b: Gholdengo|Shadow Ball|p2a: Volcarona
|-damage|p2a: Volcarona|46/100
|move|p2a: Volcarona|Heat Wave|p1b: Gholdengo|[spread] p1a,p1b
|-supereffective|p1b: Gholdengo
|-damage|p1a: Murkrow|53/100
|-damage|p1b: Gholdengo|12/100
|move|p2b: Electabuzz|Thunderbolt|p1a: Murkrow
|-supereffective|p1a: Murkrow
|-damage|p1a: Murkrow|0 fnt
|faint|p1a: Murkrow
|
|upkeep
|
|t:|1757207701
|switch|p1a: Pelipper|Pelipper, L50, F|100/100
|-weather|RainDance|[from] ability: Drizzle|[of] p1a: Pelipper
|turn|2
|
|t:|1757207710
|-terastallize|p1a: Pelipper|Grass
|move|p2a: Volcarona|Protect|p2a: Volcarona
|-singleturn|p2a: Volcarona|Protect
|move|p2b: Electabuzz|Protect|p2b: Electabuzz
|-singleturn|p2b: Electabuzz|Protect
|move|p1a: Pelipper|Wide Guard|p1a: Pelipper
|-singleturn|p1a: Pelipper|Wide Guard
|move|p1b: Gholdengo|Shadow Ball|p2a: Volcarona
|-activate|p2a: Volcarona|move: Protect
|
|-weather|RainDance|[upkeep]
|upkeep
|turn|3
|
|t:|1757207728
|move|p2b: Electabuzz|Follow Me|p2b: Electabuzz
|-singleturn|p2b: Electabuzz|move: Follow Me
|move|p1b: Gholdengo|Shadow Ball|p2b: Electabuzz
|-damage|p2b: Electabuzz|47/100
|-unboost|p2b: Electabuzz|spd|1
|move|p1a: Pelipper|Weather Ball|p2b: Electabuzz
|-damage|p2b: Electabuzz|0 fnt
|faint|p2b: Electabuzz
|move|p2a: Volcarona|Tera Blast|p1a: Pelipper
|-damage|p1a: Pelipper|53/100
|
|-weather|RainDance|[upkeep]
|upkeep
|
|t:|1757207747
|switch|p2b: Kingambit|Kingambit, L50, F|100/100
|turn|4
|
|t:|1757207753
|switch|p1b: Sneasler|Sneasler, L50, F|100/100
|move|p2a: Volcarona|Protect|p2a: Volcarona
|-singleturn|p2a: Volcarona|Protect
|move|p2b: Kingambit|Protect|p2b: Kingambit
|-singleturn|p2b: Kingambit|Protect
|move|p1a: Pelipper|Weather Ball|p2b: Kingambit
|-activate|p2b: Kingambit|move: Protect
|
|-weather|RainDance|[upkeep]
|-sideend|p1: BenjiRNG|move: Tailwind
|upkeep
|turn|5
|
|t:|1757207781
|-terastallize|p2b: Kingambit|Dark
|move|p2b: Kingambit|Sucker Punch|p1a: Pelipper
|-damage|p1a: Pelipper|0 fnt
|faint|p1a: Pelipper
|move|p1b: Sneasler|Close Combat|p2b: Kingambit
|-supereffective|p2b: Kingambit
|-damage|p2b: Kingambit|5/100
|-unboost|p1b: Sneasler|def|1
|-unboost|p1b: Sneasler|spd|1
|-enditem|p1b: Sneasler|White Herb
|-clearnegativeboost|p1b: Sneasler|[silent]
|move|p2a: Volcarona|Heat Wave|p1b: Sneasler
|-damage|p1b: Sneasler|68/100
|
|-weather|RainDance|[upkeep]
|upkeep
|
|t:|1757207795
|switch|p1a: Gholdengo|Gholdengo, L50|12/100
|turn|6
|
|t:|1757207808
|move|p2a: Volcarona|Protect|p2a: Volcarona
|-singleturn|p2a: Volcarona|Protect
|move|p2b: Kingambit|Protect|p2b: Kingambit
|-singleturn|p2b: Kingambit|Protect
|move|p1b: Sneasler|Close Combat|p2b: Kingambit
|-activate|p2b: Kingambit|move: Protect
|move|p1a: Gholdengo|Trick|p2b: Kingambit
|-activate|p2b: Kingambit|move: Protect
|
|-weather|none
|upkeep
|turn|7
|
|t:|1757207824
|switch|p2a: Sneasler|Sneasler, L50, F|100/100
|move|p2b: Kingambit|Sucker Punch|p1b: Sneasler
|-resisted|p1b: Sneasler
|-damage|p1b: Sneasler|10/100
|move|p1b: Sneasler|Dire Claw|p2b: Kingambit
|-damage|p2b: Kingambit|0 fnt
|faint|p2b: Kingambit
|move|p1a: Gholdengo|Trick|p2a: Sneasler
|-activate|p1a: Gholdengo|move: Trick|[of] p2a: Sneasler
|-item|p2a: Sneasler|Choice Specs|[from] move: Trick
|-item|p1a: Gholdengo|Focus Sash|[from] move: Trick
|
|upkeep
|
|t:|1757207836
|switch|p2b: Volcarona|Volcarona, L50, F|46/100
|turn|8
|
|t:|1757207865
|move|p1b: Sneasler|Protect|p1b: Sneasler
|-singleturn|p1b: Sneasler|Protect
|move|p2b: Volcarona|Protect|p2b: Volcarona
|-singleturn|p2b: Volcarona|Protect
|move|p2a: Sneasler|Dire Claw|p1b: Sneasler
|-activate|p1b: Sneasler|move: Protect
|move|p1a: Gholdengo|Shadow Ball|p2b: Volcarona
|-activate|p2b: Volcarona|move: Protect
|
|upkeep
|turn|9
|
|t:|1757207887
|move|p2b: Volcarona|Protect|p2b: Volcarona
|-singleturn|p2b: Volcarona|Protect
|move|p1b: Sneasler|Dire Claw|p2b: Volcarona
|-activate|p2b: Volcarona|move: Protect
|move|p2a: Sneasler|Dire Claw|p1b: Sneasler
|-resisted|p1b: Sneasler
|-damage|p1b: Sneasler|0 fnt
|faint|p1b: Sneasler
|move|p1a: Gholdengo|Make It Rain|p2b: Volcarona|[spread] p2a
|-activate|p2b: Volcarona|move: Protect
|-damage|p2a: Sneasler|38/100
|-unboost|p1a: Gholdengo|spa|1
|
|upkeep
|turn|10
|
|t:|1757207904
|move|p2a: Sneasler|Dire Claw|p1a: Gholdengo
|-immune|p1a: Gholdengo
|move|p1a: Gholdengo|Shadow Ball|p2b: Volcarona
|-crit|p2b: Volcarona
|-damage|p2b: Volcarona|0 fnt
|faint|p2b: Volcarona
|
|upkeep
|turn|11
|inactive|Battle timer is ON: inactive players will automatically lose when time's up. (requested by BenjiRNG)
|c|☆marcosdeltasena31|critical hit win man
|
|t:|1757207939
|move|p2a: Sneasler|Dire Claw|p1a: Gholdengo
|-immune|p1a: Gholdengo
|move|p1a: Gholdengo|Shadow Ball|p2a: Sneasler
|-damage|p2a: Sneasler|2/100
|
|upkeep
|turn|12
|
|t:|1757207948
|move|p2a: Sneasler|Dire Claw|p1a: Gholdengo
|-immune|p1a: Gholdengo
|move|p1a: Gholdengo|Thunderbolt|p2a: Sneasler
|-damage|p2a: Sneasler|0 fnt
|faint|p2a: Sneasler
|
|win|BenjiRNG
|raw|BenjiRNG's rating: 1317 → 1338(+21 for winning)
|raw|marcosdeltasena31's rating: 1333 → 1312(-21 for losing)
