|j|â˜†charliechueco
|j|â˜†sigueinventando
|html|charliechuecosigueinventando    
|uhtml|bestof|Game 3 of a best-of-3
|t:|1784140032
|gametype|doubles
|player|p1|charliechueco|2|1040
|player|p2|sigueinventando|benga|1144
|gen|9
|tier|[Gen 9 Champions] VGC 2026 Reg M-B (Bo3)
|rated|
|rule|Species Clause: Limit one of each PokÃ©mon
|rule|Item Clause: Limit 1 of each item
|clearpoke
|poke|p1|Lycanroc-Dusk, L50, M|
|poke|p1|Whimsicott, L50, F|
|poke|p1|Lucario, L50, M|
|poke|p1|Basculegion, L50, M|
|poke|p1|Incineroar, L50, M|
|poke|p1|Archaludon, L50, F|
|poke|p2|Blaziken, L50, F|
|poke|p2|Dragonite, L50, M|
|poke|p2|Froslass, L50, F|
|poke|p2|Toxapex, L50, M|
|poke|p2|Kingambit, L50, M|
|poke|p2|Sneasler, L50, M|
|teampreview|4
|showteam|p1|Lycanroc-Dusk||LifeOrb|ToughClaws|Accelerock,CloseCombat,PlayRough,StompingTantrum|Jolly||M|||50|]Whimsicott||FocusSash|Prankster|Tailwind,Encore,Moonblast,GigaDrain|Timid||F|||50|]Lucario||Lucarionite|InnerFocus|CloseCombat,RockSlide,BulletPunch,Protect|Jolly||M|||50|]Basculegion||ChoiceScarf|Adaptability|WaveCrash,FlipTurn,LastRespects,AquaJet|Jolly||M|||50|]Incineroar||SitrusBerry|Intimidate|FakeOut,FlareBlitz,DarkestLariat,PartingShot|Careful||M|||50|]Archaludon||Leftovers|Stamina|Thunderbolt,DragonPulse,FlashCannon,Protect|Modest||F|||50|
|showteam|p2|Blaziken||Blazikenite|SpeedBoost|FlareBlitz,CloseCombat,RockSlide,Protect|Adamant||F|||50|]Dragonite||LifeOrb|InnerFocus|ExtremeSpeed,DragonClaw,LowKick,Protect|Adamant||M|||50|]Froslass||Froslassite|CursedBody|Blizzard,ShadowBall,AuroraVeil,Protect|Timid||F|||50|]Toxapex||Leftovers|Regenerator|Toxic,Infestation,WideGuard,BanefulBunker|Bold||M|||50|]Kingambit||BlackGlasses|Defiant|SuckerPunch,KowtowCleave,IronHead,Protect|Adamant||M|||50|]Sneasler||FocusSash|PoisonTouch|FakeOut,PoisonJab,CloseCombat,Protect|Jolly||M|||50|
|inactive|Battle timer is ON: inactive players will automatically lose when time's up. (requested by sigueinventando)
|inactive|charliechueco has 60 seconds left.
|inactive|sigueinventando has 60 seconds left.
|inactive|sigueinventando has 30 seconds left.
|
|t:|1784140105
|teamsize|p1|4
|teamsize|p2|4
|start
|switch|p1a: Lucario|Lucario, L50, M|100/100
|switch|p1b: Incineroar|Incineroar, L50, M|100/100
|switch|p2a: Kingambit|Kingambit, L50, M|100/100
|switch|p2b: Blaziken|Blaziken, L50, F|100/100
|-ability|p1b: Incineroar|Intimidate|boost
|-unboost|p2a: Kingambit|atk|1
|-ability|p2a: Kingambit|Defiant|boost
|-boost|p2a: Kingambit|atk|2
|-unboost|p2b: Blaziken|atk|1
|turn|1
|
|t:|1784140127
|detailschange|p1a: Lucario|Lucario-Mega, L50, M
|-mega|p1a: Lucario|Lucario|Lucarionite
|move|p2b: Blaziken|Protect|p2b: Blaziken
|-singleturn|p2b: Blaziken|Protect
|move|p2a: Kingambit|Protect|p2a: Kingambit
|-singleturn|p2a: Kingambit|Protect
|move|p1b: Incineroar|Fake Out|p2b: Blaziken
|-activate|p2b: Blaziken|move: Protect
|move|p1a: Lucario|Close Combat|p2a: Kingambit
|-activate|p2a: Kingambit|move: Protect
|
|-ability|p2b: Blaziken|Speed Boost|boost
|-boost|p2b: Blaziken|spe|1
|upkeep
|turn|2
|inactive|charliechueco has 30 seconds left.
|inactive|sigueinventando has 30 seconds left.
|inactive|sigueinventando has 20 seconds left.
|inactive|sigueinventando has 15 seconds left.
|
|t:|1784140169
|detailschange|p2b: Blaziken|Blaziken-Mega, L50, F
|-mega|p2b: Blaziken|Blaziken|Blazikenite
|move|p2a: Kingambit|Sucker Punch|p1b: Incineroar
|-resisted|p1b: Incineroar|1
|-damage|p1b: Incineroar|68/100
|move|p2b: Blaziken|Close Combat|p1a: Lucario
|-supereffective|p1a: Lucario|1
|-damage|p1a: Lucario|0 fnt
|-unboost|p2b: Blaziken|def|1
|-unboost|p2b: Blaziken|spd|1
|faint|p1a: Lucario
|move|p1b: Incineroar|Flare Blitz|p2a: Kingambit
|-supereffective|p2a: Kingambit|1
|-damage|p2a: Kingambit|35/100
|-status|p2a: Kingambit|brn
|-damage|p1b: Incineroar|46/100|[from] Recoil
|-enditem|p1b: Incineroar|Sitrus Berry|[eat]
|-heal|p1b: Incineroar|71/100|[from] item: Sitrus Berry
|
|-damage|p2a: Kingambit|29/100 brn|[from] brn
|-ability|p2b: Blaziken|Speed Boost|boost
|-boost|p2b: Blaziken|spe|1
|upkeep
|
|t:|1784140187
|switch|p1a: Lycanroc|Lycanroc-Dusk, L50, M|100/100
|turn|3
|
|t:|1784140212
|move|p2a: Kingambit|Protect|p2a: Kingambit
|-singleturn|p2a: Kingambit|Protect
|move|p2b: Blaziken|Close Combat|p1b: Incineroar
|-supereffective|p1b: Incineroar|1
|-damage|p1b: Incineroar|0 fnt
|-unboost|p2b: Blaziken|def|1
|-unboost|p2b: Blaziken|spd|1
|faint|p1b: Incineroar
|move|p1a: Lycanroc|Stomping Tantrum|p2b: Blaziken
|-supereffective|p2b: Blaziken|1
|-damage|p2b: Blaziken|0 fnt
|faint|p2b: Blaziken
|-damage|p1a: Lycanroc|90/100|[from] item: Life Orb
|
|-damage|p2a: Kingambit|23/100 brn|[from] brn
|upkeep
|
|t:|1784140232
|switch|p2b: Dragonite|Dragonite, L50, M|100/100
|switch|p1b: Archaludon|Archaludon, L50, F|100/100
|turn|4
|inactive|charliechueco has 30 seconds left.
|inactive|sigueinventando has 30 seconds left.
|
|t:|1784140264
|move|p2b: Dragonite|Protect|p2b: Dragonite
|-singleturn|p2b: Dragonite|Protect
|move|p1a: Lycanroc|Accelerock|p2b: Dragonite
|-activate|p2b: Dragonite|move: Protect
|move|p2a: Kingambit|Sucker Punch||[still]
|-fail|p2a: Kingambit
|move|p1b: Archaludon|Dragon Pulse|p2b: Dragonite
|-activate|p2b: Dragonite|move: Protect
|
|-damage|p2a: Kingambit|17/100 brn|[from] brn
|upkeep
|turn|5
|
|t:|1784140277
|move|p2b: Dragonite|Extreme Speed|p1a: Lycanroc
|-resisted|p1a: Lycanroc|1
|-damage|p1a: Lycanroc|56/100
|-damage|p2b: Dragonite|90/100|[from] item: Life Orb
|move|p1a: Lycanroc|Accelerock|p2b: Dragonite
|-supereffective|p2b: Dragonite|1
|-damage|p2b: Dragonite|22/100
|-damage|p1a: Lycanroc|46/100|[from] item: Life Orb
|move|p1b: Archaludon|Dragon Pulse|p2b: Dragonite
|-supereffective|p2b: Dragonite|1
|-damage|p2b: Dragonite|0 fnt
|faint|p2b: Dragonite
|move|p2a: Kingambit|Iron Head|p1a: Lycanroc
|-supereffective|p1a: Lycanroc|1
|-damage|p1a: Lycanroc|0 fnt
|faint|p1a: Lycanroc
|
|-damage|p2a: Kingambit|12/100 brn|[from] brn
|upkeep
|c|â˜†sigueinventando|gg
|inactive|sigueinventando has 30 seconds left.
|inactive|sigueinventando has 20 seconds left.
|inactive|sigueinventando has 15 seconds left.
|inactive|sigueinventando has 10 seconds left.
|
|t:|1784140323
|switch|p2b: Sneasler|Sneasler, L50, M|100/100
|turn|6
|
|t:|1784140334
|move|p1b: Archaludon|Protect|p1b: Archaludon
|-singleturn|p1b: Archaludon|Protect
|move|p2a: Kingambit|Protect|p2a: Kingambit
|-singleturn|p2a: Kingambit|Protect
|move|p2b: Sneasler|Close Combat|p1b: Archaludon
|-activate|p1b: Archaludon|move: Protect
|
|-damage|p2a: Kingambit|6/100 brn|[from] brn
|upkeep
|turn|7
|c|â˜†sigueinventando|al final necesitabas tu el rng mas que yo
|
|t:|1784140352
|move|p1b: Archaludon|Protect|p1b: Archaludon
|-singleturn|p1b: Archaludon|Protect
|move|p2a: Kingambit|Protect||[still]
|-fail|p2a: Kingambit
|move|p2b: Sneasler|Close Combat|p1b: Archaludon
|-activate|p1b: Archaludon|move: Protect
|
|-damage|p2a: Kingambit|1/100 brn|[from] brn
|upkeep
|turn|8
|c|â˜†charliechueco|al menos yo tuve el buen rng de no nacer peruano
|inactive|charliechueco has 30 seconds left.
|
|t:|1784140377
|move|p2a: Kingambit|Protect|p2a: Kingambit
|-singleturn|p2a: Kingambit|Protect
|move|p2b: Sneasler|Close Combat|p1b: Archaludon
|-supereffective|p1b: Archaludon|1
|-damage|p1b: Archaludon|1/100
|-unboost|p2b: Sneasler|def|1
|-unboost|p2b: Sneasler|spd|1
|-ability|p1b: Archaludon|Stamina|boost
|-boost|p1b: Archaludon|def|1
|move|p1b: Archaludon|Thunderbolt|p2b: Sneasler
|-damage|p2b: Sneasler|38/100
|
|-heal|p1b: Archaludon|7/100|[from] item: Leftovers
|-damage|p2a: Kingambit|0 fnt|[from] brn
|faint|p2a: Kingambit
|upkeep
|turn|9
|c|â˜†sigueinventando|gracias a dios no soy peruano
|
|t:|1784140392
|move|p1b: Archaludon|Protect|p1b: Archaludon
|-singleturn|p1b: Archaludon|Protect
|move|p2b: Sneasler|Close Combat|p1b: Archaludon
|-activate|p1b: Archaludon|move: Protect
|
|-heal|p1b: Archaludon|13/100|[from] item: Leftovers
|upkeep
|turn|10
|c|â˜†charliechueco|pues hablas como si lo fueras
|
|t:|1784140402
|move|p1b: Archaludon|Protect|p1b: Archaludon
|-singleturn|p1b: Archaludon|Protect
|move|p2b: Sneasler|Close Combat|p1b: Archaludon
|-activate|p1b: Archaludon|move: Protect
|
|-heal|p1b: Archaludon|19/100|[from] item: Leftovers
|upkeep
|turn|11
|c|â˜†sigueinventando|sigue inventando
|c|â˜†charliechueco|eso diria un peruano
|
|t:|1784140422
|move|p2b: Sneasler|Close Combat|p1b: Archaludon
|-supereffective|p1b: Archaludon|1
|-damage|p1b: Archaludon|0 fnt
|-unboost|p2b: Sneasler|def|1
|-unboost|p2b: Sneasler|spd|1
|faint|p1b: Archaludon
|
|win|sigueinventando
|raw|charliechueco's rating: 1040 → 1029(-11 for losing)
|raw|sigueinventando's rating: 1144 → 1162(+18 for winning)
|l|â˜†charliechueco
|player|p1|
