|j|☆BackPAC
|j|☆Rat Rizzo
|html|BackPACRat Rizzo    
|uhtml|bestof|Game 1 of a best-of-3
|t:|1756533664
|gametype|doubles
|player|p1|BackPAC|burglar|1108
|player|p2|Rat Rizzo|101|1049
|gen|9
|tier|[Gen 9] VGC 2025 Reg H (Bo3)
|rated|
|rule|Species Clause: Limit one of each Pokémon
|rule|Item Clause: Limit 1 of each item
|clearpoke
|poke|p1|Whimsicott, L50, F|
|poke|p1|Annihilape, L50, F|
|poke|p1|Ursaluna-Bloodmoon, L50, M|
|poke|p1|Farigiraf, L50, M|
|poke|p1|Rillaboom, L50, F|
|poke|p1|Salamence, L50, F|
|poke|p2|Ursaluna, L50, F|
|poke|p2|Indeedee-F, L50, F|
|poke|p2|Torkoal, L50, F|
|poke|p2|Gallade, L50, M|
|poke|p2|Hatterene, L50, F|
|poke|p2|Armarouge, L50, F|
|teampreview|4
|showteam|p1|Whimsicott||CovertCloak|Prankster|HelpingHand,Tailwind,BeatUp,Moonblast|||F|||50|,,,,,Fire]Annihilape||SafetyGoggles|Defiant|Protect,Taunt,RageFist,CloseCombat|||F|||50|,,,,,Water]Ursaluna-Bloodmoon||LifeOrb|MindsEye|Protect,BloodMoon,HyperVoice,EarthPower|||M|||50|,,,,,Normal]Farigiraf||SitrusBerry|ArmorTail|TrickRoom,HelpingHand,HyperVoice,Psychic|||M|||50|,,,,,Fire]Rillaboom||AssaultVest|GrassySurge|FakeOut,GrassyGlide,HighHorsepower,WoodHammer|||F|||50|,,,,,Fire]Salamence||ChoiceBand|Intimidate|TemperFlare,BreakingSwipe,DualWingbeat,Outrage|||F|||50|,,,,,Fire
|showteam|p2|Ursaluna||FlameOrb|Guts|Protect,Facade,HeadlongRush,IcePunch|||F|||50|,,,,,Ghost]Indeedee-F||PsychicSeed|PsychicSurge|FollowMe,TrickRoom,HelpingHand,Psychic|||F|||50|,,,,,Fairy]Torkoal||Charcoal|Drought|Protect,Eruption,HeatWave,EarthPower|||F|||50|,,,,,Fire]Gallade||ClearAmulet|Sharpness|WideGuard,TrickRoom,PsychoCut,SacredSword|||M|||50|,,,,,Grass]Hatterene||CovertCloak|MagicBounce|TrickRoom,ExpandingForce,MysticalFire,DazzlingGleam|||F|||50|,,,,,Fire]Armarouge||LifeOrb|FlashFire|TrickRoom,HeatWave,ExpandingForce,WideGuard|||F|||50|,,,,,Grass
|inactive|Battle timer is ON: inactive players will automatically lose when time's up. (requested by Rat Rizzo)
|inactive|BackPAC has 60 seconds left.
|inactive|Rat Rizzo has 60 seconds left.
|
|t:|1756533701
|teamsize|p1|4
|teamsize|p2|4
|start
|switch|p1a: Salamence|Salamence, L50, F|100/100
|switch|p1b: Ursaluna|Ursaluna-Bloodmoon, L50, M|100/100
|switch|p2a: Indeedee|Indeedee-F, L50, F|100/100
|switch|p2b: Hatterene|Hatterene, L50, F|100/100
|-ability|p1a: Salamence|Intimidate|boost
|-unboost|p2a: Indeedee|atk|1
|-unboost|p2b: Hatterene|atk|1
|-fieldstart|move: Psychic Terrain|[from] ability: Psychic Surge|[of] p2a: Indeedee
|-enditem|p2a: Indeedee|Psychic Seed
|-boost|p2a: Indeedee|spd|1|[from] item: Psychic Seed
|turn|1
|inactive|Rat Rizzo has 30 seconds left.
|
|t:|1756533729
|switch|p1a: Farigiraf|Farigiraf, L50, M|100/100
|move|p2a: Indeedee|Follow Me|p2a: Indeedee
|-singleturn|p2a: Indeedee|move: Follow Me
|move|p1b: Ursaluna|Hyper Voice|p2a: Indeedee|[spread] p2a,p2b
|-damage|p2a: Indeedee|65/100
|-damage|p2b: Hatterene|43/100
|-damage|p1b: Ursaluna|91/100|[from] item: Life Orb
|move|p2b: Hatterene|Trick Room|p2b: Hatterene
|-fieldstart|move: Trick Room|[of] p2b: Hatterene
|
|upkeep
|turn|2
|inactive|BackPAC has 30 seconds left.
|inactive|BackPAC has 20 seconds left.
|inactive|BackPAC has 15 seconds left.
|
|t:|1756533771
|switch|p1b: Rillaboom|Rillaboom, L50, F|100/100
|-fieldstart|move: Grassy Terrain|[from] ability: Grassy Surge|[of] p1b: Rillaboom
|move|p2b: Hatterene|Expanding Force|p1b: Rillaboom
|-damage|p1b: Rillaboom|70/100
|move|p2a: Indeedee|Trick Room|p2a: Indeedee
|-fieldend|move: Trick Room
|move|p1a: Farigiraf|Trick Room|p1a: Farigiraf
|-fieldstart|move: Trick Room|[of] p1a: Farigiraf
|
|-heal|p2b: Hatterene|49/100|[from] Grassy Terrain
|-heal|p2a: Indeedee|72/100|[from] Grassy Terrain
|-heal|p1b: Rillaboom|76/100|[from] Grassy Terrain
|upkeep
|turn|3
|inactive|Rat Rizzo has 30 seconds left.
|inactive|Rat Rizzo has 20 seconds left.
|
|t:|1756533809
|switch|p2a: Ursaluna|Ursaluna, L50, F|100/100
|move|p2b: Hatterene|Mystical Fire|p1b: Rillaboom
|-supereffective|p1b: Rillaboom
|-damage|p1b: Rillaboom|36/100
|-unboost|p1b: Rillaboom|spa|1
|move|p1b: Rillaboom|Wood Hammer|p2a: Ursaluna
|-supereffective|p2a: Ursaluna
|-damage|p2a: Ursaluna|0 fnt
|faint|p2a: Ursaluna
|-damage|p1b: Rillaboom|0 fnt|[from] Recoil
|faint|p1b: Rillaboom
|move|p1a: Farigiraf|Trick Room|p1a: Farigiraf
|-fieldend|move: Trick Room
|
|-heal|p2b: Hatterene|55/100|[from] Grassy Terrain
|upkeep
|
|t:|1756533822
|switch|p1b: Ursaluna|Ursaluna-Bloodmoon, L50, M|91/100
|switch|p2a: Torkoal|Torkoal, L50, F|100/100
|-weather|SunnyDay|[from] ability: Drought|[of] p2a: Torkoal
|turn|4
|
|t:|1756533833
|-terastallize|p1b: Ursaluna|Normal
|move|p1a: Farigiraf|Helping Hand|p1b: Ursaluna
|-singleturn|p1b: Ursaluna|Helping Hand|[of] p1a: Farigiraf
|move|p2a: Torkoal|Protect|p2a: Torkoal
|-singleturn|p2a: Torkoal|Protect
|move|p1b: Ursaluna|Hyper Voice|p2a: Torkoal|[spread] p2b
|-activate|p2a: Torkoal|move: Protect
|-damage|p2b: Hatterene|0 fnt
|faint|p2b: Hatterene
|-damage|p1b: Ursaluna|81/100|[from] item: Life Orb
|
|-weather|SunnyDay|[upkeep]
|-heal|p1b: Ursaluna|87/100|[from] Grassy Terrain
|upkeep
|
|t:|1756533835
|switch|p2b: Indeedee|Indeedee-F, L50, F|72/100
|-fieldstart|move: Psychic Terrain|[from] ability: Psychic Surge|[of] p2b: Indeedee
|turn|5
|
|t:|1756533843
|move|p1a: Farigiraf|Helping Hand|p1b: Ursaluna
|-singleturn|p1b: Ursaluna|Helping Hand|[of] p1a: Farigiraf
|move|p2a: Torkoal|Protect|p2a: Torkoal
|-singleturn|p2a: Torkoal|Protect
|move|p1b: Ursaluna|Hyper Voice|p2b: Indeedee|[spread] p2b
|-activate|p2a: Torkoal|move: Protect
|-damage|p2b: Indeedee|0 fnt
|faint|p2b: Indeedee
|-damage|p1b: Ursaluna|77/100|[from] item: Life Orb
|
|-weather|SunnyDay|[upkeep]
|upkeep
|turn|6
|-message|Rat Rizzo forfeited.
|
|win|BackPAC
||BackPAC is ready for game 2.
