|j|☆Rantix D Red
|j|☆mavco90
|html|Rantix D Redmavco90    
|uhtml|bestof|Game 1 of a best-of-3
|t:|1785352743
|gametype|doubles
|player|p1|Rantix D Red|ghetsis-gen5bw|
|player|p2|mavco90|1|
|gen|9
|tier|[Gen 9 Champions] VGC 2026 Reg M-B (Bo3)
|rule|Species Clause: Limit one of each Pokémon
|rule|Item Clause: Limit 1 of each item
|clearpoke
|poke|p1|Delphox, L50, M|
|poke|p1|Blastoise, L50, M|
|poke|p1|Incineroar, L50, F|
|poke|p1|Sinistcha, L50|
|poke|p1|Sneasler, L50, F|
|poke|p1|Maushold, L50|
|poke|p2|Aerodactyl, L50, F|
|poke|p2|Charizard, L50, F|
|poke|p2|Sylveon, L50, M|
|poke|p2|Farigiraf, L50, F|
|poke|p2|Garchomp, L50, F|
|poke|p2|Kingambit, L50, M|
|teampreview|4
|showteam|p1|Delphox||Delphoxite|Blaze|HeatWave,NastyPlot,Psyshock,Protect|Timid||M|||50|]Blastoise||Blastoisinite|RainDish|WaterSpout,DarkPulse,ShellSmash,Protect|Timid||M|||50|]Incineroar||SitrusBerry|Intimidate|FakeOut,PartingShot,Roar,FlareBlitz|Careful||F|||50|]Sinistcha||ColburBerry|Hospitality|RagePowder,MatchaGotcha,Protect,LifeDew|Bold|||||50|]Sneasler||FocusSash|PoisonTouch|QuickGuard,FakeOut,CloseCombat,DireClaw|Jolly||F|||50|]Maushold||ChopleBerry|FriendGuard|RainDance,FollowMe,HelpingHand,Protect|Impish|||||50|
|showteam|p2|Aerodactyl||Aerodactylite|Unnerve|RockSlide,DualWingbeat,WideGuard,Tailwind|Jolly||F|||50|]Charizard||CharizarditeY|Blaze|Protect,HeatWave,WeatherBall,SolarBeam|Modest||F|||50|]Sylveon||FairyFeather|Pixilate|HyperVoice,HyperBeam,QuickAttack,Protect|Modest||M|||50|]Farigiraf||SitrusBerry|ArmorTail|TwinBeam,Thunderbolt,TrickRoom,Protect|Calm||F|||50|]Garchomp||LifeOrb|RoughSkin|Protect,StompingTantrum,DragonClaw,Earthquake|Jolly||F|||50|]Kingambit||FocusSash|Defiant|KowtowCleave,IronHead,LowKick,SuckerPunch|Jolly||M|||50|
|inactive|Battle timer is ON: inactive players will automatically lose when time's up. (requested by Rantix D Red)
|inactive|mavco90 has 60 seconds left.
|inactive|mavco90 has 30 seconds left.
|inactive|mavco90 has 20 seconds left.
|inactive|mavco90 has 15 seconds left.
|inactive|mavco90 has 10 seconds left.
|
|t:|1785352828
|teamsize|p1|4
|teamsize|p2|4
|start
|switch|p1a: Blastoise|Blastoise, L50, M|100/100
|switch|p1b: Maushold|Maushold, L50|100/100
|switch|p2a: Aerodactyl|Aerodactyl, L50, F|100/100
|switch|p2b: Garchomp|Garchomp, L50, F|100/100
|-ability|p2a: Aerodactyl|Unnerve
|turn|1
|
|t:|1785352851
|detailschange|p2a: Aerodactyl|Aerodactyl-Mega, L50, F
|-mega|p2a: Aerodactyl|Aerodactyl|Aerodactylite
|detailschange|p1a: Blastoise|Blastoise-Mega, L50, M
|-mega|p1a: Blastoise|Blastoise|Blastoisinite
|move|p2a: Aerodactyl|Wide Guard|p2a: Aerodactyl
|-singleturn|p2a: Aerodactyl|Wide Guard
|move|p2b: Garchomp|Earthquake|p1a: Blastoise|[spread] p1a,p1b
|-activate|p2a: Aerodactyl|move: Wide Guard
|-damage|p1a: Blastoise|64/100
|-damage|p1b: Maushold|53/100
|-damage|p2b: Garchomp|90/100|[from] item: Life Orb
|move|p1a: Blastoise|Shell Smash|p1a: Blastoise
|-unboost|p1a: Blastoise|def|1
|-unboost|p1a: Blastoise|spd|1
|-boost|p1a: Blastoise|atk|2
|-boost|p1a: Blastoise|spa|2
|-boost|p1a: Blastoise|spe|2
|move|p1b: Maushold|Rain Dance|p1b: Maushold
|-weather|RainDance
|
|-weather|RainDance|[upkeep]
|upkeep
|turn|2
|inactive|Rantix D Red has 30 seconds left.
|
|t:|1785352887
|switch|p1b: Sinistcha|Sinistcha, L50|100/100
|-heal|p1a: Blastoise|89/100|[from] ability: Hospitality|[of] p1b: Sinistcha
|move|p2b: Garchomp|Protect|p2b: Garchomp
|-singleturn|p2b: Garchomp|Protect
|move|p1a: Blastoise|Dark Pulse|p2a: Aerodactyl
|-damage|p2a: Aerodactyl|12/100
|move|p2a: Aerodactyl|Tailwind|p2a: Aerodactyl
|-sidestart|p2: mavco90|move: Tailwind
|
|-weather|RainDance|[upkeep]
|upkeep
|turn|3
|inactive|mavco90 has 30 seconds left.
|inactive|mavco90 has 20 seconds left.
|
|t:|1785352925
|switch|p1b: Maushold|Maushold, L50|53/100
|move|p2a: Aerodactyl|Wide Guard|p2a: Aerodactyl
|-singleturn|p2a: Aerodactyl|Wide Guard
|move|p2b: Garchomp|Earthquake|p1a: Blastoise|[spread] p1a,p1b
|-activate|p2a: Aerodactyl|move: Wide Guard
|-damage|p1a: Blastoise|35/100
|-damage|p1b: Maushold|7/100
|-damage|p2b: Garchomp|80/100|[from] item: Life Orb
|move|p1a: Blastoise|Water Spout|p2a: Aerodactyl|[spread] 
|-activate|p2a: Aerodactyl|move: Wide Guard
|-activate|p2b: Garchomp|move: Wide Guard
|
|-weather|RainDance|[upkeep]
|upkeep
|turn|4
|
|t:|1785352944
|switch|p1b: Sinistcha|Sinistcha, L50|100/100
|-heal|p1a: Blastoise|60/100|[from] ability: Hospitality|[of] p1b: Sinistcha
|move|p1a: Blastoise|Protect|p1a: Blastoise
|-singleturn|p1a: Blastoise|Protect
|move|p2a: Aerodactyl|Rock Slide|p1b: Sinistcha|[spread] p1b
|-activate|p1a: Blastoise|move: Protect
|-crit|p1b: Sinistcha
|-damage|p1b: Sinistcha|72/100
|move|p2b: Garchomp|Earthquake|p1b: Sinistcha|[spread] p1b
|-activate|p1a: Blastoise|move: Protect
|-immune|p2a: Aerodactyl
|-resisted|p1b: Sinistcha|1
|-damage|p1b: Sinistcha|52/100
|-damage|p2b: Garchomp|70/100|[from] item: Life Orb
|
|-weather|RainDance|[upkeep]
|upkeep
|turn|5
|
|t:|1785352960
|move|p1a: Blastoise|Protect||[still]
|-fail|p1a: Blastoise
|move|p2a: Aerodactyl|Rock Slide|p1b: Sinistcha|[spread] p1a
|-miss|p2a: Aerodactyl|p1b: Sinistcha
|-damage|p1a: Blastoise|18/100
|move|p2b: Garchomp|Earthquake|p1b: Sinistcha|[spread] p1a,p1b
|-immune|p2a: Aerodactyl
|-resisted|p1b: Sinistcha|1
|-damage|p1a: Blastoise|0 fnt
|-damage|p1b: Sinistcha|35/100
|faint|p1a: Blastoise
|-damage|p2b: Garchomp|60/100|[from] item: Life Orb
|move|p1b: Sinistcha|Matcha Gotcha|p2b: Garchomp|[spread] p2a,p2b
|-damage|p2a: Aerodactyl|0 fnt
|-heal|p1b: Sinistcha|41/100|[from] drain|[of] p2a: Aerodactyl
|-damage|p2b: Garchomp|32/100
|-heal|p1b: Sinistcha|56/100|[from] drain|[of] p2b: Garchomp
|faint|p2a: Aerodactyl
|
|-weather|none
|-sideend|p2: mavco90|move: Tailwind
|upkeep
|
|t:|1785352975
|switch|p2a: Kingambit|Kingambit, L50, M|100/100
|switch|p1a: Sneasler|Sneasler, L50, F|100/100
|turn|6
|
|t:|1785352999
|switch|p2b: Farigiraf|Farigiraf, L50, F|100/100
|move|p1b: Sinistcha|Rage Powder|p1b: Sinistcha
|-singleturn|p1b: Sinistcha|move: Rage Powder
|move|p1a: Sneasler|Close Combat|p2a: Kingambit
|-supereffective|p2a: Kingambit|2
|-enditem|p2a: Kingambit|Focus Sash
|-damage|p2a: Kingambit|1/100
|-unboost|p1a: Sneasler|def|1
|-unboost|p1a: Sneasler|spd|1
|move|p2a: Kingambit|Kowtow Cleave|p1b: Sinistcha
|-supereffective|p1b: Sinistcha|1
|-enditem|p1b: Sinistcha|Colbur Berry|[eat]
|-enditem|p1b: Sinistcha|Colbur Berry|[weaken]
|-damage|p1b: Sinistcha|25/100
|
|upkeep
|turn|7
|inactive|Rantix D Red has 30 seconds left.
|inactive|mavco90 has 30 seconds left.
|
|t:|1785353032
|move|p1a: Sneasler|Dire Claw|p2b: Farigiraf
|-damage|p2b: Farigiraf|64/100
|move|p2a: Kingambit|Kowtow Cleave|p1b: Sinistcha
|-supereffective|p1b: Sinistcha|1
|-damage|p1b: Sinistcha|0 fnt
|faint|p1b: Sinistcha
|move|p2b: Farigiraf|Twin Beam|p1a: Sneasler
|-supereffective|p1a: Sneasler|2
|-enditem|p1a: Sneasler|Focus Sash
|-damage|p1a: Sneasler|1/100
|-supereffective|p1a: Sneasler|2
|-damage|p1a: Sneasler|0 fnt
|faint|p1a: Sneasler
|-hitcount|p1: Sneasler|2
|
|upkeep
|
|t:|1785353039
|switch|p1b: Maushold|Maushold, L50|7/100
|turn|8
|-message|Rantix D Red forfeited.
|
|win|mavco90
||Rantix D Red is ready for game 2.
|inactive|mavco90 has 30 seconds to confirm battle start!
||mavco90 is ready for game 2.
|uhtml|next|Next: Game 2 of 3
|j| tedidn
