|j|☆Avriss
|j|☆Shreythegod
|html|AvrissShreythegod    
|uhtml|bestof|Game 3 of a best-of-3
|t:|1786207163
|gametype|doubles
|player|p1|Avriss|anabel|
|player|p2|Shreythegod|steven|
|gen|9
|tier|[Gen 9 Champions] VGC 2026 Reg M-B (Bo3)
|rule|Species Clause: Limit one of each Pokémon
|rule|Item Clause: Limit 1 of each item
|clearpoke
|poke|p1|Scovillain, L50, M|
|poke|p1|Aerodactyl, L50, F|
|poke|p1|Garchomp, L50, F|
|poke|p1|Basculegion, L50, M|
|poke|p1|Kingambit, L50, M|
|poke|p1|Sylveon, L50, F, shiny|
|poke|p2|Tyranitar, L50, F|
|poke|p2|Excadrill, L50, F|
|poke|p2|Milotic, L50, M|
|poke|p2|Sinistcha, L50|
|poke|p2|Staraptor, L50, M|
|poke|p2|Gholdengo, L50|
|teampreview|4
|showteam|p1|Scovillain||Scovillainite|Moody|Overheat,RagePowder,Protect,LeechSeed|Calm||M|||50|]Aerodactyl||Aerodactylite|Unnerve|RockSlide,Tailwind,Taunt,DualWingbeat|Jolly||F|||50|]Garchomp||LifeOrb|RoughSkin|DragonClaw,Earthquake,Protect,StompingTantrum|Adamant||F|||50|]Basculegion||ChoiceScarf|Adaptability|LastRespects,WaveCrash,AquaJet,FlipTurn|Jolly||M|||50|]Kingambit||FocusSash|Defiant|KowtowCleave,IronHead,LowKick,SuckerPunch|Adamant||M|||50|]Sylveon||FairyFeather|Pixilate|HyperVoice,QuickAttack,HyperBeam,Detect|Modest||F|||50|
|showteam|p2|Tyranitar||Tyranitarite|SandStream|KnockOff,RockSlide,HighHorsepower,Protect|Jolly||F|||50|]Excadrill||FocusSash|SandRush|Earthquake,IronHead,RockSlide,Protect|Adamant||F|||50|]Milotic||SitrusBerry|Competitive|Scald,IcyWind,Haze,Protect|Calm||M|||50|]Sinistcha||ColburBerry|Hospitality|MatchaGotcha,ShadowBall,Protect,RagePowder|Relaxed|||||50|]Staraptor||Staraptite|Intimidate|CloseCombat,BraveBird,Tailwind,Protect|Jolly||M|||50|]Gholdengo||LifeOrb|GoodasGold|MakeItRain,ShadowBall,NastyPlot,Protect|Modest|||||50|
|inactive|Battle timer is ON: inactive players will automatically lose when time's up. (requested by Shreythegod)
|inactive|Avriss also wants the timer to be on.
|c|☆Shreythegod|Go easy on me
|inactive|Avriss has 60 seconds left.
|
|t:|1786207197
|teamsize|p1|4
|teamsize|p2|4
|start
|switch|p1a: Harvey|Scovillain, L50, M|100/100
|switch|p1b: Rockhead Martin|Garchomp, L50, F|100/100
|switch|p2a: Staraptor|Staraptor, L50, M|100/100
|switch|p2b: Excadrill|Excadrill, L50, F|100/100
|-ability|p2a: Staraptor|Intimidate|boost
|-unboost|p1a: Harvey|atk|1
|-unboost|p1b: Rockhead Martin|atk|1
|turn|1
|
|t:|1786207220
|detailschange|p2a: Staraptor|Staraptor-Mega, L50, M
|-mega|p2a: Staraptor|Staraptor|Staraptite
|move|p1b: Rockhead Martin|Protect|p1b: Rockhead Martin
|-singleturn|p1b: Rockhead Martin|Protect
|move|p1a: Harvey|Protect|p1a: Harvey
|-singleturn|p1a: Harvey|Protect
|move|p2a: Staraptor|Close Combat|p1b: Rockhead Martin
|-activate|p1b: Rockhead Martin|move: Protect
|move|p2b: Excadrill|Earthquake|p1a: Harvey|[spread] 
|-activate|p1a: Harvey|move: Protect
|-activate|p1b: Rockhead Martin|move: Protect
|-immune|p2a: Staraptor
|
|-ability|p1a: Harvey|Moody|boost
|-boost|p1a: Harvey|def|2
|-unboost|p1a: Harvey|spd|1
|upkeep
|turn|2
|inactive|Shreythegod has 30 seconds left.
|
|t:|1786207250
|switch|p1b: Vinsmoke|Kingambit, L50, M|100/100
|detailschange|p1a: Harvey|Scovillain-Mega, L50, M
|-mega|p1a: Harvey|Scovillain|Scovillainite
|move|p2a: Staraptor|Brave Bird|p1a: Harvey
|-supereffective|p1a: Harvey|1
|-damage|p1a: Harvey|44/100
|-status|p2a: Staraptor|brn|[from] ability: Spicy Spray|[of] p1a: Harvey
|-damage|p2a: Staraptor|83/100 brn|[from] Recoil
|move|p2b: Excadrill|Earthquake|p1b: Vinsmoke|[spread] p1a,p1b
|-immune|p2a: Staraptor
|-supereffective|p1b: Vinsmoke|1
|-damage|p1a: Harvey|23/100
|-damage|p1b: Vinsmoke|20/100y
|-status|p2b: Excadrill|brn|[from] ability: Spicy Spray|[of] p1a: Harvey
|move|p1a: Harvey|Leech Seed|p2a: Staraptor
|-start|p2a: Staraptor|move: Leech Seed
|
|-damage|p2a: Staraptor|70/100 brn|[from] Leech Seed|[of] p1a: Harvey
|-heal|p1a: Harvey|36/100|[silent]
|-damage|p2a: Staraptor|65/100 brn|[from] brn
|-damage|p2b: Excadrill|94/100 brn|[from] brn
|upkeep
|turn|3
|
|t:|1786207273
|move|p1a: Harvey|Protect|p1a: Harvey
|-singleturn|p1a: Harvey|Protect
|move|p1b: Vinsmoke|Sucker Punch|p2b: Excadrill
|-damage|p2b: Excadrill|34/100 brn
|move|p2a: Staraptor|Close Combat|p1a: Harvey
|-activate|p1a: Harvey|move: Protect
|move|p2b: Excadrill|Earthquake|p1a: Harvey|[spread] p1b
|-activate|p1a: Harvey|move: Protect
|-immune|p2a: Staraptor
|-supereffective|p1b: Vinsmoke|1
|-damage|p1b: Vinsmoke|0 fnt
|faint|p1b: Vinsmoke
|
|-damage|p2a: Staraptor|52/100 brn|[from] Leech Seed|[of] p1a: Harvey
|-heal|p1a: Harvey|50/100y|[silent]
|-damage|p2a: Staraptor|47/100 brn|[from] brn
|-damage|p2b: Excadrill|28/100 brn|[from] brn
|upkeep
|
|t:|1786207281
|switch|p1b: Deepthroat|Basculegion, L50, M|100/100
|turn|4
|
|t:|1786207297
|move|p1a: Harvey|Rage Powder|p1a: Harvey
|-singleturn|p1a: Harvey|move: Rage Powder
|move|p1b: Deepthroat|Flip Turn|p2b: Excadrill
|-supereffective|p2b: Excadrill|1
|-damage|p2b: Excadrill|0 fnt
|faint|p2b: Excadrill
|
|t:|1786207301
|switch|p1b: Rockhead Martin|Garchomp, L50, F|100/100|[from] Flip Turn
|move|p2a: Staraptor|Tailwind|p2a: Staraptor
|-sidestart|p2: Shreythegod|move: Tailwind
|
|-damage|p2a: Staraptor|34/100 brn|[from] Leech Seed|[of] p1a: Harvey
|-heal|p1a: Harvey|63/100|[silent]
|-damage|p2a: Staraptor|29/100 brn|[from] brn
|upkeep
|
|t:|1786207312
|switch|p2b: Gholdengo|Gholdengo, L50|100/100
|turn|5
|inactive|Shreythegod has 30 seconds left.
|inactive|Shreythegod has 20 seconds left.
|
|t:|1786207347
|move|p1b: Rockhead Martin|Protect|p1b: Rockhead Martin
|-singleturn|p1b: Rockhead Martin|Protect
|move|p2a: Staraptor|Brave Bird|p1a: Harvey
|-supereffective|p1a: Harvey|1
|-damage|p1a: Harvey|33/100
|-damage|p2a: Staraptor|20/100y brn|[from] Recoil
|move|p2b: Gholdengo|Shadow Ball|p1a: Harvey
|-damage|p1a: Harvey|0 fnt
|-status|p2b: Gholdengo|brn|[from] ability: Spicy Spray|[of] p1a: Harvey
|faint|p1a: Harvey
|-damage|p2b: Gholdengo|90/100 brn|[from] item: Life Orb
|
|-damage|p2a: Staraptor|14/100 brn|[from] brn
|-damage|p2b: Gholdengo|84/100 brn|[from] brn
|upkeep
|
|t:|1786207353
|switch|p1a: Deepthroat|Basculegion, L50, M|100/100
|turn|6
|
|t:|1786207372
|move|p1a: Deepthroat|Aqua Jet|p2a: Staraptor
|-damage|p2a: Staraptor|0 fnt
|faint|p2a: Staraptor
|move|p2b: Gholdengo|Shadow Ball|p1a: Deepthroat
|-supereffective|p1a: Deepthroat|1
|-crit|p1a: Deepthroat
|-damage|p1a: Deepthroat|0 fnt
|faint|p1a: Deepthroat
|-damage|p2b: Gholdengo|75/100 brn|[from] item: Life Orb
|move|p1b: Rockhead Martin|Stomping Tantrum|p2b: Gholdengo
|-supereffective|p2b: Gholdengo|1
|-damage|p2b: Gholdengo|0 fnt
|faint|p2b: Gholdengo
|-damage|p1b: Rockhead Martin|90/100|[from] item: Life Orb
|
|upkeep
|
|t:|1786207385
|switch|p2a: Tyranitar|Tyranitar, L50, F|100/100
|-weather|Sandstorm|[from] ability: Sand Stream|[of] p2a: Tyranitar
|turn|7
|
|t:|1786207396
|move|p1b: Rockhead Martin|Protect|p1b: Rockhead Martin
|-singleturn|p1b: Rockhead Martin|Protect
|move|p2a: Tyranitar|Knock Off|p1b: Rockhead Martin
|-activate|p1b: Rockhead Martin|move: Protect
|
|-weather|Sandstorm|[upkeep]
|-sideend|p2: Shreythegod|move: Tailwind
|upkeep
|turn|8
|c|☆Shreythegod|Ggs
|
|t:|1786207403
|move|p1b: Rockhead Martin|Earthquake|p2a: Tyranitar
|-supereffective|p2a: Tyranitar|1
|-damage|p2a: Tyranitar|0 fnt
|faint|p2a: Tyranitar
|-damage|p1b: Rockhead Martin|80/100|[from] item: Life Orb
|
|win|Avriss
|c|☆Avriss|ggs
|l|☆Avriss
|player|p1|
|j|☆Avriss
|player|p1|Avriss|anabel|
