|j|☆Scoseb
|j|☆Purp93
|html|ScosebPurp93    
|uhtml|bestof|Game 2 of a best-of-3
|t:|1783433960
|gametype|doubles
|player|p1|Scoseb|brycenman|1074
|player|p2|Purp93|170|1102
|gen|9
|tier|[Gen 9 Champions] VGC 2026 Reg M-B (Bo3)
|rated|
|rule|Species Clause: Limit one of each Pokémon
|rule|Item Clause: Limit 1 of each item
|clearpoke
|poke|p1|Staraptor, L50, F|
|poke|p1|Zoroark-Hisui, L50, F|
|poke|p1|Gholdengo, L50|
|poke|p1|Whimsicott, L50, F|
|poke|p1|Incineroar, L50, M|
|poke|p1|Drampa, L50, F|
|poke|p2|Starmie, L50|
|poke|p2|Kingambit, L50, M|
|poke|p2|Garchomp, L50, M|
|poke|p2|Pelipper, L50, M|
|poke|p2|Incineroar, L50, F|
|poke|p2|Floette-Eternal, L50, F|
|teampreview|4
|showteam|p1|Staraptor||Staraptite|Reckless|CloseCombat,Protect,BraveBird,Roost|Jolly||F|||50|]Zoroark-Hisui||FocusSash|Illusion|BitterMalice,IcyWind,Taunt,FakeTears|Timid||F|||50|]Gholdengo||LifeOrb|GoodasGold|MakeItRain,ShadowBall,Protect,PowerGem|Modest|||||50|]Whimsicott||FairyFeather|Prankster|Tailwind,Moonblast,Charm,Protect|Timid||F|||50|]Incineroar||SitrusBerry|Intimidate|FakeOut,PartingShot,FlareBlitz,DarkestLariat|Careful||M|||50|]Drampa||Drampanite|CloudNine|HyperVoice,DragonPulse,Protect,CalmMind|Timid||F|||50|
|showteam|p2|Starmie||Starminite|NaturalCure|Liquidation,ZenHeadbutt,AquaJet,Protect|Jolly|||||50|]Kingambit||ChopleBerry|Defiant|IronHead,SuckerPunch,KowtowCleave,Protect|Adamant||M|||50|]Garchomp||LifeOrb|RoughSkin|StompingTantrum,DragonClaw,RockSlide,Protect|Jolly||M|||50|]Pelipper||FocusSash|Drizzle|WeatherBall,Hurricane,Tailwind,Protect|Bold||M|||50|]Incineroar||SitrusBerry|Intimidate|FakeOut,FlareBlitz,DarkestLariat,PartingShot|Adamant||F|||50|]Floette-Eternal||Floettite|FlowerVeil|Moonblast,DrainingKiss,CalmMind,Protect|Modest||F|||50|
|inactive|Battle timer is ON: inactive players will automatically lose when time's up. (requested by Scoseb)
|inactive|Scoseb has 60 seconds left.
|
|t:|1783434018
|teamsize|p1|4
|teamsize|p2|4
|start
|switch|p1a: Incineroar|Incineroar, L50, M|100/100
|switch|p1b: Staraptor|Staraptor, L50, F|100/100
|switch|p2a: Starmie|Starmie, L50|100/100
|switch|p2b: Pelipper|Pelipper, L50, M|100/100
|-weather|RainDance|[from] ability: Drizzle|[of] p2b: Pelipper
|-ability|p1a: Incineroar|Intimidate|boost
|-unboost|p2a: Starmie|atk|1
|-unboost|p2b: Pelipper|atk|1
|turn|1
|inactive|Purp93 has 30 seconds left.
|
|t:|1783434049
|detailschange|p2a: Starmie|Starmie-Mega, L50
|-mega|p2a: Starmie|Starmie|Starminite
|detailschange|p1b: Staraptor|Staraptor-Mega, L50, F
|-mega|p1b: Staraptor|Staraptor|Staraptite
|move|p1a: Incineroar|Fake Out|p2a: Starmie
|-crit|p2a: Starmie
|-damage|p2a: Starmie|81/100
|cant|p2a: Starmie|flinch
|move|p1b: Staraptor|Close Combat|p2b: Pelipper
|-resisted|p2b: Pelipper|1
|-damage|p2b: Pelipper|76/100
|-boost|p1b: Staraptor|def|1
|-boost|p1b: Staraptor|spd|1
|move|p2b: Pelipper|Hurricane|p1b: Staraptor
|-supereffective|p1b: Staraptor|1
|-damage|p1b: Staraptor|50/100g
|
|-weather|RainDance|[upkeep]
|upkeep
|turn|2
|
|t:|1783434068
|move|p1b: Staraptor|Protect|p1b: Staraptor
|-singleturn|p1b: Staraptor|Protect
|move|p2a: Starmie|Zen Headbutt|p1b: Staraptor
|-activate|p1b: Staraptor|move: Protect
|move|p2b: Pelipper|Tailwind|p2b: Pelipper
|-sidestart|p2: Purp93|move: Tailwind
|move|p1a: Incineroar|Parting Shot|p2a: Starmie
|-unboost|p2a: Starmie|atk|1
|-unboost|p2a: Starmie|spa|1
|
|t:|1783434077
|switch|p1a: Whimsicott|Whimsicott, L50, F|100/100|[from] Parting Shot
|
|-weather|RainDance|[upkeep]
|upkeep
|turn|3
|
|t:|1783434099
|move|p1a: Whimsicott|Tailwind|p1a: Whimsicott
|-sidestart|p1: Scoseb|move: Tailwind
|move|p2a: Starmie|Zen Headbutt|p1b: Staraptor
|-supereffective|p1b: Staraptor|1
|-damage|p1b: Staraptor|4/100
|move|p1b: Staraptor|Brave Bird|p2b: Pelipper
|-damage|p2b: Pelipper|27/100
|-damage|p1b: Staraptor|0 fnt|[from] Recoil
|faint|p1b: Staraptor
|move|p2b: Pelipper|Hurricane|p1a: Whimsicott
|-supereffective|p1a: Whimsicott|1
|-damage|p1a: Whimsicott|0 fnt
|faint|p1a: Whimsicott
|
|-weather|RainDance|[upkeep]
|upkeep
|
|t:|1783434111
|switch|p1a: Incineroar|Incineroar, L50, M|100/100
|switch|p1b: Gholdengo|Gholdengo, L50|100/100
|-ability|p1a: Incineroar|Intimidate|boost
|-unboost|p2a: Starmie|atk|1
|-unboost|p2b: Pelipper|atk|1
|turn|4
|
|t:|1783434136
|switch|p2a: Kingambit|Kingambit, L50, M|100/100
|move|p1a: Incineroar|Fake Out|p2a: Kingambit
|-resisted|p2a: Kingambit|1
|-crit|p2a: Kingambit
|-damage|p2a: Kingambit|94/100
|move|p1b: Gholdengo|Shadow Ball|p2b: Pelipper
|-damage|p2b: Pelipper|0 fnt
|faint|p2b: Pelipper
|-damage|p1b: Gholdengo|90/100|[from] item: Life Orb
|
|-weather|RainDance|[upkeep]
|upkeep
|
|t:|1783434146
|switch|p2b: Starmie|Starmie-Mega, L50|81/100
|turn|5
|
|t:|1783434153
|move|p2b: Starmie|Liquidation|p1a: Incineroar
|-supereffective|p1a: Incineroar|1
|-damage|p1a: Incineroar|0 fnt
|faint|p1a: Incineroar
|move|p1b: Gholdengo|Shadow Ball|p2b: Starmie
|-supereffective|p2b: Starmie|1
|-damage|p2b: Starmie|0 fnt
|faint|p2b: Starmie
|-damage|p1b: Gholdengo|80/100|[from] item: Life Orb
|move|p2a: Kingambit|Kowtow Cleave|p1b: Gholdengo
|-supereffective|p1b: Gholdengo|1
|-damage|p1b: Gholdengo|0 fnt
|faint|p1b: Gholdengo
|
|win|Purp93
||Scoseb is ready for game 3.
|inactive|Purp93 has 30 seconds to confirm battle start!
||Purp93 is ready for game 3.
|uhtml|next|Next: Game 3 of 3
