|j|☆WASHINGTONGARGACHA
|j|☆nano jump
|html|WASHINGTONGARGACHAnano jump    
|uhtml|bestof|Game 1 of a best-of-3
|t:|1756682192
|gametype|doubles
|player|p1|WASHINGTONGARGACHA|2|1125
|player|p2|nano jump|steven-masters|1242
|gen|9
|tier|[Gen 9] VGC 2025 Reg H (Bo3)
|rated|
|rule|Species Clause: Limit one of each Pokémon
|rule|Item Clause: Limit 1 of each item
|clearpoke
|poke|p1|Farigiraf, L50, F|
|poke|p1|Incineroar, L50, F|
|poke|p1|Rillaboom, L50, M|
|poke|p1|Gholdengo, L50|
|poke|p1|Kingambit, L50, M|
|poke|p1|Palafin, L50, M|
|poke|p2|Gholdengo, L50|
|poke|p2|Whimsicott, L50, M|
|poke|p2|Dragonite, L50, F|
|poke|p2|Garchomp, L50, M|
|poke|p2|Incineroar, L50, M|
|poke|p2|Sneasler, L50, F|
|teampreview|4
|showteam|p1|Farigiraf||ThroatSpray|ArmorTail|HyperVoice,Psychic,TrickRoom,Protect|||F|||50|,,,,,Fairy]Incineroar||SafetyGoggles|Intimidate|FlareBlitz,FakeOut,KnockOff,PartingShot|||F|||50|,,,,,Ghost]Rillaboom||AssaultVest|GrassySurge|FakeOut,GrassyGlide,Uturn,WoodHammer|||M|||50|,,,,,Fire]Gholdengo||SitrusBerry|GoodasGold|MakeItRain,NastyPlot,ShadowBall,Protect||||||50|,,,,,Water]Kingambit||BlackGlasses|Defiant|SwordsDance,Protect,SuckerPunch,KowtowCleave|||M|||50|,,,,,Dark]Palafin||MysticWater|ZerotoHero|Protect,WaveCrash,FlipTurn,AquaJet|||M|||50|,,,,,Water
|showteam|p2|Gholdengo||ChoiceSpecs|GoodasGold|MakeItRain,ShadowBall,Trick,Protect||||||50|,,,,,Steel]Whimsicott||FocusSash|Prankster|Moonblast,Tailwind,Encore,Protect|||M|||50|,,,,,Ghost]Dragonite||ChoiceBand|InnerFocus|ExtremeSpeed,Outrage,IceSpinner,StompingTantrum|||F|||50|,,,,,Normal]Garchomp||LifeOrb|RoughSkin|Earthquake,DragonClaw,StompingTantrum,Protect|||M|||50|,,,,,Ground]Incineroar||AssaultVest|Intimidate|FlareBlitz,KnockOff,FakeOut,Uturn|||M|||50|,,,,,Grass]Sneasler||WhiteHerb|Unburden|CloseCombat,DireClaw,ThroatChop,Protect|||F|||50|,,,,,Stellar
|
|t:|1756682237
|teamsize|p1|4
|teamsize|p2|4
|start
|switch|p1a: Incineroar|Incineroar, L50, F|100/100
|switch|p1b: Palafin|Palafin, L50, M|100/100
|switch|p2a: Incineroar|Incineroar, L50, M|100/100
|switch|p2b: Sneasler|Sneasler, L50, F|100/100
|-ability|p2a: Incineroar|Intimidate|boost
|-unboost|p1a: Incineroar|atk|1
|-unboost|p1b: Palafin|atk|1
|-ability|p1a: Incineroar|Intimidate|boost
|-unboost|p2a: Incineroar|atk|1
|-unboost|p2b: Sneasler|atk|1
|-enditem|p2b: Sneasler|White Herb
|-clearnegativeboost|p2b: Sneasler|[silent]
|turn|1
|
|t:|1756682261
|move|p2a: Incineroar|Fake Out|p1b: Palafin
|-damage|p1b: Palafin|90/100
|move|p1a: Incineroar|Fake Out|p2b: Sneasler
|-damage|p2b: Sneasler|86/100
|cant|p2b: Sneasler|flinch
|cant|p1b: Palafin|flinch
|
|upkeep
|turn|2
|
|t:|1756682294
|detailschange|p1b: Palafin|Palafin-Hero, L50, M
|switch|p1b: Gholdengo|Gholdengo, L50|100/100
|-terastallize|p1a: Incineroar|Ghost
|move|p2b: Sneasler|Dire Claw|p1b: Gholdengo
|-immune|p1b: Gholdengo
|move|p2a: Incineroar|Knock Off|p1b: Gholdengo
|-supereffective|p1b: Gholdengo
|-crit|p1b: Gholdengo
|-damage|p1b: Gholdengo|0 fnt
|-enditem|p1b: Gholdengo|Sitrus Berry|[from] move: Knock Off|[of] p2a: Incineroar
|faint|p1b: Gholdengo
|move|p1a: Incineroar|Flare Blitz|p2b: Sneasler
|-damage|p2b: Sneasler|16/100
|-damage|p1a: Incineroar|82/100|[from] Recoil
|
|upkeep
|
|t:|1756682307
|switch|p1b: Palafin|Palafin-Hero, L50, M|90/100
|-activate|p1b: Palafin|ability: Zero to Hero
|turn|3
|
|t:|1756682324
|move|p1b: Palafin|Aqua Jet|p2b: Sneasler
|-damage|p2b: Sneasler|0 fnt
|faint|p2b: Sneasler
|move|p2a: Incineroar|U-turn|p1b: Palafin
|-damage|p1b: Palafin|78/100
|c|☆nano jump|holy shit aqua jet
|
|t:|1756682333
|switch|p2a: Garchomp|Garchomp, L50, M|100/100|[from] U-turn
|move|p1a: Incineroar|Parting Shot|p2a: Garchomp
|-unboost|p2a: Garchomp|atk|1
|-unboost|p2a: Garchomp|spa|1
|
|t:|1756682338
|switch|p1a: Rillaboom|Rillaboom, L50, M|100/100|[from] Parting Shot
|-fieldstart|move: Grassy Terrain|[from] ability: Grassy Surge|[of] p1a: Rillaboom
|
|-heal|p1b: Palafin|83/100|[from] Grassy Terrain
|upkeep
|
|t:|1756682342
|switch|p2b: Dragonite|Dragonite, L50, F, shiny|100/100
|turn|4
|
|t:|1756682356
|switch|p1a: Incineroar|Incineroar, L50, F, tera:Ghost|82/100
|-ability|p1a: Incineroar|Intimidate|boost
|-unboost|p2a: Garchomp|atk|1
|-fail|p2b: Dragonite|unboost|Attack|[from] ability: Inner Focus|[of] p2b: Dragonite
|move|p2a: Garchomp|Protect|p2a: Garchomp
|-singleturn|p2a: Garchomp|Protect
|move|p1b: Palafin|Protect|p1b: Palafin
|-singleturn|p1b: Palafin|Protect
|move|p2b: Dragonite|Outrage|p1a: Incineroar
|-damage|p1a: Incineroar|0 fnt
|faint|p1a: Incineroar
|
|-heal|p1b: Palafin|89/100|[from] Grassy Terrain
|upkeep
|
|t:|1756682369
|switch|p1a: Rillaboom|Rillaboom, L50, M|100/100
|turn|5
|
|t:|1756682413
|switch|p2a: Incineroar|Incineroar, L50, M|100/100
|-ability|p2a: Incineroar|Intimidate|boost
|-unboost|p1a: Rillaboom|atk|1
|-unboost|p1b: Palafin|atk|1
|move|p1b: Palafin|Wave Crash|p2b: Dragonite
|-resisted|p2b: Dragonite
|-damage|p2b: Dragonite|74/100
|-damage|p1b: Palafin|79/100|[from] Recoil
|move|p1a: Rillaboom|Wood Hammer|p2b: Dragonite
|-resisted|p2b: Dragonite
|-damage|p2b: Dragonite|61/100
|-damage|p1a: Rillaboom|96/100|[from] Recoil
|move|p2b: Dragonite|Outrage|p1a: Rillaboom|[from] lockedmove
|-damage|p1a: Rillaboom|0 fnt
|faint|p1a: Rillaboom
|
|-heal|p1b: Palafin|85/100|[from] Grassy Terrain
|upkeep
|turn|6
|
|t:|1756682431
|switch|p2a: Garchomp|Garchomp, L50, M|100/100
|move|p1b: Palafin|Protect|p1b: Palafin
|-singleturn|p1b: Palafin|Protect
|move|p2b: Dragonite|Outrage|p1b: Palafin|[from] lockedmove
|-activate|p1b: Palafin|move: Protect
|-start|p2b: Dragonite|confusion|[fatigue]
|
|-heal|p1b: Palafin|91/100|[from] Grassy Terrain
|upkeep
|turn|7
|
|t:|1756682442
|switch|p2b: Incineroar|Incineroar, L50, M|100/100
|-ability|p2b: Incineroar|Intimidate|boost
|-unboost|p1b: Palafin|atk|1
|move|p2a: Garchomp|Dragon Claw|p1b: Palafin
|-damage|p1b: Palafin|33/100
|-damage|p2a: Garchomp|91/100|[from] item: Life Orb
|move|p1b: Palafin|Wave Crash|p2a: Garchomp
|-damage|p2a: Garchomp|46/100
|-damage|p1b: Palafin|21/100|[from] ability: Rough Skin|[of] p2a: Garchomp
|-damage|p1b: Palafin|6/100|[from] Recoil
|
|-heal|p2a: Garchomp|52/100|[from] Grassy Terrain
|-heal|p1b: Palafin|11/100|[from] Grassy Terrain
|-fieldend|move: Grassy Terrain
|upkeep
|turn|8
|-message|WASHINGTONGARGACHA forfeited.
|
|win|nano jump
