|j|☆JNEST
|j|☆bobovile
|html|JNESTbobovile    
|uhtml|bestof|Game 2 of a best-of-3
|t:|1756300977
|gametype|doubles
|player|p1|JNEST|veteran-gen4|1135
|player|p2|bobovile|ruinmaniac|1137
|gen|9
|tier|[Gen 9] VGC 2025 Reg H (Bo3)
|rated|
|rule|Species Clause: Limit one of each Pokémon
|rule|Item Clause: Limit 1 of each item
|clearpoke
|poke|p1|Weezing, L50, M|
|poke|p1|Indeedee, L50, M|
|poke|p1|Incineroar, L50, M|
|poke|p1|Ursaluna-Bloodmoon, L50, M|
|poke|p1|Annihilape, L50, M|
|poke|p1|Tyranitar, L50, M|
|poke|p2|Tyranitar, L50, M|
|poke|p2|Excadrill, L50, M|
|poke|p2|Tsareena, L50, F|
|poke|p2|Gastrodon-East, L50, F|
|poke|p2|Talonflame, L50, F|
|poke|p2|Gallade, L50, M|
|teampreview|4
|showteam|p1|Weezing||SitrusBerry|NeutralizingGas|Protect,Taunt,WillOWisp,SludgeBomb|||M|||50|,,,,,Ghost]Indeedee||ChoiceScarf|PsychicSurge|ExpandingForce,TeraBlast,Trick,HyperVoice|||M|||50|,,,,,Fighting]Incineroar||AbilityShield|Intimidate|KnockOff,FlareBlitz,FakeOut,PartingShot|||M|||50|,,,,,Ghost]Ursaluna-Bloodmoon||LifeOrb|MindsEye|Protect,HyperVoice,EarthPower,BloodMoon|||M|||50|,,,,,Normal]Annihilape||SafetyGoggles|Defiant|Taunt,RageFist,CloseCombat,FinalGambit|||M|||50|,,,,,Fairy]Tyranitar||AssaultVest|SandStream|RockSlide,KnockOff,TeraBlast,LowKick|||M|||50|,,,,,Flying
|showteam|p2|Tyranitar||AssaultVest|SandStream|TeraBlast,RockSlide,KnockOff,LowKick|||M|||50|,,,,,Flying]Excadrill||LifeOrb|SandRush|Protect,HighHorsepower,IronHead,Earthquake|||M|||50|,,,,,Flying]Tsareena||WideLens|QueenlyMajesty|Protect,PowerWhip,TripleAxel,Taunt|||F|||50|,,,,,Fire]Gastrodon-East||SitrusBerry|StormDrain|ClearSmog,Protect,MuddyWater,EarthPower|||F|||50|,,,,,Fire]Talonflame||SafetyGoggles|GaleWings|Tailwind,Taunt,FlareBlitz,DualWingbeat|||F|||50|,,,,,Ghost]Gallade||ClearAmulet|Sharpness|Protect,SacredSword,PsychoCut,TrickRoom|||M|||50|,,,,,Steel
|inactive|Battle timer is ON: inactive players will automatically lose when time's up. (requested by JNEST)
|inactive|bobovile has 60 seconds left.
|inactive|bobovile has 30 seconds left.
|
|t:|1756301041
|teamsize|p1|4
|teamsize|p2|4
|start
|switch|p1a: Indeedee|Indeedee, L50, M|100/100
|switch|p1b: Incineroar|Incineroar, L50, M|100/100
|switch|p2a: Gastrodon|Gastrodon-East, L50, F|100/100
|switch|p2b: Talonflame|Talonflame, L50, F|100/100
|-fieldstart|move: Psychic Terrain|[from] ability: Psychic Surge|[of] p1a: Indeedee
|-ability|p1b: Incineroar|Intimidate|boost
|-unboost|p2a: Gastrodon|atk|1
|-unboost|p2b: Talonflame|atk|1
|turn|1
|
|t:|1756301060
|switch|p1b: Weezing|Weezing, L50, M|100/100
|-ability|p1b: Weezing|Neutralizing Gas
|switch|p2a: Tyranitar|Tyranitar, L50, M|100/100
|move|p1a: Indeedee|Expanding Force|p2b: Talonflame|[spread] p2b
|-immune|p2a: Tyranitar
|-crit|p2b: Talonflame
|-damage|p2b: Talonflame|0 fnt
|faint|p2b: Talonflame
|
|upkeep
|
|t:|1756301072
|switch|p2b: Gallade|Gallade, L50, M|100/100
|turn|2
|inactive|bobovile has 30 seconds left.
|
|t:|1756301101
|switch|p1a: Incineroar|Incineroar, L50, M|100/100
|-ability|p1a: Incineroar|Intimidate|boost
|-unboost|p2a: Tyranitar|atk|1
|-fail|p2b: Gallade|unboost|[from] item: Clear Amulet|[of] p2b: Gallade
|-terastallize|p1b: Weezing|Ghost
|move|p2b: Gallade|Sacred Sword|p1b: Weezing
|-immune|p1b: Weezing
|move|p2a: Tyranitar|Knock Off|p1a: Incineroar
|-resisted|p1a: Incineroar
|-damage|p1a: Incineroar|84/100
|-enditem|p1a: Incineroar|Ability Shield|[from] move: Knock Off|[of] p2a: Tyranitar
|move|p1b: Weezing|Will-O-Wisp|p2a: Tyranitar
|-status|p2a: Tyranitar|brn
|
|-damage|p2a: Tyranitar|95/100 brn|[from] brn
|upkeep
|turn|3
|
|t:|1756301124
|switch|p1a: Tyranitar|Tyranitar, L50, M|100/100
|move|p2b: Gallade|Sacred Sword|p1a: Tyranitar
|-supereffective|p1a: Tyranitar
|-crit|p1a: Tyranitar
|-damage|p1a: Tyranitar|0 fnt
|faint|p1a: Tyranitar
|move|p2a: Tyranitar|Knock Off|p1b: Weezing
|-supereffective|p1b: Weezing
|-damage|p1b: Weezing|69/100
|-enditem|p1b: Weezing|Sitrus Berry|[from] move: Knock Off|[of] p2a: Tyranitar
|move|p1b: Weezing|Will-O-Wisp|p2b: Gallade|[miss]
|-miss|p1b: Weezing|p2b: Gallade
|
|-damage|p2a: Tyranitar|89/100 brn|[from] brn
|upkeep
|
|t:|1756301132
|switch|p1a: Indeedee|Indeedee, L50, M|100/100
|turn|4
|
|t:|1756301147
|switch|p1a: Incineroar|Incineroar, L50, M|84/100
|switch|p2b: Gastrodon|Gastrodon-East, L50, F|100/100
|move|p2a: Tyranitar|Knock Off|p1a: Incineroar
|-resisted|p1a: Incineroar
|-damage|p1a: Incineroar|78/100
|move|p1b: Weezing|Will-O-Wisp|p2b: Gastrodon|[miss]
|-miss|p1b: Weezing|p2b: Gastrodon
|
|-damage|p2a: Tyranitar|83/100 brn|[from] brn
|upkeep
|turn|5
|
|t:|1756301162
|move|p1a: Incineroar|Parting Shot|p2b: Gastrodon
|-unboost|p2b: Gastrodon|atk|1
|-unboost|p2b: Gastrodon|spa|1
|
|t:|1756301165
|switch|p1a: Indeedee|Indeedee, L50, M|100/100|[from] Parting Shot
|move|p2a: Tyranitar|Rock Slide|p1b: Weezing|[spread] p1a,p1b
|-damage|p1a: Indeedee|78/100
|-damage|p1b: Weezing|60/100
|move|p1b: Weezing|Will-O-Wisp|p2b: Gastrodon
|-status|p2b: Gastrodon|brn
|move|p2b: Gastrodon|Muddy Water|p1a: Indeedee|[spread] p1a,p1b
|-crit|p1b: Weezing
|-damage|p1a: Indeedee|56/100
|-damage|p1b: Weezing|27/100
|-unboost|p1a: Indeedee|accuracy|1
|
|-damage|p2a: Tyranitar|77/100 brn|[from] brn
|-damage|p2b: Gastrodon|95/100 brn|[from] brn
|-fieldend|move: Psychic Terrain
|upkeep
|turn|6
|
|t:|1756301184
|switch|p1a: Incineroar|Incineroar, L50, M|78/100
|move|p2a: Tyranitar|Rock Slide|p1b: Weezing|[spread] p1a,p1b
|-supereffective|p1a: Incineroar
|-damage|p1a: Incineroar|58/100
|-damage|p1b: Weezing|17/100
|move|p1b: Weezing|Sludge Bomb|p2b: Gastrodon
|-resisted|p2b: Gastrodon
|-damage|p2b: Gastrodon|83/100 brn
|move|p2b: Gastrodon|Muddy Water|p1a: Incineroar|[spread] p1a,p1b
|-supereffective|p1a: Incineroar
|-damage|p1a: Incineroar|23/100
|-damage|p1b: Weezing|0 fnt
|faint|p1b: Weezing
|-end|p1b: Weezing|ability: Neutralizing Gas
|-ability|p1a: Incineroar|Intimidate|boost
|-unboost|p2a: Tyranitar|atk|1
|-unboost|p2b: Gastrodon|atk|1
|-weather|Sandstorm|[from] ability: Sand Stream|[of] p2a: Tyranitar
|
|-weather|Sandstorm|[upkeep]
|-damage|p1a: Incineroar|17/100|[from] Sandstorm
|-damage|p2a: Tyranitar|72/100 brn|[from] brn
|-damage|p2b: Gastrodon|77/100 brn|[from] brn
|upkeep
|-message|JNEST forfeited.
|
|win|bobovile
|raw|JNEST's rating: 1135 → 1110(-25 for losing)
|raw|bobovile's rating: 1137 → 1162(+25 for winning)
