|j|☆hungry hillo
|j|☆kellyvgc
|html|hungry hillokellyvgc    
|uhtml|bestof|Game 1 of a best-of-3
|t:|1756840836
|gametype|doubles
|player|p1|hungry hillo|n|
|player|p2|kellyvgc|pokemonbreeder-gen4|
|gen|9
|tier|[Gen 9] VGC 2025 Reg H (Bo3)
|rule|Species Clause: Limit one of each Pokémon
|rule|Item Clause: Limit 1 of each item
|clearpoke
|poke|p1|Sneasler, L50, F|
|poke|p1|Clefable, L50, M|
|poke|p1|Gholdengo, L50|
|poke|p1|Rillaboom, L50, M|
|poke|p1|Dragapult, L50, M|
|poke|p1|Incineroar, L50, M|
|poke|p2|Annihilape, L50, F|
|poke|p2|Whimsicott, L50, M|
|poke|p2|Dragonite, L50, F|
|poke|p2|Gholdengo, L50|
|poke|p2|Garchomp, L50, F|
|poke|p2|Incineroar, L50, M|
|teampreview|4
|showteam|p1|Sneasler||FocusSash|Unburden|CloseCombat,DireClaw,Protect,ThroatChop|||F|||50|,,,,,Dark]Clefable||RockyHelmet|Unaware|Moonblast,IcyWind,FollowMe,LifeDew|||M|||50|,,,,,Ghost]Gholdengo||LifeOrb|GoodasGold|MakeItRain,ShadowBall,NastyPlot,Protect||||||50|,,,,,Water]Rillaboom||AssaultVest|GrassySurge|WoodHammer,GrassyGlide,HighHorsepower,FakeOut|||M|||50|,,,,,Fire]Dragapult||ChoiceSpecs|ClearBody|ShadowBall,Flamethrower,Thunderbolt,DracoMeteor|||M|||50|,,,,,Fire]Incineroar||MirrorHerb|Intimidate|FakeOut,KnockOff,PartingShot,FlareBlitz|||M|||50|,,,,,Bug
|showteam|p2|Annihilape||Leftovers|Defiant|RageFist,DrainPunch,BulkUp,Protect|||F|||50|,,,,,Fire]Whimsicott||CovertCloak|Prankster|Tailwind,BeatUp,Moonblast,SunnyDay|||M|||50|,,,,,Dark]Dragonite||LoadedDice|InnerFocus|ScaleShot,ExtremeSpeed,Haze,Protect|||F|||50|,,,,,Fairy]Gholdengo||LifeOrb|GoodasGold|MakeItRain,ShadowBall,NastyPlot,Protect||||||50|,,,,,Flying]Garchomp||ChoiceBand|RoughSkin|DragonClaw,Earthquake,IronHead,RockSlide|||F|||50|,,,,,Ground]Incineroar||SafetyGoggles|Intimidate|FakeOut,FlareBlitz,KnockOff,PartingShot|||M|||50|,,,,,Ghost
|c|☆hungry hillo|Glhf
|c|☆kellyvgc|good luck
|
|t:|1756840929
|teamsize|p1|4
|teamsize|p2|4
|start
|switch|p1a: Incineroar|Incineroar, L50, M|100/100
|switch|p1b: Mr krabe|Gholdengo, L50|100/100
|switch|p2a: Whimsicott|Whimsicott, L50, M|100/100
|switch|p2b: Garchomp|Garchomp, L50, F|100/100
|-ability|p1a: Incineroar|Intimidate|boost
|-unboost|p2a: Whimsicott|atk|1
|-unboost|p2b: Garchomp|atk|1
|turn|1
|
|t:|1756840984
|-terastallize|p2b: Garchomp|Ground
|move|p1a: Incineroar|Fake Out|p2b: Garchomp
|-damage|p2b: Garchomp|88/100
|-damage|p1a: Incineroar|88/100|[from] ability: Rough Skin|[of] p2b: Garchomp
|move|p2a: Whimsicott|Tailwind|p2a: Whimsicott
|-sidestart|p2: kellyvgc|move: Tailwind
|cant|p2b: Garchomp|flinch
|move|p1b: Mr krabe|Nasty Plot|p1b: Mr krabe
|-boost|p1b: Mr krabe|spa|2
|
|upkeep
|turn|2
|
|t:|1756841018
|switch|p1a: Dk|Rillaboom, L50, M|100/100
|-fieldstart|move: Grassy Terrain|[from] ability: Grassy Surge|[of] p1a: Dk
|-terastallize|p1b: Mr krabe|Water
|move|p2b: Garchomp|Earthquake|p1a: Dk|[spread] p2a,p1a,p1b
|-resisted|p2a: Whimsicott
|-resisted|p1a: Dk
|-damage|p2a: Whimsicott|86/100
|-damage|p1a: Dk|84/100
|-damage|p1b: Mr krabe|66/100
|move|p2a: Whimsicott|Moonblast|p1a: Dk
|-damage|p1a: Dk|62/100
|move|p1b: Mr krabe|Make It Rain|p2b: Garchomp|[spread] p2a,p2b
|-supereffective|p2a: Whimsicott
|-damage|p2a: Whimsicott|0 fnt
|-damage|p2b: Garchomp|0 fnt
|-unboost|p1b: Mr krabe|spa|1
|faint|p2a: Whimsicott
|faint|p2b: Garchomp
|-damage|p1b: Mr krabe|57/100|[from] item: Life Orb
|
|-heal|p1b: Mr krabe|63/100|[from] Grassy Terrain
|-heal|p1a: Dk|68/100|[from] Grassy Terrain
|upkeep
|
|t:|1756841032
|switch|p2b: Gholdengo|Gholdengo, L50|100/100
|switch|p2a: Incineroar|Incineroar, L50, M|100/100
|-ability|p2a: Incineroar|Intimidate|boost
|-unboost|p1a: Dk|atk|1
|-unboost|p1b: Mr krabe|atk|1
|turn|3
|
|t:|1756841070
|move|p1b: Mr krabe|Protect|p1b: Mr krabe
|-singleturn|p1b: Mr krabe|Protect
|move|p2a: Incineroar|Fake Out|p1b: Mr krabe
|-activate|p1b: Mr krabe|move: Protect
|move|p2b: Gholdengo|Nasty Plot|p2b: Gholdengo
|-boost|p2b: Gholdengo|spa|2
|move|p1a: Dk|High Horsepower|p2a: Incineroar
|-supereffective|p2a: Incineroar
|-damage|p2a: Incineroar|54/100
|
|-heal|p2a: Incineroar|60/100|[from] Grassy Terrain
|-heal|p1b: Mr krabe|69/100|[from] Grassy Terrain
|-heal|p1a: Dk|74/100|[from] Grassy Terrain
|upkeep
|turn|4
|
|t:|1756841103
|switch|p1b: Incineroar|Incineroar, L50, M|88/100
|-ability|p1b: Incineroar|Intimidate|boost
|-unboost|p2a: Incineroar|atk|1
|-unboost|p2b: Gholdengo|atk|1
|move|p2b: Gholdengo|Shadow Ball|p1b: Incineroar
|-resisted|p1b: Incineroar
|-damage|p1b: Incineroar|39/100
|-damage|p2b: Gholdengo|91/100|[from] item: Life Orb
|move|p2a: Incineroar|Flare Blitz|p1a: Dk
|-supereffective|p1a: Dk
|-damage|p1a: Dk|2/100
|-damage|p2a: Incineroar|36/100|[from] Recoil
|move|p1a: Dk|High Horsepower|p2b: Gholdengo
|-supereffective|p2b: Gholdengo
|-crit|p2b: Gholdengo
|-damage|p2b: Gholdengo|0 fnt
|faint|p2b: Gholdengo
|
|-heal|p2a: Incineroar|42/100|[from] Grassy Terrain
|-heal|p1a: Dk|8/100|[from] Grassy Terrain
|-heal|p1b: Incineroar|45/100|[from] Grassy Terrain
|-sideend|p2: kellyvgc|move: Tailwind
|upkeep
|turn|5
|
|t:|1756841121
|move|p1b: Incineroar|Fake Out|p2a: Incineroar
|-damage|p2a: Incineroar|30/100
|move|p1a: Dk|High Horsepower|p2a: Incineroar
|-supereffective|p2a: Incineroar
|-damage|p2a: Incineroar|0 fnt
|faint|p2a: Incineroar
|
|win|hungry hillo
||kellyvgc is ready for game 2.
||hungry hillo is ready for game 2.
|uhtml|next|Next: Game 2 of 3
