|j|☆CrazyComet37
|j|☆eevee1ynn
|html|CrazyComet37eevee1ynn    
|uhtml|bestof|Game 1 of a best-of-3
|t:|1785957341
|gametype|doubles
|player|p1|CrazyComet37|flint|
|player|p2|eevee1ynn|irida-masters2|
|gen|9
|tier|[Gen 9 Champions] VGC 2026 Reg M-B (Bo3)
|rule|Species Clause: Limit one of each Pokémon
|rule|Item Clause: Limit 1 of each item
|clearpoke
|poke|p1|Whimsicott, L50, F|
|poke|p1|Garchomp, L50, F|
|poke|p1|Charizard, L50, F|
|poke|p1|Floette-Eternal, L50, F|
|poke|p1|Kingambit, L50, F|
|poke|p1|Basculegion, L50, M|
|poke|p2|Raichu, L50, F|
|poke|p2|Talonflame, L50, F|
|poke|p2|Maushold, L50|
|poke|p2|Kommo-o, L50, F|
|poke|p2|Tsareena, L50, F|
|poke|p2|Delphox, L50, F|
|teampreview|4
|showteam|p1|Whimsicott||FocusSash|Prankster|Protect,Tailwind,Moonblast,Encore|Timid||F|||50|]Garchomp||LifeOrb|RoughSkin|Protect,Earthquake,DragonClaw,RockSlide|Jolly||F|||50|]Charizard||CharizarditeY|Blaze|Protect,HeatWave,WeatherBall,SolarBeam|Modest||F|||50|]Floette-Eternal||Floettite|FlowerVeil|Protect,LightofRuin,DazzlingGleam,Moonblast|Modest||F|||50|]Kingambit||ChopleBerry|Defiant|IronHead,SuckerPunch,KowtowCleave,LowKick|Adamant||F|||50|]Basculegion||MysticWater|Adaptability|Protect,AquaJet,LastRespects,WaveCrash|Adamant||M|||50|
|showteam|p2|Raichu||RaichuniteY|LightningRod|Protect,ZapCannon,FocusBlast,FakeOut|Timid||F|||50|]Talonflame||SharpBeak|GaleWings|QuickGuard,DualWingbeat,Feint,Tailwind|Jolly||F|||50|]Maushold||FocusSash|FriendGuard|Protect,SuperFang,Encore,FollowMe|Timid|||||50|]Kommo-o||LifeOrb|Overcoat|Protect,AuraSphere,ClangingScales,VacuumWave|Modest||F|||50|]Tsareena||WideLens|QueenlyMajesty|Protect,PowerWhip,TripleAxel,Taunt|Adamant||F|||50|]Delphox||Delphoxite|Blaze|Protect,HeatWave,Psychic,Substitute|Timid||F|||50|
|c|☆CrazyComet37|Glhf!
|c|☆eevee1ynn|glhf
|
|t:|1785957419
|teamsize|p1|4
|teamsize|p2|4
|start
|switch|p1a: Whimsicott|Whimsicott, L50, F|100/100
|switch|p1b: Garchomp|Garchomp, L50, F|100/100
|switch|p2a: Tsareena|Tsareena, L50, F|100/100
|switch|p2b: Talonflame|Talonflame, L50, F|100/100
|turn|1
|inactive|Battle timer is ON: inactive players will automatically lose when time's up. (requested by CrazyComet37)
|inactive|CrazyComet37 has 60 seconds left.
|
|t:|1785957455
|move|p2b: Talonflame|Tailwind|p2b: Talonflame
|-sidestart|p2: eevee1ynn|move: Tailwind
|move|p1a: Whimsicott|Tailwind|p1a: Whimsicott
|-sidestart|p1: CrazyComet37|move: Tailwind
|move|p1b: Garchomp|Rock Slide|p2b: Talonflame|[spread] p2b
|-miss|p1b: Garchomp|p2a: Tsareena
|-supereffective|p2b: Talonflame|2
|-damage|p2b: Talonflame|0 fnt
|faint|p2b: Talonflame
|-damage|p1b: Garchomp|90/100|[from] item: Life Orb
|move|p2a: Tsareena|Triple Axel|p1b: Garchomp
|-supereffective|p1b: Garchomp|2
|-damage|p1b: Garchomp|64/100
|-damage|p2a: Tsareena|88/100|[from] ability: Rough Skin|[of] p1b: Garchomp
|-supereffective|p1b: Garchomp|2
|-damage|p1b: Garchomp|8/100
|-damage|p2a: Tsareena|76/100|[from] ability: Rough Skin|[of] p1b: Garchomp
|-supereffective|p1b: Garchomp|2
|-damage|p1b: Garchomp|0 fnt
|-damage|p2a: Tsareena|64/100|[from] ability: Rough Skin|[of] p1b: Garchomp
|faint|p1b: Garchomp
|-hitcount|p1: Garchomp|3
|
|upkeep
|
|t:|1785957469
|switch|p2b: Raichu|Raichu, L50, F|100/100
|switch|p1b: Floette|Floette-Eternal, L50, F|100/100
|turn|2
|
|t:|1785957483
|detailschange|p2b: Raichu|Raichu-Mega-Y, L50, F
|-mega|p2b: Raichu|Raichu|Raichunite Y
|detailschange|p1b: Floette|Floette-Mega, L50, F
|-mega|p1b: Floette|Floette|Floettite
|-ability|p1b: Floette|Fairy Aura
|move|p1a: Whimsicott|Protect|p1a: Whimsicott
|-singleturn|p1a: Whimsicott|Protect
|move|p1b: Floette|Protect|p1b: Floette
|-singleturn|p1b: Floette|Protect
|move|p2b: Raichu|Fake Out|p1b: Floette
|-activate|p1b: Floette|move: Protect
|move|p2a: Tsareena|Triple Axel|p1a: Whimsicott
|-activate|p1a: Whimsicott|move: Protect
|
|upkeep
|turn|3
|inactive|CrazyComet37 has 30 seconds left.
|inactive|CrazyComet37 has 20 seconds left.
|
|t:|1785957522
|move|p2b: Raichu|Zap Cannon|p1b: Floette
|-damage|p1b: Floette|42/100
|-status|p1b: Floette|par
|move|p1a: Whimsicott|Moonblast|p2a: Tsareena
|-damage|p2a: Tsareena|13/100
|move|p2a: Tsareena|Power Whip|p1b: Floette
|-damage|p1b: Floette|0 fnt
|faint|p1b: Floette
|
|upkeep
|
|t:|1785957531
|switch|p1b: Basculegion|Basculegion, L50, M|100/100
|turn|4
|inactive|CrazyComet37 has 30 seconds left.
|inactive|CrazyComet37 has 20 seconds left.
|inactive|CrazyComet37 has 15 seconds left.
|
|t:|1785957573
|switch|p2b: Kommo-o|Kommo-o, L50, F|100/100
|move|p1b: Basculegion|Protect|p1b: Basculegion
|-singleturn|p1b: Basculegion|Protect
|move|p1a: Whimsicott|Moonblast|p2a: Tsareena
|-crit|p2a: Tsareena
|-damage|p2a: Tsareena|0 fnt
|faint|p2a: Tsareena
|
|-sideend|p2: eevee1ynn|move: Tailwind
|-sideend|p1: CrazyComet37|move: Tailwind
|upkeep
|
|t:|1785957580
|switch|p2a: Raichu|Raichu-Mega-Y, L50, F|100/100
|turn|5
|
|t:|1785957604
|move|p1a: Whimsicott|Tailwind|p1a: Whimsicott
|-sidestart|p1: CrazyComet37|move: Tailwind
|move|p1b: Basculegion|Last Respects|p2a: Raichu
|-damage|p2a: Raichu|0 fnt
|faint|p2a: Raichu
|move|p2b: Kommo-o|Clanging Scales|p1b: Basculegion|[spread] p1b
|-immune|p1a: Whimsicott
|-damage|p1b: Basculegion|39/100
|-unboost|p2b: Kommo-o|def|1
|-damage|p2b: Kommo-o|90/100|[from] item: Life Orb
|
|upkeep
|turn|6
|
|t:|1785957612
|move|p1a: Whimsicott|Moonblast|p2b: Kommo-o
|-supereffective|p2b: Kommo-o|2
|-damage|p2b: Kommo-o|0 fnt
|faint|p2b: Kommo-o
|
|win|CrazyComet37
||eevee1ynn is ready for game 2.
||CrazyComet37 is ready for game 2.
|uhtml|next|Next: Game 2 of 3
