|j|☆KodeBeast0526
|j|☆bruh.mov
|html|KodeBeast0526bruh.mov    
|uhtml|bestof|Game 1 of a best-of-3
|t:|1784143590
|gametype|doubles
|player|p1|KodeBeast0526|sailor|1102
|player|p2|bruh.mov|ghetsis|1030
|gen|9
|tier|[Gen 9 Champions] VGC 2026 Reg M-B (Bo3)
|rated|
|rule|Species Clause: Limit one of each Pokémon
|rule|Item Clause: Limit 1 of each item
|clearpoke
|poke|p1|Aerodactyl, L50, M|
|poke|p1|Kingambit, L50, M|
|poke|p1|Sylveon, L50, M|
|poke|p1|Garchomp, L50, M|
|poke|p1|Charizard, L50, M|
|poke|p1|Incineroar, L50, M|
|poke|p2|Sylveon, L50, M, shiny|
|poke|p2|Milotic, L50, M, shiny|
|poke|p2|Charizard, L50, M, shiny|
|poke|p2|Swampert, L50, M|
|poke|p2|Sableye, L50, M|
|poke|p2|Scizor, L50, M|
|teampreview|4
|showteam|p1|Aerodactyl||Aerodactylite|Unnerve|RockSlide,IceFang,Tailwind,WideGuard|Jolly||M|||50|]Kingambit||FocusSash|Defiant|KowtowCleave,SuckerPunch,IronHead,Protect|Adamant||M|||50|]Sylveon||FairyFeather|Pixilate|Detect,HyperVoice,HyperBeam,QuickAttack|Modest||M|||50|]Garchomp||LifeOrb|RoughSkin|Earthquake,DragonClaw,StompingTantrum,Protect|Jolly||M|||50|]Charizard||CharizarditeY|Blaze|Protect,HeatWave,SolarBeam,WeatherBall|Modest||M|||50|]Incineroar||SitrusBerry|Intimidate|DarkestLariat,FlareBlitz,FakeOut,PartingShot|Impish||M|||50|
|showteam|p2|Sylveon||FairyFeather|Pixilate|HyperBeam,HyperVoice,QuickAttack,Roar|Quiet||M|||50|]Milotic||Leftovers|Competitive|DrainingKiss,Scald,LifeDew,Protect|Bold||M|||50|]Charizard||CharizarditeY|SolarPower|Protect,AncientPower,WeatherBall,Hurricane|Timid||M|||50|]Swampert||Swampertite|Torrent|WaveCrash,IcePunch,RockSlide,Earthquake|Jolly||M|||50|]Sableye||LightClay|Prankster|FoulPlay,RainDance,Reflect,LightScreen|Sassy||M|||50|]Scizor||Scizorite|Technician|BulletPunch,DualWingbeat,CloseCombat,Uturn|Adamant||M|||50|
|
|t:|1784143620
|teamsize|p1|4
|teamsize|p2|4
|start
|switch|p1a: Aerodactyl|Aerodactyl, L50, M|100/100
|switch|p1b: Sylveon|Sylveon, L50, M|100/100
|switch|p2a: Milotic|Milotic, L50, M, shiny|100/100
|switch|p2b: Charizard|Charizard, L50, M, shiny|100/100
|-ability|p1a: Aerodactyl|Unnerve
|turn|1
|
|t:|1784143644
|move|p2b: Charizard|Protect|p2b: Charizard
|-singleturn|p2b: Charizard|Protect
|move|p1a: Aerodactyl|Tailwind|p1a: Aerodactyl
|-sidestart|p1: KodeBeast0526|move: Tailwind
|move|p1b: Sylveon|Hyper Beam|p2a: Milotic
|-damage|p2a: Milotic|23/100
|-mustrecharge|p1b: Sylveon
|move|p2a: Milotic|Scald|p1a: Aerodactyl
|-supereffective|p1a: Aerodactyl|1
|-damage|p1a: Aerodactyl|26/100
|
|-heal|p2a: Milotic|29/100|[from] item: Leftovers
|upkeep
|turn|2
|inactive|Battle timer is ON: inactive players will automatically lose when time's up. (requested by bruh.mov)
|
|t:|1784143662
|switch|p2b: Sableye|Sableye, L50, M|100/100
|move|p1a: Aerodactyl|Rock Slide|p2b: Sableye|[spread] p2a,p2b
|-damage|p2a: Milotic|11/100
|-damage|p2b: Sableye|71/100
|cant|p1b: Sylveon|recharge
|move|p2a: Milotic|Life Dew|p2a: Milotic|[spread] p2a,p2b
|-heal|p2a: Milotic|37/100
|-heal|p2b: Sableye|96/100
|
|-heal|p2a: Milotic|43/100|[from] item: Leftovers
|upkeep
|turn|3
|
|t:|1784143679
|move|p2a: Milotic|Protect|p2a: Milotic
|-singleturn|p2a: Milotic|Protect
|move|p2b: Sableye|Light Screen|p2b: Sableye
|-sidestart|p2: bruh.mov|move: Light Screen
|move|p1a: Aerodactyl|Rock Slide|p2b: Sableye|[spread] p2b
|-activate|p2a: Milotic|move: Protect
|-damage|p2b: Sableye|67/100
|move|p1b: Sylveon|Hyper Voice|p2b: Sableye|[spread] p2b
|-activate|p2a: Milotic|move: Protect
|-supereffective|p2b: Sableye|1
|-damage|p2b: Sableye|0 fnt
|faint|p2b: Sableye
|
|-heal|p2a: Milotic|49/100|[from] item: Leftovers
|upkeep
|
|t:|1784143693
|switch|p2b: Scizor|Scizor, L50, M|100/100
|turn|4
|
|t:|1784143704
|detailschange|p2b: Scizor|Scizor-Mega, L50, M
|-mega|p2b: Scizor|Scizor|Scizorite
|move|p2b: Scizor|Bullet Punch|p1b: Sylveon
|-supereffective|p1b: Sylveon|1
|-crit|p1b: Sylveon
|-damage|p1b: Sylveon|0 fnt
|faint|p1b: Sylveon
|move|p1a: Aerodactyl|Rock Slide|p2b: Scizor|[spread] p2a,p2b
|-damage|p2a: Milotic|30/100
|-damage|p2b: Scizor|83/100
|move|p2a: Milotic|Scald|p1a: Aerodactyl
|-supereffective|p1a: Aerodactyl|1
|-damage|p1a: Aerodactyl|0 fnt
|faint|p1a: Aerodactyl
|
|-heal|p2a: Milotic|36/100|[from] item: Leftovers
|-sideend|p1: KodeBeast0526|move: Tailwind
|upkeep
|
|t:|1784143709
|switch|p1a: Charizard|Charizard, L50, M|100/100
|switch|p1b: Garchomp|Garchomp, L50, M|100/100
|turn|5
|
|t:|1784143724
|switch|p2b: Charizard|Charizard, L50, M, shiny|100/100
|detailschange|p1a: Charizard|Charizard-Mega-Y, L50, M
|-mega|p1a: Charizard|Charizard|Charizardite Y
|-weather|SunnyDay|[from] ability: Drought|[of] p1a: Charizard
|move|p1b: Garchomp|Earthquake|p2a: Milotic|[spread] p2a
|-immune|p1a: Charizard
|-immune|p2b: Charizard
|-damage|p2a: Milotic|1/100
|-damage|p1b: Garchomp|90/100|[from] item: Life Orb
|move|p1a: Charizard|Heat Wave|p2b: Charizard|[spread] p2a
|-miss|p1a: Charizard|p2b: Charizard
|-resisted|p2a: Milotic|1
|-damage|p2a: Milotic|0 fnt
|faint|p2a: Milotic
|
|-weather|SunnyDay|[upkeep]
|-damage|p2b: Charizard|87/100|[from] ability: Solar Power|[of] p2b: Charizard
|upkeep
|
|t:|1784143737
|switch|p2a: Scizor|Scizor-Mega, L50, M|83/100
|turn|6
|
|t:|1784143747
|move|p2a: Scizor|Bullet Punch|p1a: Charizard
|-resisted|p1a: Charizard|1
|-damage|p1a: Charizard|80/100
|move|p1b: Garchomp|Dragon Claw|p2b: Charizard
|-damage|p2b: Charizard|14/100
|-damage|p1b: Garchomp|80/100|[from] item: Life Orb
|move|p2b: Charizard|Ancient Power|p1a: Charizard
|-supereffective|p1a: Charizard|2
|-damage|p1a: Charizard|0 fnt
|faint|p1a: Charizard
|
|-weather|SunnyDay|[upkeep]
|-damage|p2b: Charizard|1/100|[from] ability: Solar Power|[of] p2b: Charizard
|upkeep
|turn|7
|j| norrale
|
|t:|1784143765
|move|p2a: Scizor|Bullet Punch|p1b: Garchomp
|-damage|p1b: Garchomp|40/100
|-damage|p2a: Scizor|70/100|[from] ability: Rough Skin|[of] p1b: Garchomp
|move|p1b: Garchomp|Dragon Claw|p2b: Charizard
|-damage|p2b: Charizard|0 fnt
|faint|p2b: Charizard
|-damage|p1b: Garchomp|30/100|[from] item: Life Orb
|
|-weather|SunnyDay|[upkeep]
|upkeep
|turn|8
|
|t:|1784143779
|move|p2a: Scizor|Bullet Punch|p1b: Garchomp
|-damage|p1b: Garchomp|0 fnt
|-damage|p2a: Scizor|58/100|[from] ability: Rough Skin|[of] p1b: Garchomp
|faint|p1b: Garchomp
|
|win|bruh.mov
||bruh.mov is ready for game 2.
