|j|☆Freudianbreath
|j|☆laly4493
|html|Freudianbreathlaly4493    
|uhtml|bestof|Game 1 of a best-of-3
|t:|1756959915
|gametype|doubles
|player|p1|Freudianbreath|102|
|player|p2|laly4493|169|
|gen|9
|tier|[Gen 9] VGC 2025 Reg H (Bo3)
|rule|Species Clause: Limit one of each Pokémon
|rule|Item Clause: Limit 1 of each item
|clearpoke
|poke|p1|Incineroar, L50, M|
|poke|p1|Rillaboom, L50, F|
|poke|p1|Palafin, L50, F|
|poke|p1|Pelipper, L50, F|
|poke|p1|Amoonguss, L50, M|
|poke|p1|Primarina, L50, F|
|poke|p2|Gothitelle, L50, F|
|poke|p2|Farigiraf, L50, F|
|poke|p2|Garchomp, L50, F|
|poke|p2|Volcarona, L50, F|
|poke|p2|Hatterene, L50, F|
|poke|p2|Pelipper, L50, F|
|teampreview|4
|showteam|p1|Incineroar||SafetyGoggles|Intimidate|FakeOut,KnockOff,WillOWisp,FlareBlitz|||M|||50|,,,,,Ghost]Rillaboom||AssaultVest|GrassySurge|WoodHammer,GrassyGlide,FakeOut,Uturn|||F|||50|,,,,,Fire]Palafin||Leftovers|ZerotoHero|BulkUp,JetPunch,DrainPunch,Protect|||F|||50|,,,,,Grass]Pelipper||FocusSash|Drizzle|Hurricane,WeatherBall,Tailwind,Protect|||F|||50|,,,,,Stellar]Amoonguss||RockyHelmet|Regenerator|PollenPuff,Spore,RagePowder,Protect|||M|||50|,,,,,Fairy]Primarina||ThroatSpray|LiquidVoice|HyperVoice,Moonblast,Haze,Protect|||F|||50|,,,,,Grass
|showteam|p2|Gothitelle||ClearAmulet|ShadowTag|NastyPlot,ShadowBall,FoulPlay,MirrorCoat|||F|||50|,,,,,Normal]Farigiraf||MentalHerb|ArmorTail|Earthquake,IronHead,ThunderWave,HelpingHand|||F|||50|,,,,,Normal]Garchomp||FocusSash|RoughSkin|SwordsDance,FireFang,Protect,ScorchingSands|||F|||50|,,,,,Dragon]Volcarona||RockyHelmet|Swarm|LeechLife,WillOWisp,PoisonJab,Lunge|||F|||50|,,,,,Steel]Hatterene||Leftovers|MagicBounce|LifeDew,MysticalFire,ThunderWave,PsychoCut|||F|||50|,,,,,Ghost]Pelipper||RedCard|Drizzle|Tailwind,Hurricane,GunkShot,BodySlam|||F|||50|,,,,,Ground
|
|t:|1756959984
|teamsize|p1|4
|teamsize|p2|4
|start
|switch|p1a: Primarina|Primarina, L50, F|100/100
|switch|p1b: Pelipper|Pelipper, L50, F|100/100
|switch|p2a: Pelipper|Pelipper, L50, F|100/100
|switch|p2b: Volcarona|Volcarona, L50, F|100/100
|-weather|RainDance|[from] ability: Drizzle|[of] p1b: Pelipper
|turn|1
|
|t:|1756960035
|move|p1a: Primarina|Protect|p1a: Primarina
|-singleturn|p1a: Primarina|Protect
|move|p2b: Volcarona|Lunge|p1b: Pelipper
|-resisted|p1b: Pelipper
|-damage|p1b: Pelipper|82/100
|-unboost|p1b: Pelipper|atk|1
|move|p1b: Pelipper|Tailwind|p1b: Pelipper
|-sidestart|p1: Freudianbreath|move: Tailwind
|move|p2a: Pelipper|Tailwind|p2a: Pelipper
|-sidestart|p2: laly4493|move: Tailwind
|
|-weather|RainDance|[upkeep]
|upkeep
|turn|2
|
|t:|1756960133
|switch|p2a: Garchomp|Garchomp, L50, F|100/100
|-terastallize|p2b: Volcarona|Steel
|move|p2b: Volcarona|Poison Jab|p1a: Primarina
|-supereffective|p1a: Primarina
|-damage|p1a: Primarina|64/100
|move|p1b: Pelipper|Hurricane|p2a: Garchomp
|-damage|p2a: Garchomp|45/100
|move|p1a: Primarina|Hyper Voice|p2b: Volcarona|[spread] p2a,p2b
|-damage|p2a: Garchomp|0 fnt
|-damage|p2b: Volcarona|45/100
|faint|p2a: Garchomp
|-enditem|p1a: Primarina|Throat Spray
|-boost|p1a: Primarina|spa|1|[from] item: Throat Spray
|
|-weather|RainDance|[upkeep]
|upkeep
|
|t:|1756960155
|switch|p2a: Farigiraf|Farigiraf, L50, F|100/100
|turn|3
|
|t:|1756960222
|-terastallize|p1b: Pelipper|Stellar
|move|p1a: Primarina|Protect|p1a: Primarina
|-singleturn|p1a: Primarina|Protect
|move|p2b: Volcarona|Poison Jab|p1a: Primarina
|-activate|p1a: Primarina|move: Protect
|move|p1b: Pelipper|Weather Ball|p2b: Volcarona
|-damage|p2b: Volcarona|0 fnt
|faint|p2b: Volcarona
|move|p2a: Farigiraf|Thunder Wave|p1b: Pelipper
|-status|p1b: Pelipper|par
|
|-weather|RainDance|[upkeep]
|upkeep
|
|t:|1756960239
|switch|p2b: Pelipper|Pelipper, L50, F|100/100
|turn|4
|
|t:|1756960342
|move|p2a: Farigiraf|Iron Head|p1a: Primarina
|-damage|p1a: Primarina|39/100
|move|p1a: Primarina|Hyper Voice|p2a: Farigiraf|[spread] p2a,p2b
|-resisted|p2b: Pelipper
|-damage|p2a: Farigiraf|16/100
|-damage|p2b: Pelipper|43/100
|-enditem|p2b: Pelipper|Red Card|[of] p1a: Primarina
|drag|p1a: Incineroar|Incineroar, L50, M|100/100
|-ability|p1a: Incineroar|Intimidate|boost
|-unboost|p2a: Farigiraf|atk|1
|-unboost|p2b: Pelipper|atk|1
|move|p2b: Pelipper|Gunk Shot|p1a: Incineroar
|-damage|p1a: Incineroar|87/100
|move|p1b: Pelipper|Hurricane|p2a: Farigiraf
|-damage|p2a: Farigiraf|0 fnt
|faint|p2a: Farigiraf
|
|-weather|RainDance|[upkeep]
|-sideend|p2: laly4493|move: Tailwind
|-sideend|p1: Freudianbreath|move: Tailwind
|upkeep
|turn|5
|
|t:|1756960393
|move|p1a: Incineroar|Fake Out|p2b: Pelipper
|-damage|p2b: Pelipper|31/100
|cant|p2b: Pelipper|flinch
|move|p1b: Pelipper|Hurricane|p2b: Pelipper
|-crit|p2b: Pelipper
|-damage|p2b: Pelipper|0 fnt
|faint|p2b: Pelipper
|
|win|Freudianbreath
