|j|☆colemarcusvgc
|j|☆capspungo
|html|colemarcusvgccapspungo    
|uhtml|bestof|Game 3 of a best-of-3
|t:|1757791731
|gametype|doubles
|player|p1|colemarcusvgc|n|1157
|player|p2|capspungo|1|1126
|gen|9
|tier|[Gen 9] VGC 2025 Reg H (Bo3)
|rated|
|rule|Species Clause: Limit one of each Pokémon
|rule|Item Clause: Limit 1 of each item
|clearpoke
|poke|p1|Indeedee-F, L50, F|
|poke|p1|Hatterene, L50, F|
|poke|p1|Gallade, L50, M|
|poke|p1|Ursaluna, L50, M|
|poke|p1|Torkoal, L50, F|
|poke|p1|Zoroark-Hisui, L50, F|
|poke|p2|Dragonite, L50, M|
|poke|p2|Ursaluna-Bloodmoon, L50, M|
|poke|p2|Annihilape, L50, M|
|poke|p2|Volcarona, L50, M|
|poke|p2|Rillaboom, L50, M|
|poke|p2|Incineroar, L50, M|
|teampreview|4
|showteam|p1|Indeedee-F||PsychicSeed|PsychicSurge|TrickRoom,FollowMe,HelpingHand,DazzlingGleam|||F|||50|,,,,,Fire]Hatterene||TwistedSpoon|MagicBounce|ExpandingForce,TrickRoom,DazzlingGleam,Protect|||F|||50|,,,,,Water]Gallade||ClearAmulet|Sharpness|SacredSword,PsychoCut,TrickRoom,WideGuard|||M|||50|,,,,,Grass]Ursaluna||FlameOrb|Guts|HeadlongRush,Facade,Earthquake,Protect|||M|||50|,,,,,Ghost]Torkoal||ChoiceSpecs|Drought|Eruption,HeatWave,WeatherBall,EarthPower|||F|||50|,,,,,Fire]Zoroark-Hisui||FocusSash|Illusion|HyperVoice,BitterMalice,Snarl,Taunt|||F|||50|,,,,,Stellar
|showteam|p2|Dragonite||LoadedDice|Multiscale|Protect,ScaleShot,Tailwind,Haze|||M|||50|,,,,,Steel]Ursaluna-Bloodmoon||FocusSash|MindsEye|Protect,BloodMoon,EarthPower,HyperVoice|||M|||50|,,,,,Normal]Annihilape||LumBerry|Defiant|Coaching,RageFist,CloseCombat,Taunt|||M|||50|,,,,,Fire]Volcarona||CovertCloak|FlameBody|Protect,QuiverDance,HeatWave,TeraBlast|||M|||50|,,,,,Fairy]Rillaboom||AssaultVest|GrassySurge|FakeOut,WoodHammer,GrassyGlide,HighHorsepower|||M|||50|,,,,,Fire]Incineroar||SafetyGoggles|Intimidate|FakeOut,PartingShot,FlareBlitz,KnockOff|||M|||50|,,,,,Ghost
|inactive|Battle timer is ON: inactive players will automatically lose when time's up. (requested by capspungo)
|inactive|colemarcusvgc has 60 seconds left.
|inactive|colemarcusvgc has 30 seconds left.
|
|t:|1757791806
|teamsize|p1|4
|teamsize|p2|4
|start
|switch|p1a: Indeedee|Indeedee-F, L50, F|100/100
|switch|p1b: Hatterene|Hatterene, L50, F|100/100
|switch|p2a: Dragonite|Dragonite, L50, M|100/100
|switch|p2b: Ursaluna|Ursaluna-Bloodmoon, L50, M|100/100
|-fieldstart|move: Psychic Terrain|[from] ability: Psychic Surge|[of] p1a: Indeedee
|-enditem|p1a: Indeedee|Psychic Seed
|-boost|p1a: Indeedee|spd|1|[from] item: Psychic Seed
|turn|1
|inactive|capspungo has 30 seconds left.
|
|t:|1757791834
|switch|p2a: Rillaboom|Rillaboom, L50, M|100/100
|-fieldstart|move: Grassy Terrain|[from] ability: Grassy Surge|[of] p2a: Rillaboom
|move|p2b: Ursaluna|Blood Moon|p1b: Hatterene
|-damage|p1b: Hatterene|13/100
|move|p1a: Indeedee|Dazzling Gleam|p2a: Rillaboom|[spread] p2a,p2b
|-damage|p2a: Rillaboom|92/100
|-damage|p2b: Ursaluna|82/100
|move|p1b: Hatterene|Expanding Force|p2a: Rillaboom
|-damage|p2a: Rillaboom|56/100
|
|-heal|p2a: Rillaboom|62/100|[from] Grassy Terrain
|-heal|p2b: Ursaluna|88/100|[from] Grassy Terrain
|-heal|p1b: Hatterene|19/100|[from] Grassy Terrain
|upkeep
|turn|2
|inactive|colemarcusvgc has 30 seconds left.
|
|t:|1757791867
|switch|p1a: Gallade|Gallade, L50, M|100/100
|-terastallize|p2b: Ursaluna|Normal
|move|p2a: Rillaboom|Wood Hammer|p1a: Gallade
|-damage|p1a: Gallade|0 fnt
|faint|p1a: Gallade
|-damage|p2a: Rillaboom|33/100|[from] Recoil
|move|p2b: Ursaluna|Hyper Voice|p1b: Hatterene
|-damage|p1b: Hatterene|0 fnt
|faint|p1b: Hatterene
|
|-heal|p2a: Rillaboom|39/100|[from] Grassy Terrain
|-heal|p2b: Ursaluna|94/100|[from] Grassy Terrain
|upkeep
|
|t:|1757791881
|switch|p1a: Indeedee|Indeedee-F, L50, F|100/100
|switch|p1b: Torkoal|Torkoal, L50, F|100/100
|-fieldstart|move: Psychic Terrain|[from] ability: Psychic Surge|[of] p1a: Indeedee
|-weather|SunnyDay|[from] ability: Drought|[of] p1b: Torkoal
|turn|3
|
|t:|1757791905
|-terastallize|p1b: Torkoal|Fire
|move|p2a: Rillaboom|Wood Hammer|p1a: Indeedee
|-damage|p1a: Indeedee|42/100
|-damage|p2a: Rillaboom|22/100|[from] Recoil
|move|p2b: Ursaluna|Blood Moon|p1a: Indeedee
|-damage|p1a: Indeedee|0 fnt
|faint|p1a: Indeedee
|move|p1b: Torkoal|Heat Wave|p2b: Ursaluna|[spread] p2b
|-miss|p1b: Torkoal|p2a: Rillaboom
|-damage|p2b: Ursaluna|0 fnt
|faint|p2b: Ursaluna
|
|-weather|SunnyDay|[upkeep]
|upkeep
|
|t:|1757791918
|switch|p2b: Dragonite|Dragonite, L50, M|100/100
|turn|4
|
|t:|1757791926
|switch|p2a: Incineroar|Incineroar, L50, M, shiny|100/100
|-ability|p2a: Incineroar|Intimidate|boost
|-unboost|p1b: Torkoal|atk|1
|move|p2b: Dragonite|Scale Shot|p1b: Torkoal
|-damage|p1b: Torkoal|90/100
|-damage|p1b: Torkoal|78/100
|-damage|p1b: Torkoal|67/100
|-damage|p1b: Torkoal|56/100
|-hitcount|p1b: Torkoal|4
|-unboost|p2b: Dragonite|def|1
|-boost|p2b: Dragonite|spe|1
|move|p1b: Torkoal|Heat Wave|p2a: Incineroar|[spread] p2a,p2b
|-resisted|p2a: Incineroar
|-crit|p2a: Incineroar
|-resisted|p2b: Dragonite
|-damage|p2a: Incineroar|38/100
|-damage|p2b: Dragonite|79/100
|
|-weather|SunnyDay|[upkeep]
|upkeep
|turn|5
|
|t:|1757791949
|switch|p2b: Rillaboom|Rillaboom, L50, M|22/100
|-fieldstart|move: Grassy Terrain|[from] ability: Grassy Surge|[of] p2b: Rillaboom
|move|p2a: Incineroar|Fake Out|p1b: Torkoal
|-damage|p1b: Torkoal|49/100
|cant|p1b: Torkoal|flinch
|
|-weather|SunnyDay|[upkeep]
|-heal|p2b: Rillaboom|28/100|[from] Grassy Terrain
|-heal|p2a: Incineroar|44/100|[from] Grassy Terrain
|-heal|p1b: Torkoal|55/100|[from] Grassy Terrain
|upkeep
|turn|6
|
|t:|1757791965
|switch|p2a: Dragonite|Dragonite, L50, M|79/100
|move|p2b: Rillaboom|Fake Out|p1b: Torkoal
|-damage|p1b: Torkoal|44/100
|cant|p1b: Torkoal|flinch
|
|-weather|SunnyDay|[upkeep]
|-heal|p2b: Rillaboom|34/100|[from] Grassy Terrain
|-heal|p1b: Torkoal|50/100|[from] Grassy Terrain
|upkeep
|turn|7
|
|t:|1757791976
|move|p2a: Dragonite|Scale Shot|p1b: Torkoal|[miss]
|-miss|p2a: Dragonite|p1b: Torkoal
|move|p2b: Rillaboom|High Horsepower|p1b: Torkoal|[miss]
|-miss|p2b: Rillaboom|p1b: Torkoal
|move|p1b: Torkoal|Heat Wave|p2b: Rillaboom|[spread] p2a,p2b
|-resisted|p2a: Dragonite
|-supereffective|p2b: Rillaboom
|-damage|p2a: Dragonite|33/100
|-damage|p2b: Rillaboom|0 fnt
|faint|p2b: Rillaboom
|
|-weather|none
|-heal|p1b: Torkoal|56/100|[from] Grassy Terrain
|upkeep
|
|t:|1757791984
|switch|p2b: Incineroar|Incineroar, L50, M, shiny|44/100
|-ability|p2b: Incineroar|Intimidate|boost
|-unboost|p1b: Torkoal|atk|1
|turn|8
|
|t:|1757791989
|move|p2b: Incineroar|Fake Out|p1b: Torkoal
|-damage|p1b: Torkoal|49/100
|move|p2a: Dragonite|Scale Shot|p1b: Torkoal|[miss]
|-miss|p2a: Dragonite|p1b: Torkoal
|cant|p1b: Torkoal|flinch
|
|-heal|p2b: Incineroar|50/100|[from] Grassy Terrain
|-heal|p1b: Torkoal|55/100|[from] Grassy Terrain
|upkeep
|turn|9
|
|t:|1757791999
|move|p2a: Dragonite|Scale Shot|p1b: Torkoal
|-damage|p1b: Torkoal|45/100
|-damage|p1b: Torkoal|33/100
|-damage|p1b: Torkoal|21/100
|-damage|p1b: Torkoal|11/100
|-damage|p1b: Torkoal|0 fnt
|faint|p1b: Torkoal
|-hitcount|p1: Torkoal|5
|
|win|capspungo
|raw|colemarcusvgc's rating: 1157 → 1130(-27 for losing)
|raw|capspungo's rating: 1126 → 1153(+27 for winning)
