|j|☆platanoso
|j|☆biffpipp
|html|platanosobiffpipp    
|uhtml|bestof|Game 1 of a best-of-3
|t:|1782334053
|gametype|doubles
|player|p1|platanoso|madame-gen4|1059
|player|p2|biffpipp|wallace|1000
|gen|9
|tier|[Gen 9 Champions] VGC 2026 Reg M-B (Bo3)
|rated|
|rule|Species Clause: Limit one of each Pokémon
|rule|Item Clause: Limit 1 of each item
|clearpoke
|poke|p1|Raichu, L50, M|
|poke|p1|Corviknight, L50, F|
|poke|p1|Sinistcha, L50|
|poke|p1|Ceruledge, L50, F|
|poke|p1|Milotic, L50, F|
|poke|p1|Incineroar, L50, F|
|poke|p2|Staraptor, L50, F|
|poke|p2|Garchomp, L50, F|
|poke|p2|Orthworm, L50, M|
|poke|p2|Talonflame, L50, M|
|poke|p2|Rotom-Wash, L50|
|poke|p2|Ninetales-Alola, L50, F|
|teampreview|4
|showteam|p1|Raichu||RaichuniteY|LightningRod|ZapCannon,FocusBlast,FakeOut,Protect|Timid||M|||50|]Corviknight||SharpBeak|MirrorArmor|Tailwind,Roost,IronHead,BraveBird|Careful||F|||50|]Sinistcha||KasibBerry|Hospitality|MatchaGotcha,LifeDew,RagePowder,Protect|Relaxed|||||50|]Ceruledge||ColburBerry|FlashFire|BitterBlade,ShadowSneak,BulkUp,Protect|Adamant||F|||50|]Milotic||Leftovers|Competitive|MuddyWater,Coil,Hypnosis,Protect|Calm||F|||50|]Incineroar||SitrusBerry|Intimidate|FlareBlitz,ThroatChop,FakeOut,PartingShot|Impish||F|||50|
|showteam|p2|Staraptor||Staraptite|Intimidate|BraveBird,CloseCombat,Uturn,Protect|Jolly||F|||50|]Garchomp||ChoiceScarf|SandVeil|DragonClaw,RockSlide,Earthquake,Bulldoze|Adamant||F|||50|]Orthworm||SitrusBerry|EarthEater|BodyPress,IronDefense,ShedTail,Protect|Careful||M|||50|]Talonflame||FocusSash|FlameBody|FlareBlitz,FeatherDance,Tailwind,Protect|Jolly||M|||50|]Rotom-Wash||Leftovers|Levitate|Thunderbolt,HydroPump,WillOWisp,Protect|Modest|||||50|]Ninetales-Alola||LightClay|SnowWarning|Blizzard,Moonblast,AuroraVeil,Protect|Timid||F|||50|
|inactive|Battle timer is ON: inactive players will automatically lose when time's up. (requested by platanoso)
|inactive|biffpipp has 60 seconds left.
|
|t:|1782334118
|teamsize|p1|4
|teamsize|p2|4
|start
|switch|p1a: Milotic|Milotic, L50, F|100/100
|switch|p1b: Incineroar|Incineroar, L50, F|100/100
|switch|p2a: Garchomp|Garchomp, L50, F|100/100
|switch|p2b: Ninetales|Ninetales-Alola, L50, F|100/100
|-weather|Snowscape|[from] ability: Snow Warning|[of] p2b: Ninetales
|-ability|p1b: Incineroar|Intimidate|boost
|-unboost|p2a: Garchomp|atk|1
|-unboost|p2b: Ninetales|atk|1
|turn|1
|inactive|platanoso has 30 seconds left.
|
|t:|1782334145
|move|p2b: Ninetales|Protect|p2b: Ninetales
|-singleturn|p2b: Ninetales|Protect
|move|p2a: Garchomp|Earthquake|p1b: Incineroar|[spread] p1a,p1b
|-activate|p2b: Ninetales|move: Protect
|-supereffective|p1b: Incineroar|1
|-damage|p1a: Milotic|76/100
|-damage|p1b: Incineroar|58/100
|move|p1a: Milotic|Coil|p1a: Milotic
|-boost|p1a: Milotic|atk|1
|-boost|p1a: Milotic|def|1
|-boost|p1a: Milotic|accuracy|1
|move|p1b: Incineroar|Parting Shot|p2a: Garchomp
|-unboost|p2a: Garchomp|atk|1
|-unboost|p2a: Garchomp|spa|1
|
|t:|1782334170
|switch|p1b: Ceruledge|Ceruledge, L50, F|100/100|[from] Parting Shot
|
|-weather|Snowscape|[upkeep]
|-heal|p1a: Milotic|82/100|[from] item: Leftovers
|upkeep
|turn|2
|
|t:|1782334187
|move|p2a: Garchomp|Earthquake|p1a: Milotic|[spread] p2b,p1a,p1b
|-supereffective|p1b: Ceruledge|1
|-damage|p2b: Ninetales|84/100
|-damage|p1a: Milotic|70/100
|-damage|p1b: Ceruledge|50/100g
|move|p2b: Ninetales|Aurora Veil|p2b: Ninetales
|-sidestart|p2: biffpipp|move: Aurora Veil
|move|p1b: Ceruledge|Bulk Up|p1b: Ceruledge
|-boost|p1b: Ceruledge|atk|1
|-boost|p1b: Ceruledge|def|1
|move|p1a: Milotic|Hypnosis|p2a: Garchomp
|-status|p2a: Garchomp|slp|[from] move: Hypnosis
|
|-weather|Snowscape|[upkeep]
|-heal|p1a: Milotic|76/100|[from] item: Leftovers
|upkeep
|turn|3
|
|t:|1782334201
|move|p2b: Ninetales|Protect|p2b: Ninetales
|-singleturn|p2b: Ninetales|Protect
|cant|p2a: Garchomp|slp
|move|p1b: Ceruledge|Bitter Blade|p2b: Ninetales
|-activate|p2b: Ninetales|move: Protect
|move|p1a: Milotic|Coil|p1a: Milotic
|-boost|p1a: Milotic|atk|1
|-boost|p1a: Milotic|def|1
|-boost|p1a: Milotic|accuracy|1
|
|-weather|Snowscape|[upkeep]
|-heal|p1a: Milotic|82/100|[from] item: Leftovers
|upkeep
|turn|4
|
|t:|1782334214
|switch|p2b: Staraptor|Staraptor, L50, F|100/100
|-ability|p2b: Staraptor|Intimidate|boost
|-unboost|p1a: Milotic|atk|1
|-ability|p1a: Milotic|Competitive|boost
|-boost|p1a: Milotic|spa|2
|-unboost|p1b: Ceruledge|atk|1
|move|p1b: Ceruledge|Protect|p1b: Ceruledge
|-singleturn|p1b: Ceruledge|Protect
|cant|p2a: Garchomp|slp
|move|p1a: Milotic|Muddy Water|p2b: Staraptor|[spread] p2a,p2b
|-damage|p2a: Garchomp|66/100 slp
|-damage|p2b: Staraptor|53/100
|
|-weather|Snowscape|[upkeep]
|-heal|p1a: Milotic|88/100|[from] item: Leftovers
|upkeep
|turn|5
|inactive|platanoso has 30 seconds left.
|inactive|biffpipp has 30 seconds left.
|inactive|platanoso has 20 seconds left.
|inactive|biffpipp has 20 seconds left.
|inactive|platanoso has 15 seconds left.
|inactive|platanoso has 10 seconds left.
|
|t:|1782334261
|switch|p1b: Incineroar|Incineroar, L50, F|58/100
|-ability|p1b: Incineroar|Intimidate|boost
|-unboost|p2a: Garchomp|atk|1
|-unboost|p2b: Staraptor|atk|1
|detailschange|p2b: Staraptor|Staraptor-Mega, L50, F
|-mega|p2b: Staraptor|Staraptor|Staraptite
|-curestatus|p2a: Garchomp|slp|[msg]
|move|p2a: Garchomp|Earthquake|p1b: Incineroar|[spread] p1a,p1b
|-immune|p2b: Staraptor
|-supereffective|p1b: Incineroar|1
|-damage|p1a: Milotic|81/100
|-damage|p1b: Incineroar|34/100
|-enditem|p1b: Incineroar|Sitrus Berry|[eat]
|-heal|p1b: Incineroar|59/100|[from] item: Sitrus Berry
|move|p2b: Staraptor|U-turn|p1a: Milotic
|-damage|p1a: Milotic|74/100
|
|t:|1782334273
|switch|p2b: Talonflame|Talonflame, L50, M|100/100|[from] U-turn
|move|p1a: Milotic|Hypnosis|p2b: Talonflame
|-status|p2b: Talonflame|slp|[from] move: Hypnosis
|
|-weather|none
|-heal|p1a: Milotic|80/100|[from] item: Leftovers
|upkeep
|turn|6
|
|t:|1782334284
|switch|p2a: Staraptor|Staraptor-Mega, L50, F|53/100
|move|p1b: Incineroar|Fake Out|p2a: Staraptor
|-damage|p2a: Staraptor|45/100
|cant|p2b: Talonflame|slp
|move|p1a: Milotic|Muddy Water|p2b: Talonflame|[spread] p2a,p2b
|-supereffective|p2b: Talonflame|1
|-damage|p2a: Staraptor|12/100
|-damage|p2b: Talonflame|5/100 slp
|-boost|p2a: Staraptor|accuracy|1
|-unboost|p2b: Talonflame|accuracy|1
|
|-heal|p1a: Milotic|86/100|[from] item: Leftovers
|upkeep
|turn|7
|
|t:|1782334305
|switch|p2b: Ninetales|Ninetales-Alola, L50, F|84/100
|-weather|Snowscape|[from] ability: Snow Warning|[of] p2b: Ninetales
|switch|p1b: Ceruledge|Ceruledge, L50, F|50/100g
|move|p2a: Staraptor|Brave Bird|p1b: Ceruledge
|-damage|p1b: Ceruledge|0 fnt
|faint|p1b: Ceruledge
|-damage|p2a: Staraptor|0 fnt|[from] Recoil
|faint|p2a: Staraptor
|move|p1a: Milotic|Muddy Water|p2b: Ninetales
|-damage|p2b: Ninetales|43/100
|
|-weather|Snowscape|[upkeep]
|-heal|p1a: Milotic|92/100|[from] item: Leftovers
|upkeep
|-message|biffpipp forfeited.
|
|win|platanoso
||biffpipp is ready for game 2.
||platanoso is ready for game 2.
|uhtml|next|Next: Game 2 of 3
