|j|☆Talos2BA.G.
|j|☆viatles
|html|Talos2BA.G.viatles    
|uhtml|bestof|Game 1 of a best-of-3
|t:|1756238930
|gametype|doubles
|player|p1|Talos2BA.G.|lucian|1014
|player|p2|viatles|hiker|1057
|gen|9
|tier|[Gen 9] VGC 2025 Reg H (Bo3)
|rated|
|rule|Species Clause: Limit one of each Pokémon
|rule|Item Clause: Limit 1 of each item
|clearpoke
|poke|p1|Politoed, L50, M|
|poke|p1|Kingdra, L50, M|
|poke|p1|Gothitelle, L50, F|
|poke|p1|Incineroar, L50, M|
|poke|p1|Amoonguss, L50, F|
|poke|p1|Archaludon, L50, M|
|poke|p2|Oricorio-Sensu, L50, M|
|poke|p2|Volcarona, L50, F|
|poke|p2|Sylveon, L50, F|
|poke|p2|Murkrow, L50, M|
|poke|p2|Dragapult, L50, M|
|poke|p2|Baxcalibur, L50, M|
|teampreview|4
|showteam|p1|Politoed||Leftovers|Drizzle|WeatherBall,PerishSong,Protect,Encore|||M|||50|,,,,,Grass]Kingdra||LifeOrb|SwiftSwim|WeatherBall,MuddyWater,DracoMeteor,Protect|||M|||50|,,,,,Stellar]Gothitelle||SitrusBerry|ShadowTag|FakeOut,Psychic,Protect,TrickRoom|||F|||50|,,,,,Dark]Incineroar||SafetyGoggles|Intimidate|FakeOut,KnockOff,PartingShot,Protect|||M|||50|,,,,,Ghost]Amoonguss||EjectButton|Regenerator|PollenPuff,Spore,RagePowder,Protect|||F|||50|,,,,,Fairy]Archaludon||PowerHerb|Sturdy|ElectroShot,DragonPulse,FlashCannon,Protect|||M|||50|,,,,,Electric
|showteam|p2|Oricorio-Sensu||FocusSash|Dancer|QuiverDance,BatonPass,RevelationDance,Protect|||M|||50|,,,,,Fighting]Volcarona||SitrusBerry|FlameBody|QuiverDance,GigaDrain,FieryDance,Protect|||F|||50|,,,,,Grass]Sylveon||ChoiceScarf|Pixilate|HyperVoice,TeraBlast,StoredPower,SleepTalk|||F|||50|,,,,,Ground]Murkrow||Eviolite|Prankster|Tailwind,FoulPlay,Haze,FeatherDance|||M|||50|,,,,,Dark]Dragapult||CovertCloak|ClearBody|DragonCheer,DragonDarts,Protect,PhantomForce|||M|||50|,,,,,Stellar]Baxcalibur||LoadedDice|ThermalExchange|IcicleSpear,ScaleShot,GlaiveRush,Protect|||M|||50|,,,,,Grass
|inactive|Battle timer is ON: inactive players will automatically lose when time's up. (requested by Talos2BA.G.)
|c|☆viatles|gl hf
|
|t:|1756238958
|teamsize|p1|4
|teamsize|p2|4
|start
|switch|p1a: Kermit|Politoed, L50, M|100/100
|switch|p1b: Running wake|Kingdra, L50, M, shiny|100/100
|switch|p2a: Oricorio|Oricorio-Sensu, L50, M|100/100
|switch|p2b: Volcarona|Volcarona, L50, F|100/100
|-weather|RainDance|[from] ability: Drizzle|[of] p1a: Kermit
|turn|1
|inactive|Talos2BA.G. has 30 seconds left.
|
|t:|1756238990
|-terastallize|p2b: Volcarona|Grass
|move|p1b: Running wake|Muddy Water|p2b: Volcarona|[spread] p2a
|-miss|p1b: Running wake|p2b: Volcarona
|-damage|p2a: Oricorio|10/100
|-damage|p1b: Running wake|90/100|[from] item: Life Orb
|move|p2a: Oricorio|Quiver Dance|p2a: Oricorio
|-boost|p2a: Oricorio|spa|1
|-boost|p2a: Oricorio|spd|1
|-boost|p2a: Oricorio|spe|1
|move|p2b: Volcarona|Quiver Dance|p2b: Volcarona
|-boost|p2b: Volcarona|spa|1
|-boost|p2b: Volcarona|spd|1
|-boost|p2b: Volcarona|spe|1
|-activate|p2a: Oricorio|ability: Dancer
|move|p2a: Oricorio|Quiver Dance|p2a: Oricorio|[from] ability: Dancer
|-boost|p2a: Oricorio|spa|1
|-boost|p2a: Oricorio|spd|1
|-boost|p2a: Oricorio|spe|1
|move|p1a: Kermit|Encore|p2b: Volcarona
|-start|p2b: Volcarona|Encore
|
|-weather|RainDance|[upkeep]
|upkeep
|turn|2
|
|t:|1756239014
|move|p2a: Oricorio|Protect|p2a: Oricorio
|-singleturn|p2a: Oricorio|Protect
|move|p1b: Running wake|Muddy Water|p2a: Oricorio|[spread] p2b
|-activate|p2a: Oricorio|move: Protect
|-resisted|p2b: Volcarona
|-damage|p2b: Volcarona|83/100
|-damage|p1b: Running wake|80/100|[from] item: Life Orb
|move|p2b: Volcarona|Quiver Dance|p2b: Volcarona
|-boost|p2b: Volcarona|spa|1
|-boost|p2b: Volcarona|spd|1
|-boost|p2b: Volcarona|spe|1
|-activate|p2a: Oricorio|ability: Dancer
|move|p2a: Oricorio|Quiver Dance|p2a: Oricorio|[from] ability: Dancer
|-boost|p2a: Oricorio|spa|1
|-boost|p2a: Oricorio|spd|1
|-boost|p2a: Oricorio|spe|1
|move|p1a: Kermit|Weather Ball|p2a: Oricorio
|-activate|p2a: Oricorio|move: Protect
|
|-weather|RainDance|[upkeep]
|upkeep
|turn|3
|inactive|viatles has 30 seconds left.
|
|t:|1756239040
|move|p2a: Oricorio|Revelation Dance|p1b: Running wake
|-damage|p1b: Running wake|0 fnt
|faint|p1b: Running wake
|move|p2b: Volcarona|Quiver Dance|p2b: Volcarona
|-boost|p2b: Volcarona|spa|1
|-boost|p2b: Volcarona|spd|1
|-boost|p2b: Volcarona|spe|1
|-activate|p2a: Oricorio|ability: Dancer
|move|p2a: Oricorio|Quiver Dance|p2a: Oricorio|[from] ability: Dancer
|-boost|p2a: Oricorio|spa|1
|-boost|p2a: Oricorio|spd|1
|-boost|p2a: Oricorio|spe|1
|move|p1a: Kermit|Weather Ball|p2a: Oricorio
|-damage|p2a: Oricorio|0 fnt
|faint|p2a: Oricorio
|
|-weather|RainDance|[upkeep]
|upkeep
|
|t:|1756239059
|switch|p2a: Dragapult|Dragapult, L50, M|100/100
|switch|p1b: Wednesday|Gothitelle, L50, F|100/100
|turn|4
|
|t:|1756239068
|move|p1b: Wednesday|Fake Out|p2b: Volcarona
|-damage|p2b: Volcarona|76/100
|cant|p2b: Volcarona|flinch
|move|p2a: Dragapult|Phantom Force||[still]
|-prepare|p2a: Dragapult|Phantom Force
|move|p1a: Kermit|Perish Song|p1a: Kermit
|-start|p1a: Kermit|perish3|[silent]
|-start|p1b: Wednesday|perish3|[silent]
|-miss|p1a: Kermit|p2a: Dragapult
|-start|p2b: Volcarona|perish3|[silent]
|-fieldactivate|move: Perish Song
|
|-weather|RainDance|[upkeep]
|-end|p2b: Volcarona|Encore
|-start|p2b: Volcarona|perish3
|-start|p1a: Kermit|perish3
|-start|p1b: Wednesday|perish3
|upkeep
|turn|5
|inactive|Talos2BA.G. has 30 seconds left.
|
|t:|1756239095
|-terastallize|p1b: Wednesday|Dark
|move|p2b: Volcarona|Giga Drain|p1a: Kermit
|-supereffective|p1a: Kermit
|-damage|p1a: Kermit|0 fnt
|-heal|p2b: Volcarona|100/100|[from] drain|[of] p1a: Kermit
|faint|p1a: Kermit
|move|p2a: Dragapult|Phantom Force|p1b: Wednesday|[from] lockedmove
|-resisted|p1b: Wednesday
|-damage|p1b: Wednesday|80/100
|move|p1b: Wednesday|Trick Room|p1b: Wednesday
|-fieldstart|move: Trick Room|[of] p1b: Wednesday
|
|-weather|none
|-start|p1b: Wednesday|perish2
|-start|p2b: Volcarona|perish2
|upkeep
|
|t:|1756239100
|switch|p1a: Golden arrow|Archaludon, L50, M, shiny|100/100
|turn|6
|
|t:|1756239122
|move|p1b: Wednesday|Psychic|p2b: Volcarona
|-damage|p2b: Volcarona|90/100
|move|p1a: Golden arrow|Electro Shot||[still]
|-prepare|p1a: Golden arrow|Electro Shot
|-boost|p1a: Golden arrow|spa|1
|-enditem|p1a: Golden arrow|Power Herb
|-anim|p1a: Golden arrow|Electro Shot|p2a: Dragapult
|-resisted|p2a: Dragapult
|-damage|p2a: Dragapult|54/100
|move|p2a: Dragapult|Dragon Darts|p1a: Golden arrow
|-damage|p1a: Golden arrow|79/100
|-anim|p2a: Dragapult|Dragon Darts|p1b: Wednesday
|-damage|p1b: Wednesday|55/100
|move|p2b: Volcarona|Fiery Dance|p1b: Wednesday
|-damage|p1b: Wednesday|0 fnt
|faint|p1b: Wednesday
|
|-start|p2b: Volcarona|perish1
|upkeep
|turn|7
|inactive|viatles has 30 seconds left.
|
|t:|1756239150
|switch|p2b: Sylveon|Sylveon, L50, F|100/100
|move|p2a: Dragapult|Protect|p2a: Dragapult
|-singleturn|p2a: Dragapult|Protect
|move|p1a: Golden arrow|Dragon Pulse|p2a: Dragapult
|-activate|p2a: Dragapult|move: Protect
|
|upkeep
|turn|8
|inactive|viatles has 30 seconds left.
|
|t:|1756239177
|move|p1a: Golden arrow|Flash Cannon|p2b: Sylveon
|-supereffective|p2b: Sylveon
|-damage|p2b: Sylveon|0 fnt
|faint|p2b: Sylveon
|move|p2a: Dragapult|Phantom Force||[still]
|-prepare|p2a: Dragapult|Phantom Force
|
|upkeep
|
|t:|1756239183
|switch|p2b: Volcarona|Volcarona, L50, F, tera:Grass|90/100
|turn|9
|
|t:|1756239191
|move|p2b: Volcarona|Quiver Dance|p2b: Volcarona
|-boost|p2b: Volcarona|spa|1
|-boost|p2b: Volcarona|spd|1
|-boost|p2b: Volcarona|spe|1
|move|p1a: Golden arrow|Dragon Pulse|p2b: Volcarona
|-damage|p2b: Volcarona|47/100
|-enditem|p2b: Volcarona|Sitrus Berry|[eat]
|-heal|p2b: Volcarona|71/100|[from] item: Sitrus Berry
|move|p2a: Dragapult|Phantom Force|p1a: Golden arrow|[from] lockedmove
|-damage|p1a: Golden arrow|40/100
|
|-fieldend|move: Trick Room
|upkeep
|turn|10
|
|t:|1756239205
|move|p2a: Dragapult|Dragon Darts|p1a: Golden arrow
|-damage|p1a: Golden arrow|18/100
|-anim|p2a: Dragapult|Dragon Darts|p1a: Golden arrow
|-damage|p1a: Golden arrow|0 fnt
|faint|p1a: Golden arrow
|
|win|viatles
||Talos2BA.G. is ready for game 2.
||viatles is ready for game 2.
|uhtml|next|Next: Game 2 of 3
