|j|☆viatles
|j|☆craqui butaneroc
|html|viatlescraqui butaneroc    
|uhtml|bestof|Game 2 of a best-of-3
|t:|1785276078
|gametype|doubles
|player|p1|viatles|hiker|1083
|player|p2|craqui butaneroc|102|1184
|gen|9
|tier|[Gen 9 Champions] VGC 2026 Reg M-B (Bo3)
|rated|
|rule|Species Clause: Limit one of each Pokémon
|rule|Item Clause: Limit 1 of each item
|clearpoke
|poke|p1|Eelektross, L50, F|
|poke|p1|Raichu, L50, M|
|poke|p1|Tyranitar, L50, F|
|poke|p1|Gliscor, L50, M|
|poke|p1|Garchomp, L50, M|
|poke|p1|Sinistcha, L50|
|poke|p2|Talonflame, L50, F|
|poke|p2|Floette-Eternal, L50, F|
|poke|p2|Farigiraf, L50, M|
|poke|p2|Incineroar, L50, M|
|poke|p2|Basculegion, L50, M|
|poke|p2|Drampa, L50, M|
|teampreview|4
|showteam|p1|Eelektross||Eelektrossite|Levitate|Discharge,Flamethrower,GigaDrain,Protect|Modest||F|||50|]Raichu||FocusSash|LightningRod|FakeOut,Thunderbolt,Endeavor,Protect|Hasty||M|||50|]Tyranitar||Tyranitarite|SandStream|KnockOff,RockSlide,LowKick,Protect|Adamant||F|||50|]Gliscor||BrightPowder|SandVeil|RockSlide,DualWingbeat,Tailwind,Earthquake|Adamant||M|||50|]Garchomp||ChoiceScarf|RoughSkin|DragonClaw,StompingTantrum,RockSlide,Earthquake|Adamant||M|||50|]Sinistcha||SitrusBerry|Hospitality|MatchaGotcha,RagePowder,Imprison,TrickRoom|Bold|||||50|
|showteam|p2|Talonflame||FocusSash|GaleWings|Tailwind,WillOWisp,DualWingbeat,Feint|Jolly||F|||50|]Floette-Eternal||Floettite|FlowerVeil|Protect,DazzlingGleam,Moonblast,LightofRuin|Modest||F|||50|]Farigiraf||SitrusBerry|ArmorTail|TwinBeam,Roar,TrickRoom,Thunderbolt|Bold||M|||50|]Incineroar||ShucaBerry|Intimidate|FakeOut,FlareBlitz,ThroatChop,PartingShot|Careful||M|||50|]Basculegion||LifeOrb|Adaptability|WaveCrash,LastRespects,AquaJet,Protect|Adamant||M|||50|]Drampa||Drampanite|CloudNine|EarthPower,CalmMind,DragonPulse,Protect|Quiet||M|||50|
|inactive|Battle timer is ON: inactive players will automatically lose when time's up. (requested by viatles)
|
|t:|1785276099
|teamsize|p1|4
|teamsize|p2|4
|start
|switch|p1a: Raichu|Raichu, L50, M|100/100
|switch|p1b: Eelektross|Eelektross, L50, F|100/100
|switch|p2a: Busquets|Incineroar, L50, M|100/100
|switch|p2b: Mary Poppins|Floette-Eternal, L50, F|100/100
|-ability|p2a: Busquets|Intimidate|boost
|-unboost|p1a: Raichu|atk|1
|-unboost|p1b: Eelektross|atk|1
|turn|1
|inactive|craqui butaneroc has 30 seconds left.
|
|t:|1785276127
|detailschange|p1b: Eelektross|Eelektross-Mega, L50, F
|-mega|p1b: Eelektross|Eelektross|Eelektrossite
|move|p2b: Mary Poppins|Protect|p2b: Mary Poppins
|-singleturn|p2b: Mary Poppins|Protect
|move|p2a: Busquets|Fake Out|p1b: Eelektross
|-damage|p1b: Eelektross|88/100
|move|p1a: Raichu|Thunderbolt|p2b: Mary Poppins
|-activate|p2b: Mary Poppins|move: Protect
|cant|p1b: Eelektross|flinch
|
|upkeep
|turn|2
|
|t:|1785276139
|detailschange|p2b: Mary Poppins|Floette-Mega, L50, F
|-mega|p2b: Mary Poppins|Floette|Floettite
|-ability|p2b: Mary Poppins|Fairy Aura
|move|p1a: Raichu|Thunderbolt|p2b: Mary Poppins
|-damage|p2b: Mary Poppins|71/100
|move|p2b: Mary Poppins|Dazzling Gleam|p1a: Raichu|[spread] p1a,p1b
|-damage|p1a: Raichu|21/100
|-damage|p1b: Eelektross|33/100
|move|p1b: Eelektross|Discharge|p2b: Mary Poppins|[spread] p2a,p2b
|-ability|p1a: Raichu|Lightning Rod|boost
|-boost|p1a: Raichu|spa|1
|-damage|p2a: Busquets|73/100
|-damage|p2b: Mary Poppins|46/100
|-status|p2a: Busquets|par
|move|p2a: Busquets|Throat Chop|p1a: Raichu
|-damage|p1a: Raichu|0 fnt
|faint|p1a: Raichu
|
|upkeep
|
|t:|1785276157
|switch|p1a: Tyranitar|Tyranitar, L50, F|100/100
|-weather|Sandstorm|[from] ability: Sand Stream|[of] p1a: Tyranitar
|turn|3
|
|t:|1785276181
|switch|p1b: Garchomp|Garchomp, L50, M|100/100
|move|p2b: Mary Poppins|Protect|p2b: Mary Poppins
|-singleturn|p2b: Mary Poppins|Protect
|move|p1a: Tyranitar|Rock Slide|p2a: Busquets|[spread] p2a
|-activate|p2b: Mary Poppins|move: Protect
|-supereffective|p2a: Busquets|1
|-damage|p2a: Busquets|22/100 par
|cant|p2a: Busquets|flinch
|
|-weather|Sandstorm|[upkeep]
|-damage|p2b: Mary Poppins|40/100|[from] Sandstorm
|-damage|p2a: Busquets|16/100 par|[from] Sandstorm
|upkeep
|turn|4
|
|t:|1785276206
|switch|p2b: Mighty Eagle|Talonflame, L50, F|100/100
|move|p1b: Garchomp|Rock Slide|p2b: Mighty Eagle|[spread] p2a,p2b
|-supereffective|p2a: Busquets|1
|-supereffective|p2b: Mighty Eagle|2
|-damage|p2a: Busquets|0 fnt
|-enditem|p2b: Mighty Eagle|Focus Sash
|-damage|p2b: Mighty Eagle|1/100
|faint|p2a: Busquets
|move|p1a: Tyranitar|Rock Slide|p2b: Mighty Eagle
|-supereffective|p2b: Mighty Eagle|2
|-damage|p2b: Mighty Eagle|0 fnt
|faint|p2b: Mighty Eagle
|
|-weather|Sandstorm|[upkeep]
|upkeep
|
|t:|1785276212
|switch|p2b: yeer03|Basculegion, L50, M|100/100
|switch|p2a: Mary Poppins|Floette-Mega, L50, F|40/100
|-ability|p2a: Mary Poppins|Fairy Aura
|turn|5
|
|t:|1785276235
|move|p1b: Garchomp|Rock Slide|p2b: yeer03|[spread] p2a,p2b
|-damage|p2a: Mary Poppins|17/100
|-damage|p2b: yeer03|76/100
|move|p2a: Mary Poppins|Dazzling Gleam|p1b: Garchomp|[spread] p1a,p1b
|-supereffective|p1a: Tyranitar|1
|-supereffective|p1b: Garchomp|1
|-damage|p1a: Tyranitar|39/100
|-damage|p1b: Garchomp|0 fnt
|faint|p1b: Garchomp
|cant|p2b: yeer03|flinch
|move|p1a: Tyranitar|Knock Off|p2b: yeer03
|-supereffective|p2b: yeer03|1
|-damage|p2b: yeer03|0 fnt
|-enditem|p2b: yeer03|Life Orb|[from] move: Knock Off|[of] p1a: Tyranitar
|faint|p2b: yeer03
|
|-weather|Sandstorm|[upkeep]
|-damage|p2a: Mary Poppins|11/100|[from] Sandstorm
|upkeep
|
|t:|1785276250
|switch|p1b: Eelektross|Eelektross-Mega, L50, F|33/100
|turn|6
|
|t:|1785276257
|move|p1a: Tyranitar|Protect|p1a: Tyranitar
|-singleturn|p1a: Tyranitar|Protect
|move|p2a: Mary Poppins|Dazzling Gleam|p1b: Eelektross|[spread] p1b
|-activate|p1a: Tyranitar|move: Protect
|-damage|p1b: Eelektross|0 fnt
|faint|p1b: Eelektross
|
|-weather|Sandstorm|[upkeep]
|-damage|p2a: Mary Poppins|5/100|[from] Sandstorm
|upkeep
|turn|7
|
|t:|1785276266
|move|p1a: Tyranitar|Protect||[still]
|-fail|p1a: Tyranitar
|move|p2a: Mary Poppins|Moonblast|p1a: Tyranitar
|-supereffective|p1a: Tyranitar|1
|-damage|p1a: Tyranitar|0 fnt
|faint|p1a: Tyranitar
|
|win|craqui butaneroc
|raw|viatles's rating: 1083 → 1067(-16 for losing)
|raw|craqui butaneroc's rating: 1184 → 1202(+18 for winning)
|c|☆craqui butaneroc|gg
|c|☆viatles|ggs wp
