|j|☆Escanor_CS
|j|☆Hackervgc
|html|Escanor_CSHackervgc    
|uhtml|bestof|Game 2 of a best-of-3
|t:|1782584269
|gametype|doubles
|player|p1|Escanor_CS|sailor|1156
|player|p2|Hackervgc|gentleman-gen4|1230
|gen|9
|tier|[Gen 9 Champions] VGC 2026 Reg M-B (Bo3)
|rated|
|rule|Species Clause: Limit one of each Pokémon
|rule|Item Clause: Limit 1 of each item
|clearpoke
|poke|p1|Garchomp, L50, M|
|poke|p1|Gengar, L50, M|
|poke|p1|Ninetales-Alola, L50, M|
|poke|p1|Metagross, L50|
|poke|p1|Incineroar, L50, M|
|poke|p1|Rotom-Wash, L50|
|poke|p2|Charizard, L50, M|
|poke|p2|Mawile, L50, F|
|poke|p2|Basculegion, L50, M|
|poke|p2|Garchomp, L50, M|
|poke|p2|Whimsicott, L50, F|
|poke|p2|Farigiraf, L50, F|
|teampreview|4
|showteam|p1|Garchomp||LifeOrb|RoughSkin|StompingTantrum,RockSlide,DragonClaw,Protect|Jolly||M|||50|]Gengar||Gengarite|CursedBody|ShadowBall,Disable,Substitute,Protect|Timid||M|||50|]Ninetales-Alola||FocusSash|SnowWarning|Blizzard,FreezeDry,Encore,Protect|Timid||M|||50|]Metagross||Metagrossite|ClearBody|BulletPunch,MeteorMash,BodyPress,Protect|Adamant|||||50|]Incineroar||ChopleBerry|Intimidate|FakeOut,PartingShot,FlareBlitz,ThroatChop|Careful||M|||50|]Rotom-Wash||SitrusBerry|Levitate|Thunderbolt,WillOWisp,HydroPump,Protect|Bold|||||50|
|showteam|p2|Charizard||CharizarditeY|Blaze|WeatherBall,HeatWave,SolarBeam,Protect|Timid||M|||50|]Mawile||Mawilite|HyperCutter|PlayRough,SuckerPunch,BrickBreak,Protect|Adamant||F|||50|]Basculegion||ChoiceScarf|Adaptability|WaveCrash,LastRespects,AquaJet,FlipTurn|Adamant||M|||50|]Garchomp||LifeOrb|RoughSkin|Earthquake,DragonClaw,RockSlide,Protect|Jolly||M|||50|]Whimsicott||FocusSash|Prankster|Moonblast,Encore,Tailwind,Protect|Timid||F|||50|]Farigiraf||SitrusBerry|ArmorTail|TwinBeam,Thunderbolt,TrickRoom,HelpingHand|Bold||F|||50|
|inactive|Battle timer is ON: inactive players will automatically lose when time's up. (requested by Escanor_CS)
|
|t:|1782584295
|teamsize|p1|4
|teamsize|p2|4
|start
|switch|p1a: Incineroar|Incineroar, L50, M|100/100
|switch|p1b: Rotom|Rotom-Wash, L50|100/100
|switch|p2a: Whimsicott|Whimsicott, L50, F|100/100
|switch|p2b: Garchomp|Garchomp, L50, M|100/100
|-ability|p1a: Incineroar|Intimidate|boost
|-unboost|p2a: Whimsicott|atk|1
|-unboost|p2b: Garchomp|atk|1
|turn|1
|
|t:|1782584316
|switch|p2b: Charizard|Charizard, L50, M|100/100
|move|p2a: Whimsicott|Protect|p2a: Whimsicott
|-singleturn|p2a: Whimsicott|Protect
|move|p1b: Rotom|Will-O-Wisp|p2b: Charizard
|-immune|p2b: Charizard
|move|p1a: Incineroar|Parting Shot|p2a: Whimsicott
|-activate|p2a: Whimsicott|move: Protect
|
|upkeep
|turn|2
|
|t:|1782584336
|switch|p1b: Metagross|Metagross, L50|100/100
|detailschange|p2b: Charizard|Charizard-Mega-Y, L50, M
|-mega|p2b: Charizard|Charizard|Charizardite Y
|-weather|SunnyDay|[from] ability: Drought|[of] p2b: Charizard
|move|p2a: Whimsicott|Tailwind|p2a: Whimsicott
|-sidestart|p2: Hackervgc|move: Tailwind
|move|p2b: Charizard|Weather Ball|p1a: Incineroar
|-resisted|p1a: Incineroar|1
|-damage|p1a: Incineroar|62/100
|move|p1a: Incineroar|Parting Shot|p2b: Charizard
|-unboost|p2b: Charizard|atk|1
|-unboost|p2b: Charizard|spa|1
|
|t:|1782584350
|switch|p1a: Rotom|Rotom-Wash, L50|100/100|[from] Parting Shot
|
|-weather|SunnyDay|[upkeep]
|upkeep
|turn|3
|
|t:|1782584367
|switch|p1b: Ninetales|Ninetales-Alola, L50, M|100/100
|-weather|Snowscape|[from] ability: Snow Warning|[of] p1b: Ninetales
|move|p2a: Whimsicott|Moonblast|p1a: Rotom
|-damage|p1a: Rotom|64/100
|move|p2b: Charizard|Weather Ball|p1b: Ninetales
|-resisted|p1b: Ninetales|1
|-damage|p1b: Ninetales|84/100
|move|p1a: Rotom|Thunderbolt|p2b: Charizard
|-supereffective|p2b: Charizard|1
|-damage|p2b: Charizard|34/100
|
|-weather|Snowscape|[upkeep]
|upkeep
|turn|4
|inactive|Hackervgc has 30 seconds left.
|
|t:|1782584395
|switch|p2b: Garchomp|Garchomp, L50, M|100/100
|move|p1b: Ninetales|Protect|p1b: Ninetales
|-singleturn|p1b: Ninetales|Protect
|move|p2a: Whimsicott|Encore|p1a: Rotom
|-start|p1a: Rotom|Encore
|move|p1a: Rotom|Thunderbolt|p2b: Garchomp
|-immune|p2b: Garchomp
|
|-weather|Snowscape|[upkeep]
|upkeep
|turn|5
|
|t:|1782584411
|switch|p1b: Incineroar|Incineroar, L50, M|62/100
|-ability|p1b: Incineroar|Intimidate|boost
|-unboost|p2a: Whimsicott|atk|1
|-unboost|p2b: Garchomp|atk|1
|move|p2a: Whimsicott|Encore|p1b: Incineroar
|-hint|Since gen 7, Dark is immune to Prankster moves.
|-immune|p1b: Incineroar
|move|p2b: Garchomp|Rock Slide|p1a: Rotom|[spread] 
|-miss|p2b: Garchomp|p1a: Rotom
|-miss|p2b: Garchomp|p1b: Incineroar
|move|p1a: Rotom|Thunderbolt|p2a: Whimsicott
|-resisted|p2a: Whimsicott|1
|-damage|p2a: Whimsicott|73/100
|
|-weather|Snowscape|[upkeep]
|-sideend|p2: Hackervgc|move: Tailwind
|upkeep
|turn|6
|
|t:|1782584430
|move|p1b: Incineroar|Fake Out|p2a: Whimsicott
|-damage|p2a: Whimsicott|59/100
|cant|p2a: Whimsicott|flinch
|move|p2b: Garchomp|Rock Slide|p1b: Incineroar|[spread] p1a
|-miss|p2b: Garchomp|p1b: Incineroar
|-damage|p1a: Rotom|50/100y
|-enditem|p1a: Rotom|Sitrus Berry|[eat]
|-heal|p1a: Rotom|75/100|[from] item: Sitrus Berry
|-damage|p2b: Garchomp|90/100|[from] item: Life Orb
|move|p1a: Rotom|Thunderbolt|p2a: Whimsicott
|-resisted|p2a: Whimsicott|1
|-damage|p2a: Whimsicott|32/100
|
|-weather|Snowscape|[upkeep]
|-end|p1a: Rotom|Encore
|upkeep
|turn|7
|
|t:|1782584447
|move|p2a: Whimsicott|Tailwind|p2a: Whimsicott
|-sidestart|p2: Hackervgc|move: Tailwind
|move|p2b: Garchomp|Earthquake|p1a: Rotom|[spread] p2a,p1b
|-immune|p1a: Rotom|[from] ability: Levitate
|-resisted|p2a: Whimsicott|1
|-supereffective|p1b: Incineroar|1
|-damage|p2a: Whimsicott|7/100
|-damage|p1b: Incineroar|6/100
|-damage|p2b: Garchomp|80/100|[from] item: Life Orb
|move|p1a: Rotom|Thunderbolt|p2a: Whimsicott
|-resisted|p2a: Whimsicott|1
|-damage|p2a: Whimsicott|0 fnt
|faint|p2a: Whimsicott
|move|p1b: Incineroar|Parting Shot|p2b: Garchomp
|-unboost|p2b: Garchomp|atk|1
|-unboost|p2b: Garchomp|spa|1
|
|t:|1782584461
|switch|p1b: Metagross|Metagross, L50|100/100|[from] Parting Shot
|
|-weather|none
|upkeep
|
|t:|1782584467
|switch|p2a: Charizard|Charizard-Mega-Y, L50, M|34/100
|-weather|SunnyDay|[from] ability: Drought|[of] p2a: Charizard
|turn|8
|
|t:|1782584475
|move|p1b: Metagross|Protect|p1b: Metagross
|-singleturn|p1b: Metagross|Protect
|move|p2b: Garchomp|Rock Slide|p1a: Rotom|[spread] p1a
|-activate|p1b: Metagross|move: Protect
|-damage|p1a: Rotom|63/100
|-damage|p2b: Garchomp|70/100|[from] item: Life Orb
|move|p2a: Charizard|Heat Wave|p1b: Metagross|[spread] p1a
|-activate|p1b: Metagross|move: Protect
|-resisted|p1a: Rotom|1
|-damage|p1a: Rotom|30/100
|cant|p1a: Rotom|flinch
|
|-weather|SunnyDay|[upkeep]
|upkeep
|turn|9
|
|t:|1782584495
|switch|p1b: Incineroar|Incineroar, L50, M|6/100
|-ability|p1b: Incineroar|Intimidate|boost
|-unboost|p2a: Charizard|atk|1
|-unboost|p2b: Garchomp|atk|1
|move|p1a: Rotom|Protect|p1a: Rotom
|-singleturn|p1a: Rotom|Protect
|move|p2b: Garchomp|Earthquake|p1a: Rotom|[spread] p1b
|-activate|p1a: Rotom|move: Protect
|-immune|p2a: Charizard
|-supereffective|p1b: Incineroar|1
|-damage|p1b: Incineroar|0 fnt
|faint|p1b: Incineroar
|-damage|p2b: Garchomp|61/100|[from] item: Life Orb
|move|p2a: Charizard|Heat Wave|p1a: Rotom
|-activate|p1a: Rotom|move: Protect
|
|-weather|SunnyDay|[upkeep]
|upkeep
|
|t:|1782584515
|switch|p1b: Metagross|Metagross, L50|100/100
|turn|10
|
|t:|1782584530
|switch|p2b: Basculegion|Basculegion, L50, M|100/100
|move|p1b: Metagross|Protect|p1b: Metagross
|-singleturn|p1b: Metagross|Protect
|move|p2a: Charizard|Solar Beam||[still]
|-prepare|p2a: Charizard|Solar Beam
|-anim|p2a: Charizard|Solar Beam|p1a: Rotom
|-supereffective|p1a: Rotom|1
|-damage|p1a: Rotom|0 fnt
|faint|p1a: Rotom
|
|-weather|SunnyDay|[upkeep]
|-sideend|p2: Hackervgc|move: Tailwind
|upkeep
|
|t:|1782584541
|switch|p1a: Ninetales|Ninetales-Alola, L50, M|84/100
|-weather|Snowscape|[from] ability: Snow Warning|[of] p1a: Ninetales
|turn|11
|inactive|Hackervgc has 30 seconds left.
|
|t:|1782584574
|switch|p2a: Garchomp|Garchomp, L50, M|61/100
|detailschange|p1b: Metagross|Metagross-Mega, L50
|-mega|p1b: Metagross|Metagross|Metagrossite
|move|p2b: Basculegion|Last Respects|p1b: Metagross
|-supereffective|p1b: Metagross|1
|-damage|p1b: Metagross|4/100
|move|p1a: Ninetales|Blizzard|p2a: Garchomp|[spread] p2a,p2b
|-supereffective|p2a: Garchomp|2
|-resisted|p2b: Basculegion|1
|-damage|p2a: Garchomp|0 fnt
|-damage|p2b: Basculegion|81/100
|faint|p2a: Garchomp
|move|p1b: Metagross|Meteor Mash|p2b: Basculegion|[miss]
|-miss|p1b: Metagross|p2b: Basculegion
|
|-weather|Snowscape|[upkeep]
|upkeep
|
|t:|1782584582
|switch|p2a: Charizard|Charizard-Mega-Y, L50, M|34/100
|-weather|SunnyDay|[from] ability: Drought|[of] p2a: Charizard
|turn|12
|
|t:|1782584597
|move|p1b: Metagross|Bullet Punch|p2b: Basculegion
|-resisted|p2b: Basculegion|1
|-damage|p2b: Basculegion|65/100
|move|p2b: Basculegion|Last Respects|p1a: Ninetales
|-damage|p1a: Ninetales|0 fnt
|faint|p1a: Ninetales
|move|p2a: Charizard|Weather Ball|p1b: Metagross
|-supereffective|p1b: Metagross|1
|-damage|p1b: Metagross|0 fnt
|faint|p1b: Metagross
|
|win|Hackervgc
|raw|Escanor_CS's rating: 1156 → 1136(-20 for losing)
|raw|Hackervgc's rating: 1230 → 1250(+20 for winning)
|l|☆Escanor_CS
|player|p1|
