|j|☆guby67
|j|☆ari_uh_123
|html|guby67ari_uh_123    
|uhtml|bestof|Game 3 of a best-of-3
|t:|1757212849
|gametype|doubles
|player|p1|guby67|169|1000
|player|p2|ari_uh_123|n|1000
|gen|9
|tier|[Gen 9] VGC 2025 Reg H (Bo3)
|rated|
|rule|Species Clause: Limit one of each Pokémon
|rule|Item Clause: Limit 1 of each item
|clearpoke
|poke|p1|Incineroar, L50, M|
|poke|p1|Archaludon, L50, M|
|poke|p1|Farigiraf, L50, M|
|poke|p1|Ursaluna-Bloodmoon, L50, M|
|poke|p1|Sneasler, L50, M|
|poke|p1|Gholdengo, L50|
|poke|p2|Sneasler, L50, M|
|poke|p2|Primarina, L50, M|
|poke|p2|Kingambit, L50, F|
|poke|p2|Rillaboom, L50, F|
|poke|p2|Electabuzz, L50, F|
|poke|p2|Dragapult, L50, M|
|teampreview|4
|showteam|p1|Incineroar||CovertCloak|Intimidate|HelpingHand,KnockOff,FlareBlitz,FakeOut|||M|||50|,,,,,Water]Archaludon||RockyHelmet|Stamina|Protect,DragonPulse,ElectroShot,BodyPress|||M|||50|,,,,,Fighting]Farigiraf||RedCard|ArmorTail|DazzlingGleam,Protect,TrickRoom,PsychicNoise|||M|||50|,,,,,Fairy]Ursaluna-Bloodmoon||AssaultVest|MindsEye|Moonblast,Snarl,EarthPower,BloodMoon|||M|||50|,,,,,Fairy]Sneasler||FocusSash|PoisonTouch|CloseCombat,DireClaw,Trailblaze,SwordsDance|||M|||50|,,,,,Fire]Gholdengo||LifeOrb|GoodasGold|DazzlingGleam,MakeItRain,NastyPlot,Protect||||||50|,,,,,Fairy
|showteam|p2|Sneasler||FocusSash|PoisonTouch|DireClaw,CloseCombat,Protect,FakeOut|||M|||50|,,,,,Stellar]Primarina||ThroatSpray|LiquidVoice|Protect,HyperVoice,Moonblast,Haze|||M|||50|,,,,,Poison]Kingambit||BlackGlasses|Defiant|KowtowCleave,SwordsDance,SuckerPunch,Protect|||F|||50|,,,,,Dark]Rillaboom||AssaultVest|GrassySurge|WoodHammer,Uturn,GrassyGlide,FakeOut|||F|||50|,,,,,Fire]Electabuzz||Eviolite|VitalSpirit|Electroweb,Taunt,Protect,FollowMe|||F|||50|,,,,,Fairy]Dragapult||ChoiceBand|ClearBody|DragonDarts,Uturn,PhantomForce,Outrage|||M|||50|,,,,,Dragon
|inactive|Battle timer is ON: inactive players will automatically lose when time's up. (requested by guby67)
|inactive|guby67 has 60 seconds left.
|inactive|ari_uh_123 has 60 seconds left.
|
|t:|1757212893
|teamsize|p1|4
|teamsize|p2|4
|start
|switch|p1a: Farigiraf|Farigiraf, L50, M|100/100
|switch|p1b: Incineroar|Incineroar, L50, M|100/100
|switch|p2a: Dragapult|Dragapult, L50, M|100/100
|switch|p2b: Primarina|Primarina, L50, M|100/100
|-ability|p1b: Incineroar|Intimidate|boost
|-fail|p2a: Dragapult|unboost|[from] ability: Clear Body|[of] p2a: Dragapult
|-unboost|p2b: Primarina|atk|1
|turn|1
|inactive|guby67 has 30 seconds left.
|
|t:|1757212924
|-terastallize|p1b: Incineroar|Water
|move|p1b: Incineroar|Fake Out|p2b: Primarina
|-damage|p2b: Primarina|87/100
|move|p2a: Dragapult|Dragon Darts|p1b: Incineroar
|-damage|p1b: Incineroar|61/100
|-anim|p2a: Dragapult|Dragon Darts|p1a: Farigiraf
|-damage|p1a: Farigiraf|69/100
|-enditem|p1a: Farigiraf|Red Card|[of] p2a: Dragapult
|drag|p2a: Electabuzz|Electabuzz, L50, F|100/100
|cant|p2b: Primarina|flinch
|move|p1a: Farigiraf|Trick Room|p1a: Farigiraf
|-fieldstart|move: Trick Room|[of] p1a: Farigiraf
|
|upkeep
|turn|2
|inactive|guby67 has 30 seconds left.
|inactive|ari_uh_123 has 30 seconds left.
|inactive|ari_uh_123 has 20 seconds left.
|
|t:|1757212962
|move|p1b: Incineroar|Knock Off|p2a: Electabuzz
|-damage|p2a: Electabuzz|65/100
|-enditem|p2a: Electabuzz|Eviolite|[from] move: Knock Off|[of] p1b: Incineroar
|move|p1a: Farigiraf|Dazzling Gleam|p2b: Primarina|[spread] p2a,p2b
|-damage|p2a: Electabuzz|48/100
|-damage|p2b: Primarina|75/100
|move|p2b: Primarina|Hyper Voice|p1b: Incineroar|[spread] p1a,p1b
|-resisted|p1b: Incineroar
|-damage|p1a: Farigiraf|39/100
|-damage|p1b: Incineroar|50/100
|-enditem|p2b: Primarina|Throat Spray
|-boost|p2b: Primarina|spa|1|[from] item: Throat Spray
|move|p2a: Electabuzz|Electroweb|p1a: Farigiraf|[spread] p1a,p1b
|-supereffective|p1b: Incineroar
|-damage|p1a: Farigiraf|28/100
|-damage|p1b: Incineroar|31/100
|-unboost|p1a: Farigiraf|spe|1
|
|upkeep
|turn|3
|inactive|guby67 has 30 seconds left.
|inactive|ari_uh_123 has 30 seconds left.
|inactive|ari_uh_123 has 20 seconds left.
|inactive|guby67 has 20 seconds left.
|inactive|guby67 has 15 seconds left.
|inactive|guby67 has 10 seconds left.
|
|t:|1757213017
|move|p2a: Electabuzz|Follow Me|p2a: Electabuzz
|-singleturn|p2a: Electabuzz|move: Follow Me
|move|p1a: Farigiraf|Dazzling Gleam|p2b: Primarina|[spread] p2a,p2b
|-damage|p2a: Electabuzz|30/100
|-damage|p2b: Primarina|63/100
|move|p1b: Incineroar|Flare Blitz|p2a: Electabuzz
|-damage|p2a: Electabuzz|0 fnt
|faint|p2a: Electabuzz
|-damage|p1b: Incineroar|23/100|[from] Recoil
|move|p2b: Primarina|Hyper Voice|p1b: Incineroar|[spread] p1a,p1b
|-resisted|p1b: Incineroar
|-damage|p1a: Farigiraf|0 fnt
|-damage|p1b: Incineroar|5/100
|faint|p1a: Farigiraf
|
|upkeep
|inactive|ari_uh_123 has 30 seconds left.
|
|t:|1757213046
|switch|p1a: Gholdengo|Gholdengo, L50|100/100
|switch|p2a: Sneasler|Sneasler, L50, M|100/100
|turn|4
|
|t:|1757213062
|move|p1b: Incineroar|Flare Blitz|p2a: Sneasler
|-damage|p2a: Sneasler|14/100
|-damage|p1b: Incineroar|0 fnt|[from] Recoil
|faint|p1b: Incineroar
|move|p2b: Primarina|Hyper Voice|p1a: Gholdengo
|-damage|p1a: Gholdengo|21/100
|move|p1a: Gholdengo|Make It Rain|p2a: Sneasler|[spread] p2a,p2b
|-damage|p2a: Sneasler|0 fnt
|-damage|p2b: Primarina|12/100
|-unboost|p1a: Gholdengo|spa|1
|faint|p2a: Sneasler
|-damage|p1a: Gholdengo|11/100|[from] item: Life Orb
|
|upkeep
|
|t:|1757213077
|switch|p1b: Sneasler|Sneasler, L50, M|100/100
|switch|p2a: Dragapult|Dragapult, L50, M|100/100
|turn|5
|
|t:|1757213093
|move|p2b: Primarina|Hyper Voice|p1b: Sneasler|[spread] p1a,p1b
|-damage|p1a: Gholdengo|0 fnt
|-damage|p1b: Sneasler|36/100
|faint|p1a: Gholdengo
|move|p1b: Sneasler|Dire Claw|p2a: Dragapult
|-resisted|p2a: Dragapult
|-damage|p2a: Dragapult|73/100
|-status|p2a: Dragapult|psn|[from] ability: Poison Touch|[of] p1b: Sneasler
|move|p2a: Dragapult|Dragon Darts|p1b: Sneasler
|-damage|p1b: Sneasler|0 fnt
|faint|p1b: Sneasler
|
|win|ari_uh_123
|raw|guby67's rating: 1000 → 1000(+0 for losing)
|raw|ari_uh_123's rating: 1000 → 1040(+40 for winning)
|l|☆guby67
|player|p1|
