|j|☆ccrimsonate
|j|☆VidproX
|html|ccrimsonateVidproX    
|uhtml|bestof|Game 1 of a best-of-3
|t:|1783782898
|gametype|doubles
|player|p1|ccrimsonate|maid|
|player|p2|VidproX|1|
|gen|9
|tier|[Gen 9 Champions] VGC 2026 Reg M-B (Bo3)
|rule|Species Clause: Limit one of each Pokémon
|rule|Item Clause: Limit 1 of each item
|clearpoke
|poke|p1|Sinistcha, L50|
|poke|p1|Weavile, L50, M|
|poke|p1|Incineroar, L50, M|
|poke|p1|Barbaracle, L50, M|
|poke|p1|Zoroark-Hisui, L50, M|
|poke|p1|Gholdengo, L50|
|poke|p2|Scrafty, L50, M, shiny|
|poke|p2|Gholdengo, L50|
|poke|p2|Oranguru, L50, M|
|poke|p2|Vileplume, L50, F|
|poke|p2|Torkoal, L50, M|
|poke|p2|Lucario, L50, F|
|teampreview|4
|showteam|p1|Sinistcha||ColburBerry|Hospitality|MatchaGotcha,LifeDew,TrickRoom,RagePowder|Bold|||||50|]Weavile||FocusSash|Pickpocket|TripleAxel,Protect,FakeOut,KnockOff|Jolly||M|||50|]Incineroar||SitrusBerry|Intimidate|FlareBlitz,FakeOut,PartingShot,ThroatChop|Brave||M|||50|]Barbaracle||Barbaracite|Sniper|ShellSmash,RockSlide,CloseCombat,Protect|Adamant||M|||50|]Zoroark-Hisui||ChoiceScarf|Illusion|BitterMalice,HyperVoice,IcyWind,Flamethrower|Modest||M|||50|]Gholdengo||LifeOrb|GoodasGold|NastyPlot,MakeItRain,ShadowBall,Protect|Modest|||||50|
|showteam|p2|Scrafty||Scraftinite|Intimidate|KnockOff,DrainPunch,RockSlide,FakeOut|Brave||M|||50|]Gholdengo||LifeOrb|GoodasGold|ShadowBall,MakeItRain,NastyPlot,Protect|Timid|||||50|]Oranguru||MentalHerb|InnerFocus|TrickRoom,Encore,Instruct,Protect|Bold||M|||50|]Vileplume||FocusSash|Chlorophyll|LeafStorm,SludgeBomb,AfterYou,Protect|Modest||F|||50|]Torkoal||Charcoal|Drought|Eruption,EarthPower,HeatWave,Protect|Quiet||M|||50|]Lucario||ChoiceScarf|InnerFocus|FinalGambit,HelpingHand,SunnyDay,HealPulse|Jolly||F|||50|
|c|☆ccrimsonate|there we go
|c|☆VidproX|Now we are in business
|j| birooooo
|l| birooooo
|
|t:|1783782961
|teamsize|p1|4
|teamsize|p2|4
|start
|switch|p1a: Weavile|Weavile, L50, M|100/100
|switch|p1b: Barbaracle|Barbaracle, L50, M|100/100
|switch|p2a: Oranguru|Oranguru, L50, M|100/100
|switch|p2b: Lucario|Lucario, L50, F|100/100
|turn|1
|c|☆VidproX|gl hf
|c|☆ccrimsonate|glhf
|
|t:|1783783004
|detailschange|p1b: Barbaracle|Barbaracle-Mega, L50, M
|-mega|p1b: Barbaracle|Barbaracle|Barbaracite
|move|p2b: Lucario|Final Gambit|p1b: Barbaracle
|-damage|p1b: Barbaracle|0 fnt
|faint|p2b: Lucario
|faint|p1b: Barbaracle
|move|p1a: Weavile|Knock Off|p2a: Oranguru
|-supereffective|p2a: Oranguru|1
|-damage|p2a: Oranguru|16/100
|-enditem|p2a: Oranguru|Mental Herb|[from] move: Knock Off|[of] p1a: Weavile
|move|p2a: Oranguru|Trick Room|p2a: Oranguru
|-fieldstart|move: Trick Room|[of] p2a: Oranguru
|
|upkeep
|
|t:|1783783031
|switch|p1b: Sinistcha|Sinistcha, L50|100/100
|switch|p2b: Scrafty|Scrafty, L50, M, shiny|100/100
|-ability|p2b: Scrafty|Intimidate|boost
|-unboost|p1a: Weavile|atk|1
|-unboost|p1b: Sinistcha|atk|1
|turn|2
|
|t:|1783783060
|switch|p1a: Incineroar|Incineroar, L50, M|100/100
|-ability|p1a: Incineroar|Intimidate|boost
|-fail|p2a: Oranguru|unboost|Attack|[from] ability: Inner Focus|[of] p2a: Oranguru
|-unboost|p2b: Scrafty|atk|1
|detailschange|p2b: Scrafty|Scrafty-Mega, L50, M, shiny
|-mega|p2b: Scrafty|Scrafty|Scraftinite
|-ability|p2b: Scrafty|Intimidate|boost
|-unboost|p1a: Incineroar|atk|1
|-unboost|p1b: Sinistcha|atk|1
|move|p2b: Scrafty|Knock Off|p1b: Sinistcha
|-supereffective|p1b: Sinistcha|1
|-enditem|p1b: Sinistcha|Colbur Berry|[eat]
|-enditem|p1b: Sinistcha|Colbur Berry|[weaken]
|-damage|p1b: Sinistcha|72/100
|move|p2a: Oranguru|Instruct|p2b: Scrafty
|-singleturn|p2b: Scrafty|move: Instruct|[of] p2a: Oranguru
|move|p2b: Scrafty|Knock Off|p1b: Sinistcha
|-supereffective|p1b: Sinistcha|1
|-damage|p1b: Sinistcha|32/100
|move|p1b: Sinistcha|Matcha Gotcha|p2a: Oranguru|[spread] p2b
|-miss|p1b: Sinistcha|p2a: Oranguru
|-damage|p2b: Scrafty|80/100
|-heal|p1b: Sinistcha|42/100|[from] drain|[of] p2b: Scrafty
|
|upkeep
|turn|3
|
|t:|1783783112
|move|p2a: Oranguru|Protect|p2a: Oranguru
|-singleturn|p2a: Oranguru|Protect
|move|p1a: Incineroar|Fake Out|p2b: Scrafty
|-damage|p2b: Scrafty|73/100
|cant|p2b: Scrafty|flinch
|move|p1b: Sinistcha|Matcha Gotcha|p2a: Oranguru|[spread] p2b
|-activate|p2a: Oranguru|move: Protect
|-damage|p2b: Scrafty|56/100
|-heal|p1b: Sinistcha|51/100|[from] drain|[of] p2b: Scrafty
|-status|p2b: Scrafty|brn
|
|-damage|p2b: Scrafty|50/100g brn|[from] brn
|upkeep
|turn|4
|
|t:|1783783143
|switch|p2b: Torkoal|Torkoal, L50, M|100/100
|-weather|SunnyDay|[from] ability: Drought|[of] p2b: Torkoal
|move|p1a: Incineroar|Parting Shot|p2b: Torkoal
|-unboost|p2b: Torkoal|atk|1
|-unboost|p2b: Torkoal|spa|1
|
|t:|1783783149
|switch|p1a: Weavile|Weavile, L50, M|100/100|[from] Parting Shot
|move|p2a: Oranguru|Encore||[still]
|-fail|p2a: Oranguru
|move|p1b: Sinistcha|Matcha Gotcha|p2b: Torkoal|[spread] p2a,p2b
|-resisted|p2b: Torkoal|1
|-damage|p2a: Oranguru|0 fnt
|-heal|p1b: Sinistcha|61/100|[from] drain|[of] p2a: Oranguru
|-damage|p2b: Torkoal|83/100
|-heal|p1b: Sinistcha|70/100|[from] drain|[of] p2b: Torkoal
|faint|p2a: Oranguru
|
|-weather|SunnyDay|[upkeep]
|upkeep
|
|t:|1783783154
|switch|p2a: Scrafty|Scrafty-Mega, L50, M, shiny|50/100g brn
|-ability|p2a: Scrafty|Intimidate|boost
|-unboost|p1a: Weavile|atk|1
|-unboost|p1b: Sinistcha|atk|1
|turn|5
|
|t:|1783783191
|switch|p1b: Incineroar|Incineroar, L50, M|100/100
|-ability|p1b: Incineroar|Intimidate|boost
|-unboost|p2a: Scrafty|atk|1
|-unboost|p2b: Torkoal|atk|1
|move|p1a: Weavile|Protect|p1a: Weavile
|-singleturn|p1a: Weavile|Protect
|move|p2b: Torkoal|Heat Wave|p1b: Incineroar|[spread] p1b
|-activate|p1a: Weavile|move: Protect
|-resisted|p1b: Incineroar|1
|-damage|p1b: Incineroar|85/100
|move|p2a: Scrafty|Drain Punch|p1a: Weavile
|-activate|p1a: Weavile|move: Protect
|
|-weather|SunnyDay|[upkeep]
|-damage|p2a: Scrafty|44/100 brn|[from] brn
|-fieldend|move: Trick Room
|upkeep
|turn|6
|
|t:|1783783228
|move|p1b: Incineroar|Fake Out|p2a: Scrafty
|-damage|p2a: Scrafty|36/100 brn
|move|p1a: Weavile|Knock Off|p2b: Torkoal
|-damage|p2b: Torkoal|57/100
|-enditem|p2b: Torkoal|Charcoal|[from] move: Knock Off|[of] p1a: Weavile
|cant|p2a: Scrafty|flinch
|move|p2b: Torkoal|Earth Power|p1b: Incineroar
|-supereffective|p1b: Incineroar|1
|-damage|p1b: Incineroar|56/100
|
|-weather|SunnyDay|[upkeep]
|-damage|p2a: Scrafty|30/100 brn|[from] brn
|upkeep
|turn|7
|
|t:|1783783242
|move|p1a: Weavile|Protect|p1a: Weavile
|-singleturn|p1a: Weavile|Protect
|move|p2a: Scrafty|Drain Punch|p1a: Weavile
|-activate|p1a: Weavile|move: Protect
|move|p1b: Incineroar|Parting Shot|p2b: Torkoal
|-unboost|p2b: Torkoal|atk|1
|-unboost|p2b: Torkoal|spa|1
|
|t:|1783783249
|switch|p1b: Sinistcha|Sinistcha, L50|70/100|[from] Parting Shot
|move|p2b: Torkoal|Heat Wave|p1b: Sinistcha|[spread] p1b
|-activate|p1a: Weavile|move: Protect
|-supereffective|p1b: Sinistcha|1
|-damage|p1b: Sinistcha|16/100
|-status|p1b: Sinistcha|brn
|
|-weather|SunnyDay|[upkeep]
|-damage|p1b: Sinistcha|10/100 brn|[from] brn
|-damage|p2a: Scrafty|24/100 brn|[from] brn
|upkeep
|turn|8
|
|t:|1783783288
|move|p1b: Sinistcha|Rage Powder|p1b: Sinistcha
|-singleturn|p1b: Sinistcha|move: Rage Powder
|move|p1a: Weavile|Triple Axel|p2a: Scrafty
|-damage|p2a: Scrafty|18/100 brn
|-damage|p2a: Scrafty|8/100 brn
|-damage|p2a: Scrafty|0 fnt
|faint|p2a: Scrafty
|-hitcount|p2: Scrafty|3
|move|p2b: Torkoal|Heat Wave|p1a: Weavile|[spread] p1a,p1b
|-supereffective|p1a: Weavile|1
|-supereffective|p1b: Sinistcha|1
|-damage|p1a: Weavile|38/100
|-damage|p1b: Sinistcha|0 fnt
|faint|p1b: Sinistcha
|
|-weather|none
|upkeep
|
|t:|1783783300
|switch|p1b: Incineroar|Incineroar, L50, M|56/100
|-ability|p1b: Incineroar|Intimidate|boost
|-unboost|p2b: Torkoal|atk|1
|turn|9
|
|t:|1783783321
|move|p1b: Incineroar|Fake Out|p2b: Torkoal
|-damage|p2b: Torkoal|48/100
|move|p1a: Weavile|Knock Off|p2b: Torkoal
|-damage|p2b: Torkoal|32/100
|cant|p2b: Torkoal|flinch
|
|upkeep
|turn|10
|
|t:|1783783333
|move|p1a: Weavile|Protect|p1a: Weavile
|-singleturn|p1a: Weavile|Protect
|move|p1b: Incineroar|Throat Chop|p2b: Torkoal
|-damage|p2b: Torkoal|9/100
|-start|p2b: Torkoal|Throat Chop|[silent]
|move|p2b: Torkoal|Heat Wave|p1a: Weavile|[spread] p1b
|-activate|p1a: Weavile|move: Protect
|-resisted|p1b: Incineroar|1
|-damage|p1b: Incineroar|50/100g
|
|upkeep
|turn|11
|
|t:|1783783344
|move|p1a: Weavile|Knock Off|p2b: Torkoal
|-damage|p2b: Torkoal|0 fnt
|faint|p2b: Torkoal
|
|win|ccrimsonate
||VidproX is ready for game 2.
||ccrimsonate is ready for game 2.
|uhtml|next|Next: Game 2 of 3
