|j|☆ben harpic
|j|☆Quill86
|html|ben harpicQuill86    
|uhtml|bestof|Game 3 of a best-of-3
|t:|1756783291
|gametype|doubles
|player|p1|ben harpic|1|1287
|player|p2|Quill86|lucas|1250
|gen|9
|tier|[Gen 9] VGC 2025 Reg H (Bo3)
|rated|
|rule|Species Clause: Limit one of each Pokémon
|rule|Item Clause: Limit 1 of each item
|clearpoke
|poke|p1|Dragapult, L50, M|
|poke|p1|Archaludon, L50, F|
|poke|p1|Rillaboom, L50, M|
|poke|p1|Annihilape, L50, F|
|poke|p1|Maushold-Four, L50|
|poke|p1|Weezing, L50, M|
|poke|p2|Indeedee-F, L50, F|
|poke|p2|Gallade, L50, M|
|poke|p2|Torkoal, L50, M|
|poke|p2|Ursaluna, L50, M|
|poke|p2|Hatterene, L50, F|
|poke|p2|Smeargle, L50, M|
|teampreview|4
|showteam|p1|Dragapult||LightClay|ClearBody|DragonDarts,Reflect,LightScreen,ThunderWave|||M|||50|,,,,,Steel]Archaludon||CovertCloak|Stalwart|DragonTail,Protect,StealthRock,Roar|||F|||50|,,,,,Grass]Rillaboom||MiracleSeed|GrassySurge|WoodHammer,FakeOut,WorrySeed,GrassyGlide|||M|||50|,,,,,Grass]Annihilape||Leftovers|Defiant|RageFist,Protect,BulkUp,DrainPunch|||F|||50|,,,,,Normal]Maushold-Four||WideLens|FriendGuard|PopulationBomb,Protect,Taunt,ThunderWave||||||50|,,,,,Ghost]Weezing||WikiBerry|NeutralizingGas|SludgeBomb,Protect,Taunt,WillOWisp|||M|||50|,,,,,Ghost
|showteam|p2|Indeedee-F||PsychicSeed|PsychicSurge|FollowMe,TrickRoom,HelpingHand,DazzlingGleam|||F|||50|,,,,,Fairy]Gallade||ClearAmulet|Sharpness|SacredSword,WideGuard,TrickRoom,PsychoCut|||M|||50|,,,,,Grass]Torkoal||ChoiceSpecs|Drought|Eruption,WeatherBall,EarthPower,HeatWave|||M|||50|,,,,,Fire]Ursaluna||FlameOrb|Guts|Protect,HeadlongRush,Facade,Earthquake|||M|||50|,,,,,Ghost]Hatterene||LifeOrb|MagicBounce|DazzlingGleam,ExpandingForce,MysticalFire,TrickRoom|||F|||50|,,,,,Fire]Smeargle||FocusSash|Moody|FakeOut,Spore,Instruct,FollowMe|||M|||50|,,,,,Ghost
|
|t:|1756783307
|teamsize|p1|4
|teamsize|p2|4
|start
|switch|p1a: Dragapult|Dragapult, L50, M|100/100
|switch|p1b: Maushold|Maushold-Four, L50|100/100
|switch|p2a: Smeargle|Smeargle, L50, M|100/100
|switch|p2b: Gallade|Gallade, L50, M|100/100
|turn|1
|
|t:|1756783321
|move|p2a: Smeargle|Fake Out|p1b: Maushold
|-damage|p1b: Maushold|94/100
|move|p1a: Dragapult|Thunder Wave|p2b: Gallade
|-status|p2b: Gallade|par
|cant|p1b: Maushold|flinch
|move|p2b: Gallade|Trick Room|p2b: Gallade
|-fieldstart|move: Trick Room|[of] p2b: Gallade
|
|-ability|p2a: Smeargle|Moody|boost
|-boost|p2a: Smeargle|spe|2
|-unboost|p2a: Smeargle|def|1
|upkeep
|turn|2
|
|t:|1756783336
|move|p1b: Maushold|Protect|p1b: Maushold
|-singleturn|p1b: Maushold|Protect
|move|p2b: Gallade|Sacred Sword|p1b: Maushold
|-activate|p1b: Maushold|move: Protect
|move|p1a: Dragapult|Reflect|p1a: Dragapult
|-sidestart|p1: ben harpic|Reflect
|move|p2a: Smeargle|Spore|p1a: Dragapult
|-status|p1a: Dragapult|slp|[from] move: Spore
|
|-ability|p2a: Smeargle|Moody|boost
|-boost|p2a: Smeargle|atk|2
|-unboost|p2a: Smeargle|spd|1
|upkeep
|turn|3
|
|t:|1756783346
|switch|p1b: Annihilape|Annihilape, L50, F|100/100
|switch|p2a: Hatterene|Hatterene, L50, F|100/100
|cant|p2b: Gallade|par
|cant|p1a: Dragapult|slp
|
|upkeep
|turn|4
|
|t:|1756783358
|switch|p2b: Indeedee|Indeedee-F, L50, F|100/100
|-fieldstart|move: Psychic Terrain|[from] ability: Psychic Surge|[of] p2b: Indeedee
|-enditem|p2b: Indeedee|Psychic Seed
|-boost|p2b: Indeedee|spd|1|[from] item: Psychic Seed
|switch|p1a: Rillaboom|Rillaboom, L50, M|100/100
|-fieldstart|move: Grassy Terrain|[from] ability: Grassy Surge|[of] p1a: Rillaboom
|-terastallize|p2a: Hatterene|Fire
|move|p1b: Annihilape|Protect|p1b: Annihilape
|-singleturn|p1b: Annihilape|Protect
|move|p2a: Hatterene|Expanding Force|p1b: Annihilape
|-activate|p1b: Annihilape|move: Protect
|
|upkeep
|turn|5
|
|t:|1756783394
|switch|p2b: Smeargle|Smeargle, L50, M|100/100
|-terastallize|p1b: Annihilape|Normal
|move|p2a: Hatterene|Mystical Fire|p1a: Rillaboom
|-supereffective|p1a: Rillaboom
|-damage|p1a: Rillaboom|0 fnt
|faint|p1a: Rillaboom
|-damage|p2a: Hatterene|91/100|[from] item: Life Orb
|move|p1b: Annihilape|Bulk Up|p1b: Annihilape
|-boost|p1b: Annihilape|atk|1
|-boost|p1b: Annihilape|def|1
|
|-heal|p2a: Hatterene|97/100|[from] Grassy Terrain
|-fieldend|move: Trick Room
|-ability|p2b: Smeargle|Moody|boost
|-boost|p2b: Smeargle|spa|2
|-unboost|p2b: Smeargle|spd|1
|upkeep
|
|t:|1756783411
|switch|p1a: Maushold|Maushold-Four, L50|94/100
|turn|6
|
|t:|1756783428
|move|p2b: Smeargle|Fake Out|p1a: Maushold
|-damage|p1a: Maushold|88/100
|cant|p1a: Maushold|flinch
|move|p1b: Annihilape|Rage Fist|p2a: Hatterene
|-damage|p2a: Hatterene|61/100
|move|p2a: Hatterene|Trick Room|p2a: Hatterene
|-fieldstart|move: Trick Room|[of] p2a: Hatterene
|
|-heal|p2a: Hatterene|68/100|[from] Grassy Terrain
|-heal|p1a: Maushold|94/100|[from] Grassy Terrain
|-ability|p2b: Smeargle|Moody|boost
|-boost|p2b: Smeargle|atk|2
|-unboost|p2b: Smeargle|spa|1
|upkeep
|turn|7
|
|t:|1756783449
|switch|p2b: Indeedee|Indeedee-F, L50, F|100/100
|-fieldstart|move: Psychic Terrain|[from] ability: Psychic Surge|[of] p2b: Indeedee
|move|p1b: Annihilape|Protect|p1b: Annihilape
|-singleturn|p1b: Annihilape|Protect
|move|p2a: Hatterene|Expanding Force|p1a: Maushold|[spread] p1a
|-activate|p1b: Annihilape|move: Protect
|-damage|p1a: Maushold|0 fnt
|faint|p1a: Maushold
|-damage|p2a: Hatterene|58/100|[from] item: Life Orb
|
|upkeep
|-message|ben harpic forfeited.
|
|win|Quill86
|raw|ben harpic's rating: 1287 → 1259(-28 for losing)
|raw|Quill86's rating: 1250 → 1278(+28 for winning)
|l|☆ben harpic
|player|p1|
