|j|☆NennoilPanda
|j|☆Jumpie
|html|NennoilPandaJumpie    
|uhtml|bestof|Game 2 of a best-of-3
|t:|1785615776
|gametype|doubles
|player|p1|NennoilPanda|ghetsis-gen5bw|
|player|p2|Jumpie|boarder|
|gen|9
|tier|[Gen 9 Champions] VGC 2026 Reg M-B (Bo3)
|rule|Species Clause: Limit one of each Pokémon
|rule|Item Clause: Limit 1 of each item
|clearpoke
|poke|p1|Tyranitar, L50, M|
|poke|p1|Gholdengo, L50|
|poke|p1|Excadrill, L50, F|
|poke|p1|Milotic, L50, F|
|poke|p1|Staraptor, L50, M|
|poke|p1|Sinistcha, L50|
|poke|p2|Oranguru, L50, F|
|poke|p2|Incineroar, L50, M|
|poke|p2|Sinistcha, L50|
|poke|p2|Gallade, L50, M|
|poke|p2|Hatterene, L50, F|
|poke|p2|Torkoal, L50, M|
|teampreview|4
|showteam|p1|Tyranitar||Tyranitarite|SandStream|RockSlide,KnockOff,LowKick,Protect|Jolly||M|||50|]Gholdengo||LifeOrb|GoodasGold|MakeItRain,ShadowBall,Protect,NastyPlot|Modest|||||50|]Excadrill||FocusSash|SandRush|HighHorsepower,IronHead,RockSlide,Protect|Adamant||F|||50|]Milotic||SitrusBerry|Competitive|Scald,IceBeam,Protect,Recover|Calm||F|||50|]Staraptor||Staraptite|Intimidate|BraveBird,CloseCombat,Protect,Tailwind|Jolly||M|||50|]Sinistcha||ColburBerry|Hospitality|MatchaGotcha,ShadowBall,RagePowder,Protect|Bold|||||50|
|showteam|p2|Oranguru||MentalHerb|InnerFocus|Instruct,Encore,PsychicTerrain,TrickRoom|Relaxed||F|||50|]Incineroar||BlackGlasses|Blaze|DarkestLariat,FakeOut,CloseCombat,FlareBlitz|Brave||M|||50|]Sinistcha||ColburBerry|Heatproof|TrickRoom,NastyPlot,RagePowder,MatchaGotcha|Relaxed|||||50|]Gallade||BlackBelt|Sharpness|SacredSword,PsychoCut,TrickRoom,WideGuard|Brave||M|||50|]Hatterene||FocusSash|MagicBounce|DazzlingGleam,TrickRoom,ExpandingForce,Psyshock|Quiet||F|||50|]Torkoal||Charcoal|Drought|Eruption,Protect,EarthPower,WeatherBall|Quiet||M|||50|
|inactive|Battle timer is ON: inactive players will automatically lose when time's up. (requested by NennoilPanda)
|j| NOTpassing
|j| trevyah
|inactive|NennoilPanda has 60 seconds left.
|inactive|Jumpie has 60 seconds left.
|inactive|Jumpie has 30 seconds left.
|inactive|Jumpie has 20 seconds left.
|inactive|Jumpie has 15 seconds left.
|
|t:|1785615855
|teamsize|p1|4
|teamsize|p2|4
|start
|switch|p1a: Staraptor|Staraptor, L50, M|100/100
|switch|p1b: Tyranitar|Tyranitar, L50, M|100/100
|switch|p2a: Oranguru|Oranguru, L50, F|100/100
|switch|p2b: Incineroar|Incineroar, L50, M|100/100
|-ability|p1a: Staraptor|Intimidate|boost
|-fail|p2a: Oranguru|unboost|Attack|[from] ability: Inner Focus|[of] p2a: Oranguru
|-unboost|p2b: Incineroar|atk|1
|-weather|Sandstorm|[from] ability: Sand Stream|[of] p1b: Tyranitar
|turn|1
|inactive|NennoilPanda has 30 seconds left.
|inactive|Jumpie has 30 seconds left.
|inactive|NennoilPanda has 20 seconds left.
|inactive|NennoilPanda has 15 seconds left.
|inactive|NennoilPanda has 10 seconds left.
|
|t:|1785615900
|switch|p1b: Milotic|Milotic, L50, F|100/100
|detailschange|p1a: Staraptor|Staraptor-Mega, L50, M
|-mega|p1a: Staraptor|Staraptor|Staraptite
|move|p2b: Incineroar|Fake Out|p1b: Milotic
|-damage|p1b: Milotic|90/100
|move|p1a: Staraptor|Close Combat|p2b: Incineroar
|-supereffective|p2b: Incineroar|1
|-damage|p2b: Incineroar|0 fnt
|-boost|p1a: Staraptor|def|1
|-boost|p1a: Staraptor|spd|1
|faint|p2b: Incineroar
|move|p2a: Oranguru|Trick Room|p2a: Oranguru
|-fieldstart|move: Trick Room|[of] p2a: Oranguru
|
|-weather|Sandstorm|[upkeep]
|-damage|p2a: Oranguru|93/100|[from] Sandstorm
|-damage|p1b: Milotic|84/100|[from] Sandstorm
|-damage|p1a: Staraptor|94/100|[from] Sandstorm
|upkeep
|
|t:|1785615916
|switch|p2b: Hatterene|Hatterene, L50, F|100/100
|turn|2
|j| PioPioBangBagn
|
|t:|1785615927
|switch|p1b: Tyranitar|Tyranitar, L50, M|100/100
|move|p1a: Staraptor|Protect|p1a: Staraptor
|-singleturn|p1a: Staraptor|Protect
|move|p2b: Hatterene|Dazzling Gleam|p1a: Staraptor|[spread] p1b
|-activate|p1a: Staraptor|move: Protect
|-supereffective|p1b: Tyranitar|1
|-damage|p1b: Tyranitar|57/100
|move|p2a: Oranguru|Instruct|p2b: Hatterene
|-singleturn|p2b: Hatterene|move: Instruct|[of] p2a: Oranguru
|move|p2b: Hatterene|Dazzling Gleam|p1a: Staraptor|[spread] p1b
|-activate|p1a: Staraptor|move: Protect
|-supereffective|p1b: Tyranitar|1
|-crit|p1b: Tyranitar
|-damage|p1b: Tyranitar|0 fnt
|faint|p1b: Tyranitar
|
|-weather|Sandstorm|[upkeep]
|-damage|p2b: Hatterene|93/100|[from] Sandstorm
|-damage|p2a: Oranguru|87/100|[from] Sandstorm
|-damage|p1a: Staraptor|88/100|[from] Sandstorm
|upkeep
|
|t:|1785615933
|switch|p1b: Gholdengo|Gholdengo, L50|100/100
|turn|3
|inactive|Jumpie has 30 seconds left.
|inactive|Jumpie has 20 seconds left.
|inactive|Jumpie has 15 seconds left.
|inactive|Jumpie has 10 seconds left.
|
|t:|1785615979
|switch|p1a: Milotic|Milotic, L50, F|84/100
|move|p2b: Hatterene|Dazzling Gleam|p1a: Milotic|[spread] p1a,p1b
|-resisted|p1b: Gholdengo|1
|-damage|p1a: Milotic|63/100
|-damage|p1b: Gholdengo|80/100
|move|p2a: Oranguru|Instruct|p2b: Hatterene
|-singleturn|p2b: Hatterene|move: Instruct|[of] p2a: Oranguru
|move|p2b: Hatterene|Dazzling Gleam|p1b: Gholdengo|[spread] p1a,p1b
|-resisted|p1b: Gholdengo|1
|-damage|p1a: Milotic|41/100
|-damage|p1b: Gholdengo|60/100
|-enditem|p1a: Milotic|Sitrus Berry|[eat]
|-heal|p1a: Milotic|66/100|[from] item: Sitrus Berry
|move|p1b: Gholdengo|Make It Rain|p2a: Oranguru|[spread] p2a
|-miss|p1b: Gholdengo|p2b: Hatterene
|-damage|p2a: Oranguru|37/100
|-unboost|p1b: Gholdengo|spa|2
|-damage|p1b: Gholdengo|50/100g|[from] item: Life Orb
|
|-weather|Sandstorm|[upkeep]
|-damage|p2b: Hatterene|87/100|[from] Sandstorm
|-damage|p2a: Oranguru|31/100|[from] Sandstorm
|-damage|p1a: Milotic|60/100|[from] Sandstorm
|upkeep
|turn|4
|inactive|Jumpie has 30 seconds left.
|l| PioPioBangBagn
|j| RekiVG
|inactive|Jumpie has 20 seconds left.
|inactive|Jumpie has 15 seconds left.
|inactive|Jumpie has 10 seconds left.
|j| PioPioBangBagn
|
|t:|1785616027
|move|p2b: Hatterene|Dazzling Gleam|p1a: Milotic|[spread] p1a,p1b
|-resisted|p1b: Gholdengo|1
|-damage|p1a: Milotic|39/100
|-damage|p1b: Gholdengo|31/100
|move|p2a: Oranguru|Instruct|p2b: Hatterene
|-singleturn|p2b: Hatterene|move: Instruct|[of] p2a: Oranguru
|move|p2b: Hatterene|Dazzling Gleam|p1a: Milotic|[spread] p1a,p1b
|-resisted|p1b: Gholdengo|1
|-damage|p1a: Milotic|15/100
|-damage|p1b: Gholdengo|11/100
|move|p1a: Milotic|Recover|p1a: Milotic
|-heal|p1a: Milotic|65/100
|move|p1b: Gholdengo|Nasty Plot|p1b: Gholdengo
|-boost|p1b: Gholdengo|spa|2
|
|-weather|Sandstorm|[upkeep]
|-damage|p2b: Hatterene|81/100|[from] Sandstorm
|-damage|p2a: Oranguru|25/100|[from] Sandstorm
|-damage|p1a: Milotic|59/100|[from] Sandstorm
|upkeep
|turn|5
|inactive|Jumpie has 30 seconds left.
|
|t:|1785616061
|move|p1b: Gholdengo|Protect|p1b: Gholdengo
|-singleturn|p1b: Gholdengo|Protect
|move|p1a: Milotic|Scald|p2a: Oranguru
|-damage|p2a: Oranguru|0 fnt
|faint|p2a: Oranguru
|move|p2b: Hatterene|Trick Room|p2b: Hatterene
|-fieldend|move: Trick Room
|
|-weather|none
|upkeep
|
|t:|1785616069
|switch|p2a: Torkoal|Torkoal, L50, M|100/100
|-weather|SunnyDay|[from] ability: Drought|[of] p2a: Torkoal
|turn|6
|inactive|Jumpie has 30 seconds left.
|
|t:|1785616103
|move|p1b: Gholdengo|Make It Rain|p2b: Hatterene|[spread] p2a,p2b
|-resisted|p2a: Torkoal|1
|-supereffective|p2b: Hatterene|1
|-damage|p2a: Torkoal|57/100
|-damage|p2b: Hatterene|0 fnt
|-unboost|p1b: Gholdengo|spa|2
|faint|p2b: Hatterene
|-damage|p1b: Gholdengo|1/100|[from] item: Life Orb
|move|p1a: Milotic|Scald|p2a: Torkoal
|-supereffective|p2a: Torkoal|1
|-damage|p2a: Torkoal|20/100y
|move|p2a: Torkoal|Weather Ball|p1a: Milotic
|-resisted|p1a: Milotic|1
|-damage|p1a: Milotic|35/100
|
|-weather|SunnyDay|[upkeep]
|upkeep
|turn|7
|inactive|Jumpie has 30 seconds left.
|inactive|Jumpie has 20 seconds left.
|l| PioPioBangBagn
|inactive|Jumpie has 15 seconds left.
|inactive|Jumpie has 10 seconds left.
|inactive|Jumpie has 5 seconds left.
|
|t:|1785616158
|move|p1b: Gholdengo|Shadow Ball|p2a: Torkoal
|-crit|p2a: Torkoal
|-damage|p2a: Torkoal|0 fnt
|faint|p2a: Torkoal
|-damage|p1b: Gholdengo|0 fnt|[from] item: Life Orb
|faint|p1b: Gholdengo
|
|win|NennoilPanda
|c| RekiVG|One question
|c| RekiVG|why make it rain and no shadow ball
|l| RekiVG
|l| NOTpassing
|j| RekiVG
|l| RekiVG
|l|☆NennoilPanda
|player|p1|
