|j|☆DuelSkiller
|j|☆BelinVGC
|html|DuelSkillerBelinVGC    
|uhtml|bestof|Game 2 of a best-of-3
|t:|1784315371
|gametype|doubles
|player|p1|DuelSkiller|lucas|1071
|player|p2|BelinVGC|102|1276
|gen|9
|tier|[Gen 9 Champions] VGC 2026 Reg M-B (Bo3)
|rated|
|rule|Species Clause: Limit one of each Pokémon
|rule|Item Clause: Limit 1 of each item
|clearpoke
|poke|p1|Charizard, L50, F|
|poke|p1|Tyranitar, L50, M|
|poke|p1|Milotic, L50, M|
|poke|p1|Sinistcha, L50|
|poke|p1|Sneasler, L50, F|
|poke|p1|Kingambit, L50, M|
|poke|p2|Swampert, L50, M|
|poke|p2|Pelipper, L50, M|
|poke|p2|Archaludon, L50, M|
|poke|p2|Venusaur, L50, F|
|poke|p2|Maushold-Four, L50|
|poke|p2|Gholdengo, L50|
|teampreview|4
|showteam|p1|Charizard||CharizarditeX|Blaze|Protect,DragonDance,DragonClaw,FlareBlitz|Serious||F|||50|]Tyranitar||Tyranitarite|SandStream|RockSlide,Crunch,DragonDance,Protect|Serious||M|||50|]Milotic||Leftovers|Competitive|Recover,IceBeam,Scald,IcyWind|Modest||M|||50|]Sinistcha||CobaBerry|Hospitality|MatchaGotcha,LifeDew,RagePowder,TrickRoom|Calm|||||50|]Sneasler||FocusSash|Unburden|FakeOut,Coaching,DireClaw,CloseCombat|Jolly||F|||50|]Kingambit||ChopleBerry|Defiant|KowtowCleave,IronHead,SuckerPunch,Protect|Adamant||M|||50|
|showteam|p2|Swampert||Swampertite|Torrent|WaveCrash,HighHorsepower,IcePunch,Protect|Adamant||M|||50|]Pelipper||SitrusBerry|Drizzle|WeatherBall,Hurricane,Tailwind,WideGuard|Modest||M|||50|]Archaludon||Leftovers|Stamina|ElectroShot,DragonPulse,FlashCannon,Protect|Calm||M|||50|]Venusaur||Venusaurite|Chlorophyll|GigaDrain,EarthPower,SludgeBomb,Protect|Modest||F|||50|]Maushold-Four||FocusSash|FriendGuard|FollowMe,SuperFang,RainDance,Protect|Timid|||||50|]Gholdengo||LifeOrb|GoodasGold|MakeItRain,ShadowBall,NastyPlot,Protect|Modest|||||50|
|inactive|Battle timer is ON: inactive players will automatically lose when time's up. (requested by DuelSkiller)
|
|t:|1784315389
|teamsize|p1|4
|teamsize|p2|4
|start
|switch|p1a: Sneasler|Sneasler, L50, F|100/100
|switch|p1b: Sinistcha|Sinistcha, L50|100/100
|switch|p2a: Gholdengo|Gholdengo, L50|100/100
|switch|p2b: Maushold|Maushold-Four, L50|100/100
|turn|1
|inactive|DuelSkiller has 30 seconds left.
|inactive|DuelSkiller has 20 seconds left.
|
|t:|1784315425
|switch|p1b: Tyranitar|Tyranitar, L50, M|100/100
|-weather|Sandstorm|[from] ability: Sand Stream|[of] p1b: Tyranitar
|move|p2b: Maushold|Protect|p2b: Maushold
|-singleturn|p2b: Maushold|Protect
|move|p1a: Sneasler|Close Combat|p2b: Maushold
|-activate|p2b: Maushold|move: Protect
|move|p2a: Gholdengo|Nasty Plot|p2a: Gholdengo
|-boost|p2a: Gholdengo|spa|2
|
|-weather|Sandstorm|[upkeep]
|-damage|p1a: Sneasler|94/100|[from] Sandstorm
|-damage|p2b: Maushold|93/100|[from] Sandstorm
|upkeep
|turn|2
|inactive|DuelSkiller has 30 seconds left.
|inactive|DuelSkiller has 20 seconds left.
|
|t:|1784315463
|switch|p2b: Pelipper|Pelipper, L50, M|100/100
|-weather|RainDance|[from] ability: Drizzle|[of] p2b: Pelipper
|move|p1b: Tyranitar|Protect|p1b: Tyranitar
|-singleturn|p1b: Tyranitar|Protect
|move|p1a: Sneasler|Close Combat|p2b: Pelipper
|-resisted|p2b: Pelipper|1
|-damage|p2b: Pelipper|68/100
|-unboost|p1a: Sneasler|def|1
|-unboost|p1a: Sneasler|spd|1
|move|p2a: Gholdengo|Shadow Ball|p1a: Sneasler
|-damage|p1a: Sneasler|0 fnt
|faint|p1a: Sneasler
|-damage|p2a: Gholdengo|90/100|[from] item: Life Orb
|
|-weather|RainDance|[upkeep]
|upkeep
|
|t:|1784315483
|switch|p1a: Charizard|Charizard, L50, F|100/100
|turn|3
|inactive|BelinVGC has 30 seconds left.
|
|t:|1784315513
|switch|p2b: Maushold|Maushold-Four, L50|93/100
|detailschange|p1b: Tyranitar|Tyranitar-Mega, L50, M
|-mega|p1b: Tyranitar|Tyranitar|Tyranitarite
|-weather|Sandstorm|[from] ability: Sand Stream|[of] p1b: Tyranitar
|move|p2a: Gholdengo|Protect|p2a: Gholdengo
|-singleturn|p2a: Gholdengo|Protect
|move|p1a: Charizard|Flare Blitz|p2a: Gholdengo
|-activate|p2a: Gholdengo|move: Protect
|move|p1b: Tyranitar|Dragon Dance|p1b: Tyranitar
|-boost|p1b: Tyranitar|atk|1
|-boost|p1b: Tyranitar|spe|1
|
|-weather|Sandstorm|[upkeep]
|-damage|p2b: Maushold|87/100|[from] Sandstorm
|-damage|p1a: Charizard|94/100|[from] Sandstorm
|upkeep
|turn|4
|inactive|DuelSkiller has 30 seconds left.
|inactive|BelinVGC has 30 seconds left.
|inactive|DuelSkiller has 20 seconds left.
|inactive|DuelSkiller has 15 seconds left.
|inactive|BelinVGC has 20 seconds left.
|inactive|DuelSkiller has 10 seconds left.
|
|t:|1784315567
|move|p2b: Maushold|Follow Me|p2b: Maushold
|-singleturn|p2b: Maushold|move: Follow Me
|move|p1b: Tyranitar|Crunch|p2b: Maushold
|-damage|p2b: Maushold|0 fnt
|faint|p2b: Maushold
|move|p1a: Charizard|Flare Blitz|p2a: Gholdengo
|-supereffective|p2a: Gholdengo|1
|-damage|p2a: Gholdengo|15/100
|-status|p2a: Gholdengo|brn
|-damage|p1a: Charizard|70/100|[from] Recoil
|move|p2a: Gholdengo|Shadow Ball|p1a: Charizard
|-damage|p1a: Charizard|0 fnt
|faint|p1a: Charizard
|-damage|p2a: Gholdengo|6/100 brn|[from] item: Life Orb
|
|-weather|Sandstorm|[upkeep]
|-damage|p2a: Gholdengo|0 fnt|[from] brn
|faint|p2a: Gholdengo
|upkeep
|
|t:|1784315591
|switch|p2b: Pelipper|Pelipper, L50, M|68/100
|switch|p1a: Sinistcha|Sinistcha, L50|100/100
|switch|p2a: Swampert|Swampert, L50, M|100/100
|-weather|RainDance|[from] ability: Drizzle|[of] p2b: Pelipper
|turn|5
|
|t:|1784315607
|detailschange|p2a: Swampert|Swampert-Mega, L50, M
|-mega|p2a: Swampert|Swampert|Swampertite
|move|p2b: Pelipper|Wide Guard|p2b: Pelipper
|-singleturn|p2b: Pelipper|Wide Guard
|move|p2a: Swampert|Wave Crash|p1b: Tyranitar
|-supereffective|p1b: Tyranitar|1
|-damage|p1b: Tyranitar|0 fnt
|faint|p1b: Tyranitar
|-damage|p2a: Swampert|68/100|[from] Recoil
|move|p1a: Sinistcha|Matcha Gotcha|p2b: Pelipper|[spread] 
|-activate|p2a: Swampert|move: Wide Guard
|-activate|p2b: Pelipper|move: Wide Guard
|
|-weather|RainDance|[upkeep]
|upkeep
|turn|6
|
|t:|1784315624
|move|p2a: Swampert|Ice Punch|p1a: Sinistcha
|-supereffective|p1a: Sinistcha|1
|-damage|p1a: Sinistcha|47/100
|-status|p1a: Sinistcha|frz
|move|p2b: Pelipper|Hurricane|p1a: Sinistcha
|-supereffective|p1a: Sinistcha|1
|-enditem|p1a: Sinistcha|Coba Berry|[eat]
|-enditem|p1a: Sinistcha|Coba Berry|[weaken]
|-damage|p1a: Sinistcha|6/100 frz
|-curestatus|p1a: Sinistcha|frz|[from] move: Matcha Gotcha
|move|p1a: Sinistcha|Matcha Gotcha|p2a: Swampert|[spread] p2a,p2b
|-supereffective|p2a: Swampert|2
|-damage|p2a: Swampert|0 fnt
|-heal|p1a: Sinistcha|42/100|[from] drain|[of] p2a: Swampert
|-damage|p2b: Pelipper|35/100
|-heal|p1a: Sinistcha|57/100|[from] drain|[of] p2b: Pelipper
|-enditem|p2b: Pelipper|Sitrus Berry|[eat]
|-heal|p2b: Pelipper|60/100|[from] item: Sitrus Berry
|faint|p2a: Swampert
|
|-weather|RainDance|[upkeep]
|upkeep
|turn|7
|
|t:|1784315637
|move|p2b: Pelipper|Hurricane|p1a: Sinistcha
|-supereffective|p1a: Sinistcha|1
|-damage|p1a: Sinistcha|0 fnt
|faint|p1a: Sinistcha
|
|win|BelinVGC
|raw|DuelSkiller's rating: 1071 → 1061(-10 for losing)
|raw|BelinVGC's rating: 1276 → 1288(+12 for winning)
|l|☆DuelSkiller
|player|p1|
