|j|☆new mental
|j|☆moriganpipe
|html|new mentalmoriganpipe    
|uhtml|bestof|Game 3 of a best-of-3
|t:|1785683817
|gametype|doubles
|player|p1|new mental|volkner|1373
|player|p2|moriganpipe|169|1229
|gen|9
|tier|[Gen 9 Champions] VGC 2026 Reg M-B (Bo3)
|rated|
|rule|Species Clause: Limit one of each Pokémon
|rule|Item Clause: Limit 1 of each item
|clearpoke
|poke|p1|Charizard, L50, M|
|poke|p1|Garchomp, L50, M|
|poke|p1|Incineroar, L50, F|
|poke|p1|Venusaur, L50, M|
|poke|p1|Toxapex, L50, M|
|poke|p1|Sylveon, L50, M|
|poke|p2|Froslass, L50, F|
|poke|p2|Rotom-Frost, L50|
|poke|p2|Incineroar, L50, F|
|poke|p2|Lycanroc-Dusk, L50, M|
|poke|p2|Garchomp, L50, M|
|poke|p2|Toxapex, L50, M|
|teampreview|4
|showteam|p1|Charizard||CharizarditeY|Blaze|WeatherBall,HeatWave,AncientPower,Protect|Modest||M|||50|]Garchomp||ChoiceScarf|RoughSkin|RockSlide,DragonClaw,Earthquake,StompingTantrum|Adamant||M|||50|]Incineroar||SitrusBerry|Intimidate|FlareBlitz,FakeOut,DarkestLariat,PartingShot|Impish||F|||50|]Venusaur||LifeOrb|Chlorophyll|SludgeBomb,LeafStorm,EarthPower,Protect|Modest||M|||50|]Toxapex||Leftovers|Regenerator|Infestation,Toxic,WideGuard,BanefulBunker|Bold||M|||50|]Sylveon||FairyFeather|Pixilate|HyperVoice,QuickAttack,Yawn,Detect|Modest||M|||50|
|showteam|p2|Froslass||Froslassite|CursedBody|Protect,Blizzard,ShadowBall,AuroraVeil|Timid||F|||50|]Rotom-Frost||ChoiceScarf|Levitate|Thunderbolt,Electroweb,Blizzard,Trick|Timid|||||50|]Incineroar||SitrusBerry|Intimidate|FakeOut,FlareBlitz,ThroatChop,PartingShot|Impish||F|||50|]Lycanroc-Dusk||FocusSash|ToughClaws|Protect,Accelerock,RockSlide,CloseCombat|Jolly||M|||50|]Garchomp||LifeOrb|RoughSkin|Protect,DragonClaw,StompingTantrum,RockSlide|Jolly||M|||50|]Toxapex||Leftovers|Regenerator|BanefulBunker,Infestation,Toxic,Haze|Bold||M|||50|
|inactive|Battle timer is ON: inactive players will automatically lose when time's up. (requested by moriganpipe)
|
|t:|1785683855
|teamsize|p1|4
|teamsize|p2|4
|start
|switch|p1a: Charizard|Charizard, L50, M|100/100
|switch|p1b: Incineroar|Incineroar, L50, F|100/100
|switch|p2a: Lycanroc|Lycanroc-Dusk, L50, M|100/100
|switch|p2b: Incineroar|Incineroar, L50, F|100/100
|-ability|p2b: Incineroar|Intimidate|boost
|-unboost|p1a: Charizard|atk|1
|-unboost|p1b: Incineroar|atk|1
|-ability|p1b: Incineroar|Intimidate|boost
|-unboost|p2a: Lycanroc|atk|1
|-unboost|p2b: Incineroar|atk|1
|turn|1
|
|t:|1785683868
|detailschange|p1a: Charizard|Charizard-Mega-Y, L50, M
|-mega|p1a: Charizard|Charizard|Charizardite Y
|-weather|SunnyDay|[from] ability: Drought|[of] p1a: Charizard
|move|p1a: Charizard|Protect|p1a: Charizard
|-singleturn|p1a: Charizard|Protect
|move|p2b: Incineroar|Fake Out|p1b: Incineroar
|-damage|p1b: Incineroar|94/100
|cant|p1b: Incineroar|flinch
|move|p2a: Lycanroc|Rock Slide|p1a: Charizard|[spread] p1b
|-activate|p1a: Charizard|move: Protect
|-supereffective|p1b: Incineroar|1
|-damage|p1b: Incineroar|67/100
|
|-weather|SunnyDay|[upkeep]
|upkeep
|turn|2
|
|t:|1785683893
|switch|p1a: Garchomp|Garchomp, L50, M|100/100
|move|p2a: Lycanroc|Rock Slide|p1b: Incineroar|[spread] p1a,p1b
|-resisted|p1a: Garchomp|1
|-supereffective|p1b: Incineroar|1
|-damage|p1a: Garchomp|90/100
|-damage|p1b: Incineroar|43/100
|-enditem|p1b: Incineroar|Sitrus Berry|[eat]
|-heal|p1b: Incineroar|67/100|[from] item: Sitrus Berry
|move|p2b: Incineroar|Throat Chop|p1b: Incineroar
|-resisted|p1b: Incineroar|1
|-damage|p1b: Incineroar|59/100
|-start|p1b: Incineroar|Throat Chop|[silent]
|move|p1b: Incineroar|Darkest Lariat|p2a: Lycanroc
|-damage|p2a: Lycanroc|66/100
|
|-weather|SunnyDay|[upkeep]
|upkeep
|turn|3
|
|t:|1785683913
|switch|p2a: Garchomp|Garchomp, L50, M|100/100
|switch|p1b: Charizard|Charizard-Mega-Y, L50, M|100/100
|move|p1a: Garchomp|Earthquake|p2a: Garchomp|[spread] p2a,p2b
|-immune|p1b: Charizard
|-supereffective|p2b: Incineroar|1
|-damage|p2a: Garchomp|61/100
|-damage|p2b: Incineroar|42/100
|-enditem|p2b: Incineroar|Sitrus Berry|[eat]
|-heal|p2b: Incineroar|67/100|[from] item: Sitrus Berry
|move|p2b: Incineroar|Parting Shot|p1a: Garchomp
|-unboost|p1a: Garchomp|atk|1
|-unboost|p1a: Garchomp|spa|1
|
|t:|1785683936
|switch|p2b: Froslass|Froslass, L50, F|100/100|[from] Parting Shot
|
|-weather|SunnyDay|[upkeep]
|upkeep
|turn|4
|
|t:|1785683955
|switch|p1a: Incineroar|Incineroar, L50, F|59/100
|-ability|p1a: Incineroar|Intimidate|boost
|-unboost|p2a: Garchomp|atk|1
|-unboost|p2b: Froslass|atk|1
|detailschange|p2b: Froslass|Froslass-Mega, L50, F
|-mega|p2b: Froslass|Froslass|Froslassite
|-weather|Snowscape|[from] ability: Snow Warning|[of] p2b: Froslass
|move|p2b: Froslass|Blizzard|p1b: Charizard|[spread] p1a,p1b
|-resisted|p1a: Incineroar|1
|-damage|p1a: Incineroar|40/100
|-damage|p1b: Charizard|62/100
|move|p2a: Garchomp|Rock Slide|p1a: Incineroar|[spread] p1a,p1b
|-supereffective|p1a: Incineroar|1
|-supereffective|p1b: Charizard|2
|-damage|p1a: Incineroar|14/100
|-damage|p1b: Charizard|0 fnt
|faint|p1b: Charizard
|-damage|p2a: Garchomp|51/100|[from] item: Life Orb
|
|-weather|Snowscape|[upkeep]
|upkeep
|
|t:|1785683975
|switch|p1b: Venusaur|Venusaur, L50, M|100/100
|turn|5
|
|t:|1785683997
|switch|p2a: Lycanroc|Lycanroc-Dusk, L50, M|66/100
|move|p1a: Incineroar|Fake Out|p2a: Lycanroc
|-resisted|p2a: Lycanroc|1
|-crit|p2a: Lycanroc
|-damage|p2a: Lycanroc|53/100
|move|p2b: Froslass|Blizzard|p1a: Incineroar|[spread] p1a,p1b
|-resisted|p1a: Incineroar|1
|-supereffective|p1b: Venusaur|1
|-damage|p1a: Incineroar|0 fnt
|-damage|p1b: Venusaur|3/100
|faint|p1a: Incineroar
|move|p1b: Venusaur|Sludge Bomb|p2b: Froslass
|-resisted|p2b: Froslass|1
|-damage|p2b: Froslass|66/100
|-status|p2b: Froslass|psn
|-damage|p1b: Venusaur|0 fnt|[from] item: Life Orb
|faint|p1b: Venusaur
|
|-weather|Snowscape|[upkeep]
|-damage|p2b: Froslass|53/100 psn|[from] psn
|upkeep
|
|t:|1785684001
|switch|p1b: Garchomp|Garchomp, L50, M|90/100
|turn|6
|
|t:|1785684016
|switch|p2a: Incineroar|Incineroar, L50, F|67/100
|-ability|p2a: Incineroar|Intimidate|boost
|-unboost|p1b: Garchomp|atk|1
|move|p2b: Froslass|Protect|p2b: Froslass
|-singleturn|p2b: Froslass|Protect
|move|p1b: Garchomp|Earthquake|p2a: Incineroar|[spread] p2a
|-activate|p2b: Froslass|move: Protect
|-supereffective|p2a: Incineroar|1
|-damage|p2a: Incineroar|24/100
|
|-weather|Snowscape|[upkeep]
|-damage|p2b: Froslass|41/100 psn|[from] psn
|upkeep
|turn|7
|
|t:|1785684027
|move|p2a: Incineroar|Fake Out|p1b: Garchomp
|-damage|p1b: Garchomp|79/100
|-damage|p2a: Incineroar|11/100|[from] ability: Rough Skin|[of] p1b: Garchomp
|cant|p1b: Garchomp|flinch
|move|p2b: Froslass|Blizzard|p1b: Garchomp
|-supereffective|p1b: Garchomp|2
|-damage|p1b: Garchomp|0 fnt
|faint|p1b: Garchomp
|
|win|moriganpipe
|raw|new mental's rating: 1373 → 1345(-28 for losing)
|raw|moriganpipe's rating: 1229 → 1264(+35 for winning)
