|j|☆jiggyjagga
|j|☆bingbingbangus
|html|jiggyjaggabingbingbangus    
|uhtml|bestof|Game 2 of a best-of-3
|t:|1785159456
|gametype|doubles
|player|p1|jiggyjagga|1|
|player|p2|bingbingbangus|265|
|gen|9
|tier|[Gen 9 Champions] VGC 2026 Reg M-B (Bo3)
|rule|Species Clause: Limit one of each Pokémon
|rule|Item Clause: Limit 1 of each item
|clearpoke
|poke|p1|Floette-Eternal, L50, F|
|poke|p1|Incineroar, L50, M, shiny|
|poke|p1|Kingambit, L50, F, shiny|
|poke|p1|Gholdengo, L50, shiny|
|poke|p1|Wyrdeer, L50, F, shiny|
|poke|p1|Pikachu, L50, M|
|poke|p2|Gengar, L50, M|
|poke|p2|Primarina, L50, M|
|poke|p2|Annihilape, L50, M|
|poke|p2|Clefable, L50, M|
|poke|p2|Rotom-Wash, L50|
|poke|p2|Scizor, L50, F|
|teampreview|4
|showteam|p1|Floette-Eternal||Floettite|FlowerVeil|LightofRuin,DazzlingGleam,Moonblast,Protect|Modest||F|||50|]Incineroar||SitrusBerry|Intimidate|FakeOut,PartingShot,FlareBlitz,HelpingHand|Adamant||M|||50|]Kingambit||ChopleBerry|Defiant|KowtowCleave,IronHead,Protect,SuckerPunch|Adamant||F|||50|]Gholdengo||MetalCoat|GoodasGold|MakeItRain,ShadowBall,NastyPlot,Protect|Modest|||||50|]Wyrdeer||Leftovers|Intimidate|PsyshieldBash,TrickRoom,EarthPower,Protect|Sassy||F|||50|]Pikachu||FocusSash|Static|FakeOut,Nuzzle,Wish,Encore|Jolly||M|||50|
|showteam|p2|Gengar||Gengarite|CursedBody|ShadowBall,SludgeBomb,Protect,PerishSong|Timid||M|||50|]Primarina||Leftovers|Torrent|HyperVoice,Moonblast,Protect,Haze|Calm||M|||50|]Annihilape||SitrusBerry|InnerFocus|RageFist,DrainPunch,BulkUp,Protect|Adamant||M|||50|]Clefable||FocusSash|Unaware|FollowMe,HelpingHand,Moonblast,Protect|Calm||M|||50|]Rotom-Wash||ExpertBelt|Levitate|HydroPump,VoltSwitch,WillOWisp,Protect|Calm|||||50|]Scizor||MuscleBand|Swarm|BulletPunch,Uturn,DualWingbeat,CloseCombat|Adamant||F|||50|
|
|t:|1785159473
|teamsize|p1|4
|teamsize|p2|4
|start
|switch|p1a: Incineroar|Incineroar, L50, M, shiny|100/100
|switch|p1b: Kingambit|Kingambit, L50, F, shiny|100/100
|switch|p2a: dr goon|Gengar, L50, M|100/100
|switch|p2b: random ass guy|Clefable, L50, M|100/100
|-ability|p1a: Incineroar|Intimidate|boost
|-unboost|p2a: dr goon|atk|1
|-unboost|p2b: random ass guy|atk|1
|turn|1
|
|t:|1785159494
|detailschange|p2a: dr goon|Gengar-Mega, L50, M
|-mega|p2a: dr goon|Gengar|Gengarite
|move|p1a: Incineroar|Fake Out|p2b: random ass guy
|-damage|p2b: random ass guy|82/100
|cant|p2b: random ass guy|flinch
|move|p2a: dr goon|Perish Song|p2a: dr goon
|-start|p1a: Incineroar|perish3|[silent]
|-start|p1b: Kingambit|perish3|[silent]
|-start|p2a: dr goon|perish3|[silent]
|-start|p2b: random ass guy|perish3|[silent]
|-fieldactivate|move: Perish Song
|move|p1b: Kingambit|Kowtow Cleave|p2a: dr goon
|-supereffective|p2a: dr goon|1
|-damage|p2a: dr goon|0 fnt
|faint|p2a: dr goon
|
|-start|p2b: random ass guy|perish3
|-start|p1a: Incineroar|perish3
|-start|p1b: Kingambit|perish3
|upkeep
|
|t:|1785159509
|switch|p2a: goonmaxx armstrong|Annihilape, L50, M|100/100
|turn|2
|
|t:|1785159522
|switch|p1b: Wyrdeer|Wyrdeer, L50, F, shiny|100/100
|-ability|p1b: Wyrdeer|Intimidate|boost
|-fail|p2a: goonmaxx armstrong|unboost|Attack|[from] ability: Inner Focus|[of] p2a: goonmaxx armstrong
|-unboost|p2b: random ass guy|atk|1
|move|p2b: random ass guy|Helping Hand|p2a: goonmaxx armstrong
|-singleturn|p2a: goonmaxx armstrong|Helping Hand|[of] p2b: random ass guy
|move|p2a: goonmaxx armstrong|Drain Punch|p1b: Wyrdeer
|-damage|p1b: Wyrdeer|32/100
|move|p1a: Incineroar|Parting Shot|p2a: goonmaxx armstrong
|-unboost|p2a: goonmaxx armstrong|atk|1
|-unboost|p2a: goonmaxx armstrong|spa|1
|
|t:|1785159539
|switch|p1a: Kingambit|Kingambit, L50, F, shiny|100/100|[from] Parting Shot
|
|-heal|p1b: Wyrdeer|39/100|[from] item: Leftovers
|-start|p2b: random ass guy|perish2
|upkeep
|turn|3
|
|t:|1785159549
|move|p2b: random ass guy|Helping Hand|p2a: goonmaxx armstrong
|-singleturn|p2a: goonmaxx armstrong|Helping Hand|[of] p2b: random ass guy
|move|p1a: Kingambit|Sucker Punch|p2a: goonmaxx armstrong
|-damage|p2a: goonmaxx armstrong|55/100
|move|p2a: goonmaxx armstrong|Drain Punch|p1a: Kingambit
|-supereffective|p1a: Kingambit|2
|-enditem|p1a: Kingambit|Chople Berry|[eat]
|-enditem|p1a: Kingambit|Chople Berry|[weaken]
|-damage|p1a: Kingambit|36/100
|-heal|p2a: goonmaxx armstrong|85/100|[from] drain|[of] p1a: Kingambit
|move|p1b: Wyrdeer|Trick Room|p1b: Wyrdeer
|-fieldstart|move: Trick Room|[of] p1b: Wyrdeer
|
|-heal|p1b: Wyrdeer|45/100|[from] item: Leftovers
|-start|p2b: random ass guy|perish1
|upkeep
|turn|4
|
|t:|1785159572
|switch|p2b: non goon normie|Primarina, L50, M|100/100
|move|p2a: goonmaxx armstrong|Protect|p2a: goonmaxx armstrong
|-singleturn|p2a: goonmaxx armstrong|Protect
|move|p1a: Kingambit|Iron Head|p2b: non goon normie
|-damage|p2b: non goon normie|43/100
|move|p1b: Wyrdeer|Psyshield Bash|p2a: goonmaxx armstrong
|-activate|p2a: goonmaxx armstrong|move: Protect
|
|-heal|p1b: Wyrdeer|51/100|[from] item: Leftovers
|-heal|p2b: non goon normie|49/100|[from] item: Leftovers
|upkeep
|turn|5
|
|t:|1785159604
|move|p2a: goonmaxx armstrong|Protect|p2a: goonmaxx armstrong
|-singleturn|p2a: goonmaxx armstrong|Protect
|move|p1a: Kingambit|Kowtow Cleave|p2a: goonmaxx armstrong
|-activate|p2a: goonmaxx armstrong|move: Protect
|move|p1b: Wyrdeer|Psyshield Bash|p2a: goonmaxx armstrong
|-activate|p2a: goonmaxx armstrong|move: Protect
|move|p2b: non goon normie|Haze|p2b: non goon normie
|-clearallboost
|
|-heal|p1b: Wyrdeer|57/100|[from] item: Leftovers
|-heal|p2b: non goon normie|55/100|[from] item: Leftovers
|upkeep
|turn|6
|
|t:|1785159636
|move|p1a: Kingambit|Kowtow Cleave|p2a: goonmaxx armstrong
|-damage|p2a: goonmaxx armstrong|34/100
|-enditem|p2a: goonmaxx armstrong|Sitrus Berry|[eat]
|-heal|p2a: goonmaxx armstrong|59/100|[from] item: Sitrus Berry
|move|p1b: Wyrdeer|Psyshield Bash|p2a: goonmaxx armstrong
|-supereffective|p2a: goonmaxx armstrong|1
|-damage|p2a: goonmaxx armstrong|0 fnt
|-boost|p1b: Wyrdeer|def|1
|faint|p2a: goonmaxx armstrong
|move|p2b: non goon normie|Moonblast|p1b: Wyrdeer
|-damage|p1b: Wyrdeer|29/100
|
|-heal|p1b: Wyrdeer|35/100|[from] item: Leftovers
|-heal|p2b: non goon normie|60/100|[from] item: Leftovers
|upkeep
|
|t:|1785159650
|switch|p2a: random ass guy|Clefable, L50, M|82/100
|turn|7
|
|t:|1785159668
|move|p2a: random ass guy|Helping Hand|p2b: non goon normie
|-singleturn|p2b: non goon normie|Helping Hand|[of] p2a: random ass guy
|move|p1b: Wyrdeer|Protect|p1b: Wyrdeer
|-singleturn|p1b: Wyrdeer|Protect
|move|p1a: Kingambit|Iron Head|p2b: non goon normie
|-damage|p2b: non goon normie|7/100
|move|p2b: non goon normie|Hyper Voice|p1a: Kingambit|[spread] p1a
|-activate|p1b: Wyrdeer|move: Protect
|-resisted|p1a: Kingambit|1
|-crit|p1a: Kingambit
|-damage|p1a: Kingambit|14/100
|
|-heal|p1b: Wyrdeer|41/100|[from] item: Leftovers
|-heal|p2b: non goon normie|13/100|[from] item: Leftovers
|-fieldend|move: Trick Room
|upkeep
|turn|8
|
|t:|1785159693
|switch|p1b: Incineroar|Incineroar, L50, M, shiny|100/100
|-ability|p1b: Incineroar|Intimidate|boost
|-unboost|p2a: random ass guy|atk|1
|-unboost|p2b: non goon normie|atk|1
|move|p2a: random ass guy|Follow Me|p2a: random ass guy
|-singleturn|p2a: random ass guy|move: Follow Me
|move|p2b: non goon normie|Moonblast|p1a: Kingambit
|-damage|p1a: Kingambit|0 fnt
|faint|p1a: Kingambit
|
|-heal|p2b: non goon normie|19/100|[from] item: Leftovers
|upkeep
|
|t:|1785159701
|switch|p1a: Floette|Floette-Eternal, L50, F|100/100
|turn|9
|
|t:|1785159717
|detailschange|p1a: Floette|Floette-Mega, L50, F
|-mega|p1a: Floette|Floette|Floettite
|-ability|p1a: Floette|Fairy Aura
|move|p2a: random ass guy|Protect|p2a: random ass guy
|-singleturn|p2a: random ass guy|Protect
|move|p2b: non goon normie|Protect|p2b: non goon normie
|-singleturn|p2b: non goon normie|Protect
|move|p1b: Incineroar|Fake Out|p2a: random ass guy
|-activate|p2a: random ass guy|move: Protect
|move|p1a: Floette|Dazzling Gleam|p2a: random ass guy|[spread] 
|-activate|p2a: random ass guy|move: Protect
|-activate|p2b: non goon normie|move: Protect
|
|-heal|p2b: non goon normie|25/100|[from] item: Leftovers
|upkeep
|turn|10
|
|t:|1785159742
|move|p1b: Incineroar|Helping Hand|p1a: Floette
|-singleturn|p1a: Floette|Helping Hand|[of] p1b: Incineroar
|move|p2a: random ass guy|Helping Hand|p2b: non goon normie
|-singleturn|p2b: non goon normie|Helping Hand|[of] p2a: random ass guy
|move|p1a: Floette|Dazzling Gleam|p2b: non goon normie|[spread] p2a,p2b
|-damage|p2a: random ass guy|26/100
|-damage|p2b: non goon normie|0 fnt
|faint|p2b: non goon normie
|
|upkeep
|turn|11
|
|t:|1785159755
|move|p1a: Floette|Light of Ruin|p2a: random ass guy
|-damage|p2a: random ass guy|0 fnt
|faint|p2a: random ass guy
|-damage|p1a: Floette|82/100|[from] Recoil
|
|win|jiggyjagga
