|j|☆toxiccroc12
|j|☆satandagiii2005
|html|toxiccroc12satandagiii2005    
|uhtml|bestof|Game 3 of a best-of-3
|t:|1784330915
|gametype|doubles
|player|p1|toxiccroc12|101|1079
|player|p2|satandagiii2005|byron|1169
|gen|9
|tier|[Gen 9 Champions] VGC 2026 Reg M-B (Bo3)
|rated|
|rule|Species Clause: Limit one of each Pokémon
|rule|Item Clause: Limit 1 of each item
|clearpoke
|poke|p1|Floette-Eternal, L50, F|
|poke|p1|Incineroar, L50, M|
|poke|p1|Sinistcha, L50|
|poke|p1|Delphox, L50, M|
|poke|p1|Sneasler, L50, F|
|poke|p1|Kingambit, L50, M|
|poke|p2|Venusaur, L50, F|
|poke|p2|Grimmsnarl, L50, M|
|poke|p2|Pelipper, L50, M|
|poke|p2|Archaludon, L50, M|
|poke|p2|Swampert, L50, M|
|poke|p2|Hydreigon, L50, M|
|teampreview|4
|showteam|p1|Floette-Eternal||Floettite|FlowerVeil|DazzlingGleam,DrainingKiss,CalmMind,Protect|Modest||F|||50|]Incineroar||SitrusBerry|Intimidate|FlareBlitz,FakeOut,PartingShot,HelpingHand|Impish||M|||50|]Sinistcha||OccaBerry|Hospitality|MatchaGotcha,RagePowder,TrickRoom,Protect|Relaxed|||||50|]Delphox||Delphoxite|Blaze|HeatWave,Psyshock,NastyPlot,Protect|Timid||M|||50|]Sneasler||FocusSash|PoisonTouch|PoisonJab,CloseCombat,FakeOut,QuickGuard|Jolly||F|||50|]Kingambit||BlackGlasses|Defiant|KowtowCleave,SuckerPunch,SwordsDance,Protect|Adamant||M|||50|
|showteam|p2|Venusaur||Venusaurite|Chlorophyll|Protect,GigaDrain,EarthPower,SludgeBomb|Modest||F|||50|]Grimmsnarl||LightClay|Prankster|SpiritBreak,Reflect,LightScreen,PartingShot|Careful||M|||50|]Pelipper||SitrusBerry|Drizzle|WeatherBall,Hurricane,Tailwind,WideGuard|Modest||M|||50|]Archaludon||Leftovers|Stamina|Protect,ElectroShot,DragonPulse,FlashCannon|Calm||M|||50|]Swampert||Swampertite|Torrent|Protect,WaveCrash,Earthquake,IcePunch|Adamant||M|||50|]Hydreigon||ChoiceScarf|Levitate|DarkPulse,Snarl,DracoMeteor,Uturn|Timid||M|||50|
|
|t:|1784330969
|teamsize|p1|4
|teamsize|p2|4
|start
|switch|p1a: Sneasler|Sneasler, L50, F|100/100
|switch|p1b: Sinistcha|Sinistcha, L50|100/100
|switch|p2a: Grimmsnarl|Grimmsnarl, L50, M|100/100
|switch|p2b: Swampert|Swampert, L50, M|100/100
|turn|1
|
|t:|1784330995
|switch|p2b: Pelipper|Pelipper, L50, M|100/100
|-weather|RainDance|[from] ability: Drizzle|[of] p2b: Pelipper
|move|p1a: Sneasler|Fake Out|p2b: Pelipper
|-damage|p2b: Pelipper|83/100
|move|p2a: Grimmsnarl|Light Screen|p2a: Grimmsnarl
|-sidestart|p2: satandagiii2005|move: Light Screen
|move|p1b: Sinistcha|Trick Room|p1b: Sinistcha
|-fieldstart|move: Trick Room|[of] p1b: Sinistcha
|
|-weather|RainDance|[upkeep]
|upkeep
|turn|2
|
|t:|1784331032
|switch|p1a: Floette|Floette-Eternal, L50, F|100/100
|move|p1b: Sinistcha|Protect|p1b: Sinistcha
|-singleturn|p1b: Sinistcha|Protect
|move|p2a: Grimmsnarl|Parting Shot|p1a: Floette
|-unboost|p1a: Floette|atk|1
|-unboost|p1a: Floette|spa|1
|
|t:|1784331052
|switch|p2a: Swampert|Swampert, L50, M|100/100|[from] Parting Shot
|move|p2b: Pelipper|Hurricane|p1a: Floette
|-damage|p1a: Floette|65/100
|
|-weather|RainDance|[upkeep]
|upkeep
|turn|3
|
|t:|1784331067
|detailschange|p2a: Swampert|Swampert-Mega, L50, M
|-mega|p2a: Swampert|Swampert|Swampertite
|detailschange|p1a: Floette|Floette-Mega, L50, F
|-mega|p1a: Floette|Floette|Floettite
|-ability|p1a: Floette|Fairy Aura
|move|p2b: Pelipper|Wide Guard|p2b: Pelipper
|-singleturn|p2b: Pelipper|Wide Guard
|move|p1b: Sinistcha|Matcha Gotcha|p2b: Pelipper|[spread] 
|-activate|p2a: Swampert|move: Wide Guard
|-activate|p2b: Pelipper|move: Wide Guard
|move|p1a: Floette|Calm Mind|p1a: Floette
|-boost|p1a: Floette|spa|1
|-boost|p1a: Floette|spd|1
|move|p2a: Swampert|Earthquake|p1b: Sinistcha|[spread] p1a,p1b
|-activate|p2b: Pelipper|move: Wide Guard
|-resisted|p1b: Sinistcha|1
|-damage|p1a: Floette|15/100
|-damage|p1b: Sinistcha|83/100
|
|-weather|RainDance|[upkeep]
|upkeep
|turn|4
|
|t:|1784331134
|move|p2b: Pelipper|Wide Guard|p2b: Pelipper
|-singleturn|p2b: Pelipper|Wide Guard
|move|p1b: Sinistcha|Rage Powder|p1b: Sinistcha
|-singleturn|p1b: Sinistcha|move: Rage Powder
|move|p1a: Floette|Draining Kiss|p2b: Pelipper
|-damage|p2b: Pelipper|53/100
|-heal|p1a: Floette|38/100|[from] drain|[of] p2b: Pelipper
|move|p2a: Swampert|Earthquake|p1b: Sinistcha|[spread] p1a,p1b
|-activate|p2b: Pelipper|move: Wide Guard
|-resisted|p1b: Sinistcha|1
|-damage|p1a: Floette|0 fnt
|-damage|p1b: Sinistcha|65/100
|faint|p1a: Floette
|
|-weather|RainDance|[upkeep]
|upkeep
|
|t:|1784331145
|switch|p1a: Incineroar|Incineroar, L50, M|100/100
|-ability|p1a: Incineroar|Intimidate|boost
|-unboost|p2a: Swampert|atk|1
|-unboost|p2b: Pelipper|atk|1
|turn|5
|
|t:|1784331155
|switch|p2a: Grimmsnarl|Grimmsnarl, L50, M|100/100
|move|p1a: Incineroar|Fake Out|p2b: Pelipper
|-damage|p2b: Pelipper|40/100
|-enditem|p2b: Pelipper|Sitrus Berry|[eat]
|-heal|p2b: Pelipper|65/100|[from] item: Sitrus Berry
|move|p1b: Sinistcha|Matcha Gotcha|p2a: Grimmsnarl|[spread] p2b
|-miss|p1b: Sinistcha|p2a: Grimmsnarl
|-damage|p2b: Pelipper|47/100
|-heal|p1b: Sinistcha|74/100|[from] drain|[of] p2b: Pelipper
|cant|p2b: Pelipper|flinch
|
|-weather|none
|-fieldend|move: Trick Room
|upkeep
|turn|6
|inactive|Battle timer is ON: inactive players will automatically lose when time's up. (requested by satandagiii2005)
|
|t:|1784331203
|switch|p2b: Hydreigon|Hydreigon, L50, M|100/100
|move|p2a: Grimmsnarl|Reflect|p2a: Grimmsnarl
|-sidestart|p2: satandagiii2005|Reflect
|move|p1a: Incineroar|Parting Shot|p2b: Hydreigon
|-unboost|p2b: Hydreigon|atk|1
|-unboost|p2b: Hydreigon|spa|1
|
|t:|1784331210
|switch|p1a: Sneasler|Sneasler, L50, F|100/100|[from] Parting Shot
|move|p1b: Sinistcha|Matcha Gotcha|p2b: Hydreigon|[spread] p2a,p2b
|-resisted|p2b: Hydreigon|1
|-damage|p2a: Grimmsnarl|86/100
|-heal|p1b: Sinistcha|82/100|[from] drain|[of] p2a: Grimmsnarl
|-damage|p2b: Hydreigon|90/100
|-heal|p1b: Sinistcha|86/100|[from] drain|[of] p2b: Hydreigon
|-status|p2a: Grimmsnarl|brn
|-status|p2b: Hydreigon|brn
|
|-damage|p2b: Hydreigon|84/100 brn|[from] brn
|-damage|p2a: Grimmsnarl|80/100 brn|[from] brn
|upkeep
|turn|7
|inactive|toxiccroc12 has 30 seconds left.
|inactive|satandagiii2005 has 30 seconds left.
|
|t:|1784331247
|switch|p1b: Incineroar|Incineroar, L50, M|100/100
|-ability|p1b: Incineroar|Intimidate|boost
|-unboost|p2a: Grimmsnarl|atk|1
|-unboost|p2b: Hydreigon|atk|1
|move|p2a: Grimmsnarl|Parting Shot|p1a: Sneasler
|-unboost|p1a: Sneasler|atk|1
|-unboost|p1a: Sneasler|spa|1
|
|t:|1784331263
|switch|p2a: Pelipper|Pelipper, L50, M|47/100|[from] Parting Shot
|-weather|RainDance|[from] ability: Drizzle|[of] p2a: Pelipper
|move|p2b: Hydreigon|U-turn|p1a: Sneasler
|-resisted|p1a: Sneasler|2
|-damage|p1a: Sneasler|98/100
|
|t:|1784331270
|switch|p2b: Swampert|Swampert-Mega, L50, M|100/100|[from] U-turn
|move|p1a: Sneasler|Poison Jab|p2a: Pelipper
|-damage|p2a: Pelipper|26/100
|-status|p2a: Pelipper|psn
|
|-weather|RainDance|[upkeep]
|-damage|p2a: Pelipper|14/100 psn|[from] psn
|upkeep
|turn|8
|inactive|toxiccroc12 has 30 seconds left.
|
|t:|1784331305
|move|p1b: Incineroar|Fake Out|p2b: Swampert
|-damage|p2b: Swampert|93/100
|cant|p2b: Swampert|flinch
|move|p1a: Sneasler|Poison Jab|p2a: Pelipper
|-damage|p2a: Pelipper|0 fnt
|faint|p2a: Pelipper
|
|-weather|RainDance|[upkeep]
|-sideend|p2: satandagiii2005|move: Light Screen
|upkeep
|
|t:|1784331314
|switch|p2a: Grimmsnarl|Grimmsnarl, L50, M|80/100 brn
|turn|9
|inactive|toxiccroc12 has 30 seconds left.
|inactive|toxiccroc12 has 20 seconds left.
|inactive|toxiccroc12 has 15 seconds left.
|inactive|toxiccroc12 has 10 seconds left.
|inactive|toxiccroc12 has 5 seconds left.
|
|t:|1784331368
|switch|p1b: Sinistcha|Sinistcha, L50|86/100
|-heal|p1a: Sneasler|100/100|[from] ability: Hospitality|[of] p1b: Sinistcha
|move|p2a: Grimmsnarl|Parting Shot|p1a: Sneasler
|-unboost|p1a: Sneasler|atk|1
|-unboost|p1a: Sneasler|spa|1
|
|t:|1784331375
|switch|p2a: Hydreigon|Hydreigon, L50, M|84/100 brn|[from] Parting Shot
|move|p2b: Swampert|Earthquake|p1b: Sinistcha|[spread] p1a,p1b
|-immune|p2a: Hydreigon|[from] ability: Levitate
|-supereffective|p1a: Sneasler|1
|-resisted|p1b: Sinistcha|1
|-enditem|p1a: Sneasler|Focus Sash
|-damage|p1a: Sneasler|1/100
|-damage|p1b: Sinistcha|69/100
|move|p1a: Sneasler|Poison Jab|p2b: Swampert
|-resisted|p2b: Swampert|1
|-damage|p2b: Swampert|87/100
|
|-weather|RainDance|[upkeep]
|-damage|p2a: Hydreigon|78/100 brn|[from] brn
|upkeep
|turn|10
|inactive|toxiccroc12 has 30 seconds left.
|inactive|satandagiii2005 has 30 seconds left.
|inactive|toxiccroc12 has 20 seconds left.
|inactive|satandagiii2005 has 20 seconds left.
|inactive|toxiccroc12 has 15 seconds left.
|
|t:|1784331417
|switch|p1a: Incineroar|Incineroar, L50, M|100/100
|-ability|p1a: Incineroar|Intimidate|boost
|-unboost|p2a: Hydreigon|atk|1
|-unboost|p2b: Swampert|atk|1
|move|p2a: Hydreigon|Snarl|p1b: Sinistcha|[spread] p1a,p1b
|-resisted|p1a: Incineroar|1
|-supereffective|p1b: Sinistcha|1
|-damage|p1a: Incineroar|90/100
|-damage|p1b: Sinistcha|29/100
|-unboost|p1a: Incineroar|spa|1
|-unboost|p1b: Sinistcha|spa|1
|move|p2b: Swampert|Ice Punch|p1b: Sinistcha
|-supereffective|p1b: Sinistcha|1
|-damage|p1b: Sinistcha|0 fnt
|faint|p1b: Sinistcha
|
|-weather|RainDance|[upkeep]
|-damage|p2a: Hydreigon|72/100 brn|[from] brn
|upkeep
|
|t:|1784331431
|switch|p1b: Sneasler|Sneasler, L50, F|1/100
|turn|11
|
|t:|1784331451
|move|p1a: Incineroar|Fake Out|p2a: Hydreigon
|-damage|p2a: Hydreigon|63/100 brn
|cant|p2a: Hydreigon|flinch
|move|p2b: Swampert|Earthquake|p1a: Incineroar|[spread] p1a,p1b
|-immune|p2a: Hydreigon|[from] ability: Levitate
|-supereffective|p1a: Incineroar|1
|-supereffective|p1b: Sneasler|1
|-damage|p1a: Incineroar|42/100
|-damage|p1b: Sneasler|0 fnt
|-enditem|p1a: Incineroar|Sitrus Berry|[eat]
|-heal|p1a: Incineroar|67/100|[from] item: Sitrus Berry
|faint|p1b: Sneasler
|
|-weather|none
|-damage|p2a: Hydreigon|57/100 brn|[from] brn
|upkeep
|turn|12
|c|☆satandagiii2005|gg
|c|☆toxiccroc12|gg
|-message|toxiccroc12 forfeited.
|
|win|satandagiii2005
|raw|toxiccroc12's rating: 1079 → 1063(-16 for losing)
|raw|satandagiii2005's rating: 1169 → 1188(+19 for winning)
|c|☆satandagiii2005|wp
|c|☆toxiccroc12|u2
|c|☆satandagiii2005|ty
|l|☆toxiccroc12
|player|p1|
