|j|Ōśåkirbyvgc wow
|j|ŌśåJeanChasuble
|html|kirbyvgc wowJeanChasuble    
|uhtml|bestof|Game 3 of a best-of-3
|t:|1756561310
|gametype|doubles
|player|p1|kirbyvgc wow|tuberf|1100
|player|p2|JeanChasuble|cheren-gen5bw2|1180
|gen|9
|tier|[Gen 9] VGC 2025 Reg H (Bo3)
|rated|
|rule|Species Clause: Limit one of each Pok├®mon
|rule|Item Clause: Limit 1 of each item
|clearpoke
|poke|p1|Dragonite, L50, M|
|poke|p1|Volcarona, L50, F|
|poke|p1|Sneasler, L50, M|
|poke|p1|Rillaboom, L50, M|
|poke|p1|Electabuzz, L50, M|
|poke|p1|Kingambit, L50, M|
|poke|p2|Volcarona, L50, M|
|poke|p2|Rillaboom, L50, F|
|poke|p2|Electabuzz, L50, F|
|poke|p2|Sneasler, L50, M|
|poke|p2|Kingambit, L50, M|
|poke|p2|Dragonite, L50, M|
|teampreview|4
|showteam|p1|Dragonite||LoadedDice|Multiscale|ScaleShot,ExtremeSpeed,Haze,Protect|||M|||50|,,,,,Fairy]Volcarona||CovertCloak|FlameBody|HeatWave,TeraBlast,QuiverDance,Protect|||F|||50|,,,,,Fairy]Sneasler||FocusSash|Unburden|CloseCombat,DireClaw,Coaching,Protect|||M|||50|,,,,,Stellar]Rillaboom||AssaultVest|GrassySurge|WoodHammer,GrassyGlide,HighHorsepower,FakeOut|||M|||50|,,,,,Water]Electabuzz||Eviolite|VitalSpirit|Thunderbolt,FollowMe,Taunt,Protect|||M|||50|,,,,,Ghost]Kingambit||BlackGlasses|Defiant|KowtowCleave,SuckerPunch,SwordsDance,Protect|||M|||50|,,,,,Dark
|showteam|p2|Volcarona||Leftovers|FlameBody|HeatWave,TeraBlast,QuiverDance,Protect|||M|||50|,,,,,Fairy]Rillaboom||AssaultVest|GrassySurge|WoodHammer,GrassyGlide,FakeOut,HighHorsepower|||F|||50|,,,,,Fire]Electabuzz||Eviolite|VitalSpirit|Electroweb,FollowMe,Taunt,Protect|||F|||50|,,,,,Ghost]Sneasler||FocusSash|PoisonTouch|DireClaw,CloseCombat,FakeOut,Coaching|||M|||50|,,,,,Stellar]Kingambit||SafetyGoggles|Defiant|SuckerPunch,KowtowCleave,SwordsDance,Protect|||M|||50|,,,,,Dark]Dragonite||LoadedDice|Multiscale|ScaleShot,ExtremeSpeed,Haze,Protect|||M|||50|,,,,,Steel
|
|t:|1756561360
|teamsize|p1|4
|teamsize|p2|4
|start
|switch|p1a: Sneasler|Sneasler, L50, M|100/100
|switch|p1b: Volcarona|Volcarona, L50, F|100/100
|switch|p2a: Dragonite|Dragonite, L50, M|100/100
|switch|p2b: Sneasler|Sneasler, L50, M|100/100
|turn|1
|
|t:|1756561384
|-terastallize|p1b: Volcarona|Fairy
|move|p1a: Sneasler|Close Combat|p2a: Dragonite
|-resisted|p2a: Dragonite
|-damage|p2a: Dragonite|83/100
|-unboost|p1a: Sneasler|def|1
|-unboost|p1a: Sneasler|spd|1
|move|p2b: Sneasler|Dire Claw|p1b: Volcarona
|-supereffective|p1b: Volcarona
|-damage|p1b: Volcarona|0 fnt
|faint|p1b: Volcarona
|move|p2a: Dragonite|Scale Shot|p1a: Sneasler
|-damage|p1a: Sneasler|62/100
|-damage|p1a: Sneasler|21/100
|-damage|p1a: Sneasler|0 fnt
|faint|p1a: Sneasler
|-hitcount|p1: Sneasler|3
|-unboost|p2a: Dragonite|def|1
|-boost|p2a: Dragonite|spe|1
|
|upkeep
|c|Ōśåkirbyvgc wow|that's gg lol
|
|t:|1756561406
|switch|p1a: Dragonite|Dragonite, L50, M|100/100
|switch|p1b: Electabuzz|Electabuzz, L50, M|100/100
|turn|2
|c|ŌśåJeanChasuble|nice t1 lol
|c|Ōśåkirbyvgc wow|I might have made a bad call!
|c|ŌśåJeanChasuble|indeed
|
|t:|1756561456
|-terastallize|p2a: Dragonite|Steel
|move|p1b: Electabuzz|Follow Me|p1b: Electabuzz
|-singleturn|p1b: Electabuzz|move: Follow Me
|move|p2a: Dragonite|Scale Shot|p1b: Electabuzz
|-damage|p1b: Electabuzz|90/100
|-damage|p1b: Electabuzz|79/100
|-damage|p1b: Electabuzz|68/100
|-damage|p1b: Electabuzz|58/100
|-hitcount|p1b: Electabuzz|4
|-unboost|p2a: Dragonite|def|1
|-boost|p2a: Dragonite|spe|1
|move|p2b: Sneasler|Close Combat|p1b: Electabuzz
|-damage|p1b: Electabuzz|8/100
|-unboost|p2b: Sneasler|def|1
|-unboost|p2b: Sneasler|spd|1
|move|p1a: Dragonite|Scale Shot|p2a: Dragonite
|-resisted|p2a: Dragonite
|-damage|p2a: Dragonite|68/100
|-resisted|p2a: Dragonite
|-damage|p2a: Dragonite|52/100
|-resisted|p2a: Dragonite
|-damage|p2a: Dragonite|35/100
|-resisted|p2a: Dragonite
|-damage|p2a: Dragonite|18/100
|-resisted|p2a: Dragonite
|-damage|p2a: Dragonite|1/100
|-hitcount|p2a: Dragonite|5
|-unboost|p1a: Dragonite|def|1
|-boost|p1a: Dragonite|spe|1
|
|upkeep
|turn|3
|
|t:|1756561511
|switch|p2b: Electabuzz|Electabuzz, L50, F|100/100
|move|p2a: Dragonite|Protect|p2a: Dragonite
|-singleturn|p2a: Dragonite|Protect
|move|p1b: Electabuzz|Protect|p1b: Electabuzz
|-singleturn|p1b: Electabuzz|Protect
|move|p1a: Dragonite|Extreme Speed|p2a: Dragonite
|-activate|p2a: Dragonite|move: Protect
|
|upkeep
|turn|4
|inactive|Battle timer is ON: inactive players will automatically lose when time's up. (requested by JeanChasuble)
|
|t:|1756561539
|move|p1a: Dragonite|Extreme Speed|p2a: Dragonite
|-resisted|p2a: Dragonite
|-damage|p2a: Dragonite|0 fnt
|faint|p2a: Dragonite
|move|p2b: Electabuzz|Follow Me|p2b: Electabuzz
|-singleturn|p2b: Electabuzz|move: Follow Me
|move|p1b: Electabuzz|Taunt|p2b: Electabuzz
|-start|p2b: Electabuzz|move: Taunt
|
|upkeep
|
|t:|1756561551
|switch|p2a: Sneasler|Sneasler, L50, M|100/100
|turn|5
|inactive|kirbyvgc wow has 30 seconds left.
|inactive|kirbyvgc wow has 20 seconds left.
|
|t:|1756561587
|move|p1b: Electabuzz|Protect|p1b: Electabuzz
|-singleturn|p1b: Electabuzz|Protect
|move|p2a: Sneasler|Fake Out|p1a: Dragonite
|-damage|p1a: Dragonite|88/100
|cant|p1a: Dragonite|flinch
|move|p2b: Electabuzz|Electroweb|p1b: Electabuzz|[spread] p1a
|-activate|p1b: Electabuzz|move: Protect
|-damage|p1a: Dragonite|73/100
|-unboost|p1a: Dragonite|spe|1
|
|upkeep
|turn|6
|
|t:|1756561609
|move|p1b: Electabuzz|Follow Me|p1b: Electabuzz
|-singleturn|p1b: Electabuzz|move: Follow Me
|move|p2a: Sneasler|Dire Claw|p1b: Electabuzz
|-damage|p1b: Electabuzz|0 fnt
|faint|p1b: Electabuzz
|move|p2b: Electabuzz|Electroweb|p1a: Dragonite
|-damage|p1a: Dragonite|53/100
|-unboost|p1a: Dragonite|spe|1
|move|p1a: Dragonite|Scale Shot|p2a: Sneasler
|-damage|p2a: Sneasler|75/100
|-damage|p2a: Sneasler|50/100
|-damage|p2a: Sneasler|22/100
|-damage|p2a: Sneasler|0 fnt
|faint|p2a: Sneasler
|-hitcount|p2: Sneasler|4
|-unboost|p1a: Dragonite|def|1
|-boost|p1a: Dragonite|spe|1
|
|upkeep
|
|t:|1756561617
|switch|p2a: Volcarona|Volcarona, L50, M|100/100
|turn|7
|inactive|kirbyvgc wow has 30 seconds left.
|
|t:|1756561654
|move|p2a: Volcarona|Tera Blast|p1a: Dragonite
|-damage|p1a: Dragonite|26/100
|move|p2b: Electabuzz|Electroweb|p1a: Dragonite
|-damage|p1a: Dragonite|4/100
|-unboost|p1a: Dragonite|spe|1
|move|p1a: Dragonite|Scale Shot|p2b: Electabuzz
|-damage|p2b: Electabuzz|88/100
|-damage|p2b: Electabuzz|76/100
|-damage|p2b: Electabuzz|64/100
|-damage|p2b: Electabuzz|51/100
|-damage|p2b: Electabuzz|39/100
|-hitcount|p2b: Electabuzz|5
|-unboost|p1a: Dragonite|def|1
|-boost|p1a: Dragonite|spe|1
|
|-end|p2b: Electabuzz|move: Taunt
|upkeep
|turn|8
|
|t:|1756561671
|move|p2b: Electabuzz|Follow Me|p2b: Electabuzz
|-singleturn|p2b: Electabuzz|move: Follow Me
|move|p1a: Dragonite|Extreme Speed|p2b: Electabuzz
|-damage|p2b: Electabuzz|13/100
|move|p2a: Volcarona|Tera Blast|p1a: Dragonite
|-damage|p1a: Dragonite|0 fnt
|faint|p1a: Dragonite
|
|win|JeanChasuble
|raw|kirbyvgc wow's rating: 1100 → 1081(-19 for losing)
|raw|JeanChasuble's rating: 1180 → 1199(+19 for winning)
|c|ŌśåJeanChasuble|gg!
|c|Ōśåkirbyvgc wow|good game :)
|l|ŌśåJeanChasuble
|player|p2|
