|j|☆beeetch
|j|☆HeracrossVGC
|html|beeetchHeracrossVGC    
|uhtml|bestof|Game 2 of a best-of-3
|t:|1755897843
|gametype|doubles
|player|p1|beeetch|beauty-gen4dp|1294
|player|p2|HeracrossVGC|169|1272
|gen|9
|tier|[Gen 9] VGC 2025 Reg H (Bo3)
|rated|
|rule|Species Clause: Limit one of each Pokémon
|rule|Item Clause: Limit 1 of each item
|clearpoke
|poke|p1|Toedscruel, L50, M|
|poke|p1|Weezing-Galar, L50, M|
|poke|p1|Corviknight, L50, M|
|poke|p1|Pawmot, L50, F|
|poke|p1|Garchomp, L50, M|
|poke|p1|Typhlosion-Hisui, L50, F|
|poke|p2|Gholdengo, L50|
|poke|p2|Sneasler, L50, M|
|poke|p2|Rillaboom, L50, M|
|poke|p2|Dragonite, L50, F|
|poke|p2|Ninetales-Alola, L50, F|
|poke|p2|Arcanine-Hisui, L50, F|
|teampreview|4
|showteam|p1|Toedscruel||CovertCloak|MyceliumMight|Spore,EarthPower,AcidSpray,RagePowder|||M|||50|,,,,,Water]Weezing-Galar||ChoiceSpecs|NeutralizingGas|DazzlingGleam,SludgeBomb,StrangeSteam,Flamethrower|||M|||50|,,,,,Fire]Corviknight||SitrusBerry|MirrorArmor|Protect,Tailwind,Roost,BraveBird|||M|||50|,,,,,Dragon]Pawmot||FocusSash|NaturalCure|Protect,CloseCombat,DoubleShock,FakeOut|||F|||50|,,,,,Electric]Garchomp||LifeOrb|RoughSkin|Protect,Earthquake,DragonClaw,StompingTantrum|||M|||50|,,,,,Ground]Typhlosion-Hisui||ChoiceScarf|Blaze|Eruption,SleepTalk,HeatWave,ShadowBall|||F|||50|,,,,,Fire
|showteam|p2|Gholdengo||GrassySeed|GoodasGold|NastyPlot,MakeItRain,ShadowBall,Protect||||||50|,,,,,Water]Sneasler||WhiteHerb|Unburden|CloseCombat,DireClaw,Coaching,Protect|||M|||50|,,,,,Ghost]Rillaboom||AssaultVest|GrassySurge|FakeOut,GrassyGlide,DrumBeating,HighHorsepower|||M|||50|,,,,,Fire]Dragonite||LoadedDice|Multiscale|ScaleShot,Haze,Tailwind,Protect|||F|||50|,,,,,Steel]Ninetales-Alola||FocusSash|SnowWarning|Blizzard,IcyWind,Encore,AuroraVeil|||F|||50|,,,,,Ghost]Arcanine-Hisui||ClearAmulet|Intimidate|RockSlide,FlareBlitz,ExtremeSpeed,Protect|||F|||50|,,,,,Water
|inactive|Battle timer is ON: inactive players will automatically lose when time's up. (requested by HeracrossVGC)
|
|t:|1755897862
|teamsize|p1|4
|teamsize|p2|4
|start
|switch|p1a: Weezing|Weezing-Galar, L50, M|100/100
|switch|p1b: Typhlosion|Typhlosion-Hisui, L50, F|100/100
|switch|p2a: Ninetales|Ninetales-Alola, L50, F|100/100
|switch|p2b: Gholdengo|Gholdengo, L50|100/100
|-ability|p1a: Weezing|Neutralizing Gas
|turn|1
|inactive|HeracrossVGC has 30 seconds left.
|inactive|HeracrossVGC has 20 seconds left.
|inactive|HeracrossVGC has 15 seconds left.
|inactive|HeracrossVGC has 10 seconds left.
|inactive|HeracrossVGC has 5 seconds left.
|
|t:|1755897915
|-terastallize|p1a: Weezing|Fire
|move|p1b: Typhlosion|Eruption|p2a: Ninetales|[spread] p2a,p2b
|-supereffective|p2a: Ninetales
|-supereffective|p2b: Gholdengo
|-enditem|p2a: Ninetales|Focus Sash
|-damage|p2a: Ninetales|1/100
|-damage|p2b: Gholdengo|0 fnt
|faint|p2b: Gholdengo
|move|p2a: Ninetales|Icy Wind|p1b: Typhlosion|[spread] p1a,p1b
|-resisted|p1a: Weezing
|-resisted|p1b: Typhlosion
|-damage|p1a: Weezing|91/100
|-damage|p1b: Typhlosion|90/100
|-unboost|p1a: Weezing|spe|1
|-unboost|p1b: Typhlosion|spe|1
|move|p1a: Weezing|Dazzling Gleam|p2a: Ninetales
|-damage|p2a: Ninetales|0 fnt
|faint|p2a: Ninetales
|
|upkeep
|
|t:|1755897926
|switch|p2a: Arcanine|Arcanine-Hisui, L50, F|100/100
|switch|p2b: Dragonite|Dragonite, L50, F|100/100
|turn|2
|
|t:|1755897938
|move|p2a: Arcanine|Rock Slide|p1b: Typhlosion|[spread] p1a,p1b
|-supereffective|p1a: Weezing
|-supereffective|p1b: Typhlosion
|-damage|p1a: Weezing|33/100
|-damage|p1b: Typhlosion|10/100
|move|p1b: Typhlosion|Eruption|p2b: Dragonite|[spread] p2a,p2b
|-resisted|p2a: Arcanine
|-resisted|p2b: Dragonite
|-damage|p2a: Arcanine|99/100
|-damage|p2b: Dragonite|98/100
|move|p2b: Dragonite|Scale Shot|p1b: Typhlosion
|-damage|p1b: Typhlosion|0 fnt
|faint|p1b: Typhlosion
|-hitcount|p1: Typhlosion|1
|-unboost|p2b: Dragonite|def|1
|-boost|p2b: Dragonite|spe|1
|move|p1a: Weezing|Dazzling Gleam|p2b: Dragonite|[spread] p2a,p2b
|-resisted|p2a: Arcanine
|-supereffective|p2b: Dragonite
|-damage|p2a: Arcanine|77/100
|-damage|p2b: Dragonite|15/100
|
|upkeep
|
|t:|1755897958
|switch|p1b: Garchomp|Garchomp, L50, M|100/100
|turn|3
|inactive|beeetch has 30 seconds left.
|
|t:|1755897985
|-end|p1a: Weezing|ability: Neutralizing Gas
|-ability|p2a: Arcanine|Intimidate|boost
|-unboost|p1a: Weezing|atk|1
|-unboost|p1b: Garchomp|atk|1
|switch|p1a: Corviknight|Corviknight, L50, M|100/100
|move|p1b: Garchomp|Protect|p1b: Garchomp
|-singleturn|p1b: Garchomp|Protect
|move|p2b: Dragonite|Scale Shot|p1b: Garchomp
|-activate|p1b: Garchomp|move: Protect
|move|p2a: Arcanine|Rock Slide|p1a: Corviknight|[spread] p1a
|-activate|p1b: Garchomp|move: Protect
|-damage|p1a: Corviknight|78/100
|
|upkeep
|turn|4
|
|t:|1755898006
|switch|p1b: Weezing|Weezing-Galar, L50, M, tera:Fire|33/100
|-ability|p1b: Weezing|Neutralizing Gas
|move|p1a: Corviknight|Protect|p1a: Corviknight
|-singleturn|p1a: Corviknight|Protect
|move|p2b: Dragonite|Scale Shot|p1b: Weezing
|-damage|p1b: Weezing|19/100
|-damage|p1b: Weezing|4/100
|-damage|p1b: Weezing|0 fnt
|faint|p1b: Weezing
|-end|p1b: Weezing|ability: Neutralizing Gas
|-ability|p2a: Arcanine|Intimidate|boost
|-ability|p1a: Corviknight|Mirror Armor
|-fail|p2a: Arcanine|unboost|[from] item: Clear Amulet|[of] p2a: Arcanine
|-hitcount|p1: Weezing|3
|-unboost|p2b: Dragonite|def|1
|-boost|p2b: Dragonite|spe|1
|move|p2a: Arcanine|Flare Blitz|p1a: Corviknight
|-activate|p1a: Corviknight|move: Protect
|
|upkeep
|
|t:|1755898029
|switch|p1b: Garchomp|Garchomp, L50, M|100/100
|turn|5
|
|t:|1755898040
|move|p2b: Dragonite|Scale Shot|p1b: Garchomp
|-supereffective|p1b: Garchomp
|-damage|p1b: Garchomp|71/100
|-supereffective|p1b: Garchomp
|-damage|p1b: Garchomp|41/100
|-supereffective|p1b: Garchomp
|-damage|p1b: Garchomp|8/100
|-supereffective|p1b: Garchomp
|-damage|p1b: Garchomp|0 fnt
|faint|p1b: Garchomp
|-hitcount|p1: Garchomp|4
|-unboost|p2b: Dragonite|def|1
|-boost|p2b: Dragonite|spe|1
|move|p2a: Arcanine|Flare Blitz|p1a: Corviknight
|-supereffective|p1a: Corviknight
|-damage|p1a: Corviknight|0 fnt
|faint|p1a: Corviknight
|-damage|p2a: Arcanine|46/100|[from] Recoil
|
|win|HeracrossVGC
|raw|beeetch's rating: 1294 → 1267(-27 for losing)
|raw|HeracrossVGC's rating: 1272 → 1299(+27 for winning)
