|j|☆Nusssack
|j|☆PizzaSanwitch
|html|NusssackPizzaSanwitch    
|uhtml|bestof|Game 2 of a best-of-3
|t:|1783626026
|gametype|doubles
|player|p1|Nusssack|falkner|1009
|player|p2|PizzaSanwitch|265|1109
|gen|9
|tier|[Gen 9 Champions] VGC 2026 Reg M-B (Bo3)
|rated|
|rule|Species Clause: Limit one of each Pokémon
|rule|Item Clause: Limit 1 of each item
|clearpoke
|poke|p1|Milotic, L50, F, shiny|
|poke|p1|Rotom-Wash, L50|
|poke|p1|Drampa, L50, F, shiny|
|poke|p1|Metagross, L50, shiny|
|poke|p1|Blaziken, L50, F|
|poke|p1|Eelektross, L50, M|
|poke|p2|Pelipper, L50, M|
|poke|p2|Archaludon, L50, M|
|poke|p2|Swampert, L50, M|
|poke|p2|Venusaur, L50, F|
|poke|p2|Basculegion, L50, M|
|poke|p2|Grimmsnarl, L50, M|
|teampreview|4
|showteam|p1|Milotic||SitrusBerry|Competitive|IcyWind,Hypnosis,Coil,Recover|Calm||F|||50|]Rotom-Wash||ChoiceScarf|Levitate|HydroPump,LightScreen,WillOWisp,Trick|Bold|||||50|]Drampa||Leftovers|CloudNine|IceBeam,EnergyBall,Thunderbolt,Protect|Modest||F|||50|]Metagross||LifeOrb|ClearBody|IronHead,PsychicFangs,PsychUp,Protect|Jolly|||||50|]Blaziken||Blazikenite|SpeedBoost|CloseCombat,FlareBlitz,SwordsDance,Protect|Jolly||F|||50|]Eelektross||Eelektrossite|Levitate|ThunderPunch,DrainPunch,ThroatChop,Protect|Adamant||M|||50|
|showteam|p2|Pelipper||FocusSash|Drizzle|WeatherBall,Hurricane,Tailwind,Protect|Modest||M|||50|]Archaludon||Leftovers|Stamina|ElectroShot,FlashCannon,DragonPulse,Protect|Modest||M|||50|]Swampert||Swampertite|Damp|WaveCrash,Earthquake,IcePunch,Protect|Adamant||M|||50|]Venusaur||Venusaurite|Chlorophyll|GigaDrain,SludgeBomb,EarthPower,Protect|Modest||F|||50|]Basculegion||ChoiceScarf|Adaptability|WaveCrash,LastRespects,AquaJet,FlipTurn|Jolly||M|||50|]Grimmsnarl||LightClay|Prankster|SpiritBreak,Reflect,LightScreen,PartingShot|Careful||M|||50|
|inactive|Battle timer is ON: inactive players will automatically lose when time's up. (requested by Nusssack)
|inactive|Nusssack has 60 seconds left.
|inactive|PizzaSanwitch has 60 seconds left.
|
|t:|1783626068
|teamsize|p1|4
|teamsize|p2|4
|start
|switch|p1a: Splashes|Rotom-Wash, L50|100/100
|switch|p1b: Snakeman|Eelektross, L50, M|100/100
|switch|p2a: Grimmsnarl|Grimmsnarl, L50, M|100/100
|switch|p2b: Archaludon|Archaludon, L50, M|100/100
|turn|1
|
|t:|1783626092
|move|p1b: Snakeman|Protect|p1b: Snakeman
|-singleturn|p1b: Snakeman|Protect
|move|p2a: Grimmsnarl|Parting Shot|p1b: Snakeman
|-activate|p1b: Snakeman|move: Protect
|move|p1a: Splashes|Light Screen|p1a: Splashes
|-sidestart|p1: Nusssack|move: Light Screen
|move|p2b: Archaludon|Dragon Pulse|p1a: Splashes
|-damage|p1a: Splashes|73/100
|
|upkeep
|turn|2
|inactive|Nusssack has 30 seconds left.
|
|t:|1783626120
|switch|p1a: Dranma|Drampa, L50, F, shiny|100/100
|-ability|p1a: Dranma|Cloud Nine
|switch|p1b: Patina|Metagross, L50, shiny|100/100
|move|p2a: Grimmsnarl|Parting Shot|p1b: Patina
|-fail|p1b: Patina|unboost|[from] ability: Clear Body|[of] p1b: Patina
|move|p2b: Archaludon|Dragon Pulse|p1b: Patina
|-resisted|p1b: Patina|1
|-damage|p1b: Patina|84/100
|
|upkeep
|turn|3
|inactive|PizzaSanwitch has 30 seconds left.
|
|t:|1783626155
|switch|p2a: Basculegion|Basculegion, L50, M|100/100
|move|p1a: Dranma|Protect|p1a: Dranma
|-singleturn|p1a: Dranma|Protect
|move|p1b: Patina|Iron Head|p2a: Basculegion
|-resisted|p2a: Basculegion|1
|-damage|p2a: Basculegion|71/100
|-damage|p1b: Patina|75/100|[from] item: Life Orb
|move|p2b: Archaludon|Dragon Pulse|p1a: Dranma
|-activate|p1a: Dranma|move: Protect
|
|upkeep
|turn|4
|inactive|Nusssack has 30 seconds left.
|inactive|Nusssack has 20 seconds left.
|
|t:|1783626195
|move|p1b: Patina|Protect|p1b: Patina
|-singleturn|p1b: Patina|Protect
|move|p2a: Basculegion|Flip Turn|p1a: Dranma
|-resisted|p1a: Dranma|1
|-damage|p1a: Dranma|80/100
|
|t:|1783626203
|switch|p2a: Grimmsnarl|Grimmsnarl, L50, M|100/100|[from] Flip Turn
|move|p2b: Archaludon|Dragon Pulse|p1a: Dranma
|-supereffective|p1a: Dranma|1
|-damage|p1a: Dranma|24/100
|move|p1a: Dranma|Thunderbolt|p2a: Grimmsnarl
|-damage|p2a: Grimmsnarl|77/100
|-status|p2a: Grimmsnarl|par
|
|-heal|p1a: Dranma|30/100|[from] item: Leftovers
|upkeep
|turn|5
|
|t:|1783626223
|move|p1a: Dranma|Protect|p1a: Dranma
|-singleturn|p1a: Dranma|Protect
|move|p2a: Grimmsnarl|Reflect|p2a: Grimmsnarl
|-sidestart|p2: PizzaSanwitch|Reflect
|move|p1b: Patina|Iron Head|p2a: Grimmsnarl
|-supereffective|p2a: Grimmsnarl|1
|-damage|p2a: Grimmsnarl|0 fnt
|faint|p2a: Grimmsnarl
|-damage|p1b: Patina|66/100|[from] item: Life Orb
|move|p2b: Archaludon|Dragon Pulse|p1a: Dranma
|-activate|p1a: Dranma|move: Protect
|
|-heal|p1a: Dranma|36/100|[from] item: Leftovers
|-sideend|p1: Nusssack|move: Light Screen
|upkeep
|
|t:|1783626230
|switch|p2a: Basculegion|Basculegion, L50, M|71/100
|turn|6
|inactive|Nusssack has 30 seconds left.
|
|t:|1783626256
|switch|p1a: Splashes|Rotom-Wash, L50|73/100
|move|p2a: Basculegion|Last Respects|p1b: Patina
|-supereffective|p1b: Patina|1
|-damage|p1b: Patina|0 fnt
|faint|p1b: Patina
|move|p2b: Archaludon|Dragon Pulse|p1a: Splashes
|-damage|p1a: Splashes|29/100
|
|upkeep
|
|t:|1783626272
|switch|p1b: Snakeman|Eelektross, L50, M|100/100
|turn|7
|
|t:|1783626296
|switch|p2a: Venusaur|Venusaur, L50, F|100/100
|detailschange|p1b: Snakeman|Eelektross-Mega, L50, M
|-mega|p1b: Snakeman|Eelektross|Eelektrossite
|move|p1a: Splashes|Will-O-Wisp|p2a: Venusaur|[miss]
|-miss|p1a: Splashes|p2a: Venusaur
|move|p1b: Snakeman|Throat Chop|p2a: Venusaur
|-damage|p2a: Venusaur|78/100
|-start|p2a: Venusaur|Throat Chop|[silent]
|move|p2b: Archaludon|Dragon Pulse|p1a: Splashes
|-damage|p1a: Splashes|0 fnt
|faint|p1a: Splashes
|
|upkeep
|
|t:|1783626307
|switch|p1a: Dranma|Drampa, L50, F, shiny|36/100
|-ability|p1a: Dranma|Cloud Nine
|turn|8
|
|t:|1783626324
|detailschange|p2a: Venusaur|Venusaur-Mega, L50, F
|-mega|p2a: Venusaur|Venusaur|Venusaurite
|move|p1a: Dranma|Protect|p1a: Dranma
|-singleturn|p1a: Dranma|Protect
|move|p1b: Snakeman|Drain Punch|p2b: Archaludon
|-supereffective|p2b: Archaludon|1
|-damage|p2b: Archaludon|71/100
|-ability|p2b: Archaludon|Stamina|boost
|-boost|p2b: Archaludon|def|1
|move|p2b: Archaludon|Dragon Pulse|p1a: Dranma
|-activate|p1a: Dranma|move: Protect
|move|p2a: Venusaur|Sludge Bomb|p1b: Snakeman
|-damage|p1b: Snakeman|46/100
|
|-heal|p2b: Archaludon|77/100|[from] item: Leftovers
|-heal|p1a: Dranma|42/100|[from] item: Leftovers
|-end|p2a: Venusaur|Throat Chop|[silent]
|upkeep
|turn|9
|-message|Nusssack forfeited.
|
|win|PizzaSanwitch
|raw|Nusssack's rating: 1009 → 1001(-8 for losing)
|raw|PizzaSanwitch's rating: 1109 → 1127(+18 for winning)
|l|☆Nusssack
|player|p1|
