|j|☆robby w
|j|☆vanderon
|html|robby wvanderon    
|uhtml|bestof|Game 1 of a best-of-3
|t:|1756864198
|gametype|doubles
|player|p1|robby w|pokefan-gen4|1072
|player|p2|vanderon|palmer|1064
|gen|9
|tier|[Gen 9] VGC 2025 Reg H (Bo3)
|rated|
|rule|Species Clause: Limit one of each Pokémon
|rule|Item Clause: Limit 1 of each item
|clearpoke
|poke|p1|Dondozo, L50, M|
|poke|p1|Tatsugiri, L50, M|
|poke|p1|Sneasler, L50, M|
|poke|p1|Whimsicott, L50, F|
|poke|p1|Indeedee, L50, M|
|poke|p1|Hydreigon, L50, F|
|poke|p2|Maushold-Four, L50|
|poke|p2|Archaludon, L50, F|
|poke|p2|Kingdra, L50, F|
|poke|p2|Pelipper, L50, F|
|poke|p2|Rillaboom, L50, M|
|poke|p2|Annihilape, L50, M|
|teampreview|4
|showteam|p1|Dondozo||Leftovers|Unaware|Protect,WaveCrash,Earthquake,OrderUp|||M|||50|,,,,,Grass]Tatsugiri||ChoiceScarf|Commander|DragonPulse,IcyWind,DracoMeteor,MuddyWater|||M|||50|,,,,,Stellar]Sneasler||PsychicSeed|Unburden|DireClaw,CloseCombat,Protect,ThroatChop|||M|||50|,,,,,Dark]Whimsicott||CovertCloak|Prankster|Tailwind,Moonblast,Taunt,HelpingHand|||F|||50|,,,,,Dark]Indeedee||FocusSash|PsychicSurge|ExpandingForce,TrickRoom,DazzlingGleam,Protect|||M|||50|,,,,,Fairy]Hydreigon||LifeOrb|Levitate|DracoMeteor,Snarl,HeatWave,Protect|||F|||50|,,,,,Steel
|showteam|p2|Maushold-Four||SafetyGoggles|FriendGuard|BeatUp,FollowMe,Protect,Taunt||||||50|,,,,,Ghost]Archaludon||PowerHerb|Stamina|BodyPress,ElectroShot,DragonPulse,Protect|||F|||50|,,,,,Bug]Kingdra||LifeOrb|SwiftSwim|IceBeam,MuddyWater,DracoMeteor,Protect|||F|||50|,,,,,Fairy]Pelipper||FocusSash|Drizzle|Protect,Tailwind,WeatherBall,Hurricane|||F|||50|,,,,,Ghost]Rillaboom||AssaultVest|GrassySurge|KnockOff,GrassyGlide,WoodHammer,FakeOut|||M|||50|,,,,,Fire]Annihilape||SitrusBerry|Defiant|BulkUp,RageFist,DrainPunch,Protect|||M|||50|,,,,,Fighting
|inactive|Battle timer is ON: inactive players will automatically lose when time's up. (requested by robby w)
|inactive|vanderon has 60 seconds left.
|
|t:|1756864272
|teamsize|p1|4
|teamsize|p2|4
|start
|switch|p1a: Dondozo|Dondozo, L50, M, shiny|100/100
|switch|p1b: Sneasler|Sneasler, L50, M|100/100
|switch|p2a: Annihilape|Annihilape, L50, M|100/100
|switch|p2b: Maushold|Maushold-Four, L50|100/100
|turn|1
|inactive|robby w has 30 seconds left.
|inactive|vanderon has 30 seconds left.
|inactive|robby w has 20 seconds left.
|inactive|robby w has 15 seconds left.
|
|t:|1756864317
|switch|p1a: Indeedee|Indeedee, L50, M|100/100
|-fieldstart|move: Psychic Terrain|[from] ability: Psychic Surge|[of] p1a: Indeedee
|-enditem|p1b: Sneasler|Psychic Seed
|-boost|p1b: Sneasler|spd|1|[from] item: Psychic Seed
|move|p2b: Maushold|Protect|p2b: Maushold
|-singleturn|p2b: Maushold|Protect
|move|p1b: Sneasler|Close Combat|p2b: Maushold
|-activate|p2b: Maushold|move: Protect
|move|p2a: Annihilape|Bulk Up|p2a: Annihilape
|-boost|p2a: Annihilape|atk|1
|-boost|p2a: Annihilape|def|1
|
|upkeep
|turn|2
|inactive|vanderon has 30 seconds left.
|
|t:|1756864348
|switch|p2b: Rillaboom|Rillaboom, L50, M|100/100
|-fieldstart|move: Grassy Terrain|[from] ability: Grassy Surge|[of] p2b: Rillaboom
|move|p2a: Annihilape|Protect|p2a: Annihilape
|-singleturn|p2a: Annihilape|Protect
|move|p1b: Sneasler|Throat Chop|p2b: Rillaboom
|-damage|p2b: Rillaboom|71/100
|-start|p2b: Rillaboom|Throat Chop|[silent]
|move|p1a: Indeedee|Expanding Force|p2a: Annihilape
|-activate|p2a: Annihilape|move: Protect
|
|-heal|p2b: Rillaboom|78/100|[from] Grassy Terrain
|upkeep
|turn|3
|inactive|robby w has 30 seconds left.
|inactive|vanderon has 30 seconds left.
|
|t:|1756864381
|move|p1b: Sneasler|Dire Claw|p2b: Rillaboom
|-supereffective|p2b: Rillaboom
|-damage|p2b: Rillaboom|0 fnt
|faint|p2b: Rillaboom
|move|p1a: Indeedee|Expanding Force|p2a: Annihilape
|-supereffective|p2a: Annihilape
|-damage|p2a: Annihilape|29/100
|-enditem|p2a: Annihilape|Sitrus Berry|[eat]
|-heal|p2a: Annihilape|53/100|[from] item: Sitrus Berry
|move|p2a: Annihilape|Drain Punch|p1a: Indeedee
|-enditem|p1a: Indeedee|Focus Sash
|-damage|p1a: Indeedee|1/100
|-heal|p2a: Annihilape|84/100|[from] drain|[of] p1a: Indeedee
|
|-heal|p1a: Indeedee|7/100|[from] Grassy Terrain
|-heal|p2a: Annihilape|90/100|[from] Grassy Terrain
|upkeep
|
|t:|1756864401
|switch|p2b: Maushold|Maushold-Four, L50|100/100
|turn|4
|inactive|vanderon has 30 seconds left.
|
|t:|1756864431
|switch|p1b: Dondozo|Dondozo, L50, M, shiny|100/100
|switch|p1a: Tatsugiri|Tatsugiri, L50, M|100/100
|-activate|p1a: Tatsugiri|ability: Commander|[of] p1b: Dondozo
|-boost|p1b: Dondozo|atk|2
|-boost|p1b: Dondozo|spa|2
|-boost|p1b: Dondozo|spe|2
|-boost|p1b: Dondozo|def|2
|-boost|p1b: Dondozo|spd|2
|move|p2b: Maushold|Protect|p2b: Maushold
|-singleturn|p2b: Maushold|Protect
|move|p2a: Annihilape|Drain Punch|p1a: Tatsugiri|[miss]
|-miss|p2a: Annihilape|p1a: Tatsugiri
|
|-heal|p2a: Annihilape|96/100|[from] Grassy Terrain
|upkeep
|turn|5
|inactive|robby w has 30 seconds left.
|inactive|robby w has 20 seconds left.
|
|t:|1756864467
|move|p2b: Maushold|Beat Up|p2a: Annihilape
|-damage|p2a: Annihilape|95/100
|-damage|p2a: Annihilape|93/100
|-damage|p2a: Annihilape|91/100
|-hitcount|p2a: Annihilape|3
|move|p1b: Dondozo|Order Up|p2b: Maushold
|-damage|p2b: Maushold|35/100
|-boost|p1b: Dondozo|atk|1
|move|p2a: Annihilape|Rage Fist|p1b: Dondozo
|-damage|p1b: Dondozo|63/100
|
|-heal|p2b: Maushold|41/100|[from] Grassy Terrain
|-heal|p1b: Dondozo|70/100|[from] Grassy Terrain
|-heal|p1b: Dondozo|76/100|[from] item: Leftovers
|-heal|p2a: Annihilape|97/100|[from] Grassy Terrain
|upkeep
|turn|6
|inactive|vanderon has 30 seconds left.
|
|t:|1756864497
|move|p2b: Maushold|Taunt|p1b: Dondozo
|-start|p1b: Dondozo|move: Taunt
|move|p1b: Dondozo|Wave Crash|p2a: Annihilape
|-damage|p2a: Annihilape|0 fnt
|faint|p2a: Annihilape
|-damage|p1b: Dondozo|45/100|[from] Recoil
|
|-heal|p2b: Maushold|47/100|[from] Grassy Terrain
|-heal|p1b: Dondozo|51/100|[from] Grassy Terrain
|-heal|p1b: Dondozo|58/100|[from] item: Leftovers
|-fieldend|move: Grassy Terrain
|upkeep
|
|t:|1756864507
|switch|p2a: Archaludon|Archaludon, L50, F|100/100
|turn|7
|
|t:|1756864531
|-terastallize|p1b: Dondozo|Grass
|move|p2b: Maushold|Follow Me|p2b: Maushold
|-singleturn|p2b: Maushold|move: Follow Me
|move|p1b: Dondozo|Earthquake|p2a: Archaludon|[spread] p2a,p2b
|-miss|p1b: Dondozo|p1a: Tatsugiri
|-supereffective|p2a: Archaludon
|-damage|p2a: Archaludon|32/100
|-damage|p2b: Maushold|0 fnt
|-ability|p2a: Archaludon|Stamina|boost
|-boost|p2a: Archaludon|def|1
|faint|p2b: Maushold
|move|p2a: Archaludon|Electro Shot||[still]
|-prepare|p2a: Archaludon|Electro Shot
|-boost|p2a: Archaludon|spa|1
|-enditem|p2a: Archaludon|Power Herb
|-anim|p2a: Archaludon|Electro Shot|p1b: Dondozo
|-resisted|p1b: Dondozo
|-damage|p1b: Dondozo|47/100
|
|-heal|p1b: Dondozo|54/100|[from] item: Leftovers
|upkeep
|turn|8
|-message|vanderon forfeited.
|
|win|robby w
||vanderon is ready for game 2.
||robby w is ready for game 2.
|uhtml|next|Next: Game 2 of 3
