|j|☆Nearshort
|j|☆swarmhostuser
|html|Nearshortswarmhostuser    
|uhtml|bestof|Game 1 of a best-of-3
|t:|1756907213
|gametype|doubles
|player|p1|Nearshort|birdkeeper-gen4dp|1067
|player|p2|swarmhostuser|2|1046
|gen|9
|tier|[Gen 9] VGC 2025 Reg H (Bo3)
|rated|
|rule|Species Clause: Limit one of each Pokémon
|rule|Item Clause: Limit 1 of each item
|clearpoke
|poke|p1|Tyranitar, L50, M|
|poke|p1|Amoonguss, L50, F|
|poke|p1|Incineroar, L50, F|
|poke|p1|Excadrill, L50, F|
|poke|p1|Indeedee-F, L50, F|
|poke|p1|Hatterene, L50, F|
|poke|p2|Sneasler, L50, F|
|poke|p2|Kingambit, L50, M|
|poke|p2|Rillaboom, L50, M|
|poke|p2|Dragonite, L50, M|
|poke|p2|Volcarona, L50, F|
|poke|p2|Electabuzz, L50, F|
|teampreview|4
|showteam|p1|Tyranitar||AssaultVest|SandStream|TeraBlast,LowKick,RockSlide,KnockOff|||M|||50|,,,,,Flying]Amoonguss||SitrusBerry|Regenerator|RagePowder,FoulPlay,Protect,Spore|||F|||50|,,,,,Water]Incineroar||SafetyGoggles|Intimidate|FakeOut,PartingShot,KnockOff,FlareBlitz|||F|||50|,,,,,Bug]Excadrill||FocusSash|SandForce|Earthquake,Protect,RockSlide,IronHead|||F|||50|,,,,,Stellar]Indeedee-F||RockyHelmet|PsychicSurge|FollowMe,Psychic,Protect,TrickRoom|||F|||50|,,,,,Fairy]Hatterene||LifeOrb|MagicBounce|ShadowBall,ExpandingForce,TrickRoom,Protect|||F|||50|,,,,,Psychic
|showteam|p2|Sneasler||FocusSash|Unburden|DireClaw,CloseCombat,Coaching,FakeOut|||F|||50|,,,,,Stellar]Kingambit||BlackGlasses|Defiant|KowtowCleave,SwordsDance,SuckerPunch,Protect|||M|||50|,,,,,Dark]Rillaboom||AssaultVest|GrassySurge|FakeOut,WoodHammer,GrassyGlide,HighHorsepower|||M|||50|,,,,,Fire]Dragonite||LoadedDice|Multiscale|ScaleShot,ExtremeSpeed,Haze,Protect|||M|||50|,,,,,Fairy]Volcarona||CovertCloak|FlameBody|HeatWave,TeraBlast,QuiverDance,Protect|||F|||50|,,,,,Fairy]Electabuzz||Eviolite|VitalSpirit|Electroweb,FollowMe,Taunt,Protect|||F|||50|,,,,,Ghost
|
|t:|1756907267
|teamsize|p1|4
|teamsize|p2|4
|start
|switch|p1a: Indeedee|Indeedee-F, L50, F|100/100
|switch|p1b: Hatterene|Hatterene, L50, F|100/100
|switch|p2a: Kingambit|Kingambit, L50, M|100/100
|switch|p2b: Electabuzz|Electabuzz, L50, F|100/100
|-fieldstart|move: Psychic Terrain|[from] ability: Psychic Surge|[of] p1a: Indeedee
|turn|1
|
|t:|1756907335
|move|p1a: Indeedee|Follow Me|p1a: Indeedee
|-singleturn|p1a: Indeedee|move: Follow Me
|move|p2b: Electabuzz|Taunt|p1a: Indeedee
|-start|p1a: Indeedee|move: Taunt
|move|p2a: Kingambit|Swords Dance|p2a: Kingambit
|-boost|p2a: Kingambit|atk|2
|move|p1b: Hatterene|Trick Room|p1b: Hatterene
|-fieldstart|move: Trick Room|[of] p1b: Hatterene
|
|upkeep
|turn|2
|
|t:|1756907357
|switch|p2b: Volcarona|Volcarona, L50, F|100/100
|move|p1b: Hatterene|Shadow Ball|p2a: Kingambit
|-resisted|p2a: Kingambit
|-damage|p2a: Kingambit|80/100
|-damage|p1b: Hatterene|91/100|[from] item: Life Orb
|move|p2a: Kingambit|Swords Dance|p2a: Kingambit
|-boost|p2a: Kingambit|atk|2
|move|p1a: Indeedee|Psychic|p2b: Volcarona
|-damage|p2b: Volcarona|68/100
|
|upkeep
|turn|3
|
|t:|1756907392
|switch|p1b: Tyranitar|Tyranitar, L50, M, shiny|100/100
|-weather|Sandstorm|[from] ability: Sand Stream|[of] p1b: Tyranitar
|move|p2a: Kingambit|Kowtow Cleave|p1a: Indeedee
|-supereffective|p1a: Indeedee
|-damage|p1a: Indeedee|0 fnt
|-damage|p2a: Kingambit|63/100|[from] item: Rocky Helmet|[of] p1a: Indeedee
|faint|p1a: Indeedee
|move|p2b: Volcarona|Quiver Dance|p2b: Volcarona
|-boost|p2b: Volcarona|spa|1
|-boost|p2b: Volcarona|spd|1
|-boost|p2b: Volcarona|spe|1
|
|-weather|Sandstorm|[upkeep]
|-damage|p2b: Volcarona|61/100|[from] Sandstorm
|upkeep
|
|t:|1756907399
|switch|p1a: Hatterene|Hatterene, L50, F|91/100
|turn|4
|
|t:|1756907445
|-terastallize|p1b: Tyranitar|Flying
|move|p2b: Volcarona|Protect|p2b: Volcarona
|-singleturn|p2b: Volcarona|Protect
|move|p1a: Hatterene|Expanding Force|p2b: Volcarona|[spread] 
|-activate|p2b: Volcarona|move: Protect
|-immune|p2a: Kingambit
|move|p1b: Tyranitar|Low Kick|p2a: Kingambit
|-supereffective|p2a: Kingambit
|-damage|p2a: Kingambit|0 fnt
|faint|p2a: Kingambit
|
|-weather|Sandstorm|[upkeep]
|-damage|p1a: Hatterene|85/100|[from] Sandstorm
|-damage|p1b: Tyranitar|95/100|[from] Sandstorm
|-damage|p2b: Volcarona|55/100|[from] Sandstorm
|upkeep
|
|t:|1756907469
|switch|p2a: Electabuzz|Electabuzz, L50, F|100/100
|turn|5
|inactive|Battle timer is ON: inactive players will automatically lose when time's up. (requested by Nearshort)
|
|t:|1756907529
|move|p2a: Electabuzz|Follow Me|p2a: Electabuzz
|-singleturn|p2a: Electabuzz|move: Follow Me
|move|p1a: Hatterene|Expanding Force|p2b: Volcarona|[spread] p2a,p2b
|-damage|p2a: Electabuzz|30/100
|-damage|p2b: Volcarona|0 fnt
|faint|p2b: Volcarona
|-damage|p1a: Hatterene|75/100|[from] item: Life Orb
|move|p1b: Tyranitar|Rock Slide|p2a: Electabuzz
|-damage|p2a: Electabuzz|0 fnt
|faint|p2a: Electabuzz
|
|-weather|Sandstorm|[upkeep]
|-damage|p1a: Hatterene|69/100|[from] Sandstorm
|-damage|p1b: Tyranitar|89/100|[from] Sandstorm
|-fieldend|move: Trick Room
|-fieldend|move: Psychic Terrain
|upkeep
|-message|swarmhostuser forfeited.
|
|win|Nearshort
