|j|☆wenopoly
|j|☆itangood5
|html|wenopolyitangood5    
|uhtml|bestof|Game 1 of a best-of-3
|t:|1783319476
|gametype|doubles
|player|p1|wenopoly|102|1073
|player|p2|itangood5|nate|1092
|gen|9
|tier|[Gen 9 Champions] VGC 2026 Reg M-B (Bo3)
|rated|
|rule|Species Clause: Limit one of each Pokémon
|rule|Item Clause: Limit 1 of each item
|clearpoke
|poke|p1|Venusaur, L50, F|
|poke|p1|Sinistcha, L50|
|poke|p1|Pelipper, L50, M|
|poke|p1|Archaludon, L50, F|
|poke|p1|Swampert, L50, F|
|poke|p1|Grimmsnarl, L50, M|
|poke|p2|Charizard, L50, M, shiny|
|poke|p2|Venusaur, L50, M|
|poke|p2|Floette-Eternal, L50, F|
|poke|p2|Farigiraf, L50, M|
|poke|p2|Incineroar, L50, F, shiny|
|poke|p2|Azumarill, L50, F|
|teampreview|4
|showteam|p1|Venusaur||Venusaurite|Chlorophyll|GigaDrain,EarthPower,SludgeBomb,Protect|Calm||F|||50|]Sinistcha||CobaBerry|Hospitality|MatchaGotcha,RagePowder,TrickRoom,LifeDew|Relaxed|||||50|]Pelipper||SitrusBerry|Drizzle|Hurricane,Tailwind,WeatherBall,WideGuard|Serious||M|||50|]Archaludon||Leftovers|Stamina|ElectroShot,DragonPulse,FlashCannon,Protect|Modest||F|||50|]Swampert||Swampertite|Torrent|WaveCrash,Earthquake,IcePunch,Protect|Adamant||F|||50|]Grimmsnarl||LightClay|Prankster|FoulPlay,PartingShot,Reflect,LightScreen|Calm||M|||50|
|showteam|p2|Charizard||CharizarditeY|SolarPower|HeatWave,Protect,WeatherBall,SolarBeam|Modest||M|||50|]Venusaur||FocusSash|Chlorophyll|LeafStorm,EarthPower,SludgeBomb,SleepPowder|Timid||M|||50|]Floette-Eternal||Floettite|FlowerVeil|Moonblast,CalmMind,DrainingKiss,Protect|Modest||F|||50|]Farigiraf||SitrusBerry|ArmorTail|PsychicNoise,Roar,HelpingHand,TrickRoom|Bold||M|||50|]Incineroar||WhiteHerb|Intimidate|CloseCombat,FlareBlitz,PartingShot,FakeOut|Brave||F|||50|]Azumarill||LifeOrb|HugePower|Liquidation,PlayRough,Protect,AquaJet|Brave||F|||50|
|inactive|Battle timer is ON: inactive players will automatically lose when time's up. (requested by itangood5)
|
|t:|1783319506
|teamsize|p1|4
|teamsize|p2|4
|start
|switch|p1a: Venusaur|Venusaur, L50, F|100/100
|switch|p1b: Pelipper|Pelipper, L50, M|100/100
|switch|p2a: Rookie|Floette-Eternal, L50, F|100/100
|switch|p2b: Boss battle|Incineroar, L50, F, shiny|100/100
|-weather|RainDance|[from] ability: Drizzle|[of] p1b: Pelipper
|-ability|p2b: Boss battle|Intimidate|boost
|-unboost|p1a: Venusaur|atk|1
|-unboost|p1b: Pelipper|atk|1
|turn|1
|
|t:|1783319526
|detailschange|p2a: Rookie|Floette-Mega, L50, F
|-mega|p2a: Rookie|Floette|Floettite
|-ability|p2a: Rookie|Fairy Aura
|detailschange|p1a: Venusaur|Venusaur-Mega, L50, F
|-mega|p1a: Venusaur|Venusaur|Venusaurite
|move|p2b: Boss battle|Fake Out|p1a: Venusaur
|-damage|p1a: Venusaur|90/100
|move|p2a: Rookie|Calm Mind|p2a: Rookie
|-boost|p2a: Rookie|spa|1
|-boost|p2a: Rookie|spd|1
|cant|p1a: Venusaur|flinch
|move|p1b: Pelipper|Tailwind|p1b: Pelipper
|-sidestart|p1: wenopoly|move: Tailwind
|
|-weather|RainDance|[upkeep]
|upkeep
|turn|2
|
|t:|1783319544
|move|p1a: Venusaur|Sludge Bomb|p2a: Rookie
|-supereffective|p2a: Rookie|1
|-damage|p2a: Rookie|54/100
|move|p1b: Pelipper|Hurricane|p2a: Rookie
|-damage|p2a: Rookie|32/100
|move|p2a: Rookie|Moonblast|p1b: Pelipper
|-damage|p1b: Pelipper|0 fnt
|faint|p1b: Pelipper
|move|p2b: Boss battle|Parting Shot|p1a: Venusaur
|-unboost|p1a: Venusaur|atk|1
|-unboost|p1a: Venusaur|spa|1
|
|t:|1783319554
|switch|p2b: Right HM|Farigiraf, L50, M|100/100|[from] Parting Shot
|
|-weather|RainDance|[upkeep]
|upkeep
|
|t:|1783319559
|switch|p1b: Archaludon|Archaludon, L50, F|100/100
|turn|3
|
|t:|1783319565
|move|p2a: Rookie|Protect|p2a: Rookie
|-singleturn|p2a: Rookie|Protect
|move|p1b: Archaludon|Electro Shot||[still]
|-prepare|p1b: Archaludon|Electro Shot
|-boost|p1b: Archaludon|spa|1
|-anim|p1b: Archaludon|Electro Shot|p2a: Rookie
|-activate|p2a: Rookie|move: Protect
|move|p1a: Venusaur|Sludge Bomb|p2a: Rookie
|-activate|p2a: Rookie|move: Protect
|move|p2b: Right HM|Trick Room|p2b: Right HM
|-fieldstart|move: Trick Room|[of] p2b: Right HM
|
|-weather|RainDance|[upkeep]
|upkeep
|turn|4
|
|t:|1783319586
|move|p2b: Right HM|Psychic Noise|p1a: Venusaur
|-supereffective|p1a: Venusaur|1
|-damage|p1a: Venusaur|51/100
|-start|p1a: Venusaur|move: Heal Block
|move|p2a: Rookie|Draining Kiss|p1b: Archaludon
|-damage|p1b: Archaludon|38/100
|-heal|p2a: Rookie|89/100|[from] drain|[of] p1b: Archaludon
|-ability|p1b: Archaludon|Stamina|boost
|-boost|p1b: Archaludon|def|1
|move|p1a: Venusaur|Sludge Bomb|p2a: Rookie
|-supereffective|p2a: Rookie|1
|-damage|p2a: Rookie|59/100
|move|p1b: Archaludon|Electro Shot||[still]
|-prepare|p1b: Archaludon|Electro Shot
|-boost|p1b: Archaludon|spa|1
|-anim|p1b: Archaludon|Electro Shot|p2a: Rookie
|-damage|p2a: Rookie|14/100
|
|-weather|RainDance|[upkeep]
|-heal|p1b: Archaludon|44/100|[from] item: Leftovers
|-sideend|p1: wenopoly|move: Tailwind
|upkeep
|turn|5
|
|t:|1783319611
|move|p2b: Right HM|Psychic Noise|p1a: Venusaur
|-supereffective|p1a: Venusaur|1
|-damage|p1a: Venusaur|18/100
|move|p1a: Venusaur|Sludge Bomb|p2a: Rookie
|-supereffective|p2a: Rookie|1
|-damage|p2a: Rookie|0 fnt
|faint|p2a: Rookie
|move|p1b: Archaludon|Electro Shot||[still]
|-prepare|p1b: Archaludon|Electro Shot
|-boost|p1b: Archaludon|spa|1
|-anim|p1b: Archaludon|Electro Shot|p2b: Right HM
|-damage|p2b: Right HM|11/100
|-enditem|p2b: Right HM|Sitrus Berry|[eat]
|-heal|p2b: Right HM|35/100|[from] item: Sitrus Berry
|
|-weather|none
|-heal|p1b: Archaludon|50/100g|[from] item: Leftovers
|-end|p1a: Venusaur|move: Heal Block
|upkeep
|
|t:|1783319619
|switch|p2a: Az|Azumarill, L50, F|100/100
|turn|6
|
|t:|1783319636
|switch|p1b: Sinistcha|Sinistcha, L50|100/100
|-heal|p1a: Venusaur|42/100|[from] ability: Hospitality|[of] p1b: Sinistcha
|move|p2a: Az|Liquidation|p1a: Venusaur
|-resisted|p1a: Venusaur|1
|-damage|p1a: Venusaur|18/100
|-damage|p2a: Az|90/100|[from] item: Life Orb
|move|p1a: Venusaur|Giga Drain|p2a: Az
|-supereffective|p2a: Az|1
|-damage|p2a: Az|48/100
|-heal|p1a: Venusaur|41/100|[from] drain|[of] p2a: Az
|move|p2b: Right HM|Roar|p1b: Sinistcha
|drag|p1b: Archaludon|Archaludon, L50, F|50/100g
|
|-heal|p1b: Archaludon|56/100|[from] item: Leftovers
|upkeep
|turn|7
|
|t:|1783319654
|switch|p1b: Sinistcha|Sinistcha, L50|100/100
|-heal|p1a: Venusaur|66/100|[from] ability: Hospitality|[of] p1b: Sinistcha
|move|p2a: Az|Play Rough|p1b: Sinistcha
|-damage|p1b: Sinistcha|56/100
|-damage|p2a: Az|39/100|[from] item: Life Orb
|move|p2b: Right HM|Psychic Noise|p1a: Venusaur
|-supereffective|p1a: Venusaur|1
|-damage|p1a: Venusaur|27/100
|-start|p1a: Venusaur|move: Heal Block
|cant|p1a: Venusaur|move: Heal Block|Giga Drain
|
|-fieldend|move: Trick Room
|upkeep
|turn|8
|
|t:|1783319674
|switch|p2a: Boss battle|Incineroar, L50, F, shiny|100/100
|-ability|p2a: Boss battle|Intimidate|boost
|-unboost|p1a: Venusaur|atk|1
|-unboost|p1b: Sinistcha|atk|1
|move|p1a: Venusaur|Sludge Bomb|p2a: Boss battle
|-damage|p2a: Boss battle|75/100
|move|p1b: Sinistcha|Life Dew||[still]|[spread] p1a,p1b
|-fail|p1b: Sinistcha
|-heal|p1b: Sinistcha|81/100
|move|p2b: Right HM|Psychic Noise|p1a: Venusaur
|-supereffective|p1a: Venusaur|1
|-damage|p1a: Venusaur|0 fnt
|faint|p1a: Venusaur
|
|upkeep
|
|t:|1783319688
|switch|p1a: Archaludon|Archaludon, L50, F|56/100
|turn|9
|
|t:|1783319696
|move|p2b: Right HM|Helping Hand|p2a: Boss battle
|-singleturn|p2a: Boss battle|Helping Hand|[of] p2b: Right HM
|move|p1b: Sinistcha|Rage Powder|p1b: Sinistcha
|-singleturn|p1b: Sinistcha|move: Rage Powder
|move|p1a: Archaludon|Dragon Pulse|p2b: Right HM
|-damage|p2b: Right HM|0 fnt
|faint|p2b: Right HM
|move|p2a: Boss battle|Flare Blitz|p1b: Sinistcha
|-supereffective|p1b: Sinistcha|1
|-damage|p1b: Sinistcha|0 fnt
|faint|p1b: Sinistcha
|-damage|p2a: Boss battle|51/100|[from] Recoil
|
|-heal|p1a: Archaludon|62/100|[from] item: Leftovers
|upkeep
|
|t:|1783319706
|switch|p2b: Az|Azumarill, L50, F|39/100
|turn|10
|
|t:|1783319714
|move|p1a: Archaludon|Dragon Pulse|p2a: Boss battle
|-damage|p2a: Boss battle|16/100
|move|p2a: Boss battle|Close Combat|p1a: Archaludon
|-supereffective|p1a: Archaludon|1
|-damage|p1a: Archaludon|14/100
|-unboost|p2a: Boss battle|def|1
|-unboost|p2a: Boss battle|spd|1
|-ability|p1a: Archaludon|Stamina|boost
|-boost|p1a: Archaludon|def|1
|-enditem|p2a: Boss battle|White Herb
|-clearnegativeboost|p2a: Boss battle|[silent]
|move|p2b: Az|Play Rough|p1a: Archaludon
|-damage|p1a: Archaludon|0 fnt
|faint|p1a: Archaludon
|-damage|p2b: Az|29/100|[from] item: Life Orb
|
|win|itangood5
||wenopoly is ready for game 2.
|inactive|itangood5 has 30 seconds to confirm battle start!
||itangood5 is ready for game 2.
|uhtml|next|Next: Game 2 of 3
|l|☆wenopoly
|player|p1|
