|j|☆entei enthusiast
|j|☆thegreatestnone
|html|entei enthusiastthegreatestnone    
|uhtml|bestof|Game 2 of a best-of-3
|t:|1783909681
|gametype|doubles
|player|p1|entei enthusiast|kamado-armor|1207
|player|p2|thegreatestnone|1|1265
|gen|9
|tier|[Gen 9 Champions] VGC 2026 Reg M-B (Bo3)
|rated|
|rule|Species Clause: Limit one of each Pokémon
|rule|Item Clause: Limit 1 of each item
|clearpoke
|poke|p1|Floette-Eternal, L50, F|
|poke|p1|Palafin, L50, M, shiny|
|poke|p1|Kingambit, L50, F|
|poke|p1|Sneasler, L50, F|
|poke|p1|Incineroar, L50, M|
|poke|p1|Aerodactyl, L50, M|
|poke|p2|Grimmsnarl, L50, M|
|poke|p2|Toxapex, L50, M|
|poke|p2|Dragonite, L50, F|
|poke|p2|Garchomp, L50, F|
|poke|p2|Sinistcha, L50|
|poke|p2|Scovillain, L50, M|
|teampreview|4
|showteam|p1|Floette-Eternal||Floettite|FlowerVeil|DazzlingGleam,DrainingKiss,CalmMind,Protect|Modest||F|||50|]Palafin||Leftovers|ZerotoHero|WaveCrash,JetPunch,BulkUp,Protect|Adamant||M|||50|]Kingambit||BlackGlasses|Defiant|KowtowCleave,SuckerPunch,SwordsDance,Protect|Adamant||F|||50|]Sneasler||FocusSash|Unburden|CloseCombat,DireClaw,FakeOut,Coaching|Jolly||F|||50|]Incineroar||SitrusBerry|Intimidate|FlareBlitz,FakeOut,DarkestLariat,PartingShot|Careful||M|||50|]Aerodactyl||Aerodactylite|Unnerve|RockSlide,DualWingbeat,IceFang,Protect|Jolly||M|||50|
|showteam|p2|Grimmsnarl||LightClay|Prankster|Taunt,Reflect,PartingShot,LightScreen|Sassy||M|||50|]Toxapex||Leftovers|Regenerator|BanefulBunker,Infestation,Toxic,Recover|Relaxed||M|||50|]Dragonite||Dragoninite|Multiscale|ThunderPunch,BreakingSwipe,RockSlide,DragonDance|Adamant||F|||50|]Garchomp||SitrusBerry|RoughSkin|Protect,RockSlide,StompingTantrum,SwordsDance|Impish||F|||50|]Sinistcha||OccaBerry|Hospitality|Protect,MatchaGotcha,ShadowBall,GrassyTerrain|Bold|||||50|]Scovillain||Scovillainite|Chlorophyll|LeechSeed,RagePowder,Protect,Flamethrower|Calm||M|||50|
|inactive|Battle timer is ON: inactive players will automatically lose when time's up. (requested by entei enthusiast)
|
|t:|1783909703
|teamsize|p1|4
|teamsize|p2|4
|start
|switch|p1a: Floette|Floette-Eternal, L50, F|100/100
|switch|p1b: Incineroar|Incineroar, L50, M|100/100
|switch|p2a: Grimmsnarl|Grimmsnarl, L50, M|100/100
|switch|p2b: Scovillain|Scovillain, L50, M|100/100
|-ability|p1b: Incineroar|Intimidate|boost
|-unboost|p2a: Grimmsnarl|atk|1
|-unboost|p2b: Scovillain|atk|1
|turn|1
|
|t:|1783909712
|detailschange|p1a: Floette|Floette-Mega, L50, F
|-mega|p1a: Floette|Floette|Floettite
|-ability|p1a: Floette|Fairy Aura
|detailschange|p2b: Scovillain|Scovillain-Mega, L50, M
|-mega|p2b: Scovillain|Scovillain|Scovillainite
|move|p1b: Incineroar|Fake Out|p2a: Grimmsnarl
|-damage|p2a: Grimmsnarl|89/100
|cant|p2a: Grimmsnarl|flinch
|move|p1a: Floette|Calm Mind|p1a: Floette
|-boost|p1a: Floette|spa|1
|-boost|p1a: Floette|spd|1
|move|p2b: Scovillain|Leech Seed|p1a: Floette
|-start|p1a: Floette|move: Leech Seed
|
|-damage|p1a: Floette|87/100|[from] Leech Seed|[of] p2b: Scovillain
|upkeep
|turn|2
|
|t:|1783909735
|move|p2b: Scovillain|Protect|p2b: Scovillain
|-singleturn|p2b: Scovillain|Protect
|move|p2a: Grimmsnarl|Light Screen|p2a: Grimmsnarl
|-sidestart|p2: thegreatestnone|move: Light Screen
|move|p1a: Floette|Draining Kiss|p2a: Grimmsnarl
|-supereffective|p2a: Grimmsnarl|1
|-damage|p2a: Grimmsnarl|15/100
|-heal|p1a: Floette|100/100|[from] drain|[of] p2a: Grimmsnarl
|move|p1b: Incineroar|Flare Blitz|p2b: Scovillain
|-activate|p2b: Scovillain|move: Protect
|
|-damage|p1a: Floette|87/100|[from] Leech Seed|[of] p2b: Scovillain
|upkeep
|turn|3
|
|t:|1783909749
|move|p2b: Scovillain|Rage Powder|p2b: Scovillain
|-singleturn|p2b: Scovillain|move: Rage Powder
|move|p2a: Grimmsnarl|Parting Shot|p1a: Floette
|-unboost|p1a: Floette|atk|1
|-unboost|p1a: Floette|spa|1
|
|t:|1783909754
|switch|p2a: Toxapex|Toxapex, L50, M|100/100|[from] Parting Shot
|move|p1a: Floette|Dazzling Gleam|p2b: Scovillain|[spread] p2a,p2b
|-resisted|p2a: Toxapex|1
|-resisted|p2b: Scovillain|1
|-damage|p2a: Toxapex|89/100
|-damage|p2b: Scovillain|84/100
|-status|p1a: Floette|brn|[from] ability: Spicy Spray|[of] p2b: Scovillain
|move|p1b: Incineroar|Flare Blitz|p2b: Scovillain
|-damage|p2b: Scovillain|33/100
|-immune|p1b: Incineroar
|-damage|p1b: Incineroar|85/100|[from] Recoil
|
|-heal|p2a: Toxapex|95/100|[from] item: Leftovers
|-damage|p1a: Floette|75/100 brn|[from] Leech Seed|[of] p2b: Scovillain
|-heal|p2b: Scovillain|46/100|[silent]
|-damage|p1a: Floette|68/100 brn|[from] brn
|upkeep
|turn|4
|
|t:|1783909774
|switch|p1a: Kingambit|Kingambit, L50, F|100/100
|move|p2b: Scovillain|Protect|p2b: Scovillain
|-singleturn|p2b: Scovillain|Protect
|move|p1b: Incineroar|Flare Blitz|p2b: Scovillain
|-activate|p2b: Scovillain|move: Protect
|move|p2a: Toxapex|Infestation|p1a: Kingambit
|-crit|p1a: Kingambit
|-damage|p1a: Kingambit|94/100
|-activate|p1a: Kingambit|move: Infestation|[of] p2a: Toxapex
|
|-heal|p2a: Toxapex|100/100|[from] item: Leftovers
|-damage|p1a: Kingambit|82/100|[from] move: Infestation|[partiallytrapped]
|upkeep
|turn|5
|
|t:|1783909791
|switch|p2b: Garchomp|Garchomp, L50, F|100/100
|move|p1b: Incineroar|Flare Blitz|p2b: Garchomp
|-resisted|p2b: Garchomp|1
|-damage|p2b: Garchomp|85/100
|-damage|p1b: Incineroar|73/100|[from] ability: Rough Skin|[of] p2b: Garchomp
|-damage|p1b: Incineroar|68/100|[from] Recoil
|move|p1a: Kingambit|Swords Dance|p1a: Kingambit
|-boost|p1a: Kingambit|atk|2
|move|p2a: Toxapex|Toxic|p1b: Incineroar
|-status|p1b: Incineroar|tox
|
|-damage|p1b: Incineroar|62/100 tox|[from] psn
|-damage|p1a: Kingambit|69/100|[from] move: Infestation|[partiallytrapped]
|upkeep
|turn|6
|
|t:|1783909805
|move|p1a: Kingambit|Sucker Punch|p2b: Garchomp
|-damage|p2b: Garchomp|24/100
|-damage|p1a: Kingambit|57/100|[from] ability: Rough Skin|[of] p2b: Garchomp
|-enditem|p2b: Garchomp|Sitrus Berry|[eat]
|-heal|p2b: Garchomp|48/100|[from] item: Sitrus Berry
|move|p2b: Garchomp|Stomping Tantrum|p1a: Kingambit
|-supereffective|p1a: Kingambit|1
|-damage|p1a: Kingambit|6/100
|move|p1b: Incineroar|Darkest Lariat|p2a: Toxapex
|-damage|p2a: Toxapex|78/100
|move|p2a: Toxapex|Infestation|p1b: Incineroar
|-damage|p1b: Incineroar|59/100 tox
|-activate|p1b: Incineroar|move: Infestation|[of] p2a: Toxapex
|
|-heal|p2a: Toxapex|84/100|[from] item: Leftovers
|-damage|p1b: Incineroar|47/100 tox|[from] psn
|-damage|p1b: Incineroar|35/100 tox|[from] move: Infestation|[partiallytrapped]
|-damage|p1a: Kingambit|0 fnt|[from] move: Infestation|[partiallytrapped]
|faint|p1a: Kingambit
|upkeep
|-enditem|p1b: Incineroar|Sitrus Berry|[eat]
|-heal|p1b: Incineroar|60/100 tox|[from] item: Sitrus Berry
|
|t:|1783909826
|switch|p1a: Floette|Floette-Mega, L50, F|68/100 brn
|-ability|p1a: Floette|Fairy Aura
|turn|7
|
|t:|1783909836
|switch|p2b: Scovillain|Scovillain-Mega, L50, M|46/100
|move|p1a: Floette|Calm Mind|p1a: Floette
|-boost|p1a: Floette|spa|1
|-boost|p1a: Floette|spd|1
|move|p1b: Incineroar|Parting Shot|p2b: Scovillain
|-unboost|p2b: Scovillain|atk|1
|-unboost|p2b: Scovillain|spa|1
|
|t:|1783909843
|switch|p1b: Aerodactyl|Aerodactyl, L50, M|100/100|[from] Parting Shot
|-ability|p1b: Aerodactyl|Unnerve
|move|p2a: Toxapex|Infestation|p1a: Floette
|-resisted|p1a: Floette|1
|-damage|p1a: Floette|68/100 brn
|-activate|p1a: Floette|move: Infestation|[of] p2a: Toxapex
|
|-heal|p2a: Toxapex|90/100|[from] item: Leftovers
|-damage|p1a: Floette|62/100 brn|[from] brn
|-damage|p1a: Floette|49/100 brn|[from] move: Infestation|[partiallytrapped]
|upkeep
|turn|8
|
|t:|1783909853
|move|p2b: Scovillain|Rage Powder|p2b: Scovillain
|-singleturn|p2b: Scovillain|move: Rage Powder
|move|p1b: Aerodactyl|Rock Slide|p2a: Toxapex|[spread] p2a,p2b
|-supereffective|p2b: Scovillain|1
|-damage|p2a: Toxapex|74/100
|-damage|p2b: Scovillain|0 fnt
|-status|p1b: Aerodactyl|brn|[from] ability: Spicy Spray|[of] p2b: Scovillain
|faint|p2b: Scovillain
|move|p1a: Floette|Draining Kiss|p2a: Toxapex
|-resisted|p2a: Toxapex|1
|-damage|p2a: Toxapex|59/100
|-heal|p1a: Floette|59/100 brn|[from] drain|[of] p2a: Toxapex
|move|p2a: Toxapex|Infestation|p1b: Aerodactyl
|-resisted|p1b: Aerodactyl|1
|-damage|p1b: Aerodactyl|98/100 brn
|-activate|p1b: Aerodactyl|move: Infestation|[of] p2a: Toxapex
|
|-heal|p2a: Toxapex|65/100|[from] item: Leftovers
|-damage|p1b: Aerodactyl|92/100 brn|[from] brn
|-damage|p1a: Floette|53/100 brn|[from] brn
|-damage|p1b: Aerodactyl|80/100 brn|[from] move: Infestation|[partiallytrapped]
|-damage|p1a: Floette|40/100 brn|[from] move: Infestation|[partiallytrapped]
|upkeep
|
|t:|1783909862
|switch|p2b: Grimmsnarl|Grimmsnarl, L50, M|15/100
|turn|9
|
|t:|1783909877
|move|p2b: Grimmsnarl|Parting Shot|p1a: Floette
|-unboost|p1a: Floette|atk|1
|-unboost|p1a: Floette|spa|1
|
|t:|1783909880
|switch|p2b: Garchomp|Garchomp, L50, F|48/100|[from] Parting Shot
|move|p1b: Aerodactyl|Rock Slide|p2a: Toxapex|[spread] p2a,p2b
|-resisted|p2b: Garchomp|1
|-damage|p2a: Toxapex|57/100
|-damage|p2b: Garchomp|45/100
|move|p1a: Floette|Draining Kiss|p2b: Garchomp
|-supereffective|p2b: Garchomp|1
|-damage|p2b: Garchomp|2/100
|-heal|p1a: Floette|80/100 brn|[from] drain|[of] p2b: Garchomp
|-damage|p1a: Floette|67/100 brn|[from] ability: Rough Skin|[of] p2b: Garchomp
|move|p2a: Toxapex|Recover|p2a: Toxapex
|-heal|p2a: Toxapex|100/100
|
|-damage|p1b: Aerodactyl|74/100 brn|[from] brn
|-damage|p1a: Floette|61/100 brn|[from] brn
|-damage|p1b: Aerodactyl|62/100 brn|[from] move: Infestation|[partiallytrapped]
|-damage|p1a: Floette|49/100 brn|[from] move: Infestation|[partiallytrapped]
|-sideend|p2: thegreatestnone|move: Light Screen
|upkeep
|turn|10
|
|t:|1783909901
|move|p2b: Garchomp|Protect|p2b: Garchomp
|-singleturn|p2b: Garchomp|Protect
|move|p1b: Aerodactyl|Rock Slide|p2a: Toxapex|[spread] p2a
|-activate|p2b: Garchomp|move: Protect
|-damage|p2a: Toxapex|91/100
|move|p1a: Floette|Dazzling Gleam|p2a: Toxapex|[spread] p2a
|-activate|p2b: Garchomp|move: Protect
|-resisted|p2a: Toxapex|1
|-crit|p2a: Toxapex
|-damage|p2a: Toxapex|66/100
|move|p2a: Toxapex|Infestation|p1a: Floette
|-resisted|p1a: Floette|1
|-damage|p1a: Floette|48/100 brn
|
|-heal|p2a: Toxapex|71/100|[from] item: Leftovers
|-damage|p1b: Aerodactyl|56/100 brn|[from] brn
|-damage|p1a: Floette|41/100 brn|[from] brn
|-damage|p1b: Aerodactyl|44/100 brn|[from] move: Infestation|[partiallytrapped]
|-damage|p1a: Floette|29/100 brn|[from] move: Infestation|[partiallytrapped]
|upkeep
|turn|11
|
|t:|1783909919
|move|p2a: Toxapex|Baneful Bunker|p2a: Toxapex
|-singleturn|p2a: Toxapex|move: Protect
|move|p1b: Aerodactyl|Rock Slide|p2a: Toxapex|[spread] p2b
|-activate|p2a: Toxapex|move: Protect
|-resisted|p2b: Garchomp|1
|-damage|p2b: Garchomp|0 fnt
|faint|p2b: Garchomp
|move|p1a: Floette|Draining Kiss|p2a: Toxapex
|-activate|p2a: Toxapex|move: Protect
|
|-heal|p2a: Toxapex|77/100|[from] item: Leftovers
|-damage|p1b: Aerodactyl|38/100 brn|[from] brn
|-damage|p1a: Floette|23/100 brn|[from] brn
|-damage|p1b: Aerodactyl|26/100 brn|[from] move: Infestation|[partiallytrapped]
|-damage|p1a: Floette|10/100 brn|[from] move: Infestation|[partiallytrapped]
|upkeep
|
|t:|1783909923
|switch|p2b: Grimmsnarl|Grimmsnarl, L50, M|15/100
|turn|12
|
|t:|1783909934
|move|p2b: Grimmsnarl|Reflect|p2b: Grimmsnarl
|-sidestart|p2: thegreatestnone|Reflect
|move|p1b: Aerodactyl|Rock Slide|p2a: Toxapex|[spread] p2a,p2b
|-damage|p2a: Toxapex|72/100
|-damage|p2b: Grimmsnarl|6/100
|move|p1a: Floette|Draining Kiss|p2b: Grimmsnarl
|-supereffective|p2b: Grimmsnarl|1
|-damage|p2b: Grimmsnarl|0 fnt
|-heal|p1a: Floette|16/100 brn|[from] drain|[of] p2b: Grimmsnarl
|faint|p2b: Grimmsnarl
|cant|p2a: Toxapex|flinch
|
|-heal|p2a: Toxapex|78/100|[from] item: Leftovers
|-damage|p1b: Aerodactyl|21/100 brn|[from] brn
|-damage|p1a: Floette|10/100 brn|[from] brn
|-end|p1b: Aerodactyl|Infestation|[partiallytrapped]
|-end|p1a: Floette|Infestation|[partiallytrapped]
|upkeep
|turn|13
|
|t:|1783909947
|switch|p1a: Incineroar|Incineroar, L50, M|60/100 tox
|-ability|p1a: Incineroar|Intimidate|boost
|-unboost|p2a: Toxapex|atk|1
|move|p1b: Aerodactyl|Rock Slide|p2a: Toxapex
|-damage|p2a: Toxapex|70/100
|cant|p2a: Toxapex|flinch
|
|-heal|p2a: Toxapex|75/100|[from] item: Leftovers
|-damage|p1a: Incineroar|54/100 tox|[from] psn
|-damage|p1b: Aerodactyl|15/100 brn|[from] brn
|upkeep
|turn|14
|
|t:|1783909963
|move|p2a: Toxapex|Baneful Bunker|p2a: Toxapex
|-singleturn|p2a: Toxapex|move: Protect
|move|p1a: Incineroar|Fake Out|p2a: Toxapex
|-activate|p2a: Toxapex|move: Protect
|move|p1b: Aerodactyl|Rock Slide|p2a: Toxapex
|-activate|p2a: Toxapex|move: Protect
|
|-heal|p2a: Toxapex|81/100|[from] item: Leftovers
|-damage|p1a: Incineroar|42/100 tox|[from] psn
|-damage|p1b: Aerodactyl|9/100 brn|[from] brn
|upkeep
|turn|15
|
|t:|1783909970
|move|p1b: Aerodactyl|Rock Slide|p2a: Toxapex|[miss]
|-miss|p1b: Aerodactyl|p2a: Toxapex
|move|p1a: Incineroar|Darkest Lariat|p2a: Toxapex
|-damage|p2a: Toxapex|66/100
|move|p2a: Toxapex|Recover|p2a: Toxapex
|-heal|p2a: Toxapex|100/100
|
|-damage|p1a: Incineroar|24/100 tox|[from] psn
|-damage|p1b: Aerodactyl|3/100 brn|[from] brn
|upkeep
|turn|16
|-message|entei enthusiast forfeited.
|
|win|thegreatestnone
||entei enthusiast is ready for game 3.
||thegreatestnone is ready for game 3.
|uhtml|next|Next: Game 3 of 3
|l|☆thegreatestnone
|player|p2|
