|j|☆namboyVGC
|j|☆nyakugan
|html|namboyVGCnyakugan    
|uhtml|bestof|Game 1 of a best-of-3
|t:|1756315977
|gametype|doubles
|player|p1|namboyVGC|pokemonranger-gen4|
|player|p2|nyakugan|psychic|
|gen|9
|tier|[Gen 9] VGC 2025 Reg H (Bo3)
|rule|Species Clause: Limit one of each Pokémon
|rule|Item Clause: Limit 1 of each item
|clearpoke
|poke|p1|Sneasler, L50, F|
|poke|p1|Indeedee, L50, M|
|poke|p1|Annihilape, L50, F|
|poke|p1|Tyranitar, L50, M|
|poke|p1|Excadrill, L50, F|
|poke|p1|Hydreigon, L50, M|
|poke|p2|Typhlosion-Hisui, L50, M|
|poke|p2|Whimsicott, L50, M|
|poke|p2|Ursaluna-Bloodmoon, L50, M|
|poke|p2|Annihilape, L50, F|
|poke|p2|Clefairy, L50, M|
|poke|p2|Farigiraf, L50, F|
|teampreview|4
|showteam|p1|Sneasler||PsychicSeed|Unburden|CloseCombat,DireClaw,ThroatChop,Protect|||F|||50|,,,,,Dark]Indeedee||ChoiceScarf|PsychicSurge|ExpandingForce,TeraBlast,Trick,DazzlingGleam|||M|||50|,,,,,Fire]Annihilape||SafetyGoggles|Defiant|CloseCombat,RageFist,Taunt,FinalGambit|||F|||50|,,,,,Water]Tyranitar||AssaultVest|SandStream|RockSlide,KnockOff,TeraBlast,LowKick|||M|||50|,,,,,Flying]Excadrill||FocusSash|SandRush|HighHorsepower,Earthquake,IronHead,Protect|||F|||50|,,,,,Stellar]Hydreigon||CovertCloak|Levitate|Snarl,DracoMeteor,Tailwind,Roar|||M|||50|,,,,,Ghost
|showteam|p2|Typhlosion-Hisui||ChoiceSpecs|Blaze|Eruption,HeatWave,ShadowBall,Overheat|||M|||50|,,,,,Fire]Whimsicott||CovertCloak|Prankster|Tailwind,BeatUp,Moonblast,SunnyDay|||M|||50|,,,,,Dark]Ursaluna-Bloodmoon||LifeOrb|MindsEye|Protect,BloodMoon,EarthPower,HyperVoice|||M|||50|,,,,,Normal]Annihilape||AssaultVest|Defiant|RageFist,DrainPunch,FinalGambit,CloseCombat|||F|||50|,,,,,Fire]Clefairy||Eviolite|FriendGuard|Protect,FollowMe,HelpingHand,AfterYou|||M|||50|,,,,,Grass]Farigiraf||ThroatSpray|ArmorTail|Protect,Psychic,HyperVoice,TrickRoom|||F|||50|,,,,,Dragon
|inactive|Battle timer is ON: inactive players will automatically lose when time's up. (requested by namboyVGC)
|c|☆nyakugan|glhf
|c|☆namboyVGC|glhf!
|inactive|namboyVGC has 60 seconds left.
|inactive|nyakugan has 60 seconds left.
|inactive|namboyVGC has 30 seconds left.
|inactive|namboyVGC has 20 seconds left.
|inactive|namboyVGC has 15 seconds left.
|inactive|namboyVGC has 10 seconds left.
|
|t:|1756316058
|teamsize|p1|4
|teamsize|p2|4
|start
|switch|p1a: Sneasler|Sneasler, L50, F|100/100
|switch|p1b: Indeedee|Indeedee, L50, M|100/100
|switch|p2a: Whimsicott|Whimsicott, L50, M, shiny|100/100
|switch|p2b: Typhlosion|Typhlosion-Hisui, L50, M|100/100
|-fieldstart|move: Psychic Terrain|[from] ability: Psychic Surge|[of] p1b: Indeedee
|-enditem|p1a: Sneasler|Psychic Seed
|-boost|p1a: Sneasler|spd|1|[from] item: Psychic Seed
|turn|1
|
|t:|1756316078
|switch|p1b: Tyranitar|Tyranitar, L50, M|100/100
|-weather|Sandstorm|[from] ability: Sand Stream|[of] p1b: Tyranitar
|-terastallize|p1a: Sneasler|Dark
|-terastallize|p2b: Typhlosion|Fire
|move|p2a: Whimsicott|Tailwind|p2a: Whimsicott
|-sidestart|p2: nyakugan|move: Tailwind
|move|p1a: Sneasler|Throat Chop|p2b: Typhlosion
|-damage|p2b: Typhlosion|34/100
|-start|p2b: Typhlosion|Throat Chop|[silent]
|move|p2b: Typhlosion|Heat Wave|p1a: Sneasler|[spread] p1a,p1b
|-resisted|p1b: Tyranitar
|-damage|p1a: Sneasler|30/100
|-damage|p1b: Tyranitar|83/100
|
|-weather|Sandstorm|[upkeep]
|-damage|p1a: Sneasler|24/100|[from] Sandstorm
|-damage|p2a: Whimsicott|95/100|[from] Sandstorm
|-damage|p2b: Typhlosion|28/100|[from] Sandstorm
|upkeep
|turn|2
|inactive|nyakugan has 30 seconds left.
|inactive|nyakugan has 20 seconds left.
|inactive|nyakugan has 15 seconds left.
|inactive|nyakugan has 10 seconds left.
|
|t:|1756316128
|move|p1a: Sneasler|Protect|p1a: Sneasler
|-singleturn|p1a: Sneasler|Protect
|move|p2a: Whimsicott|Moonblast|p1a: Sneasler
|-activate|p1a: Sneasler|move: Protect
|move|p2b: Typhlosion|Heat Wave|p1a: Sneasler|[spread] p1b
|-activate|p1a: Sneasler|move: Protect
|-resisted|p1b: Tyranitar
|-damage|p1b: Tyranitar|58/100
|move|p1b: Tyranitar|Rock Slide|p2b: Typhlosion|[spread] p2a,p2b
|-supereffective|p2b: Typhlosion
|-damage|p2a: Whimsicott|60/100
|-damage|p2b: Typhlosion|0 fnt
|faint|p2b: Typhlosion
|
|-weather|Sandstorm|[upkeep]
|-damage|p1a: Sneasler|18/100|[from] Sandstorm
|-damage|p2a: Whimsicott|54/100|[from] Sandstorm
|upkeep
|
|t:|1756316143
|switch|p2b: Ursaluna|Ursaluna-Bloodmoon, L50, M|100/100
|turn|3
|
|t:|1756316158
|move|p1a: Sneasler|Dire Claw|p2a: Whimsicott
|-supereffective|p2a: Whimsicott
|-damage|p2a: Whimsicott|0 fnt
|faint|p2a: Whimsicott
|move|p2b: Ursaluna|Earth Power|p1b: Tyranitar
|-supereffective|p1b: Tyranitar
|-damage|p1b: Tyranitar|4/100
|-damage|p2b: Ursaluna|91/100|[from] item: Life Orb
|move|p1b: Tyranitar|Low Kick|p2b: Ursaluna
|-supereffective|p2b: Ursaluna
|-damage|p2b: Ursaluna|29/100
|
|-weather|Sandstorm|[upkeep]
|-damage|p1a: Sneasler|12/100|[from] Sandstorm
|upkeep
|
|t:|1756316164
|switch|p2a: Annihilape|Annihilape, L50, F|100/100
|turn|4
|inactive|nyakugan has 30 seconds left.
|inactive|nyakugan has 20 seconds left.
|
|t:|1756316203
|move|p2b: Ursaluna|Protect|p2b: Ursaluna
|-singleturn|p2b: Ursaluna|Protect
|move|p1a: Sneasler|Throat Chop|p2a: Annihilape
|-damage|p2a: Annihilape|49/100
|-start|p2a: Annihilape|Throat Chop|[silent]
|move|p2a: Annihilape|Drain Punch|p1a: Sneasler
|-supereffective|p1a: Sneasler
|-damage|p1a: Sneasler|0 fnt
|-heal|p2a: Annihilape|54/100|[from] drain|[of] p1a: Sneasler
|faint|p1a: Sneasler
|move|p1b: Tyranitar|Rock Slide|p2a: Annihilape|[spread] p2a
|-activate|p2b: Ursaluna|move: Protect
|-resisted|p2a: Annihilape
|-damage|p2a: Annihilape|36/100
|
|-weather|Sandstorm|[upkeep]
|-damage|p2a: Annihilape|30/100|[from] Sandstorm
|-sideend|p2: nyakugan|move: Tailwind
|upkeep
|
|t:|1756316220
|switch|p1a: Indeedee|Indeedee, L50, M|100/100
|turn|5
|
|t:|1756316233
|move|p1a: Indeedee|Expanding Force|p2b: Ursaluna|[spread] p2a,p2b
|-supereffective|p2a: Annihilape
|-damage|p2a: Annihilape|0 fnt
|-damage|p2b: Ursaluna|0 fnt
|faint|p2a: Annihilape
|faint|p2b: Ursaluna
|
|win|namboyVGC
||nyakugan is ready for game 2.
||namboyVGC is ready for game 2.
|uhtml|next|Next: Game 2 of 3
