|j|☆INT Shinji
|j|☆Alecat
|html|INT ShinjiAlecat    
|uhtml|bestof|Game 1 of a best-of-3
|t:|1757646443
|gametype|doubles
|player|p1|INT Shinji|hilbert|1262
|player|p2|Alecat|scientistf|1183
|gen|9
|tier|[Gen 9] VGC 2025 Reg H (Bo3)
|rated|
|rule|Species Clause: Limit one of each Pokémon
|rule|Item Clause: Limit 1 of each item
|clearpoke
|poke|p1|Archaludon, L50, F|
|poke|p1|Maushold, L50|
|poke|p1|Annihilape, L50, M|
|poke|p1|Gholdengo, L50|
|poke|p1|Pelipper, L50, M|
|poke|p1|Sinistcha-Masterpiece, L50|
|poke|p2|Sneasler, L50, F|
|poke|p2|Magmar, L50, M|
|poke|p2|Rillaboom, L50, M|
|poke|p2|Espathra, L50, F|
|poke|p2|Kingambit, L50, M|
|poke|p2|Arcanine-Hisui, L50, M|
|teampreview|4
|showteam|p1|Archaludon||AssaultVest|Stamina|ElectroShot,DracoMeteor,FlashCannon,BodyPress|||F|||50|,,,,,Bug]Maushold||WideLens|Technician|PopulationBomb,Protect,BeatUp,Taunt||||||50|,,,,,Ghost]Annihilape||SafetyGoggles|Defiant|CloseCombat,Taunt,RageFist,FinalGambit|||M|||50|,,,,,Fire]Gholdengo||ChoiceScarf|GoodasGold|MakeItRain,ShadowBall,Protect,Trick||||||50|,,,,,Water]Pelipper||FocusSash|Drizzle|MuddyWater,Hurricane,Tailwind,Protect|||M|||50|,,,,,Ghost]Sinistcha-Masterpiece||SitrusBerry|Hospitality|MatchaGotcha,LifeDew,RagePowder,TrickRoom||||||50|,,,,,Dark
|showteam|p2|Sneasler||FocusSash|Unburden|FakeOut,CloseCombat,DireClaw,Coaching|||F|||50|,,,,,Ghost]Magmar||Eviolite|VitalSpirit|FollowMe,HeatWave,Taunt,Protect|||M|||50|,,,,,Dragon]Rillaboom||AssaultVest|GrassySurge|FakeOut,WoodHammer,GrassyGlide,HighHorsepower|||M|||50|,,,,,Fire]Espathra||GrassySeed|SpeedBoost|StoredPower,TeraBlast,CalmMind,Protect|||F|||50|,,,,,Fighting]Kingambit||SafetyGoggles|Defiant|KowtowCleave,SuckerPunch,SwordsDance,Protect|||M|||50|,,,,,Dark]Arcanine-Hisui||LoadedDice|Intimidate|FlareBlitz,RockBlast,ExtremeSpeed,Protect|||M|||50|,,,,,Ghost
|inactive|Battle timer is ON: inactive players will automatically lose when time's up. (requested by Alecat)
|inactive|INT Shinji has 60 seconds left.
|
|t:|1757646475
|teamsize|p1|4
|teamsize|p2|4
|start
|switch|p1a: Maushold|Maushold, L50|100/100
|switch|p1b: Pelipper|Pelipper, L50, M|100/100
|switch|p2a: Magmar|Magmar, L50, M|100/100
|switch|p2b: Espathra|Espathra, L50, F, shiny|100/100
|-weather|RainDance|[from] ability: Drizzle|[of] p1b: Pelipper
|turn|1
|
|t:|1757646488
|move|p2b: Espathra|Protect|p2b: Espathra
|-singleturn|p2b: Espathra|Protect
|move|p1a: Maushold|Taunt|p2a: Magmar
|-start|p2a: Magmar|move: Taunt
|move|p2a: Magmar|Heat Wave|p1b: Pelipper|[spread] p1a,p1b
|-resisted|p1b: Pelipper
|-damage|p1a: Maushold|80/100
|-damage|p1b: Pelipper|90/100
|move|p1b: Pelipper|Muddy Water|p2b: Espathra|[spread] p2a
|-activate|p2b: Espathra|move: Protect
|-supereffective|p2a: Magmar
|-damage|p2a: Magmar|38/100
|-unboost|p2a: Magmar|accuracy|1
|
|-weather|RainDance|[upkeep]
|-ability|p2b: Espathra|Speed Boost|boost
|-boost|p2b: Espathra|spe|1
|upkeep
|turn|2
|
|t:|1757646512
|switch|p2a: Rillaboom|Rillaboom, L50, M|100/100
|-fieldstart|move: Grassy Terrain|[from] ability: Grassy Surge|[of] p2a: Rillaboom
|-enditem|p2b: Espathra|Grassy Seed
|-boost|p2b: Espathra|def|1|[from] item: Grassy Seed
|-terastallize|p1a: Maushold|Ghost
|move|p2b: Espathra|Calm Mind|p2b: Espathra
|-boost|p2b: Espathra|spa|1
|-boost|p2b: Espathra|spd|1
|move|p1a: Maushold|Population Bomb|p2b: Espathra
|-damage|p2b: Espathra|91/100
|-damage|p2b: Espathra|82/100
|-damage|p2b: Espathra|74/100
|-damage|p2b: Espathra|66/100
|-damage|p2b: Espathra|58/100
|-damage|p2b: Espathra|49/100
|-damage|p2b: Espathra|41/100
|-damage|p2b: Espathra|33/100
|-damage|p2b: Espathra|24/100
|-damage|p2b: Espathra|16/100
|-hitcount|p2b: Espathra|10
|move|p1b: Pelipper|Muddy Water|p2b: Espathra|[spread] p2a,p2b
|-resisted|p2a: Rillaboom
|-damage|p2a: Rillaboom|83/100
|-damage|p2b: Espathra|0 fnt
|faint|p2b: Espathra
|
|-weather|RainDance|[upkeep]
|-heal|p1a: Maushold|86/100|[from] Grassy Terrain
|-heal|p2a: Rillaboom|89/100|[from] Grassy Terrain
|upkeep
|inactive|Alecat has 30 seconds left.
|
|t:|1757646540
|switch|p2b: Kingambit|Kingambit, L50, M|100/100
|turn|3
|
|t:|1757646562
|move|p1a: Maushold|Taunt|p2b: Kingambit
|-start|p2b: Kingambit|move: Taunt
|move|p1b: Pelipper|Hurricane|p2a: Rillaboom
|-supereffective|p2a: Rillaboom
|-damage|p2a: Rillaboom|14/100
|move|p2a: Rillaboom|Wood Hammer|p1b: Pelipper
|-damage|p1b: Pelipper|0 fnt
|faint|p1b: Pelipper
|-damage|p2a: Rillaboom|0 fnt|[from] Recoil
|faint|p2a: Rillaboom
|cant|p2b: Kingambit|move: Taunt|Swords Dance
|
|-weather|RainDance|[upkeep]
|-heal|p1a: Maushold|92/100|[from] Grassy Terrain
|upkeep
|
|t:|1757646575
|switch|p1b: Archaludon|Archaludon, L50, F|100/100
|switch|p2a: Magmar|Magmar, L50, M|38/100
|turn|4
|
|t:|1757646597
|-terastallize|p2a: Magmar|Dragon
|move|p2a: Magmar|Follow Me|p2a: Magmar
|-singleturn|p2a: Magmar|move: Follow Me
|move|p1a: Maushold|Taunt|p2a: Magmar
|-start|p2a: Magmar|move: Taunt
|move|p1b: Archaludon|Electro Shot||[still]
|-prepare|p1b: Archaludon|Electro Shot
|-boost|p1b: Archaludon|spa|1
|-anim|p1b: Archaludon|Electro Shot|p2a: Magmar
|-resisted|p2a: Magmar
|-damage|p2a: Magmar|18/100
|move|p2b: Kingambit|Kowtow Cleave|p1a: Maushold
|-supereffective|p1a: Maushold
|-damage|p1a: Maushold|0 fnt
|faint|p1a: Maushold
|
|-weather|RainDance|[upkeep]
|-heal|p2a: Magmar|24/100|[from] Grassy Terrain
|upkeep
|
|t:|1757646602
|switch|p1a: Sinistcha|Sinistcha-Masterpiece, L50|100/100
|turn|5
|
|t:|1757646623
|move|p1a: Sinistcha|Rage Powder|p1a: Sinistcha
|-singleturn|p1a: Sinistcha|move: Rage Powder
|move|p2a: Magmar|Heat Wave|p1b: Archaludon|[spread] p1a,p1b
|-supereffective|p1a: Sinistcha
|-damage|p1a: Sinistcha|79/100
|-damage|p1b: Archaludon|91/100
|-ability|p1b: Archaludon|Stamina|boost
|-boost|p1b: Archaludon|def|1
|move|p1b: Archaludon|Electro Shot||[still]
|-prepare|p1b: Archaludon|Electro Shot
|-boost|p1b: Archaludon|spa|1
|-anim|p1b: Archaludon|Electro Shot|p2b: Kingambit
|-damage|p2b: Kingambit|29/100
|move|p2b: Kingambit|Kowtow Cleave|p1b: Archaludon
|-damage|p1b: Archaludon|66/100
|-ability|p1b: Archaludon|Stamina|boost
|-boost|p1b: Archaludon|def|1
|
|-weather|none
|-heal|p2a: Magmar|30/100|[from] Grassy Terrain
|-heal|p1b: Archaludon|72/100|[from] Grassy Terrain
|-heal|p1a: Sinistcha|85/100|[from] Grassy Terrain
|-heal|p2b: Kingambit|34/100|[from] Grassy Terrain
|-end|p2b: Kingambit|move: Taunt
|upkeep
|turn|6
|inactive|Alecat has 30 seconds left.
|inactive|Alecat has 20 seconds left.
|
|t:|1757646658
|move|p2b: Kingambit|Sucker Punch|p1b: Archaludon
|-damage|p1b: Archaludon|59/100
|-ability|p1b: Archaludon|Stamina|boost
|-boost|p1b: Archaludon|def|1
|move|p2a: Magmar|Heat Wave|p1b: Archaludon|[spread] p1a,p1b
|-supereffective|p1a: Sinistcha
|-damage|p1a: Sinistcha|37/100
|-damage|p1b: Archaludon|42/100
|-ability|p1b: Archaludon|Stamina|boost
|-boost|p1b: Archaludon|def|1
|-enditem|p1a: Sinistcha|Sitrus Berry|[eat]
|-heal|p1a: Sinistcha|62/100|[from] item: Sitrus Berry
|move|p1b: Archaludon|Body Press|p2a: Magmar
|-crit|p2a: Magmar
|-damage|p2a: Magmar|0 fnt
|faint|p2a: Magmar
|move|p1a: Sinistcha|Life Dew|p1a: Sinistcha|[spread] p1a,p1b
|-heal|p1a: Sinistcha|87/100
|-heal|p1b: Archaludon|67/100
|
|-heal|p1b: Archaludon|73/100|[from] Grassy Terrain
|-heal|p1a: Sinistcha|93/100|[from] Grassy Terrain
|-heal|p2b: Kingambit|40/100|[from] Grassy Terrain
|-fieldend|move: Grassy Terrain
|upkeep
|turn|7
|inactive|Alecat has 30 seconds left.
|
|t:|1757646688
|move|p2b: Kingambit|Sucker Punch|p1b: Archaludon
|-damage|p1b: Archaludon|63/100
|-ability|p1b: Archaludon|Stamina|boost
|-boost|p1b: Archaludon|def|1
|move|p1b: Archaludon|Body Press|p2b: Kingambit
|-supereffective|p2b: Kingambit
|-damage|p2b: Kingambit|0 fnt
|faint|p2b: Kingambit
|
|win|INT Shinji
||INT Shinji is ready for game 2.
|inactive|Alecat has 30 seconds to confirm battle start!
|inactive|Alecat has 20 seconds to confirm battle start!
|inactive|Alecat has 10 seconds to confirm battle start!
|uhtml|next|Next: Game 2 of 3
|l|☆INT Shinji
|player|p1|
