|j|☆azuredreamer vg
|j|☆yassineVGC
|html|azuredreamer vgyassineVGC    
|uhtml|bestof|Game 1 of a best-of-3
|t:|1756500494
|gametype|doubles
|player|p1|azuredreamer vg|170|1182
|player|p2|yassineVGC|hilbert|1137
|gen|9
|tier|[Gen 9] VGC 2025 Reg H (Bo3)
|rated|
|rule|Species Clause: Limit one of each Pokémon
|rule|Item Clause: Limit 1 of each item
|clearpoke
|poke|p1|Annihilape, L50, M|
|poke|p1|Archaludon, L50, M|
|poke|p1|Whimsicott, L50, F|
|poke|p1|Pelipper, L50, M|
|poke|p1|Indeedee, L50, M|
|poke|p1|Sneasler, L50, M|
|poke|p2|Tyranitar, L50, M|
|poke|p2|Garchomp, L50, M|
|poke|p2|Incineroar, L50, M|
|poke|p2|Gholdengo, L50|
|poke|p2|Corviknight, L50, M|
|poke|p2|Indeedee, L50, M|
|teampreview|4
|showteam|p1|Annihilape||ChoiceScarf|Defiant|FinalGambit,RageFist,Uturn,CloseCombat|||M|||50|,,,,,Grass]Archaludon||AssaultVest|Stamina|BodyPress,FlashCannon,ElectroShot,DracoMeteor|||M|||50|,,,,,Water]Whimsicott||CovertCloak|Prankster|Moonblast,BeatUp,Tailwind,Taunt|||F|||50|,,,,,Ghost]Pelipper||SafetyGoggles|Drizzle|WeatherBall,Hurricane,Tailwind,Protect|||M|||50|,,,,,Ground]Indeedee||FocusSash|PsychicSurge|ExpandingForce,TeraBlast,TrickRoom,Protect|||M|||50|,,,,,Fairy]Sneasler||PsychicSeed|Pressure|DireClaw,ThroatChop,CloseCombat,Protect|||M|||50|,,,,,Dark
|showteam|p2|Tyranitar||AssaultVest|SandStream|RockSlide,TeraBlast,LowKick,KnockOff|||M|||50|,,,,,Flying]Garchomp||LifeOrb|SandVeil|Protect,Earthquake,StompingTantrum,DragonClaw|||M|||50|,,,,,Ground]Incineroar||SafetyGoggles|Intimidate|FakeOut,PartingShot,FlareBlitz,KnockOff|||M|||50|,,,,,Ghost]Gholdengo||MetalCoat|GoodasGold|NastyPlot,Protect,MakeItRain,ShadowBall||||||50|,,,,,Water]Corviknight||PsychicSeed|MirrorArmor|PowerTrip,BraveBird,BulkUp,Roost|||M|||50|,,,,,Dragon]Indeedee||ChoiceScarf|PsychicSurge|Psychic,ExpandingForce,Trick,TrickRoom|||M|||50|,,,,,Psychic
|inactive|Battle timer is ON: inactive players will automatically lose when time's up. (requested by yassineVGC)
|inactive|azuredreamer vg also wants the timer to be on.
|inactive|azuredreamer vg has 60 seconds left.
|inactive|yassineVGC has 60 seconds left.
|inactive|yassineVGC has 30 seconds left.
|inactive|yassineVGC has 20 seconds left.
|inactive|yassineVGC has 15 seconds left.
|inactive|yassineVGC has 10 seconds left.
|inactive|yassineVGC has 5 seconds left.
|
|t:|1756500584
|teamsize|p1|4
|teamsize|p2|4
|start
|switch|p1a: Archaludon|Archaludon, L50, M, shiny|100/100
|switch|p1b: Whimsicott|Whimsicott, L50, F|100/100
|switch|p2a: Tyranitar|Tyranitar, L50, M, shiny|100/100
|switch|p2b: Garchomp|Garchomp, L50, M|100/100
|-weather|Sandstorm|[from] ability: Sand Stream|[of] p2a: Tyranitar
|turn|1
|inactive|azuredreamer vg has 30 seconds left.
|inactive|yassineVGC has 30 seconds left.
|inactive|azuredreamer vg has 20 seconds left.
|inactive|azuredreamer vg has 15 seconds left.
|inactive|yassineVGC has 20 seconds left.
|inactive|yassineVGC has 15 seconds left.
|
|t:|1756500633
|-terastallize|p1a: Archaludon|Water
|-terastallize|p2a: Tyranitar|Flying
|move|p1b: Whimsicott|Beat Up|p1a: Archaludon
|-damage|p1a: Archaludon|98/100
|-ability|p1a: Archaludon|Stamina|boost
|-boost|p1a: Archaludon|def|1
|-damage|p1a: Archaludon|97/100
|-ability|p1a: Archaludon|Stamina|boost
|-boost|p1a: Archaludon|def|1
|-damage|p1a: Archaludon|96/100
|-ability|p1a: Archaludon|Stamina|boost
|-boost|p1a: Archaludon|def|1
|-damage|p1a: Archaludon|96/100
|-ability|p1a: Archaludon|Stamina|boost
|-boost|p1a: Archaludon|def|1
|-hitcount|p1a: Archaludon|4
|move|p2b: Garchomp|Dragon Claw|p1a: Archaludon
|-damage|p1a: Archaludon|83/100
|-ability|p1a: Archaludon|Stamina|boost
|-boost|p1a: Archaludon|def|1
|-damage|p2b: Garchomp|91/100|[from] item: Life Orb
|move|p1a: Archaludon|Body Press|p2a: Tyranitar
|-resisted|p2a: Tyranitar
|-damage|p2a: Tyranitar|66/100
|move|p2a: Tyranitar|Knock Off|p1a: Archaludon
|-damage|p1a: Archaludon|72/100
|-ability|p1a: Archaludon|Stamina|boost
|-boost|p1a: Archaludon|def|1
|-enditem|p1a: Archaludon|Assault Vest|[from] move: Knock Off|[of] p2a: Tyranitar
|
|-weather|Sandstorm|[upkeep]
|-damage|p1b: Whimsicott|95/100|[from] Sandstorm
|-damage|p1a: Archaludon|66/100|[from] Sandstorm
|-damage|p2a: Tyranitar|60/100|[from] Sandstorm
|upkeep
|turn|2
|j| Arkhept
|l| Arkhept
|inactive|azuredreamer vg has 30 seconds left.
|inactive|yassineVGC has 30 seconds left.
|inactive|azuredreamer vg has 20 seconds left.
|inactive|yassineVGC has 20 seconds left.
|inactive|yassineVGC has 15 seconds left.
|inactive|yassineVGC has 10 seconds left.
|
|t:|1756500678
|switch|p1b: Pelipper|Pelipper, L50, M|100/100
|-weather|RainDance|[from] ability: Drizzle|[of] p1b: Pelipper
|switch|p2b: Incineroar|Incineroar, L50, M|100/100
|-ability|p2b: Incineroar|Intimidate|boost
|-unboost|p1a: Archaludon|atk|1
|-unboost|p1b: Pelipper|atk|1
|switch|p2a: Gholdengo|Gholdengo, L50|100/100
|move|p1a: Archaludon|Electro Shot||[still]
|-prepare|p1a: Archaludon|Electro Shot
|-boost|p1a: Archaludon|spa|1
|-anim|p1a: Archaludon|Electro Shot|p2a: Gholdengo
|-damage|p2a: Gholdengo|30/100
|
|-weather|RainDance|[upkeep]
|upkeep
|turn|3
|inactive|azuredreamer vg has 30 seconds left.
|inactive|yassineVGC has 30 seconds left.
|inactive|yassineVGC has 20 seconds left.
|
|t:|1756500715
|switch|p1a: Annihilape|Annihilape, L50, M|100/100
|move|p2b: Incineroar|Fake Out|p1a: Annihilape
|-immune|p1a: Annihilape
|move|p2a: Gholdengo|Make It Rain|p1b: Pelipper|[spread] p1a,p1b
|-resisted|p1b: Pelipper
|-damage|p1a: Annihilape|43/100
|-damage|p1b: Pelipper|48/100
|-unboost|p2a: Gholdengo|spa|1
|move|p1b: Pelipper|Weather Ball|p2a: Gholdengo
|-damage|p2a: Gholdengo|0 fnt
|faint|p2a: Gholdengo
|
|-weather|RainDance|[upkeep]
|upkeep
|
|t:|1756500732
|switch|p2a: Tyranitar|Tyranitar, L50, M, shiny, tera:Flying|60/100
|-weather|Sandstorm|[from] ability: Sand Stream|[of] p2a: Tyranitar
|turn|4
|inactive|azuredreamer vg has 30 seconds left.
|inactive|azuredreamer vg has 20 seconds left.
|
|t:|1756500767
|switch|p1b: Archaludon|Archaludon, L50, M, shiny, tera:Water|66/100
|move|p1a: Annihilape|Close Combat|p2b: Incineroar
|-supereffective|p2b: Incineroar
|-damage|p2b: Incineroar|0 fnt
|-unboost|p1a: Annihilape|def|1
|-unboost|p1a: Annihilape|spd|1
|faint|p2b: Incineroar
|move|p2a: Tyranitar|Tera Blast|p1a: Annihilape|[anim] Tera Blast Flying
|-supereffective|p1a: Annihilape
|-damage|p1a: Annihilape|0 fnt
|faint|p1a: Annihilape
|
|-weather|Sandstorm|[upkeep]
|-damage|p1b: Archaludon|60/100|[from] Sandstorm
|-damage|p2a: Tyranitar|54/100|[from] Sandstorm
|upkeep
|
|t:|1756500781
|switch|p1a: Whimsicott|Whimsicott, L50, F|95/100
|switch|p2b: Garchomp|Garchomp, L50, M|91/100
|turn|5
|
|t:|1756500801
|move|p1a: Whimsicott|Tailwind|p1a: Whimsicott
|-sidestart|p1: azuredreamer vg|move: Tailwind
|move|p1b: Archaludon|Draco Meteor|p2b: Garchomp
|-supereffective|p2b: Garchomp
|-damage|p2b: Garchomp|0 fnt
|-unboost|p1b: Archaludon|spa|2
|faint|p2b: Garchomp
|move|p2a: Tyranitar|Tera Blast|p1a: Whimsicott|[anim] Tera Blast Flying
|-supereffective|p1a: Whimsicott
|-damage|p1a: Whimsicott|0 fnt
|faint|p1a: Whimsicott
|
|-weather|Sandstorm|[upkeep]
|-damage|p1b: Archaludon|54/100|[from] Sandstorm
|-damage|p2a: Tyranitar|48/100|[from] Sandstorm
|upkeep
|
|t:|1756500806
|switch|p1a: Pelipper|Pelipper, L50, M|48/100
|-weather|RainDance|[from] ability: Drizzle|[of] p1a: Pelipper
|turn|6
|-message|yassineVGC forfeited.
|
|win|azuredreamer vg
