|j|☆Iceman5687
|j|☆Blitzball Ace
|html|Iceman5687Blitzball Ace    
|uhtml|bestof|Game 2 of a best-of-3
|t:|1755632333
|gametype|doubles
|player|p1|Iceman5687|266|1201
|player|p2|Blitzball Ace|winona|1180
|gen|9
|tier|[Gen 9] VGC 2025 Reg H (Bo3)
|rated|
|rule|Species Clause: Limit one of each Pokémon
|rule|Item Clause: Limit 1 of each item
|clearpoke
|poke|p1|Ursaluna, L50, M|
|poke|p1|Charizard, L50, M|
|poke|p1|Torkoal, L50, F|
|poke|p1|Incineroar, L50, M|
|poke|p1|Porygon2, L50|
|poke|p1|Jumpluff, L50, M|
|poke|p2|Kingambit, L50, F|
|poke|p2|Sneasler, L50, F|
|poke|p2|Magmar, L50, M|
|poke|p2|Dragapult, L50, F|
|poke|p2|Kleavor, L50, M|
|poke|p2|Dondozo, L50, F|
|teampreview|4
|showteam|p1|Ursaluna||FlameOrb|Guts|Facade,HeadlongRush,Earthquake,Protect|||M|||50|,,,,,Ghost]Charizard||ChoiceSpecs|SolarPower|Overheat,WeatherBall,HeatWave,AirSlash|||M|||50|,,,,,Ghost]Torkoal||EjectPack|Drought|Eruption,Overheat,HelpingHand,Protect|||F|||50|,,,,,Fire]Incineroar||SitrusBerry|Intimidate|FakeOut,FlareBlitz,KnockOff,PartingShot|||M|||50|,,,,,Ghost]Porygon2||Eviolite|Download|TeraBlast,IceBeam,Recover,TrickRoom||||||50|,,,,,Fighting]Jumpluff||CovertCloak|Chlorophyll|RagePowder,Tailwind,SleepPowder,SunnyDay|||M|||50|,,,,,Water
|showteam|p2|Kingambit||BlackGlasses|Defiant|KowtowCleave,SuckerPunch,SwordsDance,Protect|||F|||50|,,,,,Ghost]Sneasler||FocusSash|PoisonTouch|CloseCombat,DireClaw,FakeOut,Coaching|||F|||50|,,,,,Stellar]Magmar||Eviolite|VitalSpirit|Overheat,HelpingHand,FollowMe,Protect|||M|||50|,,,,,Ghost]Dragapult||ChoiceBand|ClearBody|DragonDarts,PhantomForce,Outrage,Uturn|||F|||50|,,,,,Dragon]Kleavor||ClearAmulet|Sharpness|StoneAxe,XScissor,Protect,CloseCombat|||M|||50|,,,,,Water]Dondozo||Leftovers|Oblivious|Yawn,HeavySlam,Liquidation,Protect|||F|||50|,,,,,Steel
|inactive|Battle timer is ON: inactive players will automatically lose when time's up. (requested by Iceman5687)
|
|t:|1755632355
|teamsize|p1|4
|teamsize|p2|4
|start
|switch|p1a: Jumpluff|Jumpluff, L50, M, shiny|100/100
|switch|p1b: Torkoal|Torkoal, L50, F|100/100
|switch|p2a: Sneasler|Sneasler, L50, F|100/100
|switch|p2b: Magmar|Magmar, L50, M|100/100
|-weather|SunnyDay|[from] ability: Drought|[of] p1b: Torkoal
|turn|1
|
|t:|1755632370
|move|p2a: Sneasler|Fake Out|p1b: Torkoal
|-damage|p1b: Torkoal|90/100
|move|p1a: Jumpluff|Tailwind|p1a: Jumpluff
|-sidestart|p1: Iceman5687|move: Tailwind
|move|p2b: Magmar|Overheat|p1a: Jumpluff
|-supereffective|p1a: Jumpluff
|-damage|p1a: Jumpluff|0 fnt
|-unboost|p2b: Magmar|spa|2
|faint|p1a: Jumpluff
|cant|p1b: Torkoal|flinch
|
|-weather|SunnyDay|[upkeep]
|upkeep
|
|t:|1755632374
|switch|p1a: Charizard|Charizard, L50, M, shiny|100/100
|turn|2
|
|t:|1755632394
|move|p1a: Charizard|Heat Wave|p2a: Sneasler|[spread] p2a,p2b
|-resisted|p2b: Magmar
|-enditem|p2a: Sneasler|Focus Sash
|-damage|p2a: Sneasler|1/100
|-damage|p2b: Magmar|57/100
|move|p2a: Sneasler|Dire Claw|p1a: Charizard
|-damage|p1a: Charizard|36/100
|-status|p1a: Charizard|slp
|move|p2b: Magmar|Overheat|p1a: Charizard
|-resisted|p1a: Charizard
|-damage|p1a: Charizard|10/100 slp
|-unboost|p2b: Magmar|spa|2
|move|p1b: Torkoal|Overheat|p2a: Sneasler
|-damage|p2a: Sneasler|0 fnt
|-unboost|p1b: Torkoal|spa|2
|faint|p2a: Sneasler
|-enditem|p1b: Torkoal|Eject Pack
|
|t:|1755632399
|switch|p1b: Ursaluna|Ursaluna, L50, M, shiny|100/100
|
|-weather|SunnyDay|[upkeep]
|-damage|p1a: Charizard|0 fnt|[from] ability: Solar Power|[of] p1a: Charizard
|faint|p1a: Charizard
|-status|p1b: Ursaluna|brn|[from] item: Flame Orb
|upkeep
|
|t:|1755632415
|switch|p2a: Kingambit|Kingambit, L50, F|100/100
|switch|p1a: Torkoal|Torkoal, L50, F|90/100
|turn|3
|
|t:|1755632435
|move|p2b: Magmar|Protect|p2b: Magmar
|-singleturn|p2b: Magmar|Protect
|move|p2a: Kingambit|Protect|p2a: Kingambit
|-singleturn|p2a: Kingambit|Protect
|move|p1b: Ursaluna|Headlong Rush|p2a: Kingambit
|-activate|p2a: Kingambit|move: Protect
|move|p1a: Torkoal|Eruption|p2a: Kingambit|[spread] 
|-activate|p2a: Kingambit|move: Protect
|-activate|p2b: Magmar|move: Protect
|
|-weather|SunnyDay|[upkeep]
|-damage|p1b: Ursaluna|95/100 brn|[from] brn
|upkeep
|turn|4
|inactive|Iceman5687 has 30 seconds left.
|inactive|Blitzball Ace has 30 seconds left.
|
|t:|1755632465
|-terastallize|p2a: Kingambit|Ghost
|move|p2b: Magmar|Follow Me|p2b: Magmar
|-singleturn|p2b: Magmar|move: Follow Me
|move|p1b: Ursaluna|Headlong Rush|p2b: Magmar
|-supereffective|p2b: Magmar
|-damage|p2b: Magmar|0 fnt
|-unboost|p1b: Ursaluna|def|1
|-unboost|p1b: Ursaluna|spd|1
|faint|p2b: Magmar
|move|p2a: Kingambit|Kowtow Cleave|p1b: Ursaluna
|-damage|p1b: Ursaluna|23/100 brn
|move|p1a: Torkoal|Overheat|p2a: Kingambit|[miss]
|-miss|p1a: Torkoal|p2a: Kingambit
|
|-weather|SunnyDay|[upkeep]
|-damage|p1b: Ursaluna|18/100 brn|[from] brn
|-sideend|p1: Iceman5687|move: Tailwind
|upkeep
|c|☆Iceman5687|for real
|c|☆Blitzball Ace|that aint killing
|c|☆Iceman5687|dont care
|
|t:|1755632487
|switch|p2b: Kleavor|Kleavor, L50, M|100/100
|turn|5
|c|☆Iceman5687|2 misses
|-message|Iceman5687 forfeited.
|
|win|Blitzball Ace
|raw|Iceman5687's rating: 1201 → 1174(-27 for losing)
|raw|Blitzball Ace's rating: 1180 → 1207(+27 for winning)
