|j|☆PopoVGC
|j|☆ElAvi04
|html|PopoVGCElAvi04    
|uhtml|bestof|Game 1 of a best-of-3
|t:|1786084764
|gametype|doubles
|player|p1|PopoVGC|silver|1318
|player|p2|ElAvi04|2|1193
|gen|9
|tier|[Gen 9 Champions] VGC 2026 Reg M-B (Bo3)
|rated|
|rule|Species Clause: Limit one of each Pokémon
|rule|Item Clause: Limit 1 of each item
|clearpoke
|poke|p1|Gholdengo, L50|
|poke|p1|Tyranitar, L50, M|
|poke|p1|Excadrill, L50, F|
|poke|p1|Pidgeot, L50, F|
|poke|p1|Tsareena, L50, F|
|poke|p1|Rotom-Wash, L50|
|poke|p2|Arcanine-Hisui, L50, F|
|poke|p2|Floette-Eternal, L50, F|
|poke|p2|Blastoise, L50, M|
|poke|p2|Sinistcha, L50|
|poke|p2|Corviknight, L50, M, shiny|
|poke|p2|Kommo-o, L50, M|
|teampreview|4
|showteam|p1|Gholdengo||LifeOrb|GoodasGold|MakeItRain,ShadowBall,NastyPlot,Protect|Timid|||||50|]Tyranitar||Tyranitarite|SandStream|RockSlide,KnockOff,Protect,LowKick|Jolly||M|||50|]Excadrill||FocusSash|SandRush|IronHead,Earthquake,RockSlide,Protect|Adamant||F|||50|]Pidgeot||Pidgeotite|BigPecks|Hurricane,HeatWave,Protect,Tailwind|Timid||F|||50|]Tsareena||ChoiceScarf|QueenlyMajesty|PowerWhip,TripleAxel,Uturn,LowKick|Jolly||F|||50|]Rotom-Wash||SitrusBerry|Levitate|Thunderbolt,HydroPump,Protect,WillOWisp|Bold|||||50|
|showteam|p2|Arcanine-Hisui||FocusSash|RockHead|HeadSmash,FlareBlitz,ExtremeSpeed,Protect|Jolly||F|||50|]Floette-Eternal||Floettite|FlowerVeil|Moonblast,DazzlingGleam,HelpingHand,Protect|Timid||F|||50|]Blastoise||Blastoisinite|RainDish|WaterSpout,DarkPulse,ShellSmash,Protect|Modest||M|||50|]Sinistcha||KasibBerry|Hospitality|MatchaGotcha,RagePowder,LifeDew,TrickRoom|Relaxed|||||50|]Corviknight||Leftovers|MirrorArmor|BraveBird,IronHead,Tailwind,Taunt|Impish||M|||50|]Kommo-o||SitrusBerry|Soundproof|ClangingScales,AuraSphere,ClangorousSoul,Protect|Modest||M|||50|
|c|☆ElAvi04|glhf
|c|☆ElAvi04|why pidgeot over mega dragonite
|c|☆ElAvi04|isnt it like
|c|☆ElAvi04|better in every way
|
|t:|1786084846
|teamsize|p1|4
|teamsize|p2|4
|start
|switch|p1a: Tyranitar|Tyranitar, L50, M|100/100
|switch|p1b: Excadrill|Excadrill, L50, F|100/100
|switch|p2a: Blanquita|Arcanine-Hisui, L50, F|100/100
|switch|p2b: Messi|Sinistcha, L50|100/100
|-weather|Sandstorm|[from] ability: Sand Stream|[of] p1a: Tyranitar
|turn|1
|
|t:|1786084874
|switch|p2a: Travis Scott|Kommo-o, L50, M|100/100
|move|p1b: Excadrill|Rock Slide|p2a: Travis Scott|[spread] p2b
|-miss|p1b: Excadrill|p2a: Travis Scott
|-damage|p2b: Messi|79/100
|move|p1a: Tyranitar|Rock Slide|p2b: Messi|[spread] p2a,p2b
|-resisted|p2a: Travis Scott|1
|-damage|p2a: Travis Scott|88/100
|-damage|p2b: Messi|53/100
|move|p2b: Messi|Trick Room|p2b: Messi
|-fieldstart|move: Trick Room|[of] p2b: Messi
|
|-weather|Sandstorm|[upkeep]
|-damage|p2b: Messi|47/100|[from] Sandstorm
|-damage|p2a: Travis Scott|81/100|[from] Sandstorm
|upkeep
|turn|2
|
|t:|1786084905
|switch|p1b: Gholdengo|Gholdengo, L50|100/100
|move|p2b: Messi|Matcha Gotcha|p1b: Gholdengo|[spread] p1a
|-miss|p2b: Messi|p1b: Gholdengo
|-supereffective|p1a: Tyranitar|1
|-damage|p1a: Tyranitar|62/100
|-heal|p2b: Messi|66/100|[from] drain|[of] p1a: Tyranitar
|move|p2a: Travis Scott|Aura Sphere|p1a: Tyranitar
|-supereffective|p1a: Tyranitar|2
|-damage|p1a: Tyranitar|0 fnt
|faint|p1a: Tyranitar
|
|-weather|Sandstorm|[upkeep]
|-damage|p2b: Messi|60/100|[from] Sandstorm
|-damage|p2a: Travis Scott|75/100|[from] Sandstorm
|upkeep
|
|t:|1786084918
|switch|p1a: Pidgeot|Pidgeot, L50, F|100/100
|turn|3
|
|t:|1786084953
|move|p2a: Travis Scott|Protect|p2a: Travis Scott
|-singleturn|p2a: Travis Scott|Protect
|move|p1a: Pidgeot|Protect|p1a: Pidgeot
|-singleturn|p1a: Pidgeot|Protect
|move|p2b: Messi|Life Dew|p2b: Messi|[spread] p2a,p2b
|-heal|p2a: Travis Scott|100/100
|-heal|p2b: Messi|85/100
|move|p1b: Gholdengo|Nasty Plot|p1b: Gholdengo
|-boost|p1b: Gholdengo|spa|2
|
|-weather|Sandstorm|[upkeep]
|-damage|p2b: Messi|79/100|[from] Sandstorm
|-damage|p2a: Travis Scott|93/100|[from] Sandstorm
|-damage|p1a: Pidgeot|93/100|[from] Sandstorm
|upkeep
|turn|4
|
|t:|1786085052
|detailschange|p1a: Pidgeot|Pidgeot-Mega, L50, F
|-mega|p1a: Pidgeot|Pidgeot|Pidgeotite
|move|p2b: Messi|Rage Powder|p2b: Messi
|-singleturn|p2b: Messi|move: Rage Powder
|move|p2a: Travis Scott|Aura Sphere|p1a: Pidgeot
|-damage|p1a: Pidgeot|41/100
|move|p1b: Gholdengo|Shadow Ball|p2b: Messi
|-supereffective|p2b: Messi|1
|-enditem|p2b: Messi|Kasib Berry|[eat]
|-enditem|p2b: Messi|Kasib Berry|[weaken]
|-damage|p2b: Messi|0 fnt
|faint|p2b: Messi
|-damage|p1b: Gholdengo|90/100|[from] item: Life Orb
|move|p1a: Pidgeot|Hurricane|p2a: Travis Scott
|-supereffective|p2a: Travis Scott|1
|-damage|p2a: Travis Scott|0 fnt
|faint|p2a: Travis Scott
|
|-weather|Sandstorm|[upkeep]
|-damage|p1a: Pidgeot|35/100|[from] Sandstorm
|upkeep
|c|☆ElAvi04|holy shit
|c|☆ElAvi04|thats a hard hitting shadow ball if ive ever seen one
|
|t:|1786085092
|switch|p2b: Blanquita|Arcanine-Hisui, L50, F|100/100
|switch|p2a: Wendy Koopa|Blastoise, L50, M|100/100
|turn|5
|
|t:|1786085143
|detailschange|p2a: Wendy Koopa|Blastoise-Mega, L50, M
|-mega|p2a: Wendy Koopa|Blastoise|Blastoisinite
|move|p2a: Wendy Koopa|Shell Smash|p2a: Wendy Koopa
|-unboost|p2a: Wendy Koopa|def|1
|-unboost|p2a: Wendy Koopa|spd|1
|-boost|p2a: Wendy Koopa|atk|2
|-boost|p2a: Wendy Koopa|spa|2
|-boost|p2a: Wendy Koopa|spe|2
|move|p1b: Gholdengo|Make It Rain|p2b: Blanquita|[spread] p2a,p2b
|-resisted|p2a: Wendy Koopa|1
|-damage|p2a: Wendy Koopa|15/100
|-enditem|p2b: Blanquita|Focus Sash
|-damage|p2b: Blanquita|1/100
|-unboost|p1b: Gholdengo|spa|2
|-damage|p1b: Gholdengo|81/100|[from] item: Life Orb
|move|p2b: Blanquita|Flare Blitz|p1b: Gholdengo
|-supereffective|p1b: Gholdengo|1
|-damage|p1b: Gholdengo|0 fnt
|faint|p1b: Gholdengo
|move|p1a: Pidgeot|Tailwind|p1a: Pidgeot
|-sidestart|p1: PopoVGC|move: Tailwind
|
|-weather|none
|-fieldend|move: Trick Room
|upkeep
|
|t:|1786085160
|switch|p1b: Excadrill|Excadrill, L50, F|100/100
|turn|6
|
|t:|1786085175
|move|p2a: Wendy Koopa|Protect|p2a: Wendy Koopa
|-singleturn|p2a: Wendy Koopa|Protect
|move|p2b: Blanquita|Extreme Speed|p1a: Pidgeot
|-damage|p1a: Pidgeot|1/100
|move|p1a: Pidgeot|Heat Wave|p2b: Blanquita|[spread] p2b
|-activate|p2a: Wendy Koopa|move: Protect
|-resisted|p2b: Blanquita|2
|-damage|p2b: Blanquita|0 fnt
|faint|p2b: Blanquita
|move|p1b: Excadrill|Earthquake|p2a: Wendy Koopa|[spread] 
|-activate|p2a: Wendy Koopa|move: Protect
|-immune|p1a: Pidgeot
|
|upkeep
|turn|7
|c|☆ElAvi04|oops
|
|t:|1786085194
|move|p1a: Pidgeot|Hurricane|p2a: Wendy Koopa
|-damage|p2a: Wendy Koopa|0 fnt
|faint|p2a: Wendy Koopa
|
|win|PopoVGC
||ElAvi04 is ready for game 2.
||PopoVGC is ready for game 2.
|uhtml|next|Next: Game 2 of 3
|l|☆ElAvi04
|player|p2|
