|j|☆jonen
|j|☆nyakugan
|html|jonennyakugan    
|uhtml|bestof|Game 1 of a best-of-3
|t:|1756927005
|gametype|doubles
|player|p1|jonen|ruinmaniac-gen3|
|player|p2|nyakugan|psychic|
|gen|9
|tier|[Gen 9] VGC 2025 Reg H (Bo3)
|rule|Species Clause: Limit one of each Pokémon
|rule|Item Clause: Limit 1 of each item
|clearpoke
|poke|p1|Garchomp, L50, F|
|poke|p1|Weezing-Galar, L50, M|
|poke|p1|Archaludon, L50, F|
|poke|p1|Gholdengo, L50|
|poke|p1|Talonflame, L50, F|
|poke|p1|Annihilape, L50, F|
|poke|p2|Dragapult, L50, M|
|poke|p2|Sneasler, L50, M|
|poke|p2|Volcarona, L50, F|
|poke|p2|Incineroar, L50, M|
|poke|p2|Rillaboom, L50, M|
|poke|p2|Kingambit, L50, M|
|teampreview|4
|showteam|p1|Garchomp||LifeOrb|RoughSkin|DragonClaw,Earthquake,StompingTantrum,Protect|||F|||50|,,,,,Ground]Weezing-Galar||FocusSash|NeutralizingGas|Protect,SludgeBomb,Taunt,StrangeSteam|||M|||50|,,,,,Flying]Archaludon||PowerHerb|Sturdy|ElectroShot,Thunderbolt,DracoMeteor,Protect|||F|||50|,,,,,Electric]Gholdengo||ChoiceSpecs|GoodasGold|ShadowBall,DazzlingGleam,PowerGem,MakeItRain||||||50|,,,,,Fairy]Talonflame||CovertCloak|GaleWings|Tailwind,DualWingbeat,UpperHand,FlareBlitz|||F|||50|,,,,,Fairy]Annihilape||AssaultVest|Defiant|CloseCombat,RageFist,FinalGambit,IcePunch|||F|||50|,,,,,Grass
|showteam|p2|Dragapult||ChoiceBand|ClearBody|DragonDarts,Outrage,PhantomForce,Uturn|||M|||50|,,,,,Dragon]Sneasler||FocusSash|Unburden|CloseCombat,DireClaw,Coaching,Protect|||M|||50|,,,,,Stellar]Volcarona||GrassySeed|FlameBody|FieryDance,TeraBlast,QuiverDance,Protect|||F|||50|,,,,,Fairy]Incineroar||SafetyGoggles|Intimidate|KnockOff,FakeOut,Taunt,PartingShot|||M|||50|,,,,,Ghost]Rillaboom||AssaultVest|GrassySurge|WoodHammer,GrassyGlide,Uturn,FakeOut|||M|||50|,,,,,Fire]Kingambit||BlackGlasses|Defiant|KowtowCleave,SuckerPunch,SwordsDance,Protect|||M|||50|,,,,,Dark
|
|t:|1756927060
|teamsize|p1|4
|teamsize|p2|4
|start
|switch|p1a: Gholdengo|Gholdengo, L50|100/100
|switch|p1b: Talonflame|Talonflame, L50, F|100/100
|switch|p2a: Dragapult|Dragapult, L50, M, shiny|100/100
|switch|p2b: Sneasler|Sneasler, L50, M, shiny|100/100
|turn|1
|inactive|Battle timer is ON: inactive players will automatically lose when time's up. (requested by jonen)
|
|t:|1756927136
|-terastallize|p2a: Dragapult|Dragon
|-terastallize|p1a: Gholdengo|Fairy
|move|p2b: Sneasler|Protect|p2b: Sneasler
|-singleturn|p2b: Sneasler|Protect
|move|p1b: Talonflame|Tailwind|p1b: Talonflame
|-sidestart|p1: jonen|move: Tailwind
|move|p1a: Gholdengo|Dazzling Gleam|p2b: Sneasler|[spread] p2a
|-activate|p2b: Sneasler|move: Protect
|-supereffective|p2a: Dragapult
|-damage|p2a: Dragapult|0 fnt
|faint|p2a: Dragapult
|
|upkeep
|
|t:|1756927154
|switch|p2a: Rillaboom|Rillaboom, L50, M|100/100
|-fieldstart|move: Grassy Terrain|[from] ability: Grassy Surge|[of] p2a: Rillaboom
|turn|2
|
|t:|1756927174
|move|p2a: Rillaboom|Fake Out|p1a: Gholdengo
|-damage|p1a: Gholdengo|85/100
|move|p1b: Talonflame|Dual Wingbeat|p2b: Sneasler|[miss]
|-miss|p1b: Talonflame|p2b: Sneasler
|cant|p1a: Gholdengo|flinch
|move|p2b: Sneasler|Dire Claw|p1b: Talonflame
|-damage|p1b: Talonflame|38/100
|
|-heal|p1a: Gholdengo|91/100|[from] Grassy Terrain
|upkeep
|turn|3
|inactive|nyakugan has 30 seconds left.
|
|t:|1756927207
|move|p2a: Rillaboom|Grassy Glide|p1b: Talonflame
|-resisted|p1b: Talonflame
|-damage|p1b: Talonflame|23/100
|move|p1b: Talonflame|Flare Blitz|p2a: Rillaboom
|-supereffective|p2a: Rillaboom
|-damage|p2a: Rillaboom|0 fnt
|faint|p2a: Rillaboom
|-damage|p1b: Talonflame|0 fnt|[from] Recoil
|faint|p1b: Talonflame
|move|p1a: Gholdengo|Dazzling Gleam|p2b: Sneasler
|-damage|p2b: Sneasler|21/100
|move|p2b: Sneasler|Dire Claw|p1a: Gholdengo
|-supereffective|p1a: Gholdengo
|-damage|p1a: Gholdengo|2/100
|-status|p1a: Gholdengo|psn
|
|-heal|p1a: Gholdengo|8/100 psn|[from] Grassy Terrain
|-heal|p2b: Sneasler|26/100|[from] Grassy Terrain
|-damage|p1a: Gholdengo|0 fnt|[from] psn
|faint|p1a: Gholdengo
|upkeep
|
|t:|1756927225
|switch|p1b: Annihilape|Annihilape, L50, F|100/100
|switch|p1a: Garchomp|Garchomp, L50, F|100/100
|switch|p2a: Volcarona|Volcarona, L50, F|100/100
|-enditem|p2a: Volcarona|Grassy Seed
|-boost|p2a: Volcarona|def|1|[from] item: Grassy Seed
|turn|4
|
|t:|1756927237
|move|p2b: Sneasler|Protect|p2b: Sneasler
|-singleturn|p2b: Sneasler|Protect
|move|p2a: Volcarona|Protect|p2a: Volcarona
|-singleturn|p2a: Volcarona|Protect
|move|p1a: Garchomp|Dragon Claw|p2b: Sneasler
|-activate|p2b: Sneasler|move: Protect
|move|p1b: Annihilape|Final Gambit|p2a: Volcarona
|-activate|p2a: Volcarona|move: Protect
|
|-heal|p2b: Sneasler|32/100|[from] Grassy Terrain
|-sideend|p1: jonen|move: Tailwind
|upkeep
|turn|5
|inactive|nyakugan has 30 seconds left.
|inactive|nyakugan has 20 seconds left.
|inactive|nyakugan has 15 seconds left.
|inactive|jonen has 30 seconds left.
|inactive|nyakugan has 10 seconds left.
|inactive|nyakugan has 5 seconds left.
|
|t:|1756927288
|move|p2b: Sneasler|Dire Claw|p1b: Annihilape
|-resisted|p1b: Annihilape
|-damage|p1b: Annihilape|79/100
|move|p1a: Garchomp|Dragon Claw|p2a: Volcarona
|-damage|p2a: Volcarona|54/100
|-damage|p1a: Garchomp|91/100|[from] item: Life Orb
|move|p1b: Annihilape|Final Gambit|p2a: Volcarona
|-damage|p2a: Volcarona|0 fnt
|faint|p1b: Annihilape
|faint|p2a: Volcarona
|
|-heal|p2b: Sneasler|38/100|[from] Grassy Terrain
|-heal|p1a: Garchomp|97/100|[from] Grassy Terrain
|upkeep
|turn|6
|
|t:|1756927304
|move|p1a: Garchomp|Protect|p1a: Garchomp
|-singleturn|p1a: Garchomp|Protect
|move|p2b: Sneasler|Dire Claw|p1a: Garchomp
|-activate|p1a: Garchomp|move: Protect
|
|-heal|p2b: Sneasler|44/100|[from] Grassy Terrain
|-heal|p1a: Garchomp|100/100|[from] Grassy Terrain
|-fieldend|move: Grassy Terrain
|upkeep
|turn|7
|
|t:|1756927309
|move|p2b: Sneasler|Dire Claw|p1a: Garchomp
|-resisted|p1a: Garchomp
|-damage|p1a: Garchomp|81/100
|-status|p1a: Garchomp|par
|-damage|p2b: Sneasler|32/100|[from] ability: Rough Skin|[of] p1a: Garchomp
|move|p1a: Garchomp|Dragon Claw|p2b: Sneasler
|-damage|p2b: Sneasler|0 fnt
|faint|p2b: Sneasler
|-damage|p1a: Garchomp|72/100 par|[from] item: Life Orb
|
|win|jonen
||jonen is ready for game 2.
||nyakugan is ready for game 2.
|uhtml|next|Next: Game 2 of 3
