|j|☆Capitan-N
|j|☆PreparationHHH
|html|Capitan-NPreparationHHH    
|uhtml|bestof|Game 1 of a best-of-3
|t:|1757905371
|gametype|doubles
|player|p1|Capitan-N|n|1087
|player|p2|PreparationHHH|zinzolin|1123
|gen|9
|tier|[Gen 9] VGC 2025 Reg H (Bo3)
|rated|
|rule|Species Clause: Limit one of each Pokémon
|rule|Item Clause: Limit 1 of each item
|clearpoke
|poke|p1|Morpeko, L50, F|
|poke|p1|Arcanine, L50, F|
|poke|p1|Annihilape, L50, M|
|poke|p1|Porygon-Z, L50|
|poke|p1|Amoonguss, L50, M|
|poke|p1|Dragonite, L50, F|
|poke|p2|Whimsicott, L50, M|
|poke|p2|Typhlosion-Hisui, L50, M|
|poke|p2|Ursaluna-Bloodmoon, L50, M|
|poke|p2|Sneasler, L50, M|
|poke|p2|Indeedee-F, L50, F|
|poke|p2|Torkoal, L50, F|
|teampreview|4
|showteam|p1|Morpeko||FocusSash|HungerSwitch|AuraWheel,Protect,Taunt,FakeOut|||F|||50|,,,,,Ghost]Arcanine||AssaultVest|Intimidate|Flamethrower,ScorchingSands,DragonPulse,Snarl|||F|||50|,,,,,Dragon]Annihilape||ChoiceScarf|Defiant|CloseCombat,PhantomForce,Uturn,FinalGambit|||M|||50|,,,,,Fire]Porygon-Z||ChoiceSpecs|Adaptability|TeraBlast,TriAttack,Thunderbolt,ShadowBall||||||50|,,,,,Fighting]Amoonguss||CovertCloak|Regenerator|Spore,PollenPuff,Protect,RagePowder|||M|||50|,,,,,Dark]Dragonite||ChoiceBand|InnerFocus|ExtremeSpeed,DragonClaw,IceSpinner,StompingTantrum|||F|||50|,,,,,Normal
|showteam|p2|Whimsicott||FocusSash|Prankster|Tailwind,Moonblast,SunnyDay,Protect|||M|||50|,,,,,Water]Typhlosion-Hisui||ChoiceSpecs|Blaze|Eruption,ShadowBall,HeatWave,Overheat|||M|||50|,,,,,Fire]Ursaluna-Bloodmoon||LifeOrb|MindsEye|HyperVoice,BloodMoon,EarthPower,Protect|||M|||50|,,,,,Normal]Sneasler||PsychicSeed|Unburden|DireClaw,CloseCombat,ThroatChop,Protect|||M|||50|,,,,,Dark]Indeedee-F||RockyHelmet|PsychicSurge|Psychic,FollowMe,HelpingHand,TrickRoom|||F|||50|,,,,,Fairy]Torkoal||Charcoal|Drought|Eruption,WeatherBall,HelpingHand,Yawn|||F|||50|,,,,,Fire
|
|t:|1757905440
|teamsize|p1|4
|teamsize|p2|4
|start
|switch|p1a: Morpeko|Morpeko, L50, F, shiny|100/100
|switch|p1b: Arcanine|Arcanine, L50, F|100/100
|switch|p2a: Sneasler|Sneasler, L50, M|100/100
|switch|p2b: Indeedee|Indeedee-F, L50, F|100/100
|-ability|p1b: Arcanine|Intimidate|boost
|-unboost|p2a: Sneasler|atk|1
|-unboost|p2b: Indeedee|atk|1
|-fieldstart|move: Psychic Terrain|[from] ability: Psychic Surge|[of] p2b: Indeedee
|-enditem|p2a: Sneasler|Psychic Seed
|-boost|p2a: Sneasler|spd|1|[from] item: Psychic Seed
|turn|1
|
|t:|1757905469
|move|p2b: Indeedee|Follow Me|p2b: Indeedee
|-singleturn|p2b: Indeedee|move: Follow Me
|move|p2a: Sneasler|Close Combat|p1a: Morpeko
|-supereffective|p1a: Morpeko
|-enditem|p1a: Morpeko|Focus Sash
|-damage|p1a: Morpeko|1/100
|-unboost|p2a: Sneasler|def|1
|-unboost|p2a: Sneasler|spd|1
|move|p1a: Morpeko|Aura Wheel|p2b: Indeedee
|-damage|p2b: Indeedee|58/100
|-boost|p1a: Morpeko|spe|1
|move|p1b: Arcanine|Scorching Sands|p2b: Indeedee
|-damage|p2b: Indeedee|42/100
|
|-formechange|p1a: Morpeko|Morpeko-Hangry||[from] ability: Hunger Switch
|upkeep
|turn|2
|
|t:|1757905498
|move|p1a: Morpeko|Protect|p1a: Morpeko
|-singleturn|p1a: Morpeko|Protect
|move|p2b: Indeedee|Follow Me|p2b: Indeedee
|-singleturn|p2b: Indeedee|move: Follow Me
|move|p2a: Sneasler|Dire Claw|p1a: Morpeko
|-activate|p1a: Morpeko|move: Protect
|move|p1b: Arcanine|Flamethrower|p2b: Indeedee
|-damage|p2b: Indeedee|8/100
|
|-formechange|p1a: Morpeko|Morpeko||[from] ability: Hunger Switch
|upkeep
|turn|3
|
|t:|1757905516
|switch|p1a: Amoonguss|Amoonguss, L50, M, shiny|100/100
|move|p2b: Indeedee|Follow Me|p2b: Indeedee
|-singleturn|p2b: Indeedee|move: Follow Me
|move|p2a: Sneasler|Dire Claw|p1a: Amoonguss
|-damage|p1a: Amoonguss|79/100
|move|p1b: Arcanine|Snarl|p2a: Sneasler|[spread] p2a,p2b
|-resisted|p2a: Sneasler
|-supereffective|p2b: Indeedee
|-damage|p2a: Sneasler|95/100
|-damage|p2b: Indeedee|0 fnt
|-unboost|p2a: Sneasler|spa|1
|faint|p2b: Indeedee
|
|upkeep
|
|t:|1757905526
|switch|p2b: Typhlosion|Typhlosion-Hisui, L50, M|100/100
|turn|4
|
|t:|1757905536
|move|p1a: Amoonguss|Protect|p1a: Amoonguss
|-singleturn|p1a: Amoonguss|Protect
|move|p2a: Sneasler|Close Combat|p1a: Amoonguss
|-activate|p1a: Amoonguss|move: Protect
|move|p2b: Typhlosion|Eruption|p1a: Amoonguss|[spread] p1b
|-activate|p1a: Amoonguss|move: Protect
|-resisted|p1b: Arcanine
|-damage|p1b: Arcanine|74/100
|move|p1b: Arcanine|Snarl|p2b: Typhlosion|[spread] p2a,p2b
|-resisted|p2a: Sneasler
|-supereffective|p2b: Typhlosion
|-damage|p2a: Sneasler|88/100
|-damage|p2b: Typhlosion|74/100
|-unboost|p2a: Sneasler|spa|1
|-unboost|p2b: Typhlosion|spa|1
|
|upkeep
|turn|5
|
|t:|1757905560
|switch|p1a: Morpeko|Morpeko, L50, F, shiny|1/100
|-terastallize|p2b: Typhlosion|Fire
|move|p2a: Sneasler|Dire Claw|p1b: Arcanine
|-damage|p1b: Arcanine|42/100
|-status|p1b: Arcanine|par
|move|p2b: Typhlosion|Eruption|p1b: Arcanine|[spread] p1a,p1b
|-resisted|p1b: Arcanine
|-damage|p1a: Morpeko|0 fnt
|-damage|p1b: Arcanine|26/100 par
|faint|p1a: Morpeko
|cant|p1b: Arcanine|par
|
|-fieldend|move: Psychic Terrain
|upkeep
|
|t:|1757905574
|switch|p1a: Dragonite|Dragonite, L50, F, shiny|100/100
|turn|6
|
|t:|1757905588
|switch|p2a: Ursaluna|Ursaluna-Bloodmoon, L50, M|100/100
|-terastallize|p1a: Dragonite|Normal
|move|p1a: Dragonite|Extreme Speed|p2a: Ursaluna
|-damage|p2a: Ursaluna|44/100
|move|p2b: Typhlosion|Eruption|p1b: Arcanine|[spread] p1a,p1b
|-resisted|p1b: Arcanine
|-damage|p1a: Dragonite|39/100
|-damage|p1b: Arcanine|10/100 par
|move|p1b: Arcanine|Snarl|p2a: Ursaluna|[spread] p2a,p2b
|-damage|p2a: Ursaluna|32/100
|-damage|p2b: Typhlosion|59/100
|-unboost|p2a: Ursaluna|spa|1
|-unboost|p2b: Typhlosion|spa|1
|
|upkeep
|turn|7
|
|t:|1757905610
|move|p1a: Dragonite|Extreme Speed|p2a: Ursaluna
|-damage|p2a: Ursaluna|0 fnt
|faint|p2a: Ursaluna
|move|p2b: Typhlosion|Eruption|p1b: Arcanine|[spread] p1a,p1b
|-resisted|p1b: Arcanine
|-damage|p1a: Dragonite|5/100
|-damage|p1b: Arcanine|0 fnt
|faint|p1b: Arcanine
|
|upkeep
|
|t:|1757905619
|switch|p1b: Amoonguss|Amoonguss, L50, M, shiny|100/100
|switch|p2a: Sneasler|Sneasler, L50, M|88/100
|turn|8
|
|t:|1757905627
|move|p1a: Dragonite|Extreme Speed|p2b: Typhlosion
|-damage|p2b: Typhlosion|0 fnt
|faint|p2b: Typhlosion
|move|p1b: Amoonguss|Rage Powder|p1b: Amoonguss
|-singleturn|p1b: Amoonguss|move: Rage Powder
|move|p2a: Sneasler|Dire Claw|p1b: Amoonguss
|-damage|p1b: Amoonguss|63/100
|
|upkeep
|turn|9
|
|t:|1757905638
|move|p1a: Dragonite|Extreme Speed|p2a: Sneasler
|-damage|p2a: Sneasler|0 fnt
|faint|p2a: Sneasler
|
|win|Capitan-N
||PreparationHHH is ready for game 2.
|l|☆Capitan-N
|player|p1|
||Capitan-N is ready for game 2.
|uhtml|next|Next: Game 2 of 3
|l|☆PreparationHHH
|player|p2|
