|j|☆WashYoButt
|j|☆qmanzanop
|html|WashYoButtqmanzanop    
|uhtml|bestof|Game 2 of a best-of-3
|t:|1757707275
|gametype|doubles
|player|p1|WashYoButt|ariana|1142
|player|p2|qmanzanop|benga|1091
|gen|9
|tier|[Gen 9] VGC 2025 Reg H (Bo3)
|rated|
|rule|Species Clause: Limit one of each Pokémon
|rule|Item Clause: Limit 1 of each item
|clearpoke
|poke|p1|Gholdengo, L50|
|poke|p1|Basculegion, L50, M|
|poke|p1|Amoonguss, L50, F|
|poke|p1|Kommo-o, L50, M|
|poke|p1|Ninetales-Alola, L50, F|
|poke|p1|Incineroar, L50, F|
|poke|p2|Ursaluna, L50, F|
|poke|p2|Jumpluff, L50, M|
|poke|p2|Charizard, L50, F|
|poke|p2|Torkoal, L50, F|
|poke|p2|Incineroar, L50, F|
|poke|p2|Porygon2, L50|
|teampreview|4
|showteam|p1|Gholdengo||LifeOrb|GoodasGold|Protect,NastyPlot,ShadowBall,MakeItRain||||||50|,,,,,Water]Basculegion||ChoiceScarf|Adaptability|WaveCrash,LastRespects,AquaJet,FlipTurn|||M|||50|,,,,,Grass]Amoonguss||RockyHelmet|Regenerator|Spore,PollenPuff,RagePowder,ClearSmog|||F|||50|,,,,,Water]Kommo-o||SitrusBerry|Overcoat|Protect,ClangorousSoul,DragonPulse,AuraSphere|||M|||50|,,,,,Fire]Ninetales-Alola||FocusSash|SnowWarning|Protect,Moonblast,Blizzard,FreezeDry|||F|||50|,,,,,Ghost]Incineroar||SafetyGoggles|Intimidate|KnockOff,FlareBlitz,FakeOut,PartingShot|||F|||50|,,,,,Ghost
|showteam|p2|Ursaluna||FlameOrb|Guts|HeadlongRush,Facade,Earthquake,Protect|||F|||50|,,,,,Ghost]Jumpluff||CovertCloak|Chlorophyll|SleepPowder,SunnyDay,Tailwind,RagePowder|||M|||50|,,,,,Water]Charizard||ChoiceSpecs|SolarPower|AirSlash,HeatWave,Overheat,WeatherBall|||F|||50|,,,,,Ghost]Torkoal||EjectPack|Drought|HelpingHand,Eruption,Overheat,Protect|||F|||50|,,,,,Fire]Incineroar||SitrusBerry|Intimidate|FakeOut,FlareBlitz,KnockOff,PartingShot|||F|||50|,,,,,Ghost]Porygon2||Eviolite|Download|TeraBlast,IceBeam,Recover,TrickRoom||||||50|,,,,,Fighting
|
|t:|1757707288
|teamsize|p1|4
|teamsize|p2|4
|start
|switch|p1a: Kommo-o|Kommo-o, L50, M|100/100
|switch|p1b: Amoonguss|Amoonguss, L50, F|100/100
|switch|p2a: Jumpluff|Jumpluff, L50, M|100/100
|switch|p2b: Torkoal|Torkoal, L50, F|100/100
|-weather|SunnyDay|[from] ability: Drought|[of] p2b: Torkoal
|turn|1
|inactive|Battle timer is ON: inactive players will automatically lose when time's up. (requested by WashYoButt)
|
|t:|1757707301
|-terastallize|p1b: Amoonguss|Water
|move|p2a: Jumpluff|Tailwind|p2a: Jumpluff
|-sidestart|p2: qmanzanop|move: Tailwind
|move|p1a: Kommo-o|Clangorous Soul|p1a: Kommo-o
|-boost|p1a: Kommo-o|atk|1
|-boost|p1a: Kommo-o|def|1
|-boost|p1a: Kommo-o|spa|1
|-boost|p1a: Kommo-o|spd|1
|-boost|p1a: Kommo-o|spe|1
|-damage|p1a: Kommo-o|68/100
|move|p1b: Amoonguss|Spore|p2b: Torkoal
|-status|p2b: Torkoal|slp|[from] move: Spore
|cant|p2b: Torkoal|slp
|
|-weather|SunnyDay|[upkeep]
|upkeep
|turn|2
|
|t:|1757707318
|switch|p2a: Charizard|Charizard, L50, F|100/100
|move|p1a: Kommo-o|Dragon Pulse|p2a: Charizard
|-damage|p2a: Charizard|41/100
|move|p1b: Amoonguss|Spore|p2b: Torkoal
|-fail|p2b: Torkoal|slp
|cant|p2b: Torkoal|slp
|
|-weather|SunnyDay|[upkeep]
|-damage|p2a: Charizard|29/100|[from] ability: Solar Power|[of] p2a: Charizard
|upkeep
|turn|3
|
|t:|1757707334
|-curestatus|p2b: Torkoal|slp|[msg]
|move|p2b: Torkoal|Helping Hand|p2a: Charizard
|-singleturn|p2a: Charizard|Helping Hand|[of] p2b: Torkoal
|move|p1b: Amoonguss|Rage Powder|p1b: Amoonguss
|-singleturn|p1b: Amoonguss|move: Rage Powder
|move|p2a: Charizard|Heat Wave|p1b: Amoonguss|[spread] p1a,p1b
|-resisted|p1a: Kommo-o
|-resisted|p1b: Amoonguss
|-damage|p1a: Kommo-o|18/100
|-damage|p1b: Amoonguss|18/100
|-enditem|p1a: Kommo-o|Sitrus Berry|[eat]
|-heal|p1a: Kommo-o|43/100|[from] item: Sitrus Berry
|move|p1a: Kommo-o|Dragon Pulse|p2b: Torkoal
|-damage|p2b: Torkoal|39/100
|
|-weather|SunnyDay|[upkeep]
|-damage|p2a: Charizard|16/100|[from] ability: Solar Power|[of] p2a: Charizard
|upkeep
|turn|4
|
|t:|1757707347
|switch|p2b: Jumpluff|Jumpluff, L50, M|100/100
|move|p1a: Kommo-o|Protect|p1a: Kommo-o
|-singleturn|p1a: Kommo-o|Protect
|move|p2a: Charizard|Heat Wave|p1a: Kommo-o|[spread] p1b
|-activate|p1a: Kommo-o|move: Protect
|-resisted|p1b: Amoonguss
|-damage|p1b: Amoonguss|0 fnt
|faint|p1b: Amoonguss
|
|-weather|SunnyDay|[upkeep]
|-damage|p2a: Charizard|4/100|[from] ability: Solar Power|[of] p2a: Charizard
|-sideend|p2: qmanzanop|move: Tailwind
|upkeep
|
|t:|1757707350
|switch|p1b: Ninetales|Ninetales-Alola, L50, F|100/100
|-weather|Snowscape|[from] ability: Snow Warning|[of] p1b: Ninetales
|turn|5
|
|t:|1757707362
|switch|p2a: Torkoal|Torkoal, L50, F|39/100
|-weather|SunnyDay|[from] ability: Drought|[of] p2a: Torkoal
|move|p2b: Jumpluff|Tailwind|p2b: Jumpluff
|-sidestart|p2: qmanzanop|move: Tailwind
|move|p1a: Kommo-o|Dragon Pulse|p2b: Jumpluff
|-damage|p2b: Jumpluff|51/100
|move|p1b: Ninetales|Blizzard|p2a: Torkoal|[spread] p2b
|-miss|p1b: Ninetales|p2a: Torkoal
|-supereffective|p2b: Jumpluff
|-damage|p2b: Jumpluff|0 fnt
|faint|p2b: Jumpluff
|
|-weather|SunnyDay|[upkeep]
|upkeep
|
|t:|1757707366
|switch|p2b: Charizard|Charizard, L50, F|4/100
|turn|6
|
|t:|1757707377
|switch|p2b: Ursaluna|Ursaluna, L50, F|100/100
|move|p1a: Kommo-o|Protect|p1a: Kommo-o
|-singleturn|p1a: Kommo-o|Protect
|move|p1b: Ninetales|Freeze-Dry|p2b: Ursaluna
|-supereffective|p2b: Ursaluna
|-damage|p2b: Ursaluna|52/100
|move|p2a: Torkoal|Overheat|p1b: Ninetales
|-supereffective|p1b: Ninetales
|-enditem|p1b: Ninetales|Focus Sash
|-damage|p1b: Ninetales|1/100
|-unboost|p2a: Torkoal|spa|2
|-enditem|p2a: Torkoal|Eject Pack
|
|t:|1757707387
|switch|p2a: Charizard|Charizard, L50, F|4/100
|
|-weather|SunnyDay|[upkeep]
|-damage|p2a: Charizard|0 fnt|[from] ability: Solar Power|[of] p2a: Charizard
|faint|p2a: Charizard
|-status|p2b: Ursaluna|brn|[from] item: Flame Orb
|upkeep
|
|t:|1757707388
|switch|p2a: Torkoal|Torkoal, L50, F|39/100
|turn|7
|
|t:|1757707398
|move|p2a: Torkoal|Protect|p2a: Torkoal
|-singleturn|p2a: Torkoal|Protect
|move|p2b: Ursaluna|Earthquake|p1a: Kommo-o|[spread] p1a,p1b
|-activate|p2a: Torkoal|move: Protect
|-damage|p1a: Kommo-o|10/100
|-damage|p1b: Ninetales|0 fnt
|faint|p1b: Ninetales
|move|p1a: Kommo-o|Aura Sphere|p2b: Ursaluna
|-supereffective|p2b: Ursaluna
|-damage|p2b: Ursaluna|0 fnt
|faint|p2b: Ursaluna
|
|-weather|SunnyDay|[upkeep]
|upkeep
|
|t:|1757707401
|switch|p1b: Basculegion|Basculegion, L50, M|100/100
|turn|8
|
|t:|1757707406
|move|p1a: Kommo-o|Protect|p1a: Kommo-o
|-singleturn|p1a: Kommo-o|Protect
|move|p1b: Basculegion|Last Respects|p2a: Torkoal
|-damage|p2a: Torkoal|0 fnt
|faint|p2a: Torkoal
|
|win|WashYoButt
