|j|☆A Regu1ar Guy
|j|☆Giraffes in Gdansk
|html|A Regu1ar GuyGiraffes in Gdansk    
|uhtml|bestof|Game 2 of a best-of-3
|t:|1756380971
|gametype|doubles
|player|p1|A Regu1ar Guy|elesa|1323
|player|p2|Giraffes in Gdansk|acetrainer-gen4dp|1323
|gen|9
|tier|[Gen 9] VGC 2025 Reg H (Bo3)
|rated|
|rule|Species Clause: Limit one of each Pokémon
|rule|Item Clause: Limit 1 of each item
|clearpoke
|poke|p1|Volcarona, L50, F|
|poke|p1|Rillaboom, L50, M|
|poke|p1|Electabuzz, L50, F|
|poke|p1|Tauros-Paldea-Aqua, L50, M|
|poke|p1|Kingambit, L50, F|
|poke|p1|Dragonite, L50, M|
|poke|p2|Dragonite, L50, M|
|poke|p2|Amoonguss, L50, F|
|poke|p2|Incineroar, L50, F|
|poke|p2|Ursaluna, L50, F|
|poke|p2|Sneasler, L50, F|
|poke|p2|Farigiraf, L50, F|
|teampreview|4
|showteam|p1|Volcarona||GrassySeed|FlameBody|HeatWave,GigaDrain,QuiverDance,Protect|||F|||50|,,,,,Grass]Rillaboom||AssaultVest|GrassySurge|FakeOut,WoodHammer,GrassyGlide,HighHorsepower|||M|||50|,,,,,Fire]Electabuzz||Eviolite|VitalSpirit|Thunderbolt,FollowMe,Taunt,Protect|||F|||50|,,,,,Ghost]Tauros-Paldea-Aqua||MirrorHerb|Intimidate|WaveCrash,AquaJet,CloseCombat,Protect|||M|||50|,,,,,Water]Kingambit||BlackGlasses|Defiant|KowtowCleave,SuckerPunch,SwordsDance,Protect|||F|||50|,,,,,Dark]Dragonite||LoadedDice|Multiscale|ScaleShot,ExtremeSpeed,Haze,Protect|||M|||50|,,,,,Fairy
|showteam|p2|Dragonite||LoadedDice|Multiscale|ScaleShot,Tailwind,Haze,Protect|||M|||50|,,,,,Fairy]Amoonguss||SitrusBerry|Regenerator|Spore,RagePowder,PollenPuff,Protect|||F|||50|,,,,,Psychic]Incineroar||SafetyGoggles|Intimidate|FlareBlitz,KnockOff,FakeOut,PartingShot|||F|||50|,,,,,Ghost]Ursaluna||FlameOrb|Guts|Earthquake,HeadlongRush,Facade,Protect|||F|||50|,,,,,Normal]Sneasler||FocusSash|Unburden|CloseCombat,DireClaw,Coaching,Protect|||F|||50|,,,,,Stellar]Farigiraf||ThroatSpray|ArmorTail|HyperVoice,TwinBeam,TrickRoom,Protect|||F|||50|,,,,,Fire
|
|t:|1756380984
|teamsize|p1|4
|teamsize|p2|4
|start
|switch|p1a: Volcarona|Volcarona, L50, F, shiny|100/100
|switch|p1b: Rillaboom|Rillaboom, L50, M|100/100
|switch|p2a: Jbungo|Dragonite, L50, M, shiny|100/100
|switch|p2b: Shblingus|Sneasler, L50, F, shiny|100/100
|-fieldstart|move: Grassy Terrain|[from] ability: Grassy Surge|[of] p1b: Rillaboom
|-enditem|p1a: Volcarona|Grassy Seed
|-boost|p1a: Volcarona|def|1|[from] item: Grassy Seed
|turn|1
|
|t:|1756380996
|move|p1b: Rillaboom|Fake Out|p2b: Shblingus
|-damage|p2b: Shblingus|76/100
|cant|p2b: Shblingus|flinch
|move|p1a: Volcarona|Quiver Dance|p1a: Volcarona
|-boost|p1a: Volcarona|spa|1
|-boost|p1a: Volcarona|spd|1
|-boost|p1a: Volcarona|spe|1
|move|p2a: Jbungo|Scale Shot|p1a: Volcarona
|-damage|p1a: Volcarona|88/100
|-crit|p1a: Volcarona
|-damage|p1a: Volcarona|61/100
|-damage|p1a: Volcarona|49/100
|-damage|p1a: Volcarona|38/100
|-hitcount|p1a: Volcarona|4
|-unboost|p2a: Jbungo|def|1
|-boost|p2a: Jbungo|spe|1
|
|-heal|p1a: Volcarona|44/100|[from] Grassy Terrain
|-heal|p2b: Shblingus|82/100|[from] Grassy Terrain
|upkeep
|turn|2
|
|t:|1756381014
|switch|p1b: Kingambit|Kingambit, L50, F|100/100
|move|p1a: Volcarona|Heat Wave|p2b: Shblingus|[spread] p2b
|-miss|p1a: Volcarona|p2a: Jbungo
|-damage|p2b: Shblingus|11/100
|move|p2a: Jbungo|Tailwind|p2a: Jbungo
|-sidestart|p2: Giraffes in Gdansk|move: Tailwind
|move|p2b: Shblingus|Dire Claw|p1b: Kingambit
|-immune|p1b: Kingambit
|
|-heal|p2b: Shblingus|17/100|[from] Grassy Terrain
|-heal|p1a: Volcarona|50/100|[from] Grassy Terrain
|upkeep
|turn|3
|
|t:|1756381045
|switch|p1a: Tauros|Tauros-Paldea-Aqua, L50, M|100/100
|-ability|p1a: Tauros|Intimidate|boost
|-unboost|p2a: Jbungo|atk|1
|-unboost|p2b: Shblingus|atk|1
|-terastallize|p1b: Kingambit|Dark
|move|p1b: Kingambit|Sucker Punch|p2a: Jbungo
|-damage|p2a: Jbungo|42/100
|move|p2a: Jbungo|Scale Shot|p1a: Tauros
|-damage|p1a: Tauros|90/100
|-damage|p1a: Tauros|80/100
|-damage|p1a: Tauros|69/100
|-damage|p1a: Tauros|58/100
|-damage|p1a: Tauros|48/100
|-hitcount|p1a: Tauros|5
|-unboost|p2a: Jbungo|def|1
|-boost|p2a: Jbungo|spe|1
|-enditem|p1a: Tauros|Mirror Herb
|-boost|p1a: Tauros|spe|1|[from] item: Mirror Herb
|move|p2b: Shblingus|Coaching|p2a: Jbungo
|-boost|p2a: Jbungo|atk|1
|-boost|p2a: Jbungo|def|1
|
|-heal|p2b: Shblingus|23/100|[from] Grassy Terrain
|-heal|p1a: Tauros|53/100|[from] Grassy Terrain
|upkeep
|turn|4
|
|t:|1756381062
|switch|p2b: Shmungus|Amoonguss, L50, F, shiny|100/100
|move|p2a: Jbungo|Protect|p2a: Jbungo
|-singleturn|p2a: Jbungo|Protect
|move|p1a: Tauros|Aqua Jet|p2b: Shmungus
|-resisted|p2b: Shmungus
|-damage|p2b: Shmungus|94/100
|move|p1b: Kingambit|Swords Dance|p1b: Kingambit
|-boost|p1b: Kingambit|atk|2
|
|-heal|p1a: Tauros|59/100|[from] Grassy Terrain
|-heal|p2b: Shmungus|99/100|[from] Grassy Terrain
|upkeep
|turn|5
|
|t:|1756381080
|move|p1b: Kingambit|Protect|p1b: Kingambit
|-singleturn|p1b: Kingambit|Protect
|move|p2a: Jbungo|Scale Shot|p1a: Tauros
|-damage|p1a: Tauros|43/100
|-damage|p1a: Tauros|28/100
|-damage|p1a: Tauros|12/100
|-damage|p1a: Tauros|0 fnt
|faint|p1a: Tauros
|-hitcount|p1: Tauros|4
|-unboost|p2a: Jbungo|def|1
|-boost|p2a: Jbungo|spe|1
|move|p2b: Shmungus|Spore|p1b: Kingambit
|-activate|p1b: Kingambit|move: Protect
|
|-heal|p2b: Shmungus|100/100|[from] Grassy Terrain
|-sideend|p2: Giraffes in Gdansk|move: Tailwind
|-fieldend|move: Grassy Terrain
|upkeep
|
|t:|1756381084
|switch|p1a: Rillaboom|Rillaboom, L50, M|100/100
|-fieldstart|move: Grassy Terrain|[from] ability: Grassy Surge|[of] p1a: Rillaboom
|turn|6
|
|t:|1756381100
|move|p2a: Jbungo|Protect|p2a: Jbungo
|-singleturn|p2a: Jbungo|Protect
|move|p2b: Shmungus|Protect|p2b: Shmungus
|-singleturn|p2b: Shmungus|Protect
|move|p1a: Rillaboom|Fake Out|p2a: Jbungo
|-activate|p2a: Jbungo|move: Protect
|move|p1b: Kingambit|Kowtow Cleave|p2b: Shmungus
|-activate|p2b: Shmungus|move: Protect
|
|upkeep
|turn|7
|
|t:|1756381112
|move|p2a: Jbungo|Haze|p2a: Jbungo
|-clearallboost
|move|p1a: Rillaboom|Wood Hammer|p2a: Jbungo
|-resisted|p2a: Jbungo
|-damage|p2a: Jbungo|21/100
|-damage|p1a: Rillaboom|95/100|[from] Recoil
|move|p1b: Kingambit|Kowtow Cleave|p2b: Shmungus
|-damage|p2b: Shmungus|32/100
|-enditem|p2b: Shmungus|Sitrus Berry|[eat]
|-heal|p2b: Shmungus|57/100|[from] item: Sitrus Berry
|move|p2b: Shmungus|Spore|p1b: Kingambit
|-status|p1b: Kingambit|slp|[from] move: Spore
|
|-heal|p1a: Rillaboom|100/100|[from] Grassy Terrain
|-heal|p2b: Shmungus|63/100|[from] Grassy Terrain
|upkeep
|turn|8
|
|t:|1756381128
|move|p2a: Jbungo|Scale Shot|p1b: Kingambit
|-damage|p1b: Kingambit|89/100 slp
|-damage|p1b: Kingambit|77/100 slp
|-damage|p1b: Kingambit|67/100 slp
|-damage|p1b: Kingambit|56/100 slp
|-hitcount|p1b: Kingambit|4
|-unboost|p2a: Jbungo|def|1
|-boost|p2a: Jbungo|spe|1
|move|p1a: Rillaboom|Wood Hammer|p2a: Jbungo
|-resisted|p2a: Jbungo
|-damage|p2a: Jbungo|0 fnt
|faint|p2a: Jbungo
|-damage|p1a: Rillaboom|95/100|[from] Recoil
|cant|p1b: Kingambit|slp
|move|p2b: Shmungus|Pollen Puff|p2: Jbungo|[notarget]
|-fail|p2b: Shmungus
|
|-heal|p1a: Rillaboom|100/100|[from] Grassy Terrain
|-heal|p1b: Kingambit|61/100 slp|[from] Grassy Terrain
|-heal|p2b: Shmungus|69/100|[from] Grassy Terrain
|upkeep
|
|t:|1756381136
|switch|p2a: Shblingus|Sneasler, L50, F, shiny|23/100
|turn|9
|
|t:|1756381146
|move|p2a: Shblingus|Protect|p2a: Shblingus
|-singleturn|p2a: Shblingus|Protect
|move|p1a: Rillaboom|Grassy Glide|p2a: Shblingus
|-activate|p2a: Shblingus|move: Protect
|-curestatus|p1b: Kingambit|slp|[msg]
|move|p1b: Kingambit|Swords Dance|p1b: Kingambit
|-boost|p1b: Kingambit|atk|2
|move|p2b: Shmungus|Pollen Puff|p1b: Kingambit
|-supereffective|p1b: Kingambit
|-damage|p1b: Kingambit|28/100
|
|-heal|p2a: Shblingus|29/100|[from] Grassy Terrain
|-heal|p1b: Kingambit|33/100|[from] Grassy Terrain
|-heal|p2b: Shmungus|75/100|[from] Grassy Terrain
|upkeep
|turn|10
|
|t:|1756381157
|-terastallize|p2a: Shblingus|Stellar
|move|p2b: Shmungus|Rage Powder|p2b: Shmungus
|-singleturn|p2b: Shmungus|move: Rage Powder
|move|p1a: Rillaboom|Grassy Glide|p2a: Shblingus
|-resisted|p2a: Shblingus
|-damage|p2a: Shblingus|0 fnt
|faint|p2a: Shblingus
|move|p1b: Kingambit|Kowtow Cleave|p2b: Shmungus
|-damage|p2b: Shmungus|0 fnt
|faint|p2b: Shmungus
|
|-heal|p1b: Kingambit|39/100|[from] Grassy Terrain
|-fieldend|move: Grassy Terrain
|upkeep
|
|t:|1756381163
|switch|p2b: No Idea|Ursaluna, L50, F, shiny|100/100
|turn|11
|-message|Giraffes in Gdansk forfeited.
|
|win|A Regu1ar Guy
|raw|A Regu1ar Guy's rating: 1323 → 1343(+20 for winning)
|raw|Giraffes in Gdansk's rating: 1323 → 1303(-20 for losing)
