|j|☆the bags12
|j|☆ciuk88
|html|the bags12ciuk88    
|uhtml|bestof|Game 2 of a best-of-3
|t:|1785431641
|gametype|doubles
|player|p1|the bags12|falkner|1216
|player|p2|ciuk88|170|1194
|gen|9
|tier|[Gen 9 Champions] VGC 2026 Reg M-B (Bo3)
|rated|
|rule|Species Clause: Limit one of each Pokémon
|rule|Item Clause: Limit 1 of each item
|clearpoke
|poke|p1|Staraptor, L50, M, shiny|
|poke|p1|Garchomp, L50, M, shiny|
|poke|p1|Basculegion, L50, M, shiny|
|poke|p1|Scizor, L50, M, shiny|
|poke|p1|Grimmsnarl, L50, M, shiny|
|poke|p1|Incineroar, L50, M, shiny|
|poke|p2|Bellibolt, L50, F|
|poke|p2|Mamoswine, L50, F|
|poke|p2|Staraptor, L50, M|
|poke|p2|Grimmsnarl, L50, M|
|poke|p2|Sinistcha-Masterpiece, L50|
|poke|p2|Ceruledge, L50, F|
|teampreview|4
|showteam|p1|Staraptor||Staraptite|Intimidate|CloseCombat,DualWingbeat,Roost,Protect|Adamant||M|||50|]Garchomp||LifeOrb|RoughSkin|DragonClaw,Earthquake,IronHead,RockSlide|Adamant||M|||50|]Basculegion||ChoiceScarf|Adaptability|LastRespects,WaveCrash,AquaJet,FlipTurn|Jolly||M|||50|]Scizor||MetalCoat|Technician|Uturn,BulletPunch,KnockOff,CloseCombat|Brave||M|||50|]Grimmsnarl||LightClay|Prankster|PartingShot,ScaryFace,Reflect,LightScreen|Calm||M|||50|]Incineroar||Leftovers|Intimidate|FlareBlitz,PartingShot,FakeOut,DarkestLariat|Adamant||M|||50|
|showteam|p2|Bellibolt||Leftovers|Electromorphosis|Thunderbolt,ParabolicCharge,MuddyWater,SlackOff|Modest||F|||50|]Mamoswine||FocusSash|Oblivious|HighHorsepower,IceShard,RockTomb,Protect|Adamant||F|||50|]Staraptor||Staraptite|Intimidate|BraveBird,CloseCombat,Tailwind,Protect|Jolly||M|||50|]Grimmsnarl||LightClay|Prankster|SpiritBreak,LightScreen,Reflect,PartingShot|Impish||M|||50|]Sinistcha-Masterpiece||KasibBerry|Hospitality|TrickRoom,MatchaGotcha,Protect,RagePowder|Serious|||||50|]Ceruledge||ColburBerry|FlashFire|ShadowSneak,BitterBlade,BulkUp,Protect|Adamant||F|||50|
|inactive|Battle timer is ON: inactive players will automatically lose when time's up. (requested by the bags12)
|
|t:|1785431661
|teamsize|p1|4
|teamsize|p2|4
|start
|switch|p1a: Haaland|Grimmsnarl, L50, M, shiny|100/100
|switch|p1b: Incin|Incineroar, L50, M, shiny|100/100
|switch|p2a: Mamoswine|Mamoswine, L50, F|100/100
|switch|p2b: Bellibolt|Bellibolt, L50, F|100/100
|-ability|p1b: Incin|Intimidate|boost
|-fail|p2a: Mamoswine|unboost|Attack|[from] ability: Oblivious|[of] p2a: Mamoswine
|-unboost|p2b: Bellibolt|atk|1
|turn|1
|
|t:|1785431680
|switch|p2a: Staraptor|Staraptor, L50, M|100/100
|-ability|p2a: Staraptor|Intimidate|boost
|-unboost|p1a: Haaland|atk|1
|-unboost|p1b: Incin|atk|1
|move|p1a: Haaland|Scary Face|p2a: Staraptor
|-unboost|p2a: Staraptor|spe|2
|move|p1b: Incin|Flare Blitz|p2a: Staraptor
|-damage|p2a: Staraptor|44/100
|-damage|p1b: Incin|81/100|[from] Recoil
|move|p2b: Bellibolt|Thunderbolt|p1b: Incin
|-damage|p1b: Incin|38/100
|
|-heal|p1b: Incin|44/100|[from] item: Leftovers
|upkeep
|turn|2
|
|t:|1785431700
|detailschange|p2a: Staraptor|Staraptor-Mega, L50, M
|-mega|p2a: Staraptor|Staraptor|Staraptite
|move|p1a: Haaland|Reflect|p1a: Haaland
|-sidestart|p1: the bags12|Reflect
|move|p2a: Staraptor|Close Combat|p1a: Haaland
|-damage|p1a: Haaland|57/100
|-boost|p2a: Staraptor|def|1
|-boost|p2a: Staraptor|spd|1
|move|p1b: Incin|Parting Shot|p2b: Bellibolt
|-unboost|p2b: Bellibolt|atk|1
|-unboost|p2b: Bellibolt|spa|1
|
|t:|1785431706
|switch|p1b: Mighty Eagle|Staraptor, L50, M, shiny|100/100|[from] Parting Shot
|-ability|p1b: Mighty Eagle|Intimidate|boost
|-boost|p2a: Staraptor|atk|1
|-unboost|p2b: Bellibolt|atk|1
|move|p2b: Bellibolt|Thunderbolt|p1a: Haaland
|-damage|p1a: Haaland|36/100
|
|upkeep
|turn|3
|
|t:|1785431722
|switch|p2b: Grimmsnarl|Grimmsnarl, L50, M|100/100
|detailschange|p1b: Mighty Eagle|Staraptor-Mega, L50, M, shiny
|-mega|p1b: Mighty Eagle|Staraptor|Staraptite
|move|p1a: Haaland|Parting Shot|p1b: Mighty Eagle
|-boost|p1b: Mighty Eagle|atk|1
|-boost|p1b: Mighty Eagle|spa|1
|
|t:|1785431728
|switch|p1a: fih|Basculegion, L50, M, shiny|100/100|[from] Parting Shot
|move|p1b: Mighty Eagle|Close Combat|p2b: Grimmsnarl
|-damage|p2b: Grimmsnarl|8/100
|-boost|p1b: Mighty Eagle|def|1
|-boost|p1b: Mighty Eagle|spd|1
|move|p2a: Staraptor|Brave Bird|p1b: Mighty Eagle
|-supereffective|p1b: Mighty Eagle|1
|-damage|p1b: Mighty Eagle|35/100
|-damage|p2a: Staraptor|23/100|[from] Recoil
|
|upkeep
|turn|4
|
|t:|1785431742
|move|p2b: Grimmsnarl|Reflect|p2b: Grimmsnarl
|-sidestart|p2: ciuk88|Reflect
|move|p1a: fih|Flip Turn|p2b: Grimmsnarl
|-damage|p2b: Grimmsnarl|0 fnt
|faint|p2b: Grimmsnarl
|
|t:|1785431746
|switch|p1a: Haaland|Grimmsnarl, L50, M, shiny|36/100|[from] Flip Turn
|move|p1b: Mighty Eagle|Dual Wingbeat|p2a: Staraptor
|-supereffective|p2a: Staraptor|1
|-damage|p2a: Staraptor|0 fnt
|faint|p2a: Staraptor
|-hitcount|p2: Staraptor|1
|
|upkeep
|
|t:|1785431750
|switch|p2a: Mamoswine|Mamoswine, L50, F|100/100
|switch|p2b: Bellibolt|Bellibolt, L50, F|100/100
|turn|5
|
|t:|1785431756
|move|p2a: Mamoswine|Ice Shard|p1b: Mighty Eagle
|-supereffective|p1b: Mighty Eagle|1
|-damage|p1b: Mighty Eagle|15/100
|move|p1a: Haaland|Parting Shot|p2a: Mamoswine
|-unboost|p2a: Mamoswine|atk|1
|-unboost|p2a: Mamoswine|spa|1
|
|t:|1785431761
|switch|p1a: Incin|Incineroar, L50, M, shiny|44/100|[from] Parting Shot
|-ability|p1a: Incin|Intimidate|boost
|-fail|p2a: Mamoswine|unboost|Attack|[from] ability: Oblivious|[of] p2a: Mamoswine
|-unboost|p2b: Bellibolt|atk|1
|move|p1b: Mighty Eagle|Roost|p1b: Mighty Eagle
|-heal|p1b: Mighty Eagle|65/100
|-singleturn|p1b: Mighty Eagle|move: Roost
|move|p2b: Bellibolt|Parabolic Charge|p1b: Mighty Eagle|[spread] p1a,p1b
|-immune|p2a: Mamoswine
|-damage|p1a: Incin|22/100
|-damage|p1b: Mighty Eagle|51/100
|
|-heal|p1a: Incin|27/100|[from] item: Leftovers
|upkeep
|turn|6
|
|t:|1785431774
|move|p1a: Incin|Fake Out|p2a: Mamoswine
|-damage|p2a: Mamoswine|89/100
|cant|p2a: Mamoswine|flinch
|move|p1b: Mighty Eagle|Roost|p1b: Mighty Eagle
|-heal|p1b: Mighty Eagle|100/100
|-singleturn|p1b: Mighty Eagle|move: Roost
|move|p2b: Bellibolt|Parabolic Charge|p1b: Mighty Eagle|[spread] p1a,p1b
|-immune|p2a: Mamoswine
|-damage|p1a: Incin|7/100
|-damage|p1b: Mighty Eagle|85/100
|
|-heal|p1a: Incin|13/100|[from] item: Leftovers
|upkeep
|turn|7
|
|t:|1785431785
|move|p2a: Mamoswine|Ice Shard|p1b: Mighty Eagle
|-supereffective|p1b: Mighty Eagle|1
|-damage|p1b: Mighty Eagle|72/100
|move|p1b: Mighty Eagle|Close Combat|p2a: Mamoswine
|-supereffective|p2a: Mamoswine|1
|-crit|p2a: Mamoswine
|-damage|p2a: Mamoswine|0 fnt
|-boost|p1b: Mighty Eagle|def|1
|-boost|p1b: Mighty Eagle|spd|1
|faint|p2a: Mamoswine
|move|p1a: Incin|Parting Shot|p1b: Mighty Eagle
|-boost|p1b: Mighty Eagle|atk|1
|-boost|p1b: Mighty Eagle|spa|1
|
|t:|1785431793
|switch|p1a: Haaland|Grimmsnarl, L50, M, shiny|36/100|[from] Parting Shot
|move|p2b: Bellibolt|Parabolic Charge|p1b: Mighty Eagle|[spread] p1a,p1b
|-supereffective|p1b: Mighty Eagle|1
|-damage|p1a: Haaland|18/100
|-damage|p1b: Mighty Eagle|47/100
|
|upkeep
|turn|8
|
|t:|1785431800
|move|p1a: Haaland|Parting Shot|p2b: Bellibolt
|-unboost|p2b: Bellibolt|atk|1
|-unboost|p2b: Bellibolt|spa|1
|
|t:|1785431802
|switch|p1a: Incin|Incineroar, L50, M, shiny|13/100|[from] Parting Shot
|-ability|p1a: Incin|Intimidate|boost
|-unboost|p2b: Bellibolt|atk|1
|move|p1b: Mighty Eagle|Close Combat|p2b: Bellibolt
|-damage|p2b: Bellibolt|13/100
|-boost|p1b: Mighty Eagle|def|1
|-boost|p1b: Mighty Eagle|spd|1
|-start|p2b: Bellibolt|Charge|Close Combat|[from] ability: Electromorphosis
|move|p2b: Bellibolt|Parabolic Charge|p1a: Incin|[spread] p1a,p1b
|-supereffective|p1b: Mighty Eagle|1
|-damage|p1a: Incin|0 fnt
|-heal|p2b: Bellibolt|19/100|[from] drain|[of] p1a: Incin
|-damage|p1b: Mighty Eagle|21/100
|-heal|p2b: Bellibolt|31/100|[from] drain|[of] p1b: Mighty Eagle
|faint|p1a: Incin
|-end|p2b: Bellibolt|Charge|[silent]
|
|-heal|p2b: Bellibolt|37/100|[from] item: Leftovers
|upkeep
|
|t:|1785431805
|switch|p1a: fih|Basculegion, L50, M, shiny|100/100
|turn|9
|j| tedidn
|
|t:|1785431822
|move|p1a: fih|Last Respects|p2b: Bellibolt
|-damage|p2b: Bellibolt|1/100
|-start|p2b: Bellibolt|Charge|Last Respects|[from] ability: Electromorphosis
|move|p1b: Mighty Eagle|Close Combat|p2b: Bellibolt
|-damage|p2b: Bellibolt|0 fnt
|-boost|p1b: Mighty Eagle|def|1
|-boost|p1b: Mighty Eagle|spd|1
|faint|p2b: Bellibolt
|
|win|the bags12
|raw|the bags12's rating: 1216 → 1239(+23 for winning)
|raw|ciuk88's rating: 1194 → 1171(-23 for losing)
