|j|☆mlbd
|j|☆EmberEmberEmber
|html|mlbdEmberEmberEmber    
|uhtml|bestof|Game 3 of a best-of-3
|t:|1782587598
|gametype|doubles
|player|p1|mlbd|102|
|player|p2|EmberEmberEmber|102|
|gen|9
|tier|[Gen 9 Champions] VGC 2026 Reg M-B (Bo3)
|rule|Species Clause: Limit one of each Pokémon
|rule|Item Clause: Limit 1 of each item
|clearpoke
|poke|p1|Floette-Eternal, L50, F|
|poke|p1|Charizard, L50, F|
|poke|p1|Whimsicott, L50, M|
|poke|p1|Garchomp, L50, F|
|poke|p1|Basculegion, L50, M|
|poke|p1|Kingambit, L50, F|
|poke|p2|Floette-Eternal, L50, F|
|poke|p2|Charizard, L50, M|
|poke|p2|Whimsicott, L50, F|
|poke|p2|Garchomp, L50, M|
|poke|p2|Basculegion, L50, M|
|poke|p2|Kingambit, L50, M|
|teampreview|4
|showteam|p1|Floette-Eternal||Floettite|FlowerVeil|Moonblast,DazzlingGleam,LightofRuin,Protect|Modest||F|||50|]Charizard||CharizarditeY|Blaze|HeatWave,WeatherBall,SolarBeam,Protect|Modest||F|||50|]Whimsicott||FocusSash|Prankster|Moonblast,Encore,Tailwind,Protect|Timid||M|||50|]Garchomp||LifeOrb|RoughSkin|DragonClaw,Earthquake,RockSlide,Protect|Jolly||F|||50|]Basculegion||MysticWater|Adaptability|WaveCrash,LastRespects,AquaJet,Protect|Adamant||M|||50|]Kingambit||ChopleBerry|Defiant|KowtowCleave,IronHead,SuckerPunch,Protect|Adamant||F|||50|
|showteam|p2|Floette-Eternal||Floettite|FlowerVeil|Moonblast,DazzlingGleam,LightofRuin,Protect|Modest||F|||50|]Charizard||CharizarditeY|Blaze|HeatWave,WeatherBall,SolarBeam,Protect|Timid||M|||50|]Whimsicott||FocusSash|Prankster|Moonblast,Tailwind,Encore,Protect|Timid||F|||50|]Garchomp||LifeOrb|RoughSkin|DragonClaw,Earthquake,Protect,RockSlide|Jolly||M|||50|]Basculegion||MysticWater|Adaptability|WaveCrash,LastRespects,AquaJet,Protect|Adamant||M|||50|]Kingambit||OccaBerry|Defiant|KowtowCleave,IronHead,SuckerPunch,Protect|Adamant||M|||50|
|inactive|Battle timer is ON: inactive players will automatically lose when time's up. (requested by mlbd)
|j| Code
|j| christianfinity
|l| Code
|j| KrystalKiwi
|inactive|EmberEmberEmber has 60 seconds left.
|
|t:|1782587651
|teamsize|p1|4
|teamsize|p2|4
|start
|switch|p1a: Whimsicott|Whimsicott, L50, M|100/100
|switch|p1b: Floette|Floette-Eternal, L50, F|100/100
|switch|p2a: 676767|Whimsicott, L50, F|100/100
|switch|p2b: 6767676767|Basculegion, L50, M|100/100
|turn|1
|j| Akram Hamdi
|
|t:|1782587661
|detailschange|p1b: Floette|Floette-Mega, L50, F
|-mega|p1b: Floette|Floette|Floettite
|-ability|p1b: Floette|Fairy Aura
|move|p2a: 676767|Tailwind|p2a: 676767
|-sidestart|p2: EmberEmberEmber|move: Tailwind
|move|p1a: Whimsicott|Tailwind|p1a: Whimsicott
|-sidestart|p1: mlbd|move: Tailwind
|move|p1b: Floette|Dazzling Gleam|p2b: 6767676767|[spread] p2a,p2b
|-damage|p2a: 676767|21/100
|-damage|p2b: 6767676767|48/100
|move|p2b: 6767676767|Wave Crash|p1b: Floette
|-damage|p1b: Floette|0 fnt
|faint|p1b: Floette
|-damage|p2b: 6767676767|22/100|[from] Recoil
|
|upkeep
|
|t:|1782587671
|switch|p1b: Kingambit|Kingambit, L50, F|100/100
|turn|2
|
|t:|1782587693
|move|p1a: Whimsicott|Encore|p2a: 676767
|-start|p2a: 676767|Encore
|move|p2a: 676767|Tailwind||[still]
|-fail|p2a: 676767
|move|p2b: 6767676767|Aqua Jet|p1a: Whimsicott
|-resisted|p1a: Whimsicott|1
|-damage|p1a: Whimsicott|72/100
|move|p1b: Kingambit|Sucker Punch||[still]
|-fail|p1b: Kingambit
|
|upkeep
|turn|3
|j| Code
|
|t:|1782587716
|switch|p2a: 676767676767|Kingambit, L50, M|100/100
|move|p2b: 6767676767|Aqua Jet|p1b: Kingambit
|-damage|p1b: Kingambit|74/100
|move|p1a: Whimsicott|Moonblast|p2a: 676767676767
|-damage|p2a: 676767676767|65/100
|move|p1b: Kingambit|Kowtow Cleave|p2b: 6767676767
|-supereffective|p2b: 6767676767|1
|-damage|p2b: 6767676767|0 fnt
|faint|p2b: 6767676767
|
|upkeep
|
|t:|1782587729
|switch|p2b: 6767|Charizard, L50, M|100/100
|turn|4
|inactive|mlbd has 30 seconds left.
|inactive|mlbd has 20 seconds left.
|l| Code
|
|t:|1782587768
|detailschange|p2b: 6767|Charizard-Mega-Y, L50, M
|-mega|p2b: 6767|Charizard|Charizardite Y
|-weather|SunnyDay|[from] ability: Drought|[of] p2b: 6767
|move|p1a: Whimsicott|Protect|p1a: Whimsicott
|-singleturn|p1a: Whimsicott|Protect
|move|p1b: Kingambit|Sucker Punch|p2b: 6767
|-damage|p2b: 6767|55/100
|move|p2b: 6767|Heat Wave|p1a: Whimsicott|[spread] p1b
|-activate|p1a: Whimsicott|move: Protect
|-supereffective|p1b: Kingambit|1
|-damage|p1b: Kingambit|0 fnt
|faint|p1b: Kingambit
|move|p2a: 676767676767|Kowtow Cleave|p1a: Whimsicott
|-activate|p1a: Whimsicott|move: Protect
|
|-weather|SunnyDay|[upkeep]
|-sideend|p1: mlbd|move: Tailwind
|-sideend|p2: EmberEmberEmber|move: Tailwind
|upkeep
|
|t:|1782587771
|switch|p1b: Garchomp|Garchomp, L50, F|100/100
|turn|5
|
|t:|1782587791
|move|p1a: Whimsicott|Tailwind|p1a: Whimsicott
|-sidestart|p1: mlbd|move: Tailwind
|move|p1b: Garchomp|Earthquake|p2a: 676767676767|[spread] p1a,p2a
|-immune|p2b: 6767
|-resisted|p1a: Whimsicott|1
|-supereffective|p2a: 676767676767|1
|-damage|p1a: Whimsicott|37/100
|-damage|p2a: 676767676767|0 fnt
|faint|p2a: 676767676767
|-damage|p1b: Garchomp|90/100|[from] item: Life Orb
|move|p2b: 6767|Heat Wave|p1a: Whimsicott|[spread] p1a,p1b
|-supereffective|p1a: Whimsicott|1
|-resisted|p1b: Garchomp|1
|-damage|p1a: Whimsicott|0 fnt
|-damage|p1b: Garchomp|55/100
|faint|p1a: Whimsicott
|
|-weather|SunnyDay|[upkeep]
|upkeep
|
|t:|1782587797
|switch|p2a: 676767|Whimsicott, L50, F|21/100
|turn|6
|j| Code
|j| nexmind
|
|t:|1782587808
|move|p2a: 676767|Encore|p1b: Garchomp
|-start|p1b: Garchomp|Encore
|move|p1b: Garchomp|Earthquake|p2b: 6767|[spread] p2a
|-immune|p2b: 6767
|-resisted|p2a: 676767|1
|-damage|p2a: 676767|0 fnt
|faint|p2a: 676767
|-damage|p1b: Garchomp|45/100|[from] item: Life Orb
|move|p2b: 6767|Weather Ball|p1b: Garchomp
|-resisted|p1b: Garchomp|1
|-damage|p1b: Garchomp|0 fnt
|faint|p1b: Garchomp
|
|win|EmberEmberEmber
|c|☆EmberEmberEmber|gg
|l| nexmind
|c|☆mlbd|gg
