|j|☆Shishio_Ax
|j|☆eu amo moqueca
|html|Shishio_Axeu amo moqueca    
|uhtml|bestof|Game 3 of a best-of-3
|t:|1756653590
|gametype|doubles
|player|p1|Shishio_Ax|gambler|1375
|player|p2|eu amo moqueca|pokekid|1268
|gen|9
|tier|[Gen 9] VGC 2025 Reg H (Bo3)
|rated|
|rule|Species Clause: Limit one of each Pokémon
|rule|Item Clause: Limit 1 of each item
|clearpoke
|poke|p1|Volcarona, L50, M|
|poke|p1|Ninetales-Alola, L50, F|
|poke|p1|Sneasler, L50, F|
|poke|p1|Dragapult, L50, M|
|poke|p1|Electabuzz, L50, F|
|poke|p1|Rillaboom, L50, M|
|poke|p2|Sneasler, L50, F|
|poke|p2|Volcarona, L50, M|
|poke|p2|Kingambit, L50, M|
|poke|p2|Baxcalibur, L50, F|
|poke|p2|Basculegion, L50, M|
|poke|p2|Rillaboom, L50, M|
|teampreview|4
|showteam|p1|Volcarona||CovertCloak|FlameBody|HeatWave,TeraBlast,QuiverDance,Protect|||M|||50|,,,,,Fairy]Ninetales-Alola||LightClay|SnowWarning|FreezeDry,Moonblast,AuroraVeil,Protect|||F|||50|,,,,,Poison]Sneasler||FocusSash|Unburden|DireClaw,CloseCombat,ThroatChop,Protect|||F|||50|,,,,,Dark]Dragapult||ChoiceBand|ClearBody|DragonDarts,Outrage,PhantomForce,Uturn|||M|||50|,,,,,Dragon]Electabuzz||Eviolite|VitalSpirit|Thunderbolt,FollowMe,Taunt,Protect|||F|||50|,,,,,Ghost]Rillaboom||AssaultVest|GrassySurge|WoodHammer,GrassyGlide,FakeOut,Uturn|||M|||50|,,,,,Fire
|showteam|p2|Sneasler||FocusSash|Unburden|DireClaw,CloseCombat,Protect,Coaching|||F|||50|,,,,,Stellar]Volcarona||CovertCloak|FlameBody|HeatWave,TeraBlast,QuiverDance,Protect|||M|||50|,,,,,Fairy]Kingambit||AssaultVest|Defiant|KowtowCleave,SuckerPunch,IronHead,LowKick|||M|||50|,,,,,Ghost]Baxcalibur||LoadedDice|ThermalExchange|IcicleSpear,ScaleShot,IceShard,Protect|||F|||50|,,,,,Ghost]Basculegion||ChoiceScarf|Adaptability|WaveCrash,FlipTurn,LastRespects,TeraBlast|||M|||50|,,,,,Fairy]Rillaboom||MiracleSeed|GrassySurge|WoodHammer,GrassyGlide,HighHorsepower,FakeOut|||M|||50|,,,,,Fire
|
|t:|1756653637
|teamsize|p1|4
|teamsize|p2|4
|start
|switch|p1a: Dante|Volcarona, L50, M|100/100
|switch|p1b: Surge|Electabuzz, L50, F|100/100
|switch|p2a: Rillaboom|Rillaboom, L50, M|100/100
|switch|p2b: Volcarona|Volcarona, L50, M|100/100
|-fieldstart|move: Grassy Terrain|[from] ability: Grassy Surge|[of] p2a: Rillaboom
|turn|1
|inactive|Battle timer is ON: inactive players will automatically lose when time's up. (requested by Shishio_Ax)
|
|t:|1756653652
|move|p1b: Surge|Protect|p1b: Surge
|-singleturn|p1b: Surge|Protect
|move|p2a: Rillaboom|Fake Out|p1b: Surge
|-activate|p1b: Surge|move: Protect
|move|p1a: Dante|Quiver Dance|p1a: Dante
|-boost|p1a: Dante|spa|1
|-boost|p1a: Dante|spd|1
|-boost|p1a: Dante|spe|1
|move|p2b: Volcarona|Quiver Dance|p2b: Volcarona
|-boost|p2b: Volcarona|spa|1
|-boost|p2b: Volcarona|spd|1
|-boost|p2b: Volcarona|spe|1
|
|upkeep
|turn|2
|
|t:|1756653666
|move|p1a: Dante|Heat Wave|p2b: Volcarona|[spread] p2a,p2b
|-supereffective|p2a: Rillaboom
|-damage|p2a: Rillaboom|0 fnt
|-damage|p2b: Volcarona|70/100
|faint|p2a: Rillaboom
|move|p2b: Volcarona|Heat Wave|p1a: Dante|[spread] p1a,p1b
|-damage|p1a: Dante|65/100
|-damage|p1b: Surge|55/100
|move|p1b: Surge|Thunderbolt|p2b: Volcarona
|-damage|p2b: Volcarona|51/100
|
|-heal|p1a: Dante|71/100|[from] Grassy Terrain
|-heal|p2b: Volcarona|57/100|[from] Grassy Terrain
|-heal|p1b: Surge|61/100|[from] Grassy Terrain
|upkeep
|
|t:|1756653674
|switch|p2a: Sneasler|Sneasler, L50, F|100/100
|turn|3
|
|t:|1756653685
|-terastallize|p2b: Volcarona|Fairy
|move|p1b: Surge|Follow Me|p1b: Surge
|-singleturn|p1b: Surge|move: Follow Me
|move|p1a: Dante|Heat Wave|p2a: Sneasler|[spread] p2a
|-miss|p1a: Dante|p2b: Volcarona
|-damage|p2a: Sneasler|27/100
|move|p2b: Volcarona|Tera Blast|p1b: Surge|[anim] Tera Blast Fairy
|-damage|p1b: Surge|4/100
|move|p2a: Sneasler|Dire Claw|p1b: Surge
|-damage|p1b: Surge|0 fnt
|faint|p1b: Surge
|
|-heal|p1a: Dante|77/100|[from] Grassy Terrain
|-heal|p2b: Volcarona|64/100|[from] Grassy Terrain
|-heal|p2a: Sneasler|33/100|[from] Grassy Terrain
|upkeep
|
|t:|1756653692
|switch|p1b: Sylva|Rillaboom, L50, M|100/100
|turn|4
|
|t:|1756653713
|-terastallize|p1b: Sylva|Fire
|move|p2a: Sneasler|Protect|p2a: Sneasler
|-singleturn|p2a: Sneasler|Protect
|move|p1a: Dante|Tera Blast|p2a: Sneasler
|-activate|p2a: Sneasler|move: Protect
|move|p2b: Volcarona|Heat Wave|p1a: Dante|[spread] p1a,p1b
|-crit|p1a: Dante
|-resisted|p1b: Sylva
|-damage|p1a: Dante|0 fnt
|-damage|p1b: Sylva|83/100
|faint|p1a: Dante
|move|p1b: Sylva|Wood Hammer|p2b: Volcarona
|-damage|p2b: Volcarona|0 fnt
|faint|p2b: Volcarona
|-damage|p1b: Sylva|61/100|[from] Recoil
|
|-heal|p2a: Sneasler|39/100|[from] Grassy Terrain
|-heal|p1b: Sylva|67/100|[from] Grassy Terrain
|upkeep
|
|t:|1756653728
|switch|p1a: D'oro|Sneasler, L50, F|100/100
|switch|p2b: Kingambit|Kingambit, L50, M|100/100
|turn|5
|
|t:|1756653742
|move|p2b: Kingambit|Sucker Punch|p1a: D'oro
|-resisted|p1a: D'oro
|-damage|p1a: D'oro|68/100
|move|p2a: Sneasler|Dire Claw|p1a: D'oro
|-resisted|p1a: D'oro
|-damage|p1a: D'oro|33/100
|-status|p1a: D'oro|slp
|cant|p1a: D'oro|slp
|move|p1b: Sylva|Wood Hammer|p2a: Sneasler
|-resisted|p2a: Sneasler
|-damage|p2a: Sneasler|0 fnt
|faint|p2a: Sneasler
|-damage|p1b: Sylva|57/100|[from] Recoil
|
|-heal|p1a: D'oro|39/100 slp|[from] Grassy Terrain
|-heal|p1b: Sylva|63/100|[from] Grassy Terrain
|-fieldend|move: Grassy Terrain
|upkeep
|turn|6
|
|t:|1756653754
|cant|p1a: D'oro|slp
|move|p1b: Sylva|Wood Hammer|p2b: Kingambit
|-resisted|p2b: Kingambit
|-damage|p2b: Kingambit|78/100
|-damage|p1b: Sylva|55/100|[from] Recoil
|move|p2b: Kingambit|Kowtow Cleave|p1b: Sylva
|-damage|p1b: Sylva|11/100
|
|upkeep
|turn|7
|
|t:|1756653767
|cant|p1a: D'oro|slp
|move|p1b: Sylva|Grassy Glide|p2b: Kingambit
|-resisted|p2b: Kingambit
|-damage|p2b: Kingambit|67/100
|move|p2b: Kingambit|Kowtow Cleave|p1a: D'oro
|-resisted|p1a: D'oro
|-damage|p1a: D'oro|0 fnt
|faint|p1a: D'oro
|
|upkeep
|turn|8
|-message|Shishio_Ax forfeited.
|raw|Shishio_Ax's rating: 1375 → 1349(-26 for losing)
|raw|eu amo moqueca's rating: 1268 → 1300(+32 for winning)
|
|win|eu amo moqueca
|l|☆Shishio_Ax
|player|p1|
|l|☆eu amo moqueca
|player|p2|
|j|☆eu amo moqueca
|player|p2|eu amo moqueca|pokekid|
