|j|☆kkplaysaligi
|j|☆repo2
|html|kkplaysaligirepo2    
|uhtml|bestof|Game 3 of a best-of-3
|t:|1785772612
|gametype|doubles
|player|p1|kkplaysaligi|psychic|1000
|player|p2|repo2|pokemonrangerf|1042
|gen|9
|tier|[Gen 9 Champions] VGC 2026 Reg M-B (Bo3)
|rated|
|rule|Species Clause: Limit one of each Pokémon
|rule|Item Clause: Limit 1 of each item
|clearpoke
|poke|p1|Politoed, L50, F, shiny|
|poke|p1|Basculegion, L50, M|
|poke|p1|Archaludon, L50, M|
|poke|p1|Pidgeot, L50, M|
|poke|p1|Incineroar, L50, F|
|poke|p1|Maushold-Four, L50|
|poke|p2|Staraptor, L50, M|
|poke|p2|Farigiraf, L50, M|
|poke|p2|Incineroar, L50, M|
|poke|p2|Floette-Eternal, L50, F|
|poke|p2|Excadrill, L50, M|
|poke|p2|Milotic, L50, M|
|teampreview|4
|showteam|p1|Politoed||MysticWater|Drizzle|IceBeam,WeatherBall,HydroPump,EarthPower|Modest||F|||50|]Basculegion||ChoiceScarf|SwiftSwim|WaveCrash,LastRespects,Liquidation,PsychicFangs|Adamant||M|||50|]Archaludon||LifeOrb|Stamina|ElectroShot,FlashCannon,DracoMeteor,Snarl|Timid||M|||50|]Pidgeot||Pidgeotite|BigPecks|Hurricane,HeatWave,Tailwind,Protect|Timid||M|||50|]Incineroar||SitrusBerry|Intimidate|FakeOut,FlareBlitz,PartingShot,CloseCombat|Adamant||F|||50|]Maushold-Four||ZoomLens|Technician|FollowMe,PopulationBomb,PlayRough,HelpingHand|Jolly|||||50|
|showteam|p2|Staraptor||ChoiceScarf|Intimidate|FinalGambit,CloseCombat,Uturn,BraveBird|Jolly||M|||50|]Farigiraf||SitrusBerry|ArmorTail|TrickRoom,Psychic,Thunderbolt,HelpingHand|Bold||M|||50|]Incineroar||FocusSash|Intimidate|FakeOut,PartingShot,FlareBlitz,ThroatChop|Adamant||M|||50|]Floette-Eternal||Floettite|FlowerVeil|DazzlingGleam,Protect,CalmMind,DrainingKiss|Modest||F|||50|]Excadrill||LifeOrb|MoldBreaker|IronHead,HighHorsepower,Protect,RockSlide|Jolly||M|||50|]Milotic||Leftovers|Competitive|MuddyWater,Hypnosis,Coil,Recover|Calm||M|||50|
|inactive|Battle timer is ON: inactive players will automatically lose when time's up. (requested by repo2)
|
|t:|1785772639
|teamsize|p1|4
|teamsize|p2|4
|start
|switch|p1a: Maushold|Maushold-Four, L50|100/100
|switch|p1b: Incineroar|Incineroar, L50, F|100/100
|switch|p2a: Staraptor|Staraptor, L50, M|100/100
|switch|p2b: Floette|Floette-Eternal, L50, F|100/100
|-ability|p2a: Staraptor|Intimidate|boost
|-unboost|p1a: Maushold|atk|1
|-unboost|p1b: Incineroar|atk|1
|-ability|p1b: Incineroar|Intimidate|boost
|-unboost|p2a: Staraptor|atk|1
|-unboost|p2b: Floette|atk|1
|turn|1
|inactive|repo2 has 30 seconds left.
|
|t:|1785772667
|switch|p2b: Farigiraf|Farigiraf, L50, M|100/100
|move|p1a: Maushold|Follow Me|p1a: Maushold
|-singleturn|p1a: Maushold|move: Follow Me
|move|p2a: Staraptor|Close Combat|p1a: Maushold
|-supereffective|p1a: Maushold|1
|-damage|p1a: Maushold|35/100
|-unboost|p2a: Staraptor|def|1
|-unboost|p2a: Staraptor|spd|1
|move|p1b: Incineroar|Parting Shot|p2a: Staraptor
|-unboost|p2a: Staraptor|atk|1
|-unboost|p2a: Staraptor|spa|1
|
|t:|1785772684
|switch|p1b: Politoed|Politoed, L50, F, shiny|100/100|[from] Parting Shot
|-weather|RainDance|[from] ability: Drizzle|[of] p1b: Politoed
|
|-weather|RainDance|[upkeep]
|upkeep
|turn|2
|
|t:|1785772695
|switch|p2a: Incineroar|Incineroar, L50, M|100/100
|-ability|p2a: Incineroar|Intimidate|boost
|-unboost|p1a: Maushold|atk|1
|-unboost|p1b: Politoed|atk|1
|switch|p1a: Pidgeot|Pidgeot, L50, M|100/100
|move|p1b: Politoed|Ice Beam|p2a: Incineroar
|-resisted|p2a: Incineroar|1
|-damage|p2a: Incineroar|85/100
|move|p2b: Farigiraf|Thunderbolt|p1b: Politoed
|-supereffective|p1b: Politoed|1
|-damage|p1b: Politoed|58/100
|
|-weather|RainDance|[upkeep]
|upkeep
|turn|3
|
|t:|1785772718
|detailschange|p1a: Pidgeot|Pidgeot-Mega, L50, M
|-mega|p1a: Pidgeot|Pidgeot|Pidgeotite
|move|p2a: Incineroar|Fake Out|p1b: Politoed
|-damage|p1b: Politoed|42/100
|move|p1a: Pidgeot|Tailwind|p1a: Pidgeot
|-sidestart|p1: kkplaysaligi|move: Tailwind
|cant|p1b: Politoed|flinch
|move|p2b: Farigiraf|Thunderbolt|p1a: Pidgeot
|-supereffective|p1a: Pidgeot|1
|-damage|p1a: Pidgeot|38/100
|
|-weather|RainDance|[upkeep]
|upkeep
|turn|4
|
|t:|1785772733
|move|p1a: Pidgeot|Hurricane|p2b: Farigiraf
|-crit|p2b: Farigiraf
|-damage|p2b: Farigiraf|12/100
|-enditem|p2b: Farigiraf|Sitrus Berry|[eat]
|-heal|p2b: Farigiraf|36/100|[from] item: Sitrus Berry
|move|p1b: Politoed|Weather Ball|p2a: Incineroar
|-supereffective|p2a: Incineroar|1
|-damage|p2a: Incineroar|0 fnt
|faint|p2a: Incineroar
|move|p2b: Farigiraf|Trick Room|p2b: Farigiraf
|-fieldstart|move: Trick Room|[of] p2b: Farigiraf
|
|-weather|RainDance|[upkeep]
|upkeep
|
|t:|1785772739
|switch|p2a: Floette|Floette-Eternal, L50, F|100/100
|turn|5
|
|t:|1785772753
|detailschange|p2a: Floette|Floette-Mega, L50, F
|-mega|p2a: Floette|Floette|Floettite
|-ability|p2a: Floette|Fairy Aura
|move|p2b: Farigiraf|Helping Hand|p2a: Floette
|-singleturn|p2a: Floette|Helping Hand|[of] p2b: Farigiraf
|move|p1a: Pidgeot|Protect|p1a: Pidgeot
|-singleturn|p1a: Pidgeot|Protect
|move|p2a: Floette|Dazzling Gleam|p1b: Politoed|[spread] p1b
|-activate|p1a: Pidgeot|move: Protect
|-damage|p1b: Politoed|0 fnt
|faint|p1b: Politoed
|
|-weather|none
|upkeep
|
|t:|1785772765
|switch|p1b: Incineroar|Incineroar, L50, F|100/100
|-ability|p1b: Incineroar|Intimidate|boost
|-unboost|p2a: Floette|atk|1
|-unboost|p2b: Farigiraf|atk|1
|turn|6
|
|t:|1785772775
|move|p2b: Farigiraf|Helping Hand|p2a: Floette
|-singleturn|p2a: Floette|Helping Hand|[of] p2b: Farigiraf
|move|p1b: Incineroar|Fake Out||[still]
|cant|p2b: Farigiraf|ability: Armor Tail|Fake Out|[of] p1b: Incineroar
|move|p2a: Floette|Dazzling Gleam|p1b: Incineroar|[spread] p1a,p1b
|-damage|p1a: Pidgeot|0 fnt
|-damage|p1b: Incineroar|38/100
|-enditem|p1b: Incineroar|Sitrus Berry|[eat]
|-heal|p1b: Incineroar|63/100|[from] item: Sitrus Berry
|faint|p1a: Pidgeot
|
|-sideend|p1: kkplaysaligi|move: Tailwind
|upkeep
|
|t:|1785772786
|switch|p1a: Maushold|Maushold-Four, L50|35/100
|turn|7
|
|t:|1785772795
|move|p2b: Farigiraf|Helping Hand|p2a: Floette
|-singleturn|p2a: Floette|Helping Hand|[of] p2b: Farigiraf
|move|p1b: Incineroar|Flare Blitz|p2b: Farigiraf
|-damage|p2b: Farigiraf|0 fnt
|faint|p2b: Farigiraf
|-damage|p1b: Incineroar|50/100y|[from] Recoil
|move|p2a: Floette|Dazzling Gleam|p1b: Incineroar|[spread] p1a,p1b
|-damage|p1a: Maushold|0 fnt
|-damage|p1b: Incineroar|0 fnt
|faint|p1a: Maushold
|faint|p1b: Incineroar
|
|win|repo2
|raw|kkplaysaligi's rating: 1000 → 1000(+0 for losing)
|raw|repo2's rating: 1042 → 1072(+30 for winning)
