|j|☆enyelvgc
|j|☆pressinblades
|html|enyelvgcpressinblades    
|uhtml|bestof|Game 2 of a best-of-3
|t:|1783743160
|gametype|doubles
|player|p1|enyelvgc|102|1233
|player|p2|pressinblades|steven|1137
|gen|9
|tier|[Gen 9 Champions] VGC 2026 Reg M-B (Bo3)
|rated|
|rule|Species Clause: Limit one of each Pokémon
|rule|Item Clause: Limit 1 of each item
|clearpoke
|poke|p1|Whimsicott, L50, F, shiny|
|poke|p1|Charizard, L50, M, shiny|
|poke|p1|Garchomp, L50, M|
|poke|p1|Kingambit, L50, M, shiny|
|poke|p1|Sylveon, L50, F, shiny|
|poke|p1|Basculegion, L50, M, shiny|
|poke|p2|Talonflame, L50, F|
|poke|p2|Garchomp, L50, M, shiny|
|poke|p2|Maushold, L50|
|poke|p2|Gardevoir, L50, M, shiny|
|poke|p2|Hydreigon, L50, F, shiny|
|poke|p2|Metagross, L50, shiny|
|teampreview|4
|showteam|p1|Whimsicott||FocusSash|Prankster|Tailwind,Moonblast,HelpingHand,Protect|Timid||F|||50|]Charizard||CharizarditeY|Blaze|HeatWave,SolarBeam,Protect,WeatherBall|Timid||M|||50|]Garchomp||LifeOrb|RoughSkin|DragonClaw,Protect,Earthquake,RockSlide|Jolly||M|||50|]Kingambit||ChopleBerry|Defiant|KowtowCleave,SuckerPunch,IronHead,LowKick|Adamant||M|||50|]Sylveon||FairyFeather|Pixilate|HyperVoice,QuickAttack,HyperBeam,Protect|Modest||F|||50|]Basculegion||MysticWater|Adaptability|LastRespects,Protect,WaveCrash,AquaJet|Adamant||M|||50|
|showteam|p2|Talonflame||SharpBeak|GaleWings|Protect,Tailwind,DualWingbeat,QuickGuard|Jolly||F|||50|]Garchomp||LifeOrb|RoughSkin|Protect,RockSlide,Earthquake,DragonClaw|Adamant||M|||50|]Maushold||FocusSash|FriendGuard|Protect,SuperFang,FollowMe,Encore|Timid|||||50|]Gardevoir||Gardevoirite|Telepathy|Protect,TrickRoom,HyperVoice,Psyshock|Modest||M|||50|]Hydreigon||ExpertBelt|Levitate|Protect,DracoMeteor,DarkPulse,EarthPower|Modest||F|||50|]Metagross||ColburBerry|ClearBody|Protect,BulletPunch,PsychicFangs,HammerArm|Adamant|||||50|
|inactive|Battle timer is ON: inactive players will automatically lose when time's up. (requested by enyelvgc)
|inactive|pressinblades has 60 seconds left.
|
|t:|1783743270
|teamsize|p1|4
|teamsize|p2|4
|start
|switch|p1a: Garchomp|Garchomp, L50, M|100/100
|switch|p1b: Kingambit|Kingambit, L50, M, shiny|100/100
|switch|p2a: Metagross|Metagross, L50, shiny|100/100
|switch|p2b: Garchomp|Garchomp, L50, M, shiny|100/100
|turn|1
|inactive|enyelvgc has 30 seconds left.
|inactive|pressinblades has 30 seconds left.
|inactive|pressinblades has 20 seconds left.
|inactive|pressinblades has 15 seconds left.
|inactive|pressinblades has 10 seconds left.
|inactive|pressinblades has 5 seconds left.
|
|t:|1783743324
|switch|p1b: Charizard|Charizard, L50, M, shiny|100/100
|move|p2b: Garchomp|Protect|p2b: Garchomp
|-singleturn|p2b: Garchomp|Protect
|move|p1a: Garchomp|Dragon Claw|p2b: Garchomp
|-activate|p2b: Garchomp|move: Protect
|move|p2a: Metagross|Hammer Arm|p1b: Charizard
|-resisted|p1b: Charizard|1
|-damage|p1b: Charizard|72/100
|-unboost|p2a: Metagross|spe|1
|
|upkeep
|turn|2
|inactive|enyelvgc has 30 seconds left.
|inactive|pressinblades has 30 seconds left.
|inactive|pressinblades has 20 seconds left.
|inactive|pressinblades has 15 seconds left.
|inactive|pressinblades has 10 seconds left.
|inactive|pressinblades has 5 seconds left.
|
|t:|1783743376
|switch|p2a: Hydreigon|Hydreigon, L50, F, shiny|100/100
|detailschange|p1b: Charizard|Charizard-Mega-Y, L50, M, shiny
|-mega|p1b: Charizard|Charizard|Charizardite Y
|-weather|SunnyDay|[from] ability: Drought|[of] p1b: Charizard
|move|p1a: Garchomp|Dragon Claw|p2b: Garchomp
|-supereffective|p2b: Garchomp|1
|-damage|p2b: Garchomp|0 fnt
|-damage|p1a: Garchomp|87/100|[from] ability: Rough Skin|[of] p2b: Garchomp
|faint|p2b: Garchomp
|-damage|p1a: Garchomp|78/100|[from] item: Life Orb
|move|p1b: Charizard|Heat Wave|p2a: Hydreigon
|-resisted|p2a: Hydreigon|1
|-damage|p2a: Hydreigon|53/100
|
|-weather|SunnyDay|[upkeep]
|upkeep
|
|t:|1783743398
|switch|p2b: Talonflame|Talonflame, L50, F|100/100
|turn|3
|
|t:|1783743417
|move|p2b: Talonflame|Tailwind|p2b: Talonflame
|-sidestart|p2: pressinblades|move: Tailwind
|move|p2a: Hydreigon|Draco Meteor|p1b: Charizard
|-damage|p1b: Charizard|1/100
|-unboost|p2a: Hydreigon|spa|2
|move|p1a: Garchomp|Dragon Claw|p2a: Hydreigon
|-supereffective|p2a: Hydreigon|1
|-damage|p2a: Hydreigon|0 fnt
|faint|p2a: Hydreigon
|-damage|p1a: Garchomp|68/100|[from] item: Life Orb
|move|p1b: Charizard|Heat Wave|p2b: Talonflame
|-resisted|p2b: Talonflame|1
|-damage|p2b: Talonflame|31/100
|
|-weather|SunnyDay|[upkeep]
|upkeep
|
|t:|1783743429
|switch|p2a: Metagross|Metagross, L50, shiny|100/100
|turn|4
|
|t:|1783743443
|move|p1a: Garchomp|Protect|p1a: Garchomp
|-singleturn|p1a: Garchomp|Protect
|move|p2b: Talonflame|Dual Wingbeat|p1b: Charizard
|-damage|p1b: Charizard|0 fnt
|faint|p1b: Charizard
|-hitcount|p1: Charizard|1
|move|p2a: Metagross|Psychic Fangs|p1a: Garchomp
|-activate|p1a: Garchomp|move: Protect
|
|-weather|SunnyDay|[upkeep]
|upkeep
|
|t:|1783743463
|switch|p1b: Sylveon|Sylveon, L50, F, shiny|100/100
|turn|5
|
|t:|1783743483
|move|p2b: Talonflame|Protect|p2b: Talonflame
|-singleturn|p2b: Talonflame|Protect
|move|p1b: Sylveon|Protect|p1b: Sylveon
|-singleturn|p1b: Sylveon|Protect
|move|p2a: Metagross|Psychic Fangs|p1a: Garchomp
|-damage|p1a: Garchomp|23/100
|-damage|p2a: Metagross|87/100|[from] ability: Rough Skin|[of] p1a: Garchomp
|move|p1a: Garchomp|Dragon Claw|p2b: Talonflame
|-activate|p2b: Talonflame|move: Protect
|
|-weather|SunnyDay|[upkeep]
|upkeep
|turn|6
|inactive|pressinblades has 30 seconds left.
|inactive|pressinblades has 20 seconds left.
|inactive|pressinblades has 15 seconds left.
|inactive|pressinblades has 10 seconds left.
|inactive|pressinblades has 5 seconds left.
|
|t:|1783743537
|switch|p1b: Kingambit|Kingambit, L50, M, shiny|100/100
|move|p2a: Metagross|Bullet Punch|p1a: Garchomp
|-damage|p1a: Garchomp|0 fnt
|-damage|p2a: Metagross|75/100|[from] ability: Rough Skin|[of] p1a: Garchomp
|faint|p1a: Garchomp
|move|p2b: Talonflame|Dual Wingbeat|p1b: Kingambit
|-resisted|p1b: Kingambit|1
|-damage|p1b: Kingambit|92/100
|-resisted|p1b: Kingambit|1
|-damage|p1b: Kingambit|85/100
|-hitcount|p1b: Kingambit|2
|
|-weather|none
|-sideend|p2: pressinblades|move: Tailwind
|upkeep
|
|t:|1783743546
|switch|p1a: Sylveon|Sylveon, L50, F, shiny|100/100
|turn|7
|
|t:|1783743557
|move|p1a: Sylveon|Protect|p1a: Sylveon
|-singleturn|p1a: Sylveon|Protect
|move|p2b: Talonflame|Quick Guard|p2b: Talonflame
|-singleturn|p2b: Talonflame|Quick Guard
|move|p2a: Metagross|Hammer Arm|p1b: Kingambit
|-supereffective|p1b: Kingambit|2
|-enditem|p1b: Kingambit|Chople Berry|[eat]
|-enditem|p1b: Kingambit|Chople Berry|[weaken]
|-damage|p1b: Kingambit|26/100
|-unboost|p2a: Metagross|spe|1
|move|p1b: Kingambit|Kowtow Cleave|p2b: Talonflame
|-damage|p2b: Talonflame|0 fnt
|faint|p2b: Talonflame
|
|upkeep
|turn|8
|inactive|enyelvgc has 30 seconds left.
|inactive|pressinblades has 30 seconds left.
|inactive|enyelvgc has 20 seconds left.
|inactive|enyelvgc has 15 seconds left.
|inactive|enyelvgc has 10 seconds left.
|
|t:|1783743603
|move|p1a: Sylveon|Hyper Beam|p2a: Metagross|[miss]
|-miss|p1a: Sylveon|p2a: Metagross
|move|p1b: Kingambit|Kowtow Cleave|p2a: Metagross
|-supereffective|p2a: Metagross|1
|-enditem|p2a: Metagross|Colbur Berry|[eat]
|-enditem|p2a: Metagross|Colbur Berry|[weaken]
|-damage|p2a: Metagross|43/100
|move|p2a: Metagross|Psychic Fangs|p1a: Sylveon
|-damage|p1a: Sylveon|38/100
|
|upkeep
|turn|9
|
|t:|1783743617
|move|p2a: Metagross|Bullet Punch|p1a: Sylveon
|-supereffective|p1a: Sylveon|1
|-damage|p1a: Sylveon|0 fnt
|faint|p1a: Sylveon
|move|p1b: Kingambit|Kowtow Cleave|p2a: Metagross
|-supereffective|p2a: Metagross|1
|-damage|p2a: Metagross|0 fnt
|faint|p2a: Metagross
|
|win|enyelvgc
||pressinblades is ready for game 3.
|inactive|enyelvgc has 30 seconds to confirm battle start!
|inactive|enyelvgc has 20 seconds to confirm battle start!
|inactive|enyelvgc has 10 seconds to confirm battle start!
|uhtml|next|Next: Game 3 of 3
|l|☆enyelvgc
|player|p1|
