|j|☆TWICEenjoyer
|j|☆salcranvgc
|html|TWICEenjoyersalcranvgc    
|uhtml|bestof|Game 3 of a best-of-3
|t:|1782234967
|gametype|doubles
|player|p1|TWICEenjoyer|scientist-gen1rb|
|player|p2|salcranvgc|266|
|gen|9
|tier|[Gen 9 Champions] VGC 2026 Reg M-B (Bo3)
|rule|Species Clause: Limit one of each Pokémon
|rule|Item Clause: Limit 1 of each item
|clearpoke
|poke|p1|Charizard, L50, F|
|poke|p1|Incineroar, L50, F|
|poke|p1|Garchomp, L50, M, shiny|
|poke|p1|Vileplume, L50, F, shiny|
|poke|p1|Whimsicott, L50, M, shiny|
|poke|p1|Basculegion, L50, M|
|poke|p2|Mawile, L50, F, shiny|
|poke|p2|Pelipper, L50, F|
|poke|p2|Sinistcha-Masterpiece, L50|
|poke|p2|Raichu, L50, M|
|poke|p2|Basculegion, L50, M|
|poke|p2|Hydreigon, L50, F|
|teampreview|4
|showteam|p1|Charizard||CharizarditeY|Blaze|HeatWave,WeatherBall,SolarBeam,Protect|Modest||F|||50|]Incineroar||SitrusBerry|Intimidate|FakeOut,ThroatChop,FlareBlitz,PartingShot|Impish||F|||50|]Garchomp||ExpertBelt|RoughSkin|RockSlide,Earthquake,DragonClaw,Protect|Adamant||M|||50|]Vileplume||LifeOrb|Chlorophyll|SleepPowder,WeatherBall,SludgeBomb,Protect|Modest||F|||50|]Whimsicott||FairyFeather|Prankster|Tailwind,Moonblast,Encore,Protect|Bold||M|||50|]Basculegion||FocusSash|Adaptability|Liquidation,LastRespects,AquaJet,Protect|Jolly||M|||50|
|showteam|p2|Mawile||Mawilite|Intimidate|IronHead,SuckerPunch,SwordsDance,Protect|Adamant||F|||50|]Pelipper||FocusSash|Drizzle|WeatherBall,Hurricane,Tailwind,HelpingHand|Modest||F|||50|]Sinistcha-Masterpiece||ColburBerry|Hospitality|LeafStorm,RagePowder,TrickRoom,Protect|Calm|||||50|]Raichu||RaichuniteY|LightningRod|ZapCannon,FocusBlast,GrassKnot,Protect|Modest||M|||50|]Basculegion||LifeOrb|SwiftSwim|WaveCrash,AquaJet,LastRespects,Protect|Adamant||M|||50|]Hydreigon||ChoiceScarf|Levitate|DarkPulse,DracoMeteor,Uturn,Snarl|Modest||F|||50|
|j| splash2ndcousin
|j| RadiantSteelix
|j| AxoLottiee
|j| the gong lady
|j| aox93
|j| No1RalseiFan
|
|t:|1782235018
|teamsize|p1|4
|teamsize|p2|4
|start
|switch|p1a: Whimsicott|Whimsicott, L50, M, shiny|100/100
|switch|p1b: Charizard|Charizard, L50, F|100/100
|switch|p2a: Pelipper|Pelipper, L50, F|100/100
|switch|p2b: Raichu|Raichu, L50, M|100/100
|-weather|RainDance|[from] ability: Drizzle|[of] p2a: Pelipper
|turn|1
|
|t:|1782235042
|detailschange|p2b: Raichu|Raichu-Mega-Y, L50, M
|-mega|p2b: Raichu|Raichu|Raichunite Y
|move|p1a: Whimsicott|Protect|p1a: Whimsicott
|-singleturn|p1a: Whimsicott|Protect
|move|p1b: Charizard|Protect|p1b: Charizard
|-singleturn|p1b: Charizard|Protect
|move|p2b: Raichu|Focus Blast|p1b: Charizard
|-activate|p1b: Charizard|move: Protect
|move|p2a: Pelipper|Hurricane|p1a: Whimsicott
|-activate|p1a: Whimsicott|move: Protect
|
|-weather|RainDance|[upkeep]
|upkeep
|turn|2
|
|t:|1782235063
|switch|p2b: Hydreigon|Hydreigon, L50, F|100/100
|detailschange|p1b: Charizard|Charizard-Mega-Y, L50, F
|-mega|p1b: Charizard|Charizard|Charizardite Y
|-weather|SunnyDay|[from] ability: Drought|[of] p1b: Charizard
|move|p1a: Whimsicott|Tailwind|p1a: Whimsicott
|-sidestart|p1: TWICEenjoyer|move: Tailwind
|move|p1b: Charizard|Weather Ball|p2b: Hydreigon
|-resisted|p2b: Hydreigon|1
|-damage|p2b: Hydreigon|46/100
|move|p2a: Pelipper|Weather Ball|p1a: Whimsicott
|-supereffective|p1a: Whimsicott|1
|-damage|p1a: Whimsicott|0 fnt
|faint|p1a: Whimsicott
|
|-weather|SunnyDay|[upkeep]
|upkeep
|
|t:|1782235066
|switch|p1a: Vileplume|Vileplume, L50, F, shiny|100/100
|turn|3
|j| Gdrampa
|j| FBISurveillanceMan
|
|t:|1782235090
|move|p1a: Vileplume|Sludge Bomb|p2b: Hydreigon
|-damage|p2b: Hydreigon|0 fnt
|faint|p2b: Hydreigon
|-damage|p1a: Vileplume|90/100|[from] item: Life Orb
|move|p1b: Charizard|Solar Beam||[still]
|-prepare|p1b: Charizard|Solar Beam
|-anim|p1b: Charizard|Solar Beam|p2a: Pelipper
|-damage|p2a: Pelipper|20/100r
|move|p2a: Pelipper|Tailwind|p2a: Pelipper
|-sidestart|p2: salcranvgc|move: Tailwind
|
|-weather|SunnyDay|[upkeep]
|upkeep
|
|t:|1782235103
|switch|p2b: Basculegion|Basculegion, L50, M|100/100
|turn|4
|
|t:|1782235115
|move|p2b: Basculegion|Protect|p2b: Basculegion
|-singleturn|p2b: Basculegion|Protect
|move|p1a: Vileplume|Sludge Bomb|p2a: Pelipper
|-damage|p2a: Pelipper|0 fnt
|faint|p2a: Pelipper
|-damage|p1a: Vileplume|80/100|[from] item: Life Orb
|move|p1b: Charizard|Solar Beam||[still]
|-prepare|p1b: Charizard|Solar Beam
|-anim|p1b: Charizard|Solar Beam|p2b: Basculegion
|-activate|p2b: Basculegion|move: Protect
|
|-weather|SunnyDay|[upkeep]
|upkeep
|
|t:|1782235126
|switch|p2a: Raichu|Raichu-Mega-Y, L50, M|100/100
|turn|5
|
|t:|1782235139
|move|p1a: Vileplume|Sleep Powder|p2b: Basculegion
|-status|p2b: Basculegion|slp|[from] move: Sleep Powder
|move|p2a: Raichu|Zap Cannon|p1b: Charizard
|-supereffective|p1b: Charizard|1
|-damage|p1b: Charizard|0 fnt
|faint|p1b: Charizard
|cant|p2b: Basculegion|slp
|
|-weather|SunnyDay|[upkeep]
|-sideend|p1: TWICEenjoyer|move: Tailwind
|upkeep
|
|t:|1782235144
|switch|p1b: Basculegion|Basculegion, L50, M|100/100
|turn|6
|
|t:|1782235163
|move|p2a: Raichu|Protect|p2a: Raichu
|-singleturn|p2a: Raichu|Protect
|-curestatus|p2b: Basculegion|slp|[msg]
|move|p2b: Basculegion|Protect|p2b: Basculegion
|-singleturn|p2b: Basculegion|Protect
|move|p1a: Vileplume|Weather Ball|p2a: Raichu
|-activate|p2a: Raichu|move: Protect
|move|p1b: Basculegion|Last Respects|p2b: Basculegion
|-activate|p2b: Basculegion|move: Protect
|
|-weather|none
|-sideend|p2: salcranvgc|move: Tailwind
|upkeep
|turn|7
|
|t:|1782235187
|move|p2a: Raichu|Zap Cannon|p1b: Basculegion
|-supereffective|p1b: Basculegion|1
|-enditem|p1b: Basculegion|Focus Sash
|-damage|p1b: Basculegion|1/100
|-status|p1b: Basculegion|par
|move|p2b: Basculegion|Last Respects|p1a: Vileplume
|-damage|p1a: Vileplume|0 fnt
|faint|p1a: Vileplume
|-damage|p2b: Basculegion|90/100|[from] item: Life Orb
|move|p1b: Basculegion|Last Respects|p2b: Basculegion
|-supereffective|p2b: Basculegion|1
|-damage|p2b: Basculegion|0 fnt
|faint|p2b: Basculegion
|
|upkeep
|turn|8
|
|t:|1782235201
|cant|p1b: Basculegion|par
|move|p2a: Raichu|Zap Cannon|p1b: Basculegion
|-supereffective|p1b: Basculegion|1
|-damage|p1b: Basculegion|0 fnt
|faint|p1b: Basculegion
|
|win|salcranvgc
|c|☆TWICEenjoyer|gg
|c|☆salcranvgc|ggs
|l| aox93
|l| RadiantSteelix
|l| No1RalseiFan
|l| the gong lady
|l| FBISurveillanceMan
|l| splash2ndcousin
|l| Gdrampa
|j| delucieous
|j| splash2ndcousin
|l| delucieous
|l| splash2ndcousin
|l|☆TWICEenjoyer
|player|p1|
