|j|☆Seteshy
|j|☆Park Su Kim
|html|SeteshyPark Su Kim    
|uhtml|bestof|Game 1 of a best-of-3
|t:|1785382037
|gametype|doubles
|player|p1|Seteshy|266|1070
|player|p2|Park Su Kim|linebacker|1145
|gen|9
|tier|[Gen 9 Champions] VGC 2026 Reg M-B (Bo3)
|rated|
|rule|Species Clause: Limit one of each Pokémon
|rule|Item Clause: Limit 1 of each item
|clearpoke
|poke|p1|Tyranitar, L50, F|
|poke|p1|Glimmora, L50, M|
|poke|p1|Garganacl, L50, M|
|poke|p1|Kleavor, L50, F|
|poke|p1|Arcanine-Hisui, L50, F|
|poke|p1|Aerodactyl, L50, F|
|poke|p2|Torkoal, L50, M|
|poke|p2|Venusaur, L50, M|
|poke|p2|Farigiraf, L50, F|
|poke|p2|Scrafty, L50, F|
|poke|p2|Mamoswine, L50, F|
|poke|p2|Pyroar, L50, F|
|teampreview|4
|showteam|p1|Tyranitar||Tyranitarite|SandStream|RockSlide,KnockOff,Protect,LowKick|Adamant||F|||50|]Glimmora||FocusSash|ToxicDebris|PowerGem,SpikyShield,EarthPower,MortalSpin|Modest||M|||50|]Garganacl||Leftovers|PurifyingSalt|SaltCure,BodyPress,IronDefense,Recover|Careful||M|||50|]Kleavor||ChoiceScarf|Sharpness|StoneAxe,XScissor,Uturn,CloseCombat|Adamant||F|||50|]Arcanine-Hisui||LifeOrb|RockHead|FlareBlitz,HeadSmash,WildCharge,ExtremeSpeed|Adamant||F|||50|]Aerodactyl||Aerodactylite|Unnerve|RockSlide,Tailwind,DualWingbeat,Protect|Jolly||F|||50|
|showteam|p2|Torkoal||HeatRock|Drought|Eruption,WeatherBall,HelpingHand,Protect|Quiet||M|||50|]Venusaur||LifeOrb|Chlorophyll|EnergyBall,SludgeBomb,EarthPower,Protect|Modest||M|||50|]Farigiraf||SitrusBerry|ArmorTail|Psychic,Thunderbolt,TrickRoom,Protect|Quiet||F|||50|]Scrafty||Scraftinite|Intimidate|KnockOff,DrainPunch,FakeOut,IcePunch|Adamant||F|||50|]Mamoswine||FocusSash|Oblivious|HighHorsepower,RockSlide,IceShard,Protect|Jolly||F|||50|]Pyroar||Pyroarite|Unnerve|HeatWave,Overheat,Yawn,Protect|Timid||F|||50|
|inactive|Battle timer is ON: inactive players will automatically lose when time's up. (requested by Park Su Kim)
|inactive|Park Su Kim has 60 seconds left.
|inactive|Park Su Kim has 30 seconds left.
|
|t:|1785382107
|teamsize|p1|4
|teamsize|p2|4
|start
|switch|p1a: Garganacl|Garganacl, L50, M|100/100
|switch|p1b: Tyranitar|Tyranitar, L50, F|100/100
|switch|p2a: Torkoal|Torkoal, L50, M|100/100
|switch|p2b: Pyroar|Pyroar, L50, F|100/100
|-ability|p2b: Pyroar|Unnerve
|-weather|Sandstorm|[from] ability: Sand Stream|[of] p1b: Tyranitar
|-weather|SunnyDay|[from] ability: Drought|[of] p2a: Torkoal
|turn|1
|inactive|Seteshy has 30 seconds left.
|inactive|Park Su Kim has 30 seconds left.
|inactive|Seteshy has 20 seconds left.
|
|t:|1785382143
|switch|p2a: Scrafty|Scrafty, L50, F|100/100
|-ability|p2a: Scrafty|Intimidate|boost
|-unboost|p1a: Garganacl|atk|1
|-unboost|p1b: Tyranitar|atk|1
|detailschange|p2b: Pyroar|Pyroar-Mega, L50, F
|-mega|p2b: Pyroar|Pyroar|Pyroarite
|detailschange|p1b: Tyranitar|Tyranitar-Mega, L50, F
|-mega|p1b: Tyranitar|Tyranitar|Tyranitarite
|-weather|Sandstorm|[from] ability: Sand Stream|[of] p1b: Tyranitar
|move|p2b: Pyroar|Heat Wave|p1b: Tyranitar|[spread] p1a,p1b
|-resisted|p1a: Garganacl|1
|-resisted|p1b: Tyranitar|1
|-damage|p1a: Garganacl|88/100
|-damage|p1b: Tyranitar|86/100
|move|p1b: Tyranitar|Rock Slide|p2a: Scrafty|[spread] p2a,p2b
|-resisted|p2a: Scrafty|1
|-supereffective|p2b: Pyroar|1
|-damage|p2a: Scrafty|87/100
|-damage|p2b: Pyroar|40/100
|move|p1a: Garganacl|Iron Defense|p1a: Garganacl
|-boost|p1a: Garganacl|def|2
|
|-weather|Sandstorm|[upkeep]
|-damage|p2b: Pyroar|34/100|[from] Sandstorm
|-damage|p2a: Scrafty|81/100|[from] Sandstorm
|-heal|p1a: Garganacl|94/100|[from] item: Leftovers
|upkeep
|turn|2
|inactive|Seteshy has 30 seconds left.
|inactive|Park Su Kim has 30 seconds left.
|inactive|Park Su Kim has 20 seconds left.
|
|t:|1785382179
|switch|p1b: Glimmora|Glimmora, L50, M|100/100
|move|p2b: Pyroar|Yawn|p1b: Glimmora
|-start|p1b: Glimmora|move: Yawn|[of] p2b: Pyroar
|move|p2a: Scrafty|Knock Off|p1a: Garganacl
|-damage|p1a: Garganacl|78/100
|-enditem|p1a: Garganacl|Leftovers|[from] move: Knock Off|[of] p2a: Scrafty
|move|p1a: Garganacl|Body Press|p2a: Scrafty
|-supereffective|p2a: Scrafty|1
|-damage|p2a: Scrafty|1/100
|
|-weather|Sandstorm|[upkeep]
|-damage|p2b: Pyroar|27/100|[from] Sandstorm
|-damage|p2a: Scrafty|0 fnt|[from] Sandstorm
|faint|p2a: Scrafty
|upkeep
|
|t:|1785382200
|switch|p2a: Torkoal|Torkoal, L50, M|100/100
|-weather|SunnyDay|[from] ability: Drought|[of] p2a: Torkoal
|turn|3
|
|t:|1785382212
|switch|p1b: Tyranitar|Tyranitar-Mega, L50, F|86/100
|-weather|Sandstorm|[from] ability: Sand Stream|[of] p1b: Tyranitar
|move|p2b: Pyroar|Heat Wave|p1b: Tyranitar|[spread] p1a
|-miss|p2b: Pyroar|p1b: Tyranitar
|-resisted|p1a: Garganacl|1
|-damage|p1a: Garganacl|67/100
|move|p1a: Garganacl|Iron Defense|p1a: Garganacl
|-boost|p1a: Garganacl|def|2
|move|p2a: Torkoal|Eruption|p1a: Garganacl|[spread] p1a,p1b
|-resisted|p1a: Garganacl|1
|-resisted|p1b: Tyranitar|1
|-damage|p1a: Garganacl|57/100
|-damage|p1b: Tyranitar|75/100
|
|-weather|Sandstorm|[upkeep]
|-damage|p2b: Pyroar|21/100|[from] Sandstorm
|-damage|p2a: Torkoal|93/100|[from] Sandstorm
|upkeep
|turn|4
|
|t:|1785382233
|switch|p2a: Mamoswine|Mamoswine, L50, F|100/100
|move|p2b: Pyroar|Yawn|p1b: Tyranitar
|-start|p1b: Tyranitar|move: Yawn|[of] p2b: Pyroar
|move|p1b: Tyranitar|Rock Slide|p2a: Mamoswine|[spread] p2a
|-miss|p1b: Tyranitar|p2b: Pyroar
|-damage|p2a: Mamoswine|52/100
|move|p1a: Garganacl|Recover|p1a: Garganacl
|-heal|p1a: Garganacl|100/100
|
|-weather|Sandstorm|[upkeep]
|-damage|p2b: Pyroar|15/100|[from] Sandstorm
|upkeep
|turn|5
|
|t:|1785382253
|switch|p2b: Torkoal|Torkoal, L50, M|93/100
|-weather|SunnyDay|[from] ability: Drought|[of] p2b: Torkoal
|switch|p1b: Glimmora|Glimmora, L50, M|100/100
|move|p2a: Mamoswine|High Horsepower|p1b: Glimmora
|-supereffective|p1b: Glimmora|2
|-enditem|p1b: Glimmora|Focus Sash
|-damage|p1b: Glimmora|1/100
|-activate|p1b: Glimmora|ability: Toxic Debris
|-sidestart|p2: Park Su Kim|move: Toxic Spikes
|move|p1a: Garganacl|Body Press|p2a: Mamoswine
|-supereffective|p2a: Mamoswine|1
|-damage|p2a: Mamoswine|0 fnt
|faint|p2a: Mamoswine
|
|-weather|SunnyDay|[upkeep]
|upkeep
|
|t:|1785382268
|switch|p2a: Pyroar|Pyroar-Mega, L50, F|15/100
|-status|p2a: Pyroar|psn
|turn|6
|
|t:|1785382283
|move|p1b: Glimmora|Spiky Shield|p1b: Glimmora
|-singleturn|p1b: Glimmora|move: Protect
|move|p2a: Pyroar|Overheat|p1a: Garganacl
|-resisted|p1a: Garganacl|1
|-damage|p1a: Garganacl|46/100
|-unboost|p2a: Pyroar|spa|2
|move|p1a: Garganacl|Body Press|p2b: Torkoal
|-damage|p2b: Torkoal|39/100
|move|p2b: Torkoal|Eruption|p1a: Garganacl|[spread] p1a
|-activate|p1b: Glimmora|move: Protect
|-resisted|p1a: Garganacl|1
|-damage|p1a: Garganacl|36/100
|
|-weather|SunnyDay|[upkeep]
|-damage|p2a: Pyroar|3/100 psn|[from] psn
|upkeep
|turn|7
|
|t:|1785382308
|switch|p1b: Tyranitar|Tyranitar-Mega, L50, F|75/100
|-weather|Sandstorm|[from] ability: Sand Stream|[of] p1b: Tyranitar
|move|p2a: Pyroar|Heat Wave|p1a: Garganacl|[spread] p1b
|-miss|p2a: Pyroar|p1a: Garganacl
|-resisted|p1b: Tyranitar|1
|-damage|p1b: Tyranitar|68/100
|move|p1a: Garganacl|Recover|p1a: Garganacl
|-heal|p1a: Garganacl|86/100
|move|p2b: Torkoal|Weather Ball|p1a: Garganacl
|-damage|p1a: Garganacl|74/100
|
|-weather|Sandstorm|[upkeep]
|-damage|p2a: Pyroar|0 fnt|[from] Sandstorm
|-damage|p2b: Torkoal|33/100|[from] Sandstorm
|faint|p2a: Pyroar
|upkeep
|turn|8
|
|t:|1785382327
|move|p1b: Tyranitar|Knock Off|p2b: Torkoal
|-damage|p2b: Torkoal|0 fnt
|-enditem|p2b: Torkoal|Heat Rock|[from] move: Knock Off|[of] p1b: Tyranitar
|faint|p2b: Torkoal
|
|win|Seteshy
||Park Su Kim is ready for game 2.
|inactive|Seteshy has 30 seconds to confirm battle start!
||Seteshy is ready for game 2.
|uhtml|next|Next: Game 2 of 3
|l|☆Park Su Kim
|player|p2|
