|j|☆MSAtlos
|j|☆QrdeJegoMac
|html|MSAtlosQrdeJegoMac    
|uhtml|bestof|Game 2 of a best-of-3
|t:|1757848841
|gametype|doubles
|player|p1|MSAtlos|clair|1160
|player|p2|QrdeJegoMac|266|1156
|gen|9
|tier|[Gen 9] VGC 2025 Reg H (Bo3)
|rated|
|rule|Species Clause: Limit one of each Pokémon
|rule|Item Clause: Limit 1 of each item
|clearpoke
|poke|p1|Frosmoth, L50, F|
|poke|p1|Ninetales-Alola, L50, M|
|poke|p1|Rillaboom, L50, M|
|poke|p1|Incineroar, L50, F|
|poke|p1|Ursaluna, L50, F|
|poke|p1|Dragonite, L50, M|
|poke|p2|Sneasler, L50, M|
|poke|p2|Basculegion, L50, M|
|poke|p2|Pelipper, L50, F|
|poke|p2|Amoonguss, L50, M|
|poke|p2|Kingambit, L50, M|
|poke|p2|Archaludon, L50, M|
|teampreview|4
|showteam|p1|Frosmoth||Leftovers|IceScales|QuiverDance,Blizzard,TeraBlast,Protect|||F|||50|,,,,,Water]Ninetales-Alola||LightClay|SnowWarning|Blizzard,AuroraVeil,Disable,Encore|||M|||50|,,,,,Fire]Rillaboom||AssaultVest|GrassySurge|FakeOut,WoodHammer,GrassyGlide,Uturn|||M|||50|,,,,,Fire]Incineroar||SafetyGoggles|Intimidate|FlareBlitz,KnockOff,FakeOut,PartingShot|||F|||50|,,,,,Ghost]Ursaluna||FlameOrb|Guts|Facade,HeadlongRush,Earthquake,Protect|||F|||50|,,,,,Poison]Dragonite||LoadedDice|Multiscale|ScaleShot,Haze,Tailwind,Protect|||M|||50|,,,,,Steel
|showteam|p2|Sneasler||FocusSash|Unburden|DireClaw,CloseCombat,Protect,FakeOut|||M|||50|,,,,,Stellar]Basculegion||LifeOrb|SwiftSwim|WaveCrash,LastRespects,AquaJet,Protect|||M|||50|,,,,,Water]Pelipper||CovertCloak|Drizzle|WeatherBall,Hurricane,Tailwind,Protect|||F|||50|,,,,,Steel]Amoonguss||RockyHelmet|Regenerator|PollenPuff,ClearSmog,Spore,RagePowder|||M|||50|,,,,,Ghost]Kingambit||BlackGlasses|Defiant|KowtowCleave,SuckerPunch,SwordsDance,Protect|||M|||50|,,,,,Dark]Archaludon||AssaultVest|Stamina|ElectroShot,DragonPulse,BodyPress,FlashCannon|||M|||50|,,,,,Grass
|inactive|Battle timer is ON: inactive players will automatically lose when time's up. (requested by QrdeJegoMac)
|inactive|MSAtlos has 60 seconds left.
|
|t:|1757848875
|teamsize|p1|4
|teamsize|p2|4
|start
|switch|p1a: Frosmoth|Frosmoth, L50, F|100/100
|switch|p1b: Incineroar|Incineroar, L50, F|100/100
|switch|p2a: Sneasler|Sneasler, L50, M, shiny|100/100
|switch|p2b: Basculegion|Basculegion, L50, M, shiny|100/100
|-ability|p1b: Incineroar|Intimidate|boost
|-unboost|p2a: Sneasler|atk|1
|-unboost|p2b: Basculegion|atk|1
|turn|1
|inactive|MSAtlos has 30 seconds left.
|inactive|QrdeJegoMac has 30 seconds left.
|inactive|MSAtlos has 20 seconds left.
|inactive|MSAtlos has 15 seconds left.
|
|t:|1757848916
|switch|p2a: Archaludon|Archaludon, L50, M|100/100
|-terastallize|p1b: Incineroar|Ghost
|move|p1a: Frosmoth|Protect|p1a: Frosmoth
|-singleturn|p1a: Frosmoth|Protect
|move|p2b: Basculegion|Wave Crash|p1b: Incineroar
|-damage|p1b: Incineroar|50/100
|-damage|p2b: Basculegion|83/100|[from] Recoil
|-damage|p2b: Basculegion|73/100|[from] item: Life Orb
|move|p1b: Incineroar|Knock Off|p2b: Basculegion
|-supereffective|p2b: Basculegion
|-damage|p2b: Basculegion|0 fnt
|-enditem|p2b: Basculegion|Life Orb|[from] move: Knock Off|[of] p1b: Incineroar
|faint|p2b: Basculegion
|
|upkeep
|
|t:|1757848924
|switch|p2b: Sneasler|Sneasler, L50, M, shiny|100/100
|turn|2
|inactive|MSAtlos has 30 seconds left.
|inactive|MSAtlos has 20 seconds left.
|
|t:|1757848962
|switch|p1a: Dragonite|Dragonite, L50, M|100/100
|move|p2b: Sneasler|Close Combat|p1a: Dragonite
|-resisted|p1a: Dragonite
|-damage|p1a: Dragonite|84/100
|-unboost|p2b: Sneasler|def|1
|-unboost|p2b: Sneasler|spd|1
|move|p2a: Archaludon|Dragon Pulse|p1b: Incineroar
|-damage|p1b: Incineroar|17/100
|move|p1b: Incineroar|Parting Shot|p2b: Sneasler
|-unboost|p2b: Sneasler|atk|1
|-unboost|p2b: Sneasler|spa|1
|
|t:|1757848975
|switch|p1b: Frosmoth|Frosmoth, L50, F|100/100|[from] Parting Shot
|
|upkeep
|turn|3
|inactive|MSAtlos has 30 seconds left.
|inactive|QrdeJegoMac has 30 seconds left.
|
|t:|1757849001
|switch|p2b: Pelipper|Pelipper, L50, F, shiny|100/100
|-weather|RainDance|[from] ability: Drizzle|[of] p2b: Pelipper
|move|p1a: Dragonite|Tailwind|p1a: Dragonite
|-sidestart|p1: MSAtlos|move: Tailwind
|move|p1b: Frosmoth|Quiver Dance|p1b: Frosmoth
|-boost|p1b: Frosmoth|spa|1
|-boost|p1b: Frosmoth|spd|1
|-boost|p1b: Frosmoth|spe|1
|move|p2a: Archaludon|Dragon Pulse|p1a: Dragonite
|-supereffective|p1a: Dragonite
|-damage|p1a: Dragonite|0 fnt
|faint|p1a: Dragonite
|
|-weather|RainDance|[upkeep]
|upkeep
|
|t:|1757849014
|switch|p1a: Ninetales|Ninetales-Alola, L50, M|100/100
|-weather|Snowscape|[from] ability: Snow Warning|[of] p1a: Ninetales
|turn|4
|
|t:|1757849029
|switch|p2b: Sneasler|Sneasler, L50, M, shiny|100/100
|move|p1a: Ninetales|Aurora Veil|p1a: Ninetales
|-sidestart|p1: MSAtlos|move: Aurora Veil
|move|p1b: Frosmoth|Blizzard|p2a: Archaludon|[spread] p2a,p2b
|-damage|p2a: Archaludon|53/100
|-damage|p2b: Sneasler|13/100
|-ability|p2a: Archaludon|Stamina|boost
|-boost|p2a: Archaludon|def|1
|move|p2a: Archaludon|Flash Cannon|p1a: Ninetales
|-supereffective|p1a: Ninetales
|-damage|p1a: Ninetales|0 fnt
|faint|p1a: Ninetales
|
|-weather|Snowscape|[upkeep]
|upkeep
|
|t:|1757849042
|switch|p1a: Incineroar|Incineroar, L50, F, tera:Ghost|17/100
|-ability|p1a: Incineroar|Intimidate|boost
|-unboost|p2a: Archaludon|atk|1
|-unboost|p2b: Sneasler|atk|1
|turn|5
|
|t:|1757849054
|move|p2b: Sneasler|Fake Out|p1b: Frosmoth
|-damage|p1b: Frosmoth|95/100
|move|p1a: Incineroar|Fake Out|p2a: Archaludon
|-resisted|p2a: Archaludon
|-damage|p2a: Archaludon|51/100
|-ability|p2a: Archaludon|Stamina|boost
|-boost|p2a: Archaludon|def|1
|cant|p1b: Frosmoth|flinch
|cant|p2a: Archaludon|flinch
|
|-weather|Snowscape|[upkeep]
|-heal|p1b: Frosmoth|100/100|[from] item: Leftovers
|upkeep
|turn|6
|
|t:|1757849069
|switch|p2b: Pelipper|Pelipper, L50, F, shiny|100/100
|-weather|RainDance|[from] ability: Drizzle|[of] p2b: Pelipper
|move|p1b: Frosmoth|Blizzard|p2b: Pelipper|[spread] p2a,p2b
|-crit|p2a: Archaludon
|-damage|p2a: Archaludon|0 fnt
|-damage|p2b: Pelipper|4/100
|faint|p2a: Archaludon
|move|p1a: Incineroar|Knock Off|p2b: Pelipper
|-damage|p2b: Pelipper|0 fnt
|-enditem|p2b: Pelipper|Covert Cloak|[from] move: Knock Off|[of] p1a: Incineroar
|faint|p2b: Pelipper
|
|-weather|RainDance|[upkeep]
|-sideend|p1: MSAtlos|move: Tailwind
|upkeep
|
|t:|1757849076
|switch|p2b: Sneasler|Sneasler, L50, M, shiny|13/100
|turn|7
|c|☆QrdeJegoMac|welp
|
|t:|1757849101
|-terastallize|p2b: Sneasler|Stellar
|move|p2b: Sneasler|Dire Claw|p1b: Frosmoth
|-damage|p1b: Frosmoth|50/100
|move|p1b: Frosmoth|Tera Blast|p2b: Sneasler
|-damage|p2b: Sneasler|0 fnt
|faint|p2b: Sneasler
|
|win|MSAtlos
||QrdeJegoMac is ready for game 3.
|inactive|MSAtlos has 30 seconds to confirm battle start!
||MSAtlos is ready for game 3.
|uhtml|next|Next: Game 3 of 3
|l|☆MSAtlos
|player|p1|
|l|☆QrdeJegoMac
|player|p2|
