|j|☆I am the Sweeper
|j|☆shikoguard
|html|I am the Sweepershikoguard    
|uhtml|bestof|Game 1 of a best-of-3
|t:|1756363516
|gametype|doubles
|player|p1|I am the Sweeper|janitor|
|player|p2|shikoguard|102|
|gen|9
|tier|[Gen 9] VGC 2025 Reg H (Bo3)
|rule|Species Clause: Limit one of each Pokémon
|rule|Item Clause: Limit 1 of each item
|clearpoke
|poke|p1|Garganacl, L50, F|
|poke|p1|Dondozo, L50, F|
|poke|p1|Sneasler, L50, M|
|poke|p1|Gholdengo, L50|
|poke|p1|Ninetales-Alola, L50, M|
|poke|p1|Incineroar, L50, M|
|poke|p2|Abomasnow, L50, F|
|poke|p2|Glaceon, L50, F|
|poke|p2|Slowking, L50, M|
|poke|p2|Chandelure, L50, M|
|poke|p2|Ursaluna, L50, M|
|poke|p2|Flamigo, L50, F|
|teampreview|4
|showteam|p1|Garganacl||MarangaBerry|PurifyingSalt|SaltCure,StealthRock,Protect,Recover|||F|||50|,,,,,Flying]Dondozo||Leftovers|Unaware|Liquidation,Yawn,Curse,Protect|||F|||50|,,,,,Poison]Sneasler||FocusSash|PoisonTouch|DireClaw,CloseCombat,Coaching,Protect|||M|||50|,,,,,Ghost]Gholdengo||ChoiceScarf|GoodasGold|MakeItRain,ShadowBall,Trick,PowerGem||||||50|,,,,,Steel]Ninetales-Alola||NeverMeltIce|SnowWarning|Blizzard,FreezeDry,Protect,AuroraVeil|||M|||50|,,,,,Ice]Incineroar||AssaultVest|Intimidate|FlareBlitz,KnockOff,FakeOut,DrainPunch|||M|||50|,,,,,Grass
|showteam|p2|Abomasnow||LifeOrb|SnowWarning|Protect,EarthPower,GigaDrain,Blizzard|||F|||50|,,,,,Ground]Glaceon||NeverMeltIce|SnowCloak|Blizzard,FreezeDry,TeraBlast,Protect|||F|||50|,,,,,Water]Slowking||CovertCloak|Regenerator|MuddyWater,Psychic,TrickRoom,ChillyReception|||M|||50|,,,,,Fairy]Chandelure||MentalHerb|FlashFire|HeatWave,ShadowBall,TrickRoom,Protect|||M|||50|,,,,,Grass]Ursaluna||FlameOrb|Guts|Protect,RockSlide,Facade,Earthquake|||M|||50|,,,,,Poison]Flamigo||FocusSash|Scrappy|CloseCombat,WideGuard,BraveBird,Tailwind|||F|||50|,,,,,Flying
|
|t:|1756363587
|teamsize|p1|4
|teamsize|p2|4
|start
|switch|p1a: Incineroar|Incineroar, L50, M|100/100
|switch|p1b: Sneasler|Sneasler, L50, M|100/100
|switch|p2a: Flamigo|Flamigo, L50, F|100/100
|switch|p2b: Ursaluna|Ursaluna, L50, M|100/100
|-ability|p1a: Incineroar|Intimidate|boost
|-fail|p2a: Flamigo|unboost|Attack|[from] ability: Scrappy|[of] p2a: Flamigo
|-unboost|p2b: Ursaluna|atk|1
|turn|1
|
|t:|1756363644
|move|p1a: Incineroar|Fake Out|p2a: Flamigo
|-damage|p2a: Flamigo|83/100
|move|p1b: Sneasler|Dire Claw|p2a: Flamigo
|-damage|p2a: Flamigo|26/100
|cant|p2a: Flamigo|flinch
|move|p2b: Ursaluna|Earthquake|p1b: Sneasler|[spread] p1a,p1b
|-immune|p2a: Flamigo
|-supereffective|p1a: Incineroar
|-supereffective|p1b: Sneasler
|-damage|p1a: Incineroar|35/100
|-enditem|p1b: Sneasler|Focus Sash
|-damage|p1b: Sneasler|1/100
|
|-status|p2b: Ursaluna|brn|[from] item: Flame Orb
|upkeep
|turn|2
|
|t:|1756363732
|switch|p1a: Dondozo|Dondozo, L50, F|100/100
|move|p1b: Sneasler|Dire Claw|p2a: Flamigo
|-damage|p2a: Flamigo|0 fnt
|faint|p2a: Flamigo
|move|p2b: Ursaluna|Earthquake|p1a: Dondozo|[spread] p1a,p1b
|-supereffective|p1b: Sneasler
|-damage|p1a: Dondozo|54/100
|-damage|p1b: Sneasler|0 fnt
|faint|p1b: Sneasler
|
|-heal|p1a: Dondozo|60/100|[from] item: Leftovers
|-damage|p2b: Ursaluna|95/100 brn|[from] brn
|upkeep
|
|t:|1756363762
|switch|p1b: Incineroar|Incineroar, L50, M|35/100
|switch|p2a: Glaceon|Glaceon, L50, F|100/100
|-ability|p1b: Incineroar|Intimidate|boost
|-unboost|p2a: Glaceon|atk|1
|-unboost|p2b: Ursaluna|atk|1
|turn|3
|
|t:|1756363794
|-terastallize|p2a: Glaceon|Water
|move|p1b: Incineroar|Fake Out|p2b: Ursaluna
|-damage|p2b: Ursaluna|86/100 brn
|move|p2a: Glaceon|Freeze-Dry|p1a: Dondozo
|-supereffective|p1a: Dondozo
|-damage|p1a: Dondozo|0 fnt
|faint|p1a: Dondozo
|cant|p2b: Ursaluna|flinch
|
|-damage|p2b: Ursaluna|80/100 brn|[from] brn
|upkeep
|
|t:|1756363805
|switch|p1a: Gholdengo|Gholdengo, L50|100/100
|turn|4
|
|t:|1756363837
|-terastallize|p1a: Gholdengo|Steel
|move|p2a: Glaceon|Protect|p2a: Glaceon
|-singleturn|p2a: Glaceon|Protect
|move|p1a: Gholdengo|Make It Rain|p2b: Ursaluna|[spread] p2b
|-activate|p2a: Glaceon|move: Protect
|-damage|p2b: Ursaluna|16/100 brn
|-unboost|p1a: Gholdengo|spa|1
|move|p1b: Incineroar|Drain Punch|p2b: Ursaluna
|-supereffective|p2b: Ursaluna
|-damage|p2b: Ursaluna|0 fnt
|-heal|p1b: Incineroar|45/100|[from] drain|[of] p2b: Ursaluna
|faint|p2b: Ursaluna
|
|upkeep
|
|t:|1756363853
|switch|p2b: Abomasnow|Abomasnow, L50, F|100/100
|-weather|Snowscape|[from] ability: Snow Warning|[of] p2b: Abomasnow
|turn|5
|
|t:|1756363882
|move|p1a: Gholdengo|Make It Rain|p2b: Abomasnow|[spread] p2a,p2b
|-resisted|p2a: Glaceon
|-supereffective|p2b: Abomasnow
|-damage|p2a: Glaceon|75/100
|-damage|p2b: Abomasnow|6/100
|-unboost|p1a: Gholdengo|spa|1
|move|p1b: Incineroar|Knock Off|p2a: Glaceon
|-damage|p2a: Glaceon|28/100
|-enditem|p2a: Glaceon|Never-Melt Ice|[from] move: Knock Off|[of] p1b: Incineroar
|move|p2a: Glaceon|Blizzard|p1a: Gholdengo|[spread] p1a,p1b
|-resisted|p1a: Gholdengo
|-resisted|p1b: Incineroar
|-damage|p1a: Gholdengo|74/100
|-damage|p1b: Incineroar|28/100
|move|p2b: Abomasnow|Blizzard|p1a: Gholdengo|[spread] p1a,p1b
|-resisted|p1a: Gholdengo
|-resisted|p1b: Incineroar
|-crit|p1b: Incineroar
|-damage|p1a: Gholdengo|50/100
|-damage|p1b: Incineroar|8/100
|-damage|p2b: Abomasnow|0 fnt|[from] item: Life Orb
|faint|p2b: Abomasnow
|
|-weather|Snowscape|[upkeep]
|upkeep
|turn|6
|
|t:|1756363919
|move|p1a: Gholdengo|Make It Rain|p2a: Glaceon
|-resisted|p2a: Glaceon
|-damage|p2a: Glaceon|2/100
|-unboost|p1a: Gholdengo|spa|1
|move|p1b: Incineroar|Knock Off|p2a: Glaceon
|-damage|p2a: Glaceon|0 fnt
|faint|p2a: Glaceon
|
|win|I am the Sweeper
||I am the Sweeper is ready for game 2.
|inactive|shikoguard has 30 seconds to confirm battle start!
||shikoguard is ready for game 2.
|uhtml|next|Next: Game 2 of 3
