|j|☆aviles0036
|j|☆jagheter
|html|aviles0036jagheter    
|uhtml|bestof|Game 1 of a best-of-3
|t:|1756992809
|gametype|doubles
|player|p1|aviles0036|noland-gen3|1248
|player|p2|jagheter|worker|1249
|gen|9
|tier|[Gen 9] VGC 2025 Reg H (Bo3)
|rated|
|rule|Species Clause: Limit one of each Pokémon
|rule|Item Clause: Limit 1 of each item
|clearpoke
|poke|p1|Amoonguss, L50, F|
|poke|p1|Sneasler, L50, M|
|poke|p1|Gholdengo, L50|
|poke|p1|Incineroar, L50, M|
|poke|p1|Ursaluna-Bloodmoon, L50, M|
|poke|p1|Dragonite, L50, M|
|poke|p2|Venusaur, L50, M|
|poke|p2|Sneasler, L50, M|
|poke|p2|Dondozo, L50, M|
|poke|p2|Volcarona, L50, F|
|poke|p2|Rillaboom, L50, M|
|poke|p2|Incineroar, L50, M|
|teampreview|4
|showteam|p1|Amoonguss||SitrusBerry|Regenerator|RagePowder,Spore,ClearSmog,Protect|||F|||50|,,,,,Psychic]Sneasler||FocusSash|Unburden|Protect,DireClaw,CloseCombat,ThroatChop|||M|||50|,,,,,Stellar]Gholdengo||LifeOrb|GoodasGold|Protect,MakeItRain,ShadowBall,NastyPlot||||||50|,,,,,Water]Incineroar||SafetyGoggles|Intimidate|KnockOff,PartingShot,FlareBlitz,FakeOut|||M|||50|,,,,,Ghost]Ursaluna-Bloodmoon||AssaultVest|MindsEye|BloodMoon,EarthPower,VacuumWave,HyperVoice|||M|||50|,,,,,Water]Dragonite||LoadedDice|Multiscale|ScaleShot,Tailwind,TeraBlast,Protect|||M|||50|,,,,,Fairy
|showteam|p2|Venusaur||WideLens|Chlorophyll|SleepPowder,Protect,SludgeBomb,EarthPower|||M|||50|,,,,,Ghost]Sneasler||GrassySeed|Unburden|Coaching,DireClaw,CloseCombat,Protect|||M|||50|,,,,,Stellar]Dondozo||Leftovers|Unaware|Fissure,Protect,Liquidation,Yawn|||M|||50|,,,,,Poison]Volcarona||CovertCloak|FlameBody|FieryDance,TeraBlast,QuiverDance,Protect|||F|||50|,,,,,Fairy]Rillaboom||AssaultVest|GrassySurge|FakeOut,WoodHammer,GrassyGlide,HighHorsepower|||M|||50|,,,,,Fire]Incineroar||SafetyGoggles|Intimidate|FakeOut,KnockOff,PartingShot,FlareBlitz|||M|||50|,,,,,Bug
|inactive|Battle timer is ON: inactive players will automatically lose when time's up. (requested by aviles0036)
|inactive|aviles0036 has 60 seconds left.
|inactive|jagheter has 60 seconds left.
|
|t:|1756992872
|teamsize|p1|4
|teamsize|p2|4
|start
|switch|p1a: Incineroar|Incineroar, L50, M|100/100
|switch|p1b: Dragonite|Dragonite, L50, M|100/100
|switch|p2a: MIKAWAS|Venusaur, L50, M, shiny|100/100
|switch|p2b: YUKIMIYA|Incineroar, L50, M, shiny|100/100
|-ability|p1a: Incineroar|Intimidate|boost
|-unboost|p2a: MIKAWAS|atk|1
|-unboost|p2b: YUKIMIYA|atk|1
|-ability|p2b: YUKIMIYA|Intimidate|boost
|-unboost|p1a: Incineroar|atk|1
|-unboost|p1b: Dragonite|atk|1
|turn|1
|
|t:|1756992886
|switch|p1b: Gholdengo|Gholdengo, L50|100/100
|move|p2b: YUKIMIYA|Fake Out|p1a: Incineroar
|-damage|p1a: Incineroar|94/100
|move|p2a: MIKAWAS|Sleep Powder|p1b: Gholdengo
|-immune|p1b: Gholdengo|[from] ability: Good as Gold
|cant|p1a: Incineroar|flinch
|
|upkeep
|turn|2
|
|t:|1756992906
|-terastallize|p1b: Gholdengo|Water
|move|p1b: Gholdengo|Nasty Plot|p1b: Gholdengo
|-boost|p1b: Gholdengo|spa|2
|move|p2a: MIKAWAS|Earth Power|p1b: Gholdengo
|-damage|p1b: Gholdengo|75/100
|move|p1a: Incineroar|Parting Shot|p2b: YUKIMIYA
|-unboost|p2b: YUKIMIYA|atk|1
|-unboost|p2b: YUKIMIYA|spa|1
|
|t:|1756992915
|switch|p1a: Sneasler|Sneasler, L50, M|100/100|[from] Parting Shot
|move|p2b: YUKIMIYA|Knock Off|p1b: Gholdengo
|-damage|p1b: Gholdengo|55/100
|-enditem|p1b: Gholdengo|Life Orb|[from] move: Knock Off|[of] p2b: YUKIMIYA
|
|upkeep
|turn|3
|
|t:|1756992938
|move|p1a: Sneasler|Close Combat|p2b: YUKIMIYA
|-supereffective|p2b: YUKIMIYA
|-damage|p2b: YUKIMIYA|7/100
|-unboost|p1a: Sneasler|def|1
|-unboost|p1a: Sneasler|spd|1
|move|p1b: Gholdengo|Shadow Ball|p2b: YUKIMIYA
|-resisted|p2b: YUKIMIYA
|-damage|p2b: YUKIMIYA|0 fnt
|faint|p2b: YUKIMIYA
|move|p2a: MIKAWAS|Sludge Bomb|p1b: Gholdengo
|-damage|p1b: Gholdengo|19/100
|
|upkeep
|inactive|jagheter has 30 seconds left.
|
|t:|1756992966
|switch|p2b: KYUUUSAL|Volcarona, L50, F, shiny|100/100
|turn|4
|
|t:|1756992976
|switch|p1a: Incineroar|Incineroar, L50, M|94/100
|-ability|p1a: Incineroar|Intimidate|boost
|-unboost|p2a: MIKAWAS|atk|1
|-unboost|p2b: KYUUUSAL|atk|1
|move|p1b: Gholdengo|Protect|p1b: Gholdengo
|-singleturn|p1b: Gholdengo|Protect
|move|p2b: KYUUUSAL|Tera Blast|p1b: Gholdengo
|-activate|p1b: Gholdengo|move: Protect
|move|p2a: MIKAWAS|Sludge Bomb|p1a: Incineroar
|-damage|p1a: Incineroar|61/100
|
|upkeep
|turn|5
|
|t:|1756992995
|switch|p1a: Dragonite|Dragonite, L50, M|100/100
|move|p1b: Gholdengo|Nasty Plot|p1b: Gholdengo
|-boost|p1b: Gholdengo|spa|2
|move|p2b: KYUUUSAL|Tera Blast|p1b: Gholdengo
|-damage|p1b: Gholdengo|0 fnt
|faint|p1b: Gholdengo
|move|p2a: MIKAWAS|Earth Power|p1a: Dragonite
|-immune|p1a: Dragonite
|
|upkeep
|
|t:|1756993001
|switch|p1b: Incineroar|Incineroar, L50, M|61/100
|-ability|p1b: Incineroar|Intimidate|boost
|-unboost|p2a: MIKAWAS|atk|1
|-unboost|p2b: KYUUUSAL|atk|1
|turn|6
|
|t:|1756993023
|-terastallize|p2a: MIKAWAS|Ghost
|move|p2b: KYUUUSAL|Quiver Dance|p2b: KYUUUSAL
|-boost|p2b: KYUUUSAL|spa|1
|-boost|p2b: KYUUUSAL|spd|1
|-boost|p2b: KYUUUSAL|spe|1
|move|p2a: MIKAWAS|Sleep Powder|p1a: Dragonite
|-status|p1a: Dragonite|slp|[from] move: Sleep Powder
|cant|p1a: Dragonite|slp
|move|p1b: Incineroar|Flare Blitz|p2a: MIKAWAS
|-damage|p2a: MIKAWAS|44/100
|-damage|p1b: Incineroar|44/100|[from] Recoil
|
|upkeep
|turn|7
|
|t:|1756993048
|move|p2b: KYUUUSAL|Fiery Dance|p1b: Incineroar
|-resisted|p1b: Incineroar
|-damage|p1b: Incineroar|17/100
|move|p2a: MIKAWAS|Earth Power|p1b: Incineroar
|-supereffective|p1b: Incineroar
|-damage|p1b: Incineroar|0 fnt
|faint|p1b: Incineroar
|-curestatus|p1a: Dragonite|slp|[msg]
|move|p1a: Dragonite|Tailwind|p1a: Dragonite
|-sidestart|p1: aviles0036|move: Tailwind
|
|upkeep
|
|t:|1756993057
|switch|p1b: Sneasler|Sneasler, L50, M|100/100
|turn|8
|
|t:|1756993068
|move|p2b: KYUUUSAL|Protect|p2b: KYUUUSAL
|-singleturn|p2b: KYUUUSAL|Protect
|move|p2a: MIKAWAS|Protect|p2a: MIKAWAS
|-singleturn|p2a: MIKAWAS|Protect
|move|p1b: Sneasler|Dire Claw|p2b: KYUUUSAL
|-activate|p2b: KYUUUSAL|move: Protect
|move|p1a: Dragonite|Scale Shot|p2a: MIKAWAS
|-activate|p2a: MIKAWAS|move: Protect
|
|upkeep
|turn|9
|
|t:|1756993079
|move|p1b: Sneasler|Dire Claw|p2b: KYUUUSAL
|-damage|p2b: KYUUUSAL|54/100
|-status|p1b: Sneasler|brn|[from] ability: Flame Body|[of] p2b: KYUUUSAL
|move|p1a: Dragonite|Scale Shot|p2a: MIKAWAS
|-damage|p2a: MIKAWAS|26/100
|-damage|p2a: MIKAWAS|10/100
|-damage|p2a: MIKAWAS|0 fnt
|faint|p2a: MIKAWAS
|-hitcount|p2: MIKAWAS|3
|-unboost|p1a: Dragonite|def|1
|-boost|p1a: Dragonite|spe|1
|move|p2b: KYUUUSAL|Fiery Dance|p1b: Sneasler
|-damage|p1b: Sneasler|25/100 brn
|-boost|p2b: KYUUUSAL|spa|1
|
|-damage|p1b: Sneasler|19/100 brn|[from] brn
|upkeep
|
|t:|1756993088
|switch|p2a: ITOSHI|Sneasler, L50, M, shiny|100/100
|turn|10
|
|t:|1756993103
|move|p2b: KYUUUSAL|Protect|p2b: KYUUUSAL
|-singleturn|p2b: KYUUUSAL|Protect
|move|p2a: ITOSHI|Protect|p2a: ITOSHI
|-singleturn|p2a: ITOSHI|Protect
|move|p1a: Dragonite|Scale Shot|p2b: KYUUUSAL
|-activate|p2b: KYUUUSAL|move: Protect
|move|p1b: Sneasler|Dire Claw|p2b: KYUUUSAL
|-activate|p2b: KYUUUSAL|move: Protect
|
|-damage|p1b: Sneasler|13/100 brn|[from] brn
|-sideend|p1: aviles0036|move: Tailwind
|upkeep
|turn|11
|inactive|jagheter has 30 seconds left.
|
|t:|1756993130
|move|p1b: Sneasler|Protect|p1b: Sneasler
|-singleturn|p1b: Sneasler|Protect
|move|p2b: KYUUUSAL|Fiery Dance|p1b: Sneasler
|-activate|p1b: Sneasler|move: Protect
|move|p1a: Dragonite|Scale Shot|p2b: KYUUUSAL
|-damage|p2b: KYUUUSAL|38/100
|-damage|p2b: KYUUUSAL|19/100
|-damage|p2b: KYUUUSAL|3/100
|-damage|p2b: KYUUUSAL|0 fnt
|faint|p2b: KYUUUSAL
|-hitcount|p2: KYUUUSAL|4
|-unboost|p1a: Dragonite|def|1
|-boost|p1a: Dragonite|spe|1
|move|p2a: ITOSHI|Dire Claw|p1a: Dragonite
|-damage|p1a: Dragonite|52/100
|
|-damage|p1b: Sneasler|8/100 brn|[from] brn
|upkeep
|turn|12
|
|t:|1756993152
|move|p2a: ITOSHI|Protect|p2a: ITOSHI
|-singleturn|p2a: ITOSHI|Protect
|move|p1a: Dragonite|Scale Shot|p2a: ITOSHI
|-activate|p2a: ITOSHI|move: Protect
|move|p1b: Sneasler|Dire Claw|p2a: ITOSHI
|-activate|p2a: ITOSHI|move: Protect
|
|-damage|p1b: Sneasler|2/100 brn|[from] brn
|upkeep
|turn|13
|
|t:|1756993162
|move|p1a: Dragonite|Scale Shot|p2a: ITOSHI
|-damage|p2a: ITOSHI|74/100
|-damage|p2a: ITOSHI|51/100
|-damage|p2a: ITOSHI|26/100
|-damage|p2a: ITOSHI|0 fnt
|faint|p2a: ITOSHI
|-hitcount|p2: ITOSHI|4
|
|win|aviles0036
||jagheter is ready for game 2.
||aviles0036 is ready for game 2.
|uhtml|next|Next: Game 2 of 3
|l|☆aviles0036
|player|p1|
