|j|☆belinvgc
|j|☆thegreatestnone
|html|belinvgcthegreatestnone    
|uhtml|bestof|Game 2 of a best-of-3
|t:|1785178301
|gametype|doubles
|player|p1|belinvgc|101|1221
|player|p2|thegreatestnone|169|1123
|gen|9
|tier|[Gen 9 Champions] VGC 2026 Reg M-B (Bo3)
|rated|
|rule|Species Clause: Limit one of each Pokémon
|rule|Item Clause: Limit 1 of each item
|clearpoke
|poke|p1|Tyranitar, L50, M|
|poke|p1|Garchomp, L50, F|
|poke|p1|Gholdengo, L50|
|poke|p1|Milotic, L50, F|
|poke|p1|Sinistcha, L50|
|poke|p1|Staraptor, L50, M|
|poke|p2|Staraptor, L50, F|
|poke|p2|Vanilluxe, L50, F|
|poke|p2|Farigiraf, L50, F|
|poke|p2|Blastoise, L50, F|
|poke|p2|Kingambit, L50, M|
|poke|p2|Camerupt, L50, F|
|teampreview|4
|showteam|p1|Tyranitar||Tyranitarite|SandStream|RockSlide,KnockOff,DragonDance,Protect|Jolly||M|||50|]Garchomp||LifeOrb|RoughSkin|DragonClaw,StompingTantrum,Earthquake,Protect|Jolly||F|||50|]Gholdengo||SitrusBerry|GoodasGold|MakeItRain,ShadowBall,NastyPlot,Protect|Modest|||||50|]Milotic||Leftovers|Competitive|Scald,IcyWind,Recover,Protect|Calm||F|||50|]Sinistcha||ColburBerry|Hospitality|MatchaGotcha,RagePowder,TrickRoom,Protect|Bold|||||50|]Staraptor||Staraptite|Intimidate|BraveBird,CloseCombat,Tailwind,Protect|Jolly||M|||50|
|showteam|p2|Staraptor||ChoiceScarf|Intimidate|FinalGambit,BraveBird,CloseCombat,Uturn|Jolly||F|||50|]Vanilluxe||NeverMeltIce|SnowWarning|Blizzard,FreezeDry,Protect,IceShard|Quiet||F|||50|]Farigiraf||SitrusBerry|ArmorTail|PsychicFangs,HyperVoice,HelpingHand,TrickRoom|Relaxed||F|||50|]Blastoise||Blastoisinite|RainDish|FakeOut,WaterSpout,AuraSphere,DarkPulse|Quiet||F|||50|]Kingambit||LifeOrb|Defiant|KowtowCleave,IronHead,Protect,SuckerPunch|Brave||M|||50|]Camerupt||Cameruptite|SolidRock|HeatWave,EarthPower,Protect,AncientPower|Quiet||F|||50|
|j| welrido
|l| welrido
|
|t:|1785178347
|teamsize|p1|4
|teamsize|p2|4
|start
|switch|p1a: Tyranitar|Tyranitar, L50, M|100/100
|switch|p1b: Sinistcha|Sinistcha, L50|100/100
|switch|p2a: Farigiraf|Farigiraf, L50, F|100/100
|switch|p2b: Kingambit|Kingambit, L50, M|100/100
|-weather|Sandstorm|[from] ability: Sand Stream|[of] p1a: Tyranitar
|turn|1
|
|t:|1785178382
|detailschange|p1a: Tyranitar|Tyranitar-Mega, L50, M
|-mega|p1a: Tyranitar|Tyranitar|Tyranitarite
|move|p1b: Sinistcha|Rage Powder|p1b: Sinistcha
|-singleturn|p1b: Sinistcha|move: Rage Powder
|move|p1a: Tyranitar|Dragon Dance|p1a: Tyranitar
|-boost|p1a: Tyranitar|atk|1
|-boost|p1a: Tyranitar|spe|1
|move|p2b: Kingambit|Iron Head|p1b: Sinistcha
|-damage|p1b: Sinistcha|51/100
|-damage|p2b: Kingambit|90/100|[from] item: Life Orb
|move|p2a: Farigiraf|Trick Room|p2a: Farigiraf
|-fieldstart|move: Trick Room|[of] p2a: Farigiraf
|
|-weather|Sandstorm|[upkeep]
|-damage|p2a: Farigiraf|93/100|[from] Sandstorm
|-damage|p1b: Sinistcha|45/100|[from] Sandstorm
|upkeep
|turn|2
|
|t:|1785178405
|move|p2a: Farigiraf|Helping Hand|p2b: Kingambit
|-singleturn|p2b: Kingambit|Helping Hand|[of] p2a: Farigiraf
|move|p2b: Kingambit|Iron Head|p1a: Tyranitar
|-supereffective|p1a: Tyranitar|1
|-damage|p1a: Tyranitar|0 fnt
|faint|p1a: Tyranitar
|-damage|p2b: Kingambit|80/100|[from] item: Life Orb
|move|p1b: Sinistcha|Trick Room|p1b: Sinistcha
|-fieldend|move: Trick Room
|
|-weather|Sandstorm|[upkeep]
|-damage|p1b: Sinistcha|38/100|[from] Sandstorm
|-damage|p2a: Farigiraf|87/100|[from] Sandstorm
|upkeep
|
|t:|1785178415
|switch|p1a: Milotic|Milotic, L50, F|100/100
|turn|3
|
|t:|1785178424
|move|p1a: Milotic|Scald|p2b: Kingambit
|-damage|p2b: Kingambit|52/100
|-status|p2b: Kingambit|brn
|move|p1b: Sinistcha|Matcha Gotcha|p2a: Farigiraf|[spread] p2a,p2b
|-resisted|p2b: Kingambit|1
|-damage|p2a: Farigiraf|64/100
|-heal|p1b: Sinistcha|53/100|[from] drain|[of] p2a: Farigiraf
|-damage|p2b: Kingambit|40/100 brn
|-heal|p1b: Sinistcha|61/100|[from] drain|[of] p2b: Kingambit
|move|p2b: Kingambit|Kowtow Cleave|p1b: Sinistcha
|-supereffective|p1b: Sinistcha|1
|-enditem|p1b: Sinistcha|Colbur Berry|[eat]
|-enditem|p1b: Sinistcha|Colbur Berry|[weaken]
|-damage|p1b: Sinistcha|35/100
|-damage|p2b: Kingambit|30/100 brn|[from] item: Life Orb
|move|p2a: Farigiraf|Trick Room|p2a: Farigiraf
|-fieldstart|move: Trick Room|[of] p2a: Farigiraf
|
|-weather|Sandstorm|[upkeep]
|-damage|p2a: Farigiraf|58/100|[from] Sandstorm
|-damage|p1b: Sinistcha|29/100|[from] Sandstorm
|-damage|p1a: Milotic|93/100|[from] Sandstorm
|-heal|p1a: Milotic|100/100|[from] item: Leftovers
|-damage|p2b: Kingambit|24/100 brn|[from] brn
|upkeep
|turn|4
|
|t:|1785178454
|move|p2b: Kingambit|Kowtow Cleave|p1b: Sinistcha
|-supereffective|p1b: Sinistcha|1
|-damage|p1b: Sinistcha|0 fnt
|faint|p1b: Sinistcha
|-damage|p2b: Kingambit|14/100 brn|[from] item: Life Orb
|move|p2a: Farigiraf|Psychic Fangs|p1a: Milotic
|-damage|p1a: Milotic|73/100
|move|p1a: Milotic|Scald|p2b: Kingambit
|-damage|p2b: Kingambit|0 fnt
|faint|p2b: Kingambit
|
|-weather|Sandstorm|[upkeep]
|-damage|p2a: Farigiraf|52/100|[from] Sandstorm
|-damage|p1a: Milotic|67/100|[from] Sandstorm
|-heal|p1a: Milotic|73/100|[from] item: Leftovers
|upkeep
|
|t:|1785178464
|switch|p2b: Vanilluxe|Vanilluxe, L50, F|100/100
|switch|p1b: Gholdengo|Gholdengo, L50|100/100
|-weather|Snowscape|[from] ability: Snow Warning|[of] p2b: Vanilluxe
|turn|5
|
|t:|1785178482
|move|p2b: Vanilluxe|Protect|p2b: Vanilluxe
|-singleturn|p2b: Vanilluxe|Protect
|move|p1a: Milotic|Protect|p1a: Milotic
|-singleturn|p1a: Milotic|Protect
|move|p2a: Farigiraf|Psychic Fangs|p1a: Milotic
|-activate|p1a: Milotic|move: Protect
|move|p1b: Gholdengo|Nasty Plot|p1b: Gholdengo
|-boost|p1b: Gholdengo|spa|2
|
|-weather|Snowscape|[upkeep]
|-heal|p1a: Milotic|79/100|[from] item: Leftovers
|upkeep
|turn|6
|
|t:|1785178493
|move|p2a: Farigiraf|Hyper Voice|p1b: Gholdengo|[spread] p1a
|-immune|p1b: Gholdengo
|-damage|p1a: Milotic|61/100
|move|p2b: Vanilluxe|Freeze-Dry|p1a: Milotic
|-supereffective|p1a: Milotic|1
|-damage|p1a: Milotic|1/100
|move|p1b: Gholdengo|Make It Rain|p2b: Vanilluxe|[spread] p2a,p2b
|-supereffective|p2b: Vanilluxe|1
|-damage|p2a: Farigiraf|0 fnt
|-damage|p2b: Vanilluxe|0 fnt
|-unboost|p1b: Gholdengo|spa|2
|faint|p2a: Farigiraf
|faint|p2b: Vanilluxe
|move|p1a: Milotic|Recover|p1a: Milotic
|-heal|p1a: Milotic|51/100
|
|-weather|Snowscape|[upkeep]
|-heal|p1a: Milotic|57/100|[from] item: Leftovers
|upkeep
|
|t:|1785178505
|switch|p2b: Camerupt|Camerupt, L50, F|100/100
|turn|7
|
|t:|1785178519
|detailschange|p2b: Camerupt|Camerupt-Mega, L50, F
|-mega|p2b: Camerupt|Camerupt|Cameruptite
|move|p1a: Milotic|Protect|p1a: Milotic
|-singleturn|p1a: Milotic|Protect
|move|p1b: Gholdengo|Protect|p1b: Gholdengo
|-singleturn|p1b: Gholdengo|Protect
|move|p2b: Camerupt|Earth Power|p1b: Gholdengo
|-activate|p1b: Gholdengo|move: Protect
|
|-weather|Snowscape|[upkeep]
|-heal|p1a: Milotic|63/100|[from] item: Leftovers
|-fieldend|move: Trick Room
|upkeep
|turn|8
|
|t:|1785178526
|move|p1a: Milotic|Scald|p2b: Camerupt
|-supereffective|p2b: Camerupt|2
|-damage|p2b: Camerupt|0 fnt
|faint|p2b: Camerupt
|
|win|belinvgc
|raw|belinvgc's rating: 1221 → 1239(+18 for winning)
|raw|thegreatestnone's rating: 1123 → 1105(-18 for losing)
|l|☆thegreatestnone
|player|p2|
