|j|☆Ome Henk
|j|☆KayDeeVGC
|html|Ome HenkKayDeeVGC    
|uhtml|bestof|Game 1 of a best-of-3
|t:|1783882891
|gametype|doubles
|player|p1|Ome Henk|kabu|
|player|p2|KayDeeVGC|lucian|
|gen|9
|tier|[Gen 9 Champions] VGC 2026 Reg M-B (Bo3)
|rule|Species Clause: Limit one of each Pokémon
|rule|Item Clause: Limit 1 of each item
|clearpoke
|poke|p1|Pyroar, L50, M|
|poke|p1|Farigiraf, L50, F|
|poke|p1|Whimsicott, L50, F|
|poke|p1|Floette-Eternal, L50, F|
|poke|p1|Ninetales, L50, M|
|poke|p1|Arcanine-Hisui, L50, M|
|poke|p2|Swampert, L50, F|
|poke|p2|Mawile, L50, F|
|poke|p2|Archaludon, L50, M|
|poke|p2|Pelipper, L50, M|
|poke|p2|Sinistcha, L50|
|poke|p2|Armarouge, L50, M|
|teampreview|4
|showteam|p1|Pyroar||Pyroarite|Unnerve|Protect,SolarBeam,HeatWave,Overheat|Timid||M|||50|]Farigiraf||SitrusBerry|ArmorTail|TrickRoom,HelpingHand,Thunderbolt,TwinBeam|Modest||F|||50|]Whimsicott||FocusSash|Prankster|Tailwind,Protect,Moonblast,SunnyDay|Timid||F|||50|]Floette-Eternal||Floettite|FlowerVeil|Protect,Moonblast,DazzlingGleam,LightofRuin|Timid||F|||50|]Ninetales||ChoiceScarf|Drought|Overheat,FakeTears,SolarBeam,HeatWave|Modest||M|||50|]Arcanine-Hisui||LifeOrb|Intimidate|ExtremeSpeed,FlareBlitz,Protect,HeadSmash|Adamant||M|||50|
|showteam|p2|Swampert||Swampertite|Torrent|WaveCrash,HighHorsepower,IcePunch,Protect|Adamant||F|||50|]Mawile||Mawilite|Intimidate|IronHead,PlayRough,SuckerPunch,Protect|Brave||F|||50|]Archaludon||Leftovers|Stamina|FlashCannon,DragonPulse,ElectroShot,Protect|Modest||M|||50|]Pelipper||LifeOrb|Drizzle|WeatherBall,Hurricane,Tailwind,Protect|Timid||M|||50|]Sinistcha||KasibBerry|Hospitality|MatchaGotcha,RagePowder,TrickRoom,Protect|Bold|||||50|]Armarouge||SitrusBerry|FlashFire|Psychic,WideGuard,TrickRoom,ArmorCannon|Quiet||M|||50|
|c|☆KayDeeVGC|Stuur jij de link?
|j| 000aj
|c|☆Ome Henk|net gedaan
|j| Torie123
|c|☆KayDeeVGC|Top
|c|☆KayDeeVGC|glhf
|j| Jorijn
|c|☆Ome Henk|glhf
|
|t:|1783882962
|teamsize|p1|4
|teamsize|p2|4
|start
|switch|p1a: Hittegolf|Pyroar, L50, M|100/100
|switch|p1b: Wegversperring|Farigiraf, L50, F|100/100
|switch|p2a: Puente|Archaludon, L50, M|100/100
|switch|p2b: Armarouge|Armarouge, L50, M|100/100
|-ability|p1a: Hittegolf|Unnerve
|turn|1
|
|t:|1783883027
|switch|p1b: Weerbericht|Ninetales, L50, M|100/100
|-weather|SunnyDay|[from] ability: Drought|[of] p1b: Weerbericht
|detailschange|p1a: Hittegolf|Pyroar-Mega, L50, M
|-mega|p1a: Hittegolf|Pyroar|Pyroarite
|move|p2a: Puente|Protect|p2a: Puente
|-singleturn|p2a: Puente|Protect
|move|p1a: Hittegolf|Overheat|p2a: Puente
|-activate|p2a: Puente|move: Protect
|move|p2b: Armarouge|Psychic|p1a: Hittegolf
|-damage|p1a: Hittegolf|35/100
|
|-weather|SunnyDay|[upkeep]
|upkeep
|turn|2
|j| pietplezier7
|
|t:|1783883097
|switch|p1a: Prinses|Arcanine-Hisui, L50, M|100/100
|-ability|p1a: Prinses|Intimidate|boost
|-unboost|p2a: Puente|atk|1
|-unboost|p2b: Armarouge|atk|1
|switch|p2a: Tacho|Pelipper, L50, M|100/100
|-weather|RainDance|[from] ability: Drizzle|[of] p2a: Tacho
|move|p1b: Weerbericht|Solar Beam||[still]
|-prepare|p1b: Weerbericht|Solar Beam
|move|p2b: Armarouge|Psychic|p1a: Prinses
|-damage|p1a: Prinses|42/100
|
|-weather|RainDance|[upkeep]
|upkeep
|turn|3
|l|☆KayDeeVGC
|player|p2|
|j|☆KayDeeVGC
|player|p2|KayDeeVGC|lucian|
|j| sofu0314
|
|t:|1783883155
|switch|p2b: Puente|Archaludon, L50, M|100/100
|move|p1b: Weerbericht|Solar Beam|p2a: Tacho|[from] lockedmove
|-damage|p2a: Tacho|67/100
|move|p1a: Prinses|Head Smash|p2a: Tacho
|-supereffective|p2a: Tacho|1
|-damage|p2a: Tacho|0 fnt
|faint|p2a: Tacho
|-damage|p1a: Prinses|14/100|[from] Recoil
|-damage|p1a: Prinses|4/100|[from] item: Life Orb
|
|-weather|RainDance|[upkeep]
|upkeep
|
|t:|1783883165
|switch|p2a: Brazotes|Swampert, L50, F|100/100
|turn|4
|
|t:|1783883195
|switch|p1b: Wegversperring|Farigiraf, L50, F|100/100
|detailschange|p2a: Brazotes|Swampert-Mega, L50, F
|-mega|p2a: Brazotes|Swampert|Swampertite
|move|p1a: Prinses|Extreme Speed|p2a: Brazotes
|-damage|p2a: Brazotes|67/100
|-damage|p1a: Prinses|0 fnt|[from] item: Life Orb
|faint|p1a: Prinses
|move|p2a: Brazotes|Wave Crash|p1b: Wegversperring
|-damage|p1b: Wegversperring|0 fnt
|faint|p1b: Wegversperring
|-damage|p2a: Brazotes|24/100|[from] Recoil
|move|p2b: Puente|Electro Shot||[still]
|-prepare|p2b: Puente|Electro Shot
|-boost|p2b: Puente|spa|1
|-anim|p2b: Puente|Electro Shot|p1: Prinses|[notarget]
|-fail|p2b: Puente
|
|-weather|RainDance|[upkeep]
|upkeep
|l| pietplezier7
|j| pietplezier7
|
|t:|1783883211
|switch|p1a: Hittegolf|Pyroar-Mega, L50, M|35/100
|switch|p1b: Weerbericht|Ninetales, L50, M|100/100
|-weather|SunnyDay|[from] ability: Drought|[of] p1b: Weerbericht
|turn|5
|j| Lynnsane
|l| pietplezier7
|j| pietplezier7
|
|t:|1783883265
|switch|p2b: Armarouge|Armarouge, L50, M|100/100
|move|p2a: Brazotes|Protect|p2a: Brazotes
|-singleturn|p2a: Brazotes|Protect
|move|p1b: Weerbericht|Solar Beam||[still]
|-prepare|p1b: Weerbericht|Solar Beam
|-anim|p1b: Weerbericht|Solar Beam|p2a: Brazotes
|-activate|p2a: Brazotes|move: Protect
|move|p1a: Hittegolf|Overheat|p2b: Armarouge
|-start|p2b: Armarouge|ability: Flash Fire
|
|-weather|SunnyDay|[upkeep]
|upkeep
|turn|6
|
|t:|1783883303
|switch|p2a: Puente|Archaludon, L50, M|100/100
|move|p1b: Weerbericht|Solar Beam||[still]
|-prepare|p1b: Weerbericht|Solar Beam
|-anim|p1b: Weerbericht|Solar Beam|p2a: Puente
|-resisted|p2a: Puente|2
|-damage|p2a: Puente|91/100
|-ability|p2a: Puente|Stamina|boost
|-boost|p2a: Puente|def|1
|move|p1a: Hittegolf|Solar Beam||[still]
|-prepare|p1a: Hittegolf|Solar Beam
|-anim|p1a: Hittegolf|Solar Beam|p2b: Armarouge
|-resisted|p2b: Armarouge|1
|-damage|p2b: Armarouge|78/100
|move|p2b: Armarouge|Psychic|p1a: Hittegolf
|-damage|p1a: Hittegolf|0 fnt
|faint|p1a: Hittegolf
|
|-weather|SunnyDay|[upkeep]
|-heal|p2a: Puente|97/100|[from] item: Leftovers
|upkeep
|turn|7
|
|t:|1783883319
|move|p1b: Weerbericht|Solar Beam||[still]
|-prepare|p1b: Weerbericht|Solar Beam
|-anim|p1b: Weerbericht|Solar Beam|p2b: Armarouge
|-resisted|p2b: Armarouge|1
|-damage|p2b: Armarouge|59/100
|move|p2a: Puente|Dragon Pulse|p1b: Weerbericht
|-damage|p1b: Weerbericht|47/100
|move|p2b: Armarouge|Psychic|p1b: Weerbericht
|-damage|p1b: Weerbericht|0 fnt
|faint|p1b: Weerbericht
|
|win|KayDeeVGC
||Ome Henk is ready for game 2.
||KayDeeVGC is ready for game 2.
|uhtml|next|Next: Game 2 of 3
|l| 000aj
|l|☆Ome Henk
|player|p1|
|l| Torie123
