|j|☆flintvgc
|j|☆papoilo
|html|flintvgcpapoilo    
|uhtml|bestof|Game 2 of a best-of-3
|t:|1785443787
|gametype|doubles
|player|p1|flintvgc|101|1136
|player|p2|papoilo|fisherman-gen4|1122
|gen|9
|tier|[Gen 9 Champions] VGC 2026 Reg M-B (Bo3)
|rated|
|rule|Species Clause: Limit one of each Pokémon
|rule|Item Clause: Limit 1 of each item
|clearpoke
|poke|p1|Staraptor, L50, M|
|poke|p1|Garchomp, L50, M|
|poke|p1|Whimsicott, L50, M|
|poke|p1|Delphox, L50, M|
|poke|p1|Glimmora, L50, M|
|poke|p1|Kingambit, L50, M|
|poke|p2|Gardevoir, L50, F|
|poke|p2|Talonflame, L50, M|
|poke|p2|Kingambit, L50, F|
|poke|p2|Basculegion, L50, M|
|poke|p2|Kommo-o, L50, M|
|poke|p2|Maushold, L50|
|teampreview|4
|showteam|p1|Staraptor||Staraptite|Intimidate|Protect,Tailwind,CloseCombat,BraveBird|Jolly||M|||50|]Garchomp||LifeOrb|RoughSkin|Protect,RockSlide,Earthquake,DragonClaw|Jolly||M|||50|]Whimsicott||FairyFeather|Prankster|Moonblast,Tailwind,Charm,Protect|Timid||M|||50|]Delphox||Delphoxite|Magician|Protect,Psychic,HeatWave,Substitute|Timid||M|||50|]Glimmora||FocusSash|ToxicDebris|SpikyShield,SludgeBomb,EarthPower,PowerGem|Timid||M|||50|]Kingambit||ChopleBerry|Defiant|SuckerPunch,LowKick,IronHead,KowtowCleave|Adamant||M|||50|
|showteam|p2|Gardevoir||Gardevoirite|Synchronize|HyperVoice,Psychic,Thunderbolt,Protect|Modest||F|||50|]Talonflame||SharpBeak|GaleWings|DualWingbeat,FlareBlitz,Tailwind,Protect|Jolly||M|||50|]Kingambit||ExpertBelt|Defiant|SuckerPunch,KowtowCleave,IronHead,LowKick|Jolly||F|||50|]Basculegion||ChoiceScarf|Adaptability|WaveCrash,LastRespects,AquaJet,FlipTurn|Jolly||M|||50|]Kommo-o||LifeOrb|Soundproof|ClangingScales,AuraSphere,DracoMeteor,Protect|Modest||M|||50|]Maushold|||FriendGuard|SuperFang,FollowMe,Feint,Protect|Jolly|||||50|
|inactive|Battle timer is ON: inactive players will automatically lose when time's up. (requested by flintvgc)
|
|t:|1785443830
|teamsize|p1|4
|teamsize|p2|4
|start
|switch|p1a: Whimsicott|Whimsicott, L50, M|100/100
|switch|p1b: Glimmora|Glimmora, L50, M|100/100
|switch|p2a: Talonflame|Talonflame, L50, M|100/100
|switch|p2b: Gardevoir|Gardevoir, L50, F|100/100
|turn|1
|inactive|flintvgc has 30 seconds left.
|inactive|papoilo has 30 seconds left.
|inactive|papoilo has 20 seconds left.
|inactive|papoilo has 15 seconds left.
|inactive|papoilo has 10 seconds left.
|
|t:|1785443876
|detailschange|p2b: Gardevoir|Gardevoir-Mega, L50, F
|-mega|p2b: Gardevoir|Gardevoir|Gardevoirite
|move|p1a: Whimsicott|Protect|p1a: Whimsicott
|-singleturn|p1a: Whimsicott|Protect
|move|p2a: Talonflame|Protect|p2a: Talonflame
|-singleturn|p2a: Talonflame|Protect
|move|p2b: Gardevoir|Hyper Voice|p1b: Glimmora|[spread] p1b
|-activate|p1a: Whimsicott|move: Protect
|-resisted|p1b: Glimmora|1
|-damage|p1b: Glimmora|62/100
|move|p1b: Glimmora|Sludge Bomb|p2b: Gardevoir
|-supereffective|p2b: Gardevoir|1
|-damage|p2b: Gardevoir|8/100
|-status|p2b: Gardevoir|psn
|
|-damage|p2b: Gardevoir|0 fnt|[from] psn
|faint|p2b: Gardevoir
|upkeep
|
|t:|1785443900
|switch|p2b: Basculegion|Basculegion, L50, M|100/100
|turn|2
|inactive|flintvgc has 30 seconds left.
|
|t:|1785443928
|move|p2a: Talonflame|Dual Wingbeat|p1a: Whimsicott
|-supereffective|p1a: Whimsicott|1
|-damage|p1a: Whimsicott|50/100g
|-supereffective|p1a: Whimsicott|1
|-damage|p1a: Whimsicott|1/100
|-hitcount|p1a: Whimsicott|2
|move|p1a: Whimsicott|Tailwind|p1a: Whimsicott
|-sidestart|p1: flintvgc|move: Tailwind
|move|p1b: Glimmora|Power Gem|p2a: Talonflame
|-supereffective|p2a: Talonflame|2
|-damage|p2a: Talonflame|0 fnt
|faint|p2a: Talonflame
|move|p2b: Basculegion|Flip Turn|p1b: Glimmora
|-supereffective|p1b: Glimmora|1
|-damage|p1b: Glimmora|0 fnt
|-activate|p1b: Glimmora|ability: Toxic Debris
|-sidestart|p2: papoilo|move: Toxic Spikes
|faint|p1b: Glimmora
|
|t:|1785443943
|switch|p2b: Maushold|Maushold, L50|100/100|[from] Flip Turn
|-status|p2b: Maushold|psn
|
|-damage|p2b: Maushold|87/100 psn|[from] psn
|upkeep
|
|t:|1785443953
|switch|p2a: Basculegion|Basculegion, L50, M|100/100
|switch|p1b: Delphox|Delphox, L50, M|100/100
|-status|p2a: Basculegion|psn
|turn|3
|inactive|flintvgc has 30 seconds left.
|inactive|papoilo has 30 seconds left.
|
|t:|1785443982
|detailschange|p1b: Delphox|Delphox-Mega, L50, M
|-mega|p1b: Delphox|Delphox|Delphoxite
|move|p1b: Delphox|Protect|p1b: Delphox
|-singleturn|p1b: Delphox|Protect
|move|p2b: Maushold|Feint|p1b: Delphox
|-activate|p1b: Delphox|move: Feint
|-damage|p1b: Delphox|86/100
|move|p1a: Whimsicott|Charm|p2a: Basculegion
|-unboost|p2a: Basculegion|atk|2
|move|p2a: Basculegion|Last Respects|p1b: Delphox
|-supereffective|p1b: Delphox|1
|-damage|p1b: Delphox|0 fnt
|faint|p1b: Delphox
|
|-damage|p2a: Basculegion|87/100 psn|[from] psn
|-damage|p2b: Maushold|75/100 psn|[from] psn
|upkeep
|
|t:|1785443997
|switch|p1b: Garchomp|Garchomp, L50, M|100/100
|turn|4
|
|t:|1785444021
|move|p1a: Whimsicott|Moonblast|p2a: Basculegion
|-damage|p2a: Basculegion|51/100 psn
|move|p1b: Garchomp|Dragon Claw|p2a: Basculegion
|-damage|p2a: Basculegion|7/100 psn
|-damage|p1b: Garchomp|90/100|[from] item: Life Orb
|move|p2a: Basculegion|Last Respects|p1b: Garchomp
|-damage|p1b: Garchomp|48/100
|move|p2b: Maushold|Super Fang|p1b: Garchomp
|-damage|p1b: Garchomp|24/100
|-damage|p2b: Maushold|63/100 psn|[from] ability: Rough Skin|[of] p1b: Garchomp
|
|-damage|p2a: Basculegion|0 fnt|[from] psn
|faint|p2a: Basculegion
|-damage|p2b: Maushold|51/100 psn|[from] psn
|upkeep
|turn|5
|
|t:|1785444043
|move|p2b: Maushold|Feint|p1a: Whimsicott
|-damage|p1a: Whimsicott|0 fnt
|faint|p1a: Whimsicott
|move|p1b: Garchomp|Dragon Claw|p2b: Maushold
|-damage|p2b: Maushold|0 fnt
|faint|p2b: Maushold
|-damage|p1b: Garchomp|14/100|[from] item: Life Orb
|
|win|flintvgc
||papoilo is ready for game 3.
||flintvgc is ready for game 3.
|uhtml|next|Next: Game 3 of 3
