|j|☆feedback9946
|j|☆tipolucha
|html|feedback9946tipolucha    
|uhtml|bestof|Game 3 of a best-of-3
|t:|1784883835
|gametype|doubles
|player|p1|feedback9946|grimsley-gen7|1034
|player|p2|tipolucha|169|1096
|gen|9
|tier|[Gen 9 Champions] VGC 2026 Reg M-B (Bo3)
|rated|
|rule|Species Clause: Limit one of each Pokémon
|rule|Item Clause: Limit 1 of each item
|clearpoke
|poke|p1|Glimmora, L50, M|
|poke|p1|Swampert, L50, F|
|poke|p1|Kingambit, L50, M|
|poke|p1|Pelipper, L50, M|
|poke|p1|Rotom-Mow, L50|
|poke|p1|Noivern, L50, F|
|poke|p2|Whimsicott, L50, M|
|poke|p2|Froslass, L50, F|
|poke|p2|Blaziken, L50, M|
|poke|p2|Sneasler, L50, F|
|poke|p2|Milotic, L50, F|
|poke|p2|Scizor, L50, F|
|teampreview|4
|showteam|p1|Glimmora||Glimmoranite|ToxicDebris|PowerGem,SludgeWave,EarthPower,SpikyShield|Modest||M|||50|]Swampert||Swampertite|Torrent|WaveCrash,Earthquake,IcePunch,Protect|Adamant||F|||50|]Kingambit||ChopleBerry|Defiant|SuckerPunch,KowtowCleave,IronHead,Protect|Adamant||M|||50|]Pelipper||SitrusBerry|Drizzle|Hurricane,WeatherBall,WideGuard,Protect|Modest||M|||50|]Rotom-Mow||ChoiceScarf|Levitate|LeafStorm,VoltSwitch,Discharge,Electroweb|Timid|||||50|]Noivern||FocusSash|Telepathy|DracoMeteor,SuperFang,Tailwind,Protect|Timid||F|||50|
|showteam|p2|Whimsicott||FocusSash|Prankster|EnergyBall,Moonblast,FakeTears,Tailwind|Timid||M|||50|]Froslass||Froslassite|SnowCloak|Blizzard,AuroraVeil,ShadowBall,Protect|Timid||F|||50|]Blaziken||Blazikenite|SpeedBoost|Protect,FlareBlitz,CloseCombat,BraveBird|Adamant||M|||50|]Sneasler||WhiteHerb|Unburden|CloseCombat,FakeOut,DireClaw,RockSlide|Adamant||F|||50|]Milotic||MysticWater|Competitive|IceBeam,Scald,IcyWind,Protect|Modest||F|||50|]Scizor||SilverPowder|Technician|BulletPunch,BugBite,BrickBreak,Protect|Adamant||F|||50|
|inactive|Battle timer is ON: inactive players will automatically lose when time's up. (requested by feedback9946)
|inactiveoff|Battle timer is now OFF.
|
|t:|1784883878
|teamsize|p1|4
|teamsize|p2|4
|start
|switch|p1a: Kingambit|Kingambit, L50, M|100/100
|switch|p1b: Noivern|Noivern, L50, F|100/100
|switch|p2a: Scizor|Scizor, L50, F|100/100
|switch|p2b: Sneasler|Sneasler, L50, F|100/100
|turn|1
|
|t:|1784883909
|switch|p1a: Pelipper|Pelipper, L50, M|100/100
|-weather|RainDance|[from] ability: Drizzle|[of] p1a: Pelipper
|move|p1b: Noivern|Tailwind|p1b: Noivern
|-sidestart|p1: feedback9946|move: Tailwind
|move|p2b: Sneasler|Close Combat|p1b: Noivern
|-resisted|p1b: Noivern|1
|-damage|p1b: Noivern|53/100
|-unboost|p2b: Sneasler|def|1
|-unboost|p2b: Sneasler|spd|1
|-enditem|p2b: Sneasler|White Herb
|-clearnegativeboost|p2b: Sneasler|[silent]
|move|p2a: Scizor|Bug Bite|p1a: Pelipper
|-resisted|p1a: Pelipper|1
|-damage|p1a: Pelipper|57/100
|-enditem|p1a: Pelipper|Sitrus Berry|[from] stealeat|[move] Bug Bite|[of] p2a: Scizor
|
|-weather|RainDance|[upkeep]
|upkeep
|turn|2
|inactive|Battle timer is ON: inactive players will automatically lose when time's up. (requested by tipolucha)
|inactive|tipolucha has 30 seconds left.
|
|t:|1784883940
|move|p1a: Pelipper|Wide Guard|p1a: Pelipper
|-singleturn|p1a: Pelipper|Wide Guard
|move|p2a: Scizor|Bullet Punch|p1b: Noivern
|-damage|p1b: Noivern|9/100
|move|p1b: Noivern|Super Fang|p2b: Sneasler
|-damage|p2b: Sneasler|50/100g
|move|p2b: Sneasler|Dire Claw|p1a: Pelipper
|-damage|p1a: Pelipper|0 fnt
|faint|p1a: Pelipper
|
|-weather|RainDance|[upkeep]
|upkeep
|
|t:|1784883949
|switch|p1a: Swampert|Swampert, L50, F|100/100
|turn|3
|
|t:|1784883960
|detailschange|p1a: Swampert|Swampert-Mega, L50, F
|-mega|p1a: Swampert|Swampert|Swampertite
|move|p1a: Swampert|Earthquake|p2a: Scizor|[spread] p2a,p2b
|-activate|p1b: Noivern|ability: Telepathy
|-supereffective|p2b: Sneasler|1
|-damage|p2a: Scizor|50/100g
|-damage|p2b: Sneasler|0 fnt
|faint|p2b: Sneasler
|move|p1b: Noivern|Super Fang|p2a: Scizor
|-damage|p2a: Scizor|25/100
|move|p2a: Scizor|Bug Bite|p1a: Swampert
|-damage|p1a: Swampert|51/100
|
|-weather|RainDance|[upkeep]
|upkeep
|
|t:|1784883966
|switch|p2b: Froslass|Froslass, L50, F|100/100
|turn|4
|
|t:|1784883987
|move|p1a: Swampert|Protect|p1a: Swampert
|-singleturn|p1a: Swampert|Protect
|move|p2b: Froslass|Protect|p2b: Froslass
|-singleturn|p2b: Froslass|Protect
|move|p1b: Noivern|Draco Meteor|p2b: Froslass
|-activate|p2b: Froslass|move: Protect
|move|p2a: Scizor|Brick Break|p1a: Swampert
|-activate|p1a: Swampert|move: Protect
|
|-weather|RainDance|[upkeep]
|-sideend|p1: feedback9946|move: Tailwind
|upkeep
|turn|5
|
|t:|1784884001
|detailschange|p2b: Froslass|Froslass-Mega, L50, F
|-mega|p2b: Froslass|Froslass|Froslassite
|-weather|Snowscape|[from] ability: Snow Warning|[of] p2b: Froslass
|move|p1b: Noivern|Draco Meteor|p2b: Froslass
|-damage|p2b: Froslass|32/100
|-unboost|p1b: Noivern|spa|2
|move|p2b: Froslass|Blizzard|p1b: Noivern|[spread] p1a,p1b
|-supereffective|p1b: Noivern|2
|-crit|p1b: Noivern
|-damage|p1a: Swampert|13/100
|-damage|p1b: Noivern|0 fnt
|faint|p1b: Noivern
|move|p1a: Swampert|Earthquake|p2a: Scizor|[spread] p2a,p2b
|-crit|p2a: Scizor
|-damage|p2a: Scizor|0 fnt
|-damage|p2b: Froslass|0 fnt
|faint|p2a: Scizor
|faint|p2b: Froslass
|
|-weather|Snowscape|[upkeep]
|upkeep
|
|t:|1784884010
|switch|p1b: Kingambit|Kingambit, L50, M|100/100
|switch|p2b: Whimsicott|Whimsicott, L50, M|100/100
|turn|6
|
|t:|1784884033
|move|p2b: Whimsicott|Moonblast|p1b: Kingambit
|-damage|p1b: Kingambit|64/100
|move|p1a: Swampert|Ice Punch|p2b: Whimsicott
|-supereffective|p2b: Whimsicott|1
|-damage|p2b: Whimsicott|9/100
|-status|p2b: Whimsicott|frz
|move|p1b: Kingambit|Iron Head|p2b: Whimsicott
|-supereffective|p2b: Whimsicott|1
|-damage|p2b: Whimsicott|0 fnt
|faint|p2b: Whimsicott
|
|win|feedback9946
|raw|feedback9946's rating: 1070 → 1102(+32 for winning)
|raw|tipolucha's rating: 1096 → 1070(-26 for losing)
|c|☆tipolucha|g
|c|☆tipolucha|gg
|c|☆feedback9946|gg
|l|☆tipolucha
|player|p2|
