|j|☆raksbachtesting1
|j|☆kamusito98
|html|raksbachtesting1kamusito98    
|uhtml|bestof|Game 1 of a best-of-3
|t:|1785159939
|gametype|doubles
|player|p1|raksbachtesting1|doubleteam|1063
|player|p2|kamusito98|wallace|1120
|gen|9
|tier|[Gen 9 Champions] VGC 2026 Reg M-B (Bo3)
|rated|
|rule|Species Clause: Limit one of each Pokémon
|rule|Item Clause: Limit 1 of each item
|clearpoke
|poke|p1|Charizard, L50, F|
|poke|p1|Garchomp, L50, M|
|poke|p1|Incineroar, L50, M|
|poke|p1|Venusaur, L50, M|
|poke|p1|Toxapex, L50, F|
|poke|p1|Sylveon, L50, F|
|poke|p2|Metagross, L50, shiny|
|poke|p2|Whimsicott, L50, F|
|poke|p2|Gyarados, L50, M|
|poke|p2|Tyranitar, L50, F, shiny|
|poke|p2|Pyroar, L50, F|
|poke|p2|Conkeldurr, L50, M, shiny|
|teampreview|4
|showteam|p1|Charizard||CharizarditeY|SolarPower|WeatherBall,HeatWave,AncientPower,Protect|Modest||F|||50|]Garchomp||ChoiceScarf|RoughSkin|RockSlide,DragonClaw,Earthquake,StompingTantrum|Adamant||M|||50|]Incineroar||SitrusBerry|Intimidate|FlareBlitz,FakeOut,DarkestLariat,PartingShot|Impish||M|||50|]Venusaur||LifeOrb|Chlorophyll|SludgeBomb,LeafStorm,EarthPower,Protect|Modest||M|||50|]Toxapex||Leftovers|Regenerator|Infestation,Toxic,WideGuard,BanefulBunker|Bold||F|||50|]Sylveon||FairyFeather|Pixilate|HyperVoice,QuickAttack,Yawn,Detect|Modest||F|||50|
|showteam|p2|Metagross||MetalCoat|ClearBody|MeteorMash,PsychicFangs,BulletPunch,Protect|Adamant|||||50|]Whimsicott||FocusSash|Prankster|Moonblast,WorrySeed,GrassyTerrain,Tailwind|Bold||F|||50|]Gyarados|||Intimidate|PowerWhip,Waterfall,Protect,ThunderWave|Adamant||M|||50|]Tyranitar||ChopleBerry|SandStream|RockSlide,KnockOff,DragonDance,Protect|Adamant||F|||50|]Pyroar||Pyroarite|Rivalry|HeatWave,Overheat,Protect,SolarBeam|Timid||F|||50|]Conkeldurr||LifeOrb|SheerForce|RockSlide,DrainPunch,ThunderPunch,Protect|Adamant||M|||50|
|inactive|Battle timer is ON: inactive players will automatically lose when time's up. (requested by kamusito98)
|inactive|raksbachtesting1 also wants the timer to be on.
|inactive|raksbachtesting1 has 60 seconds left.
|inactive|kamusito98 has 60 seconds left.
|inactive|kamusito98 has 30 seconds left.
|inactive|kamusito98 has 20 seconds left.
|inactive|kamusito98 has 15 seconds left.
|inactive|kamusito98 has 10 seconds left.
|inactive|kamusito98 has 5 seconds left.
|
|t:|1785160027
|teamsize|p1|4
|teamsize|p2|4
|start
|switch|p1a: Toxapex|Toxapex, L50, F|100/100
|switch|p1b: Incineroar|Incineroar, L50, M|100/100
|switch|p2a: Metagross|Metagross, L50, shiny|100/100
|switch|p2b: Gyarados|Gyarados, L50, M|100/100
|-ability|p2b: Gyarados|Intimidate|boost
|-unboost|p1a: Toxapex|atk|1
|-unboost|p1b: Incineroar|atk|1
|-ability|p1b: Incineroar|Intimidate|boost
|-fail|p2a: Metagross|unboost|[from] ability: Clear Body|[of] p2a: Metagross
|-unboost|p2b: Gyarados|atk|1
|turn|1
|inactive|raksbachtesting1 has 30 seconds left.
|
|t:|1785160054
|move|p2a: Metagross|Protect|p2a: Metagross
|-singleturn|p2a: Metagross|Protect
|move|p1b: Incineroar|Fake Out|p2a: Metagross
|-activate|p2a: Metagross|move: Protect
|move|p2b: Gyarados|Thunder Wave|p1a: Toxapex|[miss]
|-miss|p2b: Gyarados|p1a: Toxapex
|move|p1a: Toxapex|Toxic|p2b: Gyarados
|-status|p2b: Gyarados|tox
|
|-damage|p2b: Gyarados|94/100 tox|[from] psn
|upkeep
|turn|2
|
|t:|1785160074
|switch|p1a: Garchomp|Garchomp, L50, M|100/100
|move|p2b: Gyarados|Waterfall|p1b: Incineroar
|-supereffective|p1b: Incineroar|1
|-damage|p1b: Incineroar|52/100
|move|p2a: Metagross|Meteor Mash|p1b: Incineroar
|-resisted|p1b: Incineroar|1
|-damage|p1b: Incineroar|30/100
|-enditem|p1b: Incineroar|Sitrus Berry|[eat]
|-heal|p1b: Incineroar|54/100|[from] item: Sitrus Berry
|move|p1b: Incineroar|Parting Shot|p2b: Gyarados
|-unboost|p2b: Gyarados|atk|1
|-unboost|p2b: Gyarados|spa|1
|
|t:|1785160087
|switch|p1b: Charizard|Charizard, L50, F|100/100|[from] Parting Shot
|
|-damage|p2b: Gyarados|82/100 tox|[from] psn
|upkeep
|turn|3
|
|t:|1785160099
|switch|p2b: Whimsicott|Whimsicott, L50, F|100/100
|detailschange|p1b: Charizard|Charizard-Mega-Y, L50, F
|-mega|p1b: Charizard|Charizard|Charizardite Y
|-weather|SunnyDay|[from] ability: Drought|[of] p1b: Charizard
|move|p2a: Metagross|Protect|p2a: Metagross
|-singleturn|p2a: Metagross|Protect
|move|p1a: Garchomp|Rock Slide|p2a: Metagross|[spread] 
|-activate|p2a: Metagross|move: Protect
|-miss|p1a: Garchomp|p2b: Whimsicott
|move|p1b: Charizard|Ancient Power|p2b: Whimsicott
|-damage|p2b: Whimsicott|61/100
|
|-weather|SunnyDay|[upkeep]
|upkeep
|turn|4
|inactive|raksbachtesting1 has 30 seconds left.
|
|t:|1785160126
|switch|p2a: Gyarados|Gyarados, L50, M|82/100 tox
|-ability|p2a: Gyarados|Intimidate|boost
|-unboost|p1a: Garchomp|atk|1
|-unboost|p1b: Charizard|atk|1
|move|p2b: Whimsicott|Grassy Terrain|p2b: Whimsicott
|-fieldstart|move: Grassy Terrain
|move|p1a: Garchomp|Rock Slide|p2b: Whimsicott|[spread] p2a,p2b
|-supereffective|p2a: Gyarados|1
|-damage|p2a: Gyarados|52/100 tox
|-damage|p2b: Whimsicott|45/100
|move|p1b: Charizard|Heat Wave|p2b: Whimsicott|[spread] p2a,p2b
|-resisted|p2a: Gyarados|1
|-supereffective|p2b: Whimsicott|1
|-damage|p2a: Gyarados|27/100 tox
|-damage|p2b: Whimsicott|0 fnt
|faint|p2b: Whimsicott
|
|-weather|SunnyDay|[upkeep]
|-damage|p2a: Gyarados|21/100 tox|[from] psn
|upkeep
|
|t:|1785160147
|switch|p2b: Metagross|Metagross, L50, shiny|100/100
|turn|5
|
|t:|1785160161
|switch|p1a: Incineroar|Incineroar, L50, M|54/100
|-ability|p1a: Incineroar|Intimidate|boost
|-unboost|p2a: Gyarados|atk|1
|-fail|p2b: Metagross|unboost|[from] ability: Clear Body|[of] p2b: Metagross
|move|p1b: Charizard|Protect|p1b: Charizard
|-singleturn|p1b: Charizard|Protect
|move|p2b: Metagross|Protect|p2b: Metagross
|-singleturn|p2b: Metagross|Protect
|move|p2a: Gyarados|Thunder Wave|p1b: Charizard
|-activate|p1b: Charizard|move: Protect
|
|-weather|SunnyDay|[upkeep]
|-heal|p1a: Incineroar|60/100|[from] Grassy Terrain
|-damage|p2a: Gyarados|9/100 tox|[from] psn
|upkeep
|turn|6
|-message|kamusito98 forfeited.
|
|win|raksbachtesting1
