|j|☆wefgrjcnc
|j|☆pinba2
|html|wefgrjcncpinba2    
|uhtml|bestof|Game 1 of a best-of-3
|t:|1757829493
|gametype|doubles
|player|p1|wefgrjcnc|lucian|1017
|player|p2|pinba2|nate|1000
|gen|9
|tier|[Gen 9] VGC 2025 Reg H (Bo3)
|rated|
|rule|Species Clause: Limit one of each Pokémon
|rule|Item Clause: Limit 1 of each item
|clearpoke
|poke|p1|Torkoal, L50, F|
|poke|p1|Exeggutor, L50, F|
|poke|p1|Indeedee-F, L50, F|
|poke|p1|Blaziken, L50, F|
|poke|p1|Ursaluna, L50, F|
|poke|p1|Kommo-o, L50, M|
|poke|p2|Weezing-Galar, L50, M|
|poke|p2|Dugtrio, L50, F|
|poke|p2|Dragonite, L50, M|
|poke|p2|Incineroar, L50, M|
|poke|p2|Dondozo, L50, M|
|poke|p2|Indeedee-F, L50, F|
|teampreview|4
|showteam|p1|Torkoal||EjectPack|Drought|Overheat,Protect,Eruption,HelpingHand|||F|||50|,,,,,Water]Exeggutor||TwistedSpoon|Chlorophyll|SleepPowder,Protect,ExpandingForce,LeafStorm|||F|||50|,,,,,Psychic]Indeedee-F||Leftovers|PsychicSurge|FollowMe,HelpingHand,TrickRoom,Psychic|||F|||50|,,,,,Fire]Blaziken||ClearAmulet|SpeedBoost|Protect,CloseCombat,FlareBlitz,SwordsDance|||F|||50|,,,,,Ghost]Ursaluna||FlameOrb|Guts|Protect,Facade,Earthquake,HeadlongRush|||F|||50|,,,,,Ghost]Kommo-o||PsychicSeed|Bulletproof|IronDefense,BodyPress,Protect,IronHead|||M|||50|,,,,,Steel
|showteam|p2|Weezing-Galar||SitrusBerry|NeutralizingGas|Protect,WillOWisp,StrangeSteam,SludgeBomb|||M|||50|,,,,,Fire]Dugtrio||FocusSash|ArenaTrap|Protect,Earthquake,RockTomb,Endeavor|||F|||50|,,,,,Ground]Dragonite||AbilityShield|Multiscale|Tailwind,ThunderPunch,ExtremeSpeed,IceSpinner|||M|||50|,,,,,Fairy]Incineroar||SafetyGoggles|Intimidate|KnockOff,FlareBlitz,PartingShot,FakeOut|||M|||50|,,,,,Bug]Dondozo||AssaultVest|Unaware|BodyPress,WaveCrash,RockSlide,Fissure|||M|||50|,,,,,Grass]Indeedee-F||RockyHelmet|PsychicSurge|HealPulse,TrickRoom,FollowMe,Psychic|||F|||50|,,,,,Fairy
|inactive|Battle timer is ON: inactive players will automatically lose when time's up. (requested by pinba2)
|inactive|wefgrjcnc has 60 seconds left.
|inactive|pinba2 has 60 seconds left.
|inactive|wefgrjcnc has 30 seconds left.
|inactive|pinba2 has 30 seconds left.
|inactive|wefgrjcnc has 20 seconds left.
|inactive|pinba2 has 20 seconds left.
|inactive|wefgrjcnc has 15 seconds left.
|
|t:|1757829573
|teamsize|p1|4
|teamsize|p2|4
|start
|switch|p1a: Blaziken|Blaziken, L50, F|100/100
|switch|p1b: Indeedee|Indeedee-F, L50, F|100/100
|switch|p2a: Dugtrio|Dugtrio, L50, F|100/100
|switch|p2b: Incineroar|Incineroar, L50, M|100/100
|-fieldstart|move: Psychic Terrain|[from] ability: Psychic Surge|[of] p1b: Indeedee
|-ability|p2b: Incineroar|Intimidate|boost
|-fail|p1a: Blaziken|unboost|[from] item: Clear Amulet|[of] p1a: Blaziken
|-unboost|p1b: Indeedee|atk|1
|turn|1
|inactive|wefgrjcnc has 30 seconds left.
|inactive|wefgrjcnc has 20 seconds left.
|inactive|wefgrjcnc has 15 seconds left.
|inactive|wefgrjcnc has 10 seconds left.
|
|t:|1757829620
|-terastallize|p1a: Blaziken|Ghost
|-terastallize|p2b: Incineroar|Bug
|move|p2a: Dugtrio|Earthquake|p1b: Indeedee|[spread] p2b,p1a,p1b
|-resisted|p2b: Incineroar
|-damage|p2b: Incineroar|87/100
|-damage|p1a: Blaziken|54/100
|-damage|p1b: Indeedee|51/100
|move|p1a: Blaziken|Swords Dance|p1a: Blaziken
|-boost|p1a: Blaziken|atk|2
|move|p1b: Indeedee|Psychic|p2a: Dugtrio
|-damage|p2a: Dugtrio|2/100
|move|p2b: Incineroar|Knock Off|p1b: Indeedee
|-supereffective|p1b: Indeedee
|-damage|p1b: Indeedee|0 fnt
|-enditem|p1b: Indeedee|Leftovers|[from] move: Knock Off|[of] p2b: Incineroar
|faint|p1b: Indeedee
|
|-ability|p1a: Blaziken|Speed Boost|boost
|-boost|p1a: Blaziken|spe|1
|upkeep
|
|t:|1757829636
|switch|p1b: Kommo-o|Kommo-o, L50, M|100/100
|-enditem|p1b: Kommo-o|Psychic Seed
|-boost|p1b: Kommo-o|spd|1|[from] item: Psychic Seed
|turn|2
|
|t:|1757829653
|move|p1a: Blaziken|Flare Blitz|p2b: Incineroar
|-supereffective|p2b: Incineroar
|-damage|p2b: Incineroar|0 fnt
|faint|p2b: Incineroar
|-damage|p1a: Blaziken|19/100|[from] Recoil
|move|p2a: Dugtrio|Endeavor|p1b: Kommo-o
|-damage|p1b: Kommo-o|1/100
|move|p1b: Kommo-o|Iron Defense|p1b: Kommo-o
|-boost|p1b: Kommo-o|def|2
|
|-ability|p1a: Blaziken|Speed Boost|boost
|-boost|p1a: Blaziken|spe|1
|upkeep
|
|t:|1757829674
|switch|p2b: Indeedee|Indeedee-F, L50, F|100/100
|turn|3
|
|t:|1757829690
|move|p1a: Blaziken|Protect|p1a: Blaziken
|-singleturn|p1a: Blaziken|Protect
|move|p2a: Dugtrio|Earthquake|p1b: Kommo-o|[spread] p2b,p1b
|-activate|p1a: Blaziken|move: Protect
|-damage|p2b: Indeedee|70/100
|-damage|p1b: Kommo-o|0 fnt
|faint|p1b: Kommo-o
|move|p2b: Indeedee|Heal Pulse|p2a: Dugtrio
|-heal|p2a: Dugtrio|52/100
|
|-ability|p1a: Blaziken|Speed Boost|boost
|-boost|p1a: Blaziken|spe|1
|upkeep
|
|t:|1757829700
|switch|p1b: Exeggutor|Exeggutor, L50, F|100/100
|turn|4
|inactive|pinba2 has 30 seconds left.
|inactive|pinba2 has 20 seconds left.
|inactive|pinba2 has 15 seconds left.
|
|t:|1757829741
|move|p2b: Indeedee|Follow Me|p2b: Indeedee
|-singleturn|p2b: Indeedee|move: Follow Me
|move|p1a: Blaziken|Flare Blitz|p2b: Indeedee
|-damage|p2b: Indeedee|0 fnt
|-damage|p1a: Blaziken|2/100|[from] item: Rocky Helmet|[of] p2b: Indeedee
|faint|p2b: Indeedee
|-damage|p1a: Blaziken|0 fnt|[from] Recoil
|faint|p1a: Blaziken
|move|p2a: Dugtrio|Endeavor|p1b: Exeggutor
|-damage|p1b: Exeggutor|28/100
|move|p1b: Exeggutor|Leaf Storm|p2a: Dugtrio
|-supereffective|p2a: Dugtrio
|-damage|p2a: Dugtrio|0 fnt
|-unboost|p1b: Exeggutor|spa|2
|faint|p2a: Dugtrio
|
|upkeep
|
|t:|1757829762
|switch|p2b: Dondozo|Dondozo, L50, M|100/100
|turn|5
|
|t:|1757829777
|move|p1b: Exeggutor|Sleep Powder|p2b: Dondozo
|-status|p2b: Dondozo|slp|[from] move: Sleep Powder
|cant|p2b: Dondozo|slp
|
|-fieldend|move: Psychic Terrain
|upkeep
|turn|6
|
|t:|1757829786
|move|p1b: Exeggutor|Expanding Force|p2b: Dondozo
|-damage|p2b: Dondozo|68/100 slp
|cant|p2b: Dondozo|slp
|
|upkeep
|turn|7
|
|t:|1757829793
|move|p1b: Exeggutor|Leaf Storm|p2b: Dondozo
|-supereffective|p2b: Dondozo
|-damage|p2b: Dondozo|0 fnt
|-unboost|p1b: Exeggutor|spa|2
|faint|p2b: Dondozo
|
|win|wefgrjcnc
||wefgrjcnc is ready for game 2.
|inactive|pinba2 has 30 seconds to confirm battle start!
||pinba2 is ready for game 2.
|uhtml|next|Next: Game 2 of 3
