|j|☆ScrewSalesman
|j|☆Bahamate
|html|ScrewSalesmanBahamate    
|uhtml|bestof|Game 2 of a best-of-3
|t:|1757910005
|gametype|doubles
|player|p1|ScrewSalesman|cynthia-gen4|1366
|player|p2|Bahamate|grimsley|1402
|gen|9
|tier|[Gen 9] VGC 2025 Reg H (Bo3)
|rated|
|rule|Species Clause: Limit one of each Pokémon
|rule|Item Clause: Limit 1 of each item
|clearpoke
|poke|p1|Porygon2, L50|
|poke|p1|Incineroar, L50, F|
|poke|p1|Ursaluna, L50, F|
|poke|p1|Jumpluff, L50, M|
|poke|p1|Charizard, L50, F|
|poke|p1|Torkoal, L50, F|
|poke|p2|Ceruledge, L50, F|
|poke|p2|Grimmsnarl, L50, M|
|poke|p2|Ninetales-Alola, L50, F|
|poke|p2|Ursaluna-Bloodmoon, L50, M|
|poke|p2|Rillaboom, L50, F|
|poke|p2|Annihilape, L50, F|
|teampreview|4
|showteam|p1|Porygon2||Eviolite|Download|TeraBlast,IceBeam,TrickRoom,Recover||||||50|,,,,,Fighting]Incineroar||SitrusBerry|Intimidate|FakeOut,KnockOff,FlareBlitz,PartingShot|||F|||50|,,,,,Ghost]Ursaluna||FlameOrb|Guts|HeadlongRush,Facade,Earthquake,Protect|||F|||50|,,,,,Ghost]Jumpluff||CovertCloak|Chlorophyll|RagePowder,SunnyDay,Tailwind,SleepPowder|||M|||50|,,,,,Water]Charizard||ChoiceSpecs|SolarPower|HeatWave,Overheat,WeatherBall,SolarBeam|||F|||50|,,,,,Ghost]Torkoal||EjectPack|Drought|Overheat,Eruption,HelpingHand,Protect|||F|||50|,,,,,Fire
|showteam|p2|Ceruledge||MirrorHerb|FlashFire|BitterBlade,ShadowSneak,Protect,ClearSmog|||F|||50|,,,,,Grass]Grimmsnarl||LightClay|Prankster|Reflect,LightScreen,FoulPlay,ThunderWave|||M|||50|,,,,,Ghost]Ninetales-Alola||FocusSash|SnowWarning|Blizzard,IcyWind,Disable,Protect|||F|||50|,,,,,Ice]Ursaluna-Bloodmoon||Leftovers|MindsEye|BloodMoon,CalmMind,EarthPower,Protect|||M|||50|,,,,,Electric]Rillaboom||AssaultVest|GrassySurge|WoodHammer,GrassyGlide,HighHorsepower,FakeOut|||F|||50|,,,,,Fire]Annihilape||SitrusBerry|Defiant|RageFist,DrainPunch,BulkUp,Protect|||F|||50|,,,,,Fire
|inactive|Battle timer is ON: inactive players will automatically lose when time's up. (requested by ScrewSalesman)
|inactive|Bahamate has 60 seconds left.
|
|t:|1757910047
|teamsize|p1|4
|teamsize|p2|4
|start
|switch|p1a: Jumpluff|Jumpluff, L50, M|100/100
|switch|p1b: Ursaluna|Ursaluna, L50, F|100/100
|switch|p2a: Ninetales|Ninetales-Alola, L50, F|100/100
|switch|p2b: Annihilape|Annihilape, L50, F|100/100
|-weather|Snowscape|[from] ability: Snow Warning|[of] p2a: Ninetales
|turn|1
|
|t:|1757910066
|-terastallize|p1a: Jumpluff|Water
|move|p1b: Ursaluna|Protect|p1b: Ursaluna
|-singleturn|p1b: Ursaluna|Protect
|move|p2a: Ninetales|Blizzard|p1b: Ursaluna|[spread] p1a
|-activate|p1b: Ursaluna|move: Protect
|-resisted|p1a: Jumpluff
|-damage|p1a: Jumpluff|85/100
|move|p1a: Jumpluff|Tailwind|p1a: Jumpluff
|-sidestart|p1: ScrewSalesman|move: Tailwind
|move|p2b: Annihilape|Bulk Up|p2b: Annihilape
|-boost|p2b: Annihilape|atk|1
|-boost|p2b: Annihilape|def|1
|
|-weather|Snowscape|[upkeep]
|-status|p1b: Ursaluna|brn|[from] item: Flame Orb
|upkeep
|turn|2
|
|t:|1757910086
|move|p2a: Ninetales|Protect|p2a: Ninetales
|-singleturn|p2a: Ninetales|Protect
|move|p2b: Annihilape|Protect|p2b: Annihilape
|-singleturn|p2b: Annihilape|Protect
|move|p1a: Jumpluff|Sleep Powder|p2b: Annihilape
|-activate|p2b: Annihilape|move: Protect
|move|p1b: Ursaluna|Facade|p2a: Ninetales
|-activate|p2a: Ninetales|move: Protect
|
|-weather|Snowscape|[upkeep]
|-damage|p1b: Ursaluna|95/100 brn|[from] brn
|upkeep
|turn|3
|
|t:|1757910099
|move|p1a: Jumpluff|Sleep Powder|p2b: Annihilape
|-status|p2b: Annihilape|slp|[from] move: Sleep Powder
|move|p2a: Ninetales|Blizzard|p1b: Ursaluna|[spread] p1a,p1b
|-resisted|p1a: Jumpluff
|-supereffective|p1b: Ursaluna
|-damage|p1a: Jumpluff|69/100
|-damage|p1b: Ursaluna|30/100 brn
|move|p1b: Ursaluna|Facade|p2a: Ninetales
|-enditem|p2a: Ninetales|Focus Sash
|-damage|p2a: Ninetales|1/100
|cant|p2b: Annihilape|slp
|
|-weather|Snowscape|[upkeep]
|-damage|p1b: Ursaluna|24/100 brn|[from] brn
|upkeep
|turn|4
|
|t:|1757910118
|switch|p1b: Charizard|Charizard, L50, F, shiny|100/100
|move|p2a: Ninetales|Protect|p2a: Ninetales
|-singleturn|p2a: Ninetales|Protect
|move|p1a: Jumpluff|Sunny Day|p1a: Jumpluff
|-weather|SunnyDay
|cant|p2b: Annihilape|slp
|
|-weather|SunnyDay|[upkeep]
|-damage|p1b: Charizard|88/100|[from] ability: Solar Power|[of] p1b: Charizard
|-sideend|p1: ScrewSalesman|move: Tailwind
|upkeep
|turn|5
|
|t:|1757910137
|switch|p2a: Ceruledge|Ceruledge, L50, F|100/100
|move|p1a: Jumpluff|Tailwind|p1a: Jumpluff
|-sidestart|p1: ScrewSalesman|move: Tailwind
|move|p1b: Charizard|Overheat|p2b: Annihilape
|-damage|p2b: Annihilape|0 fnt
|-unboost|p1b: Charizard|spa|2
|faint|p2b: Annihilape
|
|-weather|SunnyDay|[upkeep]
|-damage|p1b: Charizard|76/100|[from] ability: Solar Power|[of] p1b: Charizard
|upkeep
|
|t:|1757910152
|switch|p2b: Ursaluna|Ursaluna-Bloodmoon, L50, M|100/100
|turn|6
|
|t:|1757910168
|-terastallize|p2a: Ceruledge|Grass
|move|p1a: Jumpluff|Rage Powder|p1a: Jumpluff
|-singleturn|p1a: Jumpluff|move: Rage Powder
|move|p1b: Charizard|Overheat|p2b: Ursaluna
|-damage|p2b: Ursaluna|0 fnt
|-unboost|p1b: Charizard|spa|2
|faint|p2b: Ursaluna
|move|p2a: Ceruledge|Bitter Blade|p1b: Charizard
|-resisted|p1b: Charizard
|-damage|p1b: Charizard|23/100
|
|-weather|SunnyDay|[upkeep]
|-damage|p1b: Charizard|11/100|[from] ability: Solar Power|[of] p1b: Charizard
|upkeep
|
|t:|1757910176
|switch|p2b: Ninetales|Ninetales-Alola, L50, F|1/100
|-weather|Snowscape|[from] ability: Snow Warning|[of] p2b: Ninetales
|turn|7
|
|t:|1757910194
|move|p2b: Ninetales|Protect|p2b: Ninetales
|-singleturn|p2b: Ninetales|Protect
|move|p2a: Ceruledge|Shadow Sneak|p1b: Charizard
|-damage|p1b: Charizard|0 fnt
|faint|p1b: Charizard
|move|p1a: Jumpluff|Sunny Day|p1a: Jumpluff
|-weather|SunnyDay
|
|-weather|SunnyDay|[upkeep]
|upkeep
|
|t:|1757910204
|switch|p1b: Ursaluna|Ursaluna, L50, F|24/100 brn
|turn|8
|
|t:|1757910224
|move|p2a: Ceruledge|Protect|p2a: Ceruledge
|-singleturn|p2a: Ceruledge|Protect
|move|p1a: Jumpluff|Sleep Powder|p2b: Ninetales
|-status|p2b: Ninetales|slp|[from] move: Sleep Powder
|cant|p2b: Ninetales|slp
|move|p1b: Ursaluna|Facade|p2a: Ceruledge
|-activate|p2a: Ceruledge|move: Protect
|
|-weather|SunnyDay|[upkeep]
|-damage|p1b: Ursaluna|18/100 brn|[from] brn
|-sideend|p1: ScrewSalesman|move: Tailwind
|upkeep
|turn|9
|
|t:|1757910235
|move|p1a: Jumpluff|Tailwind|p1a: Jumpluff
|-sidestart|p1: ScrewSalesman|move: Tailwind
|cant|p2b: Ninetales|slp
|move|p1b: Ursaluna|Facade|p2a: Ceruledge
|-damage|p2a: Ceruledge|0 fnt
|faint|p2a: Ceruledge
|
|-weather|SunnyDay|[upkeep]
|-damage|p1b: Ursaluna|13/100 brn|[from] brn
|upkeep
|turn|10
|
|t:|1757910249
|move|p1a: Jumpluff|Rage Powder|p1a: Jumpluff
|-singleturn|p1a: Jumpluff|move: Rage Powder
|-curestatus|p2b: Ninetales|slp|[msg]
|move|p2b: Ninetales|Blizzard|p1a: Jumpluff|[spread] p1a,p1b
|-resisted|p1a: Jumpluff
|-supereffective|p1b: Ursaluna
|-damage|p1a: Jumpluff|51/100
|-damage|p1b: Ursaluna|0 fnt
|faint|p1b: Ursaluna
|
|-weather|SunnyDay|[upkeep]
|upkeep
|
|t:|1757910253
|switch|p1b: Torkoal|Torkoal, L50, F|100/100
|turn|11
|
|t:|1757910259
|move|p1a: Jumpluff|Sleep Powder|p2b: Ninetales|[miss]
|-miss|p1a: Jumpluff|p2b: Ninetales
|move|p2b: Ninetales|Blizzard|p1b: Torkoal|[spread] p1a,p1b
|-resisted|p1a: Jumpluff
|-resisted|p1b: Torkoal
|-damage|p1a: Jumpluff|34/100
|-damage|p1b: Torkoal|78/100
|move|p1b: Torkoal|Eruption|p2b: Ninetales
|-supereffective|p2b: Ninetales
|-damage|p2b: Ninetales|0 fnt
|faint|p2b: Ninetales
|
|win|ScrewSalesman
||Bahamate is ready for game 3.
||ScrewSalesman is ready for game 3.
|uhtml|next|Next: Game 3 of 3
|l|☆Bahamate
|player|p2|
