|j|鈽唍yakugan
|j|鈽咺lluminaGielBakker
|html|nyakuganIlluminaGielBakker    
|uhtml|bestof|Game 2 of a best-of-3
|t:|1756314493
|gametype|doubles
|player|p1|nyakugan|psychic|
|player|p2|IlluminaGielBakker|wattson|
|gen|9
|tier|[Gen 9] VGC 2025 Reg H (Bo3)
|rule|Species Clause: Limit one of each Pok茅mon
|rule|Item Clause: Limit 1 of each item
|clearpoke
|poke|p1|Typhlosion-Hisui, L50, M|
|poke|p1|Whimsicott, L50, M|
|poke|p1|Ursaluna-Bloodmoon, L50, M|
|poke|p1|Annihilape, L50, F|
|poke|p1|Clefairy, L50, F|
|poke|p1|Farigiraf, L50, M|
|poke|p2|Amoonguss, L50, F|
|poke|p2|Incineroar, L50, M|
|poke|p2|Hydreigon, L50, F|
|poke|p2|Gholdengo, L50|
|poke|p2|Ursaluna, L50, M|
|poke|p2|Porygon2, L50|
|teampreview|4
|showteam|p1|Typhlosion-Hisui||ChoiceSpecs|Blaze|Eruption,HeatWave,ShadowBall,Overheat|||M|||50|,,,,,Fire]Whimsicott||CovertCloak|Prankster|Tailwind,BeatUp,Moonblast,SunnyDay|||M|||50|,,,,,Dark]Ursaluna-Bloodmoon||LifeOrb|MindsEye|Protect,BloodMoon,EarthPower,HyperVoice|||M|||50|,,,,,Normal]Annihilape||AssaultVest|Defiant|RageFist,DrainPunch,FinalGambit,CloseCombat|||F|||50|,,,,,Fire]Clefairy||Eviolite|FriendGuard|Protect,FollowMe,HelpingHand,AfterYou|||F|||50|,,,,,Grass]Farigiraf||ThroatSpray|ArmorTail|Protect,Psychic,HyperVoice,TrickRoom|||M|||50|,,,,,Dragon
|showteam|p2|Amoonguss||RockyHelmet|Regenerator|PollenPuff,Spore,RagePowder,Protect|||F|||50|,,,,,Fairy]Incineroar||AssaultVest|Intimidate|FakeOut,KnockOff,FlareBlitz,Uturn|||M|||50|,,,,,Ghost]Hydreigon||SafetyGoggles|Levitate|DracoMeteor,Snarl,Tailwind,Protect|||F|||50|,,,,,Ghost]Gholdengo||MetalCoat|GoodasGold|MakeItRain,ShadowBall,NastyPlot,Protect||||||50|,,,,,Water]Ursaluna||FlameOrb|Guts|Facade,HeadlongRush,Earthquake,Protect|||M|||50|,,,,,Ghost]Porygon2||Eviolite|Download|TeraBlast,IceBeam,Recover,TrickRoom||||||50|,,,,,Fighting
|inactive|Battle timer is ON: inactive players will automatically lose when time's up. (requested by IlluminaGielBakker)
|inactive|nyakugan has 60 seconds left.
|
|t:|1756314534
|teamsize|p1|4
|teamsize|p2|4
|start
|switch|p1a: Whimsicott|Whimsicott, L50, M, shiny|100/100
|switch|p1b: Annihilape|Annihilape, L50, F|100/100
|switch|p2a: Hydreigon|Hydreigon, L50, F|100/100
|switch|p2b: Gholdengo|Gholdengo, L50|100/100
|turn|1
|inactive|nyakugan has 30 seconds left.
|
|t:|1756314564
|switch|p2b: Ursaluna|Ursaluna, L50, M|100/100
|-terastallize|p2a: Hydreigon|Ghost
|-terastallize|p1a: Whimsicott|Dark
|move|p2a: Hydreigon|Tailwind|p2a: Hydreigon
|-sidestart|p2: IlluminaGielBakker|move: Tailwind
|move|p1a: Whimsicott|Beat Up|p1b: Annihilape
|-damage|p1b: Annihilape|98/100
|-damage|p1b: Annihilape|93/100
|-damage|p1b: Annihilape|90/100
|-damage|p1b: Annihilape|87/100
|-hitcount|p1b: Annihilape|4
|move|p1b: Annihilape|Rage Fist|p2b: Ursaluna
|-immune|p2b: Ursaluna
|
|-status|p2b: Ursaluna|brn|[from] item: Flame Orb
|upkeep
|turn|2
|inactive|nyakugan has 30 seconds left.
|inactive|IlluminaGielBakker has 30 seconds left.
|
|t:|1756314598
|move|p2b: Ursaluna|Protect|p2b: Ursaluna
|-singleturn|p2b: Ursaluna|Protect
|move|p1a: Whimsicott|Tailwind|p1a: Whimsicott
|-sidestart|p1: nyakugan|move: Tailwind
|move|p2a: Hydreigon|Draco Meteor|p1b: Annihilape
|-crit|p1b: Annihilape
|-damage|p1b: Annihilape|33/100
|-unboost|p2a: Hydreigon|spa|2
|move|p1b: Annihilape|Close Combat|p2b: Ursaluna
|-activate|p2b: Ursaluna|move: Protect
|
|-damage|p2b: Ursaluna|95/100 brn|[from] brn
|upkeep
|turn|3
|
|t:|1756314616
|move|p2a: Hydreigon|Draco Meteor|p1a: Whimsicott
|-damage|p1a: Whimsicott|69/100
|-unboost|p2a: Hydreigon|spa|2
|move|p1a: Whimsicott|Moonblast|p2a: Hydreigon
|-crit|p2a: Hydreigon
|-damage|p2a: Hydreigon|60/100
|move|p1b: Annihilape|Close Combat|p2b: Ursaluna
|-supereffective|p2b: Ursaluna
|-damage|p2b: Ursaluna|13/100 brn
|-unboost|p1b: Annihilape|def|1
|-unboost|p1b: Annihilape|spd|1
|move|p2b: Ursaluna|Earthquake|p1b: Annihilape|[spread] p1a,p1b
|-immune|p2a: Hydreigon|[from] ability: Levitate
|-damage|p1a: Whimsicott|0 fnt
|-damage|p1b: Annihilape|0 fnt
|faint|p1a: Whimsicott
|faint|p1b: Annihilape
|
|-damage|p2b: Ursaluna|7/100 brn|[from] brn
|upkeep
|
|t:|1756314628
|switch|p1a: Typhlosion|Typhlosion-Hisui, L50, M|100/100
|switch|p1b: Clefairy|Clefairy, L50, F|100/100
|turn|4
|
|t:|1756314646
|move|p1b: Clefairy|Helping Hand|p1a: Typhlosion
|-singleturn|p1a: Typhlosion|Helping Hand|[of] p1b: Clefairy
|move|p2a: Hydreigon|Snarl|p1a: Typhlosion|[spread] p1a,p1b
|-supereffective|p1a: Typhlosion
|-resisted|p1b: Clefairy
|-damage|p1a: Typhlosion|88/100
|-damage|p1b: Clefairy|98/100
|-unboost|p1a: Typhlosion|spa|1
|-unboost|p1b: Clefairy|spa|1
|move|p1a: Typhlosion|Eruption|p2b: Ursaluna|[spread] p2a,p2b
|-damage|p2a: Hydreigon|0 fnt
|-damage|p2b: Ursaluna|0 fnt
|faint|p2a: Hydreigon
|faint|p2b: Ursaluna
|
|-sideend|p2: IlluminaGielBakker|move: Tailwind
|upkeep
|
|t:|1756314649
|switch|p2a: Gholdengo|Gholdengo, L50|100/100
|switch|p2b: Incineroar|Incineroar, L50, M, shiny|100/100
|-ability|p2b: Incineroar|Intimidate|boost
|-unboost|p1a: Typhlosion|atk|1
|-unboost|p1b: Clefairy|atk|1
|turn|5
|
|t:|1756314663
|move|p2a: Gholdengo|Protect|p2a: Gholdengo
|-singleturn|p2a: Gholdengo|Protect
|move|p1b: Clefairy|Follow Me|p1b: Clefairy
|-singleturn|p1b: Clefairy|move: Follow Me
|move|p1a: Typhlosion|Eruption|p2a: Gholdengo|[spread] p2b
|-activate|p2a: Gholdengo|move: Protect
|-resisted|p2b: Incineroar
|-damage|p2b: Incineroar|85/100
|move|p2b: Incineroar|Knock Off|p1b: Clefairy
|-resisted|p1b: Clefairy
|-damage|p1b: Clefairy|81/100
|-enditem|p1b: Clefairy|Eviolite|[from] move: Knock Off|[of] p2b: Incineroar
|
|-sideend|p1: nyakugan|move: Tailwind
|upkeep
|turn|6
|
|t:|1756314679
|move|p1b: Clefairy|Follow Me|p1b: Clefairy
|-singleturn|p1b: Clefairy|move: Follow Me
|move|p1a: Typhlosion|Eruption|p2b: Incineroar|[spread] p2a,p2b
|-supereffective|p2a: Gholdengo
|-resisted|p2b: Incineroar
|-crit|p2b: Incineroar
|-damage|p2a: Gholdengo|0 fnt
|-damage|p2b: Incineroar|50/100
|faint|p2a: Gholdengo
|move|p2b: Incineroar|Knock Off|p1b: Clefairy
|-resisted|p1b: Clefairy
|-damage|p1b: Clefairy|64/100
|
|upkeep
|turn|7
|
|t:|1756314689
|move|p1b: Clefairy|Follow Me|p1b: Clefairy
|-singleturn|p1b: Clefairy|move: Follow Me
|move|p1a: Typhlosion|Eruption|p2b: Incineroar
|-resisted|p2b: Incineroar
|-damage|p2b: Incineroar|31/100
|move|p2b: Incineroar|Flare Blitz|p1b: Clefairy
|-damage|p1b: Clefairy|0 fnt
|faint|p1b: Clefairy
|-damage|p2b: Incineroar|13/100|[from] Recoil
|
|upkeep
|turn|8
|c|鈽咺lluminaGielBakker|so many crits
|
|t:|1756314698
|move|p1a: Typhlosion|Eruption|p2b: Incineroar
|-resisted|p2b: Incineroar
|-damage|p2b: Incineroar|0 fnt
|faint|p2b: Incineroar
|
|win|nyakugan
|c|鈽咺lluminaGielBakker|ggs
|c|鈽唍yakugan|im so sorry :(
|c|鈽唍yakugan|got really lucky
|c|鈽唍yakugan|ggs!
