|j|☆pikatrod
|j|☆ILoveMIR
|html|pikatrodILoveMIR    
|uhtml|bestof|Game 3 of a best-of-3
|t:|1783713560
|gametype|doubles
|player|p1|pikatrod|102|1397
|player|p2|ILoveMIR|shauntal|1461
|gen|9
|tier|[Gen 9 Champions] VGC 2026 Reg M-B (Bo3)
|rated|
|rule|Species Clause: Limit one of each Pokémon
|rule|Item Clause: Limit 1 of each item
|clearpoke
|poke|p1|Whimsicott, L50, F|
|poke|p1|Torkoal, L50, F|
|poke|p1|Pyroar, L50, M|
|poke|p1|Farigiraf, L50, M|
|poke|p1|Scrafty, L50, F|
|poke|p1|Basculegion, L50, M|
|poke|p2|Blaziken, L50, F|
|poke|p2|Tsareena, L50, F|
|poke|p2|Talonflame, L50, M|
|poke|p2|Ninetales-Alola, L50, M|
|poke|p2|Basculegion, L50, M|
|poke|p2|Gholdengo, L50|
|teampreview|4
|showteam|p1|Whimsicott||FairyFeather|Prankster|Tailwind,Moonblast,Protect,SunnyDay|Timid||F|||50|]Torkoal||Charcoal|Drought|Eruption,WeatherBall,HelpingHand,Protect|Quiet||F|||50|]Pyroar||Pyroarite|Unnerve|HeatWave,Overheat,SolarBeam,Protect|Timid||M|||50|]Farigiraf||ColburBerry|ArmorTail|TrickRoom,Protect,HelpingHand,Psychic|Quiet||M|||50|]Scrafty||Scraftinite|Intimidate|FakeOut,RockSlide,KnockOff,CloseCombat|Adamant||F|||50|]Basculegion||FocusSash|Adaptability|LastRespects,Liquidation,AquaJet,Protect|Adamant||M|||50|
|showteam|p2|Blaziken||Blazikenite|SpeedBoost|FlareBlitz,CloseCombat,RockSlide,Detect|Adamant||F|||50|]Tsareena||WideLens|QueenlyMajesty|PowerWhip,TripleAxel,LowKick,Taunt|Adamant||F|||50|]Talonflame|||GaleWings|Acrobatics,WillOWisp,Tailwind,Protect|Jolly||M|||50|]Ninetales-Alola||FocusSash|SnowWarning|Blizzard,FreezeDry,Encore,Protect|Timid||M|||50|]Basculegion||ChoiceScarf|Adaptability|WaveCrash,LastRespects,AquaJet,FlipTurn|Jolly||M|||50|]Gholdengo||LifeOrb|GoodasGold|ShadowBall,MakeItRain,PowerGem,Protect|Modest|||||50|
|inactive|Battle timer is ON: inactive players will automatically lose when time's up. (requested by ILoveMIR)
|inactive|ILoveMIR has 60 seconds left.
|inactive|ILoveMIR has 30 seconds left.
|inactive|ILoveMIR has 20 seconds left.
|inactive|ILoveMIR has 15 seconds left.
|inactive|ILoveMIR has 10 seconds left.
|
|t:|1783713645
|teamsize|p1|4
|teamsize|p2|4
|start
|switch|p1a: Farigiraf|Farigiraf, L50, M|100/100
|switch|p1b: Pyroar|Pyroar, L50, M|100/100
|switch|p2a: Tsareena|Tsareena, L50, F|100/100
|switch|p2b: Blaziken|Blaziken, L50, F|100/100
|-ability|p1b: Pyroar|Unnerve
|turn|1
|
|t:|1783713668
|detailschange|p1b: Pyroar|Pyroar-Mega, L50, M
|-mega|p1b: Pyroar|Pyroar|Pyroarite
|detailschange|p2b: Blaziken|Blaziken-Mega, L50, F
|-mega|p2b: Blaziken|Blaziken|Blazikenite
|move|p2b: Blaziken|Detect|p2b: Blaziken
|-singleturn|p2b: Blaziken|Protect
|move|p1b: Pyroar|Heat Wave|p2b: Blaziken|[spread] p2a
|-activate|p2b: Blaziken|move: Protect
|-supereffective|p2a: Tsareena|1
|-damage|p2a: Tsareena|0 fnt
|faint|p2a: Tsareena
|move|p1a: Farigiraf|Psychic|p2b: Blaziken
|-activate|p2b: Blaziken|move: Protect
|
|-ability|p2b: Blaziken|Speed Boost|boost
|-boost|p2b: Blaziken|spe|1
|upkeep
|
|t:|1783713671
|switch|p2a: Basculegion|Basculegion, L50, M|100/100
|turn|2
|inactive|pikatrod has 30 seconds left.
|inactive|ILoveMIR has 30 seconds left.
|inactive|ILoveMIR has 20 seconds left.
|inactive|ILoveMIR has 15 seconds left.
|inactive|ILoveMIR has 10 seconds left.
|
|t:|1783713718
|move|p1a: Farigiraf|Protect|p1a: Farigiraf
|-singleturn|p1a: Farigiraf|Protect
|move|p2b: Blaziken|Flare Blitz|p1a: Farigiraf
|-activate|p1a: Farigiraf|move: Protect
|move|p2a: Basculegion|Wave Crash|p1a: Farigiraf
|-activate|p1a: Farigiraf|move: Protect
|move|p1b: Pyroar|Heat Wave|p2b: Blaziken|[spread] p2a,p2b
|-resisted|p2a: Basculegion|1
|-resisted|p2b: Blaziken|1
|-damage|p2a: Basculegion|67/100
|-damage|p2b: Blaziken|65/100
|
|-ability|p2b: Blaziken|Speed Boost|boost
|-boost|p2b: Blaziken|spe|1
|upkeep
|turn|3
|
|t:|1783713740
|switch|p1a: Scrafty|Scrafty, L50, F|100/100
|-ability|p1a: Scrafty|Intimidate|boost
|-unboost|p2a: Basculegion|atk|1
|-unboost|p2b: Blaziken|atk|1
|move|p2b: Blaziken|Flare Blitz|p1a: Scrafty
|-damage|p1a: Scrafty|52/100
|-damage|p2b: Blaziken|47/100|[from] Recoil
|move|p2a: Basculegion|Wave Crash|p1a: Scrafty
|-damage|p1a: Scrafty|8/100
|-damage|p2a: Basculegion|54/100|[from] Recoil
|move|p1b: Pyroar|Heat Wave|p2a: Basculegion|[spread] p2a,p2b
|-resisted|p2a: Basculegion|1
|-resisted|p2b: Blaziken|1
|-damage|p2a: Basculegion|21/100
|-damage|p2b: Blaziken|12/100
|
|-ability|p2b: Blaziken|Speed Boost|boost
|-boost|p2b: Blaziken|spe|1
|upkeep
|turn|4
|
|t:|1783713769
|switch|p1a: Farigiraf|Farigiraf, L50, M|100/100
|move|p2b: Blaziken|Close Combat|p1b: Pyroar
|-supereffective|p1b: Pyroar|1
|-damage|p1b: Pyroar|0 fnt
|-unboost|p2b: Blaziken|def|1
|-unboost|p2b: Blaziken|spd|1
|faint|p1b: Pyroar
|move|p2a: Basculegion|Wave Crash|p1a: Farigiraf
|-damage|p1a: Farigiraf|53/100
|-damage|p2a: Basculegion|3/100|[from] Recoil
|
|-ability|p2b: Blaziken|Speed Boost|boost
|-boost|p2b: Blaziken|spe|1
|upkeep
|
|t:|1783713779
|switch|p1b: Scrafty|Scrafty, L50, F|8/100
|-ability|p1b: Scrafty|Intimidate|boost
|-unboost|p2a: Basculegion|atk|1
|-unboost|p2b: Blaziken|atk|1
|turn|5
|
|t:|1783713792
|switch|p2b: Talonflame|Talonflame, L50, M|100/100
|move|p1b: Scrafty|Fake Out|p2b: Talonflame
|-damage|p2b: Talonflame|82/100
|move|p2a: Basculegion|Wave Crash|p1b: Scrafty
|-damage|p1b: Scrafty|0 fnt
|faint|p1b: Scrafty
|-damage|p2a: Basculegion|1/100|[from] Recoil
|move|p1a: Farigiraf|Trick Room|p1a: Farigiraf
|-fieldstart|move: Trick Room|[of] p1a: Farigiraf
|
|upkeep
|
|t:|1783713799
|switch|p1b: Basculegion|Basculegion, L50, M|100/100
|turn|6
|
|t:|1783713811
|move|p1a: Farigiraf|Psychic|p2a: Basculegion
|-damage|p2a: Basculegion|0 fnt
|faint|p2a: Basculegion
|move|p1b: Basculegion|Liquidation|p2b: Talonflame
|-supereffective|p2b: Talonflame|1
|-damage|p2b: Talonflame|0 fnt
|faint|p2b: Talonflame
|
|upkeep
|
|t:|1783713813
|switch|p2b: Blaziken|Blaziken-Mega, L50, F|12/100
|turn|7
|-message|ILoveMIR forfeited.
|
|win|pikatrod
|raw|pikatrod's rating: 1397 → 1421(+24 for winning)
|raw|ILoveMIR's rating: 1461 → 1437(-24 for losing)
