|j|☆iota_002
|j|☆hinoky
|html|iota_002hinoky    
|uhtml|bestof|Game 1 of a best-of-3
|t:|1785832342
|gametype|doubles
|player|p1|iota_002|ethan|1097
|player|p2|hinoky|wattson|1134
|gen|9
|tier|[Gen 9 Champions] VGC 2026 Reg M-B (Bo3)
|rated|
|rule|Species Clause: Limit one of each Pokémon
|rule|Item Clause: Limit 1 of each item
|clearpoke
|poke|p1|Beedrill, L50, M|
|poke|p1|Aegislash, L50, M|
|poke|p1|Talonflame, L50, M|
|poke|p1|Gardevoir, L50, F|
|poke|p1|Glimmora, L50, F|
|poke|p1|Weavile, L50, M|
|poke|p2|Kingambit, L50, M|
|poke|p2|Glimmora, L50, F|
|poke|p2|Whimsicott, L50, F|
|poke|p2|Delphox, L50, F|
|poke|p2|Garchomp, L50, M|
|poke|p2|Staraptor, L50, M|
|teampreview|4
|showteam|p1|Beedrill||Beedrillite|Sniper|Uturn,PoisonJab,DrillRun,Protect|Jolly||M|||50|]Aegislash||SitrusBerry|StanceChange|Poltergeist,SacredSword,WideGuard,KingsShield|Brave||M|||50|]Talonflame||SharpBeak|GaleWings|DualWingbeat,Tailwind,QuickGuard,Taunt|Jolly||M|||50|]Gardevoir||ExpertBelt|Trace|Thunderbolt,Moonblast,Encore,Protect|Quiet||F|||50|]Glimmora||FocusSash|ToxicDebris|EnergyBall,PowerGem,EarthPower,SpikyShield|Modest||F|||50|]Weavile||KingsRock|Pressure|FakeOut,Fling,KnockOff,IceSpinner|Jolly||M|||50|
|showteam|p2|Kingambit||ChopleBerry|Defiant|SuckerPunch,KowtowCleave,IronHead,LowKick|Adamant||M|||50|]Glimmora||FocusSash|ToxicDebris|SludgeBomb,PowerGem,EarthPower,SpikyShield|Timid||F|||50|]Whimsicott||OccaBerry|Prankster|Moonblast,Tailwind,Charm,Protect|Timid||F|||50|]Delphox||Delphoxite|Blaze|HeatWave,Psyshock,Substitute,Protect|Modest||F|||50|]Garchomp||LifeOrb|RoughSkin|DragonClaw,Earthquake,RockSlide,Protect|Jolly||M|||50|]Staraptor||Staraptite|Intimidate|BraveBird,CloseCombat,Roost,Protect|Jolly||M|||50|
|
|t:|1785832416
|teamsize|p1|4
|teamsize|p2|4
|start
|switch|p1a: Talonflame|Talonflame, L50, M|100/100
|switch|p1b: Gardevoir|Gardevoir, L50, F|100/100
|switch|p2a: Delphox|Delphox, L50, F|100/100
|switch|p2b: Garchomp|Garchomp, L50, M|100/100
|-ability|p1b: Gardevoir|Blaze|Trace|[from] ability: Trace|[of] p2a: Delphox
|turn|1
|
|t:|1785832461
|detailschange|p2a: Delphox|Delphox-Mega, L50, F
|-mega|p2a: Delphox|Delphox|Delphoxite
|move|p1a: Talonflame|Tailwind|p1a: Talonflame
|-sidestart|p1: iota_002|move: Tailwind
|move|p2a: Delphox|Substitute|p2a: Delphox
|-start|p2a: Delphox|Substitute
|-damage|p2a: Delphox|75/100
|move|p1b: Gardevoir|Moonblast|p2b: Garchomp
|-supereffective|p2b: Garchomp|1
|-damage|p2b: Garchomp|0 fnt
|faint|p2b: Garchomp
|
|upkeep
|
|t:|1785832473
|switch|p2b: Glimmora|Glimmora, L50, F|100/100
|turn|2
|
|t:|1785832481
|move|p1a: Talonflame|Dual Wingbeat|p2b: Glimmora
|-resisted|p2b: Glimmora|1
|-damage|p2b: Glimmora|87/100
|-activate|p2b: Glimmora|ability: Toxic Debris
|-sidestart|p1: iota_002|move: Toxic Spikes
|-resisted|p2b: Glimmora|1
|-damage|p2b: Glimmora|76/100
|-activate|p2b: Glimmora|ability: Toxic Debris
|-sidestart|p1: iota_002|move: Toxic Spikes
|-hitcount|p2b: Glimmora|2
|move|p2a: Delphox|Psyshock|p1b: Gardevoir
|-resisted|p1b: Gardevoir|1
|-damage|p1b: Gardevoir|72/100
|move|p1b: Gardevoir|Thunderbolt|p2b: Glimmora
|-damage|p2b: Glimmora|32/100
|move|p2b: Glimmora|Power Gem|p1a: Talonflame
|-supereffective|p1a: Talonflame|2
|-damage|p1a: Talonflame|0 fnt
|faint|p1a: Talonflame
|
|upkeep
|
|t:|1785832499
|switch|p1a: Glimmora|Glimmora, L50, F|100/100
|-sideend|p1: iota_002|move: Toxic Spikes|[of] p1a: Glimmora
|turn|3
|
|t:|1785832512
|move|p2b: Glimmora|Spiky Shield|p2b: Glimmora
|-singleturn|p2b: Glimmora|move: Protect
|move|p1a: Glimmora|Power Gem|p2a: Delphox
|-supereffective|p2a: Delphox|1
|-end|p2a: Delphox|Substitute
|move|p2a: Delphox|Heat Wave|p1b: Gardevoir|[spread] p1a,p1b
|-resisted|p1a: Glimmora|1
|-damage|p1a: Glimmora|75/100
|-damage|p1b: Gardevoir|36/100
|move|p1b: Gardevoir|Thunderbolt|p2b: Glimmora
|-activate|p2b: Glimmora|move: Protect
|
|upkeep
|turn|4
|
|t:|1785832530
|switch|p2b: Kingambit|Kingambit, L50, M|100/100
|move|p2a: Delphox|Protect|p2a: Delphox
|-singleturn|p2a: Delphox|Protect
|move|p1a: Glimmora|Power Gem|p2a: Delphox
|-activate|p2a: Delphox|move: Protect
|move|p1b: Gardevoir|Encore||[still]
|-fail|p1b: Gardevoir
|
|-sideend|p1: iota_002|move: Tailwind
|upkeep
|turn|5
|
|t:|1785832551
|switch|p1b: Weavile|Weavile, L50, M|100/100
|-ability|p1b: Weavile|Pressure
|move|p1a: Glimmora|Spiky Shield|p1a: Glimmora
|-singleturn|p1a: Glimmora|move: Protect
|move|p2b: Kingambit|Sucker Punch||[still]
|-fail|p2b: Kingambit
|move|p2a: Delphox|Psyshock|p1a: Glimmora
|-activate|p1a: Glimmora|move: Protect
|
|upkeep
|turn|6
|
|t:|1785832572
|switch|p2b: Glimmora|Glimmora, L50, F|32/100
|move|p2a: Delphox|Protect|p2a: Delphox
|-singleturn|p2a: Delphox|Protect
|move|p1b: Weavile|Knock Off|p2a: Delphox
|-activate|p2a: Delphox|move: Protect
|move|p1a: Glimmora|Power Gem|p2a: Delphox
|-activate|p2a: Delphox|move: Protect
|
|upkeep
|turn|7
|
|t:|1785832592
|move|p1b: Weavile|Knock Off|p2a: Delphox
|-supereffective|p2a: Delphox|1
|-damage|p2a: Delphox|0 fnt
|faint|p2a: Delphox
|move|p2b: Glimmora|Earth Power|p1a: Glimmora
|-supereffective|p1a: Glimmora|2
|-damage|p1a: Glimmora|0 fnt
|faint|p1a: Glimmora
|
|upkeep
|
|t:|1785832601
|switch|p2a: Kingambit|Kingambit, L50, M|100/100
|switch|p1a: Gardevoir|Gardevoir, L50, F|36/100
|-ability|p1a: Gardevoir|Toxic Debris|Trace|[from] ability: Trace|[of] p2b: Glimmora
|turn|8
|
|t:|1785832628
|move|p2b: Glimmora|Spiky Shield|p2b: Glimmora
|-singleturn|p2b: Glimmora|move: Protect
|move|p1b: Weavile|Knock Off|p2b: Glimmora
|-activate|p2b: Glimmora|move: Protect
|-damage|p1b: Weavile|87/100|[from] Spiky Shield|[of] p2b: Glimmora
|move|p1a: Gardevoir|Encore||[still]
|-fail|p1a: Gardevoir
|move|p2a: Kingambit|Iron Head|p1b: Weavile
|-supereffective|p1b: Weavile|1
|-damage|p1b: Weavile|0 fnt
|faint|p1b: Weavile
|
|upkeep
|turn|9
|
|t:|1785832652
|move|p2b: Glimmora|Power Gem|p1a: Gardevoir
|-damage|p1a: Gardevoir|0 fnt
|faint|p1a: Gardevoir
|
|win|hinoky
