|j|☆Pepitolopalote
|j|☆raksbach
|html|Pepitolopaloteraksbach    
|uhtml|bestof|Game 2 of a best-of-3
|t:|1782470049
|gametype|doubles
|player|p1|Pepitolopalote|hiker-gen4|1175
|player|p2|raksbach|170|1065
|gen|9
|tier|[Gen 9 Champions] VGC 2026 Reg M-B (Bo3)
|rated|
|rule|Species Clause: Limit one of each Pokémon
|rule|Item Clause: Limit 1 of each item
|clearpoke
|poke|p1|Charizard, L50, F|
|poke|p1|Sylveon, L50, F|
|poke|p1|Farigiraf, L50, M|
|poke|p1|Aerodactyl, L50, M|
|poke|p1|Garchomp, L50, F|
|poke|p1|Kingambit, L50, F|
|poke|p2|Swampert, L50, F|
|poke|p2|Pelipper, L50, M|
|poke|p2|Archaludon, L50, M|
|poke|p2|Venusaur, L50, F|
|poke|p2|Gholdengo, L50|
|poke|p2|Grimmsnarl, L50, M|
|teampreview|4
|showteam|p1|Charizard||CharizarditeY|SolarPower|Protect,WeatherBall,SolarBeam,HeatWave|Modest||F|||50|]Sylveon||FairyFeather|Pixilate|Protect,HyperVoice,QuickAttack,HyperBeam|Modest||F|||50|]Farigiraf||SitrusBerry|ArmorTail|Psychic,GrassKnot,TrickRoom,Thunderbolt|Bold||M|||50|]Aerodactyl||Aerodactylite|Unnerve|RockSlide,DualWingbeat,Tailwind,IceFang|Jolly||M|||50|]Garchomp||LifeOrb|RoughSkin|Earthquake,StompingTantrum,DragonClaw,Protect|Jolly||F|||50|]Kingambit||FocusSash|Defiant|KowtowCleave,IronHead,SuckerPunch,LowKick|Adamant||F|||50|
|showteam|p2|Swampert||Swampertite|Damp|WaveCrash,Earthquake,IcePunch,Protect|Adamant||F|||50|]Pelipper||SitrusBerry|Drizzle|Hurricane,WeatherBall,WideGuard,Tailwind|Bold||M|||50|]Archaludon||Leftovers|Stamina|DragonPulse,FlashCannon,ElectroShot,Protect|Modest||M|||50|]Venusaur||Venusaurite|Chlorophyll|SludgeBomb,GigaDrain,EarthPower,Protect|Modest||F|||50|]Gholdengo||LifeOrb|GoodasGold|MakeItRain,ShadowBall,NastyPlot,Protect|Timid|||||50|]Grimmsnarl||LightClay|Prankster|FoulPlay,Reflect,LightScreen,PartingShot|Careful||M|||50|
|inactive|Battle timer is ON: inactive players will automatically lose when time's up. (requested by raksbach)
|inactive|raksbach has 60 seconds left.
|
|t:|1782470094
|teamsize|p1|4
|teamsize|p2|4
|start
|switch|p1a: Farigiraf|Farigiraf, L50, M|100/100
|switch|p1b: Kingambit|Kingambit, L50, F|100/100
|switch|p2a: Swampert|Swampert, L50, F|100/100
|switch|p2b: Grimmsnarl|Grimmsnarl, L50, M|100/100
|turn|1
|inactive|Pepitolopalote has 30 seconds left.
|
|t:|1782470120
|detailschange|p2a: Swampert|Swampert-Mega, L50, F
|-mega|p2a: Swampert|Swampert|Swampertite
|move|p2b: Grimmsnarl|Reflect|p2b: Grimmsnarl
|-sidestart|p2: raksbach|Reflect
|move|p2a: Swampert|Wave Crash|p1b: Kingambit
|-damage|p1b: Kingambit|38/100
|-damage|p2a: Swampert|80/100|[from] Recoil
|move|p1b: Kingambit|Kowtow Cleave|p2a: Swampert
|-damage|p2a: Swampert|50/100g
|move|p1a: Farigiraf|Grass Knot|p2a: Swampert
|-supereffective|p2a: Swampert|2
|-damage|p2a: Swampert|0 fnt
|faint|p2a: Swampert
|
|upkeep
|
|t:|1782470135
|switch|p2a: Gholdengo|Gholdengo, L50|100/100
|turn|2
|
|t:|1782470146
|move|p2b: Grimmsnarl|Light Screen|p2b: Grimmsnarl
|-sidestart|p2: raksbach|move: Light Screen
|move|p2a: Gholdengo|Nasty Plot|p2a: Gholdengo
|-boost|p2a: Gholdengo|spa|2
|move|p1b: Kingambit|Kowtow Cleave|p2a: Gholdengo
|-supereffective|p2a: Gholdengo|1
|-damage|p2a: Gholdengo|19/100
|move|p1a: Farigiraf|Thunderbolt|p2a: Gholdengo
|-damage|p2a: Gholdengo|1/100
|
|upkeep
|turn|3
|
|t:|1782470163
|move|p2a: Gholdengo|Protect|p2a: Gholdengo
|-singleturn|p2a: Gholdengo|Protect
|move|p1b: Kingambit|Sucker Punch||[still]
|-fail|p1b: Kingambit
|move|p2b: Grimmsnarl|Foul Play|p1b: Kingambit
|-resisted|p1b: Kingambit|1
|-damage|p1b: Kingambit|13/100
|move|p1a: Farigiraf|Thunderbolt|p2b: Grimmsnarl
|-damage|p2b: Grimmsnarl|86/100
|
|upkeep
|turn|4
|inactive|Pepitolopalote has 30 seconds left.
|
|t:|1782470192
|move|p2a: Gholdengo|Protect|p2a: Gholdengo
|-singleturn|p2a: Gholdengo|Protect
|move|p1b: Kingambit|Sucker Punch||[still]
|-fail|p1b: Kingambit
|move|p1a: Farigiraf|Thunderbolt|p2a: Gholdengo
|-activate|p2a: Gholdengo|move: Protect
|move|p2b: Grimmsnarl|Foul Play|p1b: Kingambit
|-resisted|p1b: Kingambit|1
|-damage|p1b: Kingambit|0 fnt
|faint|p1b: Kingambit
|
|upkeep
|
|t:|1782470194
|switch|p1b: Charizard|Charizard, L50, F|100/100
|turn|5
|
|t:|1782470205
|move|p1b: Charizard|Protect|p1b: Charizard
|-singleturn|p1b: Charizard|Protect
|move|p2b: Grimmsnarl|Light Screen||[still]
|-fail|p2b: Grimmsnarl
|move|p2a: Gholdengo|Make It Rain|p1b: Charizard|[spread] p1a
|-activate|p1b: Charizard|move: Protect
|-crit|p1a: Farigiraf
|-damage|p1a: Farigiraf|0 fnt
|-unboost|p2a: Gholdengo|spa|2
|faint|p1a: Farigiraf
|-damage|p2a: Gholdengo|0 fnt|[from] item: Life Orb
|faint|p2a: Gholdengo
|
|upkeep
|
|t:|1782470214
|switch|p2a: Pelipper|Pelipper, L50, M|100/100
|switch|p1a: Garchomp|Garchomp, L50, F|100/100
|-weather|RainDance|[from] ability: Drizzle|[of] p2a: Pelipper
|turn|6
|
|t:|1782470234
|detailschange|p1b: Charizard|Charizard-Mega-Y, L50, F
|-mega|p1b: Charizard|Charizard|Charizardite Y
|-weather|SunnyDay|[from] ability: Drought|[of] p1b: Charizard
|move|p2a: Pelipper|Wide Guard|p2a: Pelipper
|-singleturn|p2a: Pelipper|Wide Guard
|move|p1a: Garchomp|Stomping Tantrum|p2b: Grimmsnarl
|-damage|p2b: Grimmsnarl|50/100g
|-damage|p1a: Garchomp|90/100|[from] item: Life Orb
|move|p1b: Charizard|Weather Ball|p2b: Grimmsnarl
|-damage|p2b: Grimmsnarl|4/100
|move|p2b: Grimmsnarl|Foul Play|p1a: Garchomp
|-damage|p1a: Garchomp|44/100
|-damage|p2b: Grimmsnarl|0 fnt|[from] ability: Rough Skin|[of] p1a: Garchomp
|faint|p2b: Grimmsnarl
|
|-weather|SunnyDay|[upkeep]
|upkeep
|turn|7
|-message|raksbach forfeited.
|
|win|Pepitolopalote
|raw|Pepitolopalote's rating: 1175 → 1192(+17 for winning)
|raw|raksbach's rating: 1065 → 1051(-14 for losing)
