|j|☆DrXJ13
|j|☆kurapikt07
|html|DrXJ13kurapikt07    
|uhtml|bestof|Game 1 of a best-of-3
|t:|1757244262
|gametype|doubles
|player|p1|DrXJ13|2|1161
|player|p2|kurapikt07|pokemonbreeder-gen4|1000
|gen|9
|tier|[Gen 9] VGC 2025 Reg H (Bo3)
|rated|
|rule|Species Clause: Limit one of each Pokémon
|rule|Item Clause: Limit 1 of each item
|clearpoke
|poke|p1|Sinistcha, L50|
|poke|p1|Ursaluna-Bloodmoon, L50, M|
|poke|p1|Incineroar, L50, M|
|poke|p1|Sneasler, L50, M|
|poke|p1|Dragonite, L50, M|
|poke|p1|Corviknight, L50, M|
|poke|p2|Meowscarada, L50, F|
|poke|p2|Dunsparce, L50, F|
|poke|p2|Talonflame, L50, F|
|poke|p2|Crabominable, L50, M|
|poke|p2|Froslass, L50, F|
|poke|p2|Tauros-Paldea-Blaze, L50, M|
|teampreview|4
|showteam|p1|Sinistcha||RockyHelmet|Hospitality|MatchaGotcha,ShadowBall,TrickRoom,RagePowder||||||50|,,,,,Water]Ursaluna-Bloodmoon||Leftovers|MindsEye|HyperVoice,EarthPower,CalmMind,Protect|||M|||50|,,,,,Water]Incineroar||SafetyGoggles|Intimidate|FakeOut,KnockOff,FlareBlitz,PartingShot|||M|||50|,,,,,Ghost]Sneasler||FocusSash|Unburden|Coaching,DireClaw,CloseCombat,Protect|||M|||50|,,,,,Stellar]Dragonite||LoadedDice|Multiscale|ScaleShot,ExtremeSpeed,Haze,Protect|||M|||50|,,,,,Fairy]Corviknight||CovertCloak|MirrorArmor|DualWingbeat,Tailwind,IronHead,Taunt|||M|||50|,,,,,Dragon
|showteam|p2|Meowscarada||FocusSash|Overgrow|FlowerTrick,TrickRoom,Taunt,PollenPuff|||F|||50|,,,,,Flying]Dunsparce||Eviolite|SereneGrace|AncientPower,Roost,HyperDrill,PsychUp|||F|||50|,,,,,Flying]Talonflame||EjectButton|GaleWings|BraveBird,UpperHand,Tailwind,Taunt|||F|||50|,,,,,Ghost]Crabominable||SitrusBerry|AngerPoint|DrainPunch,UpperHand,KnockOff,WideGuard|||M|||50|,,,,,Dark]Froslass||WideLens|SnowCloak|FrostBreath,Snowscape,AuroraVeil,Blizzard|||F|||50|,,,,,Ice]Tauros-Paldea-Blaze||SafetyGoggles|AngerPoint|Earthquake,RockSlide,Protect,RagingBull|||M|||50|,,,,,Dark
|inactive|Battle timer is ON: inactive players will automatically lose when time's up. (requested by DrXJ13)
|inactive|DrXJ13 has 60 seconds left.
|inactive|kurapikt07 has 60 seconds left.
|
|t:|1757244319
|teamsize|p1|4
|teamsize|p2|4
|start
|switch|p1a: Toño|Incineroar, L50, M|100/100
|switch|p1b: Onichan|Dragonite, L50, M|100/100
|switch|p2a: Talonflame|Talonflame, L50, F|100/100
|switch|p2b: Tauros|Tauros-Paldea-Blaze, L50, M|100/100
|-ability|p1a: Toño|Intimidate|boost
|-unboost|p2a: Talonflame|atk|1
|-unboost|p2b: Tauros|atk|1
|turn|1
|
|t:|1757244337
|-terastallize|p2a: Talonflame|Ghost
|move|p2b: Tauros|Protect|p2b: Tauros
|-singleturn|p2b: Tauros|Protect
|move|p1a: Toño|Fake Out|p2b: Tauros
|-activate|p2b: Tauros|move: Protect
|move|p2a: Talonflame|Tailwind|p2a: Talonflame
|-sidestart|p2: kurapikt07|move: Tailwind
|move|p1b: Onichan|Scale Shot|p2a: Talonflame
|-damage|p2a: Talonflame|77/100
|-damage|p2a: Talonflame|54/100
|-damage|p2a: Talonflame|32/100
|-damage|p2a: Talonflame|10/100
|-hitcount|p2a: Talonflame|4
|-enditem|p2a: Talonflame|Eject Button
|-unboost|p1b: Onichan|def|1
|-boost|p1b: Onichan|spe|1
|
|t:|1757244353
|switch|p2a: Meowscarada|Meowscarada, L50, F|100/100
|
|upkeep
|turn|2
|
|t:|1757244369
|move|p1b: Onichan|Protect|p1b: Onichan
|-singleturn|p1b: Onichan|Protect
|move|p2a: Meowscarada|Flower Trick|p2b: Tauros
|-resisted|p2b: Tauros
|-crit|p2b: Tauros
|-damage|p2b: Tauros|78/100
|-setboost|p2b: Tauros|atk|6|[from] ability: Anger Point
|move|p2b: Tauros|Rock Slide|p1a: Toño|[spread] p1a
|-activate|p1b: Onichan|move: Protect
|-supereffective|p1a: Toño
|-damage|p1a: Toño|9/100
|move|p1a: Toño|Parting Shot|p2a: Meowscarada
|-unboost|p2a: Meowscarada|atk|1
|-unboost|p2a: Meowscarada|spa|1
|
|t:|1757244385
|switch|p1a: Té (en) tazas|Sinistcha, L50|100/100|[from] Parting Shot
|
|upkeep
|turn|3
|inactive|DrXJ13 has 30 seconds left.
|
|t:|1757244413
|switch|p1a: Toño|Incineroar, L50, M|9/100
|-ability|p1a: Toño|Intimidate|boost
|-unboost|p2a: Meowscarada|atk|1
|-unboost|p2b: Tauros|atk|1
|-terastallize|p1b: Onichan|Fairy
|move|p2b: Tauros|Protect|p2b: Tauros
|-singleturn|p2b: Tauros|Protect
|move|p2a: Meowscarada|Taunt|p1a: Toño
|-start|p1a: Toño|move: Taunt
|move|p1b: Onichan|Haze|p1b: Onichan
|-clearallboost
|
|upkeep
|turn|4
|
|t:|1757244428
|move|p1a: Toño|Fake Out|p2a: Meowscarada
|-damage|p2a: Meowscarada|83/100
|cant|p2a: Meowscarada|flinch
|move|p2b: Tauros|Rock Slide|p1b: Onichan|[spread] p1a,p1b
|-supereffective|p1a: Toño
|-damage|p1a: Toño|0 fnt
|-damage|p1b: Onichan|92/100
|faint|p1a: Toño
|cant|p1b: Onichan|flinch
|
|-sideend|p2: kurapikt07|move: Tailwind
|upkeep
|
|t:|1757244437
|switch|p1a: Tuex|Sneasler, L50, M|100/100
|turn|5
|inactive|kurapikt07 has 30 seconds left.
|
|t:|1757244468
|move|p2b: Tauros|Protect|p2b: Tauros
|-singleturn|p2b: Tauros|Protect
|move|p1a: Tuex|Dire Claw|p2a: Meowscarada
|-supereffective|p2a: Meowscarada
|-damage|p2a: Meowscarada|0 fnt
|faint|p2a: Meowscarada
|move|p1b: Onichan|Scale Shot|p2b: Tauros
|-activate|p2b: Tauros|move: Protect
|
|upkeep
|
|t:|1757244481
|switch|p2a: Talonflame|Talonflame, L50, F, tera:Ghost|10/100
|turn|6
|
|t:|1757244491
|move|p2a: Talonflame|Tailwind|p2a: Talonflame
|-sidestart|p2: kurapikt07|move: Tailwind
|move|p2b: Tauros|Earthquake|p1b: Onichan|[spread] p2a,p1a,p1b
|-supereffective|p1a: Tuex
|-damage|p2a: Talonflame|0 fnt
|-damage|p1a: Tuex|33/100
|-damage|p1b: Onichan|71/100
|faint|p2a: Talonflame
|move|p1a: Tuex|Coaching|p1b: Onichan
|-boost|p1b: Onichan|atk|1
|-boost|p1b: Onichan|def|1
|move|p1b: Onichan|Scale Shot|p2b: Tauros
|-damage|p2b: Tauros|58/100
|-damage|p2b: Tauros|40/100
|-damage|p2b: Tauros|19/100
|-damage|p2b: Tauros|0 fnt
|faint|p2b: Tauros
|-hitcount|p2: Tauros|4
|-unboost|p1b: Onichan|def|1
|-boost|p1b: Onichan|spe|1
|
|upkeep
|
|t:|1757244509
|switch|p2b: Crabominable|Crabominable, L50, M|100/100
|turn|7
|
|t:|1757244525
|move|p1b: Onichan|Scale Shot|p2b: Crabominable
|-damage|p2b: Crabominable|84/100
|-damage|p2b: Crabominable|68/100
|-damage|p2b: Crabominable|52/100
|-damage|p2b: Crabominable|37/100
|-enditem|p2b: Crabominable|Sitrus Berry|[eat]
|-heal|p2b: Crabominable|62/100|[from] item: Sitrus Berry
|-damage|p2b: Crabominable|45/100
|-hitcount|p2b: Crabominable|5
|-unboost|p1b: Onichan|def|1
|-boost|p1b: Onichan|spe|1
|move|p1a: Tuex|Close Combat|p2b: Crabominable
|-supereffective|p2b: Crabominable
|-damage|p2b: Crabominable|0 fnt
|-unboost|p1a: Tuex|def|1
|-unboost|p1a: Tuex|spd|1
|faint|p2b: Crabominable
|
|win|DrXJ13
|inactive|DrXJ13 has 30 seconds to confirm battle start!
|inactive|kurapikt07 has 30 seconds to confirm battle start!
|l|☆kurapikt07
|player|p2|
||DrXJ13 is ready for game 2.
|inactive|kurapikt07 has 20 seconds to confirm battle start!
||kurapikt07 is ready for game 2.
|uhtml|next|Next: Game 2 of 3
