|j|☆kgs_cereal
|j|☆Koszul
|html|kgs_cerealKoszul    
|uhtml|bestof|Game 1 of a best-of-3
|t:|1783817006
|gametype|doubles
|player|p1|kgs_cereal|falkner|1066
|player|p2|Koszul|169|1000
|gen|9
|tier|[Gen 9 Champions] VGC 2026 Reg M-B (Bo3)
|rated|
|rule|Species Clause: Limit one of each Pokémon
|rule|Item Clause: Limit 1 of each item
|clearpoke
|poke|p1|Kangaskhan, L50, F|
|poke|p1|Whimsicott, L50, F|
|poke|p1|Incineroar, L50, M|
|poke|p1|Annihilape, L50, F|
|poke|p1|Politoed, L50, M|
|poke|p1|Swampert, L50, F|
|poke|p2|Sneasler, L50, M|
|poke|p2|Blastoise, L50, M|
|poke|p2|Kingambit, L50, M|
|poke|p2|Incineroar, L50, M|
|poke|p2|Delphox, L50, F|
|poke|p2|Sinistcha, L50|
|teampreview|4
|showteam|p1|Kangaskhan||Kangaskhanite|EarlyBird|FakeOut,DoubleEdge,Crunch,Protect|Brave||F|||50|]Whimsicott||FocusSash|Prankster|TrickRoom,Taunt,Moonblast,LightScreen|Bold||F|||50|]Incineroar||SitrusBerry|Intimidate|FakeOut,FlareBlitz,PartingShot,WillOWisp|Careful||M|||50|]Annihilape||Leftovers|InnerFocus|RageFist,BulkUp,DrainPunch,PoisonJab|Adamant||F|||50|]Politoed||MentalHerb|Drizzle|WeatherBall,Encore,Substitute,IceBeam|Quiet||M|||50|]Swampert||LifeOrb|Torrent|FlipTurn,Waterfall,BodySlam,Earthquake|Brave||F|||50|
|showteam|p2|Sneasler||FocusSash|PoisonTouch|PoisonJab,CloseCombat,FakeOut,QuickGuard|Jolly||M|||50|]Blastoise||Blastoisinite|RainDish|DarkPulse,WaterSpout,ShellSmash,Protect|Modest||M|||50|]Kingambit||BlackGlasses|Defiant|KowtowCleave,SuckerPunch,SwordsDance,Protect|Adamant||M|||50|]Incineroar||SitrusBerry|Intimidate|FlareBlitz,HelpingHand,PartingShot,FakeOut|Careful||M|||50|]Delphox||Delphoxite|Blaze|HeatWave,NastyPlot,Psyshock,Protect|Modest||F|||50|]Sinistcha||KasibBerry|Hospitality|MatchaGotcha,RagePowder,TrickRoom,Protect|Bold|||||50|
|inactive|Battle timer is ON: inactive players will automatically lose when time's up. (requested by Koszul)
|inactive|kgs_cereal has 60 seconds left.
|inactive|Koszul has 60 seconds left.
|inactive|kgs_cereal has 30 seconds left.
|
|t:|1783817071
|teamsize|p1|4
|teamsize|p2|4
|start
|switch|p1a: Incineroar|Incineroar, L50, M|100/100
|switch|p1b: Annihilape|Annihilape, L50, F|100/100
|switch|p2a: Blastoise|Blastoise, L50, M|100/100
|switch|p2b: Sinistcha|Sinistcha, L50|100/100
|-ability|p1a: Incineroar|Intimidate|boost
|-unboost|p2a: Blastoise|atk|1
|-unboost|p2b: Sinistcha|atk|1
|turn|1
|inactive|kgs_cereal has 30 seconds left.
|inactive|kgs_cereal has 20 seconds left.
|
|t:|1783817109
|detailschange|p2a: Blastoise|Blastoise-Mega, L50, M
|-mega|p2a: Blastoise|Blastoise|Blastoisinite
|move|p2a: Blastoise|Protect|p2a: Blastoise
|-singleturn|p2a: Blastoise|Protect
|move|p2b: Sinistcha|Protect|p2b: Sinistcha
|-singleturn|p2b: Sinistcha|Protect
|move|p1b: Annihilape|Bulk Up|p1b: Annihilape
|-boost|p1b: Annihilape|atk|1
|-boost|p1b: Annihilape|def|1
|move|p1a: Incineroar|Parting Shot|p2a: Blastoise
|-activate|p2a: Blastoise|move: Protect
|
|upkeep
|turn|2
|inactive|kgs_cereal has 30 seconds left.
|
|t:|1783817136
|move|p2b: Sinistcha|Rage Powder|p2b: Sinistcha
|-singleturn|p2b: Sinistcha|move: Rage Powder
|move|p2a: Blastoise|Shell Smash|p2a: Blastoise
|-unboost|p2a: Blastoise|def|1
|-unboost|p2a: Blastoise|spd|1
|-boost|p2a: Blastoise|atk|2
|-boost|p2a: Blastoise|spa|2
|-boost|p2a: Blastoise|spe|2
|move|p1b: Annihilape|Poison Jab|p2b: Sinistcha
|-damage|p2b: Sinistcha|62/100
|move|p1a: Incineroar|Parting Shot|p2b: Sinistcha
|-unboost|p2b: Sinistcha|atk|1
|-unboost|p2b: Sinistcha|spa|1
|
|t:|1783817148
|switch|p1a: Whimsicott|Whimsicott, L50, F|100/100|[from] Parting Shot
|
|upkeep
|turn|3
|
|t:|1783817166
|switch|p1b: Incineroar|Incineroar, L50, M|100/100
|-ability|p1b: Incineroar|Intimidate|boost
|-unboost|p2a: Blastoise|atk|1
|-unboost|p2b: Sinistcha|atk|1
|switch|p2b: Sneasler|Sneasler, L50, M|100/100
|move|p2a: Blastoise|Protect|p2a: Blastoise
|-singleturn|p2a: Blastoise|Protect
|move|p1a: Whimsicott|Trick Room|p1a: Whimsicott
|-fieldstart|move: Trick Room|[of] p1a: Whimsicott
|
|upkeep
|turn|4
|inactive|kgs_cereal has 30 seconds left.
|inactive|Koszul has 30 seconds left.
|inactive|kgs_cereal has 20 seconds left.
|inactive|Koszul has 20 seconds left.
|inactive|kgs_cereal has 15 seconds left.
|inactive|Koszul has 15 seconds left.
|inactive|Koszul has 10 seconds left.
|
|t:|1783817214
|move|p1b: Incineroar|Fake Out|p2a: Blastoise
|-crit|p2a: Blastoise
|-damage|p2a: Blastoise|76/100
|move|p2b: Sneasler|Fake Out|p1a: Whimsicott
|-damage|p1a: Whimsicott|86/100
|cant|p1a: Whimsicott|flinch
|cant|p2a: Blastoise|flinch
|
|upkeep
|turn|5
|
|t:|1783817233
|move|p2a: Blastoise|Protect|p2a: Blastoise
|-singleturn|p2a: Blastoise|Protect
|move|p1a: Whimsicott|Light Screen|p1a: Whimsicott
|-sidestart|p1: kgs_cereal|move: Light Screen
|move|p1b: Incineroar|Will-O-Wisp|p2b: Sneasler|[miss]
|-miss|p1b: Incineroar|p2b: Sneasler
|move|p2b: Sneasler|Poison Jab|p1a: Whimsicott
|-supereffective|p1a: Whimsicott|2
|-crit|p1a: Whimsicott
|-damage|p1a: Whimsicott|0 fnt
|faint|p1a: Whimsicott
|
|upkeep
|
|t:|1783817248
|switch|p1a: Kangaskhan|Kangaskhan, L50, F|100/100
|turn|6
|inactive|kgs_cereal has 30 seconds left.
|inactive|kgs_cereal has 20 seconds left.
|inactive|kgs_cereal has 15 seconds left.
|
|t:|1783817288
|switch|p2a: Sinistcha|Sinistcha, L50|62/100
|detailschange|p1a: Kangaskhan|Kangaskhan-Mega, L50, F
|-mega|p1a: Kangaskhan|Kangaskhan|Kangaskhanite
|move|p1b: Incineroar|Will-O-Wisp|p2b: Sneasler
|-status|p2b: Sneasler|brn
|move|p1a: Kangaskhan|Crunch|p2a: Sinistcha
|-supereffective|p2a: Sinistcha|1
|-damage|p2a: Sinistcha|8/100
|-supereffective|p2a: Sinistcha|1
|-damage|p2a: Sinistcha|0 fnt
|faint|p2a: Sinistcha
|-hitcount|p2: Sinistcha|2
|move|p2b: Sneasler|Poison Jab|p1b: Incineroar
|-damage|p1b: Incineroar|80/100
|
|-damage|p2b: Sneasler|94/100 brn|[from] brn
|upkeep
|inactive|Koszul has 30 seconds left.
|inactive|Koszul has 20 seconds left.
|inactive|Koszul has 15 seconds left.
|inactive|Koszul has 10 seconds left.
|
|t:|1783817338
|switch|p2a: Blastoise|Blastoise-Mega, L50, M|76/100
|turn|7
|
|t:|1783817353
|move|p1b: Incineroar|Parting Shot|p2a: Blastoise
|-unboost|p2a: Blastoise|atk|1
|-unboost|p2a: Blastoise|spa|1
|
|t:|1783817357
|switch|p1b: Annihilape|Annihilape, L50, F|100/100|[from] Parting Shot
|move|p1a: Kangaskhan|Double-Edge|p2b: Sneasler
|-damage|p2b: Sneasler|0 fnt
|faint|p2b: Sneasler
|-damage|p1a: Kangaskhan|74/100|[from] Recoil
|move|p2a: Blastoise|Shell Smash|p2a: Blastoise
|-unboost|p2a: Blastoise|def|1
|-unboost|p2a: Blastoise|spd|1
|-boost|p2a: Blastoise|atk|2
|-boost|p2a: Blastoise|spa|2
|-boost|p2a: Blastoise|spe|2
|
|-fieldend|move: Trick Room
|upkeep
|
|t:|1783817363
|switch|p2b: Kingambit|Kingambit, L50, M|100/100
|turn|8
|inactive|kgs_cereal has 30 seconds left.
|inactive|kgs_cereal has 20 seconds left.
|inactive|Koszul has 30 seconds left.
|inactive|kgs_cereal has 15 seconds left.
|inactive|kgs_cereal has 10 seconds left.
|
|t:|1783817417
|switch|p1a: Incineroar|Incineroar, L50, M|80/100
|-ability|p1a: Incineroar|Intimidate|boost
|-unboost|p2a: Blastoise|atk|1
|-unboost|p2b: Kingambit|atk|1
|-ability|p2b: Kingambit|Defiant|boost
|-boost|p2b: Kingambit|atk|2
|move|p2b: Kingambit|Sucker Punch|p1b: Annihilape
|-damage|p1b: Annihilape|35/100
|move|p2a: Blastoise|Water Spout|p1b: Annihilape|[spread] p1a,p1b
|-supereffective|p1a: Incineroar|1
|-damage|p1a: Incineroar|12/100
|-damage|p1b: Annihilape|0 fnt
|-enditem|p1a: Incineroar|Sitrus Berry|[eat]
|-heal|p1a: Incineroar|37/100|[from] item: Sitrus Berry
|faint|p1b: Annihilape
|
|upkeep
|
|t:|1783817432
|switch|p1b: Kangaskhan|Kangaskhan-Mega, L50, F|74/100
|turn|9
|inactive|kgs_cereal has 30 seconds left.
|
|t:|1783817466
|move|p2a: Blastoise|Protect|p2a: Blastoise
|-singleturn|p2a: Blastoise|Protect
|move|p2b: Kingambit|Protect|p2b: Kingambit
|-singleturn|p2b: Kingambit|Protect
|move|p1a: Incineroar|Fake Out|p2a: Blastoise
|-activate|p2a: Blastoise|move: Protect
|move|p1b: Kangaskhan|Double-Edge|p2a: Blastoise
|-activate|p2a: Blastoise|move: Protect
|
|-sideend|p1: kgs_cereal|move: Light Screen
|upkeep
|turn|10
|
|t:|1783817483
|move|p2b: Kingambit|Sucker Punch|p1a: Incineroar
|-resisted|p1a: Incineroar|1
|-damage|p1a: Incineroar|6/100
|move|p2a: Blastoise|Water Spout|p1b: Kangaskhan|[spread] p1a,p1b
|-supereffective|p1a: Incineroar|1
|-damage|p1a: Incineroar|0 fnt
|-damage|p1b: Kangaskhan|6/100
|faint|p1a: Incineroar
|move|p1b: Kangaskhan|Double-Edge|p2a: Blastoise
|-damage|p2a: Blastoise|0 fnt
|faint|p2a: Blastoise
|-damage|p1b: Kangaskhan|0 fnt|[from] Recoil
|faint|p1b: Kangaskhan
|
|win|Koszul
||kgs_cereal is ready for game 2.
