|j|☆sorecruiser
|j|☆professorcox
|html|sorecruiserprofessorcox    
|uhtml|bestof|Game 2 of a best-of-3
|t:|1756832468
|gametype|doubles
|player|p1|sorecruiser|furisodegirl-black|1099
|player|p2|professorcox|170|1100
|gen|9
|tier|[Gen 9] VGC 2025 Reg H (Bo3)
|rated|
|rule|Species Clause: Limit one of each Pokémon
|rule|Item Clause: Limit 1 of each item
|clearpoke
|poke|p1|Gholdengo, L50|
|poke|p1|Whimsicott, L50, M|
|poke|p1|Sneasler, L50, F|
|poke|p1|Basculegion, L50, M|
|poke|p1|Hydreigon, L50, M|
|poke|p1|Magmar, L50, M|
|poke|p2|Archaludon, L50, M|
|poke|p2|Dragonite, L50, M|
|poke|p2|Pelipper, L50, F|
|poke|p2|Ursaluna, L50, M|
|poke|p2|Sinistcha, L50|
|poke|p2|Gholdengo, L50|
|teampreview|4
|showteam|p1|Gholdengo||MetalCoat|GoodasGold|MakeItRain,ShadowBall,NastyPlot,Protect||||||50|,,,,,Steel]Whimsicott||CovertCloak|Prankster|Tailwind,Encore,FakeTears,Moonblast|||M|||50|,,,,,Dark]Sneasler||FocusSash|PoisonTouch|Protect,CloseCombat,DireClaw,ThroatChop|||F|||50|,,,,,Dark]Basculegion||ChoiceScarf|Adaptability|LastRespects,WaveCrash,AquaJet,FlipTurn|||M|||50|,,,,,Ghost]Hydreigon||ChoiceSpecs|Levitate|DarkPulse,DracoMeteor,Snarl,HeatWave|||M|||50|,,,,,Fire]Magmar||Eviolite|VitalSpirit|Protect,FollowMe,HeatWave,Taunt|||M|||50|,,,,,Water
|showteam|p2|Archaludon||AssaultVest|Stamina|FlashCannon,ElectroShot,BodyPress,DragonPulse|||M|||50|,,,,,Grass]Dragonite||LoadedDice|Multiscale|ScaleShot,Tailwind,Haze,Protect|||M|||50|,,,,,Fairy]Pelipper||CovertCloak|Drizzle|WeatherBall,Hurricane,Tailwind,Protect|||F|||50|,,,,,Ground]Ursaluna||FlameOrb|Guts|Facade,HeadlongRush,Earthquake,Protect|||M|||50|,,,,,Ghost]Sinistcha||SitrusBerry|Hospitality|MatchaGotcha,LifeDew,RagePowder,TrickRoom||||||50|,,,,,Dark]Gholdengo||ChoiceScarf|GoodasGold|MakeItRain,ShadowBall,Trick,Protect||||||50|,,,,,Flying
|c|☆sorecruiser|glhf
|inactive|Battle timer is ON: inactive players will automatically lose when time's up. (requested by professorcox)
|c|☆professorcox|you too
|inactive|sorecruiser has 60 seconds left.
|
|t:|1756832514
|teamsize|p1|4
|teamsize|p2|4
|start
|switch|p1a: Sneasler|Sneasler, L50, F|100/100
|switch|p1b: Hydreigon|Hydreigon, L50, M|100/100
|switch|p2a: Dragonite|Dragonite, L50, M, shiny|100/100
|switch|p2b: Gholdengo|Gholdengo, L50, shiny|100/100
|turn|1
|inactive|professorcox has 30 seconds left.
|
|t:|1756832545
|-terastallize|p1b: Hydreigon|Fire
|move|p2a: Dragonite|Protect|p2a: Dragonite
|-singleturn|p2a: Dragonite|Protect
|move|p2b: Gholdengo|Trick|p1b: Hydreigon
|-activate|p2b: Gholdengo|move: Trick|[of] p1b: Hydreigon
|-item|p1b: Hydreigon|Choice Scarf|[from] move: Trick
|-item|p2b: Gholdengo|Choice Specs|[from] move: Trick
|move|p1b: Hydreigon|Heat Wave|p2a: Dragonite|[spread] p2b
|-activate|p2a: Dragonite|move: Protect
|-supereffective|p2b: Gholdengo
|-damage|p2b: Gholdengo|0 fnt
|faint|p2b: Gholdengo
|move|p1a: Sneasler|Dire Claw|p2a: Dragonite
|-activate|p2a: Dragonite|move: Protect
|
|upkeep
|
|t:|1756832560
|switch|p2b: Pelipper|Pelipper, L50, F, shiny|100/100
|-weather|RainDance|[from] ability: Drizzle|[of] p2b: Pelipper
|turn|2
|
|t:|1756832575
|switch|p1b: Whimsicott|Whimsicott, L50, M|100/100
|move|p1a: Sneasler|Protect|p1a: Sneasler
|-singleturn|p1a: Sneasler|Protect
|move|p2a: Dragonite|Scale Shot|p1a: Sneasler
|-activate|p1a: Sneasler|move: Protect
|move|p2b: Pelipper|Tailwind|p2b: Pelipper
|-sidestart|p2: professorcox|move: Tailwind
|
|-weather|RainDance|[upkeep]
|upkeep
|turn|3
|inactive|sorecruiser has 30 seconds left.
|
|t:|1756832602
|switch|p2a: Archaludon|Archaludon, L50, M, shiny|100/100
|switch|p1a: Hydreigon|Hydreigon, L50, M, tera:Fire|100/100
|move|p1b: Whimsicott|Encore|p2b: Pelipper
|-start|p2b: Pelipper|Encore
|move|p2b: Pelipper|Tailwind||[still]
|-fail|p2b: Pelipper
|
|-weather|RainDance|[upkeep]
|upkeep
|turn|4
|
|t:|1756832624
|-terastallize|p2a: Archaludon|Grass
|move|p1b: Whimsicott|Fake Tears|p2a: Archaludon
|-unboost|p2a: Archaludon|spd|2
|move|p2b: Pelipper|Tailwind||[still]
|-fail|p2b: Pelipper
|move|p2a: Archaludon|Electro Shot||[still]
|-prepare|p2a: Archaludon|Electro Shot
|-boost|p2a: Archaludon|spa|1
|-anim|p2a: Archaludon|Electro Shot|p1b: Whimsicott
|-resisted|p1b: Whimsicott
|-damage|p1b: Whimsicott|67/100
|move|p1a: Hydreigon|Draco Meteor|p2b: Pelipper
|-damage|p2b: Pelipper|0 fnt
|-unboost|p1a: Hydreigon|spa|2
|faint|p2b: Pelipper
|
|-weather|RainDance|[upkeep]
|upkeep
|
|t:|1756832636
|switch|p2b: Dragonite|Dragonite, L50, M, shiny|100/100
|turn|5
|
|t:|1756832656
|move|p1b: Whimsicott|Tailwind|p1b: Whimsicott
|-sidestart|p1: sorecruiser|move: Tailwind
|move|p1a: Hydreigon|Draco Meteor|p2b: Dragonite
|-supereffective|p2b: Dragonite
|-damage|p2b: Dragonite|62/100
|-unboost|p1a: Hydreigon|spa|2
|move|p2b: Dragonite|Scale Shot|p1a: Hydreigon
|-damage|p1a: Hydreigon|84/100
|-damage|p1a: Hydreigon|68/100
|-damage|p1a: Hydreigon|49/100
|-damage|p1a: Hydreigon|32/100
|-hitcount|p1a: Hydreigon|4
|-unboost|p2b: Dragonite|def|1
|-boost|p2b: Dragonite|spe|1
|move|p2a: Archaludon|Flash Cannon|p1b: Whimsicott
|-supereffective|p1b: Whimsicott
|-damage|p1b: Whimsicott|0 fnt
|faint|p1b: Whimsicott
|
|-weather|RainDance|[upkeep]
|-sideend|p2: professorcox|move: Tailwind
|upkeep
|
|t:|1756832674
|switch|p1b: Sneasler|Sneasler, L50, F|100/100
|turn|6
|
|t:|1756832690
|switch|p1a: Basculegion|Basculegion, L50, M|100/100
|move|p2b: Dragonite|Protect|p2b: Dragonite
|-singleturn|p2b: Dragonite|Protect
|move|p1b: Sneasler|Dire Claw|p2b: Dragonite
|-activate|p2b: Dragonite|move: Protect
|move|p2a: Archaludon|Electro Shot||[still]
|-prepare|p2a: Archaludon|Electro Shot
|-boost|p2a: Archaludon|spa|1
|-anim|p2a: Archaludon|Electro Shot|p1a: Basculegion
|-supereffective|p1a: Basculegion
|-damage|p1a: Basculegion|0 fnt
|faint|p1a: Basculegion
|
|-weather|none
|upkeep
|
|t:|1756832701
|switch|p1a: Hydreigon|Hydreigon, L50, M, tera:Fire|32/100
|turn|7
|
|t:|1756832712
|move|p1a: Hydreigon|Draco Meteor|p2b: Dragonite
|-supereffective|p2b: Dragonite
|-damage|p2b: Dragonite|0 fnt
|-unboost|p1a: Hydreigon|spa|2
|faint|p2b: Dragonite
|move|p1b: Sneasler|Dire Claw|p2a: Archaludon
|-supereffective|p2a: Archaludon
|-damage|p2a: Archaludon|35/100
|-ability|p2a: Archaludon|Stamina|boost
|-boost|p2a: Archaludon|def|1
|-status|p2a: Archaludon|psn|[from] ability: Poison Touch|[of] p1b: Sneasler
|move|p2a: Archaludon|Dragon Pulse|p1a: Hydreigon
|-damage|p1a: Hydreigon|0 fnt
|faint|p1a: Hydreigon
|
|-damage|p2a: Archaludon|22/100 psn|[from] psn
|upkeep
|turn|8
|c|☆professorcox|gg
|-message|professorcox forfeited.
|
|win|sorecruiser
||professorcox is ready for game 3.
