|j|☆shaboogles
|j|☆AtomicTwilight
|html|shabooglesAtomicTwilight    
|uhtml|bestof|Game 3 of a best-of-3
|t:|1784177298
|gametype|doubles
|player|p1|shaboogles|102|
|player|p2|AtomicTwilight|canari|
|gen|9
|tier|[Gen 9 Champions] VGC 2026 Reg M-B (Bo3)
|rule|Species Clause: Limit one of each Pokémon
|rule|Item Clause: Limit 1 of each item
|clearpoke
|poke|p1|Chandelure, L50, F|
|poke|p1|Chesnaught, L50, F|
|poke|p1|Greninja, L50, F|
|poke|p1|Rotom-Mow, L50|
|poke|p1|Krookodile, L50, F|
|poke|p1|Ariados, L50, M|
|poke|p2|Greninja, L50, M|
|poke|p2|Slowking-Galar, L50, M|
|poke|p2|Rotom-Frost, L50|
|poke|p2|Klefki, L50, M|
|poke|p2|Krookodile, L50, M|
|poke|p2|Chesnaught, L50, F|
|teampreview|4
|showteam|p1|Chandelure||Chandelurite|Infiltrator|HeatWave,ShadowBall,TrickRoom,Protect|Modest||F|||50|]Chesnaught||RoseliBerry|Overgrow|WideGuard,SpikyShield,WoodHammer,HammerArm|Adamant||F|||50|]Greninja||Greninjite|Torrent|IcyWind,Protect,HydroPump,DarkPulse|Timid||F|||50|]Rotom-Mow||ChoiceScarf|Levitate|Thunderbolt,LeafStorm,Electroweb,VoltSwitch|Timid|||||50|]Krookodile||PasshoBerry|Intimidate|Crunch,Taunt,Protect,HighHorsepower|Adamant||F|||50|]Ariados||ScopeLens|Sniper|CrossPoison,Protect,RagePowder,KnockOff|Jolly||M|||50|
|showteam|p2|Greninja||Greninjite|Protean|Blizzard,DarkPulse,Extrasensory,Protect|Modest||M|||50|]Slowking-Galar||Leftovers|Regenerator|ChillyReception,Protect,Toxic,AcidSpray|Calm||M|||50|]Rotom-Frost||ChoiceScarf|Levitate|VoltSwitch,Blizzard,Discharge,Electroweb|Timid|||||50|]Klefki||LightClay|Prankster|ThunderWave,Reflect,LightScreen,DazzlingGleam|Timid||M|||50|]Krookodile||LifeOrb|Intimidate|Earthquake,Crunch,CloseCombat,Protect|Jolly||M|||50|]Chesnaught||RoseliBerry|Bulletproof|HammerArm,WoodHammer,WideGuard,SpikyShield|Adamant||F|||50|
|
|t:|1784177350
|teamsize|p1|4
|teamsize|p2|4
|start
|switch|p1a: Rotom|Rotom-Mow, L50|100/100
|switch|p1b: Chandelure|Chandelure, L50, F|100/100
|switch|p2a: Chesnaught|Chesnaught, L50, F|100/100
|switch|p2b: Slowking|Slowking-Galar, L50, M|100/100
|turn|1
|
|t:|1784177379
|switch|p2a: Klefki|Klefki, L50, M|100/100
|detailschange|p1b: Chandelure|Chandelure-Mega, L50, F
|-mega|p1b: Chandelure|Chandelure|Chandelurite
|move|p2b: Slowking|Protect|p2b: Slowking
|-singleturn|p2b: Slowking|Protect
|move|p1a: Rotom|Thunderbolt|p2b: Slowking
|-activate|p2b: Slowking|move: Protect
|move|p1b: Chandelure|Shadow Ball|p2b: Slowking
|-activate|p2b: Slowking|move: Protect
|
|upkeep
|turn|2
|
|t:|1784177407
|move|p2a: Klefki|Light Screen|p2a: Klefki
|-sidestart|p2: AtomicTwilight|move: Light Screen
|move|p1a: Rotom|Thunderbolt|p2b: Slowking
|-damage|p2b: Slowking|82/100
|move|p1b: Chandelure|Heat Wave|p2a: Klefki|[spread] p2a,p2b
|-supereffective|p2a: Klefki|1
|-damage|p2a: Klefki|0 fnt
|-damage|p2b: Slowking|53/100
|faint|p2a: Klefki
|move|p2b: Slowking|Toxic|p1b: Chandelure
|-status|p1b: Chandelure|tox
|
|-heal|p2b: Slowking|59/100|[from] item: Leftovers
|-damage|p1b: Chandelure|94/100 tox|[from] psn
|upkeep
|
|t:|1784177419
|switch|p2a: Chesnaught|Chesnaught, L50, F|100/100
|turn|3
|
|t:|1784177435
|switch|p1a: Greninja|Greninja, L50, F|100/100
|switch|p2a: Greninja|Greninja, L50, M|100/100
|move|p1b: Chandelure|Shadow Ball|p2b: Slowking
|-supereffective|p2b: Slowking|1
|-damage|p2b: Slowking|0 fnt
|faint|p2b: Slowking
|
|-damage|p1b: Chandelure|82/100 tox|[from] psn
|upkeep
|
|t:|1784177445
|switch|p2b: Chesnaught|Chesnaught, L50, F|100/100
|turn|4
|
|t:|1784177463
|detailschange|p2a: Greninja|Greninja-Mega, L50, M
|-mega|p2a: Greninja|Greninja|Greninjite
|move|p1b: Chandelure|Protect|p1b: Chandelure
|-singleturn|p1b: Chandelure|Protect
|move|p2a: Greninja|Dark Pulse|p1b: Chandelure
|-start|p2a: Greninja|typechange|Dark|[from] ability: Protean
|-activate|p1b: Chandelure|move: Protect
|move|p1a: Greninja|Icy Wind|p2a: Greninja|[spread] p2a,p2b
|-supereffective|p2b: Chesnaught|1
|-damage|p2a: Greninja|89/100
|-damage|p2b: Chesnaught|85/100
|-unboost|p2a: Greninja|spe|1
|-unboost|p2b: Chesnaught|spe|1
|move|p2b: Chesnaught|Wood Hammer|p1a: Greninja
|-supereffective|p1a: Greninja|1
|-damage|p1a: Greninja|0 fnt
|faint|p1a: Greninja
|-damage|p2b: Chesnaught|58/100|[from] Recoil
|
|-damage|p1b: Chandelure|64/100 tox|[from] psn
|upkeep
|
|t:|1784177476
|switch|p1a: Rotom|Rotom-Mow, L50|100/100
|turn|5
|
|t:|1784177498
|switch|p1b: Krookodile|Krookodile, L50, F|100/100
|-ability|p1b: Krookodile|Intimidate|boost
|-unboost|p2a: Greninja|atk|1
|-unboost|p2b: Chesnaught|atk|1
|move|p1a: Rotom|Thunderbolt|p2a: Greninja
|-damage|p2a: Greninja|52/100
|move|p2a: Greninja|Dark Pulse|p1b: Krookodile
|-resisted|p1b: Krookodile|1
|-damage|p1b: Krookodile|73/100
|move|p2b: Chesnaught|Hammer Arm|p1a: Rotom
|-damage|p1a: Rotom|59/100
|-unboost|p2b: Chesnaught|spe|1
|
|upkeep
|turn|6
|
|t:|1784177538
|move|p1b: Krookodile|Protect|p1b: Krookodile
|-singleturn|p1b: Krookodile|Protect
|move|p1a: Rotom|Thunderbolt|p2a: Greninja
|-damage|p2a: Greninja|14/100
|move|p2a: Greninja|Blizzard|p1a: Rotom|[spread] p1a
|-activate|p1b: Krookodile|move: Protect
|-supereffective|p1a: Rotom|1
|-damage|p1a: Rotom|0 fnt
|faint|p1a: Rotom
|move|p2b: Chesnaught|Hammer Arm|p1b: Krookodile
|-activate|p1b: Krookodile|move: Protect
|
|upkeep
|
|t:|1784177544
|switch|p1a: Chandelure|Chandelure-Mega, L50, F|64/100 tox
|turn|7
|
|t:|1784177557
|move|p2a: Greninja|Protect|p2a: Greninja
|-singleturn|p2a: Greninja|Protect
|move|p1b: Krookodile|Crunch|p2a: Greninja
|-activate|p2a: Greninja|move: Protect
|move|p1a: Chandelure|Heat Wave|p2b: Chesnaught|[spread] p2b
|-activate|p2a: Greninja|move: Protect
|-supereffective|p2b: Chesnaught|1
|-damage|p2b: Chesnaught|0 fnt
|faint|p2b: Chesnaught
|
|-damage|p1a: Chandelure|58/100 tox|[from] psn
|upkeep
|turn|8
|
|t:|1784177572
|move|p2a: Greninja|Dark Pulse|p1a: Chandelure
|-supereffective|p1a: Chandelure|1
|-damage|p1a: Chandelure|0 fnt
|faint|p1a: Chandelure
|move|p1b: Krookodile|Crunch|p2a: Greninja
|-resisted|p2a: Greninja|1
|-damage|p2a: Greninja|0 fnt
|faint|p2a: Greninja
|
|win|shaboogles
