|j|☆Esponjo
|j|☆ineedapea
|html|Esponjoineedapea    
|uhtml|bestof|Game 1 of a best-of-3
|t:|1785903252
|gametype|doubles
|player|p1|Esponjo|265|1043
|player|p2|ineedapea|red|1000
|gen|9
|tier|[Gen 9 Champions] VGC 2026 Reg M-B (Bo3)
|rated|
|rule|Species Clause: Limit one of each Pokémon
|rule|Item Clause: Limit 1 of each item
|clearpoke
|poke|p1|Staraptor, L50, M|
|poke|p1|Arcanine-Hisui, L50, M|
|poke|p1|Kingambit, L50, F|
|poke|p1|Raichu, L50, M|
|poke|p1|Farigiraf, L50, M|
|poke|p1|Sylveon, L50, M|
|poke|p2|Garchomp, L50, M|
|poke|p2|Tyranitar, L50, M|
|poke|p2|Basculegion, L50, M|
|poke|p2|Corviknight, L50, M|
|poke|p2|Scizor, L50, M|
|poke|p2|Sneasler, L50, F|
|teampreview|4
|showteam|p1|Staraptor||Staraptite|Intimidate|DualWingbeat,CloseCombat,Tailwind,Protect|Jolly||M|||50|]Arcanine-Hisui||FocusSash|RockHead|FlareBlitz,HeadSmash,ExtremeSpeed,Protect|Jolly||M|||50|]Kingambit||LifeOrb|Defiant|KowtowCleave,SuckerPunch,SwordsDance,Protect|Adamant||F|||50|]Raichu||RaichuniteY|LightningRod|ZapCannon,FocusBlast,FakeOut,Protect|Modest||M|||50|]Farigiraf||SitrusBerry|ArmorTail|Psychic,HelpingHand,TrickRoom,Protect|Bold||M|||50|]Sylveon||FairyFeather|Pixilate|HyperVoice,HyperBeam,QuickAttack,Detect|Modest||M|||50|
|showteam|p2|Garchomp||Garchompite|SandVeil|DragonPulse,EarthPower,PowerGem,Protect|Modest||M|||50|]Tyranitar||ChoiceScarf|SandStream|IcePunch,KnockOff,RockSlide,LowKick|Adamant||M|||50|]Basculegion||SitrusBerry|Adaptability|AquaJet,LastRespects,WaveCrash,Protect|Adamant||M|||50|]Corviknight||Leftovers|MirrorArmor|BraveBird,IronHead,Tailwind,Protect|Careful||M|||50|]Scizor||LifeOrb|Technician|SwordsDance,BugBite,Protect,BulletPunch|Adamant||M|||50|]Sneasler||FocusSash|PoisonTouch|DireClaw,CloseCombat,UpperHand,FakeOut|Jolly||F|||50|
|inactive|Battle timer is ON: inactive players will automatically lose when time's up. (requested by Esponjo)
|inactive|Esponjo has 60 seconds left.
|
|t:|1785903293
|teamsize|p1|4
|teamsize|p2|4
|start
|switch|p1a: Sylveon|Sylveon, L50, M|100/100
|switch|p1b: Farigiraf|Farigiraf, L50, M|100/100
|switch|p2a: balls|Corviknight, L50, M|100/100
|switch|p2b: Tar|Tyranitar, L50, M|100/100
|-weather|Sandstorm|[from] ability: Sand Stream|[of] p2b: Tar
|turn|1
|
|t:|1785903310
|move|p2b: Tar|Knock Off|p1b: Farigiraf
|-supereffective|p1b: Farigiraf|1
|-damage|p1b: Farigiraf|27/100
|-enditem|p1b: Farigiraf|Sitrus Berry|[from] move: Knock Off|[of] p2b: Tar
|move|p2a: balls|Brave Bird|p1b: Farigiraf
|-damage|p1b: Farigiraf|0 fnt
|faint|p1b: Farigiraf
|-damage|p2a: balls|88/100|[from] Recoil
|move|p1a: Sylveon|Hyper Voice|p2a: balls|[spread] p2a,p2b
|-resisted|p2a: balls|1
|-supereffective|p2b: Tar|1
|-damage|p2a: balls|68/100
|-damage|p2b: Tar|49/100
|
|-weather|Sandstorm|[upkeep]
|-damage|p1a: Sylveon|93/100|[from] Sandstorm
|-heal|p2a: balls|74/100|[from] item: Leftovers
|upkeep
|
|t:|1785903325
|switch|p1b: Raichu|Raichu, L50, M|100/100
|turn|2
|
|t:|1785903333
|detailschange|p1b: Raichu|Raichu-Mega-Y, L50, M
|-mega|p1b: Raichu|Raichu|Raichunite Y
|move|p2a: balls|Protect|p2a: balls
|-singleturn|p2a: balls|Protect
|move|p1b: Raichu|Zap Cannon|p2a: balls
|-activate|p2a: balls|move: Protect
|move|p2b: Tar|Knock Off|p1b: Raichu
|-crit|p1b: Raichu
|-damage|p1b: Raichu|10/100
|move|p1a: Sylveon|Hyper Voice|p2a: balls|[spread] p2b
|-activate|p2a: balls|move: Protect
|-supereffective|p2b: Tar|1
|-damage|p2b: Tar|1/100
|
|-weather|Sandstorm|[upkeep]
|-damage|p1b: Raichu|4/100|[from] Sandstorm
|-damage|p1a: Sylveon|87/100|[from] Sandstorm
|-heal|p2a: balls|80/100|[from] item: Leftovers
|upkeep
|turn|3
|
|t:|1785903352
|switch|p2a: el chip|Garchomp, L50, M|100/100
|move|p1b: Raichu|Zap Cannon|p2a: el chip
|-immune|p2a: el chip
|move|p2b: Tar|Knock Off|p1a: Sylveon
|-resisted|p1a: Sylveon|1
|-damage|p1a: Sylveon|61/100
|-enditem|p1a: Sylveon|Fairy Feather|[from] move: Knock Off|[of] p2b: Tar
|move|p1a: Sylveon|Hyper Voice|p2b: Tar|[spread] p2a,p2b
|-supereffective|p2a: el chip|1
|-supereffective|p2b: Tar|1
|-damage|p2a: el chip|23/100
|-damage|p2b: Tar|0 fnt
|faint|p2b: Tar
|
|-weather|Sandstorm|[upkeep]
|-damage|p1b: Raichu|0 fnt|[from] Sandstorm
|-damage|p1a: Sylveon|55/100|[from] Sandstorm
|faint|p1b: Raichu
|upkeep
|
|t:|1785903367
|switch|p1b: Kingambit|Kingambit, L50, F|100/100
|switch|p2b: Gigan|Scizor, L50, M|100/100
|turn|4
|
|t:|1785903378
|move|p2b: Gigan|Bullet Punch|p1a: Sylveon
|-supereffective|p1a: Sylveon|1
|-damage|p1a: Sylveon|0 fnt
|faint|p1a: Sylveon
|-damage|p2b: Gigan|90/100|[from] item: Life Orb
|move|p2a: el chip|Earth Power|p1b: Kingambit
|-supereffective|p1b: Kingambit|1
|-damage|p1b: Kingambit|29/100
|move|p1b: Kingambit|Swords Dance|p1b: Kingambit
|-boost|p1b: Kingambit|atk|2
|
|-weather|Sandstorm|[upkeep]
|upkeep
|turn|5
|
|t:|1785903396
|move|p1b: Kingambit|Sucker Punch|p2a: el chip
|-damage|p2a: el chip|0 fnt
|faint|p2a: el chip
|-damage|p1b: Kingambit|19/100|[from] item: Life Orb
|move|p2b: Gigan|Bug Bite|p1b: Kingambit
|-damage|p1b: Kingambit|0 fnt
|faint|p1b: Kingambit
|-damage|p2b: Gigan|80/100|[from] item: Life Orb
|
|win|ineedapea
||Esponjo is ready for game 2.
||ineedapea is ready for game 2.
|uhtml|next|Next: Game 2 of 3
