|j|☆Il Mule
|j|☆Tchoubib
|html|Il MuleTchoubib    
|uhtml|bestof|Game 2 of a best-of-3
|t:|1782389888
|gametype|doubles
|player|p1|Il Mule|salvatore|1398
|player|p2|Tchoubib|pokekid|1356
|gen|9
|tier|[Gen 9 Champions] VGC 2026 Reg M-B (Bo3)
|rated|
|rule|Species Clause: Limit one of each Pokémon
|rule|Item Clause: Limit 1 of each item
|clearpoke
|poke|p1|Corviknight, L50, M|
|poke|p1|Tyranitar, L50, F|
|poke|p1|Sneasler, L50, F|
|poke|p1|Incineroar, L50, M|
|poke|p1|Froslass, L50, F|
|poke|p1|Garchomp, L50, M|
|poke|p2|Incineroar, L50, F|
|poke|p2|Floette-Eternal, L50, F|
|poke|p2|Sinistcha, L50|
|poke|p2|Sneasler, L50, F|
|poke|p2|Delphox, L50, M|
|poke|p2|Kingambit, L50, M|
|teampreview|4
|showteam|p1|Corviknight||OccaBerry|MirrorArmor|BraveBird,Taunt,Tailwind,Roost|Impish||M|||50|]Tyranitar||Tyranitarite|SandStream|KnockOff,RockSlide,DragonDance,Protect|Adamant||F|||50|]Sneasler||WhiteHerb|Unburden|CloseCombat,DireClaw,Coaching,FakeOut|Jolly||F|||50|]Incineroar||SitrusBerry|Intimidate|FlareBlitz,HelpingHand,PartingShot,FakeOut|Impish||M|||50|]Froslass||Froslassite|SnowCloak|Blizzard,ShadowBall,WillOWisp,Protect|Timid||F|||50|]Garchomp||LifeOrb|RoughSkin|Earthquake,RockSlide,EarthPower,Protect|Jolly||M|||50|
|showteam|p2|Incineroar||SitrusBerry|Intimidate|FakeOut,PartingShot,ThroatChop,FlareBlitz|Careful||F|||50|]Floette-Eternal||Floettite|FlowerVeil|DazzlingGleam,Moonblast,CalmMind,Protect|Modest||F|||50|]Sinistcha||OccaBerry|Hospitality|MatchaGotcha,RagePowder,TrickRoom,Protect|Bold|||||50|]Sneasler||FocusSash|PoisonTouch|QuickGuard,FakeOut,PoisonJab,CloseCombat|Jolly||F|||50|]Delphox||Delphoxite|Blaze|Protect,NastyPlot,HeatWave,Psyshock|Timid||M|||50|]Kingambit||BlackGlasses|Defiant|Protect,SwordsDance,KowtowCleave,SuckerPunch|Adamant||M|||50|
|j| rovesciaporci
|j| torpedine
|j| 4-4hater
|j| kelso shrug
|c|☆Il Mule|sciuameni
|inactive|Battle timer is ON: inactive players will automatically lose when time's up. (requested by Il Mule)
|
|t:|1782389935
|teamsize|p1|4
|teamsize|p2|4
|start
|switch|p1a: Corviknight|Corviknight, L50, M|100/100
|switch|p1b: Garchomp|Garchomp, L50, M|100/100
|switch|p2a: Sneasler|Sneasler, L50, F|100/100
|switch|p2b: Delphox|Delphox, L50, M|100/100
|turn|1
|inactive|Il Mule has 30 seconds left.
|inactive|Tchoubib has 30 seconds left.
|inactive|Il Mule has 20 seconds left.
|
|t:|1782389972
|detailschange|p2b: Delphox|Delphox-Mega, L50, M
|-mega|p2b: Delphox|Delphox|Delphoxite
|move|p2a: Sneasler|Fake Out|p1a: Corviknight
|-resisted|p1a: Corviknight|1
|-damage|p1a: Corviknight|95/100
|move|p2b: Delphox|Heat Wave|p1b: Garchomp|[spread] p1a,p1b
|-supereffective|p1a: Corviknight|1
|-enditem|p1a: Corviknight|Occa Berry|[eat]
|-enditem|p1a: Corviknight|Occa Berry|[weaken]
|-resisted|p1b: Garchomp|1
|-damage|p1a: Corviknight|58/100
|-damage|p1b: Garchomp|79/100
|move|p1b: Garchomp|Rock Slide|p2a: Sneasler|[spread] p2a,p2b
|-resisted|p2a: Sneasler|1
|-supereffective|p2b: Delphox|1
|-damage|p2a: Sneasler|80/100
|-damage|p2b: Delphox|27/100
|-damage|p1b: Garchomp|69/100|[from] item: Life Orb
|cant|p1a: Corviknight|flinch
|
|upkeep
|turn|2
|c| torpedine|Direi gg
|inactive|Il Mule has 30 seconds left.
|
|t:|1782390001
|switch|p1a: Tyranitar|Tyranitar, L50, F|100/100
|-weather|Sandstorm|[from] ability: Sand Stream|[of] p1a: Tyranitar
|move|p1b: Garchomp|Protect|p1b: Garchomp
|-singleturn|p1b: Garchomp|Protect
|move|p2b: Delphox|Heat Wave|p1a: Tyranitar|[spread] p1a
|-activate|p1b: Garchomp|move: Protect
|-resisted|p1a: Tyranitar|1
|-damage|p1a: Tyranitar|88/100
|move|p2a: Sneasler|Close Combat|p1b: Garchomp
|-activate|p1b: Garchomp|move: Protect
|
|-weather|Sandstorm|[upkeep]
|-damage|p2b: Delphox|21/100|[from] Sandstorm
|-damage|p2a: Sneasler|74/100|[from] Sandstorm
|upkeep
|turn|3
|l| kelso shrug
|inactive|Il Mule has 30 seconds left.
|inactive|Tchoubib has 30 seconds left.
|inactive|Tchoubib has 20 seconds left.
|inactive|Tchoubib has 15 seconds left.
|inactive|Tchoubib has 10 seconds left.
|inactive|Il Mule has 20 seconds left.
|inactive|Tchoubib has 5 seconds left.
|inactive|Il Mule has 15 seconds left.
|inactive|Il Mule has 10 seconds left.
|
|t:|1782390064
|switch|p2b: Sinistcha|Sinistcha, L50|100/100
|-heal|p2a: Sneasler|98/100|[from] ability: Hospitality|[of] p2b: Sinistcha
|detailschange|p1a: Tyranitar|Tyranitar-Mega, L50, F
|-mega|p1a: Tyranitar|Tyranitar|Tyranitarite
|move|p2a: Sneasler|Close Combat|p1a: Tyranitar
|-supereffective|p1a: Tyranitar|2
|-damage|p1a: Tyranitar|0 fnt
|-unboost|p2a: Sneasler|def|1
|-unboost|p2a: Sneasler|spd|1
|faint|p1a: Tyranitar
|move|p1b: Garchomp|Earth Power|p2a: Sneasler
|-supereffective|p2a: Sneasler|1
|-damage|p2a: Sneasler|0 fnt
|faint|p2a: Sneasler
|-damage|p1b: Garchomp|59/100|[from] item: Life Orb
|
|-weather|Sandstorm|[upkeep]
|-damage|p2b: Sinistcha|93/100|[from] Sandstorm
|upkeep
|
|t:|1782390083
|switch|p2a: Kingambit|Kingambit, L50, M|100/100
|switch|p1a: Sneasler|Sneasler, L50, F|100/100
|turn|4
|l| 4-4hater
|inactive|Il Mule has 30 seconds left.
|inactive|Il Mule has 20 seconds left.
|inactive|Tchoubib has 30 seconds left.
|inactive|Il Mule has 15 seconds left.
|inactive|Tchoubib has 20 seconds left.
|inactive|Tchoubib has 15 seconds left.
|inactive|Tchoubib has 10 seconds left.
|
|t:|1782390145
|move|p2a: Kingambit|Protect|p2a: Kingambit
|-singleturn|p2a: Kingambit|Protect
|move|p1a: Sneasler|Coaching|p1b: Garchomp
|-boost|p1b: Garchomp|atk|1
|-boost|p1b: Garchomp|def|1
|move|p1b: Garchomp|Earth Power|p2a: Kingambit
|-activate|p2a: Kingambit|move: Protect
|move|p2b: Sinistcha|Trick Room|p2b: Sinistcha
|-fieldstart|move: Trick Room|[of] p2b: Sinistcha
|
|-weather|Sandstorm|[upkeep]
|-damage|p2b: Sinistcha|87/100|[from] Sandstorm
|-damage|p1a: Sneasler|94/100|[from] Sandstorm
|upkeep
|turn|5
|inactive|Il Mule has 30 seconds left.
|inactive|Il Mule has 20 seconds left.
|inactive|Il Mule has 15 seconds left.
|
|t:|1782390187
|move|p1b: Garchomp|Protect|p1b: Garchomp
|-singleturn|p1b: Garchomp|Protect
|move|p2b: Sinistcha|Rage Powder|p2b: Sinistcha
|-singleturn|p2b: Sinistcha|move: Rage Powder
|move|p2a: Kingambit|Swords Dance|p2a: Kingambit
|-boost|p2a: Kingambit|atk|2
|move|p1a: Sneasler|Coaching|p1b: Garchomp
|-boost|p1b: Garchomp|atk|1
|-boost|p1b: Garchomp|def|1
|
|-weather|Sandstorm|[upkeep]
|-damage|p2b: Sinistcha|81/100|[from] Sandstorm
|-damage|p1a: Sneasler|88/100|[from] Sandstorm
|upkeep
|turn|6
|c|☆Il Mule|e niente
|c|☆Il Mule|perso il 50
|c|☆Il Mule|gg
|
|t:|1782390206
|move|p2a: Kingambit|Kowtow Cleave|p1a: Sneasler
|-resisted|p1a: Sneasler|1
|-damage|p1a: Sneasler|9/100
|move|p2b: Sinistcha|Matcha Gotcha|p1a: Sneasler|[spread] p1a
|-miss|p2b: Sinistcha|p1b: Garchomp
|-resisted|p1a: Sneasler|1
|-damage|p1a: Sneasler|0 fnt
|-heal|p2b: Sinistcha|85/100|[from] drain|[of] p1a: Sneasler
|faint|p1a: Sneasler
|move|p1b: Garchomp|Earthquake|p2b: Sinistcha|[spread] p2a,p2b
|-supereffective|p2a: Kingambit|1
|-resisted|p2b: Sinistcha|1
|-damage|p2a: Kingambit|0 fnt
|-damage|p2b: Sinistcha|44/100
|faint|p2a: Kingambit
|-damage|p1b: Garchomp|50/100y|[from] item: Life Orb
|
|-weather|none
|upkeep
|
|t:|1782390215
|switch|p2a: Delphox|Delphox-Mega, L50, M|21/100
|switch|p1a: Corviknight|Corviknight, L50, M|58/100
|turn|7
|inactive|Tchoubib has 30 seconds left.
|inactive|Tchoubib has 20 seconds left.
|inactive|Tchoubib has 15 seconds left.
|inactive|Tchoubib has 10 seconds left.
|
|t:|1782390263
|move|p2b: Sinistcha|Protect|p2b: Sinistcha
|-singleturn|p2b: Sinistcha|Protect
|move|p2a: Delphox|Protect|p2a: Delphox
|-singleturn|p2a: Delphox|Protect
|move|p1a: Corviknight|Brave Bird|p2b: Sinistcha
|-activate|p2b: Sinistcha|move: Protect
|move|p1b: Garchomp|Rock Slide|p2a: Delphox|[spread] 
|-activate|p2a: Delphox|move: Protect
|-activate|p2b: Sinistcha|move: Protect
|
|upkeep
|turn|8
|
|t:|1782390281
|move|p2a: Delphox|Protect||[still]
|-fail|p2a: Delphox
|move|p2b: Sinistcha|Matcha Gotcha|p1a: Corviknight|[spread] p1a,p1b
|-resisted|p1a: Corviknight|2
|-damage|p1a: Corviknight|53/100
|-heal|p2b: Sinistcha|47/100|[from] drain|[of] p1a: Corviknight
|-damage|p1b: Garchomp|22/100
|-heal|p2b: Sinistcha|62/100|[from] drain|[of] p1b: Garchomp
|move|p1a: Corviknight|Tailwind|p1a: Corviknight
|-sidestart|p1: Il Mule|move: Tailwind
|move|p1b: Garchomp|Rock Slide|p2a: Delphox|[spread] p2a,p2b
|-supereffective|p2a: Delphox|1
|-damage|p2a: Delphox|0 fnt
|-damage|p2b: Sinistcha|22/100
|faint|p2a: Delphox
|-damage|p1b: Garchomp|12/100|[from] item: Life Orb
|
|-fieldend|move: Trick Room
|upkeep
|turn|9
|l| torpedine
|-message|Tchoubib forfeited.
|
|win|Il Mule
|l|☆Tchoubib
|player|p2|
||Il Mule is ready for game 3.
||Tchoubib is ready for game 3.
|uhtml|next|Next: Game 3 of 3
|j| torpedine
|l| torpedine
|l|☆Il Mule
|player|p1|
