|j|☆sky yeh
|j|☆captaingarchomp92
|html|sky yehcaptaingarchomp92    
|uhtml|bestof|Game 1 of a best-of-3
|t:|1782747666
|gametype|doubles
|player|p1|sky yeh|perrin|1153
|player|p2|captaingarchomp92|169|1208
|gen|9
|tier|[Gen 9 Champions] VGC 2026 Reg M-B (Bo3)
|rated|
|rule|Species Clause: Limit one of each Pokémon
|rule|Item Clause: Limit 1 of each item
|clearpoke
|poke|p1|Charizard, L50, M, shiny|
|poke|p1|Metagross, L50, shiny|
|poke|p1|Garchomp, L50, M, shiny|
|poke|p1|Basculegion, L50, M, shiny|
|poke|p1|Sylveon, L50, F, shiny|
|poke|p1|Whimsicott, L50, F, shiny|
|poke|p2|Incineroar, L50, M|
|poke|p2|Sinistcha-Masterpiece, L50|
|poke|p2|Floette-Eternal, L50, F|
|poke|p2|Garchomp, L50, F|
|poke|p2|Charizard, L50, M|
|poke|p2|Venusaur, L50, F|
|teampreview|4
|showteam|p1|Charizard||CharizarditeY|Blaze|WeatherBall,HeatWave,SolarBeam,Protect|Modest||M|||50|]Metagross||Metagrossite|ClearBody|PsychicFangs,IronHead,BulletPunch,Protect|Adamant|||||50|]Garchomp||SitrusBerry|RoughSkin|DragonClaw,StompingTantrum,RockSlide,Protect|Adamant||M|||50|]Basculegion||LifeOrb|Adaptability|LastRespects,WaveCrash,AquaJet,Protect|Jolly||M|||50|]Sylveon||FairyFeather|Pixilate|HyperBeam,HyperVoice,QuickAttack,Detect|Modest||F|||50|]Whimsicott||FocusSash|Prankster|Moonblast,Tailwind,Encore,Protect|Timid||F|||50|
|showteam|p2|Incineroar||SitrusBerry|Intimidate|FlareBlitz,FakeOut,PartingShot,ThroatChop|Careful||M|||50|]Sinistcha-Masterpiece||KasibBerry|Hospitality|MatchaGotcha,RagePowder,TrickRoom,Protect|Relaxed|||||50|]Floette-Eternal||Floettite|FlowerVeil|Moonblast,DazzlingGleam,CalmMind,Protect|Modest||F|||50|]Garchomp||ChoiceScarf|RoughSkin|RockSlide,Earthquake,DragonClaw,StompingTantrum|Adamant||F|||50|]Charizard||CharizarditeY|Blaze|HeatWave,SolarBeam,WeatherBall,Protect|Modest||M|||50|]Venusaur||FocusSash|Chlorophyll|SludgeBomb,EarthPower,SleepPowder,Protect|Timid||F|||50|
|c|☆captaingarchomp92|woops
|c|☆captaingarchomp92|woops
|c|☆captaingarchomp92|wrong team
|c|☆sky yeh|Huh
|c|☆captaingarchomp92|i wanted to bring another one
|c|☆sky yeh|Oh
|inactive|Battle timer is ON: inactive players will automatically lose when time's up. (requested by captaingarchomp92)
|inactive|sky yeh has 60 seconds left.
|inactive|sky yeh has 30 seconds left.
|inactive|sky yeh has 20 seconds left.
|inactive|sky yeh has 15 seconds left.
|inactive|sky yeh has 10 seconds left.
|inactive|sky yeh has 5 seconds left.
|
|t:|1782747864
|teamsize|p1|4
|teamsize|p2|4
|start
|switch|p1a: Whimsicott|Whimsicott, L50, F, shiny|100/100
|switch|p1b: Garchomp|Garchomp, L50, M, shiny|100/100
|switch|p2a: Floette|Floette-Eternal, L50, F|100/100
|switch|p2b: Incineroar|Incineroar, L50, M|100/100
|-ability|p2b: Incineroar|Intimidate|boost
|-unboost|p1a: Whimsicott|atk|1
|-unboost|p1b: Garchomp|atk|1
|turn|1
|inactive|captaingarchomp92 has 30 seconds left.
|inactive|captaingarchomp92 has 20 seconds left.
|inactive|captaingarchomp92 has 15 seconds left.
|inactive|captaingarchomp92 has 10 seconds left.
|
|t:|1782747909
|switch|p2b: Venusaur|Venusaur, L50, F|100/100
|detailschange|p2a: Floette|Floette-Mega, L50, F
|-mega|p2a: Floette|Floette|Floettite
|-ability|p2a: Floette|Fairy Aura
|move|p1a: Whimsicott|Protect|p1a: Whimsicott
|-singleturn|p1a: Whimsicott|Protect
|move|p1b: Garchomp|Protect|p1b: Garchomp
|-singleturn|p1b: Garchomp|Protect
|move|p2a: Floette|Calm Mind|p2a: Floette
|-boost|p2a: Floette|spa|1
|-boost|p2a: Floette|spd|1
|
|upkeep
|turn|2
|inactive|sky yeh has 30 seconds left.
|inactive|sky yeh has 20 seconds left.
|inactive|sky yeh has 15 seconds left.
|inactive|sky yeh has 10 seconds left.
|
|t:|1782747955
|switch|p2b: Incineroar|Incineroar, L50, M|100/100
|-ability|p2b: Incineroar|Intimidate|boost
|-unboost|p1a: Whimsicott|atk|1
|-unboost|p1b: Garchomp|atk|1
|move|p2a: Floette|Protect|p2a: Floette
|-singleturn|p2a: Floette|Protect
|move|p1a: Whimsicott|Encore|p2a: Floette
|-activate|p2a: Floette|move: Protect
|move|p1b: Garchomp|Dragon Claw|p2b: Incineroar
|-damage|p2b: Incineroar|80/100
|
|upkeep
|turn|3
|inactive|sky yeh has 30 seconds left.
|inactive|captaingarchomp92 has 30 seconds left.
|inactiveoff|Battle timer is now OFF.
|inactive|Battle timer is ON: inactive players will automatically lose when time's up. (requested by captaingarchomp92)
|
|t:|1782748113
|switch|p1b: Sylveon|Sylveon, L50, F, shiny|100/100
|move|p1a: Whimsicott|Protect|p1a: Whimsicott
|-singleturn|p1a: Whimsicott|Protect
|move|p2b: Incineroar|Fake Out|p1a: Whimsicott
|-activate|p1a: Whimsicott|move: Protect
|move|p2a: Floette|Dazzling Gleam|p1b: Sylveon|[spread] p1b
|-activate|p1a: Whimsicott|move: Protect
|-damage|p1b: Sylveon|48/100
|
|upkeep
|turn|4
|
|t:|1782748127
|move|p1a: Whimsicott|Tailwind|p1a: Whimsicott
|-sidestart|p1: sky yeh|move: Tailwind
|move|p1b: Sylveon|Hyper Voice|p2a: Floette|[spread] p2a,p2b
|-damage|p2a: Floette|67/100
|-damage|p2b: Incineroar|31/100
|-enditem|p2b: Incineroar|Sitrus Berry|[eat]
|-heal|p2b: Incineroar|55/100|[from] item: Sitrus Berry
|move|p2a: Floette|Dazzling Gleam|p1b: Sylveon|[spread] p1a,p1b
|-enditem|p1a: Whimsicott|Focus Sash
|-damage|p1a: Whimsicott|1/100
|-damage|p1b: Sylveon|0 fnt
|faint|p1b: Sylveon
|move|p2b: Incineroar|Parting Shot|p1a: Whimsicott
|-unboost|p1a: Whimsicott|atk|1
|-unboost|p1a: Whimsicott|spa|1
|
|t:|1782748140
|switch|p2b: Sinistcha|Sinistcha-Masterpiece, L50|100/100|[from] Parting Shot
|-heal|p2a: Floette|92/100|[from] ability: Hospitality|[of] p2b: Sinistcha
|
|upkeep
|
|t:|1782748146
|switch|p1b: Metagross|Metagross, L50, shiny|100/100
|turn|5
|inactive|sky yeh has 30 seconds left.
|inactive|sky yeh has 20 seconds left.
|inactive|sky yeh has 15 seconds left.
|inactive|sky yeh has 10 seconds left.
|inactive|sky yeh has 5 seconds left.
|
|t:|1782748198
|move|p2a: Floette|Protect|p2a: Floette
|-singleturn|p2a: Floette|Protect
|move|p1a: Whimsicott|Moonblast|p2b: Sinistcha
|-crit|p2b: Sinistcha
|-damage|p2b: Sinistcha|32/100
|-unboost|p2b: Sinistcha|spa|1
|move|p1b: Metagross|Iron Head|p2a: Floette
|-activate|p2a: Floette|move: Protect
|move|p2b: Sinistcha|Trick Room|p2b: Sinistcha
|-fieldstart|move: Trick Room|[of] p2b: Sinistcha
|
|upkeep
|turn|6
|inactive|sky yeh has 30 seconds left.
|inactive|sky yeh has 20 seconds left.
|
|t:|1782748233
|move|p1a: Whimsicott|Protect|p1a: Whimsicott
|-singleturn|p1a: Whimsicott|Protect
|move|p1b: Metagross|Protect|p1b: Metagross
|-singleturn|p1b: Metagross|Protect
|move|p2b: Sinistcha|Rage Powder|p2b: Sinistcha
|-singleturn|p2b: Sinistcha|move: Rage Powder
|move|p2a: Floette|Dazzling Gleam|p1b: Metagross|[spread] 
|-activate|p1a: Whimsicott|move: Protect
|-activate|p1b: Metagross|move: Protect
|
|upkeep
|turn|7
|
|t:|1782748249
|move|p2b: Sinistcha|Rage Powder|p2b: Sinistcha
|-singleturn|p2b: Sinistcha|move: Rage Powder
|move|p2a: Floette|Dazzling Gleam|p1a: Whimsicott|[spread] p1a,p1b
|-resisted|p1b: Metagross|1
|-damage|p1a: Whimsicott|0 fnt
|-damage|p1b: Metagross|60/100
|faint|p1a: Whimsicott
|move|p1b: Metagross|Iron Head|p2b: Sinistcha
|-damage|p2b: Sinistcha|0 fnt
|faint|p2b: Sinistcha
|
|-sideend|p1: sky yeh|move: Tailwind
|upkeep
|
|t:|1782748255
|switch|p2b: Incineroar|Incineroar, L50, M|55/100
|switch|p1a: Garchomp|Garchomp, L50, M, shiny|100/100
|-ability|p2b: Incineroar|Intimidate|boost
|-unboost|p1a: Garchomp|atk|1
|-fail|p1b: Metagross|unboost|[from] ability: Clear Body|[of] p1b: Metagross
|turn|8
|
|t:|1782748263
|move|p1b: Metagross|Protect|p1b: Metagross
|-singleturn|p1b: Metagross|Protect
|move|p1a: Garchomp|Protect|p1a: Garchomp
|-singleturn|p1a: Garchomp|Protect
|move|p2b: Incineroar|Fake Out|p1b: Metagross
|-activate|p1b: Metagross|move: Protect
|move|p2a: Floette|Dazzling Gleam|p1b: Metagross|[spread] 
|-activate|p1a: Garchomp|move: Protect
|-activate|p1b: Metagross|move: Protect
|
|upkeep
|turn|9
|-message|sky yeh forfeited.
|
|win|captaingarchomp92
|l|☆sky yeh
|player|p1|
||sky yeh is ready for game 2.
||captaingarchomp92 is ready for game 2.
|uhtml|next|Next: Game 2 of 3
|j|☆sky yeh
|player|p1|sky yeh|perrin|
