|j|☆ssooner
|j|☆resourcespro
|html|ssoonerresourcespro    
|uhtml|bestof|Game 1 of a best-of-3
|t:|1786082204
|gametype|doubles
|player|p1|ssooner|wallace|1156
|player|p2|resourcespro|266|1098
|gen|9
|tier|[Gen 9 Champions] VGC 2026 Reg M-B (Bo3)
|rated|
|rule|Species Clause: Limit one of each Pokémon
|rule|Item Clause: Limit 1 of each item
|clearpoke
|poke|p1|Floette-Eternal, L50, F|
|poke|p1|Whimsicott, L50, M|
|poke|p1|Arcanine-Hisui, L50, M|
|poke|p1|Basculegion, L50, M|
|poke|p1|Kingambit, L50, M|
|poke|p1|Sneasler, L50, F|
|poke|p2|Annihilape, L50, F|
|poke|p2|Clefable, L50, F|
|poke|p2|Excadrill, L50, M|
|poke|p2|Tyranitar, L50, M|
|poke|p2|Sinistcha-Masterpiece, L50|
|poke|p2|Aegislash, L50, M|
|teampreview|4
|showteam|p1|Floette-Eternal||Floettite|FlowerVeil|Moonblast,DazzlingGleam,LightofRuin,Protect|Modest||F|||50|]Whimsicott||FocusSash|Prankster|Tailwind,Moonblast,Encore,Protect|Timid||M|||50|]Arcanine-Hisui||LifeOrb|RockHead|HeadSmash,FlareBlitz,ExtremeSpeed,Protect|Jolly||M|||50|]Basculegion||ChoiceScarf|Adaptability|WaveCrash,LastRespects,AquaJet,FlipTurn|Jolly||M|||50|]Kingambit||BlackGlasses|Defiant|KowtowCleave,SuckerPunch,IronHead,Protect|Adamant||M|||50|]Sneasler||WhiteHerb|Unburden|FakeOut,CloseCombat,DireClaw,Protect|Adamant||F|||50|
|showteam|p2|Annihilape|||InnerFocus|BulkUp,Acrobatics,DrainPunch,RageFist|Adamant||F|||50|]Clefable||Clefablite|MagicGuard|FollowMe,DazzlingGleam,LightScreen,Thunderbolt|Modest||F|||50|]Excadrill||FocusSash|SandRush|Earthquake,RockSlide,SwordsDance,BrickBreak|Adamant||M|||50|]Tyranitar||SmoothRock|SandStream|Flamethrower,IceBeam,Thunderbolt,DarkPulse|Modest||M|||50|]Sinistcha-Masterpiece||Leftovers|Hospitality|LifeDew,MatchaGotcha,CalmMind,Hex|Bold|||||50|]Aegislash||ScopeLens|StanceChange|KingsShield,IronHead,Substitute,ShadowClaw|Careful||M|||50|
|inactive|Battle timer is ON: inactive players will automatically lose when time's up. (requested by ssooner)
|inactive|ssooner has 60 seconds left.
|inactive|resourcespro has 60 seconds left.
|
|t:|1786082258
|teamsize|p1|4
|teamsize|p2|4
|start
|switch|p1a: Whimsicott|Whimsicott, L50, M|100/100
|switch|p1b: Basculegion|Basculegion, L50, M|100/100
|switch|p2a: Aegislash|Aegislash, L50, M|100/100
|switch|p2b: Clefable|Clefable, L50, F|100/100
|turn|1
|inactive|ssooner has 30 seconds left.
|
|t:|1786082291
|detailschange|p2b: Clefable|Clefable-Mega, L50, F
|-mega|p2b: Clefable|Clefable|Clefablite
|move|p1b: Basculegion|Flip Turn|p2b: Clefable
|-damage|p2b: Clefable|60/100
|
|t:|1786082306
|switch|p1b: Kingambit|Kingambit, L50, M|100/100|[from] Flip Turn
|move|p1a: Whimsicott|Moonblast|p2b: Clefable
|-damage|p2b: Clefable|33/100
|-unboost|p2b: Clefable|spa|1
|move|p2b: Clefable|Thunderbolt|p1b: Kingambit
|-damage|p1b: Kingambit|73/100
|-formechange|p2a: Aegislash|Aegislash-Blade|
|move|p2a: Aegislash|Shadow Claw|p1b: Kingambit
|-resisted|p1b: Kingambit|1
|-crit|p1b: Kingambit
|-damage|p1b: Kingambit|54/100
|
|upkeep
|turn|2
|
|t:|1786082329
|move|p2b: Clefable|Follow Me|p2b: Clefable
|-singleturn|p2b: Clefable|move: Follow Me
|move|p1a: Whimsicott|Tailwind|p1a: Whimsicott
|-sidestart|p1: ssooner|move: Tailwind
|move|p1b: Kingambit|Kowtow Cleave|p2b: Clefable
|-resisted|p2b: Clefable|1
|-damage|p2b: Clefable|3/100
|move|p2a: Aegislash|Iron Head|p1a: Whimsicott
|-supereffective|p1a: Whimsicott|1
|-crit|p1a: Whimsicott
|-enditem|p1a: Whimsicott|Focus Sash
|-damage|p1a: Whimsicott|1/100
|
|upkeep
|turn|3
|inactive|resourcespro has 30 seconds left.
|inactive|resourcespro has 20 seconds left.
|inactive|resourcespro has 15 seconds left.
|inactive|resourcespro has 10 seconds left.
|
|t:|1786082375
|-formechange|p2a: Aegislash|Aegislash|
|move|p2a: Aegislash|King's Shield|p2a: Aegislash
|-singleturn|p2a: Aegislash|Protect
|move|p1a: Whimsicott|Moonblast|p2b: Clefable
|-damage|p2b: Clefable|0 fnt
|faint|p2b: Clefable
|move|p1b: Kingambit|Kowtow Cleave|p2a: Aegislash
|-activate|p2a: Aegislash|move: Protect
|-unboost|p1b: Kingambit|atk|1
|-ability|p1b: Kingambit|Defiant|boost
|-boost|p1b: Kingambit|atk|2
|
|upkeep
|
|t:|1786082388
|switch|p2b: Excadrill|Excadrill, L50, M|100/100
|turn|4
|inactive|ssooner has 30 seconds left.
|
|t:|1786082417
|move|p1b: Kingambit|Sucker Punch|p2b: Excadrill
|-crit|p2b: Excadrill
|-enditem|p2b: Excadrill|Focus Sash
|-damage|p2b: Excadrill|1/100
|move|p1a: Whimsicott|Moonblast|p2b: Excadrill
|-resisted|p2b: Excadrill|1
|-damage|p2b: Excadrill|0 fnt
|faint|p2b: Excadrill
|move|p2a: Aegislash|Substitute|p2a: Aegislash
|-start|p2a: Aegislash|Substitute
|-damage|p2a: Aegislash|75/100
|
|upkeep
|
|t:|1786082435
|switch|p2b: Annihilape|Annihilape, L50, F|100/100
|turn|5
|inactive|ssooner has 30 seconds left.
|inactive|resourcespro has 30 seconds left.
|inactive|ssooner has 20 seconds left.
|
|t:|1786082472
|move|p2a: Aegislash|King's Shield|p2a: Aegislash
|-singleturn|p2a: Aegislash|Protect
|move|p1a: Whimsicott|Moonblast|p2b: Annihilape
|-supereffective|p2b: Annihilape|1
|-damage|p2b: Annihilape|33/100
|move|p1b: Kingambit|Kowtow Cleave|p2b: Annihilape
|-damage|p2b: Annihilape|0 fnt
|faint|p2b: Annihilape
|
|-sideend|p1: ssooner|move: Tailwind
|upkeep
|turn|6
|
|t:|1786082490
|move|p1a: Whimsicott|Moonblast|p2a: Aegislash
|-resisted|p2a: Aegislash|1
|-activate|p2a: Aegislash|move: Substitute|[damage]
|move|p1b: Kingambit|Kowtow Cleave|p2a: Aegislash
|-supereffective|p2a: Aegislash|1
|-end|p2a: Aegislash|Substitute
|-formechange|p2a: Aegislash|Aegislash-Blade|
|move|p2a: Aegislash|Shadow Claw|p1b: Kingambit
|-resisted|p1b: Kingambit|1
|-damage|p1b: Kingambit|41/100
|
|upkeep
|turn|7
|
|t:|1786082505
|move|p1a: Whimsicott|Encore|p2a: Aegislash
|-start|p2a: Aegislash|Encore
|move|p1b: Kingambit|Kowtow Cleave|p2a: Aegislash
|-supereffective|p2a: Aegislash|1
|-damage|p2a: Aegislash|0 fnt
|faint|p2a: Aegislash
|
|win|ssooner
