|j|☆Ribombees believer
|j|☆SeeYouInSf
|html|Ribombees believerSeeYouInSf    
|uhtml|bestof|Game 2 of a best-of-3
|t:|1755798298
|gametype|doubles
|player|p1|Ribombees believer|skier|1175
|player|p2|SeeYouInSf|unknown|1221
|gen|9
|tier|[Gen 9] VGC 2025 Reg H (Bo3)
|rated|
|rule|Species Clause: Limit one of each Pokémon
|rule|Item Clause: Limit 1 of each item
|clearpoke
|poke|p1|Dondozo, L50, M|
|poke|p1|Tatsugiri, L50, M|
|poke|p1|Indeedee, L50, M|
|poke|p1|Dragapult, L50, M|
|poke|p1|Hydreigon, L50, F|
|poke|p1|Ribombee, L50, F|
|poke|p2|Amoonguss, L50, M|
|poke|p2|Gholdengo, L50|
|poke|p2|Porygon2, L50|
|poke|p2|Incineroar, L50, M|
|poke|p2|Ursaluna, L50, F|
|poke|p2|Tyranitar, L50, F|
|teampreview|4
|showteam|p1|Dondozo||Leftovers|Unaware|WaveCrash,Earthquake,OrderUp,Protect|||M|||50|,,,,,Grass]Tatsugiri||ChoiceScarf|Commander|MuddyWater,DracoMeteor,DragonPulse,TeraBlast|||M|||50|,,,,,Fairy]Indeedee||FocusSash|PsychicSurge|ExpandingForce,TeraBlast,HyperVoice,Protect|||M|||50|,,,,,Fighting]Dragapult||ChoiceBand|ClearBody|DragonDarts,Outrage,PhantomForce,Uturn|||M|||50|,,,,,Dragon]Hydreigon||AssaultVest|Levitate|EarthPower,Snarl,DarkPulse,DracoMeteor|||F|||50|,,,,,Steel]Ribombee||ChoiceSpecs|ShieldDust|Moonblast,PollenPuff,DazzlingGleam,TeraBlast|||F|||50|,,,,,Ground
|showteam|p2|Amoonguss||RockyHelmet|Regenerator|Spore,RagePowder,PollenPuff,Protect|||M|||50|,,,,,Water]Gholdengo||LifeOrb|GoodasGold|MakeItRain,ShadowBall,NastyPlot,Protect||||||50|,,,,,Dragon]Porygon2||Eviolite|Download|TeraBlast,TrickRoom,Recover,IceBeam||||||50|,,,,,Fighting]Incineroar||SafetyGoggles|Intimidate|PartingShot,KnockOff,FlareBlitz,FakeOut|||M|||50|,,,,,Ghost]Ursaluna||FlameOrb|Guts|Facade,HeadlongRush,Substitute,Protect|||F|||50|,,,,,Ghost]Tyranitar||AssaultVest|SandStream|LowKick,TeraBlast,RockSlide,KnockOff|||F|||50|,,,,,Fairy
|inactive|Battle timer is ON: inactive players will automatically lose when time's up. (requested by SeeYouInSf)
|inactive|Ribombees believer also wants the timer to be on.
|inactive|SeeYouInSf has 60 seconds left.
|inactive|SeeYouInSf has 30 seconds left.
|
|t:|1755798367
|teamsize|p1|4
|teamsize|p2|4
|start
|switch|p1a: Indeedee|Indeedee, L50, M|100/100
|switch|p1b: Hydreigon|Hydreigon, L50, F|100/100
|switch|p2a: Gholdengo|Gholdengo, L50|100/100
|switch|p2b: Tyranitar|Tyranitar, L50, F|100/100
|-fieldstart|move: Psychic Terrain|[from] ability: Psychic Surge|[of] p1a: Indeedee
|-weather|Sandstorm|[from] ability: Sand Stream|[of] p2b: Tyranitar
|turn|1
|inactive|Ribombees believer has 30 seconds left.
|inactive|SeeYouInSf has 30 seconds left.
|inactive|Ribombees believer has 20 seconds left.
|inactive|SeeYouInSf has 20 seconds left.
|
|t:|1755798403
|switch|p2a: Incineroar|Incineroar, L50, M|100/100
|-ability|p2a: Incineroar|Intimidate|boost
|-unboost|p1a: Indeedee|atk|1
|-unboost|p1b: Hydreigon|atk|1
|switch|p1a: Dondozo|Dondozo, L50, M|100/100
|-terastallize|p1b: Hydreigon|Steel
|-terastallize|p2b: Tyranitar|Fairy
|move|p1b: Hydreigon|Snarl|p2b: Tyranitar|[spread] p2a,p2b
|-resisted|p2a: Incineroar
|-resisted|p2b: Tyranitar
|-damage|p2a: Incineroar|91/100
|-damage|p2b: Tyranitar|94/100
|-unboost|p2a: Incineroar|spa|1
|-unboost|p2b: Tyranitar|spa|1
|move|p2b: Tyranitar|Tera Blast|p1b: Hydreigon|[anim] Tera Blast Fairy
|-resisted|p1b: Hydreigon
|-damage|p1b: Hydreigon|77/100
|
|-weather|Sandstorm|[upkeep]
|-damage|p2b: Tyranitar|88/100|[from] Sandstorm
|-damage|p1a: Dondozo|94/100|[from] Sandstorm
|-heal|p1a: Dondozo|100/100|[from] item: Leftovers
|upkeep
|turn|2
|inactive|SeeYouInSf has 30 seconds left.
|inactive|SeeYouInSf has 20 seconds left.
|inactive|SeeYouInSf has 15 seconds left.
|inactive|SeeYouInSf has 10 seconds left.
|
|t:|1755798449
|switch|p1b: Tatsugiri|Tatsugiri, L50, M|100/100
|-activate|p1b: Tatsugiri|ability: Commander|[of] p1a: Dondozo
|-boost|p1a: Dondozo|atk|2
|-boost|p1a: Dondozo|spa|2
|-boost|p1a: Dondozo|spe|2
|-boost|p1a: Dondozo|def|2
|-boost|p1a: Dondozo|spd|2
|move|p1a: Dondozo|Wave Crash|p2b: Tyranitar
|-damage|p2b: Tyranitar|8/100
|-damage|p1a: Dondozo|76/100|[from] Recoil
|move|p2a: Incineroar|Flare Blitz|p1b: Tatsugiri|[miss]
|-miss|p2a: Incineroar|p1b: Tatsugiri
|move|p2b: Tyranitar|Knock Off|p1a: Dondozo
|-damage|p1a: Dondozo|58/100
|-enditem|p1a: Dondozo|Leftovers|[from] move: Knock Off|[of] p2b: Tyranitar
|
|-weather|Sandstorm|[upkeep]
|-damage|p1b: Tatsugiri|94/100|[from] Sandstorm
|-damage|p1a: Dondozo|52/100|[from] Sandstorm
|-damage|p2b: Tyranitar|2/100|[from] Sandstorm
|upkeep
|turn|3
|inactive|SeeYouInSf has 30 seconds left.
|
|t:|1755798480
|move|p1a: Dondozo|Earthquake|p2b: Tyranitar|[spread] p2a,p2b
|-miss|p1a: Dondozo|p1b: Tatsugiri
|-supereffective|p2a: Incineroar
|-damage|p2a: Incineroar|13/100
|-damage|p2b: Tyranitar|0 fnt
|faint|p2b: Tyranitar
|move|p2a: Incineroar|Parting Shot|p1a: Dondozo
|-unboost|p1a: Dondozo|atk|1
|-unboost|p1a: Dondozo|spa|1
|
|t:|1755798492
|switch|p2a: Gholdengo|Gholdengo, L50|100/100|[from] Parting Shot
|
|-weather|Sandstorm|[upkeep]
|-damage|p1b: Tatsugiri|88/100|[from] Sandstorm
|-damage|p1a: Dondozo|46/100|[from] Sandstorm
|upkeep
|
|t:|1755798494
|switch|p2b: Incineroar|Incineroar, L50, M|13/100
|-ability|p2b: Incineroar|Intimidate|boost
|-unboost|p1a: Dondozo|atk|1
|-unboost|p1b: Tatsugiri|atk|1
|turn|4
|
|t:|1755798511
|switch|p2b: Ursaluna|Ursaluna, L50, F|100/100
|move|p1a: Dondozo|Earthquake|p2a: Gholdengo|[spread] p2a,p2b
|-miss|p1a: Dondozo|p1b: Tatsugiri
|-supereffective|p2a: Gholdengo
|-damage|p2a: Gholdengo|56/100
|-damage|p2b: Ursaluna|85/100
|move|p2a: Gholdengo|Shadow Ball|p1a: Dondozo
|-damage|p1a: Dondozo|16/100
|-damage|p2a: Gholdengo|46/100|[from] item: Life Orb
|
|-weather|Sandstorm|[upkeep]
|-damage|p1b: Tatsugiri|82/100|[from] Sandstorm
|-damage|p1a: Dondozo|10/100|[from] Sandstorm
|-status|p2b: Ursaluna|brn|[from] item: Flame Orb
|upkeep
|turn|5
|inactive|SeeYouInSf has 30 seconds left.
|
|t:|1755798537
|switch|p2b: Incineroar|Incineroar, L50, M|13/100
|-ability|p2b: Incineroar|Intimidate|boost
|-unboost|p1a: Dondozo|atk|1
|-unboost|p1b: Tatsugiri|atk|1
|move|p1a: Dondozo|Earthquake|p2a: Gholdengo|[spread] p2a,p2b
|-miss|p1a: Dondozo|p1b: Tatsugiri
|-supereffective|p2a: Gholdengo
|-supereffective|p2b: Incineroar
|-damage|p2a: Gholdengo|13/100
|-damage|p2b: Incineroar|0 fnt
|faint|p2b: Incineroar
|move|p2a: Gholdengo|Shadow Ball|p1a: Dondozo
|-damage|p1a: Dondozo|0 fnt
|faint|p1a: Dondozo
|-damage|p2a: Gholdengo|4/100|[from] item: Life Orb
|
|-weather|none
|-fieldend|move: Psychic Terrain
|upkeep
|
|t:|1755798553
|switch|p2b: Ursaluna|Ursaluna, L50, F|85/100 brn
|switch|p1a: Hydreigon|Hydreigon, L50, F, tera:Steel|77/100
|turn|6
|
|t:|1755798574
|move|p1b: Tatsugiri|Dragon Pulse|p2a: Gholdengo
|-resisted|p2a: Gholdengo
|-damage|p2a: Gholdengo|0 fnt
|faint|p2a: Gholdengo
|move|p1a: Hydreigon|Dark Pulse|p2b: Ursaluna
|-damage|p2b: Ursaluna|49/100 brn
|move|p2b: Ursaluna|Facade|p1b: Tatsugiri
|-damage|p1b: Tatsugiri|0 fnt
|faint|p1b: Tatsugiri
|
|-damage|p2b: Ursaluna|44/100 brn|[from] brn
|upkeep
|
|t:|1755798583
|switch|p1b: Indeedee|Indeedee, L50, M|100/100
|-fieldstart|move: Psychic Terrain|[from] ability: Psychic Surge|[of] p1b: Indeedee
|turn|7
|
|t:|1755798590
|move|p1b: Indeedee|Expanding Force|p2b: Ursaluna
|-damage|p2b: Ursaluna|0 fnt
|faint|p2b: Ursaluna
|
|win|Ribombees believer
|raw|Ribombees believer's rating: 1175 → 1203(+28 for winning)
|raw|SeeYouInSf's rating: 1221 → 1193(-28 for losing)
|c|☆SeeYouInSf|ggs
|c|☆Ribombees believer|ggs
