|j|☆godoftoasty
|j|☆iloveships
|html|godoftoastyiloveships    
|uhtml|bestof|Game 1 of a best-of-3
|t:|1785430842
|gametype|doubles
|player|p1|godoftoasty|101|1218
|player|p2|iloveships|emmet|1158
|gen|9
|tier|[Gen 9 Champions] VGC 2026 Reg M-B (Bo3)
|rated|
|rule|Species Clause: Limit one of each Pokémon
|rule|Item Clause: Limit 1 of each item
|clearpoke
|poke|p1|Gengar, L50, F, shiny|
|poke|p1|Incineroar, L50, M|
|poke|p1|Garchomp, L50, F|
|poke|p1|Ninetales-Alola, L50, M|
|poke|p1|Rotom-Wash, L50, shiny|
|poke|p1|Kingambit, L50, M|
|poke|p2|Talonflame, L50, M|
|poke|p2|Raichu, L50, M|
|poke|p2|Maushold, L50|
|poke|p2|Garchomp, L50, M|
|poke|p2|Floette-Eternal, L50, F|
|poke|p2|Kingambit, L50, F|
|teampreview|4
|showteam|p1|Gengar||Gengarite|CursedBody|ShadowBall,SludgeBomb,PerishSong,Protect|Timid||F|||50|]Incineroar||SitrusBerry|Intimidate|FakeOut,PartingShot,Protect,FlareBlitz|Impish||M|||50|]Garchomp||LifeOrb|RoughSkin|DragonClaw,StompingTantrum,RockSlide,Protect|Adamant||F|||50|]Ninetales-Alola||FocusSash|SnowWarning|Blizzard,Encore,Disable,Protect|Timid||M|||50|]Rotom-Wash||Leftovers|Levitate|HydroPump,VoltSwitch,WillOWisp,Protect|Bold|||||50|]Kingambit||ExpertBelt|Defiant|KowtowCleave,SuckerPunch,LowKick,Protect|Adamant||M|||50|
|showteam|p2|Talonflame||SharpBeak|GaleWings|Tailwind,QuickGuard,Overheat,Taunt|Jolly||M|||50|]Raichu||RaichuniteY|LightningRod|FakeOut,Protect,ZapCannon,FocusBlast|Serious||M|||50|]Maushold||WideLens|Technician|FollowMe,Protect,PopulationBomb,Encore|Serious|||||50|]Garchomp||LifeOrb|RoughSkin|DragonClaw,RockSlide,Earthquake,Protect|Jolly||M|||50|]Floette-Eternal||Floettite|FlowerVeil|Protect,DazzlingGleam,Moonblast,LightofRuin|Modest||F|||50|]Kingambit||FocusSash|Defiant|SuckerPunch,KowtowCleave,IronHead,Protect|Adamant||F|||50|
|inactive|Battle timer is ON: inactive players will automatically lose when time's up. (requested by iloveships)
|inactive|godoftoasty has 60 seconds left.
|inactive|iloveships has 60 seconds left.
|inactive|godoftoasty has 30 seconds left.
|inactive|godoftoasty has 20 seconds left.
|
|t:|1785430914
|teamsize|p1|4
|teamsize|p2|4
|start
|switch|p1a: Garchomp|Garchomp, L50, F|100/100
|switch|p1b: Gengar|Gengar, L50, F, shiny|100/100
|switch|p2a: Talonflame|Talonflame, L50, M|100/100
|switch|p2b: Garchomp|Garchomp, L50, M|100/100
|turn|1
|inactive|iloveships has 30 seconds left.
|inactive|iloveships has 20 seconds left.
|inactive|iloveships has 15 seconds left.
|
|t:|1785430957
|switch|p1b: Incineroar|Incineroar, L50, M|100/100
|-ability|p1b: Incineroar|Intimidate|boost
|-unboost|p2a: Talonflame|atk|1
|-unboost|p2b: Garchomp|atk|1
|move|p2b: Garchomp|Protect|p2b: Garchomp
|-singleturn|p2b: Garchomp|Protect
|move|p2a: Talonflame|Taunt|p1b: Incineroar
|-start|p1b: Incineroar|move: Taunt
|move|p1a: Garchomp|Dragon Claw|p2b: Garchomp
|-activate|p2b: Garchomp|move: Protect
|
|upkeep
|turn|2
|
|t:|1785430974
|move|p2a: Talonflame|Quick Guard|p2a: Talonflame
|-singleturn|p2a: Talonflame|Quick Guard
|move|p1b: Incineroar|Fake Out|p2a: Talonflame
|-activate|p2a: Talonflame|move: Quick Guard
|move|p2b: Garchomp|Dragon Claw|p1a: Garchomp
|-supereffective|p1a: Garchomp|1
|-damage|p1a: Garchomp|37/100
|-damage|p2b: Garchomp|87/100|[from] ability: Rough Skin|[of] p1a: Garchomp
|-damage|p2b: Garchomp|78/100|[from] item: Life Orb
|move|p1a: Garchomp|Dragon Claw|p2b: Garchomp
|-supereffective|p2b: Garchomp|1
|-damage|p2b: Garchomp|0 fnt
|-damage|p1a: Garchomp|25/100|[from] ability: Rough Skin|[of] p2b: Garchomp
|faint|p2b: Garchomp
|-damage|p1a: Garchomp|15/100|[from] item: Life Orb
|
|upkeep
|
|t:|1785430990
|switch|p2b: Raichu|Raichu, L50, M|100/100
|turn|3
|
|t:|1785431012
|detailschange|p2b: Raichu|Raichu-Mega-Y, L50, M
|-mega|p2b: Raichu|Raichu|Raichunite Y
|move|p2a: Talonflame|Overheat|p1a: Garchomp|[miss]
|-miss|p2a: Talonflame|p1a: Garchomp
|move|p2b: Raichu|Zap Cannon|p1b: Incineroar
|-damage|p1b: Incineroar|49/100
|-status|p1b: Incineroar|par
|-enditem|p1b: Incineroar|Sitrus Berry|[eat]
|-heal|p1b: Incineroar|73/100 par|[from] item: Sitrus Berry
|move|p1a: Garchomp|Stomping Tantrum|p2b: Raichu
|-supereffective|p2b: Raichu|1
|-damage|p2b: Raichu|0 fnt
|faint|p2b: Raichu
|-damage|p1a: Garchomp|5/100|[from] item: Life Orb
|move|p1b: Incineroar|Flare Blitz|p2a: Talonflame
|-resisted|p2a: Talonflame|1
|-damage|p2a: Talonflame|69/100
|-damage|p1b: Incineroar|65/100 par|[from] Recoil
|
|-end|p1b: Incineroar|move: Taunt
|upkeep
|
|t:|1785431028
|switch|p2b: Maushold|Maushold, L50|100/100
|turn|4
|
|t:|1785431050
|move|p2a: Talonflame|Overheat|p1a: Garchomp
|-resisted|p1a: Garchomp|1
|-damage|p1a: Garchomp|0 fnt
|-unboost|p2a: Talonflame|spa|2
|faint|p1a: Garchomp
|move|p2b: Maushold|Population Bomb|p1b: Incineroar
|-damage|p1b: Incineroar|56/100 par
|-damage|p1b: Incineroar|48/100 par
|-damage|p1b: Incineroar|39/100 par
|-damage|p1b: Incineroar|29/100 par
|-damage|p1b: Incineroar|20/100y par
|-damage|p1b: Incineroar|11/100 par
|-damage|p1b: Incineroar|1/100 par
|-damage|p1b: Incineroar|0 fnt
|faint|p1b: Incineroar
|-hitcount|p1: Incineroar|8
|
|upkeep
|
|t:|1785431053
|switch|p1a: Ninetales|Ninetales-Alola, L50, M|100/100
|switch|p1b: Gengar|Gengar, L50, F, shiny|100/100
|-weather|Snowscape|[from] ability: Snow Warning|[of] p1a: Ninetales
|turn|5
|inactive|iloveships has 30 seconds left.
|
|t:|1785431086
|detailschange|p1b: Gengar|Gengar-Mega, L50, F, shiny
|-mega|p1b: Gengar|Gengar|Gengarite
|move|p2a: Talonflame|Tailwind|p2a: Talonflame
|-sidestart|p2: iloveships|move: Tailwind
|move|p2b: Maushold|Population Bomb|p1a: Ninetales
|-damage|p1a: Ninetales|89/100
|-damage|p1a: Ninetales|79/100
|-damage|p1a: Ninetales|68/100
|-damage|p1a: Ninetales|58/100
|-damage|p1a: Ninetales|47/100
|-damage|p1a: Ninetales|38/100
|-damage|p1a: Ninetales|29/100
|-damage|p1a: Ninetales|19/100
|-damage|p1a: Ninetales|9/100
|-damage|p1a: Ninetales|0 fnt
|faint|p1a: Ninetales
|-hitcount|p1: Ninetales|10
|move|p1b: Gengar|Sludge Bomb|p2a: Talonflame
|-damage|p2a: Talonflame|0 fnt
|faint|p2a: Talonflame
|
|-weather|Snowscape|[upkeep]
|upkeep
|turn|6
|
|t:|1785431109
|move|p2b: Maushold|Protect|p2b: Maushold
|-singleturn|p2b: Maushold|Protect
|move|p1b: Gengar|Sludge Bomb|p2b: Maushold
|-activate|p2b: Maushold|move: Protect
|
|-weather|Snowscape|[upkeep]
|upkeep
|turn|7
|-message|iloveships forfeited.
|
|win|godoftoasty
