|j|☆AllySwitch24
|j|☆hamilton60
|html|AllySwitch24hamilton60    
|uhtml|bestof|Game 3 of a best-of-3
|t:|1785918346
|gametype|doubles
|player|p1|AllySwitch24|elesa|1134
|player|p2|hamilton60|265|1149
|gen|9
|tier|[Gen 9 Champions] VGC 2026 Reg M-B (Bo3)
|rated|
|rule|Species Clause: Limit one of each Pokémon
|rule|Item Clause: Limit 1 of each item
|clearpoke
|poke|p1|Raichu, L50, F|
|poke|p1|Basculegion, L50, M|
|poke|p1|Corviknight, L50, M|
|poke|p1|Rotom-Heat, L50|
|poke|p1|Vanilluxe, L50, F|
|poke|p1|Chesnaught, L50, F|
|poke|p2|Sneasler, L50, F|
|poke|p2|Whimsicott, L50, F|
|poke|p2|Ceruledge, L50, F|
|poke|p2|Gardevoir, L50, F|
|poke|p2|Espathra, L50, M|
|poke|p2|Decidueye-Hisui, L50, M|
|teampreview|4
|showteam|p1|Raichu||RaichuniteY|Static|ZapCannon,FocusBlast,FakeOut,Protect|Timid||F|||50|]Basculegion||MysticWater|Adaptability|AquaJet,LastRespects,WaveCrash,Protect|Jolly||M|||50|]Corviknight||Leftovers|MirrorArmor|BulkUp,BraveBird,Roost,Protect|Impish||M|||50|]Rotom-Heat||SitrusBerry|Levitate|Overheat,Thunderbolt,WillOWisp,NastyPlot|Modest|||||50|]Vanilluxe||FocusSash|SnowWarning|Blizzard,FreezeDry,IcyWind,Protect|Timid||F|||50|]Chesnaught||Chesnaughtite|Bulletproof|DrainPunch,HighHorsepower,WoodHammer,SpikyShield|Adamant||F|||50|
|showteam|p2|Sneasler||WhiteHerb|Unburden|CloseCombat,Protect,DireClaw,RockSlide|Adamant||F|||50|]Whimsicott||FocusSash|Prankster|FakeTears,Tailwind,Moonblast,Encore|Modest||F|||50|]Ceruledge||LifeOrb|FlashFire|BitterBlade,ShadowClaw,ShadowSneak,Protect|Jolly||F|||50|]Gardevoir||Gardevoirite|Trace|HyperVoice,Protect,Psychic,AuraSphere|Timid||F|||50|]Espathra||MentalHerb|SpeedBoost|LuminaCrash,BatonPass,CalmMind,Protect|Modest||M|||50|]Decidueye-Hisui||ScopeLens|Scrappy|TripleArrows,LeafBlade,Protect,Roost|Adamant||M|||50|
|inactive|Battle timer is ON: inactive players will automatically lose when time's up. (requested by hamilton60)
|inactive|hamilton60 has 60 seconds left.
|
|t:|1785918389
|teamsize|p1|4
|teamsize|p2|4
|start
|switch|p1a: Raichu|Raichu, L50, F|100/100
|switch|p1b: Vanilluxe|Vanilluxe, L50, F|100/100
|switch|p2a: Espathra|Espathra, L50, M|100/100
|switch|p2b: Ceruledge|Ceruledge, L50, F|100/100
|-weather|Snowscape|[from] ability: Snow Warning|[of] p1b: Vanilluxe
|turn|1
|
|t:|1785918410
|detailschange|p1a: Raichu|Raichu-Mega-Y, L50, F
|-mega|p1a: Raichu|Raichu|Raichunite Y
|move|p2a: Espathra|Protect|p2a: Espathra
|-singleturn|p2a: Espathra|Protect
|move|p2b: Ceruledge|Protect|p2b: Ceruledge
|-singleturn|p2b: Ceruledge|Protect
|move|p1a: Raichu|Zap Cannon|p2b: Ceruledge
|-activate|p2b: Ceruledge|move: Protect
|move|p1b: Vanilluxe|Blizzard|p2a: Espathra|[spread] 
|-activate|p2a: Espathra|move: Protect
|-activate|p2b: Ceruledge|move: Protect
|
|-weather|Snowscape|[upkeep]
|-ability|p2a: Espathra|Speed Boost|boost
|-boost|p2a: Espathra|spe|1
|upkeep
|turn|2
|
|t:|1785918429
|move|p2a: Espathra|Lumina Crash|p1a: Raichu
|-damage|p1a: Raichu|51/100
|-unboost|p1a: Raichu|spd|2
|move|p1a: Raichu|Zap Cannon|p2b: Ceruledge
|-damage|p2b: Ceruledge|13/100
|-status|p2b: Ceruledge|par
|move|p1b: Vanilluxe|Blizzard|p2b: Ceruledge|[spread] p2a,p2b
|-resisted|p2b: Ceruledge|1
|-damage|p2a: Espathra|45/100
|-damage|p2b: Ceruledge|0 fnt
|faint|p2b: Ceruledge
|
|-weather|Snowscape|[upkeep]
|-ability|p2a: Espathra|Speed Boost|boost
|-boost|p2a: Espathra|spe|1
|upkeep
|
|t:|1785918446
|switch|p2b: Sneasler|Sneasler, L50, F|100/100
|turn|3
|inactive|AllySwitch24 has 30 seconds left.
|inactive|AllySwitch24 has 20 seconds left.
|inactive|AllySwitch24 has 15 seconds left.
|inactive|AllySwitch24 has 10 seconds left.
|inactive|AllySwitch24 has 5 seconds left.
|
|t:|1785918500
|switch|p1a: Corviknight|Corviknight, L50, M|100/100
|move|p1b: Vanilluxe|Protect|p1b: Vanilluxe
|-singleturn|p1b: Vanilluxe|Protect
|move|p2a: Espathra|Lumina Crash|p1a: Corviknight
|-resisted|p1a: Corviknight|1
|-crit|p1a: Corviknight
|-damage|p1a: Corviknight|81/100
|-ability|p1a: Corviknight|Mirror Armor
|-unboost|p2a: Espathra|spd|2
|move|p2b: Sneasler|Close Combat|p1b: Vanilluxe
|-activate|p1b: Vanilluxe|move: Protect
|
|-weather|Snowscape|[upkeep]
|-heal|p1a: Corviknight|87/100|[from] item: Leftovers
|-ability|p2a: Espathra|Speed Boost|boost
|-boost|p2a: Espathra|spe|1
|upkeep
|turn|4
|inactive|AllySwitch24 has 30 seconds left.
|inactive|hamilton60 has 30 seconds left.
|inactive|AllySwitch24 has 20 seconds left.
|inactive|AllySwitch24 has 15 seconds left.
|inactive|AllySwitch24 has 10 seconds left.
|inactive|AllySwitch24 has 5 seconds left.
|
|t:|1785918555
|move|p2a: Espathra|Protect|p2a: Espathra
|-singleturn|p2a: Espathra|Protect
|move|p2b: Sneasler|Close Combat|p1a: Corviknight
|-damage|p1a: Corviknight|39/100
|-unboost|p2b: Sneasler|def|1
|-unboost|p2b: Sneasler|spd|1
|-enditem|p2b: Sneasler|White Herb
|-clearnegativeboost|p2b: Sneasler|[silent]
|move|p1b: Vanilluxe|Blizzard|p2b: Sneasler|[spread] p2b
|-activate|p2a: Espathra|move: Protect
|-damage|p2b: Sneasler|42/100
|move|p1a: Corviknight|Brave Bird|p2a: Espathra
|-activate|p2a: Espathra|move: Protect
|
|-weather|Snowscape|[upkeep]
|-heal|p1a: Corviknight|44/100|[from] item: Leftovers
|-ability|p2a: Espathra|Speed Boost|boost
|-boost|p2a: Espathra|spe|1
|upkeep
|turn|5
|inactive|AllySwitch24 has 30 seconds left.
|inactive|AllySwitch24 has 20 seconds left.
|
|t:|1785918590
|move|p2a: Espathra|Lumina Crash|p1b: Vanilluxe
|-damage|p1b: Vanilluxe|60/100
|-unboost|p1b: Vanilluxe|spd|2
|move|p2b: Sneasler|Rock Slide|p1b: Vanilluxe|[spread] p1a,p1b
|-supereffective|p1b: Vanilluxe|1
|-damage|p1a: Corviknight|29/100
|-damage|p1b: Vanilluxe|21/100
|move|p1b: Vanilluxe|Blizzard|p2a: Espathra|[spread] p2a,p2b
|-damage|p2a: Espathra|0 fnt
|-damage|p2b: Sneasler|0 fnt
|faint|p2a: Espathra
|faint|p2b: Sneasler
|cant|p1a: Corviknight|flinch
|
|-weather|none
|-heal|p1a: Corviknight|35/100|[from] item: Leftovers
|upkeep
|
|t:|1785918598
|switch|p2a: Gardevoir|Gardevoir, L50, F|100/100
|-ability|p2a: Gardevoir|Mirror Armor|Trace|[from] ability: Trace|[of] p1a: Corviknight
|turn|6
|-message|hamilton60 forfeited.
|
|win|AllySwitch24
|raw|AllySwitch24's rating: 1134 → 1160(+26 for winning)
|raw|hamilton60's rating: 1149 → 1123(-26 for losing)
|l|☆hamilton60
|player|p2|
