|j|☆Piedrer
|j|☆viatles
|html|Piedrerviatles    
|uhtml|bestof|Game 1 of a best-of-3
|t:|1756237689
|gametype|doubles
|player|p1|Piedrer|red|1160
|player|p2|viatles|hiker|1103
|gen|9
|tier|[Gen 9] VGC 2025 Reg H (Bo3)
|rated|
|rule|Species Clause: Limit one of each Pokémon
|rule|Item Clause: Limit 1 of each item
|clearpoke
|poke|p1|Clefable, L50, F|
|poke|p1|Garchomp, L50, F|
|poke|p1|Whimsicott, L50, M|
|poke|p1|Hydreigon, L50, M|
|poke|p1|Maushold-Four, L50|
|poke|p1|Gholdengo, L50|
|poke|p2|Oricorio-Sensu, L50, M|
|poke|p2|Volcarona, L50, F|
|poke|p2|Sylveon, L50, M|
|poke|p2|Murkrow, L50, F|
|poke|p2|Dragapult, L50, F|
|poke|p2|Baxcalibur, L50, M|
|teampreview|4
|showteam|p1|Clefable||SitrusBerry|Unaware|FollowMe,Moonblast,MistyTerrain,Protect|||F|||50|,,,,,Water]Garchomp||LifeOrb|RoughSkin|StompingTantrum,DragonClaw,Earthquake,Protect|||F|||50|,,,,,Ground]Whimsicott||FocusSash|Prankster|Moonblast,Encore,Tailwind,SunnyDay|||M|||50|,,,,,Ghost]Hydreigon||ChoiceSpecs|Levitate|DarkPulse,DracoMeteor,Snarl,HeatWave|||M|||50|,,,,,Fire]Maushold-Four||WideLens|Technician|Protect,PopulationBomb,FollowMe,SuperFang||||||50|,,,,,Normal]Gholdengo||IronPlate|GoodasGold|MakeItRain,ShadowBall,NastyPlot,Protect||||||50|,,,,,Steel
|showteam|p2|Oricorio-Sensu||FocusSash|Dancer|QuiverDance,BatonPass,RevelationDance,Protect|||M|||50|,,,,,Fighting]Volcarona||SitrusBerry|FlameBody|QuiverDance,GigaDrain,FieryDance,Protect|||F|||50|,,,,,Grass]Sylveon||ChoiceScarf|Pixilate|HyperVoice,TeraBlast,StoredPower,SleepTalk|||M|||50|,,,,,Ground]Murkrow||Eviolite|Prankster|Tailwind,FoulPlay,Haze,FeatherDance|||F|||50|,,,,,Dark]Dragapult||CovertCloak|ClearBody|DragonCheer,DragonDarts,Protect,PhantomForce|||F|||50|,,,,,Stellar]Baxcalibur||LoadedDice|ThermalExchange|IcicleSpear,ScaleShot,GlaiveRush,Protect|||M|||50|,,,,,Grass
|c|☆viatles|gl hf
|inactive|Battle timer is ON: inactive players will automatically lose when time's up. (requested by viatles)
|inactive|Piedrer has 60 seconds left.
|
|t:|1756237753
|teamsize|p1|4
|teamsize|p2|4
|start
|switch|p1a: Maushold|Maushold-Four, L50|100/100
|switch|p1b: Clefable|Clefable, L50, F|100/100
|switch|p2a: Oricorio|Oricorio-Sensu, L50, M|100/100
|switch|p2b: Volcarona|Volcarona, L50, F|100/100
|turn|1
|c|☆Piedrer|gl ^^
|
|t:|1756237774
|switch|p1a: Hydreigon|Hydreigon, L50, M|100/100
|move|p1b: Clefable|Protect|p1b: Clefable
|-singleturn|p1b: Clefable|Protect
|move|p2a: Oricorio|Quiver Dance|p2a: Oricorio
|-boost|p2a: Oricorio|spa|1
|-boost|p2a: Oricorio|spd|1
|-boost|p2a: Oricorio|spe|1
|move|p2b: Volcarona|Quiver Dance|p2b: Volcarona
|-boost|p2b: Volcarona|spa|1
|-boost|p2b: Volcarona|spd|1
|-boost|p2b: Volcarona|spe|1
|-activate|p2a: Oricorio|ability: Dancer
|move|p2a: Oricorio|Quiver Dance|p2a: Oricorio|[from] ability: Dancer
|-boost|p2a: Oricorio|spa|1
|-boost|p2a: Oricorio|spd|1
|-boost|p2a: Oricorio|spe|1
|
|upkeep
|turn|2
|inactive|Piedrer has 30 seconds left.
|inactive|viatles has 30 seconds left.
|
|t:|1756237807
|move|p1b: Clefable|Follow Me|p1b: Clefable
|-singleturn|p1b: Clefable|move: Follow Me
|move|p2a: Oricorio|Revelation Dance|p1b: Clefable
|-damage|p1b: Clefable|66/100
|move|p2b: Volcarona|Fiery Dance|p1b: Clefable
|-damage|p1b: Clefable|29/100
|-boost|p2b: Volcarona|spa|1
|-enditem|p1b: Clefable|Sitrus Berry|[eat]
|-heal|p1b: Clefable|53/100|[from] item: Sitrus Berry
|-activate|p2a: Oricorio|ability: Dancer
|move|p2a: Oricorio|Fiery Dance|p1b: Clefable|[from] ability: Dancer
|-damage|p1b: Clefable|32/100
|-boost|p2a: Oricorio|spa|1
|move|p1a: Hydreigon|Snarl|p2a: Oricorio|[spread] p2a,p2b
|-supereffective|p2a: Oricorio
|-damage|p2a: Oricorio|53/100
|-damage|p2b: Volcarona|82/100
|-unboost|p2a: Oricorio|spa|1
|-unboost|p2b: Volcarona|spa|1
|
|upkeep
|turn|3
|inactive|viatles has 30 seconds left.
|
|t:|1756237833
|move|p2a: Oricorio|Protect|p2a: Oricorio
|-singleturn|p2a: Oricorio|Protect
|move|p1b: Clefable|Follow Me|p1b: Clefable
|-singleturn|p1b: Clefable|move: Follow Me
|move|p2b: Volcarona|Quiver Dance|p2b: Volcarona
|-boost|p2b: Volcarona|spa|1
|-boost|p2b: Volcarona|spd|1
|-boost|p2b: Volcarona|spe|1
|-activate|p2a: Oricorio|ability: Dancer
|move|p2a: Oricorio|Quiver Dance|p2a: Oricorio|[from] ability: Dancer
|-boost|p2a: Oricorio|spa|1
|-boost|p2a: Oricorio|spd|1
|-boost|p2a: Oricorio|spe|1
|move|p1a: Hydreigon|Snarl|p2b: Volcarona|[spread] p2b
|-activate|p2a: Oricorio|move: Protect
|-damage|p2b: Volcarona|68/100
|-unboost|p2b: Volcarona|spa|1
|
|upkeep
|turn|4
|inactive|Piedrer has 30 seconds left.
|inactive|viatles has 30 seconds left.
|
|t:|1756237865
|move|p1b: Clefable|Follow Me|p1b: Clefable
|-singleturn|p1b: Clefable|move: Follow Me
|move|p2a: Oricorio|Baton Pass|p2a: Oricorio
|
|t:|1756237868
|switch|p2a: Sylveon|Sylveon, L50, M|100/100|[from] Baton Pass
|move|p2b: Volcarona|Giga Drain|p1b: Clefable
|-damage|p1b: Clefable|7/100
|-heal|p2b: Volcarona|81/100|[from] drain|[of] p1b: Clefable
|move|p1a: Hydreigon|Snarl|p2b: Volcarona|[spread] p2a,p2b
|-resisted|p2a: Sylveon
|-damage|p2a: Sylveon|95/100
|-damage|p2b: Volcarona|68/100
|-unboost|p2a: Sylveon|spa|1
|-unboost|p2b: Volcarona|spa|1
|
|upkeep
|turn|5
|
|t:|1756237884
|move|p1b: Clefable|Protect|p1b: Clefable
|-singleturn|p1b: Clefable|Protect
|move|p2a: Sylveon|Hyper Voice|p1b: Clefable|[spread] p1a
|-activate|p1b: Clefable|move: Protect
|-supereffective|p1a: Hydreigon
|-damage|p1a: Hydreigon|0 fnt
|faint|p1a: Hydreigon
|move|p2b: Volcarona|Quiver Dance|p2b: Volcarona
|-boost|p2b: Volcarona|spa|1
|-boost|p2b: Volcarona|spd|1
|-boost|p2b: Volcarona|spe|1
|
|upkeep
|
|t:|1756237894
|switch|p1a: Maushold|Maushold-Four, L50|100/100
|turn|6
|
|t:|1756237903
|-terastallize|p1a: Maushold|Normal
|move|p1b: Clefable|Follow Me|p1b: Clefable
|-singleturn|p1b: Clefable|move: Follow Me
|move|p2a: Sylveon|Hyper Voice|p1b: Clefable|[spread] p1a,p1b
|-damage|p1a: Maushold|0 fnt
|-damage|p1b: Clefable|0 fnt
|faint|p1a: Maushold
|faint|p1b: Clefable
|move|p2b: Volcarona|Giga Drain|p1: Maushold|[notarget]
|-fail|p2b: Volcarona
|
|upkeep
|-message|Piedrer forfeited.
|
|win|viatles
|l|☆Piedrer
|player|p1|
||Piedrer is ready for game 2.
