|j|☆castoriceball
|j|☆pokemonpassarinho0
|html|castoriceballpokemonpassarinho0    
|uhtml|bestof|Game 1 of a best-of-3
|t:|1784323792
|gametype|doubles
|player|p1|castoriceball|miku-flying|1339
|player|p2|pokemonpassarinho0|birdkeeper-gen4dp|1172
|gen|9
|tier|[Gen 9 Champions] VGC 2026 Reg M-B (Bo3)
|rated|
|rule|Species Clause: Limit one of each Pokémon
|rule|Item Clause: Limit 1 of each item
|clearpoke
|poke|p1|Sneasler, L50, M|
|poke|p1|Blastoise, L50, M|
|poke|p1|Kingambit, L50, M|
|poke|p1|Incineroar, L50, M|
|poke|p1|Delphox, L50, F|
|poke|p1|Sinistcha, L50|
|poke|p2|Staraptor, L50, F|
|poke|p2|Gholdengo, L50|
|poke|p2|Whimsicott, L50, M|
|poke|p2|Garchomp, L50, M|
|poke|p2|Sylveon, L50, F|
|poke|p2|Charizard, L50, M|
|teampreview|4
|showteam|p1|Sneasler||FocusSash|PoisonTouch|PoisonJab,CloseCombat,FakeOut,QuickGuard|Jolly||M|||50|]Blastoise||Blastoisinite|RainDish|DarkPulse,WaterSpout,ShellSmash,Protect|Modest||M|||50|]Kingambit||BlackGlasses|Defiant|KowtowCleave,SuckerPunch,SwordsDance,Protect|Adamant||M|||50|]Incineroar||SitrusBerry|Intimidate|FlareBlitz,HelpingHand,PartingShot,FakeOut|Adamant||M|||50|]Delphox||Delphoxite|Blaze|HeatWave,NastyPlot,Psyshock,Protect|Modest||F|||50|]Sinistcha||KasibBerry|Hospitality|MatchaGotcha,RagePowder,TrickRoom,Protect|Bold|||||50|
|showteam|p2|Staraptor||Staraptite|Intimidate|BraveBird,CloseCombat,Roost,Protect|Jolly||F|||50|]Gholdengo||ChoiceScarf|GoodasGold|ShadowBall,MakeItRain,FlashCannon,PowerGem|Timid|||||50|]Whimsicott||FocusSash|Prankster|Moonblast,Tickle,Tailwind,Protect|Timid||M|||50|]Garchomp||LifeOrb|RoughSkin|DragonClaw,Earthquake,RockSlide,Protect|Jolly||M|||50|]Sylveon||FairyFeather|Pixilate|HyperVoice,HyperBeam,QuickAttack,Protect|Modest||F|||50|]Charizard||CharizarditeY|Blaze|HeatWave,SolarBeam,WeatherBall,Protect|Modest||M|||50|
|inactive|Battle timer is ON: inactive players will automatically lose when time's up. (requested by pokemonpassarinho0)
|inactive|castoriceball has 60 seconds left.
|
|t:|1784323837
|teamsize|p1|4
|teamsize|p2|4
|start
|switch|p1a: Sneasler|Sneasler, L50, M|100/100
|switch|p1b: Delphox|Delphox, L50, F|100/100
|switch|p2a: Staraptor|Staraptor, L50, F|100/100
|switch|p2b: Whimsicott|Whimsicott, L50, M|100/100
|-ability|p2a: Staraptor|Intimidate|boost
|-unboost|p1a: Sneasler|atk|1
|-unboost|p1b: Delphox|atk|1
|turn|1
|
|t:|1784323856
|switch|p2a: Gholdengo|Gholdengo, L50|100/100
|detailschange|p1b: Delphox|Delphox-Mega, L50, F
|-mega|p1b: Delphox|Delphox|Delphoxite
|move|p2b: Whimsicott|Protect|p2b: Whimsicott
|-singleturn|p2b: Whimsicott|Protect
|move|p1a: Sneasler|Fake Out|p2b: Whimsicott
|-activate|p2b: Whimsicott|move: Protect
|move|p1b: Delphox|Nasty Plot|p1b: Delphox
|-boost|p1b: Delphox|spa|2
|
|upkeep
|turn|2
|inactive|pokemonpassarinho0 has 30 seconds left.
|
|t:|1784323884
|move|p1a: Sneasler|Quick Guard|p1a: Sneasler
|-singleturn|p1a: Sneasler|Quick Guard
|move|p2a: Gholdengo|Power Gem|p1b: Delphox
|-supereffective|p1b: Delphox|1
|-damage|p1b: Delphox|51/100
|move|p1b: Delphox|Heat Wave|p2b: Whimsicott|[spread] p2a,p2b
|-supereffective|p2a: Gholdengo|1
|-supereffective|p2b: Whimsicott|1
|-damage|p2a: Gholdengo|0 fnt
|-enditem|p2b: Whimsicott|Focus Sash
|-damage|p2b: Whimsicott|1/100
|faint|p2a: Gholdengo
|move|p2b: Whimsicott|Moonblast|p1b: Delphox
|-resisted|p1b: Delphox|1
|-damage|p1b: Delphox|36/100
|
|upkeep
|
|t:|1784323902
|switch|p2a: Garchomp|Garchomp, L50, M|100/100
|turn|3
|
|t:|1784323916
|switch|p1a: Sinistcha|Sinistcha, L50|100/100
|-heal|p1b: Delphox|61/100|[from] ability: Hospitality|[of] p1a: Sinistcha
|move|p2b: Whimsicott|Tailwind|p2b: Whimsicott
|-sidestart|p2: pokemonpassarinho0|move: Tailwind
|move|p2a: Garchomp|Rock Slide|p1b: Delphox|[spread] p1a,p1b
|-supereffective|p1b: Delphox|1
|-damage|p1a: Sinistcha|78/100
|-damage|p1b: Delphox|0 fnt
|faint|p1b: Delphox
|-damage|p2a: Garchomp|90/100|[from] item: Life Orb
|
|upkeep
|
|t:|1784323927
|switch|p1b: Incineroar|Incineroar, L50, M|100/100
|-ability|p1b: Incineroar|Intimidate|boost
|-unboost|p2a: Garchomp|atk|1
|-unboost|p2b: Whimsicott|atk|1
|turn|4
|
|t:|1784323945
|move|p1b: Incineroar|Fake Out|p2a: Garchomp
|-damage|p2a: Garchomp|77/100
|-damage|p1b: Incineroar|87/100|[from] ability: Rough Skin|[of] p2a: Garchomp
|move|p2b: Whimsicott|Tickle|p1a: Sinistcha
|-unboost|p1a: Sinistcha|atk|1
|-unboost|p1a: Sinistcha|def|1
|cant|p2a: Garchomp|flinch
|move|p1a: Sinistcha|Trick Room|p1a: Sinistcha
|-fieldstart|move: Trick Room|[of] p1a: Sinistcha
|
|upkeep
|turn|5
|inactive|pokemonpassarinho0 has 30 seconds left.
|
|t:|1784323971
|switch|p2b: Staraptor|Staraptor, L50, F|100/100
|-ability|p2b: Staraptor|Intimidate|boost
|-unboost|p1a: Sinistcha|atk|1
|-unboost|p1b: Incineroar|atk|1
|move|p1a: Sinistcha|Rage Powder|p1a: Sinistcha
|-singleturn|p1a: Sinistcha|move: Rage Powder
|move|p1b: Incineroar|Flare Blitz|p2b: Staraptor
|-damage|p2b: Staraptor|60/100
|-status|p2b: Staraptor|brn
|-damage|p1b: Incineroar|75/100|[from] Recoil
|move|p2a: Garchomp|Rock Slide|p1a: Sinistcha|[spread] p1a,p1b
|-supereffective|p1b: Incineroar|1
|-damage|p1a: Sinistcha|56/100
|-damage|p1b: Incineroar|39/100
|-enditem|p1b: Incineroar|Sitrus Berry|[eat]
|-heal|p1b: Incineroar|63/100|[from] item: Sitrus Berry
|-damage|p2a: Garchomp|67/100|[from] item: Life Orb
|
|-damage|p2b: Staraptor|54/100 brn|[from] brn
|upkeep
|turn|6
|inactive|castoriceball has 30 seconds left.
|inactive|pokemonpassarinho0 has 30 seconds left.
|inactive|pokemonpassarinho0 has 20 seconds left.
|
|t:|1784324011
|detailschange|p2b: Staraptor|Staraptor-Mega, L50, F
|-mega|p2b: Staraptor|Staraptor|Staraptite
|move|p1b: Incineroar|Helping Hand|p1a: Sinistcha
|-singleturn|p1a: Sinistcha|Helping Hand|[of] p1b: Incineroar
|move|p1a: Sinistcha|Matcha Gotcha|p2a: Garchomp|[spread] p2a,p2b
|-resisted|p2b: Staraptor|1
|-damage|p2a: Garchomp|29/100
|-heal|p1a: Sinistcha|75/100|[from] drain|[of] p2a: Garchomp
|-damage|p2b: Staraptor|34/100 brn
|-heal|p1a: Sinistcha|86/100|[from] drain|[of] p2b: Staraptor
|move|p2a: Garchomp|Rock Slide|p1a: Sinistcha|[spread] p1a,p1b
|-supereffective|p1b: Incineroar|1
|-damage|p1a: Sinistcha|64/100
|-damage|p1b: Incineroar|33/100
|-damage|p2a: Garchomp|19/100|[from] item: Life Orb
|move|p2b: Staraptor|Roost|p2b: Staraptor
|-heal|p2b: Staraptor|84/100 brn
|-singleturn|p2b: Staraptor|move: Roost
|
|-damage|p2b: Staraptor|78/100 brn|[from] brn
|-sideend|p2: pokemonpassarinho0|move: Tailwind
|upkeep
|turn|7
|inactive|pokemonpassarinho0 has 30 seconds left.
|
|t:|1784324043
|move|p2a: Garchomp|Protect|p2a: Garchomp
|-singleturn|p2a: Garchomp|Protect
|move|p1a: Sinistcha|Matcha Gotcha|p2b: Staraptor|[spread] p2b
|-activate|p2a: Garchomp|move: Protect
|-resisted|p2b: Staraptor|1
|-damage|p2b: Staraptor|66/100 brn
|-heal|p1a: Sinistcha|70/100|[from] drain|[of] p2b: Staraptor
|move|p1b: Incineroar|Flare Blitz|p2b: Staraptor
|-crit|p2b: Staraptor
|-damage|p2b: Staraptor|0 fnt
|faint|p2b: Staraptor
|-damage|p1b: Incineroar|12/100|[from] Recoil
|
|upkeep
|
|t:|1784324056
|switch|p2b: Whimsicott|Whimsicott, L50, M|1/100
|turn|8
|
|t:|1784324073
|move|p1b: Incineroar|Helping Hand|p1a: Sinistcha
|-singleturn|p1a: Sinistcha|Helping Hand|[of] p1b: Incineroar
|move|p2a: Garchomp|Protect||[still]
|-fail|p2a: Garchomp
|move|p2b: Whimsicott|Tailwind|p2b: Whimsicott
|-sidestart|p2: pokemonpassarinho0|move: Tailwind
|move|p1a: Sinistcha|Matcha Gotcha|p2b: Whimsicott|[spread] p2a,p2b
|-resisted|p2b: Whimsicott|1
|-damage|p2a: Garchomp|0 fnt
|-heal|p1a: Sinistcha|80/100|[from] drain|[of] p2a: Garchomp
|-damage|p2b: Whimsicott|0 fnt
|-heal|p1a: Sinistcha|81/100|[from] drain|[of] p2b: Whimsicott
|faint|p2a: Garchomp
|faint|p2b: Whimsicott
|
|win|castoriceball
||pokemonpassarinho0 is ready for game 2.
