|j|☆WestyLiam
|j|☆65th
|html|WestyLiam65th    
|uhtml|bestof|Game 1 of a best-of-3
|t:|1756742978
|gametype|doubles
|player|p1|WestyLiam|169|
|player|p2|65th|red|
|gen|9
|tier|[Gen 9] VGC 2025 Reg H (Bo3)
|rule|Species Clause: Limit one of each Pokémon
|rule|Item Clause: Limit 1 of each item
|clearpoke
|poke|p1|Garchomp, L50, M|
|poke|p1|Jumpluff, L50, M|
|poke|p1|Torkoal, L50, M|
|poke|p1|Dragonite, L50, F|
|poke|p1|Kingambit, L50, F|
|poke|p1|Typhlosion-Hisui, L50, M|
|poke|p2|Gallade, L50, M|
|poke|p2|Ursaluna, L50, M|
|poke|p2|Torkoal, L50, M|
|poke|p2|Indeedee-F, L50, F|
|poke|p2|Hatterene, L50, F|
|poke|p2|Maushold, L50|
|teampreview|4
|showteam|p1|Garchomp||LifeOrb|RoughSkin|DragonClaw,StompingTantrum,Earthquake,Protect|||M|||50|,,,,,Fairy]Jumpluff||CovertCloak|Chlorophyll|LeafStorm,SleepPowder,Encore,Tailwind|||M|||50|,,,,,Poison]Torkoal||EjectPack|Drought|Overheat,BurningJealousy,HelpingHand,Protect|||M|||50|,,,,,Flying]Dragonite||LoadedDice|Multiscale|ScaleShot,ExtremeSpeed,IceSpinner,Protect|||F|||50|,,,,,Fairy]Kingambit||AssaultVest|Defiant|IronHead,SuckerPunch,Assurance,LowKick|||F|||50|,,,,,Flying]Typhlosion-Hisui||ChoiceSpecs|Blaze|Eruption,ShadowBall,HeatWave,Overheat|||M|||50|,,,,,Fire
|showteam|p2|Gallade||ClearAmulet|Sharpness|SacredSword,PsychoCut,WideGuard,TrickRoom|||M|||50|,,,,,Grass]Ursaluna||FlameOrb|Guts|Facade,HeadlongRush,Protect,Earthquake|||M|||50|,,,,,Ghost]Torkoal||ChoiceSpecs|Drought|Eruption,WeatherBall,HeatWave,EarthPower|||M|||50|,,,,,Fire]Indeedee-F||PsychicSeed|PsychicSurge|FollowMe,TrickRoom,Psychic,HelpingHand|||F|||50|,,,,,Water]Hatterene||LifeOrb|MagicBounce|ExpandingForce,DazzlingGleam,TeraBlast,TrickRoom|||F|||50|,,,,,Fire]Maushold||WideLens|Technician|PopulationBomb,Taunt,FollowMe,Protect||||||50|,,,,,Poison
|inactive|Battle timer is ON: inactive players will automatically lose when time's up. (requested by 65th)
|
|t:|1756742998
|teamsize|p1|4
|teamsize|p2|4
|start
|switch|p1a: Garchomp|Garchomp, L50, M|100/100
|switch|p1b: Dragonite|Dragonite, L50, F|100/100
|switch|p2a: Indeedee|Indeedee-F, L50, F|100/100
|switch|p2b: Hatterene|Hatterene, L50, F|100/100
|-fieldstart|move: Psychic Terrain|[from] ability: Psychic Surge|[of] p2a: Indeedee
|-enditem|p2a: Indeedee|Psychic Seed
|-boost|p2a: Indeedee|spd|1|[from] item: Psychic Seed
|turn|1
|inactive|WestyLiam has 30 seconds left.
|inactive|WestyLiam has 20 seconds left.
|inactive|WestyLiam has 15 seconds left.
|
|t:|1756743041
|move|p1a: Garchomp|Earthquake|p2b: Hatterene|[spread] p2a,p2b
|-immune|p1b: Dragonite
|-damage|p2a: Indeedee|51/100
|-damage|p2b: Hatterene|48/100
|-damage|p1a: Garchomp|91/100|[from] item: Life Orb
|move|p1b: Dragonite|Ice Spinner|p2a: Indeedee
|-damage|p2a: Indeedee|19/100
|-fieldend|move: Psychic Terrain
|move|p2b: Hatterene|Dazzling Gleam|p1b: Dragonite|[spread] p1a,p1b
|-supereffective|p1a: Garchomp
|-supereffective|p1b: Dragonite
|-damage|p1a: Garchomp|0 fnt
|-damage|p1b: Dragonite|51/100
|faint|p1a: Garchomp
|-damage|p2b: Hatterene|39/100|[from] item: Life Orb
|move|p2a: Indeedee|Trick Room|p2a: Indeedee
|-fieldstart|move: Trick Room|[of] p2a: Indeedee
|
|upkeep
|
|t:|1756743046
|switch|p1a: Torkoal|Torkoal, L50, M|100/100
|-weather|SunnyDay|[from] ability: Drought|[of] p1a: Torkoal
|turn|2
|inactive|65th has 30 seconds left.
|inactive|65th has 20 seconds left.
|inactive|65th has 15 seconds left.
|inactive|65th has 10 seconds left.
|
|t:|1756743095
|move|p1a: Torkoal|Protect|p1a: Torkoal
|-singleturn|p1a: Torkoal|Protect
|move|p1b: Dragonite|Protect|p1b: Dragonite
|-singleturn|p1b: Dragonite|Protect
|move|p2a: Indeedee|Follow Me|p2a: Indeedee
|-singleturn|p2a: Indeedee|move: Follow Me
|move|p2b: Hatterene|Dazzling Gleam|p1b: Dragonite|[spread] 
|-activate|p1a: Torkoal|move: Protect
|-activate|p1b: Dragonite|move: Protect
|
|-weather|SunnyDay|[upkeep]
|upkeep
|turn|3
|inactive|WestyLiam has 30 seconds left.
|inactive|WestyLiam has 20 seconds left.
|
|t:|1756743135
|-terastallize|p1b: Dragonite|Fairy
|move|p1b: Dragonite|Extreme Speed|p2a: Indeedee
|-damage|p2a: Indeedee|0 fnt
|faint|p2a: Indeedee
|move|p2b: Hatterene|Dazzling Gleam|p1b: Dragonite|[spread] p1a,p1b
|-resisted|p1a: Torkoal
|-crit|p1a: Torkoal
|-damage|p1a: Torkoal|50/100
|-damage|p1b: Dragonite|4/100
|-damage|p2b: Hatterene|29/100|[from] item: Life Orb
|move|p1a: Torkoal|Burning Jealousy|p2b: Hatterene
|-damage|p2b: Hatterene|0 fnt
|faint|p2b: Hatterene
|
|-weather|SunnyDay|[upkeep]
|upkeep
|
|t:|1756743146
|switch|p2b: Ursaluna|Ursaluna, L50, M|100/100
|switch|p2a: Torkoal|Torkoal, L50, M|100/100
|turn|4
|inactive|65th has 30 seconds left.
|
|t:|1756743174
|-terastallize|p2a: Torkoal|Fire
|move|p1a: Torkoal|Protect|p1a: Torkoal
|-singleturn|p1a: Torkoal|Protect
|move|p1b: Dragonite|Protect|p1b: Dragonite
|-singleturn|p1b: Dragonite|Protect
|move|p2a: Torkoal|Eruption|p1a: Torkoal|[spread] 
|-activate|p1a: Torkoal|move: Protect
|-activate|p1b: Dragonite|move: Protect
|move|p2b: Ursaluna|Headlong Rush|p1b: Dragonite
|-activate|p1b: Dragonite|move: Protect
|
|-weather|SunnyDay|[upkeep]
|-status|p2b: Ursaluna|brn|[from] item: Flame Orb
|upkeep
|turn|5
|
|t:|1756743183
|move|p1a: Torkoal|Protect|p1a: Torkoal
|-singleturn|p1a: Torkoal|Protect
|move|p1b: Dragonite|Extreme Speed|p2a: Torkoal
|-damage|p2a: Torkoal|75/100
|move|p2a: Torkoal|Eruption|p1a: Torkoal|[spread] p1b
|-activate|p1a: Torkoal|move: Protect
|-damage|p1b: Dragonite|0 fnt
|faint|p1b: Dragonite
|move|p2b: Ursaluna|Headlong Rush|p1a: Torkoal
|-activate|p1a: Torkoal|move: Protect
|
|-weather|SunnyDay|[upkeep]
|-damage|p2b: Ursaluna|95/100 brn|[from] brn
|-fieldend|move: Trick Room
|upkeep
|
|t:|1756743187
|switch|p1b: Typhlosion|Typhlosion-Hisui, L50, M|100/100
|turn|6
|c|☆65th|you son of a bitch
|
|t:|1756743206
|move|p1a: Torkoal|Helping Hand|p1b: Typhlosion
|-singleturn|p1b: Typhlosion|Helping Hand|[of] p1a: Torkoal
|move|p1b: Typhlosion|Eruption|p2b: Ursaluna|[spread] p2a,p2b
|-resisted|p2a: Torkoal
|-damage|p2a: Torkoal|0 fnt
|-damage|p2b: Ursaluna|0 fnt
|faint|p2a: Torkoal
|faint|p2b: Ursaluna
|
|win|WestyLiam
||65th is ready for game 2.
|inactive|WestyLiam has 30 seconds to confirm battle start!
|c|☆WestyLiam|lmao idk if it matters 1 sec
|c|☆65th|bro just ready up
|inactive|WestyLiam has 20 seconds to confirm battle start!
|c|☆65th|I dont think it did
|inactive|WestyLiam has 10 seconds to confirm battle start!
|c|☆WestyLiam|252 SpA Choice Specs Typhlosion-Hisui Eruption (150 BP) vs. 252 HP / 4 SpD Ursaluna in Sun: 241-285 (101.6 - 120.2%) -- guaranteed OHKO
|uhtml|next|Next: Game 2 of 3
