|j|☆palle synchro
|j|☆flintvgc
|html|palle synchroflintvgc    
|uhtml|bestof|Game 1 of a best-of-3
|t:|1785357695
|gametype|doubles
|player|p1|palle synchro|volkner|
|player|p2|flintvgc|101|
|gen|9
|tier|[Gen 9 Champions] VGC 2026 Reg M-B (Bo3)
|rule|Species Clause: Limit one of each Pokémon
|rule|Item Clause: Limit 1 of each item
|clearpoke
|poke|p1|Whimsicott, L50, M|
|poke|p1|Basculegion, L50, M|
|poke|p1|Kingambit, L50, F|
|poke|p1|Floette-Eternal, L50, F|
|poke|p1|Garchomp, L50, M|
|poke|p1|Charizard, L50, F|
|poke|p2|Staraptor, L50, M|
|poke|p2|Milotic, L50, F|
|poke|p2|Tyranitar, L50, M|
|poke|p2|Gholdengo, L50|
|poke|p2|Excadrill, L50, M|
|poke|p2|Sinistcha, L50|
|teampreview|4
|showteam|p1|Whimsicott||FocusSash|Prankster|Protect,Moonblast,Tailwind,Encore|Timid||M|||50|]Basculegion||MysticWater|Adaptability|WaveCrash,Protect,LastRespects,AquaJet|Adamant||M|||50|]Kingambit||ChopleBerry|Defiant|KowtowCleave,LowKick,SuckerPunch,IronHead|Adamant||F|||50|]Floette-Eternal||Floettite|FlowerVeil|DazzlingGleam,Moonblast,LightofRuin,Protect|Modest||F|||50|]Garchomp||LifeOrb|RoughSkin|Protect,Earthquake,DragonClaw,RockSlide|Jolly||M|||50|]Charizard||CharizarditeY|Blaze|HeatWave,SolarBeam,WeatherBall,Protect|Modest||F|||50|
|showteam|p2|Staraptor||Staraptite|Intimidate|BraveBird,CloseCombat,Tailwind,Protect|Jolly||M|||50|]Milotic||SitrusBerry|Competitive|Scald,IceBeam,IcyWind,Protect|Modest||F|||50|]Tyranitar||Tyranitarite|SandStream|RockSlide,KnockOff,LowKick,Protect|Jolly||M|||50|]Gholdengo||LifeOrb|GoodasGold|ShadowBall,MakeItRain,NastyPlot,Protect|Modest|||||50|]Excadrill||FocusSash|SandRush|HighHorsepower,IronHead,RockSlide,Protect|Jolly||M|||50|]Sinistcha||ColburBerry|Hospitality|MatchaGotcha,RagePowder,ShadowBall,Protect|Bold|||||50|
|inactive|Battle timer is ON: inactive players will automatically lose when time's up. (requested by flintvgc)
|inactive|flintvgc has 60 seconds left.
|
|t:|1785357731
|teamsize|p1|4
|teamsize|p2|4
|start
|switch|p1a: Whimsicott|Whimsicott, L50, M|100/100
|switch|p1b: Basculegion|Basculegion, L50, M|100/100
|switch|p2a: Staraptor|Staraptor, L50, M|100/100
|switch|p2b: Excadrill|Excadrill, L50, M|100/100
|-ability|p2a: Staraptor|Intimidate|boost
|-unboost|p1a: Whimsicott|atk|1
|-unboost|p1b: Basculegion|atk|1
|turn|1
|inactive|palle synchro has 30 seconds left.
|inactive|flintvgc has 30 seconds left.
|inactive|palle synchro has 20 seconds left.
|inactive|palle synchro has 15 seconds left.
|
|t:|1785357774
|switch|p1a: Charizard|Charizard, L50, F|100/100
|switch|p2a: Tyranitar|Tyranitar, L50, M|100/100
|-weather|Sandstorm|[from] ability: Sand Stream|[of] p2a: Tyranitar
|move|p2b: Excadrill|Iron Head|p1b: Basculegion
|-resisted|p1b: Basculegion|1
|-damage|p1b: Basculegion|75/100
|move|p1b: Basculegion|Wave Crash|p2a: Tyranitar
|-supereffective|p2a: Tyranitar|1
|-damage|p2a: Tyranitar|0 fnt
|faint|p2a: Tyranitar
|-damage|p1b: Basculegion|44/100|[from] Recoil
|
|-weather|Sandstorm|[upkeep]
|-damage|p1b: Basculegion|39/100|[from] Sandstorm
|-damage|p1a: Charizard|93/100|[from] Sandstorm
|upkeep
|inactive|flintvgc has 30 seconds left.
|inactive|flintvgc has 20 seconds left.
|inactive|flintvgc has 15 seconds left.
|inactive|flintvgc has 10 seconds left.
|inactive|flintvgc has 5 seconds left.
|
|t:|1785357828
|switch|p2a: Milotic|Milotic, L50, F|100/100
|turn|2
|
|t:|1785357849
|switch|p2b: Staraptor|Staraptor, L50, M|100/100
|-ability|p2b: Staraptor|Intimidate|boost
|-unboost|p1a: Charizard|atk|1
|-unboost|p1b: Basculegion|atk|1
|detailschange|p1a: Charizard|Charizard-Mega-Y, L50, F
|-mega|p1a: Charizard|Charizard|Charizardite Y
|-weather|SunnyDay|[from] ability: Drought|[of] p1a: Charizard
|move|p1b: Basculegion|Aqua Jet|p2b: Staraptor
|-damage|p2b: Staraptor|89/100
|move|p1a: Charizard|Heat Wave|p2b: Staraptor|[spread] p2a,p2b
|-resisted|p2a: Milotic|1
|-damage|p2a: Milotic|78/100
|-damage|p2b: Staraptor|11/100
|move|p2a: Milotic|Icy Wind|p1a: Charizard|[spread] p1a,p1b
|-resisted|p1b: Basculegion|1
|-damage|p1a: Charizard|85/100
|-damage|p1b: Basculegion|33/100
|-unboost|p1a: Charizard|spe|1
|-unboost|p1b: Basculegion|spe|1
|
|-weather|SunnyDay|[upkeep]
|upkeep
|turn|3
|inactive|palle synchro has 30 seconds left.
|inactive|flintvgc has 30 seconds left.
|inactive|palle synchro has 20 seconds left.
|inactive|flintvgc has 20 seconds left.
|inactive|flintvgc has 15 seconds left.
|inactive|flintvgc has 10 seconds left.
|
|t:|1785357898
|switch|p1b: Whimsicott|Whimsicott, L50, M|100/100
|detailschange|p2b: Staraptor|Staraptor-Mega, L50, M
|-mega|p2b: Staraptor|Staraptor|Staraptite
|move|p1a: Charizard|Protect|p1a: Charizard
|-singleturn|p1a: Charizard|Protect
|move|p2b: Staraptor|Tailwind|p2b: Staraptor
|-sidestart|p2: flintvgc|move: Tailwind
|move|p2a: Milotic|Icy Wind|p1b: Whimsicott|[spread] p1b
|-activate|p1a: Charizard|move: Protect
|-supereffective|p1b: Whimsicott|1
|-damage|p1b: Whimsicott|63/100
|-unboost|p1b: Whimsicott|spe|1
|
|-weather|SunnyDay|[upkeep]
|upkeep
|turn|4
|inactive|flintvgc has 30 seconds left.
|inactive|flintvgc has 20 seconds left.
|inactive|flintvgc has 15 seconds left.
|inactive|flintvgc has 10 seconds left.
|
|t:|1785357944
|switch|p2b: Excadrill|Excadrill, L50, M|100/100
|move|p1b: Whimsicott|Tailwind|p1b: Whimsicott
|-sidestart|p1: palle synchro|move: Tailwind
|move|p2a: Milotic|Scald|p1a: Charizard
|-supereffective|p1a: Charizard|1
|-damage|p1a: Charizard|59/100
|move|p1a: Charizard|Heat Wave|p2b: Excadrill|[spread] p2a,p2b
|-resisted|p2a: Milotic|1
|-supereffective|p2b: Excadrill|1
|-damage|p2a: Milotic|53/100
|-enditem|p2b: Excadrill|Focus Sash
|-damage|p2b: Excadrill|1/100
|
|-weather|SunnyDay|[upkeep]
|upkeep
|turn|5
|inactive|palle synchro has 30 seconds left.
|
|t:|1785357979
|move|p1a: Charizard|Protect|p1a: Charizard
|-singleturn|p1a: Charizard|Protect
|move|p2b: Excadrill|Iron Head|p1b: Whimsicott
|-supereffective|p1b: Whimsicott|1
|-damage|p1b: Whimsicott|0 fnt
|faint|p1b: Whimsicott
|move|p2a: Milotic|Scald|p1a: Charizard
|-activate|p1a: Charizard|move: Protect
|
|-weather|SunnyDay|[upkeep]
|upkeep
|
|t:|1785357983
|switch|p1b: Garchomp|Garchomp, L50, M|100/100
|turn|6
|
|t:|1785358005
|move|p1b: Garchomp|Earthquake|p2a: Milotic|[spread] p2a,p2b
|-immune|p1a: Charizard
|-supereffective|p2b: Excadrill|1
|-damage|p2a: Milotic|6/100
|-damage|p2b: Excadrill|0 fnt
|-enditem|p2a: Milotic|Sitrus Berry|[eat]
|-heal|p2a: Milotic|31/100|[from] item: Sitrus Berry
|faint|p2b: Excadrill
|-damage|p1b: Garchomp|90/100|[from] item: Life Orb
|move|p2a: Milotic|Icy Wind|p1b: Garchomp|[spread] p1a,p1b
|-supereffective|p1b: Garchomp|2
|-damage|p1a: Charizard|49/100
|-damage|p1b: Garchomp|39/100
|-unboost|p1a: Charizard|spe|1
|-unboost|p1b: Garchomp|spe|1
|move|p1a: Charizard|Weather Ball|p2a: Milotic
|-resisted|p2a: Milotic|1
|-damage|p2a: Milotic|1/100
|
|-weather|none
|-sideend|p2: flintvgc|move: Tailwind
|upkeep
|
|t:|1785358024
|switch|p2b: Staraptor|Staraptor-Mega, L50, M|11/100
|turn|7
|
|t:|1785358043
|move|p1b: Garchomp|Dragon Claw|p2a: Milotic
|-damage|p2a: Milotic|0 fnt
|faint|p2a: Milotic
|-damage|p1b: Garchomp|30/100|[from] item: Life Orb
|move|p2b: Staraptor|Close Combat|p1a: Charizard
|-resisted|p1a: Charizard|1
|-damage|p1a: Charizard|23/100
|-boost|p2b: Staraptor|def|1
|-boost|p2b: Staraptor|spd|1
|move|p1a: Charizard|Heat Wave|p2b: Staraptor|[miss]
|-miss|p1a: Charizard|p2b: Staraptor
|
|-sideend|p1: palle synchro|move: Tailwind
|upkeep
|turn|8
|inactive|palle synchro has 30 seconds left.
|inactive|flintvgc has 30 seconds left.
|inactive|palle synchro has 20 seconds left.
|inactive|flintvgc has 20 seconds left.
|j| liamvgc1
|inactive|palle synchro has 15 seconds left.
|inactive|flintvgc has 15 seconds left.
|inactive|palle synchro has 10 seconds left.
|inactive|flintvgc has 10 seconds left.
|
|t:|1785358092
|move|p2b: Staraptor|Close Combat|p1a: Charizard
|-resisted|p1a: Charizard|1
|-damage|p1a: Charizard|0 fnt
|-boost|p2b: Staraptor|def|1
|-boost|p2b: Staraptor|spd|1
|faint|p1a: Charizard
|move|p1b: Garchomp|Dragon Claw|p2b: Staraptor
|-damage|p2b: Staraptor|0 fnt
|faint|p2b: Staraptor
|-damage|p1b: Garchomp|20/100y|[from] item: Life Orb
|
|win|palle synchro
