|j|☆JakAttack101
|j|☆Plastic Ocean
|html|JakAttack101Plastic Ocean    
|uhtml|bestof|Game 2 of a best-of-3
|t:|1756498404
|gametype|doubles
|player|p1|JakAttack101|blaine|1110
|player|p2|Plastic Ocean|sisandbro|1181
|gen|9
|tier|[Gen 9] VGC 2025 Reg H (Bo3)
|rated|
|rule|Species Clause: Limit one of each Pokémon
|rule|Item Clause: Limit 1 of each item
|clearpoke
|poke|p1|Annihilape, L50, M|
|poke|p1|Ninetales-Alola, L50, M|
|poke|p1|Garchomp, L50, F|
|poke|p1|Dragonite, L50, M|
|poke|p1|Sneasler, L50, M|
|poke|p1|Incineroar, L50, F|
|poke|p2|Sneasler, L50, F|
|poke|p2|Dragonite, L50, M|
|poke|p2|Basculegion, L50, M|
|poke|p2|Volcarona, L50, F|
|poke|p2|Rillaboom, L50, M|
|poke|p2|Electabuzz, L50, F|
|teampreview|4
|showteam|p1|Annihilape||AssaultVest|Defiant|RageFist,DrainPunch,RockTomb,FinalGambit|||M|||50|,,,,,Fire]Ninetales-Alola||ChoiceSpecs|SnowWarning|Blizzard,Moonblast,FreezeDry,IcyWind|||M|||50|,,,,,Ghost]Garchomp||LifeOrb|RoughSkin|Earthquake,StompingTantrum,DragonClaw,Protect|||F|||50|,,,,,Steel]Dragonite||LoadedDice|Multiscale|ScaleShot,Tailwind,Protect,Haze|||M|||50|,,,,,Fairy]Sneasler||FocusSash|Unburden|CloseCombat,DireClaw,FakeOut,Coaching|||M|||50|,,,,,Ghost]Incineroar||SafetyGoggles|Intimidate|KnockOff,Taunt,FakeOut,PartingShot|||F|||50|,,,,,Fairy
|showteam|p2|Sneasler||FocusSash|PoisonTouch|DireClaw,CloseCombat,Coaching,FakeOut|||F|||50|,,,,,Ghost]Dragonite||LoadedDice|Multiscale|ScaleShot,Tailwind,Protect,Haze|||M|||50|,,,,,Fairy]Basculegion||ChoiceScarf|Adaptability|WaveCrash,LastRespects,FlipTurn,TeraBlast|||M|||50|,,,,,Fighting]Volcarona||Leftovers|FlameBody|HeatWave,TeraBlast,QuiverDance,Protect|||F|||50|,,,,,Fairy]Rillaboom||AssaultVest|GrassySurge|WoodHammer,GrassyGlide,HighHorsepower,FakeOut|||M|||50|,,,,,Fire]Electabuzz||Eviolite|VitalSpirit|Thunderbolt,Taunt,FollowMe,Protect|||F|||50|,,,,,Ghost
|
|t:|1756498417
|teamsize|p1|4
|teamsize|p2|4
|start
|switch|p1a: Sneasler|Sneasler, L50, M, shiny|100/100
|switch|p1b: Dragonite|Dragonite, L50, M, shiny|100/100
|switch|p2a: Sneasler|Sneasler, L50, F|100/100
|switch|p2b: Dragonite|Dragonite, L50, M|100/100
|turn|1
|inactive|Battle timer is ON: inactive players will automatically lose when time's up. (requested by JakAttack101)
|
|t:|1756498434
|-terastallize|p1b: Dragonite|Fairy
|move|p2a: Sneasler|Fake Out|p1a: Sneasler
|-damage|p1a: Sneasler|75/100
|cant|p1a: Sneasler|flinch
|move|p1b: Dragonite|Scale Shot|p2a: Sneasler
|-damage|p2a: Sneasler|75/100
|-damage|p2a: Sneasler|48/100
|-damage|p2a: Sneasler|20/100
|-damage|p2a: Sneasler|0 fnt
|faint|p2a: Sneasler
|-hitcount|p2: Sneasler|4
|-unboost|p1b: Dragonite|def|1
|-boost|p1b: Dragonite|spe|1
|move|p2b: Dragonite|Scale Shot|p1a: Sneasler
|-damage|p1a: Sneasler|48/100
|-damage|p1a: Sneasler|20/100
|-damage|p1a: Sneasler|0 fnt
|faint|p1a: Sneasler
|-hitcount|p1: Sneasler|3
|-unboost|p2b: Dragonite|def|1
|-boost|p2b: Dragonite|spe|1
|
|upkeep
|
|t:|1756498456
|switch|p1a: Ninetales|Ninetales-Alola, L50, M, shiny|100/100
|switch|p2a: Rillaboom|Rillaboom, L50, M|100/100
|-weather|Snowscape|[from] ability: Snow Warning|[of] p1a: Ninetales
|-fieldstart|move: Grassy Terrain|[from] ability: Grassy Surge|[of] p2a: Rillaboom
|turn|2
|
|t:|1756498480
|-terastallize|p2b: Dragonite|Fairy
|move|p2a: Rillaboom|Fake Out|p1a: Ninetales
|-damage|p1a: Ninetales|87/100
|move|p2b: Dragonite|Tailwind|p2b: Dragonite
|-sidestart|p2: Plastic Ocean|move: Tailwind
|move|p1b: Dragonite|Scale Shot|p2a: Rillaboom
|-damage|p2a: Rillaboom|85/100
|-damage|p2a: Rillaboom|70/100
|-damage|p2a: Rillaboom|56/100
|-damage|p2a: Rillaboom|41/100
|-hitcount|p2a: Rillaboom|4
|-unboost|p1b: Dragonite|def|1
|-boost|p1b: Dragonite|spe|1
|cant|p1a: Ninetales|flinch
|
|-weather|Snowscape|[upkeep]
|-heal|p2a: Rillaboom|47/100|[from] Grassy Terrain
|-heal|p1a: Ninetales|93/100|[from] Grassy Terrain
|upkeep
|turn|3
|inactive|Plastic Ocean has 30 seconds left.
|
|t:|1756498507
|move|p1b: Dragonite|Protect|p1b: Dragonite
|-singleturn|p1b: Dragonite|Protect
|move|p2b: Dragonite|Haze|p2b: Dragonite
|-clearallboost
|move|p2a: Rillaboom|Wood Hammer|p1b: Dragonite
|-activate|p1b: Dragonite|move: Protect
|move|p1a: Ninetales|Blizzard|p2b: Dragonite|[spread] p2a,p2b
|-supereffective|p2a: Rillaboom
|-damage|p2a: Rillaboom|0 fnt
|-damage|p2b: Dragonite|78/100
|faint|p2a: Rillaboom
|
|-weather|Snowscape|[upkeep]
|-heal|p2b: Dragonite|84/100|[from] Grassy Terrain
|-heal|p1a: Ninetales|99/100|[from] Grassy Terrain
|upkeep
|
|t:|1756498522
|switch|p2a: Basculegion|Basculegion, L50, M|100/100
|turn|4
|
|t:|1756498542
|move|p2b: Dragonite|Protect|p2b: Dragonite
|-singleturn|p2b: Dragonite|Protect
|move|p2a: Basculegion|Last Respects|p1b: Dragonite
|-damage|p1b: Dragonite|41/100
|move|p1a: Ninetales|Blizzard|p2b: Dragonite|[spread] p2a
|-activate|p2b: Dragonite|move: Protect
|-resisted|p2a: Basculegion
|-damage|p2a: Basculegion|71/100
|move|p1b: Dragonite|Tailwind|p1b: Dragonite
|-sidestart|p1: JakAttack101|move: Tailwind
|
|-weather|Snowscape|[upkeep]
|-heal|p2a: Basculegion|77/100|[from] Grassy Terrain
|-heal|p1a: Ninetales|100/100|[from] Grassy Terrain
|-heal|p1b: Dragonite|47/100|[from] Grassy Terrain
|-heal|p2b: Dragonite|90/100|[from] Grassy Terrain
|upkeep
|turn|5
|inactive|Plastic Ocean has 30 seconds left.
|inactive|Plastic Ocean has 20 seconds left.
|inactive|Plastic Ocean has 15 seconds left.
|inactive|Plastic Ocean has 10 seconds left.
|
|t:|1756498593
|move|p1b: Dragonite|Protect|p1b: Dragonite
|-singleturn|p1b: Dragonite|Protect
|move|p2a: Basculegion|Last Respects|p1a: Ninetales
|-damage|p1a: Ninetales|0 fnt
|faint|p1a: Ninetales
|move|p2b: Dragonite|Scale Shot|p1b: Dragonite
|-activate|p1b: Dragonite|move: Protect
|
|-weather|Snowscape|[upkeep]
|-heal|p2a: Basculegion|84/100|[from] Grassy Terrain
|-heal|p1b: Dragonite|53/100|[from] Grassy Terrain
|-heal|p2b: Dragonite|96/100|[from] Grassy Terrain
|-sideend|p2: Plastic Ocean|move: Tailwind
|upkeep
|
|t:|1756498606
|switch|p1a: Annihilape|Annihilape, L50, M, shiny|100/100
|turn|6
|
|t:|1756498624
|move|p1a: Annihilape|Final Gambit|p2b: Dragonite
|-damage|p2b: Dragonite|0 fnt
|faint|p1a: Annihilape
|faint|p2b: Dragonite
|move|p1b: Dragonite|Scale Shot|p2a: Basculegion|[miss]
|-miss|p1b: Dragonite|p2a: Basculegion
|move|p2a: Basculegion|Last Respects|p1b: Dragonite
|-damage|p1b: Dragonite|0 fnt
|faint|p1b: Dragonite
|
|win|Plastic Ocean
|raw|JakAttack101's rating: 1110 → 1090(-20 for losing)
|raw|Plastic Ocean's rating: 1181 → 1201(+20 for winning)
|c|☆JakAttack101|bruh
|c|☆JakAttack101|ggs though!
|l|☆Plastic Ocean
|player|p2|
|c|☆JakAttack101|that was funny
