|j|☆vilan333
|j|☆biggestdunce
|html|vilan333biggestdunce    
|uhtml|bestof|Game 1 of a best-of-3
|t:|1783462643
|gametype|doubles
|player|p1|vilan333|marshal|1124
|player|p2|biggestdunce|2|1057
|gen|9
|tier|[Gen 9 Champions] VGC 2026 Reg M-B (Bo3)
|rated|
|rule|Species Clause: Limit one of each Pokémon
|rule|Item Clause: Limit 1 of each item
|clearpoke
|poke|p1|Charizard, L50, M|
|poke|p1|Mawile, L50, F|
|poke|p1|Basculegion, L50, M|
|poke|p1|Garchomp, L50, F|
|poke|p1|Whimsicott, L50, F|
|poke|p1|Farigiraf, L50, M|
|poke|p2|Heracross, L50, F|
|poke|p2|Kangaskhan, L50, F|
|poke|p2|Slowking-Galar, L50, F|
|poke|p2|Kingambit, L50, M|
|poke|p2|Torkoal, L50, F|
|poke|p2|Sylveon, L50, M|
|teampreview|4
|showteam|p1|Charizard||CharizarditeY|Blaze|WeatherBall,HeatWave,SolarBeam,Protect|Timid||M|||50|]Mawile||Mawilite|HyperCutter|PlayRough,SuckerPunch,RockSlide,Protect|Adamant||F|||50|]Basculegion||MysticWater|Adaptability|WaveCrash,LastRespects,AquaJet,Protect|Adamant||M|||50|]Garchomp||LifeOrb|RoughSkin|Earthquake,DragonClaw,RockSlide,Protect|Jolly||F|||50|]Whimsicott||FocusSash|Prankster|Moonblast,Encore,Tailwind,Protect|Timid||F|||50|]Farigiraf||SitrusBerry|ArmorTail|TwinBeam,Thunderbolt,TrickRoom,HelpingHand|Bold||M|||50|
|showteam|p2|Heracross||Heracronite|Guts|CloseCombat,PinMissile,RockBlast,Detect|Brave||F|||50|]Kangaskhan||SilkScarf|Scrappy|FakeOut,LastResort|Brave||F|||50|]Slowking-Galar||ShucaBerry|Regenerator|AcidSpray,TrickRoom,HealPulse,ChillyReception|Sassy||F|||50|]Kingambit||FocusSash|SupremeOverlord|IronHead,SuckerPunch,KowtowCleave,Protect|Brave||M|||50|]Torkoal||Charcoal|Drought|Eruption,WeatherBall,EarthPower,Protect|Modest||F|||50|]Sylveon||FairyFeather|Pixilate|HyperBeam,HyperVoice,Substitute,Protect|Modest||M|||50|
|
|t:|1783462705
|teamsize|p1|4
|teamsize|p2|4
|start
|switch|p1a: Charizard|Charizard, L50, M|100/100
|switch|p1b: Farigiraf|Farigiraf, L50, M|100/100
|switch|p2a: Kangaskhan|Kangaskhan, L50, F|100/100
|switch|p2b: Kingambit|Kingambit, L50, M|100/100
|turn|1
|inactive|Battle timer is ON: inactive players will automatically lose when time's up. (requested by vilan333)
|
|t:|1783462731
|detailschange|p1a: Charizard|Charizard-Mega-Y, L50, M
|-mega|p1a: Charizard|Charizard|Charizardite Y
|-weather|SunnyDay|[from] ability: Drought|[of] p1a: Charizard
|move|p2b: Kingambit|Protect|p2b: Kingambit
|-singleturn|p2b: Kingambit|Protect
|move|p2a: Kangaskhan|Fake Out||[still]
|cant|p1b: Farigiraf|ability: Armor Tail|Fake Out|[of] p2a: Kangaskhan
|move|p1a: Charizard|Heat Wave|p2b: Kingambit|[spread] 
|-activate|p2b: Kingambit|move: Protect
|-miss|p1a: Charizard|p2a: Kangaskhan
|move|p1b: Farigiraf|Thunderbolt|p2b: Kingambit
|-activate|p2b: Kingambit|move: Protect
|
|-weather|SunnyDay|[upkeep]
|upkeep
|turn|2
|
|t:|1783462750
|switch|p1b: Garchomp|Garchomp, L50, F|100/100
|-end|p2b: Kingambit|fallenundefined|[silent]
|switch|p2b: Slowking|Slowking-Galar, L50, F|100/100
|move|p1a: Charizard|Heat Wave|p2b: Slowking|[spread] p2a,p2b
|-damage|p2a: Kangaskhan|35/100
|-damage|p2b: Slowking|56/100
|move|p2a: Kangaskhan|Last Resort|p1a: Charizard
|-damage|p1a: Charizard|3/100
|
|-weather|SunnyDay|[upkeep]
|upkeep
|turn|3
|
|t:|1783462766
|switch|p1a: Basculegion|Basculegion, L50, M|100/100
|move|p1b: Garchomp|Earthquake|p2a: Kangaskhan|[spread] p1a,p2a,p2b
|-supereffective|p2b: Slowking|1
|-enditem|p2b: Slowking|Shuca Berry|[eat]
|-enditem|p2b: Slowking|Shuca Berry|[weaken]
|-damage|p1a: Basculegion|41/100
|-damage|p2a: Kangaskhan|0 fnt
|-damage|p2b: Slowking|19/100
|faint|p2a: Kangaskhan
|-damage|p1b: Garchomp|90/100|[from] item: Life Orb
|move|p2b: Slowking|Trick Room|p2b: Slowking
|-fieldstart|move: Trick Room|[of] p2b: Slowking
|
|-weather|SunnyDay|[upkeep]
|upkeep
|
|t:|1783462784
|switch|p2a: Kingambit|Kingambit, L50, M|100/100
|-activate|p2a: Kingambit|ability: Supreme Overlord
|-start|p2a: Kingambit|fallen1|[silent]
|turn|4
|inactive|biggestdunce has 30 seconds left.
|
|t:|1783462812
|move|p1a: Basculegion|Aqua Jet|p2b: Slowking
|-damage|p2b: Slowking|7/100
|-prepare|p2b: Slowking|Chilly Reception|[premajor]
|move|p2b: Slowking|Chilly Reception|p2b: Slowking
|-weather|Snowscape
|
|t:|1783462817
|-heal|p2b: Slowking|41/100|[from] ability: Regenerator|[silent]
|switch|p2b: Heracross|Heracross, L50, F|100/100|[from] Chilly Reception
|move|p2a: Kingambit|Kowtow Cleave|p1b: Garchomp
|-damage|p1b: Garchomp|34/100
|-damage|p2a: Kingambit|87/100|[from] ability: Rough Skin|[of] p1b: Garchomp
|move|p1b: Garchomp|Earthquake|p2b: Heracross|[spread] p1a,p2a,p2b
|-supereffective|p2a: Kingambit|1
|-resisted|p2b: Heracross|1
|-damage|p1a: Basculegion|0 fnt
|-damage|p2a: Kingambit|18/100
|-damage|p2b: Heracross|70/100
|faint|p1a: Basculegion
|-damage|p1b: Garchomp|25/100|[from] item: Life Orb
|
|-weather|Snowscape|[upkeep]
|upkeep
|inactive|vilan333 has 30 seconds left.
|
|t:|1783462846
|switch|p1a: Farigiraf|Farigiraf, L50, M|100/100
|turn|5
|
|t:|1783462858
|detailschange|p2b: Heracross|Heracross-Mega, L50, F
|-mega|p2b: Heracross|Heracross|Heracronite
|move|p2a: Kingambit|Kowtow Cleave|p1b: Garchomp
|-damage|p1b: Garchomp|0 fnt
|-damage|p2a: Kingambit|6/100|[from] ability: Rough Skin|[of] p1b: Garchomp
|faint|p1b: Garchomp
|move|p1a: Farigiraf|Twin Beam|p2b: Heracross
|-supereffective|p2b: Heracross|1
|-damage|p2b: Heracross|41/100
|-supereffective|p2b: Heracross|1
|-damage|p2b: Heracross|12/100
|-hitcount|p2b: Heracross|2
|move|p2b: Heracross|Pin Missile|p1a: Farigiraf
|-supereffective|p1a: Farigiraf|1
|-damage|p1a: Farigiraf|72/100
|-supereffective|p1a: Farigiraf|1
|-damage|p1a: Farigiraf|41/100
|-enditem|p1a: Farigiraf|Sitrus Berry|[eat]
|-heal|p1a: Farigiraf|66/100|[from] item: Sitrus Berry
|-supereffective|p1a: Farigiraf|1
|-damage|p1a: Farigiraf|37/100
|-supereffective|p1a: Farigiraf|1
|-damage|p1a: Farigiraf|8/100
|-supereffective|p1a: Farigiraf|1
|-damage|p1a: Farigiraf|0 fnt
|faint|p1a: Farigiraf
|-hitcount|p1: Farigiraf|5
|
|-weather|Snowscape|[upkeep]
|upkeep
|inactive|vilan333 has 30 seconds left.
|
|t:|1783462884
|switch|p1b: Charizard|Charizard-Mega-Y, L50, M|3/100
|-weather|SunnyDay|[from] ability: Drought|[of] p1b: Charizard
|turn|6
|-message|vilan333 forfeited.
|
|win|biggestdunce
|l|☆vilan333
|player|p1|
|j|☆vilan333
|player|p1|vilan333|marshal|
|l|☆biggestdunce
|player|p2|
||biggestdunce is ready for game 2.
||vilan333 is ready for game 2.
|uhtml|next|Next: Game 2 of 3
|l|☆vilan333
|player|p1|
|j|☆vilan333
|player|p1|vilan333|marshal|
