|j|☆xepher008
|j|☆Shrimpy123456
|html|xepher008Shrimpy123456    
|uhtml|bestof|Game 2 of a best-of-3
|t:|1783000717
|gametype|doubles
|player|p1|xepher008|1|1000
|player|p2|Shrimpy123456|101|1034
|gen|9
|tier|[Gen 9 Champions] VGC 2026 Reg M-B (Bo3)
|rated|
|rule|Species Clause: Limit one of each Pokémon
|rule|Item Clause: Limit 1 of each item
|clearpoke
|poke|p1|Dragalge, L50, F|
|poke|p1|Grimmsnarl, L50, M|
|poke|p1|Incineroar, L50, M|
|poke|p1|Sinistcha, L50|
|poke|p1|Eelektross, L50, F|
|poke|p1|Hydreigon, L50, M|
|poke|p2|Sableye, L50, F|
|poke|p2|Clefable, L50, F|
|poke|p2|Kingambit, L50, F, shiny|
|poke|p2|Gardevoir, L50, F, shiny|
|poke|p2|Basculegion, L50, M|
|poke|p2|Talonflame, L50, M|
|teampreview|4
|showteam|p1|Dragalge||Dragalgite|Adaptability|DracoMeteor,SludgeBomb,Thunderbolt,Protect|Modest||F|||50|]Grimmsnarl||LightClay|Prankster|SpiritBreak,PartingShot,Reflect,LightScreen|Careful||M|||50|]Incineroar||SitrusBerry|Intimidate|FakeOut,ThroatChop,FlareBlitz,PartingShot|Careful||M|||50|]Sinistcha||CobaBerry|Hospitality|MatchaGotcha,LifeDew,RagePowder,TrickRoom|Sassy|||||50|]Eelektross||Eelektrossite|Levitate|Thunderbolt,Discharge,GrassKnot,Protect|Modest||F|||50|]Hydreigon||FocusSash|Levitate|DracoMeteor,Snarl,EarthPower,Protect|Timid||M|||50|
|showteam|p2|Sableye||FocusSash|Prankster|FakeOut,LightScreen,WillOWisp,Hex|Careful||F|||50|]Clefable||Leftovers|MagicGuard|Moonblast,HelpingHand,Protect,FollowMe|Bold||F|||50|]Kingambit||ChopleBerry|SupremeOverlord|SuckerPunch,SwordsDance,KowtowCleave,IronHead|Adamant||F|||50|]Gardevoir||Gardevoirite|Trace|HyperVoice,Protect,Psyshock,VacuumWave|Modest||F|||50|]Basculegion||MysticWater|Adaptability|WaveCrash,LastRespects,Protect,AquaJet|Adamant||M|||50|]Talonflame||SharpBeak|GaleWings|BraveBird,Overheat,Tailwind,Protect|Jolly||M|||50|
|
|t:|1783000749
|teamsize|p1|4
|teamsize|p2|4
|start
|switch|p1a: Cha|Sinistcha, L50|100/100
|switch|p1b: Gon|Hydreigon, L50, M|100/100
|switch|p2a: Clefable|Clefable, L50, F|100/100
|switch|p2b: Gardevoir|Gardevoir, L50, F, shiny|100/100
|-ability|p2b: Gardevoir|Hospitality|Trace|[from] ability: Trace|[of] p1a: Cha
|turn|1
|inactive|Battle timer is ON: inactive players will automatically lose when time's up. (requested by xepher008)
|
|t:|1783000774
|switch|p1b: Drag|Dragalge, L50, F|100/100
|detailschange|p2b: Gardevoir|Gardevoir-Mega, L50, F, shiny
|-mega|p2b: Gardevoir|Gardevoir|Gardevoirite
|move|p2b: Gardevoir|Protect|p2b: Gardevoir
|-singleturn|p2b: Gardevoir|Protect
|move|p2a: Clefable|Protect|p2a: Clefable
|-singleturn|p2a: Clefable|Protect
|move|p1a: Cha|Trick Room|p1a: Cha
|-fieldstart|move: Trick Room|[of] p1a: Cha
|
|upkeep
|turn|2
|
|t:|1783000796
|move|p2a: Clefable|Follow Me|p2a: Clefable
|-singleturn|p2a: Clefable|move: Follow Me
|move|p1a: Cha|Rage Powder|p1a: Cha
|-singleturn|p1a: Cha|move: Rage Powder
|move|p1b: Drag|Sludge Bomb|p2a: Clefable
|-supereffective|p2a: Clefable|1
|-damage|p2a: Clefable|14/100
|move|p2b: Gardevoir|Hyper Voice|p1a: Cha|[spread] p1a,p1b
|-damage|p1a: Cha|53/100
|-damage|p1b: Drag|54/100
|
|-heal|p2a: Clefable|20/100y|[from] item: Leftovers
|upkeep
|turn|3
|
|t:|1783000820
|move|p2b: Gardevoir|Vacuum Wave|p1b: Drag
|-resisted|p1b: Drag|1
|-damage|p1b: Drag|45/100
|move|p1b: Drag|Sludge Bomb|p2b: Gardevoir
|-supereffective|p2b: Gardevoir|1
|-damage|p2b: Gardevoir|3/100
|move|p2a: Clefable|Moonblast|p1b: Drag
|-damage|p1b: Drag|19/100
|move|p1a: Cha|Matcha Gotcha|p2a: Clefable|[spread] p2a,p2b
|-damage|p2a: Clefable|1/100
|-heal|p1a: Cha|65/100|[from] drain|[of] p2a: Clefable
|-damage|p2b: Gardevoir|0 fnt
|-heal|p1a: Cha|66/100|[from] drain|[of] p2b: Gardevoir
|-status|p2a: Clefable|brn
|faint|p2b: Gardevoir
|
|-heal|p2a: Clefable|6/100 brn|[from] item: Leftovers
|upkeep
|
|t:|1783000838
|switch|p2b: Sableye|Sableye, L50, F|100/100
|turn|4
|
|t:|1783000847
|detailschange|p1b: Drag|Dragalge-Mega, L50, F
|-mega|p1b: Drag|Dragalge|Dragalgite
|move|p1b: Drag|Protect|p1b: Drag
|-singleturn|p1b: Drag|Protect
|move|p2b: Sableye|Will-O-Wisp|p1a: Cha|[miss]
|-miss|p2b: Sableye|p1a: Cha
|move|p2a: Clefable|Moonblast|p1b: Drag
|-activate|p1b: Drag|move: Protect
|move|p1a: Cha|Life Dew|p1a: Cha|[spread] p1a,p1b
|-heal|p1a: Cha|92/100
|-heal|p1b: Drag|44/100
|
|-heal|p2a: Clefable|12/100 brn|[from] item: Leftovers
|upkeep
|turn|5
|inactive|xepher008 has 30 seconds left.
|
|t:|1783000873
|-heal|p1b: Drag|77/100|[from] ability: Regenerator|[silent]
|switch|p1b: Gon|Hydreigon, L50, M|100/100
|move|p2a: Clefable|Protect|p2a: Clefable
|-singleturn|p2a: Clefable|Protect
|move|p2b: Sableye|Will-O-Wisp|p1a: Cha
|-status|p1a: Cha|brn
|move|p1a: Cha|Matcha Gotcha|p2b: Sableye|[spread] p2b
|-activate|p2a: Clefable|move: Protect
|-damage|p2b: Sableye|69/100
|-heal|p1a: Cha|100/100 brn|[from] drain|[of] p2b: Sableye
|
|-heal|p2a: Clefable|18/100 brn|[from] item: Leftovers
|-damage|p1a: Cha|93/100 brn|[from] brn
|-fieldend|move: Trick Room
|upkeep
|turn|6
|inactive|xepher008 has 30 seconds left.
|
|t:|1783000904
|move|p2b: Sableye|Light Screen|p2b: Sableye
|-sidestart|p2: Shrimpy123456|move: Light Screen
|move|p1b: Gon|Earth Power|p2a: Clefable
|-damage|p2a: Clefable|1/100 brn
|move|p1a: Cha|Matcha Gotcha|p2a: Clefable|[spread] p2a,p2b
|-damage|p2a: Clefable|0 fnt
|-heal|p1a: Cha|94/100 brn|[from] drain|[of] p2a: Clefable
|-damage|p2b: Sableye|48/100
|-heal|p1a: Cha|100/100 brn|[from] drain|[of] p2b: Sableye
|-status|p2b: Sableye|brn
|faint|p2a: Clefable
|
|-damage|p1a: Cha|93/100 brn|[from] brn
|-damage|p2b: Sableye|42/100 brn|[from] brn
|upkeep
|
|t:|1783000918
|switch|p2a: Basculegion|Basculegion, L50, M|100/100
|turn|7
|inactive|xepher008 has 30 seconds left.
|inactive|xepher008 has 20 seconds left.
|
|t:|1783000958
|move|p1a: Cha|Rage Powder|p1a: Cha
|-singleturn|p1a: Cha|move: Rage Powder
|move|p1b: Gon|Snarl|p2a: Basculegion|[spread] p2a,p2b
|-supereffective|p2a: Basculegion|1
|-damage|p2a: Basculegion|66/100
|-damage|p2b: Sableye|26/100 brn
|-unboost|p2a: Basculegion|spa|1
|-unboost|p2b: Sableye|spa|1
|move|p2a: Basculegion|Last Respects|p1a: Cha
|-supereffective|p1a: Cha|1
|-damage|p1a: Cha|0 fnt
|faint|p1a: Cha
|move|p2b: Sableye|Hex|p1b: Gon
|-resisted|p1b: Gon|1
|-damage|p1b: Gon|94/100
|
|-damage|p2b: Sableye|21/100 brn|[from] brn
|upkeep
|
|t:|1783000980
|switch|p1a: Grim|Grimmsnarl, L50, M|100/100
|turn|8
|
|t:|1783000993
|move|p2a: Basculegion|Protect|p2a: Basculegion
|-singleturn|p2a: Basculegion|Protect
|move|p1a: Grim|Reflect|p1a: Grim
|-sidestart|p1: xepher008|Reflect
|move|p1b: Gon|Snarl|p2a: Basculegion|[spread] p2b
|-activate|p2a: Basculegion|move: Protect
|-damage|p2b: Sableye|4/100 brn
|-unboost|p2b: Sableye|spa|1
|move|p2b: Sableye|Hex|p1a: Grim
|-resisted|p1a: Grim|1
|-damage|p1a: Grim|97/100
|
|-damage|p2b: Sableye|0 fnt|[from] brn
|faint|p2b: Sableye
|upkeep
|turn|9
|
|t:|1783001013
|move|p1a: Grim|Parting Shot|p2a: Basculegion
|-unboost|p2a: Basculegion|atk|1
|-unboost|p2a: Basculegion|spa|1
|-message|Shrimpy123456 forfeited.
|
|win|xepher008
|raw|xepher008's rating: 1000 → 1044(+44 for winning)
|raw|Shrimpy123456's rating: 1034 → 1017(-17 for losing)
|l|☆Shrimpy123456
|player|p2|
