|j|☆1700 for rogue
|j|☆Cotcha
|html|1700 for rogueCotcha    
|uhtml|bestof|Game 1 of a best-of-3
|t:|1756546911
|gametype|doubles
|player|p1|1700 for rogue|scientist-gen4|1203
|player|p2|Cotcha|li|1250
|gen|9
|tier|[Gen 9] VGC 2025 Reg H (Bo3)
|rated|
|rule|Species Clause: Limit one of each Pokémon
|rule|Item Clause: Limit 1 of each item
|clearpoke
|poke|p1|Goodra-Hisui, L50, M|
|poke|p1|Gengar, L50, M|
|poke|p1|Hitmontop, L50, M|
|poke|p1|Rillaboom, L50, M|
|poke|p1|Arcanine-Hisui, L50, M|
|poke|p1|Basculegion, L50, M|
|poke|p2|Volcarona, L50, F|
|poke|p2|Rillaboom, L50, F|
|poke|p2|Electabuzz, L50, F|
|poke|p2|Dragonite, L50, F|
|poke|p2|Kingambit, L50, M|
|poke|p2|Sneasler, L50, M|
|teampreview|4
|showteam|p1|Goodra-Hisui||Leftovers|ShellArmor|BodyPress,AcidArmor,DracoMeteor,Protect|||M|||50|,,,,,Fairy]Gengar||FocusSash|CursedBody|SludgeBomb,ShadowBall,IcyWind,Protect|||M|||50|,,,,,Normal]Hitmontop||EjectButton|Intimidate|FakeOut,CloseCombat,SuckerPunch,WideGuard|||M|||50|,,,,,Steel]Rillaboom||AssaultVest|GrassySurge|WoodHammer,FakeOut,Uturn,GrassyGlide|||M|||50|,,,,,Grass]Arcanine-Hisui||ChoiceBand|Intimidate|RockSlide,ExtremeSpeed,FlareBlitz,IronHead|||M|||50|,,,,,Normal]Basculegion||ChoiceScarf|Adaptability|FlipTurn,LastRespects,WaveCrash,AquaJet|||M|||50|,,,,,Water
|showteam|p2|Volcarona||Leftovers|FlameBody|HeatWave,TeraBlast,QuiverDance,Protect|||F|||50|,,,,,Fairy]Rillaboom||AssaultVest|GrassySurge|WoodHammer,GrassyGlide,HighHorsepower,FakeOut|||F|||50|,,,,,Fire]Electabuzz||Eviolite|VitalSpirit|Thunderbolt,FollowMe,Taunt,Protect|||F|||50|,,,,,Ghost]Dragonite||LoadedDice|Multiscale|ScaleShot,ExtremeSpeed,Haze,Protect|||F|||50|,,,,,Steel]Kingambit||BlackGlasses|Defiant|KowtowCleave,SuckerPunch,SwordsDance,Protect|||M|||50|,,,,,Dark]Sneasler||FocusSash|Unburden|CloseCombat,DireClaw,Coaching,Protect|||M|||50|,,,,,Stellar
|inactive|Battle timer is ON: inactive players will automatically lose when time's up. (requested by 1700 for rogue)
|inactive|1700 for rogue has 60 seconds left.
|inactive|Cotcha has 60 seconds left.
|inactive|Cotcha has 30 seconds left.
|inactive|Cotcha has 20 seconds left.
|inactive|Cotcha has 15 seconds left.
|inactive|Cotcha has 10 seconds left.
|
|t:|1756546996
|teamsize|p1|4
|teamsize|p2|4
|start
|switch|p1a: Arcanine|Arcanine-Hisui, L50, M|100/100
|switch|p1b: monke oooo|Rillaboom, L50, M|100/100
|switch|p2a: Kingambit|Kingambit, L50, M|100/100
|switch|p2b: Electabuzz|Electabuzz, L50, F|100/100
|-ability|p1a: Arcanine|Intimidate|boost
|-unboost|p2a: Kingambit|atk|1
|-ability|p2a: Kingambit|Defiant|boost
|-boost|p2a: Kingambit|atk|2
|-unboost|p2b: Electabuzz|atk|1
|-fieldstart|move: Grassy Terrain|[from] ability: Grassy Surge|[of] p1b: monke oooo
|turn|1
|inactive|Cotcha has 30 seconds left.
|
|t:|1756547026
|move|p2b: Electabuzz|Protect|p2b: Electabuzz
|-singleturn|p2b: Electabuzz|Protect
|move|p2a: Kingambit|Protect|p2a: Kingambit
|-singleturn|p2a: Kingambit|Protect
|move|p1b: monke oooo|Fake Out|p2a: Kingambit
|-activate|p2a: Kingambit|move: Protect
|move|p1a: Arcanine|Flare Blitz|p2b: Electabuzz
|-activate|p2b: Electabuzz|move: Protect
|
|upkeep
|turn|2
|
|t:|1756547045
|switch|p1a: Goodra|Goodra-Hisui, L50, M|100/100
|switch|p2b: Rillaboom|Rillaboom, L50, F|100/100
|-terastallize|p2a: Kingambit|Dark
|move|p2a: Kingambit|Sucker Punch||[still]
|-fail|p2a: Kingambit
|move|p1b: monke oooo|U-turn|p2a: Kingambit
|-supereffective|p2a: Kingambit
|-damage|p2a: Kingambit|60/100
|
|t:|1756547056
|switch|p1b: Basculegion|Basculegion, L50, M|100/100|[from] U-turn
|
|-heal|p2a: Kingambit|66/100|[from] Grassy Terrain
|upkeep
|turn|3
|inactive|Cotcha has 30 seconds left.
|
|t:|1756547084
|move|p2a: Kingambit|Protect|p2a: Kingambit
|-singleturn|p2a: Kingambit|Protect
|move|p1b: Basculegion|Aqua Jet|p2a: Kingambit
|-activate|p2a: Kingambit|move: Protect
|move|p2b: Rillaboom|Wood Hammer|p1b: Basculegion
|-supereffective|p1b: Basculegion
|-damage|p1b: Basculegion|0 fnt
|faint|p1b: Basculegion
|-damage|p2b: Rillaboom|68/100|[from] Recoil
|move|p1a: Goodra|Body Press|p2a: Kingambit
|-activate|p2a: Kingambit|move: Protect
|
|-heal|p2b: Rillaboom|74/100|[from] Grassy Terrain
|-heal|p2a: Kingambit|72/100|[from] Grassy Terrain
|upkeep
|
|t:|1756547087
|switch|p1b: monke oooo|Rillaboom, L50, M|100/100
|turn|4
|
|t:|1756547109
|switch|p2a: Dragonite|Dragonite, L50, F|100/100
|move|p1b: monke oooo|Fake Out|p2a: Dragonite
|-damage|p2a: Dragonite|93/100
|move|p2b: Rillaboom|High Horsepower|p1a: Goodra
|-supereffective|p1a: Goodra
|-damage|p1a: Goodra|44/100
|move|p1a: Goodra|Acid Armor|p1a: Goodra
|-boost|p1a: Goodra|def|2
|
|-heal|p2b: Rillaboom|80/100|[from] Grassy Terrain
|-heal|p1a: Goodra|50/100|[from] Grassy Terrain
|-heal|p1a: Goodra|56/100|[from] item: Leftovers
|upkeep
|turn|5
|inactive|Cotcha has 30 seconds left.
|inactive|Cotcha has 20 seconds left.
|
|t:|1756547146
|switch|p2b: Electabuzz|Electabuzz, L50, F|100/100
|move|p1a: Goodra|Protect|p1a: Goodra
|-singleturn|p1a: Goodra|Protect
|move|p2a: Dragonite|Scale Shot|p1b: monke oooo
|-damage|p1b: monke oooo|86/100
|-damage|p1b: monke oooo|71/100
|-damage|p1b: monke oooo|57/100
|-damage|p1b: monke oooo|42/100
|-hitcount|p1b: monke oooo|4
|-unboost|p2a: Dragonite|def|1
|-boost|p2a: Dragonite|spe|1
|move|p1b: monke oooo|U-turn|p2b: Electabuzz
|-damage|p2b: Electabuzz|81/100
|
|t:|1756547153
|switch|p1b: Arcanine|Arcanine-Hisui, L50, M|100/100|[from] U-turn
|-ability|p1b: Arcanine|Intimidate|boost
|-unboost|p2a: Dragonite|atk|1
|-unboost|p2b: Electabuzz|atk|1
|
|-heal|p2b: Electabuzz|87/100|[from] Grassy Terrain
|-heal|p1a: Goodra|61/100|[from] Grassy Terrain
|-heal|p1a: Goodra|67/100|[from] item: Leftovers
|-fieldend|move: Grassy Terrain
|upkeep
|turn|6
|
|t:|1756547169
|move|p2a: Dragonite|Protect|p2a: Dragonite
|-singleturn|p2a: Dragonite|Protect
|move|p1b: Arcanine|Rock Slide|p2a: Dragonite|[spread] p2b
|-activate|p2a: Dragonite|move: Protect
|-damage|p2b: Electabuzz|55/100
|move|p2b: Electabuzz|Thunderbolt|p1b: Arcanine
|-damage|p1b: Arcanine|62/100
|move|p1a: Goodra|Body Press|p2b: Electabuzz
|-damage|p2b: Electabuzz|28/100
|
|-heal|p1a: Goodra|73/100|[from] item: Leftovers
|upkeep
|turn|7
|
|t:|1756547191
|switch|p2a: Rillaboom|Rillaboom, L50, F|80/100
|-fieldstart|move: Grassy Terrain|[from] ability: Grassy Surge|[of] p2a: Rillaboom
|move|p1b: Arcanine|Rock Slide|p2a: Rillaboom|[spread] p2a,p2b
|-damage|p2a: Rillaboom|40/100
|-damage|p2b: Electabuzz|0 fnt
|faint|p2b: Electabuzz
|move|p1a: Goodra|Body Press|p2a: Rillaboom
|-damage|p2a: Rillaboom|6/100
|
|-heal|p1b: Arcanine|68/100|[from] Grassy Terrain
|-heal|p2a: Rillaboom|12/100|[from] Grassy Terrain
|-heal|p1a: Goodra|79/100|[from] Grassy Terrain
|-heal|p1a: Goodra|85/100|[from] item: Leftovers
|upkeep
|
|t:|1756547198
|switch|p2b: Kingambit|Kingambit, L50, M, tera:Dark|72/100
|turn|8
|
|t:|1756547209
|move|p2a: Rillaboom|Fake Out|p1a: Goodra
|-resisted|p1a: Goodra
|-damage|p1a: Goodra|82/100
|move|p1b: Arcanine|Rock Slide|p2b: Kingambit|[spread] p2a
|-miss|p1b: Arcanine|p2b: Kingambit
|-damage|p2a: Rillaboom|0 fnt
|faint|p2a: Rillaboom
|cant|p1a: Goodra|flinch
|move|p2b: Kingambit|Kowtow Cleave|p1b: Arcanine
|-damage|p1b: Arcanine|0 fnt
|faint|p1b: Arcanine
|
|-heal|p1a: Goodra|88/100|[from] Grassy Terrain
|-heal|p1a: Goodra|94/100|[from] item: Leftovers
|-heal|p2b: Kingambit|77/100|[from] Grassy Terrain
|upkeep
|
|t:|1756547220
|switch|p1b: monke oooo|Rillaboom, L50, M|42/100
|switch|p2a: Dragonite|Dragonite, L50, F|93/100
|turn|9
|
|t:|1756547231
|move|p2a: Dragonite|Protect|p2a: Dragonite
|-singleturn|p2a: Dragonite|Protect
|move|p2b: Kingambit|Protect|p2b: Kingambit
|-singleturn|p2b: Kingambit|Protect
|move|p1b: monke oooo|Fake Out|p2a: Dragonite
|-activate|p2a: Dragonite|move: Protect
|move|p1a: Goodra|Acid Armor|p1a: Goodra
|-boost|p1a: Goodra|def|2
|
|-heal|p1b: monke oooo|48/100|[from] Grassy Terrain
|-heal|p1a: Goodra|99/100|[from] Grassy Terrain
|-heal|p1a: Goodra|100/100|[from] item: Leftovers
|-heal|p2b: Kingambit|83/100|[from] Grassy Terrain
|upkeep
|turn|10
|
|t:|1756547253
|move|p1b: monke oooo|Grassy Glide|p2b: Kingambit
|-damage|p2b: Kingambit|55/100
|move|p2b: Kingambit|Sucker Punch||[still]
|-fail|p2b: Kingambit
|move|p2a: Dragonite|Haze|p2a: Dragonite
|-clearallboost
|move|p1a: Goodra|Body Press|p2b: Kingambit
|-supereffective|p2b: Kingambit
|-damage|p2b: Kingambit|26/100
|
|-heal|p1b: monke oooo|54/100|[from] Grassy Terrain
|-heal|p2b: Kingambit|32/100|[from] Grassy Terrain
|upkeep
|turn|11
|inactive|Cotcha has 30 seconds left.
|inactive|Cotcha has 20 seconds left.
|
|t:|1756547289
|-terastallize|p1a: Goodra|Fairy
|move|p1b: monke oooo|Grassy Glide|p2b: Kingambit
|-damage|p2b: Kingambit|0 fnt
|faint|p2b: Kingambit
|move|p2a: Dragonite|Scale Shot|p1b: monke oooo
|-damage|p1b: monke oooo|39/100
|-damage|p1b: monke oooo|24/100
|-damage|p1b: monke oooo|10/100
|-damage|p1b: monke oooo|0 fnt
|faint|p1b: monke oooo
|-hitcount|p1: monke oooo|4
|-unboost|p2a: Dragonite|def|1
|-boost|p2a: Dragonite|spe|1
|move|p1a: Goodra|Body Press|p2a: Dragonite
|-resisted|p2a: Dragonite
|-damage|p2a: Dragonite|77/100
|
|-fieldend|move: Grassy Terrain
|upkeep
|turn|12
|
|t:|1756547298
|move|p2a: Dragonite|Extreme Speed|p1a: Goodra
|-damage|p1a: Goodra|68/100
|move|p1a: Goodra|Draco Meteor|p2a: Dragonite
|-supereffective|p2a: Dragonite
|-damage|p2a: Dragonite|0 fnt
|-unboost|p1a: Goodra|spa|2
|faint|p2a: Dragonite
|
|win|1700 for rogue
||Cotcha is ready for game 2.
|inactive|1700 for rogue has 30 seconds to confirm battle start!
||1700 for rogue is ready for game 2.
|uhtml|next|Next: Game 2 of 3
