|j|☆Daniw9
|j|☆hp_45
|html|Daniw9hp_45    
|uhtml|bestof|Game 3 of a best-of-3
|t:|1756376832
|gametype|doubles
|player|p1|Daniw9|2|1156
|player|p2|hp_45|1|1040
|gen|9
|tier|[Gen 9] VGC 2025 Reg H (Bo3)
|rated|
|rule|Species Clause: Limit one of each Pokémon
|rule|Item Clause: Limit 1 of each item
|clearpoke
|poke|p1|Garchomp, L50, M|
|poke|p1|Tyranitar, L50, F|
|poke|p1|Delphox, L50, F|
|poke|p1|Indeedee-F, L50, F|
|poke|p1|Gallade, L50, M|
|poke|p1|Whimsicott, L50, M|
|poke|p2|Bronzong, L50|
|poke|p2|Incineroar, L50, F|
|poke|p2|Amoonguss, L50, F|
|poke|p2|Primarina, L50, F|
|poke|p2|Ursaluna, L50, M|
|poke|p2|Gholdengo, L50|
|teampreview|4
|showteam|p1|Garchomp||LifeOrb|SandVeil|Earthquake,StompingTantrum,Protect,DragonClaw|||M|||50|,,,,,Steel]Tyranitar||AssaultVest|SandStream|RockSlide,TeraBlast,KnockOff,LowKick|||F|||50|,,,,,Flying]Delphox||PsychicSeed|Magician|ExpandingForce,HeatWave,TeraBlast,Protect|||F|||50|,,,,,Fairy]Indeedee-F||SafetyGoggles|PsychicSurge|DazzlingGleam,TrickRoom,FollowMe,HelpingHand|||F|||50|,,,,,Water]Gallade||ClearAmulet|Sharpness|SacredSword,PsychoCut,TrickRoom,Protect|||M|||50|,,,,,Grass]Whimsicott||CovertCloak|Prankster|Moonblast,Tailwind,Encore,Protect|||M|||50|,,,,,Ghost
|showteam|p2|Bronzong||CovertCloak|Levitate|TrickRoom,IceSpinner,GyroBall,Reflect||||||50|,,,,,Electric]Incineroar||SafetyGoggles|Intimidate|FakeOut,PartingShot,FlareBlitz,KnockOff|||F|||50|,,,,,Ghost]Amoonguss||SitrusBerry|Regenerator|Protect,Spore,RagePowder,PollenPuff|||F|||50|,,,,,Fairy]Primarina||LifeOrb|Torrent|Protect,HyperVoice,Moonblast,Haze|||F|||50|,,,,,Steel]Ursaluna||FlameOrb|Guts|Protect,Earthquake,Facade,HeadlongRush|||M|||50|,,,,,Dragon]Gholdengo||ChoiceSpecs|GoodasGold|MakeItRain,ShadowBall,Thunderbolt,DazzlingGleam||||||50|,,,,,Normal
|
|t:|1756376864
|teamsize|p1|4
|teamsize|p2|4
|start
|switch|p1a: Gallade|Gallade, L50, M|100/100
|switch|p1b: Tyranitar|Tyranitar, L50, F|100/100
|switch|p2a: Bronzong|Bronzong, L50|100/100
|switch|p2b: Incineroar|Incineroar, L50, F|100/100
|-weather|Sandstorm|[from] ability: Sand Stream|[of] p1b: Tyranitar
|-ability|p2b: Incineroar|Intimidate|boost
|-fail|p1a: Gallade|unboost|[from] item: Clear Amulet|[of] p1a: Gallade
|-unboost|p1b: Tyranitar|atk|1
|turn|1
|
|t:|1756376894
|-terastallize|p2b: Incineroar|Ghost
|move|p1a: Gallade|Sacred Sword|p2a: Bronzong
|-damage|p2a: Bronzong|45/100
|move|p1b: Tyranitar|Knock Off|p2a: Bronzong
|-supereffective|p2a: Bronzong
|-damage|p2a: Bronzong|0 fnt
|-enditem|p2a: Bronzong|Covert Cloak|[from] move: Knock Off|[of] p1b: Tyranitar
|faint|p2a: Bronzong
|move|p2b: Incineroar|Knock Off|p1a: Gallade
|-damage|p1a: Gallade|46/100
|-enditem|p1a: Gallade|Clear Amulet|[from] move: Knock Off|[of] p2b: Incineroar
|
|-weather|Sandstorm|[upkeep]
|-damage|p1a: Gallade|40/100|[from] Sandstorm
|upkeep
|
|t:|1756376913
|switch|p2a: Primarina|Primarina, L50, F|100/100
|turn|2
|
|t:|1756376937
|switch|p1b: Indeedee|Indeedee-F, L50, F|100/100
|-fieldstart|move: Psychic Terrain|[from] ability: Psychic Surge|[of] p1b: Indeedee
|move|p1a: Gallade|Protect|p1a: Gallade
|-singleturn|p1a: Gallade|Protect
|move|p2b: Incineroar|Knock Off|p1b: Indeedee
|-supereffective|p1b: Indeedee
|-damage|p1b: Indeedee|26/100
|-enditem|p1b: Indeedee|Safety Goggles|[from] move: Knock Off|[of] p2b: Incineroar
|move|p2a: Primarina|Hyper Voice|p1b: Indeedee|[spread] p1b
|-activate|p1a: Gallade|move: Protect
|-damage|p1b: Indeedee|0 fnt
|faint|p1b: Indeedee
|-damage|p2a: Primarina|91/100|[from] item: Life Orb
|
|-weather|Sandstorm|[upkeep]
|-damage|p1a: Gallade|34/100|[from] Sandstorm
|-damage|p2a: Primarina|85/100|[from] Sandstorm
|upkeep
|
|t:|1756376951
|switch|p1b: Delphox|Delphox, L50, F|100/100
|-enditem|p1b: Delphox|Psychic Seed
|-boost|p1b: Delphox|spd|1|[from] item: Psychic Seed
|turn|3
|
|t:|1756376963
|move|p1b: Delphox|Expanding Force|p2b: Incineroar|[spread] p2a,p2b
|-damage|p2a: Primarina|32/100
|-damage|p2b: Incineroar|57/100
|-item|p1b: Delphox|Safety Goggles|[from] ability: Magician|[of] p2b: Incineroar
|move|p1a: Gallade|Psycho Cut|p2b: Incineroar
|-damage|p2b: Incineroar|0 fnt
|faint|p2b: Incineroar
|move|p2a: Primarina|Hyper Voice|p1b: Delphox|[spread] p1a,p1b
|-damage|p1a: Gallade|5/100
|-damage|p1b: Delphox|75/100
|-damage|p2a: Primarina|22/100|[from] item: Life Orb
|
|-weather|Sandstorm|[upkeep]
|-damage|p1a: Gallade|0 fnt|[from] Sandstorm
|-damage|p2a: Primarina|16/100|[from] Sandstorm
|faint|p1a: Gallade
|upkeep
|
|t:|1756376978
|switch|p1a: Tyranitar|Tyranitar, L50, F|100/100
|switch|p2b: Ursaluna|Ursaluna, L50, M|100/100
|turn|4
|
|t:|1756376993
|-terastallize|p1a: Tyranitar|Flying
|move|p2b: Ursaluna|Protect|p2b: Ursaluna
|-singleturn|p2b: Ursaluna|Protect
|move|p1b: Delphox|Expanding Force|p2b: Ursaluna|[spread] p2a
|-activate|p2b: Ursaluna|move: Protect
|-damage|p2a: Primarina|0 fnt
|faint|p2a: Primarina
|move|p1a: Tyranitar|Low Kick|p2b: Ursaluna
|-activate|p2b: Ursaluna|move: Protect
|
|-weather|Sandstorm|[upkeep]
|-damage|p1a: Tyranitar|95/100|[from] Sandstorm
|-status|p2b: Ursaluna|brn|[from] item: Flame Orb
|upkeep
|turn|5
|
|t:|1756377010
|move|p1b: Delphox|Expanding Force|p2b: Ursaluna
|-damage|p2b: Ursaluna|40/100 brn
|move|p1a: Tyranitar|Low Kick|p2b: Ursaluna
|-supereffective|p2b: Ursaluna
|-crit|p2b: Ursaluna
|-damage|p2b: Ursaluna|0 fnt
|faint|p2b: Ursaluna
|
|win|Daniw9
|raw|Daniw9's rating: 1156 → 1173(+17 for winning)
|raw|hp_45's rating: 1040 → 1029(-11 for losing)
|l|☆hp_45
|player|p2|
