|j|☆Aketzagar18
|j|☆Sir Missalot III
|html|Aketzagar18Sir Missalot III    
|uhtml|bestof|Game 2 of a best-of-3
|t:|1783970303
|gametype|doubles
|player|p1|Aketzagar18|170|1091
|player|p2|Sir Missalot III|ghetsis|1164
|gen|9
|tier|[Gen 9 Champions] VGC 2026 Reg M-B (Bo3)
|rated|
|rule|Species Clause: Limit one of each Pokémon
|rule|Item Clause: Limit 1 of each item
|clearpoke
|poke|p1|Incineroar, L50, F|
|poke|p1|Maushold, L50|
|poke|p1|Sinistcha, L50|
|poke|p1|Sneasler, L50, M|
|poke|p1|Blastoise, L50, M|
|poke|p1|Delphox, L50, M|
|poke|p2|Metagross, L50|
|poke|p2|Hydreigon, L50, F|
|poke|p2|Basculegion, L50, M|
|poke|p2|Blastoise, L50, M|
|poke|p2|Sneasler, L50, F|
|poke|p2|Grimmsnarl, L50, M|
|teampreview|4
|showteam|p1|Incineroar||SitrusBerry|Intimidate|FakeOut,FlareBlitz,ThroatChop,PartingShot|Impish||F|||50|]Maushold||ChopleBerry|FriendGuard|SuperFang,Feint,FollowMe,Protect|Impish|||||50|]Sinistcha||KasibBerry|Hospitality|MatchaGotcha,LifeDew,RagePowder,Protect|Bold|||||50|]Sneasler||FocusSash|PoisonTouch|FakeOut,CloseCombat,DireClaw,QuickGuard|Jolly||M|||50|]Blastoise||Blastoisinite|RainDish|WaterSpout,DarkPulse,ShellSmash,Protect|Modest||M|||50|]Delphox||Delphoxite|Blaze|HeatWave,Psyshock,NastyPlot,Protect|Timid||M|||50|
|showteam|p2|Metagross||Metagrossite|ClearBody|IronHead,PsychicFangs,RockSlide,Protect|Jolly|||||50|]Hydreigon||FocusSash|Levitate|DarkPulse,DracoMeteor,Tailwind,Protect|Modest||F|||50|]Basculegion||ChoiceScarf|Adaptability|WaveCrash,LastRespects,AquaJet,FlipTurn|Jolly||M|||50|]Blastoise||Blastoisinite|Torrent|WaterSpout,DarkPulse,ShellSmash,Protect|Modest||M|||50|]Sneasler||WhiteHerb|Unburden|CloseCombat,DireClaw,FakeOut,Protect|Adamant||F|||50|]Grimmsnarl||LightClay|Prankster|SpiritBreak,LightScreen,Reflect,FakeOut|Adamant||M|||50|
|inactive|Battle timer is ON: inactive players will automatically lose when time's up. (requested by Aketzagar18)
|inactive|Aketzagar18 has 60 seconds left.
|inactive|Sir Missalot III has 60 seconds left.
|
|t:|1783970339
|teamsize|p1|4
|teamsize|p2|4
|start
|switch|p1a: Sneasler|Sneasler, L50, M|100/100
|switch|p1b: Incineroar|Incineroar, L50, F|100/100
|switch|p2a: Basculegion|Basculegion, L50, M|100/100
|switch|p2b: Grimmsnarl|Grimmsnarl, L50, M|100/100
|-ability|p1b: Incineroar|Intimidate|boost
|-unboost|p2a: Basculegion|atk|1
|-unboost|p2b: Grimmsnarl|atk|1
|turn|1
|inactive|Aketzagar18 has 30 seconds left.
|
|t:|1783970369
|move|p2b: Grimmsnarl|Fake Out|p1a: Sneasler
|-damage|p1a: Sneasler|85/100
|move|p1b: Incineroar|Fake Out|p2b: Grimmsnarl
|-damage|p2b: Grimmsnarl|89/100
|move|p2a: Basculegion|Flip Turn|p1b: Incineroar
|-supereffective|p1b: Incineroar|1
|-damage|p1b: Incineroar|62/100
|
|t:|1783970382
|switch|p2a: Blastoise|Blastoise, L50, M|100/100|[from] Flip Turn
|cant|p1a: Sneasler|flinch
|
|upkeep
|turn|2
|
|t:|1783970397
|detailschange|p2a: Blastoise|Blastoise-Mega, L50, M
|-mega|p2a: Blastoise|Blastoise|Blastoisinite
|move|p2b: Grimmsnarl|Reflect|p2b: Grimmsnarl
|-sidestart|p2: Sir Missalot III|Reflect
|move|p1a: Sneasler|Dire Claw|p2a: Blastoise
|-damage|p2a: Blastoise|74/100
|move|p2a: Blastoise|Shell Smash|p2a: Blastoise
|-unboost|p2a: Blastoise|def|1
|-unboost|p2a: Blastoise|spd|1
|-boost|p2a: Blastoise|atk|2
|-boost|p2a: Blastoise|spa|2
|-boost|p2a: Blastoise|spe|2
|move|p1b: Incineroar|Parting Shot|p2b: Grimmsnarl
|-unboost|p2b: Grimmsnarl|atk|1
|-unboost|p2b: Grimmsnarl|spa|1
|
|t:|1783970407
|switch|p1b: Sinistcha|Sinistcha, L50|100/100|[from] Parting Shot
|-heal|p1a: Sneasler|100/100|[from] ability: Hospitality|[of] p1b: Sinistcha
|
|upkeep
|turn|3
|inactive|Sir Missalot III has 30 seconds left.
|inactive|Sir Missalot III has 20 seconds left.
|inactive|Sir Missalot III has 15 seconds left.
|inactive|Sir Missalot III has 10 seconds left.
|inactive|Sir Missalot III has 5 seconds left.
|
|t:|1783970459
|move|p2a: Blastoise|Protect|p2a: Blastoise
|-singleturn|p2a: Blastoise|Protect
|move|p1a: Sneasler|Dire Claw|p2b: Grimmsnarl
|-supereffective|p2b: Grimmsnarl|1
|-damage|p2b: Grimmsnarl|27/100
|-status|p2b: Grimmsnarl|psn|[from] ability: Poison Touch|[of] p1a: Sneasler
|move|p1b: Sinistcha|Matcha Gotcha|p2a: Blastoise|[spread] p2b
|-activate|p2a: Blastoise|move: Protect
|-damage|p2b: Grimmsnarl|2/100 psn
|move|p2b: Grimmsnarl|Spirit Break|p1b: Sinistcha
|-damage|p1b: Sinistcha|84/100
|-unboost|p1b: Sinistcha|spa|1
|
|-damage|p2b: Grimmsnarl|0 fnt|[from] psn
|faint|p2b: Grimmsnarl
|upkeep
|inactive|Sir Missalot III has 30 seconds left.
|
|t:|1783970484
|switch|p2b: Basculegion|Basculegion, L50, M|100/100
|turn|4
|
|t:|1783970504
|move|p1b: Sinistcha|Rage Powder|p1b: Sinistcha
|-singleturn|p1b: Sinistcha|move: Rage Powder
|move|p2a: Blastoise|Water Spout|p1b: Sinistcha|[spread] p1a,p1b
|-resisted|p1b: Sinistcha|1
|-enditem|p1a: Sneasler|Focus Sash
|-damage|p1a: Sneasler|1/100
|-damage|p1b: Sinistcha|40/100
|move|p2b: Basculegion|Last Respects|p1b: Sinistcha
|-supereffective|p1b: Sinistcha|1
|-enditem|p1b: Sinistcha|Kasib Berry|[eat]
|-enditem|p1b: Sinistcha|Kasib Berry|[weaken]
|-damage|p1b: Sinistcha|0 fnt
|faint|p1b: Sinistcha
|move|p1a: Sneasler|Close Combat|p2a: Blastoise
|-damage|p2a: Blastoise|18/100
|-unboost|p1a: Sneasler|def|1
|-unboost|p1a: Sneasler|spd|1
|-status|p2a: Blastoise|psn|[from] ability: Poison Touch|[of] p1a: Sneasler
|
|-damage|p2a: Blastoise|6/100 psn|[from] psn
|upkeep
|
|t:|1783970519
|switch|p1b: Incineroar|Incineroar, L50, F|62/100
|-ability|p1b: Incineroar|Intimidate|boost
|-unboost|p2a: Blastoise|atk|1
|-unboost|p2b: Basculegion|atk|1
|turn|5
|inactive|Sir Missalot III has 30 seconds left.
|
|t:|1783970546
|switch|p2a: Hydreigon|Hydreigon, L50, F|100/100
|move|p1b: Incineroar|Fake Out|p2a: Hydreigon
|-damage|p2a: Hydreigon|91/100
|move|p2b: Basculegion|Last Respects|p1a: Sneasler
|-damage|p1a: Sneasler|0 fnt
|faint|p1a: Sneasler
|
|upkeep
|
|t:|1783970552
|switch|p1a: Delphox|Delphox, L50, M|100/100
|turn|6
|l|☆Sir Missalot III
|inactive|Sir Missalot III disconnected and has a minute to reconnect!
|player|p2|
|inactive|Sir Missalot III has 30 seconds left.
|j|☆Sir Missalot III
|inactive|Sir Missalot III reconnected and has 25 seconds left.
|player|p2|Sir Missalot III|ghetsis|
|inactive|Sir Missalot III has 20 seconds left.
|inactive|Sir Missalot III has 15 seconds left.
|inactive|Sir Missalot III has 10 seconds left.
|inactive|Sir Missalot III has 5 seconds left.
|
|t:|1783970605
|detailschange|p1a: Delphox|Delphox-Mega, L50, M
|-mega|p1a: Delphox|Delphox|Delphoxite
|move|p2b: Basculegion|Last Respects|p1a: Delphox
|-supereffective|p1a: Delphox|1
|-damage|p1a: Delphox|0 fnt
|faint|p1a: Delphox
|move|p2a: Hydreigon|Tailwind|p2a: Hydreigon
|-sidestart|p2: Sir Missalot III|move: Tailwind
|move|p1b: Incineroar|Throat Chop|p2b: Basculegion
|-supereffective|p2b: Basculegion|1
|-damage|p2b: Basculegion|42/100
|-start|p2b: Basculegion|Throat Chop|[silent]
|
|upkeep
|turn|7
|
|t:|1783970619
|switch|p2b: Blastoise|Blastoise-Mega, L50, M|6/100 psn
|move|p2a: Hydreigon|Draco Meteor|p1b: Incineroar
|-damage|p1b: Incineroar|0 fnt
|-unboost|p2a: Hydreigon|spa|2
|faint|p1b: Incineroar
|
|win|Sir Missalot III
||Aketzagar18 is ready for game 3.
||Sir Missalot III is ready for game 3.
|uhtml|next|Next: Game 3 of 3
|l|☆Sir Missalot III
|player|p2|
