|j|☆Invoker Kuzan
|j|☆ronansting
|html|Invoker Kuzanronansting    
|uhtml|bestof|Game 1 of a best-of-3
|t:|1756394667
|gametype|doubles
|player|p1|Invoker Kuzan|marnie-masters3|1308
|player|p2|ronansting|baker|1428
|gen|9
|tier|[Gen 9] VGC 2025 Reg H (Bo3)
|rated|
|rule|Species Clause: Limit one of each Pokémon
|rule|Item Clause: Limit 1 of each item
|clearpoke
|poke|p1|Indeedee-F, L50, F|
|poke|p1|Hatterene, L50, F|
|poke|p1|Gallade, L50, M|
|poke|p1|Ursaluna, L50, M|
|poke|p1|Lilligant-Hisui, L50, F|
|poke|p1|Torkoal, L50, M|
|poke|p2|Archaludon, L50, M|
|poke|p2|Pelipper, L50, F|
|poke|p2|Indeedee, L50, M|
|poke|p2|Amoonguss, L50, F|
|poke|p2|Basculegion, L50, M|
|poke|p2|Hydreigon, L50, F|
|teampreview|4
|showteam|p1|Indeedee-F||PsychicSeed|PsychicSurge|TrickRoom,FollowMe,HelpingHand,DazzlingGleam|||F|||50|,,,,,Fire]Hatterene||LifeOrb|MagicBounce|ExpandingForce,TrickRoom,DazzlingGleam,Protect|||F|||50|,,,,,Psychic]Gallade||ClearAmulet|Sharpness|PsychoCut,TrickRoom,SacredSword,WideGuard|||M|||50|,,,,,Grass]Ursaluna||FlameOrb|Guts|HeadlongRush,Facade,SwordsDance,Protect|||M|||50|,,,,,Ghost]Lilligant-Hisui||FocusSash|Chlorophyll|SolarBlade,SleepPowder,CloseCombat,AfterYou|||F|||50|,,,,,Ghost]Torkoal||ChoiceSpecs|Drought|Eruption,HeatWave,WeatherBall,EarthPower|||M|||50|,,,,,Fire
|showteam|p2|Archaludon||AssaultVest|Stamina|ElectroShot,DracoMeteor,BodyPress,FlashCannon|||M|||50|,,,,,Grass]Pelipper||FocusSash|Drizzle|WeatherBall,Hurricane,Tailwind,Protect|||F|||50|,,,,,Ghost]Indeedee||ChoiceScarf|PsychicSurge|ExpandingForce,TeraBlast,Trick,DazzlingGleam|||M|||50|,,,,,Ground]Amoonguss||SitrusBerry|Regenerator|Spore,SludgeBomb,Protect,RagePowder|||F|||50|,,,,,Water]Basculegion||ChoiceBand|SwiftSwim|FlipTurn,WaveCrash,LastRespects,AquaJet|||M|||50|,,,,,Poison]Hydreigon||CovertCloak|Levitate|Taunt,Snarl,DracoMeteor,EarthPower|||F|||50|,,,,,Fairy
|inactive|Battle timer is ON: inactive players will automatically lose when time's up. (requested by Invoker Kuzan)
|
|t:|1756394704
|teamsize|p1|4
|teamsize|p2|4
|start
|switch|p1a: Indeedee|Indeedee-F, L50, F, shiny|100/100
|switch|p1b: Gallade|Gallade, L50, M, shiny|100/100
|switch|p2a: Empire|Basculegion, L50, M|100/100
|switch|p2b: Piedragon|Hydreigon, L50, F|100/100
|-fieldstart|move: Psychic Terrain|[from] ability: Psychic Surge|[of] p1a: Indeedee
|-enditem|p1a: Indeedee|Psychic Seed
|-boost|p1a: Indeedee|spd|1|[from] item: Psychic Seed
|turn|1
|
|t:|1756394726
|move|p1a: Indeedee|Follow Me|p1a: Indeedee
|-singleturn|p1a: Indeedee|move: Follow Me
|move|p2b: Piedragon|Taunt|p1a: Indeedee
|-start|p1a: Indeedee|move: Taunt
|move|p2a: Empire|Flip Turn|p1a: Indeedee
|-damage|p1a: Indeedee|59/100
|
|t:|1756394734
|switch|p2a: Smellypper|Pelipper, L50, F|100/100|[from] Flip Turn
|-weather|RainDance|[from] ability: Drizzle|[of] p2a: Smellypper
|move|p1b: Gallade|Trick Room|p1b: Gallade
|-fieldstart|move: Trick Room|[of] p1b: Gallade
|
|-weather|RainDance|[upkeep]
|upkeep
|turn|2
|
|t:|1756394742
|switch|p2a: Arching|Archaludon, L50, M|100/100
|-terastallize|p2b: Piedragon|Fairy
|move|p1a: Indeedee|Dazzling Gleam|p2a: Arching|[spread] p2a,p2b
|-crit|p2b: Piedragon
|-damage|p2a: Arching|91/100
|-damage|p2b: Piedragon|80/100
|-ability|p2a: Arching|Stamina|boost
|-boost|p2a: Arching|def|1
|move|p1b: Gallade|Psycho Cut|p2a: Arching
|-resisted|p2a: Arching
|-damage|p2a: Arching|71/100
|-ability|p2a: Arching|Stamina|boost
|-boost|p2a: Arching|def|1
|move|p2b: Piedragon|Snarl|p1b: Gallade|[spread] p1a,p1b
|-supereffective|p1a: Indeedee
|-damage|p1a: Indeedee|36/100
|-damage|p1b: Gallade|82/100
|-unboost|p1a: Indeedee|spa|1
|
|-weather|RainDance|[upkeep]
|upkeep
|turn|3
|
|t:|1756394757
|switch|p2a: Empire|Basculegion, L50, M|100/100
|move|p1a: Indeedee|Dazzling Gleam|p2a: Empire|[spread] p2a,p2b
|-damage|p2a: Empire|91/100
|-damage|p2b: Piedragon|71/100
|move|p1b: Gallade|Sacred Sword|p2a: Empire
|-immune|p2a: Empire
|move|p2b: Piedragon|Snarl|p1b: Gallade|[spread] p1a,p1b
|-supereffective|p1a: Indeedee
|-damage|p1a: Indeedee|11/100
|-damage|p1b: Gallade|64/100
|-unboost|p1a: Indeedee|spa|1
|
|-weather|RainDance|[upkeep]
|upkeep
|turn|4
|
|t:|1756394774
|move|p1a: Indeedee|Dazzling Gleam|p2a: Empire|[spread] p2a,p2b
|-damage|p2a: Empire|83/100
|-damage|p2b: Piedragon|63/100
|move|p1b: Gallade|Psycho Cut|p2b: Piedragon
|-damage|p2b: Piedragon|0 fnt
|faint|p2b: Piedragon
|move|p2a: Empire|Flip Turn|p1b: Gallade
|-damage|p1b: Gallade|0 fnt
|faint|p1b: Gallade
|
|t:|1756394783
|switch|p2a: Arching|Archaludon, L50, M|71/100|[from] Flip Turn
|
|-weather|RainDance|[upkeep]
|-end|p1a: Indeedee|move: Taunt
|upkeep
|
|t:|1756394789
|switch|p1b: Torkoal|Torkoal, L50, M, shiny|100/100
|switch|p2b: Empire|Basculegion, L50, M|83/100
|-weather|SunnyDay|[from] ability: Drought|[of] p1b: Torkoal
|turn|5
|
|t:|1756394802
|switch|p2b: Smellypper|Pelipper, L50, F|100/100
|-weather|RainDance|[from] ability: Drizzle|[of] p2b: Smellypper
|-terastallize|p1b: Torkoal|Fire
|move|p1b: Torkoal|Eruption|p2a: Arching|[spread] p2a,p2b
|-resisted|p2b: Smellypper
|-damage|p2a: Arching|42/100
|-damage|p2b: Smellypper|60/100
|-ability|p2a: Arching|Stamina|boost
|-boost|p2a: Arching|def|1
|move|p1a: Indeedee|Dazzling Gleam|p2b: Smellypper|[spread] p2a,p2b
|-damage|p2a: Arching|37/100
|-damage|p2b: Smellypper|47/100
|-ability|p2a: Arching|Stamina|boost
|-boost|p2a: Arching|def|1
|move|p2a: Arching|Electro Shot||[still]
|-prepare|p2a: Arching|Electro Shot
|-boost|p2a: Arching|spa|1
|-anim|p2a: Arching|Electro Shot|p1a: Indeedee
|-damage|p1a: Indeedee|0 fnt
|faint|p1a: Indeedee
|
|-weather|RainDance|[upkeep]
|-fieldend|move: Trick Room
|-fieldend|move: Psychic Terrain
|upkeep
|
|t:|1756394805
|switch|p1a: Hatterene|Hatterene, L50, F, shiny|100/100
|turn|6
|
|t:|1756394824
|move|p2b: Smellypper|Weather Ball|p1b: Torkoal
|-supereffective|p1b: Torkoal
|-damage|p1b: Torkoal|0 fnt
|faint|p1b: Torkoal
|move|p2a: Arching|Flash Cannon|p1a: Hatterene
|-supereffective|p1a: Hatterene
|-damage|p1a: Hatterene|0 fnt
|faint|p1a: Hatterene
|
|win|ronansting
||Invoker Kuzan is ready for game 2.
||ronansting is ready for game 2.
|uhtml|next|Next: Game 2 of 3
