|j|☆pekkleduck
|j|☆samki9
|html|pekkleducksamki9    
|uhtml|bestof|Game 1 of a best-of-3
|t:|1785615596
|gametype|doubles
|player|p1|pekkleduck|170|1000
|player|p2|samki9|1|1103
|gen|9
|tier|[Gen 9 Champions] VGC 2026 Reg M-B (Bo3)
|rated|
|rule|Species Clause: Limit one of each Pokémon
|rule|Item Clause: Limit 1 of each item
|clearpoke
|poke|p1|Floette-Eternal, L50, F|
|poke|p1|Kingambit, L50, M|
|poke|p1|Gholdengo, L50|
|poke|p1|Garchomp, L50, F|
|poke|p1|Farigiraf, L50, F|
|poke|p1|Sinistcha-Masterpiece, L50|
|poke|p2|Gyarados, L50, M|
|poke|p2|Delphox, L50, F|
|poke|p2|Sneasler, L50, F|
|poke|p2|Mamoswine, L50, F|
|poke|p2|Whimsicott, L50, M|
|poke|p2|Gholdengo, L50|
|teampreview|4
|showteam|p1|Floette-Eternal||Floettite|FlowerVeil|LightofRuin,Moonblast,DazzlingGleam,Protect|Timid||F|||50|]Kingambit||BlackGlasses|Defiant|KowtowCleave,SuckerPunch,LowKick,Protect|Brave||M|||50|]Gholdengo||MetalCoat|GoodasGold|MakeItRain,ShadowBall,NastyPlot,Protect|Modest|||||50|]Garchomp||LifeOrb|RoughSkin|RockSlide,DragonClaw,StompingTantrum,Protect|Jolly||F|||50|]Farigiraf||SitrusBerry|ArmorTail|FoulPlay,Psychic,TrickRoom,Protect|Modest||F|||50|]Sinistcha-Masterpiece||ColburBerry|Hospitality|MatchaGotcha,ShadowBall,RagePowder,TrickRoom|Modest|||||50|
|showteam|p2|Gyarados||Gyaradosite|Intimidate|Waterfall,Crunch,DragonDance,Protect|Adamant||M|||50|]Delphox||Delphoxite|Blaze|HeatWave,Psychic,Substitute,Protect|Timid||F|||50|]Sneasler||FocusSash|Unburden|FakeOut,DireClaw,CloseCombat,Coaching|Jolly||F|||50|]Mamoswine||LifeOrb|Oblivious|IceShard,Earthquake,HighHorsepower,Protect|Adamant||F|||50|]Whimsicott||OccaBerry|Prankster|Moonblast,Tailwind,Encore,LightScreen|Jolly||M|||50|]Gholdengo||WhiteHerb|GoodasGold|MakeItRain,ShadowBall,PowerGem,Protect|Modest|||||50|
|inactive|Battle timer is ON: inactive players will automatically lose when time's up. (requested by pekkleduck)
|inactive|pekkleduck has 60 seconds left.
|inactive|samki9 has 60 seconds left.
|
|t:|1785615642
|teamsize|p1|4
|teamsize|p2|4
|start
|switch|p1a: Cheese String|Gholdengo, L50|100/100
|switch|p1b: loc ness|Farigiraf, L50, F|100/100
|switch|p2a: Sneasler|Sneasler, L50, F|100/100
|switch|p2b: Delphox|Delphox, L50, F|100/100
|turn|1
|
|t:|1785615655
|detailschange|p2b: Delphox|Delphox-Mega, L50, F
|-mega|p2b: Delphox|Delphox|Delphoxite
|move|p1a: Cheese String|Protect|p1a: Cheese String
|-singleturn|p1a: Cheese String|Protect
|move|p2b: Delphox|Heat Wave|p1b: loc ness|[spread] p1b
|-activate|p1a: Cheese String|move: Protect
|-crit|p1b: loc ness
|-damage|p1b: loc ness|38/100
|-enditem|p1b: loc ness|Sitrus Berry|[eat]
|-heal|p1b: loc ness|63/100|[from] item: Sitrus Berry
|move|p2a: Sneasler|Close Combat|p1b: loc ness
|-damage|p1b: loc ness|14/100
|-unboost|p2a: Sneasler|def|1
|-unboost|p2a: Sneasler|spd|1
|move|p1b: loc ness|Trick Room|p1b: loc ness
|-fieldstart|move: Trick Room|[of] p1b: loc ness
|
|upkeep
|turn|2
|
|t:|1785615679
|move|p2b: Delphox|Protect|p2b: Delphox
|-singleturn|p2b: Delphox|Protect
|move|p1b: loc ness|Psychic|p2a: Sneasler
|-supereffective|p2a: Sneasler|2
|-enditem|p2a: Sneasler|Focus Sash
|-damage|p2a: Sneasler|1/100
|move|p1a: Cheese String|Shadow Ball|p2b: Delphox
|-activate|p2b: Delphox|move: Protect
|move|p2a: Sneasler|Close Combat|p1b: loc ness
|-damage|p1b: loc ness|0 fnt
|-unboost|p2a: Sneasler|def|1
|-unboost|p2a: Sneasler|spd|1
|faint|p1b: loc ness
|
|upkeep
|
|t:|1785615682
|switch|p1b: Silician|Kingambit, L50, M|100/100
|turn|3
|
|t:|1785615703
|move|p1b: Silician|Kowtow Cleave|p2b: Delphox
|-supereffective|p2b: Delphox|1
|-damage|p2b: Delphox|0 fnt
|faint|p2b: Delphox
|move|p1a: Cheese String|Shadow Ball|p2a: Sneasler
|-damage|p2a: Sneasler|0 fnt
|faint|p2a: Sneasler
|
|upkeep
|
|t:|1785615707
|switch|p2a: Mamoswine|Mamoswine, L50, F|100/100
|switch|p2b: Gholdengo|Gholdengo, L50|100/100
|turn|4
|
|t:|1785615723
|move|p2b: Gholdengo|Protect|p2b: Gholdengo
|-singleturn|p2b: Gholdengo|Protect
|move|p1b: Silician|Kowtow Cleave|p2b: Gholdengo
|-activate|p2b: Gholdengo|move: Protect
|move|p1a: Cheese String|Make It Rain|p2a: Mamoswine|[spread] p2a
|-activate|p2b: Gholdengo|move: Protect
|-supereffective|p2a: Mamoswine|1
|-damage|p2a: Mamoswine|0 fnt
|-unboost|p1a: Cheese String|spa|2
|faint|p2a: Mamoswine
|
|upkeep
|turn|5
|
|t:|1785615737
|switch|p1a: Sinistcha|Sinistcha-Masterpiece, L50|100/100
|move|p1b: Silician|Kowtow Cleave|p2b: Gholdengo
|-supereffective|p2b: Gholdengo|1
|-damage|p2b: Gholdengo|0 fnt
|faint|p2b: Gholdengo
|
|win|pekkleduck
|l|☆pekkleduck
|player|p1|
||samki9 is ready for game 2.
||pekkleduck is ready for game 2.
|uhtml|next|Next: Game 2 of 3
|j|☆pekkleduck
|player|p1|pekkleduck|170|
