|j|☆indiofiero
|j|☆megacsc
|html|indiofieromegacsc    
|uhtml|bestof|Game 3 of a best-of-3
|t:|1756430425
|gametype|doubles
|player|p1|indiofiero|swimmerf-gen4|1196
|player|p2|megacsc|n|1186
|gen|9
|tier|[Gen 9] VGC 2025 Reg H (Bo3)
|rated|
|rule|Species Clause: Limit one of each Pokémon
|rule|Item Clause: Limit 1 of each item
|clearpoke
|poke|p1|Archaludon, L50, M|
|poke|p1|Dragonite, L50, M|
|poke|p1|Pelipper, L50, F|
|poke|p1|Ursaluna, L50, M|
|poke|p1|Sinistcha, L50|
|poke|p1|Gholdengo, L50|
|poke|p2|Whimsicott, L50, F|
|poke|p2|Garchomp, L50, F|
|poke|p2|Gholdengo, L50|
|poke|p2|Incineroar, L50, F|
|poke|p2|Sneasler, L50, M|
|poke|p2|Dragonite, L50, M|
|teampreview|4
|showteam|p1|Archaludon||AssaultVest|Stamina|FlashCannon,BodyPress,ElectroShot,Snarl|||M|||50|,,,,,Fighting]Dragonite||LoadedDice|Multiscale|ScaleShot,Tailwind,Haze,Protect|||M|||50|,,,,,Fairy]Pelipper||FocusSash|Drizzle|MuddyWater,Hurricane,Tailwind,Protect|||F|||50|,,,,,Ghost]Ursaluna||FlameOrb|Guts|Facade,HeadlongRush,Earthquake,Protect|||M|||50|,,,,,Ghost]Sinistcha||SitrusBerry|Hospitality|MatchaGotcha,LifeDew,RagePowder,TrickRoom||||||50|,,,,,Dark]Gholdengo||ChoiceScarf|GoodasGold|MakeItRain,ShadowBall,Trick,Protect||||||50|,,,,,Flying
|showteam|p2|Whimsicott||CovertCloak|Prankster|Moonblast,Tailwind,Encore,Protect|||F|||50|,,,,,Ghost]Garchomp||LifeOrb|RoughSkin|Earthquake,DragonClaw,StompingTantrum,Protect|||F|||50|,,,,,Ground]Gholdengo||ChoiceSpecs|GoodasGold|MakeItRain,ShadowBall,Trick,Thunderbolt||||||50|,,,,,Steel]Incineroar||AssaultVest|Intimidate|FakeOut,FlareBlitz,KnockOff,Uturn|||F|||50|,,,,,Grass]Sneasler||FocusSash|Unburden|FakeOut,DireClaw,CloseCombat,Protect|||M|||50|,,,,,Flying]Dragonite||ChoiceBand|InnerFocus|ExtremeSpeed,Outrage,IceSpinner,StompingTantrum|||M|||50|,,,,,Normal
|
|t:|1756430453
|teamsize|p1|4
|teamsize|p2|4
|start
|switch|p1a: Archaludon|Archaludon, L50, M|100/100
|switch|p1b: Pelipper|Pelipper, L50, F|100/100
|switch|p2a: Gholdengo|Gholdengo, L50|100/100
|switch|p2b: Whimsicott|Whimsicott, L50, F|100/100
|-weather|RainDance|[from] ability: Drizzle|[of] p1b: Pelipper
|turn|1
|
|t:|1756430474
|-terastallize|p2a: Gholdengo|Steel
|move|p2b: Whimsicott|Moonblast|p1b: Pelipper
|-damage|p1b: Pelipper|42/100
|move|p2a: Gholdengo|Make It Rain|p1a: Archaludon|[spread] p1a,p1b
|-resisted|p1a: Archaludon
|-resisted|p1b: Pelipper
|-damage|p1a: Archaludon|68/100
|-damage|p1b: Pelipper|0 fnt
|-unboost|p2a: Gholdengo|spa|1
|-ability|p1a: Archaludon|Stamina|boost
|-boost|p1a: Archaludon|def|1
|faint|p1b: Pelipper
|move|p1a: Archaludon|Snarl|p2b: Whimsicott|[spread] p2a,p2b
|-resisted|p2b: Whimsicott
|-damage|p2a: Gholdengo|88/100
|-damage|p2b: Whimsicott|90/100
|-unboost|p2a: Gholdengo|spa|1
|
|-weather|RainDance|[upkeep]
|upkeep
|
|t:|1756430488
|switch|p1b: Sinistcha|Sinistcha, L50|100/100
|-heal|p1a: Archaludon|93/100|[from] ability: Hospitality|[of] p1b: Sinistcha
|turn|2
|
|t:|1756430510
|switch|p2a: Dragonite|Dragonite, L50, M|100/100
|move|p2b: Whimsicott|Encore|p1a: Archaludon
|-start|p1a: Archaludon|Encore
|move|p1a: Archaludon|Snarl|p2b: Whimsicott|[spread] p2a
|-miss|p1a: Archaludon|p2b: Whimsicott
|-damage|p2a: Dragonite|89/100
|-unboost|p2a: Dragonite|spa|1
|move|p1b: Sinistcha|Matcha Gotcha|p2a: Dragonite|[spread] p2b
|-miss|p1b: Sinistcha|p2a: Dragonite
|-resisted|p2b: Whimsicott
|-damage|p2b: Whimsicott|71/100
|
|-weather|RainDance|[upkeep]
|upkeep
|turn|3
|
|t:|1756430538
|switch|p1a: Ursaluna|Ursaluna, L50, M|100/100
|-terastallize|p1b: Sinistcha|Dark
|move|p2b: Whimsicott|Moonblast|p1b: Sinistcha
|-supereffective|p1b: Sinistcha
|-damage|p1b: Sinistcha|36/100
|-enditem|p1b: Sinistcha|Sitrus Berry|[eat]
|-heal|p1b: Sinistcha|61/100|[from] item: Sitrus Berry
|move|p2a: Dragonite|Outrage|p1a: Ursaluna
|-damage|p1a: Ursaluna|10/100
|move|p1b: Sinistcha|Trick Room|p1b: Sinistcha
|-fieldstart|move: Trick Room|[of] p1b: Sinistcha
|
|-weather|RainDance|[upkeep]
|-status|p1a: Ursaluna|brn|[from] item: Flame Orb
|upkeep
|turn|4
|
|t:|1756430571
|switch|p1b: Archaludon|Archaludon, L50, M|93/100
|move|p1a: Ursaluna|Facade|p2b: Whimsicott
|-damage|p2b: Whimsicott|0 fnt
|faint|p2b: Whimsicott
|move|p2a: Dragonite|Outrage|p1b: Archaludon|[from] lockedmove
|-damage|p1b: Archaludon|25/100
|-ability|p1b: Archaludon|Stamina|boost
|-boost|p1b: Archaludon|def|1
|-start|p2a: Dragonite|confusion|[fatigue]
|
|-weather|RainDance|[upkeep]
|-damage|p1a: Ursaluna|4/100 brn|[from] brn
|upkeep
|
|t:|1756430586
|switch|p2b: Garchomp|Garchomp, L50, F|100/100
|turn|5
|
|t:|1756430597
|switch|p1a: Sinistcha|Sinistcha, L50, tera:Dark|61/100
|-heal|p1b: Archaludon|50/100|[from] ability: Hospitality|[of] p1a: Sinistcha
|move|p2b: Garchomp|Protect|p2b: Garchomp
|-singleturn|p2b: Garchomp|Protect
|move|p1b: Archaludon|Electro Shot||[still]
|-prepare|p1b: Archaludon|Electro Shot
|-boost|p1b: Archaludon|spa|1
|-anim|p1b: Archaludon|Electro Shot|p2a: Dragonite
|-damage|p2a: Dragonite|37/100
|-activate|p2a: Dragonite|confusion
|move|p2a: Dragonite|Outrage|p1b: Archaludon
|-damage|p1b: Archaludon|8/100
|-ability|p1b: Archaludon|Stamina|boost
|-boost|p1b: Archaludon|def|1
|
|-weather|none
|upkeep
|turn|6
|
|t:|1756430638
|switch|p2b: Gholdengo|Gholdengo, L50, tera:Steel|88/100
|move|p1a: Sinistcha|Matcha Gotcha|p2a: Dragonite|[spread] p2a,p2b
|-resisted|p2a: Dragonite
|-resisted|p2b: Gholdengo
|-damage|p2a: Dragonite|32/100
|-heal|p1a: Sinistcha|64/100|[from] drain|[of] p2a: Dragonite
|-damage|p2b: Gholdengo|73/100
|-heal|p1a: Sinistcha|71/100|[from] drain|[of] p2b: Gholdengo
|move|p1b: Archaludon|Body Press|p2b: Gholdengo
|-supereffective|p2b: Gholdengo
|-damage|p2b: Gholdengo|0 fnt
|faint|p2b: Gholdengo
|-end|p2a: Dragonite|confusion
|move|p2a: Dragonite|Outrage|p1a: Sinistcha|[from] lockedmove
|-damage|p1a: Sinistcha|0 fnt
|faint|p1a: Sinistcha
|
|upkeep
|
|t:|1756430655
|switch|p1a: Ursaluna|Ursaluna, L50, M|4/100 brn
|switch|p2b: Garchomp|Garchomp, L50, F|100/100
|turn|7
|
|t:|1756430663
|move|p2b: Garchomp|Protect|p2b: Garchomp
|-singleturn|p2b: Garchomp|Protect
|move|p1a: Ursaluna|Facade|p2a: Dragonite
|-damage|p2a: Dragonite|0 fnt
|faint|p2a: Dragonite
|move|p1b: Archaludon|Body Press|p2b: Garchomp
|-activate|p2b: Garchomp|move: Protect
|
|-damage|p1a: Ursaluna|0 fnt|[from] brn
|faint|p1a: Ursaluna
|-fieldend|move: Trick Room
|upkeep
|turn|8
|
|t:|1756430672
|move|p2b: Garchomp|Stomping Tantrum|p1b: Archaludon
|-supereffective|p1b: Archaludon
|-damage|p1b: Archaludon|0 fnt
|faint|p1b: Archaludon
|-damage|p2b: Garchomp|91/100|[from] item: Life Orb
|
|win|megacsc
|raw|indiofiero's rating: 1196 → 1170(-26 for losing)
|raw|megacsc's rating: 1186 → 1212(+26 for winning)
