|j|☆MrPhoenixGC
|j|☆ossigt
|html|MrPhoenixGCossigt    
|uhtml|bestof|Game 1 of a best-of-3
|t:|1756995864
|gametype|doubles
|player|p1|MrPhoenixGC|steven|1189
|player|p2|ossigt|hilbert-wonderlauncher|1158
|gen|9
|tier|[Gen 9] VGC 2025 Reg H (Bo3)
|rated|
|rule|Species Clause: Limit one of each Pokémon
|rule|Item Clause: Limit 1 of each item
|clearpoke
|poke|p1|Gholdengo, L50|
|poke|p1|Pelipper, L50, F|
|poke|p1|Archaludon, L50, M|
|poke|p1|Ursaluna, L50, F|
|poke|p1|Dragonite, L50, M|
|poke|p1|Sinistcha, L50|
|poke|p2|Kingambit, L50, F|
|poke|p2|Rillaboom, L50, F|
|poke|p2|Electabuzz, L50, M|
|poke|p2|Dragapult, L50, M|
|poke|p2|Volcarona, L50, M|
|poke|p2|Tauros-Paldea-Aqua, L50, M|
|teampreview|4
|showteam|p1|Gholdengo||ChoiceScarf|GoodasGold|MakeItRain,ShadowBall,Trick,Protect||||||50|,,,,,Water]Pelipper||FocusSash|Drizzle|Protect,MuddyWater,Hurricane,WideGuard|||F|||50|,,,,,Ghost]Archaludon||AssaultVest|Stamina|BodyPress,Snarl,ElectroShot,FlashCannon|||M|||50|,,,,,Bug]Ursaluna||FlameOrb|Guts|Protect,Facade,Earthquake,HeadlongRush|||F|||50|,,,,,Ghost]Dragonite||LoadedDice|Multiscale|ScaleShot,Haze,Tailwind,Protect|||M|||50|,,,,,Fairy]Sinistcha||SitrusBerry|Hospitality|TrickRoom,MatchaGotcha,LifeDew,RagePowder||||||50|,,,,,Dark
|showteam|p2|Kingambit||BlackGlasses|Defiant|Protect,KowtowCleave,SuckerPunch,SwordsDance|||F|||50|,,,,,Dark]Rillaboom||AssaultVest|GrassySurge|WoodHammer,GrassyGlide,Uturn,FakeOut|||F|||50|,,,,,Fire]Electabuzz||Eviolite|VitalSpirit|Protect,Thunderbolt,HelpingHand,FollowMe|||M|||50|,,,,,Ghost]Dragapult||ChoiceBand|ClearBody|DragonDarts,PhantomForce,Outrage,Uturn|||M|||50|,,,,,Ghost]Volcarona||CovertCloak|FlameBody|Protect,HeatWave,GigaDrain,QuiverDance|||M|||50|,,,,,Dragon]Tauros-Paldea-Aqua||MirrorHerb|Intimidate|Protect,WaveCrash,CloseCombat,AquaJet|||M|||50|,,,,,Water
|
|t:|1756995899
|teamsize|p1|4
|teamsize|p2|4
|start
|switch|p1a: Pelipper|Pelipper, L50, F|100/100
|switch|p1b: Dragonite|Dragonite, L50, M|100/100
|switch|p2a: Kingambit|Kingambit, L50, F, shiny|100/100
|switch|p2b: Rillaboom|Rillaboom, L50, F, shiny|100/100
|-weather|RainDance|[from] ability: Drizzle|[of] p1a: Pelipper
|-fieldstart|move: Grassy Terrain|[from] ability: Grassy Surge|[of] p2b: Rillaboom
|turn|1
|
|t:|1756995922
|move|p1b: Dragonite|Protect|p1b: Dragonite
|-singleturn|p1b: Dragonite|Protect
|move|p1a: Pelipper|Protect|p1a: Pelipper
|-singleturn|p1a: Pelipper|Protect
|move|p2b: Rillaboom|U-turn|p1a: Pelipper
|-activate|p1a: Pelipper|move: Protect
|move|p2a: Kingambit|Swords Dance|p2a: Kingambit
|-boost|p2a: Kingambit|atk|2
|
|-weather|RainDance|[upkeep]
|upkeep
|turn|2
|
|t:|1756995945
|move|p2b: Rillaboom|Grassy Glide|p1b: Dragonite
|-resisted|p1b: Dragonite
|-damage|p1b: Dragonite|95/100
|move|p2a: Kingambit|Sucker Punch|p1a: Pelipper
|-enditem|p1a: Pelipper|Focus Sash
|-damage|p1a: Pelipper|1/100
|move|p1b: Dragonite|Haze|p1b: Dragonite
|-clearallboost
|move|p1a: Pelipper|Hurricane|p2a: Kingambit
|-resisted|p2a: Kingambit
|-damage|p2a: Kingambit|74/100
|-start|p2a: Kingambit|confusion
|
|-weather|RainDance|[upkeep]
|-heal|p2a: Kingambit|80/100|[from] Grassy Terrain
|upkeep
|turn|3
|
|t:|1756995969
|switch|p1a: Sinistcha|Sinistcha, L50|100/100
|-heal|p1b: Dragonite|100/100|[from] ability: Hospitality|[of] p1a: Sinistcha
|switch|p2b: Electabuzz|Electabuzz, L50, M, shiny|100/100
|move|p1b: Dragonite|Protect|p1b: Dragonite
|-singleturn|p1b: Dragonite|Protect
|-activate|p2a: Kingambit|confusion
|move|p2a: Kingambit|Kowtow Cleave|p1b: Dragonite
|-activate|p1b: Dragonite|move: Protect
|
|-weather|RainDance|[upkeep]
|-heal|p2a: Kingambit|86/100|[from] Grassy Terrain
|upkeep
|turn|4
|
|t:|1756995990
|switch|p1a: Archaludon|Archaludon, L50, M|100/100
|move|p1b: Dragonite|Scale Shot|p1a: Archaludon
|-damage|p1a: Archaludon|91/100
|-ability|p1a: Archaludon|Stamina|boost
|-boost|p1a: Archaludon|def|1
|-damage|p1a: Archaludon|85/100
|-ability|p1a: Archaludon|Stamina|boost
|-boost|p1a: Archaludon|def|1
|-damage|p1a: Archaludon|80/100
|-ability|p1a: Archaludon|Stamina|boost
|-boost|p1a: Archaludon|def|1
|-damage|p1a: Archaludon|75/100
|-ability|p1a: Archaludon|Stamina|boost
|-boost|p1a: Archaludon|def|1
|-damage|p1a: Archaludon|72/100
|-ability|p1a: Archaludon|Stamina|boost
|-boost|p1a: Archaludon|def|1
|-hitcount|p1a: Archaludon|5
|-unboost|p1b: Dragonite|def|1
|-boost|p1b: Dragonite|spe|1
|move|p2b: Electabuzz|Thunderbolt|p1b: Dragonite
|-damage|p1b: Dragonite|85/100
|-end|p2a: Kingambit|confusion
|move|p2a: Kingambit|Kowtow Cleave|p1a: Archaludon
|-damage|p1a: Archaludon|62/100
|-ability|p1a: Archaludon|Stamina|boost
|-boost|p1a: Archaludon|def|1
|
|-weather|RainDance|[upkeep]
|-heal|p1a: Archaludon|68/100|[from] Grassy Terrain
|-heal|p2a: Kingambit|92/100|[from] Grassy Terrain
|upkeep
|turn|5
|
|t:|1756996019
|switch|p1b: Sinistcha|Sinistcha, L50|100/100
|-heal|p1a: Archaludon|93/100|[from] ability: Hospitality|[of] p1b: Sinistcha
|move|p2b: Electabuzz|Follow Me|p2b: Electabuzz
|-singleturn|p2b: Electabuzz|move: Follow Me
|move|p1a: Archaludon|Body Press|p2b: Electabuzz
|-damage|p2b: Electabuzz|19/100
|move|p2a: Kingambit|Swords Dance|p2a: Kingambit
|-boost|p2a: Kingambit|atk|2
|
|-weather|none
|-heal|p2b: Electabuzz|24/100|[from] Grassy Terrain
|-heal|p1a: Archaludon|99/100|[from] Grassy Terrain
|-heal|p2a: Kingambit|98/100|[from] Grassy Terrain
|-fieldend|move: Grassy Terrain
|upkeep
|turn|6
|
|t:|1756996047
|switch|p1b: Pelipper|Pelipper, L50, F|1/100
|-weather|RainDance|[from] ability: Drizzle|[of] p1b: Pelipper
|move|p2b: Electabuzz|Follow Me|p2b: Electabuzz
|-singleturn|p2b: Electabuzz|move: Follow Me
|move|p1a: Archaludon|Body Press|p2b: Electabuzz
|-damage|p2b: Electabuzz|0 fnt
|faint|p2b: Electabuzz
|move|p2a: Kingambit|Kowtow Cleave|p1b: Pelipper
|-damage|p1b: Pelipper|0 fnt
|faint|p1b: Pelipper
|
|-weather|RainDance|[upkeep]
|upkeep
|
|t:|1756996061
|switch|p2b: Rillaboom|Rillaboom, L50, F, shiny|100/100
|switch|p1b: Dragonite|Dragonite, L50, M|85/100
|-fieldstart|move: Grassy Terrain|[from] ability: Grassy Surge|[of] p2b: Rillaboom
|turn|7
|
|t:|1756996083
|move|p1b: Dragonite|Protect|p1b: Dragonite
|-singleturn|p1b: Dragonite|Protect
|move|p2b: Rillaboom|Fake Out|p1b: Dragonite
|-activate|p1b: Dragonite|move: Protect
|move|p1a: Archaludon|Body Press|p2a: Kingambit
|-supereffective|p2a: Kingambit
|-damage|p2a: Kingambit|0 fnt
|faint|p2a: Kingambit
|
|-weather|RainDance|[upkeep]
|-heal|p1a: Archaludon|100/100|[from] Grassy Terrain
|upkeep
|
|t:|1756996094
|switch|p2a: Volcarona|Volcarona, L50, M, shiny|100/100
|turn|8
|
|t:|1756996130
|move|p2b: Rillaboom|Grassy Glide|p1b: Dragonite
|-resisted|p1b: Dragonite
|-damage|p1b: Dragonite|75/100
|move|p2a: Volcarona|Quiver Dance|p2a: Volcarona
|-boost|p2a: Volcarona|spa|1
|-boost|p2a: Volcarona|spd|1
|-boost|p2a: Volcarona|spe|1
|move|p1b: Dragonite|Scale Shot|p2b: Rillaboom|[miss]
|-miss|p1b: Dragonite|p2b: Rillaboom
|move|p1a: Archaludon|Body Press|p2a: Volcarona
|-resisted|p2a: Volcarona
|-damage|p2a: Volcarona|34/100
|
|-weather|RainDance|[upkeep]
|-heal|p2a: Volcarona|41/100|[from] Grassy Terrain
|upkeep
|turn|9
|
|t:|1756996150
|move|p2a: Volcarona|Protect|p2a: Volcarona
|-singleturn|p2a: Volcarona|Protect
|move|p1b: Dragonite|Scale Shot|p2a: Volcarona
|-activate|p2a: Volcarona|move: Protect
|move|p1a: Archaludon|Body Press|p2a: Volcarona
|-activate|p2a: Volcarona|move: Protect
|move|p2b: Rillaboom|Wood Hammer|p1b: Dragonite
|-resisted|p1b: Dragonite
|-damage|p1b: Dragonite|54/100
|-damage|p2b: Rillaboom|95/100|[from] Recoil
|
|-weather|RainDance|[upkeep]
|-heal|p2a: Volcarona|47/100|[from] Grassy Terrain
|-heal|p2b: Rillaboom|100/100|[from] Grassy Terrain
|upkeep
|turn|10
|
|t:|1756996166
|move|p2a: Volcarona|Heat Wave|p1a: Archaludon|[spread] p1a
|-miss|p2a: Volcarona|p1b: Dragonite
|-damage|p1a: Archaludon|81/100
|move|p1b: Dragonite|Scale Shot|p2a: Volcarona
|-damage|p2a: Volcarona|28/100
|-damage|p2a: Volcarona|11/100
|-damage|p2a: Volcarona|0 fnt
|faint|p2a: Volcarona
|-hitcount|p2: Volcarona|3
|-unboost|p1b: Dragonite|def|1
|-boost|p1b: Dragonite|spe|1
|move|p1a: Archaludon|Body Press|p2b: Rillaboom
|-damage|p2b: Rillaboom|0 fnt
|faint|p2b: Rillaboom
|
|win|MrPhoenixGC
||ossigt is ready for game 2.
|inactive|MrPhoenixGC has 30 seconds to confirm battle start!
