|j|☆PaquitoelBollito
|j|☆carmelotb
|html|PaquitoelBollitocarmelotb    
|uhtml|bestof|Game 1 of a best-of-3
|t:|1783876598
|gametype|doubles
|player|p1|PaquitoelBollito|102|1099
|player|p2|carmelotb|2|1116
|gen|9
|tier|[Gen 9 Champions] VGC 2026 Reg M-B (Bo3)
|rated|
|rule|Species Clause: Limit one of each Pokémon
|rule|Item Clause: Limit 1 of each item
|clearpoke
|poke|p1|Aerodactyl, L50, F|
|poke|p1|Kingambit, L50, M|
|poke|p1|Garchomp, L50, M|
|poke|p1|Farigiraf, L50, M|
|poke|p1|Charizard, L50, F|
|poke|p1|Sylveon, L50, M|
|poke|p2|Tyranitar, L50, M|
|poke|p2|Rotom-Wash, L50|
|poke|p2|Excadrill, L50, F|
|poke|p2|Typhlosion-Hisui, L50, M|
|poke|p2|Venusaur, L50, F|
|poke|p2|Farigiraf, L50, F|
|teampreview|4
|showteam|p1|Aerodactyl||Aerodactylite|Unnerve|Tailwind,DualWingbeat,IceFang,RockSlide|Jolly||F|||50|]Kingambit||BlackGlasses|Defiant|SuckerPunch,KowtowCleave,Protect,LowKick|Adamant||M|||50|]Garchomp||LifeOrb|RoughSkin|Protect,DragonClaw,Earthquake,StompingTantrum|Jolly||M|||50|]Farigiraf||SitrusBerry|ArmorTail|PsychicFangs,Thunderbolt,TrickRoom,SunnyDay|Relaxed||M|||50|]Charizard||CharizarditeY|Blaze|Protect,HeatWave,WeatherBall,SolarBeam|Modest||F|||50|]Sylveon||FairyFeather|Pixilate|HyperVoice,Protect,QuickAttack,HyperBeam|Modest||M|||50|
|showteam|p2|Tyranitar||Tyranitarite|SandStream|RockSlide,Crunch,Protect,DragonDance|Adamant||M|||50|]Rotom-Wash||Magnet|Levitate|Thunderbolt,VoltSwitch,HydroPump,Protect|Modest|||||50|]Excadrill||FocusSash|SandRush|RockSlide,Earthquake,IronHead,Protect|Adamant||F|||50|]Typhlosion-Hisui||ChoiceScarf|Blaze|Eruption,Flamethrower,ShadowBall,HeatWave|Timid||M|||50|]Venusaur||Venusaurite|Chlorophyll|EarthPower,SludgeBomb,GigaDrain,Protect|Modest||F|||50|]Farigiraf||SitrusBerry|ArmorTail|Psychic,Thunderbolt,TrickRoom,HelpingHand|Modest||F|||50|
|inactive|Battle timer is ON: inactive players will automatically lose when time's up. (requested by carmelotb)
|inactive|PaquitoelBollito also wants the timer to be on.
|inactive|PaquitoelBollito has 60 seconds left.
|
|t:|1783876646
|teamsize|p1|4
|teamsize|p2|4
|start
|switch|p1a: Farigiraf|Farigiraf, L50, M|100/100
|switch|p1b: Garchomp|Garchomp, L50, M|100/100
|switch|p2a: Excadrill|Excadrill, L50, F|100/100
|switch|p2b: Rotom|Rotom-Wash, L50|100/100
|turn|1
|inactive|PaquitoelBollito has 30 seconds left.
|inactive|PaquitoelBollito has 20 seconds left.
|inactive|PaquitoelBollito has 15 seconds left.
|inactive|PaquitoelBollito has 10 seconds left.
|inactive|PaquitoelBollito has 5 seconds left.
|
|t:|1783876700
|move|p1b: Garchomp|Earthquake|p2a: Excadrill|[spread] p1a,p2a
|-immune|p2b: Rotom|[from] ability: Levitate
|-supereffective|p2a: Excadrill|1
|-damage|p1a: Farigiraf|65/100
|-enditem|p2a: Excadrill|Focus Sash
|-damage|p2a: Excadrill|1/100
|-damage|p1b: Garchomp|90/100|[from] item: Life Orb
|move|p2a: Excadrill|Earthquake|p1b: Garchomp|[spread] p1a,p1b
|-immune|p2b: Rotom|[from] ability: Levitate
|-damage|p1a: Farigiraf|29/100
|-damage|p1b: Garchomp|47/100
|-enditem|p1a: Farigiraf|Sitrus Berry|[eat]
|-heal|p1a: Farigiraf|54/100|[from] item: Sitrus Berry
|move|p2b: Rotom|Thunderbolt|p1a: Farigiraf
|-damage|p1a: Farigiraf|12/100
|-status|p1a: Farigiraf|par
|cant|p1a: Farigiraf|par
|
|upkeep
|turn|2
|inactive|PaquitoelBollito has 30 seconds left.
|
|t:|1783876729
|switch|p1a: Charizard|Charizard, L50, F|100/100
|move|p1b: Garchomp|Protect|p1b: Garchomp
|-singleturn|p1b: Garchomp|Protect
|move|p2a: Excadrill|Protect|p2a: Excadrill
|-singleturn|p2a: Excadrill|Protect
|move|p2b: Rotom|Hydro Pump|p1b: Garchomp
|-activate|p1b: Garchomp|move: Protect
|
|upkeep
|turn|3
|
|t:|1783876751
|switch|p2b: Tyranitar|Tyranitar, L50, M|100/100
|-weather|Sandstorm|[from] ability: Sand Stream|[of] p2b: Tyranitar
|detailschange|p1a: Charizard|Charizard-Mega-Y, L50, F
|-mega|p1a: Charizard|Charizard|Charizardite Y
|-weather|SunnyDay|[from] ability: Drought|[of] p1a: Charizard
|move|p1b: Garchomp|Stomping Tantrum|p2a: Excadrill
|-supereffective|p2a: Excadrill|1
|-damage|p2a: Excadrill|0 fnt
|faint|p2a: Excadrill
|-damage|p1b: Garchomp|37/100|[from] item: Life Orb
|move|p1a: Charizard|Heat Wave|p2b: Tyranitar
|-resisted|p2b: Tyranitar|1
|-damage|p2b: Tyranitar|64/100
|
|-weather|SunnyDay|[upkeep]
|upkeep
|
|t:|1783876762
|switch|p2a: Typhlosion|Typhlosion-Hisui, L50, M|100/100
|turn|4
|inactive|PaquitoelBollito has 30 seconds left.
|
|t:|1783876794
|move|p2a: Typhlosion|Eruption|p1b: Garchomp|[spread] p1a,p1b
|-resisted|p1a: Charizard|1
|-resisted|p1b: Garchomp|1
|-damage|p1a: Charizard|60/100
|-damage|p1b: Garchomp|0 fnt
|faint|p1b: Garchomp
|move|p1a: Charizard|Solar Beam||[still]
|-prepare|p1a: Charizard|Solar Beam
|-anim|p1a: Charizard|Solar Beam|p2b: Tyranitar
|-supereffective|p2b: Tyranitar|1
|-damage|p2b: Tyranitar|0 fnt
|faint|p2b: Tyranitar
|
|-weather|SunnyDay|[upkeep]
|upkeep
|
|t:|1783876808
|switch|p1b: Farigiraf|Farigiraf, L50, M|12/100 par
|switch|p2b: Rotom|Rotom-Wash, L50|100/100
|turn|5
|inactive|PaquitoelBollito has 30 seconds left.
|
|t:|1783876834
|move|p2a: Typhlosion|Eruption|p1a: Charizard|[spread] p1a,p1b
|-resisted|p1a: Charizard|1
|-damage|p1a: Charizard|21/100
|-damage|p1b: Farigiraf|0 fnt
|faint|p1b: Farigiraf
|move|p1a: Charizard|Solar Beam||[still]
|-prepare|p1a: Charizard|Solar Beam
|-anim|p1a: Charizard|Solar Beam|p2b: Rotom
|-supereffective|p2b: Rotom|1
|-damage|p2b: Rotom|8/100
|move|p2b: Rotom|Thunderbolt|p1a: Charizard
|-supereffective|p1a: Charizard|1
|-damage|p1a: Charizard|0 fnt
|faint|p1a: Charizard
|
|-weather|SunnyDay|[upkeep]
|upkeep
|
|t:|1783876843
|switch|p1b: Sylveon|Sylveon, L50, M|100/100
|turn|6
|
|t:|1783876852
|move|p2a: Typhlosion|Eruption|p1b: Sylveon
|-damage|p1b: Sylveon|17/100
|move|p2b: Rotom|Thunderbolt|p1b: Sylveon
|-crit|p1b: Sylveon
|-damage|p1b: Sylveon|0 fnt
|faint|p1b: Sylveon
|
|win|carmelotb
