|j|☆Cyclondo3
|j|☆Seanun
|html|Cyclondo3Seanun    
|uhtml|bestof|Game 1 of a best-of-3
|t:|1757789374
|gametype|doubles
|player|p1|Cyclondo3|hilbert|1005
|player|p2|Seanun|iris-gen5bw2|1039
|gen|9
|tier|[Gen 9] VGC 2025 Reg H (Bo3)
|rated|
|rule|Species Clause: Limit one of each Pokémon
|rule|Item Clause: Limit 1 of each item
|clearpoke
|poke|p1|Sableye, L50, M|
|poke|p1|Vivillon, L50, F|
|poke|p1|Rillaboom, L50, M|
|poke|p1|Jolteon, L50, M|
|poke|p1|Sneasler, L50, F|
|poke|p1|Ninetales, L50, F|
|poke|p2|Dragalge, L50, M|
|poke|p2|Morpeko, L50, M|
|poke|p2|Klefki, L50, F|
|poke|p2|Talonflame, L50, M|
|poke|p2|Politoed, L50, M|
|poke|p2|Annihilape, L50, F|
|teampreview|4
|showteam|p1|Sableye||SafetyGoggles|Prankster|Protect,Gravity,Disable,Encore|||M|||50|,,,,,Dark]Vivillon||FocusSash|CompoundEyes|Protect,SleepPowder,StruggleBug,Hurricane|||F|||50|,,,,,Grass]Rillaboom||AssaultVest|GrassySurge|Uturn,FakeOut,KnockOff,GrassyGlide|||M|||50|,,,,,Fire]Jolteon||ChoiceSpecs|QuickFeet|VoltSwitch,Thunderbolt,WeatherBall,TeraBlast|||M|||50|,,,,,Ice]Sneasler||GrassySeed|Unburden|Protect,FakeOut,CloseCombat,GunkShot|||F|||50|,,,,,Dark]Ninetales||CovertCloak|Drought|Protect,NastyPlot,Flamethrower,SolarBeam|||F|||50|,,,,,Grass
|showteam|p2|Dragalge||AssaultVest|Adaptability|DracoMeteor,SludgeWave,Surf,FlipTurn|||M|||50|,,,,,Water]Morpeko||FocusSash|HungerSwitch|FakeOut,AuraWheel,PartingShot,Protect|||M|||50|,,,,,Electric]Klefki||CovertCloak|Prankster|Reflect,LightScreen,TrickRoom,MistyTerrain|||F|||50|,,,,,Dark]Talonflame||SharpBeak|GaleWings|Hurricane,Tailwind,QuickGuard,Uturn|||M|||50|,,,,,Flying]Politoed||SafetyGoggles|Drizzle|WeatherBall,IcyWind,HelpingHand,Protect|||M|||50|,,,,,Grass]Annihilape||ChoiceBand|Defiant|RageFist,CloseCombat,PoisonJab,IcePunch|||F|||50|,,,,,Fairy
|inactive|Battle timer is ON: inactive players will automatically lose when time's up. (requested by Seanun)
|c|☆Cyclondo3|Glhf
|c|☆Seanun|glhf ^^
|inactive|Seanun has 60 seconds left.
|
|t:|1757789429
|teamsize|p1|4
|teamsize|p2|4
|start
|switch|p1a: Jolteon|Jolteon, L50, M|100/100
|switch|p1b: Vivillon|Vivillon, L50, F|100/100
|switch|p2a: :p|Morpeko, L50, M, shiny|100/100
|switch|p2b: Sióg|Klefki, L50, F, shiny|100/100
|turn|1
|inactive|Cyclondo3 has 30 seconds left.
|inactive|Cyclondo3 has 20 seconds left.
|inactive|Cyclondo3 has 15 seconds left.
|inactive|Cyclondo3 has 10 seconds left.
|
|t:|1757789475
|move|p2b: Sióg|Misty Terrain|p2b: Sióg
|-fieldstart|move: Misty Terrain
|move|p1a: Jolteon|Volt Switch|p2b: Sióg
|-damage|p2b: Sióg|46/100
|
|t:|1757789481
|switch|p1a: Rillaboom|Rillaboom, L50, M|100/100|[from] Volt Switch
|-fieldstart|move: Grassy Terrain|[from] ability: Grassy Surge|[of] p1a: Rillaboom
|move|p1b: Vivillon|Sleep Powder|p2a: :p
|-status|p2a: :p|slp|[from] move: Sleep Powder
|cant|p2a: :p|slp
|
|-heal|p2b: Sióg|52/100|[from] Grassy Terrain
|-formechange|p2a: :p|Morpeko-Hangry||[from] ability: Hunger Switch
|upkeep
|turn|2
|
|t:|1757789497
|move|p1a: Rillaboom|Fake Out|p2b: Sióg
|-resisted|p2b: Sióg
|-damage|p2b: Sióg|46/100
|move|p2b: Sióg|Misty Terrain|p2b: Sióg
|-fieldstart|move: Misty Terrain
|move|p1b: Vivillon|Hurricane|p2b: Sióg
|-resisted|p2b: Sióg
|-damage|p2b: Sióg|19/100
|cant|p2a: :p|slp
|
|-formechange|p2a: :p|Morpeko||[from] ability: Hunger Switch
|upkeep
|turn|3
|
|t:|1757789517
|switch|p2b: Nyoka-Joka|Dragalge, L50, M|100/100
|move|p1b: Vivillon|Hurricane|p2a: :p
|-resisted|p2a: :p
|-damage|p2a: :p|52/100 slp
|-curestatus|p2a: :p|slp|[msg]
|move|p2a: :p|Parting Shot|p1a: Rillaboom
|-unboost|p1a: Rillaboom|atk|1
|-unboost|p1a: Rillaboom|spa|1
|
|t:|1757789531
|switch|p2a: Sióg|Klefki, L50, F, shiny|19/100|[from] Parting Shot
|move|p1a: Rillaboom|Grassy Glide|p2b: Nyoka-Joka
|-resisted|p2b: Nyoka-Joka
|-damage|p2b: Nyoka-Joka|93/100
|
|upkeep
|turn|4
|inactive|Cyclondo3 has 30 seconds left.
|inactive|Seanun has 30 seconds left.
|
|t:|1757789566
|switch|p1b: Jolteon|Jolteon, L50, M|100/100
|switch|p1a: Sneasler|Sneasler, L50, F|100/100
|move|p2b: Nyoka-Joka|Sludge Wave|p1a: Sneasler|[spread] p1a,p1b
|-immune|p2a: Sióg
|-resisted|p1a: Sneasler
|-damage|p1a: Sneasler|70/100
|-damage|p1b: Jolteon|46/100
|move|p2a: Sióg|Trick Room|p2a: Sióg
|-fieldstart|move: Trick Room|[of] p2a: Sióg
|
|upkeep
|turn|5
|inactive|Cyclondo3 has 30 seconds left.
|
|t:|1757789596
|move|p1a: Sneasler|Fake Out|p2b: Nyoka-Joka
|-damage|p2b: Nyoka-Joka|73/100
|move|p2a: Sióg|Light Screen|p2a: Sióg
|-sidestart|p2: Seanun|move: Light Screen
|cant|p2b: Nyoka-Joka|flinch
|move|p1b: Jolteon|Volt Switch|p2a: Sióg
|-damage|p2a: Sióg|0 fnt
|faint|p2a: Sióg
|
|t:|1757789607
|switch|p1b: Rillaboom|Rillaboom, L50, M|100/100|[from] Volt Switch
|-fieldstart|move: Grassy Terrain|[from] ability: Grassy Surge|[of] p1b: Rillaboom
|-enditem|p1a: Sneasler|Grassy Seed
|-boost|p1a: Sneasler|def|1|[from] item: Grassy Seed
|
|-heal|p2b: Nyoka-Joka|79/100|[from] Grassy Terrain
|-heal|p1a: Sneasler|76/100|[from] Grassy Terrain
|upkeep
|
|t:|1757789609
|switch|p2a: :p|Morpeko, L50, M, shiny|52/100
|turn|6
|
|t:|1757789625
|move|p2a: :p|Fake Out|p1b: Rillaboom
|-damage|p1b: Rillaboom|89/100
|move|p2b: Nyoka-Joka|Sludge Wave|p1a: Sneasler|[spread] p2a,p1a,p1b
|-resisted|p1a: Sneasler
|-supereffective|p1b: Rillaboom
|-damage|p2a: :p|0 fnt
|-damage|p1a: Sneasler|46/100
|-damage|p1b: Rillaboom|24/100
|faint|p2a: :p
|cant|p1b: Rillaboom|flinch
|move|p1a: Sneasler|Close Combat|p2b: Nyoka-Joka
|-resisted|p2b: Nyoka-Joka
|-damage|p2b: Nyoka-Joka|38/100
|-unboost|p1a: Sneasler|def|1
|-unboost|p1a: Sneasler|spd|1
|
|-heal|p2b: Nyoka-Joka|44/100|[from] Grassy Terrain
|-heal|p1b: Rillaboom|29/100|[from] Grassy Terrain
|-heal|p1a: Sneasler|51/100|[from] Grassy Terrain
|upkeep
|
|t:|1757789630
|switch|p2a: Politoed|Politoed, L50, M|100/100
|-weather|RainDance|[from] ability: Drizzle|[of] p2a: Politoed
|turn|7
|
|t:|1757789650
|move|p2a: Politoed|Protect|p2a: Politoed
|-singleturn|p2a: Politoed|Protect
|move|p1a: Sneasler|Protect|p1a: Sneasler
|-singleturn|p1a: Sneasler|Protect
|move|p1b: Rillaboom|Grassy Glide|p2a: Politoed
|-activate|p2a: Politoed|move: Protect
|move|p2b: Nyoka-Joka|Sludge Wave|p1a: Sneasler|[spread] p1b
|-activate|p2a: Politoed|move: Protect
|-activate|p1a: Sneasler|move: Protect
|-supereffective|p1b: Rillaboom
|-damage|p1b: Rillaboom|0 fnt
|faint|p1b: Rillaboom
|
|-weather|RainDance|[upkeep]
|-heal|p2b: Nyoka-Joka|49/100|[from] Grassy Terrain
|-heal|p1a: Sneasler|57/100|[from] Grassy Terrain
|upkeep
|
|t:|1757789654
|switch|p1b: Vivillon|Vivillon, L50, F|100/100
|turn|8
|
|t:|1757789676
|-terastallize|p2b: Nyoka-Joka|Water
|move|p1b: Vivillon|Protect|p1b: Vivillon
|-singleturn|p1b: Vivillon|Protect
|move|p1a: Sneasler|Protect||[still]
|-fail|p1a: Sneasler
|move|p2b: Nyoka-Joka|Surf|p1b: Vivillon|[spread] p2a,p1a
|-activate|p1b: Vivillon|move: Protect
|-resisted|p2a: Politoed
|-damage|p2a: Politoed|86/100
|-damage|p1a: Sneasler|0 fnt
|faint|p1a: Sneasler
|move|p2a: Politoed|Icy Wind|p1b: Vivillon
|-activate|p1b: Vivillon|move: Protect
|
|-weather|RainDance|[upkeep]
|-heal|p2b: Nyoka-Joka|55/100|[from] Grassy Terrain
|-heal|p2a: Politoed|92/100|[from] Grassy Terrain
|-fieldend|move: Trick Room
|upkeep
|
|t:|1757789686
|switch|p1a: Jolteon|Jolteon, L50, M|46/100
|turn|9
|inactive|Cyclondo3 has 30 seconds left.
|
|t:|1757789717
|move|p1a: Jolteon|Thunderbolt|p2a: Politoed
|-supereffective|p2a: Politoed
|-damage|p2a: Politoed|41/100
|move|p1b: Vivillon|Sleep Powder|p2b: Nyoka-Joka
|-status|p2b: Nyoka-Joka|slp|[from] move: Sleep Powder
|move|p2a: Politoed|Icy Wind|p1b: Vivillon|[spread] p1a,p1b
|-supereffective|p1b: Vivillon
|-damage|p1a: Jolteon|35/100
|-damage|p1b: Vivillon|67/100
|-unboost|p1a: Jolteon|spe|1
|-unboost|p1b: Vivillon|spe|1
|cant|p2b: Nyoka-Joka|slp
|
|-weather|RainDance|[upkeep]
|-heal|p1a: Jolteon|40/100|[from] Grassy Terrain
|-heal|p2a: Politoed|47/100|[from] Grassy Terrain
|-heal|p2b: Nyoka-Joka|61/100 slp|[from] Grassy Terrain
|-sideend|p2: Seanun|move: Light Screen
|-fieldend|move: Grassy Terrain
|upkeep
|turn|10
|
|t:|1757789734
|move|p1a: Jolteon|Thunderbolt|p2a: Politoed
|-supereffective|p2a: Politoed
|-damage|p2a: Politoed|0 fnt
|faint|p2a: Politoed
|move|p1b: Vivillon|Struggle Bug|p2b: Nyoka-Joka
|-damage|p2b: Nyoka-Joka|49/100 slp
|-unboost|p2b: Nyoka-Joka|spa|1
|cant|p2b: Nyoka-Joka|slp
|
|-weather|RainDance|[upkeep]
|upkeep
|turn|11
|
|t:|1757789749
|move|p1a: Jolteon|Thunderbolt|p2b: Nyoka-Joka
|-supereffective|p2b: Nyoka-Joka
|-damage|p2b: Nyoka-Joka|0 fnt
|faint|p2b: Nyoka-Joka
|
|win|Cyclondo3
||Cyclondo3 is ready for game 2.
|inactive|Seanun has 30 seconds to confirm battle start!
|l|☆Seanun
|player|p2|
||Seanun is ready for game 2.
|uhtml|next|Next: Game 2 of 3
