|j|☆ctg01
|j|☆PITOU ET TIGROU
|html|ctg01PITOU ET TIGROU    
|uhtml|bestof|Game 1 of a best-of-3
|t:|1783265817
|gametype|doubles
|player|p1|ctg01|blue|1109
|player|p2|PITOU ET TIGROU|cynthia-gen4|1000
|gen|9
|tier|[Gen 9 Champions] VGC 2026 Reg M-B (Bo3)
|rated|
|rule|Species Clause: Limit one of each Pokémon
|rule|Item Clause: Limit 1 of each item
|clearpoke
|poke|p1|Charizard, L50, F|
|poke|p1|Staraptor, L50, M|
|poke|p1|Garchomp, L50, F|
|poke|p1|Basculegion, L50, M|
|poke|p1|Whimsicott, L50, F|
|poke|p1|Kingambit, L50, F, shiny|
|poke|p2|Raichu, L50, M|
|poke|p2|Jolteon, L50, M|
|poke|p2|Archaludon, L50, M|
|poke|p2|Pelipper, L50, F|
|poke|p2|Basculegion, L50, M|
|poke|p2|Swampert, L50, M|
|teampreview|4
|showteam|p1|Charizard||CharizarditeY|Blaze|HeatWave,Overheat,SolarBeam,Protect|Timid||F|||50|]Staraptor||Staraptite|Intimidate|CloseCombat,BraveBird,Roost,Protect|Jolly||M|||50|]Garchomp||LifeOrb|RoughSkin|DragonClaw,Earthquake,RockSlide,Protect|Jolly||F|||50|]Basculegion||ChoiceScarf|Adaptability|WaveCrash,LastRespects,FlipTurn,AquaJet|Jolly||M|||50|]Whimsicott||FocusSash|Prankster|Moonblast,Charm,Tailwind,Encore|Timid||F|||50|]Kingambit||ChopleBerry|Defiant|KowtowCleave,SuckerPunch,IronHead,Protect|Adamant||F|||50|
|showteam|p2|Raichu||RaichuniteX|Static|RisingVoltage,FakeOut,GrassKnot,Nuzzle|Hasty||M|||50|]Jolteon||LifeOrb|QuickFeet|RisingVoltage,VoltSwitch,ShadowBall,Electroweb|Timid||M|||50|]Archaludon||Magnet|Sturdy|ElectroShot,DracoMeteor,SteelBeam,Protect|Timid||M|||50|]Pelipper||SitrusBerry|Drizzle|WeatherBall,Tailwind,Hurricane,WideGuard|Modest||F|||50|]Basculegion||ChoiceScarf|Adaptability|LastRespects,AquaJet,WaveCrash,FlipTurn|Jolly||M|||50|]Swampert||Swampertite|Damp|Earthquake,WaveCrash,IcePunch,Protect|Adamant||M|||50|
|inactive|Battle timer is ON: inactive players will automatically lose when time's up. (requested by PITOU ET TIGROU)
|inactive|ctg01 also wants the timer to be on.
|c|☆ctg01|salut
|inactive|PITOU ET TIGROU has 60 seconds left.
|inactive|ctg01 has 60 seconds left.
|
|t:|1783265871
|teamsize|p1|4
|teamsize|p2|4
|start
|switch|p1a: Staraptor|Staraptor, L50, M|100/100
|switch|p1b: Whimsicott|Whimsicott, L50, F|100/100
|switch|p2a: Raichu|Raichu, L50, M|100/100
|switch|p2b: Jolteon|Jolteon, L50, M|100/100
|-ability|p1a: Staraptor|Intimidate|boost
|-unboost|p2a: Raichu|atk|1
|-unboost|p2b: Jolteon|atk|1
|turn|1
|inactive|ctg01 has 30 seconds left.
|
|t:|1783265897
|detailschange|p2a: Raichu|Raichu-Mega-X, L50, M
|-mega|p2a: Raichu|Raichu|Raichunite X
|-fieldstart|move: Electric Terrain|[from] ability: Electric Surge|[of] p2a: Raichu
|detailschange|p1a: Staraptor|Staraptor-Mega, L50, M
|-mega|p1a: Staraptor|Staraptor|Staraptite
|move|p1a: Staraptor|Protect|p1a: Staraptor
|-singleturn|p1a: Staraptor|Protect
|move|p2a: Raichu|Fake Out|p1b: Whimsicott
|-damage|p1b: Whimsicott|88/100
|cant|p1b: Whimsicott|flinch
|move|p2b: Jolteon|Rising Voltage|p1a: Staraptor
|-activate|p1a: Staraptor|move: Protect
|
|upkeep
|turn|2
|inactive|PITOU ET TIGROU has 30 seconds left.
|
|t:|1783265927
|switch|p2a: Pelipper|Pelipper, L50, F|100/100
|-weather|RainDance|[from] ability: Drizzle|[of] p2a: Pelipper
|move|p1b: Whimsicott|Tailwind|p1b: Whimsicott
|-sidestart|p1: ctg01|move: Tailwind
|move|p1a: Staraptor|Close Combat|p2b: Jolteon
|-damage|p2b: Jolteon|0 fnt
|-boost|p1a: Staraptor|def|1
|-boost|p1a: Staraptor|spd|1
|faint|p2b: Jolteon
|
|-weather|RainDance|[upkeep]
|upkeep
|
|t:|1783265937
|switch|p2b: Raichu|Raichu-Mega-X, L50, M|100/100
|turn|3
|
|t:|1783265952
|move|p2b: Raichu|Fake Out|p1a: Staraptor
|-damage|p1a: Staraptor|92/100
|move|p1b: Whimsicott|Charm|p1a: Staraptor
|-boost|p1a: Staraptor|atk|2
|cant|p1a: Staraptor|flinch
|move|p2a: Pelipper|Hurricane|p1a: Staraptor
|-supereffective|p1a: Staraptor|1
|-damage|p1a: Staraptor|28/100
|
|-weather|RainDance|[upkeep]
|upkeep
|turn|4
|
|t:|1783265968
|move|p1b: Whimsicott|Encore|p2b: Raichu
|-start|p2b: Raichu|Encore
|move|p2b: Raichu|Fake Out||[still]
|-hint|Fake Out only works on your first turn out.
|-fail|p2b: Raichu
|move|p1a: Staraptor|Roost|p1a: Staraptor
|-heal|p1a: Staraptor|79/100
|-singleturn|p1a: Staraptor|move: Roost
|move|p2a: Pelipper|Hurricane|p1a: Staraptor
|-supereffective|p1a: Staraptor|1
|-damage|p1a: Staraptor|8/100
|
|-weather|RainDance|[upkeep]
|upkeep
|turn|5
|
|t:|1783265984
|switch|p2b: Archaludon|Archaludon, L50, M|100/100
|move|p1b: Whimsicott|Moonblast|p2a: Pelipper
|-damage|p2a: Pelipper|51/100
|move|p1a: Staraptor|Close Combat|p2a: Pelipper
|-resisted|p2a: Pelipper|1
|-damage|p2a: Pelipper|0 fnt
|-boost|p1a: Staraptor|def|1
|-boost|p1a: Staraptor|spd|1
|faint|p2a: Pelipper
|
|-weather|RainDance|[upkeep]
|-sideend|p1: ctg01|move: Tailwind
|-fieldend|move: Electric Terrain
|upkeep
|
|t:|1783265991
|switch|p2a: Raichu|Raichu-Mega-X, L50, M|100/100
|-fieldstart|move: Electric Terrain|[from] ability: Electric Surge|[of] p2a: Raichu
|turn|6
|
|t:|1783266005
|move|p1a: Staraptor|Protect|p1a: Staraptor
|-singleturn|p1a: Staraptor|Protect
|move|p2a: Raichu|Fake Out|p1a: Staraptor
|-activate|p1a: Staraptor|move: Protect
|move|p1b: Whimsicott|Tailwind|p1b: Whimsicott
|-sidestart|p1: ctg01|move: Tailwind
|move|p2b: Archaludon|Electro Shot||[still]
|-prepare|p2b: Archaludon|Electro Shot
|-boost|p2b: Archaludon|spa|1
|-anim|p2b: Archaludon|Electro Shot|p1a: Staraptor
|-activate|p1a: Staraptor|move: Protect
|
|-weather|none
|upkeep
|turn|7
|c|☆ctg01|gg1
|
|t:|1783266021
|move|p1b: Whimsicott|Encore|p2a: Raichu
|-start|p2a: Raichu|Encore
|move|p2a: Raichu|Fake Out||[still]
|-hint|Fake Out only works on your first turn out.
|-fail|p2a: Raichu
|move|p1a: Staraptor|Close Combat|p2b: Archaludon
|-supereffective|p2b: Archaludon|1
|-ability|p2b: Archaludon|Sturdy
|-damage|p2b: Archaludon|1/100
|-boost|p1a: Staraptor|def|1
|-boost|p1a: Staraptor|spd|1
|move|p2b: Archaludon|Electro Shot||[still]
|-prepare|p2b: Archaludon|Electro Shot
|-boost|p2b: Archaludon|spa|1
|
|upkeep
|turn|8
|-message|PITOU ET TIGROU forfeited.
|
|win|ctg01
