|j|☆maxspeedincineroar
|j|☆sedrav
|html|maxspeedincineroarsedrav    
|uhtml|bestof|Game 3 of a best-of-3
|t:|1785784390
|gametype|doubles
|player|p1|maxspeedincineroar|169|1222
|player|p2|sedrav|hilbert|1230
|gen|9
|tier|[Gen 9 Champions] VGC 2026 Reg M-B (Bo3)
|rated|
|rule|Species Clause: Limit one of each Pokémon
|rule|Item Clause: Limit 1 of each item
|clearpoke
|poke|p1|Pelipper, L50, M|
|poke|p1|Archaludon, L50, F, shiny|
|poke|p1|Charizard, L50, F|
|poke|p1|Venusaur, L50, M|
|poke|p1|Basculegion, L50, M|
|poke|p1|Grimmsnarl, L50, M|
|poke|p2|Tyranitar, L50, M|
|poke|p2|Excadrill, L50, M|
|poke|p2|Milotic, L50, M|
|poke|p2|Sinistcha, L50|
|poke|p2|Staraptor, L50, F|
|poke|p2|Gholdengo, L50|
|teampreview|4
|showteam|p1|Pelipper||SitrusBerry|Drizzle|WeatherBall,Hurricane,Tailwind,WideGuard|Modest||M|||50|]Archaludon||Leftovers|Stamina|Protect,DragonPulse,FlashCannon,ElectroShot|Modest||F|||50|]Charizard||CharizarditeY|Blaze|Protect,WeatherBall,HeatWave,Hurricane|Modest||F|||50|]Venusaur||FocusSash|Chlorophyll|Protect,LeafStorm,SludgeBomb,SleepPowder|Modest||M|||50|]Basculegion||ChoiceScarf|Adaptability|WaveCrash,FlipTurn,LastRespects,AquaJet|Jolly||M|||50|]Grimmsnarl||LightClay|Prankster|SpiritBreak,PartingShot,Reflect,LightScreen|Careful||M|||50|
|showteam|p2|Tyranitar||Tyranitarite|SandStream|KnockOff,RockSlide,LowKick,Protect|Jolly||M|||50|]Excadrill||FocusSash|SandRush|HighHorsepower,IronHead,RockSlide,Protect|Adamant||M|||50|]Milotic||SitrusBerry|Competitive|Scald,Haze,IceBeam,Protect|Bold||M|||50|]Sinistcha||ColburBerry|Hospitality|MatchaGotcha,ShadowBall,Protect,RagePowder|Bold|||||50|]Staraptor||Staraptite|Intimidate|CloseCombat,BraveBird,Tailwind,Protect|Jolly||F|||50|]Gholdengo||LifeOrb|GoodasGold|MakeItRain,ShadowBall,NastyPlot,Protect|Modest|||||50|
|inactive|Battle timer is ON: inactive players will automatically lose when time's up. (requested by sedrav)
|inactive|sedrav has 60 seconds left.
|inactive|sedrav has 30 seconds left.
|inactive|sedrav has 20 seconds left.
|inactive|sedrav has 15 seconds left.
|
|t:|1785784470
|teamsize|p1|4
|teamsize|p2|4
|start
|switch|p1a: Venusaur|Venusaur, L50, M|100/100
|switch|p1b: Charizard|Charizard, L50, F|100/100
|switch|p2a: Milotic|Milotic, L50, M|100/100
|switch|p2b: Staraptor|Staraptor, L50, F|100/100
|-ability|p2b: Staraptor|Intimidate|boost
|-unboost|p1a: Venusaur|atk|1
|-unboost|p1b: Charizard|atk|1
|turn|1
|
|t:|1785784494
|detailschange|p1b: Charizard|Charizard-Mega-Y, L50, F
|-mega|p1b: Charizard|Charizard|Charizardite Y
|-weather|SunnyDay|[from] ability: Drought|[of] p1b: Charizard
|move|p2b: Staraptor|Protect|p2b: Staraptor
|-singleturn|p2b: Staraptor|Protect
|move|p1a: Venusaur|Sleep Powder|p2a: Milotic
|-status|p2a: Milotic|slp|[from] move: Sleep Powder
|move|p1b: Charizard|Heat Wave|p2b: Staraptor|[spread] p2a
|-activate|p2b: Staraptor|move: Protect
|-resisted|p2a: Milotic|1
|-damage|p2a: Milotic|77/100 slp
|cant|p2a: Milotic|slp
|
|-weather|SunnyDay|[upkeep]
|upkeep
|turn|2
|inactive|maxspeedincineroar has 30 seconds left.
|inactive|sedrav has 30 seconds left.
|inactive|maxspeedincineroar has 20 seconds left.
|inactive|maxspeedincineroar has 15 seconds left.
|inactive|sedrav has 20 seconds left.
|inactive|sedrav has 15 seconds left.
|
|t:|1785784545
|switch|p2b: Sinistcha|Sinistcha, L50|100/100
|-heal|p2a: Milotic|100/100 slp|[from] ability: Hospitality|[of] p2b: Sinistcha
|switch|p2a: Tyranitar|Tyranitar, L50, M|100/100
|-weather|Sandstorm|[from] ability: Sand Stream|[of] p2a: Tyranitar
|move|p1b: Charizard|Heat Wave|p2b: Sinistcha|[spread] p2a,p2b
|-resisted|p2a: Tyranitar|1
|-supereffective|p2b: Sinistcha|1
|-damage|p2a: Tyranitar|88/100
|-damage|p2b: Sinistcha|21/100
|-status|p2b: Sinistcha|brn
|move|p1a: Venusaur|Sludge Bomb|p2b: Sinistcha
|-damage|p2b: Sinistcha|0 fnt
|faint|p2b: Sinistcha
|
|-weather|Sandstorm|[upkeep]
|-damage|p1b: Charizard|94/100|[from] Sandstorm
|-damage|p1a: Venusaur|94/100|[from] Sandstorm
|upkeep
|
|t:|1785784565
|switch|p2b: Staraptor|Staraptor, L50, F|100/100
|-ability|p2b: Staraptor|Intimidate|boost
|-unboost|p1a: Venusaur|atk|1
|-unboost|p1b: Charizard|atk|1
|turn|3
|
|t:|1785784584
|switch|p1a: Archaludon|Archaludon, L50, F, shiny|100/100
|detailschange|p2b: Staraptor|Staraptor-Mega, L50, F
|-mega|p2b: Staraptor|Staraptor|Staraptite
|move|p1b: Charizard|Protect|p1b: Charizard
|-singleturn|p1b: Charizard|Protect
|move|p2b: Staraptor|Close Combat|p1a: Archaludon
|-supereffective|p1a: Archaludon|1
|-damage|p1a: Archaludon|8/100
|-boost|p2b: Staraptor|def|1
|-boost|p2b: Staraptor|spd|1
|-ability|p1a: Archaludon|Stamina|boost
|-boost|p1a: Archaludon|def|1
|move|p2a: Tyranitar|Knock Off|p1b: Charizard
|-activate|p1b: Charizard|move: Protect
|
|-weather|Sandstorm|[upkeep]
|-damage|p2b: Staraptor|94/100|[from] Sandstorm
|-damage|p1b: Charizard|88/100|[from] Sandstorm
|-heal|p1a: Archaludon|15/100|[from] item: Leftovers
|upkeep
|turn|4
|inactive|maxspeedincineroar has 30 seconds left.
|inactive|sedrav has 30 seconds left.
|
|t:|1785784624
|switch|p1b: Pelipper|Pelipper, L50, M|100/100
|-weather|RainDance|[from] ability: Drizzle|[of] p1b: Pelipper
|switch|p2a: Milotic|Milotic, L50, M|100/100 slp
|move|p2b: Staraptor|Close Combat|p1a: Archaludon
|-supereffective|p1a: Archaludon|1
|-damage|p1a: Archaludon|0 fnt
|-boost|p2b: Staraptor|def|1
|-boost|p2b: Staraptor|spd|1
|faint|p1a: Archaludon
|
|-weather|RainDance|[upkeep]
|upkeep
|
|t:|1785784633
|switch|p1a: Venusaur|Venusaur, L50, M|94/100
|turn|5
|inactive|maxspeedincineroar has 30 seconds left.
|
|t:|1785784662
|switch|p1b: Charizard|Charizard-Mega-Y, L50, F|88/100
|-weather|SunnyDay|[from] ability: Drought|[of] p1b: Charizard
|move|p2b: Staraptor|Protect|p2b: Staraptor
|-singleturn|p2b: Staraptor|Protect
|move|p1a: Venusaur|Sleep Powder|p2b: Staraptor
|-activate|p2b: Staraptor|move: Protect
|-curestatus|p2a: Milotic|slp|[msg]
|move|p2a: Milotic|Ice Beam|p1a: Venusaur
|-supereffective|p1a: Venusaur|1
|-damage|p1a: Venusaur|38/100
|
|-weather|SunnyDay|[upkeep]
|upkeep
|turn|6
|inactive|sedrav has 30 seconds left.
|
|t:|1785784693
|switch|p1a: Pelipper|Pelipper, L50, M|100/100
|-weather|RainDance|[from] ability: Drizzle|[of] p1a: Pelipper
|switch|p2a: Tyranitar|Tyranitar, L50, M|88/100
|-weather|Sandstorm|[from] ability: Sand Stream|[of] p2a: Tyranitar
|move|p2b: Staraptor|Brave Bird|p1a: Pelipper
|-damage|p1a: Pelipper|36/100
|-enditem|p1a: Pelipper|Sitrus Berry|[eat]
|-heal|p1a: Pelipper|61/100|[from] item: Sitrus Berry
|-damage|p2b: Staraptor|75/100|[from] Recoil
|move|p1b: Charizard|Hurricane|p2b: Staraptor|[miss]
|-miss|p1b: Charizard|p2b: Staraptor
|
|-weather|Sandstorm|[upkeep]
|-damage|p2b: Staraptor|70/100|[from] Sandstorm
|-damage|p1b: Charizard|82/100|[from] Sandstorm
|-damage|p1a: Pelipper|55/100|[from] Sandstorm
|upkeep
|turn|7
|inactive|maxspeedincineroar has 30 seconds left.
|inactive|maxspeedincineroar has 20 seconds left.
|
|t:|1785784730
|move|p1a: Pelipper|Wide Guard|p1a: Pelipper
|-singleturn|p1a: Pelipper|Wide Guard
|move|p2b: Staraptor|Brave Bird|p1a: Pelipper
|-damage|p1a: Pelipper|0 fnt
|faint|p1a: Pelipper
|-damage|p2b: Staraptor|54/100|[from] Recoil
|move|p1b: Charizard|Hurricane|p2b: Staraptor|[miss]
|-miss|p1b: Charizard|p2b: Staraptor
|move|p2a: Tyranitar|Knock Off|p1b: Charizard
|-damage|p1b: Charizard|47/100
|
|-weather|Sandstorm|[upkeep]
|-damage|p2b: Staraptor|48/100|[from] Sandstorm
|-damage|p1b: Charizard|41/100|[from] Sandstorm
|upkeep
|-message|maxspeedincineroar forfeited.
|
|win|sedrav
|raw|maxspeedincineroar's rating: 1222 → 1198(-24 for losing)
|raw|sedrav's rating: 1230 → 1254(+24 for winning)
|l|☆maxspeedincineroar
|player|p1|
|c|☆sedrav|ggs
