|j|☆imrealafdbn
|j|☆wodaiogien
|html|imrealafdbnwodaiogien    
|uhtml|bestof|Game 3 of a best-of-3
|t:|1782245435
|gametype|doubles
|player|p1|imrealafdbn|101|1060
|player|p2|wodaiogien|265|1053
|gen|9
|tier|[Gen 9 Champions] VGC 2026 Reg M-B (Bo3)
|rated|
|rule|Species Clause: Limit one of each Pokémon
|rule|Item Clause: Limit 1 of each item
|clearpoke
|poke|p1|Charizard, L50, M, shiny|
|poke|p1|Sneasler, L50, F|
|poke|p1|Malamar, L50, F, shiny|
|poke|p1|Toxapex, L50, M, shiny|
|poke|p1|Incineroar, L50, F|
|poke|p1|Ninetales-Alola, L50, M|
|poke|p2|Ninetales-Alola, L50, F|
|poke|p2|Raichu, L50, M|
|poke|p2|Basculegion, L50, M|
|poke|p2|Incineroar, L50, M|
|poke|p2|Venusaur, L50, F|
|poke|p2|Farigiraf, L50, F|
|teampreview|4
|showteam|p1|Charizard||CharizarditeY|Blaze|HeatWave,WeatherBall,SolarBeam,Protect|Timid||M|||50|]Sneasler||WhiteHerb|Unburden|DireClaw,CloseCombat,FakeOut,Protect|Jolly||F|||50|]Malamar||Malamarite|Contrary|Superpower,RockSlide,KnockOff,Protect|Adamant||F|||50|]Toxapex||Leftovers|Regenerator|Toxic,Infestation,WideGuard,BanefulBunker|Calm||M|||50|]Incineroar||SitrusBerry|Intimidate|FakeOut,FlareBlitz,PartingShot,ThroatChop|Careful||F|||50|]Ninetales-Alola||FocusSash|SnowWarning|Blizzard,Moonblast,AuroraVeil,Protect|Timid||M|||50|
|showteam|p2|Ninetales-Alola||FocusSash|SnowWarning|Blizzard,FreezeDry,Encore,Protect|Timid||F|||50|]Raichu||RaichuniteY|LightningRod|ZapCannon,FocusBlast,FakeOut,Protect|Timid||M|||50|]Basculegion||LifeOrb|Adaptability|WaveCrash,AquaJet,LastRespects,Protect|Adamant||M|||50|]Incineroar||ShucaBerry|Intimidate|FlareBlitz,PartingShot,FakeOut,Taunt|Careful||M|||50|]Venusaur||Venusaurite|Overgrow|SludgeBomb,GigaDrain,EarthPower,Protect|Modest||F|||50|]Farigiraf||SitrusBerry|ArmorTail|TwinBeam,TrickRoom,HelpingHand,Protect|Relaxed||F|||50|
|inactive|Battle timer is ON: inactive players will automatically lose when time's up. (requested by wodaiogien)
|
|t:|1782245466
|teamsize|p1|4
|teamsize|p2|4
|start
|switch|p1a: Malamar|Malamar, L50, F, shiny|100/100
|switch|p1b: Incineroar|Incineroar, L50, F|100/100
|switch|p2a: Raichu|Raichu, L50, M|100/100
|switch|p2b: Farigiraf|Farigiraf, L50, F|100/100
|-ability|p1b: Incineroar|Intimidate|boost
|-unboost|p2a: Raichu|atk|1
|-unboost|p2b: Farigiraf|atk|1
|turn|1
|
|t:|1782245489
|switch|p2b: Basculegion|Basculegion, L50, M|100/100
|detailschange|p2a: Raichu|Raichu-Mega-Y, L50, M
|-mega|p2a: Raichu|Raichu|Raichunite Y
|move|p2a: Raichu|Fake Out|p1b: Incineroar
|-damage|p1b: Incineroar|94/100
|move|p1a: Malamar|Superpower|p2a: Raichu
|-damage|p2a: Raichu|39/100
|-boost|p1a: Malamar|atk|1
|-boost|p1a: Malamar|def|1
|cant|p1b: Incineroar|flinch
|
|upkeep
|turn|2
|
|t:|1782245505
|switch|p2a: Incineroar|Incineroar, L50, M|100/100
|-ability|p2a: Incineroar|Intimidate|boost
|-boost|p1a: Malamar|atk|1
|-unboost|p1b: Incineroar|atk|1
|move|p1a: Malamar|Protect|p1a: Malamar
|-singleturn|p1a: Malamar|Protect
|move|p2b: Basculegion|Wave Crash|p1b: Incineroar
|-supereffective|p1b: Incineroar|1
|-damage|p1b: Incineroar|0 fnt
|faint|p1b: Incineroar
|-damage|p2b: Basculegion|70/100|[from] Recoil
|-damage|p2b: Basculegion|60/100|[from] item: Life Orb
|
|upkeep
|
|t:|1782245509
|switch|p1b: Sneasler|Sneasler, L50, F|100/100
|turn|3
|inactive|wodaiogien has 30 seconds left.
|inactive|wodaiogien has 20 seconds left.
|inactive|wodaiogien has 15 seconds left.
|inactive|wodaiogien has 10 seconds left.
|
|t:|1782245556
|switch|p2b: Farigiraf|Farigiraf, L50, F|100/100
|move|p2a: Incineroar|Fake Out|p1a: Malamar
|-damage|p1a: Malamar|90/100
|move|p1b: Sneasler|Dire Claw|p2a: Incineroar
|-damage|p2a: Incineroar|62/100
|-status|p2a: Incineroar|psn
|cant|p1a: Malamar|flinch
|
|-damage|p2a: Incineroar|50/100g psn|[from] psn
|upkeep
|turn|4
|inactive|imrealafdbn has 30 seconds left.
|inactive|wodaiogien has 30 seconds left.
|
|t:|1782245589
|switch|p2a: Basculegion|Basculegion, L50, M|60/100
|move|p1b: Sneasler|Protect|p1b: Sneasler
|-singleturn|p1b: Sneasler|Protect
|move|p1a: Malamar|Knock Off|p2a: Basculegion
|-supereffective|p2a: Basculegion|1
|-damage|p2a: Basculegion|0 fnt
|-enditem|p2a: Basculegion|Life Orb|[from] move: Knock Off|[of] p1a: Malamar
|faint|p2a: Basculegion
|move|p2b: Farigiraf|Twin Beam|p1b: Sneasler
|-activate|p1b: Sneasler|move: Protect
|
|upkeep
|
|t:|1782245601
|switch|p2a: Raichu|Raichu-Mega-Y, L50, M|39/100
|turn|5
|
|t:|1782245613
|move|p1a: Malamar|Protect|p1a: Malamar
|-singleturn|p1a: Malamar|Protect
|move|p2a: Raichu|Fake Out|p1a: Malamar
|-activate|p1a: Malamar|move: Protect
|move|p1b: Sneasler|Close Combat|p2a: Raichu
|-damage|p2a: Raichu|0 fnt
|-unboost|p1b: Sneasler|def|1
|-unboost|p1b: Sneasler|spd|1
|faint|p2a: Raichu
|-enditem|p1b: Sneasler|White Herb
|-clearnegativeboost|p1b: Sneasler|[silent]
|move|p2b: Farigiraf|Twin Beam|p1b: Sneasler
|-supereffective|p1b: Sneasler|2
|-damage|p1b: Sneasler|15/100
|-supereffective|p1b: Sneasler|2
|-damage|p1b: Sneasler|0 fnt
|faint|p1b: Sneasler
|-hitcount|p1: Sneasler|2
|
|upkeep
|
|t:|1782245626
|switch|p2a: Incineroar|Incineroar, L50, M|50/100g psn
|switch|p1b: Charizard|Charizard, L50, M, shiny|100/100
|-ability|p2a: Incineroar|Intimidate|boost
|-boost|p1a: Malamar|atk|1
|-unboost|p1b: Charizard|atk|1
|turn|6
|-message|wodaiogien forfeited.
|
|win|imrealafdbn
|raw|imrealafdbn's rating: 1060 → 1090(+30 for winning)
|raw|wodaiogien's rating: 1053 → 1035(-18 for losing)
