|j|☆Picoti
|j|☆ToastedArt
|html|PicotiToastedArt    
|uhtml|bestof|Game 2 of a best-of-3
|t:|1785636789
|gametype|doubles
|player|p1|Picoti|170|1100
|player|p2|ToastedArt|iris|1105
|gen|9
|tier|[Gen 9 Champions] VGC 2026 Reg M-B (Bo3)
|rated|
|rule|Species Clause: Limit one of each Pokémon
|rule|Item Clause: Limit 1 of each item
|clearpoke
|poke|p1|Araquanid, L50, F|
|poke|p1|Farigiraf, L50, M|
|poke|p1|Camerupt, L50, F|
|poke|p1|Heliolisk, L50, M|
|poke|p1|Victreebel, L50, M|
|poke|p1|Mimikyu, L50, M|
|poke|p2|Staraptor, L50, M|
|poke|p2|Gholdengo, L50|
|poke|p2|Incineroar, L50, F|
|poke|p2|Sinistcha, L50|
|poke|p2|Arcanine-Hisui, L50, F|
|poke|p2|Ninetales-Alola, L50, M|
|teampreview|4
|showteam|p1|Araquanid||MysticWater|WaterBubble|WideGuard,Liquidation,LeechLife,Protect|Brave||F|||50|]Farigiraf||SitrusBerry|ArmorTail|TwinBeam,Thunderbolt,TrickRoom,Protect|Calm||M|||50|]Camerupt||Cameruptite|MagmaArmor|HeatWave,AncientPower,EarthPower,Protect|Quiet||F|||50|]Heliolisk||IronBall|DrySkin|DragonPulse,AllySwitch,Thunderbolt,Protect|Quiet||M|||50|]Victreebel||Victreebelite|Chlorophyll|SludgeBomb,EnergyBall,SleepPowder,StrengthSap|Modest||M|||50|]Mimikyu||MentalHerb|Disguise|ShadowClaw,TrickRoom,DrainPunch,PlayRough|Brave||M|||50|
|showteam|p2|Staraptor||Staraptite|Intimidate|CloseCombat,DualWingbeat,Tailwind,Protect|Jolly||M|||50|]Gholdengo||LifeOrb|GoodasGold|MakeItRain,ShadowBall,NastyPlot,Protect|Modest|||||50|]Incineroar||SitrusBerry|Intimidate|PartingShot,FlareBlitz,ThroatChop,FakeOut|Careful||F|||50|]Sinistcha||ColburBerry|Hospitality|MatchaGotcha,RagePowder,TrickRoom,Protect|Relaxed|||||50|]Arcanine-Hisui||FocusSash|RockHead|FlareBlitz,HeadSmash,ExtremeSpeed,Protect|Jolly||F|||50|]Ninetales-Alola||NeverMeltIce|SnowWarning|Blizzard,FreezeDry,Encore,Protect|Timid||M|||50|
|inactive|Battle timer is ON: inactive players will automatically lose when time's up. (requested by ToastedArt)
|
|t:|1785636812
|teamsize|p1|4
|teamsize|p2|4
|start
|switch|p1a: Mimikyu|Mimikyu, L50, M|100/100
|switch|p1b: Camerupt|Camerupt, L50, F|100/100
|switch|p2a: Staraptor|Staraptor, L50, M|100/100
|switch|p2b: Incineroar|Incineroar, L50, F|100/100
|-ability|p2a: Staraptor|Intimidate|boost
|-unboost|p1a: Mimikyu|atk|1
|-unboost|p1b: Camerupt|atk|1
|-ability|p2b: Incineroar|Intimidate|boost
|-unboost|p1a: Mimikyu|atk|1
|-unboost|p1b: Camerupt|atk|1
|turn|1
|
|t:|1785636827
|detailschange|p2a: Staraptor|Staraptor-Mega, L50, M
|-mega|p2a: Staraptor|Staraptor|Staraptite
|detailschange|p1b: Camerupt|Camerupt-Mega, L50, F
|-mega|p1b: Camerupt|Camerupt|Cameruptite
|move|p1b: Camerupt|Protect|p1b: Camerupt
|-singleturn|p1b: Camerupt|Protect
|move|p2a: Staraptor|Close Combat|p1b: Camerupt
|-activate|p1b: Camerupt|move: Protect
|move|p2b: Incineroar|Parting Shot|p2a: Staraptor
|-boost|p2a: Staraptor|atk|1
|-boost|p2a: Staraptor|spa|1
|
|t:|1785636833
|switch|p2b: Sinistcha|Sinistcha, L50|100/100|[from] Parting Shot
|move|p1a: Mimikyu|Trick Room|p1a: Mimikyu
|-fieldstart|move: Trick Room|[of] p1a: Mimikyu
|
|upkeep
|turn|2
|
|t:|1785636849
|move|p1b: Camerupt|Heat Wave|p2b: Sinistcha|[spread] p2a,p2b
|-supereffective|p2b: Sinistcha|1
|-damage|p2a: Staraptor|34/100
|-damage|p2b: Sinistcha|2/100
|move|p1a: Mimikyu|Shadow Claw|p2b: Sinistcha
|-supereffective|p2b: Sinistcha|1
|-damage|p2b: Sinistcha|0 fnt
|faint|p2b: Sinistcha
|move|p2a: Staraptor|Close Combat|p1b: Camerupt
|-damage|p1b: Camerupt|7/100
|-boost|p2a: Staraptor|def|1
|-boost|p2a: Staraptor|spd|1
|
|upkeep
|
|t:|1785636863
|switch|p2b: Incineroar|Incineroar, L50, F|100/100
|-ability|p2b: Incineroar|Intimidate|boost
|-unboost|p1a: Mimikyu|atk|1
|-unboost|p1b: Camerupt|atk|1
|turn|3
|
|t:|1785636880
|move|p2b: Incineroar|Fake Out|p1b: Camerupt
|-damage|p1b: Camerupt|0 fnt
|faint|p1b: Camerupt
|move|p1a: Mimikyu|Play Rough|p2a: Staraptor
|-supereffective|p2a: Staraptor|1
|-damage|p2a: Staraptor|14/100
|move|p2a: Staraptor|Dual Wingbeat|p1a: Mimikyu|[miss]
|-miss|p2a: Staraptor|p1a: Mimikyu
|
|upkeep
|
|t:|1785636887
|switch|p1b: Farigiraf|Farigiraf, L50, M|100/100
|turn|4
|
|t:|1785636900
|switch|p1a: Araquanid|Araquanid, L50, F|100/100
|move|p2a: Staraptor|Protect|p2a: Staraptor
|-singleturn|p2a: Staraptor|Protect
|move|p1b: Farigiraf|Twin Beam|p2a: Staraptor
|-activate|p2a: Staraptor|move: Protect
|move|p2b: Incineroar|Parting Shot|p1b: Farigiraf
|-unboost|p1b: Farigiraf|atk|1
|-unboost|p1b: Farigiraf|spa|1
|
|t:|1785636909
|switch|p2b: Gholdengo|Gholdengo, L50|100/100|[from] Parting Shot
|
|upkeep
|turn|5
|
|t:|1785636923
|move|p2a: Staraptor|Protect|p2a: Staraptor
|-singleturn|p2a: Staraptor|Protect
|move|p1a: Araquanid|Liquidation|p2b: Gholdengo
|-damage|p2b: Gholdengo|16/100
|move|p1b: Farigiraf|Thunderbolt|p2a: Staraptor
|-activate|p2a: Staraptor|move: Protect
|move|p2b: Gholdengo|Nasty Plot|p2b: Gholdengo
|-boost|p2b: Gholdengo|spa|2
|
|-fieldend|move: Trick Room
|upkeep
|turn|6
|
|t:|1785636938
|move|p1a: Araquanid|Wide Guard|p1a: Araquanid
|-singleturn|p1a: Araquanid|Wide Guard
|move|p2a: Staraptor|Dual Wingbeat|p1b: Farigiraf
|-damage|p1b: Farigiraf|77/100
|-damage|p1b: Farigiraf|52/100
|-hitcount|p1b: Farigiraf|2
|move|p2b: Gholdengo|Shadow Ball|p1a: Araquanid
|-damage|p1a: Araquanid|10/100
|-unboost|p1a: Araquanid|spd|1
|-damage|p2b: Gholdengo|6/100|[from] item: Life Orb
|move|p1b: Farigiraf|Twin Beam|p2a: Staraptor
|-supereffective|p2a: Staraptor|1
|-crit|p2a: Staraptor
|-damage|p2a: Staraptor|0 fnt
|faint|p2a: Staraptor
|-hitcount|p2: Staraptor|1
|
|upkeep
|
|t:|1785636947
|switch|p2a: Incineroar|Incineroar, L50, F|100/100
|-ability|p2a: Incineroar|Intimidate|boost
|-unboost|p1a: Araquanid|atk|1
|-unboost|p1b: Farigiraf|atk|1
|turn|7
|
|t:|1785636956
|switch|p1a: Mimikyu|Mimikyu, L50, M|100/100
|move|p2b: Gholdengo|Shadow Ball|p1a: Mimikyu
|-activate|p1a: Mimikyu|ability: Disguise
|-damage|p1a: Mimikyu|100/100
|detailschange|p1a: Mimikyu|Mimikyu-Busted, L50, M
|-damage|p1a: Mimikyu|87/100|[from] pokemon: Mimikyu-Busted
|-damage|p2b: Gholdengo|0 fnt|[from] item: Life Orb
|faint|p2b: Gholdengo
|move|p2a: Incineroar|Throat Chop|p1b: Farigiraf
|-supereffective|p1b: Farigiraf|1
|-damage|p1b: Farigiraf|0 fnt
|faint|p1b: Farigiraf
|
|upkeep
|
|t:|1785636966
|switch|p1b: Araquanid|Araquanid, L50, F|10/100
|turn|8
|
|t:|1785636979
|move|p1b: Araquanid|Protect|p1b: Araquanid
|-singleturn|p1b: Araquanid|Protect
|move|p1a: Mimikyu|Drain Punch|p2a: Incineroar
|-supereffective|p2a: Incineroar|1
|-damage|p2a: Incineroar|52/100
|-heal|p1a: Mimikyu|100/100|[from] drain|[of] p2a: Incineroar
|move|p2a: Incineroar|Flare Blitz|p1a: Mimikyu
|-damage|p1a: Mimikyu|40/100
|-damage|p2a: Incineroar|36/100|[from] Recoil
|-enditem|p2a: Incineroar|Sitrus Berry|[eat]
|-heal|p2a: Incineroar|61/100|[from] item: Sitrus Berry
|
|upkeep
|turn|9
|
|t:|1785636991
|move|p1a: Mimikyu|Drain Punch|p2a: Incineroar
|-supereffective|p2a: Incineroar|1
|-damage|p2a: Incineroar|15/100
|-heal|p1a: Mimikyu|69/100|[from] drain|[of] p2a: Incineroar
|move|p2a: Incineroar|Throat Chop|p1b: Araquanid
|-damage|p1b: Araquanid|0 fnt
|faint|p1b: Araquanid
|
|upkeep
|turn|10
|
|t:|1785636998
|move|p1a: Mimikyu|Drain Punch|p2a: Incineroar
|-supereffective|p2a: Incineroar|1
|-damage|p2a: Incineroar|0 fnt
|-heal|p1a: Mimikyu|79/100|[from] drain|[of] p2a: Incineroar
|faint|p2a: Incineroar
|
|win|Picoti
|raw|Picoti's rating: 1100 → 1125(+25 for winning)
|raw|ToastedArt's rating: 1105 → 1080(-25 for losing)
