|j|☆The Elemelons
|j|☆teslobo
|html|The Elemelonsteslobo    
|uhtml|bestof|Game 2 of a best-of-3
|t:|1783102040
|gametype|doubles
|player|p1|The Elemelons|marlon|
|player|p2|teslobo|norman|
|gen|9
|tier|[Gen 9 Champions] VGC 2026 Reg M-B (Bo3)
|rule|Species Clause: Limit one of each Pokémon
|rule|Item Clause: Limit 1 of each item
|clearpoke
|poke|p1|Grimmsnarl, L50, M|
|poke|p1|Swampert, L50, M|
|poke|p1|Pelipper, L50, M|
|poke|p1|Archaludon, L50, M|
|poke|p1|Sinistcha, L50|
|poke|p1|Metagross, L50|
|poke|p2|Floette-Eternal, L50, F|
|poke|p2|Charizard, L50, M|
|poke|p2|Whimsicott, L50, F|
|poke|p2|Garchomp, L50, M|
|poke|p2|Basculegion, L50, M|
|poke|p2|Kingambit, L50, M|
|teampreview|4
|showteam|p1|Grimmsnarl||LightClay|Prankster|FoulPlay,PartingShot,Reflect,LightScreen|Calm||M|||50|]Swampert||Swampertite|Damp|WaveCrash,Earthquake,IcePunch,Protect|Adamant||M|||50|]Pelipper||SitrusBerry|Drizzle|Hurricane,WeatherBall,Tailwind,WideGuard|Modest||M|||50|]Archaludon||Leftovers|Stamina|ElectroShot,DragonPulse,FlashCannon,Protect|Modest||M|||50|]Sinistcha||CobaBerry|Hospitality|MatchaGotcha,RagePowder,TrickRoom,Protect|Relaxed|||||50|]Metagross||Metagrossite|ClearBody|IronHead,PsychicFangs,BodyPress,Protect|Jolly|||||50|
|showteam|p2|Floette-Eternal||Floettite|FlowerVeil|Moonblast,DazzlingGleam,LightofRuin,Protect|Modest||F|||50|]Charizard||CharizarditeY|Blaze|HeatWave,WeatherBall,SolarBeam,Protect|Modest||M|||50|]Whimsicott||FocusSash|Prankster|Moonblast,Encore,Tailwind,Protect|Timid||F|||50|]Garchomp||LifeOrb|RoughSkin|DragonClaw,StompingTantrum,Protect,RockSlide|Jolly||M|||50|]Basculegion||MysticWater|Adaptability|WaveCrash,LastRespects,AquaJet,Protect|Adamant||M|||50|]Kingambit||OccaBerry|Defiant|KowtowCleave,IronHead,SuckerPunch,Protect|Adamant||M|||50|
|c|☆The Elemelons|one sec
|c|☆The Elemelons|32+ SpA Charizard-Mega-Y Weather Ball (100 BP Water) vs. 32 HP / 28 SpD Archaludon in Rain on a critical hit: 87-103 (44.1 - 52.2%) -- 21.5% chance to 2HKO
|c|☆The Elemelons|it would've killed
|
|t:|1783102126
|teamsize|p1|4
|teamsize|p2|4
|start
|switch|p1a: Grimmsnarl|Grimmsnarl, L50, M|100/100
|switch|p1b: Swampert|Swampert, L50, M|100/100
|switch|p2a: Floette|Floette-Eternal, L50, F|100/100
|switch|p2b: Whimsicott|Whimsicott, L50, F|100/100
|turn|1
|c|☆The Elemelons|crit weather ball had like a 75% chance to kill
|
|t:|1783102191
|detailschange|p2a: Floette|Floette-Mega, L50, F
|-mega|p2a: Floette|Floette|Floettite
|-ability|p2a: Floette|Fairy Aura
|detailschange|p1b: Swampert|Swampert-Mega, L50, M
|-mega|p1b: Swampert|Swampert|Swampertite
|move|p1b: Swampert|Protect|p1b: Swampert
|-singleturn|p1b: Swampert|Protect
|move|p2b: Whimsicott|Tailwind|p2b: Whimsicott
|-sidestart|p2: teslobo|move: Tailwind
|move|p1a: Grimmsnarl|Light Screen|p1a: Grimmsnarl
|-sidestart|p1: The Elemelons|move: Light Screen
|move|p2a: Floette|Light of Ruin|p1b: Swampert
|-activate|p1b: Swampert|move: Protect
|
|upkeep
|turn|2
|c|☆The Elemelons|32+ SpA Charizard-Mega-Y Weather Ball (100 BP Water) vs. 32 HP / 28 SpD Archaludon in Rain on a critical hit: 87-103 (44.1 - 52.2%) -- 56.3% chance to OHKO
|c|☆The Elemelons|56
|c|☆The Elemelons|close enough
|
|t:|1783102231
|move|p2b: Whimsicott|Encore|p1b: Swampert
|-start|p1b: Swampert|Encore
|move|p1b: Swampert|Protect||[still]
|-fail|p1b: Swampert
|move|p1a: Grimmsnarl|Parting Shot|p2a: Floette
|-unboost|p2a: Floette|atk|1
|-unboost|p2a: Floette|spa|1
|
|t:|1783102240
|switch|p1a: Archaludon|Archaludon, L50, M|100/100|[from] Parting Shot
|move|p2a: Floette|Dazzling Gleam|p1a: Archaludon|[spread] p1a,p1b
|-damage|p1a: Archaludon|80/100
|-damage|p1b: Swampert|79/100
|-ability|p1a: Archaludon|Stamina|boost
|-boost|p1a: Archaludon|def|1
|
|-heal|p1a: Archaludon|86/100|[from] item: Leftovers
|upkeep
|turn|3
|c|☆The Elemelons|what im about to do either works or doesnt
|c|☆The Elemelons|here goes
|
|t:|1783102277
|switch|p2a: Garchomp|Garchomp, L50, M|100/100
|switch|p1b: Grimmsnarl|Grimmsnarl, L50, M|100/100
|move|p2b: Whimsicott|Moonblast|p1b: Grimmsnarl
|-supereffective|p1b: Grimmsnarl|1
|-damage|p1b: Grimmsnarl|59/100
|move|p1a: Archaludon|Dragon Pulse|p2a: Garchomp
|-supereffective|p2a: Garchomp|1
|-damage|p2a: Garchomp|13/100
|
|-heal|p1a: Archaludon|92/100|[from] item: Leftovers
|upkeep
|turn|4
|c|☆The Elemelons|LMAOOOOO
|
|t:|1783102299
|move|p1a: Archaludon|Protect|p1a: Archaludon
|-singleturn|p1a: Archaludon|Protect
|move|p2b: Whimsicott|Moonblast|p1b: Grimmsnarl
|-supereffective|p1b: Grimmsnarl|1
|-damage|p1b: Grimmsnarl|21/100
|move|p2a: Garchomp|Stomping Tantrum|p1b: Grimmsnarl
|-crit|p1b: Grimmsnarl
|-damage|p1b: Grimmsnarl|0 fnt
|faint|p1b: Grimmsnarl
|-damage|p2a: Garchomp|3/100|[from] item: Life Orb
|
|-heal|p1a: Archaludon|98/100|[from] item: Leftovers
|-sideend|p2: teslobo|move: Tailwind
|upkeep
|
|t:|1783102308
|switch|p1b: Swampert|Swampert-Mega, L50, M|79/100
|turn|5
|c|☆The Elemelons|crit totally mattered
|
|t:|1783102326
|switch|p1a: Pelipper|Pelipper, L50, M|100/100
|-weather|RainDance|[from] ability: Drizzle|[of] p1a: Pelipper
|move|p2b: Whimsicott|Tailwind|p2b: Whimsicott
|-sidestart|p2: teslobo|move: Tailwind
|move|p2a: Garchomp|Dragon Claw|p1b: Swampert
|-damage|p1b: Swampert|34/100
|-damage|p2a: Garchomp|0 fnt|[from] item: Life Orb
|faint|p2a: Garchomp
|move|p1b: Swampert|Earthquake|p2b: Whimsicott|[spread] p2b
|-immune|p1a: Pelipper
|-resisted|p2b: Whimsicott|1
|-damage|p2b: Whimsicott|62/100
|
|-weather|RainDance|[upkeep]
|upkeep
|c|☆The Elemelons|trust
|c|☆The Elemelons|oh right
|c|☆The Elemelons|lorb
|
|t:|1783102357
|switch|p2a: Floette|Floette-Mega, L50, F|100/100
|-ability|p2a: Floette|Fairy Aura
|turn|6
|
|t:|1783102376
|move|p1a: Pelipper|Wide Guard|p1a: Pelipper
|-singleturn|p1a: Pelipper|Wide Guard
|move|p2b: Whimsicott|Moonblast|p1a: Pelipper
|-damage|p1a: Pelipper|59/100
|move|p2a: Floette|Moonblast|p1b: Swampert
|-damage|p1b: Swampert|0 fnt
|faint|p1b: Swampert
|
|-weather|RainDance|[upkeep]
|upkeep
|
|t:|1783102398
|switch|p1b: Archaludon|Archaludon, L50, M|98/100
|turn|7
|
|t:|1783102410
|move|p2b: Whimsicott|Encore|p1a: Pelipper
|-start|p1a: Pelipper|Encore
|move|p1a: Pelipper|Wide Guard|p1a: Pelipper
|-singleturn|p1a: Pelipper|Wide Guard
|move|p2a: Floette|Moonblast|p1b: Archaludon
|-damage|p1b: Archaludon|51/100
|-ability|p1b: Archaludon|Stamina|boost
|-boost|p1b: Archaludon|def|1
|move|p1b: Archaludon|Flash Cannon|p2b: Whimsicott
|-supereffective|p2b: Whimsicott|1
|-damage|p2b: Whimsicott|0 fnt
|faint|p2b: Whimsicott
|
|-weather|RainDance|[upkeep]
|-heal|p1b: Archaludon|57/100|[from] item: Leftovers
|upkeep
|
|t:|1783102425
|switch|p2b: Basculegion|Basculegion, L50, M|100/100
|turn|8
|
|t:|1783102451
|move|p1a: Pelipper|Wide Guard|p1a: Pelipper
|-singleturn|p1a: Pelipper|Wide Guard
|move|p2a: Floette|Light of Ruin|p1b: Archaludon
|-damage|p1b: Archaludon|0 fnt
|faint|p1b: Archaludon
|-damage|p2a: Floette|63/100|[from] Recoil
|move|p2b: Basculegion|Last Respects|p1a: Pelipper
|-damage|p1a: Pelipper|0 fnt
|faint|p1a: Pelipper
|
|win|teslobo
||The Elemelons is ready for game 3.
|inactive|teslobo has 30 seconds to confirm battle start!
||teslobo is ready for game 3.
|uhtml|next|Next: Game 3 of 3
|l|☆The Elemelons
|player|p1|
