|j|☆hungry hillo
|j|☆khe7marak
|html|hungry hillokhe7marak    
|uhtml|bestof|Game 1 of a best-of-3
|t:|1757180992
|gametype|doubles
|player|p1|hungry hillo|n|
|player|p2|khe7marak|gardenia|
|gen|9
|tier|[Gen 9] VGC 2025 Reg H (Bo3)
|rule|Species Clause: Limit one of each Pokémon
|rule|Item Clause: Limit 1 of each item
|clearpoke
|poke|p1|Kingambit, L50, M|
|poke|p1|Electabuzz, L50, M|
|poke|p1|Ursaluna-Bloodmoon, L50, M|
|poke|p1|Incineroar, L50, F|
|poke|p1|Whimsicott, L50, F|
|poke|p1|Annihilape, L50, M|
|poke|p2|Kilowattrel, L50, M|
|poke|p2|Ursaluna, L50, F|
|poke|p2|Incineroar, L50, F|
|poke|p2|Porygon2, L50|
|poke|p2|Gholdengo, L50|
|poke|p2|Amoonguss, L50, M|
|teampreview|4
|showteam|p1|Kingambit||BlackGlasses|Defiant|SuckerPunch,KowtowCleave,SwordsDance,Protect|||M|||50|,,,,,Dark]Electabuzz||Eviolite|VitalSpirit|Thunderbolt,FollowMe,Taunt,HelpingHand|||M|||50|,,,,,Ghost]Ursaluna-Bloodmoon||LifeOrb|MindsEye|EarthPower,BloodMoon,HyperVoice,Protect|||M|||50|,,,,,Normal]Incineroar||AssaultVest|Intimidate|KnockOff,FlareBlitz,Uturn,FakeOut|||F|||50|,,,,,Bug]Whimsicott||CovertCloak|Prankster|Tailwind,BeatUp,Moonblast,Encore|||F|||50|,,,,,Dragon]Annihilape||SafetyGoggles|Defiant|RageFist,DrainPunch,BulkUp,Protect|||M|||50|,,,,,Fire
|showteam|p2|Kilowattrel||FocusSash|Competitive|Thunderbolt,AirSlash,Tailwind,Protect|||M|||50|,,,,,Ghost]Ursaluna||FlameOrb|Guts|Protect,Facade,HeadlongRush,Earthquake|||F|||50|,,,,,Ghost]Incineroar||SafetyGoggles|Intimidate|KnockOff,FlareBlitz,PartingShot,FakeOut|||F|||50|,,,,,Water]Porygon2||Eviolite|Download|TeraBlast,IceBeam,TrickRoom,Recover||||||50|,,,,,Fighting]Gholdengo||LifeOrb|GoodasGold|MakeItRain,ShadowBall,NastyPlot,Protect||||||50|,,,,,Water]Amoonguss||SitrusBerry|Regenerator|Spore,PollenPuff,RagePowder,Protect|||M|||50|,,,,,Water
|inactive|Battle timer is ON: inactive players will automatically lose when time's up. (requested by khe7marak)
|inactive|hungry hillo has 60 seconds left.
|inactive|khe7marak has 60 seconds left.
|inactive|hungry hillo has 30 seconds left.
|inactive|hungry hillo has 20 seconds left.
|inactive|hungry hillo has 15 seconds left.
|inactive|hungry hillo has 10 seconds left.
|
|t:|1757181074
|teamsize|p1|4
|teamsize|p2|4
|start
|switch|p1a: Bumble bee|Electabuzz, L50, M|100/100
|switch|p1b: Annihilape|Annihilape, L50, M|100/100
|switch|p2a: Kilowattrel|Kilowattrel, L50, M|100/100
|switch|p2b: Ursaluna|Ursaluna, L50, F|100/100
|turn|1
|inactiveoff|Battle timer is now OFF.
|
|t:|1757181106
|move|p2a: Kilowattrel|Tailwind|p2a: Kilowattrel
|-sidestart|p2: khe7marak|move: Tailwind
|move|p2b: Ursaluna|Earthquake|p1a: Bumble bee|[spread] p1a,p1b
|-immune|p2a: Kilowattrel
|-supereffective|p1a: Bumble bee
|-damage|p1a: Bumble bee|15/100
|-damage|p1b: Annihilape|60/100
|move|p1a: Bumble bee|Taunt|p2a: Kilowattrel
|-start|p2a: Kilowattrel|move: Taunt
|move|p1b: Annihilape|Bulk Up|p1b: Annihilape
|-boost|p1b: Annihilape|atk|1
|-boost|p1b: Annihilape|def|1
|
|-status|p2b: Ursaluna|brn|[from] item: Flame Orb
|upkeep
|turn|2
|j| Okknd
|
|t:|1757181147
|switch|p2a: Gholdengo|Gholdengo, L50|100/100
|move|p1b: Annihilape|Protect|p1b: Annihilape
|-singleturn|p1b: Annihilape|Protect
|move|p2b: Ursaluna|Headlong Rush|p1b: Annihilape
|-activate|p1b: Annihilape|move: Protect
|move|p1a: Bumble bee|Thunderbolt|p2a: Gholdengo
|-crit|p2a: Gholdengo
|-damage|p2a: Gholdengo|55/100
|
|-damage|p2b: Ursaluna|95/100 brn|[from] brn
|upkeep
|turn|3
|l| Okknd
|
|t:|1757181166
|move|p1a: Bumble bee|Follow Me|p1a: Bumble bee
|-singleturn|p1a: Bumble bee|move: Follow Me
|move|p2a: Gholdengo|Make It Rain|p1a: Bumble bee|[spread] p1a,p1b
|-resisted|p1a: Bumble bee
|-damage|p1a: Bumble bee|0 fnt
|-damage|p1b: Annihilape|0 fnt
|-unboost|p2a: Gholdengo|spa|1
|faint|p1a: Bumble bee
|faint|p1b: Annihilape
|-damage|p2a: Gholdengo|45/100|[from] item: Life Orb
|move|p2b: Ursaluna|Headlong Rush|p1: Bumble bee|[notarget]
|-fail|p2b: Ursaluna
|
|-damage|p2b: Ursaluna|89/100 brn|[from] brn
|upkeep
|
|t:|1757181173
|switch|p1a: Incineroar|Incineroar, L50, F|100/100
|switch|p1b: lion|Ursaluna-Bloodmoon, L50, M|100/100
|-ability|p1a: Incineroar|Intimidate|boost
|-unboost|p2a: Gholdengo|atk|1
|-unboost|p2b: Ursaluna|atk|1
|turn|4
|
|t:|1757181190
|switch|p2a: Kilowattrel|Kilowattrel, L50, M|100/100
|-terastallize|p2b: Ursaluna|Ghost
|-terastallize|p1a: Incineroar|Bug
|move|p1b: lion|Protect|p1b: lion
|-singleturn|p1b: lion|Protect
|move|p2b: Ursaluna|Earthquake|p1a: Incineroar|[spread] p1a
|-activate|p1b: lion|move: Protect
|-immune|p2a: Kilowattrel
|-resisted|p1a: Incineroar
|-damage|p1a: Incineroar|84/100
|move|p1a: Incineroar|Knock Off|p2a: Kilowattrel
|-damage|p2a: Kilowattrel|20/100
|-enditem|p2a: Kilowattrel|Focus Sash|[from] move: Knock Off|[of] p1a: Incineroar
|
|-damage|p2b: Ursaluna|83/100 brn|[from] brn
|-sideend|p2: khe7marak|move: Tailwind
|upkeep
|turn|5
|
|t:|1757181226
|move|p2a: Kilowattrel|Air Slash|p1a: Incineroar
|-supereffective|p1a: Incineroar
|-damage|p1a: Incineroar|39/100
|move|p1b: lion|Hyper Voice|p2a: Kilowattrel|[spread] p2a,p2b
|-damage|p2a: Kilowattrel|0 fnt
|-damage|p2b: Ursaluna|38/100 brn
|faint|p2a: Kilowattrel
|-damage|p1b: lion|91/100|[from] item: Life Orb
|move|p1a: Incineroar|Knock Off|p2b: Ursaluna
|-supereffective|p2b: Ursaluna
|-damage|p2b: Ursaluna|0 fnt
|-enditem|p2b: Ursaluna|Flame Orb|[from] move: Knock Off|[of] p1a: Incineroar
|faint|p2b: Ursaluna
|
|upkeep
|
|t:|1757181236
|switch|p2a: Porygon2|Porygon2, L50, shiny|100/100
|switch|p2b: Gholdengo|Gholdengo, L50|45/100
|-ability|p2a: Porygon2|Download|boost
|-boost|p2a: Porygon2|spa|1
|turn|6
|
|t:|1757181289
|move|p1b: lion|Protect|p1b: lion
|-singleturn|p1b: lion|Protect
|move|p2b: Gholdengo|Make It Rain|p1b: lion|[spread] p1a
|-activate|p1b: lion|move: Protect
|-damage|p1a: Incineroar|0 fnt
|-unboost|p2b: Gholdengo|spa|1
|faint|p1a: Incineroar
|-damage|p2b: Gholdengo|36/100|[from] item: Life Orb
|move|p2a: Porygon2|Tera Blast|p1b: lion
|-activate|p1b: lion|move: Protect
|
|upkeep
|turn|7
|
|t:|1757181306
|move|p2b: Gholdengo|Make It Rain|p1b: lion
|-damage|p1b: lion|11/100
|-unboost|p2b: Gholdengo|spa|1
|-damage|p2b: Gholdengo|26/100|[from] item: Life Orb
|move|p1b: lion|Hyper Voice|p2a: Porygon2|[spread] p2a,p2b
|-resisted|p2b: Gholdengo
|-damage|p2a: Porygon2|68/100
|-damage|p2b: Gholdengo|0 fnt
|faint|p2b: Gholdengo
|-damage|p1b: lion|1/100|[from] item: Life Orb
|move|p2a: Porygon2|Ice Beam|p1b: lion
|-supereffective|p1b: lion
|-damage|p1b: lion|0 fnt
|faint|p1b: lion
|
|win|khe7marak
|inactive|hungry hillo has 30 seconds to confirm battle start!
|inactive|khe7marak has 30 seconds to confirm battle start!
||hungry hillo is ready for game 2.
||khe7marak is ready for game 2.
|uhtml|next|Next: Game 2 of 3
