|j|☆faux ugarte
|j|☆lazarett
|html|faux ugartelazarett    
|uhtml|bestof|Game 2 of a best-of-3
|t:|1757744858
|gametype|doubles
|player|p1|faux ugarte|medium|1255
|player|p2|lazarett|riley|1319
|gen|9
|tier|[Gen 9] VGC 2025 Reg H (Bo3)
|rated|
|rule|Species Clause: Limit one of each Pokémon
|rule|Item Clause: Limit 1 of each item
|clearpoke
|poke|p1|Typhlosion-Hisui, L50, M|
|poke|p1|Kingambit, L50, F|
|poke|p1|Jumpluff, L50, M|
|poke|p1|Torkoal, L50, F|
|poke|p1|Dragonite, L50, M|
|poke|p1|Garchomp, L50, F|
|poke|p2|Annihilape, L50, F|
|poke|p2|Dragonite, L50, F|
|poke|p2|Gholdengo, L50|
|poke|p2|Porygon2, L50|
|poke|p2|Ursaluna, L50, M|
|poke|p2|Incineroar, L50, F|
|teampreview|4
|showteam|p1|Typhlosion-Hisui||ChoiceSpecs|Blaze|Eruption,HeatWave,ShadowBall,Overheat|||M|||50|,,,,,Fire]Kingambit||AssaultVest|Defiant|SuckerPunch,Assurance,IronHead,LowKick|||F|||50|,,,,,Flying]Jumpluff||CovertCloak|Chlorophyll|LeafStorm,SleepPowder,Tailwind,Encore|||M|||50|,,,,,Poison]Torkoal||EjectPack|Drought|Overheat,BurningJealousy,HelpingHand,Protect|||F|||50|,,,,,Flying]Dragonite||LoadedDice|Multiscale|ScaleShot,ExtremeSpeed,IceSpinner,Protect|||M|||50|,,,,,Fairy]Garchomp||LifeOrb|RoughSkin|DragonClaw,Earthquake,StompingTantrum,Protect|||F|||50|,,,,,Fire
|showteam|p2|Annihilape||FocusSash|Defiant|RageFist,CloseCombat,Taunt,FinalGambit|||F|||50|,,,,,Dark]Dragonite||LoadedDice|Multiscale|ScaleShot,Haze,Tailwind,Protect|||F|||50|,,,,,Ghost]Gholdengo||LifeOrb|GoodasGold|MakeItRain,ShadowBall,NastyPlot,Protect||||||50|,,,,,Water]Porygon2||Eviolite|Download|IceBeam,TeraBlast,Recover,TrickRoom||||||50|,,,,,Fighting]Ursaluna||FlameOrb|Guts|Facade,Earthquake,HeadlongRush,Protect|||M|||50|,,,,,Ghost]Incineroar||SafetyGoggles|Intimidate|FakeOut,KnockOff,FlareBlitz,PartingShot|||F|||50|,,,,,Ghost
|inactive|Battle timer is ON: inactive players will automatically lose when time's up. (requested by faux ugarte)
|inactive|lazarett has 60 seconds left.
|
|t:|1757744917
|teamsize|p1|4
|teamsize|p2|4
|start
|switch|p1a: Typhlosion|Typhlosion-Hisui, L50, M|100/100
|switch|p1b: Torkoal|Torkoal, L50, F|100/100
|switch|p2a: Annihilape|Annihilape, L50, F|100/100
|switch|p2b: Porygon2|Porygon2, L50|100/100
|-ability|p2b: Porygon2|Download|boost
|-boost|p2b: Porygon2|spa|1
|-weather|SunnyDay|[from] ability: Drought|[of] p1b: Torkoal
|turn|1
|inactive|faux ugarte has 30 seconds left.
|inactive|lazarett has 30 seconds left.
|inactive|faux ugarte has 20 seconds left.
|inactive|faux ugarte has 15 seconds left.
|
|t:|1757744960
|switch|p2b: Dragonite|Dragonite, L50, F|100/100
|-terastallize|p1a: Typhlosion|Fire
|move|p1a: Typhlosion|Eruption|p2a: Annihilape|[spread] p2a,p2b
|-resisted|p2b: Dragonite
|-enditem|p2a: Annihilape|Focus Sash
|-damage|p2a: Annihilape|1/100
|-damage|p2b: Dragonite|58/100
|move|p2a: Annihilape|Rage Fist|p1a: Typhlosion
|-damage|p1a: Typhlosion|35/100
|move|p1b: Torkoal|Overheat|p2a: Annihilape
|-damage|p2a: Annihilape|0 fnt
|-unboost|p1b: Torkoal|spa|2
|faint|p2a: Annihilape
|-enditem|p1b: Torkoal|Eject Pack
|
|t:|1757744978
|switch|p1b: Jumpluff|Jumpluff, L50, M|100/100
|
|-weather|SunnyDay|[upkeep]
|upkeep
|
|t:|1757744991
|switch|p2a: Porygon2|Porygon2, L50|100/100
|-ability|p2a: Porygon2|Download|boost
|-boost|p2a: Porygon2|atk|1
|turn|2
|inactive|lazarett has 30 seconds left.
|inactive|lazarett has 20 seconds left.
|
|t:|1757745027
|switch|p1a: Kingambit|Kingambit, L50, F|100/100
|move|p1b: Jumpluff|Sleep Powder|p2a: Porygon2
|-status|p2a: Porygon2|slp|[from] move: Sleep Powder
|move|p2b: Dragonite|Tailwind|p2b: Dragonite
|-sidestart|p2: lazarett|move: Tailwind
|cant|p2a: Porygon2|slp
|
|-weather|SunnyDay|[upkeep]
|upkeep
|turn|3
|inactive|lazarett has 30 seconds left.
|
|t:|1757745059
|-terastallize|p2a: Porygon2|Fighting
|move|p1b: Jumpluff|Encore|p2b: Dragonite
|-start|p2b: Dragonite|Encore
|move|p2b: Dragonite|Tailwind||[still]
|-fail|p2b: Dragonite
|cant|p2a: Porygon2|slp
|move|p1a: Kingambit|Low Kick|p2a: Porygon2
|-damage|p2a: Porygon2|86/100 slp
|
|-weather|SunnyDay|[upkeep]
|upkeep
|turn|4
|inactive|faux ugarte has 30 seconds left.
|
|t:|1757745086
|switch|p2b: Ursaluna|Ursaluna, L50, M|100/100
|move|p1b: Jumpluff|Leaf Storm|p2b: Ursaluna
|-supereffective|p2b: Ursaluna
|-damage|p2b: Ursaluna|53/100
|-unboost|p1b: Jumpluff|spa|2
|cant|p2a: Porygon2|slp
|move|p1a: Kingambit|Assurance|p2b: Ursaluna
|-damage|p2b: Ursaluna|4/100
|
|-weather|SunnyDay|[upkeep]
|-status|p2b: Ursaluna|brn|[from] item: Flame Orb
|upkeep
|turn|5
|
|t:|1757745110
|switch|p1b: Torkoal|Torkoal, L50, F|100/100
|move|p1a: Kingambit|Sucker Punch|p2b: Ursaluna
|-crit|p2b: Ursaluna
|-damage|p2b: Ursaluna|0 fnt
|faint|p2b: Ursaluna
|-curestatus|p2a: Porygon2|slp|[msg]
|move|p2a: Porygon2|Tera Blast|p1a: Kingambit|[anim] Tera Blast Fighting
|-supereffective|p1a: Kingambit
|-damage|p1a: Kingambit|11/100
|
|-weather|none
|-sideend|p2: lazarett|move: Tailwind
|upkeep
|
|t:|1757745116
|switch|p2b: Dragonite|Dragonite, L50, F|58/100
|turn|6
|inactive|faux ugarte has 30 seconds left.
|
|t:|1757745150
|move|p1a: Kingambit|Sucker Punch||[still]
|-fail|p1a: Kingambit
|move|p2b: Dragonite|Tailwind|p2b: Dragonite
|-sidestart|p2: lazarett|move: Tailwind
|move|p2a: Porygon2|Tera Blast|p1a: Kingambit|[anim] Tera Blast Fighting
|-supereffective|p1a: Kingambit
|-crit|p1a: Kingambit
|-damage|p1a: Kingambit|0 fnt
|faint|p1a: Kingambit
|move|p1b: Torkoal|Burning Jealousy|p2b: Dragonite|[spread] p2a,p2b
|-resisted|p2b: Dragonite
|-damage|p2a: Porygon2|74/100
|-damage|p2b: Dragonite|47/100
|
|upkeep
|
|t:|1757745161
|switch|p1a: Jumpluff|Jumpluff, L50, M|100/100
|turn|7
|
|t:|1757745170
|move|p2b: Dragonite|Scale Shot|p1b: Torkoal
|-damage|p1b: Torkoal|90/100
|-damage|p1b: Torkoal|79/100
|-damage|p1b: Torkoal|68/100
|-damage|p1b: Torkoal|56/100
|-hitcount|p1b: Torkoal|4
|-unboost|p2b: Dragonite|def|1
|-boost|p2b: Dragonite|spe|1
|move|p1a: Jumpluff|Encore|p2b: Dragonite
|-start|p2b: Dragonite|Encore
|move|p2a: Porygon2|Ice Beam|p1a: Jumpluff
|-supereffective|p1a: Jumpluff
|-damage|p1a: Jumpluff|0 fnt
|faint|p1a: Jumpluff
|move|p1b: Torkoal|Overheat|p2a: Porygon2|[miss]
|-miss|p1b: Torkoal|p2a: Porygon2
|
|upkeep
|-message|faux ugarte forfeited.
|
|win|lazarett
|raw|faux ugarte's rating: 1255 → 1235(-20 for losing)
|raw|lazarett's rating: 1319 → 1335(+16 for winning)
|l|☆faux ugarte
|player|p1|
|l|☆lazarett
|player|p2|
