|j|☆Bosilek
|j|☆TobiYume
|html|BosilekTobiYume    
|uhtml|bestof|Game 2 of a best-of-3
|t:|1756234563
|gametype|doubles
|player|p1|Bosilek|lance|1102
|player|p2|TobiYume|roxie|1189
|gen|9
|tier|[Gen 9] VGC 2025 Reg H (Bo3)
|rated|
|rule|Species Clause: Limit one of each Pokémon
|rule|Item Clause: Limit 1 of each item
|clearpoke
|poke|p1|Garchomp, L50, M|
|poke|p1|Incineroar, L50, F|
|poke|p1|Dragonite, L50, M|
|poke|p1|Farigiraf, L50, F|
|poke|p1|Sneasler, L50, F|
|poke|p1|Ninetales-Alola, L50, M|
|poke|p2|Decidueye-Hisui, L50, F|
|poke|p2|Sylveon, L50, M|
|poke|p2|Talonflame, L50, F|
|poke|p2|Tyranitar, L50, F|
|poke|p2|Garchomp, L50, M|
|poke|p2|Gholdengo, L50|
|teampreview|4
|showteam|p1|Garchomp||LifeOrb|RoughSkin|Protect,Earthquake,DragonClaw,StompingTantrum|||M|||50|,,,,,Water]Incineroar||SafetyGoggles|Intimidate|FakeOut,PartingShot,KnockOff,FlareBlitz|||F|||50|,,,,,Ghost]Dragonite||LoadedDice|Multiscale|Protect,Tailwind,ScaleShot,ExtremeSpeed|||M|||50|,,,,,Fairy]Farigiraf||RockyHelmet|ArmorTail|DazzlingGleam,PsychicNoise,HelpingHand,TrickRoom|||F|||50|,,,,,Fairy]Sneasler||FocusSash|Unburden|Protect,CloseCombat,DireClaw,Coaching|||F|||50|,,,,,Flying]Ninetales-Alola||CovertCloak|SnowWarning|Moonblast,FreezeDry,AuroraVeil,Encore|||M|||50|,,,,,Fire
|showteam|p2|Decidueye-Hisui||RazorClaw|Scrappy|TripleArrows,LeafBlade,SuckerPunch,Protect|||F|||50|,,,,,Fire]Sylveon||ThroatSpray|Pixilate|HyperVoice,HyperBeam,TeraBlast,Protect|||M|||50|,,,,,Water]Talonflame||CovertCloak|GaleWings|Tailwind,WillOWisp,BraveBird,Taunt|||F|||50|,,,,,Grass]Tyranitar||AssaultVest|SandStream|RockSlide,KnockOff,TeraBlast,LowKick|||F|||50|,,,,,Flying]Garchomp||LifeOrb|RoughSkin|DragonClaw,StompingTantrum,Earthquake,Protect|||M|||50|,,,,,Steel]Gholdengo||Leftovers|GoodasGold|MakeItRain,ShadowBall,NastyPlot,Protect||||||50|,,,,,Dragon
|
|t:|1756234608
|teamsize|p1|4
|teamsize|p2|4
|start
|switch|p1a: Dragonite|Dragonite, L50, M|100/100
|switch|p1b: Incineroar|Incineroar, L50, F|100/100
|switch|p2a: Talonflame|Talonflame, L50, F|100/100
|switch|p2b: Sylveon|Sylveon, L50, M|100/100
|-ability|p1b: Incineroar|Intimidate|boost
|-unboost|p2a: Talonflame|atk|1
|-unboost|p2b: Sylveon|atk|1
|turn|1
|
|t:|1756234637
|move|p2b: Sylveon|Protect|p2b: Sylveon
|-singleturn|p2b: Sylveon|Protect
|move|p1b: Incineroar|Fake Out|p2b: Sylveon
|-activate|p2b: Sylveon|move: Protect
|move|p2a: Talonflame|Will-O-Wisp|p1a: Dragonite|[miss]
|-miss|p2a: Talonflame|p1a: Dragonite
|move|p1a: Dragonite|Scale Shot|p2a: Talonflame|[miss]
|-miss|p1a: Dragonite|p2a: Talonflame
|
|upkeep
|turn|2
|
|t:|1756234672
|-terastallize|p1a: Dragonite|Fairy
|move|p2a: Talonflame|Brave Bird|p1a: Dragonite
|-damage|p1a: Dragonite|87/100
|-damage|p2a: Talonflame|96/100|[from] Recoil
|move|p1a: Dragonite|Tailwind|p1a: Dragonite
|-sidestart|p1: Bosilek|move: Tailwind
|move|p1b: Incineroar|Knock Off|p2b: Sylveon
|-resisted|p2b: Sylveon
|-damage|p2b: Sylveon|70/100
|-enditem|p2b: Sylveon|Throat Spray|[from] move: Knock Off|[of] p1b: Incineroar
|move|p2b: Sylveon|Hyper Voice|p1a: Dragonite|[spread] p1a,p1b
|-damage|p1a: Dragonite|45/100
|-damage|p1b: Incineroar|63/100
|
|upkeep
|turn|3
|
|t:|1756234690
|move|p2b: Sylveon|Protect|p2b: Sylveon
|-singleturn|p2b: Sylveon|Protect
|move|p1a: Dragonite|Scale Shot|p2a: Talonflame|[miss]
|-miss|p1a: Dragonite|p2a: Talonflame
|move|p2a: Talonflame|Tailwind|p2a: Talonflame
|-sidestart|p2: TobiYume|move: Tailwind
|move|p1b: Incineroar|Parting Shot|p2b: Sylveon
|-activate|p2b: Sylveon|move: Protect
|
|upkeep
|turn|4
|c|☆Bosilek|imma crashout over these misses omg
|
|t:|1756234715
|move|p2a: Talonflame|Taunt|p1b: Incineroar
|-start|p1b: Incineroar|move: Taunt
|move|p1a: Dragonite|Scale Shot|p2a: Talonflame
|-damage|p2a: Talonflame|80/100
|-crit|p2a: Talonflame
|-damage|p2a: Talonflame|55/100
|-damage|p2a: Talonflame|38/100
|-damage|p2a: Talonflame|23/100
|-damage|p2a: Talonflame|8/100
|-hitcount|p2a: Talonflame|5
|-unboost|p1a: Dragonite|def|1
|-boost|p1a: Dragonite|spe|1
|move|p2b: Sylveon|Hyper Voice|p1b: Incineroar|[spread] p1a,p1b
|-damage|p1a: Dragonite|0 fnt
|-damage|p1b: Incineroar|30/100
|faint|p1a: Dragonite
|cant|p1b: Incineroar|move: Taunt|Parting Shot
|
|upkeep
|
|t:|1756234734
|switch|p1a: Sneasler|Sneasler, L50, F|100/100
|turn|5
|
|t:|1756234781
|-terastallize|p2b: Sylveon|Water
|move|p1a: Sneasler|Protect|p1a: Sneasler
|-singleturn|p1a: Sneasler|Protect
|move|p2a: Talonflame|Brave Bird|p1a: Sneasler
|-activate|p1a: Sneasler|move: Protect
|move|p1b: Incineroar|Knock Off|p2a: Talonflame
|-damage|p2a: Talonflame|0 fnt
|-enditem|p2a: Talonflame|Covert Cloak|[from] move: Knock Off|[of] p1b: Incineroar
|faint|p2a: Talonflame
|move|p2b: Sylveon|Hyper Voice|p1a: Sneasler|[spread] p1b
|-activate|p1a: Sneasler|move: Protect
|-damage|p1b: Incineroar|0 fnt
|faint|p1b: Incineroar
|
|-sideend|p1: Bosilek|move: Tailwind
|upkeep
|
|t:|1756234796
|switch|p2a: Gholdengo|Gholdengo, L50|100/100
|switch|p1b: Ninetales|Ninetales-Alola, L50, M|100/100
|-weather|Snowscape|[from] ability: Snow Warning|[of] p1b: Ninetales
|turn|6
|
|t:|1756234810
|move|p2b: Sylveon|Protect|p2b: Sylveon
|-singleturn|p2b: Sylveon|Protect
|move|p2a: Gholdengo|Nasty Plot|p2a: Gholdengo
|-boost|p2a: Gholdengo|spa|2
|move|p1a: Sneasler|Dire Claw|p2b: Sylveon
|-activate|p2b: Sylveon|move: Protect
|move|p1b: Ninetales|Aurora Veil|p1b: Ninetales
|-sidestart|p1: Bosilek|move: Aurora Veil
|
|-weather|Snowscape|[upkeep]
|-sideend|p2: TobiYume|move: Tailwind
|upkeep
|turn|7
|
|t:|1756234824
|move|p1a: Sneasler|Dire Claw|p2b: Sylveon
|-damage|p2b: Sylveon|22/100
|move|p1b: Ninetales|Encore|p2a: Gholdengo
|-immune|p2a: Gholdengo|[from] ability: Good as Gold
|move|p2a: Gholdengo|Make It Rain|p1b: Ninetales|[spread] p1a,p1b
|-supereffective|p1b: Ninetales
|-damage|p1a: Sneasler|22/100
|-damage|p1b: Ninetales|0 fnt
|-unboost|p2a: Gholdengo|spa|1
|faint|p1b: Ninetales
|move|p2b: Sylveon|Hyper Voice|p1a: Sneasler
|-damage|p1a: Sneasler|0 fnt
|faint|p1a: Sneasler
|
|win|TobiYume
|raw|Bosilek's rating: 1102 → 1083(-19 for losing)
|raw|TobiYume's rating: 1189 → 1208(+19 for winning)
