|j|☆TheDomainOfCheese
|j|☆echoes630
|html|TheDomainOfCheeseechoes630    
|uhtml|bestof|Game 2 of a best-of-3
|t:|1756348920
|gametype|doubles
|player|p1|TheDomainOfCheese|cynthia|
|player|p2|echoes630|colress|
|gen|9
|tier|[Gen 9] VGC 2025 Reg H (Bo3)
|rule|Species Clause: Limit one of each Pokémon
|rule|Item Clause: Limit 1 of each item
|clearpoke
|poke|p1|Torkoal, L50, M|
|poke|p1|Ursaluna, L50, F|
|poke|p1|Porygon2, L50|
|poke|p1|Amoonguss, L50, F|
|poke|p1|Dragonite, L50, M|
|poke|p1|Sneasler, L50, F|
|poke|p2|Primarina, L50, F|
|poke|p2|Garchomp, L50, M|
|poke|p2|Gholdengo, L50|
|poke|p2|Talonflame, L50, F|
|poke|p2|Incineroar, L50, F|
|poke|p2|Annihilape, L50, F|
|teampreview|4
|showteam|p1|Torkoal||Charcoal|Drought|Eruption,HeatWave,EarthPower,Protect|||M|||50|,,,,,Fire]Ursaluna||FlameOrb|Guts|Facade,HeadlongRush,Earthquake,Protect|||F|||50|,,,,,Ghost]Porygon2||Eviolite|Download|TrickRoom,IceBeam,Recover,TeraBlast||||||50|,,,,,Fairy]Amoonguss||SitrusBerry|Regenerator|Spore,RagePowder,PollenPuff,Protect|||F|||50|,,,,,Water]Dragonite||LoadedDice|Multiscale|ScaleShot,ExtremeSpeed,Haze,Protect|||M|||50|,,,,,Normal]Sneasler||FocusSash|Unburden|FakeOut,CloseCombat,DireClaw,Protect|||F|||50|,,,,,Ghost
|showteam|p2|Primarina||ThroatSpray|LiquidVoice|HyperVoice,Moonblast,Haze,Protect|||F|||50|,,,,,Poison]Garchomp||LifeOrb|RoughSkin|Earthquake,DragonClaw,Protect,StompingTantrum|||M|||50|,,,,,Ground]Gholdengo||Leftovers|GoodasGold|MakeItRain,ShadowBall,NastyPlot,Protect||||||50|,,,,,Flying]Talonflame||SharpBeak|GaleWings|WillOWisp,Protect,BraveBird,Tailwind|||F|||50|,,,,,Ghost]Incineroar||SafetyGoggles|Intimidate|PartingShot,KnockOff,FlareBlitz,FakeOut|||F|||50|,,,,,Ghost]Annihilape||ChoiceScarf|Defiant|FinalGambit,Coaching,CloseCombat,ShadowClaw|||F|||50|,,,,,Grass
|inactive|Battle timer is ON: inactive players will automatically lose when time's up. (requested by TheDomainOfCheese)
|inactive|echoes630 has 60 seconds left.
|inactive|echoes630 has 30 seconds left.
|
|t:|1756348983
|teamsize|p1|4
|teamsize|p2|4
|start
|switch|p1a: Porygon2|Porygon2, L50|100/100
|switch|p1b: Ursaluna|Ursaluna, L50, F|100/100
|switch|p2a: Gholdengo|Gholdengo, L50|100/100
|switch|p2b: Friend #1|Incineroar, L50, F|100/100
|-ability|p2b: Friend #1|Intimidate|boost
|-unboost|p1a: Porygon2|atk|1
|-unboost|p1b: Ursaluna|atk|1
|-ability|p1a: Porygon2|Download|boost
|-boost|p1a: Porygon2|spa|1
|turn|1
|inactive|TheDomainOfCheese has 30 seconds left.
|inactive|TheDomainOfCheese has 20 seconds left.
|inactive|TheDomainOfCheese has 15 seconds left.
|inactive|TheDomainOfCheese has 10 seconds left.
|inactive|TheDomainOfCheese has 5 seconds left.
|
|t:|1756349034
|-terastallize|p2a: Gholdengo|Flying
|move|p2b: Friend #1|Fake Out|p1a: Porygon2
|-damage|p1a: Porygon2|92/100
|move|p2a: Gholdengo|Nasty Plot|p2a: Gholdengo
|-boost|p2a: Gholdengo|spa|2
|move|p1b: Ursaluna|Headlong Rush|p2a: Gholdengo
|-immune|p2a: Gholdengo
|cant|p1a: Porygon2|flinch
|
|-status|p1b: Ursaluna|brn|[from] item: Flame Orb
|upkeep
|turn|2
|inactive|TheDomainOfCheese has 30 seconds left.
|
|t:|1756349065
|switch|p1b: Amoonguss|Amoonguss, L50, F|100/100
|move|p2a: Gholdengo|Make It Rain|p1a: Porygon2|[spread] p1a,p1b
|-damage|p1a: Porygon2|39/100
|-damage|p1b: Amoonguss|21/100
|-unboost|p2a: Gholdengo|spa|1
|-enditem|p1b: Amoonguss|Sitrus Berry|[eat]
|-heal|p1b: Amoonguss|46/100|[from] item: Sitrus Berry
|move|p2b: Friend #1|Knock Off|p1a: Porygon2
|-damage|p1a: Porygon2|11/100
|-enditem|p1a: Porygon2|Eviolite|[from] move: Knock Off|[of] p2b: Friend #1
|move|p1a: Porygon2|Trick Room|p1a: Porygon2
|-fieldstart|move: Trick Room|[of] p1a: Porygon2
|
|upkeep
|turn|3
|inactive|TheDomainOfCheese has 30 seconds left.
|
|t:|1756349093
|switch|p1a: Dragonite|Dragonite, L50, M|100/100
|move|p1b: Amoonguss|Protect|p1b: Amoonguss
|-singleturn|p1b: Amoonguss|Protect
|move|p2b: Friend #1|Parting Shot|p1a: Dragonite
|-unboost|p1a: Dragonite|atk|1
|-unboost|p1a: Dragonite|spa|1
|
|t:|1756349099
|switch|p2b: harder|Garchomp, L50, M|100/100|[from] Parting Shot
|move|p2a: Gholdengo|Make It Rain|p1a: Dragonite|[spread] p1a
|-activate|p1b: Amoonguss|move: Protect
|-damage|p1a: Dragonite|71/100
|-unboost|p2a: Gholdengo|spa|1
|
|upkeep
|turn|4
|
|t:|1756349112
|switch|p1b: Porygon2|Porygon2, L50|11/100
|-ability|p1b: Porygon2|Download|boost
|-boost|p1b: Porygon2|spa|1
|switch|p2b: Friend #1|Incineroar, L50, F|100/100
|-ability|p2b: Friend #1|Intimidate|boost
|-unboost|p1a: Dragonite|atk|1
|-unboost|p1b: Porygon2|atk|1
|move|p1a: Dragonite|Scale Shot|p2b: Friend #1
|-damage|p2b: Friend #1|93/100
|-damage|p2b: Friend #1|85/100
|-damage|p2b: Friend #1|78/100
|-damage|p2b: Friend #1|71/100
|-damage|p2b: Friend #1|63/100
|-hitcount|p2b: Friend #1|5
|-unboost|p1a: Dragonite|def|1
|-boost|p1a: Dragonite|spe|1
|move|p2a: Gholdengo|Nasty Plot|p2a: Gholdengo
|-boost|p2a: Gholdengo|spa|2
|
|upkeep
|turn|5
|inactive|echoes630 has 30 seconds left.
|inactive|echoes630 has 20 seconds left.
|
|t:|1756349151
|move|p2b: Friend #1|Fake Out|p1b: Porygon2
|-damage|p1b: Porygon2|0 fnt
|faint|p1b: Porygon2
|move|p2a: Gholdengo|Nasty Plot|p2a: Gholdengo
|-boost|p2a: Gholdengo|spa|2
|move|p1a: Dragonite|Haze|p1a: Dragonite
|-clearallboost
|
|upkeep
|
|t:|1756349159
|switch|p1b: Ursaluna|Ursaluna, L50, F|100/100 brn
|turn|6
|inactive|echoes630 has 30 seconds left.
|inactive|echoes630 has 20 seconds left.
|inactive|TheDomainOfCheese has 30 seconds left.
|
|t:|1756349201
|move|p2a: Gholdengo|Protect|p2a: Gholdengo
|-singleturn|p2a: Gholdengo|Protect
|move|p1a: Dragonite|Extreme Speed|p2b: Friend #1
|-damage|p2b: Friend #1|33/100
|move|p1b: Ursaluna|Facade|p2a: Gholdengo
|-activate|p2a: Gholdengo|move: Protect
|move|p2b: Friend #1|Parting Shot|p1a: Dragonite
|-unboost|p1a: Dragonite|atk|1
|-unboost|p1a: Dragonite|spa|1
|
|t:|1756349225
|switch|p2b: harder|Garchomp, L50, M|100/100|[from] Parting Shot
|
|-damage|p1b: Ursaluna|95/100 brn|[from] brn
|-fieldend|move: Trick Room
|upkeep
|turn|7
|
|t:|1756349248
|move|p2b: harder|Dragon Claw|p1a: Dragonite
|-supereffective|p1a: Dragonite
|-damage|p1a: Dragonite|0 fnt
|faint|p1a: Dragonite
|-damage|p2b: harder|91/100|[from] item: Life Orb
|move|p2a: Gholdengo|Make It Rain|p1b: Ursaluna
|-damage|p1b: Ursaluna|40/100 brn
|-unboost|p2a: Gholdengo|spa|1
|move|p1b: Ursaluna|Facade|p2a: Gholdengo
|-damage|p2a: Gholdengo|0 fnt
|faint|p2a: Gholdengo
|
|-damage|p1b: Ursaluna|35/100 brn|[from] brn
|upkeep
|
|t:|1756349260
|switch|p2a: Ziro|Annihilape, L50, F, shiny|100/100
|switch|p1a: Amoonguss|Amoonguss, L50, F|79/100
|turn|8
|
|t:|1756349268
|-terastallize|p1b: Ursaluna|Ghost
|move|p1a: Amoonguss|Rage Powder|p1a: Amoonguss
|-singleturn|p1a: Amoonguss|move: Rage Powder
|move|p2a: Ziro|Coaching|p2b: harder
|-boost|p2b: harder|atk|1
|-boost|p2b: harder|def|1
|move|p2b: harder|Stomping Tantrum|p1a: Amoonguss
|-damage|p1a: Amoonguss|14/100
|-damage|p2b: harder|81/100|[from] item: Life Orb
|move|p1b: Ursaluna|Facade|p2b: harder
|-damage|p2b: harder|6/100
|-damage|p1b: Ursaluna|22/100 brn|[from] ability: Rough Skin|[of] p2b: harder
|
|-damage|p1b: Ursaluna|17/100 brn|[from] brn
|upkeep
|turn|9
|inactive|TheDomainOfCheese has 30 seconds left.
|inactive|echoes630 has 30 seconds left.
|inactive|echoes630 has 20 seconds left.
|inactive|echoes630 has 15 seconds left.
|
|t:|1756349308
|switch|p2a: Friend #1|Incineroar, L50, F|33/100
|-ability|p2a: Friend #1|Intimidate|boost
|-unboost|p1a: Amoonguss|atk|1
|-unboost|p1b: Ursaluna|atk|1
|move|p1a: Amoonguss|Rage Powder|p1a: Amoonguss
|-singleturn|p1a: Amoonguss|move: Rage Powder
|move|p2b: harder|Stomping Tantrum|p1a: Amoonguss
|-damage|p1a: Amoonguss|0 fnt
|faint|p1a: Amoonguss
|-damage|p2b: harder|0 fnt|[from] item: Life Orb
|faint|p2b: harder
|move|p1b: Ursaluna|Earthquake|p2a: Friend #1
|-supereffective|p2a: Friend #1
|-damage|p2a: Friend #1|0 fnt
|faint|p2a: Friend #1
|
|-damage|p1b: Ursaluna|11/100 brn|[from] brn
|upkeep
|
|t:|1756349318
|switch|p2a: Ziro|Annihilape, L50, F, shiny|100/100
|turn|10
|c|☆echoes630|ggs
|c|☆TheDomainOfCheese|ggs
|c|☆TheDomainOfCheese|it was close
|
|t:|1756349331
|move|p1b: Ursaluna|Protect|p1b: Ursaluna
|-singleturn|p1b: Ursaluna|Protect
|move|p2a: Ziro|Shadow Claw|p1b: Ursaluna
|-activate|p1b: Ursaluna|move: Protect
|
|-damage|p1b: Ursaluna|5/100 brn|[from] brn
|upkeep
|turn|11
|
|t:|1756349339
|move|p2a: Ziro|Shadow Claw|p1b: Ursaluna
|-supereffective|p1b: Ursaluna
|-damage|p1b: Ursaluna|0 fnt
|faint|p1b: Ursaluna
|
|win|echoes630
|l|☆TheDomainOfCheese
|player|p1|
