|j|☆dangerdude4427
|j|☆Harperlexum
|html|dangerdude4427Harperlexum    
|uhtml|bestof|Game 3 of a best-of-3
|t:|1783754454
|gametype|doubles
|player|p1|dangerdude4427|steven|1074
|player|p2|Harperlexum|265|1045
|gen|9
|tier|[Gen 9 Champions] VGC 2026 Reg M-B (Bo3)
|rated|
|rule|Species Clause: Limit one of each Pokémon
|rule|Item Clause: Limit 1 of each item
|clearpoke
|poke|p1|Raichu, L50, M, shiny|
|poke|p1|Greninja, L50, F|
|poke|p1|Sableye, L50, M|
|poke|p1|Ceruledge, L50, F|
|poke|p1|Milotic, L50, M|
|poke|p1|Scolipede, L50, F|
|poke|p2|Aegislash, L50, F|
|poke|p2|Eelektross, L50, F|
|poke|p2|Garchomp, L50, F|
|poke|p2|Sneasler, L50, F|
|poke|p2|Basculegion, L50, M|
|poke|p2|Sylveon, L50, F|
|teampreview|4
|showteam|p1|Raichu||RaichuniteY|LightningRod|ZapCannon,FocusBlast,GrassKnot,FakeOut|Timid||M|||50|]Greninja||FocusSash|Protean|DarkPulse,IceBeam,Taunt,Protect|Modest||F|||50|]Sableye||RoseliBerry|Prankster|NightShade,FakeOut,Quash,Encore|Calm||M|||50|]Ceruledge||ColburBerry|FlashFire|BitterBlade,ShadowSneak,BulkUp,Protect|Adamant||F|||50|]Milotic||Leftovers|Competitive|MuddyWater,Hypnosis,Coil,Protect|Calm||M|||50|]Scolipede||Scolipite|SpeedBoost|PoisonJab,RockSlide,SwordsDance,Protect|Adamant||F|||50|
|showteam|p2|Aegislash||Leftovers|StanceChange|KingsShield,Poltergeist,SacredSword,RockSlide|Adamant||F|||50|]Eelektross||Eelektrossite|Levitate|Protect,SupercellSlam,ThroatChop,Coil|Jolly||F|||50|]Garchomp||LifeOrb|RoughSkin|Crunch,Earthquake,RockSlide,FireFang|Jolly||F|||50|]Sneasler||FocusSash|PoisonTouch|DireClaw,FakeOut,Uturn,CloseCombat|Jolly||F|||50|]Basculegion||ChoiceScarf|Adaptability|LastRespects,WaveCrash,HeadSmash,PsychicFangs|Jolly||M|||50|]Sylveon||FairyFeather|Pixilate|QuickAttack,DazzlingGleam,HyperBeam,Protect|Sassy||F|||50|
|
|t:|1783754473
|teamsize|p1|4
|teamsize|p2|4
|start
|switch|p1a: Raichu|Raichu, L50, M, shiny|100/100
|switch|p1b: Ceruledge|Ceruledge, L50, F|100/100
|switch|p2a: Garchomp|Garchomp, L50, F|100/100
|switch|p2b: Sneasler|Sneasler, L50, F|100/100
|turn|1
|
|t:|1783754497
|detailschange|p1a: Raichu|Raichu-Mega-Y, L50, M, shiny
|-mega|p1a: Raichu|Raichu|Raichunite Y
|move|p1a: Raichu|Fake Out|p2a: Garchomp
|-damage|p2a: Garchomp|90/100
|-damage|p1a: Raichu|87/100|[from] ability: Rough Skin|[of] p2a: Garchomp
|move|p2b: Sneasler|U-turn|p1a: Raichu
|-damage|p1a: Raichu|38/100
|
|t:|1783754506
|switch|p2b: Eelektross|Eelektross, L50, F|100/100|[from] U-turn
|cant|p2a: Garchomp|flinch
|move|p1b: Ceruledge|Bulk Up|p1b: Ceruledge
|-boost|p1b: Ceruledge|atk|1
|-boost|p1b: Ceruledge|def|1
|
|upkeep
|turn|2
|
|t:|1783754527
|detailschange|p2b: Eelektross|Eelektross-Mega, L50, F
|-mega|p2b: Eelektross|Eelektross|Eelektrossite
|move|p1a: Raichu|Focus Blast|p2b: Eelektross
|-damage|p2b: Eelektross|37/100
|move|p2a: Garchomp|Earthquake|p1b: Ceruledge|[spread] p1a,p1b
|-immune|p2b: Eelektross|[from] ability: Eelevate
|-supereffective|p1a: Raichu|1
|-supereffective|p1b: Ceruledge|1
|-damage|p1a: Raichu|0 fnt
|-damage|p1b: Ceruledge|23/100
|faint|p1a: Raichu
|-damage|p2a: Garchomp|81/100|[from] item: Life Orb
|move|p2b: Eelektross|Throat Chop|p1b: Ceruledge
|-supereffective|p1b: Ceruledge|1
|-enditem|p1b: Ceruledge|Colbur Berry|[eat]
|-enditem|p1b: Ceruledge|Colbur Berry|[weaken]
|-damage|p1b: Ceruledge|1/100
|-start|p1b: Ceruledge|Throat Chop|[silent]
|move|p1b: Ceruledge|Bitter Blade|p2b: Eelektross
|-damage|p2b: Eelektross|0 fnt
|-heal|p1b: Ceruledge|18/100|[from] drain|[of] p2b: Eelektross
|faint|p2b: Eelektross
|
|upkeep
|
|t:|1783754548
|switch|p1a: Greninja|Greninja, L50, F|100/100
|switch|p2b: Basculegion|Basculegion, L50, M|100/100
|turn|3
|
|t:|1783754588
|switch|p2b: Sneasler|Sneasler, L50, F|100/100
|move|p1b: Ceruledge|Protect|p1b: Ceruledge
|-singleturn|p1b: Ceruledge|Protect
|move|p1a: Greninja|Dark Pulse|p2b: Sneasler
|-start|p1a: Greninja|typechange|Dark|[from] ability: Protean
|-resisted|p2b: Sneasler|1
|-crit|p2b: Sneasler
|-damage|p2b: Sneasler|60/100
|move|p2a: Garchomp|Earthquake|p1b: Ceruledge|[spread] p2b,p1a
|-activate|p1b: Ceruledge|move: Protect
|-supereffective|p2b: Sneasler|1
|-damage|p2b: Sneasler|0 fnt
|-damage|p1a: Greninja|13/100
|faint|p2b: Sneasler
|-damage|p2a: Garchomp|71/100|[from] item: Life Orb
|
|-end|p1b: Ceruledge|Throat Chop|[silent]
|upkeep
|
|t:|1783754602
|switch|p2b: Basculegion|Basculegion, L50, M|100/100
|turn|4
|
|t:|1783754619
|switch|p1a: Milotic|Milotic, L50, M|100/100
|move|p1b: Ceruledge|Shadow Sneak|p2b: Basculegion
|-supereffective|p2b: Basculegion|1
|-damage|p2b: Basculegion|13/100
|move|p2b: Basculegion|Last Respects|p1b: Ceruledge
|-supereffective|p1b: Ceruledge|1
|-damage|p1b: Ceruledge|0 fnt
|faint|p1b: Ceruledge
|move|p2a: Garchomp|Rock Slide|p1a: Milotic
|-damage|p1a: Milotic|67/100
|-damage|p2a: Garchomp|61/100|[from] item: Life Orb
|
|-heal|p1a: Milotic|73/100|[from] item: Leftovers
|upkeep
|
|t:|1783754628
|switch|p1b: Greninja|Greninja, L50, F|13/100
|turn|5
|
|t:|1783754640
|move|p1b: Greninja|Protect|p1b: Greninja
|-start|p1b: Greninja|typechange|Normal|[from] ability: Protean
|-singleturn|p1b: Greninja|Protect
|move|p2b: Basculegion|Last Respects|p1a: Milotic
|-damage|p1a: Milotic|0 fnt
|faint|p1a: Milotic
|move|p2a: Garchomp|Rock Slide|p1b: Greninja
|-activate|p1b: Greninja|move: Protect
|
|upkeep
|turn|6
|
|t:|1783754666
|move|p2b: Basculegion|Last Respects|p1b: Greninja
|-immune|p1b: Greninja
|move|p1b: Greninja|Ice Beam|p2a: Garchomp
|-supereffective|p2a: Garchomp|2
|-crit|p2a: Garchomp
|-damage|p2a: Garchomp|0 fnt
|faint|p2a: Garchomp
|
|upkeep
|turn|7
|c|☆dangerdude4427|lol
|c|☆dangerdude4427|thats a new one
|
|t:|1783754683
|move|p2b: Basculegion|Last Respects|p1b: Greninja
|-immune|p1b: Greninja
|move|p1b: Greninja|Dark Pulse|p2b: Basculegion
|-supereffective|p2b: Basculegion|1
|-damage|p2b: Basculegion|0 fnt
|faint|p2b: Basculegion
|
|win|dangerdude4427
|raw|dangerdude4427's rating: 1074 → 1100(+26 for winning)
|raw|Harperlexum's rating: 1045 → 1030(-15 for losing)
|c|☆dangerdude4427|gg
|c|☆Harperlexum|gg
|l|☆Harperlexum
|player|p2|
