|j|☆purplepiglis13
|j|☆mariocansado
|html|purplepiglis13mariocansado    
|uhtml|bestof|Game 1 of a best-of-3
|t:|1757024332
|gametype|doubles
|player|p1|purplepiglis13|hilbert-wonderlauncher|1113
|player|p2|mariocansado|arven-s|1237
|gen|9
|tier|[Gen 9] VGC 2025 Reg H (Bo3)
|rated|
|rule|Species Clause: Limit one of each Pokémon
|rule|Item Clause: Limit 1 of each item
|clearpoke
|poke|p1|Excadrill, L50, M|
|poke|p1|Incineroar, L50, M|
|poke|p1|Tyranitar, L50, F|
|poke|p1|Amoonguss, L50, M|
|poke|p1|Kommo-o, L50, M|
|poke|p1|Reuniclus, L50, F|
|poke|p2|Rillaboom, L50, F|
|poke|p2|Dragapult, L50, F|
|poke|p2|Electabuzz, L50, M|
|poke|p2|Volcarona, L50, F|
|poke|p2|Whimsicott, L50, F|
|poke|p2|Arcanine-Hisui, L50, M|
|teampreview|4
|showteam|p1|Excadrill||FocusSash|SandRush|Protect,Earthquake,HighHorsepower,IronHead|||M|||50|,,,,,Ground]Incineroar||SafetyGoggles|Intimidate|FakeOut,KnockOff,FlareBlitz,PartingShot|||M|||50|,,,,,Ghost]Tyranitar||AssaultVest|SandStream|RockSlide,KnockOff,LowKick,TeraBlast|||F|||50|,,,,,Flying]Amoonguss||SitrusBerry|Regenerator|PollenPuff,RagePowder,ClearSmog,Spore|||M|||50|,,,,,Water]Kommo-o||ThroatSpray|Overcoat|Protect,ClangingScales,ClangorousSoul,AuraSphere|||M|||50|,,,,,Steel]Reuniclus||LifeOrb|MagicGuard|Protect,TrickRoom,ExpandingForce,FlashCannon|||F|||50|,,,,,Dark
|showteam|p2|Rillaboom||AssaultVest|GrassySurge|FakeOut,WoodHammer,Uturn,GrassyGlide|||F|||50|,,,,,Fire]Dragapult||ChoiceBand|ClearBody|DragonDarts,Outrage,PhantomForce,Uturn|||F|||50|,,,,,Dragon]Electabuzz||Eviolite|VitalSpirit|Thunderbolt,Taunt,FollowMe,Protect|||M|||50|,,,,,Ghost]Volcarona||Leftovers|FlameBody|HeatWave,QuiverDance,Protect,GigaDrain|||F|||50|,,,,,Grass]Whimsicott||CovertCloak|Prankster|SunnyDay,Moonblast,Encore,Tailwind|||F|||50|,,,,,Dark]Arcanine-Hisui||SafetyGoggles|Intimidate|RockSlide,FlareBlitz,ExtremeSpeed,Protect|||M|||50|,,,,,Fairy
|
|t:|1757024372
|teamsize|p1|4
|teamsize|p2|4
|start
|switch|p1a: Tyranitar|Tyranitar, L50, F|100/100
|switch|p1b: Incineroar|Incineroar, L50, M|100/100
|switch|p2a: Dragapult|Dragapult, L50, F|100/100
|switch|p2b: Whimsicott|Whimsicott, L50, F|100/100
|-weather|Sandstorm|[from] ability: Sand Stream|[of] p1a: Tyranitar
|-ability|p1b: Incineroar|Intimidate|boost
|-fail|p2a: Dragapult|unboost|[from] ability: Clear Body|[of] p2a: Dragapult
|-unboost|p2b: Whimsicott|atk|1
|turn|1
|
|t:|1757024420
|move|p2b: Whimsicott|Tailwind|p2b: Whimsicott
|-sidestart|p2: mariocansado|move: Tailwind
|move|p2a: Dragapult|U-turn|p1a: Tyranitar
|-supereffective|p1a: Tyranitar
|-damage|p1a: Tyranitar|38/100
|
|t:|1757024423
|switch|p2a: Arcanine|Arcanine-Hisui, L50, M|100/100|[from] U-turn
|-ability|p2a: Arcanine|Intimidate|boost
|-unboost|p1a: Tyranitar|atk|1
|-unboost|p1b: Incineroar|atk|1
|move|p1a: Tyranitar|Knock Off|p2a: Arcanine
|-damage|p2a: Arcanine|53/100
|-enditem|p2a: Arcanine|Safety Goggles|[from] move: Knock Off|[of] p1a: Tyranitar
|move|p1b: Incineroar|Flare Blitz|p2b: Whimsicott
|-supereffective|p2b: Whimsicott
|-damage|p2b: Whimsicott|9/100
|-damage|p1b: Incineroar|77/100|[from] Recoil
|
|-weather|Sandstorm|[upkeep]
|-damage|p2b: Whimsicott|4/100|[from] Sandstorm
|upkeep
|turn|2
|
|t:|1757024449
|switch|p1b: Excadrill|Excadrill, L50, M|100/100
|move|p2b: Whimsicott|Moonblast|p1a: Tyranitar
|-supereffective|p1a: Tyranitar
|-damage|p1a: Tyranitar|17/100
|-unboost|p1a: Tyranitar|spa|1
|move|p2a: Arcanine|Rock Slide|p1a: Tyranitar|[spread] p1a,p1b
|-resisted|p1b: Excadrill
|-damage|p1a: Tyranitar|0 fnt
|-damage|p1b: Excadrill|91/100
|faint|p1a: Tyranitar
|
|-weather|Sandstorm|[upkeep]
|-damage|p2b: Whimsicott|0 fnt|[from] Sandstorm
|faint|p2b: Whimsicott
|upkeep
|
|t:|1757024465
|switch|p2b: Volcarona|Volcarona, L50, F|100/100
|switch|p1a: Incineroar|Incineroar, L50, M|77/100
|-ability|p1a: Incineroar|Intimidate|boost
|-unboost|p2a: Arcanine|atk|1
|-unboost|p2b: Volcarona|atk|1
|turn|3
|
|t:|1757024482
|-terastallize|p1b: Excadrill|Ground
|move|p2a: Arcanine|Protect|p2a: Arcanine
|-singleturn|p2a: Arcanine|Protect
|move|p2b: Volcarona|Protect|p2b: Volcarona
|-singleturn|p2b: Volcarona|Protect
|move|p1a: Incineroar|Fake Out|p2a: Arcanine
|-activate|p2a: Arcanine|move: Protect
|move|p1b: Excadrill|High Horsepower|p2a: Arcanine
|-activate|p2a: Arcanine|move: Protect
|
|-weather|Sandstorm|[upkeep]
|-damage|p2b: Volcarona|95/100|[from] Sandstorm
|-heal|p2b: Volcarona|100/100|[from] item: Leftovers
|upkeep
|turn|4
|
|t:|1757024501
|move|p1b: Excadrill|Protect|p1b: Excadrill
|-singleturn|p1b: Excadrill|Protect
|move|p2a: Arcanine|Rock Slide|p1a: Incineroar|[spread] p1a
|-activate|p1b: Excadrill|move: Protect
|-supereffective|p1a: Incineroar
|-damage|p1a: Incineroar|43/100
|move|p2b: Volcarona|Giga Drain|p1b: Excadrill
|-activate|p1b: Excadrill|move: Protect
|move|p1a: Incineroar|Knock Off|p2b: Volcarona
|-damage|p2b: Volcarona|38/100
|-enditem|p2b: Volcarona|Leftovers|[from] move: Knock Off|[of] p1a: Incineroar
|
|-weather|Sandstorm|[upkeep]
|-damage|p2b: Volcarona|32/100|[from] Sandstorm
|-sideend|p2: mariocansado|move: Tailwind
|upkeep
|turn|5
|
|t:|1757024535
|move|p2a: Arcanine|Protect|p2a: Arcanine
|-singleturn|p2a: Arcanine|Protect
|move|p2b: Volcarona|Protect|p2b: Volcarona
|-singleturn|p2b: Volcarona|Protect
|move|p1b: Excadrill|Earthquake|p2a: Arcanine|[spread] p1a
|-activate|p2a: Arcanine|move: Protect
|-activate|p2b: Volcarona|move: Protect
|-supereffective|p1a: Incineroar
|-damage|p1a: Incineroar|0 fnt
|faint|p1a: Incineroar
|
|-weather|none
|upkeep
|
|t:|1757024538
|switch|p1a: Kommo-o|Kommo-o, L50, M|100/100
|turn|6
|
|t:|1757024566
|-terastallize|p2a: Arcanine|Fairy
|move|p2a: Arcanine|Extreme Speed|p1a: Kommo-o
|-damage|p1a: Kommo-o|85/100
|move|p1b: Excadrill|High Horsepower|p2b: Volcarona
|-damage|p2b: Volcarona|0 fnt
|faint|p2b: Volcarona
|move|p1a: Kommo-o|Clangorous Soul|p1a: Kommo-o
|-boost|p1a: Kommo-o|atk|1
|-boost|p1a: Kommo-o|def|1
|-boost|p1a: Kommo-o|spa|1
|-boost|p1a: Kommo-o|spd|1
|-boost|p1a: Kommo-o|spe|1
|-damage|p1a: Kommo-o|52/100
|-enditem|p1a: Kommo-o|Throat Spray
|-boost|p1a: Kommo-o|spa|1|[from] item: Throat Spray
|
|upkeep
|
|t:|1757024572
|switch|p2b: Dragapult|Dragapult, L50, F|100/100
|turn|7
|
|t:|1757024583
|move|p1a: Kommo-o|Clanging Scales|p2a: Arcanine|[spread] p2b
|-immune|p2a: Arcanine
|-supereffective|p2b: Dragapult
|-damage|p2b: Dragapult|0 fnt
|faint|p2b: Dragapult
|-unboost|p1a: Kommo-o|def|1
|move|p1b: Excadrill|Iron Head|p2a: Arcanine
|-supereffective|p2a: Arcanine
|-damage|p2a: Arcanine|0 fnt
|faint|p2a: Arcanine
|
|win|purplepiglis13
||mariocansado is ready for game 2.
||purplepiglis13 is ready for game 2.
|uhtml|next|Next: Game 2 of 3
|l|☆purplepiglis13
|player|p1|
