|j|☆DrXJ13
|j|☆MaxUtrecht
|html|DrXJ13MaxUtrecht    
|uhtml|bestof|Game 1 of a best-of-3
|t:|1783108917
|gametype|doubles
|player|p1|DrXJ13|cyrus|1295
|player|p2|MaxUtrecht|lucas|1200
|gen|9
|tier|[Gen 9 Champions] VGC 2026 Reg M-B (Bo3)
|rated|
|rule|Species Clause: Limit one of each Pokémon
|rule|Item Clause: Limit 1 of each item
|clearpoke
|poke|p1|Froslass, L50, F|
|poke|p1|Sneasler, L50, M|
|poke|p1|Kingambit, L50, F|
|poke|p1|Scovillain, L50, M|
|poke|p1|Basculegion, L50, M|
|poke|p1|Lycanroc-Dusk, L50, M|
|poke|p2|Floette-Eternal, L50, F|
|poke|p2|Aerodactyl, L50, F|
|poke|p2|Charizard, L50, F|
|poke|p2|Meowscarada, L50, F|
|poke|p2|Aegislash, L50, F|
|poke|p2|Maushold-Four, L50|
|teampreview|4
|showteam|p1|Froslass||Froslassite|CursedBody|Blizzard,ShadowBall,AuroraVeil,Protect|Modest||F|||50|]Sneasler||WhiteHerb|Unburden|FakeOut,CloseCombat,DireClaw,Protect|Jolly||M|||50|]Kingambit||BlackGlasses|Defiant|SwordsDance,SuckerPunch,Protect,KowtowCleave|Adamant||F|||50|]Scovillain||Scovillainite|Moody|Overheat,GigaDrain,RagePowder,Protect|Bold||M|||50|]Basculegion||ChoiceScarf|Adaptability|AquaJet,FlipTurn,WaveCrash,LastRespects|Jolly||M|||50|]Lycanroc-Dusk||FocusSash|ToughClaws|Accelerock,CloseCombat,RockSlide,Protect|Adamant||M|||50|
|showteam|p2|Floette-Eternal||Floettite|FlowerVeil|Moonblast,DazzlingGleam,CalmMind,Protect|Timid||F|||50|]Aerodactyl||FocusSash|Unnerve|DualWingbeat,RockSlide,Tailwind,WideGuard|Jolly||F|||50|]Charizard||CharizarditeY|SolarPower|HeatWave,SolarBeam,AirSlash,Protect|Timid||F|||50|]Meowscarada||ChoiceScarf|Protean|FlowerTrick,KnockOff,TripleAxel,LowKick|Jolly||F|||50|]Aegislash||Leftovers|StanceChange|Poltergeist,IronHead,ShadowSneak,KingsShield|Adamant||F|||50|]Maushold-Four||SitrusBerry|FriendGuard|SuperFang,FollowMe,Encore,Protect|Timid|||||50|
|inactive|Battle timer is ON: inactive players will automatically lose when time's up. (requested by DrXJ13)
|inactive|DrXJ13 has 60 seconds left.
|inactive|MaxUtrecht has 60 seconds left.
|inactive|DrXJ13 has 30 seconds left.
|inactive|DrXJ13 has 20 seconds left.
|
|t:|1783108993
|teamsize|p1|4
|teamsize|p2|4
|start
|switch|p1a: Froslass|Froslass, L50, F|100/100
|switch|p1b: Kingambit|Kingambit, L50, F|100/100
|switch|p2a: Floette|Floette-Eternal, L50, F|100/100
|switch|p2b: Maushold|Maushold-Four, L50|100/100
|turn|1
|inactive|MaxUtrecht has 30 seconds left.
|
|t:|1783109023
|detailschange|p1a: Froslass|Froslass-Mega, L50, F
|-mega|p1a: Froslass|Froslass|Froslassite
|-weather|Snowscape|[from] ability: Snow Warning|[of] p1a: Froslass
|detailschange|p2a: Floette|Floette-Mega, L50, F
|-mega|p2a: Floette|Floette|Floettite
|-ability|p2a: Floette|Fairy Aura
|move|p2b: Maushold|Follow Me|p2b: Maushold
|-singleturn|p2b: Maushold|move: Follow Me
|move|p1a: Froslass|Blizzard|p2b: Maushold|[spread] p2a,p2b
|-damage|p2a: Floette|71/100
|-damage|p2b: Maushold|48/100
|-enditem|p2b: Maushold|Sitrus Berry|[eat]
|-heal|p2b: Maushold|73/100|[from] item: Sitrus Berry
|move|p2a: Floette|Calm Mind|p2a: Floette
|-boost|p2a: Floette|spa|1
|-boost|p2a: Floette|spd|1
|move|p1b: Kingambit|Kowtow Cleave|p2b: Maushold
|-damage|p2b: Maushold|0 fnt
|faint|p2b: Maushold
|
|-weather|Snowscape|[upkeep]
|upkeep
|
|t:|1783109044
|switch|p2b: Meowscarada|Meowscarada, L50, F|100/100
|turn|2
|inactive|DrXJ13 has 30 seconds left.
|
|t:|1783109069
|move|p1a: Froslass|Protect|p1a: Froslass
|-singleturn|p1a: Froslass|Protect
|move|p1b: Kingambit|Sucker Punch|p2b: Meowscarada
|-resisted|p2b: Meowscarada|1
|-damage|p2b: Meowscarada|64/100
|move|p2b: Meowscarada|Low Kick|p1b: Kingambit
|-start|p2b: Meowscarada|typechange|Fighting|[from] ability: Protean
|-supereffective|p1b: Kingambit|2
|-damage|p1b: Kingambit|0 fnt
|faint|p1b: Kingambit
|move|p2a: Floette|Moonblast|p1a: Froslass
|-activate|p1a: Froslass|move: Protect
|
|-weather|Snowscape|[upkeep]
|upkeep
|
|t:|1783109079
|switch|p1b: Sneasler|Sneasler, L50, M|100/100
|turn|3
|
|t:|1783109087
|switch|p2b: Aegislash|Aegislash, L50, F|100/100
|move|p2a: Floette|Protect|p2a: Floette
|-singleturn|p2a: Floette|Protect
|move|p1b: Sneasler|Dire Claw|p2a: Floette
|-activate|p2a: Floette|move: Protect
|move|p1a: Froslass|Blizzard|p2b: Aegislash|[spread] p2b
|-activate|p2a: Floette|move: Protect
|-resisted|p2b: Aegislash|1
|-damage|p2b: Aegislash|83/100
|
|-weather|Snowscape|[upkeep]
|-heal|p2b: Aegislash|89/100|[from] item: Leftovers
|upkeep
|turn|4
|inactive|MaxUtrecht has 30 seconds left.
|
|t:|1783109112
|move|p1b: Sneasler|Dire Claw|p2a: Floette
|-supereffective|p2a: Floette|1
|-damage|p2a: Floette|0 fnt
|faint|p2a: Floette
|move|p1a: Froslass|Shadow Ball|p2b: Aegislash
|-supereffective|p2b: Aegislash|1
|-damage|p2b: Aegislash|12/100
|-formechange|p2b: Aegislash|Aegislash-Blade|
|move|p2b: Aegislash|Poltergeist|p1a: Froslass|[miss]
|-miss|p2b: Aegislash|p1a: Froslass
|
|-weather|Snowscape|[upkeep]
|-heal|p2b: Aegislash|18/100|[from] item: Leftovers
|upkeep
|
|t:|1783109125
|switch|p2a: Meowscarada|Meowscarada, L50, F|64/100
|turn|5
|
|t:|1783109141
|move|p2b: Aegislash|Shadow Sneak|p1b: Sneasler
|-damage|p1b: Sneasler|72/100
|move|p2a: Meowscarada|Triple Axel|p1b: Sneasler
|-start|p2a: Meowscarada|typechange|Ice|[from] ability: Protean
|-damage|p1b: Sneasler|61/100
|-damage|p1b: Sneasler|36/100
|-damage|p1b: Sneasler|1/100
|-hitcount|p1b: Sneasler|3
|move|p1b: Sneasler|Close Combat|p2a: Meowscarada
|-supereffective|p2a: Meowscarada|1
|-damage|p2a: Meowscarada|0 fnt
|-unboost|p1b: Sneasler|def|1
|-unboost|p1b: Sneasler|spd|1
|faint|p2a: Meowscarada
|-enditem|p1b: Sneasler|White Herb
|-clearnegativeboost|p1b: Sneasler|[silent]
|move|p1a: Froslass|Blizzard|p2b: Aegislash
|-resisted|p2b: Aegislash|1
|-crit|p2b: Aegislash
|-damage|p2b: Aegislash|0 fnt
|faint|p2b: Aegislash
|
|win|DrXJ13
|inactive|DrXJ13 has 30 seconds to confirm battle start!
|inactive|MaxUtrecht has 30 seconds to confirm battle start!
||MaxUtrecht is ready for game 2.
|inactive|DrXJ13 has 20 seconds to confirm battle start!
||DrXJ13 is ready for game 2.
|uhtml|next|Next: Game 2 of 3
