|j|☆userover
|j|☆MisterX4500
|html|useroverMisterX4500    
|uhtml|bestof|Game 2 of a best-of-3
|t:|1784740012
|gametype|doubles
|player|p1|userover|101|1148
|player|p2|MisterX4500|riley|1000
|gen|9
|tier|[Gen 9 Champions] VGC 2026 Reg M-B (Bo3)
|rated|
|rule|Species Clause: Limit one of each Pokémon
|rule|Item Clause: Limit 1 of each item
|clearpoke
|poke|p1|Raichu, L50, M|
|poke|p1|Archaludon, L50, M|
|poke|p1|Pelipper, L50, F|
|poke|p1|Swampert, L50, F|
|poke|p1|Talonflame, L50, M|
|poke|p1|Grimmsnarl, L50, M|
|poke|p2|Scovillain, L50, F, shiny|
|poke|p2|Overqwil, L50, F, shiny|
|poke|p2|Sableye, L50, F, shiny|
|poke|p2|Meowstic, L50, M, shiny|
|poke|p2|Sneasler, L50, F, shiny|
|poke|p2|Espathra, L50, F, shiny|
|teampreview|4
|showteam|p1|Raichu||RaichuniteX|LightningRod|Protect,GrassKnot,FakeOut,RisingVoltage|Timid||M|||50|]Archaludon||Leftovers|Stamina|DragonPulse,Protect,ElectroShot,FlashCannon|Calm||M|||50|]Pelipper||SitrusBerry|Drizzle|Hurricane,Protect,WideGuard,Tailwind|Bold||F|||50|]Swampert||Swampertite|Torrent|WaveCrash,HighHorsepower,Protect,IcePunch|Adamant||F|||50|]Talonflame||FocusSash|GaleWings|RainDance,Protect,BraveBird,Tailwind|Jolly||M|||50|]Grimmsnarl||LightClay|Prankster|SpiritBreak,FakeOut,LightScreen,Reflect|Impish||M|||50|
|showteam|p2|Scovillain||Scovillainite|Moody|Flamethrower,HelpingHand,WillOWisp,RagePowder|Bold||F|||50|]Overqwil||Leftovers|Intimidate|BarbBarrage,Minimize,Stockpile,Protect|Careful||F|||50|]Sableye||Sablenite|Prankster|FoulPlay,NightShade,PsychUp,Recover|Bold||F|||50|]Meowstic||BrightPowder|Prankster|FakeOut,BatonPass,PsychUp,Protect|Jolly||M|||50|]Sneasler||FocusSash|Unburden|FakeOut,UpperHand,DireClaw,Coaching|Naive||F|||50|]Espathra||LifeOrb|SpeedBoost|StoredPower,DazzlingGleam,Psyshock,Protect|Modest||F|||50|
|c|☆MisterX4500|wait huh therse multiple games
|l|☆userover
|player|p1|
|j|☆userover
|player|p1|userover|101|
|
|t:|1784740051
|teamsize|p1|4
|teamsize|p2|4
|start
|switch|p1a: Swampert|Swampert, L50, F|100/100
|switch|p1b: Pelipper|Pelipper, L50, F|100/100
|switch|p2a: Thermonuclear Bomb|Overqwil, L50, F, shiny|100/100
|switch|p2b: John Fake out|Sneasler, L50, F, shiny|100/100
|-ability|p2a: Thermonuclear Bomb|Intimidate|boost
|-unboost|p1a: Swampert|atk|1
|-unboost|p1b: Pelipper|atk|1
|-weather|RainDance|[from] ability: Drizzle|[of] p1b: Pelipper
|turn|1
|
|t:|1784740079
|detailschange|p1a: Swampert|Swampert-Mega, L50, F
|-mega|p1a: Swampert|Swampert|Swampertite
|move|p2b: John Fake out|Fake Out|p1a: Swampert
|-damage|p1a: Swampert|87/100
|cant|p1a: Swampert|flinch
|move|p2a: Thermonuclear Bomb|Minimize|p2a: Thermonuclear Bomb
|-boost|p2a: Thermonuclear Bomb|evasion|2
|move|p1b: Pelipper|Hurricane|p2b: John Fake out
|-supereffective|p2b: John Fake out|1
|-enditem|p2b: John Fake out|Focus Sash
|-damage|p2b: John Fake out|1/100
|
|-weather|RainDance|[upkeep]
|upkeep
|turn|2
|
|t:|1784740113
|move|p2a: Thermonuclear Bomb|Protect|p2a: Thermonuclear Bomb
|-singleturn|p2a: Thermonuclear Bomb|Protect
|move|p2b: John Fake out|Dire Claw|p1a: Swampert
|-resisted|p1a: Swampert|1
|-damage|p1a: Swampert|66/100
|move|p1a: Swampert|Wave Crash|p2b: John Fake out
|-damage|p2b: John Fake out|0 fnt
|faint|p2b: John Fake out
|-damage|p1a: Swampert|66/100|[from] Recoil
|move|p1b: Pelipper|Hurricane|p2a: Thermonuclear Bomb
|-activate|p2a: Thermonuclear Bomb|move: Protect
|
|-weather|RainDance|[upkeep]
|upkeep
|
|t:|1784740122
|switch|p2b: John Prankster|Meowstic, L50, M, shiny|100/100
|turn|3
|
|t:|1784740133
|switch|p1b: Archaludon|Archaludon, L50, M|100/100
|move|p2b: John Prankster|Fake Out|p1a: Swampert
|-damage|p1a: Swampert|61/100
|cant|p1a: Swampert|flinch
|move|p2a: Thermonuclear Bomb|Minimize|p2a: Thermonuclear Bomb
|-boost|p2a: Thermonuclear Bomb|evasion|2
|
|-weather|RainDance|[upkeep]
|upkeep
|turn|4
|
|t:|1784740148
|move|p2b: John Prankster|Protect|p2b: John Prankster
|-singleturn|p2b: John Prankster|Protect
|move|p1a: Swampert|Wave Crash|p2b: John Prankster
|-activate|p2b: John Prankster|move: Protect
|move|p2a: Thermonuclear Bomb|Minimize|p2a: Thermonuclear Bomb
|-boost|p2a: Thermonuclear Bomb|evasion|2
|move|p1b: Archaludon|Electro Shot||[still]
|-prepare|p1b: Archaludon|Electro Shot
|-boost|p1b: Archaludon|spa|1
|-anim|p1b: Archaludon|Electro Shot|p2a: Thermonuclear Bomb|[miss]
|-miss|p1b: Archaludon|p2a: Thermonuclear Bomb
|
|-weather|RainDance|[upkeep]
|upkeep
|turn|5
|
|t:|1784740167
|move|p2b: John Prankster|Psych Up|p2a: Thermonuclear Bomb
|-copyboost|p2b: John Prankster|p2a: Thermonuclear Bomb|[from] move: Psych Up
|move|p1a: Swampert|Wave Crash|p2b: John Prankster
|-damage|p2b: John Prankster|9/100
|-damage|p1a: Swampert|30/100|[from] Recoil
|move|p2a: Thermonuclear Bomb|Stockpile|p2a: Thermonuclear Bomb
|-start|p2a: Thermonuclear Bomb|stockpile1
|-boost|p2a: Thermonuclear Bomb|def|1
|-boost|p2a: Thermonuclear Bomb|spd|1
|move|p1b: Archaludon|Electro Shot||[still]
|-prepare|p1b: Archaludon|Electro Shot
|-boost|p1b: Archaludon|spa|1
|-anim|p1b: Archaludon|Electro Shot|p2a: Thermonuclear Bomb|[miss]
|-miss|p1b: Archaludon|p2a: Thermonuclear Bomb
|
|-weather|none
|upkeep
|turn|6
|
|t:|1784740192
|switch|p1a: Pelipper|Pelipper, L50, F|100/100
|-weather|RainDance|[from] ability: Drizzle|[of] p1a: Pelipper
|move|p2b: John Prankster|Baton Pass|p2b: John Prankster
|
|t:|1784740196
|switch|p2b: Wally West|Espathra, L50, F, shiny|100/100|[from] Baton Pass
|move|p2a: Thermonuclear Bomb|Stockpile|p2a: Thermonuclear Bomb
|-start|p2a: Thermonuclear Bomb|stockpile2
|-boost|p2a: Thermonuclear Bomb|def|1
|-boost|p2a: Thermonuclear Bomb|spd|1
|move|p1b: Archaludon|Electro Shot||[still]
|-prepare|p1b: Archaludon|Electro Shot
|-boost|p1b: Archaludon|spa|1
|-anim|p1b: Archaludon|Electro Shot|p2a: Thermonuclear Bomb
|-damage|p2a: Thermonuclear Bomb|43/100
|
|-weather|RainDance|[upkeep]
|-heal|p2a: Thermonuclear Bomb|49/100|[from] item: Leftovers
|upkeep
|turn|7
|
|t:|1784740227
|move|p2b: Wally West|Protect|p2b: Wally West
|-singleturn|p2b: Wally West|Protect
|move|p2a: Thermonuclear Bomb|Barb Barrage|p1a: Pelipper
|-damage|p1a: Pelipper|77/100
|-status|p1a: Pelipper|psn
|move|p1b: Archaludon|Electro Shot||[still]
|-prepare|p1b: Archaludon|Electro Shot
|-boost|p1b: Archaludon|spa|1
|-anim|p1b: Archaludon|Electro Shot|p2b: Wally West
|-activate|p2b: Wally West|move: Protect
|move|p1a: Pelipper|Tailwind|p1a: Pelipper
|-sidestart|p1: userover|move: Tailwind
|
|-weather|RainDance|[upkeep]
|-heal|p2a: Thermonuclear Bomb|55/100|[from] item: Leftovers
|-damage|p1a: Pelipper|65/100 psn|[from] psn
|-ability|p2b: Wally West|Speed Boost|boost
|-boost|p2b: Wally West|spe|1
|upkeep
|turn|8
|inactive|Battle timer is ON: inactive players will automatically lose when time's up. (requested by MisterX4500)
|
|t:|1784740252
|switch|p1a: Grimmsnarl|Grimmsnarl, L50, M|100/100
|move|p2b: Wally West|Stored Power|p1b: Archaludon
|-resisted|p1b: Archaludon|1
|-damage|p1b: Archaludon|47/100
|-ability|p1b: Archaludon|Stamina|boost
|-boost|p1b: Archaludon|def|1
|-damage|p2b: Wally West|90/100|[from] item: Life Orb
|move|p1b: Archaludon|Electro Shot||[still]
|-prepare|p1b: Archaludon|Electro Shot
|-boost|p1b: Archaludon|spa|1
|-anim|p1b: Archaludon|Electro Shot|p2a: Thermonuclear Bomb
|-damage|p2a: Thermonuclear Bomb|0 fnt
|faint|p2a: Thermonuclear Bomb
|
|-weather|RainDance|[upkeep]
|-heal|p1b: Archaludon|53/100|[from] item: Leftovers
|-ability|p2b: Wally West|Speed Boost|boost
|-boost|p2b: Wally West|spe|1
|upkeep
|
|t:|1784740260
|switch|p2a: John Prankster|Meowstic, L50, M, shiny|9/100
|turn|9
|l|☆userover
|inactive|userover disconnected and has a minute to reconnect!
|player|p1|
|inactive|userover has 30 seconds left.
|inactive|userover has 20 seconds left.
|inactive|userover has 15 seconds left.
|inactive|userover has 10 seconds left.
|inactive|userover has 5 seconds left.
|-message|userover lost due to inactivity.
|
|win|MisterX4500
||MisterX4500 is ready for game 3.
|j|☆userover
|player|p1|userover|101|
|l|☆MisterX4500
|player|p2|
|inactive|userover has 30 seconds to confirm battle start!
