|j|☆Morpekinho
|j|☆salmoncashew
|html|Morpekinhosalmoncashew    
|uhtml|bestof|Game 2 of a best-of-3
|t:|1783729716
|gametype|doubles
|player|p1|Morpekinho|hilbert|1295
|player|p2|salmoncashew|caitlin|1204
|gen|9
|tier|[Gen 9 Champions] VGC 2026 Reg M-B (Bo3)
|rated|
|rule|Species Clause: Limit one of each Pokémon
|rule|Item Clause: Limit 1 of each item
|clearpoke
|poke|p1|Incineroar, L50, M|
|poke|p1|Torkoal, L50, M|
|poke|p1|Farigiraf, L50, M|
|poke|p1|Floette-Eternal, L50, F|
|poke|p1|Tyranitar, L50, M|
|poke|p1|Excadrill, L50, M|
|poke|p2|Whimsicott, L50, F|
|poke|p2|Sneasler, L50, M|
|poke|p2|Basculegion, L50, M|
|poke|p2|Incineroar, L50, M, shiny|
|poke|p2|Pyroar, L50, F, shiny|
|poke|p2|Garchomp, L50, M|
|teampreview|4
|showteam|p1|Incineroar||ShucaBerry|Intimidate|FakeOut,FlareBlitz,DarkestLariat,PartingShot|Impish||M|||50|]Torkoal||Charcoal|Drought|Protect,Eruption,WeatherBall,SolarBeam|Quiet||M|||50|]Farigiraf||SitrusBerry|ArmorTail|PsychicFangs,Thunderbolt,HelpingHand,TrickRoom|Relaxed||M|||50|]Floette-Eternal||Floettite|FlowerVeil|Moonblast,DazzlingGleam,LightofRuin,Protect|Modest||F|||50|]Tyranitar||Tyranitarite|SandStream|RockSlide,KnockOff,IcePunch,Protect|Adamant||M|||50|]Excadrill||FocusSash|SandRush|Protect,IronHead,RockSlide,HighHorsepower|Jolly||M|||50|
|showteam|p2|Whimsicott||FocusSash|Prankster|Protect,Tailwind,SunnyDay,Moonblast|Timid||F|||50|]Sneasler||WhiteHerb|Unburden|Protect,CloseCombat,ThroatChop,GunkShot|Adamant||M|||50|]Basculegion||ChoiceScarf|Adaptability|LastRespects,FlipTurn,WaveCrash,AquaJet|Jolly||M|||50|]Incineroar||SitrusBerry|Intimidate|FakeOut,PartingShot,ThroatChop,FlareBlitz|Adamant||M|||50|]Pyroar||Pyroarite|Unnerve|Protect,HeatWave,Overheat,SolarBeam|Timid||F|||50|]Garchomp||LifeOrb|RoughSkin|Earthquake,DragonClaw,StompingTantrum,Protect|Adamant||M|||50|
|inactive|Battle timer is ON: inactive players will automatically lose when time's up. (requested by salmoncashew)
|inactive|Morpekinho has 60 seconds left.
|
|t:|1783729752
|teamsize|p1|4
|teamsize|p2|4
|start
|switch|p1a: Incineroar|Incineroar, L50, M|100/100
|switch|p1b: Farigiraf|Farigiraf, L50, M|100/100
|switch|p2a: Whimsicott|Whimsicott, L50, F|100/100
|switch|p2b: Garchomp|Garchomp, L50, M|100/100
|-ability|p1a: Incineroar|Intimidate|boost
|-unboost|p2a: Whimsicott|atk|1
|-unboost|p2b: Garchomp|atk|1
|turn|1
|inactive|salmoncashew has 30 seconds left.
|
|t:|1783729779
|move|p2a: Whimsicott|Protect|p2a: Whimsicott
|-singleturn|p2a: Whimsicott|Protect
|move|p2b: Garchomp|Earthquake|p1a: Incineroar|[spread] p1a,p1b
|-activate|p2a: Whimsicott|move: Protect
|-supereffective|p1a: Incineroar|1
|-enditem|p1a: Incineroar|Shuca Berry|[eat]
|-enditem|p1a: Incineroar|Shuca Berry|[weaken]
|-damage|p1a: Incineroar|74/100
|-damage|p1b: Farigiraf|70/100
|-damage|p2b: Garchomp|90/100|[from] item: Life Orb
|move|p1a: Incineroar|Parting Shot|p1b: Farigiraf
|-unboost|p1b: Farigiraf|atk|1
|-unboost|p1b: Farigiraf|spa|1
|
|t:|1783729790
|switch|p1a: Tyranitar|Tyranitar, L50, M|100/100|[from] Parting Shot
|-weather|Sandstorm|[from] ability: Sand Stream|[of] p1a: Tyranitar
|move|p1b: Farigiraf|Trick Room|p1b: Farigiraf
|-fieldstart|move: Trick Room|[of] p1b: Farigiraf
|
|-weather|Sandstorm|[upkeep]
|-damage|p1b: Farigiraf|64/100|[from] Sandstorm
|-damage|p2a: Whimsicott|94/100|[from] Sandstorm
|upkeep
|turn|2
|inactive|Morpekinho has 30 seconds left.
|
|t:|1783729821
|switch|p1b: Incineroar|Incineroar, L50, M|74/100
|-ability|p1b: Incineroar|Intimidate|boost
|-unboost|p2a: Whimsicott|atk|1
|-unboost|p2b: Garchomp|atk|1
|detailschange|p1a: Tyranitar|Tyranitar-Mega, L50, M
|-mega|p1a: Tyranitar|Tyranitar|Tyranitarite
|move|p2b: Garchomp|Protect|p2b: Garchomp
|-singleturn|p2b: Garchomp|Protect
|move|p1a: Tyranitar|Ice Punch|p2a: Whimsicott
|-supereffective|p2a: Whimsicott|1
|-damage|p2a: Whimsicott|3/100
|-status|p2a: Whimsicott|frz
|cant|p2a: Whimsicott|frz
|
|-weather|Sandstorm|[upkeep]
|-damage|p1b: Incineroar|68/100|[from] Sandstorm
|-damage|p2a: Whimsicott|0 fnt|[from] Sandstorm
|faint|p2a: Whimsicott
|upkeep
|
|t:|1783729829
|switch|p2a: Pyroar|Pyroar, L50, F, shiny|100/100
|-ability|p2a: Pyroar|Unnerve
|turn|3
|
|t:|1783729851
|switch|p2b: Incineroar|Incineroar, L50, M, shiny|100/100
|-ability|p2b: Incineroar|Intimidate|boost
|-unboost|p1a: Tyranitar|atk|1
|-unboost|p1b: Incineroar|atk|1
|detailschange|p2a: Pyroar|Pyroar-Mega, L50, F, shiny
|-mega|p2a: Pyroar|Pyroar|Pyroarite
|move|p2a: Pyroar|Protect|p2a: Pyroar
|-singleturn|p2a: Pyroar|Protect
|move|p1b: Incineroar|Darkest Lariat|p2b: Incineroar
|-resisted|p2b: Incineroar|1
|-damage|p2b: Incineroar|89/100
|move|p1a: Tyranitar|Ice Punch|p2b: Incineroar
|-resisted|p2b: Incineroar|1
|-damage|p2b: Incineroar|79/100
|
|-weather|Sandstorm|[upkeep]
|-damage|p1b: Incineroar|62/100|[from] Sandstorm
|-damage|p2b: Incineroar|72/100|[from] Sandstorm
|-damage|p2a: Pyroar|94/100|[from] Sandstorm
|upkeep
|turn|4
|
|t:|1783729866
|switch|p1b: Farigiraf|Farigiraf, L50, M|64/100
|switch|p2a: Garchomp|Garchomp, L50, M|90/100
|move|p1a: Tyranitar|Rock Slide|p2a: Garchomp|[spread] p2a,p2b
|-resisted|p2a: Garchomp|1
|-supereffective|p2b: Incineroar|1
|-damage|p2a: Garchomp|76/100
|-damage|p2b: Incineroar|19/100
|-enditem|p2b: Incineroar|Sitrus Berry|[eat]
|-heal|p2b: Incineroar|44/100|[from] item: Sitrus Berry
|move|p2b: Incineroar|Parting Shot|p1a: Tyranitar
|-unboost|p1a: Tyranitar|atk|1
|-unboost|p1a: Tyranitar|spa|1
|
|t:|1783729876
|switch|p2b: Pyroar|Pyroar-Mega, L50, F, shiny|94/100|[from] Parting Shot
|
|-weather|Sandstorm|[upkeep]
|-damage|p1b: Farigiraf|58/100|[from] Sandstorm
|-damage|p2b: Pyroar|88/100|[from] Sandstorm
|upkeep
|turn|5
|inactive|Morpekinho has 30 seconds left.
|inactive|Morpekinho has 20 seconds left.
|inactive|Morpekinho has 15 seconds left.
|inactive|Morpekinho has 10 seconds left.
|
|t:|1783729923
|switch|p1a: Incineroar|Incineroar, L50, M|62/100
|-ability|p1a: Incineroar|Intimidate|boost
|-unboost|p2a: Garchomp|atk|1
|-unboost|p2b: Pyroar|atk|1
|switch|p2a: Incineroar|Incineroar, L50, M, shiny|44/100
|-ability|p2a: Incineroar|Intimidate|boost
|-unboost|p1a: Incineroar|atk|1
|-unboost|p1b: Farigiraf|atk|1
|move|p1b: Farigiraf|Thunderbolt|p2b: Pyroar
|-damage|p2b: Pyroar|63/100
|move|p2b: Pyroar|Heat Wave|p1b: Farigiraf|[spread] p1a,p1b
|-resisted|p1a: Incineroar|1
|-damage|p1a: Incineroar|39/100
|-damage|p1b: Farigiraf|15/100
|-enditem|p1b: Farigiraf|Sitrus Berry|[eat]
|-heal|p1b: Farigiraf|40/100|[from] item: Sitrus Berry
|
|-weather|none
|-fieldend|move: Trick Room
|upkeep
|turn|6
|inactive|Morpekinho has 30 seconds left.
|inactive|Morpekinho has 20 seconds left.
|inactive|Morpekinho has 15 seconds left.
|inactive|Morpekinho has 10 seconds left.
|
|t:|1783729969
|switch|p1b: Tyranitar|Tyranitar-Mega, L50, M|100/100
|-weather|Sandstorm|[from] ability: Sand Stream|[of] p1b: Tyranitar
|move|p1a: Incineroar|Fake Out|p2b: Pyroar
|-damage|p2b: Pyroar|54/100
|cant|p2b: Pyroar|flinch
|move|p2a: Incineroar|Throat Chop|p1b: Tyranitar
|-resisted|p1b: Tyranitar|1
|-damage|p1b: Tyranitar|87/100
|-start|p1b: Tyranitar|Throat Chop|[silent]
|
|-weather|Sandstorm|[upkeep]
|-damage|p2b: Pyroar|48/100|[from] Sandstorm
|-damage|p2a: Incineroar|38/100|[from] Sandstorm
|-damage|p1a: Incineroar|33/100|[from] Sandstorm
|upkeep
|turn|7
|
|t:|1783729985
|move|p2b: Pyroar|Heat Wave|p1a: Incineroar|[spread] p1a
|-miss|p2b: Pyroar|p1b: Tyranitar
|-resisted|p1a: Incineroar|1
|-damage|p1a: Incineroar|8/100
|move|p2a: Incineroar|Parting Shot|p1b: Tyranitar
|-unboost|p1b: Tyranitar|atk|1
|-unboost|p1b: Tyranitar|spa|1
|
|t:|1783729994
|switch|p2a: Garchomp|Garchomp, L50, M|76/100|[from] Parting Shot
|move|p1b: Tyranitar|Rock Slide|p2a: Garchomp|[spread] p2a,p2b
|-resisted|p2a: Garchomp|1
|-supereffective|p2b: Pyroar|1
|-damage|p2a: Garchomp|64/100
|-damage|p2b: Pyroar|0 fnt
|faint|p2b: Pyroar
|move|p1a: Incineroar|Parting Shot|p2a: Garchomp
|-unboost|p2a: Garchomp|atk|1
|-unboost|p2a: Garchomp|spa|1
|
|t:|1783730012
|switch|p1a: Farigiraf|Farigiraf, L50, M|40/100|[from] Parting Shot
|
|-weather|Sandstorm|[upkeep]
|-damage|p1a: Farigiraf|34/100|[from] Sandstorm
|-end|p1b: Tyranitar|Throat Chop|[silent]
|upkeep
|
|t:|1783730015
|switch|p2b: Incineroar|Incineroar, L50, M, shiny|38/100
|-ability|p2b: Incineroar|Intimidate|boost
|-unboost|p1a: Farigiraf|atk|1
|-unboost|p1b: Tyranitar|atk|1
|turn|8
|inactive|salmoncashew has 30 seconds left.
|
|t:|1783730048
|switch|p1b: Incineroar|Incineroar, L50, M|8/100
|-ability|p1b: Incineroar|Intimidate|boost
|-unboost|p2a: Garchomp|atk|1
|-unboost|p2b: Incineroar|atk|1
|move|p2a: Garchomp|Stomping Tantrum|p1b: Incineroar
|-supereffective|p1b: Incineroar|1
|-damage|p1b: Incineroar|0 fnt
|faint|p1b: Incineroar
|-damage|p2a: Garchomp|55/100|[from] item: Life Orb
|move|p2b: Incineroar|Throat Chop|p1a: Farigiraf
|-supereffective|p1a: Farigiraf|1
|-damage|p1a: Farigiraf|0 fnt
|faint|p1a: Farigiraf
|
|-weather|Sandstorm|[upkeep]
|-damage|p2b: Incineroar|32/100|[from] Sandstorm
|upkeep
|
|t:|1783730062
|switch|p1b: Excadrill|Excadrill, L50, M|100/100
|switch|p1a: Tyranitar|Tyranitar-Mega, L50, M|87/100
|turn|9
|
|t:|1783730070
|move|p2a: Garchomp|Protect|p2a: Garchomp
|-singleturn|p2a: Garchomp|Protect
|move|p1b: Excadrill|High Horsepower|p2b: Incineroar
|-supereffective|p2b: Incineroar|1
|-damage|p2b: Incineroar|0 fnt
|faint|p2b: Incineroar
|move|p1a: Tyranitar|Ice Punch|p2a: Garchomp
|-activate|p2a: Garchomp|move: Protect
|
|-weather|Sandstorm|[upkeep]
|upkeep
|turn|10
|
|t:|1783730080
|move|p1b: Excadrill|Rock Slide|p2a: Garchomp
|-resisted|p2a: Garchomp|1
|-damage|p2a: Garchomp|41/100
|cant|p2a: Garchomp|flinch
|move|p1a: Tyranitar|Ice Punch|p2a: Garchomp
|-supereffective|p2a: Garchomp|2
|-damage|p2a: Garchomp|0 fnt
|-damage|p1a: Tyranitar|75/100|[from] ability: Rough Skin|[of] p2a: Garchomp
|faint|p2a: Garchomp
|
|win|Morpekinho
|raw|Morpekinho's rating: 1295 → 1314(+19 for winning)
|raw|salmoncashew's rating: 1204 → 1185(-19 for losing)
