|j|☆antopeizYZ
|j|☆lucasmalt
|html|antopeizYZlucasmalt    
|uhtml|bestof|Game 2 of a best-of-3
|t:|1785432649
|gametype|doubles
|player|p1|antopeizYZ|hilda|1253
|player|p2|lucasmalt|2|1357
|gen|9
|tier|[Gen 9 Champions] VGC 2026 Reg M-B (Bo3)
|rated|
|rule|Species Clause: Limit one of each Pokémon
|rule|Item Clause: Limit 1 of each item
|clearpoke
|poke|p1|Hatterene, L50, F, shiny|
|poke|p1|Farigiraf, L50, F|
|poke|p1|Camerupt, L50, M|
|poke|p1|Grimmsnarl, L50, M, shiny|
|poke|p1|Conkeldurr, L50, M|
|poke|p1|Ceruledge, L50, F|
|poke|p2|Tyranitar, L50, F, shiny|
|poke|p2|Excadrill, L50, M, shiny|
|poke|p2|Gholdengo, L50|
|poke|p2|Sinistcha, L50, shiny|
|poke|p2|Milotic, L50, F, shiny|
|poke|p2|Staraptor, L50, M, shiny|
|teampreview|4
|showteam|p1|Hatterene||LifeOrb|MagicBounce|DazzlingGleam,TrickRoom,Psychic,Protect|Quiet||F|||50|]Farigiraf||SitrusBerry|ArmorTail|TrickRoom,HelpingHand,TwinBeam,Protect|Relaxed||F|||50|]Camerupt||Cameruptite|SolidRock|AncientPower,HeatWave,EarthPower,Protect|Quiet||M|||50|]Grimmsnarl||LightClay|Prankster|SpiritBreak,Reflect,LightScreen,PartingShot|Sassy||M|||50|]Conkeldurr||RoseliBerry|IronFist|DrainPunch,IcePunch,ThunderPunch,Protect|Adamant||M|||50|]Ceruledge||FocusSash|FlashFire|BitterBlade,CloseCombat,Poltergeist,SunnyDay|Adamant||F|||50|
|showteam|p2|Tyranitar||Tyranitarite|SandStream|RockSlide,KnockOff,LowKick,Protect|Adamant||F|||50|]Excadrill||FocusSash|SandRush|IronHead,HighHorsepower,RockSlide,Protect|Adamant||M|||50|]Gholdengo||LifeOrb|GoodasGold|ShadowBall,MakeItRain,NastyPlot,Protect|Modest|||||50|]Sinistcha||ColburBerry|Hospitality|MatchaGotcha,RagePowder,TrickRoom,Protect|Bold|||||50|]Milotic||SitrusBerry|Competitive|Scald,IceBeam,Recover,Protect|Modest||F|||50|]Staraptor||Staraptite|Intimidate|BraveBird,CloseCombat,Tailwind,Protect|Jolly||M|||50|
|inactive|Battle timer is ON: inactive players will automatically lose when time's up. (requested by antopeizYZ)
|
|t:|1785432671
|teamsize|p1|4
|teamsize|p2|4
|start
|switch|p1a: Grimmsnarl|Grimmsnarl, L50, M, shiny|100/100
|switch|p1b: Conkeldurr|Conkeldurr, L50, M|100/100
|switch|p2a: Sinistcha|Sinistcha, L50, shiny|100/100
|switch|p2b: Milotic|Milotic, L50, F, shiny|100/100
|turn|1
|
|t:|1785432686
|move|p1a: Grimmsnarl|Light Screen|p1a: Grimmsnarl
|-sidestart|p1: antopeizYZ|move: Light Screen
|move|p2b: Milotic|Scald|p1b: Conkeldurr
|-damage|p1b: Conkeldurr|76/100
|-status|p1b: Conkeldurr|brn
|move|p2a: Sinistcha|Matcha Gotcha|p1a: Grimmsnarl|[spread] p1a,p1b
|-damage|p1a: Grimmsnarl|86/100
|-damage|p1b: Conkeldurr|58/100 brn
|move|p1b: Conkeldurr|Thunder Punch|p2b: Milotic
|-supereffective|p2b: Milotic|1
|-damage|p2b: Milotic|64/100
|
|-damage|p1b: Conkeldurr|52/100 brn|[from] brn
|upkeep
|turn|2
|
|t:|1785432708
|move|p2a: Sinistcha|Rage Powder|p2a: Sinistcha
|-singleturn|p2a: Sinistcha|move: Rage Powder
|move|p2b: Milotic|Scald|p1b: Conkeldurr
|-damage|p1b: Conkeldurr|28/100 brn
|move|p1a: Grimmsnarl|Spirit Break|p2a: Sinistcha
|-damage|p2a: Sinistcha|75/100
|-unboost|p2a: Sinistcha|spa|1
|move|p1b: Conkeldurr|Thunder Punch|p2a: Sinistcha
|-resisted|p2a: Sinistcha|1
|-damage|p2a: Sinistcha|67/100
|
|-damage|p1b: Conkeldurr|22/100 brn|[from] brn
|upkeep
|turn|3
|
|t:|1785432725
|switch|p2a: Excadrill|Excadrill, L50, M, shiny|100/100
|move|p2b: Milotic|Scald|p1b: Conkeldurr
|-damage|p1b: Conkeldurr|0 fnt
|faint|p1b: Conkeldurr
|move|p1a: Grimmsnarl|Spirit Break|p2a: Excadrill
|-resisted|p2a: Excadrill|1
|-damage|p2a: Excadrill|79/100
|-unboost|p2a: Excadrill|spa|1
|
|upkeep
|
|t:|1785432738
|switch|p1b: Hatterene|Hatterene, L50, F, shiny|100/100
|turn|4
|
|t:|1785432744
|move|p1a: Grimmsnarl|Reflect|p1a: Grimmsnarl
|-sidestart|p1: antopeizYZ|Reflect
|move|p2a: Excadrill|Iron Head|p1b: Hatterene
|-supereffective|p1b: Hatterene|1
|-damage|p1b: Hatterene|31/100
|move|p2b: Milotic|Scald|p1b: Hatterene
|-damage|p1b: Hatterene|7/100
|move|p1b: Hatterene|Trick Room|p1b: Hatterene
|-fieldstart|move: Trick Room|[of] p1b: Hatterene
|
|upkeep
|turn|5
|
|t:|1785432764
|switch|p1b: Camerupt|Camerupt, L50, M|100/100
|switch|p2b: Sinistcha|Sinistcha, L50, shiny|67/100
|-heal|p2a: Excadrill|100/100|[from] ability: Hospitality|[of] p2b: Sinistcha
|move|p1a: Grimmsnarl|Parting Shot|p2a: Excadrill
|-unboost|p2a: Excadrill|atk|1
|-unboost|p2a: Excadrill|spa|1
|
|t:|1785432772
|switch|p1a: Hatterene|Hatterene, L50, F, shiny|7/100|[from] Parting Shot
|move|p2a: Excadrill|Iron Head|p1b: Camerupt
|-resisted|p1b: Camerupt|1
|-damage|p1b: Camerupt|87/100
|
|upkeep
|turn|6
|
|t:|1785432788
|switch|p2a: Tyranitar|Tyranitar, L50, F, shiny|100/100
|-weather|Sandstorm|[from] ability: Sand Stream|[of] p2a: Tyranitar
|detailschange|p1b: Camerupt|Camerupt-Mega, L50, M
|-mega|p1b: Camerupt|Camerupt|Cameruptite
|move|p2b: Sinistcha|Rage Powder|p2b: Sinistcha
|-singleturn|p2b: Sinistcha|move: Rage Powder
|move|p1b: Camerupt|Heat Wave|p2b: Sinistcha|[spread] p2a,p2b
|-resisted|p2a: Tyranitar|1
|-supereffective|p2b: Sinistcha|1
|-damage|p2a: Tyranitar|83/100
|-damage|p2b: Sinistcha|0 fnt
|faint|p2b: Sinistcha
|move|p1a: Hatterene|Dazzling Gleam|p2a: Tyranitar
|-supereffective|p2a: Tyranitar|1
|-damage|p2a: Tyranitar|17/100
|-damage|p1a: Hatterene|0 fnt|[from] item: Life Orb
|faint|p1a: Hatterene
|
|-weather|Sandstorm|[upkeep]
|upkeep
|
|t:|1785432803
|switch|p1a: Grimmsnarl|Grimmsnarl, L50, M, shiny|86/100
|switch|p2b: Milotic|Milotic, L50, F, shiny|64/100
|turn|7
|inactive|lucasmalt has 30 seconds left.
|
|t:|1785432829
|detailschange|p2a: Tyranitar|Tyranitar-Mega, L50, F, shiny
|-mega|p2a: Tyranitar|Tyranitar|Tyranitarite
|move|p1b: Camerupt|Earth Power|p2b: Milotic
|-damage|p2b: Milotic|13/100
|-enditem|p2b: Milotic|Sitrus Berry|[eat]
|-heal|p2b: Milotic|38/100|[from] item: Sitrus Berry
|move|p1a: Grimmsnarl|Spirit Break|p2a: Tyranitar
|-supereffective|p2a: Tyranitar|1
|-damage|p2a: Tyranitar|0 fnt
|faint|p2a: Tyranitar
|move|p2b: Milotic|Scald|p1b: Camerupt
|-supereffective|p1b: Camerupt|2
|-damage|p1b: Camerupt|5/100
|
|-weather|Sandstorm|[upkeep]
|-damage|p1a: Grimmsnarl|80/100|[from] Sandstorm
|-damage|p2b: Milotic|32/100|[from] Sandstorm
|upkeep
|
|t:|1785432846
|switch|p2a: Excadrill|Excadrill, L50, M, shiny|100/100
|turn|8
|
|t:|1785432859
|move|p2b: Milotic|Protect|p2b: Milotic
|-singleturn|p2b: Milotic|Protect
|move|p2a: Excadrill|Protect|p2a: Excadrill
|-singleturn|p2a: Excadrill|Protect
|move|p1b: Camerupt|Heat Wave|p2b: Milotic|[spread] 
|-activate|p2a: Excadrill|move: Protect
|-activate|p2b: Milotic|move: Protect
|move|p1a: Grimmsnarl|Spirit Break|p2a: Excadrill
|-activate|p2a: Excadrill|move: Protect
|
|-weather|Sandstorm|[upkeep]
|-damage|p1a: Grimmsnarl|74/100|[from] Sandstorm
|-damage|p2b: Milotic|26/100|[from] Sandstorm
|-sideend|p1: antopeizYZ|move: Light Screen
|-fieldend|move: Trick Room
|upkeep
|turn|9
|
|t:|1785432875
|move|p1b: Camerupt|Protect|p1b: Camerupt
|-singleturn|p1b: Camerupt|Protect
|move|p1a: Grimmsnarl|Parting Shot|p2a: Excadrill
|-unboost|p2a: Excadrill|atk|1
|-unboost|p2a: Excadrill|spa|1
|move|p2a: Excadrill|Iron Head|p1a: Grimmsnarl
|-supereffective|p1a: Grimmsnarl|1
|-damage|p1a: Grimmsnarl|29/100
|move|p2b: Milotic|Scald|p1b: Camerupt
|-activate|p1b: Camerupt|move: Protect
|
|-weather|Sandstorm|[upkeep]
|-damage|p2b: Milotic|20/100y|[from] Sandstorm
|-damage|p1a: Grimmsnarl|23/100|[from] Sandstorm
|upkeep
|turn|10
|
|t:|1785432889
|move|p1b: Camerupt|Protect||[still]
|-fail|p1b: Camerupt
|move|p2a: Excadrill|Iron Head|p1a: Grimmsnarl
|-supereffective|p1a: Grimmsnarl|1
|-damage|p1a: Grimmsnarl|0 fnt
|faint|p1a: Grimmsnarl
|move|p2b: Milotic|Scald|p1b: Camerupt
|-supereffective|p1b: Camerupt|2
|-damage|p1b: Camerupt|0 fnt
|faint|p1b: Camerupt
|
|win|lucasmalt
|raw|antopeizYZ's rating: 1253 → 1235(-18 for losing)
|raw|lucasmalt's rating: 1357 → 1371(+14 for winning)
