|j|☆robinrambles
|j|☆Danidelaserna20
|html|robinramblesDanidelaserna20    
|uhtml|bestof|Game 1 of a best-of-3
|t:|1784312494
|gametype|doubles
|player|p1|robinrambles|dawn-gen4pt|1220
|player|p2|Danidelaserna20|ethan|1283
|gen|9
|tier|[Gen 9 Champions] VGC 2026 Reg M-B (Bo3)
|rated|
|rule|Species Clause: Limit one of each Pokémon
|rule|Item Clause: Limit 1 of each item
|clearpoke
|poke|p1|Staraptor, L50, F|
|poke|p1|Whimsicott, L50, M|
|poke|p1|Incineroar, L50, F|
|poke|p1|Garchomp, L50, F|
|poke|p1|Glimmora, L50, M|
|poke|p1|Rotom-Wash, L50|
|poke|p2|Kingambit, L50, M, shiny|
|poke|p2|Aerodactyl, L50, F|
|poke|p2|Farigiraf, L50, M|
|poke|p2|Sylveon, L50, F|
|poke|p2|Garchomp, L50, M|
|poke|p2|Charizard, L50, F|
|teampreview|4
|showteam|p1|Staraptor||Staraptite|Intimidate|Roost,Protect,CloseCombat,BraveBird|Adamant||F|||50|]Whimsicott||FocusSash|Prankster|Encore,Moonblast,Tailwind,Charm|Bold||M|||50|]Incineroar||WhiteHerb|Intimidate|FakeOut,DarkestLariat,FlareBlitz,PartingShot|Adamant||F|||50|]Garchomp||LifeOrb|RoughSkin|StompingTantrum,RockSlide,DragonClaw,Protect|Jolly||F|||50|]Glimmora||Glimmoranite|ToxicDebris|PowerGem,SludgeBomb,Protect,EarthPower|Timid||M|||50|]Rotom-Wash||ChoiceScarf|Levitate|Trick,VoltSwitch,HydroPump,WillOWisp|Modest|||||50|
|showteam|p2|Kingambit||FocusSash|Defiant|KowtowCleave,LowKick,SuckerPunch,IronHead|Adamant||M|||50|]Aerodactyl||Aerodactylite|Unnerve|DualWingbeat,IceFang,Tailwind,RockSlide|Jolly||F|||50|]Farigiraf||SitrusBerry|ArmorTail|Thunderbolt,PsychicFangs,TrickRoom,SunnyDay|Relaxed||M|||50|]Sylveon||FairyFeather|Pixilate|HyperVoice,Protect,QuickAttack,HyperBeam|Modest||F|||50|]Garchomp||LifeOrb|RoughSkin|Earthquake,StompingTantrum,Protect,DragonClaw|Jolly||M|||50|]Charizard||CharizarditeY|Blaze|HeatWave,Protect,WeatherBall,SolarBeam|Modest||F|||50|
|
|t:|1784312549
|teamsize|p1|4
|teamsize|p2|4
|start
|switch|p1a: Glimmora|Glimmora, L50, M|100/100
|switch|p1b: Rotom|Rotom-Wash, L50|100/100
|switch|p2a: Aerodactyl|Aerodactyl, L50, F|100/100
|switch|p2b: Farigiraf|Farigiraf, L50, M|100/100
|-ability|p2a: Aerodactyl|Unnerve
|turn|1
|
|t:|1784312574
|switch|p2a: Sylveon|Sylveon, L50, F|100/100
|move|p1a: Glimmora|Protect|p1a: Glimmora
|-singleturn|p1a: Glimmora|Protect
|move|p1b: Rotom|Trick|p2b: Farigiraf
|-activate|p1b: Rotom|move: Trick|[of] p2b: Farigiraf
|-item|p2b: Farigiraf|Choice Scarf|[from] move: Trick
|-item|p1b: Rotom|Sitrus Berry|[from] move: Trick
|move|p2b: Farigiraf|Trick Room|p2b: Farigiraf
|-fieldstart|move: Trick Room|[of] p2b: Farigiraf
|
|upkeep
|turn|2
|
|t:|1784312598
|switch|p2b: Kingambit|Kingambit, L50, M, shiny|100/100
|detailschange|p1a: Glimmora|Glimmora-Mega, L50, M
|-mega|p1a: Glimmora|Glimmora|Glimmoranite
|move|p2a: Sylveon|Hyper Voice|p1b: Rotom|[spread] p1a,p1b
|-resisted|p1a: Glimmora|1
|-damage|p1a: Glimmora|72/100
|-damage|p1b: Rotom|41/100
|-enditem|p1b: Rotom|Sitrus Berry|[eat]
|-heal|p1b: Rotom|66/100|[from] item: Sitrus Berry
|move|p1b: Rotom|Volt Switch|p2a: Sylveon
|-damage|p2a: Sylveon|73/100
|
|t:|1784312609
|switch|p1b: Garchomp|Garchomp, L50, F|100/100|[from] Volt Switch
|move|p1a: Glimmora|Sludge Bomb|p2a: Sylveon
|-supereffective|p2a: Sylveon|1
|-damage|p2a: Sylveon|0 fnt
|faint|p2a: Sylveon
|
|upkeep
|
|t:|1784312618
|switch|p2a: Farigiraf|Farigiraf, L50, M|100/100
|turn|3
|
|t:|1784312627
|move|p1a: Glimmora|Protect|p1a: Glimmora
|-singleturn|p1a: Glimmora|Protect
|move|p2b: Kingambit|Kowtow Cleave|p1b: Garchomp
|-damage|p1b: Garchomp|53/100
|-damage|p2b: Kingambit|87/100|[from] ability: Rough Skin|[of] p1b: Garchomp
|move|p2a: Farigiraf|Psychic Fangs|p1b: Garchomp
|-damage|p1b: Garchomp|28/100
|-damage|p2a: Farigiraf|87/100|[from] ability: Rough Skin|[of] p1b: Garchomp
|move|p1b: Garchomp|Stomping Tantrum|p2b: Kingambit
|-supereffective|p2b: Kingambit|1
|-damage|p2b: Kingambit|10/100
|-damage|p1b: Garchomp|18/100|[from] item: Life Orb
|
|upkeep
|turn|4
|
|t:|1784312647
|switch|p1a: Rotom|Rotom-Wash, L50|66/100
|move|p1b: Garchomp|Protect|p1b: Garchomp
|-singleturn|p1b: Garchomp|Protect
|move|p2b: Kingambit|Iron Head|p1a: Rotom
|-resisted|p1a: Rotom|2
|-damage|p1a: Rotom|52/100
|move|p2a: Farigiraf|Psychic Fangs|p1b: Garchomp
|-activate|p1b: Garchomp|move: Protect
|
|upkeep
|turn|5
|
|t:|1784312673
|move|p2b: Kingambit|Kowtow Cleave|p1a: Rotom
|-damage|p1a: Rotom|0 fnt
|faint|p1a: Rotom
|move|p2a: Farigiraf|Psychic Fangs|p1b: Garchomp
|-damage|p1b: Garchomp|0 fnt
|-damage|p2a: Farigiraf|75/100|[from] ability: Rough Skin|[of] p1b: Garchomp
|faint|p1b: Garchomp
|
|-fieldend|move: Trick Room
|upkeep
|
|t:|1784312682
|switch|p1b: Incineroar|Incineroar, L50, F|100/100
|switch|p1a: Glimmora|Glimmora-Mega, L50, M|72/100
|-ability|p1b: Incineroar|Intimidate|boost
|-unboost|p2a: Farigiraf|atk|1
|-unboost|p2b: Kingambit|atk|1
|-ability|p2b: Kingambit|Defiant|boost
|-boost|p2b: Kingambit|atk|2
|turn|6
|
|t:|1784312700
|switch|p2a: Aerodactyl|Aerodactyl, L50, F|100/100
|-ability|p2a: Aerodactyl|Unnerve
|move|p1a: Glimmora|Protect|p1a: Glimmora
|-singleturn|p1a: Glimmora|Protect
|move|p2b: Kingambit|Low Kick|p1b: Incineroar
|-supereffective|p1b: Incineroar|1
|-damage|p1b: Incineroar|4/100
|move|p1b: Incineroar|Flare Blitz|p2b: Kingambit
|-supereffective|p2b: Kingambit|1
|-damage|p2b: Kingambit|0 fnt
|faint|p2b: Kingambit
|-damage|p1b: Incineroar|1/100|[from] Recoil
|
|upkeep
|
|t:|1784312710
|switch|p2b: Farigiraf|Farigiraf, L50, M|75/100
|turn|7
|
|t:|1784312719
|detailschange|p2a: Aerodactyl|Aerodactyl-Mega, L50, F
|-mega|p2a: Aerodactyl|Aerodactyl|Aerodactylite
|move|p2a: Aerodactyl|Rock Slide|p1b: Incineroar|[spread] p1a
|-miss|p2a: Aerodactyl|p1b: Incineroar
|-damage|p1a: Glimmora|44/100
|move|p1a: Glimmora|Power Gem|p2a: Aerodactyl
|-supereffective|p2a: Aerodactyl|1
|-damage|p2a: Aerodactyl|0 fnt
|faint|p2a: Aerodactyl
|move|p2b: Farigiraf|Psychic Fangs|p1a: Glimmora
|-supereffective|p1a: Glimmora|1
|-damage|p1a: Glimmora|0 fnt
|faint|p1a: Glimmora
|move|p1b: Incineroar|Darkest Lariat|p2b: Farigiraf
|-supereffective|p2b: Farigiraf|1
|-damage|p2b: Farigiraf|12/100
|
|upkeep
|turn|8
|-message|Danidelaserna20 forfeited.
|
|win|robinrambles
||Danidelaserna20 is ready for game 2.
||robinrambles is ready for game 2.
|uhtml|next|Next: Game 2 of 3
|l|☆Danidelaserna20
|player|p2|
