|j|☆Traindelpivgc
|j|☆LoveLiveTrickRoom
|html|TraindelpivgcLoveLiveTrickRoom    
|uhtml|bestof|Game 1 of a best-of-3
|t:|1756376008
|gametype|doubles
|player|p1|Traindelpivgc|hilbert-wonderlauncher|1161
|player|p2|LoveLiveTrickRoom|blackbelt-gen1|1107
|gen|9
|tier|[Gen 9] VGC 2025 Reg H (Bo3)
|rated|
|rule|Species Clause: Limit one of each Pokémon
|rule|Item Clause: Limit 1 of each item
|clearpoke
|poke|p1|Incineroar, L50, M|
|poke|p1|Amoonguss, L50, F|
|poke|p1|Ursaluna-Bloodmoon, L50, M|
|poke|p1|Sneasler, L50, F|
|poke|p1|Gholdengo, L50|
|poke|p1|Dragonite, L50, F|
|poke|p2|Sneasler, L50, F|
|poke|p2|Dondozo, L50, F|
|poke|p2|Baxcalibur, L50, M|
|poke|p2|Volcarona, L50, M|
|poke|p2|Rillaboom, L50, F|
|poke|p2|Kingambit, L50, F|
|teampreview|4
|showteam|p1|Incineroar||SafetyGoggles|Intimidate|FlareBlitz,KnockOff,PartingShot,FakeOut|||M|||50|,,,,,Ghost]Amoonguss||SitrusBerry|Regenerator|Spore,RagePowder,PollenPuff,Protect|||F|||50|,,,,,Psychic]Ursaluna-Bloodmoon||AssaultVest|MindsEye|HyperVoice,BloodMoon,EarthPower,VacuumWave|||M|||50|,,,,,Water]Sneasler||FocusSash|Unburden|CloseCombat,DireClaw,ThroatChop,Protect|||F|||50|,,,,,Stellar]Gholdengo||LifeOrb|GoodasGold|MakeItRain,ShadowBall,NastyPlot,Protect||||||50|,,,,,Water]Dragonite||LoadedDice|Multiscale|ScaleShot,Tailwind,Haze,Protect|||F|||50|,,,,,Fairy
|showteam|p2|Sneasler||FocusSash|Unburden|Protect,CloseCombat,DireClaw,Coaching|||F|||50|,,,,,Stellar]Dondozo||Leftovers|Unaware|Protect,Yawn,Liquidation,Fissure|||F|||50|,,,,,Bug]Baxcalibur||LoadedDice|ThermalExchange|Protect,IceShard,ScaleShot,IcicleSpear|||M|||50|,,,,,Ghost]Volcarona||CovertCloak|FlameBody|QuiverDance,HeatWave,TeraBlast,RagePowder|||M|||50|,,,,,Fairy]Rillaboom||AssaultVest|GrassySurge|GrassyGlide,FakeOut,HighHorsepower,WoodHammer|||F|||50|,,,,,Water]Kingambit||SafetyGoggles|Defiant|Protect,SwordsDance,KowtowCleave,SuckerPunch|||F|||50|,,,,,Dark
|inactive|Battle timer is ON: inactive players will automatically lose when time's up. (requested by LoveLiveTrickRoom)
|
|t:|1756376094
|teamsize|p1|4
|teamsize|p2|4
|start
|switch|p1a: Incineroar|Incineroar, L50, M|100/100
|switch|p1b: Gholdengo|Gholdengo, L50|100/100
|switch|p2a: Volcarona|Volcarona, L50, M|100/100
|switch|p2b: Dondozo|Dondozo, L50, F, shiny|100/100
|-ability|p1a: Incineroar|Intimidate|boost
|-unboost|p2a: Volcarona|atk|1
|-unboost|p2b: Dondozo|atk|1
|turn|1
|inactive|Traindelpivgc has 30 seconds left.
|inactive|Traindelpivgc has 20 seconds left.
|
|t:|1756376133
|-terastallize|p1b: Gholdengo|Water
|move|p1b: Gholdengo|Shadow Ball|p2a: Volcarona
|-damage|p2a: Volcarona|46/100
|-damage|p1b: Gholdengo|91/100|[from] item: Life Orb
|move|p2a: Volcarona|Quiver Dance|p2a: Volcarona
|-boost|p2a: Volcarona|spa|1
|-boost|p2a: Volcarona|spd|1
|-boost|p2a: Volcarona|spe|1
|move|p1a: Incineroar|Knock Off|p2a: Volcarona
|-damage|p2a: Volcarona|0 fnt
|-enditem|p2a: Volcarona|Covert Cloak|[from] move: Knock Off|[of] p1a: Incineroar
|faint|p2a: Volcarona
|move|p2b: Dondozo|Fissure|p1b: Gholdengo|[miss]
|-miss|p2b: Dondozo|p1b: Gholdengo
|
|upkeep
|inactive|LoveLiveTrickRoom has 30 seconds left.
|
|t:|1756376165
|switch|p2a: Sneasler|Sneasler, L50, F|100/100
|turn|2
|inactive|Traindelpivgc has 30 seconds left.
|
|t:|1756376197
|-terastallize|p2a: Sneasler|Stellar
|move|p1b: Gholdengo|Protect|p1b: Gholdengo
|-singleturn|p1b: Gholdengo|Protect
|move|p2a: Sneasler|Dire Claw|p1b: Gholdengo
|-activate|p1b: Gholdengo|move: Protect
|move|p1a: Incineroar|Flare Blitz|p2a: Sneasler
|-damage|p2a: Sneasler|17/100
|-damage|p1a: Incineroar|79/100|[from] Recoil
|move|p2b: Dondozo|Yawn|p1a: Incineroar
|-start|p1a: Incineroar|move: Yawn|[of] p2b: Dondozo
|
|upkeep
|turn|3
|
|t:|1756376218
|switch|p1b: Ursaluna|Ursaluna-Bloodmoon, L50, M|100/100
|move|p2a: Sneasler|Dire Claw|p1b: Ursaluna
|-resisted|p1b: Ursaluna
|-damage|p1b: Ursaluna|79/100
|-status|p1b: Ursaluna|par
|move|p1a: Incineroar|Parting Shot|p2b: Dondozo
|-unboost|p2b: Dondozo|atk|1
|-unboost|p2b: Dondozo|spa|1
|
|t:|1756376234
|switch|p1a: Gholdengo|Gholdengo, L50, tera:Water|91/100|[from] Parting Shot
|move|p2b: Dondozo|Yawn|p1a: Gholdengo
|-immune|p1a: Gholdengo|[from] ability: Good as Gold
|
|upkeep
|turn|4
|
|t:|1756376249
|move|p1a: Gholdengo|Protect|p1a: Gholdengo
|-singleturn|p1a: Gholdengo|Protect
|move|p2a: Sneasler|Close Combat|p1a: Gholdengo
|-activate|p1a: Gholdengo|move: Protect
|move|p2b: Dondozo|Liquidation|p1b: Ursaluna
|-supereffective|p1b: Ursaluna
|-damage|p1b: Ursaluna|55/100 par
|cant|p1b: Ursaluna|par
|
|upkeep
|turn|5
|
|t:|1756376268
|switch|p1a: Incineroar|Incineroar, L50, M|79/100
|-ability|p1a: Incineroar|Intimidate|boost
|-unboost|p2a: Sneasler|atk|1
|-unboost|p2b: Dondozo|atk|1
|move|p2a: Sneasler|Close Combat|p1a: Incineroar
|-supereffective|p1a: Incineroar
|-damage|p1a: Incineroar|0 fnt
|-unboost|p2a: Sneasler|def|1
|-unboost|p2a: Sneasler|spd|1
|faint|p1a: Incineroar
|move|p2b: Dondozo|Liquidation|p1b: Ursaluna
|-supereffective|p1b: Ursaluna
|-damage|p1b: Ursaluna|34/100 par
|move|p1b: Ursaluna|Hyper Voice|p2b: Dondozo|[spread] p2a,p2b
|-damage|p2a: Sneasler|0 fnt
|-damage|p2b: Dondozo|70/100
|faint|p2a: Sneasler
|
|-heal|p2b: Dondozo|76/100|[from] item: Leftovers
|upkeep
|inactive|Traindelpivgc has 30 seconds left.
|
|t:|1756376298
|switch|p2a: Kingambit|Kingambit, L50, F, shiny|100/100
|switch|p1a: Sneasler|Sneasler, L50, F|100/100
|turn|6
|
|t:|1756376319
|move|p2a: Kingambit|Protect|p2a: Kingambit
|-singleturn|p2a: Kingambit|Protect
|move|p1a: Sneasler|Close Combat|p2a: Kingambit
|-activate|p2a: Kingambit|move: Protect
|move|p2b: Dondozo|Liquidation|p1a: Sneasler
|-damage|p1a: Sneasler|75/100
|-unboost|p1a: Sneasler|def|1
|cant|p1b: Ursaluna|par
|
|-heal|p2b: Dondozo|83/100|[from] item: Leftovers
|upkeep
|turn|7
|
|t:|1756376340
|move|p2a: Kingambit|Sucker Punch|p1a: Sneasler
|-resisted|p1a: Sneasler
|-damage|p1a: Sneasler|27/100
|move|p1a: Sneasler|Close Combat|p2a: Kingambit
|-supereffective|p2a: Kingambit
|-damage|p2a: Kingambit|0 fnt
|-unboost|p1a: Sneasler|def|1
|-unboost|p1a: Sneasler|spd|1
|faint|p2a: Kingambit
|move|p2b: Dondozo|Liquidation|p1b: Ursaluna
|-supereffective|p1b: Ursaluna
|-damage|p1b: Ursaluna|11/100 par
|move|p1b: Ursaluna|Blood Moon|p2b: Dondozo
|-damage|p2b: Dondozo|20/100
|
|-heal|p2b: Dondozo|26/100|[from] item: Leftovers
|upkeep
|turn|8
|inactive|Traindelpivgc has 30 seconds left.
|
|t:|1756376375
|cant|p1b: Ursaluna|par
|move|p1a: Sneasler|Dire Claw|p2b: Dondozo
|-damage|p2b: Dondozo|0 fnt
|faint|p2b: Dondozo
|
|win|Traindelpivgc
||Traindelpivgc is ready for game 2.
||LoveLiveTrickRoom is ready for game 2.
|uhtml|next|Next: Game 2 of 3
