|j|☆555jjjhjhjhj
|j|☆sarkysays
|html|555jjjhjhjhjsarkysays    
|uhtml|bestof|Game 1 of a best-of-3
|t:|1783409711
|gametype|doubles
|player|p1|555jjjhjhjhj|2|1107
|player|p2|sarkysays|101|1106
|gen|9
|tier|[Gen 9 Champions] VGC 2026 Reg M-B (Bo3)
|rated|
|rule|Species Clause: Limit one of each Pokémon
|rule|Item Clause: Limit 1 of each item
|clearpoke
|poke|p1|Eelektross, L50, F|
|poke|p1|Garchomp, L50, F|
|poke|p1|Staraptor, L50, F|
|poke|p1|Whimsicott, L50, F|
|poke|p1|Sinistcha, L50|
|poke|p1|Incineroar, L50, F|
|poke|p2|Meganium, L50, F|
|poke|p2|Volcarona, L50, M|
|poke|p2|Metagross, L50|
|poke|p2|Overqwil, L50, M|
|poke|p2|Pelipper, L50, M|
|poke|p2|Garchomp, L50, M|
|teampreview|4
|showteam|p1|Eelektross||Eelektrossite|Levitate|Thunderbolt,Protect,GigaDrain,FlashCannon|Timid||F|||50|]Garchomp||LifeOrb|RoughSkin|Earthquake,IronHead,RockSlide,StompingTantrum|Jolly||F|||50|]Staraptor||Staraptite|Intimidate|Protect,BraveBird,CloseCombat,Roost|Adamant||F|||50|]Whimsicott||FocusSash|Prankster|Encore,Tailwind,Tickle,Moonblast|Bold||F|||50|]Sinistcha||CobaBerry|Hospitality|Protect,RagePowder,MatchaGotcha,StrengthSap|Bold|||||50|]Incineroar||SitrusBerry|Intimidate|FakeOut,PartingShot,FlareBlitz,ThroatChop|Adamant||F|||50|
|showteam|p2|Meganium||Meganiumite|Overgrow|DazzlingGleam,SolarBeam,Protect,WeatherBall|Modest||F|||50|]Volcarona||FocusSash|FlameBody|RagePowder,Tailwind,HeatWave,LightScreen|Modest||M|||50|]Metagross||Metagrossite|ClearBody|PsychicFangs,Earthquake,IronHead,Protect|Jolly|||||50|]Overqwil||ExpertBelt|Intimidate|Crunch,Taunt,BarbBarrage,Protect|Adamant||M|||50|]Pelipper||MysticWater|Drizzle|Hurricane,WeatherBall,IceBeam,WideGuard|Modest||M|||50|]Garchomp||Leftovers|RoughSkin|StompingTantrum,DragonClaw,RockSlide,Protect|Jolly||M|||50|
|inactive|Battle timer is ON: inactive players will automatically lose when time's up. (requested by sarkysays)
|inactive|555jjjhjhjhj has 60 seconds left.
|inactive|sarkysays has 60 seconds left.
|inactive|sarkysays has 30 seconds left.
|
|t:|1783409775
|teamsize|p1|4
|teamsize|p2|4
|start
|switch|p1a: Staraptor|Staraptor, L50, F|100/100
|switch|p1b: Incineroar|Incineroar, L50, F|100/100
|switch|p2a: Meganium|Meganium, L50, F|100/100
|switch|p2b: Overqwil|Overqwil, L50, M|100/100
|-ability|p1a: Staraptor|Intimidate|boost
|-unboost|p2a: Meganium|atk|1
|-unboost|p2b: Overqwil|atk|1
|-ability|p2b: Overqwil|Intimidate|boost
|-unboost|p1a: Staraptor|atk|1
|-unboost|p1b: Incineroar|atk|1
|-ability|p1b: Incineroar|Intimidate|boost
|-unboost|p2a: Meganium|atk|1
|-unboost|p2b: Overqwil|atk|1
|turn|1
|inactive|555jjjhjhjhj has 30 seconds left.
|inactive|sarkysays has 30 seconds left.
|inactive|sarkysays has 20 seconds left.
|inactive|sarkysays has 15 seconds left.
|
|t:|1783409818
|detailschange|p1a: Staraptor|Staraptor-Mega, L50, F
|-mega|p1a: Staraptor|Staraptor|Staraptite
|move|p2a: Meganium|Protect|p2a: Meganium
|-singleturn|p2a: Meganium|Protect
|move|p1b: Incineroar|Fake Out|p2b: Overqwil
|-damage|p2b: Overqwil|88/100
|move|p1a: Staraptor|Brave Bird|p2a: Meganium
|-activate|p2a: Meganium|move: Protect
|cant|p2b: Overqwil|flinch
|
|upkeep
|turn|2
|
|t:|1783409841
|switch|p2a: Pelipper|Pelipper, L50, M|100/100
|-weather|RainDance|[from] ability: Drizzle|[of] p2a: Pelipper
|move|p1a: Staraptor|Close Combat|p2a: Pelipper
|-resisted|p2a: Pelipper|1
|-damage|p2a: Pelipper|74/100
|-boost|p1a: Staraptor|def|1
|-boost|p1a: Staraptor|spd|1
|move|p2b: Overqwil|Barb Barrage|p1a: Staraptor
|-damage|p1a: Staraptor|86/100
|-status|p1a: Staraptor|psn
|move|p1b: Incineroar|Parting Shot|p2a: Pelipper
|-unboost|p2a: Pelipper|atk|1
|-unboost|p2a: Pelipper|spa|1
|
|t:|1783409862
|switch|p1b: Eelektross|Eelektross, L50, F|100/100|[from] Parting Shot
|
|-weather|RainDance|[upkeep]
|-damage|p1a: Staraptor|74/100 psn|[from] psn
|upkeep
|turn|3
|inactive|sarkysays has 30 seconds left.
|inactive|sarkysays has 20 seconds left.
|inactive|sarkysays has 15 seconds left.
|
|t:|1783409903
|switch|p2a: Garchomp|Garchomp, L50, M|100/100
|move|p1a: Staraptor|Brave Bird|p2b: Overqwil
|-damage|p2b: Overqwil|34/100
|-damage|p1a: Staraptor|56/100 psn|[from] Recoil
|move|p2b: Overqwil|Barb Barrage|p1a: Staraptor
|-damage|p1a: Staraptor|33/100 psn
|move|p1b: Eelektross|Thunderbolt|p2a: Garchomp
|-immune|p2a: Garchomp
|
|-weather|RainDance|[upkeep]
|-damage|p1a: Staraptor|21/100 psn|[from] psn
|upkeep
|turn|4
|inactive|sarkysays has 30 seconds left.
|
|t:|1783409930
|switch|p1b: Incineroar|Incineroar, L50, F|100/100
|-ability|p1b: Incineroar|Intimidate|boost
|-unboost|p2a: Garchomp|atk|1
|-unboost|p2b: Overqwil|atk|1
|move|p2a: Garchomp|Protect|p2a: Garchomp
|-singleturn|p2a: Garchomp|Protect
|move|p2b: Overqwil|Protect|p2b: Overqwil
|-singleturn|p2b: Overqwil|Protect
|move|p1a: Staraptor|Close Combat|p2a: Garchomp
|-activate|p2a: Garchomp|move: Protect
|
|-weather|RainDance|[upkeep]
|-damage|p1a: Staraptor|9/100 psn|[from] psn
|upkeep
|turn|5
|
|t:|1783409953
|move|p2a: Garchomp|Rock Slide|p1a: Staraptor|[spread] p1a,p1b
|-supereffective|p1b: Incineroar|1
|-damage|p1a: Staraptor|0 fnt
|-damage|p1b: Incineroar|73/100
|faint|p1a: Staraptor
|move|p2b: Overqwil|Barb Barrage|p1b: Incineroar
|-damage|p1b: Incineroar|60/100
|move|p1b: Incineroar|Throat Chop|p2a: Garchomp
|-damage|p2a: Garchomp|57/100
|-start|p2a: Garchomp|Throat Chop|[silent]
|-damage|p1b: Incineroar|48/100|[from] ability: Rough Skin|[of] p2a: Garchomp
|-enditem|p1b: Incineroar|Sitrus Berry|[eat]
|-heal|p1b: Incineroar|73/100|[from] item: Sitrus Berry
|
|-weather|RainDance|[upkeep]
|-heal|p2a: Garchomp|63/100|[from] item: Leftovers
|upkeep
|
|t:|1783409968
|switch|p1a: Sinistcha|Sinistcha, L50|100/100
|-heal|p1b: Incineroar|98/100|[from] ability: Hospitality|[of] p1a: Sinistcha
|turn|6
|inactive|sarkysays has 30 seconds left.
|
|t:|1783410003
|move|p1a: Sinistcha|Protect|p1a: Sinistcha
|-singleturn|p1a: Sinistcha|Protect
|move|p2a: Garchomp|Rock Slide|p1a: Sinistcha|[spread] 
|-activate|p1a: Sinistcha|move: Protect
|-miss|p2a: Garchomp|p1b: Incineroar
|move|p2b: Overqwil|Crunch|p1a: Sinistcha
|-activate|p1a: Sinistcha|move: Protect
|move|p1b: Incineroar|Flare Blitz|p2b: Overqwil
|-damage|p2b: Overqwil|0 fnt
|faint|p2b: Overqwil
|-damage|p1b: Incineroar|89/100|[from] Recoil
|
|-weather|none
|-heal|p2a: Garchomp|69/100|[from] item: Leftovers
|-end|p2a: Garchomp|Throat Chop|[silent]
|upkeep
|
|t:|1783410010
|switch|p2b: Meganium|Meganium, L50, F|100/100
|turn|7
|
|t:|1783410027
|move|p2b: Meganium|Protect|p2b: Meganium
|-singleturn|p2b: Meganium|Protect
|move|p2a: Garchomp|Rock Slide|p1a: Sinistcha|[spread] p1a,p1b
|-supereffective|p1b: Incineroar|1
|-damage|p1a: Sinistcha|91/100
|-damage|p1b: Incineroar|63/100
|cant|p1a: Sinistcha|flinch
|cant|p1b: Incineroar|flinch
|
|-heal|p2a: Garchomp|75/100|[from] item: Leftovers
|upkeep
|turn|8
|
|t:|1783410043
|switch|p2a: Pelipper|Pelipper, L50, M|74/100
|-weather|RainDance|[from] ability: Drizzle|[of] p2a: Pelipper
|move|p2b: Meganium|Weather Ball|p1b: Incineroar
|-supereffective|p1b: Incineroar|1
|-damage|p1b: Incineroar|0 fnt
|faint|p1b: Incineroar
|move|p1a: Sinistcha|Strength Sap|p2a: Pelipper
|-unboost|p2a: Pelipper|atk|1
|-heal|p1a: Sinistcha|100/100
|
|-weather|RainDance|[upkeep]
|upkeep
|
|t:|1783410056
|switch|p1b: Eelektross|Eelektross, L50, F|100/100
|turn|9
|inactive|sarkysays has 30 seconds left.
|
|t:|1783410081
|detailschange|p2b: Meganium|Meganium-Mega, L50, F
|-mega|p2b: Meganium|Meganium|Meganiumite
|move|p2b: Meganium|Solar Beam||[still]
|-prepare|p2b: Meganium|Solar Beam
|-activate|p2b: Meganium|ability: Mega Sol
|-anim|p2b: Meganium|Solar Beam|p1b: Eelektross
|-damage|p1b: Eelektross|4/100
|move|p1b: Eelektross|Thunderbolt|p2a: Pelipper
|-supereffective|p2a: Pelipper|2
|-damage|p2a: Pelipper|0 fnt
|faint|p2a: Pelipper
|move|p1a: Sinistcha|Matcha Gotcha|p2b: Meganium
|-resisted|p2b: Meganium|1
|-damage|p2b: Meganium|84/100
|
|-weather|RainDance|[upkeep]
|upkeep
|
|t:|1783410090
|switch|p2a: Garchomp|Garchomp, L50, M|75/100
|turn|10
|
|t:|1783410111
|move|p2a: Garchomp|Dragon Claw|p1a: Sinistcha
|-damage|p1a: Sinistcha|72/100
|move|p2b: Meganium|Dazzling Gleam|p1a: Sinistcha|[spread] p1a,p1b
|-damage|p1a: Sinistcha|30/100
|-damage|p1b: Eelektross|0 fnt
|faint|p1b: Eelektross
|move|p1a: Sinistcha|Strength Sap|p2a: Garchomp
|-unboost|p2a: Garchomp|atk|1
|-heal|p1a: Sinistcha|100/100
|
|-weather|RainDance|[upkeep]
|-heal|p2a: Garchomp|81/100|[from] item: Leftovers
|upkeep
|turn|11
|
|t:|1783410124
|move|p2a: Garchomp|Dragon Claw|p1a: Sinistcha
|-damage|p1a: Sinistcha|80/100
|move|p2b: Meganium|Weather Ball|p1a: Sinistcha
|-supereffective|p1a: Sinistcha|1
|-damage|p1a: Sinistcha|0 fnt
|faint|p1a: Sinistcha
|
|win|sarkysays
