|j|☆NoobMasterBrad182
|j|☆AzazelezazA
|html|NoobMasterBrad182AzazelezazA    
|uhtml|bestof|Game 3 of a best-of-3
|t:|1785085697
|gametype|doubles
|player|p1|NoobMasterBrad182|hilda-wonderlauncher|1106
|player|p2|AzazelezazA|102|1073
|gen|9
|tier|[Gen 9 Champions] VGC 2026 Reg M-B (Bo3)
|rated|
|rule|Species Clause: Limit one of each Pokémon
|rule|Item Clause: Limit 1 of each item
|clearpoke
|poke|p1|Delphox, L50, F|
|poke|p1|Torkoal, L50, M|
|poke|p1|Gallade, L50, M|
|poke|p1|Annihilape, L50, F|
|poke|p1|Toxapex, L50, F|
|poke|p1|Corviknight, L50, M|
|poke|p2|Torkoal, L50, F|
|poke|p2|Charizard, L50, M|
|poke|p2|Tsareena, L50, F|
|poke|p2|Banette, L50, F|
|poke|p2|Sneasler, L50, F|
|poke|p2|Kingambit, L50, M|
|teampreview|4
|showteam|p1|Delphox||Delphoxite|Blaze|HeatWave,DazzlingGleam,Psyshock,TrickRoom|Modest||F|||50|]Torkoal||HeatRock|Drought|Eruption,SolarBeam,EarthPower,Protect|Modest||M|||50|]Gallade||Galladite|Justified|TripleAxel,SacredSword,PsychoCut,BulkUp|Jolly||M|||50|]Annihilape||SitrusBerry|Defiant|BeatUp,RageFist,CloseCombat,Protect|Jolly||F|||50|]Toxapex||Leftovers|Regenerator|Infestation,Toxic,WideGuard,Recover|Bold||F|||50|]Corviknight||LifeOrb|Unnerve|BraveBird,IronHead,IronDefense,Roost|Adamant||M|||50|
|showteam|p2|Torkoal||Charcoal|Drought|Protect,Eruption,WeatherBall,HelpingHand|Bold||F|||50|]Charizard||CharizarditeX|Blaze|DragonDance,FlareBlitz,Protect,BreakingSwipe|Adamant||M|||50|]Tsareena||WideLens|QueenlyMajesty|TropKick,HighJumpKick,Protect,TripleAxel|Adamant||F|||50|]Banette||Banettite|Frisk|TrickRoom,KnockOff,Taunt,Poltergeist|Brave||F|||50|]Sneasler||WhiteHerb|Unburden|DireClaw,CloseCombat,FakeOut,Protect|Adamant||F|||50|]Kingambit||BlackGlasses|Defiant|IronHead,KowtowCleave,LowKick,SuckerPunch|Adamant||M|||50|
|
|t:|1785085724
|teamsize|p1|4
|teamsize|p2|4
|start
|switch|p1a: Gallade|Gallade, L50, M|100/100
|switch|p1b: Annihilape|Annihilape, L50, F|100/100
|switch|p2a: Banette|Banette, L50, F|100/100
|switch|p2b: Tsareena|Tsareena, L50, F|100/100
|-item|p1a: Gallade|Galladite|[from] ability: Frisk|[of] p2a: Banette
|-item|p1b: Annihilape|Sitrus Berry|[from] ability: Frisk|[of] p2a: Banette
|turn|1
|
|t:|1785085742
|detailschange|p2a: Banette|Banette-Mega, L50, F
|-mega|p2a: Banette|Banette|Banettite
|move|p2b: Tsareena|Protect|p2b: Tsareena
|-singleturn|p2b: Tsareena|Protect
|move|p1b: Annihilape|Beat Up|p1a: Gallade
|-damage|p1a: Gallade|92/100
|-ability|p1a: Gallade|Justified|boost
|-boost|p1a: Gallade|atk|1
|-damage|p1a: Gallade|84/100
|-ability|p1a: Gallade|Justified|boost
|-boost|p1a: Gallade|atk|1
|-damage|p1a: Gallade|79/100
|-ability|p1a: Gallade|Justified|boost
|-boost|p1a: Gallade|atk|1
|-damage|p1a: Gallade|73/100
|-ability|p1a: Gallade|Justified|boost
|-boost|p1a: Gallade|atk|1
|-hitcount|p1a: Gallade|4
|move|p1a: Gallade|Triple Axel|p2b: Tsareena
|-activate|p2b: Tsareena|move: Protect
|move|p2a: Banette|Poltergeist|p1a: Gallade
|-activate|p1a: Gallade|move: Poltergeist|Galladite
|-supereffective|p1a: Gallade|1
|-damage|p1a: Gallade|0 fnt
|faint|p1a: Gallade
|
|upkeep
|
|t:|1785085765
|switch|p1a: Toxapex|Toxapex, L50, F|100/100
|turn|2
|
|t:|1785085788
|move|p1b: Annihilape|Rage Fist|p2a: Banette
|-supereffective|p2a: Banette|1
|-damage|p2a: Banette|40/100
|move|p2b: Tsareena|Trop Kick|p1a: Toxapex
|-damage|p1a: Toxapex|68/100
|-unboost|p1a: Toxapex|atk|1
|move|p2a: Banette|Poltergeist|p1b: Annihilape|[miss]
|-miss|p2a: Banette|p1b: Annihilape
|move|p1a: Toxapex|Infestation|p2b: Tsareena
|-supereffective|p2b: Tsareena|1
|-damage|p2b: Tsareena|92/100
|-activate|p2b: Tsareena|move: Infestation|[of] p1a: Toxapex
|
|-heal|p1a: Toxapex|74/100|[from] item: Leftovers
|-damage|p2b: Tsareena|79/100|[from] move: Infestation|[partiallytrapped]
|upkeep
|turn|3
|
|t:|1785085813
|move|p2b: Tsareena|Protect|p2b: Tsareena
|-singleturn|p2b: Tsareena|Protect
|move|p1b: Annihilape|Rage Fist|p2a: Banette
|-supereffective|p2a: Banette|1
|-damage|p2a: Banette|0 fnt
|faint|p2a: Banette
|move|p1a: Toxapex|Toxic|p2b: Tsareena
|-activate|p2b: Tsareena|move: Protect
|
|-heal|p1a: Toxapex|80/100|[from] item: Leftovers
|-damage|p2b: Tsareena|67/100|[from] move: Infestation|[partiallytrapped]
|upkeep
|
|t:|1785085821
|switch|p2a: Torkoal|Torkoal, L50, F|100/100
|-weather|SunnyDay|[from] ability: Drought|[of] p2a: Torkoal
|turn|4
|
|t:|1785085840
|move|p2a: Torkoal|Helping Hand|p2b: Tsareena
|-singleturn|p2b: Tsareena|Helping Hand|[of] p2a: Torkoal
|move|p1b: Annihilape|Close Combat|p2b: Tsareena
|-damage|p2b: Tsareena|10/100
|-unboost|p1b: Annihilape|def|1
|-unboost|p1b: Annihilape|spd|1
|move|p2b: Tsareena|Trop Kick|p1a: Toxapex
|-damage|p1a: Toxapex|36/100
|-unboost|p1a: Toxapex|atk|1
|move|p1a: Toxapex|Toxic|p2a: Torkoal
|-status|p2a: Torkoal|tox
|
|-weather|SunnyDay|[upkeep]
|-heal|p1a: Toxapex|42/100|[from] item: Leftovers
|-damage|p2a: Torkoal|93/100 tox|[from] psn
|-damage|p2b: Tsareena|0 fnt|[from] move: Infestation|[partiallytrapped]
|faint|p2b: Tsareena
|upkeep
|
|t:|1785085852
|switch|p2b: Kingambit|Kingambit, L50, M|100/100
|turn|5
|
|t:|1785085875
|move|p1b: Annihilape|Close Combat|p2b: Kingambit
|-supereffective|p2b: Kingambit|2
|-damage|p2b: Kingambit|0 fnt
|-unboost|p1b: Annihilape|def|1
|-unboost|p1b: Annihilape|spd|1
|faint|p2b: Kingambit
|move|p1a: Toxapex|Recover|p1a: Toxapex
|-heal|p1a: Toxapex|92/100
|move|p2a: Torkoal|Eruption|p1a: Toxapex|[spread] p1a,p1b
|-resisted|p1a: Toxapex|1
|-damage|p1a: Toxapex|69/100
|-damage|p1b: Annihilape|0 fnt
|faint|p1b: Annihilape
|
|-weather|SunnyDay|[upkeep]
|-heal|p1a: Toxapex|75/100|[from] item: Leftovers
|-damage|p2a: Torkoal|81/100 tox|[from] psn
|upkeep
|
|t:|1785085890
|switch|p1b: Corviknight|Corviknight, L50, M|100/100
|-ability|p1b: Corviknight|Unnerve
|turn|6
|
|t:|1785085903
|move|p1b: Corviknight|Brave Bird|p2a: Torkoal
|-damage|p2a: Torkoal|42/100 tox
|-damage|p1b: Corviknight|87/100|[from] Recoil
|-damage|p1b: Corviknight|77/100|[from] item: Life Orb
|move|p1a: Toxapex|Infestation|p2a: Torkoal
|-resisted|p2a: Torkoal|1
|-damage|p2a: Torkoal|40/100 tox
|-activate|p2a: Torkoal|move: Infestation|[of] p1a: Toxapex
|move|p2a: Torkoal|Weather Ball|p1b: Corviknight
|-supereffective|p1b: Corviknight|1
|-damage|p1b: Corviknight|0 fnt
|faint|p1b: Corviknight
|
|-weather|SunnyDay|[upkeep]
|-heal|p1a: Toxapex|80/100|[from] item: Leftovers
|-damage|p2a: Torkoal|22/100 tox|[from] psn
|-damage|p2a: Torkoal|9/100 tox|[from] move: Infestation|[partiallytrapped]
|upkeep
|turn|7
|
|t:|1785085921
|move|p1a: Toxapex|Recover|p1a: Toxapex
|-heal|p1a: Toxapex|100/100
|move|p2a: Torkoal|Weather Ball|p1a: Toxapex
|-resisted|p1a: Toxapex|1
|-damage|p1a: Toxapex|74/100
|
|-weather|SunnyDay|[upkeep]
|-heal|p1a: Toxapex|80/100|[from] item: Leftovers
|-damage|p2a: Torkoal|0 fnt|[from] psn
|faint|p2a: Torkoal
|
|win|NoobMasterBrad182
|raw|NoobMasterBrad182's rating: 1106 → 1129(+23 for winning)
|raw|AzazelezazA's rating: 1073 → 1054(-19 for losing)
|c|☆AzazelezazA|def need a toxa counter
|l|☆AzazelezazA
|player|p2|
|c|☆NoobMasterBrad182|yeah
