|j|☆Shrub_01
|j|☆Zacharykeith
|html|Shrub_01Zacharykeith    
|uhtml|bestof|Game 3 of a best-of-3
|t:|1757760415
|gametype|doubles
|player|p1|Shrub_01|norman|1104
|player|p2|Zacharykeith|fisherman-gen4|1126
|gen|9
|tier|[Gen 9] VGC 2025 Reg H (Bo3)
|rated|
|rule|Species Clause: Limit one of each Pokémon
|rule|Item Clause: Limit 1 of each item
|clearpoke
|poke|p1|Amoonguss, L50, F|
|poke|p1|Incineroar, L50, M|
|poke|p1|Porygon2, L50|
|poke|p1|Ursaluna, L50, M|
|poke|p1|Gholdengo, L50|
|poke|p1|Dragonite, L50, M|
|poke|p2|Baxcalibur, L50, M|
|poke|p2|Kingambit, L50, M|
|poke|p2|Dondozo, L50, F|
|poke|p2|Rillaboom, L50, M|
|poke|p2|Magmar, L50, F|
|poke|p2|Sneasler, L50, M|
|teampreview|4
|showteam|p1|Amoonguss||SitrusBerry|Regenerator|PollenPuff,Spore,RagePowder,Protect|||F|||50|,,,,,Water]Incineroar||SafetyGoggles|Intimidate|FakeOut,KnockOff,FlareBlitz,PartingShot|||M|||50|,,,,,Ghost]Porygon2||Eviolite|Download|TeraBlast,IceBeam,Recover,TrickRoom||||||50|,,,,,Fighting]Ursaluna||FlameOrb|Guts|Facade,Earthquake,HeadlongRush,Protect|||M|||50|,,,,,Ghost]Gholdengo||LifeOrb|GoodasGold|MakeItRain,ShadowBall,NastyPlot,Protect||||||50|,,,,,Water]Dragonite||LoadedDice|Multiscale|ScaleShot,Haze,Tailwind,Protect|||M|||50|,,,,,Steel
|showteam|p2|Baxcalibur||LoadedDice|ThermalExchange|IcicleSpear,IceShard,ScaleShot,Protect|||M|||50|,,,,,Ghost]Kingambit||BlackGlasses|Defiant|SuckerPunch,KowtowCleave,SwordsDance,Protect|||M|||50|,,,,,Dark]Dondozo||Leftovers|Unaware|WaveCrash,Fissure,Yawn,Protect|||F|||50|,,,,,Grass]Rillaboom||AssaultVest|GrassySurge|FakeOut,GrassyGlide,WoodHammer,Uturn|||M|||50|,,,,,Fire]Magmar||Eviolite|VitalSpirit|Overheat,WillOWisp,FollowMe,Protect|||F|||50|,,,,,Fairy]Sneasler||FocusSash|PoisonTouch|DireClaw,CloseCombat,Coaching,Protect|||M|||50|,,,,,Stellar
|inactive|Battle timer is ON: inactive players will automatically lose when time's up. (requested by Shrub_01)
|
|t:|1757760442
|teamsize|p1|4
|teamsize|p2|4
|start
|switch|p1a: Dragonlite|Dragonite, L50, M|100/100
|switch|p1b: Incinesoar|Incineroar, L50, M|100/100
|switch|p2a: Donbozo|Dondozo, L50, F, shiny|100/100
|switch|p2b: Forest Dude|Rillaboom, L50, M, shiny|100/100
|-fieldstart|move: Grassy Terrain|[from] ability: Grassy Surge|[of] p2b: Forest Dude
|-ability|p1b: Incinesoar|Intimidate|boost
|-unboost|p2a: Donbozo|atk|1
|-unboost|p2b: Forest Dude|atk|1
|turn|1
|inactive|Shrub_01 has 30 seconds left.
|inactive|Shrub_01 has 20 seconds left.
|
|t:|1757760477
|move|p2b: Forest Dude|Fake Out|p1a: Dragonlite
|-damage|p1a: Dragonlite|95/100
|cant|p1a: Dragonlite|flinch
|move|p1b: Incinesoar|Knock Off|p2b: Forest Dude
|-damage|p2b: Forest Dude|49/100
|-enditem|p2b: Forest Dude|Assault Vest|[from] move: Knock Off|[of] p1b: Incinesoar
|move|p2a: Donbozo|Wave Crash|p1b: Incinesoar
|-supereffective|p1b: Incinesoar
|-damage|p1b: Incinesoar|41/100
|-damage|p2a: Donbozo|85/100|[from] Recoil
|
|-heal|p2b: Forest Dude|55/100|[from] Grassy Terrain
|-heal|p1b: Incinesoar|47/100|[from] Grassy Terrain
|-heal|p2a: Donbozo|91/100|[from] Grassy Terrain
|-heal|p2a: Donbozo|97/100|[from] item: Leftovers
|upkeep
|turn|2
|inactive|Shrub_01 has 30 seconds left.
|
|t:|1757760506
|move|p1a: Dragonlite|Scale Shot|p2a: Donbozo
|-damage|p2a: Donbozo|89/100
|-damage|p2a: Donbozo|79/100
|-damage|p2a: Donbozo|71/100
|-damage|p2a: Donbozo|61/100
|-damage|p2a: Donbozo|51/100
|-hitcount|p2a: Donbozo|5
|-unboost|p1a: Dragonlite|def|1
|-boost|p1a: Dragonlite|spe|1
|move|p2b: Forest Dude|U-turn|p1a: Dragonlite
|-resisted|p1a: Dragonlite
|-damage|p1a: Dragonlite|81/100
|
|t:|1757760519
|switch|p2b: King Bug|Kingambit, L50, M, shiny|100/100|[from] U-turn
|move|p1b: Incinesoar|Flare Blitz|p2b: King Bug
|-supereffective|p2b: King Bug
|-damage|p2b: King Bug|15/100
|-damage|p1b: Incinesoar|18/100|[from] Recoil
|move|p2a: Donbozo|Wave Crash|p1b: Incinesoar
|-supereffective|p1b: Incinesoar
|-damage|p1b: Incinesoar|0 fnt
|faint|p1b: Incinesoar
|-damage|p2a: Donbozo|46/100|[from] Recoil
|
|-heal|p2b: King Bug|21/100|[from] Grassy Terrain
|-heal|p2a: Donbozo|53/100|[from] Grassy Terrain
|-heal|p2a: Donbozo|59/100|[from] item: Leftovers
|upkeep
|
|t:|1757760536
|switch|p1b: Ursaluma|Ursaluna, L50, M|100/100
|turn|3
|
|t:|1757760548
|-terastallize|p1b: Ursaluma|Ghost
|move|p2b: King Bug|Sucker Punch|p1a: Dragonlite
|-damage|p1a: Dragonlite|0 fnt
|faint|p1a: Dragonlite
|move|p1b: Ursaluma|Facade|p2a: Donbozo
|-damage|p2a: Donbozo|34/100
|move|p2a: Donbozo|Fissure|p1b: Ursaluma|[miss]
|-miss|p2a: Donbozo|p1b: Ursaluma
|
|-heal|p2b: King Bug|27/100|[from] Grassy Terrain
|-heal|p2a: Donbozo|41/100|[from] Grassy Terrain
|-heal|p2a: Donbozo|47/100|[from] item: Leftovers
|-status|p1b: Ursaluma|brn|[from] item: Flame Orb
|upkeep
|
|t:|1757760560
|switch|p1a: Amonguss|Amoonguss, L50, F, shiny|100/100
|turn|4
|inactive|Shrub_01 has 30 seconds left.
|
|t:|1757760587
|move|p1a: Amonguss|Rage Powder|p1a: Amonguss
|-singleturn|p1a: Amonguss|move: Rage Powder
|move|p1b: Ursaluma|Facade|p2a: Donbozo
|-damage|p2a: Donbozo|0 fnt
|faint|p2a: Donbozo
|move|p2b: King Bug|Kowtow Cleave|p1a: Amonguss
|-damage|p1a: Amonguss|34/100
|-enditem|p1a: Amonguss|Sitrus Berry|[eat]
|-heal|p1a: Amonguss|59/100|[from] item: Sitrus Berry
|
|-heal|p2b: King Bug|33/100|[from] Grassy Terrain
|-heal|p1a: Amonguss|65/100|[from] Grassy Terrain
|-damage|p1b: Ursaluma|95/100 brn|[from] brn
|upkeep
|
|t:|1757760596
|switch|p2a: Fire Chicken|Magmar, L50, F, shiny|100/100
|turn|5
|
|t:|1757760613
|-terastallize|p2a: Fire Chicken|Fairy
|move|p2b: King Bug|Protect|p2b: King Bug
|-singleturn|p2b: King Bug|Protect
|move|p1a: Amonguss|Protect|p1a: Amonguss
|-singleturn|p1a: Amonguss|Protect
|move|p2a: Fire Chicken|Overheat|p1a: Amonguss
|-activate|p1a: Amonguss|move: Protect
|move|p1b: Ursaluma|Earthquake|p2a: Fire Chicken|[spread] p2a
|-activate|p1a: Amonguss|move: Protect
|-activate|p2b: King Bug|move: Protect
|-damage|p2a: Fire Chicken|74/100
|
|-heal|p2a: Fire Chicken|80/100|[from] Grassy Terrain
|-heal|p1b: Ursaluma|100/100 brn|[from] Grassy Terrain
|-heal|p2b: King Bug|39/100|[from] Grassy Terrain
|-heal|p1a: Amonguss|71/100|[from] Grassy Terrain
|-damage|p1b: Ursaluma|95/100 brn|[from] brn
|-fieldend|move: Grassy Terrain
|upkeep
|turn|6
|inactive|Shrub_01 has 30 seconds left.
|
|t:|1757760641
|switch|p2a: Forest Dude|Rillaboom, L50, M, shiny|55/100
|-fieldstart|move: Grassy Terrain|[from] ability: Grassy Surge|[of] p2a: Forest Dude
|move|p1b: Ursaluma|Facade|p2b: King Bug
|-resisted|p2b: King Bug
|-damage|p2b: King Bug|0 fnt
|faint|p2b: King Bug
|move|p1a: Amonguss|Spore|p2a: Forest Dude
|-immune|p2a: Forest Dude
|
|-heal|p2a: Forest Dude|61/100|[from] Grassy Terrain
|-heal|p1b: Ursaluma|100/100 brn|[from] Grassy Terrain
|-heal|p1a: Amonguss|77/100|[from] Grassy Terrain
|-damage|p1b: Ursaluma|95/100 brn|[from] brn
|upkeep
|
|t:|1757760651
|switch|p2b: Fire Chicken|Magmar, L50, F, shiny, tera:Fairy|80/100
|turn|7
|
|t:|1757760670
|move|p1a: Amonguss|Protect|p1a: Amonguss
|-singleturn|p1a: Amonguss|Protect
|move|p2a: Forest Dude|Wood Hammer|p1b: Ursaluma
|-damage|p1b: Ursaluma|40/100 brn
|-damage|p2a: Forest Dude|40/100|[from] Recoil
|move|p2b: Fire Chicken|Overheat|p1a: Amonguss
|-activate|p1a: Amonguss|move: Protect
|move|p1b: Ursaluma|Facade|p2a: Forest Dude
|-damage|p2a: Forest Dude|0 fnt
|faint|p2a: Forest Dude
|
|-heal|p2b: Fire Chicken|86/100|[from] Grassy Terrain
|-heal|p1b: Ursaluma|46/100 brn|[from] Grassy Terrain
|-heal|p1a: Amonguss|82/100|[from] Grassy Terrain
|-damage|p1b: Ursaluma|40/100 brn|[from] brn
|upkeep
|turn|8
|
|t:|1757760689
|move|p1a: Amonguss|Rage Powder|p1a: Amonguss
|-singleturn|p1a: Amonguss|move: Rage Powder
|move|p2b: Fire Chicken|Overheat|p1a: Amonguss|[miss]
|-miss|p2b: Fire Chicken|p1a: Amonguss
|move|p1b: Ursaluma|Facade|p2b: Fire Chicken
|-damage|p2b: Fire Chicken|3/100
|
|-heal|p2b: Fire Chicken|9/100|[from] Grassy Terrain
|-heal|p1b: Ursaluma|46/100 brn|[from] Grassy Terrain
|-heal|p1a: Amonguss|88/100|[from] Grassy Terrain
|-damage|p1b: Ursaluma|40/100 brn|[from] brn
|upkeep
|turn|9
|-message|Zacharykeith forfeited.
|
|win|Shrub_01
|raw|Shrub_01's rating: 1104 → 1131(+27 for winning)
|raw|Zacharykeith's rating: 1126 → 1099(-27 for losing)
|l|☆Zacharykeith
|player|p2|
