|j|☆eastyliam67
|j|☆huanyu0.0
|html|eastyliam67huanyu0.0    
|uhtml|bestof|Game 1 of a best-of-3
|t:|1785250916
|gametype|doubles
|player|p1|eastyliam67|unknownf|
|player|p2|huanyu0.0|265|
|gen|9
|tier|[Gen 9 Champions] VGC 2026 Reg M-B (Bo3)
|rule|Species Clause: Limit one of each Pokémon
|rule|Item Clause: Limit 1 of each item
|clearpoke
|poke|p1|Charizard, L50, F|
|poke|p1|Garchomp, L50, F|
|poke|p1|Whimsicott, L50, M|
|poke|p1|Basculegion, L50, M|
|poke|p1|Floette-Eternal, L50, F|
|poke|p1|Kingambit, L50, M|
|poke|p2|Staraptor, L50, M|
|poke|p2|Tyranitar, L50, M|
|poke|p2|Excadrill, L50, F|
|poke|p2|Gholdengo, L50|
|poke|p2|Milotic, L50, F|
|poke|p2|Sinistcha, L50|
|teampreview|4
|showteam|p1|Charizard||CharizarditeY|Blaze|HeatWave,SolarBeam,WeatherBall,Protect|Modest||F|||50|]Garchomp||LifeOrb|RoughSkin|DragonClaw,StompingTantrum,RockSlide,Protect|Jolly||F|||50|]Whimsicott||FocusSash|Prankster|Moonblast,Tailwind,Encore,Protect|Timid||M|||50|]Basculegion||MysticWater|Adaptability|WaveCrash,AquaJet,Protect,LastRespects|Adamant||M|||50|]Floette-Eternal||Floettite|FlowerVeil|Moonblast,DazzlingGleam,LightofRuin,Protect|Modest||F|||50|]Kingambit||ChopleBerry|Defiant|KowtowCleave,LowKick,SuckerPunch,IronHead|Adamant||M|||50|
|showteam|p2|Staraptor||Staraptite|Intimidate|CloseCombat,BraveBird,Tailwind,Protect|Jolly||M|||50|]Tyranitar||Tyranitarite|SandStream|RockSlide,KnockOff,LowKick,Protect|Jolly||M|||50|]Excadrill||FocusSash|SandRush|IronHead,HighHorsepower,RockSlide,Protect|Adamant||F|||50|]Gholdengo||LifeOrb|GoodasGold|MakeItRain,ShadowBall,NastyPlot,Protect|Modest|||||50|]Milotic||SitrusBerry|Competitive|Scald,IceBeam,Recover,Protect|Modest||F|||50|]Sinistcha||ColburBerry|Hospitality|MatchaGotcha,RagePowder,TrickRoom,Protect|Bold|||||50|
|j| Yei_Lai
|j| white2000
|j| dd9261248
|
|t:|1785250978
|teamsize|p1|4
|teamsize|p2|4
|start
|switch|p1a: Whimsicott|Whimsicott, L50, M|100/100
|switch|p1b: Kingambit|Kingambit, L50, M|100/100
|switch|p2a: Tyranitar|Tyranitar, L50, M|100/100
|switch|p2b: Milotic|Milotic, L50, F|100/100
|-weather|Sandstorm|[from] ability: Sand Stream|[of] p2a: Tyranitar
|turn|1
|
|t:|1785251033
|switch|p2a: Sinistcha|Sinistcha, L50|100/100
|move|p1a: Whimsicott|Tailwind|p1a: Whimsicott
|-sidestart|p1: eastyliam67|move: Tailwind
|move|p1b: Kingambit|Low Kick|p2a: Sinistcha
|-immune|p2a: Sinistcha
|move|p2b: Milotic|Scald|p1b: Kingambit
|-damage|p1b: Kingambit|68/100
|-status|p1b: Kingambit|brn
|
|-weather|Sandstorm|[upkeep]
|-damage|p1a: Whimsicott|94/100|[from] Sandstorm
|-damage|p2b: Milotic|94/100|[from] Sandstorm
|-damage|p2a: Sinistcha|94/100|[from] Sandstorm
|-damage|p1b: Kingambit|62/100 brn|[from] brn
|upkeep
|turn|2
|c|☆huanyu0.0|sor
|
|t:|1785251069
|move|p1a: Whimsicott|Encore|p2b: Milotic
|-start|p2b: Milotic|Encore
|move|p1b: Kingambit|Kowtow Cleave|p2a: Sinistcha
|-supereffective|p2a: Sinistcha|1
|-enditem|p2a: Sinistcha|Colbur Berry|[eat]
|-enditem|p2a: Sinistcha|Colbur Berry|[weaken]
|-damage|p2a: Sinistcha|72/100
|move|p2b: Milotic|Scald|p1a: Whimsicott
|-resisted|p1a: Whimsicott|1
|-damage|p1a: Whimsicott|65/100
|move|p2a: Sinistcha|Trick Room|p2a: Sinistcha
|-fieldstart|move: Trick Room|[of] p2a: Sinistcha
|
|-weather|Sandstorm|[upkeep]
|-damage|p2a: Sinistcha|66/100|[from] Sandstorm
|-damage|p2b: Milotic|88/100|[from] Sandstorm
|-damage|p1a: Whimsicott|59/100|[from] Sandstorm
|-damage|p1b: Kingambit|56/100 brn|[from] brn
|upkeep
|turn|3
|
|t:|1785251090
|switch|p2a: Tyranitar|Tyranitar, L50, M|100/100
|move|p1a: Whimsicott|Encore|p2a: Tyranitar
|-hint|Since gen 7, Dark is immune to Prankster moves.
|-immune|p2a: Tyranitar
|move|p2b: Milotic|Scald|p1b: Kingambit
|-damage|p1b: Kingambit|22/100 brn
|move|p1b: Kingambit|Low Kick|p2a: Tyranitar
|-supereffective|p2a: Tyranitar|2
|-damage|p2a: Tyranitar|12/100
|
|-weather|Sandstorm|[upkeep]
|-damage|p2b: Milotic|82/100|[from] Sandstorm
|-damage|p1a: Whimsicott|53/100|[from] Sandstorm
|-damage|p1b: Kingambit|16/100 brn|[from] brn
|upkeep
|turn|4
|
|t:|1785251129
|switch|p2a: Sinistcha|Sinistcha, L50|66/100
|-heal|p2b: Milotic|100/100|[from] ability: Hospitality|[of] p2a: Sinistcha
|move|p1a: Whimsicott|Protect|p1a: Whimsicott
|-singleturn|p1a: Whimsicott|Protect
|move|p1b: Kingambit|Sucker Punch|p2b: Milotic
|-damage|p2b: Milotic|81/100
|move|p2b: Milotic|Scald|p1b: Kingambit
|-damage|p1b: Kingambit|0 fnt
|faint|p1b: Kingambit
|
|-weather|Sandstorm|[upkeep]
|-damage|p2a: Sinistcha|60/100|[from] Sandstorm
|-damage|p2b: Milotic|75/100|[from] Sandstorm
|-damage|p1a: Whimsicott|47/100|[from] Sandstorm
|-end|p2b: Milotic|Encore
|-sideend|p1: eastyliam67|move: Tailwind
|upkeep
|
|t:|1785251155
|switch|p1b: Floette|Floette-Eternal, L50, F|100/100
|turn|5
|
|t:|1785251184
|detailschange|p1b: Floette|Floette-Mega, L50, F
|-mega|p1b: Floette|Floette|Floettite
|-ability|p1b: Floette|Fairy Aura
|move|p1a: Whimsicott|Encore|p2b: Milotic
|-start|p2b: Milotic|Encore
|move|p2a: Sinistcha|Matcha Gotcha|p1b: Floette|[spread] p1a,p1b
|-resisted|p1a: Whimsicott|1
|-damage|p1a: Whimsicott|28/100
|-heal|p2a: Sinistcha|68/100|[from] drain|[of] p1a: Whimsicott
|-damage|p1b: Floette|81/100
|-heal|p2a: Sinistcha|76/100|[from] drain|[of] p1b: Floette
|-status|p1a: Whimsicott|brn
|move|p2b: Milotic|Scald|p1b: Floette
|-damage|p1b: Floette|52/100
|-status|p1b: Floette|brn
|move|p1b: Floette|Dazzling Gleam|p2b: Milotic|[spread] p2a,p2b
|-damage|p2a: Sinistcha|29/100
|-damage|p2b: Milotic|41/100
|-enditem|p2b: Milotic|Sitrus Berry|[eat]
|-heal|p2b: Milotic|66/100|[from] item: Sitrus Berry
|
|-weather|none
|-damage|p1b: Floette|47/100 brn|[from] brn
|-damage|p1a: Whimsicott|22/100 brn|[from] brn
|upkeep
|turn|6
|c|☆huanyu0.0|sor...
|c| white2000|聖火蛇
|
|t:|1785251239
|switch|p2a: Tyranitar|Tyranitar, L50, M|12/100
|-weather|Sandstorm|[from] ability: Sand Stream|[of] p2a: Tyranitar
|move|p1b: Floette|Protect|p1b: Floette
|-singleturn|p1b: Floette|Protect
|move|p1a: Whimsicott|Tailwind|p1a: Whimsicott
|-sidestart|p1: eastyliam67|move: Tailwind
|move|p2b: Milotic|Scald|p1a: Whimsicott
|-resisted|p1a: Whimsicott|1
|-damage|p1a: Whimsicott|0 fnt
|faint|p1a: Whimsicott
|
|-weather|Sandstorm|[upkeep]
|-damage|p2b: Milotic|60/100|[from] Sandstorm
|-damage|p1b: Floette|41/100 brn|[from] Sandstorm
|-damage|p1b: Floette|35/100 brn|[from] brn
|-fieldend|move: Trick Room
|upkeep
|
|t:|1785251240
|switch|p1a: Basculegion|Basculegion, L50, M|100/100
|turn|7
|j| 0oBRUNCHo0
|c| Yei_Lai|這水蛇怎麼這麼燒
|
|t:|1785251265
|switch|p2a: Sinistcha|Sinistcha, L50|29/100
|-heal|p2b: Milotic|85/100|[from] ability: Hospitality|[of] p2a: Sinistcha
|move|p1b: Floette|Dazzling Gleam|p2b: Milotic|[spread] p2a,p2b
|-damage|p2a: Sinistcha|0 fnt
|-damage|p2b: Milotic|49/100
|faint|p2a: Sinistcha
|move|p1a: Basculegion|Wave Crash|p2b: Milotic
|-resisted|p2b: Milotic|1
|-damage|p2b: Milotic|10/100
|-damage|p1a: Basculegion|86/100|[from] Recoil
|move|p2b: Milotic|Scald|p1b: Floette
|-damage|p1b: Floette|8/100 brn
|
|-weather|Sandstorm|[upkeep]
|-damage|p1b: Floette|3/100 brn|[from] Sandstorm
|-damage|p1a: Basculegion|80/100|[from] Sandstorm
|-damage|p2b: Milotic|4/100|[from] Sandstorm
|-damage|p1b: Floette|0 fnt|[from] brn
|faint|p1b: Floette
|-end|p2b: Milotic|Encore
|upkeep
|
|t:|1785251296
|switch|p2a: Excadrill|Excadrill, L50, F|100/100
|turn|8
|
|t:|1785251321
|move|p2a: Excadrill|High Horsepower|p1a: Basculegion
|-damage|p1a: Basculegion|7/100
|move|p1a: Basculegion|Last Respects|p2a: Excadrill
|-enditem|p2a: Excadrill|Focus Sash
|-damage|p2a: Excadrill|1/100
|move|p2b: Milotic|Recover|p2b: Milotic
|-heal|p2b: Milotic|54/100
|
|-weather|Sandstorm|[upkeep]
|-damage|p1a: Basculegion|1/100|[from] Sandstorm
|-damage|p2b: Milotic|49/100|[from] Sandstorm
|upkeep
|turn|9
|-message|eastyliam67 forfeited.
|
|win|huanyu0.0
||huanyu0.0 is ready for game 2.
||eastyliam67 is ready for game 2.
|uhtml|next|Next: Game 2 of 3
|l| 0oBRUNCHo0
|j| 0oBRUNCHo0
|l| 0oBRUNCHo0
|j| 0oBRUNCHo0
|l| 0oBRUNCHo0
|l| white2000
