|j|☆dfdfdfgdfdt
|j|☆jerry22
|html|dfdfdfgdfdtjerry22    
|uhtml|bestof|Game 2 of a best-of-3
|t:|1756253935
|gametype|doubles
|player|p1|dfdfdfgdfdt|265|1218
|player|p2|jerry22|ingo|1131
|gen|9
|tier|[Gen 9] VGC 2025 Reg H (Bo3)
|rated|
|rule|Species Clause: Limit one of each Pokémon
|rule|Item Clause: Limit 1 of each item
|clearpoke
|poke|p1|Sneasler, L50, F|
|poke|p1|Dragapult, L50, M|
|poke|p1|Primarina, L50, M|
|poke|p1|Rillaboom, L50, F|
|poke|p1|Kingambit, L50, M|
|poke|p1|Magmar, L50, M|
|poke|p2|Baxcalibur, L50, F|
|poke|p2|Rillaboom, L50, M|
|poke|p2|Magmar, L50, M|
|poke|p2|Primarina, L50, M|
|poke|p2|Kingambit, L50, F|
|poke|p2|Sneasler, L50, F|
|teampreview|4
|showteam|p1|Sneasler||FocusSash|PoisonTouch|CloseCombat,DireClaw,FakeOut,Protect|||F|||50|,,,,,Stellar]Dragapult||ChoiceBand|ClearBody|DragonDarts,TeraBlast,PhantomForce,Uturn|||M|||50|,,,,,Ghost]Primarina||SitrusBerry|LiquidVoice|HyperVoice,Moonblast,Haze,Protect|||M|||50|,,,,,Water]Rillaboom||AssaultVest|GrassySurge|WoodHammer,GrassyGlide,HighHorsepower,FakeOut|||F|||50|,,,,,Fire]Kingambit||BlackGlasses|Defiant|KowtowCleave,SuckerPunch,SwordsDance,Protect|||M|||50|,,,,,Ghost]Magmar||Eviolite|VitalSpirit|Overheat,WillOWisp,FollowMe,Protect|||M|||50|,,,,,Ghost
|showteam|p2|Baxcalibur||LoadedDice|ThermalExchange|Protect,IceShard,IcicleSpear,ScaleShot|||F|||50|,,,,,Ghost]Rillaboom||AssaultVest|GrassySurge|FakeOut,HighHorsepower,GrassyGlide,WoodHammer|||M|||50|,,,,,Fire]Magmar||Eviolite|VitalSpirit|Protect,WillOWisp,FollowMe,HeatWave|||M|||50|,,,,,Dark]Primarina||SitrusBerry|LiquidVoice|Protect,Haze,Moonblast,HyperVoice|||M|||50|,,,,,Poison]Kingambit||BlackGlasses|Defiant|Protect,SwordsDance,SuckerPunch,KowtowCleave|||F|||50|,,,,,Dark]Sneasler||FocusSash|Unburden|Protect,Coaching,DireClaw,CloseCombat|||F|||50|,,,,,Ghost
|
|t:|1756253969
|teamsize|p1|4
|teamsize|p2|4
|start
|switch|p1a: Kingambit|Kingambit, L50, M|100/100
|switch|p1b: Magmar|Magmar, L50, M|100/100
|switch|p2a: Kingambit|Kingambit, L50, F|100/100
|switch|p2b: Sneasler|Sneasler, L50, F|100/100
|turn|1
|
|t:|1756254019
|switch|p2a: Baxcalibur|Baxcalibur, L50, F|100/100
|move|p2b: Sneasler|Coaching|p2a: Baxcalibur
|-boost|p2a: Baxcalibur|atk|1
|-boost|p2a: Baxcalibur|def|1
|move|p1b: Magmar|Will-O-Wisp|p2a: Baxcalibur
|-immune|p2a: Baxcalibur|[from] ability: Thermal Exchange
|move|p1a: Kingambit|Swords Dance|p1a: Kingambit
|-boost|p1a: Kingambit|atk|2
|
|upkeep
|turn|2
|
|t:|1756254041
|move|p2b: Sneasler|Close Combat|p1a: Kingambit
|-supereffective|p1a: Kingambit
|-crit|p1a: Kingambit
|-damage|p1a: Kingambit|0 fnt
|-unboost|p2b: Sneasler|def|1
|-unboost|p2b: Sneasler|spd|1
|faint|p1a: Kingambit
|move|p2a: Baxcalibur|Scale Shot|p1b: Magmar
|-damage|p1b: Magmar|82/100
|-damage|p1b: Magmar|62/100
|-damage|p1b: Magmar|44/100
|-damage|p1b: Magmar|23/100
|-hitcount|p1b: Magmar|4
|-unboost|p2a: Baxcalibur|def|1
|-boost|p2a: Baxcalibur|spe|1
|move|p1b: Magmar|Will-O-Wisp|p2b: Sneasler
|-status|p2b: Sneasler|brn
|
|-damage|p2b: Sneasler|95/100 brn|[from] brn
|upkeep
|
|t:|1756254056
|switch|p1a: Sneasler|Sneasler, L50, F|100/100
|turn|3
|
|t:|1756254070
|-terastallize|p2a: Baxcalibur|Ghost
|-terastallize|p1a: Sneasler|Stellar
|move|p1b: Magmar|Follow Me|p1b: Magmar
|-singleturn|p1b: Magmar|move: Follow Me
|move|p2a: Baxcalibur|Icicle Spear|p1b: Magmar
|-resisted|p1b: Magmar
|-damage|p1b: Magmar|13/100
|-resisted|p1b: Magmar
|-damage|p1b: Magmar|3/100
|-resisted|p1b: Magmar
|-damage|p1b: Magmar|0 fnt
|faint|p1b: Magmar
|-hitcount|p1: Magmar|3
|move|p2b: Sneasler|Coaching|p2a: Baxcalibur
|-boost|p2a: Baxcalibur|atk|1
|-boost|p2a: Baxcalibur|def|1
|move|p1a: Sneasler|Close Combat|p2a: Baxcalibur
|-immune|p2a: Baxcalibur
|
|-damage|p2b: Sneasler|89/100 brn|[from] brn
|upkeep
|
|t:|1756254074
|switch|p1b: Rillaboom|Rillaboom, L50, F|100/100
|-fieldstart|move: Grassy Terrain|[from] ability: Grassy Surge|[of] p1b: Rillaboom
|turn|4
|
|t:|1756254089
|move|p2a: Baxcalibur|Icicle Spear|p1a: Sneasler
|-damage|p1a: Sneasler|44/100
|-crit|p1a: Sneasler
|-damage|p1a: Sneasler|0 fnt
|faint|p1a: Sneasler
|-hitcount|p1: Sneasler|2
|move|p2b: Sneasler|Dire Claw|p1b: Rillaboom
|-supereffective|p1b: Rillaboom
|-damage|p1b: Rillaboom|58/100
|-status|p1b: Rillaboom|par
|move|p1b: Rillaboom|Wood Hammer|p2a: Baxcalibur
|-damage|p2a: Baxcalibur|41/100
|-damage|p1b: Rillaboom|39/100 par|[from] Recoil
|
|-heal|p2a: Baxcalibur|47/100|[from] Grassy Terrain
|-heal|p2b: Sneasler|95/100 brn|[from] Grassy Terrain
|-heal|p1b: Rillaboom|45/100 par|[from] Grassy Terrain
|-damage|p2b: Sneasler|89/100 brn|[from] brn
|upkeep
|turn|5
|-message|dfdfdfgdfdt forfeited.
|
|win|jerry22
||dfdfdfgdfdt is ready for game 3.
||jerry22 is ready for game 3.
|uhtml|next|Next: Game 3 of 3
|l|☆jerry22
|player|p2|
|l|☆dfdfdfgdfdt
|player|p1|
|j|☆dfdfdfgdfdt
|player|p1|dfdfdfgdfdt|265|
