|j|☆merr123
|j|☆Pupa202
|html|merr123Pupa202    
|uhtml|bestof|Game 1 of a best-of-3
|t:|1756885009
|gametype|doubles
|player|p1|merr123|sisandbro|1195
|player|p2|Pupa202|265|1000
|gen|9
|tier|[Gen 9] VGC 2025 Reg H (Bo3)
|rated|
|rule|Species Clause: Limit one of each Pokémon
|rule|Item Clause: Limit 1 of each item
|clearpoke
|poke|p1|Sneasler, L50, M|
|poke|p1|Gholdengo, L50|
|poke|p1|Amoonguss, L50, F|
|poke|p1|Incineroar, L50, F|
|poke|p1|Ursaluna-Bloodmoon, L50, M|
|poke|p1|Farigiraf, L50, M|
|poke|p2|Whimsicott, L50, M|
|poke|p2|Porygon2, L50|
|poke|p2|Archaludon, L50, M|
|poke|p2|Incineroar, L50, F|
|poke|p2|Rillaboom, L50, M|
|poke|p2|Rotom-Wash, L50|
|teampreview|4
|showteam|p1|Sneasler||ClearAmulet|PoisonTouch|FakeOut,CloseCombat,DireClaw,Protect|||M|||50|,,,,,Water]Gholdengo||MetalCoat|GoodasGold|NastyPlot,MakeItRain,ShadowBall,Protect||||||50|,,,,,Water]Amoonguss||MentalHerb|Regenerator|Spore,RagePowder,PollenPuff,Protect|||F|||50|,,,,,Water]Incineroar||SafetyGoggles|Intimidate|FakeOut,FlareBlitz,KnockOff,PartingShot|||F|||50|,,,,,Ghost]Ursaluna-Bloodmoon||LifeOrb|MindsEye|CalmMind,EarthPower,BloodMoon,Protect|||M|||50|,,,,,Poison]Farigiraf||ThroatSpray|ArmorTail|HyperVoice,Psychic,TrickRoom,Protect|||M|||50|,,,,,Dragon
|showteam|p2|Whimsicott||FocusSash|Prankster|Tailwind,Encore,Taunt,Moonblast|||M|||50|,,,,,Water]Porygon2||Eviolite|Trace|TrickRoom,Recover,TriAttack,IceBeam||||||50|,,,,,Ghost]Archaludon||AssaultVest|Stamina|ElectroShot,FlashCannon,DragonPulse,BodyPress|||M|||50|,,,,,Grass]Incineroar||SafetyGoggles|Intimidate|FakeOut,KnockOff,FlareBlitz,PartingShot|||F|||50|,,,,,Grass]Rillaboom||MiracleSeed|GrassySurge|GrassyGlide,WoodHammer,FakeOut,Protect|||M|||50|,,,,,Fire]Rotom-Wash||SitrusBerry|Levitate|Thunderbolt,HydroPump,WillOWisp,Protect||||||50|,,,,,Grass
|inactive|Battle timer is ON: inactive players will automatically lose when time's up. (requested by merr123)
|inactive|merr123 has 60 seconds left.
|inactive|Pupa202 has 60 seconds left.
|inactive|merr123 has 30 seconds left.
|inactive|merr123 has 20 seconds left.
|
|t:|1756885085
|teamsize|p1|4
|teamsize|p2|4
|start
|switch|p1a: Sneasler|Sneasler, L50, M|100/100
|switch|p1b: Farigiraf|Farigiraf, L50, M|100/100
|switch|p2a: Porygon2|Porygon2, L50|100/100
|switch|p2b: Incineroar|Incineroar, L50, F|100/100
|-ability|p2a: Porygon2|Poison Touch|Trace|[from] ability: Trace|[of] p1a: Sneasler
|-ability|p2b: Incineroar|Intimidate|boost
|-fail|p1a: Sneasler|unboost|[from] item: Clear Amulet|[of] p1a: Sneasler
|-unboost|p1b: Farigiraf|atk|1
|turn|1
|inactive|merr123 has 30 seconds left.
|inactive|Pupa202 has 30 seconds left.
|inactive|Pupa202 has 20 seconds left.
|inactive|Pupa202 has 15 seconds left.
|
|t:|1756885125
|move|p1a: Sneasler|Close Combat|p2b: Incineroar
|-supereffective|p2b: Incineroar
|-damage|p2b: Incineroar|0 fnt
|-unboost|p1a: Sneasler|def|1
|-unboost|p1a: Sneasler|spd|1
|faint|p2b: Incineroar
|move|p2a: Porygon2|Trick Room|p2a: Porygon2
|-fieldstart|move: Trick Room|[of] p2a: Porygon2
|move|p1b: Farigiraf|Trick Room|p1b: Farigiraf
|-fieldend|move: Trick Room
|
|upkeep
|
|t:|1756885135
|switch|p2b: Whimsicott|Whimsicott, L50, M|100/100
|turn|2
|inactive|merr123 has 30 seconds left.
|
|t:|1756885163
|switch|p1b: Gholdengo|Gholdengo, L50|100/100
|move|p2b: Whimsicott|Moonblast|p1b: Gholdengo
|-resisted|p1b: Gholdengo
|-damage|p1b: Gholdengo|86/100
|-unboost|p1b: Gholdengo|spa|1
|move|p1a: Sneasler|Close Combat|p2a: Porygon2
|-supereffective|p2a: Porygon2
|-damage|p2a: Porygon2|0 fnt
|-unboost|p1a: Sneasler|def|1
|-unboost|p1a: Sneasler|spd|1
|faint|p2a: Porygon2
|
|upkeep
|
|t:|1756885177
|switch|p2a: Rotom|Rotom-Wash, L50|100/100
|turn|3
|
|t:|1756885197
|move|p2b: Whimsicott|Tailwind|p2b: Whimsicott
|-sidestart|p2: Pupa202|move: Tailwind
|move|p2a: Rotom|Thunderbolt|p1a: Sneasler
|-damage|p1a: Sneasler|19/100
|move|p1a: Sneasler|Dire Claw|p2b: Whimsicott
|-supereffective|p2b: Whimsicott
|-enditem|p2b: Whimsicott|Focus Sash
|-damage|p2b: Whimsicott|1/100
|move|p1b: Gholdengo|Make It Rain|p2a: Rotom|[spread] p2a,p2b
|-resisted|p2a: Rotom
|-supereffective|p2b: Whimsicott
|-damage|p2a: Rotom|92/100
|-damage|p2b: Whimsicott|0 fnt
|-unboost|p1b: Gholdengo|spa|1
|faint|p2b: Whimsicott
|
|upkeep
|turn|4
|
|t:|1756885216
|move|p2a: Rotom|Thunderbolt|p1a: Sneasler
|-damage|p1a: Sneasler|0 fnt
|faint|p1a: Sneasler
|move|p1b: Gholdengo|Nasty Plot|p1b: Gholdengo
|-boost|p1b: Gholdengo|spa|2
|
|upkeep
|
|t:|1756885227
|switch|p1a: Farigiraf|Farigiraf, L50, M|100/100
|turn|5
|
|t:|1756885236
|move|p2a: Rotom|Hydro Pump|p1b: Gholdengo|[miss]
|-miss|p2a: Rotom|p1b: Gholdengo
|move|p1b: Gholdengo|Nasty Plot|p1b: Gholdengo
|-boost|p1b: Gholdengo|spa|2
|move|p1a: Farigiraf|Hyper Voice|p2a: Rotom
|-damage|p2a: Rotom|58/100
|-enditem|p1a: Farigiraf|Throat Spray
|-boost|p1a: Farigiraf|spa|1|[from] item: Throat Spray
|
|upkeep
|turn|6
|
|t:|1756885248
|move|p2a: Rotom|Hydro Pump|p1b: Gholdengo
|-damage|p1b: Gholdengo|44/100
|move|p1b: Gholdengo|Shadow Ball|p2a: Rotom
|-damage|p2a: Rotom|0 fnt
|faint|p2a: Rotom
|
|win|merr123
