|j|☆Sodamario
|j|☆takeshivgc-test
|html|Sodamariotakeshivgc-test    
|uhtml|bestof|Game 3 of a best-of-3
|t:|1756145113
|gametype|doubles
|player|p1|Sodamario|266|1223
|player|p2|takeshivgc-test|flannery|1288
|gen|9
|tier|[Gen 9] VGC 2025 Reg H (Bo3)
|rated|
|rule|Species Clause: Limit one of each Pokémon
|rule|Item Clause: Limit 1 of each item
|clearpoke
|poke|p1|Kingambit, L50, F|
|poke|p1|Rillaboom, L50, F|
|poke|p1|Electabuzz, L50, M|
|poke|p1|Volcarona, L50, M|
|poke|p1|Sneasler, L50, M|
|poke|p1|Dragonite, L50, M|
|poke|p2|Armarouge, L50, F|
|poke|p2|Indeedee-F, L50, F|
|poke|p2|Torkoal, L50, M|
|poke|p2|Ursaluna, L50, F|
|poke|p2|Gallade, L50, M|
|poke|p2|Hatterene, L50, F|
|teampreview|4
|showteam|p1|Kingambit||BlackGlasses|Defiant|Protect,KowtowCleave,SuckerPunch,SwordsDance|||F|||50|,,,,,Dark]Rillaboom||AssaultVest|GrassySurge|WoodHammer,GrassyGlide,HighHorsepower,FakeOut|||F|||50|,,,,,Fire]Electabuzz||Eviolite|VitalSpirit|Protect,Thunderbolt,HelpingHand,FollowMe|||M|||50|,,,,,Ghost]Volcarona||CovertCloak|FlameBody|Protect,HeatWave,TeraBlast,QuiverDance|||M|||50|,,,,,Fairy]Sneasler||FocusSash|Unburden|CloseCombat,DireClaw,Coaching,FakeOut|||M|||50|,,,,,Stellar]Dragonite||LoadedDice|Multiscale|ScaleShot,Haze,ExtremeSpeed,Protect|||M|||50|,,,,,Fairy
|showteam|p2|Armarouge||PowerHerb|FlashFire|MeteorBeam,ExpandingForce,ArmorCannon,TrickRoom|||F|||50|,,,,,Grass]Indeedee-F||PsychicSeed|PsychicSurge|Psychic,TrickRoom,HelpingHand,FollowMe|||F|||50|,,,,,Fairy]Torkoal||Charcoal|Drought|Eruption,HeatWave,Protect,WeatherBall|||M|||50|,,,,,Fire]Ursaluna||FlameOrb|Guts|Facade,Earthquake,HeadlongRush,Protect|||F|||50|,,,,,Ghost]Gallade||ClearAmulet|Sharpness|SacredSword,PsychoCut,WideGuard,TrickRoom|||M|||50|,,,,,Fire]Hatterene||LifeOrb|MagicBounce|ExpandingForce,DazzlingGleam,TrickRoom,MysticalFire|||F|||50|,,,,,Fire
|c|☆takeshivgc-test|These are some ggs. Props to you good sir/ma'am
|
|t:|1756145178
|teamsize|p1|4
|teamsize|p2|4
|start
|switch|p1a: Shigaraki|Sneasler, L50, M|100/100
|switch|p1b: WrathofKhan|Kingambit, L50, F, shiny|100/100
|switch|p2a: Indeedee|Indeedee-F, L50, F|100/100
|switch|p2b: Armarouge|Armarouge, L50, F|100/100
|-fieldstart|move: Psychic Terrain|[from] ability: Psychic Surge|[of] p2a: Indeedee
|-enditem|p2a: Indeedee|Psychic Seed
|-boost|p2a: Indeedee|spd|1|[from] item: Psychic Seed
|turn|1
|
|t:|1756145226
|-terastallize|p1b: WrathofKhan|Dark
|move|p2a: Indeedee|Follow Me|p2a: Indeedee
|-singleturn|p2a: Indeedee|move: Follow Me
|move|p1a: Shigaraki|Dire Claw|p2a: Indeedee
|-damage|p2a: Indeedee|63/100
|-status|p2a: Indeedee|psn
|move|p1b: WrathofKhan|Kowtow Cleave|p2a: Indeedee
|-supereffective|p2a: Indeedee
|-damage|p2a: Indeedee|0 fnt
|faint|p2a: Indeedee
|move|p2b: Armarouge|Trick Room|p2b: Armarouge
|-fieldstart|move: Trick Room|[of] p2b: Armarouge
|
|upkeep
|
|t:|1756145245
|switch|p2a: Torkoal|Torkoal, L50, M|100/100
|-weather|SunnyDay|[from] ability: Drought|[of] p2a: Torkoal
|turn|2
|
|t:|1756145280
|switch|p2b: Ursaluna|Ursaluna, L50, F|100/100
|move|p2a: Torkoal|Protect|p2a: Torkoal
|-singleturn|p2a: Torkoal|Protect
|move|p1b: WrathofKhan|Protect|p1b: WrathofKhan
|-singleturn|p1b: WrathofKhan|Protect
|move|p1a: Shigaraki|Dire Claw|p2a: Torkoal
|-activate|p2a: Torkoal|move: Protect
|
|-weather|SunnyDay|[upkeep]
|-status|p2b: Ursaluna|brn|[from] item: Flame Orb
|upkeep
|turn|3
|
|t:|1756145336
|move|p1b: WrathofKhan|Protect||[still]
|-fail|p1b: WrathofKhan
|move|p2a: Torkoal|Heat Wave|p1a: Shigaraki|[spread] p1a,p1b
|-damage|p1a: Shigaraki|31/100
|-damage|p1b: WrathofKhan|51/100
|-status|p1b: WrathofKhan|brn
|move|p2b: Ursaluna|Facade|p1a: Shigaraki
|-damage|p1a: Shigaraki|0 fnt
|faint|p1a: Shigaraki
|
|-weather|SunnyDay|[upkeep]
|-damage|p2b: Ursaluna|95/100 brn|[from] brn
|-damage|p1b: WrathofKhan|45/100 brn|[from] brn
|upkeep
|
|t:|1756145348
|switch|p1a: Trunkmeister|Rillaboom, L50, F, shiny|100/100
|-fieldstart|move: Grassy Terrain|[from] ability: Grassy Surge|[of] p1a: Trunkmeister
|turn|4
|
|t:|1756145380
|switch|p2b: Armarouge|Armarouge, L50, F|100/100
|-terastallize|p2a: Torkoal|Fire
|move|p1a: Trunkmeister|Fake Out|p2a: Torkoal
|-damage|p2a: Torkoal|90/100
|cant|p2a: Torkoal|flinch
|move|p1b: WrathofKhan|Swords Dance|p1b: WrathofKhan
|-boost|p1b: WrathofKhan|atk|2
|
|-weather|SunnyDay|[upkeep]
|-heal|p2a: Torkoal|96/100|[from] Grassy Terrain
|-heal|p1b: WrathofKhan|51/100 brn|[from] Grassy Terrain
|-damage|p1b: WrathofKhan|45/100 brn|[from] brn
|upkeep
|turn|5
|
|t:|1756145413
|switch|p1a: Litofsky|Electabuzz, L50, M, shiny|100/100
|move|p2a: Torkoal|Protect|p2a: Torkoal
|-singleturn|p2a: Torkoal|Protect
|move|p1b: WrathofKhan|Protect|p1b: WrathofKhan
|-singleturn|p1b: WrathofKhan|Protect
|move|p2b: Armarouge|Armor Cannon|p1a: Litofsky
|-damage|p1a: Litofsky|13/100
|-unboost|p2b: Armarouge|def|1
|-unboost|p2b: Armarouge|spd|1
|
|-weather|SunnyDay|[upkeep]
|-heal|p2a: Torkoal|100/100|[from] Grassy Terrain
|-heal|p1b: WrathofKhan|51/100 brn|[from] Grassy Terrain
|-heal|p1a: Litofsky|19/100|[from] Grassy Terrain
|-damage|p1b: WrathofKhan|45/100 brn|[from] brn
|-fieldend|move: Trick Room
|upkeep
|turn|6
|
|t:|1756145435
|switch|p2b: Ursaluna|Ursaluna, L50, F|95/100 brn
|move|p1a: Litofsky|Helping Hand|p1b: WrathofKhan
|-singleturn|p1b: WrathofKhan|Helping Hand|[of] p1a: Litofsky
|move|p1b: WrathofKhan|Kowtow Cleave|p2a: Torkoal
|-damage|p2a: Torkoal|19/100
|move|p2a: Torkoal|Heat Wave|p1a: Litofsky|[spread] p1a,p1b
|-damage|p1a: Litofsky|0 fnt
|-damage|p1b: WrathofKhan|0 fnt
|faint|p1a: Litofsky
|faint|p1b: WrathofKhan
|
|-weather|none
|-heal|p2b: Ursaluna|100/100 brn|[from] Grassy Terrain
|-heal|p2a: Torkoal|25/100|[from] Grassy Terrain
|-damage|p2b: Ursaluna|95/100 brn|[from] brn
|upkeep
|
|t:|1756145445
|switch|p1b: Trunkmeister|Rillaboom, L50, F, shiny|100/100
|turn|7
|
|t:|1756145468
|switch|p2a: Armarouge|Armarouge, L50, F|100/100
|move|p2b: Ursaluna|Protect|p2b: Ursaluna
|-singleturn|p2b: Ursaluna|Protect
|move|p1b: Trunkmeister|Wood Hammer|p2b: Ursaluna
|-activate|p2b: Ursaluna|move: Protect
|
|-heal|p2b: Ursaluna|100/100 brn|[from] Grassy Terrain
|-damage|p2b: Ursaluna|95/100 brn|[from] brn
|upkeep
|turn|8
|
|t:|1756145486
|switch|p2b: Torkoal|Torkoal, L50, M, tera:Fire|25/100
|-weather|SunnyDay|[from] ability: Drought|[of] p2b: Torkoal
|move|p1b: Trunkmeister|Wood Hammer|p2b: Torkoal
|-resisted|p2b: Torkoal
|-damage|p2b: Torkoal|0 fnt
|faint|p2b: Torkoal
|-damage|p1b: Trunkmeister|93/100|[from] Recoil
|move|p2a: Armarouge|Armor Cannon|p1b: Trunkmeister
|-supereffective|p1b: Trunkmeister
|-damage|p1b: Trunkmeister|0 fnt
|-unboost|p2a: Armarouge|def|1
|-unboost|p2a: Armarouge|spd|1
|faint|p1b: Trunkmeister
|
|win|takeshivgc-test
|raw|Sodamario's rating: 1223 → 1203(-20 for losing)
|raw|takeshivgc-test's rating: 1288 → 1308(+20 for winning)
|l|☆Sodamario
|player|p1|
|c|☆takeshivgc-test|Ggs very wp
|l|☆takeshivgc-test
|player|p2|
|j|☆takeshivgc-test
|player|p2|takeshivgc-test|flannery|
