|j|☆Smasho
|j|☆lolgz
|html|Smashololgz    
|uhtml|bestof|Game 1 of a best-of-3
|t:|1782732669
|gametype|doubles
|player|p1|Smasho|1|1186
|player|p2|lolgz|dawn|1149
|gen|9
|tier|[Gen 9 Champions] VGC 2026 Reg M-B (Bo3)
|rated|
|rule|Species Clause: Limit one of each Pokémon
|rule|Item Clause: Limit 1 of each item
|clearpoke
|poke|p1|Raichu, L50, F, shiny|
|poke|p1|Mawile, L50, F|
|poke|p1|Sinistcha, L50|
|poke|p1|Ceruledge, L50, F|
|poke|p1|Milotic, L50, F, shiny|
|poke|p1|Incineroar, L50, M, shiny|
|poke|p2|Scrafty, L50, M|
|poke|p2|Scizor, L50, F|
|poke|p2|Milotic, L50, M|
|poke|p2|Sinistcha, L50|
|poke|p2|Sneasler, L50, M|
|poke|p2|Incineroar, L50, F|
|teampreview|4
|showteam|p1|Raichu||RaichuniteY|LightningRod|ZapCannon,FocusBlast,FakeOut,Protect|Timid||F|||50|]Mawile||Mawilite|HyperCutter|PlayRough,SuckerPunch,SwordsDance,Protect|Adamant||F|||50|]Sinistcha||KasibBerry|Hospitality|MatchaGotcha,LifeDew,RagePowder,Protect|Relaxed|||||50|]Ceruledge||ColburBerry|FlashFire|BitterBlade,ShadowSneak,BulkUp,Protect|Adamant||F|||50|]Milotic||Leftovers|Competitive|MuddyWater,Coil,Hypnosis,Protect|Calm||F|||50|]Incineroar||SitrusBerry|Intimidate|FlareBlitz,ThroatChop,FakeOut,PartingShot|Impish||M|||50|
|showteam|p2|Scrafty||Scraftinite|Intimidate|DrainPunch,KnockOff,Protect,DragonDance|Jolly||M|||50|]Scizor||Scizorite|Swarm|BulletPunch,BugBite,SwordsDance,Protect|Adamant||F|||50|]Milotic||Leftovers|Competitive|Scald,IcyWind,Recover,Protect|Calm||M|||50|]Sinistcha||CobaBerry|Hospitality|MatchaGotcha,RagePowder,LifeDew,TrickRoom|Bold|||||50|]Sneasler||WhiteHerb|Unburden|CloseCombat,DireClaw,FakeOut,Coaching|Adamant||M|||50|]Incineroar||SitrusBerry|Intimidate|FlareBlitz,ThroatChop,FakeOut,PartingShot|Adamant||F|||50|
|
|t:|1782732718
|teamsize|p1|4
|teamsize|p2|4
|start
|switch|p1a: Milotic|Milotic, L50, F, shiny|100/100
|switch|p1b: Raichu|Raichu, L50, F, shiny|100/100
|switch|p2a: Sneasler|Sneasler, L50, M|100/100
|switch|p2b: Scrafty|Scrafty, L50, M|100/100
|-ability|p2b: Scrafty|Intimidate|boost
|-unboost|p1a: Milotic|atk|1
|-ability|p1a: Milotic|Competitive|boost
|-boost|p1a: Milotic|spa|2
|-unboost|p1b: Raichu|atk|1
|turn|1
|inactive|Battle timer is ON: inactive players will automatically lose when time's up. (requested by Smasho)
|inactive|lolgz has 60 seconds left.
|
|t:|1782732779
|detailschange|p1b: Raichu|Raichu-Mega-Y, L50, F, shiny
|-mega|p1b: Raichu|Raichu|Raichunite Y
|detailschange|p2b: Scrafty|Scrafty-Mega, L50, M
|-mega|p2b: Scrafty|Scrafty|Scraftinite
|-ability|p2b: Scrafty|Intimidate|boost
|-unboost|p1a: Milotic|atk|1
|-ability|p1a: Milotic|Competitive|boost
|-boost|p1a: Milotic|spa|2
|-unboost|p1b: Raichu|atk|1
|move|p1b: Raichu|Fake Out|p2a: Sneasler
|-damage|p2a: Sneasler|92/100
|cant|p2a: Sneasler|flinch
|move|p2b: Scrafty|Knock Off|p1a: Milotic
|-damage|p1a: Milotic|58/100
|-enditem|p1a: Milotic|Leftovers|[from] move: Knock Off|[of] p2b: Scrafty
|move|p1a: Milotic|Coil|p1a: Milotic
|-boost|p1a: Milotic|atk|1
|-boost|p1a: Milotic|def|1
|-boost|p1a: Milotic|accuracy|1
|
|upkeep
|turn|2
|
|t:|1782732799
|move|p2b: Scrafty|Protect|p2b: Scrafty
|-singleturn|p2b: Scrafty|Protect
|move|p1b: Raichu|Zap Cannon|p2b: Scrafty
|-activate|p2b: Scrafty|move: Protect
|move|p2a: Sneasler|Dire Claw|p1a: Milotic
|-damage|p1a: Milotic|32/100
|-status|p1a: Milotic|slp
|cant|p1a: Milotic|slp
|
|upkeep
|turn|3
|
|t:|1782732811
|cant|p1a: Milotic|slp
|move|p1b: Raichu|Zap Cannon|p2b: Scrafty
|-damage|p2b: Scrafty|43/100
|-status|p2b: Scrafty|par
|move|p2a: Sneasler|Close Combat|p1b: Raichu
|-damage|p1b: Raichu|1/100
|-unboost|p2a: Sneasler|def|1
|-unboost|p2a: Sneasler|spd|1
|-enditem|p2a: Sneasler|White Herb
|-clearnegativeboost|p2a: Sneasler|[silent]
|move|p2b: Scrafty|Dragon Dance|p2b: Scrafty
|-boost|p2b: Scrafty|atk|1
|-boost|p2b: Scrafty|spe|1
|
|upkeep
|turn|4
|
|t:|1782732829
|switch|p1b: Incineroar|Incineroar, L50, M, shiny|100/100
|-ability|p1b: Incineroar|Intimidate|boost
|-unboost|p2a: Sneasler|atk|1
|-unboost|p2b: Scrafty|atk|1
|-curestatus|p1a: Milotic|slp|[msg]
|move|p1a: Milotic|Protect|p1a: Milotic
|-singleturn|p1a: Milotic|Protect
|move|p2a: Sneasler|Dire Claw|p1b: Incineroar
|-damage|p1b: Incineroar|78/100
|move|p2b: Scrafty|Drain Punch|p1a: Milotic
|-activate|p1a: Milotic|move: Protect
|
|upkeep
|turn|5
|
|t:|1782732851
|switch|p2a: Sinistcha|Sinistcha, L50|100/100
|-heal|p2b: Scrafty|67/100 par|[from] ability: Hospitality|[of] p2a: Sinistcha
|move|p2b: Scrafty|Protect|p2b: Scrafty
|-singleturn|p2b: Scrafty|Protect
|move|p1b: Incineroar|Fake Out|p2a: Sinistcha
|-immune|p2a: Sinistcha
|move|p1a: Milotic|Muddy Water|p2b: Scrafty|[spread] p2a
|-activate|p2b: Scrafty|move: Protect
|-resisted|p2a: Sinistcha|1
|-damage|p2a: Sinistcha|65/100
|
|upkeep
|turn|6
|
|t:|1782732863
|move|p1a: Milotic|Muddy Water|p2a: Sinistcha|[spread] p2a,p2b
|-resisted|p2a: Sinistcha|1
|-damage|p2a: Sinistcha|35/100
|-damage|p2b: Scrafty|10/100 par
|move|p2b: Scrafty|Dragon Dance|p2b: Scrafty
|-boost|p2b: Scrafty|atk|1
|-boost|p2b: Scrafty|spe|1
|move|p2a: Sinistcha|Matcha Gotcha|p1b: Incineroar|[spread] p1a,p1b
|-supereffective|p1a: Milotic|1
|-resisted|p1b: Incineroar|1
|-damage|p1a: Milotic|0 fnt
|-heal|p2a: Sinistcha|53/100|[from] drain|[of] p1a: Milotic
|-damage|p1b: Incineroar|68/100
|-heal|p2a: Sinistcha|60/100|[from] drain|[of] p1b: Incineroar
|faint|p1a: Milotic
|move|p1b: Incineroar|Parting Shot|p2b: Scrafty
|-unboost|p2b: Scrafty|atk|1
|-unboost|p2b: Scrafty|spa|1
|
|t:|1782732869
|switch|p1b: Raichu|Raichu-Mega-Y, L50, F, shiny|1/100|[from] Parting Shot
|
|upkeep
|
|t:|1782732871
|switch|p1a: Incineroar|Incineroar, L50, M, shiny|68/100
|-ability|p1a: Incineroar|Intimidate|boost
|-unboost|p2a: Sinistcha|atk|1
|-unboost|p2b: Scrafty|atk|1
|turn|7
|
|t:|1782732881
|move|p2b: Scrafty|Protect|p2b: Scrafty
|-singleturn|p2b: Scrafty|Protect
|move|p1b: Raichu|Fake Out|p2b: Scrafty
|-activate|p2b: Scrafty|move: Protect
|move|p2a: Sinistcha|Life Dew|p2a: Sinistcha|[spread] p2a,p2b
|-heal|p2a: Sinistcha|85/100
|-heal|p2b: Scrafty|36/100 par
|move|p1a: Incineroar|Throat Chop|p2a: Sinistcha
|-supereffective|p2a: Sinistcha|1
|-damage|p2a: Sinistcha|31/100
|-start|p2a: Sinistcha|Throat Chop|[silent]
|
|upkeep
|turn|8
|
|t:|1782732890
|move|p1b: Raichu|Protect|p1b: Raichu
|-singleturn|p1b: Raichu|Protect
|move|p2a: Sinistcha|Rage Powder|p2a: Sinistcha
|-singleturn|p2a: Sinistcha|move: Rage Powder
|move|p2b: Scrafty|Drain Punch|p1b: Raichu
|-activate|p1b: Raichu|move: Protect
|move|p1a: Incineroar|Flare Blitz|p2a: Sinistcha
|-supereffective|p2a: Sinistcha|1
|-damage|p2a: Sinistcha|0 fnt
|faint|p2a: Sinistcha
|-damage|p1a: Incineroar|59/100|[from] Recoil
|
|upkeep
|
|t:|1782732892
|switch|p2a: Sneasler|Sneasler, L50, M|92/100
|turn|9
|
|t:|1782732899
|switch|p1b: Ceruledge|Ceruledge, L50, F|100/100
|move|p2a: Sneasler|Fake Out|p1b: Ceruledge
|-immune|p1b: Ceruledge
|move|p2b: Scrafty|Drain Punch|p1a: Incineroar
|-supereffective|p1a: Incineroar|1
|-damage|p1a: Incineroar|23/100
|-heal|p2b: Scrafty|58/100 par|[from] drain|[of] p1a: Incineroar
|-enditem|p1a: Incineroar|Sitrus Berry|[eat]
|-heal|p1a: Incineroar|48/100|[from] item: Sitrus Berry
|move|p1a: Incineroar|Flare Blitz|p2b: Scrafty
|-damage|p2b: Scrafty|16/100 par
|-damage|p1a: Incineroar|37/100|[from] Recoil
|
|upkeep
|turn|10
|
|t:|1782732917
|move|p2a: Sneasler|Close Combat|p1a: Incineroar
|-supereffective|p1a: Incineroar|1
|-crit|p1a: Incineroar
|-damage|p1a: Incineroar|0 fnt
|-unboost|p2a: Sneasler|def|1
|-unboost|p2a: Sneasler|spd|1
|faint|p1a: Incineroar
|move|p2b: Scrafty|Knock Off|p1b: Ceruledge
|-supereffective|p1b: Ceruledge|1
|-enditem|p1b: Ceruledge|Colbur Berry|[eat]
|-enditem|p1b: Ceruledge|Colbur Berry|[weaken]
|-damage|p1b: Ceruledge|66/100
|move|p1b: Ceruledge|Bitter Blade|p2b: Scrafty
|-damage|p2b: Scrafty|0 fnt
|-heal|p1b: Ceruledge|73/100|[from] drain|[of] p2b: Scrafty
|faint|p2b: Scrafty
|
|upkeep
|
|t:|1782732925
|switch|p2b: Milotic|Milotic, L50, M|100/100
|switch|p1a: Raichu|Raichu-Mega-Y, L50, F, shiny|1/100
|turn|11
|
|t:|1782732936
|move|p2b: Milotic|Protect|p2b: Milotic
|-singleturn|p2b: Milotic|Protect
|move|p1a: Raichu|Zap Cannon|p2b: Milotic
|-activate|p2b: Milotic|move: Protect
|move|p2a: Sneasler|Close Combat|p1a: Raichu
|-damage|p1a: Raichu|0 fnt
|-unboost|p2a: Sneasler|def|1
|-unboost|p2a: Sneasler|spd|1
|faint|p1a: Raichu
|move|p1b: Ceruledge|Bitter Blade|p2a: Sneasler
|-damage|p2a: Sneasler|0 fnt
|-heal|p1b: Ceruledge|100/100|[from] drain|[of] p2a: Sneasler
|faint|p2a: Sneasler
|
|upkeep
|turn|12
|
|t:|1782732942
|move|p2b: Milotic|Scald|p1b: Ceruledge
|-supereffective|p1b: Ceruledge|1
|-damage|p1b: Ceruledge|46/100
|move|p1b: Ceruledge|Bitter Blade|p2b: Milotic
|-resisted|p2b: Milotic|1
|-damage|p2b: Milotic|76/100
|-heal|p1b: Ceruledge|60/100|[from] drain|[of] p2b: Milotic
|
|-heal|p2b: Milotic|82/100|[from] item: Leftovers
|upkeep
|turn|13
|
|t:|1782732949
|move|p2b: Milotic|Scald|p1b: Ceruledge
|-supereffective|p1b: Ceruledge|1
|-damage|p1b: Ceruledge|7/100
|move|p1b: Ceruledge|Bitter Blade|p2b: Milotic
|-resisted|p2b: Milotic|1
|-damage|p2b: Milotic|59/100
|-heal|p1b: Ceruledge|19/100|[from] drain|[of] p2b: Milotic
|
|-heal|p2b: Milotic|65/100|[from] item: Leftovers
|upkeep
|turn|14
|
|t:|1782732952
|move|p1b: Ceruledge|Shadow Sneak|p2b: Milotic
|-damage|p2b: Milotic|45/100
|move|p2b: Milotic|Scald|p1b: Ceruledge
|-supereffective|p1b: Ceruledge|1
|-damage|p1b: Ceruledge|0 fnt
|faint|p1b: Ceruledge
|
|win|lolgz
