|j|☆Troutlegs
|j|☆JuanGuerrero09
|html|TroutlegsJuanGuerrero09    
|uhtml|bestof|Game 1 of a best-of-3
|t:|1757183555
|gametype|doubles
|player|p1|Troutlegs|workerice|1073
|player|p2|JuanGuerrero09|169|1097
|gen|9
|tier|[Gen 9] VGC 2025 Reg H (Bo3)
|rated|
|rule|Species Clause: Limit one of each Pokémon
|rule|Item Clause: Limit 1 of each item
|clearpoke
|poke|p1|Volcarona, L50, F|
|poke|p1|Tyranitar, L50, M|
|poke|p1|Excadrill, L50, M|
|poke|p1|Clefairy, L50, M|
|poke|p1|Dragonite, L50, M|
|poke|p1|Gholdengo, L50|
|poke|p2|Tyranitar, L50, F|
|poke|p2|Talonflame, L50, M|
|poke|p2|Indeedee, L50, M|
|poke|p2|Sneasler, L50, F|
|poke|p2|Ursaluna-Bloodmoon, L50, M|
|poke|p2|Electabuzz, L50, M|
|teampreview|4
|showteam|p1|Volcarona||CovertCloak|FlameBody|Flamethrower,GigaDrain,QuiverDance,Protect|||F|||50|,,,,,Grass]Tyranitar||ChoiceBand|SandStream|Crunch,RockSlide,TeraBlast,LowKick|||M|||50|,,,,,Flying]Excadrill||ClearAmulet|SandRush|HighHorsepower,IronHead,RockSlide,Protect|||M|||50|,,,,,Ghost]Clefairy||Eviolite|FriendGuard|FollowMe,AfterYou,HelpingHand,Moonblast|||M|||50|,,,,,Water]Dragonite||LoadedDice|InnerFocus|Tailwind,ScaleShot,ExtremeSpeed,Haze|||M|||50|,,,,,Normal]Gholdengo||ChoiceScarf|GoodasGold|MakeItRain,ShadowBall,Thunderbolt,Trick||||||50|,,,,,Steel
|showteam|p2|Tyranitar||AssaultVest|SandStream|RockSlide,KnockOff,LowKick,TeraBlast|||F|||50|,,,,,Flying]Talonflame||CovertCloak|FlameBody|DualWingbeat,FlareBlitz,Tailwind,WillOWisp|||M|||50|,,,,,Fairy]Indeedee||ChoiceSpecs|PsychicSurge|ExpandingForce,TeraBlast,Trick,TrickRoom|||M|||50|,,,,,Psychic]Sneasler||PsychicSeed|Unburden|DireClaw,CloseCombat,ThroatChop,Protect|||F|||50|,,,,,Dark]Ursaluna-Bloodmoon||LifeOrb|MindsEye|HyperVoice,BloodMoon,EarthPower,Protect|||M|||50|,,,,,Normal]Electabuzz||Eviolite|VitalSpirit|FollowMe,Taunt,Electroweb,Protect|||M|||50|,,,,,Ghost
|inactive|Battle timer is ON: inactive players will automatically lose when time's up. (requested by Troutlegs)
|inactive|JuanGuerrero09 has 60 seconds left.
|
|t:|1757183610
|teamsize|p1|4
|teamsize|p2|4
|start
|switch|p1a: Dragonite|Dragonite, L50, M|100/100
|switch|p1b: Gholdengo|Gholdengo, L50|100/100
|switch|p2a: Indeedee|Indeedee, L50, M|100/100
|switch|p2b: Sneasler|Sneasler, L50, F|100/100
|-fieldstart|move: Psychic Terrain|[from] ability: Psychic Surge|[of] p2a: Indeedee
|-enditem|p2b: Sneasler|Psychic Seed
|-boost|p2b: Sneasler|spd|1|[from] item: Psychic Seed
|turn|1
|inactive|JuanGuerrero09 has 30 seconds left.
|inactive|Troutlegs has 30 seconds left.
|inactive|JuanGuerrero09 has 20 seconds left.
|
|t:|1757183649
|switch|p1a: Tyranitar|Tyranitar, L50, M|100/100
|-weather|Sandstorm|[from] ability: Sand Stream|[of] p1a: Tyranitar
|-terastallize|p2a: Indeedee|Psychic
|move|p2b: Sneasler|Throat Chop|p1b: Gholdengo
|-supereffective|p1b: Gholdengo
|-damage|p1b: Gholdengo|31/100
|-start|p1b: Gholdengo|Throat Chop|[silent]
|move|p1b: Gholdengo|Make It Rain|p2b: Sneasler|[spread] p2a,p2b
|-damage|p2a: Indeedee|35/100
|-damage|p2b: Sneasler|56/100
|-unboost|p1b: Gholdengo|spa|1
|move|p2a: Indeedee|Expanding Force|p1b: Gholdengo|[spread] p1b
|-immune|p1a: Tyranitar
|-resisted|p1b: Gholdengo
|-damage|p1b: Gholdengo|0 fnt
|faint|p1b: Gholdengo
|
|-weather|Sandstorm|[upkeep]
|-damage|p2b: Sneasler|50/100|[from] Sandstorm
|-damage|p2a: Indeedee|29/100|[from] Sandstorm
|upkeep
|
|t:|1757183665
|switch|p1b: Excadrill|Excadrill, L50, M|100/100
|turn|2
|inactive|Troutlegs has 30 seconds left.
|inactive|Troutlegs has 20 seconds left.
|
|t:|1757183702
|switch|p2a: Ursaluna|Ursaluna-Bloodmoon, L50, M|100/100
|-terastallize|p1a: Tyranitar|Flying
|move|p2b: Sneasler|Protect|p2b: Sneasler
|-singleturn|p2b: Sneasler|Protect
|move|p1b: Excadrill|Iron Head|p2b: Sneasler
|-activate|p2b: Sneasler|move: Protect
|move|p1a: Tyranitar|Tera Blast|p2a: Ursaluna|[anim] Tera Blast Flying
|-damage|p2a: Ursaluna|48/100
|
|-weather|Sandstorm|[upkeep]
|-damage|p2b: Sneasler|45/100|[from] Sandstorm
|-damage|p1a: Tyranitar|95/100|[from] Sandstorm
|upkeep
|turn|3
|inactive|JuanGuerrero09 has 30 seconds left.
|inactive|JuanGuerrero09 has 20 seconds left.
|
|t:|1757183738
|switch|p2a: Tyranitar|Tyranitar, L50, F|100/100
|move|p1b: Excadrill|Protect|p1b: Excadrill
|-singleturn|p1b: Excadrill|Protect
|move|p2b: Sneasler|Close Combat|p1b: Excadrill
|-activate|p1b: Excadrill|move: Protect
|move|p1a: Tyranitar|Tera Blast|p2b: Sneasler|[anim] Tera Blast Flying
|-supereffective|p2b: Sneasler
|-damage|p2b: Sneasler|0 fnt
|faint|p2b: Sneasler
|
|-weather|Sandstorm|[upkeep]
|-damage|p1a: Tyranitar|89/100|[from] Sandstorm
|upkeep
|
|t:|1757183755
|switch|p2b: Ursaluna|Ursaluna-Bloodmoon, L50, M|48/100
|turn|4
|
|t:|1757183778
|move|p2b: Ursaluna|Protect|p2b: Ursaluna
|-singleturn|p2b: Ursaluna|Protect
|move|p1b: Excadrill|Iron Head|p2a: Tyranitar
|-supereffective|p2a: Tyranitar
|-crit|p2a: Tyranitar
|-damage|p2a: Tyranitar|0 fnt
|faint|p2a: Tyranitar
|move|p1a: Tyranitar|Tera Blast|p2b: Ursaluna|[anim] Tera Blast Flying
|-activate|p2b: Ursaluna|move: Protect
|
|-weather|Sandstorm|[upkeep]
|-damage|p1a: Tyranitar|83/100|[from] Sandstorm
|upkeep
|
|t:|1757183787
|switch|p2a: Indeedee|Indeedee, L50, M, tera:Psychic|29/100
|turn|5
|
|t:|1757183798
|move|p1b: Excadrill|Iron Head|p2a: Indeedee
|-damage|p2a: Indeedee|0 fnt
|faint|p2a: Indeedee
|move|p2b: Ursaluna|Blood Moon|p1a: Tyranitar
|-damage|p1a: Tyranitar|0 fnt
|faint|p1a: Tyranitar
|-damage|p2b: Ursaluna|39/100|[from] item: Life Orb
|
|-weather|none
|-fieldend|move: Psychic Terrain
|upkeep
|
|t:|1757183806
|switch|p1a: Dragonite|Dragonite, L50, M|100/100
|turn|6
|
|t:|1757183813
|move|p2b: Ursaluna|Protect|p2b: Ursaluna
|-singleturn|p2b: Ursaluna|Protect
|move|p1a: Dragonite|Extreme Speed|p2b: Ursaluna
|-activate|p2b: Ursaluna|move: Protect
|move|p1b: Excadrill|Iron Head|p2b: Ursaluna
|-activate|p2b: Ursaluna|move: Protect
|
|upkeep
|turn|7
|
|t:|1757183820
|move|p1a: Dragonite|Extreme Speed|p2b: Ursaluna
|-damage|p2b: Ursaluna|17/100
|move|p1b: Excadrill|Iron Head|p2b: Ursaluna
|-damage|p2b: Ursaluna|0 fnt
|faint|p2b: Ursaluna
|
|win|Troutlegs
