|j|☆yungleandoer96
|j|☆chefbenboyrd
|html|yungleandoer96chefbenboyrd    
|uhtml|bestof|Game 2 of a best-of-3
|t:|1756238638
|gametype|doubles
|player|p1|yungleandoer96|265|1109
|player|p2|chefbenboyrd|roughneck|1055
|gen|9
|tier|[Gen 9] VGC 2025 Reg H (Bo3)
|rated|
|rule|Species Clause: Limit one of each Pokémon
|rule|Item Clause: Limit 1 of each item
|clearpoke
|poke|p1|Incineroar, L50, F|
|poke|p1|Amoonguss, L50, M|
|poke|p1|Ursaluna-Bloodmoon, L50, M|
|poke|p1|Sneasler, L50, M|
|poke|p1|Gholdengo, L50|
|poke|p1|Dragonite, L50, F|
|poke|p2|Amoonguss, L50, M|
|poke|p2|Sneasler, L50, F|
|poke|p2|Gholdengo, L50|
|poke|p2|Incineroar, L50, F|
|poke|p2|Ursaluna-Bloodmoon, L50, M|
|poke|p2|Dragonite, L50, F|
|teampreview|4
|showteam|p1|Incineroar||SafetyGoggles|Intimidate|FlareBlitz,KnockOff,PartingShot,FakeOut|||F|||50|,,,,,Ghost]Amoonguss||SitrusBerry|Regenerator|Spore,RagePowder,PollenPuff,Protect|||M|||50|,,,,,Psychic]Ursaluna-Bloodmoon||AssaultVest|MindsEye|HyperVoice,BloodMoon,EarthPower,VacuumWave|||M|||50|,,,,,Water]Sneasler||FocusSash|Unburden|CloseCombat,DireClaw,ThroatChop,Protect|||M|||50|,,,,,Stellar]Gholdengo||LifeOrb|GoodasGold|MakeItRain,ShadowBall,NastyPlot,Protect||||||50|,,,,,Water]Dragonite||LoadedDice|Multiscale|ScaleShot,Tailwind,Haze,Protect|||F|||50|,,,,,Fairy
|showteam|p2|Amoonguss||SitrusBerry|Regenerator|RagePowder,Spore,PollenPuff,Protect|||M|||50|,,,,,Psychic]Sneasler||FocusSash|Unburden|Protect,DireClaw,CloseCombat,ThroatChop|||F|||50|,,,,,Stellar]Gholdengo||LifeOrb|GoodasGold|Protect,MakeItRain,ShadowBall,NastyPlot||||||50|,,,,,Water]Incineroar||SafetyGoggles|Intimidate|KnockOff,PartingShot,FlareBlitz,FakeOut|||F|||50|,,,,,Ghost]Ursaluna-Bloodmoon||AssaultVest|MindsEye|BloodMoon,EarthPower,VacuumWave,HyperVoice|||M|||50|,,,,,Water]Dragonite||LoadedDice|Multiscale|ScaleShot,Tailwind,Haze,Protect|||F|||50|,,,,,Fairy
|inactive|Battle timer is ON: inactive players will automatically lose when time's up. (requested by chefbenboyrd)
|
|t:|1756238668
|teamsize|p1|4
|teamsize|p2|4
|start
|switch|p1a: Gholdengo|Gholdengo, L50|100/100
|switch|p1b: Incineroar|Incineroar, L50, F|100/100
|switch|p2a: Ursaluna|Ursaluna-Bloodmoon, L50, M|100/100
|switch|p2b: Gholdengo|Gholdengo, L50|100/100
|-ability|p1b: Incineroar|Intimidate|boost
|-unboost|p2a: Ursaluna|atk|1
|-unboost|p2b: Gholdengo|atk|1
|turn|1
|inactive|yungleandoer96 has 30 seconds left.
|inactive|chefbenboyrd has 30 seconds left.
|inactive|yungleandoer96 has 20 seconds left.
|inactive|chefbenboyrd has 20 seconds left.
|inactive|yungleandoer96 has 15 seconds left.
|
|t:|1756238710
|-terastallize|p2b: Gholdengo|Water
|-terastallize|p1a: Gholdengo|Water
|move|p1b: Incineroar|Fake Out|p2a: Ursaluna
|-damage|p2a: Ursaluna|91/100
|move|p2b: Gholdengo|Nasty Plot|p2b: Gholdengo
|-boost|p2b: Gholdengo|spa|2
|move|p1a: Gholdengo|Nasty Plot|p1a: Gholdengo
|-boost|p1a: Gholdengo|spa|2
|cant|p2a: Ursaluna|flinch
|
|upkeep
|turn|2
|
|t:|1756238730
|move|p2b: Gholdengo|Protect|p2b: Gholdengo
|-singleturn|p2b: Gholdengo|Protect
|move|p1a: Gholdengo|Protect|p1a: Gholdengo
|-singleturn|p1a: Gholdengo|Protect
|move|p1b: Incineroar|Parting Shot|p2a: Ursaluna
|-unboost|p2a: Ursaluna|atk|1
|-unboost|p2a: Ursaluna|spa|1
|
|t:|1756238732
|switch|p1b: Amoonguss|Amoonguss, L50, M|100/100|[from] Parting Shot
|move|p2a: Ursaluna|Hyper Voice|p1a: Gholdengo|[spread] p1b
|-activate|p1a: Gholdengo|move: Protect
|-damage|p1b: Amoonguss|81/100
|
|upkeep
|turn|3
|
|t:|1756238749
|switch|p2a: Incineroar|Incineroar, L50, F|100/100
|-ability|p2a: Incineroar|Intimidate|boost
|-unboost|p1a: Gholdengo|atk|1
|-unboost|p1b: Amoonguss|atk|1
|move|p1b: Amoonguss|Protect|p1b: Amoonguss
|-singleturn|p1b: Amoonguss|Protect
|move|p2b: Gholdengo|Make It Rain|p1b: Amoonguss|[spread] p1a
|-activate|p1b: Amoonguss|move: Protect
|-resisted|p1a: Gholdengo
|-damage|p1a: Gholdengo|41/100
|-unboost|p2b: Gholdengo|spa|1
|-damage|p2b: Gholdengo|91/100|[from] item: Life Orb
|move|p1a: Gholdengo|Shadow Ball|p2b: Gholdengo
|-damage|p2b: Gholdengo|0 fnt
|faint|p2b: Gholdengo
|-damage|p1a: Gholdengo|32/100|[from] item: Life Orb
|
|upkeep
|
|t:|1756238761
|switch|p2b: Ursaluna|Ursaluna-Bloodmoon, L50, M|91/100
|turn|4
|
|t:|1756238772
|switch|p1b: Incineroar|Incineroar, L50, F|100/100
|-ability|p1b: Incineroar|Intimidate|boost
|-unboost|p2a: Incineroar|atk|1
|-unboost|p2b: Ursaluna|atk|1
|move|p1a: Gholdengo|Protect|p1a: Gholdengo
|-singleturn|p1a: Gholdengo|Protect
|move|p2a: Incineroar|Fake Out|p1b: Incineroar
|-damage|p1b: Incineroar|94/100
|move|p2b: Ursaluna|Hyper Voice|p1a: Gholdengo|[spread] p1b
|-activate|p1a: Gholdengo|move: Protect
|-damage|p1b: Incineroar|64/100
|
|upkeep
|turn|5
|
|t:|1756238788
|move|p1b: Incineroar|Fake Out|p2a: Incineroar
|-damage|p2a: Incineroar|90/100
|move|p1a: Gholdengo|Make It Rain|p2b: Ursaluna|[spread] p2a,p2b
|-resisted|p2a: Incineroar
|-damage|p2a: Incineroar|34/100
|-damage|p2b: Ursaluna|6/100
|-unboost|p1a: Gholdengo|spa|1
|-damage|p1a: Gholdengo|22/100|[from] item: Life Orb
|cant|p2a: Incineroar|flinch
|move|p2b: Ursaluna|Hyper Voice|p1b: Incineroar|[spread] p1a,p1b
|-damage|p1a: Gholdengo|0 fnt
|-damage|p1b: Incineroar|35/100
|faint|p1a: Gholdengo
|
|upkeep
|
|t:|1756238797
|switch|p1a: Ursaluna|Ursaluna-Bloodmoon, L50, M|100/100
|turn|6
|
|t:|1756238811
|switch|p2a: Sneasler|Sneasler, L50, F|100/100
|move|p2b: Ursaluna|Vacuum Wave|p1b: Incineroar
|-supereffective|p1b: Incineroar
|-damage|p1b: Incineroar|12/100
|move|p1b: Incineroar|Knock Off|p2b: Ursaluna
|-damage|p2b: Ursaluna|0 fnt
|-enditem|p2b: Ursaluna|Assault Vest|[from] move: Knock Off|[of] p1b: Incineroar
|faint|p2b: Ursaluna
|move|p1a: Ursaluna|Earth Power|p2a: Sneasler
|-supereffective|p2a: Sneasler
|-enditem|p2a: Sneasler|Focus Sash
|-damage|p2a: Sneasler|1/100
|
|upkeep
|
|t:|1756238818
|switch|p2b: Incineroar|Incineroar, L50, F|34/100
|-ability|p2b: Incineroar|Intimidate|boost
|-unboost|p1a: Ursaluna|atk|1
|-unboost|p1b: Incineroar|atk|1
|turn|7
|
|t:|1756238825
|switch|p1a: Amoonguss|Amoonguss, L50, M|100/100
|move|p2b: Incineroar|Fake Out|p1b: Incineroar
|-damage|p1b: Incineroar|1/100
|move|p2a: Sneasler|Close Combat|p1a: Amoonguss
|-resisted|p1a: Amoonguss
|-damage|p1a: Amoonguss|73/100
|-unboost|p2a: Sneasler|def|1
|-unboost|p2a: Sneasler|spd|1
|cant|p1b: Incineroar|flinch
|
|upkeep
|turn|8
|
|t:|1756238838
|move|p2a: Sneasler|Dire Claw|p1b: Incineroar
|-damage|p1b: Incineroar|0 fnt
|faint|p1b: Incineroar
|move|p2b: Incineroar|Flare Blitz|p1a: Amoonguss
|-supereffective|p1a: Amoonguss
|-damage|p1a: Amoonguss|0 fnt
|faint|p1a: Amoonguss
|-damage|p2b: Incineroar|7/100|[from] Recoil
|
|upkeep
|
|t:|1756238840
|switch|p1b: Ursaluna|Ursaluna-Bloodmoon, L50, M|100/100
|turn|9
|
|t:|1756238856
|move|p2a: Sneasler|Protect|p2a: Sneasler
|-singleturn|p2a: Sneasler|Protect
|move|p1b: Ursaluna|Vacuum Wave|p2a: Sneasler
|-activate|p2a: Sneasler|move: Protect
|move|p2b: Incineroar|Knock Off|p1b: Ursaluna
|-damage|p1b: Ursaluna|67/100
|-enditem|p1b: Ursaluna|Assault Vest|[from] move: Knock Off|[of] p2b: Incineroar
|
|upkeep
|turn|10
|
|t:|1756238869
|move|p1b: Ursaluna|Vacuum Wave|p2a: Sneasler
|-resisted|p2a: Sneasler
|-damage|p2a: Sneasler|0 fnt
|faint|p2a: Sneasler
|move|p2b: Incineroar|Flare Blitz|p1b: Ursaluna
|-damage|p1b: Ursaluna|28/100
|-damage|p2b: Incineroar|0 fnt|[from] Recoil
|faint|p2b: Incineroar
|
|win|yungleandoer96
|raw|yungleandoer96's rating: 1109 → 1130(+21 for winning)
|raw|chefbenboyrd's rating: 1055 → 1040(-15 for losing)
|l|☆chefbenboyrd
|player|p2|
