|j|☆ScrewSalesman
|j|☆Daniw9
|html|ScrewSalesmanDaniw9    
|uhtml|bestof|Game 3 of a best-of-3
|t:|1756517661
|gametype|doubles
|player|p1|ScrewSalesman|cynthia-gen4|1239
|player|p2|Daniw9|170|1189
|gen|9
|tier|[Gen 9] VGC 2025 Reg H (Bo3)
|rated|
|rule|Species Clause: Limit one of each Pokémon
|rule|Item Clause: Limit 1 of each item
|clearpoke
|poke|p1|Porygon2, L50|
|poke|p1|Incineroar, L50, M|
|poke|p1|Ursaluna, L50, F|
|poke|p1|Jumpluff, L50, M|
|poke|p1|Charizard, L50, F|
|poke|p1|Torkoal, L50, F|
|poke|p2|Garchomp, L50, F|
|poke|p2|Tyranitar, L50, F|
|poke|p2|Delphox, L50, F|
|poke|p2|Indeedee-F, L50, F|
|poke|p2|Gallade, L50, M|
|poke|p2|Whimsicott, L50, F|
|teampreview|4
|showteam|p1|Porygon2||Eviolite|Download|TeraBlast,IceBeam,TrickRoom,Recover||||||50|,,,,,Fighting]Incineroar||SitrusBerry|Intimidate|FakeOut,KnockOff,FlareBlitz,PartingShot|||M|||50|,,,,,Ghost]Ursaluna||FlameOrb|Guts|HeadlongRush,Facade,Earthquake,Protect|||F|||50|,,,,,Ghost]Jumpluff||CovertCloak|Chlorophyll|RagePowder,SunnyDay,Tailwind,SleepPowder|||M|||50|,,,,,Water]Charizard||ChoiceSpecs|SolarPower|HeatWave,Overheat,WeatherBall,DragonPulse|||F|||50|,,,,,Ghost]Torkoal||EjectPack|Drought|Overheat,Eruption,HelpingHand,Protect|||F|||50|,,,,,Fire
|showteam|p2|Garchomp||LifeOrb|SandVeil|Earthquake,StompingTantrum,Protect,DragonClaw|||F|||50|,,,,,Steel]Tyranitar||AssaultVest|SandStream|RockSlide,TeraBlast,KnockOff,LowKick|||F|||50|,,,,,Flying]Delphox||PsychicSeed|Magician|ExpandingForce,HeatWave,TeraBlast,Protect|||F|||50|,,,,,Fairy]Indeedee-F||SafetyGoggles|PsychicSurge|DazzlingGleam,TrickRoom,FollowMe,HelpingHand|||F|||50|,,,,,Water]Gallade||ClearAmulet|Sharpness|SacredSword,PsychoCut,TrickRoom,Protect|||M|||50|,,,,,Grass]Whimsicott||CovertCloak|Prankster|Moonblast,Tailwind,Encore,Protect|||F|||50|,,,,,Ghost
|inactive|Battle timer is ON: inactive players will automatically lose when time's up. (requested by ScrewSalesman)
|inactive|ScrewSalesman has 60 seconds left.
|
|t:|1756517693
|teamsize|p1|4
|teamsize|p2|4
|start
|switch|p1a: Jumpluff|Jumpluff, L50, M|100/100
|switch|p1b: Charizard|Charizard, L50, F, shiny|100/100
|switch|p2a: Indeedee|Indeedee-F, L50, F|100/100
|switch|p2b: Gallade|Gallade, L50, M|100/100
|-fieldstart|move: Psychic Terrain|[from] ability: Psychic Surge|[of] p2a: Indeedee
|turn|1
|
|t:|1756517713
|switch|p2b: Tyranitar|Tyranitar, L50, F|100/100
|-weather|Sandstorm|[from] ability: Sand Stream|[of] p2b: Tyranitar
|move|p1a: Jumpluff|Sunny Day|p1a: Jumpluff
|-weather|SunnyDay
|move|p1b: Charizard|Heat Wave|p2b: Tyranitar|[spread] p2b
|-miss|p1b: Charizard|p2a: Indeedee
|-resisted|p2b: Tyranitar
|-damage|p2b: Tyranitar|72/100
|move|p2a: Indeedee|Trick Room|p2a: Indeedee
|-fieldstart|move: Trick Room|[of] p2a: Indeedee
|
|-weather|SunnyDay|[upkeep]
|-damage|p1b: Charizard|88/100|[from] ability: Solar Power|[of] p1b: Charizard
|upkeep
|turn|2
|
|t:|1756517732
|switch|p1b: Incineroar|Incineroar, L50, M|100/100
|-ability|p1b: Incineroar|Intimidate|boost
|-unboost|p2a: Indeedee|atk|1
|-unboost|p2b: Tyranitar|atk|1
|switch|p1a: Ursaluna|Ursaluna, L50, F|100/100
|move|p2b: Tyranitar|Rock Slide|p1a: Ursaluna|[spread] p1a,p1b
|-resisted|p1a: Ursaluna
|-supereffective|p1b: Incineroar
|-damage|p1a: Ursaluna|92/100
|-damage|p1b: Incineroar|61/100
|move|p2a: Indeedee|Trick Room|p2a: Indeedee
|-fieldend|move: Trick Room
|
|-weather|SunnyDay|[upkeep]
|-status|p1a: Ursaluna|brn|[from] item: Flame Orb
|upkeep
|turn|3
|inactive|Daniw9 has 30 seconds left.
|
|t:|1756517766
|switch|p2b: Gallade|Gallade, L50, M|100/100
|move|p2a: Indeedee|Follow Me|p2a: Indeedee
|-singleturn|p2a: Indeedee|move: Follow Me
|move|p1a: Ursaluna|Facade|p2a: Indeedee
|-damage|p2a: Indeedee|0 fnt
|faint|p2a: Indeedee
|move|p1b: Incineroar|Parting Shot|p2b: Gallade
|-fail|p2b: Gallade|unboost|[from] item: Clear Amulet|[of] p2b: Gallade
|
|-weather|SunnyDay|[upkeep]
|-damage|p1a: Ursaluna|87/100 brn|[from] brn
|upkeep
|
|t:|1756517786
|switch|p2a: Tyranitar|Tyranitar, L50, F|72/100
|-weather|Sandstorm|[from] ability: Sand Stream|[of] p2a: Tyranitar
|turn|4
|inactive|ScrewSalesman has 30 seconds left.
|inactive|Daniw9 has 30 seconds left.
|
|t:|1756517818
|move|p1a: Ursaluna|Protect|p1a: Ursaluna
|-singleturn|p1a: Ursaluna|Protect
|move|p2b: Gallade|Psycho Cut|p1a: Ursaluna
|-activate|p1a: Ursaluna|move: Protect
|move|p2a: Tyranitar|Knock Off|p1a: Ursaluna
|-activate|p1a: Ursaluna|move: Protect
|move|p1b: Incineroar|Parting Shot|p2a: Tyranitar
|-unboost|p2a: Tyranitar|atk|1
|-unboost|p2a: Tyranitar|spa|1
|
|t:|1756517826
|switch|p1b: Jumpluff|Jumpluff, L50, M|100/100|[from] Parting Shot
|
|-weather|Sandstorm|[upkeep]
|-damage|p1b: Jumpluff|94/100|[from] Sandstorm
|-damage|p2b: Gallade|95/100|[from] Sandstorm
|-damage|p1a: Ursaluna|81/100 brn|[from] brn
|upkeep
|turn|5
|inactive|Daniw9 has 30 seconds left.
|
|t:|1756517851
|-terastallize|p2b: Gallade|Grass
|move|p1b: Jumpluff|Tailwind|p1b: Jumpluff
|-sidestart|p1: ScrewSalesman|move: Tailwind
|move|p1a: Ursaluna|Facade|p2b: Gallade
|-damage|p2b: Gallade|0 fnt
|faint|p2b: Gallade
|move|p2a: Tyranitar|Rock Slide|p1a: Ursaluna|[spread] p1a,p1b
|-resisted|p1a: Ursaluna
|-supereffective|p1b: Jumpluff
|-damage|p1a: Ursaluna|74/100 brn
|-damage|p1b: Jumpluff|42/100
|
|-weather|Sandstorm|[upkeep]
|-damage|p1b: Jumpluff|36/100|[from] Sandstorm
|-damage|p1a: Ursaluna|68/100 brn|[from] brn
|-fieldend|move: Psychic Terrain
|upkeep
|
|t:|1756517860
|switch|p2b: Delphox|Delphox, L50, F|100/100
|turn|6
|-message|Daniw9 forfeited.
|
|win|ScrewSalesman
|raw|ScrewSalesman's rating: 1239 → 1260(+21 for winning)
|raw|Daniw9's rating: 1189 → 1168(-21 for losing)
|l|☆Daniw9
|player|p2|
|j|☆Daniw9
|player|p2|Daniw9|170|
