|j|☆Silvervaliantxyz
|j|☆liamvgc1
|html|Silvervaliantxyzliamvgc1    
|uhtml|bestof|Game 1 of a best-of-3
|t:|1783540900
|gametype|doubles
|player|p1|Silvervaliantxyz|riley|
|player|p2|liamvgc1|giovanni|
|gen|9
|tier|[Gen 9 Champions] VGC 2026 Reg M-B (Bo3)
|rule|Species Clause: Limit one of each Pokémon
|rule|Item Clause: Limit 1 of each item
|clearpoke
|poke|p1|Raichu, L50, M, shiny|
|poke|p1|Garchomp, L50, M|
|poke|p1|Sneasler, L50, M|
|poke|p1|Talonflame, L50, F|
|poke|p1|Ninetales-Alola, L50, M|
|poke|p1|Aegislash, L50, M|
|poke|p2|Basculegion, L50, M|
|poke|p2|Floette-Eternal, L50, F|
|poke|p2|Whimsicott, L50, M|
|poke|p2|Garchomp, L50, M|
|poke|p2|Charizard, L50, M|
|poke|p2|Kingambit, L50, M|
|teampreview|4
|showteam|p1|Raichu||RaichuniteY|LightningRod|ZapCannon,FocusBlast,GrassKnot,Protect|Timid||M|||50|]Garchomp||RoseliBerry|RoughSkin|StompingTantrum,DragonClaw,RockSlide,Protect|Jolly||M|||50|]Sneasler||FocusSash|Unburden|UpperHand,DireClaw,CloseCombat,Protect|Jolly||M|||50|]Talonflame||SharpBeak|GaleWings|FlareBlitz,BraveBird,Tailwind,Protect|Jolly||F|||50|]Ninetales-Alola||LifeOrb|SnowWarning|Blizzard,Moonblast,FreezeDry,Protect|Timid||M|||50|]Aegislash||WhiteHerb|StanceChange|IronHead,KingsShield,ShadowSneak,Poltergeist|Adamant||M|||50|
|showteam|p2|Basculegion||MysticWater|Adaptability|WaveCrash,LastRespects,AquaJet,Protect|Adamant||M|||50|]Floette-Eternal||Floettite|FlowerVeil|Moonblast,DazzlingGleam,LightofRuin,Protect|Timid||F|||50|]Whimsicott||FocusSash|Prankster|Moonblast,Tailwind,Encore,Protect|Timid||M|||50|]Garchomp||LifeOrb|RoughSkin|Earthquake,DragonClaw,RockSlide,Protect|Jolly||M|||50|]Charizard||CharizarditeY|Blaze|HeatWave,SolarBeam,WeatherBall,Protect|Modest||M|||50|]Kingambit||ChopleBerry|Defiant|SuckerPunch,KowtowCleave,IronHead,LowKick|Adamant||M|||50|
|c|☆liamvgc1|Glhf
|
|t:|1783540959
|teamsize|p1|4
|teamsize|p2|4
|start
|switch|p1a: RaiRai with Hax|Raichu, L50, M, shiny|100/100
|switch|p1b: Birdie|Talonflame, L50, F|100/100
|switch|p2a: Whimsicott|Whimsicott, L50, M|100/100
|switch|p2b: Garchomp|Garchomp, L50, M|100/100
|turn|1
|
|t:|1783540978
|switch|p1a: Ninetales|Ninetales-Alola, L50, M|100/100
|-weather|Snowscape|[from] ability: Snow Warning|[of] p1a: Ninetales
|move|p1b: Birdie|Tailwind|p1b: Birdie
|-sidestart|p1: Silvervaliantxyz|move: Tailwind
|move|p2a: Whimsicott|Tailwind|p2a: Whimsicott
|-sidestart|p2: liamvgc1|move: Tailwind
|move|p2b: Garchomp|Rock Slide|p1a: Ninetales|[spread] p1a,p1b
|-supereffective|p1a: Ninetales|1
|-supereffective|p1b: Birdie|2
|-damage|p1a: Ninetales|47/100
|-damage|p1b: Birdie|0 fnt
|faint|p1b: Birdie
|-damage|p2b: Garchomp|90/100|[from] item: Life Orb
|
|-weather|Snowscape|[upkeep]
|upkeep
|
|t:|1783540995
|switch|p1b: RaiRai with Hax|Raichu, L50, M, shiny|100/100
|turn|2
|
|t:|1783541031
|switch|p2b: Basculegion|Basculegion, L50, M|100/100
|detailschange|p1b: RaiRai with Hax|Raichu-Mega-Y, L50, M, shiny
|-mega|p1b: RaiRai with Hax|Raichu|Raichunite Y
|move|p2a: Whimsicott|Protect|p2a: Whimsicott
|-singleturn|p2a: Whimsicott|Protect
|move|p1b: RaiRai with Hax|Zap Cannon|p2a: Whimsicott
|-activate|p2a: Whimsicott|move: Protect
|move|p1a: Ninetales|Blizzard|p2b: Basculegion|[spread] p2b
|-activate|p2a: Whimsicott|move: Protect
|-resisted|p2b: Basculegion|1
|-damage|p2b: Basculegion|78/100
|-damage|p1a: Ninetales|38/100|[from] item: Life Orb
|
|-weather|Snowscape|[upkeep]
|upkeep
|turn|3
|
|t:|1783541050
|move|p2b: Basculegion|Aqua Jet|p1a: Ninetales
|-damage|p1a: Ninetales|7/100
|move|p1b: RaiRai with Hax|Zap Cannon|p2b: Basculegion
|-supereffective|p2b: Basculegion|1
|-damage|p2b: Basculegion|0 fnt
|faint|p2b: Basculegion
|move|p2a: Whimsicott|Moonblast|p1a: Ninetales
|-damage|p1a: Ninetales|0 fnt
|faint|p1a: Ninetales
|
|-weather|Snowscape|[upkeep]
|upkeep
|
|t:|1783541063
|switch|p1a: Pasta’s Sneasler|Sneasler, L50, M|100/100
|switch|p2b: Charizard|Charizard, L50, M|100/100
|turn|4
|
|t:|1783541073
|move|p2a: Whimsicott|Protect|p2a: Whimsicott
|-singleturn|p2a: Whimsicott|Protect
|move|p2b: Charizard|Protect|p2b: Charizard
|-singleturn|p2b: Charizard|Protect
|move|p1b: RaiRai with Hax|Zap Cannon|p2b: Charizard
|-activate|p2b: Charizard|move: Protect
|move|p1a: Pasta’s Sneasler|Dire Claw|p2a: Whimsicott
|-activate|p2a: Whimsicott|move: Protect
|
|-weather|Snowscape|[upkeep]
|-sideend|p1: Silvervaliantxyz|move: Tailwind
|-sideend|p2: liamvgc1|move: Tailwind
|upkeep
|turn|5
|
|t:|1783541091
|detailschange|p2b: Charizard|Charizard-Mega-Y, L50, M
|-mega|p2b: Charizard|Charizard|Charizardite Y
|-weather|SunnyDay|[from] ability: Drought|[of] p2b: Charizard
|move|p2a: Whimsicott|Tailwind|p2a: Whimsicott
|-sidestart|p2: liamvgc1|move: Tailwind
|move|p2b: Charizard|Weather Ball|p1b: RaiRai with Hax
|-damage|p1b: RaiRai with Hax|0 fnt
|faint|p1b: RaiRai with Hax
|move|p1a: Pasta’s Sneasler|Close Combat|p2b: Charizard
|-resisted|p2b: Charizard|1
|-damage|p2b: Charizard|69/100
|-unboost|p1a: Pasta’s Sneasler|def|1
|-unboost|p1a: Pasta’s Sneasler|spd|1
|
|-weather|SunnyDay|[upkeep]
|upkeep
|turn|6
|
|t:|1783541107
|move|p2a: Whimsicott|Moonblast|p1a: Pasta’s Sneasler
|-damage|p1a: Pasta’s Sneasler|31/100
|move|p2b: Charizard|Weather Ball|p1a: Pasta’s Sneasler
|-damage|p1a: Pasta’s Sneasler|0 fnt
|faint|p1a: Pasta’s Sneasler
|
|win|liamvgc1
||liamvgc1 is ready for game 2.
|inactive|Silvervaliantxyz has 30 seconds to confirm battle start!
