|j|â˜†Mashuno
|j|â˜†roggenrola05019
|html|Mashunoroggenrola05019    
|uhtml|bestof|Game 1 of a best-of-3
|t:|1785423119
|gametype|doubles
|player|p1|Mashuno|harlequin|1278
|player|p2|roggenrola05019|101|1275
|gen|9
|tier|[Gen 9 Champions] VGC 2026 Reg M-B (Bo3)
|rated|
|rule|Species Clause: Limit one of each PokÃ©mon
|rule|Item Clause: Limit 1 of each item
|clearpoke
|poke|p1|Pelipper, L50, M|
|poke|p1|Dragonite, L50, F|
|poke|p1|Gholdengo, L50|
|poke|p1|Incineroar, L50, M|
|poke|p1|Sinistcha, L50|
|poke|p1|Swampert, L50, M|
|poke|p2|Mawile, L50, M|
|poke|p2|Charizard, L50, M|
|poke|p2|Farigiraf, L50, F|
|poke|p2|Garchomp, L50, F|
|poke|p2|Venusaur, L50, M|
|poke|p2|Incineroar, L50, F, shiny|
|teampreview|4
|showteam|p1|Pelipper||FocusSash|Drizzle|WeatherBall,Hurricane,Tailwind,RainDance|Modest||M|||50|]Dragonite||Dragoninite|Multiscale|Protect,DragonPulse,Hurricane,AquaJet|Adamant||F|||50|]Gholdengo||LifeOrb|GoodasGold|Protect,MakeItRain,ShadowBall,NastyPlot|Timid|||||50|]Incineroar||PasshoBerry|Intimidate|FakeOut,FlareBlitz,ThroatChop,PartingShot|Impish||M|||50|]Sinistcha||SitrusBerry|Hospitality|Protect,MatchaGotcha,RagePowder,LifeDew|Bold|||||50|]Swampert||Swampertite|Torrent|Protect,WaveCrash,Earthquake,BulkUp|Adamant||M|||50|
|showteam|p2|Mawile||Mawilite|HyperCutter|PlayRough,SuckerPunch,RockSlide,Protect|Brave||M|||50|]Charizard||CharizarditeY|Blaze|HeatWave,WeatherBall,SolarBeam,Protect|Modest||M|||50|]Farigiraf||ColburBerry|ArmorTail|Psychic,Thunderbolt,HelpingHand,TrickRoom|Modest||F|||50|]Garchomp||LifeOrb|RoughSkin|DragonClaw,Earthquake,RockSlide,Protect|Jolly||F|||50|]Venusaur||FocusSash|Chlorophyll|LeafStorm,SludgeBomb,SleepPowder,Protect|Modest||M|||50|]Incineroar||SitrusBerry|Intimidate|FlareBlitz,DarkestLariat,PartingShot,FakeOut|Careful||F|||50|
|c|â˜†Mashuno|gl hf <3
|c|â˜†roggenrola05019|GL HF
|
|t:|1785423166
|teamsize|p1|4
|teamsize|p2|4
|start
|switch|p1a: Dragonite|Dragonite, L50, F|100/100
|switch|p1b: Incineroar|Incineroar, L50, M|100/100
|switch|p2a: Venusaur|Venusaur, L50, M|100/100
|switch|p2b: Incineroar|Incineroar, L50, F, shiny|100/100
|-ability|p1b: Incineroar|Intimidate|boost
|-unboost|p2a: Venusaur|atk|1
|-unboost|p2b: Incineroar|atk|1
|-ability|p2b: Incineroar|Intimidate|boost
|-unboost|p1a: Dragonite|atk|1
|-unboost|p1b: Incineroar|atk|1
|turn|1
|
|t:|1785423196
|move|p2a: Venusaur|Protect|p2a: Venusaur
|-singleturn|p2a: Venusaur|Protect
|move|p1a: Dragonite|Protect|p1a: Dragonite
|-singleturn|p1a: Dragonite|Protect
|move|p1b: Incineroar|Flare Blitz|p2a: Venusaur
|-activate|p2a: Venusaur|move: Protect
|move|p2b: Incineroar|Parting Shot|p1b: Incineroar
|-unboost|p1b: Incineroar|atk|1
|-unboost|p1b: Incineroar|spa|1
|
|t:|1785423250
|switch|p2b: Charizard|Charizard, L50, M|100/100|[from] Parting Shot
|
|upkeep
|turn|2
|c|â˜†roggenrola05019|i think you got the wrong nature
|
|t:|1785423287
|switch|p1a: Pelipper|Pelipper, L50, M|100/100
|-weather|RainDance|[from] ability: Drizzle|[of] p1a: Pelipper
|move|p2a: Venusaur|Sleep Powder|p1a: Pelipper
|-status|p1a: Pelipper|slp|[from] move: Sleep Powder
|move|p2b: Charizard|Heat Wave|p1a: Pelipper|[spread] p1a,p1b
|-resisted|p1a: Pelipper|1
|-resisted|p1b: Incineroar|1
|-damage|p1a: Pelipper|89/100 slp
|-damage|p1b: Incineroar|92/100
|move|p1b: Incineroar|Parting Shot|p2b: Charizard
|-unboost|p2b: Charizard|atk|1
|-unboost|p2b: Charizard|spa|1
|c|â˜†Mashuno|omg i do, ty
|
|t:|1785423304
|switch|p1b: Swampert|Swampert, L50, M|100/100|[from] Parting Shot
|
|-weather|RainDance|[upkeep]
|upkeep
|turn|3
|
|t:|1785423328
|switch|p1a: Incineroar|Incineroar, L50, M|92/100
|-ability|p1a: Incineroar|Intimidate|boost
|-unboost|p2a: Venusaur|atk|1
|-unboost|p2b: Charizard|atk|1
|move|p1b: Swampert|Protect|p1b: Swampert
|-singleturn|p1b: Swampert|Protect
|move|p2a: Venusaur|Sludge Bomb|p1a: Incineroar
|-damage|p1a: Incineroar|50/100g
|move|p2b: Charizard|Weather Ball|p1a: Incineroar
|-supereffective|p1a: Incineroar|1
|-enditem|p1a: Incineroar|Passho Berry|[eat]
|-enditem|p1a: Incineroar|Passho Berry|[weaken]
|-damage|p1a: Incineroar|17/100
|
|-weather|RainDance|[upkeep]
|upkeep
|turn|4
|c|â˜†Mashuno|you read me like a book
|
|t:|1785423369
|switch|p1b: Dragonite|Dragonite, L50, F|100/100
|move|p2a: Venusaur|Protect|p2a: Venusaur
|-singleturn|p2a: Venusaur|Protect
|move|p2b: Charizard|Protect|p2b: Charizard
|-singleturn|p2b: Charizard|Protect
|move|p1a: Incineroar|Fake Out|p2a: Venusaur
|-activate|p2a: Venusaur|move: Protect
|
|-weather|RainDance|[upkeep]
|upkeep
|turn|5
|
|t:|1785423415
|switch|p2a: Incineroar|Incineroar, L50, F, shiny|100/100
|-ability|p2a: Incineroar|Intimidate|boost
|-unboost|p1a: Incineroar|atk|1
|-unboost|p1b: Dragonite|atk|1
|switch|p1a: Swampert|Swampert, L50, M|100/100
|move|p1b: Dragonite|Aqua Jet|p2a: Incineroar
|-supereffective|p2a: Incineroar|1
|-damage|p2a: Incineroar|69/100
|move|p2b: Charizard|Weather Ball|p1a: Swampert
|-damage|p1a: Swampert|67/100
|
|-weather|RainDance|[upkeep]
|upkeep
|turn|6
|
|t:|1785423447
|switch|p2b: Garchomp|Garchomp, L50, F|100/100
|move|p1b: Dragonite|Protect|p1b: Dragonite
|-singleturn|p1b: Dragonite|Protect
|move|p1a: Swampert|Protect|p1a: Swampert
|-singleturn|p1a: Swampert|Protect
|move|p2a: Incineroar|Fake Out|p1b: Dragonite
|-activate|p1b: Dragonite|move: Protect
|
|-weather|none
|upkeep
|turn|7
|
|t:|1785423490
|move|p2b: Garchomp|Dragon Claw|p1a: Swampert
|-damage|p1a: Swampert|16/100
|-damage|p2b: Garchomp|90/100|[from] item: Life Orb
|move|p1b: Dragonite|Dragon Pulse|p2b: Garchomp
|-supereffective|p2b: Garchomp|1
|-damage|p2b: Garchomp|27/100
|move|p1a: Swampert|Wave Crash|p2a: Incineroar
|-supereffective|p2a: Incineroar|1
|-damage|p2a: Incineroar|0 fnt
|faint|p2a: Incineroar
|-damage|p1a: Swampert|0 fnt|[from] Recoil
|faint|p1a: Swampert
|
|upkeep
|
|t:|1785423508
|switch|p1a: Incineroar|Incineroar, L50, M|17/100
|switch|p2a: Charizard|Charizard, L50, M|100/100
|-ability|p1a: Incineroar|Intimidate|boost
|-unboost|p2a: Charizard|atk|1
|-unboost|p2b: Garchomp|atk|1
|turn|8
|
|t:|1785423524
|detailschange|p1b: Dragonite|Dragonite-Mega, L50, F
|-mega|p1b: Dragonite|Dragonite|Dragoninite
|move|p2b: Garchomp|Protect|p2b: Garchomp
|-singleturn|p2b: Garchomp|Protect
|move|p2a: Charizard|Protect|p2a: Charizard
|-singleturn|p2a: Charizard|Protect
|move|p1a: Incineroar|Fake Out|p2b: Garchomp
|-activate|p2b: Garchomp|move: Protect
|move|p1b: Dragonite|Dragon Pulse|p2a: Charizard
|-activate|p2a: Charizard|move: Protect
|
|upkeep
|turn|9
|
|t:|1785423558
|switch|p2b: Venusaur|Venusaur, L50, M|100/100
|switch|p1a: Pelipper|Pelipper, L50, M|89/100 slp
|-weather|RainDance|[from] ability: Drizzle|[of] p1a: Pelipper
|move|p1b: Dragonite|Hurricane|p2b: Venusaur
|-supereffective|p2b: Venusaur|1
|-damage|p2b: Venusaur|3/100
|move|p2a: Charizard|Heat Wave|p1b: Dragonite|[spread] p1a,p1b
|-resisted|p1a: Pelipper|1
|-resisted|p1b: Dragonite|1
|-damage|p1a: Pelipper|79/100 slp
|-damage|p1b: Dragonite|96/100
|
|-weather|RainDance|[upkeep]
|upkeep
|turn|10
|
|t:|1785423593
|move|p1b: Dragonite|Protect|p1b: Dragonite
|-singleturn|p1b: Dragonite|Protect
|move|p2b: Venusaur|Sludge Bomb|p1a: Pelipper
|-damage|p1a: Pelipper|26/100 slp
|move|p2a: Charizard|Weather Ball|p1a: Pelipper
|-resisted|p1a: Pelipper|1
|-damage|p1a: Pelipper|0 fnt
|faint|p1a: Pelipper
|
|-weather|RainDance|[upkeep]
|upkeep
|
|t:|1785423605
|switch|p1a: Incineroar|Incineroar, L50, M|17/100
|-ability|p1a: Incineroar|Intimidate|boost
|-unboost|p2a: Charizard|atk|1
|-unboost|p2b: Venusaur|atk|1
|turn|11
|
|t:|1785423627
|move|p2b: Venusaur|Protect|p2b: Venusaur
|-singleturn|p2b: Venusaur|Protect
|move|p2a: Charizard|Protect|p2a: Charizard
|-singleturn|p2a: Charizard|Protect
|move|p1a: Incineroar|Fake Out|p2b: Venusaur
|-activate|p2b: Venusaur|move: Protect
|move|p1b: Dragonite|Dragon Pulse|p2a: Charizard
|-activate|p2a: Charizard|move: Protect
|
|-weather|RainDance|[upkeep]
|upkeep
|turn|12
|
|t:|1785423641
|detailschange|p2a: Charizard|Charizard-Mega-Y, L50, M
|-mega|p2a: Charizard|Charizard|Charizardite Y
|-weather|SunnyDay|[from] ability: Drought|[of] p2a: Charizard
|move|p1b: Dragonite|Aqua Jet|p2b: Venusaur
|-resisted|p2b: Venusaur|1
|-crit|p2b: Venusaur
|-damage|p2b: Venusaur|0 fnt
|faint|p2b: Venusaur
|move|p2a: Charizard|Weather Ball|p1a: Incineroar
|-resisted|p1a: Incineroar|1
|-damage|p1a: Incineroar|0 fnt
|faint|p1a: Incineroar
|
|-weather|SunnyDay|[upkeep]
|upkeep
|
|t:|1785423645
|switch|p2b: Garchomp|Garchomp, L50, F|27/100
|turn|13
|
|t:|1785423680
|move|p2b: Garchomp|Dragon Claw|p1b: Dragonite
|-supereffective|p1b: Dragonite|1
|-damage|p1b: Dragonite|0 fnt
|faint|p1b: Dragonite
|-damage|p2b: Garchomp|18/100|[from] item: Life Orb
|
|win|roggenrola05019
||Mashuno is ready for game 2.
||roggenrola05019 is ready for game 2.
|uhtml|next|Next: Game 2 of 3
