|j|☆natsukivgc
|j|☆Artere Happy
|html|natsukivgcArtere Happy    
|uhtml|bestof|Game 2 of a best-of-3
|t:|1785398236
|gametype|doubles
|player|p1|natsukivgc|1|1226
|player|p2|Artere Happy|medium|1168
|gen|9
|tier|[Gen 9 Champions] VGC 2026 Reg M-B (Bo3)
|rated|
|rule|Species Clause: Limit one of each Pokémon
|rule|Item Clause: Limit 1 of each item
|clearpoke
|poke|p1|Garchomp, L50, M|
|poke|p1|Venusaur, L50, M|
|poke|p1|Incineroar, L50, M|
|poke|p1|Charizard, L50, F|
|poke|p1|Toxapex, L50, M|
|poke|p1|Annihilape, L50, M|
|poke|p2|Lycanroc-Dusk, L50, F|
|poke|p2|Froslass, L50, F|
|poke|p2|Scovillain, L50, F|
|poke|p2|Gholdengo, L50|
|poke|p2|Incineroar, L50, M|
|poke|p2|Dragonite, L50, M|
|teampreview|4
|showteam|p1|Garchomp||ChoiceScarf|RoughSkin|Earthquake,DragonClaw,StompingTantrum,RockSlide|Adamant||M|||50|]Venusaur||LifeOrb|Chlorophyll|SolarBeam,SludgeBomb,EarthPower,Protect|Modest||M|||50|]Incineroar||SitrusBerry|Intimidate|FlareBlitz,ThroatChop,FakeOut,PartingShot|Impish||M|||50|]Charizard||CharizarditeY|Blaze|HeatWave,WeatherBall,HelpingHand,Protect|Modest||F|||50|]Toxapex||Leftovers|Regenerator|Infestation,Toxic,WideGuard,BanefulBunker|Bold||M|||50|]Annihilape||FocusSash|Defiant|CloseCombat,PhantomForce,StealthRock,Protect|Jolly||M|||50|
|showteam|p2|Lycanroc-Dusk||FocusSash|ToughClaws|Accelerock,RockSlide,CloseCombat,Protect|Adamant||F|||50|]Froslass||Froslassite|CursedBody|ShadowBall,Blizzard,AuroraVeil,Protect|Timid||F|||50|]Scovillain||Scovillainite|Moody|LeechSeed,Overheat,RagePowder,Protect|Calm||F|||50|]Gholdengo||Leftovers|GoodasGold|ShadowBall,MakeItRain,NastyPlot,Protect|Modest|||||50|]Incineroar||PasshoBerry|Intimidate|FakeOut,FlareBlitz,ThroatChop,PartingShot|Careful||M|||50|]Dragonite||DragonFang|Multiscale|DragonClaw,LowKick,Tailwind,Protect|Adamant||M|||50|
|inactive|Battle timer is ON: inactive players will automatically lose when time's up. (requested by Artere Happy)
|
|t:|1785398248
|teamsize|p1|4
|teamsize|p2|4
|start
|switch|p1a: Garchomp|Garchomp, L50, M|100/100
|switch|p1b: Charizard|Charizard, L50, F|100/100
|switch|p2a: Lycanroc|Lycanroc-Dusk, L50, F|100/100
|switch|p2b: Scovillain|Scovillain, L50, F|100/100
|turn|1
|inactive|natsukivgc has 30 seconds left.
|inactive|natsukivgc has 20 seconds left.
|inactive|natsukivgc has 15 seconds left.
|
|t:|1785398292
|detailschange|p1b: Charizard|Charizard-Mega-Y, L50, F
|-mega|p1b: Charizard|Charizard|Charizardite Y
|-weather|SunnyDay|[from] ability: Drought|[of] p1b: Charizard
|move|p2a: Lycanroc|Protect|p2a: Lycanroc
|-singleturn|p2a: Lycanroc|Protect
|move|p1b: Charizard|Protect|p1b: Charizard
|-singleturn|p1b: Charizard|Protect
|move|p2b: Scovillain|Protect|p2b: Scovillain
|-singleturn|p2b: Scovillain|Protect
|move|p1a: Garchomp|Stomping Tantrum|p2a: Lycanroc
|-activate|p2a: Lycanroc|move: Protect
|
|-weather|SunnyDay|[upkeep]
|-ability|p2b: Scovillain|Moody|boost
|-boost|p2b: Scovillain|def|2
|-unboost|p2b: Scovillain|spd|1
|upkeep
|turn|2
|inactive|natsukivgc has 30 seconds left.
|
|t:|1785398318
|switch|p1b: Incineroar|Incineroar, L50, M|100/100
|-ability|p1b: Incineroar|Intimidate|boost
|-unboost|p2a: Lycanroc|atk|1
|-unboost|p2b: Scovillain|atk|1
|detailschange|p2b: Scovillain|Scovillain-Mega, L50, F
|-mega|p2b: Scovillain|Scovillain|Scovillainite
|move|p2b: Scovillain|Rage Powder|p2b: Scovillain
|-singleturn|p2b: Scovillain|move: Rage Powder
|move|p2a: Lycanroc|Accelerock|p1b: Incineroar
|-supereffective|p1b: Incineroar|1
|-damage|p1b: Incineroar|75/100
|move|p1a: Garchomp|Stomping Tantrum|p2b: Scovillain
|-damage|p2b: Scovillain|80/100
|-status|p1a: Garchomp|brn|[from] ability: Spicy Spray|[of] p2b: Scovillain
|
|-weather|SunnyDay|[upkeep]
|-damage|p1a: Garchomp|93/100 brn|[from] brn
|upkeep
|turn|3
|inactive|natsukivgc has 30 seconds left.
|
|t:|1785398349
|switch|p2a: Incineroar|Incineroar, L50, M|100/100
|-ability|p2a: Incineroar|Intimidate|boost
|-unboost|p1a: Garchomp|atk|1
|-unboost|p1b: Incineroar|atk|1
|move|p1b: Incineroar|Fake Out|p2a: Incineroar
|-damage|p2a: Incineroar|94/100
|move|p1a: Garchomp|Stomping Tantrum|p2a: Incineroar
|-supereffective|p2a: Incineroar|1
|-crit|p2a: Incineroar
|-damage|p2a: Incineroar|40/100
|move|p2b: Scovillain|Leech Seed|p1a: Garchomp
|-start|p1a: Garchomp|move: Leech Seed
|
|-weather|SunnyDay|[upkeep]
|-damage|p1a: Garchomp|81/100 brn|[from] Leech Seed|[of] p2b: Scovillain
|-heal|p2b: Scovillain|94/100|[silent]
|-damage|p1a: Garchomp|75/100 brn|[from] brn
|upkeep
|turn|4
|inactive|natsukivgc has 30 seconds left.
|inactive|natsukivgc has 20 seconds left.
|
|t:|1785398386
|switch|p1a: Charizard|Charizard-Mega-Y, L50, F|100/100
|switch|p1b: Venusaur|Venusaur, L50, M|100/100
|move|p2a: Incineroar|Fake Out|p1a: Charizard
|-damage|p1a: Charizard|90/100
|move|p2b: Scovillain|Leech Seed|p1b: Venusaur
|-immune|p1b: Venusaur
|
|-weather|SunnyDay|[upkeep]
|upkeep
|turn|5
|inactive|natsukivgc has 30 seconds left.
|
|t:|1785398415
|move|p2b: Scovillain|Protect|p2b: Scovillain
|-singleturn|p2b: Scovillain|Protect
|move|p1b: Venusaur|Sludge Bomb|p2a: Incineroar
|-damage|p2a: Incineroar|0 fnt
|faint|p2a: Incineroar
|-damage|p1b: Venusaur|90/100|[from] item: Life Orb
|move|p1a: Charizard|Heat Wave|p2b: Scovillain
|-activate|p2b: Scovillain|move: Protect
|
|-weather|none
|upkeep
|
|t:|1785398423
|switch|p2a: Lycanroc|Lycanroc-Dusk, L50, F|100/100
|turn|6
|
|t:|1785398445
|switch|p1a: Incineroar|Incineroar, L50, M|75/100
|-ability|p1a: Incineroar|Intimidate|boost
|-unboost|p2a: Lycanroc|atk|1
|-unboost|p2b: Scovillain|atk|1
|move|p1b: Venusaur|Protect|p1b: Venusaur
|-singleturn|p1b: Venusaur|Protect
|move|p2a: Lycanroc|Rock Slide|p1a: Incineroar|[spread] p1a
|-activate|p1b: Venusaur|move: Protect
|-supereffective|p1a: Incineroar|1
|-damage|p1a: Incineroar|47/100
|-enditem|p1a: Incineroar|Sitrus Berry|[eat]
|-heal|p1a: Incineroar|72/100|[from] item: Sitrus Berry
|move|p2b: Scovillain|Overheat|p1b: Venusaur
|-activate|p1b: Venusaur|move: Protect
|
|upkeep
|turn|7
|inactive|natsukivgc has 30 seconds left.
|
|t:|1785398476
|switch|p2a: Gholdengo|Gholdengo, L50|100/100
|switch|p1b: Charizard|Charizard-Mega-Y, L50, F|90/100
|-weather|SunnyDay|[from] ability: Drought|[of] p1b: Charizard
|move|p2b: Scovillain|Protect|p2b: Scovillain
|-singleturn|p2b: Scovillain|Protect
|move|p1a: Incineroar|Fake Out|p2a: Gholdengo
|-immune|p2a: Gholdengo
|
|-weather|SunnyDay|[upkeep]
|upkeep
|turn|8
|inactive|natsukivgc has 30 seconds left.
|
|t:|1785398504
|switch|p2a: Lycanroc|Lycanroc-Dusk, L50, F|100/100
|move|p1b: Charizard|Heat Wave|p2a: Lycanroc|[spread] p2a,p2b
|-resisted|p2a: Lycanroc|1
|-damage|p2a: Lycanroc|46/100
|-damage|p2b: Scovillain|9/100
|-immune|p1b: Charizard
|move|p2b: Scovillain|Leech Seed|p1b: Charizard|[miss]
|-miss|p2b: Scovillain|p1b: Charizard
|move|p1a: Incineroar|Flare Blitz|p2a: Lycanroc
|-resisted|p2a: Lycanroc|1
|-damage|p2a: Lycanroc|0 fnt
|faint|p2a: Lycanroc
|-damage|p1a: Incineroar|60/100|[from] Recoil
|
|-weather|SunnyDay|[upkeep]
|upkeep
|-message|Artere Happy forfeited.
|
|win|natsukivgc
|raw|natsukivgc's rating: 1226 → 1247(+21 for winning)
|raw|Artere Happy's rating: 1168 → 1147(-21 for losing)
