|j|☆TheGayOneVGC
|j|☆MR. HEROW
|html|TheGayOneVGCMR. HEROW    
|uhtml|bestof|Game 2 of a best-of-3
|t:|1786205173
|gametype|doubles
|player|p1|TheGayOneVGC|265|1110
|player|p2|MR. HEROW|hilbert-wonderlauncher|1116
|gen|9
|tier|[Gen 9 Champions] VGC 2026 Reg M-B (Bo3)
|rated|
|rule|Species Clause: Limit one of each Pokémon
|rule|Item Clause: Limit 1 of each item
|clearpoke
|poke|p1|Sinistcha, L50|
|poke|p1|Staraptor, L50, M|
|poke|p1|Talonflame, L50, M|
|poke|p1|Incineroar, L50, M|
|poke|p1|Garchomp, L50, F|
|poke|p1|Greninja, L50, M|
|poke|p2|Gholdengo, L50|
|poke|p2|Toxapex, L50, F|
|poke|p2|Grimmsnarl, L50, M|
|poke|p2|Sinistcha, L50|
|poke|p2|Staraptor, L50, F|
|poke|p2|Whimsicott, L50, M|
|teampreview|4
|showteam|p1|Sinistcha||OccaBerry|Hospitality|ShadowBall,MatchaGotcha,LifeDew,RagePowder|Modest|||||50|]Staraptor||Staraptite|Intimidate|CloseCombat,Roost,Protect,BraveBird|Jolly||M|||50|]Talonflame||FocusSash|GaleWings|DualWingbeat,FeatherDance,Protect,Tailwind|Adamant||M|||50|]Incineroar||SitrusBerry|Intimidate|FakeOut,FlareBlitz,PartingShot,DarkestLariat|Adamant||M|||50|]Garchomp||WideLens|RoughSkin|RockSlide,DragonRush,Protect,Earthquake|Jolly||F|||50|]Greninja||Greninjite|Protean|WaterShuriken,IceBeam,Protect,SludgeWave|Modest||M|||50|
|showteam|p2|Gholdengo||LifeOrb|GoodasGold|MakeItRain,ShadowBall,NastyPlot,Protect|Modest|||||50|]Toxapex||Leftovers|Regenerator|BanefulBunker,Toxic,Infestation,WideGuard|Bold||F|||50|]Grimmsnarl||LightClay|Prankster|Reflect,ScaryFace,FakeTears,LightScreen|Careful||M|||50|]Sinistcha||KasibBerry|Hospitality|MatchaGotcha,RagePowder,LifeDew,Protect|Bold|||||50|]Staraptor||Staraptite|Intimidate|CloseCombat,BraveBird,Protect,Roost|Adamant||F|||50|]Whimsicott||FocusSash|Prankster|Charm,FakeTears,CottonSpore,Tailwind|Timid||M|||50|
|
|t:|1786205199
|teamsize|p1|4
|teamsize|p2|4
|start
|switch|p1a: Staraptor|Staraptor, L50, M|100/100
|switch|p1b: Incineroar|Incineroar, L50, M|100/100
|switch|p2a: Staraptor|Staraptor, L50, F|100/100
|switch|p2b: Grimmsnarl|Grimmsnarl, L50, M|100/100
|-ability|p1a: Staraptor|Intimidate|boost
|-unboost|p2a: Staraptor|atk|1
|-unboost|p2b: Grimmsnarl|atk|1
|-ability|p2a: Staraptor|Intimidate|boost
|-unboost|p1a: Staraptor|atk|1
|-unboost|p1b: Incineroar|atk|1
|-ability|p1b: Incineroar|Intimidate|boost
|-unboost|p2a: Staraptor|atk|1
|-unboost|p2b: Grimmsnarl|atk|1
|turn|1
|inactive|Battle timer is ON: inactive players will automatically lose when time's up. (requested by MR. HEROW)
|
|t:|1786205217
|switch|p2b: Whimsicott|Whimsicott, L50, M|100/100
|detailschange|p1a: Staraptor|Staraptor-Mega, L50, M
|-mega|p1a: Staraptor|Staraptor|Staraptite
|detailschange|p2a: Staraptor|Staraptor-Mega, L50, F
|-mega|p2a: Staraptor|Staraptor|Staraptite
|move|p1b: Incineroar|Fake Out|p2a: Staraptor
|-damage|p2a: Staraptor|93/100
|move|p1a: Staraptor|Close Combat|p2b: Whimsicott
|-resisted|p2b: Whimsicott|1
|-damage|p2b: Whimsicott|74/100
|-boost|p1a: Staraptor|def|1
|-boost|p1a: Staraptor|spd|1
|cant|p2a: Staraptor|flinch
|
|upkeep
|turn|2
|inactive|TheGayOneVGC has 30 seconds left.
|
|t:|1786205248
|move|p1a: Staraptor|Protect|p1a: Staraptor
|-singleturn|p1a: Staraptor|Protect
|move|p2b: Whimsicott|Charm|p2a: Staraptor
|-boost|p2a: Staraptor|atk|2
|move|p2a: Staraptor|Brave Bird|p1a: Staraptor
|-activate|p1a: Staraptor|move: Protect
|move|p1b: Incineroar|Flare Blitz|p2b: Whimsicott
|-supereffective|p2b: Whimsicott|1
|-damage|p2b: Whimsicott|0 fnt
|faint|p2b: Whimsicott
|-damage|p1b: Incineroar|79/100|[from] Recoil
|
|upkeep
|
|t:|1786205269
|switch|p2b: Grimmsnarl|Grimmsnarl, L50, M|100/100
|turn|3
|
|t:|1786205288
|move|p2b: Grimmsnarl|Reflect|p2b: Grimmsnarl
|-sidestart|p2: MR. HEROW|Reflect
|move|p1a: Staraptor|Brave Bird|p2a: Staraptor
|-supereffective|p2a: Staraptor|1
|-damage|p2a: Staraptor|41/100
|-damage|p1a: Staraptor|79/100|[from] Recoil
|move|p2a: Staraptor|Close Combat|p1b: Incineroar
|-supereffective|p1b: Incineroar|1
|-damage|p1b: Incineroar|0 fnt
|-boost|p2a: Staraptor|def|1
|-boost|p2a: Staraptor|spd|1
|faint|p1b: Incineroar
|
|upkeep
|
|t:|1786205301
|switch|p1b: Talonflame|Talonflame, L50, M|100/100
|turn|4
|
|t:|1786205315
|switch|p2b: Sinistcha|Sinistcha, L50|100/100
|-heal|p2a: Staraptor|66/100|[from] ability: Hospitality|[of] p2b: Sinistcha
|move|p1b: Talonflame|Feather Dance|p1a: Staraptor
|-boost|p1a: Staraptor|atk|2
|move|p1a: Staraptor|Close Combat|p2a: Staraptor
|-resisted|p2a: Staraptor|1
|-damage|p2a: Staraptor|48/100
|-boost|p1a: Staraptor|def|1
|-boost|p1a: Staraptor|spd|1
|move|p2a: Staraptor|Close Combat|p1b: Talonflame
|-resisted|p1b: Talonflame|1
|-damage|p1b: Talonflame|50/100g
|-boost|p2a: Staraptor|def|1
|-boost|p2a: Staraptor|spd|1
|
|upkeep
|turn|5
|
|t:|1786205339
|move|p2b: Sinistcha|Rage Powder|p2b: Sinistcha
|-singleturn|p2b: Sinistcha|move: Rage Powder
|move|p1a: Staraptor|Brave Bird|p2b: Sinistcha
|-supereffective|p2b: Sinistcha|1
|-damage|p2b: Sinistcha|0 fnt
|faint|p2b: Sinistcha
|-damage|p1a: Staraptor|43/100|[from] Recoil
|move|p1b: Talonflame|Tailwind|p1b: Talonflame
|-sidestart|p1: TheGayOneVGC|move: Tailwind
|move|p2a: Staraptor|Brave Bird|p1a: Staraptor
|-supereffective|p1a: Staraptor|1
|-damage|p1a: Staraptor|0 fnt
|faint|p1a: Staraptor
|-damage|p2a: Staraptor|36/100|[from] Recoil
|
|upkeep
|
|t:|1786205352
|switch|p1a: Garchomp|Garchomp, L50, F|100/100
|switch|p2b: Grimmsnarl|Grimmsnarl, L50, M|100/100
|turn|6
|
|t:|1786205369
|move|p2b: Grimmsnarl|Scary Face|p1a: Garchomp
|-unboost|p1a: Garchomp|spe|2
|move|p1b: Talonflame|Dual Wingbeat|p2a: Staraptor
|-supereffective|p2a: Staraptor|1
|-damage|p2a: Staraptor|26/100
|-supereffective|p2a: Staraptor|1
|-damage|p2a: Staraptor|17/100
|-hitcount|p2a: Staraptor|2
|move|p1a: Garchomp|Dragon Rush|p2a: Staraptor
|-damage|p2a: Staraptor|1/100
|move|p2a: Staraptor|Close Combat|p1b: Talonflame
|-resisted|p1b: Talonflame|1
|-damage|p1b: Talonflame|5/100
|-boost|p2a: Staraptor|def|1
|-boost|p2a: Staraptor|spd|1
|
|upkeep
|turn|7
|
|t:|1786205391
|move|p2a: Staraptor|Protect|p2a: Staraptor
|-singleturn|p2a: Staraptor|Protect
|move|p2b: Grimmsnarl|Scary Face|p1b: Talonflame
|-unboost|p1b: Talonflame|spe|2
|move|p1b: Talonflame|Dual Wingbeat|p2a: Staraptor
|-activate|p2a: Staraptor|move: Protect
|move|p1a: Garchomp|Rock Slide|p2b: Grimmsnarl|[spread] p2b
|-activate|p2a: Staraptor|move: Protect
|-damage|p2b: Grimmsnarl|85/100
|
|upkeep
|turn|8
|
|t:|1786205416
|move|p1a: Garchomp|Protect|p1a: Garchomp
|-singleturn|p1a: Garchomp|Protect
|move|p2a: Staraptor|Protect||[still]
|-fail|p2a: Staraptor
|move|p2b: Grimmsnarl|Fake Tears|p1b: Talonflame
|-unboost|p1b: Talonflame|spd|2
|move|p1b: Talonflame|Dual Wingbeat|p2a: Staraptor
|-supereffective|p2a: Staraptor|1
|-damage|p2a: Staraptor|0 fnt
|faint|p2a: Staraptor
|-hitcount|p2: Staraptor|1
|
|-sideend|p1: TheGayOneVGC|move: Tailwind
|upkeep
|turn|9
|-message|MR. HEROW forfeited.
|
|win|TheGayOneVGC
|raw|TheGayOneVGC's rating: 1110 → 1135(+25 for winning)
|raw|MR. HEROW's rating: 1116 → 1091(-25 for losing)
|l|☆MR. HEROW
|player|p2|
|c|☆TheGayOneVGC|ggs!
