|j|☆okozinc
|j|☆Oriozz
|html|okozincOriozz    
|uhtml|bestof|Game 1 of a best-of-3
|t:|1783663121
|gametype|doubles
|player|p1|okozinc|102|1147
|player|p2|Oriozz|169|1160
|gen|9
|tier|[Gen 9 Champions] VGC 2026 Reg M-B (Bo3)
|rated|
|rule|Species Clause: Limit one of each Pokémon
|rule|Item Clause: Limit 1 of each item
|clearpoke
|poke|p1|Staraptor, L50, F|
|poke|p1|Furfrou, L50, F|
|poke|p1|Whimsicott, L50, F|
|poke|p1|Garchomp, L50, F|
|poke|p1|Basculegion, L50, M|
|poke|p1|Kingambit, L50, M|
|poke|p2|Kingambit, L50, F|
|poke|p2|Floette-Eternal, L50, F|
|poke|p2|Sneasler, L50, M|
|poke|p2|Incineroar, L50, M|
|poke|p2|Garchomp, L50, F|
|poke|p2|Sinistcha, L50|
|teampreview|4
|showteam|p1|Staraptor||Staraptite|Intimidate|CloseCombat,BraveBird,Roost,Protect|Adamant||F|||50|]Furfrou||SitrusBerry|FurCoat|GigaImpact,Charm,HelpingHand,CottonGuard|Jolly||F|||50|]Whimsicott||FocusSash|Prankster|Tailwind,Encore,Moonblast,EnergyBall|Timid||F|||50|]Garchomp||LifeOrb|RoughSkin|Earthquake,RockSlide,DragonClaw,Protect|Jolly||F|||50|]Basculegion||MysticWater|Adaptability|AquaJet,WaveCrash,LastRespects,Protect|Adamant||M|||50|]Kingambit||BlackGlasses|Defiant|SuckerPunch,KowtowCleave,IronHead,Protect|Adamant||M|||50|
|showteam|p2|Kingambit||ChopleBerry|Defiant|KowtowCleave,Protect,SuckerPunch,IronHead|Adamant||F|||50|]Floette-Eternal||Floettite|FlowerVeil|DazzlingGleam,DrainingKiss,Protect,CalmMind|Bold||F|||50|]Sneasler||FocusSash|Unburden|FakeOut,DireClaw,CloseCombat,Coaching|Jolly||M|||50|]Incineroar||Leftovers|Intimidate|FakeOut,FlareBlitz,PartingShot,HelpingHand|Careful||M|||50|]Garchomp||Garchompite|RoughSkin|Earthquake,StompingTantrum,RockSlide,Protect|Adamant||F|||50|]Sinistcha||SitrusBerry|Hospitality|Protect,MatchaGotcha,TrickRoom,RagePowder|Bold|||||50|
|inactive|Battle timer is ON: inactive players will automatically lose when time's up. (requested by Oriozz)
|inactive|Oriozz has 60 seconds left.
|inactive|Oriozz has 30 seconds left.
|inactive|Oriozz has 20 seconds left.
|
|t:|1783663194
|teamsize|p1|4
|teamsize|p2|4
|start
|switch|p1a: Furfrou|Furfrou, L50, F|100/100
|switch|p1b: Kingambit|Kingambit, L50, M|100/100
|switch|p2a: Floette|Floette-Eternal, L50, F|100/100
|switch|p2b: Sinistcha|Sinistcha, L50|100/100
|turn|1
|inactive|Oriozz has 30 seconds left.
|
|t:|1783663220
|switch|p2a: Incineroar|Incineroar, L50, M|100/100
|-ability|p2a: Incineroar|Intimidate|boost
|-unboost|p1a: Furfrou|atk|1
|-unboost|p1b: Kingambit|atk|1
|-ability|p1b: Kingambit|Defiant|boost
|-boost|p1b: Kingambit|atk|2
|move|p1a: Furfrou|Helping Hand|p1b: Kingambit
|-singleturn|p1b: Kingambit|Helping Hand|[of] p1a: Furfrou
|move|p2b: Sinistcha|Protect|p2b: Sinistcha
|-singleturn|p2b: Sinistcha|Protect
|move|p1b: Kingambit|Iron Head|p2a: Incineroar
|-resisted|p2a: Incineroar|1
|-damage|p2a: Incineroar|53/100
|
|-heal|p2a: Incineroar|59/100|[from] item: Leftovers
|upkeep
|turn|2
|inactive|Oriozz has 30 seconds left.
|
|t:|1783663249
|move|p2a: Incineroar|Fake Out|p1b: Kingambit
|-resisted|p1b: Kingambit|1
|-damage|p1b: Kingambit|96/100
|move|p1a: Furfrou|Cotton Guard|p1a: Furfrou
|-boost|p1a: Furfrou|def|3
|move|p2b: Sinistcha|Matcha Gotcha|p1a: Furfrou|[spread] p1a
|-miss|p2b: Sinistcha|p1b: Kingambit
|-damage|p1a: Furfrou|76/100
|cant|p1b: Kingambit|flinch
|
|-heal|p2a: Incineroar|65/100|[from] item: Leftovers
|upkeep
|turn|3
|
|t:|1783663273
|switch|p2b: Kingambit|Kingambit, L50, F|100/100
|move|p1a: Furfrou|Charm|p2a: Incineroar
|-unboost|p2a: Incineroar|atk|2
|move|p2a: Incineroar|Flare Blitz|p1b: Kingambit
|-supereffective|p1b: Kingambit|1
|-damage|p1b: Kingambit|61/100
|-status|p1b: Kingambit|brn
|-damage|p2a: Incineroar|53/100|[from] Recoil
|move|p1b: Kingambit|Kowtow Cleave|p2b: Kingambit
|-resisted|p2b: Kingambit|1
|-crit|p2b: Kingambit
|-damage|p2b: Kingambit|76/100
|
|-heal|p2a: Incineroar|59/100|[from] item: Leftovers
|-damage|p1b: Kingambit|55/100 brn|[from] brn
|upkeep
|turn|4
|inactive|okozinc has 30 seconds left.
|inactive|Oriozz has 30 seconds left.
|inactive|Oriozz has 20 seconds left.
|inactive|Oriozz has 15 seconds left.
|
|t:|1783663316
|move|p1a: Furfrou|Cotton Guard|p1a: Furfrou
|-boost|p1a: Furfrou|def|3
|move|p2a: Incineroar|Flare Blitz|p1b: Kingambit
|-supereffective|p1b: Kingambit|1
|-damage|p1b: Kingambit|20/100y brn
|-damage|p2a: Incineroar|47/100|[from] Recoil
|move|p1b: Kingambit|Iron Head|p2a: Incineroar
|-resisted|p2a: Incineroar|1
|-damage|p2a: Incineroar|32/100
|move|p2b: Kingambit|Kowtow Cleave|p1a: Furfrou
|-damage|p1a: Furfrou|65/100
|
|-heal|p2a: Incineroar|38/100|[from] item: Leftovers
|-damage|p1b: Kingambit|14/100 brn|[from] brn
|upkeep
|turn|5
|inactive|okozinc has 30 seconds left.
|inactive|Oriozz has 30 seconds left.
|
|t:|1783663344
|move|p1a: Furfrou|Helping Hand|p1b: Kingambit
|-singleturn|p1b: Kingambit|Helping Hand|[of] p1a: Furfrou
|move|p2b: Kingambit|Sucker Punch|p1b: Kingambit
|-resisted|p1b: Kingambit|1
|-damage|p1b: Kingambit|0 fnt
|faint|p1b: Kingambit
|move|p2a: Incineroar|Parting Shot|p1a: Furfrou
|-unboost|p1a: Furfrou|atk|1
|-unboost|p1a: Furfrou|spa|1
|
|t:|1783663361
|switch|p2a: Floette|Floette-Eternal, L50, F|100/100|[from] Parting Shot
|
|upkeep
|
|t:|1783663367
|switch|p1b: Basculegion|Basculegion, L50, M|100/100
|turn|6
|inactive|Oriozz has 30 seconds left.
|
|t:|1783663394
|switch|p2b: Incineroar|Incineroar, L50, M|38/100
|-ability|p2b: Incineroar|Intimidate|boost
|-unboost|p1a: Furfrou|atk|1
|-unboost|p1b: Basculegion|atk|1
|move|p1a: Furfrou|Helping Hand|p1b: Basculegion
|-singleturn|p1b: Basculegion|Helping Hand|[of] p1a: Furfrou
|move|p2a: Floette|Protect|p2a: Floette
|-singleturn|p2a: Floette|Protect
|move|p1b: Basculegion|Aqua Jet|p2a: Floette
|-activate|p2a: Floette|move: Protect
|
|-heal|p2b: Incineroar|44/100|[from] item: Leftovers
|upkeep
|turn|7
|inactive|Oriozz has 30 seconds left.
|
|t:|1783663421
|switch|p1b: Staraptor|Staraptor, L50, F|100/100
|-ability|p1b: Staraptor|Intimidate|boost
|-unboost|p2a: Floette|atk|1
|-unboost|p2b: Incineroar|atk|1
|detailschange|p2a: Floette|Floette-Mega, L50, F
|-mega|p2a: Floette|Floette|Floettite
|-ability|p2a: Floette|Fairy Aura
|move|p1a: Furfrou|Charm|p2b: Incineroar
|-unboost|p2b: Incineroar|atk|2
|move|p2a: Floette|Calm Mind|p2a: Floette
|-boost|p2a: Floette|spa|1
|-boost|p2a: Floette|spd|1
|move|p2b: Incineroar|Parting Shot|p1b: Staraptor
|-unboost|p1b: Staraptor|atk|1
|-unboost|p1b: Staraptor|spa|1
|
|t:|1783663436
|switch|p2b: Sinistcha|Sinistcha, L50|100/100|[from] Parting Shot
|
|upkeep
|turn|8
|
|t:|1783663454
|switch|p2b: Incineroar|Incineroar, L50, M|44/100
|-ability|p2b: Incineroar|Intimidate|boost
|-unboost|p1a: Furfrou|atk|1
|-unboost|p1b: Staraptor|atk|1
|detailschange|p1b: Staraptor|Staraptor-Mega, L50, F
|-mega|p1b: Staraptor|Staraptor|Staraptite
|move|p1a: Furfrou|Charm|p1b: Staraptor
|-boost|p1b: Staraptor|atk|2
|move|p1b: Staraptor|Brave Bird|p2a: Floette
|-damage|p2a: Floette|22/100
|-damage|p1b: Staraptor|74/100|[from] Recoil
|move|p2a: Floette|Dazzling Gleam|p1b: Staraptor|[spread] p1a,p1b
|-supereffective|p1b: Staraptor|1
|-damage|p1a: Furfrou|0 fnt
|-damage|p1b: Staraptor|0 fnt
|faint|p1a: Furfrou
|faint|p1b: Staraptor
|
|-heal|p2b: Incineroar|50/100y|[from] item: Leftovers
|upkeep
|
|t:|1783663471
|switch|p1a: Basculegion|Basculegion, L50, M|100/100
|turn|9
|
|t:|1783663484
|switch|p2b: Sinistcha|Sinistcha, L50|100/100
|-heal|p2a: Floette|47/100|[from] ability: Hospitality|[of] p2b: Sinistcha
|move|p2a: Floette|Protect|p2a: Floette
|-singleturn|p2a: Floette|Protect
|move|p1a: Basculegion|Aqua Jet|p2a: Floette
|-activate|p2a: Floette|move: Protect
|
|upkeep
|turn|10
|-message|okozinc forfeited.
|
|win|Oriozz
|l|☆okozinc
|player|p1|
||okozinc is ready for game 2.
||Oriozz is ready for game 2.
|uhtml|next|Next: Game 2 of 3
