|j|☆SheIcyMyWind
|j|☆JNEST
|html|SheIcyMyWindJNEST    
|uhtml|bestof|Game 1 of a best-of-3
|t:|1756301215
|gametype|doubles
|player|p1|SheIcyMyWind|n|1170
|player|p2|JNEST|veteran-gen4|1110
|gen|9
|tier|[Gen 9] VGC 2025 Reg H (Bo3)
|rated|
|rule|Species Clause: Limit one of each Pokémon
|rule|Item Clause: Limit 1 of each item
|clearpoke
|poke|p1|Annihilape, L50, M|
|poke|p1|Ninetales-Alola, L50, M|
|poke|p1|Garchomp, L50, F|
|poke|p1|Dragonite, L50, M|
|poke|p1|Sneasler, L50, M|
|poke|p1|Incineroar, L50, F|
|poke|p2|Weezing, L50, M|
|poke|p2|Indeedee, L50, M|
|poke|p2|Incineroar, L50, M|
|poke|p2|Ursaluna-Bloodmoon, L50, M|
|poke|p2|Annihilape, L50, F|
|poke|p2|Tyranitar, L50, M|
|teampreview|4
|showteam|p1|Annihilape||AssaultVest|Defiant|RageFist,DrainPunch,RockTomb,FinalGambit|||M|||50|,,,,,Fire]Ninetales-Alola||ChoiceSpecs|SnowWarning|Blizzard,Moonblast,FreezeDry,IcyWind|||M|||50|,,,,,Ghost]Garchomp||LifeOrb|RoughSkin|Earthquake,StompingTantrum,DragonClaw,Protect|||F|||50|,,,,,Steel]Dragonite||LoadedDice|Multiscale|ScaleShot,Tailwind,Protect,Haze|||M|||50|,,,,,Fairy]Sneasler||FocusSash|Unburden|CloseCombat,DireClaw,FakeOut,Coaching|||M|||50|,,,,,Ghost]Incineroar||SafetyGoggles|Intimidate|KnockOff,Taunt,FakeOut,PartingShot|||F|||50|,,,,,Fairy
|showteam|p2|Weezing||SitrusBerry|NeutralizingGas|Protect,Taunt,WillOWisp,SludgeBomb|||M|||50|,,,,,Ghost]Indeedee||ChoiceScarf|PsychicSurge|ExpandingForce,TeraBlast,Trick,HyperVoice|||M|||50|,,,,,Fighting]Incineroar||AbilityShield|Intimidate|KnockOff,FlareBlitz,FakeOut,PartingShot|||M|||50|,,,,,Ghost]Ursaluna-Bloodmoon||LifeOrb|MindsEye|Protect,HyperVoice,EarthPower,BloodMoon|||M|||50|,,,,,Normal]Annihilape||SafetyGoggles|Defiant|Taunt,RageFist,CloseCombat,FinalGambit|||F|||50|,,,,,Fairy]Tyranitar||AssaultVest|SandStream|RockSlide,KnockOff,TeraBlast,LowKick|||M|||50|,,,,,Flying
|inactive|Battle timer is ON: inactive players will automatically lose when time's up. (requested by JNEST)
|inactive|SheIcyMyWind has 60 seconds left.
|inactive|JNEST has 60 seconds left.
|
|t:|1756301255
|teamsize|p1|4
|teamsize|p2|4
|start
|switch|p1a: Garchomp|Garchomp, L50, F|100/100
|switch|p1b: Dragonite|Dragonite, L50, M, shiny|100/100
|switch|p2a: Weezing|Weezing, L50, M|100/100
|switch|p2b: Incineroar|Incineroar, L50, M|100/100
|-ability|p2a: Weezing|Neutralizing Gas
|-block|p2b: Incineroar|item: Ability Shield
|-ability|p2b: Incineroar|Intimidate|boost
|-unboost|p1a: Garchomp|atk|1
|-unboost|p1b: Dragonite|atk|1
|turn|1
|inactive|SheIcyMyWind has 30 seconds left.
|
|t:|1756301283
|move|p1a: Garchomp|Protect|p1a: Garchomp
|-singleturn|p1a: Garchomp|Protect
|move|p1b: Dragonite|Protect|p1b: Dragonite
|-singleturn|p1b: Dragonite|Protect
|move|p2b: Incineroar|Fake Out|p1a: Garchomp
|-activate|p1a: Garchomp|move: Protect
|move|p2a: Weezing|Will-O-Wisp|p1b: Dragonite
|-activate|p1b: Dragonite|move: Protect
|
|upkeep
|turn|2
|inactive|SheIcyMyWind has 30 seconds left.
|
|t:|1756301309
|switch|p2b: Indeedee|Indeedee, L50, M|100/100
|-terastallize|p2a: Weezing|Ghost
|move|p1a: Garchomp|Earthquake|p2a: Weezing|[spread] p2a,p2b
|-immune|p1b: Dragonite
|-damage|p2a: Weezing|69/100
|-damage|p2b: Indeedee|34/100
|-damage|p1a: Garchomp|91/100|[from] item: Life Orb
|move|p1b: Dragonite|Scale Shot|p2a: Weezing
|-damage|p2a: Weezing|59/100
|-damage|p2a: Weezing|50/100
|-enditem|p2a: Weezing|Sitrus Berry|[eat]
|-heal|p2a: Weezing|75/100|[from] item: Sitrus Berry
|-damage|p2a: Weezing|64/100
|-damage|p2a: Weezing|56/100
|-hitcount|p2a: Weezing|4
|-unboost|p1b: Dragonite|def|1
|-boost|p1b: Dragonite|spe|1
|move|p2a: Weezing|Will-O-Wisp|p1b: Dragonite
|-status|p1b: Dragonite|brn
|
|-damage|p1b: Dragonite|95/100 brn|[from] brn
|upkeep
|turn|3
|inactive|SheIcyMyWind has 30 seconds left.
|
|t:|1756301338
|switch|p2b: Incineroar|Incineroar, L50, M|100/100
|-ability|p2b: Incineroar|Intimidate|boost
|-unboost|p1a: Garchomp|atk|1
|-unboost|p1b: Dragonite|atk|1
|move|p1b: Dragonite|Tailwind|p1b: Dragonite
|-sidestart|p1: SheIcyMyWind|move: Tailwind
|move|p1a: Garchomp|Earthquake|p2a: Weezing|[spread] p2a,p2b
|-immune|p1b: Dragonite
|-supereffective|p2b: Incineroar
|-crit|p2b: Incineroar
|-damage|p2a: Weezing|33/100
|-damage|p2b: Incineroar|0 fnt
|faint|p2b: Incineroar
|-damage|p1a: Garchomp|81/100|[from] item: Life Orb
|move|p2a: Weezing|Will-O-Wisp|p1a: Garchomp
|-status|p1a: Garchomp|brn
|
|-damage|p1b: Dragonite|89/100 brn|[from] brn
|-damage|p1a: Garchomp|76/100 brn|[from] brn
|upkeep
|
|t:|1756301359
|switch|p2b: Indeedee|Indeedee, L50, M|34/100
|turn|4
|
|t:|1756301367
|-end|p2a: Weezing|ability: Neutralizing Gas
|-fieldstart|move: Psychic Terrain|[from] ability: Psychic Surge|[of] p2b: Indeedee
|switch|p2a: Tyranitar|Tyranitar, L50, M|100/100
|-weather|Sandstorm|[from] ability: Sand Stream|[of] p2a: Tyranitar
|move|p1b: Dragonite|Scale Shot|p2a: Tyranitar
|-damage|p2a: Tyranitar|97/100
|-damage|p2a: Tyranitar|94/100
|-damage|p2a: Tyranitar|91/100
|-damage|p2a: Tyranitar|88/100
|-damage|p2a: Tyranitar|85/100
|-hitcount|p2a: Tyranitar|5
|-unboost|p1b: Dragonite|def|1
|-boost|p1b: Dragonite|spe|1
|move|p1a: Garchomp|Earthquake|p2a: Tyranitar|[spread] p2a,p2b
|-immune|p1b: Dragonite
|-supereffective|p2a: Tyranitar
|-crit|p2b: Indeedee
|-damage|p2a: Tyranitar|64/100
|-damage|p2b: Indeedee|0 fnt
|faint|p2b: Indeedee
|-damage|p1a: Garchomp|66/100 brn|[from] item: Life Orb
|
|-weather|Sandstorm|[upkeep]
|-damage|p1b: Dragonite|83/100 brn|[from] Sandstorm
|-damage|p1b: Dragonite|77/100 brn|[from] brn
|-damage|p1a: Garchomp|60/100 brn|[from] brn
|upkeep
|
|t:|1756301376
|switch|p2b: Weezing|Weezing, L50, M, tera:Ghost|33/100
|-ability|p2b: Weezing|Neutralizing Gas
|turn|5
|-message|JNEST forfeited.
|
|win|SheIcyMyWind
