|j|☆lilacq
|j|☆worldenddominat0r
|html|lilacqworldenddominat0r    
|uhtml|bestof|Game 1 of a best-of-3
|t:|1782347223
|gametype|doubles
|player|p1|lilacq|shauntal|1161
|player|p2|worldenddominat0r|maid-gen6|1231
|gen|9
|tier|[Gen 9 Champions] VGC 2026 Reg M-B (Bo3)
|rated|
|rule|Species Clause: Limit one of each Pokémon
|rule|Item Clause: Limit 1 of each item
|clearpoke
|poke|p1|Staraptor, L50, F|
|poke|p1|Whimsicott, L50, F|
|poke|p1|Sinistcha-Masterpiece, L50|
|poke|p1|Ceruledge, L50, F|
|poke|p1|Glimmora, L50, M|
|poke|p1|Raichu, L50, F|
|poke|p2|Staraptor, L50, M|
|poke|p2|Maushold-Four, L50|
|poke|p2|Ninetales-Alola, L50, F|
|poke|p2|Delphox, L50, F|
|poke|p2|Basculegion, L50, M|
|poke|p2|Kingambit, L50, M|
|teampreview|4
|showteam|p1|Staraptor||Staraptite|Intimidate|CloseCombat,BraveBird,Roost,Protect|Adamant||F|||50|]Whimsicott||FocusSash|Prankster|Tailwind,Moonblast,Tickle,Protect|Timid||F|||50|]Sinistcha-Masterpiece||SitrusBerry|Hospitality|MatchaGotcha,RagePowder,TrickRoom,LifeDew|Calm|||||50|]Ceruledge||ColburBerry|FlashFire|BulkUp,BitterBlade,ShadowSneak,Poltergeist|Adamant||F|||50|]Glimmora||PoisonBarb|ToxicDebris|SludgeBomb,PowerGem,SpikyShield,EarthPower|Timid||M|||50|]Raichu||RaichuniteX|LightningRod|FakeOut,VoltTackle,Nuzzle,Protect|Jolly||F|||50|
|showteam|p2|Staraptor||Staraptite|Intimidate|CloseCombat,BraveBird,Protect,Tailwind|Adamant||M|||50|]Maushold-Four||FocusSash|FriendGuard|SuperFang,Protect,FollowMe,Encore|Jolly|||||50|]Ninetales-Alola||NeverMeltIce|SnowWarning|Blizzard,FreezeDry,IcyWind,Protect|Timid||F|||50|]Delphox||Delphoxite|Blaze|HeatWave,Psyshock,Protect,Substitute|Timid||F|||50|]Basculegion||ChoiceScarf|Adaptability|WaveCrash,LastRespects,FlipTurn,AquaJet|Jolly||M|||50|]Kingambit||BlackGlasses|Defiant|KowtowCleave,SuckerPunch,IronHead,Protect|Adamant||M|||50|
|inactive|Battle timer is ON: inactive players will automatically lose when time's up. (requested by worldenddominat0r)
|inactive|worldenddominat0r has 60 seconds left.
|inactive|lilacq has 60 seconds left.
|inactive|worldenddominat0r has 30 seconds left.
|inactive|worldenddominat0r has 20 seconds left.
|inactive|worldenddominat0r has 15 seconds left.
|inactive|worldenddominat0r has 10 seconds left.
|inactive|worldenddominat0r has 5 seconds left.
|
|t:|1782347312
|teamsize|p1|4
|teamsize|p2|4
|start
|switch|p1a: Raichu|Raichu, L50, F|100/100
|switch|p1b: Ceruledge|Ceruledge, L50, F|100/100
|switch|p2a: Maushold|Maushold-Four, L50|100/100
|switch|p2b: Staraptor|Staraptor, L50, M|100/100
|-ability|p2b: Staraptor|Intimidate|boost
|-unboost|p1a: Raichu|atk|1
|-unboost|p1b: Ceruledge|atk|1
|turn|1
|inactive|lilacq has 30 seconds left.
|inactive|worldenddominat0r has 30 seconds left.
|inactive|worldenddominat0r has 20 seconds left.
|inactive|lilacq has 20 seconds left.
|inactive|worldenddominat0r has 15 seconds left.
|inactive|worldenddominat0r has 10 seconds left.
|
|t:|1782347361
|detailschange|p1a: Raichu|Raichu-Mega-X, L50, F
|-mega|p1a: Raichu|Raichu|Raichunite X
|-fieldstart|move: Electric Terrain|[from] ability: Electric Surge|[of] p1a: Raichu
|move|p2b: Staraptor|Protect|p2b: Staraptor
|-singleturn|p2b: Staraptor|Protect
|move|p1a: Raichu|Fake Out|p2a: Maushold
|-damage|p2a: Maushold|86/100
|cant|p2a: Maushold|flinch
|move|p1b: Ceruledge|Bulk Up|p1b: Ceruledge
|-boost|p1b: Ceruledge|atk|1
|-boost|p1b: Ceruledge|def|1
|
|upkeep
|turn|2
|inactive|worldenddominat0r has 30 seconds left.
|inactive|worldenddominat0r has 20 seconds left.
|inactive|worldenddominat0r has 15 seconds left.
|inactive|worldenddominat0r has 10 seconds left.
|
|t:|1782347410
|detailschange|p2b: Staraptor|Staraptor-Mega, L50, M
|-mega|p2b: Staraptor|Staraptor|Staraptite
|move|p2a: Maushold|Encore|p1a: Raichu
|-start|p1a: Raichu|Encore
|move|p1a: Raichu|Fake Out||[still]
|-hint|Fake Out only works on your first turn out.
|-fail|p1a: Raichu
|move|p2b: Staraptor|Close Combat|p1a: Raichu
|-damage|p1a: Raichu|1/100
|-boost|p2b: Staraptor|def|1
|-boost|p2b: Staraptor|spd|1
|move|p1b: Ceruledge|Bulk Up|p1b: Ceruledge
|-boost|p1b: Ceruledge|atk|1
|-boost|p1b: Ceruledge|def|1
|
|upkeep
|turn|3
|
|t:|1782347439
|move|p2a: Maushold|Encore|p1b: Ceruledge
|-start|p1b: Ceruledge|Encore
|-activate|p1a: Raichu|move: Struggle
|move|p1a: Raichu|Struggle|p2a: Maushold
|-damage|p2a: Maushold|71/100
|-damage|p1a: Raichu|0 fnt|[from] recoil
|faint|p1a: Raichu
|move|p2b: Staraptor|Tailwind|p2b: Staraptor
|-sidestart|p2: worldenddominat0r|move: Tailwind
|move|p1b: Ceruledge|Bulk Up|p1b: Ceruledge
|-boost|p1b: Ceruledge|atk|1
|-boost|p1b: Ceruledge|def|1
|
|upkeep
|
|t:|1782347443
|switch|p1a: Sinistcha|Sinistcha-Masterpiece, L50|100/100
|turn|4
|
|t:|1782347464
|switch|p2a: Kingambit|Kingambit, L50, M|100/100
|move|p2b: Staraptor|Brave Bird|p1a: Sinistcha
|-supereffective|p1a: Sinistcha|1
|-damage|p1a: Sinistcha|0 fnt
|faint|p1a: Sinistcha
|-damage|p2b: Staraptor|67/100|[from] Recoil
|move|p1b: Ceruledge|Bulk Up|p1b: Ceruledge
|-boost|p1b: Ceruledge|atk|1
|-boost|p1b: Ceruledge|def|1
|
|upkeep
|
|t:|1782347471
|switch|p1a: Glimmora|Glimmora, L50, M|100/100
|turn|5
|
|t:|1782347478
|move|p2b: Staraptor|Brave Bird|p1b: Ceruledge
|-damage|p1b: Ceruledge|73/100
|-damage|p2b: Staraptor|58/100|[from] Recoil
|move|p2a: Kingambit|Kowtow Cleave|p1b: Ceruledge
|-supereffective|p1b: Ceruledge|1
|-enditem|p1b: Ceruledge|Colbur Berry|[eat]
|-enditem|p1b: Ceruledge|Colbur Berry|[weaken]
|-damage|p1b: Ceruledge|48/100
|move|p1a: Glimmora|Sludge Bomb|p2b: Staraptor
|-damage|p2b: Staraptor|20/100r
|-status|p2b: Staraptor|psn
|move|p1b: Ceruledge|Bulk Up|p1b: Ceruledge
|-boost|p1b: Ceruledge|atk|1
|-boost|p1b: Ceruledge|def|1
|
|-damage|p2b: Staraptor|7/100 psn|[from] psn
|-end|p1b: Ceruledge|Encore
|-fieldend|move: Electric Terrain
|upkeep
|turn|6
|inactive|lilacq has 30 seconds left.
|inactive|lilacq has 20 seconds left.
|inactive|lilacq has 15 seconds left.
|
|t:|1782347519
|move|p1b: Ceruledge|Shadow Sneak|p2b: Staraptor
|-damage|p2b: Staraptor|0 fnt
|faint|p2b: Staraptor
|move|p2a: Kingambit|Kowtow Cleave|p1b: Ceruledge
|-supereffective|p1b: Ceruledge|1
|-damage|p1b: Ceruledge|5/100
|move|p1a: Glimmora|Earth Power|p2a: Kingambit
|-supereffective|p2a: Kingambit|1
|-damage|p2a: Kingambit|40/100
|
|-sideend|p2: worldenddominat0r|move: Tailwind
|upkeep
|
|t:|1782347528
|switch|p2b: Maushold|Maushold-Four, L50|71/100
|turn|7
|inactive|worldenddominat0r has 30 seconds left.
|inactive|worldenddominat0r has 20 seconds left.
|inactive|worldenddominat0r has 15 seconds left.
|inactive|worldenddominat0r has 10 seconds left.
|inactive|worldenddominat0r has 5 seconds left.
|
|t:|1782347580
|switch|p2a: Basculegion|Basculegion, L50, M|100/100
|move|p1b: Ceruledge|Shadow Sneak|p2a: Basculegion
|-supereffective|p2a: Basculegion|1
|-damage|p2a: Basculegion|0 fnt
|faint|p2a: Basculegion
|move|p2b: Maushold|Encore|p1b: Ceruledge
|-start|p1b: Ceruledge|Encore
|move|p1a: Glimmora|Earth Power|p2b: Maushold
|-damage|p2b: Maushold|35/100
|
|upkeep
|
|t:|1782347584
|switch|p2a: Kingambit|Kingambit, L50, M|40/100
|turn|8
|inactive|worldenddominat0r has 30 seconds left.
|
|t:|1782347617
|move|p2b: Maushold|Follow Me|p2b: Maushold
|-singleturn|p2b: Maushold|move: Follow Me
|move|p1b: Ceruledge|Shadow Sneak|p2b: Maushold
|-immune|p2b: Maushold
|move|p1a: Glimmora|Earth Power|p2b: Maushold
|-damage|p2b: Maushold|0 fnt
|faint|p2b: Maushold
|move|p2a: Kingambit|Iron Head|p1a: Glimmora
|-supereffective|p1a: Glimmora|1
|-damage|p1a: Glimmora|0 fnt
|-activate|p1a: Glimmora|ability: Toxic Debris
|-sidestart|p2: worldenddominat0r|move: Toxic Spikes
|faint|p1a: Glimmora
|
|upkeep
|turn|9
|
|t:|1782347625
|move|p1b: Ceruledge|Shadow Sneak|p2a: Kingambit
|-resisted|p2a: Kingambit|1
|-damage|p2a: Kingambit|13/100
|move|p2a: Kingambit|Kowtow Cleave|p1b: Ceruledge
|-supereffective|p1b: Ceruledge|1
|-damage|p1b: Ceruledge|0 fnt
|faint|p1b: Ceruledge
|
|win|worldenddominat0r
|l|☆lilacq
|player|p1|
|c|☆worldenddominat0r|ggwp
