|j|☆Taiyoa
|j|☆Bunny+X goaty
|html|TaiyoaBunny+X goaty    
|uhtml|bestof|Game 3 of a best-of-3
|t:|1785176894
|gametype|doubles
|player|p1|Taiyoa|2|
|player|p2|Bunny+X goaty|dawn|
|gen|9
|tier|[Gen 9 Champions] VGC 2026 Reg M-B (Bo3)
|rule|Species Clause: Limit one of each Pokémon
|rule|Item Clause: Limit 1 of each item
|clearpoke
|poke|p1|Ampharos, L50, F|
|poke|p1|Scrafty, L50, M|
|poke|p1|Hatterene, L50, F, shiny|
|poke|p1|Farigiraf, L50, F, shiny|
|poke|p1|Crabominable, L50, M|
|poke|p1|Kingambit, L50, M, shiny|
|poke|p2|Ampharos, L50, F|
|poke|p2|Slowking-Galar, L50, M|
|poke|p2|Ninetales-Alola, L50, M|
|poke|p2|Incineroar, L50, M|
|poke|p2|Jolteon, L50, M|
|poke|p2|Whimsicott, L50, F|
|teampreview|4
|showteam|p1|Ampharos||Ampharosite|Static|DragonPulse,Protect,VoltSwitch,Discharge|Quiet||F|||50|]Scrafty||RoseliBerry|Intimidate|FakeOut,SwordsDance,CloseCombat,KnockOff|Sassy||M|||50|]Hatterene||SitrusBerry|MagicBounce|TrickRoom,Protect,Psychic,DazzlingGleam|Relaxed||F|||50|]Farigiraf||MentalHerb|ArmorTail|TrickRoom,HelpingHand,GrassKnot,LightScreen|Bold||F|||50|]Crabominable||Crabominite|HyperCutter|DrainPunch,IcePunch,MachPunch,CloseCombat|Brave||M|||50|]Kingambit||FocusSash|Defiant|IronHead,SuckerPunch,Protect,KowtowCleave|Brave||M|||50|
|showteam|p2|Ampharos||Ampharosite|Static|Discharge,DragonPulse,VoltSwitch,Protect|Timid||F|||50|]Slowking-Galar||SitrusBerry|Regenerator|TrickRoom,SludgeBomb,ChillyReception,Disable|Sassy||M|||50|]Ninetales-Alola||FocusSash|SnowWarning|AuroraVeil,DazzlingGleam,Encore,Protect|Timid||M|||50|]Incineroar||ChopleBerry|Intimidate|FlareBlitz,PartingShot,FakeOut,CloseCombat|Adamant||M|||50|]Jolteon||ShucaBerry|VoltAbsorb|Discharge,VoltSwitch,Electroweb,Detect|Timid||M|||50|]Whimsicott||MiracleSeed|Prankster|Tailwind,GrassKnot,Protect,Moonblast|Modest||F|||50|
|inactive|Battle timer is ON: inactive players will automatically lose when time's up. (requested by Taiyoa)
|inactive|Taiyoa has 60 seconds left.
|
|t:|1785176937
|teamsize|p1|4
|teamsize|p2|4
|start
|switch|p1a: Kingambit|Kingambit, L50, M, shiny|100/100
|switch|p1b: Farigiraf|Farigiraf, L50, F, shiny|100/100
|switch|p2a: Ninetales|Ninetales-Alola, L50, M|100/100
|switch|p2b: Incineroar|Incineroar, L50, M|100/100
|-weather|Snowscape|[from] ability: Snow Warning|[of] p2a: Ninetales
|-ability|p2b: Incineroar|Intimidate|boost
|-unboost|p1a: Kingambit|atk|1
|-ability|p1a: Kingambit|Defiant|boost
|-boost|p1a: Kingambit|atk|2
|-unboost|p1b: Farigiraf|atk|1
|turn|1
|
|t:|1785176946
|move|p1a: Kingambit|Protect|p1a: Kingambit
|-singleturn|p1a: Kingambit|Protect
|move|p2a: Ninetales|Aurora Veil|p2a: Ninetales
|-sidestart|p2: Bunny+X goaty|move: Aurora Veil
|move|p2b: Incineroar|Close Combat|p1a: Kingambit
|-activate|p1a: Kingambit|move: Protect
|move|p1b: Farigiraf|Trick Room|p1b: Farigiraf
|-fieldstart|move: Trick Room|[of] p1b: Farigiraf
|
|-weather|Snowscape|[upkeep]
|upkeep
|turn|2
|
|t:|1785176965
|move|p1a: Kingambit|Iron Head|p2a: Ninetales
|-supereffective|p2a: Ninetales|2
|-enditem|p2a: Ninetales|Focus Sash
|-damage|p2a: Ninetales|1/100
|move|p1b: Farigiraf|Grass Knot|p2a: Ninetales
|-damage|p2a: Ninetales|0 fnt
|faint|p2a: Ninetales
|move|p2b: Incineroar|Close Combat|p1a: Kingambit
|-supereffective|p1a: Kingambit|2
|-enditem|p1a: Kingambit|Focus Sash
|-damage|p1a: Kingambit|1/100
|-unboost|p2b: Incineroar|def|1
|-unboost|p2b: Incineroar|spd|1
|
|-weather|Snowscape|[upkeep]
|upkeep
|
|t:|1785176976
|switch|p2a: Ampharos|Ampharos, L50, F|100/100
|turn|3
|
|t:|1785176988
|switch|p2b: Slowking|Slowking-Galar, L50, M|100/100
|detailschange|p2a: Ampharos|Ampharos-Mega, L50, F
|-mega|p2a: Ampharos|Ampharos|Ampharosite
|-ability|p2a: Ampharos|Mold Breaker
|move|p1a: Kingambit|Protect|p1a: Kingambit
|-singleturn|p1a: Kingambit|Protect
|move|p1b: Farigiraf|Light Screen|p1b: Farigiraf
|-sidestart|p1: Taiyoa|move: Light Screen
|move|p2a: Ampharos|Discharge|p1b: Farigiraf|[spread] p2b,p1b
|-activate|p1a: Kingambit|move: Protect
|-damage|p2b: Slowking|84/100
|-damage|p1b: Farigiraf|76/100
|
|-weather|Snowscape|[upkeep]
|upkeep
|turn|4
|inactive|Bunny+X goaty has 30 seconds left.
|j| tedidn
|
|t:|1785177020
|-heal|p2b: Slowking|100/100|[from] ability: Regenerator|[silent]
|switch|p2b: Incineroar|Incineroar, L50, M|100/100
|-ability|p2b: Incineroar|Intimidate|boost
|-unboost|p1a: Kingambit|atk|1
|-ability|p1a: Kingambit|Defiant|boost
|-boost|p1a: Kingambit|atk|2
|-unboost|p1b: Farigiraf|atk|1
|move|p1b: Farigiraf|Helping Hand|p1a: Kingambit
|-singleturn|p1a: Kingambit|Helping Hand|[of] p1b: Farigiraf
|move|p1a: Kingambit|Kowtow Cleave|p2b: Incineroar
|-resisted|p2b: Incineroar|1
|-damage|p2b: Incineroar|60/100
|move|p2a: Ampharos|Dragon Pulse|p1b: Farigiraf
|-damage|p1b: Farigiraf|45/100
|
|-weather|Snowscape|[upkeep]
|upkeep
|turn|5
|inactive|Taiyoa has 30 seconds left.
|inactive|Taiyoa has 20 seconds left.
|inactive|Taiyoa has 15 seconds left.
|
|t:|1785177063
|switch|p2b: Slowking|Slowking-Galar, L50, M|100/100
|move|p1a: Kingambit|Kowtow Cleave|p2a: Ampharos
|-damage|p2a: Ampharos|34/100
|move|p1b: Farigiraf|Grass Knot|p2a: Ampharos
|-resisted|p2a: Ampharos|1
|-damage|p2a: Ampharos|28/100
|move|p2a: Ampharos|Discharge|p1a: Kingambit|[spread] p2b,p1a,p1b
|-damage|p2b: Slowking|83/100
|-damage|p1a: Kingambit|0 fnt
|-damage|p1b: Farigiraf|24/100
|faint|p1a: Kingambit
|
|-weather|none
|-sideend|p2: Bunny+X goaty|move: Aurora Veil
|-fieldend|move: Trick Room
|upkeep
|
|t:|1785177075
|switch|p1a: Scrafty|Scrafty, L50, M|100/100
|-ability|p1a: Scrafty|Intimidate|boost
|-unboost|p2a: Ampharos|atk|1
|-unboost|p2b: Slowking|atk|1
|turn|6
|
|t:|1785177086
|-heal|p2b: Slowking|100/100|[from] ability: Regenerator|[silent]
|switch|p2b: Incineroar|Incineroar, L50, M|60/100
|-ability|p2b: Incineroar|Intimidate|boost
|-unboost|p1a: Scrafty|atk|1
|-unboost|p1b: Farigiraf|atk|1
|move|p1a: Scrafty|Fake Out|p2b: Incineroar
|-damage|p2b: Incineroar|55/100
|move|p2a: Ampharos|Dragon Pulse|p1b: Farigiraf
|-damage|p1b: Farigiraf|0 fnt
|faint|p1b: Farigiraf
|
|upkeep
|
|t:|1785177096
|switch|p1b: Crabominable|Crabominable, L50, M|100/100
|turn|7
|
|t:|1785177120
|detailschange|p1b: Crabominable|Crabominable-Mega, L50, M
|-mega|p1b: Crabominable|Crabominable|Crabominite
|move|p1b: Crabominable|Mach Punch|p2b: Incineroar
|-supereffective|p2b: Incineroar|1
|-enditem|p2b: Incineroar|Chople Berry|[eat]
|-enditem|p2b: Incineroar|Chople Berry|[weaken]
|-damage|p2b: Incineroar|28/100
|move|p2a: Ampharos|Dragon Pulse|p1b: Crabominable
|-damage|p1b: Crabominable|70/100
|move|p2b: Incineroar|Flare Blitz|p1b: Crabominable
|-supereffective|p1b: Crabominable|1
|-damage|p1b: Crabominable|0 fnt
|faint|p1b: Crabominable
|-damage|p2b: Incineroar|4/100|[from] Recoil
|move|p1a: Scrafty|Swords Dance|p1a: Scrafty
|-boost|p1a: Scrafty|atk|2
|
|-sideend|p1: Taiyoa|move: Light Screen
|upkeep
|turn|8
|
|t:|1785177139
|switch|p2b: Slowking|Slowking-Galar, L50, M|100/100
|move|p2a: Ampharos|Protect|p2a: Ampharos
|-singleturn|p2a: Ampharos|Protect
|move|p1a: Scrafty|Knock Off|p2a: Ampharos
|-activate|p2a: Ampharos|move: Protect
|
|upkeep
|turn|9
|
|t:|1785177150
|move|p2a: Ampharos|Discharge|p1a: Scrafty|[spread] p2b,p1a
|-damage|p2b: Slowking|74/100
|-damage|p1a: Scrafty|72/100
|-status|p2b: Slowking|par
|move|p1a: Scrafty|Knock Off|p2b: Slowking
|-supereffective|p2b: Slowking|1
|-damage|p2b: Slowking|0 fnt
|-enditem|p2b: Slowking|Sitrus Berry|[from] move: Knock Off|[of] p1a: Scrafty
|faint|p2b: Slowking
|
|upkeep
|
|t:|1785177159
|switch|p2b: Incineroar|Incineroar, L50, M|4/100
|-ability|p2b: Incineroar|Intimidate|boost
|-unboost|p1a: Scrafty|atk|1
|turn|10
|
|t:|1785177169
|move|p2b: Incineroar|Fake Out|p1a: Scrafty
|-crit|p1a: Scrafty
|-damage|p1a: Scrafty|54/100
|move|p2a: Ampharos|Dragon Pulse|p1a: Scrafty
|-damage|p1a: Scrafty|13/100
|cant|p1a: Scrafty|flinch
|
|upkeep
|turn|11
|
|t:|1785177177
|move|p2a: Ampharos|Dragon Pulse|p1a: Scrafty
|-damage|p1a: Scrafty|0 fnt
|faint|p1a: Scrafty
|
|win|Bunny+X goaty
