|j|☆FreemanGordon
|j|☆Urstepslowbro
|html|FreemanGordonUrstepslowbro    
|uhtml|bestof|Game 2 of a best-of-3
|t:|1784523594
|gametype|doubles
|player|p1|FreemanGordon|169|1163
|player|p2|Urstepslowbro|miku-ghost|1127
|gen|9
|tier|[Gen 9 Champions] VGC 2026 Reg M-B (Bo3)
|rated|
|rule|Species Clause: Limit one of each Pokémon
|rule|Item Clause: Limit 1 of each item
|clearpoke
|poke|p1|Meowscarada, L50, F|
|poke|p1|Metagross, L50|
|poke|p1|Floette-Eternal, L50, F|
|poke|p1|Talonflame, L50, M|
|poke|p1|Ceruledge, L50, F|
|poke|p1|Ninetales-Alola, L50, F|
|poke|p2|Aerodactyl, L50, M|
|poke|p2|Kingambit, L50, M|
|poke|p2|Sylveon, L50, M|
|poke|p2|Garchomp, L50, M|
|poke|p2|Charizard, L50, M|
|poke|p2|Incineroar, L50, M|
|teampreview|4
|showteam|p1|Meowscarada||LifeOrb|Overgrow|KnockOff,SuckerPunch,TripleAxel,LowKick|Serious||F|||50|]Metagross||Metagrossite|ClearBody|IronHead,BodyPress,PsychicFangs,Protect|Jolly|||||50|]Floette-Eternal||Floettite|FlowerVeil|Moonblast,DazzlingGleam,LightofRuin,Protect|Timid||F|||50|]Talonflame||SharpBeak|GaleWings|Tailwind,DualWingbeat,FlareBlitz,Protect|Jolly||M|||50|]Ceruledge||ColburBerry|FlashFire|BitterBlade,BulkUp,ShadowSneak,Protect|Adamant||F|||50|]Ninetales-Alola||NeverMeltIce|SnowWarning|Blizzard,FreezeDry,Encore,Protect|Timid||F|||50|
|showteam|p2|Aerodactyl||Aerodactylite|Unnerve|RockSlide,IceFang,Tailwind,WideGuard|Jolly||M|||50|]Kingambit||FocusSash|Defiant|KowtowCleave,SuckerPunch,IronHead,Protect|Adamant||M|||50|]Sylveon||FairyFeather|Pixilate|Detect,HyperVoice,HyperBeam,QuickAttack|Modest||M|||50|]Garchomp||LifeOrb|RoughSkin|Earthquake,DragonClaw,StompingTantrum,Protect|Jolly||M|||50|]Charizard||CharizarditeY|Blaze|Protect,HeatWave,SolarBeam,WeatherBall|Modest||M|||50|]Incineroar||SitrusBerry|Intimidate|DarkestLariat,FlareBlitz,FakeOut,PartingShot|Impish||M|||50|
|inactive|Battle timer is ON: inactive players will automatically lose when time's up. (requested by FreemanGordon)
|
|t:|1784523645
|teamsize|p1|4
|teamsize|p2|4
|start
|switch|p1a: Metagross|Metagross, L50|100/100
|switch|p1b: Talonflame|Talonflame, L50, M|100/100
|switch|p2a: Aerodactyl|Aerodactyl, L50, M|100/100
|switch|p2b: Incineroar|Incineroar, L50, M|100/100
|-ability|p2a: Aerodactyl|Unnerve
|-ability|p2b: Incineroar|Intimidate|boost
|-fail|p1a: Metagross|unboost|[from] ability: Clear Body|[of] p1a: Metagross
|-unboost|p1b: Talonflame|atk|1
|turn|1
|inactive|FreemanGordon has 30 seconds left.
|
|t:|1784523673
|detailschange|p2a: Aerodactyl|Aerodactyl-Mega, L50, M
|-mega|p2a: Aerodactyl|Aerodactyl|Aerodactylite
|move|p2b: Incineroar|Fake Out|p1a: Metagross
|-resisted|p1a: Metagross|1
|-damage|p1a: Metagross|94/100
|move|p1b: Talonflame|Tailwind|p1b: Talonflame
|-sidestart|p1: FreemanGordon|move: Tailwind
|cant|p1a: Metagross|flinch
|move|p2a: Aerodactyl|Rock Slide|p1b: Talonflame|[spread] p1a,p1b
|-resisted|p1a: Metagross|1
|-supereffective|p1b: Talonflame|2
|-damage|p1a: Metagross|82/100
|-damage|p1b: Talonflame|0 fnt
|faint|p1b: Talonflame
|
|upkeep
|
|t:|1784523693
|switch|p1b: Meowscarada|Meowscarada, L50, F|100/100
|turn|2
|inactive|FreemanGordon has 30 seconds left.
|inactive|Urstepslowbro has 30 seconds left.
|
|t:|1784523727
|switch|p1b: Ceruledge|Ceruledge, L50, F|100/100
|switch|p2a: Kingambit|Kingambit, L50, M|100/100
|move|p1a: Metagross|Body Press|p2a: Kingambit
|-supereffective|p2a: Kingambit|2
|-crit|p2a: Kingambit
|-enditem|p2a: Kingambit|Focus Sash
|-damage|p2a: Kingambit|1/100
|move|p2b: Incineroar|Parting Shot|p1b: Ceruledge
|-unboost|p1b: Ceruledge|atk|1
|-unboost|p1b: Ceruledge|spa|1
|
|t:|1784523743
|switch|p2b: Aerodactyl|Aerodactyl-Mega, L50, M|100/100|[from] Parting Shot
|
|upkeep
|turn|3
|c|☆FreemanGordon|you didnt flare blitz no protect meowscarada
|c|☆FreemanGordon|kek
|inactive|Urstepslowbro has 30 seconds left.
|
|t:|1784523771
|switch|p2a: Incineroar|Incineroar, L50, M|100/100
|-ability|p2a: Incineroar|Intimidate|boost
|-fail|p1a: Metagross|unboost|[from] ability: Clear Body|[of] p1a: Metagross
|-unboost|p1b: Ceruledge|atk|1
|move|p1b: Ceruledge|Shadow Sneak|p2a: Incineroar
|-resisted|p2a: Incineroar|1
|-damage|p2a: Incineroar|96/100
|move|p1a: Metagross|Iron Head|p2b: Aerodactyl
|-supereffective|p2b: Aerodactyl|1
|-damage|p2b: Aerodactyl|3/100
|move|p2b: Aerodactyl|Tailwind|p2b: Aerodactyl
|-sidestart|p2: Urstepslowbro|move: Tailwind
|
|upkeep
|turn|4
|
|t:|1784523791
|switch|p2b: Kingambit|Kingambit, L50, M|1/100
|detailschange|p1a: Metagross|Metagross-Mega, L50
|-mega|p1a: Metagross|Metagross|Metagrossite
|move|p1b: Ceruledge|Shadow Sneak|p2b: Kingambit
|-resisted|p2b: Kingambit|1
|-damage|p2b: Kingambit|0 fnt
|faint|p2b: Kingambit
|move|p1a: Metagross|Body Press|p2a: Incineroar
|-supereffective|p2a: Incineroar|1
|-crit|p2a: Incineroar
|-damage|p2a: Incineroar|24/100
|-enditem|p2a: Incineroar|Sitrus Berry|[eat]
|-heal|p2a: Incineroar|49/100|[from] item: Sitrus Berry
|move|p2a: Incineroar|Flare Blitz|p1a: Metagross
|-supereffective|p1a: Metagross|1
|-damage|p1a: Metagross|4/100
|-damage|p2a: Incineroar|29/100|[from] Recoil
|
|-sideend|p1: FreemanGordon|move: Tailwind
|upkeep
|
|t:|1784523806
|switch|p2b: Sylveon|Sylveon, L50, M|100/100
|turn|5
|
|t:|1784523821
|switch|p1b: Meowscarada|Meowscarada, L50, F|100/100
|move|p1a: Metagross|Protect|p1a: Metagross
|-singleturn|p1a: Metagross|Protect
|move|p2b: Sylveon|Quick Attack|p1a: Metagross
|-activate|p1a: Metagross|move: Protect
|move|p2a: Incineroar|Darkest Lariat|p1b: Meowscarada
|-resisted|p1b: Meowscarada|1
|-damage|p1b: Meowscarada|73/100
|
|upkeep
|turn|6
|inactive|FreemanGordon has 30 seconds left.
|inactive|Urstepslowbro has 30 seconds left.
|
|t:|1784523849
|switch|p1a: Ceruledge|Ceruledge, L50, F|100/100
|move|p1b: Meowscarada|Sucker Punch|p2a: Incineroar
|-resisted|p2a: Incineroar|1
|-damage|p2a: Incineroar|15/100
|-damage|p1b: Meowscarada|63/100|[from] item: Life Orb
|move|p2b: Sylveon|Hyper Voice|p1b: Meowscarada|[spread] p1a,p1b
|-resisted|p1a: Ceruledge|1
|-supereffective|p1b: Meowscarada|1
|-damage|p1a: Ceruledge|77/100
|-damage|p1b: Meowscarada|0 fnt
|faint|p1b: Meowscarada
|move|p2a: Incineroar|Darkest Lariat|p1a: Ceruledge
|-supereffective|p1a: Ceruledge|1
|-enditem|p1a: Ceruledge|Colbur Berry|[eat]
|-enditem|p1a: Ceruledge|Colbur Berry|[weaken]
|-damage|p1a: Ceruledge|46/100
|
|-sideend|p2: Urstepslowbro|move: Tailwind
|upkeep
|
|t:|1784523863
|switch|p1b: Metagross|Metagross-Mega, L50|4/100
|turn|7
|
|t:|1784523878
|switch|p2a: Aerodactyl|Aerodactyl-Mega, L50, M|3/100
|move|p2b: Sylveon|Detect|p2b: Sylveon
|-singleturn|p2b: Sylveon|Protect
|move|p1b: Metagross|Iron Head|p2b: Sylveon
|-activate|p2b: Sylveon|move: Protect
|move|p1a: Ceruledge|Bitter Blade|p2a: Aerodactyl
|-resisted|p2a: Aerodactyl|1
|-damage|p2a: Aerodactyl|0 fnt
|-heal|p1a: Ceruledge|48/100|[from] drain|[of] p2a: Aerodactyl
|faint|p2a: Aerodactyl
|
|upkeep
|
|t:|1784523886
|switch|p2a: Incineroar|Incineroar, L50, M|15/100
|-ability|p2a: Incineroar|Intimidate|boost
|-unboost|p1a: Ceruledge|atk|1
|-unboost|p1b: Metagross|atk|1
|turn|8
|
|t:|1784523909
|move|p1b: Metagross|Iron Head|p2b: Sylveon
|-supereffective|p2b: Sylveon|1
|-damage|p2b: Sylveon|3/100
|move|p1a: Ceruledge|Bitter Blade|p2a: Incineroar
|-resisted|p2a: Incineroar|1
|-damage|p2a: Incineroar|5/100
|-heal|p1a: Ceruledge|54/100|[from] drain|[of] p2a: Incineroar
|cant|p2b: Sylveon|flinch
|move|p2a: Incineroar|Parting Shot|p1a: Ceruledge
|-unboost|p1a: Ceruledge|atk|1
|-unboost|p1a: Ceruledge|spa|1
|
|upkeep
|turn|9
|l|☆Urstepslowbro
|inactive|Urstepslowbro disconnected and has a minute to reconnect!
|player|p2|
|inactive|Urstepslowbro has 30 seconds left.
|c|☆FreemanGordon|ahaha
|inactive|Urstepslowbro has 20 seconds left.
|inactive|Urstepslowbro has 15 seconds left.
|inactive|Urstepslowbro has 10 seconds left.
|j|☆Urstepslowbro
|inactive|Urstepslowbro reconnected and has 10 seconds left.
|player|p2|Urstepslowbro|miku-ghost|
|inactive|Urstepslowbro has 5 seconds left.
|
|t:|1784523964
|move|p2b: Sylveon|Detect|p2b: Sylveon
|-singleturn|p2b: Sylveon|Protect
|move|p1a: Ceruledge|Shadow Sneak|p2b: Sylveon
|-activate|p2b: Sylveon|move: Protect
|move|p1b: Metagross|Body Press|p2a: Incineroar
|-supereffective|p2a: Incineroar|1
|-damage|p2a: Incineroar|0 fnt
|faint|p2a: Incineroar
|
|upkeep
|turn|10
|
|t:|1784523981
|move|p1a: Ceruledge|Shadow Sneak|p2b: Sylveon
|-damage|p2b: Sylveon|0 fnt
|faint|p2b: Sylveon
|
|win|FreemanGordon
