|j|☆MDM111
|j|☆Gentlefish
|html|MDM111Gentlefish    
|uhtml|bestof|Game 2 of a best-of-3
|t:|1756406156
|gametype|doubles
|player|p1|MDM111|elesa|1143
|player|p2|Gentlefish|burglar-gen1rb|1118
|gen|9
|tier|[Gen 9] VGC 2025 Reg H (Bo3)
|rated|
|rule|Species Clause: Limit one of each Pokémon
|rule|Item Clause: Limit 1 of each item
|clearpoke
|poke|p1|Torkoal, L50, F|
|poke|p1|Charizard, L50, F|
|poke|p1|Electabuzz, L50, F|
|poke|p1|Annihilape, L50, M|
|poke|p1|Arcanine-Hisui, L50, F|
|poke|p1|Jumpluff, L50, F|
|poke|p2|Garchomp, L50, F|
|poke|p2|Weezing-Galar, L50, M|
|poke|p2|Archaludon, L50, M|
|poke|p2|Gholdengo, L50|
|poke|p2|Talonflame, L50, F|
|poke|p2|Annihilape, L50, M|
|teampreview|4
|showteam|p1|Torkoal||AssaultVest|Drought|SolarBeam,EarthPower,HeatWave,Eruption|||F|||50|,,,,,Bug]Charizard||ChoiceSpecs|SolarPower|AirSlash,HeatWave,DragonPulse,Flamethrower|||F|||50|,,,,,Water]Electabuzz||Eviolite|VitalSpirit|Thunderbolt,FollowMe,Taunt,Protect|||F|||50|,,,,,Ghost]Annihilape||SafetyGoggles|Defiant|RageFist,DrainPunch,Protect,BulkUp|||M|||50|,,,,,Water]Arcanine-Hisui||LifeOrb|Intimidate|ExtremeSpeed,FlareBlitz,RockSlide,Protect|||F|||50|,,,,,Water]Jumpluff||CovertCloak|Chlorophyll|SleepPowder,Tailwind,SunnyDay,PollenPuff|||F|||50|,,,,,Dark
|showteam|p2|Garchomp||LifeOrb|RoughSkin|DragonClaw,Earthquake,StompingTantrum,Protect|||F|||50|,,,,,Ground]Weezing-Galar||FocusSash|NeutralizingGas|Protect,SludgeBomb,Taunt,StrangeSteam|||M|||50|,,,,,Flying]Archaludon||PowerHerb|Sturdy|ElectroShot,Thunderbolt,DracoMeteor,Protect|||M|||50|,,,,,Electric]Gholdengo||ChoiceSpecs|GoodasGold|ShadowBall,DazzlingGleam,PowerGem,MakeItRain||||||50|,,,,,Fairy]Talonflame||CovertCloak|GaleWings|Tailwind,DualWingbeat,Taunt,FlareBlitz|||F|||50|,,,,,Stellar]Annihilape||AssaultVest|Defiant|CloseCombat,RageFist,FinalGambit,IcePunch|||M|||50|,,,,,Grass
|inactive|Battle timer is ON: inactive players will automatically lose when time's up. (requested by MDM111)
|inactive|MDM111 has 60 seconds left.
|inactive|Gentlefish has 60 seconds left.
|inactive|Gentlefish has 30 seconds left.
|inactive|Gentlefish has 20 seconds left.
|
|t:|1756406230
|teamsize|p1|4
|teamsize|p2|4
|start
|switch|p1a: Charizard|Charizard, L50, F|100/100
|switch|p1b: Torkoal|Torkoal, L50, F|100/100
|switch|p2a: Archaludon|Archaludon, L50, M|100/100
|switch|p2b: Talonflame|Talonflame, L50, F|100/100
|-weather|SunnyDay|[from] ability: Drought|[of] p1b: Torkoal
|turn|1
|inactive|MDM111 has 30 seconds left.
|inactive|Gentlefish has 30 seconds left.
|
|t:|1756406263
|switch|p1a: Annihilape|Annihilape, L50, M|100/100
|-terastallize|p2a: Archaludon|Electric
|move|p2b: Talonflame|Tailwind|p2b: Talonflame
|-sidestart|p2: Gentlefish|move: Tailwind
|move|p2a: Archaludon|Electro Shot||[still]
|-prepare|p2a: Archaludon|Electro Shot
|-boost|p2a: Archaludon|spa|1
|-enditem|p2a: Archaludon|Power Herb
|-anim|p2a: Archaludon|Electro Shot|p1b: Torkoal
|-damage|p1b: Torkoal|7/100
|move|p1b: Torkoal|Eruption|p2a: Archaludon|[spread] p2a,p2b
|-resisted|p2b: Talonflame
|-damage|p2a: Archaludon|93/100
|-damage|p2b: Talonflame|97/100
|
|-weather|SunnyDay|[upkeep]
|upkeep
|turn|2
|inactive|MDM111 has 30 seconds left.
|inactive|Gentlefish has 30 seconds left.
|inactive|Gentlefish has 20 seconds left.
|
|t:|1756406301
|move|p1a: Annihilape|Protect|p1a: Annihilape
|-singleturn|p1a: Annihilape|Protect
|move|p2b: Talonflame|Dual Wingbeat|p1a: Annihilape
|-activate|p1a: Annihilape|move: Protect
|move|p2a: Archaludon|Thunderbolt|p1a: Annihilape
|-activate|p1a: Annihilape|move: Protect
|move|p1b: Torkoal|Earth Power|p2a: Archaludon
|-supereffective|p2a: Archaludon
|-damage|p2a: Archaludon|22/100
|
|-weather|SunnyDay|[upkeep]
|upkeep
|turn|3
|inactive|Gentlefish has 30 seconds left.
|
|t:|1756406332
|move|p2b: Talonflame|Dual Wingbeat|p1b: Torkoal|[miss]
|-miss|p2b: Talonflame|p1b: Torkoal
|move|p2a: Archaludon|Draco Meteor|p1a: Annihilape
|-damage|p1a: Annihilape|16/100
|-unboost|p2a: Archaludon|spa|2
|move|p1a: Annihilape|Rage Fist|p2b: Talonflame
|-damage|p2b: Talonflame|30/100
|move|p1b: Torkoal|Heat Wave|p2b: Talonflame|[spread] p2a,p2b
|-resisted|p2b: Talonflame
|-damage|p2a: Archaludon|0 fnt
|-damage|p2b: Talonflame|0 fnt
|faint|p2a: Archaludon
|faint|p2b: Talonflame
|
|-weather|SunnyDay|[upkeep]
|upkeep
|
|t:|1756406348
|switch|p2b: Annihilape|Annihilape, L50, M|100/100
|switch|p2a: Weezing|Weezing-Galar, L50, M|100/100
|-ability|p2a: Weezing|Neutralizing Gas
|turn|4
|
|t:|1756406362
|move|p1a: Annihilape|Protect|p1a: Annihilape
|-singleturn|p1a: Annihilape|Protect
|move|p2b: Annihilape|Rage Fist|p1b: Torkoal
|-damage|p1b: Torkoal|0 fnt
|faint|p1b: Torkoal
|move|p2a: Weezing|Strange Steam|p1a: Annihilape
|-activate|p1a: Annihilape|move: Protect
|
|-weather|SunnyDay|[upkeep]
|-sideend|p2: Gentlefish|move: Tailwind
|upkeep
|
|t:|1756406372
|switch|p1b: Jumpluff|Jumpluff, L50, F|100/100
|turn|5
|inactive|Gentlefish has 30 seconds left.
|
|t:|1756406398
|-terastallize|p1a: Annihilape|Water
|move|p1b: Jumpluff|Pollen Puff|p1a: Annihilape
|-heal|p1a: Annihilape|66/100
|move|p2b: Annihilape|Ice Punch|p1b: Jumpluff
|-supereffective|p1b: Jumpluff
|-damage|p1b: Jumpluff|0 fnt
|faint|p1b: Jumpluff
|move|p1a: Annihilape|Rage Fist|p2b: Annihilape
|-supereffective|p2b: Annihilape
|-damage|p2b: Annihilape|20/100
|move|p2a: Weezing|Strange Steam|p1a: Annihilape
|-damage|p1a: Annihilape|31/100
|
|-weather|none
|upkeep
|
|t:|1756406412
|switch|p1b: Charizard|Charizard, L50, F|100/100
|turn|6
|
|t:|1756406430
|move|p1b: Charizard|Flamethrower|p2b: Annihilape
|-damage|p2b: Annihilape|0 fnt
|faint|p2b: Annihilape
|move|p1a: Annihilape|Rage Fist|p2a: Weezing
|-damage|p2a: Weezing|37/100
|move|p2a: Weezing|Strange Steam|p1a: Annihilape
|-damage|p1a: Annihilape|1/100
|
|upkeep
|turn|7
|-message|Gentlefish forfeited.
|
|win|MDM111
|raw|MDM111's rating: 1143 → 1166(+23 for winning)
|raw|Gentlefish's rating: 1118 → 1095(-23 for losing)
|l|☆MDM111
|player|p1|
