|j|☆PumitaNike
|j|☆WhyOGod
|html|PumitaNikeWhyOGod    
|uhtml|bestof|Game 3 of a best-of-3
|t:|1757089919
|gametype|doubles
|player|p1|PumitaNike|1|1020
|player|p2|WhyOGod|101|1083
|gen|9
|tier|[Gen 9] VGC 2025 Reg H (Bo3)
|rated|
|rule|Species Clause: Limit one of each Pokémon
|rule|Item Clause: Limit 1 of each item
|clearpoke
|poke|p1|Arcanine-Hisui, L50, F|
|poke|p1|Corviknight, L50, M|
|poke|p1|Electabuzz, L50, F|
|poke|p1|Gastrodon-East, L50, M|
|poke|p1|Rillaboom, L50, M|
|poke|p1|Sneasler, L50, F|
|poke|p2|Tatsugiri, L50, F|
|poke|p2|Dondozo, L50, F|
|poke|p2|Volcarona, L50, M|
|poke|p2|Oricorio-Pom-Pom, L50, F|
|poke|p2|Flamigo, L50, F|
|poke|p2|Incineroar, L50, M|
|teampreview|4
|showteam|p1|Arcanine-Hisui||ClearAmulet|Intimidate|FlareBlitz,RockSlide,ExtremeSpeed,Protect|||F|||50|,,,,,Ghost]Corviknight||GrassySeed|MirrorArmor|BraveBird,PowerTrip,BulkUp,Roost|||M|||50|,,,,,Dragon]Electabuzz||Eviolite|VitalSpirit|Thunderbolt,Taunt,FollowMe,Protect|||F|||50|,,,,,Ghost]Gastrodon-East||Leftovers|StormDrain|EarthPower,IceBeam,Yawn,Protect|||M|||50|,,,,,Fire]Rillaboom||AssaultVest|GrassySurge|GrassyGlide,WoodHammer,FakeOut,HighHorsepower|||M|||50|,,,,,Fire]Sneasler||FocusSash|Unburden|ThroatChop,FakeOut,CloseCombat,DireClaw|||F|||50|,,,,,Dark
|showteam|p2|Tatsugiri||ToxicOrb|Commander|DracoMeteor,HydroPump,IcyWind,Endure|||F|||50|,,,,,Dragon]Dondozo||DragonFang|Unaware|OrderUp,SleepTalk|||F|||50|,,,,,Ground]Volcarona||SalacBerry|FlameBody|FieryDance,QuiverDance,Endure|||M|||50|,,,,,Bug]Oricorio-Pom-Pom||FocusSash|Dancer|RevelationDance,BatonPass,QuiverDance,Protect|||F|||50|,,,,,Electric]Flamigo||WhiteHerb|Costar|BraveBird,CloseCombat,Roost,Protect|||F|||50|,,,,,Ground]Incineroar||SitrusBerry|Intimidate|FlareBlitz,KnockOff,FakeOut,PartingShot|||M|||50|,,,,,Grass
|inactive|Battle timer is ON: inactive players will automatically lose when time's up. (requested by WhyOGod)
|inactive|PumitaNike has 60 seconds left.
|
|t:|1757089958
|teamsize|p1|4
|teamsize|p2|4
|start
|switch|p1a: Arcanine|Arcanine-Hisui, L50, F|100/100
|switch|p1b: Sneasler|Sneasler, L50, F|100/100
|switch|p2a: Incineroar|Incineroar, L50, M|100/100
|switch|p2b: Dondozo|Dondozo, L50, F|100/100
|-ability|p1a: Arcanine|Intimidate|boost
|-unboost|p2a: Incineroar|atk|1
|-unboost|p2b: Dondozo|atk|1
|-ability|p2a: Incineroar|Intimidate|boost
|-fail|p1a: Arcanine|unboost|[from] item: Clear Amulet|[of] p1a: Arcanine
|-unboost|p1b: Sneasler|atk|1
|turn|1
|inactive|PumitaNike has 30 seconds left.
|inactive|WhyOGod has 30 seconds left.
|inactive|WhyOGod has 20 seconds left.
|
|t:|1757089994
|switch|p2a: Tatsugiri|Tatsugiri, L50, F|100/100
|-activate|p2a: Tatsugiri|ability: Commander|[of] p2b: Dondozo
|-boost|p2b: Dondozo|atk|2
|-boost|p2b: Dondozo|spa|2
|-boost|p2b: Dondozo|spe|2
|-boost|p2b: Dondozo|def|2
|-boost|p2b: Dondozo|spd|2
|move|p1b: Sneasler|Dire Claw|p2b: Dondozo
|-damage|p2b: Dondozo|87/100
|-status|p2b: Dondozo|par
|move|p1a: Arcanine|Rock Slide|p2a: Tatsugiri|[spread] p2b
|-miss|p1a: Arcanine|p2a: Tatsugiri
|-damage|p2b: Dondozo|76/100 par
|cant|p2b: Dondozo|flinch
|
|-status|p2a: Tatsugiri|tox|[from] item: Toxic Orb
|upkeep
|turn|2
|inactive|PumitaNike has 30 seconds left.
|
|t:|1757090028
|switch|p1a: Corviknight|Corviknight, L50, M|100/100
|move|p1b: Sneasler|Close Combat|p2b: Dondozo
|-damage|p2b: Dondozo|53/100 par
|-unboost|p1b: Sneasler|def|1
|-unboost|p1b: Sneasler|spd|1
|move|p2b: Dondozo|Order Up|p1b: Sneasler
|-damage|p1b: Sneasler|26/100
|-boost|p2b: Dondozo|atk|1
|
|-damage|p2a: Tatsugiri|95/100 tox|[from] psn
|upkeep
|turn|3
|
|t:|1757090044
|switch|p1b: Arcanine|Arcanine-Hisui, L50, F|100/100
|-ability|p1b: Arcanine|Intimidate|boost
|-unboost|p2a: Tatsugiri|atk|1
|-unboost|p2b: Dondozo|atk|1
|move|p1a: Corviknight|Bulk Up|p1a: Corviknight
|-boost|p1a: Corviknight|atk|1
|-boost|p1a: Corviknight|def|1
|move|p2b: Dondozo|Order Up|p1a: Corviknight
|-resisted|p1a: Corviknight
|-crit|p1a: Corviknight
|-damage|p1a: Corviknight|71/100
|-boost|p2b: Dondozo|atk|1
|
|-damage|p2a: Tatsugiri|84/100 tox|[from] psn
|upkeep
|turn|4
|
|t:|1757090062
|move|p1b: Arcanine|Rock Slide|p2b: Dondozo|[spread] p2b
|-miss|p1b: Arcanine|p2a: Tatsugiri
|-damage|p2b: Dondozo|44/100 par
|move|p1a: Corviknight|Bulk Up|p1a: Corviknight
|-boost|p1a: Corviknight|atk|1
|-boost|p1a: Corviknight|def|1
|move|p2b: Dondozo|Order Up|p1b: Arcanine
|-crit|p1b: Arcanine
|-damage|p1b: Arcanine|1/100
|-boost|p2b: Dondozo|atk|1
|
|-damage|p2a: Tatsugiri|67/100 tox|[from] psn
|upkeep
|turn|5
|
|t:|1757090086
|move|p1b: Arcanine|Rock Slide|p2b: Dondozo|[spread] p2b
|-miss|p1b: Arcanine|p2a: Tatsugiri
|-damage|p2b: Dondozo|34/100 par
|move|p1a: Corviknight|Bulk Up|p1a: Corviknight
|-boost|p1a: Corviknight|atk|1
|-boost|p1a: Corviknight|def|1
|move|p2b: Dondozo|Order Up|p1a: Corviknight
|-resisted|p1a: Corviknight
|-damage|p1a: Corviknight|42/100
|-boost|p2b: Dondozo|atk|1
|
|-damage|p2a: Tatsugiri|45/100 tox|[from] psn
|upkeep
|turn|6
|
|t:|1757090103
|move|p1b: Arcanine|Rock Slide|p2a: Tatsugiri|[spread] p2b
|-miss|p1b: Arcanine|p2a: Tatsugiri
|-damage|p2b: Dondozo|23/100 par
|move|p1a: Corviknight|Roost|p1a: Corviknight
|-heal|p1a: Corviknight|92/100
|-singleturn|p1a: Corviknight|move: Roost
|cant|p2b: Dondozo|par
|
|-damage|p2a: Tatsugiri|17/100 tox|[from] psn
|upkeep
|turn|7
|
|t:|1757090117
|move|p1b: Arcanine|Rock Slide|p2a: Tatsugiri|[spread] p2b
|-miss|p1b: Arcanine|p2a: Tatsugiri
|-damage|p2b: Dondozo|12/100 par
|move|p1a: Corviknight|Power Trip|p2b: Dondozo
|-damage|p2b: Dondozo|0 fnt
|faint|p2b: Dondozo
|
|-damage|p2a: Tatsugiri|0 fnt|[from] psn
|faint|p2a: Tatsugiri
|upkeep
|
|t:|1757090121
|switch|p2a: Incineroar|Incineroar, L50, M|100/100
|switch|p2b: Flamigo|Flamigo, L50, F|100/100
|-ability|p2a: Incineroar|Intimidate|boost
|-ability|p1a: Corviknight|Mirror Armor
|-unboost|p2a: Incineroar|atk|1
|-fail|p1b: Arcanine|unboost|[from] item: Clear Amulet|[of] p1b: Arcanine
|-copyboost|p2b: Flamigo|p2a: Incineroar|[from] ability: Costar
|-enditem|p2b: Flamigo|White Herb
|-clearnegativeboost|p2b: Flamigo|[silent]
|turn|8
|-message|WhyOGod forfeited.
|
|win|PumitaNike
|raw|PumitaNike's rating: 1020 → 1064(+44 for winning)
|raw|WhyOGod's rating: 1083 → 1057(-26 for losing)
|l|☆WhyOGod
|player|p2|
