|j|☆R1xohbilbao
|j|☆M4rcos315
|html|R1xohbilbaoM4rcos315    
|uhtml|bestof|Game 2 of a best-of-3
|t:|1756996687
|gametype|doubles
|player|p1|R1xohbilbao|ltsurge|
|player|p2|M4rcos315|colress|
|gen|9
|tier|[Gen 9] VGC 2025 Reg H (Bo3)
|rule|Species Clause: Limit one of each Pokémon
|rule|Item Clause: Limit 1 of each item
|clearpoke
|poke|p1|Talonflame, L50, F|
|poke|p1|Garchomp, L50, M|
|poke|p1|Ninetales-Alola, L50, F|
|poke|p1|Sneasler, L50, F|
|poke|p1|Kingambit, L50, M|
|poke|p1|Electabuzz, L50, M|
|poke|p2|Rillaboom, L50, F|
|poke|p2|Dragonite, L50, F|
|poke|p2|Sneasler, L50, F|
|poke|p2|Kingambit, L50, M|
|poke|p2|Electabuzz, L50, F|
|poke|p2|Volcarona, L50, F|
|teampreview|4
|showteam|p1|Talonflame||CovertCloak|GaleWings|BraveBird,Tailwind,WillOWisp,Taunt|||F|||50|,,,,,Ghost]Garchomp||LifeOrb|RoughSkin|Earthquake,DragonClaw,StompingTantrum,Protect|||M|||50|,,,,,Steel]Ninetales-Alola||SafetyGoggles|SnowWarning|Blizzard,FreezeDry,Encore,Protect|||F|||50|,,,,,Fire]Sneasler||FocusSash|Unburden|FakeOut,CloseCombat,DireClaw,Protect|||F|||50|,,,,,Stellar]Kingambit||BlackGlasses|Defiant|SuckerPunch,KowtowCleave,Protect,SwordsDance|||M|||50|,,,,,Dark]Electabuzz||Eviolite|VitalSpirit|Protect,FollowMe,Electroweb,VoltSwitch|||M|||50|,,,,,Ghost
|showteam|p2|Rillaboom||AssaultVest|GrassySurge|FakeOut,HighHorsepower,WoodHammer,GrassyGlide|||F|||50|,,,,,Fire]Dragonite||LoadedDice|Multiscale|Haze,ScaleShot,Protect,Tailwind|||F|||50|,,,,,Fairy]Sneasler||FocusSash|PoisonTouch|DireClaw,CloseCombat,FakeOut,Coaching|||F|||50|,,,,,Stellar]Kingambit||BlackGlasses|Defiant|KowtowCleave,SuckerPunch,SwordsDance,Protect|||M|||50|,,,,,Dark]Electabuzz||Eviolite|VitalSpirit|Thunderbolt,Taunt,FollowMe,Protect|||F|||50|,,,,,Dragon]Volcarona||CovertCloak|FlameBody|HeatWave,TeraBlast,QuiverDance,Protect|||F|||50|,,,,,Fairy
|inactive|Battle timer is ON: inactive players will automatically lose when time's up. (requested by R1xohbilbao)
|inactive|M4rcos315 has 60 seconds left.
|
|t:|1756996756
|teamsize|p1|4
|teamsize|p2|4
|start
|switch|p1a: Talonflame|Talonflame, L50, F|100/100
|switch|p1b: Garchomp|Garchomp, L50, M|100/100
|switch|p2a: Elextasis|Electabuzz, L50, F|100/100
|switch|p2b: VolcaTula|Volcarona, L50, F|100/100
|turn|1
|
|t:|1756996770
|-terastallize|p2b: VolcaTula|Fairy
|move|p2a: Elextasis|Follow Me|p2a: Elextasis
|-singleturn|p2a: Elextasis|move: Follow Me
|move|p1a: Talonflame|Tailwind|p1a: Talonflame
|-sidestart|p1: R1xohbilbao|move: Tailwind
|move|p1b: Garchomp|Earthquake|p2b: VolcaTula|[spread] p2a,p2b
|-immune|p1a: Talonflame
|-supereffective|p2a: Elextasis
|-damage|p2a: Elextasis|22/100
|-damage|p2b: VolcaTula|48/100
|-damage|p1b: Garchomp|91/100|[from] item: Life Orb
|move|p2b: VolcaTula|Quiver Dance|p2b: VolcaTula
|-boost|p2b: VolcaTula|spa|1
|-boost|p2b: VolcaTula|spd|1
|-boost|p2b: VolcaTula|spe|1
|
|upkeep
|turn|2
|
|t:|1756996787
|move|p2a: Elextasis|Protect|p2a: Elextasis
|-singleturn|p2a: Elextasis|Protect
|move|p1a: Talonflame|Brave Bird|p2a: Elextasis
|-activate|p2a: Elextasis|move: Protect
|move|p1b: Garchomp|Stomping Tantrum|p2b: VolcaTula
|-damage|p2b: VolcaTula|0 fnt
|faint|p2b: VolcaTula
|-damage|p1b: Garchomp|81/100|[from] item: Life Orb
|
|upkeep
|
|t:|1756996798
|switch|p2b: Dronjas|Dragonite, L50, F|100/100
|turn|3
|inactive|M4rcos315 has 30 seconds left.
|inactive|R1xohbilbao has 30 seconds left.
|
|t:|1756996836
|-terastallize|p1b: Garchomp|Steel
|move|p2b: Dronjas|Protect|p2b: Dronjas
|-singleturn|p2b: Dronjas|Protect
|move|p2a: Elextasis|Follow Me|p2a: Elextasis
|-singleturn|p2a: Elextasis|move: Follow Me
|move|p1a: Talonflame|Taunt|p2a: Elextasis
|-start|p2a: Elextasis|move: Taunt
|move|p1b: Garchomp|Earthquake|p2b: Dronjas|[spread] p2a
|-activate|p2b: Dronjas|move: Protect
|-immune|p1a: Talonflame
|-supereffective|p2a: Elextasis
|-damage|p2a: Elextasis|0 fnt
|faint|p2a: Elextasis
|-damage|p1b: Garchomp|72/100|[from] item: Life Orb
|
|upkeep
|
|t:|1756996851
|switch|p2a: ElvaGin|Sneasler, L50, F|100/100
|turn|4
|inactive|R1xohbilbao has 30 seconds left.
|inactive|R1xohbilbao has 20 seconds left.
|inactive|M4rcos315 has 30 seconds left.
|
|t:|1756996890
|move|p2a: ElvaGin|Fake Out|p1b: Garchomp
|-resisted|p1b: Garchomp
|-damage|p1b: Garchomp|66/100
|-damage|p2a: ElvaGin|88/100|[from] ability: Rough Skin|[of] p1b: Garchomp
|move|p1a: Talonflame|Will-O-Wisp|p2a: ElvaGin
|-status|p2a: ElvaGin|brn
|cant|p1b: Garchomp|flinch
|move|p2b: Dronjas|Tailwind|p2b: Dronjas
|-sidestart|p2: M4rcos315|move: Tailwind
|
|-damage|p2a: ElvaGin|82/100 brn|[from] brn
|-sideend|p1: R1xohbilbao|move: Tailwind
|upkeep
|turn|5
|
|t:|1756996910
|move|p1a: Talonflame|Brave Bird|p2a: ElvaGin
|-supereffective|p2a: ElvaGin
|-damage|p2a: ElvaGin|0 fnt
|faint|p2a: ElvaGin
|-damage|p1a: Talonflame|75/100|[from] Recoil
|move|p2b: Dronjas|Scale Shot|p1b: Garchomp|[miss]
|-miss|p2b: Dronjas|p1b: Garchomp
|move|p1b: Garchomp|Dragon Claw|p2b: Dronjas
|-supereffective|p2b: Dronjas
|-damage|p2b: Dronjas|38/100
|-damage|p1b: Garchomp|56/100|[from] item: Life Orb
|
|upkeep
|turn|6
|
|t:|1756996926
|move|p2b: Dronjas|Scale Shot|p1a: Talonflame
|-damage|p1a: Talonflame|58/100
|-damage|p1a: Talonflame|40/100
|-damage|p1a: Talonflame|20/100
|-damage|p1a: Talonflame|0 fnt
|faint|p1a: Talonflame
|-hitcount|p1: Talonflame|4
|-unboost|p2b: Dronjas|def|1
|-boost|p2b: Dronjas|spe|1
|move|p1b: Garchomp|Dragon Claw|p2b: Dronjas
|-supereffective|p2b: Dronjas
|-damage|p2b: Dronjas|0 fnt
|faint|p2b: Dronjas
|-damage|p1b: Garchomp|47/100|[from] item: Life Orb
|
|win|R1xohbilbao
||R1xohbilbao is ready for game 3.
|inactive|M4rcos315 has 30 seconds to confirm battle start!
|inactive|M4rcos315 has 19 seconds to confirm battle start!
|inactive|M4rcos315 has 9 seconds to confirm battle start!
||M4rcos315 is ready for game 3.
|uhtml|next|Next: Game 3 of 3
|l|☆M4rcos315
|player|p2|
