|j|☆GS Barnabe
|j|☆kingjdjdjd
|html|GS Barnabekingjdjdjd    
|uhtml|bestof|Game 1 of a best-of-3
|t:|1785716342
|gametype|doubles
|player|p1|GS Barnabe|265|1257
|player|p2|kingjdjdjd|1|1243
|gen|9
|tier|[Gen 9 Champions] VGC 2026 Reg M-B (Bo3)
|rated|
|rule|Species Clause: Limit one of each Pokémon
|rule|Item Clause: Limit 1 of each item
|clearpoke
|poke|p1|Clefable, L50, F|
|poke|p1|Tyranitar, L50, F|
|poke|p1|Garchomp, L50, M|
|poke|p1|Gholdengo, L50|
|poke|p1|Rotom-Wash, L50|
|poke|p1|Aerodactyl, L50, F|
|poke|p2|Charizard, L50, M|
|poke|p2|Mamoswine, L50, F|
|poke|p2|Venusaur, L50, F|
|poke|p2|Incineroar, L50, M|
|poke|p2|Toxapex, L50, M|
|poke|p2|Hydreigon, L50, F|
|teampreview|4
|showteam|p1|Clefable||SitrusBerry|Unaware|Moonblast,HelpingHand,FollowMe,Protect|Bold||F|||50|]Tyranitar||ChoiceScarf|SandStream|RockSlide,KnockOff,IcePunch,Superpower|Jolly||F|||50|]Garchomp||Garchompite|SandVeil|DracoMeteor,EarthPower,PowerGem,Protect|Modest||M|||50|]Gholdengo||LifeOrb|GoodasGold|MakeItRain,ShadowBall,NastyPlot,Protect|Modest|||||50|]Rotom-Wash||Leftovers|Levitate|HydroPump,VoltSwitch,WillOWisp,Protect|Calm|||||50|]Aerodactyl||Aerodactylite|RockHead|RockSlide,DualWingbeat,Tailwind,Protect|Jolly||F|||50|
|showteam|p2|Charizard||CharizarditeY|Blaze|HeatWave,WeatherBall,SolarBeam,Protect|Modest||M|||50|]Mamoswine||LifeOrb|Oblivious|Earthquake,HighHorsepower,IceShard,Protect|Jolly||F|||50|]Venusaur||FocusSash|Chlorophyll|SludgeBomb,EarthPower,Protect,SleepPowder|Modest||F|||50|]Incineroar||ChopleBerry|Intimidate|FakeOut,FlareBlitz,CloseCombat,PartingShot|Adamant||M|||50|]Toxapex||Leftovers|Regenerator|Infestation,Toxic,WideGuard,BanefulBunker|Calm||M|||50|]Hydreigon||RoseliBerry|Levitate|DracoMeteor,Tailwind,Snarl,Protect|Modest||F|||50|
|
|t:|1785716381
|teamsize|p1|4
|teamsize|p2|4
|start
|switch|p1a: Garchomp|Garchomp, L50, M|100/100
|switch|p1b: Rotom|Rotom-Wash, L50|100/100
|switch|p2a: Hydreigon|Hydreigon, L50, F|100/100
|switch|p2b: Incineroar|Incineroar, L50, M|100/100
|-ability|p2b: Incineroar|Intimidate|boost
|-unboost|p1a: Garchomp|atk|1
|-unboost|p1b: Rotom|atk|1
|turn|1
|
|t:|1785716414
|move|p1a: Garchomp|Protect|p1a: Garchomp
|-singleturn|p1a: Garchomp|Protect
|move|p2b: Incineroar|Fake Out|p1a: Garchomp
|-activate|p1a: Garchomp|move: Protect
|move|p2a: Hydreigon|Tailwind|p2a: Hydreigon
|-sidestart|p2: kingjdjdjd|move: Tailwind
|move|p1b: Rotom|Hydro Pump|p2b: Incineroar|[miss]
|-miss|p1b: Rotom|p2b: Incineroar
|
|upkeep
|turn|2
|
|t:|1785716442
|switch|p1a: Tyranitar|Tyranitar, L50, F|100/100
|-weather|Sandstorm|[from] ability: Sand Stream|[of] p1a: Tyranitar
|move|p2a: Hydreigon|Snarl|p1b: Rotom|[spread] p1a,p1b
|-resisted|p1a: Tyranitar|1
|-damage|p1a: Tyranitar|91/100
|-damage|p1b: Rotom|80/100
|-unboost|p1a: Tyranitar|spa|1
|-unboost|p1b: Rotom|spa|1
|move|p2b: Incineroar|Parting Shot|p1a: Tyranitar
|-unboost|p1a: Tyranitar|atk|1
|-unboost|p1a: Tyranitar|spa|1
|
|t:|1785716455
|switch|p2b: Charizard|Charizard, L50, M|100/100|[from] Parting Shot
|move|p1b: Rotom|Hydro Pump|p2b: Charizard
|-supereffective|p2b: Charizard|1
|-damage|p2b: Charizard|38/100
|
|-weather|Sandstorm|[upkeep]
|-damage|p2a: Hydreigon|94/100|[from] Sandstorm
|-damage|p2b: Charizard|32/100|[from] Sandstorm
|-damage|p1b: Rotom|75/100|[from] Sandstorm
|-heal|p1b: Rotom|80/100|[from] item: Leftovers
|upkeep
|turn|3
|
|t:|1785716481
|switch|p2a: Incineroar|Incineroar, L50, M|100/100
|-ability|p2a: Incineroar|Intimidate|boost
|-unboost|p1a: Tyranitar|atk|1
|-unboost|p1b: Rotom|atk|1
|switch|p1a: Garchomp|Garchomp, L50, M|100/100
|detailschange|p2b: Charizard|Charizard-Mega-Y, L50, M
|-mega|p2b: Charizard|Charizard|Charizardite Y
|-weather|SunnyDay|[from] ability: Drought|[of] p2b: Charizard
|move|p2b: Charizard|Solar Beam||[still]
|-prepare|p2b: Charizard|Solar Beam
|-anim|p2b: Charizard|Solar Beam|p1a: Garchomp
|-damage|p1a: Garchomp|41/100
|move|p1b: Rotom|Volt Switch|p2b: Charizard
|-supereffective|p2b: Charizard|1
|-damage|p2b: Charizard|0 fnt
|faint|p2b: Charizard
|
|t:|1785716501
|switch|p1b: Tyranitar|Tyranitar, L50, F|91/100|[from] Volt Switch
|-weather|Sandstorm|[from] ability: Sand Stream|[of] p1b: Tyranitar
|
|-weather|Sandstorm|[upkeep]
|-damage|p2a: Incineroar|94/100|[from] Sandstorm
|upkeep
|
|t:|1785716506
|switch|p2b: Hydreigon|Hydreigon, L50, F|94/100
|turn|4
|
|t:|1785716536
|switch|p2b: Toxapex|Toxapex, L50, M|100/100
|switch|p1a: Rotom|Rotom-Wash, L50|80/100
|move|p1b: Tyranitar|Rock Slide|p2a: Incineroar|[spread] p2a,p2b
|-supereffective|p2a: Incineroar|1
|-damage|p2a: Incineroar|36/100
|-damage|p2b: Toxapex|75/100
|cant|p2a: Incineroar|flinch
|
|-weather|Sandstorm|[upkeep]
|-damage|p2a: Incineroar|30/100|[from] Sandstorm
|-damage|p1a: Rotom|75/100|[from] Sandstorm
|-damage|p2b: Toxapex|69/100|[from] Sandstorm
|-heal|p1a: Rotom|80/100|[from] item: Leftovers
|-heal|p2b: Toxapex|75/100|[from] item: Leftovers
|-sideend|p2: kingjdjdjd|move: Tailwind
|upkeep
|turn|5
|
|t:|1785716570
|-heal|p2b: Toxapex|100/100|[from] ability: Regenerator|[silent]
|switch|p2b: Hydreigon|Hydreigon, L50, F|94/100
|move|p1b: Tyranitar|Rock Slide|p2b: Hydreigon|[spread] p2a,p2b
|-supereffective|p2a: Incineroar|1
|-damage|p2a: Incineroar|0 fnt
|-damage|p2b: Hydreigon|62/100
|faint|p2a: Incineroar
|move|p1a: Rotom|Volt Switch|p2b: Hydreigon
|-resisted|p2b: Hydreigon|1
|-damage|p2b: Hydreigon|48/100
|
|t:|1785716585
|switch|p1a: Garchomp|Garchomp, L50, M|41/100|[from] Volt Switch
|
|-weather|Sandstorm|[upkeep]
|-damage|p2b: Hydreigon|42/100|[from] Sandstorm
|upkeep
|
|t:|1785716588
|switch|p2a: Toxapex|Toxapex, L50, M|100/100
|turn|6
|
|t:|1785716616
|detailschange|p1a: Garchomp|Garchomp-Mega, L50, M
|-mega|p1a: Garchomp|Garchomp|Garchompite
|move|p2b: Hydreigon|Protect|p2b: Hydreigon
|-singleturn|p2b: Hydreigon|Protect
|move|p1b: Tyranitar|Rock Slide|p2a: Toxapex|[spread] p2a
|-activate|p2b: Hydreigon|move: Protect
|-damage|p2a: Toxapex|77/100
|move|p1a: Garchomp|Earth Power|p2a: Toxapex
|-supereffective|p2a: Toxapex|1
|-damage|p2a: Toxapex|0 fnt
|faint|p2a: Toxapex
|
|-weather|Sandstorm|[upkeep]
|-damage|p2b: Hydreigon|36/100|[from] Sandstorm
|upkeep
|turn|7
|inactive|Battle timer is ON: inactive players will automatically lose when time's up. (requested by kingjdjdjd)
|
|t:|1785716638
|move|p1b: Tyranitar|Rock Slide|p2b: Hydreigon|[miss]
|-miss|p1b: Tyranitar|p2b: Hydreigon
|move|p2b: Hydreigon|Draco Meteor|p1a: Garchomp
|-supereffective|p1a: Garchomp|1
|-damage|p1a: Garchomp|0 fnt
|-unboost|p2b: Hydreigon|spa|2
|faint|p1a: Garchomp
|
|-weather|none
|upkeep
|
|t:|1785716649
|switch|p1a: Rotom|Rotom-Wash, L50|80/100
|turn|8
|
|t:|1785716656
|move|p1b: Tyranitar|Rock Slide|p2b: Hydreigon
|-damage|p2b: Hydreigon|0 fnt
|faint|p2b: Hydreigon
|
|win|GS Barnabe
||kingjdjdjd is ready for game 2.
