|j|☆jay142
|j|☆regalac3
|html|jay142regalac3    
|uhtml|bestof|Game 2 of a best-of-3
|t:|1757034430
|gametype|doubles
|player|p1|jay142|102|1082
|player|p2|regalac3|n|1164
|gen|9
|tier|[Gen 9] VGC 2025 Reg H (Bo3)
|rated|
|rule|Species Clause: Limit one of each Pokémon
|rule|Item Clause: Limit 1 of each item
|clearpoke
|poke|p1|Kingambit, L50, F|
|poke|p1|Rillaboom, L50, F|
|poke|p1|Electabuzz, L50, M|
|poke|p1|Volcarona, L50, M|
|poke|p1|Sneasler, L50, F|
|poke|p1|Dragonite, L50, F|
|poke|p2|Pelipper, L50, F|
|poke|p2|Basculegion, L50, M|
|poke|p2|Archaludon, L50, F|
|poke|p2|Annihilape, L50, F|
|poke|p2|Rillaboom, L50, F|
|poke|p2|Maushold-Four, L50|
|teampreview|4
|showteam|p1|Kingambit||BlackGlasses|Defiant|Protect,KowtowCleave,SuckerPunch,SwordsDance|||F|||50|,,,,,Dark]Rillaboom||AssaultVest|GrassySurge|WoodHammer,GrassyGlide,HighHorsepower,FakeOut|||F|||50|,,,,,Fire]Electabuzz||Eviolite|VitalSpirit|Protect,Thunderbolt,HelpingHand,FollowMe|||M|||50|,,,,,Ghost]Volcarona||CovertCloak|FlameBody|Protect,HeatWave,TeraBlast,QuiverDance|||M|||50|,,,,,Fairy]Sneasler||FocusSash|Unburden|CloseCombat,DireClaw,Coaching,FakeOut|||F|||50|,,,,,Stellar]Dragonite||LoadedDice|Multiscale|ScaleShot,Haze,ExtremeSpeed,Protect|||F|||50|,,,,,Fairy
|showteam|p2|Pelipper||FocusSash|Drizzle|Hurricane,WeatherBall,WideGuard,Protect|||F|||50|,,,,,Stellar]Basculegion||LifeOrb|SwiftSwim|WaveCrash,LastRespects,AquaJet,Protect|||M|||50|,,,,,Water]Archaludon||AssaultVest|Stamina|FlashCannon,DracoMeteor,ElectroShot,BodyPress|||F|||50|,,,,,Bug]Annihilape||Leftovers|Defiant|RageFist,DrainPunch,BulkUp,Protect|||F|||50|,,,,,Fire]Rillaboom||LoadedDice|GrassySurge|BulletSeed,GrassyGlide,HighHorsepower,FakeOut|||F|||50|,,,,,Water]Maushold-Four||SafetyGoggles|FriendGuard|BeatUp,FollowMe,Taunt,Protect||||||50|,,,,,Ghost
|inactive|Battle timer is ON: inactive players will automatically lose when time's up. (requested by regalac3)
|inactive|regalac3 has 60 seconds left.
|
|t:|1757034469
|teamsize|p1|4
|teamsize|p2|4
|start
|switch|p1a: Joao|Rillaboom, L50, F|100/100
|switch|p1b: Djed|Volcarona, L50, M|100/100
|switch|p2a: Rillaboom|Rillaboom, L50, F|100/100
|switch|p2b: Archaludon|Archaludon, L50, F|100/100
|-fieldstart|move: Grassy Terrain|[from] ability: Grassy Surge|[of] p2a: Rillaboom
|turn|1
|
|t:|1757034483
|move|p1a: Joao|Fake Out|p2a: Rillaboom
|-damage|p2a: Rillaboom|86/100
|move|p1b: Djed|Quiver Dance|p1b: Djed
|-boost|p1b: Djed|spa|1
|-boost|p1b: Djed|spd|1
|-boost|p1b: Djed|spe|1
|cant|p2a: Rillaboom|flinch
|move|p2b: Archaludon|Body Press|p1b: Djed
|-resisted|p1b: Djed
|-damage|p1b: Djed|87/100
|
|-heal|p1b: Djed|94/100|[from] Grassy Terrain
|-heal|p2a: Rillaboom|92/100|[from] Grassy Terrain
|upkeep
|turn|2
|
|t:|1757034497
|switch|p1a: Bergvall|Electabuzz, L50, M|100/100
|move|p1b: Djed|Protect|p1b: Djed
|-singleturn|p1b: Djed|Protect
|move|p2a: Rillaboom|Bullet Seed|p2b: Archaludon
|-resisted|p2b: Archaludon
|-damage|p2b: Archaludon|97/100
|-ability|p2b: Archaludon|Stamina|boost
|-boost|p2b: Archaludon|def|1
|-resisted|p2b: Archaludon
|-damage|p2b: Archaludon|95/100
|-ability|p2b: Archaludon|Stamina|boost
|-boost|p2b: Archaludon|def|1
|-resisted|p2b: Archaludon
|-damage|p2b: Archaludon|94/100
|-ability|p2b: Archaludon|Stamina|boost
|-boost|p2b: Archaludon|def|1
|-resisted|p2b: Archaludon
|-damage|p2b: Archaludon|93/100
|-ability|p2b: Archaludon|Stamina|boost
|-boost|p2b: Archaludon|def|1
|-hitcount|p2b: Archaludon|4
|move|p2b: Archaludon|Body Press|p1b: Djed
|-activate|p1b: Djed|move: Protect
|
|-heal|p1b: Djed|99/100|[from] Grassy Terrain
|-heal|p2a: Rillaboom|98/100|[from] Grassy Terrain
|-heal|p2b: Archaludon|99/100|[from] Grassy Terrain
|upkeep
|turn|3
|
|t:|1757034514
|-terastallize|p1a: Bergvall|Ghost
|-terastallize|p2a: Rillaboom|Water
|move|p1a: Bergvall|Follow Me|p1a: Bergvall
|-singleturn|p1a: Bergvall|move: Follow Me
|move|p1b: Djed|Heat Wave|p2a: Rillaboom|[spread] p2a,p2b
|-resisted|p2a: Rillaboom
|-damage|p2a: Rillaboom|68/100
|-damage|p2b: Archaludon|62/100
|-ability|p2b: Archaludon|Stamina|boost
|-boost|p2b: Archaludon|def|1
|move|p2a: Rillaboom|High Horsepower|p1a: Bergvall
|-damage|p1a: Bergvall|76/100
|move|p2b: Archaludon|Body Press|p1a: Bergvall
|-immune|p1a: Bergvall
|
|-heal|p1b: Djed|100/100|[from] Grassy Terrain
|-heal|p1a: Bergvall|82/100|[from] Grassy Terrain
|-heal|p2a: Rillaboom|74/100|[from] Grassy Terrain
|-heal|p2b: Archaludon|68/100|[from] Grassy Terrain
|upkeep
|turn|4
|
|t:|1757034530
|move|p1a: Bergvall|Follow Me|p1a: Bergvall
|-singleturn|p1a: Bergvall|move: Follow Me
|move|p1b: Djed|Quiver Dance|p1b: Djed
|-boost|p1b: Djed|spa|1
|-boost|p1b: Djed|spd|1
|-boost|p1b: Djed|spe|1
|move|p2a: Rillaboom|Bullet Seed|p1a: Bergvall
|-damage|p1a: Bergvall|70/100
|-damage|p1a: Bergvall|56/100
|-damage|p1a: Bergvall|43/100
|-damage|p1a: Bergvall|30/100
|-damage|p1a: Bergvall|17/100
|-hitcount|p1a: Bergvall|5
|move|p2b: Archaludon|Flash Cannon|p1a: Bergvall
|-damage|p1a: Bergvall|0 fnt
|faint|p1a: Bergvall
|
|-heal|p2a: Rillaboom|80/100|[from] Grassy Terrain
|-heal|p2b: Archaludon|74/100|[from] Grassy Terrain
|upkeep
|
|t:|1757034532
|switch|p1a: Joao|Rillaboom, L50, F|100/100
|turn|5
|
|t:|1757034555
|move|p1a: Joao|Fake Out|p2b: Archaludon
|-resisted|p2b: Archaludon
|-damage|p2b: Archaludon|73/100
|-ability|p2b: Archaludon|Stamina|boost
|-boost|p2b: Archaludon|def|1
|move|p1b: Djed|Heat Wave|p2b: Archaludon|[spread] p2a,p2b
|-resisted|p2a: Rillaboom
|-damage|p2a: Rillaboom|41/100
|-damage|p2b: Archaludon|27/100
|move|p2a: Rillaboom|High Horsepower|p1b: Djed
|-damage|p1b: Djed|61/100
|cant|p2b: Archaludon|flinch
|
|-heal|p1b: Djed|68/100|[from] Grassy Terrain
|-heal|p2a: Rillaboom|47/100|[from] Grassy Terrain
|-heal|p2b: Archaludon|33/100|[from] Grassy Terrain
|-fieldend|move: Grassy Terrain
|upkeep
|turn|6
|
|t:|1757034577
|move|p1b: Djed|Heat Wave|p2b: Archaludon|[spread] p2a
|-miss|p1b: Djed|p2b: Archaludon
|-resisted|p2a: Rillaboom
|-damage|p2a: Rillaboom|10/100
|move|p2a: Rillaboom|High Horsepower|p1b: Djed
|-damage|p1b: Djed|29/100
|move|p1a: Joao|Grassy Glide|p2a: Rillaboom
|-supereffective|p2a: Rillaboom
|-damage|p2a: Rillaboom|0 fnt
|faint|p2a: Rillaboom
|move|p2b: Archaludon|Body Press|p1b: Djed
|-resisted|p1b: Djed
|-damage|p1b: Djed|0 fnt
|faint|p1b: Djed
|
|upkeep
|
|t:|1757034590
|switch|p1b: Cuti|Kingambit, L50, F|100/100
|switch|p2a: Maushold|Maushold-Four, L50|100/100
|turn|7
|-message|jay142 forfeited.
|raw|jay142's rating: 1082 → 1065(-17 for losing)
|raw|regalac3's rating: 1164 → 1183(+19 for winning)
|
|win|regalac3
|l|☆jay142
|player|p1|
