|j|☆imonx6pace!
|j|☆bananapanner
|html|imonx6pace!bananapanner    
|uhtml|bestof|Game 3 of a best-of-3
|t:|1784602433
|gametype|doubles
|player|p1|imonx6pace!|rocketgrunt|1100
|player|p2|bananapanner|wattson|1085
|gen|9
|tier|[Gen 9 Champions] VGC 2026 Reg M-B (Bo3)
|rated|
|rule|Species Clause: Limit one of each Pokémon
|rule|Item Clause: Limit 1 of each item
|clearpoke
|poke|p1|Sinistcha, L50|
|poke|p1|Aerodactyl, L50, F|
|poke|p1|Sneasler, L50, M|
|poke|p1|Incineroar, L50, M|
|poke|p1|Garchomp, L50, F|
|poke|p1|Delphox, L50, F|
|poke|p2|Pelipper, L50, M|
|poke|p2|Archaludon, L50, F, shiny|
|poke|p2|Sinistcha-Masterpiece, L50|
|poke|p2|Grimmsnarl, L50, M, shiny|
|poke|p2|Swampert, L50, F|
|poke|p2|Gholdengo, L50|
|teampreview|4
|showteam|p1|Sinistcha||SitrusBerry|Hospitality|MatchaGotcha,RagePowder,LifeDew,TrickRoom|Calm|||||50|]Aerodactyl||FocusSash|Unnerve|Tailwind,RockSlide,DualWingbeat,Protect|Jolly||F|||50|]Sneasler||WhiteHerb|Unburden|FakeOut,DireClaw,CloseCombat,Protect|Jolly||M|||50|]Incineroar||ChopleBerry|Intimidate|FakeOut,PartingShot,FlareBlitz,ThroatChop|Careful||M|||50|]Garchomp||LifeOrb|RoughSkin|Earthquake,RockSlide,Protect,DragonClaw|Jolly||F|||50|]Delphox||Delphoxite|Blaze|NastyPlot,HeatWave,Psychic,Protect|Timid||F|||50|
|showteam|p2|Pelipper||SitrusBerry|Drizzle|WeatherBall,Hurricane,Tailwind,WideGuard|Modest||M|||50|]Archaludon||Leftovers|Stamina|ElectroShot,DragonPulse,FlashCannon,Protect|Modest||F|||50|]Sinistcha-Masterpiece||ColburBerry|Hospitality|MatchaGotcha,LifeDew,RagePowder,Protect|Bold|||||50|]Grimmsnarl||LightClay|Prankster|LightScreen,Taunt,PartingShot,FoulPlay|Careful||M|||50|]Swampert||Swampertite|Torrent|Earthquake,WaveCrash,IcePunch,Protect|Adamant||F|||50|]Gholdengo||LifeOrb|GoodasGold|NastyPlot,MakeItRain,ShadowBall,Protect|Modest|||||50|
|
|t:|1784602453
|teamsize|p1|4
|teamsize|p2|4
|start
|switch|p1a: Aerodactyl|Aerodactyl, L50, F|100/100
|switch|p1b: Incineroar|Incineroar, L50, M|100/100
|switch|p2a: Gholdengo|Gholdengo, L50|100/100
|switch|p2b: Grimmsnarl|Grimmsnarl, L50, M, shiny|100/100
|-ability|p1a: Aerodactyl|Unnerve
|-ability|p1b: Incineroar|Intimidate|boost
|-unboost|p2a: Gholdengo|atk|1
|-unboost|p2b: Grimmsnarl|atk|1
|turn|1
|inactive|Battle timer is ON: inactive players will automatically lose when time's up. (requested by imonx6pace!)
|
|t:|1784602479
|move|p2b: Grimmsnarl|Parting Shot|p1a: Aerodactyl
|-unboost|p1a: Aerodactyl|atk|1
|-unboost|p1a: Aerodactyl|spa|1
|
|t:|1784602489
|switch|p2b: Sinkmouth|Pelipper, L50, M|100/100|[from] Parting Shot
|-weather|RainDance|[from] ability: Drizzle|[of] p2b: Sinkmouth
|move|p1a: Aerodactyl|Rock Slide|p2a: Gholdengo|[spread] p2a,p2b
|-resisted|p2a: Gholdengo|1
|-supereffective|p2b: Sinkmouth|1
|-damage|p2a: Gholdengo|90/100
|-damage|p2b: Sinkmouth|66/100
|move|p2a: Gholdengo|Make It Rain|p1b: Incineroar|[spread] p1a,p1b
|-supereffective|p1a: Aerodactyl|1
|-resisted|p1b: Incineroar|1
|-enditem|p1a: Aerodactyl|Focus Sash
|-damage|p1a: Aerodactyl|1/100
|-damage|p1b: Incineroar|74/100
|-unboost|p2a: Gholdengo|spa|2
|-damage|p2a: Gholdengo|80/100|[from] item: Life Orb
|move|p1b: Incineroar|Throat Chop|p2a: Gholdengo
|-supereffective|p2a: Gholdengo|1
|-damage|p2a: Gholdengo|3/100
|-start|p2a: Gholdengo|Throat Chop|[silent]
|
|-weather|RainDance|[upkeep]
|upkeep
|turn|2
|
|t:|1784602508
|move|p1a: Aerodactyl|Tailwind|p1a: Aerodactyl
|-sidestart|p1: imonx6pace!|move: Tailwind
|move|p1b: Incineroar|Parting Shot|p2a: Gholdengo
|-immune|p2a: Gholdengo|[from] ability: Good as Gold
|move|p2a: Gholdengo|Make It Rain|p1b: Incineroar|[spread] p1a,p1b
|-supereffective|p1a: Aerodactyl|1
|-resisted|p1b: Incineroar|1
|-damage|p1a: Aerodactyl|0 fnt
|-damage|p1b: Incineroar|63/100
|-unboost|p2a: Gholdengo|spa|2
|faint|p1a: Aerodactyl
|-damage|p2a: Gholdengo|0 fnt|[from] item: Life Orb
|faint|p2a: Gholdengo
|move|p2b: Sinkmouth|Tailwind|p2b: Sinkmouth
|-sidestart|p2: bananapanner|move: Tailwind
|
|-weather|RainDance|[upkeep]
|upkeep
|inactive|bananapanner has 30 seconds left.
|
|t:|1784602535
|switch|p1a: Sinistcha|Sinistcha, L50|100/100
|switch|p2a: BollockBuster|Swampert, L50, F|100/100
|-heal|p1b: Incineroar|88/100|[from] ability: Hospitality|[of] p1a: Sinistcha
|turn|3
|
|t:|1784602554
|detailschange|p2a: BollockBuster|Swampert-Mega, L50, F
|-mega|p2a: BollockBuster|Swampert|Swampertite
|move|p2a: BollockBuster|Ice Punch|p1a: Sinistcha
|-supereffective|p1a: Sinistcha|1
|-damage|p1a: Sinistcha|44/100
|-enditem|p1a: Sinistcha|Sitrus Berry|[eat]
|-heal|p1a: Sinistcha|69/100|[from] item: Sitrus Berry
|move|p2b: Sinkmouth|Hurricane|p1a: Sinistcha
|-supereffective|p1a: Sinistcha|1
|-damage|p1a: Sinistcha|0 fnt
|faint|p1a: Sinistcha
|move|p1b: Incineroar|Parting Shot|p2a: BollockBuster
|-unboost|p2a: BollockBuster|atk|1
|-unboost|p2a: BollockBuster|spa|1
|
|t:|1784602563
|switch|p1b: Delphox|Delphox, L50, F|100/100|[from] Parting Shot
|
|-weather|RainDance|[upkeep]
|upkeep
|
|t:|1784602565
|switch|p1a: Incineroar|Incineroar, L50, M|88/100
|-ability|p1a: Incineroar|Intimidate|boost
|-unboost|p2a: BollockBuster|atk|1
|-unboost|p2b: Sinkmouth|atk|1
|turn|4
|
|t:|1784602572
|switch|p2a: Grimmsnarl|Grimmsnarl, L50, M, shiny|100/100
|detailschange|p1b: Delphox|Delphox-Mega, L50, F
|-mega|p1b: Delphox|Delphox|Delphoxite
|move|p1a: Incineroar|Fake Out|p2b: Sinkmouth
|-damage|p2b: Sinkmouth|55/100
|move|p1b: Delphox|Nasty Plot|p1b: Delphox
|-boost|p1b: Delphox|spa|2
|cant|p2b: Sinkmouth|flinch
|
|-weather|RainDance|[upkeep]
|upkeep
|turn|5
|
|t:|1784602594
|move|p2a: Grimmsnarl|Light Screen|p2a: Grimmsnarl
|-sidestart|p2: bananapanner|move: Light Screen
|move|p1b: Delphox|Psychic|p2b: Sinkmouth
|-damage|p2b: Sinkmouth|0 fnt
|faint|p2b: Sinkmouth
|move|p1a: Incineroar|Parting Shot|p2a: Grimmsnarl
|-unboost|p2a: Grimmsnarl|atk|1
|-unboost|p2a: Grimmsnarl|spa|1
|
|-weather|none
|-sideend|p1: imonx6pace!|move: Tailwind
|-sideend|p2: bananapanner|move: Tailwind
|upkeep
|
|t:|1784602598
|switch|p2b: BollockBuster|Swampert-Mega, L50, F|100/100
|turn|6
|
|t:|1784602613
|move|p1b: Delphox|Protect|p1b: Delphox
|-singleturn|p1b: Delphox|Protect
|move|p2a: Grimmsnarl|Parting Shot|p1b: Delphox
|-activate|p1b: Delphox|move: Protect
|move|p2b: BollockBuster|Wave Crash|p1b: Delphox
|-activate|p1b: Delphox|move: Protect
|move|p1a: Incineroar|Parting Shot|p2b: BollockBuster
|-unboost|p2b: BollockBuster|atk|1
|-unboost|p2b: BollockBuster|spa|1
|
|upkeep
|turn|7
|
|t:|1784602624
|move|p2a: Grimmsnarl|Parting Shot|p1b: Delphox
|-unboost|p1b: Delphox|atk|1
|-unboost|p1b: Delphox|spa|1
|move|p1b: Delphox|Psychic|p2b: BollockBuster
|-damage|p2b: BollockBuster|52/100
|move|p2b: BollockBuster|Wave Crash|p1b: Delphox
|-supereffective|p1b: Delphox|1
|-damage|p1b: Delphox|0 fnt
|faint|p1b: Delphox
|-damage|p2b: BollockBuster|25/100|[from] Recoil
|move|p1a: Incineroar|Parting Shot|p2b: BollockBuster
|-unboost|p2b: BollockBuster|atk|1
|-unboost|p2b: BollockBuster|spa|1
|
|upkeep
|turn|8
|c|☆bananapanner|lol im cooked gg
|c|☆imonx6pace!|gg
|c|☆bananapanner|oh what
|
|t:|1784602643
|move|p2b: BollockBuster|Earthquake|p1a: Incineroar|[spread] p2a,p1a
|-supereffective|p1a: Incineroar|1
|-damage|p2a: Grimmsnarl|77/100
|-damage|p1a: Incineroar|46/100
|move|p1a: Incineroar|Throat Chop|p2b: BollockBuster
|-damage|p2b: BollockBuster|1/100
|-start|p2b: BollockBuster|Throat Chop|[silent]
|move|p2a: Grimmsnarl|Foul Play|p1a: Incineroar
|-resisted|p1a: Incineroar|1
|-damage|p1a: Incineroar|30/100
|
|upkeep
|turn|9
|-message|imonx6pace! forfeited.
|
|win|bananapanner
|raw|imonx6pace!'s rating: 1100 → 1074(-26 for losing)
|raw|bananapanner's rating: 1085 → 1113(+28 for winning)
