|j|☆mansamusa456
|j|☆LaserDedenee
|html|mansamusa456LaserDedenee    
|uhtml|bestof|Game 2 of a best-of-3
|t:|1786173544
|gametype|doubles
|player|p1|mansamusa456|102|1133
|player|p2|LaserDedenee|102|1000
|gen|9
|tier|[Gen 9 Champions] VGC 2026 Reg M-B (Bo3)
|rated|
|rule|Species Clause: Limit one of each Pokémon
|rule|Item Clause: Limit 1 of each item
|clearpoke
|poke|p1|Delphox, L50, F, shiny|
|poke|p1|Whimsicott, L50, M, shiny|
|poke|p1|Samurott-Hisui, L50, F, shiny|
|poke|p1|Maushold-Four, L50|
|poke|p1|Lopunny, L50, F, shiny|
|poke|p1|Gholdengo, L50|
|poke|p2|Raichu, L50, F|
|poke|p2|Sylveon, L50, F|
|poke|p2|Arcanine-Hisui, L50, F|
|poke|p2|Kingambit, L50, F|
|poke|p2|Farigiraf, L50, M|
|poke|p2|Staraptor, L50, M|
|teampreview|4
|showteam|p1|Delphox||Delphoxite|Blaze|HeatWave,Protect,CalmMind,Psychic|Timid||F|||50|]Whimsicott||MentalHerb|Prankster|Encore,Tailwind,EnergyBall,Protect|Bold||M|||50|]Samurott-Hisui||LifeOrb|Sharpness|AquaCutter,AquaJet,KnockOff,Protect|Jolly||F|||50|]Maushold-Four||FocusSash|FriendGuard|Protect,Taunt,FollowMe,SuperFang|Timid|||||50|]Lopunny||Lopunnite|Limber|FakeOut,Uturn,Protect,CloseCombat|Jolly||F|||50|]Gholdengo||Leftovers|GoodasGold|ShadowBall,MakeItRain,Protect,NastyPlot|Timid|||||50|
|showteam|p2|Raichu||RaichuniteY|LightningRod|Protect,ZapCannon,FocusBlast,FakeOut|Timid||F|||50|]Sylveon||FairyFeather|Pixilate|Detect,HyperVoice,HyperBeam,QuickAttack|Modest||F|||50|]Arcanine-Hisui||FocusSash|RockHead|Protect,FlareBlitz,HeadSmash,ExtremeSpeed|Jolly||F|||50|]Kingambit||LifeOrb|Defiant|Protect,KowtowCleave,SwordsDance,SuckerPunch|Adamant||F|||50|]Farigiraf||SitrusBerry|ArmorTail|Protect,Psychic,HelpingHand,TrickRoom|Calm||M|||50|]Staraptor||Staraptite|Intimidate|Protect,DualWingbeat,CloseCombat,Tailwind|Jolly||M|||50|
|inactive|Battle timer is ON: inactive players will automatically lose when time's up. (requested by mansamusa456)
|inactive|LaserDedenee has 60 seconds left.
|
|t:|1786173589
|teamsize|p1|4
|teamsize|p2|4
|start
|switch|p1a: Lopunny|Lopunny, L50, F, shiny|100/100
|switch|p1b: Gholdengo|Gholdengo, L50|100/100
|switch|p2a: Raichu|Raichu, L50, F|100/100
|switch|p2b: Arcanine|Arcanine-Hisui, L50, F|100/100
|turn|1
|
|t:|1786173606
|detailschange|p1a: Lopunny|Lopunny-Mega, L50, F, shiny
|-mega|p1a: Lopunny|Lopunny|Lopunnite
|detailschange|p2a: Raichu|Raichu-Mega-Y, L50, F
|-mega|p2a: Raichu|Raichu|Raichunite Y
|move|p1a: Lopunny|Fake Out|p2a: Raichu
|-damage|p2a: Raichu|65/100
|cant|p2a: Raichu|flinch
|move|p2b: Arcanine|Flare Blitz|p1b: Gholdengo
|-supereffective|p1b: Gholdengo|1
|-damage|p1b: Gholdengo|0 fnt
|faint|p1b: Gholdengo
|
|upkeep
|
|t:|1786173617
|switch|p1b: Samurott|Samurott-Hisui, L50, F, shiny|100/100
|turn|2
|inactive|LaserDedenee has 30 seconds left.
|inactive|LaserDedenee has 20 seconds left.
|
|t:|1786173653
|move|p1a: Lopunny|Protect|p1a: Lopunny
|-singleturn|p1a: Lopunny|Protect
|move|p2a: Raichu|Focus Blast|p1a: Lopunny
|-activate|p1a: Lopunny|move: Protect
|move|p2b: Arcanine|Head Smash|p1a: Lopunny
|-activate|p1a: Lopunny|move: Protect
|move|p1b: Samurott|Aqua Cutter|p2b: Arcanine
|-supereffective|p2b: Arcanine|2
|-crit|p2b: Arcanine
|-enditem|p2b: Arcanine|Focus Sash
|-damage|p2b: Arcanine|1/100
|-damage|p1b: Samurott|90/100|[from] item: Life Orb
|
|upkeep
|turn|3
|inactive|LaserDedenee has 30 seconds left.
|
|t:|1786173684
|move|p2a: Raichu|Protect|p2a: Raichu
|-singleturn|p2a: Raichu|Protect
|move|p2b: Arcanine|Protect|p2b: Arcanine
|-singleturn|p2b: Arcanine|Protect
|move|p1a: Lopunny|Close Combat|p2a: Raichu
|-activate|p2a: Raichu|move: Protect
|move|p1b: Samurott|Knock Off|p2b: Arcanine
|-activate|p2b: Arcanine|move: Protect
|
|upkeep
|turn|4
|
|t:|1786173700
|move|p1a: Lopunny|Close Combat|p2a: Raichu
|-damage|p2a: Raichu|0 fnt
|-unboost|p1a: Lopunny|def|1
|-unboost|p1a: Lopunny|spd|1
|faint|p2a: Raichu
|move|p2b: Arcanine|Flare Blitz|p1a: Lopunny
|-damage|p1a: Lopunny|0 fnt
|faint|p1a: Lopunny
|move|p1b: Samurott|Knock Off|p2b: Arcanine
|-damage|p2b: Arcanine|0 fnt
|faint|p2b: Arcanine
|-damage|p1b: Samurott|80/100|[from] item: Life Orb
|
|upkeep
|
|t:|1786173713
|switch|p1a: Maushold|Maushold-Four, L50|100/100
|switch|p2a: Sylveon|Sylveon, L50, F|100/100
|switch|p2b: Kingambit|Kingambit, L50, F|100/100
|turn|5
|
|t:|1786173729
|move|p1b: Samurott|Protect|p1b: Samurott
|-singleturn|p1b: Samurott|Protect
|move|p1a: Maushold|Super Fang|p2a: Sylveon
|-damage|p2a: Sylveon|50/100g
|move|p2a: Sylveon|Hyper Voice|p1a: Maushold|[spread] p1a
|-activate|p1b: Samurott|move: Protect
|-damage|p1a: Maushold|44/100
|move|p2b: Kingambit|Kowtow Cleave|p1b: Samurott
|-activate|p1b: Samurott|move: Protect
|
|upkeep
|turn|6
|
|t:|1786173753
|move|p1a: Maushold|Super Fang|p2b: Kingambit
|-damage|p2b: Kingambit|50/100g
|move|p1b: Samurott|Aqua Cutter|p2b: Kingambit
|-damage|p2b: Kingambit|4/100
|-damage|p1b: Samurott|71/100|[from] item: Life Orb
|move|p2a: Sylveon|Hyper Voice|p1a: Maushold|[spread] p1a,p1b
|-supereffective|p1b: Samurott|1
|-damage|p1a: Maushold|0 fnt
|-damage|p1b: Samurott|0 fnt
|faint|p1a: Maushold
|faint|p1b: Samurott
|
|win|LaserDedenee
