|j|☆Viophire
|j|☆calamella
|html|Viophirecalamella    
|uhtml|bestof|Game 1 of a best-of-3
|t:|1783608074
|gametype|doubles
|player|p1|Viophire|rosa|1087
|player|p2|calamella|li|1186
|gen|9
|tier|[Gen 9 Champions] VGC 2026 Reg M-B (Bo3)
|rated|
|rule|Species Clause: Limit one of each Pokémon
|rule|Item Clause: Limit 1 of each item
|clearpoke
|poke|p1|Charizard, L50, M|
|poke|p1|Sylveon, L50, F, shiny|
|poke|p1|Sinistcha, L50|
|poke|p1|Sneasler, L50, F|
|poke|p1|Incineroar, L50, F|
|poke|p1|Metagross, L50, shiny|
|poke|p2|Charizard, L50, M|
|poke|p2|Aerodactyl, L50, M|
|poke|p2|Kingambit, L50, F|
|poke|p2|Farigiraf, L50, F|
|poke|p2|Garchomp, L50, F|
|poke|p2|Sylveon, L50, M|
|teampreview|4
|showteam|p1|Charizard||CharizarditeX|Blaze|FlareBlitz,DragonClaw,DragonDance,Protect|Adamant||M|||50|]Sylveon||FairyFeather|Pixilate|Moonblast,HyperVoice,CalmMind,Detect|Modest||F|||50|]Sinistcha||Leftovers|Hospitality|MatchaGotcha,LifeDew,RagePowder,Protect|Bold|||||50|]Sneasler||WhiteHerb|Unburden|FakeOut,DireClaw,CloseCombat,Coaching|Jolly||F|||50|]Incineroar||SitrusBerry|Intimidate|FakeOut,FlareBlitz,ThroatChop,PartingShot|Adamant||F|||50|]Metagross||Metagrossite|ClearBody|IronHead,PsychicFangs,IcePunch,Protect|Jolly|||||50|
|showteam|p2|Charizard||CharizarditeY|Blaze|HeatWave,SolarBeam,WeatherBall,Protect|Modest||M|||50|]Aerodactyl||Aerodactylite|Unnerve|RockSlide,DualWingbeat,IceFang,Tailwind|Jolly||M|||50|]Kingambit||FocusSash|Defiant|KowtowCleave,IronHead,SuckerPunch,LowKick|Adamant||F|||50|]Farigiraf||SitrusBerry|ArmorTail|Psychic,Thunderbolt,TrickRoom,Protect|Bold||F|||50|]Garchomp||LifeOrb|RoughSkin|Earthquake,DragonClaw,StompingTantrum,Protect|Jolly||F|||50|]Sylveon||FairyFeather|Pixilate|HyperVoice,HyperBeam,QuickAttack,Protect|Modest||M|||50|
|
|t:|1783608144
|teamsize|p1|4
|teamsize|p2|4
|start
|switch|p1a: Sneasler|Sneasler, L50, F|100/100
|switch|p1b: Daring Tact|Sylveon, L50, F, shiny|100/100
|switch|p2a: Charizard|Charizard, L50, M|100/100
|switch|p2b: Aerodactyl|Aerodactyl, L50, M|100/100
|-ability|p2b: Aerodactyl|Unnerve
|turn|1
|
|t:|1783608168
|switch|p2a: Farigiraf|Farigiraf, L50, F|100/100
|move|p1a: Sneasler|Fake Out||[still]
|cant|p2a: Farigiraf|ability: Armor Tail|Fake Out|[of] p1a: Sneasler
|move|p2b: Aerodactyl|Dual Wingbeat|p1a: Sneasler
|-supereffective|p1a: Sneasler|1
|-damage|p1a: Sneasler|45/100
|-supereffective|p1a: Sneasler|1
|-damage|p1a: Sneasler|0 fnt
|faint|p1a: Sneasler
|-hitcount|p1: Sneasler|2
|move|p1b: Daring Tact|Calm Mind|p1b: Daring Tact
|-boost|p1b: Daring Tact|spa|1
|-boost|p1b: Daring Tact|spd|1
|
|upkeep
|
|t:|1783608183
|switch|p1a: Secretariat|Metagross, L50, shiny|100/100
|turn|2
|
|t:|1783608223
|switch|p2a: Kingambit|Kingambit, L50, F|100/100
|detailschange|p1a: Secretariat|Metagross-Mega, L50, shiny
|-mega|p1a: Secretariat|Metagross|Metagrossite
|move|p2b: Aerodactyl|Rock Slide|p1a: Secretariat|[spread] p1a,p1b
|-resisted|p1a: Secretariat|1
|-damage|p1a: Secretariat|92/100
|-damage|p1b: Daring Tact|75/100
|move|p1a: Secretariat|Iron Head|p2b: Aerodactyl
|-supereffective|p2b: Aerodactyl|1
|-damage|p2b: Aerodactyl|0 fnt
|faint|p2b: Aerodactyl
|move|p1b: Daring Tact|Calm Mind|p1b: Daring Tact
|-boost|p1b: Daring Tact|spa|1
|-boost|p1b: Daring Tact|spd|1
|
|upkeep
|
|t:|1783608237
|switch|p2b: Charizard|Charizard, L50, M|100/100
|turn|3
|
|t:|1783608259
|detailschange|p2b: Charizard|Charizard-Mega-Y, L50, M
|-mega|p2b: Charizard|Charizard|Charizardite Y
|-weather|SunnyDay|[from] ability: Drought|[of] p2b: Charizard
|move|p1a: Secretariat|Protect|p1a: Secretariat
|-singleturn|p1a: Secretariat|Protect
|move|p1b: Daring Tact|Detect|p1b: Daring Tact
|-singleturn|p1b: Daring Tact|Protect
|move|p2b: Charizard|Weather Ball|p1a: Secretariat
|-activate|p1a: Secretariat|move: Protect
|move|p2a: Kingambit|Iron Head|p1b: Daring Tact
|-activate|p1b: Daring Tact|move: Protect
|
|-weather|SunnyDay|[upkeep]
|upkeep
|turn|4
|
|t:|1783608275
|switch|p1a: Mannhantan Cafe|Sinistcha, L50|100/100
|-heal|p1b: Daring Tact|100/100|[from] ability: Hospitality|[of] p1a: Mannhantan Cafe
|move|p2b: Charizard|Weather Ball|p1a: Mannhantan Cafe
|-supereffective|p1a: Mannhantan Cafe|1
|-damage|p1a: Mannhantan Cafe|0 fnt
|faint|p1a: Mannhantan Cafe
|move|p2a: Kingambit|Iron Head|p1b: Daring Tact
|-supereffective|p1b: Daring Tact|1
|-damage|p1b: Daring Tact|0 fnt
|faint|p1b: Daring Tact
|
|-weather|SunnyDay|[upkeep]
|upkeep
|
|t:|1783608287
|switch|p1b: Secretariat|Metagross-Mega, L50, shiny|92/100
|turn|5
|
|t:|1783608293
|move|p1b: Secretariat|Iron Head|p2b: Charizard
|-resisted|p2b: Charizard|1
|-damage|p2b: Charizard|73/100
|move|p2b: Charizard|Weather Ball|p1b: Secretariat
|-supereffective|p1b: Secretariat|1
|-damage|p1b: Secretariat|0 fnt
|faint|p1b: Secretariat
|
|win|calamella
||Viophire is ready for game 2.
||calamella is ready for game 2.
|uhtml|next|Next: Game 2 of 3
|l|☆Viophire
|player|p1|
