|j|☆Truevillany123
|j|☆Notaplaceofhonor
|html|Truevillany123Notaplaceofhonor    
|uhtml|bestof|Game 1 of a best-of-3
|t:|1757115365
|gametype|doubles
|player|p1|Truevillany123|1|1127
|player|p2|Notaplaceofhonor|juan-gen3|1184
|gen|9
|tier|[Gen 9] VGC 2025 Reg H (Bo3)
|rated|
|rule|Species Clause: Limit one of each Pokémon
|rule|Item Clause: Limit 1 of each item
|clearpoke
|poke|p1|Ursaluna-Bloodmoon, L50, M|
|poke|p1|Gholdengo, L50|
|poke|p1|Dragonite, L50, M|
|poke|p1|Sneasler, L50, M|
|poke|p1|Incineroar, L50, M|
|poke|p1|Amoonguss, L50, F|
|poke|p2|Dondozo, L50, M|
|poke|p2|Tatsugiri, L50, F|
|poke|p2|Glimmora, L50, F|
|poke|p2|Talonflame, L50, F|
|poke|p2|Gholdengo, L50|
|poke|p2|Annihilape, L50, F|
|teampreview|4
|showteam|p1|Ursaluna-Bloodmoon||AssaultVest|MindsEye|BloodMoon,EarthPower,VacuumWave,HyperVoice|||M|||50|,,,,,Water]Gholdengo||LifeOrb|GoodasGold|Protect,MakeItRain,ShadowBall,NastyPlot||||||50|,,,,,Water]Dragonite||LoadedDice|Multiscale|ScaleShot,Tailwind,Haze,Protect|||M|||50|,,,,,Fairy]Sneasler||FocusSash|Unburden|Protect,DireClaw,CloseCombat,ThroatChop|||M|||50|,,,,,Stellar]Incineroar||SafetyGoggles|Intimidate|KnockOff,PartingShot,FlareBlitz,FakeOut|||M|||50|,,,,,Ghost]Amoonguss||SitrusBerry|Regenerator|RagePowder,Spore,PollenPuff,Protect|||F|||50|,,,,,Psychic
|showteam|p2|Dondozo||Leftovers|Unaware|Protect,WaveCrash,OrderUp,Earthquake|||M|||50|,,,,,Grass]Tatsugiri||FocusSash|Commander|Protect,DragonPulse,DracoMeteor,MuddyWater|||F|||50|,,,,,Stellar]Glimmora||PowerHerb|ToxicDebris|SpikyShield,MeteorBeam,SludgeBomb,EarthPower|||F|||50|,,,,,Grass]Talonflame||LifeOrb|GaleWings|Protect,Tailwind,BraveBird,FlareBlitz|||F|||50|,,,,,Flying]Gholdengo||ChoiceSpecs|GoodasGold|MakeItRain,ShadowBall,Thunderbolt,Trick||||||50|,,,,,Steel]Annihilape||SafetyGoggles|Defiant|CloseCombat,FinalGambit,RageFist,Taunt|||F|||50|,,,,,Fire
|inactive|Battle timer is ON: inactive players will automatically lose when time's up. (requested by Truevillany123)
|
|t:|1757115437
|teamsize|p1|4
|teamsize|p2|4
|start
|switch|p1a: Sneasler|Sneasler, L50, M|100/100
|switch|p1b: Dragonite|Dragonite, L50, M|100/100
|switch|p2a: Talonflame|Talonflame, L50, F|100/100
|switch|p2b: Glimmora|Glimmora, L50, F|100/100
|turn|1
|
|t:|1757115457
|-terastallize|p1a: Sneasler|Stellar
|move|p1b: Dragonite|Protect|p1b: Dragonite
|-singleturn|p1b: Dragonite|Protect
|move|p2a: Talonflame|Brave Bird|p1b: Dragonite
|-activate|p1b: Dragonite|move: Protect
|move|p1a: Sneasler|Dire Claw|p2a: Talonflame
|-damage|p2a: Talonflame|10/100
|-status|p2a: Talonflame|slp
|move|p2b: Glimmora|Meteor Beam||[still]
|-prepare|p2b: Glimmora|Meteor Beam
|-boost|p2b: Glimmora|spa|1
|-enditem|p2b: Glimmora|Power Herb
|-anim|p2b: Glimmora|Meteor Beam|p1b: Dragonite
|-activate|p1b: Dragonite|move: Protect
|
|upkeep
|turn|2
|inactive|Truevillany123 has 30 seconds left.
|inactive|Notaplaceofhonor has 30 seconds left.
|
|t:|1757115489
|move|p1a: Sneasler|Dire Claw|p2a: Talonflame
|-damage|p2a: Talonflame|0 fnt
|faint|p2a: Talonflame
|move|p2b: Glimmora|Earth Power|p1a: Sneasler
|-supereffective|p1a: Sneasler
|-enditem|p1a: Sneasler|Focus Sash
|-damage|p1a: Sneasler|1/100
|-unboost|p1a: Sneasler|spd|1
|move|p1b: Dragonite|Tailwind|p1b: Dragonite
|-sidestart|p1: Truevillany123|move: Tailwind
|
|upkeep
|inactive|Notaplaceofhonor has 30 seconds left.
|
|t:|1757115519
|switch|p2a: Annihilape|Annihilape, L50, F|100/100
|turn|3
|inactive|Truevillany123 has 30 seconds left.
|inactive|Truevillany123 has 20 seconds left.
|
|t:|1757115554
|move|p1a: Sneasler|Throat Chop|p2a: Annihilape
|-damage|p2a: Annihilape|68/100
|-start|p2a: Annihilape|Throat Chop|[silent]
|move|p1b: Dragonite|Scale Shot|p2a: Annihilape
|-damage|p2a: Annihilape|51/100
|-damage|p2a: Annihilape|35/100
|-damage|p2a: Annihilape|19/100
|-damage|p2a: Annihilape|2/100
|-damage|p2a: Annihilape|0 fnt
|faint|p2a: Annihilape
|-hitcount|p2: Annihilape|5
|-unboost|p1b: Dragonite|def|1
|-boost|p1b: Dragonite|spe|1
|move|p2b: Glimmora|Sludge Bomb|p1a: Sneasler
|-resisted|p1a: Sneasler
|-damage|p1a: Sneasler|0 fnt
|faint|p1a: Sneasler
|
|upkeep
|
|t:|1757115573
|switch|p1a: Incineroar|Incineroar, L50, M|100/100
|switch|p2a: Gholdengo|Gholdengo, L50|100/100
|-ability|p1a: Incineroar|Intimidate|boost
|-unboost|p2a: Gholdengo|atk|1
|-unboost|p2b: Glimmora|atk|1
|turn|4
|
|t:|1757115598
|move|p2b: Glimmora|Spiky Shield|p2b: Glimmora
|-singleturn|p2b: Glimmora|move: Protect
|move|p1b: Dragonite|Scale Shot|p2b: Glimmora
|-activate|p2b: Glimmora|move: Protect
|move|p1a: Incineroar|Flare Blitz|p2a: Gholdengo
|-supereffective|p2a: Gholdengo
|-damage|p2a: Gholdengo|0 fnt
|faint|p2a: Gholdengo
|-damage|p1a: Incineroar|71/100|[from] Recoil
|
|upkeep
|turn|5
|
|t:|1757115612
|move|p1b: Dragonite|Scale Shot|p2b: Glimmora
|-damage|p2b: Glimmora|81/100
|-activate|p2b: Glimmora|ability: Toxic Debris
|-sidestart|p1: Truevillany123|move: Toxic Spikes
|-damage|p2b: Glimmora|63/100
|-activate|p2b: Glimmora|ability: Toxic Debris
|-sidestart|p1: Truevillany123|move: Toxic Spikes
|-damage|p2b: Glimmora|46/100
|-damage|p2b: Glimmora|29/100
|-crit|p2b: Glimmora
|-damage|p2b: Glimmora|0 fnt
|faint|p2b: Glimmora
|-hitcount|p2: Glimmora|5
|
|win|Truevillany123
