|j|☆Ryan Hawkins
|j|☆taj11
|html|Ryan Hawkinstaj11    
|uhtml|bestof|Game 3 of a best-of-3
|t:|1757836728
|gametype|doubles
|player|p1|Ryan Hawkins|170|1055
|player|p2|taj11|265|1171
|gen|9
|tier|[Gen 9] VGC 2025 Reg H (Bo3)
|rated|
|rule|Species Clause: Limit one of each Pokémon
|rule|Item Clause: Limit 1 of each item
|clearpoke
|poke|p1|Murkrow, L50, F|
|poke|p1|Arcanine-Hisui, L50, F|
|poke|p1|Venusaur, L50, F|
|poke|p1|Farigiraf, L50, M|
|poke|p1|Indeedee-F, L50, F|
|poke|p1|Ursaluna-Bloodmoon, L50, M|
|poke|p2|Volcarona, L50, F|
|poke|p2|Rillaboom, L50, M|
|poke|p2|Baxcalibur, L50, M|
|poke|p2|Kingambit, L50, M|
|poke|p2|Sneasler, L50, F|
|poke|p2|Dondozo, L50, M|
|teampreview|4
|showteam|p1|Murkrow||Eviolite|Prankster|Protect,Tailwind,SunnyDay,FoulPlay|||F|||50|,,,,,Ghost]Arcanine-Hisui||ClearAmulet|Intimidate|Protect,RockSlide,FlareBlitz,CloseCombat|||F|||50|,,,,,Fighting]Venusaur||Leftovers|Chlorophyll|Protect,SleepPowder,GigaDrain,SludgeBomb|||F|||50|,,,,,Water]Farigiraf||SafetyGoggles|CudChew|Protect,TeraBlast,ExpandingForce,TrickRoom|||M|||50|,,,,,Dark]Indeedee-F||PsychicSeed|PsychicSurge|Protect,FollowMe,HealPulse,Psychic|||F|||50|,,,,,Stellar]Ursaluna-Bloodmoon||LifeOrb|MindsEye|Protect,Moonblast,BloodMoon,EarthPower|||M|||50|,,,,,Fairy
|showteam|p2|Volcarona||CovertCloak|FlameBody|HeatWave,TeraBlast,QuiverDance,RagePowder|||F|||50|,,,,,Fairy]Rillaboom||AssaultVest|GrassySurge|WoodHammer,GrassyGlide,HighHorsepower,FakeOut|||M|||50|,,,,,Water]Baxcalibur||LoadedDice|ThermalExchange|IceShard,ScaleShot,IcicleSpear,Protect|||M|||50|,,,,,Ghost]Kingambit||BlackGlasses|Defiant|KowtowCleave,SuckerPunch,SwordsDance,Protect|||M|||50|,,,,,Ghost]Sneasler||FocusSash|PoisonTouch|CloseCombat,DireClaw,Coaching,FakeOut|||F|||50|,,,,,Stellar]Dondozo||Leftovers|Unaware|Protect,Liquidation,Yawn,Fissure|||M|||50|,,,,,Poison
|inactive|Battle timer is ON: inactive players will automatically lose when time's up. (requested by Ryan Hawkins)
|
|t:|1757836754
|teamsize|p1|4
|teamsize|p2|4
|start
|switch|p1a: Venusaur|Venusaur, L50, F, shiny|100/100
|switch|p1b: Murkrow|Murkrow, L50, F, shiny|100/100
|switch|p2a: Kingsman|Kingambit, L50, M|100/100
|switch|p2b: Godchilla|Baxcalibur, L50, M|100/100
|turn|1
|
|t:|1757836770
|switch|p2a: BoomBoom|Rillaboom, L50, M|100/100
|-fieldstart|move: Grassy Terrain|[from] ability: Grassy Surge|[of] p2a: BoomBoom
|move|p2b: Godchilla|Protect|p2b: Godchilla
|-singleturn|p2b: Godchilla|Protect
|move|p1b: Murkrow|Tailwind|p1b: Murkrow
|-sidestart|p1: Ryan Hawkins|move: Tailwind
|move|p1a: Venusaur|Sleep Powder|p2b: Godchilla
|-activate|p2b: Godchilla|move: Protect
|
|upkeep
|turn|2
|
|t:|1757836786
|switch|p1b: Farigiraf|Farigiraf, L50, M, shiny|100/100
|move|p2a: BoomBoom|Fake Out|p1a: Venusaur
|-damage|p1a: Venusaur|87/100
|cant|p1a: Venusaur|flinch
|move|p2b: Godchilla|Icicle Spear|p1b: Farigiraf
|-damage|p1b: Farigiraf|85/100
|-damage|p1b: Farigiraf|68/100
|-damage|p1b: Farigiraf|52/100
|-damage|p1b: Farigiraf|37/100
|-damage|p1b: Farigiraf|21/100
|-hitcount|p1b: Farigiraf|5
|
|-heal|p1a: Venusaur|93/100|[from] Grassy Terrain
|-heal|p1a: Venusaur|99/100|[from] item: Leftovers
|-heal|p1b: Farigiraf|28/100|[from] Grassy Terrain
|upkeep
|turn|3
|
|t:|1757836807
|move|p2a: BoomBoom|Grassy Glide|p1b: Farigiraf
|-damage|p1b: Farigiraf|0 fnt
|faint|p1b: Farigiraf
|move|p1a: Venusaur|Sleep Powder|p2b: Godchilla
|-status|p2b: Godchilla|slp|[from] move: Sleep Powder
|cant|p2b: Godchilla|slp
|
|-heal|p1a: Venusaur|100/100|[from] Grassy Terrain
|upkeep
|c|☆taj11|bro has wrong ability
|
|t:|1757836818
|switch|p1b: Murkrow|Murkrow, L50, F, shiny|100/100
|turn|4
|
|t:|1757836829
|switch|p2a: Kingsman|Kingambit, L50, M|100/100
|move|p1b: Murkrow|Sunny Day|p1b: Murkrow
|-weather|SunnyDay
|move|p1a: Venusaur|Sludge Bomb|p2a: Kingsman
|-immune|p2a: Kingsman
|cant|p2b: Godchilla|slp
|
|-weather|SunnyDay|[upkeep]
|-sideend|p1: Ryan Hawkins|move: Tailwind
|upkeep
|turn|5
|c|☆Ryan Hawkins|Lol ikr
|
|t:|1757836848
|move|p2a: Kingsman|Protect|p2a: Kingsman
|-singleturn|p2a: Kingsman|Protect
|move|p1b: Murkrow|Tailwind|p1b: Murkrow
|-sidestart|p1: Ryan Hawkins|move: Tailwind
|move|p1a: Venusaur|Sleep Powder|p2a: Kingsman
|-activate|p2a: Kingsman|move: Protect
|cant|p2b: Godchilla|slp
|
|-weather|SunnyDay|[upkeep]
|-fieldend|move: Grassy Terrain
|upkeep
|turn|6
|inactive|Ryan Hawkins has 30 seconds left.
|
|t:|1757836874
|switch|p2a: BoomBoom|Rillaboom, L50, M|100/100
|-fieldstart|move: Grassy Terrain|[from] ability: Grassy Surge|[of] p2a: BoomBoom
|-terastallize|p1a: Venusaur|Water
|move|p1a: Venusaur|Sludge Bomb|p2a: BoomBoom
|-supereffective|p2a: BoomBoom
|-damage|p2a: BoomBoom|47/100
|move|p1b: Murkrow|Foul Play|p2a: BoomBoom
|-damage|p2a: BoomBoom|3/100
|-curestatus|p2b: Godchilla|slp|[msg]
|move|p2b: Godchilla|Icicle Spear|p1a: Venusaur
|-resisted|p1a: Venusaur
|-damage|p1a: Venusaur|92/100
|-resisted|p1a: Venusaur
|-damage|p1a: Venusaur|84/100
|-resisted|p1a: Venusaur
|-damage|p1a: Venusaur|76/100
|-resisted|p1a: Venusaur
|-damage|p1a: Venusaur|67/100
|-hitcount|p1a: Venusaur|4
|
|-weather|SunnyDay|[upkeep]
|-heal|p1a: Venusaur|73/100|[from] Grassy Terrain
|-heal|p1a: Venusaur|79/100|[from] item: Leftovers
|-heal|p2a: BoomBoom|9/100|[from] Grassy Terrain
|upkeep
|turn|7
|inactive|Ryan Hawkins has 30 seconds left.
|inactive|taj11 has 30 seconds left.
|
|t:|1757836903
|switch|p2a: Kingsman|Kingambit, L50, M|100/100
|move|p1a: Venusaur|Sleep Powder|p2b: Godchilla
|-status|p2b: Godchilla|slp|[from] move: Sleep Powder
|move|p1b: Murkrow|Foul Play|p2a: Kingsman
|-resisted|p2a: Kingsman
|-damage|p2a: Kingsman|79/100
|cant|p2b: Godchilla|slp
|
|-weather|SunnyDay|[upkeep]
|-heal|p1a: Venusaur|85/100|[from] Grassy Terrain
|-heal|p1a: Venusaur|91/100|[from] item: Leftovers
|-heal|p2a: Kingsman|85/100|[from] Grassy Terrain
|upkeep
|turn|8
|
|t:|1757836925
|move|p2a: Kingsman|Protect|p2a: Kingsman
|-singleturn|p2a: Kingsman|Protect
|move|p1a: Venusaur|Sludge Bomb|p2b: Godchilla
|-damage|p2b: Godchilla|66/100 slp
|move|p1b: Murkrow|Foul Play|p2b: Godchilla
|-damage|p2b: Godchilla|4/100 slp
|cant|p2b: Godchilla|slp
|
|-weather|none
|-heal|p1a: Venusaur|97/100|[from] Grassy Terrain
|-heal|p1a: Venusaur|100/100|[from] item: Leftovers
|-heal|p2b: Godchilla|9/100 slp|[from] Grassy Terrain
|-heal|p2a: Kingsman|91/100|[from] Grassy Terrain
|-sideend|p1: Ryan Hawkins|move: Tailwind
|upkeep
|turn|9
|
|t:|1757836948
|switch|p2a: BoomBoom|Rillaboom, L50, M|9/100
|move|p1b: Murkrow|Foul Play|p2b: Godchilla
|-damage|p2b: Godchilla|0 fnt
|faint|p2b: Godchilla
|move|p1a: Venusaur|Sleep Powder|p2a: BoomBoom
|-immune|p2a: BoomBoom
|
|-heal|p2a: BoomBoom|15/100|[from] Grassy Terrain
|upkeep
|
|t:|1757836956
|switch|p2b: Kingsman|Kingambit, L50, M|91/100
|turn|10
|
|t:|1757836967
|move|p1b: Murkrow|Protect|p1b: Murkrow
|-singleturn|p1b: Murkrow|Protect
|move|p1a: Venusaur|Protect|p1a: Venusaur
|-singleturn|p1a: Venusaur|Protect
|move|p2a: BoomBoom|Grassy Glide|p1a: Venusaur
|-activate|p1a: Venusaur|move: Protect
|move|p2b: Kingsman|Sucker Punch||[still]
|-fail|p2b: Kingsman
|
|-heal|p2a: BoomBoom|21/100|[from] Grassy Terrain
|-heal|p2b: Kingsman|97/100|[from] Grassy Terrain
|-fieldend|move: Grassy Terrain
|upkeep
|turn|11
|
|t:|1757836981
|switch|p2a: Lè Fish|Dondozo, L50, M|100/100
|move|p1b: Murkrow|Tailwind|p1b: Murkrow
|-sidestart|p1: Ryan Hawkins|move: Tailwind
|move|p1a: Venusaur|Sleep Powder|p2b: Kingsman
|-status|p2b: Kingsman|slp|[from] move: Sleep Powder
|cant|p2b: Kingsman|slp
|
|upkeep
|turn|12
|
|t:|1757837003
|-terastallize|p2a: Lè Fish|Poison
|move|p1b: Murkrow|Foul Play|p2b: Kingsman
|-resisted|p2b: Kingsman
|-damage|p2b: Kingsman|76/100 slp
|move|p1a: Venusaur|Sleep Powder|p2a: Lè Fish
|-status|p2a: Lè Fish|slp|[from] move: Sleep Powder
|cant|p2b: Kingsman|slp
|cant|p2a: Lè Fish|slp
|
|upkeep
|turn|13
|
|t:|1757837021
|move|p1b: Murkrow|Foul Play|p2b: Kingsman
|-resisted|p2b: Kingsman
|-damage|p2b: Kingsman|56/100 slp
|move|p1a: Venusaur|Sludge Bomb|p2a: Lè Fish
|-resisted|p2a: Lè Fish
|-damage|p2a: Lè Fish|88/100 slp
|cant|p2b: Kingsman|slp
|-curestatus|p2a: Lè Fish|slp|[msg]
|move|p2a: Lè Fish|Yawn|p1a: Venusaur
|-start|p1a: Venusaur|move: Yawn|[of] p2a: Lè Fish
|
|-heal|p2a: Lè Fish|94/100|[from] item: Leftovers
|upkeep
|turn|14
|
|t:|1757837039
|switch|p1a: Arcanine|Arcanine-Hisui, L50, F, shiny|100/100
|-ability|p1a: Arcanine|Intimidate|boost
|-unboost|p2a: Lè Fish|atk|1
|-unboost|p2b: Kingsman|atk|1
|-ability|p2b: Kingsman|Defiant|boost
|-boost|p2b: Kingsman|atk|2
|move|p1b: Murkrow|Foul Play|p2b: Kingsman
|-resisted|p2b: Kingsman
|-damage|p2b: Kingsman|22/100 slp
|-curestatus|p2b: Kingsman|slp|[msg]
|move|p2b: Kingsman|Swords Dance|p2b: Kingsman
|-boost|p2b: Kingsman|atk|2
|move|p2a: Lè Fish|Yawn|p1b: Murkrow
|-start|p1b: Murkrow|move: Yawn|[of] p2a: Lè Fish
|
|-heal|p2a: Lè Fish|99/100|[from] item: Leftovers
|-sideend|p1: Ryan Hawkins|move: Tailwind
|upkeep
|turn|15
|inactive|Ryan Hawkins has 30 seconds left.
|inactive|taj11 has 30 seconds left.
|
|t:|1757837069
|switch|p1b: Venusaur|Venusaur, L50, F, shiny, tera:Water|100/100
|move|p2b: Kingsman|Sucker Punch|p1a: Arcanine
|-damage|p1a: Arcanine|0 fnt
|faint|p1a: Arcanine
|move|p2a: Lè Fish|Liquidation|p1b: Venusaur
|-resisted|p1b: Venusaur
|-damage|p1b: Venusaur|90/100
|-unboost|p1b: Venusaur|def|1
|
|-heal|p1b: Venusaur|96/100|[from] item: Leftovers
|-heal|p2a: Lè Fish|100/100|[from] item: Leftovers
|upkeep
|
|t:|1757837080
|switch|p1a: Murkrow|Murkrow, L50, F, shiny|100/100
|turn|16
|
|t:|1757837087
|move|p1a: Murkrow|Tailwind|p1a: Murkrow
|-sidestart|p1: Ryan Hawkins|move: Tailwind
|move|p2b: Kingsman|Sucker Punch||[still]
|-fail|p2b: Kingsman
|move|p1b: Venusaur|Sleep Powder|p2b: Kingsman
|-status|p2b: Kingsman|slp|[from] move: Sleep Powder
|move|p2a: Lè Fish|Yawn|p1b: Venusaur
|-start|p1b: Venusaur|move: Yawn|[of] p2a: Lè Fish
|
|-heal|p1b: Venusaur|100/100|[from] item: Leftovers
|upkeep
|turn|17
|
|t:|1757837103
|cant|p2b: Kingsman|slp
|move|p2a: Lè Fish|Protect|p2a: Lè Fish
|-singleturn|p2a: Lè Fish|Protect
|move|p1a: Murkrow|Foul Play|p2b: Kingsman
|-resisted|p2b: Kingsman
|-damage|p2b: Kingsman|0 fnt
|faint|p2b: Kingsman
|move|p1b: Venusaur|Sleep Powder|p2a: Lè Fish
|-activate|p2a: Lè Fish|move: Protect
|
|-end|p1b: Venusaur|move: Yawn|[silent]
|-status|p1b: Venusaur|slp
|upkeep
|
|t:|1757837106
|switch|p2b: BoomBoom|Rillaboom, L50, M|21/100
|-fieldstart|move: Grassy Terrain|[from] ability: Grassy Surge|[of] p2b: BoomBoom
|turn|18
|
|t:|1757837123
|cant|p1b: Venusaur|slp
|move|p2b: BoomBoom|Grassy Glide|p1b: Venusaur
|-supereffective|p1b: Venusaur
|-damage|p1b: Venusaur|2/100 slp
|move|p1a: Murkrow|Foul Play|p2b: BoomBoom
|-damage|p2b: BoomBoom|0 fnt
|faint|p2b: BoomBoom
|move|p2a: Lè Fish|Yawn|p1a: Murkrow
|-start|p1a: Murkrow|move: Yawn|[of] p2a: Lè Fish
|
|-heal|p1b: Venusaur|8/100 slp|[from] Grassy Terrain
|-heal|p1b: Venusaur|14/100 slp|[from] item: Leftovers
|upkeep
|turn|19
|
|t:|1757837140
|cant|p1b: Venusaur|slp
|move|p1a: Murkrow|Sunny Day|p1a: Murkrow
|-weather|SunnyDay
|move|p2a: Lè Fish|Liquidation|p1b: Venusaur
|-resisted|p1b: Venusaur
|-damage|p1b: Venusaur|10/100 slp
|
|-weather|SunnyDay|[upkeep]
|-heal|p1b: Venusaur|16/100 slp|[from] Grassy Terrain
|-heal|p1b: Venusaur|22/100 slp|[from] item: Leftovers
|-end|p1a: Murkrow|move: Yawn|[silent]
|-status|p1a: Murkrow|slp
|-sideend|p1: Ryan Hawkins|move: Tailwind
|upkeep
|turn|20
|
|t:|1757837151
|cant|p1a: Murkrow|slp
|cant|p1b: Venusaur|slp
|move|p2a: Lè Fish|Fissure|p1b: Venusaur
|-damage|p1b: Venusaur|0 fnt
|faint|p1b: Venusaur
|-ohko
|
|-weather|SunnyDay|[upkeep]
|upkeep
|turn|21
|
|t:|1757837160
|cant|p1a: Murkrow|slp
|move|p2a: Lè Fish|Liquidation|p1a: Murkrow
|-damage|p1a: Murkrow|87/100 slp
|
|-weather|SunnyDay|[upkeep]
|upkeep
|turn|22
|
|t:|1757837173
|cant|p1a: Murkrow|slp
|move|p2a: Lè Fish|Yawn||[still]
|-fail|p2a: Lè Fish
|
|-weather|SunnyDay|[upkeep]
|-fieldend|move: Grassy Terrain
|upkeep
|turn|23
|
|t:|1757837179
|-curestatus|p1a: Murkrow|slp|[msg]
|move|p1a: Murkrow|Foul Play|p2a: Lè Fish
|-damage|p2a: Lè Fish|82/100
|move|p2a: Lè Fish|Yawn|p1a: Murkrow
|-start|p1a: Murkrow|move: Yawn|[of] p2a: Lè Fish
|
|-weather|none
|-heal|p2a: Lè Fish|88/100|[from] item: Leftovers
|upkeep
|turn|24
|-message|Ryan Hawkins forfeited.
|raw|Ryan Hawkins's rating: 1055 → 1043(-12 for losing)
|raw|taj11's rating: 1171 → 1188(+17 for winning)
|
|win|taj11
|l|☆Ryan Hawkins
|player|p1|
|l|☆taj11
|player|p2|
