|j|☆Sark_RL
|j|☆Bellbottoms
|html|Sark_RLBellbottoms    
|uhtml|bestof|Game 3 of a best-of-3
|t:|1757246386
|gametype|doubles
|player|p1|Sark_RL|rika|
|player|p2|Bellbottoms|pokemonbreederf-gen4|
|gen|9
|tier|[Gen 9] VGC 2025 Reg H (Bo3)
|rule|Species Clause: Limit one of each Pokémon
|rule|Item Clause: Limit 1 of each item
|clearpoke
|poke|p1|Tyranitar, L50, M|
|poke|p1|Corviknight, L50, F|
|poke|p1|Dragapult, L50, M|
|poke|p1|Kilowattrel, L50, F|
|poke|p1|Garchomp, L50, F|
|poke|p1|Volcarona, L50, F|
|poke|p2|Gholdengo, L50|
|poke|p2|Rillaboom, L50, F|
|poke|p2|Arcanine-Hisui, L50, F|
|poke|p2|Sneasler, L50, F|
|poke|p2|Dragonite, L50, F|
|poke|p2|Ninetales-Alola, L50, F|
|teampreview|4
|showteam|p1|Tyranitar||AssaultVest|SandStream|RockSlide,KnockOff,LowKick,TeraBlast|||M|||50|,,,,,Flying]Corviknight||SitrusBerry|MirrorArmor|BraveBird,BodyPress,BulkUp,Roost|||F|||50|,,,,,Fire]Dragapult||LifeOrb|Infiltrator|ShadowBall,DracoMeteor,Flamethrower,Protect|||M|||50|,,,,,Stellar]Kilowattrel||FocusSash|Competitive|Thunderbolt,AirSlash,Tailwind,Protect|||F|||50|,,,,,Stellar]Garchomp||Leftovers|SandVeil|Earthquake,DragonClaw,Substitute,Protect|||F|||50|,,,,,Steel]Volcarona||SafetyGoggles|FlameBody|Overheat,StruggleBug,RagePowder,Tailwind|||F|||50|,,,,,Fairy
|showteam|p2|Gholdengo||GrassySeed|GoodasGold|MakeItRain,NastyPlot,ShadowBall,Protect||||||50|,,,,,Water]Rillaboom||AssaultVest|GrassySurge|DrumBeating,GrassyGlide,FakeOut,HighHorsepower|||F|||50|,,,,,Fire]Arcanine-Hisui||ClearAmulet|Intimidate|RockSlide,FlareBlitz,ExtremeSpeed,Protect|||F|||50|,,,,,Water]Sneasler||WhiteHerb|Unburden|CloseCombat,DireClaw,Coaching,Protect|||F|||50|,,,,,Ghost]Dragonite||LoadedDice|Multiscale|ScaleShot,StompingTantrum,Protect,Tailwind|||F|||50|,,,,,Ground]Ninetales-Alola||FocusSash|SnowWarning|Blizzard,IcyWind,AuroraVeil,Encore|||F|||50|,,,,,Ghost
|
|t:|1757246396
|teamsize|p1|4
|teamsize|p2|4
|start
|switch|p1a: Alphonse|Corviknight, L50, F|100/100
|switch|p1b: Wrath|Garchomp, L50, F|100/100
|switch|p2a: Oguri Cap|Ninetales-Alola, L50, F|100/100
|switch|p2b: Maruzensky|Arcanine-Hisui, L50, F|100/100
|-weather|Snowscape|[from] ability: Snow Warning|[of] p2a: Oguri Cap
|-ability|p2b: Maruzensky|Intimidate|boost
|-ability|p1a: Alphonse|Mirror Armor
|-fail|p2b: Maruzensky|unboost|[from] item: Clear Amulet|[of] p2b: Maruzensky
|-unboost|p1b: Wrath|atk|1
|turn|1
|
|t:|1757246411
|-terastallize|p1a: Alphonse|Fire
|move|p2a: Oguri Cap|Blizzard|p1b: Wrath|[spread] p1a,p1b
|-resisted|p1a: Alphonse
|-supereffective|p1b: Wrath
|-damage|p1a: Alphonse|86/100
|-damage|p1b: Wrath|0 fnt
|faint|p1b: Wrath
|move|p2b: Maruzensky|Flare Blitz|p1a: Alphonse
|-resisted|p1a: Alphonse
|-damage|p1a: Alphonse|66/100
|-damage|p2b: Maruzensky|94/100|[from] Recoil
|move|p1a: Alphonse|Bulk Up|p1a: Alphonse
|-boost|p1a: Alphonse|atk|1
|-boost|p1a: Alphonse|def|1
|
|-weather|Snowscape|[upkeep]
|upkeep
|
|t:|1757246426
|switch|p1b: Roy|Volcarona, L50, F|100/100
|turn|2
|
|t:|1757246443
|move|p2a: Oguri Cap|Encore|p1a: Alphonse
|-start|p1a: Alphonse|Encore
|move|p1b: Roy|Tailwind|p1b: Roy
|-sidestart|p1: Sark_RL|move: Tailwind
|move|p1a: Alphonse|Bulk Up|p1a: Alphonse
|-boost|p1a: Alphonse|atk|1
|-boost|p1a: Alphonse|def|1
|move|p2b: Maruzensky|Rock Slide|p1a: Alphonse|[spread] p1a,p1b
|-supereffective|p1a: Alphonse
|-supereffective|p1b: Roy
|-damage|p1a: Alphonse|46/100
|-damage|p1b: Roy|0 fnt
|-enditem|p1a: Alphonse|Sitrus Berry|[eat]
|-heal|p1a: Alphonse|71/100|[from] item: Sitrus Berry
|faint|p1b: Roy
|
|-weather|Snowscape|[upkeep]
|upkeep
|
|t:|1757246449
|switch|p1b: Envy|Dragapult, L50, M|100/100
|turn|3
|
|t:|1757246455
|move|p1b: Envy|Draco Meteor|p2b: Maruzensky
|-damage|p2b: Maruzensky|0 fnt
|-unboost|p1b: Envy|spa|2
|faint|p2b: Maruzensky
|-damage|p1b: Envy|91/100|[from] item: Life Orb
|move|p2a: Oguri Cap|Blizzard|p1b: Envy|[spread] p1a,p1b
|-resisted|p1a: Alphonse
|-supereffective|p1b: Envy
|-damage|p1a: Alphonse|58/100
|-damage|p1b: Envy|13/100
|move|p1a: Alphonse|Bulk Up|p1a: Alphonse
|-boost|p1a: Alphonse|atk|1
|-boost|p1a: Alphonse|def|1
|
|-weather|Snowscape|[upkeep]
|upkeep
|
|t:|1757246461
|switch|p2b: Gold Ship|Gholdengo, L50, shiny|100/100
|turn|4
|
|t:|1757246464
|switch|p2b: Grass Wonder|Rillaboom, L50, F|100/100
|-fieldstart|move: Grassy Terrain|[from] ability: Grassy Surge|[of] p2b: Grass Wonder
|move|p1b: Envy|Shadow Ball|p2b: Grass Wonder
|-damage|p2b: Grass Wonder|79/100
|-unboost|p2b: Grass Wonder|spd|1
|-damage|p1b: Envy|3/100|[from] item: Life Orb
|move|p2a: Oguri Cap|Blizzard|p1a: Alphonse|[spread] p1a,p1b
|-resisted|p1a: Alphonse
|-crit|p1a: Alphonse
|-supereffective|p1b: Envy
|-damage|p1a: Alphonse|35/100
|-damage|p1b: Envy|0 fnt
|faint|p1b: Envy
|move|p1a: Alphonse|Bulk Up|p1a: Alphonse
|-boost|p1a: Alphonse|atk|1
|-boost|p1a: Alphonse|def|1
|
|-weather|Snowscape|[upkeep]
|-heal|p1a: Alphonse|41/100|[from] Grassy Terrain
|-heal|p2b: Grass Wonder|85/100|[from] Grassy Terrain
|-end|p1a: Alphonse|Encore
|upkeep
|turn|5
|
|t:|1757246476
|move|p2b: Grass Wonder|Fake Out|p1a: Alphonse
|-damage|p1a: Alphonse|37/100
|move|p2a: Oguri Cap|Encore|p1a: Alphonse
|-start|p1a: Alphonse|Encore
|cant|p1a: Alphonse|flinch
|
|-weather|none
|-heal|p1a: Alphonse|43/100|[from] Grassy Terrain
|-heal|p2b: Grass Wonder|91/100|[from] Grassy Terrain
|-sideend|p1: Sark_RL|move: Tailwind
|upkeep
|turn|6
|-message|Sark_RL forfeited.
|
|win|Bellbottoms
|c|☆Bellbottoms|Gg
|c|☆Bellbottoms|That’s a lot scarier
|c|☆Sark_RL|mhm
|l|☆Sark_RL
|player|p1|
|c|☆Bellbottoms|I think if you lead the killo at the wrong time I was in trouble
|l|☆Bellbottoms
|player|p2|
|j|☆Bellbottoms
|player|p2|Bellbottoms|pokemonbreederf-gen4|
