|badge|p2|bronze|gen9doublesou|100-6
|uhtml|medal-msg|Curious what those medals under the avatar are? PS now has Ladder Seasons! For more information, check out the thread on Smogon.
|j|☆M0ckingEJ
|j|☆genesis77
|html|M0ckingEJgenesis77    
|uhtml|bestof|Game 1 of a best-of-3
|t:|1756707205
|gametype|doubles
|player|p1|M0ckingEJ|n|
|player|p2|genesis77|blaine|
|gen|9
|tier|[Gen 9] VGC 2025 Reg H (Bo3)
|rule|Species Clause: Limit one of each Pokémon
|rule|Item Clause: Limit 1 of each item
|clearpoke
|poke|p1|Pelipper, L50, F|
|poke|p1|Archaludon, L50, F|
|poke|p1|Amoonguss, L50, F|
|poke|p1|Kingambit, L50, F|
|poke|p1|Ursaluna, L50, F|
|poke|p1|Overqwil, L50, M|
|poke|p2|Politoed, L50, F|
|poke|p2|Gothitelle, L50, F|
|poke|p2|Kingdra, L50, F|
|poke|p2|Archaludon, L50, F|
|poke|p2|Amoonguss, L50, F|
|poke|p2|Incineroar, L50, F|
|teampreview|4
|showteam|p1|Pelipper||ChoiceScarf|Drizzle|WeatherBall,Hurricane,Surf,Tailwind|||F|||50|,,,,,Flying]Archaludon||AssaultVest|Stamina|FlashCannon,ElectroShot,DracoMeteor,Snarl|||F|||50|,,,,,Grass]Amoonguss||SitrusBerry|Regenerator|Spore,RagePowder,PollenPuff,Protect|||F|||50|,,,,,Fairy]Kingambit||LifeOrb|Defiant|LowKick,SwordsDance,Protect,KowtowCleave|||F|||50|,,,,,Flying]Ursaluna||FlameOrb|Guts|Earthquake,Facade,Protect,HeadlongRush|||F|||50|,,,,,Poison]Overqwil||ClearAmulet|SwiftSwim|GunkShot,Liquidation,ThroatChop,Protect|||M|||50|,,,,,Water
|showteam|p2|Politoed||Leftovers|Drizzle|Protect,WeatherBall,Encore,PerishSong|||F|||50|,,,,,Grass]Gothitelle||SitrusBerry|ShadowTag|Protect,Psychic,TrickRoom,FakeOut|||F|||50|,,,,,Dark]Kingdra||LifeOrb|SwiftSwim|Protect,DracoMeteor,WeatherBall,MuddyWater|||F|||50|,,,,,Stellar]Archaludon||PowerHerb|Sturdy|Protect,ElectroShot,DragonPulse,FlashCannon|||F|||50|,,,,,Electric]Amoonguss||EjectButton|Regenerator|Protect,Spore,RagePowder,PollenPuff|||F|||50|,,,,,Fairy]Incineroar||SafetyGoggles|Intimidate|Protect,FakeOut,KnockOff,PartingShot|||F|||50|,,,,,Ghost
|inactive|Battle timer is ON: inactive players will automatically lose when time's up. (requested by genesis77)
|inactive|M0ckingEJ has 60 seconds left.
|inactive|genesis77 has 60 seconds left.
|inactive|M0ckingEJ has 30 seconds left.
|
|t:|1756707268
|teamsize|p1|4
|teamsize|p2|4
|start
|switch|p1a: Pelipper|Pelipper, L50, F, shiny|100/100
|switch|p1b: Overqwil|Overqwil, L50, M, shiny|100/100
|switch|p2a: Archaludon|Archaludon, L50, F|100/100
|switch|p2b: Amoonguss|Amoonguss, L50, F|100/100
|-weather|RainDance|[from] ability: Drizzle|[of] p1a: Pelipper
|turn|1
|inactive|M0ckingEJ has 30 seconds left.
|inactive|genesis77 has 30 seconds left.
|inactive|M0ckingEJ has 20 seconds left.
|
|t:|1756707307
|switch|p1a: Archaludon|Archaludon, L50, F, shiny|100/100
|move|p1b: Overqwil|Gunk Shot|p2b: Amoonguss|[miss]
|-miss|p1b: Overqwil|p2b: Amoonguss
|move|p2a: Archaludon|Electro Shot||[still]
|-prepare|p2a: Archaludon|Electro Shot
|-boost|p2a: Archaludon|spa|1
|-anim|p2a: Archaludon|Electro Shot|p1a: Archaludon
|-resisted|p1a: Archaludon
|-damage|p1a: Archaludon|76/100
|-ability|p1a: Archaludon|Stamina|boost
|-boost|p1a: Archaludon|def|1
|move|p2b: Amoonguss|Spore|p1b: Overqwil
|-status|p1b: Overqwil|slp|[from] move: Spore
|
|-weather|RainDance|[upkeep]
|upkeep
|turn|2
|inactive|M0ckingEJ has 30 seconds left.
|inactive|genesis77 has 30 seconds left.
|inactive|M0ckingEJ has 20 seconds left.
|inactive|M0ckingEJ has 15 seconds left.
|
|t:|1756707348
|switch|p1b: Kingambit|Kingambit, L50, F, shiny|100/100
|-terastallize|p1a: Archaludon|Grass
|move|p2a: Archaludon|Electro Shot||[still]
|-prepare|p2a: Archaludon|Electro Shot
|-boost|p2a: Archaludon|spa|1
|-anim|p2a: Archaludon|Electro Shot|p1b: Kingambit
|-damage|p1b: Kingambit|16/100
|move|p1a: Archaludon|Snarl|p2a: Archaludon|[spread] p2a,p2b
|-damage|p2a: Archaludon|82/100
|-damage|p2b: Amoonguss|89/100
|-unboost|p2a: Archaludon|spa|1
|-unboost|p2b: Amoonguss|spa|1
|-enditem|p2b: Amoonguss|Eject Button
|
|t:|1756707358
|switch|p2b: Politoed|Politoed, L50, F|100/100
|
|-weather|RainDance|[upkeep]
|upkeep
|turn|3
|
|t:|1756707376
|-terastallize|p2b: Politoed|Grass
|move|p1b: Kingambit|Protect|p1b: Kingambit
|-singleturn|p1b: Kingambit|Protect
|move|p2a: Archaludon|Electro Shot||[still]
|-prepare|p2a: Archaludon|Electro Shot
|-boost|p2a: Archaludon|spa|1
|-anim|p2a: Archaludon|Electro Shot|p1b: Kingambit
|-activate|p1b: Kingambit|move: Protect
|move|p1a: Archaludon|Draco Meteor|p2a: Archaludon
|-damage|p2a: Archaludon|0 fnt
|-unboost|p1a: Archaludon|spa|2
|faint|p2a: Archaludon
|move|p2b: Politoed|Encore|p1a: Archaludon
|-start|p1a: Archaludon|Encore
|
|-weather|RainDance|[upkeep]
|upkeep
|
|t:|1756707398
|switch|p2a: Amoonguss|Amoonguss, L50, F|100/100
|turn|4
|
|t:|1756707414
|switch|p1a: Pelipper|Pelipper, L50, F, shiny|100/100
|move|p2b: Politoed|Weather Ball|p1b: Kingambit
|-damage|p1b: Kingambit|0 fnt
|faint|p1b: Kingambit
|move|p2a: Amoonguss|Spore|p1a: Pelipper
|-status|p1a: Pelipper|slp|[from] move: Spore
|
|-weather|RainDance|[upkeep]
|upkeep
|
|t:|1756707432
|switch|p1b: Archaludon|Archaludon, L50, F, shiny, tera:Grass|76/100
|turn|5
|
|t:|1756707442
|cant|p1a: Pelipper|slp
|move|p1b: Archaludon|Electro Shot||[still]
|-prepare|p1b: Archaludon|Electro Shot
|-boost|p1b: Archaludon|spa|1
|-anim|p1b: Archaludon|Electro Shot|p2b: Politoed
|-resisted|p2b: Politoed
|-damage|p2b: Politoed|76/100
|move|p2b: Politoed|Perish Song|p2b: Politoed
|-start|p1a: Pelipper|perish3|[silent]
|-start|p1b: Archaludon|perish3|[silent]
|-start|p2a: Amoonguss|perish3|[silent]
|-start|p2b: Politoed|perish3|[silent]
|-fieldactivate|move: Perish Song
|move|p2a: Amoonguss|Pollen Puff|p1b: Archaludon
|-supereffective|p1b: Archaludon
|-damage|p1b: Archaludon|50/100
|-ability|p1b: Archaludon|Stamina|boost
|-boost|p1b: Archaludon|def|1
|
|-weather|none
|-heal|p2b: Politoed|82/100|[from] item: Leftovers
|-start|p1a: Pelipper|perish3
|-start|p1b: Archaludon|perish3
|-start|p2b: Politoed|perish3
|-start|p2a: Amoonguss|perish3
|upkeep
|turn|6
|inactive|M0ckingEJ has 30 seconds left.
|inactive|genesis77 has 30 seconds left.
|
|t:|1756707469
|switch|p1a: Overqwil|Overqwil, L50, M, shiny|100/100 slp
|switch|p2a: Incineroar|Incineroar, L50, F|100/100
|-ability|p2a: Incineroar|Intimidate|boost
|-fail|p1a: Overqwil|unboost|[from] item: Clear Amulet|[of] p1a: Overqwil
|-unboost|p1b: Archaludon|atk|1
|move|p2b: Politoed|Protect|p2b: Politoed
|-singleturn|p2b: Politoed|Protect
|move|p1b: Archaludon|Draco Meteor|p2b: Politoed
|-activate|p2b: Politoed|move: Protect
|
|-heal|p2b: Politoed|88/100|[from] item: Leftovers
|-start|p1b: Archaludon|perish2
|-start|p2b: Politoed|perish2
|upkeep
|turn|7
|inactive|M0ckingEJ has 30 seconds left.
|
|t:|1756707496
|cant|p1a: Overqwil|slp
|move|p2a: Incineroar|Fake Out|p1b: Archaludon
|-damage|p1b: Archaludon|45/100
|-ability|p1b: Archaludon|Stamina|boost
|-boost|p1b: Archaludon|def|1
|cant|p1b: Archaludon|flinch
|move|p2b: Politoed|Weather Ball|p1a: Overqwil
|-damage|p1a: Overqwil|84/100 slp
|
|-heal|p2b: Politoed|94/100|[from] item: Leftovers
|-start|p1b: Archaludon|perish1
|-start|p2b: Politoed|perish1
|upkeep
|turn|8
|inactive|M0ckingEJ has 30 seconds left.
|
|t:|1756707525
|switch|p2b: Amoonguss|Amoonguss, L50, F|100/100
|cant|p1a: Overqwil|slp
|move|p1b: Archaludon|Draco Meteor|p2a: Incineroar
|-damage|p2a: Incineroar|42/100
|-unboost|p1b: Archaludon|spa|2
|move|p2a: Incineroar|Parting Shot|p1b: Archaludon
|-unboost|p1b: Archaludon|atk|1
|-unboost|p1b: Archaludon|spa|1
|
|t:|1756707533
|switch|p2a: Politoed|Politoed, L50, F, tera:Grass|94/100|[from] Parting Shot
|-weather|RainDance|[from] ability: Drizzle|[of] p2a: Politoed
|
|-weather|RainDance|[upkeep]
|-heal|p2a: Politoed|100/100|[from] item: Leftovers
|-start|p1b: Archaludon|perish0
|upkeep
|faint|p1b: Archaludon
|
|t:|1756707535
|switch|p1b: Pelipper|Pelipper, L50, F, shiny|100/100 slp
|turn|9
|
|t:|1756707549
|move|p2b: Amoonguss|Rage Powder|p2b: Amoonguss
|-singleturn|p2b: Amoonguss|move: Rage Powder
|-curestatus|p1a: Overqwil|slp|[msg]
|move|p1a: Overqwil|Gunk Shot|p2b: Amoonguss
|-damage|p2b: Amoonguss|52/100
|cant|p1b: Pelipper|slp
|move|p2a: Politoed|Perish Song|p2a: Politoed
|-start|p1a: Overqwil|perish3|[silent]
|-start|p1b: Pelipper|perish3|[silent]
|-start|p2a: Politoed|perish3|[silent]
|-start|p2b: Amoonguss|perish3|[silent]
|-fieldactivate|move: Perish Song
|
|-weather|RainDance|[upkeep]
|-start|p1a: Overqwil|perish3
|-start|p1b: Pelipper|perish3
|-start|p2a: Politoed|perish3
|-start|p2b: Amoonguss|perish3
|upkeep
|turn|10
|inactive|M0ckingEJ has 30 seconds left.
|
|t:|1756707578
|move|p2a: Politoed|Protect|p2a: Politoed
|-singleturn|p2a: Politoed|Protect
|move|p2b: Amoonguss|Protect|p2b: Amoonguss
|-singleturn|p2b: Amoonguss|Protect
|move|p1a: Overqwil|Gunk Shot|p2a: Politoed
|-activate|p2a: Politoed|move: Protect
|-curestatus|p1b: Pelipper|slp|[msg]
|move|p1b: Pelipper|Hurricane|p2b: Amoonguss
|-activate|p2b: Amoonguss|move: Protect
|
|-weather|RainDance|[upkeep]
|-start|p1a: Overqwil|perish2
|-start|p1b: Pelipper|perish2
|-start|p2a: Politoed|perish2
|-start|p2b: Amoonguss|perish2
|upkeep
|turn|11
|
|t:|1756707593
|switch|p2b: Incineroar|Incineroar, L50, F|42/100
|-ability|p2b: Incineroar|Intimidate|boost
|-fail|p1a: Overqwil|unboost|[from] item: Clear Amulet|[of] p1a: Overqwil
|-unboost|p1b: Pelipper|atk|1
|move|p1a: Overqwil|Gunk Shot|p2a: Politoed
|-supereffective|p2a: Politoed
|-damage|p2a: Politoed|0 fnt
|faint|p2a: Politoed
|move|p1b: Pelipper|Hurricane|p2b: Incineroar
|-damage|p2b: Incineroar|7/100
|-start|p2b: Incineroar|confusion
|
|-weather|RainDance|[upkeep]
|-start|p1a: Overqwil|perish1
|-start|p1b: Pelipper|perish1
|upkeep
|
|t:|1756707600
|switch|p2a: Amoonguss|Amoonguss, L50, F|85/100
|turn|12
|
|t:|1756707607
|-activate|p2b: Incineroar|confusion
|-damage|p2b: Incineroar|0 fnt|[from] confusion
|faint|p2b: Incineroar
|move|p2a: Amoonguss|Protect|p2a: Amoonguss
|-singleturn|p2a: Amoonguss|Protect
|move|p1a: Overqwil|Gunk Shot|p2a: Amoonguss
|-activate|p2a: Amoonguss|move: Protect
|move|p1b: Pelipper|Hurricane|p2a: Amoonguss
|-activate|p2a: Amoonguss|move: Protect
|
|-weather|none
|-start|p1a: Overqwil|perish0
|-start|p1b: Pelipper|perish0
|faint|p1a: Overqwil
|faint|p1b: Pelipper
|
|win|genesis77
||M0ckingEJ is ready for game 2.
||genesis77 is ready for game 2.
|uhtml|next|Next: Game 2 of 3
