|j|☆samki9
|j|☆lets buy packs
|html|samki9lets buy packs    
|uhtml|bestof|Game 1 of a best-of-3
|t:|1783892656
|gametype|doubles
|player|p1|samki9|marshal|1141
|player|p2|lets buy packs|red-masters3|1047
|gen|9
|tier|[Gen 9 Champions] VGC 2026 Reg M-B (Bo3)
|rated|
|rule|Species Clause: Limit one of each Pokémon
|rule|Item Clause: Limit 1 of each item
|clearpoke
|poke|p1|Charizard, L50, F|
|poke|p1|Sneasler, L50, F|
|poke|p1|Ninetales-Alola, L50, M|
|poke|p1|Aerodactyl, L50, F|
|poke|p1|Basculegion, L50, M|
|poke|p1|Mamoswine, L50, F|
|poke|p2|Farigiraf, L50, M|
|poke|p2|Incineroar, L50, F|
|poke|p2|Gardevoir, L50, M, shiny|
|poke|p2|Torkoal, L50, F|
|poke|p2|Mudsdale, L50, M|
|poke|p2|Vivillon-Marine, L50, F|
|teampreview|4
|showteam|p1|Charizard||CharizarditeX|Blaze|DragonClaw,FlareBlitz,Roost,Protect|Adamant||F|||50|]Sneasler||FocusSash|Unburden|FakeOut,DireClaw,CloseCombat,Coaching|Jolly||F|||50|]Ninetales-Alola||LightClay|SnowWarning|Blizzard,IcyWind,AuroraVeil,Protect|Timid||M|||50|]Aerodactyl||Aerodactylite|Unnerve|RockSlide,DualWingbeat,Tailwind,WideGuard|Jolly||F|||50|]Basculegion||ChoiceScarf|Adaptability|WaveCrash,FlipTurn,AquaJet,LastRespects|Jolly||M|||50|]Mamoswine||LifeOrb|Oblivious|IceShard,HighHorsepower,Earthquake,Protect|Serious||F|||50|
|showteam|p2|Farigiraf||ColburBerry|ArmorTail|Psychic,Thunderbolt,TrickRoom,Protect|Sassy||M|||50|]Incineroar||BlackGlasses|Intimidate|FakeOut,PartingShot,FlareBlitz,DarkestLariat|Adamant||F|||50|]Gardevoir||Gardevoirite|Telepathy|HyperVoice,Psychic,TrickRoom,Protect|Quiet||M|||50|]Torkoal||Charcoal|Drought|Eruption,Flamethrower,SolarBeam,Protect|Quiet||F|||50|]Mudsdale||LifeOrb|InnerFocus|Earthquake,HighHorsepower,RockSlide,HeavySlam|Brave||M|||50|]Vivillon-Marine||FocusSash|CompoundEyes|Hurricane,RagePowder,SleepPowder,Protect|Timid||F|||50|
|inactive|Battle timer is ON: inactive players will automatically lose when time's up. (requested by lets buy packs)
|inactive|samki9 has 60 seconds left.
|inactive|lets buy packs has 60 seconds left.
|
|t:|1783892699
|teamsize|p1|4
|teamsize|p2|4
|start
|switch|p1a: Mamoswine|Mamoswine, L50, F|100/100
|switch|p1b: Basculegion|Basculegion, L50, M|100/100
|switch|p2a: Incineroar|Incineroar, L50, F|100/100
|switch|p2b: Farigiraf|Farigiraf, L50, M|100/100
|-ability|p2a: Incineroar|Intimidate|boost
|-fail|p1a: Mamoswine|unboost|Attack|[from] ability: Oblivious|[of] p1a: Mamoswine
|-unboost|p1b: Basculegion|atk|1
|turn|1
|inactive|lets buy packs has 30 seconds left.
|inactive|lets buy packs has 20 seconds left.
|inactive|lets buy packs has 15 seconds left.
|
|t:|1783892743
|move|p1b: Basculegion|Flip Turn|p2a: Incineroar
|-supereffective|p2a: Incineroar|1
|-damage|p2a: Incineroar|56/100
|
|t:|1783892747
|switch|p1b: Charizard|Charizard, L50, F|100/100|[from] Flip Turn
|move|p1a: Mamoswine|Earthquake|p2b: Farigiraf|[spread] p2a,p2b
|-immune|p1b: Charizard
|-supereffective|p2a: Incineroar|1
|-damage|p2a: Incineroar|0 fnt
|-damage|p2b: Farigiraf|56/100
|faint|p2a: Incineroar
|-damage|p1a: Mamoswine|90/100|[from] item: Life Orb
|move|p2b: Farigiraf|Trick Room|p2b: Farigiraf
|-fieldstart|move: Trick Room|[of] p2b: Farigiraf
|
|upkeep
|
|t:|1783892757
|switch|p2a: Mudsdale|Mudsdale, L50, M|100/100
|turn|2
|inactive|lets buy packs has 30 seconds left.
|
|t:|1783892786
|detailschange|p1b: Charizard|Charizard-Mega-X, L50, F
|-mega|p1b: Charizard|Charizard|Charizardite X
|move|p2a: Mudsdale|Heavy Slam|p1a: Mamoswine
|-supereffective|p1a: Mamoswine|1
|-damage|p1a: Mamoswine|4/100
|-damage|p2a: Mudsdale|90/100|[from] item: Life Orb
|move|p2b: Farigiraf|Psychic|p1a: Mamoswine
|-damage|p1a: Mamoswine|0 fnt
|faint|p1a: Mamoswine
|move|p1b: Charizard|Roost||[still]
|-fail|p1b: Charizard|heal
|
|upkeep
|
|t:|1783892800
|switch|p1a: Basculegion|Basculegion, L50, M|100/100
|turn|3
|
|t:|1783892810
|move|p1b: Charizard|Protect|p1b: Charizard
|-singleturn|p1b: Charizard|Protect
|move|p2a: Mudsdale|Rock Slide|p1b: Charizard|[spread] p1a
|-activate|p1b: Charizard|move: Protect
|-damage|p1a: Basculegion|66/100
|-damage|p2a: Mudsdale|80/100|[from] item: Life Orb
|move|p2b: Farigiraf|Thunderbolt|p1a: Basculegion
|-supereffective|p1a: Basculegion|1
|-damage|p1a: Basculegion|13/100
|move|p1a: Basculegion|Wave Crash|p2a: Mudsdale
|-supereffective|p2a: Mudsdale|1
|-damage|p2a: Mudsdale|0 fnt
|faint|p2a: Mudsdale
|-damage|p1a: Basculegion|0 fnt|[from] Recoil
|faint|p1a: Basculegion
|
|upkeep
|
|t:|1783892823
|switch|p2a: Gardevoir|Gardevoir, L50, M, shiny|100/100
|switch|p1a: Ninetales|Ninetales-Alola, L50, M|100/100
|-weather|Snowscape|[from] ability: Snow Warning|[of] p1a: Ninetales
|turn|4
|
|t:|1783892837
|detailschange|p2a: Gardevoir|Gardevoir-Mega, L50, M, shiny
|-mega|p2a: Gardevoir|Gardevoir|Gardevoirite
|move|p2b: Farigiraf|Psychic|p1b: Charizard
|-damage|p1b: Charizard|67/100
|move|p2a: Gardevoir|Hyper Voice|p1a: Ninetales|[spread] p1a,p1b
|-damage|p1a: Ninetales|49/100
|-damage|p1b: Charizard|18/100
|move|p1b: Charizard|Roost|p1b: Charizard
|-heal|p1b: Charizard|68/100
|-singleturn|p1b: Charizard|move: Roost
|move|p1a: Ninetales|Aurora Veil|p1a: Ninetales
|-sidestart|p1: samki9|move: Aurora Veil
|
|-weather|Snowscape|[upkeep]
|upkeep
|turn|5
|
|t:|1783892855
|move|p1b: Charizard|Protect|p1b: Charizard
|-singleturn|p1b: Charizard|Protect
|move|p1a: Ninetales|Protect|p1a: Ninetales
|-singleturn|p1a: Ninetales|Protect
|move|p2b: Farigiraf|Psychic|p1b: Charizard
|-activate|p1b: Charizard|move: Protect
|move|p2a: Gardevoir|Hyper Voice|p1a: Ninetales|[spread] 
|-activate|p1a: Ninetales|move: Protect
|-activate|p1b: Charizard|move: Protect
|
|-weather|Snowscape|[upkeep]
|-fieldend|move: Trick Room
|upkeep
|turn|6
|
|t:|1783892866
|move|p1a: Ninetales|Blizzard|p2b: Farigiraf|[spread] p2a,p2b
|-crit|p2a: Gardevoir
|-damage|p2a: Gardevoir|69/100
|-damage|p2b: Farigiraf|36/100
|move|p1b: Charizard|Flare Blitz|p2b: Farigiraf
|-damage|p2b: Farigiraf|0 fnt
|faint|p2b: Farigiraf
|-damage|p1b: Charizard|54/100|[from] Recoil
|move|p2a: Gardevoir|Hyper Voice|p1a: Ninetales|[spread] p1a,p1b
|-damage|p1a: Ninetales|19/100
|-damage|p1b: Charizard|19/100
|
|-weather|Snowscape|[upkeep]
|upkeep
|turn|7
|
|t:|1783892871
|move|p1a: Ninetales|Blizzard|p2a: Gardevoir
|-damage|p2a: Gardevoir|43/100
|move|p1b: Charizard|Flare Blitz|p2a: Gardevoir
|-damage|p2a: Gardevoir|0 fnt
|faint|p2a: Gardevoir
|-damage|p1b: Charizard|5/100|[from] Recoil
|
|win|samki9
