|j|☆PuppinMusic
|j|☆WASHINGTONGARGACHA
|html|PuppinMusicWASHINGTONGARGACHA    
|uhtml|bestof|Game 2 of a best-of-3
|t:|1757853929
|gametype|doubles
|player|p1|PuppinMusic|guitarist|1082
|player|p2|WASHINGTONGARGACHA|169|1088
|gen|9
|tier|[Gen 9] VGC 2025 Reg H (Bo3)
|rated|
|rule|Species Clause: Limit one of each Pokémon
|rule|Item Clause: Limit 1 of each item
|clearpoke
|poke|p1|Annihilape, L50, F|
|poke|p1|Maushold, L50|
|poke|p1|Ninetales-Alola, L50, F|
|poke|p1|Sneasler, L50, M|
|poke|p1|Rillaboom, L50, M|
|poke|p1|Talonflame, L50, M|
|poke|p2|Typhlosion-Hisui, L50, M|
|poke|p2|Whimsicott, L50, M|
|poke|p2|Dragapult, L50, F|
|poke|p2|Torkoal, L50, F|
|poke|p2|Lilligant-Hisui, L50, F|
|poke|p2|Electabuzz, L50, F|
|teampreview|4
|showteam|p1|Annihilape||Leftovers|Defiant|BulkUp,RageFist,DrainPunch,Protect|||F|||50|,,,,,Fire]Maushold||SafetyGoggles|FriendGuard|FollowMe,Encore,BeatUp,Protect||||||50|,,,,,Ghost]Ninetales-Alola||LightClay|SnowWarning|AuroraVeil,Blizzard,IcyWind,Encore|||F|||50|,,,,,Ghost]Sneasler||GrassySeed|Unburden|FakeOut,DireClaw,CloseCombat,Protect|||M|||50|,,,,,Stellar]Rillaboom||AssaultVest|GrassySurge|FakeOut,GrassyGlide,WoodHammer,Uturn|||M|||50|,,,,,Fire]Talonflame||CovertCloak|GaleWings|Tailwind,DualWingbeat,Taunt,Protect|||M|||50|,,,,,Dark
|showteam|p2|Typhlosion-Hisui||ChoiceSpecs|Blaze|HeatWave,Eruption,ShadowBall,FocusPunch|||M|||50|,,,,,Fire]Whimsicott||CovertCloak|Prankster|Tailwind,Moonblast,SunnyDay,Encore|||M|||50|,,,,,Water]Dragapult||ChoiceBand|ClearBody|Uturn,DragonTail,DragonDarts,PhantomForce|||F|||50|,,,,,Dragon]Torkoal||LifeOrb|Drought|HeatWave,Eruption,Protect,WeatherBall|||F|||50|,,,,,Fire]Lilligant-Hisui||FocusSash|Chlorophyll|CloseCombat,SleepPowder,AfterYou,LeafBlade|||F|||50|,,,,,Ghost]Electabuzz||Eviolite|VitalSpirit|FollowMe,Taunt,Electroweb,Protect|||F|||50|,,,,,Grass
|inactive|Battle timer is ON: inactive players will automatically lose when time's up. (requested by PuppinMusic)
|inactive|PuppinMusic has 60 seconds left.
|
|t:|1757853960
|teamsize|p1|4
|teamsize|p2|4
|start
|switch|p1a: Annihilape|Annihilape, L50, F, shiny|100/100
|switch|p1b: Rillaboom|Rillaboom, L50, M|100/100
|switch|p2a: Typhlosion|Typhlosion-Hisui, L50, M|100/100
|switch|p2b: Electabuzz|Electabuzz, L50, F|100/100
|-fieldstart|move: Grassy Terrain|[from] ability: Grassy Surge|[of] p1b: Rillaboom
|turn|1
|inactive|PuppinMusic has 30 seconds left.
|inactive|PuppinMusic has 20 seconds left.
|
|t:|1757853999
|switch|p1b: Talonflame|Talonflame, L50, M|100/100
|-terastallize|p1a: Annihilape|Fire
|move|p2b: Electabuzz|Follow Me|p2b: Electabuzz
|-singleturn|p2b: Electabuzz|move: Follow Me
|move|p2a: Typhlosion|Eruption|p1a: Annihilape|[spread] p1a,p1b
|-resisted|p1a: Annihilape
|-resisted|p1b: Talonflame
|-damage|p1a: Annihilape|66/100
|-damage|p1b: Talonflame|36/100
|move|p1a: Annihilape|Bulk Up|p1a: Annihilape
|-boost|p1a: Annihilape|atk|1
|-boost|p1a: Annihilape|def|1
|
|-heal|p1a: Annihilape|72/100|[from] Grassy Terrain
|-heal|p1a: Annihilape|78/100|[from] item: Leftovers
|upkeep
|turn|2
|
|t:|1757854019
|-terastallize|p2a: Typhlosion|Fire
|move|p2b: Electabuzz|Follow Me|p2b: Electabuzz
|-singleturn|p2b: Electabuzz|move: Follow Me
|move|p1b: Talonflame|Taunt|p2b: Electabuzz
|-start|p2b: Electabuzz|move: Taunt
|move|p2a: Typhlosion|Eruption|p1a: Annihilape|[spread] p1a,p1b
|-resisted|p1a: Annihilape
|-resisted|p1b: Talonflame
|-damage|p1a: Annihilape|31/100
|-damage|p1b: Talonflame|0 fnt
|faint|p1b: Talonflame
|move|p1a: Annihilape|Drain Punch|p2b: Electabuzz
|-damage|p2b: Electabuzz|46/100
|-heal|p1a: Annihilape|54/100|[from] drain|[of] p2b: Electabuzz
|
|-heal|p2b: Electabuzz|52/100|[from] Grassy Terrain
|-heal|p1a: Annihilape|60/100|[from] Grassy Terrain
|-heal|p1a: Annihilape|66/100|[from] item: Leftovers
|upkeep
|
|t:|1757854035
|switch|p1b: Rillaboom|Rillaboom, L50, M|100/100
|turn|3
|
|t:|1757854045
|switch|p2b: Dragapult|Dragapult, L50, F|100/100
|move|p1b: Rillaboom|Fake Out|p2a: Typhlosion
|-damage|p2a: Typhlosion|77/100
|cant|p2a: Typhlosion|flinch
|move|p1a: Annihilape|Drain Punch|p2b: Dragapult
|-immune|p2b: Dragapult
|
|-heal|p2a: Typhlosion|83/100|[from] Grassy Terrain
|-heal|p1a: Annihilape|72/100|[from] Grassy Terrain
|-heal|p1a: Annihilape|78/100|[from] item: Leftovers
|upkeep
|turn|4
|inactive|PuppinMusic has 30 seconds left.
|
|t:|1757854072
|move|p2b: Dragapult|U-turn|p1b: Rillaboom
|-supereffective|p1b: Rillaboom
|-damage|p1b: Rillaboom|38/100
|
|t:|1757854075
|switch|p2b: Torkoal|Torkoal, L50, F|100/100|[from] U-turn
|-weather|SunnyDay|[from] ability: Drought|[of] p2b: Torkoal
|move|p2a: Typhlosion|Eruption|p1a: Annihilape|[spread] p1a,p1b
|-resisted|p1a: Annihilape
|-supereffective|p1b: Rillaboom
|-damage|p1a: Annihilape|19/100
|-damage|p1b: Rillaboom|0 fnt
|faint|p1b: Rillaboom
|move|p1a: Annihilape|Rage Fist|p2b: Torkoal
|-damage|p2b: Torkoal|3/100
|
|-weather|SunnyDay|[upkeep]
|-heal|p2a: Typhlosion|89/100|[from] Grassy Terrain
|-heal|p1a: Annihilape|25/100|[from] Grassy Terrain
|-heal|p1a: Annihilape|31/100|[from] item: Leftovers
|-heal|p2b: Torkoal|10/100|[from] Grassy Terrain
|upkeep
|
|t:|1757854081
|switch|p1b: Ninetales|Ninetales-Alola, L50, F|100/100
|-weather|Snowscape|[from] ability: Snow Warning|[of] p1b: Ninetales
|turn|5
|
|t:|1757854105
|move|p1b: Ninetales|Icy Wind|p2a: Typhlosion|[spread] p2a,p2b
|-resisted|p2a: Typhlosion
|-resisted|p2b: Torkoal
|-damage|p2a: Typhlosion|80/100
|-damage|p2b: Torkoal|0 fnt
|-unboost|p2a: Typhlosion|spe|1
|faint|p2b: Torkoal
|move|p1a: Annihilape|Drain Punch|p2a: Typhlosion
|-damage|p2a: Typhlosion|0 fnt
|-heal|p1a: Annihilape|59/100|[from] drain|[of] p2a: Typhlosion
|faint|p2a: Typhlosion
|
|-weather|Snowscape|[upkeep]
|-heal|p1a: Annihilape|66/100|[from] Grassy Terrain
|-heal|p1a: Annihilape|72/100|[from] item: Leftovers
|-fieldend|move: Grassy Terrain
|upkeep
|
|t:|1757854118
|switch|p2a: Electabuzz|Electabuzz, L50, F|52/100
|switch|p2b: Dragapult|Dragapult, L50, F|100/100
|turn|6
|
|t:|1757854126
|move|p2a: Electabuzz|Follow Me|p2a: Electabuzz
|-singleturn|p2a: Electabuzz|move: Follow Me
|move|p2b: Dragapult|Dragon Darts|p1a: Annihilape
|-damage|p1a: Annihilape|48/100
|-anim|p2b: Dragapult|Dragon Darts|p1a: Annihilape
|-damage|p1a: Annihilape|22/100
|move|p1b: Ninetales|Blizzard|p2b: Dragapult|[spread] p2a,p2b
|-supereffective|p2b: Dragapult
|-damage|p2a: Electabuzz|31/100
|-damage|p2b: Dragapult|26/100
|move|p1a: Annihilape|Rage Fist|p2a: Electabuzz
|-damage|p2a: Electabuzz|0 fnt
|faint|p2a: Electabuzz
|
|-weather|Snowscape|[upkeep]
|-heal|p1a: Annihilape|28/100|[from] item: Leftovers
|upkeep
|turn|7
|-message|WASHINGTONGARGACHA forfeited.
|
|win|PuppinMusic
