|j|☆Pelosis
|j|☆aztral09
|html|Pelosisaztral09    
|uhtml|bestof|Game 2 of a best-of-3
|t:|1784315341
|gametype|doubles
|player|p1|Pelosis|266|1092
|player|p2|aztral09|170|1119
|gen|9
|tier|[Gen 9 Champions] VGC 2026 Reg M-B (Bo3)
|rated|
|rule|Species Clause: Limit one of each Pokémon
|rule|Item Clause: Limit 1 of each item
|clearpoke
|poke|p1|Mawile, L50, M|
|poke|p1|Farigiraf, L50, F|
|poke|p1|Incineroar, L50, F|
|poke|p1|Torkoal, L50, M|
|poke|p1|Venusaur, L50, F|
|poke|p1|Scrafty, L50, M|
|poke|p2|Aerodactyl, L50, F, shiny|
|poke|p2|Scrafty, L50, M|
|poke|p2|Farigiraf, L50, F|
|poke|p2|Sylveon, L50, M|
|poke|p2|Annihilape, L50, M|
|poke|p2|Sinistcha, L50|
|teampreview|4
|showteam|p1|Mawile||Mawilite|HyperCutter|Protect,PlayRough,RockSlide,SuckerPunch|Brave||M|||50|]Farigiraf||SitrusBerry|ArmorTail|TrickRoom,TwinBeam,Thunderbolt,HelpingHand|Quiet||F|||50|]Incineroar||WhiteHerb|Intimidate|FakeOut,CloseCombat,FlareBlitz,DarkestLariat|Brave||F|||50|]Torkoal||Charcoal|Drought|Protect,Eruption,HeatWave,WeatherBall|Quiet||M|||50|]Venusaur||FocusSash|Chlorophyll|SleepPowder,EarthPower,EnergyBall,SludgeBomb|Modest||F|||50|]Scrafty||Scraftinite|Intimidate|FakeOut,CloseCombat,KnockOff,IcePunch|Brave||M|||50|
|showteam|p2|Aerodactyl||Aerodactylite|Unnerve|RockSlide,Tailwind,IronHead,DualWingbeat|Adamant||F|||50|]Scrafty||Scraftinite|Intimidate|FakeOut,CloseCombat,KnockOff,Detect|Brave||M|||50|]Farigiraf||SitrusBerry|ArmorTail|Psychic,Thunderbolt,TrickRoom,Protect|Modest||F|||50|]Sylveon||FairyFeather|Pixilate|DrainingKiss,HyperVoice,QuickAttack,Detect|Quiet||M|||50|]Annihilape||FocusSash|Defiant|PhantomForce,DrainPunch,RockTomb,Protect|Jolly||M|||50|]Sinistcha||Leftovers|Hospitality|RagePowder,MatchaGotcha,LifeDew,Protect|Modest|||||50|
|inactive|Battle timer is ON: inactive players will automatically lose when time's up. (requested by Pelosis)
|inactive|Pelosis has 60 seconds left.
|inactive|Pelosis has 30 seconds left.
|
|t:|1784315413
|teamsize|p1|4
|teamsize|p2|4
|start
|switch|p1a: Farigiraf|Farigiraf, L50, F|100/100
|switch|p1b: Incineroar|Incineroar, L50, F|100/100
|switch|p2a: Aerodactyl|Aerodactyl, L50, F, shiny|100/100
|switch|p2b: Annihilape|Annihilape, L50, M|100/100
|-ability|p2a: Aerodactyl|Unnerve
|-ability|p1b: Incineroar|Intimidate|boost
|-unboost|p2a: Aerodactyl|atk|1
|-unboost|p2b: Annihilape|atk|1
|-ability|p2b: Annihilape|Defiant|boost
|-boost|p2b: Annihilape|atk|2
|turn|1
|inactive|aztral09 has 30 seconds left.
|
|t:|1784315447
|switch|p2b: Farigiraf|Farigiraf, L50, F|100/100
|detailschange|p2a: Aerodactyl|Aerodactyl-Mega, L50, F, shiny
|-mega|p2a: Aerodactyl|Aerodactyl|Aerodactylite
|move|p1b: Incineroar|Fake Out||[still]
|cant|p2b: Farigiraf|ability: Armor Tail|Fake Out|[of] p1b: Incineroar
|move|p2a: Aerodactyl|Rock Slide|p1b: Incineroar|[spread] p1a,p1b
|-supereffective|p1b: Incineroar|1
|-damage|p1a: Farigiraf|79/100
|-damage|p1b: Incineroar|61/100
|move|p1a: Farigiraf|Trick Room|p1a: Farigiraf
|-fieldstart|move: Trick Room|[of] p1a: Farigiraf
|
|upkeep
|turn|2
|
|t:|1784315468
|move|p1a: Farigiraf|Helping Hand|p1b: Incineroar
|-singleturn|p1b: Incineroar|Helping Hand|[of] p1a: Farigiraf
|move|p1b: Incineroar|Darkest Lariat|p2b: Farigiraf
|-supereffective|p2b: Farigiraf|1
|-damage|p2b: Farigiraf|0 fnt
|faint|p2b: Farigiraf
|move|p2a: Aerodactyl|Rock Slide|p1a: Farigiraf|[spread] p1b
|-miss|p2a: Aerodactyl|p1a: Farigiraf
|-supereffective|p1b: Incineroar|1
|-damage|p1b: Incineroar|18/100
|
|upkeep
|
|t:|1784315478
|switch|p2b: Annihilape|Annihilape, L50, M|100/100
|turn|3
|
|t:|1784315498
|move|p1b: Incineroar|Close Combat|p2a: Aerodactyl
|-damage|p2a: Aerodactyl|47/100
|-unboost|p1b: Incineroar|def|1
|-unboost|p1b: Incineroar|spd|1
|-enditem|p1b: Incineroar|White Herb
|-clearnegativeboost|p1b: Incineroar|[silent]
|move|p1a: Farigiraf|Twin Beam|p2b: Annihilape
|-supereffective|p2b: Annihilape|1
|-damage|p2b: Annihilape|64/100
|-supereffective|p2b: Annihilape|1
|-damage|p2b: Annihilape|27/100
|-hitcount|p2b: Annihilape|2
|move|p2b: Annihilape|Drain Punch|p1a: Farigiraf
|-damage|p1a: Farigiraf|46/100
|-heal|p2b: Annihilape|48/100|[from] drain|[of] p1a: Farigiraf
|-enditem|p1a: Farigiraf|Sitrus Berry|[eat]
|-heal|p1a: Farigiraf|71/100|[from] item: Sitrus Berry
|move|p2a: Aerodactyl|Rock Slide|p1a: Farigiraf|[spread] p1b
|-miss|p2a: Aerodactyl|p1a: Farigiraf
|-supereffective|p1b: Incineroar|1
|-damage|p1b: Incineroar|0 fnt
|faint|p1b: Incineroar
|
|upkeep
|
|t:|1784315519
|switch|p1b: Torkoal|Torkoal, L50, M|100/100
|-weather|SunnyDay|[from] ability: Drought|[of] p1b: Torkoal
|turn|4
|
|t:|1784315531
|move|p2b: Annihilape|Protect|p2b: Annihilape
|-singleturn|p2b: Annihilape|Protect
|move|p1b: Torkoal|Eruption|p2a: Aerodactyl|[spread] p2a
|-activate|p2b: Annihilape|move: Protect
|-resisted|p2a: Aerodactyl|1
|-crit|p2a: Aerodactyl
|-damage|p2a: Aerodactyl|0 fnt
|faint|p2a: Aerodactyl
|move|p1a: Farigiraf|Thunderbolt|p2b: Annihilape
|-activate|p2b: Annihilape|move: Protect
|
|-weather|SunnyDay|[upkeep]
|upkeep
|
|t:|1784315541
|switch|p2a: Scrafty|Scrafty, L50, M|100/100
|-ability|p2a: Scrafty|Intimidate|boost
|-unboost|p1a: Farigiraf|atk|1
|-unboost|p1b: Torkoal|atk|1
|turn|5
|
|t:|1784315549
|move|p2a: Scrafty|Fake Out||[still]
|cant|p1a: Farigiraf|ability: Armor Tail|Fake Out|[of] p2a: Scrafty
|move|p1b: Torkoal|Eruption|p2b: Annihilape|[spread] p2a,p2b
|-damage|p2a: Scrafty|27/100
|-damage|p2b: Annihilape|0 fnt
|faint|p2b: Annihilape
|move|p1a: Farigiraf|Thunderbolt|p2a: Scrafty
|-damage|p2a: Scrafty|5/100
|
|-weather|SunnyDay|[upkeep]
|-fieldend|move: Trick Room
|upkeep
|turn|6
|
|t:|1784315561
|move|p1a: Farigiraf|Thunderbolt|p2a: Scrafty
|-damage|p2a: Scrafty|0 fnt
|faint|p2a: Scrafty
|
|win|Pelosis
||aztral09 is ready for game 3.
