|j|☆abadanriyi92
|j|☆ImAtWorkVGC
|html|abadanriyi92ImAtWorkVGC    
|uhtml|bestof|Game 1 of a best-of-3
|t:|1786039351
|gametype|doubles
|player|p1|abadanriyi92|colress|1247
|player|p2|ImAtWorkVGC|102|1211
|gen|9
|tier|[Gen 9 Champions] VGC 2026 Reg M-B (Bo3)
|rated|
|rule|Species Clause: Limit one of each Pokémon
|rule|Item Clause: Limit 1 of each item
|clearpoke
|poke|p1|Charizard, L50, F|
|poke|p1|Floette-Eternal, L50, F|
|poke|p1|Basculegion, L50, M|
|poke|p1|Garchomp, L50, F|
|poke|p1|Kingambit, L50, M|
|poke|p1|Whimsicott, L50, F|
|poke|p2|Ceruledge, L50, F|
|poke|p2|Raichu, L50, F, shiny|
|poke|p2|Kingambit, L50, F|
|poke|p2|Clefable, L50, F, shiny|
|poke|p2|Ninetales-Alola, L50, F|
|poke|p2|Gyarados, L50, F|
|teampreview|4
|showteam|p1|Charizard||CharizarditeY|Blaze|HeatWave,SolarBeam,WeatherBall,Protect|Modest||F|||50|]Floette-Eternal||Floettite|FlowerVeil|Moonblast,DazzlingGleam,LightofRuin,Protect|Timid||F|||50|]Basculegion||LifeOrb|Adaptability|WaveCrash,AquaJet,LastRespects,Protect|Adamant||M|||50|]Garchomp||SitrusBerry|RoughSkin|Earthquake,RockSlide,Protect,DragonClaw|Adamant||F|||50|]Kingambit||ChopleBerry|Defiant|KowtowCleave,IronHead,SuckerPunch,LowKick|Adamant||M|||50|]Whimsicott||FocusSash|Prankster|Moonblast,Tailwind,Encore,Protect|Timid||F|||50|
|showteam|p2|Ceruledge||Leftovers|FlashFire|Protect,BitterBlade,ShadowSneak,BulkUp|Adamant||F|||50|]Raichu||RaichuniteY|LightningRod|Protect,FakeOut,ZapCannon,FocusBlast|Timid||F|||50|]Kingambit||FocusSash|Defiant|Protect,KowtowCleave,SuckerPunch,IronHead|Adamant||F|||50|]Clefable||KebiaBerry|Unaware|FollowMe,Moonblast,HelpingHand,Protect|Bold||F|||50|]Ninetales-Alola||NeverMeltIce|SnowWarning|Blizzard,FreezeDry,AuroraVeil,Protect|Timid||F|||50|]Gyarados||SitrusBerry|Intimidate|Protect,Waterfall,PowerWhip,DragonDance|Adamant||F|||50|
|inactive|Battle timer is ON: inactive players will automatically lose when time's up. (requested by ImAtWorkVGC)
|
|t:|1786039410
|teamsize|p1|4
|teamsize|p2|4
|start
|switch|p1a: Charizard|Charizard, L50, F|100/100
|switch|p1b: Kingambit|Kingambit, L50, M|100/100
|switch|p2a: Ninetales|Ninetales-Alola, L50, F|100/100
|switch|p2b: Ceruledge|Ceruledge, L50, F|100/100
|-weather|Snowscape|[from] ability: Snow Warning|[of] p2a: Ninetales
|turn|1
|inactive|abadanriyi92 has 30 seconds left.
|inactive|ImAtWorkVGC has 30 seconds left.
|inactive|abadanriyi92 has 20 seconds left.
|
|t:|1786039446
|detailschange|p1a: Charizard|Charizard-Mega-Y, L50, F
|-mega|p1a: Charizard|Charizard|Charizardite Y
|-weather|SunnyDay|[from] ability: Drought|[of] p1a: Charizard
|move|p2a: Ninetales|Protect|p2a: Ninetales
|-singleturn|p2a: Ninetales|Protect
|move|p1a: Charizard|Weather Ball|p2a: Ninetales
|-activate|p2a: Ninetales|move: Protect
|move|p2b: Ceruledge|Bitter Blade|p1b: Kingambit
|-supereffective|p1b: Kingambit|1
|-damage|p1b: Kingambit|3/100
|move|p1b: Kingambit|Kowtow Cleave|p2b: Ceruledge
|-supereffective|p2b: Ceruledge|1
|-damage|p2b: Ceruledge|0 fnt
|faint|p2b: Ceruledge
|
|-weather|SunnyDay|[upkeep]
|upkeep
|
|t:|1786039456
|switch|p2b: Raichu|Raichu, L50, F, shiny|100/100
|turn|2
|
|t:|1786039471
|switch|p1b: Garchomp|Garchomp, L50, F|100/100
|detailschange|p2b: Raichu|Raichu-Mega-Y, L50, F, shiny
|-mega|p2b: Raichu|Raichu|Raichunite Y
|move|p1a: Charizard|Protect|p1a: Charizard
|-singleturn|p1a: Charizard|Protect
|move|p2b: Raichu|Zap Cannon|p1a: Charizard
|-activate|p1a: Charizard|move: Protect
|move|p2a: Ninetales|Freeze-Dry|p1b: Garchomp
|-supereffective|p1b: Garchomp|2
|-damage|p1b: Garchomp|0 fnt
|faint|p1b: Garchomp
|
|-weather|SunnyDay|[upkeep]
|upkeep
|
|t:|1786039484
|switch|p1b: Whimsicott|Whimsicott, L50, F|100/100
|turn|3
|
|t:|1786039492
|switch|p2a: Clefable|Clefable, L50, F, shiny|100/100
|move|p2b: Raichu|Protect|p2b: Raichu
|-singleturn|p2b: Raichu|Protect
|move|p1b: Whimsicott|Tailwind|p1b: Whimsicott
|-sidestart|p1: abadanriyi92|move: Tailwind
|move|p1a: Charizard|Heat Wave|p2b: Raichu|[spread] p2a
|-activate|p2b: Raichu|move: Protect
|-damage|p2a: Clefable|49/100
|
|-weather|SunnyDay|[upkeep]
|upkeep
|turn|4
|inactive|ImAtWorkVGC has 30 seconds left.
|inactive|ImAtWorkVGC has 20 seconds left.
|
|t:|1786039528
|move|p2a: Clefable|Follow Me|p2a: Clefable
|-singleturn|p2a: Clefable|move: Follow Me
|move|p1b: Whimsicott|Moonblast|p2a: Clefable
|-damage|p2a: Clefable|16/100
|move|p1a: Charizard|Heat Wave|p2a: Clefable|[spread] p2a,p2b
|-damage|p2a: Clefable|0 fnt
|-damage|p2b: Raichu|16/100
|faint|p2a: Clefable
|move|p2b: Raichu|Zap Cannon|p1a: Charizard
|-supereffective|p1a: Charizard|1
|-damage|p1a: Charizard|0 fnt
|faint|p1a: Charizard
|
|-weather|SunnyDay|[upkeep]
|upkeep
|
|t:|1786039543
|switch|p1a: Kingambit|Kingambit, L50, M|3/100
|switch|p2a: Ninetales|Ninetales-Alola, L50, F|100/100
|-weather|Snowscape|[from] ability: Snow Warning|[of] p2a: Ninetales
|turn|5
|inactive|abadanriyi92 has 30 seconds left.
|
|t:|1786039572
|move|p1b: Whimsicott|Moonblast|p2b: Raichu
|-damage|p2b: Raichu|0 fnt
|faint|p2b: Raichu
|move|p2a: Ninetales|Blizzard|p1a: Kingambit|[spread] p1a,p1b
|-resisted|p1a: Kingambit|1
|-supereffective|p1b: Whimsicott|1
|-damage|p1a: Kingambit|0 fnt
|-enditem|p1b: Whimsicott|Focus Sash
|-damage|p1b: Whimsicott|1/100
|faint|p1a: Kingambit
|
|-weather|Snowscape|[upkeep]
|upkeep
|turn|6
|
|t:|1786039586
|move|p1b: Whimsicott|Moonblast|p2a: Ninetales
|-damage|p2a: Ninetales|56/100
|move|p2a: Ninetales|Blizzard|p1b: Whimsicott
|-supereffective|p1b: Whimsicott|1
|-damage|p1b: Whimsicott|0 fnt
|faint|p1b: Whimsicott
|
|win|ImAtWorkVGC
