|j|☆roman_legend
|j|☆AUBrigade
|html|roman_legendAUBrigade    
|uhtml|bestof|Game 2 of a best-of-3
|t:|1756859399
|gametype|doubles
|player|p1|roman_legend|102|1119
|player|p2|AUBrigade|169|1217
|gen|9
|tier|[Gen 9] VGC 2025 Reg H (Bo3)
|rated|
|rule|Species Clause: Limit one of each Pokémon
|rule|Item Clause: Limit 1 of each item
|clearpoke
|poke|p1|Gholdengo, L50|
|poke|p1|Sneasler, L50, M|
|poke|p1|Rillaboom, L50, M|
|poke|p1|Dragonite, L50, F|
|poke|p1|Ninetales-Alola, L50, F|
|poke|p1|Arcanine-Hisui, L50, M|
|poke|p2|Sneasler, L50, M|
|poke|p2|Dragapult, L50, F|
|poke|p2|Gastrodon, L50, F|
|poke|p2|Electabuzz, L50, F|
|poke|p2|Volcarona, L50, M|
|poke|p2|Rillaboom, L50, M|
|teampreview|4
|showteam|p1|Gholdengo||GrassySeed|GoodasGold|NastyPlot,MakeItRain,ShadowBall,Protect||||||50|,,,,,Water]Sneasler||WhiteHerb|Unburden|CloseCombat,DireClaw,Coaching,Protect|||M|||50|,,,,,Ghost]Rillaboom||AssaultVest|GrassySurge|FakeOut,GrassyGlide,DrumBeating,HighHorsepower|||M|||50|,,,,,Fire]Dragonite||LoadedDice|Multiscale|ScaleShot,StompingTantrum,Tailwind,Protect|||F|||50|,,,,,Ground]Ninetales-Alola||FocusSash|SnowWarning|Blizzard,IcyWind,Encore,AuroraVeil|||F|||50|,,,,,Ghost]Arcanine-Hisui||ClearAmulet|Intimidate|RockSlide,FlareBlitz,ExtremeSpeed,Protect|||M|||50|,,,,,Water
|showteam|p2|Sneasler||WhiteHerb|Unburden|DireClaw,Protect,Coaching,CloseCombat|||M|||50|,,,,,Ghost]Dragapult||ChoiceBand|ClearBody|TeraBlast,Uturn,DragonDarts,PhantomForce|||F|||50|,,,,,Ghost]Gastrodon||CovertCloak|StormDrain|EarthPower,IceBeam,Protect,Yawn|||F|||50|,,,,,Poison]Electabuzz||Eviolite|VitalSpirit|FollowMe,Taunt,Thunderbolt,Protect|||F|||50|,,,,,Fairy]Volcarona||SafetyGoggles|FlameBody|HeatWave,TeraBlast,QuiverDance,Protect|||M|||50|,,,,,Fairy]Rillaboom||AssaultVest|GrassySurge|GrassyGlide,FakeOut,HighHorsepower,WoodHammer|||M|||50|,,,,,Fire
|inactive|Battle timer is ON: inactive players will automatically lose when time's up. (requested by roman_legend)
|
|t:|1756859455
|teamsize|p1|4
|teamsize|p2|4
|start
|switch|p1a: Gholdengo|Gholdengo, L50, shiny|100/100
|switch|p1b: Ninetales|Ninetales-Alola, L50, F|100/100
|switch|p2a: Dragapult|Dragapult, L50, F|100/100
|switch|p2b: Sneasler|Sneasler, L50, M|100/100
|-weather|Snowscape|[from] ability: Snow Warning|[of] p1b: Ninetales
|turn|1
|inactive|roman_legend has 30 seconds left.
|
|t:|1756859488
|switch|p1b: Rillaboom|Rillaboom, L50, M|100/100
|-fieldstart|move: Grassy Terrain|[from] ability: Grassy Surge|[of] p1b: Rillaboom
|-enditem|p1a: Gholdengo|Grassy Seed
|-boost|p1a: Gholdengo|def|1|[from] item: Grassy Seed
|-terastallize|p1a: Gholdengo|Water
|move|p2a: Dragapult|U-turn|p1b: Rillaboom
|-supereffective|p1b: Rillaboom
|-damage|p1b: Rillaboom|33/100
|
|t:|1756859504
|switch|p2a: Electabuzz|Electabuzz, L50, F|100/100|[from] U-turn
|move|p2b: Sneasler|Dire Claw|p1b: Rillaboom
|-supereffective|p1b: Rillaboom
|-damage|p1b: Rillaboom|0 fnt
|faint|p1b: Rillaboom
|move|p1a: Gholdengo|Shadow Ball|p2a: Electabuzz
|-crit|p2a: Electabuzz
|-damage|p2a: Electabuzz|50/100
|
|-weather|Snowscape|[upkeep]
|-heal|p2a: Electabuzz|56/100|[from] Grassy Terrain
|upkeep
|
|t:|1756859514
|switch|p1b: Ninetales|Ninetales-Alola, L50, F|100/100
|turn|2
|inactive|AUBrigade has 30 seconds left.
|
|t:|1756859540
|move|p2b: Sneasler|Dire Claw|p1b: Ninetales
|-supereffective|p1b: Ninetales
|-damage|p1b: Ninetales|19/100
|move|p1b: Ninetales|Aurora Veil|p1b: Ninetales
|-sidestart|p1: roman_legend|move: Aurora Veil
|move|p2a: Electabuzz|Thunderbolt|p1b: Ninetales
|-damage|p1b: Ninetales|0 fnt
|faint|p1b: Ninetales
|move|p1a: Gholdengo|Nasty Plot|p1a: Gholdengo
|-boost|p1a: Gholdengo|spa|2
|
|-weather|Snowscape|[upkeep]
|-heal|p2a: Electabuzz|62/100|[from] Grassy Terrain
|upkeep
|
|t:|1756859547
|switch|p1b: Arcanine|Arcanine-Hisui, L50, M, shiny|100/100
|-ability|p1b: Arcanine|Intimidate|boost
|-unboost|p2a: Electabuzz|atk|1
|-unboost|p2b: Sneasler|atk|1
|-enditem|p2b: Sneasler|White Herb
|-clearnegativeboost|p2b: Sneasler|[silent]
|turn|3
|
|t:|1756859564
|move|p2b: Sneasler|Protect|p2b: Sneasler
|-singleturn|p2b: Sneasler|Protect
|move|p2a: Electabuzz|Protect|p2a: Electabuzz
|-singleturn|p2a: Electabuzz|Protect
|move|p1b: Arcanine|Rock Slide|p2b: Sneasler|[spread] 
|-activate|p2a: Electabuzz|move: Protect
|-activate|p2b: Sneasler|move: Protect
|move|p1a: Gholdengo|Make It Rain|p2a: Electabuzz|[spread] 
|-activate|p2a: Electabuzz|move: Protect
|-activate|p2b: Sneasler|move: Protect
|
|-weather|Snowscape|[upkeep]
|-heal|p2a: Electabuzz|67/100|[from] Grassy Terrain
|upkeep
|turn|4
|
|t:|1756859584
|move|p1b: Arcanine|Protect|p1b: Arcanine
|-singleturn|p1b: Arcanine|Protect
|move|p2b: Sneasler|Close Combat|p1b: Arcanine
|-activate|p1b: Arcanine|move: Protect
|move|p2a: Electabuzz|Thunderbolt|p1a: Gholdengo
|-supereffective|p1a: Gholdengo
|-damage|p1a: Gholdengo|57/100
|move|p1a: Gholdengo|Make It Rain|p2a: Electabuzz|[spread] p2a,p2b
|-resisted|p2a: Electabuzz
|-damage|p2a: Electabuzz|30/100
|-damage|p2b: Sneasler|0 fnt
|-unboost|p1a: Gholdengo|spa|1
|faint|p2b: Sneasler
|
|-weather|Snowscape|[upkeep]
|-heal|p1a: Gholdengo|63/100|[from] Grassy Terrain
|-heal|p2a: Electabuzz|36/100|[from] Grassy Terrain
|upkeep
|
|t:|1756859600
|switch|p2b: Dragapult|Dragapult, L50, F|100/100
|turn|5
|inactive|AUBrigade has 30 seconds left.
|inactive|AUBrigade has 20 seconds left.
|inactive|AUBrigade has 15 seconds left.
|
|t:|1756859641
|move|p2b: Dragapult|Phantom Force||[still]
|-prepare|p2b: Dragapult|Phantom Force
|move|p1b: Arcanine|Rock Slide|p2b: Dragapult|[spread] p2a
|-miss|p1b: Arcanine|p2b: Dragapult
|-damage|p2a: Electabuzz|15/100
|move|p1a: Gholdengo|Shadow Ball|p2b: Dragapult|[miss]
|-miss|p1a: Gholdengo|p2b: Dragapult
|move|p2a: Electabuzz|Thunderbolt|p1a: Gholdengo
|-supereffective|p1a: Gholdengo
|-damage|p1a: Gholdengo|21/100
|
|-weather|none
|-heal|p2a: Electabuzz|21/100|[from] Grassy Terrain
|-heal|p1a: Gholdengo|27/100|[from] Grassy Terrain
|-fieldend|move: Grassy Terrain
|upkeep
|turn|6
|inactive|AUBrigade has 30 seconds left.
|
|t:|1756859670
|move|p1b: Arcanine|Extreme Speed|p2a: Electabuzz
|-damage|p2a: Electabuzz|0 fnt
|faint|p2a: Electabuzz
|move|p2b: Dragapult|Phantom Force|p1a: Gholdengo|[from] lockedmove
|-damage|p1a: Gholdengo|0 fnt
|faint|p1a: Gholdengo
|
|-sideend|p1: roman_legend|move: Aurora Veil
|upkeep
|
|t:|1756859678
|switch|p2a: Volcarona|Volcarona, L50, M|100/100
|turn|7
|inactive|AUBrigade has 30 seconds left.
|
|t:|1756859705
|move|p2a: Volcarona|Protect|p2a: Volcarona
|-singleturn|p2a: Volcarona|Protect
|move|p2b: Dragapult|Phantom Force||[still]
|-prepare|p2b: Dragapult|Phantom Force
|move|p1b: Arcanine|Rock Slide|p2b: Dragapult|[spread] 
|-miss|p1b: Arcanine|p2b: Dragapult
|-activate|p2a: Volcarona|move: Protect
|
|upkeep
|turn|8
|inactive|AUBrigade has 30 seconds left.
|
|t:|1756859731
|move|p2b: Dragapult|Phantom Force|p1b: Arcanine|[from] lockedmove
|-damage|p1b: Arcanine|11/100
|move|p1b: Arcanine|Flare Blitz|p2a: Volcarona
|-crit|p2a: Volcarona
|-damage|p2a: Volcarona|0 fnt
|faint|p2a: Volcarona
|-damage|p1b: Arcanine|0 fnt|[from] Recoil
|faint|p1b: Arcanine
|
|win|AUBrigade
|raw|roman_legend's rating: 1119 → 1101(-18 for losing)
|raw|AUBrigade's rating: 1217 → 1235(+18 for winning)
|l|☆AUBrigade
|player|p2|
