|j|☆Awammy
|j|☆MrRaffa
|html|AwammyMrRaffa    
|uhtml|bestof|Game 2 of a best-of-3
|t:|1757779219
|gametype|doubles
|player|p1|Awammy|colress|
|player|p2|MrRaffa|n|
|gen|9
|tier|[Gen 9] VGC 2025 Reg H (Bo3)
|rule|Species Clause: Limit one of each Pokémon
|rule|Item Clause: Limit 1 of each item
|clearpoke
|poke|p1|Rillaboom, L50, F|
|poke|p1|Kingambit, L50, M|
|poke|p1|Pelipper, L50, M|
|poke|p1|Archaludon, L50, M|
|poke|p1|Basculegion, L50, M|
|poke|p1|Amoonguss, L50, F|
|poke|p2|Gholdengo, L50|
|poke|p2|Sneasler, L50, M|
|poke|p2|Rillaboom, L50, M|
|poke|p2|Dragonite, L50, F|
|poke|p2|Ninetales-Alola, L50, M|
|poke|p2|Arcanine-Hisui, L50, M|
|teampreview|4
|showteam|p1|Rillaboom||LoadedDice|GrassySurge|FakeOut,GrassyGlide,BulletSeed,Taunt|||F|||50|,,,,,Fire]Kingambit||SafetyGoggles|Defiant|KowtowCleave,SuckerPunch,SwordsDance,Protect|||M|||50|,,,,,Dark]Pelipper||FocusSash|Drizzle|Hurricane,WeatherBall,Tailwind,Protect|||M|||50|,,,,,Ground]Archaludon||AssaultVest|Stamina|ElectroShot,DragonPulse,FlashCannon,BodyPress|||M|||50|,,,,,Fairy]Basculegion||LifeOrb|SwiftSwim|WaveCrash,AquaJet,Protect,LastRespects|||M|||50|,,,,,Water]Amoonguss||SitrusBerry|Regenerator|Protect,Spore,RagePowder,PollenPuff|||F|||50|,,,,,Water
|showteam|p2|Gholdengo||GrassySeed|GoodasGold|NastyPlot,MakeItRain,ShadowBall,Protect||||||50|,,,,,Water]Sneasler||WhiteHerb|Unburden|CloseCombat,DireClaw,Coaching,Protect|||M|||50|,,,,,Ghost]Rillaboom||AssaultVest|GrassySurge|FakeOut,GrassyGlide,DrumBeating,HighHorsepower|||M|||50|,,,,,Fire]Dragonite||LoadedDice|Multiscale|ScaleShot,StompingTantrum,Tailwind,Protect|||F|||50|,,,,,Ground]Ninetales-Alola||FocusSash|SnowWarning|Blizzard,IcyWind,Encore,AuroraVeil|||M|||50|,,,,,Ghost]Arcanine-Hisui||ClearAmulet|Intimidate|RockSlide,FlareBlitz,ExtremeSpeed,Protect|||M|||50|,,,,,Water
|inactive|Battle timer is ON: inactive players will automatically lose when time's up. (requested by Awammy)
|inactive|Awammy has 60 seconds left.
|
|t:|1757779271
|teamsize|p1|4
|teamsize|p2|4
|start
|switch|p1a: Kingambit|Kingambit, L50, M, shiny|100/100
|switch|p1b: Archaludon|Archaludon, L50, M, shiny|100/100
|switch|p2a: Gholdengo|Gholdengo, L50|100/100
|switch|p2b: Rillaboom|Rillaboom, L50, M|100/100
|-fieldstart|move: Grassy Terrain|[from] ability: Grassy Surge|[of] p2b: Rillaboom
|-enditem|p2a: Gholdengo|Grassy Seed
|-boost|p2a: Gholdengo|def|1|[from] item: Grassy Seed
|turn|1
|inactive|Awammy has 30 seconds left.
|
|t:|1757779298
|move|p2b: Rillaboom|Fake Out|p1a: Kingambit
|-resisted|p1a: Kingambit
|-damage|p1a: Kingambit|96/100
|move|p2a: Gholdengo|Nasty Plot|p2a: Gholdengo
|-boost|p2a: Gholdengo|spa|2
|move|p1b: Archaludon|Dragon Pulse|p2b: Rillaboom
|-damage|p2b: Rillaboom|65/100
|cant|p1a: Kingambit|flinch
|
|-heal|p2b: Rillaboom|71/100|[from] Grassy Terrain
|-heal|p1a: Kingambit|100/100|[from] Grassy Terrain
|upkeep
|turn|2
|inactive|Awammy has 30 seconds left.
|inactive|Awammy has 20 seconds left.
|inactive|Awammy has 15 seconds left.
|inactive|Awammy has 10 seconds left.
|inactive|Awammy has 5 seconds left.
|
|t:|1757779353
|-terastallize|p2a: Gholdengo|Water
|move|p2b: Rillaboom|High Horsepower|p1b: Archaludon
|-supereffective|p1b: Archaludon
|-damage|p1b: Archaludon|59/100
|-ability|p1b: Archaludon|Stamina|boost
|-boost|p1b: Archaludon|def|1
|move|p2a: Gholdengo|Shadow Ball|p1b: Archaludon
|-damage|p1b: Archaludon|0 fnt
|faint|p1b: Archaludon
|move|p1a: Kingambit|Swords Dance|p1a: Kingambit
|-boost|p1a: Kingambit|atk|2
|
|-heal|p2b: Rillaboom|77/100|[from] Grassy Terrain
|upkeep
|
|t:|1757779370
|switch|p1b: Pelipper|Pelipper, L50, M, shiny|100/100
|-weather|RainDance|[from] ability: Drizzle|[of] p1b: Pelipper
|turn|3
|inactive|Awammy has 30 seconds left.
|inactive|Awammy has 20 seconds left.
|inactive|Awammy has 15 seconds left.
|inactive|Awammy has 10 seconds left.
|inactive|Awammy has 5 seconds left.
|
|t:|1757779422
|move|p1b: Pelipper|Protect|p1b: Pelipper
|-singleturn|p1b: Pelipper|Protect
|move|p2b: Rillaboom|Grassy Glide|p1b: Pelipper
|-activate|p1b: Pelipper|move: Protect
|move|p2a: Gholdengo|Make It Rain|p1b: Pelipper|[spread] p1a
|-activate|p1b: Pelipper|move: Protect
|-resisted|p1a: Kingambit
|-damage|p1a: Kingambit|61/100
|-unboost|p2a: Gholdengo|spa|1
|move|p1a: Kingambit|Kowtow Cleave|p2a: Gholdengo
|-damage|p2a: Gholdengo|38/100
|
|-weather|RainDance|[upkeep]
|-heal|p2b: Rillaboom|83/100|[from] Grassy Terrain
|-heal|p2a: Gholdengo|44/100|[from] Grassy Terrain
|-heal|p1a: Kingambit|67/100|[from] Grassy Terrain
|upkeep
|turn|4
|inactive|Awammy has 30 seconds left.
|inactive|Awammy has 20 seconds left.
|inactive|Awammy has 15 seconds left.
|inactive|Awammy has 10 seconds left.
|
|t:|1757779468
|-terastallize|p1a: Kingambit|Dark
|move|p2b: Rillaboom|Grassy Glide|p1b: Pelipper
|-damage|p1b: Pelipper|58/100
|move|p1a: Kingambit|Sucker Punch||[still]
|-fail|p1a: Kingambit
|move|p2a: Gholdengo|Make It Rain|p1b: Pelipper|[spread] p1a,p1b
|-resisted|p1b: Pelipper
|-damage|p1a: Kingambit|2/100
|-damage|p1b: Pelipper|0 fnt
|-unboost|p2a: Gholdengo|spa|1
|faint|p1b: Pelipper
|
|-weather|RainDance|[upkeep]
|-heal|p2b: Rillaboom|88/100|[from] Grassy Terrain
|-heal|p2a: Gholdengo|50/100|[from] Grassy Terrain
|-heal|p1a: Kingambit|8/100|[from] Grassy Terrain
|upkeep
|
|t:|1757779477
|switch|p1b: Basculegion|Basculegion, L50, M|100/100
|turn|5
|
|t:|1757779494
|switch|p2a: Ninetales|Ninetales-Alola, L50, M|100/100
|-weather|Snowscape|[from] ability: Snow Warning|[of] p2a: Ninetales
|move|p2b: Rillaboom|Grassy Glide|p1a: Kingambit
|-damage|p1a: Kingambit|0 fnt
|faint|p1a: Kingambit
|move|p1b: Basculegion|Last Respects|p2b: Rillaboom
|-crit|p2b: Rillaboom
|-damage|p2b: Rillaboom|0 fnt
|faint|p2b: Rillaboom
|-damage|p1b: Basculegion|91/100|[from] item: Life Orb
|
|-weather|Snowscape|[upkeep]
|-heal|p1b: Basculegion|97/100|[from] Grassy Terrain
|-fieldend|move: Grassy Terrain
|upkeep
|
|t:|1757779505
|switch|p2b: Gholdengo|Gholdengo, L50, tera:Water|50/100
|turn|6
|
|t:|1757779515
|move|p2a: Ninetales|Icy Wind|p1b: Basculegion
|-resisted|p1b: Basculegion
|-damage|p1b: Basculegion|85/100
|-unboost|p1b: Basculegion|spe|1
|move|p2b: Gholdengo|Shadow Ball|p1b: Basculegion
|-supereffective|p1b: Basculegion
|-damage|p1b: Basculegion|0 fnt
|faint|p1b: Basculegion
|
|win|MrRaffa
||Awammy is ready for game 3.
|inactive|MrRaffa has 30 seconds to confirm battle start!
|inactive|MrRaffa has 20 seconds to confirm battle start!
||MrRaffa is ready for game 3.
|uhtml|next|Next: Game 3 of 3
