|j|☆miguelowned
|j|☆KChiefs7
|html|miguelownedKChiefs7    
|uhtml|bestof|Game 2 of a best-of-3
|t:|1757788341
|gametype|doubles
|player|p1|miguelowned|2|1268
|player|p2|KChiefs7|swimmer-gen4|1161
|gen|9
|tier|[Gen 9] VGC 2025 Reg H (Bo3)
|rated|
|rule|Species Clause: Limit one of each Pokémon
|rule|Item Clause: Limit 1 of each item
|clearpoke
|poke|p1|Gholdengo, L50|
|poke|p1|Incineroar, L50, F|
|poke|p1|Dragonite, L50, F|
|poke|p1|Ursaluna, L50, M|
|poke|p1|Annihilape, L50, F|
|poke|p1|Electabuzz, L50, M|
|poke|p2|Ursaluna, L50, M|
|poke|p2|Gholdengo, L50|
|poke|p2|Amoonguss, L50, M|
|poke|p2|Porygon2, L50|
|poke|p2|Incineroar, L50, M|
|poke|p2|Flamigo, L50, M|
|teampreview|4
|showteam|p1|Gholdengo||LifeOrb|GoodasGold|MakeItRain,ShadowBall,NastyPlot,Protect||||||50|,,,,,Water]Incineroar||AssaultVest|Intimidate|FakeOut,FlareBlitz,KnockOff,Uturn|||F|||50|,,,,,Grass]Dragonite||LoadedDice|Multiscale|ScaleShot,Haze,Tailwind,Protect|||F|||50|,,,,,Steel]Ursaluna||FlameOrb|Guts|Facade,HeadlongRush,Earthquake,Protect|||M|||50|,,,,,Ghost]Annihilape||SafetyGoggles|Defiant|Coaching,CloseCombat,RageFist,FinalGambit|||F|||50|,,,,,Steel]Electabuzz||Eviolite|VitalSpirit|Electroweb,Taunt,FollowMe,Protect|||M|||50|,,,,,Dragon
|showteam|p2|Ursaluna||FlameOrb|Guts|Facade,Earthquake,Substitute,Protect|||M|||50|,,,,,Ghost]Gholdengo||LifeOrb|GoodasGold|MakeItRain,ShadowBall,NastyPlot,Protect||||||50|,,,,,Steel]Amoonguss||SitrusBerry|Regenerator|RagePowder,Spore,PollenPuff,Protect|||M|||50|,,,,,Fairy]Porygon2||Eviolite|Download|Thunderbolt,IceBeam,Recover,TrickRoom||||||50|,,,,,Flying]Incineroar||AssaultVest|Intimidate|FlareBlitz,KnockOff,FakeOut,Uturn|||M|||50|,,,,,Grass]Flamigo||FocusSash|Scrappy|CloseCombat,BraveBird,WideGuard,Detect|||M|||50|,,,,,Stellar
|inactive|Battle timer is ON: inactive players will automatically lose when time's up. (requested by KChiefs7)
|inactive|miguelowned has 60 seconds left.
|
|t:|1757788395
|teamsize|p1|4
|teamsize|p2|4
|start
|switch|p1a: Dragonite|Dragonite, L50, F|100/100
|switch|p1b: Gholdengo|Gholdengo, L50|100/100
|switch|p2a: Flamigo|Flamigo, L50, M|100/100
|switch|p2b: Ursaluna|Ursaluna, L50, M|100/100
|turn|1
|inactive|miguelowned has 30 seconds left.
|inactive|KChiefs7 has 30 seconds left.
|
|t:|1757788430
|switch|p1b: Incineroar|Incineroar, L50, F, shiny|100/100
|-ability|p1b: Incineroar|Intimidate|boost
|-fail|p2a: Flamigo|unboost|Attack|[from] ability: Scrappy|[of] p2a: Flamigo
|-unboost|p2b: Ursaluna|atk|1
|move|p2a: Flamigo|Close Combat|p1b: Incineroar
|-supereffective|p1b: Incineroar
|-damage|p1b: Incineroar|0 fnt
|-unboost|p2a: Flamigo|def|1
|-unboost|p2a: Flamigo|spd|1
|faint|p1b: Incineroar
|move|p1a: Dragonite|Scale Shot|p2a: Flamigo
|-damage|p2a: Flamigo|68/100
|-damage|p2a: Flamigo|34/100
|-damage|p2a: Flamigo|1/100
|-damage|p2a: Flamigo|0 fnt
|faint|p2a: Flamigo
|-hitcount|p2: Flamigo|4
|-unboost|p1a: Dragonite|def|1
|-boost|p1a: Dragonite|spe|1
|move|p2b: Ursaluna|Substitute|p2b: Ursaluna
|-start|p2b: Ursaluna|Substitute
|-damage|p2b: Ursaluna|76/100
|
|-status|p2b: Ursaluna|brn|[from] item: Flame Orb
|upkeep
|
|t:|1757788448
|switch|p2a: Incineroar|Incineroar, L50, M, shiny|100/100
|switch|p1b: Gholdengo|Gholdengo, L50|100/100
|-ability|p2a: Incineroar|Intimidate|boost
|-unboost|p1a: Dragonite|atk|1
|-unboost|p1b: Gholdengo|atk|1
|turn|2
|inactive|KChiefs7 has 30 seconds left.
|inactive|KChiefs7 has 20 seconds left.
|
|t:|1757788485
|move|p1a: Dragonite|Protect|p1a: Dragonite
|-singleturn|p1a: Dragonite|Protect
|move|p1b: Gholdengo|Protect|p1b: Gholdengo
|-singleturn|p1b: Gholdengo|Protect
|move|p2a: Incineroar|Fake Out|p1a: Dragonite
|-activate|p1a: Dragonite|move: Protect
|move|p2b: Ursaluna|Facade|p1a: Dragonite
|-activate|p1a: Dragonite|move: Protect
|
|-damage|p2b: Ursaluna|70/100 brn|[from] brn
|upkeep
|turn|3
|inactive|miguelowned has 30 seconds left.
|inactive|KChiefs7 has 30 seconds left.
|
|t:|1757788517
|-terastallize|p1b: Gholdengo|Water
|-terastallize|p2a: Incineroar|Grass
|move|p1a: Dragonite|Scale Shot|p2b: Ursaluna
|-activate|p2b: Ursaluna|move: Substitute|[damage]
|-activate|p2b: Ursaluna|move: Substitute|[damage]
|-end|p2b: Ursaluna|Substitute
|-damage|p2b: Ursaluna|62/100 brn
|-hitcount|p2b: Ursaluna|4
|-unboost|p1a: Dragonite|def|1
|-boost|p1a: Dragonite|spe|1
|move|p1b: Gholdengo|Nasty Plot|p1b: Gholdengo
|-boost|p1b: Gholdengo|spa|2
|move|p2a: Incineroar|Knock Off|p1a: Dragonite
|-damage|p1a: Dragonite|46/100
|-enditem|p1a: Dragonite|Loaded Dice|[from] move: Knock Off|[of] p2a: Incineroar
|move|p2b: Ursaluna|Earthquake|p1a: Dragonite|[spread] p2a,p1b
|-immune|p1a: Dragonite
|-resisted|p2a: Incineroar
|-damage|p2a: Incineroar|80/100
|-damage|p1b: Gholdengo|49/100
|
|-damage|p2b: Ursaluna|56/100 brn|[from] brn
|upkeep
|turn|4
|inactive|miguelowned has 30 seconds left.
|inactive|KChiefs7 has 30 seconds left.
|
|t:|1757788548
|switch|p2b: Porygon2|Porygon2, L50|100/100
|-ability|p2b: Porygon2|Download|boost
|-boost|p2b: Porygon2|atk|1
|move|p1a: Dragonite|Tailwind|p1a: Dragonite
|-sidestart|p1: miguelowned|move: Tailwind
|move|p1b: Gholdengo|Make It Rain|p2a: Incineroar|[spread] p2a,p2b
|-damage|p2a: Incineroar|4/100
|-damage|p2b: Porygon2|24/100
|-unboost|p1b: Gholdengo|spa|1
|-damage|p1b: Gholdengo|39/100|[from] item: Life Orb
|move|p2a: Incineroar|Knock Off|p1b: Gholdengo
|-damage|p1b: Gholdengo|0 fnt
|-enditem|p1b: Gholdengo|Life Orb|[from] move: Knock Off|[of] p2a: Incineroar
|faint|p1b: Gholdengo
|
|upkeep
|
|t:|1757788559
|switch|p1b: Ursaluna|Ursaluna, L50, M|100/100
|turn|5
|inactive|KChiefs7 has 30 seconds left.
|inactive|KChiefs7 has 20 seconds left.
|
|t:|1757788598
|move|p1a: Dragonite|Scale Shot|p2b: Porygon2
|-damage|p2b: Porygon2|18/100
|-damage|p2b: Porygon2|11/100
|-damage|p2b: Porygon2|4/100
|-damage|p2b: Porygon2|0 fnt
|faint|p2b: Porygon2
|-hitcount|p2: Porygon2|4
|-unboost|p1a: Dragonite|def|1
|-boost|p1a: Dragonite|spe|1
|move|p1b: Ursaluna|Earthquake|p2a: Incineroar|[spread] p2a
|-immune|p1a: Dragonite
|-resisted|p2a: Incineroar
|-damage|p2a: Incineroar|0 fnt
|faint|p2a: Incineroar
|
|-status|p1b: Ursaluna|brn|[from] item: Flame Orb
|upkeep
|
|t:|1757788606
|switch|p2b: Ursaluna|Ursaluna, L50, M|56/100 brn
|turn|6
|
|t:|1757788628
|move|p1a: Dragonite|Scale Shot|p2b: Ursaluna
|-damage|p2b: Ursaluna|48/100 brn
|-damage|p2b: Ursaluna|40/100 brn
|-damage|p2b: Ursaluna|31/100 brn
|-damage|p2b: Ursaluna|23/100 brn
|-damage|p2b: Ursaluna|15/100 brn
|-hitcount|p2b: Ursaluna|5
|-unboost|p1a: Dragonite|def|1
|-boost|p1a: Dragonite|spe|1
|move|p1b: Ursaluna|Facade|p2b: Ursaluna
|-damage|p2b: Ursaluna|0 fnt
|faint|p2b: Ursaluna
|
|win|miguelowned
||KChiefs7 is ready for game 3.
|inactive|miguelowned has 30 seconds to confirm battle start!
||miguelowned is ready for game 3.
|uhtml|next|Next: Game 3 of 3
|l|☆miguelowned
|player|p1|
