|j|☆James Murphy
|j|☆Zero_BlazeVGC
|html|James MurphyZero_BlazeVGC    
|uhtml|bestof|Game 1 of a best-of-3
|t:|1756234414
|gametype|doubles
|player|p1|James Murphy|101|
|player|p2|Zero_BlazeVGC|flint|
|gen|9
|tier|[Gen 9] VGC 2025 Reg H (Bo3)
|rule|Species Clause: Limit one of each Pokémon
|rule|Item Clause: Limit 1 of each item
|clearpoke
|poke|p1|Archaludon, L50, F|
|poke|p1|Dragonite, L50, M|
|poke|p1|Ursaluna, L50, F|
|poke|p1|Pelipper, L50, F|
|poke|p1|Sinistcha, L50|
|poke|p1|Incineroar, L50, F|
|poke|p2|Rillaboom, L50, M|
|poke|p2|Dragonite, L50, F|
|poke|p2|Sneasler, L50, M|
|poke|p2|Ninetales-Alola, L50, M|
|poke|p2|Kingambit, L50, M|
|poke|p2|Magmar, L50, F|
|teampreview|4
|showteam|p1|Archaludon||AssaultVest|Stamina|ElectroShot,DragonPulse,BodyPress,FlashCannon|||F|||50|,,,,,Bug]Dragonite||LoadedDice|Multiscale|ScaleShot,Tailwind,Haze,Protect|||M|||50|,,,,,Fairy]Ursaluna||FlameOrb|Guts|Earthquake,Facade,HeadlongRush,Protect|||F|||50|,,,,,Fairy]Pelipper||FocusSash|Drizzle|MuddyWater,Hurricane,Tailwind,Protect|||F|||50|,,,,,Ground]Sinistcha||SitrusBerry|Hospitality|MatchaGotcha,RagePowder,TrickRoom,LifeDew||||||50|,,,,,Dark]Incineroar||SafetyGoggles|Intimidate|FakeOut,FlareBlitz,KnockOff,PartingShot|||F|||50|,,,,,Ghost
|showteam|p2|Rillaboom||AssaultVest|GrassySurge|WoodHammer,GrassyGlide,HighHorsepower,FakeOut|||M|||50|,,,,,Fire]Dragonite||LoadedDice|Multiscale|Protect,ScaleShot,LowKick,Haze|||F|||50|,,,,,Fairy]Sneasler||WhiteHerb|Unburden|Protect,DireClaw,CloseCombat,Coaching|||M|||50|,,,,,Ghost]Ninetales-Alola||ChoiceSpecs|SnowWarning|Blizzard,IcyWind,Moonblast,FreezeDry|||M|||50|,,,,,Ghost]Kingambit||SafetyGoggles|Defiant|Protect,KowtowCleave,SuckerPunch,SwordsDance|||M|||50|,,,,,Dark]Magmar||Eviolite|VitalSpirit|Protect,FollowMe,Overheat,WillOWisp|||F|||50|,,,,,Dragon
|
|t:|1756234514
|teamsize|p1|4
|teamsize|p2|4
|start
|switch|p1a: Dragonite|Dragonite, L50, M|100/100
|switch|p1b: Archaludon|Archaludon, L50, F|100/100
|switch|p2a: Hi peli|Ninetales-Alola, L50, M, shiny|100/100
|switch|p2b: Noah's BFF|Sneasler, L50, M, shiny|100/100
|-weather|Snowscape|[from] ability: Snow Warning|[of] p2a: Hi peli
|turn|1
|
|t:|1756234558
|switch|p1a: Pelipper|Pelipper, L50, F|100/100
|-weather|RainDance|[from] ability: Drizzle|[of] p1a: Pelipper
|move|p2b: Noah's BFF|Dire Claw|p1a: Pelipper
|-damage|p1a: Pelipper|49/100
|-status|p1a: Pelipper|psn
|move|p2a: Hi peli|Blizzard|p1b: Archaludon|[spread] p1a,p1b
|-damage|p1a: Pelipper|0 fnt
|-damage|p1b: Archaludon|62/100
|-ability|p1b: Archaludon|Stamina|boost
|-boost|p1b: Archaludon|def|1
|faint|p1a: Pelipper
|move|p1b: Archaludon|Flash Cannon|p2a: Hi peli
|-supereffective|p2a: Hi peli
|-damage|p2a: Hi peli|0 fnt
|faint|p2a: Hi peli
|
|-weather|RainDance|[upkeep]
|upkeep
|
|t:|1756234581
|switch|p2a: 90% = 50%|Dragonite, L50, F, shiny|100/100
|switch|p1a: Dragonite|Dragonite, L50, M|100/100
|turn|2
|
|t:|1756234635
|-terastallize|p2a: 90% = 50%|Fairy
|move|p2b: Noah's BFF|Close Combat|p1b: Archaludon
|-supereffective|p1b: Archaludon
|-damage|p1b: Archaludon|7/100
|-unboost|p2b: Noah's BFF|def|1
|-unboost|p2b: Noah's BFF|spd|1
|-ability|p1b: Archaludon|Stamina|boost
|-boost|p1b: Archaludon|def|1
|-enditem|p2b: Noah's BFF|White Herb
|-clearnegativeboost|p2b: Noah's BFF|[silent]
|move|p1a: Dragonite|Scale Shot|p2b: Noah's BFF
|-damage|p2b: Noah's BFF|75/100
|-crit|p2b: Noah's BFF
|-damage|p2b: Noah's BFF|41/100
|-damage|p2b: Noah's BFF|17/100
|-damage|p2b: Noah's BFF|0 fnt
|faint|p2b: Noah's BFF
|-hitcount|p2: Noah's BFF|4
|-unboost|p1a: Dragonite|def|1
|-boost|p1a: Dragonite|spe|1
|move|p2a: 90% = 50%|Scale Shot|p1a: Dragonite
|-supereffective|p1a: Dragonite
|-crit|p1a: Dragonite
|-damage|p1a: Dragonite|65/100
|-supereffective|p1a: Dragonite
|-damage|p1a: Dragonite|18/100
|-supereffective|p1a: Dragonite
|-damage|p1a: Dragonite|0 fnt
|faint|p1a: Dragonite
|-hitcount|p1: Dragonite|3
|-unboost|p2a: 90% = 50%|def|1
|-boost|p2a: 90% = 50%|spe|1
|move|p1b: Archaludon|Electro Shot||[still]
|-prepare|p1b: Archaludon|Electro Shot
|-boost|p1b: Archaludon|spa|1
|-anim|p1b: Archaludon|Electro Shot|p2a: 90% = 50%
|-damage|p2a: 90% = 50%|71/100
|
|-weather|RainDance|[upkeep]
|upkeep
|
|t:|1756234668
|switch|p2b: Kingambling|Kingambit, L50, M, shiny|100/100
|switch|p1a: Incineroar|Incineroar, L50, F|100/100
|-ability|p1a: Incineroar|Intimidate|boost
|-unboost|p2a: 90% = 50%|atk|1
|-unboost|p2b: Kingambling|atk|1
|-ability|p2b: Kingambling|Defiant|boost
|-boost|p2b: Kingambling|atk|2
|turn|3
|
|t:|1756234698
|move|p2a: 90% = 50%|Protect|p2a: 90% = 50%
|-singleturn|p2a: 90% = 50%|Protect
|move|p2b: Kingambling|Protect|p2b: Kingambling
|-singleturn|p2b: Kingambling|Protect
|move|p1a: Incineroar|Fake Out|p2a: 90% = 50%
|-activate|p2a: 90% = 50%|move: Protect
|move|p1b: Archaludon|Body Press|p2b: Kingambling
|-activate|p2b: Kingambling|move: Protect
|
|-weather|RainDance|[upkeep]
|upkeep
|turn|4
|
|t:|1756234733
|move|p2b: Kingambling|Sucker Punch|p1b: Archaludon
|-damage|p1b: Archaludon|0 fnt
|faint|p1b: Archaludon
|move|p2a: 90% = 50%|Low Kick|p1a: Incineroar
|-supereffective|p1a: Incineroar
|-crit|p1a: Incineroar
|-damage|p1a: Incineroar|12/100
|move|p1a: Incineroar|Knock Off|p2a: 90% = 50%
|-resisted|p2a: 90% = 50%
|-damage|p2a: 90% = 50%|32/100
|-enditem|p2a: 90% = 50%|Loaded Dice|[from] move: Knock Off|[of] p1a: Incineroar
|
|-weather|RainDance|[upkeep]
|upkeep
|turn|5
|-message|James Murphy forfeited.
|
|win|Zero_BlazeVGC
||James Murphy is ready for game 2.
||Zero_BlazeVGC is ready for game 2.
|uhtml|next|Next: Game 2 of 3
