|j|☆GiorgiusGamer
|j|☆Frakub
|html|GiorgiusGamerFrakub    
|uhtml|bestof|Game 1 of a best-of-3
|t:|1757859847
|gametype|doubles
|player|p1|GiorgiusGamer|170|1117
|player|p2|Frakub|acetrainer-gen4dp|1059
|gen|9
|tier|[Gen 9] VGC 2025 Reg H (Bo3)
|rated|
|rule|Species Clause: Limit one of each Pokémon
|rule|Item Clause: Limit 1 of each item
|clearpoke
|poke|p1|Clefairy, L50, M|
|poke|p1|Ursaluna, L50, M|
|poke|p1|Rillaboom, L50, F|
|poke|p1|Dragonite, L50, M|
|poke|p1|Gholdengo, L50|
|poke|p1|Sneasler, L50, F|
|poke|p2|Kingambit, L50, F|
|poke|p2|Primarina, L50, F|
|poke|p2|Sneasler, L50, F|
|poke|p2|Magmar, L50, F|
|poke|p2|Rillaboom, L50, F|
|poke|p2|Dragapult, L50, F|
|teampreview|4
|showteam|p1|Clefairy||Eviolite|FriendGuard|DazzlingGleam,FollowMe,Encore,IcyWind|||M|||50|,,,,,Fairy]Ursaluna||FlameOrb|Guts|Facade,HeadlongRush,Earthquake,Protect|||M|||50|,,,,,Water]Rillaboom||AssaultVest|GrassySurge|WoodHammer,GrassyGlide,HighHorsepower,FakeOut|||F|||50|,,,,,Grass]Dragonite||LoadedDice|Multiscale|ScaleShot,TeraBlast,Haze,Tailwind|||M|||50|,,,,,Flying]Gholdengo||LifeOrb|GoodasGold|MakeItRain,ShadowBall,NastyPlot,Protect||||||50|,,,,,Steel]Sneasler||FocusSash|Unburden|DireClaw,CloseCombat,Coaching,Protect|||F|||50|,,,,,Stellar
|showteam|p2|Kingambit||BlackGlasses|Defiant|KowtowCleave,SuckerPunch,SwordsDance,Protect|||F|||50|,,,,,Dark]Primarina||SitrusBerry|LiquidVoice|HyperVoice,Moonblast,Haze,Protect|||F|||50|,,,,,Poison]Sneasler||FocusSash|PoisonTouch|CloseCombat,DireClaw,FakeOut,Protect|||F|||50|,,,,,Stellar]Magmar||Eviolite|VitalSpirit|Overheat,Taunt,FollowMe,Protect|||F|||50|,,,,,Ghost]Rillaboom||AssaultVest|GrassySurge|WoodHammer,GrassyGlide,HighHorsepower,FakeOut|||F|||50|,,,,,Fire]Dragapult||ChoiceBand|ClearBody|DragonDarts,PhantomForce,Outrage,Uturn|||F|||50|,,,,,Dragon
|inactive|Battle timer is ON: inactive players will automatically lose when time's up. (requested by Frakub)
|inactive|GiorgiusGamer has 60 seconds left.
|inactive|Frakub has 60 seconds left.
|
|t:|1757859892
|teamsize|p1|4
|teamsize|p2|4
|start
|switch|p1a: Dragonite|Dragonite, L50, M|100/100
|switch|p1b: Ursaluna|Ursaluna, L50, M|100/100
|switch|p2a: Kingambit|Kingambit, L50, F|100/100
|switch|p2b: Sneasler|Sneasler, L50, F|100/100
|turn|1
|inactive|Frakub has 30 seconds left.
|inactive|Frakub has 20 seconds left.
|
|t:|1757859929
|move|p2b: Sneasler|Fake Out|p1a: Dragonite
|-damage|p1a: Dragonite|94/100
|cant|p1a: Dragonite|flinch
|move|p1b: Ursaluna|Earthquake|p2b: Sneasler|[spread] p2a,p2b
|-immune|p1a: Dragonite
|-supereffective|p2a: Kingambit
|-crit|p2a: Kingambit
|-supereffective|p2b: Sneasler
|-damage|p2a: Kingambit|2/100
|-enditem|p2b: Sneasler|Focus Sash
|-damage|p2b: Sneasler|1/100
|move|p2a: Kingambit|Kowtow Cleave|p1a: Dragonite
|-damage|p1a: Dragonite|30/100
|
|-status|p1b: Ursaluna|brn|[from] item: Flame Orb
|upkeep
|turn|2
|inactive|GiorgiusGamer has 30 seconds left.
|
|t:|1757859962
|move|p1b: Ursaluna|Protect|p1b: Ursaluna
|-singleturn|p1b: Ursaluna|Protect
|move|p2a: Kingambit|Sucker Punch||[still]
|-fail|p2a: Kingambit
|move|p2b: Sneasler|Close Combat|p1b: Ursaluna
|-activate|p1b: Ursaluna|move: Protect
|move|p1a: Dragonite|Tailwind|p1a: Dragonite
|-sidestart|p1: GiorgiusGamer|move: Tailwind
|
|-damage|p1b: Ursaluna|95/100 brn|[from] brn
|upkeep
|turn|3
|inactive|GiorgiusGamer has 30 seconds left.
|inactive|GiorgiusGamer has 20 seconds left.
|inactive|GiorgiusGamer has 15 seconds left.
|inactive|GiorgiusGamer has 10 seconds left.
|inactive|GiorgiusGamer has 5 seconds left.
|
|t:|1757860013
|switch|p1a: Rillaboom|Rillaboom, L50, F|100/100
|-fieldstart|move: Grassy Terrain|[from] ability: Grassy Surge|[of] p1a: Rillaboom
|-terastallize|p2b: Sneasler|Stellar
|move|p2a: Kingambit|Sucker Punch||[still]
|-fail|p2a: Kingambit
|move|p2b: Sneasler|Close Combat|p1b: Ursaluna
|-supereffective|p1b: Ursaluna
|-damage|p1b: Ursaluna|0 fnt
|-unboost|p2b: Sneasler|def|1
|-unboost|p2b: Sneasler|spd|1
|faint|p1b: Ursaluna
|
|-heal|p2b: Sneasler|7/100|[from] Grassy Terrain
|-heal|p2a: Kingambit|8/100|[from] Grassy Terrain
|upkeep
|
|t:|1757860026
|switch|p1b: Dragonite|Dragonite, L50, M|30/100
|turn|4
|
|t:|1757860044
|switch|p2b: Magmar|Magmar, L50, F|100/100
|move|p2a: Kingambit|Protect|p2a: Kingambit
|-singleturn|p2a: Kingambit|Protect
|move|p1a: Rillaboom|Fake Out|p2b: Magmar
|-damage|p2b: Magmar|87/100
|move|p1b: Dragonite|Haze|p1b: Dragonite
|-clearallboost
|
|-heal|p2b: Magmar|93/100|[from] Grassy Terrain
|-heal|p2a: Kingambit|14/100|[from] Grassy Terrain
|upkeep
|turn|5
|
|t:|1757860063
|move|p1a: Rillaboom|Grassy Glide|p2a: Kingambit
|-resisted|p2a: Kingambit
|-damage|p2a: Kingambit|0 fnt
|faint|p2a: Kingambit
|move|p1b: Dragonite|Scale Shot|p2b: Magmar
|-damage|p2b: Magmar|84/100
|-damage|p2b: Magmar|71/100
|-damage|p2b: Magmar|61/100
|-damage|p2b: Magmar|50/100
|-crit|p2b: Magmar
|-damage|p2b: Magmar|36/100
|-hitcount|p2b: Magmar|5
|-unboost|p1b: Dragonite|def|1
|-boost|p1b: Dragonite|spe|1
|move|p2b: Magmar|Overheat|p1a: Rillaboom|[miss]
|-miss|p2b: Magmar|p1a: Rillaboom
|
|-heal|p2b: Magmar|42/100|[from] Grassy Terrain
|-sideend|p1: GiorgiusGamer|move: Tailwind
|upkeep
|
|t:|1757860073
|switch|p2a: Sneasler|Sneasler, L50, F, tera:Stellar|7/100
|turn|6
|inactive|GiorgiusGamer has 30 seconds left.
|
|t:|1757860105
|move|p2a: Sneasler|Fake Out|p1b: Dragonite
|-damage|p1b: Dragonite|4/100
|move|p1a: Rillaboom|Grassy Glide|p2a: Sneasler
|-resisted|p2a: Sneasler
|-damage|p2a: Sneasler|0 fnt
|faint|p2a: Sneasler
|cant|p1b: Dragonite|flinch
|move|p2b: Magmar|Overheat|p1a: Rillaboom|[miss]
|-miss|p2b: Magmar|p1a: Rillaboom
|
|-heal|p2b: Magmar|48/100|[from] Grassy Terrain
|upkeep
|
|t:|1757860116
|switch|p2a: Rillaboom|Rillaboom, L50, F|100/100
|turn|7
|
|t:|1757860128
|move|p2a: Rillaboom|Grassy Glide|p1b: Dragonite
|-resisted|p1b: Dragonite
|-damage|p1b: Dragonite|0 fnt
|faint|p1b: Dragonite
|move|p2b: Magmar|Overheat|p1a: Rillaboom
|-supereffective|p1a: Rillaboom
|-damage|p1a: Rillaboom|24/100
|-unboost|p2b: Magmar|spa|2
|move|p1a: Rillaboom|High Horsepower|p2b: Magmar
|-supereffective|p2b: Magmar
|-damage|p2b: Magmar|0 fnt
|faint|p2b: Magmar
|
|-heal|p1a: Rillaboom|30/100|[from] Grassy Terrain
|-fieldend|move: Grassy Terrain
|upkeep
|
|t:|1757860139
|switch|p1b: Sneasler|Sneasler, L50, F|100/100
|turn|8
|
|t:|1757860147
|-terastallize|p1b: Sneasler|Stellar
|move|p1b: Sneasler|Dire Claw|p2a: Rillaboom
|-supereffective|p2a: Rillaboom
|-damage|p2a: Rillaboom|0 fnt
|faint|p2a: Rillaboom
|
|win|GiorgiusGamer
||Frakub is ready for game 2.
||GiorgiusGamer is ready for game 2.
|uhtml|next|Next: Game 2 of 3
