|j|☆meikh_neiht
|j|☆Rin Rin Renacuaja
|html|meikh_neihtRin Rin Renacuaja    
|uhtml|bestof|Game 2 of a best-of-3
|t:|1782189979
|gametype|doubles
|player|p1|meikh_neiht|lucas|1191
|player|p2|Rin Rin Renacuaja|lacey|1185
|gen|9
|tier|[Gen 9 Champions] VGC 2026 Reg M-B (Bo3)
|rated|
|rule|Species Clause: Limit one of each Pokémon
|rule|Item Clause: Limit 1 of each item
|clearpoke
|poke|p1|Staraptor, L50, F|
|poke|p1|Sinistcha, L50|
|poke|p1|Maushold, L50|
|poke|p1|Kingambit, L50, F|
|poke|p1|Sneasler, L50, F|
|poke|p1|Delphox, L50, F|
|poke|p2|Blaziken, L50, F|
|poke|p2|Tyranitar, L50, F|
|poke|p2|Rotom-Wash, L50|
|poke|p2|Excadrill, L50, M|
|poke|p2|Sinistcha, L50|
|poke|p2|Sylveon, L50, M|
|teampreview|4
|showteam|p1|Staraptor||Staraptite|Intimidate|CloseCombat,BraveBird,Roost,Protect|Adamant||F|||50|]Sinistcha||SitrusBerry|Hospitality|RagePowder,MatchaGotcha,TrickRoom,LifeDew|Calm|||||50|]Maushold||ChopleBerry|FriendGuard|Encore,Charm,FollowMe,Protect|Timid|||||50|]Kingambit||OccaBerry|Defiant|KowtowCleave,SuckerPunch,SwordsDance,Protect|Adamant||F|||50|]Sneasler||WhiteHerb|Unburden|DireClaw,Protect,FakeOut,CloseCombat|Jolly||F|||50|]Delphox||Delphoxite|Blaze|HeatWave,Psychic,NastyPlot,Protect|Timid||F|||50|
|showteam|p2|Blaziken||Blazikenite|SpeedBoost|CloseCombat,FlareBlitz,Protect,RockSlide|Adamant||F|||50|]Tyranitar||PasshoBerry|SandStream|RockSlide,KnockOff,Protect,DragonDance|Adamant||F|||50|]Rotom-Wash||SitrusBerry|Levitate|Protect,Thunderbolt,HydroPump,WillOWisp|Modest|||||50|]Excadrill||FocusSash|SandRush|HighHorsepower,IronHead,Protect,Earthquake|Adamant||M|||50|]Sinistcha||KasibBerry|Hospitality|MatchaGotcha,TrickRoom,RagePowder,Protect|Bold|||||50|]Sylveon||FairyFeather|Pixilate|HyperVoice,HyperBeam,QuickAttack,Detect|Modest||M|||50|
|
|t:|1782190013
|teamsize|p1|4
|teamsize|p2|4
|start
|switch|p1a: Sneasler|Sneasler, L50, F|100/100
|switch|p1b: Kingambit|Kingambit, L50, F|100/100
|switch|p2a: Sinistcha|Sinistcha, L50|100/100
|switch|p2b: Sylveon|Sylveon, L50, M|100/100
|turn|1
|inactive|Battle timer is ON: inactive players will automatically lose when time's up. (requested by meikh_neiht)
|
|t:|1782190074
|switch|p2a: Blaziken|Blaziken, L50, F|100/100
|move|p1a: Sneasler|Fake Out|p2b: Sylveon
|-damage|p2b: Sylveon|83/100
|cant|p2b: Sylveon|flinch
|move|p1b: Kingambit|Swords Dance|p1b: Kingambit
|-boost|p1b: Kingambit|atk|2
|
|upkeep
|turn|2
|
|t:|1782190091
|detailschange|p2a: Blaziken|Blaziken-Mega, L50, F
|-mega|p2a: Blaziken|Blaziken|Blazikenite
|move|p1b: Kingambit|Protect|p1b: Kingambit
|-singleturn|p1b: Kingambit|Protect
|move|p1a: Sneasler|Close Combat|p2a: Blaziken
|-damage|p2a: Blaziken|15/100
|-unboost|p1a: Sneasler|def|1
|-unboost|p1a: Sneasler|spd|1
|-enditem|p1a: Sneasler|White Herb
|-clearnegativeboost|p1a: Sneasler|[silent]
|move|p2a: Blaziken|Flare Blitz|p1a: Sneasler
|-damage|p1a: Sneasler|0 fnt
|faint|p1a: Sneasler
|-damage|p2a: Blaziken|0 fnt|[from] Recoil
|faint|p2a: Blaziken
|move|p2b: Sylveon|Hyper Voice|p1b: Kingambit
|-activate|p1b: Kingambit|move: Protect
|
|upkeep
|
|t:|1782190110
|switch|p1a: Maushold|Maushold, L50|100/100
|switch|p2a: Sinistcha|Sinistcha, L50|100/100
|-heal|p2b: Sylveon|100/100|[from] ability: Hospitality|[of] p2a: Sinistcha
|turn|3
|
|t:|1782190125
|move|p1a: Maushold|Follow Me|p1a: Maushold
|-singleturn|p1a: Maushold|move: Follow Me
|move|p2a: Sinistcha|Rage Powder|p2a: Sinistcha
|-singleturn|p2a: Sinistcha|move: Rage Powder
|move|p2b: Sylveon|Hyper Voice|p1b: Kingambit|[spread] p1a,p1b
|-damage|p1a: Maushold|33/100
|-damage|p1b: Kingambit|64/100
|move|p1b: Kingambit|Kowtow Cleave|p2a: Sinistcha
|-supereffective|p2a: Sinistcha|1
|-damage|p2a: Sinistcha|0 fnt
|faint|p2a: Sinistcha
|
|upkeep
|
|t:|1782190132
|switch|p2a: Rotom|Rotom-Wash, L50|100/100
|turn|4
|
|t:|1782190142
|switch|p1a: Sinistcha|Sinistcha, L50|100/100
|-heal|p1b: Kingambit|88/100|[from] ability: Hospitality|[of] p1a: Sinistcha
|move|p1b: Kingambit|Protect|p1b: Kingambit
|-singleturn|p1b: Kingambit|Protect
|move|p2a: Rotom|Thunderbolt|p1a: Sinistcha
|-resisted|p1a: Sinistcha|1
|-damage|p1a: Sinistcha|81/100
|move|p2b: Sylveon|Hyper Voice|p1a: Sinistcha|[spread] p1a
|-activate|p1b: Kingambit|move: Protect
|-damage|p1a: Sinistcha|36/100
|-enditem|p1a: Sinistcha|Sitrus Berry|[eat]
|-heal|p1a: Sinistcha|60/100|[from] item: Sitrus Berry
|
|upkeep
|turn|5
|
|t:|1782190157
|move|p2a: Rotom|Protect|p2a: Rotom
|-singleturn|p2a: Rotom|Protect
|move|p1a: Sinistcha|Rage Powder|p1a: Sinistcha
|-singleturn|p1a: Sinistcha|move: Rage Powder
|move|p2b: Sylveon|Hyper Voice|p1a: Sinistcha|[spread] p1a,p1b
|-damage|p1a: Sinistcha|14/100
|-damage|p1b: Kingambit|42/100
|move|p1b: Kingambit|Kowtow Cleave|p2b: Sylveon
|-resisted|p2b: Sylveon|1
|-damage|p2b: Sylveon|49/100
|
|upkeep
|turn|6
|
|t:|1782190175
|switch|p1a: Maushold|Maushold, L50|33/100
|move|p1b: Kingambit|Protect|p1b: Kingambit
|-singleturn|p1b: Kingambit|Protect
|move|p2a: Rotom|Thunderbolt|p1a: Maushold
|-crit|p1a: Maushold
|-damage|p1a: Maushold|0 fnt
|faint|p1a: Maushold
|move|p2b: Sylveon|Hyper Voice|p1b: Kingambit
|-activate|p1b: Kingambit|move: Protect
|
|upkeep
|
|t:|1782190183
|switch|p1a: Sinistcha|Sinistcha, L50|14/100
|-heal|p1b: Kingambit|67/100|[from] ability: Hospitality|[of] p1a: Sinistcha
|turn|7
|
|t:|1782190196
|move|p1a: Sinistcha|Rage Powder|p1a: Sinistcha
|-singleturn|p1a: Sinistcha|move: Rage Powder
|move|p2a: Rotom|Thunderbolt|p1a: Sinistcha
|-resisted|p1a: Sinistcha|1
|-damage|p1a: Sinistcha|0 fnt
|faint|p1a: Sinistcha
|move|p2b: Sylveon|Hyper Beam|p1b: Kingambit
|-damage|p1b: Kingambit|0 fnt
|-mustrecharge|p2b: Sylveon
|faint|p1b: Kingambit
|
|win|Rin Rin Renacuaja
|raw|meikh_neiht's rating: 1191 → 1166(-25 for losing)
|raw|Rin Rin Renacuaja's rating: 1185 → 1210(+25 for winning)
|l|☆meikh_neiht
|player|p1|
