|j|☆Sinho77
|j|☆cesc19
|html|Sinho77cesc19    
|uhtml|bestof|Game 1 of a best-of-3
|t:|1782206522
|gametype|doubles
|player|p1|Sinho77|tate|1065
|player|p2|cesc19|102|1138
|gen|9
|tier|[Gen 9 Champions] VGC 2026 Reg M-B (Bo3)
|rated|
|rule|Species Clause: Limit one of each Pokémon
|rule|Item Clause: Limit 1 of each item
|clearpoke
|poke|p1|Swampert, L50, F|
|poke|p1|Pelipper, L50, F|
|poke|p1|Rotom-Heat, L50|
|poke|p1|Kingambit, L50, F|
|poke|p1|Venusaur, L50, F|
|poke|p1|Dragonite, L50, M|
|poke|p2|Pyroar, L50, M|
|poke|p2|Venusaur, L50, M|
|poke|p2|Torkoal, L50, M|
|poke|p2|Mimikyu, L50, M|
|poke|p2|Garchomp, L50, M|
|poke|p2|Scrafty, L50, F|
|teampreview|4
|showteam|p1|Swampert||Swampertite|Torrent|Earthquake,WaveCrash,Protect,RockSlide|Adamant||F|||50|]Pelipper||SitrusBerry|Drizzle|Hurricane,WeatherBall,Tailwind,Protect|Bold||F|||50|]Rotom-Heat||Leftovers|Levitate|Overheat,VoltSwitch,WillOWisp,Protect|Bold|||||50|]Kingambit||BlackGlasses|Defiant|KowtowCleave,SuckerPunch,IronHead,Protect|Adamant||F|||50|]Venusaur||FocusSash|Chlorophyll|EnergyBall,SludgeBomb,SleepPowder,Protect|Modest||F|||50|]Dragonite||Dragoninite|Multiscale|DragonPulse,Hurricane,Thunderbolt,Protect|Modest||M|||50|
|showteam|p2|Pyroar||Pyroarite|Unnerve|HeatWave,SolarBeam,Overheat,Protect|Timid||M|||50|]Venusaur||FocusSash|Chlorophyll|EnergyBall,SludgeBomb,AcidSpray,Protect|Modest||M|||50|]Torkoal||Charcoal|Drought|Eruption,WeatherBall,HelpingHand,Protect|Quiet||M|||50|]Mimikyu||SitrusBerry|Disguise|PlayRough,ShadowSneak,WillOWisp,TrickRoom|Brave||M|||50|]Garchomp||LifeOrb|RoughSkin|Earthquake,DragonClaw,RockSlide,Protect|Jolly||M|||50|]Scrafty||BlackBelt|Intimidate|CloseCombat,KnockOff,IcePunch,FakeOut|Adamant||F|||50|
|inactive|Battle timer is ON: inactive players will automatically lose when time's up. (requested by cesc19)
|inactive|Sinho77 has 60 seconds left.
|inactive|cesc19 has 60 seconds left.
|inactive|cesc19 has 30 seconds left.
|
|t:|1782206592
|teamsize|p1|4
|teamsize|p2|4
|start
|switch|p1a: Swampert|Swampert, L50, F|100/100
|switch|p1b: Rotom|Rotom-Heat, L50|100/100
|switch|p2a: Garchomp|Garchomp, L50, M|100/100
|switch|p2b: Venusaur|Venusaur, L50, M|100/100
|turn|1
|
|t:|1782206614
|switch|p1a: Venusaur|Venusaur, L50, F|100/100
|move|p2b: Venusaur|Protect|p2b: Venusaur
|-singleturn|p2b: Venusaur|Protect
|move|p2a: Garchomp|Rock Slide|p1b: Rotom|[spread] p1a,p1b
|-supereffective|p1b: Rotom|1
|-damage|p1a: Venusaur|74/100
|-damage|p1b: Rotom|47/100
|-damage|p2a: Garchomp|90/100|[from] item: Life Orb
|move|p1b: Rotom|Overheat|p2b: Venusaur
|-activate|p2b: Venusaur|move: Protect
|
|-heal|p1b: Rotom|54/100|[from] item: Leftovers
|upkeep
|turn|2
|
|t:|1782206637
|move|p2a: Garchomp|Dragon Claw|p1a: Venusaur
|-damage|p1a: Venusaur|17/100
|-damage|p2a: Garchomp|80/100|[from] item: Life Orb
|move|p1a: Venusaur|Sleep Powder|p2a: Garchomp|[miss]
|-miss|p1a: Venusaur|p2a: Garchomp
|move|p2b: Venusaur|Sludge Bomb|p1a: Venusaur
|-damage|p1a: Venusaur|0 fnt
|faint|p1a: Venusaur
|move|p1b: Rotom|Overheat|p2b: Venusaur
|-supereffective|p2b: Venusaur|1
|-enditem|p2b: Venusaur|Focus Sash
|-damage|p2b: Venusaur|1/100
|-unboost|p1b: Rotom|spa|2
|
|-heal|p1b: Rotom|60/100|[from] item: Leftovers
|upkeep
|
|t:|1782206652
|switch|p1a: Swampert|Swampert, L50, F|100/100
|turn|3
|
|t:|1782206659
|switch|p1b: Pelipper|Pelipper, L50, F|100/100
|-weather|RainDance|[from] ability: Drizzle|[of] p1b: Pelipper
|detailschange|p1a: Swampert|Swampert-Mega, L50, F
|-mega|p1a: Swampert|Swampert|Swampertite
|move|p2b: Venusaur|Protect|p2b: Venusaur
|-singleturn|p2b: Venusaur|Protect
|move|p1a: Swampert|Earthquake|p2b: Venusaur|[spread] p2a
|-activate|p2b: Venusaur|move: Protect
|-immune|p1b: Pelipper
|-damage|p2a: Garchomp|32/100
|move|p2a: Garchomp|Rock Slide|p1b: Pelipper|[spread] p1a
|-miss|p2a: Garchomp|p1b: Pelipper
|-resisted|p1a: Swampert|1
|-damage|p1a: Swampert|88/100
|-damage|p2a: Garchomp|22/100|[from] item: Life Orb
|
|-weather|RainDance|[upkeep]
|upkeep
|turn|4
|
|t:|1782206682
|switch|p2a: Torkoal|Torkoal, L50, M|100/100
|-weather|SunnyDay|[from] ability: Drought|[of] p2a: Torkoal
|move|p1a: Swampert|Protect|p1a: Swampert
|-singleturn|p1a: Swampert|Protect
|move|p2b: Venusaur|Energy Ball|p1a: Swampert
|-activate|p1a: Swampert|move: Protect
|move|p1b: Pelipper|Tailwind|p1b: Pelipper
|-sidestart|p1: Sinho77|move: Tailwind
|
|-weather|SunnyDay|[upkeep]
|upkeep
|turn|5
|inactive|Sinho77 has 30 seconds left.
|
|t:|1782206708
|move|p2b: Venusaur|Sludge Bomb|p1b: Pelipper
|-damage|p1b: Pelipper|43/100
|-status|p1b: Pelipper|psn
|-enditem|p1b: Pelipper|Sitrus Berry|[eat]
|-heal|p1b: Pelipper|68/100 psn|[from] item: Sitrus Berry
|move|p1a: Swampert|Earthquake|p2b: Venusaur|[spread] p2a,p2b
|-immune|p1b: Pelipper
|-supereffective|p2a: Torkoal|1
|-damage|p2a: Torkoal|34/100
|-damage|p2b: Venusaur|0 fnt
|faint|p2b: Venusaur
|move|p1b: Pelipper|Weather Ball|p2a: Torkoal
|-resisted|p2a: Torkoal|1
|-damage|p2a: Torkoal|10/100
|move|p2a: Torkoal|Eruption|p1a: Swampert|[spread] p1a,p1b
|-resisted|p1a: Swampert|1
|-resisted|p1b: Pelipper|1
|-damage|p1a: Swampert|84/100
|-damage|p1b: Pelipper|63/100 psn
|
|-weather|SunnyDay|[upkeep]
|-damage|p1b: Pelipper|50/100g psn|[from] psn
|upkeep
|
|t:|1782206730
|switch|p2b: Garchomp|Garchomp, L50, M|22/100
|turn|6
|
|t:|1782206740
|switch|p1b: Rotom|Rotom-Heat, L50|60/100
|move|p2b: Garchomp|Protect|p2b: Garchomp
|-singleturn|p2b: Garchomp|Protect
|move|p2a: Torkoal|Protect|p2a: Torkoal
|-singleturn|p2a: Torkoal|Protect
|move|p1a: Swampert|Earthquake|p2a: Torkoal|[spread] 
|-activate|p2a: Torkoal|move: Protect
|-activate|p2b: Garchomp|move: Protect
|-immune|p1b: Rotom|[from] ability: Levitate
|
|-weather|SunnyDay|[upkeep]
|-heal|p1b: Rotom|66/100|[from] item: Leftovers
|upkeep
|turn|7
|
|t:|1782206757
|switch|p1b: Pelipper|Pelipper, L50, F|50/100g psn
|-weather|RainDance|[from] ability: Drizzle|[of] p1b: Pelipper
|switch|p2a: Pyroar|Pyroar, L50, M|100/100
|-ability|p2a: Pyroar|Unnerve
|move|p1a: Swampert|Earthquake|p2b: Garchomp|[spread] p2a,p2b
|-immune|p1b: Pelipper
|-supereffective|p2a: Pyroar|1
|-damage|p2a: Pyroar|0 fnt
|-damage|p2b: Garchomp|0 fnt
|faint|p2a: Pyroar
|faint|p2b: Garchomp
|
|-weather|RainDance|[upkeep]
|-damage|p1b: Pelipper|38/100 psn|[from] psn
|-sideend|p1: Sinho77|move: Tailwind
|upkeep
|
|t:|1782206773
|switch|p2b: Torkoal|Torkoal, L50, M|10/100
|-weather|SunnyDay|[from] ability: Drought|[of] p2b: Torkoal
|turn|8
|
|t:|1782206778
|move|p1a: Swampert|Earthquake|p2b: Torkoal|[spread] p2b
|-immune|p1b: Pelipper
|-supereffective|p2b: Torkoal|1
|-damage|p2b: Torkoal|0 fnt
|faint|p2b: Torkoal
|
|win|Sinho77
||cesc19 is ready for game 2.
||Sinho77 is ready for game 2.
|uhtml|next|Next: Game 2 of 3
|l|☆cesc19
|player|p2|
