|j|☆Beanybag
|j|☆vjunixyt
|html|Beanybagvjunixyt    
|uhtml|bestof|Game 1 of a best-of-3
|t:|1783046143
|gametype|doubles
|player|p1|Beanybag|102|1187
|player|p2|vjunixyt|169|1175
|gen|9
|tier|[Gen 9 Champions] VGC 2026 Reg M-B (Bo3)
|rated|
|rule|Species Clause: Limit one of each Pokémon
|rule|Item Clause: Limit 1 of each item
|clearpoke
|poke|p1|Ampharos, L50, M|
|poke|p1|Lopunny, L50, F|
|poke|p1|Grimmsnarl, L50, M|
|poke|p1|Bellibolt, L50, M|
|poke|p1|Sinistcha, L50|
|poke|p1|Toxapex, L50, F|
|poke|p2|Grimmsnarl, L50, M|
|poke|p2|Swampert, L50, M|
|poke|p2|Pelipper, L50, F|
|poke|p2|Archaludon, L50, M|
|poke|p2|Metagross, L50|
|poke|p2|Sinistcha-Masterpiece, L50|
|teampreview|4
|showteam|p1|Ampharos||Ampharosite|Static|CottonGuard,ParabolicCharge,DragonPulse,Protect|Sassy||M|||50|]Lopunny||Lopunnite|Limber|FakeOut,CloseCombat,SwordsDance,BrutalSwing|Jolly||F|||50|]Grimmsnarl||SitrusBerry|Prankster|FakeOut,PartingShot,SpiritBreak,LightScreen|Brave||M|||50|]Bellibolt||ShucaBerry|Electromorphosis|Soak,Toxic,VoltSwitch,SlackOff|Relaxed||M|||50|]Sinistcha||FocusSash|Hospitality|MatchaGotcha,RagePowder,Protect,TrickRoom|Quiet|||||50|]Toxapex||Leftovers|Merciless|BanefulBunker,Stockpile,Recover,PoisonJab|Careful||F|||50|
|showteam|p2|Grimmsnarl||LightClay|Prankster|PartingShot,Reflect,LightScreen,FoulPlay|Calm||M|||50|]Swampert||Swampertite|Torrent|WaveCrash,Earthquake,IcePunch,Protect|Adamant||M|||50|]Pelipper||SitrusBerry|Drizzle|Hurricane,WeatherBall,Tailwind,WideGuard|Modest||F|||50|]Archaludon||Leftovers|Stamina|ElectroShot,DragonPulse,Protect,FlashCannon|Modest||M|||50|]Metagross||Metagrossite|ClearBody|IronDefense,PsychicFangs,BodyPress,Protect|Jolly|||||50|]Sinistcha-Masterpiece||CobaBerry|Hospitality|RagePowder,MatchaGotcha,TrickRoom,Protect|Relaxed|||||50|
|
|t:|1783046164
|teamsize|p1|4
|teamsize|p2|4
|start
|switch|p1a: Grimmsnarl|Grimmsnarl, L50, M|100/100
|switch|p1b: Sinistcha|Sinistcha, L50|100/100
|switch|p2a: Pelipper|Pelipper, L50, F|100/100
|switch|p2b: Swampert|Swampert, L50, M|100/100
|-weather|RainDance|[from] ability: Drizzle|[of] p2a: Pelipper
|turn|1
|
|t:|1783046178
|detailschange|p2b: Swampert|Swampert-Mega, L50, M
|-mega|p2b: Swampert|Swampert|Swampertite
|move|p1a: Grimmsnarl|Fake Out|p2a: Pelipper
|-damage|p2a: Pelipper|84/100
|move|p2b: Swampert|Earthquake|p1b: Sinistcha|[spread] p1a,p1b
|-immune|p2a: Pelipper
|-resisted|p1b: Sinistcha|1
|-damage|p1a: Grimmsnarl|41/100
|-damage|p1b: Sinistcha|78/100
|-enditem|p1a: Grimmsnarl|Sitrus Berry|[eat]
|-heal|p1a: Grimmsnarl|66/100|[from] item: Sitrus Berry
|cant|p2a: Pelipper|flinch
|move|p1b: Sinistcha|Trick Room|p1b: Sinistcha
|-fieldstart|move: Trick Room|[of] p1b: Sinistcha
|
|-weather|RainDance|[upkeep]
|upkeep
|turn|2
|
|t:|1783046205
|switch|p1b: Bellibolt|Bellibolt, L50, M|100/100
|move|p2b: Swampert|Protect|p2b: Swampert
|-singleturn|p2b: Swampert|Protect
|move|p1a: Grimmsnarl|Parting Shot|p2a: Pelipper
|-unboost|p2a: Pelipper|atk|1
|-unboost|p2a: Pelipper|spa|1
|
|t:|1783046209
|switch|p1a: Sinistcha|Sinistcha, L50|78/100|[from] Parting Shot
|move|p2a: Pelipper|Hurricane|p1b: Bellibolt
|-resisted|p1b: Bellibolt|1
|-crit|p1b: Bellibolt
|-damage|p1b: Bellibolt|69/100
|-start|p1b: Bellibolt|confusion
|-start|p1b: Bellibolt|Charge|Hurricane|[from] ability: Electromorphosis
|
|-weather|RainDance|[upkeep]
|upkeep
|turn|3
|
|t:|1783046229
|switch|p2a: Grimmsnarl|Grimmsnarl, L50, M|100/100
|switch|p2b: Archaludon|Archaludon, L50, M|100/100
|-activate|p1b: Bellibolt|confusion
|move|p1b: Bellibolt|Volt Switch|p2a: Grimmsnarl
|-damage|p2a: Grimmsnarl|50/100g
|-end|p1b: Bellibolt|Charge|[silent]
|
|t:|1783046246
|switch|p1b: Grimmsnarl|Grimmsnarl, L50, M|66/100|[from] Volt Switch
|move|p1a: Sinistcha|Matcha Gotcha|p2b: Archaludon|[spread] p2a,p2b
|-resisted|p2b: Archaludon|2
|-damage|p2a: Grimmsnarl|22/100
|-heal|p1a: Sinistcha|94/100|[from] drain|[of] p2a: Grimmsnarl
|-damage|p2b: Archaludon|92/100
|-heal|p1a: Sinistcha|98/100|[from] drain|[of] p2b: Archaludon
|-ability|p2b: Archaludon|Stamina|boost
|-boost|p2b: Archaludon|def|1
|
|-weather|RainDance|[upkeep]
|-heal|p2b: Archaludon|98/100|[from] item: Leftovers
|upkeep
|turn|4
|
|t:|1783046267
|move|p1b: Grimmsnarl|Parting Shot|p2b: Archaludon
|-unboost|p2b: Archaludon|atk|1
|-unboost|p2b: Archaludon|spa|1
|
|t:|1783046270
|switch|p1b: Bellibolt|Bellibolt, L50, M|69/100|[from] Parting Shot
|move|p2a: Grimmsnarl|Reflect|p2a: Grimmsnarl
|-sidestart|p2: vjunixyt|Reflect
|move|p1a: Sinistcha|Matcha Gotcha|p2b: Archaludon|[spread] p2a,p2b
|-resisted|p2b: Archaludon|2
|-damage|p2a: Grimmsnarl|0 fnt
|-heal|p1a: Sinistcha|100/100|[from] drain|[of] p2a: Grimmsnarl
|-damage|p2b: Archaludon|91/100
|-ability|p2b: Archaludon|Stamina|boost
|-boost|p2b: Archaludon|def|1
|faint|p2a: Grimmsnarl
|move|p2b: Archaludon|Electro Shot||[still]
|-prepare|p2b: Archaludon|Electro Shot
|-boost|p2b: Archaludon|spa|1
|-anim|p2b: Archaludon|Electro Shot|p1b: Bellibolt
|-resisted|p1b: Bellibolt|1
|-damage|p1b: Bellibolt|50/100g
|-start|p1b: Bellibolt|Charge|Electro Shot|[from] ability: Electromorphosis
|
|-weather|RainDance|[upkeep]
|-heal|p2b: Archaludon|97/100|[from] item: Leftovers
|upkeep
|
|t:|1783046281
|switch|p2a: Swampert|Swampert-Mega, L50, M|100/100
|turn|5
|
|t:|1783046297
|move|p2a: Swampert|Protect|p2a: Swampert
|-singleturn|p2a: Swampert|Protect
|move|p1b: Bellibolt|Soak|p2b: Archaludon
|-start|p2b: Archaludon|typechange|Water
|move|p1a: Sinistcha|Matcha Gotcha|p2a: Swampert|[spread] p2b
|-activate|p2a: Swampert|move: Protect
|-supereffective|p2b: Archaludon|1
|-damage|p2b: Archaludon|32/100
|-ability|p2b: Archaludon|Stamina|boost
|-boost|p2b: Archaludon|def|1
|move|p2b: Archaludon|Dragon Pulse|p1a: Sinistcha
|-damage|p1a: Sinistcha|65/100
|
|-weather|none
|-heal|p2b: Archaludon|38/100|[from] item: Leftovers
|-fieldend|move: Trick Room
|upkeep
|turn|6
|
|t:|1783046340
|switch|p2b: Pelipper|Pelipper, L50, F|84/100
|-weather|RainDance|[from] ability: Drizzle|[of] p2b: Pelipper
|move|p1a: Sinistcha|Protect|p1a: Sinistcha
|-singleturn|p1a: Sinistcha|Protect
|move|p2a: Swampert|Ice Punch|p1a: Sinistcha
|-activate|p1a: Sinistcha|move: Protect
|move|p1b: Bellibolt|Volt Switch|p2b: Pelipper
|-supereffective|p2b: Pelipper|2
|-damage|p2b: Pelipper|0 fnt
|faint|p2b: Pelipper
|-end|p1b: Bellibolt|Charge|[silent]
|
|t:|1783046347
|switch|p1b: Grimmsnarl|Grimmsnarl, L50, M|66/100|[from] Volt Switch
|
|-weather|RainDance|[upkeep]
|upkeep
|
|t:|1783046362
|switch|p2b: Archaludon|Archaludon, L50, M|38/100
|turn|7
|
|t:|1783046404
|move|p1b: Grimmsnarl|Fake Out|p2a: Swampert
|-damage|p2a: Swampert|91/100
|cant|p2a: Swampert|flinch
|move|p2b: Archaludon|Flash Cannon|p1b: Grimmsnarl
|-supereffective|p1b: Grimmsnarl|1
|-damage|p1b: Grimmsnarl|0 fnt
|faint|p1b: Grimmsnarl
|move|p1a: Sinistcha|Matcha Gotcha|p2a: Swampert|[spread] p2a
|-miss|p1a: Sinistcha|p2b: Archaludon
|-supereffective|p2a: Swampert|2
|-damage|p2a: Swampert|0 fnt
|-heal|p1a: Sinistcha|100/100|[from] drain|[of] p2a: Swampert
|faint|p2a: Swampert
|
|-weather|RainDance|[upkeep]
|-heal|p2b: Archaludon|44/100|[from] item: Leftovers
|upkeep
|
|t:|1783046406
|switch|p1b: Bellibolt|Bellibolt, L50, M|50/100g
|turn|8
|
|t:|1783046434
|move|p2b: Archaludon|Dragon Pulse|p1a: Sinistcha
|-damage|p1a: Sinistcha|57/100
|move|p1a: Sinistcha|Matcha Gotcha|p2b: Archaludon
|-resisted|p2b: Archaludon|2
|-damage|p2b: Archaludon|34/100
|-heal|p1a: Sinistcha|62/100|[from] drain|[of] p2b: Archaludon
|-ability|p2b: Archaludon|Stamina|boost
|-boost|p2b: Archaludon|def|1
|move|p1b: Bellibolt|Soak|p2b: Archaludon
|-start|p2b: Archaludon|typechange|Water
|
|-weather|RainDance|[upkeep]
|-heal|p2b: Archaludon|40/100|[from] item: Leftovers
|upkeep
|turn|9
|-message|vjunixyt forfeited.
|
|win|Beanybag
|l|☆vjunixyt
|player|p2|
||vjunixyt is ready for game 2.
||Beanybag is ready for game 2.
|uhtml|next|Next: Game 2 of 3
|l|☆Beanybag
|player|p1|
|j|☆Beanybag
|player|p1|Beanybag|102|
