|j|☆bingchilin2
|j|☆hkings234
|html|bingchilin2hkings234    
|uhtml|bestof|Game 1 of a best-of-3
|t:|1785480485
|gametype|doubles
|player|p1|bingchilin2|102|1088
|player|p2|hkings234|170|1000
|gen|9
|tier|[Gen 9 Champions] VGC 2026 Reg M-B (Bo3)
|rated|
|rule|Species Clause: Limit one of each Pokémon
|rule|Item Clause: Limit 1 of each item
|clearpoke
|poke|p1|Kommo-o, L50, M|
|poke|p1|Gengar, L50, M|
|poke|p1|Maushold-Four, L50|
|poke|p1|Charizard, L50, M|
|poke|p1|Venusaur, L50, M|
|poke|p1|Incineroar, L50, M|
|poke|p2|Raichu, L50, F|
|poke|p2|Heliolisk, L50, M|
|poke|p2|Garchomp, L50, F|
|poke|p2|Tyranitar, L50, F|
|poke|p2|Whimsicott, L50, M|
|poke|p2|Corviknight, L50, F|
|teampreview|4
|showteam|p1|Kommo-o||Leftovers|Soundproof|Protect,ClangingScales,BodyPress,IronDefense|Bold||M|||50|]Gengar||Gengarite|CursedBody|Protect,ShadowBall,SludgeBomb,PerishSong|Timid||M|||50|]Maushold-Four||ChopleBerry|FriendGuard|Protect,PopulationBomb,FollowMe,Encore|Jolly|||||50|]Charizard||CharizarditeY|Blaze|Protect,HeatWave,WeatherBall,SolarBeam|Timid||M|||50|]Venusaur||WideLens|Chlorophyll|Protect,LeafStorm,EarthPower,SleepPowder|Timid||M|||50|]Incineroar||SitrusBerry|Intimidate|Protect,ThroatChop,PartingShot,FakeOut|Careful||M|||50|
|showteam|p2|Raichu||RaichuniteY|LightningRod|ZapCannon,FakeOut,FocusBlast,Protect|Hasty||F|||50|]Heliolisk||FocusSash|SandVeil|Discharge,Electroweb,Protect,WeatherBall|Timid||M|||50|]Garchomp||Garchompite|RoughSkin|DragonClaw,Earthquake,Protect,RockSlide|Jolly||F|||50|]Tyranitar||SitrusBerry|SandStream|DragonDance,KnockOff,RockSlide,Protect|Adamant||F|||50|]Whimsicott||FairyFeather|Prankster|Tailwind,Moonblast,Encore,StunSpore|Bold||M|||50|]Corviknight||Leftovers|MirrorArmor|BulkUp,BodyPress,Roost,BraveBird|Careful||F|||50|
|c|☆hkings234|Glhf!
|
|t:|1785480553
|teamsize|p1|4
|teamsize|p2|4
|start
|switch|p1a: Charizard|Charizard, L50, M|100/100
|switch|p1b: Venusaur|Venusaur, L50, M|100/100
|switch|p2a: Raichu|Raichu, L50, F|100/100
|switch|p2b: Heliolisk|Heliolisk, L50, M|100/100
|turn|1
|
|t:|1785480586
|move|p1a: Charizard|Protect|p1a: Charizard
|-singleturn|p1a: Charizard|Protect
|move|p1b: Venusaur|Protect|p1b: Venusaur
|-singleturn|p1b: Venusaur|Protect
|move|p2a: Raichu|Fake Out|p1b: Venusaur
|-activate|p1b: Venusaur|move: Protect
|move|p2b: Heliolisk|Weather Ball|p1b: Venusaur
|-activate|p1b: Venusaur|move: Protect
|
|upkeep
|turn|2
|
|t:|1785480610
|switch|p2a: Whimsicott|Whimsicott, L50, M|100/100
|detailschange|p1a: Charizard|Charizard-Mega-Y, L50, M
|-mega|p1a: Charizard|Charizard|Charizardite Y
|-weather|SunnyDay|[from] ability: Drought|[of] p1a: Charizard
|move|p1b: Venusaur|Sleep Powder|p2b: Heliolisk
|-status|p2b: Heliolisk|slp|[from] move: Sleep Powder
|cant|p2b: Heliolisk|slp
|move|p1a: Charizard|Weather Ball|p2a: Whimsicott
|-supereffective|p2a: Whimsicott|1
|-damage|p2a: Whimsicott|0 fnt
|faint|p2a: Whimsicott
|
|-weather|SunnyDay|[upkeep]
|upkeep
|
|t:|1785480623
|switch|p2a: Tyranitar|Tyranitar, L50, F|100/100
|-weather|Sandstorm|[from] ability: Sand Stream|[of] p2a: Tyranitar
|turn|3
|
|t:|1785480640
|switch|p1a: Incineroar|Incineroar, L50, M|100/100
|-ability|p1a: Incineroar|Intimidate|boost
|-unboost|p2a: Tyranitar|atk|1
|-unboost|p2b: Heliolisk|atk|1
|cant|p2b: Heliolisk|slp
|move|p1b: Venusaur|Earth Power|p2b: Heliolisk
|-supereffective|p2b: Heliolisk|1
|-damage|p2b: Heliolisk|22/100 slp
|-unboost|p2b: Heliolisk|spd|1
|move|p2a: Tyranitar|Rock Slide|p1b: Venusaur|[spread] p1a,p1b
|-supereffective|p1a: Incineroar|1
|-damage|p1a: Incineroar|61/100
|-damage|p1b: Venusaur|74/100
|
|-weather|Sandstorm|[upkeep]
|-damage|p1b: Venusaur|69/100|[from] Sandstorm
|-damage|p1a: Incineroar|55/100|[from] Sandstorm
|upkeep
|turn|4
|
|t:|1785480659
|-curestatus|p2b: Heliolisk|slp|[msg]
|move|p2b: Heliolisk|Protect|p2b: Heliolisk
|-singleturn|p2b: Heliolisk|Protect
|move|p2a: Tyranitar|Protect|p2a: Tyranitar
|-singleturn|p2a: Tyranitar|Protect
|move|p1a: Incineroar|Fake Out|p2a: Tyranitar
|-activate|p2a: Tyranitar|move: Protect
|move|p1b: Venusaur|Earth Power|p2b: Heliolisk
|-activate|p2b: Heliolisk|move: Protect
|
|-weather|Sandstorm|[upkeep]
|-damage|p1b: Venusaur|63/100|[from] Sandstorm
|-damage|p1a: Incineroar|49/100|[from] Sandstorm
|-enditem|p1a: Incineroar|Sitrus Berry|[eat]
|-heal|p1a: Incineroar|74/100|[from] item: Sitrus Berry
|upkeep
|turn|5
|
|t:|1785480701
|move|p2b: Heliolisk|Electroweb|p1b: Venusaur|[spread] p1a,p1b
|-resisted|p1b: Venusaur|1
|-damage|p1a: Incineroar|58/100
|-damage|p1b: Venusaur|52/100
|-unboost|p1a: Incineroar|spe|1
|-unboost|p1b: Venusaur|spe|1
|move|p2a: Tyranitar|Knock Off|p1b: Venusaur
|-damage|p1b: Venusaur|5/100
|-enditem|p1b: Venusaur|Wide Lens|[from] move: Knock Off|[of] p2a: Tyranitar
|move|p1b: Venusaur|Earth Power|p2b: Heliolisk|[miss]
|-miss|p1b: Venusaur|p2b: Heliolisk
|move|p1a: Incineroar|Parting Shot|p2a: Tyranitar
|-unboost|p2a: Tyranitar|atk|1
|-unboost|p2a: Tyranitar|spa|1
|
|t:|1785480719
|switch|p1a: Charizard|Charizard-Mega-Y, L50, M|100/100|[from] Parting Shot
|-weather|SunnyDay|[from] ability: Drought|[of] p1a: Charizard
|
|-weather|SunnyDay|[upkeep]
|upkeep
|turn|6
|
|t:|1785480753
|switch|p1b: Incineroar|Incineroar, L50, M|58/100
|-ability|p1b: Incineroar|Intimidate|boost
|-unboost|p2a: Tyranitar|atk|1
|-unboost|p2b: Heliolisk|atk|1
|move|p2b: Heliolisk|Electroweb|p1b: Incineroar|[spread] p1a,p1b
|-supereffective|p1a: Charizard|1
|-damage|p1a: Charizard|68/100
|-damage|p1b: Incineroar|43/100
|-unboost|p1a: Charizard|spe|1
|-unboost|p1b: Incineroar|spe|1
|move|p2a: Tyranitar|Rock Slide|p1a: Charizard|[spread] p1a,p1b
|-supereffective|p1a: Charizard|2
|-crit|p1a: Charizard
|-supereffective|p1b: Incineroar|1
|-damage|p1a: Charizard|0 fnt
|-damage|p1b: Incineroar|22/100
|faint|p1a: Charizard
|
|-weather|SunnyDay|[upkeep]
|upkeep
|
|t:|1785480765
|switch|p1a: Kommo-o|Kommo-o, L50, M|100/100
|turn|7
|c|☆hkings234|Sorry
|
|t:|1785480779
|switch|p2a: Raichu|Raichu, L50, F|100/100
|move|p2b: Heliolisk|Discharge|p1b: Incineroar|[spread] p1a,p1b
|-ability|p2a: Raichu|Lightning Rod|boost
|-boost|p2a: Raichu|spa|1
|-resisted|p1a: Kommo-o|1
|-crit|p1b: Incineroar
|-damage|p1a: Kommo-o|89/100
|-damage|p1b: Incineroar|0 fnt
|-status|p1a: Kommo-o|par
|faint|p1b: Incineroar
|move|p1a: Kommo-o|Iron Defense|p1a: Kommo-o
|-boost|p1a: Kommo-o|def|2
|
|-weather|SunnyDay|[upkeep]
|-heal|p1a: Kommo-o|95/100 par|[from] item: Leftovers
|upkeep
|
|t:|1785480784
|switch|p1b: Venusaur|Venusaur, L50, M|5/100
|turn|8
|
|t:|1785480801
|detailschange|p2a: Raichu|Raichu-Mega-Y, L50, F
|-mega|p2a: Raichu|Raichu|Raichunite Y
|move|p2a: Raichu|Fake Out|p1b: Venusaur
|-damage|p1b: Venusaur|0 fnt
|faint|p1b: Venusaur
|move|p2b: Heliolisk|Electroweb|p1a: Kommo-o
|-resisted|p1a: Kommo-o|1
|-damage|p1a: Kommo-o|83/100 par
|-unboost|p1a: Kommo-o|spe|1
|move|p1a: Kommo-o|Body Press|p2a: Raichu
|-damage|p2a: Raichu|0 fnt
|faint|p2a: Raichu
|
|-weather|SunnyDay|[upkeep]
|-heal|p1a: Kommo-o|89/100 par|[from] item: Leftovers
|upkeep
|
|t:|1785480813
|switch|p2a: Tyranitar|Tyranitar, L50, F|100/100
|-weather|Sandstorm|[from] ability: Sand Stream|[of] p2a: Tyranitar
|turn|9
|
|t:|1785480829
|move|p2a: Tyranitar|Protect|p2a: Tyranitar
|-singleturn|p2a: Tyranitar|Protect
|move|p2b: Heliolisk|Discharge|p1a: Kommo-o|[spread] p1a
|-activate|p2a: Tyranitar|move: Protect
|-resisted|p1a: Kommo-o|1
|-damage|p1a: Kommo-o|77/100 par
|move|p1a: Kommo-o|Body Press|p2a: Tyranitar
|-activate|p2a: Tyranitar|move: Protect
|
|-weather|Sandstorm|[upkeep]
|-damage|p1a: Kommo-o|71/100 par|[from] Sandstorm
|-heal|p1a: Kommo-o|77/100 par|[from] item: Leftovers
|upkeep
|turn|10
|
|t:|1785480841
|move|p2b: Heliolisk|Electroweb|p1a: Kommo-o
|-resisted|p1a: Kommo-o|1
|-damage|p1a: Kommo-o|67/100 par
|-unboost|p1a: Kommo-o|spe|1
|move|p2a: Tyranitar|Rock Slide|p1a: Kommo-o
|-resisted|p1a: Kommo-o|1
|-damage|p1a: Kommo-o|60/100 par
|cant|p1a: Kommo-o|flinch
|
|-weather|Sandstorm|[upkeep]
|-damage|p1a: Kommo-o|53/100 par|[from] Sandstorm
|-heal|p1a: Kommo-o|60/100 par|[from] item: Leftovers
|upkeep
|turn|11
|
|t:|1785480852
|move|p2b: Heliolisk|Electroweb|p1a: Kommo-o
|-resisted|p1a: Kommo-o|1
|-damage|p1a: Kommo-o|48/100 par
|-unboost|p1a: Kommo-o|spe|1
|move|p2a: Tyranitar|Rock Slide|p1a: Kommo-o
|-resisted|p1a: Kommo-o|1
|-damage|p1a: Kommo-o|40/100 par
|move|p1a: Kommo-o|Body Press|p2a: Tyranitar
|-supereffective|p2a: Tyranitar|2
|-damage|p2a: Tyranitar|0 fnt
|faint|p2a: Tyranitar
|
|-weather|Sandstorm|[upkeep]
|-damage|p1a: Kommo-o|34/100 par|[from] Sandstorm
|-heal|p1a: Kommo-o|40/100 par|[from] item: Leftovers
|upkeep
|turn|12
|
|t:|1785480862
|move|p2b: Heliolisk|Discharge|p1a: Kommo-o
|-resisted|p1a: Kommo-o|1
|-damage|p1a: Kommo-o|23/100 par
|cant|p1a: Kommo-o|par
|
|-weather|Sandstorm|[upkeep]
|-damage|p1a: Kommo-o|17/100 par|[from] Sandstorm
|-heal|p1a: Kommo-o|23/100 par|[from] item: Leftovers
|upkeep
|turn|13
|
|t:|1785480868
|move|p1a: Kommo-o|Protect|p1a: Kommo-o
|-singleturn|p1a: Kommo-o|Protect
|move|p2b: Heliolisk|Discharge|p1a: Kommo-o
|-activate|p1a: Kommo-o|move: Protect
|
|-weather|none
|-heal|p1a: Kommo-o|30/100 par|[from] item: Leftovers
|upkeep
|turn|14
|
|t:|1785480871
|move|p2b: Heliolisk|Discharge|p1a: Kommo-o
|-resisted|p1a: Kommo-o|1
|-damage|p1a: Kommo-o|15/100 par
|move|p1a: Kommo-o|Body Press|p2b: Heliolisk
|-supereffective|p2b: Heliolisk|1
|-damage|p2b: Heliolisk|0 fnt
|faint|p2b: Heliolisk
|
|win|bingchilin2
||bingchilin2 is ready for game 2.
|c|☆hkings234|Gg
|inactive|hkings234 has 30 seconds to confirm battle start!
||hkings234 is ready for game 2.
|uhtml|next|Next: Game 2 of 3
|l|☆hkings234
|player|p2|
|j|☆hkings234
|player|p2|hkings234|170|
