|j|☆FloofyFlame
|j|☆ChiBees
|html|FloofyFlameChiBees    
|uhtml|bestof|Game 1 of a best-of-3
|t:|1783821231
|gametype|doubles
|player|p1|FloofyFlame|juggler|
|player|p2|ChiBees|102|
|gen|9
|tier|[Gen 9 Champions] VGC 2026 Reg M-B (Bo3)
|rule|Species Clause: Limit one of each Pokémon
|rule|Item Clause: Limit 1 of each item
|clearpoke
|poke|p1|Incineroar, L50, M|
|poke|p1|Sneasler, L50, F|
|poke|p1|Greninja, L50, M|
|poke|p1|Armarouge, L50, F|
|poke|p1|Drampa, L50, F|
|poke|p1|Floette-Eternal, L50, F|
|poke|p2|Blaziken, L50, F|
|poke|p2|Sylveon, L50, F|
|poke|p2|Whimsicott, L50, F|
|poke|p2|Gliscor, L50, F|
|poke|p2|Empoleon, L50, M|
|poke|p2|Toxicroak, L50, M|
|teampreview|4
|showteam|p1|Incineroar||SitrusBerry|Intimidate|PartingShot,FakeOut,FlareBlitz,Protect|Careful||M|||50|]Sneasler||WhiteHerb|PoisonTouch|FakeOut,CloseCombat,DireClaw,Protect|Brave||F|||50|]Greninja||Greninjite|Protean|IceBeam,HydroPump,DarkPulse,Protect|Modest||M|||50|]Armarouge||MentalHerb|FlashFire|TrickRoom,WideGuard,ArmorCannon,AuraSphere|Sassy||F|||50|]Drampa||Drampanite|Berserk|CalmMind,Protect,HyperVoice,Thunderbolt|Quiet||F|||50|]Floette-Eternal||Floettite|FlowerVeil|CalmMind,Protect,Moonblast,DrainingKiss|Quiet||F|||50|
|showteam|p2|Blaziken||Blazikenite|SpeedBoost|CloseCombat,Protect,RockSlide,FlareBlitz|Adamant||F|||50|]Sylveon||FairyFeather|Pixilate|CalmMind,Moonblast,HyperVoice,Protect|Modest||F|||50|]Whimsicott||FocusSash|Prankster|Tailwind,Encore,Moonblast,Protect|Timid||F|||50|]Gliscor||LifeOrb|HyperCutter|Earthquake,StoneEdge,DualWingbeat,PoisonJab|Adamant||F|||50|]Empoleon||Leftovers|Competitive|Protect,Surf,FlashCannon,IceBeam|Modest||M|||50|]Toxicroak||ExpertBelt|DrySkin|FakeOut,GunkShot,Earthquake,Protect|Adamant||M|||50|
|
|t:|1783821349
|teamsize|p1|4
|teamsize|p2|4
|start
|switch|p1a: Sneasler|Sneasler, L50, F|100/100
|switch|p1b: Armarouge|Armarouge, L50, F|100/100
|switch|p2a: Goat|Whimsicott, L50, F|100/100
|switch|p2b: INNER WOLF|Gliscor, L50, F|100/100
|turn|1
|
|t:|1783821392
|move|p1a: Sneasler|Fake Out|p2b: INNER WOLF
|-damage|p2b: INNER WOLF|87/100
|move|p2a: Goat|Tailwind|p2a: Goat
|-sidestart|p2: ChiBees|move: Tailwind
|cant|p2b: INNER WOLF|flinch
|move|p1b: Armarouge|Trick Room|p1b: Armarouge
|-fieldstart|move: Trick Room|[of] p1b: Armarouge
|
|upkeep
|turn|2
|
|t:|1783821426
|move|p2a: Goat|Encore|p1b: Armarouge
|-start|p1b: Armarouge|Encore
|-enditem|p1b: Armarouge|Mental Herb
|-end|p1b: Armarouge|Encore
|move|p1b: Armarouge|Armor Cannon|p2b: INNER WOLF
|-damage|p2b: INNER WOLF|18/100
|-unboost|p1b: Armarouge|def|1
|-unboost|p1b: Armarouge|spd|1
|move|p1a: Sneasler|Dire Claw|p2a: Goat
|-supereffective|p2a: Goat|2
|-enditem|p2a: Goat|Focus Sash
|-damage|p2a: Goat|1/100
|-status|p2a: Goat|psn|[from] ability: Poison Touch|[of] p1a: Sneasler
|move|p2b: INNER WOLF|Dual Wingbeat|p1a: Sneasler
|-supereffective|p1a: Sneasler|1
|-damage|p1a: Sneasler|40/100
|-supereffective|p1a: Sneasler|1
|-damage|p1a: Sneasler|0 fnt
|faint|p1a: Sneasler
|-hitcount|p1: Sneasler|2
|-damage|p2b: INNER WOLF|8/100|[from] item: Life Orb
|
|-damage|p2a: Goat|0 fnt|[from] psn
|faint|p2a: Goat
|upkeep
|
|t:|1783821451
|switch|p1a: Floette|Floette-Eternal, L50, F|100/100
|switch|p2a: Transrights!|Sylveon, L50, F|100/100
|turn|3
|
|t:|1783821490
|move|p1b: Armarouge|Aura Sphere|p2b: INNER WOLF
|-resisted|p2b: INNER WOLF|1
|-damage|p2b: INNER WOLF|0 fnt
|faint|p2b: INNER WOLF
|move|p1a: Floette|Calm Mind|p1a: Floette
|-boost|p1a: Floette|spa|1
|-boost|p1a: Floette|spd|1
|move|p2a: Transrights!|Hyper Voice|p1a: Floette|[spread] p1a,p1b
|-resisted|p1b: Armarouge|1
|-damage|p1a: Floette|68/100
|-damage|p1b: Armarouge|68/100
|
|upkeep
|
|t:|1783821500
|switch|p2b: Karate Kid|Blaziken, L50, F|100/100
|turn|4
|
|t:|1783821539
|detailschange|p1a: Floette|Floette-Mega, L50, F
|-mega|p1a: Floette|Floette|Floettite
|-ability|p1a: Floette|Fairy Aura
|detailschange|p2b: Karate Kid|Blaziken-Mega, L50, F
|-mega|p2b: Karate Kid|Blaziken|Blazikenite
|move|p2b: Karate Kid|Protect|p2b: Karate Kid
|-singleturn|p2b: Karate Kid|Protect
|move|p1b: Armarouge|Armor Cannon|p2a: Transrights!
|-damage|p2a: Transrights!|51/100
|-unboost|p1b: Armarouge|def|1
|-unboost|p1b: Armarouge|spd|1
|move|p1a: Floette|Moonblast|p2b: Karate Kid
|-activate|p2b: Karate Kid|move: Protect
|move|p2a: Transrights!|Calm Mind|p2a: Transrights!
|-boost|p2a: Transrights!|spa|1
|-boost|p2a: Transrights!|spd|1
|
|-sideend|p2: ChiBees|move: Tailwind
|-ability|p2b: Karate Kid|Speed Boost|boost
|-boost|p2b: Karate Kid|spe|1
|upkeep
|turn|5
|j| KomaSwirls1
|
|t:|1783821565
|move|p2a: Transrights!|Protect|p2a: Transrights!
|-singleturn|p2a: Transrights!|Protect
|move|p1b: Armarouge|Armor Cannon|p2a: Transrights!
|-activate|p2a: Transrights!|move: Protect
|move|p1a: Floette|Moonblast|p2b: Karate Kid
|-damage|p2b: Karate Kid|0 fnt
|faint|p2b: Karate Kid
|
|-fieldend|move: Trick Room
|upkeep
|turn|6
|
|t:|1783821609
|move|p2a: Transrights!|Hyper Voice|p1b: Armarouge|[spread] p1a,p1b
|-resisted|p1b: Armarouge|1
|-damage|p1a: Floette|15/100
|-damage|p1b: Armarouge|0 fnt
|faint|p1b: Armarouge
|move|p1a: Floette|Moonblast|p2a: Transrights!
|-damage|p2a: Transrights!|0 fnt
|faint|p2a: Transrights!
|
|win|FloofyFlame
|inactive|FloofyFlame has 30 seconds to confirm battle start!
|inactive|ChiBees has 30 seconds to confirm battle start!
|l|☆FloofyFlame
|player|p1|
