|j|☆39acits
|j|☆yenjang
|html|39acitsyenjang    
|uhtml|bestof|Game 3 of a best-of-3
|t:|1786021449
|gametype|doubles
|player|p1|39acits|biker|1129
|player|p2|yenjang|cynthia-gen4|1084
|gen|9
|tier|[Gen 9 Champions] VGC 2026 Reg M-B (Bo3)
|rated|
|rule|Species Clause: Limit one of each Pokémon
|rule|Item Clause: Limit 1 of each item
|clearpoke
|poke|p1|Staraptor, L50, F|
|poke|p1|Gholdengo, L50|
|poke|p1|Whimsicott, L50, M|
|poke|p1|Tyranitar, L50, M|
|poke|p1|Lycanroc, L50, F|
|poke|p1|Milotic, L50, M|
|poke|p2|Raichu, L50, M, shiny|
|poke|p2|Sylveon, L50, F, shiny|
|poke|p2|Arcanine-Hisui, L50, M, shiny|
|poke|p2|Kingambit, L50, M, shiny|
|poke|p2|Farigiraf, L50, F, shiny|
|poke|p2|Staraptor, L50, M, shiny|
|teampreview|4
|showteam|p1|Staraptor||Staraptite|Intimidate|BraveBird,CloseCombat,Roost,Protect|Jolly||F|||50|]Gholdengo||ChoiceScarf|GoodasGold|MakeItRain,ShadowBall,PowerGem,Trick|Modest|||||50|]Whimsicott||FocusSash|Prankster|Moonblast,Tailwind,Encore,Charm|Timid||M|||50|]Tyranitar||Tyranitarite|SandStream|RockSlide,KnockOff,Protect,DragonDance|Adamant||M|||50|]Lycanroc||LifeOrb|SandRush|RockSlide,Crunch,StompingTantrum,Protect|Adamant||F|||50|]Milotic||Leftovers|Competitive|MuddyWater,IceBeam,Protect,Haze|Bold||M|||50|
|showteam|p2|Raichu||RaichuniteY|LightningRod|Protect,ZapCannon,FocusBlast,FakeOut|Timid||M|||50|]Sylveon||FairyFeather|Pixilate|Detect,HyperVoice,HyperBeam,QuickAttack|Modest||F|||50|]Arcanine-Hisui||FocusSash|RockHead|Protect,FlareBlitz,HeadSmash,ExtremeSpeed|Jolly||M|||50|]Kingambit||LifeOrb|Defiant|Protect,KowtowCleave,LowKick,SuckerPunch|Adamant||M|||50|]Farigiraf||SitrusBerry|ArmorTail|Protect,Psychic,HelpingHand,TrickRoom|Calm||F|||50|]Staraptor||Staraptite|Intimidate|Protect,DualWingbeat,CloseCombat,Tailwind|Jolly||M|||50|
|inactive|Battle timer is ON: inactive players will automatically lose when time's up. (requested by 39acits)
|inactive|yenjang has 60 seconds left.
|
|t:|1786021537
|teamsize|p1|4
|teamsize|p2|4
|start
|switch|p1a: Lycanroc|Lycanroc, L50, F|100/100
|switch|p1b: Tyranitar|Tyranitar, L50, M|100/100
|switch|p2a: Raichu|Raichu, L50, M, shiny|100/100
|switch|p2b: Sylveon|Sylveon, L50, F, shiny|100/100
|-weather|Sandstorm|[from] ability: Sand Stream|[of] p1b: Tyranitar
|turn|1
|inactive|39acits has 30 seconds left.
|inactive|39acits has 20 seconds left.
|inactive|39acits has 15 seconds left.
|
|t:|1786021577
|switch|p1a: Gholdengo|Gholdengo, L50|100/100
|detailschange|p2a: Raichu|Raichu-Mega-Y, L50, M, shiny
|-mega|p2a: Raichu|Raichu|Raichunite Y
|move|p1b: Tyranitar|Protect|p1b: Tyranitar
|-singleturn|p1b: Tyranitar|Protect
|move|p2a: Raichu|Fake Out|p1a: Gholdengo
|-immune|p1a: Gholdengo
|move|p2b: Sylveon|Hyper Voice|p1a: Gholdengo|[spread] p1a
|-activate|p1b: Tyranitar|move: Protect
|-resisted|p1a: Gholdengo|1
|-damage|p1a: Gholdengo|72/100
|
|-weather|Sandstorm|[upkeep]
|-damage|p2a: Raichu|93/100|[from] Sandstorm
|-damage|p2b: Sylveon|94/100|[from] Sandstorm
|upkeep
|turn|2
|
|t:|1786021602
|switch|p1b: Whimsicott|Whimsicott, L50, M|100/100
|switch|p2b: Kingambit|Kingambit, L50, M, shiny|100/100
|move|p2a: Raichu|Protect|p2a: Raichu
|-singleturn|p2a: Raichu|Protect
|move|p1a: Gholdengo|Make It Rain|p2a: Raichu|[spread] p2b
|-activate|p2a: Raichu|move: Protect
|-resisted|p2b: Kingambit|1
|-damage|p2b: Kingambit|81/100
|-unboost|p1a: Gholdengo|spa|2
|
|-weather|Sandstorm|[upkeep]
|-damage|p2a: Raichu|87/100|[from] Sandstorm
|-damage|p1b: Whimsicott|94/100|[from] Sandstorm
|upkeep
|turn|3
|inactive|39acits has 30 seconds left.
|inactive|yenjang has 30 seconds left.
|inactive|yenjang has 20 seconds left.
|
|t:|1786021639
|switch|p1a: Tyranitar|Tyranitar, L50, M|100/100
|move|p2b: Kingambit|Sucker Punch||[still]
|-fail|p2b: Kingambit
|move|p2a: Raichu|Zap Cannon|p1a: Tyranitar
|-damage|p1a: Tyranitar|62/100
|-status|p1a: Tyranitar|par
|move|p1b: Whimsicott|Moonblast|p2a: Raichu
|-damage|p2a: Raichu|42/100
|
|-weather|Sandstorm|[upkeep]
|-damage|p2a: Raichu|36/100|[from] Sandstorm
|-damage|p1b: Whimsicott|88/100|[from] Sandstorm
|upkeep
|turn|4
|inactive|39acits has 30 seconds left.
|inactive|yenjang has 30 seconds left.
|inactive|39acits has 20 seconds left.
|inactive|yenjang has 20 seconds left.
|
|t:|1786021678
|detailschange|p1a: Tyranitar|Tyranitar-Mega, L50, M
|-mega|p1a: Tyranitar|Tyranitar|Tyranitarite
|move|p1a: Tyranitar|Protect|p1a: Tyranitar
|-singleturn|p1a: Tyranitar|Protect
|move|p2a: Raichu|Zap Cannon|p1b: Whimsicott
|-resisted|p1b: Whimsicott|1
|-damage|p1b: Whimsicott|40/100
|-status|p1b: Whimsicott|par
|cant|p1b: Whimsicott|par
|move|p2b: Kingambit|Low Kick|p1a: Tyranitar
|-activate|p1a: Tyranitar|move: Protect
|
|-weather|Sandstorm|[upkeep]
|-damage|p2a: Raichu|30/100|[from] Sandstorm
|-damage|p1b: Whimsicott|35/100 par|[from] Sandstorm
|upkeep
|turn|5
|inactive|yenjang has 30 seconds left.
|inactive|yenjang has 20 seconds left.
|
|t:|1786021717
|switch|p1a: Gholdengo|Gholdengo, L50|72/100
|move|p2a: Raichu|Zap Cannon|p1b: Whimsicott
|-resisted|p1b: Whimsicott|1
|-damage|p1b: Whimsicott|0 fnt
|faint|p1b: Whimsicott
|move|p2b: Kingambit|Kowtow Cleave|p1a: Gholdengo
|-supereffective|p1a: Gholdengo|1
|-damage|p1a: Gholdengo|0 fnt
|faint|p1a: Gholdengo
|-damage|p2b: Kingambit|71/100|[from] item: Life Orb
|
|-weather|none
|upkeep
|
|t:|1786021724
|switch|p1b: Lycanroc|Lycanroc, L50, F|100/100
|switch|p1a: Tyranitar|Tyranitar-Mega, L50, M|62/100 par
|-weather|Sandstorm|[from] ability: Sand Stream|[of] p1a: Tyranitar
|turn|6
|inactive|yenjang has 30 seconds left.
|inactive|yenjang has 20 seconds left.
|inactive|yenjang has 15 seconds left.
|inactive|yenjang has 10 seconds left.
|
|t:|1786021770
|move|p2b: Kingambit|Sucker Punch|p1b: Lycanroc
|-damage|p1b: Lycanroc|37/100
|-damage|p2b: Kingambit|62/100|[from] item: Life Orb
|move|p1b: Lycanroc|Rock Slide|p2a: Raichu|[spread] p2a,p2b
|-resisted|p2b: Kingambit|1
|-damage|p2a: Raichu|0 fnt
|-damage|p2b: Kingambit|49/100
|faint|p2a: Raichu
|-damage|p1b: Lycanroc|27/100|[from] item: Life Orb
|move|p1a: Tyranitar|Dragon Dance|p1a: Tyranitar
|-boost|p1a: Tyranitar|atk|1
|-boost|p1a: Tyranitar|spe|1
|
|-weather|Sandstorm|[upkeep]
|upkeep
|
|t:|1786021794
|switch|p2a: Arcanine|Arcanine-Hisui, L50, M, shiny|100/100
|turn|7
|inactive|yenjang has 30 seconds left.
|inactive|yenjang has 20 seconds left.
|inactive|yenjang has 15 seconds left.
|
|t:|1786021835
|move|p1b: Lycanroc|Protect|p1b: Lycanroc
|-singleturn|p1b: Lycanroc|Protect
|move|p2a: Arcanine|Extreme Speed|p1b: Lycanroc
|-activate|p1b: Lycanroc|move: Protect
|move|p1a: Tyranitar|Knock Off|p2a: Arcanine
|-enditem|p2a: Arcanine|Focus Sash
|-damage|p2a: Arcanine|1/100
|move|p2b: Kingambit|Low Kick|p1a: Tyranitar
|-supereffective|p1a: Tyranitar|2
|-damage|p1a: Tyranitar|0 fnt
|faint|p1a: Tyranitar
|-damage|p2b: Kingambit|39/100|[from] item: Life Orb
|
|-weather|Sandstorm|[upkeep]
|upkeep
|turn|8
|
|t:|1786021857
|move|p2a: Arcanine|Extreme Speed|p1b: Lycanroc
|-resisted|p1b: Lycanroc|1
|-damage|p1b: Lycanroc|8/100
|move|p2b: Kingambit|Sucker Punch|p1b: Lycanroc
|-damage|p1b: Lycanroc|0 fnt
|faint|p1b: Lycanroc
|-damage|p2b: Kingambit|29/100|[from] item: Life Orb
|
|win|yenjang
|raw|39acits's rating: 1129 → 1101(-28 for losing)
|raw|yenjang's rating: 1084 → 1115(+31 for winning)
|l|☆39acits
|player|p1|
|c|☆yenjang|ty
