|j|☆Stagzy
|j|☆MrPhoenixGC
|html|StagzyMrPhoenixGC    
|uhtml|bestof|Game 2 of a best-of-3
|t:|1783475088
|gametype|doubles
|player|p1|Stagzy|170|1134
|player|p2|MrPhoenixGC|steven|1141
|gen|9
|tier|[Gen 9 Champions] VGC 2026 Reg M-B (Bo3)
|rated|
|rule|Species Clause: Limit one of each Pokémon
|rule|Item Clause: Limit 1 of each item
|clearpoke
|poke|p1|Altaria, L50, F, shiny|
|poke|p1|Scizor, L50, F|
|poke|p1|Sylveon, L50, M|
|poke|p1|Samurott-Hisui, L50, M|
|poke|p1|Kangaskhan, L50, F|
|poke|p1|Glimmora, L50, M|
|poke|p2|Charizard, L50, F|
|poke|p2|Kingambit, L50, M|
|poke|p2|Sylveon, L50, M|
|poke|p2|Garchomp, L50, F|
|poke|p2|Aerodactyl, L50, M|
|poke|p2|Farigiraf, L50, F|
|teampreview|4
|showteam|p1|Altaria||FocusSash|CloudNine|WillOWisp,Tailwind,BraveBird,Protect|Impish||F|||50|]Scizor||Scizorite|Technician|Trailblaze,BulletPunch,CloseCombat,SwordsDance|Adamant||F|||50|]Sylveon||FairyFeather|Pixilate|QuickAttack,Protect,HyperVoice,Yawn|Modest||M|||50|]Samurott-Hisui||LifeOrb|Sharpness|CeaselessEdge,AquaCutter,NightSlash,SacredSword|Adamant||M|||50|]Kangaskhan||SilkScarf|Scrappy|FakeOut,LastResort|Adamant||F|||50|]Glimmora||ChoiceScarf|ToxicDebris|PowerGem,EarthPower,SludgeBomb,EnergyBall|Modest||M|||50|
|showteam|p2|Charizard||CharizarditeY|SolarPower|Protect,HeatWave,SolarBeam,WeatherBall|Modest||F|||50|]Kingambit||FocusSash|Defiant|IronHead,SuckerPunch,KowtowCleave,LowKick|Adamant||M|||50|]Sylveon||FairyFeather|Pixilate|Detect,HyperVoice,HyperBeam,QuickAttack|Modest||M|||50|]Garchomp||LifeOrb|RoughSkin|Protect,DragonClaw,Earthquake,RockSlide|Jolly||F|||50|]Aerodactyl||Aerodactylite|Unnerve|IceFang,RockSlide,Tailwind,DualWingbeat|Jolly||M|||50|]Farigiraf||SitrusBerry|ArmorTail|TrickRoom,Psychic,Thunderbolt,Protect|Bold||F|||50|
|
|t:|1783475114
|teamsize|p1|4
|teamsize|p2|4
|start
|switch|p1a: Altaria|Altaria, L50, F, shiny|100/100
|switch|p1b: Kangaskhan|Kangaskhan, L50, F|100/100
|switch|p2a: Aerodactyl|Aerodactyl, L50, M|100/100
|switch|p2b: Kingambit|Kingambit, L50, M|100/100
|-ability|p2a: Aerodactyl|Unnerve
|-ability|p1a: Altaria|Cloud Nine
|turn|1
|
|t:|1783475154
|switch|p2b: Farigiraf|Farigiraf, L50, F|100/100
|detailschange|p2a: Aerodactyl|Aerodactyl-Mega, L50, M
|-mega|p2a: Aerodactyl|Aerodactyl|Aerodactylite
|move|p1b: Kangaskhan|Fake Out||[still]
|cant|p2b: Farigiraf|ability: Armor Tail|Fake Out|[of] p1b: Kangaskhan
|move|p2a: Aerodactyl|Rock Slide|p1a: Altaria|[spread] p1a
|-miss|p2a: Aerodactyl|p1b: Kangaskhan
|-supereffective|p1a: Altaria|1
|-damage|p1a: Altaria|47/100
|cant|p1a: Altaria|flinch
|
|upkeep
|turn|2
|
|t:|1783475203
|move|p2a: Aerodactyl|Ice Fang|p1a: Altaria
|-supereffective|p1a: Altaria|2
|-damage|p1a: Altaria|0 fnt
|faint|p1a: Altaria
|move|p1b: Kangaskhan|Last Resort|p2b: Farigiraf
|-damage|p2b: Farigiraf|44/100
|-enditem|p2b: Farigiraf|Sitrus Berry|[eat]
|-heal|p2b: Farigiraf|69/100|[from] item: Sitrus Berry
|move|p2b: Farigiraf|Psychic|p1b: Kangaskhan
|-damage|p1b: Kangaskhan|68/100
|
|upkeep
|
|t:|1783475226
|switch|p1a: Sylveon|Sylveon, L50, M|100/100
|turn|3
|
|t:|1783475251
|move|p2b: Farigiraf|Protect|p2b: Farigiraf
|-singleturn|p2b: Farigiraf|Protect
|move|p2a: Aerodactyl|Tailwind|p2a: Aerodactyl
|-sidestart|p2: MrPhoenixGC|move: Tailwind
|move|p1b: Kangaskhan|Last Resort|p2b: Farigiraf
|-activate|p2b: Farigiraf|move: Protect
|move|p1a: Sylveon|Hyper Voice|p2b: Farigiraf|[spread] p2a
|-activate|p2b: Farigiraf|move: Protect
|-damage|p2a: Aerodactyl|50/100g
|
|upkeep
|turn|4
|
|t:|1783475275
|move|p2a: Aerodactyl|Rock Slide|p1a: Sylveon|[spread] p1a,p1b
|-damage|p1a: Sylveon|68/100
|-damage|p1b: Kangaskhan|39/100
|move|p2b: Farigiraf|Psychic|p1b: Kangaskhan
|-damage|p1b: Kangaskhan|6/100
|move|p1b: Kangaskhan|Last Resort|p2b: Farigiraf
|-damage|p2b: Farigiraf|10/100
|move|p1a: Sylveon|Hyper Voice|p2a: Aerodactyl|[spread] p2a,p2b
|-damage|p2a: Aerodactyl|1/100
|-damage|p2b: Farigiraf|0 fnt
|faint|p2b: Farigiraf
|
|upkeep
|
|t:|1783475288
|switch|p2b: Kingambit|Kingambit, L50, M|100/100
|turn|5
|
|t:|1783475312
|switch|p2a: Sylveon|Sylveon, L50, M|100/100
|move|p1a: Sylveon|Protect|p1a: Sylveon
|-singleturn|p1a: Sylveon|Protect
|move|p2b: Kingambit|Iron Head|p1a: Sylveon
|-activate|p1a: Sylveon|move: Protect
|move|p1b: Kangaskhan|Last Resort|p2b: Kingambit
|-resisted|p2b: Kingambit|1
|-damage|p2b: Kingambit|67/100
|
|upkeep
|turn|6
|
|t:|1783475357
|move|p1a: Sylveon|Protect||[still]
|-fail|p1a: Sylveon
|move|p2b: Kingambit|Iron Head|p1a: Sylveon
|-supereffective|p1a: Sylveon|1
|-damage|p1a: Sylveon|0 fnt
|faint|p1a: Sylveon
|move|p2a: Sylveon|Hyper Voice|p1b: Kangaskhan
|-damage|p1b: Kangaskhan|0 fnt
|faint|p1b: Kangaskhan
|
|-sideend|p2: MrPhoenixGC|move: Tailwind
|upkeep
|
|t:|1783475364
|switch|p1b: Glimmora|Glimmora, L50, M|100/100
|turn|7
|-message|Stagzy forfeited.
|
|win|MrPhoenixGC
||Stagzy is ready for game 3.
||MrPhoenixGC is ready for game 3.
|uhtml|next|Next: Game 3 of 3
|l|☆Stagzy
|player|p1|
