|j|☆Beanybag
|j|☆lolgz
|html|Beanybaglolgz    
|uhtml|bestof|Game 2 of a best-of-3
|t:|1784378571
|gametype|doubles
|player|p1|Beanybag|169|1210
|player|p2|lolgz|dawn|1143
|gen|9
|tier|[Gen 9 Champions] VGC 2026 Reg M-B (Bo3)
|rated|
|rule|Species Clause: Limit one of each Pokémon
|rule|Item Clause: Limit 1 of each item
|clearpoke
|poke|p1|Incineroar, L50, F, shiny|
|poke|p1|Scovillain, L50, F|
|poke|p1|Sinistcha, L50|
|poke|p1|Bellibolt, L50, F|
|poke|p1|Gengar, L50, M, shiny|
|poke|p1|Araquanid, L50, F, shiny|
|poke|p2|Blastoise, L50, F|
|poke|p2|Vivillon, L50, F|
|poke|p2|Farigiraf, L50, M|
|poke|p2|Gallade, L50, M|
|poke|p2|Mawile, L50, F|
|poke|p2|Torkoal, L50, M|
|teampreview|4
|showteam|p1|Incineroar||SitrusBerry|Intimidate|FakeOut,PartingShot,ThroatChop,Protect|Relaxed||F|||50|]Scovillain||Scovillainite|Moody|GigaDrain,LeechSeed,RagePowder,Protect|Calm||F|||50|]Sinistcha||FocusSash|Hospitality|MatchaGotcha,ShadowBall,Protect,TrickRoom|Quiet|||||50|]Bellibolt||ShucaBerry|Electromorphosis|Soak,VoltSwitch,ParabolicCharge,Protect|Relaxed||F|||50|]Gengar||Gengarite|CursedBody|GigaDrain,Substitute,PerishSong,Protect|Timid||M|||50|]Araquanid||Leftovers|WaterBubble|Soak,Stockpile,Infestation,Protect|Relaxed||F|||50|
|showteam|p2|Blastoise||Blastoisinite|Torrent|WaterSpout,DarkPulse,FakeOut,ShellSmash|Modest||F|||50|]Vivillon||ChoiceScarf|CompoundEyes|SleepPowder,RagePowder,Tailwind,Hurricane|Timid||F|||50|]Farigiraf||SitrusBerry|ArmorTail|TrickRoom,Psychic,HelpingHand,Protect|Relaxed||M|||50|]Gallade||IronBall|Sharpness|SacredSword,PsychoCut,LeafBlade,TrickRoom|Brave||M|||50|]Mawile||Mawilite|HyperCutter|SuckerPunch,PlayRough,RockSlide,Protect|Brave||F|||50|]Torkoal||Charcoal|Drought|WeatherBall,Eruption,EarthPower,Protect|Quiet||M|||50|
|inactive|Battle timer is ON: inactive players will automatically lose when time's up. (requested by lolgz)
|
|t:|1784378600
|teamsize|p1|4
|teamsize|p2|4
|start
|switch|p1a: H3LL K1TTY|Incineroar, L50, F, shiny|100/100
|switch|p1b: GREEN LAVA|Sinistcha, L50|100/100
|switch|p2a: Vivillon|Vivillon, L50, F|100/100
|switch|p2b: Blastoise|Blastoise, L50, F|100/100
|-ability|p1a: H3LL K1TTY|Intimidate|boost
|-unboost|p2a: Vivillon|atk|1
|-unboost|p2b: Blastoise|atk|1
|turn|1
|
|t:|1784378611
|detailschange|p2b: Blastoise|Blastoise-Mega, L50, F
|-mega|p2b: Blastoise|Blastoise|Blastoisinite
|move|p1a: H3LL K1TTY|Fake Out|p2a: Vivillon
|-damage|p2a: Vivillon|78/100
|cant|p2a: Vivillon|flinch
|move|p2b: Blastoise|Shell Smash|p2b: Blastoise
|-unboost|p2b: Blastoise|def|1
|-unboost|p2b: Blastoise|spd|1
|-boost|p2b: Blastoise|atk|2
|-boost|p2b: Blastoise|spa|2
|-boost|p2b: Blastoise|spe|2
|move|p1b: GREEN LAVA|Trick Room|p1b: GREEN LAVA
|-fieldstart|move: Trick Room|[of] p1b: GREEN LAVA
|
|upkeep
|turn|2
|inactive|Beanybag has 30 seconds left.
|
|t:|1784378642
|switch|p2b: Torkoal|Torkoal, L50, M|100/100
|-weather|SunnyDay|[from] ability: Drought|[of] p2b: Torkoal
|move|p1b: GREEN LAVA|Protect|p1b: GREEN LAVA
|-singleturn|p1b: GREEN LAVA|Protect
|move|p2a: Vivillon|Rage Powder|p2a: Vivillon
|-singleturn|p2a: Vivillon|move: Rage Powder
|move|p1a: H3LL K1TTY|Parting Shot|p2a: Vivillon
|-unboost|p2a: Vivillon|atk|1
|-unboost|p2a: Vivillon|spa|1
|
|t:|1784378653
|switch|p1a: SQRTTTT|Bellibolt, L50, F|100/100|[from] Parting Shot
|
|-weather|SunnyDay|[upkeep]
|upkeep
|turn|3
|
|t:|1784378672
|move|p2a: Vivillon|Rage Powder|p2a: Vivillon
|-singleturn|p2a: Vivillon|move: Rage Powder
|move|p2b: Torkoal|Eruption|p1b: GREEN LAVA|[spread] p1a,p1b
|-supereffective|p1b: GREEN LAVA|1
|-damage|p1a: SQRTTTT|24/100
|-enditem|p1b: GREEN LAVA|Focus Sash
|-damage|p1b: GREEN LAVA|1/100
|-start|p1a: SQRTTTT|Charge|Eruption|[from] ability: Electromorphosis
|move|p1a: SQRTTTT|Soak|p2a: Vivillon
|-start|p2a: Vivillon|typechange|Water
|move|p1b: GREEN LAVA|Matcha Gotcha|p2b: Torkoal|[spread] p2a,p2b
|-supereffective|p2a: Vivillon|1
|-resisted|p2b: Torkoal|1
|-damage|p2a: Vivillon|0 fnt
|-heal|p1b: GREEN LAVA|34/100|[from] drain|[of] p2a: Vivillon
|-damage|p2b: Torkoal|79/100
|-heal|p1b: GREEN LAVA|44/100|[from] drain|[of] p2b: Torkoal
|faint|p2a: Vivillon
|
|-weather|SunnyDay|[upkeep]
|upkeep
|
|t:|1784378684
|switch|p2a: Blastoise|Blastoise-Mega, L50, F|100/100
|turn|4
|inactive|Beanybag has 30 seconds left.
|inactive|Beanybag has 20 seconds left.
|
|t:|1784378722
|switch|p1b: SUPA SOOKA|Araquanid, L50, F, shiny|100/100
|move|p1a: SQRTTTT|Protect|p1a: SQRTTTT
|-singleturn|p1a: SQRTTTT|Protect
|move|p2b: Torkoal|Eruption|p1b: SUPA SOOKA|[spread] p1b
|-activate|p1a: SQRTTTT|move: Protect
|-damage|p1b: SUPA SOOKA|70/100
|move|p2a: Blastoise|Dark Pulse|p1a: SQRTTTT
|-activate|p1a: SQRTTTT|move: Protect
|
|-weather|SunnyDay|[upkeep]
|-heal|p1b: SUPA SOOKA|76/100|[from] item: Leftovers
|upkeep
|turn|5
|
|t:|1784378740
|move|p2b: Torkoal|Weather Ball|p1a: SQRTTTT
|-damage|p1a: SQRTTTT|0 fnt
|faint|p1a: SQRTTTT
|move|p1b: SUPA SOOKA|Infestation|p2b: Torkoal
|-resisted|p2b: Torkoal|1
|-damage|p2b: Torkoal|76/100
|-activate|p2b: Torkoal|move: Infestation|[of] p1b: SUPA SOOKA
|move|p2a: Blastoise|Shell Smash|p2a: Blastoise
|-unboost|p2a: Blastoise|def|1
|-unboost|p2a: Blastoise|spd|1
|-boost|p2a: Blastoise|atk|2
|-boost|p2a: Blastoise|spa|2
|-boost|p2a: Blastoise|spe|2
|
|-weather|SunnyDay|[upkeep]
|-heal|p1b: SUPA SOOKA|81/100|[from] item: Leftovers
|-damage|p2b: Torkoal|64/100|[from] move: Infestation|[partiallytrapped]
|-fieldend|move: Trick Room
|upkeep
|
|t:|1784378748
|switch|p1a: H3LL K1TTY|Incineroar, L50, F, shiny|100/100
|-ability|p1a: H3LL K1TTY|Intimidate|boost
|-unboost|p2a: Blastoise|atk|1
|-unboost|p2b: Torkoal|atk|1
|turn|6
|
|t:|1784378760
|move|p1a: H3LL K1TTY|Fake Out|p2a: Blastoise
|-damage|p2a: Blastoise|84/100
|cant|p2a: Blastoise|flinch
|move|p1b: SUPA SOOKA|Infestation|p2a: Blastoise
|-damage|p2a: Blastoise|77/100
|-activate|p2a: Blastoise|move: Infestation|[of] p1b: SUPA SOOKA
|move|p2b: Torkoal|Eruption|p1b: SUPA SOOKA|[spread] p1a,p1b
|-resisted|p1a: H3LL K1TTY|1
|-damage|p1a: H3LL K1TTY|77/100
|-damage|p1b: SUPA SOOKA|61/100
|
|-weather|none
|-heal|p1b: SUPA SOOKA|66/100|[from] item: Leftovers
|-damage|p2a: Blastoise|65/100|[from] move: Infestation|[partiallytrapped]
|-damage|p2b: Torkoal|51/100|[from] move: Infestation|[partiallytrapped]
|upkeep
|turn|7
|inactive|Beanybag has 30 seconds left.
|
|t:|1784378787
|move|p1a: H3LL K1TTY|Protect|p1a: H3LL K1TTY
|-singleturn|p1a: H3LL K1TTY|Protect
|move|p2a: Blastoise|Water Spout|p1b: SUPA SOOKA|[spread] p1b
|-activate|p1a: H3LL K1TTY|move: Protect
|-resisted|p1b: SUPA SOOKA|1
|-damage|p1b: SUPA SOOKA|32/100
|move|p1b: SUPA SOOKA|Soak|p2b: Torkoal
|-start|p2b: Torkoal|typechange|Water
|move|p2b: Torkoal|Eruption|p1a: H3LL K1TTY|[spread] p1b
|-activate|p1a: H3LL K1TTY|move: Protect
|-damage|p1b: SUPA SOOKA|24/100
|
|-heal|p1b: SUPA SOOKA|30/100|[from] item: Leftovers
|-damage|p2a: Blastoise|53/100|[from] move: Infestation|[partiallytrapped]
|-damage|p2b: Torkoal|39/100|[from] move: Infestation|[partiallytrapped]
|upkeep
|turn|8
|
|t:|1784378812
|switch|p1a: GREEN LAVA|Sinistcha, L50|44/100
|-heal|p1b: SUPA SOOKA|54/100|[from] ability: Hospitality|[of] p1a: GREEN LAVA
|move|p2a: Blastoise|Water Spout|p1b: SUPA SOOKA|[spread] p1a,p1b
|-resisted|p1a: GREEN LAVA|1
|-resisted|p1b: SUPA SOOKA|1
|-damage|p1a: GREEN LAVA|2/100
|-damage|p1b: SUPA SOOKA|26/100
|move|p1b: SUPA SOOKA|Stockpile|p1b: SUPA SOOKA
|-start|p1b: SUPA SOOKA|stockpile1
|-boost|p1b: SUPA SOOKA|def|1
|-boost|p1b: SUPA SOOKA|spd|1
|move|p2b: Torkoal|Earth Power|p1a: GREEN LAVA
|-resisted|p1a: GREEN LAVA|1
|-damage|p1a: GREEN LAVA|0 fnt
|faint|p1a: GREEN LAVA
|
|-heal|p1b: SUPA SOOKA|32/100|[from] item: Leftovers
|-damage|p2a: Blastoise|41/100|[from] move: Infestation|[partiallytrapped]
|-damage|p2b: Torkoal|27/100|[from] move: Infestation|[partiallytrapped]
|upkeep
|
|t:|1784378817
|switch|p1a: H3LL K1TTY|Incineroar, L50, F, shiny|77/100
|-ability|p1a: H3LL K1TTY|Intimidate|boost
|-unboost|p2a: Blastoise|atk|1
|-unboost|p2b: Torkoal|atk|1
|turn|9
|
|t:|1784378830
|move|p1a: H3LL K1TTY|Fake Out|p2a: Blastoise
|-damage|p2a: Blastoise|26/100
|cant|p2a: Blastoise|flinch
|move|p1b: SUPA SOOKA|Stockpile|p1b: SUPA SOOKA
|-start|p1b: SUPA SOOKA|stockpile2
|-boost|p1b: SUPA SOOKA|def|1
|-boost|p1b: SUPA SOOKA|spd|1
|move|p2b: Torkoal|Earth Power|p1a: H3LL K1TTY
|-supereffective|p1a: H3LL K1TTY|1
|-damage|p1a: H3LL K1TTY|41/100
|-unboost|p1a: H3LL K1TTY|spd|1
|-enditem|p1a: H3LL K1TTY|Sitrus Berry|[eat]
|-heal|p1a: H3LL K1TTY|65/100|[from] item: Sitrus Berry
|
|-heal|p1b: SUPA SOOKA|38/100|[from] item: Leftovers
|-damage|p2a: Blastoise|14/100|[from] move: Infestation|[partiallytrapped]
|-damage|p2b: Torkoal|14/100|[from] move: Infestation|[partiallytrapped]
|upkeep
|turn|10
|
|t:|1784378842
|move|p1a: H3LL K1TTY|Protect|p1a: H3LL K1TTY
|-singleturn|p1a: H3LL K1TTY|Protect
|move|p1b: SUPA SOOKA|Protect|p1b: SUPA SOOKA
|-singleturn|p1b: SUPA SOOKA|Protect
|move|p2a: Blastoise|Water Spout|p1a: H3LL K1TTY|[spread] 
|-activate|p1a: H3LL K1TTY|move: Protect
|-activate|p1b: SUPA SOOKA|move: Protect
|move|p2b: Torkoal|Earth Power|p1b: SUPA SOOKA
|-activate|p1b: SUPA SOOKA|move: Protect
|
|-heal|p1b: SUPA SOOKA|44/100|[from] item: Leftovers
|-damage|p2a: Blastoise|1/100|[from] move: Infestation|[partiallytrapped]
|-end|p2b: Torkoal|Infestation|[partiallytrapped]
|upkeep
|turn|11
|
|t:|1784378860
|switch|p2b: Farigiraf|Farigiraf, L50, M|100/100
|move|p2a: Blastoise|Dark Pulse|p1b: SUPA SOOKA
|-damage|p1b: SUPA SOOKA|8/100
|move|p1a: H3LL K1TTY|Throat Chop|p2b: Farigiraf
|-supereffective|p2b: Farigiraf|1
|-damage|p2b: Farigiraf|52/100
|-start|p2b: Farigiraf|Throat Chop|[silent]
|move|p1b: SUPA SOOKA|Infestation|p2a: Blastoise
|-damage|p2a: Blastoise|0 fnt
|faint|p2a: Blastoise
|
|-heal|p1b: SUPA SOOKA|13/100|[from] item: Leftovers
|upkeep
|
|t:|1784378866
|switch|p2a: Torkoal|Torkoal, L50, M|14/100
|-weather|SunnyDay|[from] ability: Drought|[of] p2a: Torkoal
|turn|12
|
|t:|1784378886
|move|p2a: Torkoal|Protect|p2a: Torkoal
|-singleturn|p2a: Torkoal|Protect
|move|p1a: H3LL K1TTY|Throat Chop|p2b: Farigiraf
|-supereffective|p2b: Farigiraf|1
|-damage|p2b: Farigiraf|2/100
|-enditem|p2b: Farigiraf|Sitrus Berry|[eat]
|-heal|p2b: Farigiraf|26/100|[from] item: Sitrus Berry
|move|p1b: SUPA SOOKA|Infestation|p2b: Farigiraf
|-supereffective|p2b: Farigiraf|1
|-damage|p2b: Farigiraf|18/100
|-activate|p2b: Farigiraf|move: Infestation|[of] p1b: SUPA SOOKA
|move|p2b: Farigiraf|Trick Room|p2b: Farigiraf
|-fieldstart|move: Trick Room|[of] p2b: Farigiraf
|
|-weather|SunnyDay|[upkeep]
|-heal|p1b: SUPA SOOKA|19/100|[from] item: Leftovers
|-damage|p2b: Farigiraf|5/100|[from] move: Infestation|[partiallytrapped]
|-end|p2b: Farigiraf|Throat Chop|[silent]
|upkeep
|turn|13
|
|t:|1784378896
|move|p1b: SUPA SOOKA|Protect|p1b: SUPA SOOKA
|-singleturn|p1b: SUPA SOOKA|Protect
|move|p1a: H3LL K1TTY|Protect|p1a: H3LL K1TTY
|-singleturn|p1a: H3LL K1TTY|Protect
|move|p2a: Torkoal|Earth Power|p1a: H3LL K1TTY
|-activate|p1a: H3LL K1TTY|move: Protect
|move|p2b: Farigiraf|Psychic|p1b: SUPA SOOKA
|-activate|p1b: SUPA SOOKA|move: Protect
|
|-weather|SunnyDay|[upkeep]
|-heal|p1b: SUPA SOOKA|25/100|[from] item: Leftovers
|-damage|p2b: Farigiraf|0 fnt|[from] move: Infestation|[partiallytrapped]
|faint|p2b: Farigiraf
|upkeep
|turn|14
|
|t:|1784378901
|move|p2a: Torkoal|Earth Power|p1a: H3LL K1TTY
|-supereffective|p1a: H3LL K1TTY|1
|-damage|p1a: H3LL K1TTY|9/100
|move|p1b: SUPA SOOKA|Infestation|p2a: Torkoal
|-resisted|p2a: Torkoal|1
|-damage|p2a: Torkoal|12/100
|-activate|p2a: Torkoal|move: Infestation|[of] p1b: SUPA SOOKA
|move|p1a: H3LL K1TTY|Throat Chop|p2a: Torkoal
|-damage|p2a: Torkoal|0 fnt
|faint|p2a: Torkoal
|
|win|Beanybag
