|j|☆XavyXavy
|j|☆marcusquinn
|html|XavyXavymarcusquinn    
|uhtml|bestof|Game 2 of a best-of-3
|t:|1754746552
|gametype|doubles
|player|p1|XavyXavy|caitlin|1346
|player|p2|marcusquinn|hilbert-wonderlauncher|1317
|gen|9
|tier|[Gen 9] VGC 2025 Reg H (Bo3)
|rated|
|rule|Species Clause: Limit one of each Pokémon
|rule|Item Clause: Limit 1 of each item
|clearpoke
|poke|p1|Primarina, L50, M|
|poke|p1|Kingambit, L50, M|
|poke|p1|Dragapult, L50, M|
|poke|p1|Sneasler, L50, F|
|poke|p1|Rillaboom, L50, F|
|poke|p1|Magmar, L50, F|
|poke|p2|Pelipper, L50, M|
|poke|p2|Basculegion, L50, M|
|poke|p2|Rillaboom, L50, F|
|poke|p2|Archaludon, L50, F|
|poke|p2|Sneasler, L50, M|
|poke|p2|Maushold, L50|
|teampreview|4
|showteam|p1|Primarina||SitrusBerry|LiquidVoice|HyperVoice,Moonblast,Haze,Protect|||M|||50|,,,,,Poison]Kingambit||DreadPlate|Defiant|KowtowCleave,SuckerPunch,Protect,SwordsDance|||M|||50|,,,,,Ghost]Dragapult||ChoiceBand|ClearBody|DragonDarts,Outrage,PhantomForce,Uturn|||M|||50|,,,,,Dragon]Sneasler||FocusSash|PoisonTouch|FakeOut,CloseCombat,DireClaw,Protect|||F|||50|,,,,,Stellar]Rillaboom||AssaultVest|GrassySurge|WoodHammer,GrassyGlide,FakeOut,HighHorsepower|||F|||50|,,,,,Fire]Magmar||Eviolite|VitalSpirit|WillOWisp,Overheat,FollowMe,Protect|||F|||50|,,,,,Ghost
|showteam|p2|Pelipper||ChoiceScarf|Drizzle|IcyWind,WeatherBall,Hurricane,HelpingHand|||M|||50|,,,,,Ghost]Basculegion||MysticWater|SwiftSwim|WaveCrash,LastRespects,Protect,AquaJet|||M|||50|,,,,,Grass]Rillaboom||LifeOrb|GrassySurge|FakeOut,GrassyGlide,HighHorsepower,KnockOff|||F|||50|,,,,,Fire]Archaludon||AssaultVest|Stamina|ElectroShot,BodyPress,DragonPulse,FlashCannon|||F|||50|,,,,,Grass]Sneasler||FocusSash|Unburden|CloseCombat,DireClaw,ThroatChop,Protect|||M|||50|,,,,,Dark]Maushold||WideLens|Technician|PopulationBomb,FollowMe,Taunt,Protect||||||50|,,,,,Ghost
|inactive|Battle timer is ON: inactive players will automatically lose when time's up. (requested by marcusquinn)
|inactive|marcusquinn has 60 seconds left.
|inactive|marcusquinn has 30 seconds left.
|
|t:|1754746621
|teamsize|p1|4
|teamsize|p2|4
|start
|switch|p1a: Dragapult|Dragapult, L50, M|100/100
|switch|p1b: Sneasler|Sneasler, L50, F|100/100
|switch|p2a: Pelipper|Pelipper, L50, M, shiny|100/100
|switch|p2b: Sneasler|Sneasler, L50, M|100/100
|-weather|RainDance|[from] ability: Drizzle|[of] p2a: Pelipper
|turn|1
|
|t:|1754746643
|-terastallize|p1a: Dragapult|Dragon
|move|p1b: Sneasler|Fake Out|p2b: Sneasler
|-damage|p2b: Sneasler|75/100
|move|p1a: Dragapult|Outrage|p2b: Sneasler
|-damage|p2b: Sneasler|0 fnt
|faint|p2b: Sneasler
|move|p2a: Pelipper|Icy Wind|p1a: Dragapult|[spread] p1a,p1b
|-supereffective|p1a: Dragapult
|-damage|p1a: Dragapult|68/100
|-damage|p1b: Sneasler|83/100
|-unboost|p1b: Sneasler|spe|1
|
|-weather|RainDance|[upkeep]
|upkeep
|
|t:|1754746656
|switch|p2b: Maushold|Maushold, L50|100/100
|turn|2
|
|t:|1754746673
|switch|p2b: Archaludon|Archaludon, L50, F|100/100
|switch|p1b: Kingambit|Kingambit, L50, M|100/100
|move|p1a: Dragapult|Outrage|p2a: Pelipper|[from] lockedmove
|-damage|p2a: Pelipper|0 fnt
|faint|p2a: Pelipper
|-start|p1a: Dragapult|confusion|[fatigue]
|
|-weather|RainDance|[upkeep]
|upkeep
|
|t:|1754746683
|switch|p2a: Maushold|Maushold, L50|100/100
|turn|3
|
|t:|1754746693
|move|p1b: Kingambit|Sucker Punch|p2b: Archaludon
|-damage|p2b: Archaludon|67/100
|-ability|p2b: Archaludon|Stamina|boost
|-boost|p2b: Archaludon|def|1
|-activate|p1a: Dragapult|confusion
|move|p1a: Dragapult|Outrage|p2b: Archaludon
|-damage|p2b: Archaludon|11/100
|-ability|p2b: Archaludon|Stamina|boost
|-boost|p2b: Archaludon|def|1
|move|p2a: Maushold|Population Bomb|p1a: Dragapult
|-damage|p1a: Dragapult|53/100
|-damage|p1a: Dragapult|36/100
|-damage|p1a: Dragapult|20/100
|-damage|p1a: Dragapult|5/100
|-damage|p1a: Dragapult|0 fnt
|faint|p1a: Dragapult
|-hitcount|p1: Dragapult|5
|move|p2b: Archaludon|Electro Shot||[still]
|-prepare|p2b: Archaludon|Electro Shot
|-boost|p2b: Archaludon|spa|1
|-anim|p2b: Archaludon|Electro Shot|p1b: Kingambit
|-damage|p1b: Kingambit|50/100
|
|-weather|RainDance|[upkeep]
|upkeep
|
|t:|1754746707
|switch|p1a: Sneasler|Sneasler, L50, F|83/100
|turn|4
|inactive|marcusquinn has 30 seconds left.
|
|t:|1754746738
|move|p1a: Sneasler|Fake Out|p2b: Archaludon
|-resisted|p2b: Archaludon
|-damage|p2b: Archaludon|8/100
|-ability|p2b: Archaludon|Stamina|boost
|-boost|p2b: Archaludon|def|1
|move|p2a: Maushold|Population Bomb|p1b: Kingambit
|-resisted|p1b: Kingambit
|-damage|p1b: Kingambit|45/100
|-resisted|p1b: Kingambit
|-damage|p1b: Kingambit|41/100
|-resisted|p1b: Kingambit
|-damage|p1b: Kingambit|37/100
|-resisted|p1b: Kingambit
|-damage|p1b: Kingambit|33/100
|-resisted|p1b: Kingambit
|-damage|p1b: Kingambit|29/100
|-resisted|p1b: Kingambit
|-damage|p1b: Kingambit|25/100
|-resisted|p1b: Kingambit
|-damage|p1b: Kingambit|21/100
|-resisted|p1b: Kingambit
|-damage|p1b: Kingambit|17/100
|-resisted|p1b: Kingambit
|-damage|p1b: Kingambit|14/100
|-resisted|p1b: Kingambit
|-damage|p1b: Kingambit|9/100
|-hitcount|p1b: Kingambit|10
|cant|p2b: Archaludon|flinch
|move|p1b: Kingambit|Kowtow Cleave|p2b: Archaludon
|-damage|p2b: Archaludon|0 fnt
|faint|p2b: Archaludon
|
|-weather|RainDance|[upkeep]
|upkeep
|turn|5
|inactive|marcusquinn has 30 seconds left.
|
|t:|1754746773
|-terastallize|p2a: Maushold|Ghost
|move|p1b: Kingambit|Sucker Punch|p2a: Maushold
|-supereffective|p2a: Maushold
|-damage|p2a: Maushold|0 fnt
|faint|p2a: Maushold
|
|win|XavyXavy
|raw|XavyXavy's rating: 1346 → 1364(+18 for winning)
|raw|marcusquinn's rating: 1317 → 1299(-18 for losing)
