|j|☆sbhaga34
|j|☆big electric fan
|html|sbhaga34big electric fan    
|uhtml|bestof|Game 1 of a best-of-3
|t:|1784166135
|gametype|doubles
|player|p1|sbhaga34|hugh|1191
|player|p2|big electric fan|liza|1317
|gen|9
|tier|[Gen 9 Champions] VGC 2026 Reg M-B (Bo3)
|rated|
|rule|Species Clause: Limit one of each Pokémon
|rule|Item Clause: Limit 1 of each item
|clearpoke
|poke|p1|Excadrill, L50, F|
|poke|p1|Tyranitar, L50, F|
|poke|p1|Corviknight, L50, F|
|poke|p1|Rotom-Wash, L50|
|poke|p1|Mimikyu, L50, F|
|poke|p1|Scovillain, L50, M|
|poke|p2|Scrafty, L50, F|
|poke|p2|Metagross, L50|
|poke|p2|Mamoswine, L50, M|
|poke|p2|Toxapex, L50, F|
|poke|p2|Dragonite, L50, M|
|poke|p2|Charizard, L50, F|
|teampreview|4
|showteam|p1|Excadrill||FocusSash|SandRush|Earthquake,IronHead,SwordsDance,Protect|Adamant||F|||50|]Tyranitar||Tyranitarite|SandStream|RockSlide,KnockOff,LowKick,Protect|Adamant||F|||50|]Corviknight||SharpBeak|MirrorArmor|BraveBird,Tailwind,BulkUp,Roost|Careful||F|||50|]Rotom-Wash||ChoiceScarf|Levitate|VoltSwitch,Thunderbolt,Electroweb,HydroPump|Timid|||||50|]Mimikyu||FairyFeather|Disguise|PlayRough,ShadowSneak,TrickRoom,ShadowClaw|Adamant||F|||50|]Scovillain||Scovillainite|Chlorophyll|RagePowder,Overheat,GigaDrain,Protect|Calm||M|||50|
|showteam|p2|Scrafty||Scraftinite|Intimidate|ThroatChop,DrainPunch,FakeOut,Protect|Impish||F|||50|]Metagross||MetalCoat|ClearBody|MeteorMash,PsychicFangs,BulletPunch,Protect|Adamant|||||50|]Mamoswine||FocusSash|Oblivious|Earthquake,IcicleCrash,IceShard,Protect|Adamant||M|||50|]Toxapex||Leftovers|Regenerator|Infestation,Toxic,WideGuard,BanefulBunker|Bold||F|||50|]Dragonite||DragonFang|Multiscale|DragonClaw,ExtremeSpeed,FirePunch,Protect|Adamant||M|||50|]Charizard||CharizarditeY|Blaze|HeatWave,SolarBeam,WeatherBall,Protect|Timid||F|||50|
|inactive|Battle timer is ON: inactive players will automatically lose when time's up. (requested by big electric fan)
|
|t:|1784166182
|teamsize|p1|4
|teamsize|p2|4
|start
|switch|p1a: Rotom|Rotom-Wash, L50|100/100
|switch|p1b: Tyranitar|Tyranitar, L50, F|100/100
|switch|p2a: Charizard|Charizard, L50, F|100/100
|switch|p2b: Scrafty|Scrafty, L50, F|100/100
|-weather|Sandstorm|[from] ability: Sand Stream|[of] p1b: Tyranitar
|-ability|p2b: Scrafty|Intimidate|boost
|-unboost|p1a: Rotom|atk|1
|-unboost|p1b: Tyranitar|atk|1
|turn|1
|
|t:|1784166204
|switch|p2a: Mamoswine|Mamoswine, L50, M|100/100
|detailschange|p1b: Tyranitar|Tyranitar-Mega, L50, F
|-mega|p1b: Tyranitar|Tyranitar|Tyranitarite
|move|p1b: Tyranitar|Protect|p1b: Tyranitar
|-singleturn|p1b: Tyranitar|Protect
|move|p1a: Rotom|Thunderbolt|p2b: Scrafty
|-damage|p2b: Scrafty|72/100
|move|p2b: Scrafty|Drain Punch|p1b: Tyranitar
|-activate|p1b: Tyranitar|move: Protect
|
|-weather|Sandstorm|[upkeep]
|-damage|p1a: Rotom|94/100|[from] Sandstorm
|-damage|p2b: Scrafty|66/100|[from] Sandstorm
|upkeep
|turn|2
|
|t:|1784166224
|switch|p1b: Corviknight|Corviknight, L50, F|100/100
|move|p1a: Rotom|Thunderbolt|p2b: Scrafty
|-damage|p2b: Scrafty|36/100
|move|p2a: Mamoswine|Icicle Crash|p1a: Rotom
|-resisted|p1a: Rotom|1
|-damage|p1a: Rotom|68/100
|move|p2b: Scrafty|Drain Punch|p1a: Rotom
|-damage|p1a: Rotom|43/100
|-heal|p2b: Scrafty|48/100|[from] drain|[of] p1a: Rotom
|
|-weather|Sandstorm|[upkeep]
|-damage|p1a: Rotom|38/100|[from] Sandstorm
|-damage|p2b: Scrafty|42/100|[from] Sandstorm
|upkeep
|turn|3
|
|t:|1784166241
|move|p1a: Rotom|Thunderbolt|p2b: Scrafty
|-damage|p2b: Scrafty|12/100
|move|p2a: Mamoswine|Icicle Crash|p1a: Rotom|[miss]
|-miss|p2a: Mamoswine|p1a: Rotom
|move|p1b: Corviknight|Tailwind|p1b: Corviknight
|-sidestart|p1: sbhaga34|move: Tailwind
|move|p2b: Scrafty|Drain Punch|p1a: Rotom
|-damage|p1a: Rotom|12/100
|-heal|p2b: Scrafty|23/100|[from] drain|[of] p1a: Rotom
|
|-weather|Sandstorm|[upkeep]
|-damage|p1a: Rotom|7/100|[from] Sandstorm
|-damage|p2b: Scrafty|18/100|[from] Sandstorm
|upkeep
|turn|4
|
|t:|1784166258
|switch|p1a: Tyranitar|Tyranitar-Mega, L50, F|100/100
|switch|p2b: Charizard|Charizard, L50, F|100/100
|move|p2a: Mamoswine|Ice Shard|p1a: Tyranitar
|-damage|p1a: Tyranitar|85/100
|move|p1b: Corviknight|Brave Bird|p2b: Charizard
|-damage|p2b: Charizard|46/100
|-damage|p1b: Corviknight|85/100|[from] Recoil
|
|-weather|Sandstorm|[upkeep]
|-damage|p2b: Charizard|40/100|[from] Sandstorm
|upkeep
|turn|5
|inactive|big electric fan has 30 seconds left.
|
|t:|1784166293
|switch|p2b: Scrafty|Scrafty, L50, F|18/100
|-ability|p2b: Scrafty|Intimidate|boost
|-unboost|p1a: Tyranitar|atk|1
|-ability|p1b: Corviknight|Mirror Armor
|-unboost|p2b: Scrafty|atk|1
|move|p1a: Tyranitar|Low Kick|p2a: Mamoswine
|-supereffective|p2a: Mamoswine|1
|-damage|p2a: Mamoswine|32/100
|move|p1b: Corviknight|Brave Bird|p2a: Mamoswine
|-damage|p2a: Mamoswine|0 fnt
|faint|p2a: Mamoswine
|-damage|p1b: Corviknight|75/100|[from] Recoil
|
|-weather|none
|upkeep
|
|t:|1784166308
|switch|p2a: Charizard|Charizard, L50, F|40/100
|turn|6
|
|t:|1784166312
|switch|p2b: Toxapex|Toxapex, L50, F|100/100
|detailschange|p2a: Charizard|Charizard-Mega-Y, L50, F
|-mega|p2a: Charizard|Charizard|Charizardite Y
|-weather|SunnyDay|[from] ability: Drought|[of] p2a: Charizard
|move|p1a: Tyranitar|Rock Slide|p2b: Toxapex|[spread] p2a,p2b
|-supereffective|p2a: Charizard|2
|-damage|p2a: Charizard|0 fnt
|-damage|p2b: Toxapex|84/100
|faint|p2a: Charizard
|move|p1b: Corviknight|Brave Bird|p2b: Toxapex
|-damage|p2b: Toxapex|53/100
|-damage|p1b: Corviknight|67/100|[from] Recoil
|
|-weather|SunnyDay|[upkeep]
|-heal|p2b: Toxapex|59/100|[from] item: Leftovers
|-sideend|p1: sbhaga34|move: Tailwind
|upkeep
|
|t:|1784166316
|switch|p2a: Scrafty|Scrafty, L50, F|18/100
|-ability|p2a: Scrafty|Intimidate|boost
|-unboost|p1a: Tyranitar|atk|1
|-ability|p1b: Corviknight|Mirror Armor
|-unboost|p2a: Scrafty|atk|1
|turn|7
|
|t:|1784166328
|switch|p1a: Rotom|Rotom-Wash, L50|7/100
|move|p2a: Scrafty|Protect|p2a: Scrafty
|-singleturn|p2a: Scrafty|Protect
|move|p1b: Corviknight|Brave Bird|p2a: Scrafty
|-activate|p2a: Scrafty|move: Protect
|move|p2b: Toxapex|Infestation|p1b: Corviknight
|-resisted|p1b: Corviknight|2
|-damage|p1b: Corviknight|66/100
|-activate|p1b: Corviknight|move: Infestation|[of] p2b: Toxapex
|
|-weather|SunnyDay|[upkeep]
|-heal|p2b: Toxapex|64/100|[from] item: Leftovers
|-damage|p1b: Corviknight|54/100|[from] move: Infestation|[partiallytrapped]
|upkeep
|turn|8
|-message|big electric fan forfeited.
|
|win|sbhaga34
