|j|☆wade connects
|j|☆pizzawing
|html|wade connectspizzawing    
|uhtml|bestof|Game 1 of a best-of-3
|t:|1785649665
|gametype|doubles
|player|p1|wade connects|101|1246
|player|p2|pizzawing|169|1349
|gen|9
|tier|[Gen 9 Champions] VGC 2026 Reg M-B (Bo3)
|rated|
|rule|Species Clause: Limit one of each Pokémon
|rule|Item Clause: Limit 1 of each item
|clearpoke
|poke|p1|Gholdengo, L50|
|poke|p1|Clefable, L50, F|
|poke|p1|Blaziken, L50, F, shiny|
|poke|p1|Sceptile, L50, F|
|poke|p1|Gyarados, L50, M, shiny|
|poke|p1|Aerodactyl, L50, F|
|poke|p2|Charizard, L50, F|
|poke|p2|Farigiraf, L50, M|
|poke|p2|Conkeldurr, L50, M|
|poke|p2|Venusaur, L50, M|
|poke|p2|Sylveon, L50, F|
|poke|p2|Aerodactyl, L50, M|
|teampreview|4
|showteam|p1|Gholdengo||MetalCoat|GoodasGold|Protect,NastyPlot,ShadowBall,MakeItRain|Modest|||||50|]Clefable||Leftovers|Unaware|Protect,FollowMe,LifeDew,Moonblast|Bold||F|||50|]Blaziken||LifeOrb|SpeedBoost|Detect,CloseCombat,FlareBlitz,RockSlide|Adamant||F|||50|]Sceptile||Sceptilite|Overgrow|Detect,EnergyBall,DragonPulse,EarthPower|Timid||F|||50|]Gyarados||Gyaradosite|Intimidate|Protect,DragonDance,Waterfall,Crunch|Adamant||M|||50|]Aerodactyl||FocusSash|Unnerve|Protect,Tailwind,DualWingbeat,RockSlide|Jolly||F|||50|
|showteam|p2|Charizard||CharizarditeY|SolarPower|HeatWave,WeatherBall,Protect,AncientPower|Timid||F|||50|]Farigiraf||SitrusBerry|ArmorTail|HyperVoice,Psychic,TrickRoom,Protect|Quiet||M|||50|]Conkeldurr||BlackBelt|IronFist|DrainPunch,IcePunch,MachPunch,ThunderPunch|Brave||M|||50|]Venusaur||LifeOrb|Chlorophyll|EnergyBall,SludgeBomb,EarthPower,Protect|Modest||M|||50|]Sylveon||FairyFeather|Pixilate|HyperVoice,HyperBeam,QuickAttack,Detect|Modest||F|||50|]Aerodactyl||Aerodactylite|Unnerve|RockSlide,DualWingbeat,IceFang,Tailwind|Jolly||M|||50|
|inactive|Battle timer is ON: inactive players will automatically lose when time's up. (requested by wade connects)
|inactive|pizzawing has 60 seconds left.
|inactive|pizzawing has 30 seconds left.
|inactive|pizzawing has 20 seconds left.
|inactive|pizzawing has 15 seconds left.
|
|t:|1785649807
|teamsize|p1|4
|teamsize|p2|4
|start
|switch|p1a: Gyarados|Gyarados, L50, M, shiny|100/100
|switch|p1b: Aerodactyl|Aerodactyl, L50, F|100/100
|switch|p2a: Charizard|Charizard, L50, F|100/100
|switch|p2b: Venusaur|Venusaur, L50, M|100/100
|-ability|p1b: Aerodactyl|Unnerve
|-ability|p1a: Gyarados|Intimidate|boost
|-unboost|p2a: Charizard|atk|1
|-unboost|p2b: Venusaur|atk|1
|turn|1
|
|t:|1785649821
|switch|p2a: Sylveon|Sylveon, L50, F|100/100
|move|p1b: Aerodactyl|Rock Slide|p2b: Venusaur|[spread] 
|-miss|p1b: Aerodactyl|p2a: Sylveon
|-miss|p1b: Aerodactyl|p2b: Venusaur
|move|p2b: Venusaur|Energy Ball|p1a: Gyarados
|-damage|p1a: Gyarados|48/100
|-damage|p2b: Venusaur|90/100|[from] item: Life Orb
|move|p1a: Gyarados|Dragon Dance|p1a: Gyarados
|-boost|p1a: Gyarados|atk|1
|-boost|p1a: Gyarados|spe|1
|
|upkeep
|turn|2
|inactive|pizzawing has 30 seconds left.
|
|t:|1785649850
|switch|p1a: Gholdengo|Gholdengo, L50|100/100
|move|p2b: Venusaur|Protect|p2b: Venusaur
|-singleturn|p2b: Venusaur|Protect
|move|p1b: Aerodactyl|Dual Wingbeat|p2b: Venusaur
|-activate|p2b: Venusaur|move: Protect
|move|p2a: Sylveon|Hyper Voice|p1b: Aerodactyl|[spread] p1a,p1b
|-resisted|p1a: Gholdengo|1
|-damage|p1a: Gholdengo|76/100
|-damage|p1b: Aerodactyl|30/100
|
|upkeep
|turn|3
|inactive|pizzawing has 30 seconds left.
|
|t:|1785649879
|move|p2a: Sylveon|Detect|p2a: Sylveon
|-singleturn|p2a: Sylveon|Protect
|move|p1b: Aerodactyl|Rock Slide|p2b: Venusaur|[spread] p2b
|-activate|p2a: Sylveon|move: Protect
|-damage|p2b: Venusaur|55/100
|cant|p2b: Venusaur|flinch
|move|p1a: Gholdengo|Make It Rain|p2b: Venusaur|[spread] 
|-activate|p2a: Sylveon|move: Protect
|-miss|p1a: Gholdengo|p2b: Venusaur
|
|upkeep
|turn|4
|
|t:|1785649896
|switch|p2a: Aerodactyl|Aerodactyl, L50, M|100/100
|-ability|p2a: Aerodactyl|Unnerve
|move|p2b: Venusaur|Protect|p2b: Venusaur
|-singleturn|p2b: Venusaur|Protect
|move|p1b: Aerodactyl|Dual Wingbeat|p2b: Venusaur
|-activate|p2b: Venusaur|move: Protect
|move|p1a: Gholdengo|Make It Rain|p2b: Venusaur|[spread] p2a
|-activate|p2b: Venusaur|move: Protect
|-supereffective|p2a: Aerodactyl|1
|-damage|p2a: Aerodactyl|0 fnt
|-unboost|p1a: Gholdengo|spa|2
|faint|p2a: Aerodactyl
|
|upkeep
|
|t:|1785649898
|switch|p2a: Charizard|Charizard, L50, F|100/100
|turn|5
|
|t:|1785649919
|switch|p1a: Blaziken|Blaziken, L50, F, shiny|100/100
|detailschange|p2a: Charizard|Charizard-Mega-Y, L50, F
|-mega|p2a: Charizard|Charizard|Charizardite Y
|-weather|SunnyDay|[from] ability: Drought|[of] p2a: Charizard
|move|p1b: Aerodactyl|Protect|p1b: Aerodactyl
|-singleturn|p1b: Aerodactyl|Protect
|move|p2b: Venusaur|Energy Ball|p1b: Aerodactyl
|-activate|p1b: Aerodactyl|move: Protect
|move|p2a: Charizard|Weather Ball|p1a: Blaziken
|-resisted|p1a: Blaziken|1
|-damage|p1a: Blaziken|29/100
|
|-weather|SunnyDay|[upkeep]
|upkeep
|turn|6
|inactive|pizzawing has 30 seconds left.
|inactive|pizzawing has 20 seconds left.
|inactive|pizzawing has 15 seconds left.
|
|t:|1785649961
|switch|p1b: Gyarados|Gyarados, L50, M, shiny|48/100
|-ability|p1b: Gyarados|Intimidate|boost
|-unboost|p2a: Charizard|atk|1
|-unboost|p2b: Venusaur|atk|1
|move|p1a: Blaziken|Detect|p1a: Blaziken
|-singleturn|p1a: Blaziken|Protect
|move|p2b: Venusaur|Energy Ball|p1b: Gyarados
|-damage|p1b: Gyarados|0 fnt
|faint|p1b: Gyarados
|-damage|p2b: Venusaur|45/100|[from] item: Life Orb
|move|p2a: Charizard|Weather Ball|p1a: Blaziken
|-activate|p1a: Blaziken|move: Protect
|
|-weather|SunnyDay|[upkeep]
|-ability|p1a: Blaziken|Speed Boost|boost
|-boost|p1a: Blaziken|spe|1
|upkeep
|
|t:|1785649979
|switch|p1b: Aerodactyl|Aerodactyl, L50, F|30/100
|-ability|p1b: Aerodactyl|Unnerve
|turn|7
|inactive|pizzawing has 30 seconds left.
|inactive|pizzawing has 20 seconds left.
|inactive|pizzawing has 15 seconds left.
|
|t:|1785650023
|move|p2b: Venusaur|Earth Power|p1a: Blaziken
|-supereffective|p1a: Blaziken|1
|-damage|p1a: Blaziken|0 fnt
|faint|p1a: Blaziken
|-damage|p2b: Venusaur|36/100|[from] item: Life Orb
|move|p1b: Aerodactyl|Rock Slide|p2a: Charizard|[spread] p2a,p2b
|-supereffective|p2a: Charizard|2
|-damage|p2a: Charizard|0 fnt
|-damage|p2b: Venusaur|1/100
|faint|p2a: Charizard
|
|-weather|SunnyDay|[upkeep]
|upkeep
|
|t:|1785650036
|switch|p2a: Sylveon|Sylveon, L50, F|100/100
|switch|p1a: Gholdengo|Gholdengo, L50|76/100
|turn|8
|
|t:|1785650060
|move|p1a: Gholdengo|Protect|p1a: Gholdengo
|-singleturn|p1a: Gholdengo|Protect
|move|p2b: Venusaur|Earth Power|p1a: Gholdengo
|-activate|p1a: Gholdengo|move: Protect
|move|p1b: Aerodactyl|Rock Slide|p2a: Sylveon|[spread] p2a,p2b
|-damage|p2a: Sylveon|72/100
|-damage|p2b: Venusaur|0 fnt
|faint|p2b: Venusaur
|move|p2a: Sylveon|Hyper Voice|p1a: Gholdengo|[spread] p1b
|-activate|p1a: Gholdengo|move: Protect
|-damage|p1b: Aerodactyl|0 fnt
|faint|p1b: Aerodactyl
|
|-weather|SunnyDay|[upkeep]
|upkeep
|turn|9
|
|t:|1785650077
|move|p1a: Gholdengo|Make It Rain|p2a: Sylveon
|-supereffective|p2a: Sylveon|1
|-damage|p2a: Sylveon|0 fnt
|-unboost|p1a: Gholdengo|spa|2
|faint|p2a: Sylveon
|
|win|wade connects
||pizzawing is ready for game 2.
||wade connects is ready for game 2.
|uhtml|next|Next: Game 2 of 3
|l|☆pizzawing
|player|p2|
|l|☆wade connects
|player|p1|
|j|☆wade connects
|player|p1|wade connects|101|
