|j|☆zach_lucius
|j|☆OreXis945
|html|zach_luciusOreXis945    
|uhtml|bestof|Game 3 of a best-of-3
|t:|1756920698
|gametype|doubles
|player|p1|zach_lucius|briar|1349
|player|p2|OreXis945|101|1267
|gen|9
|tier|[Gen 9] VGC 2025 Reg H (Bo3)
|rated|
|rule|Species Clause: Limit one of each Pokémon
|rule|Item Clause: Limit 1 of each item
|clearpoke
|poke|p1|Indeedee-F, L50, F|
|poke|p1|Sneasler, L50, F|
|poke|p1|Armarouge, L50, F|
|poke|p1|Torkoal, L50, F|
|poke|p1|Lilligant-Hisui, L50, F|
|poke|p1|Gallade, L50, M|
|poke|p2|Archaludon, L50, F|
|poke|p2|Sinistcha-Masterpiece, L50|
|poke|p2|Dragonite, L50, F|
|poke|p2|Pelipper, L50, F|
|poke|p2|Ursaluna, L50, M|
|poke|p2|Gholdengo, L50|
|teampreview|4
|showteam|p1|Indeedee-F||SafetyGoggles|PsychicSurge|Psychic,HelpingHand,FollowMe,TrickRoom|||F|||50|,,,,,Fairy]Sneasler||PsychicSeed|Unburden|DireClaw,CloseCombat,ThroatChop,Protect|||F|||50|,,,,,Dark]Armarouge||LifeOrb|FlashFire|ExpandingForce,ArmorCannon,TrickRoom,Protect|||F|||50|,,,,,Grass]Torkoal||Charcoal|Drought|Eruption,WeatherBall,ClearSmog,Protect|||F|||50|,,,,,Fire]Lilligant-Hisui||FocusSash|Chlorophyll|CloseCombat,SolarBlade,IceSpinner,AfterYou|||F|||50|,,,,,Ghost]Gallade||ClearAmulet|Sharpness|SacredSword,PsychoCut,WideGuard,TrickRoom|||M|||50|,,,,,Steel
|showteam|p2|Archaludon||AssaultVest|Stamina|BodyPress,Snarl,ElectroShot,FlashCannon|||F|||50|,,,,,Fighting]Sinistcha-Masterpiece||SitrusBerry|Hospitality|MatchaGotcha,RagePowder,TrickRoom,LifeDew||||||50|,,,,,Dark]Dragonite||LoadedDice|Multiscale|ScaleShot,Protect,Tailwind,Haze|||F|||50|,,,,,Steel]Pelipper||FocusSash|Drizzle|MuddyWater,Hurricane,Tailwind,Protect|||F|||50|,,,,,Ghost]Ursaluna||FlameOrb|Guts|Facade,HeadlongRush,Earthquake,Protect|||M|||50|,,,,,Ghost]Gholdengo||ChoiceScarf|GoodasGold|MakeItRain,TeraBlast,ShadowBall,Trick||||||50|,,,,,Water
|
|t:|1756920790
|teamsize|p1|4
|teamsize|p2|4
|start
|switch|p1a: Indeedee|Indeedee-F, L50, F|100/100
|switch|p1b: Sneasler|Sneasler, L50, F|100/100
|switch|p2a: Dragonite|Dragonite, L50, F|100/100
|switch|p2b: Sinistcha|Sinistcha-Masterpiece, L50|100/100
|-fieldstart|move: Psychic Terrain|[from] ability: Psychic Surge|[of] p1a: Indeedee
|-enditem|p1b: Sneasler|Psychic Seed
|-boost|p1b: Sneasler|spd|1|[from] item: Psychic Seed
|turn|1
|
|t:|1756920816
|move|p1b: Sneasler|Protect|p1b: Sneasler
|-singleturn|p1b: Sneasler|Protect
|move|p2a: Dragonite|Scale Shot|p1b: Sneasler
|-activate|p1b: Sneasler|move: Protect
|move|p1a: Indeedee|Psychic|p2a: Dragonite
|-damage|p2a: Dragonite|81/100
|move|p2b: Sinistcha|Matcha Gotcha|p1b: Sneasler|[spread] p1a
|-activate|p1b: Sneasler|move: Protect
|-damage|p1a: Indeedee|77/100
|
|upkeep
|turn|2
|
|t:|1756920856
|-terastallize|p2b: Sinistcha|Dark
|move|p2a: Dragonite|Protect|p2a: Dragonite
|-singleturn|p2a: Dragonite|Protect
|move|p1a: Indeedee|Follow Me|p1a: Indeedee
|-singleturn|p1a: Indeedee|move: Follow Me
|move|p1b: Sneasler|Throat Chop|p2b: Sinistcha
|-resisted|p2b: Sinistcha
|-damage|p2b: Sinistcha|89/100
|-start|p2b: Sinistcha|Throat Chop|[silent]
|move|p2b: Sinistcha|Trick Room|p2b: Sinistcha
|-fieldstart|move: Trick Room|[of] p2b: Sinistcha
|
|upkeep
|turn|3
|
|t:|1756920875
|move|p1a: Indeedee|Follow Me|p1a: Indeedee
|-singleturn|p1a: Indeedee|move: Follow Me
|move|p2b: Sinistcha|Matcha Gotcha|p1b: Sneasler|[spread] p1a,p1b
|-resisted|p1b: Sneasler
|-damage|p1a: Indeedee|53/100
|-heal|p2b: Sinistcha|100/100|[from] drain|[of] p1a: Indeedee
|-damage|p1b: Sneasler|90/100
|-status|p1a: Indeedee|brn
|move|p2a: Dragonite|Scale Shot|p1a: Indeedee|[miss]
|-miss|p2a: Dragonite|p1a: Indeedee
|move|p1b: Sneasler|Close Combat|p2b: Sinistcha
|-supereffective|p2b: Sinistcha
|-damage|p2b: Sinistcha|3/100
|-unboost|p1b: Sneasler|def|1
|-unboost|p1b: Sneasler|spd|1
|-enditem|p2b: Sinistcha|Sitrus Berry|[eat]
|-heal|p2b: Sinistcha|27/100|[from] item: Sitrus Berry
|
|-damage|p1a: Indeedee|47/100 brn|[from] brn
|-end|p2b: Sinistcha|Throat Chop|[silent]
|upkeep
|turn|4
|
|t:|1756920908
|switch|p2a: Ursaluna|Ursaluna, L50, M|100/100
|switch|p1b: Armarouge|Armarouge, L50, F|100/100
|move|p1a: Indeedee|Follow Me|p1a: Indeedee
|-singleturn|p1a: Indeedee|move: Follow Me
|move|p2b: Sinistcha|Matcha Gotcha|p1b: Armarouge|[spread] p1b
|-miss|p2b: Sinistcha|p1a: Indeedee
|-resisted|p1b: Armarouge
|-damage|p1b: Armarouge|87/100
|-heal|p2b: Sinistcha|35/100|[from] drain|[of] p1b: Armarouge
|
|-damage|p1a: Indeedee|41/100 brn|[from] brn
|-status|p2a: Ursaluna|brn|[from] item: Flame Orb
|upkeep
|turn|5
|
|t:|1756920945
|-terastallize|p1b: Armarouge|Grass
|move|p1a: Indeedee|Follow Me|p1a: Indeedee
|-singleturn|p1a: Indeedee|move: Follow Me
|move|p2b: Sinistcha|Matcha Gotcha|p1a: Indeedee|[spread] p1a,p1b
|-resisted|p1b: Armarouge
|-damage|p1a: Indeedee|15/100 brn
|-heal|p2b: Sinistcha|48/100|[from] drain|[of] p1a: Indeedee
|-damage|p1b: Armarouge|73/100
|-heal|p2b: Sinistcha|55/100|[from] drain|[of] p1b: Armarouge
|move|p1b: Armarouge|Expanding Force|p2a: Ursaluna|[spread] p2a
|-immune|p2b: Sinistcha
|-damage|p2a: Ursaluna|9/100 brn
|-damage|p1b: Armarouge|63/100|[from] item: Life Orb
|move|p2a: Ursaluna|Facade|p1a: Indeedee
|-damage|p1a: Indeedee|0 fnt
|faint|p1a: Indeedee
|
|-damage|p2a: Ursaluna|3/100 brn|[from] brn
|-fieldend|move: Psychic Terrain
|upkeep
|
|t:|1756920955
|switch|p1a: Sneasler|Sneasler, L50, F|90/100
|turn|6
|
|t:|1756920972
|move|p1b: Armarouge|Protect|p1b: Armarouge
|-singleturn|p1b: Armarouge|Protect
|move|p1a: Sneasler|Protect|p1a: Sneasler
|-singleturn|p1a: Sneasler|Protect
|move|p2b: Sinistcha|Rage Powder|p2b: Sinistcha
|-singleturn|p2b: Sinistcha|move: Rage Powder
|move|p2a: Ursaluna|Earthquake|p1b: Armarouge|[spread] p2b
|-activate|p1a: Sneasler|move: Protect
|-activate|p1b: Armarouge|move: Protect
|-damage|p2b: Sinistcha|3/100
|
|-damage|p2a: Ursaluna|0 fnt|[from] brn
|faint|p2a: Ursaluna
|-fieldend|move: Trick Room
|upkeep
|
|t:|1756920984
|switch|p2a: Pelipper|Pelipper, L50, F|100/100
|-weather|RainDance|[from] ability: Drizzle|[of] p2a: Pelipper
|turn|7
|
|t:|1756920998
|move|p2b: Sinistcha|Rage Powder|p2b: Sinistcha
|-singleturn|p2b: Sinistcha|move: Rage Powder
|move|p1a: Sneasler|Dire Claw|p2b: Sinistcha
|-damage|p2b: Sinistcha|0 fnt
|faint|p2b: Sinistcha
|move|p2a: Pelipper|Hurricane|p1b: Armarouge
|-supereffective|p1b: Armarouge
|-damage|p1b: Armarouge|0 fnt
|faint|p1b: Armarouge
|
|-weather|RainDance|[upkeep]
|upkeep
|
|t:|1756921008
|switch|p1b: Gallade|Gallade, L50, M|100/100
|switch|p2b: Dragonite|Dragonite, L50, F|81/100
|turn|8
|
|t:|1756921023
|move|p1a: Sneasler|Dire Claw|p2a: Pelipper
|-damage|p2a: Pelipper|41/100
|-status|p2a: Pelipper|slp
|move|p2b: Dragonite|Scale Shot|p1b: Gallade
|-damage|p1b: Gallade|77/100
|-damage|p1b: Gallade|54/100
|-damage|p1b: Gallade|34/100
|-damage|p1b: Gallade|11/100
|-damage|p1b: Gallade|0 fnt
|faint|p1b: Gallade
|-hitcount|p1: Gallade|5
|-unboost|p2b: Dragonite|def|1
|-boost|p2b: Dragonite|spe|1
|cant|p2a: Pelipper|slp
|
|-weather|RainDance|[upkeep]
|upkeep
|turn|9
|
|t:|1756921039
|move|p2b: Dragonite|Tailwind|p2b: Dragonite
|-sidestart|p2: OreXis945|move: Tailwind
|-curestatus|p2a: Pelipper|slp|[msg]
|move|p2a: Pelipper|Hurricane|p1a: Sneasler
|-supereffective|p1a: Sneasler
|-damage|p1a: Sneasler|0 fnt
|faint|p1a: Sneasler
|
|win|OreXis945
|raw|zach_lucius's rating: 1349 → 1324(-25 for losing)
|raw|OreXis945's rating: 1267 → 1298(+31 for winning)
|l|☆zach_lucius
|player|p1|
