|j|‽b1kope
|j|☆Dike Guard
|html|b1kopeDike Guard    
|uhtml|bestof|Game 3 of a best-of-3
|t:|1783600614
|gametype|doubles
|player|p1|b1kope|101|1277
|player|p2|Dike Guard|266|1414
|gen|9
|tier|[Gen 9 Champions] VGC 2026 Reg M-B (Bo3)
|rated|
|rule|Species Clause: Limit one of each Pokémon
|rule|Item Clause: Limit 1 of each item
|clearpoke
|poke|p1|Gengar, L50, M|
|poke|p1|Volcarona, L50, F|
|poke|p1|Sinistcha-Masterpiece, L50|
|poke|p1|Tyranitar, L50, M|
|poke|p1|Dragalge, L50, F|
|poke|p1|Excadrill, L50, F|
|poke|p2|Incineroar, L50, M|
|poke|p2|Sinistcha, L50|
|poke|p2|Sneasler, L50, F|
|poke|p2|Kingambit, L50, M|
|poke|p2|Floette-Eternal, L50, F|
|poke|p2|Basculegion, L50, M|
|teampreview|4
|showteam|p1|Gengar||Gengarite|CursedBody|ShadowBall,SludgeBomb,WillOWisp,Disable|Timid||M|||50|]Volcarona||Leftovers|FlameBody|QuiverDance,HeatWave,GigaDrain,Protect|Bold||F|||50|]Sinistcha-Masterpiece||OccaBerry|Hospitality|RagePowder,MatchaGotcha,TrickRoom,Protect|Modest|||||50|]Tyranitar||Tyranitarite|SandStream|RockSlide,LowKick,IcePunch,Protect|Adamant||M|||50|]Dragalge||LifeOrb|Adaptability|SludgeBomb,DracoMeteor,Scald,Protect|Quiet||F|||50|]Excadrill||FocusSash|SandRush|HighHorsepower,IronHead,Protect,RockSlide|Adamant||F|||50|
|showteam|p2|Incineroar||SitrusBerry|Intimidate|FakeOut,FlareBlitz,HelpingHand,PartingShot|Careful||M|||50|]Sinistcha||KasibBerry|Hospitality|MatchaGotcha,TrickRoom,RagePowder,Protect|Bold|||||50|]Sneasler||FocusSash|PoisonTouch|PoisonJab,CloseCombat,Feint,FakeOut|Jolly||F|||50|]Kingambit||LifeOrb|Defiant|KowtowCleave,SuckerPunch,SwordsDance,Protect|Adamant||M|||50|]Floette-Eternal||Floettite|FlowerVeil|Moonblast,DazzlingGleam,CalmMind,Protect|Modest||F|||50|]Basculegion||ChoiceScarf|Adaptability|WaveCrash,LastRespects,FlipTurn,AquaJet|Jolly||M|||50|
|
|t:|1783600651
|teamsize|p1|4
|teamsize|p2|4
|start
|switch|p1a: Volcarona|Volcarona, L50, F|100/100
|switch|p1b: Excadrill|Excadrill, L50, F|100/100
|switch|p2a: Kingambit|Kingambit, L50, M|100/100
|switch|p2b: Basculegion|Basculegion, L50, M|100/100
|turn|1
|
|t:|1783600666
|switch|p2a: Incineroar|Incineroar, L50, M|100/100
|-ability|p2a: Incineroar|Intimidate|boost
|-unboost|p1a: Volcarona|atk|1
|-unboost|p1b: Excadrill|atk|1
|move|p2b: Basculegion|Wave Crash|p1a: Volcarona
|-supereffective|p1a: Volcarona|1
|-damage|p1a: Volcarona|0 fnt
|faint|p1a: Volcarona
|-damage|p2b: Basculegion|67/100|[from] Recoil
|move|p1b: Excadrill|High Horsepower|p2a: Incineroar
|-supereffective|p2a: Incineroar|1
|-damage|p2a: Incineroar|43/100
|-enditem|p2a: Incineroar|Sitrus Berry|[eat]
|-heal|p2a: Incineroar|68/100|[from] item: Sitrus Berry
|
|upkeep
|
|t:|1783600676
|switch|p1a: Sinistcha|Sinistcha-Masterpiece, L50|100/100
|turn|2
|
|t:|1783600689
|switch|p2b: Sinistcha|Sinistcha, L50|100/100
|-heal|p2a: Incineroar|93/100|[from] ability: Hospitality|[of] p2b: Sinistcha
|switch|p1b: Tyranitar|Tyranitar, L50, M|100/100
|-weather|Sandstorm|[from] ability: Sand Stream|[of] p1b: Tyranitar
|move|p1a: Sinistcha|Protect|p1a: Sinistcha
|-singleturn|p1a: Sinistcha|Protect
|move|p2a: Incineroar|Parting Shot|p1b: Tyranitar
|-unboost|p1b: Tyranitar|atk|1
|-unboost|p1b: Tyranitar|spa|1
|
|t:|1783600707
|switch|p2a: Basculegion|Basculegion, L50, M|67/100|[from] Parting Shot
|
|-weather|Sandstorm|[upkeep]
|-damage|p2a: Basculegion|61/100|[from] Sandstorm
|-damage|p2b: Sinistcha|93/100|[from] Sandstorm
|-damage|p1a: Sinistcha|93/100|[from] Sandstorm
|upkeep
|turn|3
|
|t:|1783600720
|detailschange|p1b: Tyranitar|Tyranitar-Mega, L50, M
|-mega|p1b: Tyranitar|Tyranitar|Tyranitarite
|move|p2a: Basculegion|Flip Turn|p1a: Sinistcha
|-resisted|p1a: Sinistcha|1
|-damage|p1a: Sinistcha|75/100
|
|t:|1783600725
|switch|p2a: Incineroar|Incineroar, L50, M|93/100|[from] Flip Turn
|-ability|p2a: Incineroar|Intimidate|boost
|-unboost|p1a: Sinistcha|atk|1
|-unboost|p1b: Tyranitar|atk|1
|move|p1b: Tyranitar|Ice Punch|p2b: Sinistcha
|-supereffective|p2b: Sinistcha|1
|-damage|p2b: Sinistcha|63/100
|move|p2b: Sinistcha|Matcha Gotcha|p1a: Sinistcha|[spread] p1a,p1b
|-resisted|p1a: Sinistcha|1
|-supereffective|p1b: Tyranitar|1
|-damage|p1a: Sinistcha|63/100
|-heal|p2b: Sinistcha|69/100|[from] drain|[of] p1a: Sinistcha
|-damage|p1b: Tyranitar|75/100
|-heal|p2b: Sinistcha|83/100|[from] drain|[of] p1b: Tyranitar
|-status|p1a: Sinistcha|brn
|move|p1a: Sinistcha|Matcha Gotcha|p2a: Incineroar|[spread] p2a,p2b
|-resisted|p2a: Incineroar|1
|-resisted|p2b: Sinistcha|1
|-damage|p2a: Incineroar|81/100
|-heal|p1a: Sinistcha|70/100 brn|[from] drain|[of] p2a: Incineroar
|-damage|p2b: Sinistcha|69/100
|-heal|p1a: Sinistcha|77/100 brn|[from] drain|[of] p2b: Sinistcha
|
|-weather|Sandstorm|[upkeep]
|-damage|p1a: Sinistcha|71/100 brn|[from] Sandstorm
|-damage|p2b: Sinistcha|63/100|[from] Sandstorm
|-damage|p2a: Incineroar|75/100|[from] Sandstorm
|-damage|p1a: Sinistcha|65/100 brn|[from] brn
|upkeep
|turn|4
|
|t:|1783600755
|switch|p1a: Excadrill|Excadrill, L50, F|100/100
|switch|p2b: Kingambit|Kingambit, L50, M|100/100
|move|p1b: Tyranitar|Protect|p1b: Tyranitar
|-singleturn|p1b: Tyranitar|Protect
|move|p2a: Incineroar|Parting Shot|p1b: Tyranitar
|-activate|p1b: Tyranitar|move: Protect
|
|-weather|Sandstorm|[upkeep]
|-damage|p2a: Incineroar|69/100|[from] Sandstorm
|upkeep
|turn|5
|
|t:|1783600799
|switch|p2b: Sinistcha|Sinistcha, L50|63/100
|-heal|p2a: Incineroar|94/100|[from] ability: Hospitality|[of] p2b: Sinistcha
|move|p1a: Excadrill|Iron Head|p2a: Incineroar
|-resisted|p2a: Incineroar|1
|-crit|p2a: Incineroar
|-damage|p2a: Incineroar|63/100
|move|p1b: Tyranitar|Ice Punch|p2a: Incineroar
|-resisted|p2a: Incineroar|1
|-crit|p2a: Incineroar
|-damage|p2a: Incineroar|42/100
|move|p2a: Incineroar|Parting Shot|p1a: Excadrill
|-unboost|p1a: Excadrill|atk|1
|-unboost|p1a: Excadrill|spa|1
|
|t:|1783600811
|switch|p2a: Basculegion|Basculegion, L50, M|61/100|[from] Parting Shot
|
|-weather|Sandstorm|[upkeep]
|-damage|p2a: Basculegion|55/100|[from] Sandstorm
|-damage|p2b: Sinistcha|57/100|[from] Sandstorm
|upkeep
|turn|6
|
|t:|1783600829
|switch|p1a: Sinistcha|Sinistcha-Masterpiece, L50|65/100 brn
|-heal|p1b: Tyranitar|100/100|[from] ability: Hospitality|[of] p1a: Sinistcha
|move|p2a: Basculegion|Flip Turn|p1a: Sinistcha
|-resisted|p1a: Sinistcha|1
|-damage|p1a: Sinistcha|46/100 brn
|
|t:|1783600836
|switch|p2a: Incineroar|Incineroar, L50, M|42/100|[from] Flip Turn
|-ability|p2a: Incineroar|Intimidate|boost
|-unboost|p1a: Sinistcha|atk|1
|-unboost|p1b: Tyranitar|atk|1
|move|p1b: Tyranitar|Rock Slide|p2b: Sinistcha|[spread] p2a,p2b
|-supereffective|p2a: Incineroar|1
|-damage|p2a: Incineroar|17/100
|-damage|p2b: Sinistcha|43/100
|move|p2b: Sinistcha|Matcha Gotcha|p1b: Tyranitar|[spread] p1a,p1b
|-resisted|p1a: Sinistcha|1
|-supereffective|p1b: Tyranitar|1
|-damage|p1a: Sinistcha|34/100 brn
|-heal|p2b: Sinistcha|50/100y|[from] drain|[of] p1a: Sinistcha
|-damage|p1b: Tyranitar|73/100
|-heal|p2b: Sinistcha|65/100|[from] drain|[of] p1b: Tyranitar
|
|-weather|none
|-damage|p1a: Sinistcha|28/100 brn|[from] brn
|upkeep
|turn|7
|
|t:|1783600859
|switch|p2a: Kingambit|Kingambit, L50, M|100/100
|move|p1b: Tyranitar|Rock Slide|p2a: Kingambit|[spread] p2a,p2b
|-resisted|p2a: Kingambit|1
|-damage|p2a: Kingambit|94/100
|-damage|p2b: Sinistcha|52/100
|cant|p2b: Sinistcha|flinch
|move|p1a: Sinistcha|Matcha Gotcha|p2a: Kingambit|[spread] p2a,p2b
|-resisted|p2a: Kingambit|1
|-resisted|p2b: Sinistcha|1
|-damage|p2a: Kingambit|82/100
|-heal|p1a: Sinistcha|35/100 brn|[from] drain|[of] p2a: Kingambit
|-damage|p2b: Sinistcha|38/100
|-heal|p1a: Sinistcha|42/100 brn|[from] drain|[of] p2b: Sinistcha
|
|-damage|p1a: Sinistcha|36/100 brn|[from] brn
|upkeep
|turn|8
|
|t:|1783600887
|move|p1b: Tyranitar|Low Kick|p2a: Kingambit
|-supereffective|p2a: Kingambit|2
|-crit|p2a: Kingambit
|-damage|p2a: Kingambit|0 fnt
|faint|p2a: Kingambit
|move|p1a: Sinistcha|Matcha Gotcha|p2b: Sinistcha
|-resisted|p2b: Sinistcha|1
|-crit|p2b: Sinistcha
|-damage|p2b: Sinistcha|13/100
|-heal|p1a: Sinistcha|49/100 brn|[from] drain|[of] p2b: Sinistcha
|-status|p2b: Sinistcha|brn
|move|p2b: Sinistcha|Trick Room|p2b: Sinistcha
|-fieldstart|move: Trick Room|[of] p2b: Sinistcha
|
|-damage|p2b: Sinistcha|7/100 brn|[from] brn
|-damage|p1a: Sinistcha|43/100 brn|[from] brn
|upkeep
|
|t:|1783600898
|switch|p2a: Incineroar|Incineroar, L50, M|17/100
|-ability|p2a: Incineroar|Intimidate|boost
|-unboost|p1a: Sinistcha|atk|1
|-unboost|p1b: Tyranitar|atk|1
|turn|9
|c|☆Dike Guard|gags with your 1000 crits
|
|t:|1783600925
|move|p2a: Incineroar|Flare Blitz|p1a: Sinistcha
|-supereffective|p1a: Sinistcha|1
|-enditem|p1a: Sinistcha|Occa Berry|[eat]
|-enditem|p1a: Sinistcha|Occa Berry|[weaken]
|-damage|p1a: Sinistcha|2/100 brn
|-damage|p2a: Incineroar|5/100|[from] Recoil
|move|p2b: Sinistcha|Matcha Gotcha|p1a: Sinistcha|[spread] p1a,p1b
|-resisted|p1a: Sinistcha|1
|-supereffective|p1b: Tyranitar|1
|-damage|p1a: Sinistcha|0 fnt
|-heal|p2b: Sinistcha|8/100 brn|[from] drain|[of] p1a: Sinistcha
|-damage|p1b: Tyranitar|41/100
|-heal|p2b: Sinistcha|27/100 brn|[from] drain|[of] p1b: Tyranitar
|faint|p1a: Sinistcha
|move|p1b: Tyranitar|Rock Slide|p2a: Incineroar|[spread] p2a,p2b
|-supereffective|p2a: Incineroar|1
|-damage|p2a: Incineroar|0 fnt
|-damage|p2b: Sinistcha|16/100 brn
|faint|p2a: Incineroar
|
|-damage|p2b: Sinistcha|10/100 brn|[from] brn
|upkeep
|
|t:|1783600940
|switch|p2a: Basculegion|Basculegion, L50, M|55/100
|switch|p1a: Excadrill|Excadrill, L50, F|100/100
|turn|10
|
|t:|1783600951
|move|p2a: Basculegion|Aqua Jet|p1a: Excadrill
|-supereffective|p1a: Excadrill|1
|-damage|p1a: Excadrill|27/100
|move|p2b: Sinistcha|Matcha Gotcha|p1a: Excadrill|[spread] p1a,p1b
|-supereffective|p1b: Tyranitar|1
|-damage|p1a: Excadrill|0 fnt
|-heal|p2b: Sinistcha|25/100 brn|[from] drain|[of] p1a: Excadrill
|-damage|p1b: Tyranitar|9/100
|-heal|p2b: Sinistcha|43/100 brn|[from] drain|[of] p1b: Tyranitar
|faint|p1a: Excadrill
|move|p1b: Tyranitar|Ice Punch|p2b: Sinistcha
|-supereffective|p2b: Sinistcha|1
|-damage|p2b: Sinistcha|22/100 brn
|
|-damage|p2b: Sinistcha|16/100 brn|[from] brn
|upkeep
|turn|11
|-message|b1kope forfeited.
|raw|b1kope's rating: 1277 → 1261(-16 for losing)
|raw|Dike Guard's rating: 1414 → 1426(+12 for winning)
|
|win|Dike Guard
|l|‽b1kope
|player|p1|
