|j|☆ilovemigu
|j|☆testdigi
|html|ilovemigutestdigi    
|uhtml|bestof|Game 1 of a best-of-3
|t:|1784893180
|gametype|doubles
|player|p1|ilovemigu|swimmerf-gen4dp|1080
|player|p2|testdigi|101|1058
|gen|9
|tier|[Gen 9 Champions] VGC 2026 Reg M-B (Bo3)
|rated|
|rule|Species Clause: Limit one of each Pokémon
|rule|Item Clause: Limit 1 of each item
|clearpoke
|poke|p1|Farigiraf, L50, M, shiny|
|poke|p1|Tsareena, L50, F, shiny|
|poke|p1|Clefable, L50, F, shiny|
|poke|p1|Umbreon, L50, F, shiny|
|poke|p1|Gardevoir, L50, F, shiny|
|poke|p1|Gyarados, L50, F, shiny|
|poke|p2|Raichu, L50, M|
|poke|p2|Toxapex, L50, F|
|poke|p2|Mamoswine, L50, F|
|poke|p2|Sylveon, L50, M|
|poke|p2|Corviknight, L50, F|
|poke|p2|Basculegion, L50, M|
|teampreview|4
|showteam|p1|Farigiraf||SitrusBerry|ArmorTail|AllySwitch,Psychic,BeatUp,TrickRoom|Relaxed||M|||50|]Tsareena||FocusSash|QueenlyMajesty|Acupressure,Protect,TropKick,LowKick|Jolly||F|||50|]Clefable||BabiriBerry|MagicGuard|CosmicPower,LifeDew,FollowMe,BatonPass|Bold||F|||50|]Umbreon||Leftovers|InnerFocus|Curse,BatonPass,Protect,FoulPlay|Relaxed||F|||50|]Gardevoir||ChoiceScarf|Trace|DazzlingGleam,Moonblast,Psychic,Protect|Modest||F|||50|]Gyarados||Gyaradosite|Intimidate|Waterfall,Earthquake,IceFang,Protect|Adamant||F|||50|
|showteam|p2|Raichu||RaichuniteY|LightningRod|ZapCannon,FocusBlast,FakeOut,Protect|Timid||M|||50|]Toxapex||Leftovers|Regenerator|Infestation,Toxic,WideGuard,BanefulBunker|Relaxed||F|||50|]Mamoswine||LifeOrb|Oblivious|StompingTantrum,IceShard,RockSlide,Protect|Adamant||F|||50|]Sylveon||FairyFeather|Pixilate|HyperVoice,QuickAttack,Yawn,Detect|Modest||M|||50|]Corviknight||OccaBerry|MirrorArmor|IronHead,BraveBird,Tailwind,Protect|Adamant||F|||50|]Basculegion||FocusSash|Adaptability|LastRespects,Liquidation,AquaJet,Protect|Adamant||M|||50|
|
|t:|1784893205
|teamsize|p1|4
|teamsize|p2|4
|start
|switch|p1a: Tsareena|Tsareena, L50, F, shiny|100/100
|switch|p1b: Umbreon|Umbreon, L50, F, shiny|100/100
|switch|p2a: Sylveon|Sylveon, L50, M|100/100
|switch|p2b: Raichu|Raichu, L50, M|100/100
|turn|1
|
|t:|1784893222
|detailschange|p2b: Raichu|Raichu-Mega-Y, L50, M
|-mega|p2b: Raichu|Raichu|Raichunite Y
|move|p2b: Raichu|Focus Blast|p1b: Umbreon
|-supereffective|p1b: Umbreon|1
|-damage|p1b: Umbreon|40/100
|move|p1a: Tsareena|Acupressure|p1b: Umbreon
|-boost|p1b: Umbreon|spd|2
|move|p2a: Sylveon|Yawn|p1a: Tsareena
|-start|p1a: Tsareena|move: Yawn|[of] p2a: Sylveon
|move|p1b: Umbreon|Curse|p1b: Umbreon
|-unboost|p1b: Umbreon|spe|1
|-boost|p1b: Umbreon|atk|1
|-boost|p1b: Umbreon|def|1
|
|-heal|p1b: Umbreon|46/100|[from] item: Leftovers
|upkeep
|turn|2
|
|t:|1784893254
|switch|p1a: Farigiraf|Farigiraf, L50, M, shiny|100/100
|move|p1b: Umbreon|Protect|p1b: Umbreon
|-singleturn|p1b: Umbreon|Protect
|move|p2b: Raichu|Focus Blast|p1a: Farigiraf
|-damage|p1a: Farigiraf|59/100
|move|p2a: Sylveon|Yawn|p1b: Umbreon
|-activate|p1b: Umbreon|move: Protect
|
|-heal|p1b: Umbreon|52/100|[from] item: Leftovers
|upkeep
|turn|3
|
|t:|1784893276
|move|p2b: Raichu|Zap Cannon|p1a: Farigiraf
|-damage|p1a: Farigiraf|3/100
|-status|p1a: Farigiraf|par
|-enditem|p1a: Farigiraf|Sitrus Berry|[eat]
|-heal|p1a: Farigiraf|27/100 par|[from] item: Sitrus Berry
|move|p2a: Sylveon|Yawn|p1b: Umbreon
|-start|p1b: Umbreon|move: Yawn|[of] p2a: Sylveon
|move|p1b: Umbreon|Curse|p1b: Umbreon
|-unboost|p1b: Umbreon|spe|1
|-boost|p1b: Umbreon|atk|1
|-boost|p1b: Umbreon|def|1
|move|p1a: Farigiraf|Trick Room|p1a: Farigiraf
|-fieldstart|move: Trick Room|[of] p1a: Farigiraf
|
|-heal|p1b: Umbreon|58/100|[from] item: Leftovers
|upkeep
|turn|4
|
|t:|1784893308
|cant|p1a: Farigiraf|par
|move|p1b: Umbreon|Baton Pass|p1b: Umbreon
|
|t:|1784893312
|switch|p1b: Gyarados|Gyarados, L50, F, shiny|100/100|[from] Baton Pass
|-ability|p1b: Gyarados|Intimidate|boost
|-unboost|p2a: Sylveon|atk|1
|-unboost|p2b: Raichu|atk|1
|move|p2a: Sylveon|Hyper Voice|p1b: Gyarados|[spread] p1a,p1b
|-damage|p1a: Farigiraf|0 fnt
|-damage|p1b: Gyarados|82/100
|faint|p1a: Farigiraf
|move|p2b: Raichu|Zap Cannon|p1b: Gyarados
|-supereffective|p1b: Gyarados|2
|-damage|p1b: Gyarados|0 fnt
|faint|p1b: Gyarados
|
|upkeep
|
|t:|1784893326
|switch|p1a: Tsareena|Tsareena, L50, F, shiny|100/100
|switch|p1b: Umbreon|Umbreon, L50, F, shiny|58/100
|turn|5
|-message|ilovemigu forfeited.
|raw|ilovemigu's rating: 1080 → 1057(-23 for losing)
|raw|testdigi's rating: 1058 → 1091(+33 for winning)
|
|win|testdigi
|l|☆testdigi
|player|p2|
|j|☆testdigi
|player|p2|testdigi|101|
