|j|☆monsoonisbest
|j|☆isieboy
|html|monsoonisbestisieboy    
|uhtml|bestof|Game 2 of a best-of-3
|t:|1784675466
|gametype|doubles
|player|p1|monsoonisbest|2|1233
|player|p2|isieboy|266|1309
|gen|9
|tier|[Gen 9 Champions] VGC 2026 Reg M-B (Bo3)
|rated|
|rule|Species Clause: Limit one of each Pokémon
|rule|Item Clause: Limit 1 of each item
|clearpoke
|poke|p1|Venusaur, L50, M|
|poke|p1|Grimmsnarl, L50, M|
|poke|p1|Pelipper, L50, F|
|poke|p1|Archaludon, L50, F|
|poke|p1|Charizard, L50, F|
|poke|p1|Basculegion, L50, M|
|poke|p2|Gengar, L50, M|
|poke|p2|Archaludon, L50, M|
|poke|p2|Politoed, L50, F|
|poke|p2|Swampert, L50, M|
|poke|p2|Vivillon-Fancy, L50, M|
|poke|p2|Incineroar, L50, F|
|teampreview|4
|showteam|p1|Venusaur||Venusaurite|Chlorophyll|SludgeBomb,EarthPower,SleepPowder,Protect|Modest||M|||50|]Grimmsnarl||LightClay|Prankster|SpiritBreak,Reflect,LightScreen,PartingShot|Careful||M|||50|]Pelipper||SitrusBerry|Drizzle|Hurricane,WeatherBall,Tailwind,WideGuard|Modest||F|||50|]Archaludon||Leftovers|Stamina|DragonPulse,FlashCannon,ElectroShot,Protect|Modest||F|||50|]Charizard||CharizarditeY|Blaze|HeatWave,SolarBeam,WeatherBall,Protect|Modest||F|||50|]Basculegion||ChoiceScarf|Adaptability|WaveCrash,FlipTurn,LastRespects,AquaJet|Jolly||M|||50|
|showteam|p2|Gengar||Gengarite|CursedBody|ShadowBall,SludgeBomb,PerishSong,Protect|Modest||M|||50|]Archaludon||Leftovers|Stamina|ElectroShot,DragonPulse,FlashCannon,Protect|Bold||M|||50|]Politoed||SitrusBerry|Drizzle|WeatherBall,Hypnosis,PerishSong,Protect|Calm||F|||50|]Swampert||Swampertite|Torrent|WaveCrash,Earthquake,IcePunch,Protect|Adamant||M|||50|]Vivillon-Fancy||FocusSash|CompoundEyes|Hurricane,SleepPowder,RagePowder,Protect|Timid||M|||50|]Incineroar||PasshoBerry|Intimidate|ThroatChop,FakeOut,PartingShot,Protect|Impish||F|||50|
|
|t:|1784675522
|teamsize|p1|4
|teamsize|p2|4
|start
|switch|p1a: Basculegion|Basculegion, L50, M|100/100
|switch|p1b: Grimmsnarl|Grimmsnarl, L50, M|100/100
|switch|p2a: Swampert|Swampert, L50, M|100/100
|switch|p2b: Vivillon|Vivillon-Fancy, L50, M|100/100
|turn|1
|
|t:|1784675548
|detailschange|p2a: Swampert|Swampert-Mega, L50, M
|-mega|p2a: Swampert|Swampert|Swampertite
|move|p2b: Vivillon|Protect|p2b: Vivillon
|-singleturn|p2b: Vivillon|Protect
|move|p1a: Basculegion|Flip Turn|p2b: Vivillon
|-activate|p2b: Vivillon|move: Protect
|move|p2a: Swampert|Earthquake|p1b: Grimmsnarl|[spread] p1a,p1b
|-activate|p2b: Vivillon|move: Protect
|-damage|p1a: Basculegion|42/100
|-damage|p1b: Grimmsnarl|50/100g
|move|p1b: Grimmsnarl|Spirit Break|p2b: Vivillon
|-activate|p2b: Vivillon|move: Protect
|
|upkeep
|turn|2
|
|t:|1784675584
|move|p1b: Grimmsnarl|Reflect|p1b: Grimmsnarl
|-sidestart|p1: monsoonisbest|Reflect
|move|p1a: Basculegion|Flip Turn|p2b: Vivillon
|-damage|p2b: Vivillon|35/100
|
|t:|1784675588
|switch|p1a: Charizard|Charizard, L50, F|100/100|[from] Flip Turn
|move|p2b: Vivillon|Sleep Powder|p1b: Grimmsnarl
|-status|p1b: Grimmsnarl|slp|[from] move: Sleep Powder
|move|p2a: Swampert|Earthquake|p1b: Grimmsnarl|[spread] p1b
|-immune|p2b: Vivillon
|-immune|p1a: Charizard
|-damage|p1b: Grimmsnarl|20/100y slp
|
|upkeep
|turn|3
|
|t:|1784675609
|detailschange|p1a: Charizard|Charizard-Mega-Y, L50, F
|-mega|p1a: Charizard|Charizard|Charizardite Y
|-weather|SunnyDay|[from] ability: Drought|[of] p1a: Charizard
|move|p2b: Vivillon|Protect|p2b: Vivillon
|-singleturn|p2b: Vivillon|Protect
|move|p1a: Charizard|Solar Beam||[still]
|-prepare|p1a: Charizard|Solar Beam
|-anim|p1a: Charizard|Solar Beam|p2b: Vivillon
|-activate|p2b: Vivillon|move: Protect
|move|p2a: Swampert|Wave Crash|p1a: Charizard
|-supereffective|p1a: Charizard|1
|-damage|p1a: Charizard|51/100
|-damage|p2a: Swampert|83/100|[from] Recoil
|cant|p1b: Grimmsnarl|slp
|
|-weather|SunnyDay|[upkeep]
|upkeep
|turn|4
|
|t:|1784675651
|switch|p2b: Politoed|Politoed, L50, F|100/100
|-weather|RainDance|[from] ability: Drizzle|[of] p2b: Politoed
|switch|p1a: Pelipper|Pelipper, L50, F|100/100
|cant|p1b: Grimmsnarl|slp
|move|p2a: Swampert|Wave Crash|p1a: Pelipper
|-resisted|p1a: Pelipper|1
|-damage|p1a: Pelipper|59/100
|-damage|p2a: Swampert|71/100|[from] Recoil
|
|-weather|RainDance|[upkeep]
|upkeep
|turn|5
|
|t:|1784675684
|switch|p2b: Vivillon|Vivillon-Fancy, L50, M|35/100
|move|p2a: Swampert|Ice Punch|p1a: Pelipper
|-damage|p1a: Pelipper|35/100
|-enditem|p1a: Pelipper|Sitrus Berry|[eat]
|-heal|p1a: Pelipper|60/100|[from] item: Sitrus Berry
|move|p1a: Pelipper|Weather Ball|p2a: Swampert
|-damage|p2a: Swampert|18/100
|-curestatus|p1b: Grimmsnarl|slp|[msg]
|move|p1b: Grimmsnarl|Spirit Break|p2a: Swampert
|-damage|p2a: Swampert|0 fnt
|faint|p2a: Swampert
|
|-weather|RainDance|[upkeep]
|upkeep
|
|t:|1784675706
|switch|p2a: Archaludon|Archaludon, L50, M|100/100
|turn|6
|
|t:|1784675722
|switch|p1b: Charizard|Charizard-Mega-Y, L50, F|51/100
|-weather|SunnyDay|[from] ability: Drought|[of] p1b: Charizard
|move|p2b: Vivillon|Sleep Powder|p1b: Charizard
|-status|p1b: Charizard|slp|[from] move: Sleep Powder
|move|p2a: Archaludon|Dragon Pulse|p1a: Pelipper
|-damage|p1a: Pelipper|20/100y
|move|p1a: Pelipper|Weather Ball|p2b: Vivillon
|-supereffective|p2b: Vivillon|1
|-damage|p2b: Vivillon|0 fnt
|faint|p2b: Vivillon
|
|-weather|SunnyDay|[upkeep]
|upkeep
|
|t:|1784675735
|switch|p2b: Politoed|Politoed, L50, F|100/100
|-weather|RainDance|[from] ability: Drizzle|[of] p2b: Politoed
|turn|7
|
|t:|1784675764
|switch|p1b: Grimmsnarl|Grimmsnarl, L50, M|20/100y
|move|p2a: Archaludon|Dragon Pulse|p1b: Grimmsnarl
|-immune|p1b: Grimmsnarl
|move|p1a: Pelipper|Hurricane|p2b: Politoed
|-damage|p2b: Politoed|67/100
|move|p2b: Politoed|Hypnosis|p1a: Pelipper|[miss]
|-miss|p2b: Politoed|p1a: Pelipper
|
|-weather|RainDance|[upkeep]
|upkeep
|turn|8
|
|t:|1784675785
|move|p1b: Grimmsnarl|Parting Shot|p2a: Archaludon
|-unboost|p2a: Archaludon|atk|1
|-unboost|p2a: Archaludon|spa|1
|
|t:|1784675787
|switch|p1b: Charizard|Charizard-Mega-Y, L50, F|51/100 slp|[from] Parting Shot
|-weather|SunnyDay|[from] ability: Drought|[of] p1b: Charizard
|move|p2a: Archaludon|Electro Shot||[still]
|-prepare|p2a: Archaludon|Electro Shot
|-boost|p2a: Archaludon|spa|1
|move|p1a: Pelipper|Tailwind|p1a: Pelipper
|-sidestart|p1: monsoonisbest|move: Tailwind
|move|p2b: Politoed|Hypnosis|p1a: Pelipper|[miss]
|-miss|p2b: Politoed|p1a: Pelipper
|
|-weather|SunnyDay|[upkeep]
|upkeep
|turn|9
|
|t:|1784675804
|cant|p1b: Charizard|slp
|move|p1a: Pelipper|Weather Ball|p2a: Archaludon
|-damage|p2a: Archaludon|60/100
|-ability|p2a: Archaludon|Stamina|boost
|-boost|p2a: Archaludon|def|1
|move|p2a: Archaludon|Electro Shot|p1b: Charizard|[from] lockedmove
|-supereffective|p1b: Charizard|1
|-damage|p1b: Charizard|0 fnt
|faint|p1b: Charizard
|move|p2b: Politoed|Hypnosis|p1a: Pelipper
|-status|p1a: Pelipper|slp|[from] move: Hypnosis
|
|-weather|SunnyDay|[upkeep]
|-heal|p2a: Archaludon|67/100|[from] item: Leftovers
|-sideend|p1: monsoonisbest|Reflect
|upkeep
|
|t:|1784675812
|switch|p1b: Basculegion|Basculegion, L50, M|42/100
|turn|10
|
|t:|1784675839
|move|p1b: Basculegion|Last Respects|p2a: Archaludon
|-damage|p2a: Archaludon|37/100
|-ability|p2a: Archaludon|Stamina|boost
|-boost|p2a: Archaludon|def|1
|cant|p1a: Pelipper|slp
|move|p2a: Archaludon|Dragon Pulse|p1b: Basculegion
|-damage|p1b: Basculegion|0 fnt
|faint|p1b: Basculegion
|move|p2b: Politoed|Weather Ball|p1a: Pelipper
|-resisted|p1a: Pelipper|1
|-crit|p1a: Pelipper
|-damage|p1a: Pelipper|0 fnt
|faint|p1a: Pelipper
|
|-weather|SunnyDay|[upkeep]
|-heal|p2a: Archaludon|43/100|[from] item: Leftovers
|upkeep
|
|t:|1784675847
|switch|p1b: Grimmsnarl|Grimmsnarl, L50, M|20/100y
|turn|11
|
|t:|1784675858
|move|p1b: Grimmsnarl|Spirit Break|p2a: Archaludon
|-damage|p2a: Archaludon|34/100
|-unboost|p2a: Archaludon|spa|1
|-ability|p2a: Archaludon|Stamina|boost
|-boost|p2a: Archaludon|def|1
|move|p2a: Archaludon|Flash Cannon|p1b: Grimmsnarl
|-supereffective|p1b: Grimmsnarl|1
|-damage|p1b: Grimmsnarl|0 fnt
|faint|p1b: Grimmsnarl
|
|win|isieboy
