|j|☆swarmhostuser
|j|☆Diego Han
|html|swarmhostuserDiego Han    
|uhtml|bestof|Game 1 of a best-of-3
|t:|1756830542
|gametype|doubles
|player|p1|swarmhostuser|2|1027
|player|p2|Diego Han|li|1141
|gen|9
|tier|[Gen 9] VGC 2025 Reg H (Bo3)
|rated|
|rule|Species Clause: Limit one of each Pokémon
|rule|Item Clause: Limit 1 of each item
|clearpoke
|poke|p1|Sneasler, L50, F|
|poke|p1|Kingambit, L50, M|
|poke|p1|Rillaboom, L50, F|
|poke|p1|Dragonite, L50, F|
|poke|p1|Volcarona, L50, F|
|poke|p1|Electabuzz, L50, M|
|poke|p2|Archaludon, L50, M|
|poke|p2|Rillaboom, L50, M|
|poke|p2|Basculegion, L50, M|
|poke|p2|Kingambit, L50, M|
|poke|p2|Pelipper, L50, M|
|poke|p2|Electabuzz, L50, M|
|teampreview|4
|showteam|p1|Sneasler||FocusSash|Unburden|DireClaw,CloseCombat,Coaching,FakeOut|||F|||50|,,,,,Stellar]Kingambit||BlackGlasses|Defiant|KowtowCleave,SwordsDance,SuckerPunch,Protect|||M|||50|,,,,,Dark]Rillaboom||AssaultVest|GrassySurge|FakeOut,WoodHammer,GrassyGlide,HighHorsepower|||F|||50|,,,,,Fire]Dragonite||LoadedDice|Multiscale|ScaleShot,ExtremeSpeed,Haze,Protect|||F|||50|,,,,,Fairy]Volcarona||CovertCloak|FlameBody|HeatWave,TeraBlast,QuiverDance,Protect|||F|||50|,,,,,Fairy]Electabuzz||Eviolite|VitalSpirit|Electroweb,FollowMe,Taunt,Protect|||M|||50|,,,,,Ghost
|showteam|p2|Archaludon||AssaultVest|Stamina|ElectroShot,DracoMeteor,FlashCannon,BodyPress|||M|||50|,,,,,Fairy]Rillaboom||LoadedDice|GrassySurge|BulletSeed,GrassyGlide,FakeOut,HighHorsepower|||M|||50|,,,,,Fire]Basculegion||ChoiceBand|SwiftSwim|WaveCrash,LastRespects,FlipTurn,AquaJet|||M|||50|,,,,,Water]Kingambit||BlackGlasses|Defiant|KowtowCleave,SuckerPunch,SwordsDance,Protect|||M|||50|,,,,,Dark]Pelipper||FocusSash|Drizzle|WeatherBall,Hurricane,Tailwind,Protect|||M|||50|,,,,,Ghost]Electabuzz||Eviolite|VitalSpirit|Electroweb,Taunt,FollowMe,Protect|||M|||50|,,,,,Ghost
|inactive|Battle timer is ON: inactive players will automatically lose when time's up. (requested by swarmhostuser)
|inactive|Diego Han has 60 seconds left.
|inactive|Diego Han has 30 seconds left.
|inactive|Diego Han has 20 seconds left.
|inactive|Diego Han has 15 seconds left.
|inactive|Diego Han has 10 seconds left.
|inactive|Diego Han has 5 seconds left.
|
|t:|1756830676
|teamsize|p1|4
|teamsize|p2|4
|start
|switch|p1a: Volcarona|Volcarona, L50, F|100/100
|switch|p1b: Electabuzz|Electabuzz, L50, M|100/100
|switch|p2a: Archaludon|Archaludon, L50, M|100/100
|switch|p2b: Rillaboom|Rillaboom, L50, M|100/100
|-fieldstart|move: Grassy Terrain|[from] ability: Grassy Surge|[of] p2b: Rillaboom
|turn|1
|inactive|swarmhostuser has 30 seconds left.
|inactive|Diego Han has 30 seconds left.
|inactive|swarmhostuser has 20 seconds left.
|inactive|Diego Han has 20 seconds left.
|inactive|swarmhostuser has 15 seconds left.
|inactive|Diego Han has 15 seconds left.
|inactive|swarmhostuser has 10 seconds left.
|inactive|Diego Han has 10 seconds left.
|inactive|swarmhostuser has 5 seconds left.
|inactive|Diego Han has 5 seconds left.
|
|t:|1756830731
|move|p1b: Electabuzz|Electroweb|p2a: Archaludon|[spread] p2a,p2b
|-resisted|p2a: Archaludon
|-resisted|p2b: Rillaboom
|-damage|p2a: Archaludon|96/100
|-damage|p2b: Rillaboom|93/100
|-unboost|p2a: Archaludon|spe|1
|-unboost|p2b: Rillaboom|spe|1
|-ability|p2a: Archaludon|Stamina|boost
|-boost|p2a: Archaludon|def|1
|move|p1a: Volcarona|Heat Wave|p2a: Archaludon|[spread] p2a,p2b
|-supereffective|p2b: Rillaboom
|-damage|p2a: Archaludon|69/100
|-damage|p2b: Rillaboom|15/100
|-ability|p2a: Archaludon|Stamina|boost
|-boost|p2a: Archaludon|def|1
|move|p2b: Rillaboom|Bullet Seed|p1b: Electabuzz
|-damage|p1b: Electabuzz|86/100
|-damage|p1b: Electabuzz|71/100
|-damage|p1b: Electabuzz|57/100
|-damage|p1b: Electabuzz|44/100
|-hitcount|p1b: Electabuzz|4
|move|p2a: Archaludon|Electro Shot||[still]
|-prepare|p2a: Archaludon|Electro Shot
|-boost|p2a: Archaludon|spa|1
|
|-heal|p1b: Electabuzz|50/100|[from] Grassy Terrain
|-heal|p2b: Rillaboom|21/100|[from] Grassy Terrain
|-heal|p2a: Archaludon|75/100|[from] Grassy Terrain
|upkeep
|turn|2
|inactive|swarmhostuser has 30 seconds left.
|inactive|swarmhostuser has 20 seconds left.
|inactive|swarmhostuser has 15 seconds left.
|inactive|Diego Han has 30 seconds left.
|inactive|swarmhostuser has 10 seconds left.
|
|t:|1756830780
|switch|p2b: Kingambit|Kingambit, L50, M|100/100
|move|p1b: Electabuzz|Taunt|p2a: Archaludon
|-start|p2a: Archaludon|move: Taunt
|move|p1a: Volcarona|Quiver Dance|p1a: Volcarona
|-boost|p1a: Volcarona|spa|1
|-boost|p1a: Volcarona|spd|1
|-boost|p1a: Volcarona|spe|1
|move|p2a: Archaludon|Electro Shot|p1b: Electabuzz|[from] lockedmove
|-resisted|p1b: Electabuzz
|-damage|p1b: Electabuzz|30/100
|
|-heal|p1b: Electabuzz|36/100|[from] Grassy Terrain
|-heal|p2a: Archaludon|81/100|[from] Grassy Terrain
|upkeep
|turn|3
|inactive|swarmhostuser has 30 seconds left.
|inactive|Diego Han has 30 seconds left.
|
|t:|1756830813
|move|p1b: Electabuzz|Protect|p1b: Electabuzz
|-singleturn|p1b: Electabuzz|Protect
|move|p1a: Volcarona|Heat Wave|p2b: Kingambit|[spread] p2a
|-miss|p1a: Volcarona|p2b: Kingambit
|-damage|p2a: Archaludon|45/100
|-ability|p2a: Archaludon|Stamina|boost
|-boost|p2a: Archaludon|def|1
|move|p2a: Archaludon|Body Press|p1b: Electabuzz
|-activate|p1b: Electabuzz|move: Protect
|move|p2b: Kingambit|Swords Dance|p2b: Kingambit
|-boost|p2b: Kingambit|atk|2
|
|-heal|p1b: Electabuzz|42/100|[from] Grassy Terrain
|-heal|p2a: Archaludon|51/100|[from] Grassy Terrain
|upkeep
|turn|4
|inactive|Diego Han has 30 seconds left.
|inactive|Diego Han has 20 seconds left.
|inactive|Diego Han has 15 seconds left.
|inactive|Diego Han has 10 seconds left.
|
|t:|1756830859
|-terastallize|p2b: Kingambit|Dark
|move|p1a: Volcarona|Heat Wave|p2a: Archaludon|[spread] p2a,p2b
|-damage|p2a: Archaludon|10/100
|-damage|p2b: Kingambit|45/100
|-ability|p2a: Archaludon|Stamina|boost
|-boost|p2a: Archaludon|def|1
|move|p1b: Electabuzz|Electroweb|p2a: Archaludon|[spread] p2a,p2b
|-resisted|p2a: Archaludon
|-damage|p2a: Archaludon|6/100
|-damage|p2b: Kingambit|32/100
|-unboost|p2a: Archaludon|spe|1
|-unboost|p2b: Kingambit|spe|1
|-ability|p2b: Kingambit|Defiant|boost
|-boost|p2b: Kingambit|atk|2
|-ability|p2a: Archaludon|Stamina|boost
|-boost|p2a: Archaludon|def|1
|move|p2a: Archaludon|Body Press|p1a: Volcarona
|-resisted|p1a: Volcarona
|-damage|p1a: Volcarona|49/100
|move|p2b: Kingambit|Kowtow Cleave|p1a: Volcarona
|-damage|p1a: Volcarona|0 fnt
|faint|p1a: Volcarona
|
|-heal|p1b: Electabuzz|48/100|[from] Grassy Terrain
|-heal|p2a: Archaludon|12/100|[from] Grassy Terrain
|-heal|p2b: Kingambit|38/100|[from] Grassy Terrain
|-end|p2a: Archaludon|move: Taunt
|upkeep
|
|t:|1756830878
|switch|p1a: Dragonite|Dragonite, L50, F|100/100
|turn|5
|
|t:|1756830897
|move|p2b: Kingambit|Protect|p2b: Kingambit
|-singleturn|p2b: Kingambit|Protect
|move|p1b: Electabuzz|Electroweb|p2a: Archaludon|[spread] 
|-activate|p2b: Kingambit|move: Protect
|-miss|p1b: Electabuzz|p2a: Archaludon
|move|p1a: Dragonite|Haze|p1a: Dragonite
|-clearallboost
|move|p2a: Archaludon|Body Press|p1b: Electabuzz
|-damage|p1b: Electabuzz|29/100
|
|-heal|p1b: Electabuzz|35/100|[from] Grassy Terrain
|-heal|p2a: Archaludon|18/100|[from] Grassy Terrain
|-heal|p2b: Kingambit|44/100|[from] Grassy Terrain
|-fieldend|move: Grassy Terrain
|upkeep
|turn|6
|inactive|swarmhostuser has 30 seconds left.
|inactive|Diego Han has 30 seconds left.
|inactive|swarmhostuser has 20 seconds left.
|inactive|swarmhostuser has 15 seconds left.
|inactive|swarmhostuser has 10 seconds left.
|
|t:|1756830943
|move|p1b: Electabuzz|Follow Me|p1b: Electabuzz
|-singleturn|p1b: Electabuzz|move: Follow Me
|move|p1a: Dragonite|Scale Shot|p2a: Archaludon|[miss]
|-miss|p1a: Dragonite|p2a: Archaludon
|move|p2a: Archaludon|Draco Meteor|p1b: Electabuzz
|-damage|p1b: Electabuzz|0 fnt
|-unboost|p2a: Archaludon|spa|2
|faint|p1b: Electabuzz
|move|p2b: Kingambit|Kowtow Cleave|p1a: Dragonite
|-damage|p1a: Dragonite|54/100
|
|upkeep
|
|t:|1756830951
|switch|p1b: Rillaboom|Rillaboom, L50, F|100/100
|-fieldstart|move: Grassy Terrain|[from] ability: Grassy Surge|[of] p1b: Rillaboom
|turn|7
|
|t:|1756830956
|move|p2b: Kingambit|Protect|p2b: Kingambit
|-singleturn|p2b: Kingambit|Protect
|move|p1b: Rillaboom|Fake Out|p2b: Kingambit
|-activate|p2b: Kingambit|move: Protect
|move|p1a: Dragonite|Scale Shot|p2a: Archaludon
|-damage|p2a: Archaludon|7/100
|-ability|p2a: Archaludon|Stamina|boost
|-boost|p2a: Archaludon|def|1
|-damage|p2a: Archaludon|0 fnt
|faint|p2a: Archaludon
|-hitcount|p2: Archaludon|2
|-unboost|p1a: Dragonite|def|1
|-boost|p1a: Dragonite|spe|1
|
|-heal|p2b: Kingambit|50/100|[from] Grassy Terrain
|upkeep
|
|t:|1756830975
|switch|p2a: Rillaboom|Rillaboom, L50, M|21/100
|turn|8
|inactive|swarmhostuser has 30 seconds left.
|
|t:|1756831000
|move|p1a: Dragonite|Protect|p1a: Dragonite
|-singleturn|p1a: Dragonite|Protect
|move|p2a: Rillaboom|Fake Out|p1b: Rillaboom
|-damage|p1b: Rillaboom|87/100
|cant|p1b: Rillaboom|flinch
|move|p2b: Kingambit|Swords Dance|p2b: Kingambit
|-boost|p2b: Kingambit|atk|2
|
|-heal|p2a: Rillaboom|27/100|[from] Grassy Terrain
|-heal|p1b: Rillaboom|93/100|[from] Grassy Terrain
|-heal|p2b: Kingambit|56/100|[from] Grassy Terrain
|upkeep
|turn|9
|inactive|swarmhostuser has 30 seconds left.
|inactive|swarmhostuser has 20 seconds left.
|
|t:|1756831035
|move|p2b: Kingambit|Sucker Punch|p1b: Rillaboom
|-damage|p1b: Rillaboom|0 fnt
|faint|p1b: Rillaboom
|move|p1a: Dragonite|Scale Shot|p2b: Kingambit
|-damage|p2b: Kingambit|45/100
|-damage|p2b: Kingambit|35/100
|-damage|p2b: Kingambit|24/100
|-damage|p2b: Kingambit|13/100
|-damage|p2b: Kingambit|3/100
|-hitcount|p2b: Kingambit|5
|-unboost|p1a: Dragonite|def|1
|-boost|p1a: Dragonite|spe|1
|move|p2a: Rillaboom|Bullet Seed|p1a: Dragonite
|-resisted|p1a: Dragonite
|-damage|p1a: Dragonite|45/100
|-resisted|p1a: Dragonite
|-damage|p1a: Dragonite|36/100
|-resisted|p1a: Dragonite
|-damage|p1a: Dragonite|27/100
|-resisted|p1a: Dragonite
|-damage|p1a: Dragonite|18/100
|-hitcount|p1a: Dragonite|4
|
|-heal|p2a: Rillaboom|33/100|[from] Grassy Terrain
|-heal|p2b: Kingambit|9/100|[from] Grassy Terrain
|upkeep
|turn|10
|
|t:|1756831042
|move|p1a: Dragonite|Extreme Speed|p2b: Kingambit
|-damage|p2b: Kingambit|0 fnt
|faint|p2b: Kingambit
|move|p2a: Rillaboom|Bullet Seed|p1a: Dragonite
|-resisted|p1a: Dragonite
|-damage|p1a: Dragonite|9/100
|-resisted|p1a: Dragonite
|-damage|p1a: Dragonite|0 fnt
|faint|p1a: Dragonite
|-hitcount|p1: Dragonite|2
|
|win|Diego Han
