|j|☆Abelonche21
|j|☆Greninja11234
|html|Abelonche21Greninja11234    
|uhtml|bestof|Game 2 of a best-of-3
|t:|1757649808
|gametype|doubles
|player|p1|Abelonche21|1|1150
|player|p2|Greninja11234|2|1067
|gen|9
|tier|[Gen 9] VGC 2025 Reg H (Bo3)
|rated|
|rule|Species Clause: Limit one of each Pokémon
|rule|Item Clause: Limit 1 of each item
|clearpoke
|poke|p1|Porygon2, L50|
|poke|p1|Ursaluna, L50, M|
|poke|p1|Incineroar, L50, F|
|poke|p1|Yanmega, L50, F|
|poke|p1|Sneasler, L50, M|
|poke|p1|Archaludon, L50, M|
|poke|p2|Talonflame, L50, F|
|poke|p2|Greninja-*, L50, F|
|poke|p2|Serperior, L50, F|
|poke|p2|Incineroar, L50, M|
|poke|p2|Lucario, L50, M|
|poke|p2|Dragonite, L50, F|
|teampreview|4
|showteam|p1|Porygon2||Eviolite|Download|TrickRoom,IceBeam,Recover,TeraBlast||||||50|,,,,,Flying]Ursaluna||FlameOrb|Guts|Protect,Facade,HeadlongRush,Earthquake|||M|||50|,,,,,Ghost]Incineroar||SafetyGoggles|Intimidate|FakeOut,PartingShot,KnockOff,FlareBlitz|||F|||50|,,,,,Ghost]Yanmega||FocusSash|SpeedBoost|AirSlash,BugBuzz,Tailwind,Detect|||F|||50|,,,,,Ghost]Sneasler||WhiteHerb|Unburden|Protect,CloseCombat,DireClaw,ThroatChop|||M|||50|,,,,,Stellar]Archaludon||PowerHerb|Stalwart|DragonPulse,ElectroShot,Protect,Thunderbolt|||M|||50|,,,,,Electric
|showteam|p2|Talonflame||FocusSash|GaleWings|BraveBird,Tailwind,FlareBlitz,Protect|||F|||50|,,,,,Flying]Greninja||ChoiceSpecs|Protean|HydroCannon,IceBeam,DarkPulse,Uturn|||F|||50|,,,,,Poison]Serperior||LifeOrb|Contrary|LeafStorm,Protect,TeraBlast,Substitute|||F|||50|,,,,,Fire]Incineroar||SafetyGoggles|Intimidate|WillOWisp,KnockOff,FakeOut,PartingShot|||M|||50|,,,,,Ghost]Lucario||ExpertBelt|InnerFocus|MeteorMash,CloseCombat,HelpingHand,Protect|||M|||50|,,,,,Poison]Dragonite||LoadedDice|Multiscale|ExtremeSpeed,Protect,ScaleShot,Haze|||F|||50|,,,,,Fairy
|inactive|Battle timer is ON: inactive players will automatically lose when time's up. (requested by Abelonche21)
|
|t:|1757649850
|teamsize|p1|4
|teamsize|p2|4
|start
|switch|p1a: Yanmega|Yanmega, L50, F|100/100
|switch|p1b: Incineroar|Incineroar, L50, F|100/100
|switch|p2a: Incineroar|Incineroar, L50, M|100/100
|switch|p2b: Talonflame|Talonflame, L50, F|100/100
|-ability|p1b: Incineroar|Intimidate|boost
|-unboost|p2a: Incineroar|atk|1
|-unboost|p2b: Talonflame|atk|1
|-ability|p2a: Incineroar|Intimidate|boost
|-unboost|p1a: Yanmega|atk|1
|-unboost|p1b: Incineroar|atk|1
|turn|1
|
|t:|1757649868
|move|p2b: Talonflame|Protect|p2b: Talonflame
|-singleturn|p2b: Talonflame|Protect
|move|p1b: Incineroar|Fake Out|p2b: Talonflame
|-activate|p2b: Talonflame|move: Protect
|move|p1a: Yanmega|Tailwind|p1a: Yanmega
|-sidestart|p1: Abelonche21|move: Tailwind
|move|p2a: Incineroar|Parting Shot|p1a: Yanmega
|-unboost|p1a: Yanmega|atk|1
|-unboost|p1a: Yanmega|spa|1
|
|t:|1757649879
|switch|p2a: Lucario|Lucario, L50, M|100/100|[from] Parting Shot
|
|-ability|p1a: Yanmega|Speed Boost|boost
|-boost|p1a: Yanmega|spe|1
|upkeep
|turn|2
|
|t:|1757649888
|move|p2a: Lucario|Protect|p2a: Lucario
|-singleturn|p2a: Lucario|Protect
|move|p2b: Talonflame|Tailwind|p2b: Talonflame
|-sidestart|p2: Greninja11234|move: Tailwind
|move|p1a: Yanmega|Air Slash|p2b: Talonflame
|-damage|p2b: Talonflame|57/100
|move|p1b: Incineroar|Flare Blitz|p2a: Lucario
|-activate|p2a: Lucario|move: Protect
|
|-ability|p1a: Yanmega|Speed Boost|boost
|-boost|p1a: Yanmega|spe|1
|upkeep
|turn|3
|
|t:|1757649905
|-terastallize|p1b: Incineroar|Ghost
|move|p1a: Yanmega|Air Slash|p2b: Talonflame
|-damage|p2b: Talonflame|12/100
|move|p2b: Talonflame|Brave Bird|p1a: Yanmega
|-supereffective|p1a: Yanmega
|-damage|p1a: Yanmega|30/100
|-damage|p2b: Talonflame|0 fnt|[from] Recoil
|faint|p2b: Talonflame
|move|p2a: Lucario|Close Combat|p1b: Incineroar
|-immune|p1b: Incineroar
|move|p1b: Incineroar|Flare Blitz|p2a: Lucario
|-supereffective|p2a: Lucario
|-damage|p2a: Lucario|1/100
|-damage|p1b: Incineroar|76/100|[from] Recoil
|
|-ability|p1a: Yanmega|Speed Boost|boost
|-boost|p1a: Yanmega|spe|1
|upkeep
|
|t:|1757649925
|switch|p2b: Incineroar|Incineroar, L50, M|100/100
|-ability|p2b: Incineroar|Intimidate|boost
|-unboost|p1a: Yanmega|atk|1
|-unboost|p1b: Incineroar|atk|1
|turn|4
|
|t:|1757649946
|switch|p1b: Sneasler|Sneasler, L50, M|100/100
|move|p2a: Lucario|Protect|p2a: Lucario
|-singleturn|p2a: Lucario|Protect
|move|p1a: Yanmega|Bug Buzz|p2a: Lucario
|-activate|p2a: Lucario|move: Protect
|move|p2b: Incineroar|Knock Off|p1b: Sneasler
|-resisted|p1b: Sneasler
|-damage|p1b: Sneasler|73/100
|-enditem|p1b: Sneasler|White Herb|[from] move: Knock Off|[of] p2b: Incineroar
|
|-sideend|p1: Abelonche21|move: Tailwind
|-ability|p1a: Yanmega|Speed Boost|boost
|-boost|p1a: Yanmega|spe|1
|upkeep
|turn|5
|
|t:|1757649970
|-terastallize|p2b: Incineroar|Ghost
|move|p1a: Yanmega|Tailwind|p1a: Yanmega
|-sidestart|p1: Abelonche21|move: Tailwind
|move|p1b: Sneasler|Throat Chop|p2a: Lucario
|-resisted|p2a: Lucario
|-damage|p2a: Lucario|0 fnt
|faint|p2a: Lucario
|move|p2b: Incineroar|Knock Off|p1a: Yanmega
|-damage|p1a: Yanmega|0 fnt
|-enditem|p1a: Yanmega|Focus Sash|[from] move: Knock Off|[of] p2b: Incineroar
|faint|p1a: Yanmega
|
|-sideend|p2: Greninja11234|move: Tailwind
|upkeep
|
|t:|1757649984
|switch|p2a: Dragonite|Dragonite, L50, F|100/100
|switch|p1a: Incineroar|Incineroar, L50, F, tera:Ghost|76/100
|-ability|p1a: Incineroar|Intimidate|boost
|-unboost|p2a: Dragonite|atk|1
|-unboost|p2b: Incineroar|atk|1
|turn|6
|
|t:|1757650008
|move|p2a: Dragonite|Protect|p2a: Dragonite
|-singleturn|p2a: Dragonite|Protect
|move|p1b: Sneasler|Dire Claw|p2a: Dragonite
|-activate|p2a: Dragonite|move: Protect
|move|p1a: Incineroar|Knock Off|p2b: Incineroar
|-supereffective|p2b: Incineroar
|-damage|p2b: Incineroar|32/100
|-enditem|p2b: Incineroar|Safety Goggles|[from] move: Knock Off|[of] p1a: Incineroar
|move|p2b: Incineroar|Knock Off|p1a: Incineroar
|-supereffective|p1a: Incineroar
|-damage|p1a: Incineroar|22/100
|-enditem|p1a: Incineroar|Safety Goggles|[from] move: Knock Off|[of] p2b: Incineroar
|
|upkeep
|turn|7
|
|t:|1757650028
|move|p1b: Sneasler|Dire Claw|p2a: Dragonite
|-crit|p2a: Dragonite
|-damage|p2a: Dragonite|70/100
|-status|p2a: Dragonite|slp
|move|p1a: Incineroar|Knock Off|p2b: Incineroar
|-supereffective|p2b: Incineroar
|-damage|p2b: Incineroar|0 fnt
|faint|p2b: Incineroar
|cant|p2a: Dragonite|slp
|
|upkeep
|turn|8
|-message|Greninja11234 forfeited.
|
|win|Abelonche21
|raw|Abelonche21's rating: 1150 → 1169(+19 for winning)
|raw|Greninja11234's rating: 1067 → 1052(-15 for losing)
|l|☆Greninja11234
|player|p2|
