|j|☆StarBai
|j|☆Pawah
|html|StarBaiPawah    
|uhtml|bestof|Game 1 of a best-of-3
|t:|1756999870
|gametype|doubles
|player|p1|StarBai|hop|1301
|player|p2|Pawah|ethan|1192
|gen|9
|tier|[Gen 9] VGC 2025 Reg H (Bo3)
|rated|
|rule|Species Clause: Limit one of each Pokémon
|rule|Item Clause: Limit 1 of each item
|clearpoke
|poke|p1|Dragonite, L50, F|
|poke|p1|Volcarona, L50, M|
|poke|p1|Kingambit, L50, M|
|poke|p1|Sneasler, L50, F|
|poke|p1|Electabuzz, L50, M|
|poke|p1|Rillaboom, L50, M|
|poke|p2|Ursaluna, L50, M|
|poke|p2|Sinistcha, L50|
|poke|p2|Pelipper, L50, F|
|poke|p2|Archaludon, L50, M|
|poke|p2|Dragonite, L50, F|
|poke|p2|Basculegion, L50, M|
|teampreview|4
|showteam|p1|Dragonite||LoadedDice|Multiscale|ScaleShot,ExtremeSpeed,Haze,Protect|||F|||50|,,,,,Steel]Volcarona||CovertCloak|FlameBody|HeatWave,TeraBlast,QuiverDance,Protect|||M|||50|,,,,,Fairy]Kingambit||BlackGlasses|Defiant|KowtowCleave,SuckerPunch,SwordsDance,Protect|||M|||50|,,,,,Dark]Sneasler||FocusSash|Unburden|CloseCombat,DireClaw,FakeOut,Coaching|||F|||50|,,,,,Stellar]Electabuzz||Eviolite|VitalSpirit|Thunderbolt,FollowMe,Taunt,Protect|||M|||50|,,,,,Ghost]Rillaboom||AssaultVest|GrassySurge|WoodHammer,GrassyGlide,FakeOut,HighHorsepower|||M|||50|,,,,,Fire
|showteam|p2|Ursaluna||FlameOrb|Guts|HeadlongRush,Facade,Protect,Earthquake|||M|||50|,,,,,Ghost]Sinistcha||SitrusBerry|Hospitality|RagePowder,TrickRoom,LifeDew,MatchaGotcha||||||50|,,,,,Dark]Pelipper||FocusSash|Drizzle|Hurricane,Protect,WeatherBall,WideGuard|||F|||50|,,,,,Ghost]Archaludon||AssaultVest|Stamina|ElectroShot,FlashCannon,BodyPress,DracoMeteor|||M|||50|,,,,,Bug]Dragonite||LoadedDice|Multiscale|Protect,ScaleShot,Tailwind,Haze|||F|||50|,,,,,Steel]Basculegion||ChoiceBand|SwiftSwim|WaveCrash,FlipTurn,LastRespects,AquaJet|||M|||50|,,,,,Water
|inactive|Battle timer is ON: inactive players will automatically lose when time's up. (requested by Pawah)
|inactive|Pawah has 60 seconds left.
|inactive|Pawah has 30 seconds left.
|
|t:|1756999932
|teamsize|p1|4
|teamsize|p2|4
|start
|switch|p1a: Electabuzz|Electabuzz, L50, M|100/100
|switch|p1b: Volcarona|Volcarona, L50, M|100/100
|switch|p2a: Dragonite|Dragonite, L50, F|100/100
|switch|p2b: Ursaluna|Ursaluna, L50, M|100/100
|turn|1
|
|t:|1756999951
|-terastallize|p1b: Volcarona|Fairy
|move|p2a: Dragonite|Protect|p2a: Dragonite
|-singleturn|p2a: Dragonite|Protect
|move|p1b: Volcarona|Tera Blast|p2a: Dragonite|[anim] Tera Blast Fairy
|-activate|p2a: Dragonite|move: Protect
|move|p1a: Electabuzz|Thunderbolt|p2a: Dragonite
|-activate|p2a: Dragonite|move: Protect
|move|p2b: Ursaluna|Headlong Rush|p1a: Electabuzz
|-supereffective|p1a: Electabuzz
|-damage|p1a: Electabuzz|0 fnt
|-unboost|p2b: Ursaluna|def|1
|-unboost|p2b: Ursaluna|spd|1
|faint|p1a: Electabuzz
|
|-status|p2b: Ursaluna|brn|[from] item: Flame Orb
|upkeep
|
|t:|1756999960
|switch|p1a: Sneasler|Sneasler, L50, F|100/100
|turn|2
|inactive|StarBai has 30 seconds left.
|inactive|Pawah has 30 seconds left.
|inactive|StarBai has 20 seconds left.
|
|t:|1756999999
|switch|p2b: Pelipper|Pelipper, L50, F|100/100
|-weather|RainDance|[from] ability: Drizzle|[of] p2b: Pelipper
|-terastallize|p2a: Dragonite|Steel
|move|p1a: Sneasler|Dire Claw|p2b: Pelipper
|-damage|p2b: Pelipper|46/100
|-status|p2b: Pelipper|par
|move|p1b: Volcarona|Heat Wave|p2a: Dragonite|[spread] p2a,p2b
|-supereffective|p2a: Dragonite
|-crit|p2a: Dragonite
|-resisted|p2b: Pelipper
|-damage|p2a: Dragonite|73/100
|-damage|p2b: Pelipper|30/100 par
|move|p2a: Dragonite|Tailwind|p2a: Dragonite
|-sidestart|p2: Pawah|move: Tailwind
|
|-weather|RainDance|[upkeep]
|upkeep
|turn|3
|inactive|StarBai has 30 seconds left.
|
|t:|1757000026
|move|p2a: Dragonite|Scale Shot|p1a: Sneasler
|-damage|p1a: Sneasler|74/100
|-damage|p1a: Sneasler|48/100
|-damage|p1a: Sneasler|23/100
|-damage|p1a: Sneasler|0 fnt
|faint|p1a: Sneasler
|-hitcount|p1: Sneasler|4
|-unboost|p2a: Dragonite|def|1
|-boost|p2a: Dragonite|spe|1
|move|p1b: Volcarona|Quiver Dance|p1b: Volcarona
|-boost|p1b: Volcarona|spa|1
|-boost|p1b: Volcarona|spd|1
|-boost|p1b: Volcarona|spe|1
|move|p2b: Pelipper|Weather Ball|p1b: Volcarona
|-damage|p1b: Volcarona|59/100
|
|-weather|RainDance|[upkeep]
|upkeep
|
|t:|1757000027
|switch|p1a: Rillaboom|Rillaboom, L50, M|100/100
|-fieldstart|move: Grassy Terrain|[from] ability: Grassy Surge|[of] p1a: Rillaboom
|turn|4
|
|t:|1757000048
|move|p1a: Rillaboom|Fake Out|p2a: Dragonite
|-resisted|p2a: Dragonite
|-damage|p2a: Dragonite|61/100
|cant|p2a: Dragonite|flinch
|move|p1b: Volcarona|Quiver Dance|p1b: Volcarona
|-boost|p1b: Volcarona|spa|1
|-boost|p1b: Volcarona|spd|1
|-boost|p1b: Volcarona|spe|1
|cant|p2b: Pelipper|par
|
|-weather|RainDance|[upkeep]
|-heal|p2a: Dragonite|67/100|[from] Grassy Terrain
|-heal|p1b: Volcarona|64/100|[from] Grassy Terrain
|upkeep
|turn|5
|
|t:|1757000057
|move|p1a: Rillaboom|Grassy Glide|p2a: Dragonite
|-resisted|p2a: Dragonite
|-damage|p2a: Dragonite|37/100
|move|p2a: Dragonite|Haze|p2a: Dragonite
|-clearallboost
|move|p1b: Volcarona|Heat Wave|p2b: Pelipper|[spread] p2a,p2b
|-supereffective|p2a: Dragonite
|-resisted|p2b: Pelipper
|-damage|p2a: Dragonite|1/100
|-damage|p2b: Pelipper|15/100 par
|cant|p2b: Pelipper|par
|
|-weather|RainDance|[upkeep]
|-heal|p2a: Dragonite|7/100|[from] Grassy Terrain
|-heal|p1b: Volcarona|70/100|[from] Grassy Terrain
|-sideend|p2: Pawah|move: Tailwind
|upkeep
|turn|6
|
|t:|1757000080
|switch|p2a: Archaludon|Archaludon, L50, M|100/100
|move|p2b: Pelipper|Protect|p2b: Pelipper
|-singleturn|p2b: Pelipper|Protect
|move|p1a: Rillaboom|Grassy Glide|p2a: Archaludon
|-resisted|p2a: Archaludon
|-damage|p2a: Archaludon|93/100
|-ability|p2a: Archaludon|Stamina|boost
|-boost|p2a: Archaludon|def|1
|move|p1b: Volcarona|Quiver Dance|p1b: Volcarona
|-boost|p1b: Volcarona|spa|1
|-boost|p1b: Volcarona|spd|1
|-boost|p1b: Volcarona|spe|1
|
|-weather|none
|-heal|p1b: Volcarona|76/100|[from] Grassy Terrain
|-heal|p2a: Archaludon|99/100|[from] Grassy Terrain
|upkeep
|turn|7
|
|t:|1757000101
|switch|p2b: Ursaluna|Ursaluna, L50, M|100/100 brn
|move|p1a: Rillaboom|Grassy Glide|p2b: Ursaluna
|-supereffective|p2b: Ursaluna
|-damage|p2b: Ursaluna|45/100 brn
|move|p1b: Volcarona|Quiver Dance|p1b: Volcarona
|-boost|p1b: Volcarona|spa|1
|-boost|p1b: Volcarona|spd|1
|-boost|p1b: Volcarona|spe|1
|move|p2a: Archaludon|Flash Cannon|p1b: Volcarona
|-supereffective|p1b: Volcarona
|-damage|p1b: Volcarona|37/100
|
|-heal|p1b: Volcarona|43/100|[from] Grassy Terrain
|-heal|p2a: Archaludon|100/100|[from] Grassy Terrain
|-heal|p2b: Ursaluna|51/100 brn|[from] Grassy Terrain
|-damage|p2b: Ursaluna|45/100 brn|[from] brn
|upkeep
|turn|8
|
|t:|1757000120
|switch|p2b: Pelipper|Pelipper, L50, F|15/100 par
|-weather|RainDance|[from] ability: Drizzle|[of] p2b: Pelipper
|move|p1b: Volcarona|Tera Blast|p2a: Archaludon|[anim] Tera Blast Fairy
|-damage|p2a: Archaludon|44/100
|-ability|p2a: Archaludon|Stamina|boost
|-boost|p2a: Archaludon|def|1
|move|p1a: Rillaboom|High Horsepower|p2a: Archaludon
|-supereffective|p2a: Archaludon
|-damage|p2a: Archaludon|21/100
|-ability|p2a: Archaludon|Stamina|boost
|-boost|p2a: Archaludon|def|1
|move|p2a: Archaludon|Flash Cannon|p1b: Volcarona
|-supereffective|p1b: Volcarona
|-damage|p1b: Volcarona|7/100
|
|-weather|RainDance|[upkeep]
|-heal|p1b: Volcarona|13/100|[from] Grassy Terrain
|-heal|p2a: Archaludon|27/100|[from] Grassy Terrain
|-fieldend|move: Grassy Terrain
|upkeep
|turn|9
|
|t:|1757000132
|move|p1b: Volcarona|Tera Blast|p2a: Archaludon|[anim] Tera Blast Fairy
|-damage|p2a: Archaludon|0 fnt
|faint|p2a: Archaludon
|move|p1a: Rillaboom|Wood Hammer|p2b: Pelipper
|-damage|p2b: Pelipper|0 fnt
|faint|p2b: Pelipper
|-damage|p1a: Rillaboom|97/100|[from] Recoil
|
|-weather|RainDance|[upkeep]
|upkeep
|
|t:|1757000137
|switch|p2b: Ursaluna|Ursaluna, L50, M|45/100 brn
|switch|p2a: Dragonite|Dragonite, L50, F, tera:Steel|7/100
|turn|10
|
|t:|1757000146
|move|p1b: Volcarona|Tera Blast|p2a: Dragonite|[anim] Tera Blast Fairy
|-resisted|p2a: Dragonite
|-damage|p2a: Dragonite|0 fnt
|faint|p2a: Dragonite
|move|p1a: Rillaboom|Wood Hammer|p2b: Ursaluna
|-supereffective|p2b: Ursaluna
|-damage|p2b: Ursaluna|0 fnt
|faint|p2b: Ursaluna
|-damage|p1a: Rillaboom|81/100|[from] Recoil
|
|win|StarBai
||StarBai is ready for game 2.
||Pawah is ready for game 2.
|uhtml|next|Next: Game 2 of 3
