|j|☆Glumshanks
|j|☆HyphyJavi
|html|GlumshanksHyphyJavi    
|uhtml|bestof|Game 3 of a best-of-3
|t:|1756690260
|gametype|doubles
|player|p1|Glumshanks|ninjaboy|
|player|p2|HyphyJavi|dancer|
|gen|9
|tier|[Gen 9] VGC 2025 Reg H (Bo3)
|rule|Species Clause: Limit one of each Pokémon
|rule|Item Clause: Limit 1 of each item
|clearpoke
|poke|p1|Pelipper, L50, M|
|poke|p1|Archaludon, L50, F|
|poke|p1|Incineroar, L50, F|
|poke|p1|Kingdra, L50, F|
|poke|p1|Amoonguss, L50, M|
|poke|p1|Rillaboom, L50, M|
|poke|p2|Sneasler, L50, F|
|poke|p2|Indeedee, L50, M|
|poke|p2|Talonflame, L50, M|
|poke|p2|Ursaluna, L50, F|
|poke|p2|Amoonguss, L50, M|
|poke|p2|Ninetales, L50, M|
|teampreview|4
|showteam|p1|Pelipper||FocusSash|Drizzle|Hurricane,WeatherBall,Tailwind,Protect|||M|||50|,,,,,Ground]Archaludon||AssaultVest|Stamina|ElectroShot,DragonPulse,FlashCannon,BodyPress|||F|||50|,,,,,Bug]Incineroar||SafetyGoggles|Intimidate|Taunt,KnockOff,PartingShot,FakeOut|||F|||50|,,,,,Ghost]Kingdra||LifeOrb|SwiftSwim|DracoMeteor,WeatherBall,Protect,MuddyWater|||F|||50|,,,,,Stellar]Amoonguss||SitrusBerry|Regenerator|PollenPuff,Protect,RagePowder,Spore|||M|||50|,,,,,Water]Rillaboom||LoadedDice|GrassySurge|BulletSeed,GrassyGlide,HighHorsepower,FakeOut|||M|||50|,,,,,Fire
|showteam|p2|Sneasler||PsychicSeed|Unburden|DireClaw,CloseCombat,ThroatChop,RockSlide|||F|||50|,,,,,Stellar]Indeedee||FocusSash|PsychicSurge|Imprison,ExpandingForce,TrickRoom,ShadowBall|||M|||50|,,,,,Stellar]Talonflame||CovertCloak|GaleWings|DualWingbeat,FlareBlitz,Tailwind,Taunt|||M|||50|,,,,,Stellar]Ursaluna||FlameOrb|Guts|Earthquake,HeadlongRush,Facade,Protect|||F|||50|,,,,,Fairy]Amoonguss||IronBall|Regenerator|RagePowder,Spore,PollenPuff,Protect|||M|||50|,,,,,Water]Ninetales||Charcoal|Drought|HeatWave,HelpingHand,WillOWisp,Protect|||M|||50|,,,,,Flying
|j| stitchasaurus_
|l| stitchasaurus_
|j| stitchasaurus_
|
|t:|1756690301
|teamsize|p1|4
|teamsize|p2|4
|start
|switch|p1a: Rillaboom|Rillaboom, L50, M|100/100
|switch|p1b: Kingdra|Kingdra, L50, F|100/100
|switch|p2a: Talonflame|Talonflame, L50, M|100/100
|switch|p2b: Indeedee|Indeedee, L50, M|100/100
|-fieldstart|move: Psychic Terrain|[from] ability: Psychic Surge|[of] p2b: Indeedee
|-fieldstart|move: Grassy Terrain|[from] ability: Grassy Surge|[of] p1a: Rillaboom
|turn|1
|
|t:|1756690363
|switch|p2b: Amoonguss|Amoonguss, L50, M|100/100
|-terastallize|p1b: Kingdra|Stellar
|move|p1a: Rillaboom|Fake Out|p2b: Amoonguss
|-damage|p2b: Amoonguss|90/100
|move|p2a: Talonflame|Tailwind|p2a: Talonflame
|-sidestart|p2: HyphyJavi|move: Tailwind
|move|p1b: Kingdra|Muddy Water|p2a: Talonflame|[spread] p2a
|-miss|p1b: Kingdra|p2b: Amoonguss
|-supereffective|p2a: Talonflame
|-damage|p2a: Talonflame|0 fnt
|faint|p2a: Talonflame
|-damage|p1b: Kingdra|91/100|[from] item: Life Orb
|
|-heal|p1b: Kingdra|97/100|[from] Grassy Terrain
|-heal|p2b: Amoonguss|96/100|[from] Grassy Terrain
|upkeep
|
|t:|1756690380
|switch|p2a: Indeedee|Indeedee, L50, M|100/100
|-fieldstart|move: Psychic Terrain|[from] ability: Psychic Surge|[of] p2a: Indeedee
|turn|2
|
|t:|1756690413
|switch|p1a: Archaludon|Archaludon, L50, F|100/100
|-terastallize|p2a: Indeedee|Stellar
|move|p1b: Kingdra|Protect|p1b: Kingdra
|-singleturn|p1b: Kingdra|Protect
|move|p2a: Indeedee|Expanding Force|p1a: Archaludon|[spread] p1a
|-activate|p1b: Kingdra|move: Protect
|-resisted|p1a: Archaludon
|-damage|p1a: Archaludon|71/100
|-ability|p1a: Archaludon|Stamina|boost
|-boost|p1a: Archaludon|def|1
|move|p2b: Amoonguss|Pollen Puff|p2a: Indeedee
|
|upkeep
|turn|3
|
|t:|1756690469
|switch|p1b: Rillaboom|Rillaboom, L50, M|100/100
|-fieldstart|move: Grassy Terrain|[from] ability: Grassy Surge|[of] p1b: Rillaboom
|move|p2b: Amoonguss|Rage Powder|p2b: Amoonguss
|-singleturn|p2b: Amoonguss|move: Rage Powder
|move|p1a: Archaludon|Dragon Pulse|p2b: Amoonguss
|-damage|p2b: Amoonguss|55/100
|move|p2a: Indeedee|Trick Room|p2a: Indeedee
|-fieldstart|move: Trick Room|[of] p2a: Indeedee
|
|-heal|p2b: Amoonguss|61/100|[from] Grassy Terrain
|-heal|p1a: Archaludon|78/100|[from] Grassy Terrain
|upkeep
|turn|4
|
|t:|1756690493
|switch|p2a: Ursaluna|Ursaluna, L50, F|100/100
|move|p2b: Amoonguss|Protect|p2b: Amoonguss
|-singleturn|p2b: Amoonguss|Protect
|move|p1b: Rillaboom|Fake Out|p2b: Amoonguss
|-activate|p2b: Amoonguss|move: Protect
|move|p1a: Archaludon|Dragon Pulse|p2b: Amoonguss
|-activate|p2b: Amoonguss|move: Protect
|
|-heal|p2b: Amoonguss|67/100|[from] Grassy Terrain
|-heal|p1a: Archaludon|84/100|[from] Grassy Terrain
|-sideend|p2: HyphyJavi|move: Tailwind
|-status|p2a: Ursaluna|brn|[from] item: Flame Orb
|upkeep
|turn|5
|
|t:|1756690517
|move|p2a: Ursaluna|Protect|p2a: Ursaluna
|-singleturn|p2a: Ursaluna|Protect
|move|p2b: Amoonguss|Spore|p1a: Archaludon
|-status|p1a: Archaludon|slp|[from] move: Spore
|cant|p1a: Archaludon|slp
|move|p1b: Rillaboom|Bullet Seed|p2a: Ursaluna
|-activate|p2a: Ursaluna|move: Protect
|
|-heal|p2b: Amoonguss|73/100|[from] Grassy Terrain
|-heal|p1a: Archaludon|90/100 slp|[from] Grassy Terrain
|-damage|p2a: Ursaluna|95/100 brn|[from] brn
|upkeep
|turn|6
|
|t:|1756690541
|switch|p2b: Indeedee|Indeedee, L50, M, tera:Stellar|100/100
|-fieldstart|move: Psychic Terrain|[from] ability: Psychic Surge|[of] p2b: Indeedee
|switch|p1b: Pelipper|Pelipper, L50, M|100/100
|-weather|RainDance|[from] ability: Drizzle|[of] p1b: Pelipper
|move|p2a: Ursaluna|Facade|p1b: Pelipper
|-enditem|p1b: Pelipper|Focus Sash
|-damage|p1b: Pelipper|1/100
|cant|p1a: Archaludon|slp
|
|-weather|RainDance|[upkeep]
|-damage|p2a: Ursaluna|89/100 brn|[from] brn
|upkeep
|turn|7
|
|t:|1756690573
|move|p1b: Pelipper|Protect|p1b: Pelipper
|-singleturn|p1b: Pelipper|Protect
|move|p2a: Ursaluna|Headlong Rush|p1a: Archaludon
|-supereffective|p1a: Archaludon
|-crit|p1a: Archaludon
|-damage|p1a: Archaludon|0 fnt
|-unboost|p2a: Ursaluna|def|1
|-unboost|p2a: Ursaluna|spd|1
|faint|p1a: Archaludon
|move|p2b: Indeedee|Expanding Force|p1b: Pelipper
|-activate|p1b: Pelipper|move: Protect
|
|-weather|RainDance|[upkeep]
|-damage|p2a: Ursaluna|83/100 brn|[from] brn
|-fieldend|move: Trick Room
|upkeep
|
|t:|1756690585
|switch|p1a: Kingdra|Kingdra, L50, F, tera:Stellar|97/100
|turn|8
|
|t:|1756690617
|switch|p2b: Amoonguss|Amoonguss, L50, M|100/100
|switch|p1b: Rillaboom|Rillaboom, L50, M|100/100
|-fieldstart|move: Grassy Terrain|[from] ability: Grassy Surge|[of] p1b: Rillaboom
|move|p1a: Kingdra|Protect|p1a: Kingdra
|-singleturn|p1a: Kingdra|Protect
|move|p2a: Ursaluna|Protect||[still]
|-fail|p2a: Ursaluna
|
|-weather|RainDance|[upkeep]
|-heal|p1a: Kingdra|100/100|[from] Grassy Terrain
|-heal|p2a: Ursaluna|89/100 brn|[from] Grassy Terrain
|-damage|p2a: Ursaluna|83/100 brn|[from] brn
|upkeep
|turn|9
|
|t:|1756690654
|move|p2a: Ursaluna|Protect|p2a: Ursaluna
|-singleturn|p2a: Ursaluna|Protect
|move|p1a: Kingdra|Muddy Water|p2a: Ursaluna|[spread] p2b
|-activate|p2a: Ursaluna|move: Protect
|-resisted|p2b: Amoonguss
|-damage|p2b: Amoonguss|73/100
|-unboost|p2b: Amoonguss|accuracy|1
|-damage|p1a: Kingdra|91/100|[from] item: Life Orb
|move|p1b: Rillaboom|High Horsepower|p2a: Ursaluna
|-activate|p2a: Ursaluna|move: Protect
|move|p2b: Amoonguss|Spore|p1a: Kingdra
|-status|p1a: Kingdra|slp|[from] move: Spore
|
|-weather|RainDance|[upkeep]
|-heal|p1a: Kingdra|97/100 slp|[from] Grassy Terrain
|-heal|p2a: Ursaluna|89/100 brn|[from] Grassy Terrain
|-heal|p2b: Amoonguss|79/100|[from] Grassy Terrain
|-damage|p2a: Ursaluna|83/100 brn|[from] brn
|upkeep
|turn|10
|
|t:|1756690676
|switch|p2a: Indeedee|Indeedee, L50, M, tera:Stellar|100/100
|-fieldstart|move: Psychic Terrain|[from] ability: Psychic Surge|[of] p2a: Indeedee
|cant|p1a: Kingdra|slp
|move|p1b: Rillaboom|Bullet Seed|p2a: Indeedee
|-damage|p2a: Indeedee|75/100
|-damage|p2a: Indeedee|48/100
|-damage|p2a: Indeedee|19/100
|-damage|p2a: Indeedee|0 fnt
|faint|p2a: Indeedee
|-hitcount|p2: Indeedee|4
|move|p2b: Amoonguss|Pollen Puff|p2: Indeedee|[notarget]
|-fail|p2b: Amoonguss
|
|-weather|none
|upkeep
|
|t:|1756690690
|switch|p2a: Ursaluna|Ursaluna, L50, F|83/100 brn
|turn|11
|
|t:|1756690704
|cant|p1a: Kingdra|slp
|move|p1b: Rillaboom|Bullet Seed|p2a: Ursaluna
|-supereffective|p2a: Ursaluna
|-damage|p2a: Ursaluna|63/100 brn
|-supereffective|p2a: Ursaluna
|-damage|p2a: Ursaluna|44/100 brn
|-supereffective|p2a: Ursaluna
|-damage|p2a: Ursaluna|25/100 brn
|-supereffective|p2a: Ursaluna
|-damage|p2a: Ursaluna|6/100 brn
|-supereffective|p2a: Ursaluna
|-damage|p2a: Ursaluna|0 fnt
|faint|p2a: Ursaluna
|-hitcount|p2: Ursaluna|5
|move|p2b: Amoonguss|Pollen Puff|p2: Ursaluna|[notarget]
|-fail|p2b: Amoonguss
|
|upkeep
|turn|12
|c|☆HyphyJavi|OH MY GOD THE 5th
|c|☆HyphyJavi|GGs
|c|☆Glumshanks|GGs
|-message|HyphyJavi forfeited.
|
|win|Glumshanks
|c|☆Glumshanks|Fun as hell dude
|c|☆HyphyJavi|For real!
|l| stitchasaurus_
