|j|☆saboyita
|j|☆capspungo
|html|saboyitacapspungo    
|uhtml|bestof|Game 2 of a best-of-3
|t:|1756415524
|gametype|doubles
|player|p1|saboyita|grimsley|1167
|player|p2|capspungo|2|1205
|gen|9
|tier|[Gen 9] VGC 2025 Reg H (Bo3)
|rated|
|rule|Species Clause: Limit one of each Pokémon
|rule|Item Clause: Limit 1 of each item
|clearpoke
|poke|p1|Amoonguss, L50, M|
|poke|p1|Hydreigon, L50, M|
|poke|p1|Whimsicott, L50, F|
|poke|p1|Maushold-Four, L50|
|poke|p1|Annihilape, L50, M|
|poke|p1|Ursaluna-Bloodmoon, L50, M|
|poke|p2|Toedscruel, L50, M|
|poke|p2|Weezing-Galar, L50, M|
|poke|p2|Pawmot, L50, M|
|poke|p2|Typhlosion-Hisui, L50, M|
|poke|p2|Corviknight, L50, M|
|poke|p2|Garchomp, L50, F|
|teampreview|4
|showteam|p1|Amoonguss||MentalHerb|Regenerator|ClearSmog,Spore,RagePowder,Protect|||M|||50|,,,,,Water]Hydreigon||ChoiceSpecs|Levitate|Snarl,HeatWave,DarkPulse,DracoMeteor|||M|||50|,,,,,Ghost]Whimsicott||CovertCloak|Prankster|BeatUp,Encore,HelpingHand,Tailwind|||F|||50|,,,,,Dark]Maushold-Four||WideLens|Technician|PopulationBomb,Taunt,FollowMe,Protect||||||50|,,,,,Ghost]Annihilape||Leftovers|Defiant|RageFist,CloseCombat,FinalGambit,Protect|||M|||50|,,,,,Fire]Ursaluna-Bloodmoon||LifeOrb|MindsEye|HyperVoice,EarthPower,BloodMoon,Protect|||M|||50|,,,,,Water
|showteam|p2|Toedscruel||CovertCloak|MyceliumMight|RagePowder,Spore,EarthPower,AcidSpray|||M|||50|,,,,,Water]Weezing-Galar||ChoiceSpecs|NeutralizingGas|DazzlingGleam,SludgeBomb,StrangeSteam,Flamethrower|||M|||50|,,,,,Fire]Pawmot||FocusSash|NaturalCure|FakeOut,CloseCombat,DoubleShock,Protect|||M|||50|,,,,,Electric]Typhlosion-Hisui||ChoiceScarf|Blaze|Eruption,ShadowBall,HeatWave,SleepTalk|||M|||50|,,,,,Fire]Corviknight||SitrusBerry|MirrorArmor|BraveBird,Tailwind,Protect,Roost|||M|||50|,,,,,Dragon]Garchomp||LifeOrb|RoughSkin|Earthquake,StompingTantrum,DragonClaw,Protect|||F|||50|,,,,,Ground
|inactive|Battle timer is ON: inactive players will automatically lose when time's up. (requested by saboyita)
|inactive|capspungo has 60 seconds left.
|inactive|saboyita has 60 seconds left.
|
|t:|1756415578
|teamsize|p1|4
|teamsize|p2|4
|start
|switch|p1a: Whimsicott|Whimsicott, L50, F|100/100
|switch|p1b: Annihilape|Annihilape, L50, M|100/100
|switch|p2a: Toedscruel|Toedscruel, L50, M|100/100
|switch|p2b: Weezing|Weezing-Galar, L50, M|100/100
|-ability|p2b: Weezing|Neutralizing Gas
|turn|1
|inactive|saboyita has 30 seconds left.
|inactive|capspungo has 30 seconds left.
|inactive|saboyita has 20 seconds left.
|inactive|saboyita has 15 seconds left.
|
|t:|1756415619
|-terastallize|p1a: Whimsicott|Dark
|move|p1b: Annihilape|Protect|p1b: Annihilape
|-singleturn|p1b: Annihilape|Protect
|move|p1a: Whimsicott|Tailwind|p1a: Whimsicott
|-sidestart|p1: saboyita|move: Tailwind
|move|p2a: Toedscruel|Spore|p1b: Annihilape
|-activate|p1b: Annihilape|move: Protect
|move|p2b: Weezing|Dazzling Gleam|p1a: Whimsicott|[spread] p1a
|-activate|p1b: Annihilape|move: Protect
|-supereffective|p1a: Whimsicott
|-damage|p1a: Whimsicott|0 fnt
|faint|p1a: Whimsicott
|
|upkeep
|
|t:|1756415633
|switch|p1a: Maushold|Maushold-Four, L50|100/100
|turn|2
|
|t:|1756415652
|switch|p1b: Amoonguss|Amoonguss, L50, M|100/100
|move|p2a: Toedscruel|Rage Powder|p2a: Toedscruel
|-singleturn|p2a: Toedscruel|move: Rage Powder
|move|p1a: Maushold|Population Bomb|p2a: Toedscruel
|-damage|p2a: Toedscruel|90/100
|-damage|p2a: Toedscruel|80/100
|-damage|p2a: Toedscruel|70/100
|-damage|p2a: Toedscruel|59/100
|-damage|p2a: Toedscruel|49/100
|-damage|p2a: Toedscruel|39/100
|-damage|p2a: Toedscruel|30/100
|-damage|p2a: Toedscruel|19/100
|-damage|p2a: Toedscruel|9/100
|-damage|p2a: Toedscruel|0 fnt
|faint|p2a: Toedscruel
|-hitcount|p2: Toedscruel|10
|move|p2b: Weezing|Dazzling Gleam|p1b: Amoonguss|[spread] p1a,p1b
|-resisted|p1b: Amoonguss
|-damage|p1a: Maushold|48/100
|-damage|p1b: Amoonguss|86/100
|
|upkeep
|
|t:|1756415669
|switch|p2a: Typhlosion|Typhlosion-Hisui, L50, M|100/100
|turn|3
|
|t:|1756415686
|move|p1b: Amoonguss|Protect|p1b: Amoonguss
|-singleturn|p1b: Amoonguss|Protect
|move|p1a: Maushold|Population Bomb|p2b: Weezing
|-damage|p2b: Weezing|93/100
|-damage|p2b: Weezing|85/100
|-damage|p2b: Weezing|77/100
|-damage|p2b: Weezing|70/100
|-crit|p2b: Weezing
|-damage|p2b: Weezing|58/100
|-damage|p2b: Weezing|51/100
|-damage|p2b: Weezing|45/100
|-damage|p2b: Weezing|37/100
|-damage|p2b: Weezing|30/100
|-damage|p2b: Weezing|22/100
|-hitcount|p2b: Weezing|10
|move|p2a: Typhlosion|Eruption|p1b: Amoonguss|[spread] p1a
|-activate|p1b: Amoonguss|move: Protect
|-damage|p1a: Maushold|0 fnt
|faint|p1a: Maushold
|move|p2b: Weezing|Dazzling Gleam|p1b: Amoonguss
|-activate|p1b: Amoonguss|move: Protect
|
|upkeep
|
|t:|1756415708
|switch|p1a: Annihilape|Annihilape, L50, M|100/100
|turn|4
|inactive|capspungo has 30 seconds left.
|
|t:|1756415733
|switch|p2a: Pawmot|Pawmot, L50, M|100/100
|move|p1a: Annihilape|Rage Fist|p2a: Pawmot
|-damage|p2a: Pawmot|63/100
|move|p1b: Amoonguss|Spore|p2a: Pawmot
|-status|p2a: Pawmot|slp|[from] move: Spore
|move|p2b: Weezing|Dazzling Gleam|p1a: Annihilape|[spread] p1a,p1b
|-supereffective|p1a: Annihilape
|-resisted|p1b: Amoonguss
|-damage|p1a: Annihilape|30/100
|-damage|p1b: Amoonguss|72/100
|
|-heal|p1a: Annihilape|36/100|[from] item: Leftovers
|-sideend|p1: saboyita|move: Tailwind
|upkeep
|turn|5
|inactive|saboyita has 30 seconds left.
|inactive|capspungo has 30 seconds left.
|
|t:|1756415766
|cant|p2a: Pawmot|slp
|move|p1a: Annihilape|Rage Fist|p2b: Weezing
|-damage|p2b: Weezing|0 fnt
|faint|p2b: Weezing
|-end|p2b: Weezing|ability: Neutralizing Gas
|move|p1b: Amoonguss|Clear Smog|p2a: Pawmot
|-damage|p2a: Pawmot|35/100 slp
|-clearboost|p2a: Pawmot
|
|-heal|p1a: Annihilape|42/100|[from] item: Leftovers
|upkeep
|
|t:|1756415773
|switch|p2b: Typhlosion|Typhlosion-Hisui, L50, M|100/100
|turn|6
|
|t:|1756415779
|-terastallize|p2b: Typhlosion|Fire
|move|p2b: Typhlosion|Eruption|p1b: Amoonguss|[spread] p1a,p1b
|-supereffective|p1b: Amoonguss
|-damage|p1a: Annihilape|0 fnt
|-damage|p1b: Amoonguss|0 fnt
|faint|p1a: Annihilape
|faint|p1b: Amoonguss
|
|win|capspungo
|raw|saboyita's rating: 1167 → 1145(-22 for losing)
|raw|capspungo's rating: 1205 → 1227(+22 for winning)
