|j|☆Sores
|j|☆Squ1dge_
|html|SoresSqu1dge_    
|uhtml|bestof|Game 3 of a best-of-3
|t:|1755113237
|gametype|doubles
|player|p1|Sores|102|1199
|player|p2|Squ1dge_|266|1274
|gen|9
|tier|[Gen 9] VGC 2025 Reg H (Bo3)
|rated|
|rule|Species Clause: Limit one of each Pokémon
|rule|Item Clause: Limit 1 of each item
|clearpoke
|poke|p1|Baxcalibur, L50, M|
|poke|p1|Ninetales-Alola, L50, M|
|poke|p1|Kingambit, L50, F|
|poke|p1|Dusclops, L50, M|
|poke|p1|Flamigo, L50, M|
|poke|p1|Overqwil, L50, M|
|poke|p2|Gholdengo, L50|
|poke|p2|Sneasler, L50, M|
|poke|p2|Rillaboom, L50, M|
|poke|p2|Dragonite, L50, F|
|poke|p2|Ninetales-Alola, L50, M|
|poke|p2|Arcanine-Hisui, L50, M|
|teampreview|4
|showteam|p1|Baxcalibur||LoadedDice|ThermalExchange|IcicleSpear,DragonDance,GlaiveRush,Protect|||M|||50|,,,,,Ghost]Ninetales-Alola||ChoiceSpecs|SnowWarning|Blizzard,Moonblast,FreezeDry,IceBeam|||M|||50|,,,,,Ice]Kingambit||BlackGlasses|Defiant|KowtowCleave,SuckerPunch,SwordsDance,Protect|||F|||50|,,,,,Dark]Dusclops||Eviolite|Pressure|TrickRoom,WillOWisp,PainSplit,NightShade|||M|||50|,,,,,Dark]Flamigo||FocusSash|Scrappy|CloseCombat,BraveBird,Tailwind,Detect|||M|||50|,,,,,Ghost]Overqwil||SafetyGoggles|Intimidate|ThroatChop,BarbBarrage,AquaJet,Taunt|||M|||50|,,,,,Water
|showteam|p2|Gholdengo||GrassySeed|GoodasGold|NastyPlot,MakeItRain,ShadowBall,Protect||||||50|,,,,,Water]Sneasler||WhiteHerb|Unburden|CloseCombat,DireClaw,Coaching,Protect|||M|||50|,,,,,Ghost]Rillaboom||AssaultVest|GrassySurge|FakeOut,GrassyGlide,DrumBeating,HighHorsepower|||M|||50|,,,,,Fire]Dragonite||LoadedDice|Multiscale|ScaleShot,StompingTantrum,Tailwind,Protect|||F|||50|,,,,,Ground]Ninetales-Alola||FocusSash|SnowWarning|Blizzard,IcyWind,Encore,AuroraVeil|||M|||50|,,,,,Ghost]Arcanine-Hisui||ClearAmulet|Intimidate|RockSlide,FlareBlitz,ExtremeSpeed,Protect|||M|||50|,,,,,Water
|
|t:|1755113261
|teamsize|p1|4
|teamsize|p2|4
|start
|switch|p1a: Yamato|Ninetales-Alola, L50, M|100/100
|switch|p1b: Kaguya|Kingambit, L50, F|100/100
|switch|p2a: Gholdengo|Gholdengo, L50|100/100
|switch|p2b: Sneasler|Sneasler, L50, M|100/100
|-weather|Snowscape|[from] ability: Snow Warning|[of] p1a: Yamato
|turn|1
|
|t:|1755113328
|-terastallize|p1a: Yamato|Ice
|move|p1a: Yamato|Blizzard|p2b: Sneasler|[spread] p2a,p2b
|-resisted|p2a: Gholdengo
|-damage|p2a: Gholdengo|70/100
|-damage|p2b: Sneasler|23/100
|move|p2b: Sneasler|Close Combat|p1b: Kaguya
|-supereffective|p1b: Kaguya
|-damage|p1b: Kaguya|0 fnt
|-unboost|p2b: Sneasler|def|1
|-unboost|p2b: Sneasler|spd|1
|faint|p1b: Kaguya
|-enditem|p2b: Sneasler|White Herb
|-clearnegativeboost|p2b: Sneasler|[silent]
|move|p2a: Gholdengo|Make It Rain|p1a: Yamato
|-supereffective|p1a: Yamato
|-damage|p1a: Yamato|0 fnt
|-unboost|p2a: Gholdengo|spa|1
|faint|p1a: Yamato
|
|-weather|Snowscape|[upkeep]
|upkeep
|
|t:|1755113338
|switch|p1a: Who's|Dusclops, L50, M|100/100
|switch|p1b: Doflamingo|Flamigo, L50, M|100/100
|-ability|p1a: Who's|Pressure
|turn|2
|
|t:|1755113369
|switch|p2a: Rillaboom|Rillaboom, L50, M|100/100
|-fieldstart|move: Grassy Terrain|[from] ability: Grassy Surge|[of] p2a: Rillaboom
|move|p1b: Doflamingo|Detect|p1b: Doflamingo
|-singleturn|p1b: Doflamingo|Protect
|move|p2b: Sneasler|Dire Claw|p1b: Doflamingo
|-activate|p1b: Doflamingo|move: Protect
|move|p1a: Who's|Night Shade|p2b: Sneasler
|-damage|p2b: Sneasler|0 fnt
|faint|p2b: Sneasler
|
|-weather|Snowscape|[upkeep]
|upkeep
|
|t:|1755113379
|switch|p2b: Arcanine|Arcanine-Hisui, L50, M|100/100
|-ability|p2b: Arcanine|Intimidate|boost
|-unboost|p1a: Who's|atk|1
|-fail|p1b: Doflamingo|unboost|Attack|[from] ability: Scrappy|[of] p1b: Doflamingo
|turn|3
|
|t:|1755113388
|move|p1b: Doflamingo|Detect||[still]
|-fail|p1b: Doflamingo
|move|p2a: Rillaboom|Fake Out|p1b: Doflamingo
|-damage|p1b: Doflamingo|82/100
|move|p2b: Arcanine|Flare Blitz|p1b: Doflamingo
|-damage|p1b: Doflamingo|6/100
|-damage|p2b: Arcanine|77/100|[from] Recoil
|move|p1a: Who's|Will-O-Wisp|p2a: Rillaboom
|-status|p2a: Rillaboom|brn
|
|-weather|Snowscape|[upkeep]
|-heal|p2b: Arcanine|83/100|[from] Grassy Terrain
|-damage|p2a: Rillaboom|95/100 brn|[from] brn
|upkeep
|turn|4
|
|t:|1755113403
|move|p1b: Doflamingo|Detect|p1b: Doflamingo
|-singleturn|p1b: Doflamingo|Protect
|move|p2b: Arcanine|Extreme Speed|p1b: Doflamingo
|-activate|p1b: Doflamingo|move: Protect
|move|p2a: Rillaboom|Drum Beating|p1a: Who's
|-damage|p1a: Who's|85/100
|-unboost|p1a: Who's|spe|1
|move|p1a: Who's|Night Shade|p2b: Arcanine
|-damage|p2b: Arcanine|54/100
|
|-weather|Snowscape|[upkeep]
|-heal|p2b: Arcanine|60/100|[from] Grassy Terrain
|-heal|p2a: Rillaboom|100/100 brn|[from] Grassy Terrain
|-heal|p1a: Who's|92/100|[from] Grassy Terrain
|-damage|p2a: Rillaboom|95/100 brn|[from] brn
|upkeep
|turn|5
|
|t:|1755113434
|move|p1b: Doflamingo|Detect||[still]
|-fail|p1b: Doflamingo
|move|p2b: Arcanine|Extreme Speed|p1b: Doflamingo
|-damage|p1b: Doflamingo|0 fnt
|faint|p1b: Doflamingo
|move|p2a: Rillaboom|Drum Beating|p1a: Who's
|-damage|p1a: Who's|76/100
|-unboost|p1a: Who's|spe|1
|move|p1a: Who's|Night Shade|p2b: Arcanine
|-damage|p2b: Arcanine|30/100
|
|-weather|none
|-heal|p2b: Arcanine|36/100|[from] Grassy Terrain
|-heal|p2a: Rillaboom|100/100 brn|[from] Grassy Terrain
|-heal|p1a: Who's|82/100|[from] Grassy Terrain
|-damage|p2a: Rillaboom|95/100 brn|[from] brn
|upkeep
|turn|6
|
|t:|1755113495
|move|p2b: Arcanine|Flare Blitz|p1a: Who's
|-damage|p1a: Who's|40/100
|-damage|p2b: Arcanine|24/100|[from] Recoil
|move|p2a: Rillaboom|Drum Beating|p1a: Who's
|-damage|p1a: Who's|24/100
|-unboost|p1a: Who's|spe|1
|move|p1a: Who's|Pain Split|p2a: Rillaboom
|-sethp|p2a: Rillaboom|57/100 brn|[from] move: Pain Split|[silent]
|-sethp|p1a: Who's|74/100|[from] move: Pain Split
|
|-heal|p2b: Arcanine|30/100|[from] Grassy Terrain
|-heal|p2a: Rillaboom|62/100 brn|[from] Grassy Terrain
|-heal|p1a: Who's|80/100|[from] Grassy Terrain
|-damage|p2a: Rillaboom|57/100 brn|[from] brn
|-fieldend|move: Grassy Terrain
|upkeep
|turn|7
|
|t:|1755113511
|move|p2b: Arcanine|Rock Slide|p1a: Who's
|-damage|p1a: Who's|58/100
|move|p2a: Rillaboom|Drum Beating|p1a: Who's
|-damage|p1a: Who's|47/100
|-unboost|p1a: Who's|spe|1
|move|p1a: Who's|Trick Room|p1a: Who's
|-fieldstart|move: Trick Room|[of] p1a: Who's
|
|-damage|p2a: Rillaboom|51/100 brn|[from] brn
|upkeep
|turn|8
|
|t:|1755113527
|move|p1a: Who's|Night Shade|p2b: Arcanine
|-damage|p2b: Arcanine|1/100
|move|p2a: Rillaboom|Drum Beating|p1a: Who's
|-damage|p1a: Who's|35/100
|-unboost|p1a: Who's|spe|1
|move|p2b: Arcanine|Flare Blitz|p1a: Who's
|-damage|p1a: Who's|0 fnt
|faint|p1a: Who's
|-damage|p2b: Arcanine|0 fnt|[from] Recoil
|faint|p2b: Arcanine
|
|win|Squ1dge_
|raw|Sores's rating: 1199 → 1179(-20 for losing)
|raw|Squ1dge_'s rating: 1274 → 1294(+20 for winning)
