|j|☆wodaiogien
|j|☆veryreally
|html|wodaiogienveryreally    
|uhtml|bestof|Game 2 of a best-of-3
|t:|1782402301
|gametype|doubles
|player|p1|wodaiogien|102|1140
|player|p2|veryreally|266|1236
|gen|9
|tier|[Gen 9 Champions] VGC 2026 Reg M-B (Bo3)
|rated|
|rule|Species Clause: Limit one of each Pokémon
|rule|Item Clause: Limit 1 of each item
|clearpoke
|poke|p1|Grimmsnarl, L50, M|
|poke|p1|Ninetales, L50, M|
|poke|p1|Politoed, L50, F|
|poke|p1|Greninja, L50, M|
|poke|p1|Garchomp, L50, F|
|poke|p1|Sneasler, L50, M|
|poke|p2|Hydreigon, L50, M|
|poke|p2|Garchomp, L50, M|
|poke|p2|Metagross, L50|
|poke|p2|Charizard, L50, M|
|poke|p2|Grimmsnarl, L50, M|
|poke|p2|Toxapex, L50, M|
|teampreview|4
|showteam|p1|Grimmsnarl||LightClay|Prankster|PartingShot,FakeOut,Reflect,SpiritBreak|Relaxed||M|||50|]Ninetales||ChoiceScarf|Drought|WeatherBall,WillOWisp,SolarBeam,FakeTears|Modest||M|||50|]Politoed||SitrusBerry|Drizzle|WeatherBall,Psychic,EarthPower,Protect|Modest||F|||50|]Greninja||Greninjite|Protean|WeatherBall,DarkPulse,IceBeam,Protect|Timid||M|||50|]Garchomp||LifeOrb|RoughSkin|RockSlide,DragonClaw,StompingTantrum,Protect|Jolly||F|||50|]Sneasler||FocusSash|Unburden|Protect,FakeOut,CloseCombat,DireClaw|Adamant||M|||50|
|showteam|p2|Hydreigon||ChoiceScarf|Levitate|DarkPulse,Snarl,HeatWave,DracoMeteor|Modest||M|||50|]Garchomp||SitrusBerry|RoughSkin|Earthquake,RockSlide,Protect,DragonClaw|Adamant||M|||50|]Metagross||Metagrossite|ClearBody|IronHead,BulletPunch,Protect,HammerArm|Adamant|||||50|]Charizard||CharizarditeY|Blaze|HeatWave,WeatherBall,Protect,SolarBeam|Timid||M|||50|]Grimmsnarl||RoseliBerry|Prankster|FakeOut,FoulPlay,Reflect,PartingShot|Sassy||M|||50|]Toxapex||Leftovers|Regenerator|Infestation,Toxic,BanefulBunker,WideGuard|Bold||M|||50|
|inactive|Battle timer is ON: inactive players will automatically lose when time's up. (requested by veryreally)
|inactive|wodaiogien also wants the timer to be on.
|
|t:|1782402332
|teamsize|p1|4
|teamsize|p2|4
|start
|switch|p1a: Greninja|Greninja, L50, M|100/100
|switch|p1b: Grimmsnarl|Grimmsnarl, L50, M|100/100
|switch|p2a: Hydreigon|Hydreigon, L50, M|100/100
|switch|p2b: Charizard|Charizard, L50, M|100/100
|turn|1
|
|t:|1782402351
|detailschange|p1a: Greninja|Greninja-Mega, L50, M
|-mega|p1a: Greninja|Greninja|Greninjite
|detailschange|p2b: Charizard|Charizard-Mega-Y, L50, M
|-mega|p2b: Charizard|Charizard|Charizardite Y
|-weather|SunnyDay|[from] ability: Drought|[of] p2b: Charizard
|move|p1b: Grimmsnarl|Fake Out|p2b: Charizard
|-damage|p2b: Charizard|87/100
|move|p2a: Hydreigon|Snarl|p1a: Greninja|[spread] p1a,p1b
|-resisted|p1a: Greninja|1
|-crit|p1a: Greninja
|-resisted|p1b: Grimmsnarl|2
|-damage|p1a: Greninja|78/100
|-damage|p1b: Grimmsnarl|95/100
|-unboost|p1a: Greninja|spa|1
|-unboost|p1b: Grimmsnarl|spa|1
|move|p1a: Greninja|Ice Beam|p2a: Hydreigon
|-start|p1a: Greninja|typechange|Ice|[from] ability: Protean
|-supereffective|p2a: Hydreigon|1
|-damage|p2a: Hydreigon|28/100
|cant|p2b: Charizard|flinch
|
|-weather|SunnyDay|[upkeep]
|upkeep
|turn|2
|
|t:|1782402376
|move|p1b: Grimmsnarl|Parting Shot|p2b: Charizard
|-unboost|p2b: Charizard|atk|1
|-unboost|p2b: Charizard|spa|1
|
|t:|1782402380
|switch|p1b: Politoed|Politoed, L50, F|100/100|[from] Parting Shot
|-weather|RainDance|[from] ability: Drizzle|[of] p1b: Politoed
|move|p2a: Hydreigon|Snarl|p1b: Politoed|[spread] p1a,p1b
|-damage|p1a: Greninja|51/100
|-damage|p1b: Politoed|78/100
|-unboost|p1a: Greninja|spa|1
|-unboost|p1b: Politoed|spa|1
|move|p1a: Greninja|Ice Beam|p2a: Hydreigon
|-supereffective|p2a: Hydreigon|1
|-damage|p2a: Hydreigon|0 fnt
|faint|p2a: Hydreigon
|move|p2b: Charizard|Heat Wave|p1a: Greninja|[spread] p1a,p1b
|-supereffective|p1a: Greninja|1
|-resisted|p1b: Politoed|1
|-damage|p1a: Greninja|17/100
|-damage|p1b: Politoed|73/100
|
|-weather|RainDance|[upkeep]
|upkeep
|
|t:|1782402397
|switch|p2a: Toxapex|Toxapex, L50, M|100/100
|turn|3
|
|t:|1782402406
|switch|p1a: Grimmsnarl|Grimmsnarl, L50, M|95/100
|switch|p2b: Grimmsnarl|Grimmsnarl, L50, M|100/100
|move|p1b: Politoed|Psychic|p2a: Toxapex
|-supereffective|p2a: Toxapex|1
|-damage|p2a: Toxapex|70/100
|move|p2a: Toxapex|Toxic|p1b: Politoed
|-status|p1b: Politoed|tox
|
|-weather|RainDance|[upkeep]
|-heal|p2a: Toxapex|76/100|[from] item: Leftovers
|-damage|p1b: Politoed|67/100 tox|[from] psn
|upkeep
|turn|4
|inactive|wodaiogien has 30 seconds left.
|
|t:|1782402432
|switch|p1b: Greninja|Greninja-Mega, L50, M|17/100
|move|p2b: Grimmsnarl|Fake Out|p1a: Grimmsnarl
|-damage|p1a: Grimmsnarl|84/100
|cant|p1a: Grimmsnarl|flinch
|move|p2a: Toxapex|Infestation|p1b: Greninja
|-supereffective|p1b: Greninja|1
|-damage|p1b: Greninja|8/100
|-activate|p1b: Greninja|move: Infestation|[of] p2a: Toxapex
|
|-weather|RainDance|[upkeep]
|-heal|p2a: Toxapex|82/100|[from] item: Leftovers
|-damage|p1b: Greninja|0 fnt|[from] move: Infestation|[partiallytrapped]
|faint|p1b: Greninja
|upkeep
|
|t:|1782402437
|switch|p1b: Sneasler|Sneasler, L50, M|100/100
|turn|5
|
|t:|1782402453
|move|p1b: Sneasler|Fake Out|p2b: Grimmsnarl
|-damage|p2b: Grimmsnarl|84/100
|cant|p2b: Grimmsnarl|flinch
|move|p1a: Grimmsnarl|Spirit Break|p2b: Grimmsnarl
|-supereffective|p2b: Grimmsnarl|1
|-enditem|p2b: Grimmsnarl|Roseli Berry|[eat]
|-enditem|p2b: Grimmsnarl|Roseli Berry|[weaken]
|-damage|p2b: Grimmsnarl|54/100
|-unboost|p2b: Grimmsnarl|spa|1
|move|p2a: Toxapex|Toxic|p1a: Grimmsnarl
|-status|p1a: Grimmsnarl|tox
|
|-weather|RainDance|[upkeep]
|-heal|p2a: Toxapex|87/100|[from] item: Leftovers
|-damage|p1a: Grimmsnarl|78/100 tox|[from] psn
|upkeep
|turn|6
|inactive|veryreally has 30 seconds left.
|inactive|veryreally has 20 seconds left.
|inactive|veryreally has 15 seconds left.
|
|t:|1782402498
|switch|p2b: Charizard|Charizard-Mega-Y, L50, M|87/100
|-weather|SunnyDay|[from] ability: Drought|[of] p2b: Charizard
|move|p1b: Sneasler|Protect|p1b: Sneasler
|-singleturn|p1b: Sneasler|Protect
|move|p1a: Grimmsnarl|Spirit Break|p2b: Charizard
|-resisted|p2b: Charizard|1
|-damage|p2b: Charizard|72/100
|-unboost|p2b: Charizard|spa|1
|move|p2a: Toxapex|Infestation|p1a: Grimmsnarl
|-damage|p1a: Grimmsnarl|75/100 tox
|-activate|p1a: Grimmsnarl|move: Infestation|[of] p2a: Toxapex
|
|-weather|SunnyDay|[upkeep]
|-heal|p2a: Toxapex|93/100|[from] item: Leftovers
|-damage|p1a: Grimmsnarl|63/100 tox|[from] psn
|-damage|p1a: Grimmsnarl|51/100 tox|[from] move: Infestation|[partiallytrapped]
|upkeep
|turn|7
|
|t:|1782402520
|move|p2b: Charizard|Protect|p2b: Charizard
|-singleturn|p2b: Charizard|Protect
|move|p2a: Toxapex|Baneful Bunker|p2a: Toxapex
|-singleturn|p2a: Toxapex|move: Protect
|move|p1a: Grimmsnarl|Parting Shot|p2b: Charizard
|-activate|p2b: Charizard|move: Protect
|move|p1b: Sneasler|Dire Claw|p2b: Charizard
|-activate|p2b: Charizard|move: Protect
|
|-weather|SunnyDay|[upkeep]
|-heal|p2a: Toxapex|99/100|[from] item: Leftovers
|-damage|p1a: Grimmsnarl|33/100 tox|[from] psn
|-damage|p1a: Grimmsnarl|21/100 tox|[from] move: Infestation|[partiallytrapped]
|upkeep
|turn|8
|inactive|veryreally has 30 seconds left.
|inactive|wodaiogien has 30 seconds left.
|
|t:|1782402554
|switch|p2b: Grimmsnarl|Grimmsnarl, L50, M|54/100
|move|p1b: Sneasler|Dire Claw|p2b: Grimmsnarl
|-supereffective|p2b: Grimmsnarl|1
|-damage|p2b: Grimmsnarl|0 fnt
|faint|p2b: Grimmsnarl
|move|p1a: Grimmsnarl|Spirit Break|p2a: Toxapex
|-resisted|p2a: Toxapex|1
|-damage|p2a: Toxapex|89/100
|-unboost|p2a: Toxapex|spa|1
|move|p2a: Toxapex|Infestation|p1a: Grimmsnarl
|-damage|p1a: Grimmsnarl|19/100 tox
|
|-weather|SunnyDay|[upkeep]
|-heal|p2a: Toxapex|95/100|[from] item: Leftovers
|-damage|p1a: Grimmsnarl|0 fnt|[from] psn
|faint|p1a: Grimmsnarl
|upkeep
|
|t:|1782402566
|switch|p1a: Politoed|Politoed, L50, F|67/100 tox
|switch|p2b: Charizard|Charizard-Mega-Y, L50, M|72/100
|-weather|RainDance|[from] ability: Drizzle|[of] p1a: Politoed
|turn|9
|inactive|wodaiogien has 30 seconds left.
|
|t:|1782402598
|move|p2b: Charizard|Protect|p2b: Charizard
|-singleturn|p2b: Charizard|Protect
|move|p1a: Politoed|Protect|p1a: Politoed
|-singleturn|p1a: Politoed|Protect
|move|p1b: Sneasler|Dire Claw|p2b: Charizard
|-activate|p2b: Charizard|move: Protect
|move|p2a: Toxapex|Infestation|p1b: Sneasler
|-resisted|p1b: Sneasler|2
|-damage|p1b: Sneasler|99/100
|-activate|p1b: Sneasler|move: Infestation|[of] p2a: Toxapex
|
|-weather|RainDance|[upkeep]
|-heal|p2a: Toxapex|100/100|[from] item: Leftovers
|-damage|p1a: Politoed|61/100 tox|[from] psn
|-damage|p1b: Sneasler|87/100|[from] move: Infestation|[partiallytrapped]
|upkeep
|turn|10
|
|t:|1782402617
|move|p1b: Sneasler|Dire Claw|p2b: Charizard
|-damage|p2b: Charizard|26/100
|move|p2b: Charizard|Weather Ball|p1b: Sneasler
|-damage|p1b: Sneasler|17/100
|move|p1a: Politoed|Psychic|p2a: Toxapex
|-supereffective|p2a: Toxapex|1
|-damage|p2a: Toxapex|61/100
|move|p2a: Toxapex|Infestation|p1b: Sneasler
|-resisted|p1b: Sneasler|2
|-damage|p1b: Sneasler|17/100
|
|-weather|RainDance|[upkeep]
|-heal|p2a: Toxapex|67/100|[from] item: Leftovers
|-damage|p1a: Politoed|49/100 tox|[from] psn
|-damage|p1b: Sneasler|5/100|[from] move: Infestation|[partiallytrapped]
|upkeep
|-enditem|p1a: Politoed|Sitrus Berry|[eat]
|-heal|p1a: Politoed|74/100 tox|[from] item: Sitrus Berry
|turn|11
|
|t:|1782402639
|move|p2b: Charizard|Protect|p2b: Charizard
|-singleturn|p2b: Charizard|Protect
|move|p2a: Toxapex|Baneful Bunker|p2a: Toxapex
|-singleturn|p2a: Toxapex|move: Protect
|move|p1b: Sneasler|Dire Claw|p2a: Toxapex
|-activate|p2a: Toxapex|move: Protect
|move|p1a: Politoed|Psychic|p2a: Toxapex
|-activate|p2a: Toxapex|move: Protect
|
|-weather|RainDance|[upkeep]
|-heal|p2a: Toxapex|73/100|[from] item: Leftovers
|-damage|p1a: Politoed|55/100 tox|[from] psn
|-damage|p1b: Sneasler|0 fnt|[from] move: Infestation|[partiallytrapped]
|faint|p1b: Sneasler
|upkeep
|turn|12
|
|t:|1782402645
|move|p2b: Charizard|Weather Ball|p1a: Politoed
|-resisted|p1a: Politoed|1
|-damage|p1a: Politoed|32/100 tox
|move|p1a: Politoed|Weather Ball|p2b: Charizard
|-supereffective|p2b: Charizard|1
|-damage|p2b: Charizard|0 fnt
|faint|p2b: Charizard
|move|p2a: Toxapex|Infestation|p1a: Politoed
|-damage|p1a: Politoed|30/100 tox
|-activate|p1a: Politoed|move: Infestation|[of] p2a: Toxapex
|
|-weather|RainDance|[upkeep]
|-heal|p2a: Toxapex|78/100|[from] item: Leftovers
|-damage|p1a: Politoed|6/100 tox|[from] psn
|-damage|p1a: Politoed|0 fnt|[from] move: Infestation|[partiallytrapped]
|faint|p1a: Politoed
|
|win|veryreally
|raw|wodaiogien's rating: 1140 → 1122(-18 for losing)
|raw|veryreally's rating: 1236 → 1254(+18 for winning)
