|j|☆megafraudette
|j|☆lolgz
|html|megafraudettelolgz    
|uhtml|bestof|Game 2 of a best-of-3
|t:|1782442118
|gametype|doubles
|player|p1|megafraudette|169|1326
|player|p2|lolgz|dawn|1238
|gen|9
|tier|[Gen 9 Champions] VGC 2026 Reg M-B (Bo3)
|rated|
|rule|Species Clause: Limit one of each Pokémon
|rule|Item Clause: Limit 1 of each item
|clearpoke
|poke|p1|Whimsicott, L50, M|
|poke|p1|Floette-Eternal, L50, F|
|poke|p1|Basculegion, L50, M|
|poke|p1|Farigiraf, L50, F|
|poke|p1|Kingambit, L50, M|
|poke|p1|Arcanine-Hisui, L50, M|
|poke|p2|Mawile, L50, F|
|poke|p2|Sneasler, L50, F|
|poke|p2|Farigiraf, L50, F|
|poke|p2|Ampharos, L50, F|
|poke|p2|Vileplume, L50, M|
|poke|p2|Torkoal, L50, F|
|teampreview|4
|showteam|p1|Whimsicott||FairyFeather|Prankster|Moonblast,Tailwind,Encore,Protect|Bold||M|||50|]Floette-Eternal||Floettite|FlowerVeil|Moonblast,DazzlingGleam,LightofRuin,Protect|Modest||F|||50|]Basculegion||LifeOrb|Adaptability|WaveCrash,AquaJet,LastRespects,Protect|Jolly||M|||50|]Farigiraf||ColburBerry|ArmorTail|Psychic,TrickRoom,HelpingHand,Imprison|Calm||F|||50|]Kingambit||BlackGlasses|Defiant|KowtowCleave,SuckerPunch,IronHead,Protect|Adamant||M|||50|]Arcanine-Hisui||FocusSash|RockHead|ExtremeSpeed,HeadSmash,FlareBlitz,Protect|Jolly||M|||50|
|showteam|p2|Mawile||Mawilite|HyperCutter|PlayRough,SuckerPunch,SwordsDance,Protect|Serious||F|||50|]Sneasler||IronBall|PoisonTouch|FakeOut,DireClaw,CloseCombat,RockTomb|Brave||F|||50|]Farigiraf||SitrusBerry|ArmorTail|TrickRoom,Thunderbolt,Psychic,HelpingHand|Relaxed||F|||50|]Ampharos||Ampharosite|Static|Thunderbolt,DragonPulse,Protect,FocusBlast|Brave||F|||50|]Vileplume||FocusSash|Chlorophyll|SleepPowder,SludgeBomb,EnergyBall,AfterYou|Timid||M|||50|]Torkoal||Charcoal|Drought|Eruption,WeatherBall,EarthPower,Protect|Quiet||F|||50|
|inactive|Battle timer is ON: inactive players will automatically lose when time's up. (requested by lolgz)
|
|t:|1782442144
|teamsize|p1|4
|teamsize|p2|4
|start
|switch|p1a: Floette|Floette-Eternal, L50, F|100/100
|switch|p1b: Farigiraf|Farigiraf, L50, F|100/100
|switch|p2a: Vileplume|Vileplume, L50, M|100/100
|switch|p2b: Torkoal|Torkoal, L50, F|100/100
|-weather|SunnyDay|[from] ability: Drought|[of] p2b: Torkoal
|turn|1
|
|t:|1782442160
|move|p1a: Floette|Protect|p1a: Floette
|-singleturn|p1a: Floette|Protect
|move|p2a: Vileplume|Sleep Powder|p1a: Floette
|-activate|p1a: Floette|move: Protect
|move|p1b: Farigiraf|Psychic|p2a: Vileplume
|-supereffective|p2a: Vileplume|1
|-damage|p2a: Vileplume|16/100
|move|p2b: Torkoal|Eruption|p1b: Farigiraf|[spread] p1b
|-activate|p1a: Floette|move: Protect
|-damage|p1b: Farigiraf|24/100
|
|-weather|SunnyDay|[upkeep]
|upkeep
|turn|2
|
|t:|1782442169
|detailschange|p1a: Floette|Floette-Mega, L50, F
|-mega|p1a: Floette|Floette|Floettite
|-ability|p1a: Floette|Fairy Aura
|move|p2a: Vileplume|Sleep Powder|p1a: Floette
|-status|p1a: Floette|slp|[from] move: Sleep Powder
|cant|p1a: Floette|slp
|move|p1b: Farigiraf|Psychic|p2b: Torkoal
|-damage|p2b: Torkoal|54/100
|move|p2b: Torkoal|Eruption|p1a: Floette|[spread] p1a,p1b
|-crit|p1a: Floette
|-damage|p1a: Floette|44/100 slp
|-damage|p1b: Farigiraf|0 fnt
|faint|p1b: Farigiraf
|
|-weather|SunnyDay|[upkeep]
|upkeep
|
|t:|1782442181
|switch|p1b: Arcanine|Arcanine-Hisui, L50, M|100/100
|turn|3
|
|t:|1782442189
|move|p1b: Arcanine|Extreme Speed|p2a: Vileplume
|-damage|p2a: Vileplume|0 fnt
|faint|p2a: Vileplume
|-curestatus|p1a: Floette|slp|[msg]
|move|p1a: Floette|Moonblast|p2b: Torkoal
|-resisted|p2b: Torkoal|1
|-damage|p2b: Torkoal|6/100
|move|p2b: Torkoal|Weather Ball|p1a: Floette
|-damage|p1a: Floette|0 fnt
|faint|p1a: Floette
|
|-weather|SunnyDay|[upkeep]
|upkeep
|
|t:|1782442192
|switch|p1a: Basculegion|Basculegion, L50, M|100/100
|switch|p2a: Farigiraf|Farigiraf, L50, F|100/100
|turn|4
|
|t:|1782442203
|move|p1b: Arcanine|Flare Blitz|p2a: Farigiraf
|-damage|p2a: Farigiraf|38/100
|-enditem|p2a: Farigiraf|Sitrus Berry|[eat]
|-heal|p2a: Farigiraf|63/100|[from] item: Sitrus Berry
|move|p1a: Basculegion|Wave Crash|p2a: Farigiraf
|-damage|p2a: Farigiraf|26/100
|-damage|p1a: Basculegion|86/100|[from] Recoil
|-damage|p1a: Basculegion|76/100|[from] item: Life Orb
|move|p2b: Torkoal|Earth Power|p1b: Arcanine
|-supereffective|p1b: Arcanine|2
|-enditem|p1b: Arcanine|Focus Sash
|-damage|p1b: Arcanine|1/100
|move|p2a: Farigiraf|Trick Room|p2a: Farigiraf
|-fieldstart|move: Trick Room|[of] p2a: Farigiraf
|
|-weather|SunnyDay|[upkeep]
|upkeep
|turn|5
|
|t:|1782442218
|move|p1a: Basculegion|Protect|p1a: Basculegion
|-singleturn|p1a: Basculegion|Protect
|move|p2b: Torkoal|Eruption|p1a: Basculegion|[spread] p1b
|-activate|p1a: Basculegion|move: Protect
|-resisted|p1b: Arcanine|2
|-damage|p1b: Arcanine|0 fnt
|faint|p1b: Arcanine
|move|p2a: Farigiraf|Thunderbolt|p1a: Basculegion
|-activate|p1a: Basculegion|move: Protect
|
|-weather|none
|upkeep
|turn|6
|
|t:|1782442224
|move|p2b: Torkoal|Earth Power|p1a: Basculegion
|-damage|p1a: Basculegion|46/100
|move|p2a: Farigiraf|Thunderbolt|p1a: Basculegion
|-supereffective|p1a: Basculegion|1
|-damage|p1a: Basculegion|0 fnt
|faint|p1a: Basculegion
|
|win|lolgz
|raw|megafraudette's rating: 1326 → 1301(-25 for losing)
|raw|lolgz's rating: 1238 → 1269(+31 for winning)
