|j|☆jsajsajs
|j|☆Pickle315
|html|jsajsajsPickle315    
|uhtml|bestof|Game 2 of a best-of-3
|t:|1757721074
|gametype|doubles
|player|p1|jsajsajs|blue|1000
|player|p2|Pickle315|hilbert|1052
|gen|9
|tier|[Gen 9] VGC 2025 Reg H (Bo3)
|rated|
|rule|Species Clause: Limit one of each Pokémon
|rule|Item Clause: Limit 1 of each item
|clearpoke
|poke|p1|Dragonite, L50, M|
|poke|p1|Amoonguss, L50, F|
|poke|p1|Ursaluna, L50, M|
|poke|p1|Smeargle, L50, M|
|poke|p1|Gholdengo, L50|
|poke|p1|Incineroar, L50, M|
|poke|p2|Torkoal, L50, F|
|poke|p2|Amoonguss, L50, F|
|poke|p2|Charizard, L50, M|
|poke|p2|Kingambit, L50, F|
|poke|p2|Rillaboom, L50, F|
|poke|p2|Dragapult, L50, M|
|teampreview|4
|showteam|p1|Dragonite||LoadedDice|Multiscale|ScaleShot,ExtremeSpeed,Haze,Protect|||M|||50|,,,,,Fairy]Amoonguss||RockyHelmet|Regenerator|PollenPuff,Spore,RagePowder,Protect|||F|||50|,,,,,Water]Ursaluna||FlameOrb|Guts|HeadlongRush,Facade,Earthquake,Protect|||M|||50|,,,,,Ghost]Smeargle||FocusSash|Moody|Endeavor,Spore,FollowMe,SpikyShield|||M|||50|,,,,,Ghost]Gholdengo||Leftovers|GoodasGold|MakeItRain,ShadowBall,NastyPlot,Protect||||||50|,,,,,Fairy]Incineroar||SafetyGoggles|Intimidate|FlareBlitz,KnockOff,FakeOut,PartingShot|||M|||50|,,,,,Ghost
|showteam|p2|Torkoal||CovertCloak|Drought|BodyPress,ClearSmog,HelpingHand,WillOWisp|||F|||50|,,,,,Fighting]Amoonguss||RockyHelmet|Regenerator|PollenPuff,RagePowder,Spore,Synthesis|||F|||50|,,,,,Water]Charizard||LifeOrb|SolarPower|TeraBlast,HeatWave,Protect,SolarBeam|||M|||50|,,,,,Flying]Kingambit||AssaultVest|Defiant|KowtowCleave,IronHead,SuckerPunch,BrickBreak|||F|||50|,,,,,Ghost]Rillaboom||SitrusBerry|GrassySurge|HighHorsepower,GrassyGlide,SolarBlade,FakeOut|||F|||50|,,,,,Electric]Dragapult||ColburBerry|ClearBody|SunnyDay,Protect,DracoMeteor,Thunderbolt|||M|||50|,,,,,Steel
|inactive|Battle timer is ON: inactive players will automatically lose when time's up. (requested by jsajsajs)
|inactive|jsajsajs has 60 seconds left.
|
|t:|1757721131
|teamsize|p1|4
|teamsize|p2|4
|start
|switch|p1a: Smeargle|Smeargle, L50, M, shiny|100/100
|switch|p1b: Incineroar|Incineroar, L50, M|100/100
|switch|p2a: Kingambit|Kingambit, L50, F|100/100
|switch|p2b: Charizard|Charizard, L50, M|100/100
|-ability|p1b: Incineroar|Intimidate|boost
|-unboost|p2a: Kingambit|atk|1
|-ability|p2a: Kingambit|Defiant|boost
|-boost|p2a: Kingambit|atk|2
|-unboost|p2b: Charizard|atk|1
|turn|1
|inactive|Pickle315 has 30 seconds left.
|
|t:|1757721159
|-terastallize|p2a: Kingambit|Ghost
|move|p2b: Charizard|Protect|p2b: Charizard
|-singleturn|p2b: Charizard|Protect
|move|p1b: Incineroar|Fake Out|p2b: Charizard
|-activate|p2b: Charizard|move: Protect
|move|p1a: Smeargle|Spore|p2a: Kingambit
|-status|p2a: Kingambit|slp|[from] move: Spore
|cant|p2a: Kingambit|slp
|
|-ability|p1a: Smeargle|Moody|boost
|-boost|p1a: Smeargle|spe|2
|-unboost|p1a: Smeargle|spa|1
|upkeep
|turn|2
|
|t:|1757721180
|switch|p2a: Amoonguss|Amoonguss, L50, F|100/100
|move|p1a: Smeargle|Spore|p2b: Charizard
|-status|p2b: Charizard|slp|[from] move: Spore
|cant|p2b: Charizard|slp
|move|p1b: Incineroar|Knock Off|p2a: Amoonguss
|-damage|p2a: Amoonguss|54/100
|-damage|p1b: Incineroar|84/100|[from] item: Rocky Helmet|[of] p2a: Amoonguss
|-enditem|p2a: Amoonguss|Rocky Helmet|[from] move: Knock Off|[of] p1b: Incineroar
|
|-ability|p1a: Smeargle|Moody|boost
|-boost|p1a: Smeargle|spd|2
|-unboost|p1a: Smeargle|atk|1
|upkeep
|turn|3
|
|t:|1757721199
|switch|p2b: Torkoal|Torkoal, L50, F|100/100
|-weather|SunnyDay|[from] ability: Drought|[of] p2b: Torkoal
|move|p1a: Smeargle|Spiky Shield|p1a: Smeargle
|-singleturn|p1a: Smeargle|move: Protect
|move|p1b: Incineroar|Flare Blitz|p2a: Amoonguss
|-supereffective|p2a: Amoonguss
|-damage|p2a: Amoonguss|0 fnt
|faint|p2a: Amoonguss
|-damage|p1b: Incineroar|64/100|[from] Recoil
|
|-weather|SunnyDay|[upkeep]
|-ability|p1a: Smeargle|Moody|boost
|-boost|p1a: Smeargle|spa|2
|-unboost|p1a: Smeargle|spd|1
|upkeep
|
|t:|1757721214
|switch|p2a: Kingambit|Kingambit, L50, F, tera:Ghost|100/100 slp
|turn|4
|
|t:|1757721223
|switch|p2a: Charizard|Charizard, L50, M|100/100 slp
|move|p1a: Smeargle|Spore|p2b: Torkoal
|-status|p2b: Torkoal|slp|[from] move: Spore
|move|p1b: Incineroar|Knock Off|p2a: Charizard
|-damage|p2a: Charizard|44/100 slp
|-enditem|p2a: Charizard|Life Orb|[from] move: Knock Off|[of] p1b: Incineroar
|cant|p2b: Torkoal|slp
|
|-weather|SunnyDay|[upkeep]
|-damage|p2a: Charizard|32/100 slp|[from] ability: Solar Power|[of] p2a: Charizard
|-ability|p1a: Smeargle|Moody|boost
|-boost|p1a: Smeargle|def|2
|-unboost|p1a: Smeargle|spe|1
|upkeep
|turn|5
|inactive|jsajsajs has 30 seconds left.
|inactive|jsajsajs has 20 seconds left.
|
|t:|1757721261
|-curestatus|p2a: Charizard|slp|[msg]
|move|p2a: Charizard|Protect|p2a: Charizard
|-singleturn|p2a: Charizard|Protect
|move|p1a: Smeargle|Spore|p2a: Charizard
|-activate|p2a: Charizard|move: Protect
|move|p1b: Incineroar|Parting Shot|p2a: Charizard
|-activate|p2a: Charizard|move: Protect
|-curestatus|p2b: Torkoal|slp|[msg]
|move|p2b: Torkoal|Clear Smog|p1a: Smeargle
|-damage|p1a: Smeargle|88/100
|-clearboost|p1a: Smeargle
|
|-weather|SunnyDay|[upkeep]
|-damage|p2a: Charizard|19/100|[from] ability: Solar Power|[of] p2a: Charizard
|-ability|p1a: Smeargle|Moody|boost
|-boost|p1a: Smeargle|def|2
|-unboost|p1a: Smeargle|spa|1
|upkeep
|turn|6
|
|t:|1757721284
|move|p1a: Smeargle|Spiky Shield|p1a: Smeargle
|-singleturn|p1a: Smeargle|move: Protect
|move|p2a: Charizard|Heat Wave|p1a: Smeargle|[spread] p1b
|-activate|p1a: Smeargle|move: Protect
|-resisted|p1b: Incineroar
|-damage|p1b: Incineroar|31/100
|move|p1b: Incineroar|Knock Off|p2b: Torkoal
|-damage|p2b: Torkoal|77/100
|-enditem|p2b: Torkoal|Covert Cloak|[from] move: Knock Off|[of] p1b: Incineroar
|move|p2b: Torkoal|Body Press|p1b: Incineroar
|-supereffective|p1b: Incineroar
|-damage|p1b: Incineroar|0 fnt
|faint|p1b: Incineroar
|
|-weather|SunnyDay|[upkeep]
|-damage|p2a: Charizard|7/100|[from] ability: Solar Power|[of] p2a: Charizard
|-ability|p1a: Smeargle|Moody|boost
|-boost|p1a: Smeargle|def|2
|-unboost|p1a: Smeargle|spd|1
|upkeep
|
|t:|1757721305
|switch|p1b: Dragonite|Dragonite, L50, M|100/100
|turn|7
|
|t:|1757721315
|move|p1a: Smeargle|Follow Me|p1a: Smeargle
|-singleturn|p1a: Smeargle|move: Follow Me
|move|p2a: Charizard|Heat Wave|p1a: Smeargle|[spread] p1a,p1b
|-resisted|p1b: Dragonite
|-damage|p1a: Smeargle|0 fnt
|-damage|p1b: Dragonite|85/100
|-status|p1b: Dragonite|brn
|faint|p1a: Smeargle
|move|p1b: Dragonite|Scale Shot|p2a: Charizard
|-damage|p2a: Charizard|0 fnt
|faint|p2a: Charizard
|-hitcount|p2: Charizard|1
|-unboost|p1b: Dragonite|def|1
|-boost|p1b: Dragonite|spe|1
|move|p2b: Torkoal|Will-O-Wisp|p1b: Dragonite
|-fail|p1b: Dragonite|brn
|
|-weather|none
|-damage|p1b: Dragonite|79/100 brn|[from] brn
|upkeep
|
|t:|1757721332
|switch|p2a: Kingambit|Kingambit, L50, F, tera:Ghost|100/100 slp
|switch|p1a: Gholdengo|Gholdengo, L50|100/100
|turn|8
|
|t:|1757721351
|cant|p2a: Kingambit|slp
|move|p1b: Dragonite|Scale Shot|p2a: Kingambit
|-damage|p2a: Kingambit|96/100 slp
|-damage|p2a: Kingambit|91/100 slp
|-damage|p2a: Kingambit|86/100 slp
|-damage|p2a: Kingambit|82/100 slp
|-damage|p2a: Kingambit|78/100 slp
|-hitcount|p2a: Kingambit|5
|-unboost|p1b: Dragonite|def|1
|-boost|p1b: Dragonite|spe|1
|move|p1a: Gholdengo|Shadow Ball|p2a: Kingambit
|-supereffective|p2a: Kingambit
|-damage|p2a: Kingambit|22/100 slp
|move|p2b: Torkoal|Clear Smog|p1a: Gholdengo
|-immune|p1a: Gholdengo
|
|-damage|p1b: Dragonite|73/100 brn|[from] brn
|upkeep
|turn|9
|
|t:|1757721374
|move|p2b: Torkoal|Helping Hand|p2a: Kingambit
|-singleturn|p2a: Kingambit|Helping Hand|[of] p2b: Torkoal
|move|p1a: Gholdengo|Protect|p1a: Gholdengo
|-singleturn|p1a: Gholdengo|Protect
|cant|p2a: Kingambit|slp
|move|p1b: Dragonite|Scale Shot|p2a: Kingambit|[miss]
|-miss|p1b: Dragonite|p2a: Kingambit
|
|-damage|p1b: Dragonite|67/100 brn|[from] brn
|upkeep
|turn|10
|
|t:|1757721392
|-terastallize|p1a: Gholdengo|Fairy
|move|p2b: Torkoal|Helping Hand|p2a: Kingambit
|-singleturn|p2a: Kingambit|Helping Hand|[of] p2b: Torkoal
|move|p1b: Dragonite|Scale Shot|p2a: Kingambit
|-damage|p2a: Kingambit|17/100 slp
|-damage|p2a: Kingambit|13/100 slp
|-damage|p2a: Kingambit|9/100 slp
|-damage|p2a: Kingambit|4/100 slp
|-hitcount|p2a: Kingambit|4
|-unboost|p1b: Dragonite|def|1
|-boost|p1b: Dragonite|spe|1
|move|p1a: Gholdengo|Make It Rain|p2b: Torkoal|[spread] p2a,p2b
|-resisted|p2b: Torkoal
|-damage|p2a: Kingambit|0 fnt
|-damage|p2b: Torkoal|42/100
|-unboost|p1a: Gholdengo|spa|1
|faint|p2a: Kingambit
|
|-damage|p1b: Dragonite|61/100 brn|[from] brn
|upkeep
|turn|11
|
|t:|1757721413
|move|p1b: Dragonite|Haze|p1b: Dragonite
|-clearallboost
|move|p1a: Gholdengo|Shadow Ball|p2b: Torkoal
|-damage|p2b: Torkoal|0 fnt
|faint|p2b: Torkoal
|
|win|jsajsajs
||Pickle315 is ready for game 3.
||jsajsajs is ready for game 3.
|uhtml|next|Next: Game 3 of 3
