|j|☆Cristante terabug
|j|☆eratakate
|html|Cristante terabugeratakate    
|uhtml|bestof|Game 2 of a best-of-3
|t:|1756736570
|gametype|doubles
|player|p1|Cristante terabug|kieran-champion|1255
|player|p2|eratakate|169|1309
|gen|9
|tier|[Gen 9] VGC 2025 Reg H (Bo3)
|rated|
|rule|Species Clause: Limit one of each Pokémon
|rule|Item Clause: Limit 1 of each item
|clearpoke
|poke|p1|Incineroar, L50, F|
|poke|p1|Pelipper, L50, M|
|poke|p1|Archaludon, L50, M|
|poke|p1|Dragonite, L50, M|
|poke|p1|Sinistcha, L50|
|poke|p1|Ursaluna, L50, F|
|poke|p2|Incineroar, L50, F|
|poke|p2|Amoonguss, L50, M|
|poke|p2|Ursaluna-Bloodmoon, L50, M|
|poke|p2|Sneasler, L50, F|
|poke|p2|Gholdengo, L50|
|poke|p2|Dragonite, L50, M|
|teampreview|4
|showteam|p1|Incineroar||SafetyGoggles|Intimidate|FakeOut,PartingShot,KnockOff,FlareBlitz|||F|||50|,,,,,Flying]Pelipper||FocusSash|Drizzle|Hurricane,MuddyWater,Tailwind,Protect|||M|||50|,,,,,Ghost]Archaludon||AssaultVest|Stamina|ElectroShot,Snarl,FlashCannon,BodyPress|||M|||50|,,,,,Bug]Dragonite||LoadedDice|Multiscale|ScaleShot,Tailwind,Haze,Protect|||M|||50|,,,,,Fairy]Sinistcha||SitrusBerry|Hospitality|MatchaGotcha,RagePowder,LifeDew,TrickRoom||||||50|,,,,,Dark]Ursaluna||FlameOrb|Guts|Earthquake,Facade,HeadlongRush,Protect|||F|||50|,,,,,Ghost
|showteam|p2|Incineroar||SafetyGoggles|Intimidate|FlareBlitz,KnockOff,PartingShot,FakeOut|||F|||50|,,,,,Ghost]Amoonguss||SitrusBerry|Regenerator|Spore,RagePowder,PollenPuff,Protect|||M|||50|,,,,,Psychic]Ursaluna-Bloodmoon||AssaultVest|MindsEye|HyperVoice,BloodMoon,EarthPower,VacuumWave|||M|||50|,,,,,Water]Sneasler||FocusSash|Unburden|CloseCombat,DireClaw,ThroatChop,Protect|||F|||50|,,,,,Stellar]Gholdengo||LifeOrb|GoodasGold|MakeItRain,ShadowBall,NastyPlot,Protect||||||50|,,,,,Water]Dragonite||LoadedDice|Multiscale|ScaleShot,Tailwind,Haze,Protect|||M|||50|,,,,,Fairy
|inactive|Battle timer is ON: inactive players will automatically lose when time's up. (requested by Cristante terabug)
|
|t:|1756736607
|teamsize|p1|4
|teamsize|p2|4
|start
|switch|p1a: Paolo|Dragonite, L50, M|100/100
|switch|p1b: Olmo|Ursaluna, L50, F|100/100
|switch|p2a: Amoonguss|Amoonguss, L50, M|100/100
|switch|p2b: Sneasler|Sneasler, L50, F|100/100
|turn|1
|
|t:|1756736631
|move|p1a: Paolo|Protect|p1a: Paolo
|-singleturn|p1a: Paolo|Protect
|move|p1b: Olmo|Protect|p1b: Olmo
|-singleturn|p1b: Olmo|Protect
|move|p2b: Sneasler|Dire Claw|p1a: Paolo
|-activate|p1a: Paolo|move: Protect
|move|p2a: Amoonguss|Spore|p1b: Olmo
|-activate|p1b: Olmo|move: Protect
|
|-status|p1b: Olmo|brn|[from] item: Flame Orb
|upkeep
|turn|2
|inactive|eratakate has 30 seconds left.
|
|t:|1756736665
|-terastallize|p2b: Sneasler|Stellar
|-terastallize|p1b: Olmo|Ghost
|move|p2a: Amoonguss|Protect|p2a: Amoonguss
|-singleturn|p2a: Amoonguss|Protect
|move|p2b: Sneasler|Throat Chop|p1b: Olmo
|-supereffective|p1b: Olmo
|-damage|p1b: Olmo|45/100 brn
|-start|p1b: Olmo|Throat Chop|[silent]
|move|p1a: Paolo|Tailwind|p1a: Paolo
|-sidestart|p1: Cristante terabug|move: Tailwind
|move|p1b: Olmo|Earthquake|p2a: Amoonguss|[spread] p2b
|-activate|p2a: Amoonguss|move: Protect
|-immune|p1a: Paolo
|-supereffective|p2b: Sneasler
|-crit|p2b: Sneasler
|-enditem|p2b: Sneasler|Focus Sash
|-damage|p2b: Sneasler|1/100
|
|-damage|p1b: Olmo|38/100 brn|[from] brn
|upkeep
|turn|3
|
|t:|1756736683
|switch|p1a: De Marinis|Incineroar, L50, F|100/100
|-ability|p1a: De Marinis|Intimidate|boost
|-unboost|p2a: Amoonguss|atk|1
|-unboost|p2b: Sneasler|atk|1
|move|p2b: Sneasler|Throat Chop|p1b: Olmo
|-supereffective|p1b: Olmo
|-damage|p1b: Olmo|8/100 brn
|move|p1b: Olmo|Facade|p2a: Amoonguss
|-damage|p2a: Amoonguss|0 fnt
|faint|p2a: Amoonguss
|
|-damage|p1b: Olmo|2/100 brn|[from] brn
|-end|p1b: Olmo|Throat Chop|[silent]
|upkeep
|
|t:|1756736694
|switch|p2a: Dragonite|Dragonite, L50, M|100/100
|turn|4
|
|t:|1756736702
|move|p2b: Sneasler|Protect|p2b: Sneasler
|-singleturn|p2b: Sneasler|Protect
|move|p2a: Dragonite|Protect|p2a: Dragonite
|-singleturn|p2a: Dragonite|Protect
|move|p1a: De Marinis|Fake Out|p2a: Dragonite
|-activate|p2a: Dragonite|move: Protect
|move|p1b: Olmo|Facade|p2a: Dragonite
|-activate|p2a: Dragonite|move: Protect
|
|-damage|p1b: Olmo|0 fnt|[from] brn
|faint|p1b: Olmo
|upkeep
|
|t:|1756736706
|switch|p1b: Paolo|Dragonite, L50, M|100/100
|turn|5
|
|t:|1756736719
|switch|p2a: Gholdengo|Gholdengo, L50|100/100
|move|p2b: Sneasler|Close Combat|p1a: De Marinis
|-supereffective|p1a: De Marinis
|-damage|p1a: De Marinis|2/100
|-unboost|p2b: Sneasler|def|1
|-unboost|p2b: Sneasler|spd|1
|move|p1b: Paolo|Scale Shot|p2b: Sneasler
|-damage|p2b: Sneasler|0 fnt
|faint|p2b: Sneasler
|-hitcount|p2: Sneasler|1
|-unboost|p1b: Paolo|def|1
|-boost|p1b: Paolo|spe|1
|move|p1a: De Marinis|Knock Off|p2a: Gholdengo
|-supereffective|p2a: Gholdengo
|-damage|p2a: Gholdengo|11/100
|-enditem|p2a: Gholdengo|Life Orb|[from] move: Knock Off|[of] p1a: De Marinis
|
|-sideend|p1: Cristante terabug|move: Tailwind
|upkeep
|
|t:|1756736728
|switch|p2b: Dragonite|Dragonite, L50, M|100/100
|turn|6
|inactive|Cristante terabug has 30 seconds left.
|
|t:|1756736757
|move|p1b: Paolo|Tailwind|p1b: Paolo
|-sidestart|p1: Cristante terabug|move: Tailwind
|move|p1a: De Marinis|Knock Off|p2b: Dragonite
|-damage|p2b: Dragonite|77/100
|-enditem|p2b: Dragonite|Loaded Dice|[from] move: Knock Off|[of] p1a: De Marinis
|move|p2a: Gholdengo|Shadow Ball|p1a: De Marinis
|-resisted|p1a: De Marinis
|-damage|p1a: De Marinis|0 fnt
|faint|p1a: De Marinis
|move|p2b: Dragonite|Scale Shot|p1b: Paolo
|-supereffective|p1b: Paolo
|-damage|p1b: Paolo|74/100
|-supereffective|p1b: Paolo
|-damage|p1b: Paolo|20/100
|-supereffective|p1b: Paolo
|-damage|p1b: Paolo|0 fnt
|faint|p1b: Paolo
|-hitcount|p1: Paolo|3
|-unboost|p2b: Dragonite|def|1
|-boost|p2b: Dragonite|spe|1
|
|upkeep
|
|t:|1756736766
|switch|p1b: Silvano|Pelipper, L50, M, shiny|100/100
|-weather|RainDance|[from] ability: Drizzle|[of] p1b: Silvano
|turn|7
|
|t:|1756736777
|move|p2b: Dragonite|Protect|p2b: Dragonite
|-singleturn|p2b: Dragonite|Protect
|move|p2a: Gholdengo|Protect|p2a: Gholdengo
|-singleturn|p2a: Gholdengo|Protect
|move|p1b: Silvano|Muddy Water|p2b: Dragonite|[spread] 
|-activate|p2a: Gholdengo|move: Protect
|-activate|p2b: Dragonite|move: Protect
|
|-weather|RainDance|[upkeep]
|upkeep
|turn|8
|
|t:|1756736783
|move|p1b: Silvano|Muddy Water|p2a: Gholdengo|[spread] p2a
|-miss|p1b: Silvano|p2b: Dragonite
|-damage|p2a: Gholdengo|0 fnt
|faint|p2a: Gholdengo
|move|p2b: Dragonite|Scale Shot|p1b: Silvano
|-damage|p1b: Silvano|82/100
|-damage|p1b: Silvano|62/100
|-damage|p1b: Silvano|40/100
|-damage|p1b: Silvano|20/100
|-damage|p1b: Silvano|1/100
|-hitcount|p1b: Silvano|5
|-unboost|p2b: Dragonite|def|1
|-boost|p2b: Dragonite|spe|1
|
|-weather|RainDance|[upkeep]
|upkeep
|turn|9
|
|t:|1756736789
|move|p2b: Dragonite|Scale Shot|p1b: Silvano
|-damage|p1b: Silvano|0 fnt
|faint|p1b: Silvano
|-hitcount|p1: Silvano|1
|
|win|eratakate
||eratakate is ready for game 3.
