|j|☆cippino3
|j|☆sbhaga34
|html|cippino3sbhaga34    
|uhtml|bestof|Game 2 of a best-of-3
|t:|1784223840
|gametype|doubles
|player|p1|cippino3|poppy|1208
|player|p2|sbhaga34|hugh|1299
|gen|9
|tier|[Gen 9 Champions] VGC 2026 Reg M-B (Bo3)
|rated|
|rule|Species Clause: Limit one of each Pokémon
|rule|Item Clause: Limit 1 of each item
|clearpoke
|poke|p1|Raichu, L50, M|
|poke|p1|Whimsicott, L50, F|
|poke|p1|Kommo-o, L50, M|
|poke|p1|Maushold, L50, shiny|
|poke|p1|Gholdengo, L50|
|poke|p1|Vivillon, L50, M|
|poke|p2|Excadrill, L50, F|
|poke|p2|Tyranitar, L50, M|
|poke|p2|Corviknight, L50, M|
|poke|p2|Rotom-Wash, L50|
|poke|p2|Chandelure, L50, F|
|poke|p2|Clefable, L50, F|
|teampreview|4
|showteam|p1|Raichu||RaichuniteY|LightningRod|FakeOut,ZapCannon,FocusBlast,Protect|Timid||M|||50|]Whimsicott||FocusSash|Prankster|Protect,Tailwind,EnergyBall,Moonblast|Modest||F|||50|]Kommo-o||DragonFang|Soundproof|ClangingScales,AuraSphere,ClangorousSoul,Protect|Timid||M|||50|]Maushold||ChopleBerry|FriendGuard|Taunt,SuperFang,Protect,FollowMe|Timid|||||50|]Gholdengo||OccaBerry|GoodasGold|MakeItRain,Hex,PowerGem,NastyPlot|Timid|||||50|]Vivillon||ChoiceScarf|CompoundEyes|Hurricane,EnergyBall,RagePowder,SleepPowder|Timid||M|||50|
|showteam|p2|Excadrill||FocusSash|SandRush|Earthquake,IronHead,SwordsDance,Protect|Adamant||F|||50|]Tyranitar||Tyranitarite|SandStream|RockSlide,KnockOff,LowKick,Protect|Adamant||M|||50|]Corviknight||SharpBeak|MirrorArmor|BraveBird,Tailwind,BulkUp,Roost|Careful||M|||50|]Rotom-Wash||ChoiceScarf|Levitate|VoltSwitch,Thunderbolt,Electroweb,HydroPump|Timid|||||50|]Chandelure||ShucaBerry|FlashFire|HeatWave,ShadowBall,TrickRoom,Protect|Modest||F|||50|]Clefable||Clefablite|MagicGuard|FollowMe,Moonblast,HealPulse,Protect|Modest||F|||50|
|inactive|Battle timer is ON: inactive players will automatically lose when time's up. (requested by cippino3)
|
|t:|1784223858
|teamsize|p1|4
|teamsize|p2|4
|start
|switch|p1a: Betty|Whimsicott, L50, F|100/100
|switch|p1b: Yo-Yo-Yomino|Gholdengo, L50|100/100
|switch|p2a: Clefable|Clefable, L50, F|100/100
|switch|p2b: Tyranitar|Tyranitar, L50, M|100/100
|-weather|Sandstorm|[from] ability: Sand Stream|[of] p2b: Tyranitar
|turn|1
|inactive|sbhaga34 has 30 seconds left.
|
|t:|1784223885
|switch|p2a: Excadrill|Excadrill, L50, F|100/100
|move|p1a: Betty|Moonblast|p2b: Tyranitar
|-supereffective|p2b: Tyranitar|1
|-damage|p2b: Tyranitar|52/100
|-unboost|p2b: Tyranitar|spa|1
|move|p1b: Yo-Yo-Yomino|Make It Rain|p2a: Excadrill|[spread] p2a,p2b
|-resisted|p2a: Excadrill|1
|-supereffective|p2b: Tyranitar|1
|-damage|p2a: Excadrill|68/100
|-damage|p2b: Tyranitar|1/100
|-unboost|p1b: Yo-Yo-Yomino|spa|2
|move|p2b: Tyranitar|Knock Off|p1b: Yo-Yo-Yomino
|-supereffective|p1b: Yo-Yo-Yomino|1
|-damage|p1b: Yo-Yo-Yomino|0 fnt
|-enditem|p1b: Yo-Yo-Yomino|Occa Berry|[from] move: Knock Off|[of] p2b: Tyranitar
|faint|p1b: Yo-Yo-Yomino
|
|-weather|Sandstorm|[upkeep]
|-damage|p1a: Betty|94/100|[from] Sandstorm
|upkeep
|
|t:|1784223899
|switch|p1b: Kommo-o|Kommo-o, L50, M|100/100
|turn|2
|
|t:|1784223918
|switch|p2b: Clefable|Clefable, L50, F|100/100
|move|p2a: Excadrill|Protect|p2a: Excadrill
|-singleturn|p2a: Excadrill|Protect
|move|p1a: Betty|Tailwind|p1a: Betty
|-sidestart|p1: cippino3|move: Tailwind
|move|p1b: Kommo-o|Clanging Scales|p2a: Excadrill|[spread] 
|-activate|p2a: Excadrill|move: Protect
|-immune|p2b: Clefable
|
|-weather|Sandstorm|[upkeep]
|-damage|p1a: Betty|88/100|[from] Sandstorm
|-damage|p1b: Kommo-o|94/100|[from] Sandstorm
|upkeep
|turn|3
|
|t:|1784223939
|switch|p1b: Maushold|Maushold, L50, shiny|100/100
|detailschange|p2b: Clefable|Clefable-Mega, L50, F
|-mega|p2b: Clefable|Clefable|Clefablite
|move|p2b: Clefable|Follow Me|p2b: Clefable
|-singleturn|p2b: Clefable|move: Follow Me
|move|p1a: Betty|Moonblast|p2b: Clefable
|-damage|p2b: Clefable|65/100
|move|p2a: Excadrill|Iron Head|p1a: Betty
|-supereffective|p1a: Betty|1
|-damage|p1a: Betty|0 fnt
|faint|p1a: Betty
|
|-weather|Sandstorm|[upkeep]
|-damage|p1b: Maushold|94/100|[from] Sandstorm
|-damage|p2b: Clefable|59/100|[from] Sandstorm
|upkeep
|
|t:|1784223948
|switch|p1a: Kommo-o|Kommo-o, L50, M|94/100
|turn|4
|inactive|sbhaga34 has 30 seconds left.
|
|t:|1784223978
|switch|p2a: Corviknight|Corviknight, L50, M|100/100
|move|p1a: Kommo-o|Protect|p1a: Kommo-o
|-singleturn|p1a: Kommo-o|Protect
|move|p1b: Maushold|Super Fang|p2b: Clefable
|-damage|p2b: Clefable|29/100
|move|p2b: Clefable|Moonblast|p1a: Kommo-o
|-activate|p1a: Kommo-o|move: Protect
|
|-weather|Sandstorm|[upkeep]
|-damage|p1b: Maushold|88/100|[from] Sandstorm
|-damage|p1a: Kommo-o|88/100|[from] Sandstorm
|-damage|p2b: Clefable|23/100|[from] Sandstorm
|upkeep
|turn|5
|
|t:|1784224002
|move|p1b: Maushold|Super Fang|p2a: Corviknight
|-damage|p2a: Corviknight|50/100y
|move|p1a: Kommo-o|Aura Sphere|p2b: Clefable
|-resisted|p2b: Clefable|2
|-damage|p2b: Clefable|16/100
|move|p2a: Corviknight|Tailwind|p2a: Corviknight
|-sidestart|p2: sbhaga34|move: Tailwind
|move|p2b: Clefable|Moonblast|p1a: Kommo-o
|-supereffective|p1a: Kommo-o|2
|-damage|p1a: Kommo-o|0 fnt
|faint|p1a: Kommo-o
|
|-weather|none
|-sideend|p1: cippino3|move: Tailwind
|upkeep
|turn|6
|
|t:|1784224012
|move|p2a: Corviknight|Brave Bird|p1b: Maushold
|-damage|p1b: Maushold|32/100
|-damage|p2a: Corviknight|35/100|[from] Recoil
|move|p2b: Clefable|Moonblast|p1b: Maushold
|-damage|p1b: Maushold|0 fnt
|faint|p1b: Maushold
|
|win|sbhaga34
