|j|☆chuckie2274
|j|☆Rafax
|html|chuckie2274Rafax    
|uhtml|bestof|Game 2 of a best-of-3
|t:|1756862433
|gametype|doubles
|player|p1|chuckie2274|265|1030
|player|p2|Rafax|101|1144
|gen|9
|tier|[Gen 9] VGC 2025 Reg H (Bo3)
|rated|
|rule|Species Clause: Limit one of each Pokémon
|rule|Item Clause: Limit 1 of each item
|clearpoke
|poke|p1|Gholdengo, L50|
|poke|p1|Dondozo, L50, M|
|poke|p1|Incineroar, L50, M|
|poke|p1|Maushold, L50|
|poke|p1|Muk-Alola, L50, F|
|poke|p1|Ursaluna-Bloodmoon, L50, M|
|poke|p2|Indeedee-F, L50, F|
|poke|p2|Delphox, L50, F|
|poke|p2|Mienshao, L50, F|
|poke|p2|Murkrow, L50, M|
|poke|p2|Basculegion, L50, M|
|poke|p2|Sneasler, L50, M|
|teampreview|4
|showteam|p1|Gholdengo||ChoiceSpecs|GoodasGold|ShadowBall,MakeItRain,FlashCannon,PowerGem||||||50|,,,,,Steel]Dondozo||ChoiceBand|Unaware|WaveCrash,Avalanche,BodyPress,HeavySlam|||M|||50|,,,,,Water]Incineroar||AssaultVest|Intimidate|FakeOut,Uturn,KnockOff,FlareBlitz|||M|||50|,,,,,Ghost]Maushold||WideLens|Technician|PopulationBomb,Protect,BulletSeed,HyperVoice||||||50|,,,,,Ghost]Muk-Alola||BrightPowder|PoisonTouch|Minimize,Curse,PoisonJab,Protect|||F|||50|,,,,,Poison]Ursaluna-Bloodmoon||Leftovers|MindsEye|CalmMind,HighHorsepower,BloodMoon,Protect|||M|||50|,,,,,Ground
|showteam|p2|Indeedee-F||SafetyGoggles|PsychicSurge|Imprison,FollowMe,HelpingHand,TrickRoom|||F|||50|,,,,,Fairy]Delphox||LifeOrb|Blaze|ExpandingForce,HeatWave,FocusBlast,Protect|||F|||50|,,,,,Psychic]Mienshao||FocusSash|InnerFocus|DrainPunch,KnockOff,Taunt,WideGuard|||F|||50|,,,,,Dark]Murkrow||Eviolite|Prankster|FoulPlay,Tailwind,Haze,SunnyDay|||M|||50|,,,,,Ghost]Basculegion||ChoiceScarf|Adaptability|WaveCrash,FlipTurn,LastRespects,TeraBlast|||M|||50|,,,,,Grass]Sneasler||PsychicSeed|Unburden|CloseCombat,DireClaw,Acrobatics,Protect|||M|||50|,,,,,Flying
|j| buckeniers
|inactive|Battle timer is ON: inactive players will automatically lose when time's up. (requested by chuckie2274)
|
|t:|1756862472
|teamsize|p1|4
|teamsize|p2|4
|start
|switch|p1a: Dondozo|Dondozo, L50, M|100/100
|switch|p1b: Ursaluna|Ursaluna-Bloodmoon, L50, M|100/100
|switch|p2a: Basculegion|Basculegion, L50, M|100/100
|switch|p2b: Sneasler|Sneasler, L50, M|100/100
|turn|1
|inactive|Rafax has 30 seconds left.
|
|t:|1756862505
|move|p2a: Basculegion|Wave Crash|p1b: Ursaluna
|-supereffective|p1b: Ursaluna
|-damage|p1b: Ursaluna|11/100
|-damage|p2a: Basculegion|67/100|[from] Recoil
|move|p2b: Sneasler|Dire Claw|p1a: Dondozo
|-damage|p1a: Dondozo|71/100
|move|p1b: Ursaluna|Calm Mind|p1b: Ursaluna
|-boost|p1b: Ursaluna|spa|1
|-boost|p1b: Ursaluna|spd|1
|move|p1a: Dondozo|Wave Crash|p2b: Sneasler
|-damage|p2b: Sneasler|0 fnt
|faint|p2b: Sneasler
|-damage|p1a: Dondozo|49/100|[from] Recoil
|
|-heal|p1b: Ursaluna|17/100|[from] item: Leftovers
|upkeep
|l| buckeniers
|
|t:|1756862521
|switch|p2b: Mienshao|Mienshao, L50, F, shiny|100/100
|turn|2
|j| buckeniers
|inactive|Rafax has 30 seconds left.
|inactive|Rafax has 20 seconds left.
|inactive|Rafax has 15 seconds left.
|
|t:|1756862561
|switch|p2a: Indeedee|Indeedee-F, L50, F, shiny|100/100
|-fieldstart|move: Psychic Terrain|[from] ability: Psychic Surge|[of] p2a: Indeedee
|move|p1b: Ursaluna|Protect|p1b: Ursaluna
|-singleturn|p1b: Ursaluna|Protect
|move|p2b: Mienshao|Drain Punch|p1b: Ursaluna
|-activate|p1b: Ursaluna|move: Protect
|move|p1a: Dondozo|Wave Crash|p2b: Mienshao
|-enditem|p2b: Mienshao|Focus Sash
|-damage|p2b: Mienshao|1/100
|-damage|p1a: Dondozo|31/100|[from] Recoil
|
|-heal|p1b: Ursaluna|23/100|[from] item: Leftovers
|upkeep
|turn|3
|
|t:|1756862581
|move|p2a: Indeedee|Follow Me|p2a: Indeedee
|-singleturn|p2a: Indeedee|move: Follow Me
|move|p2b: Mienshao|Drain Punch|p1b: Ursaluna
|-supereffective|p1b: Ursaluna
|-damage|p1b: Ursaluna|0 fnt
|-heal|p2b: Mienshao|19/100|[from] drain|[of] p1b: Ursaluna
|faint|p1b: Ursaluna
|move|p1a: Dondozo|Wave Crash|p2a: Indeedee
|-damage|p2a: Indeedee|12/100
|-damage|p1a: Dondozo|11/100|[from] Recoil
|
|upkeep
|
|t:|1756862586
|switch|p1b: Incineroar|Incineroar, L50, M|100/100
|-ability|p1b: Incineroar|Intimidate|boost
|-unboost|p2a: Indeedee|atk|1
|-fail|p2b: Mienshao|unboost|Attack|[from] ability: Inner Focus|[of] p2b: Mienshao
|turn|4
|
|t:|1756862596
|move|p1b: Incineroar|Fake Out|p2b: Mienshao
|-activate|p2b: Mienshao|move: Psychic Terrain
|move|p2a: Indeedee|Follow Me|p2a: Indeedee
|-singleturn|p2a: Indeedee|move: Follow Me
|move|p2b: Mienshao|Drain Punch|p1b: Incineroar
|-supereffective|p1b: Incineroar
|-damage|p1b: Incineroar|22/100
|-heal|p2b: Mienshao|75/100|[from] drain|[of] p1b: Incineroar
|move|p1a: Dondozo|Wave Crash|p2a: Indeedee
|-damage|p2a: Indeedee|0 fnt
|faint|p2a: Indeedee
|-damage|p1a: Dondozo|8/100|[from] Recoil
|
|upkeep
|
|t:|1756862606
|switch|p2a: Basculegion|Basculegion, L50, M|67/100
|turn|5
|l| buckeniers
|
|t:|1756862620
|-terastallize|p1b: Incineroar|Ghost
|move|p2a: Basculegion|Wave Crash|p1b: Incineroar
|-damage|p1b: Incineroar|0 fnt
|faint|p1b: Incineroar
|-damage|p2a: Basculegion|59/100|[from] Recoil
|move|p2b: Mienshao|Drain Punch|p1a: Dondozo
|-damage|p1a: Dondozo|0 fnt
|-heal|p2b: Mienshao|82/100|[from] drain|[of] p1a: Dondozo
|faint|p1a: Dondozo
|
|upkeep
|
|t:|1756862625
|switch|p1b: Maushold|Maushold, L50|100/100
|turn|6
|-message|chuckie2274 forfeited.
|raw|chuckie2274's rating: 1030 → 1020(-10 for losing)
|raw|Rafax's rating: 1144 → 1161(+17 for winning)
|
|win|Rafax
