|j|☆pikachu10001
|j|☆gthamsrim
|html|pikachu10001gthamsrim    
|uhtml|bestof|Game 2 of a best-of-3
|t:|1785503662
|gametype|doubles
|player|p1|pikachu10001|265|
|player|p2|gthamsrim|266|
|gen|9
|tier|[Gen 9 Champions] VGC 2026 Reg M-B (Bo3)
|rule|Species Clause: Limit one of each Pokémon
|rule|Item Clause: Limit 1 of each item
|clearpoke
|poke|p1|Arcanine-Hisui, L50, M|
|poke|p1|Staraptor, L50, F|
|poke|p1|Sinistcha-Masterpiece, L50|
|poke|p1|Charizard, L50, F|
|poke|p1|Raichu, L50, M|
|poke|p1|Ninetales, L50, M|
|poke|p2|Arbok, L50, F|
|poke|p2|Pidgeot, L50, M|
|poke|p2|Krookodile, L50, M|
|poke|p2|Hydreigon, L50, F|
|poke|p2|Chesnaught, L50, M|
|poke|p2|Ampharos, L50, F|
|teampreview|4
|showteam|p1|Arcanine-Hisui||ChoiceScarf|RockHead|FlareBlitz,HeadSmash,CloseCombat,ExtremeSpeed|Adamant||M|||50|]Staraptor||Staraptite|Intimidate|CloseCombat,BraveBird,Protect,Tailwind|Jolly||F|||50|]Sinistcha-Masterpiece||MentalHerb|Hospitality|ShadowBall,MatchaGotcha,LifeDew,RagePowder|Calm|||||50|]Charizard||Leftovers|SolarPower|HeatWave,AirSlash,ScorchingSands,DragonPulse|Bold||F|||50|]Raichu||RaichuniteY|LightningRod|FakeOut,ZapCannon,FocusBlast,DrainingKiss|Mild||M|||50|]Ninetales||HeatRock|Drought|Overheat,HeatWave,SolarBeam,WillOWisp|Modest||M|||50|
|showteam|p2|Arbok||LifeOrb|Intimidate|GunkShot,SuckerPunch,Coil,Earthquake|Adamant||F|||50|]Pidgeot||Pidgeotite|KeenEye|Hurricane,HeatWave,HyperBeam,Protect|Timid||M|||50|]Krookodile||FocusSash|Intimidate|Earthquake,CloseCombat,Endeavor,KnockOff|Jolly||M|||50|]Hydreigon||ChoiceScarf|Levitate|DracoMeteor,DarkPulse,HeatWave,HydroPump|Modest||F|||50|]Chesnaught||Chesnaughtite|Bulletproof|BodyPress,WoodHammer,SpikyShield,ThunderPunch|Relaxed||M|||50|]Ampharos||Magnet|Static|DragonPulse,Thunderbolt,DazzlingGleam,Protect|Modest||F|||50|
|j| slyvesterccd
|c| slyvesterccd|noob mikauel
|c|☆pikachu10001|Should have megad staraptor
|c|☆gthamsrim|Oh you don't have solar beam on char?
|c|☆gthamsrim|I thought you will hit krook
|c|☆gthamsrim|I had sash
|c| slyvesterccd|who tf uses air slash
|c|☆pikachu10001|Yea
|c|☆pikachu10001|Idk
|c| slyvesterccd|hurricane char better
|c|☆pikachu10001|Random char
|c|☆pikachu10001|50% lol
|c|☆gthamsrim|Then arbok wouldn't have died
|c|☆pikachu10001|In sum
|c|☆pikachu10001|Arbok np
|c| slyvesterccd|i had a rain char Y in champions
|c|☆pikachu10001|No speed
|
|t:|1785503740
|teamsize|p1|4
|teamsize|p2|4
|start
|switch|p1a: Staraptor|Staraptor, L50, F|100/100
|switch|p1b: Arcanine|Arcanine-Hisui, L50, M|100/100
|switch|p2a: Pidgeot|Pidgeot, L50, M|100/100
|switch|p2b: Krookodile|Krookodile, L50, M|100/100
|-ability|p1a: Staraptor|Intimidate|boost
|-unboost|p2a: Pidgeot|atk|1
|-unboost|p2b: Krookodile|atk|1
|-ability|p2b: Krookodile|Intimidate|boost
|-unboost|p1a: Staraptor|atk|1
|-unboost|p1b: Arcanine|atk|1
|turn|1
|c| slyvesterccd|weather ball hurricane shi
|
|t:|1785503762
|detailschange|p2a: Pidgeot|Pidgeot-Mega, L50, M
|-mega|p2a: Pidgeot|Pidgeot|Pidgeotite
|move|p2a: Pidgeot|Protect|p2a: Pidgeot
|-singleturn|p2a: Pidgeot|Protect
|move|p1a: Staraptor|Protect|p1a: Staraptor
|-singleturn|p1a: Staraptor|Protect
|move|p1b: Arcanine|Head Smash|p2a: Pidgeot
|-activate|p2a: Pidgeot|move: Protect
|move|p2b: Krookodile|Earthquake|p1a: Staraptor|[spread] p1b
|-activate|p2a: Pidgeot|move: Protect
|-activate|p1a: Staraptor|move: Protect
|-supereffective|p1b: Arcanine|2
|-damage|p1b: Arcanine|0 fnt
|faint|p1b: Arcanine
|
|upkeep
|
|t:|1785503766
|switch|p1b: Sinistcha|Sinistcha-Masterpiece, L50|100/100
|turn|2
|c|☆gthamsrim|Lol
|c|☆pikachu10001|Ok
|c|☆pikachu10001|Ok
|c|☆pikachu10001|Ok
|c|☆pikachu10001|Ok
|c|☆pikachu10001|Kk
|c|☆pikachu10001|K
|c|☆pikachu10001|K
|c|☆pikachu10001|K
|
|t:|1785503786
|detailschange|p1a: Staraptor|Staraptor-Mega, L50, F
|-mega|p1a: Staraptor|Staraptor|Staraptite
|move|p2a: Pidgeot|Hurricane|p1a: Staraptor
|-supereffective|p1a: Staraptor|1
|-damage|p1a: Staraptor|0 fnt
|faint|p1a: Staraptor
|move|p2b: Krookodile|Knock Off|p1b: Sinistcha
|-supereffective|p1b: Sinistcha|1
|-damage|p1b: Sinistcha|34/100
|-enditem|p1b: Sinistcha|Mental Herb|[from] move: Knock Off|[of] p2b: Krookodile
|move|p1b: Sinistcha|Matcha Gotcha|p2a: Pidgeot|[spread] p2a,p2b
|-resisted|p2a: Pidgeot|1
|-supereffective|p2b: Krookodile|1
|-damage|p2a: Pidgeot|83/100
|-heal|p1b: Sinistcha|42/100|[from] drain|[of] p2a: Pidgeot
|-damage|p2b: Krookodile|29/100
|-heal|p1b: Sinistcha|76/100|[from] drain|[of] p2b: Krookodile
|-status|p2b: Krookodile|brn
|
|-damage|p2b: Krookodile|23/100 brn|[from] brn
|upkeep
|
|t:|1785503789
|switch|p1a: Ninetales|Ninetales, L50, M|100/100
|-weather|SunnyDay|[from] ability: Drought|[of] p1a: Ninetales
|turn|3
|c|☆gthamsrim|Lol
|c|☆pikachu10001|Rematch
|
|t:|1785503820
|move|p2a: Pidgeot|Hyper Beam|p1a: Ninetales
|-damage|p1a: Ninetales|21/100
|-mustrecharge|p2a: Pidgeot
|move|p2b: Krookodile|Close Combat|p1a: Ninetales
|-damage|p1a: Ninetales|3/100
|-unboost|p2b: Krookodile|def|1
|-unboost|p2b: Krookodile|spd|1
|move|p1a: Ninetales|Heat Wave|p2a: Pidgeot|[spread] p2a,p2b
|-damage|p2a: Pidgeot|37/100
|-damage|p2b: Krookodile|0 fnt
|faint|p2b: Krookodile
|move|p1b: Sinistcha|Life Dew|p1b: Sinistcha|[spread] p1a,p1b
|-heal|p1a: Ninetales|28/100
|-heal|p1b: Sinistcha|100/100
|
|-weather|SunnyDay|[upkeep]
|upkeep
|
|t:|1785503823
|switch|p2b: Hydreigon|Hydreigon, L50, F|100/100
|turn|4
|
|t:|1785503838
|move|p2b: Hydreigon|Heat Wave|p1b: Sinistcha|[spread] p1b
|-miss|p2b: Hydreigon|p1a: Ninetales
|-supereffective|p1b: Sinistcha|1
|-damage|p1b: Sinistcha|39/100
|cant|p2a: Pidgeot|recharge
|move|p1a: Ninetales|Heat Wave|p2b: Hydreigon|[spread] p2a,p2b
|-crit|p2a: Pidgeot
|-resisted|p2b: Hydreigon|1
|-damage|p2a: Pidgeot|0 fnt
|-damage|p2b: Hydreigon|80/100
|-status|p2b: Hydreigon|brn
|faint|p2a: Pidgeot
|move|p1b: Sinistcha|Life Dew|p1b: Sinistcha|[spread] p1a,p1b
|-heal|p1a: Ninetales|53/100
|-heal|p1b: Sinistcha|64/100
|
|-weather|SunnyDay|[upkeep]
|-damage|p2b: Hydreigon|74/100 brn|[from] brn
|upkeep
|
|t:|1785503842
|switch|p2a: Arbok|Arbok, L50, F|100/100
|-ability|p2a: Arbok|Intimidate|boost
|-unboost|p1a: Ninetales|atk|1
|-unboost|p1b: Sinistcha|atk|1
|turn|5
|
|t:|1785503856
|move|p2b: Hydreigon|Heat Wave|p1a: Ninetales|[spread] p1a,p1b
|-resisted|p1a: Ninetales|1
|-supereffective|p1b: Sinistcha|1
|-damage|p1a: Ninetales|32/100
|-damage|p1b: Sinistcha|1/100
|move|p1a: Ninetales|Heat Wave|p2b: Hydreigon|[spread] p2a,p2b
|-resisted|p2b: Hydreigon|1
|-damage|p2a: Arbok|47/100
|-damage|p2b: Hydreigon|53/100 brn
|move|p2a: Arbok|Earthquake|p1b: Sinistcha|[spread] p1a,p1b
|-immune|p2b: Hydreigon|[from] ability: Levitate
|-supereffective|p1a: Ninetales|1
|-resisted|p1b: Sinistcha|1
|-crit|p1b: Sinistcha
|-damage|p1a: Ninetales|0 fnt
|-damage|p1b: Sinistcha|0 fnt
|faint|p1a: Ninetales
|faint|p1b: Sinistcha
|-damage|p2a: Arbok|37/100|[from] item: Life Orb
|
|win|gthamsrim
|c|☆pikachu10001|L
|c|☆pikachu10001|L
|c|☆pikachu10001|L
|c|☆pikachu10001|L
|c|☆pikachu10001|L
|c|☆gthamsrim|Ggs
|c|☆gthamsrim|How so many crit tho
|c|☆gthamsrim|Against adi you did 3 crits too
|c|☆gthamsrim|Look at this
|l|☆pikachu10001
|player|p1|
|l|☆gthamsrim
|player|p2|
|j|☆gthamsrim
|player|p2|gthamsrim|266|
|c| slyvesterccd|lel
|l| slyvesterccd
