|j|‽bermusinho
|j|☆GrovyleSSJ
|html|bermusinhoGrovyleSSJ    
|uhtml|bestof|Game 1 of a best-of-3
|t:|1782643931
|gametype|doubles
|player|p1|bermusinho|1|1277
|player|p2|GrovyleSSJ|1|1360
|gen|9
|tier|[Gen 9 Champions] VGC 2026 Reg M-B (Bo3)
|rated|
|rule|Species Clause: Limit one of each Pokémon
|rule|Item Clause: Limit 1 of each item
|clearpoke
|poke|p1|Grimmsnarl, L50, M|
|poke|p1|Swampert, L50, M|
|poke|p1|Pelipper, L50, M|
|poke|p1|Archaludon, L50, M|
|poke|p1|Sinistcha, L50|
|poke|p1|Metagross, L50|
|poke|p2|Gengar, L50, M|
|poke|p2|Incineroar, L50, F|
|poke|p2|Ninetales-Alola, L50, F|
|poke|p2|Snorlax, L50, F|
|poke|p2|Dragonite, L50, M|
|poke|p2|Sneasler, L50, M|
|teampreview|4
|showteam|p1|Grimmsnarl||LightClay|Prankster|FoulPlay,PartingShot,Reflect,LightScreen|Calm||M|||50|]Swampert||Swampertite|Damp|WaveCrash,Earthquake,IcePunch,Protect|Adamant||M|||50|]Pelipper||SitrusBerry|Drizzle|Hurricane,WeatherBall,Tailwind,WideGuard|Modest||M|||50|]Archaludon||Leftovers|Stamina|ElectroShot,DragonPulse,FlashCannon,Protect|Modest||M|||50|]Sinistcha||CobaBerry|Hospitality|MatchaGotcha,RagePowder,TrickRoom,Protect|Relaxed|||||50|]Metagross||Metagrossite|ClearBody|IronHead,PsychicFangs,BodyPress,Protect|Jolly|||||50|
|showteam|p2|Gengar||Gengarite|CursedBody|Protect,PerishSong,SludgeBomb,ShadowBall|Timid||M|||50|]Incineroar||SitrusBerry|Intimidate|FakeOut,PartingShot,FlareBlitz,Protect|Sassy||F|||50|]Ninetales-Alola||FocusSash|SnowWarning|Protect,Encore,Disable,Blizzard|Timid||F|||50|]Snorlax||Leftovers|ThickFat|Protect,Yawn,Encore,HighHorsepower|Relaxed||F|||50|]Dragonite||DragonFang|Multiscale|Protect,LowKick,ExtremeSpeed,DragonClaw|Adamant||M|||50|]Sneasler||WhiteHerb|Unburden|Protect,FakeOut,CloseCombat,DireClaw|Adamant||M|||50|
|inactive|Battle timer is ON: inactive players will automatically lose when time's up. (requested by GrovyleSSJ)
|inactive|bermusinho has 60 seconds left.
|
|t:|1782643971
|teamsize|p1|4
|teamsize|p2|4
|start
|switch|p1a: Swampert|Swampert, L50, M|100/100
|switch|p1b: Pelipper|Pelipper, L50, M|100/100
|switch|p2a: Gengar|Gengar, L50, M|100/100
|switch|p2b: Incineroar|Incineroar, L50, F|100/100
|-weather|RainDance|[from] ability: Drizzle|[of] p1b: Pelipper
|-ability|p2b: Incineroar|Intimidate|boost
|-unboost|p1a: Swampert|atk|1
|-unboost|p1b: Pelipper|atk|1
|turn|1
|
|t:|1782643985
|detailschange|p2a: Gengar|Gengar-Mega, L50, M
|-mega|p2a: Gengar|Gengar|Gengarite
|detailschange|p1a: Swampert|Swampert-Mega, L50, M
|-mega|p1a: Swampert|Swampert|Swampertite
|move|p2b: Incineroar|Fake Out|p1a: Swampert
|-damage|p1a: Swampert|91/100
|cant|p1a: Swampert|flinch
|move|p2a: Gengar|Perish Song|p2a: Gengar
|-start|p1a: Swampert|perish3|[silent]
|-start|p1b: Pelipper|perish3|[silent]
|-start|p2a: Gengar|perish3|[silent]
|-start|p2b: Incineroar|perish3|[silent]
|-fieldactivate|move: Perish Song
|move|p1b: Pelipper|Hurricane|p2a: Gengar
|-damage|p2a: Gengar|50/100g
|
|-weather|RainDance|[upkeep]
|-start|p1a: Swampert|perish3
|-start|p2a: Gengar|perish3
|-start|p1b: Pelipper|perish3
|-start|p2b: Incineroar|perish3
|upkeep
|turn|2
|
|t:|1782644002
|move|p2a: Gengar|Protect|p2a: Gengar
|-singleturn|p2a: Gengar|Protect
|move|p2b: Incineroar|Protect|p2b: Incineroar
|-singleturn|p2b: Incineroar|Protect
|move|p1a: Swampert|Earthquake|p2a: Gengar|[spread] 
|-activate|p2a: Gengar|move: Protect
|-activate|p2b: Incineroar|move: Protect
|-immune|p1b: Pelipper
|move|p1b: Pelipper|Weather Ball|p2b: Incineroar
|-activate|p2b: Incineroar|move: Protect
|
|-weather|RainDance|[upkeep]
|-start|p1a: Swampert|perish2
|-start|p2a: Gengar|perish2
|-start|p1b: Pelipper|perish2
|-start|p2b: Incineroar|perish2
|upkeep
|turn|3
|
|t:|1782644021
|switch|p2a: Ninetales|Ninetales-Alola, L50, F|100/100
|-weather|Snowscape|[from] ability: Snow Warning|[of] p2a: Ninetales
|move|p1a: Swampert|Earthquake|p2a: Ninetales|[spread] p2a,p2b
|-immune|p1b: Pelipper
|-supereffective|p2b: Incineroar|1
|-damage|p2a: Ninetales|66/100
|-damage|p2b: Incineroar|51/100
|move|p1b: Pelipper|Weather Ball|p2b: Incineroar
|-resisted|p2b: Incineroar|1
|-damage|p2b: Incineroar|41/100
|-enditem|p2b: Incineroar|Sitrus Berry|[eat]
|-heal|p2b: Incineroar|66/100|[from] item: Sitrus Berry
|move|p2b: Incineroar|Parting Shot|p2a: Ninetales
|-unboost|p2a: Ninetales|atk|1
|-unboost|p2a: Ninetales|spa|1
|
|t:|1782644036
|switch|p2b: Gengar|Gengar-Mega, L50, M|50/100g|[from] Parting Shot
|
|-weather|Snowscape|[upkeep]
|-start|p1a: Swampert|perish1
|-start|p1b: Pelipper|perish1
|upkeep
|turn|4
|
|t:|1782644050
|move|p2a: Ninetales|Protect|p2a: Ninetales
|-singleturn|p2a: Ninetales|Protect
|move|p2b: Gengar|Protect|p2b: Gengar
|-singleturn|p2b: Gengar|Protect
|move|p1a: Swampert|Earthquake|p2a: Ninetales|[spread] 
|-activate|p2a: Ninetales|move: Protect
|-activate|p2b: Gengar|move: Protect
|-immune|p1b: Pelipper
|move|p1b: Pelipper|Tailwind|p1b: Pelipper
|-sidestart|p1: bermusinho|move: Tailwind
|
|-weather|Snowscape|[upkeep]
|-start|p1a: Swampert|perish0
|-start|p1b: Pelipper|perish0
|faint|p1a: Swampert
|faint|p1b: Pelipper
|upkeep
|
|t:|1782644063
|switch|p1a: Grimmsnarl|Grimmsnarl, L50, M|100/100
|switch|p1b: Archaludon|Archaludon, L50, M|100/100
|turn|5
|
|t:|1782644074
|switch|p2a: Incineroar|Incineroar, L50, F|66/100
|-ability|p2a: Incineroar|Intimidate|boost
|-unboost|p1a: Grimmsnarl|atk|1
|-unboost|p1b: Archaludon|atk|1
|move|p1b: Archaludon|Electro Shot||[still]
|-prepare|p1b: Archaludon|Electro Shot
|-boost|p1b: Archaludon|spa|1
|move|p2b: Gengar|Perish Song|p2b: Gengar
|-start|p1a: Grimmsnarl|perish3|[silent]
|-start|p1b: Archaludon|perish3|[silent]
|-start|p2a: Incineroar|perish3|[silent]
|-start|p2b: Gengar|perish3|[silent]
|-fieldactivate|move: Perish Song
|move|p1a: Grimmsnarl|Foul Play|p2b: Gengar
|-supereffective|p2b: Gengar|1
|-damage|p2b: Gengar|4/100
|
|-weather|Snowscape|[upkeep]
|-start|p1b: Archaludon|perish3
|-start|p2b: Gengar|perish3
|-start|p1a: Grimmsnarl|perish3
|-start|p2a: Incineroar|perish3
|upkeep
|turn|6
|-message|bermusinho forfeited.
|
|win|GrovyleSSJ
|l|‽bermusinho
|player|p1|
||bermusinho is ready for game 2.
