|j|☆lanagram
|j|☆palle synchro
|html|lanagrampalle synchro    
|uhtml|bestof|Game 2 of a best-of-3
|t:|1783374358
|gametype|doubles
|player|p1|lanagram|169|1133
|player|p2|palle synchro|volkner|1170
|gen|9
|tier|[Gen 9 Champions] VGC 2026 Reg M-B (Bo3)
|rated|
|rule|Species Clause: Limit one of each Pokémon
|rule|Item Clause: Limit 1 of each item
|clearpoke
|poke|p1|Incineroar, L50, M|
|poke|p1|Basculegion, L50, M|
|poke|p1|Venusaur, L50, F|
|poke|p1|Gholdengo, L50|
|poke|p1|Staraptor, L50, F|
|poke|p1|Dedenne, L50, M|
|poke|p2|Swampert, L50, M|
|poke|p2|Pelipper, L50, F|
|poke|p2|Archaludon, L50, M|
|poke|p2|Venusaur, L50, F|
|poke|p2|Maushold-Four, L50|
|poke|p2|Gholdengo, L50|
|teampreview|4
|showteam|p1|Incineroar||SitrusBerry|Intimidate|FlareBlitz,DarkestLariat,PartingShot,FakeOut|Adamant||M|||50|]Basculegion||ChoiceScarf|SwiftSwim|LastRespects,FlipTurn,WaveCrash,AquaJet|Jolly||M|||50|]Venusaur||Venusaurite|Chlorophyll|SludgeBomb,EarthPower,SleepPowder,Protect|Modest||F|||50|]Gholdengo||LifeOrb|GoodasGold|MakeItRain,ShadowBall,NastyPlot,Protect|Timid|||||50|]Staraptor||Staraptite|Intimidate|CloseCombat,BraveBird,Tailwind,Roost|Jolly||F|||50|]Dedenne||FocusSash|Pickup|DazzlingGleam,Nuzzle,Charm,Electroweb|Timid||M|||50|
|showteam|p2|Swampert||Swampertite|Torrent|WaveCrash,HighHorsepower,IcePunch,Protect|Adamant||M|||50|]Pelipper||SitrusBerry|Drizzle|WeatherBall,Hurricane,Tailwind,WideGuard|Modest||F|||50|]Archaludon||Leftovers|Stamina|ElectroShot,DragonPulse,FlashCannon,Protect|Calm||M|||50|]Venusaur||Venusaurite|Chlorophyll|GigaDrain,EarthPower,SludgeBomb,Protect|Modest||F|||50|]Maushold-Four||FocusSash|FriendGuard|FollowMe,SuperFang,RainDance,Protect|Timid|||||50|]Gholdengo||LifeOrb|GoodasGold|MakeItRain,ShadowBall,NastyPlot,Protect|Modest|||||50|
|inactive|Battle timer is ON: inactive players will automatically lose when time's up. (requested by palle synchro)
|inactive|lanagram has 60 seconds left.
|
|t:|1783374396
|teamsize|p1|4
|teamsize|p2|4
|start
|switch|p1a: Staraptor|Staraptor, L50, F|100/100
|switch|p1b: Incineroar|Incineroar, L50, M|100/100
|switch|p2a: Maushold|Maushold-Four, L50|100/100
|switch|p2b: Gold&go|Gholdengo, L50|100/100
|-ability|p1a: Staraptor|Intimidate|boost
|-unboost|p2a: Maushold|atk|1
|-unboost|p2b: Gold&go|atk|1
|-ability|p1b: Incineroar|Intimidate|boost
|-unboost|p2a: Maushold|atk|1
|-unboost|p2b: Gold&go|atk|1
|turn|1
|inactive|palle synchro has 30 seconds left.
|
|t:|1783374431
|detailschange|p1a: Staraptor|Staraptor-Mega, L50, F
|-mega|p1a: Staraptor|Staraptor|Staraptite
|move|p2a: Maushold|Protect|p2a: Maushold
|-singleturn|p2a: Maushold|Protect
|move|p2b: Gold&go|Protect|p2b: Gold&go
|-singleturn|p2b: Gold&go|Protect
|move|p1a: Staraptor|Tailwind|p1a: Staraptor
|-sidestart|p1: lanagram|move: Tailwind
|move|p1b: Incineroar|Flare Blitz|p2b: Gold&go
|-activate|p2b: Gold&go|move: Protect
|
|upkeep
|turn|2
|inactive|lanagram has 30 seconds left.
|inactive|palle synchro has 30 seconds left.
|inactive|lanagram has 20 seconds left.
|inactive|palle synchro has 20 seconds left.
|
|t:|1783374474
|move|p2a: Maushold|Follow Me|p2a: Maushold
|-singleturn|p2a: Maushold|move: Follow Me
|move|p1a: Staraptor|Close Combat|p2a: Maushold
|-supereffective|p2a: Maushold|1
|-enditem|p2a: Maushold|Focus Sash
|-damage|p2a: Maushold|1/100
|-boost|p1a: Staraptor|def|1
|-boost|p1a: Staraptor|spd|1
|move|p1b: Incineroar|Flare Blitz|p2a: Maushold
|-damage|p2a: Maushold|0 fnt
|faint|p2a: Maushold
|-damage|p1b: Incineroar|99/100|[from] Recoil
|move|p2b: Gold&go|Nasty Plot|p2b: Gold&go
|-boost|p2b: Gold&go|spa|2
|
|upkeep
|
|t:|1783374488
|switch|p2a: Pelipper|Pelipper, L50, F|100/100
|-weather|RainDance|[from] ability: Drizzle|[of] p2a: Pelipper
|turn|3
|
|t:|1783374507
|move|p2b: Gold&go|Protect|p2b: Gold&go
|-singleturn|p2b: Gold&go|Protect
|move|p1a: Staraptor|Close Combat|p2a: Pelipper
|-resisted|p2a: Pelipper|1
|-damage|p2a: Pelipper|69/100
|-boost|p1a: Staraptor|def|1
|-boost|p1a: Staraptor|spd|1
|move|p1b: Incineroar|Parting Shot|p2a: Pelipper
|-unboost|p2a: Pelipper|atk|1
|-unboost|p2a: Pelipper|spa|1
|
|t:|1783374521
|switch|p1b: Basculegion|Basculegion, L50, M|100/100|[from] Parting Shot
|move|p2a: Pelipper|Tailwind|p2a: Pelipper
|-sidestart|p2: palle synchro|move: Tailwind
|
|-weather|RainDance|[upkeep]
|upkeep
|turn|4
|inactive|lanagram has 30 seconds left.
|inactive|lanagram has 20 seconds left.
|
|t:|1783374559
|move|p2b: Gold&go|Protect||[still]
|-fail|p2b: Gold&go
|move|p1b: Basculegion|Wave Crash|p2b: Gold&go
|-damage|p2b: Gold&go|12/100
|-damage|p1b: Basculegion|73/100|[from] Recoil
|move|p1a: Staraptor|Brave Bird|p2a: Pelipper
|-crit|p2a: Pelipper
|-damage|p2a: Pelipper|0 fnt
|faint|p2a: Pelipper
|-damage|p1a: Staraptor|80/100|[from] Recoil
|
|-weather|RainDance|[upkeep]
|-sideend|p1: lanagram|move: Tailwind
|upkeep
|
|t:|1783374568
|switch|p2a: Venusaur|Venusaur, L50, F|100/100
|turn|5
|
|t:|1783374585
|detailschange|p2a: Venusaur|Venusaur-Mega, L50, F
|-mega|p2a: Venusaur|Venusaur|Venusaurite
|move|p1b: Basculegion|Wave Crash|p2a: Venusaur
|-resisted|p2a: Venusaur|1
|-damage|p2a: Venusaur|67/100
|-damage|p1b: Basculegion|63/100|[from] Recoil
|move|p2b: Gold&go|Shadow Ball|p1a: Staraptor
|-damage|p1a: Staraptor|22/100
|-damage|p2b: Gold&go|2/100|[from] item: Life Orb
|move|p2a: Venusaur|Sludge Bomb|p1a: Staraptor
|-damage|p1a: Staraptor|0 fnt
|faint|p1a: Staraptor
|
|-weather|RainDance|[upkeep]
|upkeep
|inactive|lanagram has 30 seconds left.
|-message|palle synchro forfeited.
|
|win|lanagram
