|j|☆GoPlayCatch
|j|☆tang de maracuja
|html|GoPlayCatchtang de maracuja    
|uhtml|bestof|Game 1 of a best-of-3
|t:|1785183057
|gametype|doubles
|player|p1|GoPlayCatch|102|1305
|player|p2|tang de maracuja|morty|1329
|gen|9
|tier|[Gen 9 Champions] VGC 2026 Reg M-B (Bo3)
|rated|
|rule|Species Clause: Limit one of each Pokémon
|rule|Item Clause: Limit 1 of each item
|clearpoke
|poke|p1|Decidueye-Hisui, L50, F|
|poke|p1|Camerupt, L50, M|
|poke|p1|Milotic, L50, M|
|poke|p1|Scizor, L50, F|
|poke|p1|Farigiraf, L50, M|
|poke|p1|Incineroar, L50, F|
|poke|p2|Charizard, L50, M|
|poke|p2|Glimmora, L50, M|
|poke|p2|Whimsicott, L50, F|
|poke|p2|Ninetales-Alola, L50, F|
|poke|p2|Kingambit, L50, M|
|poke|p2|Kommo-o, L50, M|
|teampreview|4
|showteam|p1|Decidueye-Hisui||ScopeLens|Scrappy|LeafBlade,TripleArrows,Protect,ShadowSneak|Brave||F|||50|]Camerupt||Cameruptite|SolidRock|AncientPower,HeatWave,EarthPower,Protect|Quiet||M|||50|]Milotic||Leftovers|Competitive|MuddyWater,LifeDew,Haze,Protect|Bold||M|||50|]Scizor||Scizorite|Technician|BulletPunch,SwordsDance,BugBite,Protect|Brave||F|||50|]Farigiraf||SitrusBerry|ArmorTail|TwinBeam,TrickRoom,Protect,Imprison|Sassy||M|||50|]Incineroar||ShucaBerry|Intimidate|FlareBlitz,FakeOut,PartingShot,DarkestLariat|Careful||F|||50|
|showteam|p2|Charizard||CharizarditeY|Blaze|HeatWave,WeatherBall,SolarBeam,Protect|Modest||M|||50|]Glimmora||Glimmoranite|ToxicDebris|SludgeBomb,PowerGem,EarthPower,SpikyShield|Modest||M|||50|]Whimsicott||FocusSash|Prankster|Moonblast,Tailwind,Encore,Protect|Timid||F|||50|]Ninetales-Alola||NeverMeltIce|SnowWarning|Blizzard,FreezeDry,Disable,Protect|Timid||F|||50|]Kingambit||BlackGlasses|Defiant|KowtowCleave,SuckerPunch,IronHead,Protect|Adamant||M|||50|]Kommo-o||LifeOrb|Overcoat|ClangingScales,AuraSphere,VacuumWave,Protect|Modest||M|||50|
|inactive|Battle timer is ON: inactive players will automatically lose when time's up. (requested by tang de maracuja)
|inactive|GoPlayCatch has 60 seconds left.
|inactive|tang de maracuja has 60 seconds left.
|
|t:|1785183115
|teamsize|p1|4
|teamsize|p2|4
|start
|switch|p1a: Camerupt|Camerupt, L50, M|100/100
|switch|p1b: Farigiraf|Farigiraf, L50, M|100/100
|switch|p2a: Kingambit|Kingambit, L50, M|100/100
|switch|p2b: Kommo-o|Kommo-o, L50, M|100/100
|turn|1
|inactive|GoPlayCatch has 30 seconds left.
|inactive|tang de maracuja has 30 seconds left.
|
|t:|1785183146
|detailschange|p1a: Camerupt|Camerupt-Mega, L50, M
|-mega|p1a: Camerupt|Camerupt|Cameruptite
|move|p2a: Kingambit|Protect|p2a: Kingambit
|-singleturn|p2a: Kingambit|Protect
|move|p2b: Kommo-o|Clanging Scales|p1b: Farigiraf|[spread] p1a,p1b
|-damage|p1a: Camerupt|55/100
|-damage|p1b: Farigiraf|59/100
|-unboost|p2b: Kommo-o|def|1
|-damage|p2b: Kommo-o|90/100|[from] item: Life Orb
|move|p1a: Camerupt|Heat Wave|p2a: Kingambit|[spread] p2b
|-activate|p2a: Kingambit|move: Protect
|-resisted|p2b: Kommo-o|1
|-damage|p2b: Kommo-o|58/100
|move|p1b: Farigiraf|Trick Room|p1b: Farigiraf
|-fieldstart|move: Trick Room|[of] p1b: Farigiraf
|
|upkeep
|turn|2
|inactive|GoPlayCatch has 30 seconds left.
|
|t:|1785183173
|switch|p2a: Charizard|Charizard, L50, M|100/100
|move|p2b: Kommo-o|Protect|p2b: Kommo-o
|-singleturn|p2b: Kommo-o|Protect
|move|p1a: Camerupt|Heat Wave|p2a: Charizard|[spread] p2a
|-activate|p2b: Kommo-o|move: Protect
|-resisted|p2a: Charizard|1
|-crit|p2a: Charizard
|-damage|p2a: Charizard|48/100
|move|p1b: Farigiraf|Imprison|p1b: Farigiraf
|-start|p1b: Farigiraf|move: Imprison
|
|upkeep
|turn|3
|inactive|tang de maracuja has 30 seconds left.
|
|t:|1785183199
|switch|p2a: Kingambit|Kingambit, L50, M|100/100
|move|p1a: Camerupt|Ancient Power|p2a: Kingambit
|-resisted|p2a: Kingambit|1
|-damage|p2a: Kingambit|83/100
|move|p1b: Farigiraf|Twin Beam|p2b: Kommo-o
|-supereffective|p2b: Kommo-o|1
|-damage|p2b: Kommo-o|25/100
|-supereffective|p2b: Kommo-o|1
|-damage|p2b: Kommo-o|0 fnt
|faint|p2b: Kommo-o
|-hitcount|p2: Kommo-o|2
|
|upkeep
|
|t:|1785183213
|switch|p2b: Glimmora|Glimmora, L50, M|100/100
|turn|4
|
|t:|1785183227
|switch|p2a: Charizard|Charizard, L50, M|48/100
|move|p2b: Glimmora|Spiky Shield|p2b: Glimmora
|-singleturn|p2b: Glimmora|move: Protect
|move|p1a: Camerupt|Heat Wave|p2b: Glimmora|[spread] p2a
|-activate|p2b: Glimmora|move: Protect
|-resisted|p2a: Charizard|1
|-damage|p2a: Charizard|14/100
|move|p1b: Farigiraf|Twin Beam|p2b: Glimmora
|-activate|p2b: Glimmora|move: Protect
|
|upkeep
|turn|5
|
|t:|1785183252
|switch|p2b: Kingambit|Kingambit, L50, M|83/100
|move|p1a: Camerupt|Heat Wave|p2b: Kingambit|[spread] p2b
|-miss|p1a: Camerupt|p2a: Charizard
|-supereffective|p2b: Kingambit|1
|-damage|p2b: Kingambit|0 fnt
|faint|p2b: Kingambit
|move|p1b: Farigiraf|Twin Beam|p2a: Charizard
|-damage|p2a: Charizard|0 fnt
|faint|p2a: Charizard
|-hitcount|p2: Charizard|1
|
|-fieldend|move: Trick Room
|upkeep
|-message|tang de maracuja forfeited.
|
|win|GoPlayCatch
