|j|☆itina99
|j|☆Frafri
|html|itina99Frafri    
|uhtml|bestof|Game 2 of a best-of-3
|t:|1782497196
|gametype|doubles
|player|p1|itina99|n|
|player|p2|Frafri|blue|
|gen|9
|tier|[Gen 9 Champions] VGC 2026 Reg M-B (Bo3)
|rule|Species Clause: Limit one of each Pokémon
|rule|Item Clause: Limit 1 of each item
|clearpoke
|poke|p1|Swampert, L50, M|
|poke|p1|Pelipper, L50, F|
|poke|p1|Grimmsnarl, L50, M|
|poke|p1|Archaludon, L50, F|
|poke|p1|Incineroar, L50, M|
|poke|p1|Venusaur, L50, M|
|poke|p2|Mawile, L50, M|
|poke|p2|Milotic, L50, M|
|poke|p2|Sinistcha, L50|
|poke|p2|Raichu, L50, F|
|poke|p2|Hydreigon, L50, F|
|poke|p2|Incineroar, L50, F|
|teampreview|4
|showteam|p1|Swampert||Swampertite|Torrent|WaveCrash,Earthquake,IcePunch,Protect|Adamant||M|||50|]Pelipper||SitrusBerry|Drizzle|WeatherBall,Hurricane,Tailwind,WideGuard|Modest||F|||50|]Grimmsnarl||LightClay|Prankster|Reflect,LightScreen,PartingShot,SpiritBreak|Impish||M|||50|]Archaludon||Leftovers|Stamina|ElectroShot,FlashCannon,DragonPulse,Protect|Modest||F|||50|]Incineroar||ChopleBerry|Intimidate|FakeOut,FlareBlitz,ThroatChop,PartingShot|Impish||M|||50|]Venusaur||Venusaurite|Overgrow|GigaDrain,SludgeBomb,EarthPower,Protect|Modest||M|||50|
|showteam|p2|Mawile||Mawilite|HyperCutter|SwordsDance,Protect,PlayRough,SuckerPunch|Adamant||M|||50|]Milotic||Leftovers|Competitive|Scald,Protect,Coil,Hypnosis|Calm||M|||50|]Sinistcha||KasibBerry|Hospitality|MatchaGotcha,RagePowder,TrickRoom,Protect|Bold|||||50|]Raichu||RaichuniteY|LightningRod|Protect,ZapCannon,FocusBlast,FakeOut|Timid||F|||50|]Hydreigon||ChoiceScarf|Levitate|DarkPulse,EarthPower,HeatWave,DracoMeteor|Modest||F|||50|]Incineroar||SitrusBerry|Intimidate|PartingShot,FakeOut,ThroatChop,FlareBlitz|Adamant||F|||50|
|
|t:|1782497219
|teamsize|p1|4
|teamsize|p2|4
|start
|switch|p1a: Grimmsnarl|Grimmsnarl, L50, M|100/100
|switch|p1b: Archaludon|Archaludon, L50, F|100/100
|switch|p2a: Mawile|Mawile, L50, M|100/100
|switch|p2b: Sinistcha|Sinistcha, L50|100/100
|turn|1
|
|t:|1782497238
|move|p2b: Sinistcha|Rage Powder|p2b: Sinistcha
|-singleturn|p2b: Sinistcha|move: Rage Powder
|move|p1a: Grimmsnarl|Reflect|p1a: Grimmsnarl
|-sidestart|p1: itina99|Reflect
|move|p1b: Archaludon|Flash Cannon|p2b: Sinistcha
|-damage|p2b: Sinistcha|55/100
|move|p2a: Mawile|Swords Dance|p2a: Mawile
|-boost|p2a: Mawile|atk|2
|
|upkeep
|turn|2
|
|t:|1782497260
|detailschange|p2a: Mawile|Mawile-Mega, L50, M
|-mega|p2a: Mawile|Mawile|Mawilite
|move|p2b: Sinistcha|Rage Powder|p2b: Sinistcha
|-singleturn|p2b: Sinistcha|move: Rage Powder
|move|p1a: Grimmsnarl|Parting Shot|p2b: Sinistcha
|-unboost|p2b: Sinistcha|atk|1
|-unboost|p2b: Sinistcha|spa|1
|
|t:|1782497266
|switch|p1a: Pelipper|Pelipper, L50, F|100/100|[from] Parting Shot
|-weather|RainDance|[from] ability: Drizzle|[of] p1a: Pelipper
|move|p1b: Archaludon|Electro Shot||[still]
|-prepare|p1b: Archaludon|Electro Shot
|-boost|p1b: Archaludon|spa|1
|-anim|p1b: Archaludon|Electro Shot|p2b: Sinistcha
|-resisted|p2b: Sinistcha|1
|-damage|p2b: Sinistcha|19/100
|move|p2a: Mawile|Play Rough|p1a: Pelipper
|-damage|p1a: Pelipper|0 fnt
|faint|p1a: Pelipper
|
|-weather|RainDance|[upkeep]
|upkeep
|
|t:|1782497281
|switch|p1a: Venusaur|Venusaur, L50, M|100/100
|turn|3
|
|t:|1782497340
|detailschange|p1a: Venusaur|Venusaur-Mega, L50, M
|-mega|p1a: Venusaur|Venusaur|Venusaurite
|move|p2a: Mawile|Protect|p2a: Mawile
|-singleturn|p2a: Mawile|Protect
|move|p1a: Venusaur|Sludge Bomb|p2b: Sinistcha
|-damage|p2b: Sinistcha|0 fnt
|faint|p2b: Sinistcha
|move|p1b: Archaludon|Electro Shot||[still]
|-prepare|p1b: Archaludon|Electro Shot
|-boost|p1b: Archaludon|spa|1
|-anim|p1b: Archaludon|Electro Shot|p2a: Mawile
|-activate|p2a: Mawile|move: Protect
|
|-weather|RainDance|[upkeep]
|upkeep
|
|t:|1782497357
|switch|p2b: Incineroar|Incineroar, L50, F|100/100
|-ability|p2b: Incineroar|Intimidate|boost
|-unboost|p1a: Venusaur|atk|1
|-unboost|p1b: Archaludon|atk|1
|turn|4
|
|t:|1782497391
|move|p2b: Incineroar|Fake Out|p1b: Archaludon
|-resisted|p1b: Archaludon|1
|-damage|p1b: Archaludon|96/100
|-ability|p1b: Archaludon|Stamina|boost
|-boost|p1b: Archaludon|def|1
|move|p1a: Venusaur|Earth Power|p2a: Mawile
|-supereffective|p2a: Mawile|1
|-damage|p2a: Mawile|21/100
|cant|p1b: Archaludon|flinch
|move|p2a: Mawile|Play Rough|p1b: Archaludon
|-damage|p1b: Archaludon|39/100
|-unboost|p1b: Archaludon|atk|1
|-ability|p1b: Archaludon|Stamina|boost
|-boost|p1b: Archaludon|def|1
|
|-weather|RainDance|[upkeep]
|-heal|p1b: Archaludon|45/100|[from] item: Leftovers
|upkeep
|turn|5
|
|t:|1782497429
|move|p2a: Mawile|Protect|p2a: Mawile
|-singleturn|p2a: Mawile|Protect
|move|p1a: Venusaur|Earth Power|p2a: Mawile
|-activate|p2a: Mawile|move: Protect
|move|p1b: Archaludon|Electro Shot||[still]
|-prepare|p1b: Archaludon|Electro Shot
|-boost|p1b: Archaludon|spa|1
|-anim|p1b: Archaludon|Electro Shot|p2b: Incineroar
|-damage|p2b: Incineroar|16/100
|-enditem|p2b: Incineroar|Sitrus Berry|[eat]
|-heal|p2b: Incineroar|41/100|[from] item: Sitrus Berry
|move|p2b: Incineroar|Parting Shot|p1a: Venusaur
|-unboost|p1a: Venusaur|atk|1
|-unboost|p1a: Venusaur|spa|1
|
|t:|1782497445
|switch|p2b: Hydreigon|Hydreigon, L50, F|100/100|[from] Parting Shot
|
|-weather|RainDance|[upkeep]
|-heal|p1b: Archaludon|51/100|[from] item: Leftovers
|upkeep
|turn|6
|
|t:|1782497467
|move|p2a: Mawile|Sucker Punch|p1a: Venusaur
|-damage|p1a: Venusaur|50/100g
|move|p2b: Hydreigon|Earth Power|p1b: Archaludon
|-supereffective|p1b: Archaludon|1
|-damage|p1b: Archaludon|0 fnt
|faint|p1b: Archaludon
|move|p1a: Venusaur|Earth Power|p2a: Mawile
|-supereffective|p2a: Mawile|1
|-damage|p2a: Mawile|0 fnt
|faint|p2a: Mawile
|
|-weather|none
|upkeep
|
|t:|1782497476
|switch|p1b: Grimmsnarl|Grimmsnarl, L50, M|100/100
|switch|p2a: Incineroar|Incineroar, L50, F|41/100
|-ability|p2a: Incineroar|Intimidate|boost
|-unboost|p1a: Venusaur|atk|1
|-unboost|p1b: Grimmsnarl|atk|1
|turn|7
|
|t:|1782497493
|move|p1a: Venusaur|Protect|p1a: Venusaur
|-singleturn|p1a: Venusaur|Protect
|move|p2a: Incineroar|Fake Out|p1a: Venusaur
|-activate|p1a: Venusaur|move: Protect
|move|p2b: Hydreigon|Earth Power|p1a: Venusaur
|-activate|p1a: Venusaur|move: Protect
|move|p1b: Grimmsnarl|Spirit Break|p2b: Hydreigon
|-supereffective|p2b: Hydreigon|2
|-damage|p2b: Hydreigon|7/100
|-unboost|p2b: Hydreigon|spa|1
|
|upkeep
|turn|8
|
|t:|1782497509
|move|p2b: Hydreigon|Earth Power|p1a: Venusaur
|-damage|p1a: Venusaur|31/100
|move|p1a: Venusaur|Earth Power|p2a: Incineroar
|-supereffective|p2a: Incineroar|1
|-damage|p2a: Incineroar|5/100
|move|p2a: Incineroar|Flare Blitz|p1a: Venusaur
|-supereffective|p1a: Venusaur|1
|-damage|p1a: Venusaur|1/100
|-damage|p2a: Incineroar|0 fnt|[from] Recoil
|faint|p2a: Incineroar
|move|p1b: Grimmsnarl|Spirit Break|p2b: Hydreigon
|-supereffective|p2b: Hydreigon|2
|-damage|p2b: Hydreigon|0 fnt
|faint|p2b: Hydreigon
|
|win|itina99
|c|☆Frafri|eh niente non avevo modo per gestire venusaur ahah
|c|☆itina99|gg
|c|☆Frafri|gg
|c|☆itina99|eh si era tosto per te venu
|c|☆itina99|carico io o te?
|c|☆Frafri|vai carico io
|c|☆itina99|Top grazie
|c|☆itina99|la sword dance è carina con mawile ma secondo me devi avere la certezza di mettere trickroom
|c|☆itina99|secondo me meglio mettere subito pressione con mosse offensive invece di setuppare
|l|☆itina99
|player|p1|
