|j|☆langschlong
|j|☆JZ21
|html|langschlongJZ21    
|uhtml|bestof|Game 1 of a best-of-3
|t:|1757625975
|gametype|doubles
|player|p1|langschlong|steven|
|player|p2|JZ21|brendan-rs|
|gen|9
|tier|[Gen 9] VGC 2025 Reg H (Bo3)
|rule|Species Clause: Limit one of each Pokémon
|rule|Item Clause: Limit 1 of each item
|clearpoke
|poke|p1|Archaludon, L50, M|
|poke|p1|Gholdengo, L50|
|poke|p1|Whimsicott, L50, M|
|poke|p1|Dragonite, L50, M|
|poke|p1|Ursaluna-Bloodmoon, L50, M|
|poke|p1|Incineroar, L50, M|
|poke|p2|Dondozo, L50, F|
|poke|p2|Tatsugiri-Stretchy, L50, M|
|poke|p2|Dragonite, L50, M|
|poke|p2|Volcarona, L50, F|
|poke|p2|Rillaboom, L50, M|
|poke|p2|Annihilape, L50, M|
|teampreview|4
|showteam|p1|Archaludon||PowerHerb|Stalwart|ElectroShot,Thunderbolt,DragonPulse,Protect|||M|||50|,,,,,Electric]Gholdengo||MetalCoat|GoodasGold|MakeItRain,ShadowBall,NastyPlot,Protect||||||50|,,,,,Steel]Whimsicott||FocusSash|Prankster|Moonblast,FakeTears,Encore,Tailwind|||M|||50|,,,,,Ghost]Dragonite||LoadedDice|InnerFocus|ScaleShot,ExtremeSpeed,IceSpinner,Protect|||M|||50|,,,,,Steel]Ursaluna-Bloodmoon||AssaultVest|MindsEye|BloodMoon,HyperVoice,EarthPower,VacuumWave|||M|||50|,,,,,Water]Incineroar||MirrorHerb|Intimidate|FakeOut,FlareBlitz,KnockOff,PartingShot|||M|||50|,,,,,Grass
|showteam|p2|Dondozo||Leftovers|Unaware|Protect,WaveCrash,Fissure,Yawn|||F|||50|,,,,,Electric]Tatsugiri-Stretchy||SafetyGoggles|Commander|DracoMeteor,MuddyWater,IcyWind,Taunt|||M|||50|,,,,,Dark]Dragonite||LoadedDice|Multiscale|ScaleShot,ExtremeSpeed,FireSpin,Protect|||M|||50|,,,,,Normal]Volcarona||SitrusBerry|FlameBody|HeatWave,TeraBlast,QuiverDance,Protect|||F|||50|,,,,,Fairy]Rillaboom||AssaultVest|GrassySurge|WoodHammer,Uturn,GrassyGlide,FakeOut|||M|||50|,,,,,Fire]Annihilape||FocusSash|Defiant|RageFist,CloseCombat,StealthRock,Coaching|||M|||50|,,,,,Fire
|inactive|Battle timer is ON: inactive players will automatically lose when time's up. (requested by JZ21)
|
|t:|1757625991
|teamsize|p1|4
|teamsize|p2|4
|start
|switch|p1a: retail row|Archaludon, L50, M|100/100
|switch|p1b: tomato town|Incineroar, L50, M, shiny|100/100
|switch|p2a: Annihilape|Annihilape, L50, M|100/100
|switch|p2b: Dragonite|Dragonite, L50, M|100/100
|-ability|p1b: tomato town|Intimidate|boost
|-unboost|p2a: Annihilape|atk|1
|-ability|p2a: Annihilape|Defiant|boost
|-boost|p2a: Annihilape|atk|2
|-unboost|p2b: Dragonite|atk|1
|-enditem|p1b: tomato town|Mirror Herb
|-boost|p1b: tomato town|atk|2|[from] item: Mirror Herb
|turn|1
|inactive|langschlong has 30 seconds left.
|
|t:|1757626020
|-terastallize|p1b: tomato town|Grass
|move|p2a: Annihilape|Close Combat|p1b: tomato town
|-damage|p1b: tomato town|15/100
|-unboost|p2a: Annihilape|def|1
|-unboost|p2a: Annihilape|spd|1
|move|p1a: retail row|Dragon Pulse|p2b: Dragonite
|-supereffective|p2b: Dragonite
|-damage|p2b: Dragonite|64/100
|move|p2b: Dragonite|Fire Spin|p1b: tomato town
|-supereffective|p1b: tomato town
|-crit|p1b: tomato town
|-damage|p1b: tomato town|0 fnt
|faint|p1b: tomato town
|
|upkeep
|inactive|langschlong has 30 seconds left.
|inactive|langschlong has 20 seconds left.
|
|t:|1757626057
|switch|p1b: tilted towers|Whimsicott, L50, M, shiny|100/100
|turn|2
|inactive|langschlong has 30 seconds left.
|inactive|JZ21 has 30 seconds left.
|inactive|JZ21 has 20 seconds left.
|inactive|JZ21 has 15 seconds left.
|inactive|JZ21 has 10 seconds left.
|inactive|JZ21 has 5 seconds left.
|
|t:|1757626108
|-terastallize|p2b: Dragonite|Normal
|move|p1a: retail row|Protect|p1a: retail row
|-singleturn|p1a: retail row|Protect
|move|p2b: Dragonite|Extreme Speed|p1b: tilted towers
|-damage|p1b: tilted towers|63/100
|move|p1b: tilted towers|Tailwind|p1b: tilted towers
|-sidestart|p1: langschlong|move: Tailwind
|move|p2a: Annihilape|Close Combat|p1a: retail row
|-activate|p1a: retail row|move: Protect
|
|upkeep
|turn|3
|inactive|langschlong has 30 seconds left.
|inactive|JZ21 has 30 seconds left.
|inactive|langschlong has 20 seconds left.
|inactive|JZ21 has 20 seconds left.
|inactive|langschlong has 15 seconds left.
|inactive|langschlong has 10 seconds left.
|
|t:|1757626154
|move|p1b: tilted towers|Moonblast|p2a: Annihilape
|-supereffective|p2a: Annihilape
|-enditem|p2a: Annihilape|Focus Sash
|-damage|p2a: Annihilape|1/100
|move|p1a: retail row|Electro Shot||[still]
|-prepare|p1a: retail row|Electro Shot
|-boost|p1a: retail row|spa|1
|-enditem|p1a: retail row|Power Herb
|-anim|p1a: retail row|Electro Shot|p2a: Annihilape
|-damage|p2a: Annihilape|0 fnt
|faint|p2a: Annihilape
|move|p2b: Dragonite|Fire Spin|p1b: tilted towers
|-supereffective|p1b: tilted towers
|-crit|p1b: tilted towers
|-damage|p1b: tilted towers|26/100
|-activate|p1b: tilted towers|move: Fire Spin|[of] p2b: Dragonite
|
|-damage|p1b: tilted towers|14/100|[from] move: Fire Spin|[partiallytrapped]
|upkeep
|inactive|JZ21 has 30 seconds left.
|
|t:|1757626182
|switch|p2a: Dondozo|Dondozo, L50, F|100/100
|turn|4
|inactive|langschlong has 30 seconds left.
|inactive|langschlong has 20 seconds left.
|inactive|langschlong has 15 seconds left.
|inactive|langschlong has 10 seconds left.
|
|t:|1757626231
|move|p1a: retail row|Protect|p1a: retail row
|-singleturn|p1a: retail row|Protect
|move|p2b: Dragonite|Protect|p2b: Dragonite
|-singleturn|p2b: Dragonite|Protect
|move|p2a: Dondozo|Protect|p2a: Dondozo
|-singleturn|p2a: Dondozo|Protect
|move|p1b: tilted towers|Fake Tears|p2a: Dondozo
|-activate|p2a: Dondozo|move: Protect
|
|-damage|p1b: tilted towers|2/100|[from] move: Fire Spin|[partiallytrapped]
|upkeep
|turn|5
|inactive|langschlong has 30 seconds left.
|inactive|JZ21 has 30 seconds left.
|
|t:|1757626262
|move|p2b: Dragonite|Extreme Speed|p1b: tilted towers
|-damage|p1b: tilted towers|0 fnt
|faint|p1b: tilted towers
|move|p1a: retail row|Dragon Pulse|p2b: Dragonite
|-damage|p2b: Dragonite|8/100
|move|p2a: Dondozo|Yawn|p1a: retail row
|-start|p1a: retail row|move: Yawn|[of] p2a: Dondozo
|
|-sideend|p1: langschlong|move: Tailwind
|upkeep
|
|t:|1757626271
|switch|p1b: salty springs|Gholdengo, L50|100/100
|turn|6
|
|t:|1757626292
|move|p2a: Dondozo|Protect|p2a: Dondozo
|-singleturn|p2a: Dondozo|Protect
|move|p1a: retail row|Thunderbolt|p2a: Dondozo
|-activate|p2a: Dondozo|move: Protect
|move|p1b: salty springs|Make It Rain|p2b: Dragonite|[spread] p2b
|-activate|p2a: Dondozo|move: Protect
|-damage|p2b: Dragonite|0 fnt
|-unboost|p1b: salty springs|spa|1
|faint|p2b: Dragonite
|
|-end|p1a: retail row|move: Yawn|[silent]
|-status|p1a: retail row|slp
|upkeep
|
|t:|1757626299
|switch|p2b: Tatsugiri|Tatsugiri-Stretchy, L50, M|100/100
|-activate|p2b: Tatsugiri|ability: Commander|[of] p2a: Dondozo
|-boost|p2a: Dondozo|atk|2
|-boost|p2a: Dondozo|spa|2
|-boost|p2a: Dondozo|spe|2
|-boost|p2a: Dondozo|def|2
|-boost|p2a: Dondozo|spd|2
|turn|7
|inactive|langschlong has 30 seconds left.
|inactive|JZ21 has 30 seconds left.
|inactive|langschlong has 20 seconds left.
|inactive|JZ21 has 20 seconds left.
|inactive|langschlong has 15 seconds left.
|inactive|JZ21 has 15 seconds left.
|inactive|JZ21 has 10 seconds left.
|
|t:|1757626346
|move|p1b: salty springs|Protect|p1b: salty springs
|-singleturn|p1b: salty springs|Protect
|cant|p1a: retail row|slp
|move|p2a: Dondozo|Wave Crash|p1b: salty springs
|-activate|p1b: salty springs|move: Protect
|
|upkeep
|turn|8
|inactive|langschlong has 30 seconds left.
|inactive|langschlong has 20 seconds left.
|inactive|langschlong has 15 seconds left.
|
|t:|1757626388
|-curestatus|p1a: retail row|slp|[msg]
|move|p1a: retail row|Electro Shot||[still]
|-prepare|p1a: retail row|Electro Shot
|-boost|p1a: retail row|spa|1
|move|p1b: salty springs|Shadow Ball|p2a: Dondozo
|-damage|p2a: Dondozo|86/100
|move|p2a: Dondozo|Fissure|p1a: retail row
|-damage|p1a: retail row|0 fnt
|faint|p1a: retail row
|-ohko
|
|-heal|p2a: Dondozo|93/100|[from] item: Leftovers
|upkeep
|turn|9
|inactive|langschlong has 30 seconds left.
|
|t:|1757626418
|move|p1b: salty springs|Protect|p1b: salty springs
|-singleturn|p1b: salty springs|Protect
|move|p2a: Dondozo|Wave Crash|p1b: salty springs
|-activate|p1b: salty springs|move: Protect
|
|-heal|p2a: Dondozo|99/100|[from] item: Leftovers
|upkeep
|turn|10
|
|t:|1757626427
|move|p1b: salty springs|Nasty Plot|p1b: salty springs
|-boost|p1b: salty springs|spa|2
|move|p2a: Dondozo|Fissure|p1b: salty springs
|-damage|p1b: salty springs|0 fnt
|faint|p1b: salty springs
|-ohko
|
|win|JZ21
||JZ21 is ready for game 2.
||langschlong is ready for game 2.
|uhtml|next|Next: Game 2 of 3
|l|☆langschlong
|player|p1|
