|j|☆reshiee
|j|☆james897_yt
|html|reshieejames897_yt    
|uhtml|bestof|Game 1 of a best-of-3
|t:|1785253538
|gametype|doubles
|player|p1|reshiee|gwynn|1185
|player|p2|james897_yt|169|1075
|gen|9
|tier|[Gen 9 Champions] VGC 2026 Reg M-B (Bo3)
|rated|
|rule|Species Clause: Limit one of each Pokémon
|rule|Item Clause: Limit 1 of each item
|clearpoke
|poke|p1|Charizard, L50, M|
|poke|p1|Venusaur, L50, F|
|poke|p1|Pelipper, L50, F|
|poke|p1|Grimmsnarl, L50, M|
|poke|p1|Basculegion, L50, M|
|poke|p1|Archaludon, L50, M|
|poke|p2|Gengar, L50, F, shiny|
|poke|p2|Kingambit, L50, F|
|poke|p2|Sneasler, L50, F|
|poke|p2|Kommo-o, L50, M|
|poke|p2|Floette-Eternal, L50, F|
|poke|p2|Incineroar, L50, M|
|teampreview|4
|showteam|p1|Charizard||CharizarditeY|Blaze|HeatWave,WeatherBall,SolarBeam,Protect|Modest||M|||50|]Venusaur||FocusSash|Chlorophyll|SludgeBomb,EarthPower,SleepPowder,Protect|Modest||F|||50|]Pelipper||SitrusBerry|Drizzle|Hurricane,WeatherBall,Tailwind,WideGuard|Modest||F|||50|]Grimmsnarl||LightClay|Prankster|SpiritBreak,Reflect,LightScreen,PartingShot|Sassy||M|||50|]Basculegion||ChoiceScarf|Adaptability|WaveCrash,LastRespects,FlipTurn,AquaJet|Jolly||M|||50|]Archaludon||Leftovers|Stamina|DragonPulse,FlashCannon,ElectroShot,Protect|Calm||M|||50|
|showteam|p2|Gengar||Gengarite|CursedBody|Protect,PerishSong,Disable,ShadowBall|Timid||F|||50|]Kingambit||BlackGlasses|Defiant|Protect,SuckerPunch,KowtowCleave,SwordsDance|Adamant||F|||50|]Sneasler||WhiteHerb|Unburden|FakeOut,Protect,DireClaw,CloseCombat|Adamant||F|||50|]Kommo-o||Leftovers|Bulletproof|ClangingScales,ClangorousSoul,Protect,AuraSphere|Timid||M|||50|]Floette-Eternal||Floettite|FlowerVeil|Protect,Moonblast,DazzlingGleam,LightofRuin|Timid||F|||50|]Incineroar||PasshoBerry|Intimidate|FakeOut,PartingShot,FlareBlitz,Protect|Careful||M|||50|
|c|☆reshiee|glhf
|inactive|Battle timer is ON: inactive players will automatically lose when time's up. (requested by james897_yt)
|
|t:|1785253572
|teamsize|p1|4
|teamsize|p2|4
|start
|switch|p1a: Charizard|Charizard, L50, M|100/100
|switch|p1b: Grimmsnarl|Grimmsnarl, L50, M|100/100
|switch|p2a: Gengar|Gengar, L50, F, shiny|100/100
|switch|p2b: Incineroar|Incineroar, L50, M|100/100
|-ability|p2b: Incineroar|Intimidate|boost
|-unboost|p1a: Charizard|atk|1
|-unboost|p1b: Grimmsnarl|atk|1
|turn|1
|inactive|reshiee has 30 seconds left.
|
|t:|1785253603
|detailschange|p2a: Gengar|Gengar-Mega, L50, F, shiny
|-mega|p2a: Gengar|Gengar|Gengarite
|move|p1a: Charizard|Protect|p1a: Charizard
|-singleturn|p1a: Charizard|Protect
|move|p2b: Incineroar|Fake Out|p1a: Charizard
|-activate|p1a: Charizard|move: Protect
|move|p1b: Grimmsnarl|Light Screen|p1b: Grimmsnarl
|-sidestart|p1: reshiee|move: Light Screen
|move|p2a: Gengar|Perish Song|p2a: Gengar
|-start|p1a: Charizard|perish3|[silent]
|-start|p1b: Grimmsnarl|perish3|[silent]
|-start|p2a: Gengar|perish3|[silent]
|-start|p2b: Incineroar|perish3|[silent]
|-fieldactivate|move: Perish Song
|
|-start|p2a: Gengar|perish3
|-start|p1a: Charizard|perish3
|-start|p2b: Incineroar|perish3
|-start|p1b: Grimmsnarl|perish3
|upkeep
|turn|2
|inactive|reshiee has 30 seconds left.
|
|t:|1785253637
|detailschange|p1a: Charizard|Charizard-Mega-Y, L50, M
|-mega|p1a: Charizard|Charizard|Charizardite Y
|-weather|SunnyDay|[from] ability: Drought|[of] p1a: Charizard
|move|p2a: Gengar|Protect|p2a: Gengar
|-singleturn|p2a: Gengar|Protect
|move|p1b: Grimmsnarl|Reflect|p1b: Grimmsnarl
|-sidestart|p1: reshiee|Reflect
|move|p1a: Charizard|Weather Ball|p2a: Gengar
|-activate|p2a: Gengar|move: Protect
|move|p2b: Incineroar|Parting Shot|p1a: Charizard
|-unboost|p1a: Charizard|atk|1
|-unboost|p1a: Charizard|spa|1
|
|t:|1785253649
|switch|p2b: Kommo-o|Kommo-o, L50, M|100/100|[from] Parting Shot
|
|-weather|SunnyDay|[upkeep]
|-start|p2a: Gengar|perish2
|-start|p1a: Charizard|perish2
|-start|p1b: Grimmsnarl|perish2
|upkeep
|turn|3
|
|t:|1785253666
|switch|p2b: Incineroar|Incineroar, L50, M|100/100
|-ability|p2b: Incineroar|Intimidate|boost
|-unboost|p1a: Charizard|atk|1
|-unboost|p1b: Grimmsnarl|atk|1
|move|p2a: Gengar|Disable|p1a: Charizard
|-start|p1a: Charizard|Disable|Weather Ball
|cant|p1a: Charizard|Disable|Weather Ball
|move|p1b: Grimmsnarl|Spirit Break|p2b: Incineroar
|-crit|p2b: Incineroar
|-damage|p2b: Incineroar|58/100
|-unboost|p2b: Incineroar|spa|1
|
|-weather|SunnyDay|[upkeep]
|-start|p2a: Gengar|perish1
|-start|p1a: Charizard|perish1
|-start|p1b: Grimmsnarl|perish1
|upkeep
|turn|4
|inactive|reshiee has 30 seconds left.
|
|t:|1785253691
|switch|p2a: Kommo-o|Kommo-o, L50, M|100/100
|move|p2b: Incineroar|Fake Out|p1b: Grimmsnarl
|-damage|p1b: Grimmsnarl|93/100
|cant|p1b: Grimmsnarl|flinch
|move|p1a: Charizard|Heat Wave|p2b: Incineroar|[spread] p2a,p2b
|-resisted|p2a: Kommo-o|1
|-crit|p2a: Kommo-o
|-resisted|p2b: Incineroar|1
|-damage|p2a: Kommo-o|50/100y
|-damage|p2b: Incineroar|43/100
|
|-weather|SunnyDay|[upkeep]
|-heal|p2a: Kommo-o|55/100|[from] item: Leftovers
|-start|p1a: Charizard|perish0
|-start|p1b: Grimmsnarl|perish0
|faint|p1a: Charizard
|faint|p1b: Grimmsnarl
|upkeep
|
|t:|1785253706
|switch|p1a: Archaludon|Archaludon, L50, M|100/100
|switch|p1b: Pelipper|Pelipper, L50, F|100/100
|-weather|RainDance|[from] ability: Drizzle|[of] p1b: Pelipper
|turn|5
|inactive|reshiee has 30 seconds left.
|inactive|james897_yt has 30 seconds left.
|
|t:|1785253734
|move|p2a: Kommo-o|Aura Sphere|p1a: Archaludon
|-supereffective|p1a: Archaludon|1
|-damage|p1a: Archaludon|59/100
|-ability|p1a: Archaludon|Stamina|boost
|-boost|p1a: Archaludon|def|1
|move|p1a: Archaludon|Electro Shot||[still]
|-prepare|p1a: Archaludon|Electro Shot
|-boost|p1a: Archaludon|spa|1
|-anim|p1a: Archaludon|Electro Shot|p2b: Incineroar
|-damage|p2b: Incineroar|2/100
|move|p1b: Pelipper|Hurricane|p2a: Kommo-o
|-supereffective|p2a: Kommo-o|1
|-damage|p2a: Kommo-o|0 fnt
|faint|p2a: Kommo-o
|move|p2b: Incineroar|Parting Shot|p1a: Archaludon
|-unboost|p1a: Archaludon|atk|1
|-unboost|p1a: Archaludon|spa|1
|
|t:|1785253745
|switch|p2b: Gengar|Gengar-Mega, L50, F, shiny|100/100|[from] Parting Shot
|
|-weather|RainDance|[upkeep]
|-heal|p1a: Archaludon|65/100|[from] item: Leftovers
|upkeep
|
|t:|1785253746
|switch|p2a: Kingambit|Kingambit, L50, F|100/100
|turn|6
|inactive|reshiee has 30 seconds left.
|
|t:|1785253778
|move|p2b: Gengar|Protect|p2b: Gengar
|-singleturn|p2b: Gengar|Protect
|move|p1b: Pelipper|Wide Guard|p1b: Pelipper
|-singleturn|p1b: Pelipper|Wide Guard
|move|p1a: Archaludon|Electro Shot||[still]
|-prepare|p1a: Archaludon|Electro Shot
|-boost|p1a: Archaludon|spa|1
|-anim|p1a: Archaludon|Electro Shot|p2b: Gengar
|-activate|p2b: Gengar|move: Protect
|move|p2a: Kingambit|Swords Dance|p2a: Kingambit
|-boost|p2a: Kingambit|atk|2
|
|-weather|RainDance|[upkeep]
|-heal|p1a: Archaludon|71/100|[from] item: Leftovers
|upkeep
|turn|7
|inactive|reshiee has 30 seconds left.
|
|t:|1785253807
|move|p2a: Kingambit|Sucker Punch|p1a: Archaludon
|-damage|p1a: Archaludon|38/100
|-ability|p1a: Archaludon|Stamina|boost
|-boost|p1a: Archaludon|def|1
|move|p2b: Gengar|Shadow Ball|p1a: Archaludon
|-damage|p1a: Archaludon|10/100
|-ability|p1a: Archaludon|Stamina|boost
|-boost|p1a: Archaludon|def|1
|move|p1a: Archaludon|Electro Shot||[still]
|-prepare|p1a: Archaludon|Electro Shot
|-boost|p1a: Archaludon|spa|1
|-anim|p1a: Archaludon|Electro Shot|p2b: Gengar
|-damage|p2b: Gengar|8/100
|move|p1b: Pelipper|Weather Ball|p2b: Gengar
|-damage|p2b: Gengar|0 fnt
|faint|p2b: Gengar
|
|-weather|RainDance|[upkeep]
|-heal|p1a: Archaludon|16/100|[from] item: Leftovers
|upkeep
|inactive|james897_yt has 30 seconds left.
|
|t:|1785253842
|switch|p2b: Incineroar|Incineroar, L50, M|2/100
|-ability|p2b: Incineroar|Intimidate|boost
|-unboost|p1a: Archaludon|atk|1
|-unboost|p1b: Pelipper|atk|1
|turn|8
|
|t:|1785253855
|move|p1a: Archaludon|Protect|p1a: Archaludon
|-singleturn|p1a: Archaludon|Protect
|move|p2b: Incineroar|Fake Out|p1b: Pelipper
|-damage|p1b: Pelipper|92/100
|move|p2a: Kingambit|Sucker Punch||[still]
|-fail|p2a: Kingambit
|cant|p1b: Pelipper|flinch
|
|-weather|RainDance|[upkeep]
|-heal|p1a: Archaludon|22/100|[from] item: Leftovers
|-sideend|p1: reshiee|move: Light Screen
|upkeep
|turn|9
|
|t:|1785253870
|move|p2b: Incineroar|Protect|p2b: Incineroar
|-singleturn|p2b: Incineroar|Protect
|move|p2a: Kingambit|Sucker Punch|p1a: Archaludon
|-damage|p1a: Archaludon|2/100
|-ability|p1a: Archaludon|Stamina|boost
|-boost|p1a: Archaludon|def|1
|move|p1a: Archaludon|Electro Shot||[still]
|-prepare|p1a: Archaludon|Electro Shot
|-boost|p1a: Archaludon|spa|1
|-anim|p1a: Archaludon|Electro Shot|p2a: Kingambit
|-damage|p2a: Kingambit|13/100
|move|p1b: Pelipper|Weather Ball|p2b: Incineroar
|-activate|p2b: Incineroar|move: Protect
|
|-weather|none
|-heal|p1a: Archaludon|8/100|[from] item: Leftovers
|-sideend|p1: reshiee|Reflect
|upkeep
|turn|10
|
|t:|1785253893
|move|p1a: Archaludon|Protect|p1a: Archaludon
|-singleturn|p1a: Archaludon|Protect
|move|p2a: Kingambit|Sucker Punch|p1b: Pelipper
|-damage|p1b: Pelipper|0 fnt
|faint|p1b: Pelipper
|move|p2b: Incineroar|Flare Blitz|p1a: Archaludon
|-activate|p1a: Archaludon|move: Protect
|
|-heal|p1a: Archaludon|14/100|[from] item: Leftovers
|upkeep
|turn|11
|
|t:|1785253912
|move|p2a: Kingambit|Sucker Punch|p1a: Archaludon
|-damage|p1a: Archaludon|0 fnt
|faint|p1a: Archaludon
|
|win|james897_yt
||james897_yt is ready for game 2.
