|j|☆StarblastVGC
|j|☆boncuss
|html|StarblastVGCboncuss    
|uhtml|bestof|Game 1 of a best-of-3
|t:|1756763613
|gametype|doubles
|player|p1|StarblastVGC|265|1137
|player|p2|boncuss|wattson|1034
|gen|9
|tier|[Gen 9] VGC 2025 Reg H (Bo3)
|rated|
|rule|Species Clause: Limit one of each Pokémon
|rule|Item Clause: Limit 1 of each item
|clearpoke
|poke|p1|Sneasler, L50, F|
|poke|p1|Indeedee, L50, M|
|poke|p1|Whimsicott, L50, M|
|poke|p1|Ursaluna-Bloodmoon, L50, M|
|poke|p1|Tatsugiri, L50, M|
|poke|p1|Dondozo, L50, F|
|poke|p2|Chesnaught, L50, M|
|poke|p2|Pincurchin, L50, F|
|poke|p2|Porygon2, L50|
|poke|p2|Primarina, L50, F|
|poke|p2|Talonflame, L50, F|
|poke|p2|Ninetales-Alola, L50, F|
|teampreview|4
|showteam|p1|Sneasler||PsychicSeed|Unburden|DireClaw,CloseCombat,ThroatChop,Protect|||F|||50|,,,,,Dark]Indeedee||FocusSash|PsychicSurge|ExpandingForce,TeraBlast,HelpingHand,Protect|||M|||50|,,,,,Psychic]Whimsicott||CovertCloak|Prankster|Moonblast,Tailwind,HelpingHand,LightScreen|||M|||50|,,,,,Poison]Ursaluna-Bloodmoon||SilkScarf|MindsEye|BloodMoon,HyperVoice,EarthPower,Protect|||M|||50|,,,,,Normal]Tatsugiri||SafetyGoggles|Commander|DracoMeteor,MuddyWater,HelpingHand,Protect|||M|||50|,,,,,Normal]Dondozo||Leftovers|Unaware|WaveCrash,Earthquake,OrderUp,Protect|||F|||50|,,,,,Grass
|showteam|p2|Chesnaught||ElectricSeed|Bulletproof|BodyPress,WideGuard,LeechSeed,Protect|||M|||50|,,,,,Bug]Pincurchin||LifeOrb|ElectricSurge|ZingZap,Liquidation,SuckerPunch,ThroatChop|||F|||50|,,,,,Stellar]Porygon2||Eviolite|Download|TriAttack,TrickRoom,TeraBlast,Electroweb||||||50|,,,,,Ground]Primarina||ThroatSpray|LiquidVoice|HyperVoice,Moonblast,Protect,CalmMind|||F|||50|,,,,,Ground]Talonflame||CovertCloak|FlameBody|DualWingbeat,Tailwind,FlareBlitz,WillOWisp|||F|||50|,,,,,Flying]Ninetales-Alola||LightClay|SnowWarning|AuroraVeil,Encore,Disable,Blizzard|||F|||50|,,,,,Ice
|inactive|Battle timer is ON: inactive players will automatically lose when time's up. (requested by boncuss)
|inactive|StarblastVGC has 60 seconds left.
|inactive|StarblastVGC has 30 seconds left.
|inactive|StarblastVGC has 20 seconds left.
|inactive|StarblastVGC has 15 seconds left.
|inactive|StarblastVGC has 10 seconds left.
|
|t:|1756763696
|teamsize|p1|4
|teamsize|p2|4
|start
|switch|p1a: Whimsicott|Whimsicott, L50, M|100/100
|switch|p1b: Ursaluna|Ursaluna-Bloodmoon, L50, M|100/100
|switch|p2a: Pincurchin|Pincurchin, L50, F|100/100
|switch|p2b: Porygon2|Porygon2, L50|100/100
|-ability|p2b: Porygon2|Download|boost
|-boost|p2b: Porygon2|spa|1
|-fieldstart|move: Electric Terrain|[from] ability: Electric Surge|[of] p2a: Pincurchin
|turn|1
|inactive|StarblastVGC has 30 seconds left.
|inactive|boncuss has 30 seconds left.
|inactive|StarblastVGC has 20 seconds left.
|inactive|StarblastVGC has 15 seconds left.
|inactive|StarblastVGC has 10 seconds left.
|
|t:|1756763743
|move|p1a: Whimsicott|Light Screen|p1a: Whimsicott
|-sidestart|p1: StarblastVGC|move: Light Screen
|move|p1b: Ursaluna|Earth Power|p2a: Pincurchin
|-supereffective|p2a: Pincurchin
|-damage|p2a: Pincurchin|0 fnt
|faint|p2a: Pincurchin
|move|p2b: Porygon2|Trick Room|p2b: Porygon2
|-fieldstart|move: Trick Room|[of] p2b: Porygon2
|
|upkeep
|inactive|boncuss has 30 seconds left.
|inactive|boncuss has 20 seconds left.
|
|t:|1756763783
|switch|p2a: Chesnaught|Chesnaught, L50, M|100/100
|-enditem|p2a: Chesnaught|Electric Seed
|-boost|p2a: Chesnaught|def|1|[from] item: Electric Seed
|turn|2
|inactive|StarblastVGC has 30 seconds left.
|
|t:|1756763816
|switch|p1b: Dondozo|Dondozo, L50, F|100/100
|switch|p1a: Tatsugiri|Tatsugiri, L50, M|100/100
|-activate|p1a: Tatsugiri|ability: Commander|[of] p1b: Dondozo
|-boost|p1b: Dondozo|atk|2
|-boost|p1b: Dondozo|spa|2
|-boost|p1b: Dondozo|spe|2
|-boost|p1b: Dondozo|def|2
|-boost|p1b: Dondozo|spd|2
|move|p2b: Porygon2|Tri Attack|p1a: Tatsugiri|[miss]
|-miss|p2b: Porygon2|p1a: Tatsugiri
|move|p2a: Chesnaught|Leech Seed|p1b: Dondozo
|-start|p1b: Dondozo|move: Leech Seed
|
|-damage|p1b: Dondozo|88/100|[from] Leech Seed|[of] p2a: Chesnaught
|upkeep
|turn|3
|inactive|boncuss has 30 seconds left.
|inactive|boncuss has 20 seconds left.
|inactive|boncuss has 15 seconds left.
|inactive|boncuss has 10 seconds left.
|inactive|boncuss has 5 seconds left.
|
|t:|1756763866
|move|p2b: Porygon2|Tri Attack|p1b: Dondozo
|-damage|p1b: Dondozo|74/100
|move|p2a: Chesnaught|Body Press|p1b: Dondozo
|-damage|p1b: Dondozo|61/100
|move|p1b: Dondozo|Order Up|p2b: Porygon2
|-damage|p2b: Porygon2|68/100
|-boost|p1b: Dondozo|atk|1
|
|-heal|p1b: Dondozo|67/100|[from] item: Leftovers
|-damage|p1b: Dondozo|55/100|[from] Leech Seed|[of] p2a: Chesnaught
|upkeep
|turn|4
|
|t:|1756763884
|move|p2b: Porygon2|Tri Attack|p1b: Dondozo
|-damage|p1b: Dondozo|42/100
|move|p2a: Chesnaught|Body Press|p1b: Dondozo
|-damage|p1b: Dondozo|27/100
|move|p1b: Dondozo|Wave Crash|p2b: Porygon2
|-damage|p2b: Porygon2|0 fnt
|faint|p2b: Porygon2
|-damage|p1b: Dondozo|8/100|[from] Recoil
|
|-heal|p1b: Dondozo|15/100|[from] item: Leftovers
|-damage|p1b: Dondozo|2/100|[from] Leech Seed|[of] p2a: Chesnaught
|upkeep
|
|t:|1756763895
|switch|p2b: Ninetales|Ninetales-Alola, L50, F|100/100
|-weather|Snowscape|[from] ability: Snow Warning|[of] p2b: Ninetales
|turn|5
|
|t:|1756763907
|move|p2a: Chesnaught|Body Press|p1b: Dondozo
|-damage|p1b: Dondozo|0 fnt
|faint|p1b: Dondozo
|move|p2b: Ninetales|Aurora Veil|p2b: Ninetales
|-sidestart|p2: boncuss|move: Aurora Veil
|
|-weather|Snowscape|[upkeep]
|-sideend|p1: StarblastVGC|move: Light Screen
|-fieldend|move: Trick Room
|-fieldend|move: Electric Terrain
|upkeep
|
|t:|1756763921
|switch|p1b: Whimsicott|Whimsicott, L50, M|100/100
|turn|6
|inactive|StarblastVGC has 30 seconds left.
|
|t:|1756763952
|move|p2a: Chesnaught|Wide Guard|p2a: Chesnaught
|-singleturn|p2a: Chesnaught|Wide Guard
|move|p1b: Whimsicott|Tailwind|p1b: Whimsicott
|-sidestart|p1: StarblastVGC|move: Tailwind
|move|p1a: Tatsugiri|Draco Meteor|p2a: Chesnaught
|-damage|p2a: Chesnaught|58/100
|-unboost|p1a: Tatsugiri|spa|2
|move|p2b: Ninetales|Blizzard|p1a: Tatsugiri|[spread] p1a,p1b
|-supereffective|p1b: Whimsicott
|-damage|p1a: Tatsugiri|58/100
|-damage|p1b: Whimsicott|29/100
|
|-weather|Snowscape|[upkeep]
|upkeep
|turn|7
|inactive|StarblastVGC has 30 seconds left.
|inactive|boncuss has 30 seconds left.
|inactive|boncuss has 20 seconds left.
|
|t:|1756763988
|-terastallize|p2a: Chesnaught|Bug
|move|p1b: Whimsicott|Helping Hand|p1a: Tatsugiri
|-singleturn|p1a: Tatsugiri|Helping Hand|[of] p1b: Whimsicott
|move|p1a: Tatsugiri|Draco Meteor|p2a: Chesnaught
|-damage|p2a: Chesnaught|26/100
|-unboost|p1a: Tatsugiri|spa|2
|move|p2b: Ninetales|Encore|p1b: Whimsicott
|-start|p1b: Whimsicott|Encore
|move|p2a: Chesnaught|Leech Seed|p1a: Tatsugiri
|-start|p1a: Tatsugiri|move: Leech Seed
|
|-weather|Snowscape|[upkeep]
|-damage|p1a: Tatsugiri|46/100|[from] Leech Seed|[of] p2a: Chesnaught
|-heal|p2a: Chesnaught|37/100|[silent]
|upkeep
|turn|8
|inactive|StarblastVGC has 30 seconds left.
|inactive|StarblastVGC has 20 seconds left.
|
|t:|1756764027
|switch|p1a: Ursaluna|Ursaluna-Bloodmoon, L50, M|100/100
|move|p1b: Whimsicott|Helping Hand|p1a: Ursaluna
|-singleturn|p1a: Ursaluna|Helping Hand|[of] p1b: Whimsicott
|move|p2b: Ninetales|Disable|p1b: Whimsicott
|-start|p1b: Whimsicott|Disable|Helping Hand
|move|p2a: Chesnaught|Leech Seed|p1b: Whimsicott
|-immune|p1b: Whimsicott
|
|-weather|Snowscape|[upkeep]
|upkeep
|turn|9
|inactive|boncuss has 30 seconds left.
|
|t:|1756764054
|-terastallize|p1a: Ursaluna|Normal
|-activate|p1b: Whimsicott|move: Struggle
|move|p1b: Whimsicott|Struggle|p2b: Ninetales
|-damage|p2b: Ninetales|96/100
|-damage|p1b: Whimsicott|3/100|[from] recoil
|move|p1a: Ursaluna|Blood Moon|p2a: Chesnaught
|-damage|p2a: Chesnaught|0 fnt
|faint|p2a: Chesnaught
|move|p2b: Ninetales|Blizzard|p1a: Ursaluna|[spread] p1a,p1b
|-supereffective|p1b: Whimsicott
|-damage|p1a: Ursaluna|60/100
|-damage|p1b: Whimsicott|0 fnt
|faint|p1b: Whimsicott
|
|-weather|none
|-sideend|p1: StarblastVGC|move: Tailwind
|upkeep
|
|t:|1756764075
|switch|p1b: Tatsugiri|Tatsugiri, L50, M|46/100
|turn|10
|inactive|StarblastVGC has 30 seconds left.
|inactive|StarblastVGC has 20 seconds left.
|inactive|StarblastVGC has 15 seconds left.
|inactive|StarblastVGC has 10 seconds left.
|
|t:|1756764123
|move|p1b: Tatsugiri|Helping Hand|p1a: Ursaluna
|-singleturn|p1a: Ursaluna|Helping Hand|[of] p1b: Tatsugiri
|move|p2b: Ninetales|Blizzard|p1b: Tatsugiri|[spread] p1a,p1b
|-crit|p1b: Tatsugiri
|-damage|p1a: Ursaluna|22/100
|-damage|p1b: Tatsugiri|0 fnt
|faint|p1b: Tatsugiri
|move|p1a: Ursaluna|Hyper Voice|p2b: Ninetales
|-damage|p2b: Ninetales|0 fnt
|faint|p2b: Ninetales
|
|win|StarblastVGC
|inactive|StarblastVGC has 30 seconds to confirm battle start!
|inactive|boncuss has 30 seconds to confirm battle start!
||boncuss is ready for game 2.
