|j|☆Its andreas tbh
|j|☆Nathanlikesfeet
|html|Its andreas tbhNathanlikesfeet    
|uhtml|bestof|Game 1 of a best-of-3
|t:|1785927783
|gametype|doubles
|player|p1|Its andreas tbh|2|
|player|p2|Nathanlikesfeet|266|
|gen|9
|tier|[Gen 9 Champions] VGC 2026 Reg M-B (Bo3)
|rule|Species Clause: Limit one of each Pokémon
|rule|Item Clause: Limit 1 of each item
|clearpoke
|poke|p1|Klefki, L50, F|
|poke|p1|Sinistcha, L50|
|poke|p1|Oranguru, L50, M|
|poke|p1|Aggron, L50, F|
|poke|p1|Politoed, L50, M|
|poke|p1|Clawitzer, L50, F|
|poke|p2|Tyranitar, L50, M|
|poke|p2|Excadrill, L50, M|
|poke|p2|Houndstone, L50, M|
|poke|p2|Hydreigon, L50, F|
|poke|p2|Rotom-Wash, L50|
|poke|p2|Scovillain, L50, F|
|teampreview|4
|showteam|p1|Klefki||LightClay|Prankster|LightScreen,Reflect,RainDance,DazzlingGleam|Calm||F|||50|]Sinistcha||SitrusBerry|Hospitality|MatchaGotcha,LifeDew,RagePowder,TrickRoom|Relaxed|||||50|]Oranguru||ColburBerry|InnerFocus|TrickRoom,Instruct,Protect,Taunt|Calm||M|||50|]Aggron||Aggronite|Sturdy|IronDefense,BodyPress,HeavySlam,Protect|Adamant||F|||50|]Politoed||Leftovers|Drizzle|MuddyWater,WeatherBall,IceBeam,Protect|Quiet||M|||50|]Clawitzer||LifeOrb|MegaLauncher|MuddyWater,DarkPulse,Protect,AuraSphere|Quiet||F|||50|
|showteam|p2|Tyranitar||Tyranitarite|SandStream|RockSlide,KnockOff,StealthRock,Protect|Adamant||M|||50|]Excadrill||FocusSash|SandRush|Earthquake,IronHead,RockSlide,Protect|Adamant||M|||50|]Houndstone||SitrusBerry|SandRush|LastRespects,WillOWisp,StompingTantrum,Protect|Jolly||M|||50|]Hydreigon||LifeOrb|Levitate|DarkPulse,DracoMeteor,HeatWave,Protect|Modest||F|||50|]Rotom-Wash||LightClay|Levitate|LightScreen,Reflect,HydroPump,WillOWisp|Modest|||||50|]Scovillain||Scovillainite|Chlorophyll|Flamethrower,GigaDrain,LeechSeed,RagePowder|Modest||F|||50|
|
|t:|1785927820
|teamsize|p1|4
|teamsize|p2|4
|start
|switch|p1a: Oranguru|Oranguru, L50, M|100/100
|switch|p1b: Clawitzer|Clawitzer, L50, F|100/100
|switch|p2a: Rotom|Rotom-Wash, L50|100/100
|switch|p2b: Hydreigon|Hydreigon, L50, F|100/100
|turn|1
|
|t:|1785927840
|move|p2b: Hydreigon|Protect|p2b: Hydreigon
|-singleturn|p2b: Hydreigon|Protect
|move|p1b: Clawitzer|Protect|p1b: Clawitzer
|-singleturn|p1b: Clawitzer|Protect
|move|p2a: Rotom|Light Screen|p2a: Rotom
|-sidestart|p2: Nathanlikesfeet|move: Light Screen
|move|p1a: Oranguru|Trick Room|p1a: Oranguru
|-fieldstart|move: Trick Room|[of] p1a: Oranguru
|
|upkeep
|turn|2
|
|t:|1785927872
|move|p1b: Clawitzer|Aura Sphere|p2b: Hydreigon
|-supereffective|p2b: Hydreigon|1
|-damage|p2b: Hydreigon|14/100
|-damage|p1b: Clawitzer|90/100|[from] item: Life Orb
|move|p1a: Oranguru|Instruct|p1b: Clawitzer
|-singleturn|p1b: Clawitzer|move: Instruct|[of] p1a: Oranguru
|move|p1b: Clawitzer|Aura Sphere|p2b: Hydreigon
|-supereffective|p2b: Hydreigon|1
|-damage|p2b: Hydreigon|0 fnt
|faint|p2b: Hydreigon
|-damage|p1b: Clawitzer|80/100|[from] item: Life Orb
|move|p2a: Rotom|Reflect|p2a: Rotom
|-sidestart|p2: Nathanlikesfeet|Reflect
|
|upkeep
|
|t:|1785927893
|switch|p2b: Excadrill|Excadrill, L50, M|100/100
|turn|3
|
|t:|1785927914
|move|p1b: Clawitzer|Aura Sphere|p2b: Excadrill
|-supereffective|p2b: Excadrill|1
|-enditem|p2b: Excadrill|Focus Sash
|-damage|p2b: Excadrill|1/100
|-damage|p1b: Clawitzer|71/100|[from] item: Life Orb
|move|p1a: Oranguru|Instruct|p1b: Clawitzer
|-singleturn|p1b: Clawitzer|move: Instruct|[of] p1a: Oranguru
|move|p1b: Clawitzer|Aura Sphere|p2b: Excadrill
|-supereffective|p2b: Excadrill|1
|-damage|p2b: Excadrill|0 fnt
|faint|p2b: Excadrill
|-damage|p1b: Clawitzer|61/100|[from] item: Life Orb
|move|p2a: Rotom|Hydro Pump|p1a: Oranguru
|-damage|p1a: Oranguru|64/100
|
|upkeep
|
|t:|1785927931
|switch|p2b: Tyranitar|Tyranitar, L50, M|100/100
|-weather|Sandstorm|[from] ability: Sand Stream|[of] p2b: Tyranitar
|turn|4
|
|t:|1785927943
|detailschange|p2b: Tyranitar|Tyranitar-Mega, L50, M
|-mega|p2b: Tyranitar|Tyranitar|Tyranitarite
|move|p2b: Tyranitar|Protect|p2b: Tyranitar
|-singleturn|p2b: Tyranitar|Protect
|move|p1b: Clawitzer|Aura Sphere|p2b: Tyranitar
|-activate|p2b: Tyranitar|move: Protect
|move|p1a: Oranguru|Instruct|p1b: Clawitzer
|-singleturn|p1b: Clawitzer|move: Instruct|[of] p1a: Oranguru
|move|p1b: Clawitzer|Aura Sphere|p2b: Tyranitar
|-activate|p2b: Tyranitar|move: Protect
|move|p2a: Rotom|Hydro Pump|p1a: Oranguru
|-damage|p1a: Oranguru|32/100
|
|-weather|Sandstorm|[upkeep]
|-damage|p1b: Clawitzer|55/100|[from] Sandstorm
|-damage|p1a: Oranguru|26/100|[from] Sandstorm
|-damage|p2a: Rotom|94/100|[from] Sandstorm
|upkeep
|turn|5
|
|t:|1785927977
|move|p2b: Tyranitar|Protect||[still]
|-fail|p2b: Tyranitar
|move|p1b: Clawitzer|Aura Sphere|p2b: Tyranitar
|-supereffective|p2b: Tyranitar|2
|-damage|p2b: Tyranitar|32/100
|-damage|p1b: Clawitzer|46/100|[from] item: Life Orb
|move|p1a: Oranguru|Instruct|p1b: Clawitzer
|-singleturn|p1b: Clawitzer|move: Instruct|[of] p1a: Oranguru
|move|p1b: Clawitzer|Aura Sphere|p2b: Tyranitar
|-supereffective|p2b: Tyranitar|2
|-damage|p2b: Tyranitar|0 fnt
|faint|p2b: Tyranitar
|-damage|p1b: Clawitzer|36/100|[from] item: Life Orb
|move|p2a: Rotom|Hydro Pump|p1a: Oranguru
|-damage|p1a: Oranguru|0 fnt
|faint|p1a: Oranguru
|
|-weather|Sandstorm|[upkeep]
|-damage|p1b: Clawitzer|30/100|[from] Sandstorm
|-damage|p2a: Rotom|88/100|[from] Sandstorm
|-fieldend|move: Trick Room
|upkeep
|
|t:|1785927995
|switch|p1a: Politoed|Politoed, L50, M|100/100
|-weather|RainDance|[from] ability: Drizzle|[of] p1a: Politoed
|turn|6
|
|t:|1785928011
|move|p2a: Rotom|Hydro Pump|p1b: Clawitzer|[miss]
|-miss|p2a: Rotom|p1b: Clawitzer
|move|p1a: Politoed|Weather Ball|p2a: Rotom
|-resisted|p2a: Rotom|1
|-damage|p2a: Rotom|67/100
|move|p1b: Clawitzer|Dark Pulse|p2a: Rotom
|-damage|p2a: Rotom|28/100
|-damage|p1b: Clawitzer|20/100y|[from] item: Life Orb
|
|-weather|RainDance|[upkeep]
|upkeep
|turn|7
|
|t:|1785928025
|move|p2a: Rotom|Hydro Pump|p1b: Clawitzer|[miss]
|-miss|p2a: Rotom|p1b: Clawitzer
|move|p1a: Politoed|Weather Ball|p2a: Rotom
|-resisted|p2a: Rotom|1
|-damage|p2a: Rotom|6/100
|move|p1b: Clawitzer|Dark Pulse|p2a: Rotom
|-crit|p2a: Rotom
|-damage|p2a: Rotom|0 fnt
|faint|p2a: Rotom
|-damage|p1b: Clawitzer|11/100|[from] item: Life Orb
|
|win|Its andreas tbh
|inactive|Its andreas tbh has 30 seconds to confirm battle start!
|inactive|Nathanlikesfeet has 30 seconds to confirm battle start!
|inactive|Its andreas tbh has 20 seconds to confirm battle start!
|inactive|Nathanlikesfeet has 20 seconds to confirm battle start!
||Its andreas tbh is ready for game 2.
|inactive|Nathanlikesfeet has 10 seconds to confirm battle start!
||Nathanlikesfeet is ready for game 2.
|uhtml|next|Next: Game 2 of 3
