|j|☆jazzareth
|j|☆PokeMooney
|html|jazzarethPokeMooney    
|uhtml|bestof|Game 2 of a best-of-3
|t:|1783439553
|gametype|doubles
|player|p1|jazzareth|2|1204
|player|p2|PokeMooney|169|1216
|gen|9
|tier|[Gen 9 Champions] VGC 2026 Reg M-B (Bo3)
|rated|
|rule|Species Clause: Limit one of each Pokémon
|rule|Item Clause: Limit 1 of each item
|clearpoke
|poke|p1|Aerodactyl, L50, M|
|poke|p1|Garchomp, L50, F|
|poke|p1|Kingambit, L50, M|
|poke|p1|Charizard, L50, M|
|poke|p1|Sylveon, L50, F|
|poke|p1|Farigiraf, L50, M|
|poke|p2|Scrafty, L50, F|
|poke|p2|Vileplume, L50, M|
|poke|p2|Staraptor, L50, F|
|poke|p2|Farigiraf, L50, M|
|poke|p2|Sylveon, L50, F|
|poke|p2|Torkoal, L50, F|
|teampreview|4
|showteam|p1|Aerodactyl||Aerodactylite|Unnerve|IceFang,RockSlide,Tailwind,DualWingbeat|Jolly||M|||50|]Garchomp||LifeOrb|RoughSkin|DragonClaw,StompingTantrum,Earthquake,Protect|Jolly||F|||50|]Kingambit||FocusSash|Defiant|SuckerPunch,KowtowCleave,IronHead,LowKick|Adamant||M|||50|]Charizard||CharizarditeY|Blaze|Protect,WeatherBall,HeatWave,SolarBeam|Modest||M|||50|]Sylveon||FairyFeather|Pixilate|Protect,HyperVoice,HyperBeam,QuickAttack|Modest||F|||50|]Farigiraf||SitrusBerry|ArmorTail|TrickRoom,Thunderbolt,Protect,TwinBeam|Bold||M|||50|
|showteam|p2|Scrafty||Scraftinite|Intimidate|CloseCombat,KnockOff,IronHead,FakeOut|Brave||F|||50|]Vileplume||FocusSash|Chlorophyll|SludgeBomb,SleepPowder,AfterYou,LeafStorm|Timid||M|||50|]Staraptor||ChoiceScarf|Intimidate|BraveBird,CloseCombat,Uturn,FinalGambit|Jolly||F|||50|]Farigiraf||SitrusBerry|ArmorTail|Protect,TwinBeam,Thunderbolt,TrickRoom|Sassy||M|||50|]Sylveon||FairyFeather|Pixilate|HyperVoice,QuickAttack,HyperBeam,Detect|Quiet||F|||50|]Torkoal||Charcoal|Drought|Eruption,WeatherBall,HeatWave,Protect|Quiet||F|||50|
|
|t:|1783439574
|teamsize|p1|4
|teamsize|p2|4
|start
|switch|p1a: Charizard|Charizard, L50, M|100/100
|switch|p1b: Garchomp|Garchomp, L50, F|100/100
|switch|p2a: Vileplume|Vileplume, L50, M|100/100
|switch|p2b: Torkoal|Torkoal, L50, F|100/100
|-weather|SunnyDay|[from] ability: Drought|[of] p2b: Torkoal
|turn|1
|
|t:|1783439591
|switch|p2b: Scrafty|Scrafty, L50, F|100/100
|-ability|p2b: Scrafty|Intimidate|boost
|-unboost|p1a: Charizard|atk|1
|-unboost|p1b: Garchomp|atk|1
|detailschange|p1a: Charizard|Charizard-Mega-Y, L50, M
|-mega|p1a: Charizard|Charizard|Charizardite Y
|move|p2a: Vileplume|Sleep Powder|p1a: Charizard
|-status|p1a: Charizard|slp|[from] move: Sleep Powder
|move|p1b: Garchomp|Earthquake|p2a: Vileplume|[spread] p2a,p2b
|-immune|p1a: Charizard
|-damage|p2a: Vileplume|53/100
|-damage|p2b: Scrafty|66/100
|-damage|p1b: Garchomp|90/100|[from] item: Life Orb
|cant|p1a: Charizard|slp
|
|-weather|SunnyDay|[upkeep]
|upkeep
|turn|2
|
|t:|1783439617
|switch|p2a: Farigiraf|Farigiraf, L50, M|100/100
|detailschange|p2b: Scrafty|Scrafty-Mega, L50, F
|-mega|p2b: Scrafty|Scrafty|Scraftinite
|-ability|p2b: Scrafty|Intimidate|boost
|-unboost|p1a: Charizard|atk|1
|-unboost|p1b: Garchomp|atk|1
|move|p1b: Garchomp|Earthquake|p2a: Farigiraf|[spread] p2a,p2b
|-immune|p1a: Charizard
|-damage|p2a: Farigiraf|76/100
|-damage|p2b: Scrafty|45/100
|-damage|p1b: Garchomp|80/100|[from] item: Life Orb
|cant|p1a: Charizard|slp
|move|p2b: Scrafty|Knock Off|p1a: Charizard
|-damage|p1a: Charizard|63/100 slp
|
|-weather|SunnyDay|[upkeep]
|upkeep
|turn|3
|
|t:|1783439646
|move|p1b: Garchomp|Earthquake|p2a: Farigiraf|[spread] p2a,p2b
|-immune|p1a: Charizard
|-damage|p2a: Farigiraf|55/100
|-damage|p2b: Scrafty|25/100
|-damage|p1b: Garchomp|70/100|[from] item: Life Orb
|-curestatus|p1a: Charizard|slp|[msg]
|move|p1a: Charizard|Weather Ball|p2a: Farigiraf
|-damage|p2a: Farigiraf|0 fnt
|faint|p2a: Farigiraf
|move|p2b: Scrafty|Close Combat|p1b: Garchomp
|-damage|p1b: Garchomp|0 fnt
|-unboost|p2b: Scrafty|def|1
|-unboost|p2b: Scrafty|spd|1
|-damage|p2b: Scrafty|13/100|[from] ability: Rough Skin|[of] p1b: Garchomp
|faint|p1b: Garchomp
|
|-weather|SunnyDay|[upkeep]
|upkeep
|
|t:|1783439670
|switch|p1b: Sylveon|Sylveon, L50, F|100/100
|switch|p2a: Vileplume|Vileplume, L50, M|53/100
|turn|4
|
|t:|1783439685
|switch|p2b: Torkoal|Torkoal, L50, F|100/100
|move|p2a: Vileplume|Sleep Powder|p1a: Charizard
|-status|p1a: Charizard|slp|[from] move: Sleep Powder
|cant|p1a: Charizard|slp
|move|p1b: Sylveon|Hyper Voice|p2b: Torkoal|[spread] p2a,p2b
|-resisted|p2a: Vileplume|1
|-resisted|p2b: Torkoal|1
|-damage|p2a: Vileplume|23/100
|-damage|p2b: Torkoal|68/100
|
|-weather|SunnyDay|[upkeep]
|upkeep
|turn|5
|
|t:|1783439709
|move|p2a: Vileplume|Sludge Bomb|p1b: Sylveon
|-supereffective|p1b: Sylveon|1
|-damage|p1b: Sylveon|28/100
|-status|p1b: Sylveon|psn
|cant|p1a: Charizard|slp
|move|p1b: Sylveon|Hyper Voice|p2a: Vileplume|[spread] p2a,p2b
|-resisted|p2a: Vileplume|1
|-resisted|p2b: Torkoal|1
|-crit|p2b: Torkoal
|-damage|p2a: Vileplume|0 fnt
|-damage|p2b: Torkoal|19/100
|faint|p2a: Vileplume
|move|p2b: Torkoal|Eruption|p1a: Charizard|[spread] p1a,p1b
|-resisted|p1a: Charizard|1
|-damage|p1a: Charizard|54/100 slp
|-damage|p1b: Sylveon|13/100 psn
|
|-weather|none
|-damage|p1b: Sylveon|1/100 psn|[from] psn
|upkeep
|
|t:|1783439727
|switch|p2a: Scrafty|Scrafty-Mega, L50, F|13/100
|-ability|p2a: Scrafty|Intimidate|boost
|-unboost|p1a: Charizard|atk|1
|-unboost|p1b: Sylveon|atk|1
|turn|6
|
|t:|1783439742
|-curestatus|p1a: Charizard|slp|[msg]
|move|p1a: Charizard|Protect|p1a: Charizard
|-singleturn|p1a: Charizard|Protect
|move|p2a: Scrafty|Fake Out|p1b: Sylveon
|-damage|p1b: Sylveon|0 fnt
|faint|p1b: Sylveon
|move|p2b: Torkoal|Heat Wave|p1a: Charizard
|-activate|p1a: Charizard|move: Protect
|
|upkeep
|
|t:|1783439751
|switch|p1b: Kingambit|Kingambit, L50, M|100/100
|turn|7
|
|t:|1783439772
|move|p2b: Torkoal|Protect|p2b: Torkoal
|-singleturn|p2b: Torkoal|Protect
|move|p1a: Charizard|Weather Ball|p2b: Torkoal
|-activate|p2b: Torkoal|move: Protect
|move|p1b: Kingambit|Iron Head|p2a: Scrafty
|-damage|p2a: Scrafty|0 fnt
|faint|p2a: Scrafty
|
|upkeep
|turn|8
|-message|PokeMooney forfeited.
|
|win|jazzareth
|raw|jazzareth's rating: 1204 → 1230(+26 for winning)
|raw|PokeMooney's rating: 1216 → 1190(-26 for losing)
|l|☆PokeMooney
|player|p2|
