|j|☆furretusedpunch
|j|☆resourcespro
|html|furretusedpunchresourcespro    
|uhtml|bestof|Game 2 of a best-of-3
|t:|1786059866
|gametype|doubles
|player|p1|furretusedpunch|lacey|1201
|player|p2|resourcespro|266|1100
|gen|9
|tier|[Gen 9 Champions] VGC 2026 Reg M-B (Bo3)
|rated|
|rule|Species Clause: Limit one of each Pokémon
|rule|Item Clause: Limit 1 of each item
|clearpoke
|poke|p1|Staraptor, L50, F|
|poke|p1|Arcanine-Hisui, L50, M|
|poke|p1|Kingambit, L50, M|
|poke|p1|Sylveon, L50, M|
|poke|p1|Raichu, L50, F|
|poke|p1|Farigiraf, L50, F|
|poke|p2|Annihilape, L50, M|
|poke|p2|Clefable, L50, F|
|poke|p2|Excadrill, L50, M|
|poke|p2|Tyranitar, L50, F|
|poke|p2|Sinistcha-Masterpiece, L50|
|poke|p2|Aegislash, L50, M|
|teampreview|4
|showteam|p1|Staraptor||Staraptite|Intimidate|DualWingbeat,CloseCombat,Tailwind,Protect|Jolly||F|||50|]Arcanine-Hisui||FocusSash|RockHead|FlareBlitz,HeadSmash,ExtremeSpeed,Protect|Jolly||M|||50|]Kingambit||LifeOrb|Defiant|KowtowCleave,SuckerPunch,SwordsDance,Protect|Adamant||M|||50|]Sylveon||FairyFeather|Pixilate|HyperVoice,HyperBeam,QuickAttack,Detect|Modest||M|||50|]Raichu||RaichuniteY|LightningRod|ZapCannon,FocusBlast,FakeOut,Protect|Timid||F|||50|]Farigiraf||SitrusBerry|ArmorTail|Psychic,HelpingHand,TrickRoom,Protect|Calm||F|||50|
|showteam|p2|Annihilape|||InnerFocus|BulkUp,Acrobatics,DrainPunch,RageFist|Adamant||M|||50|]Clefable||Clefablite|MagicGuard|FollowMe,DazzlingGleam,LightScreen,Thunderbolt|Modest||F|||50|]Excadrill||FocusSash|SandRush|Earthquake,RockSlide,SwordsDance,BrickBreak|Adamant||M|||50|]Tyranitar||SmoothRock|SandStream|FireBlast,IceBeam,Thunderbolt,DarkPulse|Modest||F|||50|]Sinistcha-Masterpiece||Leftovers|Hospitality|LifeDew,MatchaGotcha,CalmMind,Hex|Bold|||||50|]Aegislash||ScopeLens|StanceChange|KingsShield,IronHead,Substitute,ShadowClaw|Careful||M|||50|
|
|t:|1786059942
|teamsize|p1|4
|teamsize|p2|4
|start
|switch|p1a: Staraptor|Staraptor, L50, F|100/100
|switch|p1b: Sylveon|Sylveon, L50, M|100/100
|switch|p2a: Clefable|Clefable, L50, F|100/100
|switch|p2b: Annihilape|Annihilape, L50, M|100/100
|-ability|p1a: Staraptor|Intimidate|boost
|-unboost|p2a: Clefable|atk|1
|-fail|p2b: Annihilape|unboost|Attack|[from] ability: Inner Focus|[of] p2b: Annihilape
|turn|1
|
|t:|1786059992
|switch|p2b: Excadrill|Excadrill, L50, M|100/100
|move|p1a: Staraptor|Protect|p1a: Staraptor
|-singleturn|p1a: Staraptor|Protect
|move|p1b: Sylveon|Hyper Voice|p2a: Clefable|[spread] p2a,p2b
|-resisted|p2b: Excadrill|1
|-damage|p2a: Clefable|50/100g
|-damage|p2b: Excadrill|68/100
|move|p2a: Clefable|Thunderbolt|p1a: Staraptor
|-activate|p1a: Staraptor|move: Protect
|
|upkeep
|turn|2
|
|t:|1786060041
|switch|p2a: Tyranitar|Tyranitar, L50, F|100/100
|-weather|Sandstorm|[from] ability: Sand Stream|[of] p2a: Tyranitar
|detailschange|p1a: Staraptor|Staraptor-Mega, L50, F
|-mega|p1a: Staraptor|Staraptor|Staraptite
|move|p2b: Excadrill|Rock Slide|p1b: Sylveon|[spread] p1a,p1b
|-damage|p1a: Staraptor|77/100
|-damage|p1b: Sylveon|71/100
|move|p1a: Staraptor|Tailwind|p1a: Staraptor
|-sidestart|p1: furretusedpunch|move: Tailwind
|move|p1b: Sylveon|Hyper Voice|p2a: Tyranitar|[spread] p2a,p2b
|-supereffective|p2a: Tyranitar|1
|-resisted|p2b: Excadrill|1
|-damage|p2a: Tyranitar|44/100
|-damage|p2b: Excadrill|37/100
|
|-weather|Sandstorm|[upkeep]
|-damage|p1a: Staraptor|71/100|[from] Sandstorm
|-damage|p1b: Sylveon|65/100|[from] Sandstorm
|upkeep
|turn|3
|
|t:|1786060076
|move|p1a: Staraptor|Close Combat|p2b: Excadrill
|-supereffective|p2b: Excadrill|1
|-damage|p2b: Excadrill|0 fnt
|-boost|p1a: Staraptor|def|1
|-boost|p1a: Staraptor|spd|1
|faint|p2b: Excadrill
|move|p1b: Sylveon|Hyper Voice|p2a: Tyranitar
|-supereffective|p2a: Tyranitar|1
|-damage|p2a: Tyranitar|0 fnt
|faint|p2a: Tyranitar
|
|-weather|Sandstorm|[upkeep]
|-damage|p1a: Staraptor|65/100|[from] Sandstorm
|-damage|p1b: Sylveon|60/100|[from] Sandstorm
|upkeep
|
|t:|1786060085
|switch|p2b: Clefable|Clefable, L50, F|50/100g
|switch|p2a: Annihilape|Annihilape, L50, M|100/100
|turn|4
|
|t:|1786060101
|detailschange|p2b: Clefable|Clefable-Mega, L50, F
|-mega|p2b: Clefable|Clefable|Clefablite
|move|p2b: Clefable|Follow Me|p2b: Clefable
|-singleturn|p2b: Clefable|move: Follow Me
|move|p1a: Staraptor|Close Combat|p2b: Clefable
|-resisted|p2b: Clefable|2
|-damage|p2b: Clefable|35/100
|-boost|p1a: Staraptor|def|1
|-boost|p1a: Staraptor|spd|1
|move|p1b: Sylveon|Hyper Voice|p2b: Clefable|[spread] p2a,p2b
|-supereffective|p2a: Annihilape|1
|-damage|p2a: Annihilape|21/100
|-damage|p2b: Clefable|0 fnt
|faint|p2b: Clefable
|move|p2a: Annihilape|Acrobatics|p1a: Staraptor
|-supereffective|p1a: Staraptor|1
|-damage|p1a: Staraptor|26/100
|
|-weather|Sandstorm|[upkeep]
|-damage|p1a: Staraptor|20/100y|[from] Sandstorm
|-damage|p1b: Sylveon|54/100|[from] Sandstorm
|-damage|p2a: Annihilape|15/100|[from] Sandstorm
|upkeep
|turn|5
|
|t:|1786060117
|move|p1b: Sylveon|Quick Attack|p2a: Annihilape
|-supereffective|p2a: Annihilape|1
|-damage|p2a: Annihilape|0 fnt
|faint|p2a: Annihilape
|
|win|furretusedpunch
