|badge|p2|silver|gen9ou|30-6
|uhtml|medal-msg|Curious what those medals under the avatar are? PS now has Ladder Seasons! For more information, check out the thread on Smogon.
|j|☆ShabazXVGC
|j|☆JackRG1
|html|ShabazXVGCJackRG1    
|uhtml|bestof|Game 2 of a best-of-3
|t:|1757727169
|gametype|doubles
|player|p1|ShabazXVGC|marlon|1062
|player|p2|JackRG1|dawn-gen4pt|1139
|gen|9
|tier|[Gen 9] VGC 2025 Reg H (Bo3)
|rated|
|rule|Species Clause: Limit one of each Pokémon
|rule|Item Clause: Limit 1 of each item
|clearpoke
|poke|p1|Rillaboom, L50, F|
|poke|p1|Pelipper, L50, M|
|poke|p1|Archaludon, L50, M|
|poke|p1|Bellibolt, L50, M|
|poke|p1|Palafin, L50, F|
|poke|p1|Overqwil, L50, M|
|poke|p2|Tyranitar, L50, F|
|poke|p2|Excadrill, L50, F|
|poke|p2|Gastrodon-East, L50, M|
|poke|p2|Annihilape, L50, M|
|poke|p2|Grimmsnarl, L50, M|
|poke|p2|Corviknight, L50, M|
|teampreview|4
|showteam|p1|Rillaboom||GrassySeed|GrassySurge|FakeOut,HighHorsepower,GrassyGlide,WoodHammer|||F|||50|,,,,,Fire]Pelipper||FocusSash|Drizzle|Hurricane,Protect,Tailwind,WeatherBall|||M|||50|,,,,,Flying]Archaludon||SitrusBerry|Stamina|FlashCannon,DracoMeteor,ElectroShot,BodyPress|||M|||50|,,,,,Grass]Bellibolt||AssaultVest|Electromorphosis|ParabolicCharge,ChillingWater,VoltSwitch,Electroweb|||M|||50|,,,,,Water]Palafin||ChoiceScarf|ZerotoHero|JetPunch,FlipTurn,WaveCrash,ZenHeadbutt|||F|||50|,,,,,Water]Overqwil||LifeOrb|SwiftSwim|PoisonJab,Crunch,Liquidation,SwordsDance|||M|||50|,,,,,Water
|showteam|p2|Tyranitar||AssaultVest|SandStream|RockSlide,KnockOff,TeraBlast,LowKick|||F|||50|,,,,,Flying]Excadrill||FocusSash|SandRush|Earthquake,HighHorsepower,IronHead,Protect|||F|||50|,,,,,Ground]Gastrodon-East||Leftovers|StormDrain|EarthPower,HydroPump,ClearSmog,Protect|||M|||50|,,,,,Poison]Annihilape||ChoiceScarf|Defiant|CloseCombat,Uturn,Coaching,FinalGambit|||M|||50|,,,,,Grass]Grimmsnarl||LightClay|Prankster|SpiritBreak,Reflect,LightScreen,MistyTerrain|||M|||50|,,,,,Ghost]Corviknight||CovertCloak|MirrorArmor|BraveBird,PowerTrip,BulkUp,Roost|||M|||50|,,,,,Dragon
|inactive|Battle timer is ON: inactive players will automatically lose when time's up. (requested by JackRG1)
|j| Sbinnotto
|
|t:|1757727190
|teamsize|p1|4
|teamsize|p2|4
|start
|switch|p1a: Liberation|Rillaboom, L50, F|100/100
|switch|p1b: Bellibolt|Bellibolt, L50, M|100/100
|switch|p2a: Grimmsnarl|Grimmsnarl, L50, M|100/100
|switch|p2b: Corviknight|Corviknight, L50, M|100/100
|-fieldstart|move: Grassy Terrain|[from] ability: Grassy Surge|[of] p1a: Liberation
|-enditem|p1a: Liberation|Grassy Seed
|-boost|p1a: Liberation|def|1|[from] item: Grassy Seed
|turn|1
|
|t:|1757727209
|move|p2a: Grimmsnarl|Light Screen|p2a: Grimmsnarl
|-sidestart|p2: JackRG1|move: Light Screen
|move|p1a: Liberation|Wood Hammer|p2a: Grimmsnarl
|-damage|p2a: Grimmsnarl|29/100
|-damage|p1a: Liberation|73/100|[from] Recoil
|move|p2b: Corviknight|Bulk Up|p2b: Corviknight
|-boost|p2b: Corviknight|atk|1
|-boost|p2b: Corviknight|def|1
|move|p1b: Bellibolt|Electroweb|p2a: Grimmsnarl|[spread] p2a,p2b
|-supereffective|p2b: Corviknight
|-damage|p2a: Grimmsnarl|17/100
|-damage|p2b: Corviknight|73/100
|-unboost|p2a: Grimmsnarl|spe|1
|
|-heal|p1a: Liberation|79/100|[from] Grassy Terrain
|-heal|p2a: Grimmsnarl|23/100|[from] Grassy Terrain
|upkeep
|turn|2
|inactive|ShabazXVGC has 30 seconds left.
|
|t:|1757727241
|move|p1a: Liberation|Grassy Glide|p2a: Grimmsnarl
|-crit|p2a: Grimmsnarl
|-damage|p2a: Grimmsnarl|0 fnt
|faint|p2a: Grimmsnarl
|move|p2b: Corviknight|Bulk Up|p2b: Corviknight
|-boost|p2b: Corviknight|atk|1
|-boost|p2b: Corviknight|def|1
|move|p1b: Bellibolt|Electroweb|p2b: Corviknight
|-supereffective|p2b: Corviknight
|-damage|p2b: Corviknight|36/100
|
|-heal|p1a: Liberation|86/100|[from] Grassy Terrain
|upkeep
|
|t:|1757727245
|switch|p2a: Tyranitar|Tyranitar, L50, F|100/100
|-weather|Sandstorm|[from] ability: Sand Stream|[of] p2a: Tyranitar
|turn|3
|
|t:|1757727265
|-terastallize|p1a: Liberation|Fire
|-terastallize|p2b: Corviknight|Dragon
|move|p1a: Liberation|Wood Hammer|p2a: Tyranitar
|-supereffective|p2a: Tyranitar
|-damage|p2a: Tyranitar|0 fnt
|faint|p2a: Tyranitar
|-damage|p1a: Liberation|50/100|[from] Recoil
|move|p2b: Corviknight|Roost|p2b: Corviknight
|-heal|p2b: Corviknight|86/100
|move|p1b: Bellibolt|Electroweb|p2b: Corviknight
|-resisted|p2b: Corviknight
|-damage|p2b: Corviknight|76/100
|
|-weather|Sandstorm|[upkeep]
|-damage|p1a: Liberation|44/100|[from] Sandstorm
|-damage|p2b: Corviknight|70/100|[from] Sandstorm
|-damage|p1b: Bellibolt|94/100|[from] Sandstorm
|-heal|p1a: Liberation|50/100|[from] Grassy Terrain
|-heal|p2b: Corviknight|76/100|[from] Grassy Terrain
|-heal|p1b: Bellibolt|100/100|[from] Grassy Terrain
|upkeep
|
|t:|1757727268
|switch|p2a: Gastrodon|Gastrodon-East, L50, M|100/100
|turn|4
|
|t:|1757727291
|move|p2a: Gastrodon|Protect|p2a: Gastrodon
|-singleturn|p2a: Gastrodon|Protect
|move|p1a: Liberation|Wood Hammer|p2a: Gastrodon
|-activate|p2a: Gastrodon|move: Protect
|move|p2b: Corviknight|Power Trip|p1a: Liberation
|-damage|p1a: Liberation|12/100
|move|p1b: Bellibolt|Volt Switch|p2b: Corviknight
|-resisted|p2b: Corviknight
|-damage|p2b: Corviknight|64/100
|
|t:|1757727296
|switch|p1b: Magellan|Overqwil, L50, M|100/100|[from] Volt Switch
|
|-weather|Sandstorm|[upkeep]
|-damage|p1a: Liberation|6/100|[from] Sandstorm
|-damage|p1b: Magellan|94/100|[from] Sandstorm
|-damage|p2b: Corviknight|59/100|[from] Sandstorm
|-heal|p1a: Liberation|12/100|[from] Grassy Terrain
|-heal|p1b: Magellan|100/100|[from] Grassy Terrain
|-heal|p2b: Corviknight|64/100|[from] Grassy Terrain
|upkeep
|turn|5
|
|t:|1757727308
|move|p2a: Gastrodon|Protect|p2a: Gastrodon
|-singleturn|p2a: Gastrodon|Protect
|move|p1a: Liberation|Wood Hammer|p2a: Gastrodon
|-activate|p2a: Gastrodon|move: Protect
|move|p1b: Magellan|Swords Dance|p1b: Magellan
|-boost|p1b: Magellan|atk|2
|move|p2b: Corviknight|Power Trip|p1a: Liberation
|-damage|p1a: Liberation|0 fnt
|faint|p1a: Liberation
|
|-weather|Sandstorm|[upkeep]
|-damage|p1b: Magellan|94/100|[from] Sandstorm
|-damage|p2b: Corviknight|59/100|[from] Sandstorm
|-heal|p1b: Magellan|100/100|[from] Grassy Terrain
|-heal|p2b: Corviknight|64/100|[from] Grassy Terrain
|-fieldend|move: Grassy Terrain
|upkeep
|
|t:|1757727317
|switch|p1a: Franky|Archaludon, L50, M|100/100
|turn|6
|
|t:|1757727328
|move|p1b: Magellan|Crunch|p2a: Gastrodon
|-damage|p2a: Gastrodon|0 fnt
|faint|p2a: Gastrodon
|-damage|p1b: Magellan|90/100|[from] item: Life Orb
|move|p1a: Franky|Draco Meteor|p2b: Corviknight
|-supereffective|p2b: Corviknight
|-damage|p2b: Corviknight|0 fnt
|-unboost|p1a: Franky|spa|2
|faint|p2b: Corviknight
|
|win|ShabazXVGC
||JackRG1 is ready for game 3.
||ShabazXVGC is ready for game 3.
|uhtml|next|Next: Game 3 of 3
|l|☆JackRG1
|player|p2|
|l| Sbinnotto
