|j|☆testingqueen001
|j|☆Spoon67
|html|testingqueen001Spoon67    
|uhtml|bestof|Game 1 of a best-of-3
|t:|1786131026
|gametype|doubles
|player|p1|testingqueen001|fantina|1102
|player|p2|Spoon67|102|1015
|gen|9
|tier|[Gen 9 Champions] VGC 2026 Reg M-B (Bo3)
|rated|
|rule|Species Clause: Limit one of each Pokémon
|rule|Item Clause: Limit 1 of each item
|clearpoke
|poke|p1|Charizard, L50, M|
|poke|p1|Floette-Eternal, L50, F|
|poke|p1|Basculegion, L50, M|
|poke|p1|Garchomp, L50, M|
|poke|p1|Whimsicott, L50, M|
|poke|p1|Kingambit, L50, F|
|poke|p2|Blaziken, L50, F|
|poke|p2|Basculegion, L50, M|
|poke|p2|Kingambit, L50, F|
|poke|p2|Torkoal, L50, M|
|poke|p2|Aerodactyl, L50, F|
|poke|p2|Venusaur, L50, M|
|teampreview|4
|showteam|p1|Charizard||CharizarditeY|Blaze|HeatWave,WeatherBall,SolarBeam,Protect|Modest||M|||50|]Floette-Eternal||Floettite|FlowerVeil|LightofRuin,Moonblast,DazzlingGleam,Protect|Timid||F|||50|]Basculegion||LifeOrb|Adaptability|WaveCrash,LastRespects,AquaJet,Protect|Adamant||M|||50|]Garchomp||SitrusBerry|RoughSkin|DragonClaw,StompingTantrum,RockSlide,Protect|Adamant||M|||50|]Whimsicott||FocusSash|Prankster|Moonblast,Encore,Tailwind,Protect|Timid||M|||50|]Kingambit||BlackGlasses|Defiant|KowtowCleave,LowKick,SuckerPunch,Protect|Adamant||F|||50|
|showteam|p2|Blaziken||Blazikenite|SpeedBoost|CloseCombat,FlareBlitz,Substitute,Protect|Adamant||F|||50|]Basculegion||ChoiceScarf|Adaptability|AquaJet,FlipTurn,LastRespects,WaveCrash|Jolly||M|||50|]Kingambit||LifeOrb|Defiant|IronHead,KowtowCleave,SuckerPunch,Protect|Adamant||F|||50|]Torkoal||Charcoal|Drought|Eruption,WeatherBall,WillOWisp,Protect|Relaxed||M|||50|]Aerodactyl||Aerodactylite|Unnerve|RockSlide,IceFang,Tailwind,Protect|Jolly||F|||50|]Venusaur||FocusSash|Chlorophyll|SludgeBomb,EarthPower,SleepPowder,Protect|Modest||M|||50|
|inactive|Battle timer is ON: inactive players will automatically lose when time's up. (requested by testingqueen001)
|inactive|testingqueen001 has 60 seconds left.
|inactive|Spoon67 has 60 seconds left.
|inactive|Spoon67 has 30 seconds left.
|inactive|Spoon67 has 20 seconds left.
|inactive|Spoon67 has 15 seconds left.
|
|t:|1786131105
|teamsize|p1|4
|teamsize|p2|4
|start
|switch|p1a: Whimsicott|Whimsicott, L50, M|100/100
|switch|p1b: Charizard|Charizard, L50, M|100/100
|switch|p2a: Venusaur|Venusaur, L50, M|100/100
|switch|p2b: Torkoal|Torkoal, L50, M|100/100
|-weather|SunnyDay|[from] ability: Drought|[of] p2b: Torkoal
|turn|1
|inactive|testingqueen001 has 30 seconds left.
|inactive|Spoon67 has 30 seconds left.
|inactive|Spoon67 has 20 seconds left.
|inactive|Spoon67 has 15 seconds left.
|inactive|Spoon67 has 10 seconds left.
|
|t:|1786131154
|detailschange|p1b: Charizard|Charizard-Mega-Y, L50, M
|-mega|p1b: Charizard|Charizard|Charizardite Y
|move|p1a: Whimsicott|Tailwind|p1a: Whimsicott
|-sidestart|p1: testingqueen001|move: Tailwind
|move|p2a: Venusaur|Sleep Powder|p1b: Charizard
|-status|p1b: Charizard|slp|[from] move: Sleep Powder
|cant|p1b: Charizard|slp
|move|p2b: Torkoal|Eruption|p1b: Charizard|[spread] p1a,p1b
|-supereffective|p1a: Whimsicott|1
|-resisted|p1b: Charizard|1
|-enditem|p1a: Whimsicott|Focus Sash
|-damage|p1a: Whimsicott|1/100
|-damage|p1b: Charizard|73/100 slp
|
|-weather|SunnyDay|[upkeep]
|upkeep
|turn|2
|inactive|Spoon67 has 30 seconds left.
|inactive|Spoon67 has 20 seconds left.
|
|t:|1786131193
|move|p1a: Whimsicott|Encore|p2a: Venusaur
|-start|p2a: Venusaur|Encore
|move|p2a: Venusaur|Sleep Powder|p1b: Charizard
|-fail|p1b: Charizard|slp
|cant|p1b: Charizard|slp
|move|p2b: Torkoal|Weather Ball|p1b: Charizard
|-resisted|p1b: Charizard|1
|-damage|p1b: Charizard|51/100 slp
|
|-weather|SunnyDay|[upkeep]
|upkeep
|turn|3
|inactive|Spoon67 has 30 seconds left.
|inactive|Spoon67 has 20 seconds left.
|inactive|Spoon67 has 15 seconds left.
|
|t:|1786131236
|switch|p2a: Aerodactyl|Aerodactyl, L50, F|100/100
|-ability|p2a: Aerodactyl|Unnerve
|move|p1a: Whimsicott|Moonblast|p2a: Aerodactyl
|-damage|p2a: Aerodactyl|53/100
|-curestatus|p1b: Charizard|slp|[msg]
|move|p1b: Charizard|Heat Wave|p2b: Torkoal|[spread] p2b
|-miss|p1b: Charizard|p2a: Aerodactyl
|-resisted|p2b: Torkoal|1
|-damage|p2b: Torkoal|55/100
|move|p2b: Torkoal|Eruption|p1b: Charizard|[spread] p1a,p1b
|-supereffective|p1a: Whimsicott|1
|-resisted|p1b: Charizard|1
|-damage|p1a: Whimsicott|0 fnt
|-damage|p1b: Charizard|34/100
|faint|p1a: Whimsicott
|
|-weather|SunnyDay|[upkeep]
|upkeep
|
|t:|1786131251
|switch|p1a: Garchomp|Garchomp, L50, M|100/100
|turn|4
|inactive|Spoon67 has 30 seconds left.
|
|t:|1786131285
|switch|p2b: Venusaur|Venusaur, L50, M|100/100
|detailschange|p2a: Aerodactyl|Aerodactyl-Mega, L50, F
|-mega|p2a: Aerodactyl|Aerodactyl|Aerodactylite
|move|p1a: Garchomp|Rock Slide|p2b: Venusaur|[spread] p2a,p2b
|-supereffective|p2a: Aerodactyl|1
|-damage|p2a: Aerodactyl|1/100
|-damage|p2b: Venusaur|70/100
|move|p1b: Charizard|Weather Ball|p2b: Venusaur
|-supereffective|p2b: Venusaur|1
|-damage|p2b: Venusaur|0 fnt
|faint|p2b: Venusaur
|move|p2a: Aerodactyl|Ice Fang|p1a: Garchomp
|-supereffective|p1a: Garchomp|2
|-damage|p1a: Garchomp|0 fnt
|-damage|p2a: Aerodactyl|0 fnt|[from] ability: Rough Skin|[of] p1a: Garchomp
|faint|p1a: Garchomp
|faint|p2a: Aerodactyl
|
|-weather|SunnyDay|[upkeep]
|-sideend|p1: testingqueen001|move: Tailwind
|upkeep
|
|t:|1786131308
|switch|p2a: Torkoal|Torkoal, L50, M|55/100
|switch|p1a: Basculegion|Basculegion, L50, M|100/100
|switch|p2b: Basculegion|Basculegion, L50, M|100/100
|turn|5
|inactive|Spoon67 has 30 seconds left.
|inactive|Spoon67 has 20 seconds left.
|inactive|Spoon67 has 15 seconds left.
|
|t:|1786131350
|move|p1a: Basculegion|Protect|p1a: Basculegion
|-singleturn|p1a: Basculegion|Protect
|move|p2a: Torkoal|Protect|p2a: Torkoal
|-singleturn|p2a: Torkoal|Protect
|move|p2b: Basculegion|Aqua Jet|p1b: Charizard
|-supereffective|p1b: Charizard|1
|-damage|p1b: Charizard|13/100
|move|p1b: Charizard|Solar Beam||[still]
|-prepare|p1b: Charizard|Solar Beam
|-anim|p1b: Charizard|Solar Beam|p2b: Basculegion
|-supereffective|p2b: Basculegion|1
|-damage|p2b: Basculegion|0 fnt
|faint|p2b: Basculegion
|
|-weather|none
|upkeep
|turn|6
|inactive|Spoon67 has 30 seconds left.
|
|t:|1786131375
|move|p1b: Charizard|Heat Wave|p2a: Torkoal
|-resisted|p2a: Torkoal|1
|-damage|p2a: Torkoal|18/100
|move|p1a: Basculegion|Last Respects|p2a: Torkoal
|-damage|p2a: Torkoal|0 fnt
|faint|p2a: Torkoal
|-damage|p1a: Basculegion|90/100|[from] item: Life Orb
|
|win|testingqueen001
||testingqueen001 is ready for game 2.
|inactive|Spoon67 has 30 seconds to confirm battle start!
|inactive|Spoon67 has 20 seconds to confirm battle start!
||Spoon67 is ready for game 2.
|uhtml|next|Next: Game 2 of 3
|l|☆testingqueen001
|player|p1|
