|j|☆hastalnabo
|j|☆liamvgc1
|html|hastalnaboliamvgc1    
|uhtml|bestof|Game 2 of a best-of-3
|t:|1757862201
|gametype|doubles
|player|p1|hastalnabo|266|1345
|player|p2|liamvgc1|unknown|1414
|gen|9
|tier|[Gen 9] VGC 2025 Reg H (Bo3)
|rated|
|rule|Species Clause: Limit one of each Pokémon
|rule|Item Clause: Limit 1 of each item
|clearpoke
|poke|p1|Volcarona, L50, F|
|poke|p1|Tauros-Paldea-Aqua, L50, M|
|poke|p1|Rillaboom, L50, M|
|poke|p1|Ninetales-Alola, L50, F|
|poke|p1|Glimmora, L50, M|
|poke|p1|Kingambit, L50, F|
|poke|p2|Incineroar, L50, M|
|poke|p2|Gholdengo, L50|
|poke|p2|Whimsicott, L50, M|
|poke|p2|Dragonite, L50, M|
|poke|p2|Garchomp, L50, F|
|poke|p2|Sneasler, L50, F|
|teampreview|4
|showteam|p1|Volcarona||Leftovers|FlameBody|Protect,QuiverDance,HeatWave,GigaDrain|||F|||50|,,,,,Grass]Tauros-Paldea-Aqua||ChoiceBand|Intimidate|AquaJet,WaveCrash,CloseCombat,RockSlide|||M|||50|,,,,,Water]Rillaboom||AssaultVest|GrassySurge|FakeOut,Uturn,GrassyGlide,WoodHammer|||M|||50|,,,,,Fire]Ninetales-Alola||CovertCloak|SnowWarning|Protect,AuroraVeil,Encore,Blizzard|||F|||50|,,,,,Water]Glimmora||PowerHerb|ToxicDebris|SpikyShield,MeteorBeam,SludgeBomb,EarthPower|||M|||50|,,,,,Grass]Kingambit||BlackGlasses|Defiant|Protect,SwordsDance,SuckerPunch,KowtowCleave|||F|||50|,,,,,Ghost
|showteam|p2|Incineroar||AssaultVest|Intimidate|FakeOut,KnockOff,FlareBlitz,Uturn|||M|||50|,,,,,Ghost]Gholdengo||ChoiceSpecs|GoodasGold|MakeItRain,ShadowBall,PowerGem,Trick||||||50|,,,,,Steel]Whimsicott||FocusSash|Prankster|Tailwind,Encore,Protect,Moonblast|||M|||50|,,,,,Ghost]Dragonite||ChoiceBand|InnerFocus|Outrage,StompingTantrum,ExtremeSpeed,IceSpinner|||M|||50|,,,,,Normal]Garchomp||LifeOrb|RoughSkin|Earthquake,StompingTantrum,DragonClaw,Protect|||F|||50|,,,,,Ground]Sneasler||WhiteHerb|Unburden|FakeOut,DireClaw,CloseCombat,Protect|||F|||50|,,,,,Stellar
|inactive|Battle timer is ON: inactive players will automatically lose when time's up. (requested by liamvgc1)
|j| Knightlink761
|inactive|hastalnabo has 60 seconds left.
|
|t:|1757862235
|teamsize|p1|4
|teamsize|p2|4
|start
|switch|p1a: Tauros|Tauros-Paldea-Aqua, L50, M|100/100
|switch|p1b: Volcarona|Volcarona, L50, F|100/100
|switch|p2a: Sneasler|Sneasler, L50, F|100/100
|switch|p2b: Dragonite|Dragonite, L50, M|100/100
|-ability|p1a: Tauros|Intimidate|boost
|-unboost|p2a: Sneasler|atk|1
|-fail|p2b: Dragonite|unboost|Attack|[from] ability: Inner Focus|[of] p2b: Dragonite
|-enditem|p2a: Sneasler|White Herb
|-clearnegativeboost|p2a: Sneasler|[silent]
|turn|1
|
|t:|1757862249
|switch|p1a: Glimmora|Glimmora, L50, M|100/100
|move|p1b: Volcarona|Protect|p1b: Volcarona
|-singleturn|p1b: Volcarona|Protect
|move|p2a: Sneasler|Fake Out|p1a: Glimmora
|-resisted|p1a: Glimmora
|-damage|p1a: Glimmora|90/100
|-activate|p1a: Glimmora|ability: Toxic Debris
|-sidestart|p2: liamvgc1|move: Toxic Spikes
|move|p2b: Dragonite|Outrage|p1b: Volcarona
|-activate|p1b: Volcarona|move: Protect
|
|upkeep
|turn|2
|
|t:|1757862267
|switch|p1b: Tauros|Tauros-Paldea-Aqua, L50, M|100/100
|-ability|p1b: Tauros|Intimidate|boost
|-unboost|p2a: Sneasler|atk|1
|-fail|p2b: Dragonite|unboost|Attack|[from] ability: Inner Focus|[of] p2b: Dragonite
|-terastallize|p2a: Sneasler|Stellar
|move|p2a: Sneasler|Close Combat|p1a: Glimmora
|-damage|p1a: Glimmora|18/100
|-unboost|p2a: Sneasler|def|1
|-unboost|p2a: Sneasler|spd|1
|-activate|p1a: Glimmora|ability: Toxic Debris
|-sidestart|p2: liamvgc1|move: Toxic Spikes
|move|p1a: Glimmora|Meteor Beam||[still]
|-prepare|p1a: Glimmora|Meteor Beam
|-boost|p1a: Glimmora|spa|1
|-enditem|p1a: Glimmora|Power Herb
|-anim|p1a: Glimmora|Meteor Beam|p2b: Dragonite
|-supereffective|p2b: Dragonite
|-damage|p2b: Dragonite|0 fnt
|faint|p2b: Dragonite
|
|upkeep
|
|t:|1757862273
|switch|p2b: Garchomp|Garchomp, L50, F|100/100
|-status|p2b: Garchomp|tox
|turn|3
|inactive|hastalnabo has 30 seconds left.
|
|t:|1757862306
|switch|p2a: Incineroar|Incineroar, L50, M|100/100
|-status|p2a: Incineroar|tox
|-ability|p2a: Incineroar|Intimidate|boost
|-unboost|p1a: Glimmora|atk|1
|-unboost|p1b: Tauros|atk|1
|switch|p1b: Ninetales|Ninetales-Alola, L50, F|100/100
|-weather|Snowscape|[from] ability: Snow Warning|[of] p1b: Ninetales
|move|p1a: Glimmora|Spiky Shield|p1a: Glimmora
|-singleturn|p1a: Glimmora|move: Protect
|move|p2b: Garchomp|Dragon Claw|p1a: Glimmora
|-activate|p1a: Glimmora|move: Protect
|-damage|p2b: Garchomp|88/100 tox|[from] Spiky Shield|[of] p1a: Glimmora
|
|-weather|Snowscape|[upkeep]
|-damage|p2b: Garchomp|82/100 tox|[from] psn
|-damage|p2a: Incineroar|95/100 tox|[from] psn
|upkeep
|turn|4
|
|t:|1757862318
|switch|p1a: Tauros|Tauros-Paldea-Aqua, L50, M|100/100
|-ability|p1a: Tauros|Intimidate|boost
|-unboost|p2a: Incineroar|atk|1
|-unboost|p2b: Garchomp|atk|1
|move|p2a: Incineroar|Fake Out|p1b: Ninetales
|-crit|p1b: Ninetales
|-damage|p1b: Ninetales|83/100
|move|p1b: Ninetales|Aurora Veil|p1b: Ninetales
|-sidestart|p1: hastalnabo|move: Aurora Veil
|move|p2b: Garchomp|Dragon Claw|p1a: Tauros
|-damage|p1a: Tauros|74/100
|-damage|p2b: Garchomp|72/100 tox|[from] item: Life Orb
|
|-weather|Snowscape|[upkeep]
|-damage|p2b: Garchomp|60/100 tox|[from] psn
|-damage|p2a: Incineroar|83/100 tox|[from] psn
|upkeep
|turn|5
|
|t:|1757862340
|switch|p2b: Sneasler|Sneasler, L50, F, tera:Stellar|100/100
|-sideend|p2: liamvgc1|move: Toxic Spikes|[of] p2b: Sneasler
|move|p1b: Ninetales|Blizzard|p2a: Incineroar|[spread] p2a,p2b
|-resisted|p2a: Incineroar
|-damage|p2a: Incineroar|75/100 tox
|-damage|p2b: Sneasler|66/100
|move|p1a: Tauros|Wave Crash|p2a: Incineroar
|-supereffective|p2a: Incineroar
|-damage|p2a: Incineroar|0 fnt
|faint|p2a: Incineroar
|-damage|p1a: Tauros|45/100|[from] Recoil
|
|-weather|Snowscape|[upkeep]
|upkeep
|
|t:|1757862348
|switch|p2a: Garchomp|Garchomp, L50, F|60/100 tox
|turn|6
|
|t:|1757862361
|-terastallize|p1b: Ninetales|Water
|move|p2b: Sneasler|Dire Claw|p1b: Ninetales
|-damage|p1b: Ninetales|34/100
|move|p1b: Ninetales|Blizzard|p2a: Garchomp|[spread] p2a,p2b
|-supereffective|p2a: Garchomp
|-damage|p2a: Garchomp|0 fnt
|-damage|p2b: Sneasler|33/100
|faint|p2a: Garchomp
|move|p1a: Tauros|Wave Crash|p2b: Sneasler
|-damage|p2b: Sneasler|0 fnt
|faint|p2b: Sneasler
|-damage|p1a: Tauros|35/100|[from] Recoil
|
|win|hastalnabo
||liamvgc1 is ready for game 3.
||hastalnabo is ready for game 3.
|uhtml|next|Next: Game 3 of 3
|l| Knightlink761
|l|☆hastalnabo
|player|p1|
