|j|☆bighamsterbaseball
|j|☆bastic31
|html|bighamsterbaseballbastic31    
|uhtml|bestof|Game 2 of a best-of-3
|t:|1782239986
|gametype|doubles
|player|p1|bighamsterbaseball|pokemaniac|1094
|player|p2|bastic31|unknown|1047
|gen|9
|tier|[Gen 9 Champions] VGC 2026 Reg M-B (Bo3)
|rated|
|rule|Species Clause: Limit one of each Pokémon
|rule|Item Clause: Limit 1 of each item
|clearpoke
|poke|p1|Pyroar, L50, M|
|poke|p1|Scrafty, L50, F|
|poke|p1|Torkoal, L50, F|
|poke|p1|Venusaur, L50, M|
|poke|p1|Farigiraf, L50, M|
|poke|p1|Mamoswine, L50, F|
|poke|p2|Falinks, L50|
|poke|p2|Weavile, L50, M|
|poke|p2|Scizor, L50, F|
|poke|p2|Ceruledge, L50, M|
|poke|p2|Sceptile, L50, F|
|poke|p2|Rotom-Wash, L50|
|teampreview|4
|showteam|p1|Pyroar||Pyroarite|Rivalry|HeatWave,Overheat,Yawn,Protect|Timid||M|||50|]Scrafty||Scraftinite|Intimidate|FakeOut,DrainPunch,KnockOff,IcePunch|Adamant||F|||50|]Torkoal||HeatRock|Drought|Eruption,WeatherBall,HelpingHand,Protect|Quiet||F|||50|]Venusaur||LifeOrb|Chlorophyll|EnergyBall,SludgeBomb,EarthPower,Protect|Modest||M|||50|]Farigiraf||SitrusBerry|ArmorTail|Psychic,Thunderbolt,TrickRoom,Protect|Quiet||M|||50|]Mamoswine||FocusSash|Oblivious|IceShard,HighHorsepower,RockSlide,Protect|Adamant||F|||50|
|showteam|p2|Falinks||Falinksite|Defiant|NoRetreat,KnockOff,CloseCombat,Protect|Jolly|||||50|]Weavile||FocusSash|Pressure|FakeOut,KnockOff,BrickBreak,IceSpinner|Jolly||M|||50|]Scizor||ExpertBelt|Technician|BulletPunch,Tailwind,DualWingbeat,Protect|Adamant||F|||50|]Ceruledge||ChoiceScarf|FlashFire|BitterBlade,ShadowSneak,PhantomForce,ThroatChop|Adamant||M|||50|]Sceptile||Sceptilite|Overgrow|Protect,EarthPower,DragonPulse,EnergyBall|Timid||F|||50|]Rotom-Wash||SitrusBerry|Levitate|Discharge,HydroPump,VoltSwitch,WillOWisp|Timid|||||50|
|inactive|Battle timer is ON: inactive players will automatically lose when time's up. (requested by bastic31)
|inactive|bighamsterbaseball has 60 seconds left.
|
|t:|1782240031
|teamsize|p1|4
|teamsize|p2|4
|start
|switch|p1a: Pyroar|Pyroar, L50, M|100/100
|switch|p1b: Torkoal|Torkoal, L50, F|100/100
|switch|p2a: Ceruledge|Ceruledge, L50, M|100/100
|switch|p2b: Weavile|Weavile, L50, M|100/100
|-ability|p2b: Weavile|Pressure
|-weather|SunnyDay|[from] ability: Drought|[of] p1b: Torkoal
|turn|1
|inactive|bighamsterbaseball has 30 seconds left.
|
|t:|1782240057
|detailschange|p1a: Pyroar|Pyroar-Mega, L50, M
|-mega|p1a: Pyroar|Pyroar|Pyroarite
|move|p2a: Ceruledge|Bitter Blade|p1a: Pyroar
|-resisted|p1a: Pyroar|1
|-damage|p1a: Pyroar|54/100
|move|p2b: Weavile|Brick Break|p1a: Pyroar
|-supereffective|p1a: Pyroar|1
|-damage|p1a: Pyroar|2/100
|move|p1a: Pyroar|Yawn|p2a: Ceruledge
|-start|p2a: Ceruledge|move: Yawn|[of] p1a: Pyroar
|move|p1b: Torkoal|Eruption|p2b: Weavile|[spread] p2b
|-start|p2a: Ceruledge|ability: Flash Fire
|-supereffective|p2b: Weavile|1
|-enditem|p2b: Weavile|Focus Sash
|-damage|p2b: Weavile|1/100
|
|-weather|SunnyDay|[upkeep]
|upkeep
|turn|2
|inactive|bighamsterbaseball has 30 seconds left.
|
|t:|1782240085
|switch|p2b: Rotom|Rotom-Wash, L50|100/100
|move|p1a: Pyroar|Protect|p1a: Pyroar
|-singleturn|p1a: Pyroar|Protect
|move|p2a: Ceruledge|Bitter Blade|p1a: Pyroar
|-activate|p1a: Pyroar|move: Protect
|move|p1b: Torkoal|Eruption|p2b: Rotom|[spread] p2b
|-immune|p2a: Ceruledge|[from] ability: Flash Fire
|-resisted|p2b: Rotom|1
|-damage|p2b: Rotom|48/100
|-enditem|p2b: Rotom|Sitrus Berry|[eat]
|-heal|p2b: Rotom|72/100|[from] item: Sitrus Berry
|
|-weather|SunnyDay|[upkeep]
|-end|p2a: Ceruledge|move: Yawn|[silent]
|-status|p2a: Ceruledge|slp
|upkeep
|turn|3
|inactive|bighamsterbaseball has 30 seconds left.
|
|t:|1782240112
|switch|p1b: Venusaur|Venusaur, L50, M|100/100
|cant|p2a: Ceruledge|slp
|move|p1a: Pyroar|Overheat|p2b: Rotom
|-resisted|p2b: Rotom|1
|-damage|p2b: Rotom|0 fnt
|-unboost|p1a: Pyroar|spa|2
|faint|p2b: Rotom
|
|-weather|SunnyDay|[upkeep]
|upkeep
|
|t:|1782240119
|switch|p2b: Weavile|Weavile, L50, M|1/100
|-ability|p2b: Weavile|Pressure
|turn|4
|
|t:|1782240141
|switch|p1a: Mamoswine|Mamoswine, L50, F|100/100
|move|p1b: Venusaur|Protect|p1b: Venusaur
|-singleturn|p1b: Venusaur|Protect
|move|p2b: Weavile|Fake Out|p1b: Venusaur
|-activate|p1b: Venusaur|move: Protect
|-curestatus|p2a: Ceruledge|slp|[msg]
|move|p2a: Ceruledge|Bitter Blade|p1b: Venusaur
|-activate|p1b: Venusaur|move: Protect
|
|-weather|SunnyDay|[upkeep]
|upkeep
|turn|5
|
|t:|1782240162
|move|p1b: Venusaur|Sludge Bomb|p2b: Weavile
|-damage|p2b: Weavile|0 fnt
|faint|p2b: Weavile
|-damage|p1b: Venusaur|90/100|[from] item: Life Orb
|move|p2a: Ceruledge|Bitter Blade|p1b: Venusaur
|-supereffective|p1b: Venusaur|1
|-damage|p1b: Venusaur|0 fnt
|faint|p1b: Venusaur
|move|p1a: Mamoswine|High Horsepower|p2a: Ceruledge
|-supereffective|p2a: Ceruledge|1
|-damage|p2a: Ceruledge|0 fnt
|faint|p2a: Ceruledge
|
|-weather|SunnyDay|[upkeep]
|upkeep
|
|t:|1782240174
|switch|p2b: Falinks|Falinks, L50|100/100
|switch|p1b: Pyroar|Pyroar-Mega, L50, M|2/100
|turn|6
|
|t:|1782240180
|detailschange|p2b: Falinks|Falinks-Mega, L50
|-mega|p2b: Falinks|Falinks|Falinksite
|move|p1b: Pyroar|Overheat|p2b: Falinks
|-damage|p2b: Falinks|0 fnt
|-unboost|p1b: Pyroar|spa|2
|faint|p2b: Falinks
|
|win|bighamsterbaseball
|raw|bighamsterbaseball's rating: 1094 → 1116(+22 for winning)
|raw|bastic31's rating: 1047 → 1032(-15 for losing)
|l|☆bastic31
|player|p2|
