|j|☆Dike Guard
|j|☆abscondia_licorice
|html|Dike Guardabscondia_licorice    
|uhtml|bestof|Game 1 of a best-of-3
|t:|1785592666
|gametype|doubles
|player|p1|Dike Guard|266|1388
|player|p2|abscondia_licorice|fisherman|1196
|gen|9
|tier|[Gen 9 Champions] VGC 2026 Reg M-B (Bo3)
|rated|
|rule|Species Clause: Limit one of each Pokémon
|rule|Item Clause: Limit 1 of each item
|clearpoke
|poke|p1|Floette-Eternal, L50, F|
|poke|p1|Sneasler, L50, F|
|poke|p1|Incineroar, L50, F|
|poke|p1|Sinistcha, L50|
|poke|p1|Delphox, L50, M|
|poke|p1|Garchomp, L50, M|
|poke|p2|Tyranitar, L50, F|
|poke|p2|Excadrill, L50, M|
|poke|p2|Gholdengo, L50|
|poke|p2|Milotic, L50, M|
|poke|p2|Sinistcha, L50|
|poke|p2|Staraptor, L50, F|
|teampreview|4
|showteam|p1|Floette-Eternal||Floettite|FlowerVeil|DazzlingGleam,DrainingKiss,CalmMind,Protect|Timid||F|||50|]Sneasler||FocusSash|PoisonTouch|CloseCombat,PoisonJab,FakeOut,Protect|Jolly||F|||50|]Incineroar||SitrusBerry|Intimidate|FlareBlitz,DarkestLariat,PartingShot,FakeOut|Careful||F|||50|]Sinistcha||OccaBerry|Hospitality|MatchaGotcha,RagePowder,TrickRoom,Protect|Bold|||||50|]Delphox||Delphoxite|Blaze|HeatWave,Psyshock,NastyPlot,Protect|Modest||M|||50|]Garchomp||ChoiceScarf|RoughSkin|DragonClaw,StompingTantrum,Earthquake,RockSlide|Adamant||M|||50|
|showteam|p2|Tyranitar||Tyranitarite|SandStream|RockSlide,KnockOff,LowKick,Protect|Jolly||F|||50|]Excadrill||FocusSash|SandRush|HighHorsepower,IronHead,RockSlide,Protect|Adamant||M|||50|]Gholdengo||LifeOrb|GoodasGold|MakeItRain,ShadowBall,NastyPlot,Protect|Modest|||||50|]Milotic||SitrusBerry|Competitive|Scald,IceBeam,IcyWind,Protect|Calm||M|||50|]Sinistcha||ColburBerry|Hospitality|MatchaGotcha,ShadowBall,RagePowder,Protect|Bold|||||50|]Staraptor||Staraptite|Intimidate|BraveBird,CloseCombat,Tailwind,Protect|Jolly||F|||50|
|inactive|Battle timer is ON: inactive players will automatically lose when time's up. (requested by abscondia_licorice)
|inactive|abscondia_licorice has 60 seconds left.
|inactive|abscondia_licorice has 30 seconds left.
|inactive|abscondia_licorice has 20 seconds left.
|inactive|abscondia_licorice has 15 seconds left.
|inactive|abscondia_licorice has 10 seconds left.
|
|t:|1785592751
|teamsize|p1|4
|teamsize|p2|4
|start
|switch|p1a: Floette|Floette-Eternal, L50, F|100/100
|switch|p1b: Garchomp|Garchomp, L50, M|100/100
|switch|p2a: Staraptor|Staraptor, L50, F|100/100
|switch|p2b: Gholdengo|Gholdengo, L50|100/100
|-ability|p2a: Staraptor|Intimidate|boost
|-unboost|p1a: Floette|atk|1
|-unboost|p1b: Garchomp|atk|1
|turn|1
|inactive|abscondia_licorice has 30 seconds left.
|inactive|abscondia_licorice has 20 seconds left.
|inactive|abscondia_licorice has 15 seconds left.
|inactive|abscondia_licorice has 10 seconds left.
|
|t:|1785592797
|switch|p1a: Incineroar|Incineroar, L50, F|100/100
|-ability|p1a: Incineroar|Intimidate|boost
|-unboost|p2a: Staraptor|atk|1
|-unboost|p2b: Gholdengo|atk|1
|detailschange|p2a: Staraptor|Staraptor-Mega, L50, F
|-mega|p2a: Staraptor|Staraptor|Staraptite
|move|p2a: Staraptor|Protect|p2a: Staraptor
|-singleturn|p2a: Staraptor|Protect
|move|p1b: Garchomp|Stomping Tantrum|p2b: Gholdengo
|-supereffective|p2b: Gholdengo|1
|-damage|p2b: Gholdengo|39/100
|move|p2b: Gholdengo|Make It Rain|p1b: Garchomp|[spread] p1a,p1b
|-resisted|p1a: Incineroar|1
|-damage|p1a: Incineroar|76/100
|-damage|p1b: Garchomp|25/100
|-unboost|p2b: Gholdengo|spa|2
|-damage|p2b: Gholdengo|30/100|[from] item: Life Orb
|
|upkeep
|turn|2
|inactive|abscondia_licorice has 30 seconds left.
|
|t:|1785592830
|switch|p2b: Milotic|Milotic, L50, M|100/100
|move|p1a: Incineroar|Fake Out|p2a: Staraptor
|-damage|p2a: Staraptor|91/100
|move|p1b: Garchomp|Stomping Tantrum|p2b: Milotic
|-crit|p2b: Milotic
|-damage|p2b: Milotic|34/100
|-enditem|p2b: Milotic|Sitrus Berry|[eat]
|-heal|p2b: Milotic|58/100|[from] item: Sitrus Berry
|cant|p2a: Staraptor|flinch
|
|upkeep
|turn|3
|
|t:|1785592855
|switch|p1b: Sinistcha|Sinistcha, L50|100/100
|-heal|p1a: Incineroar|100/100|[from] ability: Hospitality|[of] p1b: Sinistcha
|switch|p1a: Floette|Floette-Eternal, L50, F|100/100
|move|p2a: Staraptor|Close Combat|p1a: Floette
|-resisted|p1a: Floette|1
|-damage|p1a: Floette|79/100
|-boost|p2a: Staraptor|def|1
|-boost|p2a: Staraptor|spd|1
|move|p2b: Milotic|Icy Wind|p1b: Sinistcha|[spread] p1a,p1b
|-supereffective|p1b: Sinistcha|1
|-damage|p1a: Floette|71/100
|-damage|p1b: Sinistcha|77/100
|-unboost|p1a: Floette|spe|1
|
|upkeep
|turn|4
|inactive|Dike Guard has 30 seconds left.
|inactive|abscondia_licorice has 30 seconds left.
|
|t:|1785592887
|detailschange|p1a: Floette|Floette-Mega, L50, F
|-mega|p1a: Floette|Floette|Floettite
|-ability|p1a: Floette|Fairy Aura
|move|p1b: Sinistcha|Protect|p1b: Sinistcha
|-singleturn|p1b: Sinistcha|Protect
|move|p2a: Staraptor|Brave Bird|p1b: Sinistcha
|-activate|p1b: Sinistcha|move: Protect
|move|p2b: Milotic|Icy Wind|p1b: Sinistcha|[spread] p1a
|-activate|p1b: Sinistcha|move: Protect
|-damage|p1a: Floette|63/100
|-unboost|p1a: Floette|spe|1
|move|p1a: Floette|Calm Mind|p1a: Floette
|-boost|p1a: Floette|spa|1
|-boost|p1a: Floette|spd|1
|
|upkeep
|turn|5
|inactive|Dike Guard has 30 seconds left.
|inactive|abscondia_licorice has 30 seconds left.
|inactive|abscondia_licorice has 20 seconds left.
|inactive|abscondia_licorice has 15 seconds left.
|
|t:|1785592927
|switch|p2a: Tyranitar|Tyranitar, L50, F|100/100
|-weather|Sandstorm|[from] ability: Sand Stream|[of] p2a: Tyranitar
|move|p2b: Milotic|Protect|p2b: Milotic
|-singleturn|p2b: Milotic|Protect
|move|p1b: Sinistcha|Rage Powder|p1b: Sinistcha
|-singleturn|p1b: Sinistcha|move: Rage Powder
|move|p1a: Floette|Dazzling Gleam|p2a: Tyranitar|[spread] p2a
|-activate|p2b: Milotic|move: Protect
|-supereffective|p2a: Tyranitar|1
|-damage|p2a: Tyranitar|14/100
|
|-weather|Sandstorm|[upkeep]
|-damage|p2b: Milotic|52/100|[from] Sandstorm
|-damage|p1b: Sinistcha|71/100|[from] Sandstorm
|-damage|p1a: Floette|57/100|[from] Sandstorm
|upkeep
|turn|6
|inactive|Dike Guard has 30 seconds left.
|
|t:|1785592953
|move|p1b: Sinistcha|Rage Powder|p1b: Sinistcha
|-singleturn|p1b: Sinistcha|move: Rage Powder
|move|p2a: Tyranitar|Rock Slide|p1b: Sinistcha|[spread] p1a,p1b
|-damage|p1a: Floette|32/100
|-damage|p1b: Sinistcha|45/100
|move|p2b: Milotic|Scald|p1b: Sinistcha
|-resisted|p1b: Sinistcha|1
|-damage|p1b: Sinistcha|29/100
|move|p1a: Floette|Draining Kiss|p2b: Milotic
|-damage|p2b: Milotic|15/100
|-heal|p1a: Floette|64/100|[from] drain|[of] p2b: Milotic
|
|-weather|Sandstorm|[upkeep]
|-damage|p2b: Milotic|9/100|[from] Sandstorm
|-damage|p1b: Sinistcha|23/100|[from] Sandstorm
|-damage|p1a: Floette|58/100|[from] Sandstorm
|upkeep
|turn|7
|inactive|Dike Guard has 30 seconds left.
|inactive|abscondia_licorice has 30 seconds left.
|inactive|Dike Guard has 20 seconds left.
|inactive|Dike Guard has 15 seconds left.
|
|t:|1785592995
|move|p1a: Floette|Protect|p1a: Floette
|-singleturn|p1a: Floette|Protect
|move|p2a: Tyranitar|Rock Slide|p1b: Sinistcha|[spread] p1b
|-activate|p1a: Floette|move: Protect
|-damage|p1b: Sinistcha|0 fnt
|faint|p1b: Sinistcha
|move|p2b: Milotic|Scald|p1a: Floette
|-activate|p1a: Floette|move: Protect
|
|-weather|Sandstorm|[upkeep]
|-damage|p2b: Milotic|3/100|[from] Sandstorm
|-damage|p1a: Floette|52/100|[from] Sandstorm
|upkeep
|
|t:|1785593003
|switch|p1b: Garchomp|Garchomp, L50, M|25/100
|turn|8
|inactive|Dike Guard has 30 seconds left.
|
|t:|1785593028
|switch|p2b: Staraptor|Staraptor-Mega, L50, F|91/100
|move|p1b: Garchomp|Rock Slide|p2a: Tyranitar|[spread] p2a,p2b
|-damage|p2a: Tyranitar|0 fnt
|-damage|p2b: Staraptor|72/100
|faint|p2a: Tyranitar
|move|p1a: Floette|Dazzling Gleam|p2b: Staraptor
|-supereffective|p2b: Staraptor|1
|-damage|p2b: Staraptor|0 fnt
|faint|p2b: Staraptor
|
|-weather|Sandstorm|[upkeep]
|-damage|p1a: Floette|46/100|[from] Sandstorm
|upkeep
|
|t:|1785593041
|switch|p2b: Milotic|Milotic, L50, M|3/100
|switch|p2a: Gholdengo|Gholdengo, L50|30/100
|turn|9
|
|t:|1785593052
|switch|p1b: Incineroar|Incineroar, L50, F|100/100
|-ability|p1b: Incineroar|Intimidate|boost
|-unboost|p2a: Gholdengo|atk|1
|-unboost|p2b: Milotic|atk|1
|-ability|p2b: Milotic|Competitive|boost
|-boost|p2b: Milotic|spa|2
|move|p2a: Gholdengo|Protect|p2a: Gholdengo
|-singleturn|p2a: Gholdengo|Protect
|move|p1a: Floette|Protect|p1a: Floette
|-singleturn|p1a: Floette|Protect
|move|p2b: Milotic|Ice Beam|p1b: Incineroar
|-resisted|p1b: Incineroar|1
|-damage|p1b: Incineroar|82/100
|
|-weather|none
|upkeep
|turn|10
|inactive|abscondia_licorice has 30 seconds left.
|inactive|abscondia_licorice has 20 seconds left.
|
|t:|1785593088
|move|p2a: Gholdengo|Make It Rain|p1a: Floette|[spread] p1a,p1b
|-supereffective|p1a: Floette|1
|-resisted|p1b: Incineroar|1
|-damage|p1a: Floette|0 fnt
|-damage|p1b: Incineroar|55/100
|-unboost|p2a: Gholdengo|spa|2
|faint|p1a: Floette
|-damage|p2a: Gholdengo|20/100y|[from] item: Life Orb
|move|p2b: Milotic|Scald|p1b: Incineroar
|-supereffective|p1b: Incineroar|1
|-damage|p1b: Incineroar|0 fnt
|faint|p1b: Incineroar
|
|upkeep
|
|t:|1785593093
|switch|p1a: Garchomp|Garchomp, L50, M|25/100
|turn|11
|inactive|abscondia_licorice has 30 seconds left.
|
|t:|1785593126
|move|p1a: Garchomp|Earthquake|p2a: Gholdengo|[spread] p2a,p2b
|-supereffective|p2a: Gholdengo|1
|-damage|p2a: Gholdengo|0 fnt
|-damage|p2b: Milotic|0 fnt
|faint|p2a: Gholdengo
|faint|p2b: Milotic
|
|win|Dike Guard
||Dike Guard is ready for game 2.
