|j|☆jiggyjagga
|j|☆cheesebiscuit12
|html|jiggyjaggacheesebiscuit12    
|uhtml|bestof|Game 2 of a best-of-3
|t:|1784611415
|gametype|doubles
|player|p1|jiggyjagga|102|
|player|p2|cheesebiscuit12|1|
|gen|9
|tier|[Gen 9 Champions] VGC 2026 Reg M-B (Bo3)
|rule|Species Clause: Limit one of each Pokémon
|rule|Item Clause: Limit 1 of each item
|clearpoke
|poke|p1|Floette-Eternal, L50, F|
|poke|p1|Incineroar, L50, M, shiny|
|poke|p1|Kingambit, L50, F, shiny|
|poke|p1|Gholdengo, L50, shiny|
|poke|p1|Wyrdeer, L50, M, shiny|
|poke|p1|Lucario, L50, F, shiny|
|poke|p2|Gardevoir, L50, F|
|poke|p2|Metagross, L50|
|poke|p2|Whimsicott, L50, F|
|poke|p2|Arcanine, L50, M|
|poke|p2|Golurk, L50|
|poke|p2|Garganacl, L50, F|
|teampreview|4
|showteam|p1|Floette-Eternal||Floettite|FlowerVeil|LightofRuin,DazzlingGleam,Moonblast,Protect|Modest||F|||50|]Incineroar||SitrusBerry|Intimidate|FakeOut,PartingShot,FlareBlitz,HelpingHand|Adamant||M|||50|]Kingambit||ChopleBerry|Defiant|KowtowCleave,IronHead,Protect,SuckerPunch|Adamant||F|||50|]Gholdengo||MetalCoat|GoodasGold|MakeItRain,ShadowBall,NastyPlot,Protect|Modest|||||50|]Wyrdeer||Leftovers|Intimidate|PsyshieldBash,TrickRoom,EarthPower,Protect|Sassy||M|||50|]Lucario||LifeOrb|InnerFocus|AuraSphere,VacuumWave,Detect,Coaching|Timid||F|||50|
|showteam|p2|Gardevoir||Gardevoirite|Telepathy|HyperVoice,Protect,Psyshock,TrickRoom|Timid||F|||50|]Metagross||ExpertBelt|ClearBody|MeteorMash,IcePunch,Earthquake,BulletPunch|Adamant|||||50|]Whimsicott||FocusSash|Prankster|Tailwind,Protect,BeatUp,Moonblast|Relaxed||F|||50|]Arcanine||Charcoal|Justified|FlareBlitz,ExtremeSpeed,CloseCombat,RagingFury|Hasty||M|||50|]Golurk||ColburBerry|NoGuard|StealthRock,Earthquake,Poltergeist,IcePunch|Adamant|||||50|]Garganacl||Leftovers|PurifyingSalt|StealthRock,SaltCure,Explosion,Protect|Impish||F|||50|
|
|t:|1784611468
|teamsize|p1|4
|teamsize|p2|4
|start
|switch|p1a: Incineroar|Incineroar, L50, M, shiny|100/100
|switch|p1b: Floette|Floette-Eternal, L50, F|100/100
|switch|p2a: Gardevoir|Gardevoir, L50, F|100/100
|switch|p2b: Golurk|Golurk, L50|100/100
|-ability|p1a: Incineroar|Intimidate|boost
|-unboost|p2a: Gardevoir|atk|1
|-unboost|p2b: Golurk|atk|1
|turn|1
|
|t:|1784611503
|detailschange|p1b: Floette|Floette-Mega, L50, F
|-mega|p1b: Floette|Floette|Floettite
|-ability|p1b: Floette|Fairy Aura
|move|p1a: Incineroar|Fake Out|p2a: Gardevoir
|-damage|p2a: Gardevoir|75/100
|move|p1b: Floette|Moonblast|p2b: Golurk
|-damage|p2b: Golurk|6/100
|cant|p2a: Gardevoir|flinch
|move|p2b: Golurk|Earthquake|p1b: Floette|[spread] p1a,p1b
|-activate|p2a: Gardevoir|ability: Telepathy
|-supereffective|p1a: Incineroar|1
|-damage|p1a: Incineroar|46/100
|-damage|p1b: Floette|66/100
|-enditem|p1a: Incineroar|Sitrus Berry|[eat]
|-heal|p1a: Incineroar|71/100|[from] item: Sitrus Berry
|
|upkeep
|turn|2
|
|t:|1784611530
|detailschange|p2a: Gardevoir|Gardevoir-Mega, L50, F
|-mega|p2a: Gardevoir|Gardevoir|Gardevoirite
|move|p2a: Gardevoir|Psyshock|p1b: Floette
|-damage|p1b: Floette|1/100
|move|p1b: Floette|Dazzling Gleam|p2a: Gardevoir|[spread] p2a,p2b
|-damage|p2a: Gardevoir|28/100
|-damage|p2b: Golurk|0 fnt
|faint|p2b: Golurk
|move|p1a: Incineroar|Parting Shot|p2a: Gardevoir
|-unboost|p2a: Gardevoir|atk|1
|-unboost|p2a: Gardevoir|spa|1
|
|t:|1784611545
|switch|p1a: Kingambit|Kingambit, L50, F, shiny|100/100|[from] Parting Shot
|
|upkeep
|
|t:|1784611557
|switch|p2b: Arcanine|Arcanine, L50, M|100/100
|turn|3
|
|t:|1784611587
|move|p1a: Kingambit|Sucker Punch|p2b: Arcanine
|-damage|p2b: Arcanine|40/100
|-ability|p2b: Arcanine|Justified|boost
|-boost|p2b: Arcanine|atk|1
|move|p2a: Gardevoir|Hyper Voice|p1b: Floette|[spread] p1a,p1b
|-damage|p1a: Kingambit|55/100
|-damage|p1b: Floette|0 fnt
|faint|p1b: Floette
|move|p2b: Arcanine|Flare Blitz|p1a: Kingambit
|-supereffective|p1a: Kingambit|1
|-damage|p1a: Kingambit|0 fnt
|faint|p1a: Kingambit
|-damage|p2b: Arcanine|16/100|[from] Recoil
|
|upkeep
|
|t:|1784611598
|switch|p1b: Lucario|Lucario, L50, F, shiny|100/100
|switch|p1a: Incineroar|Incineroar, L50, M, shiny|71/100
|-ability|p1a: Incineroar|Intimidate|boost
|-unboost|p2a: Gardevoir|atk|1
|-unboost|p2b: Arcanine|atk|1
|turn|4
|
|t:|1784611620
|move|p1a: Incineroar|Fake Out|p2a: Gardevoir
|-damage|p2a: Gardevoir|5/100
|move|p1b: Lucario|Vacuum Wave|p2b: Arcanine
|-damage|p2b: Arcanine|0 fnt
|faint|p2b: Arcanine
|-damage|p1b: Lucario|90/100|[from] item: Life Orb
|cant|p2a: Gardevoir|flinch
|
|upkeep
|
|t:|1784611630
|switch|p2b: Whimsicott|Whimsicott, L50, F|100/100
|turn|5
|
|t:|1784611650
|move|p2a: Gardevoir|Protect|p2a: Gardevoir
|-singleturn|p2a: Gardevoir|Protect
|move|p1b: Lucario|Detect|p1b: Lucario
|-singleturn|p1b: Lucario|Protect
|move|p2b: Whimsicott|Moonblast|p1a: Incineroar
|-damage|p1a: Incineroar|43/100
|move|p1a: Incineroar|Flare Blitz|p2b: Whimsicott
|-supereffective|p2b: Whimsicott|1
|-enditem|p2b: Whimsicott|Focus Sash
|-damage|p2b: Whimsicott|1/100
|-status|p2b: Whimsicott|brn
|-damage|p1a: Incineroar|15/100|[from] Recoil
|
|-damage|p2b: Whimsicott|0 fnt|[from] brn
|faint|p2b: Whimsicott
|upkeep
|turn|6
|
|t:|1784611674
|move|p1b: Lucario|Vacuum Wave|p2a: Gardevoir
|-resisted|p2a: Gardevoir|2
|-damage|p2a: Gardevoir|0 fnt
|faint|p2a: Gardevoir
|-damage|p1b: Lucario|80/100|[from] item: Life Orb
|
|win|jiggyjagga
|l|☆cheesebiscuit12
|player|p2|
