|j|☆ProtectThyKing34
|j|☆Oooo11
|html|ProtectThyKing34Oooo11    
|uhtml|bestof|Game 3 of a best-of-3
|t:|1784767861
|gametype|doubles
|player|p1|ProtectThyKing34|rocketgrunt|1104
|player|p2|Oooo11|169|1180
|gen|9
|tier|[Gen 9 Champions] VGC 2026 Reg M-B (Bo3)
|rated|
|rule|Species Clause: Limit one of each Pokémon
|rule|Item Clause: Limit 1 of each item
|clearpoke
|poke|p1|Delphox, L50, M|
|poke|p1|Incineroar, L50, M|
|poke|p1|Sneasler, L50, M|
|poke|p1|Sinistcha, L50|
|poke|p1|Kingambit, L50, F|
|poke|p1|Blastoise, L50, M|
|poke|p2|Charizard, L50, M|
|poke|p2|Garchomp, L50, F|
|poke|p2|Whimsicott, L50, M|
|poke|p2|Gardevoir, L50, M|
|poke|p2|Farigiraf, L50, F|
|poke|p2|Hydreigon, L50, F|
|teampreview|4
|showteam|p1|Delphox||Delphoxite|Blaze|NastyPlot,Protect,Psyshock,HeatWave|Timid||M|||50|]Incineroar||SitrusBerry|Intimidate|FakeOut,PartingShot,FlareBlitz,DarkestLariat|Impish||M|||50|]Sneasler||FocusSash|PoisonTouch|GunkShot,FakeOut,CloseCombat,QuickGuard|Jolly||M|||50|]Sinistcha||OccaBerry|Hospitality|MatchaGotcha,RagePowder,TrickRoom,Protect|Calm|||||50|]Kingambit||BlackGlasses|Defiant|SuckerPunch,KowtowCleave,LowKick,Protect|Adamant||F|||50|]Blastoise||Blastoisinite|RainDish|ShellSmash,WaterSpout,DarkPulse,Protect|Timid||M|||50|
|showteam|p2|Charizard||CharizarditeY|Blaze|SolarBeam,Protect,HeatWave,WeatherBall|Timid||M|||50|]Garchomp||LifeOrb|RoughSkin|Protect,Earthquake,DragonClaw,RockSlide|Jolly||F|||50|]Whimsicott||FocusSash|Prankster|Protect,Encore,Moonblast,Tailwind|Bold||M|||50|]Gardevoir||Gardevoirite|Trace|Protect,HyperVoice,Psyshock,AuraSphere|Modest||M|||50|]Farigiraf||SitrusBerry|ArmorTail|Protect,Psychic,Imprison,TrickRoom|Sassy||F|||50|]Hydreigon||ChoiceScarf|Levitate|Snarl,DracoMeteor,DragonPulse,DarkPulse|Timid||F|||50|
|inactive|Battle timer is ON: inactive players will automatically lose when time's up. (requested by Oooo11)
|
|t:|1784767893
|teamsize|p1|4
|teamsize|p2|4
|start
|switch|p1a: Delphox|Delphox, L50, M|100/100
|switch|p1b: Sneasler|Sneasler, L50, M|100/100
|switch|p2a: Garchomp|Garchomp, L50, F|100/100
|switch|p2b: Hydreigon|Hydreigon, L50, F|100/100
|turn|1
|
|t:|1784767917
|detailschange|p1a: Delphox|Delphox-Mega, L50, M
|-mega|p1a: Delphox|Delphox|Delphoxite
|move|p1a: Delphox|Protect|p1a: Delphox
|-singleturn|p1a: Delphox|Protect
|move|p2b: Hydreigon|Snarl|p1b: Sneasler|[spread] p1b
|-activate|p1a: Delphox|move: Protect
|-resisted|p1b: Sneasler|1
|-damage|p1b: Sneasler|86/100
|-unboost|p1b: Sneasler|spa|1
|move|p1b: Sneasler|Close Combat|p2b: Hydreigon
|-supereffective|p2b: Hydreigon|1
|-damage|p2b: Hydreigon|0 fnt
|-unboost|p1b: Sneasler|def|1
|-unboost|p1b: Sneasler|spd|1
|faint|p2b: Hydreigon
|move|p2a: Garchomp|Earthquake|p1b: Sneasler|[spread] p1b
|-activate|p1a: Delphox|move: Protect
|-supereffective|p1b: Sneasler|1
|-damage|p1b: Sneasler|0 fnt
|faint|p1b: Sneasler
|-damage|p2a: Garchomp|90/100|[from] item: Life Orb
|
|upkeep
|
|t:|1784767937
|switch|p1b: Incineroar|Incineroar, L50, M|100/100
|switch|p2b: Gardevoir|Gardevoir, L50, M|100/100
|-ability|p2b: Gardevoir|Intimidate|Trace|[from] ability: Trace|[of] p1b: Incineroar
|-ability|p2b: Gardevoir|Intimidate|boost
|-unboost|p1a: Delphox|atk|1
|-unboost|p1b: Incineroar|atk|1
|-ability|p1b: Incineroar|Intimidate|boost
|-unboost|p2a: Garchomp|atk|1
|-unboost|p2b: Gardevoir|atk|1
|turn|2
|inactive|ProtectThyKing34 has 30 seconds left.
|
|t:|1784767970
|switch|p1a: Kingambit|Kingambit, L50, F|100/100
|switch|p2a: Farigiraf|Farigiraf, L50, F|100/100
|detailschange|p2b: Gardevoir|Gardevoir-Mega, L50, M
|-mega|p2b: Gardevoir|Gardevoir|Gardevoirite
|move|p2b: Gardevoir|Psyshock|p1a: Kingambit
|-immune|p1a: Kingambit
|move|p1b: Incineroar|Parting Shot|p2a: Farigiraf
|-unboost|p2a: Farigiraf|atk|1
|-unboost|p2a: Farigiraf|spa|1
|
|t:|1784767979
|switch|p1b: Delphox|Delphox-Mega, L50, M|100/100|[from] Parting Shot
|
|upkeep
|turn|3
|inactive|Oooo11 has 30 seconds left.
|inactive|ProtectThyKing34 has 30 seconds left.
|
|t:|1784768017
|switch|p2a: Garchomp|Garchomp, L50, F|90/100
|move|p1b: Delphox|Heat Wave|p2a: Garchomp|[spread] p2a,p2b
|-resisted|p2a: Garchomp|1
|-damage|p2a: Garchomp|65/100
|-damage|p2b: Gardevoir|66/100
|move|p2b: Gardevoir|Psyshock|p1b: Delphox
|-resisted|p1b: Delphox|1
|-damage|p1b: Delphox|57/100
|move|p1a: Kingambit|Kowtow Cleave|p2a: Garchomp
|-damage|p2a: Garchomp|3/100
|-damage|p1a: Kingambit|87/100|[from] ability: Rough Skin|[of] p2a: Garchomp
|
|upkeep
|turn|4
|
|t:|1784768038
|move|p1b: Delphox|Protect|p1b: Delphox
|-singleturn|p1b: Delphox|Protect
|move|p2a: Garchomp|Protect|p2a: Garchomp
|-singleturn|p2a: Garchomp|Protect
|move|p1a: Kingambit|Protect|p1a: Kingambit
|-singleturn|p1a: Kingambit|Protect
|move|p2b: Gardevoir|Aura Sphere|p1a: Kingambit
|-activate|p1a: Kingambit|move: Protect
|
|upkeep
|turn|5
|
|t:|1784768049
|switch|p2a: Farigiraf|Farigiraf, L50, F|100/100
|move|p1a: Kingambit|Sucker Punch||[still]
|cant|p2a: Farigiraf|ability: Armor Tail|Sucker Punch|[of] p1a: Kingambit
|move|p1b: Delphox|Heat Wave|p2a: Farigiraf|[spread] p2b
|-miss|p1b: Delphox|p2a: Farigiraf
|-damage|p2b: Gardevoir|32/100
|-status|p2b: Gardevoir|brn
|move|p2b: Gardevoir|Aura Sphere|p1a: Kingambit
|-supereffective|p1a: Kingambit|2
|-damage|p1a: Kingambit|0 fnt
|faint|p1a: Kingambit
|
|-damage|p2b: Gardevoir|26/100 brn|[from] brn
|upkeep
|
|t:|1784768061
|switch|p1a: Incineroar|Incineroar, L50, M|100/100
|-ability|p1a: Incineroar|Intimidate|boost
|-unboost|p2a: Farigiraf|atk|1
|-unboost|p2b: Gardevoir|atk|1
|turn|6
|
|t:|1784768079
|move|p1b: Delphox|Heat Wave|p2b: Gardevoir|[spread] p2a,p2b
|-damage|p2a: Farigiraf|66/100
|-damage|p2b: Gardevoir|0 fnt
|-status|p2a: Farigiraf|brn
|faint|p2b: Gardevoir
|move|p1a: Incineroar|Darkest Lariat|p2a: Farigiraf
|-supereffective|p2a: Farigiraf|1
|-damage|p2a: Farigiraf|0 fnt
|faint|p2a: Farigiraf
|
|upkeep
|
|t:|1784768089
|switch|p2b: Garchomp|Garchomp, L50, F|3/100
|turn|7
|-message|Oooo11 forfeited.
|
|win|ProtectThyKing34
|raw|ProtectThyKing34's rating: 1104 → 1134(+30 for winning)
|raw|Oooo11's rating: 1180 → 1150(-30 for losing)
|l|☆Oooo11
|player|p2|
