|j|☆Pickle315
|j|☆okkoso
|html|Pickle315okkoso    
|uhtml|bestof|Game 2 of a best-of-3
|t:|1756957507
|gametype|doubles
|player|p1|Pickle315|hilbert|1096
|player|p2|okkoso|waiter-gen4dp|1000
|gen|9
|tier|[Gen 9] VGC 2025 Reg H (Bo3)
|rated|
|rule|Species Clause: Limit one of each Pokémon
|rule|Item Clause: Limit 1 of each item
|clearpoke
|poke|p1|Torkoal, L50, F|
|poke|p1|Amoonguss, L50, M|
|poke|p1|Charizard, L50, M|
|poke|p1|Kingambit, L50, F|
|poke|p1|Rillaboom, L50, M|
|poke|p1|Dragapult, L50, F|
|poke|p2|Incineroar, L50, F|
|poke|p2|Gholdengo, L50|
|poke|p2|Dragonite, L50, F|
|poke|p2|Amoonguss, L50, F|
|poke|p2|Ursaluna-Bloodmoon, L50, M|
|poke|p2|Sneasler, L50, M|
|teampreview|4
|showteam|p1|Torkoal||CovertCloak|Drought|BodyPress,ClearSmog,HelpingHand,WillOWisp|||F|||50|,,,,,Fighting]Amoonguss||RockyHelmet|Regenerator|PollenPuff,RagePowder,Spore,Synthesis|||M|||50|,,,,,Water]Charizard||LifeOrb|SolarPower|TeraBlast,HeatWave,Protect,SolarBeam|||M|||50|,,,,,Flying]Kingambit||AssaultVest|Defiant|KowtowCleave,IronHead,SuckerPunch,BrickBreak|||F|||50|,,,,,Ghost]Rillaboom||SitrusBerry|GrassySurge|HighHorsepower,GrassyGlide,SolarBlade,FakeOut|||M|||50|,,,,,Electric]Dragapult||ColburBerry|ClearBody|SunnyDay,Protect,DracoMeteor,Thunderbolt|||F|||50|,,,,,Steel
|showteam|p2|Incineroar||SafetyGoggles|Intimidate|FlareBlitz,KnockOff,PartingShot,FakeOut|||F|||50|,,,,,Ghost]Gholdengo||LifeOrb|GoodasGold|MakeItRain,ShadowBall,NastyPlot,Protect||||||50|,,,,,Water]Dragonite||LoadedDice|Multiscale|ScaleShot,Tailwind,Haze,Protect|||F|||50|,,,,,Fairy]Amoonguss||SitrusBerry|Regenerator|Spore,RagePowder,PollenPuff,Protect|||F|||50|,,,,,Psychic]Ursaluna-Bloodmoon||AssaultVest|MindsEye|HyperVoice,BloodMoon,EarthPower,VacuumWave|||M|||50|,,,,,Water]Sneasler||FocusSash|Unburden|CloseCombat,DireClaw,ThroatChop,Protect|||M|||50|,,,,,Stellar
|
|t:|1756957521
|teamsize|p1|4
|teamsize|p2|4
|start
|switch|p1a: Dragapult|Dragapult, L50, F|100/100
|switch|p1b: Kingambit|Kingambit, L50, F|100/100
|switch|p2a: Incineroar|Incineroar, L50, F|100/100
|switch|p2b: Gholdengo|Gholdengo, L50|100/100
|-ability|p2a: Incineroar|Intimidate|boost
|-fail|p1a: Dragapult|unboost|[from] ability: Clear Body|[of] p1a: Dragapult
|-unboost|p1b: Kingambit|atk|1
|-ability|p1b: Kingambit|Defiant|boost
|-boost|p1b: Kingambit|atk|2
|turn|1
|
|t:|1756957541
|-terastallize|p2b: Gholdengo|Water
|move|p2a: Incineroar|Fake Out|p1b: Kingambit
|-resisted|p1b: Kingambit
|-damage|p1b: Kingambit|97/100
|move|p1a: Dragapult|Thunderbolt|p2a: Incineroar
|-damage|p2a: Incineroar|84/100
|move|p2b: Gholdengo|Nasty Plot|p2b: Gholdengo
|-boost|p2b: Gholdengo|spa|2
|cant|p1b: Kingambit|flinch
|
|upkeep
|turn|2
|
|t:|1756957558
|move|p1b: Kingambit|Sucker Punch|p2b: Gholdengo
|-damage|p2b: Gholdengo|33/100
|move|p1a: Dragapult|Thunderbolt|p2b: Gholdengo
|-supereffective|p2b: Gholdengo
|-damage|p2b: Gholdengo|0 fnt
|faint|p2b: Gholdengo
|move|p2a: Incineroar|Flare Blitz|p1b: Kingambit
|-supereffective|p1b: Kingambit
|-damage|p1b: Kingambit|15/100
|-status|p1b: Kingambit|brn
|-damage|p2a: Incineroar|56/100|[from] Recoil
|
|-damage|p1b: Kingambit|9/100 brn|[from] brn
|upkeep
|
|t:|1756957569
|switch|p2b: Dragonite|Dragonite, L50, F|100/100
|turn|3
|
|t:|1756957582
|move|p1a: Dragapult|Protect|p1a: Dragapult
|-singleturn|p1a: Dragapult|Protect
|move|p1b: Kingambit|Sucker Punch||[still]
|-fail|p1b: Kingambit
|move|p2b: Dragonite|Haze|p2b: Dragonite
|-clearallboost
|move|p2a: Incineroar|Flare Blitz|p1b: Kingambit
|-supereffective|p1b: Kingambit
|-damage|p1b: Kingambit|0 fnt
|faint|p1b: Kingambit
|-damage|p2a: Incineroar|53/100|[from] Recoil
|
|upkeep
|
|t:|1756957595
|switch|p1b: Torkoal|Torkoal, L50, F|100/100
|-weather|SunnyDay|[from] ability: Drought|[of] p1b: Torkoal
|turn|4
|
|t:|1756957601
|switch|p1a: Charizard|Charizard, L50, M|100/100
|move|p2b: Dragonite|Scale Shot|p1a: Charizard
|-damage|p1a: Charizard|77/100
|-damage|p1a: Charizard|58/100
|-damage|p1a: Charizard|34/100
|-damage|p1a: Charizard|12/100
|-damage|p1a: Charizard|0 fnt
|faint|p1a: Charizard
|-hitcount|p1: Charizard|5
|-unboost|p2b: Dragonite|def|1
|-boost|p2b: Dragonite|spe|1
|move|p2a: Incineroar|Parting Shot|p1b: Torkoal
|-unboost|p1b: Torkoal|atk|1
|-unboost|p1b: Torkoal|spa|1
|
|t:|1756957621
|switch|p2a: Amoonguss|Amoonguss, L50, F|100/100|[from] Parting Shot
|move|p1b: Torkoal|Will-O-Wisp|p2b: Dragonite
|-status|p2b: Dragonite|brn
|
|-weather|SunnyDay|[upkeep]
|-damage|p2b: Dragonite|95/100 brn|[from] brn
|upkeep
|
|t:|1756957628
|switch|p1a: Dragapult|Dragapult, L50, F|100/100
|turn|5
|
|t:|1756957649
|switch|p2a: Incineroar|Incineroar, L50, F|53/100
|-ability|p2a: Incineroar|Intimidate|boost
|-fail|p1a: Dragapult|unboost|[from] ability: Clear Body|[of] p1a: Dragapult
|-unboost|p1b: Torkoal|atk|1
|move|p1b: Torkoal|Helping Hand|p1a: Dragapult
|-singleturn|p1a: Dragapult|Helping Hand|[of] p1b: Torkoal
|move|p2b: Dragonite|Scale Shot|p1a: Dragapult
|-supereffective|p1a: Dragapult
|-damage|p1a: Dragapult|87/100
|-supereffective|p1a: Dragapult
|-damage|p1a: Dragapult|72/100
|-supereffective|p1a: Dragapult
|-damage|p1a: Dragapult|59/100
|-supereffective|p1a: Dragapult
|-damage|p1a: Dragapult|47/100
|-hitcount|p1a: Dragapult|4
|-unboost|p2b: Dragonite|def|1
|-boost|p2b: Dragonite|spe|1
|move|p1a: Dragapult|Thunderbolt|p2b: Dragonite
|-damage|p2b: Dragonite|61/100 brn
|
|-weather|SunnyDay|[upkeep]
|-damage|p2b: Dragonite|55/100 brn|[from] brn
|upkeep
|turn|6
|
|t:|1756957674
|-terastallize|p1a: Dragapult|Steel
|move|p2b: Dragonite|Scale Shot|p1a: Dragapult
|-resisted|p1a: Dragapult
|-damage|p1a: Dragapult|44/100
|-resisted|p1a: Dragapult
|-crit|p1a: Dragapult
|-damage|p1a: Dragapult|38/100
|-resisted|p1a: Dragapult
|-damage|p1a: Dragapult|35/100
|-resisted|p1a: Dragapult
|-damage|p1a: Dragapult|32/100
|-hitcount|p1a: Dragapult|4
|-unboost|p2b: Dragonite|def|1
|-boost|p2b: Dragonite|spe|1
|move|p1a: Dragapult|Draco Meteor|p2a: Incineroar
|-damage|p2a: Incineroar|14/100
|-unboost|p1a: Dragapult|spa|2
|move|p2a: Incineroar|Knock Off|p1a: Dragapult
|-damage|p1a: Dragapult|0 fnt
|-enditem|p1a: Dragapult|Colbur Berry|[from] move: Knock Off|[of] p2a: Incineroar
|faint|p1a: Dragapult
|move|p1b: Torkoal|Body Press|p2b: Dragonite
|-resisted|p2b: Dragonite
|-damage|p2b: Dragonite|14/100 brn
|
|-weather|SunnyDay|[upkeep]
|-damage|p2b: Dragonite|8/100 brn|[from] brn
|upkeep
|turn|7
|
|t:|1756957707
|move|p2b: Dragonite|Scale Shot|p1b: Torkoal
|-damage|p1b: Torkoal|97/100
|-damage|p1b: Torkoal|92/100
|-damage|p1b: Torkoal|88/100
|-damage|p1b: Torkoal|84/100
|-hitcount|p1b: Torkoal|4
|-unboost|p2b: Dragonite|def|1
|-boost|p2b: Dragonite|spe|1
|move|p2a: Incineroar|Knock Off|p1b: Torkoal
|-damage|p1b: Torkoal|59/100
|-enditem|p1b: Torkoal|Covert Cloak|[from] move: Knock Off|[of] p2a: Incineroar
|move|p1b: Torkoal|Body Press|p2a: Incineroar
|-supereffective|p2a: Incineroar
|-damage|p2a: Incineroar|0 fnt
|faint|p2a: Incineroar
|
|-weather|SunnyDay|[upkeep]
|-damage|p2b: Dragonite|2/100 brn|[from] brn
|upkeep
|
|t:|1756957737
|switch|p2a: Amoonguss|Amoonguss, L50, F|100/100
|turn|8
|
|t:|1756957747
|move|p2b: Dragonite|Protect|p2b: Dragonite
|-singleturn|p2b: Dragonite|Protect
|move|p2a: Amoonguss|Spore|p1b: Torkoal
|-status|p1b: Torkoal|slp|[from] move: Spore
|cant|p1b: Torkoal|slp
|
|-weather|none
|-damage|p2b: Dragonite|0 fnt|[from] brn
|faint|p2b: Dragonite
|upkeep
|turn|9
|
|t:|1756957764
|move|p2a: Amoonguss|Rage Powder|p2a: Amoonguss
|-singleturn|p2a: Amoonguss|move: Rage Powder
|-curestatus|p1b: Torkoal|slp|[msg]
|move|p1b: Torkoal|Body Press|p2a: Amoonguss
|-resisted|p2a: Amoonguss
|-damage|p2a: Amoonguss|86/100
|
|upkeep
|turn|10
|
|t:|1756957770
|move|p2a: Amoonguss|Pollen Puff|p1b: Torkoal
|-resisted|p1b: Torkoal
|-damage|p1b: Torkoal|47/100
|move|p1b: Torkoal|Body Press|p2a: Amoonguss
|-resisted|p2a: Amoonguss
|-damage|p2a: Amoonguss|71/100
|
|upkeep
|turn|11
|
|t:|1756957781
|move|p2a: Amoonguss|Spore|p1b: Torkoal
|-status|p1b: Torkoal|slp|[from] move: Spore
|cant|p1b: Torkoal|slp
|
|upkeep
|turn|12
|
|t:|1756957789
|move|p2a: Amoonguss|Pollen Puff|p1b: Torkoal
|-resisted|p1b: Torkoal
|-damage|p1b: Torkoal|34/100 slp
|-curestatus|p1b: Torkoal|slp|[msg]
|move|p1b: Torkoal|Body Press|p2a: Amoonguss
|-resisted|p2a: Amoonguss
|-damage|p2a: Amoonguss|56/100
|
|upkeep
|turn|13
|
|t:|1756957798
|move|p2a: Amoonguss|Spore|p1b: Torkoal
|-status|p1b: Torkoal|slp|[from] move: Spore
|cant|p1b: Torkoal|slp
|
|upkeep
|turn|14
|
|t:|1756957806
|move|p2a: Amoonguss|Pollen Puff|p1b: Torkoal
|-resisted|p1b: Torkoal
|-damage|p1b: Torkoal|21/100 slp
|cant|p1b: Torkoal|slp
|
|upkeep
|turn|15
|
|t:|1756957814
|move|p2a: Amoonguss|Pollen Puff|p1b: Torkoal
|-resisted|p1b: Torkoal
|-damage|p1b: Torkoal|8/100 slp
|-curestatus|p1b: Torkoal|slp|[msg]
|move|p1b: Torkoal|Body Press|p2a: Amoonguss
|-resisted|p2a: Amoonguss
|-damage|p2a: Amoonguss|42/100
|-enditem|p2a: Amoonguss|Sitrus Berry|[eat]
|-heal|p2a: Amoonguss|67/100|[from] item: Sitrus Berry
|
|upkeep
|turn|16
|
|t:|1756957825
|move|p2a: Amoonguss|Spore|p1b: Torkoal
|-status|p1b: Torkoal|slp|[from] move: Spore
|cant|p1b: Torkoal|slp
|
|upkeep
|turn|17
|
|t:|1756957832
|move|p2a: Amoonguss|Pollen Puff|p1b: Torkoal
|-resisted|p1b: Torkoal
|-damage|p1b: Torkoal|0 fnt
|faint|p1b: Torkoal
|
|win|okkoso
||Pickle315 is ready for game 3.
||okkoso is ready for game 3.
|uhtml|next|Next: Game 3 of 3
