|j|☆bearlover997
|j|☆Akalaman
|html|bearlover997Akalaman    
|uhtml|bestof|Game 1 of a best-of-3
|t:|1783982424
|gametype|doubles
|player|p1|bearlover997|sage|1126
|player|p2|Akalaman|266|1049
|gen|9
|tier|[Gen 9 Champions] VGC 2026 Reg M-B (Bo3)
|rated|
|rule|Species Clause: Limit one of each Pokémon
|rule|Item Clause: Limit 1 of each item
|clearpoke
|poke|p1|Mamoswine, L50, F, shiny|
|poke|p1|Jolteon, L50, M, shiny|
|poke|p1|Eelektross, L50, M, shiny|
|poke|p1|Oranguru, L50, F|
|poke|p1|Whimsicott, L50, F|
|poke|p1|Incineroar, L50, F|
|poke|p2|Annihilape, L50, F|
|poke|p2|Tsareena, L50, F|
|poke|p2|Milotic, L50, F|
|poke|p2|Aerodactyl, L50, F|
|poke|p2|Glimmora, L50, F|
|poke|p2|Dragonite, L50, M|
|teampreview|4
|showteam|p1|Mamoswine||LifeOrb|Oblivious|IceShard,Earthquake,Protect,RockSlide|Adamant||F|||50|]Jolteon||FocusSash|VoltAbsorb|Yawn,Protect,Discharge,AlluringVoice|Timid||M|||50|]Eelektross||Eelektrossite|Levitate|Discharge,Protect,Flamethrower,GigaDrain|Modest||M|||50|]Oranguru||MentalHerb|Telepathy|TrickRoom,Instruct,Protect,PsychicNoise|Sassy||F|||50|]Whimsicott||Leftovers|Prankster|Encore,Tailwind,FakeTears,Moonblast|Bold||F|||50|]Incineroar||PasshoBerry|Intimidate|FakeOut,PartingShot,FlareBlitz,CloseCombat|Adamant||F|||50|
|showteam|p2|Annihilape||ChoiceScarf|Defiant|CloseCombat,ShadowClaw,IcePunch,RockSlide|Jolly||F|||50|]Tsareena||WideLens|QueenlyMajesty|PowerWhip,TripleAxel,Protect,LowKick|Adamant||F|||50|]Milotic||Leftovers|Competitive|Coil,Hypnosis,MuddyWater,IceBeam|Bold||F|||50|]Aerodactyl||FocusSash|Unnerve|Tailwind,RockSlide,Protect,DualWingbeat|Jolly||F|||50|]Glimmora||Glimmoranite|ToxicDebris|SludgeBomb,PowerGem,SpikyShield,EarthPower|Timid||F|||50|]Dragonite||Dragoninite|Multiscale|DracoMeteor,Thunder,Hurricane,Protect|Modest||M|||50|
|inactive|Battle timer is ON: inactive players will automatically lose when time's up. (requested by bearlover997)
|inactive|Akalaman has 60 seconds left.
|
|t:|1783982457
|teamsize|p1|4
|teamsize|p2|4
|start
|switch|p1a: Mamoswine|Mamoswine, L50, F, shiny|100/100
|switch|p1b: Jolteon|Jolteon, L50, M, shiny|100/100
|switch|p2a: Annihilape|Annihilape, L50, F|100/100
|switch|p2b: Glimmora|Glimmora, L50, F|100/100
|turn|1
|
|t:|1783982475
|move|p2b: Glimmora|Spiky Shield|p2b: Glimmora
|-singleturn|p2b: Glimmora|move: Protect
|move|p2a: Annihilape|Rock Slide|p1a: Mamoswine|[spread] p1a,p1b
|-damage|p1a: Mamoswine|84/100
|-damage|p1b: Jolteon|65/100
|cant|p1b: Jolteon|flinch
|cant|p1a: Mamoswine|flinch
|
|upkeep
|turn|2
|
|t:|1783982487
|switch|p1b: Oranguru|Oranguru, L50, F|100/100
|switch|p2b: Tsareena|Tsareena, L50, F|100/100
|move|p2a: Annihilape|Rock Slide|p1a: Mamoswine|[spread] p1a,p1b
|-damage|p1a: Mamoswine|68/100
|-damage|p1b: Oranguru|83/100
|move|p1a: Mamoswine|Earthquake|p2b: Tsareena|[spread] p2a,p2b
|-activate|p1b: Oranguru|ability: Telepathy
|-resisted|p2b: Tsareena|1
|-crit|p2b: Tsareena
|-damage|p2a: Annihilape|40/100
|-damage|p2b: Tsareena|54/100
|-damage|p1a: Mamoswine|58/100|[from] item: Life Orb
|
|upkeep
|turn|3
|
|t:|1783982504
|move|p1a: Mamoswine|Protect|p1a: Mamoswine
|-singleturn|p1a: Mamoswine|Protect
|move|p2a: Annihilape|Rock Slide|p1a: Mamoswine|[spread] 
|-activate|p1a: Mamoswine|move: Protect
|-miss|p2a: Annihilape|p1b: Oranguru
|move|p2b: Tsareena|Power Whip|p1b: Oranguru
|-damage|p1b: Oranguru|19/100
|move|p1b: Oranguru|Trick Room|p1b: Oranguru
|-fieldstart|move: Trick Room|[of] p1b: Oranguru
|
|upkeep
|turn|4
|
|t:|1783982525
|switch|p2a: Aerodactyl|Aerodactyl, L50, F|100/100
|-ability|p2a: Aerodactyl|Unnerve
|move|p1b: Oranguru|Psychic Noise|p2a: Aerodactyl
|-damage|p2a: Aerodactyl|63/100
|-start|p2a: Aerodactyl|move: Heal Block
|move|p1a: Mamoswine|Rock Slide|p2b: Tsareena|[spread] p2a,p2b
|-supereffective|p2a: Aerodactyl|1
|-damage|p2a: Aerodactyl|0 fnt
|-damage|p2b: Tsareena|24/100
|faint|p2a: Aerodactyl
|-damage|p1a: Mamoswine|49/100|[from] item: Life Orb
|cant|p2b: Tsareena|flinch
|
|upkeep
|
|t:|1783982536
|switch|p2a: Glimmora|Glimmora, L50, F|100/100
|turn|5
|
|t:|1783982548
|switch|p2b: Annihilape|Annihilape, L50, F|40/100
|move|p2a: Glimmora|Spiky Shield|p2a: Glimmora
|-singleturn|p2a: Glimmora|move: Protect
|move|p1b: Oranguru|Instruct|p1a: Mamoswine
|-singleturn|p1a: Mamoswine|move: Instruct|[of] p1b: Oranguru
|move|p1a: Mamoswine|Rock Slide|p2b: Annihilape|[spread] 
|-activate|p2a: Glimmora|move: Protect
|-miss|p1a: Mamoswine|p2b: Annihilape
|move|p1a: Mamoswine|Earthquake|p2a: Glimmora|[spread] p2b
|-activate|p2a: Glimmora|move: Protect
|-activate|p1b: Oranguru|ability: Telepathy
|-damage|p2b: Annihilape|0 fnt
|faint|p2b: Annihilape
|-damage|p1a: Mamoswine|39/100|[from] item: Life Orb
|
|upkeep
|c|☆Akalaman|mamoswine fucking slower than fucking tsareena you're a menace for society
|-message|Akalaman forfeited.
|
|win|bearlover997
