|j|☆HumanPlaysVGC
|j|☆milkandcereals
|html|HumanPlaysVGCmilkandcereals    
|uhtml|bestof|Game 1 of a best-of-3
|t:|1756497917
|gametype|doubles
|player|p1|HumanPlaysVGC|n-masters3|1026
|player|p2|milkandcereals|blue|1077
|gen|9
|tier|[Gen 9] VGC 2025 Reg H (Bo3)
|rated|
|rule|Species Clause: Limit one of each Pokémon
|rule|Item Clause: Limit 1 of each item
|clearpoke
|poke|p1|Weezing-Galar, L50, F|
|poke|p1|Toedscruel, L50, M|
|poke|p1|Corviknight, L50, F|
|poke|p1|Incineroar, L50, F|
|poke|p1|Garchomp, L50, M|
|poke|p1|Indeedee, L50, M|
|poke|p2|Porygon2, L50|
|poke|p2|Rillaboom, L50, M|
|poke|p2|Ursaluna, L50, F|
|poke|p2|Jumpluff, L50, F|
|poke|p2|Charizard, L50, M|
|poke|p2|Torkoal, L50, M|
|teampreview|4
|showteam|p1|Weezing-Galar||SitrusBerry|NeutralizingGas|DazzlingGleam,SludgeBomb,Protect,Taunt|||F|||50|,,,,,Grass]Toedscruel||CovertCloak|MyceliumMight|Spore,RagePowder,EarthPower,AcidSpray|||M|||50|,,,,,Water]Corviknight||RockyHelmet|MirrorArmor|Tailwind,BraveBird,Protect,Roost|||F|||50|,,,,,Dragon]Incineroar||AbilityShield|Intimidate|FakeOut,KnockOff,PartingShot,Taunt|||F|||50|,,,,,Ghost]Garchomp||LifeOrb|RoughSkin|DragonClaw,Earthquake,Protect,StompingTantrum|||M|||50|,,,,,Ground]Indeedee||FocusSash|PsychicSurge|ExpandingForce,DazzlingGleam,Protect,TrickRoom|||M|||50|,,,,,Psychic
|showteam|p2|Porygon2||Eviolite|Download|TeraBlast,IceBeam,TrickRoom,Recover||||||50|,,,,,Fighting]Rillaboom||AssaultVest|GrassySurge|FakeOut,GrassyGlide,WoodHammer,HighHorsepower|||M|||50|,,,,,Water]Ursaluna||FlameOrb|Guts|Protect,Facade,Earthquake,HeadlongRush|||F|||50|,,,,,Ghost]Jumpluff||CovertCloak|Chlorophyll|SleepPowder,SunnyDay,Tailwind,RagePowder|||F|||50|,,,,,Fire]Charizard||ChoiceSpecs|SolarPower|HeatWave,Overheat,WeatherBall,DragonPulse|||M|||50|,,,,,Ghost]Torkoal||EjectPack|Drought|Overheat,Eruption,HelpingHand,Protect|||M|||50|,,,,,Fire
|c|☆milkandcereals|glhf
|inactive|Battle timer is ON: inactive players will automatically lose when time's up. (requested by milkandcereals)
|c|☆HumanPlaysVGC|u2
|inactive|milkandcereals has 60 seconds left.
|inactive|milkandcereals has 30 seconds left.
|inactive|milkandcereals has 20 seconds left.
|inactive|milkandcereals has 15 seconds left.
|
|t:|1756498008
|teamsize|p1|4
|teamsize|p2|4
|start
|switch|p1a: Weezing|Weezing-Galar, L50, F|100/100
|switch|p1b: Toedscruel|Toedscruel, L50, M|100/100
|switch|p2a: Porygon2|Porygon2, L50|100/100
|switch|p2b: Rillaboom|Rillaboom, L50, M|100/100
|-ability|p1a: Weezing|Neutralizing Gas
|turn|1
|inactive|HumanPlaysVGC has 30 seconds left.
|inactive|HumanPlaysVGC has 20 seconds left.
|
|t:|1756498043
|switch|p2a: Jumpluff|Jumpluff, L50, F|100/100
|move|p1b: Toedscruel|Spore|p2a: Jumpluff
|-immune|p2a: Jumpluff
|move|p2b: Rillaboom|Wood Hammer|p1b: Toedscruel
|-damage|p1b: Toedscruel|23/100
|-damage|p2b: Rillaboom|78/100|[from] Recoil
|move|p1a: Weezing|Taunt|p2a: Jumpluff
|-start|p2a: Jumpluff|move: Taunt
|
|upkeep
|turn|2
|inactive|milkandcereals has 30 seconds left.
|inactive|milkandcereals has 20 seconds left.
|
|t:|1756498082
|-activate|p2a: Jumpluff|move: Struggle
|move|p2a: Jumpluff|Struggle|p1b: Toedscruel
|-damage|p1b: Toedscruel|17/100
|-damage|p2a: Jumpluff|76/100|[from] recoil
|move|p1b: Toedscruel|Spore|p2a: Jumpluff
|-immune|p2a: Jumpluff
|move|p2b: Rillaboom|Grassy Glide|p1b: Toedscruel
|-damage|p1b: Toedscruel|0 fnt
|faint|p1b: Toedscruel
|move|p1a: Weezing|Sludge Bomb|p2b: Rillaboom
|-supereffective|p2b: Rillaboom
|-damage|p2b: Rillaboom|38/100
|
|upkeep
|
|t:|1756498100
|switch|p1b: Corviknight|Corviknight, L50, F|100/100
|turn|3
|j| Arkhept
|inactive|milkandcereals has 30 seconds left.
|l| Arkhept
|
|t:|1756498131
|switch|p2a: Porygon2|Porygon2, L50|100/100
|switch|p2b: Ursaluna|Ursaluna, L50, F|100/100
|move|p1b: Corviknight|Brave Bird|p2b: Ursaluna
|-damage|p2b: Ursaluna|67/100
|-damage|p1b: Corviknight|89/100|[from] Recoil
|move|p1a: Weezing|Dazzling Gleam|p2a: Porygon2|[spread] p2a,p2b
|-damage|p2a: Porygon2|89/100
|-damage|p2b: Ursaluna|47/100
|
|-status|p2b: Ursaluna|brn|[from] item: Flame Orb
|upkeep
|turn|4
|inactive|HumanPlaysVGC has 30 seconds left.
|
|t:|1756498160
|move|p2b: Ursaluna|Protect|p2b: Ursaluna
|-singleturn|p2b: Ursaluna|Protect
|move|p1b: Corviknight|Tailwind|p1b: Corviknight
|-sidestart|p1: HumanPlaysVGC|move: Tailwind
|move|p1a: Weezing|Taunt|p2a: Porygon2
|-start|p2a: Porygon2|move: Taunt
|cant|p2a: Porygon2|move: Taunt|Trick Room
|
|-damage|p2b: Ursaluna|41/100 brn|[from] brn
|upkeep
|turn|5
|inactive|milkandcereals has 30 seconds left.
|inactive|milkandcereals has 20 seconds left.
|inactive|milkandcereals has 15 seconds left.
|
|t:|1756498200
|move|p1b: Corviknight|Brave Bird|p2b: Ursaluna
|-damage|p2b: Ursaluna|5/100 brn
|-damage|p1b: Corviknight|76/100|[from] Recoil
|move|p1a: Weezing|Dazzling Gleam|p2b: Ursaluna|[spread] p2a,p2b
|-damage|p2a: Porygon2|78/100
|-damage|p2b: Ursaluna|0 fnt
|faint|p2b: Ursaluna
|move|p2a: Porygon2|Ice Beam|p1b: Corviknight
|-damage|p1b: Corviknight|53/100
|
|upkeep
|
|t:|1756498214
|switch|p2b: Jumpluff|Jumpluff, L50, F|76/100
|turn|6
|inactive|milkandcereals has 30 seconds left.
|inactive|milkandcereals has 20 seconds left.
|inactive|milkandcereals has 15 seconds left.
|
|t:|1756498258
|-terastallize|p2b: Jumpluff|Fire
|-terastallize|p1a: Weezing|Grass
|move|p1b: Corviknight|Protect|p1b: Corviknight
|-singleturn|p1b: Corviknight|Protect
|move|p2b: Jumpluff|Rage Powder|p2b: Jumpluff
|-singleturn|p2b: Jumpluff|move: Rage Powder
|move|p1a: Weezing|Taunt|p2b: Jumpluff
|-start|p2b: Jumpluff|move: Taunt
|move|p2a: Porygon2|Tera Blast|p1a: Weezing
|-damage|p1a: Weezing|60/100
|
|-end|p2a: Porygon2|move: Taunt
|upkeep
|turn|7
|inactive|milkandcereals has 30 seconds left.
|
|t:|1756498284
|switch|p2b: Rillaboom|Rillaboom, L50, M|38/100
|move|p1b: Corviknight|Brave Bird|p2b: Rillaboom
|-supereffective|p2b: Rillaboom
|-damage|p2b: Rillaboom|0 fnt
|faint|p2b: Rillaboom
|-damage|p1b: Corviknight|40/100|[from] Recoil
|move|p1a: Weezing|Taunt|p2a: Porygon2
|-start|p2a: Porygon2|move: Taunt
|move|p2a: Porygon2|Ice Beam|p1a: Weezing
|-supereffective|p1a: Weezing
|-damage|p1a: Weezing|8/100
|-enditem|p1a: Weezing|Sitrus Berry|[eat]
|-heal|p1a: Weezing|33/100|[from] item: Sitrus Berry
|
|-sideend|p1: HumanPlaysVGC|move: Tailwind
|upkeep
|
|t:|1756498296
|switch|p2b: Jumpluff|Jumpluff, L50, F, tera:Fire|76/100
|turn|8
|inactive|milkandcereals has 30 seconds left.
|
|t:|1756498328
|move|p2b: Jumpluff|Sleep Powder|p1b: Corviknight
|-status|p1b: Corviknight|slp|[from] move: Sleep Powder
|cant|p1b: Corviknight|slp
|move|p2a: Porygon2|Ice Beam|p1a: Weezing
|-supereffective|p1a: Weezing
|-damage|p1a: Weezing|0 fnt
|faint|p1a: Weezing
|-end|p1a: Weezing|ability: Neutralizing Gas
|-ability|p2a: Porygon2|Download|boost
|-boost|p2a: Porygon2|spa|1
|
|upkeep
|inactive|HumanPlaysVGC has 30 seconds left.
|
|t:|1756498356
|switch|p1a: Garchomp|Garchomp, L50, M|100/100
|turn|9
|inactive|milkandcereals has 30 seconds left.
|
|t:|1756498387
|move|p2b: Jumpluff|Tailwind|p2b: Jumpluff
|-sidestart|p2: milkandcereals|move: Tailwind
|move|p2a: Porygon2|Ice Beam|p1a: Garchomp
|-supereffective|p1a: Garchomp
|-damage|p1a: Garchomp|0 fnt
|faint|p1a: Garchomp
|cant|p1b: Corviknight|slp
|
|-end|p2a: Porygon2|move: Taunt
|upkeep
|turn|10
|
|t:|1756498398
|move|p2b: Jumpluff|Sleep Powder|p1b: Corviknight|[miss]
|-miss|p2b: Jumpluff|p1b: Corviknight
|move|p2a: Porygon2|Ice Beam|p1b: Corviknight
|-damage|p1b: Corviknight|7/100 slp
|cant|p1b: Corviknight|slp
|
|upkeep
|turn|11
|
|t:|1756498407
|move|p2b: Jumpluff|Rage Powder|p2b: Jumpluff
|-singleturn|p2b: Jumpluff|move: Rage Powder
|move|p2a: Porygon2|Ice Beam|p1b: Corviknight
|-damage|p1b: Corviknight|0 fnt
|faint|p1b: Corviknight
|
|win|milkandcereals
