|j|☆NutsToButts67
|j|☆FreezyPop439
|html|NutsToButts67FreezyPop439    
|uhtml|bestof|Game 2 of a best-of-3
|t:|1782228950
|gametype|doubles
|player|p1|NutsToButts67|2|1072
|player|p2|FreezyPop439|collector|1154
|gen|9
|tier|[Gen 9 Champions] VGC 2026 Reg M-B (Bo3)
|rated|
|rule|Species Clause: Limit one of each Pokémon
|rule|Item Clause: Limit 1 of each item
|clearpoke
|poke|p1|Venusaur, L50, F|
|poke|p1|Raichu-Alola, L50, F|
|poke|p1|Falinks, L50|
|poke|p1|Sylveon, L50, M|
|poke|p1|Archaludon, L50, M|
|poke|p1|Corviknight, L50, M|
|poke|p2|Garchomp, L50, M|
|poke|p2|Staraptor, L50, F|
|poke|p2|Grimmsnarl, L50, M|
|poke|p2|Gholdengo, L50|
|poke|p2|Maushold-Four, L50|
|poke|p2|Volcarona, L50, M|
|teampreview|4
|showteam|p1|Venusaur||FocusSash|Chlorophyll|SleepPowder,SludgeBomb,GigaDrain,Protect|Modest||F|||50|]Raichu-Alola||SitrusBerry|SurgeSurfer|FakeOut,Thunderbolt,Encore,Protect|Timid||F|||50|]Falinks||Falinksite|Defiant|NoRetreat,CloseCombat,HighHorsepower,Protect|Impish|||||50|]Sylveon||ExpertBelt|Pixilate|HyperVoice,CalmMind,ShadowBall,Protect|Modest||M|||50|]Archaludon||Leftovers|Stamina|FlashCannon,DracoMeteor,Thunderbolt,DragonTail|Careful||M|||50|]Corviknight||MentalHerb|Pressure|Tailwind,BraveBird,IronHead,Roost|Bold||M|||50|
|showteam|p2|Garchomp||LifeOrb|RoughSkin|Earthquake,DragonClaw,RockSlide,Protect|Jolly||M|||50|]Staraptor||Staraptite|Intimidate|BraveBird,CloseCombat,Roost,Protect|Jolly||F|||50|]Grimmsnarl||LightClay|Prankster|SpiritBreak,LightScreen,Reflect,PartingShot|Careful||M|||50|]Gholdengo||MetalCoat|GoodasGold|MakeItRain,ShadowBall,NastyPlot,Protect|Modest|||||50|]Maushold-Four||FocusSash|FriendGuard|FollowMe,Charm,SuperFang,Protect|Jolly|||||50|]Volcarona||ChartiBerry|FlameBody|HeatWave,StruggleBug,RagePowder,Tailwind|Timid||M|||50|
|
|t:|1782228996
|teamsize|p1|4
|teamsize|p2|4
|start
|switch|p1a: Falinks|Falinks, L50|100/100
|switch|p1b: Sylveon|Sylveon, L50, M|100/100
|switch|p2a: Volcarona|Volcarona, L50, M|100/100
|switch|p2b: Gholdengo|Gholdengo, L50|100/100
|turn|1
|
|t:|1782229009
|detailschange|p1a: Falinks|Falinks-Mega, L50
|-mega|p1a: Falinks|Falinks|Falinksite
|move|p1b: Sylveon|Protect|p1b: Sylveon
|-singleturn|p1b: Sylveon|Protect
|move|p2a: Volcarona|Heat Wave|p1b: Sylveon|[spread] p1a
|-activate|p1b: Sylveon|move: Protect
|-damage|p1a: Falinks|49/100
|move|p1a: Falinks|No Retreat|p1a: Falinks
|-boost|p1a: Falinks|atk|1
|-boost|p1a: Falinks|def|1
|-boost|p1a: Falinks|spa|1
|-boost|p1a: Falinks|spd|1
|-boost|p1a: Falinks|spe|1
|-start|p1a: Falinks|move: No Retreat
|move|p2b: Gholdengo|Nasty Plot|p2b: Gholdengo
|-boost|p2b: Gholdengo|spa|2
|
|upkeep
|turn|2
|
|t:|1782229044
|move|p2b: Gholdengo|Protect|p2b: Gholdengo
|-singleturn|p2b: Gholdengo|Protect
|move|p1a: Falinks|High Horsepower|p2b: Gholdengo
|-activate|p2b: Gholdengo|move: Protect
|move|p2a: Volcarona|Tailwind|p2a: Volcarona
|-sidestart|p2: FreezyPop439|move: Tailwind
|move|p1b: Sylveon|Hyper Voice|p2a: Volcarona|[spread] p2a
|-activate|p2b: Gholdengo|move: Protect
|-resisted|p2a: Volcarona|1
|-damage|p2a: Volcarona|80/100
|
|upkeep
|turn|3
|
|t:|1782229073
|move|p1b: Sylveon|Protect|p1b: Sylveon
|-singleturn|p1b: Sylveon|Protect
|move|p2a: Volcarona|Heat Wave|p1a: Falinks|[spread] p1a
|-activate|p1b: Sylveon|move: Protect
|-damage|p1a: Falinks|19/100
|move|p2b: Gholdengo|Shadow Ball|p1a: Falinks
|-damage|p1a: Falinks|0 fnt
|faint|p1a: Falinks
|
|upkeep
|
|t:|1782229086
|switch|p1a: Venusaur|Venusaur, L50, F|100/100
|turn|4
|
|t:|1782229097
|move|p2a: Volcarona|Heat Wave|p1b: Sylveon|[spread] p1a
|-miss|p2a: Volcarona|p1b: Sylveon
|-supereffective|p1a: Venusaur|1
|-damage|p1a: Venusaur|33/100
|move|p2b: Gholdengo|Make It Rain|p1b: Sylveon|[spread] p1a,p1b
|-supereffective|p1b: Sylveon|1
|-damage|p1a: Venusaur|0 fnt
|-damage|p1b: Sylveon|0 fnt
|-unboost|p2b: Gholdengo|spa|2
|faint|p1a: Venusaur
|faint|p1b: Sylveon
|
|upkeep
|
|t:|1782229109
|switch|p1b: Corviknight|Corviknight, L50, M|100/100
|-ability|p1b: Corviknight|Pressure
|turn|5
|
|t:|1782229115
|move|p2a: Volcarona|Heat Wave|p1b: Corviknight
|-supereffective|p1b: Corviknight|1
|-damage|p1b: Corviknight|12/100
|move|p2b: Gholdengo|Nasty Plot|p2b: Gholdengo
|-boost|p2b: Gholdengo|spa|2
|move|p1b: Corviknight|Brave Bird|p2a: Volcarona
|-supereffective|p2a: Volcarona|1
|-damage|p2a: Volcarona|0 fnt
|faint|p2a: Volcarona
|-damage|p1b: Corviknight|0 fnt|[from] Recoil
|faint|p1b: Corviknight
|
|win|FreezyPop439
