|j|☆guyee
|j|☆trangquynhva
|html|guyeetrangquynhva    
|uhtml|bestof|Game 2 of a best-of-3
|t:|1782269383
|gametype|doubles
|player|p1|guyee|266|1062
|player|p2|trangquynhva|266|1038
|gen|9
|tier|[Gen 9 Champions] VGC 2026 Reg M-B (Bo3)
|rated|
|rule|Species Clause: Limit one of each Pokémon
|rule|Item Clause: Limit 1 of each item
|clearpoke
|poke|p1|Archaludon, L50, F|
|poke|p1|Basculegion, L50, M, shiny|
|poke|p1|Sneasler, L50, M|
|poke|p1|Incineroar, L50, M, shiny|
|poke|p1|Pelipper, L50, M|
|poke|p1|Starmie, L50|
|poke|p2|Whimsicott, L50, M|
|poke|p2|Staraptor, L50, F|
|poke|p2|Incineroar, L50, M|
|poke|p2|Ditto, L50|
|poke|p2|Grimmsnarl, L50, M|
|poke|p2|Gengar, L50, M|
|teampreview|4
|showteam|p1|Archaludon||Leftovers|Stamina|Thunder,DragonPulse,FlashCannon,Protect|Modest||F|||50|]Basculegion||LifeOrb|SwiftSwim|FlipTurn,WaveCrash,LastRespects,Protect|Adamant||M|||50|]Sneasler||FocusSash|PoisonTouch|Uturn,CloseCombat,DireClaw,LashOut|Adamant||M|||50|]Incineroar||SitrusBerry|Intimidate|Taunt,FlareBlitz,FakeOut,PartingShot|Adamant||M|||50|]Pelipper||MentalHerb|Drizzle|ChillingWater,HelpingHand,Tailwind,WideGuard|Bold||M|||50|]Starmie||Starminite|Illuminate|Protect,Psychic,IceBeam,Surf|Timid|||||50|
|showteam|p2|Whimsicott||FocusSash|Prankster|Tailwind,Moonblast,Tickle,Memento|Rash||M|||50|]Staraptor||Staraptite|Intimidate|CloseCombat,Roost,Facade,Uturn|Naughty||F|||50|]Incineroar||Leftovers|Intimidate|PartingShot,DarkestLariat,FakeOut,Protect|Relaxed||M|||50|]Ditto|||Limber|Transform|Serious|||||50|]Grimmsnarl||SitrusBerry|Prankster|Reflect,LightScreen,SpiritBreak,ScaryFace|Impish||M|||50|]Gengar||Gengarite|CursedBody|ShadowClaw,PerishSong,DestinyBond,Protect|Mild||M|||50|
|
|t:|1782269405
|teamsize|p1|4
|teamsize|p2|4
|start
|switch|p1a: Pelipper|Pelipper, L50, M|100/100
|switch|p1b: Basculegion|Basculegion, L50, M, shiny|100/100
|switch|p2a: Incineroar|Incineroar, L50, M|100/100
|switch|p2b: Staraptor|Staraptor, L50, F|100/100
|-ability|p2b: Staraptor|Intimidate|boost
|-unboost|p1a: Pelipper|atk|1
|-unboost|p1b: Basculegion|atk|1
|-weather|RainDance|[from] ability: Drizzle|[of] p1a: Pelipper
|-ability|p2a: Incineroar|Intimidate|boost
|-unboost|p1a: Pelipper|atk|1
|-unboost|p1b: Basculegion|atk|1
|turn|1
|
|t:|1782269445
|detailschange|p2b: Staraptor|Staraptor-Mega, L50, F
|-mega|p2b: Staraptor|Staraptor|Staraptite
|move|p1b: Basculegion|Flip Turn|p2a: Incineroar
|-supereffective|p2a: Incineroar|1
|-damage|p2a: Incineroar|52/100
|-damage|p1b: Basculegion|90/100|[from] item: Life Orb
|
|t:|1782269454
|switch|p1b: Archaludon|Archaludon, L50, F|100/100|[from] Flip Turn
|move|p2b: Staraptor|Close Combat|p1a: Pelipper
|-resisted|p1a: Pelipper|1
|-damage|p1a: Pelipper|73/100
|-boost|p2b: Staraptor|def|1
|-boost|p2b: Staraptor|spd|1
|move|p1a: Pelipper|Tailwind|p1a: Pelipper
|-sidestart|p1: guyee|move: Tailwind
|move|p2a: Incineroar|Parting Shot|p2b: Staraptor
|-boost|p2b: Staraptor|atk|1
|-boost|p2b: Staraptor|spa|1
|
|t:|1782269467
|switch|p2a: Grimmsnarl|Grimmsnarl, L50, M|100/100|[from] Parting Shot
|
|-weather|RainDance|[upkeep]
|upkeep
|turn|2
|
|t:|1782269492
|move|p1a: Pelipper|Helping Hand|p1b: Archaludon
|-singleturn|p1b: Archaludon|Helping Hand|[of] p1a: Pelipper
|move|p2a: Grimmsnarl|Scary Face|p2b: Staraptor
|-boost|p2b: Staraptor|spe|2
|move|p2b: Staraptor|Close Combat|p1b: Archaludon
|-supereffective|p1b: Archaludon|1
|-damage|p1b: Archaludon|0 fnt
|-boost|p2b: Staraptor|def|1
|-boost|p2b: Staraptor|spd|1
|faint|p1b: Archaludon
|
|-weather|RainDance|[upkeep]
|upkeep
|
|t:|1782269502
|switch|p1b: Basculegion|Basculegion, L50, M, shiny|90/100
|turn|3
|
|t:|1782269525
|move|p1a: Pelipper|Helping Hand|p1b: Basculegion
|-singleturn|p1b: Basculegion|Helping Hand|[of] p1a: Pelipper
|move|p2a: Grimmsnarl|Reflect|p2a: Grimmsnarl
|-sidestart|p2: trangquynhva|Reflect
|move|p1b: Basculegion|Wave Crash|p2b: Staraptor
|-damage|p2b: Staraptor|28/100
|-damage|p1b: Basculegion|70/100|[from] Recoil
|-damage|p1b: Basculegion|61/100|[from] item: Life Orb
|move|p2b: Staraptor|Close Combat|p1a: Pelipper
|-resisted|p1a: Pelipper|1
|-damage|p1a: Pelipper|34/100
|-boost|p2b: Staraptor|def|1
|-boost|p2b: Staraptor|spd|1
|
|-weather|RainDance|[upkeep]
|upkeep
|turn|4
|
|t:|1782269564
|move|p1a: Pelipper|Helping Hand|p1b: Basculegion
|-singleturn|p1b: Basculegion|Helping Hand|[of] p1a: Pelipper
|move|p2a: Grimmsnarl|Scary Face|p2b: Staraptor
|-boost|p2b: Staraptor|spe|2
|move|p2b: Staraptor|U-turn|p1a: Pelipper
|-resisted|p1a: Pelipper|1
|-damage|p1a: Pelipper|17/100
|
|t:|1782269574
|switch|p2b: Incineroar|Incineroar, L50, M|52/100|[from] U-turn
|-ability|p2b: Incineroar|Intimidate|boost
|-unboost|p1a: Pelipper|atk|1
|-unboost|p1b: Basculegion|atk|1
|move|p1b: Basculegion|Flip Turn|p2b: Incineroar
|-supereffective|p2b: Incineroar|1
|-damage|p2b: Incineroar|0 fnt
|faint|p2b: Incineroar
|-damage|p1b: Basculegion|51/100|[from] item: Life Orb
|
|t:|1782269584
|switch|p1b: Starmie|Starmie, L50|100/100|[from] Flip Turn
|
|-weather|RainDance|[upkeep]
|-sideend|p1: guyee|move: Tailwind
|upkeep
|
|t:|1782269590
|switch|p2b: Staraptor|Staraptor-Mega, L50, F|28/100
|turn|5
|
|t:|1782269602
|switch|p1a: Basculegion|Basculegion, L50, M, shiny|51/100
|detailschange|p1b: Starmie|Starmie-Mega, L50
|-mega|p1b: Starmie|Starmie|Starminite
|move|p2a: Grimmsnarl|Scary Face|p2b: Staraptor
|-boost|p2b: Staraptor|spe|2
|move|p2b: Staraptor|Roost|p2b: Staraptor
|-heal|p2b: Staraptor|78/100
|-singleturn|p2b: Staraptor|move: Roost
|move|p1b: Starmie|Ice Beam|p2b: Staraptor
|-damage|p2b: Staraptor|38/100
|
|-weather|none
|upkeep
|turn|6
|
|t:|1782269632
|move|p2a: Grimmsnarl|Light Screen|p2a: Grimmsnarl
|-sidestart|p2: trangquynhva|move: Light Screen
|move|p2b: Staraptor|U-turn|p1b: Starmie
|-supereffective|p1b: Starmie|1
|-crit|p1b: Starmie
|-damage|p1b: Starmie|0 fnt
|faint|p1b: Starmie
|l|☆trangquynhva
|player|p2|
|inactive|Battle timer is ON: inactive players will automatically lose when time's up. (requested by guyee)
|j|☆trangquynhva
|inactive|trangquynhva reconnected and has 75 seconds left.
|player|p2|trangquynhva|266|
|
|t:|1782269717
|switch|p2b: Gengar|Gengar, L50, M|100/100|[from] U-turn
|move|p1a: Basculegion|Flip Turn|p2b: Gengar
|-damage|p2b: Gengar|41/100
|-start|p1a: Basculegion|Disable|Flip Turn|[from] ability: Cursed Body|[of] p2b: Gengar
|-damage|p1a: Basculegion|41/100|[from] item: Life Orb
|
|t:|1782269725
|switch|p1a: Pelipper|Pelipper, L50, M|17/100|[from] Flip Turn
|-weather|RainDance|[from] ability: Drizzle|[of] p1a: Pelipper
|
|-weather|RainDance|[upkeep]
|upkeep
|
|t:|1782269728
|switch|p1b: Basculegion|Basculegion, L50, M, shiny|41/100
|turn|7
|
|t:|1782269740
|move|p1a: Pelipper|Helping Hand|p1b: Basculegion
|-singleturn|p1b: Basculegion|Helping Hand|[of] p1a: Pelipper
|move|p2a: Grimmsnarl|Scary Face|p1b: Basculegion
|-unboost|p1b: Basculegion|spe|2
|move|p2b: Gengar|Shadow Claw|p1b: Basculegion
|-supereffective|p1b: Basculegion|1
|-damage|p1b: Basculegion|1/100
|move|p1b: Basculegion|Last Respects|p2b: Gengar
|-supereffective|p2b: Gengar|1
|-damage|p2b: Gengar|0 fnt
|faint|p2b: Gengar
|-damage|p1b: Basculegion|0 fnt|[from] item: Life Orb
|faint|p1b: Basculegion
|
|-weather|RainDance|[upkeep]
|-sideend|p2: trangquynhva|Reflect
|upkeep
|-message|guyee forfeited.
|raw|guyee's rating: 1062 → 1041(-21 for losing)
|raw|trangquynhva's rating: 1038 → 1075(+37 for winning)
|
|win|trangquynhva
