|j|â˜†Cage92
|j|â˜†serbol03
|html|Cage92serbol03    
|uhtml|bestof|Game 2 of a best-of-3
|t:|1756845473
|gametype|doubles
|player|p1|Cage92|bugsy|
|player|p2|serbol03|giovanni|
|gen|9
|tier|[Gen 9] VGC 2025 Reg H (Bo3)
|rule|Species Clause: Limit one of each PokÃ©mon
|rule|Item Clause: Limit 1 of each item
|clearpoke
|poke|p1|Corviknight, L50, M|
|poke|p1|Garchomp, L50, M|
|poke|p1|Tyranitar, L50, M|
|poke|p1|Gholdengo, L50|
|poke|p1|Sneasler, L50, M|
|poke|p1|Incineroar, L50, M|
|poke|p2|Incineroar, L50, F|
|poke|p2|Gholdengo, L50|
|poke|p2|Amoonguss, L50, M|
|poke|p2|Pelipper, L50, F|
|poke|p2|Archaludon, L50, F|
|poke|p2|Basculegion, L50, M|
|teampreview|4
|showteam|p1|Corviknight||CovertCloak|MirrorArmor|BraveBird,Taunt,Roost,Tailwind|||M|||50|,,,,,Dragon]Garchomp||ClearAmulet|RoughSkin|Earthquake,DragonClaw,StompingTantrum,Protect|||M|||50|,,,,,Steel]Tyranitar||AssaultVest|SandStream|RockSlide,KnockOff,TeraBlast,LowKick|||M|||50|,,,,,Flying]Gholdengo||LifeOrb|GoodasGold|MakeItRain,ShadowBall,NastyPlot,Protect||||||50|,,,,,Flying]Sneasler||WhiteHerb|Unburden|DireClaw,CloseCombat,Coaching,Protect|||M|||50|,,,,,Ghost]Incineroar||SafetyGoggles|Intimidate|FlareBlitz,WillOWisp,PartingShot,FakeOut|||M|||50|,,,,,Ghost
|showteam|p2|Incineroar||SafetyGoggles|Intimidate|KnockOff,FlareBlitz,PartingShot,FakeOut|||F|||50|,,,,,Ghost]Gholdengo||LifeOrb|GoodasGold|MakeItRain,ShadowBall,NastyPlot,Protect||||||50|,,,,,Water]Amoonguss||SitrusBerry|Regenerator|PollenPuff,Spore,RagePowder,ClearSmog|||M|||50|,,,,,Fairy]Pelipper||FocusSash|Drizzle|WeatherBall,Hurricane,Tailwind,Protect|||F|||50|,,,,,Ground]Archaludon||AssaultVest|Stamina|ElectroShot,DracoMeteor,FlashCannon,BodyPress|||F|||50|,,,,,Grass]Basculegion||ChoiceBand|SwiftSwim|WaveCrash,LastRespects,AquaJet,FlipTurn|||M|||50|,,,,,Grass
|
|t:|1756845536
|teamsize|p1|4
|teamsize|p2|4
|start
|switch|p1a: Incineroar|Incineroar, L50, M|100/100
|switch|p1b: Garchomp|Garchomp, L50, M|100/100
|switch|p2a: Archaludon|Archaludon, L50, F|100/100
|switch|p2b: Basculegion|Basculegion, L50, M|100/100
|-ability|p1a: Incineroar|Intimidate|boost
|-unboost|p2a: Archaludon|atk|1
|-unboost|p2b: Basculegion|atk|1
|turn|1
|
|t:|1756845595
|switch|p2a: Pelipper|Pelipper, L50, F|100/100
|-weather|RainDance|[from] ability: Drizzle|[of] p2a: Pelipper
|move|p2b: Basculegion|Wave Crash|p1a: Incineroar
|-supereffective|p1a: Incineroar
|-damage|p1a: Incineroar|0 fnt
|faint|p1a: Incineroar
|-damage|p2b: Basculegion|67/100|[from] Recoil
|move|p1b: Garchomp|Dragon Claw|p2b: Basculegion
|-damage|p2b: Basculegion|10/100
|
|-weather|RainDance|[upkeep]
|upkeep
|
|t:|1756845611
|switch|p1a: Tyranitar|Tyranitar, L50, M|100/100
|-weather|Sandstorm|[from] ability: Sand Stream|[of] p1a: Tyranitar
|turn|2
|
|t:|1756845630
|switch|p2b: Amoonguss|Amoonguss, L50, M|100/100
|move|p1b: Garchomp|Stomping Tantrum|p2b: Amoonguss
|-damage|p2b: Amoonguss|69/100
|move|p2a: Pelipper|Tailwind|p2a: Pelipper
|-sidestart|p2: serbol03|move: Tailwind
|move|p1a: Tyranitar|Rock Slide|p2b: Amoonguss|[spread] p2a,p2b
|-supereffective|p2a: Pelipper
|-damage|p2a: Pelipper|26/100
|-damage|p2b: Amoonguss|45/100
|-enditem|p2b: Amoonguss|Sitrus Berry|[eat]
|-heal|p2b: Amoonguss|70/100|[from] item: Sitrus Berry
|
|-weather|Sandstorm|[upkeep]
|-damage|p2a: Pelipper|20/100|[from] Sandstorm
|-damage|p2b: Amoonguss|64/100|[from] Sandstorm
|upkeep
|turn|3
|
|t:|1756845700
|switch|p2a: Archaludon|Archaludon, L50, F|100/100
|switch|p1a: Gholdengo|Gholdengo, L50|100/100
|move|p2b: Amoonguss|Rage Powder|p2b: Amoonguss
|-singleturn|p2b: Amoonguss|move: Rage Powder
|move|p1b: Garchomp|Stomping Tantrum|p2b: Amoonguss
|-damage|p2b: Amoonguss|31/100
|
|-weather|Sandstorm|[upkeep]
|-damage|p2b: Amoonguss|25/100|[from] Sandstorm
|upkeep
|turn|4
|c|â˜†serbol03|forse ora trollo ma si prova
|
|t:|1756845772
|move|p1b: Garchomp|Protect|p1b: Garchomp
|-singleturn|p1b: Garchomp|Protect
|move|p2a: Archaludon|Draco Meteor|p1b: Garchomp
|-activate|p1b: Garchomp|move: Protect
|move|p1a: Gholdengo|Shadow Ball|p2b: Amoonguss
|-damage|p2b: Amoonguss|0 fnt
|faint|p2b: Amoonguss
|-damage|p1a: Gholdengo|91/100|[from] item: Life Orb
|
|-weather|Sandstorm|[upkeep]
|upkeep
|
|t:|1756845788
|switch|p2b: Basculegion|Basculegion, L50, M|10/100
|turn|5
|
|t:|1756845866
|-terastallize|p1b: Garchomp|Steel
|move|p1a: Gholdengo|Protect|p1a: Gholdengo
|-singleturn|p1a: Gholdengo|Protect
|move|p2b: Basculegion|Aqua Jet|p1b: Garchomp
|-damage|p1b: Garchomp|70/100
|-damage|p2b: Basculegion|0 fnt|[from] ability: Rough Skin|[of] p1b: Garchomp
|faint|p2b: Basculegion
|move|p2a: Archaludon|Body Press|p1b: Garchomp
|-supereffective|p1b: Garchomp
|-crit|p1b: Garchomp
|-damage|p1b: Garchomp|0 fnt
|-damage|p2a: Archaludon|88/100|[from] ability: Rough Skin|[of] p1b: Garchomp
|faint|p1b: Garchomp
|
|-weather|Sandstorm|[upkeep]
|-sideend|p2: serbol03|move: Tailwind
|upkeep
|
|t:|1756845881
|switch|p1b: Tyranitar|Tyranitar, L50, M|100/100
|switch|p2b: Pelipper|Pelipper, L50, F|20/100
|-weather|RainDance|[from] ability: Drizzle|[of] p2b: Pelipper
|-weather|Sandstorm|[from] ability: Sand Stream|[of] p1b: Tyranitar
|turn|6
|
|t:|1756845927
|move|p2b: Pelipper|Protect|p2b: Pelipper
|-singleturn|p2b: Pelipper|Protect
|move|p1a: Gholdengo|Nasty Plot|p1a: Gholdengo
|-boost|p1a: Gholdengo|spa|2
|move|p1b: Tyranitar|Knock Off|p2b: Pelipper
|-activate|p2b: Pelipper|move: Protect
|move|p2a: Archaludon|Body Press|p1b: Tyranitar
|-supereffective|p1b: Tyranitar
|-damage|p1b: Tyranitar|13/100
|
|-weather|Sandstorm|[upkeep]
|-damage|p2b: Pelipper|14/100|[from] Sandstorm
|upkeep
|turn|7
|
|t:|1756845961
|move|p2b: Pelipper|Protect||[still]
|-fail|p2b: Pelipper
|move|p1a: Gholdengo|Shadow Ball|p2b: Pelipper
|-damage|p2b: Pelipper|0 fnt
|faint|p2b: Pelipper
|-damage|p1a: Gholdengo|82/100|[from] item: Life Orb
|move|p1b: Tyranitar|Knock Off|p2a: Archaludon
|-damage|p2a: Archaludon|54/100
|-ability|p2a: Archaludon|Stamina|boost
|-boost|p2a: Archaludon|def|1
|-enditem|p2a: Archaludon|Assault Vest|[from] move: Knock Off|[of] p1b: Tyranitar
|move|p2a: Archaludon|Draco Meteor|p1a: Gholdengo
|-resisted|p1a: Gholdengo
|-damage|p1a: Gholdengo|45/100
|-unboost|p2a: Archaludon|spa|2
|
|-weather|Sandstorm|[upkeep]
|upkeep
|turn|8
|
|t:|1756845985
|move|p1a: Gholdengo|Shadow Ball|p2a: Archaludon
|-damage|p2a: Archaludon|0 fnt
|faint|p2a: Archaludon
|-damage|p1a: Gholdengo|35/100|[from] item: Life Orb
|
|win|Cage92
