|j|☆Daravones Soup
|j|☆Gabeeel
|html|Daravones SoupGabeeel    
|uhtml|bestof|Game 1 of a best-of-3
|t:|1784297295
|gametype|doubles
|player|p1|Daravones Soup|102|
|player|p2|Gabeeel|iris|
|gen|9
|tier|[Gen 9 Champions] VGC 2026 Reg M-B (Bo3)
|rule|Species Clause: Limit one of each Pokémon
|rule|Item Clause: Limit 1 of each item
|clearpoke
|poke|p1|Gengar, L50, M|
|poke|p1|Tyranitar, L50, F|
|poke|p1|Corviknight, L50, F|
|poke|p1|Basculegion-F, L50, F|
|poke|p1|Kommo-o, L50, M|
|poke|p1|Scovillain, L50, F|
|poke|p2|Scrafty, L50, M, shiny|
|poke|p2|Glimmora, L50, F|
|poke|p2|Talonflame, L50, F|
|poke|p2|Primarina, L50, F|
|poke|p2|Mamoswine, L50, M|
|poke|p2|Metagross, L50|
|teampreview|4
|showteam|p1|Gengar||Gengarite|CursedBody|SludgeBomb,IcyWind,ShadowBall,Protect|Modest||M|||50|]Tyranitar||LifeOrb|SandStream|RockSlide,KnockOff,Superpower,Protect|Adamant||F|||50|]Corviknight||SitrusBerry|MirrorArmor|Tailwind,BulkUp,BodyPress,BraveBird|Adamant||F|||50|]Basculegion-F||ChoiceScarf|Adaptability|LastRespects,WaveCrash,FlipTurn,AquaJet|Jolly||F|||50|]Kommo-o||Leftovers|Soundproof|ClangingScales,ClangorousSoul,AuraSphere,Protect|Modest||M|||50|]Scovillain||Scovillainite|Chlorophyll|RagePowder,Overheat,GigaDrain,Protect|Calm||F|||50|
|showteam|p2|Scrafty||Scraftinite|Intimidate|FakeOut,DrainPunch,KnockOff,HelpingHand|Adamant||M|||50|]Glimmora||Glimmoranite|ToxicDebris|SludgeBomb,PowerGem,EarthPower,SpikyShield|Modest||F|||50|]Talonflame||ExpertBelt|GaleWings|BraveBird,FlareBlitz,Tailwind,Protect|Jolly||F|||50|]Primarina||Leftovers|LiquidVoice|HyperVoice,Moonblast,CalmMind,Protect|Modest||F|||50|]Mamoswine||FocusSash|Oblivious|Earthquake,HighHorsepower,IceShard,Protect|Adamant||M|||50|]Metagross||ColburBerry|ClearBody|PsychicFangs,IronHead,BulletPunch,Protect|Adamant|||||50|
|
|t:|1784297365
|teamsize|p1|4
|teamsize|p2|4
|start
|switch|p1a: Basculegion|Basculegion-F, L50, F|100/100
|switch|p1b: Corviknight|Corviknight, L50, F|100/100
|switch|p2a: Globo de Luz|Glimmora, L50, F|100/100
|switch|p2b: Sabrina Carpenter|Talonflame, L50, F|100/100
|turn|1
|
|t:|1784297404
|detailschange|p2a: Globo de Luz|Glimmora-Mega, L50, F
|-mega|p2a: Globo de Luz|Glimmora|Glimmoranite
|move|p2b: Sabrina Carpenter|Tailwind|p2b: Sabrina Carpenter
|-sidestart|p2: Gabeeel|move: Tailwind
|move|p2a: Globo de Luz|Power Gem|p1b: Corviknight
|-crit|p1b: Corviknight
|-damage|p1b: Corviknight|10/100
|-enditem|p1b: Corviknight|Sitrus Berry|[eat]
|-heal|p1b: Corviknight|35/100|[from] item: Sitrus Berry
|move|p1a: Basculegion|Flip Turn|p2b: Sabrina Carpenter
|-supereffective|p2b: Sabrina Carpenter|1
|-damage|p2b: Sabrina Carpenter|0 fnt
|faint|p2b: Sabrina Carpenter
|
|t:|1784297428
|switch|p1a: Scovillain|Scovillain, L50, F|100/100|[from] Flip Turn
|move|p1b: Corviknight|Tailwind|p1b: Corviknight
|-sidestart|p1: Daravones Soup|move: Tailwind
|
|upkeep
|
|t:|1784297443
|switch|p2b: Pabllo Vittar|Primarina, L50, F|100/100
|turn|2
|c|☆Daravones Soup|Fuck
|c|☆Daravones Soup|I forgot to change my base ability lmao
|c|☆Gabeeel|uff
|
|t:|1784297484
|detailschange|p1a: Scovillain|Scovillain-Mega, L50, F
|-mega|p1a: Scovillain|Scovillain|Scovillainite
|move|p1a: Scovillain|Protect|p1a: Scovillain
|-singleturn|p1a: Scovillain|Protect
|move|p2a: Globo de Luz|Sludge Bomb|p1a: Scovillain
|-activate|p1a: Scovillain|move: Protect
|move|p1b: Corviknight|Brave Bird|p2b: Pabllo Vittar
|-damage|p2b: Pabllo Vittar|55/100
|-damage|p1b: Corviknight|21/100|[from] Recoil
|move|p2b: Pabllo Vittar|Calm Mind|p2b: Pabllo Vittar
|-boost|p2b: Pabllo Vittar|spa|1
|-boost|p2b: Pabllo Vittar|spd|1
|
|-heal|p2b: Pabllo Vittar|61/100|[from] item: Leftovers
|upkeep
|turn|3
|c|☆Gabeeel|change next match
|
|t:|1784297508
|move|p2a: Globo de Luz|Sludge Bomb|p1a: Scovillain
|-supereffective|p1a: Scovillain|1
|-damage|p1a: Scovillain|0 fnt
|-status|p2a: Globo de Luz|brn|[from] ability: Spicy Spray|[of] p1a: Scovillain
|faint|p1a: Scovillain
|move|p1b: Corviknight|Brave Bird|p2b: Pabllo Vittar
|-damage|p2b: Pabllo Vittar|10/100
|-damage|p1b: Corviknight|6/100|[from] Recoil
|move|p2b: Pabllo Vittar|Hyper Voice|p1b: Corviknight
|-damage|p1b: Corviknight|0 fnt
|faint|p1b: Corviknight
|
|-heal|p2b: Pabllo Vittar|16/100|[from] item: Leftovers
|-damage|p2a: Globo de Luz|93/100 brn|[from] brn
|upkeep
|
|t:|1784297512
|switch|p1b: Tyranitar|Tyranitar, L50, F|100/100
|switch|p1a: Basculegion|Basculegion-F, L50, F|100/100
|-weather|Sandstorm|[from] ability: Sand Stream|[of] p1b: Tyranitar
|turn|4
|
|t:|1784297565
|move|p2a: Globo de Luz|Spiky Shield|p2a: Globo de Luz
|-singleturn|p2a: Globo de Luz|move: Protect
|move|p1a: Basculegion|Last Respects|p2a: Globo de Luz
|-activate|p2a: Globo de Luz|move: Protect
|move|p1b: Tyranitar|Knock Off|p2b: Pabllo Vittar
|-resisted|p2b: Pabllo Vittar|1
|-damage|p2b: Pabllo Vittar|0 fnt
|-enditem|p2b: Pabllo Vittar|Leftovers|[from] move: Knock Off|[of] p1b: Tyranitar
|faint|p2b: Pabllo Vittar
|-damage|p1b: Tyranitar|90/100|[from] item: Life Orb
|
|-weather|Sandstorm|[upkeep]
|-damage|p1a: Basculegion|93/100|[from] Sandstorm
|-damage|p2a: Globo de Luz|87/100 brn|[from] brn
|-sideend|p2: Gabeeel|move: Tailwind
|-sideend|p1: Daravones Soup|move: Tailwind
|upkeep
|
|t:|1784297572
|switch|p2b: Puterrier|Scrafty, L50, M, shiny|100/100
|-ability|p2b: Puterrier|Intimidate|boost
|-unboost|p1a: Basculegion|atk|1
|-unboost|p1b: Tyranitar|atk|1
|turn|5
|
|t:|1784297594
|move|p1a: Basculegion|Last Respects|p2b: Puterrier
|-resisted|p2b: Puterrier|1
|-crit|p2b: Puterrier
|-damage|p2b: Puterrier|42/100
|move|p2a: Globo de Luz|Power Gem|p1a: Basculegion
|-damage|p1a: Basculegion|29/100
|move|p1b: Tyranitar|Superpower|p2b: Puterrier
|-supereffective|p2b: Puterrier|1
|-damage|p2b: Puterrier|0 fnt
|-unboost|p1b: Tyranitar|atk|1
|-unboost|p1b: Tyranitar|def|1
|faint|p2b: Puterrier
|-damage|p1b: Tyranitar|81/100|[from] item: Life Orb
|
|-weather|Sandstorm|[upkeep]
|-damage|p1a: Basculegion|23/100|[from] Sandstorm
|-damage|p2a: Globo de Luz|81/100 brn|[from] brn
|upkeep
|turn|6
|
|t:|1784297627
|move|p2a: Globo de Luz|Spiky Shield|p2a: Globo de Luz
|-singleturn|p2a: Globo de Luz|move: Protect
|move|p1a: Basculegion|Last Respects|p2a: Globo de Luz
|-activate|p2a: Globo de Luz|move: Protect
|move|p1b: Tyranitar|Knock Off|p2a: Globo de Luz
|-activate|p2a: Globo de Luz|move: Protect
|-damage|p1b: Tyranitar|68/100|[from] Spiky Shield|[of] p2a: Globo de Luz
|
|-weather|Sandstorm|[upkeep]
|-damage|p1a: Basculegion|17/100|[from] Sandstorm
|-damage|p2a: Globo de Luz|75/100 brn|[from] brn
|upkeep
|turn|7
|
|t:|1784297635
|move|p1a: Basculegion|Last Respects|p2a: Globo de Luz
|-damage|p2a: Globo de Luz|23/100 brn
|move|p2a: Globo de Luz|Power Gem|p1a: Basculegion
|-damage|p1a: Basculegion|0 fnt
|faint|p1a: Basculegion
|move|p1b: Tyranitar|Knock Off|p2a: Globo de Luz
|-damage|p2a: Globo de Luz|1/100 brn
|-damage|p1b: Tyranitar|59/100|[from] item: Life Orb
|
|-weather|Sandstorm|[upkeep]
|-damage|p2a: Globo de Luz|0 fnt|[from] brn
|faint|p2a: Globo de Luz
|
|win|Daravones Soup
||Gabeeel is ready for game 2.
||Daravones Soup is ready for game 2.
|uhtml|next|Next: Game 2 of 3
|l|☆Daravones Soup
|player|p1|
