|j|☆AirBloom
|j|☆Andrea Pirlo 2
|html|AirBloomAndrea Pirlo 2    
|uhtml|bestof|Game 2 of a best-of-3
|t:|1782483694
|gametype|doubles
|player|p1|AirBloom|sabrina|1342
|player|p2|Andrea Pirlo 2|volkner|1326
|gen|9
|tier|[Gen 9 Champions] VGC 2026 Reg M-B (Bo3)
|rated|
|rule|Species Clause: Limit one of each Pokémon
|rule|Item Clause: Limit 1 of each item
|clearpoke
|poke|p1|Sableye, L50, F|
|poke|p1|Pelipper, L50, M|
|poke|p1|Archaludon, L50, F|
|poke|p1|Sinistcha, L50|
|poke|p1|Swampert, L50, F|
|poke|p1|Metagross, L50|
|poke|p2|Swampert, L50, M|
|poke|p2|Pelipper, L50, F|
|poke|p2|Archaludon, L50, F|
|poke|p2|Sneasler, L50, M|
|poke|p2|Gholdengo, L50|
|poke|p2|Sableye, L50, M|
|teampreview|4
|showteam|p1|Sableye||LightClay|Prankster|RainDance,LightScreen,Reflect,WillOWisp|Calm||F|||50|]Pelipper||SitrusBerry|Drizzle|Hurricane,WeatherBall,Tailwind,WideGuard|Timid||M|||50|]Archaludon||Leftovers|Stamina|DragonPulse,FlashCannon,ElectroShot,Protect|Calm||F|||50|]Sinistcha||KasibBerry|Hospitality|MatchaGotcha,LifeDew,RagePowder,Protect|Bold|||||50|]Swampert||Swampertite|Damp|WaveCrash,Earthquake,IcePunch,Protect|Adamant||F|||50|]Metagross||Metagrossite|ClearBody|PsychicFangs,IronHead,BrickBreak,Protect|Jolly|||||50|
|showteam|p2|Swampert||Swampertite|Torrent|HighHorsepower,WaveCrash,IcePunch,Protect|Adamant||M|||50|]Pelipper||LifeOrb|Drizzle|WeatherBall,Hurricane,Tailwind,Protect|Modest||F|||50|]Archaludon||Leftovers|Stamina|ElectroShot,DragonPulse,FlashCannon,Protect|Modest||F|||50|]Sneasler||FocusSash|Unburden|CloseCombat,DireClaw,FakeOut,Protect|Jolly||M|||50|]Gholdengo||MetalCoat|GoodasGold|MakeItRain,ShadowBall,NastyPlot,Protect|Timid|||||50|]Sableye||RoseliBerry|Prankster|Encore,WillOWisp,LightScreen,RainDance|Calm||M|||50|
|inactive|Battle timer is ON: inactive players will automatically lose when time's up. (requested by AirBloom)
|inactive|AirBloom has 60 seconds left.
|
|t:|1782483727
|teamsize|p1|4
|teamsize|p2|4
|start
|switch|p1a: Pelipper|Pelipper, L50, M|100/100
|switch|p1b: Swampert|Swampert, L50, F|100/100
|switch|p2a: Sableye|Sableye, L50, M|100/100
|switch|p2b: Archaludon|Archaludon, L50, F|100/100
|-weather|RainDance|[from] ability: Drizzle|[of] p1a: Pelipper
|turn|1
|
|t:|1782483750
|detailschange|p1b: Swampert|Swampert-Mega, L50, F
|-mega|p1b: Swampert|Swampert|Swampertite
|move|p2a: Sableye|Will-O-Wisp|p1b: Swampert
|-status|p1b: Swampert|brn
|move|p1b: Swampert|Earthquake|p2a: Sableye|[spread] p2a,p2b
|-immune|p1a: Pelipper
|-supereffective|p2b: Archaludon|1
|-damage|p2a: Sableye|71/100
|-damage|p2b: Archaludon|64/100
|-ability|p2b: Archaludon|Stamina|boost
|-boost|p2b: Archaludon|def|1
|move|p1a: Pelipper|Hurricane|p2a: Sableye
|-damage|p2a: Sableye|22/100
|move|p2b: Archaludon|Electro Shot||[still]
|-prepare|p2b: Archaludon|Electro Shot
|-boost|p2b: Archaludon|spa|1
|-anim|p2b: Archaludon|Electro Shot|p1a: Pelipper
|-supereffective|p1a: Pelipper|2
|-damage|p1a: Pelipper|0 fnt
|faint|p1a: Pelipper
|
|-weather|RainDance|[upkeep]
|-heal|p2b: Archaludon|70/100|[from] item: Leftovers
|-damage|p1b: Swampert|94/100 brn|[from] brn
|upkeep
|
|t:|1782483755
|switch|p1a: Archaludon|Archaludon, L50, F|100/100
|turn|2
|inactive|Andrea Pirlo 2 has 30 seconds left.
|
|t:|1782483783
|move|p2b: Archaludon|Protect|p2b: Archaludon
|-singleturn|p2b: Archaludon|Protect
|move|p2a: Sableye|Encore|p1b: Swampert
|-start|p1b: Swampert|Encore
|move|p1b: Swampert|Earthquake|p2a: Sableye|[spread] p1a,p2a
|-activate|p2b: Archaludon|move: Protect
|-supereffective|p1a: Archaludon|1
|-damage|p1a: Archaludon|62/100
|-damage|p2a: Sableye|0 fnt
|-ability|p1a: Archaludon|Stamina|boost
|-boost|p1a: Archaludon|def|1
|faint|p2a: Sableye
|move|p1a: Archaludon|Electro Shot||[still]
|-prepare|p1a: Archaludon|Electro Shot
|-boost|p1a: Archaludon|spa|1
|-anim|p1a: Archaludon|Electro Shot|p2b: Archaludon
|-activate|p2b: Archaludon|move: Protect
|
|-weather|RainDance|[upkeep]
|-heal|p1a: Archaludon|68/100|[from] item: Leftovers
|-heal|p2b: Archaludon|76/100|[from] item: Leftovers
|-damage|p1b: Swampert|88/100 brn|[from] brn
|upkeep
|
|t:|1782483796
|switch|p2a: Swampert|Swampert, L50, M|100/100
|turn|3
|inactive|AirBloom has 30 seconds left.
|
|t:|1782483822
|switch|p1b: Sinistcha|Sinistcha, L50|100/100
|-heal|p1a: Archaludon|93/100|[from] ability: Hospitality|[of] p1b: Sinistcha
|detailschange|p2a: Swampert|Swampert-Mega, L50, M
|-mega|p2a: Swampert|Swampert|Swampertite
|move|p1a: Archaludon|Protect|p1a: Archaludon
|-singleturn|p1a: Archaludon|Protect
|move|p2a: Swampert|High Horsepower|p1a: Archaludon
|-activate|p1a: Archaludon|move: Protect
|move|p2b: Archaludon|Dragon Pulse|p1b: Sinistcha
|-crit|p1b: Sinistcha
|-damage|p1b: Sinistcha|13/100
|
|-weather|RainDance|[upkeep]
|-heal|p1a: Archaludon|100/100|[from] item: Leftovers
|-heal|p2b: Archaludon|83/100|[from] item: Leftovers
|upkeep
|turn|4
|inactive|AirBloom has 30 seconds left.
|
|t:|1782483849
|move|p1b: Sinistcha|Rage Powder|p1b: Sinistcha
|-singleturn|p1b: Sinistcha|move: Rage Powder
|move|p2a: Swampert|High Horsepower|p1b: Sinistcha
|-resisted|p1b: Sinistcha|1
|-damage|p1b: Sinistcha|0 fnt
|faint|p1b: Sinistcha
|move|p1a: Archaludon|Dragon Pulse|p2b: Archaludon
|-damage|p2b: Archaludon|30/100
|-ability|p2b: Archaludon|Stamina|boost
|-boost|p2b: Archaludon|def|1
|move|p2b: Archaludon|Dragon Pulse|p1a: Archaludon
|-damage|p1a: Archaludon|34/100
|-ability|p1a: Archaludon|Stamina|boost
|-boost|p1a: Archaludon|def|1
|
|-weather|RainDance|[upkeep]
|-heal|p1a: Archaludon|40/100|[from] item: Leftovers
|-heal|p2b: Archaludon|36/100|[from] item: Leftovers
|upkeep
|
|t:|1782483861
|switch|p1b: Swampert|Swampert-Mega, L50, F|88/100 brn
|turn|5
|
|t:|1782483868
|move|p1a: Archaludon|Protect|p1a: Archaludon
|-singleturn|p1a: Archaludon|Protect
|move|p2b: Archaludon|Protect|p2b: Archaludon
|-singleturn|p2b: Archaludon|Protect
|move|p2a: Swampert|High Horsepower|p1a: Archaludon
|-activate|p1a: Archaludon|move: Protect
|move|p1b: Swampert|Earthquake|p2a: Swampert|[spread] p2a
|-activate|p1a: Archaludon|move: Protect
|-activate|p2b: Archaludon|move: Protect
|-damage|p2a: Swampert|77/100
|
|-weather|none
|-heal|p1a: Archaludon|46/100|[from] item: Leftovers
|-heal|p2b: Archaludon|43/100|[from] item: Leftovers
|-damage|p1b: Swampert|82/100 brn|[from] brn
|upkeep
|turn|6
|
|t:|1782483876
|move|p1a: Archaludon|Dragon Pulse|p2a: Swampert
|-damage|p2a: Swampert|32/100
|move|p2b: Archaludon|Dragon Pulse|p1a: Archaludon
|-damage|p1a: Archaludon|0 fnt
|faint|p1a: Archaludon
|move|p2a: Swampert|High Horsepower|p1b: Swampert
|-damage|p1b: Swampert|34/100 brn
|move|p1b: Swampert|Wave Crash|p2a: Swampert
|-damage|p2a: Swampert|0 fnt
|faint|p2a: Swampert
|-damage|p1b: Swampert|24/100 brn|[from] Recoil
|
|-heal|p2b: Archaludon|49/100|[from] item: Leftovers
|-damage|p1b: Swampert|18/100 brn|[from] brn
|upkeep
|
|t:|1782483881
|switch|p2a: Pelipper|Pelipper, L50, F|100/100
|-weather|RainDance|[from] ability: Drizzle|[of] p2a: Pelipper
|turn|7
|-message|AirBloom forfeited.
|
|win|Andrea Pirlo 2
