|j|☆ExtraPlanet51
|j|☆25th_mang
|html|ExtraPlanet5125th_mang    
|uhtml|bestof|Game 2 of a best-of-3
|t:|1756955428
|gametype|doubles
|player|p1|ExtraPlanet51|bugcatcher-gen4dp|1071
|player|p2|25th_mang|ballguy|1063
|gen|9
|tier|[Gen 9] VGC 2025 Reg H (Bo3)
|rated|
|rule|Species Clause: Limit one of each Pokémon
|rule|Item Clause: Limit 1 of each item
|clearpoke
|poke|p1|Basculegion, L50, M|
|poke|p1|Sinistcha, L50|
|poke|p1|Rillaboom, L50, M|
|poke|p1|Incineroar, L50, M|
|poke|p1|Pelipper, L50, F|
|poke|p1|Archaludon, L50, F|
|poke|p2|Pelipper, L50, F|
|poke|p2|Archaludon, L50, F|
|poke|p2|Quaquaval, L50, F|
|poke|p2|Kingambit, L50, F|
|poke|p2|Rillaboom, L50, F|
|poke|p2|Dragapult, L50, F|
|teampreview|4
|showteam|p1|Basculegion||ChoiceBand|SwiftSwim|AquaJet,FlipTurn,WaveCrash,LastRespects|||M|||50|,,,,,Normal]Sinistcha||SitrusBerry|Hospitality|MatchaGotcha,TrickRoom,LifeDew,RagePowder||||||50|,,,,,Water]Rillaboom||LoadedDice|GrassySurge|FakeOut,GrassyGlide,BulletSeed,HighHorsepower|||M|||50|,,,,,Ground]Incineroar||SafetyGoggles|Intimidate|FakeOut,KnockOff,HelpingHand,PartingShot|||M|||50|,,,,,Grass]Pelipper||FocusSash|Drizzle|Hurricane,WeatherBall,Tailwind,Protect|||F|||50|,,,,,Ghost]Archaludon||AssaultVest|Stamina|ElectroShot,FlashCannon,DracoMeteor,BodyPress|||F|||50|,,,,,Grass
|showteam|p2|Pelipper||ChoiceScarf|Drizzle|Hurricane,WeatherBall,Tailwind,Uturn|||F|||50|,,,,,Ghost]Archaludon||ChoiceSpecs|Sturdy|ElectroShot,FlashCannon,DracoMeteor,DragonPulse|||F|||50|,,,,,Electric]Quaquaval||FocusSash|Moxie|AquaStep,UpperHand,CloseCombat,Protect|||F|||50|,,,,,Water]Kingambit||BlackGlasses|Defiant|KowtowCleave,SuckerPunch,IronHead,Protect|||F|||50|,,,,,Dark]Rillaboom||AssaultVest|GrassySurge|FakeOut,WoodHammer,GrassyGlide,Uturn|||F|||50|,,,,,Fire]Dragapult||ChoiceBand|ClearBody|DragonDarts,Outrage,PhantomForce,Uturn|||F|||50|,,,,,Dragon
|inactive|Battle timer is ON: inactive players will automatically lose when time's up. (requested by 25th_mang)
|
|t:|1756955461
|teamsize|p1|4
|teamsize|p2|4
|start
|switch|p1a: Pelipper|Pelipper, L50, F|100/100
|switch|p1b: Archaludon|Archaludon, L50, F|100/100
|switch|p2a: jihyo|Rillaboom, L50, F, shiny|100/100
|switch|p2b: jeongsachaeng|Dragapult, L50, F, shiny|100/100
|-weather|RainDance|[from] ability: Drizzle|[of] p1a: Pelipper
|-fieldstart|move: Grassy Terrain|[from] ability: Grassy Surge|[of] p2a: jihyo
|turn|1
|inactive|ExtraPlanet51 has 30 seconds left.
|inactive|25th_mang has 30 seconds left.
|inactive|ExtraPlanet51 has 20 seconds left.
|inactive|25th_mang has 20 seconds left.
|inactive|ExtraPlanet51 has 15 seconds left.
|inactive|25th_mang has 15 seconds left.
|inactive|25th_mang has 10 seconds left.
|
|t:|1756955511
|move|p2a: jihyo|Fake Out|p1b: Archaludon
|-resisted|p1b: Archaludon
|-damage|p1b: Archaludon|95/100
|-ability|p1b: Archaludon|Stamina|boost
|-boost|p1b: Archaludon|def|1
|move|p2b: jeongsachaeng|Phantom Force||[still]
|-prepare|p2b: jeongsachaeng|Phantom Force
|move|p1a: Pelipper|Tailwind|p1a: Pelipper
|-sidestart|p1: ExtraPlanet51|move: Tailwind
|cant|p1b: Archaludon|flinch
|
|-weather|RainDance|[upkeep]
|-heal|p1b: Archaludon|100/100|[from] Grassy Terrain
|upkeep
|turn|2
|inactive|25th_mang has 30 seconds left.
|inactive|ExtraPlanet51 has 30 seconds left.
|
|t:|1756955551
|move|p1a: Pelipper|Protect|p1a: Pelipper
|-singleturn|p1a: Pelipper|Protect
|move|p1b: Archaludon|Body Press|p2a: jihyo
|-damage|p2a: jihyo|68/100
|move|p2b: jeongsachaeng|Phantom Force|p1a: Pelipper|[from] lockedmove
|-activate|p1a: Pelipper|move: Phantom Force|[broken]
|-enditem|p1a: Pelipper|Focus Sash
|-damage|p1a: Pelipper|1/100
|move|p2a: jihyo|U-turn|p1a: Pelipper
|-resisted|p1a: Pelipper
|-damage|p1a: Pelipper|0 fnt
|faint|p1a: Pelipper
|
|t:|1756955567
|switch|p2a: tzuyu|Archaludon, L50, F, shiny|100/100|[from] U-turn
|
|-weather|RainDance|[upkeep]
|upkeep
|
|t:|1756955574
|switch|p1a: Rillaboom|Rillaboom, L50, M|100/100
|turn|3
|c|☆25th_mang|Oh I didn't know it breaks protect lol
|inactive|ExtraPlanet51 has 30 seconds left.
|
|t:|1756955601
|switch|p2a: jihyo|Rillaboom, L50, F, shiny|68/100
|-terastallize|p1a: Rillaboom|Ground
|move|p1a: Rillaboom|High Horsepower|p2a: jihyo
|-resisted|p2a: jihyo
|-damage|p2a: jihyo|44/100
|move|p1b: Archaludon|Electro Shot||[still]
|-prepare|p1b: Archaludon|Electro Shot
|-boost|p1b: Archaludon|spa|1
|-anim|p1b: Archaludon|Electro Shot|p2a: jihyo
|-resisted|p2a: jihyo
|-damage|p2a: jihyo|19/100
|move|p2b: jeongsachaeng|Phantom Force||[still]
|-prepare|p2b: jeongsachaeng|Phantom Force
|
|-weather|RainDance|[upkeep]
|-heal|p2a: jihyo|25/100|[from] Grassy Terrain
|upkeep
|turn|4
|inactive|ExtraPlanet51 has 30 seconds left.
|inactive|25th_mang has 30 seconds left.
|
|t:|1756955627
|move|p2a: jihyo|Grassy Glide|p1a: Rillaboom
|-supereffective|p1a: Rillaboom
|-damage|p1a: Rillaboom|28/100
|move|p1a: Rillaboom|High Horsepower|p2a: jihyo
|-resisted|p2a: jihyo
|-damage|p2a: jihyo|0 fnt
|faint|p2a: jihyo
|move|p1b: Archaludon|Body Press|p2b: jeongsachaeng|[miss]
|-miss|p1b: Archaludon|p2b: jeongsachaeng
|move|p2b: jeongsachaeng|Phantom Force|p1a: Rillaboom|[from] lockedmove
|-damage|p1a: Rillaboom|0 fnt
|faint|p1a: Rillaboom
|
|-weather|RainDance|[upkeep]
|-sideend|p1: ExtraPlanet51|move: Tailwind
|upkeep
|
|t:|1756955646
|switch|p1a: Basculegion|Basculegion, L50, M|100/100
|switch|p2a: tzuyu|Archaludon, L50, F, shiny|100/100
|turn|5
|inactive|ExtraPlanet51 has 30 seconds left.
|
|t:|1756955673
|switch|p2b: mina|Kingambit, L50, F|100/100
|move|p1a: Basculegion|Last Respects|p2b: mina
|-resisted|p2b: mina
|-damage|p2b: mina|56/100
|move|p2a: tzuyu|Draco Meteor|p1b: Archaludon|[miss]
|-miss|p2a: tzuyu|p1b: Archaludon
|move|p1b: Archaludon|Electro Shot||[still]
|-prepare|p1b: Archaludon|Electro Shot
|-boost|p1b: Archaludon|spa|1
|-anim|p1b: Archaludon|Electro Shot|p2b: mina
|-damage|p2b: mina|0 fnt
|faint|p2b: mina
|
|-weather|none
|-fieldend|move: Grassy Terrain
|upkeep
|
|t:|1756955687
|switch|p2b: jeongsachaeng|Dragapult, L50, F, shiny|100/100
|turn|6
|
|t:|1756955712
|-terastallize|p2b: jeongsachaeng|Dragon
|move|p2b: jeongsachaeng|Dragon Darts|p1a: Basculegion
|-damage|p1a: Basculegion|30/100
|-anim|p2b: jeongsachaeng|Dragon Darts|p1b: Archaludon
|-damage|p1b: Archaludon|75/100
|-ability|p1b: Archaludon|Stamina|boost
|-boost|p1b: Archaludon|def|1
|move|p2a: tzuyu|Draco Meteor|p1b: Archaludon
|-damage|p1b: Archaludon|0 fnt
|-unboost|p2a: tzuyu|spa|2
|faint|p1b: Archaludon
|move|p1a: Basculegion|Last Respects|p2a: tzuyu
|-ability|p2a: tzuyu|Sturdy
|-damage|p2a: tzuyu|1/100
|
|upkeep
|turn|7
|-message|ExtraPlanet51 forfeited.
|
|win|25th_mang
|raw|ExtraPlanet51's rating: 1071 → 1050(-21 for losing)
|raw|25th_mang's rating: 1063 → 1094(+31 for winning)
|l|☆ExtraPlanet51
|player|p1|
