|j|☆Arhanjunior
|j|☆tyninja-1
|html|Arhanjuniortyninja-1    
|uhtml|bestof|Game 2 of a best-of-3
|t:|1782598960
|gametype|doubles
|player|p1|Arhanjunior|266|1075
|player|p2|tyninja-1|ingo|1075
|gen|9
|tier|[Gen 9 Champions] VGC 2026 Reg M-B (Bo3)
|rated|
|rule|Species Clause: Limit one of each Pokémon
|rule|Item Clause: Limit 1 of each item
|clearpoke
|poke|p1|Swampert, L50, M|
|poke|p1|Pelipper, L50, F|
|poke|p1|Archaludon, L50, M|
|poke|p1|Sinistcha, L50|
|poke|p1|Maushold-Four, L50|
|poke|p1|Gholdengo, L50|
|poke|p2|Tinkaton, L50, F|
|poke|p2|Scovillain, L50, F|
|poke|p2|Basculegion, L50, M|
|poke|p2|Raichu, L50, M|
|poke|p2|Hydreigon, L50, M|
|poke|p2|Mudsdale, L50, M|
|teampreview|4
|showteam|p1|Swampert||Swampertite|Damp|HighHorsepower,WaveCrash,IcePunch,Protect|Adamant||M|||50|]Pelipper||FocusSash|Drizzle|Hurricane,WeatherBall,Tailwind,WideGuard|Modest||F|||50|]Archaludon||Leftovers|Stamina|DragonPulse,ElectroShot,AuraSphere,FlashCannon|Modest||M|||50|]Sinistcha||SitrusBerry|Hospitality|MatchaGotcha,TrickRoom,RagePowder,LifeDew|Bold|||||50|]Maushold-Four||ChopleBerry|FriendGuard|SuperFang,FollowMe,RainDance,Protect|Timid|||||50|]Gholdengo||LifeOrb|GoodasGold|MakeItRain,ShadowBall,NastyPlot,Protect|Modest|||||50|
|showteam|p2|Tinkaton||FocusSash|OwnTempo|FakeOut,GigatonHammer,Encore,PlayRough|Impish||F|||50|]Scovillain||Scovillainite|Chlorophyll|Protect,GigaDrain,Flamethrower,Swagger|Timid||F|||50|]Basculegion||LifeOrb|Adaptability|AquaJet,LastRespects,WaveCrash,FlipTurn|Adamant||M|||50|]Raichu||RaichuniteY|LightningRod|ZapCannon,Protect,FakeOut,FocusBlast|Timid||M|||50|]Hydreigon||ChoiceScarf|Levitate|DracoMeteor,Snarl,EarthPower,HydroPump|Modest||M|||50|]Mudsdale||SitrusBerry|OwnTempo|Protect,Earthquake,RockSlide,HighHorsepower|Serious||M|||50|
|inactive|Battle timer is ON: inactive players will automatically lose when time's up. (requested by tyninja-1)
|
|t:|1782598994
|teamsize|p1|4
|teamsize|p2|4
|start
|switch|p1a: Maushold|Maushold-Four, L50|100/100
|switch|p1b: Gholdengo|Gholdengo, L50|100/100
|switch|p2a: Hydreigon|Hydreigon, L50, M|100/100
|switch|p2b: Scovillain|Scovillain, L50, F|100/100
|turn|1
|inactive|tyninja-1 has 30 seconds left.
|inactive|tyninja-1 has 20 seconds left.
|
|t:|1782599030
|switch|p1b: Pelipper|Pelipper, L50, F|100/100
|-weather|RainDance|[from] ability: Drizzle|[of] p1b: Pelipper
|detailschange|p2b: Scovillain|Scovillain-Mega, L50, F
|-mega|p2b: Scovillain|Scovillain|Scovillainite
|move|p2a: Hydreigon|Snarl|p1b: Pelipper|[spread] p1a,p1b
|-crit|p1a: Maushold
|-damage|p1a: Maushold|54/100
|-damage|p1b: Pelipper|70/100
|-unboost|p1a: Maushold|spa|1
|-unboost|p1b: Pelipper|spa|1
|move|p1a: Maushold|Super Fang|p2b: Scovillain
|-damage|p2b: Scovillain|50/100y
|-status|p1a: Maushold|brn|[from] ability: Spicy Spray|[of] p2b: Scovillain
|move|p2b: Scovillain|Flamethrower|p1b: Pelipper
|-resisted|p1b: Pelipper|1
|-damage|p1b: Pelipper|56/100
|
|-weather|RainDance|[upkeep]
|-damage|p1a: Maushold|48/100 brn|[from] brn
|upkeep
|turn|2
|
|t:|1782599051
|move|p2b: Scovillain|Protect|p2b: Scovillain
|-singleturn|p2b: Scovillain|Protect
|move|p1a: Maushold|Follow Me|p1a: Maushold
|-singleturn|p1a: Maushold|move: Follow Me
|move|p2a: Hydreigon|Snarl|p1b: Pelipper|[spread] p1a,p1b
|-damage|p1a: Maushold|19/100 brn
|-damage|p1b: Pelipper|24/100
|-unboost|p1a: Maushold|spa|1
|-unboost|p1b: Pelipper|spa|1
|move|p1b: Pelipper|Hurricane|p2b: Scovillain
|-activate|p2b: Scovillain|move: Protect
|
|-weather|RainDance|[upkeep]
|-damage|p1a: Maushold|13/100 brn|[from] brn
|upkeep
|turn|3
|
|t:|1782599073
|switch|p2b: Tinkaton|Tinkaton, L50, F|100/100
|move|p1b: Pelipper|Wide Guard|p1b: Pelipper
|-singleturn|p1b: Pelipper|Wide Guard
|move|p2a: Hydreigon|Snarl|p1b: Pelipper|[spread] 
|-activate|p1a: Maushold|move: Wide Guard
|-activate|p1b: Pelipper|move: Wide Guard
|move|p1a: Maushold|Super Fang|p2a: Hydreigon
|-damage|p2a: Hydreigon|50/100g
|
|-weather|RainDance|[upkeep]
|-damage|p1a: Maushold|7/100 brn|[from] brn
|upkeep
|turn|4
|
|t:|1782599086
|move|p2b: Tinkaton|Fake Out|p1b: Pelipper
|-damage|p1b: Pelipper|14/100
|cant|p1b: Pelipper|flinch
|move|p2a: Hydreigon|Snarl|p1a: Maushold|[spread] p1a,p1b
|-damage|p1a: Maushold|0 fnt
|-damage|p1b: Pelipper|0 fnt
|faint|p1a: Maushold
|faint|p1b: Pelipper
|
|-weather|RainDance|[upkeep]
|upkeep
|
|t:|1782599094
|switch|p1a: Swampert|Swampert, L50, M|100/100
|switch|p1b: Gholdengo|Gholdengo, L50|100/100
|turn|5
|
|t:|1782599111
|detailschange|p1a: Swampert|Swampert-Mega, L50, M
|-mega|p1a: Swampert|Swampert|Swampertite
|move|p2a: Hydreigon|Snarl|p1a: Swampert|[spread] p1a,p1b
|-supereffective|p1b: Gholdengo|1
|-damage|p1a: Swampert|77/100
|-damage|p1b: Gholdengo|50/100g
|-unboost|p1a: Swampert|spa|1
|-unboost|p1b: Gholdengo|spa|1
|move|p1a: Swampert|Ice Punch|p2a: Hydreigon
|-supereffective|p2a: Hydreigon|1
|-damage|p2a: Hydreigon|0 fnt
|faint|p2a: Hydreigon
|move|p2b: Tinkaton|Play Rough|p1a: Swampert
|-damage|p1a: Swampert|49/100
|move|p1b: Gholdengo|Nasty Plot|p1b: Gholdengo
|-boost|p1b: Gholdengo|spa|2
|
|-weather|none
|upkeep
|
|t:|1782599131
|switch|p2a: Scovillain|Scovillain-Mega, L50, F|50/100y
|turn|6
|
|t:|1782599140
|move|p2a: Scovillain|Giga Drain|p1a: Swampert
|-supereffective|p1a: Swampert|2
|-damage|p1a: Swampert|0 fnt
|-heal|p2a: Scovillain|75/100|[from] drain|[of] p1a: Swampert
|faint|p1a: Swampert
|move|p2b: Tinkaton|Gigaton Hammer|p1b: Gholdengo
|-resisted|p1b: Gholdengo|1
|-damage|p1b: Gholdengo|20/100y
|move|p1b: Gholdengo|Make It Rain|p2a: Scovillain|[spread] p2a,p2b
|-resisted|p2a: Scovillain|1
|-damage|p2a: Scovillain|13/100
|-enditem|p2b: Tinkaton|Focus Sash
|-damage|p2b: Tinkaton|1/100
|-unboost|p1b: Gholdengo|spa|2
|-status|p1b: Gholdengo|brn|[from] ability: Spicy Spray|[of] p2a: Scovillain
|-damage|p1b: Gholdengo|10/100 brn|[from] item: Life Orb
|
|-damage|p1b: Gholdengo|4/100 brn|[from] brn
|upkeep
|turn|7
|
|t:|1782599162
|move|p2a: Scovillain|Flamethrower|p1b: Gholdengo
|-supereffective|p1b: Gholdengo|1
|-damage|p1b: Gholdengo|0 fnt
|faint|p1b: Gholdengo
|
|win|tyninja-1
|raw|Arhanjunior's rating: 1075 → 1054(-21 for losing)
|raw|tyninja-1's rating: 1075 → 1104(+29 for winning)
|l|☆tyninja-1
|player|p2|
