|j|☆stevie.bot
|j|☆Dkelly1126
|html|stevie.botDkelly1126    
|uhtml|bestof|Game 2 of a best-of-3
|t:|1756153889
|gametype|doubles
|player|p1|stevie.bot|liza|1288
|player|p2|Dkelly1126|blue|1204
|gen|9
|tier|[Gen 9] VGC 2025 Reg H (Bo3)
|rated|
|rule|Species Clause: Limit one of each Pokémon
|rule|Item Clause: Limit 1 of each item
|clearpoke
|poke|p1|Sneasler, L50, F|
|poke|p1|Dragapult, L50, M|
|poke|p1|Primarina, L50, M|
|poke|p1|Rillaboom, L50, F|
|poke|p1|Kingambit, L50, F|
|poke|p1|Magmar, L50, F|
|poke|p2|Talonflame, L50, F|
|poke|p2|Ursaluna-Bloodmoon, L50, M|
|poke|p2|Electabuzz, L50, M|
|poke|p2|Dragonite, L50, M|
|poke|p2|Indeedee, L50, M|
|poke|p2|Sneasler, L50, M|
|teampreview|4
|showteam|p1|Sneasler||FocusSash|PoisonTouch|CloseCombat,DireClaw,FakeOut,Protect|||F|||50|,,,,,Stellar]Dragapult||ChoiceBand|ClearBody|DragonDarts,TeraBlast,PhantomForce,Uturn|||M|||50|,,,,,Ghost]Primarina||SitrusBerry|LiquidVoice|HyperVoice,Moonblast,Haze,Protect|||M|||50|,,,,,Water]Rillaboom||AssaultVest|GrassySurge|WoodHammer,GrassyGlide,HighHorsepower,FakeOut|||F|||50|,,,,,Fire]Kingambit||BlackGlasses|Defiant|KowtowCleave,SuckerPunch,SwordsDance,Protect|||F|||50|,,,,,Ghost]Magmar||Eviolite|VitalSpirit|Overheat,WillOWisp,FollowMe,Protect|||F|||50|,,,,,Fairy
|showteam|p2|Talonflame||CovertCloak|GaleWings|Tailwind,DualWingbeat,WillOWisp,FlareBlitz|||F|||50|,,,,,Fairy]Ursaluna-Bloodmoon||LifeOrb|MindsEye|BloodMoon,Protect,HyperVoice,EarthPower|||M|||50|,,,,,Normal]Electabuzz||Eviolite|VitalSpirit|FollowMe,Electroweb,Protect,Taunt|||M|||50|,,,,,Ghost]Dragonite||LoadedDice|Multiscale|ScaleShot,StompingTantrum,Haze,Protect|||M|||50|,,,,,Fairy]Indeedee||FocusSash|PsychicSurge|ExpandingForce,TrickRoom,Imprison,HelpingHand|||M|||50|,,,,,Psychic]Sneasler||PsychicSeed|Unburden|DireClaw,CloseCombat,ThroatChop,Protect|||M|||50|,,,,,Dark
|inactive|Battle timer is ON: inactive players will automatically lose when time's up. (requested by stevie.bot)
|
|t:|1756153917
|teamsize|p1|4
|teamsize|p2|4
|start
|switch|p1a: Sneasler|Sneasler, L50, F|100/100
|switch|p1b: Primarina|Primarina, L50, M|100/100
|switch|p2a: Talonflame|Talonflame, L50, F|100/100
|switch|p2b: Ursaluna|Ursaluna-Bloodmoon, L50, M|100/100
|turn|1
|inactive|Dkelly1126 has 30 seconds left.
|
|t:|1756153944
|-terastallize|p1b: Primarina|Water
|move|p2b: Ursaluna|Protect|p2b: Ursaluna
|-singleturn|p2b: Ursaluna|Protect
|move|p1a: Sneasler|Fake Out|p2b: Ursaluna
|-activate|p2b: Ursaluna|move: Protect
|move|p2a: Talonflame|Tailwind|p2a: Talonflame
|-sidestart|p2: Dkelly1126|move: Tailwind
|move|p1b: Primarina|Hyper Voice|p2b: Ursaluna|[spread] p2a
|-activate|p2b: Ursaluna|move: Protect
|-supereffective|p2a: Talonflame
|-damage|p2a: Talonflame|0 fnt
|faint|p2a: Talonflame
|
|upkeep
|
|t:|1756153962
|switch|p2a: Electabuzz|Electabuzz, L50, M|100/100
|turn|2
|
|t:|1756153982
|-terastallize|p2b: Ursaluna|Normal
|move|p1b: Primarina|Protect|p1b: Primarina
|-singleturn|p1b: Primarina|Protect
|move|p2a: Electabuzz|Follow Me|p2a: Electabuzz
|-singleturn|p2a: Electabuzz|move: Follow Me
|move|p2b: Ursaluna|Blood Moon|p1b: Primarina
|-activate|p1b: Primarina|move: Protect
|move|p1a: Sneasler|Close Combat|p2a: Electabuzz
|-damage|p2a: Electabuzz|52/100
|-unboost|p1a: Sneasler|def|1
|-unboost|p1a: Sneasler|spd|1
|
|upkeep
|turn|3
|
|t:|1756153999
|move|p2b: Ursaluna|Protect|p2b: Ursaluna
|-singleturn|p2b: Ursaluna|Protect
|move|p2a: Electabuzz|Electroweb|p1b: Primarina|[spread] p1a
|-miss|p2a: Electabuzz|p1b: Primarina
|-damage|p1a: Sneasler|71/100
|-unboost|p1a: Sneasler|spe|1
|move|p1a: Sneasler|Close Combat|p2a: Electabuzz
|-damage|p2a: Electabuzz|6/100
|-unboost|p1a: Sneasler|def|1
|-unboost|p1a: Sneasler|spd|1
|move|p1b: Primarina|Hyper Voice|p2a: Electabuzz|[spread] p2a
|-activate|p2b: Ursaluna|move: Protect
|-damage|p2a: Electabuzz|0 fnt
|faint|p2a: Electabuzz
|
|upkeep
|
|t:|1756154014
|switch|p2a: Dragonite|Dragonite, L50, M|100/100
|turn|4
|
|t:|1756154022
|switch|p1a: Kingambit|Kingambit, L50, F|100/100
|move|p1b: Primarina|Protect|p1b: Primarina
|-singleturn|p1b: Primarina|Protect
|move|p2a: Dragonite|Scale Shot|p1b: Primarina
|-activate|p1b: Primarina|move: Protect
|move|p2b: Ursaluna|Hyper Voice|p1b: Primarina|[spread] p1a
|-activate|p1b: Primarina|move: Protect
|-resisted|p1a: Kingambit
|-damage|p1a: Kingambit|70/100
|-damage|p2b: Ursaluna|91/100|[from] item: Life Orb
|
|-sideend|p2: Dkelly1126|move: Tailwind
|upkeep
|turn|5
|
|t:|1756154045
|move|p2a: Dragonite|Stomping Tantrum|p1a: Kingambit
|-supereffective|p1a: Kingambit
|-damage|p1a: Kingambit|25/100
|move|p2b: Ursaluna|Blood Moon|p1b: Primarina
|-damage|p1b: Primarina|0 fnt
|faint|p1b: Primarina
|-damage|p2b: Ursaluna|81/100|[from] item: Life Orb
|move|p1a: Kingambit|Kowtow Cleave|p2a: Dragonite
|-damage|p2a: Dragonite|67/100
|
|upkeep
|
|t:|1756154057
|switch|p1b: Dragapult|Dragapult, L50, M|100/100
|turn|6
|
|t:|1756154071
|move|p1a: Kingambit|Sucker Punch|p2b: Ursaluna
|-damage|p2b: Ursaluna|43/100
|move|p1b: Dragapult|Dragon Darts|p2a: Dragonite
|-supereffective|p2a: Dragonite
|-damage|p2a: Dragonite|0 fnt
|-anim|p1b: Dragapult|Dragon Darts|p2b: Ursaluna
|-damage|p2b: Ursaluna|12/100
|faint|p2a: Dragonite
|move|p2b: Ursaluna|Hyper Voice|p1b: Dragapult|[spread] p1a,p1b
|-resisted|p1a: Kingambit
|-damage|p1a: Kingambit|0 fnt
|-damage|p1b: Dragapult|10/100
|faint|p1a: Kingambit
|-damage|p2b: Ursaluna|3/100|[from] item: Life Orb
|
|upkeep
|
|t:|1756154076
|switch|p1a: Sneasler|Sneasler, L50, F|71/100
|turn|7
|
|t:|1756154085
|move|p1b: Dragapult|Dragon Darts|p2b: Ursaluna
|-crit|p2b: Ursaluna
|-damage|p2b: Ursaluna|0 fnt
|faint|p2b: Ursaluna
|
|win|stevie.bot
|raw|stevie.bot's rating: 1288 → 1307(+19 for winning)
|raw|Dkelly1126's rating: 1204 → 1185(-19 for losing)
