|j|☆KingNoahC17
|j|☆castoriceball
|html|KingNoahC17castoriceball    
|uhtml|bestof|Game 3 of a best-of-3
|t:|1785143237
|gametype|doubles
|player|p1|KingNoahC17|101|
|player|p2|castoriceball|miku-flying|
|gen|9
|tier|[Gen 9 Champions] VGC 2026 Reg M-B (Bo3)
|rule|Species Clause: Limit one of each Pokémon
|rule|Item Clause: Limit 1 of each item
|clearpoke
|poke|p1|Grimmsnarl, L50, M|
|poke|p1|Scovillain, L50, F|
|poke|p1|Kommo-o, L50, M|
|poke|p1|Metagross, L50|
|poke|p1|Milotic, L50, M|
|poke|p1|Hydreigon, L50, M|
|poke|p2|Glimmora, L50, M, shiny|
|poke|p2|Ninetales-Alola, L50, F, shiny|
|poke|p2|Talonflame, L50, M, shiny|
|poke|p2|Basculegion, L50, M, shiny|
|poke|p2|Kommo-o, L50, M, shiny|
|poke|p2|Kingambit, L50, F, shiny|
|teampreview|4
|showteam|p1|Grimmsnarl||LightClay|Prankster|Reflect,LightScreen,PartingShot,SpiritBreak|Careful||M|||50|]Scovillain||Scovillainite|Chlorophyll|RagePowder,Protect,Overheat,GigaDrain|Bold||F|||50|]Kommo-o||SitrusBerry|Soundproof|ClangingScales,Protect,ClangorousSoul,AuraSphere|Modest||M|||50|]Metagross||Metagrossite|ClearBody|Protect,PsychicFangs,IronHead,StompingTantrum|Jolly|||||50|]Milotic||Leftovers|Competitive|MuddyWater,Hypnosis,Coil,Recover|Calm||M|||50|]Hydreigon||ChoiceScarf|Levitate|DracoMeteor,DarkPulse,Snarl,EarthPower|Modest||M|||50|
|showteam|p2|Glimmora||Glimmoranite|ToxicDebris|PowerGem,SludgeBomb,EarthPower,SpikyShield|Modest||M|||50|]Ninetales-Alola||NeverMeltIce|SnowWarning|Blizzard,FreezeDry,Encore,Protect|Timid||F|||50|]Talonflame||SharpBeak|GaleWings|DualWingbeat,FlareBlitz,Tailwind,Protect|Jolly||M|||50|]Basculegion||ChoiceScarf|Adaptability|WaveCrash,AquaJet,FlipTurn,LastRespects|Jolly||M|||50|]Kommo-o||LifeOrb|Overcoat|ClangingScales,DracoMeteor,AuraSphere,Protect|Modest||M|||50|]Kingambit||FocusSash|Defiant|SuckerPunch,KowtowCleave,IronHead,LowKick|Adamant||F|||50|
|inactive|Battle timer is ON: inactive players will automatically lose when time's up. (requested by KingNoahC17)
|inactive|KingNoahC17 has 60 seconds left.
|
|t:|1785143275
|teamsize|p1|4
|teamsize|p2|4
|start
|switch|p1a: Grimmsnarl|Grimmsnarl, L50, M|100/100
|switch|p1b: Metagross|Metagross, L50|100/100
|switch|p2a: Cringegambit|Kingambit, L50, F, shiny|100/100
|switch|p2b: Basculegend|Basculegion, L50, M, shiny|100/100
|turn|1
|inactive|castoriceball has 30 seconds left.
|inactive|KingNoahC17 has 30 seconds left.
|
|t:|1785143306
|detailschange|p1b: Metagross|Metagross-Mega, L50
|-mega|p1b: Metagross|Metagross|Metagrossite
|move|p1a: Grimmsnarl|Reflect|p1a: Grimmsnarl
|-sidestart|p1: KingNoahC17|Reflect
|move|p2b: Basculegend|Flip Turn|p1a: Grimmsnarl
|-damage|p1a: Grimmsnarl|72/100
|
|t:|1785143314
|switch|p2b: Nuke.|Glimmora, L50, M, shiny|100/100|[from] Flip Turn
|move|p1b: Metagross|Stomping Tantrum|p2a: Cringegambit
|-supereffective|p2a: Cringegambit|1
|-damage|p2a: Cringegambit|33/100
|move|p2a: Cringegambit|Kowtow Cleave|p1b: Metagross
|-supereffective|p1b: Metagross|1
|-damage|p1b: Metagross|47/100
|
|upkeep
|turn|2
|inactive|castoriceball has 30 seconds left.
|
|t:|1785143339
|detailschange|p2b: Nuke.|Glimmora-Mega, L50, M, shiny
|-mega|p2b: Nuke.|Glimmora|Glimmoranite
|move|p1b: Metagross|Protect|p1b: Metagross
|-singleturn|p1b: Metagross|Protect
|move|p2a: Cringegambit|Sucker Punch||[still]
|-fail|p2a: Cringegambit
|move|p1a: Grimmsnarl|Parting Shot|p2b: Nuke.
|-unboost|p2b: Nuke.|atk|1
|-unboost|p2b: Nuke.|spa|1
|
|t:|1785143348
|switch|p1a: Hydreigon|Hydreigon, L50, M|100/100|[from] Parting Shot
|move|p2b: Nuke.|Sludge Bomb|p1a: Hydreigon
|-damage|p1a: Hydreigon|39/100
|
|upkeep
|turn|3
|
|t:|1785143367
|move|p1a: Hydreigon|Earth Power|p2b: Nuke.
|-supereffective|p2b: Nuke.|2
|-damage|p2b: Nuke.|0 fnt
|faint|p2b: Nuke.
|move|p1b: Metagross|Stomping Tantrum|p2a: Cringegambit
|-supereffective|p2a: Cringegambit|1
|-damage|p2a: Cringegambit|0 fnt
|faint|p2a: Cringegambit
|
|upkeep
|
|t:|1785143377
|switch|p2b: Komm-OH-NOOO|Kommo-o, L50, M, shiny|100/100
|switch|p2a: Basculegend|Basculegion, L50, M, shiny|100/100
|turn|4
|
|t:|1785143393
|switch|p1a: Grimmsnarl|Grimmsnarl, L50, M|72/100
|move|p2a: Basculegend|Last Respects|p1b: Metagross
|-supereffective|p1b: Metagross|1
|-damage|p1b: Metagross|0 fnt
|faint|p1b: Metagross
|move|p2b: Komm-OH-NOOO|Clanging Scales|p1a: Grimmsnarl
|-immune|p1a: Grimmsnarl
|
|upkeep
|
|t:|1785143404
|switch|p1b: Hydreigon|Hydreigon, L50, M|39/100
|turn|5
|
|t:|1785143411
|move|p1a: Grimmsnarl|Parting Shot|p2a: Basculegend
|-unboost|p2a: Basculegend|atk|1
|-unboost|p2a: Basculegend|spa|1
|
|t:|1785143415
|switch|p1a: Milotic|Milotic, L50, M|100/100|[from] Parting Shot
|move|p1b: Hydreigon|Draco Meteor|p2b: Komm-OH-NOOO
|-supereffective|p2b: Komm-OH-NOOO|1
|-damage|p2b: Komm-OH-NOOO|0 fnt
|-unboost|p1b: Hydreigon|spa|2
|faint|p2b: Komm-OH-NOOO
|move|p2a: Basculegend|Last Respects|p1a: Milotic
|-damage|p1a: Milotic|50/100g
|
|-heal|p1a: Milotic|56/100|[from] item: Leftovers
|upkeep
|turn|6
|
|t:|1785143426
|switch|p1b: Grimmsnarl|Grimmsnarl, L50, M|72/100
|move|p2a: Basculegend|Last Respects|p1a: Milotic
|-damage|p1a: Milotic|12/100
|move|p1a: Milotic|Muddy Water|p2a: Basculegend
|-resisted|p2a: Basculegend|1
|-damage|p2a: Basculegend|83/100
|
|-heal|p1a: Milotic|18/100|[from] item: Leftovers
|upkeep
|turn|7
|
|t:|1785143435
|move|p2a: Basculegend|Last Respects|p1a: Milotic
|-damage|p1a: Milotic|0 fnt
|faint|p1a: Milotic
|move|p1b: Grimmsnarl|Spirit Break|p2a: Basculegend
|-damage|p2a: Basculegend|43/100
|-unboost|p2a: Basculegend|spa|1
|
|upkeep
|
|t:|1785143438
|switch|p1a: Hydreigon|Hydreigon, L50, M|39/100
|turn|8
|-message|castoriceball forfeited.
|
|win|KingNoahC17
