|j|☆heisenwerg
|j|☆Hazard_yesir
|html|heisenwergHazard_yesir    
|uhtml|bestof|Game 2 of a best-of-3
|t:|1782727585
|gametype|doubles
|player|p1|heisenwerg|169|1040
|player|p2|Hazard_yesir|266|1144
|gen|9
|tier|[Gen 9 Champions] VGC 2026 Reg M-B (Bo3)
|rated|
|rule|Species Clause: Limit one of each Pokémon
|rule|Item Clause: Limit 1 of each item
|clearpoke
|poke|p1|Incineroar, L50, M|
|poke|p1|Floette-Eternal, L50, F|
|poke|p1|Sneasler, L50, F|
|poke|p1|Kingambit, L50, M|
|poke|p1|Gengar, L50, F|
|poke|p1|Kommo-o, L50, M|
|poke|p2|Eelektross, L50, F|
|poke|p2|Pelipper, L50, M|
|poke|p2|Raichu, L50, F|
|poke|p2|Mamoswine, L50, M|
|poke|p2|Noivern, L50, F|
|poke|p2|Garchomp, L50, M|
|teampreview|4
|showteam|p1|Incineroar||PasshoBerry|Intimidate|Protect,FlareBlitz,FakeOut,PartingShot|Careful||M|||50|]Floette-Eternal||Floettite|FlowerVeil|LightofRuin,DazzlingGleam,Moonblast,Protect|Timid||F|||50|]Sneasler||WhiteHerb|Unburden|DireClaw,FakeOut,CloseCombat,Protect|Adamant||F|||50|]Kingambit||BlackGlasses|Defiant|KowtowCleave,SwordsDance,SuckerPunch,Protect|Adamant||M|||50|]Gengar||Gengarite|CursedBody|ShadowBall,PerishSong,Disable,Protect|Timid||F|||50|]Kommo-o||Leftovers|Soundproof|ClangingScales,AuraSphere,ClangorousSoul,Protect|Timid||M|||50|
|showteam|p2|Eelektross||Eelektrossite|Levitate|Discharge,Flamethrower,DragonPulse,Protect|Modest||F|||50|]Pelipper||FocusSash|Drizzle|WeatherBall,Hurricane,WideGuard,IcyWind|Timid||M|||50|]Raichu||SitrusBerry|LightningRod|FakeOut,Nuzzle,VoltSwitch,Encore|Timid||F|||50|]Mamoswine||LifeOrb|Oblivious|Earthquake,IcicleCrash,IceShard,Protect|Adamant||M|||50|]Noivern||Leftovers|Telepathy|Tailwind,DragonCheer,SuperFang,AirSlash|Timid||F|||50|]Garchomp||ScopeLens|RoughSkin|Earthquake,DragonClaw,RockSlide,Protect|Jolly||M|||50|
|inactive|Battle timer is ON: inactive players will automatically lose when time's up. (requested by heisenwerg)
|inactive|heisenwerg has 60 seconds left.
|
|t:|1782727637
|teamsize|p1|4
|teamsize|p2|4
|start
|switch|p1a: Gengar|Gengar, L50, F|100/100
|switch|p1b: Incineroar|Incineroar, L50, M|100/100
|switch|p2a: Noivern|Noivern, L50, F|100/100
|switch|p2b: Garchomp|Garchomp, L50, M|100/100
|-ability|p1b: Incineroar|Intimidate|boost
|-unboost|p2a: Noivern|atk|1
|-unboost|p2b: Garchomp|atk|1
|turn|1
|inactive|heisenwerg has 30 seconds left.
|inactive|Hazard_yesir has 30 seconds left.
|
|t:|1782727667
|detailschange|p1a: Gengar|Gengar-Mega, L50, F
|-mega|p1a: Gengar|Gengar|Gengarite
|move|p1b: Incineroar|Fake Out|p2b: Garchomp
|-damage|p2b: Garchomp|88/100
|-damage|p1b: Incineroar|87/100|[from] ability: Rough Skin|[of] p2b: Garchomp
|move|p1a: Gengar|Perish Song|p1a: Gengar
|-start|p1a: Gengar|perish3|[silent]
|-start|p1b: Incineroar|perish3|[silent]
|-start|p2a: Noivern|perish3|[silent]
|-start|p2b: Garchomp|perish3|[silent]
|-fieldactivate|move: Perish Song
|move|p2a: Noivern|Dragon Cheer|p2b: Garchomp
|-start|p2b: Garchomp|move: Dragon Cheer
|cant|p2b: Garchomp|flinch
|
|-start|p1a: Gengar|perish3
|-start|p2a: Noivern|perish3
|-start|p2b: Garchomp|perish3
|-start|p1b: Incineroar|perish3
|upkeep
|turn|2
|inactive|heisenwerg has 30 seconds left.
|
|t:|1782727693
|move|p1a: Gengar|Protect|p1a: Gengar
|-singleturn|p1a: Gengar|Protect
|move|p1b: Incineroar|Protect|p1b: Incineroar
|-singleturn|p1b: Incineroar|Protect
|move|p2a: Noivern|Tailwind|p2a: Noivern
|-sidestart|p2: Hazard_yesir|move: Tailwind
|move|p2b: Garchomp|Earthquake|p1b: Incineroar|[spread] 
|-activate|p1a: Gengar|move: Protect
|-activate|p1b: Incineroar|move: Protect
|-activate|p2a: Noivern|ability: Telepathy
|
|-start|p2a: Noivern|perish2
|-start|p2b: Garchomp|perish2
|-start|p1a: Gengar|perish2
|-start|p1b: Incineroar|perish2
|upkeep
|turn|3
|inactive|heisenwerg has 30 seconds left.
|inactive|heisenwerg has 20 seconds left.
|inactive|heisenwerg has 15 seconds left.
|
|t:|1782727735
|switch|p1a: Floette|Floette-Eternal, L50, F|100/100
|move|p2a: Noivern|Super Fang|p1b: Incineroar
|-damage|p1b: Incineroar|44/100
|move|p2b: Garchomp|Earthquake|p1b: Incineroar|[spread] p1a,p1b
|-activate|p2a: Noivern|ability: Telepathy
|-crit|p1a: Floette
|-supereffective|p1b: Incineroar|1
|-crit|p1b: Incineroar
|-damage|p1a: Floette|8/100
|-damage|p1b: Incineroar|0 fnt
|faint|p1b: Incineroar
|
|-start|p2a: Noivern|perish1
|-start|p2b: Garchomp|perish1
|upkeep
|
|t:|1782727753
|switch|p1b: Gengar|Gengar-Mega, L50, F|100/100
|turn|4
|
|t:|1782727766
|move|p1b: Gengar|Protect|p1b: Gengar
|-singleturn|p1b: Gengar|Protect
|move|p2a: Noivern|Air Slash|p1a: Floette
|-damage|p1a: Floette|0 fnt
|faint|p1a: Floette
|move|p2b: Garchomp|Earthquake|p1b: Gengar|[spread] 
|-activate|p1b: Gengar|move: Protect
|-activate|p2a: Noivern|ability: Telepathy
|
|-start|p2a: Noivern|perish0
|-start|p2b: Garchomp|perish0
|faint|p2a: Noivern
|faint|p2b: Garchomp
|upkeep
|c|☆Hazard_yesir|your strat sucks
|
|t:|1782727779
|switch|p2a: Eelektross|Eelektross, L50, F|100/100
|switch|p2b: Raichu|Raichu, L50, F|100/100
|switch|p1a: Sneasler|Sneasler, L50, F|100/100
|turn|5
|inactive|heisenwerg has 30 seconds left.
|
|t:|1782727806
|detailschange|p2a: Eelektross|Eelektross-Mega, L50, F
|-mega|p2a: Eelektross|Eelektross|Eelektrossite
|move|p2b: Raichu|Fake Out|p1a: Sneasler
|-damage|p1a: Sneasler|87/100
|cant|p1a: Sneasler|flinch
|move|p2a: Eelektross|Discharge|p1b: Gengar|[spread] p1a,p1b
|-ability|p2b: Raichu|Lightning Rod|boost
|-boost|p2b: Raichu|spa|1
|-crit|p1a: Sneasler
|-damage|p1a: Sneasler|17/100
|-damage|p1b: Gengar|58/100
|move|p1b: Gengar|Perish Song|p1b: Gengar
|-start|p1a: Sneasler|perish3|[silent]
|-start|p1b: Gengar|perish3|[silent]
|-start|p2a: Eelektross|perish3|[silent]
|-start|p2b: Raichu|perish3|[silent]
|-fieldactivate|move: Perish Song
|
|-start|p2b: Raichu|perish3
|-start|p2a: Eelektross|perish3
|-start|p1b: Gengar|perish3
|-start|p1a: Sneasler|perish3
|-sideend|p2: Hazard_yesir|move: Tailwind
|upkeep
|turn|6
|inactive|heisenwerg has 30 seconds left.
|
|t:|1782727838
|move|p1b: Gengar|Protect|p1b: Gengar
|-singleturn|p1b: Gengar|Protect
|move|p2b: Raichu|Volt Switch|p1a: Sneasler
|-damage|p1a: Sneasler|0 fnt
|faint|p1a: Sneasler
|move|p2a: Eelektross|Discharge|p1b: Gengar|[spread] 
|-activate|p1b: Gengar|move: Protect
|-ability|p2b: Raichu|Lightning Rod|boost
|-boost|p2b: Raichu|spa|1
|
|-start|p1b: Gengar|perish2
|-start|p2b: Raichu|perish2
|-start|p2a: Eelektross|perish2
|upkeep
|turn|7
|
|t:|1782727855
|move|p1b: Gengar|Disable|p2b: Raichu
|-start|p2b: Raichu|Disable|Volt Switch
|cant|p2b: Raichu|Disable|Volt Switch
|move|p2a: Eelektross|Discharge|p1b: Gengar|[spread] p1b
|-ability|p2b: Raichu|Lightning Rod|boost
|-boost|p2b: Raichu|spa|1
|-damage|p1b: Gengar|22/100
|
|-start|p1b: Gengar|perish1
|-start|p2b: Raichu|perish1
|-start|p2a: Eelektross|perish1
|upkeep
|turn|8
|
|t:|1782727872
|move|p1b: Gengar|Protect|p1b: Gengar
|-singleturn|p1b: Gengar|Protect
|move|p2b: Raichu|Nuzzle|p1b: Gengar
|-activate|p1b: Gengar|move: Protect
|move|p2a: Eelektross|Discharge|p1b: Gengar|[spread] 
|-activate|p1b: Gengar|move: Protect
|-ability|p2b: Raichu|Lightning Rod|boost
|-boost|p2b: Raichu|spa|1
|
|-start|p1b: Gengar|perish0
|-start|p2b: Raichu|perish0
|-start|p2a: Eelektross|perish0
|faint|p1b: Gengar
|faint|p2b: Raichu
|faint|p2a: Eelektross
|
|win|Hazard_yesir
|raw|heisenwerg's rating: 1040 → 1029(-11 for losing)
|raw|Hazard_yesir's rating: 1144 → 1162(+18 for winning)
|l|☆Hazard_yesir
|player|p2|
