|j|☆cooledoregon
|j|☆TeyVgc
|html|cooledoregonTeyVgc    
|uhtml|bestof|Game 2 of a best-of-3
|t:|1783439715
|gametype|doubles
|player|p1|cooledoregon|2|1257
|player|p2|TeyVgc|rood|1305
|gen|9
|tier|[Gen 9 Champions] VGC 2026 Reg M-B (Bo3)
|rated|
|rule|Species Clause: Limit one of each Pokémon
|rule|Item Clause: Limit 1 of each item
|clearpoke
|poke|p1|Aerodactyl, L50, F|
|poke|p1|Meganium, L50, F|
|poke|p1|Rotom-Wash, L50|
|poke|p1|Sneasler, L50, F|
|poke|p1|Incineroar, L50, F|
|poke|p1|Farigiraf, L50, M|
|poke|p2|Raichu, L50, F|
|poke|p2|Sinistcha, L50|
|poke|p2|Ceruledge, L50, F|
|poke|p2|Milotic, L50, M|
|poke|p2|Incineroar, L50, F|
|poke|p2|Floette-Eternal, L50, F|
|teampreview|4
|showteam|p1|Aerodactyl||Aerodactylite|Unnerve|RockSlide,DualWingbeat,IceFang,Tailwind|Jolly||F|||50|]Meganium||Meganiumite|Overgrow|SolarBeam,WeatherBall,DazzlingGleam,Protect|Modest||F|||50|]Rotom-Wash||ChoiceScarf|Levitate|VoltSwitch,Electroweb,HydroPump,Thunderbolt|Timid|||||50|]Sneasler||WhiteHerb|Unburden|FakeOut,DireClaw,CloseCombat,Protect|Jolly||F|||50|]Incineroar||SitrusBerry|Intimidate|PartingShot,FakeOut,ThroatChop,FlareBlitz|Careful||F|||50|]Farigiraf||ColburBerry|ArmorTail|Thunderbolt,TrickRoom,Protect,MirrorCoat|Bold||M|||50|
|showteam|p2|Raichu||RaichuniteY|LightningRod|ZapCannon,FocusBlast,FakeOut,Protect|Timid||F|||50|]Sinistcha||KasibBerry|Hospitality|MatchaGotcha,LifeDew,RagePowder,Protect|Relaxed|||||50|]Ceruledge||ColburBerry|FlashFire|BitterBlade,ShadowSneak,BulkUp,Protect|Adamant||F|||50|]Milotic||Leftovers|Competitive|MuddyWater,Coil,Hypnosis,Protect|Calm||M|||50|]Incineroar||SitrusBerry|Intimidate|FlareBlitz,ThroatChop,FakeOut,PartingShot|Impish||F|||50|]Floette-Eternal||Floettite|FlowerVeil|CalmMind,Protect,Moonblast,DazzlingGleam|Modest||F|||50|
|inactive|Battle timer is ON: inactive players will automatically lose when time's up. (requested by cooledoregon)
|inactive|cooledoregon has 60 seconds left.
|
|t:|1783439750
|teamsize|p1|4
|teamsize|p2|4
|start
|switch|p1a: Sneasler|Sneasler, L50, F|100/100
|switch|p1b: Meganium|Meganium, L50, F|100/100
|switch|p2a: Incineroar|Incineroar, L50, F|100/100
|switch|p2b: Floette|Floette-Eternal, L50, F|100/100
|-ability|p2a: Incineroar|Intimidate|boost
|-unboost|p1a: Sneasler|atk|1
|-unboost|p1b: Meganium|atk|1
|-enditem|p1a: Sneasler|White Herb
|-clearnegativeboost|p1a: Sneasler|[silent]
|turn|1
|
|t:|1783439769
|detailschange|p2b: Floette|Floette-Mega, L50, F
|-mega|p2b: Floette|Floette|Floettite
|-ability|p2b: Floette|Fairy Aura
|detailschange|p1b: Meganium|Meganium-Mega, L50, F
|-mega|p1b: Meganium|Meganium|Meganiumite
|move|p2a: Incineroar|Fake Out|p1a: Sneasler
|-damage|p1a: Sneasler|80/100
|cant|p1a: Sneasler|flinch
|move|p2b: Floette|Calm Mind|p2b: Floette
|-boost|p2b: Floette|spa|1
|-boost|p2b: Floette|spd|1
|move|p1b: Meganium|Weather Ball|p2a: Incineroar
|-resisted|p2a: Incineroar|1
|-damage|p2a: Incineroar|72/100
|
|upkeep
|turn|2
|inactive|cooledoregon has 30 seconds left.
|
|t:|1783439798
|move|p2b: Floette|Protect|p2b: Floette
|-singleturn|p2b: Floette|Protect
|move|p1a: Sneasler|Close Combat|p2a: Incineroar
|-supereffective|p2a: Incineroar|1
|-damage|p2a: Incineroar|0 fnt
|-unboost|p1a: Sneasler|def|1
|-unboost|p1a: Sneasler|spd|1
|faint|p2a: Incineroar
|move|p1b: Meganium|Weather Ball|p2b: Floette
|-activate|p2b: Floette|move: Protect
|
|upkeep
|
|t:|1783439804
|switch|p2a: Sinistcha|Sinistcha, L50|100/100
|turn|3
|
|t:|1783439813
|switch|p1a: Rotom|Rotom-Wash, L50|100/100
|move|p1b: Meganium|Protect|p1b: Meganium
|-singleturn|p1b: Meganium|Protect
|move|p2a: Sinistcha|Rage Powder|p2a: Sinistcha
|-singleturn|p2a: Sinistcha|move: Rage Powder
|move|p2b: Floette|Dazzling Gleam|p1b: Meganium|[spread] p1a
|-activate|p1b: Meganium|move: Protect
|-damage|p1a: Rotom|27/100
|
|upkeep
|turn|4
|inactive|cooledoregon has 30 seconds left.
|
|t:|1783439841
|move|p2a: Sinistcha|Protect|p2a: Sinistcha
|-singleturn|p2a: Sinistcha|Protect
|move|p1a: Rotom|Electroweb|p2b: Floette|[spread] p2b
|-activate|p2a: Sinistcha|move: Protect
|-damage|p2b: Floette|91/100
|-unboost|p2b: Floette|spe|1
|move|p1b: Meganium|Dazzling Gleam|p2a: Sinistcha|[spread] p2b
|-activate|p2a: Sinistcha|move: Protect
|-damage|p2b: Floette|68/100
|move|p2b: Floette|Dazzling Gleam|p1b: Meganium|[spread] p1a,p1b
|-damage|p1a: Rotom|0 fnt
|-damage|p1b: Meganium|33/100
|faint|p1a: Rotom
|
|upkeep
|
|t:|1783439856
|switch|p1a: Incineroar|Incineroar, L50, F|100/100
|-ability|p1a: Incineroar|Intimidate|boost
|-unboost|p2a: Sinistcha|atk|1
|-unboost|p2b: Floette|atk|1
|turn|5
|
|t:|1783439869
|switch|p2a: Milotic|Milotic, L50, M|100/100
|move|p2b: Floette|Protect|p2b: Floette
|-singleturn|p2b: Floette|Protect
|move|p1b: Meganium|Dazzling Gleam|p2b: Floette|[spread] p2a
|-activate|p2b: Floette|move: Protect
|-damage|p2a: Milotic|68/100
|move|p1a: Incineroar|Parting Shot|p2a: Milotic
|-unboost|p2a: Milotic|atk|1
|-ability|p2a: Milotic|Competitive|boost
|-boost|p2a: Milotic|spa|2
|-unboost|p2a: Milotic|spa|1
|-ability|p2a: Milotic|Competitive|boost
|-boost|p2a: Milotic|spa|2
|
|t:|1783439872
|switch|p1a: Sneasler|Sneasler, L50, F|80/100|[from] Parting Shot
|
|-heal|p2a: Milotic|74/100|[from] item: Leftovers
|upkeep
|turn|6
|inactive|TeyVgc has 30 seconds left.
|
|t:|1783439902
|switch|p2a: Sinistcha|Sinistcha, L50|100/100
|-heal|p2b: Floette|93/100|[from] ability: Hospitality|[of] p2a: Sinistcha
|move|p1a: Sneasler|Close Combat|p2a: Sinistcha
|-immune|p2a: Sinistcha
|move|p1b: Meganium|Weather Ball|p2a: Sinistcha
|-supereffective|p2a: Sinistcha|1
|-damage|p2a: Sinistcha|0 fnt
|faint|p2a: Sinistcha
|move|p2b: Floette|Dazzling Gleam|p1a: Sneasler|[spread] p1a,p1b
|-damage|p1a: Sneasler|0 fnt
|-damage|p1b: Meganium|0 fnt
|faint|p1a: Sneasler
|faint|p1b: Meganium
|
|upkeep
|-message|cooledoregon forfeited.
|
|win|TeyVgc
|raw|cooledoregon's rating: 1257 → 1235(-22 for losing)
|raw|TeyVgc's rating: 1305 → 1322(+17 for winning)
