|j|☆LetherOCE
|j|☆Malumancer
|html|LetherOCEMalumancer    
|uhtml|bestof|Game 1 of a best-of-3
|t:|1756624794
|gametype|doubles
|player|p1|LetherOCE|steven|
|player|p2|Malumancer|pryce|
|gen|9
|tier|[Gen 9] VGC 2025 Reg H (Bo3)
|rule|Species Clause: Limit one of each Pokémon
|rule|Item Clause: Limit 1 of each item
|clearpoke
|poke|p1|Sneasler, L50, F|
|poke|p1|Garchomp, L50, F|
|poke|p1|Corviknight, L50, F|
|poke|p1|Volcarona, L50, F|
|poke|p1|Primarina, L50, F|
|poke|p1|Rillaboom, L50, F|
|poke|p2|Gholdengo, L50|
|poke|p2|Incineroar, L50, M|
|poke|p2|Porygon2, L50|
|poke|p2|Amoonguss, L50, M|
|poke|p2|Ursaluna-Bloodmoon, L50, M|
|poke|p2|Dragonite, L50, F|
|teampreview|4
|showteam|p1|Sneasler||FocusSash|PoisonTouch|FakeOut,DireClaw,CloseCombat,Coaching|||F|||50|,,,,,Ghost]Garchomp||LoadedDice|RoughSkin|Protect,SwordsDance,StompingTantrum,ScaleShot|||F|||50|,,,,,Fairy]Corviknight||Leftovers|MirrorArmor|BraveBird,BodyPress,BulkUp,Roost|||F|||50|,,,,,Dragon]Volcarona||RockyHelmet|FlameBody|FieryDance,Tailwind,RagePowder,StruggleBug|||F|||50|,,,,,Steel]Primarina||SitrusBerry|LiquidVoice|Protect,HyperVoice,Moonblast,Haze|||F|||50|,,,,,Poison]Rillaboom||AssaultVest|GrassySurge|FakeOut,GrassyGlide,HighHorsepower,WoodHammer|||F|||50|,,,,,Fire
|showteam|p2|Gholdengo||LifeOrb|GoodasGold|MakeItRain,ShadowBall,NastyPlot,Protect||||||50|,,,,,Water]Incineroar||SafetyGoggles|Intimidate|KnockOff,FakeOut,PartingShot,FlareBlitz|||M|||50|,,,,,Water]Porygon2||Eviolite|Download|TeraBlast,IceBeam,TrickRoom,Recover||||||50|,,,,,Ghost]Amoonguss||CovertCloak|Regenerator|Spore,PollenPuff,RagePowder,Protect|||M|||50|,,,,,Psychic]Ursaluna-Bloodmoon||AssaultVest|MindsEye|BloodMoon,EarthPower,HyperVoice,VacuumWave|||M|||50|,,,,,Water]Dragonite||LoadedDice|Multiscale|ScaleShot,Haze,Tailwind,Protect|||F|||50|,,,,,Fairy
|inactive|Battle timer is ON: inactive players will automatically lose when time's up. (requested by Malumancer)
|c|☆LetherOCE|glhf
|c|☆Malumancer|same
|inactive|LetherOCE has 60 seconds left.
|inactive|Malumancer has 60 seconds left.
|inactive|LetherOCE has 30 seconds left.
|
|t:|1756624855
|teamsize|p1|4
|teamsize|p2|4
|start
|switch|p1a: Rillaboom|Rillaboom, L50, F|100/100
|switch|p1b: Corviknight|Corviknight, L50, F|100/100
|switch|p2a: Porygon2|Porygon2, L50|100/100
|switch|p2b: Amoonguss|Amoonguss, L50, M|100/100
|-fieldstart|move: Grassy Terrain|[from] ability: Grassy Surge|[of] p1a: Rillaboom
|-ability|p2a: Porygon2|Download|boost
|-boost|p2a: Porygon2|atk|1
|turn|1
|inactive|LetherOCE has 30 seconds left.
|inactive|Malumancer has 30 seconds left.
|
|t:|1756624888
|-terastallize|p2a: Porygon2|Ghost
|move|p1a: Rillaboom|Fake Out|p2a: Porygon2
|-immune|p2a: Porygon2
|move|p1b: Corviknight|Brave Bird|p2b: Amoonguss
|-supereffective|p2b: Amoonguss
|-damage|p2b: Amoonguss|45/100
|-damage|p1b: Corviknight|80/100|[from] Recoil
|move|p2b: Amoonguss|Spore|p1b: Corviknight
|-status|p1b: Corviknight|slp|[from] move: Spore
|move|p2a: Porygon2|Trick Room|p2a: Porygon2
|-fieldstart|move: Trick Room|[of] p2a: Porygon2
|
|-heal|p2b: Amoonguss|51/100|[from] Grassy Terrain
|-heal|p1b: Corviknight|86/100 slp|[from] item: Leftovers
|upkeep
|turn|2
|inactive|Malumancer has 30 seconds left.
|
|t:|1756624921
|switch|p2b: Gholdengo|Gholdengo, L50|100/100
|move|p2a: Porygon2|Tera Blast|p1a: Rillaboom|[anim] Tera Blast Ghost
|-damage|p1a: Rillaboom|65/100
|cant|p1b: Corviknight|slp
|move|p1a: Rillaboom|High Horsepower|p2b: Gholdengo
|-supereffective|p2b: Gholdengo
|-damage|p2b: Gholdengo|40/100
|
|-heal|p1b: Corviknight|92/100 slp|[from] item: Leftovers
|-heal|p2b: Gholdengo|46/100|[from] Grassy Terrain
|-heal|p1a: Rillaboom|71/100|[from] Grassy Terrain
|upkeep
|turn|3
|j| arrascaxeira
|inactive|LetherOCE has 30 seconds left.
|inactive|Malumancer has 30 seconds left.
|inactive|Malumancer has 20 seconds left.
|inactive|Malumancer has 15 seconds left.
|
|t:|1756624965
|switch|p2b: Amoonguss|Amoonguss, L50, M|84/100
|move|p2a: Porygon2|Tera Blast|p1a: Rillaboom|[anim] Tera Blast Ghost
|-damage|p1a: Rillaboom|36/100
|cant|p1b: Corviknight|slp
|move|p1a: Rillaboom|Wood Hammer|p2b: Amoonguss
|-resisted|p2b: Amoonguss
|-damage|p2b: Amoonguss|68/100
|-damage|p1a: Rillaboom|30/100|[from] Recoil
|
|-heal|p2b: Amoonguss|74/100|[from] Grassy Terrain
|-heal|p1b: Corviknight|98/100 slp|[from] item: Leftovers
|-heal|p1a: Rillaboom|36/100|[from] Grassy Terrain
|upkeep
|turn|4
|inactive|LetherOCE has 30 seconds left.
|inactive|Malumancer has 30 seconds left.
|
|t:|1756625000
|move|p2b: Amoonguss|Protect|p2b: Amoonguss
|-singleturn|p2b: Amoonguss|Protect
|move|p2a: Porygon2|Tera Blast|p1a: Rillaboom|[anim] Tera Blast Ghost
|-damage|p1a: Rillaboom|0 fnt
|faint|p1a: Rillaboom
|-curestatus|p1b: Corviknight|slp|[msg]
|move|p1b: Corviknight|Brave Bird|p2b: Amoonguss
|-activate|p2b: Amoonguss|move: Protect
|
|-heal|p2b: Amoonguss|79/100|[from] Grassy Terrain
|-heal|p1b: Corviknight|100/100|[from] item: Leftovers
|upkeep
|
|t:|1756625017
|switch|p1a: Volcarona|Volcarona, L50, F|100/100
|turn|5
|
|t:|1756625034
|move|p2b: Amoonguss|Spore|p1a: Volcarona
|-status|p1a: Volcarona|slp|[from] move: Spore
|move|p2a: Porygon2|Tera Blast|p1b: Corviknight|[anim] Tera Blast Ghost
|-damage|p1b: Corviknight|71/100
|move|p1b: Corviknight|Brave Bird|p2b: Amoonguss
|-supereffective|p2b: Amoonguss
|-damage|p2b: Amoonguss|18/100
|-damage|p1b: Corviknight|48/100|[from] Recoil
|cant|p1a: Volcarona|slp
|
|-heal|p2b: Amoonguss|24/100|[from] Grassy Terrain
|-heal|p1b: Corviknight|54/100|[from] item: Leftovers
|-fieldend|move: Trick Room
|-fieldend|move: Grassy Terrain
|upkeep
|turn|6
|
|t:|1756625058
|move|p2b: Amoonguss|Rage Powder|p2b: Amoonguss
|-singleturn|p2b: Amoonguss|move: Rage Powder
|cant|p1a: Volcarona|slp
|move|p1b: Corviknight|Roost|p1b: Corviknight
|-heal|p1b: Corviknight|100/100
|-singleturn|p1b: Corviknight|move: Roost
|move|p2a: Porygon2|Trick Room|p2a: Porygon2
|-fieldstart|move: Trick Room|[of] p2a: Porygon2
|
|upkeep
|turn|7
|inactive|Malumancer has 30 seconds left.
|inactive|Malumancer has 20 seconds left.
|inactive|Malumancer has 15 seconds left.
|
|t:|1756625098
|move|p2b: Amoonguss|Spore|p1b: Corviknight
|-status|p1b: Corviknight|slp|[from] move: Spore
|move|p2a: Porygon2|Tera Blast|p1a: Volcarona|[anim] Tera Blast Ghost
|-crit|p1a: Volcarona
|-damage|p1a: Volcarona|46/100 slp
|cant|p1b: Corviknight|slp
|-curestatus|p1a: Volcarona|slp|[msg]
|move|p1a: Volcarona|Fiery Dance|p2b: Amoonguss
|-supereffective|p2b: Amoonguss
|-damage|p2b: Amoonguss|0 fnt
|faint|p2b: Amoonguss
|
|upkeep
|
|t:|1756625113
|switch|p2b: Gholdengo|Gholdengo, L50|46/100
|turn|8
|l| arrascaxeira
|
|t:|1756625121
|move|p2a: Porygon2|Tera Blast|p1a: Volcarona|[anim] Tera Blast Ghost
|-damage|p1a: Volcarona|7/100
|-curestatus|p1b: Corviknight|slp|[msg]
|move|p1b: Corviknight|Bulk Up|p1b: Corviknight
|-boost|p1b: Corviknight|atk|1
|-boost|p1b: Corviknight|def|1
|move|p2b: Gholdengo|Shadow Ball|p1a: Volcarona
|-damage|p1a: Volcarona|0 fnt
|faint|p1a: Volcarona
|-damage|p2b: Gholdengo|36/100|[from] item: Life Orb
|
|upkeep
|
|t:|1756625133
|switch|p1a: Sneasler|Sneasler, L50, F|100/100
|turn|9
|
|t:|1756625151
|move|p2a: Porygon2|Tera Blast|p1a: Sneasler|[anim] Tera Blast Ghost
|-damage|p1a: Sneasler|39/100
|move|p1b: Corviknight|Brave Bird|p2b: Gholdengo
|-resisted|p2b: Gholdengo
|-damage|p2b: Gholdengo|13/100
|-damage|p1b: Corviknight|93/100|[from] Recoil
|move|p2b: Gholdengo|Shadow Ball|p1a: Sneasler
|-damage|p1a: Sneasler|0 fnt
|faint|p1a: Sneasler
|-damage|p2b: Gholdengo|4/100|[from] item: Life Orb
|
|-heal|p1b: Corviknight|99/100|[from] item: Leftovers
|upkeep
|turn|10
|
|t:|1756625172
|switch|p2a: Incineroar|Incineroar, L50, M|100/100
|-ability|p2a: Incineroar|Intimidate|boost
|-ability|p1b: Corviknight|Mirror Armor
|-unboost|p2a: Incineroar|atk|1
|move|p2b: Gholdengo|Protect|p2b: Gholdengo
|-singleturn|p2b: Gholdengo|Protect
|move|p1b: Corviknight|Bulk Up|p1b: Corviknight
|-boost|p1b: Corviknight|atk|1
|-boost|p1b: Corviknight|def|1
|
|-heal|p1b: Corviknight|100/100|[from] item: Leftovers
|-fieldend|move: Trick Room
|upkeep
|turn|11
|j| arrascaxeira
|
|t:|1756625189
|move|p2a: Incineroar|Fake Out|p1b: Corviknight
|-resisted|p1b: Corviknight
|-damage|p1b: Corviknight|99/100
|move|p2b: Gholdengo|Nasty Plot|p2b: Gholdengo
|-boost|p2b: Gholdengo|spa|2
|cant|p1b: Corviknight|flinch
|
|-heal|p1b: Corviknight|100/100|[from] item: Leftovers
|upkeep
|turn|12
|
|t:|1756625201
|move|p2b: Gholdengo|Protect|p2b: Gholdengo
|-singleturn|p2b: Gholdengo|Protect
|move|p2a: Incineroar|Knock Off|p1b: Corviknight
|-damage|p1b: Corviknight|87/100
|-enditem|p1b: Corviknight|Leftovers|[from] move: Knock Off|[of] p2a: Incineroar
|move|p1b: Corviknight|Body Press|p2a: Incineroar
|-supereffective|p2a: Incineroar
|-damage|p2a: Incineroar|17/100
|
|upkeep
|turn|13
|
|t:|1756625215
|move|p2a: Incineroar|Flare Blitz|p1b: Corviknight
|-supereffective|p1b: Corviknight
|-damage|p1b: Corviknight|56/100
|-damage|p2a: Incineroar|7/100|[from] Recoil
|move|p2b: Gholdengo|Shadow Ball|p1b: Corviknight
|-damage|p1b: Corviknight|0 fnt
|faint|p1b: Corviknight
|-damage|p2b: Gholdengo|0 fnt|[from] item: Life Orb
|faint|p2b: Gholdengo
|
|win|Malumancer
||Malumancer is ready for game 2.
||LetherOCE is ready for game 2.
|uhtml|next|Next: Game 2 of 3
|l| arrascaxeira
|l|☆Malumancer
|player|p2|
