|j|☆OCHOA1209_
|j|☆slopmachine
|html|OCHOA1209_slopmachine    
|uhtml|bestof|Game 1 of a best-of-3
|t:|1785749904
|gametype|doubles
|player|p1|OCHOA1209_|ethan|1138
|player|p2|slopmachine|medium|1169
|gen|9
|tier|[Gen 9 Champions] VGC 2026 Reg M-B (Bo3)
|rated|
|rule|Species Clause: Limit one of each Pokémon
|rule|Item Clause: Limit 1 of each item
|clearpoke
|poke|p1|Basculegion, L50, M|
|poke|p1|Garchomp, L50, F|
|poke|p1|Scizor, L50, M|
|poke|p1|Tyranitar, L50, M|
|poke|p1|Sneasler, L50, F, shiny|
|poke|p1|Corviknight, L50, M, shiny|
|poke|p2|Floette-Eternal, L50, F|
|poke|p2|Whimsicott, L50, F|
|poke|p2|Charizard, L50, M|
|poke|p2|Basculegion, L50, M|
|poke|p2|Garchomp, L50, F|
|poke|p2|Incineroar, L50, M|
|teampreview|4
|showteam|p1|Basculegion||SitrusBerry|Adaptability|WaveCrash,AquaJet,Protect,LastRespects|Jolly||M|||50|]Garchomp||Garchompite|RoughSkin|DracoMeteor,PowerGem,EarthPower,Protect|Modest||F|||50|]Scizor||LifeOrb|Technician|BulletPunch,BugBite,SwordsDance,Protect|Adamant||M|||50|]Tyranitar||ChoiceScarf|SandStream|RockSlide,KnockOff,Superpower,IcePunch|Jolly||M|||50|]Sneasler||FocusSash|Unburden|CloseCombat,DireClaw,FakeOut,Protect|Jolly||F|||50|]Corviknight||Leftovers|MirrorArmor|IronHead,BraveBird,Tailwind,Protect|Impish||M|||50|
|showteam|p2|Floette-Eternal||Floettite|FlowerVeil|Protect,DazzlingGleam,DrainingKiss,CalmMind|Modest||F|||50|]Whimsicott||FocusSash|Prankster|Protect,Moonblast,Tailwind,Encore|Timid||F|||50|]Charizard||CharizarditeY|Blaze|Protect,WeatherBall,SolarBeam,HeatWave|Modest||M|||50|]Basculegion||ChoiceScarf|Adaptability|FlipTurn,WaveCrash,LastRespects,AquaJet|Jolly||M|||50|]Garchomp||LifeOrb|RoughSkin|Protect,Earthquake,DragonClaw,RockSlide|Jolly||F|||50|]Incineroar||SitrusBerry|Intimidate|FlareBlitz,ThroatChop,FakeOut,PartingShot|Careful||M|||50|
|inactive|Battle timer is ON: inactive players will automatically lose when time's up. (requested by OCHOA1209_)
|inactive|slopmachine has 60 seconds left.
|inactive|slopmachine has 30 seconds left.
|inactive|slopmachine has 20 seconds left.
|inactive|slopmachine has 15 seconds left.
|inactive|slopmachine has 10 seconds left.
|inactive|slopmachine has 5 seconds left.
|
|t:|1785749995
|teamsize|p1|4
|teamsize|p2|4
|start
|switch|p1a: Corviknight|Corviknight, L50, M, shiny|100/100
|switch|p1b: Tyranitar|Tyranitar, L50, M|100/100
|switch|p2a: Whimsicott|Whimsicott, L50, F|100/100
|switch|p2b: Garchomp|Garchomp, L50, F|100/100
|-weather|Sandstorm|[from] ability: Sand Stream|[of] p1b: Tyranitar
|turn|1
|inactive|slopmachine has 30 seconds left.
|inactive|slopmachine has 20 seconds left.
|
|t:|1785750031
|move|p2b: Garchomp|Protect|p2b: Garchomp
|-singleturn|p2b: Garchomp|Protect
|move|p2a: Whimsicott|Tailwind|p2a: Whimsicott
|-sidestart|p2: slopmachine|move: Tailwind
|move|p1b: Tyranitar|Ice Punch|p2b: Garchomp
|-activate|p2b: Garchomp|move: Protect
|move|p1a: Corviknight|Tailwind|p1a: Corviknight
|-sidestart|p1: OCHOA1209_|move: Tailwind
|
|-weather|Sandstorm|[upkeep]
|-damage|p2a: Whimsicott|94/100|[from] Sandstorm
|upkeep
|turn|2
|inactive|slopmachine has 30 seconds left.
|inactive|slopmachine has 20 seconds left.
|
|t:|1785750068
|switch|p2b: Charizard|Charizard, L50, M|100/100
|move|p1a: Corviknight|Protect|p1a: Corviknight
|-singleturn|p1a: Corviknight|Protect
|move|p1b: Tyranitar|Ice Punch|p2a: Whimsicott
|-supereffective|p2a: Whimsicott|1
|-damage|p2a: Whimsicott|13/100
|move|p2a: Whimsicott|Moonblast|p1b: Tyranitar
|-supereffective|p1b: Tyranitar|1
|-damage|p1b: Tyranitar|55/100
|-unboost|p1b: Tyranitar|spa|1
|
|-weather|Sandstorm|[upkeep]
|-damage|p2a: Whimsicott|8/100|[from] Sandstorm
|-damage|p2b: Charizard|94/100|[from] Sandstorm
|upkeep
|turn|3
|inactive|slopmachine has 30 seconds left.
|
|t:|1785750098
|switch|p1b: Scizor|Scizor, L50, M|100/100
|switch|p2a: Incineroar|Incineroar, L50, M|100/100
|-ability|p2a: Incineroar|Intimidate|boost
|-ability|p1a: Corviknight|Mirror Armor
|-unboost|p2a: Incineroar|atk|1
|-unboost|p1b: Scizor|atk|1
|detailschange|p2b: Charizard|Charizard-Mega-Y, L50, M
|-mega|p2b: Charizard|Charizard|Charizardite Y
|-weather|SunnyDay|[from] ability: Drought|[of] p2b: Charizard
|move|p2b: Charizard|Heat Wave|p1b: Scizor|[spread] p1a,p1b
|-supereffective|p1a: Corviknight|1
|-supereffective|p1b: Scizor|2
|-damage|p1a: Corviknight|12/100
|-damage|p1b: Scizor|0 fnt
|faint|p1b: Scizor
|move|p1a: Corviknight|Iron Head|p2a: Incineroar
|-resisted|p2a: Incineroar|1
|-damage|p2a: Incineroar|90/100
|
|-weather|SunnyDay|[upkeep]
|-heal|p1a: Corviknight|18/100|[from] item: Leftovers
|upkeep
|
|t:|1785750108
|switch|p1b: Tyranitar|Tyranitar, L50, M|55/100
|-weather|Sandstorm|[from] ability: Sand Stream|[of] p1b: Tyranitar
|turn|4
|
|t:|1785750126
|move|p2a: Incineroar|Fake Out|p1b: Tyranitar
|-resisted|p1b: Tyranitar|1
|-damage|p1b: Tyranitar|52/100
|cant|p1b: Tyranitar|flinch
|move|p2b: Charizard|Heat Wave|p1b: Tyranitar|[spread] p1a,p1b
|-supereffective|p1a: Corviknight|1
|-resisted|p1b: Tyranitar|1
|-damage|p1a: Corviknight|0 fnt
|-damage|p1b: Tyranitar|37/100
|faint|p1a: Corviknight
|
|-weather|Sandstorm|[upkeep]
|-damage|p2b: Charizard|88/100|[from] Sandstorm
|-damage|p2a: Incineroar|84/100|[from] Sandstorm
|-sideend|p2: slopmachine|move: Tailwind
|-sideend|p1: OCHOA1209_|move: Tailwind
|upkeep
|
|t:|1785750129
|switch|p1a: Garchomp|Garchomp, L50, F|100/100
|turn|5
|inactive|slopmachine has 30 seconds left.
|inactive|slopmachine has 20 seconds left.
|
|t:|1785750164
|detailschange|p1a: Garchomp|Garchomp-Mega, L50, F
|-mega|p1a: Garchomp|Garchomp|Garchompite
|move|p2b: Charizard|Protect|p2b: Charizard
|-singleturn|p2b: Charizard|Protect
|move|p1b: Tyranitar|Rock Slide|p2b: Charizard|[spread] p2a
|-activate|p2b: Charizard|move: Protect
|-supereffective|p2a: Incineroar|1
|-damage|p2a: Incineroar|36/100
|-enditem|p2a: Incineroar|Sitrus Berry|[eat]
|-heal|p2a: Incineroar|60/100|[from] item: Sitrus Berry
|move|p1a: Garchomp|Earth Power|p2a: Incineroar
|-supereffective|p2a: Incineroar|1
|-damage|p2a: Incineroar|0 fnt
|faint|p2a: Incineroar
|
|-weather|Sandstorm|[upkeep]
|-damage|p2b: Charizard|82/100|[from] Sandstorm
|upkeep
|
|t:|1785750184
|switch|p2a: Whimsicott|Whimsicott, L50, F|8/100
|turn|6
|
|t:|1785750199
|switch|p2b: Garchomp|Garchomp, L50, F|100/100
|move|p2a: Whimsicott|Tailwind|p2a: Whimsicott
|-sidestart|p2: slopmachine|move: Tailwind
|move|p1b: Tyranitar|Rock Slide|p2a: Whimsicott|[spread] p2a,p2b
|-resisted|p2b: Garchomp|1
|-damage|p2a: Whimsicott|0 fnt
|-damage|p2b: Garchomp|84/100
|faint|p2a: Whimsicott
|move|p1a: Garchomp|Power Gem|p2b: Garchomp
|-resisted|p2b: Garchomp|1
|-damage|p2b: Garchomp|64/100
|
|-weather|Sandstorm|[upkeep]
|upkeep
|
|t:|1785750210
|switch|p2a: Charizard|Charizard-Mega-Y, L50, M|82/100
|-weather|SunnyDay|[from] ability: Drought|[of] p2a: Charizard
|turn|7
|inactive|slopmachine has 30 seconds left.
|inactive|slopmachine has 20 seconds left.
|
|t:|1785750248
|move|p2b: Garchomp|Dragon Claw|p1a: Garchomp
|-supereffective|p1a: Garchomp|1
|-damage|p1a: Garchomp|3/100
|-damage|p2b: Garchomp|55/100|[from] item: Life Orb
|move|p2a: Charizard|Solar Beam||[still]
|-prepare|p2a: Charizard|Solar Beam
|-anim|p2a: Charizard|Solar Beam|p1b: Tyranitar
|-supereffective|p1b: Tyranitar|1
|-damage|p1b: Tyranitar|0 fnt
|faint|p1b: Tyranitar
|move|p1a: Garchomp|Draco Meteor|p2b: Garchomp
|-supereffective|p2b: Garchomp|1
|-damage|p2b: Garchomp|0 fnt
|-unboost|p1a: Garchomp|spa|2
|faint|p2b: Garchomp
|
|-weather|SunnyDay|[upkeep]
|upkeep
|turn|8
|
|t:|1785750265
|move|p1a: Garchomp|Protect|p1a: Garchomp
|-singleturn|p1a: Garchomp|Protect
|move|p2a: Charizard|Weather Ball|p1a: Garchomp
|-activate|p1a: Garchomp|move: Protect
|
|-weather|SunnyDay|[upkeep]
|upkeep
|turn|9
|-message|OCHOA1209_ forfeited.
|
|win|slopmachine
|l|☆OCHOA1209_
|player|p1|
||OCHOA1209_ is ready for game 2.
||slopmachine is ready for game 2.
|uhtml|next|Next: Game 2 of 3
|l|☆slopmachine
|player|p2|
|j|☆slopmachine
|player|p2|slopmachine|medium|
