|j|☆MrParcheggio
|j|☆Akalaman
|html|MrParcheggioAkalaman    
|uhtml|bestof|Game 1 of a best-of-3
|t:|1783973207
|gametype|doubles
|player|p1|MrParcheggio|koga|1048
|player|p2|Akalaman|266|1105
|gen|9
|tier|[Gen 9 Champions] VGC 2026 Reg M-B (Bo3)
|rated|
|rule|Species Clause: Limit one of each Pokémon
|rule|Item Clause: Limit 1 of each item
|clearpoke
|poke|p1|Pelipper, L50, M|
|poke|p1|Scizor, L50, F|
|poke|p1|Archaludon, L50, M|
|poke|p1|Basculegion, L50, M|
|poke|p1|Sceptile, L50, F, shiny|
|poke|p1|Hawlucha, L50, F|
|poke|p2|Aerodactyl, L50, M|
|poke|p2|Garchomp, L50, F|
|poke|p2|Raichu, L50, F|
|poke|p2|Sinistcha, L50|
|poke|p2|Floette-Eternal, L50, F|
|poke|p2|Tsareena, L50, F|
|teampreview|4
|showteam|p1|Pelipper||FocusSash|Drizzle|Tailwind,HydroPump,Uturn,WeatherBall|Modest||M|||50|]Scizor||OccaBerry|Technician|BugBite,BulletPunch,Protect,SwordsDance|Adamant||F|||50|]Archaludon||ZoomLens|Stalwart|ElectroShot,DracoMeteor,FlashCannon,Protect|Timid||M|||50|]Basculegion||ChoiceScarf|SwiftSwim|FlipTurn,LastRespects,WaveCrash,IceFang|Adamant||M|||50|]Sceptile||Sceptilite|Unburden|EnergyBall,EarthPower,LeechSeed,Protect|Timid||F|||50|]Hawlucha||Hawluchanite|MoldBreaker|BraveBird,CloseCombat,Detect,SwordsDance|Jolly||F|||50|
|showteam|p2|Aerodactyl||FocusSash|Unnerve|RockSlide,Tailwind,DualWingbeat,Protect|Jolly||M|||50|]Garchomp||ChoiceScarf|RoughSkin|StompingTantrum,RockTomb,RockSlide,DragonClaw|Adamant||F|||50|]Raichu||RaichuniteY|LightningRod|FakeOut,ZapCannon,FocusBlast,Protect|Timid||F|||50|]Sinistcha||SitrusBerry|Hospitality|MatchaGotcha,LifeDew,Protect,RagePowder|Calm|||||50|]Floette-Eternal||Floettite|FlowerVeil|Moonblast,DazzlingGleam,Protect,CalmMind|Modest||F|||50|]Tsareena||WideLens|QueenlyMajesty|TripleAxel,PowerWhip,Protect,LowKick|Adamant||F|||50|
|
|t:|1783973251
|teamsize|p1|4
|teamsize|p2|4
|start
|switch|p1a: Pelipper|Pelipper, L50, M|100/100
|switch|p1b: Sceptile|Sceptile, L50, F, shiny|100/100
|switch|p2a: Floette|Floette-Eternal, L50, F|100/100
|switch|p2b: Sinistcha|Sinistcha, L50|100/100
|-weather|RainDance|[from] ability: Drizzle|[of] p1a: Pelipper
|turn|1
|
|t:|1783973279
|detailschange|p2a: Floette|Floette-Mega, L50, F
|-mega|p2a: Floette|Floette|Floettite
|-ability|p2a: Floette|Fairy Aura
|move|p1b: Sceptile|Energy Ball|p2a: Floette
|-damage|p2a: Floette|75/100
|-unboost|p2a: Floette|spd|1
|move|p2a: Floette|Dazzling Gleam|p1a: Pelipper|[spread] p1a,p1b
|-damage|p1a: Pelipper|31/100
|-damage|p1b: Sceptile|45/100
|move|p2b: Sinistcha|Life Dew||[still]|[spread] p2a,p2b
|-heal|p2a: Floette|100/100
|-fail|p2b: Sinistcha|heal
|move|p1a: Pelipper|Tailwind|p1a: Pelipper
|-sidestart|p1: MrParcheggio|move: Tailwind
|
|-weather|RainDance|[upkeep]
|upkeep
|turn|2
|
|t:|1783973314
|move|p2a: Floette|Protect|p2a: Floette
|-singleturn|p2a: Floette|Protect
|move|p1b: Sceptile|Energy Ball|p2a: Floette
|-activate|p2a: Floette|move: Protect
|move|p1a: Pelipper|Weather Ball|p2a: Floette
|-activate|p2a: Floette|move: Protect
|move|p2b: Sinistcha|Matcha Gotcha|p1b: Sceptile|[spread] p1a,p1b
|-resisted|p1b: Sceptile|1
|-damage|p1a: Pelipper|0 fnt
|-damage|p1b: Sceptile|31/100
|faint|p1a: Pelipper
|
|-weather|RainDance|[upkeep]
|upkeep
|
|t:|1783973318
|switch|p1a: Scizor|Scizor, L50, F|100/100
|turn|3
|
|t:|1783973334
|switch|p2a: Raichu|Raichu, L50, F|100/100
|move|p1a: Scizor|Bullet Punch|p2a: Raichu
|-resisted|p2a: Raichu|1
|-damage|p2a: Raichu|71/100
|move|p1b: Sceptile|Energy Ball|p2a: Raichu
|-damage|p2a: Raichu|22/100
|move|p2b: Sinistcha|Matcha Gotcha|p1a: Scizor|[spread] p1a,p1b
|-resisted|p1a: Scizor|2
|-resisted|p1b: Sceptile|1
|-damage|p1a: Scizor|93/100
|-damage|p1b: Sceptile|18/100
|
|-weather|RainDance|[upkeep]
|upkeep
|turn|4
|
|t:|1783973361
|switch|p1b: Basculegion|Basculegion, L50, M|100/100
|move|p2a: Raichu|Fake Out|p1b: Basculegion
|-immune|p1b: Basculegion
|move|p1a: Scizor|Bullet Punch|p2a: Raichu
|-resisted|p2a: Raichu|1
|-damage|p2a: Raichu|0 fnt
|faint|p2a: Raichu
|move|p2b: Sinistcha|Matcha Gotcha|p1b: Basculegion|[spread] p1a
|-miss|p2b: Sinistcha|p1b: Basculegion
|-resisted|p1a: Scizor|2
|-damage|p1a: Scizor|87/100
|-status|p1a: Scizor|brn
|
|-weather|RainDance|[upkeep]
|-damage|p1a: Scizor|81/100 brn|[from] brn
|-sideend|p1: MrParcheggio|move: Tailwind
|upkeep
|
|t:|1783973375
|switch|p2a: Garchomp|Garchomp, L50, F|100/100
|turn|5
|
|t:|1783973386
|move|p1b: Basculegion|Ice Fang|p2a: Garchomp
|-supereffective|p2a: Garchomp|2
|-damage|p2a: Garchomp|15/100
|-damage|p1b: Basculegion|87/100|[from] ability: Rough Skin|[of] p2a: Garchomp
|move|p2a: Garchomp|Rock Tomb|p1b: Basculegion
|-damage|p1b: Basculegion|56/100
|-unboost|p1b: Basculegion|spe|1
|move|p2b: Sinistcha|Matcha Gotcha|p1a: Scizor|[spread] p1a,p1b
|-resisted|p1a: Scizor|2
|-supereffective|p1b: Basculegion|1
|-damage|p1a: Scizor|74/100 brn
|-damage|p1b: Basculegion|4/100
|-status|p1b: Basculegion|brn
|move|p1a: Scizor|Swords Dance|p1a: Scizor
|-boost|p1a: Scizor|atk|2
|
|-weather|none
|-damage|p1b: Basculegion|0 fnt|[from] brn
|faint|p1b: Basculegion
|-damage|p1a: Scizor|67/100 brn|[from] brn
|upkeep
|
|t:|1783973397
|switch|p1b: Sceptile|Sceptile, L50, F, shiny|18/100
|turn|6
|
|t:|1783973409
|detailschange|p1b: Sceptile|Sceptile-Mega, L50, F, shiny
|-mega|p1b: Sceptile|Sceptile|Sceptilite
|move|p1b: Sceptile|Protect|p1b: Sceptile
|-singleturn|p1b: Sceptile|Protect
|move|p1a: Scizor|Bullet Punch|p2a: Garchomp
|-damage|p2a: Garchomp|0 fnt
|-damage|p1a: Scizor|55/100 brn|[from] ability: Rough Skin|[of] p2a: Garchomp
|faint|p2a: Garchomp
|move|p2b: Sinistcha|Matcha Gotcha|p1b: Sceptile|[spread] p1a
|-activate|p1b: Sceptile|move: Protect
|-resisted|p1a: Scizor|2
|-damage|p1a: Scizor|48/100 brn
|
|-damage|p1a: Scizor|41/100 brn|[from] brn
|upkeep
|
|t:|1783973412
|switch|p2a: Floette|Floette-Mega, L50, F|100/100
|-ability|p2a: Floette|Fairy Aura
|turn|7
|
|t:|1783973422
|move|p2b: Sinistcha|Rage Powder|p2b: Sinistcha
|-singleturn|p2b: Sinistcha|move: Rage Powder
|move|p1a: Scizor|Bullet Punch|p2b: Sinistcha
|-damage|p2b: Sinistcha|71/100
|move|p1b: Sceptile|Energy Ball|p2a: Floette
|-damage|p2a: Floette|69/100
|move|p2a: Floette|Moonblast|p1a: Scizor
|-resisted|p1a: Scizor|1
|-damage|p1a: Scizor|0 fnt
|faint|p1a: Scizor
|
|upkeep
|turn|8
|
|t:|1783973433
|move|p1b: Sceptile|Leech Seed|p2a: Floette
|-start|p2a: Floette|move: Leech Seed
|move|p2a: Floette|Moonblast|p1b: Sceptile
|-supereffective|p1b: Sceptile|1
|-damage|p1b: Sceptile|0 fnt
|faint|p1b: Sceptile
|
|win|Akalaman
||MrParcheggio is ready for game 2.
