|j|☆uPinhuu
|j|☆mavrickbfr
|html|uPinhuumavrickbfr    
|uhtml|bestof|Game 1 of a best-of-3
|t:|1784767667
|gametype|doubles
|player|p1|uPinhuu|169|
|player|p2|mavrickbfr|gentleman-gen4|
|gen|9
|tier|[Gen 9 Champions] VGC 2026 Reg M-B (Bo3)
|rule|Species Clause: Limit one of each Pokémon
|rule|Item Clause: Limit 1 of each item
|clearpoke
|poke|p1|Garchomp, L50, F|
|poke|p1|Venusaur, L50, F|
|poke|p1|Incineroar, L50, F|
|poke|p1|Charizard, L50, M|
|poke|p1|Toxapex, L50, F|
|poke|p1|Annihilape, L50, F|
|poke|p2|Gholdengo, L50|
|poke|p2|Milotic, L50, F, shiny|
|poke|p2|Staraptor, L50, M, shiny|
|poke|p2|Tyranitar, L50, M, shiny|
|poke|p2|Sinistcha, L50|
|poke|p2|Excadrill, L50, M|
|teampreview|4
|showteam|p1|Garchomp||ChoiceScarf|RoughSkin|Earthquake,DragonClaw,StompingTantrum,RockSlide|Adamant||F|||50|]Venusaur||LifeOrb|Chlorophyll|SolarBeam,SludgeBomb,EarthPower,Protect|Modest||F|||50|]Incineroar||SitrusBerry|Intimidate|FlareBlitz,ThroatChop,FakeOut,PartingShot|Impish||F|||50|]Charizard||CharizarditeY|Blaze|HeatWave,WeatherBall,HelpingHand,Protect|Modest||M|||50|]Toxapex||Leftovers|Regenerator|Infestation,Toxic,WideGuard,BanefulBunker|Bold||F|||50|]Annihilape||FocusSash|Defiant|CloseCombat,PhantomForce,RockTomb,Protect|Jolly||F|||50|
|showteam|p2|Gholdengo||LifeOrb|GoodasGold|MakeItRain,Protect,ShadowBall,NastyPlot|Timid|||||50|]Milotic||ChoiceScarf|Competitive|MuddyWater,IcyWind,IceBeam,DrainingKiss|Modest||F|||50|]Staraptor||Staraptite|Intimidate|DualWingbeat,CloseCombat,Uturn,Roost|Jolly||M|||50|]Tyranitar||Tyranitarite|SandStream|RockSlide,Earthquake,IronHead,KnockOff|Careful||M|||50|]Sinistcha||SitrusBerry|Hospitality|MatchaGotcha,RagePowder,Protect,LifeDew|Bold|||||50|]Excadrill||FocusSash|SandRush|Earthquake,RockSlide,StompingTantrum,SwordsDance|Adamant||M|||50|
|
|t:|1784767723
|teamsize|p1|4
|teamsize|p2|4
|start
|switch|p1a: Charizard|Charizard, L50, M|100/100
|switch|p1b: Venusaur|Venusaur, L50, F|100/100
|switch|p2a: Sinistcha|Sinistcha, L50|100/100
|switch|p2b: Gholdengo|Gholdengo, L50|100/100
|turn|1
|
|t:|1784767761
|move|p2b: Gholdengo|Make It Rain|p1b: Venusaur|[spread] p1a,p1b
|-resisted|p1a: Charizard|1
|-damage|p1a: Charizard|67/100
|-damage|p1b: Venusaur|38/100
|-unboost|p2b: Gholdengo|spa|2
|-damage|p2b: Gholdengo|90/100|[from] item: Life Orb
|move|p1a: Charizard|Heat Wave|p2b: Gholdengo|[spread] p2a,p2b
|-supereffective|p2a: Sinistcha|1
|-supereffective|p2b: Gholdengo|1
|-damage|p2a: Sinistcha|42/100
|-damage|p2b: Gholdengo|30/100
|-enditem|p2a: Sinistcha|Sitrus Berry|[eat]
|-heal|p2a: Sinistcha|67/100|[from] item: Sitrus Berry
|move|p1b: Venusaur|Earth Power|p2b: Gholdengo
|-supereffective|p2b: Gholdengo|1
|-damage|p2b: Gholdengo|0 fnt
|faint|p2b: Gholdengo
|-damage|p1b: Venusaur|29/100|[from] item: Life Orb
|move|p2a: Sinistcha|Life Dew|p2a: Sinistcha
|-heal|p2a: Sinistcha|92/100
|
|upkeep
|
|t:|1784767782
|switch|p2b: Staraptor|Staraptor, L50, M, shiny|100/100
|-ability|p2b: Staraptor|Intimidate|boost
|-unboost|p1a: Charizard|atk|1
|-unboost|p1b: Venusaur|atk|1
|turn|2
|
|t:|1784767799
|switch|p2a: Tyranitar|Tyranitar, L50, M, shiny|100/100
|-weather|Sandstorm|[from] ability: Sand Stream|[of] p2a: Tyranitar
|detailschange|p2b: Staraptor|Staraptor-Mega, L50, M, shiny
|-mega|p2b: Staraptor|Staraptor|Staraptite
|detailschange|p1a: Charizard|Charizard-Mega-Y, L50, M
|-mega|p1a: Charizard|Charizard|Charizardite Y
|-weather|SunnyDay|[from] ability: Drought|[of] p1a: Charizard
|move|p1b: Venusaur|Sludge Bomb|p2b: Staraptor
|-damage|p2b: Staraptor|28/100
|-damage|p1b: Venusaur|20/100y|[from] item: Life Orb
|move|p2b: Staraptor|Close Combat|p1a: Charizard
|-resisted|p1a: Charizard|1
|-damage|p1a: Charizard|35/100
|-boost|p2b: Staraptor|def|1
|-boost|p2b: Staraptor|spd|1
|move|p1a: Charizard|Heat Wave|p2a: Tyranitar|[spread] p2a,p2b
|-resisted|p2a: Tyranitar|1
|-damage|p2a: Tyranitar|77/100
|-damage|p2b: Staraptor|0 fnt
|faint|p2b: Staraptor
|
|-weather|SunnyDay|[upkeep]
|upkeep
|
|t:|1784767819
|switch|p2b: Sinistcha|Sinistcha, L50|92/100
|-heal|p2a: Tyranitar|100/100|[from] ability: Hospitality|[of] p2b: Sinistcha
|turn|3
|
|t:|1784767846
|switch|p1b: Toxapex|Toxapex, L50, F|100/100
|switch|p1a: Garchomp|Garchomp, L50, F|100/100
|move|p2b: Sinistcha|Life Dew||[still]|[spread] p2a,p2b
|-fail|p2a: Tyranitar|heal
|-heal|p2b: Sinistcha|100/100
|move|p2a: Tyranitar|Rock Slide|p1a: Garchomp|[spread] p1a,p1b
|-resisted|p1a: Garchomp|1
|-damage|p1a: Garchomp|87/100
|-damage|p1b: Toxapex|80/100
|
|-weather|SunnyDay|[upkeep]
|-heal|p1b: Toxapex|85/100|[from] item: Leftovers
|upkeep
|turn|4
|
|t:|1784767916
|move|p2b: Sinistcha|Rage Powder|p2b: Sinistcha
|-singleturn|p2b: Sinistcha|move: Rage Powder
|move|p1a: Garchomp|Stomping Tantrum|p2b: Sinistcha
|-resisted|p2b: Sinistcha|1
|-damage|p2b: Sinistcha|83/100
|move|p2a: Tyranitar|Earthquake|p1b: Toxapex|[spread] p2b,p1a,p1b
|-resisted|p2b: Sinistcha|1
|-crit|p2b: Sinistcha
|-supereffective|p1b: Toxapex|1
|-damage|p2b: Sinistcha|65/100
|-damage|p1a: Garchomp|62/100
|-damage|p1b: Toxapex|50/100g
|move|p1b: Toxapex|Infestation|p2b: Sinistcha
|-damage|p2b: Sinistcha|62/100
|-activate|p2b: Sinistcha|move: Infestation|[of] p1b: Toxapex
|
|-weather|SunnyDay|[upkeep]
|-heal|p1b: Toxapex|56/100|[from] item: Leftovers
|-damage|p2b: Sinistcha|50/100g|[from] move: Infestation|[partiallytrapped]
|upkeep
|turn|5
|
|t:|1784767948
|move|p1b: Toxapex|Baneful Bunker|p1b: Toxapex
|-singleturn|p1b: Toxapex|move: Protect
|move|p1a: Garchomp|Stomping Tantrum|p2a: Tyranitar
|-supereffective|p2a: Tyranitar|1
|-damage|p2a: Tyranitar|29/100
|move|p2b: Sinistcha|Matcha Gotcha|p1b: Toxapex|[spread] p1a
|-activate|p1b: Toxapex|move: Protect
|-damage|p1a: Garchomp|39/100
|-heal|p2b: Sinistcha|63/100|[from] drain|[of] p1a: Garchomp
|-status|p1a: Garchomp|brn
|move|p2a: Tyranitar|Earthquake|p1b: Toxapex|[spread] p2b,p1a
|-activate|p1b: Toxapex|move: Protect
|-resisted|p2b: Sinistcha|1
|-damage|p2b: Sinistcha|52/100
|-damage|p1a: Garchomp|12/100 brn
|
|-weather|SunnyDay|[upkeep]
|-heal|p1b: Toxapex|61/100|[from] item: Leftovers
|-damage|p1a: Garchomp|6/100 brn|[from] brn
|-damage|p2b: Sinistcha|39/100|[from] move: Infestation|[partiallytrapped]
|upkeep
|turn|6
|
|t:|1784767978
|move|p2b: Sinistcha|Rage Powder|p2b: Sinistcha
|-singleturn|p2b: Sinistcha|move: Rage Powder
|move|p1a: Garchomp|Stomping Tantrum|p2b: Sinistcha
|-resisted|p2b: Sinistcha|1
|-crit|p2b: Sinistcha
|-damage|p2b: Sinistcha|26/100
|move|p2a: Tyranitar|Rock Slide|p1b: Toxapex|[spread] p1a,p1b
|-resisted|p1a: Garchomp|1
|-damage|p1a: Garchomp|0 fnt
|-damage|p1b: Toxapex|40/100
|faint|p1a: Garchomp
|move|p1b: Toxapex|Toxic|p2b: Sinistcha
|-status|p2b: Sinistcha|tox
|
|-weather|none
|-heal|p1b: Toxapex|45/100|[from] item: Leftovers
|-damage|p2b: Sinistcha|20/100y tox|[from] psn
|-damage|p2b: Sinistcha|7/100 tox|[from] move: Infestation|[partiallytrapped]
|upkeep
|
|t:|1784767997
|switch|p1a: Venusaur|Venusaur, L50, F|20/100y
|turn|7
|
|t:|1784768023
|switch|p1a: Charizard|Charizard-Mega-Y, L50, M|35/100
|-weather|SunnyDay|[from] ability: Drought|[of] p1a: Charizard
|move|p1b: Toxapex|Wide Guard|p1b: Toxapex
|-singleturn|p1b: Toxapex|Wide Guard
|move|p2b: Sinistcha|Life Dew|p2b: Sinistcha|[spread] p2a,p2b
|-heal|p2a: Tyranitar|54/100
|-heal|p2b: Sinistcha|33/100 tox
|move|p2a: Tyranitar|Rock Slide|p1a: Charizard|[spread] 
|-activate|p1a: Charizard|move: Wide Guard
|-activate|p1b: Toxapex|move: Wide Guard
|
|-weather|SunnyDay|[upkeep]
|-heal|p1b: Toxapex|51/100|[from] item: Leftovers
|-damage|p2b: Sinistcha|20/100y tox|[from] psn
|-damage|p2b: Sinistcha|8/100 tox|[from] move: Infestation|[partiallytrapped]
|upkeep
|turn|8
|
|t:|1784768075
|move|p1a: Charizard|Heat Wave|p2a: Tyranitar|[spread] p2a,p2b
|-resisted|p2a: Tyranitar|1
|-supereffective|p2b: Sinistcha|1
|-damage|p2a: Tyranitar|32/100
|-damage|p2b: Sinistcha|0 fnt
|faint|p2b: Sinistcha
|move|p2a: Tyranitar|Knock Off|p1b: Toxapex
|-damage|p1b: Toxapex|20/100y
|-enditem|p1b: Toxapex|Leftovers|[from] move: Knock Off|[of] p2a: Tyranitar
|move|p1b: Toxapex|Toxic|p2a: Tyranitar
|-status|p2a: Tyranitar|tox
|
|-weather|SunnyDay|[upkeep]
|-damage|p2a: Tyranitar|26/100 tox|[from] psn
|upkeep
|turn|9
|
|t:|1784768093
|move|p1a: Charizard|Weather Ball|p2a: Tyranitar
|-resisted|p2a: Tyranitar|1
|-damage|p2a: Tyranitar|0 fnt
|faint|p2a: Tyranitar
|
|win|uPinhuu
|l|☆uPinhuu
|player|p1|
|inactive|uPinhuu has 30 seconds to confirm battle start!
|inactive|mavrickbfr has 30 seconds to confirm battle start!
|inactive|uPinhuu has 20 seconds to confirm battle start!
|inactive|mavrickbfr has 20 seconds to confirm battle start!
|inactive|uPinhuu has 10 seconds to confirm battle start!
|inactive|mavrickbfr has 10 seconds to confirm battle start!
|uhtml|next|Next: Game 2 of 3
