|j|☆HolgerD
|j|☆mirokart wii
|html|HolgerDmirokart wii    
|uhtml|bestof|Game 2 of a best-of-3
|t:|1756679858
|gametype|doubles
|player|p1|HolgerD|2|1299
|player|p2|mirokart wii|169|1207
|gen|9
|tier|[Gen 9] VGC 2025 Reg H (Bo3)
|rated|
|rule|Species Clause: Limit one of each Pokémon
|rule|Item Clause: Limit 1 of each item
|clearpoke
|poke|p1|Maushold, L50|
|poke|p1|Pelipper, L50, F|
|poke|p1|Archaludon, L50, M|
|poke|p1|Ursaluna, L50, F|
|poke|p1|Sinistcha, L50|
|poke|p1|Basculegion, L50, M|
|poke|p2|Whimsicott, L50, F|
|poke|p2|Garchomp, L50, M|
|poke|p2|Gholdengo, L50|
|poke|p2|Incineroar, L50, M|
|poke|p2|Dragonite, L50, F|
|poke|p2|Sneasler, L50, M|
|teampreview|4
|showteam|p1|Maushold||WideLens|Technician|PopulationBomb,FollowMe,Taunt,Protect||||||50|,,,,,Ghost]Pelipper||FocusSash|Drizzle|Hurricane,MuddyWater,Tailwind,Protect|||F|||50|,,,,,Stellar]Archaludon||AssaultVest|Stamina|DragonPulse,ElectroShot,BodyPress,FlashCannon|||M|||50|,,,,,Bug]Ursaluna||FlameOrb|Guts|Facade,HeadlongRush,Earthquake,Protect|||F|||50|,,,,,Ghost]Sinistcha||SitrusBerry|Hospitality|MatchaGotcha,LifeDew,RagePowder,TrickRoom||||||50|,,,,,Dark]Basculegion||ChoiceBand|SwiftSwim|AquaJet,FlipTurn,LastRespects,WaveCrash|||M|||50|,,,,,Water
|showteam|p2|Whimsicott||FocusSash|Prankster|Moonblast,Tailwind,Encore,Protect|||F|||50|,,,,,Ghost]Garchomp||LifeOrb|RoughSkin|Earthquake,StompingTantrum,DragonClaw,Protect|||M|||50|,,,,,Ground]Gholdengo||ChoiceSpecs|GoodasGold|MakeItRain,ShadowBall,Trick,Protect||||||50|,,,,,Steel]Incineroar||AssaultVest|Intimidate|FlareBlitz,KnockOff,Uturn,FakeOut|||M|||50|,,,,,Grass]Dragonite||ChoiceBand|InnerFocus|ExtremeSpeed,Outrage,IceSpinner,StompingTantrum|||F|||50|,,,,,Normal]Sneasler||WhiteHerb|Unburden|DireClaw,CloseCombat,FakeOut,Protect|||M|||50|,,,,,Stellar
|inactive|Battle timer is ON: inactive players will automatically lose when time's up. (requested by mirokart wii)
|
|t:|1756679875
|teamsize|p1|4
|teamsize|p2|4
|start
|switch|p1a: Maushold|Maushold, L50|100/100
|switch|p1b: Sinistcha|Sinistcha, L50|100/100
|switch|p2a: Whimsicott|Whimsicott, L50, F|100/100
|switch|p2b: Dragonite|Dragonite, L50, F|100/100
|turn|1
|
|t:|1756679887
|move|p2a: Whimsicott|Tailwind|p2a: Whimsicott
|-sidestart|p2: mirokart wii|move: Tailwind
|move|p2b: Dragonite|Outrage|p1a: Maushold
|-damage|p1a: Maushold|0 fnt
|faint|p1a: Maushold
|move|p1b: Sinistcha|Trick Room|p1b: Sinistcha
|-fieldstart|move: Trick Room|[of] p1b: Sinistcha
|
|upkeep
|
|t:|1756679897
|switch|p1a: Ursaluna|Ursaluna, L50, F|100/100
|turn|2
|
|t:|1756679915
|move|p1b: Sinistcha|Rage Powder|p1b: Sinistcha
|-singleturn|p1b: Sinistcha|move: Rage Powder
|move|p2a: Whimsicott|Encore|p1b: Sinistcha
|-start|p1b: Sinistcha|Encore
|move|p1a: Ursaluna|Facade|p2a: Whimsicott
|-damage|p2a: Whimsicott|47/100
|move|p2b: Dragonite|Outrage|p1b: Sinistcha|[from] lockedmove
|-damage|p1b: Sinistcha|6/100
|-enditem|p1b: Sinistcha|Sitrus Berry|[eat]
|-heal|p1b: Sinistcha|31/100|[from] item: Sitrus Berry
|-start|p2b: Dragonite|confusion|[fatigue]
|
|-status|p1a: Ursaluna|brn|[from] item: Flame Orb
|upkeep
|turn|3
|
|t:|1756679931
|switch|p2b: Gholdengo|Gholdengo, L50|100/100
|-terastallize|p2a: Whimsicott|Ghost
|move|p1b: Sinistcha|Rage Powder|p1b: Sinistcha
|-singleturn|p1b: Sinistcha|move: Rage Powder
|move|p2a: Whimsicott|Encore||[still]
|-fail|p2a: Whimsicott
|move|p1a: Ursaluna|Facade|p2b: Gholdengo
|-immune|p2b: Gholdengo
|
|-damage|p1a: Ursaluna|95/100 brn|[from] brn
|upkeep
|turn|4
|inactive|mirokart wii has 30 seconds left.
|
|t:|1756679959
|switch|p1b: Pelipper|Pelipper, L50, F|100/100
|-weather|RainDance|[from] ability: Drizzle|[of] p1b: Pelipper
|switch|p2b: Dragonite|Dragonite, L50, F|100/100
|move|p1a: Ursaluna|Earthquake|p2a: Whimsicott|[spread] p2a
|-immune|p1b: Pelipper
|-immune|p2b: Dragonite
|-damage|p2a: Whimsicott|0 fnt
|faint|p2a: Whimsicott
|
|-weather|RainDance|[upkeep]
|-damage|p1a: Ursaluna|89/100 brn|[from] brn
|-sideend|p2: mirokart wii|move: Tailwind
|upkeep
|
|t:|1756679971
|switch|p2a: Sneasler|Sneasler, L50, M|100/100
|turn|5
|inactive|HolgerD has 30 seconds left.
|inactive|HolgerD has 20 seconds left.
|
|t:|1756680008
|-terastallize|p1a: Ursaluna|Ghost
|move|p2a: Sneasler|Fake Out|p1b: Pelipper
|-damage|p1b: Pelipper|83/100
|move|p1a: Ursaluna|Facade|p2b: Dragonite
|-damage|p2b: Dragonite|0 fnt
|faint|p2b: Dragonite
|cant|p1b: Pelipper|flinch
|
|-weather|RainDance|[upkeep]
|-damage|p1a: Ursaluna|83/100 brn|[from] brn
|-fieldend|move: Trick Room
|upkeep
|
|t:|1756680016
|switch|p2b: Gholdengo|Gholdengo, L50|100/100
|turn|6
|
|t:|1756680034
|switch|p1a: Sinistcha|Sinistcha, L50|31/100
|-heal|p1b: Pelipper|100/100|[from] ability: Hospitality|[of] p1a: Sinistcha
|move|p2a: Sneasler|Protect|p2a: Sneasler
|-singleturn|p2a: Sneasler|Protect
|move|p2b: Gholdengo|Shadow Ball|p1a: Sinistcha
|-supereffective|p1a: Sinistcha
|-damage|p1a: Sinistcha|0 fnt
|faint|p1a: Sinistcha
|move|p1b: Pelipper|Tailwind|p1b: Pelipper
|-sidestart|p1: HolgerD|move: Tailwind
|
|-weather|RainDance|[upkeep]
|upkeep
|
|t:|1756680043
|switch|p1a: Ursaluna|Ursaluna, L50, F, tera:Ghost|83/100 brn
|turn|7
|
|t:|1756680049
|move|p1b: Pelipper|Muddy Water|p2a: Sneasler|[spread] p2a,p2b
|-damage|p2a: Sneasler|51/100
|-damage|p2b: Gholdengo|53/100
|-unboost|p2b: Gholdengo|accuracy|1
|move|p2a: Sneasler|Dire Claw|p1b: Pelipper
|-damage|p1b: Pelipper|49/100
|-status|p1b: Pelipper|slp
|move|p1a: Ursaluna|Earthquake|p2a: Sneasler|[spread] p2a,p2b
|-immune|p1b: Pelipper
|-supereffective|p2a: Sneasler
|-supereffective|p2b: Gholdengo
|-damage|p2a: Sneasler|0 fnt
|-damage|p2b: Gholdengo|0 fnt
|faint|p2a: Sneasler
|faint|p2b: Gholdengo
|
|win|HolgerD
||mirokart wii is ready for game 3.
|inactive|HolgerD has 30 seconds to confirm battle start!
|inactive|HolgerD has 20 seconds to confirm battle start!
||HolgerD is ready for game 3.
|uhtml|next|Next: Game 3 of 3
|l|☆mirokart wii
|player|p2|
