|j|☆iowe2cents
|j|☆A_TerroneVGC
|html|iowe2centsA_TerroneVGC    
|uhtml|bestof|Game 1 of a best-of-3
|t:|1756235419
|gametype|doubles
|player|p1|iowe2cents|102|1025
|player|p2|A_TerroneVGC|101|1149
|gen|9
|tier|[Gen 9] VGC 2025 Reg H (Bo3)
|rated|
|rule|Species Clause: Limit one of each Pokémon
|rule|Item Clause: Limit 1 of each item
|clearpoke
|poke|p1|Typhlosion-Hisui, L50, F|
|poke|p1|Ninetales, L50, F|
|poke|p1|Weezing-Galar, L50, F|
|poke|p1|Garchomp, L50, M|
|poke|p1|Sneasler, L50, F|
|poke|p1|Illumise, L50, F|
|poke|p2|Basculegion, L50, M|
|poke|p2|Archaludon, L50, M|
|poke|p2|Kingambit, L50, M|
|poke|p2|Rillaboom, L50, M|
|poke|p2|Pelipper, L50, M|
|poke|p2|Electabuzz, L50, M|
|teampreview|4
|showteam|p1|Typhlosion-Hisui||ChoiceScarf|Blaze|Eruption,ShadowBall,HeatWave,Flamethrower|||F|||50|,,,,,Fire]Ninetales||EjectPack|Drought|Overheat,Encore,Protect,WillOWisp|||F|||50|,,,,,Fire]Weezing-Galar||CovertCloak|NeutralizingGas|Protect,Taunt,WillOWisp,StrangeSteam|||F|||50|,,,,,Water]Garchomp||LifeOrb|RoughSkin|StompingTantrum,Earthquake,Protect,DragonClaw|||M|||50|,,,,,Ground]Sneasler||FocusSash|PoisonTouch|DireClaw,CloseCombat,FakeOut,Protect|||F|||50|,,,,,Ghost]Illumise||AbilityShield|Prankster|Tailwind,Encore,ThunderWave,FakeTears|||F|||50|,,,,,Dark
|showteam|p2|Basculegion||ChoiceBand|SwiftSwim|WaveCrash,LastRespects,FlipTurn,AquaJet|||M|||50|,,,,,Grass]Archaludon||AssaultVest|Stamina|FlashCannon,DracoMeteor,ElectroShot,BodyPress|||M|||50|,,,,,Fairy]Kingambit||BlackGlasses|Defiant|KowtowCleave,SuckerPunch,SwordsDance,Protect|||M|||50|,,,,,Dark]Rillaboom||LoadedDice|GrassySurge|BulletSeed,GrassyGlide,HighHorsepower,FakeOut|||M|||50|,,,,,Fire]Pelipper||FocusSash|Drizzle|WeatherBall,Hurricane,Tailwind,Protect|||M|||50|,,,,,Ghost]Electabuzz||Eviolite|VitalSpirit|Electroweb,Taunt,FollowMe,Protect|||M|||50|,,,,,Ghost
|inactive|Battle timer is ON: inactive players will automatically lose when time's up. (requested by iowe2cents)
|inactive|A_TerroneVGC has 60 seconds left.
|
|t:|1756235453
|teamsize|p1|4
|teamsize|p2|4
|start
|switch|p1a: Garchomp|Garchomp, L50, M, shiny|100/100
|switch|p1b: Illumise|Illumise, L50, F|100/100
|switch|p2a: Electabuzz|Electabuzz, L50, M|100/100
|switch|p2b: Basculegion|Basculegion, L50, M|100/100
|turn|1
|inactive|A_TerroneVGC has 30 seconds left.
|
|t:|1756235479
|switch|p2a: Pelipper|Pelipper, L50, M|100/100
|-weather|RainDance|[from] ability: Drizzle|[of] p2a: Pelipper
|-terastallize|p1a: Garchomp|Ground
|move|p1b: Illumise|Tailwind|p1b: Illumise
|-sidestart|p1: iowe2cents|move: Tailwind
|move|p1a: Garchomp|Earthquake|p2a: Pelipper|[spread] p1b,p2b
|-immune|p2a: Pelipper
|-resisted|p1b: Illumise
|-damage|p1b: Illumise|57/100
|-damage|p2b: Basculegion|10/100
|-damage|p1a: Garchomp|91/100|[from] item: Life Orb
|move|p2b: Basculegion|Flip Turn|p1b: Illumise
|-damage|p1b: Illumise|0 fnt
|faint|p1b: Illumise
|
|t:|1756235496
|switch|p2b: Archaludon|Archaludon, L50, M|100/100|[from] Flip Turn
|
|-weather|RainDance|[upkeep]
|upkeep
|
|t:|1756235507
|switch|p1b: Ninetales|Ninetales, L50, F|100/100
|-weather|SunnyDay|[from] ability: Drought|[of] p1b: Ninetales
|turn|2
|
|t:|1756235527
|switch|p2b: Electabuzz|Electabuzz, L50, M|100/100
|move|p1b: Ninetales|Protect|p1b: Ninetales
|-singleturn|p1b: Ninetales|Protect
|move|p1a: Garchomp|Earthquake|p2b: Electabuzz|[spread] p2b
|-activate|p1b: Ninetales|move: Protect
|-immune|p2a: Pelipper
|-supereffective|p2b: Electabuzz
|-damage|p2b: Electabuzz|0 fnt
|faint|p2b: Electabuzz
|-damage|p1a: Garchomp|81/100|[from] item: Life Orb
|move|p2a: Pelipper|Tailwind|p2a: Pelipper
|-sidestart|p2: A_TerroneVGC|move: Tailwind
|
|-weather|SunnyDay|[upkeep]
|upkeep
|
|t:|1756235540
|switch|p2b: Basculegion|Basculegion, L50, M|10/100
|turn|3
|
|t:|1756235551
|switch|p2a: Archaludon|Archaludon, L50, M|100/100
|move|p1a: Garchomp|Dragon Claw|p2b: Basculegion
|-damage|p2b: Basculegion|0 fnt
|faint|p2b: Basculegion
|-damage|p1a: Garchomp|71/100|[from] item: Life Orb
|move|p1b: Ninetales|Overheat|p2a: Archaludon
|-damage|p2a: Archaludon|60/100
|-unboost|p1b: Ninetales|spa|2
|-ability|p2a: Archaludon|Stamina|boost
|-boost|p2a: Archaludon|def|1
|-enditem|p1b: Ninetales|Eject Pack
|
|t:|1756235563
|switch|p1b: Typhlosion|Typhlosion-Hisui, L50, F|100/100
|
|-weather|SunnyDay|[upkeep]
|upkeep
|
|t:|1756235571
|switch|p2b: Pelipper|Pelipper, L50, M|100/100
|-weather|RainDance|[from] ability: Drizzle|[of] p2b: Pelipper
|turn|4
|
|t:|1756235594
|switch|p1a: Ninetales|Ninetales, L50, F|100/100
|-weather|SunnyDay|[from] ability: Drought|[of] p1a: Ninetales
|-terastallize|p2a: Archaludon|Fairy
|move|p1b: Typhlosion|Eruption|p2a: Archaludon|[spread] p2a,p2b
|-resisted|p2b: Pelipper
|-damage|p2a: Archaludon|0 fnt
|-damage|p2b: Pelipper|26/100
|faint|p2a: Archaludon
|move|p2b: Pelipper|Hurricane|p1a: Ninetales|[miss]
|-miss|p2b: Pelipper|p1a: Ninetales
|
|-weather|SunnyDay|[upkeep]
|-sideend|p1: iowe2cents|move: Tailwind
|upkeep
|turn|5
|
|t:|1756235610
|move|p2b: Pelipper|Weather Ball|p1a: Ninetales
|-resisted|p1a: Ninetales
|-damage|p1a: Ninetales|78/100
|move|p1b: Typhlosion|Eruption|p2b: Pelipper
|-resisted|p2b: Pelipper
|-damage|p2b: Pelipper|0 fnt
|faint|p2b: Pelipper
|
|win|iowe2cents
