|j|☆Ironstandseternal
|j|☆Tlayer4002
|html|IronstandseternalTlayer4002    
|uhtml|bestof|Game 1 of a best-of-3
|t:|1757164328
|gametype|doubles
|player|p1|Ironstandseternal|alder|1254
|player|p2|Tlayer4002|265|1340
|gen|9
|tier|[Gen 9] VGC 2025 Reg H (Bo3)
|rated|
|rule|Species Clause: Limit one of each Pokémon
|rule|Item Clause: Limit 1 of each item
|clearpoke
|poke|p1|Rillaboom, L50, M|
|poke|p1|Dragonite, L50, M|
|poke|p1|Sneasler, L50, M|
|poke|p1|Ninetales-Alola, L50, F|
|poke|p1|Kingambit, L50, M|
|poke|p1|Volcarona, L50, M|
|poke|p2|Kingambit, L50, F|
|poke|p2|Volcarona, L50, M|
|poke|p2|Basculegion, L50, M|
|poke|p2|Dragonite, L50, M|
|poke|p2|Rillaboom, L50, F|
|poke|p2|Sneasler, L50, F|
|teampreview|4
|showteam|p1|Rillaboom||AssaultVest|GrassySurge|WoodHammer,GrassyGlide,HighHorsepower,FakeOut|||M|||50|,,,,,Fire]Dragonite||LoadedDice|Multiscale|Protect,ScaleShot,LowKick,Haze|||M|||50|,,,,,Fairy]Sneasler||WhiteHerb|Unburden|Protect,DireClaw,CloseCombat,Coaching|||M|||50|,,,,,Ghost]Ninetales-Alola||ChoiceSpecs|SnowWarning|Blizzard,IcyWind,Moonblast,FreezeDry|||F|||50|,,,,,Ghost]Kingambit||SafetyGoggles|Defiant|Protect,KowtowCleave,SuckerPunch,SwordsDance|||M|||50|,,,,,Dark]Volcarona||CovertCloak|FlameBody|StruggleBug,RagePowder,Overheat,WillOWisp|||M|||50|,,,,,Fairy
|showteam|p2|Kingambit||SafetyGoggles|Defiant|KowtowCleave,SuckerPunch,SwordsDance,Protect|||F|||50|,,,,,Fire]Volcarona||Leftovers|FlameBody|HeatWave,TeraBlast,QuiverDance,Protect|||M|||50|,,,,,Fairy]Basculegion||ChoiceScarf|Adaptability|WaveCrash,FlipTurn,LastRespects,TeraBlast|||M|||50|,,,,,Fighting]Dragonite||LoadedDice|Multiscale|ScaleShot,Haze,Protect,ExtremeSpeed|||M|||50|,,,,,Normal]Rillaboom||AssaultVest|GrassySurge|WoodHammer,GrassyGlide,HighHorsepower,FakeOut|||F|||50|,,,,,Fire]Sneasler||GrassySeed|Unburden|CloseCombat,DireClaw,Coaching,Protect|||F|||50|,,,,,Stellar
|inactive|Battle timer is ON: inactive players will automatically lose when time's up. (requested by Tlayer4002)
|inactive|Ironstandseternal has 60 seconds left.
|
|t:|1757164427
|teamsize|p1|4
|teamsize|p2|4
|start
|switch|p1a: Dragonite|Dragonite, L50, M|100/100
|switch|p1b: Sneasler|Sneasler, L50, M|100/100
|switch|p2a: Volcarona|Volcarona, L50, M|100/100
|switch|p2b: Dragonite|Dragonite, L50, M|100/100
|turn|1
|inactive|Ironstandseternal has 30 seconds left.
|inactive|Tlayer4002 has 30 seconds left.
|inactive|Ironstandseternal has 20 seconds left.
|
|t:|1757164465
|-terastallize|p1a: Dragonite|Fairy
|move|p1b: Sneasler|Protect|p1b: Sneasler
|-singleturn|p1b: Sneasler|Protect
|move|p2a: Volcarona|Protect|p2a: Volcarona
|-singleturn|p2a: Volcarona|Protect
|move|p1a: Dragonite|Scale Shot|p2b: Dragonite
|-supereffective|p2b: Dragonite
|-damage|p2b: Dragonite|83/100
|-supereffective|p2b: Dragonite
|-damage|p2b: Dragonite|53/100
|-supereffective|p2b: Dragonite
|-damage|p2b: Dragonite|18/100
|-supereffective|p2b: Dragonite
|-damage|p2b: Dragonite|0 fnt
|faint|p2b: Dragonite
|-hitcount|p2: Dragonite|4
|-unboost|p1a: Dragonite|def|1
|-boost|p1a: Dragonite|spe|1
|
|upkeep
|
|t:|1757164478
|switch|p2b: Basculegion|Basculegion, L50, M|100/100
|turn|2
|inactive|Ironstandseternal has 30 seconds left.
|
|t:|1757164513
|-terastallize|p2a: Volcarona|Fairy
|move|p1a: Dragonite|Scale Shot|p2b: Basculegion
|-damage|p2b: Basculegion|82/100
|-crit|p2b: Basculegion
|-damage|p2b: Basculegion|55/100
|-damage|p2b: Basculegion|37/100
|-damage|p2b: Basculegion|17/100
|-hitcount|p2b: Basculegion|4
|-unboost|p1a: Dragonite|def|1
|-boost|p1a: Dragonite|spe|1
|move|p2b: Basculegion|Wave Crash|p1b: Sneasler
|-damage|p1b: Sneasler|0 fnt
|faint|p1b: Sneasler
|-damage|p2b: Basculegion|0 fnt|[from] Recoil
|faint|p2b: Basculegion
|move|p2a: Volcarona|Quiver Dance|p2a: Volcarona
|-boost|p2a: Volcarona|spa|1
|-boost|p2a: Volcarona|spd|1
|-boost|p2a: Volcarona|spe|1
|
|upkeep
|inactive|Ironstandseternal has 30 seconds left.
|inactive|Ironstandseternal has 20 seconds left.
|
|t:|1757164549
|switch|p1b: Volcarona|Volcarona, L50, M|100/100
|switch|p2b: Sneasler|Sneasler, L50, F|100/100
|turn|3
|inactive|Ironstandseternal has 30 seconds left.
|
|t:|1757164577
|move|p2b: Sneasler|Protect|p2b: Sneasler
|-singleturn|p2b: Sneasler|Protect
|move|p1a: Dragonite|Scale Shot|p2b: Sneasler
|-activate|p2b: Sneasler|move: Protect
|move|p2a: Volcarona|Quiver Dance|p2a: Volcarona
|-boost|p2a: Volcarona|spa|1
|-boost|p2a: Volcarona|spd|1
|-boost|p2a: Volcarona|spe|1
|move|p1b: Volcarona|Struggle Bug|p2a: Volcarona|[spread] p2a
|-activate|p2b: Sneasler|move: Protect
|-resisted|p2a: Volcarona
|-damage|p2a: Volcarona|97/100
|-unboost|p2a: Volcarona|spa|1
|
|-heal|p2a: Volcarona|100/100|[from] item: Leftovers
|upkeep
|turn|4
|
|t:|1757164594
|move|p2a: Volcarona|Heat Wave|p1b: Volcarona|[spread] p1a,p1b
|-damage|p1a: Dragonite|72/100
|-damage|p1b: Volcarona|56/100
|move|p1a: Dragonite|Scale Shot|p2b: Sneasler|[miss]
|-miss|p1a: Dragonite|p2b: Sneasler
|move|p2b: Sneasler|Dire Claw|p1a: Dragonite
|-supereffective|p1a: Dragonite
|-damage|p1a: Dragonite|0 fnt
|faint|p1a: Dragonite
|move|p1b: Volcarona|Struggle Bug|p2a: Volcarona|[spread] p2a,p2b
|-resisted|p2a: Volcarona
|-resisted|p2b: Sneasler
|-crit|p2b: Sneasler
|-damage|p2a: Volcarona|96/100
|-damage|p2b: Sneasler|92/100
|-unboost|p2a: Volcarona|spa|1
|-unboost|p2b: Sneasler|spa|1
|
|-heal|p2a: Volcarona|100/100|[from] item: Leftovers
|upkeep
|
|t:|1757164602
|switch|p1a: Ninetales|Ninetales-Alola, L50, F|100/100
|-weather|Snowscape|[from] ability: Snow Warning|[of] p1a: Ninetales
|turn|5
|
|t:|1757164618
|move|p1b: Volcarona|Rage Powder|p1b: Volcarona
|-singleturn|p1b: Volcarona|move: Rage Powder
|move|p2a: Volcarona|Quiver Dance|p2a: Volcarona
|-boost|p2a: Volcarona|spa|1
|-boost|p2a: Volcarona|spd|1
|-boost|p2a: Volcarona|spe|1
|move|p1a: Ninetales|Blizzard|p2b: Sneasler|[spread] p2a,p2b
|-crit|p2b: Sneasler
|-damage|p2a: Volcarona|85/100
|-damage|p2b: Sneasler|4/100
|-status|p2b: Sneasler|frz
|cant|p2b: Sneasler|frz
|
|-weather|Snowscape|[upkeep]
|-heal|p2a: Volcarona|91/100|[from] item: Leftovers
|upkeep
|turn|6
|
|t:|1757164633
|move|p2a: Volcarona|Protect|p2a: Volcarona
|-singleturn|p2a: Volcarona|Protect
|move|p1a: Ninetales|Blizzard|p2b: Sneasler|[spread] p2b
|-activate|p2a: Volcarona|move: Protect
|-damage|p2b: Sneasler|0 fnt
|faint|p2b: Sneasler
|move|p1b: Volcarona|Struggle Bug|p2a: Volcarona
|-activate|p2a: Volcarona|move: Protect
|
|-weather|Snowscape|[upkeep]
|-heal|p2a: Volcarona|97/100|[from] item: Leftovers
|upkeep
|turn|7
|
|t:|1757164648
|move|p2a: Volcarona|Heat Wave|p1a: Ninetales|[spread] p1a,p1b
|-supereffective|p1a: Ninetales
|-damage|p1a: Ninetales|0 fnt
|-damage|p1b: Volcarona|11/100
|faint|p1a: Ninetales
|move|p1b: Volcarona|Will-O-Wisp|p2a: Volcarona
|-status|p2a: Volcarona|brn
|
|-weather|Snowscape|[upkeep]
|-heal|p2a: Volcarona|100/100 brn|[from] item: Leftovers
|-damage|p2a: Volcarona|94/100 brn|[from] brn
|upkeep
|turn|8
|
|t:|1757164661
|move|p2a: Volcarona|Tera Blast|p1b: Volcarona|[anim] Tera Blast Fairy
|-resisted|p1b: Volcarona
|-damage|p1b: Volcarona|0 fnt
|faint|p1b: Volcarona
|
|win|Tlayer4002
|inactive|Ironstandseternal has 30 seconds to confirm battle start!
|inactive|Tlayer4002 has 30 seconds to confirm battle start!
||Ironstandseternal is ready for game 2.
||Tlayer4002 is ready for game 2.
|uhtml|next|Next: Game 2 of 3
|l|☆Tlayer4002
|player|p2|
