|j|☆jomivgc
|j|☆katkraydel
|html|jomivgckatkraydel    
|uhtml|bestof|Game 1 of a best-of-3
|t:|1784831217
|gametype|doubles
|player|p1|jomivgc|falkner-gen2|1306
|player|p2|katkraydel|lebanne|1310
|gen|9
|tier|[Gen 9 Champions] VGC 2026 Reg M-B (Bo3)
|rated|
|rule|Species Clause: Limit one of each Pokémon
|rule|Item Clause: Limit 1 of each item
|clearpoke
|poke|p1|Staraptor, L50, M|
|poke|p1|Vanilluxe, L50, M|
|poke|p1|Farigiraf, L50, M|
|poke|p1|Blastoise, L50, M|
|poke|p1|Kingambit, L50, F|
|poke|p1|Camerupt, L50, M|
|poke|p2|Eelektross, L50, F|
|poke|p2|Vivillon-Sandstorm, L50, M|
|poke|p2|Garchomp, L50, F|
|poke|p2|Farigiraf, L50, F|
|poke|p2|Sylveon, L50, F|
|poke|p2|Kangaskhan, L50, F|
|teampreview|4
|showteam|p1|Staraptor||ChoiceScarf|Intimidate|FinalGambit,BraveBird,CloseCombat,Uturn|Jolly||M|||50|]Vanilluxe||NeverMeltIce|SnowWarning|Blizzard,FreezeDry,Protect,IceShard|Quiet||M|||50|]Farigiraf||SitrusBerry|ArmorTail|PsychicFangs,HyperVoice,HelpingHand,TrickRoom|Relaxed||M|||50|]Blastoise||Blastoisinite|RainDish|FakeOut,WaterSpout,AuraSphere,DarkPulse|Quiet||M|||50|]Kingambit||LifeOrb|Defiant|KowtowCleave,IronHead,Protect,SuckerPunch|Brave||F|||50|]Camerupt||Cameruptite|SolidRock|HeatWave,EarthPower,Protect,AncientPower|Quiet||M|||50|
|showteam|p2|Eelektross||Eelektrossite|Levitate|Discharge,Thunderbolt,Flamethrower,Protect|Modest||F|||50|]Vivillon-Sandstorm||ChoiceScarf|CompoundEyes|SleepPowder,RagePowder,Hurricane,Tailwind|Timid||M|||50|]Garchomp||LifeOrb|RoughSkin|DragonClaw,Earthquake,RockSlide,Protect|Adamant||F|||50|]Farigiraf||ColburBerry|ArmorTail|FoulPlay,Psychic,TrickRoom,HelpingHand|Calm||F|||50|]Sylveon||FairyFeather|Pixilate|HyperVoice,HyperBeam,QuickAttack,Detect|Modest||F|||50|]Kangaskhan||Kangaskhanite|Scrappy|DoubleEdge,FakeOut,DrainPunch,SuckerPunch|Adamant||F|||50|
|inactive|Battle timer is ON: inactive players will automatically lose when time's up. (requested by jomivgc)
|inactive|jomivgc has 60 seconds left.
|inactive|katkraydel has 60 seconds left.
|inactive|jomivgc has 30 seconds left.
|inactive|katkraydel has 30 seconds left.
|inactive|jomivgc has 20 seconds left.
|inactive|jomivgc has 15 seconds left.
|inactive|jomivgc has 10 seconds left.
|inactive|jomivgc has 5 seconds left.
|
|t:|1784831306
|teamsize|p1|4
|teamsize|p2|4
|start
|switch|p1a: Blastoise|Blastoise, L50, M|100/100
|switch|p1b: Staraptor|Staraptor, L50, M|100/100
|switch|p2a: Farigiraf|Farigiraf, L50, F|100/100
|switch|p2b: Eelektross|Eelektross, L50, F|100/100
|-ability|p1b: Staraptor|Intimidate|boost
|-unboost|p2a: Farigiraf|atk|1
|-unboost|p2b: Eelektross|atk|1
|turn|1
|inactive|jomivgc has 30 seconds left.
|
|t:|1784831338
|detailschange|p1a: Blastoise|Blastoise-Mega, L50, M
|-mega|p1a: Blastoise|Blastoise|Blastoisinite
|detailschange|p2b: Eelektross|Eelektross-Mega, L50, F
|-mega|p2b: Eelektross|Eelektross|Eelektrossite
|move|p2b: Eelektross|Protect|p2b: Eelektross
|-singleturn|p2b: Eelektross|Protect
|move|p1b: Staraptor|Final Gambit|p2b: Eelektross
|-activate|p2b: Eelektross|move: Protect
|move|p1a: Blastoise|Water Spout|p2a: Farigiraf|[spread] p2a
|-activate|p2b: Eelektross|move: Protect
|-damage|p2a: Farigiraf|37/100
|move|p2a: Farigiraf|Trick Room|p2a: Farigiraf
|-fieldstart|move: Trick Room|[of] p2a: Farigiraf
|
|upkeep
|turn|2
|inactive|jomivgc has 30 seconds left.
|inactive|jomivgc has 20 seconds left.
|inactive|jomivgc has 15 seconds left.
|inactive|jomivgc has 10 seconds left.
|
|t:|1784831387
|move|p2a: Farigiraf|Helping Hand|p2b: Eelektross
|-singleturn|p2b: Eelektross|Helping Hand|[of] p2a: Farigiraf
|move|p1a: Blastoise|Aura Sphere|p2a: Farigiraf
|-damage|p2a: Farigiraf|0 fnt
|faint|p2a: Farigiraf
|move|p2b: Eelektross|Discharge|p1b: Staraptor|[spread] p1a,p1b
|-supereffective|p1a: Blastoise|1
|-supereffective|p1b: Staraptor|1
|-damage|p1a: Blastoise|12/100
|-damage|p1b: Staraptor|0 fnt
|-status|p1a: Blastoise|par
|faint|p1b: Staraptor
|-ability|p2b: Eelektross|Eelevate|boost
|-boost|p2b: Eelektross|spa|1
|
|upkeep
|
|t:|1784831399
|switch|p2a: Sylveon|Sylveon, L50, F|100/100
|switch|p1b: Kingambit|Kingambit, L50, F|100/100
|turn|3
|
|t:|1784831421
|move|p2a: Sylveon|Detect|p2a: Sylveon
|-singleturn|p2a: Sylveon|Protect
|move|p1a: Blastoise|Dark Pulse|p2b: Eelektross
|-damage|p2b: Eelektross|47/100
|move|p1b: Kingambit|Kowtow Cleave|p2b: Eelektross
|-damage|p2b: Eelektross|0 fnt
|faint|p2b: Eelektross
|-damage|p1b: Kingambit|90/100|[from] item: Life Orb
|
|upkeep
|
|t:|1784831429
|switch|p2b: Garchomp|Garchomp, L50, F|100/100
|turn|4
|
|t:|1784831453
|move|p2a: Sylveon|Quick Attack|p1a: Blastoise
|-damage|p1a: Blastoise|1/100 par
|move|p1a: Blastoise|Dark Pulse|p2b: Garchomp
|-damage|p2b: Garchomp|53/100
|move|p1b: Kingambit|Iron Head|p2a: Sylveon
|-supereffective|p2a: Sylveon|1
|-damage|p2a: Sylveon|0 fnt
|faint|p2a: Sylveon
|-damage|p1b: Kingambit|80/100|[from] item: Life Orb
|move|p2b: Garchomp|Earthquake|p1a: Blastoise|[spread] p1a,p1b
|-supereffective|p1b: Kingambit|1
|-damage|p1a: Blastoise|0 fnt
|-damage|p1b: Kingambit|0 fnt
|faint|p1a: Blastoise
|faint|p1b: Kingambit
|-damage|p2b: Garchomp|43/100|[from] item: Life Orb
|
|upkeep
|
|t:|1784831466
|switch|p1a: Farigiraf|Farigiraf, L50, M|100/100
|turn|5
|
|t:|1784831475
|move|p2b: Garchomp|Protect|p2b: Garchomp
|-singleturn|p2b: Garchomp|Protect
|move|p1a: Farigiraf|Hyper Voice|p2b: Garchomp
|-activate|p2b: Garchomp|move: Protect
|
|-fieldend|move: Trick Room
|upkeep
|turn|6
|
|t:|1784831481
|move|p2b: Garchomp|Earthquake|p1a: Farigiraf
|-damage|p1a: Farigiraf|42/100
|-enditem|p1a: Farigiraf|Sitrus Berry|[eat]
|-heal|p1a: Farigiraf|67/100|[from] item: Sitrus Berry
|-damage|p2b: Garchomp|34/100|[from] item: Life Orb
|move|p1a: Farigiraf|Hyper Voice|p2b: Garchomp
|-damage|p2b: Garchomp|1/100
|
|upkeep
|turn|7
|
|t:|1784831492
|move|p2b: Garchomp|Earthquake|p1a: Farigiraf
|-damage|p1a: Farigiraf|16/100
|-damage|p2b: Garchomp|0 fnt|[from] item: Life Orb
|faint|p2b: Garchomp
|
|win|jomivgc
