|j|☆Peppersalt1
|j|☆dutchilles
|html|Peppersalt1dutchilles    
|uhtml|bestof|Game 3 of a best-of-3
|t:|1784345455
|gametype|doubles
|player|p1|Peppersalt1|teamrocket|
|player|p2|dutchilles|265|
|gen|9
|tier|[Gen 9 Champions] VGC 2026 Reg M-B (Bo3)
|rule|Species Clause: Limit one of each Pokémon
|rule|Item Clause: Limit 1 of each item
|clearpoke
|poke|p1|Venusaur, L50, F|
|poke|p1|Incineroar, L50, M|
|poke|p1|Vivillon, L50, M|
|poke|p1|Farigiraf, L50, M|
|poke|p1|Rotom-Wash, L50|
|poke|p1|Rhyperior, L50, F|
|poke|p2|Primarina, L50, M|
|poke|p2|Metagross, L50|
|poke|p2|Grimmsnarl, L50, M|
|poke|p2|Mimikyu, L50, F|
|poke|p2|Blaziken, L50, F|
|poke|p2|Lucario, L50, M|
|teampreview|4
|showteam|p1|Venusaur||Venusaurite|Overgrow|GigaDrain,SludgeBomb,EarthPower,Protect|Modest||F|||50|]Incineroar||ChopleBerry|Intimidate|FlareBlitz,ThroatChop,FakeOut,PartingShot|Careful||M|||50|]Vivillon||FocusSash|CompoundEyes|Hurricane,SleepPowder,Tailwind,Protect|Timid||M|||50|]Farigiraf||ColburBerry|ArmorTail|HyperVoice,Psychic,HelpingHand,TrickRoom|Modest||M|||50|]Rotom-Wash||ChoiceScarf|Levitate|Thunderbolt,Electroweb,HydroPump,VoltSwitch|Modest|||||50|]Rhyperior||LifeOrb|SolidRock|HighHorsepower,Earthquake,RockSlide,Protect|Brave||F|||50|
|showteam|p2|Primarina||Leftovers|LiquidVoice|HyperVoice,CalmMind,Protect,Surf|Modest||M|||50|]Metagross||Metagrossite|ClearBody|IronHead,PsychicFangs,BulletPunch,Protect|Jolly|||||50|]Grimmsnarl||LightClay|Prankster|SpiritBreak,LightScreen,Reflect,PartingShot|Careful||M|||50|]Mimikyu||LifeOrb|Disguise|PlayRough,ShadowSneak,TrickRoom,ShadowClaw|Adamant||F|||50|]Blaziken||FocusSash|SpeedBoost|CloseCombat,FlareBlitz,RockSlide,Protect|Adamant||F|||50|]Lucario||ChoiceScarf|InnerFocus|AuraSphere,FlashCannon,Protect,VacuumWave|Modest||M|||50|
|inactive|Battle timer is ON: inactive players will automatically lose when time's up. (requested by Peppersalt1)
|
|t:|1784345484
|teamsize|p1|4
|teamsize|p2|4
|start
|switch|p1a: Rotom|Rotom-Wash, L50|100/100
|switch|p1b: Rhyperior|Rhyperior, L50, F|100/100
|switch|p2a: Grimmsnarl|Grimmsnarl, L50, M|100/100
|switch|p2b: Primarina|Primarina, L50, M|100/100
|turn|1
|
|t:|1784345500
|switch|p1b: Farigiraf|Farigiraf, L50, M|100/100
|move|p2b: Primarina|Protect|p2b: Primarina
|-singleturn|p2b: Primarina|Protect
|move|p2a: Grimmsnarl|Reflect|p2a: Grimmsnarl
|-sidestart|p2: dutchilles|Reflect
|move|p1a: Rotom|Electroweb|p2a: Grimmsnarl|[spread] p2a
|-activate|p2b: Primarina|move: Protect
|-damage|p2a: Grimmsnarl|77/100
|-unboost|p2a: Grimmsnarl|spe|1
|
|upkeep
|turn|2
|
|t:|1784345519
|move|p2a: Grimmsnarl|Light Screen|p2a: Grimmsnarl
|-sidestart|p2: dutchilles|move: Light Screen
|move|p1a: Rotom|Electroweb|p2a: Grimmsnarl|[spread] p2a,p2b
|-supereffective|p2b: Primarina|1
|-damage|p2a: Grimmsnarl|64/100
|-damage|p2b: Primarina|78/100
|-unboost|p2a: Grimmsnarl|spe|1
|-unboost|p2b: Primarina|spe|1
|move|p1b: Farigiraf|Hyper Voice|p2a: Grimmsnarl|[spread] p2a,p2b
|-damage|p2a: Grimmsnarl|44/100
|-damage|p2b: Primarina|62/100
|move|p2b: Primarina|Calm Mind|p2b: Primarina
|-boost|p2b: Primarina|spa|1
|-boost|p2b: Primarina|spd|1
|
|-heal|p2b: Primarina|67/100|[from] item: Leftovers
|upkeep
|turn|3
|inactive|dutchilles has 30 seconds left.
|
|t:|1784345547
|move|p1a: Rotom|Electroweb|p2a: Grimmsnarl|[spread] p2a,p2b
|-supereffective|p2b: Primarina|1
|-damage|p2a: Grimmsnarl|30/100
|-damage|p2b: Primarina|52/100
|-unboost|p2a: Grimmsnarl|spe|1
|-unboost|p2b: Primarina|spe|1
|move|p1b: Farigiraf|Hyper Voice|p2a: Grimmsnarl|[spread] p2a,p2b
|-crit|p2b: Primarina
|-damage|p2a: Grimmsnarl|11/100
|-damage|p2b: Primarina|16/100
|move|p2b: Primarina|Hyper Voice|p1b: Farigiraf|[spread] p1a,p1b
|-resisted|p1a: Rotom|1
|-damage|p1a: Rotom|73/100
|-damage|p1b: Farigiraf|53/100
|move|p2a: Grimmsnarl|Spirit Break|p1b: Farigiraf
|-damage|p1b: Farigiraf|29/100
|-unboost|p1b: Farigiraf|spa|1
|
|-heal|p2b: Primarina|21/100|[from] item: Leftovers
|upkeep
|turn|4
|inactive|dutchilles has 30 seconds left.
|
|t:|1784345572
|move|p2b: Primarina|Protect|p2b: Primarina
|-singleturn|p2b: Primarina|Protect
|move|p2a: Grimmsnarl|Parting Shot||[still]
|cant|p1b: Farigiraf|ability: Armor Tail|Parting Shot|[of] p2a: Grimmsnarl
|move|p1a: Rotom|Electroweb|p2b: Primarina|[spread] p2a
|-activate|p2b: Primarina|move: Protect
|-damage|p2a: Grimmsnarl|0 fnt
|faint|p2a: Grimmsnarl
|move|p1b: Farigiraf|Hyper Voice|p2b: Primarina
|-activate|p2b: Primarina|move: Protect
|
|-heal|p2b: Primarina|27/100|[from] item: Leftovers
|upkeep
|
|t:|1784345586
|switch|p2a: Metagross|Metagross, L50|100/100
|turn|5
|
|t:|1784345596
|detailschange|p2a: Metagross|Metagross-Mega, L50
|-mega|p2a: Metagross|Metagross|Metagrossite
|move|p1a: Rotom|Electroweb|p2b: Primarina|[spread] p2a,p2b
|-supereffective|p2b: Primarina|1
|-damage|p2a: Metagross|85/100
|-damage|p2b: Primarina|14/100
|-unboost|p2a: Metagross|spe|1
|-unboost|p2b: Primarina|spe|1
|move|p2a: Metagross|Iron Head|p1b: Farigiraf
|-damage|p1b: Farigiraf|0 fnt
|faint|p1b: Farigiraf
|move|p2b: Primarina|Hyper Voice|p1a: Rotom
|-resisted|p1a: Rotom|1
|-damage|p1a: Rotom|31/100
|
|-heal|p2b: Primarina|20/100y|[from] item: Leftovers
|upkeep
|
|t:|1784345608
|switch|p1b: Venusaur|Venusaur, L50, F|100/100
|turn|6
|
|t:|1784345614
|detailschange|p1b: Venusaur|Venusaur-Mega, L50, F
|-mega|p1b: Venusaur|Venusaur|Venusaurite
|move|p2b: Primarina|Protect|p2b: Primarina
|-singleturn|p2b: Primarina|Protect
|move|p1a: Rotom|Electroweb|p2b: Primarina|[spread] p2a
|-activate|p2b: Primarina|move: Protect
|-damage|p2a: Metagross|71/100
|-unboost|p2a: Metagross|spe|1
|move|p1b: Venusaur|Earth Power|p2a: Metagross
|-supereffective|p2a: Metagross|1
|-damage|p2a: Metagross|27/100
|move|p2a: Metagross|Psychic Fangs|p1b: Venusaur
|-supereffective|p1b: Venusaur|1
|-crit|p1b: Venusaur
|-damage|p1b: Venusaur|0 fnt
|faint|p1b: Venusaur
|
|-heal|p2b: Primarina|26/100|[from] item: Leftovers
|upkeep
|
|t:|1784345626
|switch|p1b: Rhyperior|Rhyperior, L50, F|100/100
|turn|7
|c|☆Peppersalt1|crittt
|
|t:|1784345645
|move|p1a: Rotom|Electroweb|p2b: Primarina|[spread] p2a,p2b
|-supereffective|p2b: Primarina|1
|-damage|p2a: Metagross|12/100
|-damage|p2b: Primarina|11/100
|-unboost|p2a: Metagross|spe|1
|-unboost|p2b: Primarina|spe|1
|move|p2a: Metagross|Iron Head|p1b: Rhyperior
|-supereffective|p1b: Rhyperior|1
|-damage|p1b: Rhyperior|39/100
|cant|p1b: Rhyperior|flinch
|move|p2b: Primarina|Hyper Voice|p1a: Rotom|[spread] p1a,p1b
|-resisted|p1a: Rotom|1
|-supereffective|p1b: Rhyperior|2
|-damage|p1a: Rotom|1/100
|-damage|p1b: Rhyperior|0 fnt
|faint|p1b: Rhyperior
|
|-heal|p2b: Primarina|17/100|[from] item: Leftovers
|upkeep
|turn|8
|c|☆Peppersalt1|flinchhhh
|c|☆Peppersalt1|ahh
|c|☆Peppersalt1|gg
|
|t:|1784345665
|move|p2b: Primarina|Protect|p2b: Primarina
|-singleturn|p2b: Primarina|Protect
|move|p2a: Metagross|Bullet Punch|p1a: Rotom
|-resisted|p1a: Rotom|2
|-damage|p1a: Rotom|0 fnt
|faint|p1a: Rotom
|
|win|dutchilles
