|j|☆Pakaan64
|j|☆raksbachtesting1
|html|Pakaan64raksbachtesting1    
|uhtml|bestof|Game 3 of a best-of-3
|t:|1785848744
|gametype|doubles
|player|p1|Pakaan64|265|1199
|player|p2|raksbachtesting1|doubleteam|1155
|gen|9
|tier|[Gen 9 Champions] VGC 2026 Reg M-B (Bo3)
|rated|
|rule|Species Clause: Limit one of each Pokémon
|rule|Item Clause: Limit 1 of each item
|clearpoke
|poke|p1|Gyarados, L50, M|
|poke|p1|Sinistcha, L50|
|poke|p1|Pelipper, L50, F|
|poke|p1|Drampa, L50, F|
|poke|p1|Grimmsnarl, L50, M|
|poke|p1|Staraptor, L50, M|
|poke|p2|Staraptor, L50, M|
|poke|p2|Glimmora, L50, F|
|poke|p2|Whimsicott, L50, F|
|poke|p2|Kingambit, L50, M|
|poke|p2|Garchomp, L50, M|
|poke|p2|Delphox, L50, M|
|teampreview|4
|showteam|p1|Gyarados||Gyaradosite|Intimidate|DragonDance,Waterfall,Protect,Earthquake|Adamant||M|||50|]Sinistcha||Leftovers|Hospitality|RagePowder,Protect,MatchaGotcha,LifeDew|Bold|||||50|]Pelipper||SitrusBerry|Drizzle|HelpingHand,Protect,WideGuard,Hurricane|Bold||F|||50|]Drampa||LifeOrb|CloudNine|EarthPower,Protect,DragonPulse,HyperVoice|Modest||F|||50|]Grimmsnarl||LightClay|Prankster|LightScreen,Reflect,PartingShot,FakeOut|Careful||M|||50|]Staraptor||Staraptite|Intimidate|CloseCombat,Protect,Roost,DualWingbeat|Adamant||M|||50|
|showteam|p2|Staraptor||Staraptite|Intimidate|CloseCombat,BraveBird,Roost,Protect|Jolly||M|||50|]Glimmora||FocusSash|ToxicDebris|PowerGem,SludgeBomb,EarthPower,SpikyShield|Modest||F|||50|]Whimsicott||OccaBerry|Prankster|Tailwind,Moonblast,Charm,LightScreen|Timid||F|||50|]Kingambit||ChopleBerry|Defiant|KowtowCleave,IronHead,LowKick,SuckerPunch|Adamant||M|||50|]Garchomp||LifeOrb|RoughSkin|Earthquake,DragonClaw,RockSlide,Protect|Adamant||M|||50|]Delphox||Delphoxite|Blaze|HeatWave,Psychic,Encore,Protect|Timid||M|||50|
|inactive|Battle timer is ON: inactive players will automatically lose when time's up. (requested by raksbachtesting1)
|inactive|raksbachtesting1 has 60 seconds left.
|inactive|raksbachtesting1 has 30 seconds left.
|
|t:|1785848808
|teamsize|p1|4
|teamsize|p2|4
|start
|switch|p1a: Gyarados|Gyarados, L50, M|100/100
|switch|p1b: Pelipper|Pelipper, L50, F|100/100
|switch|p2a: Delphox|Delphox, L50, M|100/100
|switch|p2b: Whimsicott|Whimsicott, L50, F|100/100
|-ability|p1a: Gyarados|Intimidate|boost
|-unboost|p2a: Delphox|atk|1
|-unboost|p2b: Whimsicott|atk|1
|-weather|RainDance|[from] ability: Drizzle|[of] p1b: Pelipper
|turn|1
|
|t:|1785848823
|switch|p2a: Glimmora|Glimmora, L50, F|100/100
|detailschange|p1a: Gyarados|Gyarados-Mega, L50, M
|-mega|p1a: Gyarados|Gyarados|Gyaradosite
|-ability|p1a: Gyarados|Mold Breaker
|move|p2b: Whimsicott|Tailwind|p2b: Whimsicott
|-sidestart|p2: raksbachtesting1|move: Tailwind
|move|p1a: Gyarados|Dragon Dance|p1a: Gyarados
|-boost|p1a: Gyarados|atk|1
|-boost|p1a: Gyarados|spe|1
|move|p1b: Pelipper|Hurricane|p2b: Whimsicott
|-supereffective|p2b: Whimsicott|1
|-damage|p2b: Whimsicott|3/100
|-start|p2b: Whimsicott|confusion
|
|-weather|RainDance|[upkeep]
|upkeep
|turn|2
|inactive|Pakaan64 has 30 seconds left.
|
|t:|1785848850
|switch|p2b: Delphox|Delphox, L50, M|100/100
|move|p1a: Gyarados|Protect|p1a: Gyarados
|-singleturn|p1a: Gyarados|Protect
|move|p2a: Glimmora|Power Gem|p1b: Pelipper
|-supereffective|p1b: Pelipper|1
|-damage|p1b: Pelipper|0 fnt
|faint|p1b: Pelipper
|
|-weather|RainDance|[upkeep]
|upkeep
|
|t:|1785848855
|switch|p1b: Grimmsnarl|Grimmsnarl, L50, M|100/100
|turn|3
|
|t:|1785848871
|detailschange|p2b: Delphox|Delphox-Mega, L50, M
|-mega|p2b: Delphox|Delphox|Delphoxite
|move|p1b: Grimmsnarl|Fake Out|p2b: Delphox
|-damage|p2b: Delphox|82/100
|cant|p2b: Delphox|flinch
|move|p2a: Glimmora|Sludge Bomb|p1b: Grimmsnarl
|-supereffective|p1b: Grimmsnarl|1
|-damage|p1b: Grimmsnarl|25/100
|-status|p1b: Grimmsnarl|psn
|move|p1a: Gyarados|Dragon Dance|p1a: Gyarados
|-boost|p1a: Gyarados|atk|1
|-boost|p1a: Gyarados|spe|1
|
|-weather|RainDance|[upkeep]
|-damage|p1b: Grimmsnarl|13/100 psn|[from] psn
|upkeep
|turn|4
|
|t:|1785848894
|move|p1a: Gyarados|Protect|p1a: Gyarados
|-singleturn|p1a: Gyarados|Protect
|move|p1b: Grimmsnarl|Light Screen|p1b: Grimmsnarl
|-sidestart|p1: Pakaan64|move: Light Screen
|move|p2b: Delphox|Encore|p1a: Gyarados
|-activate|p1a: Gyarados|move: Protect
|move|p2a: Glimmora|Sludge Bomb|p1a: Gyarados
|-activate|p1a: Gyarados|move: Protect
|
|-weather|RainDance|[upkeep]
|-damage|p1b: Grimmsnarl|1/100 psn|[from] psn
|-sideend|p2: raksbachtesting1|move: Tailwind
|upkeep
|turn|5
|
|t:|1785848917
|switch|p2a: Whimsicott|Whimsicott, L50, F|3/100
|move|p2b: Delphox|Protect|p2b: Delphox
|-singleturn|p2b: Delphox|Protect
|move|p1b: Grimmsnarl|Reflect|p1b: Grimmsnarl
|-sidestart|p1: Pakaan64|Reflect
|move|p1a: Gyarados|Waterfall|p2b: Delphox
|-activate|p2b: Delphox|move: Protect
|
|-weather|none
|-damage|p1b: Grimmsnarl|0 fnt|[from] psn
|faint|p1b: Grimmsnarl
|upkeep
|
|t:|1785848923
|switch|p1b: Sinistcha|Sinistcha, L50|100/100
|turn|6
|inactive|Pakaan64 has 30 seconds left.
|
|t:|1785848952
|move|p2a: Whimsicott|Tailwind|p2a: Whimsicott
|-sidestart|p2: raksbachtesting1|move: Tailwind
|move|p2b: Delphox|Encore|p1a: Gyarados
|-start|p1a: Gyarados|Encore
|move|p1a: Gyarados|Waterfall|p2b: Delphox
|-supereffective|p2b: Delphox|1
|-damage|p2b: Delphox|0 fnt
|faint|p2b: Delphox
|move|p1b: Sinistcha|Life Dew||[still]|[still]|[spread] 
|-fail|p1a: Gyarados|heal
|-fail|p1b: Sinistcha|heal
|
|upkeep
|-message|raksbachtesting1 forfeited.
|
|win|Pakaan64
|raw|Pakaan64's rating: 1199 → 1221(+22 for winning)
|raw|raksbachtesting1's rating: 1155 → 1133(-22 for losing)
