|j|☆pentagonfoot
|j|☆ShabazXVGC
|html|pentagonfootShabazXVGC    
|uhtml|bestof|Game 1 of a best-of-3
|t:|1757727712
|gametype|doubles
|player|p1|pentagonfoot|caitlin|1145
|player|p2|ShabazXVGC|marlon|1099
|gen|9
|tier|[Gen 9] VGC 2025 Reg H (Bo3)
|rated|
|rule|Species Clause: Limit one of each Pokémon
|rule|Item Clause: Limit 1 of each item
|clearpoke
|poke|p1|Hatterene, L50, F|
|poke|p1|Indeedee-F, L50, F|
|poke|p1|Torkoal, L50, M|
|poke|p1|Ursaluna, L50, F|
|poke|p1|Gallade, L50, M|
|poke|p1|Maushold, L50|
|poke|p2|Rillaboom, L50, F|
|poke|p2|Pelipper, L50, M|
|poke|p2|Archaludon, L50, M|
|poke|p2|Bellibolt, L50, M|
|poke|p2|Palafin, L50, M|
|poke|p2|Overqwil, L50, M|
|teampreview|4
|showteam|p1|Hatterene||CovertCloak|MagicBounce|ExpandingForce,DazzlingGleam,TeraBlast,TrickRoom|||F|||50|,,,,,Fire]Indeedee-F||PsychicSeed|PsychicSurge|Psychic,FollowMe,HelpingHand,TrickRoom|||F|||50|,,,,,Water]Torkoal||ChoiceSpecs|Drought|Eruption,HeatWave,EarthPower,WeatherBall|||M|||50|,,,,,Fire]Ursaluna||FlameOrb|Guts|Facade,Earthquake,HeadlongRush,Protect|||F|||50|,,,,,Ghost]Gallade||ClearAmulet|Sharpness|SacredSword,PsychoCut,WideGuard,TrickRoom|||M|||50|,,,,,Grass]Maushold||WideLens|Technician|PopulationBomb,FollowMe,Taunt,Protect||||||50|,,,,,Poison
|showteam|p2|Rillaboom||GrassySeed|GrassySurge|FakeOut,HighHorsepower,GrassyGlide,WoodHammer|||F|||50|,,,,,Fire]Pelipper||FocusSash|Drizzle|Hurricane,Protect,Tailwind,WeatherBall|||M|||50|,,,,,Flying]Archaludon||SitrusBerry|Stamina|FlashCannon,DracoMeteor,ElectroShot,BodyPress|||M|||50|,,,,,Grass]Bellibolt||AssaultVest|Electromorphosis|ParabolicCharge,ChillingWater,VoltSwitch,Electroweb|||M|||50|,,,,,Water]Palafin||ChoiceScarf|ZerotoHero|JetPunch,FlipTurn,WaveCrash,ZenHeadbutt|||M|||50|,,,,,Water]Overqwil||LifeOrb|SwiftSwim|PoisonJab,Crunch,Liquidation,SwordsDance|||M|||50|,,,,,Water
|inactive|Battle timer is ON: inactive players will automatically lose when time's up. (requested by pentagonfoot)
|
|t:|1757727744
|teamsize|p1|4
|teamsize|p2|4
|start
|switch|p1a: Catford Bridge|Indeedee-F, L50, F|100/100
|switch|p1b: Slade Green|Gallade, L50, M|100/100
|switch|p2a: Bellibolt|Bellibolt, L50, M|100/100
|switch|p2b: Palafin|Palafin, L50, M|100/100
|-fieldstart|move: Psychic Terrain|[from] ability: Psychic Surge|[of] p1a: Catford Bridge
|-enditem|p1a: Catford Bridge|Psychic Seed
|-boost|p1a: Catford Bridge|spd|1|[from] item: Psychic Seed
|turn|1
|
|t:|1757727765
|move|p2b: Palafin|Flip Turn|p1a: Catford Bridge
|-damage|p1a: Catford Bridge|78/100
|
|t:|1757727775
|detailschange|p2b: Palafin|Palafin-Hero, L50, M
|switch|p2b: Liberation|Rillaboom, L50, F|100/100|[from] Flip Turn
|-fieldstart|move: Grassy Terrain|[from] ability: Grassy Surge|[of] p2b: Liberation
|-enditem|p2b: Liberation|Grassy Seed
|-boost|p2b: Liberation|def|1|[from] item: Grassy Seed
|move|p1b: Slade Green|Psycho Cut|p2a: Bellibolt
|-damage|p2a: Bellibolt|48/100
|-start|p2a: Bellibolt|Charge|Psycho Cut|[from] ability: Electromorphosis
|move|p2a: Bellibolt|Parabolic Charge|p1b: Slade Green|[spread] p2b,p1a,p1b
|-resisted|p2b: Liberation
|-crit|p2b: Liberation
|-damage|p2b: Liberation|62/100
|-heal|p2a: Bellibolt|65/100|[from] drain|[of] p2b: Liberation
|-damage|p1a: Catford Bridge|50/100
|-heal|p2a: Bellibolt|77/100|[from] drain|[of] p1a: Catford Bridge
|-damage|p1b: Slade Green|60/100
|-heal|p2a: Bellibolt|94/100|[from] drain|[of] p1b: Slade Green
|-end|p2a: Bellibolt|Charge|[silent]
|move|p1a: Catford Bridge|Trick Room|p1a: Catford Bridge
|-fieldstart|move: Trick Room|[of] p1a: Catford Bridge
|
|-heal|p2a: Bellibolt|100/100|[from] Grassy Terrain
|-heal|p1b: Slade Green|65/100|[from] Grassy Terrain
|-heal|p1a: Catford Bridge|56/100|[from] Grassy Terrain
|-heal|p2b: Liberation|68/100|[from] Grassy Terrain
|upkeep
|turn|2
|inactive|pentagonfoot has 30 seconds left.
|inactive|ShabazXVGC has 30 seconds left.
|
|t:|1757727808
|switch|p1b: Hayes|Ursaluna, L50, F|100/100
|move|p1a: Catford Bridge|Follow Me|p1a: Catford Bridge
|-singleturn|p1a: Catford Bridge|move: Follow Me
|move|p2a: Bellibolt|Volt Switch|p1a: Catford Bridge
|-damage|p1a: Catford Bridge|35/100
|
|t:|1757727817
|switch|p2a: Palafin|Palafin-Hero, L50, M|100/100|[from] Volt Switch
|-activate|p2a: Palafin|ability: Zero to Hero
|move|p2b: Liberation|Wood Hammer|p1a: Catford Bridge
|-damage|p1a: Catford Bridge|0 fnt
|faint|p1a: Catford Bridge
|-damage|p2b: Liberation|57/100|[from] Recoil
|
|-heal|p2b: Liberation|63/100|[from] Grassy Terrain
|-status|p1b: Hayes|brn|[from] item: Flame Orb
|upkeep
|
|t:|1757727827
|switch|p1a: Sundridge Park|Torkoal, L50, M|100/100
|-weather|SunnyDay|[from] ability: Drought|[of] p1a: Sundridge Park
|turn|3
|
|t:|1757727848
|switch|p1a: Slade Green|Gallade, L50, M|65/100
|switch|p2b: Big News|Pelipper, L50, M|100/100
|-weather|RainDance|[from] ability: Drizzle|[of] p2b: Big News
|-terastallize|p1b: Hayes|Ghost
|-terastallize|p2a: Palafin|Water
|move|p2a: Palafin|Jet Punch|p1b: Hayes
|-damage|p1b: Hayes|42/100 brn
|move|p1b: Hayes|Facade|p2a: Palafin
|-damage|p2a: Palafin|0 fnt
|faint|p2a: Palafin
|
|-weather|RainDance|[upkeep]
|-heal|p1b: Hayes|48/100 brn|[from] Grassy Terrain
|-heal|p1a: Slade Green|71/100|[from] Grassy Terrain
|-damage|p1b: Hayes|42/100 brn|[from] brn
|upkeep
|
|t:|1757727862
|switch|p2a: Bellibolt|Bellibolt, L50, M|100/100
|turn|4
|
|t:|1757727882
|switch|p2b: Liberation|Rillaboom, L50, F|63/100
|move|p1b: Hayes|Facade|p2b: Liberation
|-damage|p2b: Liberation|0 fnt
|faint|p2b: Liberation
|move|p2a: Bellibolt|Volt Switch|p1b: Hayes
|-damage|p1b: Hayes|14/100 brn
|
|t:|1757727890
|switch|p2a: Big News|Pelipper, L50, M|100/100|[from] Volt Switch
|move|p1a: Slade Green|Psycho Cut|p2a: Big News
|-damage|p2a: Big News|44/100
|
|-weather|RainDance|[upkeep]
|-heal|p1b: Hayes|20/100 brn|[from] Grassy Terrain
|-heal|p1a: Slade Green|77/100|[from] Grassy Terrain
|-damage|p1b: Hayes|14/100 brn|[from] brn
|upkeep
|
|t:|1757727899
|switch|p2b: Bellibolt|Bellibolt, L50, M|100/100
|turn|5
|
|t:|1757727908
|switch|p1a: Sundridge Park|Torkoal, L50, M|100/100
|-weather|SunnyDay|[from] ability: Drought|[of] p1a: Sundridge Park
|move|p2a: Big News|Protect|p2a: Big News
|-singleturn|p2a: Big News|Protect
|move|p1b: Hayes|Headlong Rush|p2b: Bellibolt
|-supereffective|p2b: Bellibolt
|-damage|p2b: Bellibolt|0 fnt
|-unboost|p1b: Hayes|def|1
|-unboost|p1b: Hayes|spd|1
|faint|p2b: Bellibolt
|
|-weather|SunnyDay|[upkeep]
|-heal|p1b: Hayes|20/100 brn|[from] Grassy Terrain
|-damage|p1b: Hayes|14/100 brn|[from] brn
|-fieldend|move: Trick Room
|-fieldend|move: Grassy Terrain
|upkeep
|turn|6
|
|t:|1757727924
|move|p2a: Big News|Weather Ball|p1b: Hayes
|-damage|p1b: Hayes|0 fnt
|faint|p1b: Hayes
|move|p1a: Sundridge Park|Weather Ball|p2a: Big News
|-resisted|p2a: Big News
|-damage|p2a: Big News|0 fnt
|faint|p2a: Big News
|
|win|pentagonfoot
||pentagonfoot is ready for game 2.
||ShabazXVGC is ready for game 2.
|uhtml|next|Next: Game 2 of 3
|l|☆ShabazXVGC
|player|p2|
|j|☆ShabazXVGC
|player|p2|ShabazXVGC|marlon|
