|j|☆Dike Guard
|j|☆il mule
|html|Dike Guardil mule    
|uhtml|bestof|Game 2 of a best-of-3
|t:|1786193245
|gametype|doubles
|player|p1|Dike Guard|2|1529
|player|p2|il mule|1|1516
|gen|9
|tier|[Gen 9 Champions] VGC 2026 Reg M-B (Bo3)
|rated|
|rule|Species Clause: Limit one of each Pokémon
|rule|Item Clause: Limit 1 of each item
|clearpoke
|poke|p1|Floette-Eternal, L50, F|
|poke|p1|Sinistcha-Masterpiece, L50|
|poke|p1|Incineroar, L50, M|
|poke|p1|Delphox, L50, F|
|poke|p1|Sneasler, L50, F|
|poke|p1|Garchomp, L50, M|
|poke|p2|Excadrill, L50, F|
|poke|p2|Tyranitar, L50, F|
|poke|p2|Milotic, L50, F|
|poke|p2|Incineroar, L50, M|
|poke|p2|Venusaur, L50, F|
|poke|p2|Houndstone, L50, F|
|teampreview|4
|showteam|p1|Floette-Eternal||Floettite|FlowerVeil|DazzlingGleam,Moonblast,CalmMind,Protect|Modest||F|||50|]Sinistcha-Masterpiece||KasibBerry|Hospitality|MatchaGotcha,RagePowder,TrickRoom,Protect|Bold|||||50|]Incineroar||SitrusBerry|Intimidate|FlareBlitz,PartingShot,FakeOut,DarkestLariat|Impish||M|||50|]Delphox||Delphoxite|Blaze|HeatWave,Psychic,NastyPlot,Protect|Timid||F|||50|]Sneasler||FocusSash|PoisonTouch|PoisonJab,CloseCombat,FakeOut,QuickGuard|Jolly||F|||50|]Garchomp||ChoiceScarf|RoughSkin|Earthquake,RockSlide,StompingTantrum,DragonClaw|Adamant||M|||50|
|showteam|p2|Excadrill||FocusSash|SandRush|RockSlide,HighHorsepower,IronHead,Protect|Adamant||F|||50|]Tyranitar||Tyranitarite|SandStream|RockSlide,KnockOff,DragonDance,Protect|Jolly||F|||50|]Milotic||Leftovers|Competitive|Scald,IcyWind,IceBeam,Protect|Calm||F|||50|]Incineroar||SitrusBerry|Intimidate|FlareBlitz,HelpingHand,PartingShot,FakeOut|Impish||M|||50|]Venusaur||Venusaurite|Chlorophyll|GigaDrain,SludgeBomb,EarthPower,Protect|Modest||F|||50|]Houndstone||SpellTag|SandRush|Poltergeist,WillOWisp,Howl,Protect|Impish||F|||50|
|
|t:|1786193292
|teamsize|p1|4
|teamsize|p2|4
|start
|switch|p1a: Floette|Floette-Eternal, L50, F|100/100
|switch|p1b: Sneasler|Sneasler, L50, F|100/100
|switch|p2a: Milotic|Milotic, L50, F|100/100
|switch|p2b: Venusaur|Venusaur, L50, F|100/100
|turn|1
|
|t:|1786193307
|detailschange|p1a: Floette|Floette-Mega, L50, F
|-mega|p1a: Floette|Floette|Floettite
|-ability|p1a: Floette|Fairy Aura
|detailschange|p2b: Venusaur|Venusaur-Mega, L50, F
|-mega|p2b: Venusaur|Venusaur|Venusaurite
|move|p1b: Sneasler|Fake Out|p2b: Venusaur
|-damage|p2b: Venusaur|87/100
|move|p1a: Floette|Calm Mind|p1a: Floette
|-boost|p1a: Floette|spa|1
|-boost|p1a: Floette|spd|1
|cant|p2b: Venusaur|flinch
|move|p2a: Milotic|Icy Wind|p1b: Sneasler|[spread] p1a,p1b
|-damage|p1a: Floette|95/100
|-damage|p1b: Sneasler|86/100
|-unboost|p1a: Floette|spe|1
|-unboost|p1b: Sneasler|spe|1
|
|upkeep
|turn|2
|
|t:|1786193333
|switch|p2a: Sidy|Incineroar, L50, M|100/100
|-ability|p2a: Sidy|Intimidate|boost
|-unboost|p1a: Floette|atk|1
|-unboost|p1b: Sneasler|atk|1
|move|p1b: Sneasler|Close Combat|p2a: Sidy
|-supereffective|p2a: Sidy|1
|-damage|p2a: Sidy|33/100
|-unboost|p1b: Sneasler|def|1
|-unboost|p1b: Sneasler|spd|1
|-enditem|p2a: Sidy|Sitrus Berry|[eat]
|-heal|p2a: Sidy|58/100|[from] item: Sitrus Berry
|move|p2b: Venusaur|Sludge Bomb|p1a: Floette
|-supereffective|p1a: Floette|1
|-damage|p1a: Floette|49/100
|move|p1a: Floette|Calm Mind|p1a: Floette
|-boost|p1a: Floette|spa|1
|-boost|p1a: Floette|spd|1
|
|upkeep
|turn|3
|
|t:|1786193360
|switch|p1b: Incineroar|Incineroar, L50, M|100/100
|-ability|p1b: Incineroar|Intimidate|boost
|-unboost|p2a: Sidy|atk|1
|-unboost|p2b: Venusaur|atk|1
|move|p1a: Floette|Protect|p1a: Floette
|-singleturn|p1a: Floette|Protect
|move|p2b: Venusaur|Sludge Bomb|p1b: Incineroar
|-damage|p1b: Incineroar|56/100
|move|p2a: Sidy|Parting Shot|p1b: Incineroar
|-unboost|p1b: Incineroar|atk|1
|-unboost|p1b: Incineroar|spa|1
|
|t:|1786193368
|switch|p2a: Milotic|Milotic, L50, F|100/100|[from] Parting Shot
|
|upkeep
|turn|4
|
|t:|1786193393
|move|p1b: Incineroar|Fake Out|p2b: Venusaur
|-damage|p2b: Venusaur|81/100
|cant|p2b: Venusaur|flinch
|move|p2a: Milotic|Scald|p1a: Floette
|-damage|p1a: Floette|38/100
|move|p1a: Floette|Dazzling Gleam|p2a: Milotic|[spread] p2a,p2b
|-resisted|p2b: Venusaur|1
|-damage|p2a: Milotic|45/100
|-damage|p2b: Venusaur|45/100
|
|-heal|p2a: Milotic|50/100g|[from] item: Leftovers
|upkeep
|turn|5
|
|t:|1786193420
|switch|p1b: Sinistcha|Sinistcha-Masterpiece, L50|100/100
|-heal|p1a: Floette|63/100|[from] ability: Hospitality|[of] p1b: Sinistcha
|move|p2b: Venusaur|Sludge Bomb|p1a: Floette
|-supereffective|p1a: Floette|1
|-damage|p1a: Floette|32/100
|-status|p1a: Floette|psn
|move|p2a: Milotic|Ice Beam|p1b: Sinistcha
|-supereffective|p1b: Sinistcha|1
|-damage|p1b: Sinistcha|57/100
|move|p1a: Floette|Moonblast|p2b: Venusaur
|-resisted|p2b: Venusaur|1
|-damage|p2b: Venusaur|0 fnt
|faint|p2b: Venusaur
|
|-heal|p2a: Milotic|56/100|[from] item: Leftovers
|-damage|p1a: Floette|20/100y psn|[from] psn
|upkeep
|
|t:|1786193433
|switch|p2b: Quando provo|Tyranitar, L50, F|100/100
|-weather|Sandstorm|[from] ability: Sand Stream|[of] p2b: Quando provo
|turn|6
|
|t:|1786193462
|move|p1b: Sinistcha|Protect|p1b: Sinistcha
|-singleturn|p1b: Sinistcha|Protect
|move|p2b: Quando provo|Rock Slide|p1a: Floette|[spread] p1a
|-activate|p1b: Sinistcha|move: Protect
|-damage|p1a: Floette|0 fnt
|faint|p1a: Floette
|move|p2a: Milotic|Ice Beam|p1b: Sinistcha
|-activate|p1b: Sinistcha|move: Protect
|
|-weather|Sandstorm|[upkeep]
|-damage|p2a: Milotic|50/100g|[from] Sandstorm
|-damage|p1b: Sinistcha|51/100|[from] Sandstorm
|-heal|p2a: Milotic|56/100|[from] item: Leftovers
|upkeep
|
|t:|1786193480
|switch|p1a: Sneasler|Sneasler, L50, F|86/100
|turn|7
|
|t:|1786193491
|move|p1a: Sneasler|Close Combat|p2b: Quando provo
|-supereffective|p2b: Quando provo|2
|-damage|p2b: Quando provo|0 fnt
|-unboost|p1a: Sneasler|def|1
|-unboost|p1a: Sneasler|spd|1
|faint|p2b: Quando provo
|move|p2a: Milotic|Icy Wind|p1b: Sinistcha|[spread] p1a,p1b
|-supereffective|p1b: Sinistcha|1
|-damage|p1a: Sneasler|64/100
|-damage|p1b: Sinistcha|30/100
|-unboost|p1a: Sneasler|spe|1
|-unboost|p1b: Sinistcha|spe|1
|move|p1b: Sinistcha|Matcha Gotcha|p2a: Milotic
|-supereffective|p2a: Milotic|1
|-damage|p2a: Milotic|14/100
|-heal|p1b: Sinistcha|55/100|[from] drain|[of] p2a: Milotic
|
|-weather|Sandstorm|[upkeep]
|-damage|p1a: Sneasler|58/100|[from] Sandstorm
|-damage|p2a: Milotic|8/100|[from] Sandstorm
|-damage|p1b: Sinistcha|48/100|[from] Sandstorm
|-heal|p2a: Milotic|14/100|[from] item: Leftovers
|upkeep
|-message|il mule forfeited.
|
|win|Dike Guard
|l|☆il mule
|player|p2|
||il mule is ready for game 3.
||Dike Guard is ready for game 3.
|uhtml|next|Next: Game 3 of 3
