|j|☆Chochito Pelao
|j|☆ageil2
|html|Chochito Pelaoageil2    
|uhtml|bestof|Game 1 of a best-of-3
|t:|1785084879
|gametype|doubles
|player|p1|Chochito Pelao|striker|1197
|player|p2|ageil2|1|1252
|gen|9
|tier|[Gen 9 Champions] VGC 2026 Reg M-B (Bo3)
|rated|
|rule|Species Clause: Limit one of each Pokémon
|rule|Item Clause: Limit 1 of each item
|clearpoke
|poke|p1|Incineroar, L50, F|
|poke|p1|Sinistcha-Masterpiece, L50, shiny|
|poke|p1|Floette-Eternal, L50, F|
|poke|p1|Kingambit, L50, M|
|poke|p1|Sneasler, L50, F|
|poke|p1|Garchomp, L50, M|
|poke|p2|Sinistcha, L50|
|poke|p2|Steelix, L50, F|
|poke|p2|Corviknight, L50, M|
|poke|p2|Incineroar, L50, M|
|poke|p2|Tyranitar, L50, M|
|poke|p2|Venusaur, L50, M|
|teampreview|4
|showteam|p1|Incineroar||Leftovers|Intimidate|FakeOut,PartingShot,HelpingHand,FlareBlitz|Careful||F|||50|]Sinistcha-Masterpiece||SitrusBerry|Hospitality|MatchaGotcha,Protect,RagePowder,TrickRoom|Bold|||||50|]Floette-Eternal||Floettite|FlowerVeil|DrainingKiss,DazzlingGleam,CalmMind,Protect|Modest||F|||50|]Kingambit||ChopleBerry|Defiant|KowtowCleave,SuckerPunch,IronHead,Protect|Adamant||M|||50|]Sneasler||FocusSash|PoisonTouch|FakeOut,CloseCombat,DireClaw,Coaching|Jolly||F|||50|]Garchomp||Garchompite|RoughSkin|StompingTantrum,Earthquake,RockSlide,Protect|Adamant||M|||50|
|showteam|p2|Sinistcha||SitrusBerry|Hospitality|MatchaGotcha,RagePowder,TrickRoom,Protect|Bold|||||50|]Steelix||Steelixite|Sturdy|HeavySlam,HighHorsepower,WideGuard,Protect|Adamant||F|||50|]Corviknight||Leftovers|MirrorArmor|BraveBird,IronHead,BulkUp,BodyPress|Adamant||M|||50|]Incineroar||LifeOrb|Intimidate|FakeOut,PartingShot,FlareBlitz,DarkestLariat|Adamant||M|||50|]Tyranitar||ChoiceScarf|SandStream|RockSlide,KnockOff,IcePunch,LowKick|Jolly||M|||50|]Venusaur||Venusaurite|Overgrow|EarthPower,SludgeBomb,GigaDrain,Protect|Modest||M|||50|
|inactive|Battle timer is ON: inactive players will automatically lose when time's up. (requested by Chochito Pelao)
|
|t:|1785084941
|teamsize|p1|4
|teamsize|p2|4
|start
|switch|p1a: Sneasler|Sneasler, L50, F|100/100
|switch|p1b: Garchomp|Garchomp, L50, M|100/100
|switch|p2a: Sinistcha|Sinistcha, L50|100/100
|switch|p2b: Incineroar|Incineroar, L50, M|100/100
|-ability|p2b: Incineroar|Intimidate|boost
|-unboost|p1a: Sneasler|atk|1
|-unboost|p1b: Garchomp|atk|1
|turn|1
|inactive|Chochito Pelao has 30 seconds left.
|inactive|Chochito Pelao has 20 seconds left.
|inactive|Chochito Pelao has 15 seconds left.
|inactive|Chochito Pelao has 10 seconds left.
|inactive|Chochito Pelao has 5 seconds left.
|
|t:|1785084991
|switch|p1b: Incineroar|Incineroar, L50, F|100/100
|-ability|p1b: Incineroar|Intimidate|boost
|-unboost|p2a: Sinistcha|atk|1
|-unboost|p2b: Incineroar|atk|1
|move|p2b: Incineroar|Fake Out|p1a: Sneasler
|-damage|p1a: Sneasler|80/100
|-damage|p2b: Incineroar|90/100|[from] item: Life Orb
|cant|p1a: Sneasler|flinch
|move|p2a: Sinistcha|Trick Room|p2a: Sinistcha
|-fieldstart|move: Trick Room|[of] p2a: Sinistcha
|
|upkeep
|turn|2
|
|t:|1785085007
|move|p2b: Incineroar|Flare Blitz|p1a: Sneasler
|-damage|p1a: Sneasler|1/100
|-damage|p2b: Incineroar|69/100|[from] Recoil
|-damage|p2b: Incineroar|59/100|[from] item: Life Orb
|move|p2a: Sinistcha|Matcha Gotcha|p1a: Sneasler|[spread] p1a,p1b
|-resisted|p1a: Sneasler|1
|-resisted|p1b: Incineroar|1
|-damage|p1a: Sneasler|0 fnt
|-damage|p1b: Incineroar|90/100
|faint|p1a: Sneasler
|move|p1b: Incineroar|Flare Blitz|p2a: Sinistcha
|-supereffective|p2a: Sinistcha|1
|-damage|p2a: Sinistcha|15/100
|-status|p2a: Sinistcha|brn
|-enditem|p2a: Sinistcha|Sitrus Berry|[eat]
|-heal|p2a: Sinistcha|40/100 brn|[from] item: Sitrus Berry
|-damage|p1b: Incineroar|65/100|[from] Recoil
|
|-heal|p1b: Incineroar|71/100|[from] item: Leftovers
|-damage|p2a: Sinistcha|34/100 brn|[from] brn
|upkeep
|
|t:|1785085015
|switch|p1a: Sinistcha|Sinistcha-Masterpiece, L50, shiny|100/100
|-heal|p1b: Incineroar|96/100|[from] ability: Hospitality|[of] p1a: Sinistcha
|turn|3
|inactive|Chochito Pelao has 30 seconds left.
|
|t:|1785085053
|move|p2a: Sinistcha|Protect|p2a: Sinistcha
|-singleturn|p2a: Sinistcha|Protect
|move|p2b: Incineroar|Parting Shot|p1b: Incineroar
|-unboost|p1b: Incineroar|atk|1
|-unboost|p1b: Incineroar|spa|1
|
|t:|1785085060
|switch|p2b: Steelix|Steelix, L50, F|100/100|[from] Parting Shot
|move|p1b: Incineroar|Parting Shot|p2a: Sinistcha
|-activate|p2a: Sinistcha|move: Protect
|move|p1a: Sinistcha|Trick Room|p1a: Sinistcha
|-fieldend|move: Trick Room
|
|-heal|p1b: Incineroar|100/100|[from] item: Leftovers
|-damage|p2a: Sinistcha|28/100 brn|[from] brn
|upkeep
|turn|4
|inactive|ageil2 has 30 seconds left.
|
|t:|1785085088
|detailschange|p2b: Steelix|Steelix-Mega, L50, F
|-mega|p2b: Steelix|Steelix|Steelixite
|move|p2a: Sinistcha|Rage Powder|p2a: Sinistcha
|-singleturn|p2a: Sinistcha|move: Rage Powder
|move|p1b: Incineroar|Parting Shot|p2a: Sinistcha
|-unboost|p2a: Sinistcha|atk|1
|-unboost|p2a: Sinistcha|spa|1
|
|t:|1785085092
|switch|p1b: Garchomp|Garchomp, L50, M|100/100|[from] Parting Shot
|move|p1a: Sinistcha|Matcha Gotcha|p2b: Steelix|[spread] p2a,p2b
|-resisted|p2a: Sinistcha|1
|-damage|p2a: Sinistcha|16/100 brn
|-damage|p2b: Steelix|76/100
|move|p2b: Steelix|High Horsepower|p1b: Garchomp|[miss]
|-miss|p2b: Steelix|p1b: Garchomp
|
|-damage|p2a: Sinistcha|10/100 brn|[from] brn
|upkeep
|turn|5
|
|t:|1785085102
|switch|p2a: Corviknight|Corviknight, L50, M|100/100
|detailschange|p1b: Garchomp|Garchomp-Mega, L50, M
|-mega|p1b: Garchomp|Garchomp|Garchompite
|move|p2b: Steelix|Protect|p2b: Steelix
|-singleturn|p2b: Steelix|Protect
|move|p1b: Garchomp|Stomping Tantrum|p2b: Steelix
|-activate|p2b: Steelix|move: Protect
|move|p1a: Sinistcha|Matcha Gotcha|p2a: Corviknight|[spread] p2a
|-activate|p2b: Steelix|move: Protect
|-resisted|p2a: Corviknight|2
|-damage|p2a: Corviknight|94/100
|-status|p2a: Corviknight|brn
|
|-heal|p2a: Corviknight|100/100 brn|[from] item: Leftovers
|-damage|p2a: Corviknight|94/100 brn|[from] brn
|upkeep
|turn|6
|
|t:|1785085113
|switch|p2b: Incineroar|Incineroar, L50, M|59/100
|-ability|p2b: Incineroar|Intimidate|boost
|-unboost|p1a: Sinistcha|atk|1
|-unboost|p1b: Garchomp|atk|1
|move|p1b: Garchomp|Rock Slide|p2b: Incineroar|[spread] p2a,p2b
|-supereffective|p2b: Incineroar|1
|-damage|p2a: Corviknight|79/100 brn
|-damage|p2b: Incineroar|23/100
|move|p2a: Corviknight|Bulk Up|p2a: Corviknight
|-boost|p2a: Corviknight|atk|1
|-boost|p2a: Corviknight|def|1
|move|p1a: Sinistcha|Matcha Gotcha|p2b: Incineroar|[spread] p2a,p2b
|-resisted|p2a: Corviknight|2
|-resisted|p2b: Incineroar|1
|-damage|p2a: Corviknight|73/100 brn
|-damage|p2b: Incineroar|14/100
|
|-heal|p2a: Corviknight|79/100 brn|[from] item: Leftovers
|-damage|p2a: Corviknight|73/100 brn|[from] brn
|upkeep
|turn|7
|
|t:|1785085122
|switch|p1b: Incineroar|Incineroar, L50, F|100/100
|-ability|p1b: Incineroar|Intimidate|boost
|-ability|p2a: Corviknight|Mirror Armor
|-unboost|p1b: Incineroar|atk|1
|-unboost|p2b: Incineroar|atk|1
|move|p2b: Incineroar|Fake Out|p1b: Incineroar
|-damage|p1b: Incineroar|88/100
|-damage|p2b: Incineroar|4/100|[from] item: Life Orb
|move|p2a: Corviknight|Bulk Up|p2a: Corviknight
|-boost|p2a: Corviknight|atk|1
|-boost|p2a: Corviknight|def|1
|move|p1a: Sinistcha|Matcha Gotcha|p2b: Incineroar|[spread] p2a,p2b
|-resisted|p2a: Corviknight|2
|-resisted|p2b: Incineroar|1
|-damage|p2a: Corviknight|68/100 brn
|-damage|p2b: Incineroar|0 fnt
|faint|p2b: Incineroar
|
|-heal|p1b: Incineroar|94/100|[from] item: Leftovers
|-heal|p2a: Corviknight|74/100 brn|[from] item: Leftovers
|-damage|p2a: Corviknight|68/100 brn|[from] brn
|upkeep
|
|t:|1785085127
|switch|p2b: Sinistcha|Sinistcha, L50|10/100 brn
|-heal|p2a: Corviknight|93/100 brn|[from] ability: Hospitality|[of] p2b: Sinistcha
|turn|8
|
|t:|1785085144
|move|p2b: Sinistcha|Protect|p2b: Sinistcha
|-singleturn|p2b: Sinistcha|Protect
|move|p1b: Incineroar|Parting Shot|p2a: Corviknight
|-ability|p2a: Corviknight|Mirror Armor
|-unboost|p1b: Incineroar|atk|1
|-ability|p2a: Corviknight|Mirror Armor
|-unboost|p1b: Incineroar|spa|1
|
|t:|1785085153
|switch|p1b: Garchomp|Garchomp-Mega, L50, M|100/100|[from] Parting Shot
|move|p2a: Corviknight|Bulk Up|p2a: Corviknight
|-boost|p2a: Corviknight|atk|1
|-boost|p2a: Corviknight|def|1
|move|p1a: Sinistcha|Matcha Gotcha|p2b: Sinistcha|[spread] 
|-activate|p2b: Sinistcha|move: Protect
|-miss|p1a: Sinistcha|p2a: Corviknight
|
|-heal|p2a: Corviknight|99/100 brn|[from] item: Leftovers
|-damage|p2a: Corviknight|93/100 brn|[from] brn
|-damage|p2b: Sinistcha|4/100 brn|[from] brn
|upkeep
|turn|9
|
|t:|1785085162
|move|p1b: Garchomp|Rock Slide|p2b: Sinistcha|[spread] p2a,p2b
|-damage|p2a: Corviknight|85/100 brn
|-damage|p2b: Sinistcha|0 fnt
|faint|p2b: Sinistcha
|cant|p2a: Corviknight|flinch
|move|p1a: Sinistcha|Matcha Gotcha|p2a: Corviknight
|-resisted|p2a: Corviknight|2
|-damage|p2a: Corviknight|77/100 brn
|
|-heal|p2a: Corviknight|83/100 brn|[from] item: Leftovers
|-damage|p2a: Corviknight|77/100 brn|[from] brn
|upkeep
|
|t:|1785085164
|switch|p2b: Steelix|Steelix-Mega, L50, F|76/100
|turn|10
|
|t:|1785085180
|move|p2b: Steelix|Protect|p2b: Steelix
|-singleturn|p2b: Steelix|Protect
|move|p1b: Garchomp|Stomping Tantrum|p2b: Steelix
|-activate|p2b: Steelix|move: Protect
|move|p2a: Corviknight|Bulk Up|p2a: Corviknight
|-boost|p2a: Corviknight|atk|1
|-boost|p2a: Corviknight|def|1
|move|p1a: Sinistcha|Matcha Gotcha|p2a: Corviknight|[spread] p2a
|-activate|p2b: Steelix|move: Protect
|-resisted|p2a: Corviknight|2
|-damage|p2a: Corviknight|71/100 brn
|
|-heal|p2a: Corviknight|77/100 brn|[from] item: Leftovers
|-damage|p2a: Corviknight|71/100 brn|[from] brn
|upkeep
|turn|11
|inactive|ageil2 has 30 seconds left.
|inactive|ageil2 has 20 seconds left.
|
|t:|1785085219
|move|p1a: Sinistcha|Protect|p1a: Sinistcha
|-singleturn|p1a: Sinistcha|Protect
|move|p1b: Garchomp|Stomping Tantrum|p2b: Steelix
|-supereffective|p2b: Steelix|1
|-damage|p2b: Steelix|25/100
|move|p2a: Corviknight|Brave Bird|p1a: Sinistcha
|-activate|p1a: Sinistcha|move: Protect
|move|p2b: Steelix|Heavy Slam|p1b: Garchomp
|-damage|p1b: Garchomp|42/100
|
|-heal|p2a: Corviknight|77/100 brn|[from] item: Leftovers
|-damage|p2a: Corviknight|71/100 brn|[from] brn
|upkeep
|turn|12
|
|t:|1785085230
|switch|p1a: Incineroar|Incineroar, L50, F|94/100
|-ability|p1a: Incineroar|Intimidate|boost
|-ability|p2a: Corviknight|Mirror Armor
|-unboost|p1a: Incineroar|atk|1
|-unboost|p2b: Steelix|atk|1
|move|p2b: Steelix|Protect|p2b: Steelix
|-singleturn|p2b: Steelix|Protect
|move|p1b: Garchomp|Stomping Tantrum|p2b: Steelix
|-activate|p2b: Steelix|move: Protect
|move|p2a: Corviknight|Brave Bird|p1b: Garchomp
|-damage|p1b: Garchomp|0 fnt
|faint|p1b: Garchomp
|-damage|p2a: Corviknight|58/100 brn|[from] Recoil
|
|-heal|p1a: Incineroar|100/100|[from] item: Leftovers
|-heal|p2a: Corviknight|64/100 brn|[from] item: Leftovers
|-damage|p2a: Corviknight|58/100 brn|[from] brn
|upkeep
|
|t:|1785085234
|switch|p1b: Sinistcha|Sinistcha-Masterpiece, L50, shiny|100/100
|turn|13
|
|t:|1785085244
|move|p1a: Incineroar|Fake Out|p2a: Corviknight
|-resisted|p2a: Corviknight|1
|-damage|p2a: Corviknight|57/100 brn
|cant|p2a: Corviknight|flinch
|move|p1b: Sinistcha|Matcha Gotcha|p2a: Corviknight|[spread] p2a
|-miss|p1b: Sinistcha|p2b: Steelix
|-resisted|p2a: Corviknight|2
|-damage|p2a: Corviknight|52/100 brn
|move|p2b: Steelix|High Horsepower|p1a: Incineroar
|-supereffective|p1a: Incineroar|1
|-damage|p1a: Incineroar|36/100
|
|-heal|p1a: Incineroar|42/100|[from] item: Leftovers
|-heal|p2a: Corviknight|58/100 brn|[from] item: Leftovers
|-damage|p2a: Corviknight|52/100 brn|[from] brn
|upkeep
|turn|14
|
|t:|1785085258
|move|p2b: Steelix|Protect|p2b: Steelix
|-singleturn|p2b: Steelix|Protect
|move|p1a: Incineroar|Flare Blitz|p2a: Corviknight
|-supereffective|p2a: Corviknight|1
|-damage|p2a: Corviknight|34/100 brn
|-damage|p1a: Incineroar|36/100|[from] Recoil
|move|p2a: Corviknight|Body Press|p1a: Incineroar
|-supereffective|p1a: Incineroar|1
|-damage|p1a: Incineroar|0 fnt
|faint|p1a: Incineroar
|move|p1b: Sinistcha|Matcha Gotcha|p2a: Corviknight|[spread] p2a
|-activate|p2b: Steelix|move: Protect
|-resisted|p2a: Corviknight|2
|-damage|p2a: Corviknight|28/100 brn
|
|-heal|p2a: Corviknight|34/100 brn|[from] item: Leftovers
|-damage|p2a: Corviknight|28/100 brn|[from] brn
|upkeep
|turn|15
|
|t:|1785085280
|move|p2b: Steelix|Wide Guard|p2b: Steelix
|-singleturn|p2b: Steelix|Wide Guard
|move|p2a: Corviknight|Iron Head|p1b: Sinistcha
|-damage|p1b: Sinistcha|59/100
|cant|p1b: Sinistcha|flinch
|
|-heal|p2a: Corviknight|34/100 brn|[from] item: Leftovers
|-damage|p2a: Corviknight|28/100 brn|[from] brn
|upkeep
|turn|16
|-message|Chochito Pelao forfeited.
|
|win|ageil2
||Chochito Pelao is ready for game 2.
||ageil2 is ready for game 2.
|uhtml|next|Next: Game 2 of 3
