|j|☆Matiublanco
|j|☆PenguimSAL
|html|MatiublancoPenguimSAL    
|uhtml|bestof|Game 1 of a best-of-3
|t:|1785795684
|gametype|doubles
|player|p1|Matiublanco|266|1194
|player|p2|PenguimSAL|hugh|1146
|gen|9
|tier|[Gen 9 Champions] VGC 2026 Reg M-B (Bo3)
|rated|
|rule|Species Clause: Limit one of each Pokémon
|rule|Item Clause: Limit 1 of each item
|clearpoke
|poke|p1|Tyranitar, L50, M|
|poke|p1|Excadrill, L50, F|
|poke|p1|Sinistcha, L50|
|poke|p1|Gholdengo, L50|
|poke|p1|Milotic, L50, F|
|poke|p1|Staraptor, L50, M|
|poke|p2|Charizard, L50, F|
|poke|p2|Venusaur, L50, M|
|poke|p2|Garchomp, L50, M|
|poke|p2|Incineroar, L50, M|
|poke|p2|Toxapex, L50, M|
|poke|p2|Sylveon, L50, M|
|teampreview|4
|showteam|p1|Tyranitar||Tyranitarite|SandStream|Protect,RockSlide,KnockOff,LowKick|Adamant||M|||50|]Excadrill||FocusSash|SandRush|Protect,HighHorsepower,RockSlide,IronHead|Adamant||F|||50|]Sinistcha||SitrusBerry|Hospitality|Protect,RagePowder,MatchaGotcha,TrickRoom|Bold|||||50|]Gholdengo||LifeOrb|GoodasGold|Protect,MakeItRain,ShadowBall,NastyPlot|Modest|||||50|]Milotic||Leftovers|Competitive|Protect,Scald,IceBeam,IcyWind|Modest||F|||50|]Staraptor||Staraptite|Intimidate|Protect,CloseCombat,BraveBird,Tailwind|Jolly||M|||50|
|showteam|p2|Charizard||CharizarditeY|Blaze|HeatWave,WeatherBall,AncientPower,Protect|Modest||F|||50|]Venusaur||LifeOrb|Chlorophyll|SolarBeam,SludgeBomb,EarthPower,Protect|Modest||M|||50|]Garchomp||ChoiceScarf|RoughSkin|DragonClaw,Earthquake,RockSlide,StompingTantrum|Adamant||M|||50|]Incineroar||SitrusBerry|Intimidate|FlareBlitz,ThroatChop,PartingShot,FakeOut|Impish||M|||50|]Toxapex||Leftovers|Regenerator|Toxic,Infestation,WideGuard,BanefulBunker|Bold||M|||50|]Sylveon||FairyFeather|Pixilate|HyperVoice,Yawn,Detect,QuickAttack|Modest||M|||50|
|
|t:|1785795761
|teamsize|p1|4
|teamsize|p2|4
|start
|switch|p1a: Milotic|Milotic, L50, F|100/100
|switch|p1b: Excadrill|Excadrill, L50, F|100/100
|switch|p2a: Incineroar|Incineroar, L50, M|100/100
|switch|p2b: Venusaur|Venusaur, L50, M|100/100
|-ability|p2a: Incineroar|Intimidate|boost
|-unboost|p1a: Milotic|atk|1
|-ability|p1a: Milotic|Competitive|boost
|-boost|p1a: Milotic|spa|2
|-unboost|p1b: Excadrill|atk|1
|turn|1
|
|t:|1785795805
|switch|p1b: Sinistcha|Sinistcha, L50|100/100
|move|p1a: Milotic|Protect|p1a: Milotic
|-singleturn|p1a: Milotic|Protect
|move|p2b: Venusaur|Earth Power|p1b: Sinistcha
|-resisted|p1b: Sinistcha|1
|-damage|p1b: Sinistcha|83/100
|-damage|p2b: Venusaur|90/100|[from] item: Life Orb
|move|p2a: Incineroar|Parting Shot|p1b: Sinistcha
|-unboost|p1b: Sinistcha|atk|1
|-unboost|p1b: Sinistcha|spa|1
|
|t:|1785795810
|switch|p2a: Charizard|Charizard, L50, F|100/100|[from] Parting Shot
|
|upkeep
|turn|2
|
|t:|1785795832
|detailschange|p2a: Charizard|Charizard-Mega-Y, L50, F
|-mega|p2a: Charizard|Charizard|Charizardite Y
|-weather|SunnyDay|[from] ability: Drought|[of] p2a: Charizard
|move|p2b: Venusaur|Sludge Bomb|p1a: Milotic
|-damage|p1a: Milotic|59/100
|-damage|p2b: Venusaur|80/100|[from] item: Life Orb
|move|p2a: Charizard|Heat Wave|p1b: Sinistcha|[spread] p1a,p1b
|-resisted|p1a: Milotic|1
|-supereffective|p1b: Sinistcha|1
|-damage|p1a: Milotic|35/100
|-damage|p1b: Sinistcha|0 fnt
|faint|p1b: Sinistcha
|move|p1a: Milotic|Ice Beam|p2b: Venusaur
|-supereffective|p2b: Venusaur|1
|-damage|p2b: Venusaur|0 fnt
|faint|p2b: Venusaur
|
|-weather|SunnyDay|[upkeep]
|-heal|p1a: Milotic|41/100|[from] item: Leftovers
|upkeep
|
|t:|1785795847
|switch|p2b: Garchomp|Garchomp, L50, M|100/100
|switch|p1b: Tyranitar|Tyranitar, L50, M|100/100
|-weather|Sandstorm|[from] ability: Sand Stream|[of] p1b: Tyranitar
|turn|3
|
|t:|1785795869
|switch|p2a: Incineroar|Incineroar, L50, M|100/100
|-ability|p2a: Incineroar|Intimidate|boost
|-unboost|p1a: Milotic|atk|1
|-ability|p1a: Milotic|Competitive|boost
|-boost|p1a: Milotic|spa|2
|-unboost|p1b: Tyranitar|atk|1
|move|p1a: Milotic|Protect|p1a: Milotic
|-singleturn|p1a: Milotic|Protect
|move|p1b: Tyranitar|Protect|p1b: Tyranitar
|-singleturn|p1b: Tyranitar|Protect
|move|p2b: Garchomp|Stomping Tantrum|p1a: Milotic
|-activate|p1a: Milotic|move: Protect
|
|-weather|Sandstorm|[upkeep]
|-damage|p1a: Milotic|35/100|[from] Sandstorm
|-damage|p2a: Incineroar|94/100|[from] Sandstorm
|-heal|p1a: Milotic|41/100|[from] item: Leftovers
|upkeep
|turn|4
|
|t:|1785795896
|detailschange|p1b: Tyranitar|Tyranitar-Mega, L50, M
|-mega|p1b: Tyranitar|Tyranitar|Tyranitarite
|move|p2a: Incineroar|Fake Out|p1a: Milotic
|-damage|p1a: Milotic|32/100
|move|p2b: Garchomp|Stomping Tantrum|p1b: Tyranitar
|-supereffective|p1b: Tyranitar|1
|-damage|p1b: Tyranitar|50/100g
|cant|p1a: Milotic|flinch
|move|p1b: Tyranitar|Rock Slide|p2b: Garchomp|[spread] p2b
|-miss|p1b: Tyranitar|p2a: Incineroar
|-resisted|p2b: Garchomp|1
|-damage|p2b: Garchomp|87/100
|
|-weather|Sandstorm|[upkeep]
|-damage|p1a: Milotic|26/100|[from] Sandstorm
|-damage|p2a: Incineroar|88/100|[from] Sandstorm
|-heal|p1a: Milotic|32/100|[from] item: Leftovers
|upkeep
|turn|5
|
|t:|1785795924
|move|p2b: Garchomp|Stomping Tantrum|p1a: Milotic
|-damage|p1a: Milotic|0 fnt
|faint|p1a: Milotic
|move|p1b: Tyranitar|Low Kick|p2a: Incineroar
|-supereffective|p2a: Incineroar|1
|-damage|p2a: Incineroar|47/100
|-enditem|p2a: Incineroar|Sitrus Berry|[eat]
|-heal|p2a: Incineroar|72/100|[from] item: Sitrus Berry
|move|p2a: Incineroar|Parting Shot|p1b: Tyranitar
|-unboost|p1b: Tyranitar|atk|1
|-unboost|p1b: Tyranitar|spa|1
|
|t:|1785795929
|switch|p2a: Charizard|Charizard-Mega-Y, L50, F|100/100|[from] Parting Shot
|-weather|SunnyDay|[from] ability: Drought|[of] p2a: Charizard
|
|-weather|SunnyDay|[upkeep]
|upkeep
|
|t:|1785795934
|switch|p1a: Excadrill|Excadrill, L50, F|100/100
|turn|6
|
|t:|1785795955
|move|p2a: Charizard|Protect|p2a: Charizard
|-singleturn|p2a: Charizard|Protect
|move|p1b: Tyranitar|Protect|p1b: Tyranitar
|-singleturn|p1b: Tyranitar|Protect
|move|p2b: Garchomp|Stomping Tantrum|p1b: Tyranitar
|-activate|p1b: Tyranitar|move: Protect
|move|p1a: Excadrill|Rock Slide|p2b: Garchomp|[spread] p2b
|-activate|p2a: Charizard|move: Protect
|-resisted|p2b: Garchomp|1
|-damage|p2b: Garchomp|76/100
|
|-weather|SunnyDay|[upkeep]
|upkeep
|turn|7
|
|t:|1785795976
|switch|p2a: Incineroar|Incineroar, L50, M|72/100
|-ability|p2a: Incineroar|Intimidate|boost
|-unboost|p1a: Excadrill|atk|1
|-unboost|p1b: Tyranitar|atk|1
|move|p2b: Garchomp|Stomping Tantrum|p1b: Tyranitar
|-supereffective|p1b: Tyranitar|1
|-crit|p1b: Tyranitar
|-damage|p1b: Tyranitar|0 fnt
|faint|p1b: Tyranitar
|move|p1a: Excadrill|Rock Slide|p2b: Garchomp|[spread] p2a
|-miss|p1a: Excadrill|p2b: Garchomp
|-supereffective|p2a: Incineroar|1
|-damage|p2a: Incineroar|49/100
|
|-weather|SunnyDay|[upkeep]
|upkeep
|turn|8
|
|t:|1785795988
|move|p2a: Incineroar|Fake Out|p1a: Excadrill
|-resisted|p1a: Excadrill|1
|-damage|p1a: Excadrill|92/100
|move|p2b: Garchomp|Stomping Tantrum|p1a: Excadrill
|-supereffective|p1a: Excadrill|1
|-damage|p1a: Excadrill|0 fnt
|faint|p1a: Excadrill
|
|win|PenguimSAL
||Matiublanco is ready for game 2.
