|j|☆FtPlyr
|j|☆mclashgaming
|html|FtPlyrmclashgaming    
|uhtml|bestof|Game 2 of a best-of-3
|t:|1783621831
|gametype|doubles
|player|p1|FtPlyr|hilbert|
|player|p2|mclashgaming|2|
|gen|9
|tier|[Gen 9 Champions] VGC 2026 Reg M-B (Bo3)
|rule|Species Clause: Limit one of each Pokémon
|rule|Item Clause: Limit 1 of each item
|clearpoke
|poke|p1|Raichu, L50, F|
|poke|p1|Pelipper, L50, M|
|poke|p1|Palafin, L50, F|
|poke|p1|Araquanid, L50, M|
|poke|p1|Archaludon, L50, F|
|poke|p1|Primarina, L50, M|
|poke|p2|Garchomp, L50, F|
|poke|p2|Charizard, L50, F, shiny|
|poke|p2|Venusaur, L50, M|
|poke|p2|Whimsicott, L50, M|
|poke|p2|Incineroar, L50, F|
|poke|p2|Kingambit, L50, M, shiny|
|teampreview|4
|showteam|p1|Raichu||RaichuniteX|LightningRod|FocusBlast,IronTail,Trailblaze,Wish|Hasty||F|||50|]Pelipper||DampRock|Drizzle|WeatherBall,Hurricane,GunkShot,Roost|Relaxed||M|||50|]Palafin||ChoiceScarf|ZerotoHero|FlipTurn,AquaTail,Outrage,ZenHeadbutt|Jolly||F|||50|]Araquanid||Leftovers|WaterBubble|Liquidation,AquaRing,Substitute,Trailblaze|Careful||M|||50|]Archaludon||WhiteHerb|Stamina|ElectroShot,FlashCannon,DracoMeteor,BrickBreak|Naive||F|||50|]Primarina||LumBerry|LiquidVoice|AlluringVoice,SparklingAria,Rest,CalmMind|Modest||M|||50|
|showteam|p2|Garchomp||HabanBerry|RoughSkin|Earthquake,RockSlide,SwordsDance,Protect|Jolly||F|||50|]Charizard||CharizarditeY|SolarPower|HeatWave,Protect,SolarBeam,WeatherBall|Timid||F|||50|]Venusaur||Leftovers|Chlorophyll|EnergyBall,EarthPower,Protect,SludgeBomb|Modest||M|||50|]Whimsicott||FocusSash|Prankster|Moonblast,Tailwind,LeechSeed,Encore|Bold||M|||50|]Incineroar||SitrusBerry|Intimidate|FakeOut,Protect,PartingShot,FlareBlitz|Careful||F|||50|]Kingambit||ChopleBerry|Defiant|SuckerPunch,IronHead,KowtowCleave,Protect|Adamant||M|||50|
|
|t:|1783621846
|teamsize|p1|4
|teamsize|p2|4
|start
|switch|p1a: Pelipper|Pelipper, L50, M|100/100
|switch|p1b: Palafin|Palafin, L50, F|100/100
|switch|p2a: full of whimsy|Whimsicott, L50, M|100/100
|switch|p2b: a flower|Venusaur, L50, M|100/100
|-weather|RainDance|[from] ability: Drizzle|[of] p1a: Pelipper
|turn|1
|
|t:|1783621869
|move|p2b: a flower|Protect|p2b: a flower
|-singleturn|p2b: a flower|Protect
|move|p2a: full of whimsy|Tailwind|p2a: full of whimsy
|-sidestart|p2: mclashgaming|move: Tailwind
|move|p1b: Palafin|Flip Turn|p2a: full of whimsy
|-resisted|p2a: full of whimsy|1
|-damage|p2a: full of whimsy|86/100
|
|t:|1783621880
|detailschange|p1b: Palafin|Palafin-Hero, L50, F
|switch|p1b: Archaludon|Archaludon, L50, F|100/100|[from] Flip Turn
|move|p1a: Pelipper|Hurricane|p2a: full of whimsy
|-supereffective|p2a: full of whimsy|1
|-damage|p2a: full of whimsy|0 fnt
|faint|p2a: full of whimsy
|
|-weather|RainDance|[upkeep]
|upkeep
|
|t:|1783621899
|switch|p2a: a dragon|Charizard, L50, F, shiny|100/100
|turn|2
|
|t:|1783621915
|detailschange|p2a: a dragon|Charizard-Mega-Y, L50, F, shiny
|-mega|p2a: a dragon|Charizard|Charizardite Y
|-weather|SunnyDay|[from] ability: Drought|[of] p2a: a dragon
|move|p2a: a dragon|Protect|p2a: a dragon
|-singleturn|p2a: a dragon|Protect
|move|p2b: a flower|Earth Power|p1b: Archaludon
|-supereffective|p1b: Archaludon|1
|-crit|p1b: Archaludon
|-damage|p1b: Archaludon|0 fnt
|faint|p1b: Archaludon
|move|p1a: Pelipper|Hurricane|p2a: a dragon
|-activate|p2a: a dragon|move: Protect
|
|-weather|SunnyDay|[upkeep]
|upkeep
|
|t:|1783621928
|switch|p1b: Palafin|Palafin-Hero, L50, F|100/100
|-activate|p1b: Palafin|ability: Zero to Hero
|turn|3
|
|t:|1783621948
|move|p2b: a flower|Energy Ball|p1b: Palafin
|-supereffective|p1b: Palafin|1
|-damage|p1b: Palafin|5/100
|move|p2a: a dragon|Solar Beam||[still]
|-prepare|p2a: a dragon|Solar Beam
|-anim|p2a: a dragon|Solar Beam|p1b: Palafin
|-supereffective|p1b: Palafin|1
|-damage|p1b: Palafin|0 fnt
|faint|p1b: Palafin
|move|p1a: Pelipper|Hurricane|p2b: a flower
|-supereffective|p2b: a flower|1
|-damage|p2b: a flower|23/100
|-start|p2b: a flower|confusion
|
|-weather|SunnyDay|[upkeep]
|-heal|p2b: a flower|29/100|[from] item: Leftovers
|upkeep
|c|☆FtPlyr|you GOTTA be doing something sketchy ngl
|
|t:|1783621968
|switch|p1b: Raichu|Raichu, L50, F|100/100
|turn|4
|c|☆FtPlyr|how do you outspeed 250 with a charizard y?
|c|☆mclashgaming|I have tailwind up
|c|☆FtPlyr|fuck ass tailwind
|c|☆FtPlyr|i am being so salty
|c|☆FtPlyr|but tailwind is why i lost every match
|c|☆FtPlyr|that or poor coverage
|
|t:|1783622036
|detailschange|p1b: Raichu|Raichu-Mega-X, L50, F
|-mega|p1b: Raichu|Raichu|Raichunite X
|-fieldstart|move: Electric Terrain|[from] ability: Electric Surge|[of] p1b: Raichu
|-activate|p2b: a flower|confusion
|move|p2b: a flower|Energy Ball|p1b: Raichu
|-damage|p1b: Raichu|43/100
|-unboost|p1b: Raichu|spd|1
|move|p2a: a dragon|Heat Wave|p1b: Raichu|[spread] p1a,p1b
|-resisted|p1a: Pelipper|1
|-damage|p1a: Pelipper|54/100
|-damage|p1b: Raichu|0 fnt
|-status|p1a: Pelipper|brn
|faint|p1b: Raichu
|move|p1a: Pelipper|Hurricane|p2b: a flower
|-supereffective|p2b: a flower|1
|-damage|p2b: a flower|0 fnt
|faint|p2b: a flower
|
|-weather|SunnyDay|[upkeep]
|-damage|p1a: Pelipper|48/100 brn|[from] brn
|-sideend|p2: mclashgaming|move: Tailwind
|upkeep
|
|t:|1783622046
|switch|p2b: a shark|Garchomp, L50, F|100/100
|turn|5
|
|t:|1783622056
|move|p2b: a shark|Rock Slide|p1a: Pelipper
|-supereffective|p1a: Pelipper|1
|-damage|p1a: Pelipper|4/100 brn
|move|p2a: a dragon|Solar Beam||[still]
|-prepare|p2a: a dragon|Solar Beam
|-anim|p2a: a dragon|Solar Beam|p1a: Pelipper
|-damage|p1a: Pelipper|0 fnt
|faint|p1a: Pelipper
|
|win|mclashgaming
|c|☆FtPlyr|ggwp
|c|☆mclashgaming|gg
