|j|â˜†Darkan33
|j|â˜†HunterOnShowdown
|html|Darkan33HunterOnShowdown    
|uhtml|bestof|Game 2 of a best-of-3
|t:|1757016117
|gametype|doubles
|player|p1|Darkan33|veteran|1112
|player|p2|HunterOnShowdown|hilbert-masters2|1196
|gen|9
|tier|[Gen 9] VGC 2025 Reg H (Bo3)
|rated|
|rule|Species Clause: Limit one of each PokÃ©mon
|rule|Item Clause: Limit 1 of each item
|clearpoke
|poke|p1|Kingdra, L50, F|
|poke|p1|Pelipper, L50, M|
|poke|p1|Garchomp, L50, M|
|poke|p1|Breloom, L50, F|
|poke|p1|Archaludon, L50, F|
|poke|p1|Grimmsnarl, L50, M|
|poke|p2|Volcarona, L50, F|
|poke|p2|Dragonite, L50, M|
|poke|p2|Sneasler, L50, M|
|poke|p2|Meowscarada, L50, M|
|poke|p2|Kingambit, L50, M|
|poke|p2|Electabuzz, L50, F|
|teampreview|4
|showteam|p1|Kingdra||LifeOrb|SwiftSwim|MuddyWater,DracoMeteor,Hurricane,Protect|||F|||50|,,,,,Stellar]Pelipper||CovertCloak|Drizzle|WeatherBall,Hurricane,WideGuard,Tailwind|||M|||50|,,,,,Ghost]Garchomp||LoadedDice|RoughSkin|ScaleShot,Protect,StompingTantrum,Earthquake|||M|||50|,,,,,Steel]Breloom||FocusSash|Technician|MachPunch,BulletSeed,Spore,Protect|||F|||50|,,,,,Steel]Archaludon||AssaultVest|Stamina|BodyPress,FlashCannon,ElectroShot,DragonPulse|||F|||50|,,,,,Grass]Grimmsnarl||LightClay|Prankster|LightScreen,Reflect,SpiritBreak,ThunderWave|||M|||50|,,,,,Ghost
|showteam|p2|Volcarona||Leftovers|FlameBody|FieryDance,QuiverDance,TeraBlast,Protect|||F|||50|,,,,,Dragon]Dragonite||LoadedDice|Multiscale|Haze,ScaleShot,StompingTantrum,Protect|||M|||50|,,,,,Fairy]Sneasler||WhiteHerb|Unburden|Coaching,CloseCombat,DireClaw,FakeOut|||M|||50|,,,,,Ghost]Meowscarada||FocusSash|Overgrow|KnockOff,FlowerTrick,TripleAxel,Protect|||M|||50|,,,,,Ghost]Kingambit||BlackGlasses|Defiant|SuckerPunch,KowtowCleave,SwordsDance,Protect|||M|||50|,,,,,Dark]Electabuzz||Eviolite|VitalSpirit|Taunt,Electroweb,FollowMe,Protect|||F|||50|,,,,,Ghost
|inactive|Battle timer is ON: inactive players will automatically lose when time's up. (requested by HunterOnShowdown)
|inactive|Darkan33 has 60 seconds left.
|
|t:|1757016158
|teamsize|p1|4
|teamsize|p2|4
|start
|switch|p1a: Garchomp|Garchomp, L50, M|100/100
|switch|p1b: Grimmsnarl|Grimmsnarl, L50, M|100/100
|switch|p2a: Dragonite|Dragonite, L50, M|100/100
|switch|p2b: Sneasler|Sneasler, L50, M|100/100
|turn|1
|
|t:|1757016181
|move|p1a: Garchomp|Protect|p1a: Garchomp
|-singleturn|p1a: Garchomp|Protect
|move|p1b: Grimmsnarl|Thunder Wave|p2b: Sneasler
|-status|p2b: Sneasler|par
|move|p2a: Dragonite|Scale Shot|p1a: Garchomp
|-activate|p1a: Garchomp|move: Protect
|cant|p2b: Sneasler|par
|
|upkeep
|turn|2
|inactive|Darkan33 has 30 seconds left.
|
|t:|1757016213
|move|p2a: Dragonite|Protect|p2a: Dragonite
|-singleturn|p2a: Dragonite|Protect
|move|p1b: Grimmsnarl|Reflect|p1b: Grimmsnarl
|-sidestart|p1: Darkan33|Reflect
|move|p1a: Garchomp|Scale Shot|p2a: Dragonite
|-activate|p2a: Dragonite|move: Protect
|move|p2b: Sneasler|Coaching|p2a: Dragonite
|-boost|p2a: Dragonite|atk|1
|-boost|p2a: Dragonite|def|1
|
|upkeep
|turn|3
|
|t:|1757016228
|move|p1a: Garchomp|Protect|p1a: Garchomp
|-singleturn|p1a: Garchomp|Protect
|move|p1b: Grimmsnarl|Thunder Wave|p2a: Dragonite
|-status|p2a: Dragonite|par
|cant|p2b: Sneasler|par
|move|p2a: Dragonite|Scale Shot|p1a: Garchomp
|-activate|p1a: Garchomp|move: Protect
|
|upkeep
|turn|4
|
|t:|1757016244
|-terastallize|p2b: Sneasler|Ghost
|move|p2a: Dragonite|Protect|p2a: Dragonite
|-singleturn|p2a: Dragonite|Protect
|move|p1a: Garchomp|Stomping Tantrum|p2b: Sneasler
|-damage|p2b: Sneasler|42/100 par
|move|p2b: Sneasler|Close Combat|p1a: Garchomp
|-damage|p1a: Garchomp|58/100
|-unboost|p2b: Sneasler|def|1
|-unboost|p2b: Sneasler|spd|1
|-damage|p2b: Sneasler|30/100 par|[from] ability: Rough Skin|[of] p1a: Garchomp
|-enditem|p2b: Sneasler|White Herb
|-clearnegativeboost|p2b: Sneasler|[silent]
|move|p1b: Grimmsnarl|Spirit Break|p2a: Dragonite
|-activate|p2a: Dragonite|move: Protect
|
|upkeep
|turn|5
|
|t:|1757016256
|move|p2b: Sneasler|Coaching|p2a: Dragonite
|-boost|p2a: Dragonite|atk|1
|-boost|p2a: Dragonite|def|1
|move|p1a: Garchomp|Scale Shot|p2a: Dragonite
|-supereffective|p2a: Dragonite
|-damage|p2a: Dragonite|93/100 par
|-supereffective|p2a: Dragonite
|-damage|p2a: Dragonite|78/100 par
|-supereffective|p2a: Dragonite
|-damage|p2a: Dragonite|64/100 par
|-supereffective|p2a: Dragonite
|-damage|p2a: Dragonite|49/100 par
|-hitcount|p2a: Dragonite|4
|-unboost|p1a: Garchomp|def|1
|-boost|p1a: Garchomp|spe|1
|move|p1b: Grimmsnarl|Spirit Break|p2a: Dragonite
|-supereffective|p2a: Dragonite
|-damage|p2a: Dragonite|13/100 par
|-unboost|p2a: Dragonite|spa|1
|cant|p2a: Dragonite|par
|
|upkeep
|turn|6
|inactive|Darkan33 has 30 seconds left.
|
|t:|1757016290
|move|p1a: Garchomp|Scale Shot|p2a: Dragonite
|-supereffective|p2a: Dragonite
|-crit|p2a: Dragonite
|-damage|p2a: Dragonite|0 fnt
|faint|p2a: Dragonite
|-hitcount|p2: Dragonite|1
|-unboost|p1a: Garchomp|def|1
|-boost|p1a: Garchomp|spe|1
|move|p2b: Sneasler|Dire Claw|p1b: Grimmsnarl
|-supereffective|p1b: Grimmsnarl
|-damage|p1b: Grimmsnarl|50/100
|-status|p1b: Grimmsnarl|psn
|move|p1b: Grimmsnarl|Spirit Break|p2b: Sneasler
|-damage|p2b: Sneasler|0 fnt
|faint|p2b: Sneasler
|
|-damage|p1b: Grimmsnarl|38/100 psn|[from] psn
|upkeep
|
|t:|1757016295
|switch|p2b: Volcarona|Volcarona, L50, F|100/100
|switch|p2a: Electabuzz|Electabuzz, L50, F|100/100
|turn|7
|
|t:|1757016301
|move|p1a: Garchomp|Protect|p1a: Garchomp
|-singleturn|p1a: Garchomp|Protect
|move|p1b: Grimmsnarl|Light Screen|p1b: Grimmsnarl
|-sidestart|p1: Darkan33|move: Light Screen
|move|p2b: Volcarona|Quiver Dance|p2b: Volcarona
|-boost|p2b: Volcarona|spa|1
|-boost|p2b: Volcarona|spd|1
|-boost|p2b: Volcarona|spe|1
|move|p2a: Electabuzz|Taunt|p1b: Grimmsnarl
|-start|p1b: Grimmsnarl|move: Taunt
|
|-damage|p1b: Grimmsnarl|26/100 psn|[from] psn
|upkeep
|turn|8
|inactive|Darkan33 has 30 seconds left.
|
|t:|1757016332
|move|p2b: Volcarona|Protect|p2b: Volcarona
|-singleturn|p2b: Volcarona|Protect
|move|p2a: Electabuzz|Protect|p2a: Electabuzz
|-singleturn|p2a: Electabuzz|Protect
|move|p1a: Garchomp|Scale Shot|p2b: Volcarona
|-activate|p2b: Volcarona|move: Protect
|move|p1b: Grimmsnarl|Spirit Break|p2b: Volcarona
|-activate|p2b: Volcarona|move: Protect
|
|-damage|p1b: Grimmsnarl|14/100 psn|[from] psn
|upkeep
|turn|9
|
|t:|1757016351
|move|p2a: Electabuzz|Follow Me|p2a: Electabuzz
|-singleturn|p2a: Electabuzz|move: Follow Me
|move|p1a: Garchomp|Earthquake|p2b: Volcarona|[spread] p1b,p2a,p2b
|-supereffective|p2a: Electabuzz
|-damage|p1b: Grimmsnarl|0 fnt
|-damage|p2a: Electabuzz|47/100
|-damage|p2b: Volcarona|56/100
|faint|p1b: Grimmsnarl
|move|p2b: Volcarona|Quiver Dance|p2b: Volcarona
|-boost|p2b: Volcarona|spa|1
|-boost|p2b: Volcarona|spd|1
|-boost|p2b: Volcarona|spe|1
|
|-heal|p2b: Volcarona|62/100|[from] item: Leftovers
|-sideend|p1: Darkan33|Reflect
|upkeep
|
|t:|1757016359
|switch|p1b: Pelipper|Pelipper, L50, M, shiny|100/100
|-weather|RainDance|[from] ability: Drizzle|[of] p1b: Pelipper
|turn|10
|
|t:|1757016375
|-terastallize|p1a: Garchomp|Steel
|move|p1b: Pelipper|Wide Guard|p1b: Pelipper
|-singleturn|p1b: Pelipper|Wide Guard
|move|p1a: Garchomp|Earthquake|p2b: Volcarona|[spread] p2a,p2b
|-activate|p1b: Pelipper|move: Wide Guard
|-supereffective|p2a: Electabuzz
|-damage|p2a: Electabuzz|0 fnt
|-damage|p2b: Volcarona|18/100
|faint|p2a: Electabuzz
|move|p2b: Volcarona|Tera Blast|p1a: Garchomp
|-resisted|p1a: Garchomp
|-crit|p1a: Garchomp
|-damage|p1a: Garchomp|18/100
|
|-weather|RainDance|[upkeep]
|-heal|p2b: Volcarona|24/100|[from] item: Leftovers
|upkeep
|turn|11
|
|t:|1757016395
|move|p1a: Garchomp|Scale Shot|p2b: Volcarona
|-damage|p2b: Volcarona|8/100
|-damage|p2b: Volcarona|0 fnt
|faint|p2b: Volcarona
|-hitcount|p2: Volcarona|2
|
|win|Darkan33
|raw|Darkan33's rating: 1112 → 1143(+31 for winning)
|raw|HunterOnShowdown's rating: 1196 → 1165(-31 for losing)
|l|â˜†HunterOnShowdown
|player|p2|
