|j|☆Deseret Gaming
|j|☆Wolfed
|html|Deseret GamingWolfed    
|uhtml|bestof|Game 2 of a best-of-3
|t:|1785176565
|gametype|doubles
|player|p1|Deseret Gaming|cilan|1121
|player|p2|Wolfed|266|1093
|gen|9
|tier|[Gen 9 Champions] VGC 2026 Reg M-B (Bo3)
|rated|
|rule|Species Clause: Limit one of each Pokémon
|rule|Item Clause: Limit 1 of each item
|clearpoke
|poke|p1|Chesnaught, L50, F|
|poke|p1|Kingambit, L50, F|
|poke|p1|Pelipper, L50, M|
|poke|p1|Sinistcha-Masterpiece, L50|
|poke|p1|Eelektross, L50, M|
|poke|p1|Farigiraf, L50, M|
|poke|p2|Kingambit, L50, M|
|poke|p2|Meowscarada, L50, F|
|poke|p2|Clefable, L50, F|
|poke|p2|Farigiraf, L50, F|
|poke|p2|Sinistcha, L50|
|poke|p2|Ninetales-Alola, L50, M|
|teampreview|4
|showteam|p1|Chesnaught||Chesnaughtite|Bulletproof|WoodHammer,DrainPunch,ThunderPunch,SpikyShield|Adamant||F|||50|]Kingambit||LifeOrb|Defiant|SuckerPunch,KowtowCleave,IronHead,Protect|Brave||F|||50|]Pelipper||FocusSash|Drizzle|WideGuard,Tailwind,WeatherBall,Hurricane|Modest||M|||50|]Sinistcha-Masterpiece||SitrusBerry|Hospitality|MatchaGotcha,RagePowder,LifeDew,TrickRoom|Relaxed|||||50|]Eelektross||Eelektrossite|Levitate|PoisonFang,RockSlide,WildCharge,Protect|Adamant||M|||50|]Farigiraf||MentalHerb|ArmorTail|TwinBeam,AllySwitch,TrickRoom,DazzlingGleam|Quiet||M|||50|
|showteam|p2|Kingambit||FocusSash|Defiant|LashOut,IronHead,SuckerPunch,SwordsDance|Brave||M|||50|]Meowscarada||ChoiceScarf|Protean|Uturn,TripleAxel,FlowerTrick,KnockOff|Jolly||F|||50|]Clefable||Clefablite|MagicGuard|Blizzard,AlluringVoice,Moonblast,Moonlight|Modest||F|||50|]Farigiraf||SitrusBerry|ArmorTail|TwinBeam,TrickRoom,CalmMind,Wish|Relaxed||F|||50|]Sinistcha||Leftovers|Hospitality|MatchaGotcha,CalmMind,LifeDew,RagePowder|Bold|||||50|]Ninetales-Alola||ExpertBelt|SnowWarning|AuroraVeil,FreezeDry,Moonblast,Protect|Timid||M|||50|
|inactive|Battle timer is ON: inactive players will automatically lose when time's up. (requested by Deseret Gaming)
|j| tedidn
|inactive|Deseret Gaming has 60 seconds left.
|
|t:|1785176604
|teamsize|p1|4
|teamsize|p2|4
|start
|switch|p1a: Moroni 10:3-5|Eelektross, L50, M|100/100
|switch|p1b: Mos. 29:17|Kingambit, L50, F|100/100
|switch|p2a: Meowscarada|Meowscarada, L50, F|100/100
|switch|p2b: Farigiraf|Farigiraf, L50, F|100/100
|turn|1
|inactive|Deseret Gaming has 30 seconds left.
|
|t:|1785176630
|detailschange|p1a: Moroni 10:3-5|Eelektross-Mega, L50, M
|-mega|p1a: Moroni 10:3-5|Eelektross|Eelektrossite
|move|p2a: Meowscarada|U-turn|p1b: Mos. 29:17
|-start|p2a: Meowscarada|typechange|Bug|[from] ability: Protean
|-damage|p1b: Mos. 29:17|74/100
|
|t:|1785176638
|switch|p2a: Clefable|Clefable, L50, F|100/100|[from] U-turn
|move|p1a: Moroni 10:3-5|Poison Fang|p2a: Clefable
|-supereffective|p2a: Clefable|1
|-damage|p2a: Clefable|47/100
|-status|p2a: Clefable|tox
|move|p2b: Farigiraf|Calm Mind|p2b: Farigiraf
|-boost|p2b: Farigiraf|spa|1
|-boost|p2b: Farigiraf|spd|1
|move|p1b: Mos. 29:17|Kowtow Cleave|p2b: Farigiraf
|-supereffective|p2b: Farigiraf|1
|-damage|p2b: Farigiraf|0 fnt
|faint|p2b: Farigiraf
|-damage|p1b: Mos. 29:17|65/100|[from] item: Life Orb
|
|upkeep
|
|t:|1785176651
|switch|p2b: Ninetales|Ninetales-Alola, L50, M|100/100
|-weather|Snowscape|[from] ability: Snow Warning|[of] p2b: Ninetales
|turn|2
|
|t:|1785176660
|switch|p2b: Meowscarada|Meowscarada, L50, F|100/100
|switch|p1a: Mat.7:24-27|Pelipper, L50, M|100/100
|-weather|RainDance|[from] ability: Drizzle|[of] p1a: Mat.7:24-27
|detailschange|p2a: Clefable|Clefable-Mega, L50, F
|-mega|p2a: Clefable|Clefable|Clefablite
|move|p1b: Mos. 29:17|Protect|p1b: Mos. 29:17
|-singleturn|p1b: Mos. 29:17|Protect
|move|p2a: Clefable|Blizzard|p1a: Mat.7:24-27|[spread] p1a
|-activate|p1b: Mos. 29:17|move: Protect
|-damage|p1a: Mat.7:24-27|56/100
|
|-weather|RainDance|[upkeep]
|-damage|p2a: Clefable|35/100 tox|[from] psn
|upkeep
|turn|3
|inactive|Deseret Gaming has 30 seconds left.
|
|t:|1785176687
|switch|p2b: Ninetales|Ninetales-Alola, L50, M|100/100
|-weather|Snowscape|[from] ability: Snow Warning|[of] p2b: Ninetales
|switch|p1a: Moroni 10:3-5|Eelektross-Mega, L50, M|100/100
|move|p2a: Clefable|Blizzard|p1a: Moroni 10:3-5|[spread] p1a,p1b
|-resisted|p1b: Mos. 29:17|1
|-damage|p1a: Moroni 10:3-5|64/100
|-damage|p1b: Mos. 29:17|50/100g
|move|p1b: Mos. 29:17|Iron Head|p2b: Ninetales
|-supereffective|p2b: Ninetales|2
|-damage|p2b: Ninetales|0 fnt
|faint|p2b: Ninetales
|-damage|p1b: Mos. 29:17|40/100|[from] item: Life Orb
|
|-weather|Snowscape|[upkeep]
|-damage|p2a: Clefable|17/100 tox|[from] psn
|upkeep
|
|t:|1785176702
|switch|p2b: Meowscarada|Meowscarada, L50, F|100/100
|turn|4
|
|t:|1785176713
|switch|p1a: Mat.7:24-27|Pelipper, L50, M|56/100
|-weather|RainDance|[from] ability: Drizzle|[of] p1a: Mat.7:24-27
|move|p1b: Mos. 29:17|Protect|p1b: Mos. 29:17
|-singleturn|p1b: Mos. 29:17|Protect
|move|p2b: Meowscarada|Flower Trick|p1a: Mat.7:24-27
|-start|p2b: Meowscarada|typechange|Grass|[from] ability: Protean
|-crit|p1a: Mat.7:24-27
|-damage|p1a: Mat.7:24-27|7/100
|move|p2a: Clefable|Moonblast|p1a: Mat.7:24-27
|-damage|p1a: Mat.7:24-27|0 fnt
|faint|p1a: Mat.7:24-27
|
|-weather|RainDance|[upkeep]
|-damage|p2a: Clefable|0 fnt|[from] psn
|faint|p2a: Clefable
|upkeep
|
|t:|1785176729
|switch|p1a: D&C 89:9|Sinistcha-Masterpiece, L50|100/100
|-heal|p1b: Mos. 29:17|65/100|[from] ability: Hospitality|[of] p1a: D&C 89:9
|turn|5
|
|t:|1785176743
|move|p1b: Mos. 29:17|Sucker Punch|p2b: Meowscarada
|-damage|p2b: Meowscarada|22/100
|-damage|p1b: Mos. 29:17|55/100|[from] item: Life Orb
|move|p2b: Meowscarada|Flower Trick|p1b: Mos. 29:17
|-resisted|p1b: Mos. 29:17|1
|-crit|p1b: Mos. 29:17
|-damage|p1b: Mos. 29:17|36/100
|move|p1a: D&C 89:9|Life Dew||[still]|[spread] p1a,p1b
|-fail|p1a: D&C 89:9|heal
|-heal|p1b: Mos. 29:17|61/100
|
|-weather|RainDance|[upkeep]
|upkeep
|turn|6
|
|t:|1785176756
|move|p1a: D&C 89:9|Rage Powder|p1a: D&C 89:9
|-singleturn|p1a: D&C 89:9|move: Rage Powder
|move|p1b: Mos. 29:17|Sucker Punch|p2b: Meowscarada
|-crit|p2b: Meowscarada
|-damage|p2b: Meowscarada|0 fnt
|faint|p2b: Meowscarada
|-damage|p1b: Mos. 29:17|51/100|[from] item: Life Orb
|
|win|Deseret Gaming
|raw|Deseret Gaming's rating: 1121 → 1144(+23 for winning)
|raw|Wolfed's rating: 1093 → 1071(-22 for losing)
