|j|☆Mentosbombe
|j|☆CavaloDaBarbie
|html|MentosbombeCavaloDaBarbie    
|uhtml|bestof|Game 2 of a best-of-3
|t:|1754496593
|gametype|doubles
|player|p1|Mentosbombe|2|1235
|player|p2|CavaloDaBarbie|265|1134
|gen|9
|tier|[Gen 9] VGC 2025 Reg H (Bo3)
|rated|
|rule|Species Clause: Limit one of each Pokémon
|rule|Item Clause: Limit 1 of each item
|clearpoke
|poke|p1|Archaludon, L50, M|
|poke|p1|Rillaboom, L50, M|
|poke|p1|Basculegion, L50, M|
|poke|p1|Kingambit, L50, M|
|poke|p1|Pelipper, L50, F|
|poke|p1|Electabuzz, L50, M|
|poke|p2|Slaking, L50, F|
|poke|p2|Weezing-Galar, L50, M|
|poke|p2|Whimsicott, L50, F|
|poke|p2|Baxcalibur, L50, F|
|poke|p2|Gholdengo, L50|
|poke|p2|Maushold-Four, L50|
|teampreview|4
|showteam|p1|Archaludon||AssaultVest|Stamina|ElectroShot,DracoMeteor,FlashCannon,BodyPress|||M|||50|,,,,,Fairy]Rillaboom||LoadedDice|GrassySurge|BulletSeed,GrassyGlide,FakeOut,HighHorsepower|||M|||50|,,,,,Fire]Basculegion||ChoiceBand|SwiftSwim|WaveCrash,LastRespects,FlipTurn,AquaJet|||M|||50|,,,,,Grass]Kingambit||BlackGlasses|Defiant|KowtowCleave,SuckerPunch,SwordsDance,Protect|||M|||50|,,,,,Dark]Pelipper||FocusSash|Drizzle|WeatherBall,Hurricane,Tailwind,Protect|||F|||50|,,,,,Ghost]Electabuzz||Eviolite|VitalSpirit|Electroweb,Taunt,FollowMe,Protect|||M|||50|,,,,,Ghost
|showteam|p2|Slaking||LifeOrb|Truant|DoubleEdge,RockSlide,Earthquake,Protect|||F|||50|,,,,,Stellar]Weezing-Galar||FocusSash|NeutralizingGas|StrangeSteam,SludgeBomb,Taunt,Protect|||M|||50|,,,,,Flying]Whimsicott||AbilityShield|Prankster|Moonblast,Taunt,Tailwind,Protect|||F|||50|,,,,,Ghost]Baxcalibur||LoadedDice|ThermalExchange|IcicleSpear,ScaleShot,IceShard,Protect|||F|||50|,,,,,Ghost]Gholdengo||ChoiceSpecs|GoodasGold|MakeItRain,ShadowBall,PowerGem,Trick||||||50|,,,,,Steel]Maushold-Four||WideLens|FriendGuard|PopulationBomb,Feint,FollowMe,Protect||||||50|,,,,,Ghost
|inactive|Battle timer is ON: inactive players will automatically lose when time's up. (requested by CavaloDaBarbie)
|inactive|Mentosbombe has 60 seconds left.
|
|t:|1754496642
|teamsize|p1|4
|teamsize|p2|4
|start
|switch|p1a: Kingambit|Kingambit, L50, M|100/100
|switch|p1b: Pelipper|Pelipper, L50, F|100/100
|switch|p2a: Slaking|Slaking, L50, F|100/100
|switch|p2b: Weezing|Weezing-Galar, L50, M|100/100
|-ability|p2b: Weezing|Neutralizing Gas
|turn|1
|inactive|CavaloDaBarbie has 30 seconds left.
|inactive|CavaloDaBarbie has 20 seconds left.
|inactive|CavaloDaBarbie has 15 seconds left.
|inactive|CavaloDaBarbie has 10 seconds left.
|
|t:|1754496688
|-terastallize|p1a: Kingambit|Dark
|move|p1a: Kingambit|Sucker Punch|p2a: Slaking
|-damage|p2a: Slaking|47/100
|move|p2a: Slaking|Double-Edge|p1b: Pelipper
|-enditem|p1b: Pelipper|Focus Sash
|-damage|p1b: Pelipper|1/100
|-damage|p2a: Slaking|27/100|[from] Recoil
|-damage|p2a: Slaking|17/100|[from] item: Life Orb
|move|p2b: Weezing|Sludge Bomb|p1b: Pelipper
|-damage|p1b: Pelipper|0 fnt
|faint|p1b: Pelipper
|
|upkeep
|inactive|Mentosbombe has 30 seconds left.
|
|t:|1754496716
|switch|p1b: Archaludon|Archaludon, L50, M|100/100
|turn|2
|
|t:|1754496734
|-terastallize|p2b: Weezing|Flying
|move|p2a: Slaking|Protect|p2a: Slaking
|-singleturn|p2a: Slaking|Protect
|move|p1a: Kingambit|Sucker Punch||[still]
|-fail|p1a: Kingambit
|move|p2b: Weezing|Strange Steam|p1a: Kingambit
|-supereffective|p1a: Kingambit
|-damage|p1a: Kingambit|30/100
|move|p1b: Archaludon|Flash Cannon|p2b: Weezing
|-damage|p2b: Weezing|44/100
|
|upkeep
|turn|3
|inactive|Mentosbombe has 30 seconds left.
|inactive|CavaloDaBarbie has 30 seconds left.
|inactive|Mentosbombe has 20 seconds left.
|inactive|CavaloDaBarbie has 20 seconds left.
|inactive|Mentosbombe has 15 seconds left.
|inactive|CavaloDaBarbie has 15 seconds left.
|inactive|Mentosbombe has 10 seconds left.
|inactive|CavaloDaBarbie has 10 seconds left.
|inactive|Mentosbombe has 5 seconds left.
|inactive|CavaloDaBarbie has 5 seconds left.
|
|t:|1754496787
|move|p2b: Weezing|Protect|p2b: Weezing
|-singleturn|p2b: Weezing|Protect
|move|p2a: Slaking|Earthquake|p1a: Kingambit|[spread] p1a,p1b
|-activate|p2b: Weezing|move: Protect
|-supereffective|p1b: Archaludon
|-damage|p1a: Kingambit|0 fnt
|-damage|p1b: Archaludon|40/100
|faint|p1a: Kingambit
|-damage|p2a: Slaking|8/100|[from] item: Life Orb
|move|p1b: Archaludon|Flash Cannon|p2b: Weezing
|-activate|p2b: Weezing|move: Protect
|
|upkeep
|
|t:|1754496789
|switch|p1a: Basculegion|Basculegion, L50, M|100/100
|turn|4
|inactive|CavaloDaBarbie has 30 seconds left.
|
|t:|1754496821
|move|p1a: Basculegion|Aqua Jet|p2a: Slaking
|-crit|p2a: Slaking
|-damage|p2a: Slaking|0 fnt
|faint|p2a: Slaking
|move|p2b: Weezing|Strange Steam|p1a: Basculegion
|-damage|p1a: Basculegion|59/100
|move|p1b: Archaludon|Flash Cannon|p2b: Weezing
|-damage|p2b: Weezing|0 fnt
|faint|p2b: Weezing
|-end|p2b: Weezing|ability: Neutralizing Gas
|
|upkeep
|
|t:|1754496825
|switch|p2a: Baxcalibur|Baxcalibur, L50, F|100/100
|switch|p2b: Gholdengo|Gholdengo, L50|100/100
|turn|5
|inactive|CavaloDaBarbie has 30 seconds left.
|
|t:|1754496859
|move|p1a: Basculegion|Aqua Jet|p2b: Gholdengo
|-damage|p2b: Gholdengo|65/100
|move|p2a: Baxcalibur|Scale Shot|p1b: Archaludon
|-damage|p1b: Archaludon|27/100
|-ability|p1b: Archaludon|Stamina|boost
|-boost|p1b: Archaludon|def|1
|-damage|p1b: Archaludon|20/100
|-ability|p1b: Archaludon|Stamina|boost
|-boost|p1b: Archaludon|def|1
|-damage|p1b: Archaludon|13/100
|-ability|p1b: Archaludon|Stamina|boost
|-boost|p1b: Archaludon|def|1
|-damage|p1b: Archaludon|8/100
|-ability|p1b: Archaludon|Stamina|boost
|-boost|p1b: Archaludon|def|1
|-damage|p1b: Archaludon|5/100
|-ability|p1b: Archaludon|Stamina|boost
|-boost|p1b: Archaludon|def|1
|-hitcount|p1b: Archaludon|5
|-unboost|p2a: Baxcalibur|def|1
|-boost|p2a: Baxcalibur|spe|1
|move|p2b: Gholdengo|Shadow Ball|p1b: Archaludon
|-damage|p1b: Archaludon|0 fnt
|faint|p1b: Archaludon
|
|upkeep
|turn|6
|
|t:|1754496883
|move|p1a: Basculegion|Aqua Jet|p2b: Gholdengo
|-damage|p2b: Gholdengo|29/100
|move|p2a: Baxcalibur|Scale Shot|p1a: Basculegion
|-damage|p1a: Basculegion|40/100
|-damage|p1a: Basculegion|18/100
|-damage|p1a: Basculegion|0 fnt
|faint|p1a: Basculegion
|-hitcount|p1: Basculegion|3
|
|win|CavaloDaBarbie
|raw|Mentosbombe's rating: 1235 → 1203(-32 for losing)
|raw|CavaloDaBarbie's rating: 1134 → 1166(+32 for winning)
|l|☆Mentosbombe
|player|p1|
