|j|☆Sapitoch 4
|j|☆WGSGZM
|html|Sapitoch 4WGSGZM    
|uhtml|bestof|Game 2 of a best-of-3
|t:|1782268777
|gametype|doubles
|player|p1|Sapitoch 4|102|1207
|player|p2|WGSGZM|steven|1256
|gen|9
|tier|[Gen 9 Champions] VGC 2026 Reg M-B (Bo3)
|rated|
|rule|Species Clause: Limit one of each Pokémon
|rule|Item Clause: Limit 1 of each item
|clearpoke
|poke|p1|Gengar, L50, M|
|poke|p1|Incineroar, L50, M|
|poke|p1|Samurott-Hisui, L50, M|
|poke|p1|Dragonite, L50, F|
|poke|p1|Ninetales-Alola, L50, F|
|poke|p1|Gholdengo, L50|
|poke|p2|Pyroar, L50, F|
|poke|p2|Ninetales, L50, M|
|poke|p2|Whimsicott, L50, M|
|poke|p2|Floette-Eternal, L50, F|
|poke|p2|Basculegion, L50, M|
|poke|p2|Farigiraf, L50, M|
|teampreview|4
|showteam|p1|Gengar||Gengarite|CursedBody|ShadowBall,SludgeBomb,Protect,Disable|Timid||M|||50|]Incineroar||SitrusBerry|Intimidate|FlareBlitz,PartingShot,FakeOut,Protect|Impish||M|||50|]Samurott-Hisui||ChopleBerry|Sharpness|NightSlash,SacredSword,SuckerPunch,Detect|Jolly||M|||50|]Dragonite||DragonFang|Multiscale|DragonClaw,LowKick,ExtremeSpeed,Protect|Adamant||F|||50|]Ninetales-Alola||FocusSash|SnowWarning|Blizzard,FreezeDry,Encore,Protect|Timid||F|||50|]Gholdengo||ChoiceScarf|GoodasGold|MakeItRain,ShadowBall,Trick,PowerGem|Modest|||||50|
|showteam|p2|Pyroar||Pyroarite|Unnerve|HeatWave,Overheat,SolarBeam,Protect|Timid||F|||50|]Ninetales||ChoiceScarf|Drought|HeatWave,Overheat,SolarBeam,FakeTears|Modest||M|||50|]Whimsicott||FocusSash|Prankster|Moonblast,Tailwind,SunnyDay,Protect|Timid||M|||50|]Floette-Eternal||Floettite|FlowerVeil|Moonblast,LightofRuin,DazzlingGleam,Protect|Modest||F|||50|]Basculegion||LifeOrb|Adaptability|WaveCrash,LastRespects,AquaJet,Protect|Adamant||M|||50|]Farigiraf||SitrusBerry|ArmorTail|Psychic,Thunderbolt,TrickRoom,HelpingHand|Bold||M|||50|
|inactive|Battle timer is ON: inactive players will automatically lose when time's up. (requested by WGSGZM)
|inactive|Sapitoch 4 has 60 seconds left.
|
|t:|1782268816
|teamsize|p1|4
|teamsize|p2|4
|start
|switch|p1a: Gengar|Gengar, L50, M|100/100
|switch|p1b: Incineroar|Incineroar, L50, M|100/100
|switch|p2a: Pyroar|Pyroar, L50, F|100/100
|switch|p2b: Whimsicott|Whimsicott, L50, M|100/100
|-ability|p2a: Pyroar|Unnerve
|-ability|p1b: Incineroar|Intimidate|boost
|-unboost|p2a: Pyroar|atk|1
|-unboost|p2b: Whimsicott|atk|1
|turn|1
|inactive|Sapitoch 4 has 30 seconds left.
|
|t:|1782268843
|switch|p2b: Basculegion|Basculegion, L50, M|100/100
|detailschange|p2a: Pyroar|Pyroar-Mega, L50, F
|-mega|p2a: Pyroar|Pyroar|Pyroarite
|detailschange|p1a: Gengar|Gengar-Mega, L50, M
|-mega|p1a: Gengar|Gengar|Gengarite
|move|p1b: Incineroar|Fake Out|p2a: Pyroar
|-damage|p2a: Pyroar|88/100
|cant|p2a: Pyroar|flinch
|move|p1a: Gengar|Sludge Bomb|p2a: Pyroar
|-damage|p2a: Pyroar|29/100
|-status|p2a: Pyroar|psn
|
|-damage|p2a: Pyroar|16/100 psn|[from] psn
|upkeep
|turn|2
|
|t:|1782268866
|switch|p1b: Samurott|Samurott-Hisui, L50, M|100/100
|move|p2b: Basculegion|Protect|p2b: Basculegion
|-singleturn|p2b: Basculegion|Protect
|move|p2a: Pyroar|Overheat|p1a: Gengar
|-damage|p1a: Gengar|0 fnt
|-unboost|p2a: Pyroar|spa|2
|faint|p1a: Gengar
|
|-damage|p2a: Pyroar|4/100 psn|[from] psn
|upkeep
|inactive|Sapitoch 4 has 30 seconds left.
|
|t:|1782268892
|switch|p1a: Dragonite|Dragonite, L50, F|100/100
|turn|3
|
|t:|1782268904
|switch|p2a: Whimsicott|Whimsicott, L50, M|100/100
|switch|p2b: Ninetales|Ninetales, L50, M|100/100
|-weather|SunnyDay|[from] ability: Drought|[of] p2b: Ninetales
|move|p1a: Dragonite|Extreme Speed|p2a: Whimsicott
|-damage|p2a: Whimsicott|56/100
|move|p1b: Samurott|Night Slash|p2b: Ninetales
|-damage|p2b: Ninetales|26/100
|
|-weather|SunnyDay|[upkeep]
|upkeep
|turn|4
|inactive|Sapitoch 4 has 30 seconds left.
|inactive|WGSGZM has 30 seconds left.
|inactive|WGSGZM has 20 seconds left.
|
|t:|1782268942
|switch|p1b: Incineroar|Incineroar, L50, M|100/100
|-ability|p1b: Incineroar|Intimidate|boost
|-unboost|p2a: Whimsicott|atk|1
|-unboost|p2b: Ninetales|atk|1
|move|p1a: Dragonite|Extreme Speed|p2b: Ninetales
|-damage|p2b: Ninetales|0 fnt
|faint|p2b: Ninetales
|move|p2a: Whimsicott|Tailwind|p2a: Whimsicott
|-sidestart|p2: WGSGZM|move: Tailwind
|
|-weather|SunnyDay|[upkeep]
|upkeep
|
|t:|1782268960
|switch|p2b: Basculegion|Basculegion, L50, M|100/100
|turn|5
|inactive|WGSGZM has 30 seconds left.
|inactive|WGSGZM has 20 seconds left.
|
|t:|1782268997
|move|p2a: Whimsicott|Moonblast|p1a: Dragonite
|-supereffective|p1a: Dragonite|1
|-damage|p1a: Dragonite|64/100
|move|p2b: Basculegion|Last Respects|p1a: Dragonite
|-damage|p1a: Dragonite|0 fnt
|faint|p1a: Dragonite
|-damage|p2b: Basculegion|90/100|[from] item: Life Orb
|move|p1b: Incineroar|Flare Blitz|p2a: Whimsicott
|-supereffective|p2a: Whimsicott|1
|-damage|p2a: Whimsicott|0 fnt
|faint|p2a: Whimsicott
|-damage|p1b: Incineroar|87/100|[from] Recoil
|
|-weather|SunnyDay|[upkeep]
|upkeep
|
|t:|1782269008
|switch|p2a: Pyroar|Pyroar-Mega, L50, F|4/100 psn
|switch|p1a: Samurott|Samurott-Hisui, L50, M|100/100
|turn|6
|
|t:|1782269018
|move|p1a: Samurott|Detect|p1a: Samurott
|-singleturn|p1a: Samurott|Protect
|move|p1b: Incineroar|Protect|p1b: Incineroar
|-singleturn|p1b: Incineroar|Protect
|move|p2a: Pyroar|Solar Beam||[still]
|-prepare|p2a: Pyroar|Solar Beam
|-anim|p2a: Pyroar|Solar Beam|p1a: Samurott
|-activate|p1a: Samurott|move: Protect
|move|p2b: Basculegion|Wave Crash|p1b: Incineroar
|-activate|p1b: Incineroar|move: Protect
|
|-weather|SunnyDay|[upkeep]
|-damage|p2a: Pyroar|0 fnt|[from] psn
|faint|p2a: Pyroar
|upkeep
|turn|7
|
|t:|1782269035
|move|p2b: Basculegion|Wave Crash|p1b: Incineroar
|-supereffective|p1b: Incineroar|1
|-damage|p1b: Incineroar|4/100
|-enditem|p1b: Incineroar|Sitrus Berry|[eat]
|-heal|p1b: Incineroar|29/100|[from] item: Sitrus Berry
|-damage|p2b: Basculegion|62/100|[from] Recoil
|-damage|p2b: Basculegion|53/100|[from] item: Life Orb
|move|p1a: Samurott|Night Slash|p2b: Basculegion
|-supereffective|p2b: Basculegion|1
|-damage|p2b: Basculegion|0 fnt
|faint|p2b: Basculegion
|
|win|Sapitoch 4
|raw|Sapitoch 4's rating: 1207 → 1236(+29 for winning)
|raw|WGSGZM's rating: 1256 → 1227(-29 for losing)
|l|☆WGSGZM
|player|p2|
