|j|☆HunTerDx36
|j|☆clarocojones
|html|HunTerDx36clarocojones    
|uhtml|bestof|Game 3 of a best-of-3
|t:|1786121292
|gametype|doubles
|player|p1|HunTerDx36|cynthia|1172
|player|p2|clarocojones|striker|1338
|gen|9
|tier|[Gen 9 Champions] VGC 2026 Reg M-B (Bo3)
|rated|
|rule|Species Clause: Limit one of each Pokémon
|rule|Item Clause: Limit 1 of each item
|clearpoke
|poke|p1|Swampert, L50, M|
|poke|p1|Pelipper, L50, M|
|poke|p1|Sinistcha-Masterpiece, L50|
|poke|p1|Gholdengo, L50|
|poke|p1|Grimmsnarl, L50, M|
|poke|p1|Mawile, L50, M|
|poke|p2|Floette-Eternal, L50, F|
|poke|p2|Incineroar, L50, F, shiny|
|poke|p2|Sinistcha-Masterpiece, L50, shiny|
|poke|p2|Milotic, L50, M|
|poke|p2|Raichu, L50, M|
|poke|p2|Ceruledge, L50, M|
|teampreview|4
|showteam|p1|Swampert||Swampertite|Torrent|WaveCrash,HighHorsepower,IcePunch,Protect|Adamant||M|||50|]Pelipper||DampRock|Drizzle|WeatherBall,IceBeam,Tailwind,Protect|Bold||M|||50|]Sinistcha-Masterpiece||Leftovers|Hospitality|MatchaGotcha,TrickRoom,RagePowder,Protect|Bold|||||50|]Gholdengo||ColburBerry|GoodasGold|MakeItRain,ShadowBall,NastyPlot,Protect|Bold|||||50|]Grimmsnarl||LightClay|Prankster|SpiritBreak,FakeOut,Reflect,LightScreen|Adamant||M|||50|]Mawile||Mawilite|Intimidate|PlayRough,IronHead,KnockOff,Protect|Adamant||M|||50|
|showteam|p2|Floette-Eternal||Floettite|FlowerVeil|Moonblast,DazzlingGleam,CalmMind,Protect|Modest||F|||50|]Incineroar||SitrusBerry|Intimidate|FakeOut,PartingShot,ThroatChop,FlareBlitz|Careful||F|||50|]Sinistcha-Masterpiece||KasibBerry|Hospitality|MatchaGotcha,LifeDew,RagePowder,TrickRoom|Bold|||||50|]Milotic||Leftovers|Competitive|MuddyWater,Coil,Hypnosis,Recover|Calm||M|||50|]Raichu||RaichuniteY|Static|FakeOut,ZapCannon,FocusBlast,Protect|Timid||M|||50|]Ceruledge||ColburBerry|FlashFire|BitterBlade,ShadowSneak,BulkUp,Protect|Adamant||M|||50|
|inactive|Battle timer is ON: inactive players will automatically lose when time's up. (requested by HunTerDx36)
|inactive|HunTerDx36 has 60 seconds left.
|inactive|clarocojones has 60 seconds left.
|inactive|HunTerDx36 has 30 seconds left.
|inactive|HunTerDx36 has 20 seconds left.
|inactive|HunTerDx36 has 15 seconds left.
|inactive|HunTerDx36 has 10 seconds left.
|inactive|HunTerDx36 has 5 seconds left.
|
|t:|1786121392
|teamsize|p1|4
|teamsize|p2|4
|start
|switch|p1a: Swampert|Swampert, L50, M|100/100
|switch|p1b: Pelipper|Pelipper, L50, M|100/100
|switch|p2a: Raichu|Raichu, L50, M|100/100
|switch|p2b: Ceruledge|Ceruledge, L50, M|100/100
|-weather|RainDance|[from] ability: Drizzle|[of] p1b: Pelipper
|turn|1
|inactive|HunTerDx36 has 30 seconds left.
|inactive|clarocojones has 30 seconds left.
|inactive|HunTerDx36 has 20 seconds left.
|inactive|clarocojones has 20 seconds left.
|
|t:|1786121431
|switch|p2b: DON JULIO|Sinistcha-Masterpiece, L50, shiny|100/100
|switch|p1b: Sinistcha|Sinistcha-Masterpiece, L50|100/100
|detailschange|p2a: Raichu|Raichu-Mega-Y, L50, M
|-mega|p2a: Raichu|Raichu|Raichunite Y
|detailschange|p1a: Swampert|Swampert-Mega, L50, M
|-mega|p1a: Swampert|Swampert|Swampertite
|move|p2a: Raichu|Fake Out|p1a: Swampert
|-damage|p1a: Swampert|92/100
|cant|p1a: Swampert|flinch
|
|-weather|RainDance|[upkeep]
|upkeep
|turn|2
|inactive|HunTerDx36 has 30 seconds left.
|
|t:|1786121460
|switch|p2a: Friends Take|Incineroar, L50, F, shiny|100/100
|-ability|p2a: Friends Take|Intimidate|boost
|-unboost|p1a: Swampert|atk|1
|-unboost|p1b: Sinistcha|atk|1
|move|p1a: Swampert|High Horsepower|p2a: Friends Take
|-supereffective|p2a: Friends Take|1
|-damage|p2a: Friends Take|31/100
|-enditem|p2a: Friends Take|Sitrus Berry|[eat]
|-heal|p2a: Friends Take|56/100|[from] item: Sitrus Berry
|move|p2b: DON JULIO|Matcha Gotcha|p1b: Sinistcha|[spread] p1a,p1b
|-supereffective|p1a: Swampert|2
|-resisted|p1b: Sinistcha|1
|-damage|p1a: Swampert|7/100
|-damage|p1b: Sinistcha|85/100
|move|p1b: Sinistcha|Matcha Gotcha|p2b: DON JULIO|[spread] p2a,p2b
|-resisted|p2a: Friends Take|1
|-resisted|p2b: DON JULIO|1
|-damage|p2a: Friends Take|46/100
|-heal|p1b: Sinistcha|91/100|[from] drain|[of] p2a: Friends Take
|-damage|p2b: DON JULIO|87/100
|-heal|p1b: Sinistcha|98/100|[from] drain|[of] p2b: DON JULIO
|-status|p2b: DON JULIO|brn
|
|-weather|RainDance|[upkeep]
|-heal|p1b: Sinistcha|100/100|[from] item: Leftovers
|-damage|p2b: DON JULIO|81/100 brn|[from] brn
|upkeep
|turn|3
|inactive|HunTerDx36 has 30 seconds left.
|inactive|HunTerDx36 has 20 seconds left.
|inactive|HunTerDx36 has 15 seconds left.
|
|t:|1786121503
|switch|p1a: Gholdengo|Gholdengo, L50|100/100
|move|p2a: Friends Take|Fake Out|p1a: Gholdengo
|-immune|p1a: Gholdengo
|move|p1b: Sinistcha|Matcha Gotcha|p2b: DON JULIO|[spread] p2a,p2b
|-resisted|p2a: Friends Take|1
|-resisted|p2b: DON JULIO|1
|-damage|p2a: Friends Take|36/100
|-damage|p2b: DON JULIO|69/100 brn
|move|p2b: DON JULIO|Life Dew|p2b: DON JULIO|[spread] p2a,p2b
|-heal|p2a: Friends Take|61/100
|-heal|p2b: DON JULIO|94/100 brn
|
|-weather|RainDance|[upkeep]
|-damage|p2b: DON JULIO|88/100 brn|[from] brn
|upkeep
|turn|4
|
|t:|1786121525
|move|p1b: Sinistcha|Rage Powder|p1b: Sinistcha
|-singleturn|p1b: Sinistcha|move: Rage Powder
|move|p1a: Gholdengo|Nasty Plot|p1a: Gholdengo
|-boost|p1a: Gholdengo|spa|2
|move|p2a: Friends Take|Throat Chop|p1b: Sinistcha
|-supereffective|p1b: Sinistcha|1
|-damage|p1b: Sinistcha|46/100
|-start|p1b: Sinistcha|Throat Chop|[silent]
|move|p2b: DON JULIO|Matcha Gotcha|p1a: Gholdengo|[spread] p1a,p1b
|-resisted|p1a: Gholdengo|1
|-resisted|p1b: Sinistcha|1
|-damage|p1a: Gholdengo|89/100
|-heal|p2b: DON JULIO|94/100 brn|[from] drain|[of] p1a: Gholdengo
|-damage|p1b: Sinistcha|33/100
|-heal|p2b: DON JULIO|100/100 brn|[from] drain|[of] p1b: Sinistcha
|
|-weather|RainDance|[upkeep]
|-heal|p1b: Sinistcha|39/100|[from] item: Leftovers
|-damage|p2b: DON JULIO|93/100 brn|[from] brn
|upkeep
|turn|5
|
|t:|1786121547
|switch|p1b: Pelipper|Pelipper, L50, M|100/100
|move|p1a: Gholdengo|Shadow Ball|p2b: DON JULIO
|-supereffective|p2b: DON JULIO|1
|-enditem|p2b: DON JULIO|Kasib Berry|[eat]
|-enditem|p2b: DON JULIO|Kasib Berry|[weaken]
|-damage|p2b: DON JULIO|30/100 brn
|-unboost|p2b: DON JULIO|spd|1
|move|p2a: Friends Take|Throat Chop|p1a: Gholdengo
|-supereffective|p1a: Gholdengo|1
|-enditem|p1a: Gholdengo|Colbur Berry|[eat]
|-enditem|p1a: Gholdengo|Colbur Berry|[weaken]
|-damage|p1a: Gholdengo|60/100
|-start|p1a: Gholdengo|Throat Chop|[silent]
|move|p2b: DON JULIO|Matcha Gotcha|p1a: Gholdengo|[spread] p1a,p1b
|-resisted|p1a: Gholdengo|1
|-crit|p1b: Pelipper
|-damage|p1a: Gholdengo|50/100g
|-heal|p2b: DON JULIO|35/100 brn|[from] drain|[of] p1a: Gholdengo
|-damage|p1b: Pelipper|53/100
|-heal|p2b: DON JULIO|57/100 brn|[from] drain|[of] p1b: Pelipper
|
|-weather|RainDance|[upkeep]
|-damage|p2b: DON JULIO|51/100 brn|[from] brn
|upkeep
|turn|6
|inactive|clarocojones has 30 seconds left.
|
|t:|1786121580
|move|p1a: Gholdengo|Protect|p1a: Gholdengo
|-singleturn|p1a: Gholdengo|Protect
|move|p2a: Friends Take|Throat Chop|p1a: Gholdengo
|-activate|p1a: Gholdengo|move: Protect
|move|p2b: DON JULIO|Matcha Gotcha|p1b: Pelipper|[spread] p1b
|-activate|p1a: Gholdengo|move: Protect
|-damage|p1b: Pelipper|23/100
|-heal|p2b: DON JULIO|65/100 brn|[from] drain|[of] p1b: Pelipper
|move|p1b: Pelipper|Tailwind|p1b: Pelipper
|-sidestart|p1: HunTerDx36|move: Tailwind
|
|-weather|RainDance|[upkeep]
|-damage|p2b: DON JULIO|59/100 brn|[from] brn
|-end|p1a: Gholdengo|Throat Chop|[silent]
|upkeep
|turn|7
|inactive|HunTerDx36 has 30 seconds left.
|inactive|HunTerDx36 has 20 seconds left.
|inactive|HunTerDx36 has 15 seconds left.
|inactive|clarocojones has 30 seconds left.
|inactive|HunTerDx36 has 10 seconds left.
|inactive|HunTerDx36 has 5 seconds left.
|
|t:|1786121634
|switch|p2a: Raichu|Raichu-Mega-Y, L50, M|100/100
|move|p1a: Gholdengo|Protect||[still]
|-fail|p1a: Gholdengo
|move|p1b: Pelipper|Tailwind||[still]
|-fail|p1b: Pelipper
|move|p2b: DON JULIO|Trick Room|p2b: DON JULIO
|-fieldstart|move: Trick Room|[of] p2b: DON JULIO
|
|-weather|RainDance|[upkeep]
|-damage|p2b: DON JULIO|52/100 brn|[from] brn
|upkeep
|turn|8
|inactive|HunTerDx36 has 30 seconds left.
|
|t:|1786121661
|move|p2b: DON JULIO|Matcha Gotcha|p1a: Gholdengo|[spread] p1a,p1b
|-resisted|p1a: Gholdengo|1
|-damage|p1a: Gholdengo|40/100
|-heal|p2b: DON JULIO|57/100 brn|[from] drain|[of] p1a: Gholdengo
|-damage|p1b: Pelipper|0 fnt
|-heal|p2b: DON JULIO|69/100 brn|[from] drain|[of] p1b: Pelipper
|faint|p1b: Pelipper
|move|p2a: Raichu|Zap Cannon|p1a: Gholdengo
|-damage|p1a: Gholdengo|0 fnt
|faint|p1a: Gholdengo
|
|-weather|none
|-damage|p2b: DON JULIO|63/100 brn|[from] brn
|upkeep
|
|t:|1786121684
|switch|p1b: Swampert|Swampert-Mega, L50, M|7/100
|switch|p1a: Sinistcha|Sinistcha-Masterpiece, L50|39/100
|-heal|p1b: Swampert|32/100|[from] ability: Hospitality|[of] p1a: Sinistcha
|turn|9
|
|t:|1786121695
|switch|p2a: Friends Take|Incineroar, L50, F, shiny|61/100
|-ability|p2a: Friends Take|Intimidate|boost
|-unboost|p1a: Sinistcha|atk|1
|-unboost|p1b: Swampert|atk|1
|move|p1b: Swampert|Protect|p1b: Swampert
|-singleturn|p1b: Swampert|Protect
|move|p2b: DON JULIO|Matcha Gotcha|p1a: Sinistcha|[spread] p1a
|-activate|p1b: Swampert|move: Protect
|-resisted|p1a: Sinistcha|1
|-damage|p1a: Sinistcha|27/100
|-heal|p2b: DON JULIO|68/100 brn|[from] drain|[of] p1a: Sinistcha
|move|p1a: Sinistcha|Trick Room|p1a: Sinistcha
|-fieldend|move: Trick Room
|
|-heal|p1a: Sinistcha|33/100|[from] item: Leftovers
|-damage|p2b: DON JULIO|62/100 brn|[from] brn
|-sideend|p1: HunTerDx36|move: Tailwind
|upkeep
|turn|10
|inactive|HunTerDx36 has 30 seconds left.
|
|t:|1786121722
|move|p2a: Friends Take|Fake Out|p1b: Swampert
|-damage|p1b: Swampert|22/100
|move|p1a: Sinistcha|Rage Powder|p1a: Sinistcha
|-singleturn|p1a: Sinistcha|move: Rage Powder
|cant|p1b: Swampert|flinch
|move|p2b: DON JULIO|Matcha Gotcha|p1b: Swampert|[spread] p1a,p1b
|-resisted|p1a: Sinistcha|1
|-supereffective|p1b: Swampert|2
|-damage|p1a: Sinistcha|20/100y
|-heal|p2b: DON JULIO|68/100 brn|[from] drain|[of] p1a: Sinistcha
|-damage|p1b: Swampert|0 fnt
|-heal|p2b: DON JULIO|81/100 brn|[from] drain|[of] p1b: Swampert
|faint|p1b: Swampert
|
|-heal|p1a: Sinistcha|26/100|[from] item: Leftovers
|-damage|p2b: DON JULIO|75/100 brn|[from] brn
|upkeep
|turn|11
|-message|HunTerDx36 forfeited.
|
|win|clarocojones
