|j|☆washingtongargacha
|j|☆PippoVit01
|html|washingtongargachaPippoVit01    
|uhtml|bestof|Game 2 of a best-of-3
|t:|1757715755
|gametype|doubles
|player|p1|washingtongargacha|101|1139
|player|p2|PippoVit01|265|1052
|gen|9
|tier|[Gen 9] VGC 2025 Reg H (Bo3)
|rated|
|rule|Species Clause: Limit one of each Pokémon
|rule|Item Clause: Limit 1 of each item
|clearpoke
|poke|p1|Talonflame, L50, M|
|poke|p1|Gholdengo, L50|
|poke|p1|Dragonite, L50, F|
|poke|p1|Archaludon, L50, F|
|poke|p1|Tyranitar, L50, M|
|poke|p1|Garchomp, L50, F|
|poke|p2|Volcarona, L50, M|
|poke|p2|Golduck, L50, F|
|poke|p2|Dondozo, L50, F|
|poke|p2|Tatsugiri, L50, F|
|poke|p2|Kilowattrel, L50, F|
|poke|p2|Weezing, L50, M|
|teampreview|4
|showteam|p1|Talonflame||CovertCloak|GaleWings|Tailwind,DualWingbeat,Taunt,FlareBlitz|||M|||50|,,,,,Stellar]Gholdengo||LifeOrb|GoodasGold|MakeItRain,NastyPlot,ShadowBall,Protect||||||50|,,,,,Steel]Dragonite||LoadedDice|Multiscale|ScaleShot,IceSpinner,Haze,Protect|||F|||50|,,,,,Steel]Archaludon||PowerHerb|Sturdy|FlashCannon,ElectroShot,DracoMeteor,Protect|||F|||50|,,,,,Flying]Tyranitar||AssaultVest|SandStream|KnockOff,RockSlide,TeraBlast,LowKick|||M|||50|,,,,,Flying]Garchomp||ClearAmulet|RoughSkin|DragonClaw,StompingTantrum,Earthquake,Protect|||F|||50|,,,,,Steel
|showteam|p2|Volcarona||ClearAmulet|FlameBody|QuiverDance,HeatWave,BugBuzz,GigaDrain|||M|||50|,,,,,Ghost]Golduck||CovertCloak|CloudNine|SimpleBeam,AquaJet,Encore,Disable|||F|||50|,,,,,Water]Dondozo||Leftovers|Unaware|Earthquake,WaveCrash,Protect,Substitute|||F|||50|,,,,,Ground]Tatsugiri||AssaultVest|Commander|DracoMeteor,MirrorCoat,IcyWind,MuddyWater|||F|||50|,,,,,Steel]Kilowattrel||ChoiceSpecs|Competitive|Discharge,AirSlash,Thunderbolt,VoltSwitch|||F|||50|,,,,,Ghost]Weezing||RockyHelmet|NeutralizingGas|SludgeBomb,WillOWisp,ToxicSpikes,Protect|||M|||50|,,,,,Fairy
|inactive|Battle timer is ON: inactive players will automatically lose when time's up. (requested by PippoVit01)
|
|t:|1757715800
|teamsize|p1|4
|teamsize|p2|4
|start
|switch|p1a: Talonflame|Talonflame, L50, M|100/100
|switch|p1b: Gholdengo|Gholdengo, L50|100/100
|switch|p2a: Weezing|Weezing, L50, M|100/100
|switch|p2b: Tatsugiri|Tatsugiri, L50, F|100/100
|-ability|p2a: Weezing|Neutralizing Gas
|turn|1
|inactive|washingtongargacha has 30 seconds left.
|inactive|PippoVit01 has 30 seconds left.
|
|t:|1757715834
|move|p1a: Talonflame|Tailwind|p1a: Talonflame
|-sidestart|p1: washingtongargacha|move: Tailwind
|move|p1b: Gholdengo|Nasty Plot|p1b: Gholdengo
|-boost|p1b: Gholdengo|spa|2
|move|p2b: Tatsugiri|Draco Meteor|p1a: Talonflame
|-damage|p1a: Talonflame|3/100
|-unboost|p2b: Tatsugiri|spa|2
|move|p2a: Weezing|Sludge Bomb|p1a: Talonflame
|-damage|p1a: Talonflame|0 fnt
|faint|p1a: Talonflame
|
|upkeep
|
|t:|1757715850
|switch|p1a: Archaludon|Archaludon, L50, F|100/100
|turn|2
|
|t:|1757715861
|-terastallize|p2b: Tatsugiri|Steel
|move|p2a: Weezing|Protect|p2a: Weezing
|-singleturn|p2a: Weezing|Protect
|move|p1a: Archaludon|Flash Cannon|p2a: Weezing
|-activate|p2a: Weezing|move: Protect
|move|p1b: Gholdengo|Nasty Plot|p1b: Gholdengo
|-boost|p1b: Gholdengo|spa|2
|move|p2b: Tatsugiri|Mirror Coat||[still]
|-fail|p2b: Tatsugiri
|
|upkeep
|turn|3
|inactive|washingtongargacha has 30 seconds left.
|
|t:|1757715886
|move|p1a: Archaludon|Flash Cannon|p2b: Tatsugiri
|-resisted|p2b: Tatsugiri
|-damage|p2b: Tatsugiri|84/100
|move|p1b: Gholdengo|Make It Rain|p2b: Tatsugiri|[spread] p2a,p2b
|-resisted|p2b: Tatsugiri
|-damage|p2a: Weezing|0 fnt
|-damage|p2b: Tatsugiri|0 fnt
|-unboost|p1b: Gholdengo|spa|1
|faint|p2a: Weezing
|-end|p2a: Weezing|ability: Neutralizing Gas
|faint|p2b: Tatsugiri
|-damage|p1b: Gholdengo|91/100|[from] item: Life Orb
|
|upkeep
|
|t:|1757715894
|switch|p2b: Volcarona|Volcarona, L50, M|100/100
|switch|p2a: Dondozo|Dondozo, L50, F|100/100
|turn|4
|
|t:|1757715905
|move|p1a: Archaludon|Electro Shot||[still]
|-prepare|p1a: Archaludon|Electro Shot
|-boost|p1a: Archaludon|spa|1
|-enditem|p1a: Archaludon|Power Herb
|-anim|p1a: Archaludon|Electro Shot|p2a: Dondozo
|-supereffective|p2a: Dondozo
|-damage|p2a: Dondozo|18/100
|move|p1b: Gholdengo|Make It Rain|p2a: Dondozo|[spread] p2a,p2b
|-resisted|p2a: Dondozo
|-resisted|p2b: Volcarona
|-damage|p2a: Dondozo|0 fnt
|-damage|p2b: Volcarona|19/100
|-unboost|p1b: Gholdengo|spa|1
|faint|p2a: Dondozo
|-damage|p1b: Gholdengo|81/100|[from] item: Life Orb
|move|p2b: Volcarona|Heat Wave|p1a: Archaludon|[spread] p1a,p1b
|-supereffective|p1b: Gholdengo
|-damage|p1a: Archaludon|37/100
|-damage|p1b: Gholdengo|0 fnt
|faint|p1b: Gholdengo
|
|-sideend|p1: washingtongargacha|move: Tailwind
|upkeep
|
|t:|1757715922
|switch|p1b: Dragonite|Dragonite, L50, F|100/100
|turn|5
|
|t:|1757715927
|move|p1a: Archaludon|Protect|p1a: Archaludon
|-singleturn|p1a: Archaludon|Protect
|move|p1b: Dragonite|Scale Shot|p2b: Volcarona|[miss]
|-miss|p1b: Dragonite|p2b: Volcarona
|move|p2b: Volcarona|Heat Wave|p1a: Archaludon|[spread] p1b
|-activate|p1a: Archaludon|move: Protect
|-resisted|p1b: Dragonite
|-damage|p1b: Dragonite|89/100
|
|upkeep
|turn|6
|
|t:|1757715939
|move|p1a: Archaludon|Flash Cannon|p2b: Volcarona
|-resisted|p2b: Volcarona
|-damage|p2b: Volcarona|0 fnt
|faint|p2b: Volcarona
|
|win|washingtongargacha
|raw|washingtongargacha's rating: 1139 → 1158(+19 for winning)
|raw|PippoVit01's rating: 1052 → 1039(-13 for losing)
