|j|☆Okami_6
|j|☆MAF1010
|html|Okami_6MAF1010    
|uhtml|bestof|Game 2 of a best-of-3
|t:|1756613141
|gametype|doubles
|player|p1|Okami_6|perrin|1045
|player|p2|MAF1010|unknown|1087
|gen|9
|tier|[Gen 9] VGC 2025 Reg H (Bo3)
|rated|
|rule|Species Clause: Limit one of each Pokémon
|rule|Item Clause: Limit 1 of each item
|clearpoke
|poke|p1|Dragonite, L50, F|
|poke|p1|Gholdengo, L50|
|poke|p1|Talonflame, L50, M|
|poke|p1|Glimmora, L50, F|
|poke|p1|Dondozo, L50, M|
|poke|p1|Tatsugiri, L50, F|
|poke|p2|Murkrow, L50, M|
|poke|p2|Ditto, L50|
|poke|p2|Weezing-Galar, L50, F|
|poke|p2|Milotic, L50, M|
|poke|p2|Archaludon, L50, F|
|poke|p2|Tsareena, L50, F|
|teampreview|4
|showteam|p1|Dragonite||LoadedDice|InnerFocus|ExtremeSpeed,ScaleShot,StompingTantrum,Protect|||F|||50|,,,,,Normal]Gholdengo||ChoiceSpecs|GoodasGold|MakeItRain,ShadowBall,Thunderbolt,Trick||||||50|,,,,,Steel]Talonflame||CovertCloak|GaleWings|Tailwind,Taunt,BraveBird,WillOWisp|||M|||50|,,,,,Flying]Glimmora||FocusSash|ToxicDebris|SludgeBomb,EarthPower,MortalSpin,SpikyShield|||F|||50|,,,,,Grass]Dondozo||Leftovers|Unaware|OrderUp,WaveCrash,Earthquake,Protect|||M|||50|,,,,,Grass]Tatsugiri||ChoiceScarf|Commander|DracoMeteor,MuddyWater,IcyWind,DragonPulse|||F|||50|,,,,,Water
|showteam|p2|Murkrow||LumBerry|Prankster|Quash,ThunderWave,PerishSong,Tailwind|||M|||50|,,,,,Dark]Ditto||MirrorHerb|Imposter|Transform||||||50|,,,,,Normal]Weezing-Galar||EjectButton|NeutralizingGas|ClearSmog,Protect,DazzlingGleam,PainSplit|||F|||50|,,,,,Poison]Milotic||LifeOrb|Competitive|PsychUp,IcyWind,DrainingKiss,Scald|||M|||50|,,,,,Fairy]Archaludon||PowerHerb|Stamina|BodyPress,ElectroShot,IronHead,Snarl|||F|||50|,,,,,Electric]Tsareena||FocusSash|SweetVeil|TeeterDance,Uturn,SeedBomb,KnockOff|||F|||50|,,,,,Dark
|
|t:|1756613159
|teamsize|p1|4
|teamsize|p2|4
|start
|switch|p1a: Gholdengo|Gholdengo, L50|100/100
|switch|p1b: Talonflame|Talonflame, L50, M|100/100
|switch|p2a: Murkrow|Murkrow, L50, M|100/100
|switch|p2b: Ditto|Ditto, L50|100/100
|-transform|p2b: Ditto|p1a: Gholdengo|[from] ability: Imposter
|turn|1
|
|t:|1756613181
|-terastallize|p1a: Gholdengo|Steel
|move|p1b: Talonflame|Tailwind|p1b: Talonflame
|-sidestart|p1: Okami_6|move: Tailwind
|move|p2a: Murkrow|Thunder Wave|p1b: Talonflame
|-status|p1b: Talonflame|par
|move|p1a: Gholdengo|Make It Rain|p2b: Ditto|[spread] p2a,p2b
|-resisted|p2b: Ditto
|-crit|p2b: Ditto
|-damage|p2a: Murkrow|0 fnt
|-damage|p2b: Ditto|18/100
|-unboost|p1a: Gholdengo|spa|1
|faint|p2a: Murkrow
|move|p2b: Ditto|Thunderbolt|p1b: Talonflame
|-supereffective|p1b: Talonflame
|-damage|p1b: Talonflame|0 fnt
|faint|p1b: Talonflame
|
|upkeep
|
|t:|1756613200
|switch|p1b: Glimmora|Glimmora, L50, F|100/100
|switch|p2a: Archaludon|Archaludon, L50, F|100/100
|turn|2
|
|t:|1756613238
|switch|p1a: Dragonite|Dragonite, L50, F|100/100
|move|p1b: Glimmora|Earth Power|p2b: Ditto
|-supereffective|p2b: Ditto
|-damage|p2b: Ditto|0 fnt
|faint|p2b: Ditto
|move|p2a: Archaludon|Electro Shot||[still]
|-prepare|p2a: Archaludon|Electro Shot
|-boost|p2a: Archaludon|spa|1
|-enditem|p2a: Archaludon|Power Herb
|-anim|p2a: Archaludon|Electro Shot|p1a: Dragonite
|-damage|p1a: Dragonite|38/100
|
|upkeep
|
|t:|1756613249
|switch|p2b: Milotic|Milotic, L50, M|100/100
|turn|3
|
|t:|1756613277
|move|p1a: Dragonite|Protect|p1a: Dragonite
|-singleturn|p1a: Dragonite|Protect
|move|p1b: Glimmora|Mortal Spin|p2a: Archaludon|[spread] p2b
|-immune|p2a: Archaludon
|-damage|p2b: Milotic|96/100
|-status|p2b: Milotic|psn
|move|p2b: Milotic|Scald|p1b: Glimmora
|-supereffective|p1b: Glimmora
|-enditem|p1b: Glimmora|Focus Sash
|-damage|p1b: Glimmora|1/100
|-damage|p2b: Milotic|86/100 psn|[from] item: Life Orb
|move|p2a: Archaludon|Body Press|p1b: Glimmora
|-damage|p1b: Glimmora|0 fnt
|-activate|p1b: Glimmora|ability: Toxic Debris
|-sidestart|p2: MAF1010|move: Toxic Spikes
|faint|p1b: Glimmora
|
|-damage|p2b: Milotic|74/100 psn|[from] psn
|upkeep
|
|t:|1756613286
|switch|p1b: Gholdengo|Gholdengo, L50, tera:Steel|100/100
|turn|4
|inactive|Battle timer is ON: inactive players will automatically lose when time's up. (requested by MAF1010)
|
|t:|1756613339
|-terastallize|p2b: Milotic|Fairy
|move|p1b: Gholdengo|Shadow Ball|p2b: Milotic
|-damage|p2b: Milotic|18/100 psn
|move|p1a: Dragonite|Scale Shot|p2b: Milotic
|-immune|p2b: Milotic
|move|p2b: Milotic|Draining Kiss|p1a: Dragonite
|-supereffective|p1a: Dragonite
|-damage|p1a: Dragonite|0 fnt
|-heal|p2b: Milotic|49/100 psn|[from] drain|[of] p1a: Dragonite
|faint|p1a: Dragonite
|-damage|p2b: Milotic|39/100 psn|[from] item: Life Orb
|move|p2a: Archaludon|Snarl|p1b: Gholdengo
|-damage|p1b: Gholdengo|69/100
|-unboost|p1b: Gholdengo|spa|1
|
|-damage|p2b: Milotic|27/100 psn|[from] psn
|-sideend|p1: Okami_6|move: Tailwind
|upkeep
|turn|5
|inactive|MAF1010 has 30 seconds left.
|
|t:|1756613365
|move|p1b: Gholdengo|Shadow Ball|p2b: Milotic
|-damage|p2b: Milotic|0 fnt
|faint|p2b: Milotic
|move|p2a: Archaludon|Snarl|p1b: Gholdengo
|-damage|p1b: Gholdengo|38/100
|-unboost|p1b: Gholdengo|spa|1
|
|upkeep
|turn|6
|
|t:|1756613375
|move|p1b: Gholdengo|Shadow Ball|p2a: Archaludon
|-damage|p2a: Archaludon|55/100
|-unboost|p2a: Archaludon|spd|1
|-ability|p2a: Archaludon|Stamina|boost
|-boost|p2a: Archaludon|def|1
|move|p2a: Archaludon|Snarl|p1b: Gholdengo
|-damage|p1b: Gholdengo|7/100
|-unboost|p1b: Gholdengo|spa|1
|
|upkeep
|turn|7
|
|t:|1756613386
|move|p1b: Gholdengo|Shadow Ball|p2a: Archaludon
|-damage|p2a: Archaludon|0 fnt
|faint|p2a: Archaludon
|
|win|Okami_6
|raw|Okami_6's rating: 1045 → 1082(+37 for winning)
|raw|MAF1010's rating: 1087 → 1061(-26 for losing)
|c|☆Okami_6|LOL
|c|☆MAF1010|Fake
|c|☆Okami_6|nah dont build a shitty ass team
|c|☆Okami_6|protect on only one mon man
|l|☆MAF1010
|player|p2|
