|j|☆capacete5
|j|☆AnotherDreamer
|html|capacete5AnotherDreamer    
|uhtml|bestof|Game 2 of a best-of-3
|t:|1782215180
|gametype|doubles
|player|p1|capacete5|byron|1090
|player|p2|AnotherDreamer|170|1143
|gen|9
|tier|[Gen 9 Champions] VGC 2026 Reg M-B (Bo3)
|rated|
|rule|Species Clause: Limit one of each Pokémon
|rule|Item Clause: Limit 1 of each item
|clearpoke
|poke|p1|Aerodactyl, L50, M|
|poke|p1|Garchomp, L50, M|
|poke|p1|Kingambit, L50, M|
|poke|p1|Farigiraf, L50, F|
|poke|p1|Sylveon, L50, F|
|poke|p1|Charizard, L50, M|
|poke|p2|Sceptile, L50, F|
|poke|p2|Rotom-Heat, L50|
|poke|p2|Aerodactyl, L50, M|
|poke|p2|Basculegion, L50, M|
|poke|p2|Kingambit, L50, F|
|poke|p2|Clefable, L50, M|
|teampreview|4
|showteam|p1|Aerodactyl||Aerodactylite|Unnerve|RockSlide,IceFang,DualWingbeat,Tailwind|Jolly||M|||50|]Garchomp||LifeOrb|RoughSkin|Protect,DragonClaw,Earthquake,StompingTantrum|Adamant||M|||50|]Kingambit||FocusSash|Defiant|LowKick,IronHead,SuckerPunch,Protect|Adamant||M|||50|]Farigiraf||SitrusBerry|ArmorTail|HelpingHand,Psychic,TrickRoom,EnergyBall|Bold||F|||50|]Sylveon||FairyFeather|Pixilate|HyperVoice,Protect,HyperBeam,QuickAttack|Bold||F|||50|]Charizard||CharizarditeY|Blaze|HeatWave,WeatherBall,SolarBeam,Protect|Modest||M|||50|
|showteam|p2|Sceptile||Sceptilite|Overgrow|EnergyBall,DragonPulse,EarthPower,Protect|Timid||F|||50|]Rotom-Heat||ChoiceScarf|Levitate|Overheat,VoltSwitch,Discharge,Trick|Timid|||||50|]Aerodactyl||FocusSash|Unnerve|RockSlide,DualWingbeat,Tailwind,Protect|Jolly||M|||50|]Basculegion||LifeOrb|Adaptability|WaveCrash,LastRespects,AquaJet,Protect|Adamant||M|||50|]Kingambit||ChopleBerry|Defiant|KowtowCleave,IronHead,SuckerPunch,LowKick|Adamant||F|||50|]Clefable||SitrusBerry|Unaware|Moonblast,HelpingHand,FollowMe,Protect|Bold||M|||50|
|inactive|Battle timer is ON: inactive players will automatically lose when time's up. (requested by AnotherDreamer)
|inactive|capacete5 also wants the timer to be on.
|inactive|capacete5 has 60 seconds left.
|inactive|capacete5 has 30 seconds left.
|inactive|capacete5 has 20 seconds left.
|inactive|capacete5 has 15 seconds left.
|inactive|capacete5 has 10 seconds left.
|
|t:|1782215261
|teamsize|p1|4
|teamsize|p2|4
|start
|switch|p1a: Farigiraf|Farigiraf, L50, F|100/100
|switch|p1b: Sylveon|Sylveon, L50, F|100/100
|switch|p2a: Rotom|Rotom-Heat, L50|100/100
|switch|p2b: Sceptile|Sceptile, L50, F|100/100
|turn|1
|
|t:|1782215275
|detailschange|p2b: Sceptile|Sceptile-Mega, L50, F
|-mega|p2b: Sceptile|Sceptile|Sceptilite
|move|p2a: Rotom|Discharge|p1b: Sylveon|[spread] p1a,p1b
|-ability|p2b: Sceptile|Lightning Rod|boost
|-boost|p2b: Sceptile|spa|1
|-crit|p1a: Farigiraf
|-damage|p1a: Farigiraf|54/100
|-damage|p1b: Sylveon|79/100
|move|p2b: Sceptile|Energy Ball|p1b: Sylveon
|-damage|p1b: Sylveon|22/100
|move|p1b: Sylveon|Hyper Voice|p2a: Rotom|[spread] p2a,p2b
|-resisted|p2a: Rotom|1
|-supereffective|p2b: Sceptile|1
|-damage|p2a: Rotom|74/100
|-damage|p2b: Sceptile|0 fnt
|faint|p2b: Sceptile
|move|p1a: Farigiraf|Trick Room|p1a: Farigiraf
|-fieldstart|move: Trick Room|[of] p1a: Farigiraf
|
|upkeep
|
|t:|1782215285
|switch|p2b: Kingambit|Kingambit, L50, F|100/100
|turn|2
|
|t:|1782215304
|switch|p2a: Basculegion|Basculegion, L50, M|100/100
|move|p1b: Sylveon|Protect|p1b: Sylveon
|-singleturn|p1b: Sylveon|Protect
|move|p1a: Farigiraf|Psychic|p2a: Basculegion
|-damage|p2a: Basculegion|61/100
|move|p2b: Kingambit|Iron Head|p1b: Sylveon
|-activate|p1b: Sylveon|move: Protect
|
|upkeep
|turn|3
|inactive|capacete5 has 30 seconds left.
|
|t:|1782215331
|move|p1b: Sylveon|Quick Attack|p2b: Kingambit
|-damage|p2b: Kingambit|89/100
|move|p1a: Farigiraf|Psychic|p2a: Basculegion
|-damage|p2a: Basculegion|18/100
|move|p2b: Kingambit|Iron Head|p1b: Sylveon
|-supereffective|p1b: Sylveon|1
|-damage|p1b: Sylveon|0 fnt
|faint|p1b: Sylveon
|move|p2a: Basculegion|Wave Crash|p1a: Farigiraf
|-damage|p1a: Farigiraf|0 fnt
|faint|p1a: Farigiraf
|-damage|p2a: Basculegion|0 fnt|[from] Recoil
|faint|p2a: Basculegion
|
|upkeep
|inactive|capacete5 has 30 seconds left.
|inactive|capacete5 has 20 seconds left.
|inactive|capacete5 has 15 seconds left.
|inactive|capacete5 has 10 seconds left.
|inactive|capacete5 has 5 seconds left.
|
|t:|1782215386
|switch|p1a: Aerodactyl|Aerodactyl, L50, M|100/100
|switch|p1b: Kingambit|Kingambit, L50, M|100/100
|switch|p2a: Rotom|Rotom-Heat, L50|74/100
|-ability|p1a: Aerodactyl|Unnerve
|turn|4
|inactive|capacete5 has 30 seconds left.
|inactive|AnotherDreamer has 30 seconds left.
|inactive|capacete5 has 20 seconds left.
|inactive|capacete5 has 15 seconds left.
|inactive|AnotherDreamer has 20 seconds left.
|inactive|AnotherDreamer has 15 seconds left.
|
|t:|1782215433
|detailschange|p1a: Aerodactyl|Aerodactyl-Mega, L50, M
|-mega|p1a: Aerodactyl|Aerodactyl|Aerodactylite
|move|p1b: Kingambit|Sucker Punch|p2a: Rotom
|-damage|p2a: Rotom|19/100
|move|p2b: Kingambit|Iron Head|p1a: Aerodactyl
|-supereffective|p1a: Aerodactyl|1
|-damage|p1a: Aerodactyl|12/100
|cant|p1a: Aerodactyl|flinch
|move|p2a: Rotom|Overheat|p1b: Kingambit
|-supereffective|p1b: Kingambit|1
|-enditem|p1b: Kingambit|Focus Sash
|-damage|p1b: Kingambit|1/100
|-unboost|p2a: Rotom|spa|2
|
|upkeep
|turn|5
|
|t:|1782215457
|move|p1b: Kingambit|Protect|p1b: Kingambit
|-singleturn|p1b: Kingambit|Protect
|move|p2b: Kingambit|Iron Head|p1b: Kingambit
|-activate|p1b: Kingambit|move: Protect
|move|p1a: Aerodactyl|Tailwind|p1a: Aerodactyl
|-sidestart|p1: capacete5|move: Tailwind
|move|p2a: Rotom|Overheat|p1b: Kingambit
|-activate|p1b: Kingambit|move: Protect
|
|-fieldend|move: Trick Room
|upkeep
|turn|6
|inactive|capacete5 has 30 seconds left.
|
|t:|1782215483
|move|p1b: Kingambit|Sucker Punch|p2a: Rotom
|-damage|p2a: Rotom|0 fnt
|faint|p2a: Rotom
|move|p2b: Kingambit|Sucker Punch||[still]
|-fail|p2b: Kingambit
|move|p1a: Aerodactyl|Tailwind||[still]
|-fail|p1a: Aerodactyl
|
|upkeep
|turn|7
|
|t:|1782215502
|move|p2b: Kingambit|Sucker Punch|p1b: Kingambit
|-resisted|p1b: Kingambit|1
|-damage|p1b: Kingambit|0 fnt
|faint|p1b: Kingambit
|move|p1a: Aerodactyl|Rock Slide|p2b: Kingambit
|-resisted|p2b: Kingambit|1
|-damage|p2b: Kingambit|75/100
|
|upkeep
|turn|8
|c|☆AnotherDreamer|Gg
|
|t:|1782215514
|move|p1a: Aerodactyl|Tailwind||[still]
|-fail|p1a: Aerodactyl
|move|p2b: Kingambit|Iron Head|p1a: Aerodactyl
|-supereffective|p1a: Aerodactyl|1
|-damage|p1a: Aerodactyl|0 fnt
|faint|p1a: Aerodactyl
|
|win|AnotherDreamer
|raw|capacete5's rating: 1090 → 1070(-20 for losing)
|raw|AnotherDreamer's rating: 1143 → 1164(+21 for winning)
