|j|☆Le P VGC
|j|☆hackervgc
|html|Le P VGChackervgc    
|uhtml|bestof|Game 1 of a best-of-3
|t:|1757931299
|gametype|doubles
|player|p1|Le P VGC|lucian|1234
|player|p2|hackervgc|102|1206
|gen|9
|tier|[Gen 9] VGC 2025 Reg H (Bo3)
|rated|
|rule|Species Clause: Limit one of each Pokémon
|rule|Item Clause: Limit 1 of each item
|clearpoke
|poke|p1|Talonflame, L50, M|
|poke|p1|Garchomp, L50, M|
|poke|p1|Gholdengo, L50|
|poke|p1|Tyranitar, L50, F|
|poke|p1|Amoonguss, L50, F|
|poke|p1|Milotic, L50, F|
|poke|p2|Sneasler, L50, F|
|poke|p2|Magmar, L50, M|
|poke|p2|Dragonite, L50, F|
|poke|p2|Kingambit, L50, F|
|poke|p2|Ursaluna-Bloodmoon, L50, M|
|poke|p2|Farigiraf, L50, M|
|teampreview|4
|showteam|p1|Talonflame||CovertCloak|GaleWings|Tailwind,BraveBird,WillOWisp,Taunt|||M|||50|,,,,,Ghost]Garchomp||LifeOrb|RoughSkin|Earthquake,Protect,StompingTantrum,DragonClaw|||M|||50|,,,,,Steel]Gholdengo||ChoiceSpecs|GoodasGold|MakeItRain,Trick,ShadowBall,PowerGem||||||50|,,,,,Steel]Tyranitar||AssaultVest|SandStream|RockSlide,TeraBlast,KnockOff,LowKick|||F|||50|,,,,,Flying]Amoonguss||SitrusBerry|Regenerator|RagePowder,Protect,Spore,PollenPuff|||F|||50|,,,,,Water]Milotic||SafetyGoggles|Competitive|Scald,IcyWind,Protect,Haze|||F|||50|,,,,,Dragon
|showteam|p2|Sneasler||FocusSash|Unburden|CloseCombat,Coaching,DireClaw,Protect|||F|||50|,,,,,Stellar]Magmar||Eviolite|VitalSpirit|Flamethrower,WillOWisp,Protect,FollowMe|||M|||50|,,,,,Fairy]Dragonite||LoadedDice|Multiscale|ScaleShot,Protect,Tailwind,Haze|||F|||50|,,,,,Fairy]Kingambit||BlackGlasses|Defiant|KowtowCleave,SuckerPunch,SwordsDance,Protect|||F|||50|,,,,,Dark]Ursaluna-Bloodmoon||LifeOrb|MindsEye|BloodMoon,HyperVoice,EarthPower,Protect|||M|||50|,,,,,Normal]Farigiraf||SitrusBerry|ArmorTail|TrickRoom,HelpingHand,Psychic,Protect|||M|||50|,,,,,Water
|inactive|Battle timer is ON: inactive players will automatically lose when time's up. (requested by Le P VGC)
|
|t:|1757931345
|teamsize|p1|4
|teamsize|p2|4
|start
|switch|p1a: Talonflame|Talonflame, L50, M|100/100
|switch|p1b: Gholdengo|Gholdengo, L50|100/100
|switch|p2a: Ursaluna|Ursaluna-Bloodmoon, L50, M|100/100
|switch|p2b: Magmar|Magmar, L50, M|100/100
|turn|1
|
|t:|1757931365
|-terastallize|p1b: Gholdengo|Steel
|move|p2a: Ursaluna|Protect|p2a: Ursaluna
|-singleturn|p2a: Ursaluna|Protect
|move|p1a: Talonflame|Taunt|p2b: Magmar
|-start|p2b: Magmar|move: Taunt
|move|p1b: Gholdengo|Make It Rain|p2b: Magmar|[spread] p2b
|-activate|p2a: Ursaluna|move: Protect
|-resisted|p2b: Magmar
|-damage|p2b: Magmar|69/100
|-unboost|p1b: Gholdengo|spa|1
|move|p2b: Magmar|Flamethrower|p1b: Gholdengo
|-supereffective|p1b: Gholdengo
|-damage|p1b: Gholdengo|23/100
|-status|p1b: Gholdengo|brn
|
|-damage|p1b: Gholdengo|17/100 brn|[from] brn
|upkeep
|turn|2
|inactive|hackervgc has 30 seconds left.
|
|t:|1757931391
|move|p1a: Talonflame|Tailwind|p1a: Talonflame
|-sidestart|p1: Le P VGC|move: Tailwind
|move|p1b: Gholdengo|Make It Rain|p2b: Magmar|[spread] p2a,p2b
|-resisted|p2b: Magmar
|-damage|p2a: Ursaluna|31/100
|-damage|p2b: Magmar|49/100
|-unboost|p1b: Gholdengo|spa|1
|move|p2b: Magmar|Flamethrower|p1a: Talonflame
|-resisted|p1a: Talonflame
|-damage|p1a: Talonflame|81/100
|move|p2a: Ursaluna|Blood Moon|p1a: Talonflame
|-damage|p1a: Talonflame|0 fnt
|faint|p1a: Talonflame
|-damage|p2a: Ursaluna|21/100|[from] item: Life Orb
|
|-damage|p1b: Gholdengo|10/100 brn|[from] brn
|upkeep
|
|t:|1757931398
|switch|p1a: Garchomp|Garchomp, L50, M|100/100
|turn|3
|
|t:|1757931406
|move|p2a: Ursaluna|Protect|p2a: Ursaluna
|-singleturn|p2a: Ursaluna|Protect
|move|p1a: Garchomp|Earthquake|p2a: Ursaluna|[spread] p1b,p2b
|-activate|p2a: Ursaluna|move: Protect
|-supereffective|p1b: Gholdengo
|-supereffective|p2b: Magmar
|-damage|p1b: Gholdengo|0 fnt
|-damage|p2b: Magmar|0 fnt
|faint|p1b: Gholdengo
|faint|p2b: Magmar
|-damage|p1a: Garchomp|91/100|[from] item: Life Orb
|
|upkeep
|
|t:|1757931413
|switch|p1b: Amoonguss|Amoonguss, L50, F|100/100
|switch|p2b: Dragonite|Dragonite, L50, F|100/100
|turn|4
|
|t:|1757931434
|-terastallize|p2b: Dragonite|Fairy
|move|p1a: Garchomp|Dragon Claw|p2a: Ursaluna
|-damage|p2a: Ursaluna|0 fnt
|faint|p2a: Ursaluna
|-damage|p1a: Garchomp|81/100|[from] item: Life Orb
|move|p2b: Dragonite|Scale Shot|p1a: Garchomp
|-supereffective|p1a: Garchomp
|-damage|p1a: Garchomp|55/100
|-supereffective|p1a: Garchomp
|-damage|p1a: Garchomp|25/100
|-supereffective|p1a: Garchomp
|-damage|p1a: Garchomp|0 fnt
|faint|p1a: Garchomp
|-hitcount|p1: Garchomp|3
|-unboost|p2b: Dragonite|def|1
|-boost|p2b: Dragonite|spe|1
|move|p1b: Amoonguss|Spore|p2b: Dragonite
|-status|p2b: Dragonite|slp|[from] move: Spore
|
|upkeep
|
|t:|1757931449
|switch|p2a: Sneasler|Sneasler, L50, F|100/100
|turn|5
|-message|Le P VGC forfeited.
|
|win|hackervgc
|l|☆Le P VGC
|player|p1|
||Le P VGC is ready for game 2.
||hackervgc is ready for game 2.
|uhtml|next|Next: Game 2 of 3
|l|☆hackervgc
|player|p2|
