|j|☆tang de maracuja
|j|☆Pointee
|html|tang de maracujaPointee    
|uhtml|bestof|Game 2 of a best-of-3
|t:|1785258759
|gametype|doubles
|player|p1|tang de maracuja|morty|1352
|player|p2|Pointee|wallace-masters|1335
|gen|9
|tier|[Gen 9 Champions] VGC 2026 Reg M-B (Bo3)
|rated|
|rule|Species Clause: Limit one of each Pokémon
|rule|Item Clause: Limit 1 of each item
|clearpoke
|poke|p1|Froslass, L50, F|
|poke|p1|Basculegion, L50, M|
|poke|p1|Kingambit, L50, F|
|poke|p1|Sneasler, L50, M|
|poke|p1|Lycanroc-Dusk, L50, F|
|poke|p1|Scovillain, L50, M, shiny|
|poke|p2|Sinistcha, L50|
|poke|p2|Incineroar, L50, F|
|poke|p2|Raichu, L50, M|
|poke|p2|Skarmory, L50, M|
|poke|p2|Milotic, L50, F|
|poke|p2|Ceruledge, L50, M|
|teampreview|4
|showteam|p1|Froslass||Froslassite|CursedBody|Blizzard,ShadowBall,AuroraVeil,Protect|Timid||F|||50|]Basculegion||SitrusBerry|Adaptability|WaveCrash,LastRespects,AquaJet,Protect|Adamant||M|||50|]Kingambit||BlackGlasses|Defiant|KowtowCleave,SuckerPunch,SwordsDance,Protect|Adamant||F|||50|]Sneasler||WhiteHerb|Unburden|CloseCombat,GunkShot,Protect,FakeOut|Adamant||M|||50|]Lycanroc-Dusk||FocusSash|ToughClaws|CloseCombat,Accelerock,RockSlide,Protect|Adamant||F|||50|]Scovillain||Scovillainite|Moody|GigaDrain,Overheat,RagePowder,Protect|Bold||M|||50|
|showteam|p2|Sinistcha||KasibBerry|Hospitality|MatchaGotcha,TrickRoom,RagePowder,Protect|Bold|||||50|]Incineroar||Charcoal|Intimidate|FlareBlitz,ThroatChop,FakeOut,PartingShot|Adamant||F|||50|]Raichu||RaichuniteY|LightningRod|ZapCannon,FocusBlast,FakeOut,Protect|Hasty||M|||50|]Skarmory||Skarmorite|Sturdy|SwordsDance,IronHead,BraveBird,Protect|Jolly||M|||50|]Milotic||Leftovers|Competitive|Coil,MuddyWater,Hypnosis,Protect|Calm||F|||50|]Ceruledge||ColburBerry|FlashFire|BulkUp,ShadowSneak,BitterBlade,Protect|Adamant||M|||50|
|inactive|Battle timer is ON: inactive players will automatically lose when time's up. (requested by tang de maracuja)
|inactive|tang de maracuja has 60 seconds left.
|
|t:|1785258796
|teamsize|p1|4
|teamsize|p2|4
|start
|switch|p1a: Lycanroc|Lycanroc-Dusk, L50, F|100/100
|switch|p1b: Scovillain|Scovillain, L50, M, shiny|100/100
|switch|p2a: Skarmory|Skarmory, L50, M|100/100
|switch|p2b: Incineroar|Incineroar, L50, F|100/100
|-ability|p2b: Incineroar|Intimidate|boost
|-unboost|p1a: Lycanroc|atk|1
|-unboost|p1b: Scovillain|atk|1
|turn|1
|inactive|Pointee has 30 seconds left.
|
|t:|1785258822
|detailschange|p2a: Skarmory|Skarmory-Mega, L50, M
|-mega|p2a: Skarmory|Skarmory|Skarmorite
|detailschange|p1b: Scovillain|Scovillain-Mega, L50, M, shiny
|-mega|p1b: Scovillain|Scovillain|Scovillainite
|move|p2b: Incineroar|Fake Out|p1b: Scovillain
|-damage|p1b: Scovillain|86/100
|-immune|p2b: Incineroar
|move|p2a: Skarmory|Swords Dance|p2a: Skarmory
|-boost|p2a: Skarmory|atk|2
|move|p1a: Lycanroc|Rock Slide|p2b: Incineroar|[spread] p2a,p2b
|-supereffective|p2b: Incineroar|1
|-damage|p2a: Skarmory|74/100
|-damage|p2b: Incineroar|64/100
|cant|p1b: Scovillain|flinch
|
|upkeep
|turn|2
|inactive|Pointee has 30 seconds left.
|
|t:|1785258848
|switch|p2b: Sinistcha|Sinistcha, L50|100/100
|-heal|p2a: Skarmory|99/100|[from] ability: Hospitality|[of] p2b: Sinistcha
|move|p2a: Skarmory|Brave Bird|p1b: Scovillain
|-supereffective|p1b: Scovillain|1
|-damage|p1b: Scovillain|0 fnt
|-status|p2a: Skarmory|brn|[from] ability: Spicy Spray|[of] p1b: Scovillain
|faint|p1b: Scovillain
|-damage|p2a: Skarmory|64/100 brn|[from] Recoil
|move|p1a: Lycanroc|Rock Slide|p2b: Sinistcha|[spread] 
|-miss|p1a: Lycanroc|p2a: Skarmory
|-miss|p1a: Lycanroc|p2b: Sinistcha
|
|-damage|p2a: Skarmory|59/100 brn|[from] brn
|upkeep
|
|t:|1785258858
|switch|p1b: Kingambit|Kingambit, L50, F|100/100
|turn|3
|
|t:|1785258875
|switch|p1a: Sneasler|Sneasler, L50, M|100/100
|move|p2a: Skarmory|Iron Head|p1a: Sneasler
|-damage|p1a: Sneasler|45/100
|move|p2b: Sinistcha|Matcha Gotcha|p1a: Sneasler|[spread] p1a,p1b
|-resisted|p1a: Sneasler|1
|-resisted|p1b: Kingambit|1
|-damage|p1a: Sneasler|32/100
|-damage|p1b: Kingambit|86/100
|-status|p1a: Sneasler|brn
|move|p1b: Kingambit|Swords Dance|p1b: Kingambit
|-boost|p1b: Kingambit|atk|2
|
|-damage|p2a: Skarmory|53/100 brn|[from] brn
|-damage|p1a: Sneasler|26/100 brn|[from] brn
|upkeep
|turn|4
|
|t:|1785258897
|move|p1a: Sneasler|Fake Out|p2a: Skarmory
|-resisted|p2a: Skarmory|1
|-damage|p2a: Skarmory|50/100y brn
|cant|p2a: Skarmory|flinch
|move|p2b: Sinistcha|Matcha Gotcha|p1b: Kingambit|[spread] p1a,p1b
|-resisted|p1a: Sneasler|1
|-resisted|p1b: Kingambit|1
|-damage|p1a: Sneasler|13/100 brn
|-damage|p1b: Kingambit|75/100
|move|p1b: Kingambit|Kowtow Cleave|p2b: Sinistcha
|-supereffective|p2b: Sinistcha|1
|-damage|p2b: Sinistcha|0 fnt
|faint|p2b: Sinistcha
|
|-damage|p2a: Skarmory|44/100 brn|[from] brn
|-damage|p1a: Sneasler|7/100 brn|[from] brn
|upkeep
|
|t:|1785258912
|switch|p2b: Ceruledge|Ceruledge, L50, M|100/100
|turn|5
|
|t:|1785258932
|move|p1b: Kingambit|Protect|p1b: Kingambit
|-singleturn|p1b: Kingambit|Protect
|move|p2a: Skarmory|Swords Dance|p2a: Skarmory
|-boost|p2a: Skarmory|atk|2
|move|p1a: Sneasler|Gunk Shot|p2b: Ceruledge
|-resisted|p2b: Ceruledge|1
|-damage|p2b: Ceruledge|82/100
|move|p2b: Ceruledge|Bitter Blade|p1b: Kingambit
|-activate|p1b: Kingambit|move: Protect
|
|-damage|p2a: Skarmory|38/100 brn|[from] brn
|-damage|p1a: Sneasler|1/100 brn|[from] brn
|upkeep
|turn|6
|inactive|tang de maracuja has 30 seconds left.
|inactive|Pointee has 30 seconds left.
|inactive|tang de maracuja has 20 seconds left.
|inactive|Pointee has 20 seconds left.
|inactive|Pointee has 15 seconds left.
|
|t:|1785258973
|move|p1b: Kingambit|Sucker Punch|p2b: Ceruledge
|-supereffective|p2b: Ceruledge|1
|-enditem|p2b: Ceruledge|Colbur Berry|[eat]
|-enditem|p2b: Ceruledge|Colbur Berry|[weaken]
|-damage|p2b: Ceruledge|0 fnt
|faint|p2b: Ceruledge
|move|p2a: Skarmory|Iron Head|p1a: Sneasler
|-damage|p1a: Sneasler|0 fnt
|faint|p1a: Sneasler
|
|-damage|p2a: Skarmory|33/100 brn|[from] brn
|upkeep
|
|t:|1785258977
|switch|p1a: Lycanroc|Lycanroc-Dusk, L50, F|100/100
|switch|p2b: Incineroar|Incineroar, L50, F|64/100
|-ability|p2b: Incineroar|Intimidate|boost
|-unboost|p1a: Lycanroc|atk|1
|-unboost|p1b: Kingambit|atk|1
|-ability|p1b: Kingambit|Defiant|boost
|-boost|p1b: Kingambit|atk|2
|turn|7
|c|☆tang de maracuja|gg
|c|☆Pointee|gg
|inactive|Pointee has 30 seconds left.
|inactive|Pointee has 20 seconds left.
|inactive|Pointee has 15 seconds left.
|
|t:|1785259021
|move|p1a: Lycanroc|Protect|p1a: Lycanroc
|-singleturn|p1a: Lycanroc|Protect
|move|p1b: Kingambit|Protect|p1b: Kingambit
|-singleturn|p1b: Kingambit|Protect
|move|p2a: Skarmory|Iron Head|p1a: Lycanroc
|-activate|p1a: Lycanroc|move: Protect
|move|p2b: Incineroar|Flare Blitz|p1b: Kingambit
|-activate|p1b: Kingambit|move: Protect
|
|-damage|p2a: Skarmory|27/100 brn|[from] brn
|upkeep
|turn|8
|inactive|Pointee has 30 seconds left.
|
|t:|1785259055
|move|p1b: Kingambit|Sucker Punch||[still]
|-fail|p1b: Kingambit
|move|p2a: Skarmory|Brave Bird|p1b: Kingambit
|-resisted|p1b: Kingambit|1
|-damage|p1b: Kingambit|40/100
|-damage|p2a: Skarmory|10/100 brn|[from] Recoil
|move|p1a: Lycanroc|Close Combat|p2b: Incineroar
|-supereffective|p2b: Incineroar|1
|-damage|p2b: Incineroar|0 fnt
|-unboost|p1a: Lycanroc|def|1
|-unboost|p1a: Lycanroc|spd|1
|faint|p2b: Incineroar
|
|-damage|p2a: Skarmory|4/100 brn|[from] brn
|upkeep
|turn|9
|-message|Pointee forfeited.
|
|win|tang de maracuja
