|j|☆natsukivgc
|j|☆jotikun
|html|natsukivgcjotikun    
|uhtml|bestof|Game 3 of a best-of-3
|t:|1786014776
|gametype|doubles
|player|p1|natsukivgc|101|
|player|p2|jotikun|depotagent|
|gen|9
|tier|[Gen 9 Champions] VGC 2026 Reg M-B (Bo3)
|rule|Species Clause: Limit one of each Pokémon
|rule|Item Clause: Limit 1 of each item
|clearpoke
|poke|p1|Garchomp, L50, M|
|poke|p1|Venusaur, L50, F|
|poke|p1|Incineroar, L50, F|
|poke|p1|Charizard, L50, F|
|poke|p1|Toxapex, L50, F|
|poke|p1|Annihilape, L50, F|
|poke|p2|Eelektross, L50, M|
|poke|p2|Espathra, L50, F|
|poke|p2|Garchomp, L50, F|
|poke|p2|Maushold-Four, L50|
|poke|p2|Aerodactyl, L50, F|
|poke|p2|Ninetales-Alola, L50, F|
|teampreview|4
|showteam|p1|Garchomp||ChoiceScarf|RoughSkin|Earthquake,DragonClaw,StompingTantrum,RockSlide|Adamant||M|||50|]Venusaur||LifeOrb|Chlorophyll|SolarBeam,SludgeBomb,EarthPower,Protect|Modest||F|||50|]Incineroar||SitrusBerry|Intimidate|FlareBlitz,ThroatChop,FakeOut,PartingShot|Impish||F|||50|]Charizard||CharizarditeY|Blaze|HeatWave,WeatherBall,Protect,SolarBeam|Modest||F|||50|]Toxapex||Leftovers|Regenerator|Infestation,Toxic,WideGuard,BanefulBunker|Bold||F|||50|]Annihilape||FocusSash|Defiant|CloseCombat,PhantomForce,RockTomb,Protect|Jolly||F|||50|
|showteam|p2|Eelektross||Eelektrossite|Levitate|Discharge,Flamethrower,GigaDrain,Protect|Modest||M|||50|]Espathra||SitrusBerry|SpeedBoost|CalmMind,BatonPass,Protect,LuminaCrash|Modest||F|||50|]Garchomp||LifeOrb|RoughSkin|Earthquake,RockSlide,DragonClaw,Protect|Jolly||F|||50|]Maushold-Four||FocusSash|FriendGuard|FollowMe,Protect,ThunderWave,Taunt|Timid|||||50|]Aerodactyl||WideLens|Unnerve|RockSlide,DualWingbeat,Tailwind,Protect|Jolly||F|||50|]Ninetales-Alola||LightClay|SnowWarning|AuroraVeil,Blizzard,IcyWind,Protect|Timid||F|||50|
|
|t:|1786014874
|teamsize|p1|4
|teamsize|p2|4
|start
|switch|p1a: Toxapex|Toxapex, L50, F|100/100
|switch|p1b: Charizard|Charizard, L50, F|100/100
|switch|p2a: Aerodactyl|Aerodactyl, L50, F|100/100
|switch|p2b: Maushold|Maushold-Four, L50|100/100
|-ability|p2a: Aerodactyl|Unnerve
|turn|1
|
|t:|1786014900
|move|p2a: Aerodactyl|Protect|p2a: Aerodactyl
|-singleturn|p2a: Aerodactyl|Protect
|move|p1b: Charizard|Protect|p1b: Charizard
|-singleturn|p1b: Charizard|Protect
|move|p2b: Maushold|Taunt|p1a: Toxapex
|-start|p1a: Toxapex|move: Taunt
|move|p1a: Toxapex|Infestation|p2b: Maushold
|-damage|p2b: Maushold|96/100
|-activate|p2b: Maushold|move: Infestation|[of] p1a: Toxapex
|
|-damage|p2b: Maushold|83/100|[from] move: Infestation|[partiallytrapped]
|upkeep
|turn|2
|
|t:|1786014989
|switch|p1a: Incineroar|Incineroar, L50, F|100/100
|-ability|p1a: Incineroar|Intimidate|boost
|-unboost|p2a: Aerodactyl|atk|1
|-unboost|p2b: Maushold|atk|1
|detailschange|p1b: Charizard|Charizard-Mega-Y, L50, F
|-mega|p1b: Charizard|Charizard|Charizardite Y
|-weather|SunnyDay|[from] ability: Drought|[of] p1b: Charizard
|move|p2a: Aerodactyl|Rock Slide|p1b: Charizard|[spread] p1a,p1b
|-supereffective|p1a: Incineroar|1
|-supereffective|p1b: Charizard|2
|-damage|p1a: Incineroar|76/100
|-damage|p1b: Charizard|40/100
|move|p2b: Maushold|Thunder Wave|p1a: Incineroar
|-status|p1a: Incineroar|par
|move|p1b: Charizard|Heat Wave|p2b: Maushold|[spread] p2a,p2b
|-resisted|p2a: Aerodactyl|1
|-damage|p2a: Aerodactyl|70/100
|-damage|p2b: Maushold|9/100
|
|-weather|SunnyDay|[upkeep]
|-end|p2b: Maushold|Infestation|[partiallytrapped]|[silent]
|upkeep
|turn|3
|
|t:|1786015136
|switch|p1b: Garchomp|Garchomp, L50, M|100/100
|switch|p1a: Toxapex|Toxapex, L50, F|100/100
|move|p2a: Aerodactyl|Protect|p2a: Aerodactyl
|-singleturn|p2a: Aerodactyl|Protect
|move|p2b: Maushold|Protect||[still]
|-fail|p2b: Maushold
|
|-weather|SunnyDay|[upkeep]
|upkeep
|turn|4
|
|t:|1786015248
|move|p1b: Garchomp|Dragon Claw|p2a: Aerodactyl
|-crit|p2a: Aerodactyl
|-damage|p2a: Aerodactyl|0 fnt
|faint|p2a: Aerodactyl
|move|p2b: Maushold|Thunder Wave|p1a: Toxapex
|-status|p1a: Toxapex|par
|move|p1a: Toxapex|Toxic|p2b: Maushold
|-status|p2b: Maushold|tox
|
|-weather|SunnyDay|[upkeep]
|-damage|p2b: Maushold|3/100 tox|[from] psn
|upkeep
|
|t:|1786015261
|switch|p2a: Garchomp|Garchomp, L50, F|100/100
|turn|5
|
|t:|1786015276
|switch|p1b: Incineroar|Incineroar, L50, F|76/100 par
|-ability|p1b: Incineroar|Intimidate|boost
|-unboost|p2a: Garchomp|atk|1
|-unboost|p2b: Maushold|atk|1
|move|p1a: Toxapex|Baneful Bunker|p1a: Toxapex
|-singleturn|p1a: Toxapex|move: Protect
|move|p2b: Maushold|Follow Me|p2b: Maushold
|-singleturn|p2b: Maushold|move: Follow Me
|move|p2a: Garchomp|Dragon Claw|p1b: Incineroar
|-damage|p1b: Incineroar|47/100 par
|-enditem|p1b: Incineroar|Sitrus Berry|[eat]
|-heal|p1b: Incineroar|72/100 par|[from] item: Sitrus Berry
|-damage|p2a: Garchomp|90/100|[from] item: Life Orb
|
|-weather|SunnyDay|[upkeep]
|-damage|p2b: Maushold|0 fnt|[from] psn
|faint|p2b: Maushold
|upkeep
|
|t:|1786015291
|switch|p2b: Eelektross|Eelektross, L50, M|100/100
|turn|6
|
|t:|1786015327
|detailschange|p2b: Eelektross|Eelektross-Mega, L50, M
|-mega|p2b: Eelektross|Eelektross|Eelektrossite
|move|p1b: Incineroar|Fake Out|p2a: Garchomp
|-damage|p2a: Garchomp|80/100
|-damage|p1b: Incineroar|59/100 par|[from] ability: Rough Skin|[of] p2a: Garchomp
|cant|p2a: Garchomp|flinch
|move|p2b: Eelektross|Giga Drain|p1a: Toxapex
|-damage|p1a: Toxapex|79/100 par
|move|p1a: Toxapex|Toxic|p2b: Eelektross
|-status|p2b: Eelektross|tox
|
|-weather|none
|-heal|p1a: Toxapex|85/100 par|[from] item: Leftovers
|-damage|p2b: Eelektross|93/100 tox|[from] psn
|upkeep
|turn|7
|
|t:|1786015362
|switch|p1b: Charizard|Charizard-Mega-Y, L50, F|40/100
|-weather|SunnyDay|[from] ability: Drought|[of] p1b: Charizard
|cant|p1a: Toxapex|par
|move|p2a: Garchomp|Dragon Claw|p1b: Charizard
|-damage|p1b: Charizard|7/100
|-damage|p2a: Garchomp|70/100|[from] item: Life Orb
|move|p2b: Eelektross|Discharge|p1a: Toxapex|[spread] p1a,p1b
|-immune|p2a: Garchomp
|-supereffective|p1a: Toxapex|1
|-supereffective|p1b: Charizard|1
|-damage|p1a: Toxapex|35/100 par
|-damage|p1b: Charizard|0 fnt
|faint|p1b: Charizard
|-ability|p2b: Eelektross|Eelevate|boost
|-boost|p2b: Eelektross|spa|1
|
|-weather|SunnyDay|[upkeep]
|-heal|p1a: Toxapex|41/100 par|[from] item: Leftovers
|-damage|p2b: Eelektross|81/100 tox|[from] psn
|upkeep
|
|t:|1786015437
|switch|p1b: Incineroar|Incineroar, L50, F|59/100 par
|-ability|p1b: Incineroar|Intimidate|boost
|-unboost|p2a: Garchomp|atk|1
|-unboost|p2b: Eelektross|atk|1
|turn|8
|
|t:|1786015461
|-heal|p1a: Toxapex|74/100 par|[from] ability: Regenerator|[silent]
|switch|p1a: Garchomp|Garchomp, L50, M|100/100
|move|p1b: Incineroar|Fake Out|p2b: Eelektross
|-damage|p2b: Eelektross|71/100 tox
|move|p2a: Garchomp|Earthquake|p1a: Garchomp|[spread] p1a,p1b
|-immune|p2b: Eelektross|[from] ability: Eelevate
|-supereffective|p1b: Incineroar|1
|-damage|p1a: Garchomp|76/100
|-damage|p1b: Incineroar|21/100 par
|-damage|p2a: Garchomp|61/100|[from] item: Life Orb
|cant|p2b: Eelektross|flinch
|
|-weather|SunnyDay|[upkeep]
|-damage|p2b: Eelektross|52/100 tox|[from] psn
|upkeep
|turn|9
|
|t:|1786015514
|move|p1a: Garchomp|Rock Slide|p2b: Eelektross|[spread] p2a,p2b
|-resisted|p2a: Garchomp|1
|-damage|p2a: Garchomp|51/100
|-damage|p2b: Eelektross|33/100 tox
|cant|p2a: Garchomp|flinch
|move|p2b: Eelektross|Discharge|p1b: Incineroar|[spread] p1b
|-immune|p2a: Garchomp
|-immune|p1a: Garchomp
|-crit|p1b: Incineroar
|-damage|p1b: Incineroar|0 fnt
|faint|p1b: Incineroar
|-ability|p2b: Eelektross|Eelevate|boost
|-boost|p2b: Eelektross|spa|1
|
|-weather|SunnyDay|[upkeep]
|-damage|p2b: Eelektross|8/100 tox|[from] psn
|upkeep
|
|t:|1786015528
|switch|p1b: Toxapex|Toxapex, L50, F|74/100 par
|turn|10
|
|t:|1786015555
|move|p1a: Garchomp|Rock Slide|p2a: Garchomp|[spread] p2a,p2b
|-resisted|p2a: Garchomp|1
|-damage|p2a: Garchomp|41/100
|-damage|p2b: Eelektross|0 fnt
|faint|p2b: Eelektross
|cant|p2a: Garchomp|flinch
|cant|p1b: Toxapex|par
|
|-weather|SunnyDay|[upkeep]
|-heal|p1b: Toxapex|80/100 par|[from] item: Leftovers
|upkeep
|turn|11
|
|t:|1786015567
|move|p1a: Garchomp|Rock Slide|p2a: Garchomp|[miss]
|-miss|p1a: Garchomp|p2a: Garchomp
|move|p2a: Garchomp|Dragon Claw|p1a: Garchomp
|-supereffective|p1a: Garchomp|1
|-damage|p1a: Garchomp|27/100
|-damage|p2a: Garchomp|28/100|[from] ability: Rough Skin|[of] p1a: Garchomp
|-damage|p2a: Garchomp|18/100|[from] item: Life Orb
|move|p1b: Toxapex|Infestation|p2a: Garchomp
|-damage|p2a: Garchomp|15/100
|-activate|p2a: Garchomp|move: Infestation|[of] p1b: Toxapex
|-damage|p1b: Toxapex|68/100 par|[from] ability: Rough Skin|[of] p2a: Garchomp
|
|-weather|none
|-heal|p1b: Toxapex|73/100 par|[from] item: Leftovers
|-damage|p2a: Garchomp|2/100|[from] move: Infestation|[partiallytrapped]
|upkeep
|turn|12
|
|t:|1786015585
|move|p1b: Toxapex|Baneful Bunker|p1b: Toxapex
|-singleturn|p1b: Toxapex|move: Protect
|move|p1a: Garchomp|Rock Slide|p2a: Garchomp|[miss]
|-miss|p1a: Garchomp|p2a: Garchomp
|move|p2a: Garchomp|Dragon Claw|p1a: Garchomp
|-supereffective|p1a: Garchomp|1
|-damage|p1a: Garchomp|0 fnt
|-damage|p2a: Garchomp|0 fnt|[from] ability: Rough Skin|[of] p1a: Garchomp
|faint|p1a: Garchomp
|faint|p2a: Garchomp
|
|win|natsukivgc
