|j|☆kid_dee
|j|☆galgith
|html|kid_deegalgith    
|uhtml|bestof|Game 1 of a best-of-3
|t:|1756497740
|gametype|doubles
|player|p1|kid_dee|idol|1151
|player|p2|galgith|steven|1116
|gen|9
|tier|[Gen 9] VGC 2025 Reg H (Bo3)
|rated|
|rule|Species Clause: Limit one of each Pokémon
|rule|Item Clause: Limit 1 of each item
|clearpoke
|poke|p1|Ninetales-Alola, L50, M|
|poke|p1|Garchomp, L50, M|
|poke|p1|Kingambit, L50, M|
|poke|p1|Sneasler, L50, F|
|poke|p1|Magmar, L50, M|
|poke|p1|Metagross, L50|
|poke|p2|Dragapult, L50, M|
|poke|p2|Rillaboom, L50, M|
|poke|p2|Volcarona, L50, F|
|poke|p2|Incineroar, L50, M|
|poke|p2|Primarina, L50, F|
|poke|p2|Gholdengo, L50|
|teampreview|4
|showteam|p1|Ninetales-Alola||NeverMeltIce|SnowWarning|Blizzard,FreezeDry,AuroraVeil,Protect|||M|||50|,,,,,Ice]Garchomp||LifeOrb|RoughSkin|Earthquake,StompingTantrum,DragonClaw,Protect|||M|||50|,,,,,Steel]Kingambit||BlackGlasses|Defiant|KowtowCleave,SwordsDance,SuckerPunch,Protect|||M|||50|,,,,,Flying]Sneasler||FocusSash|PoisonTouch|Coaching,CloseCombat,DireClaw,FakeOut|||F|||50|,,,,,Flying]Magmar||Eviolite|VitalSpirit|Overheat,FireSpin,FollowMe,Protect|||M|||50|,,,,,Flying]Metagross||AssaultVest|ClearBody|HeavySlam,PsychicFangs,StompingTantrum,BulletPunch||||||50|,,,,,Flying
|showteam|p2|Dragapult||ChoiceBand|ClearBody|DragonDarts,PhantomForce,TeraBlast,SuckerPunch|||M|||50|,,,,,Ghost]Rillaboom||AssaultVest|GrassySurge|FakeOut,GrassyGlide,WoodHammer,Uturn|||M|||50|,,,,,Fire]Volcarona||SitrusBerry|FlameBody|StruggleBug,RagePowder,FieryDance,Tailwind|||F|||50|,,,,,Water]Incineroar||SafetyGoggles|Intimidate|FakeOut,PartingShot,KnockOff,WillOWisp|||M|||50|,,,,,Bug]Primarina||ThroatSpray|LiquidVoice|HyperVoice,Moonblast,Protect,Haze|||F|||50|,,,,,Steel]Gholdengo||MetalCoat|GoodasGold|ShadowBall,MakeItRain,NastyPlot,Protect||||||50|,,,,,Dragon
|inactive|Battle timer is ON: inactive players will automatically lose when time's up. (requested by galgith)
|
|t:|1756497791
|teamsize|p1|4
|teamsize|p2|4
|start
|switch|p1a: Sneasler|Sneasler, L50, F|100/100
|switch|p1b: Metagross|Metagross, L50|100/100
|switch|p2a: Volcarona|Volcarona, L50, F|100/100
|switch|p2b: Gholdengo|Gholdengo, L50|100/100
|turn|1
|inactive|kid_dee has 30 seconds left.
|inactive|galgith has 30 seconds left.
|inactive|galgith has 20 seconds left.
|inactive|galgith has 15 seconds left.
|inactive|galgith has 10 seconds left.
|
|t:|1756497837
|-terastallize|p2a: Volcarona|Water
|move|p1a: Sneasler|Fake Out|p2a: Volcarona
|-damage|p2a: Volcarona|85/100
|-status|p1a: Sneasler|brn|[from] ability: Flame Body|[of] p2a: Volcarona
|move|p2b: Gholdengo|Nasty Plot|p2b: Gholdengo
|-boost|p2b: Gholdengo|spa|2
|cant|p2a: Volcarona|flinch
|move|p1b: Metagross|Stomping Tantrum|p2b: Gholdengo
|-supereffective|p2b: Gholdengo
|-damage|p2b: Gholdengo|41/100
|
|-damage|p1a: Sneasler|95/100 brn|[from] brn
|upkeep
|turn|2
|inactive|kid_dee has 30 seconds left.
|inactive|kid_dee has 20 seconds left.
|inactive|kid_dee has 15 seconds left.
|inactive|kid_dee has 10 seconds left.
|inactive|galgith has 30 seconds left.
|
|t:|1756497889
|move|p1a: Sneasler|Coaching|p1b: Metagross
|-boost|p1b: Metagross|atk|1
|-boost|p1b: Metagross|def|1
|move|p2b: Gholdengo|Shadow Ball|p1b: Metagross
|-supereffective|p1b: Metagross
|-damage|p1b: Metagross|0 fnt
|faint|p1b: Metagross
|move|p2a: Volcarona|Fiery Dance|p1a: Sneasler
|-damage|p1a: Sneasler|39/100 brn
|
|-damage|p1a: Sneasler|33/100 brn|[from] brn
|upkeep
|
|t:|1756497908
|switch|p1b: Kingambit|Kingambit, L50, M|100/100
|turn|3
|inactive|kid_dee has 30 seconds left.
|inactive|kid_dee has 20 seconds left.
|
|t:|1756497944
|move|p2b: Gholdengo|Protect|p2b: Gholdengo
|-singleturn|p2b: Gholdengo|Protect
|move|p1b: Kingambit|Protect|p1b: Kingambit
|-singleturn|p1b: Kingambit|Protect
|move|p1a: Sneasler|Dire Claw|p2a: Volcarona
|-damage|p2a: Volcarona|62/100
|-status|p2a: Volcarona|psn|[from] ability: Poison Touch|[of] p1a: Sneasler
|move|p2a: Volcarona|Fiery Dance|p1b: Kingambit
|-activate|p1b: Kingambit|move: Protect
|
|-damage|p2a: Volcarona|50/100 psn|[from] psn
|-damage|p1a: Sneasler|27/100 brn|[from] brn
|upkeep
|-enditem|p2a: Volcarona|Sitrus Berry|[eat]
|-heal|p2a: Volcarona|74/100 psn|[from] item: Sitrus Berry
|turn|4
|inactive|kid_dee has 30 seconds left.
|inactive|galgith has 30 seconds left.
|inactive|kid_dee has 20 seconds left.
|inactive|kid_dee has 15 seconds left.
|inactive|kid_dee has 10 seconds left.
|
|t:|1756497991
|move|p1b: Kingambit|Sucker Punch||[still]
|-fail|p1b: Kingambit
|move|p1a: Sneasler|Coaching|p1b: Kingambit
|-boost|p1b: Kingambit|atk|1
|-boost|p1b: Kingambit|def|1
|move|p2b: Gholdengo|Nasty Plot|p2b: Gholdengo
|-boost|p2b: Gholdengo|spa|2
|move|p2a: Volcarona|Fiery Dance|p1b: Kingambit
|-supereffective|p1b: Kingambit
|-damage|p1b: Kingambit|21/100
|-boost|p2a: Volcarona|spa|1
|
|-damage|p2a: Volcarona|62/100 psn|[from] psn
|-damage|p1a: Sneasler|21/100 brn|[from] brn
|upkeep
|turn|5
|inactive|kid_dee has 30 seconds left.
|inactive|galgith has 30 seconds left.
|
|t:|1756498018
|move|p1b: Kingambit|Protect|p1b: Kingambit
|-singleturn|p1b: Kingambit|Protect
|move|p2a: Volcarona|Rage Powder|p2a: Volcarona
|-singleturn|p2a: Volcarona|move: Rage Powder
|move|p1a: Sneasler|Coaching|p1b: Kingambit
|-boost|p1b: Kingambit|atk|1
|-boost|p1b: Kingambit|def|1
|move|p2b: Gholdengo|Make It Rain|p1b: Kingambit|[spread] p1a
|-activate|p1b: Kingambit|move: Protect
|-damage|p1a: Sneasler|0 fnt
|-unboost|p2b: Gholdengo|spa|1
|faint|p1a: Sneasler
|
|-damage|p2a: Volcarona|50/100 psn|[from] psn
|upkeep
|
|t:|1756498035
|switch|p1a: Ninetales|Ninetales-Alola, L50, M|100/100
|-weather|Snowscape|[from] ability: Snow Warning|[of] p1a: Ninetales
|turn|6
|
|t:|1756498058
|move|p2a: Volcarona|Rage Powder|p2a: Volcarona
|-singleturn|p2a: Volcarona|move: Rage Powder
|move|p1a: Ninetales|Freeze-Dry|p2a: Volcarona
|-supereffective|p2a: Volcarona
|-damage|p2a: Volcarona|1/100 psn
|move|p2b: Gholdengo|Make It Rain|p1a: Ninetales|[spread] p1a,p1b
|-supereffective|p1a: Ninetales
|-resisted|p1b: Kingambit
|-damage|p1a: Ninetales|0 fnt
|-damage|p1b: Kingambit|0 fnt
|-unboost|p2b: Gholdengo|spa|1
|faint|p1a: Ninetales
|faint|p1b: Kingambit
|
|win|galgith
|inactive|kid_dee has 30 seconds to confirm battle start!
|inactive|galgith has 30 seconds to confirm battle start!
||kid_dee is ready for game 2.
||galgith is ready for game 2.
|uhtml|next|Next: Game 2 of 3
