|j|☆bonczy
|j|☆Someoneofficial
|html|bonczySomeoneofficial    
|uhtml|bestof|Game 3 of a best-of-3
|t:|1784152957
|gametype|doubles
|player|p1|bonczy|blue-lgpe|
|player|p2|Someoneofficial|gentleman-gen4|
|gen|9
|tier|[Gen 9 Champions] VGC 2026 Reg M-B (Bo3)
|rule|Species Clause: Limit one of each Pokémon
|rule|Item Clause: Limit 1 of each item
|clearpoke
|poke|p1|Metagross, L50|
|poke|p1|Raichu, L50, F|
|poke|p1|Grimmsnarl, L50, M|
|poke|p1|Sinistcha, L50|
|poke|p1|Basculegion, L50, M|
|poke|p1|Pelipper, L50, M|
|poke|p2|Floette-Eternal, L50, F|
|poke|p2|Grimmsnarl, L50, M, shiny|
|poke|p2|Basculegion, L50, M, shiny|
|poke|p2|Sneasler, L50, M, shiny|
|poke|p2|Garchomp, L50, M, shiny|
|poke|p2|Charizard, L50, M, shiny|
|teampreview|4
|showteam|p1|Metagross||Metagrossite|ClearBody|MeteorMash,ZenHeadbutt,BrickBreak,Protect|Adamant|||||50|]Raichu||RaichuniteY|LightningRod|ZapCannon,Electroweb,FocusBlast,Protect|Timid||F|||50|]Grimmsnarl||LightClay|Prankster|SpiritBreak,SuckerPunch,LightScreen,Reflect|Adamant||M|||50|]Sinistcha||ColburBerry|Hospitality|MatchaGotcha,ShadowBall,LifeDew,Protect|Bold|||||50|]Basculegion||ChoiceScarf|Adaptability|LastRespects,WaveCrash,Liquidation,FlipTurn|Jolly||M|||50|]Pelipper||DampRock|Drizzle|Hurricane,WeatherBall,Tailwind,Protect|Calm||M|||50|
|showteam|p2|Floette-Eternal||Floettite|FlowerVeil|Moonblast,Protect,LightofRuin,DazzlingGleam|Timid||F|||50|]Grimmsnarl||LightClay|Prankster|LightScreen,Reflect,PartingShot,SpiritBreak|Impish||M|||50|]Basculegion||ChoiceScarf|Adaptability|WaveCrash,LastRespects,AquaJet,FlipTurn|Jolly||M|||50|]Sneasler||FocusSash|PoisonTouch|FakeOut,CloseCombat,DireClaw,Protect|Jolly||M|||50|]Garchomp||LifeOrb|RoughSkin|DragonClaw,StompingTantrum,RockSlide,Protect|Jolly||M|||50|]Charizard||CharizarditeY|Blaze|Protect,SolarBeam,WeatherBall,HeatWave|Timid||M|||50|
|
|t:|1784153006
|teamsize|p1|4
|teamsize|p2|4
|start
|switch|p1a: RTX 8090 Ti|Metagross, L50|100/100
|switch|p1b: Basculegion|Basculegion, L50, M|100/100
|switch|p2a: Charizard|Charizard, L50, M, shiny|100/100
|switch|p2b: Sneasler|Sneasler, L50, M, shiny|100/100
|turn|1
|
|t:|1784153035
|switch|p2b: Basculegion|Basculegion, L50, M, shiny|100/100
|detailschange|p1a: RTX 8090 Ti|Metagross-Mega, L50
|-mega|p1a: RTX 8090 Ti|Metagross|Metagrossite
|move|p2a: Charizard|Protect|p2a: Charizard
|-singleturn|p2a: Charizard|Protect
|move|p1a: RTX 8090 Ti|Protect|p1a: RTX 8090 Ti
|-singleturn|p1a: RTX 8090 Ti|Protect
|move|p1b: Basculegion|Flip Turn|p2b: Basculegion
|-resisted|p2b: Basculegion|1
|-damage|p2b: Basculegion|74/100
|
|t:|1784153055
|switch|p1b: Rain Summoner|Pelipper, L50, M|100/100|[from] Flip Turn
|-weather|RainDance|[from] ability: Drizzle|[of] p1b: Rain Summoner
|
|-weather|RainDance|[upkeep]
|upkeep
|turn|2
|
|t:|1784153100
|switch|p1a: Sinistcha|Sinistcha, L50|100/100
|detailschange|p2a: Charizard|Charizard-Mega-Y, L50, M, shiny
|-mega|p2a: Charizard|Charizard|Charizardite Y
|-weather|SunnyDay|[from] ability: Drought|[of] p2a: Charizard
|move|p2b: Basculegion|Last Respects|p1b: Rain Summoner
|-damage|p1b: Rain Summoner|65/100
|move|p2a: Charizard|Heat Wave|p1b: Rain Summoner|[spread] p1b
|-miss|p2a: Charizard|p1a: Sinistcha
|-resisted|p1b: Rain Summoner|1
|-damage|p1b: Rain Summoner|33/100
|move|p1b: Rain Summoner|Tailwind|p1b: Rain Summoner
|-sidestart|p1: bonczy|move: Tailwind
|
|-weather|SunnyDay|[upkeep]
|upkeep
|turn|3
|
|t:|1784153143
|switch|p1b: Basculegion|Basculegion, L50, M|100/100
|move|p2b: Basculegion|Last Respects|p1a: Sinistcha
|-supereffective|p1a: Sinistcha|1
|-damage|p1a: Sinistcha|52/100
|move|p1a: Sinistcha|Life Dew||[still]|[spread] p1a,p1b
|-heal|p1a: Sinistcha|78/100
|-fail|p1b: Basculegion|heal
|move|p2a: Charizard|Solar Beam||[still]
|-prepare|p2a: Charizard|Solar Beam
|-anim|p2a: Charizard|Solar Beam|p1b: Basculegion
|-supereffective|p1b: Basculegion|1
|-damage|p1b: Basculegion|0 fnt
|faint|p1b: Basculegion
|
|-weather|SunnyDay|[upkeep]
|upkeep
|
|t:|1784153155
|switch|p1b: Rain Summoner|Pelipper, L50, M|33/100
|-weather|RainDance|[from] ability: Drizzle|[of] p1b: Rain Summoner
|turn|4
|
|t:|1784153171
|switch|p2a: Garchomp|Garchomp, L50, M, shiny|100/100
|move|p2b: Basculegion|Last Respects|p1a: Sinistcha
|-supereffective|p1a: Sinistcha|1
|-damage|p1a: Sinistcha|30/100
|move|p1a: Sinistcha|Shadow Ball|p2b: Basculegion
|-supereffective|p2b: Basculegion|1
|-damage|p2b: Basculegion|0 fnt
|faint|p2b: Basculegion
|move|p1b: Rain Summoner|Weather Ball|p2a: Garchomp
|-damage|p2a: Garchomp|44/100
|
|-weather|RainDance|[upkeep]
|upkeep
|
|t:|1784153200
|switch|p2b: Sneasler|Sneasler, L50, M, shiny|100/100
|turn|5
|
|t:|1784153294
|move|p2a: Garchomp|Protect|p2a: Garchomp
|-singleturn|p2a: Garchomp|Protect
|move|p2b: Sneasler|Fake Out|p1b: Rain Summoner
|-damage|p1b: Rain Summoner|17/100
|-status|p1b: Rain Summoner|psn|[from] ability: Poison Touch|[of] p2b: Sneasler
|move|p1a: Sinistcha|Life Dew|p1a: Sinistcha|[spread] p1a,p1b
|-heal|p1a: Sinistcha|56/100
|-heal|p1b: Rain Summoner|42/100 psn
|cant|p1b: Rain Summoner|flinch
|
|-weather|RainDance|[upkeep]
|-damage|p1b: Rain Summoner|30/100 psn|[from] psn
|-sideend|p1: bonczy|move: Tailwind
|upkeep
|turn|6
|
|t:|1784153321
|move|p1b: Rain Summoner|Protect|p1b: Rain Summoner
|-singleturn|p1b: Rain Summoner|Protect
|move|p2b: Sneasler|Dire Claw|p1a: Sinistcha
|-damage|p1a: Sinistcha|25/100
|-status|p1a: Sinistcha|par
|move|p2a: Garchomp|Dragon Claw|p1b: Rain Summoner
|-activate|p1b: Rain Summoner|move: Protect
|move|p1a: Sinistcha|Matcha Gotcha|p2b: Sneasler|[spread] p2a,p2b
|-crit|p2a: Garchomp
|-resisted|p2b: Sneasler|1
|-damage|p2a: Garchomp|4/100
|-heal|p1a: Sinistcha|46/100 par|[from] drain|[of] p2a: Garchomp
|-damage|p2b: Sneasler|83/100
|-heal|p1a: Sinistcha|53/100 par|[from] drain|[of] p2b: Sneasler
|
|-weather|RainDance|[upkeep]
|-damage|p1b: Rain Summoner|18/100 psn|[from] psn
|upkeep
|turn|7
|
|t:|1784153342
|switch|p1b: RTX 8090 Ti|Metagross-Mega, L50|100/100
|move|p2b: Sneasler|Dire Claw|p1a: Sinistcha
|-damage|p1a: Sinistcha|24/100 par
|-fail|p1a: Sinistcha
|move|p2a: Garchomp|Dragon Claw|p1b: RTX 8090 Ti
|-resisted|p1b: RTX 8090 Ti|1
|-damage|p1b: RTX 8090 Ti|80/100
|-damage|p2a: Garchomp|0 fnt|[from] item: Life Orb
|faint|p2a: Garchomp
|move|p1a: Sinistcha|Life Dew|p1a: Sinistcha|[spread] p1a,p1b
|-heal|p1a: Sinistcha|50/100y par
|-heal|p1b: RTX 8090 Ti|100/100
|
|-weather|RainDance|[upkeep]
|upkeep
|
|t:|1784153354
|switch|p2a: Charizard|Charizard-Mega-Y, L50, M, shiny|100/100
|-weather|SunnyDay|[from] ability: Drought|[of] p2a: Charizard
|turn|8
|
|t:|1784153395
|switch|p1b: Rain Summoner|Pelipper, L50, M|18/100 psn
|-weather|RainDance|[from] ability: Drizzle|[of] p1b: Rain Summoner
|move|p2b: Sneasler|Close Combat|p1b: Rain Summoner
|-resisted|p1b: Rain Summoner|1
|-damage|p1b: Rain Summoner|0 fnt
|-unboost|p2b: Sneasler|def|1
|-unboost|p2b: Sneasler|spd|1
|faint|p1b: Rain Summoner
|move|p2a: Charizard|Heat Wave|p1a: Sinistcha
|-supereffective|p1a: Sinistcha|1
|-damage|p1a: Sinistcha|0 fnt
|faint|p1a: Sinistcha
|
|-weather|RainDance|[upkeep]
|upkeep
|
|t:|1784153407
|switch|p1a: RTX 8090 Ti|Metagross-Mega, L50|100/100
|turn|9
|
|t:|1784153449
|move|p2b: Sneasler|Protect|p2b: Sneasler
|-singleturn|p2b: Sneasler|Protect
|move|p2a: Charizard|Protect|p2a: Charizard
|-singleturn|p2a: Charizard|Protect
|move|p1a: RTX 8090 Ti|Zen Headbutt|p2a: Charizard
|-activate|p2a: Charizard|move: Protect
|
|-weather|RainDance|[upkeep]
|upkeep
|turn|10
|
|t:|1784153466
|move|p2b: Sneasler|Close Combat|p1a: RTX 8090 Ti
|-damage|p1a: RTX 8090 Ti|55/100
|-unboost|p2b: Sneasler|def|1
|-unboost|p2b: Sneasler|spd|1
|move|p2a: Charizard|Weather Ball|p1a: RTX 8090 Ti
|-damage|p1a: RTX 8090 Ti|0 fnt
|faint|p1a: RTX 8090 Ti
|
|win|Someoneofficial
|c|☆bonczy|rip
|l|☆Someoneofficial
|player|p2|
|j|☆Someoneofficial
|player|p2|Someoneofficial|gentleman-gen4|
