|j|☆flippertv
|j|☆dambro222
|html|flippertvdambro222    
|uhtml|bestof|Game 1 of a best-of-3
|t:|1756844459
|gametype|doubles
|player|p1|flippertv|2|1085
|player|p2|dambro222|ethan|1032
|gen|9
|tier|[Gen 9] VGC 2025 Reg H (Bo3)
|rated|
|rule|Species Clause: Limit one of each Pokémon
|rule|Item Clause: Limit 1 of each item
|clearpoke
|poke|p1|Annihilape, L50, M|
|poke|p1|Grimmsnarl, L50, M|
|poke|p1|Archaludon, L50, M|
|poke|p1|Pelipper, L50, M|
|poke|p1|Volcarona, L50, F|
|poke|p1|Maushold, L50|
|poke|p2|Dragonite, L50, M|
|poke|p2|Volcarona, L50, F|
|poke|p2|Sneasler, L50, M|
|poke|p2|Rillaboom, L50, M|
|poke|p2|Electabuzz, L50, M|
|poke|p2|Kingambit, L50, M|
|teampreview|4
|showteam|p1|Annihilape||LumBerry|Defiant|Protect,BulkUp,DrainPunch,RageFist|||M|||50|,,,,,Fire]Grimmsnarl||LightClay|Prankster|Reflect,LightScreen,FakeOut,SpiritBreak|||M|||50|,,,,,Steel]Archaludon||AssaultVest|Stamina|BodyPress,ElectroShot,DracoMeteor,FlashCannon|||M|||50|,,,,,Grass]Pelipper||CovertCloak|Drizzle|Tailwind,Protect,WeatherBall,Hurricane|||M|||50|,,,,,Grass]Volcarona||RockyHelmet|FlameBody|FieryDance,StruggleBug,QuiverDance,Protect|||F|||50|,,,,,Water]Maushold||FocusSash|FriendGuard|FollowMe,Protect,BeatUp,SuperFang||||||50|,,,,,Ghost
|showteam|p2|Dragonite||LoadedDice|Multiscale|ScaleShot,ExtremeSpeed,Haze,Protect|||M|||50|,,,,,Fairy]Volcarona||CovertCloak|FlameBody|HeatWave,TeraBlast,QuiverDance,Protect|||F|||50|,,,,,Fairy]Sneasler||FocusSash|Unburden|CloseCombat,DireClaw,RockSlide,Protect|||M|||50|,,,,,Stellar]Rillaboom||AssaultVest|GrassySurge|WoodHammer,GrassyGlide,HighHorsepower,FakeOut|||M|||50|,,,,,Water]Electabuzz||Eviolite|VitalSpirit|Electroweb,FollowMe,Taunt,Protect|||M|||50|,,,,,Ghost]Kingambit||BlackGlasses|Defiant|KowtowCleave,SuckerPunch,SwordsDance,Protect|||M|||50|,,,,,Dark
|inactive|Battle timer is ON: inactive players will automatically lose when time's up. (requested by dambro222)
|inactive|flippertv has 60 seconds left.
|
|t:|1756844503
|teamsize|p1|4
|teamsize|p2|4
|start
|switch|p1a: Archaludon|Archaludon, L50, M|100/100
|switch|p1b: Grimmsnarl|Grimmsnarl, L50, M|100/100
|switch|p2a: Kingambit|Kingambit, L50, M, shiny|100/100
|switch|p2b: Electabuzz|Electabuzz, L50, M|100/100
|turn|1
|inactive|dambro222 has 30 seconds left.
|inactive|dambro222 has 20 seconds left.
|
|t:|1756844539
|move|p2b: Electabuzz|Follow Me|p2b: Electabuzz
|-singleturn|p2b: Electabuzz|move: Follow Me
|move|p1b: Grimmsnarl|Reflect|p1b: Grimmsnarl
|-sidestart|p1: flippertv|Reflect
|move|p1a: Archaludon|Flash Cannon|p2b: Electabuzz
|-resisted|p2b: Electabuzz
|-damage|p2b: Electabuzz|85/100
|move|p2a: Kingambit|Swords Dance|p2a: Kingambit
|-boost|p2a: Kingambit|atk|2
|
|upkeep
|turn|2
|
|t:|1756844562
|switch|p1b: Volcarona|Volcarona, L50, F|100/100
|move|p2b: Electabuzz|Follow Me|p2b: Electabuzz
|-singleturn|p2b: Electabuzz|move: Follow Me
|move|p1a: Archaludon|Body Press|p2b: Electabuzz
|-damage|p2b: Electabuzz|67/100
|move|p2a: Kingambit|Swords Dance|p2a: Kingambit
|-boost|p2a: Kingambit|atk|2
|
|upkeep
|turn|3
|inactive|dambro222 has 30 seconds left.
|
|t:|1756844594
|move|p2b: Electabuzz|Follow Me|p2b: Electabuzz
|-singleturn|p2b: Electabuzz|move: Follow Me
|move|p1b: Volcarona|Quiver Dance|p1b: Volcarona
|-boost|p1b: Volcarona|spa|1
|-boost|p1b: Volcarona|spd|1
|-boost|p1b: Volcarona|spe|1
|move|p1a: Archaludon|Flash Cannon|p2b: Electabuzz
|-resisted|p2b: Electabuzz
|-crit|p2b: Electabuzz
|-damage|p2b: Electabuzz|42/100
|-unboost|p2b: Electabuzz|spd|1
|move|p2a: Kingambit|Swords Dance|p2a: Kingambit
|-boost|p2a: Kingambit|atk|2
|
|upkeep
|turn|4
|inactive|flippertv has 30 seconds left.
|inactive|flippertv has 20 seconds left.
|inactive|dambro222 has 30 seconds left.
|
|t:|1756844632
|-terastallize|p2a: Kingambit|Dark
|move|p2b: Electabuzz|Follow Me|p2b: Electabuzz
|-singleturn|p2b: Electabuzz|move: Follow Me
|move|p1b: Volcarona|Fiery Dance|p2b: Electabuzz
|-damage|p2b: Electabuzz|0 fnt
|-boost|p1b: Volcarona|spa|1
|faint|p2b: Electabuzz
|move|p1a: Archaludon|Flash Cannon|p2a: Kingambit
|-damage|p2a: Kingambit|59/100
|move|p2a: Kingambit|Kowtow Cleave|p1b: Volcarona
|-damage|p1b: Volcarona|0 fnt
|-damage|p2a: Kingambit|43/100|[from] item: Rocky Helmet|[of] p1b: Volcarona
|-status|p2a: Kingambit|brn|[from] ability: Flame Body|[of] p1b: Volcarona
|faint|p1b: Volcarona
|
|-damage|p2a: Kingambit|37/100 brn|[from] brn
|upkeep
|
|t:|1756844655
|switch|p1b: Grimmsnarl|Grimmsnarl, L50, M|100/100
|switch|p2b: Rillaboom|Rillaboom, L50, M|100/100
|-fieldstart|move: Grassy Terrain|[from] ability: Grassy Surge|[of] p2b: Rillaboom
|turn|5
|
|t:|1756844674
|move|p2a: Kingambit|Protect|p2a: Kingambit
|-singleturn|p2a: Kingambit|Protect
|move|p1b: Grimmsnarl|Fake Out|p2a: Kingambit
|-activate|p2a: Kingambit|move: Protect
|move|p2b: Rillaboom|Wood Hammer|p1b: Grimmsnarl
|-damage|p1b: Grimmsnarl|38/100
|-damage|p2b: Rillaboom|79/100|[from] Recoil
|move|p1a: Archaludon|Body Press|p2a: Kingambit
|-activate|p2a: Kingambit|move: Protect
|
|-heal|p2b: Rillaboom|85/100|[from] Grassy Terrain
|-heal|p1b: Grimmsnarl|44/100|[from] Grassy Terrain
|-heal|p2a: Kingambit|43/100 brn|[from] Grassy Terrain
|-damage|p2a: Kingambit|37/100 brn|[from] brn
|upkeep
|turn|6
|inactive|flippertv has 30 seconds left.
|
|t:|1756844707
|switch|p1b: Pelipper|Pelipper, L50, M|100/100
|-weather|RainDance|[from] ability: Drizzle|[of] p1b: Pelipper
|move|p2a: Kingambit|Sucker Punch|p1a: Archaludon
|-damage|p1a: Archaludon|40/100
|-ability|p1a: Archaludon|Stamina|boost
|-boost|p1a: Archaludon|def|1
|move|p2b: Rillaboom|High Horsepower|p1a: Archaludon
|-supereffective|p1a: Archaludon
|-damage|p1a: Archaludon|17/100
|-ability|p1a: Archaludon|Stamina|boost
|-boost|p1a: Archaludon|def|1
|move|p1a: Archaludon|Electro Shot||[still]
|-prepare|p1a: Archaludon|Electro Shot
|-boost|p1a: Archaludon|spa|1
|-anim|p1a: Archaludon|Electro Shot|p2a: Kingambit
|-damage|p2a: Kingambit|0 fnt
|faint|p2a: Kingambit
|
|-weather|RainDance|[upkeep]
|-heal|p2b: Rillaboom|91/100|[from] Grassy Terrain
|-heal|p1a: Archaludon|23/100|[from] Grassy Terrain
|upkeep
|
|t:|1756844722
|switch|p2a: Sneasler|Sneasler, L50, M|100/100
|turn|7
|
|t:|1756844747
|-terastallize|p1a: Archaludon|Grass
|move|p2a: Sneasler|Close Combat|p1a: Archaludon
|-damage|p1a: Archaludon|9/100
|-unboost|p2a: Sneasler|def|1
|-unboost|p2a: Sneasler|spd|1
|-ability|p1a: Archaludon|Stamina|boost
|-boost|p1a: Archaludon|def|1
|move|p2b: Rillaboom|Wood Hammer|p1b: Pelipper
|-damage|p1b: Pelipper|53/100
|-damage|p2b: Rillaboom|78/100|[from] Recoil
|move|p1a: Archaludon|Electro Shot||[still]
|-prepare|p1a: Archaludon|Electro Shot
|-boost|p1a: Archaludon|spa|1
|-anim|p1a: Archaludon|Electro Shot|p2a: Sneasler
|-enditem|p2a: Sneasler|Focus Sash
|-damage|p2a: Sneasler|1/100
|move|p1b: Pelipper|Tailwind|p1b: Pelipper
|-sidestart|p1: flippertv|move: Tailwind
|
|-weather|RainDance|[upkeep]
|-heal|p2a: Sneasler|7/100|[from] Grassy Terrain
|-heal|p1a: Archaludon|15/100|[from] Grassy Terrain
|-heal|p2b: Rillaboom|84/100|[from] Grassy Terrain
|upkeep
|turn|8
|inactive|flippertv has 30 seconds left.
|inactive|dambro222 has 30 seconds left.
|inactive|flippertv has 20 seconds left.
|inactive|dambro222 has 20 seconds left.
|inactive|dambro222 has 15 seconds left.
|
|t:|1756844789
|move|p2a: Sneasler|Protect|p2a: Sneasler
|-singleturn|p2a: Sneasler|Protect
|move|p1a: Archaludon|Body Press|p2b: Rillaboom
|-damage|p2b: Rillaboom|23/100
|move|p1b: Pelipper|Hurricane|p2a: Sneasler
|-activate|p2a: Sneasler|move: Protect
|move|p2b: Rillaboom|Wood Hammer|p1b: Pelipper
|-damage|p1b: Pelipper|9/100
|-damage|p2b: Rillaboom|11/100|[from] Recoil
|
|-weather|RainDance|[upkeep]
|-heal|p2a: Sneasler|14/100|[from] Grassy Terrain
|-heal|p1a: Archaludon|20/100|[from] Grassy Terrain
|-heal|p2b: Rillaboom|17/100|[from] Grassy Terrain
|-sideend|p1: flippertv|Reflect
|upkeep
|turn|9
|inactive|dambro222 has 30 seconds left.
|
|t:|1756844816
|move|p2b: Rillaboom|Grassy Glide|p1b: Pelipper
|-damage|p1b: Pelipper|0 fnt
|faint|p1b: Pelipper
|move|p2a: Sneasler|Dire Claw|p1a: Archaludon
|-supereffective|p1a: Archaludon
|-damage|p1a: Archaludon|0 fnt
|faint|p1a: Archaludon
|
|-weather|RainDance|[upkeep]
|-heal|p2a: Sneasler|20/100|[from] Grassy Terrain
|-heal|p2b: Rillaboom|23/100|[from] Grassy Terrain
|-fieldend|move: Grassy Terrain
|upkeep
|
|t:|1756844830
|switch|p1b: Grimmsnarl|Grimmsnarl, L50, M|44/100
|turn|10
|inactive|flippertv has 30 seconds left.
|
|t:|1756844855
|move|p2a: Sneasler|Dire Claw|p1b: Grimmsnarl
|-supereffective|p1b: Grimmsnarl
|-damage|p1b: Grimmsnarl|0 fnt
|faint|p1b: Grimmsnarl
|
|win|dambro222
||dambro222 is ready for game 2.
||flippertv is ready for game 2.
|uhtml|next|Next: Game 2 of 3
