|j|☆ultraclaw1
|j|☆new mental
|html|ultraclaw1new mental    
|uhtml|bestof|Game 3 of a best-of-3
|t:|1784921081
|gametype|doubles
|player|p1|ultraclaw1|brycenman|1461
|player|p2|new mental|volkner|1342
|gen|9
|tier|[Gen 9 Champions] VGC 2026 Reg M-B (Bo3)
|rated|
|rule|Species Clause: Limit one of each Pokémon
|rule|Item Clause: Limit 1 of each item
|clearpoke
|poke|p1|Maushold, L50|
|poke|p1|Kingambit, L50, M|
|poke|p1|Garchomp, L50, M|
|poke|p1|Basculegion, L50, M|
|poke|p1|Talonflame, L50, M|
|poke|p1|Floette-Eternal, L50, F|
|poke|p2|Charizard, L50, F|
|poke|p2|Garchomp, L50, F|
|poke|p2|Incineroar, L50, F|
|poke|p2|Venusaur, L50, M|
|poke|p2|Toxapex, L50, M|
|poke|p2|Sylveon, L50, F|
|teampreview|4
|showteam|p1|Maushold||FocusSash|FriendGuard|SuperFang,Taunt,FollowMe,Protect|Timid|||||50|]Kingambit||ChopleBerry|Defiant|KowtowCleave,SuckerPunch,LowKick,IronHead|Adamant||M|||50|]Garchomp||LifeOrb|RoughSkin|RockSlide,Earthquake,DragonClaw,Protect|Jolly||M|||50|]Basculegion||MysticWater|Adaptability|WaveCrash,LastRespects,AquaJet,Protect|Adamant||M|||50|]Talonflame||SharpBeak|GaleWings|QuickGuard,DualWingbeat,Tailwind,Protect|Jolly||M|||50|]Floette-Eternal||Floettite|FlowerVeil|LightofRuin,Protect,Moonblast,DazzlingGleam|Modest||F|||50|
|showteam|p2|Charizard||CharizarditeY|SolarPower|WeatherBall,HeatWave,AncientPower,Protect|Modest||F|||50|]Garchomp||ChoiceScarf|RoughSkin|RockSlide,DragonClaw,Earthquake,StompingTantrum|Adamant||F|||50|]Incineroar||SitrusBerry|Intimidate|FlareBlitz,FakeOut,DarkestLariat,PartingShot|Impish||F|||50|]Venusaur||LifeOrb|Chlorophyll|SludgeBomb,LeafStorm,EarthPower,Protect|Modest||M|||50|]Toxapex||Leftovers|Regenerator|Infestation,Toxic,WideGuard,BanefulBunker|Bold||M|||50|]Sylveon||FairyFeather|Pixilate|HyperVoice,QuickAttack,Yawn,Detect|Modest||F|||50|
|inactive|Battle timer is ON: inactive players will automatically lose when time's up. (requested by ultraclaw1)
|inactive|ultraclaw1 has 60 seconds left.
|
|t:|1784921133
|teamsize|p1|4
|teamsize|p2|4
|start
|switch|p1a: Floette|Floette-Eternal, L50, F|100/100
|switch|p1b: Garchomp|Garchomp, L50, M|100/100
|switch|p2a: Charizard|Charizard, L50, F|100/100
|switch|p2b: Toxapex|Toxapex, L50, M|100/100
|turn|1
|
|t:|1784921144
|switch|p2a: Incineroar|Incineroar, L50, F|100/100
|-ability|p2a: Incineroar|Intimidate|boost
|-unboost|p1a: Floette|atk|1
|-unboost|p1b: Garchomp|atk|1
|detailschange|p1a: Floette|Floette-Mega, L50, F
|-mega|p1a: Floette|Floette|Floettite
|-ability|p1a: Floette|Fairy Aura
|move|p1b: Garchomp|Rock Slide|p2b: Toxapex|[spread] p2a,p2b
|-supereffective|p2a: Incineroar|1
|-damage|p2a: Incineroar|74/100
|-damage|p2b: Toxapex|87/100
|-damage|p1b: Garchomp|90/100|[from] item: Life Orb
|move|p1a: Floette|Moonblast|p2a: Incineroar
|-damage|p2a: Incineroar|0 fnt
|faint|p2a: Incineroar
|cant|p2b: Toxapex|flinch
|
|-heal|p2b: Toxapex|93/100|[from] item: Leftovers
|upkeep
|
|t:|1784921153
|switch|p2a: Charizard|Charizard, L50, F|100/100
|turn|2
|
|t:|1784921159
|detailschange|p2a: Charizard|Charizard-Mega-Y, L50, F
|-mega|p2a: Charizard|Charizard|Charizardite Y
|-weather|SunnyDay|[from] ability: Drought|[of] p2a: Charizard
|move|p1b: Garchomp|Protect|p1b: Garchomp
|-singleturn|p1b: Garchomp|Protect
|move|p1a: Floette|Protect|p1a: Floette
|-singleturn|p1a: Floette|Protect
|move|p2a: Charizard|Heat Wave|p1a: Floette|[spread] 
|-activate|p1a: Floette|move: Protect
|-activate|p1b: Garchomp|move: Protect
|move|p2b: Toxapex|Infestation|p1a: Floette
|-activate|p1a: Floette|move: Protect
|
|-weather|SunnyDay|[upkeep]
|-heal|p2b: Toxapex|99/100|[from] item: Leftovers
|upkeep
|turn|3
|
|t:|1784921167
|move|p2b: Toxapex|Wide Guard|p2b: Toxapex
|-singleturn|p2b: Toxapex|Wide Guard
|move|p1b: Garchomp|Dragon Claw|p2a: Charizard
|-damage|p2a: Charizard|70/100
|-damage|p1b: Garchomp|80/100|[from] item: Life Orb
|move|p1a: Floette|Light of Ruin|p2a: Charizard
|-resisted|p2a: Charizard|1
|-damage|p2a: Charizard|18/100
|-damage|p1a: Floette|68/100|[from] Recoil
|move|p2a: Charizard|Heat Wave|p1a: Floette|[spread] p1a,p1b
|-resisted|p1b: Garchomp|1
|-damage|p1a: Floette|13/100
|-damage|p1b: Garchomp|48/100
|
|-weather|SunnyDay|[upkeep]
|-heal|p2b: Toxapex|100/100|[from] item: Leftovers
|upkeep
|turn|4
|
|t:|1784921175
|switch|p1b: Talonflame|Talonflame, L50, M|100/100
|move|p2a: Charizard|Protect|p2a: Charizard
|-singleturn|p2a: Charizard|Protect
|move|p1a: Floette|Moonblast|p2a: Charizard
|-activate|p2a: Charizard|move: Protect
|move|p2b: Toxapex|Infestation|p1b: Talonflame
|-resisted|p1b: Talonflame|2
|-damage|p1b: Talonflame|98/100
|-activate|p1b: Talonflame|move: Infestation|[of] p2b: Toxapex
|
|-weather|SunnyDay|[upkeep]
|-damage|p1b: Talonflame|86/100|[from] move: Infestation|[partiallytrapped]
|upkeep
|turn|5
|
|t:|1784921188
|move|p1b: Talonflame|Tailwind|p1b: Talonflame
|-sidestart|p1: ultraclaw1|move: Tailwind
|move|p1a: Floette|Dazzling Gleam|p2a: Charizard|[spread] p2a,p2b
|-resisted|p2a: Charizard|1
|-resisted|p2b: Toxapex|1
|-damage|p2a: Charizard|0 fnt
|-damage|p2b: Toxapex|78/100
|faint|p2a: Charizard
|move|p2b: Toxapex|Infestation|p1a: Floette
|-resisted|p1a: Floette|1
|-damage|p1a: Floette|12/100
|-activate|p1a: Floette|move: Infestation|[of] p2b: Toxapex
|
|-weather|SunnyDay|[upkeep]
|-heal|p2b: Toxapex|84/100|[from] item: Leftovers
|-damage|p1b: Talonflame|74/100|[from] move: Infestation|[partiallytrapped]
|-damage|p1a: Floette|1/100|[from] move: Infestation|[partiallytrapped]
|upkeep
|
|t:|1784921195
|switch|p2a: Garchomp|Garchomp, L50, F|100/100
|turn|6
|
|t:|1784921202
|move|p1b: Talonflame|Dual Wingbeat|p2b: Toxapex
|-damage|p2b: Toxapex|71/100
|-damage|p2b: Toxapex|59/100
|-hitcount|p2b: Toxapex|2
|move|p1a: Floette|Moonblast|p2a: Garchomp
|-supereffective|p2a: Garchomp|1
|-damage|p2a: Garchomp|0 fnt
|faint|p2a: Garchomp
|move|p2b: Toxapex|Toxic|p1b: Talonflame
|-status|p1b: Talonflame|tox
|
|-weather|none
|-heal|p2b: Toxapex|65/100|[from] item: Leftovers
|-damage|p1b: Talonflame|68/100 tox|[from] psn
|-damage|p1b: Talonflame|56/100 tox|[from] move: Infestation|[partiallytrapped]
|-damage|p1a: Floette|0 fnt|[from] move: Infestation|[partiallytrapped]
|faint|p1a: Floette
|upkeep
|
|t:|1784921205
|switch|p1a: Garchomp|Garchomp, L50, M|48/100
|turn|7
|
|t:|1784921210
|move|p1b: Talonflame|Dual Wingbeat|p2b: Toxapex
|-damage|p2b: Toxapex|52/100
|-damage|p2b: Toxapex|38/100
|-hitcount|p2b: Toxapex|2
|move|p1a: Garchomp|Earthquake|p2b: Toxapex|[spread] p2b
|-immune|p1b: Talonflame
|-supereffective|p2b: Toxapex|1
|-damage|p2b: Toxapex|0 fnt
|faint|p2b: Toxapex
|-damage|p1a: Garchomp|38/100|[from] item: Life Orb
|
|win|ultraclaw1
|raw|ultraclaw1's rating: 1461 → 1474(+13 for winning)
|raw|new mental's rating: 1342 → 1329(-13 for losing)
