|j|☆prosta1
|j|☆new mental
|html|prosta1new mental    
|uhtml|bestof|Game 3 of a best-of-3
|t:|1784315270
|gametype|doubles
|player|p1|prosta1|1|1222
|player|p2|new mental|volkner|1288
|gen|9
|tier|[Gen 9 Champions] VGC 2026 Reg M-B (Bo3)
|rated|
|rule|Species Clause: Limit one of each Pokémon
|rule|Item Clause: Limit 1 of each item
|clearpoke
|poke|p1|Grimmsnarl, L50, M|
|poke|p1|Feraligatr, L50, M|
|poke|p1|Charizard, L50, M|
|poke|p1|Pelipper, L50, M|
|poke|p1|Venusaur, L50, F|
|poke|p1|Archaludon, L50, F|
|poke|p2|Incineroar, L50, M|
|poke|p2|Maushold, L50|
|poke|p2|Sinistcha, L50|
|poke|p2|Sneasler, L50, F|
|poke|p2|Blastoise, L50, F|
|poke|p2|Delphox, L50, M|
|teampreview|4
|showteam|p1|Grimmsnarl||LightClay|Prankster|SpiritBreak,PartingShot,Reflect,LightScreen|Sassy||M|||50|]Feraligatr||LifeOrb|SheerForce|Liquidation,Protect,FlipTurn,IcePunch|Adamant||M|||50|]Charizard||CharizarditeY|Blaze|Protect,HeatWave,WeatherBall,SolarBeam|Modest||M|||50|]Pelipper||SitrusBerry|Drizzle|Hurricane,WeatherBall,Tailwind,WideGuard|Modest||M|||50|]Venusaur||FocusSash|Chlorophyll|SludgeBomb,SleepPowder,EarthPower,Protect|Modest||F|||50|]Archaludon||Leftovers|Stamina|ElectroShot,DragonPulse,FlashCannon,Protect|Calm||F|||50|
|showteam|p2|Incineroar||SitrusBerry|Intimidate|FakeOut,FlareBlitz,DarkestLariat,PartingShot|Impish||M|||50|]Maushold||ChopleBerry|FriendGuard|SuperFang,FollowMe,Protect,Feint|Impish|||||50|]Sinistcha||OccaBerry|Hospitality|MatchaGotcha,LifeDew,RagePowder,Protect|Bold|||||50|]Sneasler||FocusSash|PoisonTouch|FakeOut,CloseCombat,DireClaw,QuickGuard|Jolly||F|||50|]Blastoise||Blastoisinite|Torrent|WaterSpout,DarkPulse,ShellSmash,Protect|Modest||F|||50|]Delphox||Delphoxite|Blaze|HeatWave,Psychic,NastyPlot,Protect|Timid||M|||50|
|inactive|Battle timer is ON: inactive players will automatically lose when time's up. (requested by new mental)
|
|t:|1784315300
|teamsize|p1|4
|teamsize|p2|4
|start
|switch|p1a: Venusaur|Venusaur, L50, F|100/100
|switch|p1b: Charizard|Charizard, L50, M|100/100
|switch|p2a: Maushold|Maushold, L50|100/100
|switch|p2b: Blastoise|Blastoise, L50, F|100/100
|turn|1
|
|t:|1784315316
|detailschange|p1b: Charizard|Charizard-Mega-Y, L50, M
|-mega|p1b: Charizard|Charizard|Charizardite Y
|-weather|SunnyDay|[from] ability: Drought|[of] p1b: Charizard
|detailschange|p2b: Blastoise|Blastoise-Mega, L50, F
|-mega|p2b: Blastoise|Blastoise|Blastoisinite
|move|p2a: Maushold|Follow Me|p2a: Maushold
|-singleturn|p2a: Maushold|move: Follow Me
|move|p1a: Venusaur|Sludge Bomb|p2a: Maushold
|-damage|p2a: Maushold|54/100
|move|p1b: Charizard|Heat Wave|p2b: Blastoise|[spread] p2b
|-miss|p1b: Charizard|p2a: Maushold
|-resisted|p2b: Blastoise|1
|-damage|p2b: Blastoise|74/100
|move|p2b: Blastoise|Shell Smash|p2b: Blastoise
|-unboost|p2b: Blastoise|def|1
|-unboost|p2b: Blastoise|spd|1
|-boost|p2b: Blastoise|atk|2
|-boost|p2b: Blastoise|spa|2
|-boost|p2b: Blastoise|spe|2
|
|-weather|SunnyDay|[upkeep]
|upkeep
|turn|2
|inactive|prosta1 has 30 seconds left.
|inactive|prosta1 has 20 seconds left.
|inactive|prosta1 has 15 seconds left.
|inactive|prosta1 has 10 seconds left.
|
|t:|1784315362
|move|p2a: Maushold|Follow Me|p2a: Maushold
|-singleturn|p2a: Maushold|move: Follow Me
|move|p1a: Venusaur|Sludge Bomb|p2a: Maushold
|-damage|p2a: Maushold|4/100
|-status|p2a: Maushold|psn
|move|p2b: Blastoise|Water Spout|p1a: Venusaur|[spread] p1a,p1b
|-resisted|p1a: Venusaur|1
|-supereffective|p1b: Charizard|1
|-damage|p1a: Venusaur|71/100
|-damage|p1b: Charizard|17/100
|move|p1b: Charizard|Heat Wave|p2a: Maushold|[spread] p2a
|-miss|p1b: Charizard|p2b: Blastoise
|-damage|p2a: Maushold|0 fnt
|faint|p2a: Maushold
|
|-weather|SunnyDay|[upkeep]
|upkeep
|
|t:|1784315374
|switch|p2a: Sneasler|Sneasler, L50, F|100/100
|turn|3
|
|t:|1784315384
|switch|p1b: Archaludon|Archaludon, L50, F|100/100
|move|p2a: Sneasler|Fake Out|p1a: Venusaur
|-damage|p1a: Venusaur|53/100
|cant|p1a: Venusaur|flinch
|move|p2b: Blastoise|Water Spout|p1b: Archaludon|[spread] p1a,p1b
|-resisted|p1a: Venusaur|1
|-resisted|p1b: Archaludon|1
|-damage|p1a: Venusaur|26/100
|-damage|p1b: Archaludon|78/100
|-ability|p1b: Archaludon|Stamina|boost
|-boost|p1b: Archaludon|def|1
|
|-weather|SunnyDay|[upkeep]
|-heal|p1b: Archaludon|84/100|[from] item: Leftovers
|upkeep
|turn|4
|inactive|prosta1 has 30 seconds left.
|
|t:|1784315411
|switch|p2a: Sinistcha|Sinistcha, L50|100/100
|-heal|p2b: Blastoise|99/100|[from] ability: Hospitality|[of] p2a: Sinistcha
|move|p2b: Blastoise|Protect|p2b: Blastoise
|-singleturn|p2b: Blastoise|Protect
|move|p1a: Venusaur|Sludge Bomb|p2b: Blastoise
|-activate|p2b: Blastoise|move: Protect
|move|p1b: Archaludon|Electro Shot||[still]
|-prepare|p1b: Archaludon|Electro Shot
|-boost|p1b: Archaludon|spa|1
|
|-weather|SunnyDay|[upkeep]
|-heal|p1b: Archaludon|90/100|[from] item: Leftovers
|upkeep
|turn|5
|
|t:|1784315434
|move|p1a: Venusaur|Protect|p1a: Venusaur
|-singleturn|p1a: Venusaur|Protect
|move|p2a: Sinistcha|Rage Powder|p2a: Sinistcha
|-singleturn|p2a: Sinistcha|move: Rage Powder
|move|p2b: Blastoise|Dark Pulse|p1b: Archaludon
|-damage|p1b: Archaludon|8/100
|-ability|p1b: Archaludon|Stamina|boost
|-boost|p1b: Archaludon|def|1
|move|p1b: Archaludon|Electro Shot|p2a: Sinistcha|[from] lockedmove
|-resisted|p2a: Sinistcha|1
|-damage|p2a: Sinistcha|73/100
|
|-weather|none
|-heal|p1b: Archaludon|14/100|[from] item: Leftovers
|upkeep
|turn|6
|
|t:|1784315456
|switch|p1b: Charizard|Charizard-Mega-Y, L50, M|17/100
|-weather|SunnyDay|[from] ability: Drought|[of] p1b: Charizard
|switch|p2a: Sneasler|Sneasler, L50, F|100/100
|move|p1a: Venusaur|Sludge Bomb|p2b: Blastoise
|-damage|p2b: Blastoise|29/100
|move|p2b: Blastoise|Water Spout|p1a: Venusaur|[spread] p1a,p1b
|-resisted|p1a: Venusaur|1
|-supereffective|p1b: Charizard|1
|-damage|p1a: Venusaur|16/100
|-damage|p1b: Charizard|0 fnt
|faint|p1b: Charizard
|
|-weather|SunnyDay|[upkeep]
|upkeep
|
|t:|1784315472
|switch|p1b: Feraligatr|Feraligatr, L50, M|100/100
|turn|7
|
|t:|1784315484
|move|p1a: Venusaur|Protect|p1a: Venusaur
|-singleturn|p1a: Venusaur|Protect
|move|p1b: Feraligatr|Protect|p1b: Feraligatr
|-singleturn|p1b: Feraligatr|Protect
|move|p2a: Sneasler|Fake Out|p1a: Venusaur
|-activate|p1a: Venusaur|move: Protect
|move|p2b: Blastoise|Dark Pulse|p1b: Feraligatr
|-activate|p1b: Feraligatr|move: Protect
|
|-weather|SunnyDay|[upkeep]
|upkeep
|turn|8
|
|t:|1784315500
|switch|p2a: Sinistcha|Sinistcha, L50|73/100
|-heal|p2b: Blastoise|54/100|[from] ability: Hospitality|[of] p2a: Sinistcha
|move|p2b: Blastoise|Protect|p2b: Blastoise
|-singleturn|p2b: Blastoise|Protect
|move|p1a: Venusaur|Sludge Bomb|p2b: Blastoise
|-activate|p2b: Blastoise|move: Protect
|move|p1b: Feraligatr|Ice Punch|p2a: Sinistcha
|-supereffective|p2a: Sinistcha|1
|-damage|p2a: Sinistcha|0 fnt
|faint|p2a: Sinistcha
|
|-weather|SunnyDay|[upkeep]
|upkeep
|
|t:|1784315512
|switch|p2a: Sneasler|Sneasler, L50, F|100/100
|turn|9
|inactive|prosta1 has 30 seconds left.
|inactive|prosta1 has 20 seconds left.
|inactive|prosta1 has 15 seconds left.
|
|t:|1784315557
|move|p2a: Sneasler|Fake Out|p1a: Venusaur
|-damage|p1a: Venusaur|0 fnt
|faint|p1a: Venusaur
|move|p2b: Blastoise|Dark Pulse|p1b: Feraligatr
|-damage|p1b: Feraligatr|8/100
|move|p1b: Feraligatr|Ice Punch|p2b: Blastoise
|-resisted|p2b: Blastoise|1
|-damage|p2b: Blastoise|22/100
|
|-weather|SunnyDay|[upkeep]
|upkeep
|
|t:|1784315566
|switch|p1a: Archaludon|Archaludon, L50, F|14/100
|turn|10
|
|t:|1784315576
|move|p1a: Archaludon|Protect|p1a: Archaludon
|-singleturn|p1a: Archaludon|Protect
|move|p2b: Blastoise|Dark Pulse|p1b: Feraligatr
|-damage|p1b: Feraligatr|0 fnt
|faint|p1b: Feraligatr
|move|p2a: Sneasler|Close Combat|p1a: Archaludon
|-activate|p1a: Archaludon|move: Protect
|
|-weather|none
|-heal|p1a: Archaludon|20/100y|[from] item: Leftovers
|upkeep
|turn|11
|
|t:|1784315588
|move|p2b: Blastoise|Dark Pulse|p1a: Archaludon
|-damage|p1a: Archaludon|0 fnt
|faint|p1a: Archaludon
|
|win|new mental
|raw|prosta1's rating: 1222 → 1202(-20 for losing)
|raw|new mental's rating: 1288 → 1308(+20 for winning)
|l|☆prosta1
|player|p1|
|l|☆new mental
|player|p2|
|j|☆prosta1
|player|p1|prosta1|1|
