|j|☆bennobad
|j|☆TobiYume
|html|bennobadTobiYume    
|uhtml|bestof|Game 1 of a best-of-3
|t:|1756917312
|gametype|doubles
|player|p1|bennobad|1|1211
|player|p2|TobiYume|roxie|1107
|gen|9
|tier|[Gen 9] VGC 2025 Reg H (Bo3)
|rated|
|rule|Species Clause: Limit one of each Pokémon
|rule|Item Clause: Limit 1 of each item
|clearpoke
|poke|p1|Ursaluna, L50, M|
|poke|p1|Hydreigon, L50, F|
|poke|p1|Gholdengo, L50|
|poke|p1|Incineroar, L50, F|
|poke|p1|Amoonguss, L50, M|
|poke|p1|Porygon2, L50|
|poke|p2|Garchomp, L50, M|
|poke|p2|Talonflame, L50, F|
|poke|p2|Sylveon, L50, F|
|poke|p2|Tyranitar, L50, M|
|poke|p2|Decidueye-Hisui, L50, F|
|poke|p2|Gholdengo, L50|
|teampreview|4
|showteam|p1|Ursaluna||FlameOrb|Guts|Facade,HeadlongRush,Substitute,Protect|||M|||50|,,,,,Fairy]Hydreigon||CovertCloak|Levitate|DracoMeteor,Snarl,Tailwind,Protect|||F|||50|,,,,,Steel]Gholdengo||LifeOrb|GoodasGold|MakeItRain,ShadowBall,Protect,NastyPlot||||||50|,,,,,Dragon]Incineroar||AssaultVest|Intimidate|KnockOff,FlareBlitz,Uturn,FakeOut|||F|||50|,,,,,Grass]Amoonguss||MentalHerb|Regenerator|Spore,RagePowder,ClearSmog,Protect|||M|||50|,,,,,Fire]Porygon2||Eviolite|Download|TeraBlast,Thunderbolt,Recover,TrickRoom||||||50|,,,,,Fairy
|showteam|p2|Garchomp||LifeOrb|RoughSkin|DragonClaw,StompingTantrum,Earthquake,Protect|||M|||50|,,,,,Steel]Talonflame||CovertCloak|GaleWings|Tailwind,WillOWisp,BraveBird,Taunt|||F|||50|,,,,,Grass]Sylveon||ThroatSpray|Pixilate|HyperVoice,HyperBeam,TeraBlast,Protect|||F|||50|,,,,,Water]Tyranitar||AssaultVest|SandStream|RockSlide,KnockOff,TeraBlast,LowKick|||M|||50|,,,,,Flying]Decidueye-Hisui||RazorClaw|Scrappy|TripleArrows,LeafBlade,SuckerPunch,Protect|||F|||50|,,,,,Fire]Gholdengo||Leftovers|GoodasGold|MakeItRain,ShadowBall,NastyPlot,Protect||||||50|,,,,,Dragon
|inactive|Battle timer is ON: inactive players will automatically lose when time's up. (requested by TobiYume)
|
|t:|1756917399
|teamsize|p1|4
|teamsize|p2|4
|start
|switch|p1a: Amoonguss|Amoonguss, L50, M, shiny|100/100
|switch|p1b: Porygon2|Porygon2, L50, shiny|100/100
|switch|p2a: Elie|Talonflame, L50, F|100/100
|switch|p2b: Noel|Decidueye-Hisui, L50, F|100/100
|-ability|p1b: Porygon2|Download|boost
|-boost|p1b: Porygon2|spa|1
|turn|1
|
|t:|1756917424
|switch|p1a: Incineroar|Incineroar, L50, F, shiny|100/100
|-ability|p1a: Incineroar|Intimidate|boost
|-unboost|p2a: Elie|atk|1
|-fail|p2b: Noel|unboost|Attack|[from] ability: Scrappy|[of] p2b: Noel
|-terastallize|p2a: Elie|Grass
|move|p2a: Elie|Taunt|p1b: Porygon2
|-start|p1b: Porygon2|move: Taunt
|move|p2b: Noel|Triple Arrows|p1b: Porygon2
|-supereffective|p1b: Porygon2
|-damage|p1b: Porygon2|43/100
|-unboost|p1b: Porygon2|def|1
|move|p1b: Porygon2|Thunderbolt|p2a: Elie
|-resisted|p2a: Elie
|-damage|p2a: Elie|79/100
|
|upkeep
|turn|2
|
|t:|1756917448
|switch|p2a: Randy|Tyranitar, L50, M|100/100
|-weather|Sandstorm|[from] ability: Sand Stream|[of] p2a: Randy
|switch|p1b: Amoonguss|Amoonguss, L50, M, shiny|100/100
|move|p1a: Incineroar|Fake Out|p2b: Noel
|-damage|p2b: Noel|84/100
|cant|p2b: Noel|flinch
|
|-weather|Sandstorm|[upkeep]
|-damage|p2b: Noel|78/100|[from] Sandstorm
|-damage|p1a: Incineroar|94/100|[from] Sandstorm
|-damage|p1b: Amoonguss|95/100|[from] Sandstorm
|upkeep
|turn|3
|
|t:|1756917472
|move|p2b: Noel|Triple Arrows|p1a: Incineroar
|-supereffective|p1a: Incineroar
|-damage|p1a: Incineroar|0 fnt
|faint|p1a: Incineroar
|move|p2a: Randy|Rock Slide|p1b: Amoonguss
|-damage|p1b: Amoonguss|62/100
|move|p1b: Amoonguss|Spore|p2a: Randy
|-status|p2a: Randy|slp|[from] move: Spore
|
|-weather|Sandstorm|[upkeep]
|-damage|p2b: Noel|72/100|[from] Sandstorm
|-damage|p1b: Amoonguss|56/100|[from] Sandstorm
|upkeep
|
|t:|1756917485
|switch|p1a: Ursaluna|Ursaluna, L50, M|100/100
|turn|4
|
|t:|1756917499
|-terastallize|p1a: Ursaluna|Fairy
|move|p2b: Noel|Leaf Blade|p1a: Ursaluna
|-damage|p1a: Ursaluna|64/100
|move|p1a: Ursaluna|Facade|p2b: Noel
|-damage|p2b: Noel|23/100
|cant|p2a: Randy|slp
|move|p1b: Amoonguss|Spore|p2a: Randy
|-fail|p2a: Randy|slp
|
|-weather|Sandstorm|[upkeep]
|-damage|p2b: Noel|17/100|[from] Sandstorm
|-damage|p1a: Ursaluna|58/100|[from] Sandstorm
|-damage|p1b: Amoonguss|50/100|[from] Sandstorm
|-status|p1a: Ursaluna|brn|[from] item: Flame Orb
|upkeep
|turn|5
|
|t:|1756917520
|move|p1a: Ursaluna|Protect|p1a: Ursaluna
|-singleturn|p1a: Ursaluna|Protect
|move|p2b: Noel|Leaf Blade|p1a: Ursaluna
|-activate|p1a: Ursaluna|move: Protect
|-curestatus|p2a: Randy|slp|[msg]
|move|p2a: Randy|Rock Slide|p1b: Amoonguss|[spread] p1b
|-activate|p1a: Ursaluna|move: Protect
|-damage|p1b: Amoonguss|26/100
|move|p1b: Amoonguss|Clear Smog|p2b: Noel
|-supereffective|p2b: Noel
|-damage|p2b: Noel|0 fnt
|-clearboost|p2b: Noel
|faint|p2b: Noel
|
|-weather|Sandstorm|[upkeep]
|-damage|p1a: Ursaluna|52/100 brn|[from] Sandstorm
|-damage|p1b: Amoonguss|20/100|[from] Sandstorm
|-damage|p1a: Ursaluna|46/100 brn|[from] brn
|upkeep
|
|t:|1756917525
|switch|p2b: Wazy|Gholdengo, L50|100/100
|turn|6
|-message|bennobad forfeited.
|
|win|TobiYume
||bennobad is ready for game 2.
||TobiYume is ready for game 2.
|uhtml|next|Next: Game 2 of 3
