|j|‽ToxicMini
|j|☆yenjang
|html|ToxicMiniyenjang    
|uhtml|bestof|Game 3 of a best-of-3
|t:|1786176976
|gametype|doubles
|player|p1|ToxicMini|byron|1054
|player|p2|yenjang|cynthia-gen4|1140
|gen|9
|tier|[Gen 9 Champions] VGC 2026 Reg M-B (Bo3)
|rated|
|rule|Species Clause: Limit one of each Pokémon
|rule|Item Clause: Limit 1 of each item
|clearpoke
|poke|p1|Charizard, L50, M|
|poke|p1|Venusaur, L50, F|
|poke|p1|Aerodactyl, L50, M|
|poke|p1|Kingambit, L50, F|
|poke|p1|Sableye, L50, M|
|poke|p1|Blaziken, L50, M|
|poke|p2|Raichu, L50, M, shiny|
|poke|p2|Sylveon, L50, F, shiny|
|poke|p2|Arcanine-Hisui, L50, M, shiny|
|poke|p2|Kingambit, L50, M, shiny|
|poke|p2|Farigiraf, L50, F, shiny|
|poke|p2|Staraptor, L50, M, shiny|
|teampreview|4
|showteam|p1|Charizard||CharizarditeY|SolarPower|HeatWave,Protect,SolarBeam,Overheat|Timid||M|||50|]Venusaur||WideLens|Chlorophyll|SleepPowder,SludgeBomb,EnergyBall,Protect|Modest||F|||50|]Aerodactyl||WacanBerry|Unnerve|Tailwind,WideGuard,RockSlide,Taunt|Serious||M|||50|]Kingambit||BlackGlasses|Defiant|SuckerPunch,IronHead,KowtowCleave,LowKick|Adamant||F|||50|]Sableye||FocusSash|Prankster|FakeOut,Encore,Disable,SunnyDay|Sassy||M|||50|]Blaziken||Blazikenite|SpeedBoost|Protect,CloseCombat,BlazeKick,SwordsDance|Jolly||M|||50|
|showteam|p2|Raichu||RaichuniteY|LightningRod|ZapCannon,FocusBlast,Protect,FakeOut|Timid||M|||50|]Sylveon||FairyFeather|Pixilate|HyperVoice,HyperBeam,Detect,QuickAttack|Modest||F|||50|]Arcanine-Hisui||FocusSash|RockHead|HeadSmash,FlareBlitz,Protect,ExtremeSpeed|Jolly||M|||50|]Kingambit||LifeOrb|Defiant|SuckerPunch,KowtowCleave,LowKick,Protect|Adamant||M|||50|]Farigiraf||SitrusBerry|ArmorTail|Thunderbolt,Psychic,HelpingHand,TrickRoom|Calm||F|||50|]Staraptor||Staraptite|Intimidate|CloseCombat,DualWingbeat,Protect,Tailwind|Jolly||M|||50|
|inactive|Battle timer is ON: inactive players will automatically lose when time's up. (requested by ToxicMini)
|inactive|yenjang has 60 seconds left.
|inactive|yenjang has 30 seconds left.
|inactive|yenjang has 20 seconds left.
|
|t:|1786177051
|teamsize|p1|4
|teamsize|p2|4
|start
|switch|p1a: Blaziken|Blaziken, L50, M|100/100
|switch|p1b: Aerodactyl|Aerodactyl, L50, M|100/100
|switch|p2a: Raichu|Raichu, L50, M, shiny|100/100
|switch|p2b: Arcanine|Arcanine-Hisui, L50, M, shiny|100/100
|-ability|p1b: Aerodactyl|Unnerve
|turn|1
|
|t:|1786177072
|detailschange|p2a: Raichu|Raichu-Mega-Y, L50, M, shiny
|-mega|p2a: Raichu|Raichu|Raichunite Y
|move|p2a: Raichu|Zap Cannon|p1a: Blaziken
|-damage|p1a: Blaziken|14/100
|-status|p1a: Blaziken|par
|move|p1b: Aerodactyl|Rock Slide|p2a: Raichu|[spread] p2a,p2b
|-supereffective|p2b: Arcanine|1
|-damage|p2a: Raichu|61/100
|-damage|p2b: Arcanine|36/100
|move|p2b: Arcanine|Head Smash|p1b: Aerodactyl
|-supereffective|p1b: Aerodactyl|1
|-damage|p1b: Aerodactyl|0 fnt
|faint|p1b: Aerodactyl
|move|p1a: Blaziken|Swords Dance|p1a: Blaziken
|-boost|p1a: Blaziken|atk|2
|
|-ability|p1a: Blaziken|Speed Boost|boost
|-boost|p1a: Blaziken|spe|1
|upkeep
|
|t:|1786177088
|switch|p1b: Kingambit|Kingambit, L50, F|100/100
|turn|2
|
|t:|1786177109
|switch|p2a: Farigiraf|Farigiraf, L50, F, shiny|100/100
|move|p1a: Blaziken|Protect|p1a: Blaziken
|-singleturn|p1a: Blaziken|Protect
|move|p2b: Arcanine|Extreme Speed|p1a: Blaziken
|-activate|p1a: Blaziken|move: Protect
|move|p1b: Kingambit|Sucker Punch||[still]
|cant|p2a: Farigiraf|ability: Armor Tail|Sucker Punch|[of] p1b: Kingambit
|
|-ability|p1a: Blaziken|Speed Boost|boost
|-boost|p1a: Blaziken|spe|1
|upkeep
|turn|3
|inactive|ToxicMini has 30 seconds left.
|
|t:|1786177134
|move|p2b: Arcanine|Protect|p2b: Arcanine
|-singleturn|p2b: Arcanine|Protect
|move|p1a: Blaziken|Blaze Kick|p2a: Farigiraf
|-damage|p2a: Farigiraf|17/100
|-enditem|p2a: Farigiraf|Sitrus Berry|[eat]
|-heal|p2a: Farigiraf|42/100|[from] item: Sitrus Berry
|move|p2a: Farigiraf|Psychic|p1a: Blaziken
|-supereffective|p1a: Blaziken|1
|-damage|p1a: Blaziken|0 fnt
|faint|p1a: Blaziken
|move|p1b: Kingambit|Kowtow Cleave|p2a: Farigiraf
|-supereffective|p2a: Farigiraf|1
|-damage|p2a: Farigiraf|0 fnt
|faint|p2a: Farigiraf
|
|upkeep
|
|t:|1786177150
|switch|p1a: Charizard|Charizard, L50, M|100/100
|switch|p2a: Raichu|Raichu-Mega-Y, L50, M, shiny|61/100
|turn|4
|inactive|yenjang has 30 seconds left.
|inactive|yenjang has 20 seconds left.
|inactive|yenjang has 15 seconds left.
|inactive|yenjang has 10 seconds left.
|
|t:|1786177199
|detailschange|p1a: Charizard|Charizard-Mega-Y, L50, M
|-mega|p1a: Charizard|Charizard|Charizardite Y
|-weather|SunnyDay|[from] ability: Drought|[of] p1a: Charizard
|move|p1b: Kingambit|Sucker Punch|p2a: Raichu
|-crit|p2a: Raichu
|-damage|p2a: Raichu|0 fnt
|faint|p2a: Raichu
|move|p1a: Charizard|Solar Beam||[still]
|-prepare|p1a: Charizard|Solar Beam
|-anim|p1a: Charizard|Solar Beam|p2b: Arcanine
|-damage|p2b: Arcanine|0 fnt
|faint|p2b: Arcanine
|
|-weather|SunnyDay|[upkeep]
|upkeep
|inactive|yenjang has 30 seconds left.
|inactive|yenjang has 20 seconds left.
|inactive|yenjang has 15 seconds left.
|
|t:|1786177242
|switch|p2b: Kingambit|Kingambit, L50, M, shiny|100/100
|turn|5
|
|t:|1786177250
|move|p2b: Kingambit|Sucker Punch|p1a: Charizard
|-damage|p1a: Charizard|30/100
|-damage|p2b: Kingambit|90/100|[from] item: Life Orb
|move|p1a: Charizard|Overheat|p2b: Kingambit
|-supereffective|p2b: Kingambit|1
|-damage|p2b: Kingambit|0 fnt
|-unboost|p1a: Charizard|spa|2
|faint|p2b: Kingambit
|
|win|ToxicMini
|raw|ToxicMini's rating: 1054 → 1094(+40 for winning)
|raw|yenjang's rating: 1140 → 1109(-31 for losing)
