|j|☆lordtentacle69
|j|☆PYS_Max2
|html|lordtentacle69PYS_Max2    
|uhtml|bestof|Game 1 of a best-of-3
|t:|1783817983
|gametype|doubles
|player|p1|lordtentacle69|corbeau|1443
|player|p2|PYS_Max2|linebacker|1319
|gen|9
|tier|[Gen 9 Champions] VGC 2026 Reg M-B (Bo3)
|rated|
|rule|Species Clause: Limit one of each Pokémon
|rule|Item Clause: Limit 1 of each item
|clearpoke
|poke|p1|Delphox, L50, M|
|poke|p1|Incineroar, L50, F|
|poke|p1|Maushold-Four, L50|
|poke|p1|Sinistcha, L50|
|poke|p1|Sneasler, L50, F|
|poke|p1|Blastoise, L50, M|
|poke|p2|Sinistcha, L50|
|poke|p2|Incineroar, L50, M|
|poke|p2|Milotic, L50, F|
|poke|p2|Kangaskhan, L50, F|
|poke|p2|Floette-Eternal, L50, F|
|poke|p2|Ceruledge, L50, M|
|teampreview|4
|showteam|p1|Delphox||Delphoxite|Blaze|HeatWave,Psychic,NastyPlot,Protect|Timid||M|||50|]Incineroar||SitrusBerry|Intimidate|FakeOut,PartingShot,FlareBlitz,ThroatChop|Impish||F|||50|]Maushold-Four||ChopleBerry|FriendGuard|Feint,HelpingHand,Protect,FollowMe|Impish|||||50|]Sinistcha||KasibBerry|Hospitality|Protect,MatchaGotcha,TrickRoom,RagePowder|Bold|||||50|]Sneasler||FocusSash|PoisonTouch|CloseCombat,PoisonJab,QuickGuard,FakeOut|Adamant||F|||50|]Blastoise||Blastoisinite|RainDish|Protect,WaterSpout,DarkPulse,ShellSmash|Modest||M|||50|
|showteam|p2|Sinistcha||KasibBerry|Hospitality|MatchaGotcha,LifeDew,RagePowder,Protect|Relaxed|||||50|]Incineroar||SitrusBerry|Intimidate|FlareBlitz,ThroatChop,FakeOut,PartingShot|Impish||M|||50|]Milotic||Leftovers|Competitive|MuddyWater,Coil,Hypnosis,Protect|Calm||F|||50|]Kangaskhan||Kangaskhanite|Scrappy|FakeOut,SuckerPunch,DoubleEdge,LowKick|Adamant||F|||50|]Floette-Eternal||Floettite|FlowerVeil|DazzlingGleam,DrainingKiss,CalmMind,Protect|Timid||F|||50|]Ceruledge||ColburBerry|FlashFire|BitterBlade,ShadowSneak,BulkUp,Protect|Adamant||M|||50|
|inactive|Battle timer is ON: inactive players will automatically lose when time's up. (requested by lordtentacle69)
|
|t:|1783818068
|teamsize|p1|4
|teamsize|p2|4
|start
|switch|p1a: Sarahn's OC|Sneasler, L50, F|100/100
|switch|p1b: Brent|Blastoise, L50, M|100/100
|switch|p2a: Milotic|Milotic, L50, F|100/100
|switch|p2b: Incineroar|Incineroar, L50, M|100/100
|-ability|p2b: Incineroar|Intimidate|boost
|-unboost|p1a: Sarahn's OC|atk|1
|-unboost|p1b: Brent|atk|1
|turn|1
|
|t:|1783818084
|detailschange|p1b: Brent|Blastoise-Mega, L50, M
|-mega|p1b: Brent|Blastoise|Blastoisinite
|move|p1a: Sarahn's OC|Fake Out|p2b: Incineroar
|-damage|p2b: Incineroar|92/100
|move|p1b: Brent|Shell Smash|p1b: Brent
|-unboost|p1b: Brent|def|1
|-unboost|p1b: Brent|spd|1
|-boost|p1b: Brent|atk|2
|-boost|p1b: Brent|spa|2
|-boost|p1b: Brent|spe|2
|move|p2a: Milotic|Coil|p2a: Milotic
|-boost|p2a: Milotic|atk|1
|-boost|p2a: Milotic|def|1
|-boost|p2a: Milotic|accuracy|1
|cant|p2b: Incineroar|flinch
|
|upkeep
|turn|2
|
|t:|1783818103
|move|p1b: Brent|Water Spout|p2b: Incineroar|[spread] p2a,p2b
|-resisted|p2a: Milotic|1
|-supereffective|p2b: Incineroar|1
|-damage|p2a: Milotic|57/100
|-damage|p2b: Incineroar|0 fnt
|faint|p2b: Incineroar
|move|p1a: Sarahn's OC|Poison Jab|p2a: Milotic
|-damage|p2a: Milotic|41/100
|-status|p2a: Milotic|psn
|move|p2a: Milotic|Coil|p2a: Milotic
|-boost|p2a: Milotic|atk|1
|-boost|p2a: Milotic|def|1
|-boost|p2a: Milotic|accuracy|1
|
|-heal|p2a: Milotic|47/100 psn|[from] item: Leftovers
|-damage|p2a: Milotic|34/100 psn|[from] psn
|upkeep
|
|t:|1783818108
|switch|p2b: Sinistcha|Sinistcha, L50|100/100
|-heal|p2a: Milotic|59/100 psn|[from] ability: Hospitality|[of] p2b: Sinistcha
|turn|3
|inactive|lordtentacle69 has 30 seconds left.
|inactive|PYS_Max2 has 30 seconds left.
|
|t:|1783818140
|switch|p1a: MMCH|Maushold-Four, L50|100/100
|move|p1b: Brent|Protect|p1b: Brent
|-singleturn|p1b: Brent|Protect
|move|p2a: Milotic|Hypnosis|p1a: MMCH
|-status|p1a: MMCH|slp|[from] move: Hypnosis
|move|p2b: Sinistcha|Matcha Gotcha|p1a: MMCH|[spread] p1a
|-activate|p1b: Brent|move: Protect
|-damage|p1a: MMCH|71/100 slp
|
|-heal|p2a: Milotic|65/100 psn|[from] item: Leftovers
|-damage|p2a: Milotic|52/100 psn|[from] psn
|upkeep
|turn|4
|
|t:|1783818154
|move|p2b: Sinistcha|Protect|p2b: Sinistcha
|-singleturn|p2b: Sinistcha|Protect
|cant|p1a: MMCH|slp
|move|p1b: Brent|Shell Smash|p1b: Brent
|-unboost|p1b: Brent|def|1
|-unboost|p1b: Brent|spd|1
|-boost|p1b: Brent|atk|2
|-boost|p1b: Brent|spa|2
|-boost|p1b: Brent|spe|2
|move|p2a: Milotic|Hypnosis|p1b: Brent
|-status|p1b: Brent|slp|[from] move: Hypnosis
|
|-heal|p2a: Milotic|58/100 psn|[from] item: Leftovers
|-damage|p2a: Milotic|46/100 psn|[from] psn
|upkeep
|turn|5
|
|t:|1783818166
|switch|p1b: Green Day|Sinistcha, L50|100/100
|-heal|p1a: MMCH|96/100 slp|[from] ability: Hospitality|[of] p1b: Green Day
|cant|p1a: MMCH|slp
|move|p2a: Milotic|Muddy Water|p1b: Green Day|[spread] p1a,p1b
|-crit|p1a: MMCH
|-resisted|p1b: Green Day|1
|-damage|p1a: MMCH|56/100 slp
|-damage|p1b: Green Day|91/100
|move|p2b: Sinistcha|Matcha Gotcha|p1a: MMCH|[spread] p1a,p1b
|-resisted|p1b: Green Day|1
|-crit|p1b: Green Day
|-damage|p1a: MMCH|29/100 slp
|-damage|p1b: Green Day|78/100
|-status|p1b: Green Day|brn
|
|-heal|p2a: Milotic|52/100 psn|[from] item: Leftovers
|-damage|p2a: Milotic|40/100 psn|[from] psn
|-damage|p1b: Green Day|72/100 brn|[from] brn
|upkeep
|turn|6
|
|t:|1783818190
|-curestatus|p1a: MMCH|slp|[msg]
|move|p1a: MMCH|Follow Me|p1a: MMCH
|-singleturn|p1a: MMCH|move: Follow Me
|move|p2a: Milotic|Hypnosis|p1a: MMCH
|-status|p1a: MMCH|slp|[from] move: Hypnosis
|move|p1b: Green Day|Matcha Gotcha|p2a: Milotic|[spread] p2b
|-miss|p1b: Green Day|p2a: Milotic
|-resisted|p2b: Sinistcha|1
|-damage|p2b: Sinistcha|89/100
|-heal|p1b: Green Day|77/100 brn|[from] drain|[of] p2b: Sinistcha
|move|p2b: Sinistcha|Life Dew|p2b: Sinistcha|[spread] p2a,p2b
|-heal|p2a: Milotic|65/100 psn
|-heal|p2b: Sinistcha|100/100
|
|-heal|p2a: Milotic|71/100 psn|[from] item: Leftovers
|-damage|p2a: Milotic|58/100 psn|[from] psn
|-damage|p1b: Green Day|71/100 brn|[from] brn
|upkeep
|turn|7
|inactive|PYS_Max2 has 30 seconds left.
|
|t:|1783818218
|move|p1b: Green Day|Protect|p1b: Green Day
|-singleturn|p1b: Green Day|Protect
|cant|p1a: MMCH|slp
|move|p2a: Milotic|Hypnosis|p1b: Green Day
|-activate|p1b: Green Day|move: Protect
|move|p2b: Sinistcha|Matcha Gotcha|p1a: MMCH|[spread] p1a
|-activate|p1b: Green Day|move: Protect
|-damage|p1a: MMCH|5/100 slp
|
|-heal|p2a: Milotic|64/100 psn|[from] item: Leftovers
|-damage|p2a: Milotic|52/100 psn|[from] psn
|-damage|p1b: Green Day|65/100 brn|[from] brn
|upkeep
|turn|8
|
|t:|1783818231
|switch|p2b: Kangaskhan|Kangaskhan, L50, F|100/100
|cant|p1a: MMCH|slp
|move|p2a: Milotic|Hypnosis||[still]
|-fail|p2a: Milotic
|move|p1b: Green Day|Matcha Gotcha|p2b: Kangaskhan|[spread] p2a,p2b
|-supereffective|p2a: Milotic|1
|-damage|p2a: Milotic|22/100 psn
|-heal|p1b: Green Day|82/100 brn|[from] drain|[of] p2a: Milotic
|-damage|p2b: Kangaskhan|75/100
|-heal|p1b: Green Day|97/100 brn|[from] drain|[of] p2b: Kangaskhan
|
|-heal|p2a: Milotic|28/100 psn|[from] item: Leftovers
|-damage|p2a: Milotic|16/100 psn|[from] psn
|-damage|p1b: Green Day|90/100 brn|[from] brn
|upkeep
|turn|9
|
|t:|1783818252
|switch|p1a: Brent|Blastoise-Mega, L50, M|100/100 slp
|move|p2b: Kangaskhan|Fake Out|p1b: Green Day
|-damage|p1b: Green Day|76/100 brn
|move|p2a: Milotic|Muddy Water|p1a: Brent|[spread] p1a,p1b
|-resisted|p1a: Brent|1
|-resisted|p1b: Green Day|1
|-damage|p1a: Brent|88/100 slp
|-damage|p1b: Green Day|66/100 brn
|-unboost|p1a: Brent|accuracy|1
|cant|p1b: Green Day|flinch
|
|-heal|p2a: Milotic|22/100 psn|[from] item: Leftovers
|-damage|p2a: Milotic|9/100 psn|[from] psn
|-damage|p1b: Green Day|59/100 brn|[from] brn
|upkeep
|turn|10
|inactive|PYS_Max2 has 30 seconds left.
|
|t:|1783818278
|detailschange|p2b: Kangaskhan|Kangaskhan-Mega, L50, F
|-mega|p2b: Kangaskhan|Kangaskhan|Kangaskhanite
|cant|p1a: Brent|slp
|move|p2b: Kangaskhan|Sucker Punch|p1b: Green Day
|-supereffective|p1b: Green Day|1
|-damage|p1b: Green Day|23/100 brn
|-supereffective|p1b: Green Day|1
|-damage|p1b: Green Day|15/100 brn
|-hitcount|p1b: Green Day|2
|move|p2a: Milotic|Muddy Water|p1b: Green Day|[spread] p1a,p1b
|-resisted|p1a: Brent|1
|-crit|p1a: Brent
|-resisted|p1b: Green Day|1
|-damage|p1a: Brent|69/100 slp
|-damage|p1b: Green Day|3/100 brn
|move|p1b: Green Day|Matcha Gotcha|p2a: Milotic|[spread] p2a,p2b
|-supereffective|p2a: Milotic|1
|-damage|p2a: Milotic|0 fnt
|-heal|p1b: Green Day|9/100 brn|[from] drain|[of] p2a: Milotic
|-damage|p2b: Kangaskhan|55/100
|-heal|p1b: Green Day|21/100 brn|[from] drain|[of] p2b: Kangaskhan
|faint|p2a: Milotic
|
|-damage|p1b: Green Day|15/100 brn|[from] brn
|upkeep
|
|t:|1783818292
|switch|p2a: Sinistcha|Sinistcha, L50|100/100
|-heal|p2b: Kangaskhan|80/100|[from] ability: Hospitality|[of] p2a: Sinistcha
|turn|11
|
|t:|1783818307
|move|p1b: Green Day|Rage Powder|p1b: Green Day
|-singleturn|p1b: Green Day|move: Rage Powder
|move|p2b: Kangaskhan|Double-Edge|p1b: Green Day
|-immune|p1b: Green Day
|cant|p1a: Brent|slp
|move|p2a: Sinistcha|Matcha Gotcha|p1b: Green Day|[spread] p1a,p1b
|-supereffective|p1a: Brent|1
|-resisted|p1b: Green Day|1
|-damage|p1a: Brent|18/100 slp
|-damage|p1b: Green Day|1/100 brn
|
|-damage|p1b: Green Day|0 fnt|[from] brn
|faint|p1b: Green Day
|upkeep
|
|t:|1783818317
|switch|p1b: Sarahn's OC|Sneasler, L50, F|100/100
|turn|12
|inactive|PYS_Max2 has 30 seconds left.
|inactive|PYS_Max2 has 20 seconds left.
|
|t:|1783818353
|move|p1b: Sarahn's OC|Fake Out|p2b: Kangaskhan
|-damage|p2b: Kangaskhan|66/100
|-status|p2b: Kangaskhan|psn|[from] ability: Poison Touch|[of] p1b: Sarahn's OC
|cant|p2b: Kangaskhan|flinch
|-curestatus|p1a: Brent|slp|[msg]
|move|p1a: Brent|Dark Pulse|p2a: Sinistcha|[miss]
|-miss|p1a: Brent|p2a: Sinistcha
|move|p2a: Sinistcha|Matcha Gotcha|p1a: Brent|[spread] p1a,p1b
|-supereffective|p1a: Brent|1
|-resisted|p1b: Sarahn's OC|1
|-damage|p1a: Brent|0 fnt
|-damage|p1b: Sarahn's OC|84/100
|faint|p1a: Brent
|
|-damage|p2b: Kangaskhan|53/100 psn|[from] psn
|upkeep
|
|t:|1783818368
|switch|p1a: MMCH|Maushold-Four, L50|5/100 slp
|turn|13
|
|t:|1783818383
|-curestatus|p1a: MMCH|slp|[msg]
|move|p1a: MMCH|Helping Hand|p1b: Sarahn's OC
|-singleturn|p1b: Sarahn's OC|Helping Hand|[of] p1a: MMCH
|move|p1b: Sarahn's OC|Poison Jab|p2a: Sinistcha
|-damage|p2a: Sinistcha|44/100
|move|p2b: Kangaskhan|Double-Edge|p1b: Sarahn's OC
|-damage|p1b: Sarahn's OC|12/100
|-damage|p1b: Sarahn's OC|0 fnt
|faint|p1b: Sarahn's OC
|-hitcount|p1: Sarahn's OC|2
|-damage|p2b: Kangaskhan|33/100 psn|[from] Recoil
|move|p2a: Sinistcha|Matcha Gotcha|p1a: MMCH|[miss]
|-miss|p2a: Sinistcha|p1a: MMCH
|
|-damage|p2b: Kangaskhan|21/100 psn|[from] psn
|upkeep
|turn|14
|-message|lordtentacle69 forfeited.
|
|win|PYS_Max2
||lordtentacle69 is ready for game 2.
