|j|☆buf15 jeremay
|j|☆minccino fan
|html|buf15 jeremayminccino fan    
|uhtml|bestof|Game 3 of a best-of-3
|t:|1756273445
|gametype|doubles
|player|p1|buf15 jeremay|101|1259
|player|p2|minccino fan|170|1130
|gen|9
|tier|[Gen 9] VGC 2025 Reg H (Bo3)
|rated|
|rule|Species Clause: Limit one of each Pokémon
|rule|Item Clause: Limit 1 of each item
|clearpoke
|poke|p1|Talonflame, L50, F|
|poke|p1|Sneasler, L50, M|
|poke|p1|Dragapult, L50, M|
|poke|p1|Tatsugiri, L50, M|
|poke|p1|Typhlosion-Hisui, L50, M|
|poke|p1|Dondozo, L50, M|
|poke|p2|Charizard, L50, F|
|poke|p2|Torkoal, L50, M|
|poke|p2|Porygon2, L50|
|poke|p2|Incineroar, L50, M|
|poke|p2|Jumpluff, L50, M|
|poke|p2|Ursaluna, L50, M|
|teampreview|4
|showteam|p1|Talonflame||CovertCloak|GaleWings|DualWingbeat,FlareBlitz,Tailwind,SunnyDay|||F|||50|,,,,,Ghost]Sneasler||FocusSash|Unburden|FakeOut,DireClaw,CloseCombat,Taunt|||M|||50|,,,,,Ghost]Dragapult||ChoiceBand|ClearBody|DragonDarts,Outrage,PhantomForce,Uturn|||M|||50|,,,,,Dragon]Tatsugiri||ChoiceScarf|Commander|DracoMeteor,MuddyWater,TeraBlast,IcyWind|||M|||50|,,,,,Grass]Typhlosion-Hisui||ChoiceSpecs|Blaze|Eruption,Overheat,ShadowBall,HeatWave|||M|||50|,,,,,Fire]Dondozo||Leftovers|Unaware|OrderUp,WaveCrash,Earthquake,Protect|||M|||50|,,,,,Steel
|showteam|p2|Charizard||ChoiceSpecs|SolarPower|HeatWave,Overheat,WeatherBall,AirSlash|||F|||50|,,,,,Ghost]Torkoal||EjectPack|Drought|Eruption,Overheat,HelpingHand,Protect|||M|||50|,,,,,Fire]Porygon2||Eviolite|Download|TeraBlast,IceBeam,Recover,TrickRoom||||||50|,,,,,Fighting]Incineroar||SitrusBerry|Intimidate|FlareBlitz,KnockOff,FakeOut,PartingShot|||M|||50|,,,,,Ghost]Jumpluff||CovertCloak|Chlorophyll|SleepPowder,SunnyDay,RagePowder,Tailwind|||M|||50|,,,,,Water]Ursaluna||FlameOrb|Guts|HeadlongRush,Facade,Earthquake,Protect|||M|||50|,,,,,Ghost
|inactive|Battle timer is ON: inactive players will automatically lose when time's up. (requested by minccino fan)
|inactive|minccino fan has 60 seconds left.
|
|t:|1756273481
|teamsize|p1|4
|teamsize|p2|4
|start
|switch|p1a: Talonflame|Talonflame, L50, F|100/100
|switch|p1b: Dragapult|Dragapult, L50, M|100/100
|switch|p2a: Porygon2|Porygon2, L50|100/100
|switch|p2b: Incineroar|Incineroar, L50, M|100/100
|-ability|p2b: Incineroar|Intimidate|boost
|-unboost|p1a: Talonflame|atk|1
|-fail|p1b: Dragapult|unboost|[from] ability: Clear Body|[of] p1b: Dragapult
|-ability|p2a: Porygon2|Download|boost
|-boost|p2a: Porygon2|spa|1
|turn|1
|inactive|buf15 jeremay has 30 seconds left.
|inactive|minccino fan has 30 seconds left.
|inactive|buf15 jeremay has 20 seconds left.
|inactive|buf15 jeremay has 15 seconds left.
|inactive|buf15 jeremay has 10 seconds left.
|inactive|buf15 jeremay has 5 seconds left.
|
|t:|1756273536
|-terastallize|p1b: Dragapult|Dragon
|move|p1b: Dragapult|Outrage|p2a: Porygon2
|-damage|p2a: Porygon2|14/100
|move|p1a: Talonflame|Flare Blitz|p2a: Porygon2
|-damage|p2a: Porygon2|0 fnt
|faint|p2a: Porygon2
|-damage|p1a: Talonflame|95/100|[from] Recoil
|move|p2b: Incineroar|Parting Shot|p1a: Talonflame
|-unboost|p1a: Talonflame|atk|1
|-unboost|p1a: Talonflame|spa|1
|
|t:|1756273547
|switch|p2b: Ursaluna|Ursaluna, L50, M|100/100|[from] Parting Shot
|
|-status|p2b: Ursaluna|brn|[from] item: Flame Orb
|upkeep
|
|t:|1756273551
|switch|p2a: Jumpluff|Jumpluff, L50, M|100/100
|turn|2
|
|t:|1756273568
|move|p2a: Jumpluff|Rage Powder|p2a: Jumpluff
|-singleturn|p2a: Jumpluff|move: Rage Powder
|move|p1b: Dragapult|Outrage|p2a: Jumpluff|[from] lockedmove
|-crit|p2a: Jumpluff
|-damage|p2a: Jumpluff|0 fnt
|faint|p2a: Jumpluff
|move|p1a: Talonflame|Tailwind|p1a: Talonflame
|-sidestart|p1: buf15 jeremay|move: Tailwind
|move|p2b: Ursaluna|Facade|p1b: Dragapult
|-damage|p1b: Dragapult|0 fnt
|faint|p1b: Dragapult
|
|-damage|p2b: Ursaluna|95/100 brn|[from] brn
|upkeep
|
|t:|1756273584
|switch|p1b: Dondozo|Dondozo, L50, M|100/100
|switch|p2a: Incineroar|Incineroar, L50, M|100/100
|-ability|p2a: Incineroar|Intimidate|boost
|-unboost|p1a: Talonflame|atk|1
|-unboost|p1b: Dondozo|atk|1
|turn|3
|
|t:|1756273608
|move|p1b: Dondozo|Protect|p1b: Dondozo
|-singleturn|p1b: Dondozo|Protect
|move|p1a: Talonflame|Dual Wingbeat|p2b: Ursaluna
|-damage|p2b: Ursaluna|89/100 brn
|-damage|p2b: Ursaluna|83/100 brn
|-hitcount|p2b: Ursaluna|2
|move|p2a: Incineroar|Knock Off|p1b: Dondozo
|-activate|p1b: Dondozo|move: Protect
|move|p2b: Ursaluna|Facade|p1b: Dondozo
|-activate|p1b: Dondozo|move: Protect
|
|-damage|p2b: Ursaluna|77/100 brn|[from] brn
|upkeep
|turn|4
|
|t:|1756273627
|switch|p1a: Tatsugiri|Tatsugiri, L50, M|100/100
|-activate|p1a: Tatsugiri|ability: Commander|[of] p1b: Dondozo
|-boost|p1b: Dondozo|atk|2
|-boost|p1b: Dondozo|spa|2
|-boost|p1b: Dondozo|spe|2
|-boost|p1b: Dondozo|def|2
|-boost|p1b: Dondozo|spd|2
|move|p1b: Dondozo|Earthquake|p2b: Ursaluna|[spread] p2a,p2b
|-miss|p1b: Dondozo|p1a: Tatsugiri
|-supereffective|p2a: Incineroar
|-damage|p2a: Incineroar|42/100
|-damage|p2b: Ursaluna|54/100 brn
|-enditem|p2a: Incineroar|Sitrus Berry|[eat]
|-heal|p2a: Incineroar|67/100|[from] item: Sitrus Berry
|move|p2a: Incineroar|Knock Off|p1b: Dondozo
|-damage|p1b: Dondozo|85/100
|-enditem|p1b: Dondozo|Leftovers|[from] move: Knock Off|[of] p2a: Incineroar
|move|p2b: Ursaluna|Headlong Rush|p1b: Dondozo
|-damage|p1b: Dondozo|49/100
|-unboost|p2b: Ursaluna|def|1
|-unboost|p2b: Ursaluna|spd|1
|
|-damage|p2b: Ursaluna|48/100 brn|[from] brn
|upkeep
|turn|5
|inactive|buf15 jeremay has 30 seconds left.
|
|t:|1756273655
|move|p1b: Dondozo|Protect|p1b: Dondozo
|-singleturn|p1b: Dondozo|Protect
|move|p2a: Incineroar|Flare Blitz|p1b: Dondozo
|-activate|p1b: Dondozo|move: Protect
|move|p2b: Ursaluna|Facade|p1b: Dondozo
|-activate|p1b: Dondozo|move: Protect
|
|-damage|p2b: Ursaluna|43/100 brn|[from] brn
|-sideend|p1: buf15 jeremay|move: Tailwind
|upkeep
|turn|6
|
|t:|1756273668
|-terastallize|p2b: Ursaluna|Ghost
|move|p1b: Dondozo|Earthquake|p2b: Ursaluna|[spread] p2a,p2b
|-miss|p1b: Dondozo|p1a: Tatsugiri
|-supereffective|p2a: Incineroar
|-crit|p2a: Incineroar
|-damage|p2a: Incineroar|0 fnt
|-damage|p2b: Ursaluna|18/100 brn
|faint|p2a: Incineroar
|move|p2b: Ursaluna|Facade|p1b: Dondozo
|-damage|p1b: Dondozo|5/100
|
|-damage|p2b: Ursaluna|13/100 brn|[from] brn
|upkeep
|turn|7
|-message|minccino fan forfeited.
|
|win|buf15 jeremay
|raw|buf15 jeremay's rating: 1259 → 1275(+16 for winning)
|raw|minccino fan's rating: 1130 → 1114(-16 for losing)
