|j|☆cheesbuga
|j|☆rillaboom0623
|html|cheesbugarillaboom0623    
|uhtml|bestof|Game 2 of a best-of-3
|t:|1757744846
|gametype|doubles
|player|p1|cheesbuga|pokemaniac|1033
|player|p2|rillaboom0623|rosa|1046
|gen|9
|tier|[Gen 9] VGC 2025 Reg H (Bo3)
|rated|
|rule|Species Clause: Limit one of each Pokémon
|rule|Item Clause: Limit 1 of each item
|clearpoke
|poke|p1|Ursaluna-Bloodmoon, L50, M|
|poke|p1|Incineroar, L50, M|
|poke|p1|Rillaboom, L50, M|
|poke|p1|Farigiraf, L50, M|
|poke|p1|Sneasler, L50, F|
|poke|p1|Volcarona, L50, F|
|poke|p2|Gholdengo, L50|
|poke|p2|Vivillon-Pokeball, L50, F|
|poke|p2|Incineroar, L50, F|
|poke|p2|Ninetales-Alola, L50, F|
|poke|p2|Ursaluna, L50, F|
|poke|p2|Dragapult, L50, M|
|teampreview|4
|showteam|p1|Ursaluna-Bloodmoon||LifeOrb|MindsEye|HyperVoice,BloodMoon,EarthPower,Protect|||M|||50|,,,,,Normal]Incineroar||SafetyGoggles|Intimidate|FakeOut,FlareBlitz,KnockOff,PartingShot|||M|||50|,,,,,Ghost]Rillaboom||AssaultVest|GrassySurge|Uturn,WoodHammer,GrassyGlide,FakeOut|||M|||50|,,,,,Fire]Farigiraf||ThroatSpray|ArmorTail|HyperVoice,Protect,Psychic,TrickRoom|||M|||50|,,,,,Fairy]Sneasler||FocusSash|Unburden|CloseCombat,Protect,FakeOut,ThroatChop|||F|||50|,,,,,Dark]Volcarona||CovertCloak|FlameBody|HeatWave,Protect,StruggleBug,QuiverDance|||F|||50|,,,,,Water
|showteam|p2|Gholdengo||LifeOrb|GoodasGold|MakeItRain,ShadowBall,NastyPlot,Protect||||||50|,,,,,Dragon]Vivillon-Pokeball||FocusSash|CompoundEyes|SleepPowder,Tailwind,Hurricane,Protect|||F|||50|,,,,,Water]Incineroar||AssaultVest|Intimidate|FlareBlitz,KnockOff,FakeOut,Uturn|||F|||50|,,,,,Ghost]Ninetales-Alola||NeverMeltIce|SnowWarning|Blizzard,Encore,Protect,Moonblast|||F|||50|,,,,,Water]Ursaluna||FlameOrb|Guts|Facade,HeadlongRush,CloseCombat,Protect|||F|||50|,,,,,Ghost]Dragapult||ChoiceBand|ClearBody|Outrage,DragonDarts,PhantomForce,Uturn|||M|||50|,,,,,Dragon
|inactive|Battle timer is ON: inactive players will automatically lose when time's up. (requested by rillaboom0623)
|inactive|rillaboom0623 has 60 seconds left.
|
|t:|1757744888
|teamsize|p1|4
|teamsize|p2|4
|start
|switch|p1a: Volcarona|Volcarona, L50, F|100/100
|switch|p1b: Sneasler|Sneasler, L50, F|100/100
|switch|p2a: Gholdengo|Gholdengo, L50|100/100
|switch|p2b: Dragapult|Dragapult, L50, M|100/100
|turn|1
|inactive|cheesbuga has 30 seconds left.
|inactive|rillaboom0623 has 30 seconds left.
|inactive|rillaboom0623 has 20 seconds left.
|inactive|rillaboom0623 has 15 seconds left.
|
|t:|1757744931
|-terastallize|p2b: Dragapult|Dragon
|-terastallize|p1b: Sneasler|Dark
|move|p2b: Dragapult|Dragon Darts|p1a: Volcarona
|-damage|p1a: Volcarona|15/100
|-anim|p2b: Dragapult|Dragon Darts|p1b: Sneasler
|-damage|p1b: Sneasler|11/100
|move|p1b: Sneasler|Throat Chop|p2b: Dragapult
|-damage|p2b: Dragapult|42/100
|-start|p2b: Dragapult|Throat Chop|[silent]
|move|p1a: Volcarona|Heat Wave|p2a: Gholdengo|[spread] p2a,p2b
|-supereffective|p2a: Gholdengo
|-resisted|p2b: Dragapult
|-damage|p2a: Gholdengo|26/100
|-damage|p2b: Dragapult|19/100
|-status|p2b: Dragapult|brn
|move|p2a: Gholdengo|Make It Rain|p1a: Volcarona|[spread] p1a,p1b
|-resisted|p1a: Volcarona
|-damage|p1a: Volcarona|0 fnt
|-damage|p1b: Sneasler|0 fnt
|-unboost|p2a: Gholdengo|spa|1
|faint|p1a: Volcarona
|faint|p1b: Sneasler
|-damage|p2a: Gholdengo|16/100|[from] item: Life Orb
|
|-damage|p2b: Dragapult|13/100 brn|[from] brn
|upkeep
|
|t:|1757744953
|switch|p1b: Incineroar|Incineroar, L50, M|100/100
|switch|p1a: Farigiraf|Farigiraf, L50, M|100/100
|-ability|p1b: Incineroar|Intimidate|boost
|-unboost|p2a: Gholdengo|atk|1
|-fail|p2b: Dragapult|unboost|[from] ability: Clear Body|[of] p2b: Dragapult
|turn|2
|inactive|rillaboom0623 has 30 seconds left.
|
|t:|1757744982
|move|p2b: Dragapult|Dragon Darts|p1a: Farigiraf
|-damage|p1a: Farigiraf|70/100
|-anim|p2b: Dragapult|Dragon Darts|p1b: Incineroar
|-damage|p1b: Incineroar|78/100
|move|p2a: Gholdengo|Make It Rain|p1a: Farigiraf|[spread] p1a,p1b
|-resisted|p1b: Incineroar
|-damage|p1a: Farigiraf|34/100
|-damage|p1b: Incineroar|59/100
|-unboost|p2a: Gholdengo|spa|1
|-damage|p2a: Gholdengo|6/100|[from] item: Life Orb
|move|p1b: Incineroar|Knock Off|p2a: Gholdengo
|-supereffective|p2a: Gholdengo
|-damage|p2a: Gholdengo|0 fnt
|-enditem|p2a: Gholdengo|Life Orb|[from] move: Knock Off|[of] p1b: Incineroar
|faint|p2a: Gholdengo
|move|p1a: Farigiraf|Trick Room|p1a: Farigiraf
|-fieldstart|move: Trick Room|[of] p1a: Farigiraf
|
|-damage|p2b: Dragapult|7/100 brn|[from] brn
|-end|p2b: Dragapult|Throat Chop|[silent]
|upkeep
|
|t:|1757744990
|switch|p2a: Incineroar|Incineroar, L50, F|100/100
|-ability|p2a: Incineroar|Intimidate|boost
|-unboost|p1a: Farigiraf|atk|1
|-unboost|p1b: Incineroar|atk|1
|turn|3
|inactive|cheesbuga has 30 seconds left.
|inactive|cheesbuga has 20 seconds left.
|
|t:|1757745025
|move|p1a: Farigiraf|Hyper Voice|p2b: Dragapult|[spread] p2a,p2b
|-damage|p2a: Incineroar|81/100
|-damage|p2b: Dragapult|0 fnt
|faint|p2b: Dragapult
|-enditem|p1a: Farigiraf|Throat Spray
|-boost|p1a: Farigiraf|spa|1|[from] item: Throat Spray
|move|p1b: Incineroar|Knock Off|p2a: Incineroar
|-resisted|p2a: Incineroar
|-crit|p2a: Incineroar
|-damage|p2a: Incineroar|55/100
|-enditem|p2a: Incineroar|Assault Vest|[from] move: Knock Off|[of] p1b: Incineroar
|move|p2a: Incineroar|Knock Off|p1a: Farigiraf
|-supereffective|p1a: Farigiraf
|-damage|p1a: Farigiraf|0 fnt
|faint|p1a: Farigiraf
|
|upkeep
|
|t:|1757745029
|switch|p2b: Ninetales|Ninetales-Alola, L50, F|100/100
|-weather|Snowscape|[from] ability: Snow Warning|[of] p2b: Ninetales
|turn|4
|
|t:|1757745043
|move|p2b: Ninetales|Protect|p2b: Ninetales
|-singleturn|p2b: Ninetales|Protect
|move|p1b: Incineroar|Flare Blitz|p2b: Ninetales
|-activate|p2b: Ninetales|move: Protect
|move|p2a: Incineroar|Flare Blitz|p1b: Incineroar
|-resisted|p1b: Incineroar
|-damage|p1b: Incineroar|35/100
|-damage|p2a: Incineroar|47/100|[from] Recoil
|
|-weather|Snowscape|[upkeep]
|upkeep
|turn|5
|
|t:|1757745054
|move|p1b: Incineroar|Flare Blitz|p2b: Ninetales
|-supereffective|p2b: Ninetales
|-damage|p2b: Ninetales|37/100
|-damage|p1b: Incineroar|19/100|[from] Recoil
|move|p2a: Incineroar|Flare Blitz|p1b: Incineroar
|-resisted|p1b: Incineroar
|-damage|p1b: Incineroar|0 fnt
|faint|p1b: Incineroar
|-damage|p2a: Incineroar|41/100|[from] Recoil
|
|win|rillaboom0623
||cheesbuga is ready for game 3.
||rillaboom0623 is ready for game 3.
|uhtml|next|Next: Game 3 of 3
|l|☆rillaboom0623
|player|p2|
