|j|☆MoonEnthusiast
|j|☆JeanChasuble
|html|MoonEnthusiastJeanChasuble    
|uhtml|bestof|Game 1 of a best-of-3
|t:|1757708397
|gametype|doubles
|player|p1|MoonEnthusiast|parasollady|1225
|player|p2|JeanChasuble|cheren-gen5bw2|1223
|gen|9
|tier|[Gen 9] VGC 2025 Reg H (Bo3)
|rated|
|rule|Species Clause: Limit one of each Pokémon
|rule|Item Clause: Limit 1 of each item
|clearpoke
|poke|p1|Primarina, L50, F|
|poke|p1|Gothitelle, L50, F|
|poke|p1|Amoonguss, L50, F|
|poke|p1|Incineroar, L50, F|
|poke|p1|Ursaluna-Bloodmoon, L50, M|
|poke|p1|Volcarona, L50, F|
|poke|p2|Porygon2, L50|
|poke|p2|Ursaluna, L50, M|
|poke|p2|Incineroar, L50, M|
|poke|p2|Sneasler, L50, F|
|poke|p2|Hydreigon, L50, F|
|poke|p2|Amoonguss, L50, F|
|teampreview|4
|showteam|p1|Primarina||SitrusBerry|LiquidVoice|Protect,HyperVoice,Moonblast,PerishSong|||F|||50|,,,,,Steel]Gothitelle||MentalHerb|ShadowTag|Protect,Psychic,TrickRoom,FakeOut|||F|||50|,,,,,Water]Amoonguss||RockyHelmet|Regenerator|Protect,PollenPuff,RagePowder,Spore|||F|||50|,,,,,Psychic]Incineroar||SafetyGoggles|Intimidate|Protect,KnockOff,PartingShot,FakeOut|||F|||50|,,,,,Ghost]Ursaluna-Bloodmoon||LifeOrb|MindsEye|Protect,HyperVoice,BloodMoon,EarthPower|||M|||50|,,,,,Normal]Volcarona||CovertCloak|FlameBody|Protect,Flamethrower,BugBuzz,QuiverDance|||F|||50|,,,,,Fairy
|showteam|p2|Porygon2||Eviolite|Download|TeraBlast,IceBeam,TrickRoom,Recover||||||50|,,,,,Flying]Ursaluna||FlameOrb|Guts|Facade,Substitute,HeadlongRush,Protect|||M|||50|,,,,,Ghost]Incineroar||RockyHelmet|Intimidate|FlareBlitz,FakeOut,KnockOff,PartingShot|||M|||50|,,,,,Grass]Sneasler||FocusSash|Unburden|CloseCombat,DireClaw,FakeOut,Protect|||F|||50|,,,,,Stellar]Hydreigon||SafetyGoggles|Levitate|DracoMeteor,Snarl,Protect,Tailwind|||F|||50|,,,,,Ghost]Amoonguss||SitrusBerry|Regenerator|SludgeBomb,Spore,RagePowder,Protect|||F|||50|,,,,,Water
|inactive|Battle timer is ON: inactive players will automatically lose when time's up. (requested by MoonEnthusiast)
|inactive|MoonEnthusiast has 60 seconds left.
|inactive|JeanChasuble has 60 seconds left.
|
|t:|1757708445
|teamsize|p1|4
|teamsize|p2|4
|start
|switch|p1a: Incineroar|Incineroar, L50, F|100/100
|switch|p1b: Volcarona|Volcarona, L50, F|100/100
|switch|p2a: Ursaluna|Ursaluna, L50, M|100/100
|switch|p2b: Porygon2|Porygon2, L50|100/100
|-ability|p2b: Porygon2|Download|boost
|-boost|p2b: Porygon2|atk|1
|-ability|p1a: Incineroar|Intimidate|boost
|-unboost|p2a: Ursaluna|atk|1
|-unboost|p2b: Porygon2|atk|1
|turn|1
|inactive|MoonEnthusiast has 30 seconds left.
|
|t:|1757708473
|move|p1a: Incineroar|Fake Out|p2b: Porygon2
|-crit|p2b: Porygon2
|-damage|p2b: Porygon2|90/100
|move|p1b: Volcarona|Quiver Dance|p1b: Volcarona
|-boost|p1b: Volcarona|spa|1
|-boost|p1b: Volcarona|spd|1
|-boost|p1b: Volcarona|spe|1
|move|p2a: Ursaluna|Headlong Rush|p1a: Incineroar
|-supereffective|p1a: Incineroar
|-damage|p1a: Incineroar|29/100
|-unboost|p2a: Ursaluna|def|1
|-unboost|p2a: Ursaluna|spd|1
|cant|p2b: Porygon2|flinch
|
|-status|p2a: Ursaluna|brn|[from] item: Flame Orb
|upkeep
|turn|2
|inactive|JeanChasuble has 30 seconds left.
|
|t:|1757708506
|move|p2a: Ursaluna|Protect|p2a: Ursaluna
|-singleturn|p2a: Ursaluna|Protect
|move|p1b: Volcarona|Flamethrower|p2b: Porygon2
|-damage|p2b: Porygon2|48/100
|-status|p2b: Porygon2|brn
|move|p1a: Incineroar|Knock Off|p2b: Porygon2
|-damage|p2b: Porygon2|24/100 brn
|-enditem|p2b: Porygon2|Eviolite|[from] move: Knock Off|[of] p1a: Incineroar
|move|p2b: Porygon2|Trick Room|p2b: Porygon2
|-fieldstart|move: Trick Room|[of] p2b: Porygon2
|
|-damage|p2b: Porygon2|18/100 brn|[from] brn
|-damage|p2a: Ursaluna|95/100 brn|[from] brn
|upkeep
|turn|3
|
|t:|1757708524
|-terastallize|p2b: Porygon2|Flying
|move|p1b: Volcarona|Protect|p1b: Volcarona
|-singleturn|p1b: Volcarona|Protect
|move|p1a: Incineroar|Parting Shot|p2a: Ursaluna
|-unboost|p2a: Ursaluna|atk|1
|-unboost|p2a: Ursaluna|spa|1
|
|t:|1757708533
|switch|p1a: Gothitelle|Gothitelle, L50, F|100/100|[from] Parting Shot
|move|p2b: Porygon2|Tera Blast|p1a: Gothitelle|[anim] Tera Blast Flying
|-damage|p1a: Gothitelle|75/100
|move|p2a: Ursaluna|Facade|p1b: Volcarona
|-activate|p1b: Volcarona|move: Protect
|
|-damage|p2b: Porygon2|12/100 brn|[from] brn
|-damage|p2a: Ursaluna|89/100 brn|[from] brn
|upkeep
|turn|4
|
|t:|1757708549
|move|p1a: Gothitelle|Fake Out|p2a: Ursaluna
|-damage|p2a: Ursaluna|83/100 brn
|move|p2b: Porygon2|Tera Blast|p1b: Volcarona|[anim] Tera Blast Flying
|-supereffective|p1b: Volcarona
|-damage|p1b: Volcarona|54/100
|cant|p2a: Ursaluna|flinch
|move|p1b: Volcarona|Flamethrower|p2a: Ursaluna
|-damage|p2a: Ursaluna|0 fnt
|faint|p2a: Ursaluna
|
|-damage|p2b: Porygon2|6/100 brn|[from] brn
|upkeep
|
|t:|1757708561
|switch|p2a: Incineroar|Incineroar, L50, M|100/100
|-ability|p2a: Incineroar|Intimidate|boost
|-unboost|p1a: Gothitelle|atk|1
|-unboost|p1b: Volcarona|atk|1
|turn|5
|
|t:|1757708578
|switch|p1a: Incineroar|Incineroar, L50, F|29/100
|-ability|p1a: Incineroar|Intimidate|boost
|-unboost|p2a: Incineroar|atk|1
|-unboost|p2b: Porygon2|atk|1
|move|p1b: Volcarona|Protect|p1b: Volcarona
|-singleturn|p1b: Volcarona|Protect
|move|p2b: Porygon2|Recover|p2b: Porygon2
|-heal|p2b: Porygon2|56/100 brn
|move|p2a: Incineroar|Knock Off|p1a: Incineroar
|-resisted|p1a: Incineroar
|-crit|p1a: Incineroar
|-damage|p1a: Incineroar|9/100
|-enditem|p1a: Incineroar|Safety Goggles|[from] move: Knock Off|[of] p2a: Incineroar
|
|-damage|p2b: Porygon2|49/100 brn|[from] brn
|upkeep
|turn|6
|
|t:|1757708594
|move|p1a: Incineroar|Fake Out|p2b: Porygon2
|-damage|p2b: Porygon2|40/100 brn
|cant|p2b: Porygon2|flinch
|move|p2a: Incineroar|Flare Blitz|p1b: Volcarona
|-damage|p1b: Volcarona|13/100
|-damage|p2a: Incineroar|89/100|[from] Recoil
|move|p1b: Volcarona|Quiver Dance|p1b: Volcarona
|-boost|p1b: Volcarona|spa|1
|-boost|p1b: Volcarona|spd|1
|-boost|p1b: Volcarona|spe|1
|
|-damage|p2b: Porygon2|33/100 brn|[from] brn
|-fieldend|move: Trick Room
|upkeep
|turn|7
|inactive|MoonEnthusiast has 30 seconds left.
|
|t:|1757708620
|move|p1b: Volcarona|Flamethrower|p2b: Porygon2
|-damage|p2b: Porygon2|0 fnt
|faint|p2b: Porygon2
|move|p2a: Incineroar|Flare Blitz|p1b: Volcarona
|-damage|p1b: Volcarona|0 fnt
|faint|p1b: Volcarona
|-damage|p2a: Incineroar|85/100|[from] Recoil
|move|p1a: Incineroar|Parting Shot|p2a: Incineroar
|-unboost|p2a: Incineroar|atk|1
|-unboost|p2a: Incineroar|spa|1
|
|t:|1757708627
|switch|p1a: Gothitelle|Gothitelle, L50, F|75/100|[from] Parting Shot
|
|upkeep
|
|t:|1757708631
|switch|p1b: Primarina|Primarina, L50, F|100/100
|switch|p2b: Sneasler|Sneasler, L50, F|100/100
|turn|8
|inactive|JeanChasuble has 30 seconds left.
|
|t:|1757708659
|switch|p1a: Incineroar|Incineroar, L50, F|9/100
|-ability|p1a: Incineroar|Intimidate|boost
|-unboost|p2a: Incineroar|atk|1
|-unboost|p2b: Sneasler|atk|1
|move|p1b: Primarina|Protect|p1b: Primarina
|-singleturn|p1b: Primarina|Protect
|move|p2b: Sneasler|Fake Out|p1b: Primarina
|-activate|p1b: Primarina|move: Protect
|move|p2a: Incineroar|Knock Off|p1a: Incineroar
|-resisted|p1a: Incineroar
|-damage|p1a: Incineroar|6/100
|
|upkeep
|turn|9
|
|t:|1757708673
|move|p1a: Incineroar|Fake Out|p2b: Sneasler
|-damage|p2b: Sneasler|84/100
|cant|p2b: Sneasler|flinch
|move|p1b: Primarina|Hyper Voice|p2a: Incineroar|[spread] p2a,p2b
|-supereffective|p2a: Incineroar
|-damage|p2a: Incineroar|24/100
|-damage|p2b: Sneasler|33/100
|move|p2a: Incineroar|Flare Blitz|p1a: Incineroar
|-resisted|p1a: Incineroar
|-damage|p1a: Incineroar|0 fnt
|faint|p1a: Incineroar
|-damage|p2a: Incineroar|22/100|[from] Recoil
|
|upkeep
|
|t:|1757708684
|switch|p1a: Gothitelle|Gothitelle, L50, F|75/100
|turn|10
|
|t:|1757708691
|move|p2b: Sneasler|Protect|p2b: Sneasler
|-singleturn|p2b: Sneasler|Protect
|move|p1a: Gothitelle|Fake Out|p2b: Sneasler
|-activate|p2b: Sneasler|move: Protect
|move|p1b: Primarina|Hyper Voice|p2b: Sneasler|[spread] p2a
|-activate|p2b: Sneasler|move: Protect
|-supereffective|p2a: Incineroar
|-damage|p2a: Incineroar|0 fnt
|faint|p2a: Incineroar
|
|upkeep
|turn|11
|
|t:|1757708694
|move|p2b: Sneasler|Dire Claw|p1b: Primarina
|-supereffective|p1b: Primarina
|-damage|p1b: Primarina|27/100
|-enditem|p1b: Primarina|Sitrus Berry|[eat]
|-heal|p1b: Primarina|52/100|[from] item: Sitrus Berry
|move|p1a: Gothitelle|Psychic|p2b: Sneasler
|-supereffective|p2b: Sneasler
|-damage|p2b: Sneasler|0 fnt
|faint|p2b: Sneasler
|
|win|MoonEnthusiast
||JeanChasuble is ready for game 2.
||MoonEnthusiast is ready for game 2.
|uhtml|next|Next: Game 2 of 3
