|j|☆greninja928
|j|☆Solaris(X)Eclipse
|html|greninja928Solaris(X)Eclipse    
|uhtml|bestof|Game 2 of a best-of-3
|t:|1785874322
|gametype|doubles
|player|p1|greninja928|gambler|
|player|p2|Solaris(X)Eclipse|richboy|
|gen|9
|tier|[Gen 9 Champions] VGC 2026 Reg M-B (Bo3)
|rule|Species Clause: Limit one of each Pokémon
|rule|Item Clause: Limit 1 of each item
|clearpoke
|poke|p1|Archaludon, L50, M|
|poke|p1|Maushold-Four, L50|
|poke|p1|Pelipper, L50, F|
|poke|p1|Glimmora, L50, M|
|poke|p1|Basculegion, L50, M|
|poke|p1|Sinistcha, L50|
|poke|p2|Froslass, L50, F, shiny|
|poke|p2|Beartic, L50, M, shiny|
|poke|p2|Aurorus, L50, M, shiny|
|poke|p2|Ninetales-Alola, L50, M, shiny|
|poke|p2|Vanilluxe, L50, M, shiny|
|poke|p2|Weavile, L50, M, shiny|
|teampreview|4
|showteam|p1|Archaludon||Leftovers|Stamina|ElectroShot,DragonPulse,FlashCannon,AuraSphere|Modest||M|||50|]Maushold-Four||WideLens|Technician|TidyUp,PopulationBomb,Bite,Encore|Jolly|||||50|]Pelipper||DampRock|Drizzle|Tailwind,Hurricane,Roost,Uturn|Relaxed||F|||50|]Glimmora||Glimmoranite|ToxicDebris|PowerGem,SludgeBomb,EarthPower,MortalSpin|Timid||M|||50|]Basculegion||ChoiceScarf|Adaptability|WaveCrash,LastRespects,FlipTurn,AquaJet|Jolly||M|||50|]Sinistcha||BrightPowder|Hospitality|RagePowder,MatchaGotcha,ShadowBall,Protect|Calm|||||50|
|showteam|p2|Froslass||Froslassite|SnowCloak|Blizzard,DestinyBond,ShadowBall,WeatherBall|Timid||F|||50|]Beartic||ExpertBelt|SlushRush|IcicleCrash,Crunch,AquaJet,BrickBreak|Adamant||M|||50|]Aurorus||LifeOrb|Refrigerate|HyperVoice,FlashCannon,AncientPower,WeatherBall|Modest||M|||50|]Ninetales-Alola||LightClay|SnowCloak|AuroraVeil,Blizzard,Moonblast,DarkPulse|Timid||M|||50|]Vanilluxe||IcyRock|SnowWarning|WeatherBall,Blizzard,IcyWind,ChillingWater|Modest||M|||50|]Weavile||FocusSash|Pickpocket|KnockOff,IceShard,SwordsDance,FakeOut|Jolly||M|||50|
|c|☆greninja928|The Freeze Sold Me
|c|☆Solaris(X)Eclipse|Indeed!
|
|t:|1785874344
|teamsize|p1|4
|teamsize|p2|4
|start
|switch|p1a: Glimmora|Glimmora, L50, M|100/100
|switch|p1b: Archaludon|Archaludon, L50, M|100/100
|switch|p2a: Froslass|Froslass, L50, F, shiny|100/100
|switch|p2b: Vanilluxe|Vanilluxe, L50, M, shiny|100/100
|-weather|Snowscape|[from] ability: Snow Warning|[of] p2b: Vanilluxe
|turn|1
|
|t:|1785874370
|switch|p2a: Weavile|Weavile, L50, M, shiny|100/100
|detailschange|p1a: Glimmora|Glimmora-Mega, L50, M
|-mega|p1a: Glimmora|Glimmora|Glimmoranite
|move|p1a: Glimmora|Power Gem|p2a: Weavile
|-supereffective|p2a: Weavile|1
|-enditem|p2a: Weavile|Focus Sash
|-damage|p2a: Weavile|1/100
|move|p1b: Archaludon|Flash Cannon|p2b: Vanilluxe
|-supereffective|p2b: Vanilluxe|1
|-damage|p2b: Vanilluxe|25/100
|move|p2b: Vanilluxe|Icy Wind|p1a: Glimmora|[spread] p1a,p1b
|-damage|p1a: Glimmora|74/100
|-damage|p1b: Archaludon|80/100
|-unboost|p1a: Glimmora|spe|1
|-unboost|p1b: Archaludon|spe|1
|-ability|p1b: Archaludon|Stamina|boost
|-boost|p1b: Archaludon|def|1
|
|-weather|Snowscape|[upkeep]
|-heal|p1b: Archaludon|86/100|[from] item: Leftovers
|upkeep
|turn|2
|c|☆greninja928|SASH
|c|☆greninja928|Gulp
|
|t:|1785874400
|move|p2a: Weavile|Fake Out|p1b: Archaludon
|-resisted|p1b: Archaludon|1
|-damage|p1b: Archaludon|82/100
|-ability|p1b: Archaludon|Stamina|boost
|-boost|p1b: Archaludon|def|1
|move|p1a: Glimmora|Power Gem|p2a: Weavile
|-supereffective|p2a: Weavile|1
|-damage|p2a: Weavile|0 fnt
|faint|p2a: Weavile
|move|p2b: Vanilluxe|Blizzard|p1a: Glimmora|[spread] p1a,p1b
|-damage|p1a: Glimmora|27/100
|-damage|p1b: Archaludon|41/100
|-ability|p1b: Archaludon|Stamina|boost
|-boost|p1b: Archaludon|def|1
|cant|p1b: Archaludon|flinch
|
|-weather|Snowscape|[upkeep]
|-heal|p1b: Archaludon|47/100|[from] item: Leftovers
|upkeep
|
|t:|1785874415
|switch|p2a: Ninetales|Ninetales-Alola, L50, M, shiny|100/100
|turn|3
|
|t:|1785874430
|move|p2a: Ninetales|Blizzard|p1b: Archaludon|[spread] p1a,p1b
|-damage|p1a: Glimmora|0 fnt
|-damage|p1b: Archaludon|18/100
|-ability|p1b: Archaludon|Stamina|boost
|-boost|p1b: Archaludon|def|1
|faint|p1a: Glimmora
|move|p2b: Vanilluxe|Blizzard|p1b: Archaludon
|-damage|p1b: Archaludon|0 fnt
|faint|p1b: Archaludon
|
|-weather|Snowscape|[upkeep]
|upkeep
|
|t:|1785874439
|switch|p1a: Pelipper|Pelipper, L50, F|100/100
|switch|p1b: Basculegion|Basculegion, L50, M|100/100
|-weather|RainDance|[from] ability: Drizzle|[of] p1a: Pelipper
|turn|4
|
|t:|1785874466
|move|p1b: Basculegion|Last Respects|p2a: Ninetales
|-damage|p2a: Ninetales|0 fnt
|faint|p2a: Ninetales
|move|p2b: Vanilluxe|Icy Wind|p1b: Basculegion|[spread] p1a,p1b
|-resisted|p1b: Basculegion|1
|-damage|p1a: Pelipper|67/100
|-damage|p1b: Basculegion|88/100
|-unboost|p1a: Pelipper|spe|1
|-unboost|p1b: Basculegion|spe|1
|move|p1a: Pelipper|Hurricane|p2b: Vanilluxe
|-damage|p2b: Vanilluxe|0 fnt
|faint|p2b: Vanilluxe
|
|-weather|RainDance|[upkeep]
|upkeep
|
|t:|1785874473
|switch|p2b: Froslass|Froslass, L50, F, shiny|100/100
|turn|5
|c|☆Solaris(X)Eclipse|Uh oh
|
|t:|1785874492
|detailschange|p2b: Froslass|Froslass-Mega, L50, F, shiny
|-mega|p2b: Froslass|Froslass|Froslassite
|-weather|Snowscape|[from] ability: Snow Warning|[of] p2b: Froslass
|move|p2b: Froslass|Shadow Ball|p1b: Basculegion
|-supereffective|p1b: Basculegion|1
|-damage|p1b: Basculegion|0 fnt
|faint|p1b: Basculegion
|move|p1a: Pelipper|Hurricane|p2b: Froslass
|-damage|p2b: Froslass|56/100
|-start|p2b: Froslass|confusion
|
|-weather|Snowscape|[upkeep]
|upkeep
|turn|6
|c|☆Solaris(X)Eclipse|gg
|c|☆greninja928|Gulp
|c|☆greninja928|YES
|c|☆greninja928|WAIT
|c|☆Solaris(X)Eclipse|OH NO
|
|t:|1785874509
|-activate|p2b: Froslass|confusion
|move|p2b: Froslass|Blizzard|p1a: Pelipper
|-damage|p1a: Pelipper|0 fnt
|faint|p1a: Pelipper
|
|win|Solaris(X)Eclipse
|c|☆greninja928|RIGGED
|c|☆greninja928|gg
|c|☆Solaris(X)Eclipse|gg
