|j|☆ChoraoSofa
|j|☆atmhools1
|html|ChoraoSofaatmhools1    
|uhtml|bestof|Game 2 of a best-of-3
|t:|1757788682
|gametype|doubles
|player|p1|ChoraoSofa|swimmer-gen4|1037
|player|p2|atmhools1|101|1033
|gen|9
|tier|[Gen 9] VGC 2025 Reg H (Bo3)
|rated|
|rule|Species Clause: Limit one of each Pokémon
|rule|Item Clause: Limit 1 of each item
|clearpoke
|poke|p1|Gardevoir, L50, F|
|poke|p1|Salamence, L50, F|
|poke|p1|Excadrill, L50, F|
|poke|p1|Tyranitar, L50, M|
|poke|p1|Braviary, L50, M|
|poke|p1|Rotom-Mow, L50|
|poke|p2|Torkoal, L50, M|
|poke|p2|Indeedee-F, L50, F|
|poke|p2|Annihilape, L50, M|
|poke|p2|Amoonguss, L50, F|
|poke|p2|Ursaluna, L50, F|
|poke|p2|Incineroar, L50, F|
|teampreview|4
|showteam|p1|Gardevoir||LifeOrb|Telepathy|ExpandingForce,Moonblast,DazzlingGleam,Protect|||F|||50|,,,,,Fairy]Salamence||ScopeLens|Intimidate|DracoMeteor,HeatWave,FocusEnergy,Protect|||F|||50|,,,,,Steel]Excadrill||ClearAmulet|SandRush|HighHorsepower,IronHead,Earthquake,Protect|||F|||50|,,,,,Stellar]Tyranitar||AssaultVest|SandStream|RockSlide,KnockOff,LowKick,TeraBlast|||M|||50|,,,,,Flying]Braviary||CovertCloak|Defiant|Tailwind,BraveBird,CloseCombat,Protect|||M|||50|,,,,,Grass]Rotom-Mow||ChoiceSpecs|Levitate|LeafStorm,Discharge,VoltSwitch,Trick||||||50|,,,,,Rock
|showteam|p2|Torkoal||Charcoal|Drought|Eruption,EarthPower,Flamethrower,Protect|||M|||50|,,,,,Grass]Indeedee-F||PsychicSeed|PsychicSurge|DazzlingGleam,HelpingHand,TrickRoom,FollowMe|||F|||50|,,,,,Flying]Annihilape||SafetyGoggles|Defiant|RageFist,DrainPunch,BulkUp,Protect|||M|||50|,,,,,Fairy]Amoonguss||MentalHerb|Regenerator|PollenPuff,Spore,RagePowder,ClearSmog|||F|||50|,,,,,Dark]Ursaluna||FlameOrb|Guts|Facade,HeadlongRush,BulkUp,Protect|||F|||50|,,,,,Ghost]Incineroar||SitrusBerry|Intimidate|FlareBlitz,KnockOff,PartingShot,FakeOut|||F|||50|,,,,,Grass
|inactive|Battle timer is ON: inactive players will automatically lose when time's up. (requested by ChoraoSofa)
|
|t:|1757788706
|teamsize|p1|4
|teamsize|p2|4
|start
|switch|p1a: Tyranitar|Tyranitar, L50, M|100/100
|switch|p1b: Excadrill|Excadrill, L50, F|100/100
|switch|p2a: Annihilape|Annihilape, L50, M|100/100
|switch|p2b: Incineroar|Incineroar, L50, F|100/100
|-weather|Sandstorm|[from] ability: Sand Stream|[of] p1a: Tyranitar
|-ability|p2b: Incineroar|Intimidate|boost
|-unboost|p1a: Tyranitar|atk|1
|-fail|p1b: Excadrill|unboost|[from] item: Clear Amulet|[of] p1b: Excadrill
|turn|1
|
|t:|1757788727
|switch|p1b: Braviary|Braviary, L50, M|100/100
|-terastallize|p2a: Annihilape|Fairy
|move|p2a: Annihilape|Bulk Up|p2a: Annihilape
|-boost|p2a: Annihilape|atk|1
|-boost|p2a: Annihilape|def|1
|move|p1a: Tyranitar|Rock Slide|p2a: Annihilape|[spread] p2a,p2b
|-crit|p2a: Annihilape
|-supereffective|p2b: Incineroar
|-damage|p2a: Annihilape|45/100
|-damage|p2b: Incineroar|61/100
|move|p2b: Incineroar|Parting Shot|p1a: Tyranitar
|-unboost|p1a: Tyranitar|atk|1
|-unboost|p1a: Tyranitar|spa|1
|
|t:|1757788738
|switch|p2b: Amoonguss|Amoonguss, L50, F|100/100|[from] Parting Shot
|
|-weather|Sandstorm|[upkeep]
|-damage|p1b: Braviary|94/100|[from] Sandstorm
|-damage|p2b: Amoonguss|94/100|[from] Sandstorm
|upkeep
|turn|2
|inactive|ChoraoSofa has 30 seconds left.
|inactive|ChoraoSofa has 20 seconds left.
|
|t:|1757788778
|switch|p1a: Rotom|Rotom-Mow, L50|100/100
|switch|p2b: Incineroar|Incineroar, L50, F|61/100
|-ability|p2b: Incineroar|Intimidate|boost
|-unboost|p1a: Rotom|atk|1
|-unboost|p1b: Braviary|atk|1
|-ability|p1b: Braviary|Defiant|boost
|-boost|p1b: Braviary|atk|2
|move|p2a: Annihilape|Drain Punch|p1a: Rotom
|-damage|p1a: Rotom|43/100
|-heal|p2a: Annihilape|68/100|[from] drain|[of] p1a: Rotom
|move|p1b: Braviary|Brave Bird|p2b: Incineroar
|-damage|p2b: Incineroar|0 fnt
|faint|p2b: Incineroar
|-damage|p1b: Braviary|72/100|[from] Recoil
|
|-weather|Sandstorm|[upkeep]
|-damage|p1b: Braviary|65/100|[from] Sandstorm
|-damage|p1a: Rotom|37/100|[from] Sandstorm
|upkeep
|
|t:|1757788793
|switch|p2b: Amoonguss|Amoonguss, L50, F|100/100
|turn|3
|inactive|ChoraoSofa has 30 seconds left.
|
|t:|1757788824
|move|p2a: Annihilape|Drain Punch|p1b: Braviary
|-damage|p1b: Braviary|0 fnt
|-heal|p2a: Annihilape|99/100|[from] drain|[of] p1b: Braviary
|faint|p1b: Braviary
|move|p1a: Rotom|Leaf Storm|p2a: Annihilape
|-damage|p2a: Annihilape|19/100
|-unboost|p1a: Rotom|spa|2
|move|p2b: Amoonguss|Spore|p1a: Rotom
|-immune|p1a: Rotom
|
|-weather|Sandstorm|[upkeep]
|-damage|p1a: Rotom|31/100|[from] Sandstorm
|-damage|p2b: Amoonguss|94/100|[from] Sandstorm
|upkeep
|
|t:|1757788832
|switch|p1b: Excadrill|Excadrill, L50, F|100/100
|turn|4
|
|t:|1757788846
|switch|p1a: Tyranitar|Tyranitar, L50, M|100/100
|move|p2a: Annihilape|Protect|p2a: Annihilape
|-singleturn|p2a: Annihilape|Protect
|move|p1b: Excadrill|Iron Head|p2a: Annihilape
|-activate|p2a: Annihilape|move: Protect
|move|p2b: Amoonguss|Spore|p1b: Excadrill
|-status|p1b: Excadrill|slp|[from] move: Spore
|
|-weather|Sandstorm|[upkeep]
|-damage|p2b: Amoonguss|88/100|[from] Sandstorm
|upkeep
|turn|5
|
|t:|1757788857
|-terastallize|p1a: Tyranitar|Flying
|cant|p1b: Excadrill|slp
|move|p2b: Amoonguss|Rage Powder|p2b: Amoonguss
|-singleturn|p2b: Amoonguss|move: Rage Powder
|move|p2a: Annihilape|Rage Fist|p1a: Tyranitar
|-damage|p1a: Tyranitar|16/100
|move|p1a: Tyranitar|Tera Blast|p2b: Amoonguss|[anim] Tera Blast Flying
|-supereffective|p2b: Amoonguss
|-damage|p2b: Amoonguss|0 fnt
|faint|p2b: Amoonguss
|
|-weather|none
|upkeep
|
|t:|1757788869
|switch|p2b: Torkoal|Torkoal, L50, M|100/100
|-weather|SunnyDay|[from] ability: Drought|[of] p2b: Torkoal
|turn|6
|
|t:|1757788881
|switch|p1a: Rotom|Rotom-Mow, L50|31/100
|move|p2a: Annihilape|Protect|p2a: Annihilape
|-singleturn|p2a: Annihilape|Protect
|-curestatus|p1b: Excadrill|slp|[msg]
|move|p1b: Excadrill|Earthquake|p2b: Torkoal|[spread] p2b
|-activate|p2a: Annihilape|move: Protect
|-immune|p1a: Rotom|[from] ability: Levitate
|-supereffective|p2b: Torkoal
|-damage|p2b: Torkoal|38/100
|move|p2b: Torkoal|Eruption|p1a: Rotom|[spread] p1a,p1b
|-supereffective|p1a: Rotom
|-supereffective|p1b: Excadrill
|-damage|p1a: Rotom|0 fnt
|-damage|p1b: Excadrill|9/100
|faint|p1a: Rotom
|
|-weather|SunnyDay|[upkeep]
|upkeep
|
|t:|1757788895
|switch|p1a: Tyranitar|Tyranitar, L50, M, tera:Flying|16/100
|-weather|Sandstorm|[from] ability: Sand Stream|[of] p1a: Tyranitar
|turn|7
|
|t:|1757788905
|move|p1b: Excadrill|Earthquake|p2b: Torkoal|[spread] p2a,p2b
|-immune|p1a: Tyranitar
|-supereffective|p2b: Torkoal
|-damage|p2a: Annihilape|0 fnt
|-damage|p2b: Torkoal|0 fnt
|faint|p2a: Annihilape
|faint|p2b: Torkoal
|
|win|ChoraoSofa
|l|☆atmhools1
|player|p2|
||ChoraoSofa is ready for game 3.
|inactive|atmhools1 has 30 seconds to confirm battle start!
|inactive|atmhools1 has 20 seconds to confirm battle start!
|inactive|atmhools1 has 9 seconds to confirm battle start!
|uhtml|next|Next: Game 3 of 3
|l|☆ChoraoSofa
|player|p1|
