|j|☆Chizardfalife
|j|☆Zephrhills
|html|ChizardfalifeZephrhills    
|uhtml|bestof|Game 3 of a best-of-3
|t:|1784500531
|gametype|doubles
|player|p1|Chizardfalife|marshal|
|player|p2|Zephrhills|miku-ghost|
|gen|9
|tier|[Gen 9 Champions] VGC 2026 Reg M-B (Bo3)
|rule|Species Clause: Limit one of each Pokémon
|rule|Item Clause: Limit 1 of each item
|clearpoke
|poke|p1|Dragonite, L50, M|
|poke|p1|Primarina, L50, M|
|poke|p1|Aerodactyl, L50, M|
|poke|p1|Krookodile, L50, M|
|poke|p1|Sharpedo, L50, F|
|poke|p1|Lucario, L50, F|
|poke|p2|Blaziken, L50, F|
|poke|p2|Meowstic, L50, M|
|poke|p2|Greninja, L50, F, shiny|
|poke|p2|Florges-White, L50, F, shiny|
|poke|p2|Rotom-Wash, L50, shiny|
|poke|p2|Scizor, L50, F|
|teampreview|4
|showteam|p1|Dragonite||SitrusBerry|Multiscale|IceSpinner,ThunderPunch,StompingTantrum,ExtremeSpeed|Adamant||M|||50|]Primarina||Leftovers|LiquidVoice|Protect,DazzlingGleam,HyperVoice,IceBeam|Modest||M|||50|]Aerodactyl||FocusSash|Unnerve|Tailwind,RockSlide,DualWingbeat,Protect|Jolly||M|||50|]Krookodile||ChoiceScarf|Intimidate|BreakingSwipe,Crunch,HighHorsepower,RockSlide|Jolly||M|||50|]Sharpedo||Sharpedonite|RoughSkin|Protect,Waterfall,IceFang,Crunch|Jolly||F|||50|]Lucario||LifeOrb|InnerFocus|BulletPunch,IcePunch,CloseCombat,Protect|Adamant||F|||50|
|showteam|p2|Blaziken||Blazikenite|SpeedBoost|RockSlide,Detect,CloseCombat,SwordsDance|Adamant||F|||50|]Meowstic||Meowsticite|Prankster|ThunderWave,TrickRoom,AlluringVoice,FakeOut|Modest||M|||50|]Greninja||FocusSash|Protean|WaterShuriken,IceBeam,GunkShot,BrickBreak|Rash||F|||50|]Florges-White||Leftovers|Symbiosis|Wish,DrainingKiss,HelpingHand,Protect|Modest||F|||50|]Rotom-Wash||SitrusBerry|Levitate|Thunderbolt,VoltSwitch,Reflect,Protect|Bold|||||50|]Scizor||OccaBerry|Technician|BulletPunch,Uturn,Protect,Tailwind|Adamant||F|||50|
|
|t:|1784500663
|teamsize|p1|4
|teamsize|p2|4
|start
|switch|p1a: Aerodactyl|Aerodactyl, L50, M|100/100
|switch|p1b: Dragonite|Dragonite, L50, M|100/100
|switch|p2a: Rotom|Rotom-Wash, L50, shiny|100/100
|switch|p2b: Florges|Florges-White, L50, F, shiny|100/100
|-ability|p1a: Aerodactyl|Unnerve
|turn|1
|
|t:|1784500715
|move|p1b: Dragonite|Extreme Speed|p2a: Rotom
|-damage|p2a: Rotom|70/100
|move|p1a: Aerodactyl|Tailwind|p1a: Aerodactyl
|-sidestart|p1: Chizardfalife|move: Tailwind
|move|p2a: Rotom|Reflect|p2a: Rotom
|-sidestart|p2: Zephrhills|Reflect
|move|p2b: Florges|Draining Kiss|p1b: Dragonite
|-supereffective|p1b: Dragonite|1
|-damage|p1b: Dragonite|75/100
|
|upkeep
|turn|2
|
|t:|1784500756
|switch|p1a: Primarina|Primarina, L50, M|100/100
|move|p1b: Dragonite|Extreme Speed|p2a: Rotom
|-damage|p2a: Rotom|51/100
|move|p2a: Rotom|Thunderbolt|p1a: Primarina
|-supereffective|p1a: Primarina|1
|-damage|p1a: Primarina|41/100
|move|p2b: Florges|Draining Kiss|p1b: Dragonite
|-supereffective|p1b: Dragonite|1
|-damage|p1b: Dragonite|23/100
|-enditem|p1b: Dragonite|Sitrus Berry|[eat]
|-heal|p1b: Dragonite|48/100|[from] item: Sitrus Berry
|
|-heal|p1a: Primarina|47/100|[from] item: Leftovers
|upkeep
|turn|3
|
|t:|1784500823
|move|p1a: Primarina|Protect|p1a: Primarina
|-singleturn|p1a: Primarina|Protect
|move|p1b: Dragonite|Extreme Speed|p2b: Florges
|-damage|p2b: Florges|78/100
|move|p2a: Rotom|Thunderbolt|p1a: Primarina
|-activate|p1a: Primarina|move: Protect
|move|p2b: Florges|Draining Kiss|p1b: Dragonite
|-supereffective|p1b: Dragonite|1
|-damage|p1b: Dragonite|0 fnt
|-heal|p2b: Florges|100/100|[from] drain|[of] p1b: Dragonite
|faint|p1b: Dragonite
|
|-heal|p1a: Primarina|52/100|[from] item: Leftovers
|upkeep
|
|t:|1784500832
|switch|p1b: Krookodile|Krookodile, L50, M|100/100
|-ability|p1b: Krookodile|Intimidate|boost
|-unboost|p2a: Rotom|atk|1
|-unboost|p2b: Florges|atk|1
|turn|4
|
|t:|1784500858
|move|p2a: Rotom|Protect|p2a: Rotom
|-singleturn|p2a: Rotom|Protect
|move|p1b: Krookodile|High Horsepower|p2b: Florges
|-damage|p2b: Florges|67/100
|move|p1a: Primarina|Dazzling Gleam|p2a: Rotom|[spread] p2b
|-activate|p2a: Rotom|move: Protect
|-damage|p2b: Florges|44/100
|move|p2b: Florges|Draining Kiss|p1b: Krookodile
|-supereffective|p1b: Krookodile|1
|-damage|p1b: Krookodile|37/100
|-heal|p2b: Florges|88/100|[from] drain|[of] p1b: Krookodile
|
|-heal|p1a: Primarina|58/100|[from] item: Leftovers
|-heal|p2b: Florges|94/100|[from] item: Leftovers
|-sideend|p1: Chizardfalife|move: Tailwind
|upkeep
|turn|5
|
|t:|1784500880
|move|p1b: Krookodile|High Horsepower|p2b: Florges
|-damage|p2b: Florges|60/100
|move|p2a: Rotom|Thunderbolt|p1a: Primarina
|-supereffective|p1a: Primarina|1
|-damage|p1a: Primarina|0 fnt
|faint|p1a: Primarina
|move|p2b: Florges|Draining Kiss|p1b: Krookodile
|-supereffective|p1b: Krookodile|1
|-damage|p1b: Krookodile|0 fnt
|-heal|p2b: Florges|86/100|[from] drain|[of] p1b: Krookodile
|faint|p1b: Krookodile
|
|-heal|p2b: Florges|92/100|[from] item: Leftovers
|-sideend|p2: Zephrhills|Reflect
|upkeep
|
|t:|1784500887
|switch|p1a: Aerodactyl|Aerodactyl, L50, M|100/100
|-ability|p1a: Aerodactyl|Unnerve
|turn|6
|
|t:|1784500897
|move|p1a: Aerodactyl|Rock Slide|p2b: Florges|[spread] p2a,p2b
|-damage|p2a: Rotom|29/100
|-damage|p2b: Florges|65/100
|move|p2a: Rotom|Thunderbolt|p1a: Aerodactyl
|-supereffective|p1a: Aerodactyl|1
|-enditem|p1a: Aerodactyl|Focus Sash
|-damage|p1a: Aerodactyl|1/100
|move|p2b: Florges|Draining Kiss|p1a: Aerodactyl
|-damage|p1a: Aerodactyl|0 fnt
|-heal|p2b: Florges|66/100|[from] drain|[of] p1a: Aerodactyl
|-enditem|p2a: Rotom|Sitrus Berry|[eat]
|-heal|p2a: Rotom|54/100|[from] item: Sitrus Berry
|-activate|p2b: Florges|ability: Symbiosis|Leftovers|[of] p2a: Rotom
|faint|p1a: Aerodactyl
|
|win|Zephrhills
