|j|☆spearow's nest
|j|☆TotalYinser6643
|html|spearow's nestTotalYinser6643    
|uhtml|bestof|Game 1 of a best-of-3
|t:|1757818295
|gametype|doubles
|player|p1|spearow's nest|lance|1154
|player|p2|TotalYinser6643|170|1157
|gen|9
|tier|[Gen 9] VGC 2025 Reg H (Bo3)
|rated|
|rule|Species Clause: Limit one of each Pokémon
|rule|Item Clause: Limit 1 of each item
|clearpoke
|poke|p1|Ursaluna-Bloodmoon, L50, M|
|poke|p1|Incineroar, L50, F|
|poke|p1|Farigiraf, L50, F|
|poke|p1|Gholdengo, L50|
|poke|p1|Flamigo, L50, F|
|poke|p1|Electabuzz, L50, M|
|poke|p2|Pelipper, L50, M|
|poke|p2|Archaludon, L50, F|
|poke|p2|Ludicolo, L50, M|
|poke|p2|Baxcalibur, L50, M|
|poke|p2|Annihilape, L50, M|
|poke|p2|Incineroar, L50, M|
|teampreview|4
|showteam|p1|Ursaluna-Bloodmoon||LifeOrb|MindsEye|HyperVoice,BloodMoon,EarthPower,Protect|||M|||50|,,,,,Normal]Incineroar||AssaultVest|Intimidate|KnockOff,Uturn,FlareBlitz,FakeOut|||F|||50|,,,,,Grass]Farigiraf||ThroatSpray|ArmorTail|HyperVoice,TrickRoom,Psychic,Protect|||F|||50|,,,,,Water]Gholdengo||MetalCoat|GoodasGold|NastyPlot,MakeItRain,ShadowBall,Protect||||||50|,,,,,Dragon]Flamigo||FocusSash|Scrappy|CloseCombat,DualWingbeat,Feint,Protect|||F|||50|,,,,,Stellar]Electabuzz||Eviolite|VitalSpirit|Electroweb,Taunt,FollowMe,Protect|||M|||50|,,,,,Dragon
|showteam|p2|Pelipper||FocusSash|Drizzle|Tailwind,WeatherBall,Hurricane,Uturn|||M|||50|,,,,,Ghost]Archaludon||PowerHerb|Sturdy|Protect,DracoMeteor,FlashCannon,ElectroShot|||F|||50|,,,,,Fairy]Ludicolo||AssaultVest|SwiftSwim|MuddyWater,LeafStorm,IcyWind,FakeOut|||M|||50|,,,,,Water]Baxcalibur||LifeOrb|ThermalExchange|Protect,IcicleCrash,IceShard,HighHorsepower|||M|||50|,,,,,Poison]Annihilape||SafetyGoggles|Defiant|Protect,DrainPunch,RageFist,BulkUp|||M|||50|,,,,,Fire]Incineroar||SitrusBerry|Intimidate|KnockOff,Taunt,PartingShot,FakeOut|||M|||50|,,,,,Ghost
|inactive|Battle timer is ON: inactive players will automatically lose when time's up. (requested by spearow's nest)
|
|t:|1757818330
|teamsize|p1|4
|teamsize|p2|4
|start
|switch|p1a: Electabuzz|Electabuzz, L50, M|100/100
|switch|p1b: Gholdengo|Gholdengo, L50|100/100
|switch|p2a: Pelipper|Pelipper, L50, M|100/100
|switch|p2b: Ludicolo|Ludicolo, L50, M|100/100
|-weather|RainDance|[from] ability: Drizzle|[of] p2a: Pelipper
|turn|1
|
|t:|1757818352
|move|p2b: Ludicolo|Fake Out|p1a: Electabuzz
|-damage|p1a: Electabuzz|94/100
|cant|p1a: Electabuzz|flinch
|move|p2a: Pelipper|Tailwind|p2a: Pelipper
|-sidestart|p2: TotalYinser6643|move: Tailwind
|move|p1b: Gholdengo|Nasty Plot|p1b: Gholdengo
|-boost|p1b: Gholdengo|spa|2
|
|-weather|RainDance|[upkeep]
|upkeep
|turn|2
|
|t:|1757818363
|move|p1b: Gholdengo|Protect|p1b: Gholdengo
|-singleturn|p1b: Gholdengo|Protect
|move|p2b: Ludicolo|Muddy Water|p1a: Electabuzz|[spread] p1a
|-activate|p1b: Gholdengo|move: Protect
|-damage|p1a: Electabuzz|60/100
|move|p2a: Pelipper|Weather Ball|p1a: Electabuzz
|-damage|p1a: Electabuzz|7/100
|move|p1a: Electabuzz|Electroweb|p2a: Pelipper|[spread] p2a,p2b
|-supereffective|p2a: Pelipper
|-damage|p2a: Pelipper|9/100
|-damage|p2b: Ludicolo|91/100
|-unboost|p2a: Pelipper|spe|1
|-unboost|p2b: Ludicolo|spe|1
|
|-weather|RainDance|[upkeep]
|upkeep
|turn|3
|inactive|spearow's nest has 30 seconds left.
|inactive|spearow's nest has 20 seconds left.
|
|t:|1757818401
|-terastallize|p1b: Gholdengo|Dragon
|move|p1a: Electabuzz|Follow Me|p1a: Electabuzz
|-singleturn|p1a: Electabuzz|move: Follow Me
|move|p2b: Ludicolo|Icy Wind|p1b: Gholdengo|[spread] p1a,p1b
|-crit|p1a: Electabuzz
|-supereffective|p1b: Gholdengo
|-damage|p1a: Electabuzz|0 fnt
|-damage|p1b: Gholdengo|78/100
|-unboost|p1b: Gholdengo|spe|1
|faint|p1a: Electabuzz
|move|p2a: Pelipper|Hurricane|p1b: Gholdengo
|-damage|p1b: Gholdengo|28/100
|-start|p1b: Gholdengo|confusion
|-activate|p1b: Gholdengo|confusion
|move|p1b: Gholdengo|Make It Rain|p2a: Pelipper|[spread] p2a,p2b
|-resisted|p2a: Pelipper
|-resisted|p2b: Ludicolo
|-damage|p2a: Pelipper|0 fnt
|-damage|p2b: Ludicolo|50/100
|-unboost|p1b: Gholdengo|spa|1
|faint|p2a: Pelipper
|
|-weather|RainDance|[upkeep]
|upkeep
|
|t:|1757818420
|switch|p1a: Incineroar|Incineroar, L50, F|100/100
|switch|p2a: Archaludon|Archaludon, L50, F|100/100
|-ability|p1a: Incineroar|Intimidate|boost
|-unboost|p2a: Archaludon|atk|1
|-unboost|p2b: Ludicolo|atk|1
|turn|4
|inactive|TotalYinser6643 has 30 seconds left.
|inactive|TotalYinser6643 has 20 seconds left.
|
|t:|1757818458
|switch|p2b: Baxcalibur|Baxcalibur, L50, M|100/100
|switch|p1b: Flamigo|Flamigo, L50, F|100/100
|move|p2a: Archaludon|Protect|p2a: Archaludon
|-singleturn|p2a: Archaludon|Protect
|move|p1a: Incineroar|Fake Out|p2b: Baxcalibur
|-damage|p2b: Baxcalibur|87/100
|
|-weather|RainDance|[upkeep]
|-sideend|p2: TotalYinser6643|move: Tailwind
|upkeep
|turn|5
|inactive|spearow's nest has 30 seconds left.
|inactive|TotalYinser6643 has 30 seconds left.
|inactive|TotalYinser6643 has 20 seconds left.
|inactive|TotalYinser6643 has 15 seconds left.
|
|t:|1757818501
|-terastallize|p2b: Baxcalibur|Poison
|move|p1b: Flamigo|Protect|p1b: Flamigo
|-singleturn|p1b: Flamigo|Protect
|move|p2a: Archaludon|Electro Shot||[still]
|-prepare|p2a: Archaludon|Electro Shot
|-boost|p2a: Archaludon|spa|1
|-anim|p2a: Archaludon|Electro Shot|p1a: Incineroar
|-damage|p1a: Incineroar|54/100
|move|p2b: Baxcalibur|Icicle Crash|p1b: Flamigo
|-activate|p1b: Flamigo|move: Protect
|move|p1a: Incineroar|U-turn|p2a: Archaludon
|-resisted|p2a: Archaludon
|-crit|p2a: Archaludon
|-damage|p2a: Archaludon|85/100
|
|t:|1757818513
|switch|p1a: Gholdengo|Gholdengo, L50, tera:Dragon|28/100|[from] U-turn
|
|-weather|none
|upkeep
|turn|6
|
|t:|1757818532
|switch|p1a: Incineroar|Incineroar, L50, F|54/100
|-ability|p1a: Incineroar|Intimidate|boost
|-unboost|p2a: Archaludon|atk|1
|-unboost|p2b: Baxcalibur|atk|1
|move|p2b: Baxcalibur|Ice Shard|p1a: Incineroar
|-resisted|p1a: Incineroar
|-damage|p1a: Incineroar|45/100
|-damage|p2b: Baxcalibur|78/100|[from] item: Life Orb
|move|p1b: Flamigo|Close Combat|p2a: Archaludon
|-supereffective|p2a: Archaludon
|-damage|p2a: Archaludon|0 fnt
|-unboost|p1b: Flamigo|def|1
|-unboost|p1b: Flamigo|spd|1
|faint|p2a: Archaludon
|
|upkeep
|
|t:|1757818542
|switch|p2a: Ludicolo|Ludicolo, L50, M|50/100
|turn|7
|
|t:|1757818558
|switch|p1a: Gholdengo|Gholdengo, L50, tera:Dragon|28/100
|move|p1b: Flamigo|Protect|p1b: Flamigo
|-singleturn|p1b: Flamigo|Protect
|move|p2b: Baxcalibur|Protect|p2b: Baxcalibur
|-singleturn|p2b: Baxcalibur|Protect
|move|p2a: Ludicolo|Fake Out|p1b: Flamigo
|-activate|p1b: Flamigo|move: Protect
|
|upkeep
|turn|8
|
|t:|1757818580
|move|p1b: Flamigo|Dual Wingbeat|p2a: Ludicolo
|-supereffective|p2a: Ludicolo
|-damage|p2a: Ludicolo|0 fnt
|faint|p2a: Ludicolo
|-hitcount|p2: Ludicolo|1
|move|p2b: Baxcalibur|Icicle Crash|p1b: Flamigo
|-supereffective|p1b: Flamigo
|-enditem|p1b: Flamigo|Focus Sash
|-damage|p1b: Flamigo|1/100
|-damage|p2b: Baxcalibur|68/100|[from] item: Life Orb
|move|p1a: Gholdengo|Shadow Ball|p2b: Baxcalibur
|-crit|p2b: Baxcalibur
|-damage|p2b: Baxcalibur|3/100
|
|upkeep
|turn|9
|-message|TotalYinser6643 forfeited.
|
|win|spearow's nest
|l|☆TotalYinser6643
|player|p2|
||TotalYinser6643 is ready for game 2.
||spearow's nest is ready for game 2.
|uhtml|next|Next: Game 2 of 3
