|j|☆NoCalcsJustVibes
|j|☆Appletan
|html|NoCalcsJustVibesAppletan    
|uhtml|bestof|Game 1 of a best-of-3
|t:|1757837745
|gametype|doubles
|player|p1|NoCalcsJustVibes|gambler|1246
|player|p2|Appletan|whitney|1192
|gen|9
|tier|[Gen 9] VGC 2025 Reg H (Bo3)
|rated|
|rule|Species Clause: Limit one of each Pokémon
|rule|Item Clause: Limit 1 of each item
|clearpoke
|poke|p1|Pelipper, L50, M|
|poke|p1|Archaludon, L50, F|
|poke|p1|Dragonite, L50, M|
|poke|p1|Sinistcha, L50|
|poke|p1|Ursaluna, L50, F|
|poke|p1|Gholdengo, L50|
|poke|p2|Gholdengo, L50|
|poke|p2|Amoonguss, L50, M|
|poke|p2|Incineroar, L50, F|
|poke|p2|Pelipper, L50, M|
|poke|p2|Palafin, L50, M|
|poke|p2|Dragapult, L50, F|
|teampreview|4
|showteam|p1|Pelipper||FocusSash|Drizzle|Hurricane,MuddyWater,Tailwind,Protect|||M|||50|,,,,,Grass]Archaludon||AssaultVest|Stamina|FlashCannon,BodyPress,ElectroShot,Snarl|||F|||50|,,,,,Fighting]Dragonite||LoadedDice|Multiscale|ScaleShot,Haze,Tailwind,Protect|||M|||50|,,,,,Steel]Sinistcha||SitrusBerry|Hospitality|MatchaGotcha,RagePowder,TrickRoom,LifeDew||||||50|,,,,,Dark]Ursaluna||FlameOrb|Guts|Facade,HeadlongRush,Earthquake,Protect|||F|||50|,,,,,Ghost]Gholdengo||ChoiceScarf|GoodasGold|MakeItRain,ShadowBall,PowerGem,Trick||||||50|,,,,,Water
|showteam|p2|Gholdengo||LifeOrb|GoodasGold|Protect,NastyPlot,ShadowBall,MakeItRain||||||50|,,,,,Steel]Amoonguss||SitrusBerry|Regenerator|Protect,RagePowder,SludgeBomb,Spore|||M|||50|,,,,,Fairy]Incineroar||AssaultVest|Intimidate|FlareBlitz,KnockOff,Uturn,FakeOut|||F|||50|,,,,,Grass]Pelipper||FocusSash|Drizzle|Protect,Tailwind,Hurricane,WeatherBall|||M|||50|,,,,,Ghost]Palafin||SplashPlate|ZerotoHero|Protect,Haze,JetPunch,WaveCrash|||M|||50|,,,,,Water]Dragapult||ChoiceSpecs|ClearBody|DracoMeteor,ShadowBall,TeraBlast,Uturn|||F|||50|,,,,,Fairy
|inactive|Battle timer is ON: inactive players will automatically lose when time's up. (requested by NoCalcsJustVibes)
|inactive|NoCalcsJustVibes has 60 seconds left.
|inactive|Appletan has 60 seconds left.
|inactive|NoCalcsJustVibes has 30 seconds left.
|
|t:|1757837814
|teamsize|p1|4
|teamsize|p2|4
|start
|switch|p1a: Dragonite|Dragonite, L50, M|100/100
|switch|p1b: Archaludon|Archaludon, L50, F|100/100
|switch|p2a: Amoonguss|Amoonguss, L50, M|100/100
|switch|p2b: Gholdengo|Gholdengo, L50|100/100
|turn|1
|inactive|NoCalcsJustVibes has 30 seconds left.
|
|t:|1757837841
|move|p2b: Gholdengo|Protect|p2b: Gholdengo
|-singleturn|p2b: Gholdengo|Protect
|move|p1a: Dragonite|Scale Shot|p2a: Amoonguss
|-damage|p2a: Amoonguss|88/100
|-damage|p2a: Amoonguss|75/100
|-damage|p2a: Amoonguss|63/100
|-damage|p2a: Amoonguss|50/100
|-enditem|p2a: Amoonguss|Sitrus Berry|[eat]
|-heal|p2a: Amoonguss|75/100|[from] item: Sitrus Berry
|-hitcount|p2a: Amoonguss|4
|-unboost|p1a: Dragonite|def|1
|-boost|p1a: Dragonite|spe|1
|move|p1b: Archaludon|Snarl|p2b: Gholdengo|[spread] p2a
|-activate|p2b: Gholdengo|move: Protect
|-damage|p2a: Amoonguss|64/100
|-unboost|p2a: Amoonguss|spa|1
|move|p2a: Amoonguss|Spore|p1b: Archaludon
|-status|p1b: Archaludon|slp|[from] move: Spore
|
|upkeep
|turn|2
|
|t:|1757837853
|-terastallize|p2a: Amoonguss|Fairy
|move|p1a: Dragonite|Scale Shot|p2a: Amoonguss
|-immune|p2a: Amoonguss
|move|p2b: Gholdengo|Nasty Plot|p2b: Gholdengo
|-boost|p2b: Gholdengo|spa|2
|cant|p1b: Archaludon|slp
|move|p2a: Amoonguss|Spore|p1a: Dragonite
|-status|p1a: Dragonite|slp|[from] move: Spore
|
|upkeep
|turn|3
|
|t:|1757837870
|switch|p1a: Gholdengo|Gholdengo, L50|100/100
|move|p2b: Gholdengo|Shadow Ball|p1b: Archaludon
|-damage|p1b: Archaludon|29/100 slp
|-ability|p1b: Archaludon|Stamina|boost
|-boost|p1b: Archaludon|def|1
|-damage|p2b: Gholdengo|91/100|[from] item: Life Orb
|cant|p1b: Archaludon|slp
|move|p2a: Amoonguss|Sludge Bomb|p1a: Gholdengo
|-immune|p1a: Gholdengo
|
|upkeep
|turn|4
|
|t:|1757837891
|move|p2a: Amoonguss|Rage Powder|p2a: Amoonguss
|-singleturn|p2a: Amoonguss|move: Rage Powder
|move|p1a: Gholdengo|Shadow Ball|p2a: Amoonguss
|-damage|p2a: Amoonguss|26/100
|move|p2b: Gholdengo|Make It Rain|p1a: Gholdengo|[spread] p1a,p1b
|-resisted|p1a: Gholdengo
|-resisted|p1b: Archaludon
|-damage|p1a: Gholdengo|29/100
|-damage|p1b: Archaludon|0 fnt
|-unboost|p2b: Gholdengo|spa|1
|faint|p1b: Archaludon
|-damage|p2b: Gholdengo|81/100|[from] item: Life Orb
|
|upkeep
|
|t:|1757837907
|switch|p1b: Sinistcha|Sinistcha, L50|100/100
|-heal|p1a: Gholdengo|54/100|[from] ability: Hospitality|[of] p1b: Sinistcha
|turn|5
|
|t:|1757837936
|-terastallize|p1b: Sinistcha|Dark
|move|p1b: Sinistcha|Rage Powder|p1b: Sinistcha
|-singleturn|p1b: Sinistcha|move: Rage Powder
|move|p2a: Amoonguss|Rage Powder|p2a: Amoonguss
|-singleturn|p2a: Amoonguss|move: Rage Powder
|move|p1a: Gholdengo|Shadow Ball|p2a: Amoonguss
|-damage|p2a: Amoonguss|0 fnt
|faint|p2a: Amoonguss
|move|p2b: Gholdengo|Shadow Ball|p1b: Sinistcha
|-resisted|p1b: Sinistcha
|-damage|p1b: Sinistcha|64/100
|-damage|p2b: Gholdengo|71/100|[from] item: Life Orb
|
|upkeep
|
|t:|1757837951
|switch|p2a: Incineroar|Incineroar, L50, F|100/100
|-ability|p2a: Incineroar|Intimidate|boost
|-unboost|p1a: Gholdengo|atk|1
|-unboost|p1b: Sinistcha|atk|1
|turn|6
|inactive|NoCalcsJustVibes has 30 seconds left.
|inactive|NoCalcsJustVibes has 20 seconds left.
|
|t:|1757837987
|move|p1a: Gholdengo|Shadow Ball|p2b: Gholdengo
|-supereffective|p2b: Gholdengo
|-damage|p2b: Gholdengo|0 fnt
|faint|p2b: Gholdengo
|move|p2a: Incineroar|U-turn|p1b: Sinistcha
|-supereffective|p1b: Sinistcha
|-damage|p1b: Sinistcha|25/100
|-enditem|p1b: Sinistcha|Sitrus Berry|[eat]
|-heal|p1b: Sinistcha|49/100|[from] item: Sitrus Berry
|
|t:|1757837991
|switch|p2a: Pelipper|Pelipper, L50, M|100/100|[from] U-turn
|-weather|RainDance|[from] ability: Drizzle|[of] p2a: Pelipper
|move|p1b: Sinistcha|Life Dew|p1b: Sinistcha|[spread] p1b
|-immune|p1a: Gholdengo|[from] ability: Good as Gold
|-heal|p1b: Sinistcha|75/100
|
|-weather|RainDance|[upkeep]
|upkeep
|
|t:|1757837992
|switch|p2b: Incineroar|Incineroar, L50, F|100/100
|-ability|p2b: Incineroar|Intimidate|boost
|-unboost|p1a: Gholdengo|atk|1
|-unboost|p1b: Sinistcha|atk|1
|turn|7
|-message|Appletan forfeited.
|
|win|NoCalcsJustVibes
|l|☆Appletan
|player|p2|
||Appletan is ready for game 2.
|inactive|NoCalcsJustVibes has 30 seconds to confirm battle start!
||NoCalcsJustVibes is ready for game 2.
|uhtml|next|Next: Game 2 of 3
