|j|☆Thewafflethief
|j|☆Cieoli
|html|ThewafflethiefCieoli    
|uhtml|bestof|Game 1 of a best-of-3
|t:|1757910309
|gametype|doubles
|player|p1|Thewafflethief|170|1151
|player|p2|Cieoli|hilda-wonderlauncher|1076
|gen|9
|tier|[Gen 9] VGC 2025 Reg H (Bo3)
|rated|
|rule|Species Clause: Limit one of each Pokémon
|rule|Item Clause: Limit 1 of each item
|clearpoke
|poke|p1|Porygon2, L50|
|poke|p1|Ursaluna, L50, F|
|poke|p1|Amoonguss, L50, M|
|poke|p1|Gholdengo, L50|
|poke|p1|Incineroar, L50, F|
|poke|p1|Hydreigon, L50, M|
|poke|p2|Gallade, L50, M|
|poke|p2|Ursaluna, L50, M|
|poke|p2|Torkoal, L50, F|
|poke|p2|Indeedee-F, L50, F|
|poke|p2|Hatterene, L50, F|
|poke|p2|Maushold, L50|
|teampreview|4
|showteam|p1|Porygon2||Eviolite|Download|TeraBlast,IceBeam,TrickRoom,Recover||||||50|,,,,,Fighting]Ursaluna||FlameOrb|Guts|Facade,HeadlongRush,Earthquake,Protect|||F|||50|,,,,,Ghost]Amoonguss||CovertCloak|Regenerator|PollenPuff,RagePowder,Spore,Protect|||M|||50|,,,,,Water]Gholdengo||LifeOrb|GoodasGold|MakeItRain,ShadowBall,NastyPlot,Protect||||||50|,,,,,Water]Incineroar||SitrusBerry|Intimidate|FakeOut,KnockOff,FlareBlitz,PartingShot|||F|||50|,,,,,Ghost]Hydreigon||SafetyGoggles|Levitate|DracoMeteor,Snarl,Tailwind,Protect|||M|||50|,,,,,Ghost
|showteam|p2|Gallade||ClearAmulet|Sharpness|SacredSword,PsychoCut,WideGuard,TrickRoom|||M|||50|,,,,,Grass]Ursaluna||FlameOrb|Guts|Facade,HeadlongRush,Earthquake,Protect|||M|||50|,,,,,Ghost]Torkoal||ChoiceSpecs|Drought|Eruption,HeatWave,EarthPower,WeatherBall|||F|||50|,,,,,Fire]Indeedee-F||PsychicSeed|PsychicSurge|FollowMe,TrickRoom,Psychic,HelpingHand|||F|||50|,,,,,Grass]Hatterene||LifeOrb|MagicBounce|ExpandingForce,DazzlingGleam,TeraBlast,TrickRoom|||F|||50|,,,,,Fire]Maushold||WideLens|Technician|PopulationBomb,Taunt,FollowMe,Protect||||||50|,,,,,Poison
|
|t:|1757910359
|teamsize|p1|4
|teamsize|p2|4
|start
|switch|p1a: Gholdengo|Gholdengo, L50|100/100
|switch|p1b: Hydreigon|Hydreigon, L50, M|100/100
|switch|p2a: Winx Club|Indeedee-F, L50, F|100/100
|switch|p2b: Totally Spies|Hatterene, L50, F|100/100
|-fieldstart|move: Psychic Terrain|[from] ability: Psychic Surge|[of] p2a: Winx Club
|-enditem|p2a: Winx Club|Psychic Seed
|-boost|p2a: Winx Club|spd|1|[from] item: Psychic Seed
|turn|1
|
|t:|1757910384
|-terastallize|p2b: Totally Spies|Fire
|move|p1b: Hydreigon|Snarl|p2b: Totally Spies|[spread] p2a,p2b
|-supereffective|p2a: Winx Club
|-damage|p2a: Winx Club|82/100
|-damage|p2b: Totally Spies|80/100
|-unboost|p2a: Winx Club|spa|1
|-unboost|p2b: Totally Spies|spa|1
|move|p1a: Gholdengo|Nasty Plot|p1a: Gholdengo
|-boost|p1a: Gholdengo|spa|2
|move|p2b: Totally Spies|Tera Blast|p1a: Gholdengo|[anim] Tera Blast Fire
|-supereffective|p1a: Gholdengo
|-damage|p1a: Gholdengo|13/100
|-damage|p2b: Totally Spies|70/100|[from] item: Life Orb
|move|p2a: Winx Club|Trick Room|p2a: Winx Club
|-fieldstart|move: Trick Room|[of] p2a: Winx Club
|
|upkeep
|turn|2
|
|t:|1757910411
|move|p2a: Winx Club|Helping Hand|p2b: Totally Spies
|-singleturn|p2b: Totally Spies|Helping Hand|[of] p2a: Winx Club
|move|p1a: Gholdengo|Protect|p1a: Gholdengo
|-singleturn|p1a: Gholdengo|Protect
|move|p2b: Totally Spies|Dazzling Gleam|p1a: Gholdengo|[spread] p1b
|-activate|p1a: Gholdengo|move: Protect
|-supereffective|p1b: Hydreigon
|-damage|p1b: Hydreigon|0 fnt
|faint|p1b: Hydreigon
|-damage|p2b: Totally Spies|60/100|[from] item: Life Orb
|
|upkeep
|
|t:|1757910420
|switch|p1b: Amoonguss|Amoonguss, L50, M, shiny|100/100
|turn|3
|
|t:|1757910441
|move|p2a: Winx Club|Follow Me|p2a: Winx Club
|-singleturn|p2a: Winx Club|move: Follow Me
|move|p2b: Totally Spies|Expanding Force|p1a: Gholdengo|[spread] p1a,p1b
|-resisted|p1a: Gholdengo
|-supereffective|p1b: Amoonguss
|-damage|p1a: Gholdengo|0 fnt
|-damage|p1b: Amoonguss|3/100
|faint|p1a: Gholdengo
|-damage|p2b: Totally Spies|50/100|[from] item: Life Orb
|move|p1b: Amoonguss|Spore|p2a: Winx Club
|-status|p2a: Winx Club|slp|[from] move: Spore
|
|upkeep
|
|t:|1757910452
|switch|p1a: Ursaluna|Ursaluna, L50, F|100/100
|turn|4
|
|t:|1757910473
|move|p1b: Amoonguss|Protect|p1b: Amoonguss
|-singleturn|p1b: Amoonguss|Protect
|cant|p2a: Winx Club|slp
|move|p2b: Totally Spies|Expanding Force|p1a: Ursaluna|[spread] p1a
|-activate|p1b: Amoonguss|move: Protect
|-damage|p1a: Ursaluna|42/100
|-damage|p2b: Totally Spies|41/100|[from] item: Life Orb
|move|p1a: Ursaluna|Earthquake|p2b: Totally Spies|[spread] p2a,p2b
|-activate|p1b: Amoonguss|move: Protect
|-supereffective|p2b: Totally Spies
|-damage|p2a: Winx Club|20/100 slp
|-damage|p2b: Totally Spies|0 fnt
|faint|p2b: Totally Spies
|
|-status|p1a: Ursaluna|brn|[from] item: Flame Orb
|upkeep
|
|t:|1757910476
|switch|p2b: Kim Possible|Torkoal, L50, F|100/100
|-weather|SunnyDay|[from] ability: Drought|[of] p2b: Kim Possible
|turn|5
|
|t:|1757910497
|-curestatus|p2a: Winx Club|slp|[msg]
|move|p2a: Winx Club|Helping Hand|p2b: Kim Possible
|-singleturn|p2b: Kim Possible|Helping Hand|[of] p2a: Winx Club
|move|p1b: Amoonguss|Protect||[still]
|-fail|p1b: Amoonguss
|move|p1a: Ursaluna|Protect|p1a: Ursaluna
|-singleturn|p1a: Ursaluna|Protect
|move|p2b: Kim Possible|Eruption|p1a: Ursaluna|[spread] p1b
|-activate|p1a: Ursaluna|move: Protect
|-supereffective|p1b: Amoonguss
|-damage|p1b: Amoonguss|0 fnt
|faint|p1b: Amoonguss
|
|-weather|SunnyDay|[upkeep]
|-damage|p1a: Ursaluna|35/100 brn|[from] brn
|-fieldend|move: Trick Room
|-fieldend|move: Psychic Terrain
|upkeep
|turn|6
|
|t:|1757910529
|move|p2a: Winx Club|Psychic|p1a: Ursaluna
|-damage|p1a: Ursaluna|16/100 brn
|move|p1a: Ursaluna|Earthquake|p2a: Winx Club|[spread] p2a,p2b
|-supereffective|p2b: Kim Possible
|-damage|p2a: Winx Club|0 fnt
|-damage|p2b: Kim Possible|0 fnt
|faint|p2a: Winx Club
|faint|p2b: Kim Possible
|
|-weather|SunnyDay|[upkeep]
|-damage|p1a: Ursaluna|10/100 brn|[from] brn
|upkeep
|
|t:|1757910536
|switch|p2b: Codename KND|Ursaluna, L50, M|100/100
|turn|7
|
|t:|1757910543
|move|p2b: Codename KND|Protect|p2b: Codename KND
|-singleturn|p2b: Codename KND|Protect
|move|p1a: Ursaluna|Facade|p2b: Codename KND
|-activate|p2b: Codename KND|move: Protect
|
|-weather|SunnyDay|[upkeep]
|-damage|p1a: Ursaluna|4/100 brn|[from] brn
|-status|p2b: Codename KND|brn|[from] item: Flame Orb
|upkeep
|turn|8
|inactive|Battle timer is ON: inactive players will automatically lose when time's up. (requested by Thewafflethief)
|
|t:|1757910578
|move|p1a: Ursaluna|Facade|p2b: Codename KND
|-damage|p2b: Codename KND|8/100 brn
|move|p2b: Codename KND|Headlong Rush|p1a: Ursaluna
|-damage|p1a: Ursaluna|0 fnt
|-unboost|p2b: Codename KND|def|1
|-unboost|p2b: Codename KND|spd|1
|faint|p1a: Ursaluna
|
|win|Cieoli
||Cieoli is ready for game 2.
||Thewafflethief is ready for game 2.
|uhtml|next|Next: Game 2 of 3
