|j|☆Unskilled99
|j|☆Chochito Pelao
|html|Unskilled99Chochito Pelao    
|uhtml|bestof|Game 2 of a best-of-3
|t:|1785339520
|gametype|doubles
|player|p1|Unskilled99|unknown|1354
|player|p2|Chochito Pelao|striker|1288
|gen|9
|tier|[Gen 9 Champions] VGC 2026 Reg M-B (Bo3)
|rated|
|rule|Species Clause: Limit one of each Pokémon
|rule|Item Clause: Limit 1 of each item
|clearpoke
|poke|p1|Charizard, L50, F|
|poke|p1|Garchomp, L50, F|
|poke|p1|Sylveon, L50, F|
|poke|p1|Farigiraf, L50, M|
|poke|p1|Incineroar, L50, M|
|poke|p1|Aerodactyl, L50, M|
|poke|p2|Incineroar, L50, M|
|poke|p2|Floette-Eternal, L50, F|
|poke|p2|Sinistcha-Masterpiece, L50, shiny|
|poke|p2|Kommo-o, L50, F|
|poke|p2|Kingambit, L50, F|
|poke|p2|Aerodactyl, L50, M|
|teampreview|4
|showteam|p1|Charizard||CharizarditeY|Blaze|HeatWave,WeatherBall,SolarBeam,Protect|Modest||F|||50|]Garchomp||LifeOrb|RoughSkin|Earthquake,StompingTantrum,DragonClaw,Protect|Adamant||F|||50|]Sylveon||FairyFeather|Pixilate|HyperVoice,Yawn,QuickAttack,Detect|Modest||F|||50|]Farigiraf||SitrusBerry|ArmorTail|TrickRoom,Psyshock,HelpingHand,Protect|Calm||M|||50|]Incineroar||ExpertBelt|Intimidate|FakeOut,PartingShot,FlareBlitz,DarkestLariat|Brave||M|||50|]Aerodactyl||Aerodactylite|Unnerve|RockSlide,Tailwind,WideGuard,DualWingbeat|Jolly||M|||50|
|showteam|p2|Incineroar||SitrusBerry|Intimidate|FakeOut,PartingShot,ThroatChop,FlareBlitz|Careful||M|||50|]Floette-Eternal||Floettite|FlowerVeil|Moonblast,DazzlingGleam,CalmMind,Protect|Modest||F|||50|]Sinistcha-Masterpiece||ColburBerry|Hospitality|MatchaGotcha,LifeDew,RagePowder,TrickRoom|Bold|||||50|]Kommo-o||Leftovers|Overcoat|ClangingScales,AuraSphere,ClangorousSoul,Protect|Modest||F|||50|]Kingambit||FocusSash|Defiant|KowtowCleave,SuckerPunch,IronHead,Protect|Adamant||F|||50|]Aerodactyl||Aerodactylite|Unnerve|Protect,RockSlide,Tailwind,DualWingbeat|Jolly||M|||50|
|
|t:|1785339621
|teamsize|p1|4
|teamsize|p2|4
|start
|switch|p1a: Aerodactyl|Aerodactyl, L50, M|100/100
|switch|p1b: Charizard|Charizard, L50, F|100/100
|switch|p2a: Aerodactyl|Aerodactyl, L50, M|100/100
|switch|p2b: Kingambit|Kingambit, L50, F|100/100
|-ability|p2a: Aerodactyl|Unnerve
|-ability|p1a: Aerodactyl|Unnerve
|turn|1
|
|t:|1785339636
|detailschange|p1b: Charizard|Charizard-Mega-Y, L50, F
|-mega|p1b: Charizard|Charizard|Charizardite Y
|-weather|SunnyDay|[from] ability: Drought|[of] p1b: Charizard
|move|p2a: Aerodactyl|Tailwind|p2a: Aerodactyl
|-sidestart|p2: Chochito Pelao|move: Tailwind
|move|p1a: Aerodactyl|Rock Slide|p2a: Aerodactyl|[spread] p2a,p2b
|-supereffective|p2a: Aerodactyl|1
|-resisted|p2b: Kingambit|1
|-damage|p2a: Aerodactyl|41/100
|-damage|p2b: Kingambit|91/100
|move|p2b: Kingambit|Iron Head|p1a: Aerodactyl
|-supereffective|p1a: Aerodactyl|1
|-damage|p1a: Aerodactyl|0 fnt
|faint|p1a: Aerodactyl
|move|p1b: Charizard|Heat Wave|p2a: Aerodactyl|[spread] p2a,p2b
|-resisted|p2a: Aerodactyl|1
|-supereffective|p2b: Kingambit|1
|-damage|p2a: Aerodactyl|3/100
|-damage|p2b: Kingambit|0 fnt
|faint|p2b: Kingambit
|
|-weather|SunnyDay|[upkeep]
|upkeep
|
|t:|1785339651
|switch|p1a: Incineroar|Incineroar, L50, M|100/100
|switch|p2b: Sinistcha|Sinistcha-Masterpiece, L50, shiny|100/100
|-ability|p1a: Incineroar|Intimidate|boost
|-unboost|p2a: Aerodactyl|atk|1
|-unboost|p2b: Sinistcha|atk|1
|-heal|p2a: Aerodactyl|28/100|[from] ability: Hospitality|[of] p2b: Sinistcha
|turn|2
|
|t:|1785339662
|switch|p2a: Floette|Floette-Eternal, L50, F|100/100
|move|p1a: Incineroar|Fake Out|p2a: Floette
|-damage|p2a: Floette|84/100
|move|p2b: Sinistcha|Matcha Gotcha|p1b: Charizard|[spread] p1a,p1b
|-resisted|p1a: Incineroar|1
|-resisted|p1b: Charizard|2
|-damage|p1a: Incineroar|89/100
|-damage|p1b: Charizard|95/100
|move|p1b: Charizard|Heat Wave|p2a: Floette|[spread] p2a,p2b
|-supereffective|p2b: Sinistcha|1
|-damage|p2a: Floette|38/100
|-damage|p2b: Sinistcha|0 fnt
|faint|p2b: Sinistcha
|
|-weather|SunnyDay|[upkeep]
|upkeep
|
|t:|1785339664
|switch|p2b: Aerodactyl|Aerodactyl, L50, M|28/100
|-ability|p2b: Aerodactyl|Unnerve
|turn|3
|
|t:|1785339687
|switch|p1b: Garchomp|Garchomp, L50, F|100/100
|detailschange|p2a: Floette|Floette-Mega, L50, F
|-mega|p2a: Floette|Floette|Floettite
|-ability|p2a: Floette|Fairy Aura
|move|p2b: Aerodactyl|Rock Slide|p1a: Incineroar|[spread] p1b
|-miss|p2b: Aerodactyl|p1a: Incineroar
|-resisted|p1b: Garchomp|1
|-damage|p1b: Garchomp|91/100
|move|p2a: Floette|Moonblast|p1a: Incineroar
|-damage|p1a: Incineroar|16/100
|move|p1a: Incineroar|Darkest Lariat|p2b: Aerodactyl
|-damage|p2b: Aerodactyl|0 fnt
|faint|p2b: Aerodactyl
|
|-weather|SunnyDay|[upkeep]
|upkeep
|turn|4
|
|t:|1785339702
|move|p1b: Garchomp|Protect|p1b: Garchomp
|-singleturn|p1b: Garchomp|Protect
|move|p2a: Floette|Dazzling Gleam|p1b: Garchomp|[spread] p1a
|-activate|p1b: Garchomp|move: Protect
|-damage|p1a: Incineroar|0 fnt
|faint|p1a: Incineroar
|
|-weather|SunnyDay|[upkeep]
|-sideend|p2: Chochito Pelao|move: Tailwind
|upkeep
|
|t:|1785339706
|switch|p1a: Charizard|Charizard-Mega-Y, L50, F|95/100
|turn|5
|
|t:|1785339711
|move|p1b: Garchomp|Earthquake|p2a: Floette|[spread] p2a
|-immune|p1a: Charizard
|-damage|p2a: Floette|0 fnt
|faint|p2a: Floette
|-damage|p1b: Garchomp|82/100|[from] item: Life Orb
|
|win|Unskilled99
