|j|☆Frakub
|j|☆SupernovaSZ8
|html|FrakubSupernovaSZ8    
|uhtml|bestof|Game 2 of a best-of-3
|t:|1755539037
|gametype|doubles
|player|p1|Frakub|acetrainer-gen4dp|1266
|player|p2|SupernovaSZ8|nessa|1220
|gen|9
|tier|[Gen 9] VGC 2025 Reg H (Bo3)
|rated|
|rule|Species Clause: Limit one of each Pokémon
|rule|Item Clause: Limit 1 of each item
|clearpoke
|poke|p1|Kingambit, L50, M|
|poke|p1|Rillaboom, L50, F|
|poke|p1|Ninetales-Alola, L50, M|
|poke|p1|Dragonite, L50, F|
|poke|p1|Magmar, L50, F|
|poke|p1|Sneasler, L50, F|
|poke|p2|Blastoise, L50, M|
|poke|p2|Maushold, L50|
|poke|p2|Murkrow, L50, F|
|poke|p2|Amoonguss, L50, F|
|poke|p2|Gholdengo, L50|
|poke|p2|Sneasler, L50, F|
|teampreview|4
|showteam|p1|Kingambit||BlackGlasses|Defiant|KowtowCleave,SuckerPunch,SwordsDance,Protect|||M|||50|,,,,,Dark]Rillaboom||AssaultVest|GrassySurge|WoodHammer,GrassyGlide,HighHorsepower,FakeOut|||F|||50|,,,,,Fire]Ninetales-Alola||LightClay|SnowWarning|Blizzard,FreezeDry,Protect,AuroraVeil|||M|||50|,,,,,Ghost]Dragonite||LoadedDice|Multiscale|ScaleShot,ExtremeSpeed,Haze,Protect|||F|||50|,,,,,Steel]Magmar||Eviolite|VitalSpirit|Taunt,Overheat,FollowMe,Protect|||F|||50|,,,,,Ghost]Sneasler||FocusSash|PoisonTouch|FakeOut,DireClaw,CloseCombat,Protect|||F|||50|,,,,,Ghost
|showteam|p2|Blastoise||MysticWater|Torrent|WaterSpout,WaterPledge,ShellSmash,Protect|||M|||50|,,,,,Water]Maushold||WideLens|Technician|PopulationBomb,SuperFang,FollowMe,Protect||||||50|,,,,,Grass]Murkrow||Eviolite|Prankster|Tailwind,RainDance,Haze,FoulPlay|||F|||50|,,,,,Ghost]Amoonguss||SitrusBerry|Regenerator|Spore,RagePowder,PollenPuff,Protect|||F|||50|,,,,,Fire]Gholdengo||ChoiceSpecs|GoodasGold|MakeItRain,ShadowBall,PowerGem,Thunderbolt||||||50|,,,,,Steel]Sneasler||FocusSash|Unburden|FakeOut,DireClaw,CloseCombat,Protect|||F|||50|,,,,,Stellar
|inactive|Battle timer is ON: inactive players will automatically lose when time's up. (requested by Frakub)
|inactive|SupernovaSZ8 has 60 seconds left.
|
|t:|1755539085
|teamsize|p1|4
|teamsize|p2|4
|start
|switch|p1a: Kingambit|Kingambit, L50, M|100/100
|switch|p1b: Sneasler|Sneasler, L50, F|100/100
|switch|p2a: Amoonguss|Amoonguss, L50, F, shiny|100/100
|switch|p2b: Maushold|Maushold, L50, shiny|100/100
|turn|1
|
|t:|1755539097
|move|p1b: Sneasler|Fake Out|p2a: Amoonguss
|-damage|p2a: Amoonguss|88/100
|move|p2b: Maushold|Population Bomb|p1b: Sneasler
|-damage|p1b: Sneasler|79/100
|-damage|p1b: Sneasler|59/100
|-damage|p1b: Sneasler|42/100
|-damage|p1b: Sneasler|22/100
|-damage|p1b: Sneasler|3/100
|-damage|p1b: Sneasler|0 fnt
|faint|p1b: Sneasler
|-hitcount|p1: Sneasler|6
|move|p1a: Kingambit|Swords Dance|p1a: Kingambit
|-boost|p1a: Kingambit|atk|2
|cant|p2a: Amoonguss|flinch
|
|upkeep
|
|t:|1755539111
|switch|p1b: Magmar|Magmar, L50, F|100/100
|turn|2
|
|t:|1755539122
|move|p1a: Kingambit|Protect|p1a: Kingambit
|-singleturn|p1a: Kingambit|Protect
|move|p2a: Amoonguss|Rage Powder|p2a: Amoonguss
|-singleturn|p2a: Amoonguss|move: Rage Powder
|move|p2b: Maushold|Population Bomb|p1b: Magmar
|-damage|p1b: Magmar|91/100
|-damage|p1b: Magmar|82/100
|-damage|p1b: Magmar|73/100
|-damage|p1b: Magmar|63/100
|-damage|p1b: Magmar|55/100
|-damage|p1b: Magmar|45/100
|-damage|p1b: Magmar|37/100
|-damage|p1b: Magmar|27/100
|-damage|p1b: Magmar|18/100
|-damage|p1b: Magmar|9/100
|-hitcount|p1b: Magmar|10
|move|p1b: Magmar|Taunt|p2a: Amoonguss
|-start|p2a: Amoonguss|move: Taunt
|
|upkeep
|turn|3
|
|t:|1755539145
|switch|p2a: Sneasler|Sneasler, L50, F|100/100
|move|p2b: Maushold|Protect|p2b: Maushold
|-singleturn|p2b: Maushold|Protect
|move|p1a: Kingambit|Sucker Punch||[still]
|-fail|p1a: Kingambit
|move|p1b: Magmar|Overheat|p2a: Sneasler
|-damage|p2a: Sneasler|33/100
|-unboost|p1b: Magmar|spa|2
|
|upkeep
|turn|4
|
|t:|1755539159
|switch|p2b: Amoonguss|Amoonguss, L50, F, shiny|100/100
|switch|p1b: Rillaboom|Rillaboom, L50, F|100/100
|-fieldstart|move: Grassy Terrain|[from] ability: Grassy Surge|[of] p1b: Rillaboom
|move|p1a: Kingambit|Protect|p1a: Kingambit
|-singleturn|p1a: Kingambit|Protect
|move|p2a: Sneasler|Dire Claw|p1b: Rillaboom
|-supereffective|p1b: Rillaboom
|-damage|p1b: Rillaboom|15/100
|
|-heal|p2a: Sneasler|39/100|[from] Grassy Terrain
|-heal|p1b: Rillaboom|21/100|[from] Grassy Terrain
|upkeep
|turn|5
|
|t:|1755539184
|switch|p2a: Gholdengo|Gholdengo, L50, shiny|100/100
|-terastallize|p1a: Kingambit|Dark
|move|p1b: Rillaboom|Fake Out|p2a: Gholdengo
|-immune|p2a: Gholdengo
|move|p1a: Kingambit|Kowtow Cleave|p2b: Amoonguss
|-damage|p2b: Amoonguss|0 fnt
|faint|p2b: Amoonguss
|
|-heal|p1b: Rillaboom|27/100|[from] Grassy Terrain
|upkeep
|
|t:|1755539195
|switch|p2b: Maushold|Maushold, L50, shiny|100/100
|turn|6
|
|t:|1755539212
|-terastallize|p2a: Gholdengo|Steel
|move|p2b: Maushold|Follow Me|p2b: Maushold
|-singleturn|p2b: Maushold|move: Follow Me
|move|p2a: Gholdengo|Make It Rain|p1a: Kingambit|[spread] p1a,p1b
|-damage|p1a: Kingambit|3/100
|-damage|p1b: Rillaboom|0 fnt
|-unboost|p2a: Gholdengo|spa|1
|faint|p1b: Rillaboom
|move|p1a: Kingambit|Kowtow Cleave|p2b: Maushold
|-damage|p2b: Maushold|0 fnt
|faint|p2b: Maushold
|
|-heal|p1a: Kingambit|9/100|[from] Grassy Terrain
|upkeep
|
|t:|1755539224
|switch|p2b: Sneasler|Sneasler, L50, F|39/100
|switch|p1b: Magmar|Magmar, L50, F|9/100
|turn|7
|
|t:|1755539232
|move|p1b: Magmar|Protect|p1b: Magmar
|-singleturn|p1b: Magmar|Protect
|move|p1a: Kingambit|Protect|p1a: Kingambit
|-singleturn|p1a: Kingambit|Protect
|move|p2b: Sneasler|Fake Out|p1b: Magmar
|-activate|p1b: Magmar|move: Protect
|move|p2a: Gholdengo|Make It Rain|p1a: Kingambit|[spread] 
|-activate|p1a: Kingambit|move: Protect
|-activate|p1b: Magmar|move: Protect
|
|-heal|p2b: Sneasler|44/100|[from] Grassy Terrain
|-heal|p1b: Magmar|15/100|[from] Grassy Terrain
|-heal|p1a: Kingambit|15/100|[from] Grassy Terrain
|upkeep
|turn|8
|
|t:|1755539243
|move|p1b: Magmar|Follow Me|p1b: Magmar
|-singleturn|p1b: Magmar|move: Follow Me
|move|p1a: Kingambit|Sucker Punch|p2a: Gholdengo
|-damage|p2a: Gholdengo|0 fnt
|faint|p2a: Gholdengo
|move|p2b: Sneasler|Dire Claw|p1b: Magmar
|-damage|p1b: Magmar|0 fnt
|faint|p1b: Magmar
|
|-heal|p2b: Sneasler|50/100|[from] Grassy Terrain
|-heal|p1a: Kingambit|20/100|[from] Grassy Terrain
|-fieldend|move: Grassy Terrain
|upkeep
|turn|9
|
|t:|1755539251
|move|p1a: Kingambit|Sucker Punch|p2b: Sneasler
|-resisted|p2b: Sneasler
|-damage|p2b: Sneasler|0 fnt
|faint|p2b: Sneasler
|
|win|Frakub
|raw|Frakub's rating: 1266 → 1288(+22 for winning)
|raw|SupernovaSZ8's rating: 1220 → 1198(-22 for losing)
|c|☆Frakub|gg
|l|☆SupernovaSZ8
|player|p2|
