|j|☆rom6x
|j|☆Capravolante97
|html|rom6xCapravolante97    
|uhtml|bestof|Game 2 of a best-of-3
|t:|1757938865
|gametype|doubles
|player|p1|rom6x|miku-ground|1192
|player|p2|Capravolante97|101|1315
|gen|9
|tier|[Gen 9] VGC 2025 Reg H (Bo3)
|rated|
|rule|Species Clause: Limit one of each Pokémon
|rule|Item Clause: Limit 1 of each item
|clearpoke
|poke|p1|Serperior, L50, M|
|poke|p1|Rillaboom, L50, F|
|poke|p1|Volcarona, L50, F|
|poke|p1|Sneasler, L50, M|
|poke|p1|Ursaluna-Bloodmoon, L50, M|
|poke|p1|Incineroar, L50, M|
|poke|p2|Grimmsnarl, L50, M|
|poke|p2|Rillaboom, L50, F|
|poke|p2|Kingambit, L50, M|
|poke|p2|Dondozo, L50, M|
|poke|p2|Blaziken, L50, F|
|poke|p2|Dragonite, L50, M|
|teampreview|4
|showteam|p1|Serperior||LightClay|Contrary|LeafStorm,Reflect,LightScreen,Glare|||M|||50|,,,,,Water]Rillaboom||MiracleSeed|GrassySurge|FakeOut,WoodHammer,GrassyGlide,HighHorsepower|||F|||50|,,,,,Fire]Volcarona||GrassySeed|FlameBody|HeatWave,WillOWisp,QuiverDance,GigaDrain|||F|||50|,,,,,Dragon]Sneasler||WhiteHerb|Unburden|DireClaw,CloseCombat,Coaching,Protect|||M|||50|,,,,,Stellar]Ursaluna-Bloodmoon||AssaultVest|MindsEye|BloodMoon,HyperVoice,EarthPower,VacuumWave|||M|||50|,,,,,Ghost]Incineroar||SafetyGoggles|Intimidate|FakeOut,KnockOff,FlareBlitz,PartingShot|||M|||50|,,,,,Ghost
|showteam|p2|Grimmsnarl||LightClay|Prankster|Reflect,LightScreen,SpiritBreak,PartingShot|||M|||50|,,,,,Steel]Rillaboom||AssaultVest|GrassySurge|HighHorsepower,FakeOut,GrassyGlide,DrumBeating|||F|||50|,,,,,Fire]Kingambit||SafetyGoggles|Defiant|SuckerPunch,KowtowCleave,SwordsDance,Protect|||M|||50|,,,,,Dark]Dondozo||Leftovers|Unaware|Avalanche,Liquidation,Yawn,Protect|||M|||50|,,,,,Grass]Blaziken||SitrusBerry|SpeedBoost|AuraSphere,WillOWisp,Coaching,Protect|||F|||50|,,,,,Ghost]Dragonite||LoadedDice|Multiscale|StompingTantrum,ScaleShot,Protect,Encore|||M|||50|,,,,,Fairy
|inactive|Battle timer is ON: inactive players will automatically lose when time's up. (requested by Capravolante97)
|inactive|rom6x also wants the timer to be on.
|
|t:|1757938883
|teamsize|p1|4
|teamsize|p2|4
|start
|switch|p1a: Serperior|Serperior, L50, M, shiny|100/100
|switch|p1b: Sneasler|Sneasler, L50, M|100/100
|switch|p2a: Blaziken|Blaziken, L50, F|100/100
|switch|p2b: Dragonite|Dragonite, L50, M|100/100
|turn|1
|inactive|rom6x has 30 seconds left.
|inactive|rom6x has 20 seconds left.
|
|t:|1757938920
|move|p2a: Blaziken|Protect|p2a: Blaziken
|-singleturn|p2a: Blaziken|Protect
|move|p2b: Dragonite|Protect|p2b: Dragonite
|-singleturn|p2b: Dragonite|Protect
|move|p1b: Sneasler|Close Combat|p2b: Dragonite
|-activate|p2b: Dragonite|move: Protect
|move|p1a: Serperior|Glare|p2b: Dragonite
|-activate|p2b: Dragonite|move: Protect
|
|-ability|p2a: Blaziken|Speed Boost|boost
|-boost|p2a: Blaziken|spe|1
|upkeep
|turn|2
|inactive|rom6x has 30 seconds left.
|
|t:|1757938950
|switch|p1b: Volcarona|Volcarona, L50, F|100/100
|move|p2a: Blaziken|Coaching|p2b: Dragonite
|-boost|p2b: Dragonite|atk|1
|-boost|p2b: Dragonite|def|1
|move|p1a: Serperior|Reflect|p1a: Serperior
|-sidestart|p1: rom6x|Reflect
|move|p2b: Dragonite|Scale Shot|p1a: Serperior|[miss]
|-miss|p2b: Dragonite|p1a: Serperior
|
|-ability|p2a: Blaziken|Speed Boost|boost
|-boost|p2a: Blaziken|spe|1
|upkeep
|turn|3
|inactive|rom6x has 30 seconds left.
|
|t:|1757938978
|move|p2a: Blaziken|Coaching|p2b: Dragonite
|-boost|p2b: Dragonite|atk|1
|-boost|p2b: Dragonite|def|1
|move|p1a: Serperior|Glare|p2b: Dragonite
|-status|p2b: Dragonite|par
|move|p1b: Volcarona|Quiver Dance|p1b: Volcarona
|-boost|p1b: Volcarona|spa|1
|-boost|p1b: Volcarona|spd|1
|-boost|p1b: Volcarona|spe|1
|move|p2b: Dragonite|Scale Shot|p1b: Volcarona
|-damage|p1b: Volcarona|78/100
|-damage|p1b: Volcarona|55/100
|-damage|p1b: Volcarona|33/100
|-damage|p1b: Volcarona|13/100
|-damage|p1b: Volcarona|0 fnt
|faint|p1b: Volcarona
|-hitcount|p1: Volcarona|5
|-unboost|p2b: Dragonite|def|1
|-boost|p2b: Dragonite|spe|1
|
|-ability|p2a: Blaziken|Speed Boost|boost
|-boost|p2a: Blaziken|spe|1
|upkeep
|
|t:|1757938997
|switch|p1b: Rillaboom|Rillaboom, L50, F|100/100
|-fieldstart|move: Grassy Terrain|[from] ability: Grassy Surge|[of] p1b: Rillaboom
|turn|4
|
|t:|1757939013
|-terastallize|p1b: Rillaboom|Fire
|move|p1b: Rillaboom|Fake Out|p2b: Dragonite
|-damage|p2b: Dragonite|95/100 par
|move|p2a: Blaziken|Will-O-Wisp|p1b: Rillaboom|[miss]
|-miss|p2a: Blaziken|p1b: Rillaboom
|move|p1a: Serperior|Leaf Storm|p2a: Blaziken
|-resisted|p2a: Blaziken
|-crit|p2a: Blaziken
|-damage|p2a: Blaziken|56/100
|-boost|p1a: Serperior|spa|2
|cant|p2b: Dragonite|flinch
|
|-heal|p2a: Blaziken|61/100|[from] Grassy Terrain
|-ability|p2a: Blaziken|Speed Boost|boost
|-boost|p2a: Blaziken|spe|1
|upkeep
|turn|5
|inactive|rom6x has 30 seconds left.
|inactive|rom6x has 20 seconds left.
|
|t:|1757939051
|switch|p1b: Sneasler|Sneasler, L50, M|100/100
|move|p2a: Blaziken|Protect|p2a: Blaziken
|-singleturn|p2a: Blaziken|Protect
|move|p1a: Serperior|Leaf Storm|p2a: Blaziken
|-activate|p2a: Blaziken|move: Protect
|move|p2b: Dragonite|Scale Shot|p1a: Serperior
|-damage|p1a: Serperior|81/100
|-damage|p1a: Serperior|62/100
|-damage|p1a: Serperior|42/100
|-damage|p1a: Serperior|25/100
|-hitcount|p1a: Serperior|4
|-unboost|p2b: Dragonite|def|1
|-boost|p2b: Dragonite|spe|1
|
|-heal|p2a: Blaziken|67/100|[from] Grassy Terrain
|-heal|p1a: Serperior|31/100|[from] Grassy Terrain
|-ability|p2a: Blaziken|Speed Boost|boost
|-boost|p2a: Blaziken|spe|1
|upkeep
|turn|6
|
|t:|1757939075
|move|p1b: Sneasler|Protect|p1b: Sneasler
|-singleturn|p1b: Sneasler|Protect
|move|p2a: Blaziken|Will-O-Wisp|p1b: Sneasler
|-activate|p1b: Sneasler|move: Protect
|move|p1a: Serperior|Leaf Storm|p2a: Blaziken
|-resisted|p2a: Blaziken
|-damage|p2a: Blaziken|6/100
|-boost|p1a: Serperior|spa|2
|-enditem|p2a: Blaziken|Sitrus Berry|[eat]
|-heal|p2a: Blaziken|31/100|[from] item: Sitrus Berry
|move|p2b: Dragonite|Scale Shot|p1a: Serperior
|-damage|p1a: Serperior|13/100
|-damage|p1a: Serperior|0 fnt
|faint|p1a: Serperior
|-hitcount|p1: Serperior|2
|-unboost|p2b: Dragonite|def|1
|-boost|p2b: Dragonite|spe|1
|
|-heal|p2a: Blaziken|37/100|[from] Grassy Terrain
|-ability|p2a: Blaziken|Speed Boost|boost
|-boost|p2a: Blaziken|spe|1
|upkeep
|
|t:|1757939087
|switch|p1a: Rillaboom|Rillaboom, L50, F, tera:Fire|100/100
|turn|7
|
|t:|1757939105
|move|p1a: Rillaboom|Grassy Glide|p2a: Blaziken
|-resisted|p2a: Blaziken
|-damage|p2a: Blaziken|6/100
|move|p2a: Blaziken|Will-O-Wisp|p1b: Sneasler
|-status|p1b: Sneasler|brn
|move|p1b: Sneasler|Coaching|p1a: Rillaboom
|-boost|p1a: Rillaboom|atk|1
|-boost|p1a: Rillaboom|def|1
|move|p2b: Dragonite|Encore|p1b: Sneasler
|-start|p1b: Sneasler|Encore
|
|-heal|p2a: Blaziken|12/100|[from] Grassy Terrain
|-damage|p1b: Sneasler|95/100 brn|[from] brn
|upkeep
|turn|8
|
|t:|1757939127
|move|p2a: Blaziken|Protect|p2a: Blaziken
|-singleturn|p2a: Blaziken|Protect
|move|p1a: Rillaboom|Grassy Glide|p2a: Blaziken
|-activate|p2a: Blaziken|move: Protect
|move|p1b: Sneasler|Coaching|p1a: Rillaboom
|-boost|p1a: Rillaboom|atk|1
|-boost|p1a: Rillaboom|def|1
|move|p2b: Dragonite|Scale Shot|p1a: Rillaboom|[miss]
|-miss|p2b: Dragonite|p1a: Rillaboom
|
|-heal|p2a: Blaziken|18/100|[from] Grassy Terrain
|-heal|p1b: Sneasler|100/100 brn|[from] Grassy Terrain
|-damage|p1b: Sneasler|95/100 brn|[from] brn
|-fieldend|move: Grassy Terrain
|upkeep
|turn|9
|inactive|Capravolante97 has 30 seconds left.
|
|t:|1757939154
|move|p2a: Blaziken|Coaching|p2b: Dragonite
|-boost|p2b: Dragonite|atk|1
|-boost|p2b: Dragonite|def|1
|move|p1b: Sneasler|Coaching|p1a: Rillaboom
|-boost|p1a: Rillaboom|atk|1
|-boost|p1a: Rillaboom|def|1
|move|p2b: Dragonite|Scale Shot|p1a: Rillaboom|[miss]
|-miss|p2b: Dragonite|p1a: Rillaboom
|move|p1a: Rillaboom|Wood Hammer|p2a: Blaziken
|-resisted|p2a: Blaziken
|-damage|p2a: Blaziken|0 fnt
|faint|p2a: Blaziken
|-damage|p1a: Rillaboom|95/100|[from] Recoil
|
|-damage|p1b: Sneasler|89/100 brn|[from] brn
|-sideend|p1: rom6x|Reflect
|upkeep
|
|t:|1757939167
|switch|p2a: Dondozo|Dondozo, L50, M|100/100
|turn|10
|
|t:|1757939183
|-terastallize|p2a: Dondozo|Grass
|move|p1b: Sneasler|Coaching|p1a: Rillaboom
|-boost|p1a: Rillaboom|atk|1
|-boost|p1a: Rillaboom|def|1
|move|p2b: Dragonite|Stomping Tantrum|p1b: Sneasler
|-supereffective|p1b: Sneasler
|-damage|p1b: Sneasler|0 fnt
|faint|p1b: Sneasler
|move|p1a: Rillaboom|Wood Hammer|p2b: Dragonite
|-resisted|p2b: Dragonite
|-damage|p2b: Dragonite|32/100 par
|-damage|p1a: Rillaboom|75/100|[from] Recoil
|move|p2a: Dondozo|Yawn|p1a: Rillaboom
|-start|p1a: Rillaboom|move: Yawn|[of] p2a: Dondozo
|
|upkeep
|turn|11
|
|t:|1757939202
|cant|p2b: Dragonite|par
|move|p2a: Dondozo|Protect|p2a: Dondozo
|-singleturn|p2a: Dondozo|Protect
|move|p1a: Rillaboom|Wood Hammer|p2b: Dragonite
|-resisted|p2b: Dragonite
|-crit|p2b: Dragonite
|-damage|p2b: Dragonite|0 fnt
|faint|p2b: Dragonite
|-damage|p1a: Rillaboom|65/100|[from] Recoil
|
|-end|p1a: Rillaboom|move: Yawn|[silent]
|-status|p1a: Rillaboom|slp
|upkeep
|
|t:|1757939208
|switch|p2b: Kingambit|Kingambit, L50, M|100/100
|turn|12
|
|t:|1757939219
|cant|p1a: Rillaboom|slp
|move|p2b: Kingambit|Swords Dance|p2b: Kingambit
|-boost|p2b: Kingambit|atk|2
|move|p2a: Dondozo|Liquidation|p1a: Rillaboom
|-supereffective|p1a: Rillaboom
|-damage|p1a: Rillaboom|0 fnt
|faint|p1a: Rillaboom
|
|win|Capravolante97
||rom6x is ready for game 3.
||Capravolante97 is ready for game 3.
|uhtml|next|Next: Game 3 of 3
