|j|☆RipDrrip
|j|☆25th_mang
|html|RipDrrip25th_mang    
|uhtml|bestof|Game 2 of a best-of-3
|t:|1757646947
|gametype|doubles
|player|p1|RipDrrip|roxie|1049
|player|p2|25th_mang|ballguy|1117
|gen|9
|tier|[Gen 9] VGC 2025 Reg H (Bo3)
|rated|
|rule|Species Clause: Limit one of each Pokémon
|rule|Item Clause: Limit 1 of each item
|clearpoke
|poke|p1|Reuniclus, L50, M|
|poke|p1|Tyranitar, L50, F|
|poke|p1|Excadrill, L50, M|
|poke|p1|Amoonguss, L50, F|
|poke|p1|Incineroar, L50, F|
|poke|p1|Kommo-o, L50, F|
|poke|p2|Pelipper, L50, F|
|poke|p2|Archaludon, L50, F|
|poke|p2|Quaquaval, L50, F|
|poke|p2|Kingambit, L50, F|
|poke|p2|Rillaboom, L50, F|
|poke|p2|Dragapult, L50, F|
|teampreview|4
|showteam|p1|Reuniclus||LifeOrb|MagicGuard|ExpandingForce,FlashCannon,TrickRoom,Protect|||M|||50|,,,,,Dark]Tyranitar||AssaultVest|SandStream|RockSlide,KnockOff,LowKick,TeraBlast|||F|||50|,,,,,Flying]Excadrill||FocusSash|SandRush|IronHead,HighHorsepower,Earthquake,Protect|||M|||50|,,,,,Ground]Amoonguss||SitrusBerry|Regenerator|PollenPuff,RagePowder,Spore,ClearSmog|||F|||50|,,,,,Water]Incineroar||SafetyGoggles|Intimidate|FakeOut,KnockOff,FlareBlitz,PartingShot|||F|||50|,,,,,Ghost]Kommo-o||ThroatSpray|Overcoat|ClangingScales,ClangorousSoul,AuraSphere,Protect|||F|||50|,,,,,Steel
|showteam|p2|Pelipper||ChoiceScarf|Drizzle|Hurricane,WeatherBall,Tailwind,Uturn|||F|||50|,,,,,Ghost]Archaludon||ChoiceSpecs|Sturdy|ElectroShot,FlashCannon,DracoMeteor,DragonPulse|||F|||50|,,,,,Electric]Quaquaval||FocusSash|Moxie|AquaStep,UpperHand,CloseCombat,Protect|||F|||50|,,,,,Water]Kingambit||BlackGlasses|Defiant|KowtowCleave,SuckerPunch,IronHead,Protect|||F|||50|,,,,,Dark]Rillaboom||AssaultVest|GrassySurge|FakeOut,WoodHammer,GrassyGlide,Uturn|||F|||50|,,,,,Fire]Dragapult||ChoiceBand|ClearBody|DragonDarts,Outrage,PhantomForce,Uturn|||F|||50|,,,,,Dragon
|inactive|Battle timer is ON: inactive players will automatically lose when time's up. (requested by 25th_mang)
|
|t:|1757646972
|teamsize|p1|4
|teamsize|p2|4
|start
|switch|p1a: Reuniclus|Reuniclus, L50, M|100/100
|switch|p1b: Tyranitar|Tyranitar, L50, F|100/100
|switch|p2a: tzuyu|Archaludon, L50, F, shiny|100/100
|switch|p2b: jihyo|Rillaboom, L50, F, shiny|100/100
|-fieldstart|move: Grassy Terrain|[from] ability: Grassy Surge|[of] p2b: jihyo
|-weather|Sandstorm|[from] ability: Sand Stream|[of] p1b: Tyranitar
|turn|1
|inactive|RipDrrip has 30 seconds left.
|inactive|25th_mang has 30 seconds left.
|inactive|RipDrrip has 20 seconds left.
|inactive|RipDrrip has 15 seconds left.
|
|t:|1757647022
|move|p2b: jihyo|Grassy Glide|p1b: Tyranitar
|-supereffective|p1b: Tyranitar
|-damage|p1b: Tyranitar|43/100
|move|p2a: tzuyu|Flash Cannon|p1b: Tyranitar
|-supereffective|p1b: Tyranitar
|-damage|p1b: Tyranitar|0 fnt
|faint|p1b: Tyranitar
|move|p1a: Reuniclus|Trick Room|p1a: Reuniclus
|-fieldstart|move: Trick Room|[of] p1a: Reuniclus
|
|-weather|Sandstorm|[upkeep]
|-damage|p2b: jihyo|95/100|[from] Sandstorm
|-heal|p2b: jihyo|100/100|[from] Grassy Terrain
|upkeep
|
|t:|1757647033
|switch|p1b: Amoonguss|Amoonguss, L50, F|100/100
|turn|2
|
|t:|1757647047
|switch|p2a: dahyun|Pelipper, L50, F|100/100
|-weather|RainDance|[from] ability: Drizzle|[of] p2a: dahyun
|move|p1a: Reuniclus|Expanding Force|p2a: dahyun
|-damage|p2a: dahyun|20/100
|move|p1b: Amoonguss|Spore|p2a: dahyun
|-status|p2a: dahyun|slp|[from] move: Spore
|move|p2b: jihyo|U-turn|p1a: Reuniclus
|-supereffective|p1a: Reuniclus
|-damage|p1a: Reuniclus|51/100
|
|t:|1757647063
|switch|p2b: momo|Quaquaval, L50, F, shiny|100/100|[from] U-turn
|
|-weather|RainDance|[upkeep]
|-heal|p1a: Reuniclus|57/100|[from] Grassy Terrain
|upkeep
|turn|3
|
|t:|1757647083
|move|p2b: momo|Protect|p2b: momo
|-singleturn|p2b: momo|Protect
|move|p1b: Amoonguss|Rage Powder|p1b: Amoonguss
|-singleturn|p1b: Amoonguss|move: Rage Powder
|move|p1a: Reuniclus|Expanding Force|p2b: momo
|-activate|p2b: momo|move: Protect
|cant|p2a: dahyun|slp
|
|-weather|RainDance|[upkeep]
|-heal|p1a: Reuniclus|63/100|[from] Grassy Terrain
|upkeep
|turn|4
|
|t:|1757647108
|-terastallize|p2b: momo|Water
|move|p1b: Amoonguss|Rage Powder|p1b: Amoonguss
|-singleturn|p1b: Amoonguss|move: Rage Powder
|move|p1a: Reuniclus|Expanding Force|p2b: momo
|-damage|p2b: momo|38/100
|move|p2b: momo|Aqua Step|p1b: Amoonguss
|-resisted|p1b: Amoonguss
|-damage|p1b: Amoonguss|63/100
|-boost|p2b: momo|spe|1
|cant|p2a: dahyun|slp
|
|-weather|RainDance|[upkeep]
|-heal|p1a: Reuniclus|69/100|[from] Grassy Terrain
|-heal|p1b: Amoonguss|69/100|[from] Grassy Terrain
|-heal|p2b: momo|44/100|[from] Grassy Terrain
|upkeep
|turn|5
|
|t:|1757647132
|move|p2b: momo|Protect|p2b: momo
|-singleturn|p2b: momo|Protect
|move|p1a: Reuniclus|Expanding Force|p2b: momo
|-activate|p2b: momo|move: Protect
|move|p1b: Amoonguss|Pollen Puff|p1a: Reuniclus
|-heal|p1a: Reuniclus|100/100
|cant|p2a: dahyun|slp
|
|-weather|RainDance|[upkeep]
|-heal|p1b: Amoonguss|75/100|[from] Grassy Terrain
|-heal|p2b: momo|50/100|[from] Grassy Terrain
|-fieldend|move: Trick Room
|-fieldend|move: Grassy Terrain
|upkeep
|turn|6
|inactive|RipDrrip has 30 seconds left.
|inactive|25th_mang has 30 seconds left.
|inactive|RipDrrip has 20 seconds left.
|inactive|25th_mang has 20 seconds left.
|inactive|RipDrrip has 15 seconds left.
|inactive|25th_mang has 15 seconds left.
|inactive|25th_mang has 10 seconds left.
|inactive|25th_mang has 5 seconds left.
|
|t:|1757647183
|move|p1b: Amoonguss|Rage Powder|p1b: Amoonguss
|-singleturn|p1b: Amoonguss|move: Rage Powder
|move|p2b: momo|Aqua Step|p1b: Amoonguss
|-resisted|p1b: Amoonguss
|-damage|p1b: Amoonguss|36/100
|-boost|p2b: momo|spe|1
|-enditem|p1b: Amoonguss|Sitrus Berry|[eat]
|-heal|p1b: Amoonguss|60/100|[from] item: Sitrus Berry
|-curestatus|p2a: dahyun|slp|[msg]
|move|p2a: dahyun|Hurricane|p1b: Amoonguss
|-supereffective|p1b: Amoonguss
|-damage|p1b: Amoonguss|0 fnt
|faint|p1b: Amoonguss
|move|p1a: Reuniclus|Trick Room|p1a: Reuniclus
|-fieldstart|move: Trick Room|[of] p1a: Reuniclus
|
|-weather|none
|upkeep
|
|t:|1757647197
|switch|p1b: Excadrill|Excadrill, L50, M|100/100
|turn|7
|
|t:|1757647209
|switch|p2a: jihyo|Rillaboom, L50, F, shiny|100/100
|-fieldstart|move: Grassy Terrain|[from] ability: Grassy Surge|[of] p2a: jihyo
|move|p2b: momo|Protect|p2b: momo
|-singleturn|p2b: momo|Protect
|move|p1a: Reuniclus|Expanding Force|p2b: momo
|-activate|p2b: momo|move: Protect
|move|p1b: Excadrill|Iron Head|p2a: jihyo
|-damage|p2a: jihyo|55/100
|
|-heal|p2a: jihyo|61/100|[from] Grassy Terrain
|-heal|p2b: momo|56/100|[from] Grassy Terrain
|upkeep
|turn|8
|
|t:|1757647233
|move|p2a: jihyo|Fake Out|p1a: Reuniclus
|-damage|p1a: Reuniclus|86/100
|cant|p1a: Reuniclus|flinch
|move|p1b: Excadrill|Iron Head|p2a: jihyo
|-damage|p2a: jihyo|17/100
|move|p2b: momo|Close Combat|p1b: Excadrill
|-supereffective|p1b: Excadrill
|-enditem|p1b: Excadrill|Focus Sash
|-damage|p1b: Excadrill|1/100
|-unboost|p2b: momo|def|1
|-unboost|p2b: momo|spd|1
|
|-heal|p1a: Reuniclus|92/100|[from] Grassy Terrain
|-heal|p2a: jihyo|23/100|[from] Grassy Terrain
|-heal|p1b: Excadrill|7/100|[from] Grassy Terrain
|-heal|p2b: momo|63/100|[from] Grassy Terrain
|upkeep
|turn|9
|
|t:|1757647251
|move|p1b: Excadrill|Protect|p1b: Excadrill
|-singleturn|p1b: Excadrill|Protect
|move|p2b: momo|Protect|p2b: momo
|-singleturn|p2b: momo|Protect
|move|p2a: jihyo|Grassy Glide|p1b: Excadrill
|-activate|p1b: Excadrill|move: Protect
|move|p1a: Reuniclus|Flash Cannon|p2a: jihyo
|-damage|p2a: jihyo|3/100
|
|-heal|p1a: Reuniclus|98/100|[from] Grassy Terrain
|-heal|p2a: jihyo|9/100|[from] Grassy Terrain
|-heal|p1b: Excadrill|13/100|[from] Grassy Terrain
|-heal|p2b: momo|69/100|[from] Grassy Terrain
|upkeep
|turn|10
|
|t:|1757647268
|move|p2a: jihyo|Grassy Glide|p1b: Excadrill
|-damage|p1b: Excadrill|0 fnt
|faint|p1b: Excadrill
|move|p1a: Reuniclus|Expanding Force|p2b: momo
|-damage|p2b: momo|0 fnt
|faint|p2b: momo
|
|-heal|p1a: Reuniclus|100/100|[from] Grassy Terrain
|-heal|p2a: jihyo|15/100|[from] Grassy Terrain
|-fieldend|move: Trick Room
|upkeep
|
|t:|1757647276
|switch|p2b: tzuyu|Archaludon, L50, F, shiny|100/100
|turn|11
|c|☆RipDrrip|i forgot about prio on grassy glide tbh
|-message|RipDrrip forfeited.
|
|win|25th_mang
|l|☆RipDrrip
|player|p1|
||RipDrrip is ready for game 3.
|inactive|25th_mang has 30 seconds to confirm battle start!
||25th_mang is ready for game 3.
|uhtml|next|Next: Game 3 of 3
|l|☆25th_mang
|player|p2|
|j|☆25th_mang
|player|p2|25th_mang|ballguy|
