|j|☆memeberserk
|j|☆jomivgc
|html|memeberserkjomivgc    
|uhtml|bestof|Game 2 of a best-of-3
|t:|1784602196
|gametype|doubles
|player|p1|memeberserk|lance|1240
|player|p2|jomivgc|falkner-gen2|1239
|gen|9
|tier|[Gen 9 Champions] VGC 2026 Reg M-B (Bo3)
|rated|
|rule|Species Clause: Limit one of each Pokémon
|rule|Item Clause: Limit 1 of each item
|clearpoke
|poke|p1|Raichu, L50, F|
|poke|p1|Corviknight, L50, M|
|poke|p1|Sylveon, L50, M|
|poke|p1|Basculegion, L50, M|
|poke|p1|Mamoswine, L50, M|
|poke|p1|Tyranitar, L50, F|
|poke|p2|Aerodactyl, L50, M|
|poke|p2|Charizard, L50, M|
|poke|p2|Incineroar, L50, M|
|poke|p2|Kingambit, L50, F|
|poke|p2|Sylveon, L50, M|
|poke|p2|Garchomp, L50, M|
|teampreview|4
|showteam|p1|Raichu||RaichuniteY|LightningRod|ZapCannon,FocusBlast,FakeOut,Protect|Timid||F|||50|]Corviknight||Leftovers|Unnerve|BraveBird,IronHead,Tailwind,Protect|Careful||M|||50|]Sylveon||FairyFeather|Pixilate|HyperVoice,QuickAttack,Protect,Yawn|Modest||M|||50|]Basculegion||MysticWater|SwiftSwim|WaveCrash,LastRespects,AquaJet,Protect|Adamant||M|||50|]Mamoswine||LifeOrb|Oblivious|HighHorsepower,IceShard,IcicleCrash,Protect|Adamant||M|||50|]Tyranitar||FocusSash|SandStream|RockSlide,KnockOff,Superpower,Protect|Adamant||F|||50|
|showteam|p2|Aerodactyl||Aerodactylite|Unnerve|RockSlide,DualWingbeat,WideGuard,Tailwind|Jolly||M|||50|]Charizard||CharizarditeY|Blaze|HeatWave,WeatherBall,SolarBeam,Protect|Modest||M|||50|]Incineroar||SitrusBerry|Intimidate|FlareBlitz,DarkestLariat,FakeOut,PartingShot|Impish||M|||50|]Kingambit||FocusSash|Defiant|KowtowCleave,IronHead,SuckerPunch,LowKick|Adamant||F|||50|]Sylveon||FairyFeather|Pixilate|HyperVoice,HyperBeam,QuickAttack,Detect|Modest||M|||50|]Garchomp||LifeOrb|RoughSkin|Earthquake,DragonClaw,RockSlide,Protect|Jolly||M|||50|
|inactive|Battle timer is ON: inactive players will automatically lose when time's up. (requested by jomivgc)
|inactive|jomivgc has 60 seconds left.
|
|t:|1784602247
|teamsize|p1|4
|teamsize|p2|4
|start
|switch|p1a: Raichu|Raichu, L50, F|100/100
|switch|p1b: Sylveon|Sylveon, L50, M|100/100
|switch|p2a: Kingambit|Kingambit, L50, F|100/100
|switch|p2b: Aerodactyl|Aerodactyl, L50, M|100/100
|-ability|p2b: Aerodactyl|Unnerve
|turn|1
|inactive|jomivgc has 30 seconds left.
|
|t:|1784602273
|detailschange|p2b: Aerodactyl|Aerodactyl-Mega, L50, M
|-mega|p2b: Aerodactyl|Aerodactyl|Aerodactylite
|detailschange|p1a: Raichu|Raichu-Mega-Y, L50, F
|-mega|p1a: Raichu|Raichu|Raichunite Y
|move|p2b: Aerodactyl|Rock Slide|p1b: Sylveon|[spread] p1a,p1b
|-damage|p1a: Raichu|53/100
|-damage|p1b: Sylveon|71/100
|move|p1a: Raichu|Focus Blast|p2a: Kingambit
|-supereffective|p2a: Kingambit|2
|-enditem|p2a: Kingambit|Focus Sash
|-damage|p2a: Kingambit|1/100
|cant|p1b: Sylveon|flinch
|move|p2a: Kingambit|Iron Head|p1b: Sylveon
|-supereffective|p1b: Sylveon|1
|-damage|p1b: Sylveon|0 fnt
|faint|p1b: Sylveon
|
|upkeep
|
|t:|1784602290
|switch|p1b: Corviknight|Corviknight, L50, M|100/100
|-ability|p1b: Corviknight|Unnerve
|turn|2
|
|t:|1784602307
|move|p1a: Raichu|Protect|p1a: Raichu
|-singleturn|p1a: Raichu|Protect
|move|p2b: Aerodactyl|Tailwind|p2b: Aerodactyl
|-sidestart|p2: jomivgc|move: Tailwind
|move|p2a: Kingambit|Kowtow Cleave|p1b: Corviknight
|-damage|p1b: Corviknight|62/100
|move|p1b: Corviknight|Iron Head|p2a: Kingambit
|-resisted|p2a: Kingambit|1
|-damage|p2a: Kingambit|0 fnt
|faint|p2a: Kingambit
|
|-heal|p1b: Corviknight|68/100|[from] item: Leftovers
|upkeep
|
|t:|1784602320
|switch|p2a: Sylveon|Sylveon, L50, M|100/100
|turn|3
|
|t:|1784602331
|move|p2b: Aerodactyl|Rock Slide|p1b: Corviknight|[spread] p1a,p1b
|-damage|p1a: Raichu|6/100
|-damage|p1b: Corviknight|44/100
|move|p1a: Raichu|Zap Cannon|p2b: Aerodactyl
|-supereffective|p2b: Aerodactyl|1
|-damage|p2b: Aerodactyl|0 fnt
|faint|p2b: Aerodactyl
|move|p2a: Sylveon|Hyper Voice|p1b: Corviknight|[spread] p1a,p1b
|-resisted|p1b: Corviknight|1
|-damage|p1a: Raichu|0 fnt
|-damage|p1b: Corviknight|24/100
|faint|p1a: Raichu
|move|p1b: Corviknight|Iron Head|p2a: Sylveon
|-supereffective|p2a: Sylveon|1
|-damage|p2a: Sylveon|29/100
|
|-heal|p1b: Corviknight|30/100|[from] item: Leftovers
|upkeep
|
|t:|1784602346
|switch|p2b: Incineroar|Incineroar, L50, M|100/100
|switch|p1a: Mamoswine|Mamoswine, L50, M|100/100
|-ability|p2b: Incineroar|Intimidate|boost
|-fail|p1a: Mamoswine|unboost|Attack|[from] ability: Oblivious|[of] p1a: Mamoswine
|-unboost|p1b: Corviknight|atk|1
|turn|4
|inactive|jomivgc has 30 seconds left.
|inactive|jomivgc has 20 seconds left.
|inactive|jomivgc has 15 seconds left.
|
|t:|1784602387
|move|p2b: Incineroar|Fake Out|p1a: Mamoswine
|-damage|p1a: Mamoswine|86/100
|move|p2a: Sylveon|Hyper Beam|p1a: Mamoswine
|-damage|p1a: Mamoswine|0 fnt
|-mustrecharge|p2a: Sylveon
|faint|p1a: Mamoswine
|move|p1b: Corviknight|Tailwind|p1b: Corviknight
|-sidestart|p1: memeberserk|move: Tailwind
|
|-heal|p1b: Corviknight|36/100|[from] item: Leftovers
|upkeep
|turn|5
|-message|memeberserk forfeited.
|
|win|jomivgc
|raw|memeberserk's rating: 1240 → 1215(-25 for losing)
|raw|jomivgc's rating: 1239 → 1264(+25 for winning)
