|j|☆melon7744
|j|☆Hankk1995
|html|melon7744Hankk1995    
|uhtml|bestof|Game 1 of a best-of-3
|t:|1786006398
|gametype|doubles
|player|p1|melon7744|rosa|
|player|p2|Hankk1995|miriam|
|gen|9
|tier|[Gen 9 Champions] VGC 2026 Reg M-B (Bo3)
|rule|Species Clause: Limit one of each Pokémon
|rule|Item Clause: Limit 1 of each item
|clearpoke
|poke|p1|Staraptor, L50, M|
|poke|p1|Garchomp, L50, M|
|poke|p1|Whimsicott, L50, M|
|poke|p1|Delphox, L50, M|
|poke|p1|Glimmora, L50, M|
|poke|p1|Kingambit, L50, M|
|poke|p2|Raichu, L50, F|
|poke|p2|Staraptor, L50, F|
|poke|p2|Arcanine-Hisui, L50, M|
|poke|p2|Farigiraf, L50, M|
|poke|p2|Sylveon, L50, F|
|poke|p2|Kingambit, L50, M|
|teampreview|4
|showteam|p1|Staraptor||Staraptite|Intimidate|Protect,Roost,CloseCombat,BraveBird|Jolly||M|||50|]Garchomp||LifeOrb|RoughSkin|Protect,RockSlide,Earthquake,DragonClaw|Jolly||M|||50|]Whimsicott||OccaBerry|Prankster|Moonblast,Tailwind,Charm,LightScreen|Timid||M|||50|]Delphox||Delphoxite|Magician|Protect,Psychic,HeatWave,Substitute|Timid||M|||50|]Glimmora||FocusSash|ToxicDebris|SpikyShield,SludgeBomb,EarthPower,PowerGem|Timid||M|||50|]Kingambit||ChopleBerry|Defiant|SuckerPunch,LowKick,IronHead,KowtowCleave|Adamant||M|||50|
|showteam|p2|Raichu||RaichuniteY|LightningRod|ZapCannon,FocusBlast,FakeOut,Protect|Timid||F|||50|]Staraptor||Staraptite|Intimidate|CloseCombat,DualWingbeat,Tailwind,Protect|Jolly||F|||50|]Arcanine-Hisui||FocusSash|RockHead|FlareBlitz,HeadSmash,ExtremeSpeed,Protect|Jolly||M|||50|]Farigiraf||SitrusBerry|ArmorTail|Psychic,HelpingHand,TrickRoom,Protect|Calm||M|||50|]Sylveon||FairyFeather|Pixilate|HyperVoice,QuickAttack,HyperBeam,Detect|Modest||F|||50|]Kingambit||LifeOrb|Defiant|KowtowCleave,SuckerPunch,SwordsDance,Protect|Adamant||M|||50|
|
|t:|1786006461
|teamsize|p1|4
|teamsize|p2|4
|start
|switch|p1a: Whimsicott|Whimsicott, L50, M|100/100
|switch|p1b: Glimmora|Glimmora, L50, M|100/100
|switch|p2a: Arcanine|Arcanine-Hisui, L50, M|100/100
|switch|p2b: Staraptor|Staraptor, L50, F|100/100
|-ability|p2b: Staraptor|Intimidate|boost
|-unboost|p1a: Whimsicott|atk|1
|-unboost|p1b: Glimmora|atk|1
|turn|1
|
|t:|1786006514
|switch|p2b: Farigiraf|Farigiraf, L50, M|100/100
|move|p1a: Whimsicott|Tailwind|p1a: Whimsicott
|-sidestart|p1: melon7744|move: Tailwind
|move|p1b: Glimmora|Earth Power|p2a: Arcanine
|-supereffective|p2a: Arcanine|2
|-enditem|p2a: Arcanine|Focus Sash
|-damage|p2a: Arcanine|1/100
|move|p2a: Arcanine|Flare Blitz|p1a: Whimsicott
|-supereffective|p1a: Whimsicott|1
|-enditem|p1a: Whimsicott|Occa Berry|[eat]
|-enditem|p1a: Whimsicott|Occa Berry|[weaken]
|-damage|p1a: Whimsicott|21/100
|
|upkeep
|turn|2
|
|t:|1786006541
|switch|p1a: Kingambit|Kingambit, L50, M|100/100
|move|p2a: Arcanine|Extreme Speed|p1a: Kingambit
|-resisted|p1a: Kingambit|1
|-damage|p1a: Kingambit|90/100
|move|p1b: Glimmora|Sludge Bomb|p2b: Farigiraf
|-damage|p2b: Farigiraf|63/100
|move|p2b: Farigiraf|Trick Room|p2b: Farigiraf
|-fieldstart|move: Trick Room|[of] p2b: Farigiraf
|
|upkeep
|turn|3
|
|t:|1786006567
|switch|p2a: Sylveon|Sylveon, L50, F|100/100
|move|p2b: Farigiraf|Protect|p2b: Farigiraf
|-singleturn|p2b: Farigiraf|Protect
|move|p1a: Kingambit|Kowtow Cleave|p2a: Sylveon
|-resisted|p2a: Sylveon|1
|-damage|p2a: Sylveon|75/100
|move|p1b: Glimmora|Sludge Bomb|p2b: Farigiraf
|-activate|p2b: Farigiraf|move: Protect
|
|upkeep
|turn|4
|
|t:|1786006596
|switch|p1a: Whimsicott|Whimsicott, L50, M|21/100
|move|p2b: Farigiraf|Psychic|p1b: Glimmora
|-supereffective|p1b: Glimmora|1
|-crit|p1b: Glimmora
|-enditem|p1b: Glimmora|Focus Sash
|-damage|p1b: Glimmora|1/100
|move|p2a: Sylveon|Hyper Voice|p1b: Glimmora|[spread] p1a,p1b
|-resisted|p1b: Glimmora|1
|-damage|p1a: Whimsicott|0 fnt
|-damage|p1b: Glimmora|0 fnt
|faint|p1a: Whimsicott
|faint|p1b: Glimmora
|
|-sideend|p1: melon7744|move: Tailwind
|upkeep
|
|t:|1786006607
|switch|p1b: Kingambit|Kingambit, L50, M|90/100
|switch|p1a: Delphox|Delphox, L50, M|100/100
|turn|5
|
|t:|1786006634
|detailschange|p1a: Delphox|Delphox-Mega, L50, M
|-mega|p1a: Delphox|Delphox|Delphoxite
|move|p2b: Farigiraf|Helping Hand|p2a: Sylveon
|-singleturn|p2a: Sylveon|Helping Hand|[of] p2b: Farigiraf
|move|p1b: Kingambit|Kowtow Cleave|p2b: Farigiraf
|-supereffective|p2b: Farigiraf|1
|-damage|p2b: Farigiraf|0 fnt
|faint|p2b: Farigiraf
|move|p2a: Sylveon|Hyper Beam|p1b: Kingambit
|-damage|p1b: Kingambit|0 fnt
|-mustrecharge|p2a: Sylveon
|faint|p1b: Kingambit
|move|p1a: Delphox|Heat Wave|p2a: Sylveon
|-damage|p2a: Sylveon|36/100
|
|upkeep
|
|t:|1786006649
|switch|p2b: Staraptor|Staraptor, L50, F|100/100
|-ability|p2b: Staraptor|Intimidate|boost
|-unboost|p1a: Delphox|atk|1
|turn|6
|
|t:|1786006667
|cant|p2a: Sylveon|recharge
|move|p2b: Staraptor|Tailwind|p2b: Staraptor
|-sidestart|p2: Hankk1995|move: Tailwind
|move|p1a: Delphox|Psychic|p2b: Staraptor
|-damage|p2b: Staraptor|24/100
|
|-fieldend|move: Trick Room
|upkeep
|turn|7
|
|t:|1786006693
|detailschange|p2b: Staraptor|Staraptor-Mega, L50, F
|-mega|p2b: Staraptor|Staraptor|Staraptite
|move|p2b: Staraptor|Dual Wingbeat|p1a: Delphox|[miss]
|-miss|p2b: Staraptor|p1a: Delphox
|move|p1a: Delphox|Heat Wave|p2b: Staraptor|[spread] p2a,p2b
|-damage|p2a: Sylveon|4/100
|-damage|p2b: Staraptor|0 fnt
|faint|p2b: Staraptor
|move|p2a: Sylveon|Hyper Beam|p1a: Delphox
|-resisted|p1a: Delphox|1
|-damage|p1a: Delphox|52/100
|-mustrecharge|p2a: Sylveon
|
|upkeep
|
|t:|1786006700
|switch|p2b: Arcanine|Arcanine-Hisui, L50, M|1/100
|turn|8
|
|t:|1786006709
|move|p1a: Delphox|Protect|p1a: Delphox
|-singleturn|p1a: Delphox|Protect
|move|p2b: Arcanine|Head Smash|p1a: Delphox
|-activate|p1a: Delphox|move: Protect
|cant|p2a: Sylveon|recharge
|
|upkeep
|turn|9
|
|t:|1786006725
|move|p1a: Delphox|Protect||[still]
|-fail|p1a: Delphox
|move|p2a: Sylveon|Quick Attack|p1a: Delphox
|-resisted|p1a: Delphox|1
|-damage|p1a: Delphox|44/100
|move|p2b: Arcanine|Head Smash|p1a: Delphox
|-supereffective|p1a: Delphox|1
|-damage|p1a: Delphox|0 fnt
|faint|p1a: Delphox
|
|win|Hankk1995
||melon7744 is ready for game 2.
||Hankk1995 is ready for game 2.
|uhtml|next|Next: Game 2 of 3
|l|☆melon7744
|player|p1|
|j|☆melon7744
|player|p1|melon7744|rosa|
