|j|☆Invoker Kuzan
|j|☆Vitor_hsaf
|html|Invoker KuzanVitor_hsaf    
|uhtml|bestof|Game 1 of a best-of-3
|t:|1756318253
|gametype|doubles
|player|p1|Invoker Kuzan|marnie-masters3|1147
|player|p2|Vitor_hsaf|blue|1252
|gen|9
|tier|[Gen 9] VGC 2025 Reg H (Bo3)
|rated|
|rule|Species Clause: Limit one of each Pokémon
|rule|Item Clause: Limit 1 of each item
|clearpoke
|poke|p1|Indeedee-F, L50, F|
|poke|p1|Hatterene, L50, F|
|poke|p1|Gallade, L50, M|
|poke|p1|Ursaluna, L50, M|
|poke|p1|Lilligant-Hisui, L50, F|
|poke|p1|Torkoal, L50, M|
|poke|p2|Amoonguss, L50, F|
|poke|p2|Sneasler, L50, M|
|poke|p2|Gholdengo, L50|
|poke|p2|Incineroar, L50, M|
|poke|p2|Ursaluna-Bloodmoon, L50, M|
|poke|p2|Dragonite, L50, F|
|teampreview|4
|showteam|p1|Indeedee-F||PsychicSeed|PsychicSurge|TrickRoom,FollowMe,HelpingHand,DazzlingGleam|||F|||50|,,,,,Fire]Hatterene||LifeOrb|MagicBounce|ExpandingForce,TrickRoom,DazzlingGleam,Protect|||F|||50|,,,,,Psychic]Gallade||ClearAmulet|Sharpness|PsychoCut,TrickRoom,SacredSword,WideGuard|||M|||50|,,,,,Grass]Ursaluna||FlameOrb|Guts|HeadlongRush,Facade,SwordsDance,Protect|||M|||50|,,,,,Ghost]Lilligant-Hisui||FocusSash|Chlorophyll|SolarBlade,SleepPowder,CloseCombat,AfterYou|||F|||50|,,,,,Ghost]Torkoal||ChoiceSpecs|Drought|Eruption,HeatWave,WeatherBall,EarthPower|||M|||50|,,,,,Fire
|showteam|p2|Amoonguss||SitrusBerry|Regenerator|RagePowder,Spore,PollenPuff,Protect|||F|||50|,,,,,Psychic]Sneasler||FocusSash|Unburden|Protect,DireClaw,CloseCombat,ThroatChop|||M|||50|,,,,,Stellar]Gholdengo||LifeOrb|GoodasGold|Protect,MakeItRain,ShadowBall,NastyPlot||||||50|,,,,,Water]Incineroar||SafetyGoggles|Intimidate|KnockOff,PartingShot,FlareBlitz,FakeOut|||M|||50|,,,,,Ghost]Ursaluna-Bloodmoon||AssaultVest|MindsEye|BloodMoon,EarthPower,VacuumWave,HyperVoice|||M|||50|,,,,,Water]Dragonite||LoadedDice|Multiscale|ScaleShot,Tailwind,Haze,Protect|||F|||50|,,,,,Fairy
|inactive|Battle timer is ON: inactive players will automatically lose when time's up. (requested by Vitor_hsaf)
|
|t:|1756318283
|teamsize|p1|4
|teamsize|p2|4
|start
|switch|p1a: Indeedee|Indeedee-F, L50, F, shiny|100/100
|switch|p1b: Gallade|Gallade, L50, M, shiny|100/100
|switch|p2a: Luffy|Incineroar, L50, M|100/100
|switch|p2b: Tony|Ursaluna-Bloodmoon, L50, M|100/100
|-ability|p2a: Luffy|Intimidate|boost
|-unboost|p1a: Indeedee|atk|1
|-fail|p1b: Gallade|unboost|[from] item: Clear Amulet|[of] p1b: Gallade
|-fieldstart|move: Psychic Terrain|[from] ability: Psychic Surge|[of] p1a: Indeedee
|-enditem|p1a: Indeedee|Psychic Seed
|-boost|p1a: Indeedee|spd|1|[from] item: Psychic Seed
|turn|1
|inactive|Invoker Kuzan has 30 seconds left.
|inactive|Vitor_hsaf has 30 seconds left.
|
|t:|1756318314
|move|p1b: Gallade|Sacred Sword|p2a: Luffy
|-supereffective|p2a: Luffy
|-damage|p2a: Luffy|0 fnt
|faint|p2a: Luffy
|move|p2b: Tony|Blood Moon|p1a: Indeedee
|-damage|p1a: Indeedee|54/100
|move|p1a: Indeedee|Trick Room|p1a: Indeedee
|-fieldstart|move: Trick Room|[of] p1a: Indeedee
|
|upkeep
|
|t:|1756318322
|switch|p2a: Golden Wind|Dragonite, L50, F|100/100
|turn|2
|inactive|Vitor_hsaf has 30 seconds left.
|
|t:|1756318349
|-terastallize|p2b: Tony|Water
|move|p1a: Indeedee|Dazzling Gleam|p2b: Tony|[spread] p2a,p2b
|-supereffective|p2a: Golden Wind
|-damage|p2a: Golden Wind|87/100
|-damage|p2b: Tony|91/100
|move|p2b: Tony|Hyper Voice|p1a: Indeedee|[spread] p1a,p1b
|-damage|p1a: Indeedee|32/100
|-damage|p1b: Gallade|69/100
|move|p1b: Gallade|Sacred Sword|p2b: Tony
|-damage|p2b: Tony|38/100
|move|p2a: Golden Wind|Scale Shot|p1a: Indeedee
|-damage|p1a: Indeedee|17/100
|-damage|p1a: Indeedee|2/100
|-damage|p1a: Indeedee|0 fnt
|faint|p1a: Indeedee
|-hitcount|p1: Indeedee|3
|-unboost|p2a: Golden Wind|def|1
|-boost|p2a: Golden Wind|spe|1
|
|upkeep
|
|t:|1756318360
|switch|p1a: Torkoal|Torkoal, L50, M, shiny|100/100
|-weather|SunnyDay|[from] ability: Drought|[of] p1a: Torkoal
|turn|3
|
|t:|1756318371
|switch|p1b: Ursaluna|Ursaluna, L50, M, shiny|100/100
|-terastallize|p1a: Torkoal|Fire
|move|p1a: Torkoal|Eruption|p2b: Tony|[spread] p2a,p2b
|-resisted|p2a: Golden Wind
|-resisted|p2b: Tony
|-damage|p2a: Golden Wind|5/100
|-damage|p2b: Tony|0 fnt
|faint|p2b: Tony
|move|p2a: Golden Wind|Scale Shot|p1a: Torkoal
|-damage|p1a: Torkoal|89/100
|-damage|p1a: Torkoal|77/100
|-damage|p1a: Torkoal|65/100
|-damage|p1a: Torkoal|53/100
|-hitcount|p1a: Torkoal|4
|-unboost|p2a: Golden Wind|def|1
|-boost|p2a: Golden Wind|spe|1
|
|-weather|SunnyDay|[upkeep]
|-status|p1b: Ursaluna|brn|[from] item: Flame Orb
|upkeep
|
|t:|1756318379
|switch|p2b: Say Cheese|Gholdengo, L50|100/100
|turn|4
|
|t:|1756318385
|move|p2b: Say Cheese|Protect|p2b: Say Cheese
|-singleturn|p2b: Say Cheese|Protect
|move|p2a: Golden Wind|Protect|p2a: Golden Wind
|-singleturn|p2a: Golden Wind|Protect
|move|p1a: Torkoal|Eruption|p2b: Say Cheese|[spread] 
|-activate|p2a: Golden Wind|move: Protect
|-activate|p2b: Say Cheese|move: Protect
|move|p1b: Ursaluna|Headlong Rush|p2b: Say Cheese
|-activate|p2b: Say Cheese|move: Protect
|
|-weather|SunnyDay|[upkeep]
|-damage|p1b: Ursaluna|95/100 brn|[from] brn
|upkeep
|turn|5
|
|t:|1756318390
|move|p2b: Say Cheese|Protect||[still]
|-fail|p2b: Say Cheese
|move|p2a: Golden Wind|Protect|p2a: Golden Wind
|-singleturn|p2a: Golden Wind|Protect
|move|p1a: Torkoal|Eruption|p2a: Golden Wind|[spread] p2b
|-activate|p2a: Golden Wind|move: Protect
|-supereffective|p2b: Say Cheese
|-damage|p2b: Say Cheese|0 fnt
|faint|p2b: Say Cheese
|move|p1b: Ursaluna|Headlong Rush|p2a: Golden Wind
|-activate|p2a: Golden Wind|move: Protect
|
|-weather|SunnyDay|[upkeep]
|-damage|p1b: Ursaluna|89/100 brn|[from] brn
|-fieldend|move: Trick Room
|-fieldend|move: Psychic Terrain
|upkeep
|turn|6
|
|t:|1756318396
|move|p2a: Golden Wind|Scale Shot|p1a: Torkoal
|-damage|p1a: Torkoal|43/100
|-damage|p1a: Torkoal|31/100
|-damage|p1a: Torkoal|19/100
|-damage|p1a: Torkoal|7/100
|-damage|p1a: Torkoal|0 fnt
|faint|p1a: Torkoal
|-hitcount|p1: Torkoal|5
|-unboost|p2a: Golden Wind|def|1
|-boost|p2a: Golden Wind|spe|1
|move|p1b: Ursaluna|Facade|p2a: Golden Wind
|-damage|p2a: Golden Wind|0 fnt
|faint|p2a: Golden Wind
|
|win|Invoker Kuzan
||Invoker Kuzan is ready for game 2.
||Vitor_hsaf is ready for game 2.
|uhtml|next|Next: Game 2 of 3
