|j|☆Koraidonkoalition
|j|☆HEDGEHOGMEOW
|html|KoraidonkoalitionHEDGEHOGMEOW    
|uhtml|bestof|Game 1 of a best-of-3
|t:|1785127354
|gametype|doubles
|player|p1|Koraidonkoalition|colress|1196
|player|p2|HEDGEHOGMEOW|266|1174
|gen|9
|tier|[Gen 9 Champions] VGC 2026 Reg M-B (Bo3)
|rated|
|rule|Species Clause: Limit one of each Pokémon
|rule|Item Clause: Limit 1 of each item
|clearpoke
|poke|p1|Tyranitar, L50, M|
|poke|p1|Excadrill, L50, F|
|poke|p1|Milotic, L50, F|
|poke|p1|Sinistcha, L50|
|poke|p1|Staraptor, L50, M|
|poke|p1|Gholdengo, L50|
|poke|p2|Raichu, L50, F|
|poke|p2|Maushold-Four, L50|
|poke|p2|Farigiraf, L50, M|
|poke|p2|Sylveon, L50, F|
|poke|p2|Kingambit, L50, M|
|poke|p2|Camerupt, L50, F|
|teampreview|4
|showteam|p1|Tyranitar||Tyranitarite|SandStream|KnockOff,RockSlide,LowKick,Protect|Jolly||M|||50|]Excadrill||FocusSash|SandRush|Earthquake,IronHead,RockSlide,Protect|Adamant||F|||50|]Milotic||SitrusBerry|Competitive|Scald,IcyWind,Haze,Protect|Calm||F|||50|]Sinistcha||ColburBerry|Hospitality|MatchaGotcha,ShadowBall,Protect,RagePowder|Bold|||||50|]Staraptor||Staraptite|Intimidate|CloseCombat,BraveBird,Tailwind,Protect|Jolly||M|||50|]Gholdengo||LifeOrb|GoodasGold|MakeItRain,ShadowBall,NastyPlot,Protect|Modest|||||50|
|showteam|p2|Raichu||RaichuniteY|LightningRod|FakeOut,ZapCannon,FocusBlast,Protect|Timid||F|||50|]Maushold-Four||WideLens|Technician|PopulationBomb,Taunt,FollowMe,Protect|Jolly|||||50|]Farigiraf||SitrusBerry|ArmorTail|Psychic,TrickRoom,Protect,SkillSwap|Relaxed||M|||50|]Sylveon||FairyFeather|Pixilate|Detect,QuickAttack,HyperVoice,HyperBeam|Quiet||F|||50|]Kingambit||ChopleBerry|Defiant|SuckerPunch,KowtowCleave,IronHead,LowKick|Brave||M|||50|]Camerupt||Cameruptite|SolidRock|AncientPower,EarthPower,HeatWave,Protect|Quiet||F|||50|
|inactive|Battle timer is ON: inactive players will automatically lose when time's up. (requested by HEDGEHOGMEOW)
|inactive|HEDGEHOGMEOW has 60 seconds left.
|inactive|HEDGEHOGMEOW has 30 seconds left.
|inactive|HEDGEHOGMEOW has 20 seconds left.
|inactive|HEDGEHOGMEOW has 15 seconds left.
|inactive|HEDGEHOGMEOW has 10 seconds left.
|
|t:|1785127462
|teamsize|p1|4
|teamsize|p2|4
|start
|switch|p1a: Tyranitar|Tyranitar, L50, M|100/100
|switch|p1b: Staraptor|Staraptor, L50, M|100/100
|switch|p2a: Farigiraf|Farigiraf, L50, M|100/100
|switch|p2b: Maushold|Maushold-Four, L50|100/100
|-ability|p1b: Staraptor|Intimidate|boost
|-unboost|p2a: Farigiraf|atk|1
|-unboost|p2b: Maushold|atk|1
|-weather|Sandstorm|[from] ability: Sand Stream|[of] p1a: Tyranitar
|turn|1
|inactive|HEDGEHOGMEOW has 30 seconds left.
|inactive|HEDGEHOGMEOW has 20 seconds left.
|
|t:|1785127498
|detailschange|p1b: Staraptor|Staraptor-Mega, L50, M
|-mega|p1b: Staraptor|Staraptor|Staraptite
|move|p2a: Farigiraf|Protect|p2a: Farigiraf
|-singleturn|p2a: Farigiraf|Protect
|move|p2b: Maushold|Population Bomb|p1b: Staraptor
|-damage|p1b: Staraptor|92/100
|-damage|p1b: Staraptor|85/100
|-damage|p1b: Staraptor|78/100
|-damage|p1b: Staraptor|71/100
|-damage|p1b: Staraptor|63/100
|-damage|p1b: Staraptor|55/100
|-damage|p1b: Staraptor|47/100
|-damage|p1b: Staraptor|39/100
|-damage|p1b: Staraptor|31/100
|-damage|p1b: Staraptor|24/100
|-hitcount|p1b: Staraptor|10
|move|p1b: Staraptor|Close Combat|p2a: Farigiraf
|-activate|p2a: Farigiraf|move: Protect
|move|p1a: Tyranitar|Knock Off|p2a: Farigiraf
|-activate|p2a: Farigiraf|move: Protect
|
|-weather|Sandstorm|[upkeep]
|-damage|p2b: Maushold|94/100|[from] Sandstorm
|-damage|p1b: Staraptor|18/100|[from] Sandstorm
|-damage|p2a: Farigiraf|94/100|[from] Sandstorm
|upkeep
|turn|2
|inactive|HEDGEHOGMEOW has 30 seconds left.
|inactive|HEDGEHOGMEOW has 20 seconds left.
|inactive|HEDGEHOGMEOW has 15 seconds left.
|inactive|HEDGEHOGMEOW has 10 seconds left.
|
|t:|1785127547
|move|p2b: Maushold|Population Bomb|p1b: Staraptor
|-damage|p1b: Staraptor|11/100
|-damage|p1b: Staraptor|3/100
|-damage|p1b: Staraptor|0 fnt
|faint|p1b: Staraptor
|-hitcount|p1: Staraptor|3
|move|p1a: Tyranitar|Knock Off|p2a: Farigiraf
|-supereffective|p2a: Farigiraf|1
|-damage|p2a: Farigiraf|19/100
|-enditem|p2a: Farigiraf|Sitrus Berry|[from] move: Knock Off|[of] p1a: Tyranitar
|move|p2a: Farigiraf|Trick Room|p2a: Farigiraf
|-fieldstart|move: Trick Room|[of] p2a: Farigiraf
|
|-weather|Sandstorm|[upkeep]
|-damage|p2a: Farigiraf|13/100|[from] Sandstorm
|-damage|p2b: Maushold|88/100|[from] Sandstorm
|upkeep
|
|t:|1785127554
|switch|p1b: Sinistcha|Sinistcha, L50|100/100
|turn|3
|
|t:|1785127577
|switch|p2a: Camerupt|Camerupt, L50, F|100/100
|move|p1b: Sinistcha|Matcha Gotcha|p2a: Camerupt|[spread] p2a,p2b
|-damage|p2a: Camerupt|67/100
|-damage|p2b: Maushold|52/100
|move|p1a: Tyranitar|Knock Off|p2b: Maushold
|-damage|p2b: Maushold|0 fnt
|-enditem|p2b: Maushold|Wide Lens|[from] move: Knock Off|[of] p1a: Tyranitar
|faint|p2b: Maushold
|
|-weather|Sandstorm|[upkeep]
|-damage|p1b: Sinistcha|94/100|[from] Sandstorm
|upkeep
|
|t:|1785127593
|switch|p2b: Kingambit|Kingambit, L50, M|100/100
|turn|4
|
|t:|1785127609
|detailschange|p2a: Camerupt|Camerupt-Mega, L50, F
|-mega|p2a: Camerupt|Camerupt|Cameruptite
|move|p1b: Sinistcha|Protect|p1b: Sinistcha
|-singleturn|p1b: Sinistcha|Protect
|move|p1a: Tyranitar|Protect|p1a: Tyranitar
|-singleturn|p1a: Tyranitar|Protect
|move|p2a: Camerupt|Heat Wave|p1b: Sinistcha|[spread] 
|-activate|p1a: Tyranitar|move: Protect
|-activate|p1b: Sinistcha|move: Protect
|move|p2b: Kingambit|Kowtow Cleave|p1b: Sinistcha
|-activate|p1b: Sinistcha|move: Protect
|
|-weather|Sandstorm|[upkeep]
|-damage|p1b: Sinistcha|88/100|[from] Sandstorm
|upkeep
|turn|5
|
|t:|1785127626
|move|p1b: Sinistcha|Rage Powder|p1b: Sinistcha
|-singleturn|p1b: Sinistcha|move: Rage Powder
|move|p2a: Camerupt|Heat Wave|p1b: Sinistcha|[spread] p1a,p1b
|-resisted|p1a: Tyranitar|1
|-supereffective|p1b: Sinistcha|1
|-damage|p1a: Tyranitar|84/100
|-damage|p1b: Sinistcha|0 fnt
|faint|p1b: Sinistcha
|move|p2b: Kingambit|Kowtow Cleave|p1a: Tyranitar
|-resisted|p1a: Tyranitar|1
|-damage|p1a: Tyranitar|65/100
|move|p1a: Tyranitar|Rock Slide|p2a: Camerupt|[spread] p2a
|-miss|p1a: Tyranitar|p2b: Kingambit
|-damage|p2a: Camerupt|45/100
|
|-weather|none
|upkeep
|
|t:|1785127631
|switch|p1b: Excadrill|Excadrill, L50, F|100/100
|turn|6
|
|t:|1785127653
|move|p1a: Tyranitar|Protect|p1a: Tyranitar
|-singleturn|p1a: Tyranitar|Protect
|move|p2a: Camerupt|Earth Power|p1b: Excadrill
|-supereffective|p1b: Excadrill|1
|-enditem|p1b: Excadrill|Focus Sash
|-damage|p1b: Excadrill|1/100
|move|p2b: Kingambit|Low Kick|p1b: Excadrill
|-supereffective|p1b: Excadrill|1
|-damage|p1b: Excadrill|0 fnt
|faint|p1b: Excadrill
|
|-fieldend|move: Trick Room
|upkeep
|turn|7
|-message|Koraidonkoalition forfeited.
|
|win|HEDGEHOGMEOW
