|j|☆ChimpDoppio
|j|☆ZestyWalrus
|html|ChimpDoppioZestyWalrus    
|uhtml|bestof|Game 1 of a best-of-3
|t:|1756930771
|gametype|doubles
|player|p1|ChimpDoppio|ingo|1137
|player|p2|ZestyWalrus|firebreather|1072
|gen|9
|tier|[Gen 9] VGC 2025 Reg H (Bo3)
|rated|
|rule|Species Clause: Limit one of each Pokémon
|rule|Item Clause: Limit 1 of each item
|clearpoke
|poke|p1|Porygon2, L50|
|poke|p1|Ursaluna, L50, F|
|poke|p1|Volcarona, L50, F|
|poke|p1|Grimmsnarl, L50, M|
|poke|p1|Annihilape, L50, M|
|poke|p1|Hydreigon, L50, F|
|poke|p2|Gholdengo, L50|
|poke|p2|Electabuzz, L50, M|
|poke|p2|Pelipper, L50, F|
|poke|p2|Kingdra, L50, F|
|poke|p2|Serperior, L50, M|
|poke|p2|Weavile, L50, F|
|teampreview|4
|showteam|p1|Porygon2||Eviolite|Download|IceBeam,TeraBlast,Recover,TrickRoom||||||50|,,,,,Flying]Ursaluna||FlameOrb|Guts|Facade,Earthquake,HeadlongRush,Protect|||F|||50|,,,,,Ghost]Volcarona||SitrusBerry|FlameBody|GigaDrain,HeatWave,QuiverDance,RagePowder|||F|||50|,,,,,Dragon]Grimmsnarl||LightClay|Prankster|SpiritBreak,Reflect,LightScreen,PartingShot|||M|||50|,,,,,Ghost]Annihilape||SafetyGoggles|Defiant|Protect,BulkUp,DrainPunch,RageFist|||M|||50|,,,,,Water]Hydreigon||AssaultVest|Levitate|DracoMeteor,DarkPulse,EarthPower,FlashCannon|||F|||50|,,,,,Steel
|showteam|p2|Gholdengo||LifeOrb|GoodasGold|NastyPlot,MakeItRain,ShadowBall,Protect||||||50|,,,,,Steel]Electabuzz||Eviolite|VitalSpirit|FollowMe,Electroweb,Protect,HelpingHand|||M|||50|,,,,,Grass]Pelipper||CovertCloak|Drizzle|WideGuard,Tailwind,Protect,WeatherBall|||F|||50|,,,,,Ground]Kingdra||ChoiceSpecs|SwiftSwim|Surf,DracoMeteor,Hurricane,FlipTurn|||F|||50|,,,,,Water]Serperior||WideLens|Contrary|LeafStorm,TeraBlast,DragonPulse,Protect|||M|||50|,,,,,Stellar]Weavile||FocusSash|Pressure|FakeOut,KnockOff,IceSpinner,LowKick|||F|||50|,,,,,Fighting
|inactive|Battle timer is ON: inactive players will automatically lose when time's up. (requested by ChimpDoppio)
|inactive|ChimpDoppio has 60 seconds left.
|
|t:|1756930804
|teamsize|p1|4
|teamsize|p2|4
|start
|switch|p1a: Grimmsnarl|Grimmsnarl, L50, M|100/100
|switch|p1b: Porygon2|Porygon2, L50, shiny|100/100
|switch|p2a: Gholdengo|Gholdengo, L50|100/100
|switch|p2b: Electabuzz|Electabuzz, L50, M|100/100
|-ability|p1b: Porygon2|Download|boost
|-boost|p1b: Porygon2|atk|1
|turn|1
|inactive|ZestyWalrus has 30 seconds left.
|
|t:|1756930835
|move|p1a: Grimmsnarl|Light Screen|p1a: Grimmsnarl
|-sidestart|p1: ChimpDoppio|move: Light Screen
|move|p2b: Electabuzz|Electroweb|p1b: Porygon2|[spread] p1a,p1b
|-damage|p1a: Grimmsnarl|93/100
|-damage|p1b: Porygon2|95/100
|-unboost|p1a: Grimmsnarl|spe|1
|-unboost|p1b: Porygon2|spe|1
|move|p2a: Gholdengo|Nasty Plot|p2a: Gholdengo
|-boost|p2a: Gholdengo|spa|2
|move|p1b: Porygon2|Trick Room|p1b: Porygon2
|-fieldstart|move: Trick Room|[of] p1b: Porygon2
|
|upkeep
|turn|2
|
|t:|1756930855
|switch|p1a: Ursaluna|Ursaluna, L50, F|100/100
|move|p2b: Electabuzz|Follow Me|p2b: Electabuzz
|-singleturn|p2b: Electabuzz|move: Follow Me
|move|p1b: Porygon2|Ice Beam|p2b: Electabuzz
|-damage|p2b: Electabuzz|79/100
|move|p2a: Gholdengo|Make It Rain|p1a: Ursaluna|[spread] p1a,p1b
|-damage|p1a: Ursaluna|26/100
|-damage|p1b: Porygon2|49/100
|-unboost|p2a: Gholdengo|spa|1
|-damage|p2a: Gholdengo|91/100|[from] item: Life Orb
|
|-status|p1a: Ursaluna|brn|[from] item: Flame Orb
|upkeep
|turn|3
|
|t:|1756930873
|switch|p2b: Serperior|Serperior, L50, M|100/100
|-terastallize|p1b: Porygon2|Flying
|move|p2a: Gholdengo|Protect|p2a: Gholdengo
|-singleturn|p2a: Gholdengo|Protect
|move|p1b: Porygon2|Recover|p1b: Porygon2
|-heal|p1b: Porygon2|99/100
|move|p1a: Ursaluna|Earthquake|p2b: Serperior|[spread] p2b
|-activate|p2a: Gholdengo|move: Protect
|-immune|p1b: Porygon2
|-resisted|p2b: Serperior
|-damage|p2b: Serperior|60/100
|
|-damage|p1a: Ursaluna|20/100 brn|[from] brn
|upkeep
|turn|4
|
|t:|1756930894
|switch|p2a: Weavile|Weavile, L50, F|100/100
|-ability|p2a: Weavile|Pressure
|move|p1b: Porygon2|Tera Blast|p2b: Serperior|[anim] Tera Blast Flying
|-supereffective|p2b: Serperior
|-damage|p2b: Serperior|0 fnt
|faint|p2b: Serperior
|move|p1a: Ursaluna|Headlong Rush|p2a: Weavile
|-enditem|p2a: Weavile|Focus Sash
|-damage|p2a: Weavile|1/100
|-unboost|p1a: Ursaluna|def|1
|-unboost|p1a: Ursaluna|spd|1
|
|-damage|p1a: Ursaluna|14/100 brn|[from] brn
|upkeep
|
|t:|1756930899
|switch|p2b: Gholdengo|Gholdengo, L50|91/100
|turn|5
|inactive|ChimpDoppio has 30 seconds left.
|
|t:|1756930924
|switch|p1a: Volcarona|Volcarona, L50, F, shiny|100/100
|move|p2b: Gholdengo|Protect|p2b: Gholdengo
|-singleturn|p2b: Gholdengo|Protect
|move|p2a: Weavile|Fake Out|p1b: Porygon2
|-damage|p1b: Porygon2|90/100
|cant|p1b: Porygon2|flinch
|
|-fieldend|move: Trick Room
|upkeep
|turn|6
|
|t:|1756930938
|switch|p2b: Electabuzz|Electabuzz, L50, M|79/100
|move|p2a: Weavile|Knock Off|p1b: Porygon2
|-damage|p1b: Porygon2|56/100
|-enditem|p1b: Porygon2|Eviolite|[from] move: Knock Off|[of] p2a: Weavile
|move|p1a: Volcarona|Heat Wave|p2a: Weavile|[spread] p2a,p2b
|-supereffective|p2a: Weavile
|-damage|p2a: Weavile|0 fnt
|-damage|p2b: Electabuzz|56/100
|faint|p2a: Weavile
|move|p1b: Porygon2|Ice Beam|p2b: Electabuzz
|-damage|p2b: Electabuzz|36/100
|
|upkeep
|
|t:|1756930944
|switch|p2a: Gholdengo|Gholdengo, L50|91/100
|turn|7
|
|t:|1756930955
|move|p2a: Gholdengo|Protect|p2a: Gholdengo
|-singleturn|p2a: Gholdengo|Protect
|move|p2b: Electabuzz|Electroweb|p1a: Volcarona|[spread] p1a,p1b
|-supereffective|p1b: Porygon2
|-damage|p1a: Volcarona|92/100
|-damage|p1b: Porygon2|41/100
|-unboost|p1a: Volcarona|spe|1
|-unboost|p1b: Porygon2|spe|1
|move|p1a: Volcarona|Heat Wave|p2b: Electabuzz|[spread] p2b
|-activate|p2a: Gholdengo|move: Protect
|-damage|p2b: Electabuzz|11/100
|move|p1b: Porygon2|Trick Room|p1b: Porygon2
|-fieldstart|move: Trick Room|[of] p1b: Porygon2
|
|upkeep
|turn|8
|
|t:|1756930967
|-terastallize|p2a: Gholdengo|Steel
|move|p2b: Electabuzz|Follow Me|p2b: Electabuzz
|-singleturn|p2b: Electabuzz|move: Follow Me
|move|p1b: Porygon2|Recover|p1b: Porygon2
|-heal|p1b: Porygon2|91/100
|move|p1a: Volcarona|Heat Wave|p2b: Electabuzz|[spread] p2a,p2b
|-supereffective|p2a: Gholdengo
|-damage|p2a: Gholdengo|17/100
|-damage|p2b: Electabuzz|0 fnt
|faint|p2b: Electabuzz
|move|p2a: Gholdengo|Make It Rain|p1b: Porygon2|[spread] p1a,p1b
|-resisted|p1a: Volcarona
|-damage|p1a: Volcarona|67/100
|-damage|p1b: Porygon2|44/100
|-unboost|p2a: Gholdengo|spa|1
|-damage|p2a: Gholdengo|7/100|[from] item: Life Orb
|
|-sideend|p1: ChimpDoppio|move: Light Screen
|upkeep
|turn|9
|
|t:|1756930978
|move|p1b: Porygon2|Ice Beam|p2a: Gholdengo
|-resisted|p2a: Gholdengo
|-damage|p2a: Gholdengo|0 fnt
|faint|p2a: Gholdengo
|
|win|ChimpDoppio
||ZestyWalrus is ready for game 2.
||ChimpDoppio is ready for game 2.
|uhtml|next|Next: Game 2 of 3
