|j|☆grapejuiceplaysyt
|j|☆merrypasta
|html|grapejuiceplaysytmerrypasta    
|uhtml|bestof|Game 1 of a best-of-3
|t:|1756706893
|gametype|doubles
|player|p1|grapejuiceplaysyt|roughneck-gen4|1080
|player|p2|merrypasta|carmine|1125
|gen|9
|tier|[Gen 9] VGC 2025 Reg H (Bo3)
|rated|
|rule|Species Clause: Limit one of each Pokémon
|rule|Item Clause: Limit 1 of each item
|clearpoke
|poke|p1|Charizard, L50, F|
|poke|p1|Torkoal, L50, M|
|poke|p1|Porygon2, L50|
|poke|p1|Incineroar, L50, M|
|poke|p1|Jumpluff, L50, F|
|poke|p1|Ursaluna, L50, M|
|poke|p2|Gothitelle, L50, F|
|poke|p2|Politoed, L50, F|
|poke|p2|Annihilape, L50, M|
|poke|p2|Incineroar, L50, M|
|poke|p2|Sinistcha, L50|
|poke|p2|Ursaluna, L50, F|
|teampreview|4
|showteam|p1|Charizard||ChoiceSpecs|SolarPower|HeatWave,Overheat,WeatherBall,AirSlash|||F|||50|,,,,,Ghost]Torkoal||EjectPack|Drought|Eruption,Overheat,HelpingHand,Protect|||M|||50|,,,,,Fire]Porygon2||Eviolite|Download|TeraBlast,IceBeam,Recover,TrickRoom||||||50|,,,,,Fighting]Incineroar||SitrusBerry|Intimidate|FlareBlitz,KnockOff,FakeOut,PartingShot|||M|||50|,,,,,Ghost]Jumpluff||CovertCloak|Chlorophyll|SleepPowder,SunnyDay,RagePowder,Tailwind|||F|||50|,,,,,Water]Ursaluna||FlameOrb|Guts|HeadlongRush,Facade,Earthquake,Protect|||M|||50|,,,,,Ghost
|showteam|p2|Gothitelle||SitrusBerry|ShadowTag|Psychic,FakeOut,Protect,TrickRoom|||F|||50|,,,,,Water]Politoed||CovertCloak|Drizzle|WeatherBall,PerishSong,Protect,HelpingHand|||F|||50|,,,,,Grass]Annihilape||SafetyGoggles|Defiant|RageFist,DrainPunch,Protect,BulkUp|||M|||50|,,,,,Fairy]Incineroar||RockyHelmet|Intimidate|KnockOff,FakeOut,Protect,PartingShot|||M|||50|,,,,,Bug]Sinistcha||LifeOrb|Hospitality|MatchaGotcha,RagePowder,Protect,TrickRoom||||||50|,,,,,Dark]Ursaluna||FlameOrb|Guts|Facade,HeadlongRush,Protect,Earthquake|||F|||50|,,,,,Ghost
|inactive|Battle timer is ON: inactive players will automatically lose when time's up. (requested by grapejuiceplaysyt)
|inactive|grapejuiceplaysyt has 60 seconds left.
|inactive|merrypasta has 60 seconds left.
|inactive|merrypasta has 30 seconds left.
|inactive|merrypasta has 20 seconds left.
|inactive|merrypasta has 15 seconds left.
|inactive|merrypasta has 10 seconds left.
|
|t:|1756706981
|teamsize|p1|4
|teamsize|p2|4
|start
|switch|p1a: Jumpluff|Jumpluff, L50, F|100/100
|switch|p1b: Torkoal|Torkoal, L50, M|100/100
|switch|p2a: Gothitelle|Gothitelle, L50, F|100/100
|switch|p2b: Sinistcha|Sinistcha, L50|100/100
|-weather|SunnyDay|[from] ability: Drought|[of] p1b: Torkoal
|turn|1
|inactive|grapejuiceplaysyt has 30 seconds left.
|inactive|merrypasta has 30 seconds left.
|inactive|grapejuiceplaysyt has 20 seconds left.
|
|t:|1756707021
|switch|p2a: Politoed|Politoed, L50, F|100/100
|-weather|RainDance|[from] ability: Drizzle|[of] p2a: Politoed
|move|p1a: Jumpluff|Rage Powder|p1a: Jumpluff
|-singleturn|p1a: Jumpluff|move: Rage Powder
|move|p2b: Sinistcha|Matcha Gotcha|p1b: Torkoal|[spread] p1a,p1b
|-resisted|p1a: Jumpluff
|-resisted|p1b: Torkoal
|-damage|p1a: Jumpluff|92/100
|-damage|p1b: Torkoal|77/100
|-damage|p2b: Sinistcha|91/100|[from] item: Life Orb
|move|p1b: Torkoal|Overheat|p2b: Sinistcha
|-supereffective|p2b: Sinistcha
|-damage|p2b: Sinistcha|43/100
|-unboost|p1b: Torkoal|spa|2
|-enditem|p1b: Torkoal|Eject Pack
|
|t:|1756707036
|switch|p1b: Ursaluna|Ursaluna, L50, M|100/100
|
|-weather|RainDance|[upkeep]
|-status|p1b: Ursaluna|brn|[from] item: Flame Orb
|upkeep
|turn|2
|
|t:|1756707050
|switch|p2b: Gothitelle|Gothitelle, L50, F|100/100
|-terastallize|p1b: Ursaluna|Ghost
|move|p1a: Jumpluff|Tailwind|p1a: Jumpluff
|-sidestart|p1: grapejuiceplaysyt|move: Tailwind
|move|p1b: Ursaluna|Earthquake|p2b: Gothitelle|[spread] p2a,p2b
|-immune|p1a: Jumpluff
|-damage|p2a: Politoed|50/100
|-damage|p2b: Gothitelle|44/100
|-enditem|p2b: Gothitelle|Sitrus Berry|[eat]
|-heal|p2b: Gothitelle|69/100|[from] item: Sitrus Berry
|move|p2a: Politoed|Perish Song|p2a: Politoed
|-start|p1a: Jumpluff|perish3|[silent]
|-start|p1b: Ursaluna|perish3|[silent]
|-start|p2a: Politoed|perish3|[silent]
|-start|p2b: Gothitelle|perish3|[silent]
|-fieldactivate|move: Perish Song
|
|-weather|RainDance|[upkeep]
|-damage|p1b: Ursaluna|95/100 brn|[from] brn
|-start|p1a: Jumpluff|perish3
|-start|p1b: Ursaluna|perish3
|-start|p2b: Gothitelle|perish3
|-start|p2a: Politoed|perish3
|upkeep
|turn|3
|
|t:|1756707070
|switch|p2a: Sinistcha|Sinistcha, L50|43/100
|-heal|p2b: Gothitelle|94/100|[from] ability: Hospitality|[of] p2a: Sinistcha
|move|p2b: Gothitelle|Protect|p2b: Gothitelle
|-singleturn|p2b: Gothitelle|Protect
|move|p1a: Jumpluff|Rage Powder|p1a: Jumpluff
|-singleturn|p1a: Jumpluff|move: Rage Powder
|move|p1b: Ursaluna|Earthquake|p2a: Sinistcha|[spread] p2a
|-activate|p2b: Gothitelle|move: Protect
|-immune|p1a: Jumpluff
|-resisted|p2a: Sinistcha
|-damage|p2a: Sinistcha|15/100
|
|-weather|RainDance|[upkeep]
|-damage|p1b: Ursaluna|89/100 brn|[from] brn
|-start|p1a: Jumpluff|perish2
|-start|p1b: Ursaluna|perish2
|-start|p2b: Gothitelle|perish2
|upkeep
|turn|4
|inactive|grapejuiceplaysyt has 30 seconds left.
|inactive|merrypasta has 30 seconds left.
|
|t:|1756707103
|switch|p2a: Ursaluna|Ursaluna, L50, F|100/100
|move|p1a: Jumpluff|Rage Powder|p1a: Jumpluff
|-singleturn|p1a: Jumpluff|move: Rage Powder
|move|p1b: Ursaluna|Earthquake|p2a: Ursaluna|[spread] p2a,p2b
|-immune|p1a: Jumpluff
|-damage|p2a: Ursaluna|55/100
|-damage|p2b: Gothitelle|39/100
|move|p2b: Gothitelle|Psychic|p1a: Jumpluff
|-damage|p1a: Jumpluff|60/100
|
|-weather|RainDance|[upkeep]
|-damage|p1b: Ursaluna|83/100 brn|[from] brn
|-start|p1a: Jumpluff|perish1
|-start|p1b: Ursaluna|perish1
|-start|p2b: Gothitelle|perish1
|-status|p2a: Ursaluna|brn|[from] item: Flame Orb
|upkeep
|turn|5
|
|t:|1756707122
|switch|p1b: Torkoal|Torkoal, L50, M|77/100
|-weather|SunnyDay|[from] ability: Drought|[of] p1b: Torkoal
|switch|p2b: Sinistcha|Sinistcha, L50|15/100
|-heal|p2a: Ursaluna|79/100 brn|[from] ability: Hospitality|[of] p2b: Sinistcha
|move|p2a: Ursaluna|Protect|p2a: Ursaluna
|-singleturn|p2a: Ursaluna|Protect
|move|p1a: Jumpluff|Sleep Powder|p2b: Sinistcha
|-immune|p2b: Sinistcha
|
|-weather|SunnyDay|[upkeep]
|-damage|p2a: Ursaluna|73/100 brn|[from] brn
|-start|p1a: Jumpluff|perish0
|-sideend|p1: grapejuiceplaysyt|move: Tailwind
|faint|p1a: Jumpluff
|upkeep
|
|t:|1756707132
|switch|p1a: Porygon2|Porygon2, L50|100/100
|-ability|p1a: Porygon2|Download|boost
|-boost|p1a: Porygon2|spa|1
|turn|6
|
|t:|1756707142
|switch|p2b: Politoed|Politoed, L50, F|50/100
|-weather|RainDance|[from] ability: Drizzle|[of] p2b: Politoed
|move|p1a: Porygon2|Ice Beam|p2a: Ursaluna
|-supereffective|p2a: Ursaluna
|-damage|p2a: Ursaluna|3/100 brn
|move|p2a: Ursaluna|Facade|p1a: Porygon2
|-damage|p1a: Porygon2|24/100
|move|p1b: Torkoal|Eruption|p2b: Politoed|[spread] p2a,p2b
|-resisted|p2b: Politoed
|-damage|p2a: Ursaluna|0 fnt
|-damage|p2b: Politoed|42/100
|faint|p2a: Ursaluna
|
|-weather|RainDance|[upkeep]
|upkeep
|
|t:|1756707154
|switch|p2a: Sinistcha|Sinistcha, L50|15/100
|-heal|p2b: Politoed|67/100|[from] ability: Hospitality|[of] p2a: Sinistcha
|turn|7
|
|t:|1756707172
|move|p2a: Sinistcha|Matcha Gotcha|p1a: Porygon2|[spread] p1b
|-miss|p2a: Sinistcha|p1a: Porygon2
|-resisted|p1b: Torkoal
|-damage|p1b: Torkoal|56/100
|-heal|p2a: Sinistcha|25/100|[from] drain|[of] p1b: Torkoal
|-damage|p2a: Sinistcha|15/100|[from] item: Life Orb
|move|p2b: Politoed|Weather Ball|p1b: Torkoal
|-supereffective|p1b: Torkoal
|-damage|p1b: Torkoal|0 fnt
|faint|p1b: Torkoal
|move|p1a: Porygon2|Recover|p1a: Porygon2
|-heal|p1a: Porygon2|74/100
|
|-weather|RainDance|[upkeep]
|upkeep
|
|t:|1756707186
|switch|p1b: Ursaluna|Ursaluna, L50, M, tera:Ghost|83/100 brn
|turn|8
|
|t:|1756707201
|switch|p2a: Gothitelle|Gothitelle, L50, F|39/100
|move|p2b: Politoed|Perish Song|p2b: Politoed
|-start|p1a: Porygon2|perish3|[silent]
|-start|p1b: Ursaluna|perish3|[silent]
|-start|p2a: Gothitelle|perish3|[silent]
|-start|p2b: Politoed|perish3|[silent]
|-fieldactivate|move: Perish Song
|move|p1b: Ursaluna|Facade|p2b: Politoed
|-damage|p2b: Politoed|0 fnt
|faint|p2b: Politoed
|move|p1a: Porygon2|Ice Beam|p2a: Gothitelle
|-damage|p2a: Gothitelle|2/100
|
|-weather|RainDance|[upkeep]
|-damage|p1b: Ursaluna|77/100 brn|[from] brn
|-start|p2a: Gothitelle|perish3
|-start|p1b: Ursaluna|perish3
|-start|p1a: Porygon2|perish3
|upkeep
|
|t:|1756707211
|switch|p2b: Sinistcha|Sinistcha, L50|15/100
|-heal|p2a: Gothitelle|27/100|[from] ability: Hospitality|[of] p2b: Sinistcha
|turn|9
|inactive|merrypasta has 30 seconds left.
|
|t:|1756707242
|move|p2b: Sinistcha|Matcha Gotcha|p1a: Porygon2|[spread] p1a,p1b
|-damage|p1a: Porygon2|52/100
|-heal|p2b: Sinistcha|27/100|[from] drain|[of] p1a: Porygon2
|-damage|p1b: Ursaluna|49/100 brn
|-heal|p2b: Sinistcha|45/100|[from] drain|[of] p1b: Ursaluna
|-damage|p2b: Sinistcha|35/100|[from] item: Life Orb
|move|p2a: Gothitelle|Psychic|p1b: Ursaluna
|-damage|p1b: Ursaluna|22/100 brn
|move|p1b: Ursaluna|Facade|p2a: Gothitelle
|-damage|p2a: Gothitelle|0 fnt
|faint|p2a: Gothitelle
|move|p1a: Porygon2|Ice Beam|p2b: Sinistcha
|-supereffective|p2b: Sinistcha
|-damage|p2b: Sinistcha|0 fnt
|faint|p2b: Sinistcha
|
|win|grapejuiceplaysyt
|inactive|grapejuiceplaysyt has 30 seconds to confirm battle start!
|inactive|merrypasta has 30 seconds to confirm battle start!
||merrypasta is ready for game 2.
||grapejuiceplaysyt is ready for game 2.
|uhtml|next|Next: Game 2 of 3
|l|☆merrypasta
|player|p2|
