|j|☆Cobrite
|j|☆hash brown enjoyer
|html|Cobritehash brown enjoyer    
|uhtml|bestof|Game 2 of a best-of-3
|t:|1757804496
|gametype|doubles
|player|p1|Cobrite|102|1000
|player|p2|hash brown enjoyer|101|1132
|gen|9
|tier|[Gen 9] VGC 2025 Reg H (Bo3)
|rated|
|rule|Species Clause: Limit one of each Pokémon
|rule|Item Clause: Limit 1 of each item
|clearpoke
|poke|p1|Archaludon, L50, M|
|poke|p1|Basculegion, L50, M|
|poke|p1|Pelipper, L50, M|
|poke|p1|Amoonguss, L50, M|
|poke|p1|Incineroar, L50, F|
|poke|p1|Maushold, L50|
|poke|p2|Whimsicott, L50, F|
|poke|p2|Gholdengo, L50|
|poke|p2|Annihilape, L50, M|
|poke|p2|Incineroar, L50, F|
|poke|p2|Electabuzz, L50, M|
|poke|p2|Ursaluna-Bloodmoon, L50, M|
|teampreview|4
|showteam|p1|Archaludon||AssaultVest|Stamina|ElectroShot,DragonPulse,FlashCannon,BodyPress|||M|||50|,,,,,Grass]Basculegion||MysticWater|SwiftSwim|Protect,WaveCrash,AquaJet,LastRespects|||M|||50|,,,,,Water]Pelipper||FocusSash|Drizzle|Hurricane,WeatherBall,Tailwind,Protect|||M|||50|,,,,,Ghost]Amoonguss||SitrusBerry|Regenerator|Spore,RagePowder,PollenPuff,ClearSmog|||M|||50|,,,,,Water]Incineroar||SafetyGoggles|Intimidate|FakeOut,FlareBlitz,KnockOff,PartingShot|||F|||50|,,,,,Ghost]Maushold||WideLens|Technician|PopulationBomb,FollowMe,Taunt,Protect||||||50|,,,,,Grass
|showteam|p2|Whimsicott||CovertCloak|Prankster|Moonblast,Tailwind,Encore,FakeTears|||F|||50|,,,,,Water]Gholdengo||ChoiceSpecs|GoodasGold|MakeItRain,ShadowBall,PowerGem,SteelBeam||||||50|,,,,,Steel]Annihilape||FocusSash|Defiant|RageFist,CloseCombat,FinalGambit,Protect|||M|||50|,,,,,Grass]Incineroar||AssaultVest|Intimidate|FlareBlitz,KnockOff,FakeOut,Uturn|||F|||50|,,,,,Ghost]Electabuzz||Eviolite|VitalSpirit|Electroweb,Taunt,FollowMe,Protect|||M|||50|,,,,,Dragon]Ursaluna-Bloodmoon||LifeOrb|MindsEye|HyperVoice,EarthPower,BloodMoon,Protect|||M|||50|,,,,,Normal
|
|t:|1757804553
|teamsize|p1|4
|teamsize|p2|4
|start
|switch|p1a: Amoonguss|Amoonguss, L50, M|100/100
|switch|p1b: Archaludon|Archaludon, L50, M|100/100
|switch|p2a: Electabuzz|Electabuzz, L50, M|100/100
|switch|p2b: Ursaluna|Ursaluna-Bloodmoon, L50, M|100/100
|turn|1
|inactive|Battle timer is ON: inactive players will automatically lose when time's up. (requested by Cobrite)
|
|t:|1757804582
|move|p2b: Ursaluna|Protect|p2b: Ursaluna
|-singleturn|p2b: Ursaluna|Protect
|move|p2a: Electabuzz|Taunt|p1a: Amoonguss
|-start|p1a: Amoonguss|move: Taunt
|move|p1b: Archaludon|Dragon Pulse|p2a: Electabuzz
|-damage|p2a: Electabuzz|63/100
|cant|p1a: Amoonguss|move: Taunt|Spore
|
|upkeep
|turn|2
|inactive|Cobrite has 30 seconds left.
|inactive|Cobrite has 20 seconds left.
|inactive|Cobrite has 15 seconds left.
|
|t:|1757804626
|switch|p1a: Incineroar|Incineroar, L50, F|100/100
|-ability|p1a: Incineroar|Intimidate|boost
|-unboost|p2a: Electabuzz|atk|1
|-unboost|p2b: Ursaluna|atk|1
|-terastallize|p1b: Archaludon|Grass
|move|p2a: Electabuzz|Follow Me|p2a: Electabuzz
|-singleturn|p2a: Electabuzz|move: Follow Me
|move|p1b: Archaludon|Body Press|p2a: Electabuzz
|-damage|p2a: Electabuzz|39/100
|move|p2b: Ursaluna|Earth Power|p1b: Archaludon
|-resisted|p1b: Archaludon
|-damage|p1b: Archaludon|72/100
|-ability|p1b: Archaludon|Stamina|boost
|-boost|p1b: Archaludon|def|1
|-damage|p2b: Ursaluna|91/100|[from] item: Life Orb
|
|upkeep
|turn|3
|inactive|Cobrite has 30 seconds left.
|inactive|Cobrite has 20 seconds left.
|
|t:|1757804663
|move|p2a: Electabuzz|Protect|p2a: Electabuzz
|-singleturn|p2a: Electabuzz|Protect
|move|p2b: Ursaluna|Protect|p2b: Ursaluna
|-singleturn|p2b: Ursaluna|Protect
|move|p1a: Incineroar|Fake Out|p2b: Ursaluna
|-activate|p2b: Ursaluna|move: Protect
|move|p1b: Archaludon|Body Press|p2a: Electabuzz
|-activate|p2a: Electabuzz|move: Protect
|
|upkeep
|turn|4
|
|t:|1757804677
|switch|p1a: Amoonguss|Amoonguss, L50, M|100/100
|-terastallize|p2b: Ursaluna|Normal
|move|p2a: Electabuzz|Follow Me|p2a: Electabuzz
|-singleturn|p2a: Electabuzz|move: Follow Me
|move|p1b: Archaludon|Body Press|p2a: Electabuzz
|-damage|p2a: Electabuzz|3/100
|move|p2b: Ursaluna|Blood Moon|p1b: Archaludon
|-damage|p1b: Archaludon|0 fnt
|faint|p1b: Archaludon
|-damage|p2b: Ursaluna|81/100|[from] item: Life Orb
|
|upkeep
|inactive|Cobrite has 30 seconds left.
|
|t:|1757804705
|switch|p1b: Incineroar|Incineroar, L50, F|100/100
|-ability|p1b: Incineroar|Intimidate|boost
|-unboost|p2a: Electabuzz|atk|1
|-unboost|p2b: Ursaluna|atk|1
|turn|5
|
|t:|1757804720
|switch|p1b: Pelipper|Pelipper, L50, M|100/100
|-weather|RainDance|[from] ability: Drizzle|[of] p1b: Pelipper
|move|p2a: Electabuzz|Protect|p2a: Electabuzz
|-singleturn|p2a: Electabuzz|Protect
|move|p2b: Ursaluna|Protect|p2b: Ursaluna
|-singleturn|p2b: Ursaluna|Protect
|move|p1a: Amoonguss|Spore|p2b: Ursaluna
|-activate|p2b: Ursaluna|move: Protect
|
|-weather|RainDance|[upkeep]
|upkeep
|turn|6
|
|t:|1757804744
|switch|p1b: Incineroar|Incineroar, L50, F|100/100
|-ability|p1b: Incineroar|Intimidate|boost
|-unboost|p2a: Electabuzz|atk|1
|-unboost|p2b: Ursaluna|atk|1
|move|p2a: Electabuzz|Electroweb|p1a: Amoonguss|[spread] p1a,p1b
|-resisted|p1a: Amoonguss
|-damage|p1a: Amoonguss|95/100
|-damage|p1b: Incineroar|85/100
|-unboost|p1a: Amoonguss|spe|1
|-unboost|p1b: Incineroar|spe|1
|move|p2b: Ursaluna|Hyper Voice|p1b: Incineroar|[spread] p1a,p1b
|-damage|p1a: Amoonguss|31/100
|-damage|p1b: Incineroar|13/100
|-enditem|p1a: Amoonguss|Sitrus Berry|[eat]
|-heal|p1a: Amoonguss|56/100|[from] item: Sitrus Berry
|-damage|p2b: Ursaluna|72/100|[from] item: Life Orb
|move|p1a: Amoonguss|Spore|p2b: Ursaluna
|-status|p2b: Ursaluna|slp|[from] move: Spore
|
|-weather|RainDance|[upkeep]
|upkeep
|turn|7
|
|t:|1757804765
|move|p2a: Electabuzz|Protect|p2a: Electabuzz
|-singleturn|p2a: Electabuzz|Protect
|move|p1b: Incineroar|Fake Out|p2a: Electabuzz
|-activate|p2a: Electabuzz|move: Protect
|cant|p2b: Ursaluna|slp
|move|p1a: Amoonguss|Pollen Puff|p1b: Incineroar
|-heal|p1b: Incineroar|63/100
|
|-weather|RainDance|[upkeep]
|upkeep
|turn|8
|
|t:|1757804785
|move|p2a: Electabuzz|Taunt|p1a: Amoonguss
|-start|p1a: Amoonguss|move: Taunt
|cant|p2b: Ursaluna|slp
|move|p1b: Incineroar|Knock Off|p2b: Ursaluna
|-damage|p2b: Ursaluna|33/100 slp
|-enditem|p2b: Ursaluna|Life Orb|[from] move: Knock Off|[of] p1b: Incineroar
|move|p1a: Amoonguss|Pollen Puff|p1b: Incineroar
|-heal|p1b: Incineroar|100/100
|
|-weather|RainDance|[upkeep]
|upkeep
|turn|9
|
|t:|1757804804
|move|p2a: Electabuzz|Taunt|p1b: Incineroar
|-start|p1b: Incineroar|move: Taunt
|-curestatus|p2b: Ursaluna|slp|[msg]
|move|p2b: Ursaluna|Earth Power|p1b: Incineroar
|-supereffective|p1b: Incineroar
|-damage|p1b: Incineroar|0 fnt
|faint|p1b: Incineroar
|move|p1a: Amoonguss|Pollen Puff|p2a: Electabuzz
|-damage|p2a: Electabuzz|0 fnt
|faint|p2a: Electabuzz
|
|-weather|none
|upkeep
|
|t:|1757804822
|switch|p2a: Gholdengo|Gholdengo, L50|100/100
|switch|p1b: Pelipper|Pelipper, L50, M|100/100
|-weather|RainDance|[from] ability: Drizzle|[of] p1b: Pelipper
|turn|10
|inactive|Cobrite has 30 seconds left.
|
|t:|1757804852
|move|p2a: Gholdengo|Shadow Ball|p1a: Amoonguss
|-damage|p1a: Amoonguss|0 fnt
|faint|p1a: Amoonguss
|move|p1b: Pelipper|Weather Ball|p2b: Ursaluna
|-damage|p2b: Ursaluna|0 fnt
|faint|p2b: Ursaluna
|
|-weather|RainDance|[upkeep]
|upkeep
|
|t:|1757804874
|switch|p2b: Annihilape|Annihilape, L50, M|100/100
|turn|11
|
|t:|1757804882
|move|p2b: Annihilape|Rage Fist|p1b: Pelipper
|-damage|p1b: Pelipper|72/100
|move|p2a: Gholdengo|Shadow Ball|p1b: Pelipper
|-damage|p1b: Pelipper|0 fnt
|faint|p1b: Pelipper
|
|win|hash brown enjoyer
|raw|Cobrite's rating: 1000 → 1000(+0 for losing)
|raw|hash brown enjoyer's rating: 1132 → 1148(+16 for winning)
|l|☆Cobrite
|player|p1|
