|j|☆bruGno
|j|☆Dike Guard
|html|bruGnoDike Guard    
|uhtml|bestof|Game 2 of a best-of-3
|t:|1786194401
|gametype|doubles
|player|p1|bruGno|ash-kalos|1399
|player|p2|Dike Guard|2|1508
|gen|9
|tier|[Gen 9 Champions] VGC 2026 Reg M-B (Bo3)
|rated|
|rule|Species Clause: Limit one of each Pokémon
|rule|Item Clause: Limit 1 of each item
|clearpoke
|poke|p1|Venusaur, L50, M|
|poke|p1|Charizard, L50, M|
|poke|p1|Grimmsnarl, L50, M|
|poke|p1|Archaludon, L50, F|
|poke|p1|Pelipper, L50, F|
|poke|p1|Basculegion, L50, M|
|poke|p2|Floette-Eternal, L50, F|
|poke|p2|Sinistcha-Masterpiece, L50|
|poke|p2|Incineroar, L50, F|
|poke|p2|Delphox, L50, M|
|poke|p2|Sneasler, L50, M|
|poke|p2|Garchomp, L50, F|
|teampreview|4
|showteam|p1|Venusaur||FocusSash|Chlorophyll|SludgeBomb,EarthPower,SleepPowder,Protect|Modest||M|||50|]Charizard||CharizarditeY|Blaze|Protect,HeatWave,SolarBeam,WeatherBall|Modest||M|||50|]Grimmsnarl||LightClay|Prankster|SpiritBreak,LightScreen,Reflect,PartingShot|Sassy||M|||50|]Archaludon||Leftovers|Stamina|ElectroShot,DragonPulse,FlashCannon,Protect|Calm||F|||50|]Pelipper||SitrusBerry|Drizzle|Hurricane,WeatherBall,Tailwind,Protect|Modest||F|||50|]Basculegion||ChoiceScarf|Adaptability|WaveCrash,LastRespects,AquaJet,FlipTurn|Jolly||M|||50|
|showteam|p2|Floette-Eternal||Floettite|FlowerVeil|DazzlingGleam,Moonblast,CalmMind,Protect|Modest||F|||50|]Sinistcha-Masterpiece||KasibBerry|Hospitality|MatchaGotcha,RagePowder,TrickRoom,Protect|Bold|||||50|]Incineroar||SitrusBerry|Intimidate|FlareBlitz,PartingShot,FakeOut,DarkestLariat|Impish||F|||50|]Delphox||Delphoxite|Blaze|HeatWave,Psychic,NastyPlot,Protect|Timid||M|||50|]Sneasler||FocusSash|PoisonTouch|PoisonJab,CloseCombat,FakeOut,QuickGuard|Jolly||M|||50|]Garchomp||ChoiceScarf|RoughSkin|Earthquake,RockSlide,StompingTantrum,DragonClaw|Adamant||F|||50|
|inactive|Battle timer is ON: inactive players will automatically lose when time's up. (requested by Dike Guard)
|inactive|bruGno has 60 seconds left.
|
|t:|1786194481
|teamsize|p1|4
|teamsize|p2|4
|start
|switch|p1a: Pelipper|Pelipper, L50, F|100/100
|switch|p1b: Basculegion|Basculegion, L50, M|100/100
|switch|p2a: Delphox|Delphox, L50, M|100/100
|switch|p2b: Incineroar|Incineroar, L50, F|100/100
|-weather|RainDance|[from] ability: Drizzle|[of] p1a: Pelipper
|-ability|p2b: Incineroar|Intimidate|boost
|-unboost|p1a: Pelipper|atk|1
|-unboost|p1b: Basculegion|atk|1
|turn|1
|inactive|bruGno has 30 seconds left.
|inactive|bruGno has 20 seconds left.
|
|t:|1786194517
|switch|p2b: Sinistcha|Sinistcha-Masterpiece, L50|100/100
|move|p2a: Delphox|Protect|p2a: Delphox
|-singleturn|p2a: Delphox|Protect
|move|p1b: Basculegion|Wave Crash|p2a: Delphox
|-activate|p2a: Delphox|move: Protect
|move|p1a: Pelipper|Tailwind|p1a: Pelipper
|-sidestart|p1: bruGno|move: Tailwind
|
|-weather|RainDance|[upkeep]
|upkeep
|turn|2
|inactive|bruGno has 30 seconds left.
|
|t:|1786194542
|switch|p2a: Incineroar|Incineroar, L50, F|100/100
|-ability|p2a: Incineroar|Intimidate|boost
|-unboost|p1a: Pelipper|atk|1
|-unboost|p1b: Basculegion|atk|1
|move|p1b: Basculegion|Wave Crash|p2a: Incineroar
|-supereffective|p2a: Incineroar|1
|-damage|p2a: Incineroar|16/100
|-enditem|p2a: Incineroar|Sitrus Berry|[eat]
|-heal|p2a: Incineroar|41/100|[from] item: Sitrus Berry
|-damage|p1b: Basculegion|71/100|[from] Recoil
|move|p1a: Pelipper|Hurricane|p2b: Sinistcha
|-supereffective|p2b: Sinistcha|1
|-damage|p2b: Sinistcha|31/100
|-start|p2b: Sinistcha|confusion
|-activate|p2b: Sinistcha|confusion
|move|p2b: Sinistcha|Matcha Gotcha|p1b: Basculegion|[spread] p1a,p1b
|-supereffective|p1b: Basculegion|1
|-damage|p1a: Pelipper|72/100
|-heal|p2b: Sinistcha|44/100|[from] drain|[of] p1a: Pelipper
|-damage|p1b: Basculegion|16/100
|-heal|p2b: Sinistcha|74/100|[from] drain|[of] p1b: Basculegion
|-status|p1b: Basculegion|brn
|
|-weather|RainDance|[upkeep]
|-damage|p1b: Basculegion|10/100 brn|[from] brn
|upkeep
|turn|3
|inactive|bruGno has 30 seconds left.
|inactive|Dike Guard has 30 seconds left.
|
|t:|1786194577
|move|p1b: Basculegion|Wave Crash|p2a: Incineroar
|-supereffective|p2a: Incineroar|1
|-damage|p2a: Incineroar|0 fnt
|faint|p2a: Incineroar
|-damage|p1b: Basculegion|0 fnt|[from] Recoil
|faint|p1b: Basculegion
|move|p1a: Pelipper|Hurricane|p2b: Sinistcha
|-supereffective|p2b: Sinistcha|1
|-damage|p2b: Sinistcha|3/100
|-end|p2b: Sinistcha|confusion
|move|p2b: Sinistcha|Matcha Gotcha|p1a: Pelipper
|-damage|p1a: Pelipper|37/100
|-heal|p2b: Sinistcha|20/100y|[from] drain|[of] p1a: Pelipper
|-enditem|p1a: Pelipper|Sitrus Berry|[eat]
|-heal|p1a: Pelipper|62/100|[from] item: Sitrus Berry
|
|-weather|RainDance|[upkeep]
|upkeep
|
|t:|1786194599
|switch|p1b: Charizard|Charizard, L50, M|100/100
|switch|p2a: Delphox|Delphox, L50, M|100/100
|turn|4
|inactive|bruGno has 30 seconds left.
|inactive|Dike Guard has 30 seconds left.
|
|t:|1786194630
|switch|p1a: Venusaur|Venusaur, L50, M|100/100
|switch|p2b: Garchomp|Garchomp, L50, F|100/100
|detailschange|p1b: Charizard|Charizard-Mega-Y, L50, M
|-mega|p1b: Charizard|Charizard|Charizardite Y
|-weather|SunnyDay|[from] ability: Drought|[of] p1b: Charizard
|move|p2a: Delphox|Protect|p2a: Delphox
|-singleturn|p2a: Delphox|Protect
|move|p1b: Charizard|Heat Wave|p2b: Garchomp|[spread] p2b
|-activate|p2a: Delphox|move: Protect
|-resisted|p2b: Garchomp|1
|-crit|p2b: Garchomp
|-damage|p2b: Garchomp|45/100
|-status|p2b: Garchomp|brn
|
|-weather|SunnyDay|[upkeep]
|-damage|p2b: Garchomp|39/100 brn|[from] brn
|-sideend|p1: bruGno|move: Tailwind
|upkeep
|turn|5
|c|☆Dike Guard|nice game broh
|inactive|bruGno has 30 seconds left.
|inactive|Dike Guard has 30 seconds left.
|inactive|bruGno has 20 seconds left.
|c|☆bruGno|1 burn each
|inactive|bruGno has 15 seconds left.
|inactive|bruGno has 10 seconds left.
|c|☆bruGno|but I cant put sleep now
|inactive|bruGno has 5 seconds left.
|
|t:|1786194682
|detailschange|p2a: Delphox|Delphox-Mega, L50, M
|-mega|p2a: Delphox|Delphox|Delphoxite
|move|p1a: Venusaur|Protect|p1a: Venusaur
|-singleturn|p1a: Venusaur|Protect
|move|p2b: Garchomp|Rock Slide|p1a: Venusaur|[spread] p1b
|-activate|p1a: Venusaur|move: Protect
|-supereffective|p1b: Charizard|2
|-damage|p1b: Charizard|52/100
|move|p2a: Delphox|Heat Wave|p1b: Charizard|[spread] p1b
|-activate|p1a: Venusaur|move: Protect
|-resisted|p1b: Charizard|1
|-damage|p1b: Charizard|25/100
|cant|p1b: Charizard|flinch
|
|-weather|SunnyDay|[upkeep]
|-damage|p2b: Garchomp|33/100 brn|[from] brn
|upkeep
|turn|6
|c|☆Dike Guard|from you didn't matter
|c|☆Dike Guard|ok fine
|c|☆Dike Guard|we trade now ahahha
|inactive|bruGno has 30 seconds left.
|inactive|Dike Guard has 30 seconds left.
|c|☆bruGno|yeah
|inactive|bruGno has 20 seconds left.
|inactive|Dike Guard has 20 seconds left.
|inactive|bruGno has 15 seconds left.
|inactive|Dike Guard has 15 seconds left.
|inactive|bruGno has 10 seconds left.
|inactive|Dike Guard has 10 seconds left.
|inactive|bruGno has 5 seconds left.
|
|t:|1786194737
|switch|p2a: Sinistcha|Sinistcha-Masterpiece, L50|20/100y
|-heal|p2b: Garchomp|58/100 brn|[from] ability: Hospitality|[of] p2a: Sinistcha
|move|p1a: Venusaur|Sleep Powder|p2a: Sinistcha
|-immune|p2a: Sinistcha
|move|p2b: Garchomp|Rock Slide|p1b: Charizard|[spread] p1a,p1b
|-supereffective|p1b: Charizard|2
|-damage|p1a: Venusaur|86/100
|-damage|p1b: Charizard|0 fnt
|faint|p1b: Charizard
|
|-weather|SunnyDay|[upkeep]
|-damage|p2b: Garchomp|52/100 brn|[from] brn
|upkeep
|
|t:|1786194745
|switch|p1b: Pelipper|Pelipper, L50, F|62/100
|-weather|RainDance|[from] ability: Drizzle|[of] p1b: Pelipper
|turn|7
|
|t:|1786194764
|switch|p2a: Delphox|Delphox-Mega, L50, M|100/100
|move|p2b: Garchomp|Rock Slide|p1a: Venusaur|[spread] p1a,p1b
|-supereffective|p1b: Pelipper|1
|-damage|p1a: Venusaur|73/100
|-damage|p1b: Pelipper|37/100
|move|p1a: Venusaur|Sludge Bomb|p2a: Delphox
|-damage|p2a: Delphox|59/100
|move|p1b: Pelipper|Tailwind|p1b: Pelipper
|-sidestart|p1: bruGno|move: Tailwind
|
|-weather|RainDance|[upkeep]
|-damage|p2b: Garchomp|46/100 brn|[from] brn
|upkeep
|turn|8
|inactive|bruGno has 30 seconds left.
|
|t:|1786194798
|move|p2a: Delphox|Protect|p2a: Delphox
|-singleturn|p2a: Delphox|Protect
|move|p1a: Venusaur|Sleep Powder|p2a: Delphox
|-activate|p2a: Delphox|move: Protect
|move|p2b: Garchomp|Rock Slide|p1b: Pelipper|[spread] p1a,p1b
|-supereffective|p1b: Pelipper|1
|-damage|p1a: Venusaur|59/100
|-damage|p1b: Pelipper|13/100
|move|p1b: Pelipper|Hurricane|p2b: Garchomp
|-damage|p2b: Garchomp|1/100 brn
|
|-weather|RainDance|[upkeep]
|-damage|p2b: Garchomp|0 fnt|[from] brn
|faint|p2b: Garchomp
|upkeep
|
|t:|1786194812
|switch|p2b: Sinistcha|Sinistcha-Masterpiece, L50|20/100y
|-heal|p2a: Delphox|84/100|[from] ability: Hospitality|[of] p2b: Sinistcha
|turn|9
|inactive|Dike Guard has 30 seconds left.
|
|t:|1786194838
|move|p2b: Sinistcha|Rage Powder|p2b: Sinistcha
|-singleturn|p2b: Sinistcha|move: Rage Powder
|move|p1a: Venusaur|Sleep Powder|p2a: Delphox
|-status|p2a: Delphox|slp|[from] move: Sleep Powder
|cant|p2a: Delphox|slp
|move|p1b: Pelipper|Hurricane|p2b: Sinistcha
|-supereffective|p2b: Sinistcha|1
|-damage|p2b: Sinistcha|0 fnt
|faint|p2b: Sinistcha
|
|-weather|RainDance|[upkeep]
|upkeep
|turn|10
|inactive|bruGno has 30 seconds left.
|inactive|bruGno has 20 seconds left.
|
|t:|1786194875
|-curestatus|p2a: Delphox|slp|[msg]
|move|p2a: Delphox|Protect|p2a: Delphox
|-singleturn|p2a: Delphox|Protect
|move|p1a: Venusaur|Sludge Bomb|p2a: Delphox
|-activate|p2a: Delphox|move: Protect
|move|p1b: Pelipper|Weather Ball|p2a: Delphox
|-activate|p2a: Delphox|move: Protect
|
|-weather|RainDance|[upkeep]
|-sideend|p1: bruGno|move: Tailwind
|upkeep
|turn|11
|inactive|bruGno has 30 seconds left.
|inactive|bruGno has 20 seconds left.
|
|t:|1786194913
|move|p2a: Delphox|Psychic|p1a: Venusaur
|-supereffective|p1a: Venusaur|1
|-damage|p1a: Venusaur|0 fnt
|faint|p1a: Venusaur
|move|p1b: Pelipper|Weather Ball|p2a: Delphox
|-supereffective|p2a: Delphox|1
|-damage|p2a: Delphox|0 fnt
|faint|p2a: Delphox
|
|win|bruGno
|raw|bruGno's rating: 1399 → 1425(+26 for winning)
|raw|Dike Guard's rating: 1508 → 1482(-26 for losing)
|l|☆bruGno
|player|p1|
