|j|☆PATRIOTS_VG
|j|☆clarocojones
|html|PATRIOTS_VGclarocojones    
|uhtml|bestof|Game 2 of a best-of-3
|t:|1785599829
|gametype|doubles
|player|p1|PATRIOTS_VG|drayden|1279
|player|p2|clarocojones|striker|1219
|gen|9
|tier|[Gen 9 Champions] VGC 2026 Reg M-B (Bo3)
|rated|
|rule|Species Clause: Limit one of each Pokémon
|rule|Item Clause: Limit 1 of each item
|clearpoke
|poke|p1|Charizard, L50, M, shiny|
|poke|p1|Grimmsnarl, L50, M|
|poke|p1|Archaludon, L50, M|
|poke|p1|Pelipper, L50, M|
|poke|p1|Basculegion, L50, M|
|poke|p1|Scovillain, L50, M|
|poke|p2|Incineroar, L50, M, shiny|
|poke|p2|Floette-Eternal, L50, F|
|poke|p2|Sinistcha-Masterpiece, L50, shiny|
|poke|p2|Kommo-o, L50, M|
|poke|p2|Kingambit, L50, M, shiny|
|poke|p2|Aerodactyl, L50, M|
|teampreview|4
|showteam|p1|Charizard||CharizarditeY|Blaze|HeatWave,WeatherBall,Hurricane,Protect|Modest||M|||50|]Grimmsnarl||LightClay|Prankster|SpiritBreak,PartingShot,Reflect,LightScreen|Sassy||M|||50|]Archaludon||Leftovers|Stamina|ElectroShot,DragonPulse,FlashCannon,Protect|Modest||M|||50|]Pelipper||SitrusBerry|Drizzle|WeatherBall,Hurricane,Tailwind,WideGuard|Modest||M|||50|]Basculegion||ChoiceScarf|Adaptability|WaveCrash,FlipTurn,AquaJet,LastRespects|Jolly||M|||50|]Scovillain||Scovillainite|Moody|Overheat,GigaDrain,RagePowder,Protect|Bold||M|||50|
|showteam|p2|Incineroar||SitrusBerry|Intimidate|FakeOut,PartingShot,HelpingHand,FlareBlitz|Careful||M|||50|]Floette-Eternal||Floettite|FlowerVeil|Moonblast,DazzlingGleam,CalmMind,Protect|Modest||F|||50|]Sinistcha-Masterpiece||ColburBerry|Hospitality|MatchaGotcha,LifeDew,RagePowder,TrickRoom|Bold|||||50|]Kommo-o||Leftovers|Overcoat|ClangingScales,AuraSphere,ClangorousSoul,Protect|Modest||M|||50|]Kingambit||FocusSash|Defiant|KowtowCleave,SuckerPunch,IronHead,Protect|Adamant||M|||50|]Aerodactyl||Aerodactylite|Unnerve|Protect,RockSlide,Tailwind,DualWingbeat|Jolly||M|||50|
|inactive|Battle timer is ON: inactive players will automatically lose when time's up. (requested by PATRIOTS_VG)
|
|t:|1785599876
|teamsize|p1|4
|teamsize|p2|4
|start
|switch|p1a: Pelipper|Pelipper, L50, M|100/100
|switch|p1b: Basculegion|Basculegion, L50, M|100/100
|switch|p2a: Friends Take|Incineroar, L50, M, shiny|100/100
|switch|p2b: Felicidad|Floette-Eternal, L50, F|100/100
|-ability|p2a: Friends Take|Intimidate|boost
|-unboost|p1a: Pelipper|atk|1
|-unboost|p1b: Basculegion|atk|1
|-weather|RainDance|[from] ability: Drizzle|[of] p1a: Pelipper
|turn|1
|
|t:|1785599893
|detailschange|p2b: Felicidad|Floette-Mega, L50, F
|-mega|p2b: Felicidad|Floette|Floettite
|-ability|p2b: Felicidad|Fairy Aura
|move|p1b: Basculegion|Flip Turn|p2a: Friends Take
|-supereffective|p2a: Friends Take|1
|-damage|p2a: Friends Take|26/100
|-enditem|p2a: Friends Take|Sitrus Berry|[eat]
|-heal|p2a: Friends Take|51/100|[from] item: Sitrus Berry
|
|t:|1785599901
|switch|p1b: Archaludon|Archaludon, L50, M|100/100|[from] Flip Turn
|move|p2b: Felicidad|Moonblast|p1b: Archaludon
|-damage|p1b: Archaludon|26/100
|-ability|p1b: Archaludon|Stamina|boost
|-boost|p1b: Archaludon|def|1
|move|p1a: Pelipper|Tailwind|p1a: Pelipper
|-sidestart|p1: PATRIOTS_VG|move: Tailwind
|move|p2a: Friends Take|Parting Shot|p1b: Archaludon
|-unboost|p1b: Archaludon|atk|1
|-unboost|p1b: Archaludon|spa|1
|
|t:|1785599916
|switch|p2a: Aerodactyl|Aerodactyl, L50, M|100/100|[from] Parting Shot
|-ability|p2a: Aerodactyl|Unnerve
|
|-weather|RainDance|[upkeep]
|-heal|p1b: Archaludon|32/100|[from] item: Leftovers
|upkeep
|turn|2
|
|t:|1785599926
|move|p2a: Aerodactyl|Protect|p2a: Aerodactyl
|-singleturn|p2a: Aerodactyl|Protect
|move|p1b: Archaludon|Electro Shot||[still]
|-prepare|p1b: Archaludon|Electro Shot
|-boost|p1b: Archaludon|spa|1
|-anim|p1b: Archaludon|Electro Shot|p2a: Aerodactyl
|-activate|p2a: Aerodactyl|move: Protect
|move|p1a: Pelipper|Weather Ball|p2a: Aerodactyl
|-activate|p2a: Aerodactyl|move: Protect
|move|p2b: Felicidad|Dazzling Gleam|p1b: Archaludon|[spread] p1a,p1b
|-damage|p1a: Pelipper|26/100
|-damage|p1b: Archaludon|0 fnt
|faint|p1b: Archaludon
|
|-weather|RainDance|[upkeep]
|upkeep
|
|t:|1785599930
|switch|p1b: Basculegion|Basculegion, L50, M|100/100
|turn|3
|inactive|clarocojones has 30 seconds left.
|
|t:|1785599956
|switch|p2a: Friends Take|Incineroar, L50, M, shiny|51/100
|-enditem|p1a: Pelipper|Sitrus Berry|[eat]
|-heal|p1a: Pelipper|51/100|[from] item: Sitrus Berry
|-ability|p2a: Friends Take|Intimidate|boost
|-unboost|p1a: Pelipper|atk|1
|-unboost|p1b: Basculegion|atk|1
|switch|p2b: DON JULIO|Sinistcha-Masterpiece, L50, shiny|100/100
|-heal|p2a: Friends Take|76/100|[from] ability: Hospitality|[of] p2b: DON JULIO
|move|p1b: Basculegion|Flip Turn|p2a: Friends Take
|-supereffective|p2a: Friends Take|1
|-damage|p2a: Friends Take|10/100
|
|t:|1785599967
|switch|p1b: Charizard|Charizard, L50, M, shiny|100/100|[from] Flip Turn
|move|p1a: Pelipper|Hurricane|p2a: Friends Take
|-damage|p2a: Friends Take|0 fnt
|faint|p2a: Friends Take
|
|-weather|RainDance|[upkeep]
|upkeep
|
|t:|1785599978
|switch|p2a: Felicidad|Floette-Mega, L50, F|100/100
|-ability|p2a: Felicidad|Fairy Aura
|turn|4
|
|t:|1785599997
|move|p1b: Charizard|Hurricane|p2b: DON JULIO
|-supereffective|p2b: DON JULIO|1
|-damage|p2b: DON JULIO|3/100
|move|p1a: Pelipper|Hurricane|p2b: DON JULIO
|-supereffective|p2b: DON JULIO|1
|-damage|p2b: DON JULIO|0 fnt
|faint|p2b: DON JULIO
|move|p2a: Felicidad|Moonblast|p1a: Pelipper
|-damage|p1a: Pelipper|0 fnt
|faint|p1a: Pelipper
|
|-weather|RainDance|[upkeep]
|-sideend|p1: PATRIOTS_VG|move: Tailwind
|upkeep
|
|t:|1785600004
|switch|p1a: Basculegion|Basculegion, L50, M|100/100
|switch|p2b: Aerodactyl|Aerodactyl, L50, M|100/100
|-ability|p2b: Aerodactyl|Unnerve
|turn|5
|
|t:|1785600017
|detailschange|p1b: Charizard|Charizard-Mega-Y, L50, M, shiny
|-mega|p1b: Charizard|Charizard|Charizardite Y
|-weather|SunnyDay|[from] ability: Drought|[of] p1b: Charizard
|move|p1a: Basculegion|Last Respects|p2b: Aerodactyl
|-damage|p2b: Aerodactyl|0 fnt
|faint|p2b: Aerodactyl
|move|p1b: Charizard|Weather Ball|p2a: Felicidad
|-damage|p2a: Felicidad|32/100
|move|p2a: Felicidad|Dazzling Gleam|p1a: Basculegion|[spread] p1a,p1b
|-resisted|p1b: Charizard|1
|-crit|p1b: Charizard
|-damage|p1a: Basculegion|45/100
|-damage|p1b: Charizard|67/100
|
|-weather|SunnyDay|[upkeep]
|upkeep
|turn|6
|-message|clarocojones forfeited.
|
|win|PATRIOTS_VG
