|j|☆Iceman5687
|j|☆syshj
|html|Iceman5687syshj    
|uhtml|bestof|Game 1 of a best-of-3
|t:|1784442188
|gametype|doubles
|player|p1|Iceman5687|101|1153
|player|p2|syshj|dawn|1265
|gen|9
|tier|[Gen 9 Champions] VGC 2026 Reg M-B (Bo3)
|rated|
|rule|Species Clause: Limit one of each Pokémon
|rule|Item Clause: Limit 1 of each item
|clearpoke
|poke|p1|Charizard, L50, F|
|poke|p1|Grimmsnarl, L50, M|
|poke|p1|Pelipper, L50, M|
|poke|p1|Archaludon, L50, F|
|poke|p1|Basculegion, L50, M|
|poke|p1|Venusaur, L50, F|
|poke|p2|Froslass, L50, F|
|poke|p2|Tsareena, L50, F|
|poke|p2|Aerodactyl, L50, F|
|poke|p2|Sneasler, L50, F|
|poke|p2|Kingambit, L50, F|
|poke|p2|Basculegion, L50, M|
|teampreview|4
|showteam|p1|Charizard||CharizarditeY|Blaze|Protect,HeatWave,WeatherBall,SolarBeam|Modest||F|||50|]Grimmsnarl||LightClay|Prankster|SpiritBreak,Reflect,LightScreen,PartingShot|Sassy||M|||50|]Pelipper||SitrusBerry|Drizzle|Hurricane,WeatherBall,Tailwind,WideGuard|Modest||M|||50|]Archaludon||Leftovers|Stamina|Protect,ElectroShot,DragonPulse,FlashCannon|Calm||F|||50|]Basculegion||ChoiceScarf|Adaptability|FlipTurn,WaveCrash,AquaJet,LastRespects|Jolly||M|||50|]Venusaur||FocusSash|Chlorophyll|Protect,SleepPowder,SludgeBomb,EarthPower|Modest||F|||50|
|showteam|p2|Froslass||Froslassite|CursedBody|Blizzard,ShadowBall,DestinyBond,Protect|Timid||F|||50|]Tsareena||WideLens|QueenlyMajesty|PowerWhip,LowKick,TripleAxel,HelpingHand|Adamant||F|||50|]Aerodactyl||Aerodactylite|Unnerve|RockSlide,DualWingbeat,Tailwind,Protect|Jolly||F|||50|]Sneasler||LifeOrb|PoisonTouch|DireClaw,CloseCombat,FakeOut,Protect|Adamant||F|||50|]Kingambit||BlackGlasses|Defiant|KowtowCleave,SuckerPunch,SwordsDance,Protect|Adamant||F|||50|]Basculegion||FocusSash|Adaptability|Liquidation,LastRespects,AquaJet,Protect|Adamant||M|||50|
|
|t:|1784442264
|teamsize|p1|4
|teamsize|p2|4
|start
|switch|p1a: Pelipper|Pelipper, L50, M|100/100
|switch|p1b: Basculegion|Basculegion, L50, M|100/100
|switch|p2a: Froslass|Froslass, L50, F|100/100
|switch|p2b: Aerodactyl|Aerodactyl, L50, F|100/100
|-ability|p2b: Aerodactyl|Unnerve
|-weather|RainDance|[from] ability: Drizzle|[of] p1a: Pelipper
|turn|1
|
|t:|1784442297
|detailschange|p2a: Froslass|Froslass-Mega, L50, F
|-mega|p2a: Froslass|Froslass|Froslassite
|-weather|Snowscape|[from] ability: Snow Warning|[of] p2a: Froslass
|move|p1b: Basculegion|Wave Crash|p2b: Aerodactyl
|-supereffective|p2b: Aerodactyl|1
|-crit|p2b: Aerodactyl
|-damage|p2b: Aerodactyl|0 fnt
|faint|p2b: Aerodactyl
|-damage|p1b: Basculegion|71/100|[from] Recoil
|move|p2a: Froslass|Blizzard|p1b: Basculegion|[spread] p1a,p1b
|-resisted|p1b: Basculegion|1
|-damage|p1a: Pelipper|53/100
|-damage|p1b: Basculegion|45/100
|move|p1a: Pelipper|Tailwind|p1a: Pelipper
|-sidestart|p1: Iceman5687|move: Tailwind
|
|-weather|Snowscape|[upkeep]
|upkeep
|
|t:|1784442311
|switch|p2b: Basculegion|Basculegion, L50, M|100/100
|turn|2
|
|t:|1784442334
|move|p1b: Basculegion|Wave Crash|p2a: Froslass
|-damage|p2a: Froslass|33/100
|-damage|p1b: Basculegion|28/100|[from] Recoil
|move|p2a: Froslass|Shadow Ball|p1b: Basculegion
|-supereffective|p1b: Basculegion|1
|-damage|p1b: Basculegion|0 fnt
|faint|p1b: Basculegion
|move|p1a: Pelipper|Weather Ball|p2a: Froslass
|-resisted|p2a: Froslass|1
|-damage|p2a: Froslass|18/100
|move|p2b: Basculegion|Last Respects|p1a: Pelipper
|-damage|p1a: Pelipper|0 fnt
|faint|p1a: Pelipper
|
|-weather|Snowscape|[upkeep]
|upkeep
|
|t:|1784442340
|switch|p1b: Venusaur|Venusaur, L50, F|100/100
|switch|p1a: Charizard|Charizard, L50, F|100/100
|turn|3
|
|t:|1784442349
|switch|p2a: Sneasler|Sneasler, L50, F|100/100
|detailschange|p1a: Charizard|Charizard-Mega-Y, L50, F
|-mega|p1a: Charizard|Charizard|Charizardite Y
|-weather|SunnyDay|[from] ability: Drought|[of] p1a: Charizard
|move|p2b: Basculegion|Protect|p2b: Basculegion
|-singleturn|p2b: Basculegion|Protect
|move|p1b: Venusaur|Sleep Powder|p2b: Basculegion
|-activate|p2b: Basculegion|move: Protect
|move|p1a: Charizard|Heat Wave|p2a: Sneasler|[spread] 
|-activate|p2b: Basculegion|move: Protect
|-miss|p1a: Charizard|p2a: Sneasler
|
|-weather|SunnyDay|[upkeep]
|upkeep
|turn|4
|
|t:|1784442372
|move|p2a: Sneasler|Fake Out|p1b: Venusaur
|-damage|p1b: Venusaur|71/100
|-damage|p2a: Sneasler|90/100|[from] item: Life Orb
|cant|p1b: Venusaur|flinch
|move|p1a: Charizard|Heat Wave|p2a: Sneasler|[spread] p2a,p2b
|-crit|p2a: Sneasler
|-resisted|p2b: Basculegion|1
|-damage|p2a: Sneasler|0 fnt
|-damage|p2b: Basculegion|64/100
|faint|p2a: Sneasler
|move|p2b: Basculegion|Last Respects|p1a: Charizard
|-damage|p1a: Charizard|0 fnt
|faint|p1a: Charizard
|
|-weather|SunnyDay|[upkeep]
|-sideend|p1: Iceman5687|move: Tailwind
|upkeep
|
|t:|1784442374
|switch|p2a: Froslass|Froslass-Mega, L50, F|18/100
|-weather|Snowscape|[from] ability: Snow Warning|[of] p2a: Froslass
|turn|5
|-message|Iceman5687 forfeited.
|
|win|syshj
