|j|☆azuredreamer vg
|j|☆Gambling42699
|html|azuredreamer vgGambling42699    
|uhtml|bestof|Game 1 of a best-of-3
|t:|1756503459
|gametype|doubles
|player|p1|azuredreamer vg|170|1246
|player|p2|Gambling42699|giovanni|1492
|gen|9
|tier|[Gen 9] VGC 2025 Reg H (Bo3)
|rated|
|rule|Species Clause: Limit one of each Pokémon
|rule|Item Clause: Limit 1 of each item
|clearpoke
|poke|p1|Annihilape, L50, F|
|poke|p1|Archaludon, L50, M|
|poke|p1|Whimsicott, L50, F|
|poke|p1|Pelipper, L50, F|
|poke|p1|Indeedee, L50, M|
|poke|p1|Sneasler, L50, F|
|poke|p2|Ninetales-Alola, L50, M|
|poke|p2|Ursaluna-Bloodmoon, L50, M|
|poke|p2|Maushold-Four, L50|
|poke|p2|Annihilape, L50, M|
|poke|p2|Klefki, L50, F|
|poke|p2|Sinistcha-Masterpiece, L50|
|teampreview|4
|showteam|p1|Annihilape||ChoiceScarf|Defiant|FinalGambit,RageFist,Uturn,CloseCombat|||F|||50|,,,,,Grass]Archaludon||AssaultVest|Stamina|BodyPress,FlashCannon,ElectroShot,DracoMeteor|||M|||50|,,,,,Water]Whimsicott||CovertCloak|Prankster|Moonblast,BeatUp,Tailwind,Taunt|||F|||50|,,,,,Ghost]Pelipper||SafetyGoggles|Drizzle|WeatherBall,Hurricane,Tailwind,Protect|||F|||50|,,,,,Ground]Indeedee||FocusSash|PsychicSurge|ExpandingForce,TeraBlast,TrickRoom,Protect|||M|||50|,,,,,Fairy]Sneasler||PsychicSeed|Unburden|DireClaw,ThroatChop,CloseCombat,Protect|||F|||50|,,,,,Dark
|showteam|p2|Ninetales-Alola||FocusSash|SnowWarning|Blizzard,FreezeDry,Encore,Protect|||M|||50|,,,,,Ghost]Ursaluna-Bloodmoon||AssaultVest|MindsEye|BloodMoon,EarthPower,HyperVoice,VacuumWave|||M|||50|,,,,,Water]Maushold-Four||SafetyGoggles|FriendGuard|BeatUp,Taunt,FollowMe,Protect||||||50|,,,,,Ghost]Annihilape||Leftovers|Defiant|DrainPunch,RageFist,BulkUp,Protect|||M|||50|,,,,,Fire]Klefki||LightClay|Prankster|DazzlingGleam,Reflect,LightScreen,MistyTerrain|||F|||50|,,,,,Ghost]Sinistcha-Masterpiece||SitrusBerry|Hospitality|MatchaGotcha,RagePowder,LifeDew,TrickRoom||||||50|,,,,,Water
|inactive|Battle timer is ON: inactive players will automatically lose when time's up. (requested by azuredreamer vg)
|inactive|azuredreamer vg has 60 seconds left.
|inactive|Gambling42699 has 60 seconds left.
|
|t:|1756503506
|teamsize|p1|4
|teamsize|p2|4
|start
|switch|p1a: Indeedee|Indeedee, L50, M|100/100
|switch|p1b: Sneasler|Sneasler, L50, F, shiny|100/100
|switch|p2a: Ursaluna|Ursaluna-Bloodmoon, L50, M|100/100
|switch|p2b: Klefki|Klefki, L50, F|100/100
|-fieldstart|move: Psychic Terrain|[from] ability: Psychic Surge|[of] p1a: Indeedee
|-enditem|p1b: Sneasler|Psychic Seed
|-boost|p1b: Sneasler|spd|1|[from] item: Psychic Seed
|turn|1
|inactive|azuredreamer vg has 30 seconds left.
|inactive|azuredreamer vg has 20 seconds left.
|inactive|azuredreamer vg has 15 seconds left.
|
|t:|1756503550
|-terastallize|p1b: Sneasler|Dark
|-terastallize|p2a: Ursaluna|Water
|move|p2b: Klefki|Reflect|p2b: Klefki
|-sidestart|p2: Gambling42699|Reflect
|move|p1b: Sneasler|Dire Claw|p2a: Ursaluna
|-damage|p2a: Ursaluna|79/100
|move|p1a: Indeedee|Expanding Force|p2b: Klefki|[spread] p2a,p2b
|-resisted|p2b: Klefki
|-damage|p2a: Ursaluna|45/100
|-damage|p2b: Klefki|73/100
|move|p2a: Ursaluna|Earth Power|p1b: Sneasler
|-damage|p1b: Sneasler|57/100
|
|upkeep
|turn|2
|
|t:|1756503574
|switch|p2a: Annihilape|Annihilape, L50, M|100/100
|move|p1b: Sneasler|Protect|p1b: Sneasler
|-singleturn|p1b: Sneasler|Protect
|move|p2b: Klefki|Misty Terrain|p2b: Klefki
|-fieldstart|move: Misty Terrain
|move|p1a: Indeedee|Expanding Force|p2a: Annihilape
|-supereffective|p2a: Annihilape
|-damage|p2a: Annihilape|34/100
|
|-heal|p2a: Annihilape|40/100|[from] item: Leftovers
|upkeep
|turn|3
|
|t:|1756503593
|move|p2a: Annihilape|Protect|p2a: Annihilape
|-singleturn|p2a: Annihilape|Protect
|move|p1b: Sneasler|Dire Claw|p2a: Annihilape
|-activate|p2a: Annihilape|move: Protect
|move|p1a: Indeedee|Expanding Force|p2a: Annihilape
|-activate|p2a: Annihilape|move: Protect
|move|p2b: Klefki|Dazzling Gleam|p1b: Sneasler|[spread] p1a,p1b
|-supereffective|p1b: Sneasler
|-damage|p1a: Indeedee|75/100
|-damage|p1b: Sneasler|24/100
|
|-heal|p2a: Annihilape|46/100|[from] item: Leftovers
|upkeep
|turn|4
|inactive|Gambling42699 has 30 seconds left.
|inactive|azuredreamer vg has 30 seconds left.
|
|t:|1756503623
|move|p2b: Klefki|Light Screen|p2b: Klefki
|-sidestart|p2: Gambling42699|move: Light Screen
|move|p1b: Sneasler|Dire Claw|p2a: Annihilape
|-resisted|p2a: Annihilape
|-damage|p2a: Annihilape|32/100
|move|p1a: Indeedee|Expanding Force|p2a: Annihilape
|-supereffective|p2a: Annihilape
|-damage|p2a: Annihilape|0 fnt
|faint|p2a: Annihilape
|
|upkeep
|
|t:|1756503633
|switch|p2a: Ninetales|Ninetales-Alola, L50, M|100/100
|-weather|Snowscape|[from] ability: Snow Warning|[of] p2a: Ninetales
|turn|5
|
|t:|1756503647
|switch|p2a: Ursaluna|Ursaluna-Bloodmoon, L50, M, tera:Water|45/100
|move|p1b: Sneasler|Close Combat|p2b: Klefki
|-damage|p2b: Klefki|26/100
|-unboost|p1b: Sneasler|def|1
|-unboost|p1b: Sneasler|spd|1
|move|p1a: Indeedee|Expanding Force|p2b: Klefki
|-resisted|p2b: Klefki
|-damage|p2b: Klefki|13/100
|move|p2b: Klefki|Dazzling Gleam|p1a: Indeedee|[spread] p1a,p1b
|-supereffective|p1b: Sneasler
|-damage|p1a: Indeedee|53/100
|-damage|p1b: Sneasler|0 fnt
|faint|p1b: Sneasler
|
|-weather|Snowscape|[upkeep]
|upkeep
|
|t:|1756503666
|switch|p1b: Whimsicott|Whimsicott, L50, F|100/100
|turn|6
|
|t:|1756503674
|move|p1b: Whimsicott|Moonblast|p2a: Ursaluna
|-damage|p2a: Ursaluna|30/100
|move|p1a: Indeedee|Expanding Force|p2a: Ursaluna
|-damage|p2a: Ursaluna|16/100
|move|p2b: Klefki|Dazzling Gleam|p1a: Indeedee|[spread] p1a,p1b
|-damage|p1a: Indeedee|28/100
|-damage|p1b: Whimsicott|70/100
|move|p2a: Ursaluna|Hyper Voice|p1a: Indeedee|[spread] p1a,p1b
|-damage|p1a: Indeedee|0 fnt
|-damage|p1b: Whimsicott|14/100
|faint|p1a: Indeedee
|
|-weather|Snowscape|[upkeep]
|-fieldend|Misty Terrain
|upkeep
|
|t:|1756503679
|switch|p1a: Annihilape|Annihilape, L50, F|100/100
|turn|7
|inactive|azuredreamer vg has 30 seconds left.
|inactive|azuredreamer vg has 20 seconds left.
|
|t:|1756503718
|move|p1b: Whimsicott|Moonblast|p2a: Ursaluna
|-damage|p2a: Ursaluna|2/100
|-unboost|p2a: Ursaluna|spa|1
|move|p1a: Annihilape|Rage Fist|p2b: Klefki
|-damage|p2b: Klefki|0 fnt
|faint|p2b: Klefki
|move|p2a: Ursaluna|Hyper Voice|p1a: Annihilape|[spread] p1a,p1b
|-damage|p1a: Annihilape|77/100
|-damage|p1b: Whimsicott|0 fnt
|faint|p1b: Whimsicott
|
|-weather|Snowscape|[upkeep]
|upkeep
|
|t:|1756503726
|switch|p2b: Ninetales|Ninetales-Alola, L50, M|100/100
|turn|8
|c|☆azuredreamer vg|AHHHH
|c|☆azuredreamer vg|said 100% ohko on my calc
|
|t:|1756503741
|move|p1a: Annihilape|Rage Fist|p2b: Ninetales
|-crit|p2b: Ninetales
|-damage|p2b: Ninetales|19/100
|move|p2b: Ninetales|Blizzard|p1a: Annihilape
|-damage|p1a: Annihilape|40/100
|move|p2a: Ursaluna|Blood Moon|p1a: Annihilape
|-damage|p1a: Annihilape|0 fnt
|faint|p1a: Annihilape
|
|win|Gambling42699
||azuredreamer vg is ready for game 2.
