|j|☆SumSamSum
|j|☆medwar
|html|SumSamSummedwar    
|uhtml|bestof|Game 2 of a best-of-3
|t:|1757657900
|gametype|doubles
|player|p1|SumSamSum|veteran|1121
|player|p2|medwar|dawn|1173
|gen|9
|tier|[Gen 9] VGC 2025 Reg H (Bo3)
|rated|
|rule|Species Clause: Limit one of each Pokémon
|rule|Item Clause: Limit 1 of each item
|clearpoke
|poke|p1|Volcarona, L50, F|
|poke|p1|Grimmsnarl, L50, M|
|poke|p1|Ursaluna, L50, M|
|poke|p1|Whimsicott, L50, F|
|poke|p1|Hydreigon, L50, M|
|poke|p1|Gholdengo, L50|
|poke|p2|Ninetales-Alola, L50, F|
|poke|p2|Annihilape, L50, F|
|poke|p2|Basculegion, L50, M|
|poke|p2|Dragonite, L50, M|
|poke|p2|Ursaluna-Bloodmoon, L50, M|
|poke|p2|Tsareena, L50, F|
|teampreview|4
|showteam|p1|Volcarona||SitrusBerry|FlameBody|FieryDance,GigaDrain,QuiverDance,Protect|||F|||50|,,,,,Grass]Grimmsnarl||LightClay|Prankster|SpiritBreak,Reflect,LightScreen,ThunderWave|||M|||50|,,,,,Ghost]Ursaluna||FlameOrb|Guts|Earthquake,HeadlongRush,Facade,Protect|||M|||50|,,,,,Ghost]Whimsicott||CovertCloak|Prankster|Moonblast,Tailwind,Taunt,Protect|||F|||50|,,,,,Fairy]Hydreigon||LifeOrb|Levitate|DracoMeteor,DarkPulse,HeatWave,Protect|||M|||50|,,,,,Poison]Gholdengo||ChoiceSpecs|GoodasGold|MakeItRain,ShadowBall,Thunderbolt,DazzlingGleam||||||50|,,,,,Steel
|showteam|p2|Ninetales-Alola||FocusSash|SnowWarning|FreezeDry,AuroraVeil,Protect,Blizzard|||F|||50|,,,,,Ghost]Annihilape||SafetyGoggles|Defiant|RageFist,DrainPunch,Protect,BulkUp|||F|||50|,,,,,Fire]Basculegion||ChoiceScarf|Adaptability|LastRespects,FlipTurn,AquaJet,WaveCrash|||M|||50|,,,,,Water]Dragonite||LoadedDice|Multiscale|Protect,Haze,Tailwind,ScaleShot|||M|||50|,,,,,Fairy]Ursaluna-Bloodmoon||AssaultVest|MindsEye|BloodMoon,Moonblast,HyperVoice,EarthPower|||M|||50|,,,,,Fairy]Tsareena||Leftovers|QueenlyMajesty|Protect,KnockOff,TropKick,Trailblaze|||F|||50|,,,,,Fire
|
|t:|1757657940
|teamsize|p1|4
|teamsize|p2|4
|start
|switch|p1a: Volcarona|Volcarona, L50, F|100/100
|switch|p1b: Grimmsnarl|Grimmsnarl, L50, M|100/100
|switch|p2a: Ninetales|Ninetales-Alola, L50, F|100/100
|switch|p2b: Tsareena|Tsareena, L50, F|100/100
|-weather|Snowscape|[from] ability: Snow Warning|[of] p2a: Ninetales
|turn|1
|
|t:|1757657963
|switch|p2b: Annihilape|Annihilape, L50, F, shiny|100/100
|move|p1b: Grimmsnarl|Light Screen|p1b: Grimmsnarl
|-sidestart|p1: SumSamSum|move: Light Screen
|move|p2a: Ninetales|Aurora Veil|p2a: Ninetales
|-sidestart|p2: medwar|move: Aurora Veil
|move|p1a: Volcarona|Quiver Dance|p1a: Volcarona
|-boost|p1a: Volcarona|spa|1
|-boost|p1a: Volcarona|spd|1
|-boost|p1a: Volcarona|spe|1
|
|-weather|Snowscape|[upkeep]
|upkeep
|turn|2
|
|t:|1757657981
|move|p1b: Grimmsnarl|Thunder Wave|p2b: Annihilape
|-status|p2b: Annihilape|par
|move|p1a: Volcarona|Quiver Dance|p1a: Volcarona
|-boost|p1a: Volcarona|spa|1
|-boost|p1a: Volcarona|spd|1
|-boost|p1a: Volcarona|spe|1
|move|p2a: Ninetales|Blizzard|p1b: Grimmsnarl|[spread] p1a,p1b
|-resisted|p1a: Volcarona
|-damage|p1a: Volcarona|96/100
|-damage|p1b: Grimmsnarl|83/100
|cant|p2b: Annihilape|par
|
|-weather|Snowscape|[upkeep]
|upkeep
|turn|3
|
|t:|1757658008
|move|p1b: Grimmsnarl|Reflect|p1b: Grimmsnarl
|-sidestart|p1: SumSamSum|Reflect
|move|p1a: Volcarona|Fiery Dance|p2a: Ninetales
|-supereffective|p2a: Ninetales
|-enditem|p2a: Ninetales|Focus Sash
|-damage|p2a: Ninetales|1/100
|move|p2a: Ninetales|Freeze-Dry|p1a: Volcarona
|-resisted|p1a: Volcarona
|-damage|p1a: Volcarona|92/100
|move|p2b: Annihilape|Bulk Up|p2b: Annihilape
|-boost|p2b: Annihilape|atk|1
|-boost|p2b: Annihilape|def|1
|
|-weather|Snowscape|[upkeep]
|upkeep
|turn|4
|
|t:|1757658035
|move|p1a: Volcarona|Fiery Dance|p2b: Annihilape
|-damage|p2b: Annihilape|49/100 par
|-boost|p1a: Volcarona|spa|1
|move|p2a: Ninetales|Freeze-Dry|p1b: Grimmsnarl
|-damage|p1b: Grimmsnarl|69/100
|move|p1b: Grimmsnarl|Spirit Break|p2b: Annihilape
|-supereffective|p2b: Annihilape
|-damage|p2b: Annihilape|23/100 par
|-unboost|p2b: Annihilape|spa|1
|-ability|p2b: Annihilape|Defiant|boost
|-boost|p2b: Annihilape|atk|2
|move|p2b: Annihilape|Drain Punch|p1b: Grimmsnarl
|-damage|p1b: Grimmsnarl|5/100
|-heal|p2b: Annihilape|56/100 par|[from] drain|[of] p1b: Grimmsnarl
|
|-weather|Snowscape|[upkeep]
|upkeep
|turn|5
|
|t:|1757658064
|move|p1a: Volcarona|Fiery Dance|p2b: Annihilape
|-damage|p2b: Annihilape|0 fnt
|-boost|p1a: Volcarona|spa|1
|faint|p2b: Annihilape
|move|p2a: Ninetales|Blizzard|p1b: Grimmsnarl|[spread] p1a,p1b
|-resisted|p1a: Volcarona
|-damage|p1a: Volcarona|88/100
|-damage|p1b: Grimmsnarl|0 fnt
|faint|p1b: Grimmsnarl
|
|-weather|none
|-sideend|p2: medwar|move: Aurora Veil
|upkeep
|
|t:|1757658078
|switch|p2b: Ursaluna|Ursaluna-Bloodmoon, L50, M|100/100
|switch|p1b: Hydreigon|Hydreigon, L50, M|100/100
|turn|6
|
|t:|1757658098
|move|p1a: Volcarona|Giga Drain|p2b: Ursaluna
|-supereffective|p2b: Ursaluna
|-damage|p2b: Ursaluna|1/100
|-heal|p1a: Volcarona|100/100|[from] drain|[of] p2b: Ursaluna
|move|p2a: Ninetales|Freeze-Dry|p1b: Hydreigon
|-supereffective|p1b: Hydreigon
|-damage|p1b: Hydreigon|69/100
|move|p1b: Hydreigon|Dark Pulse|p2a: Ninetales
|-resisted|p2a: Ninetales
|-damage|p2a: Ninetales|0 fnt
|faint|p2a: Ninetales
|-damage|p1b: Hydreigon|59/100|[from] item: Life Orb
|move|p2b: Ursaluna|Blood Moon|p1a: Volcarona
|-damage|p1a: Volcarona|76/100
|
|upkeep
|
|t:|1757658113
|switch|p2a: Tsareena|Tsareena, L50, F|100/100
|turn|7
|
|t:|1757658124
|-terastallize|p2a: Tsareena|Fire
|move|p1a: Volcarona|Fiery Dance|p2a: Tsareena
|-resisted|p2a: Tsareena
|-damage|p2a: Tsareena|47/100
|-boost|p1a: Volcarona|spa|1
|move|p1b: Hydreigon|Dark Pulse|p2b: Ursaluna
|-damage|p2b: Ursaluna|0 fnt
|faint|p2b: Ursaluna
|-damage|p1b: Hydreigon|49/100|[from] item: Life Orb
|move|p2a: Tsareena|Knock Off|p1a: Volcarona
|-crit|p1a: Volcarona
|-damage|p1a: Volcarona|29/100
|-enditem|p1a: Volcarona|Sitrus Berry|[from] move: Knock Off|[of] p2a: Tsareena
|
|-heal|p2a: Tsareena|53/100|[from] item: Leftovers
|upkeep
|turn|8
|
|t:|1757658147
|move|p1a: Volcarona|Fiery Dance|p2a: Tsareena
|-resisted|p2a: Tsareena
|-damage|p2a: Tsareena|0 fnt
|-boost|p1a: Volcarona|spa|1
|faint|p2a: Tsareena
|
|win|SumSamSum
||medwar is ready for game 3.
|inactive|SumSamSum has 30 seconds to confirm battle start!
||SumSamSum is ready for game 3.
|uhtml|next|Next: Game 3 of 3
|l|☆medwar
|player|p2|
