|j|☆3rdPlaceTennis
|j|☆Nawra??STREAMER
|html|3rdPlaceTennisNawra??STREAMER    
|uhtml|bestof|Game 2 of a best-of-3
|t:|1756606755
|gametype|doubles
|player|p1|3rdPlaceTennis|bugcatcher-gen4dp|1066
|player|p2|Nawra??STREAMER|101|1000
|gen|9
|tier|[Gen 9] VGC 2025 Reg H (Bo3)
|rated|
|rule|Species Clause: Limit one of each Pokémon
|rule|Item Clause: Limit 1 of each item
|clearpoke
|poke|p1|Kommo-o, L50, F|
|poke|p1|Gothitelle, L50, F|
|poke|p1|Ninetales-Alola, L50, M|
|poke|p1|Incineroar, L50, M|
|poke|p1|Ursaluna, L50, F|
|poke|p1|Archaludon, L50, M|
|poke|p2|Archaludon, L50, M|
|poke|p2|Politoed, L50, M|
|poke|p2|Sneasler, L50, F|
|poke|p2|Incineroar, L50, M|
|poke|p2|Amoonguss, L50, F|
|poke|p2|Basculegion, L50, M|
|teampreview|4
|showteam|p1|Kommo-o||ThroatSpray|Soundproof|ClangingScales,Flamethrower,ClangorousSoul,Protect|||F|||50|,,,,,Fire]Gothitelle||Leftovers|ShadowTag|Protect,Psychic,TrickRoom,FakeOut|||F|||50|,,,,,Water]Ninetales-Alola||FocusSash|SnowWarning|Protect,Encore,Blizzard,IcyWind|||M|||50|,,,,,Ghost]Incineroar||SafetyGoggles|Intimidate|KnockOff,Taunt,FakeOut,PartingShot|||M|||50|,,,,,Ghost]Ursaluna||FlameOrb|Guts|Facade,HeadlongRush,Earthquake,Protect|||F|||50|,,,,,Fairy]Archaludon||PowerHerb|Sturdy|DracoMeteor,ElectroShot,Thunderbolt,Protect|||M|||50|,,,,,Electric
|showteam|p2|Archaludon||ChoiceSpecs|Stamina|ElectroShot,DracoMeteor,DragonPulse,FlashCannon|||M|||50|,,,,,Electric]Politoed||SitrusBerry|Drizzle|WeatherBall,IcyWind,Encore,Protect|||M|||50|,,,,,Normal]Sneasler||AssaultVest|PoisonTouch|DireClaw,FakeOut,Acrobatics,CloseCombat|||F|||50|,,,,,Flying]Incineroar||SafetyGoggles|Intimidate|PartingShot,FakeOut,KnockOff,Protect|||M|||50|,,,,,Fire]Amoonguss||FocusSash|Regenerator|GigaDrain,Spore,Toxic,RagePowder|||F|||50|,,,,,Ghost]Basculegion||ChoiceBand|SwiftSwim|HydroPump,FlipTurn,Liquidation,Surf|||M|||50|,,,,,Water
|
|t:|1756606789
|teamsize|p1|4
|teamsize|p2|4
|start
|switch|p1a: Archaludon|Archaludon, L50, M|100/100
|switch|p1b: Gothitelle|Gothitelle, L50, F|100/100
|switch|p2a: Politoed|Politoed, L50, M, shiny|100/100
|switch|p2b: Archaludon|Archaludon, L50, M|100/100
|-weather|RainDance|[from] ability: Drizzle|[of] p2a: Politoed
|turn|1
|
|t:|1756606810
|-terastallize|p2b: Archaludon|Electric
|move|p1b: Gothitelle|Fake Out|p2b: Archaludon
|-damage|p2b: Archaludon|95/100
|-ability|p2b: Archaludon|Stamina|boost
|-boost|p2b: Archaludon|def|1
|move|p1a: Archaludon|Electro Shot||[still]
|-prepare|p1a: Archaludon|Electro Shot
|-boost|p1a: Archaludon|spa|1
|-anim|p1a: Archaludon|Electro Shot|p2a: Politoed
|-supereffective|p2a: Politoed
|-damage|p2a: Politoed|17/100
|-enditem|p2a: Politoed|Sitrus Berry|[eat]
|-heal|p2a: Politoed|42/100|[from] item: Sitrus Berry
|cant|p2b: Archaludon|flinch
|move|p2a: Politoed|Icy Wind|p1a: Archaludon|[spread] p1a
|-miss|p2a: Politoed|p1b: Gothitelle
|-damage|p1a: Archaludon|86/100
|-unboost|p1a: Archaludon|spe|1
|
|-weather|RainDance|[upkeep]
|upkeep
|turn|2
|
|t:|1756606838
|move|p2b: Archaludon|Electro Shot||[still]
|-prepare|p2b: Archaludon|Electro Shot
|-boost|p2b: Archaludon|spa|1
|-anim|p2b: Archaludon|Electro Shot|p1a: Archaludon
|-resisted|p1a: Archaludon
|-damage|p1a: Archaludon|0 fnt
|faint|p1a: Archaludon
|move|p2a: Politoed|Encore|p1b: Gothitelle
|-start|p1b: Gothitelle|Encore
|move|p1b: Gothitelle|Fake Out||[still]
|-hint|Fake Out only works on your first turn out.
|-fail|p1b: Gothitelle
|
|-weather|RainDance|[upkeep]
|upkeep
|
|t:|1756606848
|switch|p1a: Kommo-o|Kommo-o, L50, F|100/100
|turn|3
|
|t:|1756606867
|switch|p1b: Ninetales|Ninetales-Alola, L50, M|100/100
|-weather|Snowscape|[from] ability: Snow Warning|[of] p1b: Ninetales
|move|p2b: Archaludon|Electro Shot||[still]
|-prepare|p2b: Archaludon|Electro Shot
|-boost|p2b: Archaludon|spa|1
|move|p1a: Kommo-o|Clanging Scales|p2a: Politoed|[spread] p2a,p2b
|-damage|p2a: Politoed|15/100
|-damage|p2b: Archaludon|31/100
|-ability|p2b: Archaludon|Stamina|boost
|-boost|p2b: Archaludon|def|1
|-unboost|p1a: Kommo-o|def|1
|-enditem|p1a: Kommo-o|Throat Spray
|-boost|p1a: Kommo-o|spa|1|[from] item: Throat Spray
|move|p2a: Politoed|Icy Wind|p1a: Kommo-o|[spread] p1a,p1b
|-supereffective|p1a: Kommo-o
|-resisted|p1b: Ninetales
|-damage|p1a: Kommo-o|82/100
|-damage|p1b: Ninetales|96/100
|-unboost|p1a: Kommo-o|spe|1
|-unboost|p1b: Ninetales|spe|1
|
|-weather|Snowscape|[upkeep]
|upkeep
|turn|4
|
|t:|1756606902
|switch|p2a: Sneasler|Sneasler, L50, F|100/100
|move|p1a: Kommo-o|Protect|p1a: Kommo-o
|-singleturn|p1a: Kommo-o|Protect
|move|p2b: Archaludon|Electro Shot|p1a: Kommo-o|[from] lockedmove
|-activate|p1a: Kommo-o|move: Protect
|move|p1b: Ninetales|Blizzard|p2b: Archaludon|[spread] p2a,p2b
|-damage|p2a: Sneasler|71/100
|-damage|p2b: Archaludon|0 fnt
|faint|p2b: Archaludon
|
|-weather|Snowscape|[upkeep]
|upkeep
|
|t:|1756606914
|switch|p2b: Politoed|Politoed, L50, M, shiny|15/100
|-weather|RainDance|[from] ability: Drizzle|[of] p2b: Politoed
|turn|5
|
|t:|1756606943
|switch|p1a: Gothitelle|Gothitelle, L50, F|100/100
|-terastallize|p1b: Ninetales|Ghost
|move|p2a: Sneasler|Dire Claw|p1a: Gothitelle
|-damage|p1a: Gothitelle|58/100
|-status|p1a: Gothitelle|psn
|move|p1b: Ninetales|Icy Wind|p2a: Sneasler|[spread] p2a,p2b
|-resisted|p2b: Politoed
|-damage|p2a: Sneasler|57/100
|-damage|p2b: Politoed|10/100
|-unboost|p2a: Sneasler|spe|1
|-unboost|p2b: Politoed|spe|1
|move|p2b: Politoed|Weather Ball|p1a: Gothitelle
|-damage|p1a: Gothitelle|23/100 psn
|
|-weather|RainDance|[upkeep]
|-heal|p1a: Gothitelle|29/100 psn|[from] item: Leftovers
|-damage|p1a: Gothitelle|17/100 psn|[from] psn
|upkeep
|turn|6
|
|t:|1756606976
|move|p2a: Sneasler|Dire Claw|p1b: Ninetales
|-resisted|p1b: Ninetales
|-damage|p1b: Ninetales|65/100
|-status|p1b: Ninetales|slp
|cant|p1b: Ninetales|slp
|move|p1a: Gothitelle|Psychic|p2b: Politoed
|-damage|p2b: Politoed|0 fnt
|faint|p2b: Politoed
|
|-weather|RainDance|[upkeep]
|-heal|p1a: Gothitelle|23/100 psn|[from] item: Leftovers
|-damage|p1a: Gothitelle|11/100 psn|[from] psn
|upkeep
|
|t:|1756606988
|switch|p2b: Incineroar|Incineroar, L50, M|100/100
|-ability|p2b: Incineroar|Intimidate|boost
|-unboost|p1a: Gothitelle|atk|1
|-unboost|p1b: Ninetales|atk|1
|turn|7
|
|t:|1756607007
|-curestatus|p1b: Ninetales|slp|[msg]
|move|p1b: Ninetales|Protect|p1b: Ninetales
|-singleturn|p1b: Ninetales|Protect
|move|p2a: Sneasler|Dire Claw|p1b: Ninetales
|-activate|p1b: Ninetales|move: Protect
|move|p1a: Gothitelle|Psychic|p2a: Sneasler
|-supereffective|p2a: Sneasler
|-damage|p2a: Sneasler|0 fnt
|faint|p2a: Sneasler
|move|p2b: Incineroar|Knock Off|p1b: Ninetales
|-activate|p1b: Ninetales|move: Protect
|
|-weather|RainDance|[upkeep]
|-heal|p1a: Gothitelle|17/100 psn|[from] item: Leftovers
|-damage|p1a: Gothitelle|4/100 psn|[from] psn
|upkeep
|turn|8
|
|t:|1756607024
|switch|p1b: Kommo-o|Kommo-o, L50, F|82/100
|move|p1a: Gothitelle|Psychic|p2b: Incineroar
|-immune|p2b: Incineroar
|move|p2b: Incineroar|Knock Off|p1a: Gothitelle
|-supereffective|p1a: Gothitelle
|-damage|p1a: Gothitelle|0 fnt
|-enditem|p1a: Gothitelle|Leftovers|[from] move: Knock Off|[of] p2b: Incineroar
|faint|p1a: Gothitelle
|
|-weather|RainDance|[upkeep]
|upkeep
|
|t:|1756607029
|switch|p1a: Ninetales|Ninetales-Alola, L50, M, tera:Ghost|65/100
|-weather|Snowscape|[from] ability: Snow Warning|[of] p1a: Ninetales
|turn|9
|
|t:|1756607038
|move|p1a: Ninetales|Protect|p1a: Ninetales
|-singleturn|p1a: Ninetales|Protect
|move|p2b: Incineroar|Protect|p2b: Incineroar
|-singleturn|p2b: Incineroar|Protect
|move|p1b: Kommo-o|Clangorous Soul|p1b: Kommo-o
|-boost|p1b: Kommo-o|atk|1
|-boost|p1b: Kommo-o|def|1
|-boost|p1b: Kommo-o|spa|1
|-boost|p1b: Kommo-o|spd|1
|-boost|p1b: Kommo-o|spe|1
|-damage|p1b: Kommo-o|49/100
|
|-weather|Snowscape|[upkeep]
|upkeep
|turn|10
|
|t:|1756607050
|move|p1b: Kommo-o|Clanging Scales|p2b: Incineroar
|-damage|p2b: Incineroar|49/100
|-unboost|p1b: Kommo-o|def|1
|move|p1a: Ninetales|Encore|p2b: Incineroar
|-start|p2b: Incineroar|Encore
|move|p2b: Incineroar|Protect||[still]
|-fail|p2b: Incineroar
|
|-weather|Snowscape|[upkeep]
|upkeep
|turn|11
|-message|Nawra??STREAMER forfeited.
|
|win|3rdPlaceTennis
|raw|3rdPlaceTennis's rating: 1066 → 1090(+24 for winning)
|raw|Nawra??STREAMER's rating: 1000 → 1000(+0 for losing)
