|j|☆sandy ghost 5
|j|☆hungry hillo
|html|sandy ghost 5hungry hillo    
|uhtml|bestof|Game 2 of a best-of-3
|t:|1756917857
|gametype|doubles
|player|p1|sandy ghost 5|baker|1235
|player|p2|hungry hillo|n|1134
|gen|9
|tier|[Gen 9] VGC 2025 Reg H (Bo3)
|rated|
|rule|Species Clause: Limit one of each Pokémon
|rule|Item Clause: Limit 1 of each item
|clearpoke
|poke|p1|Tyranitar, L50, F|
|poke|p1|Excadrill, L50, M|
|poke|p1|Sinistcha-Masterpiece, L50|
|poke|p1|Salamence, L50, F|
|poke|p1|Blaziken, L50, M|
|poke|p1|Bruxish, L50, M|
|poke|p2|Incineroar, L50, M|
|poke|p2|Kingambit, L50, F|
|poke|p2|Annihilape, L50, M|
|poke|p2|Electabuzz, L50, M|
|poke|p2|Ursaluna-Bloodmoon, L50, M|
|poke|p2|Rillaboom, L50, F|
|teampreview|4
|showteam|p1|Tyranitar||ClearAmulet|SandStream|RockSlide,KnockOff,DragonDance,Protect|||F|||50|,,,,,Grass]Excadrill||AssaultVest|SandRush|Earthquake,IronHead,HighHorsepower,RockSlide|||M|||50|,,,,,Ghost]Sinistcha-Masterpiece||SitrusBerry|Hospitality|ShadowBall,MatchaGotcha,RagePowder,Protect||||||50|,,,,,Dark]Salamence||LifeOrb|Intimidate|DracoMeteor,AirSlash,Protect,Tailwind|||F|||50|,,,,,Ghost]Blaziken||CovertCloak|SpeedBoost|AuraSphere,HeatWave,Coaching,WillOWisp|||M|||50|,,,,,Dragon]Bruxish||ChoiceScarf|Dazzling|PsychicFangs,FlipTurn,WaveCrash,SuperFang|||M|||50|,,,,,Water
|showteam|p2|Incineroar||MirrorHerb|Intimidate|FakeOut,KnockOff,PartingShot,FlareBlitz|||M|||50|,,,,,Bug]Kingambit||BlackGlasses|Defiant|SuckerPunch,KowtowCleave,SwordsDance,Protect|||F|||50|,,,,,Dark]Annihilape||SafetyGoggles|Defiant|BulkUp,DrainPunch,RageFist,Protect|||M|||50|,,,,,Fire]Electabuzz||Eviolite|VitalSpirit|Electroweb,FollowMe,Taunt,Protect|||M|||50|,,,,,Ghost]Ursaluna-Bloodmoon||LifeOrb|MindsEye|EarthPower,BloodMoon,HyperVoice,Protect|||M|||50|,,,,,Normal]Rillaboom||AssaultVest|GrassySurge|FakeOut,GrassyGlide,WoodHammer,Uturn|||F|||50|,,,,,Water
|
|t:|1756917870
|teamsize|p1|4
|teamsize|p2|4
|start
|switch|p1a: Blaziken|Blaziken, L50, M|100/100
|switch|p1b: Excadrill|Excadrill, L50, M|100/100
|switch|p2a: Bumble bee|Electabuzz, L50, M|100/100
|switch|p2b: Shang chi|Kingambit, L50, F, shiny|100/100
|turn|1
|
|t:|1756917879
|move|p2b: Shang chi|Protect|p2b: Shang chi
|-singleturn|p2b: Shang chi|Protect
|move|p2a: Bumble bee|Taunt|p1a: Blaziken
|-start|p1a: Blaziken|move: Taunt
|cant|p1a: Blaziken|move: Taunt|Coaching
|move|p1b: Excadrill|High Horsepower|p2a: Bumble bee
|-supereffective|p2a: Bumble bee
|-damage|p2a: Bumble bee|0 fnt
|faint|p2a: Bumble bee
|
|-ability|p1a: Blaziken|Speed Boost|boost
|-boost|p1a: Blaziken|spe|1
|upkeep
|
|t:|1756917888
|switch|p2a: Garfield|Incineroar, L50, M|100/100
|-ability|p2a: Garfield|Intimidate|boost
|-unboost|p1a: Blaziken|atk|1
|-unboost|p1b: Excadrill|atk|1
|turn|2
|
|t:|1756917901
|switch|p1b: Bruxish|Bruxish, L50, M|100/100
|-terastallize|p2b: Shang chi|Dark
|move|p2a: Garfield|Fake Out||[still]
|cant|p1b: Bruxish|ability: Dazzling|Fake Out|[of] p2a: Garfield
|move|p1a: Blaziken|Aura Sphere|p2b: Shang chi
|-supereffective|p2b: Shang chi
|-damage|p2b: Shang chi|31/100
|move|p2b: Shang chi|Swords Dance|p2b: Shang chi
|-boost|p2b: Shang chi|atk|2
|
|-ability|p1a: Blaziken|Speed Boost|boost
|-boost|p1a: Blaziken|spe|1
|-enditem|p2a: Garfield|Mirror Herb
|-boost|p2a: Garfield|spe|1|[from] item: Mirror Herb
|upkeep
|turn|3
|
|t:|1756917916
|move|p2b: Shang chi|Protect|p2b: Shang chi
|-singleturn|p2b: Shang chi|Protect
|move|p1a: Blaziken|Aura Sphere|p2a: Garfield
|-supereffective|p2a: Garfield
|-damage|p2a: Garfield|37/100
|move|p1b: Bruxish|Wave Crash|p2a: Garfield
|-supereffective|p2a: Garfield
|-damage|p2a: Garfield|0 fnt
|faint|p2a: Garfield
|-damage|p1b: Bruxish|84/100|[from] Recoil
|
|-end|p1a: Blaziken|move: Taunt
|-ability|p1a: Blaziken|Speed Boost|boost
|-boost|p1a: Blaziken|spe|1
|upkeep
|
|t:|1756917924
|switch|p2a: Dk|Rillaboom, L50, F|100/100
|-fieldstart|move: Grassy Terrain|[from] ability: Grassy Surge|[of] p2a: Dk
|turn|4
|
|t:|1756917939
|move|p2b: Shang chi|Protect|p2b: Shang chi
|-singleturn|p2b: Shang chi|Protect
|move|p1a: Blaziken|Will-O-Wisp|p2a: Dk
|-status|p2a: Dk|brn
|move|p1b: Bruxish|Wave Crash|p2b: Shang chi
|-activate|p2b: Shang chi|move: Protect
|move|p2a: Dk|Wood Hammer|p1b: Bruxish
|-supereffective|p1b: Bruxish
|-damage|p1b: Bruxish|0 fnt
|faint|p1b: Bruxish
|-damage|p2a: Dk|81/100 brn|[from] Recoil
|
|-heal|p2a: Dk|87/100 brn|[from] Grassy Terrain
|-heal|p2b: Shang chi|37/100|[from] Grassy Terrain
|-damage|p2a: Dk|81/100 brn|[from] brn
|-ability|p1a: Blaziken|Speed Boost|boost
|-boost|p1a: Blaziken|spe|1
|upkeep
|
|t:|1756917947
|switch|p1b: Excadrill|Excadrill, L50, M|100/100
|turn|5
|
|t:|1756917955
|move|p2b: Shang chi|Sucker Punch|p1b: Excadrill
|-damage|p1b: Excadrill|0 fnt
|faint|p1b: Excadrill
|move|p1a: Blaziken|Aura Sphere|p2b: Shang chi
|-supereffective|p2b: Shang chi
|-crit|p2b: Shang chi
|-damage|p2b: Shang chi|0 fnt
|faint|p2b: Shang chi
|move|p2a: Dk|Wood Hammer|p1a: Blaziken
|-resisted|p1a: Blaziken
|-damage|p1a: Blaziken|78/100
|-damage|p2a: Dk|75/100 brn|[from] Recoil
|
|-heal|p1a: Blaziken|83/100|[from] Grassy Terrain
|-heal|p2a: Dk|81/100 brn|[from] Grassy Terrain
|-damage|p2a: Dk|75/100 brn|[from] brn
|-ability|p1a: Blaziken|Speed Boost|boost
|-boost|p1a: Blaziken|spe|1
|upkeep
|
|t:|1756917960
|switch|p1b: Salamence|Salamence, L50, F|100/100
|-ability|p1b: Salamence|Intimidate|boost
|-unboost|p2a: Dk|atk|1
|turn|6
|
|t:|1756917966
|move|p1a: Blaziken|Heat Wave|p2a: Dk
|-supereffective|p2a: Dk
|-damage|p2a: Dk|16/100 brn
|move|p1b: Salamence|Air Slash|p2a: Dk
|-supereffective|p2a: Dk
|-damage|p2a: Dk|0 fnt
|faint|p2a: Dk
|-damage|p1b: Salamence|91/100|[from] item: Life Orb
|
|win|sandy ghost 5
|raw|sandy ghost 5's rating: 1235 → 1253(+18 for winning)
|raw|hungry hillo's rating: 1134 → 1116(-18 for losing)
|c|☆hungry hillo|Gg
|c|☆sandy ghost 5|gg
