|j|☆BackpackerRaden
|j|☆catsharknado
|html|BackpackerRadencatsharknado    
|uhtml|bestof|Game 1 of a best-of-3
|t:|1757907139
|gametype|doubles
|player|p1|BackpackerRaden|backpacker|1257
|player|p2|catsharknado|265|1295
|gen|9
|tier|[Gen 9] VGC 2025 Reg H (Bo3)
|rated|
|rule|Species Clause: Limit one of each Pokémon
|rule|Item Clause: Limit 1 of each item
|clearpoke
|poke|p1|Typhlosion-Hisui, L50, F|
|poke|p1|Toedscruel, L50, F|
|poke|p1|Weezing-Galar, L50, F|
|poke|p1|Pawmot, L50, F|
|poke|p1|Corviknight, L50, F|
|poke|p1|Garchomp, L50, F|
|poke|p2|Annihilape, L50, F|
|poke|p2|Sinistcha, L50|
|poke|p2|Maushold-Four, L50|
|poke|p2|Klefki, L50, M|
|poke|p2|Ursaluna-Bloodmoon, L50, M|
|poke|p2|Ninetales-Alola, L50, F|
|teampreview|4
|showteam|p1|Typhlosion-Hisui||ChoiceScarf|Blaze|Eruption,HeatWave,ShadowBall,SleepTalk|||F|||50|,,,,,Fire]Toedscruel||CovertCloak|MyceliumMight|EarthPower,AcidSpray,Spore,RagePowder|||F|||50|,,,,,Water]Weezing-Galar||ChoiceSpecs|NeutralizingGas|DazzlingGleam,SludgeBomb,StrangeSteam,Flamethrower|||F|||50|,,,,,Fire]Pawmot||FocusSash|NaturalCure|FakeOut,DoubleShock,CloseCombat,Protect|||F|||50|,,,,,Electric]Corviknight||SitrusBerry|MirrorArmor|BraveBird,Roost,Tailwind,Protect|||F|||50|,,,,,Dragon]Garchomp||LifeOrb|RoughSkin|Earthquake,StompingTantrum,DragonClaw,Protect|||F|||50|,,,,,Ground
|showteam|p2|Annihilape||Leftovers|Defiant|Protect,BulkUp,DrainPunch,RageFist|||F|||50|,,,,,Fire]Sinistcha||SitrusBerry|Hospitality|MatchaGotcha,TrickRoom,LifeDew,RagePowder||||||50|,,,,,Water]Maushold-Four||SafetyGoggles|FriendGuard|FollowMe,Taunt,BeatUp,Protect||||||50|,,,,,Ghost]Klefki||LightClay|Prankster|Reflect,LightScreen,MistyTerrain,DazzlingGleam|||M|||50|,,,,,Ghost]Ursaluna-Bloodmoon||AssaultVest|MindsEye|BloodMoon,HyperVoice,EarthPower,VacuumWave|||M|||50|,,,,,Water]Ninetales-Alola||FocusSash|SnowWarning|Protect,Encore,FreezeDry,Blizzard|||F|||50|,,,,,Ghost
|inactive|Battle timer is ON: inactive players will automatically lose when time's up. (requested by catsharknado)
|inactive|BackpackerRaden has 60 seconds left.
|
|t:|1757907188
|teamsize|p1|4
|teamsize|p2|4
|start
|switch|p1a: Typhlosion|Typhlosion-Hisui, L50, F, shiny|100/100
|switch|p1b: Weezing|Weezing-Galar, L50, F|100/100
|switch|p2a: Maushold|Maushold-Four, L50|100/100
|switch|p2b: Ursaluna|Ursaluna-Bloodmoon, L50, M|100/100
|-ability|p1b: Weezing|Neutralizing Gas
|turn|1
|
|t:|1757907210
|-terastallize|p1a: Typhlosion|Fire
|-terastallize|p2b: Ursaluna|Water
|move|p2a: Maushold|Protect|p2a: Maushold
|-singleturn|p2a: Maushold|Protect
|move|p1a: Typhlosion|Eruption|p2b: Ursaluna|[spread] p2b
|-activate|p2a: Maushold|move: Protect
|-resisted|p2b: Ursaluna
|-damage|p2b: Ursaluna|76/100
|move|p1b: Weezing|Dazzling Gleam|p2a: Maushold|[spread] p2b
|-activate|p2a: Maushold|move: Protect
|-damage|p2b: Ursaluna|53/100
|move|p2b: Ursaluna|Hyper Voice|p1b: Weezing|[spread] p1a,p1b
|-damage|p1a: Typhlosion|50/100
|-damage|p1b: Weezing|52/100
|
|upkeep
|turn|2
|inactive|catsharknado has 30 seconds left.
|
|t:|1757907237
|move|p2a: Maushold|Protect||[still]
|-fail|p2a: Maushold
|move|p1a: Typhlosion|Eruption|p2a: Maushold|[spread] p2a,p2b
|-resisted|p2b: Ursaluna
|-damage|p2a: Maushold|51/100
|-damage|p2b: Ursaluna|40/100
|move|p1b: Weezing|Dazzling Gleam|p2b: Ursaluna|[spread] p2a,p2b
|-damage|p2a: Maushold|3/100
|-damage|p2b: Ursaluna|18/100
|move|p2b: Ursaluna|Hyper Voice|p1b: Weezing|[spread] p1a,p1b
|-damage|p1a: Typhlosion|0 fnt
|-damage|p1b: Weezing|0 fnt
|faint|p1a: Typhlosion
|faint|p1b: Weezing
|-end|p1b: Weezing|ability: Neutralizing Gas
|
|upkeep
|
|t:|1757907248
|switch|p1a: Corviknight|Corviknight, L50, F|100/100
|switch|p1b: Toedscruel|Toedscruel, L50, F, shiny|100/100
|turn|3
|inactive|catsharknado has 30 seconds left.
|
|t:|1757907276
|move|p2b: Ursaluna|Vacuum Wave|p1a: Corviknight
|-damage|p1a: Corviknight|88/100
|move|p2a: Maushold|Taunt|p1b: Toedscruel
|-start|p1b: Toedscruel|move: Taunt
|move|p1b: Toedscruel|Earth Power|p2b: Ursaluna
|-damage|p2b: Ursaluna|5/100
|move|p1a: Corviknight|Tailwind|p1a: Corviknight
|-sidestart|p1: BackpackerRaden|move: Tailwind
|
|upkeep
|turn|4
|
|t:|1757907297
|move|p2a: Maushold|Follow Me|p2a: Maushold
|-singleturn|p2a: Maushold|move: Follow Me
|move|p2b: Ursaluna|Vacuum Wave|p1a: Corviknight
|-damage|p1a: Corviknight|76/100
|move|p1b: Toedscruel|Earth Power|p2a: Maushold
|-damage|p2a: Maushold|0 fnt
|faint|p2a: Maushold
|move|p1a: Corviknight|Brave Bird|p2b: Ursaluna
|-damage|p2b: Ursaluna|0 fnt
|faint|p2b: Ursaluna
|-damage|p1a: Corviknight|75/100|[from] Recoil
|
|upkeep
|
|t:|1757907303
|switch|p2a: Klefki|Klefki, L50, M|100/100
|switch|p2b: Ninetales|Ninetales-Alola, L50, F, shiny|100/100
|-weather|Snowscape|[from] ability: Snow Warning|[of] p2b: Ninetales
|turn|5
|
|t:|1757907311
|move|p2a: Klefki|Reflect|p2a: Klefki
|-sidestart|p2: catsharknado|Reflect
|move|p1b: Toedscruel|Acid Spray|p2b: Ninetales
|-supereffective|p2b: Ninetales
|-damage|p2b: Ninetales|82/100
|-unboost|p2b: Ninetales|spd|2
|move|p2b: Ninetales|Blizzard|p1a: Corviknight|[spread] p1a,p1b
|-crit|p1a: Corviknight
|-supereffective|p1b: Toedscruel
|-damage|p1a: Corviknight|36/100
|-damage|p1b: Toedscruel|4/100
|-enditem|p1a: Corviknight|Sitrus Berry|[eat]
|-heal|p1a: Corviknight|61/100|[from] item: Sitrus Berry
|move|p1a: Corviknight|Brave Bird|p2b: Ninetales
|-damage|p2b: Ninetales|58/100
|-damage|p1a: Corviknight|55/100|[from] Recoil
|
|-weather|Snowscape|[upkeep]
|-end|p1b: Toedscruel|move: Taunt
|upkeep
|turn|6
|
|t:|1757907326
|move|p2b: Ninetales|Protect|p2b: Ninetales
|-singleturn|p2b: Ninetales|Protect
|move|p1b: Toedscruel|Earth Power|p2a: Klefki
|-supereffective|p2a: Klefki
|-damage|p2a: Klefki|57/100
|move|p1a: Corviknight|Brave Bird|p2b: Ninetales
|-activate|p2b: Ninetales|move: Protect
|move|p2a: Klefki|Dazzling Gleam|p1b: Toedscruel|[spread] p1a,p1b
|-resisted|p1a: Corviknight
|-damage|p1a: Corviknight|49/100
|-damage|p1b: Toedscruel|0 fnt
|faint|p1b: Toedscruel
|
|-weather|Snowscape|[upkeep]
|-sideend|p1: BackpackerRaden|move: Tailwind
|upkeep
|turn|7
|
|t:|1757907337
|move|p2b: Ninetales|Blizzard|p1a: Corviknight
|-damage|p1a: Corviknight|13/100
|-status|p1a: Corviknight|frz
|move|p2a: Klefki|Dazzling Gleam|p1a: Corviknight
|-resisted|p1a: Corviknight
|-damage|p1a: Corviknight|3/100 frz
|cant|p1a: Corviknight|frz
|
|-weather|Snowscape|[upkeep]
|upkeep
|turn|8
|
|t:|1757907350
|move|p2b: Ninetales|Blizzard|p1a: Corviknight
|-damage|p1a: Corviknight|0 fnt
|faint|p1a: Corviknight
|
|win|catsharknado
||BackpackerRaden is ready for game 2.
||catsharknado is ready for game 2.
|uhtml|next|Next: Game 2 of 3
