|j|☆Mongoos19
|j|☆reggiehedge
|html|Mongoos19reggiehedge    
|uhtml|bestof|Game 1 of a best-of-3
|t:|1783128696
|gametype|doubles
|player|p1|Mongoos19|1|
|player|p2|reggiehedge|medium|
|gen|9
|tier|[Gen 9 Champions] VGC 2026 Reg M-B (Bo3)
|rule|Species Clause: Limit one of each Pokémon
|rule|Item Clause: Limit 1 of each item
|clearpoke
|poke|p1|Meowstic, L50, M|
|poke|p1|Slowbro, L50, F, shiny|
|poke|p1|Arcanine-Hisui, L50, M, shiny|
|poke|p1|Gyarados, L50, M, shiny|
|poke|p1|Sinistcha, L50|
|poke|p1|Tyranitar, L50, M|
|poke|p2|Basculegion, L50, M|
|poke|p2|Heracross, L50, M|
|poke|p2|Gliscor, L50, F|
|poke|p2|Garchomp, L50, F|
|poke|p2|Rotom-Wash, L50|
|poke|p2|Slowking-Galar, L50, F|
|teampreview|4
|showteam|p1|Meowstic||SitrusBerry|Prankster|FakeOut,RainDance,SkillSwap,PsychicTerrain|Careful||M|||50|]Slowbro||Slowbronite|Oblivious|ExpandingForce,CalmMind,SlackOff,IronDefense|Quiet||F|||50|]Arcanine-Hisui||ChoiceScarf|Intimidate|RockSlide,FlareBlitz,WildCharge,HeadSmash|Adamant||M|||50|]Gyarados||ChestoBerry|Intimidate|Waterfall,Crunch,DragonDance,Protect|Adamant||M|||50|]Sinistcha||KasibBerry|Hospitality|MatchaGotcha,LeafStorm,RagePowder,Protect|Modest|||||50|]Tyranitar||ShucaBerry|SandStream|RockSlide,KnockOff,IcePunch,Substitute|Brave||M|||50|
|showteam|p2|Basculegion||LumBerry|Adaptability|LastRespects,WaveCrash,AquaJet,Protect|Adamant||M|||50|]Heracross||Heracronite|Swarm|BulletSeed,PinMissile,CloseCombat,Detect|Adamant||M|||50|]Gliscor||Leftovers|HyperCutter|KnockOff,Substitute,Toxic,Protect|Impish||F|||50|]Garchomp||WhiteHerb|SandVeil|RockSlide,DragonClaw,StompingTantrum,Protect|Jolly||F|||50|]Rotom-Wash||Magnet|Levitate|Discharge,Electroweb,HydroPump,Protect|Timid|||||50|]Slowking-Galar||SitrusBerry|Regenerator|ChillingWater,Toxic,SlackOff,Protect|Calm||F|||50|
|inactive|Battle timer is ON: inactive players will automatically lose when time's up. (requested by Mongoos19)
|inactiveoff|Battle timer is now OFF.
|
|t:|1783128753
|teamsize|p1|4
|teamsize|p2|4
|start
|switch|p1a: Meowstic|Meowstic, L50, M|100/100
|switch|p1b: Gyarados|Gyarados, L50, M, shiny|100/100
|switch|p2a: Gliscor|Gliscor, L50, F|100/100
|switch|p2b: Rotom|Rotom-Wash, L50|100/100
|-ability|p1b: Gyarados|Intimidate|boost
|-fail|p2a: Gliscor|unboost|Attack|[from] ability: Hyper Cutter|[of] p2a: Gliscor
|-unboost|p2b: Rotom|atk|1
|turn|1
|
|t:|1783128768
|move|p1a: Meowstic|Fake Out|p2b: Rotom
|-damage|p2b: Rotom|92/100
|cant|p2b: Rotom|flinch
|move|p1b: Gyarados|Dragon Dance|p1b: Gyarados
|-boost|p1b: Gyarados|atk|1
|-boost|p1b: Gyarados|spe|1
|move|p2a: Gliscor|Knock Off|p1a: Meowstic
|-supereffective|p1a: Meowstic|1
|-damage|p1a: Meowstic|52/100
|-enditem|p1a: Meowstic|Sitrus Berry|[from] move: Knock Off|[of] p2a: Gliscor
|
|upkeep
|turn|2
|
|t:|1783128785
|switch|p1a: Sinistcha|Sinistcha, L50|100/100
|move|p1b: Gyarados|Protect|p1b: Gyarados
|-singleturn|p1b: Gyarados|Protect
|move|p2b: Rotom|Electroweb|p1a: Sinistcha|[spread] p1a
|-activate|p1b: Gyarados|move: Protect
|-resisted|p1a: Sinistcha|1
|-crit|p1a: Sinistcha
|-damage|p1a: Sinistcha|78/100
|-unboost|p1a: Sinistcha|spe|1
|move|p2a: Gliscor|Substitute|p2a: Gliscor
|-start|p2a: Gliscor|Substitute
|-damage|p2a: Gliscor|75/100
|
|-heal|p2a: Gliscor|81/100|[from] item: Leftovers
|upkeep
|turn|3
|c|☆Mongoos19|Just occured I can see your sets if I hover over, so I won't
|
|t:|1783128814
|move|p1b: Gyarados|Waterfall|p2a: Gliscor
|-supereffective|p2a: Gliscor|1
|-end|p2a: Gliscor|Substitute
|move|p2b: Rotom|Electroweb|p1b: Gyarados|[spread] p1a,p1b
|-resisted|p1a: Sinistcha|1
|-supereffective|p1b: Gyarados|2
|-damage|p1a: Sinistcha|65/100
|-damage|p1b: Gyarados|6/100
|-unboost|p1a: Sinistcha|spe|1
|-unboost|p1b: Gyarados|spe|1
|move|p2a: Gliscor|Knock Off|p1b: Gyarados
|-damage|p1b: Gyarados|0 fnt
|-enditem|p1b: Gyarados|Chesto Berry|[from] move: Knock Off|[of] p2a: Gliscor
|faint|p1b: Gyarados
|move|p1a: Sinistcha|Matcha Gotcha|p2a: Gliscor|[spread] p2a
|-miss|p1a: Sinistcha|p2b: Rotom
|-damage|p2a: Gliscor|46/100
|-heal|p1a: Sinistcha|83/100|[from] drain|[of] p2a: Gliscor
|
|-heal|p2a: Gliscor|52/100|[from] item: Leftovers
|upkeep
|
|t:|1783128834
|switch|p1b: Arcanine|Arcanine-Hisui, L50, M, shiny|100/100
|-ability|p1b: Arcanine|Intimidate|boost
|-fail|p2a: Gliscor|unboost|Attack|[from] ability: Hyper Cutter|[of] p2a: Gliscor
|-unboost|p2b: Rotom|atk|1
|turn|4
|
|t:|1783128850
|move|p1b: Arcanine|Rock Slide|p2b: Rotom|[spread] p2a,p2b
|-damage|p2a: Gliscor|32/100
|-damage|p2b: Rotom|54/100
|move|p2b: Rotom|Electroweb|p1a: Sinistcha|[spread] p1a,p1b
|-resisted|p1a: Sinistcha|1
|-damage|p1a: Sinistcha|69/100
|-damage|p1b: Arcanine|71/100
|-unboost|p1a: Sinistcha|spe|1
|-unboost|p1b: Arcanine|spe|1
|move|p2a: Gliscor|Toxic|p1a: Sinistcha
|-status|p1a: Sinistcha|tox
|move|p1a: Sinistcha|Matcha Gotcha|p2a: Gliscor|[spread] p2a,p2b
|-supereffective|p2b: Rotom|1
|-damage|p2a: Gliscor|0 fnt
|-heal|p1a: Sinistcha|85/100 tox|[from] drain|[of] p2a: Gliscor
|-damage|p2b: Rotom|0 fnt
|-heal|p1a: Sinistcha|100/100 tox|[from] drain|[of] p2b: Rotom
|faint|p2a: Gliscor
|faint|p2b: Rotom
|
|-damage|p1a: Sinistcha|93/100 tox|[from] psn
|upkeep
|
|t:|1783128863
|switch|p2b: Basculegion|Basculegion, L50, M|100/100
|switch|p2a: Heracross|Heracross, L50, M|100/100
|turn|5
|
|t:|1783128893
|switch|p1b: Meowstic|Meowstic, L50, M|52/100
|detailschange|p2a: Heracross|Heracross-Mega, L50, M
|-mega|p2a: Heracross|Heracross|Heracronite
|move|p2a: Heracross|Bullet Seed|p1b: Meowstic
|-damage|p1b: Meowstic|39/100
|-damage|p1b: Meowstic|25/100
|-damage|p1b: Meowstic|13/100
|-damage|p1b: Meowstic|1/100
|-damage|p1b: Meowstic|0 fnt
|faint|p1b: Meowstic
|-hitcount|p1: Meowstic|5
|move|p2b: Basculegion|Last Respects|p1a: Sinistcha
|-supereffective|p1a: Sinistcha|1
|-enditem|p1a: Sinistcha|Kasib Berry|[eat]
|-enditem|p1a: Sinistcha|Kasib Berry|[weaken]
|-damage|p1a: Sinistcha|7/100 tox
|move|p1a: Sinistcha|Leaf Storm|p2b: Basculegion
|-supereffective|p2b: Basculegion|1
|-damage|p2b: Basculegion|0 fnt
|-unboost|p1a: Sinistcha|spa|2
|faint|p2b: Basculegion
|
|-damage|p1a: Sinistcha|0 fnt|[from] psn
|faint|p1a: Sinistcha
|upkeep
|
|t:|1783128910
|switch|p1a: Arcanine|Arcanine-Hisui, L50, M, shiny|71/100
|-ability|p1a: Arcanine|Intimidate|boost
|-unboost|p2a: Heracross|atk|1
|turn|6
|
|t:|1783128920
|move|p1a: Arcanine|Flare Blitz|p2a: Heracross
|-supereffective|p2a: Heracross|1
|-damage|p2a: Heracross|0 fnt
|faint|p2a: Heracross
|-damage|p1a: Arcanine|37/100|[from] Recoil
|
|win|Mongoos19
