|j|☆TheLeoj
|j|☆ineverfinishedOR
|html|TheLeojineverfinishedOR    
|uhtml|bestof|Game 1 of a best-of-3
|t:|1785074538
|gametype|doubles
|player|p1|TheLeoj|101|1056
|player|p2|ineverfinishedOR|266|1178
|gen|9
|tier|[Gen 9 Champions] VGC 2026 Reg M-B (Bo3)
|rated|
|rule|Species Clause: Limit one of each Pokémon
|rule|Item Clause: Limit 1 of each item
|clearpoke
|poke|p1|Maushold-Four, L50, shiny|
|poke|p1|Malamar, L50, M, shiny|
|poke|p1|Mawile, L50, F, shiny|
|poke|p1|Kommo-o, L50, M, shiny|
|poke|p1|Mr. Rime, L50, M, shiny|
|poke|p1|Basculegion, L50, M, shiny|
|poke|p2|Camerupt, L50, F|
|poke|p2|Farigiraf, L50, F|
|poke|p2|Sinistcha, L50|
|poke|p2|Incineroar, L50, M|
|poke|p2|Maushold-Four, L50|
|poke|p2|Altaria, L50, F|
|teampreview|4
|showteam|p1|Maushold-Four||WideLens|Technician|FollowMe,PopulationBomb,Feint,Protect|Jolly|||||50|]Malamar||RoseliBerry|Contrary|Superpower,KnockOff,Protect,TrickRoom|Brave||M|||50|]Mawile||Mawilite|HyperCutter|IronHead,PlayRough,RockSlide,SuckerPunch|Brave||F|||50|]Kommo-o||LifeOrb|Soundproof|ClangingScales,AuraSphere,VacuumWave,Protect|Quiet||M|||50|]Mr. Rime||NeverMeltIce|ScreenCleaner|FreezeDry,FrostBreath,Charm,FakeOut|Quiet||M|||50|]Basculegion||FocusSash|Adaptability|Liquidation,LastRespects,AquaJet,Protect|Adamant||M|||50|
|showteam|p2|Camerupt||Cameruptite|SolidRock|Protect,HeatWave,EarthPower,AncientPower|Quiet||F|||50|]Farigiraf||SitrusBerry|ArmorTail|NastyPlot,HyperVoice,Psychic,TrickRoom|Quiet||F|||50|]Sinistcha||CobaBerry|Heatproof|RagePowder,MatchaGotcha,ShadowBall,TrickRoom|Quiet|||||50|]Incineroar||Charcoal|Intimidate|FakeOut,FlareBlitz,ThroatChop,PartingShot|Brave||M|||50|]Maushold-Four||WideLens|Technician|Protect,FollowMe,PopulationBomb,Taunt|Jolly|||||50|]Altaria||FocusSash|CloudNine|Protect,FireSpin,PerishSong,Tailwind|Timid||F|||50|
|inactive|Battle timer is ON: inactive players will automatically lose when time's up. (requested by TheLeoj)
|inactive|TheLeoj has 60 seconds left.
|inactive|ineverfinishedOR has 60 seconds left.
|inactive|TheLeoj has 30 seconds left.
|inactive|ineverfinishedOR has 30 seconds left.
|inactive|TheLeoj has 20 seconds left.
|inactive|ineverfinishedOR has 20 seconds left.
|inactive|ineverfinishedOR has 15 seconds left.
|
|t:|1785074616
|teamsize|p1|4
|teamsize|p2|4
|start
|switch|p1a: Mr. Rime|Mr. Rime, L50, M, shiny|100/100
|switch|p1b: Malamar|Malamar, L50, M, shiny|100/100
|switch|p2a: Farigiraf|Farigiraf, L50, F|100/100
|switch|p2b: Maushold|Maushold-Four, L50|100/100
|turn|1
|
|t:|1785074638
|move|p2b: Maushold|Population Bomb|p1b: Malamar
|-damage|p1b: Malamar|88/100
|-damage|p1b: Malamar|77/100
|-damage|p1b: Malamar|64/100
|-damage|p1b: Malamar|51/100
|-damage|p1b: Malamar|39/100
|-damage|p1b: Malamar|26/100
|-damage|p1b: Malamar|15/100
|-damage|p1b: Malamar|3/100
|-damage|p1b: Malamar|0 fnt
|faint|p1b: Malamar
|-hitcount|p1: Malamar|9
|move|p1a: Mr. Rime|Charm|p1: Malamar|[notarget]
|-fail|p1a: Mr. Rime
|move|p2a: Farigiraf|Trick Room|p2a: Farigiraf
|-fieldstart|move: Trick Room|[of] p2a: Farigiraf
|
|upkeep
|
|t:|1785074655
|switch|p1b: Mawile|Mawile, L50, F, shiny|100/100
|turn|2
|
|t:|1785074677
|detailschange|p1b: Mawile|Mawile-Mega, L50, F, shiny
|-mega|p1b: Mawile|Mawile|Mawilite
|move|p2b: Maushold|Follow Me|p2b: Maushold
|-singleturn|p2b: Maushold|move: Follow Me
|move|p1b: Mawile|Rock Slide|p2a: Farigiraf|[spread] p2a,p2b
|-damage|p2a: Farigiraf|59/100
|-damage|p2b: Maushold|41/100
|cant|p2a: Farigiraf|flinch
|move|p1a: Mr. Rime|Charm|p2b: Maushold
|-unboost|p2b: Maushold|atk|2
|
|upkeep
|turn|3
|inactive|TheLeoj has 30 seconds left.
|inactive|ineverfinishedOR has 30 seconds left.
|inactive|ineverfinishedOR has 20 seconds left.
|
|t:|1785074713
|move|p2b: Maushold|Follow Me|p2b: Maushold
|-singleturn|p2b: Maushold|move: Follow Me
|move|p1b: Mawile|Sucker Punch||[still]
|cant|p2a: Farigiraf|ability: Armor Tail|Sucker Punch|[of] p1b: Mawile
|move|p2a: Farigiraf|Hyper Voice|p1a: Mr. Rime|[spread] p1a,p1b
|-resisted|p1b: Mawile|1
|-damage|p1a: Mr. Rime|67/100
|-damage|p1b: Mawile|78/100
|move|p1a: Mr. Rime|Frost Breath|p2b: Maushold
|-crit|p2b: Maushold
|-damage|p2b: Maushold|0 fnt
|faint|p2b: Maushold
|
|upkeep
|
|t:|1785074722
|switch|p2b: Camerupt|Camerupt, L50, F|100/100
|turn|4
|
|t:|1785074740
|detailschange|p2b: Camerupt|Camerupt-Mega, L50, F
|-mega|p2b: Camerupt|Camerupt|Cameruptite
|move|p2b: Camerupt|Heat Wave|p1a: Mr. Rime|[spread] p1b
|-miss|p2b: Camerupt|p1a: Mr. Rime
|-supereffective|p1b: Mawile|1
|-damage|p1b: Mawile|0 fnt
|faint|p1b: Mawile
|move|p2a: Farigiraf|Hyper Voice|p1a: Mr. Rime
|-damage|p1a: Mr. Rime|21/100
|move|p1a: Mr. Rime|Frost Breath|p2b: Camerupt
|-crit|p2b: Camerupt
|-damage|p2b: Camerupt|46/100
|
|upkeep
|
|t:|1785074746
|switch|p1b: Basculegion|Basculegion, L50, M, shiny|100/100
|turn|5
|inactive|TheLeoj has 30 seconds left.
|
|t:|1785074772
|move|p1b: Basculegion|Protect|p1b: Basculegion
|-singleturn|p1b: Basculegion|Protect
|move|p2b: Camerupt|Earth Power|p1b: Basculegion
|-activate|p1b: Basculegion|move: Protect
|move|p2a: Farigiraf|Hyper Voice|p1b: Basculegion|[spread] p1a
|-activate|p1b: Basculegion|move: Protect
|-damage|p1a: Mr. Rime|0 fnt
|faint|p1a: Mr. Rime
|
|-fieldend|move: Trick Room
|upkeep
|turn|6
|inactive|ineverfinishedOR has 30 seconds left.
|
|t:|1785074797
|move|p2b: Camerupt|Protect|p2b: Camerupt
|-singleturn|p2b: Camerupt|Protect
|move|p1b: Basculegion|Liquidation|p2b: Camerupt
|-activate|p2b: Camerupt|move: Protect
|move|p2a: Farigiraf|Trick Room|p2a: Farigiraf
|-fieldstart|move: Trick Room|[of] p2a: Farigiraf
|
|upkeep
|turn|7
|-message|TheLeoj forfeited.
|
|win|ineverfinishedOR
