|j|☆Yuste3_
|j|☆endk649
|html|Yuste3_endk649    
|uhtml|bestof|Game 2 of a best-of-3
|t:|1756378336
|gametype|doubles
|player|p1|Yuste3_|lucas|1085
|player|p2|endk649|gambler|1148
|gen|9
|tier|[Gen 9] VGC 2025 Reg H (Bo3)
|rated|
|rule|Species Clause: Limit one of each Pokémon
|rule|Item Clause: Limit 1 of each item
|clearpoke
|poke|p1|Jumpluff, L50, M|
|poke|p1|Torkoal, L50, M|
|poke|p1|Charizard, L50, M|
|poke|p1|Flamigo, L50, F|
|poke|p1|Dragonite, L50, M|
|poke|p1|Torterra, L50, F|
|poke|p2|Feraligatr, L50, F|
|poke|p2|Gholdengo, L50|
|poke|p2|Politoed, L50, M|
|poke|p2|Amoonguss, L50, F|
|poke|p2|Rillaboom, L50, F|
|poke|p2|Incineroar, L50, F|
|teampreview|4
|showteam|p1|Jumpluff||FocusSash|Chlorophyll|PollenPuff,SleepPowder,Tailwind,RagePowder|||M|||50|,,,,,Steel]Torkoal||LifeOrb|Drought|Eruption,WeatherBall,EarthPower,ShellSmash|||M|||50|,,,,,Fire]Charizard||ChoiceSpecs|SolarPower|HeatWave,WeatherBall,Overheat,AirSlash|||M|||50|,,,,,Fire]Flamigo||WhiteHerb|Costar|DualWingbeat,CloseCombat,Acrobatics,UpperHand|||F|||50|,,,,,Flying]Dragonite||LoadedDice|Multiscale|ScaleShot,Earthquake,Haze,DragonTail|||M|||50|,,,,,Ground]Torterra||ClearAmulet|Overgrow|WoodHammer,Earthquake,RockSlide,ShellSmash|||F|||50|,,,,,Rock
|showteam|p2|Feraligatr||LifeOrb|SheerForce|Liquidation,Crunch,DragonDance,Protect|||F|||50|,,,,,Dark]Gholdengo||Leftovers|GoodasGold|MakeItRain,ShadowBall,NastyPlot,Protect||||||50|,,,,,Water]Politoed||SitrusBerry|Drizzle|WeatherBall,IcyWind,Mist,Protect|||M|||50|,,,,,Grass]Amoonguss||CovertCloak|Regenerator|PollenPuff,Spore,RagePowder,Protect|||F|||50|,,,,,Water]Rillaboom||AssaultVest|GrassySurge|WoodHammer,GrassyGlide,FakeOut,Uturn|||F|||50|,,,,,Fire]Incineroar||SafetyGoggles|Intimidate|KnockOff,FakeOut,Taunt,PartingShot|||F|||50|,,,,,Ghost
|inactive|Battle timer is ON: inactive players will automatically lose when time's up. (requested by Yuste3_)
|
|t:|1756378358
|teamsize|p1|4
|teamsize|p2|4
|start
|switch|p1a: Jumpluff|Jumpluff, L50, M|100/100
|switch|p1b: Torkoal|Torkoal, L50, M|100/100
|switch|p2a: Incineroar|Incineroar, L50, F, shiny|100/100
|switch|p2b: Feraligatr|Feraligatr, L50, F, shiny|100/100
|-ability|p2a: Incineroar|Intimidate|boost
|-unboost|p1a: Jumpluff|atk|1
|-unboost|p1b: Torkoal|atk|1
|-weather|SunnyDay|[from] ability: Drought|[of] p1b: Torkoal
|turn|1
|
|t:|1756378381
|switch|p1b: Torterra|Torterra, L50, F|100/100
|move|p2a: Incineroar|Fake Out|p1a: Jumpluff
|-damage|p1a: Jumpluff|86/100
|cant|p1a: Jumpluff|flinch
|move|p2b: Feraligatr|Dragon Dance|p2b: Feraligatr
|-boost|p2b: Feraligatr|atk|1
|-boost|p2b: Feraligatr|spe|1
|
|-weather|SunnyDay|[upkeep]
|upkeep
|turn|2
|inactive|endk649 has 30 seconds left.
|
|t:|1756378406
|switch|p2a: Politoed|Politoed, L50, M|100/100
|-weather|RainDance|[from] ability: Drizzle|[of] p2a: Politoed
|-terastallize|p2b: Feraligatr|Dark
|move|p2b: Feraligatr|Liquidation|p1b: Torterra
|-damage|p1b: Torterra|0 fnt
|faint|p1b: Torterra
|move|p1a: Jumpluff|Sleep Powder|p2b: Feraligatr
|-status|p2b: Feraligatr|slp|[from] move: Sleep Powder
|
|-weather|RainDance|[upkeep]
|upkeep
|
|t:|1756378424
|switch|p1b: Torkoal|Torkoal, L50, M|100/100
|-weather|SunnyDay|[from] ability: Drought|[of] p1b: Torkoal
|turn|3
|
|t:|1756378431
|switch|p2a: Incineroar|Incineroar, L50, F, shiny|100/100
|-ability|p2a: Incineroar|Intimidate|boost
|-unboost|p1a: Jumpluff|atk|1
|-unboost|p1b: Torkoal|atk|1
|cant|p2b: Feraligatr|slp
|move|p1a: Jumpluff|Sleep Powder|p2a: Incineroar
|-activate|p2a: Incineroar|item: Safety Goggles|Sleep Powder
|move|p1b: Torkoal|Shell Smash|p1b: Torkoal
|-unboost|p1b: Torkoal|def|1
|-unboost|p1b: Torkoal|spd|1
|-boost|p1b: Torkoal|atk|2
|-boost|p1b: Torkoal|spa|2
|-boost|p1b: Torkoal|spe|2
|
|-weather|SunnyDay|[upkeep]
|upkeep
|turn|4
|inactive|Yuste3_ has 30 seconds left.
|inactive|Yuste3_ has 20 seconds left.
|
|t:|1756378468
|move|p2a: Incineroar|Fake Out|p1b: Torkoal
|-damage|p1b: Torkoal|86/100
|move|p1a: Jumpluff|Rage Powder|p1a: Jumpluff
|-singleturn|p1a: Jumpluff|move: Rage Powder
|cant|p2b: Feraligatr|slp
|cant|p1b: Torkoal|flinch
|
|-weather|SunnyDay|[upkeep]
|upkeep
|turn|5
|
|t:|1756378478
|move|p1a: Jumpluff|Rage Powder|p1a: Jumpluff
|-singleturn|p1a: Jumpluff|move: Rage Powder
|-curestatus|p2b: Feraligatr|slp|[msg]
|move|p2b: Feraligatr|Liquidation|p1a: Jumpluff
|-resisted|p1a: Jumpluff
|-crit|p1a: Jumpluff
|-damage|p1a: Jumpluff|42/100
|move|p1b: Torkoal|Shell Smash|p1b: Torkoal
|-unboost|p1b: Torkoal|def|1
|-unboost|p1b: Torkoal|spd|1
|-boost|p1b: Torkoal|atk|2
|-boost|p1b: Torkoal|spa|2
|-boost|p1b: Torkoal|spe|2
|move|p2a: Incineroar|Parting Shot|p1b: Torkoal
|-unboost|p1b: Torkoal|atk|1
|-unboost|p1b: Torkoal|spa|1
|
|t:|1756378486
|switch|p2a: Politoed|Politoed, L50, M|100/100|[from] Parting Shot
|-weather|RainDance|[from] ability: Drizzle|[of] p2a: Politoed
|
|-weather|RainDance|[upkeep]
|upkeep
|turn|6
|
|t:|1756378499
|switch|p1a: Flamigo|Flamigo, L50, F|100/100
|-copyboost|p1a: Flamigo|p1b: Torkoal|[from] ability: Costar
|-enditem|p1a: Flamigo|White Herb
|-clearnegativeboost|p1a: Flamigo|[silent]
|move|p1b: Torkoal|Earth Power|p2a: Politoed
|-damage|p2a: Politoed|12/100
|-enditem|p2a: Politoed|Sitrus Berry|[eat]
|-heal|p2a: Politoed|37/100|[from] item: Sitrus Berry
|-damage|p1b: Torkoal|76/100|[from] item: Life Orb
|move|p2b: Feraligatr|Liquidation|p1b: Torkoal
|-supereffective|p1b: Torkoal
|-damage|p1b: Torkoal|0 fnt
|faint|p1b: Torkoal
|move|p2a: Politoed|Weather Ball|p1a: Flamigo
|-damage|p1a: Flamigo|0 fnt
|faint|p1a: Flamigo
|
|-weather|RainDance|[upkeep]
|upkeep
|
|t:|1756378517
|switch|p1b: Jumpluff|Jumpluff, L50, M|42/100
|turn|7
|-message|Yuste3_ forfeited.
|
|win|endk649
|raw|Yuste3_'s rating: 1085 → 1066(-19 for losing)
|raw|endk649's rating: 1148 → 1169(+21 for winning)
|l|☆Yuste3_
|player|p1|
