|j|☆sessoepalle
|j|☆TheHorrorHare
|html|sessoepalleTheHorrorHare    
|uhtml|bestof|Game 3 of a best-of-3
|t:|1785864145
|gametype|doubles
|player|p1|sessoepalle|lance|1322
|player|p2|TheHorrorHare|#wcor2025canada|1465
|gen|9
|tier|[Gen 9 Champions] VGC 2026 Reg M-B (Bo3)
|rated|
|rule|Species Clause: Limit one of each Pokémon
|rule|Item Clause: Limit 1 of each item
|clearpoke
|poke|p1|Staraptor, L50, M|
|poke|p1|Glimmora, L50, M|
|poke|p1|Whimsicott, L50, M|
|poke|p1|Kingambit, L50, F|
|poke|p1|Garchomp, L50, F|
|poke|p1|Delphox, L50, F|
|poke|p2|Raichu, L50, F|
|poke|p2|Arcanine-Hisui, L50, M|
|poke|p2|Staraptor, L50, M|
|poke|p2|Sylveon, L50, F|
|poke|p2|Kingambit, L50, F|
|poke|p2|Farigiraf, L50, M|
|teampreview|4
|showteam|p1|Staraptor||Staraptite|Intimidate|CloseCombat,BraveBird,Roost,Protect|Jolly||M|||50|]Glimmora||FocusSash|ToxicDebris|PowerGem,SludgeBomb,EarthPower,SpikyShield|Modest||M|||50|]Whimsicott||OccaBerry|Prankster|Tailwind,Moonblast,Charm,LightScreen|Timid||M|||50|]Kingambit||ChopleBerry|Defiant|KowtowCleave,IronHead,LowKick,SuckerPunch|Adamant||F|||50|]Garchomp||LifeOrb|RoughSkin|Earthquake,DragonClaw,RockSlide,Protect|Jolly||F|||50|]Delphox||Delphoxite|Blaze|HeatWave,Psychic,Substitute,Protect|Timid||F|||50|
|showteam|p2|Raichu||RaichuniteY|LightningRod|ZapCannon,FocusBlast,FakeOut,Protect|Timid||F|||50|]Arcanine-Hisui||FocusSash|RockHead|HeadSmash,FlareBlitz,ExtremeSpeed,Protect|Jolly||M|||50|]Staraptor||Staraptite|Intimidate|CloseCombat,DualWingbeat,Tailwind,Protect|Jolly||M|||50|]Sylveon||FairyFeather|Pixilate|HyperVoice,HyperBeam,QuickAttack,Detect|Modest||F|||50|]Kingambit||LifeOrb|Defiant|KowtowCleave,SuckerPunch,SwordsDance,Protect|Adamant||F|||50|]Farigiraf||SitrusBerry|ArmorTail|Psychic,TrickRoom,HelpingHand,Protect|Calm||M|||50|
|inactive|Battle timer is ON: inactive players will automatically lose when time's up. (requested by TheHorrorHare)
|inactive|TheHorrorHare has 60 seconds left.
|
|t:|1785864188
|teamsize|p1|4
|teamsize|p2|4
|start
|switch|p1a: Whimsicott|Whimsicott, L50, M|100/100
|switch|p1b: Garchomp|Garchomp, L50, F|100/100
|switch|p2a: Staraptor|Staraptor, L50, M|100/100
|switch|p2b: Sylveon|Sylveon, L50, F|100/100
|-ability|p2a: Staraptor|Intimidate|boost
|-unboost|p1a: Whimsicott|atk|1
|-unboost|p1b: Garchomp|atk|1
|turn|1
|inactive|sessoepalle has 30 seconds left.
|
|t:|1785864214
|switch|p1b: Delphox|Delphox, L50, F|100/100
|detailschange|p2a: Staraptor|Staraptor-Mega, L50, M
|-mega|p2a: Staraptor|Staraptor|Staraptite
|move|p2a: Staraptor|Dual Wingbeat|p1a: Whimsicott
|-supereffective|p1a: Whimsicott|1
|-damage|p1a: Whimsicott|63/100
|-supereffective|p1a: Whimsicott|1
|-damage|p1a: Whimsicott|28/100
|-hitcount|p1a: Whimsicott|2
|move|p1a: Whimsicott|Moonblast|p2a: Staraptor
|-supereffective|p2a: Staraptor|1
|-crit|p2a: Staraptor
|-damage|p2a: Staraptor|18/100
|move|p2b: Sylveon|Hyper Voice|p1a: Whimsicott|[spread] p1a,p1b
|-resisted|p1b: Delphox|1
|-damage|p1a: Whimsicott|0 fnt
|-damage|p1b: Delphox|74/100
|faint|p1a: Whimsicott
|
|upkeep
|
|t:|1785864228
|switch|p1a: Kingambit|Kingambit, L50, F|100/100
|turn|2
|
|t:|1785864245
|switch|p2a: Farigiraf|Farigiraf, L50, M|100/100
|detailschange|p1b: Delphox|Delphox-Mega, L50, F
|-mega|p1b: Delphox|Delphox|Delphoxite
|move|p1b: Delphox|Heat Wave|p2a: Farigiraf|[spread] p2a,p2b
|-damage|p2a: Farigiraf|66/100
|-damage|p2b: Sylveon|64/100
|-status|p2a: Farigiraf|brn
|move|p2b: Sylveon|Hyper Beam|p1a: Kingambit
|-damage|p1a: Kingambit|5/100
|-mustrecharge|p2b: Sylveon
|move|p1a: Kingambit|Iron Head|p2b: Sylveon
|-supereffective|p2b: Sylveon|1
|-damage|p2b: Sylveon|0 fnt
|faint|p2b: Sylveon
|
|-damage|p2a: Farigiraf|60/100 brn|[from] brn
|upkeep
|
|t:|1785864257
|switch|p2b: Kingambit|Kingambit, L50, F|100/100
|turn|3
|
|t:|1785864278
|move|p2b: Kingambit|Sucker Punch|p1a: Kingambit
|-resisted|p1a: Kingambit|1
|-damage|p1a: Kingambit|0 fnt
|faint|p1a: Kingambit
|-damage|p2b: Kingambit|90/100|[from] item: Life Orb
|move|p1b: Delphox|Substitute|p1b: Delphox
|-start|p1b: Delphox|Substitute
|-damage|p1b: Delphox|50/100g
|move|p2a: Farigiraf|Trick Room|p2a: Farigiraf
|-fieldstart|move: Trick Room|[of] p2a: Farigiraf
|
|-damage|p2a: Farigiraf|54/100 brn|[from] brn
|upkeep
|
|t:|1785864288
|switch|p1a: Garchomp|Garchomp, L50, F|100/100
|turn|4
|
|t:|1785864299
|move|p2b: Kingambit|Protect|p2b: Kingambit
|-singleturn|p2b: Kingambit|Protect
|move|p1b: Delphox|Protect|p1b: Delphox
|-singleturn|p1b: Delphox|Protect
|move|p2a: Farigiraf|Psychic|p1a: Garchomp
|-damage|p1a: Garchomp|60/100
|move|p1a: Garchomp|Earthquake|p2b: Kingambit|[spread] p2a
|-activate|p1b: Delphox|move: Protect
|-activate|p2b: Kingambit|move: Protect
|-damage|p2a: Farigiraf|8/100 brn
|-enditem|p2a: Farigiraf|Sitrus Berry|[eat]
|-heal|p2a: Farigiraf|33/100 brn|[from] item: Sitrus Berry
|-damage|p1a: Garchomp|50/100g|[from] item: Life Orb
|
|-damage|p2a: Farigiraf|26/100 brn|[from] brn
|upkeep
|turn|5
|
|t:|1785864317
|move|p2a: Farigiraf|Protect|p2a: Farigiraf
|-singleturn|p2a: Farigiraf|Protect
|move|p2b: Kingambit|Kowtow Cleave|p1a: Garchomp
|-damage|p1a: Garchomp|0 fnt
|-damage|p2b: Kingambit|78/100|[from] ability: Rough Skin|[of] p1a: Garchomp
|faint|p1a: Garchomp
|-damage|p2b: Kingambit|68/100|[from] item: Life Orb
|move|p1b: Delphox|Heat Wave|p2b: Kingambit|[spread] p2b
|-activate|p2a: Farigiraf|move: Protect
|-supereffective|p2b: Kingambit|1
|-damage|p2b: Kingambit|0 fnt
|faint|p2b: Kingambit
|
|-damage|p2a: Farigiraf|20/100y brn|[from] brn
|upkeep
|
|t:|1785864321
|switch|p2b: Staraptor|Staraptor-Mega, L50, M|18/100
|turn|6
|
|t:|1785864335
|move|p2a: Farigiraf|Helping Hand|p2b: Staraptor
|-singleturn|p2b: Staraptor|Helping Hand|[of] p2a: Farigiraf
|move|p2b: Staraptor|Dual Wingbeat|p1b: Delphox
|-end|p1b: Delphox|Substitute
|-damage|p1b: Delphox|10/100
|-hitcount|p1b: Delphox|2
|move|p1b: Delphox|Heat Wave|p2b: Staraptor|[spread] p2a,p2b
|-damage|p2a: Farigiraf|0 fnt
|-damage|p2b: Staraptor|0 fnt
|faint|p2a: Farigiraf
|faint|p2b: Staraptor
|
|win|sessoepalle
|raw|sessoepalle's rating: 1322 → 1350(+28 for winning)
|raw|TheHorrorHare's rating: 1465 → 1437(-28 for losing)
|l|☆TheHorrorHare
|player|p2|
|c|☆sessoepalle|ggs
