|j|☆EinChemiker
|j|☆ECARRY
|html|EinChemikerECARRY    
|uhtml|bestof|Game 1 of a best-of-3
|t:|1784130447
|gametype|doubles
|player|p1|EinChemiker|iris-gen5bw2|
|player|p2|ECARRY|170|
|gen|9
|tier|[Gen 9 Champions] VGC 2026 Reg M-B (Bo3)
|rule|Species Clause: Limit one of each Pokémon
|rule|Item Clause: Limit 1 of each item
|clearpoke
|poke|p1|Swampert, L50, M|
|poke|p1|Pelipper, L50, M|
|poke|p1|Archaludon, L50, M|
|poke|p1|Annihilape, L50, F|
|poke|p1|Lycanroc-Dusk, L50, F|
|poke|p1|Sneasler, L50, M|
|poke|p2|Floette-Eternal, L50, F|
|poke|p2|Charizard, L50, F|
|poke|p2|Whimsicott, L50, M|
|poke|p2|Garchomp, L50, M|
|poke|p2|Basculegion, L50, M|
|poke|p2|Kingambit, L50, M|
|teampreview|4
|showteam|p1|Swampert||Swampertite|Torrent|WaveCrash,Protect,HighHorsepower,FlipTurn|Adamant||M|||50|]Pelipper||FocusSash|Drizzle|Tailwind,Hurricane,WeatherBall,Protect|Timid||M|||50|]Archaludon||LifeOrb|Stamina|DragonPulse,ElectroShot,FlashCannon,Protect|Modest||M|||50|]Annihilape||Leftovers|Defiant|CloseCombat,RainDance,RageFist,Protect|Jolly||F|||50|]Lycanroc-Dusk||HardStone|ToughClaws|Accelerock,PlayRough,Protect,StoneEdge|Adamant||F|||50|]Sneasler||WhiteHerb|Unburden|FakeOut,Protect,DireClaw,CloseCombat|Adamant||M|||50|
|showteam|p2|Floette-Eternal||Floettite|FlowerVeil|Moonblast,DazzlingGleam,LightofRuin,Protect|Modest||F|||50|]Charizard||CharizarditeY|Blaze|HeatWave,WeatherBall,SolarBeam,Protect|Modest||F|||50|]Whimsicott||FocusSash|Prankster|Moonblast,Encore,Tailwind,Protect|Timid||M|||50|]Garchomp||LifeOrb|RoughSkin|DragonClaw,Earthquake,Protect,RockSlide|Jolly||M|||50|]Basculegion||MysticWater|Adaptability|WaveCrash,LastRespects,AquaJet,Protect|Adamant||M|||50|]Kingambit||BlackGlasses|Defiant|KowtowCleave,IronHead,SuckerPunch,Protect|Adamant||M|||50|
|inactive|Battle timer is ON: inactive players will automatically lose when time's up. (requested by EinChemiker)
|inactive|EinChemiker has 60 seconds left.
|inactive|ECARRY has 60 seconds left.
|
|t:|1784130504
|teamsize|p1|4
|teamsize|p2|4
|start
|switch|p1a: Sneasler|Sneasler, L50, M|100/100
|switch|p1b: Pel-Eye-Per|Pelipper, L50, M|100/100
|switch|p2a: Whimsicott|Whimsicott, L50, M|100/100
|switch|p2b: Basculegion|Basculegion, L50, M|100/100
|-weather|RainDance|[from] ability: Drizzle|[of] p1b: Pel-Eye-Per
|turn|1
|inactive|EinChemiker has 30 seconds left.
|
|t:|1784130532
|move|p1a: Sneasler|Protect|p1a: Sneasler
|-singleturn|p1a: Sneasler|Protect
|move|p2a: Whimsicott|Tailwind|p2a: Whimsicott
|-sidestart|p2: ECARRY|move: Tailwind
|move|p2b: Basculegion|Wave Crash|p1a: Sneasler
|-activate|p1a: Sneasler|move: Protect
|move|p1b: Pel-Eye-Per|Hurricane|p2a: Whimsicott
|-supereffective|p2a: Whimsicott|1
|-enditem|p2a: Whimsicott|Focus Sash
|-damage|p2a: Whimsicott|1/100
|-start|p2a: Whimsicott|confusion
|
|-weather|RainDance|[upkeep]
|upkeep
|turn|2
|inactive|EinChemiker has 30 seconds left.
|
|t:|1784130562
|-activate|p2a: Whimsicott|confusion
|move|p2a: Whimsicott|Moonblast|p1b: Pel-Eye-Per
|-damage|p1b: Pel-Eye-Per|35/100
|move|p2b: Basculegion|Wave Crash|p1b: Pel-Eye-Per
|-resisted|p1b: Pel-Eye-Per|1
|-damage|p1b: Pel-Eye-Per|0 fnt
|faint|p1b: Pel-Eye-Per
|-damage|p2b: Basculegion|91/100|[from] Recoil
|move|p1a: Sneasler|Dire Claw|p2a: Whimsicott
|-supereffective|p2a: Whimsicott|2
|-damage|p2a: Whimsicott|0 fnt
|faint|p2a: Whimsicott
|
|-weather|RainDance|[upkeep]
|upkeep
|
|t:|1784130585
|switch|p2a: Floette|Floette-Eternal, L50, F|100/100
|switch|p1b: Bridge|Archaludon, L50, M|100/100
|turn|3
|
|t:|1784130599
|detailschange|p2a: Floette|Floette-Mega, L50, F
|-mega|p2a: Floette|Floette|Floettite
|-ability|p2a: Floette|Fairy Aura
|move|p1a: Sneasler|Protect|p1a: Sneasler
|-singleturn|p1a: Sneasler|Protect
|move|p2a: Floette|Light of Ruin|p1b: Bridge
|-damage|p1b: Bridge|0 fnt
|faint|p1b: Bridge
|-damage|p2a: Floette|41/100|[from] Recoil
|move|p2b: Basculegion|Wave Crash|p1a: Sneasler
|-activate|p1a: Sneasler|move: Protect
|
|-weather|RainDance|[upkeep]
|upkeep
|
|t:|1784130612
|switch|p1b: Nina|Lycanroc-Dusk, L50, F|100/100
|turn|4
|
|t:|1784130634
|move|p1b: Nina|Protect|p1b: Nina
|-singleturn|p1b: Nina|Protect
|move|p2a: Floette|Light of Ruin|p1b: Nina
|-activate|p1b: Nina|move: Protect
|move|p2b: Basculegion|Wave Crash|p1a: Sneasler
|-crit|p1a: Sneasler
|-damage|p1a: Sneasler|0 fnt
|faint|p1a: Sneasler
|-damage|p2b: Basculegion|63/100|[from] Recoil
|
|-weather|RainDance|[upkeep]
|-sideend|p2: ECARRY|move: Tailwind
|upkeep
|turn|5
|
|t:|1784130646
|move|p1b: Nina|Accelerock|p2a: Floette
|-damage|p2a: Floette|3/100
|move|p2b: Basculegion|Aqua Jet|p1b: Nina
|-supereffective|p1b: Nina|1
|-damage|p1b: Nina|0 fnt
|faint|p1b: Nina
|
|win|ECARRY
||EinChemiker is ready for game 2.
||ECARRY is ready for game 2.
|uhtml|next|Next: Game 2 of 3
|l|☆ECARRY
|player|p2|
