|j|☆Notaplaceofhonor
|j|☆franny6767
|html|Notaplaceofhonorfranny6767    
|uhtml|bestof|Game 2 of a best-of-3
|t:|1756931315
|gametype|doubles
|player|p1|Notaplaceofhonor|juan-gen3|1191
|player|p2|franny6767|2|1088
|gen|9
|tier|[Gen 9] VGC 2025 Reg H (Bo3)
|rated|
|rule|Species Clause: Limit one of each Pokémon
|rule|Item Clause: Limit 1 of each item
|clearpoke
|poke|p1|Ursaluna, L50, F|
|poke|p1|Incineroar, L50, M|
|poke|p1|Archaludon, L50, F|
|poke|p1|Pelipper, L50, M|
|poke|p1|Basculegion, L50, M|
|poke|p1|Sinistcha, L50|
|poke|p2|Dragonite, L50, M|
|poke|p2|Annihilape, L50, M|
|poke|p2|Garchomp, L50, F|
|poke|p2|Whimsicott, L50, F|
|poke|p2|Incineroar, L50, M|
|poke|p2|Gholdengo, L50|
|teampreview|4
|showteam|p1|Ursaluna||FlameOrb|Guts|Protect,Facade,Earthquake,HeadlongRush|||F|||50|,,,,,Ghost]Incineroar||SafetyGoggles|Intimidate|Taunt,FakeOut,KnockOff,PartingShot|||M|||50|,,,,,Ghost]Archaludon||AssaultVest|Stamina|ElectroShot,Snarl,DracoMeteor,BodyPress|||F|||50|,,,,,Grass]Pelipper||FocusSash|Drizzle|Hurricane,WeatherBall,Tailwind,Protect|||M|||50|,,,,,Ghost]Basculegion||ChoiceScarf|Adaptability|WaveCrash,LastRespects,FlipTurn,IcyWind|||M|||50|,,,,,Water]Sinistcha||SitrusBerry|Hospitality|MatchaGotcha,LifeDew,RagePowder,TrickRoom||||||50|,,,,,Water
|showteam|p2|Dragonite||LoadedDice|Multiscale|ScaleShot,Protect,Tailwind,Haze|||M|||50|,,,,,Fairy]Annihilape||SafetyGoggles|Defiant|CloseCombat,FinalGambit,RageFist,Coaching|||M|||50|,,,,,Fire]Garchomp||LifeOrb|RoughSkin|Earthquake,DragonClaw,StompingTantrum,Protect|||F|||50|,,,,,Fairy]Whimsicott||FocusSash|Prankster|Moonblast,Encore,Tailwind,BeatUp|||F|||50|,,,,,Ghost]Incineroar||MirrorHerb|Intimidate|KnockOff,FlareBlitz,FakeOut,PartingShot|||M|||50|,,,,,Ghost]Gholdengo||ChoiceSpecs|GoodasGold|MakeItRain,SteelBeam,ShadowBall,PowerGem||||||50|,,,,,Flying
|inactive|Battle timer is ON: inactive players will automatically lose when time's up. (requested by franny6767)
|inactive|Notaplaceofhonor has 60 seconds left.
|
|t:|1756931353
|teamsize|p1|4
|teamsize|p2|4
|start
|switch|p1a: Archaludon|Archaludon, L50, F|100/100
|switch|p1b: Pelipper|Pelipper, L50, M|100/100
|switch|p2a: Annihilape|Annihilape, L50, M|100/100
|switch|p2b: Whimsicott|Whimsicott, L50, F|100/100
|-weather|RainDance|[from] ability: Drizzle|[of] p1b: Pelipper
|turn|1
|
|t:|1756931364
|move|p2b: Whimsicott|Tailwind|p2b: Whimsicott
|-sidestart|p2: franny6767|move: Tailwind
|move|p2a: Annihilape|Final Gambit|p1a: Archaludon
|-damage|p1a: Archaludon|0 fnt
|faint|p2a: Annihilape
|faint|p1a: Archaludon
|move|p1b: Pelipper|Hurricane|p2b: Whimsicott
|-supereffective|p2b: Whimsicott
|-enditem|p2b: Whimsicott|Focus Sash
|-damage|p2b: Whimsicott|1/100
|-start|p2b: Whimsicott|confusion
|
|-weather|RainDance|[upkeep]
|upkeep
|
|t:|1756931376
|switch|p2a: Gholdengo|Gholdengo, L50|100/100
|switch|p1a: Ursaluna|Ursaluna, L50, F|100/100
|turn|2
|
|t:|1756931385
|-terastallize|p2a: Gholdengo|Flying
|-activate|p2b: Whimsicott|confusion
|move|p2b: Whimsicott|Moonblast|p1b: Pelipper
|-damage|p1b: Pelipper|41/100
|move|p2a: Gholdengo|Make It Rain|p1b: Pelipper|[spread] p1a,p1b
|-resisted|p1b: Pelipper
|-damage|p1a: Ursaluna|29/100
|-damage|p1b: Pelipper|0 fnt
|-unboost|p2a: Gholdengo|spa|1
|faint|p1b: Pelipper
|move|p1a: Ursaluna|Earthquake|p2b: Whimsicott|[spread] p2b
|-immune|p2a: Gholdengo
|-resisted|p2b: Whimsicott
|-damage|p2b: Whimsicott|0 fnt
|faint|p2b: Whimsicott
|
|-weather|RainDance|[upkeep]
|-status|p1a: Ursaluna|brn|[from] item: Flame Orb
|upkeep
|
|t:|1756931393
|switch|p2b: Incineroar|Incineroar, L50, M|100/100
|switch|p1b: Basculegion|Basculegion, L50, M|100/100
|-ability|p2b: Incineroar|Intimidate|boost
|-unboost|p1a: Ursaluna|atk|1
|-unboost|p1b: Basculegion|atk|1
|turn|3
|
|t:|1756931410
|-terastallize|p1b: Basculegion|Water
|move|p1a: Ursaluna|Protect|p1a: Ursaluna
|-singleturn|p1a: Ursaluna|Protect
|move|p2a: Gholdengo|Make It Rain|p1b: Basculegion|[spread] p1b
|-activate|p1a: Ursaluna|move: Protect
|-resisted|p1b: Basculegion
|-damage|p1b: Basculegion|68/100
|-unboost|p2a: Gholdengo|spa|1
|move|p1b: Basculegion|Wave Crash|p2a: Gholdengo
|-damage|p2a: Gholdengo|0 fnt
|faint|p2a: Gholdengo
|-damage|p1b: Basculegion|41/100|[from] Recoil
|move|p2b: Incineroar|Knock Off|p1b: Basculegion
|-damage|p1b: Basculegion|0 fnt
|-enditem|p1b: Basculegion|Choice Scarf|[from] move: Knock Off|[of] p2b: Incineroar
|faint|p1b: Basculegion
|
|-weather|RainDance|[upkeep]
|-damage|p1a: Ursaluna|23/100 brn|[from] brn
|upkeep
|turn|4
|
|t:|1756931432
|move|p1a: Ursaluna|Protect|p1a: Ursaluna
|-singleturn|p1a: Ursaluna|Protect
|move|p2b: Incineroar|Knock Off|p1a: Ursaluna
|-activate|p1a: Ursaluna|move: Protect
|
|-weather|RainDance|[upkeep]
|-damage|p1a: Ursaluna|18/100 brn|[from] brn
|-sideend|p2: franny6767|move: Tailwind
|upkeep
|turn|5
|
|t:|1756931438
|move|p2b: Incineroar|Knock Off|p1a: Ursaluna
|-damage|p1a: Ursaluna|0 fnt
|-enditem|p1a: Ursaluna|Flame Orb|[from] move: Knock Off|[of] p2b: Incineroar
|faint|p1a: Ursaluna
|
|win|franny6767
