|j|☆Faiman
|j|☆elmono11
|html|Faimanelmono11    
|uhtml|bestof|Game 2 of a best-of-3
|t:|1783895128
|gametype|doubles
|player|p1|Faiman|265|1266
|player|p2|elmono11|101|1214
|gen|9
|tier|[Gen 9 Champions] VGC 2026 Reg M-B (Bo3)
|rated|
|rule|Species Clause: Limit one of each Pokémon
|rule|Item Clause: Limit 1 of each item
|clearpoke
|poke|p1|Malamar, L50, M|
|poke|p1|Grimmsnarl, L50, M|
|poke|p1|Sinistcha, L50|
|poke|p1|Glimmora, L50, M|
|poke|p1|Incineroar, L50, F|
|poke|p1|Ninetales-Alola, L50, M|
|poke|p2|Blaziken, L50, F|
|poke|p2|Venusaur, L50, F|
|poke|p2|Ninetales-Alola, L50, F|
|poke|p2|Lycanroc-Dusk, L50, M|
|poke|p2|Kingambit, L50, F|
|poke|p2|Basculegion, L50, M|
|teampreview|4
|showteam|p1|Malamar||Malamarite|Contrary|Superpower,KnockOff,PoisonJab,Protect|Careful||M|||50|]Grimmsnarl||LightClay|Prankster|SpiritBreak,LightScreen,FakeTears,PartingShot|Impish||M|||50|]Sinistcha||ColburBerry|Hospitality|MatchaGotcha,RagePowder,TrickRoom,Protect|Calm|||||50|]Glimmora||Glimmoranite|ToxicDebris|SludgeBomb,PowerGem,EarthPower,SpikyShield|Timid||M|||50|]Incineroar||SitrusBerry|Intimidate|FlareBlitz,DarkestLariat,PartingShot,FakeOut|Sassy||F|||50|]Ninetales-Alola||ChoiceScarf|SnowWarning|Blizzard,FreezeDry,IcyWind,Moonblast|Modest||M|||50|
|showteam|p2|Blaziken||Blazikenite|SpeedBoost|CloseCombat,FlareBlitz,StoneEdge,Detect|Adamant||F|||50|]Venusaur||Venusaurite|Chlorophyll|GigaDrain,SludgeBomb,EarthPower,Protect|Modest||F|||50|]Ninetales-Alola||NeverMeltIce|SnowWarning|Blizzard,FreezeDry,Encore,Protect|Timid||F|||50|]Lycanroc-Dusk||FocusSash|ToughClaws|Accelerock,RockSlide,CloseCombat,Protect|Adamant||M|||50|]Kingambit||LifeOrb|Defiant|KowtowCleave,SuckerPunch,IronHead,Protect|Adamant||F|||50|]Basculegion||ChoiceScarf|Adaptability|WaveCrash,LastRespects,FlipTurn,AquaJet|Jolly||M|||50|
|inactive|Battle timer is ON: inactive players will automatically lose when time's up. (requested by Faiman)
|inactive|elmono11 has 60 seconds left.
|inactive|elmono11 has 30 seconds left.
|inactive|elmono11 has 20 seconds left.
|inactive|elmono11 has 15 seconds left.
|inactive|elmono11 has 10 seconds left.
|inactive|elmono11 has 5 seconds left.
|
|t:|1783895218
|teamsize|p1|4
|teamsize|p2|4
|start
|switch|p1a: Malamar|Malamar, L50, M|100/100
|switch|p1b: Grimmsnarl|Grimmsnarl, L50, M|100/100
|switch|p2a: Blaziken|Blaziken, L50, F|100/100
|switch|p2b: Venusaur|Venusaur, L50, F|100/100
|turn|1
|inactive|Faiman has 30 seconds left.
|
|t:|1783895246
|detailschange|p2b: Venusaur|Venusaur-Mega, L50, F
|-mega|p2b: Venusaur|Venusaur|Venusaurite
|detailschange|p1a: Malamar|Malamar-Mega, L50, M
|-mega|p1a: Malamar|Malamar|Malamarite
|move|p2a: Blaziken|Detect|p2a: Blaziken
|-singleturn|p2a: Blaziken|Protect
|move|p1b: Grimmsnarl|Light Screen|p1b: Grimmsnarl
|-sidestart|p1: Faiman|move: Light Screen
|move|p2b: Venusaur|Sludge Bomb|p1b: Grimmsnarl
|-supereffective|p1b: Grimmsnarl|1
|-damage|p1b: Grimmsnarl|38/100
|move|p1a: Malamar|Superpower|p2a: Blaziken
|-activate|p2a: Blaziken|move: Protect
|
|-ability|p2a: Blaziken|Speed Boost|boost
|-boost|p2a: Blaziken|spe|1
|upkeep
|turn|2
|inactive|elmono11 has 30 seconds left.
|inactive|elmono11 has 20 seconds left.
|inactive|elmono11 has 15 seconds left.
|inactive|elmono11 has 10 seconds left.
|inactive|elmono11 has 5 seconds left.
|
|t:|1783895299
|move|p1b: Grimmsnarl|Parting Shot|p2a: Blaziken
|-unboost|p2a: Blaziken|atk|1
|-unboost|p2a: Blaziken|spa|1
|
|t:|1783895306
|switch|p1b: Incineroar|Incineroar, L50, F|100/100|[from] Parting Shot
|-ability|p1b: Incineroar|Intimidate|boost
|-unboost|p2a: Blaziken|atk|1
|-unboost|p2b: Venusaur|atk|1
|move|p2a: Blaziken|Flare Blitz|p1a: Malamar
|-damage|p1a: Malamar|68/100
|-damage|p2a: Blaziken|88/100|[from] Recoil
|move|p2b: Venusaur|Sludge Bomb|p1b: Incineroar
|-damage|p1b: Incineroar|77/100
|move|p1a: Malamar|Superpower|p2b: Venusaur
|-resisted|p2b: Venusaur|1
|-damage|p2b: Venusaur|87/100
|-boost|p1a: Malamar|atk|1
|-boost|p1a: Malamar|def|1
|
|-ability|p2a: Blaziken|Speed Boost|boost
|-boost|p2a: Blaziken|spe|1
|upkeep
|turn|3
|inactive|Faiman has 30 seconds left.
|inactive|Faiman has 20 seconds left.
|
|t:|1783895342
|move|p2b: Venusaur|Protect|p2b: Venusaur
|-singleturn|p2b: Venusaur|Protect
|move|p2a: Blaziken|Close Combat|p1b: Incineroar
|-supereffective|p1b: Incineroar|1
|-damage|p1b: Incineroar|18/100
|-unboost|p2a: Blaziken|def|1
|-unboost|p2a: Blaziken|spd|1
|-enditem|p1b: Incineroar|Sitrus Berry|[eat]
|-heal|p1b: Incineroar|43/100|[from] item: Sitrus Berry
|move|p1a: Malamar|Superpower|p2b: Venusaur
|-activate|p2b: Venusaur|move: Protect
|move|p1b: Incineroar|Darkest Lariat|p2a: Blaziken
|-resisted|p2a: Blaziken|1
|-damage|p2a: Blaziken|63/100
|
|-ability|p2a: Blaziken|Speed Boost|boost
|-boost|p2a: Blaziken|spe|1
|upkeep
|turn|4
|inactive|elmono11 has 30 seconds left.
|
|t:|1783895369
|switch|p1b: Sinistcha|Sinistcha, L50|100/100
|-heal|p1a: Malamar|93/100|[from] ability: Hospitality|[of] p1b: Sinistcha
|move|p2a: Blaziken|Close Combat|p1b: Sinistcha
|-immune|p1b: Sinistcha
|move|p2b: Venusaur|Sludge Bomb|p1a: Malamar
|-damage|p1a: Malamar|74/100
|move|p1a: Malamar|Superpower|p2b: Venusaur
|-resisted|p2b: Venusaur|1
|-damage|p2b: Venusaur|70/100
|-boost|p1a: Malamar|atk|1
|-boost|p1a: Malamar|def|1
|
|-ability|p2a: Blaziken|Speed Boost|boost
|-boost|p2a: Blaziken|spe|1
|upkeep
|turn|5
|inactive|Faiman has 30 seconds left.
|
|t:|1783895395
|switch|p2a: Ninetales|Ninetales-Alola, L50, F|100/100
|-weather|Snowscape|[from] ability: Snow Warning|[of] p2a: Ninetales
|move|p1b: Sinistcha|Protect|p1b: Sinistcha
|-singleturn|p1b: Sinistcha|Protect
|move|p2b: Venusaur|Sludge Bomb|p1a: Malamar
|-damage|p1a: Malamar|56/100
|move|p1a: Malamar|Superpower|p2a: Ninetales
|-damage|p2a: Ninetales|50/100g
|-boost|p1a: Malamar|atk|1
|-boost|p1a: Malamar|def|1
|
|-weather|Snowscape|[upkeep]
|upkeep
|turn|6
|inactive|Faiman has 30 seconds left.
|inactive|elmono11 has 30 seconds left.
|
|t:|1783895438
|switch|p1b: Incineroar|Incineroar, L50, F|43/100
|-ability|p1b: Incineroar|Intimidate|boost
|-unboost|p2a: Ninetales|atk|1
|-unboost|p2b: Venusaur|atk|1
|move|p2a: Ninetales|Blizzard|p1b: Incineroar|[spread] p1a,p1b
|-crit|p1a: Malamar
|-resisted|p1b: Incineroar|1
|-crit|p1b: Incineroar
|-damage|p1a: Malamar|24/100
|-damage|p1b: Incineroar|25/100
|move|p2b: Venusaur|Sludge Bomb|p1a: Malamar
|-damage|p1a: Malamar|7/100
|move|p1a: Malamar|Poison Jab|p2a: Ninetales
|-supereffective|p2a: Ninetales|1
|-damage|p2a: Ninetales|0 fnt
|faint|p2a: Ninetales
|
|-weather|Snowscape|[upkeep]
|upkeep
|
|t:|1783895445
|switch|p2a: Lycanroc|Lycanroc-Dusk, L50, M|100/100
|turn|7
|
|t:|1783895457
|switch|p1b: Sinistcha|Sinistcha, L50|100/100
|-heal|p1a: Malamar|32/100|[from] ability: Hospitality|[of] p1b: Sinistcha
|move|p1a: Malamar|Protect|p1a: Malamar
|-singleturn|p1a: Malamar|Protect
|move|p2a: Lycanroc|Rock Slide|p1b: Sinistcha|[spread] 
|-activate|p1a: Malamar|move: Protect
|-miss|p2a: Lycanroc|p1b: Sinistcha
|move|p2b: Venusaur|Sludge Bomb|p1a: Malamar
|-activate|p1a: Malamar|move: Protect
|
|-weather|Snowscape|[upkeep]
|upkeep
|turn|8
|
|t:|1783895481
|move|p1b: Sinistcha|Rage Powder|p1b: Sinistcha
|-singleturn|p1b: Sinistcha|move: Rage Powder
|move|p2a: Lycanroc|Rock Slide|p1b: Sinistcha|[spread] p1a,p1b
|-damage|p1a: Malamar|19/100
|-damage|p1b: Sinistcha|74/100
|move|p2b: Venusaur|Sludge Bomb|p1a: Malamar
|-damage|p1a: Malamar|0 fnt
|faint|p1a: Malamar
|
|-weather|Snowscape|[upkeep]
|-sideend|p1: Faiman|move: Light Screen
|upkeep
|
|t:|1783895488
|switch|p1a: Incineroar|Incineroar, L50, F|25/100
|-ability|p1a: Incineroar|Intimidate|boost
|-unboost|p2a: Lycanroc|atk|1
|-unboost|p2b: Venusaur|atk|1
|turn|9
|inactive|elmono11 has 30 seconds left.
|
|t:|1783895519
|move|p1a: Incineroar|Fake Out|p2a: Lycanroc
|-resisted|p2a: Lycanroc|1
|-damage|p2a: Lycanroc|90/100
|cant|p2a: Lycanroc|flinch
|move|p2b: Venusaur|Earth Power|p1a: Incineroar
|-supereffective|p1a: Incineroar|1
|-damage|p1a: Incineroar|0 fnt
|faint|p1a: Incineroar
|move|p1b: Sinistcha|Trick Room|p1b: Sinistcha
|-fieldstart|move: Trick Room|[of] p1b: Sinistcha
|
|-weather|none
|upkeep
|
|t:|1783895525
|switch|p1a: Grimmsnarl|Grimmsnarl, L50, M|38/100
|turn|10
|
|t:|1783895533
|switch|p2a: Blaziken|Blaziken, L50, F|63/100
|move|p1a: Grimmsnarl|Spirit Break|p2b: Venusaur
|-resisted|p2b: Venusaur|1
|-damage|p2b: Venusaur|58/100
|-unboost|p2b: Venusaur|spa|1
|move|p1b: Sinistcha|Matcha Gotcha|p2a: Blaziken|[spread] p2a,p2b
|-resisted|p2a: Blaziken|1
|-resisted|p2b: Venusaur|2
|-damage|p2a: Blaziken|46/100
|-heal|p1b: Sinistcha|83/100|[from] drain|[of] p2a: Blaziken
|-damage|p2b: Venusaur|53/100
|-heal|p1b: Sinistcha|85/100|[from] drain|[of] p2b: Venusaur
|move|p2b: Venusaur|Sludge Bomb|p1a: Grimmsnarl
|-supereffective|p1a: Grimmsnarl|1
|-damage|p1a: Grimmsnarl|0 fnt
|faint|p1a: Grimmsnarl
|
|upkeep
|turn|11
|
|t:|1783895538
|switch|p2b: Lycanroc|Lycanroc-Dusk, L50, M|90/100
|move|p1b: Sinistcha|Matcha Gotcha|p2b: Lycanroc|[spread] p2a,p2b
|-resisted|p2a: Blaziken|1
|-supereffective|p2b: Lycanroc|1
|-damage|p2a: Blaziken|27/100
|-heal|p1b: Sinistcha|94/100|[from] drain|[of] p2a: Blaziken
|-damage|p2b: Lycanroc|12/100
|-heal|p1b: Sinistcha|100/100|[from] drain|[of] p2b: Lycanroc
|-status|p2b: Lycanroc|brn
|move|p2a: Blaziken|Flare Blitz|p1b: Sinistcha
|-supereffective|p1b: Sinistcha|1
|-damage|p1b: Sinistcha|0 fnt
|faint|p1b: Sinistcha
|-damage|p2a: Blaziken|0 fnt|[from] Recoil
|faint|p2a: Blaziken
|
|win|elmono11
|raw|Faiman's rating: 1266 → 1237(-29 for losing)
|raw|elmono11's rating: 1214 → 1243(+29 for winning)
