|j|☆KodeBeast0526
|j|☆Siddharth42c
|html|KodeBeast0526Siddharth42c    
|uhtml|bestof|Game 2 of a best-of-3
|t:|1757681297
|gametype|doubles
|player|p1|KodeBeast0526|wattson|1233
|player|p2|Siddharth42c|2|1228
|gen|9
|tier|[Gen 9] VGC 2025 Reg H (Bo3)
|rated|
|rule|Species Clause: Limit one of each Pokémon
|rule|Item Clause: Limit 1 of each item
|clearpoke
|poke|p1|Excadrill, L50, M|
|poke|p1|Tyranitar, L50, F|
|poke|p1|Sneasler, L50, M|
|poke|p1|Indeedee, L50, M|
|poke|p1|Corviknight, L50, M|
|poke|p1|Annihilape, L50, M|
|poke|p2|Drifblim, L50, F|
|poke|p2|Indeedee, L50, M|
|poke|p2|Dondozo, L50, F|
|poke|p2|Tatsugiri, L50, F|
|poke|p2|Annihilape, L50, F|
|poke|p2|Ursaluna-Bloodmoon, L50, M|
|teampreview|4
|showteam|p1|Excadrill||FocusSash|SandRush|IronHead,HighHorsepower,Earthquake,Protect|||M|||50|,,,,,Stellar]Tyranitar||AssaultVest|SandStream|RockSlide,KnockOff,TeraBlast,LowKick|||F|||50|,,,,,Flying]Sneasler||PsychicSeed|Unburden|DireClaw,CloseCombat,ThroatChop,Protect|||M|||50|,,,,,Dark]Indeedee||ChoiceScarf|PsychicSurge|ExpandingForce,TeraBlast,Protect,Trick|||M|||50|,,,,,Psychic]Corviknight||Leftovers|MirrorArmor|BraveBird,BulkUp,Roost,Tailwind|||M|||50|,,,,,Dragon]Annihilape||SafetyGoggles|Defiant|CloseCombat,FinalGambit,RageFist,Taunt|||M|||50|,,,,,Water
|showteam|p2|Drifblim||PsychicSeed|Unburden|Tailwind,WillOWisp,HelpingHand,ShadowBall|||F|||50|,,,,,Grass]Indeedee||LifeOrb|PsychicSurge|ExpandingForce,TeraBlast,Protect,ShadowBall|||M|||50|,,,,,Fighting]Dondozo||Leftovers|Unaware|Protect,WaveCrash,Earthquake,OrderUp|||F|||50|,,,,,Steel]Tatsugiri||FocusSash|Commander|DracoMeteor,MuddyWater,IcyWind,DragonPulse|||F|||50|,,,,,Ghost]Annihilape||ChoiceScarf|Defiant|CloseCombat,FinalGambit,Uturn,Coaching|||F|||50|,,,,,Grass]Ursaluna-Bloodmoon||ThroatSpray|MindsEye|BloodMoon,HyperVoice,EarthPower,Protect|||M|||50|,,,,,Normal
|inactive|Battle timer is ON: inactive players will automatically lose when time's up. (requested by Siddharth42c)
|
|t:|1757681312
|teamsize|p1|4
|teamsize|p2|4
|start
|switch|p1a: Sneasler|Sneasler, L50, M, shiny|100/100
|switch|p1b: Indeedee|Indeedee, L50, M, shiny|100/100
|switch|p2a: Drifblim|Drifblim, L50, F, shiny|100/100
|switch|p2b: Indeedee|Indeedee, L50, M|100/100
|-fieldstart|move: Psychic Terrain|[from] ability: Psychic Surge|[of] p1b: Indeedee
|-enditem|p1a: Sneasler|Psychic Seed
|-boost|p1a: Sneasler|spd|1|[from] item: Psychic Seed
|-enditem|p2a: Drifblim|Psychic Seed
|-boost|p2a: Drifblim|spd|1|[from] item: Psychic Seed
|turn|1
|inactive|KodeBeast0526 has 30 seconds left.
|inactive|Siddharth42c has 30 seconds left.
|inactive|KodeBeast0526 has 20 seconds left.
|inactive|Siddharth42c has 20 seconds left.
|inactive|KodeBeast0526 has 15 seconds left.
|inactive|Siddharth42c has 15 seconds left.
|inactive|KodeBeast0526 has 10 seconds left.
|inactive|KodeBeast0526 has 5 seconds left.
|
|t:|1757681364
|move|p1a: Sneasler|Dire Claw|p2a: Drifblim
|-resisted|p2a: Drifblim
|-damage|p2a: Drifblim|77/100
|-status|p2a: Drifblim|psn
|move|p1b: Indeedee|Expanding Force|p2b: Indeedee|[spread] p2a,p2b
|-resisted|p2b: Indeedee
|-damage|p2a: Drifblim|46/100 psn
|-damage|p2b: Indeedee|66/100
|move|p2a: Drifblim|Tailwind|p2a: Drifblim
|-sidestart|p2: Siddharth42c|move: Tailwind
|move|p2b: Indeedee|Expanding Force|p1b: Indeedee|[spread] p1a,p1b
|-supereffective|p1a: Sneasler
|-resisted|p1b: Indeedee
|-damage|p1a: Sneasler|0 fnt
|-damage|p1b: Indeedee|46/100
|faint|p1a: Sneasler
|-damage|p2b: Indeedee|57/100|[from] item: Life Orb
|
|-damage|p2a: Drifblim|33/100 psn|[from] psn
|upkeep
|inactive|KodeBeast0526 has 30 seconds left.
|inactive|KodeBeast0526 has 20 seconds left.
|
|t:|1757681399
|switch|p1a: Tyranitar|Tyranitar, L50, F, shiny|100/100
|-weather|Sandstorm|[from] ability: Sand Stream|[of] p1a: Tyranitar
|turn|2
|inactive|Siddharth42c has 30 seconds left.
|
|t:|1757681425
|move|p2a: Drifblim|Will-O-Wisp|p1a: Tyranitar
|-status|p1a: Tyranitar|brn
|move|p2b: Indeedee|Expanding Force|p1b: Indeedee|[spread] p1b
|-immune|p1a: Tyranitar
|-resisted|p1b: Indeedee
|-damage|p1b: Indeedee|0 fnt
|faint|p1b: Indeedee
|-damage|p2b: Indeedee|47/100|[from] item: Life Orb
|move|p1a: Tyranitar|Knock Off|p2b: Indeedee
|-supereffective|p2b: Indeedee
|-damage|p2b: Indeedee|0 fnt
|-enditem|p2b: Indeedee|Life Orb|[from] move: Knock Off|[of] p1a: Tyranitar
|faint|p2b: Indeedee
|
|-weather|Sandstorm|[upkeep]
|-damage|p2a: Drifblim|27/100 psn|[from] Sandstorm
|-damage|p2a: Drifblim|15/100 psn|[from] psn
|-damage|p1a: Tyranitar|95/100 brn|[from] brn
|upkeep
|
|t:|1757681436
|switch|p1b: Excadrill|Excadrill, L50, M, shiny|100/100
|switch|p2b: Annihilape|Annihilape, L50, F|100/100
|turn|3
|inactive|Siddharth42c has 30 seconds left.
|
|t:|1757681463
|-terastallize|p1a: Tyranitar|Flying
|move|p1b: Excadrill|Protect|p1b: Excadrill
|-singleturn|p1b: Excadrill|Protect
|move|p2b: Annihilape|Final Gambit|p1a: Tyranitar
|-damage|p1a: Tyranitar|0 fnt
|faint|p2b: Annihilape
|faint|p1a: Tyranitar
|move|p2a: Drifblim|Will-O-Wisp|p1b: Excadrill
|-activate|p1b: Excadrill|move: Protect
|
|-weather|Sandstorm|[upkeep]
|-damage|p2a: Drifblim|9/100 psn|[from] Sandstorm
|-damage|p2a: Drifblim|0 fnt|[from] psn
|faint|p2a: Drifblim
|upkeep
|
|t:|1757681471
|switch|p2b: Ursaluna|Ursaluna-Bloodmoon, L50, M|100/100
|turn|4
|
|t:|1757681480
|move|p1b: Excadrill|Iron Head|p2b: Ursaluna
|-damage|p2b: Ursaluna|64/100
|cant|p2b: Ursaluna|flinch
|
|-weather|Sandstorm|[upkeep]
|-sideend|p2: Siddharth42c|move: Tailwind
|upkeep
|turn|5
|c|☆Siddharth42c|not again
|
|t:|1757681496
|move|p2b: Ursaluna|Protect|p2b: Ursaluna
|-singleturn|p2b: Ursaluna|Protect
|move|p1b: Excadrill|Iron Head|p2b: Ursaluna
|-activate|p2b: Ursaluna|move: Protect
|
|-weather|Sandstorm|[upkeep]
|-fieldend|move: Psychic Terrain
|upkeep
|turn|6
|
|t:|1757681505
|move|p1b: Excadrill|Iron Head|p2b: Ursaluna
|-damage|p2b: Ursaluna|22/100
|cant|p2b: Ursaluna|flinch
|
|-weather|none
|upkeep
|turn|7
|c|☆Siddharth42c|yea
|c|☆Siddharth42c|your too lucky
|c|☆KodeBeast0526|Lotta head trama
|-message|Siddharth42c forfeited.
|
|win|KodeBeast0526
|raw|KodeBeast0526's rating: 1233 → 1258(+25 for winning)
|raw|Siddharth42c's rating: 1228 → 1203(-25 for losing)
|l|☆Siddharth42c
|player|p2|
|l|☆KodeBeast0526
|player|p1|
|j|☆KodeBeast0526
|player|p1|KodeBeast0526|wattson|
