|j|☆sundinza
|j|☆B South
|html|sundinzaB South    
|uhtml|bestof|Game 3 of a best-of-3
|t:|1757634863
|gametype|doubles
|player|p1|sundinza|266|1094
|player|p2|B South|2|1040
|gen|9
|tier|[Gen 9] VGC 2025 Reg H (Bo3)
|rated|
|rule|Species Clause: Limit one of each Pokémon
|rule|Item Clause: Limit 1 of each item
|clearpoke
|poke|p1|Hydreigon, L50, M|
|poke|p1|Primarina, L50, M|
|poke|p1|Incineroar, L50, F|
|poke|p1|Annihilape, L50, M|
|poke|p1|Sneasler, L50, M|
|poke|p1|Porygon2, L50|
|poke|p2|Torkoal, L50, M|
|poke|p2|Indeedee-F, L50, F|
|poke|p2|Jumpluff, L50, F|
|poke|p2|Ursaluna, L50, M|
|poke|p2|Hatterene, L50, F|
|poke|p2|Morgrem, L50, M|
|teampreview|4
|showteam|p1|Hydreigon||CovertCloak|Levitate|Snarl,DragonPulse,Tailwind,HeatWave|||M|||50|,,,,,Fairy]Primarina||LifeOrb|LiquidVoice|HyperVoice,Moonblast,IcyWind,Protect|||M|||50|,,,,,Steel]Incineroar||RockyHelmet|Intimidate|FakeOut,KnockOff,WillOWisp,PartingShot|||F|||50|,,,,,Grass]Annihilape||SitrusBerry|Defiant|DrainPunch,RageFist,BulkUp,Protect|||M|||50|,,,,,Fire]Sneasler||FocusSash|Unburden|CloseCombat,DireClaw,FakeOut,ThroatChop|||M|||50|,,,,,Fire]Porygon2||Eviolite|Trace|FoulPlay,IceBeam,TrickRoom,Recover||||||50|,,,,,Fairy
|showteam|p2|Torkoal||Charcoal|Drought|Eruption,HeatWave,Overheat,Protect|||M|||50|,,,,,Fire]Indeedee-F||MentalHerb|PsychicSurge|TrickRoom,FollowMe,LightScreen,Reflect|||F|||50|,,,,,Grass]Jumpluff||WideLens|Chlorophyll|SleepPowder,Uturn,RagePowder,PollenPuff|||F|||50|,,,,,Grass]Ursaluna||FlameOrb|Guts|HeadlongRush,Facade,Earthquake,Protect|||M|||50|,,,,,Ground]Hatterene||ChoiceSpecs|MagicBounce|ExpandingForce,DazzlingGleam,PsychicNoise,TrickRoom|||F|||50|,,,,,Psychic]Morgrem||Eviolite|Prankster|FoulPlay,LightScreen,Reflect,PartingShot|||M|||50|,,,,,Dark
|inactive|Battle timer is ON: inactive players will automatically lose when time's up. (requested by B South)
|
|t:|1757634893
|teamsize|p1|4
|teamsize|p2|4
|start
|switch|p1a: Sneasler|Sneasler, L50, M|100/100
|switch|p1b: Porygon2|Porygon2, L50|100/100
|switch|p2a: Per'kele|Indeedee-F, L50, F|100/100
|switch|p2b: Vinushka|Jumpluff, L50, F|100/100
|-fieldstart|move: Psychic Terrain|[from] ability: Psychic Surge|[of] p2a: Per'kele
|-ability|p1b: Porygon2|Psychic Surge|Trace|[from] ability: Trace|[of] p2a: Per'kele
|turn|1
|
|t:|1757634911
|move|p1a: Sneasler|Dire Claw|p2b: Vinushka
|-supereffective|p2b: Vinushka
|-crit|p2b: Vinushka
|-damage|p2b: Vinushka|0 fnt
|faint|p2b: Vinushka
|move|p2a: Per'kele|Reflect|p2a: Per'kele
|-sidestart|p2: B South|Reflect
|move|p1b: Porygon2|Ice Beam|p2a: Per'kele
|-damage|p2a: Per'kele|81/100
|
|upkeep
|
|t:|1757634921
|switch|p2b: Rher|Ursaluna, L50, M|100/100
|turn|2
|
|t:|1757634937
|move|p2b: Rher|Protect|p2b: Rher
|-singleturn|p2b: Rher|Protect
|move|p1a: Sneasler|Throat Chop|p2a: Per'kele
|-supereffective|p2a: Per'kele
|-damage|p2a: Per'kele|43/100
|-start|p2a: Per'kele|Throat Chop|[silent]
|move|p2a: Per'kele|Trick Room|p2a: Per'kele
|-fieldstart|move: Trick Room|[of] p2a: Per'kele
|move|p1b: Porygon2|Trick Room|p1b: Porygon2
|-fieldend|move: Trick Room
|
|-status|p2b: Rher|brn|[from] item: Flame Orb
|upkeep
|turn|3
|inactive|B South has 30 seconds left.
|
|t:|1757634967
|move|p1a: Sneasler|Close Combat|p2b: Rher
|-supereffective|p2b: Rher
|-damage|p2b: Rher|43/100 brn
|-unboost|p1a: Sneasler|def|1
|-unboost|p1a: Sneasler|spd|1
|move|p1b: Porygon2|Ice Beam|p2b: Rher
|-supereffective|p2b: Rher
|-damage|p2b: Rher|3/100 brn
|move|p2b: Rher|Facade|p1b: Porygon2
|-damage|p1b: Porygon2|27/100
|move|p2a: Per'kele|Trick Room|p2a: Per'kele
|-fieldstart|move: Trick Room|[of] p2a: Per'kele
|
|-damage|p2b: Rher|0 fnt|[from] brn
|faint|p2b: Rher
|-end|p2a: Per'kele|Throat Chop|[silent]
|upkeep
|
|t:|1757634983
|switch|p2b: Gro'-Goroth|Torkoal, L50, M|100/100
|-weather|SunnyDay|[from] ability: Drought|[of] p2b: Gro'-Goroth
|turn|4
|
|t:|1757634998
|-terastallize|p2b: Gro'-Goroth|Fire
|move|p2a: Per'kele|Follow Me|p2a: Per'kele
|-singleturn|p2a: Per'kele|move: Follow Me
|move|p2b: Gro'-Goroth|Eruption|p1b: Porygon2|[spread] p1a,p1b
|-enditem|p1a: Sneasler|Focus Sash
|-damage|p1a: Sneasler|1/100
|-damage|p1b: Porygon2|0 fnt
|faint|p1b: Porygon2
|move|p1a: Sneasler|Close Combat|p2a: Per'kele
|-damage|p2a: Per'kele|0 fnt
|-unboost|p1a: Sneasler|def|1
|-unboost|p1a: Sneasler|spd|1
|faint|p2a: Per'kele
|
|-weather|SunnyDay|[upkeep]
|upkeep
|
|t:|1757635017
|switch|p1b: Primarina|Primarina, L50, M|100/100
|turn|5
|
|t:|1757635032
|move|p2b: Gro'-Goroth|Eruption|p1b: Primarina|[spread] p1a,p1b
|-resisted|p1b: Primarina
|-damage|p1a: Sneasler|0 fnt
|-damage|p1b: Primarina|55/100
|faint|p1a: Sneasler
|move|p1b: Primarina|Moonblast|p2b: Gro'-Goroth
|-resisted|p2b: Gro'-Goroth
|-damage|p2b: Gro'-Goroth|60/100
|-unboost|p2b: Gro'-Goroth|spa|1
|-damage|p1b: Primarina|45/100|[from] item: Life Orb
|
|-weather|SunnyDay|[upkeep]
|-sideend|p2: B South|Reflect
|-fieldend|move: Psychic Terrain
|upkeep
|-message|B South forfeited.
|
|win|sundinza
|raw|sundinza's rating: 1094 → 1116(+22 for winning)
|raw|B South's rating: 1040 → 1026(-14 for losing)
|l|☆B South
|player|p2|
|l|☆sundinza
|player|p1|
|j|☆B South
|player|p2|B South|2|
