|j|☆BigJohnVGC
|j|☆crimsonkidd
|html|BigJohnVGCcrimsonkidd    
|uhtml|bestof|Game 2 of a best-of-3
|t:|1755567076
|gametype|doubles
|player|p1|BigJohnVGC|cyrus|1266
|player|p2|crimsonkidd|lance|1356
|gen|9
|tier|[Gen 9] VGC 2025 Reg H (Bo3)
|rated|
|rule|Species Clause: Limit one of each Pokémon
|rule|Item Clause: Limit 1 of each item
|clearpoke
|poke|p1|Porygon2, L50|
|poke|p1|Incineroar, L50, M|
|poke|p1|Ursaluna, L50, M|
|poke|p1|Amoonguss, L50, M|
|poke|p1|Gholdengo, L50|
|poke|p1|Dragonite, L50, F|
|poke|p2|Tyranitar, L50, F|
|poke|p2|Excadrill, L50, M|
|poke|p2|Houndstone, L50, M|
|poke|p2|Milotic, L50, F|
|poke|p2|Amoonguss, L50, F|
|poke|p2|Volcarona, L50, M|
|teampreview|4
|showteam|p1|Porygon2||Eviolite|Download|TeraBlast,IceBeam,Recover,TrickRoom||||||50|,,,,,Fighting]Incineroar||SafetyGoggles|Intimidate|FakeOut,KnockOff,FlareBlitz,PartingShot|||M|||50|,,,,,Ghost]Ursaluna||FlameOrb|Guts|HeadlongRush,Facade,Earthquake,Protect|||M|||50|,,,,,Ghost]Amoonguss||SitrusBerry|Regenerator|PollenPuff,Spore,RagePowder,Protect|||M|||50|,,,,,Water]Gholdengo||LifeOrb|GoodasGold|MakeItRain,ShadowBall,NastyPlot,Protect||||||50|,,,,,Water]Dragonite||LoadedDice|Multiscale|ScaleShot,Haze,Tailwind,Protect|||F|||50|,,,,,Steel
|showteam|p2|Tyranitar||AssaultVest|SandStream|KnockOff,RockSlide,TeraBlast,LowKick|||F|||50|,,,,,Flying]Excadrill||FocusSash|SandRush|HighHorsepower,IronHead,Protect,Earthquake|||M|||50|,,,,,Fire]Houndstone||LifeOrb|SandRush|LastRespects,ShadowSneak,BodyPress,Protect|||M|||50|,,,,,Normal]Milotic||SitrusBerry|Competitive|Scald,IcyWind,Protect,Haze|||F|||50|,,,,,Poison]Amoonguss||RockyHelmet|Regenerator|RagePowder,Spore,PollenPuff,SludgeBomb|||F|||50|,,,,,Water]Volcarona||Leftovers|FlameBody|QuiverDance,HeatWave,GigaDrain,Protect|||M|||50|,,,,,Grass
|inactive|Battle timer is ON: inactive players will automatically lose when time's up. (requested by BigJohnVGC)
|
|t:|1755567099
|teamsize|p1|4
|teamsize|p2|4
|start
|switch|p1a: Incineroar|Incineroar, L50, M|100/100
|switch|p1b: Amoonguss|Amoonguss, L50, M|100/100
|switch|p2a: Amoonguss|Amoonguss, L50, F, shiny|100/100
|switch|p2b: Volcarona|Volcarona, L50, M|100/100
|-ability|p1a: Incineroar|Intimidate|boost
|-unboost|p2a: Amoonguss|atk|1
|-unboost|p2b: Volcarona|atk|1
|turn|1
|
|t:|1755567111
|switch|p2b: Milotic|Milotic, L50, F|100/100
|switch|p2a: Tyranitar|Tyranitar, L50, F, shiny|100/100
|-weather|Sandstorm|[from] ability: Sand Stream|[of] p2a: Tyranitar
|move|p1a: Incineroar|Flare Blitz|p2b: Milotic
|-resisted|p2b: Milotic
|-damage|p2b: Milotic|78/100
|-damage|p1a: Incineroar|93/100|[from] Recoil
|move|p1b: Amoonguss|Spore|p2b: Milotic
|-status|p2b: Milotic|slp|[from] move: Spore
|
|-weather|Sandstorm|[upkeep]
|-damage|p2b: Milotic|72/100 slp|[from] Sandstorm
|-damage|p1b: Amoonguss|95/100|[from] Sandstorm
|upkeep
|turn|2
|
|t:|1755567135
|switch|p1a: Porygon2|Porygon2, L50|100/100
|-ability|p1a: Porygon2|Download|boost
|-boost|p1a: Porygon2|atk|1
|cant|p2b: Milotic|slp
|move|p2a: Tyranitar|Low Kick|p1a: Porygon2
|-supereffective|p1a: Porygon2
|-damage|p1a: Porygon2|71/100
|move|p1b: Amoonguss|Spore|p2a: Tyranitar
|-status|p2a: Tyranitar|slp|[from] move: Spore
|
|-weather|Sandstorm|[upkeep]
|-damage|p2b: Milotic|66/100 slp|[from] Sandstorm
|-damage|p1a: Porygon2|65/100|[from] Sandstorm
|-damage|p1b: Amoonguss|89/100|[from] Sandstorm
|upkeep
|turn|3
|inactive|crimsonkidd has 30 seconds left.
|
|t:|1755567162
|switch|p1b: Ursaluna|Ursaluna, L50, M|100/100
|cant|p2b: Milotic|slp
|cant|p2a: Tyranitar|slp
|move|p1a: Porygon2|Trick Room|p1a: Porygon2
|-fieldstart|move: Trick Room|[of] p1a: Porygon2
|
|-weather|Sandstorm|[upkeep]
|-damage|p1a: Porygon2|59/100|[from] Sandstorm
|-damage|p2b: Milotic|60/100 slp|[from] Sandstorm
|-status|p1b: Ursaluna|brn|[from] item: Flame Orb
|upkeep
|turn|4
|inactive|BigJohnVGC has 30 seconds left.
|
|t:|1755567188
|switch|p2a: Amoonguss|Amoonguss, L50, F, shiny|100/100
|cant|p2b: Milotic|slp
|move|p1a: Porygon2|Recover|p1a: Porygon2
|-heal|p1a: Porygon2|100/100
|move|p1b: Ursaluna|Facade|p2b: Milotic
|-damage|p2b: Milotic|0 fnt
|faint|p2b: Milotic
|
|-weather|Sandstorm|[upkeep]
|-damage|p2a: Amoonguss|95/100|[from] Sandstorm
|-damage|p1a: Porygon2|94/100|[from] Sandstorm
|-damage|p1b: Ursaluna|95/100 brn|[from] brn
|upkeep
|
|t:|1755567196
|switch|p2b: Tyranitar|Tyranitar, L50, F, shiny|100/100 slp
|turn|5
|
|t:|1755567217
|switch|p1a: Incineroar|Incineroar, L50, M|93/100
|-ability|p1a: Incineroar|Intimidate|boost
|-unboost|p2a: Amoonguss|atk|1
|-unboost|p2b: Tyranitar|atk|1
|move|p2a: Amoonguss|Rage Powder|p2a: Amoonguss
|-singleturn|p2a: Amoonguss|move: Rage Powder
|move|p1b: Ursaluna|Facade|p2a: Amoonguss
|-damage|p2a: Amoonguss|0 fnt
|-damage|p1b: Ursaluna|78/100 brn|[from] item: Rocky Helmet|[of] p2a: Amoonguss
|faint|p2a: Amoonguss
|cant|p2b: Tyranitar|slp
|
|-weather|none
|-damage|p1b: Ursaluna|72/100 brn|[from] brn
|upkeep
|
|t:|1755567226
|switch|p2a: Volcarona|Volcarona, L50, M|100/100
|turn|6
|inactive|crimsonkidd has 30 seconds left.
|
|t:|1755567255
|-terastallize|p2a: Volcarona|Grass
|move|p1a: Incineroar|Fake Out|p2b: Tyranitar
|-resisted|p2b: Tyranitar
|-damage|p2b: Tyranitar|96/100 slp
|move|p1b: Ursaluna|Facade|p2a: Volcarona
|-damage|p2a: Volcarona|0 fnt
|faint|p2a: Volcarona
|-curestatus|p2b: Tyranitar|slp|[msg]
|cant|p2b: Tyranitar|flinch
|
|-damage|p1b: Ursaluna|66/100 brn|[from] brn
|upkeep
|turn|7
|
|t:|1755567267
|move|p1b: Ursaluna|Headlong Rush|p2b: Tyranitar
|-supereffective|p2b: Tyranitar
|-damage|p2b: Tyranitar|0 fnt
|-unboost|p1b: Ursaluna|def|1
|-unboost|p1b: Ursaluna|spd|1
|faint|p2b: Tyranitar
|
|win|BigJohnVGC
|raw|BigJohnVGC's rating: 1266 → 1297(+31 for winning)
|raw|crimsonkidd's rating: 1356 → 1331(-25 for losing)
