|j|☆mikelpoyarzabal
|j|☆KopeensHobbyShop
|html|mikelpoyarzabalKopeensHobbyShop    
|uhtml|bestof|Game 2 of a best-of-3
|t:|1785852467
|gametype|doubles
|player|p1|mikelpoyarzabal|arven-s|1319
|player|p2|KopeensHobbyShop|266|1365
|gen|9
|tier|[Gen 9 Champions] VGC 2026 Reg M-B (Bo3)
|rated|
|rule|Species Clause: Limit one of each Pokémon
|rule|Item Clause: Limit 1 of each item
|clearpoke
|poke|p1|Gengar, L50, M|
|poke|p1|Swampert, L50, F|
|poke|p1|Incineroar, L50, M|
|poke|p1|Politoed, L50, F|
|poke|p1|Archaludon, L50, M|
|poke|p1|Vivillon, L50, F|
|poke|p2|Hydreigon, L50, F|
|poke|p2|Charizard, L50, F|
|poke|p2|Incineroar, L50, F|
|poke|p2|Toxapex, L50, M|
|poke|p2|Gengar, L50, F|
|poke|p2|Garchomp, L50, F|
|teampreview|4
|showteam|p1|Gengar||Gengarite|CursedBody|ShadowBall,SludgeBomb,Protect,PerishSong|Timid||M|||50|]Swampert||Swampertite|Torrent|WaveCrash,Earthquake,IcePunch,Protect|Adamant||F|||50|]Incineroar||PasshoBerry|Intimidate|ThroatChop,PartingShot,FakeOut,Protect|Sassy||M|||50|]Politoed||SitrusBerry|Drizzle|WeatherBall,PerishSong,Encore,Protect|Calm||F|||50|]Archaludon||Leftovers|Stamina|DragonPulse,FlashCannon,ElectroShot,Protect|Bold||M|||50|]Vivillon||FocusSash|CompoundEyes|Hurricane,SleepPowder,RagePowder,Protect|Timid||F|||50|
|showteam|p2|Hydreigon||ChopleBerry|Levitate|Protect,DracoMeteor,Snarl,DarkPulse|Timid||F|||50|]Charizard||CharizarditeY|Blaze|Protect,HeatWave,SolarBeam,WeatherBall|Timid||F|||50|]Incineroar||PasshoBerry|Intimidate|FakeOut,ThroatChop,PartingShot,Protect|Impish||F|||50|]Toxapex||Leftovers|Regenerator|Infestation,Toxic,BanefulBunker,WideGuard|Bold||M|||50|]Gengar||Gengarite|CursedBody|ShadowBall,PerishSong,Disable,Protect|Timid||F|||50|]Garchomp||SitrusBerry|RoughSkin|Earthquake,RockSlide,DragonClaw,Protect|Adamant||F|||50|
|inactive|Battle timer is ON: inactive players will automatically lose when time's up. (requested by mikelpoyarzabal)
|inactive|mikelpoyarzabal has 60 seconds left.
|inactive|KopeensHobbyShop has 60 seconds left.
|
|t:|1785852520
|teamsize|p1|4
|teamsize|p2|4
|start
|switch|p1a: Incineroar|Incineroar, L50, M|100/100
|switch|p1b: Swampert|Swampert, L50, F|100/100
|switch|p2a: Incineroar|Incineroar, L50, F|100/100
|switch|p2b: Charizard|Charizard, L50, F|100/100
|-ability|p2a: Incineroar|Intimidate|boost
|-unboost|p1a: Incineroar|atk|1
|-unboost|p1b: Swampert|atk|1
|-ability|p1a: Incineroar|Intimidate|boost
|-unboost|p2a: Incineroar|atk|1
|-unboost|p2b: Charizard|atk|1
|turn|1
|inactive|KopeensHobbyShop has 30 seconds left.
|inactive|KopeensHobbyShop has 20 seconds left.
|inactive|KopeensHobbyShop has 15 seconds left.
|
|t:|1785852564
|switch|p1b: Archaludon|Archaludon, L50, M|100/100
|move|p2b: Charizard|Protect|p2b: Charizard
|-singleturn|p2b: Charizard|Protect
|move|p2a: Incineroar|Fake Out|p1b: Archaludon
|-resisted|p1b: Archaludon|1
|-damage|p1b: Archaludon|97/100
|-ability|p1b: Archaludon|Stamina|boost
|-boost|p1b: Archaludon|def|1
|move|p1a: Incineroar|Fake Out|p2b: Charizard
|-activate|p2b: Charizard|move: Protect
|
|-heal|p1b: Archaludon|100/100|[from] item: Leftovers
|upkeep
|turn|2
|inactive|KopeensHobbyShop has 30 seconds left.
|
|t:|1785852591
|detailschange|p2b: Charizard|Charizard-Mega-Y, L50, F
|-mega|p2b: Charizard|Charizard|Charizardite Y
|-weather|SunnyDay|[from] ability: Drought|[of] p2b: Charizard
|move|p1b: Archaludon|Protect|p1b: Archaludon
|-singleturn|p1b: Archaludon|Protect
|move|p2b: Charizard|Weather Ball|p1b: Archaludon
|-activate|p1b: Archaludon|move: Protect
|move|p2a: Incineroar|Throat Chop|p1a: Incineroar
|-resisted|p1a: Incineroar|1
|-damage|p1a: Incineroar|91/100
|-start|p1a: Incineroar|Throat Chop|[silent]
|cant|p1a: Incineroar|move: Throat Chop
|
|-weather|SunnyDay|[upkeep]
|upkeep
|turn|3
|inactive|KopeensHobbyShop has 30 seconds left.
|
|t:|1785852618
|switch|p2b: Hydreigon|Hydreigon, L50, F|100/100
|switch|p1a: Politoed|Politoed, L50, F|100/100
|-weather|RainDance|[from] ability: Drizzle|[of] p1a: Politoed
|move|p1b: Archaludon|Electro Shot||[still]
|-prepare|p1b: Archaludon|Electro Shot
|-boost|p1b: Archaludon|spa|1
|-anim|p1b: Archaludon|Electro Shot|p2a: Incineroar
|-damage|p2a: Incineroar|50/100g
|move|p2a: Incineroar|Parting Shot|p1b: Archaludon
|-unboost|p1b: Archaludon|atk|1
|-unboost|p1b: Archaludon|spa|1
|
|t:|1785852632
|switch|p2a: Charizard|Charizard-Mega-Y, L50, F|100/100|[from] Parting Shot
|-weather|SunnyDay|[from] ability: Drought|[of] p2a: Charizard
|
|-weather|SunnyDay|[upkeep]
|upkeep
|turn|4
|
|t:|1785852642
|switch|p1a: Incineroar|Incineroar, L50, M|91/100
|-ability|p1a: Incineroar|Intimidate|boost
|-unboost|p2a: Charizard|atk|1
|-unboost|p2b: Hydreigon|atk|1
|move|p1b: Archaludon|Protect|p1b: Archaludon
|-singleturn|p1b: Archaludon|Protect
|move|p2b: Hydreigon|Snarl|p1b: Archaludon|[spread] p1a
|-activate|p1b: Archaludon|move: Protect
|-resisted|p1a: Incineroar|1
|-damage|p1a: Incineroar|83/100
|-unboost|p1a: Incineroar|spa|1
|move|p2a: Charizard|Solar Beam||[still]
|-prepare|p2a: Charizard|Solar Beam
|-anim|p2a: Charizard|Solar Beam|p1a: Incineroar
|-resisted|p1a: Incineroar|1
|-damage|p1a: Incineroar|66/100
|
|-weather|SunnyDay|[upkeep]
|upkeep
|turn|5
|
|t:|1785852662
|switch|p2a: Incineroar|Incineroar, L50, F|50/100g
|-ability|p2a: Incineroar|Intimidate|boost
|-unboost|p1a: Incineroar|atk|1
|-unboost|p1b: Archaludon|atk|1
|move|p2b: Hydreigon|Protect|p2b: Hydreigon
|-singleturn|p2b: Hydreigon|Protect
|move|p1b: Archaludon|Dragon Pulse|p2b: Hydreigon
|-activate|p2b: Hydreigon|move: Protect
|move|p1a: Incineroar|Parting Shot|p2a: Incineroar
|-unboost|p2a: Incineroar|atk|1
|-unboost|p2a: Incineroar|spa|1
|
|t:|1785852669
|switch|p1a: Swampert|Swampert, L50, F|100/100|[from] Parting Shot
|
|-weather|SunnyDay|[upkeep]
|upkeep
|turn|6
|inactive|KopeensHobbyShop has 30 seconds left.
|
|t:|1785852700
|detailschange|p1a: Swampert|Swampert-Mega, L50, F
|-mega|p1a: Swampert|Swampert|Swampertite
|move|p1a: Swampert|Protect|p1a: Swampert
|-singleturn|p1a: Swampert|Protect
|move|p1b: Archaludon|Protect|p1b: Archaludon
|-singleturn|p1b: Archaludon|Protect
|move|p2a: Incineroar|Fake Out|p1a: Swampert
|-activate|p1a: Swampert|move: Protect
|move|p2b: Hydreigon|Dark Pulse|p1b: Archaludon
|-activate|p1b: Archaludon|move: Protect
|
|-weather|SunnyDay|[upkeep]
|upkeep
|turn|7
|inactive|KopeensHobbyShop has 30 seconds left.
|
|t:|1785852734
|switch|p1a: Incineroar|Incineroar, L50, M|66/100
|-ability|p1a: Incineroar|Intimidate|boost
|-unboost|p2a: Incineroar|atk|1
|-unboost|p2b: Hydreigon|atk|1
|switch|p2a: Charizard|Charizard-Mega-Y, L50, F|100/100
|move|p2b: Hydreigon|Dark Pulse|p1b: Archaludon
|-damage|p1b: Archaludon|61/100
|-ability|p1b: Archaludon|Stamina|boost
|-boost|p1b: Archaludon|def|1
|move|p1b: Archaludon|Dragon Pulse|p2b: Hydreigon
|-supereffective|p2b: Hydreigon|1
|-damage|p2b: Hydreigon|14/100
|
|-weather|none
|-heal|p1b: Archaludon|68/100|[from] item: Leftovers
|upkeep
|turn|8
|
|t:|1785852758
|switch|p2b: Toxapex|Toxapex, L50, M|100/100
|switch|p2a: Incineroar|Incineroar, L50, F|50/100g
|-ability|p2a: Incineroar|Intimidate|boost
|-unboost|p1a: Incineroar|atk|1
|-unboost|p1b: Archaludon|atk|1
|move|p1a: Incineroar|Fake Out|p2b: Toxapex
|-damage|p2b: Toxapex|95/100
|move|p1b: Archaludon|Dragon Pulse|p2a: Incineroar
|-damage|p2a: Incineroar|21/100
|
|-heal|p1b: Archaludon|74/100|[from] item: Leftovers
|-heal|p2b: Toxapex|100/100|[from] item: Leftovers
|upkeep
|turn|9
|
|t:|1785852778
|move|p1b: Archaludon|Protect|p1b: Archaludon
|-singleturn|p1b: Archaludon|Protect
|move|p2a: Incineroar|Protect|p2a: Incineroar
|-singleturn|p2a: Incineroar|Protect
|move|p1a: Incineroar|Protect|p1a: Incineroar
|-singleturn|p1a: Incineroar|Protect
|move|p2b: Toxapex|Infestation|p1b: Archaludon
|-activate|p1b: Archaludon|move: Protect
|
|-heal|p1b: Archaludon|80/100|[from] item: Leftovers
|upkeep
|turn|10
|
|t:|1785852791
|move|p1b: Archaludon|Dragon Pulse|p2a: Incineroar
|-damage|p2a: Incineroar|0 fnt
|faint|p2a: Incineroar
|move|p1a: Incineroar|Parting Shot|p2b: Toxapex
|-unboost|p2b: Toxapex|atk|1
|-unboost|p2b: Toxapex|spa|1
|
|t:|1785852795
|switch|p1a: Swampert|Swampert-Mega, L50, F|100/100|[from] Parting Shot
|move|p2b: Toxapex|Infestation|p1b: Archaludon
|-resisted|p1b: Archaludon|1
|-damage|p1b: Archaludon|79/100
|-activate|p1b: Archaludon|move: Infestation|[of] p2b: Toxapex
|-ability|p1b: Archaludon|Stamina|boost
|-boost|p1b: Archaludon|def|1
|
|-heal|p1b: Archaludon|85/100|[from] item: Leftovers
|-damage|p1b: Archaludon|73/100|[from] move: Infestation|[partiallytrapped]
|upkeep
|
|t:|1785852806
|switch|p2a: Charizard|Charizard-Mega-Y, L50, F|100/100
|-weather|SunnyDay|[from] ability: Drought|[of] p2a: Charizard
|turn|11
|inactive|KopeensHobbyShop has 30 seconds left.
|inactive|KopeensHobbyShop has 20 seconds left.
|
|t:|1785852846
|switch|p1a: Politoed|Politoed, L50, F|100/100
|-weather|RainDance|[from] ability: Drizzle|[of] p1a: Politoed
|move|p2a: Charizard|Weather Ball|p1a: Politoed
|-resisted|p1a: Politoed|1
|-damage|p1a: Politoed|79/100
|move|p1b: Archaludon|Electro Shot||[still]
|-prepare|p1b: Archaludon|Electro Shot
|-boost|p1b: Archaludon|spa|1
|-anim|p1b: Archaludon|Electro Shot|p2b: Toxapex
|-supereffective|p2b: Toxapex|1
|-damage|p2b: Toxapex|8/100
|move|p2b: Toxapex|Toxic|p1a: Politoed
|-status|p1a: Politoed|tox
|
|-weather|RainDance|[upkeep]
|-heal|p1b: Archaludon|79/100|[from] item: Leftovers
|-heal|p2b: Toxapex|14/100|[from] item: Leftovers
|-damage|p1a: Politoed|73/100 tox|[from] psn
|-damage|p1b: Archaludon|67/100|[from] move: Infestation|[partiallytrapped]
|upkeep
|turn|12
|
|t:|1785852867
|move|p2b: Toxapex|Baneful Bunker|p2b: Toxapex
|-singleturn|p2b: Toxapex|move: Protect
|move|p2a: Charizard|Weather Ball|p1b: Archaludon
|-resisted|p1b: Archaludon|1
|-crit|p1b: Archaludon
|-damage|p1b: Archaludon|29/100
|-ability|p1b: Archaludon|Stamina|boost
|-boost|p1b: Archaludon|def|1
|move|p1b: Archaludon|Dragon Pulse|p2a: Charizard
|-damage|p2a: Charizard|49/100
|move|p1a: Politoed|Weather Ball|p2a: Charizard
|-supereffective|p2a: Charizard|1
|-damage|p2a: Charizard|0 fnt
|faint|p2a: Charizard
|
|-weather|RainDance|[upkeep]
|-heal|p1b: Archaludon|35/100|[from] item: Leftovers
|-heal|p2b: Toxapex|19/100|[from] item: Leftovers
|-damage|p1a: Politoed|61/100 tox|[from] psn
|-damage|p1b: Archaludon|23/100|[from] move: Infestation|[partiallytrapped]
|upkeep
|
|t:|1785852885
|switch|p2a: Hydreigon|Hydreigon, L50, F|14/100
|turn|13
|
|t:|1785852900
|move|p2a: Hydreigon|Draco Meteor|p1a: Politoed
|-damage|p1a: Politoed|11/100 tox
|-unboost|p2a: Hydreigon|spa|2
|-enditem|p1a: Politoed|Sitrus Berry|[eat]
|-heal|p1a: Politoed|36/100 tox|[from] item: Sitrus Berry
|move|p1b: Archaludon|Dragon Pulse|p2a: Hydreigon
|-supereffective|p2a: Hydreigon|1
|-damage|p2a: Hydreigon|0 fnt
|faint|p2a: Hydreigon
|move|p1a: Politoed|Perish Song|p1a: Politoed
|-start|p1a: Politoed|perish3|[silent]
|-start|p1b: Archaludon|perish3|[silent]
|-start|p2b: Toxapex|perish3|[silent]
|-fieldactivate|move: Perish Song
|move|p2b: Toxapex|Infestation|p1a: Politoed
|-damage|p1a: Politoed|34/100 tox
|-activate|p1a: Politoed|move: Infestation|[of] p2b: Toxapex
|
|-weather|RainDance|[upkeep]
|-heal|p1b: Archaludon|29/100|[from] item: Leftovers
|-heal|p2b: Toxapex|25/100|[from] item: Leftovers
|-damage|p1a: Politoed|15/100 tox|[from] psn
|-damage|p1b: Archaludon|17/100|[from] move: Infestation|[partiallytrapped]
|-damage|p1a: Politoed|3/100 tox|[from] move: Infestation|[partiallytrapped]
|-start|p1b: Archaludon|perish3
|-start|p1a: Politoed|perish3
|-start|p2b: Toxapex|perish3
|upkeep
|turn|14
|c|☆KopeensHobbyShop|thats a very good team
|c|☆KopeensHobbyShop|wp
|c|☆mikelpoyarzabal|ggsa
|c|☆mikelpoyarzabal|ggs
|c|☆KopeensHobbyShop|i like ur team
|c|☆mikelpoyarzabal|its edu cunha team
|
|t:|1785852923
|move|p2b: Toxapex|Baneful Bunker|p2b: Toxapex
|-singleturn|p2b: Toxapex|move: Protect
|move|p1b: Archaludon|Electro Shot||[still]
|-prepare|p1b: Archaludon|Electro Shot
|-boost|p1b: Archaludon|spa|1
|-anim|p1b: Archaludon|Electro Shot|p2b: Toxapex
|-activate|p2b: Toxapex|move: Protect
|move|p1a: Politoed|Weather Ball|p2b: Toxapex
|-activate|p2b: Toxapex|move: Protect
|
|-weather|RainDance|[upkeep]
|-heal|p1b: Archaludon|23/100|[from] item: Leftovers
|-heal|p2b: Toxapex|31/100|[from] item: Leftovers
|-damage|p1a: Politoed|0 fnt|[from] psn
|faint|p1a: Politoed
|-end|p1b: Archaludon|Infestation|[partiallytrapped]
|-start|p1b: Archaludon|perish2
|-start|p2b: Toxapex|perish2
|upkeep
|
|t:|1785852927
|switch|p1a: Incineroar|Incineroar, L50, M|66/100
|-ability|p1a: Incineroar|Intimidate|boost
|-unboost|p2b: Toxapex|atk|1
|turn|15
|c|☆KopeensHobbyShop|thank you!
|c|☆KopeensHobbyShop|i wanna find the paste
|c|☆KopeensHobbyShop|is it online?
|inactive|KopeensHobbyShop has 30 seconds left.
|
|t:|1785852956
|move|p1b: Archaludon|Electro Shot||[still]
|-prepare|p1b: Archaludon|Electro Shot
|-boost|p1b: Archaludon|spa|1
|-anim|p1b: Archaludon|Electro Shot|p2b: Toxapex
|-supereffective|p2b: Toxapex|1
|-damage|p2b: Toxapex|0 fnt
|faint|p2b: Toxapex
|
|win|mikelpoyarzabal
|raw|mikelpoyarzabal's rating: 1319 → 1342(+23 for winning)
|raw|KopeensHobbyShop's rating: 1365 → 1342(-23 for losing)
