|j|☆Invoker Kuzan
|j|☆Lucario Palworld
|html|Invoker KuzanLucario Palworld    
|uhtml|bestof|Game 1 of a best-of-3
|t:|1756396226
|gametype|doubles
|player|p1|Invoker Kuzan|marnie-masters3|1336
|player|p2|Lucario Palworld|1|1345
|gen|9
|tier|[Gen 9] VGC 2025 Reg H (Bo3)
|rated|
|rule|Species Clause: Limit one of each Pokémon
|rule|Item Clause: Limit 1 of each item
|clearpoke
|poke|p1|Indeedee-F, L50, F|
|poke|p1|Hatterene, L50, F|
|poke|p1|Gallade, L50, M|
|poke|p1|Ursaluna, L50, M|
|poke|p1|Lilligant-Hisui, L50, F|
|poke|p1|Torkoal, L50, M|
|poke|p2|Gholdengo, L50|
|poke|p2|Perrserker, L50, M|
|poke|p2|Dondozo, L50, M|
|poke|p2|Tatsugiri, L50, M|
|poke|p2|Weezing-Galar, L50, F|
|poke|p2|Typhlosion-Hisui, L50, F|
|teampreview|4
|showteam|p1|Indeedee-F||PsychicSeed|PsychicSurge|TrickRoom,FollowMe,HelpingHand,DazzlingGleam|||F|||50|,,,,,Fire]Hatterene||LifeOrb|MagicBounce|ExpandingForce,TrickRoom,DazzlingGleam,Protect|||F|||50|,,,,,Psychic]Gallade||ClearAmulet|Sharpness|PsychoCut,TrickRoom,SacredSword,WideGuard|||M|||50|,,,,,Grass]Ursaluna||FlameOrb|Guts|HeadlongRush,Facade,SwordsDance,Protect|||M|||50|,,,,,Ghost]Lilligant-Hisui||FocusSash|Chlorophyll|SolarBlade,SleepPowder,CloseCombat,AfterYou|||F|||50|,,,,,Ghost]Torkoal||ChoiceSpecs|Drought|Eruption,HeatWave,WeatherBall,EarthPower|||M|||50|,,,,,Fire
|showteam|p2|Gholdengo||ChoiceSpecs|GoodasGold|MakeItRain,ShadowBall,Thunderbolt,FocusBlast||||||50|,,,,,Steel]Perrserker||ChopleBerry|SteelySpirit|FakeOut,IronHead,Taunt,KnockOff|||M|||50|,,,,,Steel]Dondozo||ClearAmulet|Unaware|WaveCrash,Earthquake,OrderUp,Protect|||M|||50|,,,,,Grass]Tatsugiri||ChoiceScarf|Commander|MuddyWater,DracoMeteor,DragonPulse,IcyWind|||M|||50|,,,,,Steel]Weezing-Galar||CovertCloak|NeutralizingGas|DazzlingGleam,Taunt,SludgeBomb,Protect|||F|||50|,,,,,Grass]Typhlosion-Hisui||FocusSash|Blaze|Eruption,ShadowBall,TeraBlast,Protect|||F|||50|,,,,,Fairy
|
|t:|1756396261
|teamsize|p1|4
|teamsize|p2|4
|start
|switch|p1a: Indeedee|Indeedee-F, L50, F, shiny|100/100
|switch|p1b: Gallade|Gallade, L50, M, shiny|100/100
|switch|p2a: Weezing|Weezing-Galar, L50, F|100/100
|switch|p2b: Typhlosion|Typhlosion-Hisui, L50, F|100/100
|-ability|p2a: Weezing|Neutralizing Gas
|turn|1
|
|t:|1756396312
|-terastallize|p2a: Weezing|Grass
|move|p2b: Typhlosion|Eruption|p1b: Gallade|[spread] p1a,p1b
|-damage|p1a: Indeedee|49/100
|-damage|p1b: Gallade|46/100
|move|p1b: Gallade|Psycho Cut|p2a: Weezing
|-crit|p2a: Weezing
|-damage|p2a: Weezing|49/100
|move|p2a: Weezing|Dazzling Gleam|p1a: Indeedee|[spread] p1a,p1b
|-supereffective|p1b: Gallade
|-damage|p1a: Indeedee|25/100
|-damage|p1b: Gallade|0 fnt
|faint|p1b: Gallade
|move|p1a: Indeedee|Trick Room|p1a: Indeedee
|-fieldstart|move: Trick Room|[of] p1a: Indeedee
|
|upkeep
|
|t:|1756396318
|switch|p1b: Torkoal|Torkoal, L50, M, shiny|100/100
|turn|2
|
|t:|1756396336
|switch|p1a: Ursaluna|Ursaluna, L50, M, shiny|100/100
|-terastallize|p1b: Torkoal|Fire
|move|p2a: Weezing|Protect|p2a: Weezing
|-singleturn|p2a: Weezing|Protect
|move|p1b: Torkoal|Eruption|p2b: Typhlosion|[spread] p2b
|-activate|p2a: Weezing|move: Protect
|-resisted|p2b: Typhlosion
|-damage|p2b: Typhlosion|30/100
|move|p2b: Typhlosion|Eruption|p1a: Ursaluna|[spread] p1a,p1b
|-resisted|p1b: Torkoal
|-damage|p1a: Ursaluna|86/100
|-damage|p1b: Torkoal|90/100
|
|-status|p1a: Ursaluna|brn|[from] item: Flame Orb
|upkeep
|turn|3
|
|t:|1756396356
|move|p2a: Weezing|Protect||[still]
|-fail|p2a: Weezing
|move|p2b: Typhlosion|Protect|p2b: Typhlosion
|-singleturn|p2b: Typhlosion|Protect
|move|p1b: Torkoal|Eruption|p2b: Typhlosion|[spread] p2a
|-activate|p2b: Typhlosion|move: Protect
|-supereffective|p2a: Weezing
|-damage|p2a: Weezing|0 fnt
|faint|p2a: Weezing
|-end|p2a: Weezing|ability: Neutralizing Gas
|-weather|SunnyDay|[from] ability: Drought|[of] p1b: Torkoal
|move|p1a: Ursaluna|Swords Dance|p1a: Ursaluna
|-boost|p1a: Ursaluna|atk|2
|
|-weather|SunnyDay|[upkeep]
|-damage|p1a: Ursaluna|80/100 brn|[from] brn
|upkeep
|
|t:|1756396363
|switch|p2a: Dondozo|Dondozo, L50, M|100/100
|turn|4
|
|t:|1756396383
|switch|p2b: Tatsugiri|Tatsugiri, L50, M|100/100
|-activate|p2b: Tatsugiri|ability: Commander|[of] p2a: Dondozo
|-boost|p2a: Dondozo|atk|2
|-boost|p2a: Dondozo|spa|2
|-boost|p2a: Dondozo|spe|2
|-boost|p2a: Dondozo|def|2
|-boost|p2a: Dondozo|spd|2
|move|p1b: Torkoal|Eruption|p2b: Tatsugiri|[spread] p2a
|-miss|p1b: Torkoal|p2b: Tatsugiri
|-resisted|p2a: Dondozo
|-damage|p2a: Dondozo|65/100
|move|p1a: Ursaluna|Facade|p2a: Dondozo
|-damage|p2a: Dondozo|17/100
|move|p2a: Dondozo|Earthquake|p1b: Torkoal|[spread] p1a,p1b
|-miss|p2a: Dondozo|p2b: Tatsugiri
|-supereffective|p1b: Torkoal
|-damage|p1a: Ursaluna|51/100 brn
|-damage|p1b: Torkoal|20/100
|
|-weather|SunnyDay|[upkeep]
|-damage|p1a: Ursaluna|45/100 brn|[from] brn
|upkeep
|turn|5
|
|t:|1756396404
|switch|p1b: Indeedee|Indeedee-F, L50, F, shiny|25/100
|-fieldstart|move: Psychic Terrain|[from] ability: Psychic Surge|[of] p1b: Indeedee
|-enditem|p1b: Indeedee|Psychic Seed
|-boost|p1b: Indeedee|spd|1|[from] item: Psychic Seed
|move|p2a: Dondozo|Protect|p2a: Dondozo
|-singleturn|p2a: Dondozo|Protect
|move|p1a: Ursaluna|Facade|p2a: Dondozo
|-activate|p2a: Dondozo|move: Protect
|
|-weather|SunnyDay|[upkeep]
|-damage|p1a: Ursaluna|39/100 brn|[from] brn
|-fieldend|move: Trick Room
|upkeep
|turn|6
|
|t:|1756396410
|move|p2a: Dondozo|Earthquake|p1a: Ursaluna|[spread] p1a,p1b
|-miss|p2a: Dondozo|p2b: Tatsugiri
|-damage|p1a: Ursaluna|5/100 brn
|-damage|p1b: Indeedee|0 fnt
|faint|p1b: Indeedee
|move|p1a: Ursaluna|Facade|p2a: Dondozo
|-damage|p2a: Dondozo|0 fnt
|faint|p2a: Dondozo
|
|-weather|SunnyDay|[upkeep]
|-damage|p1a: Ursaluna|0 fnt|[from] brn
|faint|p1a: Ursaluna
|upkeep
|
|t:|1756396414
|switch|p2a: Typhlosion|Typhlosion-Hisui, L50, F|30/100
|switch|p1b: Torkoal|Torkoal, L50, M, shiny, tera:Fire|20/100
|turn|7
|-message|Invoker Kuzan forfeited.
|
|win|Lucario Palworld
||Invoker Kuzan is ready for game 2.
||Lucario Palworld is ready for game 2.
|uhtml|next|Next: Game 2 of 3
|l|☆Lucario Palworld
|player|p2|
