|j|☆Fell Blue
|j|☆dreamswgh
|html|Fell Bluedreamswgh    
|uhtml|bestof|Game 1 of a best-of-3
|t:|1783466621
|gametype|doubles
|player|p1|Fell Blue|fantina|
|player|p2|dreamswgh|1|
|gen|9
|tier|[Gen 9 Champions] VGC 2026 Reg M-B (Bo3)
|rule|Species Clause: Limit one of each Pokémon
|rule|Item Clause: Limit 1 of each item
|clearpoke
|poke|p1|Mawile, L50, F|
|poke|p1|Hydreigon, L50, M|
|poke|p1|Delphox, L50, F|
|poke|p1|Sneasler, L50, M|
|poke|p1|Sinistcha, L50|
|poke|p1|Incineroar, L50, M|
|poke|p2|Metagross, L50|
|poke|p2|Pelipper, L50, M|
|poke|p2|Sinistcha, L50|
|poke|p2|Archaludon, L50, M|
|poke|p2|Swampert, L50, F|
|poke|p2|Grimmsnarl, L50, M|
|teampreview|4
|showteam|p1|Mawile||Mawilite|HyperCutter|SuckerPunch,PlayRough,SwordsDance,Protect|Brave||F|||50|]Hydreigon||ChoiceScarf|Levitate|DarkPulse,DracoMeteor,EarthPower,Snarl|Modest||M|||50|]Delphox||Delphoxite|Blaze|HeatWave,Psychic,NastyPlot,Protect|Timid||F|||50|]Sneasler||FocusSash|PoisonTouch|DireClaw,CloseCombat,QuickGuard,FakeOut|Adamant||M|||50|]Sinistcha||KasibBerry|Hospitality|Hex,TrickRoom,MatchaGotcha,RagePowder|Bold|||||50|]Incineroar||SitrusBerry|Intimidate|FlareBlitz,ThroatChop,PartingShot,FakeOut|Impish||M|||50|
|showteam|p2|Metagross||Metagrossite|ClearBody|IronHead,PsychicFangs,BodyPress,Protect|Jolly|||||50|]Pelipper||SitrusBerry|Drizzle|Hurricane,WeatherBall,Tailwind,WideGuard|Modest||M|||50|]Sinistcha||KasibBerry|Hospitality|MatchaGotcha,RagePowder,TrickRoom,Protect|Relaxed|||||50|]Archaludon||Leftovers|Stamina|ElectroShot,DragonPulse,FlashCannon,Protect|Modest||M|||50|]Swampert||Swampertite|Damp|WaveCrash,Earthquake,IcePunch,Protect|Adamant||F|||50|]Grimmsnarl||LightClay|Prankster|FoulPlay,PartingShot,Reflect,LightScreen|Calm||M|||50|
|
|t:|1783466698
|teamsize|p1|4
|teamsize|p2|4
|start
|switch|p1a: Hydreigon|Hydreigon, L50, M|100/100
|switch|p1b: Sneasler|Sneasler, L50, M|100/100
|switch|p2a: Grimmsnarl|Grimmsnarl, L50, M|100/100
|switch|p2b: Pelipper|Pelipper, L50, M|100/100
|-weather|RainDance|[from] ability: Drizzle|[of] p2b: Pelipper
|turn|1
|
|t:|1783466720
|move|p2a: Grimmsnarl|Light Screen|p2a: Grimmsnarl
|-sidestart|p2: dreamswgh|move: Light Screen
|move|p1a: Hydreigon|Snarl|p2a: Grimmsnarl|[spread] p2a
|-miss|p1a: Hydreigon|p2b: Pelipper
|-resisted|p2a: Grimmsnarl|2
|-damage|p2a: Grimmsnarl|96/100
|-unboost|p2a: Grimmsnarl|spa|1
|move|p1b: Sneasler|Dire Claw|p2a: Grimmsnarl
|-supereffective|p2a: Grimmsnarl|1
|-damage|p2a: Grimmsnarl|1/100
|move|p2b: Pelipper|Tailwind|p2b: Pelipper
|-sidestart|p2: dreamswgh|move: Tailwind
|
|-weather|RainDance|[upkeep]
|upkeep
|turn|2
|
|t:|1783466745
|switch|p1a: Sinistcha|Sinistcha, L50|100/100
|move|p2a: Grimmsnarl|Reflect|p2a: Grimmsnarl
|-sidestart|p2: dreamswgh|Reflect
|move|p2b: Pelipper|Hurricane|p1b: Sneasler
|-supereffective|p1b: Sneasler|1
|-enditem|p1b: Sneasler|Focus Sash
|-damage|p1b: Sneasler|1/100
|move|p1b: Sneasler|Dire Claw|p2b: Pelipper
|-damage|p2b: Pelipper|64/100
|
|-weather|RainDance|[upkeep]
|upkeep
|turn|3
|
|t:|1783466763
|move|p2a: Grimmsnarl|Parting Shot|p1b: Sneasler
|-unboost|p1b: Sneasler|atk|1
|-unboost|p1b: Sneasler|spa|1
|
|t:|1783466767
|switch|p2a: Archaludon|Archaludon, L50, M|100/100|[from] Parting Shot
|move|p2b: Pelipper|Hurricane|p1a: Sinistcha
|-supereffective|p1a: Sinistcha|1
|-crit|p1a: Sinistcha
|-damage|p1a: Sinistcha|0 fnt
|faint|p1a: Sinistcha
|move|p1b: Sneasler|Dire Claw|p2b: Pelipper
|-damage|p2b: Pelipper|41/100
|-enditem|p2b: Pelipper|Sitrus Berry|[eat]
|-heal|p2b: Pelipper|66/100|[from] item: Sitrus Berry
|
|-weather|RainDance|[upkeep]
|upkeep
|c|☆Fell Blue|😭
|
|t:|1783466782
|switch|p1a: Hydreigon|Hydreigon, L50, M|100/100
|turn|4
|c|☆dreamswgh|hella crits
|c|☆dreamswgh|NOOO
|
|t:|1783466794
|switch|p1b: Mawile|Mawile, L50, F|100/100
|move|p2b: Pelipper|Wide Guard|p2b: Pelipper
|-singleturn|p2b: Pelipper|Wide Guard
|move|p1a: Hydreigon|Snarl|p2b: Pelipper|[spread] 
|-activate|p2a: Archaludon|move: Wide Guard
|-activate|p2b: Pelipper|move: Wide Guard
|move|p2a: Archaludon|Electro Shot||[still]
|-prepare|p2a: Archaludon|Electro Shot
|-boost|p2a: Archaludon|spa|1
|-anim|p2a: Archaludon|Electro Shot|p1b: Mawile
|-damage|p1b: Mawile|10/100
|
|-weather|RainDance|[upkeep]
|-sideend|p2: dreamswgh|move: Tailwind
|upkeep
|turn|5
|
|t:|1783466827
|detailschange|p1b: Mawile|Mawile-Mega, L50, F
|-mega|p1b: Mawile|Mawile|Mawilite
|move|p2b: Pelipper|Wide Guard|p2b: Pelipper
|-singleturn|p2b: Pelipper|Wide Guard
|move|p1a: Hydreigon|Snarl|p2b: Pelipper|[spread] 
|-activate|p2a: Archaludon|move: Wide Guard
|-activate|p2b: Pelipper|move: Wide Guard
|move|p2a: Archaludon|Electro Shot||[still]
|-prepare|p2a: Archaludon|Electro Shot
|-boost|p2a: Archaludon|spa|1
|-anim|p2a: Archaludon|Electro Shot|p1a: Hydreigon
|-resisted|p1a: Hydreigon|1
|-damage|p1a: Hydreigon|52/100
|move|p1b: Mawile|Play Rough|p2b: Pelipper
|-damage|p2b: Pelipper|5/100
|
|-weather|none
|upkeep
|turn|6
|
|t:|1783466856
|switch|p1a: Sneasler|Sneasler, L50, M|1/100
|switch|p2b: Grimmsnarl|Grimmsnarl, L50, M|1/100
|move|p1b: Mawile|Sucker Punch||[still]
|-fail|p1b: Mawile
|move|p2a: Archaludon|Flash Cannon|p1b: Mawile
|-damage|p1b: Mawile|0 fnt
|faint|p1b: Mawile
|
|upkeep
|
|t:|1783466858
|switch|p1b: Hydreigon|Hydreigon, L50, M|52/100
|turn|7
|
|t:|1783466883
|move|p2a: Archaludon|Protect|p2a: Archaludon
|-singleturn|p2a: Archaludon|Protect
|move|p1b: Hydreigon|Snarl|p2a: Archaludon|[spread] p2b
|-activate|p2a: Archaludon|move: Protect
|-resisted|p2b: Grimmsnarl|2
|-crit|p2b: Grimmsnarl
|-damage|p2b: Grimmsnarl|0 fnt
|faint|p2b: Grimmsnarl
|move|p1a: Sneasler|Close Combat|p2a: Archaludon
|-activate|p2a: Archaludon|move: Protect
|
|upkeep
|
|t:|1783466894
|switch|p2b: Pelipper|Pelipper, L50, M|5/100
|-weather|RainDance|[from] ability: Drizzle|[of] p2b: Pelipper
|turn|8
|
|t:|1783466908
|move|p1b: Hydreigon|Snarl|p2b: Pelipper|[spread] p2a,p2b
|-damage|p2a: Archaludon|84/100
|-damage|p2b: Pelipper|0 fnt
|-unboost|p2a: Archaludon|spa|1
|-ability|p2a: Archaludon|Stamina|boost
|-boost|p2a: Archaludon|def|1
|faint|p2b: Pelipper
|move|p1a: Sneasler|Close Combat|p2a: Archaludon
|-supereffective|p2a: Archaludon|1
|-damage|p2a: Archaludon|40/100
|-unboost|p1a: Sneasler|def|1
|-unboost|p1a: Sneasler|spd|1
|-ability|p2a: Archaludon|Stamina|boost
|-boost|p2a: Archaludon|def|1
|move|p2a: Archaludon|Dragon Pulse|p1b: Hydreigon
|-supereffective|p1b: Hydreigon|1
|-damage|p1b: Hydreigon|0 fnt
|faint|p1b: Hydreigon
|
|-weather|RainDance|[upkeep]
|-heal|p2a: Archaludon|46/100|[from] item: Leftovers
|-sideend|p2: dreamswgh|move: Light Screen
|upkeep
|
|t:|1783466921
|switch|p2b: Swampert|Swampert, L50, F|100/100
|turn|9
|-message|Fell Blue forfeited.
|
|win|dreamswgh
||Fell Blue is ready for game 2.
|inactive|dreamswgh has 30 seconds to confirm battle start!
|inactive|dreamswgh has 20 seconds to confirm battle start!
||dreamswgh is ready for game 2.
|uhtml|next|Next: Game 2 of 3
