|j|☆crimsonkidd
|j|☆Dudthestud
|html|crimsonkiddDudthestud    
|uhtml|bestof|Game 1 of a best-of-3
|t:|1757182795
|gametype|doubles
|player|p1|crimsonkidd|lance|1116
|player|p2|Dudthestud|101|1076
|gen|9
|tier|[Gen 9] VGC 2025 Reg H (Bo3)
|rated|
|rule|Species Clause: Limit one of each Pokémon
|rule|Item Clause: Limit 1 of each item
|clearpoke
|poke|p1|Tyranitar, L50, F|
|poke|p1|Garchomp, L50, F|
|poke|p1|Amoonguss, L50, M|
|poke|p1|Archaludon, L50, F|
|poke|p1|Milotic, L50, F|
|poke|p1|Dragonite, L50, M|
|poke|p2|Electabuzz, L50, M|
|poke|p2|Kingambit, L50, M|
|poke|p2|Volcarona, L50, M|
|poke|p2|Dragonite, L50, M|
|poke|p2|Sneasler, L50, F|
|poke|p2|Rillaboom, L50, F|
|teampreview|4
|showteam|p1|Tyranitar||AssaultVest|SandStream|KnockOff,RockSlide,TeraBlast,LowKick|||F|||50|,,,,,Flying]Garchomp||LifeOrb|SandVeil|Earthquake,SwordsDance,Protect,DragonClaw|||F|||50|,,,,,Ground]Amoonguss||CovertCloak|Regenerator|RagePowder,Spore,PollenPuff,SludgeBomb|||M|||50|,,,,,Water]Archaludon||PowerHerb|Sturdy|ElectroShot,AuraSphere,Protect,FlashCannon|||F|||50|,,,,,Stellar]Milotic||SitrusBerry|Competitive|Scald,IcyWind,Protect,Haze|||F|||50|,,,,,Poison]Dragonite||LoadedDice|Multiscale|ScaleShot,TeraBlast,Protect,Tailwind|||M|||50|,,,,,Flying
|showteam|p2|Electabuzz||Eviolite|VitalSpirit|FollowMe,Thunderbolt,Taunt,Protect|||M|||50|,,,,,Ghost]Kingambit||BlackGlasses|Defiant|KowtowCleave,SuckerPunch,SwordsDance,Protect|||M|||50|,,,,,Dark]Volcarona||Leftovers|FlameBody|HeatWave,TeraBlast,QuiverDance,Protect|||M|||50|,,,,,Fairy]Dragonite||LoadedDice|Multiscale|ScaleShot,ExtremeSpeed,Haze,Protect|||M|||50|,,,,,Fairy]Sneasler||FocusSash|Unburden|DireClaw,CloseCombat,Coaching,FakeOut|||F|||50|,,,,,Stellar]Rillaboom||AssaultVest|GrassySurge|FakeOut,WoodHammer,GrassyGlide,HighHorsepower|||F|||50|,,,,,Fire
|inactive|Battle timer is ON: inactive players will automatically lose when time's up. (requested by Dudthestud)
|inactive|crimsonkidd has 60 seconds left.
|
|t:|1757182827
|teamsize|p1|4
|teamsize|p2|4
|start
|switch|p1a: Garchomp|Garchomp, L50, F|100/100
|switch|p1b: Dragonite|Dragonite, L50, M|100/100
|switch|p2a: Rillaboom|Rillaboom, L50, F|100/100
|switch|p2b: Volcarona|Volcarona, L50, M|100/100
|-fieldstart|move: Grassy Terrain|[from] ability: Grassy Surge|[of] p2a: Rillaboom
|turn|1
|inactive|crimsonkidd has 30 seconds left.
|inactive|crimsonkidd has 20 seconds left.
|inactive|crimsonkidd has 15 seconds left.
|inactive|crimsonkidd has 10 seconds left.
|inactive|crimsonkidd has 5 seconds left.
|
|t:|1757182877
|-terastallize|p2b: Volcarona|Fairy
|move|p2a: Rillaboom|Fake Out|p1b: Dragonite
|-damage|p1b: Dragonite|93/100
|move|p1a: Garchomp|Swords Dance|p1a: Garchomp
|-boost|p1a: Garchomp|atk|2
|move|p2b: Volcarona|Quiver Dance|p2b: Volcarona
|-boost|p2b: Volcarona|spa|1
|-boost|p2b: Volcarona|spd|1
|-boost|p2b: Volcarona|spe|1
|cant|p1b: Dragonite|flinch
|
|upkeep
|turn|2
|inactive|Dudthestud has 30 seconds left.
|inactive|crimsonkidd has 30 seconds left.
|
|t:|1757182915
|switch|p2a: Dragonite|Dragonite, L50, M|100/100
|-terastallize|p1b: Dragonite|Flying
|move|p1a: Garchomp|Protect|p1a: Garchomp
|-singleturn|p1a: Garchomp|Protect
|move|p2b: Volcarona|Tera Blast|p1a: Garchomp|[anim] Tera Blast Fairy
|-activate|p1a: Garchomp|move: Protect
|move|p1b: Dragonite|Tera Blast|p2b: Volcarona|[anim] Tera Blast Flying
|-damage|p2b: Volcarona|32/100
|
|-heal|p2b: Volcarona|38/100|[from] Grassy Terrain
|-heal|p2b: Volcarona|44/100|[from] item: Leftovers
|upkeep
|turn|3
|inactive|crimsonkidd has 30 seconds left.
|
|t:|1757182947
|switch|p1a: Amoonguss|Amoonguss, L50, M, shiny|100/100
|move|p2b: Volcarona|Tera Blast|p1a: Amoonguss|[anim] Tera Blast Fairy
|-resisted|p1a: Amoonguss
|-damage|p1a: Amoonguss|74/100
|move|p1b: Dragonite|Tailwind|p1b: Dragonite
|-sidestart|p1: crimsonkidd|move: Tailwind
|move|p2a: Dragonite|Scale Shot|p1b: Dragonite
|-damage|p1b: Dragonite|75/100
|-damage|p1b: Dragonite|57/100
|-damage|p1b: Dragonite|39/100
|-damage|p1b: Dragonite|22/100
|-hitcount|p1b: Dragonite|4
|-unboost|p2a: Dragonite|def|1
|-boost|p2a: Dragonite|spe|1
|
|-heal|p2b: Volcarona|50/100|[from] Grassy Terrain
|-heal|p2b: Volcarona|57/100|[from] item: Leftovers
|-heal|p1a: Amoonguss|80/100|[from] Grassy Terrain
|upkeep
|turn|4
|inactive|crimsonkidd has 30 seconds left.
|inactive|crimsonkidd has 20 seconds left.
|
|t:|1757182983
|move|p2a: Dragonite|Extreme Speed|p1b: Dragonite
|-damage|p1b: Dragonite|0 fnt
|faint|p1b: Dragonite
|move|p2b: Volcarona|Heat Wave|p1a: Amoonguss
|-supereffective|p1a: Amoonguss
|-damage|p1a: Amoonguss|0 fnt
|faint|p1a: Amoonguss
|
|-heal|p2b: Volcarona|63/100|[from] Grassy Terrain
|-heal|p2b: Volcarona|69/100|[from] item: Leftovers
|upkeep
|
|t:|1757182988
|switch|p1b: Garchomp|Garchomp, L50, F|100/100
|switch|p1a: Tyranitar|Tyranitar, L50, F, shiny|100/100
|-weather|Sandstorm|[from] ability: Sand Stream|[of] p1a: Tyranitar
|turn|5
|
|t:|1757183009
|move|p1b: Garchomp|Protect|p1b: Garchomp
|-singleturn|p1b: Garchomp|Protect
|move|p2b: Volcarona|Protect|p2b: Volcarona
|-singleturn|p2b: Volcarona|Protect
|move|p2a: Dragonite|Scale Shot|p1b: Garchomp
|-activate|p1b: Garchomp|move: Protect
|move|p1a: Tyranitar|Rock Slide|p2b: Volcarona|[spread] p2a
|-activate|p2b: Volcarona|move: Protect
|-supereffective|p2a: Dragonite
|-damage|p2a: Dragonite|42/100
|
|-weather|Sandstorm|[upkeep]
|-damage|p2b: Volcarona|63/100|[from] Sandstorm
|-damage|p2a: Dragonite|36/100|[from] Sandstorm
|-heal|p2b: Volcarona|69/100|[from] Grassy Terrain
|-heal|p2b: Volcarona|75/100|[from] item: Leftovers
|-fieldend|move: Grassy Terrain
|upkeep
|turn|6
|inactive|crimsonkidd has 30 seconds left.
|inactive|crimsonkidd has 20 seconds left.
|inactive|Dudthestud has 30 seconds left.
|
|t:|1757183049
|move|p1b: Garchomp|Dragon Claw|p2a: Dragonite
|-supereffective|p2a: Dragonite
|-damage|p2a: Dragonite|0 fnt
|faint|p2a: Dragonite
|-damage|p1b: Garchomp|91/100|[from] item: Life Orb
|move|p2b: Volcarona|Tera Blast|p1b: Garchomp|[anim] Tera Blast Fairy
|-supereffective|p1b: Garchomp
|-damage|p1b: Garchomp|0 fnt
|faint|p1b: Garchomp
|move|p1a: Tyranitar|Rock Slide|p2b: Volcarona
|-damage|p2b: Volcarona|31/100
|
|-weather|Sandstorm|[upkeep]
|-damage|p2b: Volcarona|25/100|[from] Sandstorm
|-heal|p2b: Volcarona|31/100|[from] item: Leftovers
|-sideend|p1: crimsonkidd|move: Tailwind
|upkeep
|
|t:|1757183057
|switch|p2a: Sneasler|Sneasler, L50, F|100/100
|turn|7
|
|t:|1757183062
|move|p2b: Volcarona|Tera Blast|p1a: Tyranitar|[anim] Tera Blast Fairy
|-supereffective|p1a: Tyranitar
|-damage|p1a: Tyranitar|57/100
|move|p2a: Sneasler|Close Combat|p1a: Tyranitar
|-supereffective|p1a: Tyranitar
|-damage|p1a: Tyranitar|0 fnt
|-unboost|p2a: Sneasler|def|1
|-unboost|p2a: Sneasler|spd|1
|faint|p1a: Tyranitar
|
|win|Dudthestud
||crimsonkidd is ready for game 2.
||Dudthestud is ready for game 2.
|uhtml|next|Next: Game 2 of 3
|l|☆Dudthestud
|player|p2|
