|badge|p1|bronze|gen9ou|100-6
|uhtml|medal-msg|Curious what those medals under the avatar are? PS now has Ladder Seasons! For more information, check out the thread on Smogon.
|j|☆JackRG1
|j|☆ZilverZurfer
|html|JackRG1ZilverZurfer    
|uhtml|bestof|Game 2 of a best-of-3
|t:|1757640033
|gametype|doubles
|player|p1|JackRG1|dawn-gen4pt|1278
|player|p2|ZilverZurfer|2|1167
|gen|9
|tier|[Gen 9] VGC 2025 Reg H (Bo3)
|rated|
|rule|Species Clause: Limit one of each Pokémon
|rule|Item Clause: Limit 1 of each item
|clearpoke
|poke|p1|Tyranitar, L50, F|
|poke|p1|Excadrill, L50, F|
|poke|p1|Milotic, L50, M|
|poke|p1|Reuniclus, L50, F|
|poke|p1|Indeedee-F, L50, F|
|poke|p1|Volcarona, L50, F|
|poke|p2|Torkoal, L50, M|
|poke|p2|Lilligant-Hisui, L50, F|
|poke|p2|Indeedee-F, L50, F|
|poke|p2|Hatterene, L50, F|
|poke|p2|Gallade, L50, M|
|poke|p2|Ursaluna, L50, M|
|teampreview|4
|showteam|p1|Tyranitar||AssaultVest|SandStream|RockSlide,KnockOff,LowKick,TeraBlast|||F|||50|,,,,,Flying]Excadrill||FocusSash|SandRush|Earthquake,HighHorsepower,IronHead,Protect|||F|||50|,,,,,Stellar]Milotic||CovertCloak|Competitive|Scald,IcyWind,Haze,Protect|||M|||50|,,,,,Grass]Reuniclus||LifeOrb|MagicGuard|ExpandingForce,TrickRoom,Protect,TeraBlast|||F|||50|,,,,,Fighting]Indeedee-F||SafetyGoggles|PsychicSurge|TrickRoom,Protect,Psychic,FollowMe|||F|||50|,,,,,Fairy]Volcarona||Leftovers|FlameBody|Protect,HeatWave,QuiverDance,GigaDrain|||F|||50|,,,,,Grass
|showteam|p2|Torkoal||ChoiceSpecs|Drought|Eruption,HeatWave,EarthPower,WeatherBall|||M|||50|,,,,,Fire]Lilligant-Hisui||FocusSash|Chlorophyll|Protect,AfterYou,CloseCombat,SolarBlade|||F|||50|,,,,,Ghost]Indeedee-F||PsychicSeed|PsychicSurge|Psychic,HelpingHand,TrickRoom,FollowMe|||F|||50|,,,,,Water]Hatterene||LifeOrb|MagicBounce|Protect,ExpandingForce,DazzlingGleam,TrickRoom|||F|||50|,,,,,Fire]Gallade||ClearAmulet|Sharpness|SacredSword,PsychoCut,TrickRoom,WideGuard|||M|||50|,,,,,Grass]Ursaluna||FlameOrb|Guts|Protect,HeadlongRush,Earthquake,Facade|||M|||50|,,,,,Ghost
|inactive|Battle timer is ON: inactive players will automatically lose when time's up. (requested by JackRG1)
|inactive|ZilverZurfer has 60 seconds left.
|
|t:|1757640064
|teamsize|p1|4
|teamsize|p2|4
|start
|switch|p1a: Excadrill|Excadrill, L50, F|100/100
|switch|p1b: Tyranitar|Tyranitar, L50, F|100/100
|switch|p2a: Torkoal|Torkoal, L50, M|100/100
|switch|p2b: Lilligant|Lilligant-Hisui, L50, F|100/100
|-weather|Sandstorm|[from] ability: Sand Stream|[of] p1b: Tyranitar
|-weather|SunnyDay|[from] ability: Drought|[of] p2a: Torkoal
|turn|1
|
|t:|1757640077
|switch|p1b: Milotic|Milotic, L50, M|100/100
|move|p2b: Lilligant|After You|p2a: Torkoal
|-activate|p2a: Torkoal|move: After You
|move|p2a: Torkoal|Eruption|p1b: Milotic|[spread] p1a,p1b
|-supereffective|p1a: Excadrill
|-resisted|p1b: Milotic
|-enditem|p1a: Excadrill|Focus Sash
|-damage|p1a: Excadrill|1/100
|-damage|p1b: Milotic|60/100
|move|p1a: Excadrill|Iron Head|p2b: Lilligant
|-damage|p2b: Lilligant|36/100
|
|-weather|SunnyDay|[upkeep]
|upkeep
|turn|2
|
|t:|1757640097
|switch|p1b: Tyranitar|Tyranitar, L50, F|100/100
|-weather|Sandstorm|[from] ability: Sand Stream|[of] p1b: Tyranitar
|move|p1a: Excadrill|High Horsepower|p2a: Torkoal
|-supereffective|p2a: Torkoal
|-damage|p2a: Torkoal|28/100
|move|p2b: Lilligant|After You|p2a: Torkoal
|-activate|p2a: Torkoal|move: After You
|move|p2a: Torkoal|Eruption|p1a: Excadrill|[spread] p1a,p1b
|-supereffective|p1a: Excadrill
|-resisted|p1b: Tyranitar
|-crit|p1b: Tyranitar
|-damage|p1a: Excadrill|0 fnt
|-damage|p1b: Tyranitar|94/100
|faint|p1a: Excadrill
|
|-weather|Sandstorm|[upkeep]
|-damage|p2b: Lilligant|30/100|[from] Sandstorm
|-damage|p2a: Torkoal|22/100|[from] Sandstorm
|upkeep
|
|t:|1757640103
|switch|p1a: Reuniclus|Reuniclus, L50, F|100/100
|turn|3
|
|t:|1757640128
|switch|p1b: Milotic|Milotic, L50, M|60/100
|switch|p2a: Ursaluna|Ursaluna, L50, M|100/100
|move|p2b: Lilligant|Close Combat|p1b: Milotic
|-damage|p1b: Milotic|11/100
|-unboost|p2b: Lilligant|def|1
|-unboost|p2b: Lilligant|spd|1
|move|p1a: Reuniclus|Trick Room|p1a: Reuniclus
|-fieldstart|move: Trick Room|[of] p1a: Reuniclus
|
|-weather|Sandstorm|[upkeep]
|-damage|p1b: Milotic|5/100|[from] Sandstorm
|-damage|p2b: Lilligant|24/100|[from] Sandstorm
|-status|p2a: Ursaluna|brn|[from] item: Flame Orb
|upkeep
|turn|4
|inactive|JackRG1 has 30 seconds left.
|
|t:|1757640154
|move|p2a: Ursaluna|Protect|p2a: Ursaluna
|-singleturn|p2a: Ursaluna|Protect
|move|p1a: Reuniclus|Expanding Force|p2a: Ursaluna
|-activate|p2a: Ursaluna|move: Protect
|move|p1b: Milotic|Scald|p2a: Ursaluna
|-activate|p2a: Ursaluna|move: Protect
|move|p2b: Lilligant|Close Combat|p1b: Milotic
|-damage|p1b: Milotic|0 fnt
|-unboost|p2b: Lilligant|def|1
|-unboost|p2b: Lilligant|spd|1
|faint|p1b: Milotic
|
|-weather|Sandstorm|[upkeep]
|-damage|p2b: Lilligant|18/100|[from] Sandstorm
|-damage|p2a: Ursaluna|94/100 brn|[from] brn
|upkeep
|
|t:|1757640158
|switch|p1b: Tyranitar|Tyranitar, L50, F|94/100
|turn|5
|
|t:|1757640177
|switch|p2a: Torkoal|Torkoal, L50, M|22/100
|-weather|SunnyDay|[from] ability: Drought|[of] p2a: Torkoal
|-terastallize|p1b: Tyranitar|Flying
|move|p1a: Reuniclus|Expanding Force|p2a: Torkoal
|-damage|p2a: Torkoal|0 fnt
|faint|p2a: Torkoal
|move|p1b: Tyranitar|Knock Off|p2b: Lilligant
|-resisted|p2b: Lilligant
|-damage|p2b: Lilligant|0 fnt
|-enditem|p2b: Lilligant|Focus Sash|[from] move: Knock Off|[of] p1b: Tyranitar
|faint|p2b: Lilligant
|
|-weather|SunnyDay|[upkeep]
|upkeep
|
|t:|1757640187
|switch|p2a: Ursaluna|Ursaluna, L50, M|94/100 brn
|switch|p2b: Gallade|Gallade, L50, M|100/100
|turn|6
|inactive|ZilverZurfer has 30 seconds left.
|
|t:|1757640215
|-terastallize|p2a: Ursaluna|Ghost
|move|p1a: Reuniclus|Expanding Force|p2a: Ursaluna
|-damage|p2a: Ursaluna|50/100 brn
|move|p2a: Ursaluna|Facade|p1b: Tyranitar
|-damage|p1b: Tyranitar|0 fnt
|faint|p1b: Tyranitar
|move|p2b: Gallade|Psycho Cut|p1a: Reuniclus
|-resisted|p1a: Reuniclus
|-crit|p1a: Reuniclus
|-damage|p1a: Reuniclus|51/100
|
|-weather|SunnyDay|[upkeep]
|-damage|p2a: Ursaluna|44/100 brn|[from] brn
|upkeep
|turn|7
|-message|JackRG1 forfeited.
|
|win|ZilverZurfer
|l|☆JackRG1
|player|p1|
||ZilverZurfer is ready for game 3.
||JackRG1 is ready for game 3.
|uhtml|next|Next: Game 3 of 3
