|j|☆ShadowArachne
|j|☆redjaguar
|html|ShadowArachneredjaguar    
|uhtml|bestof|Game 2 of a best-of-3
|t:|1784572938
|gametype|doubles
|player|p1|ShadowArachne|sabrina|1092
|player|p2|redjaguar|gambler|1000
|gen|9
|tier|[Gen 9 Champions] VGC 2026 Reg M-B (Bo3)
|rated|
|rule|Species Clause: Limit one of each Pokémon
|rule|Item Clause: Limit 1 of each item
|clearpoke
|poke|p1|Sinistcha, L50|
|poke|p1|Camerupt, L50, M|
|poke|p1|Milotic, L50, F|
|poke|p1|Sylveon, L50, F|
|poke|p1|Armarouge, L50, F|
|poke|p1|Chesnaught, L50, M|
|poke|p2|Dragonite, L50, F|
|poke|p2|Gardevoir, L50, F|
|poke|p2|Raichu, L50, F|
|poke|p2|Kingambit, L50, F|
|poke|p2|Incineroar, L50, M|
|poke|p2|Empoleon, L50, M|
|teampreview|4
|showteam|p1|Sinistcha||ColburBerry|Hospitality|MatchaGotcha,TrickRoom,LifeDew,Protect|Relaxed|||||50|]Camerupt||Cameruptite|SolidRock|EarthPower,RockSlide,Overheat,Protect|Modest||M|||50|]Milotic||Leftovers|Competitive|MuddyWater,Coil,Hypnosis,Protect|Quiet||F|||50|]Sylveon||FairyFeather|Pixilate|HyperVoice,ShadowBall,Moonblast,Protect|Quiet||F|||50|]Armarouge||LifeOrb|FlashFire|BurnUp,TrickRoom,Psyshock,Protect|Quiet||F|||50|]Chesnaught||Chesnaughtite|Bulletproof|BodyPress,IronDefense,SpikyShield,WoodHammer|Brave||M|||50|
|showteam|p2|Dragonite||ExpertBelt|Multiscale|IceSpinner,StompingTantrum,ExtremeSpeed,Protect|Adamant||F|||50|]Gardevoir||Gardevoirite|Trace|HyperVoice,MysticalFire,Protect,Psychic|Timid||F|||50|]Raichu||SitrusBerry|LightningRod|FakeOut,HelpingHand,Nuzzle,Encore|Timid||F|||50|]Kingambit||BlackGlasses|SupremeOverlord|KowtowCleave,SuckerPunch,Protect,IronHead|Adamant||F|||50|]Incineroar||WhiteHerb|Intimidate|FakeOut,FlareBlitz,PartingShot,Taunt|Impish||M|||50|]Empoleon||Leftovers|Competitive|IcyWind,Protect,FlashCannon,HydroCannon|Modest||M|||50|
|j| TrainerGoldAlt
|
|t:|1784572975
|teamsize|p1|4
|teamsize|p2|4
|start
|switch|p1a: Chesnaught|Chesnaught, L50, M|100/100
|switch|p1b: Sinistcha|Sinistcha, L50|100/100
|switch|p2a: Incineroar|Incineroar, L50, M|100/100
|switch|p2b: Empoleon|Empoleon, L50, M|100/100
|-ability|p2a: Incineroar|Intimidate|boost
|-unboost|p1a: Chesnaught|atk|1
|-unboost|p1b: Sinistcha|atk|1
|turn|1
|l| TrainerGoldAlt
|
|t:|1784573034
|detailschange|p1a: Chesnaught|Chesnaught-Mega, L50, M
|-mega|p1a: Chesnaught|Chesnaught|Chesnaughtite
|move|p1a: Chesnaught|Spiky Shield|p1a: Chesnaught
|-singleturn|p1a: Chesnaught|move: Protect
|move|p2a: Incineroar|Fake Out|p1a: Chesnaught
|-activate|p1a: Chesnaught|move: Protect
|-damage|p2a: Incineroar|87/100|[from] Spiky Shield|[of] p1a: Chesnaught
|move|p2b: Empoleon|Flash Cannon|p1a: Chesnaught
|-activate|p1a: Chesnaught|move: Protect
|move|p1b: Sinistcha|Trick Room|p1b: Sinistcha
|-fieldstart|move: Trick Room|[of] p1b: Sinistcha
|
|upkeep
|turn|2
|
|t:|1784573062
|switch|p2b: Dragonite|Dragonite, L50, F|100/100
|move|p1a: Chesnaught|Body Press|p2a: Incineroar
|-supereffective|p2a: Incineroar|1
|-damage|p2a: Incineroar|17/100
|move|p1b: Sinistcha|Life Dew||[still]|[still]|[spread] 
|-fail|p1a: Chesnaught|heal
|-fail|p1b: Sinistcha|heal
|move|p2a: Incineroar|Flare Blitz|p1b: Sinistcha
|-supereffective|p1b: Sinistcha|1
|-damage|p1b: Sinistcha|24/100
|-damage|p2a: Incineroar|0 fnt|[from] Recoil
|faint|p2a: Incineroar
|
|upkeep
|
|t:|1784573077
|switch|p2a: Empoleon|Empoleon, L50, M|100/100
|turn|3
|
|t:|1784573095
|switch|p1b: Milotic|Milotic, L50, F|100/100
|move|p2a: Empoleon|Protect|p2a: Empoleon
|-singleturn|p2a: Empoleon|Protect
|move|p1a: Chesnaught|Iron Defense|p1a: Chesnaught
|-boost|p1a: Chesnaught|def|2
|move|p2b: Dragonite|Ice Spinner|p1b: Milotic
|-resisted|p1b: Milotic|1
|-damage|p1b: Milotic|85/100
|
|-heal|p1b: Milotic|91/100|[from] item: Leftovers
|upkeep
|turn|4
|
|t:|1784573118
|move|p1a: Chesnaught|Body Press|p2a: Empoleon
|-supereffective|p2a: Empoleon|1
|-damage|p2a: Empoleon|0 fnt
|faint|p2a: Empoleon
|move|p1b: Milotic|Coil|p1b: Milotic
|-boost|p1b: Milotic|atk|1
|-boost|p1b: Milotic|def|1
|-boost|p1b: Milotic|accuracy|1
|move|p2b: Dragonite|Ice Spinner|p1a: Chesnaught
|-supereffective|p1a: Chesnaught|1
|-damage|p1a: Chesnaught|77/100
|
|-heal|p1b: Milotic|97/100|[from] item: Leftovers
|upkeep
|
|t:|1784573130
|switch|p2a: Kingambit|Kingambit, L50, F|100/100
|-activate|p2a: Kingambit|ability: Supreme Overlord
|-start|p2a: Kingambit|fallen2|[silent]
|turn|5
|
|t:|1784573146
|move|p2b: Dragonite|Extreme Speed|p1a: Chesnaught
|-damage|p1a: Chesnaught|68/100
|move|p2a: Kingambit|Sucker Punch|p1a: Chesnaught
|-resisted|p1a: Chesnaught|1
|-damage|p1a: Chesnaught|59/100
|move|p1a: Chesnaught|Body Press|p2a: Kingambit
|-supereffective|p2a: Kingambit|2
|-damage|p2a: Kingambit|0 fnt
|faint|p2a: Kingambit
|-end|p2a: Kingambit|fallen2|[silent]
|move|p1b: Milotic|Coil|p1b: Milotic
|-boost|p1b: Milotic|atk|1
|-boost|p1b: Milotic|def|1
|-boost|p1b: Milotic|accuracy|1
|
|-heal|p1b: Milotic|100/100|[from] item: Leftovers
|-fieldend|move: Trick Room
|upkeep
|turn|6
|
|t:|1784573174
|move|p2b: Dragonite|Ice Spinner|p1a: Chesnaught
|-supereffective|p1a: Chesnaught|1
|-damage|p1a: Chesnaught|37/100
|move|p1b: Milotic|Hypnosis|p2b: Dragonite
|-status|p2b: Dragonite|slp|[from] move: Hypnosis
|move|p1a: Chesnaught|Body Press|p2b: Dragonite
|-resisted|p2b: Dragonite|1
|-damage|p2b: Dragonite|79/100 slp
|
|upkeep
|turn|7
|
|t:|1784573191
|cant|p2b: Dragonite|slp
|move|p1b: Milotic|Muddy Water|p2b: Dragonite
|-resisted|p2b: Dragonite|1
|-damage|p2b: Dragonite|58/100 slp
|move|p1a: Chesnaught|Iron Defense|p1a: Chesnaught
|-boost|p1a: Chesnaught|def|2
|
|upkeep
|turn|8
|
|t:|1784573214
|cant|p2b: Dragonite|slp
|move|p1b: Milotic|Muddy Water|p2b: Dragonite
|-resisted|p2b: Dragonite|1
|-damage|p2b: Dragonite|38/100 slp
|-unboost|p2b: Dragonite|accuracy|1
|move|p1a: Chesnaught|Body Press|p2b: Dragonite
|-resisted|p2b: Dragonite|1
|-damage|p2b: Dragonite|0 fnt
|faint|p2b: Dragonite
|
|win|ShadowArachne
||redjaguar is ready for game 3.
|inactive|ShadowArachne has 30 seconds to confirm battle start!
||ShadowArachne is ready for game 3.
|uhtml|next|Next: Game 3 of 3
|l|☆ShadowArachne
|player|p1|
