|j|☆SuprEpcGuy
|j|☆wait for swarley
|html|SuprEpcGuywait for swarley    
|uhtml|bestof|Game 3 of a best-of-3
|t:|1784767909
|gametype|doubles
|player|p1|SuprEpcGuy|shauntal|1152
|player|p2|wait for swarley|volo|1251
|gen|9
|tier|[Gen 9 Champions] VGC 2026 Reg M-B (Bo3)
|rated|
|rule|Species Clause: Limit one of each Pokémon
|rule|Item Clause: Limit 1 of each item
|clearpoke
|poke|p1|Zoroark-Hisui, L50, M|
|poke|p1|Torkoal, L50, M|
|poke|p1|Farigiraf, L50, M|
|poke|p1|Pyroar, L50, F|
|poke|p1|Floette-Eternal, L50, F|
|poke|p1|Incineroar, L50, M|
|poke|p2|Grimmsnarl, L50, M|
|poke|p2|Incineroar, L50, M|
|poke|p2|Maushold-Four, L50|
|poke|p2|Annihilape, L50, F|
|poke|p2|Floette-Eternal, L50, F|
|poke|p2|Raichu, L50, F|
|teampreview|4
|showteam|p1|Zoroark-Hisui||ChoiceScarf|Illusion|IcyWind,BitterMalice,Flamethrower,Taunt|Timid||M|||50|]Torkoal||Charcoal|Drought|Eruption,WeatherBall,EarthPower,Protect|Quiet||M|||50|]Farigiraf||ColburBerry|ArmorTail|Psychic,Thunderbolt,TrickRoom,HelpingHand|Quiet||M|||50|]Pyroar||Pyroarite|Rivalry|HeatWave,Overheat,Snarl,Protect|Timid||F|||50|]Floette-Eternal||Floettite|FlowerVeil|Moonblast,DazzlingGleam,LightofRuin,Protect|Timid||F|||50|]Incineroar||LifeOrb|Intimidate|FakeOut,DarkestLariat,FlareBlitz,PartingShot|Adamant||M|||50|
|showteam|p2|Grimmsnarl||LightClay|Prankster|SpiritBreak,Reflect,LightScreen,PartingShot|Careful||M|||50|]Incineroar||SitrusBerry|Intimidate|FakeOut,FlareBlitz,ThroatChop,PartingShot|Careful||M|||50|]Maushold-Four||FocusSash|FriendGuard|FollowMe,SuperFang,Encore,Protect|Timid|||||50|]Annihilape||Leftovers|Defiant|RageFist,DrainPunch,BulkUp,Protect|Adamant||F|||50|]Floette-Eternal||Floettite|FlowerVeil|Moonblast,DrainingKiss,CalmMind,Protect|Modest||F|||50|]Raichu||RaichuniteY|LightningRod|ZapCannon,GrassKnot,FakeOut,Protect|Modest||F|||50|
|inactive|Battle timer is ON: inactive players will automatically lose when time's up. (requested by SuprEpcGuy)
|
|t:|1784767939
|teamsize|p1|4
|teamsize|p2|4
|start
|switch|p1a: Floette|Floette-Eternal, L50, F|100/100
|switch|p1b: The Glue|Farigiraf, L50, M|100/100
|switch|p2a: Grimmsnarl|Grimmsnarl, L50, M|100/100
|switch|p2b: Floette|Floette-Eternal, L50, F|100/100
|turn|1
|
|t:|1784767961
|detailschange|p1a: Floette|Floette-Mega, L50, F
|-mega|p1a: Floette|Floette|Floettite
|-ability|p1a: Floette|Fairy Aura
|detailschange|p2b: Floette|Floette-Mega, L50, F
|-mega|p2b: Floette|Floette|Floettite
|-ability|p2b: Floette|Fairy Aura
|move|p1b: The Glue|Helping Hand|p1a: Floette
|-singleturn|p1a: Floette|Helping Hand|[of] p1b: The Glue
|move|p2b: Floette|Protect|p2b: Floette
|-singleturn|p2b: Floette|Protect
|move|p2a: Grimmsnarl|Light Screen|p2a: Grimmsnarl
|-sidestart|p2: wait for swarley|move: Light Screen
|move|p1a: Floette|Dazzling Gleam|p2a: Grimmsnarl|[spread] p2a
|-activate|p2b: Floette|move: Protect
|-supereffective|p2a: Grimmsnarl|1
|-damage|p2a: Grimmsnarl|6/100
|
|upkeep
|turn|2
|inactive|wait for swarley has 30 seconds left.
|
|t:|1784767989
|move|p1b: The Glue|Helping Hand|p1a: Floette
|-singleturn|p1a: Floette|Helping Hand|[of] p1b: The Glue
|move|p1a: Floette|Dazzling Gleam|p2b: Floette|[spread] p2a,p2b
|-supereffective|p2a: Grimmsnarl|1
|-damage|p2a: Grimmsnarl|0 fnt
|-damage|p2b: Floette|57/100
|faint|p2a: Grimmsnarl
|move|p2b: Floette|Calm Mind|p2b: Floette
|-boost|p2b: Floette|spa|1
|-boost|p2b: Floette|spd|1
|
|upkeep
|
|t:|1784768000
|switch|p2a: Maushold|Maushold-Four, L50|100/100
|turn|3
|
|t:|1784768011
|switch|p1a: Incineroar|Incineroar, L50, M|100/100
|-ability|p1a: Incineroar|Intimidate|boost
|-unboost|p2a: Maushold|atk|1
|-unboost|p2b: Floette|atk|1
|move|p2a: Maushold|Super Fang|p1a: Incineroar
|-damage|p1a: Incineroar|50/100y
|move|p2b: Floette|Draining Kiss|p1a: Incineroar
|-damage|p1a: Incineroar|0 fnt
|-heal|p2b: Floette|100/100|[from] drain|[of] p1a: Incineroar
|faint|p1a: Incineroar
|move|p1b: The Glue|Trick Room|p1b: The Glue
|-fieldstart|move: Trick Room|[of] p1b: The Glue
|
|upkeep
|
|t:|1784768020
|switch|p1a: Mortar|Torkoal, L50, M|100/100
|-weather|SunnyDay|[from] ability: Drought|[of] p1a: Mortar
|turn|4
|
|t:|1784768032
|switch|p1b: Floette|Floette-Mega, L50, F|100/100
|-ability|p1b: Floette|Fairy Aura
|move|p1a: Mortar|Eruption|p2a: Maushold|[spread] p2a,p2b
|-damage|p2a: Maushold|29/100
|-damage|p2b: Floette|75/100
|move|p2b: Floette|Draining Kiss|p1b: Floette
|-damage|p1b: Floette|51/100
|-heal|p2b: Floette|100/100|[from] drain|[of] p1b: Floette
|move|p2a: Maushold|Super Fang|p1a: Mortar
|-damage|p1a: Mortar|50/100g
|
|-weather|SunnyDay|[upkeep]
|upkeep
|turn|5
|inactive|wait for swarley has 30 seconds left.
|
|t:|1784768063
|switch|p2a: Incineroar|Incineroar, L50, M|100/100
|-ability|p2a: Incineroar|Intimidate|boost
|-unboost|p1a: Mortar|atk|1
|-unboost|p1b: Floette|atk|1
|move|p1a: Mortar|Weather Ball|p2b: Floette
|-damage|p2b: Floette|69/100
|move|p2b: Floette|Moonblast|p1b: Floette
|-damage|p1b: Floette|0 fnt
|faint|p1b: Floette
|
|-weather|SunnyDay|[upkeep]
|upkeep
|
|t:|1784768072
|switch|p1b: The Glue|Farigiraf, L50, M|100/100
|turn|6
|
|t:|1784768092
|move|p1b: The Glue|Helping Hand|p1a: Mortar
|-singleturn|p1a: Mortar|Helping Hand|[of] p1b: The Glue
|move|p1a: Mortar|Eruption|p2a: Incineroar|[spread] p2a,p2b
|-resisted|p2a: Incineroar|1
|-damage|p2a: Incineroar|81/100
|-damage|p2b: Floette|46/100
|move|p2a: Incineroar|Flare Blitz|p1b: The Glue
|-damage|p1b: The Glue|21/100
|-damage|p2a: Incineroar|50/100g|[from] Recoil
|move|p2b: Floette|Moonblast|p1b: The Glue
|-damage|p1b: The Glue|0 fnt
|faint|p1b: The Glue
|
|-weather|SunnyDay|[upkeep]
|upkeep
|turn|7
|c|☆SuprEpcGuy|gg
|-message|SuprEpcGuy forfeited.
|
|win|wait for swarley
|raw|SuprEpcGuy's rating: 1152 → 1134(-18 for losing)
|raw|wait for swarley's rating: 1251 → 1269(+18 for winning)
