|j|☆mb gang
|j|☆Gerald Hoppy
|html|mb gangGerald Hoppy    
|uhtml|bestof|Game 1 of a best-of-3
|t:|1785882235
|gametype|doubles
|player|p1|mb gang|skier|1379
|player|p2|Gerald Hoppy|102|1359
|gen|9
|tier|[Gen 9 Champions] VGC 2026 Reg M-B (Bo3)
|rated|
|rule|Species Clause: Limit one of each Pokémon
|rule|Item Clause: Limit 1 of each item
|clearpoke
|poke|p1|Drampa, L50, F|
|poke|p1|Kingambit, L50, M|
|poke|p1|Delphox, L50, M|
|poke|p1|Sinistcha, L50|
|poke|p1|Sneasler, L50, M|
|poke|p1|Tauros-Paldea-Aqua, L50, M|
|poke|p2|Basculegion, L50, M|
|poke|p2|Farigiraf, L50, F|
|poke|p2|Glimmora, L50, F|
|poke|p2|Scrafty, L50, M|
|poke|p2|Sylveon, L50, M|
|poke|p2|Talonflame, L50, F|
|teampreview|4
|showteam|p1|Drampa||HabanBerry|CloudNine|LightScreen,Protect,HelpingHand,DracoMeteor|Sassy||F|||50|]Kingambit||BlackGlasses|Defiant|KowtowCleave,SuckerPunch,IronHead,Protect|Brave||M|||50|]Delphox||Delphoxite|Blaze|HeatWave,Psychic,CalmMind,Protect|Timid||M|||50|]Sinistcha||SitrusBerry|Hospitality|MatchaGotcha,Protect,RagePowder,TrickRoom|Relaxed|||||50|]Sneasler||FocusSash|PoisonTouch|PoisonJab,CloseCombat,FakeOut,Protect|Jolly||M|||50|]Tauros-Paldea-Aqua||ChoiceScarf|Intimidate|CloseCombat,RockSlide,WaveCrash,AquaJet|Jolly||M|||50|
|showteam|p2|Basculegion||LifeOrb|Adaptability|Protect,WaveCrash,LastRespects,AquaJet|Jolly||M|||50|]Farigiraf||SitrusBerry|ArmorTail|TwinBeam,Thunderbolt,HelpingHand,TrickRoom|Bold||F|||50|]Glimmora||Glimmoranite|ToxicDebris|SpikyShield,PowerGem,SludgeBomb,EarthPower|Timid||F|||50|]Scrafty||Scraftinite|Intimidate|CloseCombat,KnockOff,IronHead,FakeOut|Brave||M|||50|]Sylveon||FairyFeather|Pixilate|Protect,HyperVoice,HyperBeam,QuickAttack|Modest||M|||50|]Talonflame||SharpBeak|GaleWings|Protect,FlareBlitz,DualWingbeat,Tailwind|Jolly||F|||50|
|inactive|Battle timer is ON: inactive players will automatically lose when time's up. (requested by mb gang)
|inactive|Gerald Hoppy has 60 seconds left.
|
|t:|1785882278
|teamsize|p1|4
|teamsize|p2|4
|start
|switch|p1a: Kingambit|Kingambit, L50, M|100/100
|switch|p1b: Sinistcha|Sinistcha, L50|100/100
|switch|p2a: Glimmora|Glimmora, L50, F|100/100
|switch|p2b: Scrafty|Scrafty, L50, M|100/100
|-ability|p2b: Scrafty|Intimidate|boost
|-unboost|p1a: Kingambit|atk|1
|-ability|p1a: Kingambit|Defiant|boost
|-boost|p1a: Kingambit|atk|2
|-unboost|p1b: Sinistcha|atk|1
|turn|1
|inactive|Gerald Hoppy has 30 seconds left.
|inactive|Gerald Hoppy has 20 seconds left.
|inactive|Gerald Hoppy has 15 seconds left.
|inactive|Gerald Hoppy has 10 seconds left.
|inactive|Gerald Hoppy has 5 seconds left.
|
|t:|1785882332
|switch|p2a: Farigiraf|Farigiraf, L50, F|100/100
|detailschange|p2b: Scrafty|Scrafty-Mega, L50, M
|-mega|p2b: Scrafty|Scrafty|Scraftinite
|-ability|p2b: Scrafty|Intimidate|boost
|-unboost|p1a: Kingambit|atk|1
|-ability|p1a: Kingambit|Defiant|boost
|-boost|p1a: Kingambit|atk|2
|-unboost|p1b: Sinistcha|atk|1
|move|p1b: Sinistcha|Protect|p1b: Sinistcha
|-singleturn|p1b: Sinistcha|Protect
|move|p1a: Kingambit|Protect|p1a: Kingambit
|-singleturn|p1a: Kingambit|Protect
|move|p2b: Scrafty|Knock Off|p1b: Sinistcha
|-activate|p1b: Sinistcha|move: Protect
|
|upkeep
|turn|2
|
|t:|1785882347
|move|p2a: Farigiraf|Helping Hand|p2b: Scrafty
|-singleturn|p2b: Scrafty|Helping Hand|[of] p2a: Farigiraf
|move|p1b: Sinistcha|Rage Powder|p1b: Sinistcha
|-singleturn|p1b: Sinistcha|move: Rage Powder
|move|p2b: Scrafty|Knock Off|p1b: Sinistcha
|-supereffective|p1b: Sinistcha|1
|-damage|p1b: Sinistcha|0 fnt
|-enditem|p1b: Sinistcha|Sitrus Berry|[from] move: Knock Off|[of] p2b: Scrafty
|faint|p1b: Sinistcha
|move|p1a: Kingambit|Kowtow Cleave|p2a: Farigiraf
|-supereffective|p2a: Farigiraf|1
|-damage|p2a: Farigiraf|0 fnt
|faint|p2a: Farigiraf
|
|upkeep
|
|t:|1785882363
|switch|p2a: Basculegion|Basculegion, L50, M|100/100
|switch|p1b: Sneasler|Sneasler, L50, M|100/100
|turn|3
|
|t:|1785882381
|move|p2a: Basculegion|Aqua Jet|p1b: Sneasler
|-damage|p1b: Sneasler|38/100
|-damage|p2a: Basculegion|90/100|[from] item: Life Orb
|move|p1b: Sneasler|Close Combat|p2b: Scrafty
|-supereffective|p2b: Scrafty|1
|-damage|p2b: Scrafty|5/100
|-unboost|p1b: Sneasler|def|1
|-unboost|p1b: Sneasler|spd|1
|move|p2b: Scrafty|Close Combat|p1a: Kingambit
|-supereffective|p1a: Kingambit|2
|-damage|p1a: Kingambit|0 fnt
|-unboost|p2b: Scrafty|def|1
|-unboost|p2b: Scrafty|spd|1
|faint|p1a: Kingambit
|
|upkeep
|
|t:|1785882392
|switch|p1a: Delphox|Delphox, L50, M|100/100
|turn|4
|
|t:|1785882416
|detailschange|p1a: Delphox|Delphox-Mega, L50, M
|-mega|p1a: Delphox|Delphox|Delphoxite
|move|p1b: Sneasler|Protect|p1b: Sneasler
|-singleturn|p1b: Sneasler|Protect
|move|p2a: Basculegion|Aqua Jet|p1b: Sneasler
|-activate|p1b: Sneasler|move: Protect
|move|p1a: Delphox|Heat Wave|p2b: Scrafty|[spread] p2a,p2b
|-resisted|p2a: Basculegion|1
|-damage|p2a: Basculegion|68/100
|-damage|p2b: Scrafty|0 fnt
|faint|p2b: Scrafty
|
|upkeep
|
|t:|1785882421
|switch|p2b: Glimmora|Glimmora, L50, F|100/100
|turn|5
|
|t:|1785882437
|move|p1b: Sneasler|Protect||[still]
|-fail|p1b: Sneasler
|move|p2a: Basculegion|Aqua Jet|p1b: Sneasler
|-damage|p1b: Sneasler|0 fnt
|faint|p1b: Sneasler
|-damage|p2a: Basculegion|58/100|[from] item: Life Orb
|move|p1a: Delphox|Psychic|p2b: Glimmora
|-supereffective|p2b: Glimmora|1
|-damage|p2b: Glimmora|0 fnt
|faint|p2b: Glimmora
|
|upkeep
|turn|6
|
|t:|1785882452
|move|p2a: Basculegion|Aqua Jet|p1a: Delphox
|-supereffective|p1a: Delphox|1
|-damage|p1a: Delphox|12/100
|-damage|p2a: Basculegion|48/100|[from] item: Life Orb
|move|p1a: Delphox|Psychic|p2a: Basculegion
|-damage|p2a: Basculegion|0 fnt
|faint|p2a: Basculegion
|
|win|mb gang
||Gerald Hoppy is ready for game 2.
