|j|☆noah100800
|j|☆Seteresu
|html|noah100800Seteresu    
|uhtml|bestof|Game 1 of a best-of-3
|t:|1783784555
|gametype|doubles
|player|p1|noah100800|266|1042
|player|p2|Seteresu|hugh|1050
|gen|9
|tier|[Gen 9 Champions] VGC 2026 Reg M-B (Bo3)
|rated|
|rule|Species Clause: Limit one of each Pokémon
|rule|Item Clause: Limit 1 of each item
|clearpoke
|poke|p1|Delphox, L50, F|
|poke|p1|Blastoise, L50, M|
|poke|p1|Sneasler, L50, F|
|poke|p1|Incineroar, L50, F|
|poke|p1|Sinistcha, L50|
|poke|p1|Maushold-Four, L50|
|poke|p2|Aerodactyl, L50, M|
|poke|p2|Mawile, L50, F|
|poke|p2|Garchomp, L50, F|
|poke|p2|Orthworm, L50, F|
|poke|p2|Vivillon, L50, M|
|poke|p2|Oranguru, L50, F|
|teampreview|4
|showteam|p1|Delphox||Delphoxite|Blaze|Protect,NastyPlot,HeatWave,Psyshock|Modest||F|||50|]Blastoise||Blastoisinite|RainDish|Protect,ShellSmash,WaterSpout,DarkPulse|Modest||M|||50|]Sneasler||WhiteHerb|Unburden|CloseCombat,GunkShot,FakeOut,RainDance|Jolly||F|||50|]Incineroar||SitrusBerry|Intimidate|FlareBlitz,FakeOut,ThroatChop,PartingShot|Impish||F|||50|]Sinistcha||KasibBerry|Hospitality|Protect,MatchaGotcha,RagePowder,LifeDew|Bold|||||50|]Maushold-Four||FocusSash|FriendGuard|Protect,FollowMe,SuperFang,Feint|Jolly|||||50|
|showteam|p2|Aerodactyl||Aerodactylite|Unnerve|Tailwind,WideGuard,RockSlide,Crunch|Jolly||M|||50|]Mawile||Mawilite|Intimidate|IronHead,PlayRough,SuckerPunch,Protect|Adamant||F|||50|]Garchomp||LifeOrb|RoughSkin|Earthquake,Protect,RockSlide|Careful||F|||50|]Orthworm||Leftovers|EarthEater|IronHead,ShedTail,BodyPress,HelpingHand|Impish||F|||50|]Vivillon||ChoiceScarf|FriendGuard|RagePowder,SleepPowder,Safeguard,PollenPuff|Timid||M|||50|]Oranguru||MentalHerb|Telepathy|Gravity,Instruct,Imprison,TrickRoom|Serious||F|||50|
|
|t:|1783784627
|teamsize|p1|4
|teamsize|p2|4
|start
|switch|p1a: Sinistcha|Sinistcha, L50|100/100
|switch|p1b: Delphox|Delphox, L50, F|100/100
|switch|p2a: Oranguru|Oranguru, L50, F|100/100
|switch|p2b: Orthworm|Orthworm, L50, F|100/100
|turn|1
|
|t:|1783784668
|switch|p1a: Maushold|Maushold-Four, L50|100/100
|switch|p2b: Aerodactyl|Aerodactyl, L50, M|100/100
|-ability|p2b: Aerodactyl|Unnerve
|detailschange|p1b: Delphox|Delphox-Mega, L50, F
|-mega|p1b: Delphox|Delphox|Delphoxite
|move|p1b: Delphox|Nasty Plot|p1b: Delphox
|-boost|p1b: Delphox|spa|2
|move|p2a: Oranguru|Gravity|p2a: Oranguru
|-fieldstart|move: Gravity
|
|upkeep
|turn|2
|
|t:|1783784691
|switch|p1a: Incineroar|Incineroar, L50, F|100/100
|-ability|p1a: Incineroar|Intimidate|boost
|-unboost|p2a: Oranguru|atk|1
|-unboost|p2b: Aerodactyl|atk|1
|detailschange|p2b: Aerodactyl|Aerodactyl-Mega, L50, M
|-mega|p2b: Aerodactyl|Aerodactyl|Aerodactylite
|move|p1b: Delphox|Protect|p1b: Delphox
|-singleturn|p1b: Delphox|Protect
|move|p2b: Aerodactyl|Rock Slide|p1a: Incineroar|[spread] p1a
|-activate|p1b: Delphox|move: Protect
|-supereffective|p1a: Incineroar|1
|-damage|p1a: Incineroar|72/100
|move|p2a: Oranguru|Instruct|p2b: Aerodactyl
|-singleturn|p2b: Aerodactyl|move: Instruct|[of] p2a: Oranguru
|move|p2b: Aerodactyl|Rock Slide|p1a: Incineroar|[spread] p1a
|-activate|p1b: Delphox|move: Protect
|-supereffective|p1a: Incineroar|1
|-damage|p1a: Incineroar|42/100
|-enditem|p1a: Incineroar|Sitrus Berry|[eat]
|-heal|p1a: Incineroar|67/100|[from] item: Sitrus Berry
|
|upkeep
|turn|3
|
|t:|1783784742
|switch|p2b: Garchomp|Garchomp, L50, F|100/100
|move|p1a: Incineroar|Fake Out|p2b: Garchomp
|-damage|p2b: Garchomp|90/100
|-damage|p1a: Incineroar|54/100|[from] ability: Rough Skin|[of] p2b: Garchomp
|move|p1b: Delphox|Psyshock|p2b: Garchomp
|-damage|p2b: Garchomp|6/100
|move|p2a: Oranguru|Gravity||[still]
|-fail|p2a: Oranguru
|
|upkeep
|turn|4
|
|t:|1783784779
|switch|p1a: Maushold|Maushold-Four, L50|100/100
|move|p2b: Garchomp|Protect|p2b: Garchomp
|-singleturn|p2b: Garchomp|Protect
|move|p1b: Delphox|Heat Wave|p2b: Garchomp|[spread] p2a
|-activate|p2b: Garchomp|move: Protect
|-damage|p2a: Oranguru|33/100
|move|p2a: Oranguru|Trick Room|p2a: Oranguru
|-fieldstart|move: Trick Room|[of] p2a: Oranguru
|
|upkeep
|turn|5
|
|t:|1783784808
|switch|p2a: Orthworm|Orthworm, L50, F|100/100
|move|p1a: Maushold|Feint|p2b: Garchomp
|-damage|p2b: Garchomp|0 fnt
|faint|p2b: Garchomp
|move|p1b: Delphox|Heat Wave|p2a: Orthworm
|-supereffective|p2a: Orthworm|1
|-damage|p2a: Orthworm|0 fnt
|faint|p2a: Orthworm
|
|-fieldend|move: Gravity
|upkeep
|
|t:|1783784818
|switch|p2a: Aerodactyl|Aerodactyl-Mega, L50, M|100/100
|switch|p2b: Oranguru|Oranguru, L50, F|33/100
|turn|6
|
|t:|1783784850
|switch|p1a: Incineroar|Incineroar, L50, F|54/100
|-ability|p1a: Incineroar|Intimidate|boost
|-unboost|p2a: Aerodactyl|atk|1
|-unboost|p2b: Oranguru|atk|1
|move|p1b: Delphox|Protect|p1b: Delphox
|-singleturn|p1b: Delphox|Protect
|move|p2a: Aerodactyl|Wide Guard|p2a: Aerodactyl
|-singleturn|p2a: Aerodactyl|Wide Guard
|move|p2b: Oranguru|Trick Room|p2b: Oranguru
|-fieldend|move: Trick Room
|
|upkeep
|turn|7
|
|t:|1783784869
|move|p1a: Incineroar|Fake Out|p2a: Aerodactyl
|-resisted|p2a: Aerodactyl|1
|-damage|p2a: Aerodactyl|93/100
|cant|p2a: Aerodactyl|flinch
|move|p1b: Delphox|Psyshock|p2b: Oranguru
|-resisted|p2b: Oranguru|1
|-damage|p2b: Oranguru|0 fnt
|faint|p2b: Oranguru
|
|upkeep
|turn|8
|
|t:|1783784905
|switch|p1a: Maushold|Maushold-Four, L50|100/100
|move|p2a: Aerodactyl|Crunch|p1b: Delphox
|-supereffective|p1b: Delphox|1
|-damage|p1b: Delphox|51/100
|move|p1b: Delphox|Psyshock|p2a: Aerodactyl
|-damage|p2a: Aerodactyl|0 fnt
|faint|p2a: Aerodactyl
|
|win|noah100800
||Seteresu is ready for game 2.
|inactive|noah100800 has 30 seconds to confirm battle start!
||noah100800 is ready for game 2.
|uhtml|next|Next: Game 2 of 3
|l|☆Seteresu
|player|p2|
