|j|☆glofer
|j|☆archyx05
|html|gloferarchyx05    
|uhtml|bestof|Game 2 of a best-of-3
|t:|1785273808
|gametype|doubles
|player|p1|glofer|blackbelt|1111
|player|p2|archyx05|101|1115
|gen|9
|tier|[Gen 9 Champions] VGC 2026 Reg M-B (Bo3)
|rated|
|rule|Species Clause: Limit one of each Pokémon
|rule|Item Clause: Limit 1 of each item
|clearpoke
|poke|p1|Bellibolt, L50, M|
|poke|p1|Heliolisk, L50, F|
|poke|p1|Emolga, L50, F|
|poke|p1|Raichu, L50, M|
|poke|p1|Manectric, L50, M|
|poke|p1|Eelektross, L50, M|
|poke|p2|Sinistcha, L50|
|poke|p2|Garchomp, L50, F|
|poke|p2|Sneasler, L50, F, shiny|
|poke|p2|Floette-Eternal, L50, F|
|poke|p2|Incineroar, L50, M|
|poke|p2|Kingambit, L50, M, shiny|
|teampreview|4
|showteam|p1|Bellibolt||Leftovers|Electromorphosis|ParabolicCharge,AcidSpray,Soak,Protect|Quiet||M|||50|]Heliolisk||ChoiceScarf|DrySkin|Discharge,HyperVoice,DragonPulse,ShedTail|Timid||F|||50|]Emolga||FocusSash|MotorDrive|Electroweb,AirSlash,Encore,Protect|Timid||F|||50|]Raichu||RaichuniteY|LightningRod|ZapCannon,FocusBlast,FakeOut,Protect|Timid||M|||50|]Manectric||Manectite|LightningRod|Thunderbolt,Flamethrower,Snarl,Protect|Timid||M|||50|]Eelektross||LifeOrb|Levitate|SupercellSlam,DrainPunch,Bulldoze,Coil|Adamant||M|||50|
|showteam|p2|Sinistcha||KasibBerry|Hospitality|MatchaGotcha,RagePowder,TrickRoom,Protect|Bold|||||50|]Garchomp||Garchompite|SandVeil|Protect,RockSlide,Earthquake,StompingTantrum|Adamant||F|||50|]Sneasler||FocusSash|Unburden|CloseCombat,DireClaw,FakeOut,Coaching|Jolly||F|||50|]Floette-Eternal||Floettite|FlowerVeil|Protect,CalmMind,Moonblast,DazzlingGleam|Modest||F|||50|]Incineroar||SitrusBerry|Intimidate|FakeOut,FlareBlitz,DarkestLariat,PartingShot|Impish||M|||50|]Kingambit||ChopleBerry|Defiant|KowtowCleave,SuckerPunch,IronHead,Protect|Adamant||M|||50|
|inactive|Battle timer is ON: inactive players will automatically lose when time's up. (requested by archyx05)
|
|t:|1785273838
|teamsize|p1|4
|teamsize|p2|4
|start
|switch|p1a: Raichu|Raichu, L50, M|100/100
|switch|p1b: Eelektross|Eelektross, L50, M|100/100
|switch|p2a: Sneasler|Sneasler, L50, F, shiny|100/100
|switch|p2b: Garchomp|Garchomp, L50, F|100/100
|turn|1
|
|t:|1785273857
|switch|p2a: Incineroar|Incineroar, L50, M|100/100
|-ability|p2a: Incineroar|Intimidate|boost
|-unboost|p1a: Raichu|atk|1
|-unboost|p1b: Eelektross|atk|1
|detailschange|p2b: Garchomp|Garchomp-Mega, L50, F
|-mega|p2b: Garchomp|Garchomp|Garchompite
|move|p1a: Raichu|Protect|p1a: Raichu
|-singleturn|p1a: Raichu|Protect
|move|p2b: Garchomp|Stomping Tantrum|p1a: Raichu
|-activate|p1a: Raichu|move: Protect
|move|p1b: Eelektross|Bulldoze|p2b: Garchomp|[spread] p2a,p2b
|-activate|p1a: Raichu|move: Protect
|-supereffective|p2a: Incineroar|1
|-damage|p2a: Incineroar|83/100
|-damage|p2b: Garchomp|91/100
|-unboost|p2a: Incineroar|spe|1
|-unboost|p2b: Garchomp|spe|1
|-damage|p1b: Eelektross|90/100|[from] item: Life Orb
|
|upkeep
|turn|2
|inactive|glofer has 30 seconds left.
|
|t:|1785273884
|switch|p1a: Emolga|Emolga, L50, F|100/100
|switch|p2a: Sinistcha|Sinistcha, L50|100/100
|-heal|p2b: Garchomp|100/100|[from] ability: Hospitality|[of] p2a: Sinistcha
|move|p2b: Garchomp|Stomping Tantrum|p1a: Emolga
|-immune|p1a: Emolga
|move|p1b: Eelektross|Coil|p1b: Eelektross
|-boost|p1b: Eelektross|atk|1
|-boost|p1b: Eelektross|def|1
|-boost|p1b: Eelektross|accuracy|1
|
|upkeep
|turn|3
|
|t:|1785273906
|switch|p2a: Incineroar|Incineroar, L50, M|83/100
|-ability|p2a: Incineroar|Intimidate|boost
|-unboost|p1a: Emolga|atk|1
|-unboost|p1b: Eelektross|atk|1
|move|p1a: Emolga|Air Slash|p2a: Incineroar
|-damage|p2a: Incineroar|58/100
|move|p2b: Garchomp|Rock Slide|p1b: Eelektross|[spread] p1a,p1b
|-supereffective|p1a: Emolga|1
|-damage|p1a: Emolga|4/100
|-damage|p1b: Eelektross|75/100
|move|p1b: Eelektross|Supercell Slam|p2a: Incineroar
|-damage|p2a: Incineroar|28/100
|-enditem|p2a: Incineroar|Sitrus Berry|[eat]
|-heal|p2a: Incineroar|53/100|[from] item: Sitrus Berry
|-damage|p1b: Eelektross|65/100|[from] item: Life Orb
|
|upkeep
|turn|4
|inactive|archyx05 has 30 seconds left.
|
|t:|1785273936
|move|p2a: Incineroar|Fake Out|p1a: Emolga
|-damage|p1a: Emolga|0 fnt
|faint|p1a: Emolga
|move|p2b: Garchomp|Rock Slide|p1b: Eelektross
|-damage|p1b: Eelektross|45/100
|move|p1b: Eelektross|Coil|p1b: Eelektross
|-boost|p1b: Eelektross|atk|1
|-boost|p1b: Eelektross|def|1
|-boost|p1b: Eelektross|accuracy|1
|
|upkeep
|
|t:|1785273940
|switch|p1a: Raichu|Raichu, L50, M|100/100
|turn|5
|
|t:|1785273964
|switch|p2a: Sinistcha|Sinistcha, L50|100/100
|detailschange|p1a: Raichu|Raichu-Mega-Y, L50, M
|-mega|p1a: Raichu|Raichu|Raichunite Y
|move|p1a: Raichu|Zap Cannon|p2a: Sinistcha
|-resisted|p2a: Sinistcha|1
|-damage|p2a: Sinistcha|64/100
|-status|p2a: Sinistcha|par
|move|p2b: Garchomp|Rock Slide|p1b: Eelektross|[spread] p1a,p1b
|-damage|p1a: Raichu|47/100
|-damage|p1b: Eelektross|33/100
|move|p1b: Eelektross|Drain Punch|p2b: Garchomp
|-damage|p2b: Garchomp|76/100
|-heal|p1b: Eelektross|46/100|[from] drain|[of] p2b: Garchomp
|-damage|p1b: Eelektross|36/100|[from] item: Life Orb
|
|upkeep
|turn|6
|
|t:|1785273985
|move|p2a: Sinistcha|Rage Powder|p2a: Sinistcha
|-singleturn|p2a: Sinistcha|move: Rage Powder
|move|p1a: Raichu|Zap Cannon|p2a: Sinistcha
|-resisted|p2a: Sinistcha|1
|-damage|p2a: Sinistcha|30/100 par
|move|p2b: Garchomp|Rock Slide|p1a: Raichu|[spread] p1a,p1b
|-damage|p1a: Raichu|0 fnt
|-damage|p1b: Eelektross|26/100
|faint|p1a: Raichu
|move|p1b: Eelektross|Coil|p1b: Eelektross
|-boost|p1b: Eelektross|atk|1
|-boost|p1b: Eelektross|def|1
|-boost|p1b: Eelektross|accuracy|1
|
|upkeep
|
|t:|1785273997
|switch|p1a: Bellibolt|Bellibolt, L50, M|100/100
|turn|7
|
|t:|1785274009
|move|p2b: Garchomp|Stomping Tantrum|p1a: Bellibolt
|-supereffective|p1a: Bellibolt|1
|-damage|p1a: Bellibolt|35/100
|-start|p1a: Bellibolt|Charge|Stomping Tantrum|[from] ability: Electromorphosis
|move|p1b: Eelektross|Drain Punch|p2b: Garchomp
|-damage|p2b: Garchomp|41/100
|-heal|p1b: Eelektross|45/100|[from] drain|[of] p2b: Garchomp
|-damage|p1b: Eelektross|35/100|[from] item: Life Orb
|move|p1a: Bellibolt|Acid Spray|p2a: Sinistcha
|-damage|p2a: Sinistcha|20/100y par
|-unboost|p2a: Sinistcha|spd|2
|move|p2a: Sinistcha|Matcha Gotcha|p1a: Bellibolt|[spread] p1a,p1b
|-damage|p1a: Bellibolt|12/100
|-heal|p2a: Sinistcha|33/100 par|[from] drain|[of] p1a: Bellibolt
|-damage|p1b: Eelektross|8/100
|-heal|p2a: Sinistcha|48/100 par|[from] drain|[of] p1b: Eelektross
|-start|p1a: Bellibolt|Charge|Matcha Gotcha|[from] ability: Electromorphosis
|
|-heal|p1a: Bellibolt|18/100|[from] item: Leftovers
|upkeep
|turn|8
|inactive|glofer has 30 seconds left.
|inactive|archyx05 has 30 seconds left.
|
|t:|1785274038
|move|p2b: Garchomp|Stomping Tantrum|p1a: Bellibolt
|-supereffective|p1a: Bellibolt|1
|-damage|p1a: Bellibolt|0 fnt
|faint|p1a: Bellibolt
|move|p1b: Eelektross|Drain Punch|p2b: Garchomp
|-damage|p2b: Garchomp|10/100
|-heal|p1b: Eelektross|26/100|[from] drain|[of] p2b: Garchomp
|-damage|p1b: Eelektross|16/100|[from] item: Life Orb
|move|p2a: Sinistcha|Matcha Gotcha|p1b: Eelektross
|-damage|p1b: Eelektross|0 fnt
|-heal|p2a: Sinistcha|57/100 par|[from] drain|[of] p1b: Eelektross
|faint|p1b: Eelektross
|
|win|archyx05
|raw|glofer's rating: 1111 → 1086(-25 for losing)
|raw|archyx05's rating: 1115 → 1140(+25 for winning)
