|j|☆sille rovert
|j|☆jagheter
|html|sille rovertjagheter    
|uhtml|bestof|Game 1 of a best-of-3
|t:|1757005938
|gametype|doubles
|player|p1|sille rovert|trevor|1301
|player|p2|jagheter|worker|1267
|gen|9
|tier|[Gen 9] VGC 2025 Reg H (Bo3)
|rated|
|rule|Species Clause: Limit one of each Pokémon
|rule|Item Clause: Limit 1 of each item
|clearpoke
|poke|p1|Samurott-Hisui, L50, F|
|poke|p1|Dragonite, L50, F|
|poke|p1|Ursaluna-Bloodmoon, L50, M|
|poke|p1|Sneasler, L50, F|
|poke|p1|Indeedee, L50, M|
|poke|p1|Gholdengo, L50|
|poke|p2|Venusaur, L50, M|
|poke|p2|Volcarona, L50, F|
|poke|p2|Incineroar, L50, M|
|poke|p2|Rillaboom, L50, M|
|poke|p2|Sneasler, L50, M|
|poke|p2|Dondozo, L50, M|
|teampreview|4
|showteam|p1|Samurott-Hisui||AssaultVest|Sharpness|CeaselessEdge,IcyWind,RazorShell,SacredSword|||F|||50|,,,,,Poison]Dragonite||LoadedDice|Multiscale|Protect,ScaleShot,Tailwind,Haze|||F|||50|,,,,,Steel]Ursaluna-Bloodmoon||LifeOrb|MindsEye|BloodMoon,HyperVoice,EarthPower,Protect|||M|||50|,,,,,Normal]Sneasler||PsychicSeed|Unburden|ThroatChop,CloseCombat,DireClaw,Protect|||F|||50|,,,,,Stellar]Indeedee||FocusSash|PsychicSurge|ExpandingForce,TrickRoom,Imprison,TeraBlast|||M|||50|,,,,,Fighting]Gholdengo||ChoiceSpecs|GoodasGold|MakeItRain,ShadowBall,PowerGem,Trick||||||50|,,,,,Steel
|showteam|p2|Venusaur||WideLens|Chlorophyll|SleepPowder,Protect,SludgeBomb,EarthPower|||M|||50|,,,,,Ghost]Volcarona||CovertCloak|FlameBody|FieryDance,TeraBlast,QuiverDance,Protect|||F|||50|,,,,,Fairy]Incineroar||SafetyGoggles|Intimidate|FakeOut,KnockOff,PartingShot,FlareBlitz|||M|||50|,,,,,Bug]Rillaboom||AssaultVest|GrassySurge|FakeOut,WoodHammer,GrassyGlide,HighHorsepower|||M|||50|,,,,,Fire]Sneasler||GrassySeed|Unburden|Coaching,DireClaw,CloseCombat,Protect|||M|||50|,,,,,Stellar]Dondozo||Leftovers|Unaware|Fissure,Protect,Liquidation,Yawn|||M|||50|,,,,,Poison
|
|t:|1757005979
|teamsize|p1|4
|teamsize|p2|4
|start
|switch|p1a: Sneasler|Sneasler, L50, F|100/100
|switch|p1b: Indeedee|Indeedee, L50, M|100/100
|switch|p2a: YUKIMIYA|Incineroar, L50, M, shiny|100/100
|switch|p2b: PITUFO-M|Rillaboom, L50, M, shiny|100/100
|-fieldstart|move: Psychic Terrain|[from] ability: Psychic Surge|[of] p1b: Indeedee
|-enditem|p1a: Sneasler|Psychic Seed
|-boost|p1a: Sneasler|spd|1|[from] item: Psychic Seed
|-fieldstart|move: Grassy Terrain|[from] ability: Grassy Surge|[of] p2b: PITUFO-M
|-ability|p2a: YUKIMIYA|Intimidate|boost
|-unboost|p1a: Sneasler|atk|1
|-unboost|p1b: Indeedee|atk|1
|turn|1
|
|t:|1757005995
|switch|p1b: Dragonite|Dragonite, L50, F|100/100
|move|p1a: Sneasler|Protect|p1a: Sneasler
|-singleturn|p1a: Sneasler|Protect
|move|p2b: PITUFO-M|Wood Hammer|p1b: Dragonite
|-resisted|p1b: Dragonite
|-damage|p1b: Dragonite|89/100
|-damage|p2b: PITUFO-M|97/100|[from] Recoil
|move|p2a: YUKIMIYA|Parting Shot|p1b: Dragonite
|-unboost|p1b: Dragonite|atk|1
|-unboost|p1b: Dragonite|spa|1
|
|t:|1757006015
|switch|p2a: KYUUUSAL|Volcarona, L50, F, shiny|100/100|[from] Parting Shot
|
|-heal|p2b: PITUFO-M|100/100|[from] Grassy Terrain
|upkeep
|turn|2
|
|t:|1757006023
|-terastallize|p2a: KYUUUSAL|Fairy
|move|p1a: Sneasler|Dire Claw|p2a: KYUUUSAL
|-supereffective|p2a: KYUUUSAL
|-damage|p2a: KYUUUSAL|42/100
|move|p1b: Dragonite|Scale Shot|p2a: KYUUUSAL
|-immune|p2a: KYUUUSAL
|move|p2a: KYUUUSAL|Tera Blast|p1b: Dragonite|[anim] Tera Blast Fairy
|-supereffective|p1b: Dragonite
|-crit|p1b: Dragonite
|-damage|p1b: Dragonite|0 fnt
|faint|p1b: Dragonite
|move|p2b: PITUFO-M|High Horsepower|p1a: Sneasler
|-supereffective|p1a: Sneasler
|-damage|p1a: Sneasler|0 fnt
|faint|p1a: Sneasler
|
|-heal|p2a: KYUUUSAL|48/100|[from] Grassy Terrain
|upkeep
|
|t:|1757006031
|switch|p1a: Gholdengo|Gholdengo, L50|100/100
|switch|p1b: Indeedee|Indeedee, L50, M|100/100
|-fieldstart|move: Psychic Terrain|[from] ability: Psychic Surge|[of] p1b: Indeedee
|turn|3
|
|t:|1757006049
|switch|p2b: YUKIMIYA|Incineroar, L50, M, shiny|100/100
|-ability|p2b: YUKIMIYA|Intimidate|boost
|-unboost|p1a: Gholdengo|atk|1
|-unboost|p1b: Indeedee|atk|1
|-terastallize|p1b: Indeedee|Fighting
|move|p2a: KYUUUSAL|Protect|p2a: KYUUUSAL
|-singleturn|p2a: KYUUUSAL|Protect
|move|p1b: Indeedee|Tera Blast|p2b: YUKIMIYA|[anim] Tera Blast Fighting
|-supereffective|p2b: YUKIMIYA
|-damage|p2b: YUKIMIYA|33/100
|move|p1a: Gholdengo|Trick|p2b: YUKIMIYA
|-activate|p1a: Gholdengo|move: Trick|[of] p2b: YUKIMIYA
|-item|p2b: YUKIMIYA|Choice Specs|[from] move: Trick
|-item|p1a: Gholdengo|Safety Goggles|[from] move: Trick
|
|upkeep
|turn|4
|inactive|Battle timer is ON: inactive players will automatically lose when time's up. (requested by sille rovert)
|
|t:|1757006085
|switch|p2a: PITUFO-M|Rillaboom, L50, M, shiny|100/100
|-fieldstart|move: Grassy Terrain|[from] ability: Grassy Surge|[of] p2a: PITUFO-M
|move|p2b: YUKIMIYA|Fake Out|p1b: Indeedee
|-damage|p1b: Indeedee|78/100
|cant|p1b: Indeedee|flinch
|move|p1a: Gholdengo|Shadow Ball|p2a: PITUFO-M
|-damage|p2a: PITUFO-M|72/100
|
|-heal|p1b: Indeedee|84/100|[from] Grassy Terrain
|-heal|p2a: PITUFO-M|78/100|[from] Grassy Terrain
|-heal|p2b: YUKIMIYA|39/100|[from] Grassy Terrain
|upkeep
|turn|5
|
|t:|1757006115
|switch|p2b: KYUUUSAL|Volcarona, L50, F, shiny, tera:Fairy|48/100
|move|p1b: Indeedee|Expanding Force|p2a: PITUFO-M
|-damage|p2a: PITUFO-M|51/100
|move|p1a: Gholdengo|Make It Rain|p2a: PITUFO-M|[spread] p2a,p2b
|-supereffective|p2b: KYUUUSAL
|-damage|p2a: PITUFO-M|20/100
|-damage|p2b: KYUUUSAL|0 fnt
|-unboost|p1a: Gholdengo|spa|1
|faint|p2b: KYUUUSAL
|move|p2a: PITUFO-M|High Horsepower|p1a: Gholdengo
|-supereffective|p1a: Gholdengo
|-damage|p1a: Gholdengo|24/100
|
|-heal|p1b: Indeedee|89/100|[from] Grassy Terrain
|-heal|p1a: Gholdengo|31/100|[from] Grassy Terrain
|-heal|p2a: PITUFO-M|26/100|[from] Grassy Terrain
|upkeep
|
|t:|1757006125
|switch|p2b: YUKIMIYA|Incineroar, L50, M, shiny|39/100
|-ability|p2b: YUKIMIYA|Intimidate|boost
|-unboost|p1a: Gholdengo|atk|1
|-unboost|p1b: Indeedee|atk|1
|turn|6
|
|t:|1757006139
|move|p2a: PITUFO-M|Grassy Glide|p1a: Gholdengo
|-resisted|p1a: Gholdengo
|-damage|p1a: Gholdengo|10/100
|move|p1b: Indeedee|Tera Blast|p2b: YUKIMIYA|[anim] Tera Blast Fighting
|-supereffective|p2b: YUKIMIYA
|-damage|p2b: YUKIMIYA|0 fnt
|faint|p2b: YUKIMIYA
|move|p1a: Gholdengo|Make It Rain|p2a: PITUFO-M
|-damage|p2a: PITUFO-M|0 fnt
|-unboost|p1a: Gholdengo|spa|1
|faint|p2a: PITUFO-M
|
|-heal|p1b: Indeedee|95/100|[from] Grassy Terrain
|-heal|p1a: Gholdengo|16/100|[from] Grassy Terrain
|upkeep
|
|t:|1757006146
|switch|p2b: ITOSHI|Sneasler, L50, M, shiny|100/100
|-enditem|p2b: ITOSHI|Grassy Seed
|-boost|p2b: ITOSHI|def|1|[from] item: Grassy Seed
|turn|7
|
|t:|1757006159
|move|p2b: ITOSHI|Dire Claw|p1b: Indeedee
|-damage|p1b: Indeedee|13/100
|-status|p1b: Indeedee|par
|move|p1a: Gholdengo|Shadow Ball|p2b: ITOSHI
|-damage|p2b: ITOSHI|74/100
|cant|p1b: Indeedee|par
|
|-heal|p2b: ITOSHI|80/100|[from] Grassy Terrain
|-heal|p1a: Gholdengo|23/100|[from] Grassy Terrain
|-heal|p1b: Indeedee|19/100 par|[from] Grassy Terrain
|upkeep
|turn|8
|
|t:|1757006169
|move|p2b: ITOSHI|Dire Claw|p1b: Indeedee
|-damage|p1b: Indeedee|0 fnt
|faint|p1b: Indeedee
|move|p1a: Gholdengo|Shadow Ball|p2b: ITOSHI
|-damage|p2b: ITOSHI|52/100
|
|-heal|p2b: ITOSHI|58/100|[from] Grassy Terrain
|-heal|p1a: Gholdengo|29/100|[from] Grassy Terrain
|-fieldend|move: Grassy Terrain
|upkeep
|turn|9
|
|t:|1757006179
|move|p2b: ITOSHI|Protect|p2b: ITOSHI
|-singleturn|p2b: ITOSHI|Protect
|move|p1a: Gholdengo|Shadow Ball|p2b: ITOSHI
|-activate|p2b: ITOSHI|move: Protect
|
|upkeep
|turn|10
|c|☆sille rovert|Do you know the type chart
|
|t:|1757006189
|move|p2b: ITOSHI|Close Combat|p1a: Gholdengo
|-immune|p1a: Gholdengo
|move|p1a: Gholdengo|Shadow Ball|p2b: ITOSHI
|-damage|p2b: ITOSHI|29/100
|-unboost|p2b: ITOSHI|spd|1
|
|upkeep
|turn|11
|
|t:|1757006199
|move|p2b: ITOSHI|Dire Claw|p1a: Gholdengo
|-immune|p1a: Gholdengo
|move|p1a: Gholdengo|Shadow Ball|p2b: ITOSHI
|-damage|p2b: ITOSHI|0 fnt
|faint|p2b: ITOSHI
|
|win|sille rovert
||jagheter is ready for game 2.
||sille rovert is ready for game 2.
|uhtml|next|Next: Game 2 of 3
