|j|☆capspungo
|j|☆Jessditta
|html|capspungoJessditta    
|uhtml|bestof|Game 1 of a best-of-3
|t:|1757858104
|gametype|doubles
|player|p1|capspungo|102|1232
|player|p2|Jessditta|hilda|1258
|gen|9
|tier|[Gen 9] VGC 2025 Reg H (Bo3)
|rated|
|rule|Species Clause: Limit one of each Pokémon
|rule|Item Clause: Limit 1 of each item
|clearpoke
|poke|p1|Ninetales-Alola, L50, F|
|poke|p1|Ursaluna-Bloodmoon, L50, M|
|poke|p1|Maushold-Four, L50|
|poke|p1|Annihilape, L50, F|
|poke|p1|Klefki, L50, F|
|poke|p1|Sinistcha-Masterpiece, L50|
|poke|p2|Ninetales-Alola, L50, F|
|poke|p2|Rillaboom, L50, F|
|poke|p2|Volcarona, L50, M|
|poke|p2|Annihilape, L50, M|
|poke|p2|Ursaluna-Bloodmoon, L50, M|
|poke|p2|Sneasler, L50, F|
|teampreview|4
|showteam|p1|Ninetales-Alola||FocusSash|SnowWarning|Blizzard,FreezeDry,Encore,Protect|||F|||50|,,,,,Ghost]Ursaluna-Bloodmoon||AssaultVest|MindsEye|BloodMoon,EarthPower,HyperVoice,VacuumWave|||M|||50|,,,,,Water]Maushold-Four||SafetyGoggles|FriendGuard|BeatUp,Taunt,FollowMe,Protect||||||50|,,,,,Ghost]Annihilape||Leftovers|Defiant|DrainPunch,RageFist,BulkUp,Protect|||F|||50|,,,,,Fire]Klefki||LightClay|Prankster|DazzlingGleam,Reflect,LightScreen,MistyTerrain|||F|||50|,,,,,Ghost]Sinistcha-Masterpiece||SitrusBerry|Hospitality|MatchaGotcha,RagePowder,LifeDew,TrickRoom||||||50|,,,,,Water
|showteam|p2|Ninetales-Alola||LightClay|SnowWarning|Blizzard,IcicleSpear,AuroraVeil,FreezeDry|||F|||50|,,,,,Ghost]Rillaboom||AssaultVest|GrassySurge|FakeOut,WoodHammer,GrassyGlide,Uturn|||F|||50|,,,,,Fire]Volcarona||SitrusBerry|FlameBody|HeatWave,GigaDrain,QuiverDance,Protect|||M|||50|,,,,,Grass]Annihilape||Leftovers|Defiant|RageFist,DrainPunch,BulkUp,Protect|||M|||50|,,,,,Fire]Ursaluna-Bloodmoon||LifeOrb|MindsEye|BloodMoon,HyperVoice,EarthPower,Protect|||M|||50|,,,,,Ghost]Sneasler||GrassySeed|Unburden|FakeOut,DireClaw,CloseCombat,Coaching|||F|||50|,,,,,Dark
|
|t:|1757858151
|teamsize|p1|4
|teamsize|p2|4
|start
|switch|p1a: Annihilape|Annihilape, L50, F|100/100
|switch|p1b: Maushold|Maushold-Four, L50|100/100
|switch|p2a: Ninetales|Ninetales-Alola, L50, F|100/100
|switch|p2b: Annihilape|Annihilape, L50, M, shiny|100/100
|-weather|Snowscape|[from] ability: Snow Warning|[of] p2a: Ninetales
|turn|1
|
|t:|1757858176
|-terastallize|p1a: Annihilape|Fire
|-terastallize|p2b: Annihilape|Fire
|move|p2a: Ninetales|Aurora Veil|p2a: Ninetales
|-sidestart|p2: Jessditta|move: Aurora Veil
|move|p1b: Maushold|Taunt|p2a: Ninetales
|-start|p2a: Ninetales|move: Taunt
|move|p1a: Annihilape|Bulk Up|p1a: Annihilape
|-boost|p1a: Annihilape|atk|1
|-boost|p1a: Annihilape|def|1
|move|p2b: Annihilape|Bulk Up|p2b: Annihilape
|-boost|p2b: Annihilape|atk|1
|-boost|p2b: Annihilape|def|1
|
|-weather|Snowscape|[upkeep]
|upkeep
|turn|2
|
|t:|1757858218
|switch|p2a: Sneasler|Sneasler, L50, F|100/100
|move|p1b: Maushold|Beat Up|p1a: Annihilape
|-damage|p1a: Annihilape|99/100
|-damage|p1a: Annihilape|97/100
|-damage|p1a: Annihilape|96/100
|-damage|p1a: Annihilape|94/100
|-hitcount|p1a: Annihilape|4
|move|p1a: Annihilape|Rage Fist|p2a: Sneasler
|-damage|p2a: Sneasler|0 fnt
|faint|p2a: Sneasler
|move|p2b: Annihilape|Drain Punch|p1b: Maushold
|-supereffective|p1b: Maushold
|-damage|p1b: Maushold|0 fnt
|faint|p1b: Maushold
|
|-weather|Snowscape|[upkeep]
|-heal|p1a: Annihilape|100/100|[from] item: Leftovers
|upkeep
|
|t:|1757858239
|switch|p2a: Ninetales|Ninetales-Alola, L50, F|100/100
|switch|p1b: Klefki|Klefki, L50, F|100/100
|turn|3
|
|t:|1757858259
|move|p1b: Klefki|Reflect|p1b: Klefki
|-sidestart|p1: capspungo|Reflect
|move|p2a: Ninetales|Icicle Spear|p2b: Annihilape
|-resisted|p2b: Annihilape
|-damage|p2b: Annihilape|99/100
|-resisted|p2b: Annihilape
|-damage|p2b: Annihilape|98/100
|-resisted|p2b: Annihilape
|-damage|p2b: Annihilape|96/100
|-hitcount|p2b: Annihilape|3
|move|p1a: Annihilape|Rage Fist|p2a: Ninetales
|-damage|p2a: Ninetales|16/100
|move|p2b: Annihilape|Rage Fist|p1a: Annihilape
|-damage|p1a: Annihilape|28/100
|
|-weather|Snowscape|[upkeep]
|-heal|p1a: Annihilape|34/100|[from] item: Leftovers
|-heal|p2b: Annihilape|100/100|[from] item: Leftovers
|upkeep
|turn|4
|
|t:|1757858313
|move|p2a: Ninetales|Blizzard|p1b: Klefki|[spread] p1a,p1b
|-resisted|p1a: Annihilape
|-resisted|p1b: Klefki
|-damage|p1a: Annihilape|23/100
|-damage|p1b: Klefki|88/100
|move|p1a: Annihilape|Rage Fist|p2b: Annihilape
|-damage|p2b: Annihilape|13/100
|move|p2b: Annihilape|Rage Fist|p1a: Annihilape
|-damage|p1a: Annihilape|0 fnt
|faint|p1a: Annihilape
|move|p1b: Klefki|Dazzling Gleam|p2b: Annihilape|[spread] p2a,p2b
|-resisted|p2b: Annihilape
|-damage|p2a: Ninetales|4/100
|-damage|p2b: Annihilape|8/100
|
|-weather|Snowscape|[upkeep]
|-heal|p2b: Annihilape|14/100|[from] item: Leftovers
|upkeep
|
|t:|1757858329
|switch|p1a: Ursaluna|Ursaluna-Bloodmoon, L50, M|100/100
|turn|5
|
|t:|1757858349
|move|p1a: Ursaluna|Vacuum Wave|p2b: Annihilape
|-damage|p2b: Annihilape|5/100
|move|p2a: Ninetales|Blizzard|p1a: Ursaluna|[spread] p1a,p1b
|-supereffective|p1a: Ursaluna
|-resisted|p1b: Klefki
|-damage|p1a: Ursaluna|69/100
|-damage|p1b: Klefki|76/100
|move|p2b: Annihilape|Drain Punch|p1a: Ursaluna
|-supereffective|p1a: Ursaluna
|-damage|p1a: Ursaluna|8/100
|-heal|p2b: Annihilape|34/100|[from] drain|[of] p1a: Ursaluna
|move|p1b: Klefki|Dazzling Gleam|p2a: Ninetales|[spread] p2a,p2b
|-resisted|p2b: Annihilape
|-damage|p2a: Ninetales|0 fnt
|-damage|p2b: Annihilape|29/100
|faint|p2a: Ninetales
|
|-weather|none
|-heal|p2b: Annihilape|35/100|[from] item: Leftovers
|upkeep
|
|t:|1757858361
|switch|p2a: Volcarona|Volcarona, L50, M|100/100
|turn|6
|
|t:|1757858368
|move|p1b: Klefki|Light Screen|p1b: Klefki
|-sidestart|p1: capspungo|move: Light Screen
|move|p2a: Volcarona|Heat Wave|p1a: Ursaluna|[spread] p1a,p1b
|-supereffective|p1b: Klefki
|-damage|p1a: Ursaluna|0 fnt
|-damage|p1b: Klefki|25/100
|-status|p1b: Klefki|brn
|faint|p1a: Ursaluna
|move|p2b: Annihilape|Drain Punch|p1b: Klefki
|-damage|p1b: Klefki|0 fnt
|-heal|p2b: Annihilape|44/100|[from] drain|[of] p1b: Klefki
|faint|p1b: Klefki
|
|win|Jessditta
||capspungo is ready for game 2.
|inactive|Jessditta has 30 seconds to confirm battle start!
||Jessditta is ready for game 2.
|uhtml|next|Next: Game 2 of 3
