|j|☆forthememesvgc
|j|☆Moonlight Flutter
|html|forthememesvgcMoonlight Flutter    
|uhtml|bestof|Game 1 of a best-of-3
|t:|1782570994
|gametype|doubles
|player|p1|forthememesvgc|lady|
|player|p2|Moonlight Flutter|miku-flying|
|gen|9
|tier|[Gen 9 Champions] VGC 2026 Reg M-B (Bo3)
|rule|Species Clause: Limit one of each Pokémon
|rule|Item Clause: Limit 1 of each item
|clearpoke
|poke|p1|Staraptor, L50, F|
|poke|p1|Delphox, L50, F|
|poke|p1|Gholdengo, L50|
|poke|p1|Whimsicott, L50, F|
|poke|p1|Maushold-Four, L50|
|poke|p1|Garchomp, L50, M|
|poke|p2|Sinistcha, L50|
|poke|p2|Incineroar, L50, M|
|poke|p2|Milotic, L50, M|
|poke|p2|Raichu, L50, F|
|poke|p2|Ceruledge, L50, M|
|poke|p2|Mawile, L50, F, shiny|
|teampreview|4
|showteam|p1|Staraptor||Staraptite|Reckless|BraveBird,CloseCombat,Roost,Protect|Jolly||F|||50|]Delphox||Delphoxite|Blaze|HeatWave,Psychic,NastyPlot,Protect|Timid||F|||50|]Gholdengo||LifeOrb|GoodasGold|MakeItRain,ShadowBall,NastyPlot,Protect|Timid|||||50|]Whimsicott||FairyFeather|Prankster|Moonblast,Tailwind,Encore,Charm|Bold||F|||50|]Maushold-Four||ChopleBerry|FriendGuard|FollowMe,SuperFang,Charm,Protect|Timid|||||50|]Garchomp||ChoiceScarf|RoughSkin|DragonClaw,Earthquake,StompingTantrum,RockSlide|Adamant||M|||50|
|showteam|p2|Sinistcha||KasibBerry|Hospitality|MatchaGotcha,LifeDew,RagePowder,Protect|Relaxed|||||50|]Incineroar||SitrusBerry|Intimidate|FlareBlitz,ThroatChop,FakeOut,PartingShot|Impish||M|||50|]Milotic||Leftovers|Competitive|MuddyWater,Coil,Hypnosis,Protect|Calm||M|||50|]Raichu||RaichuniteY|LightningRod|ZapCannon,FocusBlast,FakeOut,Protect|Timid||F|||50|]Ceruledge||ColburBerry|FlashFire|BitterBlade,ShadowSneak,BulkUp,Protect|Adamant||M|||50|]Mawile||Mawilite|HyperCutter|PlayRough,SuckerPunch,SwordsDance,Protect|Adamant||F|||50|
|inactive|Battle timer is ON: inactive players will automatically lose when time's up. (requested by forthememesvgc)
|inactive|forthememesvgc has 60 seconds left.
|
|t:|1782571045
|teamsize|p1|4
|teamsize|p2|4
|start
|switch|p1a: Gholdengo|Gholdengo, L50|100/100
|switch|p1b: Maushold|Maushold-Four, L50|100/100
|switch|p2a: Raichu|Raichu, L50, F|100/100
|switch|p2b: Milotic|Milotic, L50, M|100/100
|turn|1
|
|t:|1782571067
|detailschange|p2a: Raichu|Raichu-Mega-Y, L50, F
|-mega|p2a: Raichu|Raichu|Raichunite Y
|move|p1a: Gholdengo|Protect|p1a: Gholdengo
|-singleturn|p1a: Gholdengo|Protect
|move|p2a: Raichu|Zap Cannon|p1a: Gholdengo
|-activate|p1a: Gholdengo|move: Protect
|move|p1b: Maushold|Super Fang|p2b: Milotic
|-damage|p2b: Milotic|50/100y
|move|p2b: Milotic|Coil|p2b: Milotic
|-boost|p2b: Milotic|atk|1
|-boost|p2b: Milotic|def|1
|-boost|p2b: Milotic|accuracy|1
|
|-heal|p2b: Milotic|55/100|[from] item: Leftovers
|upkeep
|turn|2
|
|t:|1782571076
|move|p1b: Maushold|Follow Me|p1b: Maushold
|-singleturn|p1b: Maushold|move: Follow Me
|move|p2a: Raichu|Zap Cannon|p1b: Maushold
|-damage|p1b: Maushold|25/100
|-status|p1b: Maushold|par
|move|p1a: Gholdengo|Nasty Plot|p1a: Gholdengo
|-boost|p1a: Gholdengo|spa|2
|move|p2b: Milotic|Muddy Water|p1a: Gholdengo|[spread] p1a,p1b
|-crit|p1b: Maushold
|-damage|p1a: Gholdengo|81/100
|-damage|p1b: Maushold|0 fnt
|faint|p1b: Maushold
|
|-heal|p2b: Milotic|61/100|[from] item: Leftovers
|upkeep
|
|t:|1782571082
|switch|p1b: Garchomp|Garchomp, L50, M|100/100
|turn|3
|inactive|Moonlight Flutter has 30 seconds left.
|
|t:|1782571109
|switch|p2b: Incineroar|Incineroar, L50, M|100/100
|-ability|p2b: Incineroar|Intimidate|boost
|-unboost|p1a: Gholdengo|atk|1
|-unboost|p1b: Garchomp|atk|1
|move|p1b: Garchomp|Stomping Tantrum|p2a: Raichu
|-supereffective|p2a: Raichu|1
|-damage|p2a: Raichu|20/100r
|move|p2a: Raichu|Zap Cannon|p1a: Gholdengo
|-damage|p1a: Gholdengo|15/100
|-status|p1a: Gholdengo|par
|move|p1a: Gholdengo|Shadow Ball|p2b: Incineroar
|-resisted|p2b: Incineroar|1
|-damage|p2b: Incineroar|52/100
|-damage|p1a: Gholdengo|6/100 par|[from] item: Life Orb
|
|upkeep
|turn|4
|
|t:|1782571126
|switch|p2a: Sinistcha|Sinistcha, L50|100/100
|-heal|p2b: Incineroar|77/100|[from] ability: Hospitality|[of] p2a: Sinistcha
|move|p1b: Garchomp|Stomping Tantrum|p2a: Sinistcha
|-resisted|p2a: Sinistcha|1
|-damage|p2a: Sinistcha|88/100
|move|p2b: Incineroar|Flare Blitz|p1a: Gholdengo
|-supereffective|p1a: Gholdengo|1
|-damage|p1a: Gholdengo|0 fnt
|faint|p1a: Gholdengo
|-damage|p2b: Incineroar|75/100|[from] Recoil
|
|upkeep
|
|t:|1782571134
|switch|p1a: Staraptor|Staraptor, L50, F|100/100
|turn|5
|inactive|forthememesvgc has 30 seconds left.
|inactive|Moonlight Flutter has 30 seconds left.
|
|t:|1782571159
|detailschange|p1a: Staraptor|Staraptor-Mega, L50, F
|-mega|p1a: Staraptor|Staraptor|Staraptite
|move|p2a: Sinistcha|Rage Powder|p2a: Sinistcha
|-singleturn|p2a: Sinistcha|move: Rage Powder
|move|p1b: Garchomp|Stomping Tantrum|p2a: Sinistcha
|-resisted|p2a: Sinistcha|1
|-damage|p2a: Sinistcha|78/100
|move|p1a: Staraptor|Close Combat|p2a: Sinistcha
|-immune|p2a: Sinistcha
|move|p2b: Incineroar|Flare Blitz|p1a: Staraptor
|-damage|p1a: Staraptor|52/100
|-damage|p2b: Incineroar|61/100|[from] Recoil
|
|upkeep
|turn|6
|
|t:|1782571172
|move|p2a: Sinistcha|Rage Powder|p2a: Sinistcha
|-singleturn|p2a: Sinistcha|move: Rage Powder
|move|p1b: Garchomp|Stomping Tantrum|p2a: Sinistcha
|-resisted|p2a: Sinistcha|1
|-damage|p2a: Sinistcha|66/100
|move|p1a: Staraptor|Brave Bird|p2a: Sinistcha
|-supereffective|p2a: Sinistcha|1
|-damage|p2a: Sinistcha|0 fnt
|faint|p2a: Sinistcha
|-damage|p1a: Staraptor|32/100|[from] Recoil
|move|p2b: Incineroar|Parting Shot|p1b: Garchomp
|-unboost|p1b: Garchomp|atk|1
|-unboost|p1b: Garchomp|spa|1
|
|t:|1782571179
|switch|p2b: Raichu|Raichu-Mega-Y, L50, F|20/100r|[from] Parting Shot
|
|upkeep
|
|t:|1782571180
|switch|p2a: Incineroar|Incineroar, L50, M|61/100
|-ability|p2a: Incineroar|Intimidate|boost
|-boost|p1a: Staraptor|atk|1
|-unboost|p1b: Garchomp|atk|1
|turn|7
|inactive|Moonlight Flutter has 30 seconds left.
|inactive|Moonlight Flutter has 20 seconds left.
|inactive|Moonlight Flutter has 15 seconds left.
|inactive|Moonlight Flutter has 10 seconds left.
|
|t:|1782571227
|switch|p2b: Milotic|Milotic, L50, M|61/100
|move|p1a: Staraptor|Protect|p1a: Staraptor
|-singleturn|p1a: Staraptor|Protect
|move|p1b: Garchomp|Stomping Tantrum|p2b: Milotic
|-damage|p2b: Milotic|48/100
|move|p2a: Incineroar|Parting Shot|p1b: Garchomp
|-unboost|p1b: Garchomp|atk|1
|-unboost|p1b: Garchomp|spa|1
|
|t:|1782571235
|switch|p2a: Raichu|Raichu-Mega-Y, L50, F|20/100r|[from] Parting Shot
|
|-heal|p2b: Milotic|54/100|[from] item: Leftovers
|upkeep
|turn|8
|
|t:|1782571247
|move|p2a: Raichu|Fake Out|p1a: Staraptor
|-damage|p1a: Staraptor|24/100
|move|p1b: Garchomp|Stomping Tantrum|p2a: Raichu
|-supereffective|p2a: Raichu|1
|-damage|p2a: Raichu|0 fnt
|faint|p2a: Raichu
|cant|p1a: Staraptor|flinch
|move|p2b: Milotic|Muddy Water|p1a: Staraptor|[spread] p1a,p1b
|-damage|p1a: Staraptor|3/100
|-damage|p1b: Garchomp|77/100
|
|-heal|p2b: Milotic|60/100|[from] item: Leftovers
|upkeep
|
|t:|1782571257
|switch|p2a: Incineroar|Incineroar, L50, M|61/100
|-ability|p2a: Incineroar|Intimidate|boost
|-boost|p1a: Staraptor|atk|1
|-unboost|p1b: Garchomp|atk|1
|turn|9
|
|t:|1782571265
|move|p1a: Staraptor|Protect|p1a: Staraptor
|-singleturn|p1a: Staraptor|Protect
|move|p2a: Incineroar|Fake Out|p1a: Staraptor
|-activate|p1a: Staraptor|move: Protect
|move|p1b: Garchomp|Stomping Tantrum|p2a: Incineroar
|-supereffective|p2a: Incineroar|1
|-damage|p2a: Incineroar|45/100
|-enditem|p2a: Incineroar|Sitrus Berry|[eat]
|-heal|p2a: Incineroar|70/100|[from] item: Sitrus Berry
|move|p2b: Milotic|Coil|p2b: Milotic
|-boost|p2b: Milotic|atk|1
|-boost|p2b: Milotic|def|1
|-boost|p2b: Milotic|accuracy|1
|
|-heal|p2b: Milotic|66/100|[from] item: Leftovers
|upkeep
|turn|10
|
|t:|1782571282
|move|p1b: Garchomp|Stomping Tantrum|p2a: Incineroar
|-supereffective|p2a: Incineroar|1
|-damage|p2a: Incineroar|52/100
|move|p1a: Staraptor|Roost|p1a: Staraptor
|-heal|p1a: Staraptor|53/100
|-singleturn|p1a: Staraptor|move: Roost
|move|p2b: Milotic|Hypnosis|p1a: Staraptor|[miss]
|-miss|p2b: Milotic|p1a: Staraptor
|move|p2a: Incineroar|Flare Blitz|p1a: Staraptor
|-crit|p1a: Staraptor
|-damage|p1a: Staraptor|0 fnt
|faint|p1a: Staraptor
|-damage|p2a: Incineroar|36/100|[from] Recoil
|
|-heal|p2b: Milotic|72/100|[from] item: Leftovers
|upkeep
|turn|11
|c|☆Moonlight Flutter|phew
|c|☆Moonlight Flutter|tưởng ném game rồi
|
|t:|1782571307
|move|p1b: Garchomp|Stomping Tantrum|p2a: Incineroar
|-supereffective|p2a: Incineroar|1
|-damage|p2a: Incineroar|20/100y
|move|p2b: Milotic|Muddy Water|p1b: Garchomp
|-damage|p1b: Garchomp|43/100
|move|p2a: Incineroar|Throat Chop|p1b: Garchomp
|-damage|p1b: Garchomp|14/100
|-start|p1b: Garchomp|Throat Chop|[silent]
|-damage|p2a: Incineroar|7/100|[from] ability: Rough Skin|[of] p1b: Garchomp
|
|-heal|p2b: Milotic|78/100|[from] item: Leftovers
|upkeep
|turn|12
|
|t:|1782571312
|move|p1b: Garchomp|Stomping Tantrum|p2a: Incineroar
|-supereffective|p2a: Incineroar|1
|-damage|p2a: Incineroar|0 fnt
|faint|p2a: Incineroar
|move|p2b: Milotic|Muddy Water|p1b: Garchomp
|-damage|p1b: Garchomp|0 fnt
|faint|p1b: Garchomp
|
|win|Moonlight Flutter
||Moonlight Flutter is ready for game 2.
||forthememesvgc is ready for game 2.
|uhtml|next|Next: Game 2 of 3
