|j|‽500cake
|j|☆Kilom11
|html|500cakeKilom11    
|uhtml|bestof|Game 1 of a best-of-3
|t:|1756652650
|gametype|doubles
|player|p1|500cake|170|1298
|player|p2|Kilom11|benga|1345
|gen|9
|tier|[Gen 9] VGC 2025 Reg H (Bo3)
|rated|
|rule|Species Clause: Limit one of each Pokémon
|rule|Item Clause: Limit 1 of each item
|clearpoke
|poke|p1|Typhlosion-Hisui, L50, M|
|poke|p1|Garchomp, L50, F|
|poke|p1|Murkrow, L50, F|
|poke|p1|Indeedee, L50, M|
|poke|p1|Weezing-Galar, L50, F|
|poke|p1|Maushold, L50|
|poke|p2|Electabuzz, L50, F|
|poke|p2|Kingambit, L50, F|
|poke|p2|Rillaboom, L50, F|
|poke|p2|Sneasler, L50, F|
|poke|p2|Volcarona, L50, M|
|poke|p2|Dragonite, L50, M|
|teampreview|4
|showteam|p1|Typhlosion-Hisui||Charcoal|Blaze|Eruption,HeatWave,Protect,ShadowBall|||M|||50|,,,,,Fire]Garchomp||LifeOrb|RoughSkin|Protect,Earthquake,StompingTantrum,DragonClaw|||F|||50|,,,,,Fairy]Murkrow||Eviolite|Prankster|Tailwind,SunnyDay,Haze,FoulPlay|||F|||50|,,,,,Ghost]Indeedee||FocusSash|PsychicSurge|TeraBlast,Imprison,ExpandingForce,TrickRoom|||M|||50|,,,,,Fighting]Weezing-Galar||Leftovers|NeutralizingGas|StrangeSteam,Taunt,SludgeBomb,Protect|||F|||50|,,,,,Ghost]Maushold||WideLens|Technician|PopulationBomb,Protect,Taunt,FollowMe||||||50|,,,,,Normal
|showteam|p2|Electabuzz||Eviolite|VitalSpirit|Thunderbolt,Taunt,FollowMe,Protect|||F|||50|,,,,,Ghost]Kingambit||BlackGlasses|Defiant|KowtowCleave,SuckerPunch,SwordsDance,Protect|||F|||50|,,,,,Dark]Rillaboom||AssaultVest|GrassySurge|FakeOut,HighHorsepower,WoodHammer,GrassyGlide|||F|||50|,,,,,Fire]Sneasler||FocusSash|PoisonTouch|DireClaw,CloseCombat,FakeOut,Coaching|||F|||50|,,,,,Stellar]Volcarona||Leftovers|FlameBody|HeatWave,TeraBlast,QuiverDance,Protect|||M|||50|,,,,,Fairy]Dragonite||LoadedDice|Multiscale|ExtremeSpeed,ScaleShot,Protect,Haze|||M|||50|,,,,,Steel
|inactive|Battle timer is ON: inactive players will automatically lose when time's up. (requested by Kilom11)
|
|t:|1756652680
|teamsize|p1|4
|teamsize|p2|4
|start
|switch|p1a: Maushold|Maushold, L50, shiny|100/100
|switch|p1b: Murkrow|Murkrow, L50, F, shiny|100/100
|switch|p2a: Electabuzz|Electabuzz, L50, F|100/100
|switch|p2b: Dragonite|Dragonite, L50, M|100/100
|turn|1
|inactive|500cake has 30 seconds left.
|inactive|Kilom11 has 30 seconds left.
|inactive|Kilom11 has 20 seconds left.
|
|t:|1756652715
|-terastallize|p2b: Dragonite|Steel
|move|p1a: Maushold|Taunt|p2a: Electabuzz
|-start|p2a: Electabuzz|move: Taunt
|move|p2a: Electabuzz|Thunderbolt|p1b: Murkrow
|-supereffective|p1b: Murkrow
|-damage|p1b: Murkrow|32/100
|move|p2b: Dragonite|Scale Shot|p1b: Murkrow
|-damage|p1b: Murkrow|16/100
|-damage|p1b: Murkrow|1/100
|-damage|p1b: Murkrow|0 fnt
|faint|p1b: Murkrow
|-hitcount|p1: Murkrow|3
|-unboost|p2b: Dragonite|def|1
|-boost|p2b: Dragonite|spe|1
|
|upkeep
|
|t:|1756652735
|switch|p1b: Garchomp|Garchomp, L50, F, shiny|100/100
|turn|2
|
|t:|1756652754
|switch|p2a: Volcarona|Volcarona, L50, M|100/100
|move|p2b: Dragonite|Protect|p2b: Dragonite
|-singleturn|p2b: Dragonite|Protect
|move|p1a: Maushold|Population Bomb|p2b: Dragonite
|-activate|p2b: Dragonite|move: Protect
|move|p1b: Garchomp|Stomping Tantrum|p2a: Volcarona
|-damage|p2a: Volcarona|41/100
|-damage|p1b: Garchomp|91/100|[from] item: Life Orb
|
|-heal|p2a: Volcarona|47/100|[from] item: Leftovers
|upkeep
|turn|3
|inactive|500cake has 30 seconds left.
|inactive|500cake has 20 seconds left.
|inactive|500cake has 15 seconds left.
|inactive|500cake has 10 seconds left.
|inactive|500cake has 5 seconds left.
|
|t:|1756652806
|move|p2b: Dragonite|Scale Shot|p1b: Garchomp
|-supereffective|p1b: Garchomp
|-damage|p1b: Garchomp|64/100
|-supereffective|p1b: Garchomp
|-damage|p1b: Garchomp|34/100
|-supereffective|p1b: Garchomp
|-damage|p1b: Garchomp|5/100
|-supereffective|p1b: Garchomp
|-damage|p1b: Garchomp|0 fnt
|faint|p1b: Garchomp
|-hitcount|p1: Garchomp|4
|-unboost|p2b: Dragonite|def|1
|-boost|p2b: Dragonite|spe|1
|move|p1a: Maushold|Population Bomb|p2b: Dragonite
|-resisted|p2b: Dragonite
|-damage|p2b: Dragonite|94/100
|-resisted|p2b: Dragonite
|-crit|p2b: Dragonite
|-damage|p2b: Dragonite|77/100
|-resisted|p2b: Dragonite
|-damage|p2b: Dragonite|65/100
|-resisted|p2b: Dragonite
|-damage|p2b: Dragonite|53/100
|-resisted|p2b: Dragonite
|-damage|p2b: Dragonite|42/100
|-resisted|p2b: Dragonite
|-damage|p2b: Dragonite|31/100
|-resisted|p2b: Dragonite
|-damage|p2b: Dragonite|17/100
|-resisted|p2b: Dragonite
|-damage|p2b: Dragonite|5/100
|-resisted|p2b: Dragonite
|-damage|p2b: Dragonite|0 fnt
|faint|p2b: Dragonite
|-hitcount|p2: Dragonite|9
|move|p2a: Volcarona|Heat Wave|p1a: Maushold
|-damage|p1a: Maushold|29/100
|
|-heal|p2a: Volcarona|54/100|[from] item: Leftovers
|upkeep
|inactive|500cake has 30 seconds left.
|
|t:|1756652838
|switch|p1b: Typhlosion|Typhlosion-Hisui, L50, M, shiny|100/100
|switch|p2b: Electabuzz|Electabuzz, L50, F|100/100
|turn|4
|
|t:|1756652863
|-terastallize|p1b: Typhlosion|Fire
|move|p2a: Volcarona|Protect|p2a: Volcarona
|-singleturn|p2a: Volcarona|Protect
|move|p1a: Maushold|Population Bomb|p2b: Electabuzz
|-damage|p2b: Electabuzz|92/100
|-damage|p2b: Electabuzz|83/100
|-damage|p2b: Electabuzz|73/100
|-crit|p2b: Electabuzz
|-damage|p2b: Electabuzz|58/100
|-crit|p2b: Electabuzz
|-damage|p2b: Electabuzz|44/100
|-damage|p2b: Electabuzz|35/100
|-damage|p2b: Electabuzz|26/100
|-damage|p2b: Electabuzz|17/100
|-damage|p2b: Electabuzz|8/100
|-damage|p2b: Electabuzz|0 fnt
|faint|p2b: Electabuzz
|-hitcount|p2: Electabuzz|10
|move|p1b: Typhlosion|Eruption|p2a: Volcarona
|-activate|p2a: Volcarona|move: Protect
|
|-heal|p2a: Volcarona|60/100|[from] item: Leftovers
|upkeep
|
|t:|1756652867
|switch|p2b: Kingambit|Kingambit, L50, F|100/100
|turn|5
|
|t:|1756652891
|move|p1a: Maushold|Follow Me|p1a: Maushold
|-singleturn|p1a: Maushold|move: Follow Me
|move|p2b: Kingambit|Sucker Punch||[still]
|-fail|p2b: Kingambit
|move|p1b: Typhlosion|Eruption|p2a: Volcarona|[spread] p2a,p2b
|-supereffective|p2b: Kingambit
|-damage|p2a: Volcarona|0 fnt
|-damage|p2b: Kingambit|0 fnt
|faint|p2a: Volcarona
|faint|p2b: Kingambit
|
|win|500cake
||Kilom11 is ready for game 2.
|inactive|500cake has 30 seconds to confirm battle start!
||500cake is ready for game 2.
|uhtml|next|Next: Game 2 of 3
|n|‽500cake|500cake
|l|‽500cake
|player|p1|
|l|☆Kilom11
|player|p2|
|j|‽500cake
|player|p1|500cake|170|
|l|‽500cake
|player|p1|
|j|‽500cake
|player|p1|500cake|170|
|n|‽500cake|500cake
