|j|☆p1ch1pichi
|j|☆TheDoomDraogn
|html|p1ch1pichiTheDoomDraogn    
|uhtml|bestof|Game 2 of a best-of-3
|t:|1784649759
|gametype|doubles
|player|p1|p1ch1pichi|n|1200
|player|p2|TheDoomDraogn|gentleman-gen4|1310
|gen|9
|tier|[Gen 9 Champions] VGC 2026 Reg M-B (Bo3)
|rated|
|rule|Species Clause: Limit one of each Pokémon
|rule|Item Clause: Limit 1 of each item
|clearpoke
|poke|p1|Meganium, L50, M, shiny|
|poke|p1|Swampert, L50, M, shiny|
|poke|p1|Pelipper, L50, M|
|poke|p1|Archaludon, L50, M|
|poke|p1|Sableye, L50, M|
|poke|p1|Sneasler, L50, F|
|poke|p2|Charizard, L50, M, shiny|
|poke|p2|Metagross, L50, shiny|
|poke|p2|Hydreigon, L50, M|
|poke|p2|Incineroar, L50, M|
|poke|p2|Toxapex, L50, M, shiny|
|poke|p2|Annihilape, L50, M, shiny|
|teampreview|4
|showteam|p1|Meganium||Meganiumite|Overgrow|SolarBeam,WeatherBall,DazzlingGleam,Protect|Modest||M|||50|]Swampert||Swampertite|Torrent|HighHorsepower,WaveCrash,KnockOff,Protect|Adamant||M|||50|]Pelipper||FocusSash|Drizzle|WeatherBall,Hurricane,WideGuard,Tailwind|Timid||M|||50|]Archaludon||Leftovers|Stalwart|ElectroShot,AuraSphere,DragonPulse,Protect|Modest||M|||50|]Sableye||WideLens|Prankster|Taunt,Swagger,RainDance,WillOWisp|Calm||M|||50|]Sneasler||LumBerry|Unburden|DireClaw,Acrobatics,CloseCombat,Protect|Adamant||F|||50|
|showteam|p2|Charizard||CharizarditeY|Blaze|HeatWave,WeatherBall,SolarBeam,Protect|Modest||M|||50|]Metagross||Metagrossite|ClearBody|PsychicFangs,BulletPunch,IcePunch,Protect|Jolly|||||50|]Hydreigon||ChoiceScarf|Levitate|DarkPulse,DracoMeteor,Snarl,EarthPower|Modest||M|||50|]Incineroar||SitrusBerry|Intimidate|FlareBlitz,ThroatChop,PartingShot,FakeOut|Impish||M|||50|]Toxapex||Leftovers|Regenerator|Infestation,Toxic,WideGuard,BanefulBunker|Relaxed||M|||50|]Annihilape||FocusSash|Defiant|PhantomForce,CloseCombat,RockTomb,Protect|Jolly||M|||50|
|inactive|Battle timer is ON: inactive players will automatically lose when time's up. (requested by p1ch1pichi)
|
|t:|1784649775
|teamsize|p1|4
|teamsize|p2|4
|start
|switch|p1a: G4MER67|Sableye, L50, M|100/100
|switch|p1b: Jojo Sira|Sneasler, L50, F|100/100
|switch|p2a: Incineroar|Incineroar, L50, M|100/100
|switch|p2b: Charizard|Charizard, L50, M, shiny|100/100
|-ability|p2a: Incineroar|Intimidate|boost
|-unboost|p1a: G4MER67|atk|1
|-unboost|p1b: Jojo Sira|atk|1
|turn|1
|
|t:|1784649789
|detailschange|p2b: Charizard|Charizard-Mega-Y, L50, M, shiny
|-mega|p2b: Charizard|Charizard|Charizardite Y
|-weather|SunnyDay|[from] ability: Drought|[of] p2b: Charizard
|move|p1b: Jojo Sira|Protect|p1b: Jojo Sira
|-singleturn|p1b: Jojo Sira|Protect
|move|p2a: Incineroar|Fake Out|p1b: Jojo Sira
|-activate|p1b: Jojo Sira|move: Protect
|move|p1a: G4MER67|Rain Dance|p1a: G4MER67
|-weather|RainDance
|move|p2b: Charizard|Weather Ball|p1a: G4MER67
|-damage|p1a: G4MER67|34/100
|
|-weather|RainDance|[upkeep]
|upkeep
|turn|2
|
|t:|1784649810
|move|p1a: G4MER67|Swagger|p1b: Jojo Sira
|-boost|p1b: Jojo Sira|atk|2
|-start|p1b: Jojo Sira|confusion
|-enditem|p1b: Jojo Sira|Lum Berry|[eat]
|-end|p1b: Jojo Sira|confusion
|move|p1b: Jojo Sira|Dire Claw|p2b: Charizard
|-damage|p2b: Charizard|28/100
|move|p2b: Charizard|Weather Ball|p1b: Jojo Sira
|-damage|p1b: Jojo Sira|14/100
|move|p2a: Incineroar|Parting Shot|p1b: Jojo Sira
|-unboost|p1b: Jojo Sira|atk|1
|-unboost|p1b: Jojo Sira|spa|1
|
|t:|1784649826
|switch|p2a: Toxapex|Toxapex, L50, M, shiny|100/100|[from] Parting Shot
|
|-weather|RainDance|[upkeep]
|upkeep
|turn|3
|
|t:|1784649837
|move|p2b: Charizard|Protect|p2b: Charizard
|-singleturn|p2b: Charizard|Protect
|move|p1a: G4MER67|Taunt|p2a: Toxapex
|-start|p2a: Toxapex|move: Taunt
|move|p1b: Jojo Sira|Dire Claw|p2b: Charizard
|-activate|p2b: Charizard|move: Protect
|move|p2a: Toxapex|Infestation|p1b: Jojo Sira
|-resisted|p1b: Jojo Sira|2
|-damage|p1b: Jojo Sira|13/100
|-activate|p1b: Jojo Sira|move: Infestation|[of] p2a: Toxapex
|
|-weather|RainDance|[upkeep]
|-damage|p1b: Jojo Sira|1/100|[from] move: Infestation|[partiallytrapped]
|upkeep
|turn|4
|
|t:|1784649857
|switch|p2b: Incineroar|Incineroar, L50, M|100/100
|-ability|p2b: Incineroar|Intimidate|boost
|-unboost|p1a: G4MER67|atk|1
|-unboost|p1b: Jojo Sira|atk|1
|move|p1a: G4MER67|Will-O-Wisp|p2a: Toxapex
|-status|p2a: Toxapex|brn
|move|p1b: Jojo Sira|Acrobatics|p2b: Incineroar
|-damage|p2b: Incineroar|80/100
|move|p2a: Toxapex|Infestation|p1a: G4MER67
|-damage|p1a: G4MER67|30/100
|-activate|p1a: G4MER67|move: Infestation|[of] p2a: Toxapex
|
|-weather|RainDance|[upkeep]
|-damage|p2a: Toxapex|94/100 brn|[from] brn
|-damage|p1b: Jojo Sira|0 fnt|[from] move: Infestation|[partiallytrapped]
|faint|p1b: Jojo Sira
|-damage|p1a: G4MER67|18/100|[from] move: Infestation|[partiallytrapped]
|upkeep
|
|t:|1784649874
|switch|p1b: San Juanico|Archaludon, L50, M|100/100
|turn|5
|
|t:|1784649883
|move|p2b: Incineroar|Fake Out|p1b: San Juanico
|-resisted|p1b: San Juanico|1
|-damage|p1b: San Juanico|95/100
|move|p1a: G4MER67|Rain Dance||[still]
|-fail|p1a: G4MER67
|cant|p1b: San Juanico|flinch
|move|p2a: Toxapex|Infestation|p1b: San Juanico
|-resisted|p1b: San Juanico|1
|-damage|p1b: San Juanico|94/100
|-activate|p1b: San Juanico|move: Infestation|[of] p2a: Toxapex
|
|-weather|none
|-heal|p1b: San Juanico|100/100|[from] item: Leftovers
|-heal|p2a: Toxapex|100/100 brn|[from] item: Leftovers
|-damage|p2a: Toxapex|94/100 brn|[from] brn
|-damage|p1b: San Juanico|87/100|[from] move: Infestation|[partiallytrapped]
|-damage|p1a: G4MER67|6/100|[from] move: Infestation|[partiallytrapped]
|-end|p2a: Toxapex|move: Taunt
|upkeep
|turn|6
|inactive|p1ch1pichi has 30 seconds left.
|
|t:|1784649910
|move|p1a: G4MER67|Taunt|p2a: Toxapex
|-start|p2a: Toxapex|move: Taunt
|move|p1b: San Juanico|Electro Shot||[still]
|-prepare|p1b: San Juanico|Electro Shot
|-boost|p1b: San Juanico|spa|1
|move|p2b: Incineroar|Parting Shot|p1b: San Juanico
|-unboost|p1b: San Juanico|atk|1
|-unboost|p1b: San Juanico|spa|1
|
|t:|1784649920
|switch|p2b: Annihilape|Annihilape, L50, M, shiny|100/100|[from] Parting Shot
|move|p2a: Toxapex|Infestation|p1a: G4MER67
|-damage|p1a: G4MER67|2/100
|
|-heal|p1b: San Juanico|93/100|[from] item: Leftovers
|-heal|p2a: Toxapex|100/100 brn|[from] item: Leftovers
|-damage|p2a: Toxapex|94/100 brn|[from] brn
|-damage|p1b: San Juanico|81/100|[from] move: Infestation|[partiallytrapped]
|-damage|p1a: G4MER67|0 fnt|[from] move: Infestation|[partiallytrapped]
|faint|p1a: G4MER67
|upkeep
|
|t:|1784649930
|switch|p1a: Inidoro|Pelipper, L50, M|100/100
|-weather|RainDance|[from] ability: Drizzle|[of] p1a: Inidoro
|turn|7
|
|t:|1784649938
|-heal|p2a: Toxapex|100/100 brn|[from] ability: Regenerator|[silent]
|switch|p2a: Charizard|Charizard-Mega-Y, L50, M, shiny|28/100
|-weather|SunnyDay|[from] ability: Drought|[of] p2a: Charizard
|move|p2b: Annihilape|Close Combat|p1b: San Juanico
|-supereffective|p1b: San Juanico|1
|-damage|p1b: San Juanico|0 fnt
|-unboost|p2b: Annihilape|def|1
|-unboost|p2b: Annihilape|spd|1
|faint|p1b: San Juanico
|move|p1a: Inidoro|Hurricane|p2b: Annihilape
|-supereffective|p2b: Annihilape|1
|-enditem|p2b: Annihilape|Focus Sash
|-damage|p2b: Annihilape|1/100
|-start|p2b: Annihilape|confusion
|
|-weather|SunnyDay|[upkeep]
|upkeep
|turn|8
|
|t:|1784649961
|-activate|p2b: Annihilape|confusion
|-damage|p2b: Annihilape|0 fnt|[from] confusion
|faint|p2b: Annihilape
|move|p2a: Charizard|Solar Beam||[still]
|-prepare|p2a: Charizard|Solar Beam
|-anim|p2a: Charizard|Solar Beam|p1a: Inidoro
|-damage|p1a: Inidoro|25/100
|move|p1a: Inidoro|Hurricane|p2a: Charizard|[miss]
|-miss|p1a: Inidoro|p2a: Charizard
|
|-weather|SunnyDay|[upkeep]
|upkeep
|
|t:|1784649969
|switch|p2b: Incineroar|Incineroar, L50, M|80/100
|-ability|p2b: Incineroar|Intimidate|boost
|-unboost|p1a: Inidoro|atk|1
|turn|9
|
|t:|1784649975
|move|p2b: Incineroar|Fake Out|p1a: Inidoro
|-damage|p1a: Inidoro|12/100
|move|p2a: Charizard|Solar Beam||[still]
|-prepare|p2a: Charizard|Solar Beam
|-anim|p2a: Charizard|Solar Beam|p1a: Inidoro
|-damage|p1a: Inidoro|0 fnt
|faint|p1a: Inidoro
|
|win|TheDoomDraogn
||TheDoomDraogn is ready for game 3.
||p1ch1pichi is ready for game 3.
|uhtml|next|Next: Game 3 of 3
|l|☆TheDoomDraogn
|player|p2|
