|j|â˜†Zhang21
|j|â˜†FastForwardMyGame
|html|Zhang21FastForwardMyGame    
|uhtml|bestof|Game 2 of a best-of-3
|t:|1757814579
|gametype|doubles
|player|p1|Zhang21|170|1136
|player|p2|FastForwardMyGame|cyclist|1123
|gen|9
|tier|[Gen 9] VGC 2025 Reg H (Bo3)
|rated|
|rule|Species Clause: Limit one of each PokÃ©mon
|rule|Item Clause: Limit 1 of each item
|clearpoke
|poke|p1|Ninetales-Alola, L50, M|
|poke|p1|Frosmoth, L50, M|
|poke|p1|Incineroar, L50, M|
|poke|p1|Rillaboom, L50, M|
|poke|p1|Palafin, L50, M|
|poke|p1|Sneasler, L50, M|
|poke|p2|Hatterene, L50, F|
|poke|p2|Sunflora, L50, F|
|poke|p2|Indeedee-F, L50, F|
|poke|p2|Torkoal, L50, F|
|poke|p2|Gallade, L50, M|
|poke|p2|Ursaluna, L50, M|
|teampreview|4
|showteam|p1|Ninetales-Alola||CovertCloak|SnowWarning|Blizzard,Moonblast,AuroraVeil,Protect|||M|||50|,,,,,Water]Frosmoth||MentalHerb|IceScales|IceBeam,GigaDrain,QuiverDance,Protect|||M|||50|,,,,,Ice]Incineroar||SafetyGoggles|Intimidate|FakeOut,FlareBlitz,KnockOff,PartingShot|||M|||50|,,,,,Ghost]Rillaboom||AssaultVest|GrassySurge|FakeOut,WoodHammer,HighHorsepower,Uturn|||M|||50|,,,,,Fire]Palafin||ClearAmulet|ZerotoHero|WaveCrash,JetPunch,FlipTurn,Protect|||M|||50|,,,,,Water]Sneasler||GrassySeed|Unburden|DireClaw,CloseCombat,Acrobatics,Protect|||M|||50|,,,,,Flying
|showteam|p2|Hatterene||CovertCloak|MagicBounce|TrickRoom,ExpandingForce,DazzlingGleam,Protect|||F|||50|,,,,,Water]Sunflora||LifeOrb|SolarPower|EarthPower,WeatherBall,EnergyBall,Protect|||F|||50|,,,,,Fire]Indeedee-F||EjectButton|PsychicSurge|FollowMe,HelpingHand,TrickRoom,TeraBlast|||F|||50|,,,,,Dark]Torkoal||EjectPack|Drought|Eruption,HelpingHand,SunnyDay,Overheat|||F|||50|,,,,,Grass]Gallade||PsychicSeed|Sharpness|TrickRoom,SacredSword,PsychoCut,WideGuard|||M|||50|,,,,,Fire]Ursaluna||FlameOrb|Guts|Facade,HeadlongRush,Protect,Crunch|||M|||50|,,,,,Ghost
|inactive|Battle timer is ON: inactive players will automatically lose when time's up. (requested by FastForwardMyGame)
|
|t:|1757814606
|teamsize|p1|4
|teamsize|p2|4
|start
|switch|p1a: Ninetales|Ninetales-Alola, L50, M|100/100
|switch|p1b: Frosmoth|Frosmoth, L50, M|100/100
|switch|p2a: Queen Virgo|Hatterene, L50, F, shiny|100/100
|switch|p2b: Amiable|Indeedee-F, L50, F|100/100
|-weather|Snowscape|[from] ability: Snow Warning|[of] p1a: Ninetales
|-fieldstart|move: Psychic Terrain|[from] ability: Psychic Surge|[of] p2b: Amiable
|turn|1
|
|t:|1757814621
|switch|p2b: Anger|Torkoal, L50, F|100/100
|-weather|SunnyDay|[from] ability: Drought|[of] p2b: Anger
|-terastallize|p2a: Queen Virgo|Water
|move|p1a: Ninetales|Aurora Veil||[still]
|-fail|p1a: Ninetales
|move|p1b: Frosmoth|Quiver Dance|p1b: Frosmoth
|-boost|p1b: Frosmoth|spa|1
|-boost|p1b: Frosmoth|spd|1
|-boost|p1b: Frosmoth|spe|1
|move|p2a: Queen Virgo|Trick Room|p2a: Queen Virgo
|-fieldstart|move: Trick Room|[of] p2a: Queen Virgo
|
|-weather|SunnyDay|[upkeep]
|upkeep
|turn|2
|inactive|Zhang21 has 30 seconds left.
|inactive|FastForwardMyGame has 30 seconds left.
|
|t:|1757814647
|switch|p1a: Incineroar|Incineroar, L50, M|100/100
|-ability|p1a: Incineroar|Intimidate|boost
|-unboost|p2a: Queen Virgo|atk|1
|-unboost|p2b: Anger|atk|1
|-enditem|p2b: Anger|Eject Pack
|
|t:|1757814652
|switch|p2b: Goatflora|Sunflora, L50, F|100/100
|move|p1b: Frosmoth|Protect|p1b: Frosmoth
|-singleturn|p1b: Frosmoth|Protect
|move|p2a: Queen Virgo|Expanding Force|p1b: Frosmoth|[spread] 
|-activate|p1b: Frosmoth|move: Protect
|-immune|p1a: Incineroar
|
|-weather|SunnyDay|[upkeep]
|-damage|p2b: Goatflora|88/100|[from] ability: Solar Power|[of] p2b: Goatflora
|upkeep
|turn|3
|inactive|FastForwardMyGame has 30 seconds left.
|inactive|FastForwardMyGame has 20 seconds left.
|
|t:|1757814690
|switch|p1a: Ninetales|Ninetales-Alola, L50, M|100/100
|-weather|Snowscape|[from] ability: Snow Warning|[of] p1a: Ninetales
|move|p2a: Queen Virgo|Dazzling Gleam|p1b: Frosmoth|[spread] p1a,p1b
|-damage|p1a: Ninetales|74/100
|-damage|p1b: Frosmoth|91/100
|move|p2b: Goatflora|Earth Power|p1a: Ninetales
|-damage|p1a: Ninetales|35/100
|-damage|p2b: Goatflora|79/100|[from] item: Life Orb
|move|p1b: Frosmoth|Quiver Dance|p1b: Frosmoth
|-boost|p1b: Frosmoth|spa|1
|-boost|p1b: Frosmoth|spd|1
|-boost|p1b: Frosmoth|spe|1
|
|-weather|Snowscape|[upkeep]
|upkeep
|turn|4
|inactive|Zhang21 has 30 seconds left.
|inactive|FastForwardMyGame has 30 seconds left.
|inactive|Zhang21 has 20 seconds left.
|
|t:|1757814727
|switch|p2a: Anger|Torkoal, L50, F|100/100
|-weather|SunnyDay|[from] ability: Drought|[of] p2a: Anger
|switch|p1a: Incineroar|Incineroar, L50, M|100/100
|-ability|p1a: Incineroar|Intimidate|boost
|-unboost|p2a: Anger|atk|1
|-unboost|p2b: Goatflora|atk|1
|move|p1b: Frosmoth|Protect|p1b: Frosmoth
|-singleturn|p1b: Frosmoth|Protect
|move|p2b: Goatflora|Weather Ball|p1b: Frosmoth
|-activate|p1b: Frosmoth|move: Protect
|
|-weather|SunnyDay|[upkeep]
|-damage|p2b: Goatflora|66/100|[from] ability: Solar Power|[of] p2b: Goatflora
|upkeep
|turn|5
|
|t:|1757814750
|switch|p1a: Ninetales|Ninetales-Alola, L50, M|35/100
|-weather|Snowscape|[from] ability: Snow Warning|[of] p1a: Ninetales
|-terastallize|p1b: Frosmoth|Ice
|move|p2a: Anger|Overheat|p1b: Frosmoth
|-supereffective|p1b: Frosmoth
|-damage|p1b: Frosmoth|60/100
|-unboost|p2a: Anger|spa|2
|move|p2b: Goatflora|Earth Power|p1a: Ninetales
|-damage|p1a: Ninetales|0 fnt
|faint|p1a: Ninetales
|-damage|p2b: Goatflora|57/100|[from] item: Life Orb
|move|p1b: Frosmoth|Quiver Dance|p1b: Frosmoth
|-boost|p1b: Frosmoth|spa|1
|-boost|p1b: Frosmoth|spd|1
|-boost|p1b: Frosmoth|spe|1
|
|-weather|Snowscape|[upkeep]
|-fieldend|move: Trick Room
|-fieldend|move: Psychic Terrain
|upkeep
|
|t:|1757814755
|switch|p1a: Incineroar|Incineroar, L50, M|100/100
|-ability|p1a: Incineroar|Intimidate|boost
|-unboost|p2a: Anger|atk|1
|-unboost|p2b: Goatflora|atk|1
|turn|6
|inactive|FastForwardMyGame has 30 seconds left.
|inactive|FastForwardMyGame has 20 seconds left.
|inactive|FastForwardMyGame has 15 seconds left.
|inactive|FastForwardMyGame has 10 seconds left.
|
|t:|1757814801
|move|p2a: Anger|Helping Hand|p2b: Goatflora
|-singleturn|p2b: Goatflora|Helping Hand|[of] p2a: Anger
|move|p1b: Frosmoth|Ice Beam|p2a: Anger
|-resisted|p2a: Anger
|-damage|p2a: Anger|10/100
|move|p1a: Incineroar|Flare Blitz|p2b: Goatflora
|-supereffective|p2b: Goatflora
|-damage|p2b: Goatflora|0 fnt
|faint|p2b: Goatflora
|-damage|p1a: Incineroar|84/100|[from] Recoil
|
|-weather|Snowscape|[upkeep]
|upkeep
|
|t:|1757814815
|switch|p2b: Amiable|Indeedee-F, L50, F|100/100
|-fieldstart|move: Psychic Terrain|[from] ability: Psychic Surge|[of] p2b: Amiable
|turn|7
|
|t:|1757814831
|switch|p2a: Queen Virgo|Hatterene, L50, F, shiny, tera:Water|100/100
|move|p1b: Frosmoth|Ice Beam|p2b: Amiable
|-damage|p2b: Amiable|0 fnt
|faint|p2b: Amiable
|move|p1a: Incineroar|Knock Off|p2a: Queen Virgo
|-damage|p2a: Queen Virgo|64/100
|-enditem|p2a: Queen Virgo|Covert Cloak|[from] move: Knock Off|[of] p1a: Incineroar
|
|-weather|Snowscape|[upkeep]
|upkeep
|
|t:|1757814840
|switch|p2b: Anger|Torkoal, L50, F|10/100
|-weather|SunnyDay|[from] ability: Drought|[of] p2b: Anger
|turn|8
|
|t:|1757814849
|move|p2a: Queen Virgo|Protect|p2a: Queen Virgo
|-singleturn|p2a: Queen Virgo|Protect
|move|p1b: Frosmoth|Giga Drain|p2a: Queen Virgo
|-activate|p2a: Queen Virgo|move: Protect
|move|p1a: Incineroar|Knock Off|p2b: Anger
|-damage|p2b: Anger|0 fnt
|faint|p2b: Anger
|
|-weather|SunnyDay|[upkeep]
|upkeep
|turn|9
|
|t:|1757814857
|move|p1b: Frosmoth|Giga Drain|p2a: Queen Virgo
|-supereffective|p2a: Queen Virgo
|-damage|p2a: Queen Virgo|0 fnt
|-heal|p1b: Frosmoth|90/100|[from] drain|[of] p2a: Queen Virgo
|faint|p2a: Queen Virgo
|
|win|Zhang21
||FastForwardMyGame is ready for game 3.
||Zhang21 is ready for game 3.
|uhtml|next|Next: Game 3 of 3
