|j|☆team1hanlau
|j|☆lightstreem
|html|team1hanlaulightstreem    
|uhtml|bestof|Game 2 of a best-of-3
|t:|1782659084
|gametype|doubles
|player|p1|team1hanlau|102|1074
|player|p2|lightstreem|unknown|1080
|gen|9
|tier|[Gen 9 Champions] VGC 2026 Reg M-B (Bo3)
|rated|
|rule|Species Clause: Limit one of each Pokémon
|rule|Item Clause: Limit 1 of each item
|clearpoke
|poke|p1|Swampert, L50, F|
|poke|p1|Pelipper, L50, F|
|poke|p1|Archaludon, L50, M|
|poke|p1|Sinistcha, L50|
|poke|p1|Maushold, L50|
|poke|p1|Gholdengo, L50|
|poke|p2|Eelektross, L50, M|
|poke|p2|Garchomp, L50, M|
|poke|p2|Basculegion, L50, M|
|poke|p2|Grimmsnarl, L50, M|
|poke|p2|Whimsicott, L50, F|
|poke|p2|Charizard, L50, F|
|teampreview|4
|showteam|p1|Swampert||Swampertite|Torrent|WaveCrash,HighHorsepower,IcePunch,Protect|Adamant||F|||50|]Pelipper||SitrusBerry|Drizzle|WeatherBall,Hurricane,Tailwind,WideGuard|Modest||F|||50|]Archaludon||Leftovers|Stamina|ElectroShot,DragonPulse,FlashCannon,Protect|Calm||M|||50|]Sinistcha||KasibBerry|Hospitality|RagePowder,MatchaGotcha,TrickRoom,Protect|Bold|||||50|]Maushold||FocusSash|FriendGuard|FollowMe,SuperFang,RainDance,Protect|Timid|||||50|]Gholdengo||ChoiceScarf|GoodasGold|MakeItRain,ShadowBall,PowerGem,Trick|Modest|||||50|
|showteam|p2|Eelektross||Eelektrossite|Levitate|Thunderbolt,GigaDrain,Flamethrower,Protect|Timid||M|||50|]Garchomp||LifeOrb|RoughSkin|Earthquake,DragonClaw,RockSlide,Protect|Jolly||M|||50|]Basculegion||MysticWater|Adaptability|AquaJet,LastRespects,Liquidation,Protect|Jolly||M|||50|]Grimmsnarl||LightClay|Prankster|SpiritBreak,LightScreen,Reflect,PartingShot|Careful||M|||50|]Whimsicott||FocusSash|Prankster|Moonblast,Encore,Tailwind,Protect|Bold||F|||50|]Charizard||CharizarditeY|SolarPower|HeatWave,WeatherBall,SolarBeam,Protect|Timid||F|||50|
|
|t:|1782659110
|teamsize|p1|4
|teamsize|p2|4
|start
|switch|p1a: Maushold|Maushold, L50|100/100
|switch|p1b: Swampert|Swampert, L50, F|100/100
|switch|p2a: Eelektross|Eelektross, L50, M|100/100
|switch|p2b: Whimsicott|Whimsicott, L50, F|100/100
|turn|1
|
|t:|1782659126
|detailschange|p2a: Eelektross|Eelektross-Mega, L50, M
|-mega|p2a: Eelektross|Eelektross|Eelektrossite
|detailschange|p1b: Swampert|Swampert-Mega, L50, F
|-mega|p1b: Swampert|Swampert|Swampertite
|move|p1b: Swampert|Protect|p1b: Swampert
|-singleturn|p1b: Swampert|Protect
|move|p2b: Whimsicott|Tailwind|p2b: Whimsicott
|-sidestart|p2: lightstreem|move: Tailwind
|move|p2a: Eelektross|Giga Drain|p1b: Swampert
|-activate|p1b: Swampert|move: Protect
|move|p1a: Maushold|Rain Dance|p1a: Maushold
|-weather|RainDance
|
|-weather|RainDance|[upkeep]
|upkeep
|turn|2
|
|t:|1782659143
|switch|p1b: Archaludon|Archaludon, L50, M|100/100
|move|p2b: Whimsicott|Encore|p1a: Maushold
|-start|p1a: Maushold|Encore
|move|p2a: Eelektross|Giga Drain|p1b: Archaludon
|-resisted|p1b: Archaludon|2
|-damage|p1b: Archaludon|95/100
|-ability|p1b: Archaludon|Stamina|boost
|-boost|p1b: Archaludon|def|1
|move|p1a: Maushold|Rain Dance||[still]
|-fail|p1a: Maushold
|
|-weather|RainDance|[upkeep]
|-heal|p1b: Archaludon|100/100|[from] item: Leftovers
|upkeep
|turn|3
|
|t:|1782659166
|switch|p2a: Grimmsnarl|Grimmsnarl, L50, M|100/100
|switch|p1a: Sinistcha|Sinistcha, L50|100/100
|move|p2b: Whimsicott|Moonblast|p1b: Archaludon
|-damage|p1b: Archaludon|77/100
|-ability|p1b: Archaludon|Stamina|boost
|-boost|p1b: Archaludon|def|1
|move|p1b: Archaludon|Electro Shot||[still]
|-prepare|p1b: Archaludon|Electro Shot
|-boost|p1b: Archaludon|spa|1
|-anim|p1b: Archaludon|Electro Shot|p2b: Whimsicott
|-resisted|p2b: Whimsicott|1
|-damage|p2b: Whimsicott|61/100
|
|-weather|RainDance|[upkeep]
|-heal|p1b: Archaludon|83/100|[from] item: Leftovers
|upkeep
|turn|4
|
|t:|1782659186
|switch|p1a: Maushold|Maushold, L50|100/100
|move|p2a: Grimmsnarl|Light Screen|p2a: Grimmsnarl
|-sidestart|p2: lightstreem|move: Light Screen
|move|p2b: Whimsicott|Moonblast|p1b: Archaludon
|-damage|p1b: Archaludon|64/100
|-ability|p1b: Archaludon|Stamina|boost
|-boost|p1b: Archaludon|def|1
|move|p1b: Archaludon|Flash Cannon|p2b: Whimsicott
|-supereffective|p2b: Whimsicott|1
|-damage|p2b: Whimsicott|0 fnt
|faint|p2b: Whimsicott
|
|-weather|RainDance|[upkeep]
|-heal|p1b: Archaludon|70/100|[from] item: Leftovers
|-sideend|p2: lightstreem|move: Tailwind
|upkeep
|
|t:|1782659199
|switch|p2b: Basculegion|Basculegion, L50, M|100/100
|turn|5
|
|t:|1782659206
|switch|p1a: Sinistcha|Sinistcha, L50|100/100
|-heal|p1b: Archaludon|95/100|[from] ability: Hospitality|[of] p1a: Sinistcha
|move|p2b: Basculegion|Liquidation|p1a: Sinistcha
|-resisted|p1a: Sinistcha|1
|-damage|p1a: Sinistcha|61/100
|move|p1b: Archaludon|Flash Cannon|p2a: Grimmsnarl
|-supereffective|p2a: Grimmsnarl|1
|-damage|p2a: Grimmsnarl|48/100
|move|p2a: Grimmsnarl|Spirit Break|p1b: Archaludon
|-damage|p1b: Archaludon|85/100
|-unboost|p1b: Archaludon|spa|1
|-ability|p1b: Archaludon|Stamina|boost
|-boost|p1b: Archaludon|def|1
|
|-weather|none
|-heal|p1b: Archaludon|91/100|[from] item: Leftovers
|upkeep
|turn|6
|
|t:|1782659229
|switch|p1a: Maushold|Maushold, L50|100/100
|move|p1b: Archaludon|Protect|p1b: Archaludon
|-singleturn|p1b: Archaludon|Protect
|move|p2b: Basculegion|Last Respects|p1a: Maushold
|-immune|p1a: Maushold
|move|p2a: Grimmsnarl|Spirit Break|p1b: Archaludon
|-activate|p1b: Archaludon|move: Protect
|
|-heal|p1b: Archaludon|97/100|[from] item: Leftovers
|upkeep
|turn|7
|
|t:|1782659246
|move|p2a: Grimmsnarl|Parting Shot|p1b: Archaludon
|-unboost|p1b: Archaludon|atk|1
|-unboost|p1b: Archaludon|spa|1
|
|t:|1782659249
|switch|p2a: Eelektross|Eelektross-Mega, L50, M|100/100|[from] Parting Shot
|move|p1a: Maushold|Rain Dance|p1a: Maushold
|-weather|RainDance
|move|p2b: Basculegion|Liquidation|p1a: Maushold
|-enditem|p1a: Maushold|Focus Sash
|-damage|p1a: Maushold|1/100
|move|p1b: Archaludon|Electro Shot||[still]
|-prepare|p1b: Archaludon|Electro Shot
|-boost|p1b: Archaludon|spa|1
|-anim|p1b: Archaludon|Electro Shot|p2b: Basculegion
|-supereffective|p2b: Basculegion|1
|-damage|p2b: Basculegion|39/100
|
|-weather|RainDance|[upkeep]
|-heal|p1b: Archaludon|100/100|[from] item: Leftovers
|upkeep
|turn|8
|
|t:|1782659270
|move|p1a: Maushold|Protect|p1a: Maushold
|-singleturn|p1a: Maushold|Protect
|move|p2a: Eelektross|Thunderbolt|p1a: Maushold
|-activate|p1a: Maushold|move: Protect
|move|p2b: Basculegion|Last Respects|p1b: Archaludon
|-damage|p1b: Archaludon|87/100
|-ability|p1b: Archaludon|Stamina|boost
|-boost|p1b: Archaludon|def|1
|move|p1b: Archaludon|Electro Shot||[still]
|-prepare|p1b: Archaludon|Electro Shot
|-boost|p1b: Archaludon|spa|1
|-anim|p1b: Archaludon|Electro Shot|p2b: Basculegion
|-supereffective|p2b: Basculegion|1
|-damage|p2b: Basculegion|0 fnt
|faint|p2b: Basculegion
|
|-weather|RainDance|[upkeep]
|-heal|p1b: Archaludon|93/100|[from] item: Leftovers
|upkeep
|
|t:|1782659286
|switch|p2b: Grimmsnarl|Grimmsnarl, L50, M|48/100
|turn|9
|
|t:|1782659300
|move|p1a: Maushold|Follow Me|p1a: Maushold
|-singleturn|p1a: Maushold|move: Follow Me
|move|p2b: Grimmsnarl|Parting Shot|p1a: Maushold
|-unboost|p1a: Maushold|atk|1
|-unboost|p1a: Maushold|spa|1
|move|p2a: Eelektross|Thunderbolt|p1a: Maushold
|-damage|p1a: Maushold|0 fnt
|faint|p1a: Maushold
|-ability|p2a: Eelektross|Eelevate|boost
|-boost|p2a: Eelektross|spa|1
|move|p1b: Archaludon|Flash Cannon|p2b: Grimmsnarl
|-supereffective|p2b: Grimmsnarl|1
|-damage|p2b: Grimmsnarl|0 fnt
|faint|p2b: Grimmsnarl
|
|-weather|RainDance|[upkeep]
|-heal|p1b: Archaludon|100/100|[from] item: Leftovers
|upkeep
|
|t:|1782659317
|switch|p1a: Swampert|Swampert-Mega, L50, F|100/100
|turn|10
|
|t:|1782659325
|switch|p1a: Sinistcha|Sinistcha, L50|61/100
|move|p2a: Eelektross|Giga Drain|p1a: Sinistcha
|-resisted|p1a: Sinistcha|1
|-damage|p1a: Sinistcha|43/100
|move|p1b: Archaludon|Electro Shot||[still]
|-prepare|p1b: Archaludon|Electro Shot
|-boost|p1b: Archaludon|spa|1
|-anim|p1b: Archaludon|Electro Shot|p2a: Eelektross
|-resisted|p2a: Eelektross|1
|-crit|p2a: Eelektross
|-damage|p2a: Eelektross|30/100
|
|-weather|RainDance|[upkeep]
|upkeep
|turn|11
|
|t:|1782659340
|move|p1a: Sinistcha|Rage Powder|p1a: Sinistcha
|-singleturn|p1a: Sinistcha|move: Rage Powder
|move|p2a: Eelektross|Flamethrower|p1a: Sinistcha
|-supereffective|p1a: Sinistcha|1
|-damage|p1a: Sinistcha|0 fnt
|faint|p1a: Sinistcha
|-ability|p2a: Eelektross|Eelevate|boost
|-boost|p2a: Eelektross|spa|1
|move|p1b: Archaludon|Dragon Pulse|p2a: Eelektross
|-damage|p2a: Eelektross|0 fnt
|faint|p2a: Eelektross
|
|win|team1hanlau
|raw|team1hanlau's rating: 1074 → 1103(+29 for winning)
|raw|lightstreem's rating: 1080 → 1058(-22 for losing)
|l|☆lightstreem
|player|p2|
