|j|‽Its Sushiii
|j|☆VyersFGC
|html|Its SushiiiVyersFGC    
|uhtml|bestof|Game 2 of a best-of-3
|t:|1783371065
|gametype|doubles
|player|p1|Its Sushiii|2|1241
|player|p2|VyersFGC|pokemonranger|1165
|gen|9
|tier|[Gen 9 Champions] VGC 2026 Reg M-B (Bo3)
|rated|
|rule|Species Clause: Limit one of each Pokémon
|rule|Item Clause: Limit 1 of each item
|clearpoke
|poke|p1|Kingambit, L50, F|
|poke|p1|Charizard, L50, M|
|poke|p1|Aerodactyl, L50, F|
|poke|p1|Farigiraf, L50, M|
|poke|p1|Garchomp, L50, F|
|poke|p1|Sylveon, L50, M|
|poke|p2|Raichu, L50, M|
|poke|p2|Ninetales-Alola, L50, F|
|poke|p2|Kleavor, L50, F|
|poke|p2|Gyarados, L50, M|
|poke|p2|Sinistcha, L50|
|poke|p2|Talonflame, L50, F|
|teampreview|4
|showteam|p1|Kingambit||FocusSash|Defiant|KowtowCleave,IronHead,SuckerPunch,LowKick|Adamant||F|||50|]Charizard||CharizarditeY|Blaze|HeatWave,SolarBeam,WeatherBall,Protect|Modest||M|||50|]Aerodactyl||Aerodactylite|Unnerve|RockSlide,DualWingbeat,IceFang,Tailwind|Jolly||F|||50|]Farigiraf||SitrusBerry|ArmorTail|Psychic,Thunderbolt,TrickRoom,Protect|Bold||M|||50|]Garchomp||LifeOrb|RoughSkin|Earthquake,DragonClaw,StompingTantrum,Protect|Jolly||F|||50|]Sylveon||FairyFeather|Pixilate|HyperVoice,HyperBeam,QuickAttack,Protect|Modest||M|||50|
|showteam|p2|Raichu||RaichuniteY|LightningRod|ZapCannon,FakeOut,Protect,FocusBlast|Timid||M|||50|]Ninetales-Alola||LightClay|SnowWarning|Blizzard,Moonblast,AuroraVeil,FreezeDry|Modest||F|||50|]Kleavor||ChoiceScarf|Sharpness|StoneAxe,XScissor,CloseCombat,Uturn|Adamant||F|||50|]Gyarados||Leftovers|Intimidate|Waterfall,DragonDance,Crunch,Protect|Adamant||M|||50|]Sinistcha||SitrusBerry|Hospitality|MatchaGotcha,Hex,Protect,RagePowder|Quiet|||||50|]Talonflame||SharpBeak|GaleWings|BraveBird,Tailwind,WillOWisp,Protect|Adamant||F|||50|
|inactive|Battle timer is ON: inactive players will automatically lose when time's up. (requested by Its Sushiii)
|inactive|Its Sushiii has 60 seconds left.
|
|t:|1783371106
|teamsize|p1|4
|teamsize|p2|4
|start
|switch|p1a: Charizard|Charizard, L50, M|100/100
|switch|p1b: Garchomp|Garchomp, L50, F|100/100
|switch|p2a: Gyarados|Gyarados, L50, M|100/100
|switch|p2b: Raichu|Raichu, L50, M|100/100
|-ability|p2a: Gyarados|Intimidate|boost
|-unboost|p1a: Charizard|atk|1
|-unboost|p1b: Garchomp|atk|1
|turn|1
|inactive|Its Sushiii has 30 seconds left.
|
|t:|1783371139
|switch|p1a: Farigiraf|Farigiraf, L50, M|100/100
|move|p2b: Raichu|Protect|p2b: Raichu
|-singleturn|p2b: Raichu|Protect
|move|p1b: Garchomp|Stomping Tantrum|p2b: Raichu
|-activate|p2b: Raichu|move: Protect
|move|p2a: Gyarados|Dragon Dance|p2a: Gyarados
|-boost|p2a: Gyarados|atk|1
|-boost|p2a: Gyarados|spe|1
|
|upkeep
|turn|2
|inactive|VyersFGC has 30 seconds left.
|
|t:|1783371169
|detailschange|p2b: Raichu|Raichu-Mega-Y, L50, M
|-mega|p2b: Raichu|Raichu|Raichunite Y
|move|p2b: Raichu|Focus Blast|p1b: Garchomp
|-damage|p1b: Garchomp|43/100
|-unboost|p1b: Garchomp|spd|1
|move|p1b: Garchomp|Stomping Tantrum|p2b: Raichu
|-supereffective|p2b: Raichu|1
|-damage|p2b: Raichu|0 fnt
|faint|p2b: Raichu
|-damage|p1b: Garchomp|34/100|[from] item: Life Orb
|move|p2a: Gyarados|Waterfall|p1b: Garchomp
|-damage|p1b: Garchomp|0 fnt
|-damage|p2a: Gyarados|87/100|[from] ability: Rough Skin|[of] p1b: Garchomp
|faint|p1b: Garchomp
|move|p1a: Farigiraf|Trick Room|p1a: Farigiraf
|-fieldstart|move: Trick Room|[of] p1a: Farigiraf
|
|-heal|p2a: Gyarados|93/100|[from] item: Leftovers
|upkeep
|
|t:|1783371193
|switch|p1b: Kingambit|Kingambit, L50, F|100/100
|switch|p2b: Ninetales|Ninetales-Alola, L50, F|100/100
|-weather|Snowscape|[from] ability: Snow Warning|[of] p2b: Ninetales
|turn|3
|
|t:|1783371206
|move|p2a: Gyarados|Protect|p2a: Gyarados
|-singleturn|p2a: Gyarados|Protect
|move|p1a: Farigiraf|Thunderbolt|p2a: Gyarados
|-activate|p2a: Gyarados|move: Protect
|move|p1b: Kingambit|Iron Head|p2b: Ninetales
|-supereffective|p2b: Ninetales|2
|-damage|p2b: Ninetales|0 fnt
|faint|p2b: Ninetales
|
|-weather|Snowscape|[upkeep]
|-heal|p2a: Gyarados|99/100|[from] item: Leftovers
|upkeep
|
|t:|1783371218
|switch|p2b: Sinistcha|Sinistcha, L50|100/100
|-heal|p2a: Gyarados|100/100|[from] ability: Hospitality|[of] p2b: Sinistcha
|turn|4
|
|t:|1783371236
|move|p1a: Farigiraf|Thunderbolt|p2a: Gyarados
|-supereffective|p2a: Gyarados|2
|-damage|p2a: Gyarados|26/100
|-status|p2a: Gyarados|par
|move|p2b: Sinistcha|Matcha Gotcha|p1a: Farigiraf|[spread] p1a,p1b
|-resisted|p1b: Kingambit|1
|-crit|p1b: Kingambit
|-damage|p1a: Farigiraf|69/100
|-damage|p1b: Kingambit|73/100
|-status|p1a: Farigiraf|brn
|move|p2a: Gyarados|Waterfall|p1b: Kingambit
|-damage|p1b: Kingambit|20/100y
|move|p1b: Kingambit|Kowtow Cleave|p2b: Sinistcha
|-supereffective|p2b: Sinistcha|1
|-damage|p2b: Sinistcha|0 fnt
|faint|p2b: Sinistcha
|
|-weather|Snowscape|[upkeep]
|-heal|p2a: Gyarados|32/100 par|[from] item: Leftovers
|-damage|p1a: Farigiraf|63/100 brn|[from] brn
|upkeep
|turn|5
|
|t:|1783371256
|move|p1b: Kingambit|Sucker Punch|p2a: Gyarados
|-damage|p2a: Gyarados|0 fnt
|faint|p2a: Gyarados
|
|win|Its Sushiii
|raw|Its Sushiii's rating: 1241 → 1261(+20 for winning)
|raw|VyersFGC's rating: 1165 → 1145(-20 for losing)
|c|☆VyersFGC|Gg
