|j|☆rodjilius
|j|☆Luh_simoes-04
|html|rodjiliusLuh_simoes-04    
|uhtml|bestof|Game 1 of a best-of-3
|t:|1757788640
|gametype|doubles
|player|p1|rodjilius|unknown|1331
|player|p2|Luh_simoes-04|drayden|1283
|gen|9
|tier|[Gen 9] VGC 2025 Reg H (Bo3)
|rated|
|rule|Species Clause: Limit one of each Pokémon
|rule|Item Clause: Limit 1 of each item
|clearpoke
|poke|p1|Dragapult, L50, F|
|poke|p1|Sneasler, L50, M|
|poke|p1|Indeedee, L50, M|
|poke|p1|Incineroar, L50, M|
|poke|p1|Typhlosion-Hisui, L50, F|
|poke|p1|Whimsicott, L50, F|
|poke|p2|Armarouge, L50, F|
|poke|p2|Ursaluna-Bloodmoon, L50, M|
|poke|p2|Indeedee-F, L50, F|
|poke|p2|Tsareena, L50, F|
|poke|p2|Primarina, L50, F|
|poke|p2|Gallade, L50, M|
|teampreview|4
|showteam|p1|Dragapult||ChoiceBand|ClearBody|DragonDarts,PhantomForce,Uturn,Outrage|||F|||50|,,,,,Dragon]Sneasler||PsychicSeed|Unburden|DireClaw,CloseCombat,Protect,ThroatChop|||M|||50|,,,,,Dark]Indeedee||FocusSash|PsychicSurge|ExpandingForce,Imprison,TeraBlast,TrickRoom|||M|||50|,,,,,Ground]Incineroar||SafetyGoggles|Intimidate|FakeOut,FlareBlitz,KnockOff,PartingShot|||M|||50|,,,,,Bug]Typhlosion-Hisui||ChoiceSpecs|Blaze|Eruption,HeatWave,ShadowBall,Overheat|||F|||50|,,,,,Fire]Whimsicott||CovertCloak|Prankster|Moonblast,Protect,Tailwind,SunnyDay|||F|||50|,,,,,Steel
|showteam|p2|Armarouge||PowerHerb|FlashFire|ArmorCannon,ExpandingForce,MeteorBeam,TrickRoom|||F|||50|,,,,,Grass]Ursaluna-Bloodmoon||LifeOrb|MindsEye|HyperVoice,BloodMoon,EarthPower,Protect|||M|||50|,,,,,Normal]Indeedee-F||MentalHerb|PsychicSurge|Psychic,HelpingHand,FollowMe,TrickRoom|||F|||50|,,,,,Fairy]Tsareena||WideLens|QueenlyMajesty|PowerWhip,TripleAxel,Taunt,Protect|||F|||50|,,,,,Ice]Primarina||ThroatSpray|LiquidVoice|HyperVoice,Moonblast,Haze,Protect|||F|||50|,,,,,Steel]Gallade||SafetyGoggles|Sharpness|SacredSword,PsychoCut,WideGuard,TrickRoom|||M|||50|,,,,,Water
|inactive|Battle timer is ON: inactive players will automatically lose when time's up. (requested by Luh_simoes-04)
|inactive|rodjilius also wants the timer to be on.
|inactive|rodjilius has 60 seconds left.
|inactive|Luh_simoes-04 has 60 seconds left.
|
|t:|1757788677
|teamsize|p1|4
|teamsize|p2|4
|start
|switch|p1a: Indeedee|Indeedee, L50, M|100/100
|switch|p1b: Sneasler|Sneasler, L50, M|100/100
|switch|p2a: Gallade|Gallade, L50, M|100/100
|switch|p2b: Primarina|Primarina, L50, F|100/100
|-fieldstart|move: Psychic Terrain|[from] ability: Psychic Surge|[of] p1a: Indeedee
|-enditem|p1b: Sneasler|Psychic Seed
|-boost|p1b: Sneasler|spd|1|[from] item: Psychic Seed
|turn|1
|
|t:|1757788691
|-terastallize|p2b: Primarina|Steel
|move|p1b: Sneasler|Dire Claw|p2a: Gallade
|-damage|p2a: Gallade|55/100
|-status|p2a: Gallade|slp
|move|p1a: Indeedee|Expanding Force|p2b: Primarina|[spread] p2a,p2b
|-resisted|p2b: Primarina
|-damage|p2a: Gallade|4/100 slp
|-damage|p2b: Primarina|78/100
|move|p2b: Primarina|Hyper Voice|p1a: Indeedee|[spread] p1a,p1b
|-damage|p1a: Indeedee|47/100
|-damage|p1b: Sneasler|73/100
|-enditem|p2b: Primarina|Throat Spray
|-boost|p2b: Primarina|spa|1|[from] item: Throat Spray
|cant|p2a: Gallade|slp
|
|upkeep
|turn|2
|
|t:|1757788709
|switch|p2a: Indeedee|Indeedee-F, L50, F|100/100
|move|p2b: Primarina|Protect|p2b: Primarina
|-singleturn|p2b: Primarina|Protect
|move|p1b: Sneasler|Close Combat|p2b: Primarina
|-activate|p2b: Primarina|move: Protect
|move|p1a: Indeedee|Tera Blast|p2a: Indeedee
|-damage|p2a: Indeedee|66/100
|
|upkeep
|turn|3
|
|t:|1757788730
|switch|p2b: Gallade|Gallade, L50, M|4/100 slp
|-terastallize|p1b: Sneasler|Dark
|move|p1b: Sneasler|Throat Chop|p2b: Gallade
|-damage|p2b: Gallade|0 fnt
|faint|p2b: Gallade
|move|p1a: Indeedee|Imprison|p1a: Indeedee
|-start|p1a: Indeedee|move: Imprison
|cant|p2a: Indeedee|move: Imprison|Trick Room
|
|upkeep
|
|t:|1757788737
|switch|p2b: Primarina|Primarina, L50, F, tera:Steel|78/100
|turn|4
|
|t:|1757788758
|move|p1b: Sneasler|Protect|p1b: Sneasler
|-singleturn|p1b: Sneasler|Protect
|move|p2a: Indeedee|Follow Me|p2a: Indeedee
|-singleturn|p2a: Indeedee|move: Follow Me
|move|p1a: Indeedee|Expanding Force|p2b: Primarina|[spread] p2a,p2b
|-resisted|p2a: Indeedee
|-resisted|p2b: Primarina
|-damage|p2a: Indeedee|38/100
|-damage|p2b: Primarina|57/100
|move|p2b: Primarina|Moonblast|p1b: Sneasler
|-activate|p1b: Sneasler|move: Protect
|
|upkeep
|turn|5
|
|t:|1757788779
|switch|p1b: Typhlosion|Typhlosion-Hisui, L50, F|100/100
|move|p2a: Indeedee|Follow Me|p2a: Indeedee
|-singleturn|p2a: Indeedee|move: Follow Me
|move|p1a: Indeedee|Expanding Force|p2b: Primarina|[spread] p2a,p2b
|-resisted|p2a: Indeedee
|-resisted|p2b: Primarina
|-damage|p2a: Indeedee|13/100
|-damage|p2b: Primarina|33/100
|move|p2b: Primarina|Hyper Voice|p1a: Indeedee|[spread] p1a,p1b
|-supereffective|p1b: Typhlosion
|-damage|p1a: Indeedee|0 fnt
|-damage|p1b: Typhlosion|11/100
|faint|p1a: Indeedee
|
|-fieldend|move: Psychic Terrain
|upkeep
|
|t:|1757788793
|switch|p1a: Sneasler|Sneasler, L50, M, tera:Dark|73/100
|turn|6
|
|t:|1757788800
|switch|p2b: Armarouge|Armarouge, L50, F|100/100
|move|p2a: Indeedee|Follow Me|p2a: Indeedee
|-singleturn|p2a: Indeedee|move: Follow Me
|move|p1a: Sneasler|Dire Claw|p2a: Indeedee
|-damage|p2a: Indeedee|0 fnt
|faint|p2a: Indeedee
|move|p1b: Typhlosion|Heat Wave|p2b: Armarouge
|-start|p2b: Armarouge|ability: Flash Fire
|
|upkeep
|
|t:|1757788802
|switch|p2a: Primarina|Primarina, L50, F, tera:Steel|33/100
|turn|7
|
|t:|1757788821
|switch|p1b: Dragapult|Dragapult, L50, F|100/100
|move|p2a: Primarina|Protect|p2a: Primarina
|-singleturn|p2a: Primarina|Protect
|move|p1a: Sneasler|Throat Chop|p2b: Armarouge
|-supereffective|p2b: Armarouge
|-damage|p2b: Armarouge|25/100
|-start|p2b: Armarouge|Throat Chop|[silent]
|move|p2b: Armarouge|Trick Room|p2b: Armarouge
|-fieldstart|move: Trick Room|[of] p2b: Armarouge
|
|upkeep
|turn|8
|
|t:|1757788838
|move|p2b: Armarouge|Armor Cannon|p1a: Sneasler
|-damage|p1a: Sneasler|0 fnt
|-unboost|p2b: Armarouge|def|1
|-unboost|p2b: Armarouge|spd|1
|faint|p1a: Sneasler
|move|p2a: Primarina|Moonblast|p1b: Dragapult
|-supereffective|p1b: Dragapult
|-damage|p1b: Dragapult|0 fnt
|faint|p1b: Dragapult
|
|-end|p2b: Armarouge|Throat Chop|[silent]
|upkeep
|-message|rodjilius forfeited.
|
|win|Luh_simoes-04
||rodjilius is ready for game 2.
|inactive|Luh_simoes-04 has 30 seconds to confirm battle start!
||Luh_simoes-04 is ready for game 2.
|uhtml|next|Next: Game 2 of 3
