|j|☆pronounced_bilth
|j|☆bil101010
|html|pronounced_bilthbil101010    
|uhtml|bestof|Game 3 of a best-of-3
|t:|1782958820
|gametype|doubles
|player|p1|pronounced_bilth|li|1000
|player|p2|bil101010|101|1000
|gen|9
|tier|[Gen 9 Champions] VGC 2026 Reg M-B (Bo3)
|rated|
|rule|Species Clause: Limit one of each Pokémon
|rule|Item Clause: Limit 1 of each item
|clearpoke
|poke|p1|Raichu, L50, F|
|poke|p1|Jolteon, L50, F|
|poke|p1|Swampert, L50, M|
|poke|p1|Archaludon, L50, M|
|poke|p1|Sinistcha, L50|
|poke|p1|Pelipper, L50, F|
|poke|p2|Malamar, L50, F|
|poke|p2|Scolipede, L50, M|
|poke|p2|Meowstic, L50, M|
|poke|p2|Annihilape, L50, M|
|poke|p2|Sinistcha, L50|
|poke|p2|Incineroar, L50, F|
|teampreview|4
|showteam|p1|Raichu||RaichuniteX|LightningRod|FakeOut,Encore,RisingVoltage,Protect|Timid||F|||50|]Jolteon||FocusSash|VoltAbsorb|Thunder,Discharge,RainDance,Detect|Timid||F|||50|]Swampert||Swampertite|Torrent|WaveCrash,Earthquake,IcePunch,Protect|Adamant||M|||50|]Archaludon||Leftovers|Stamina|ElectroShot,AuraSphere,FlashCannon,DracoMeteor|Timid||M|||50|]Sinistcha||LifeOrb|Hospitality|RagePowder,MatchaGotcha,LifeDew,Imprison|Bold|||||50|]Pelipper||SitrusBerry|Drizzle|Tailwind,Hurricane,WeatherBall,WideGuard|Timid||F|||50|
|showteam|p2|Malamar||Malamarite|Contrary|Superpower,BatonPass,StoredPower,KnockOff|Relaxed||F|||50|]Scolipede||Scolipite|SpeedBoost|Protect,PoisonJab,LeechLife,IronDefense|Careful||M|||50|]Meowstic||FocusSash|Prankster|FakeOut,FakeTears,Tickle,LightScreen|Careful||M|||50|]Annihilape||Leftovers|VitalSpirit|BulkUp,RageFist,DrainPunch,Substitute|Adamant||M|||50|]Sinistcha||SitrusBerry|Hospitality|MatchaGotcha,CalmMind,RagePowder,Protect|Bold|||||50|]Incineroar||Charcoal|Intimidate|FlareBlitz,FakeOut,DarkestLariat,PartingShot|Adamant||F|||50|
|
|t:|1782958885
|teamsize|p1|4
|teamsize|p2|4
|start
|switch|p1a: Jolteon|Jolteon, L50, F|100/100
|switch|p1b: Swampert|Swampert, L50, M|100/100
|switch|p2a: Malamar|Malamar, L50, F|100/100
|switch|p2b: Meowstic|Meowstic, L50, M|100/100
|turn|1
|
|t:|1782958911
|detailschange|p1b: Swampert|Swampert-Mega, L50, M
|-mega|p1b: Swampert|Swampert|Swampertite
|detailschange|p2a: Malamar|Malamar-Mega, L50, F
|-mega|p2a: Malamar|Malamar|Malamarite
|move|p2b: Meowstic|Tickle|p2a: Malamar
|-boost|p2a: Malamar|atk|1
|-boost|p2a: Malamar|def|1
|move|p1a: Jolteon|Rain Dance|p1a: Jolteon
|-weather|RainDance
|move|p1b: Swampert|Wave Crash|p2a: Malamar
|-damage|p2a: Malamar|42/100
|-damage|p1b: Swampert|79/100|[from] Recoil
|move|p2a: Malamar|Superpower|p1a: Jolteon
|-damage|p1a: Jolteon|19/100
|-boost|p2a: Malamar|atk|1
|-boost|p2a: Malamar|def|1
|
|-weather|RainDance|[upkeep]
|upkeep
|turn|2
|
|t:|1782958938
|switch|p1b: Sinistcha|Sinistcha, L50|100/100
|-heal|p1a: Jolteon|43/100|[from] ability: Hospitality|[of] p1b: Sinistcha
|move|p2b: Meowstic|Tickle|p2a: Malamar
|-boost|p2a: Malamar|atk|1
|-boost|p2a: Malamar|def|1
|move|p1a: Jolteon|Thunder|p2a: Malamar
|-damage|p2a: Malamar|1/100
|-status|p2a: Malamar|par
|cant|p2a: Malamar|par
|
|-weather|RainDance|[upkeep]
|upkeep
|turn|3
|
|t:|1782958963
|move|p2b: Meowstic|Light Screen|p2b: Meowstic
|-sidestart|p2: bil101010|move: Light Screen
|move|p1a: Jolteon|Discharge|p2a: Malamar|[spread] p1b,p2a,p2b
|-resisted|p1b: Sinistcha|1
|-damage|p1b: Sinistcha|85/100
|-damage|p2a: Malamar|0 fnt
|-damage|p2b: Meowstic|83/100
|faint|p2a: Malamar
|move|p1b: Sinistcha|Life Dew|p1b: Sinistcha|[spread] p1a,p1b
|-heal|p1a: Jolteon|69/100
|-heal|p1b: Sinistcha|100/100
|
|-weather|RainDance|[upkeep]
|upkeep
|
|t:|1782958967
|switch|p2a: Annihilape|Annihilape, L50, M|100/100
|turn|4
|
|t:|1782958995
|switch|p1b: Archaludon|Archaludon, L50, M|100/100
|move|p2b: Meowstic|Tickle|p1b: Archaludon
|-unboost|p1b: Archaludon|atk|1
|-unboost|p1b: Archaludon|def|1
|move|p1a: Jolteon|Thunder|p2a: Annihilape
|-crit|p2a: Annihilape
|-damage|p2a: Annihilape|34/100
|move|p2a: Annihilape|Bulk Up|p2a: Annihilape
|-boost|p2a: Annihilape|atk|1
|-boost|p2a: Annihilape|def|1
|
|-weather|RainDance|[upkeep]
|-heal|p2a: Annihilape|40/100|[from] item: Leftovers
|upkeep
|turn|5
|
|t:|1782959018
|switch|p2b: Sinistcha|Sinistcha, L50|100/100
|-heal|p2a: Annihilape|65/100|[from] ability: Hospitality|[of] p2b: Sinistcha
|move|p1a: Jolteon|Thunder|p2a: Annihilape
|-damage|p2a: Annihilape|35/100
|move|p1b: Archaludon|Electro Shot||[still]
|-prepare|p1b: Archaludon|Electro Shot
|-boost|p1b: Archaludon|spa|1
|-anim|p1b: Archaludon|Electro Shot|p2b: Sinistcha
|-resisted|p2b: Sinistcha|1
|-damage|p2b: Sinistcha|71/100
|move|p2a: Annihilape|Drain Punch|p1b: Archaludon
|-supereffective|p1b: Archaludon|1
|-crit|p1b: Archaludon
|-damage|p1b: Archaludon|0 fnt
|-heal|p2a: Annihilape|76/100|[from] drain|[of] p1b: Archaludon
|faint|p1b: Archaludon
|
|-weather|none
|-heal|p2a: Annihilape|82/100|[from] item: Leftovers
|upkeep
|
|t:|1782959037
|switch|p1b: Swampert|Swampert-Mega, L50, M|79/100
|turn|6
|
|t:|1782959067
|switch|p2b: Meowstic|Meowstic, L50, M|83/100
|move|p1b: Swampert|Protect|p1b: Swampert
|-singleturn|p1b: Swampert|Protect
|move|p1a: Jolteon|Rain Dance|p1a: Jolteon
|-weather|RainDance
|move|p2a: Annihilape|Rage Fist|p1a: Jolteon
|-damage|p1a: Jolteon|0 fnt
|faint|p1a: Jolteon
|
|-weather|RainDance|[upkeep]
|-heal|p2a: Annihilape|88/100|[from] item: Leftovers
|upkeep
|
|t:|1782959079
|switch|p1a: Sinistcha|Sinistcha, L50|100/100
|-heal|p1b: Swampert|100/100|[from] ability: Hospitality|[of] p1a: Sinistcha
|turn|7
|
|t:|1782959106
|move|p2b: Meowstic|Fake Out|p1b: Swampert
|-damage|p1b: Swampert|94/100
|cant|p1b: Swampert|flinch
|move|p2a: Annihilape|Rage Fist|p1a: Sinistcha
|-supereffective|p1a: Sinistcha|1
|-damage|p1a: Sinistcha|0 fnt
|faint|p1a: Sinistcha
|
|-weather|RainDance|[upkeep]
|-heal|p2a: Annihilape|94/100|[from] item: Leftovers
|-sideend|p2: bil101010|move: Light Screen
|upkeep
|turn|8
|
|t:|1782959121
|move|p2b: Meowstic|Tickle|p1b: Swampert
|-unboost|p1b: Swampert|atk|1
|-unboost|p1b: Swampert|def|1
|move|p1b: Swampert|Earthquake|p2b: Meowstic|[spread] p2a,p2b
|-crit|p2a: Annihilape
|-damage|p2a: Annihilape|27/100
|-damage|p2b: Meowstic|47/100
|move|p2a: Annihilape|Rage Fist|p1b: Swampert
|-damage|p1b: Swampert|0 fnt
|faint|p1b: Swampert
|
|win|bil101010
|raw|pronounced_bilth's rating: 1000 → 1000(+0 for losing)
|raw|bil101010's rating: 1000 → 1040(+40 for winning)
|c|☆bil101010|gg
|l|☆pronounced_bilth
|player|p1|
|l|☆bil101010
|player|p2|
|j|☆bil101010
|player|p2|bil101010|101|
