|j|☆ToastedArt
|j|☆flameblade_0012
|html|ToastedArtflameblade_0012    
|uhtml|bestof|Game 1 of a best-of-3
|t:|1784329654
|gametype|doubles
|player|p1|ToastedArt|iris|1067
|player|p2|flameblade_0012|dawn-gen4pt|1042
|gen|9
|tier|[Gen 9 Champions] VGC 2026 Reg M-B (Bo3)
|rated|
|rule|Species Clause: Limit one of each Pokémon
|rule|Item Clause: Limit 1 of each item
|clearpoke
|poke|p1|Ninetales-Alola, L50, M|
|poke|p1|Talonflame, L50, F, shiny|
|poke|p1|Incineroar, L50, F|
|poke|p1|Hydreigon, L50, M, shiny|
|poke|p1|Gholdengo, L50|
|poke|p1|Falinks, L50, shiny|
|poke|p2|Raichu, L50, F|
|poke|p2|Whimsicott, L50, F|
|poke|p2|Garchomp, L50, F|
|poke|p2|Farigiraf, L50, M|
|poke|p2|Basculegion, L50, M|
|poke|p2|Ceruledge, L50, M|
|teampreview|4
|showteam|p1|Ninetales-Alola||FocusSash|SnowWarning|Blizzard,FreezeDry,AuroraVeil,IcyWind|Timid||M|||50|]Talonflame||SharpBeak|GaleWings|Tailwind,DualWingbeat,FlareBlitz,QuickGuard|Jolly||F|||50|]Incineroar||SitrusBerry|Intimidate|FlareBlitz,DarkestLariat,PartingShot,FakeOut|Impish||F|||50|]Hydreigon||ChoiceScarf|Levitate|Snarl,DarkPulse,EarthPower,DracoMeteor|Modest||M|||50|]Gholdengo||LifeOrb|GoodasGold|ShadowBall,MakeItRain,NastyPlot,Protect|Timid|||||50|]Falinks||Falinksite|Defiant|NoRetreat,SwordsDance,CloseCombat,Protect|Adamant|||||50|
|showteam|p2|Raichu||RaichuniteY|LightningRod|FakeOut,ZapCannon,Protect,FocusBlast|Modest||F|||50|]Whimsicott||FocusSash|Prankster|Tailwind,Moonblast,Protect,Encore|Timid||F|||50|]Garchomp||LifeOrb|RoughSkin|RockSlide,DragonClaw,StompingTantrum,Protect|Adamant||F|||50|]Farigiraf||ColburBerry|ArmorTail|TrickRoom,Psychic,HyperVoice,Protect|Serious||M|||50|]Basculegion||MysticWater|Adaptability|WaveCrash,AquaJet,Protect,LastRespects|Adamant||M|||50|]Ceruledge||Leftovers|FlashFire|BulkUp,BitterBlade,ShadowSneak,ShadowClaw|Adamant||M|||50|
|inactive|Battle timer is ON: inactive players will automatically lose when time's up. (requested by ToastedArt)
|inactive|ToastedArt has 60 seconds left.
|inactive|flameblade_0012 has 60 seconds left.
|inactive|ToastedArt has 30 seconds left.
|inactive|flameblade_0012 has 30 seconds left.
|inactive|flameblade_0012 has 20 seconds left.
|
|t:|1784329727
|teamsize|p1|4
|teamsize|p2|4
|start
|switch|p1a: Talonflame|Talonflame, L50, F, shiny|100/100
|switch|p1b: Hydreigon|Hydreigon, L50, M, shiny|100/100
|switch|p2a: Raichu|Raichu, L50, F|100/100
|switch|p2b: Whimsicott|Whimsicott, L50, F|100/100
|turn|1
|
|t:|1784329745
|switch|p2b: Farigiraf|Farigiraf, L50, M|100/100
|detailschange|p2a: Raichu|Raichu-Mega-Y, L50, F
|-mega|p2a: Raichu|Raichu|Raichunite Y
|move|p1a: Talonflame|Tailwind|p1a: Talonflame
|-sidestart|p1: ToastedArt|move: Tailwind
|move|p1b: Hydreigon|Earth Power|p2a: Raichu
|-supereffective|p2a: Raichu|1
|-damage|p2a: Raichu|11/100
|move|p2a: Raichu|Focus Blast|p1b: Hydreigon
|-supereffective|p1b: Hydreigon|1
|-damage|p1b: Hydreigon|0 fnt
|faint|p1b: Hydreigon
|
|upkeep
|
|t:|1784329754
|switch|p1b: Gholdengo|Gholdengo, L50|100/100
|turn|2
|inactive|flameblade_0012 has 30 seconds left.
|
|t:|1784329787
|move|p2a: Raichu|Protect|p2a: Raichu
|-singleturn|p2a: Raichu|Protect
|move|p1a: Talonflame|Flare Blitz|p2a: Raichu
|-activate|p2a: Raichu|move: Protect
|move|p1b: Gholdengo|Nasty Plot|p1b: Gholdengo
|-boost|p1b: Gholdengo|spa|2
|move|p2b: Farigiraf|Trick Room|p2b: Farigiraf
|-fieldstart|move: Trick Room|[of] p2b: Farigiraf
|
|upkeep
|turn|3
|
|t:|1784329808
|switch|p1a: Incineroar|Incineroar, L50, F|100/100
|-ability|p1a: Incineroar|Intimidate|boost
|-unboost|p2a: Raichu|atk|1
|-unboost|p2b: Farigiraf|atk|1
|move|p2b: Farigiraf|Psychic|p1b: Gholdengo
|-resisted|p1b: Gholdengo|1
|-damage|p1b: Gholdengo|80/100
|move|p2a: Raichu|Zap Cannon|p1a: Incineroar
|-damage|p1a: Incineroar|25/100
|-status|p1a: Incineroar|par
|-enditem|p1a: Incineroar|Sitrus Berry|[eat]
|-heal|p1a: Incineroar|50/100y par|[from] item: Sitrus Berry
|move|p1b: Gholdengo|Make It Rain|p2b: Farigiraf|[spread] p2a,p2b
|-resisted|p2a: Raichu|1
|-damage|p2a: Raichu|0 fnt
|-damage|p2b: Farigiraf|0 fnt
|-unboost|p1b: Gholdengo|spa|2
|faint|p2a: Raichu
|faint|p2b: Farigiraf
|-damage|p1b: Gholdengo|70/100|[from] item: Life Orb
|
|upkeep
|
|t:|1784329827
|switch|p2b: Whimsicott|Whimsicott, L50, F|100/100
|switch|p2a: Garchomp|Garchomp, L50, F|100/100
|turn|4
|inactive|flameblade_0012 has 30 seconds left.
|inactive|flameblade_0012 has 20 seconds left.
|
|t:|1784329866
|move|p2b: Whimsicott|Encore|p1b: Gholdengo
|-immune|p1b: Gholdengo|[from] ability: Good as Gold
|move|p1a: Incineroar|Parting Shot|p2a: Garchomp
|-unboost|p2a: Garchomp|atk|1
|-unboost|p2a: Garchomp|spa|1
|
|t:|1784329872
|switch|p1a: Talonflame|Talonflame, L50, F, shiny|100/100|[from] Parting Shot
|move|p2a: Garchomp|Stomping Tantrum|p1b: Gholdengo
|-supereffective|p1b: Gholdengo|1
|-damage|p1b: Gholdengo|0 fnt
|faint|p1b: Gholdengo
|-damage|p2a: Garchomp|90/100|[from] item: Life Orb
|
|-sideend|p1: ToastedArt|move: Tailwind
|upkeep
|
|t:|1784329880
|switch|p1b: Incineroar|Incineroar, L50, F|50/100y par
|-ability|p1b: Incineroar|Intimidate|boost
|-unboost|p2a: Garchomp|atk|1
|-unboost|p2b: Whimsicott|atk|1
|turn|5
|
|t:|1784329901
|move|p2b: Whimsicott|Protect|p2b: Whimsicott
|-singleturn|p2b: Whimsicott|Protect
|move|p1a: Talonflame|Dual Wingbeat|p2b: Whimsicott
|-activate|p2b: Whimsicott|move: Protect
|move|p1b: Incineroar|Parting Shot|p2a: Garchomp
|-unboost|p2a: Garchomp|atk|1
|-unboost|p2a: Garchomp|spa|1
|move|p2a: Garchomp|Rock Slide|p1a: Talonflame|[spread] p1b
|-miss|p2a: Garchomp|p1a: Talonflame
|-supereffective|p1b: Incineroar|1
|-damage|p1b: Incineroar|35/100 par
|-damage|p2a: Garchomp|80/100|[from] item: Life Orb
|
|upkeep
|turn|6
|
|t:|1784329924
|move|p1a: Talonflame|Dual Wingbeat|p2b: Whimsicott
|-supereffective|p2b: Whimsicott|1
|-damage|p2b: Whimsicott|47/100
|-supereffective|p2b: Whimsicott|1
|-damage|p2b: Whimsicott|0 fnt
|faint|p2b: Whimsicott
|-hitcount|p2: Whimsicott|2
|move|p1b: Incineroar|Parting Shot|p2a: Garchomp
|-unboost|p2a: Garchomp|atk|1
|-unboost|p2a: Garchomp|spa|1
|move|p2a: Garchomp|Rock Slide|p1b: Incineroar|[spread] p1b
|-miss|p2a: Garchomp|p1a: Talonflame
|-supereffective|p1b: Incineroar|1
|-damage|p1b: Incineroar|25/100 par
|-damage|p2a: Garchomp|70/100|[from] item: Life Orb
|
|-fieldend|move: Trick Room
|upkeep
|turn|7
|
|t:|1784329946
|move|p1a: Talonflame|Flare Blitz|p2a: Garchomp
|-resisted|p2a: Garchomp|1
|-damage|p2a: Garchomp|53/100
|-damage|p1a: Talonflame|87/100|[from] ability: Rough Skin|[of] p2a: Garchomp
|-damage|p1a: Talonflame|79/100|[from] Recoil
|move|p2a: Garchomp|Rock Slide|p1a: Talonflame|[spread] p1a
|-miss|p2a: Garchomp|p1b: Incineroar
|-supereffective|p1a: Talonflame|2
|-damage|p1a: Talonflame|29/100
|-damage|p2a: Garchomp|43/100|[from] item: Life Orb
|cant|p1b: Incineroar|par
|
|upkeep
|turn|8
|
|t:|1784329961
|move|p1a: Talonflame|Flare Blitz|p2a: Garchomp
|-resisted|p2a: Garchomp|1
|-damage|p2a: Garchomp|24/100
|-damage|p1a: Talonflame|16/100|[from] ability: Rough Skin|[of] p2a: Garchomp
|-damage|p1a: Talonflame|8/100|[from] Recoil
|move|p2a: Garchomp|Rock Slide|p1a: Talonflame|[spread] p1a,p1b
|-supereffective|p1a: Talonflame|2
|-supereffective|p1b: Incineroar|1
|-damage|p1a: Talonflame|0 fnt
|-damage|p1b: Incineroar|13/100 par
|faint|p1a: Talonflame
|-damage|p2a: Garchomp|14/100|[from] item: Life Orb
|move|p1b: Incineroar|Darkest Lariat|p2a: Garchomp
|-damage|p2a: Garchomp|0 fnt
|-damage|p1b: Incineroar|1/100 par|[from] ability: Rough Skin|[of] p2a: Garchomp
|faint|p2a: Garchomp
|
|win|ToastedArt
