|j|☆MrTedno
|j|☆kojay
|html|MrTednokojay    
|uhtml|bestof|Game 1 of a best-of-3
|t:|1756837291
|gametype|doubles
|player|p1|MrTedno|barry|1145
|player|p2|kojay|kamado-armor|1200
|gen|9
|tier|[Gen 9] VGC 2025 Reg H (Bo3)
|rated|
|rule|Species Clause: Limit one of each Pokémon
|rule|Item Clause: Limit 1 of each item
|clearpoke
|poke|p1|Ninetales-Alola, L50, F|
|poke|p1|Garchomp, L50, M|
|poke|p1|Dragonite, L50, M|
|poke|p1|Incineroar, L50, M|
|poke|p1|Gholdengo, L50|
|poke|p1|Farigiraf, L50, F|
|poke|p2|Garchomp, L50, M|
|poke|p2|Sneasler, L50, F|
|poke|p2|Incineroar, L50, M|
|poke|p2|Dragonite, L50, M|
|poke|p2|Gholdengo, L50|
|poke|p2|Talonflame, L50, M|
|teampreview|4
|showteam|p1|Ninetales-Alola||FocusSash|SnowWarning|Moonblast,Blizzard,FreezeDry,Protect|||F|||50|,,,,,Ghost]Garchomp||LifeOrb|RoughSkin|Earthquake,DragonClaw,StompingTantrum,Protect|||M|||50|,,,,,Ground]Dragonite||LumBerry|InnerFocus|TeraBlast,LowKick,ExtremeSpeed,Protect|||M|||50|,,,,,Flying]Incineroar||SafetyGoggles|Intimidate|FakeOut,PartingShot,FlareBlitz,KnockOff|||M|||50|,,,,,Ghost]Gholdengo||Leftovers|GoodasGold|ShadowBall,MakeItRain,NastyPlot,Protect||||||50|,,,,,Flying]Farigiraf||SitrusBerry|ArmorTail|TrickRoom,Protect,TeraBlast,Psychic|||F|||50|,,,,,Fighting
|showteam|p2|Garchomp||LifeOrb|RoughSkin|Earthquake,DragonClaw,StompingTantrum,Protect|||M|||50|,,,,,Ground]Sneasler||WhiteHerb|Unburden|Coaching,Protect,DireClaw,CloseCombat|||F|||50|,,,,,Ghost]Incineroar||SafetyGoggles|Intimidate|FakeOut,FlareBlitz,KnockOff,PartingShot|||M|||50|,,,,,Ghost]Dragonite||LoadedDice|InnerFocus|TeraBlast,ScaleShot,Haze,Protect|||M|||50|,,,,,Flying]Gholdengo||ChoiceScarf|GoodasGold|MakeItRain,ShadowBall,Trick,Protect||||||50|,,,,,Steel]Talonflame||WideLens|GaleWings|Tailwind,Overheat,Taunt,WillOWisp|||M|||50|,,,,,Ghost
|inactive|Battle timer is ON: inactive players will automatically lose when time's up. (requested by kojay)
|inactive|MrTedno has 60 seconds left.
|
|t:|1756837375
|teamsize|p1|4
|teamsize|p2|4
|start
|switch|p1a: Melman|Farigiraf, L50, F|100/100
|switch|p1b: Julien|Incineroar, L50, M|100/100
|switch|p2a: Gholdengo|Gholdengo, L50|100/100
|switch|p2b: Talonflame|Talonflame, L50, M, shiny|100/100
|-ability|p1b: Julien|Intimidate|boost
|-unboost|p2a: Gholdengo|atk|1
|-unboost|p2b: Talonflame|atk|1
|turn|1
|inactive|MrTedno has 30 seconds left.
|inactive|kojay has 30 seconds left.
|inactive|MrTedno has 20 seconds left.
|inactive|MrTedno has 15 seconds left.
|inactive|MrTedno has 10 seconds left.
|
|t:|1756837424
|switch|p2a: Dalinar|Incineroar, L50, M, shiny|100/100
|-ability|p2a: Dalinar|Intimidate|boost
|-unboost|p1a: Melman|atk|1
|-unboost|p1b: Julien|atk|1
|move|p1a: Melman|Protect|p1a: Melman
|-singleturn|p1a: Melman|Protect
|move|p2b: Talonflame|Taunt|p1a: Melman
|-activate|p1a: Melman|move: Protect
|move|p1b: Julien|Knock Off|p2a: Dalinar
|-resisted|p2a: Dalinar
|-damage|p2a: Dalinar|86/100
|-enditem|p2a: Dalinar|Safety Goggles|[from] move: Knock Off|[of] p1b: Julien
|
|upkeep
|turn|2
|inactive|MrTedno has 30 seconds left.
|inactive|kojay has 30 seconds left.
|inactive|MrTedno has 20 seconds left.
|inactive|MrTedno has 15 seconds left.
|
|t:|1756837469
|switch|p1a: Gloria|Ninetales-Alola, L50, F|100/100
|-weather|Snowscape|[from] ability: Snow Warning|[of] p1a: Gloria
|move|p2b: Talonflame|Taunt|p1a: Gloria
|-start|p1a: Gloria|move: Taunt
|move|p2a: Dalinar|Parting Shot|p1a: Gloria
|-unboost|p1a: Gloria|atk|1
|-unboost|p1a: Gloria|spa|1
|
|t:|1756837477
|switch|p2a: Gholdengo|Gholdengo, L50|100/100|[from] Parting Shot
|move|p1b: Julien|Parting Shot|p2b: Talonflame
|-unboost|p2b: Talonflame|atk|1
|-unboost|p2b: Talonflame|spa|1
|inactive|MrTedno has 30 seconds left.
|
|t:|1756837502
|switch|p1b: Melman|Farigiraf, L50, F|100/100|[from] Parting Shot
|
|-weather|Snowscape|[upkeep]
|upkeep
|turn|3
|
|t:|1756837525
|switch|p2a: Dalinar|Incineroar, L50, M, shiny|86/100
|-ability|p2a: Dalinar|Intimidate|boost
|-unboost|p1a: Gloria|atk|1
|-unboost|p1b: Melman|atk|1
|switch|p1a: Julien|Incineroar, L50, M|100/100
|-ability|p1a: Julien|Intimidate|boost
|-unboost|p2a: Dalinar|atk|1
|-unboost|p2b: Talonflame|atk|1
|move|p1b: Melman|Protect|p1b: Melman
|-singleturn|p1b: Melman|Protect
|move|p2b: Talonflame|Taunt|p1a: Julien
|-start|p1a: Julien|move: Taunt
|
|-weather|Snowscape|[upkeep]
|upkeep
|turn|4
|inactive|kojay has 30 seconds left.
|inactive|MrTedno has 30 seconds left.
|inactive|kojay has 20 seconds left.
|
|t:|1756837566
|switch|p2b: Kaladin|Garchomp, L50, M, shiny|100/100
|-terastallize|p1b: Melman|Fighting
|move|p2a: Dalinar|Parting Shot|p1b: Melman
|-unboost|p1b: Melman|atk|1
|-unboost|p1b: Melman|spa|1
|
|t:|1756837574
|switch|p2a: Gholdengo|Gholdengo, L50|100/100|[from] Parting Shot
|move|p1a: Julien|Knock Off|p2a: Gholdengo
|-supereffective|p2a: Gholdengo
|-damage|p2a: Gholdengo|5/100
|-enditem|p2a: Gholdengo|Choice Scarf|[from] move: Knock Off|[of] p1a: Julien
|move|p1b: Melman|Tera Blast|p2a: Gholdengo|[anim] Tera Blast Fighting
|-immune|p2a: Gholdengo
|
|-weather|Snowscape|[upkeep]
|upkeep
|turn|5
|inactive|MrTedno has 30 seconds left.
|inactive|kojay has 30 seconds left.
|inactive|MrTedno has 20 seconds left.
|inactive|MrTedno has 15 seconds left.
|
|t:|1756837616
|move|p2b: Kaladin|Stomping Tantrum|p1a: Julien
|-supereffective|p1a: Julien
|-damage|p1a: Julien|5/100
|-damage|p2b: Kaladin|91/100|[from] item: Life Orb
|move|p2a: Gholdengo|Shadow Ball|p1a: Julien
|-resisted|p1a: Julien
|-damage|p1a: Julien|0 fnt
|faint|p1a: Julien
|move|p1b: Melman|Trick Room|p1b: Melman
|-fieldstart|move: Trick Room|[of] p1b: Melman
|
|-weather|Snowscape|[upkeep]
|upkeep
|
|t:|1756837641
|switch|p1a: Alex|Garchomp, L50, M|100/100
|turn|6
|
|t:|1756837658
|move|p2a: Gholdengo|Protect|p2a: Gholdengo
|-singleturn|p2a: Gholdengo|Protect
|move|p2b: Kaladin|Protect|p2b: Kaladin
|-singleturn|p2b: Kaladin|Protect
|move|p1b: Melman|Psychic|p2b: Kaladin
|-activate|p2b: Kaladin|move: Protect
|move|p1a: Alex|Dragon Claw|p2b: Kaladin
|-activate|p2b: Kaladin|move: Protect
|
|-weather|none
|upkeep
|turn|7
|
|t:|1756837678
|switch|p2b: Dalinar|Incineroar, L50, M, shiny|86/100
|-ability|p2b: Dalinar|Intimidate|boost
|-unboost|p1a: Alex|atk|1
|-unboost|p1b: Melman|atk|1
|move|p1b: Melman|Tera Blast|p2b: Dalinar|[anim] Tera Blast Fighting
|-supereffective|p2b: Dalinar
|-damage|p2b: Dalinar|39/100
|move|p2a: Gholdengo|Make It Rain|p1b: Melman|[spread] p1a,p1b
|-damage|p1a: Alex|40/100
|-damage|p1b: Melman|58/100
|-unboost|p2a: Gholdengo|spa|1
|move|p1a: Alex|Dragon Claw|p2b: Dalinar
|-damage|p2b: Dalinar|2/100
|-damage|p1a: Alex|30/100|[from] item: Life Orb
|
|upkeep
|turn|8
|inactive|MrTedno has 30 seconds left.
|inactive|MrTedno has 20 seconds left.
|inactive|MrTedno has 15 seconds left.
|inactive|MrTedno has 10 seconds left.
|
|t:|1756837727
|move|p1b: Melman|Psychic|p2a: Gholdengo
|-resisted|p2a: Gholdengo
|-damage|p2a: Gholdengo|0 fnt
|faint|p2a: Gholdengo
|move|p2b: Dalinar|Flare Blitz|p1b: Melman
|-damage|p1b: Melman|5/100
|-enditem|p1b: Melman|Sitrus Berry|[eat]
|-heal|p1b: Melman|30/100|[from] item: Sitrus Berry
|-damage|p2b: Dalinar|0 fnt|[from] Recoil
|faint|p2b: Dalinar
|move|p1a: Alex|Dragon Claw|p2: Gholdengo|[notarget]
|-fail|p1a: Alex
|
|upkeep
|
|t:|1756837730
|switch|p2b: Kaladin|Garchomp, L50, M, shiny|91/100
|switch|p2a: Talonflame|Talonflame, L50, M, shiny|100/100
|turn|9
|
|t:|1756837748
|move|p2b: Kaladin|Protect|p2b: Kaladin
|-singleturn|p2b: Kaladin|Protect
|move|p2a: Talonflame|Tailwind|p2a: Talonflame
|-sidestart|p2: kojay|move: Tailwind
|move|p1b: Melman|Psychic|p2a: Talonflame
|-damage|p2a: Talonflame|60/100
|move|p1a: Alex|Dragon Claw|p2a: Talonflame
|-damage|p2a: Talonflame|3/100
|-damage|p1a: Alex|21/100|[from] item: Life Orb
|
|-fieldend|move: Trick Room
|upkeep
|turn|10
|inactive|MrTedno has 30 seconds left.
|
|t:|1756837778
|-terastallize|p2b: Kaladin|Ground
|move|p1a: Alex|Protect|p1a: Alex
|-singleturn|p1a: Alex|Protect
|move|p1b: Melman|Protect|p1b: Melman
|-singleturn|p1b: Melman|Protect
|move|p2a: Talonflame|Overheat|p1b: Melman
|-activate|p1b: Melman|move: Protect
|move|p2b: Kaladin|Earthquake|p1a: Alex|[spread] 
|-activate|p1a: Alex|move: Protect
|-activate|p1b: Melman|move: Protect
|-immune|p2a: Talonflame
|
|upkeep
|turn|11
|
|t:|1756837786
|move|p2a: Talonflame|Overheat|p1b: Melman
|-damage|p1b: Melman|3/100
|-unboost|p2a: Talonflame|spa|2
|move|p2b: Kaladin|Earthquake|p1b: Melman|[spread] p1a,p1b
|-immune|p2a: Talonflame
|-damage|p1a: Alex|0 fnt
|-damage|p1b: Melman|0 fnt
|faint|p1a: Alex
|faint|p1b: Melman
|-damage|p2b: Kaladin|81/100|[from] item: Life Orb
|
|upkeep
|
|t:|1756837793
|switch|p1b: Gloria|Ninetales-Alola, L50, F|100/100
|-weather|Snowscape|[from] ability: Snow Warning|[of] p1b: Gloria
|turn|12
|inactive|MrTedno has 30 seconds left.
|
|t:|1756837823
|move|p1b: Gloria|Protect|p1b: Gloria
|-singleturn|p1b: Gloria|Protect
|move|p2a: Talonflame|Overheat|p1b: Gloria
|-activate|p1b: Gloria|move: Protect
|move|p2b: Kaladin|Earthquake|p1b: Gloria|[spread] 
|-activate|p1b: Gloria|move: Protect
|-immune|p2a: Talonflame
|
|-weather|Snowscape|[upkeep]
|-sideend|p2: kojay|move: Tailwind
|upkeep
|turn|13
|
|t:|1756837834
|move|p2a: Talonflame|Tailwind|p2a: Talonflame
|-sidestart|p2: kojay|move: Tailwind
|move|p2b: Kaladin|Earthquake|p1b: Gloria|[spread] p1b
|-immune|p2a: Talonflame
|-crit|p1b: Gloria
|-damage|p1b: Gloria|5/100
|-damage|p2b: Kaladin|71/100|[from] item: Life Orb
|move|p1b: Gloria|Blizzard|p2b: Kaladin|[spread] p2a,p2b
|-supereffective|p2b: Kaladin
|-damage|p2a: Talonflame|0 fnt
|-damage|p2b: Kaladin|4/100
|faint|p2a: Talonflame
|
|-weather|Snowscape|[upkeep]
|upkeep
|turn|14
|
|t:|1756837842
|move|p1b: Gloria|Protect|p1b: Gloria
|-singleturn|p1b: Gloria|Protect
|move|p2b: Kaladin|Earthquake|p1b: Gloria
|-activate|p1b: Gloria|move: Protect
|
|-weather|Snowscape|[upkeep]
|upkeep
|turn|15
|
|t:|1756837845
|move|p1b: Gloria|Protect||[still]
|-fail|p1b: Gloria
|move|p2b: Kaladin|Earthquake|p1b: Gloria
|-damage|p1b: Gloria|0 fnt
|faint|p1b: Gloria
|-damage|p2b: Kaladin|0 fnt|[from] item: Life Orb
|faint|p2b: Kaladin
|
|win|kojay
