|j|☆Zio Chri
|j|☆kariuus
|html|Zio Chrikariuus    
|uhtml|bestof|Game 2 of a best-of-3
|t:|1757774055
|gametype|doubles
|player|p1|Zio Chri|169|1019
|player|p2|kariuus|1|1011
|gen|9
|tier|[Gen 9] VGC 2025 Reg H (Bo3)
|rated|
|rule|Species Clause: Limit one of each Pokémon
|rule|Item Clause: Limit 1 of each item
|clearpoke
|poke|p1|Goodra-Hisui, L50, F|
|poke|p1|Incineroar, L50, M|
|poke|p1|Rillaboom, L50, F|
|poke|p1|Primarina, L50, M|
|poke|p1|Gholdengo, L50|
|poke|p1|Talonflame, L50, F|
|poke|p2|Indeedee, L50, M|
|poke|p2|Sneasler, L50, F|
|poke|p2|Talonflame, L50, M|
|poke|p2|Ursaluna-Bloodmoon, L50, M|
|poke|p2|Electabuzz, L50, F|
|poke|p2|Dragonite, L50, F|
|teampreview|4
|showteam|p1|Goodra-Hisui||Leftovers|ShellArmor|DragonPulse,FlashCannon,AcidArmor,Protect|||F|||50|,,,,,Flying]Incineroar||PayapaBerry|Intimidate|Snarl,FlareBlitz,FakeOut,PartingShot|||M|||50|,,,,,Fire]Rillaboom||AssaultVest|GrassySurge|WoodHammer,GrassyGlide,Uturn,KnockOff|||F|||50|,,,,,Grass]Primarina||ChoiceSpecs|Torrent|Moonblast,HydroPump,Psychic,DazzlingGleam|||M|||50|,,,,,Water]Gholdengo||LifeOrb|GoodasGold|MakeItRain,ShadowBall,Thunderbolt,Trick||||||50|,,,,,Steel]Talonflame||HeavyDutyBoots|GaleWings|BraveBird,Tailwind,Roost,Taunt|||F|||50|,,,,,Fire
|showteam|p2|Indeedee||FocusSash|PsychicSurge|Protect,ExpandingForce,Imprison,TrickRoom|||M|||50|,,,,,Psychic]Sneasler||PsychicSeed|Unburden|Protect,DireClaw,CloseCombat,ThroatChop|||F|||50|,,,,,Dark]Talonflame||CovertCloak|GaleWings|DualWingbeat,FlareBlitz,Tailwind,WillOWisp|||M|||50|,,,,,Stellar]Ursaluna-Bloodmoon||LifeOrb|MindsEye|Protect,HyperVoice,BloodMoon,EarthPower|||M|||50|,,,,,Normal]Electabuzz||Eviolite|VitalSpirit|Protect,Electroweb,FollowMe,Taunt|||F|||50|,,,,,Dragon]Dragonite||LoadedDice|Multiscale|Protect,ScaleShot,Haze,StompingTantrum|||F|||50|,,,,,Fairy
|inactive|Battle timer is ON: inactive players will automatically lose when time's up. (requested by kariuus)
|
|t:|1757774099
|teamsize|p1|4
|teamsize|p2|4
|start
|switch|p1a: Gholdengo|Gholdengo, L50|100/100
|switch|p1b: Primarina|Primarina, L50, M|100/100
|switch|p2a: Ursaluna|Ursaluna-Bloodmoon, L50, M|100/100
|switch|p2b: Talonflame|Talonflame, L50, M|100/100
|turn|1
|
|t:|1757774120
|move|p2b: Talonflame|Tailwind|p2b: Talonflame
|-sidestart|p2: kariuus|move: Tailwind
|move|p2a: Ursaluna|Earth Power|p1a: Gholdengo
|-supereffective|p1a: Gholdengo
|-damage|p1a: Gholdengo|0 fnt
|faint|p1a: Gholdengo
|-damage|p2a: Ursaluna|91/100|[from] item: Life Orb
|move|p1b: Primarina|Hydro Pump|p2b: Talonflame
|-supereffective|p2b: Talonflame
|-crit|p2b: Talonflame
|-damage|p2b: Talonflame|0 fnt
|faint|p2b: Talonflame
|
|upkeep
|
|t:|1757774135
|switch|p2b: Sneasler|Sneasler, L50, F|100/100
|switch|p1a: Incineroar|Incineroar, L50, M|100/100
|-ability|p1a: Incineroar|Intimidate|boost
|-unboost|p2a: Ursaluna|atk|1
|-unboost|p2b: Sneasler|atk|1
|turn|2
|
|t:|1757774146
|move|p1a: Incineroar|Fake Out|p2a: Ursaluna
|-damage|p2a: Ursaluna|78/100
|move|p2b: Sneasler|Dire Claw|p1b: Primarina
|-supereffective|p1b: Primarina
|-damage|p1b: Primarina|20/100
|cant|p2a: Ursaluna|flinch
|move|p1b: Primarina|Hydro Pump|p2a: Ursaluna
|-supereffective|p2a: Ursaluna
|-damage|p2a: Ursaluna|0 fnt
|faint|p2a: Ursaluna
|
|upkeep
|
|t:|1757774156
|switch|p2a: Dragonite|Dragonite, L50, F|100/100
|turn|3
|
|t:|1757774166
|move|p2b: Sneasler|Dire Claw|p1b: Primarina
|-supereffective|p1b: Primarina
|-damage|p1b: Primarina|0 fnt
|faint|p1b: Primarina
|move|p2a: Dragonite|Stomping Tantrum|p1a: Incineroar
|-supereffective|p1a: Incineroar
|-damage|p1a: Incineroar|44/100
|move|p1a: Incineroar|Parting Shot|p2a: Dragonite
|-unboost|p2a: Dragonite|atk|1
|-unboost|p2a: Dragonite|spa|1
|
|t:|1757774176
|switch|p1a: Rillaboom|Rillaboom, L50, F|100/100|[from] Parting Shot
|-fieldstart|move: Grassy Terrain|[from] ability: Grassy Surge|[of] p1a: Rillaboom
|
|upkeep
|
|t:|1757774180
|switch|p1b: Incineroar|Incineroar, L50, M|44/100
|-ability|p1b: Incineroar|Intimidate|boost
|-unboost|p2a: Dragonite|atk|1
|-unboost|p2b: Sneasler|atk|1
|turn|4
|inactive|Zio Chri has 30 seconds left.
|inactive|Zio Chri has 20 seconds left.
|inactive|Zio Chri has 15 seconds left.
|inactive|Zio Chri has 10 seconds left.
|
|t:|1757774230
|move|p2b: Sneasler|Dire Claw|p1b: Incineroar
|-damage|p1b: Incineroar|23/100
|move|p2a: Dragonite|Stomping Tantrum|p1b: Incineroar
|-supereffective|p1b: Incineroar
|-damage|p1b: Incineroar|0 fnt
|faint|p1b: Incineroar
|move|p1a: Rillaboom|Wood Hammer|p2b: Sneasler
|-resisted|p2b: Sneasler
|-damage|p2b: Sneasler|33/100
|-damage|p1a: Rillaboom|84/100|[from] Recoil
|
|-heal|p2b: Sneasler|39/100|[from] Grassy Terrain
|-heal|p1a: Rillaboom|89/100|[from] Grassy Terrain
|-sideend|p2: kariuus|move: Tailwind
|upkeep
|turn|5
|
|t:|1757774248
|move|p1a: Rillaboom|Grassy Glide|p2b: Sneasler
|-resisted|p2b: Sneasler
|-damage|p2b: Sneasler|4/100
|move|p2b: Sneasler|Dire Claw|p1a: Rillaboom
|-supereffective|p1a: Rillaboom
|-damage|p1a: Rillaboom|49/100
|move|p2a: Dragonite|Scale Shot|p1a: Rillaboom
|-damage|p1a: Rillaboom|40/100
|-damage|p1a: Rillaboom|32/100
|-damage|p1a: Rillaboom|24/100
|-damage|p1a: Rillaboom|17/100
|-damage|p1a: Rillaboom|9/100
|-hitcount|p1a: Rillaboom|5
|-unboost|p2a: Dragonite|def|1
|-boost|p2a: Dragonite|spe|1
|
|-heal|p2b: Sneasler|10/100|[from] Grassy Terrain
|-heal|p1a: Rillaboom|15/100|[from] Grassy Terrain
|upkeep
|turn|6
|
|t:|1757774270
|move|p1a: Rillaboom|Grassy Glide|p2b: Sneasler
|-resisted|p2b: Sneasler
|-damage|p2b: Sneasler|0 fnt
|faint|p2b: Sneasler
|move|p2a: Dragonite|Scale Shot|p1a: Rillaboom
|-damage|p1a: Rillaboom|7/100
|-damage|p1a: Rillaboom|0 fnt
|faint|p1a: Rillaboom
|-hitcount|p1: Rillaboom|2
|
|win|kariuus
||Zio Chri is ready for game 3.
|l|☆Zio Chri
|player|p1|
|inactive|kariuus has 30 seconds to confirm battle start!
|inactive|kariuus has 20 seconds to confirm battle start!
|inactive|kariuus has 10 seconds to confirm battle start!
|uhtml|next|Next: Game 3 of 3
