|j|☆SongokuVG Fr
|j|☆Tractie
|html|SongokuVG FrTractie    
|uhtml|bestof|Game 1 of a best-of-3
|t:|1757088495
|gametype|doubles
|player|p1|SongokuVG Fr|lucian|1316
|player|p2|Tractie|265|1298
|gen|9
|tier|[Gen 9] VGC 2025 Reg H (Bo3)
|rated|
|rule|Species Clause: Limit one of each Pokémon
|rule|Item Clause: Limit 1 of each item
|clearpoke
|poke|p1|Klefki, L50, F|
|poke|p1|Ursaluna-Bloodmoon, L50, M|
|poke|p1|Maushold-Four, L50|
|poke|p1|Annihilape, L50, F|
|poke|p1|Ninetales-Alola, L50, F|
|poke|p1|Sinistcha, L50|
|poke|p2|Gothitelle, L50, M|
|poke|p2|Dondozo, L50, M|
|poke|p2|Kingambit, L50, M|
|poke|p2|Incineroar, L50, M|
|poke|p2|Amoonguss, L50, M|
|poke|p2|Zoroark-Hisui, L50, M|
|teampreview|4
|showteam|p1|Klefki||LightClay|Prankster|Reflect,LightScreen,MistyTerrain,DazzlingGleam|||F|||50|,,,,,Ghost]Ursaluna-Bloodmoon||AssaultVest|MindsEye|BloodMoon,HyperVoice,VacuumWave,EarthPower|||M|||50|,,,,,Water]Maushold-Four||SafetyGoggles|FriendGuard|FollowMe,Protect,Taunt,BeatUp||||||50|,,,,,Ghost]Annihilape||Leftovers|Defiant|DrainPunch,RageFist,Protect,BulkUp|||F|||50|,,,,,Fire]Ninetales-Alola||FocusSash|SnowWarning|Blizzard,Protect,Encore,FreezeDry|||F|||50|,,,,,Ghost]Sinistcha||SitrusBerry|Hospitality|MatchaGotcha,RagePowder,LifeDew,TrickRoom||||||50|,,,,,Water
|showteam|p2|Gothitelle||SitrusBerry|ShadowTag|FakeOut,Psychic,TrickRoom,Protect|||M|||50|,,,,,Water]Dondozo||Leftovers|Unaware|WaveCrash,BodyPress,Yawn,Protect|||M|||50|,,,,,Electric]Kingambit||BlackGlasses|Defiant|SuckerPunch,KowtowCleave,SwordsDance,Protect|||M|||50|,,,,,Dark]Incineroar||SafetyGoggles|Intimidate|FakeOut,FlareBlitz,KnockOff,PartingShot|||M|||50|,,,,,Ghost]Amoonguss||RockyHelmet|Regenerator|Spore,RagePowder,PollenPuff,Protect|||M|||50|,,,,,Fairy]Zoroark-Hisui||LifeOrb|Illusion|ShadowBall,TeraBlast,FocusBlast,Protect|||M|||50|,,,,,Stellar
|inactive|Battle timer is ON: inactive players will automatically lose when time's up. (requested by Tractie)
|inactive|SongokuVG Fr has 60 seconds left.
|inactive|Tractie has 60 seconds left.
|inactive|Tractie has 30 seconds left.
|inactive|Tractie has 20 seconds left.
|inactive|Tractie has 15 seconds left.
|inactive|Tractie has 10 seconds left.
|inactive|Tractie has 5 seconds left.
|
|t:|1757088581
|teamsize|p1|4
|teamsize|p2|4
|start
|switch|p1a: Klefki|Klefki, L50, F|100/100
|switch|p1b: Annihilape|Annihilape, L50, F|100/100
|switch|p2a: Incineroar|Incineroar, L50, M|100/100
|switch|p2b: Dondozo|Dondozo, L50, M|100/100
|-ability|p2a: Incineroar|Intimidate|boost
|-unboost|p1a: Klefki|atk|1
|-unboost|p1b: Annihilape|atk|1
|-ability|p1b: Annihilape|Defiant|boost
|-boost|p1b: Annihilape|atk|2
|turn|1
|inactive|Tractie has 30 seconds left.
|
|t:|1757088613
|move|p1a: Klefki|Reflect|p1a: Klefki
|-sidestart|p1: SongokuVG Fr|Reflect
|move|p2b: Dondozo|Shadow Ball|p1b: Annihilape
|-supereffective|p1b: Annihilape
|-damage|p1b: Annihilape|0 fnt
|faint|p1b: Annihilape
|-damage|p2b: Dondozo|91/100|[from] item: Life Orb
|move|p2a: Incineroar|Flare Blitz|p1a: Klefki
|-supereffective|p1a: Klefki
|-damage|p1a: Klefki|25/100
|-damage|p2a: Incineroar|80/100|[from] Recoil
|
|upkeep
|
|t:|1757088623
|switch|p1b: Ursaluna|Ursaluna-Bloodmoon, L50, M|100/100
|turn|2
|inactive|Tractie has 30 seconds left.
|
|t:|1757088656
|switch|p2b: Amoonguss|Amoonguss, L50, M|100/100
|-terastallize|p2a: Incineroar|Ghost
|move|p1a: Klefki|Misty Terrain|p1a: Klefki
|-fieldstart|move: Misty Terrain
|move|p1b: Ursaluna|Hyper Voice|p2a: Incineroar|[spread] p2a,p2b
|-damage|p2a: Incineroar|48/100
|-damage|p2b: Amoonguss|64/100
|move|p2a: Incineroar|Knock Off|p1b: Ursaluna
|-damage|p1b: Ursaluna|78/100
|-enditem|p1b: Ursaluna|Assault Vest|[from] move: Knock Off|[of] p2a: Incineroar
|
|upkeep
|turn|3
|inactive|Tractie has 30 seconds left.
|
|t:|1757088684
|move|p2a: Incineroar|Fake Out||[still]
|-hint|Fake Out only works on your first turn out.
|-fail|p2a: Incineroar
|move|p1a: Klefki|Light Screen|p1a: Klefki
|-sidestart|p1: SongokuVG Fr|move: Light Screen
|move|p1b: Ursaluna|Hyper Voice|p2b: Amoonguss|[spread] p2a,p2b
|-damage|p2a: Incineroar|14/100
|-damage|p2b: Amoonguss|30/100
|move|p2b: Amoonguss|Pollen Puff|p2a: Incineroar
|-heal|p2a: Incineroar|64/100
|
|upkeep
|turn|4
|
|t:|1757088699
|switch|p1a: Sinistcha|Sinistcha, L50|100/100
|-heal|p1b: Ursaluna|100/100|[from] ability: Hospitality|[of] p1a: Sinistcha
|move|p1b: Ursaluna|Hyper Voice|p2b: Amoonguss|[spread] p2a,p2b
|-damage|p2a: Incineroar|33/100
|-damage|p2b: Amoonguss|0 fnt
|faint|p2b: Amoonguss
|move|p2a: Incineroar|Parting Shot|p1b: Ursaluna
|-unboost|p1b: Ursaluna|atk|1
|-unboost|p1b: Ursaluna|spa|1
|inactive|Tractie has 30 seconds left.
|
|t:|1757088731
|switch|p2a: Dondozo|Dondozo, L50, M|91/100|[from] Parting Shot
|
|upkeep
|
|t:|1757088736
|switch|p2b: Incineroar|Incineroar, L50, M, tera:Ghost|33/100
|-ability|p2b: Incineroar|Intimidate|boost
|-unboost|p1a: Sinistcha|atk|1
|-unboost|p1b: Ursaluna|atk|1
|turn|5
|inactive|Tractie has 30 seconds left.
|
|t:|1757088765
|switch|p1b: Klefki|Klefki, L50, F|25/100
|move|p2b: Incineroar|Fake Out|p1b: Klefki
|-resisted|p1b: Klefki
|-damage|p1b: Klefki|21/100
|move|p2a: Dondozo|Shadow Ball|p1a: Sinistcha
|-supereffective|p1a: Sinistcha
|-damage|p1a: Sinistcha|32/100
|-enditem|p1a: Sinistcha|Sitrus Berry|[eat]
|-heal|p1a: Sinistcha|57/100|[from] item: Sitrus Berry
|-damage|p2a: Dondozo|81/100|[from] item: Life Orb
|move|p1a: Sinistcha|Matcha Gotcha|p2a: Dondozo|[spread] p2a,p2b
|-damage|p2a: Dondozo|28/100
|-heal|p1a: Sinistcha|77/100|[from] drain|[of] p2a: Dondozo
|-damage|p2b: Incineroar|12/100
|-heal|p1a: Sinistcha|89/100|[from] drain|[of] p2b: Incineroar
|replace|p2a: Zoroark|Zoroark-Hisui, L50, M
|-end|p2a: Zoroark|Illusion
|
|upkeep
|turn|6
|inactive|Tractie has 30 seconds left.
|inactive|Tractie has 20 seconds left.
|inactive|Tractie has 15 seconds left.
|inactive|Tractie has 10 seconds left.
|inactive|Tractie has 5 seconds left.
|
|t:|1757088817
|-terastallize|p1a: Sinistcha|Water
|move|p2a: Zoroark|Shadow Ball|p1b: Klefki
|-damage|p1b: Klefki|0 fnt
|faint|p1b: Klefki
|-damage|p2a: Zoroark|18/100|[from] item: Life Orb
|move|p1a: Sinistcha|Matcha Gotcha|p2b: Incineroar|[spread] p2a,p2b
|-damage|p2a: Zoroark|0 fnt
|-heal|p1a: Sinistcha|95/100|[from] drain|[of] p2a: Zoroark
|-damage|p2b: Incineroar|0 fnt
|-heal|p1a: Sinistcha|100/100|[from] drain|[of] p2b: Incineroar
|faint|p2a: Zoroark
|faint|p2b: Incineroar
|
|-fieldend|Misty Terrain
|upkeep
|
|t:|1757088833
|switch|p1b: Ursaluna|Ursaluna-Bloodmoon, L50, M|100/100
|switch|p2b: Dondozo|Dondozo, L50, M|100/100
|turn|7
|
|t:|1757088844
|move|p2b: Dondozo|Protect|p2b: Dondozo
|-singleturn|p2b: Dondozo|Protect
|move|p1b: Ursaluna|Hyper Voice|p2b: Dondozo
|-activate|p2b: Dondozo|move: Protect
|move|p1a: Sinistcha|Matcha Gotcha|p2b: Dondozo
|-activate|p2b: Dondozo|move: Protect
|
|upkeep
|turn|8
|
|t:|1757088853
|move|p1b: Ursaluna|Blood Moon|p2b: Dondozo
|-crit|p2b: Dondozo
|-damage|p2b: Dondozo|23/100
|move|p1a: Sinistcha|Matcha Gotcha|p2b: Dondozo
|-supereffective|p2b: Dondozo
|-damage|p2b: Dondozo|0 fnt
|faint|p2b: Dondozo
|
|win|SongokuVG Fr
