|j|☆lordtentacle69
|j|☆wester7
|html|lordtentacle69wester7    
|uhtml|bestof|Game 1 of a best-of-3
|t:|1757745425
|gametype|doubles
|player|p1|lordtentacle69|plasmagruntf|1262
|player|p2|wester7|1|1228
|gen|9
|tier|[Gen 9] VGC 2025 Reg H (Bo3)
|rated|
|rule|Species Clause: Limit one of each Pokémon
|rule|Item Clause: Limit 1 of each item
|clearpoke
|poke|p1|Garchomp, L50, F|
|poke|p1|Tyranitar, L50, M|
|poke|p1|Talonflame, L50, F|
|poke|p1|Sinistcha-Masterpiece, L50|
|poke|p1|Annihilape, L50, M|
|poke|p1|Ursaluna-Bloodmoon, L50, M|
|poke|p2|Orthworm, L50, M|
|poke|p2|Ursaluna, L50, M|
|poke|p2|Dragonite, L50, F|
|poke|p2|Ninetales-Alola, L50, M|
|poke|p2|Incineroar, L50, F|
|poke|p2|Rabsca, L50, M|
|teampreview|4
|showteam|p1|Garchomp||LifeOrb|RoughSkin|DragonClaw,Protect,StompingTantrum,Earthquake|||F|||50|,,,,,Fire]Tyranitar||AssaultVest|SandStream|RockSlide,KnockOff,LowKick,TeraBlast|||M|||50|,,,,,Flying]Talonflame||CovertCloak|GaleWings|BraveBird,Tailwind,Taunt,FlareBlitz|||F|||50|,,,,,Flying]Sinistcha-Masterpiece||SitrusBerry|Hospitality|MatchaGotcha,RagePowder,StrengthSap,LifeDew||||||50|,,,,,Water]Annihilape||SafetyGoggles|Defiant|CloseCombat,RageFist,Coaching,FinalGambit|||M|||50|,,,,,Fire]Ursaluna-Bloodmoon||SilkScarf|MindsEye|BloodMoon,EarthPower,HyperVoice,Protect|||M|||50|,,,,,Normal
|showteam|p2|Orthworm||SitrusBerry|EarthEater|HeavySlam,ShedTail,BodyPress,Protect|||M|||50|,,,,,Poison]Ursaluna||FlameOrb|Guts|Facade,Earthquake,HeadlongRush,Protect|||M|||50|,,,,,Ghost]Dragonite||LoadedDice|Multiscale|ScaleShot,Tailwind,Haze,Protect|||F|||50|,,,,,Fairy]Ninetales-Alola||FocusSash|SnowWarning|AuroraVeil,Blizzard,Moonblast,Protect|||M|||50|,,,,,Ghost]Incineroar||AssaultVest|Intimidate|FakeOut,FlareBlitz,KnockOff,Uturn|||F|||50|,,,,,Grass]Rabsca||SafetyGoggles|Telepathy|TrickRoom,RevivalBlessing,EarthPower,Psychic|||M|||50|,,,,,Ground
|
|t:|1757745484
|teamsize|p1|4
|teamsize|p2|4
|start
|switch|p1a: Talonflame|Talonflame, L50, F|100/100
|switch|p1b: Annihilape|Annihilape, L50, M|100/100
|switch|p2a: Orthworm|Orthworm, L50, M|100/100
|switch|p2b: Dragonite|Dragonite, L50, F|100/100
|turn|1
|
|t:|1757745529
|move|p2a: Orthworm|Protect|p2a: Orthworm
|-singleturn|p2a: Orthworm|Protect
|move|p1a: Talonflame|Tailwind|p1a: Talonflame
|-sidestart|p1: lordtentacle69|move: Tailwind
|move|p1b: Annihilape|Coaching|p1a: Talonflame
|-boost|p1a: Talonflame|atk|1
|-boost|p1a: Talonflame|def|1
|move|p2b: Dragonite|Scale Shot|p1a: Talonflame
|-damage|p1a: Talonflame|85/100
|-damage|p1a: Talonflame|70/100
|-damage|p1a: Talonflame|55/100
|-damage|p1a: Talonflame|39/100
|-hitcount|p1a: Talonflame|4
|-unboost|p2b: Dragonite|def|1
|-boost|p2b: Dragonite|spe|1
|
|upkeep
|turn|2
|
|t:|1757745552
|move|p1a: Talonflame|Flare Blitz|p2a: Orthworm
|-supereffective|p2a: Orthworm
|-crit|p2a: Orthworm
|-damage|p2a: Orthworm|0 fnt
|faint|p2a: Orthworm
|-damage|p1a: Talonflame|1/100|[from] Recoil
|move|p1b: Annihilape|Final Gambit|p2b: Dragonite
|-damage|p2b: Dragonite|0 fnt
|faint|p1b: Annihilape
|faint|p2b: Dragonite
|
|upkeep
|
|t:|1757745568
|switch|p1b: Ursaluna|Ursaluna-Bloodmoon, L50, M|100/100
|switch|p2b: Ursaluna|Ursaluna, L50, M|100/100
|switch|p2a: Incineroar|Incineroar, L50, F|100/100
|-ability|p2a: Incineroar|Intimidate|boost
|-unboost|p1a: Talonflame|atk|1
|-unboost|p1b: Ursaluna|atk|1
|turn|3
|
|t:|1757745600
|switch|p1a: Tyranitar|Tyranitar, L50, M|100/100
|-weather|Sandstorm|[from] ability: Sand Stream|[of] p1a: Tyranitar
|move|p2a: Incineroar|Fake Out|p1b: Ursaluna
|-damage|p1b: Ursaluna|92/100
|cant|p1b: Ursaluna|flinch
|move|p2b: Ursaluna|Facade|p1a: Tyranitar
|-resisted|p1a: Tyranitar
|-damage|p1a: Tyranitar|85/100
|
|-weather|Sandstorm|[upkeep]
|-damage|p2a: Incineroar|94/100|[from] Sandstorm
|-status|p2b: Ursaluna|brn|[from] item: Flame Orb
|upkeep
|turn|4
|
|t:|1757745632
|-terastallize|p1b: Ursaluna|Normal
|move|p1a: Tyranitar|Rock Slide|p2a: Incineroar|[spread] p2a,p2b
|-supereffective|p2a: Incineroar
|-resisted|p2b: Ursaluna
|-damage|p2a: Incineroar|55/100
|-damage|p2b: Ursaluna|89/100 brn
|move|p1b: Ursaluna|Hyper Voice|p2b: Ursaluna|[spread] p2a,p2b
|-damage|p2a: Incineroar|17/100
|-damage|p2b: Ursaluna|33/100 brn
|cant|p2a: Incineroar|flinch
|move|p2b: Ursaluna|Facade|p1a: Tyranitar
|-resisted|p1a: Tyranitar
|-damage|p1a: Tyranitar|40/100
|
|-weather|Sandstorm|[upkeep]
|-damage|p1b: Ursaluna|86/100|[from] Sandstorm
|-damage|p2a: Incineroar|11/100|[from] Sandstorm
|-damage|p2b: Ursaluna|27/100 brn|[from] brn
|-sideend|p1: lordtentacle69|move: Tailwind
|upkeep
|turn|5
|
|t:|1757745659
|move|p1a: Tyranitar|Rock Slide|p2a: Incineroar|[spread] p2a,p2b
|-supereffective|p2a: Incineroar
|-resisted|p2b: Ursaluna
|-damage|p2a: Incineroar|0 fnt
|-damage|p2b: Ursaluna|17/100 brn
|faint|p2a: Incineroar
|move|p1b: Ursaluna|Hyper Voice|p2b: Ursaluna
|-damage|p2b: Ursaluna|0 fnt
|faint|p2b: Ursaluna
|
|win|lordtentacle69
||wester7 is ready for game 2.
||lordtentacle69 is ready for game 2.
|uhtml|next|Next: Game 2 of 3
|l|☆lordtentacle69
|player|p1|
