|j|☆Beanybag
|j|☆KidVGC4
|html|BeanybagKidVGC4    
|uhtml|bestof|Game 1 of a best-of-3
|t:|1783006373
|gametype|doubles
|player|p1|Beanybag|266|1107
|player|p2|KidVGC4|steven|1032
|gen|9
|tier|[Gen 9 Champions] VGC 2026 Reg M-B (Bo3)
|rated|
|rule|Species Clause: Limit one of each Pokémon
|rule|Item Clause: Limit 1 of each item
|clearpoke
|poke|p1|Ampharos, L50, M|
|poke|p1|Lopunny, L50, M|
|poke|p1|Grimmsnarl, L50, M|
|poke|p1|Bellibolt, L50, M|
|poke|p1|Sinistcha, L50|
|poke|p1|Toxapex, L50, M|
|poke|p2|Sableye, L50, F|
|poke|p2|Kleavor, L50, F|
|poke|p2|Eelektross, L50, M|
|poke|p2|Excadrill, L50, M|
|poke|p2|Talonflame, L50, M|
|poke|p2|Quaquaval, L50, F|
|teampreview|4
|showteam|p1|Ampharos||Ampharosite|Static|CottonGuard,ParabolicCharge,DragonPulse,Protect|Sassy||M|||50|]Lopunny||Lopunnite|Limber|FakeOut,CloseCombat,SwordsDance,BrutalSwing|Jolly||M|||50|]Grimmsnarl||SitrusBerry|Prankster|FakeOut,PartingShot,SpiritBreak,LightScreen|Brave||M|||50|]Bellibolt||ShucaBerry|Electromorphosis|Soak,Toxic,VoltSwitch,SlackOff|Bold||M|||50|]Sinistcha||FocusSash|Hospitality|MatchaGotcha,RagePowder,Protect,TrickRoom|Quiet|||||50|]Toxapex||Leftovers|Merciless|BanefulBunker,Stockpile,Recover,PoisonJab|Sassy||M|||50|
|showteam|p2|Sableye||RoseliBerry|Prankster|Quash,SunnyDay,ThunderWave,Encore|Bold||F|||50|]Kleavor||FocusSash|Sharpness|StoneAxe,XScissor,RockSlide,Protect|Jolly||F|||50|]Eelektross||Eelektrossite|Levitate|Thunderbolt,Flamethrower,GigaDrain,Protect|Modest||M|||50|]Excadrill||ChoiceScarf|MoldBreaker|IronHead,Earthquake,ThroatChop,RockSlide|Jolly||M|||50|]Talonflame||SharpBeak|GaleWings|Tailwind,RainDance,BraveBird,Protect|Jolly||M|||50|]Quaquaval||ExpertBelt|Moxie|AquaStep,TripleAxel,CloseCombat,Detect|Jolly||F|||50|
|inactive|Battle timer is ON: inactive players will automatically lose when time's up. (requested by KidVGC4)
|
|t:|1783006429
|teamsize|p1|4
|teamsize|p2|4
|start
|switch|p1a: Grimmsnarl|Grimmsnarl, L50, M|100/100
|switch|p1b: Sinistcha|Sinistcha, L50|100/100
|switch|p2a: Excadrill|Excadrill, L50, M|100/100
|switch|p2b: Quaquaval|Quaquaval, L50, F|100/100
|-ability|p2a: Excadrill|Mold Breaker
|turn|1
|inactive|KidVGC4 has 30 seconds left.
|
|t:|1783006457
|move|p1a: Grimmsnarl|Fake Out|p2b: Quaquaval
|-damage|p2b: Quaquaval|80/100
|move|p2a: Excadrill|Iron Head|p1a: Grimmsnarl
|-supereffective|p1a: Grimmsnarl|1
|-damage|p1a: Grimmsnarl|0 fnt
|faint|p1a: Grimmsnarl
|cant|p2b: Quaquaval|flinch
|move|p1b: Sinistcha|Trick Room|p1b: Sinistcha
|-fieldstart|move: Trick Room|[of] p1b: Sinistcha
|
|upkeep
|
|t:|1783006471
|switch|p1a: Bellibolt|Bellibolt, L50, M|100/100
|turn|2
|
|t:|1783006486
|switch|p2a: Eelektross|Eelektross, L50, M|100/100
|move|p2b: Quaquaval|Detect|p2b: Quaquaval
|-singleturn|p2b: Quaquaval|Protect
|move|p1a: Bellibolt|Soak|p2a: Eelektross
|-start|p2a: Eelektross|typechange|Water
|move|p1b: Sinistcha|Matcha Gotcha|p2b: Quaquaval|[spread] p2a
|-activate|p2b: Quaquaval|move: Protect
|-supereffective|p2a: Eelektross|1
|-damage|p2a: Eelektross|18/100
|
|upkeep
|turn|3
|inactive|KidVGC4 has 30 seconds left.
|
|t:|1783006516
|switch|p2a: Excadrill|Excadrill, L50, M|100/100
|-ability|p2a: Excadrill|Mold Breaker
|move|p1a: Bellibolt|Soak|p2b: Quaquaval
|-start|p2b: Quaquaval|typechange|Water
|move|p1b: Sinistcha|Matcha Gotcha|p2b: Quaquaval|[spread] p2a,p2b
|-supereffective|p2b: Quaquaval|1
|-damage|p2a: Excadrill|51/100
|-damage|p2b: Quaquaval|0 fnt
|faint|p2b: Quaquaval
|
|upkeep
|
|t:|1783006534
|switch|p2b: Talonflame|Talonflame, L50, M|100/100
|turn|4
|
|t:|1783006541
|move|p1b: Sinistcha|Protect|p1b: Sinistcha
|-singleturn|p1b: Sinistcha|Protect
|move|p2b: Talonflame|Brave Bird|p1b: Sinistcha
|-activate|p1b: Sinistcha|move: Protect
|move|p1a: Bellibolt|Soak|p2b: Talonflame
|-start|p2b: Talonflame|typechange|Water
|move|p2a: Excadrill|Earthquake|p1b: Sinistcha|[spread] p2b,p1a
|-activate|p1b: Sinistcha|move: Protect
|-supereffective|p1a: Bellibolt|1
|-enditem|p1a: Bellibolt|Shuca Berry|[eat]
|-enditem|p1a: Bellibolt|Shuca Berry|[weaken]
|-damage|p2b: Talonflame|41/100
|-damage|p1a: Bellibolt|75/100
|-start|p1a: Bellibolt|Charge|Earthquake|[from] ability: Electromorphosis
|
|upkeep
|turn|5
|inactive|KidVGC4 has 30 seconds left.
|
|t:|1783006567
|move|p2b: Talonflame|Protect|p2b: Talonflame
|-singleturn|p2b: Talonflame|Protect
|move|p1a: Bellibolt|Soak|p2a: Excadrill
|-start|p2a: Excadrill|typechange|Water
|move|p1b: Sinistcha|Matcha Gotcha|p2a: Excadrill|[spread] p2a
|-activate|p2b: Talonflame|move: Protect
|-supereffective|p2a: Excadrill|1
|-damage|p2a: Excadrill|0 fnt
|faint|p2a: Excadrill
|
|-fieldend|move: Trick Room
|upkeep
|-message|KidVGC4 forfeited.
|raw|Beanybag's rating: 1107 → 1127(+20 for winning)
|raw|KidVGC4's rating: 1032 → 1020(-12 for losing)
|
|win|Beanybag
|l|☆KidVGC4
|player|p2|
