|j|☆jANMxRin
|j|☆Kurolax
|html|jANMxRinKurolax    
|uhtml|bestof|Game 1 of a best-of-3
|t:|1756571518
|gametype|doubles
|player|p1|jANMxRin|acerola-masters|1102
|player|p2|Kurolax|2|1113
|gen|9
|tier|[Gen 9] VGC 2025 Reg H (Bo3)
|rated|
|rule|Species Clause: Limit one of each Pokémon
|rule|Item Clause: Limit 1 of each item
|clearpoke
|poke|p1|Indeedee, L50, M|
|poke|p1|Sneasler, L50, F|
|poke|p1|Excadrill, L50, M|
|poke|p1|Magmar, L50, F|
|poke|p1|Corviknight, L50, M|
|poke|p1|Tyranitar, L50, F|
|poke|p2|Volcarona, L50, F|
|poke|p2|Tyranitar, L50, F|
|poke|p2|Rillaboom, L50, M|
|poke|p2|Primarina, L50, F|
|poke|p2|Sneasler, L50, F|
|poke|p2|Dragonite, L50, F|
|teampreview|4
|showteam|p1|Indeedee||ChoiceScarf|PsychicSurge|ExpandingForce,TeraBlast,Trick,Protect|||M|||50|,,,,,Psychic]Sneasler||WhiteHerb|Unburden|FakeOut,CloseCombat,DireClaw,Coaching|||F|||50|,,,,,Flying]Excadrill||FocusSash|SandRush|Earthquake,IronHead,SwordsDance,Protect|||M|||50|,,,,,Ground]Magmar||Eviolite|VitalSpirit|HeatWave,FollowMe,WillOWisp,Protect|||F|||50|,,,,,Flying]Corviknight||PsychicSeed|MirrorArmor|BraveBird,PowerTrip,BulkUp,Roost|||M|||50|,,,,,Water]Tyranitar||AssaultVest|SandStream|RockSlide,KnockOff,LowKick,TeraBlast|||F|||50|,,,,,Flying
|showteam|p2|Volcarona||GrassySeed|FlameBody|QuiverDance,HeatWave,GigaDrain,Protect|||F|||50|,,,,,Stellar]Tyranitar||FocusSash|SandStream|RockSlide,KnockOff,TeraBlast,Protect|||F|||50|,,,,,Flying]Rillaboom||AssaultVest|GrassySurge|KnockOff,Uturn,GrassyGlide,FakeOut|||M|||50|,,,,,Grass]Primarina||SitrusBerry|LiquidVoice|HyperVoice,Moonblast,CalmMind,Protect|||F|||50|,,,,,Poison]Sneasler||WhiteHerb|Unburden|DireClaw,FakeOut,Protect,CloseCombat|||F|||50|,,,,,Dark]Dragonite||LoadedDice|Multiscale|Tailwind,ScaleShot,Haze,Protect|||F|||50|,,,,,Fairy
|
|t:|1756571558
|teamsize|p1|4
|teamsize|p2|4
|start
|switch|p1a: Tyranitar|Tyranitar, L50, F|100/100
|switch|p1b: Excadrill|Excadrill, L50, M|100/100
|switch|p2a: Sneasler|Sneasler, L50, F|100/100
|switch|p2b: Volcarona|Volcarona, L50, F|100/100
|-weather|Sandstorm|[from] ability: Sand Stream|[of] p1a: Tyranitar
|turn|1
|j| T-Soro
|inactive|Battle timer is ON: inactive players will automatically lose when time's up. (requested by jANMxRin)
|l| T-Soro
|inactive|jANMxRin has 60 seconds left.
|
|t:|1756571614
|-terastallize|p1a: Tyranitar|Flying
|move|p1b: Excadrill|Protect|p1b: Excadrill
|-singleturn|p1b: Excadrill|Protect
|move|p2a: Sneasler|Fake Out|p1a: Tyranitar
|-damage|p1a: Tyranitar|87/100
|move|p2b: Volcarona|Heat Wave|p1b: Excadrill|[spread] p1a
|-activate|p1b: Excadrill|move: Protect
|-damage|p1a: Tyranitar|65/100
|cant|p1a: Tyranitar|flinch
|
|-weather|Sandstorm|[upkeep]
|-damage|p2a: Sneasler|95/100|[from] Sandstorm
|-damage|p2b: Volcarona|94/100|[from] Sandstorm
|-damage|p1a: Tyranitar|60/100|[from] Sandstorm
|upkeep
|turn|2
|inactive|jANMxRin has 30 seconds left.
|inactive|jANMxRin has 20 seconds left.
|inactive|jANMxRin has 15 seconds left.
|inactive|jANMxRin has 10 seconds left.
|
|t:|1756571659
|switch|p2b: Tyranitar|Tyranitar, L50, F|100/100
|move|p1b: Excadrill|Earthquake|p2b: Tyranitar|[spread] p2a,p2b
|-immune|p1a: Tyranitar
|-supereffective|p2a: Sneasler
|-supereffective|p2b: Tyranitar
|-damage|p2a: Sneasler|0 fnt
|-damage|p2b: Tyranitar|24/100
|faint|p2a: Sneasler
|move|p1a: Tyranitar|Tera Blast|p2b: Tyranitar|[anim] Tera Blast Flying
|-resisted|p2b: Tyranitar
|-damage|p2b: Tyranitar|0 fnt
|faint|p2b: Tyranitar
|
|-weather|Sandstorm|[upkeep]
|-damage|p1a: Tyranitar|54/100|[from] Sandstorm
|upkeep
|
|t:|1756571668
|switch|p2a: Rillaboom|Rillaboom, L50, M|100/100
|switch|p2b: Volcarona|Volcarona, L50, F|94/100
|-fieldstart|move: Grassy Terrain|[from] ability: Grassy Surge|[of] p2a: Rillaboom
|-enditem|p2b: Volcarona|Grassy Seed
|-boost|p2b: Volcarona|def|1|[from] item: Grassy Seed
|turn|3
|
|t:|1756571686
|switch|p1b: Indeedee|Indeedee, L50, M|100/100
|-fieldstart|move: Psychic Terrain|[from] ability: Psychic Surge|[of] p1b: Indeedee
|move|p2a: Rillaboom|Fake Out|p1a: Tyranitar
|-hint|Psychic Terrain doesn't affect Pokémon immune to Ground.
|-damage|p1a: Tyranitar|41/100
|move|p2b: Volcarona|Heat Wave|p1a: Tyranitar|[spread] p1a,p1b
|-damage|p1a: Tyranitar|22/100
|-damage|p1b: Indeedee|50/100
|cant|p1a: Tyranitar|flinch
|
|-weather|Sandstorm|[upkeep]
|-damage|p1b: Indeedee|44/100|[from] Sandstorm
|-damage|p2b: Volcarona|88/100|[from] Sandstorm
|-damage|p2a: Rillaboom|94/100|[from] Sandstorm
|-damage|p1a: Tyranitar|16/100|[from] Sandstorm
|upkeep
|turn|4
|inactive|jANMxRin has 30 seconds left.
|inactive|Kurolax has 30 seconds left.
|
|t:|1756571724
|-terastallize|p2b: Volcarona|Stellar
|move|p1b: Indeedee|Expanding Force|p2b: Volcarona|[spread] p2a,p2b
|-damage|p2a: Rillaboom|44/100
|-damage|p2b: Volcarona|37/100
|move|p2b: Volcarona|Heat Wave|p1a: Tyranitar|[spread] p1a,p1b
|-damage|p1a: Tyranitar|0 fnt
|-damage|p1b: Indeedee|0 fnt
|faint|p1a: Tyranitar
|faint|p1b: Indeedee
|move|p2a: Rillaboom|Knock Off|p1: Tyranitar|[notarget]
|-fail|p2a: Rillaboom
|
|-weather|Sandstorm|[upkeep]
|-damage|p2b: Volcarona|31/100|[from] Sandstorm
|-damage|p2a: Rillaboom|38/100|[from] Sandstorm
|upkeep
|
|t:|1756571731
|switch|p1b: Excadrill|Excadrill, L50, M|100/100
|switch|p1a: Sneasler|Sneasler, L50, F|100/100
|turn|5
|inactive|jANMxRin has 30 seconds left.
|inactive|Kurolax has 30 seconds left.
|inactive|jANMxRin has 20 seconds left.
|inactive|jANMxRin has 15 seconds left.
|inactive|jANMxRin has 10 seconds left.
|
|t:|1756571776
|move|p1b: Excadrill|Protect|p1b: Excadrill
|-singleturn|p1b: Excadrill|Protect
|move|p1a: Sneasler|Dire Claw|p2a: Rillaboom
|-supereffective|p2a: Rillaboom
|-damage|p2a: Rillaboom|0 fnt
|faint|p2a: Rillaboom
|move|p2b: Volcarona|Heat Wave|p1b: Excadrill|[spread] p1a
|-activate|p1b: Excadrill|move: Protect
|-crit|p1a: Sneasler
|-damage|p1a: Sneasler|30/100
|
|-weather|none
|upkeep
|turn|6
|
|t:|1756571790
|move|p1a: Sneasler|Close Combat|p2b: Volcarona
|-resisted|p2b: Volcarona
|-damage|p2b: Volcarona|3/100
|-unboost|p1a: Sneasler|def|1
|-unboost|p1a: Sneasler|spd|1
|-enditem|p1a: Sneasler|White Herb
|-clearnegativeboost|p1a: Sneasler|[silent]
|move|p2b: Volcarona|Heat Wave|p1b: Excadrill|[spread] p1b
|-miss|p2b: Volcarona|p1a: Sneasler
|-supereffective|p1b: Excadrill
|-damage|p1b: Excadrill|10/100
|move|p1b: Excadrill|Earthquake|p2b: Volcarona|[spread] p1a,p2b
|-supereffective|p1a: Sneasler
|-damage|p1a: Sneasler|0 fnt
|-damage|p2b: Volcarona|0 fnt
|faint|p1a: Sneasler
|faint|p2b: Volcarona
|
|win|jANMxRin
