|j|☆Kinyachta
|j|☆fergalhopper
|html|Kinyachtafergalhopper    
|uhtml|bestof|Game 1 of a best-of-3
|t:|1784817776
|gametype|doubles
|player|p1|Kinyachta|2|1166
|player|p2|fergalhopper|101|1082
|gen|9
|tier|[Gen 9 Champions] VGC 2026 Reg M-B (Bo3)
|rated|
|rule|Species Clause: Limit one of each Pokémon
|rule|Item Clause: Limit 1 of each item
|clearpoke
|poke|p1|Tyranitar, L50, M|
|poke|p1|Sneasler, L50, M|
|poke|p1|Gardevoir, L50, F|
|poke|p1|Garchomp, L50, F|
|poke|p1|Whimsicott, L50, M|
|poke|p1|Sinistcha-Masterpiece, L50|
|poke|p2|Blaziken, L50, M|
|poke|p2|Whimsicott, L50, F|
|poke|p2|Maushold-Four, L50|
|poke|p2|Gholdengo, L50|
|poke|p2|Tsareena, L50, F|
|poke|p2|Annihilape, L50, F|
|teampreview|4
|showteam|p1|Tyranitar||Tyranitarite|SandStream|Protect,DragonDance,RockSlide,KnockOff|Jolly||M|||50|]Sneasler||WhiteHerb|Unburden|CloseCombat,Protect,DireClaw,Coaching|Adamant||M|||50|]Gardevoir||Gardevoirite|Trace|HyperVoice,CalmMind,Protect,Psyshock|Modest||F|||50|]Garchomp||LifeOrb|RoughSkin|RockSlide,Earthquake,DragonClaw,Protect|Adamant||F|||50|]Whimsicott||FocusSash|Prankster|Protect,Tailwind,Encore,Moonblast|Calm||M|||50|]Sinistcha-Masterpiece||ColburBerry|Hospitality|StrengthSap,RagePowder,MatchaGotcha,TrickRoom|Bold|||||50|
|showteam|p2|Blaziken||Blazikenite|SpeedBoost|FlareBlitz,CloseCombat,RockSlide,Protect|Adamant||M|||50|]Whimsicott||FocusSash|Prankster|Moonblast,Tailwind,Charm,Protect|Timid||F|||50|]Maushold-Four||WideLens|Technician|Protect,PopulationBomb,FollowMe,Feint|Adamant|||||50|]Gholdengo||LifeOrb|GoodasGold|MakeItRain,ShadowBall,NastyPlot,Protect|Modest|||||50|]Tsareena||LightClay|QueenlyMajesty|TropKick,LightScreen,Reflect,Taunt|Careful||F|||50|]Annihilape||SitrusBerry|Defiant|PhantomForce,CloseCombat,RockTomb,Protect|Adamant||F|||50|
|inactive|Battle timer is ON: inactive players will automatically lose when time's up. (requested by Kinyachta)
|inactive|fergalhopper has 60 seconds left.
|
|t:|1784817872
|teamsize|p1|4
|teamsize|p2|4
|start
|switch|p1a: Whimsicott|Whimsicott, L50, M|100/100
|switch|p1b: Tyranitar|Tyranitar, L50, M|100/100
|switch|p2a: Whimsicott|Whimsicott, L50, F|100/100
|switch|p2b: Blaziken|Blaziken, L50, M|100/100
|-weather|Sandstorm|[from] ability: Sand Stream|[of] p1b: Tyranitar
|turn|1
|inactive|Kinyachta has 30 seconds left.
|inactive|fergalhopper has 30 seconds left.
|inactive|fergalhopper has 20 seconds left.
|inactive|Kinyachta has 20 seconds left.
|inactive|Kinyachta has 15 seconds left.
|
|t:|1784817920
|detailschange|p2b: Blaziken|Blaziken-Mega, L50, M
|-mega|p2b: Blaziken|Blaziken|Blazikenite
|move|p1b: Tyranitar|Protect|p1b: Tyranitar
|-singleturn|p1b: Tyranitar|Protect
|move|p2a: Whimsicott|Tailwind|p2a: Whimsicott
|-sidestart|p2: fergalhopper|move: Tailwind
|move|p1a: Whimsicott|Tailwind|p1a: Whimsicott
|-sidestart|p1: Kinyachta|move: Tailwind
|move|p2b: Blaziken|Flare Blitz|p1a: Whimsicott
|-supereffective|p1a: Whimsicott|1
|-enditem|p1a: Whimsicott|Focus Sash
|-damage|p1a: Whimsicott|1/100
|-damage|p2b: Blaziken|65/100|[from] Recoil
|
|-weather|Sandstorm|[upkeep]
|-damage|p2a: Whimsicott|93/100|[from] Sandstorm
|-damage|p2b: Blaziken|59/100|[from] Sandstorm
|-damage|p1a: Whimsicott|0 fnt|[from] Sandstorm
|faint|p1a: Whimsicott
|-ability|p2b: Blaziken|Speed Boost|boost
|-boost|p2b: Blaziken|spe|1
|upkeep
|
|t:|1784817937
|switch|p1a: Sinistcha|Sinistcha-Masterpiece, L50|100/100
|turn|2
|
|t:|1784817956
|detailschange|p1b: Tyranitar|Tyranitar-Mega, L50, M
|-mega|p1b: Tyranitar|Tyranitar|Tyranitarite
|move|p2b: Blaziken|Protect|p2b: Blaziken
|-singleturn|p2b: Blaziken|Protect
|move|p1a: Sinistcha|Rage Powder|p1a: Sinistcha
|-singleturn|p1a: Sinistcha|move: Rage Powder
|move|p2a: Whimsicott|Charm|p1b: Tyranitar
|-hint|Since gen 7, Dark is immune to Prankster moves.
|-immune|p1b: Tyranitar
|move|p1b: Tyranitar|Rock Slide|p2a: Whimsicott|[spread] p2a
|-activate|p2b: Blaziken|move: Protect
|-damage|p2a: Whimsicott|47/100
|
|-weather|Sandstorm|[upkeep]
|-damage|p2b: Blaziken|54/100|[from] Sandstorm
|-damage|p2a: Whimsicott|41/100|[from] Sandstorm
|-damage|p1a: Sinistcha|93/100|[from] Sandstorm
|-ability|p2b: Blaziken|Speed Boost|boost
|-boost|p2b: Blaziken|spe|1
|upkeep
|turn|3
|inactive|fergalhopper has 30 seconds left.
|inactive|fergalhopper has 20 seconds left.
|inactive|fergalhopper has 15 seconds left.
|inactive|fergalhopper has 10 seconds left.
|
|t:|1784818005
|switch|p2b: Annihilape|Annihilape, L50, F|100/100
|move|p1a: Sinistcha|Rage Powder|p1a: Sinistcha
|-singleturn|p1a: Sinistcha|move: Rage Powder
|move|p2a: Whimsicott|Moonblast|p1b: Tyranitar
|-supereffective|p1b: Tyranitar|1
|-crit|p1b: Tyranitar
|-damage|p1b: Tyranitar|46/100
|move|p1b: Tyranitar|Rock Slide|p2a: Whimsicott|[spread] p2a,p2b
|-resisted|p2b: Annihilape|1
|-damage|p2a: Whimsicott|0 fnt
|-damage|p2b: Annihilape|84/100
|faint|p2a: Whimsicott
|
|-weather|Sandstorm|[upkeep]
|-damage|p2b: Annihilape|78/100|[from] Sandstorm
|-damage|p1a: Sinistcha|87/100|[from] Sandstorm
|upkeep
|
|t:|1784818020
|switch|p2a: Gholdengo|Gholdengo, L50|100/100
|turn|4
|
|t:|1784818036
|move|p1b: Tyranitar|Protect|p1b: Tyranitar
|-singleturn|p1b: Tyranitar|Protect
|move|p2a: Gholdengo|Make It Rain|p1b: Tyranitar|[spread] p1a
|-activate|p1b: Tyranitar|move: Protect
|-damage|p1a: Sinistcha|26/100
|-unboost|p2a: Gholdengo|spa|2
|-damage|p2a: Gholdengo|90/100|[from] item: Life Orb
|move|p2b: Annihilape|Phantom Force||[still]
|-prepare|p2b: Annihilape|Phantom Force
|move|p1a: Sinistcha|Trick Room|p1a: Sinistcha
|-fieldstart|move: Trick Room|[of] p1a: Sinistcha
|
|-weather|Sandstorm|[upkeep]
|-damage|p1a: Sinistcha|20/100y|[from] Sandstorm
|-damage|p2b: Annihilape|72/100|[from] Sandstorm
|-sideend|p2: fergalhopper|move: Tailwind
|-sideend|p1: Kinyachta|move: Tailwind
|upkeep
|turn|5
|
|t:|1784818057
|switch|p1a: Garchomp|Garchomp, L50, F|100/100
|move|p2b: Annihilape|Phantom Force|p1a: Garchomp|[from] lockedmove
|-damage|p1a: Garchomp|60/100
|-damage|p2b: Annihilape|59/100|[from] ability: Rough Skin|[of] p1a: Garchomp
|move|p2a: Gholdengo|Make It Rain|p1b: Tyranitar|[spread] p1a,p1b
|-supereffective|p1b: Tyranitar|1
|-crit|p1b: Tyranitar
|-damage|p1a: Garchomp|34/100
|-damage|p1b: Tyranitar|0 fnt
|-unboost|p2a: Gholdengo|spa|2
|faint|p1b: Tyranitar
|-damage|p2a: Gholdengo|80/100|[from] item: Life Orb
|
|-weather|none
|upkeep
|
|t:|1784818071
|switch|p1b: Sinistcha|Sinistcha-Masterpiece, L50|20/100y
|-heal|p1a: Garchomp|59/100|[from] ability: Hospitality|[of] p1b: Sinistcha
|turn|6
|
|t:|1784818093
|move|p1b: Sinistcha|Strength Sap|p2a: Gholdengo
|-immune|p2a: Gholdengo|[from] ability: Good as Gold
|move|p2b: Annihilape|Phantom Force||[still]
|-prepare|p2b: Annihilape|Phantom Force
|move|p2a: Gholdengo|Shadow Ball|p1a: Garchomp
|-damage|p1a: Garchomp|44/100
|-damage|p2a: Gholdengo|71/100|[from] item: Life Orb
|move|p1a: Garchomp|Earthquake|p2a: Gholdengo|[spread] p1b,p2a
|-miss|p1a: Garchomp|p2b: Annihilape
|-resisted|p1b: Sinistcha|1
|-supereffective|p2a: Gholdengo|1
|-damage|p1b: Sinistcha|1/100
|-damage|p2a: Gholdengo|0 fnt
|faint|p2a: Gholdengo
|-damage|p1a: Garchomp|34/100|[from] item: Life Orb
|
|upkeep
|
|t:|1784818108
|switch|p2a: Blaziken|Blaziken-Mega, L50, M|54/100
|turn|7
|
|t:|1784818128
|move|p2a: Blaziken|Protect|p2a: Blaziken
|-singleturn|p2a: Blaziken|Protect
|move|p1b: Sinistcha|Strength Sap|p2a: Blaziken
|-activate|p2a: Blaziken|move: Protect
|move|p2b: Annihilape|Phantom Force|p1a: Garchomp|[from] lockedmove
|-damage|p1a: Garchomp|0 fnt
|-damage|p2b: Annihilape|47/100|[from] ability: Rough Skin|[of] p1a: Garchomp
|-enditem|p2b: Annihilape|Sitrus Berry|[eat]
|-heal|p2b: Annihilape|72/100|[from] item: Sitrus Berry
|faint|p1a: Garchomp
|
|-ability|p2a: Blaziken|Speed Boost|boost
|-boost|p2a: Blaziken|spe|1
|upkeep
|turn|8
|inactive|Kinyachta has 30 seconds left.
|c|☆Kinyachta|why is your gholdengo min speed
|inactive|Kinyachta has 20 seconds left.
|inactive|Kinyachta has 15 seconds left.
|inactive|Kinyachta has 10 seconds left.
|
|t:|1784818174
|move|p1b: Sinistcha|Matcha Gotcha|p2a: Blaziken|[spread] p2a,p2b
|-resisted|p2a: Blaziken|1
|-crit|p2a: Blaziken
|-damage|p2a: Blaziken|29/100
|-heal|p1b: Sinistcha|11/100|[from] drain|[of] p2a: Blaziken
|-damage|p2b: Annihilape|49/100
|-heal|p1b: Sinistcha|25/100|[from] drain|[of] p2b: Annihilape
|move|p2b: Annihilape|Phantom Force||[still]
|-prepare|p2b: Annihilape|Phantom Force
|move|p2a: Blaziken|Flare Blitz|p1b: Sinistcha
|-supereffective|p1b: Sinistcha|1
|-damage|p1b: Sinistcha|0 fnt
|faint|p1b: Sinistcha
|-damage|p2a: Blaziken|20/100y|[from] Recoil
|
|win|fergalhopper
||Kinyachta is ready for game 2.
|c|☆fergalhopper|I want it to be bulky. It was dying too fast when I had it max-max
|inactive|fergalhopper has 30 seconds to confirm battle start!
|c|☆fergalhopper|I have enough frail attackers on the team
|inactive|fergalhopper has 20 seconds to confirm battle start!
||fergalhopper is ready for game 2.
|uhtml|next|Next: Game 2 of 3
|l|☆Kinyachta
|player|p1|
