|j|☆5-3 merchant
|j|☆FRANTIST
|html|5-3 merchantFRANTIST    
|uhtml|bestof|Game 3 of a best-of-3
|t:|1784600880
|gametype|doubles
|player|p1|5-3 merchant|yellow|1291
|player|p2|FRANTIST|roxie|1386
|gen|9
|tier|[Gen 9 Champions] VGC 2026 Reg M-B (Bo3)
|rated|
|rule|Species Clause: Limit one of each Pokémon
|rule|Item Clause: Limit 1 of each item
|clearpoke
|poke|p1|Charizard, L50, F, shiny|
|poke|p1|Glimmora, L50, M, shiny|
|poke|p1|Whimsicott, L50, F, shiny|
|poke|p1|Ninetales-Alola, L50, M, shiny|
|poke|p1|Kingambit, L50, M, shiny|
|poke|p1|Kommo-o, L50, F, shiny|
|poke|p2|Incineroar, L50, M|
|poke|p2|Maushold, L50|
|poke|p2|Sinistcha, L50|
|poke|p2|Sneasler, L50, M|
|poke|p2|Blastoise, L50, M|
|poke|p2|Delphox, L50, F|
|teampreview|4
|showteam|p1|Charizard||CharizarditeY|Blaze|HeatWave,WeatherBall,SolarBeam,Protect|Modest||F|||50|]Glimmora||Glimmoranite|ToxicDebris|SludgeBomb,PowerGem,EarthPower,SpikyShield|Modest||M|||50|]Whimsicott||FocusSash|Prankster|Moonblast,Tailwind,Encore,Protect|Timid||F|||50|]Ninetales-Alola||NeverMeltIce|SnowWarning|Blizzard,FreezeDry,Disable,Protect|Timid||M|||50|]Kingambit||BlackGlasses|Defiant|KowtowCleave,SuckerPunch,IronHead,Protect|Adamant||M|||50|]Kommo-o||LifeOrb|Overcoat|ClangingScales,AuraSphere,VacuumWave,Protect|Modest||F|||50|
|showteam|p2|Incineroar||SitrusBerry|Intimidate|FakeOut,FlareBlitz,ThroatChop,PartingShot|Impish||M|||50|]Maushold||ChopleBerry|FriendGuard|SuperFang,Feint,FollowMe,Protect|Impish|||||50|]Sinistcha||OccaBerry|Hospitality|MatchaGotcha,LifeDew,RagePowder,Protect|Bold|||||50|]Sneasler||FocusSash|PoisonTouch|FakeOut,CloseCombat,PoisonJab,QuickGuard|Jolly||M|||50|]Blastoise||Blastoisinite|RainDish|WaterSpout,DarkPulse,ShellSmash,Protect|Modest||M|||50|]Delphox||Delphoxite|Blaze|HeatWave,Psychic,NastyPlot,Protect|Timid||F|||50|
|inactive|Battle timer is ON: inactive players will automatically lose when time's up. (requested by 5-3 merchant)
|
|t:|1784600900
|teamsize|p1|4
|teamsize|p2|4
|start
|switch|p1a: Roach|Whimsicott, L50, F, shiny|100/100
|switch|p1b: Buddy|Glimmora, L50, M, shiny|100/100
|switch|p2a: Sneasler|Sneasler, L50, M|100/100
|switch|p2b: Delphox|Delphox, L50, F|100/100
|turn|1
|
|t:|1784600913
|switch|p2a: Sinistcha|Sinistcha, L50|100/100
|detailschange|p2b: Delphox|Delphox-Mega, L50, F
|-mega|p2b: Delphox|Delphox|Delphoxite
|detailschange|p1b: Buddy|Glimmora-Mega, L50, M, shiny
|-mega|p1b: Buddy|Glimmora|Glimmoranite
|move|p1a: Roach|Protect|p1a: Roach
|-singleturn|p1a: Roach|Protect
|move|p1b: Buddy|Spiky Shield|p1b: Buddy
|-singleturn|p1b: Buddy|move: Protect
|move|p2b: Delphox|Nasty Plot|p2b: Delphox
|-boost|p2b: Delphox|spa|2
|
|upkeep
|turn|2
|
|t:|1784600938
|move|p2a: Sinistcha|Rage Powder|p2a: Sinistcha
|-singleturn|p2a: Sinistcha|move: Rage Powder
|move|p1a: Roach|Encore|p2b: Delphox
|-start|p2b: Delphox|Encore
|move|p2b: Delphox|Nasty Plot|p2b: Delphox
|-boost|p2b: Delphox|spa|2
|move|p1b: Buddy|Sludge Bomb|p2a: Sinistcha
|-damage|p2a: Sinistcha|26/100
|-status|p2a: Sinistcha|psn
|
|-damage|p2a: Sinistcha|14/100 psn|[from] psn
|upkeep
|turn|3
|inactive|FRANTIST has 30 seconds left.
|
|t:|1784600972
|switch|p2b: Sneasler|Sneasler, L50, M|100/100
|move|p1a: Roach|Moonblast|p2a: Sinistcha
|-damage|p2a: Sinistcha|0 fnt
|faint|p2a: Sinistcha
|move|p1b: Buddy|Power Gem|p2b: Sneasler
|-resisted|p2b: Sneasler|1
|-damage|p2b: Sneasler|56/100
|
|upkeep
|
|t:|1784600979
|switch|p2a: Delphox|Delphox-Mega, L50, F|100/100
|turn|4
|
|t:|1784600984
|switch|p2b: Maushold|Maushold, L50|100/100
|move|p1a: Roach|Protect|p1a: Roach
|-singleturn|p1a: Roach|Protect
|move|p1b: Buddy|Spiky Shield|p1b: Buddy
|-singleturn|p1b: Buddy|move: Protect
|move|p2a: Delphox|Nasty Plot|p2a: Delphox
|-boost|p2a: Delphox|spa|2
|
|upkeep
|turn|5
|
|t:|1784600996
|move|p2b: Maushold|Follow Me|p2b: Maushold
|-singleturn|p2b: Maushold|move: Follow Me
|move|p1a: Roach|Tailwind|p1a: Roach
|-sidestart|p1: 5-3 merchant|move: Tailwind
|move|p1b: Buddy|Power Gem|p2b: Maushold
|-damage|p2b: Maushold|31/100
|move|p2a: Delphox|Psychic|p1b: Buddy
|-supereffective|p1b: Buddy|1
|-damage|p1b: Buddy|0 fnt
|faint|p1b: Buddy
|
|upkeep
|
|t:|1784601006
|switch|p1b: Strawberry|Kommo-o, L50, F, shiny|100/100
|turn|6
|
|t:|1784601016
|move|p2b: Maushold|Feint|p1b: Strawberry
|-damage|p1b: Strawberry|92/100
|move|p1a: Roach|Moonblast|p2b: Maushold
|-damage|p2b: Maushold|0 fnt
|faint|p2b: Maushold
|move|p1b: Strawberry|Clanging Scales|p2a: Delphox
|-damage|p2a: Delphox|38/100
|-unboost|p1b: Strawberry|def|1
|-damage|p1b: Strawberry|82/100|[from] item: Life Orb
|move|p2a: Delphox|Psychic|p1b: Strawberry
|-supereffective|p1b: Strawberry|1
|-damage|p1b: Strawberry|0 fnt
|faint|p1b: Strawberry
|
|upkeep
|
|t:|1784601027
|switch|p1b: Viktor|Ninetales-Alola, L50, M, shiny|100/100
|switch|p2b: Sneasler|Sneasler, L50, M|56/100
|-weather|Snowscape|[from] ability: Snow Warning|[of] p1b: Viktor
|turn|7
|
|t:|1784601036
|move|p1a: Roach|Protect|p1a: Roach
|-singleturn|p1a: Roach|Protect
|move|p1b: Viktor|Protect|p1b: Viktor
|-singleturn|p1b: Viktor|Protect
|move|p2b: Sneasler|Fake Out|p1a: Roach
|-activate|p1a: Roach|move: Protect
|move|p2a: Delphox|Heat Wave|p1b: Viktor|[spread] 
|-activate|p1a: Roach|move: Protect
|-activate|p1b: Viktor|move: Protect
|
|-weather|Snowscape|[upkeep]
|upkeep
|turn|8
|
|t:|1784601053
|move|p2b: Sneasler|Quick Guard|p2b: Sneasler
|-singleturn|p2b: Sneasler|Quick Guard
|move|p1a: Roach|Moonblast|p2b: Sneasler
|-damage|p2b: Sneasler|11/100
|move|p1b: Viktor|Disable|p2a: Delphox
|-start|p2a: Delphox|Disable|Heat Wave
|cant|p2a: Delphox|Disable|Heat Wave
|
|-weather|Snowscape|[upkeep]
|-sideend|p1: 5-3 merchant|move: Tailwind
|upkeep
|turn|9
|
|t:|1784601068
|move|p1a: Roach|Tailwind|p1a: Roach
|-sidestart|p1: 5-3 merchant|move: Tailwind
|move|p1b: Viktor|Blizzard|p2b: Sneasler|[spread] p2a,p2b
|-resisted|p2a: Delphox|1
|-damage|p2a: Delphox|22/100
|-damage|p2b: Sneasler|0 fnt
|faint|p2b: Sneasler
|move|p2a: Delphox|Psychic|p1b: Viktor
|-damage|p1b: Viktor|0 fnt
|faint|p1b: Viktor
|
|-weather|Snowscape|[upkeep]
|upkeep
|turn|10
|
|t:|1784601088
|move|p1a: Roach|Moonblast|p2a: Delphox
|-resisted|p2a: Delphox|1
|-crit|p2a: Delphox
|-damage|p2a: Delphox|0 fnt
|faint|p2a: Delphox
|
|win|5-3 merchant
|raw|5-3 merchant's rating: 1291 → 1323(+32 for winning)
|raw|FRANTIST's rating: 1386 → 1361(-25 for losing)
|c|☆FRANTIST|ggwp
|c|☆5-3 merchant|ggs
|l|☆FRANTIST
|player|p2|
