|j|☆tedidn
|j|☆25thFloor
|html|tedidn25thFloor    
|uhtml|bestof|Game 3 of a best-of-3
|t:|1754068058
|gametype|doubles
|player|p1|tedidn|marshal|1204
|player|p2|25thFloor|volo|1161
|gen|9
|tier|[Gen 9] VGC 2025 Reg H (Bo3)
|rated|
|rule|Species Clause: Limit one of each Pokémon
|rule|Item Clause: Limit 1 of each item
|clearpoke
|poke|p1|Dragonite, L50, M|
|poke|p1|Rillaboom, L50, M|
|poke|p1|Sneasler, L50, F|
|poke|p1|Volcarona, L50, M|
|poke|p1|Electabuzz, L50, M|
|poke|p1|Kingambit, L50, M|
|poke|p2|Salamence, L50, F|
|poke|p2|Volcarona, L50, F|
|poke|p2|Annihilape, L50, M|
|poke|p2|Whimsicott, L50, M|
|poke|p2|Tyranitar, L50, F|
|poke|p2|Excadrill, L50, F|
|teampreview|4
|showteam|p1|Dragonite||LoadedDice|Multiscale|ScaleShot,ExtremeSpeed,Haze,Protect|||M|||50|,,,,,Fairy]Rillaboom||AssaultVest|GrassySurge|WoodHammer,GrassyGlide,FakeOut,Uturn|||M|||50|,,,,,Fire]Sneasler||FocusSash|Unburden|CloseCombat,Coaching,DireClaw,FakeOut|||F|||50|,,,,,Stellar]Volcarona||GrassySeed|FlameBody|HeatWave,QuiverDance,GigaDrain,Protect|||M|||50|,,,,,Grass]Electabuzz||Eviolite|VitalSpirit|Thunderbolt,Taunt,FollowMe,Protect|||M|||50|,,,,,Ghost]Kingambit||SafetyGoggles|Defiant|KowtowCleave,SuckerPunch,SwordsDance,Protect|||M|||50|,,,,,Dark
|showteam|p2|Salamence||LifeOrb|Intimidate|Protect,AirSlash,DracoMeteor,HeatWave|||F|||50|,,,,,Fire]Volcarona||SitrusBerry|FlameBody|FieryDance,StruggleBug,RagePowder,WillOWisp|||F|||50|,,,,,Fairy]Annihilape||SpellTag|Defiant|Protect,CloseCombat,RageFist,Taunt|||M|||50|,,,,,Water]Whimsicott||CovertCloak|Prankster|Moonblast,Tailwind,Encore,BeatUp|||M|||50|,,,,,Water]Tyranitar||AssaultVest|SandStream|RockSlide,KnockOff,LowKick,TeraBlast|||F|||50|,,,,,Flying]Excadrill||FocusSash|SandRush|Protect,HighHorsepower,IronHead,Earthquake|||F|||50|,,,,,Ground
|inactive|Battle timer is ON: inactive players will automatically lose when time's up. (requested by 25thFloor)
|inactive|tedidn has 60 seconds left.
|
|t:|1754068129
|teamsize|p1|4
|teamsize|p2|4
|start
|switch|p1a: Douglass|Dragonite, L50, M|100/100
|switch|p1b: Sinatra|Volcarona, L50, M|100/100
|switch|p2a: Annihilape|Annihilape, L50, M, shiny|100/100
|switch|p2b: Whimsicott|Whimsicott, L50, M, shiny|100/100
|turn|1
|
|t:|1754068145
|move|p2a: Annihilape|Protect|p2a: Annihilape
|-singleturn|p2a: Annihilape|Protect
|move|p2b: Whimsicott|Moonblast|p1a: Douglass
|-supereffective|p1a: Douglass
|-damage|p1a: Douglass|69/100
|move|p1b: Sinatra|Quiver Dance|p1b: Sinatra
|-boost|p1b: Sinatra|spa|1
|-boost|p1b: Sinatra|spd|1
|-boost|p1b: Sinatra|spe|1
|move|p1a: Douglass|Scale Shot|p2a: Annihilape
|-activate|p2a: Annihilape|move: Protect
|
|upkeep
|turn|2
|
|t:|1754068160
|switch|p1b: Harambe|Rillaboom, L50, M|100/100
|-fieldstart|move: Grassy Terrain|[from] ability: Grassy Surge|[of] p1b: Harambe
|-terastallize|p2b: Whimsicott|Water
|move|p2b: Whimsicott|Beat Up|p2a: Annihilape
|-damage|p2a: Annihilape|97/100
|-damage|p2a: Annihilape|95/100
|-damage|p2a: Annihilape|93/100
|-damage|p2a: Annihilape|90/100
|-hitcount|p2a: Annihilape|4
|move|p2a: Annihilape|Rage Fist|p1a: Douglass
|-damage|p1a: Douglass|0 fnt
|faint|p1a: Douglass
|
|-heal|p2a: Annihilape|96/100|[from] Grassy Terrain
|upkeep
|
|t:|1754068170
|switch|p1a: Tokugawa|Kingambit, L50, M|100/100
|turn|3
|
|t:|1754068178
|switch|p2b: Volcarona|Volcarona, L50, F, shiny|100/100
|-terastallize|p1a: Tokugawa|Dark
|move|p1b: Harambe|Grassy Glide|p2b: Volcarona
|-resisted|p2b: Volcarona
|-damage|p2b: Volcarona|90/100
|-status|p1b: Harambe|brn|[from] ability: Flame Body|[of] p2b: Volcarona
|move|p2a: Annihilape|Close Combat|p1a: Tokugawa
|-supereffective|p1a: Tokugawa
|-damage|p1a: Tokugawa|15/100
|-unboost|p2a: Annihilape|def|1
|-unboost|p2a: Annihilape|spd|1
|move|p1a: Tokugawa|Swords Dance|p1a: Tokugawa
|-boost|p1a: Tokugawa|atk|2
|
|-heal|p2a: Annihilape|100/100|[from] Grassy Terrain
|-heal|p2b: Volcarona|96/100|[from] Grassy Terrain
|-heal|p1a: Tokugawa|21/100|[from] Grassy Terrain
|-damage|p1b: Harambe|94/100 brn|[from] brn
|upkeep
|turn|4
|
|t:|1754068196
|move|p1b: Harambe|Grassy Glide|p2a: Annihilape
|-damage|p2a: Annihilape|68/100
|move|p1a: Tokugawa|Sucker Punch|p2a: Annihilape
|-damage|p2a: Annihilape|0 fnt
|faint|p2a: Annihilape
|move|p2b: Volcarona|Struggle Bug|p1b: Harambe|[spread] p1a,p1b
|-supereffective|p1a: Tokugawa
|-supereffective|p1b: Harambe
|-damage|p1a: Tokugawa|0 fnt
|-damage|p1b: Harambe|67/100 brn
|-unboost|p1b: Harambe|spa|1
|faint|p1a: Tokugawa
|
|-heal|p2b: Volcarona|100/100|[from] Grassy Terrain
|-heal|p1b: Harambe|73/100 brn|[from] Grassy Terrain
|-damage|p1b: Harambe|67/100 brn|[from] brn
|upkeep
|
|t:|1754068203
|switch|p2a: Salamence|Salamence, L50, F, shiny|100/100
|switch|p1a: Sinatra|Volcarona, L50, M|100/100
|-ability|p2a: Salamence|Intimidate|boost
|-unboost|p1a: Sinatra|atk|1
|-unboost|p1b: Harambe|atk|1
|-enditem|p1a: Sinatra|Grassy Seed
|-boost|p1a: Sinatra|def|1|[from] item: Grassy Seed
|turn|5
|inactive|tedidn has 30 seconds left.
|
|t:|1754068231
|move|p2a: Salamence|Air Slash|p1a: Sinatra
|-supereffective|p1a: Sinatra
|-damage|p1a: Sinatra|12/100
|-damage|p2a: Salamence|90/100|[from] item: Life Orb
|cant|p1a: Sinatra|flinch
|move|p2b: Volcarona|Struggle Bug|p1b: Harambe|[spread] p1a,p1b
|-resisted|p1a: Sinatra
|-supereffective|p1b: Harambe
|-damage|p1a: Sinatra|3/100
|-damage|p1b: Harambe|42/100 brn
|-unboost|p1a: Sinatra|spa|1
|-unboost|p1b: Harambe|spa|1
|move|p1b: Harambe|Wood Hammer|p2b: Volcarona
|-resisted|p2b: Volcarona
|-damage|p2b: Volcarona|94/100
|-damage|p1b: Harambe|40/100 brn|[from] Recoil
|
|-heal|p1a: Sinatra|10/100|[from] Grassy Terrain
|-heal|p2b: Volcarona|99/100|[from] Grassy Terrain
|-heal|p1b: Harambe|46/100 brn|[from] Grassy Terrain
|-damage|p1b: Harambe|40/100 brn|[from] brn
|upkeep
|turn|6
|
|t:|1754068243
|move|p2a: Salamence|Air Slash|p1b: Harambe
|-supereffective|p1b: Harambe
|-damage|p1b: Harambe|0 fnt
|faint|p1b: Harambe
|-damage|p2a: Salamence|80/100|[from] item: Life Orb
|move|p1a: Sinatra|Giga Drain|p2a: Salamence
|-resisted|p2a: Salamence
|-crit|p2a: Salamence
|-damage|p2a: Salamence|66/100
|-heal|p1a: Sinatra|16/100|[from] drain|[of] p2a: Salamence
|move|p2b: Volcarona|Struggle Bug|p1a: Sinatra
|-resisted|p1a: Sinatra
|-damage|p1a: Sinatra|6/100
|-unboost|p1a: Sinatra|spa|1
|
|-heal|p1a: Sinatra|12/100|[from] Grassy Terrain
|-heal|p2b: Volcarona|100/100|[from] Grassy Terrain
|-fieldend|move: Grassy Terrain
|upkeep
|turn|7
|inactive|tedidn has 30 seconds left.
|
|t:|1754068273
|move|p2a: Salamence|Air Slash|p1a: Sinatra
|-supereffective|p1a: Sinatra
|-damage|p1a: Sinatra|0 fnt
|faint|p1a: Sinatra
|-damage|p2a: Salamence|56/100|[from] item: Life Orb
|
|win|25thFloor
|raw|tedidn's rating: 1204 → 1176(-28 for losing)
|raw|25thFloor's rating: 1161 → 1189(+28 for winning)
