|j|☆Pingasman67
|j|☆Treit_3
|html|Pingasman67Treit_3    
|uhtml|bestof|Game 1 of a best-of-3
|t:|1783484159
|gametype|doubles
|player|p1|Pingasman67|1|1188
|player|p2|Treit_3|marshal|1212
|gen|9
|tier|[Gen 9 Champions] VGC 2026 Reg M-B (Bo3)
|rated|
|rule|Species Clause: Limit one of each Pokémon
|rule|Item Clause: Limit 1 of each item
|clearpoke
|poke|p1|Ninetales, L50, F|
|poke|p1|Pyroar, L50, M|
|poke|p1|Whimsicott, L50, F|
|poke|p1|Sylveon, L50, F|
|poke|p1|Metagross, L50|
|poke|p1|Garchomp, L50, M|
|poke|p2|Scrafty, L50, M|
|poke|p2|Blaziken, L50, M|
|poke|p2|Torterra, L50, F|
|poke|p2|Milotic, L50, F|
|poke|p2|Gholdengo, L50|
|poke|p2|Farigiraf, L50, F|
|teampreview|4
|showteam|p1|Ninetales||ChoiceScarf|Drought|WeatherBall,HeatWave,SolarBeam,FakeTears|Modest||F|||50|]Pyroar||Pyroarite|Unnerve|HeatWave,SolarBeam,Overheat,Protect|Timid||M|||50|]Whimsicott||FocusSash|Prankster|Moonblast,SunnyDay,Tailwind,Protect|Timid||F|||50|]Sylveon||FairyFeather|Pixilate|HyperBeam,HyperVoice,QuickAttack,Detect|Modest||F|||50|]Metagross||Metagrossite|ClearBody|IronHead,RockSlide,BodyPress,Protect|Jolly|||||50|]Garchomp||LifeOrb|RoughSkin|StompingTantrum,RockSlide,DragonClaw,Protect|Jolly||M|||50|
|showteam|p2|Scrafty||Scraftinite|Intimidate|FakeOut,Coaching,DrainPunch,ThroatChop|Adamant||M|||50|]Blaziken||Blazikenite|SpeedBoost|Detect,RockSlide,FlareBlitz,CloseCombat|Adamant||M|||50|]Torterra||Leftovers|ShellArmor|Protect,WideGuard,HeadlongRush,WoodHammer|Brave||F|||50|]Milotic||MysticWater|Competitive|Protect,Scald,MuddyWater,IceBeam|Modest||F|||50|]Gholdengo||LifeOrb|GoodasGold|Protect,NastyPlot,MakeItRain,ShadowBall|Modest|||||50|]Farigiraf||SitrusBerry|ArmorTail|Protect,TrickRoom,Thunderbolt,HyperVoice|Bold||F|||50|
|inactive|Battle timer is ON: inactive players will automatically lose when time's up. (requested by Treit_3)
|
|t:|1783484176
|teamsize|p1|4
|teamsize|p2|4
|start
|switch|p1a: Metagross|Metagross, L50|100/100
|switch|p1b: Sylveon|Sylveon, L50, F|100/100
|switch|p2a: Scrafty|Scrafty, L50, M|100/100
|switch|p2b: Blaziken|Blaziken, L50, M|100/100
|-ability|p2a: Scrafty|Intimidate|boost
|-fail|p1a: Metagross|unboost|[from] ability: Clear Body|[of] p1a: Metagross
|-unboost|p1b: Sylveon|atk|1
|turn|1
|inactive|Treit_3 has 30 seconds left.
|
|t:|1783484207
|detailschange|p1a: Metagross|Metagross-Mega, L50
|-mega|p1a: Metagross|Metagross|Metagrossite
|detailschange|p2b: Blaziken|Blaziken-Mega, L50, M
|-mega|p2b: Blaziken|Blaziken|Blazikenite
|move|p1a: Metagross|Body Press|p2a: Scrafty
|-supereffective|p2a: Scrafty|1
|-damage|p2a: Scrafty|36/100
|move|p2b: Blaziken|Flare Blitz|p1a: Metagross
|-supereffective|p1a: Metagross|1
|-damage|p1a: Metagross|0 fnt
|faint|p1a: Metagross
|-damage|p2b: Blaziken|67/100|[from] Recoil
|move|p1b: Sylveon|Hyper Voice|p2a: Scrafty|[spread] p2a,p2b
|-supereffective|p2a: Scrafty|2
|-damage|p2a: Scrafty|0 fnt
|-damage|p2b: Blaziken|5/100
|faint|p2a: Scrafty
|
|-ability|p2b: Blaziken|Speed Boost|boost
|-boost|p2b: Blaziken|spe|1
|upkeep
|
|t:|1783484232
|switch|p1a: Garchomp|Garchomp, L50, M|100/100
|switch|p2a: Farigiraf|Farigiraf, L50, F|100/100
|turn|2
|
|t:|1783484245
|move|p2b: Blaziken|Flare Blitz|p1b: Sylveon
|-damage|p1b: Sylveon|0 fnt
|faint|p1b: Sylveon
|-damage|p2b: Blaziken|0 fnt|[from] Recoil
|faint|p2b: Blaziken
|move|p1a: Garchomp|Rock Slide|p2a: Farigiraf
|-damage|p2a: Farigiraf|75/100
|-damage|p1a: Garchomp|90/100|[from] item: Life Orb
|cant|p2a: Farigiraf|flinch
|
|upkeep
|
|t:|1783484255
|switch|p2b: Torterra|Torterra, L50, F|100/100
|switch|p1b: Whimsicott|Whimsicott, L50, F|100/100
|turn|3
|inactive|Treit_3 has 30 seconds left.
|
|t:|1783484283
|move|p1b: Whimsicott|Moonblast|p2b: Torterra
|-damage|p2b: Torterra|65/100
|move|p1a: Garchomp|Dragon Claw|p2b: Torterra
|-damage|p2b: Torterra|20/100y
|-damage|p1a: Garchomp|80/100|[from] item: Life Orb
|move|p2b: Torterra|Wood Hammer|p1b: Whimsicott
|-resisted|p1b: Whimsicott|1
|-damage|p1b: Whimsicott|54/100
|-damage|p2b: Torterra|9/100|[from] Recoil
|move|p2a: Farigiraf|Trick Room|p2a: Farigiraf
|-fieldstart|move: Trick Room|[of] p2a: Farigiraf
|
|-heal|p2b: Torterra|15/100|[from] item: Leftovers
|upkeep
|turn|4
|
|t:|1783484302
|move|p2b: Torterra|Protect|p2b: Torterra
|-singleturn|p2b: Torterra|Protect
|move|p2a: Farigiraf|Hyper Voice|p1b: Whimsicott|[spread] p1a,p1b
|-damage|p1a: Garchomp|51/100
|-damage|p1b: Whimsicott|7/100
|move|p1a: Garchomp|Dragon Claw|p2a: Farigiraf
|-damage|p2a: Farigiraf|30/100
|-enditem|p2a: Farigiraf|Sitrus Berry|[eat]
|-heal|p2a: Farigiraf|55/100|[from] item: Sitrus Berry
|-damage|p1a: Garchomp|41/100|[from] item: Life Orb
|move|p1b: Whimsicott|Moonblast|p2a: Farigiraf
|-damage|p2a: Farigiraf|19/100
|
|-heal|p2b: Torterra|21/100|[from] item: Leftovers
|upkeep
|turn|5
|
|t:|1783484324
|move|p2b: Torterra|Wood Hammer|p1a: Garchomp
|-damage|p1a: Garchomp|0 fnt
|-damage|p2b: Torterra|9/100|[from] ability: Rough Skin|[of] p1a: Garchomp
|faint|p1a: Garchomp
|-damage|p2b: Torterra|0 fnt|[from] Recoil
|faint|p2b: Torterra
|move|p2a: Farigiraf|Hyper Voice|p1b: Whimsicott
|-damage|p1b: Whimsicott|0 fnt
|faint|p1b: Whimsicott
|
|win|Treit_3
||Treit_3 is ready for game 2.
|inactive|Pingasman67 has 30 seconds to confirm battle start!
||Pingasman67 is ready for game 2.
|uhtml|next|Next: Game 2 of 3
