|j|☆monsoonisbest
|j|☆alumno3
|html|monsoonisbestalumno3    
|uhtml|bestof|Game 2 of a best-of-3
|t:|1783092204
|gametype|doubles
|player|p1|monsoonisbest|101|1196
|player|p2|alumno3|n|1126
|gen|9
|tier|[Gen 9 Champions] VGC 2026 Reg M-B (Bo3)
|rated|
|rule|Species Clause: Limit one of each Pokémon
|rule|Item Clause: Limit 1 of each item
|clearpoke
|poke|p1|Swampert, L50, F|
|poke|p1|Pelipper, L50, M|
|poke|p1|Archaludon, L50, M|
|poke|p1|Sinistcha, L50|
|poke|p1|Kingambit, L50, F|
|poke|p1|Grimmsnarl, L50, M|
|poke|p2|Aerodactyl, L50, M|
|poke|p2|Metagross, L50|
|poke|p2|Incineroar, L50, F|
|poke|p2|Sylveon, L50, F|
|poke|p2|Garchomp, L50, F|
|poke|p2|Charizard, L50, F|
|teampreview|4
|showteam|p1|Swampert||Swampertite|Torrent|WaveCrash,Earthquake,IcePunch,Protect|Adamant||F|||50|]Pelipper||SitrusBerry|Drizzle|WeatherBall,Hurricane,WideGuard,Tailwind|Modest||M|||50|]Archaludon||Leftovers|Stamina|ElectroShot,DragonPulse,FlashCannon,Protect|Modest||M|||50|]Sinistcha||KasibBerry|Hospitality|MatchaGotcha,RagePowder,TrickRoom,Protect|Bold|||||50|]Kingambit||ChopleBerry|Defiant|KowtowCleave,SuckerPunch,LowKick,Protect|Adamant||F|||50|]Grimmsnarl||LightClay|Prankster|SpiritBreak,Reflect,LightScreen,PartingShot|Careful||M|||50|
|showteam|p2|Aerodactyl||FocusSash|Unnerve|Protect,Tailwind,RockSlide,DualWingbeat|Jolly||M|||50|]Metagross||Metagrossite|ClearBody|Protect,PsychicFangs,BodyPress,BulletPunch|Adamant|||||50|]Incineroar||SitrusBerry|Intimidate|FlareBlitz,FakeOut,PartingShot,DarkestLariat|Careful||F|||50|]Sylveon||FairyFeather|Pixilate|Detect,HyperVoice,HyperBeam,QuickAttack|Modest||F|||50|]Garchomp||LifeOrb|RoughSkin|Protect,RockSlide,Earthquake,DragonClaw|Jolly||F|||50|]Charizard||CharizarditeY|Blaze|Protect,WeatherBall,HeatWave,SolarBeam|Modest||F|||50|
|inactive|Battle timer is ON: inactive players will automatically lose when time's up. (requested by alumno3)
|inactive|alumno3 has 60 seconds left.
|
|t:|1783092255
|teamsize|p1|4
|teamsize|p2|4
|start
|switch|p1a: Kingambit|Kingambit, L50, F|100/100
|switch|p1b: Grimmsnarl|Grimmsnarl, L50, M|100/100
|switch|p2a: Aerodactyl|Aerodactyl, L50, M|100/100
|switch|p2b: Incineroar|Incineroar, L50, F|100/100
|-ability|p2a: Aerodactyl|Unnerve
|-ability|p2b: Incineroar|Intimidate|boost
|-unboost|p1a: Kingambit|atk|1
|-ability|p1a: Kingambit|Defiant|boost
|-boost|p1a: Kingambit|atk|2
|-unboost|p1b: Grimmsnarl|atk|1
|turn|1
|
|t:|1783092274
|move|p1b: Grimmsnarl|Reflect|p1b: Grimmsnarl
|-sidestart|p1: monsoonisbest|Reflect
|move|p2a: Aerodactyl|Tailwind|p2a: Aerodactyl
|-sidestart|p2: alumno3|move: Tailwind
|move|p2b: Incineroar|Flare Blitz|p1a: Kingambit
|-supereffective|p1a: Kingambit|1
|-damage|p1a: Kingambit|51/100
|-damage|p2b: Incineroar|83/100|[from] Recoil
|move|p1a: Kingambit|Low Kick|p2b: Incineroar
|-supereffective|p2b: Incineroar|1
|-damage|p2b: Incineroar|0 fnt
|faint|p2b: Incineroar
|
|upkeep
|
|t:|1783092283
|switch|p2b: Sylveon|Sylveon, L50, F|100/100
|turn|2
|
|t:|1783092301
|move|p1a: Kingambit|Protect|p1a: Kingambit
|-singleturn|p1a: Kingambit|Protect
|move|p1b: Grimmsnarl|Parting Shot|p2b: Sylveon
|-unboost|p2b: Sylveon|atk|1
|-unboost|p2b: Sylveon|spa|1
|
|t:|1783092306
|switch|p1b: Swampert|Swampert, L50, F|100/100|[from] Parting Shot
|move|p2a: Aerodactyl|Rock Slide|p1b: Swampert|[spread] p1b
|-activate|p1a: Kingambit|move: Protect
|-resisted|p1b: Swampert|1
|-damage|p1b: Swampert|91/100
|move|p2b: Sylveon|Hyper Voice|p1a: Kingambit|[spread] p1b
|-activate|p1a: Kingambit|move: Protect
|-damage|p1b: Swampert|59/100
|
|upkeep
|turn|3
|
|t:|1783092321
|move|p1b: Swampert|Protect|p1b: Swampert
|-singleturn|p1b: Swampert|Protect
|move|p1a: Kingambit|Sucker Punch|p2b: Sylveon
|-resisted|p2b: Sylveon|1
|-crit|p2b: Sylveon
|-damage|p2b: Sylveon|45/100
|move|p2a: Aerodactyl|Rock Slide|p1a: Kingambit|[spread] p1a
|-activate|p1b: Swampert|move: Protect
|-resisted|p1a: Kingambit|1
|-crit|p1a: Kingambit
|-damage|p1a: Kingambit|38/100
|move|p2b: Sylveon|Hyper Voice|p1b: Swampert|[spread] p1a
|-activate|p1b: Swampert|move: Protect
|-damage|p1a: Kingambit|10/100
|
|upkeep
|turn|4
|inactive|monsoonisbest has 30 seconds left.
|inactive|alumno3 has 30 seconds left.
|inactive|alumno3 has 20 seconds left.
|inactive|monsoonisbest has 20 seconds left.
|inactive|alumno3 has 15 seconds left.
|
|t:|1783092362
|detailschange|p1b: Swampert|Swampert-Mega, L50, F
|-mega|p1b: Swampert|Swampert|Swampertite
|move|p2b: Sylveon|Detect|p2b: Sylveon
|-singleturn|p2b: Sylveon|Protect
|move|p1a: Kingambit|Sucker Punch|p2a: Aerodactyl
|-enditem|p2a: Aerodactyl|Focus Sash
|-damage|p2a: Aerodactyl|1/100
|move|p2a: Aerodactyl|Rock Slide|p1b: Swampert|[spread] p1a,p1b
|-resisted|p1a: Kingambit|1
|-resisted|p1b: Swampert|1
|-damage|p1a: Kingambit|3/100
|-damage|p1b: Swampert|51/100
|move|p1b: Swampert|Wave Crash|p2b: Sylveon
|-activate|p2b: Sylveon|move: Protect
|
|-sideend|p2: alumno3|move: Tailwind
|upkeep
|turn|5
|
|t:|1783092381
|switch|p1a: Pelipper|Pelipper, L50, M|100/100
|-weather|RainDance|[from] ability: Drizzle|[of] p1a: Pelipper
|move|p2b: Sylveon|Quick Attack|p1a: Pelipper
|-crit|p1a: Pelipper
|-damage|p1a: Pelipper|80/100
|move|p1b: Swampert|Ice Punch|p2a: Aerodactyl
|-supereffective|p2a: Aerodactyl|1
|-damage|p2a: Aerodactyl|0 fnt
|faint|p2a: Aerodactyl
|
|-weather|RainDance|[upkeep]
|upkeep
|
|t:|1783092389
|switch|p2a: Charizard|Charizard, L50, F|100/100
|turn|6
|
|t:|1783092405
|switch|p1a: Grimmsnarl|Grimmsnarl, L50, M|100/100
|move|p1b: Swampert|Protect|p1b: Swampert
|-singleturn|p1b: Swampert|Protect
|move|p2a: Charizard|Weather Ball|p1b: Swampert
|-activate|p1b: Swampert|move: Protect
|move|p2b: Sylveon|Hyper Voice|p1a: Grimmsnarl|[spread] p1a
|-activate|p1b: Swampert|move: Protect
|-supereffective|p1a: Grimmsnarl|1
|-damage|p1a: Grimmsnarl|48/100
|
|-weather|RainDance|[upkeep]
|upkeep
|turn|7
|
|t:|1783092424
|switch|p1b: Kingambit|Kingambit, L50, F|3/100
|move|p2a: Charizard|Protect|p2a: Charizard
|-singleturn|p2a: Charizard|Protect
|move|p1a: Grimmsnarl|Light Screen|p1a: Grimmsnarl
|-sidestart|p1: monsoonisbest|move: Light Screen
|move|p2b: Sylveon|Hyper Voice|p1b: Kingambit|[spread] p1a,p1b
|-supereffective|p1a: Grimmsnarl|1
|-damage|p1a: Grimmsnarl|15/100
|-damage|p1b: Kingambit|0 fnt
|faint|p1b: Kingambit
|
|-weather|RainDance|[upkeep]
|upkeep
|
|t:|1783092432
|switch|p1b: Swampert|Swampert-Mega, L50, F|51/100
|turn|8
|inactive|alumno3 has 30 seconds left.
|inactive|alumno3 has 20 seconds left.
|
|t:|1783092469
|detailschange|p2a: Charizard|Charizard-Mega-Y, L50, F
|-mega|p2a: Charizard|Charizard|Charizardite Y
|-weather|SunnyDay|[from] ability: Drought|[of] p2a: Charizard
|move|p1a: Grimmsnarl|Parting Shot|p2a: Charizard
|-unboost|p2a: Charizard|atk|1
|-unboost|p2a: Charizard|spa|1
|
|t:|1783092475
|switch|p1a: Pelipper|Pelipper, L50, M|80/100|[from] Parting Shot
|-weather|RainDance|[from] ability: Drizzle|[of] p1a: Pelipper
|move|p1b: Swampert|Wave Crash|p2a: Charizard
|-supereffective|p2a: Charizard|1
|-damage|p2a: Charizard|0 fnt
|faint|p2a: Charizard
|-damage|p1b: Swampert|20/100y|[from] Recoil
|move|p2b: Sylveon|Hyper Voice|p1b: Swampert|[spread] p1a,p1b
|-damage|p1a: Pelipper|51/100
|-damage|p1b: Swampert|2/100
|
|-weather|RainDance|[upkeep]
|-sideend|p1: monsoonisbest|Reflect
|upkeep
|turn|9
|
|t:|1783092484
|move|p1b: Swampert|Wave Crash|p2b: Sylveon
|-damage|p2b: Sylveon|0 fnt
|faint|p2b: Sylveon
|-damage|p1b: Swampert|0 fnt|[from] Recoil
|faint|p1b: Swampert
|
|win|monsoonisbest
