|j|Ōśåshowdown finsta
|j|ŌśåLet Em Cook
|html|showdown finstaLet Em Cook    
|uhtml|bestof|Game 3 of a best-of-3
|t:|1783110644
|gametype|doubles
|player|p1|showdown finsta|rood|
|player|p2|Let Em Cook|n|
|gen|9
|tier|[Gen 9 Champions] VGC 2026 Reg M-B (Bo3)
|rule|Species Clause: Limit one of each Pok├®mon
|rule|Item Clause: Limit 1 of each item
|clearpoke
|poke|p1|Raichu, L50, M|
|poke|p1|Gholdengo, L50|
|poke|p1|Basculegion, L50, M|
|poke|p1|Whimsicott, L50, M|
|poke|p1|Incineroar, L50, M|
|poke|p1|Ninetales-Alola, L50, F|
|poke|p2|Gengar, L50, M|
|poke|p2|Incineroar, L50, F|
|poke|p2|Sinistcha, L50|
|poke|p2|Politoed, L50, F|
|poke|p2|Kingambit, L50, M|
|poke|p2|Kommo-o, L50, F|
|teampreview|4
|showteam|p1|Raichu||RaichuniteY|LightningRod|ZapCannon,FocusBlast,Protect,FakeOut|Timid||M|||50|]Gholdengo||LifeOrb|GoodasGold|MakeItRain,ShadowBall,Protect,NastyPlot|Timid|||||50|]Basculegion||MysticWater|Adaptability|LastRespects,AquaJet,WaveCrash,Protect|Jolly||M|||50|]Whimsicott||FocusSash|Prankster|Tailwind,Moonblast,Encore,Protect|Timid||M|||50|]Incineroar||SitrusBerry|Intimidate|FakeOut,PartingShot,FlareBlitz,ThroatChop|Adamant||M|||50|]Ninetales-Alola||NeverMeltIce|SnowWarning|Blizzard,Protect,FreezeDry,AuroraVeil|Timid||F|||50|
|showteam|p2|Gengar||Gengarite|CursedBody|ShadowBall,PerishSong,Disable,Protect|Bold||M|||50|]Incineroar||SitrusBerry|Intimidate|FakeOut,ThroatChop,PartingShot,Protect|Sassy||F|||50|]Sinistcha||CobaBerry|Hospitality|MatchaGotcha,RagePowder,TrickRoom,Protect|Calm|||||50|]Politoed||Leftovers|Drizzle|MuddyWater,PerishSong,Encore,Protect|Calm||F|||50|]Kingambit||ChopleBerry|Defiant|KowtowCleave,SuckerPunch,LowKick,Protect|Adamant||M|||50|]Kommo-o||DragonFang|Soundproof|AuraSphere,ClangingScales,ClangorousSoul,Protect|Modest||F|||50|
|
|t:|1783110670
|teamsize|p1|4
|teamsize|p2|4
|start
|switch|p1a: Raichu|Raichu, L50, M|100/100
|switch|p1b: Whimsicott|Whimsicott, L50, M|100/100
|switch|p2a: Kingambit|Kingambit, L50, M|100/100
|switch|p2b: Politoed|Politoed, L50, F|100/100
|-weather|RainDance|[from] ability: Drizzle|[of] p2b: Politoed
|turn|1
|
|t:|1783110685
|switch|p2b: Kommo-o|Kommo-o, L50, F|100/100
|detailschange|p1a: Raichu|Raichu-Mega-Y, L50, M
|-mega|p1a: Raichu|Raichu|Raichunite Y
|move|p1b: Whimsicott|Protect|p1b: Whimsicott
|-singleturn|p1b: Whimsicott|Protect
|move|p1a: Raichu|Focus Blast|p2a: Kingambit
|-supereffective|p2a: Kingambit|2
|-enditem|p2a: Kingambit|Chople Berry|[eat]
|-enditem|p2a: Kingambit|Chople Berry|[weaken]
|-damage|p2a: Kingambit|1/100
|move|p2a: Kingambit|Kowtow Cleave|p1a: Raichu
|-damage|p1a: Raichu|3/100
|
|-weather|RainDance|[upkeep]
|upkeep
|turn|2
|c|Ōśåshowdown finsta|omg
|c|Ōśåshowdown finsta|omg
|c|Ōśåshowdown finsta|omg
|c|Ōśåshowdown finsta|oh
|c|Ōśåshowdown finsta|ok
|
|t:|1783110721
|switch|p1a: Gholdengo|Gholdengo, L50|100/100
|switch|p2b: Gengar|Gengar, L50, M|100/100
|move|p2a: Kingambit|Protect|p2a: Kingambit
|-singleturn|p2a: Kingambit|Protect
|move|p1b: Whimsicott|Moonblast|p2b: Gengar
|-resisted|p2b: Gengar|1
|-damage|p2b: Gengar|77/100
|
|-weather|RainDance|[upkeep]
|upkeep
|turn|3
|c|ŌśåLet Em Cook|what are your stats on the raichu wth
|c|Ōśåshowdown finsta|god
|
|t:|1783110747
|switch|p2a: Politoed|Politoed, L50, F|100/100
|detailschange|p2b: Gengar|Gengar-Mega, L50, M
|-mega|p2b: Gengar|Gengar|Gengarite
|move|p1b: Whimsicott|Tailwind|p1b: Whimsicott
|-sidestart|p1: showdown finsta|move: Tailwind
|move|p1a: Gholdengo|Make It Rain|p2a: Politoed|[spread] p2a
|-miss|p1a: Gholdengo|p2b: Gengar
|-resisted|p2a: Politoed|1
|-damage|p2a: Politoed|73/100
|-unboost|p1a: Gholdengo|spa|2
|-damage|p1a: Gholdengo|90/100|[from] item: Life Orb
|move|p2b: Gengar|Shadow Ball|p1a: Gholdengo
|-supereffective|p1a: Gholdengo|1
|-damage|p1a: Gholdengo|0 fnt
|faint|p1a: Gholdengo
|
|-weather|RainDance|[upkeep]
|-heal|p2a: Politoed|80/100|[from] item: Leftovers
|upkeep
|c|Ōśåshowdown finsta|fuck i threw
|
|t:|1783110755
|switch|p1a: Raichu|Raichu-Mega-Y, L50, M|3/100
|turn|4
|
|t:|1783110790
|move|p1b: Whimsicott|Protect|p1b: Whimsicott
|-singleturn|p1b: Whimsicott|Protect
|move|p1a: Raichu|Protect|p1a: Raichu
|-singleturn|p1a: Raichu|Protect
|move|p2b: Gengar|Protect|p2b: Gengar
|-singleturn|p2b: Gengar|Protect
|move|p2a: Politoed|Muddy Water|p1b: Whimsicott|[spread] 
|-activate|p1a: Raichu|move: Protect
|-activate|p1b: Whimsicott|move: Protect
|
|-weather|RainDance|[upkeep]
|-heal|p2a: Politoed|86/100|[from] item: Leftovers
|upkeep
|turn|5
|
|t:|1783110820
|switch|p2b: Kommo-o|Kommo-o, L50, F|100/100
|move|p1a: Raichu|Zap Cannon|p2b: Kommo-o
|-resisted|p2b: Kommo-o|1
|-damage|p2b: Kommo-o|60/100
|-status|p2b: Kommo-o|par
|move|p1b: Whimsicott|Moonblast|p2b: Kommo-o
|-supereffective|p2b: Kommo-o|2
|-damage|p2b: Kommo-o|0 fnt
|faint|p2b: Kommo-o
|move|p2a: Politoed|Encore|p1a: Raichu
|-start|p1a: Raichu|Encore
|
|-weather|none
|-heal|p2a: Politoed|92/100|[from] item: Leftovers
|upkeep
|c|Ōśåshowdown finsta|read
|c|Ōśåshowdown finsta|sheeeesseh
|
|t:|1783110835
|switch|p2b: Kingambit|Kingambit, L50, M|1/100
|turn|6
|
|t:|1783110857
|switch|p1a: Basculegion|Basculegion, L50, M|100/100
|move|p2b: Kingambit|Sucker Punch||[still]
|-fail|p2b: Kingambit
|move|p1b: Whimsicott|Moonblast|p2b: Kingambit
|-crit|p2b: Kingambit
|-damage|p2b: Kingambit|0 fnt
|faint|p2b: Kingambit
|move|p2a: Politoed|Encore|p1b: Whimsicott
|-start|p1b: Whimsicott|Encore
|
|-heal|p2a: Politoed|98/100|[from] item: Leftovers
|-sideend|p1: showdown finsta|move: Tailwind
|upkeep
|
|t:|1783110861
|switch|p2b: Gengar|Gengar-Mega, L50, M|77/100
|turn|7
|
|t:|1783110891
|move|p2b: Gengar|Protect|p2b: Gengar
|-singleturn|p2b: Gengar|Protect
|move|p1a: Basculegion|Protect|p1a: Basculegion
|-singleturn|p1a: Basculegion|Protect
|move|p2a: Politoed|Protect|p2a: Politoed
|-singleturn|p2a: Politoed|Protect
|move|p1b: Whimsicott|Moonblast|p2b: Gengar
|-activate|p2b: Gengar|move: Protect
|
|-heal|p2a: Politoed|100/100|[from] item: Leftovers
|upkeep
|turn|8
|c|Ōśåshowdown finsta|im scared
|
|t:|1783110908
|move|p1b: Whimsicott|Moonblast|p2a: Politoed
|-damage|p2a: Politoed|71/100
|move|p2b: Gengar|Shadow Ball|p1a: Basculegion
|-supereffective|p1a: Basculegion|1
|-damage|p1a: Basculegion|5/100
|move|p1a: Basculegion|Last Respects|p2b: Gengar
|-supereffective|p2b: Gengar|1
|-damage|p2b: Gengar|0 fnt
|faint|p2b: Gengar
|move|p2a: Politoed|Muddy Water|p1a: Basculegion|[spread] p1a,p1b
|-resisted|p1a: Basculegion|1
|-resisted|p1b: Whimsicott|1
|-damage|p1a: Basculegion|0 fnt
|-damage|p1b: Whimsicott|81/100
|faint|p1a: Basculegion
|
|-heal|p2a: Politoed|78/100|[from] item: Leftovers
|upkeep
|c|Ōśåshowdown finsta|w aura
|c|ŌśåLet Em Cook|bro
|
|t:|1783110920
|switch|p1a: Raichu|Raichu-Mega-Y, L50, M|3/100
|turn|9
|c|ŌśåLet Em Cook|I had a 62% chance
|c|Ōśåshowdown finsta|it hought that would kill
|-message|Let Em Cook forfeited.
|
|win|showdown finsta
|l|ŌśåLet Em Cook
|player|p2|
|c|Ōśåshowdown finsta|wolw actually
