|j|☆Ozwald McFly
|j|☆FenneccyFoxMV
|html|Ozwald McFlyFenneccyFoxMV    
|uhtml|bestof|Game 2 of a best-of-3
|t:|1783039411
|gametype|doubles
|player|p1|Ozwald McFly|169|
|player|p2|FenneccyFoxMV|265|
|gen|9
|tier|[Gen 9 Champions] VGC 2026 Reg M-B (Bo3)
|rule|Species Clause: Limit one of each Pokémon
|rule|Item Clause: Limit 1 of each item
|clearpoke
|poke|p1|Grimmsnarl, L50, M|
|poke|p1|Swampert, L50, M|
|poke|p1|Pelipper, L50, M|
|poke|p1|Archaludon, L50, M|
|poke|p1|Sinistcha, L50|
|poke|p1|Metagross, L50|
|poke|p2|Morpeko, L50, F|
|poke|p2|Tinkaton, L50, F|
|poke|p2|Vanilluxe, L50, M|
|poke|p2|Delphox, L50, F|
|poke|p2|Primarina, L50, M|
|poke|p2|Tsareena, L50, F|
|teampreview|4
|showteam|p1|Grimmsnarl||LightClay|Prankster|FoulPlay,PartingShot,Reflect,LightScreen|Calm||M|||50|]Swampert||Swampertite|Damp|WaveCrash,Earthquake,IcePunch,Protect|Adamant||M|||50|]Pelipper||SitrusBerry|Drizzle|Hurricane,WeatherBall,Tailwind,WideGuard|Modest||M|||50|]Archaludon||Leftovers|Stamina|ElectroShot,DragonPulse,FlashCannon,Protect|Modest||M|||50|]Sinistcha||CobaBerry|Hospitality|MatchaGotcha,RagePowder,TrickRoom,Protect|Relaxed|||||50|]Metagross||Metagrossite|ClearBody|IronHead,PsychicFangs,BodyPress,Protect|Jolly|||||50|
|showteam|p2|Morpeko||FocusSash|HungerSwitch|FakeOut,KnockOff,AuraWheel,Protect|Jolly||F|||50|]Tinkaton||OccaBerry|MoldBreaker|GigatonHammer,FakeOut,Encore,Feint|Jolly||F|||50|]Vanilluxe||ChoiceScarf|SnowWarning|Blizzard,FreezeDry,IcyWind,IceShard|Timid||M|||50|]Delphox||Delphoxite|Blaze|HeatWave,Psychic,NastyPlot,Protect|Timid||F|||50|]Primarina||Leftovers|LiquidVoice|HyperVoice,CalmMind,Moonblast,Protect|Modest||M|||50|]Tsareena||WideLens|QueenlyMajesty|Taunt,PowerWhip,HighJumpKick,Protect|Adamant||F|||50|
|
|t:|1783039517
|teamsize|p1|4
|teamsize|p2|4
|start
|switch|p1a: Grimmsnarl|Grimmsnarl, L50, M|100/100
|switch|p1b: Swampert|Swampert, L50, M|100/100
|switch|p2a: Morpeko|Morpeko, L50, F|100/100
|switch|p2b: Vanilluxe|Vanilluxe, L50, M|100/100
|-weather|Snowscape|[from] ability: Snow Warning|[of] p2b: Vanilluxe
|turn|1
|
|t:|1783039567
|move|p1b: Swampert|Protect|p1b: Swampert
|-singleturn|p1b: Swampert|Protect
|move|p1a: Grimmsnarl|Light Screen|p1a: Grimmsnarl
|-sidestart|p1: Ozwald McFly|move: Light Screen
|move|p2b: Vanilluxe|Blizzard|p1a: Grimmsnarl|[spread] p1a
|-activate|p1b: Swampert|move: Protect
|-damage|p1a: Grimmsnarl|82/100
|move|p2a: Morpeko|Aura Wheel|p1a: Grimmsnarl
|-damage|p1a: Grimmsnarl|31/100
|-boost|p2a: Morpeko|spe|1
|
|-weather|Snowscape|[upkeep]
|-formechange|p2a: Morpeko|Morpeko-Hangry|
|upkeep
|turn|2
|
|t:|1783039732
|switch|p1a: Pelipper|Pelipper, L50, M|100/100
|-weather|RainDance|[from] ability: Drizzle|[of] p1a: Pelipper
|detailschange|p1b: Swampert|Swampert-Mega, L50, M
|-mega|p1b: Swampert|Swampert|Swampertite
|move|p2a: Morpeko|Knock Off|p1a: Pelipper
|-damage|p1a: Pelipper|58/100
|-enditem|p1a: Pelipper|Sitrus Berry|[from] move: Knock Off|[of] p2a: Morpeko
|move|p1b: Swampert|Wave Crash|p2b: Vanilluxe
|-damage|p2b: Vanilluxe|0 fnt
|faint|p2b: Vanilluxe
|-damage|p1b: Swampert|70/100|[from] Recoil
|
|-weather|RainDance|[upkeep]
|-formechange|p2a: Morpeko|Morpeko|
|upkeep
|
|t:|1783039755
|switch|p2b: Tinkaton|Tinkaton, L50, F|100/100
|-ability|p2b: Tinkaton|Mold Breaker
|turn|3
|
|t:|1783039785
|switch|p1a: Grimmsnarl|Grimmsnarl, L50, M|31/100
|move|p1b: Swampert|Protect|p1b: Swampert
|-singleturn|p1b: Swampert|Protect
|move|p2b: Tinkaton|Fake Out|p1b: Swampert
|-activate|p1b: Swampert|move: Protect
|move|p2a: Morpeko|Aura Wheel|p1a: Grimmsnarl
|-damage|p1a: Grimmsnarl|0 fnt
|-boost|p2a: Morpeko|spe|1
|faint|p1a: Grimmsnarl
|
|-weather|RainDance|[upkeep]
|-formechange|p2a: Morpeko|Morpeko-Hangry|
|upkeep
|
|t:|1783039795
|switch|p1a: Archaludon|Archaludon, L50, M|100/100
|turn|4
|
|t:|1783039899
|move|p1a: Archaludon|Protect|p1a: Archaludon
|-singleturn|p1a: Archaludon|Protect
|move|p2a: Morpeko|Knock Off|p1a: Archaludon
|-activate|p1a: Archaludon|move: Protect
|move|p1b: Swampert|Earthquake|p2a: Morpeko|[spread] p2a,p2b
|-activate|p1a: Archaludon|move: Protect
|-supereffective|p2a: Morpeko|1
|-supereffective|p2b: Tinkaton|1
|-enditem|p2a: Morpeko|Focus Sash
|-damage|p2a: Morpeko|1/100
|-damage|p2b: Tinkaton|0 fnt
|faint|p2b: Tinkaton
|
|-weather|RainDance|[upkeep]
|-formechange|p2a: Morpeko|Morpeko|
|upkeep
|
|t:|1783039912
|switch|p2b: Delphox|Delphox, L50, F|100/100
|turn|5
|
|t:|1783039936
|detailschange|p2b: Delphox|Delphox-Mega, L50, F
|-mega|p2b: Delphox|Delphox|Delphoxite
|move|p2a: Morpeko|Knock Off|p1a: Archaludon
|-damage|p1a: Archaludon|68/100
|-ability|p1a: Archaludon|Stamina|boost
|-boost|p1a: Archaludon|def|1
|-enditem|p1a: Archaludon|Leftovers|[from] move: Knock Off|[of] p2a: Morpeko
|move|p1b: Swampert|Wave Crash|p2b: Delphox
|-supereffective|p2b: Delphox|1
|-damage|p2b: Delphox|0 fnt
|faint|p2b: Delphox
|-damage|p1b: Swampert|43/100|[from] Recoil
|move|p1a: Archaludon|Dragon Pulse|p2a: Morpeko
|-damage|p2a: Morpeko|0 fnt
|faint|p2a: Morpeko
|
|win|Ozwald McFly
