|j|☆porygon77
|j|☆Kampfstube
|html|porygon77Kampfstube    
|uhtml|bestof|Game 2 of a best-of-3
|t:|1756619086
|gametype|doubles
|player|p1|porygon77|cynthia|1000
|player|p2|Kampfstube|n|1081
|gen|9
|tier|[Gen 9] VGC 2025 Reg H (Bo3)
|rated|
|rule|Species Clause: Limit one of each Pokémon
|rule|Item Clause: Limit 1 of each item
|clearpoke
|poke|p1|Weezing-Galar, L50, M|
|poke|p1|Toedscruel, L50, M|
|poke|p1|Corviknight, L50, M|
|poke|p1|Garchomp, L50, M|
|poke|p1|Palafin, L50, M|
|poke|p1|Pawmot, L50, M|
|poke|p2|Grimmsnarl, L50, M|
|poke|p2|Volcarona, L50, F|
|poke|p2|Annihilape, L50, M|
|poke|p2|Ursaluna-Bloodmoon, L50, M|
|poke|p2|Dragonite, L50, M|
|poke|p2|Maushold, L50|
|teampreview|4
|showteam|p1|Weezing-Galar||ChoiceSpecs|NeutralizingGas|DazzlingGleam,SludgeBomb,StrangeSteam,Flamethrower|||M|||50|,,,,,Fire]Toedscruel||CovertCloak|MyceliumMight|Spore,RagePowder,AcidSpray,EarthPower|||M|||50|,,,,,Water]Corviknight||SitrusBerry|MirrorArmor|BraveBird,Roost,Tailwind,Protect|||M|||50|,,,,,Dragon]Garchomp||LifeOrb|RoughSkin|StompingTantrum,Earthquake,DragonClaw,Protect|||M|||50|,,,,,Ground]Palafin||ChoiceScarf|ZerotoHero|WaveCrash,JetPunch,FlipTurn,SleepTalk|||M|||50|,,,,,Water]Pawmot||FocusSash|VoltAbsorb|FakeOut,DoubleShock,CloseCombat,Protect|||M|||50|,,,,,Electric
|showteam|p2|Grimmsnarl||CovertCloak|Prankster|SpiritBreak,LightScreen,Reflect,ThunderWave|||M|||50|,,,,,Steel]Volcarona||Leftovers|FlameBody|GigaDrain,QuiverDance,HeatWave,Protect|||F|||50|,,,,,Grass]Annihilape||SafetyGoggles|Defiant|BulkUp,DrainPunch,Protect,RageFist|||M|||50|,,,,,Fire]Ursaluna-Bloodmoon||AssaultVest|MindsEye|EarthPower,BloodMoon,HyperVoice,VacuumWave|||M|||50|,,,,,Water]Dragonite||LoadedDice|Multiscale|ScaleShot,ExtremeSpeed,Protect,Haze|||M|||50|,,,,,Fairy]Maushold||WideLens|FriendGuard|PopulationBomb,BeatUp,Protect,FollowMe||||||50|,,,,,Ghost
|inactive|Battle timer is ON: inactive players will automatically lose when time's up. (requested by Kampfstube)
|inactive|porygon77 has 60 seconds left.
|inactive|Kampfstube has 60 seconds left.
|
|t:|1756619124
|teamsize|p1|4
|teamsize|p2|4
|start
|switch|p1a: Pawmot|Pawmot, L50, M, shiny|100/100
|switch|p1b: Palafin|Palafin, L50, M, shiny|100/100
|switch|p2a: Grimmsnarl|Grimmsnarl, L50, M|100/100
|switch|p2b: Volcarona|Volcarona, L50, F, shiny|100/100
|turn|1
|inactive|Kampfstube has 30 seconds left.
|
|t:|1756619150
|-terastallize|p2b: Volcarona|Grass
|move|p2a: Grimmsnarl|Reflect|p2a: Grimmsnarl
|-sidestart|p2: Kampfstube|Reflect
|move|p1b: Palafin|Flip Turn|p2b: Volcarona
|-resisted|p2b: Volcarona
|-damage|p2b: Volcarona|94/100
|
|t:|1756619158
|detailschange|p1b: Palafin|Palafin-Hero, L50, M, shiny
|switch|p1b: Garchomp|Garchomp, L50, M|100/100|[from] Flip Turn
|move|p1a: Pawmot|Close Combat|p2a: Grimmsnarl
|-damage|p2a: Grimmsnarl|64/100
|-unboost|p1a: Pawmot|def|1
|-unboost|p1a: Pawmot|spd|1
|move|p2b: Volcarona|Quiver Dance|p2b: Volcarona
|-boost|p2b: Volcarona|spa|1
|-boost|p2b: Volcarona|spd|1
|-boost|p2b: Volcarona|spe|1
|
|-heal|p2b: Volcarona|99/100|[from] item: Leftovers
|upkeep
|turn|2
|inactive|porygon77 has 30 seconds left.
|inactive|porygon77 has 20 seconds left.
|inactive|porygon77 has 15 seconds left.
|inactive|porygon77 has 10 seconds left.
|
|t:|1756619204
|move|p1b: Garchomp|Protect|p1b: Garchomp
|-singleturn|p1b: Garchomp|Protect
|move|p2a: Grimmsnarl|Light Screen|p2a: Grimmsnarl
|-sidestart|p2: Kampfstube|move: Light Screen
|move|p2b: Volcarona|Quiver Dance|p2b: Volcarona
|-boost|p2b: Volcarona|spa|1
|-boost|p2b: Volcarona|spd|1
|-boost|p2b: Volcarona|spe|1
|move|p1a: Pawmot|Close Combat|p2b: Volcarona
|-damage|p2b: Volcarona|61/100
|-unboost|p1a: Pawmot|def|1
|-unboost|p1a: Pawmot|spd|1
|
|-heal|p2b: Volcarona|67/100|[from] item: Leftovers
|upkeep
|turn|3
|
|t:|1756619224
|switch|p1a: ermmm idk|Corviknight, L50, M|100/100
|move|p2b: Volcarona|Giga Drain|p1b: Garchomp
|-damage|p1b: Garchomp|28/100
|-heal|p2b: Volcarona|100/100|[from] drain|[of] p1b: Garchomp
|move|p1b: Garchomp|Earthquake|p2a: Grimmsnarl|[spread] p2a,p2b
|-immune|p1a: ermmm idk
|-resisted|p2b: Volcarona
|-damage|p2a: Grimmsnarl|30/100
|-damage|p2b: Volcarona|85/100
|-damage|p1b: Garchomp|18/100|[from] item: Life Orb
|move|p2a: Grimmsnarl|Spirit Break|p1b: Garchomp
|-supereffective|p1b: Garchomp
|-damage|p1b: Garchomp|0 fnt
|-damage|p2a: Grimmsnarl|17/100|[from] ability: Rough Skin|[of] p1b: Garchomp
|faint|p1b: Garchomp
|
|-heal|p2b: Volcarona|92/100|[from] item: Leftovers
|upkeep
|
|t:|1756619237
|switch|p1b: Palafin|Palafin-Hero, L50, M, shiny|100/100
|-activate|p1b: Palafin|ability: Zero to Hero
|turn|4
|inactive|porygon77 has 30 seconds left.
|inactive|porygon77 has 20 seconds left.
|
|t:|1756619275
|-terastallize|p1a: ermmm idk|Dragon
|move|p1b: Palafin|Jet Punch|p2a: Grimmsnarl
|-damage|p2a: Grimmsnarl|0 fnt
|faint|p2a: Grimmsnarl
|move|p2b: Volcarona|Giga Drain|p1b: Palafin
|-supereffective|p1b: Palafin
|-damage|p1b: Palafin|0 fnt
|-heal|p2b: Volcarona|100/100|[from] drain|[of] p1b: Palafin
|faint|p1b: Palafin
|move|p1a: ermmm idk|Tailwind|p1a: ermmm idk
|-sidestart|p1: porygon77|move: Tailwind
|
|upkeep
|
|t:|1756619289
|switch|p1b: Pawmot|Pawmot, L50, M, shiny|100/100
|switch|p2a: Annihilape|Annihilape, L50, M|100/100
|turn|5
|
|t:|1756619305
|move|p2b: Volcarona|Protect|p2b: Volcarona
|-singleturn|p2b: Volcarona|Protect
|move|p1b: Pawmot|Fake Out|p2b: Volcarona
|-activate|p2b: Volcarona|move: Protect
|move|p1a: ermmm idk|Brave Bird|p2b: Volcarona
|-activate|p2b: Volcarona|move: Protect
|move|p2a: Annihilape|Drain Punch|p1b: Pawmot
|-damage|p1b: Pawmot|42/100
|
|-sideend|p2: Kampfstube|Reflect
|upkeep
|turn|6
|
|t:|1756619322
|move|p1b: Pawmot|Close Combat|p2b: Volcarona
|-damage|p2b: Volcarona|46/100
|-unboost|p1b: Pawmot|def|1
|-unboost|p1b: Pawmot|spd|1
|-status|p1b: Pawmot|brn|[from] ability: Flame Body|[of] p2b: Volcarona
|move|p2b: Volcarona|Heat Wave|p1b: Pawmot|[spread] p1a,p1b
|-resisted|p1a: ermmm idk
|-damage|p1a: ermmm idk|72/100
|-damage|p1b: Pawmot|0 fnt
|faint|p1b: Pawmot
|move|p1a: ermmm idk|Brave Bird|p2b: Volcarona
|-supereffective|p2b: Volcarona
|-damage|p2b: Volcarona|0 fnt
|faint|p2b: Volcarona
|-damage|p1a: ermmm idk|58/100|[from] Recoil
|move|p2a: Annihilape|Bulk Up|p2a: Annihilape
|-boost|p2a: Annihilape|atk|1
|-boost|p2a: Annihilape|def|1
|
|-sideend|p2: Kampfstube|move: Light Screen
|upkeep
|
|t:|1756619336
|switch|p2b: Dragonite|Dragonite, L50, M|100/100
|turn|7
|
|t:|1756619351
|move|p1a: ermmm idk|Roost|p1a: ermmm idk
|-heal|p1a: ermmm idk|100/100
|move|p2b: Dragonite|Scale Shot|p1a: ermmm idk
|-supereffective|p1a: ermmm idk
|-crit|p1a: ermmm idk
|-damage|p1a: ermmm idk|67/100
|-supereffective|p1a: ermmm idk
|-damage|p1a: ermmm idk|46/100
|-enditem|p1a: ermmm idk|Sitrus Berry|[eat]
|-heal|p1a: ermmm idk|71/100|[from] item: Sitrus Berry
|-supereffective|p1a: ermmm idk
|-damage|p1a: ermmm idk|46/100
|-supereffective|p1a: ermmm idk
|-damage|p1a: ermmm idk|23/100
|-hitcount|p1a: ermmm idk|4
|-unboost|p2b: Dragonite|def|1
|-boost|p2b: Dragonite|spe|1
|move|p2a: Annihilape|Rage Fist|p1a: ermmm idk
|-damage|p1a: ermmm idk|0 fnt
|faint|p1a: ermmm idk
|
|win|Kampfstube
