|j|☆QuickClawExplosion
|j|☆ropplebees
|html|QuickClawExplosionropplebees    
|uhtml|bestof|Game 2 of a best-of-3
|t:|1782524100
|gametype|doubles
|player|p1|QuickClawExplosion|rei|
|player|p2|ropplebees|n|
|gen|9
|tier|[Gen 9 Champions] VGC 2026 Reg M-B (Bo3)
|rule|Species Clause: Limit one of each Pokémon
|rule|Item Clause: Limit 1 of each item
|clearpoke
|poke|p1|Floette-Eternal, L50, F|
|poke|p1|Medicham, L50, F, shiny|
|poke|p1|Excadrill, L50, F|
|poke|p1|Tyranitar, L50, M, shiny|
|poke|p1|Espathra, L50, M, shiny|
|poke|p1|Dragapult, L50, M|
|poke|p2|Charizard, L50, M, shiny|
|poke|p2|Aggron, L50, M, shiny|
|poke|p2|Garchomp, L50, M, shiny|
|poke|p2|Krookodile, L50, F, shiny|
|poke|p2|Aerodactyl, L50, M, shiny|
|poke|p2|Skeledirge, L50, F, shiny|
|teampreview|4
|showteam|p1|Floette-Eternal||Floettite|FlowerVeil|DazzlingGleam,Moonblast,Protect,Psychic|Timid||F|||50|]Medicham||CobaBerry|PurePower|FakeOut,CloseCombat,Coaching,Protect|Jolly||F|||50|]Excadrill||FocusSash|SandRush|SwordsDance,HighHorsepower,RockSlide,Protect|Adamant||F|||50|]Tyranitar||ChoiceScarf|SandStream|RockSlide,KnockOff,IcePunch,HighHorsepower|Jolly||M|||50|]Espathra||SitrusBerry|SpeedBoost|Protect,LuminaCrash,FeatherDance,HelpingHand|Timid||M|||50|]Dragapult||WhiteHerb|ClearBody|DracoMeteor,Protect,Flamethrower,PhantomForce|Hasty||M|||50|
|showteam|p2|Charizard||CharizarditeY|Blaze|HeatWave,DragonPulse,SolarBeam,Protect|Modest||M|||50|]Aggron||Aggronite|Sturdy|BodyPress,HighHorsepower,HeavySlam,Protect|Careful||M|||50|]Garchomp||LifeOrb|SandVeil|StompingTantrum,DragonClaw,PoisonJab,Protect|Jolly||M|||50|]Krookodile||ExpertBelt|Intimidate|KnockOff,HighHorsepower,GunkShot,Protect|Jolly||F|||50|]Aerodactyl||FocusSash|Unnerve|WideGuard,Tailwind,RockSlide,Crunch|Jolly||M|||50|]Skeledirge||SitrusBerry|Unaware|Protect,EarthPower,ShadowBall,TorchSong|Modest||F|||50|
|j| P3VX
|j| mundie mudsnapper
|j| Lunaralpacas
|c| Lunaralpacas|Round 2
|
|t:|1782524400
|teamsize|p1|4
|teamsize|p2|4
|start
|switch|p1a: Zamazenta Crowned|Medicham, L50, F, shiny|100/100
|switch|p1b: LittleGuyLauncher|Dragapult, L50, M|100/100
|switch|p2a: The Rizzler|Aerodactyl, L50, M, shiny|100/100
|switch|p2b: Big Justice|Garchomp, L50, M, shiny|100/100
|-ability|p2a: The Rizzler|Unnerve
|turn|1
|j| Moose32
|
|t:|1782524759
|move|p2b: Big Justice|Protect|p2b: Big Justice
|-singleturn|p2b: Big Justice|Protect
|move|p1a: Zamazenta Crowned|Fake Out|p2a: The Rizzler
|-resisted|p2a: The Rizzler|1
|-damage|p2a: The Rizzler|85/100
|move|p1b: LittleGuyLauncher|Draco Meteor|p2b: Big Justice
|-activate|p2b: Big Justice|move: Protect
|cant|p2a: The Rizzler|flinch
|
|upkeep
|turn|2
|
|t:|1782524982
|move|p2b: Big Justice|Protect||[still]
|-fail|p2b: Big Justice
|move|p1b: LittleGuyLauncher|Draco Meteor|p2b: Big Justice|[miss]
|-miss|p1b: LittleGuyLauncher|p2b: Big Justice
|move|p2a: The Rizzler|Tailwind|p2a: The Rizzler
|-sidestart|p2: ropplebees|move: Tailwind
|move|p1a: Zamazenta Crowned|Close Combat|p2a: The Rizzler
|-damage|p2a: The Rizzler|0 fnt
|-unboost|p1a: Zamazenta Crowned|def|1
|-unboost|p1a: Zamazenta Crowned|spd|1
|faint|p2a: The Rizzler
|
|upkeep
|
|t:|1782525142
|switch|p2a: AJ|Charizard, L50, M, shiny|100/100
|turn|3
|
|t:|1782525275
|switch|p1b: big pink beam|Floette-Eternal, L50, F|100/100
|detailschange|p2a: AJ|Charizard-Mega-Y, L50, M, shiny
|-mega|p2a: AJ|Charizard|Charizardite Y
|-weather|SunnyDay|[from] ability: Drought|[of] p2a: AJ
|move|p2b: Big Justice|Dragon Claw|p1b: big pink beam
|-immune|p1b: big pink beam
|move|p2a: AJ|Heat Wave|p1a: Zamazenta Crowned|[spread] p1a,p1b
|-damage|p1a: Zamazenta Crowned|0 fnt
|-damage|p1b: big pink beam|30/100
|faint|p1a: Zamazenta Crowned
|
|-weather|SunnyDay|[upkeep]
|upkeep
|
|t:|1782525299
|switch|p1a: Chocoball|Espathra, L50, M, shiny|100/100
|turn|4
|
|t:|1782525414
|detailschange|p1b: big pink beam|Floette-Mega, L50, F
|-mega|p1b: big pink beam|Floette|Floettite
|-ability|p1b: big pink beam|Fairy Aura
|move|p1b: big pink beam|Protect|p1b: big pink beam
|-singleturn|p1b: big pink beam|Protect
|move|p2b: Big Justice|Stomping Tantrum|p1a: Chocoball
|-crit|p1a: Chocoball
|-damage|p1a: Chocoball|0 fnt
|faint|p1a: Chocoball
|-damage|p2b: Big Justice|90/100|[from] item: Life Orb
|move|p2a: AJ|Heat Wave|p1b: big pink beam
|-activate|p1b: big pink beam|move: Protect
|
|-weather|SunnyDay|[upkeep]
|upkeep
|c|☆QuickClawExplosion|ow
|
|t:|1782525427
|switch|p1a: LittleGuyLauncher|Dragapult, L50, M|100/100
|turn|5
|c|☆ropplebees|goddamn
|
|t:|1782525470
|move|p1a: LittleGuyLauncher|Protect|p1a: LittleGuyLauncher
|-singleturn|p1a: LittleGuyLauncher|Protect
|move|p1b: big pink beam|Protect||[still]
|-fail|p1b: big pink beam
|move|p2b: Big Justice|Dragon Claw|p1a: LittleGuyLauncher
|-activate|p1a: LittleGuyLauncher|move: Protect
|move|p2a: AJ|Heat Wave|p1a: LittleGuyLauncher|[spread] p1b
|-activate|p1a: LittleGuyLauncher|move: Protect
|-damage|p1b: big pink beam|0 fnt
|faint|p1b: big pink beam
|
|-weather|SunnyDay|[upkeep]
|-sideend|p2: ropplebees|move: Tailwind
|upkeep
|turn|6
|
|t:|1782525575
|move|p1a: LittleGuyLauncher|Draco Meteor|p2b: Big Justice
|-supereffective|p2b: Big Justice|1
|-damage|p2b: Big Justice|0 fnt
|-unboost|p1a: LittleGuyLauncher|spa|2
|faint|p2b: Big Justice
|-enditem|p1a: LittleGuyLauncher|White Herb
|-clearnegativeboost|p1a: LittleGuyLauncher|[silent]
|move|p2a: AJ|Dragon Pulse|p1a: LittleGuyLauncher
|-supereffective|p1a: LittleGuyLauncher|1
|-damage|p1a: LittleGuyLauncher|1/100
|
|-weather|SunnyDay|[upkeep]
|upkeep
|
|t:|1782525588
|switch|p2b: MotherofBigJustice|Krookodile, L50, F, shiny|100/100
|-ability|p2b: MotherofBigJustice|Intimidate|boost
|-fail|p1a: LittleGuyLauncher|unboost|[from] ability: Clear Body|[of] p1a: LittleGuyLauncher
|turn|7
|
|t:|1782525616
|move|p1a: LittleGuyLauncher|Phantom Force||[still]
|-prepare|p1a: LittleGuyLauncher|Phantom Force
|move|p2b: MotherofBigJustice|Knock Off|p1a: LittleGuyLauncher|[miss]
|-miss|p2b: MotherofBigJustice|p1a: LittleGuyLauncher
|move|p2a: AJ|Dragon Pulse|p1a: LittleGuyLauncher|[miss]
|-miss|p2a: AJ|p1a: LittleGuyLauncher
|
|-weather|none
|upkeep
|turn|8
|
|t:|1782525627
|move|p1a: LittleGuyLauncher|Phantom Force|p2a: AJ|[from] lockedmove
|-damage|p2a: AJ|42/100
|move|p2b: MotherofBigJustice|Knock Off|p1a: LittleGuyLauncher
|-supereffective|p1a: LittleGuyLauncher|1
|-damage|p1a: LittleGuyLauncher|0 fnt
|faint|p1a: LittleGuyLauncher
|
|win|ropplebees
|c|☆QuickClawExplosion|gg
|c|☆ropplebees|ggs!
