|j|‽Malgooee
|j|☆a wonder year
|html|Malgooeea wonder year    
|uhtml|bestof|Game 2 of a best-of-3
|t:|1756996237
|gametype|doubles
|player|p1|Malgooee|169|1028
|player|p2|a wonder year|miku-fairy|1000
|gen|9
|tier|[Gen 9] VGC 2025 Reg H (Bo3)
|rated|
|rule|Species Clause: Limit one of each Pokémon
|rule|Item Clause: Limit 1 of each item
|clearpoke
|poke|p1|Gothitelle, L50, M|
|poke|p1|Archaludon, L50, M|
|poke|p1|Amoonguss, L50, M|
|poke|p1|Politoed, L50, M|
|poke|p1|Rillaboom, L50, M|
|poke|p1|Kingdra, L50, M|
|poke|p2|Annihilape, L50, M|
|poke|p2|Sinistcha, L50|
|poke|p2|Maushold-Four, L50|
|poke|p2|Klefki, L50, F|
|poke|p2|Ursaluna-Bloodmoon, L50, M|
|poke|p2|Ninetales-Alola, L50, F|
|teampreview|4
|showteam|p1|Gothitelle||Leftovers|ShadowTag|TrickRoom,FakeOut,Protect,Taunt|||M|||50|,,,,,Grass]Archaludon||AssaultVest|Stamina|BodyPress,DracoMeteor,ElectroShot,Snarl|||M|||50|,,,,,Electric]Amoonguss||RockyHelmet|Regenerator|Spore,Protect,RagePowder,SludgeBomb|||M|||50|,,,,,Dark]Politoed||SitrusBerry|Drizzle|PerishSong,Protect,Encore,WeatherBall|||M|||50|,,,,,Grass]Rillaboom||ClearAmulet|GrassySurge|Protect,FakeOut,SwordsDance,WoodHammer|||M|||50|,,,,,Fire]Kingdra||LifeOrb|SwiftSwim|Disable,Protect,DracoMeteor,WeatherBall|||M|||50|,,,,,Grass
|showteam|p2|Annihilape||Leftovers|Defiant|RageFist,DrainPunch,BulkUp,Protect|||M|||50|,,,,,Fire]Sinistcha||SitrusBerry|Hospitality|MatchaGotcha,RagePowder,StrengthSap,LifeDew||||||50|,,,,,Dark]Maushold-Four||SafetyGoggles|FriendGuard|FollowMe,BeatUp,Taunt,HelpingHand||||||50|,,,,,Ghost]Klefki||LightClay|Prankster|DazzlingGleam,Reflect,LightScreen,MistyTerrain|||F|||50|,,,,,Ghost]Ursaluna-Bloodmoon||AssaultVest|MindsEye|EarthPower,BloodMoon,HyperVoice,VacuumWave|||M|||50|,,,,,Normal]Ninetales-Alola||FocusSash|SnowWarning|Blizzard,FreezeDry,Encore,Protect|||F|||50|,,,,,Ghost
|inactive|Battle timer is ON: inactive players will automatically lose when time's up. (requested by Malgooee)
|
|t:|1756996266
|teamsize|p1|4
|teamsize|p2|4
|start
|switch|p1a: Politoed|Politoed, L50, M|100/100
|switch|p1b: Archaludon|Archaludon, L50, M|100/100
|switch|p2a: 40 Hour Ride Home|Annihilape, L50, M|100/100
|switch|p2b: JesusChristI’m26|Klefki, L50, F|100/100
|-weather|RainDance|[from] ability: Drizzle|[of] p1a: Politoed
|turn|1
|
|t:|1756996288
|-terastallize|p1b: Archaludon|Electric
|move|p2b: JesusChristI’m26|Light Screen|p2b: JesusChristI’m26
|-sidestart|p2: a wonder year|move: Light Screen
|move|p2a: 40 Hour Ride Home|Drain Punch|p1b: Archaludon
|-damage|p1b: Archaludon|76/100
|-ability|p1b: Archaludon|Stamina|boost
|-boost|p1b: Archaludon|def|1
|move|p1b: Archaludon|Electro Shot||[still]
|-prepare|p1b: Archaludon|Electro Shot
|-boost|p1b: Archaludon|spa|1
|-anim|p1b: Archaludon|Electro Shot|p2a: 40 Hour Ride Home
|-damage|p2a: 40 Hour Ride Home|40/100
|move|p1a: Politoed|Encore|p2a: 40 Hour Ride Home
|-start|p2a: 40 Hour Ride Home|Encore
|
|-weather|RainDance|[upkeep]
|-heal|p2a: 40 Hour Ride Home|46/100|[from] item: Leftovers
|upkeep
|turn|2
|inactive|Malgooee has 30 seconds left.
|inactive|Malgooee has 20 seconds left.
|
|t:|1756996324
|switch|p2b: Conjuring Ghosts|Sinistcha, L50|100/100
|-heal|p2a: 40 Hour Ride Home|71/100|[from] ability: Hospitality|[of] p2b: Conjuring Ghosts
|move|p2a: 40 Hour Ride Home|Drain Punch|p1a: Politoed
|-damage|p1a: Politoed|66/100
|-heal|p2a: 40 Hour Ride Home|88/100|[from] drain|[of] p1a: Politoed
|move|p1b: Archaludon|Electro Shot||[still]
|-prepare|p1b: Archaludon|Electro Shot
|-boost|p1b: Archaludon|spa|1
|-anim|p1b: Archaludon|Electro Shot|p2b: Conjuring Ghosts
|-resisted|p2b: Conjuring Ghosts
|-damage|p2b: Conjuring Ghosts|69/100
|move|p1a: Politoed|Weather Ball|p2a: 40 Hour Ride Home
|-damage|p2a: 40 Hour Ride Home|57/100
|
|-weather|RainDance|[upkeep]
|-heal|p2a: 40 Hour Ride Home|63/100|[from] item: Leftovers
|upkeep
|turn|3
|inactive|Malgooee has 30 seconds left.
|
|t:|1756996358
|move|p2b: Conjuring Ghosts|Rage Powder|p2b: Conjuring Ghosts
|-singleturn|p2b: Conjuring Ghosts|move: Rage Powder
|move|p2a: 40 Hour Ride Home|Drain Punch|p1a: Politoed
|-damage|p1a: Politoed|33/100
|-heal|p2a: 40 Hour Ride Home|80/100|[from] drain|[of] p1a: Politoed
|-enditem|p1a: Politoed|Sitrus Berry|[eat]
|-heal|p1a: Politoed|58/100|[from] item: Sitrus Berry
|move|p1b: Archaludon|Electro Shot||[still]
|-prepare|p1b: Archaludon|Electro Shot
|-boost|p1b: Archaludon|spa|1
|-anim|p1b: Archaludon|Electro Shot|p2b: Conjuring Ghosts
|-resisted|p2b: Conjuring Ghosts
|-damage|p2b: Conjuring Ghosts|28/100
|-enditem|p2b: Conjuring Ghosts|Sitrus Berry|[eat]
|-heal|p2b: Conjuring Ghosts|53/100|[from] item: Sitrus Berry
|move|p1a: Politoed|Weather Ball|p2b: Conjuring Ghosts
|-resisted|p2b: Conjuring Ghosts
|-damage|p2b: Conjuring Ghosts|39/100
|
|-weather|RainDance|[upkeep]
|-heal|p2a: 40 Hour Ride Home|86/100|[from] item: Leftovers
|upkeep
|turn|4
|inactive|Malgooee has 30 seconds left.
|inactive|a wonder year has 30 seconds left.
|
|t:|1756996389
|switch|p1a: Amoonguss|Amoonguss, L50, M|100/100
|move|p2b: Conjuring Ghosts|Rage Powder|p2b: Conjuring Ghosts
|-singleturn|p2b: Conjuring Ghosts|move: Rage Powder
|move|p2a: 40 Hour Ride Home|Drain Punch|p1a: Amoonguss
|-resisted|p1a: Amoonguss
|-damage|p1a: Amoonguss|86/100
|-heal|p2a: 40 Hour Ride Home|94/100|[from] drain|[of] p1a: Amoonguss
|-damage|p2a: 40 Hour Ride Home|78/100|[from] item: Rocky Helmet|[of] p1a: Amoonguss
|move|p1b: Archaludon|Electro Shot||[still]
|-prepare|p1b: Archaludon|Electro Shot
|-boost|p1b: Archaludon|spa|1
|-anim|p1b: Archaludon|Electro Shot|p2b: Conjuring Ghosts
|-resisted|p2b: Conjuring Ghosts
|-damage|p2b: Conjuring Ghosts|0 fnt
|faint|p2b: Conjuring Ghosts
|
|-weather|RainDance|[upkeep]
|-heal|p2a: 40 Hour Ride Home|84/100|[from] item: Leftovers
|-end|p2a: 40 Hour Ride Home|Encore
|upkeep
|
|t:|1756996394
|switch|p2b: HazeOnTheDomeLight|Ninetales-Alola, L50, F|100/100
|-weather|Snowscape|[from] ability: Snow Warning|[of] p2b: HazeOnTheDomeLight
|turn|5
|inactive|Malgooee has 30 seconds left.
|inactive|a wonder year has 30 seconds left.
|inactive|Malgooee has 20 seconds left.
|inactive|Malgooee has 15 seconds left.
|inactive|Malgooee has 10 seconds left.
|
|t:|1756996440
|switch|p1a: Politoed|Politoed, L50, M|58/100
|-weather|RainDance|[from] ability: Drizzle|[of] p1a: Politoed
|move|p2b: HazeOnTheDomeLight|Freeze-Dry|p1a: Politoed
|-supereffective|p1a: Politoed
|-damage|p1a: Politoed|17/100
|move|p2a: 40 Hour Ride Home|Rage Fist|p1b: Archaludon
|-damage|p1b: Archaludon|41/100
|-ability|p1b: Archaludon|Stamina|boost
|-boost|p1b: Archaludon|def|1
|move|p1b: Archaludon|Electro Shot||[still]
|-prepare|p1b: Archaludon|Electro Shot
|-boost|p1b: Archaludon|spa|1
|-anim|p1b: Archaludon|Electro Shot|p2a: 40 Hour Ride Home
|-damage|p2a: 40 Hour Ride Home|0 fnt
|faint|p2a: 40 Hour Ride Home
|
|-weather|RainDance|[upkeep]
|upkeep
|
|t:|1756996451
|switch|p2a: JesusChristI’m26|Klefki, L50, F|100/100
|turn|6
|
|t:|1756996472
|move|p2b: HazeOnTheDomeLight|Blizzard|p1b: Archaludon|[spread] p1b
|-miss|p2b: HazeOnTheDomeLight|p1a: Politoed
|-damage|p1b: Archaludon|18/100
|-ability|p1b: Archaludon|Stamina|boost
|-boost|p1b: Archaludon|def|1
|move|p1b: Archaludon|Electro Shot||[still]
|-prepare|p1b: Archaludon|Electro Shot
|-boost|p1b: Archaludon|spa|1
|-anim|p1b: Archaludon|Electro Shot|p2b: HazeOnTheDomeLight
|-enditem|p2b: HazeOnTheDomeLight|Focus Sash
|-damage|p2b: HazeOnTheDomeLight|1/100
|move|p1a: Politoed|Encore|p2b: HazeOnTheDomeLight
|-start|p2b: HazeOnTheDomeLight|Encore
|move|p2a: JesusChristI’m26|Dazzling Gleam|p1a: Politoed|[spread] p1a,p1b
|-crit|p1b: Archaludon
|-damage|p1a: Politoed|2/100
|-damage|p1b: Archaludon|0 fnt
|faint|p1b: Archaludon
|
|-weather|RainDance|[upkeep]
|upkeep
|
|t:|1756996493
|switch|p1b: Kingdra|Kingdra, L50, M|100/100
|turn|7
|
|t:|1756996506
|move|p1b: Kingdra|Weather Ball|p2b: HazeOnTheDomeLight
|-damage|p2b: HazeOnTheDomeLight|0 fnt
|faint|p2b: HazeOnTheDomeLight
|-damage|p1b: Kingdra|91/100|[from] item: Life Orb
|move|p1a: Politoed|Weather Ball|p2a: JesusChristI’m26
|-damage|p2a: JesusChristI’m26|69/100
|move|p2a: JesusChristI’m26|Dazzling Gleam|p1a: Politoed|[spread] p1a,p1b
|-supereffective|p1b: Kingdra
|-damage|p1a: Politoed|0 fnt
|-damage|p1b: Kingdra|48/100
|faint|p1a: Politoed
|
|-weather|RainDance|[upkeep]
|upkeep
|
|t:|1756996521
|switch|p1a: Amoonguss|Amoonguss, L50, M|100/100
|turn|8
|
|t:|1756996535
|move|p2a: JesusChristI’m26|Misty Terrain|p2a: JesusChristI’m26
|-fieldstart|move: Misty Terrain
|move|p1b: Kingdra|Disable|p2a: JesusChristI’m26
|-start|p2a: JesusChristI’m26|Disable|Misty Terrain
|move|p1a: Amoonguss|Spore|p2a: JesusChristI’m26
|-activate|p2a: JesusChristI’m26|move: Misty Terrain
|
|-weather|RainDance|[upkeep]
|-sideend|p2: a wonder year|move: Light Screen
|upkeep
|turn|9
|inactive|Malgooee has 30 seconds left.
|inactive|Malgooee has 20 seconds left.
|inactive|Malgooee has 15 seconds left.
|
|t:|1756996584
|move|p2a: JesusChristI’m26|Light Screen|p2a: JesusChristI’m26
|-sidestart|p2: a wonder year|move: Light Screen
|move|p1b: Kingdra|Weather Ball|p2a: JesusChristI’m26
|-damage|p2a: JesusChristI’m26|7/100
|-damage|p1b: Kingdra|38/100|[from] item: Life Orb
|move|p1a: Amoonguss|Sludge Bomb|p2a: JesusChristI’m26
|-immune|p2a: JesusChristI’m26
|
|-weather|none
|upkeep
|turn|10
|
|t:|1756996605
|move|p1a: Amoonguss|Rage Powder|p1a: Amoonguss
|-singleturn|p1a: Amoonguss|move: Rage Powder
|move|p1b: Kingdra|Weather Ball|p2a: JesusChristI’m26
|-resisted|p2a: JesusChristI’m26
|-damage|p2a: JesusChristI’m26|0 fnt
|faint|p2a: JesusChristI’m26
|-damage|p1b: Kingdra|29/100|[from] item: Life Orb
|
|win|Malgooee
||Malgooee is ready for game 3.
||a wonder year is ready for game 3.
|uhtml|next|Next: Game 3 of 3
|l|‽Malgooee
|player|p1|
