|j|☆Koraidonkoalition
|j|☆miruu_67
|html|Koraidonkoalitionmiruu_67    
|uhtml|bestof|Game 1 of a best-of-3
|t:|1785316442
|gametype|doubles
|player|p1|Koraidonkoalition|colress|1159
|player|p2|miruu_67|caitlin|1133
|gen|9
|tier|[Gen 9 Champions] VGC 2026 Reg M-B (Bo3)
|rated|
|rule|Species Clause: Limit one of each Pokémon
|rule|Item Clause: Limit 1 of each item
|clearpoke
|poke|p1|Gengar, L50, M|
|poke|p1|Archaludon, L50, M|
|poke|p1|Politoed, L50, F|
|poke|p1|Swampert, L50, M|
|poke|p1|Vivillon, L50, F|
|poke|p1|Incineroar, L50, M|
|poke|p2|Incineroar, L50, F|
|poke|p2|Sinistcha, L50|
|poke|p2|Gengar, L50, M|
|poke|p2|Swampert, L50, M|
|poke|p2|Politoed, L50, F|
|poke|p2|Archaludon, L50, M|
|teampreview|4
|showteam|p1|Gengar||Gengarite|CursedBody|ShadowBall,Disable,PerishSong,Protect|Timid||M|||50|]Archaludon||Leftovers|Stamina|ElectroShot,DragonPulse,FlashCannon,Protect|Bold||M|||50|]Politoed||SitrusBerry|Drizzle|WeatherBall,IcyWind,PerishSong,Protect|Calm||F|||50|]Swampert||Swampertite|Torrent|Earthquake,WaveCrash,IcePunch,Protect|Adamant||M|||50|]Vivillon||FocusSash|CompoundEyes|Hurricane,SleepPowder,RagePowder,Protect|Timid||F|||50|]Incineroar||PasshoBerry|Intimidate|ThroatChop,FakeOut,PartingShot,Protect|Impish||M|||50|
|showteam|p2|Incineroar||PasshoBerry|Intimidate|ThroatChop,FakeOut,PartingShot,Protect|Sassy||F|||50|]Sinistcha||ColburBerry|Hospitality|MatchaGotcha,RagePowder,TrickRoom,Protect|Calm|||||50|]Gengar||Gengarite|CursedBody|ShadowBall,MeanLook,PerishSong,Protect|Timid||M|||50|]Swampert||Swampertite|Torrent|WaveCrash,HighHorsepower,IcePunch,Protect|Adamant||M|||50|]Politoed||SitrusBerry|Drizzle|WeatherBall,Encore,PerishSong,Protect|Calm||F|||50|]Archaludon||Leftovers|Stamina|ElectroShot,DragonPulse,FlashCannon,Protect|Modest||M|||50|
|
|t:|1785316523
|teamsize|p1|4
|teamsize|p2|4
|start
|switch|p1a: Gengar|Gengar, L50, M|100/100
|switch|p1b: Vivillon|Vivillon, L50, F|100/100
|switch|p2a: Gengar|Gengar, L50, M|100/100
|switch|p2b: Politoed|Politoed, L50, F|100/100
|-weather|RainDance|[from] ability: Drizzle|[of] p2b: Politoed
|turn|1
|
|t:|1785316606
|detailschange|p2a: Gengar|Gengar-Mega, L50, M
|-mega|p2a: Gengar|Gengar|Gengarite
|detailschange|p1a: Gengar|Gengar-Mega, L50, M
|-mega|p1a: Gengar|Gengar|Gengarite
|move|p1a: Gengar|Protect|p1a: Gengar
|-singleturn|p1a: Gengar|Protect
|move|p2a: Gengar|Mean Look||[still]
|-fail|p2a: Gengar
|move|p1b: Vivillon|Sleep Powder|p2a: Gengar
|-status|p2a: Gengar|slp|[from] move: Sleep Powder
|move|p2b: Politoed|Perish Song|p2b: Politoed
|-start|p1a: Gengar|perish3|[silent]
|-start|p1b: Vivillon|perish3|[silent]
|-start|p2a: Gengar|perish3|[silent]
|-start|p2b: Politoed|perish3|[silent]
|-fieldactivate|move: Perish Song
|
|-weather|RainDance|[upkeep]
|-start|p2a: Gengar|perish3
|-start|p1a: Gengar|perish3
|-start|p1b: Vivillon|perish3
|-start|p2b: Politoed|perish3
|upkeep
|turn|2
|inactive|Battle timer is ON: inactive players will automatically lose when time's up. (requested by Koraidonkoalition)
|
|t:|1785316680
|move|p2b: Politoed|Protect|p2b: Politoed
|-singleturn|p2b: Politoed|Protect
|cant|p2a: Gengar|slp
|move|p1a: Gengar|Shadow Ball|p2a: Gengar
|-supereffective|p2a: Gengar|1
|-damage|p2a: Gengar|0 fnt
|faint|p2a: Gengar
|move|p1b: Vivillon|Sleep Powder|p2b: Politoed
|-activate|p2b: Politoed|move: Protect
|
|-weather|RainDance|[upkeep]
|-start|p1a: Gengar|perish2
|-start|p1b: Vivillon|perish2
|-start|p2b: Politoed|perish2
|upkeep
|inactive|miruu_67 has 30 seconds left.
|inactive|miruu_67 has 20 seconds left.
|inactive|miruu_67 has 15 seconds left.
|inactive|miruu_67 has 10 seconds left.
|inactive|miruu_67 has 5 seconds left.
|
|t:|1785316735
|switch|p2a: Swampert|Swampert, L50, M|100/100
|turn|3
|inactive|miruu_67 has 30 seconds left.
|inactive|miruu_67 has 20 seconds left.
|inactive|miruu_67 has 15 seconds left.
|inactive|miruu_67 has 10 seconds left.
|inactive|miruu_67 has 5 seconds left.
|
|t:|1785316791
|move|p1a: Gengar|Shadow Ball|p2a: Swampert
|-damage|p2a: Swampert|50/100g
|move|p1b: Vivillon|Sleep Powder|p2a: Swampert
|-status|p2a: Swampert|slp|[from] move: Sleep Powder
|cant|p2a: Swampert|slp
|move|p2b: Politoed|Weather Ball|p1b: Vivillon
|-damage|p1b: Vivillon|27/100
|
|-weather|RainDance|[upkeep]
|-start|p1a: Gengar|perish1
|-start|p1b: Vivillon|perish1
|-start|p2b: Politoed|perish1
|upkeep
|turn|4
|inactive|miruu_67 has 30 seconds left.
|j| Trobula72
|
|t:|1785316822
|switch|p1a: Archaludon|Archaludon, L50, M|100/100
|move|p1b: Vivillon|Hurricane|p2a: Swampert
|-damage|p2a: Swampert|11/100 slp
|cant|p2a: Swampert|slp
|move|p2b: Politoed|Weather Ball|p1b: Vivillon
|-damage|p1b: Vivillon|0 fnt
|faint|p1b: Vivillon
|
|-weather|RainDance|[upkeep]
|-start|p2b: Politoed|perish0
|upkeep
|faint|p2b: Politoed
|inactive|miruu_67 has 30 seconds left.
|inactive|miruu_67 has 20 seconds left.
|inactive|miruu_67 has 15 seconds left.
|inactive|miruu_67 has 10 seconds left.
|inactive|miruu_67 has 5 seconds left.
|
|t:|1785316878
|switch|p1b: Gengar|Gengar-Mega, L50, M|100/100
|switch|p2b: Archaludon|Archaludon, L50, M|100/100
|turn|5
|inactive|Koraidonkoalition has 30 seconds left.
|inactive|miruu_67 has 30 seconds left.
|inactive|miruu_67 has 20 seconds left.
|inactive|miruu_67 has 15 seconds left.
|inactive|miruu_67 has 10 seconds left.
|inactive|miruu_67 has 5 seconds left.
|
|t:|1785316933
|switch|p1a: Incineroar|Incineroar, L50, M|100/100
|-ability|p1a: Incineroar|Intimidate|boost
|-unboost|p2a: Swampert|atk|1
|-unboost|p2b: Archaludon|atk|1
|move|p1b: Gengar|Shadow Ball|p2a: Swampert
|-damage|p2a: Swampert|0 fnt
|faint|p2a: Swampert
|move|p2b: Archaludon|Electro Shot||[still]
|-prepare|p2b: Archaludon|Electro Shot
|-boost|p2b: Archaludon|spa|1
|-anim|p2b: Archaludon|Electro Shot|p1b: Gengar
|-damage|p1b: Gengar|31/100
|
|-weather|none
|upkeep
|turn|6
|inactive|miruu_67 has 30 seconds left.
|inactive|miruu_67 has 20 seconds left.
|inactive|miruu_67 has 15 seconds left.
|inactive|miruu_67 has 10 seconds left.
|inactive|miruu_67 has 5 seconds left.
|
|t:|1785316988
|move|p1a: Incineroar|Fake Out|p2b: Archaludon
|-resisted|p2b: Archaludon|1
|-crit|p2b: Archaludon
|-damage|p2b: Archaludon|94/100
|-ability|p2b: Archaludon|Stamina|boost
|-boost|p2b: Archaludon|def|1
|move|p1b: Gengar|Perish Song|p1b: Gengar
|-start|p1a: Incineroar|perish3|[silent]
|-start|p1b: Gengar|perish3|[silent]
|-start|p2b: Archaludon|perish3|[silent]
|-fieldactivate|move: Perish Song
|cant|p2b: Archaludon|flinch
|
|-heal|p2b: Archaludon|100/100|[from] item: Leftovers
|-start|p1b: Gengar|perish3
|-start|p2b: Archaludon|perish3
|-start|p1a: Incineroar|perish3
|upkeep
|turn|7
|inactive|miruu_67 has 30 seconds left.
|inactive|miruu_67 has 20 seconds left.
|inactive|miruu_67 has 15 seconds left.
|inactive|miruu_67 has 10 seconds left.
|inactive|miruu_67 has 5 seconds left.
|
|t:|1785317043
|move|p1b: Gengar|Protect|p1b: Gengar
|-singleturn|p1b: Gengar|Protect
|move|p1a: Incineroar|Protect|p1a: Incineroar
|-singleturn|p1a: Incineroar|Protect
|move|p2b: Archaludon|Electro Shot||[still]
|-prepare|p2b: Archaludon|Electro Shot
|-boost|p2b: Archaludon|spa|1
|
|-start|p1b: Gengar|perish2
|-start|p2b: Archaludon|perish2
|-start|p1a: Incineroar|perish2
|upkeep
|turn|8
|inactive|miruu_67 has 30 seconds left.
|inactive|miruu_67 has 20 seconds left.
|inactive|miruu_67 has 15 seconds left.
|inactive|miruu_67 has 10 seconds left.
|inactive|miruu_67 has 5 seconds left.
|
|t:|1785317098
|move|p1b: Gengar|Disable|p2b: Archaludon
|-start|p2b: Archaludon|Disable|Electro Shot
|cant|p2b: Archaludon|Disable|Electro Shot
|move|p1a: Incineroar|Parting Shot|p2b: Archaludon
|-unboost|p2b: Archaludon|atk|1
|-unboost|p2b: Archaludon|spa|1
|
|t:|1785317105
|switch|p1a: Archaludon|Archaludon, L50, M|100/100|[from] Parting Shot
|
|-start|p1b: Gengar|perish1
|-start|p2b: Archaludon|perish1
|upkeep
|turn|9
|inactive|miruu_67 has 30 seconds left.
|inactive|miruu_67 has 20 seconds left.
|inactive|miruu_67 has 15 seconds left.
|inactive|miruu_67 has 10 seconds left.
|inactive|miruu_67 has 5 seconds left.
|
|t:|1785317160
|move|p1b: Gengar|Protect|p1b: Gengar
|-singleturn|p1b: Gengar|Protect
|move|p1a: Archaludon|Protect|p1a: Archaludon
|-singleturn|p1a: Archaludon|Protect
|move|p2b: Archaludon|Dragon Pulse|p1a: Archaludon
|-activate|p1a: Archaludon|move: Protect
|
|-start|p1b: Gengar|perish0
|-start|p2b: Archaludon|perish0
|faint|p1b: Gengar
|faint|p2b: Archaludon
|
|win|Koraidonkoalition
