|j|☆Magicalarcher57
|j|☆JXD500
|html|Magicalarcher57JXD500    
|uhtml|bestof|Game 3 of a best-of-3
|t:|1782488543
|gametype|doubles
|player|p1|Magicalarcher57|diantha|1118
|player|p2|JXD500|170|1108
|gen|9
|tier|[Gen 9 Champions] VGC 2026 Reg M-B (Bo3)
|rated|
|rule|Species Clause: Limit one of each Pokémon
|rule|Item Clause: Limit 1 of each item
|clearpoke
|poke|p1|Raichu, L50, F, shiny|
|poke|p1|Garchomp, L50, M, shiny|
|poke|p1|Whimsicott, L50, F, shiny|
|poke|p1|Kingambit, L50, M, shiny|
|poke|p1|Basculegion, L50, M, shiny|
|poke|p1|Charizard, L50, F, shiny|
|poke|p2|Swampert, L50, F|
|poke|p2|Pelipper, L50, F|
|poke|p2|Archaludon, L50, M|
|poke|p2|Rotom-Heat, L50|
|poke|p2|Dragonite, L50, M|
|poke|p2|Incineroar, L50, M|
|teampreview|4
|showteam|p1|Raichu||RaichuniteY|LightningRod|FakeOut,FocusBlast,ZapCannon,Protect|Timid||F|||50|]Garchomp||LifeOrb|RoughSkin|DragonClaw,Earthquake,StompingTantrum,Protect|Jolly||M|||50|]Whimsicott||FocusSash|Prankster|Moonblast,Tailwind,SunnyDay,Encore|Timid||F|||50|]Kingambit||BlackGlasses|Defiant|SuckerPunch,KowtowCleave,IronHead,Protect|Adamant||M|||50|]Basculegion||MysticWater|Adaptability|LastRespects,WaveCrash,Protect,AquaJet|Jolly||M|||50|]Charizard||CharizarditeY|Blaze|WeatherBall,SolarBeam,HeatWave,Protect|Modest||F|||50|
|showteam|p2|Swampert||Swampertite|Torrent|Earthquake,IcePunch,Liquidation,Protect|Adamant||F|||50|]Pelipper||FocusSash|Drizzle|Tailwind,Protect,Hurricane,WeatherBall|Modest||F|||50|]Archaludon||Leftovers|Stamina|ElectroShot,DragonPulse,FlashCannon,Protect|Modest||M|||50|]Rotom-Heat||ChoiceScarf|Levitate|Overheat,Thunder,Trick,WillOWisp|Modest|||||50|]Dragonite||Dragoninite|Multiscale|Hurricane,Tailwind,DragonPulse,Protect|Modest||M|||50|]Incineroar||SitrusBerry|Intimidate|FakeOut,PartingShot,FlareBlitz,ThroatChop|Careful||M|||50|
|inactive|Battle timer is ON: inactive players will automatically lose when time's up. (requested by Magicalarcher57)
|inactive|Magicalarcher57 has 60 seconds left.
|
|t:|1782488574
|teamsize|p1|4
|teamsize|p2|4
|start
|switch|p1a: Circe|Whimsicott, L50, F, shiny|100/100
|switch|p1b: Hermes|Raichu, L50, F, shiny|100/100
|switch|p2a: Incineroar|Incineroar, L50, M|100/100
|switch|p2b: Rotom|Rotom-Heat, L50|100/100
|-ability|p2a: Incineroar|Intimidate|boost
|-unboost|p1a: Circe|atk|1
|-unboost|p1b: Hermes|atk|1
|turn|1
|inactive|JXD500 has 30 seconds left.
|inactive|JXD500 has 20 seconds left.
|
|t:|1782488610
|switch|p2a: Pelipper|Pelipper, L50, F|100/100
|-weather|RainDance|[from] ability: Drizzle|[of] p2a: Pelipper
|detailschange|p1b: Hermes|Raichu-Mega-Y, L50, F, shiny
|-mega|p1b: Hermes|Raichu|Raichunite Y
|move|p1b: Hermes|Fake Out|p2a: Pelipper
|-damage|p2a: Pelipper|91/100
|move|p1a: Circe|Tailwind|p1a: Circe
|-sidestart|p1: Magicalarcher57|move: Tailwind
|move|p2b: Rotom|Overheat|p1a: Circe
|-supereffective|p1a: Circe|1
|-damage|p1a: Circe|14/100
|-unboost|p2b: Rotom|spa|2
|
|-weather|RainDance|[upkeep]
|upkeep
|turn|2
|
|t:|1782488630
|move|p1b: Hermes|Zap Cannon|p2a: Pelipper
|-supereffective|p2a: Pelipper|2
|-damage|p2a: Pelipper|0 fnt
|faint|p2a: Pelipper
|move|p1a: Circe|Moonblast|p2b: Rotom
|-resisted|p2b: Rotom|1
|-damage|p2b: Rotom|82/100
|move|p2b: Rotom|Overheat|p1a: Circe
|-supereffective|p1a: Circe|1
|-damage|p1a: Circe|0 fnt
|-unboost|p2b: Rotom|spa|2
|faint|p1a: Circe
|
|-weather|RainDance|[upkeep]
|upkeep
|
|t:|1782488647
|switch|p1a: Basculegion|Basculegion, L50, M, shiny|100/100
|switch|p2a: Incineroar|Incineroar, L50, M|100/100
|-ability|p2a: Incineroar|Intimidate|boost
|-unboost|p1a: Basculegion|atk|1
|-unboost|p1b: Hermes|atk|1
|turn|3
|inactive|JXD500 has 30 seconds left.
|inactive|JXD500 has 20 seconds left.
|
|t:|1782488683
|switch|p2b: Dragonite|Dragonite, L50, M|100/100
|move|p1b: Hermes|Zap Cannon|p2b: Dragonite
|-damage|p2b: Dragonite|61/100
|-status|p2b: Dragonite|par
|move|p1a: Basculegion|Wave Crash|p2a: Incineroar
|-supereffective|p2a: Incineroar|1
|-damage|p2a: Incineroar|0 fnt
|faint|p2a: Incineroar
|-damage|p1a: Basculegion|65/100|[from] Recoil
|
|-weather|RainDance|[upkeep]
|upkeep
|
|t:|1782488692
|switch|p2a: Rotom|Rotom-Heat, L50|82/100
|turn|4
|
|t:|1782488721
|detailschange|p2b: Dragonite|Dragonite-Mega, L50, M
|-mega|p2b: Dragonite|Dragonite|Dragoninite
|move|p1a: Basculegion|Aqua Jet|p2a: Rotom
|-supereffective|p2a: Rotom|1
|-damage|p2a: Rotom|16/100
|move|p1b: Hermes|Zap Cannon|p2b: Dragonite
|-damage|p2b: Dragonite|0 fnt
|faint|p2b: Dragonite
|move|p2a: Rotom|Thunder|p1a: Basculegion
|-supereffective|p1a: Basculegion|1
|-damage|p1a: Basculegion|0 fnt
|faint|p1a: Basculegion
|
|-weather|RainDance|[upkeep]
|-sideend|p1: Magicalarcher57|move: Tailwind
|upkeep
|
|t:|1782488728
|switch|p1a: Athena|Garchomp, L50, M, shiny|100/100
|turn|5
|-message|JXD500 forfeited.
|raw|Magicalarcher57's rating: 1118 → 1142(+24 for winning)
|raw|JXD500's rating: 1108 → 1084(-24 for losing)
|
|win|Magicalarcher57
