|j|☆Rugss
|j|☆himhimhimhim15
|html|Rugsshimhimhimhim15    
|uhtml|bestof|Game 2 of a best-of-3
|t:|1784163759
|gametype|doubles
|player|p1|Rugss|lucas|1097
|player|p2|himhimhimhim15|170|1094
|gen|9
|tier|[Gen 9 Champions] VGC 2026 Reg M-B (Bo3)
|rated|
|rule|Species Clause: Limit one of each Pokémon
|rule|Item Clause: Limit 1 of each item
|clearpoke
|poke|p1|Toxapex, L50, M|
|poke|p1|Charizard, L50, F, shiny|
|poke|p1|Gliscor, L50, F|
|poke|p1|Incineroar, L50, F|
|poke|p1|Mamoswine, L50, F|
|poke|p1|Raichu, L50, F|
|poke|p2|Malamar, L50, M|
|poke|p2|Maushold, L50|
|poke|p2|Mawile, L50, F|
|poke|p2|Sinistcha, L50|
|poke|p2|Whimsicott, L50, M|
|poke|p2|Incineroar, L50, M|
|teampreview|4
|showteam|p1|Toxapex||Leftovers|Regenerator|Infestation,Toxic,WideGuard,BanefulBunker|Bold||M|||50|]Charizard||CharizarditeY|Blaze|HeatWave,Protect,SolarBeam,WeatherBall|Timid||F|||50|]Gliscor||YacheBerry|HyperCutter|StealthRock,RockSlide,Protect,DualWingbeat|Jolly||F|||50|]Incineroar||SitrusBerry|Intimidate|FakeOut,PartingShot,FlareBlitz,ThroatChop|Impish||F|||50|]Mamoswine||FocusSash|Oblivious|Earthquake,IceShard,IcicleCrash,Protect|Adamant||F|||50|]Raichu||RaichuniteY|Static|FakeOut,Protect,ZapCannon,FocusBlast|Timid||F|||50|
|showteam|p2|Malamar||Malamarite|Contrary|Superpower,KnockOff,TrickRoom,Protect|Adamant||M|||50|]Maushold||WideLens|Technician|PopulationBomb,FollowMe,Feint,Protect|Jolly|||||50|]Mawile||Mawilite|HyperCutter|PlayRough,RockSlide,SuckerPunch,Protect|Brave||F|||50|]Sinistcha||ColburBerry|Hospitality|MatchaGotcha,LifeDew,RagePowder,Protect|Calm|||||50|]Whimsicott||FocusSash|Prankster|Moonblast,Tailwind,Charm,FakeTears|Modest||M|||50|]Incineroar||LifeOrb|Intimidate|FlareBlitz,DarkestLariat,PartingShot,FakeOut|Brave||M|||50|
|
|t:|1784163790
|teamsize|p1|4
|teamsize|p2|4
|start
|switch|p1a: Charizard|Charizard, L50, F, shiny|100/100
|switch|p1b: Incineroar|Incineroar, L50, F|100/100
|switch|p2a: Malamar|Malamar, L50, M|100/100
|switch|p2b: Maushold|Maushold, L50|100/100
|-ability|p1b: Incineroar|Intimidate|boost
|-boost|p2a: Malamar|atk|1
|-unboost|p2b: Maushold|atk|1
|turn|1
|
|t:|1784163804
|detailschange|p1a: Charizard|Charizard-Mega-Y, L50, F, shiny
|-mega|p1a: Charizard|Charizard|Charizardite Y
|-weather|SunnyDay|[from] ability: Drought|[of] p1a: Charizard
|move|p1b: Incineroar|Fake Out|p2b: Maushold
|-damage|p2b: Maushold|81/100
|cant|p2b: Maushold|flinch
|move|p1a: Charizard|Heat Wave|p2b: Maushold|[spread] p2a,p2b
|-damage|p2a: Malamar|30/100
|-damage|p2b: Maushold|0 fnt
|faint|p2b: Maushold
|move|p2a: Malamar|Trick Room|p2a: Malamar
|-fieldstart|move: Trick Room|[of] p2a: Malamar
|
|-weather|SunnyDay|[upkeep]
|upkeep
|
|t:|1784163815
|switch|p2b: Mawile|Mawile, L50, F|100/100
|turn|2
|
|t:|1784163852
|switch|p1b: Mamoswine|Mamoswine, L50, F|100/100
|switch|p1a: Toxapex|Toxapex, L50, M|100/100
|detailschange|p2b: Mawile|Mawile-Mega, L50, F
|-mega|p2b: Mawile|Mawile|Mawilite
|move|p2b: Mawile|Rock Slide|p1b: Mamoswine|[spread] p1a
|-miss|p2b: Mawile|p1b: Mamoswine
|-damage|p1a: Toxapex|75/100
|move|p2a: Malamar|Superpower|p1b: Mamoswine
|-supereffective|p1b: Mamoswine|1
|-enditem|p1b: Mamoswine|Focus Sash
|-damage|p1b: Mamoswine|1/100
|-boost|p2a: Malamar|atk|1
|-boost|p2a: Malamar|def|1
|
|-weather|SunnyDay|[upkeep]
|-heal|p1a: Toxapex|81/100|[from] item: Leftovers
|upkeep
|turn|3
|
|t:|1784163881
|move|p1b: Mamoswine|Ice Shard|p2a: Malamar
|-damage|p2a: Malamar|15/100
|move|p1a: Toxapex|Infestation|p2b: Mawile
|-resisted|p2b: Mawile|2
|-damage|p2b: Mawile|99/100
|-activate|p2b: Mawile|move: Infestation|[of] p1a: Toxapex
|move|p2b: Mawile|Rock Slide|p1a: Toxapex|[spread] p1a,p1b
|-damage|p1a: Toxapex|57/100
|-damage|p1b: Mamoswine|0 fnt
|faint|p1b: Mamoswine
|move|p2a: Malamar|Knock Off|p1a: Toxapex
|-damage|p1a: Toxapex|5/100
|-enditem|p1a: Toxapex|Leftovers|[from] move: Knock Off|[of] p2a: Malamar
|
|-weather|SunnyDay|[upkeep]
|-damage|p2b: Mawile|87/100|[from] move: Infestation|[partiallytrapped]
|upkeep
|
|t:|1784163896
|switch|p1b: Charizard|Charizard-Mega-Y, L50, F, shiny|100/100
|turn|4
|
|t:|1784163907
|move|p2a: Malamar|Protect|p2a: Malamar
|-singleturn|p2a: Malamar|Protect
|move|p1a: Toxapex|Wide Guard|p1a: Toxapex
|-singleturn|p1a: Toxapex|Wide Guard
|move|p2b: Mawile|Rock Slide|p1b: Charizard|[spread] 
|-activate|p1a: Toxapex|move: Wide Guard
|-activate|p1b: Charizard|move: Wide Guard
|move|p1b: Charizard|Heat Wave|p2a: Malamar|[spread] p2b
|-activate|p2a: Malamar|move: Protect
|-supereffective|p2b: Mawile|1
|-damage|p2b: Mawile|0 fnt
|faint|p2b: Mawile
|
|-weather|SunnyDay|[upkeep]
|upkeep
|
|t:|1784163920
|switch|p2b: Incineroar|Incineroar, L50, M|100/100
|-ability|p2b: Incineroar|Intimidate|boost
|-unboost|p1a: Toxapex|atk|1
|-unboost|p1b: Charizard|atk|1
|turn|5
|
|t:|1784163953
|move|p1b: Charizard|Protect|p1b: Charizard
|-singleturn|p1b: Charizard|Protect
|move|p1a: Toxapex|Infestation|p2a: Malamar
|-supereffective|p2a: Malamar|2
|-damage|p2a: Malamar|0 fnt
|faint|p2a: Malamar
|move|p2b: Incineroar|Darkest Lariat|p1b: Charizard
|-activate|p1b: Charizard|move: Protect
|
|-weather|none
|-fieldend|move: Trick Room
|upkeep
|turn|6
|-message|himhimhimhim15 forfeited.
|
|win|Rugss
|l|☆himhimhimhim15
|player|p2|
||himhimhimhim15 is ready for game 3.
||Rugss is ready for game 3.
|uhtml|next|Next: Game 3 of 3
