|j|☆escapadian
|j|☆Ninjacoox
|html|escapadianNinjacoox    
|uhtml|bestof|Game 1 of a best-of-3
|t:|1785290608
|gametype|doubles
|player|p1|escapadian|rocketgruntf|1187
|player|p2|Ninjacoox|101|1263
|gen|9
|tier|[Gen 9 Champions] VGC 2026 Reg M-B (Bo3)
|rated|
|rule|Species Clause: Limit one of each Pokémon
|rule|Item Clause: Limit 1 of each item
|clearpoke
|poke|p1|Incineroar, L50, M, shiny|
|poke|p1|Sinistcha, L50, shiny|
|poke|p1|Floette-Eternal, L50, F|
|poke|p1|Delphox, L50, F, shiny|
|poke|p1|Sneasler, L50, M, shiny|
|poke|p1|Kingambit, L50, M, shiny|
|poke|p2|Staraptor, L50, F|
|poke|p2|Sinistcha, L50|
|poke|p2|Maushold, L50|
|poke|p2|Kingambit, L50, F|
|poke|p2|Sneasler, L50, F|
|poke|p2|Delphox, L50, F|
|teampreview|4
|showteam|p1|Incineroar||SitrusBerry|Intimidate|FlareBlitz,DarkestLariat,PartingShot,FakeOut|Careful||M|||50|]Sinistcha||OccaBerry|Hospitality|MatchaGotcha,RagePowder,TrickRoom,Protect|Bold|||||50|]Floette-Eternal||Floettite|FlowerVeil|DazzlingGleam,DrainingKiss,CalmMind,Protect|Bold||F|||50|]Delphox||Delphoxite|Blaze|HeatWave,Psyshock,NastyPlot,Protect|Modest||F|||50|]Sneasler||FocusSash|PoisonTouch|CloseCombat,PoisonJab,Coaching,FakeOut|Jolly||M|||50|]Kingambit||BlackGlasses|Defiant|KowtowCleave,SuckerPunch,SwordsDance,Protect|Adamant||M|||50|
|showteam|p2|Staraptor||Staraptite|Intimidate|CloseCombat,BraveBird,Roost,Protect|Adamant||F|||50|]Sinistcha||SitrusBerry|Hospitality|RagePowder,MatchaGotcha,Protect,LifeDew|Calm|||||50|]Maushold||LumBerry|FriendGuard|Encore,Charm,FollowMe,Protect|Timid|||||50|]Kingambit||BlackGlasses|Defiant|KowtowCleave,SuckerPunch,SwordsDance,Protect|Adamant||F|||50|]Sneasler||WhiteHerb|Unburden|CloseCombat,DireClaw,FakeOut,Feint|Jolly||F|||50|]Delphox||Delphoxite|Blaze|HeatWave,Psyshock,NastyPlot,Protect|Timid||F|||50|
|inactive|Battle timer is ON: inactive players will automatically lose when time's up. (requested by escapadian)
|
|t:|1785290688
|teamsize|p1|4
|teamsize|p2|4
|start
|switch|p1a: Incineroar|Incineroar, L50, M, shiny|100/100
|switch|p1b: Delphox|Delphox, L50, F, shiny|100/100
|switch|p2a: Delphox|Delphox, L50, F|100/100
|switch|p2b: Maushold|Maushold, L50|100/100
|-ability|p1a: Incineroar|Intimidate|boost
|-unboost|p2a: Delphox|atk|1
|-unboost|p2b: Maushold|atk|1
|turn|1
|
|t:|1785290711
|detailschange|p2a: Delphox|Delphox-Mega, L50, F
|-mega|p2a: Delphox|Delphox|Delphoxite
|detailschange|p1b: Delphox|Delphox-Mega, L50, F, shiny
|-mega|p1b: Delphox|Delphox|Delphoxite
|move|p1a: Incineroar|Fake Out|p2a: Delphox
|-damage|p2a: Delphox|89/100
|cant|p2a: Delphox|flinch
|move|p1b: Delphox|Heat Wave|p2a: Delphox|[spread] p2a,p2b
|-resisted|p2a: Delphox|1
|-damage|p2a: Delphox|76/100
|-damage|p2b: Maushold|48/100
|move|p2b: Maushold|Encore|p1b: Delphox
|-start|p1b: Delphox|Encore
|
|upkeep
|turn|2
|inactive|Ninjacoox has 30 seconds left.
|inactive|Ninjacoox has 20 seconds left.
|inactive|Ninjacoox has 15 seconds left.
|inactive|Ninjacoox has 10 seconds left.
|
|t:|1785290760
|move|p2a: Delphox|Nasty Plot|p2a: Delphox
|-boost|p2a: Delphox|spa|2
|move|p1b: Delphox|Heat Wave|p2b: Maushold|[spread] p2a,p2b
|-resisted|p2a: Delphox|1
|-damage|p2a: Delphox|64/100
|-damage|p2b: Maushold|0 fnt
|faint|p2b: Maushold
|move|p1a: Incineroar|Darkest Lariat|p2a: Delphox
|-supereffective|p2a: Delphox|1
|-damage|p2a: Delphox|0 fnt
|faint|p2a: Delphox
|
|upkeep
|
|t:|1785290768
|switch|p2a: Kingambit|Kingambit, L50, F|100/100
|switch|p2b: Sneasler|Sneasler, L50, F|100/100
|turn|3
|
|t:|1785290780
|switch|p1b: Sneasler|Sneasler, L50, M, shiny|100/100
|move|p2a: Kingambit|Sucker Punch||[still]
|-fail|p2a: Kingambit
|move|p2b: Sneasler|Close Combat|p1a: Incineroar
|-supereffective|p1a: Incineroar|1
|-damage|p1a: Incineroar|0 fnt
|-unboost|p2b: Sneasler|def|1
|-unboost|p2b: Sneasler|spd|1
|faint|p1a: Incineroar
|-enditem|p2b: Sneasler|White Herb
|-clearnegativeboost|p2b: Sneasler|[silent]
|
|upkeep
|
|t:|1785290791
|switch|p1a: Delphox|Delphox-Mega, L50, F, shiny|100/100
|turn|4
|
|t:|1785290813
|move|p2a: Kingambit|Protect|p2a: Kingambit
|-singleturn|p2a: Kingambit|Protect
|move|p2b: Sneasler|Dire Claw|p1a: Delphox
|-damage|p1a: Delphox|55/100
|-status|p1a: Delphox|slp
|move|p1b: Sneasler|Coaching|p1a: Delphox
|-boost|p1a: Delphox|atk|1
|-boost|p1a: Delphox|def|1
|cant|p1a: Delphox|slp
|
|upkeep
|turn|5
|
|t:|1785290834
|cant|p1a: Delphox|slp
|move|p2a: Kingambit|Sucker Punch|p1b: Sneasler
|-resisted|p1b: Sneasler|1
|-damage|p1b: Sneasler|58/100
|move|p2b: Sneasler|Dire Claw|p1b: Sneasler
|-resisted|p1b: Sneasler|1
|-damage|p1b: Sneasler|23/100
|-status|p1b: Sneasler|slp
|cant|p1b: Sneasler|slp
|
|upkeep
|turn|6
|
|t:|1785290852
|move|p2a: Kingambit|Sucker Punch|p1a: Delphox
|-supereffective|p1a: Delphox|1
|-damage|p1a: Delphox|0 fnt
|faint|p1a: Delphox
|move|p2b: Sneasler|Dire Claw|p1b: Sneasler
|-resisted|p1b: Sneasler|1
|-damage|p1b: Sneasler|0 fnt
|faint|p1b: Sneasler
|
|upkeep
|-message|escapadian forfeited.
|
|win|Ninjacoox
||escapadian is ready for game 2.
||Ninjacoox is ready for game 2.
|uhtml|next|Next: Game 2 of 3
|l|☆escapadian
|player|p1|
