|j|☆Leodess
|j|☆failandimprove5
|html|Leodessfailandimprove5    
|uhtml|bestof|Game 1 of a best-of-3
|t:|1784507361
|gametype|doubles
|player|p1|Leodess|169|1214
|player|p2|failandimprove5|266|1339
|gen|9
|tier|[Gen 9 Champions] VGC 2026 Reg M-B (Bo3)
|rated|
|rule|Species Clause: Limit one of each Pokémon
|rule|Item Clause: Limit 1 of each item
|clearpoke
|poke|p1|Pyroar, L50, M|
|poke|p1|Torkoal, L50, M|
|poke|p1|Farigiraf, L50, F|
|poke|p1|Sylveon, L50, M|
|poke|p1|Blastoise, L50, M|
|poke|p1|Vivillon, L50, F|
|poke|p2|Kingambit, L50, M|
|poke|p2|Sneasler, L50, F|
|poke|p2|Froslass, L50, F|
|poke|p2|Lycanroc-Dusk, L50, M|
|poke|p2|Basculegion, L50, M|
|poke|p2|Scovillain, L50, M|
|teampreview|4
|showteam|p1|Pyroar||Pyroarite|Unnerve|Overheat,HeatWave,Taunt,Protect|Timid||M|||50|]Torkoal||Charcoal|Drought|Eruption,WeatherBall,HelpingHand,Protect|Quiet||M|||50|]Farigiraf||SitrusBerry|ArmorTail|Psychic,Thunderbolt,Protect,TrickRoom|Quiet||F|||50|]Sylveon||FairyFeather|Pixilate|HyperVoice,HyperBeam,QuickAttack,Detect|Quiet||M|||50|]Blastoise||Blastoisinite|Torrent|WaterSpout,AuraSphere,DarkPulse,FakeOut|Quiet||M|||50|]Vivillon||FocusSash|CompoundEyes|PollenPuff,Tailwind,SleepPowder,RagePowder|Serious||F|||50|
|showteam|p2|Kingambit||LifeOrb|Defiant|KowtowCleave,SuckerPunch,SwordsDance,Protect|Adamant||M|||50|]Sneasler||WhiteHerb|Unburden|FakeOut,CloseCombat,GunkShot,Protect|Adamant||F|||50|]Froslass||Froslassite|SnowCloak|Blizzard,AuroraVeil,ShadowBall,Protect|Timid||F|||50|]Lycanroc-Dusk||FocusSash|ToughClaws|CloseCombat,RockSlide,Accelerock,Protect|Adamant||M|||50|]Basculegion||SitrusBerry|Adaptability|LastRespects,AquaJet,WaveCrash,Protect|Adamant||M|||50|]Scovillain||Scovillainite|Moody|Overheat,GigaDrain,RagePowder,Protect|Bold||M|||50|
|inactive|Battle timer is ON: inactive players will automatically lose when time's up. (requested by failandimprove5)
|inactive|Leodess has 60 seconds left.
|
|t:|1784507398
|teamsize|p1|4
|teamsize|p2|4
|start
|switch|p1a: Farigiraf|Farigiraf, L50, F|100/100
|switch|p1b: Blastoise|Blastoise, L50, M|100/100
|switch|p2a: Froslass|Froslass, L50, F|100/100
|switch|p2b: Lycanroc|Lycanroc-Dusk, L50, M|100/100
|turn|1
|inactive|Leodess has 30 seconds left.
|inactive|Leodess has 20 seconds left.
|inactive|Leodess has 15 seconds left.
|
|t:|1784507441
|switch|p2b: Kingambit|Kingambit, L50, M|100/100
|detailschange|p2a: Froslass|Froslass-Mega, L50, F
|-mega|p2a: Froslass|Froslass|Froslassite
|-weather|Snowscape|[from] ability: Snow Warning|[of] p2a: Froslass
|move|p1b: Blastoise|Fake Out|p2b: Kingambit
|-resisted|p2b: Kingambit|1
|-damage|p2b: Kingambit|97/100
|move|p2a: Froslass|Blizzard|p1b: Blastoise|[spread] p1a,p1b
|-resisted|p1b: Blastoise|1
|-damage|p1a: Farigiraf|66/100
|-damage|p1b: Blastoise|82/100
|move|p1a: Farigiraf|Trick Room|p1a: Farigiraf
|-fieldstart|move: Trick Room|[of] p1a: Farigiraf
|
|-weather|Snowscape|[upkeep]
|upkeep
|turn|2
|
|t:|1784507465
|switch|p1a: Torkoal|Torkoal, L50, M|100/100
|-weather|SunnyDay|[from] ability: Drought|[of] p1a: Torkoal
|detailschange|p1b: Blastoise|Blastoise-Mega, L50, M
|-mega|p1b: Blastoise|Blastoise|Blastoisinite
|move|p2b: Kingambit|Protect|p2b: Kingambit
|-singleturn|p2b: Kingambit|Protect
|move|p1b: Blastoise|Dark Pulse|p2a: Froslass
|-supereffective|p2a: Froslass|1
|-damage|p2a: Froslass|0 fnt
|faint|p2a: Froslass
|
|-weather|SunnyDay|[upkeep]
|upkeep
|
|t:|1784507478
|switch|p2a: Lycanroc|Lycanroc-Dusk, L50, M|100/100
|turn|3
|inactive|Leodess has 30 seconds left.
|inactive|Leodess has 20 seconds left.
|inactive|Leodess has 15 seconds left.
|inactive|Leodess has 10 seconds left.
|inactive|Leodess has 5 seconds left.
|
|t:|1784507531
|move|p2b: Kingambit|Sucker Punch|p1a: Torkoal
|-damage|p1a: Torkoal|59/100
|-damage|p2b: Kingambit|87/100|[from] item: Life Orb
|move|p2a: Lycanroc|Accelerock|p1a: Torkoal
|-supereffective|p1a: Torkoal|1
|-damage|p1a: Torkoal|19/100
|move|p1a: Torkoal|Eruption|p2a: Lycanroc|[spread] p2a,p2b
|-resisted|p2a: Lycanroc|1
|-supereffective|p2b: Kingambit|1
|-damage|p2a: Lycanroc|86/100
|-damage|p2b: Kingambit|52/100
|move|p1b: Blastoise|Aura Sphere|p2a: Lycanroc
|-supereffective|p2a: Lycanroc|1
|-damage|p2a: Lycanroc|0 fnt
|faint|p2a: Lycanroc
|
|-weather|SunnyDay|[upkeep]
|upkeep
|
|t:|1784507539
|switch|p2a: Basculegion|Basculegion, L50, M|100/100
|turn|4
|inactive|Leodess has 30 seconds left.
|
|t:|1784507575
|move|p1a: Torkoal|Helping Hand|p1b: Blastoise
|-singleturn|p1b: Blastoise|Helping Hand|[of] p1a: Torkoal
|move|p2a: Basculegion|Protect|p2a: Basculegion
|-singleturn|p2a: Basculegion|Protect
|move|p2b: Kingambit|Sucker Punch||[still]
|-fail|p2b: Kingambit
|move|p1b: Blastoise|Dark Pulse|p2a: Basculegion
|-activate|p2a: Basculegion|move: Protect
|
|-weather|SunnyDay|[upkeep]
|upkeep
|turn|5
|
|t:|1784507589
|move|p1a: Torkoal|Helping Hand|p1b: Blastoise
|-singleturn|p1b: Blastoise|Helping Hand|[of] p1a: Torkoal
|move|p2a: Basculegion|Aqua Jet|p1a: Torkoal
|-supereffective|p1a: Torkoal|1
|-damage|p1a: Torkoal|0 fnt
|faint|p1a: Torkoal
|move|p2b: Kingambit|Kowtow Cleave|p1b: Blastoise
|-damage|p1b: Blastoise|29/100
|-damage|p2b: Kingambit|42/100|[from] item: Life Orb
|move|p1b: Blastoise|Dark Pulse|p2a: Basculegion
|-supereffective|p2a: Basculegion|1
|-damage|p2a: Basculegion|0 fnt
|faint|p2a: Basculegion
|
|-weather|SunnyDay|[upkeep]
|-fieldend|move: Trick Room
|upkeep
|
|t:|1784507594
|switch|p1a: Sylveon|Sylveon, L50, M|100/100
|turn|6
|-message|failandimprove5 forfeited.
|
|win|Leodess
