|j|☆Ryoku_Jetstream
|j|☆Zonzuki
|html|Ryoku_JetstreamZonzuki    
|uhtml|bestof|Game 1 of a best-of-3
|t:|1783639890
|gametype|doubles
|player|p1|Ryoku_Jetstream|nate|
|player|p2|Zonzuki|2|
|gen|9
|tier|[Gen 9 Champions] VGC 2026 Reg M-B (Bo3)
|rule|Species Clause: Limit one of each Pokémon
|rule|Item Clause: Limit 1 of each item
|clearpoke
|poke|p1|Charizard, L50, M|
|poke|p1|Lycanroc-Dusk, L50, M, shiny|
|poke|p1|Dragonite, L50, F|
|poke|p1|Lucario, L50, F|
|poke|p1|Milotic, L50, F|
|poke|p1|Umbreon, L50, F, shiny|
|poke|p2|Kangaskhan, L50, F|
|poke|p2|Gholdengo, L50|
|poke|p2|Garchomp, L50, M|
|poke|p2|Delphox, L50, F|
|poke|p2|Rotom-Wash, L50|
|poke|p2|Corviknight, L50, M|
|teampreview|4
|showteam|p1|Charizard||CharizarditeX|Blaze|DragonDance,DragonClaw,FlareBlitz,AirSlash|Naughty||M|||50|]Lycanroc-Dusk||FocusSash|ToughClaws|Accelerock,RockSlide,PsychicFangs,IronHead|Jolly||M|||50|]Dragonite||Dragoninite|Multiscale|ExtremeSpeed,DracoMeteor,Thunderbolt,Protect|Quiet||F|||50|]Lucario|||Steadfast|AuraSphere,BulletPunch,DragonPulse,CalmMind|Hasty||F|||50|]Milotic||Leftovers|MarvelScale|Protect,Recover,IceBeam,Scald|Calm||F|||50|]Umbreon|||Synchronize|Snarl,ShadowBall,LightScreen,SkillSwap|Quiet||F|||50|
|showteam|p2|Kangaskhan||SilkScarf|InnerFocus|FakeOut,LastResort|Adamant||F|||50|]Gholdengo||ExpertBelt|GoodasGold|Thunderbolt,ShadowBall,NastyPlot,Protect|Modest|||||50|]Garchomp||YacheBerry|RoughSkin|Outrage,RockSlide,Earthquake,Protect|Adamant||M|||50|]Delphox||Delphoxite|Blaze|HeatWave,CalmMind,Psychic,Protect|Timid||F|||50|]Rotom-Wash||SitrusBerry|Levitate|HydroPump,VoltSwitch,WillOWisp,Protect|Calm|||||50|]Corviknight||Leftovers|MirrorArmor|Tailwind,BodyPress,IronDefense,Protect|Bold||M|||50|
|
|t:|1783640018
|teamsize|p1|4
|teamsize|p2|4
|start
|switch|p1a: Milotic|Milotic, L50, F|100/100
|switch|p1b: Umbreon|Umbreon, L50, F, shiny|100/100
|switch|p2a: Kangaskhan|Kangaskhan, L50, F|100/100
|switch|p2b: Garchomp|Garchomp, L50, M|100/100
|turn|1
|
|t:|1783640051
|move|p2a: Kangaskhan|Fake Out|p1a: Milotic
|-damage|p1a: Milotic|74/100
|move|p2b: Garchomp|Outrage|p1b: Umbreon
|-damage|p1b: Umbreon|41/100
|cant|p1a: Milotic|flinch
|move|p1b: Umbreon|Snarl|p2b: Garchomp|[spread] p2a,p2b
|-damage|p2a: Kangaskhan|85/100
|-damage|p2b: Garchomp|86/100
|-unboost|p2a: Kangaskhan|spa|1
|-unboost|p2b: Garchomp|spa|1
|
|-heal|p1a: Milotic|80/100|[from] item: Leftovers
|upkeep
|turn|2
|
|t:|1783640079
|move|p2b: Garchomp|Outrage|p1a: Milotic|[from] lockedmove
|-damage|p1a: Milotic|12/100
|-start|p2b: Garchomp|confusion|[fatigue]
|move|p2a: Kangaskhan|Last Resort|p1a: Milotic
|-damage|p1a: Milotic|0 fnt
|faint|p1a: Milotic
|move|p1b: Umbreon|Shadow Ball|p2b: Garchomp
|-damage|p2b: Garchomp|69/100
|
|upkeep
|
|t:|1783640095
|switch|p1a: Dragonite|Dragonite, L50, F|100/100
|turn|3
|
|t:|1783640113
|switch|p2b: Rotom|Rotom-Wash, L50|100/100
|detailschange|p1a: Dragonite|Dragonite-Mega, L50, F
|-mega|p1a: Dragonite|Dragonite|Dragoninite
|move|p2a: Kangaskhan|Last Resort|p1a: Dragonite
|-damage|p1a: Dragonite|66/100
|move|p1a: Dragonite|Draco Meteor|p2b: Rotom
|-damage|p2b: Rotom|23/100
|-unboost|p1a: Dragonite|spa|2
|-enditem|p2b: Rotom|Sitrus Berry|[eat]
|-heal|p2b: Rotom|48/100|[from] item: Sitrus Berry
|move|p1b: Umbreon|Snarl|p2b: Rotom|[spread] p2a,p2b
|-damage|p2a: Kangaskhan|71/100
|-damage|p2b: Rotom|36/100
|-unboost|p2a: Kangaskhan|spa|1
|-unboost|p2b: Rotom|spa|1
|
|upkeep
|turn|4
|
|t:|1783640164
|move|p2a: Kangaskhan|Last Resort|p1a: Dragonite
|-damage|p1a: Dragonite|7/100
|move|p1a: Dragonite|Thunderbolt|p2b: Rotom
|-damage|p2b: Rotom|19/100
|move|p2b: Rotom|Volt Switch|p1b: Umbreon
|-damage|p1b: Umbreon|26/100
|
|t:|1783640172
|switch|p2b: Garchomp|Garchomp, L50, M|69/100|[from] Volt Switch
|move|p1b: Umbreon|Light Screen|p1b: Umbreon
|-sidestart|p1: Ryoku_Jetstream|move: Light Screen
|
|upkeep
|turn|5
|
|t:|1783640191
|move|p1a: Dragonite|Protect|p1a: Dragonite
|-singleturn|p1a: Dragonite|Protect
|move|p2b: Garchomp|Rock Slide|p1a: Dragonite|[spread] p1b
|-activate|p1a: Dragonite|move: Protect
|-damage|p1b: Umbreon|8/100
|move|p2a: Kangaskhan|Last Resort|p1b: Umbreon
|-damage|p1b: Umbreon|0 fnt
|faint|p1b: Umbreon
|
|upkeep
|
|t:|1783640203
|switch|p1b: Charizard|Charizard, L50, M|100/100
|turn|6
|
|t:|1783640216
|move|p1a: Dragonite|Extreme Speed|p2a: Kangaskhan
|-damage|p2a: Kangaskhan|52/100
|move|p2b: Garchomp|Rock Slide|p1a: Dragonite|[spread] p1a,p1b
|-supereffective|p1a: Dragonite|1
|-supereffective|p1b: Charizard|2
|-damage|p1a: Dragonite|0 fnt
|-damage|p1b: Charizard|0 fnt
|faint|p1a: Dragonite
|faint|p1b: Charizard
|
|win|Zonzuki
|inactive|Ryoku_Jetstream has 30 seconds to confirm battle start!
|inactive|Zonzuki has 30 seconds to confirm battle start!
