|j|☆streeza
|j|‽sominecraft
|html|streezasominecraft    
|uhtml|bestof|Game 1 of a best-of-3
|t:|1786177149
|gametype|doubles
|player|p1|streeza|101|
|player|p2|sominecraft|101|
|gen|9
|tier|[Gen 9 Champions] VGC 2026 Reg M-B (Bo3)
|rule|Species Clause: Limit one of each Pokémon
|rule|Item Clause: Limit 1 of each item
|clearpoke
|poke|p1|Dragalge, L50, M, shiny|
|poke|p1|Metagross, L50, shiny|
|poke|p1|Whimsicott, L50, F|
|poke|p1|Grimmsnarl, L50, M|
|poke|p1|Tsareena, L50, F|
|poke|p1|Ariados, L50, F|
|poke|p2|Azumarill, L50, F|
|poke|p2|Gardevoir, L50, M|
|poke|p2|Sylveon, L50, M|
|poke|p2|Lycanroc-Midnight, L50, M|
|poke|p2|Ninetales-Alola, L50, M|
|poke|p2|Clefable, L50, M|
|teampreview|4
|showteam|p1|Dragalge||Dragalgite|Adaptability|SludgeWave,SludgeBomb,DracoMeteor,Protect|Modest||M|||50|]Metagross||Metagrossite|ClearBody|BulletPunch,IronHead,IcePunch,Protect|Jolly|||||50|]Whimsicott||FocusSash|Prankster|Tailwind,Taunt,Moonblast,HelpingHand|Bold||F|||50|]Grimmsnarl||LightClay|Prankster|ThroatChop,FakeOut,LightScreen,Reflect|Careful||M|||50|]Tsareena||LifeOrb|QueenlyMajesty|TropKick,HelpingHand,Uturn,Protect|Adamant||F|||50|]Ariados||Leftovers|Sniper|ThroatChop,LeechLife,CrossPoison,RagePowder|Adamant||F|||50|
|showteam|p2|Azumarill||Leftovers|HugePower|BellyDrum,PlayRough,AquaJet,Bulldoze|Brave||F|||50|]Gardevoir||Gardevoirite|Telepathy|TrickRoom,Psychic,MysticalFire,DrainingKiss|Quiet||M|||50|]Sylveon||FairyFeather|Pixilate|HyperVoice,HyperBeam,QuickAttack,Protect|Sassy||M|||50|]Lycanroc-Midnight||LifeOrb|NoGuard|StoneEdge,IronTail,ZenHeadbutt,PlayRough|Jolly||M|||50|]Ninetales-Alola|||SnowWarning|AuroraVeil,Blizzard,DazzlingGleam,Extrasensory|Timid||M|||50|]Clefable||SitrusBerry|Unaware|FollowMe,Protect,Encore,Moonblast|Calm||M|||50|
|
|t:|1786177182
|teamsize|p1|4
|teamsize|p2|4
|start
|switch|p1a: Dragalge|Dragalge, L50, M, shiny|100/100
|switch|p1b: Grimmsnarl|Grimmsnarl, L50, M|100/100
|switch|p2a: Clefable|Clefable, L50, M|100/100
|switch|p2b: Ninetales|Ninetales-Alola, L50, M|100/100
|-weather|Snowscape|[from] ability: Snow Warning|[of] p2b: Ninetales
|turn|1
|
|t:|1786177199
|move|p1b: Grimmsnarl|Fake Out|p2b: Ninetales
|-damage|p2b: Ninetales|89/100
|move|p2a: Clefable|Follow Me|p2a: Clefable
|-singleturn|p2a: Clefable|move: Follow Me
|cant|p2b: Ninetales|flinch
|move|p1a: Dragalge|Sludge Wave|p2a: Clefable|[spread] p1b,p2a,p2b
|-supereffective|p1b: Grimmsnarl|1
|-supereffective|p2a: Clefable|1
|-supereffective|p2b: Ninetales|1
|-damage|p1b: Grimmsnarl|34/100
|-damage|p2a: Clefable|36/100
|-damage|p2b: Ninetales|0 fnt
|-enditem|p2a: Clefable|Sitrus Berry|[eat]
|-heal|p2a: Clefable|61/100|[from] item: Sitrus Berry
|faint|p2b: Ninetales
|
|-weather|Snowscape|[upkeep]
|upkeep
|
|t:|1786177213
|switch|p2b: Sylveon|Sylveon, L50, M|100/100
|turn|2
|
|t:|1786177223
|move|p2a: Clefable|Follow Me|p2a: Clefable
|-singleturn|p2a: Clefable|move: Follow Me
|move|p1b: Grimmsnarl|Light Screen|p1b: Grimmsnarl
|-sidestart|p1: streeza|move: Light Screen
|move|p2b: Sylveon|Hyper Beam|p1a: Dragalge
|-damage|p1a: Dragalge|56/100
|-mustrecharge|p2b: Sylveon
|move|p1a: Dragalge|Sludge Wave|p2b: Sylveon|[spread] p1b,p2a,p2b
|-supereffective|p1b: Grimmsnarl|1
|-crit|p1b: Grimmsnarl
|-supereffective|p2a: Clefable|1
|-supereffective|p2b: Sylveon|1
|-damage|p1b: Grimmsnarl|0 fnt
|-damage|p2a: Clefable|3/100
|-damage|p2b: Sylveon|54/100
|faint|p1b: Grimmsnarl
|
|-weather|Snowscape|[upkeep]
|upkeep
|
|t:|1786177237
|switch|p1b: Metagross|Metagross, L50, shiny|100/100
|turn|3
|
|t:|1786177257
|move|p2a: Clefable|Protect|p2a: Clefable
|-singleturn|p2a: Clefable|Protect
|move|p1b: Metagross|Bullet Punch|p2a: Clefable
|-activate|p2a: Clefable|move: Protect
|cant|p2b: Sylveon|recharge
|move|p1a: Dragalge|Sludge Bomb|p2b: Sylveon
|-supereffective|p2b: Sylveon|1
|-damage|p2b: Sylveon|0 fnt
|faint|p2b: Sylveon
|
|-weather|Snowscape|[upkeep]
|upkeep
|
|t:|1786177268
|switch|p2b: Gardevoir|Gardevoir, L50, M|100/100
|turn|4
|
|t:|1786177285
|detailschange|p1b: Metagross|Metagross-Mega, L50, shiny
|-mega|p1b: Metagross|Metagross|Metagrossite
|detailschange|p2b: Gardevoir|Gardevoir-Mega, L50, M
|-mega|p2b: Gardevoir|Gardevoir|Gardevoirite
|move|p2a: Clefable|Follow Me|p2a: Clefable
|-singleturn|p2a: Clefable|move: Follow Me
|move|p1b: Metagross|Iron Head|p2a: Clefable
|-supereffective|p2a: Clefable|1
|-damage|p2a: Clefable|0 fnt
|faint|p2a: Clefable
|move|p1a: Dragalge|Sludge Wave|p2b: Gardevoir|[spread] p2b
|-immune|p1b: Metagross
|-supereffective|p2b: Gardevoir|1
|-damage|p2b: Gardevoir|26/100
|move|p2b: Gardevoir|Trick Room|p2b: Gardevoir
|-fieldstart|move: Trick Room|[of] p2b: Gardevoir
|
|-weather|Snowscape|[upkeep]
|upkeep
|turn|5
|
|t:|1786177311
|move|p1b: Metagross|Bullet Punch|p2b: Gardevoir
|-supereffective|p2b: Gardevoir|1
|-damage|p2b: Gardevoir|0 fnt
|faint|p2b: Gardevoir
|
|win|streeza
|inactive|streeza has 30 seconds to confirm battle start!
|inactive|sominecraft has 30 seconds to confirm battle start!
||streeza is ready for game 2.
||sominecraft is ready for game 2.
|uhtml|next|Next: Game 2 of 3
|l|☆streeza
|player|p1|
