|j|☆TJP195
|j|☆minasdevilcrobats
|html|TJP195minasdevilcrobats    
|uhtml|bestof|Game 2 of a best-of-3
|t:|1757076588
|gametype|doubles
|player|p1|TJP195|rocketgrunt|1082
|player|p2|minasdevilcrobats|darach-caitlin|1162
|gen|9
|tier|[Gen 9] VGC 2025 Reg H (Bo3)
|rated|
|rule|Species Clause: Limit one of each Pokémon
|rule|Item Clause: Limit 1 of each item
|clearpoke
|poke|p1|Braviary-Hisui, L50, M|
|poke|p1|Ursaluna, L50, M|
|poke|p1|Indeedee-F, L50, F|
|poke|p1|Pawmot, L50, M|
|poke|p1|Tauros-Paldea-Aqua, L50, M|
|poke|p1|Meowstic, L50, M|
|poke|p2|Indeedee, L50, M|
|poke|p2|Sneasler, L50, M|
|poke|p2|Dondozo, L50, F|
|poke|p2|Tatsugiri, L50, M|
|poke|p2|Talonflame, L50, F|
|poke|p2|Glimmora, L50, F|
|teampreview|4
|showteam|p1|Braviary-Hisui||ChoiceSpecs|TintedLens|ExpandingForce,HeatWave,Snarl,Hurricane|||M|||50|,,,,,Psychic]Ursaluna||FlameOrb|Guts|Facade,Protect,HeadlongRush,Earthquake|||M|||50|,,,,,Ghost]Indeedee-F||SafetyGoggles|PsychicSurge|TrickRoom,FollowMe,HelpingHand,DazzlingGleam|||F|||50|,,,,,Fairy]Pawmot||FocusSash|NaturalCure|DoubleShock,CloseCombat,RevivalBlessing,Protect|||M|||50|,,,,,Electric]Tauros-Paldea-Aqua||MirrorHerb|Intimidate|IronHead,RagingBull,CloseCombat,Protect|||M|||50|,,,,,Steel]Meowstic||MentalHerb|Prankster|PsychicTerrain,TrickRoom,LightScreen,RainDance|||M|||50|,,,,,Grass
|showteam|p2|Indeedee||ChoiceScarf|PsychicSurge|ExpandingForce,DazzlingGleam,Trick,Protect|||M|||50|,,,,,Psychic]Sneasler||PsychicSeed|Unburden|CloseCombat,DireClaw,ThroatChop,Protect|||M|||50|,,,,,Dark]Dondozo||Leftovers|Unaware|WaveCrash,OrderUp,Earthquake,Protect|||F|||50|,,,,,Grass]Tatsugiri||LifeOrb|Commander|MuddyWater,DracoMeteor,DragonPulse,Protect|||M|||50|,,,,,Steel]Talonflame||CovertCloak|GaleWings|FlareBlitz,WillOWisp,Tailwind,Taunt|||F|||50|,,,,,Water]Glimmora||PowerHerb|ToxicDebris|MeteorBeam,SludgeBomb,EarthPower,SpikyShield|||F|||50|,,,,,Grass
|
|t:|1757076619
|teamsize|p1|4
|teamsize|p2|4
|start
|switch|p1a: Indeedee|Indeedee-F, L50, F, shiny|100/100
|switch|p1b: Meowstic|Meowstic, L50, M, shiny|100/100
|switch|p2a: Tatsugiri|Tatsugiri, L50, M|100/100
|switch|p2b: Dondozo|Dondozo, L50, F|100/100
|-fieldstart|move: Psychic Terrain|[from] ability: Psychic Surge|[of] p1a: Indeedee
|-activate|p2a: Tatsugiri|ability: Commander|[of] p2b: Dondozo
|-boost|p2b: Dondozo|atk|2
|-boost|p2b: Dondozo|spa|2
|-boost|p2b: Dondozo|spe|2
|-boost|p2b: Dondozo|def|2
|-boost|p2b: Dondozo|spd|2
|turn|1
|
|t:|1757076649
|move|p1a: Indeedee|Follow Me|p1a: Indeedee
|-singleturn|p1a: Indeedee|move: Follow Me
|move|p2b: Dondozo|Wave Crash|p1a: Indeedee
|-damage|p1a: Indeedee|13/100
|-damage|p2b: Dondozo|78/100|[from] Recoil
|move|p1b: Meowstic|Trick Room|p1b: Meowstic
|-fieldstart|move: Trick Room|[of] p1b: Meowstic
|
|-heal|p2b: Dondozo|84/100|[from] item: Leftovers
|upkeep
|turn|2
|
|t:|1757076662
|switch|p1b: Ursaluna|Ursaluna, L50, M, shiny|100/100
|move|p1a: Indeedee|Follow Me|p1a: Indeedee
|-singleturn|p1a: Indeedee|move: Follow Me
|move|p2b: Dondozo|Order Up|p1a: Indeedee
|-damage|p1a: Indeedee|0 fnt
|faint|p1a: Indeedee
|-boost|p2b: Dondozo|atk|1
|
|-heal|p2b: Dondozo|90/100|[from] item: Leftovers
|-status|p1b: Ursaluna|brn|[from] item: Flame Orb
|upkeep
|
|t:|1757076674
|switch|p1a: Braviary|Braviary-Hisui, L50, M, shiny|100/100
|turn|3
|
|t:|1757076685
|-terastallize|p1a: Braviary|Psychic
|move|p2b: Dondozo|Protect|p2b: Dondozo
|-singleturn|p2b: Dondozo|Protect
|move|p1b: Ursaluna|Facade|p2b: Dondozo
|-activate|p2b: Dondozo|move: Protect
|move|p1a: Braviary|Expanding Force|p2a: Tatsugiri|[spread] 
|-miss|p1a: Braviary|p2a: Tatsugiri
|-activate|p2b: Dondozo|move: Protect
|
|-heal|p2b: Dondozo|97/100|[from] item: Leftovers
|-damage|p1b: Ursaluna|94/100 brn|[from] brn
|upkeep
|turn|4
|
|t:|1757076710
|move|p1b: Ursaluna|Facade|p2b: Dondozo
|-damage|p2b: Dondozo|52/100
|move|p1a: Braviary|Expanding Force|p2b: Dondozo|[spread] p2b
|-miss|p1a: Braviary|p2a: Tatsugiri
|-damage|p2b: Dondozo|0 fnt
|faint|p2b: Dondozo
|
|-damage|p1b: Ursaluna|88/100 brn|[from] brn
|upkeep
|
|t:|1757076717
|switch|p2b: Glimmora|Glimmora, L50, F|100/100
|turn|5
|
|t:|1757076729
|switch|p1b: Meowstic|Meowstic, L50, M, shiny|100/100
|move|p2a: Tatsugiri|Protect|p2a: Tatsugiri
|-singleturn|p2a: Tatsugiri|Protect
|move|p2b: Glimmora|Spiky Shield|p2b: Glimmora
|-singleturn|p2b: Glimmora|move: Protect
|move|p1a: Braviary|Expanding Force|p2b: Glimmora|[spread] 
|-activate|p2a: Tatsugiri|move: Protect
|-activate|p2b: Glimmora|move: Protect
|
|-fieldend|move: Trick Room
|-fieldend|move: Psychic Terrain
|upkeep
|turn|6
|
|t:|1757076753
|switch|p1a: Ursaluna|Ursaluna, L50, M, shiny|88/100 brn
|move|p2b: Glimmora|Meteor Beam||[still]
|-prepare|p2b: Glimmora|Meteor Beam
|-boost|p2b: Glimmora|spa|1
|-enditem|p2b: Glimmora|Power Herb
|-anim|p2b: Glimmora|Meteor Beam|p1a: Ursaluna|[miss]
|-miss|p2b: Glimmora|p1a: Ursaluna
|move|p2a: Tatsugiri|Draco Meteor|p1a: Ursaluna
|-damage|p1a: Ursaluna|27/100 brn
|-unboost|p2a: Tatsugiri|spa|2
|-damage|p2a: Tatsugiri|91/100|[from] item: Life Orb
|move|p1b: Meowstic|Trick Room|p1b: Meowstic
|-fieldstart|move: Trick Room|[of] p1b: Meowstic
|
|-damage|p1a: Ursaluna|21/100 brn|[from] brn
|upkeep
|turn|7
|-message|minasdevilcrobats forfeited.
|
|win|TJP195
|raw|TJP195's rating: 1082 → 1116(+34 for winning)
|raw|minasdevilcrobats's rating: 1162 → 1131(-31 for losing)
|l|☆TJP195
|player|p1|
