|j|☆davirru6
|j|☆yassineVGC
|html|davirru6yassineVGC    
|uhtml|bestof|Game 3 of a best-of-3
|t:|1756907366
|gametype|doubles
|player|p1|davirru6|1|1133
|player|p2|yassineVGC|hilbert|1163
|gen|9
|tier|[Gen 9] VGC 2025 Reg H (Bo3)
|rated|
|rule|Species Clause: Limit one of each Pokémon
|rule|Item Clause: Limit 1 of each item
|clearpoke
|poke|p1|Pelipper, L50, F|
|poke|p1|Archaludon, L50, F|
|poke|p1|Basculegion, L50, M|
|poke|p1|Amoonguss, L50, M|
|poke|p1|Gholdengo, L50|
|poke|p1|Incineroar, L50, M|
|poke|p2|Dragonite, L50, M|
|poke|p2|Garchomp, L50, M|
|poke|p2|Amoonguss, L50, M|
|poke|p2|Incineroar, L50, M|
|poke|p2|Ninetales-Alola, L50, F|
|poke|p2|Kingambit, L50, M|
|teampreview|4
|showteam|p1|Pelipper||FocusSash|Drizzle|Hurricane,WeatherBall,Tailwind,Protect|||F|||50|,,,,,Stellar]Archaludon||AssaultVest|Stamina|ElectroShot,DracoMeteor,Snarl,BodyPress|||F|||50|,,,,,Grass]Basculegion||ChoiceBand|SwiftSwim|WaveCrash,FlipTurn,AquaJet,LastRespects|||M|||50|,,,,,Water]Amoonguss||SitrusBerry|Regenerator|Spore,PollenPuff,RagePowder,Protect|||M|||50|,,,,,Water]Gholdengo||LifeOrb|GoodasGold|MakeItRain,ShadowBall,NastyPlot,Protect||||||50|,,,,,Water]Incineroar||RockyHelmet|Intimidate|KnockOff,FakeOut,Taunt,PartingShot|||M|||50|,,,,,Ghost
|showteam|p2|Dragonite||ChoiceBand|InnerFocus|TeraBlast,ExtremeSpeed,LowKick,IceSpinner|||M|||50|,,,,,Flying]Garchomp||ChoiceScarf|RoughSkin|Earthquake,StompingTantrum,RockSlide,DragonClaw|||M|||50|,,,,,Ground]Amoonguss||SitrusBerry|Regenerator|PollenPuff,ClearSmog,Spore,RagePowder|||M|||50|,,,,,Fairy]Incineroar||AssaultVest|Intimidate|FakeOut,Uturn,FlareBlitz,KnockOff|||M|||50|,,,,,Ghost]Ninetales-Alola||CovertCloak|SnowWarning|Blizzard,FreezeDry,Protect,Encore|||F|||50|,,,,,Water]Kingambit||BlackGlasses|Defiant|KowtowCleave,IronHead,SuckerPunch,Protect|||M|||50|,,,,,Fire
|inactive|Battle timer is ON: inactive players will automatically lose when time's up. (requested by davirru6)
|inactive|yassineVGC also wants the timer to be on.
|inactive|davirru6 has 60 seconds left.
|
|t:|1756907420
|teamsize|p1|4
|teamsize|p2|4
|start
|switch|p1a: Archaludon|Archaludon, L50, F|100/100
|switch|p1b: Incineroar|Incineroar, L50, M|100/100
|switch|p2a: Dragonite|Dragonite, L50, M, shiny|100/100
|switch|p2b: Garchomp|Garchomp, L50, M|100/100
|-ability|p1b: Incineroar|Intimidate|boost
|-fail|p2a: Dragonite|unboost|Attack|[from] ability: Inner Focus|[of] p2a: Dragonite
|-unboost|p2b: Garchomp|atk|1
|turn|1
|inactive|yassineVGC has 30 seconds left.
|inactive|yassineVGC has 20 seconds left.
|
|t:|1756907457
|switch|p2b: Ninetales|Ninetales-Alola, L50, F|100/100
|-weather|Snowscape|[from] ability: Snow Warning|[of] p2b: Ninetales
|switch|p2a: Kingambit|Kingambit, L50, M|100/100
|move|p1b: Incineroar|Fake Out|p2b: Ninetales
|-damage|p2b: Ninetales|89/100
|move|p1a: Archaludon|Draco Meteor|p2a: Kingambit
|-resisted|p2a: Kingambit
|-damage|p2a: Kingambit|70/100
|-unboost|p1a: Archaludon|spa|2
|
|-weather|Snowscape|[upkeep]
|upkeep
|turn|2
|inactive|davirru6 has 30 seconds left.
|inactive|yassineVGC has 30 seconds left.
|inactive|yassineVGC has 20 seconds left.
|
|t:|1756907494
|switch|p1a: Pelipper|Pelipper, L50, F|100/100
|-weather|RainDance|[from] ability: Drizzle|[of] p1a: Pelipper
|switch|p2a: Dragonite|Dragonite, L50, M, shiny|100/100
|move|p2b: Ninetales|Encore||[still]
|-fail|p2b: Ninetales
|move|p1b: Incineroar|Parting Shot|p2b: Ninetales
|-unboost|p2b: Ninetales|atk|1
|-unboost|p2b: Ninetales|spa|1
|
|t:|1756907499
|switch|p1b: Archaludon|Archaludon, L50, F|100/100|[from] Parting Shot
|
|-weather|RainDance|[upkeep]
|upkeep
|turn|3
|inactive|davirru6 has 30 seconds left.
|inactive|yassineVGC has 30 seconds left.
|inactive|yassineVGC has 20 seconds left.
|
|t:|1756907538
|switch|p1a: Incineroar|Incineroar, L50, M|100/100
|-ability|p1a: Incineroar|Intimidate|boost
|-fail|p2a: Dragonite|unboost|Attack|[from] ability: Inner Focus|[of] p2a: Dragonite
|-unboost|p2b: Ninetales|atk|1
|move|p2b: Ninetales|Blizzard|p1b: Archaludon|[spread] 
|-miss|p2b: Ninetales|p1a: Incineroar
|-miss|p2b: Ninetales|p1b: Archaludon
|move|p1b: Archaludon|Draco Meteor|p2a: Dragonite
|-supereffective|p2a: Dragonite
|-damage|p2a: Dragonite|0 fnt
|-unboost|p1b: Archaludon|spa|2
|faint|p2a: Dragonite
|
|-weather|RainDance|[upkeep]
|upkeep
|
|t:|1756907556
|switch|p2a: Garchomp|Garchomp, L50, M|100/100
|turn|4
|inactive|yassineVGC has 30 seconds left.
|
|t:|1756907584
|-terastallize|p2a: Garchomp|Ground
|move|p1a: Incineroar|Fake Out|p2a: Garchomp
|-damage|p2a: Garchomp|89/100
|-damage|p1a: Incineroar|88/100|[from] ability: Rough Skin|[of] p2a: Garchomp
|cant|p2a: Garchomp|flinch
|move|p2b: Ninetales|Freeze-Dry|p1b: Archaludon
|-damage|p1b: Archaludon|88/100
|-ability|p1b: Archaludon|Stamina|boost
|-boost|p1b: Archaludon|def|1
|move|p1b: Archaludon|Body Press|p2a: Garchomp
|-damage|p2a: Garchomp|56/100
|-damage|p1b: Archaludon|76/100|[from] ability: Rough Skin|[of] p2a: Garchomp
|
|-weather|RainDance|[upkeep]
|upkeep
|turn|5
|inactive|davirru6 has 30 seconds left.
|inactive|yassineVGC has 30 seconds left.
|inactive|davirru6 has 20 seconds left.
|inactive|davirru6 has 15 seconds left.
|inactive|davirru6 has 10 seconds left.
|
|t:|1756907630
|-terastallize|p1b: Archaludon|Grass
|move|p2b: Ninetales|Protect|p2b: Ninetales
|-singleturn|p2b: Ninetales|Protect
|move|p2a: Garchomp|Earthquake|p1a: Incineroar|[spread] p1a,p1b
|-activate|p2b: Ninetales|move: Protect
|-supereffective|p1a: Incineroar
|-resisted|p1b: Archaludon
|-damage|p1a: Incineroar|4/100
|-damage|p1b: Archaludon|64/100
|-ability|p1b: Archaludon|Stamina|boost
|-boost|p1b: Archaludon|def|1
|move|p1b: Archaludon|Body Press|p2a: Garchomp
|-damage|p2a: Garchomp|5/100
|-damage|p1b: Archaludon|51/100|[from] ability: Rough Skin|[of] p2a: Garchomp
|move|p1a: Incineroar|Parting Shot|p2a: Garchomp
|-unboost|p2a: Garchomp|atk|1
|-unboost|p2a: Garchomp|spa|1
|
|t:|1756907647
|switch|p1a: Basculegion|Basculegion, L50, M|100/100|[from] Parting Shot
|
|-weather|RainDance|[upkeep]
|upkeep
|turn|6
|inactive|davirru6 has 30 seconds left.
|
|t:|1756907675
|switch|p2b: Kingambit|Kingambit, L50, M|70/100
|move|p2a: Garchomp|Earthquake|p1a: Basculegion|[spread] p2b,p1a,p1b
|-supereffective|p2b: Kingambit
|-resisted|p1b: Archaludon
|-damage|p2b: Kingambit|19/100
|-damage|p1a: Basculegion|59/100
|-damage|p1b: Archaludon|45/100
|-ability|p1b: Archaludon|Stamina|boost
|-boost|p1b: Archaludon|def|1
|move|p1a: Basculegion|Flip Turn|p2b: Kingambit
|-damage|p2b: Kingambit|0 fnt
|faint|p2b: Kingambit
|
|t:|1756907682
|switch|p1a: Incineroar|Incineroar, L50, M|4/100|[from] Flip Turn
|-ability|p1a: Incineroar|Intimidate|boost
|-unboost|p2a: Garchomp|atk|1
|move|p1b: Archaludon|Body Press|p2a: Garchomp
|-damage|p2a: Garchomp|0 fnt
|-damage|p1b: Archaludon|33/100|[from] ability: Rough Skin|[of] p2a: Garchomp
|faint|p2a: Garchomp
|
|-weather|none
|upkeep
|c|☆davirru6|gg
|
|t:|1756907694
|switch|p2b: Ninetales|Ninetales-Alola, L50, F|89/100
|-weather|Snowscape|[from] ability: Snow Warning|[of] p2b: Ninetales
|turn|7
|
|t:|1756907703
|switch|p1b: Pelipper|Pelipper, L50, F|100/100
|-weather|RainDance|[from] ability: Drizzle|[of] p1b: Pelipper
|move|p1a: Incineroar|Fake Out|p2b: Ninetales
|-damage|p2b: Ninetales|74/100
|move|p2b: Ninetales|Blizzard|p1a: Incineroar|[spread] p1a,p1b
|-resisted|p1a: Incineroar
|-damage|p1a: Incineroar|0 fnt
|-damage|p1b: Pelipper|51/100
|-status|p1b: Pelipper|frz
|faint|p1a: Incineroar
|
|-weather|RainDance|[upkeep]
|upkeep
|
|t:|1756907706
|switch|p1a: Basculegion|Basculegion, L50, M|59/100
|turn|8
|
|t:|1756907718
|move|p1a: Basculegion|Wave Crash|p2b: Ninetales
|-crit|p2b: Ninetales
|-damage|p2b: Ninetales|0 fnt
|faint|p2b: Ninetales
|-damage|p1a: Basculegion|39/100|[from] Recoil
|
|win|davirru6
|raw|davirru6's rating: 1133 → 1160(+27 for winning)
|raw|yassineVGC's rating: 1163 → 1136(-27 for losing)
|c|☆yassineVGC|gg
|l|☆yassineVGC
|player|p2|
