|j|☆glotis
|j|☆syndra1999
|html|glotissyndra1999    
|uhtml|bestof|Game 1 of a best-of-3
|t:|1757631940
|gametype|doubles
|player|p1|glotis|linebacker|1086
|player|p2|syndra1999|169|1086
|gen|9
|tier|[Gen 9] VGC 2025 Reg H (Bo3)
|rated|
|rule|Species Clause: Limit one of each Pokémon
|rule|Item Clause: Limit 1 of each item
|clearpoke
|poke|p1|Chesnaught, L50, M|
|poke|p1|Blaziken, L50, F|
|poke|p1|Swampert, L50, F|
|poke|p1|Salamence, L50, F|
|poke|p1|Incineroar, L50, F|
|poke|p1|Breloom, L50, M|
|poke|p2|Ursaluna-Bloodmoon, L50, M|
|poke|p2|Dragonite, L50, F|
|poke|p2|Gholdengo, L50|
|poke|p2|Rillaboom, L50, M|
|poke|p2|Ninetales-Alola, L50, F|
|poke|p2|Porygon2, L50|
|teampreview|4
|showteam|p1|Chesnaught||Leftovers|Bulletproof|LeechSeed,KnockOff,Coaching,WideGuard|||M|||50|,,,,,Fire]Blaziken||FocusSash|SpeedBoost|BlazeKick,Coaching,Protect,CloseCombat|||F|||50|,,,,,Dark]Swampert||AssaultVest|Torrent|Waterfall,BodyPress,Earthquake,FlipTurn|||F|||50|,,,,,Water]Salamence||ClearAmulet|Intimidate|Protect,DragonClaw,DualWingbeat,Tailwind|||F|||50|,,,,,Steel]Incineroar||SafetyGoggles|Intimidate|FakeOut,KnockOff,PartingShot,FirePunch|||F|||50|,,,,,Bug]Breloom||SitrusBerry|Technician|BulletSeed,Spore,Protect,SwordsDance|||M|||50|,,,,,Dark
|showteam|p2|Ursaluna-Bloodmoon||AssaultVest|MindsEye|HyperVoice,BloodMoon,EarthPower,VacuumWave|||M|||50|,,,,,Water]Dragonite||LoadedDice|Multiscale|ScaleShot,Tailwind,Haze,Protect|||F|||50|,,,,,Fairy]Gholdengo||LifeOrb|GoodasGold|MakeItRain,ShadowBall,NastyPlot,Protect||||||50|,,,,,Water]Rillaboom||MiracleSeed|GrassySurge|FakeOut,GrassyGlide,WoodHammer,HighHorsepower|||M|||50|,,,,,Grass]Ninetales-Alola||CovertCloak|SnowWarning|AuroraVeil,Blizzard,HelpingHand,FreezeDry|||F|||50|,,,,,Ice]Porygon2||Eviolite|Download|TrickRoom,TeraBlast,Recover,Thunderbolt||||||50|,,,,,Fighting
|inactive|Battle timer is ON: inactive players will automatically lose when time's up. (requested by glotis)
|inactive|syndra1999 has 60 seconds left.
|inactive|syndra1999 has 30 seconds left.
|
|t:|1757632009
|teamsize|p1|4
|teamsize|p2|4
|start
|switch|p1a: Incineroar|Incineroar, L50, F|100/100
|switch|p1b: Blaziken|Blaziken, L50, F|100/100
|switch|p2a: Ninetales|Ninetales-Alola, L50, F|100/100
|switch|p2b: Rillaboom|Rillaboom, L50, M|100/100
|-weather|Snowscape|[from] ability: Snow Warning|[of] p2a: Ninetales
|-fieldstart|move: Grassy Terrain|[from] ability: Grassy Surge|[of] p2b: Rillaboom
|-ability|p1a: Incineroar|Intimidate|boost
|-unboost|p2a: Ninetales|atk|1
|-unboost|p2b: Rillaboom|atk|1
|turn|1
|inactive|syndra1999 has 30 seconds left.
|inactive|syndra1999 has 20 seconds left.
|
|t:|1757632045
|move|p1b: Blaziken|Protect|p1b: Blaziken
|-singleturn|p1b: Blaziken|Protect
|move|p2b: Rillaboom|Fake Out|p1a: Incineroar
|-damage|p1a: Incineroar|92/100
|move|p2a: Ninetales|Aurora Veil|p2a: Ninetales
|-sidestart|p2: syndra1999|move: Aurora Veil
|cant|p1a: Incineroar|flinch
|
|-weather|Snowscape|[upkeep]
|-heal|p1a: Incineroar|98/100|[from] Grassy Terrain
|-ability|p1b: Blaziken|Speed Boost|boost
|-boost|p1b: Blaziken|spe|1
|upkeep
|turn|2
|inactive|syndra1999 has 30 seconds left.
|
|t:|1757632073
|switch|p2a: Ursaluna|Ursaluna-Bloodmoon, L50, M|100/100
|switch|p2b: Dragonite|Dragonite, L50, F|100/100
|move|p1b: Blaziken|Blaze Kick|p2b: Dragonite
|-resisted|p2b: Dragonite
|-damage|p2b: Dragonite|94/100
|move|p1a: Incineroar|Parting Shot|p2a: Ursaluna
|-unboost|p2a: Ursaluna|atk|1
|-unboost|p2a: Ursaluna|spa|1
|
|t:|1757632084
|switch|p1a: Chesnaught|Chesnaught, L50, M|100/100|[from] Parting Shot
|
|-weather|Snowscape|[upkeep]
|-ability|p1b: Blaziken|Speed Boost|boost
|-boost|p1b: Blaziken|spe|1
|upkeep
|turn|3
|inactive|syndra1999 has 30 seconds left.
|inactive|syndra1999 has 20 seconds left.
|inactive|syndra1999 has 15 seconds left.
|
|t:|1757632129
|switch|p1b: Incineroar|Incineroar, L50, F|98/100
|-ability|p1b: Incineroar|Intimidate|boost
|-unboost|p2a: Ursaluna|atk|1
|-unboost|p2b: Dragonite|atk|1
|move|p2b: Dragonite|Tailwind|p2b: Dragonite
|-sidestart|p2: syndra1999|move: Tailwind
|move|p2a: Ursaluna|Earth Power|p1b: Incineroar
|-supereffective|p1b: Incineroar
|-crit|p1b: Incineroar
|-damage|p1b: Incineroar|0 fnt
|faint|p1b: Incineroar
|move|p1a: Chesnaught|Leech Seed|p2a: Ursaluna
|-start|p2a: Ursaluna|move: Leech Seed
|
|-weather|Snowscape|[upkeep]
|-damage|p2a: Ursaluna|88/100|[from] Leech Seed|[of] p1a: Chesnaught
|upkeep
|
|t:|1757632142
|switch|p1b: Swampert|Swampert, L50, F|100/100
|turn|4
|inactive|syndra1999 has 30 seconds left.
|inactive|syndra1999 has 20 seconds left.
|
|t:|1757632182
|switch|p2a: Rillaboom|Rillaboom, L50, M|100/100
|-terastallize|p1b: Swampert|Water
|move|p2b: Dragonite|Haze|p2b: Dragonite
|-clearallboost
|move|p1b: Swampert|Waterfall|p2a: Rillaboom
|-resisted|p2a: Rillaboom
|-damage|p2a: Rillaboom|83/100
|move|p1a: Chesnaught|Leech Seed|p2b: Dragonite|[miss]
|-miss|p1a: Chesnaught|p2b: Dragonite
|
|-weather|Snowscape|[upkeep]
|-heal|p2a: Rillaboom|88/100|[from] Grassy Terrain
|upkeep
|turn|5
|inactive|syndra1999 has 30 seconds left.
|
|t:|1757632207
|switch|p1b: Blaziken|Blaziken, L50, F|100/100
|-terastallize|p2a: Rillaboom|Grass
|move|p2b: Dragonite|Scale Shot|p1a: Chesnaught
|-damage|p1a: Chesnaught|92/100
|-damage|p1a: Chesnaught|84/100
|-damage|p1a: Chesnaught|76/100
|-damage|p1a: Chesnaught|68/100
|-damage|p1a: Chesnaught|60/100
|-hitcount|p1a: Chesnaught|5
|-unboost|p2b: Dragonite|def|1
|-boost|p2b: Dragonite|spe|1
|move|p2a: Rillaboom|Wood Hammer|p1b: Blaziken
|-resisted|p1b: Blaziken
|-damage|p1b: Blaziken|14/100
|-damage|p2a: Rillaboom|63/100|[from] Recoil
|move|p1a: Chesnaught|Leech Seed|p2b: Dragonite
|-start|p2b: Dragonite|move: Leech Seed
|
|-weather|none
|-heal|p2a: Rillaboom|69/100|[from] Grassy Terrain
|-heal|p1b: Blaziken|20/100|[from] Grassy Terrain
|-heal|p1a: Chesnaught|67/100|[from] Grassy Terrain
|-heal|p1a: Chesnaught|73/100|[from] item: Leftovers
|-damage|p2b: Dragonite|82/100|[from] Leech Seed|[of] p1a: Chesnaught
|-heal|p1a: Chesnaught|83/100|[silent]
|-sideend|p2: syndra1999|move: Aurora Veil
|-fieldend|move: Grassy Terrain
|upkeep
|turn|6
|inactive|syndra1999 has 30 seconds left.
|inactive|syndra1999 has 20 seconds left.
|inactive|syndra1999 has 15 seconds left.
|
|t:|1757632248
|switch|p2a: Ursaluna|Ursaluna-Bloodmoon, L50, M|88/100
|move|p1b: Blaziken|Protect|p1b: Blaziken
|-singleturn|p1b: Blaziken|Protect
|move|p2b: Dragonite|Scale Shot|p1b: Blaziken
|-activate|p1b: Blaziken|move: Protect
|move|p1a: Chesnaught|Knock Off|p2a: Ursaluna
|-damage|p2a: Ursaluna|71/100
|-enditem|p2a: Ursaluna|Assault Vest|[from] move: Knock Off|[of] p1a: Chesnaught
|
|-heal|p1a: Chesnaught|89/100|[from] item: Leftovers
|-damage|p2b: Dragonite|70/100|[from] Leech Seed|[of] p1a: Chesnaught
|-heal|p1a: Chesnaught|99/100|[silent]
|-sideend|p2: syndra1999|move: Tailwind
|-ability|p1b: Blaziken|Speed Boost|boost
|-boost|p1b: Blaziken|spe|1
|upkeep
|turn|7
|inactive|syndra1999 has 30 seconds left.
|inactive|syndra1999 has 20 seconds left.
|inactive|syndra1999 has 15 seconds left.
|
|t:|1757632289
|move|p1b: Blaziken|Protect|p1b: Blaziken
|-singleturn|p1b: Blaziken|Protect
|move|p2b: Dragonite|Scale Shot|p1a: Chesnaught
|-damage|p1a: Chesnaught|92/100
|-damage|p1a: Chesnaught|84/100
|-damage|p1a: Chesnaught|76/100
|-damage|p1a: Chesnaught|68/100
|-damage|p1a: Chesnaught|59/100
|-hitcount|p1a: Chesnaught|5
|-unboost|p2b: Dragonite|def|1
|-boost|p2b: Dragonite|spe|1
|move|p1a: Chesnaught|Leech Seed|p2a: Ursaluna
|-start|p2a: Ursaluna|move: Leech Seed
|move|p2a: Ursaluna|Blood Moon|p1a: Chesnaught
|-damage|p1a: Chesnaught|0 fnt
|faint|p1a: Chesnaught
|
|-ability|p1b: Blaziken|Speed Boost|boost
|-boost|p1b: Blaziken|spe|1
|upkeep
|
|t:|1757632305
|switch|p1a: Swampert|Swampert, L50, F, tera:Water|100/100
|turn|8
|
|t:|1757632318
|move|p2a: Ursaluna|Vacuum Wave|p1b: Blaziken
|-damage|p1b: Blaziken|3/100
|move|p1b: Blaziken|Coaching|p1a: Swampert
|-boost|p1a: Swampert|atk|1
|-boost|p1a: Swampert|def|1
|move|p2b: Dragonite|Scale Shot|p1a: Swampert
|-damage|p1a: Swampert|90/100
|-damage|p1a: Swampert|79/100
|-damage|p1a: Swampert|69/100
|-damage|p1a: Swampert|59/100
|-hitcount|p1a: Swampert|4
|-unboost|p2b: Dragonite|def|1
|-boost|p2b: Dragonite|spe|1
|move|p1a: Swampert|Waterfall|p2a: Ursaluna
|-supereffective|p2a: Ursaluna
|-damage|p2a: Ursaluna|0 fnt
|faint|p2a: Ursaluna
|
|-damage|p2b: Dragonite|58/100|[from] Leech Seed|[of] p1a: Swampert
|-heal|p1a: Swampert|70/100|[silent]
|-ability|p1b: Blaziken|Speed Boost|boost
|-boost|p1b: Blaziken|spe|1
|upkeep
|
|t:|1757632343
|switch|p2a: Rillaboom|Rillaboom, L50, M, tera:Grass|69/100
|-fieldstart|move: Grassy Terrain|[from] ability: Grassy Surge|[of] p2a: Rillaboom
|turn|9
|
|t:|1757632355
|move|p2a: Rillaboom|Grassy Glide|p1a: Swampert
|-supereffective|p1a: Swampert
|-damage|p1a: Swampert|0 fnt
|faint|p1a: Swampert
|move|p1b: Blaziken|Blaze Kick|p2a: Rillaboom
|-supereffective|p2a: Rillaboom
|-damage|p2a: Rillaboom|5/100
|move|p2b: Dragonite|Scale Shot|p1b: Blaziken
|-damage|p1b: Blaziken|0 fnt
|faint|p1b: Blaziken
|-hitcount|p1: Blaziken|1
|
|win|syndra1999
||syndra1999 is ready for game 2.
|l|☆glotis
|player|p1|
||glotis is ready for game 2.
|uhtml|next|Next: Game 2 of 3
