|j|☆higigig
|j|☆GenG Fan
|html|higigigGenG Fan    
|uhtml|bestof|Game 1 of a best-of-3
|t:|1756379171
|gametype|doubles
|player|p1|higigig|sisandbro|1138
|player|p2|GenG Fan|cynthia-gen4|1058
|gen|9
|tier|[Gen 9] VGC 2025 Reg H (Bo3)
|rated|
|rule|Species Clause: Limit one of each Pokémon
|rule|Item Clause: Limit 1 of each item
|clearpoke
|poke|p1|Sneasler, L50, M|
|poke|p1|Ursaluna-Bloodmoon, L50, M|
|poke|p1|Amoonguss, L50, F|
|poke|p1|Incineroar, L50, F|
|poke|p1|Altaria, L50, F|
|poke|p1|Gholdengo, L50|
|poke|p2|Torkoal, L50, F|
|poke|p2|Indeedee-F, L50, F|
|poke|p2|Gallade, L50, M|
|poke|p2|Ursaluna, L50, F|
|poke|p2|Hatterene, L50, F|
|poke|p2|Lilligant-Hisui, L50, F|
|teampreview|4
|showteam|p1|Sneasler||ClearAmulet|PoisonTouch|FakeOut,CloseCombat,DireClaw,Protect|||M|||50|,,,,,Water]Ursaluna-Bloodmoon||AssaultVest|MindsEye|HyperVoice,EarthPower,BloodMoon,Moonblast|||M|||50|,,,,,Fairy]Amoonguss||SitrusBerry|Regenerator|SludgeBomb,PollenPuff,Spore,RagePowder|||F|||50|,,,,,Dark]Incineroar||SafetyGoggles|Intimidate|FakeOut,FlareBlitz,KnockOff,PartingShot|||F|||50|,,,,,Ghost]Altaria||CovertCloak|CloudNine|BreakingSwipe,Haze,Tailwind,Protect|||F|||50|,,,,,Fairy]Gholdengo||LifeOrb|GoodasGold|NastyPlot,MakeItRain,ShadowBall,Protect||||||50|,,,,,Water
|showteam|p2|Torkoal||Charcoal|Drought|Eruption,WeatherBall,EarthPower,Protect|||F|||50|,,,,,Fire]Indeedee-F||PsychicSeed|PsychicSurge|Psychic,FollowMe,HelpingHand,TrickRoom|||F|||50|,,,,,Grass]Gallade||ClearAmulet|Sharpness|SacredSword,PsychoCut,WideGuard,TrickRoom|||M|||50|,,,,,Grass]Ursaluna||FlameOrb|Guts|Facade,HeadlongRush,Substitute,Protect|||F|||50|,,,,,Ghost]Hatterene||LifeOrb|MagicBounce|ExpandingForce,DazzlingGleam,TrickRoom,Protect|||F|||50|,,,,,Water]Lilligant-Hisui||FocusSash|Chlorophyll|SolarBlade,CloseCombat,SleepPowder,AfterYou|||F|||50|,,,,,Grass
|inactive|Battle timer is ON: inactive players will automatically lose when time's up. (requested by higigig)
|inactive|higigig has 60 seconds left.
|inactive|GenG Fan has 60 seconds left.
|
|t:|1756379228
|teamsize|p1|4
|teamsize|p2|4
|start
|switch|p1a: Altaria|Altaria, L50, F|100/100
|switch|p1b: Gholdengo|Gholdengo, L50|100/100
|switch|p2a: Lilligant|Lilligant-Hisui, L50, F|100/100
|switch|p2b: Torkoal|Torkoal, L50, F|100/100
|-ability|p1a: Altaria|Cloud Nine
|-weather|SunnyDay|[from] ability: Drought|[of] p2b: Torkoal
|turn|1
|inactive|GenG Fan has 30 seconds left.
|
|t:|1756379261
|-terastallize|p1b: Gholdengo|Water
|move|p2a: Lilligant|Sleep Powder|p1a: Altaria
|-status|p1a: Altaria|slp|[from] move: Sleep Powder
|move|p1b: Gholdengo|Nasty Plot|p1b: Gholdengo
|-boost|p1b: Gholdengo|spa|2
|cant|p1a: Altaria|slp
|move|p2b: Torkoal|Earth Power|p1b: Gholdengo
|-damage|p1b: Gholdengo|73/100
|
|-weather|SunnyDay|[upkeep]
|upkeep
|turn|2
|inactive|GenG Fan has 30 seconds left.
|inactive|GenG Fan has 20 seconds left.
|inactive|GenG Fan has 15 seconds left.
|
|t:|1756379301
|move|p2b: Torkoal|Protect|p2b: Torkoal
|-singleturn|p2b: Torkoal|Protect
|move|p2a: Lilligant|Close Combat|p1b: Gholdengo
|-damage|p1b: Gholdengo|12/100
|-unboost|p2a: Lilligant|def|1
|-unboost|p2a: Lilligant|spd|1
|move|p1b: Gholdengo|Shadow Ball|p2b: Torkoal
|-activate|p2b: Torkoal|move: Protect
|cant|p1a: Altaria|slp
|
|-weather|SunnyDay|[upkeep]
|upkeep
|turn|3
|inactive|GenG Fan has 30 seconds left.
|
|t:|1756379327
|move|p1b: Gholdengo|Protect|p1b: Gholdengo
|-singleturn|p1b: Gholdengo|Protect
|move|p2a: Lilligant|After You|p2b: Torkoal
|-activate|p2b: Torkoal|move: After You
|move|p2b: Torkoal|Eruption|p1a: Altaria|[spread] p1a
|-activate|p1b: Gholdengo|move: Protect
|-resisted|p1a: Altaria
|-crit|p1a: Altaria
|-damage|p1a: Altaria|57/100 slp
|cant|p1a: Altaria|slp
|
|-weather|SunnyDay|[upkeep]
|upkeep
|turn|4
|
|t:|1756379349
|-terastallize|p2b: Torkoal|Fire
|move|p1b: Gholdengo|Protect|p1b: Gholdengo
|-singleturn|p1b: Gholdengo|Protect
|move|p2a: Lilligant|After You|p2b: Torkoal
|-activate|p2b: Torkoal|move: After You
|move|p2b: Torkoal|Eruption|p1a: Altaria|[spread] p1a
|-activate|p1b: Gholdengo|move: Protect
|-resisted|p1a: Altaria
|-damage|p1a: Altaria|19/100 slp
|-curestatus|p1a: Altaria|slp|[msg]
|move|p1a: Altaria|Tailwind|p1a: Altaria
|-sidestart|p1: higigig|move: Tailwind
|
|-weather|SunnyDay|[upkeep]
|upkeep
|turn|5
|inactive|GenG Fan has 30 seconds left.
|inactive|GenG Fan has 20 seconds left.
|inactive|GenG Fan has 15 seconds left.
|
|t:|1756379394
|move|p2b: Torkoal|Protect|p2b: Torkoal
|-singleturn|p2b: Torkoal|Protect
|move|p1b: Gholdengo|Make It Rain|p2b: Torkoal|[spread] p2a
|-activate|p2b: Torkoal|move: Protect
|-enditem|p2a: Lilligant|Focus Sash
|-damage|p2a: Lilligant|1/100
|-unboost|p1b: Gholdengo|spa|1
|-damage|p1b: Gholdengo|3/100|[from] item: Life Orb
|move|p1a: Altaria|Breaking Swipe|p2b: Torkoal|[spread] p2a
|-activate|p2b: Torkoal|move: Protect
|-damage|p2a: Lilligant|0 fnt
|faint|p2a: Lilligant
|
|-weather|none
|upkeep
|
|t:|1756379410
|switch|p2a: Indeedee|Indeedee-F, L50, F|100/100
|-fieldstart|move: Psychic Terrain|[from] ability: Psychic Surge|[of] p2a: Indeedee
|-enditem|p2a: Indeedee|Psychic Seed
|-boost|p2a: Indeedee|spd|1|[from] item: Psychic Seed
|turn|6
|
|t:|1756379433
|move|p1b: Gholdengo|Make It Rain|p2b: Torkoal|[spread] p2a,p2b
|-resisted|p2b: Torkoal
|-damage|p2a: Indeedee|42/100
|-damage|p2b: Torkoal|43/100
|-unboost|p1b: Gholdengo|spa|1
|-damage|p1b: Gholdengo|0 fnt|[from] item: Life Orb
|faint|p1b: Gholdengo
|move|p1a: Altaria|Breaking Swipe|p2a: Indeedee|[spread] p2a,p2b
|-damage|p2a: Indeedee|31/100
|-damage|p2b: Torkoal|32/100
|-unboost|p2a: Indeedee|atk|1
|-unboost|p2b: Torkoal|atk|1
|move|p2b: Torkoal|Eruption|p1a: Altaria
|-resisted|p1a: Altaria
|-damage|p1a: Altaria|4/100
|move|p2a: Indeedee|Trick Room|p2a: Indeedee
|-fieldstart|move: Trick Room|[of] p2a: Indeedee
|
|upkeep
|
|t:|1756379447
|switch|p1b: Ursaluna|Ursaluna-Bloodmoon, L50, M|100/100
|turn|7
|
|t:|1756379462
|move|p1a: Altaria|Protect|p1a: Altaria
|-singleturn|p1a: Altaria|Protect
|move|p2b: Torkoal|Eruption|p1b: Ursaluna|[spread] p1b
|-activate|p1a: Altaria|move: Protect
|-damage|p1b: Ursaluna|81/100
|move|p2a: Indeedee|Psychic|p1b: Ursaluna
|-damage|p1b: Ursaluna|53/100
|move|p1b: Ursaluna|Blood Moon|p2a: Indeedee
|-damage|p2a: Indeedee|0 fnt
|faint|p2a: Indeedee
|
|-sideend|p1: higigig|move: Tailwind
|upkeep
|
|t:|1756379475
|switch|p2a: Ursaluna|Ursaluna, L50, F|100/100
|turn|8
|
|t:|1756379497
|move|p1a: Altaria|Protect||[still]
|-fail|p1a: Altaria
|move|p2b: Torkoal|Eruption|p1b: Ursaluna|[spread] p1a,p1b
|-resisted|p1a: Altaria
|-damage|p1a: Altaria|0 fnt
|-damage|p1b: Ursaluna|33/100
|faint|p1a: Altaria
|move|p2a: Ursaluna|Facade|p1b: Ursaluna
|-damage|p1b: Ursaluna|0 fnt
|faint|p1b: Ursaluna
|
|-status|p2a: Ursaluna|brn|[from] item: Flame Orb
|upkeep
|
|t:|1756379502
|switch|p1b: Amoonguss|Amoonguss, L50, F|100/100
|turn|9
|-message|higigig forfeited.
|
|win|GenG Fan
