|j|☆Yubay Chocolate
|j|☆Invoker Kuzan
|html|Yubay ChocolateInvoker Kuzan    
|uhtml|bestof|Game 2 of a best-of-3
|t:|1756393710
|gametype|doubles
|player|p1|Yubay Chocolate|kieran-champion|1206
|player|p2|Invoker Kuzan|marnie-masters3|1266
|gen|9
|tier|[Gen 9] VGC 2025 Reg H (Bo3)
|rated|
|rule|Species Clause: Limit one of each Pokémon
|rule|Item Clause: Limit 1 of each item
|clearpoke
|poke|p1|Dragonite, L50, M|
|poke|p1|Volcarona, L50, F|
|poke|p1|Sneasler, L50, M|
|poke|p1|Rillaboom, L50, M|
|poke|p1|Electabuzz, L50, M|
|poke|p1|Kingambit, L50, M|
|poke|p2|Indeedee-F, L50, F|
|poke|p2|Hatterene, L50, F|
|poke|p2|Gallade, L50, M|
|poke|p2|Ursaluna, L50, M|
|poke|p2|Lilligant-Hisui, L50, F|
|poke|p2|Torkoal, L50, M|
|teampreview|4
|showteam|p1|Dragonite||LoadedDice|Multiscale|ScaleShot,ExtremeSpeed,Haze,Protect|||M|||50|,,,,,Fairy]Volcarona||CovertCloak|FlameBody|HeatWave,TeraBlast,QuiverDance,Protect|||F|||50|,,,,,Fairy]Sneasler||FocusSash|Unburden|CloseCombat,DireClaw,Coaching,Protect|||M|||50|,,,,,Stellar]Rillaboom||AssaultVest|GrassySurge|WoodHammer,GrassyGlide,HighHorsepower,FakeOut|||M|||50|,,,,,Water]Electabuzz||Eviolite|VitalSpirit|Electroweb,FollowMe,Taunt,Protect|||M|||50|,,,,,Ghost]Kingambit||BlackGlasses|Defiant|KowtowCleave,SuckerPunch,SwordsDance,Protect|||M|||50|,,,,,Water
|showteam|p2|Indeedee-F||PsychicSeed|PsychicSurge|TrickRoom,FollowMe,HelpingHand,DazzlingGleam|||F|||50|,,,,,Fire]Hatterene||LifeOrb|MagicBounce|ExpandingForce,TrickRoom,DazzlingGleam,Protect|||F|||50|,,,,,Psychic]Gallade||ClearAmulet|Sharpness|PsychoCut,TrickRoom,SacredSword,WideGuard|||M|||50|,,,,,Grass]Ursaluna||FlameOrb|Guts|HeadlongRush,Facade,SwordsDance,Protect|||M|||50|,,,,,Ghost]Lilligant-Hisui||FocusSash|Chlorophyll|SolarBlade,SleepPowder,CloseCombat,AfterYou|||F|||50|,,,,,Ghost]Torkoal||ChoiceSpecs|Drought|Eruption,HeatWave,WeatherBall,EarthPower|||M|||50|,,,,,Fire
|inactive|Battle timer is ON: inactive players will automatically lose when time's up. (requested by Yubay Chocolate)
|
|t:|1756393730
|teamsize|p1|4
|teamsize|p2|4
|start
|switch|p1a: Kingambit|Kingambit, L50, M|100/100
|switch|p1b: Electabuzz|Electabuzz, L50, M|100/100
|switch|p2a: Indeedee|Indeedee-F, L50, F, shiny|100/100
|switch|p2b: Gallade|Gallade, L50, M, shiny|100/100
|-fieldstart|move: Psychic Terrain|[from] ability: Psychic Surge|[of] p2a: Indeedee
|-enditem|p2a: Indeedee|Psychic Seed
|-boost|p2a: Indeedee|spd|1|[from] item: Psychic Seed
|turn|1
|
|t:|1756393743
|switch|p2a: Ursaluna|Ursaluna, L50, M, shiny|100/100
|move|p1b: Electabuzz|Follow Me|p1b: Electabuzz
|-singleturn|p1b: Electabuzz|move: Follow Me
|move|p1a: Kingambit|Swords Dance|p1a: Kingambit
|-boost|p1a: Kingambit|atk|2
|move|p2b: Gallade|Trick Room|p2b: Gallade
|-fieldstart|move: Trick Room|[of] p2b: Gallade
|
|-status|p2a: Ursaluna|brn|[from] item: Flame Orb
|upkeep
|turn|2
|
|t:|1756393761
|-terastallize|p1b: Electabuzz|Ghost
|move|p1b: Electabuzz|Follow Me|p1b: Electabuzz
|-singleturn|p1b: Electabuzz|move: Follow Me
|move|p2a: Ursaluna|Headlong Rush|p1b: Electabuzz
|-damage|p1b: Electabuzz|24/100
|-unboost|p2a: Ursaluna|def|1
|-unboost|p2a: Ursaluna|spd|1
|move|p1a: Kingambit|Kowtow Cleave|p2a: Ursaluna
|-damage|p2a: Ursaluna|0 fnt
|faint|p2a: Ursaluna
|move|p2b: Gallade|Sacred Sword|p1b: Electabuzz
|-immune|p1b: Electabuzz
|
|upkeep
|
|t:|1756393775
|switch|p2a: Torkoal|Torkoal, L50, M, shiny|100/100
|-weather|SunnyDay|[from] ability: Drought|[of] p2a: Torkoal
|turn|3
|
|t:|1756393790
|switch|p2a: Indeedee|Indeedee-F, L50, F, shiny|100/100
|switch|p1b: Rillaboom|Rillaboom, L50, M|100/100
|-fieldstart|move: Grassy Terrain|[from] ability: Grassy Surge|[of] p1b: Rillaboom
|move|p1a: Kingambit|Sucker Punch||[still]
|-fail|p1a: Kingambit
|move|p2b: Gallade|Psycho Cut|p1b: Rillaboom
|-damage|p1b: Rillaboom|45/100
|
|-weather|SunnyDay|[upkeep]
|-heal|p1b: Rillaboom|51/100|[from] Grassy Terrain
|upkeep
|turn|4
|
|t:|1756393809
|switch|p2a: Torkoal|Torkoal, L50, M, shiny|100/100
|move|p1b: Rillaboom|Fake Out|p2a: Torkoal
|-damage|p2a: Torkoal|89/100
|move|p1a: Kingambit|Kowtow Cleave|p2b: Gallade
|-damage|p2b: Gallade|0 fnt
|faint|p2b: Gallade
|
|-weather|SunnyDay|[upkeep]
|-heal|p2a: Torkoal|95/100|[from] Grassy Terrain
|-heal|p1b: Rillaboom|57/100|[from] Grassy Terrain
|upkeep
|
|t:|1756393811
|switch|p2b: Indeedee|Indeedee-F, L50, F, shiny|100/100
|-fieldstart|move: Psychic Terrain|[from] ability: Psychic Surge|[of] p2b: Indeedee
|turn|5
|
|t:|1756393824
|switch|p1b: Electabuzz|Electabuzz, L50, M, tera:Ghost|24/100
|move|p1a: Kingambit|Protect|p1a: Kingambit
|-singleturn|p1a: Kingambit|Protect
|move|p2b: Indeedee|Follow Me|p2b: Indeedee
|-singleturn|p2b: Indeedee|move: Follow Me
|move|p2a: Torkoal|Eruption|p1b: Electabuzz|[spread] p1b
|-activate|p1a: Kingambit|move: Protect
|-damage|p1b: Electabuzz|0 fnt
|faint|p1b: Electabuzz
|
|-weather|SunnyDay|[upkeep]
|-fieldend|move: Trick Room
|upkeep
|
|t:|1756393826
|switch|p1b: Rillaboom|Rillaboom, L50, M|57/100
|-fieldstart|move: Grassy Terrain|[from] ability: Grassy Surge|[of] p1b: Rillaboom
|turn|6
|
|t:|1756393832
|move|p1b: Rillaboom|Fake Out|p2b: Indeedee
|-damage|p2b: Indeedee|86/100
|move|p1a: Kingambit|Kowtow Cleave|p2a: Torkoal
|-damage|p2a: Torkoal|5/100
|move|p2a: Torkoal|Eruption|p1b: Rillaboom|[spread] p1a,p1b
|-supereffective|p1a: Kingambit
|-supereffective|p1b: Rillaboom
|-damage|p1a: Kingambit|92/100
|-damage|p1b: Rillaboom|50/100
|cant|p2b: Indeedee|flinch
|
|-weather|SunnyDay|[upkeep]
|-heal|p1b: Rillaboom|56/100|[from] Grassy Terrain
|-heal|p2b: Indeedee|93/100|[from] Grassy Terrain
|-heal|p1a: Kingambit|98/100|[from] Grassy Terrain
|-heal|p2a: Torkoal|11/100|[from] Grassy Terrain
|upkeep
|turn|7
|-message|Invoker Kuzan forfeited.
|
|win|Yubay Chocolate
||Invoker Kuzan is ready for game 3.
||Yubay Chocolate is ready for game 3.
|uhtml|next|Next: Game 3 of 3
|l|☆Yubay Chocolate
|player|p1|
