|j|☆Mewtwo's Husband
|j|☆damage77
|html|Mewtwo's Husbanddamage77    
|uhtml|bestof|Game 3 of a best-of-3
|t:|1756324350
|gametype|doubles
|player|p1|Mewtwo's Husband|170|1307
|player|p2|damage77|flint|1400
|gen|9
|tier|[Gen 9] VGC 2025 Reg H (Bo3)
|rated|
|rule|Species Clause: Limit one of each Pokémon
|rule|Item Clause: Limit 1 of each item
|clearpoke
|poke|p1|Gholdengo, L50|
|poke|p1|Garchomp, L50, F|
|poke|p1|Rillaboom, L50, M|
|poke|p1|Sneasler, L50, M|
|poke|p1|Tyranitar, L50, F|
|poke|p1|Magmar, L50, F|
|poke|p2|Ninetales-Alola, L50, F|
|poke|p2|Gholdengo, L50|
|poke|p2|Dragonite, L50, F|
|poke|p2|Annihilape, L50, M|
|poke|p2|Ursaluna-Bloodmoon, L50, M|
|poke|p2|Incineroar, L50, F|
|teampreview|4
|showteam|p1|Gholdengo||Leftovers|GoodasGold|MakeItRain,ShadowBall,NastyPlot,Protect||||||50|,,,,,Water]Garchomp||LifeOrb|SandVeil|StompingTantrum,DragonClaw,Protect,SwordsDance|||F|||50|,,,,,Fire]Rillaboom||MiracleSeed|GrassySurge|WoodHammer,GrassyGlide,HighHorsepower,FakeOut|||M|||50|,,,,,Ghost]Sneasler||WhiteHerb|Unburden|Protect,DireClaw,CloseCombat,FakeOut|||M|||50|,,,,,Stellar]Tyranitar||AssaultVest|SandStream|RockSlide,KnockOff,LowKick,TeraBlast|||F|||50|,,,,,Flying]Magmar||Eviolite|VitalSpirit|Protect,HeatWave,Taunt,FollowMe|||F|||50|,,,,,Ghost
|showteam|p2|Ninetales-Alola||LightClay|SnowWarning|IcicleSpear,Blizzard,AuroraVeil,IcyWind|||F|||50|,,,,,Ghost]Gholdengo||ChoiceScarf|GoodasGold|MakeItRain,ShadowBall,Trick,NastyPlot||||||50|,,,,,Steel]Dragonite||LoadedDice|Multiscale|ScaleShot,ExtremeSpeed,Protect,Haze|||F|||50|,,,,,Normal]Annihilape||SafetyGoggles|Defiant|DrainPunch,RageFist,BulkUp,Protect|||M|||50|,,,,,Fire]Ursaluna-Bloodmoon||AssaultVest|MindsEye|BloodMoon,HyperVoice,EarthPower,VacuumWave|||M|||50|,,,,,Water]Incineroar||SitrusBerry|Intimidate|FakeOut,FlareBlitz,KnockOff,PartingShot|||F|||50|,,,,,Ghost
|inactive|Battle timer is ON: inactive players will automatically lose when time's up. (requested by damage77)
|
|t:|1756324381
|teamsize|p1|4
|teamsize|p2|4
|start
|switch|p1a: Gholdengo|Gholdengo, L50|100/100
|switch|p1b: Magmar|Magmar, L50, F|100/100
|switch|p2a: Gholdengo|Gholdengo, L50|100/100
|switch|p2b: Dragonite|Dragonite, L50, F|100/100
|turn|1
|inactive|damage77 has 30 seconds left.
|
|t:|1756324409
|move|p1b: Magmar|Follow Me|p1b: Magmar
|-singleturn|p1b: Magmar|move: Follow Me
|move|p2a: Gholdengo|Trick|p1b: Magmar
|-activate|p2a: Gholdengo|move: Trick|[of] p1b: Magmar
|-item|p1b: Magmar|Choice Scarf|[from] move: Trick
|-item|p2a: Gholdengo|Eviolite|[from] move: Trick
|move|p2b: Dragonite|Scale Shot|p1b: Magmar
|-damage|p1b: Magmar|81/100
|-damage|p1b: Magmar|63/100
|-damage|p1b: Magmar|45/100
|-damage|p1b: Magmar|27/100
|-damage|p1b: Magmar|7/100
|-hitcount|p1b: Magmar|5
|-unboost|p2b: Dragonite|def|1
|-boost|p2b: Dragonite|spe|1
|move|p1a: Gholdengo|Make It Rain|p2b: Dragonite|[spread] p2a,p2b
|-resisted|p2a: Gholdengo
|-damage|p2a: Gholdengo|75/100
|-damage|p2b: Dragonite|77/100
|-unboost|p1a: Gholdengo|spa|1
|
|upkeep
|turn|2
|inactive|Mewtwo's Husband has 30 seconds left.
|inactive|damage77 has 30 seconds left.
|inactive|Mewtwo's Husband has 20 seconds left.
|inactive|damage77 has 20 seconds left.
|inactive|damage77 has 15 seconds left.
|inactive|damage77 has 10 seconds left.
|
|t:|1756324457
|move|p1a: Gholdengo|Protect|p1a: Gholdengo
|-singleturn|p1a: Gholdengo|Protect
|move|p2b: Dragonite|Extreme Speed|p1b: Magmar
|-damage|p1b: Magmar|0 fnt
|faint|p1b: Magmar
|move|p2a: Gholdengo|Shadow Ball|p1a: Gholdengo
|-activate|p1a: Gholdengo|move: Protect
|
|upkeep
|
|t:|1756324466
|switch|p1b: Garchomp|Garchomp, L50, F|100/100
|turn|3
|inactive|damage77 has 30 seconds left.
|inactive|damage77 has 20 seconds left.
|
|t:|1756324504
|switch|p2a: Ninetales|Ninetales-Alola, L50, F|100/100
|-weather|Snowscape|[from] ability: Snow Warning|[of] p2a: Ninetales
|switch|p1a: Tyranitar|Tyranitar, L50, F|100/100
|-weather|Sandstorm|[from] ability: Sand Stream|[of] p1a: Tyranitar
|-terastallize|p1b: Garchomp|Fire
|move|p2b: Dragonite|Protect|p2b: Dragonite
|-singleturn|p2b: Dragonite|Protect
|move|p1b: Garchomp|Dragon Claw|p2b: Dragonite
|-activate|p2b: Dragonite|move: Protect
|
|-weather|Sandstorm|[upkeep]
|-damage|p2b: Dragonite|71/100|[from] Sandstorm
|-damage|p2a: Ninetales|94/100|[from] Sandstorm
|upkeep
|turn|4
|inactive|damage77 has 30 seconds left.
|inactive|Mewtwo's Husband has 30 seconds left.
|inactive|damage77 has 20 seconds left.
|inactive|damage77 has 15 seconds left.
|inactive|damage77 has 10 seconds left.
|inactive|damage77 has 5 seconds left.
|
|t:|1756324557
|switch|p2a: Gholdengo|Gholdengo, L50|75/100
|move|p2b: Dragonite|Scale Shot|p1a: Tyranitar
|-damage|p1a: Tyranitar|89/100
|-damage|p1a: Tyranitar|77/100
|-damage|p1a: Tyranitar|64/100
|-crit|p1a: Tyranitar
|-damage|p1a: Tyranitar|48/100
|-damage|p1a: Tyranitar|35/100
|-hitcount|p1a: Tyranitar|5
|-unboost|p2b: Dragonite|def|1
|-boost|p2b: Dragonite|spe|1
|move|p1b: Garchomp|Dragon Claw|p2b: Dragonite
|-supereffective|p2b: Dragonite
|-damage|p2b: Dragonite|0 fnt
|faint|p2b: Dragonite
|-damage|p1b: Garchomp|91/100|[from] item: Life Orb
|move|p1a: Tyranitar|Rock Slide|p2a: Gholdengo
|-resisted|p2a: Gholdengo
|-damage|p2a: Gholdengo|54/100
|
|-weather|Sandstorm|[upkeep]
|upkeep
|
|t:|1756324575
|switch|p2b: Ninetales|Ninetales-Alola, L50, F|94/100
|-weather|Snowscape|[from] ability: Snow Warning|[of] p2b: Ninetales
|turn|5
|inactive|damage77 has 30 seconds left.
|inactive|damage77 has 20 seconds left.
|
|t:|1756324614
|-terastallize|p2a: Gholdengo|Steel
|move|p2b: Ninetales|Aurora Veil|p2b: Ninetales
|-sidestart|p2: damage77|move: Aurora Veil
|move|p1b: Garchomp|Stomping Tantrum|p2a: Gholdengo
|-supereffective|p2a: Gholdengo
|-damage|p2a: Gholdengo|0 fnt
|faint|p2a: Gholdengo
|-damage|p1b: Garchomp|81/100|[from] item: Life Orb
|move|p1a: Tyranitar|Rock Slide|p2b: Ninetales|[miss]
|-miss|p1a: Tyranitar|p2b: Ninetales
|
|-weather|Snowscape|[upkeep]
|upkeep
|
|t:|1756324625
|switch|p2a: Annihilape|Annihilape, L50, M|100/100
|turn|6
|inactive|Mewtwo's Husband has 30 seconds left.
|
|t:|1756324659
|switch|p1a: Gholdengo|Gholdengo, L50|100/100
|move|p2b: Ninetales|Icy Wind|p1a: Gholdengo|[spread] p1a,p1b
|-resisted|p1a: Gholdengo
|-resisted|p1b: Garchomp
|-damage|p1a: Gholdengo|94/100
|-damage|p1b: Garchomp|74/100
|-unboost|p1a: Gholdengo|spe|1
|-unboost|p1b: Garchomp|spe|1
|move|p2a: Annihilape|Bulk Up|p2a: Annihilape
|-boost|p2a: Annihilape|atk|1
|-boost|p2a: Annihilape|def|1
|move|p1b: Garchomp|Dragon Claw|p2a: Annihilape
|-damage|p2a: Annihilape|75/100
|-damage|p1b: Garchomp|65/100|[from] item: Life Orb
|
|-weather|Snowscape|[upkeep]
|-heal|p1a: Gholdengo|100/100|[from] item: Leftovers
|upkeep
|turn|7
|inactive|Mewtwo's Husband has 30 seconds left.
|inactive|damage77 has 30 seconds left.
|inactive|damage77 has 20 seconds left.
|inactive|Mewtwo's Husband has 20 seconds left.
|inactive|damage77 has 15 seconds left.
|inactive|damage77 has 10 seconds left.
|
|t:|1756324709
|move|p2b: Ninetales|Blizzard|p1b: Garchomp|[spread] p1a,p1b
|-resisted|p1a: Gholdengo
|-resisted|p1b: Garchomp
|-crit|p1b: Garchomp
|-damage|p1a: Gholdengo|89/100
|-damage|p1b: Garchomp|45/100
|move|p2a: Annihilape|Rage Fist|p1a: Gholdengo
|-supereffective|p1a: Gholdengo
|-damage|p1a: Gholdengo|0 fnt
|faint|p1a: Gholdengo
|move|p1b: Garchomp|Dragon Claw|p2a: Annihilape
|-damage|p2a: Annihilape|52/100
|-damage|p1b: Garchomp|35/100|[from] item: Life Orb
|
|-weather|Snowscape|[upkeep]
|upkeep
|
|t:|1756324722
|switch|p1a: Tyranitar|Tyranitar, L50, F|35/100
|-weather|Sandstorm|[from] ability: Sand Stream|[of] p1a: Tyranitar
|turn|8
|
|t:|1756324739
|move|p2b: Ninetales|Blizzard|p1a: Tyranitar|[spread] p1a,p1b
|-resisted|p1b: Garchomp
|-damage|p1a: Tyranitar|26/100
|-damage|p1b: Garchomp|22/100
|move|p2a: Annihilape|Drain Punch|p1a: Tyranitar
|-supereffective|p1a: Tyranitar
|-damage|p1a: Tyranitar|0 fnt
|-heal|p2a: Annihilape|65/100|[from] drain|[of] p1a: Tyranitar
|faint|p1a: Tyranitar
|move|p1b: Garchomp|Dragon Claw|p2a: Annihilape
|-damage|p2a: Annihilape|41/100
|-damage|p1b: Garchomp|12/100|[from] item: Life Orb
|
|-weather|Sandstorm|[upkeep]
|-damage|p2b: Ninetales|88/100|[from] Sandstorm
|upkeep
|turn|9
|-message|Mewtwo's Husband forfeited.
|
|win|damage77
|raw|Mewtwo's Husband's rating: 1307 → 1292(-15 for losing)
|raw|damage77's rating: 1400 → 1415(+15 for winning)
|l|☆Mewtwo's Husband
|player|p1|
|l|☆damage77
|player|p2|
|j|☆damage77
|player|p2|damage77|flint|
