|j|☆Magicalarcher57
|j|☆naibot2814
|html|Magicalarcher57naibot2814    
|uhtml|bestof|Game 1 of a best-of-3
|t:|1782526226
|gametype|doubles
|player|p1|Magicalarcher57|diantha|1170
|player|p2|naibot2814|ghetsis|1295
|gen|9
|tier|[Gen 9 Champions] VGC 2026 Reg M-B (Bo3)
|rated|
|rule|Species Clause: Limit one of each Pokémon
|rule|Item Clause: Limit 1 of each item
|clearpoke
|poke|p1|Raichu, L50, M, shiny|
|poke|p1|Garchomp, L50, M, shiny|
|poke|p1|Whimsicott, L50, M, shiny|
|poke|p1|Kingambit, L50, M, shiny|
|poke|p1|Basculegion, L50, M, shiny|
|poke|p1|Charizard, L50, F, shiny|
|poke|p2|Metagross, L50, shiny|
|poke|p2|Sneasler, L50, M|
|poke|p2|Hydreigon, L50, M|
|poke|p2|Incineroar, L50, M|
|poke|p2|Aerodactyl, L50, M|
|poke|p2|Floette-Eternal, L50, F|
|teampreview|4
|showteam|p1|Raichu||RaichuniteY|LightningRod|FakeOut,FocusBlast,ZapCannon,Protect|Timid||M|||50|]Garchomp||LifeOrb|RoughSkin|DragonClaw,Earthquake,StompingTantrum,Protect|Jolly||M|||50|]Whimsicott||FocusSash|Prankster|Moonblast,Tailwind,SunnyDay,Encore|Timid||M|||50|]Kingambit||BlackGlasses|Defiant|SuckerPunch,KowtowCleave,IronHead,Protect|Adamant||M|||50|]Basculegion||ChoiceScarf|Adaptability|LastRespects,WaveCrash,FlipTurn,AquaJet|Jolly||M|||50|]Charizard||CharizarditeY|Blaze|WeatherBall,SolarBeam,HeatWave,Protect|Modest||F|||50|
|showteam|p2|Metagross||Metagrossite|ClearBody|PsychicFangs,BodyPress,IronHead,Protect|Jolly|||||50|]Sneasler||WhiteHerb|Unburden|FakeOut,Coaching,CloseCombat,DireClaw|Jolly||M|||50|]Hydreigon||ChoiceScarf|Levitate|DracoMeteor,Snarl,DarkPulse,Flamethrower|Modest||M|||50|]Incineroar||PasshoBerry|Intimidate|FakeOut,DarkestLariat,FlareBlitz,PartingShot|Careful||M|||50|]Aerodactyl||FocusSash|Unnerve|DualWingbeat,RockSlide,WideGuard,Tailwind|Jolly||M|||50|]Floette-Eternal||Floettite|FlowerVeil|DrainingKiss,DazzlingGleam,CalmMind,Protect|Modest||F|||50|
|inactive|Battle timer is ON: inactive players will automatically lose when time's up. (requested by Magicalarcher57)
|
|t:|1782526248
|teamsize|p1|4
|teamsize|p2|4
|start
|switch|p1a: Hermes|Raichu, L50, M, shiny|100/100
|switch|p1b: Circe|Whimsicott, L50, M, shiny|100/100
|switch|p2a: HAIL HYDRA|Hydreigon, L50, M|100/100
|switch|p2b: Pedro Sánchez|Aerodactyl, L50, M|100/100
|-ability|p2b: Pedro Sánchez|Unnerve
|turn|1
|
|t:|1782526267
|detailschange|p1a: Hermes|Raichu-Mega-Y, L50, M, shiny
|-mega|p1a: Hermes|Raichu|Raichunite Y
|move|p1b: Circe|Tailwind|p1b: Circe
|-sidestart|p1: Magicalarcher57|move: Tailwind
|move|p1a: Hermes|Zap Cannon|p2b: Pedro Sánchez
|-supereffective|p2b: Pedro Sánchez|1
|-enditem|p2b: Pedro Sánchez|Focus Sash
|-damage|p2b: Pedro Sánchez|1/100
|-status|p2b: Pedro Sánchez|par
|move|p2a: HAIL HYDRA|Flamethrower|p1b: Circe
|-supereffective|p1b: Circe|1
|-enditem|p1b: Circe|Focus Sash
|-damage|p1b: Circe|1/100
|move|p2b: Pedro Sánchez|Tailwind|p2b: Pedro Sánchez
|-sidestart|p2: naibot2814|move: Tailwind
|
|upkeep
|turn|2
|
|t:|1782526288
|move|p1b: Circe|Encore|p2b: Pedro Sánchez
|-start|p2b: Pedro Sánchez|Encore
|move|p2a: HAIL HYDRA|Flamethrower|p1b: Circe
|-supereffective|p1b: Circe|1
|-damage|p1b: Circe|0 fnt
|faint|p1b: Circe
|move|p1a: Hermes|Zap Cannon|p2a: HAIL HYDRA
|-resisted|p2a: HAIL HYDRA|1
|-damage|p2a: HAIL HYDRA|58/100
|-status|p2a: HAIL HYDRA|par
|move|p2b: Pedro Sánchez|Tailwind||[still]
|-fail|p2b: Pedro Sánchez
|
|upkeep
|
|t:|1782526293
|switch|p1b: Athena|Garchomp, L50, M, shiny|100/100
|turn|3
|
|t:|1782526303
|move|p1a: Hermes|Zap Cannon|p2b: Pedro Sánchez
|-supereffective|p2b: Pedro Sánchez|1
|-damage|p2b: Pedro Sánchez|0 fnt
|faint|p2b: Pedro Sánchez
|move|p1b: Athena|Dragon Claw|p2a: HAIL HYDRA
|-supereffective|p2a: HAIL HYDRA|1
|-damage|p2a: HAIL HYDRA|0 fnt
|faint|p2a: HAIL HYDRA
|-damage|p1b: Athena|90/100|[from] item: Life Orb
|
|upkeep
|
|t:|1782526307
|switch|p2b: Madoka Kaname|Floette-Eternal, L50, F|100/100
|switch|p2a: Nagatoro|Sneasler, L50, M|100/100
|turn|4
|
|t:|1782526323
|detailschange|p2b: Madoka Kaname|Floette-Mega, L50, F
|-mega|p2b: Madoka Kaname|Floette|Floettite
|-ability|p2b: Madoka Kaname|Fairy Aura
|move|p1a: Hermes|Protect|p1a: Hermes
|-singleturn|p1a: Hermes|Protect
|move|p1b: Athena|Protect|p1b: Athena
|-singleturn|p1b: Athena|Protect
|move|p2a: Nagatoro|Fake Out|p1a: Hermes
|-activate|p1a: Hermes|move: Protect
|move|p2b: Madoka Kaname|Calm Mind|p2b: Madoka Kaname
|-boost|p2b: Madoka Kaname|spa|1
|-boost|p2b: Madoka Kaname|spd|1
|
|-sideend|p1: Magicalarcher57|move: Tailwind
|-sideend|p2: naibot2814|move: Tailwind
|upkeep
|turn|5
|inactive|Magicalarcher57 has 30 seconds left.
|
|t:|1782526349
|move|p1a: Hermes|Zap Cannon|p2b: Madoka Kaname
|-damage|p2b: Madoka Kaname|63/100
|-status|p2b: Madoka Kaname|par
|move|p2a: Nagatoro|Dire Claw|p1b: Athena
|-resisted|p1b: Athena|1
|-damage|p1b: Athena|72/100
|-damage|p2a: Nagatoro|88/100|[from] ability: Rough Skin|[of] p1b: Athena
|move|p1b: Athena|Stomping Tantrum|p2a: Nagatoro
|-supereffective|p2a: Nagatoro|1
|-damage|p2a: Nagatoro|0 fnt
|faint|p2a: Nagatoro
|-damage|p1b: Athena|62/100|[from] item: Life Orb
|move|p2b: Madoka Kaname|Dazzling Gleam|p1a: Hermes|[spread] p1a,p1b
|-supereffective|p1b: Athena|1
|-damage|p1a: Hermes|0 fnt
|-damage|p1b: Athena|0 fnt
|faint|p1a: Hermes
|faint|p1b: Athena
|
|upkeep
|
|t:|1782526352
|switch|p1b: Basculegion|Basculegion, L50, M, shiny|100/100
|turn|6
|-message|naibot2814 forfeited.
|
|win|Magicalarcher57
|l|☆naibot2814
|player|p2|
||naibot2814 is ready for game 2.
|inactive|Magicalarcher57 has 30 seconds to confirm battle start!
||Magicalarcher57 is ready for game 2.
|uhtml|next|Next: Game 2 of 3
|l|☆Magicalarcher57
|player|p1|
|j|☆naibot2814
|player|p2|naibot2814|ghetsis|
