|j|☆naibot2814
|j|☆bumbumsujo
|html|naibot2814bumbumsujo    
|uhtml|bestof|Game 3 of a best-of-3
|t:|1784606360
|gametype|doubles
|player|p1|naibot2814|colress|1477
|player|p2|bumbumsujo|lucas|1451
|gen|9
|tier|[Gen 9 Champions] VGC 2026 Reg M-B (Bo3)
|rated|
|rule|Species Clause: Limit one of each Pokémon
|rule|Item Clause: Limit 1 of each item
|clearpoke
|poke|p1|Blastoise, L50, M|
|poke|p1|Incineroar, L50, M|
|poke|p1|Sneasler, L50, M|
|poke|p1|Sinistcha, L50|
|poke|p1|Kingambit, L50, M, shiny|
|poke|p1|Delphox, L50, F|
|poke|p2|Gardevoir, L50, F|
|poke|p2|Basculegion, L50, M|
|poke|p2|Talonflame, L50, M|
|poke|p2|Maushold, L50|
|poke|p2|Kingambit, L50, M|
|poke|p2|Kommo-o, L50, F|
|teampreview|4
|showteam|p1|Blastoise||Blastoisinite|Torrent|WaterSpout,DarkPulse,ShellSmash,Protect|Modest||M|||50|]Incineroar||SitrusBerry|Intimidate|FakeOut,FlareBlitz,DarkestLariat,PartingShot|Careful||M|||50|]Sneasler||FocusSash|PoisonTouch|FakeOut,CloseCombat,PoisonJab,RockTomb|Jolly||M|||50|]Sinistcha||KasibBerry|Hospitality|MatchaGotcha,TrickRoom,RagePowder,Protect|Bold|||||50|]Kingambit||BlackGlasses|Defiant|KowtowCleave,SuckerPunch,SwordsDance,Protect|Adamant||M|||50|]Delphox||Delphoxite|Blaze|HeatWave,Psyshock,NastyPlot,Protect|Timid||F|||50|
|showteam|p2|Gardevoir||Gardevoirite|Trace|HyperVoice,Psychic,Thunderbolt,Protect|Modest||F|||50|]Basculegion||ChoiceScarf|Adaptability|WaveCrash,LastRespects,FlipTurn,AquaJet|Jolly||M|||50|]Talonflame||SharpBeak|GaleWings|DualWingbeat,FlareBlitz,Tailwind,Protect|Jolly||M|||50|]Maushold||FocusSash|FriendGuard|SuperFang,Feint,FollowMe,Protect|Jolly|||||50|]Kingambit||ExpertBelt|Defiant|KowtowCleave,SuckerPunch,IronHead,LowKick|Jolly||M|||50|]Kommo-o||LifeOrb|Soundproof|ClangingScales,DracoMeteor,AuraSphere,Protect|Modest||F|||50|
|
|t:|1784606380
|teamsize|p1|4
|teamsize|p2|4
|start
|switch|p1a: Delphox|Delphox, L50, F|100/100
|switch|p1b: Sneasler|Sneasler, L50, M|100/100
|switch|p2a: Kommo-o|Kommo-o, L50, F|100/100
|switch|p2b: Maushold|Maushold, L50|100/100
|turn|1
|
|t:|1784606386
|detailschange|p1a: Delphox|Delphox-Mega, L50, F
|-mega|p1a: Delphox|Delphox|Delphoxite
|move|p2b: Maushold|Protect|p2b: Maushold
|-singleturn|p2b: Maushold|Protect
|move|p2a: Kommo-o|Protect|p2a: Kommo-o
|-singleturn|p2a: Kommo-o|Protect
|move|p1b: Sneasler|Fake Out|p2b: Maushold
|-activate|p2b: Maushold|move: Protect
|move|p1a: Delphox|Psyshock|p2a: Kommo-o
|-activate|p2a: Kommo-o|move: Protect
|
|upkeep
|turn|2
|
|t:|1784606400
|move|p1a: Delphox|Protect|p1a: Delphox
|-singleturn|p1a: Delphox|Protect
|move|p2b: Maushold|Follow Me|p2b: Maushold
|-singleturn|p2b: Maushold|move: Follow Me
|move|p1b: Sneasler|Close Combat|p2b: Maushold
|-supereffective|p2b: Maushold|1
|-enditem|p2b: Maushold|Focus Sash
|-damage|p2b: Maushold|1/100
|-unboost|p1b: Sneasler|def|1
|-unboost|p1b: Sneasler|spd|1
|move|p2a: Kommo-o|Clanging Scales|p1b: Sneasler|[spread] p1b
|-activate|p1a: Delphox|move: Protect
|-enditem|p1b: Sneasler|Focus Sash
|-damage|p1b: Sneasler|1/100
|-unboost|p2a: Kommo-o|def|1
|-damage|p2a: Kommo-o|90/100|[from] item: Life Orb
|
|upkeep
|turn|3
|
|t:|1784606416
|move|p2a: Kommo-o|Protect|p2a: Kommo-o
|-singleturn|p2a: Kommo-o|Protect
|move|p2b: Maushold|Feint|p1b: Sneasler
|-damage|p1b: Sneasler|0 fnt
|faint|p1b: Sneasler
|move|p1a: Delphox|Heat Wave|p2b: Maushold|[spread] p2b
|-activate|p2a: Kommo-o|move: Protect
|-damage|p2b: Maushold|0 fnt
|faint|p2b: Maushold
|
|upkeep
|
|t:|1784606422
|switch|p1b: Sinistcha|Sinistcha, L50|100/100
|switch|p2b: Talonflame|Talonflame, L50, M|100/100
|turn|4
|
|t:|1784606439
|switch|p2a: Gardevoir|Gardevoir, L50, F|100/100
|-ability|p2a: Gardevoir|Hospitality|Trace|[from] ability: Trace|[of] p1b: Sinistcha
|move|p2b: Talonflame|Dual Wingbeat|p1b: Sinistcha
|-supereffective|p1b: Sinistcha|1
|-damage|p1b: Sinistcha|66/100
|-supereffective|p1b: Sinistcha|1
|-damage|p1b: Sinistcha|34/100
|-hitcount|p1b: Sinistcha|2
|move|p1a: Delphox|Psyshock|p2a: Gardevoir
|-resisted|p2a: Gardevoir|1
|-damage|p2a: Gardevoir|61/100
|move|p1b: Sinistcha|Matcha Gotcha|p2a: Gardevoir|[spread] p2a,p2b
|-crit|p2a: Gardevoir
|-resisted|p2b: Talonflame|2
|-damage|p2a: Gardevoir|17/100
|-heal|p1b: Sinistcha|52/100|[from] drain|[of] p2a: Gardevoir
|-damage|p2b: Talonflame|90/100
|-heal|p1b: Sinistcha|56/100|[from] drain|[of] p2b: Talonflame
|
|upkeep
|turn|5
|
|t:|1784606472
|detailschange|p2a: Gardevoir|Gardevoir-Mega, L50, F
|-mega|p2a: Gardevoir|Gardevoir|Gardevoirite
|move|p1a: Delphox|Psyshock|p2b: Talonflame
|-damage|p2b: Talonflame|22/100
|move|p2b: Talonflame|Tailwind|p2b: Talonflame
|-sidestart|p2: bumbumsujo|move: Tailwind
|move|p2a: Gardevoir|Hyper Voice|p1a: Delphox|[spread] p1a,p1b
|-resisted|p1a: Delphox|1
|-damage|p1a: Delphox|75/100
|-damage|p1b: Sinistcha|8/100
|move|p1b: Sinistcha|Matcha Gotcha|p2a: Gardevoir|[spread] p2a,p2b
|-resisted|p2b: Talonflame|2
|-damage|p2a: Gardevoir|0 fnt
|-heal|p1b: Sinistcha|16/100|[from] drain|[of] p2a: Gardevoir
|-damage|p2b: Talonflame|13/100
|-heal|p1b: Sinistcha|20/100y|[from] drain|[of] p2b: Talonflame
|faint|p2a: Gardevoir
|
|upkeep
|
|t:|1784606479
|switch|p2a: Kommo-o|Kommo-o, L50, F|90/100
|turn|6
|
|t:|1784606489
|move|p1b: Sinistcha|Rage Powder|p1b: Sinistcha
|-singleturn|p1b: Sinistcha|move: Rage Powder
|move|p2b: Talonflame|Dual Wingbeat|p1b: Sinistcha
|-supereffective|p1b: Sinistcha|1
|-damage|p1b: Sinistcha|0 fnt
|faint|p1b: Sinistcha
|-hitcount|p1: Sinistcha|1
|move|p2a: Kommo-o|Draco Meteor|p1a: Delphox
|-damage|p1a: Delphox|1/100
|-unboost|p2a: Kommo-o|spa|2
|-damage|p2a: Kommo-o|80/100|[from] item: Life Orb
|move|p1a: Delphox|Psyshock|p2a: Kommo-o
|-supereffective|p2a: Kommo-o|1
|-damage|p2a: Kommo-o|0 fnt
|faint|p2a: Kommo-o
|
|upkeep
|
|t:|1784606493
|switch|p1b: Kingambit|Kingambit, L50, M, shiny|100/100
|turn|7
|-message|bumbumsujo forfeited.
|raw|naibot2814's rating: 1477 → 1496(+19 for winning)
|raw|bumbumsujo's rating: 1451 → 1432(-19 for losing)
|
|win|naibot2814
|l|☆bumbumsujo
|player|p2|
