|j|☆new mental
|j|☆redx50
|html|new mentalredx50    
|uhtml|bestof|Game 2 of a best-of-3
|t:|1783451929
|gametype|doubles
|player|p1|new mental|volkner|1221
|player|p2|redx50|red|1245
|gen|9
|tier|[Gen 9 Champions] VGC 2026 Reg M-B (Bo3)
|rated|
|rule|Species Clause: Limit one of each Pokémon
|rule|Item Clause: Limit 1 of each item
|clearpoke
|poke|p1|Aerodactyl, L50, F|
|poke|p1|Garchomp, L50, F|
|poke|p1|Kingambit, L50, F|
|poke|p1|Charizard, L50, F|
|poke|p1|Sylveon, L50, M|
|poke|p1|Farigiraf, L50, M|
|poke|p2|Farigiraf, L50, F|
|poke|p2|Hydreigon, L50, F|
|poke|p2|Arcanine-Hisui, L50, M|
|poke|p2|Tinkaton, L50, F, shiny|
|poke|p2|Greninja, L50, F|
|poke|p2|Raichu, L50, M|
|teampreview|4
|showteam|p1|Aerodactyl||Aerodactylite|Unnerve|IceFang,RockSlide,Tailwind,DualWingbeat|Jolly||F|||50|]Garchomp||LifeOrb|RoughSkin|DragonClaw,StompingTantrum,Earthquake,Protect|Jolly||F|||50|]Kingambit||FocusSash|Defiant|SuckerPunch,KowtowCleave,IronHead,LowKick|Adamant||F|||50|]Charizard||CharizarditeY|SolarPower|Protect,HeatWave,SolarBeam,WeatherBall|Timid||F|||50|]Sylveon||FairyFeather|Pixilate|Protect,HyperVoice,HyperBeam,QuickAttack|Modest||M|||50|]Farigiraf||SitrusBerry|ArmorTail|TrickRoom,Thunderbolt,Psychic,Roar|Bold||M|||50|
|showteam|p2|Farigiraf||ColburBerry|ArmorTail|HelpingHand,TrickRoom,TwinBeam,FoulPlay|Bold||F|||50|]Hydreigon||ChoiceScarf|Levitate|DracoMeteor,DarkPulse,Snarl,EarthPower|Modest||F|||50|]Arcanine-Hisui||LifeOrb|Intimidate|RockSlide,FlareBlitz,ExtremeSpeed,Protect|Adamant||M|||50|]Tinkaton||SitrusBerry|MoldBreaker|FakeOut,PlayRough,Feint,GigatonHammer|Adamant||F|||50|]Greninja||Greninjite|Protean|IcyWind,GrassKnot,LowKick,Protect|Timid||F|||50|]Raichu||RaichuniteY|LightningRod|ZapCannon,VoltSwitch,Protect,FocusBlast|Timid||M|||50|
|inactive|Battle timer is ON: inactive players will automatically lose when time's up. (requested by redx50)
|inactive|new mental has 60 seconds left.
|inactive|redx50 has 60 seconds left.
|
|t:|1783451991
|teamsize|p1|4
|teamsize|p2|4
|start
|switch|p1a: Aerodactyl|Aerodactyl, L50, F|100/100
|switch|p1b: Charizard|Charizard, L50, F|100/100
|switch|p2a: Hydreigon|Hydreigon, L50, F|100/100
|switch|p2b: Bacon|Tinkaton, L50, F, shiny|100/100
|-ability|p1a: Aerodactyl|Unnerve
|-ability|p2b: Bacon|Mold Breaker
|turn|1
|inactive|redx50 has 30 seconds left.
|
|t:|1783452016
|detailschange|p1b: Charizard|Charizard-Mega-Y, L50, F
|-mega|p1b: Charizard|Charizard|Charizardite Y
|-weather|SunnyDay|[from] ability: Drought|[of] p1b: Charizard
|move|p2b: Bacon|Fake Out|p1b: Charizard
|-damage|p1b: Charizard|89/100
|move|p2a: Hydreigon|Dark Pulse|p1b: Charizard
|-damage|p1b: Charizard|50/100g
|move|p1a: Aerodactyl|Tailwind|p1a: Aerodactyl
|-sidestart|p1: new mental|move: Tailwind
|cant|p1b: Charizard|flinch
|
|-weather|SunnyDay|[upkeep]
|upkeep
|turn|2
|
|t:|1783452030
|switch|p1b: Sylveon|Sylveon, L50, M|100/100
|switch|p2b: Arcanine|Arcanine-Hisui, L50, M|100/100
|-ability|p2b: Arcanine|Intimidate|boost
|-unboost|p1a: Aerodactyl|atk|1
|-unboost|p1b: Sylveon|atk|1
|move|p1a: Aerodactyl|Rock Slide|p2b: Arcanine|[spread] p2a,p2b
|-supereffective|p2b: Arcanine|1
|-damage|p2a: Hydreigon|81/100
|-damage|p2b: Arcanine|64/100
|move|p2a: Hydreigon|Dark Pulse|p1b: Sylveon
|-resisted|p1b: Sylveon|1
|-damage|p1b: Sylveon|82/100
|
|-weather|SunnyDay|[upkeep]
|upkeep
|turn|3
|
|t:|1783452048
|switch|p1a: Garchomp|Garchomp, L50, F|100/100
|switch|p2a: Bacon|Tinkaton, L50, F, shiny|100/100
|-ability|p2a: Bacon|Mold Breaker
|move|p1b: Sylveon|Hyper Voice|p2b: Arcanine|[spread] p2a,p2b
|-resisted|p2a: Bacon|1
|-crit|p2a: Bacon
|-resisted|p2b: Arcanine|1
|-damage|p2a: Bacon|68/100
|-damage|p2b: Arcanine|32/100
|move|p2b: Arcanine|Rock Slide|p1a: Garchomp|[spread] p1a,p1b
|-resisted|p1a: Garchomp|1
|-crit|p1a: Garchomp
|-damage|p1a: Garchomp|70/100
|-damage|p1b: Sylveon|38/100
|-damage|p2b: Arcanine|22/100|[from] item: Life Orb
|
|-weather|SunnyDay|[upkeep]
|upkeep
|turn|4
|
|t:|1783452059
|switch|p1b: Aerodactyl|Aerodactyl, L50, F|100/100
|-ability|p1b: Aerodactyl|Unnerve
|move|p2a: Bacon|Fake Out|p1a: Garchomp
|-damage|p1a: Garchomp|61/100
|-damage|p2a: Bacon|56/100|[from] ability: Rough Skin|[of] p1a: Garchomp
|move|p2b: Arcanine|Extreme Speed|p1b: Aerodactyl
|-resisted|p1b: Aerodactyl|1
|-damage|p1b: Aerodactyl|74/100
|-damage|p2b: Arcanine|12/100|[from] item: Life Orb
|cant|p1a: Garchomp|flinch
|
|-weather|SunnyDay|[upkeep]
|-sideend|p1: new mental|move: Tailwind
|upkeep
|turn|5
|
|t:|1783452075
|switch|p2b: Hydreigon|Hydreigon, L50, F|81/100
|move|p1b: Aerodactyl|Tailwind|p1b: Aerodactyl
|-sidestart|p1: new mental|move: Tailwind
|move|p1a: Garchomp|Earthquake|p2b: Hydreigon|[spread] p2a
|-immune|p1b: Aerodactyl
|-immune|p2b: Hydreigon|[from] ability: Levitate
|-supereffective|p2a: Bacon|1
|-damage|p2a: Bacon|0 fnt
|faint|p2a: Bacon
|-damage|p1a: Garchomp|51/100|[from] item: Life Orb
|
|-weather|none
|upkeep
|
|t:|1783452087
|switch|p2a: Greninja|Greninja, L50, F|100/100
|turn|6
|inactive|new mental has 30 seconds left.
|
|t:|1783452116
|switch|p2b: Arcanine|Arcanine-Hisui, L50, M|12/100
|-ability|p2b: Arcanine|Intimidate|boost
|-unboost|p1a: Garchomp|atk|1
|-unboost|p1b: Aerodactyl|atk|1
|detailschange|p2a: Greninja|Greninja-Mega, L50, F
|-mega|p2a: Greninja|Greninja|Greninjite
|move|p1b: Aerodactyl|Dual Wingbeat|p2a: Greninja
|-damage|p2a: Greninja|85/100
|-damage|p2a: Greninja|70/100
|-hitcount|p2a: Greninja|2
|move|p1a: Garchomp|Dragon Claw|p2b: Arcanine
|-damage|p2b: Arcanine|0 fnt
|faint|p2b: Arcanine
|-damage|p1a: Garchomp|42/100|[from] item: Life Orb
|move|p2a: Greninja|Icy Wind|p1b: Aerodactyl|[spread] p1a,p1b
|-start|p2a: Greninja|typechange|Ice|[from] ability: Protean
|-supereffective|p1a: Garchomp|2
|-supereffective|p1b: Aerodactyl|1
|-damage|p1a: Garchomp|0 fnt
|-damage|p1b: Aerodactyl|15/100
|-unboost|p1b: Aerodactyl|spe|1
|faint|p1a: Garchomp
|
|upkeep
|
|t:|1783452130
|switch|p1a: Charizard|Charizard-Mega-Y, L50, F|50/100g
|switch|p2b: Hydreigon|Hydreigon, L50, F|81/100
|-weather|SunnyDay|[from] ability: Drought|[of] p1a: Charizard
|turn|7
|
|t:|1783452155
|move|p2a: Greninja|Protect|p2a: Greninja
|-singleturn|p2a: Greninja|Protect
|move|p1a: Charizard|Weather Ball|p2a: Greninja
|-activate|p2a: Greninja|move: Protect
|move|p1b: Aerodactyl|Rock Slide|p2b: Hydreigon|[spread] p2b
|-activate|p2a: Greninja|move: Protect
|-damage|p2b: Hydreigon|64/100
|move|p2b: Hydreigon|Draco Meteor|p1a: Charizard
|-damage|p1a: Charizard|0 fnt
|-unboost|p2b: Hydreigon|spa|2
|faint|p1a: Charizard
|
|-weather|SunnyDay|[upkeep]
|upkeep
|
|t:|1783452159
|switch|p1a: Sylveon|Sylveon, L50, M|38/100
|turn|8
|
|t:|1783452188
|move|p1b: Aerodactyl|Dual Wingbeat|p2a: Greninja
|-damage|p2a: Greninja|55/100
|-damage|p2a: Greninja|38/100
|-hitcount|p2a: Greninja|2
|move|p2b: Hydreigon|Draco Meteor|p1b: Aerodactyl
|-damage|p1b: Aerodactyl|0 fnt
|-unboost|p2b: Hydreigon|spa|2
|faint|p1b: Aerodactyl
|move|p2a: Greninja|Icy Wind|p1a: Sylveon
|-damage|p1a: Sylveon|16/100
|-unboost|p1a: Sylveon|spe|1
|move|p1a: Sylveon|Hyper Voice|p2b: Hydreigon|[spread] p2a,p2b
|-supereffective|p2b: Hydreigon|2
|-damage|p2a: Greninja|0 fnt
|-damage|p2b: Hydreigon|0 fnt
|faint|p2a: Greninja
|faint|p2b: Hydreigon
|
|win|new mental
|inactive|new mental has 29 seconds to confirm battle start!
|inactive|redx50 has 29 seconds to confirm battle start!
||redx50 is ready for game 3.
||new mental is ready for game 3.
|uhtml|next|Next: Game 3 of 3
|l|☆redx50
|player|p2|
