|j|☆jeanryupr
|j|☆Lev001
|html|jeanryuprLev001    
|uhtml|bestof|Game 1 of a best-of-3
|t:|1785773365
|gametype|doubles
|player|p1|jeanryupr|170|1235
|player|p2|Lev001|hilda-wonderlauncher|1273
|gen|9
|tier|[Gen 9 Champions] VGC 2026 Reg M-B (Bo3)
|rated|
|rule|Species Clause: Limit one of each Pokémon
|rule|Item Clause: Limit 1 of each item
|clearpoke
|poke|p1|Raichu, L50, M|
|poke|p1|Aerodactyl, L50, M|
|poke|p1|Floette-Eternal, L50, F|
|poke|p1|Kingambit, L50, M|
|poke|p1|Farigiraf, L50, M|
|poke|p1|Garchomp, L50, M|
|poke|p2|Whimsicott, L50, M|
|poke|p2|Tyranitar, L50, M|
|poke|p2|Garchomp, L50, F|
|poke|p2|Charizard, L50, F|
|poke|p2|Sinistcha, L50|
|poke|p2|Milotic, L50, F|
|teampreview|4
|showteam|p1|Raichu||RaichuniteY|LightningRod|ZapCannon,FocusBlast,FakeOut,Protect|Timid||M|||50|]Aerodactyl||FocusSash|Unnerve|WideGuard,DualWingbeat,RockSlide,Tailwind|Jolly||M|||50|]Floette-Eternal||Floettite|FlowerVeil|CalmMind,DazzlingGleam,DrainingKiss,Protect|Timid||F|||50|]Kingambit||BlackGlasses|Defiant|KowtowCleave,Protect,SuckerPunch,IronHead|Adamant||M|||50|]Farigiraf||SitrusBerry|ArmorTail|TrickRoom,HelpingHand,Thunderbolt,Psychic|Bold||M|||50|]Garchomp||LifeOrb|RoughSkin|Protect,Earthquake,DragonClaw,RockSlide|Jolly||M|||50|
|showteam|p2|Whimsicott||FocusSash|Prankster|Moonblast,Tailwind,Encore,Protect|Timid||M|||50|]Tyranitar||ChoiceScarf|SandStream|RockSlide,KnockOff,IcePunch,LowKick|Jolly||M|||50|]Garchomp||LifeOrb|RoughSkin|Earthquake,StompingTantrum,DragonClaw,Protect|Jolly||F|||50|]Charizard||CharizarditeY|Blaze|HeatWave,WeatherBall,SolarBeam,Protect|Modest||F|||50|]Sinistcha||KasibBerry|Hospitality|MatchaGotcha,ShadowBall,RagePowder,Protect|Modest|||||50|]Milotic||Leftovers|Competitive|IceBeam,Scald,IcyWind,Protect|Modest||F|||50|
|
|t:|1785773477
|teamsize|p1|4
|teamsize|p2|4
|start
|switch|p1a: Floette|Floette-Eternal, L50, F|100/100
|switch|p1b: Garchomp|Garchomp, L50, M|100/100
|switch|p2a: Milotic|Milotic, L50, F|100/100
|switch|p2b: Garchomp|Garchomp, L50, F|100/100
|turn|1
|
|t:|1785773519
|switch|p1b: Farigiraf|Farigiraf, L50, M|100/100
|switch|p2b: Charizard|Charizard, L50, F|100/100
|detailschange|p1a: Floette|Floette-Mega, L50, F
|-mega|p1a: Floette|Floette|Floettite
|-ability|p1a: Floette|Fairy Aura
|move|p1a: Floette|Calm Mind|p1a: Floette
|-boost|p1a: Floette|spa|1
|-boost|p1a: Floette|spd|1
|move|p2a: Milotic|Icy Wind|p1a: Floette|[spread] p1a,p1b
|-damage|p1a: Floette|91/100
|-damage|p1b: Farigiraf|89/100
|-unboost|p1a: Floette|spe|1
|-unboost|p1b: Farigiraf|spe|1
|
|upkeep
|turn|2
|
|t:|1785773550
|detailschange|p2b: Charizard|Charizard-Mega-Y, L50, F
|-mega|p2b: Charizard|Charizard|Charizardite Y
|-weather|SunnyDay|[from] ability: Drought|[of] p2b: Charizard
|move|p1a: Floette|Protect|p1a: Floette
|-singleturn|p1a: Floette|Protect
|move|p2b: Charizard|Heat Wave|p1a: Floette|[spread] p1b
|-activate|p1a: Floette|move: Protect
|-damage|p1b: Farigiraf|29/100
|-enditem|p1b: Farigiraf|Sitrus Berry|[eat]
|-heal|p1b: Farigiraf|54/100|[from] item: Sitrus Berry
|move|p2a: Milotic|Ice Beam|p1b: Farigiraf
|-damage|p1b: Farigiraf|27/100
|move|p1b: Farigiraf|Trick Room|p1b: Farigiraf
|-fieldstart|move: Trick Room|[of] p1b: Farigiraf
|
|-weather|SunnyDay|[upkeep]
|upkeep
|turn|3
|
|t:|1785773579
|move|p1b: Farigiraf|Thunderbolt|p2b: Charizard
|-supereffective|p2b: Charizard|1
|-damage|p2b: Charizard|57/100
|move|p2a: Milotic|Ice Beam|p1a: Floette
|-damage|p1a: Floette|76/100
|move|p1a: Floette|Dazzling Gleam|p2a: Milotic|[spread] p2a,p2b
|-resisted|p2b: Charizard|1
|-damage|p2a: Milotic|49/100
|-damage|p2b: Charizard|26/100
|move|p2b: Charizard|Heat Wave|p1a: Floette|[spread] p1a,p1b
|-damage|p1a: Floette|36/100
|-damage|p1b: Farigiraf|0 fnt
|faint|p1b: Farigiraf
|
|-weather|SunnyDay|[upkeep]
|-heal|p2a: Milotic|54/100|[from] item: Leftovers
|upkeep
|
|t:|1785773593
|switch|p1b: Kingambit|Kingambit, L50, M|100/100
|turn|4
|
|t:|1785773626
|switch|p2a: Sinistcha|Sinistcha, L50|100/100
|-heal|p2b: Charizard|51/100|[from] ability: Hospitality|[of] p2a: Sinistcha
|move|p2b: Charizard|Protect|p2b: Charizard
|-singleturn|p2b: Charizard|Protect
|move|p1b: Kingambit|Kowtow Cleave|p2b: Charizard
|-activate|p2b: Charizard|move: Protect
|move|p1a: Floette|Draining Kiss|p2a: Sinistcha
|-damage|p2a: Sinistcha|33/100
|-heal|p1a: Floette|95/100|[from] drain|[of] p2a: Sinistcha
|
|-weather|SunnyDay|[upkeep]
|upkeep
|turn|5
|
|t:|1785773647
|move|p2a: Sinistcha|Rage Powder|p2a: Sinistcha
|-singleturn|p2a: Sinistcha|move: Rage Powder
|move|p1b: Kingambit|Kowtow Cleave|p2a: Sinistcha
|-supereffective|p2a: Sinistcha|1
|-damage|p2a: Sinistcha|0 fnt
|faint|p2a: Sinistcha
|move|p1a: Floette|Dazzling Gleam|p2b: Charizard
|-resisted|p2b: Charizard|1
|-damage|p2b: Charizard|11/100
|move|p2b: Charizard|Heat Wave|p1a: Floette|[spread] p1a,p1b
|-supereffective|p1b: Kingambit|1
|-damage|p1a: Floette|59/100
|-damage|p1b: Kingambit|0 fnt
|-status|p1a: Floette|brn
|faint|p1b: Kingambit
|
|-weather|SunnyDay|[upkeep]
|-damage|p1a: Floette|53/100 brn|[from] brn
|upkeep
|
|t:|1785773667
|switch|p1b: Garchomp|Garchomp, L50, M|100/100
|switch|p2a: Milotic|Milotic, L50, F|54/100
|turn|6
|
|t:|1785773680
|move|p2a: Milotic|Protect|p2a: Milotic
|-singleturn|p2a: Milotic|Protect
|move|p2b: Charizard|Protect|p2b: Charizard
|-singleturn|p2b: Charizard|Protect
|move|p1b: Garchomp|Protect|p1b: Garchomp
|-singleturn|p1b: Garchomp|Protect
|move|p1a: Floette|Dazzling Gleam|p2a: Milotic|[spread] 
|-activate|p2a: Milotic|move: Protect
|-activate|p2b: Charizard|move: Protect
|
|-weather|none
|-heal|p2a: Milotic|60/100|[from] item: Leftovers
|-damage|p1a: Floette|46/100 brn|[from] brn
|-fieldend|move: Trick Room
|upkeep
|turn|7
|
|t:|1785773702
|switch|p2b: Garchomp|Garchomp, L50, F|100/100
|move|p1b: Garchomp|Rock Slide|p2a: Milotic|[spread] p2a
|-miss|p1b: Garchomp|p2b: Garchomp
|-damage|p2a: Milotic|35/100
|-damage|p1b: Garchomp|90/100|[from] item: Life Orb
|move|p1a: Floette|Draining Kiss|p2a: Milotic
|-damage|p2a: Milotic|0 fnt
|-heal|p1a: Floette|82/100 brn|[from] drain|[of] p2a: Milotic
|faint|p2a: Milotic
|
|-damage|p1a: Floette|76/100 brn|[from] brn
|upkeep
|
|t:|1785773716
|switch|p2a: Charizard|Charizard-Mega-Y, L50, F|11/100
|-weather|SunnyDay|[from] ability: Drought|[of] p2a: Charizard
|turn|8
|
|t:|1785773751
|move|p2b: Garchomp|Dragon Claw|p1b: Garchomp
|-supereffective|p1b: Garchomp|1
|-damage|p1b: Garchomp|0 fnt
|-damage|p2b: Garchomp|87/100|[from] ability: Rough Skin|[of] p1b: Garchomp
|faint|p1b: Garchomp
|-damage|p2b: Garchomp|77/100|[from] item: Life Orb
|move|p2a: Charizard|Weather Ball|p1a: Floette
|-damage|p1a: Floette|19/100 brn
|move|p1a: Floette|Dazzling Gleam|p2a: Charizard|[spread] p2a,p2b
|-resisted|p2a: Charizard|1
|-supereffective|p2b: Garchomp|1
|-damage|p2a: Charizard|0 fnt
|-damage|p2b: Garchomp|0 fnt
|faint|p2a: Charizard
|faint|p2b: Garchomp
|
|win|jeanryupr
