|j|☆idkvgc45
|j|☆capspungo
|html|idkvgc45capspungo    
|uhtml|bestof|Game 1 of a best-of-3
|t:|1756846938
|gametype|doubles
|player|p1|idkvgc45|ethan|1040
|player|p2|capspungo|101|1112
|gen|9
|tier|[Gen 9] VGC 2025 Reg H (Bo3)
|rated|
|rule|Species Clause: Limit one of each Pokémon
|rule|Item Clause: Limit 1 of each item
|clearpoke
|poke|p1|Indeedee, L50, M|
|poke|p1|Sneasler, L50, M|
|poke|p1|Excadrill, L50, M|
|poke|p1|Tyranitar, L50, M|
|poke|p1|Annihilape, L50, F|
|poke|p1|Corviknight, L50, M|
|poke|p2|Toedscruel, L50, M|
|poke|p2|Weezing-Galar, L50, M|
|poke|p2|Pawmot, L50, M|
|poke|p2|Typhlosion-Hisui, L50, M|
|poke|p2|Corviknight, L50, F|
|poke|p2|Garchomp, L50, F|
|teampreview|4
|showteam|p1|Indeedee||ChoiceScarf|PsychicSurge|ExpandingForce,Trick,Protect,TeraBlast|||M|||50|,,,,,Psychic]Sneasler||PsychicSeed|Unburden|DireClaw,CloseCombat,ThroatChop,Protect|||M|||50|,,,,,Dark]Excadrill||FocusSash|SandRush|HighHorsepower,Earthquake,IronHead,Protect|||M|||50|,,,,,Stellar]Tyranitar||AssaultVest|SandStream|RockSlide,LowKick,KnockOff,TeraBlast|||M|||50|,,,,,Flying]Annihilape||SafetyGoggles|Defiant|CloseCombat,RageFist,FinalGambit,Taunt|||F|||50|,,,,,Water]Corviknight||SitrusBerry|MirrorArmor|BraveBird,Roost,Tailwind,BulkUp|||M|||50|,,,,,Dragon
|showteam|p2|Toedscruel||CovertCloak|MyceliumMight|RagePowder,Spore,EarthPower,AcidSpray|||M|||50|,,,,,Water]Weezing-Galar||ChoiceSpecs|NeutralizingGas|DazzlingGleam,SludgeBomb,StrangeSteam,Flamethrower|||M|||50|,,,,,Fire]Pawmot||FocusSash|NaturalCure|FakeOut,CloseCombat,DoubleShock,Protect|||M|||50|,,,,,Electric]Typhlosion-Hisui||ChoiceScarf|Blaze|Eruption,ShadowBall,HeatWave,SleepTalk|||M|||50|,,,,,Fire]Corviknight||SitrusBerry|MirrorArmor|BraveBird,Tailwind,Protect,Roost|||F|||50|,,,,,Dragon]Garchomp||LifeOrb|RoughSkin|Earthquake,StompingTantrum,DragonClaw,Protect|||F|||50|,,,,,Ground
|inactive|Battle timer is ON: inactive players will automatically lose when time's up. (requested by capspungo)
|
|t:|1756846985
|teamsize|p1|4
|teamsize|p2|4
|start
|switch|p1a: Indeedee|Indeedee, L50, M|100/100
|switch|p1b: Sneasler|Sneasler, L50, M|100/100
|switch|p2a: Weezing|Weezing-Galar, L50, M|100/100
|switch|p2b: Typhlosion|Typhlosion-Hisui, L50, M|100/100
|-ability|p2a: Weezing|Neutralizing Gas
|turn|1
|inactive|idkvgc45 has 30 seconds left.
|inactive|idkvgc45 has 20 seconds left.
|inactive|idkvgc45 has 15 seconds left.
|inactive|idkvgc45 has 10 seconds left.
|
|t:|1756847034
|switch|p1b: Tyranitar|Tyranitar, L50, M|100/100
|-terastallize|p1a: Indeedee|Psychic
|-terastallize|p2a: Weezing|Fire
|move|p1a: Indeedee|Expanding Force|p2b: Typhlosion
|-damage|p2b: Typhlosion|29/100
|move|p2b: Typhlosion|Eruption|p1a: Indeedee|[spread] p1a,p1b
|-resisted|p1b: Tyranitar
|-damage|p1a: Indeedee|78/100
|-damage|p1b: Tyranitar|95/100
|move|p2a: Weezing|Dazzling Gleam|p1b: Tyranitar|[spread] p1a,p1b
|-supereffective|p1b: Tyranitar
|-damage|p1a: Indeedee|23/100
|-damage|p1b: Tyranitar|47/100
|
|upkeep
|turn|2
|inactive|idkvgc45 has 30 seconds left.
|
|t:|1756847060
|switch|p2b: Corviknight|Corviknight, L50, F|100/100
|move|p1a: Indeedee|Expanding Force|p2a: Weezing
|-damage|p2a: Weezing|35/100
|move|p1b: Tyranitar|Rock Slide|p2b: Corviknight|[spread] p2a,p2b
|-supereffective|p2a: Weezing
|-damage|p2a: Weezing|0 fnt
|-damage|p2b: Corviknight|74/100
|faint|p2a: Weezing
|-end|p2a: Weezing|ability: Neutralizing Gas
|-fieldstart|move: Psychic Terrain|[from] ability: Psychic Surge|[of] p1a: Indeedee
|-weather|Sandstorm|[from] ability: Sand Stream|[of] p1b: Tyranitar
|
|-weather|Sandstorm|[upkeep]
|-damage|p1a: Indeedee|17/100|[from] Sandstorm
|upkeep
|
|t:|1756847074
|switch|p2a: Garchomp|Garchomp, L50, F|100/100
|turn|3
|
|t:|1756847086
|move|p2a: Garchomp|Protect|p2a: Garchomp
|-singleturn|p2a: Garchomp|Protect
|move|p1a: Indeedee|Expanding Force|p2b: Corviknight|[spread] p2b
|-activate|p2a: Garchomp|move: Protect
|-resisted|p2b: Corviknight
|-damage|p2b: Corviknight|41/100
|-enditem|p2b: Corviknight|Sitrus Berry|[eat]
|-heal|p2b: Corviknight|66/100|[from] item: Sitrus Berry
|move|p1b: Tyranitar|Knock Off|p2b: Corviknight
|-damage|p2b: Corviknight|34/100
|move|p2b: Corviknight|Tailwind|p2b: Corviknight
|-sidestart|p2: capspungo|move: Tailwind
|
|-weather|Sandstorm|[upkeep]
|-damage|p1a: Indeedee|12/100|[from] Sandstorm
|upkeep
|turn|4
|
|t:|1756847104
|move|p2a: Garchomp|Earthquake|p1a: Indeedee|[spread] p1a,p1b
|-immune|p2b: Corviknight
|-supereffective|p1b: Tyranitar
|-damage|p1a: Indeedee|0 fnt
|-damage|p1b: Tyranitar|0 fnt
|faint|p1a: Indeedee
|faint|p1b: Tyranitar
|-damage|p2a: Garchomp|91/100|[from] item: Life Orb
|move|p2b: Corviknight|Roost|p2b: Corviknight
|-heal|p2b: Corviknight|84/100
|-singleturn|p2b: Corviknight|move: Roost
|
|-weather|Sandstorm|[upkeep]
|upkeep
|
|t:|1756847111
|switch|p1a: Excadrill|Excadrill, L50, M|100/100
|switch|p1b: Sneasler|Sneasler, L50, M|100/100
|-enditem|p1b: Sneasler|Psychic Seed
|-boost|p1b: Sneasler|spd|1|[from] item: Psychic Seed
|turn|5
|inactive|idkvgc45 has 30 seconds left.
|inactive|idkvgc45 has 20 seconds left.
|
|t:|1756847148
|move|p2a: Garchomp|Protect|p2a: Garchomp
|-singleturn|p2a: Garchomp|Protect
|move|p2b: Corviknight|Protect|p2b: Corviknight
|-singleturn|p2b: Corviknight|Protect
|move|p1b: Sneasler|Close Combat|p2a: Garchomp
|-activate|p2a: Garchomp|move: Protect
|move|p1a: Excadrill|High Horsepower|p2a: Garchomp
|-activate|p2a: Garchomp|move: Protect
|
|-weather|Sandstorm|[upkeep]
|-damage|p1b: Sneasler|95/100|[from] Sandstorm
|upkeep
|turn|6
|
|t:|1756847176
|move|p1b: Sneasler|Close Combat|p2a: Garchomp
|-damage|p2a: Garchomp|24/100
|-unboost|p1b: Sneasler|def|1
|-unboost|p1b: Sneasler|spd|1
|-damage|p1b: Sneasler|83/100|[from] ability: Rough Skin|[of] p2a: Garchomp
|move|p2a: Garchomp|Earthquake|p1b: Sneasler|[spread] p1a,p1b
|-immune|p2b: Corviknight
|-supereffective|p1a: Excadrill
|-supereffective|p1b: Sneasler
|-enditem|p1a: Excadrill|Focus Sash
|-damage|p1a: Excadrill|1/100
|-damage|p1b: Sneasler|0 fnt
|faint|p1b: Sneasler
|-damage|p2a: Garchomp|14/100|[from] item: Life Orb
|move|p1a: Excadrill|High Horsepower|p2a: Garchomp|[miss]
|-miss|p1a: Excadrill|p2a: Garchomp
|move|p2b: Corviknight|Brave Bird|p1a: Excadrill
|-resisted|p1a: Excadrill
|-damage|p1a: Excadrill|0 fnt
|faint|p1a: Excadrill
|-damage|p2b: Corviknight|83/100|[from] Recoil
|
|win|capspungo
||idkvgc45 is ready for game 2.
||capspungo is ready for game 2.
|uhtml|next|Next: Game 2 of 3
|l|☆capspungo
|player|p2|
