|j|☆FakePittTestA
|j|☆ruki_gazer
|html|FakePittTestAruki_gazer    
|uhtml|bestof|Game 2 of a best-of-3
|t:|1757802433
|gametype|doubles
|player|p1|FakePittTestA|lucas|1047
|player|p2|ruki_gazer|170|1081
|gen|9
|tier|[Gen 9] VGC 2025 Reg H (Bo3)
|rated|
|rule|Species Clause: Limit one of each Pokémon
|rule|Item Clause: Limit 1 of each item
|clearpoke
|poke|p1|Ursaluna-Bloodmoon, L50, M|
|poke|p1|Sinistcha-Masterpiece, L50|
|poke|p1|Klefki, L50, M|
|poke|p1|Tyranitar, L50, M|
|poke|p1|Excadrill, L50, M|
|poke|p1|Decidueye-Hisui, L50, M|
|poke|p2|Sneasler, L50, F|
|poke|p2|Kingambit, L50, F|
|poke|p2|Rillaboom, L50, F|
|poke|p2|Ursaluna-Bloodmoon, L50, M|
|poke|p2|Dragonite, L50, F|
|poke|p2|Magmar, L50, F|
|teampreview|4
|showteam|p1|Ursaluna-Bloodmoon||AssaultVest|MindsEye|HyperVoice,BloodMoon,VacuumWave,EarthPower|||M|||50|,,,,,Poison]Sinistcha-Masterpiece||SitrusBerry|Hospitality|MatchaGotcha,LifeDew,CalmMind,TrickRoom||||||50|,,,,,Water]Klefki||LightClay|Prankster|MistyTerrain,Reflect,LightScreen,DazzlingGleam|||M|||50|,,,,,Water]Tyranitar||ClearAmulet|SandStream|RockSlide,LowKick,TeraBlast,KnockOff|||M|||50|,,,,,Flying]Excadrill||FocusSash|SandRush|HighHorsepower,Earthquake,RockSlide,Protect|||M|||50|,,,,,Stellar]Decidueye-Hisui||ScopeLens|Scrappy|TripleArrows,LeafBlade,Haze,Protect|||M|||50|,,,,,Water
|showteam|p2|Sneasler||GrassySeed|Unburden|DireClaw,CloseCombat,Acrobatics,Protect|||F|||50|,,,,,Flying]Kingambit||BlackGlasses|Defiant|KowtowCleave,SuckerPunch,SwordsDance,Protect|||F|||50|,,,,,Water]Rillaboom||AssaultVest|GrassySurge|DrumBeating,GrassyGlide,HighHorsepower,FakeOut|||F|||50|,,,,,Fire]Ursaluna-Bloodmoon||FocusSash|MindsEye|BloodMoon,HyperVoice,EarthPower,Protect|||M|||50|,,,,,Normal]Dragonite||LoadedDice|Multiscale|ScaleShot,Haze,Tailwind,Protect|||F|||50|,,,,,Fairy]Magmar||Eviolite|VitalSpirit|Overheat,FollowMe,WillOWisp,Protect|||F|||50|,,,,,Ghost
|inactive|Battle timer is ON: inactive players will automatically lose when time's up. (requested by FakePittTestA)
|j| Nybx
|l| Nybx
|
|t:|1757802454
|teamsize|p1|4
|teamsize|p2|4
|start
|switch|p1a: Excadrill|Excadrill, L50, M|100/100
|switch|p1b: Tyranitar|Tyranitar, L50, M|100/100
|switch|p2a: Sneasler|Sneasler, L50, F|100/100
|switch|p2b: Magmar|Magmar, L50, F|100/100
|-weather|Sandstorm|[from] ability: Sand Stream|[of] p1b: Tyranitar
|turn|1
|j| Nybx
|l| Nybx
|inactive|FakePittTestA has 30 seconds left.
|inactive|ruki_gazer has 30 seconds left.
|
|t:|1757802483
|switch|p1b: Klefki|Klefki, L50, M, shiny|100/100
|-terastallize|p2b: Magmar|Ghost
|move|p2a: Sneasler|Protect|p2a: Sneasler
|-singleturn|p2a: Sneasler|Protect
|move|p1a: Excadrill|High Horsepower|p2b: Magmar
|-damage|p2b: Magmar|53/100
|move|p2b: Magmar|Will-O-Wisp|p1a: Excadrill
|-status|p1a: Excadrill|brn
|
|-weather|Sandstorm|[upkeep]
|-damage|p2a: Sneasler|95/100|[from] Sandstorm
|-damage|p2b: Magmar|47/100|[from] Sandstorm
|-damage|p1a: Excadrill|95/100 brn|[from] brn
|upkeep
|turn|2
|inactive|ruki_gazer has 30 seconds left.
|
|t:|1757802509
|switch|p2a: Rillaboom|Rillaboom, L50, F|100/100
|-fieldstart|move: Grassy Terrain|[from] ability: Grassy Surge|[of] p2a: Rillaboom
|move|p1b: Klefki|Reflect|p1b: Klefki
|-sidestart|p1: FakePittTestA|Reflect
|move|p1a: Excadrill|High Horsepower|p2a: Rillaboom
|-resisted|p2a: Rillaboom
|-damage|p2a: Rillaboom|87/100
|move|p2b: Magmar|Overheat|p1b: Klefki
|-supereffective|p1b: Klefki
|-damage|p1b: Klefki|0 fnt
|-unboost|p2b: Magmar|spa|2
|faint|p1b: Klefki
|
|-weather|Sandstorm|[upkeep]
|-damage|p2a: Rillaboom|81/100|[from] Sandstorm
|-damage|p2b: Magmar|41/100|[from] Sandstorm
|-heal|p1a: Excadrill|100/100 brn|[from] Grassy Terrain
|-heal|p2a: Rillaboom|87/100|[from] Grassy Terrain
|-heal|p2b: Magmar|47/100|[from] Grassy Terrain
|-damage|p1a: Excadrill|95/100 brn|[from] brn
|upkeep
|
|t:|1757802522
|switch|p1b: Ursaluna|Ursaluna-Bloodmoon, L50, M|100/100
|turn|3
|
|t:|1757802540
|-terastallize|p1b: Ursaluna|Poison
|move|p1a: Excadrill|Protect|p1a: Excadrill
|-singleturn|p1a: Excadrill|Protect
|move|p2b: Magmar|Protect|p2b: Magmar
|-singleturn|p2b: Magmar|Protect
|move|p2a: Rillaboom|Drum Beating|p1b: Ursaluna
|-resisted|p1b: Ursaluna
|-damage|p1b: Ursaluna|89/100
|-unboost|p1b: Ursaluna|spe|1
|move|p1b: Ursaluna|Hyper Voice|p2a: Rillaboom|[spread] p2a
|-activate|p2b: Magmar|move: Protect
|-damage|p2a: Rillaboom|58/100
|
|-weather|Sandstorm|[upkeep]
|-damage|p2a: Rillaboom|52/100|[from] Sandstorm
|-damage|p2b: Magmar|41/100|[from] Sandstorm
|-damage|p1b: Ursaluna|83/100|[from] Sandstorm
|-heal|p1a: Excadrill|100/100 brn|[from] Grassy Terrain
|-heal|p2a: Rillaboom|58/100|[from] Grassy Terrain
|-heal|p2b: Magmar|47/100|[from] Grassy Terrain
|-heal|p1b: Ursaluna|89/100|[from] Grassy Terrain
|-damage|p1a: Excadrill|95/100 brn|[from] brn
|upkeep
|turn|4
|
|t:|1757802562
|move|p1a: Excadrill|Rock Slide|p2b: Magmar|[spread] p2a,p2b
|-damage|p2a: Rillaboom|48/100
|-damage|p2b: Magmar|36/100
|move|p2a: Rillaboom|High Horsepower|p1b: Ursaluna
|-supereffective|p1b: Ursaluna
|-damage|p1b: Ursaluna|59/100
|move|p2b: Magmar|Overheat|p1a: Excadrill
|-supereffective|p1a: Excadrill
|-damage|p1a: Excadrill|27/100 brn
|-unboost|p2b: Magmar|spa|2
|move|p1b: Ursaluna|Hyper Voice|p2a: Rillaboom|[spread] p2a,p2b
|-damage|p2a: Rillaboom|15/100
|-damage|p2b: Magmar|8/100
|
|-weather|Sandstorm|[upkeep]
|-damage|p2a: Rillaboom|9/100|[from] Sandstorm
|-damage|p2b: Magmar|2/100|[from] Sandstorm
|-damage|p1b: Ursaluna|53/100|[from] Sandstorm
|-heal|p1a: Excadrill|33/100 brn|[from] Grassy Terrain
|-heal|p2a: Rillaboom|15/100|[from] Grassy Terrain
|-heal|p2b: Magmar|8/100|[from] Grassy Terrain
|-heal|p1b: Ursaluna|59/100|[from] Grassy Terrain
|-damage|p1a: Excadrill|27/100 brn|[from] brn
|upkeep
|turn|5
|inactive|ruki_gazer has 30 seconds left.
|
|t:|1757802587
|switch|p1b: Tyranitar|Tyranitar, L50, M|100/100
|move|p1a: Excadrill|Protect|p1a: Excadrill
|-singleturn|p1a: Excadrill|Protect
|move|p2a: Rillaboom|Grassy Glide|p1a: Excadrill
|-activate|p1a: Excadrill|move: Protect
|move|p2b: Magmar|Overheat|p1b: Tyranitar
|-resisted|p1b: Tyranitar
|-damage|p1b: Tyranitar|95/100
|-unboost|p2b: Magmar|spa|2
|
|-weather|none
|-heal|p1a: Excadrill|33/100 brn|[from] Grassy Terrain
|-heal|p2a: Rillaboom|21/100|[from] Grassy Terrain
|-heal|p2b: Magmar|14/100|[from] Grassy Terrain
|-heal|p1b: Tyranitar|100/100|[from] Grassy Terrain
|-damage|p1a: Excadrill|27/100 brn|[from] brn
|upkeep
|turn|6
|
|t:|1757802606
|move|p2a: Rillaboom|High Horsepower|p1a: Excadrill
|-supereffective|p1a: Excadrill
|-damage|p1a: Excadrill|0 fnt
|faint|p1a: Excadrill
|move|p2b: Magmar|Will-O-Wisp|p1b: Tyranitar
|-status|p1b: Tyranitar|brn
|move|p1b: Tyranitar|Rock Slide|p2b: Magmar|[spread] p2a,p2b
|-damage|p2a: Rillaboom|7/100
|-damage|p2b: Magmar|1/100
|
|-heal|p2a: Rillaboom|13/100|[from] Grassy Terrain
|-heal|p2b: Magmar|7/100|[from] Grassy Terrain
|-damage|p1b: Tyranitar|94/100 brn|[from] brn
|-fieldend|move: Grassy Terrain
|upkeep
|
|t:|1757802609
|switch|p1a: Ursaluna|Ursaluna-Bloodmoon, L50, M, tera:Poison|59/100
|turn|7
|
|t:|1757802629
|move|p2a: Rillaboom|Drum Beating|p1b: Tyranitar
|-supereffective|p1b: Tyranitar
|-damage|p1b: Tyranitar|50/100 brn
|move|p2b: Magmar|Will-O-Wisp|p1a: Ursaluna
|-status|p1a: Ursaluna|brn
|move|p1b: Tyranitar|Rock Slide|p2a: Rillaboom|[spread] p2a,p2b
|-damage|p2a: Rillaboom|0 fnt
|-damage|p2b: Magmar|0 fnt
|faint|p2a: Rillaboom
|faint|p2b: Magmar
|move|p1a: Ursaluna|Hyper Voice|p2: Rillaboom|[notarget]
|-fail|p1a: Ursaluna
|
|-damage|p1b: Tyranitar|44/100 brn|[from] brn
|-damage|p1a: Ursaluna|53/100 brn|[from] brn
|upkeep
|
|t:|1757802643
|switch|p2a: Sneasler|Sneasler, L50, F|95/100
|switch|p2b: Ursaluna|Ursaluna-Bloodmoon, L50, M|100/100
|turn|8
|
|t:|1757802662
|move|p2a: Sneasler|Close Combat|p1b: Tyranitar
|-supereffective|p1b: Tyranitar
|-damage|p1b: Tyranitar|0 fnt
|-unboost|p2a: Sneasler|def|1
|-unboost|p2a: Sneasler|spd|1
|faint|p1b: Tyranitar
|move|p2b: Ursaluna|Earth Power|p1a: Ursaluna
|-supereffective|p1a: Ursaluna
|-damage|p1a: Ursaluna|0 fnt
|faint|p1a: Ursaluna
|
|win|ruki_gazer
