|j|☆thebeast4895
|j|☆CamronVGC
|html|thebeast4895CamronVGC    
|uhtml|bestof|Game 3 of a best-of-3
|t:|1783368143
|gametype|doubles
|player|p1|thebeast4895|101|1219
|player|p2|CamronVGC|koga|1186
|gen|9
|tier|[Gen 9 Champions] VGC 2026 Reg M-B (Bo3)
|rated|
|rule|Species Clause: Limit one of each Pokémon
|rule|Item Clause: Limit 1 of each item
|clearpoke
|poke|p1|Tsareena, L50, F, shiny|
|poke|p1|Kingambit, L50, F, shiny|
|poke|p1|Delphox, L50, M, shiny|
|poke|p1|Raichu, L50, M|
|poke|p1|Incineroar, L50, F|
|poke|p1|Maushold-Four, L50|
|poke|p2|Floette-Eternal, L50, F|
|poke|p2|Aerodactyl, L50, F|
|poke|p2|Garchomp, L50, F|
|poke|p2|Incineroar, L50, F|
|poke|p2|Sinistcha-Masterpiece, L50|
|poke|p2|Maushold-Four, L50|
|teampreview|4
|showteam|p1|Tsareena||WideLens|QueenlyMajesty|Protect,TripleAxel,LowKick,TropKick|Adamant||F|||50|]Kingambit||FocusSash|Defiant|LowKick,IronHead,KowtowCleave,SuckerPunch|Adamant||F|||50|]Delphox||Delphoxite|Blaze|Protect,NastyPlot,HeatWave,Psychic|Timid||M|||50|]Raichu||RaichuniteY|LightningRod|FakeOut,ZapCannon,FocusBlast,Protect|Modest||M|||50|]Incineroar||SitrusBerry|Intimidate|FakeOut,FlareBlitz,DarkestLariat,PartingShot|Adamant||F|||50|]Maushold-Four||ChopleBerry|FriendGuard|Protect,FollowMe,Taunt,Feint|Jolly|||||50|
|showteam|p2|Floette-Eternal||Floettite|FlowerVeil|Protect,DazzlingGleam,Moonblast,CalmMind|Bold||F|||50|]Aerodactyl||Aerodactylite|Unnerve|Protect,Tailwind,DualWingbeat,RockSlide|Jolly||F|||50|]Garchomp||SitrusBerry|RoughSkin|Protect,DragonClaw,StompingTantrum,RockSlide|Adamant||F|||50|]Incineroar||PasshoBerry|Intimidate|FlareBlitz,ThroatChop,PartingShot,FakeOut|Careful||F|||50|]Sinistcha-Masterpiece||KasibBerry|Hospitality|Protect,RagePowder,MatchaGotcha,LifeDew|Bold|||||50|]Maushold-Four||FocusSash|FriendGuard|Protect,FollowMe,SuperFang,Feint|Timid|||||50|
|inactive|Battle timer is ON: inactive players will automatically lose when time's up. (requested by CamronVGC)
|inactive|CamronVGC has 60 seconds left.
|
|t:|1783368190
|teamsize|p1|4
|teamsize|p2|4
|start
|switch|p1a: Tsareena|Tsareena, L50, F, shiny|100/100
|switch|p1b: Kingambit|Kingambit, L50, F, shiny|100/100
|switch|p2a: Floette|Floette-Eternal, L50, F|100/100
|switch|p2b: Incineroar|Incineroar, L50, F|100/100
|-ability|p2b: Incineroar|Intimidate|boost
|-unboost|p1a: Tsareena|atk|1
|-unboost|p1b: Kingambit|atk|1
|-ability|p1b: Kingambit|Defiant|boost
|-boost|p1b: Kingambit|atk|2
|turn|1
|inactive|thebeast4895 has 30 seconds left.
|inactive|CamronVGC has 30 seconds left.
|inactive|CamronVGC has 20 seconds left.
|
|t:|1783368226
|detailschange|p2a: Floette|Floette-Mega, L50, F
|-mega|p2a: Floette|Floette|Floettite
|-ability|p2a: Floette|Fairy Aura
|move|p2a: Floette|Dazzling Gleam|p1a: Tsareena|[spread] p1a,p1b
|-damage|p1a: Tsareena|57/100
|-damage|p1b: Kingambit|52/100
|move|p1b: Kingambit|Low Kick|p2b: Incineroar
|-supereffective|p2b: Incineroar|1
|-damage|p2b: Incineroar|18/100
|move|p1a: Tsareena|Low Kick|p2b: Incineroar
|-supereffective|p2b: Incineroar|1
|-damage|p2b: Incineroar|0 fnt
|faint|p2b: Incineroar
|
|upkeep
|c|☆thebeast4895|damn
|c|☆thebeast4895|i really thought
|c|☆thebeast4895|u protect floette
|c|☆thebeast4895|thats a game changing move
|inactive|CamronVGC has 30 seconds left.
|c|☆thebeast4895|right there
|c|☆thebeast4895|looks like gg
|
|t:|1783368254
|switch|p2b: Garchomp|Garchomp, L50, F|100/100
|turn|2
|
|t:|1783368271
|switch|p1a: Incineroar|Incineroar, L50, F|100/100
|-ability|p1a: Incineroar|Intimidate|boost
|-unboost|p2a: Floette|atk|1
|-unboost|p2b: Garchomp|atk|1
|move|p2b: Garchomp|Protect|p2b: Garchomp
|-singleturn|p2b: Garchomp|Protect
|move|p1b: Kingambit|Sucker Punch||[still]
|-fail|p1b: Kingambit
|move|p2a: Floette|Moonblast|p1a: Incineroar
|-damage|p1a: Incineroar|49/100
|-enditem|p1a: Incineroar|Sitrus Berry|[eat]
|-heal|p1a: Incineroar|73/100|[from] item: Sitrus Berry
|
|upkeep
|turn|3
|inactive|thebeast4895 has 30 seconds left.
|inactive|CamronVGC has 30 seconds left.
|inactive|thebeast4895 has 20 seconds left.
|inactive|thebeast4895 has 15 seconds left.
|
|t:|1783368314
|move|p1a: Incineroar|Fake Out|p2a: Floette
|-damage|p2a: Floette|89/100
|move|p1b: Kingambit|Sucker Punch|p2b: Garchomp
|-damage|p2b: Garchomp|48/100
|-damage|p1b: Kingambit|40/100|[from] ability: Rough Skin|[of] p2b: Garchomp
|-enditem|p2b: Garchomp|Sitrus Berry|[eat]
|-heal|p2b: Garchomp|73/100|[from] item: Sitrus Berry
|move|p2b: Garchomp|Rock Slide|p1a: Incineroar|[spread] p1a,p1b
|-supereffective|p1a: Incineroar|1
|-resisted|p1b: Kingambit|1
|-damage|p1a: Incineroar|48/100
|-damage|p1b: Kingambit|33/100
|cant|p2a: Floette|flinch
|
|upkeep
|turn|4
|inactive|thebeast4895 has 30 seconds left.
|inactive|CamronVGC has 30 seconds left.
|
|t:|1783368343
|move|p1b: Kingambit|Sucker Punch|p2b: Garchomp
|-damage|p2b: Garchomp|21/100
|-damage|p1b: Kingambit|21/100|[from] ability: Rough Skin|[of] p2b: Garchomp
|move|p2b: Garchomp|Stomping Tantrum|p1b: Kingambit
|-supereffective|p1b: Kingambit|1
|-damage|p1b: Kingambit|0 fnt
|faint|p1b: Kingambit
|move|p2a: Floette|Moonblast|p1a: Incineroar
|-crit|p1a: Incineroar
|-damage|p1a: Incineroar|0 fnt
|faint|p1a: Incineroar
|
|upkeep
|
|t:|1783368349
|switch|p1b: Delphox|Delphox, L50, M, shiny|100/100
|switch|p1a: Tsareena|Tsareena, L50, F, shiny|57/100
|turn|5
|
|t:|1783368364
|detailschange|p1b: Delphox|Delphox-Mega, L50, M, shiny
|-mega|p1b: Delphox|Delphox|Delphoxite
|move|p1b: Delphox|Psychic|p2b: Garchomp
|-damage|p2b: Garchomp|0 fnt
|faint|p2b: Garchomp
|move|p2a: Floette|Moonblast|p1a: Tsareena
|-damage|p1a: Tsareena|0 fnt
|faint|p1a: Tsareena
|
|upkeep
|
|t:|1783368370
|switch|p2b: Aerodactyl|Aerodactyl, L50, F|100/100
|-ability|p2b: Aerodactyl|Unnerve
|turn|6
|
|t:|1783368377
|move|p1b: Delphox|Heat Wave|p2b: Aerodactyl|[spread] p2a,p2b
|-resisted|p2b: Aerodactyl|1
|-damage|p2a: Floette|56/100
|-damage|p2b: Aerodactyl|69/100
|move|p2b: Aerodactyl|Rock Slide|p1b: Delphox
|-supereffective|p1b: Delphox|1
|-damage|p1b: Delphox|0 fnt
|faint|p1b: Delphox
|
|win|CamronVGC
|raw|thebeast4895's rating: 1219 → 1192(-27 for losing)
|raw|CamronVGC's rating: 1186 → 1213(+27 for winning)
|l|☆thebeast4895
|player|p1|
