|j|☆Chandeliere
|j|☆NaisonD
|html|ChandeliereNaisonD    
|uhtml|bestof|Game 1 of a best-of-3
|t:|1756921978
|gametype|doubles
|player|p1|Chandeliere|ethan|
|player|p2|NaisonD|cheren-gen5bw2|
|gen|9
|tier|[Gen 9] VGC 2025 Reg H (Bo3)
|rule|Species Clause: Limit one of each Pokémon
|rule|Item Clause: Limit 1 of each item
|clearpoke
|poke|p1|Ninetales-Alola, L50, M|
|poke|p1|Gholdengo, L50|
|poke|p1|Garchomp, L50, F|
|poke|p1|Incineroar, L50, F|
|poke|p1|Sneasler, L50, M|
|poke|p1|Dragonite, L50, F|
|poke|p2|Annihilape, L50, M|
|poke|p2|Sinistcha, L50|
|poke|p2|Basculegion, L50, M|
|poke|p2|Archaludon, L50, M|
|poke|p2|Maushold, L50|
|poke|p2|Pelipper, L50, M|
|teampreview|4
|showteam|p1|Ninetales-Alola||LightClay|SnowWarning|AuroraVeil,Blizzard,FreezeDry,Protect|||M|||50|,,,,,Ghost]Gholdengo||LifeOrb|GoodasGold|MakeItRain,ShadowBall,NastyPlot,Protect||||||50|,,,,,Water]Garchomp||ClearAmulet|RoughSkin|Earthquake,StompingTantrum,DragonClaw,Protect|||F|||50|,,,,,Ground]Incineroar||AssaultVest|Intimidate|FakeOut,KnockOff,FlareBlitz,Uturn|||F|||50|,,,,,Grass]Sneasler||WhiteHerb|Unburden|Coaching,CloseCombat,DireClaw,Protect|||M|||50|,,,,,Ghost]Dragonite||LoadedDice|Multiscale|ScaleShot,Haze,Tailwind,Protect|||F|||50|,,,,,Fairy
|showteam|p2|Annihilape||LumBerry|Defiant|RageFist,DrainPunch,BulkUp,Protect|||M|||50|,,,,,Fire]Sinistcha||SitrusBerry|Hospitality|MatchaGotcha,LifeDew,TrickRoom,RagePowder||||||50|,,,,,Water]Basculegion||LifeOrb|SwiftSwim|WaveCrash,LastRespects,AquaJet,Protect|||M|||50|,,,,,Water]Archaludon||AssaultVest|Stamina|ElectroShot,FlashCannon,Snarl,BodyPress|||M|||50|,,,,,Fairy]Maushold||SafetyGoggles|FriendGuard|FollowMe,Taunt,BeatUp,Protect||||||50|,,,,,Ghost]Pelipper||CovertCloak|Drizzle|Hurricane,WeatherBall,Tailwind,Protect|||M|||50|,,,,,Stellar
|c|☆NaisonD|glhf :)
|c|☆Chandeliere|you too
|
|t:|1756922014
|teamsize|p1|4
|teamsize|p2|4
|start
|switch|p1a: Sneasler|Sneasler, L50, M|100/100
|switch|p1b: Dragonite|Dragonite, L50, F|100/100
|switch|p2a: Annihilape|Annihilape, L50, M|100/100
|switch|p2b: Tate&Liza|Maushold, L50|100/100
|turn|1
|
|t:|1756922037
|move|p2b: Tate&Liza|Beat Up|p2a: Annihilape
|-damage|p2a: Annihilape|99/100
|-damage|p2a: Annihilape|97/100
|-damage|p2a: Annihilape|95/100
|-crit|p2a: Annihilape
|-damage|p2a: Annihilape|92/100
|-hitcount|p2a: Annihilape|4
|move|p1a: Sneasler|Coaching|p1b: Dragonite
|-boost|p1b: Dragonite|atk|1
|-boost|p1b: Dragonite|def|1
|move|p2a: Annihilape|Bulk Up|p2a: Annihilape
|-boost|p2a: Annihilape|atk|1
|-boost|p2a: Annihilape|def|1
|move|p1b: Dragonite|Scale Shot|p2a: Annihilape
|-damage|p2a: Annihilape|81/100
|-damage|p2a: Annihilape|71/100
|-damage|p2a: Annihilape|60/100
|-damage|p2a: Annihilape|48/100
|-damage|p2a: Annihilape|38/100
|-hitcount|p2a: Annihilape|5
|-unboost|p1b: Dragonite|def|1
|-boost|p1b: Dragonite|spe|1
|
|upkeep
|turn|2
|
|t:|1756922095
|-terastallize|p2b: Tate&Liza|Ghost
|move|p2b: Tate&Liza|Follow Me|p2b: Tate&Liza
|-singleturn|p2b: Tate&Liza|move: Follow Me
|move|p1b: Dragonite|Scale Shot|p2b: Tate&Liza
|-damage|p2b: Tate&Liza|75/100
|-damage|p2b: Tate&Liza|47/100
|-damage|p2b: Tate&Liza|24/100
|-damage|p2b: Tate&Liza|0 fnt
|faint|p2b: Tate&Liza
|-hitcount|p2: Tate&Liza|4
|-unboost|p1b: Dragonite|def|1
|-boost|p1b: Dragonite|spe|1
|move|p1a: Sneasler|Coaching|p1b: Dragonite
|-boost|p1b: Dragonite|atk|1
|-boost|p1b: Dragonite|def|1
|move|p2a: Annihilape|Rage Fist|p1b: Dragonite
|-damage|p1b: Dragonite|0 fnt
|faint|p1b: Dragonite
|
|upkeep
|
|t:|1756922122
|switch|p2b: Pelipper|Pelipper, L50, M, shiny|100/100
|switch|p1b: Ninetales|Ninetales-Alola, L50, M|100/100
|-weather|Snowscape|[from] ability: Snow Warning|[of] p1b: Ninetales
|-weather|RainDance|[from] ability: Drizzle|[of] p2b: Pelipper
|turn|3
|
|t:|1756922142
|move|p2a: Annihilape|Protect|p2a: Annihilape
|-singleturn|p2a: Annihilape|Protect
|move|p1a: Sneasler|Dire Claw|p2b: Pelipper
|-damage|p2b: Pelipper|51/100
|move|p1b: Ninetales|Freeze-Dry|p2b: Pelipper
|-supereffective|p2b: Pelipper
|-damage|p2b: Pelipper|0 fnt
|faint|p2b: Pelipper
|
|-weather|RainDance|[upkeep]
|upkeep
|
|t:|1756922151
|switch|p2b: Wilhelm|Basculegion, L50, M|100/100
|turn|4
|
|t:|1756922178
|switch|p1b: Gholdengo|Gholdengo, L50|100/100
|move|p1a: Sneasler|Protect|p1a: Sneasler
|-singleturn|p1a: Sneasler|Protect
|move|p2b: Wilhelm|Last Respects|p1a: Sneasler
|-activate|p1a: Sneasler|move: Protect
|move|p2a: Annihilape|Rage Fist|p1b: Gholdengo
|-supereffective|p1b: Gholdengo
|-damage|p1b: Gholdengo|0 fnt
|faint|p1b: Gholdengo
|
|-weather|RainDance|[upkeep]
|upkeep
|
|t:|1756922190
|switch|p1b: Ninetales|Ninetales-Alola, L50, M|100/100
|-weather|Snowscape|[from] ability: Snow Warning|[of] p1b: Ninetales
|turn|5
|
|t:|1756922203
|move|p2b: Wilhelm|Aqua Jet|p1a: Sneasler
|-damage|p1a: Sneasler|59/100
|-damage|p2b: Wilhelm|91/100|[from] item: Life Orb
|move|p1a: Sneasler|Dire Claw|p2a: Annihilape
|-resisted|p2a: Annihilape
|-damage|p2a: Annihilape|25/100
|-status|p2a: Annihilape|psn
|-enditem|p2a: Annihilape|Lum Berry|[eat]
|-curestatus|p2a: Annihilape|psn|[msg]
|move|p1b: Ninetales|Blizzard|p2b: Wilhelm|[spread] p2a,p2b
|-resisted|p2b: Wilhelm
|-damage|p2a: Annihilape|0 fnt
|-damage|p2b: Wilhelm|76/100
|faint|p2a: Annihilape
|
|-weather|Snowscape|[upkeep]
|upkeep
|turn|6
|
|t:|1756922230
|move|p1b: Ninetales|Freeze-Dry|p2b: Wilhelm
|-supereffective|p2b: Wilhelm
|-damage|p2b: Wilhelm|24/100
|move|p1a: Sneasler|Coaching|p1b: Ninetales
|-boost|p1b: Ninetales|atk|1
|-boost|p1b: Ninetales|def|1
|move|p2b: Wilhelm|Last Respects|p1b: Ninetales
|-damage|p1b: Ninetales|30/100
|-damage|p2b: Wilhelm|14/100|[from] item: Life Orb
|
|-weather|Snowscape|[upkeep]
|upkeep
|turn|7
|-message|NaisonD forfeited.
|
|win|Chandeliere
||NaisonD is ready for game 2.
|inactive|Chandeliere has 30 seconds to confirm battle start!
|inactive|Chandeliere has 20 seconds to confirm battle start!
||Chandeliere is ready for game 2.
|uhtml|next|Next: Game 2 of 3
