|j|☆pinogrezzo
|j|☆VenusaurBot
|html|pinogrezzoVenusaurBot    
|uhtml|bestof|Game 2 of a best-of-3
|t:|1784542050
|gametype|doubles
|player|p1|pinogrezzo|265|1273
|player|p2|VenusaurBot|koga|1234
|gen|9
|tier|[Gen 9 Champions] VGC 2026 Reg M-B (Bo3)
|rated|
|rule|Species Clause: Limit one of each Pokémon
|rule|Item Clause: Limit 1 of each item
|clearpoke
|poke|p1|Staraptor, L50, M, shiny|
|poke|p1|Metagross, L50, shiny|
|poke|p1|Primarina, L50, M, shiny|
|poke|p1|Ceruledge, L50, M, shiny|
|poke|p1|Grimmsnarl, L50, M, shiny|
|poke|p1|Glimmora, L50, M, shiny|
|poke|p2|Blaziken, L50, F|
|poke|p2|Venusaur, L50, F|
|poke|p2|Ninetales-Alola, L50, F|
|poke|p2|Dragonite, L50, F|
|poke|p2|Kingambit, L50, M|
|poke|p2|Basculegion, L50, M|
|teampreview|4
|showteam|p1|Staraptor||Staraptite|Intimidate|Protect,CloseCombat,DualWingbeat,Roost|Adamant||M|||50|]Metagross||Metagrossite|ClearBody|Protect,IronHead,PsychicFangs,StompingTantrum|Jolly|||||50|]Primarina||MysticWater|LiquidVoice|Protect,Moonblast,HyperVoice,EnergyBall|Modest||M|||50|]Ceruledge||ColburBerry|FlashFire|Protect,BulkUp,BitterBlade,ShadowSneak|Adamant||M|||50|]Grimmsnarl||LightClay|Prankster|PartingShot,SpiritBreak,LightScreen,Reflect|Careful||M|||50|]Glimmora||FocusSash|ToxicDebris|SpikyShield,PowerGem,SludgeBomb,EarthPower|Modest||M|||50|
|showteam|p2|Blaziken||Blazikenite|SpeedBoost|Protect,FlareBlitz,CloseCombat,RockSlide|Adamant||F|||50|]Venusaur||Venusaurite|Chlorophyll|Protect,EarthPower,SludgeBomb,GigaDrain|Modest||F|||50|]Ninetales-Alola||NeverMeltIce|SnowWarning|Protect,Blizzard,FreezeDry,Encore|Timid||F|||50|]Dragonite||LifeOrb|InnerFocus|Protect,ExtremeSpeed,DragonClaw,LowKick|Adamant||F|||50|]Kingambit||BlackGlasses|Defiant|Protect,KowtowCleave,SuckerPunch,IronHead|Adamant||M|||50|]Basculegion||ChoiceScarf|Adaptability|WaveCrash,FlipTurn,AquaJet,LastRespects|Jolly||M|||50|
|inactive|Battle timer is ON: inactive players will automatically lose when time's up. (requested by VenusaurBot)
|inactive|VenusaurBot has 60 seconds left.
|
|t:|1784542090
|teamsize|p1|4
|teamsize|p2|4
|start
|switch|p1a: Staraptor|Staraptor, L50, M, shiny|100/100
|switch|p1b: Grimmsnarl|Grimmsnarl, L50, M, shiny|100/100
|switch|p2a: Venusaur|Venusaur, L50, F|100/100
|switch|p2b: Basculegion|Basculegion, L50, M|100/100
|-ability|p1a: Staraptor|Intimidate|boost
|-unboost|p2a: Venusaur|atk|1
|-unboost|p2b: Basculegion|atk|1
|turn|1
|
|t:|1784542101
|detailschange|p1a: Staraptor|Staraptor-Mega, L50, M, shiny
|-mega|p1a: Staraptor|Staraptor|Staraptite
|detailschange|p2a: Venusaur|Venusaur-Mega, L50, F
|-mega|p2a: Venusaur|Venusaur|Venusaurite
|move|p1b: Grimmsnarl|Reflect|p1b: Grimmsnarl
|-sidestart|p1: pinogrezzo|Reflect
|move|p2b: Basculegion|Wave Crash|p1a: Staraptor
|-damage|p1a: Staraptor|64/100
|-damage|p2b: Basculegion|89/100|[from] Recoil
|move|p1a: Staraptor|Close Combat|p2a: Venusaur
|-resisted|p2a: Venusaur|1
|-damage|p2a: Venusaur|72/100
|-boost|p1a: Staraptor|def|1
|-boost|p1a: Staraptor|spd|1
|move|p2a: Venusaur|Sludge Bomb|p1b: Grimmsnarl
|-supereffective|p1b: Grimmsnarl|1
|-damage|p1b: Grimmsnarl|30/100
|
|upkeep
|turn|2
|
|t:|1784542121
|move|p1b: Grimmsnarl|Light Screen|p1b: Grimmsnarl
|-sidestart|p1: pinogrezzo|move: Light Screen
|move|p2b: Basculegion|Wave Crash|p1b: Grimmsnarl
|-damage|p1b: Grimmsnarl|0 fnt
|faint|p1b: Grimmsnarl
|-damage|p2b: Basculegion|79/100|[from] Recoil
|move|p1a: Staraptor|Roost|p1a: Staraptor
|-heal|p1a: Staraptor|100/100
|-singleturn|p1a: Staraptor|move: Roost
|move|p2a: Venusaur|Sludge Bomb|p1a: Staraptor
|-damage|p1a: Staraptor|75/100
|-status|p1a: Staraptor|psn
|
|-damage|p1a: Staraptor|63/100 psn|[from] psn
|upkeep
|
|t:|1784542126
|switch|p1b: Ceruledge|Ceruledge, L50, M, shiny|100/100
|turn|3
|
|t:|1784542149
|move|p2a: Venusaur|Protect|p2a: Venusaur
|-singleturn|p2a: Venusaur|Protect
|move|p2b: Basculegion|Wave Crash|p1b: Ceruledge
|-supereffective|p1b: Ceruledge|1
|-crit|p1b: Ceruledge
|-damage|p1b: Ceruledge|0 fnt
|faint|p1b: Ceruledge
|-damage|p2b: Basculegion|48/100|[from] Recoil
|move|p1a: Staraptor|Dual Wingbeat|p2b: Basculegion
|-damage|p2b: Basculegion|15/100
|-damage|p2b: Basculegion|0 fnt
|faint|p2b: Basculegion
|-hitcount|p2: Basculegion|2
|
|-damage|p1a: Staraptor|51/100 psn|[from] psn
|upkeep
|
|t:|1784542163
|switch|p2b: Ninetales|Ninetales-Alola, L50, F|100/100
|switch|p1b: Primarina|Primarina, L50, M, shiny|100/100
|-weather|Snowscape|[from] ability: Snow Warning|[of] p2b: Ninetales
|turn|4
|
|t:|1784542172
|move|p2b: Ninetales|Encore|p1a: Staraptor
|-start|p1a: Staraptor|Encore
|move|p1a: Staraptor|Dual Wingbeat|p2a: Venusaur|[miss]
|-miss|p1a: Staraptor|p2a: Venusaur
|move|p2a: Venusaur|Giga Drain|p1b: Primarina
|-supereffective|p1b: Primarina|1
|-damage|p1b: Primarina|56/100
|-heal|p2a: Venusaur|94/100|[from] drain|[of] p1b: Primarina
|move|p1b: Primarina|Hyper Voice|p2b: Ninetales|[spread] p2a,p2b
|-resisted|p2a: Venusaur|1
|-crit|p2b: Ninetales
|-damage|p2a: Venusaur|74/100
|-damage|p2b: Ninetales|21/100
|
|-weather|Snowscape|[upkeep]
|-damage|p1a: Staraptor|39/100 psn|[from] psn
|upkeep
|turn|5
|
|t:|1784542193
|move|p2b: Ninetales|Blizzard|p1a: Staraptor|[spread] p1a,p1b
|-supereffective|p1a: Staraptor|1
|-resisted|p1b: Primarina|1
|-damage|p1a: Staraptor|10/100 psn
|-damage|p1b: Primarina|48/100
|move|p1a: Staraptor|Dual Wingbeat|p2a: Venusaur
|-supereffective|p2a: Venusaur|1
|-damage|p2a: Venusaur|39/100
|-supereffective|p2a: Venusaur|1
|-damage|p2a: Venusaur|3/100
|-hitcount|p2a: Venusaur|2
|move|p2a: Venusaur|Sludge Bomb|p1b: Primarina
|-supereffective|p1b: Primarina|1
|-damage|p1b: Primarina|1/100
|move|p1b: Primarina|Hyper Voice|p2b: Ninetales|[spread] p2a,p2b
|-resisted|p2a: Venusaur|1
|-damage|p2a: Venusaur|0 fnt
|-damage|p2b: Ninetales|0 fnt
|faint|p2a: Venusaur
|faint|p2b: Ninetales
|
|-weather|Snowscape|[upkeep]
|-damage|p1a: Staraptor|0 fnt|[from] psn
|faint|p1a: Staraptor
|upkeep
|
|t:|1784542208
|switch|p2b: Kingambit|Kingambit, L50, M|100/100
|turn|6
|
|t:|1784542213
|move|p1b: Primarina|Protect|p1b: Primarina
|-singleturn|p1b: Primarina|Protect
|move|p2b: Kingambit|Kowtow Cleave|p1b: Primarina
|-activate|p1b: Primarina|move: Protect
|
|-weather|Snowscape|[upkeep]
|upkeep
|turn|7
|
|t:|1784542216
|move|p2b: Kingambit|Sucker Punch|p1b: Primarina
|-resisted|p1b: Primarina|1
|-damage|p1b: Primarina|0 fnt
|faint|p1b: Primarina
|
|win|VenusaurBot
|raw|pinogrezzo's rating: 1273 → 1245(-28 for losing)
|raw|VenusaurBot's rating: 1234 → 1262(+28 for winning)
|l|☆pinogrezzo
|player|p1|
