|j|☆aswin505
|j|☆i love all turtles
|html|aswin505i love all turtles    
|uhtml|bestof|Game 2 of a best-of-3
|t:|1785757999
|gametype|doubles
|player|p1|aswin505|1|1004
|player|p2|i love all turtles|ethan|1152
|gen|9
|tier|[Gen 9 Champions] VGC 2026 Reg M-B (Bo3)
|rated|
|rule|Species Clause: Limit one of each Pokémon
|rule|Item Clause: Limit 1 of each item
|clearpoke
|poke|p1|Sylveon, L50, M|
|poke|p1|Sableye, L50, M, shiny|
|poke|p1|Rotom-Wash, L50|
|poke|p1|Espathra, L50, M, shiny|
|poke|p1|Gholdengo, L50|
|poke|p1|Tyranitar, L50, M|
|poke|p2|Froslass, L50, F|
|poke|p2|Basculegion, L50, M|
|poke|p2|Kingambit, L50, M|
|poke|p2|Sneasler, L50, M|
|poke|p2|Lycanroc-Dusk, L50, F|
|poke|p2|Scovillain, L50, F, shiny|
|teampreview|4
|showteam|p1|Sylveon||FairyFeather|Pixilate|HyperVoice,HyperBeam,Detect,MysticalFire|Modest||M|||50|]Sableye||FocusBand|Prankster|Gravity,Disable,FoulPlay,Encore|Impish||M|||50|]Rotom-Wash||SitrusBerry|Levitate|HydroPump,WillOWisp,Thunderbolt,Electroweb|Calm|||||50|]Espathra||FocusSash|SpeedBoost|LuminaCrash,Hypnosis,Protect,DazzlingGleam|Modest||M|||50|]Gholdengo||LifeOrb|GoodasGold|MakeItRain,FocusBlast,Protect,ShadowBall|Modest|||||50|]Tyranitar||Tyranitarite|SandStream|IcePunch,KnockOff,RockSlide,Protect|Adamant||M|||50|
|showteam|p2|Froslass||Froslassite|CursedBody|Blizzard,ShadowBall,AuroraVeil,Protect|Timid||F|||50|]Basculegion||SitrusBerry|Adaptability|WaveCrash,LastRespects,AquaJet,Protect|Adamant||M|||50|]Kingambit||LifeOrb|Defiant|KowtowCleave,SuckerPunch,SwordsDance,Protect|Adamant||M|||50|]Sneasler||WhiteHerb|Unburden|CloseCombat,GunkShot,Protect,FakeOut|Adamant||M|||50|]Lycanroc-Dusk||FocusSash|ToughClaws|CloseCombat,Accelerock,RockSlide,Protect|Adamant||F|||50|]Scovillain||Scovillainite|Moody|GigaDrain,Overheat,RagePowder,Protect|Bold||F|||50|
|inactive|Battle timer is ON: inactive players will automatically lose when time's up. (requested by i love all turtles)
|
|t:|1785758009
|teamsize|p1|4
|teamsize|p2|4
|start
|switch|p1a: Sableye|Sableye, L50, M, shiny|100/100
|switch|p1b: Espathra|Espathra, L50, M, shiny|100/100
|switch|p2a: Scovillain|Scovillain, L50, F, shiny|100/100
|switch|p2b: Basculegion|Basculegion, L50, M|100/100
|turn|1
|
|t:|1785758033
|detailschange|p2a: Scovillain|Scovillain-Mega, L50, F, shiny
|-mega|p2a: Scovillain|Scovillain|Scovillainite
|move|p1a: Sableye|Gravity|p1a: Sableye
|-fieldstart|move: Gravity
|move|p1b: Espathra|Hypnosis|p2a: Scovillain
|-status|p2a: Scovillain|slp|[from] move: Hypnosis
|cant|p2a: Scovillain|slp
|move|p2b: Basculegion|Wave Crash|p1a: Sableye
|-damage|p1a: Sableye|4/100
|-damage|p2b: Basculegion|77/100|[from] Recoil
|
|-ability|p1b: Espathra|Speed Boost|boost
|-boost|p1b: Espathra|spe|1
|upkeep
|turn|2
|
|t:|1785758049
|move|p1b: Espathra|Protect|p1b: Espathra
|-singleturn|p1b: Espathra|Protect
|move|p2b: Basculegion|Aqua Jet|p1a: Sableye
|-activate|p1a: Sableye|item: Focus Band
|-damage|p1a: Sableye|1/100
|cant|p2a: Scovillain|slp
|move|p1a: Sableye|Foul Play|p2b: Basculegion
|-supereffective|p2b: Basculegion|1
|-damage|p2b: Basculegion|0 fnt
|faint|p2b: Basculegion
|
|-ability|p1b: Espathra|Speed Boost|boost
|-boost|p1b: Espathra|spe|1
|upkeep
|
|t:|1785758058
|switch|p2b: Kingambit|Kingambit, L50, M|100/100
|turn|3
|
|t:|1785758082
|switch|p1a: Rotom|Rotom-Wash, L50|100/100
|move|p2b: Kingambit|Protect|p2b: Kingambit
|-singleturn|p2b: Kingambit|Protect
|move|p1b: Espathra|Lumina Crash|p2a: Scovillain
|-damage|p2a: Scovillain|66/100 slp
|-unboost|p2a: Scovillain|spd|2
|-status|p1b: Espathra|brn|[from] ability: Spicy Spray|[of] p2a: Scovillain
|-curestatus|p2a: Scovillain|slp|[msg]
|move|p2a: Scovillain|Giga Drain|p1b: Espathra
|-damage|p1b: Espathra|45/100 brn
|-heal|p2a: Scovillain|94/100|[from] drain|[of] p1b: Espathra
|
|-damage|p1b: Espathra|39/100 brn|[from] brn
|-ability|p1b: Espathra|Speed Boost|boost
|-boost|p1b: Espathra|spe|1
|upkeep
|turn|4
|
|t:|1785758101
|move|p2a: Scovillain|Rage Powder|p2a: Scovillain
|-singleturn|p2a: Scovillain|move: Rage Powder
|move|p1b: Espathra|Dazzling Gleam|p2b: Kingambit|[spread] p2a,p2b
|-resisted|p2a: Scovillain|1
|-damage|p2a: Scovillain|75/100
|-damage|p2b: Kingambit|84/100
|move|p1a: Rotom|Will-O-Wisp|p2a: Scovillain
|-immune|p2a: Scovillain
|move|p2b: Kingambit|Swords Dance|p2b: Kingambit
|-boost|p2b: Kingambit|atk|2
|
|-damage|p1b: Espathra|33/100 brn|[from] brn
|-ability|p1b: Espathra|Speed Boost|boost
|-boost|p1b: Espathra|spe|1
|upkeep
|turn|5
|inactive|aswin505 has 30 seconds left.
|
|t:|1785758134
|switch|p1a: Sylveon|Sylveon, L50, M|100/100
|move|p2a: Scovillain|Rage Powder|p2a: Scovillain
|-singleturn|p2a: Scovillain|move: Rage Powder
|move|p1b: Espathra|Hypnosis|p2a: Scovillain
|-status|p2a: Scovillain|slp|[from] move: Hypnosis
|move|p2b: Kingambit|Kowtow Cleave|p1a: Sylveon
|-resisted|p1a: Sylveon|1
|-damage|p1a: Sylveon|22/100
|-damage|p2b: Kingambit|74/100|[from] item: Life Orb
|
|-damage|p1b: Espathra|27/100 brn|[from] brn
|-fieldend|move: Gravity
|-ability|p1b: Espathra|Speed Boost|boost
|-boost|p1b: Espathra|spe|1
|upkeep
|turn|6
|inactive|aswin505 has 30 seconds left.
|
|t:|1785758161
|move|p1a: Sylveon|Detect|p1a: Sylveon
|-singleturn|p1a: Sylveon|Protect
|move|p2b: Kingambit|Protect|p2b: Kingambit
|-singleturn|p2b: Kingambit|Protect
|cant|p2a: Scovillain|slp
|move|p1b: Espathra|Hypnosis|p2b: Kingambit
|-activate|p2b: Kingambit|move: Protect
|
|-damage|p1b: Espathra|20/100y brn|[from] brn
|-ability|p1b: Espathra|Speed Boost|boost
|-boost|p1b: Espathra|spe|1
|upkeep
|turn|7
|
|t:|1785758175
|move|p2b: Kingambit|Sucker Punch|p1a: Sylveon
|-resisted|p1a: Sylveon|1
|-damage|p1a: Sylveon|0 fnt
|faint|p1a: Sylveon
|-damage|p2b: Kingambit|64/100|[from] item: Life Orb
|move|p1b: Espathra|Lumina Crash|p2a: Scovillain
|-damage|p2a: Scovillain|4/100 slp
|-unboost|p2a: Scovillain|spd|2
|cant|p2a: Scovillain|slp
|
|-damage|p1b: Espathra|14/100 brn|[from] brn
|upkeep
|
|t:|1785758180
|switch|p1a: Sableye|Sableye, L50, M, shiny|1/100
|turn|8
|
|t:|1785758196
|-curestatus|p2a: Scovillain|slp|[msg]
|move|p2a: Scovillain|Protect|p2a: Scovillain
|-singleturn|p2a: Scovillain|Protect
|move|p2b: Kingambit|Protect|p2b: Kingambit
|-singleturn|p2b: Kingambit|Protect
|move|p1a: Sableye|Gravity|p1a: Sableye
|-fieldstart|move: Gravity
|move|p1b: Espathra|Dazzling Gleam|p2a: Scovillain|[spread] 
|-activate|p2a: Scovillain|move: Protect
|-activate|p2b: Kingambit|move: Protect
|
|-damage|p1b: Espathra|8/100 brn|[from] brn
|upkeep
|turn|9
|
|t:|1785758207
|move|p1b: Espathra|Protect|p1b: Espathra
|-singleturn|p1b: Espathra|Protect
|move|p2a: Scovillain|Rage Powder|p2a: Scovillain
|-singleturn|p2a: Scovillain|move: Rage Powder
|move|p1a: Sableye|Foul Play|p2a: Scovillain
|-damage|p2a: Scovillain|0 fnt
|-status|p1a: Sableye|brn|[from] ability: Spicy Spray|[of] p2a: Scovillain
|faint|p2a: Scovillain
|move|p2b: Kingambit|Kowtow Cleave|p1a: Sableye
|-damage|p1a: Sableye|0 fnt
|faint|p1a: Sableye
|-damage|p2b: Kingambit|55/100|[from] item: Life Orb
|
|-damage|p1b: Espathra|2/100 brn|[from] brn
|upkeep
|
|t:|1785758217
|switch|p2a: Sneasler|Sneasler, L50, M|100/100
|switch|p1a: Rotom|Rotom-Wash, L50|100/100
|turn|10
|
|t:|1785758231
|move|p1b: Espathra|Protect||[still]
|-fail|p1b: Espathra
|move|p2a: Sneasler|Protect|p2a: Sneasler
|-singleturn|p2a: Sneasler|Protect
|move|p2b: Kingambit|Protect|p2b: Kingambit
|-singleturn|p2b: Kingambit|Protect
|move|p1a: Rotom|Will-O-Wisp|p2a: Sneasler
|-activate|p2a: Sneasler|move: Protect
|
|-damage|p1b: Espathra|0 fnt|[from] brn
|faint|p1b: Espathra
|upkeep
|turn|11
|l|☆aswin505
|inactive|aswin505 disconnected and has a minute to reconnect!
|player|p1|
|inactive|aswin505 has 30 seconds left.
|inactive|aswin505 has 20 seconds left.
|inactive|aswin505 has 15 seconds left.
|inactive|aswin505 has 10 seconds left.
|inactive|aswin505 has 5 seconds left.
|-message|aswin505 lost due to inactivity.
|
|win|i love all turtles
|raw|aswin505's rating: 1004 → 1000(-4 for losing)
|raw|i love all turtles's rating: 1152 → 1167(+15 for winning)
