|j|☆Giocostorto
|j|☆Daniw9
|html|GiocostortoDaniw9    
|uhtml|bestof|Game 3 of a best-of-3
|t:|1755632076
|gametype|doubles
|player|p1|Giocostorto|palmer|1146
|player|p2|Daniw9|266|1187
|gen|9
|tier|[Gen 9] VGC 2025 Reg H (Bo3)
|rated|
|rule|Species Clause: Limit one of each Pokémon
|rule|Item Clause: Limit 1 of each item
|clearpoke
|poke|p1|Archaludon, L50, M|
|poke|p1|Pelipper, L50, M|
|poke|p1|Basculegion, L50, M|
|poke|p1|Amoonguss, L50, F|
|poke|p1|Gholdengo, L50|
|poke|p1|Incineroar, L50, M|
|poke|p2|Ninetales-Alola, L50, F|
|poke|p2|Sneasler, L50, F|
|poke|p2|Volcarona, L50, F|
|poke|p2|Dragonite, L50, F|
|poke|p2|Rillaboom, L50, M|
|poke|p2|Ursaluna, L50, M|
|teampreview|4
|showteam|p1|Archaludon||AssaultVest|Stamina|DragonPulse,ElectroShot,FlashCannon,BodyPress|||M|||50|,,,,,Bug]Pelipper||FocusSash|Drizzle|WeatherBall,Hurricane,Tailwind,Protect|||M|||50|,,,,,Ground]Basculegion||ChoiceBand|SwiftSwim|WaveCrash,LastRespects,AquaJet,FlipTurn|||M|||50|,,,,,Water]Amoonguss||SitrusBerry|Regenerator|PollenPuff,Spore,RagePowder,Protect|||F|||50|,,,,,Fairy]Gholdengo||LifeOrb|GoodasGold|MakeItRain,ShadowBall,NastyPlot,Protect||||||50|,,,,,Water]Incineroar||RockyHelmet|Intimidate|FakeOut,KnockOff,PartingShot,Taunt|||M|||50|,,,,,Ghost
|showteam|p2|Ninetales-Alola||LightClay|SnowWarning|AuroraVeil,Blizzard,Howl,IcyWind|||F|||50|,,,,,Ghost]Sneasler||GrassySeed|Unburden|CloseCombat,DireClaw,FakeOut,ThroatChop|||F|||50|,,,,,Dark]Volcarona||Leftovers|FlameBody|HeatWave,GigaDrain,QuiverDance,Protect|||F|||50|,,,,,Grass]Dragonite||LoadedDice|Multiscale|ScaleShot,Haze,Tailwind,StompingTantrum|||F|||50|,,,,,Fairy]Rillaboom||AssaultVest|GrassySurge|Uturn,WoodHammer,GrassyGlide,FakeOut|||M|||50|,,,,,Fire]Ursaluna||FlameOrb|Guts|Facade,Earthquake,HeadlongRush,Protect|||M|||50|,,,,,Ghost
|inactive|Battle timer is ON: inactive players will automatically lose when time's up. (requested by Giocostorto)
|
|t:|1755632091
|teamsize|p1|4
|teamsize|p2|4
|start
|switch|p1a: Basculegion|Basculegion, L50, M|100/100
|switch|p1b: Incineroar|Incineroar, L50, M|100/100
|switch|p2a: Volcarona|Volcarona, L50, F|100/100
|switch|p2b: Rillaboom|Rillaboom, L50, M|100/100
|-fieldstart|move: Grassy Terrain|[from] ability: Grassy Surge|[of] p2b: Rillaboom
|-ability|p1b: Incineroar|Intimidate|boost
|-unboost|p2a: Volcarona|atk|1
|-unboost|p2b: Rillaboom|atk|1
|turn|1
|inactive|Giocostorto has 30 seconds left.
|
|t:|1755632124
|-terastallize|p2a: Volcarona|Grass
|-terastallize|p1b: Incineroar|Ghost
|move|p2b: Rillaboom|Fake Out|p1b: Incineroar
|-immune|p1b: Incineroar
|move|p1a: Basculegion|Flip Turn|p2b: Rillaboom
|-resisted|p2b: Rillaboom
|-damage|p2b: Rillaboom|76/100
|
|t:|1755632131
|switch|p1a: Archaludon|Archaludon, L50, M|100/100|[from] Flip Turn
|move|p2a: Volcarona|Quiver Dance|p2a: Volcarona
|-boost|p2a: Volcarona|spa|1
|-boost|p2a: Volcarona|spd|1
|-boost|p2a: Volcarona|spe|1
|move|p1b: Incineroar|Taunt|p2a: Volcarona
|-start|p2a: Volcarona|move: Taunt
|
|-heal|p2b: Rillaboom|82/100|[from] Grassy Terrain
|upkeep
|turn|2
|inactive|Giocostorto has 30 seconds left.
|inactive|Giocostorto has 20 seconds left.
|inactive|Giocostorto has 15 seconds left.
|inactive|Giocostorto has 10 seconds left.
|
|t:|1755632180
|move|p2a: Volcarona|Giga Drain|p1b: Incineroar
|-damage|p1b: Incineroar|41/100
|move|p2b: Rillaboom|U-turn|p1b: Incineroar
|-resisted|p1b: Incineroar
|-damage|p1b: Incineroar|34/100
|-damage|p2b: Rillaboom|65/100|[from] item: Rocky Helmet|[of] p1b: Incineroar
|
|t:|1755632187
|switch|p2b: Ninetales|Ninetales-Alola, L50, F, shiny|100/100|[from] U-turn
|-weather|Snowscape|[from] ability: Snow Warning|[of] p2b: Ninetales
|move|p1a: Archaludon|Body Press|p2b: Ninetales
|-damage|p2b: Ninetales|81/100
|move|p1b: Incineroar|Parting Shot|p2a: Volcarona
|-unboost|p2a: Volcarona|atk|1
|-unboost|p2a: Volcarona|spa|1
|
|t:|1755632202
|switch|p1b: Basculegion|Basculegion, L50, M|100/100|[from] Parting Shot
|
|-weather|Snowscape|[upkeep]
|-heal|p2b: Ninetales|87/100|[from] Grassy Terrain
|upkeep
|turn|3
|inactive|Giocostorto has 30 seconds left.
|
|t:|1755632231
|switch|p2b: Ursaluna|Ursaluna, L50, M|100/100
|switch|p1a: Pelipper|Pelipper, L50, M|100/100
|-weather|RainDance|[from] ability: Drizzle|[of] p1a: Pelipper
|move|p1b: Basculegion|Flip Turn|p2b: Ursaluna
|-supereffective|p2b: Ursaluna
|-damage|p2b: Ursaluna|0 fnt
|faint|p2b: Ursaluna
|
|t:|1755632240
|switch|p1b: Archaludon|Archaludon, L50, M|100/100|[from] Flip Turn
|move|p2a: Volcarona|Giga Drain|p1b: Archaludon
|-resisted|p1b: Archaludon
|-damage|p1b: Archaludon|91/100
|-ability|p1b: Archaludon|Stamina|boost
|-boost|p1b: Archaludon|def|1
|
|-weather|RainDance|[upkeep]
|-heal|p1b: Archaludon|97/100|[from] Grassy Terrain
|upkeep
|
|t:|1755632245
|switch|p2b: Ninetales|Ninetales-Alola, L50, F, shiny|87/100
|-weather|Snowscape|[from] ability: Snow Warning|[of] p2b: Ninetales
|turn|4
|inactive|Daniw9 has 30 seconds left.
|
|t:|1755632277
|move|p2a: Volcarona|Heat Wave|p1b: Archaludon|[spread] p1a,p1b
|-resisted|p1a: Pelipper
|-crit|p1a: Pelipper
|-damage|p1a: Pelipper|52/100
|-damage|p1b: Archaludon|72/100
|-status|p1a: Pelipper|brn
|-ability|p1b: Archaludon|Stamina|boost
|-boost|p1b: Archaludon|def|1
|move|p2b: Ninetales|Aurora Veil|p2b: Ninetales
|-sidestart|p2: Daniw9|move: Aurora Veil
|move|p1b: Archaludon|Flash Cannon|p2b: Ninetales
|-supereffective|p2b: Ninetales
|-damage|p2b: Ninetales|0 fnt
|faint|p2b: Ninetales
|move|p1a: Pelipper|Tailwind|p1a: Pelipper
|-sidestart|p1: Giocostorto|move: Tailwind
|
|-weather|Snowscape|[upkeep]
|-heal|p1b: Archaludon|79/100|[from] Grassy Terrain
|-damage|p1a: Pelipper|46/100 brn|[from] brn
|-end|p2a: Volcarona|move: Taunt
|upkeep
|
|t:|1755632283
|switch|p2b: Rillaboom|Rillaboom, L50, M|65/100
|turn|5
|
|t:|1755632303
|switch|p1a: Incineroar|Incineroar, L50, M, tera:Ghost|34/100
|-ability|p1a: Incineroar|Intimidate|boost
|-unboost|p2a: Volcarona|atk|1
|-unboost|p2b: Rillaboom|atk|1
|move|p2b: Rillaboom|Fake Out|p1b: Archaludon
|-resisted|p1b: Archaludon
|-damage|p1b: Archaludon|77/100
|-ability|p1b: Archaludon|Stamina|boost
|-boost|p1b: Archaludon|def|1
|cant|p1b: Archaludon|flinch
|move|p2a: Volcarona|Quiver Dance|p2a: Volcarona
|-boost|p2a: Volcarona|spa|1
|-boost|p2a: Volcarona|spd|1
|-boost|p2a: Volcarona|spe|1
|
|-weather|Snowscape|[upkeep]
|-heal|p1b: Archaludon|83/100|[from] Grassy Terrain
|-heal|p1a: Incineroar|40/100|[from] Grassy Terrain
|-heal|p2b: Rillaboom|71/100|[from] Grassy Terrain
|-fieldend|move: Grassy Terrain
|upkeep
|turn|6
|inactive|Daniw9 has 30 seconds left.
|inactive|Giocostorto has 30 seconds left.
|inactive|Giocostorto has 20 seconds left.
|
|t:|1755632347
|move|p1a: Incineroar|Fake Out|p2a: Volcarona
|-damage|p2a: Volcarona|93/100
|cant|p2a: Volcarona|flinch
|move|p1b: Archaludon|Body Press|p2b: Rillaboom
|-damage|p2b: Rillaboom|30/100
|move|p2b: Rillaboom|Wood Hammer|p1a: Incineroar
|-damage|p1a: Incineroar|5/100
|-damage|p2b: Rillaboom|14/100|[from] item: Rocky Helmet|[of] p1a: Incineroar
|-damage|p2b: Rillaboom|2/100|[from] Recoil
|
|-weather|Snowscape|[upkeep]
|-heal|p2a: Volcarona|98/100|[from] item: Leftovers
|upkeep
|turn|7
|
|t:|1755632368
|move|p2a: Volcarona|Heat Wave|p1b: Archaludon|[spread] 
|-miss|p2a: Volcarona|p1a: Incineroar
|-miss|p2a: Volcarona|p1b: Archaludon
|move|p1b: Archaludon|Body Press|p2b: Rillaboom
|-damage|p2b: Rillaboom|0 fnt
|faint|p2b: Rillaboom
|move|p1a: Incineroar|Taunt|p2a: Volcarona
|-start|p2a: Volcarona|move: Taunt
|
|-weather|Snowscape|[upkeep]
|-heal|p2a: Volcarona|100/100|[from] item: Leftovers
|-sideend|p1: Giocostorto|move: Tailwind
|upkeep
|turn|8
|-message|Daniw9 forfeited.
|
|win|Giocostorto
|raw|Giocostorto's rating: 1146 → 1174(+28 for winning)
|raw|Daniw9's rating: 1187 → 1159(-28 for losing)
|l|☆Daniw9
|player|p2|
