|j|☆Shanks Left Arm
|j|☆DareDevilSweeper
|html|Shanks Left ArmDareDevilSweeper    
|uhtml|bestof|Game 3 of a best-of-3
|t:|1756407656
|gametype|doubles
|player|p1|Shanks Left Arm|102|1399
|player|p2|DareDevilSweeper|266|1430
|gen|9
|tier|[Gen 9] VGC 2025 Reg H (Bo3)
|rated|
|rule|Species Clause: Limit one of each Pokémon
|rule|Item Clause: Limit 1 of each item
|clearpoke
|poke|p1|Archaludon, L50, M|
|poke|p1|Dragonite, L50, M|
|poke|p1|Pelipper, L50, F|
|poke|p1|Ursaluna, L50, M|
|poke|p1|Sinistcha, L50|
|poke|p1|Incineroar, L50, M|
|poke|p2|Ninetales-Alola, L50, F|
|poke|p2|Volcarona, L50, F|
|poke|p2|Ursaluna-Bloodmoon, L50, M|
|poke|p2|Dragonite, L50, F|
|poke|p2|Gholdengo, L50|
|poke|p2|Annihilape, L50, M|
|teampreview|4
|showteam|p1|Archaludon||AssaultVest|Stamina|FlashCannon,BodyPress,ElectroShot,DragonPulse|||M|||50|,,,,,Fighting]Dragonite||LoadedDice|Multiscale|ScaleShot,Tailwind,Haze,Protect|||M|||50|,,,,,Fairy]Pelipper||FocusSash|Drizzle|MuddyWater,Hurricane,Tailwind,Protect|||F|||50|,,,,,Ground]Ursaluna||FlameOrb|Guts|Facade,HeadlongRush,Earthquake,Protect|||M|||50|,,,,,Psychic]Sinistcha||SitrusBerry|Hospitality|MatchaGotcha,LifeDew,RagePowder,TrickRoom||||||50|,,,,,Dark]Incineroar||SafetyGoggles|Intimidate|FakeOut,PartingShot,KnockOff,FlareBlitz|||M|||50|,,,,,Ghost
|showteam|p2|Ninetales-Alola||FocusSash|SnowWarning|Blizzard,IcyWind,IcicleSpear,Moonblast|||F|||50|,,,,,Ghost]Volcarona||SitrusBerry|FlameBody|HeatWave,TeraBlast,Tailwind,RagePowder|||F|||50|,,,,,Fairy]Ursaluna-Bloodmoon||AssaultVest|MindsEye|HyperVoice,EarthPower,BloodMoon,VacuumWave|||M|||50|,,,,,Water]Dragonite||LoadedDice|Multiscale|ScaleShot,Encore,Tailwind,Protect|||F|||50|,,,,,Steel]Gholdengo||MetalCoat|GoodasGold|MakeItRain,ShadowBall,NastyPlot,Protect||||||50|,,,,,Water]Annihilape||LifeOrb|Defiant|RageFist,FinalGambit,CloseCombat,Protect|||M|||50|,,,,,Electric
|inactive|Battle timer is ON: inactive players will automatically lose when time's up. (requested by DareDevilSweeper)
|
|t:|1756407711
|teamsize|p1|4
|teamsize|p2|4
|start
|switch|p1a: Sinistcha|Sinistcha, L50|100/100
|switch|p1b: Ursaluna|Ursaluna, L50, M|100/100
|switch|p2a: Dragonite|Dragonite, L50, F|100/100
|switch|p2b: Annihilape|Annihilape, L50, M|100/100
|turn|1
|inactive|Shanks Left Arm has 30 seconds left.
|inactive|DareDevilSweeper has 30 seconds left.
|
|t:|1756407742
|move|p1b: Ursaluna|Protect|p1b: Ursaluna
|-singleturn|p1b: Ursaluna|Protect
|move|p2b: Annihilape|Rage Fist|p1a: Sinistcha
|-supereffective|p1a: Sinistcha
|-damage|p1a: Sinistcha|47/100
|-enditem|p1a: Sinistcha|Sitrus Berry|[eat]
|-heal|p1a: Sinistcha|71/100|[from] item: Sitrus Berry
|-damage|p2b: Annihilape|91/100|[from] item: Life Orb
|move|p2a: Dragonite|Scale Shot|p1a: Sinistcha
|-damage|p1a: Sinistcha|59/100
|-damage|p1a: Sinistcha|45/100
|-damage|p1a: Sinistcha|33/100
|-damage|p1a: Sinistcha|21/100
|-hitcount|p1a: Sinistcha|4
|-unboost|p2a: Dragonite|def|1
|-boost|p2a: Dragonite|spe|1
|move|p1a: Sinistcha|Trick Room|p1a: Sinistcha
|-fieldstart|move: Trick Room|[of] p1a: Sinistcha
|
|-status|p1b: Ursaluna|brn|[from] item: Flame Orb
|upkeep
|turn|2
|inactive|DareDevilSweeper has 30 seconds left.
|inactive|Shanks Left Arm has 30 seconds left.
|inactive|DareDevilSweeper has 20 seconds left.
|inactive|DareDevilSweeper has 15 seconds left.
|
|t:|1756407785
|move|p1a: Sinistcha|Matcha Gotcha|p2b: Annihilape|[spread] p2a,p2b
|-resisted|p2a: Dragonite
|-damage|p2a: Dragonite|98/100
|-heal|p1a: Sinistcha|22/100|[from] drain|[of] p2a: Dragonite
|-damage|p2b: Annihilape|68/100
|-heal|p1a: Sinistcha|35/100|[from] drain|[of] p2b: Annihilape
|move|p1b: Ursaluna|Headlong Rush|p2b: Annihilape
|-crit|p2b: Annihilape
|-damage|p2b: Annihilape|0 fnt
|-unboost|p1b: Ursaluna|def|1
|-unboost|p1b: Ursaluna|spd|1
|faint|p2b: Annihilape
|move|p2a: Dragonite|Encore|p1b: Ursaluna
|-start|p1b: Ursaluna|Encore
|
|-damage|p1b: Ursaluna|94/100 brn|[from] brn
|upkeep
|
|t:|1756407805
|switch|p2b: Gholdengo|Gholdengo, L50|100/100
|turn|3
|
|t:|1756407816
|move|p2b: Gholdengo|Protect|p2b: Gholdengo
|-singleturn|p2b: Gholdengo|Protect
|move|p1a: Sinistcha|Life Dew|p1a: Sinistcha|[spread] p1a,p1b
|-heal|p1a: Sinistcha|61/100
|-heal|p1b: Ursaluna|100/100 brn
|move|p1b: Ursaluna|Headlong Rush|p2b: Gholdengo
|-activate|p2b: Gholdengo|move: Protect
|move|p2a: Dragonite|Scale Shot|p1b: Ursaluna
|-damage|p1b: Ursaluna|83/100 brn
|-damage|p1b: Ursaluna|64/100 brn
|-damage|p1b: Ursaluna|45/100 brn
|-damage|p1b: Ursaluna|27/100 brn
|-hitcount|p1b: Ursaluna|4
|-unboost|p2a: Dragonite|def|1
|-boost|p2a: Dragonite|spe|1
|
|-damage|p1b: Ursaluna|21/100 brn|[from] brn
|upkeep
|turn|4
|
|t:|1756407837
|switch|p2b: Ninetales|Ninetales-Alola, L50, F|100/100
|-weather|Snowscape|[from] ability: Snow Warning|[of] p2b: Ninetales
|move|p1a: Sinistcha|Matcha Gotcha|p2a: Dragonite|[spread] p2a,p2b
|-resisted|p2a: Dragonite
|-damage|p2a: Dragonite|92/100
|-heal|p1a: Sinistcha|63/100|[from] drain|[of] p2a: Dragonite
|-damage|p2b: Ninetales|69/100
|-heal|p1a: Sinistcha|76/100|[from] drain|[of] p2b: Ninetales
|-status|p2a: Dragonite|brn
|move|p1b: Ursaluna|Headlong Rush|p2b: Ninetales
|-damage|p2b: Ninetales|0 fnt
|-unboost|p1b: Ursaluna|def|1
|-unboost|p1b: Ursaluna|spd|1
|faint|p2b: Ninetales
|move|p2a: Dragonite|Scale Shot|p1b: Ursaluna
|-damage|p1b: Ursaluna|10/100 brn
|-damage|p1b: Ursaluna|0 fnt
|faint|p1b: Ursaluna
|-hitcount|p1: Ursaluna|2
|-unboost|p2a: Dragonite|def|1
|-boost|p2a: Dragonite|spe|1
|
|-weather|Snowscape|[upkeep]
|-damage|p2a: Dragonite|86/100 brn|[from] brn
|upkeep
|
|t:|1756407851
|switch|p1b: Pelipper|Pelipper, L50, F|100/100
|switch|p2b: Gholdengo|Gholdengo, L50|100/100
|-weather|RainDance|[from] ability: Drizzle|[of] p1b: Pelipper
|turn|5
|inactive|DareDevilSweeper has 30 seconds left.
|
|t:|1756407879
|switch|p1a: Archaludon|Archaludon, L50, M|100/100
|move|p1b: Pelipper|Muddy Water|p2a: Dragonite|[spread] p2a,p2b
|-resisted|p2a: Dragonite
|-damage|p2a: Dragonite|61/100 brn
|-damage|p2b: Gholdengo|57/100
|move|p2b: Gholdengo|Nasty Plot|p2b: Gholdengo
|-boost|p2b: Gholdengo|spa|2
|move|p2a: Dragonite|Tailwind|p2a: Dragonite
|-sidestart|p2: DareDevilSweeper|move: Tailwind
|
|-weather|RainDance|[upkeep]
|-damage|p2a: Dragonite|55/100 brn|[from] brn
|-fieldend|move: Trick Room
|upkeep
|turn|6
|inactive|DareDevilSweeper has 30 seconds left.
|
|t:|1756407910
|move|p2b: Gholdengo|Protect|p2b: Gholdengo
|-singleturn|p2b: Gholdengo|Protect
|move|p2a: Dragonite|Scale Shot|p1a: Archaludon
|-damage|p1a: Archaludon|96/100
|-ability|p1a: Archaludon|Stamina|boost
|-boost|p1a: Archaludon|def|1
|-crit|p1a: Archaludon
|-damage|p1a: Archaludon|89/100
|-ability|p1a: Archaludon|Stamina|boost
|-boost|p1a: Archaludon|def|1
|-damage|p1a: Archaludon|87/100
|-ability|p1a: Archaludon|Stamina|boost
|-boost|p1a: Archaludon|def|1
|-damage|p1a: Archaludon|85/100
|-ability|p1a: Archaludon|Stamina|boost
|-boost|p1a: Archaludon|def|1
|-damage|p1a: Archaludon|84/100
|-ability|p1a: Archaludon|Stamina|boost
|-boost|p1a: Archaludon|def|1
|-hitcount|p1a: Archaludon|5
|-unboost|p2a: Dragonite|def|1
|-boost|p2a: Dragonite|spe|1
|move|p1b: Pelipper|Muddy Water|p2a: Dragonite|[spread] 
|-activate|p2b: Gholdengo|move: Protect
|-miss|p1b: Pelipper|p2a: Dragonite
|move|p1a: Archaludon|Electro Shot||[still]
|-prepare|p1a: Archaludon|Electro Shot
|-boost|p1a: Archaludon|spa|1
|-anim|p1a: Archaludon|Electro Shot|p2b: Gholdengo
|-activate|p2b: Gholdengo|move: Protect
|
|-weather|RainDance|[upkeep]
|-damage|p2a: Dragonite|50/100 brn|[from] brn
|upkeep
|turn|7
|
|t:|1756407919
|switch|p1b: Sinistcha|Sinistcha, L50|76/100
|-heal|p1a: Archaludon|100/100|[from] ability: Hospitality|[of] p1b: Sinistcha
|move|p2a: Dragonite|Scale Shot|p1a: Archaludon
|-damage|p1a: Archaludon|99/100
|-ability|p1a: Archaludon|Stamina|boost
|-boost|p1a: Archaludon|def|1
|-damage|p1a: Archaludon|97/100
|-damage|p1a: Archaludon|96/100
|-damage|p1a: Archaludon|94/100
|-damage|p1a: Archaludon|93/100
|-hitcount|p1a: Archaludon|5
|-unboost|p2a: Dragonite|def|1
|-boost|p2a: Dragonite|spe|1
|move|p2b: Gholdengo|Shadow Ball|p1a: Archaludon
|-damage|p1a: Archaludon|42/100
|move|p1a: Archaludon|Electro Shot||[still]
|-prepare|p1a: Archaludon|Electro Shot
|-boost|p1a: Archaludon|spa|1
|-anim|p1a: Archaludon|Electro Shot|p2b: Gholdengo
|-damage|p2b: Gholdengo|0 fnt
|faint|p2b: Gholdengo
|
|-weather|RainDance|[upkeep]
|-damage|p2a: Dragonite|44/100 brn|[from] brn
|upkeep
|turn|8
|-message|DareDevilSweeper forfeited.
|
|win|Shanks Left Arm
|raw|Shanks Left Arm's rating: 1399 → 1421(+22 for winning)
|raw|DareDevilSweeper's rating: 1430 → 1408(-22 for losing)
|l|☆DareDevilSweeper
|player|p2|
