|j|☆shotstopper
|j|☆breloomb01
|html|shotstopperbreloomb01    
|uhtml|bestof|Game 3 of a best-of-3
|t:|1785353678
|gametype|doubles
|player|p1|shotstopper|2|1148
|player|p2|breloomb01|roughneck|1160
|gen|9
|tier|[Gen 9 Champions] VGC 2026 Reg M-B (Bo3)
|rated|
|rule|Species Clause: Limit one of each Pokémon
|rule|Item Clause: Limit 1 of each item
|clearpoke
|poke|p1|Sinistcha-Masterpiece, L50|
|poke|p1|Incineroar, L50, M|
|poke|p1|Milotic, L50, F, shiny|
|poke|p1|Raichu, L50, M|
|poke|p1|Floette-Eternal, L50, F|
|poke|p1|Ceruledge, L50, F|
|poke|p2|Floette-Eternal, L50, F|
|poke|p2|Incineroar, L50, M|
|poke|p2|Sinistcha, L50|
|poke|p2|Garchomp, L50, M|
|poke|p2|Sneasler, L50, F|
|poke|p2|Rotom-Wash, L50|
|teampreview|4
|showteam|p1|Sinistcha-Masterpiece||SitrusBerry|Hospitality|RagePowder,MatchaGotcha,Protect,LifeDew|Bold|||||50|]Incineroar||ChopleBerry|Intimidate|FakeOut,PartingShot,FlareBlitz,ThroatChop|Careful||M|||50|]Milotic||Leftovers|Competitive|MuddyWater,Coil,Hypnosis,Protect|Calm||F|||50|]Raichu||RaichuniteY|LightningRod|FakeOut,ZapCannon,FocusBlast,Protect|Timid||M|||50|]Floette-Eternal||Floettite|FlowerVeil|DazzlingGleam,DrainingKiss,CalmMind,Protect|Relaxed||F|||50|]Ceruledge||ColburBerry|FlashFire|BitterBlade,Protect,ShadowSneak,BulkUp|Adamant||F|||50|
|showteam|p2|Floette-Eternal||Floettite|FlowerVeil|DrainingKiss,DazzlingGleam,CalmMind,Protect|Modest||F|||50|]Incineroar||SitrusBerry|Intimidate|FakeOut,FlareBlitz,ThroatChop,PartingShot|Careful||M|||50|]Sinistcha||KasibBerry|Hospitality|Protect,RagePowder,MatchaGotcha,TrickRoom|Calm|||||50|]Garchomp||LifeOrb|RoughSkin|Earthquake,DragonClaw,RockSlide,Protect|Jolly||M|||50|]Sneasler||FocusSash|PoisonTouch|FakeOut,DireClaw,CloseCombat,Protect|Jolly||F|||50|]Rotom-Wash||Leftovers|Levitate|HydroPump,Protect,WillOWisp,Electroweb|Bold|||||50|
|inactive|Battle timer is ON: inactive players will automatically lose when time's up. (requested by shotstopper)
|inactive|shotstopper has 60 seconds left.
|
|t:|1785353738
|teamsize|p1|4
|teamsize|p2|4
|start
|switch|p1a: Incineroar|Incineroar, L50, M|100/100
|switch|p1b: Milotic|Milotic, L50, F, shiny|100/100
|switch|p2a: Sinistcha|Sinistcha, L50|100/100
|switch|p2b: Garchomp|Garchomp, L50, M|100/100
|-ability|p1a: Incineroar|Intimidate|boost
|-unboost|p2a: Sinistcha|atk|1
|-unboost|p2b: Garchomp|atk|1
|turn|1
|
|t:|1785353752
|switch|p2b: Floette|Floette-Eternal, L50, F|100/100
|move|p1a: Incineroar|Fake Out|p2b: Floette
|-damage|p2b: Floette|86/100
|move|p1b: Milotic|Coil|p1b: Milotic
|-boost|p1b: Milotic|atk|1
|-boost|p1b: Milotic|def|1
|-boost|p1b: Milotic|accuracy|1
|move|p2a: Sinistcha|Matcha Gotcha|p1b: Milotic|[spread] p1a,p1b
|-resisted|p1a: Incineroar|1
|-supereffective|p1b: Milotic|1
|-damage|p1a: Incineroar|91/100
|-damage|p1b: Milotic|70/100
|
|-heal|p1b: Milotic|76/100|[from] item: Leftovers
|upkeep
|turn|2
|
|t:|1785353774
|detailschange|p2b: Floette|Floette-Mega, L50, F
|-mega|p2b: Floette|Floette|Floettite
|-ability|p2b: Floette|Fairy Aura
|move|p2b: Floette|Calm Mind|p2b: Floette
|-boost|p2b: Floette|spa|1
|-boost|p2b: Floette|spd|1
|move|p1b: Milotic|Hypnosis|p2b: Floette|[miss]
|-miss|p1b: Milotic|p2b: Floette
|move|p2a: Sinistcha|Matcha Gotcha|p1a: Incineroar|[spread] p1a
|-miss|p2a: Sinistcha|p1b: Milotic
|-resisted|p1a: Incineroar|1
|-damage|p1a: Incineroar|82/100
|move|p1a: Incineroar|Flare Blitz|p2a: Sinistcha
|-supereffective|p2a: Sinistcha|1
|-damage|p2a: Sinistcha|15/100
|-damage|p1a: Incineroar|57/100|[from] Recoil
|
|-heal|p1b: Milotic|82/100|[from] item: Leftovers
|upkeep
|turn|3
|inactive|shotstopper has 30 seconds left.
|
|t:|1785353807
|switch|p2a: Garchomp|Garchomp, L50, M|100/100
|move|p2b: Floette|Dazzling Gleam|p1a: Incineroar|[spread] p1a,p1b
|-damage|p1a: Incineroar|0 fnt
|-damage|p1b: Milotic|29/100
|faint|p1a: Incineroar
|move|p1b: Milotic|Hypnosis|p2b: Floette
|-status|p2b: Floette|slp|[from] move: Hypnosis
|
|-heal|p1b: Milotic|35/100|[from] item: Leftovers
|upkeep
|
|t:|1785353821
|switch|p1a: Sinistcha|Sinistcha-Masterpiece, L50|100/100
|-heal|p1b: Milotic|60/100|[from] ability: Hospitality|[of] p1a: Sinistcha
|turn|4
|
|t:|1785353833
|move|p2a: Garchomp|Protect|p2a: Garchomp
|-singleturn|p2a: Garchomp|Protect
|cant|p2b: Floette|slp
|move|p1b: Milotic|Hypnosis|p2a: Garchomp
|-activate|p2a: Garchomp|move: Protect
|move|p1a: Sinistcha|Matcha Gotcha|p2b: Floette|[spread] p2b
|-activate|p2a: Garchomp|move: Protect
|-damage|p2b: Floette|75/100 slp
|
|-heal|p1b: Milotic|66/100|[from] item: Leftovers
|upkeep
|turn|5
|inactive|shotstopper has 30 seconds left.
|
|t:|1785353868
|switch|p1a: Ceruledge|Ceruledge, L50, F|100/100
|move|p2a: Garchomp|Dragon Claw|p1b: Milotic
|-damage|p1b: Milotic|35/100
|-damage|p2a: Garchomp|90/100|[from] item: Life Orb
|cant|p2b: Floette|slp
|move|p1b: Milotic|Hypnosis|p2a: Garchomp
|-status|p2a: Garchomp|slp|[from] move: Hypnosis
|
|-heal|p1b: Milotic|41/100|[from] item: Leftovers
|upkeep
|turn|6
|
|t:|1785353894
|switch|p2a: Incineroar|Incineroar, L50, M|100/100
|-ability|p2a: Incineroar|Intimidate|boost
|-unboost|p1a: Ceruledge|atk|1
|-unboost|p1b: Milotic|atk|1
|-ability|p1b: Milotic|Competitive|boost
|-boost|p1b: Milotic|spa|2
|-curestatus|p2b: Floette|slp|[msg]
|move|p2b: Floette|Dazzling Gleam|p1a: Ceruledge|[spread] p1a,p1b
|-resisted|p1a: Ceruledge|1
|-damage|p1a: Ceruledge|65/100
|-damage|p1b: Milotic|0 fnt
|faint|p1b: Milotic
|move|p1a: Ceruledge|Bulk Up|p1a: Ceruledge
|-boost|p1a: Ceruledge|atk|1
|-boost|p1a: Ceruledge|def|1
|
|upkeep
|
|t:|1785353907
|switch|p1b: Sinistcha|Sinistcha-Masterpiece, L50|100/100
|-heal|p1a: Ceruledge|90/100|[from] ability: Hospitality|[of] p1b: Sinistcha
|turn|7
|inactive|shotstopper has 30 seconds left.
|
|t:|1785353934
|move|p1a: Ceruledge|Protect|p1a: Ceruledge
|-singleturn|p1a: Ceruledge|Protect
|move|p1b: Sinistcha|Protect|p1b: Sinistcha
|-singleturn|p1b: Sinistcha|Protect
|move|p2b: Floette|Calm Mind|p2b: Floette
|-boost|p2b: Floette|spa|1
|-boost|p2b: Floette|spd|1
|move|p2a: Incineroar|Parting Shot|p1a: Ceruledge
|-activate|p1a: Ceruledge|move: Protect
|
|upkeep
|turn|8
|
|t:|1785353945
|move|p1b: Sinistcha|Rage Powder|p1b: Sinistcha
|-singleturn|p1b: Sinistcha|move: Rage Powder
|move|p2b: Floette|Draining Kiss|p1b: Sinistcha
|-damage|p1b: Sinistcha|15/100
|-heal|p2b: Floette|100/100|[from] drain|[of] p1b: Sinistcha
|-enditem|p1b: Sinistcha|Sitrus Berry|[eat]
|-heal|p1b: Sinistcha|40/100|[from] item: Sitrus Berry
|move|p1a: Ceruledge|Bitter Blade|p2b: Floette
|-damage|p2b: Floette|51/100
|-heal|p1a: Ceruledge|100/100|[from] drain|[of] p2b: Floette
|move|p2a: Incineroar|Parting Shot|p1b: Sinistcha
|-unboost|p1b: Sinistcha|atk|1
|-unboost|p1b: Sinistcha|spa|1
|
|t:|1785353951
|switch|p2a: Garchomp|Garchomp, L50, M|90/100 slp|[from] Parting Shot
|
|upkeep
|turn|9
|
|t:|1785353968
|switch|p2a: Incineroar|Incineroar, L50, M|100/100
|-ability|p2a: Incineroar|Intimidate|boost
|-unboost|p1a: Ceruledge|atk|1
|-unboost|p1b: Sinistcha|atk|1
|move|p2b: Floette|Dazzling Gleam|p1a: Ceruledge|[spread] p1a,p1b
|-resisted|p1a: Ceruledge|1
|-damage|p1a: Ceruledge|51/100
|-damage|p1b: Sinistcha|0 fnt
|faint|p1b: Sinistcha
|move|p1a: Ceruledge|Bitter Blade|p2b: Floette
|-damage|p2b: Floette|19/100
|-heal|p1a: Ceruledge|67/100|[from] drain|[of] p2b: Floette
|
|upkeep
|turn|10
|
|t:|1785353980
|move|p2b: Floette|Protect|p2b: Floette
|-singleturn|p2b: Floette|Protect
|move|p1a: Ceruledge|Bitter Blade|p2b: Floette
|-activate|p2b: Floette|move: Protect
|move|p2a: Incineroar|Parting Shot|p1a: Ceruledge
|-unboost|p1a: Ceruledge|atk|1
|-unboost|p1a: Ceruledge|spa|1
|
|t:|1785353984
|switch|p2a: Sinistcha|Sinistcha, L50|15/100|[from] Parting Shot
|-heal|p2b: Floette|44/100|[from] ability: Hospitality|[of] p2a: Sinistcha
|
|upkeep
|turn|11
|
|t:|1785353994
|switch|p2a: Incineroar|Incineroar, L50, M|100/100
|-ability|p2a: Incineroar|Intimidate|boost
|-unboost|p1a: Ceruledge|atk|1
|move|p1a: Ceruledge|Shadow Sneak|p2a: Incineroar
|-resisted|p2a: Incineroar|1
|-damage|p2a: Incineroar|97/100
|move|p2b: Floette|Draining Kiss|p1a: Ceruledge
|-resisted|p1a: Ceruledge|1
|-damage|p1a: Ceruledge|23/100
|-heal|p2b: Floette|77/100|[from] drain|[of] p1a: Ceruledge
|
|upkeep
|turn|12
|-message|shotstopper forfeited.
|
|win|breloomb01
|raw|shotstopper's rating: 1148 → 1124(-24 for losing)
|raw|breloomb01's rating: 1160 → 1184(+24 for winning)
|l|☆shotstopper
|player|p1|
