|j|â˜†JonnyNerd
|j|â˜†DeewompostYT
|html|JonnyNerdDeewompostYT    
|uhtml|bestof|Game 3 of a best-of-3
|t:|1785289331
|gametype|doubles
|player|p1|JonnyNerd|waiter-gen4dp|
|player|p2|DeewompostYT|guitarist|
|gen|9
|tier|[Gen 9 Champions] VGC 2026 Reg M-B (Bo3)
|rule|Species Clause: Limit one of each PokÃ©mon
|rule|Item Clause: Limit 1 of each item
|clearpoke
|poke|p1|Mamoswine, L50, M|
|poke|p1|Basculegion, L50, M|
|poke|p1|Gardevoir, L50, F|
|poke|p1|Maushold-Four, L50|
|poke|p1|Talonflame, L50, F|
|poke|p1|Raichu, L50, F|
|poke|p2|Whimsicott, L50, F|
|poke|p2|Kommo-o, L50, M|
|poke|p2|Charizard, L50, F|
|poke|p2|Incineroar, L50, F|
|poke|p2|Sylveon, L50, M|
|poke|p2|Basculegion, L50, M|
|teampreview|4
|showteam|p1|Mamoswine||FocusSash|Oblivious|Protect,IceShard,RockTomb,Earthquake|Adamant||M|||50|]Basculegion||ChoiceScarf|Adaptability|LastRespects,WaveCrash,AquaJet,FlipTurn|Jolly||M|||50|]Gardevoir||Gardevoirite|Telepathy|Protect,Psyshock,HyperVoice,CalmMind|Modest||F|||50|]Maushold-Four||ChopleBerry|FriendGuard|Protect,SuperFang,Taunt,FollowMe|Impish|||||50|]Talonflame||SharpBeak|GaleWings|QuickGuard,Tailwind,BraveBird,FlareBlitz|Jolly||F|||50|]Raichu||RaichuniteY|LightningRod|Protect,FakeOut,ZapCannon,FocusBlast|Modest||F|||50|
|showteam|p2|Whimsicott||FocusSash|Prankster|Tailwind,Moonblast,Encore,Protect|Timid||F|||50|]Kommo-o||LifeOrb|Overcoat|ClangingScales,AuraSphere,VacuumWave,Protect|Modest||M|||50|]Charizard||CharizarditeY|Blaze|HeatWave,SolarBeam,WeatherBall,Protect|Modest||F|||50|]Incineroar||SitrusBerry|Intimidate|FakeOut,FlareBlitz,DarkestLariat,PartingShot|Adamant||F|||50|]Sylveon||FairyFeather|Pixilate|HyperVoice,HyperBeam,QuickAttack,Detect|Modest||M|||50|]Basculegion||MysticWater|SwiftSwim|WaveCrash,LastRespects,AquaJet,Protect|Adamant||M|||50|
|c|â˜†JonnyNerd|that whim surviving was crazy
|c|â˜†JonnyNerd|well done
|
|t:|1785289489
|teamsize|p1|4
|teamsize|p2|4
|start
|switch|p1a: Mamoswine|Mamoswine, L50, M|100/100
|switch|p1b: Basculegion|Basculegion, L50, M|100/100
|switch|p2a: Whimsicott|Whimsicott, L50, F|100/100
|switch|p2b: Charizard|Charizard, L50, F|100/100
|turn|1
|
|t:|1785289512
|switch|p1b: Talonflame|Talonflame, L50, F|100/100
|move|p2b: Charizard|Protect|p2b: Charizard
|-singleturn|p2b: Charizard|Protect
|move|p2a: Whimsicott|Moonblast|p1a: Mamoswine
|-damage|p1a: Mamoswine|60/100
|move|p1a: Mamoswine|Rock Tomb|p2b: Charizard
|-activate|p2b: Charizard|move: Protect
|
|upkeep
|turn|2
|c|â˜†DeewompostYT|Bro
|c|â˜†DeewompostYT|Lol
|
|t:|1785289532
|detailschange|p2b: Charizard|Charizard-Mega-Y, L50, F
|-mega|p2b: Charizard|Charizard|Charizardite Y
|-weather|SunnyDay|[from] ability: Drought|[of] p2b: Charizard
|move|p1a: Mamoswine|Protect|p1a: Mamoswine
|-singleturn|p1a: Mamoswine|Protect
|move|p1b: Talonflame|Tailwind|p1b: Talonflame
|-sidestart|p1: JonnyNerd|move: Tailwind
|move|p2a: Whimsicott|Tailwind|p2a: Whimsicott
|-sidestart|p2: DeewompostYT|move: Tailwind
|move|p2b: Charizard|Heat Wave|p1a: Mamoswine|[spread] p1b
|-activate|p1a: Mamoswine|move: Protect
|-resisted|p1b: Talonflame|1
|-damage|p1b: Talonflame|50/100g
|
|-weather|SunnyDay|[upkeep]
|upkeep
|turn|3
|c|â˜†DeewompostYT|You know better
|c|â˜†JonnyNerd|listen
|
|t:|1785289604
|switch|p1b: Basculegion|Basculegion, L50, M|100/100
|move|p2a: Whimsicott|Encore|p1a: Mamoswine
|-start|p1a: Mamoswine|Encore
|move|p1a: Mamoswine|Protect||[still]
|-fail|p1a: Mamoswine
|move|p2b: Charizard|Heat Wave|p1a: Mamoswine|[spread] p1a,p1b
|-supereffective|p1a: Mamoswine|1
|-resisted|p1b: Basculegion|1
|-damage|p1a: Mamoswine|0 fnt
|-damage|p1b: Basculegion|55/100
|faint|p1a: Mamoswine
|
|-weather|SunnyDay|[upkeep]
|upkeep
|
|t:|1785289613
|switch|p1a: Raichu|Raichu, L50, F|100/100
|turn|4
|
|t:|1785289705
|switch|p2b: Incineroar|Incineroar, L50, F|100/100
|-ability|p2b: Incineroar|Intimidate|boost
|-unboost|p1a: Raichu|atk|1
|-unboost|p1b: Basculegion|atk|1
|detailschange|p1a: Raichu|Raichu-Mega-Y, L50, F
|-mega|p1a: Raichu|Raichu|Raichunite Y
|move|p1b: Basculegion|Flip Turn|p2a: Whimsicott
|-resisted|p2a: Whimsicott|1
|-damage|p2a: Whimsicott|93/100
|
|t:|1785289713
|switch|p1b: Talonflame|Talonflame, L50, F|50/100g|[from] Flip Turn
|move|p1a: Raichu|Zap Cannon|p2a: Whimsicott
|-resisted|p2a: Whimsicott|1
|-damage|p2a: Whimsicott|43/100
|-status|p2a: Whimsicott|par
|move|p2a: Whimsicott|Moonblast|p1b: Talonflame
|-resisted|p1b: Talonflame|1
|-damage|p1b: Talonflame|31/100
|
|-weather|SunnyDay|[upkeep]
|upkeep
|turn|5
|
|t:|1785289773
|move|p1b: Talonflame|Quick Guard|p1b: Talonflame
|-singleturn|p1b: Talonflame|Quick Guard
|move|p2a: Whimsicott|Encore|p1a: Raichu
|-activate|p1a: Raichu|move: Quick Guard
|move|p1a: Raichu|Zap Cannon|p2b: Incineroar
|-damage|p2b: Incineroar|32/100
|-status|p2b: Incineroar|par
|-enditem|p2b: Incineroar|Sitrus Berry|[eat]
|-heal|p2b: Incineroar|57/100 par|[from] item: Sitrus Berry
|move|p2b: Incineroar|Darkest Lariat|p1b: Talonflame
|-damage|p1b: Talonflame|0 fnt
|faint|p1b: Talonflame
|
|-weather|SunnyDay|[upkeep]
|-sideend|p1: JonnyNerd|move: Tailwind
|-sideend|p2: DeewompostYT|move: Tailwind
|upkeep
|
|t:|1785289786
|switch|p1b: Basculegion|Basculegion, L50, M|55/100
|turn|6
|
|t:|1785289811
|move|p2a: Whimsicott|Protect|p2a: Whimsicott
|-singleturn|p2a: Whimsicott|Protect
|move|p1b: Basculegion|Wave Crash|p2b: Incineroar
|-supereffective|p2b: Incineroar|1
|-damage|p2b: Incineroar|0 fnt
|faint|p2b: Incineroar
|-damage|p1b: Basculegion|38/100|[from] Recoil
|move|p1a: Raichu|Zap Cannon|p2a: Whimsicott
|-activate|p2a: Whimsicott|move: Protect
|
|-weather|none
|upkeep
|
|t:|1785289837
|switch|p2b: Charizard|Charizard-Mega-Y, L50, F|100/100
|-weather|SunnyDay|[from] ability: Drought|[of] p2b: Charizard
|turn|7
|
|t:|1785289848
|move|p2b: Charizard|Protect|p2b: Charizard
|-singleturn|p2b: Charizard|Protect
|move|p2a: Whimsicott|Tailwind|p2a: Whimsicott
|-sidestart|p2: DeewompostYT|move: Tailwind
|move|p1b: Basculegion|Wave Crash|p2a: Whimsicott
|-resisted|p2a: Whimsicott|1
|-damage|p2a: Whimsicott|25/100 par
|-damage|p1b: Basculegion|34/100|[from] Recoil
|move|p1a: Raichu|Zap Cannon|p2b: Charizard
|-activate|p2b: Charizard|move: Protect
|
|-weather|SunnyDay|[upkeep]
|upkeep
|turn|8
|
|t:|1785289919
|move|p2b: Charizard|Weather Ball|p1a: Raichu
|-damage|p1a: Raichu|0 fnt
|faint|p1a: Raichu
|move|p1b: Basculegion|Wave Crash|p2a: Whimsicott
|-resisted|p2a: Whimsicott|1
|-damage|p2a: Whimsicott|8/100 par
|-damage|p1b: Basculegion|29/100|[from] Recoil
|move|p2a: Whimsicott|Moonblast|p1b: Basculegion
|-damage|p1b: Basculegion|0 fnt
|faint|p1b: Basculegion
|
|win|DeewompostYT
|l|â˜†JonnyNerd
|player|p1|
