|j|‽shynessvgc
|j|☆kattathy
|html|shynessvgckattathy    
|uhtml|bestof|Game 1 of a best-of-3
|t:|1756858554
|gametype|doubles
|player|p1|shynessvgc|dawn|1091
|player|p2|kattathy|elesa|1085
|gen|9
|tier|[Gen 9] VGC 2025 Reg H (Bo3)
|rated|
|rule|Species Clause: Limit one of each Pokémon
|rule|Item Clause: Limit 1 of each item
|clearpoke
|poke|p1|Porygon2, L50|
|poke|p1|Ursaluna, L50, F|
|poke|p1|Amoonguss, L50, F|
|poke|p1|Incineroar, L50, F|
|poke|p1|Gholdengo, L50|
|poke|p1|Hydreigon, L50, F|
|poke|p2|Ceruledge, L50, M|
|poke|p2|Kingambit, L50, F|
|poke|p2|Sneasler, L50, M|
|poke|p2|Rillaboom, L50, F|
|poke|p2|Ninetales-Alola, L50, F|
|poke|p2|Dragonite, L50, M|
|teampreview|4
|showteam|p1|Porygon2||Eviolite|Download|TeraBlast,IceBeam,TrickRoom,Recover||||||50|,,,,,Fighting]Ursaluna||FlameOrb|Guts|Protect,HeadlongRush,Facade,Earthquake|||F|||50|,,,,,Ghost]Amoonguss||CovertCloak|Regenerator|ClearSmog,RagePowder,PollenPuff,Spore|||F|||50|,,,,,Fairy]Incineroar||SitrusBerry|Intimidate|FlareBlitz,KnockOff,PartingShot,FakeOut|||F|||50|,,,,,Ghost]Gholdengo||LifeOrb|GoodasGold|Protect,NastyPlot,MakeItRain,ShadowBall||||||50|,,,,,Water]Hydreigon||SafetyGoggles|Levitate|Protect,DracoMeteor,Snarl,Tailwind|||F|||50|,,,,,Ghost
|showteam|p2|Ceruledge||AssaultVest|FlashFire|BitterBlade,CloseCombat,Poltergeist,ShadowSneak|||M|||50|,,,,,Grass]Kingambit||SafetyGoggles|Defiant|SuckerPunch,Protect,KowtowCleave,SwordsDance|||F|||50|,,,,,Dark]Sneasler||FocusSash|Unburden|CloseCombat,DireClaw,Protect,Coaching|||M|||50|,,,,,Flying]Rillaboom||MiracleSeed|GrassySurge|HighHorsepower,WoodHammer,FakeOut,GrassyGlide|||F|||50|,,,,,Fire]Ninetales-Alola||LightClay|SnowWarning|Blizzard,AuroraVeil,Encore,Protect|||F|||50|,,,,,Ghost]Dragonite||LoadedDice|Multiscale|Tailwind,Haze,Protect,ScaleShot|||M|||50|,,,,,Fairy
|
|t:|1756858605
|teamsize|p1|4
|teamsize|p2|4
|start
|switch|p1a: Ursaluna|Ursaluna, L50, F|100/100
|switch|p1b: Hydreigon|Hydreigon, L50, F|100/100
|switch|p2a: Ceruledge|Ceruledge, L50, M|100/100
|switch|p2b: Ninetales|Ninetales-Alola, L50, F|100/100
|-weather|Snowscape|[from] ability: Snow Warning|[of] p2b: Ninetales
|turn|1
|inactive|Battle timer is ON: inactive players will automatically lose when time's up. (requested by shynessvgc)
|
|t:|1756858667
|-terastallize|p2a: Ceruledge|Grass
|move|p1a: Ursaluna|Protect|p1a: Ursaluna
|-singleturn|p1a: Ursaluna|Protect
|move|p2b: Ninetales|Aurora Veil|p2b: Ninetales
|-sidestart|p2: kattathy|move: Aurora Veil
|move|p1b: Hydreigon|Tailwind|p1b: Hydreigon
|-sidestart|p1: shynessvgc|move: Tailwind
|move|p2a: Ceruledge|Bitter Blade|p1a: Ursaluna
|-activate|p1a: Ursaluna|move: Protect
|
|-weather|Snowscape|[upkeep]
|-status|p1a: Ursaluna|brn|[from] item: Flame Orb
|upkeep
|turn|2
|
|t:|1756858688
|-terastallize|p1a: Ursaluna|Ghost
|move|p1b: Hydreigon|Snarl|p2a: Ceruledge|[spread] p2a,p2b
|-resisted|p2b: Ninetales
|-damage|p2a: Ceruledge|93/100
|-damage|p2b: Ninetales|94/100
|-unboost|p2a: Ceruledge|spa|1
|-unboost|p2b: Ninetales|spa|1
|move|p1a: Ursaluna|Facade|p2a: Ceruledge
|-damage|p2a: Ceruledge|0 fnt
|faint|p2a: Ceruledge
|move|p2b: Ninetales|Encore|p1a: Ursaluna
|-start|p1a: Ursaluna|Encore
|
|-weather|Snowscape|[upkeep]
|-damage|p1a: Ursaluna|95/100 brn|[from] brn
|upkeep
|
|t:|1756858699
|switch|p2a: Sneasler|Sneasler, L50, M|100/100
|turn|3
|inactive|kattathy has 30 seconds left.
|
|t:|1756858724
|move|p2a: Sneasler|Protect|p2a: Sneasler
|-singleturn|p2a: Sneasler|Protect
|move|p1b: Hydreigon|Snarl|p2b: Ninetales|[spread] p2b
|-activate|p2a: Sneasler|move: Protect
|-resisted|p2b: Ninetales
|-damage|p2b: Ninetales|87/100
|-unboost|p2b: Ninetales|spa|1
|move|p1a: Ursaluna|Facade|p2b: Ninetales
|-damage|p2b: Ninetales|14/100
|move|p2b: Ninetales|Blizzard|p1a: Ursaluna|[spread] p1a,p1b
|-supereffective|p1b: Hydreigon
|-damage|p1a: Ursaluna|82/100 brn
|-damage|p1b: Hydreigon|72/100
|
|-weather|Snowscape|[upkeep]
|-damage|p1a: Ursaluna|76/100 brn|[from] brn
|upkeep
|turn|4
|inactive|kattathy has 30 seconds left.
|
|t:|1756858753
|move|p1b: Hydreigon|Snarl|p2b: Ninetales|[spread] p2a
|-miss|p1b: Hydreigon|p2b: Ninetales
|-resisted|p2a: Sneasler
|-damage|p2a: Sneasler|91/100
|-unboost|p2a: Sneasler|spa|1
|move|p1a: Ursaluna|Facade|p2a: Sneasler
|-damage|p2a: Sneasler|0 fnt
|faint|p2a: Sneasler
|move|p2b: Ninetales|Blizzard|p1b: Hydreigon|[spread] p1a,p1b
|-supereffective|p1b: Hydreigon
|-damage|p1a: Ursaluna|63/100 brn
|-damage|p1b: Hydreigon|47/100
|
|-weather|Snowscape|[upkeep]
|-damage|p1a: Ursaluna|57/100 brn|[from] brn
|-sideend|p1: shynessvgc|move: Tailwind
|upkeep
|
|t:|1756858763
|switch|p2a: Rillaboom|Rillaboom, L50, F|100/100
|-fieldstart|move: Grassy Terrain|[from] ability: Grassy Surge|[of] p2a: Rillaboom
|turn|5
|
|t:|1756858778
|move|p2a: Rillaboom|Fake Out|p1b: Hydreigon
|-damage|p1b: Hydreigon|32/100
|move|p2b: Ninetales|Blizzard|p1b: Hydreigon|[spread] p1a,p1b
|-supereffective|p1b: Hydreigon
|-damage|p1a: Ursaluna|45/100 brn
|-damage|p1b: Hydreigon|4/100
|cant|p1b: Hydreigon|flinch
|move|p1a: Ursaluna|Facade|p2a: Rillaboom
|-damage|p2a: Rillaboom|27/100
|
|-weather|none
|-heal|p2b: Ninetales|19/100|[from] Grassy Terrain
|-heal|p2a: Rillaboom|33/100|[from] Grassy Terrain
|-heal|p1a: Ursaluna|51/100 brn|[from] Grassy Terrain
|-damage|p1a: Ursaluna|45/100 brn|[from] brn
|-end|p1a: Ursaluna|Encore
|upkeep
|turn|6
|
|t:|1756858796
|move|p2a: Rillaboom|Grassy Glide|p1b: Hydreigon
|-resisted|p1b: Hydreigon
|-damage|p1b: Hydreigon|0 fnt
|faint|p1b: Hydreigon
|move|p2b: Ninetales|Blizzard|p1a: Ursaluna|[miss]
|-miss|p2b: Ninetales|p1a: Ursaluna
|move|p1a: Ursaluna|Facade|p2a: Rillaboom
|-damage|p2a: Rillaboom|0 fnt
|faint|p2a: Rillaboom
|
|-heal|p2b: Ninetales|25/100|[from] Grassy Terrain
|-heal|p1a: Ursaluna|51/100 brn|[from] Grassy Terrain
|-damage|p1a: Ursaluna|45/100 brn|[from] brn
|upkeep
|
|t:|1756858801
|switch|p1b: Gholdengo|Gholdengo, L50|100/100
|turn|7
|
|t:|1756858804
|move|p2b: Ninetales|Blizzard|p1b: Gholdengo|[spread] p1b
|-miss|p2b: Ninetales|p1a: Ursaluna
|-resisted|p1b: Gholdengo
|-damage|p1b: Gholdengo|94/100
|move|p1b: Gholdengo|Make It Rain|p2b: Ninetales
|-supereffective|p2b: Ninetales
|-damage|p2b: Ninetales|0 fnt
|-unboost|p1b: Gholdengo|spa|1
|faint|p2b: Ninetales
|-damage|p1b: Gholdengo|84/100|[from] item: Life Orb
|
|win|shynessvgc
||kattathy is ready for game 2.
||shynessvgc is ready for game 2.
|uhtml|next|Next: Game 2 of 3
|l|☆kattathy
|player|p2|
