|j|☆Squ1dge_
|j|☆Low Tier Goodra
|html|Squ1dge_Low Tier Goodra    
|uhtml|bestof|Game 3 of a best-of-3
|t:|1757683169
|gametype|doubles
|player|p1|Squ1dge_|101|1466
|player|p2|Low Tier Goodra|jasmine|1440
|gen|9
|tier|[Gen 9] VGC 2025 Reg H (Bo3)
|rated|
|rule|Species Clause: Limit one of each Pokémon
|rule|Item Clause: Limit 1 of each item
|clearpoke
|poke|p1|Gholdengo, L50|
|poke|p1|Sneasler, L50, M|
|poke|p1|Rillaboom, L50, F|
|poke|p1|Dragonite, L50, F|
|poke|p1|Ninetales-Alola, L50, M|
|poke|p1|Arcanine-Hisui, L50, F|
|poke|p2|Armarouge, L50, M|
|poke|p2|Torkoal, L50, F|
|poke|p2|Sinistcha-Masterpiece, L50|
|poke|p2|Rillaboom, L50, M|
|poke|p2|Ursaluna, L50, F|
|poke|p2|Incineroar, L50, M|
|teampreview|4
|showteam|p1|Gholdengo||GrassySeed|GoodasGold|NastyPlot,MakeItRain,ShadowBall,Protect||||||50|,,,,,Water]Sneasler||WhiteHerb|Unburden|CloseCombat,DireClaw,Coaching,Protect|||M|||50|,,,,,Ghost]Rillaboom||AssaultVest|GrassySurge|FakeOut,GrassyGlide,DrumBeating,HighHorsepower|||F|||50|,,,,,Fire]Dragonite||LoadedDice|Multiscale|ScaleShot,StompingTantrum,Tailwind,Protect|||F|||50|,,,,,Ground]Ninetales-Alola||FocusSash|SnowWarning|Blizzard,IcyWind,Encore,AuroraVeil|||M|||50|,,,,,Ghost]Arcanine-Hisui||ClearAmulet|Intimidate|RockSlide,FlareBlitz,ExtremeSpeed,Protect|||F|||50|,,,,,Water
|showteam|p2|Armarouge||MentalHerb|FlashFire|ArmorCannon,ExpandingForce,TrickRoom,Protect|||M|||50|,,,,,Grass]Torkoal||Leftovers|Drought|Eruption,WeatherBall,EarthPower,Protect|||F|||50|,,,,,Fire]Sinistcha-Masterpiece||GrassySeed|Heatproof|MatchaGotcha,ShadowBall,CalmMind,TrickRoom||||||50|,,,,,Fairy]Rillaboom||CovertCloak|GrassySurge|WoodHammer,Uturn,Taunt,FakeOut|||M|||50|,,,,,Water]Ursaluna||FlameOrb|Guts|HeadlongRush,Facade,Substitute,Protect|||F|||50|,,,,,Ghost]Incineroar||SafetyGoggles|Intimidate|FlareBlitz,KnockOff,Taunt,FakeOut|||M|||50|,,,,,Ghost
|
|t:|1757683188
|teamsize|p1|4
|teamsize|p2|4
|start
|switch|p1a: Gholdengo|Gholdengo, L50|100/100
|switch|p1b: Rillaboom|Rillaboom, L50, F|100/100
|switch|p2a: Incineroar|Incineroar, L50, M|100/100
|switch|p2b: Armarouge|Armarouge, L50, M|100/100
|-fieldstart|move: Grassy Terrain|[from] ability: Grassy Surge|[of] p1b: Rillaboom
|-enditem|p1a: Gholdengo|Grassy Seed
|-boost|p1a: Gholdengo|def|1|[from] item: Grassy Seed
|-ability|p2a: Incineroar|Intimidate|boost
|-unboost|p1a: Gholdengo|atk|1
|-unboost|p1b: Rillaboom|atk|1
|turn|1
|
|t:|1757683212
|-terastallize|p1a: Gholdengo|Water
|move|p1b: Rillaboom|Fake Out|p2b: Armarouge
|-damage|p2b: Armarouge|93/100
|move|p1a: Gholdengo|Nasty Plot|p1a: Gholdengo
|-boost|p1a: Gholdengo|spa|2
|move|p2a: Incineroar|Flare Blitz|p1a: Gholdengo
|-resisted|p1a: Gholdengo
|-damage|p1a: Gholdengo|81/100
|-damage|p2a: Incineroar|94/100|[from] Recoil
|cant|p2b: Armarouge|flinch
|
|-heal|p1a: Gholdengo|87/100|[from] Grassy Terrain
|-heal|p2a: Incineroar|99/100|[from] Grassy Terrain
|-heal|p2b: Armarouge|99/100|[from] Grassy Terrain
|upkeep
|turn|2
|
|t:|1757683234
|switch|p2a: Ursaluna|Ursaluna, L50, F|100/100
|move|p2b: Armarouge|Protect|p2b: Armarouge
|-singleturn|p2b: Armarouge|Protect
|move|p1b: Rillaboom|Drum Beating|p2b: Armarouge
|-activate|p2b: Armarouge|move: Protect
|move|p1a: Gholdengo|Shadow Ball|p2b: Armarouge
|-activate|p2b: Armarouge|move: Protect
|
|-heal|p1a: Gholdengo|93/100|[from] Grassy Terrain
|-heal|p2b: Armarouge|100/100|[from] Grassy Terrain
|-status|p2a: Ursaluna|brn|[from] item: Flame Orb
|upkeep
|turn|3
|
|t:|1757683269
|switch|p2b: Incineroar|Incineroar, L50, M|99/100
|-ability|p2b: Incineroar|Intimidate|boost
|-unboost|p1a: Gholdengo|atk|1
|-unboost|p1b: Rillaboom|atk|1
|move|p2a: Ursaluna|Protect|p2a: Ursaluna
|-singleturn|p2a: Ursaluna|Protect
|move|p1b: Rillaboom|Drum Beating|p2a: Ursaluna
|-activate|p2a: Ursaluna|move: Protect
|move|p1a: Gholdengo|Make It Rain|p2a: Ursaluna|[spread] p2b
|-activate|p2a: Ursaluna|move: Protect
|-resisted|p2b: Incineroar
|-damage|p2b: Incineroar|58/100
|-unboost|p1a: Gholdengo|spa|1
|
|-heal|p1a: Gholdengo|99/100|[from] Grassy Terrain
|-heal|p2b: Incineroar|64/100|[from] Grassy Terrain
|-damage|p2a: Ursaluna|95/100 brn|[from] brn
|upkeep
|turn|4
|
|t:|1757683293
|switch|p1b: Arcanine|Arcanine-Hisui, L50, F|100/100
|-ability|p1b: Arcanine|Intimidate|boost
|-unboost|p2a: Ursaluna|atk|1
|-unboost|p2b: Incineroar|atk|1
|move|p1a: Gholdengo|Protect|p1a: Gholdengo
|-singleturn|p1a: Gholdengo|Protect
|move|p2b: Incineroar|Knock Off|p1b: Arcanine
|-damage|p1b: Arcanine|61/100
|-enditem|p1b: Arcanine|Clear Amulet|[from] move: Knock Off|[of] p2b: Incineroar
|move|p2a: Ursaluna|Substitute|p2a: Ursaluna
|-start|p2a: Ursaluna|Substitute
|-damage|p2a: Ursaluna|70/100 brn
|
|-heal|p1b: Arcanine|67/100|[from] Grassy Terrain
|-heal|p1a: Gholdengo|100/100|[from] Grassy Terrain
|-heal|p2b: Incineroar|70/100|[from] Grassy Terrain
|-heal|p2a: Ursaluna|76/100 brn|[from] Grassy Terrain
|-damage|p2a: Ursaluna|70/100 brn|[from] brn
|upkeep
|turn|5
|
|t:|1757683335
|switch|p2b: Torkoal|Torkoal, L50, F|100/100
|-weather|SunnyDay|[from] ability: Drought|[of] p2b: Torkoal
|move|p1b: Arcanine|Protect|p1b: Arcanine
|-singleturn|p1b: Arcanine|Protect
|move|p1a: Gholdengo|Nasty Plot|p1a: Gholdengo
|-boost|p1a: Gholdengo|spa|2
|move|p2a: Ursaluna|Facade|p1a: Gholdengo
|-damage|p1a: Gholdengo|44/100
|
|-weather|SunnyDay|[upkeep]
|-heal|p1b: Arcanine|73/100|[from] Grassy Terrain
|-heal|p1a: Gholdengo|50/100|[from] Grassy Terrain
|-heal|p2a: Ursaluna|76/100 brn|[from] Grassy Terrain
|-damage|p2a: Ursaluna|70/100 brn|[from] brn
|-fieldend|move: Grassy Terrain
|upkeep
|turn|6
|
|t:|1757683371
|switch|p2b: Incineroar|Incineroar, L50, M|70/100
|-ability|p2b: Incineroar|Intimidate|boost
|-unboost|p1a: Gholdengo|atk|1
|-unboost|p1b: Arcanine|atk|1
|move|p2a: Ursaluna|Protect|p2a: Ursaluna
|-singleturn|p2a: Ursaluna|Protect
|move|p1b: Arcanine|Flare Blitz|p2a: Ursaluna
|-activate|p2a: Ursaluna|move: Protect
|move|p1a: Gholdengo|Shadow Ball|p2b: Incineroar
|-resisted|p2b: Incineroar
|-damage|p2b: Incineroar|20/100
|-unboost|p2b: Incineroar|spd|1
|
|-weather|SunnyDay|[upkeep]
|-damage|p2a: Ursaluna|64/100 brn|[from] brn
|upkeep
|turn|7
|
|t:|1757683424
|switch|p1b: Rillaboom|Rillaboom, L50, F|100/100
|-fieldstart|move: Grassy Terrain|[from] ability: Grassy Surge|[of] p1b: Rillaboom
|switch|p2b: Armarouge|Armarouge, L50, M|100/100
|move|p1a: Gholdengo|Protect|p1a: Gholdengo
|-singleturn|p1a: Gholdengo|Protect
|move|p2a: Ursaluna|Facade|p1a: Gholdengo
|-activate|p1a: Gholdengo|move: Protect
|
|-weather|SunnyDay|[upkeep]
|-heal|p1a: Gholdengo|57/100|[from] Grassy Terrain
|-heal|p2a: Ursaluna|70/100 brn|[from] Grassy Terrain
|-damage|p2a: Ursaluna|64/100 brn|[from] brn
|upkeep
|turn|8
|inactive|Battle timer is ON: inactive players will automatically lose when time's up. (requested by Squ1dge_)
|
|t:|1757683481
|switch|p1b: Arcanine|Arcanine-Hisui, L50, F|73/100
|-ability|p1b: Arcanine|Intimidate|boost
|-immune|p2a: Ursaluna
|-unboost|p2b: Armarouge|atk|1
|switch|p2b: Incineroar|Incineroar, L50, M|20/100
|-ability|p2b: Incineroar|Intimidate|boost
|-unboost|p1a: Gholdengo|atk|1
|-unboost|p1b: Arcanine|atk|1
|move|p1a: Gholdengo|Shadow Ball|p2b: Incineroar
|-resisted|p2b: Incineroar
|-damage|p2b: Incineroar|0 fnt
|faint|p2b: Incineroar
|move|p2a: Ursaluna|Facade|p1a: Gholdengo
|-damage|p1a: Gholdengo|0 fnt
|faint|p1a: Gholdengo
|
|-weather|SunnyDay|[upkeep]
|-heal|p1b: Arcanine|79/100|[from] Grassy Terrain
|-heal|p2a: Ursaluna|70/100 brn|[from] Grassy Terrain
|-damage|p2a: Ursaluna|64/100 brn|[from] brn
|upkeep
|
|t:|1757683501
|switch|p1a: Rillaboom|Rillaboom, L50, F|100/100
|switch|p2b: Armarouge|Armarouge, L50, M|100/100
|turn|9
|inactive|Squ1dge_ has 30 seconds left.
|
|t:|1757683529
|move|p2b: Armarouge|Protect|p2b: Armarouge
|-singleturn|p2b: Armarouge|Protect
|move|p2a: Ursaluna|Protect|p2a: Ursaluna
|-singleturn|p2a: Ursaluna|Protect
|move|p1b: Arcanine|Rock Slide|p2a: Ursaluna|[spread] 
|-activate|p2a: Ursaluna|move: Protect
|-activate|p2b: Armarouge|move: Protect
|move|p1a: Rillaboom|High Horsepower|p2b: Armarouge
|-activate|p2b: Armarouge|move: Protect
|
|-weather|none
|-heal|p1b: Arcanine|85/100|[from] Grassy Terrain
|-heal|p2a: Ursaluna|70/100 brn|[from] Grassy Terrain
|-damage|p2a: Ursaluna|64/100 brn|[from] brn
|upkeep
|turn|10
|inactive|Squ1dge_ has 30 seconds left.
|inactive|Low Tier Goodra has 30 seconds left.
|inactive|Squ1dge_ has 20 seconds left.
|inactive|Squ1dge_ has 15 seconds left.
|
|t:|1757683570
|-terastallize|p2b: Armarouge|Grass
|move|p1b: Arcanine|Rock Slide|p2a: Ursaluna|[spread] p2a,p2b
|-resisted|p2a: Ursaluna
|-activate|p2a: Ursaluna|move: Substitute|[damage]
|-damage|p2b: Armarouge|83/100
|move|p1a: Rillaboom|High Horsepower|p2b: Armarouge
|-resisted|p2b: Armarouge
|-damage|p2b: Armarouge|70/100
|move|p2a: Ursaluna|Headlong Rush|p1b: Arcanine
|-supereffective|p1b: Arcanine
|-damage|p1b: Arcanine|0 fnt
|-unboost|p2a: Ursaluna|def|1
|-unboost|p2a: Ursaluna|spd|1
|faint|p1b: Arcanine
|move|p2b: Armarouge|Trick Room|p2b: Armarouge
|-fieldstart|move: Trick Room|[of] p2b: Armarouge
|
|-heal|p2a: Ursaluna|70/100 brn|[from] Grassy Terrain
|-heal|p2b: Armarouge|77/100|[from] Grassy Terrain
|-damage|p2a: Ursaluna|64/100 brn|[from] brn
|upkeep
|
|t:|1757683573
|switch|p1b: Ninetales|Ninetales-Alola, L50, M|100/100
|-weather|Snowscape|[from] ability: Snow Warning|[of] p1b: Ninetales
|turn|11
|
|t:|1757683593
|move|p1a: Rillaboom|Grassy Glide|p2a: Ursaluna
|-supereffective|p2a: Ursaluna
|-end|p2a: Ursaluna|Substitute
|move|p2a: Ursaluna|Facade|p1b: Ninetales
|-damage|p1b: Ninetales|9/100
|move|p2b: Armarouge|Armor Cannon|p1b: Ninetales
|-supereffective|p1b: Ninetales
|-damage|p1b: Ninetales|0 fnt
|-unboost|p2b: Armarouge|def|1
|-unboost|p2b: Armarouge|spd|1
|faint|p1b: Ninetales
|
|-weather|Snowscape|[upkeep]
|-heal|p2a: Ursaluna|70/100 brn|[from] Grassy Terrain
|-heal|p2b: Armarouge|83/100|[from] Grassy Terrain
|-damage|p2a: Ursaluna|64/100 brn|[from] brn
|-fieldend|move: Grassy Terrain
|upkeep
|turn|12
|-message|Squ1dge_ forfeited.
|raw|Squ1dge_'s rating: 1466 → 1445(-21 for losing)
|raw|Low Tier Goodra's rating: 1440 → 1461(+21 for winning)
|
|win|Low Tier Goodra
|l|☆Squ1dge_
|player|p1|
