|j|☆TaiwanNephrologist
|j|☆sky yeh
|html|TaiwanNephrologistsky yeh    
|uhtml|bestof|Game 1 of a best-of-3
|t:|1786110793
|gametype|doubles
|player|p1|TaiwanNephrologist|101|
|player|p2|sky yeh|perrin|
|gen|9
|tier|[Gen 9 Champions] VGC 2026 Reg M-B (Bo3)
|rule|Species Clause: Limit one of each Pokémon
|rule|Item Clause: Limit 1 of each item
|clearpoke
|poke|p1|Delphox, L50, F, shiny|
|poke|p1|Incineroar, L50, F, shiny|
|poke|p1|Kingambit, L50, F, shiny|
|poke|p1|Sinistcha, L50, shiny|
|poke|p1|Sneasler, L50, F, shiny|
|poke|p1|Blastoise, L50, F, shiny|
|poke|p2|Staraptor, L50, M, shiny|
|poke|p2|Charizard, L50, M, shiny|
|poke|p2|Garchomp, L50, M, shiny|
|poke|p2|Gholdengo, L50|
|poke|p2|Whimsicott, L50, F, shiny|
|poke|p2|Rotom-Wash, L50|
|teampreview|4
|showteam|p1|Delphox||Delphoxite|Blaze|HeatWave,Psychic,NastyPlot,Protect|Timid||F|||50|]Incineroar||SitrusBerry|Intimidate|FakeOut,FlareBlitz,HelpingHand,PartingShot|Careful||F|||50|]Kingambit||LifeOrb|Defiant|KowtowCleave,SuckerPunch,SwordsDance,Protect|Adamant||F|||50|]Sinistcha||OccaBerry|Hospitality|MatchaGotcha,RagePowder,TrickRoom,Protect|Bold|||||50|]Sneasler||FocusSash|PoisonTouch|FakeOut,PoisonJab,CloseCombat,QuickGuard|Jolly||F|||50|]Blastoise||Blastoisinite|RainDish|WaterSpout,DarkPulse,ShellSmash,Protect|Modest||F|||50|
|showteam|p2|Staraptor||Staraptite|Intimidate|CloseCombat,BraveBird,Roost,Protect|Jolly||M|||50|]Charizard||CharizarditeY|Blaze|WeatherBall,HeatWave,SolarBeam,Protect|Modest||M|||50|]Garchomp||LifeOrb|RoughSkin|Earthquake,DragonClaw,RockSlide,Protect|Jolly||M|||50|]Gholdengo||SpellTag|GoodasGold|MakeItRain,ShadowBall,NastyPlot,Protect|Modest|||||50|]Whimsicott||FocusSash|Prankster|Moonblast,Charm,Tailwind,Protect|Timid||F|||50|]Rotom-Wash||ChoiceScarf|Levitate|HydroPump,VoltSwitch,Electroweb,WillOWisp|Timid|||||50|
|c|☆TaiwanNephrologist|貼一下連結
|c|☆sky yeh|我也
|c|☆TaiwanNephrologist|請多指教
|j| phoenix burner
|j| BenBen84
|j| VGCVillains
|
|t:|1786110872
|teamsize|p1|4
|teamsize|p2|4
|start
|switch|p1a: Delphox|Delphox, L50, F, shiny|100/100
|switch|p1b: Incineroar|Incineroar, L50, F, shiny|100/100
|switch|p2a: Charizard|Charizard, L50, M, shiny|100/100
|switch|p2b: Rotom|Rotom-Wash, L50|100/100
|-ability|p1b: Incineroar|Intimidate|boost
|-unboost|p2a: Charizard|atk|1
|-unboost|p2b: Rotom|atk|1
|turn|1
|c|☆sky yeh|請多指教
|
|t:|1786110897
|detailschange|p1a: Delphox|Delphox-Mega, L50, F, shiny
|-mega|p1a: Delphox|Delphox|Delphoxite
|detailschange|p2a: Charizard|Charizard-Mega-Y, L50, M, shiny
|-mega|p2a: Charizard|Charizard|Charizardite Y
|-weather|SunnyDay|[from] ability: Drought|[of] p2a: Charizard
|move|p1b: Incineroar|Fake Out|p2b: Rotom
|-damage|p2b: Rotom|88/100
|cant|p2b: Rotom|flinch
|move|p1a: Delphox|Nasty Plot|p1a: Delphox
|-boost|p1a: Delphox|spa|2
|move|p2a: Charizard|Heat Wave|p1a: Delphox|[spread] p1a,p1b
|-resisted|p1a: Delphox|1
|-resisted|p1b: Incineroar|1
|-damage|p1a: Delphox|72/100
|-damage|p1b: Incineroar|76/100
|
|-weather|SunnyDay|[upkeep]
|upkeep
|turn|2
|
|t:|1786110951
|move|p1a: Delphox|Protect|p1a: Delphox
|-singleturn|p1a: Delphox|Protect
|move|p2a: Charizard|Protect|p2a: Charizard
|-singleturn|p2a: Charizard|Protect
|move|p2b: Rotom|Electroweb|p1a: Delphox|[spread] p1b
|-activate|p1a: Delphox|move: Protect
|-damage|p1b: Incineroar|64/100
|-unboost|p1b: Incineroar|spe|1
|move|p1b: Incineroar|Parting Shot|p2b: Rotom
|-unboost|p2b: Rotom|atk|1
|-unboost|p2b: Rotom|spa|1
|
|t:|1786110970
|switch|p1b: Kingambit|Kingambit, L50, F, shiny|100/100|[from] Parting Shot
|
|-weather|SunnyDay|[upkeep]
|upkeep
|turn|3
|
|t:|1786110994
|move|p1b: Kingambit|Sucker Punch|p2a: Charizard
|-damage|p2a: Charizard|42/100
|-damage|p1b: Kingambit|90/100|[from] item: Life Orb
|move|p2b: Rotom|Electroweb|p1a: Delphox|[spread] p1a,p1b
|-damage|p1a: Delphox|63/100
|-damage|p1b: Kingambit|78/100
|-unboost|p1a: Delphox|spe|1
|-unboost|p1b: Kingambit|spe|1
|-ability|p1b: Kingambit|Defiant|boost
|-boost|p1b: Kingambit|atk|2
|move|p2a: Charizard|Heat Wave|p1b: Kingambit|[spread] p1a,p1b
|-resisted|p1a: Delphox|1
|-supereffective|p1b: Kingambit|1
|-damage|p1a: Delphox|35/100
|-damage|p1b: Kingambit|0 fnt
|faint|p1b: Kingambit
|move|p1a: Delphox|Psychic|p2a: Charizard
|-damage|p2a: Charizard|0 fnt
|faint|p2a: Charizard
|
|-weather|SunnyDay|[upkeep]
|upkeep
|
|t:|1786111019
|switch|p2a: Garchomp|Garchomp, L50, M, shiny|100/100
|switch|p1b: Sinistcha|Sinistcha, L50, shiny|100/100
|-heal|p1a: Delphox|60/100|[from] ability: Hospitality|[of] p1b: Sinistcha
|turn|4
|
|t:|1786111053
|switch|p2b: Whimsicott|Whimsicott, L50, F, shiny|100/100
|switch|p1a: Incineroar|Incineroar, L50, F, shiny|64/100
|-ability|p1a: Incineroar|Intimidate|boost
|-unboost|p2a: Garchomp|atk|1
|-unboost|p2b: Whimsicott|atk|1
|move|p2a: Garchomp|Dragon Claw|p1b: Sinistcha
|-damage|p1b: Sinistcha|69/100
|-damage|p2a: Garchomp|90/100|[from] item: Life Orb
|move|p1b: Sinistcha|Matcha Gotcha|p2b: Whimsicott|[spread] p2a,p2b
|-resisted|p2b: Whimsicott|1
|-damage|p2a: Garchomp|62/100
|-heal|p1b: Sinistcha|83/100|[from] drain|[of] p2a: Garchomp
|-damage|p2b: Whimsicott|79/100
|-heal|p1b: Sinistcha|91/100|[from] drain|[of] p2b: Whimsicott
|-status|p2a: Garchomp|brn
|
|-weather|SunnyDay|[upkeep]
|-damage|p2a: Garchomp|57/100 brn|[from] brn
|upkeep
|turn|5
|j| Roselia Sayo
|
|t:|1786111110
|move|p2b: Whimsicott|Moonblast|p1a: Incineroar
|-damage|p1a: Incineroar|40/100
|-enditem|p1a: Incineroar|Sitrus Berry|[eat]
|-heal|p1a: Incineroar|64/100|[from] item: Sitrus Berry
|move|p2a: Garchomp|Rock Slide|p1b: Sinistcha|[spread] p1a,p1b
|-supereffective|p1a: Incineroar|1
|-damage|p1a: Incineroar|51/100
|-damage|p1b: Sinistcha|84/100
|-damage|p2a: Garchomp|47/100 brn|[from] item: Life Orb
|cant|p1b: Sinistcha|flinch
|move|p1a: Incineroar|Parting Shot|p2a: Garchomp
|-unboost|p2a: Garchomp|atk|1
|-unboost|p2a: Garchomp|spa|1
|
|t:|1786111123
|switch|p1a: Delphox|Delphox-Mega, L50, F, shiny|60/100|[from] Parting Shot
|
|-weather|none
|-damage|p2a: Garchomp|41/100 brn|[from] brn
|upkeep
|turn|6
|
|t:|1786111163
|switch|p1b: Incineroar|Incineroar, L50, F, shiny|51/100
|-ability|p1b: Incineroar|Intimidate|boost
|-unboost|p2a: Garchomp|atk|1
|-unboost|p2b: Whimsicott|atk|1
|move|p2b: Whimsicott|Tailwind|p2b: Whimsicott
|-sidestart|p2: sky yeh|move: Tailwind
|move|p2a: Garchomp|Rock Slide|p1b: Incineroar|[spread] p1a,p1b
|-supereffective|p1a: Delphox|1
|-supereffective|p1b: Incineroar|1
|-damage|p1a: Delphox|47/100
|-damage|p1b: Incineroar|43/100
|-damage|p2a: Garchomp|32/100 brn|[from] item: Life Orb
|move|p1a: Delphox|Heat Wave|p2a: Garchomp|[spread] p2a,p2b
|-resisted|p2a: Garchomp|1
|-supereffective|p2b: Whimsicott|1
|-damage|p2a: Garchomp|13/100 brn
|-damage|p2b: Whimsicott|0 fnt
|faint|p2b: Whimsicott
|
|-damage|p2a: Garchomp|7/100 brn|[from] brn
|upkeep
|
|t:|1786111177
|switch|p2b: Rotom|Rotom-Wash, L50|88/100
|turn|7
|
|t:|1786111200
|move|p1a: Delphox|Protect|p1a: Delphox
|-singleturn|p1a: Delphox|Protect
|move|p1b: Incineroar|Fake Out|p2a: Garchomp
|-damage|p2a: Garchomp|0 fnt
|-damage|p1b: Incineroar|30/100|[from] ability: Rough Skin|[of] p2a: Garchomp
|faint|p2a: Garchomp
|move|p2b: Rotom|Hydro Pump|p1a: Delphox
|-activate|p1a: Delphox|move: Protect
|
|upkeep
|turn|8
|
|t:|1786111213
|move|p2b: Rotom|Hydro Pump|p1a: Delphox
|-supereffective|p1a: Delphox|1
|-damage|p1a: Delphox|0 fnt
|faint|p1a: Delphox
|move|p1b: Incineroar|Parting Shot|p2b: Rotom
|-unboost|p2b: Rotom|atk|1
|-unboost|p2b: Rotom|spa|1
|
|t:|1786111219
|switch|p1b: Sinistcha|Sinistcha, L50, shiny|84/100|[from] Parting Shot
|
|upkeep
|
|t:|1786111222
|switch|p1a: Incineroar|Incineroar, L50, F, shiny|30/100
|-ability|p1a: Incineroar|Intimidate|boost
|-unboost|p2b: Rotom|atk|1
|turn|9
|
|t:|1786111229
|move|p1a: Incineroar|Fake Out|p2b: Rotom
|-damage|p2b: Rotom|74/100
|cant|p2b: Rotom|flinch
|move|p1b: Sinistcha|Matcha Gotcha|p2b: Rotom
|-supereffective|p2b: Rotom|1
|-damage|p2b: Rotom|0 fnt
|-heal|p1b: Sinistcha|100/100|[from] drain|[of] p2b: Rotom
|faint|p2b: Rotom
|
|win|TaiwanNephrologist
||sky yeh is ready for game 2.
||sky yeh is ready for game 2.
|j| Edward0516
|inactive|TaiwanNephrologist has 30 seconds to confirm battle start!
||TaiwanNephrologist is ready for game 2.
|uhtml|next|Next: Game 2 of 3
|l| BenBen84
|j| BenBen84
|j| Manimo_1126
|j| charnizardnomiss
|l| Edward0516
|j| Edward0516
|l| Edward0516
|l| charnizardnomiss
|l| phoenix burner
|l| Manimo_1126
|l| BenBen84
|l|☆sky yeh
|player|p2|
|l|☆TaiwanNephrologist
|player|p1|
|j|☆TaiwanNephrologist
|player|p1|TaiwanNephrologist|101|
