|j|☆broleevee
|j|☆pupusaeater
|html|broleeveepupusaeater    
|uhtml|bestof|Game 2 of a best-of-3
|t:|1756271462
|gametype|doubles
|player|p1|broleevee|striker|1120
|player|p2|pupusaeater|1|1107
|gen|9
|tier|[Gen 9] VGC 2025 Reg H (Bo3)
|rated|
|rule|Species Clause: Limit one of each Pokémon
|rule|Item Clause: Limit 1 of each item
|clearpoke
|poke|p1|Charizard, L50, F|
|poke|p1|Jumpluff, L50, M|
|poke|p1|Torkoal, L50, M|
|poke|p1|Ursaluna, L50, F|
|poke|p1|Incineroar, L50, F|
|poke|p1|Duskull, L50, F|
|poke|p2|Kingambit, L50, F|
|poke|p2|Sneasler, L50, M|
|poke|p2|Electabuzz, L50, F|
|poke|p2|Rillaboom, L50, F|
|poke|p2|Dragonite, L50, F|
|poke|p2|Volcarona, L50, F|
|teampreview|4
|showteam|p1|Charizard||ChoiceSpecs|SolarPower|HeatWave,Overheat,WeatherBall,DragonPulse|||F|||50|,,,,,Ghost]Jumpluff||CovertCloak|Chlorophyll|SleepPowder,Tailwind,RagePowder,SunnyDay|||M|||50|,,,,,Water]Torkoal||EjectPack|Drought|Overheat,Eruption,ClearSmog,Protect|||M|||50|,,,,,Fire]Ursaluna||FlameOrb|Guts|Facade,HeadlongRush,Earthquake,Protect|||F|||50|,,,,,Ghost]Incineroar||AssaultVest|Intimidate|FakeOut,FlareBlitz,KnockOff,Uturn|||F|||50|,,,,,Ghost]Duskull||Eviolite|Levitate|NightShade,TrickRoom,Haze,PainSplit|||F|||50|,,,,,Steel
|showteam|p2|Kingambit||BlackGlasses|Defiant|KowtowCleave,SuckerPunch,LowKick,Protect|||F|||50|,,,,,Water]Sneasler||FocusSash|PoisonTouch|CloseCombat,DireClaw,FakeOut,ThroatChop|||M|||50|,,,,,Ghost]Electabuzz||Eviolite|VitalSpirit|FollowMe,Protect,Electroweb,Taunt|||F|||50|,,,,,Ghost]Rillaboom||AssaultVest|GrassySurge|WoodHammer,GrassyGlide,HighHorsepower,FakeOut|||F|||50|,,,,,Fire]Dragonite||LoadedDice|Multiscale|ExtremeSpeed,Haze,ScaleShot,Tailwind|||F|||50|,,,,,Fairy]Volcarona||CovertCloak|FlameBody|HeatWave,QuiverDance,GigaDrain,Protect|||F|||50|,,,,,Grass
|inactive|Battle timer is ON: inactive players will automatically lose when time's up. (requested by broleevee)
|inactive|pupusaeater also wants the timer to be on.
|inactive|broleevee has 60 seconds left.
|
|t:|1756271503
|teamsize|p1|4
|teamsize|p2|4
|start
|switch|p1a: Torkoal|Torkoal, L50, M|100/100
|switch|p1b: Jumpluff|Jumpluff, L50, M|100/100
|switch|p2a: Kingambit|Kingambit, L50, F|100/100
|switch|p2b: Sneasler|Sneasler, L50, M, shiny|100/100
|-weather|SunnyDay|[from] ability: Drought|[of] p1a: Torkoal
|turn|1
|
|t:|1756271521
|move|p2a: Kingambit|Sucker Punch|p1a: Torkoal
|-damage|p1a: Torkoal|63/100
|move|p1b: Jumpluff|Sleep Powder|p2b: Sneasler
|-status|p2b: Sneasler|slp|[from] move: Sleep Powder
|cant|p2b: Sneasler|slp
|move|p1a: Torkoal|Overheat|p2a: Kingambit
|-supereffective|p2a: Kingambit
|-damage|p2a: Kingambit|0 fnt
|-unboost|p1a: Torkoal|spa|2
|faint|p2a: Kingambit
|-enditem|p1a: Torkoal|Eject Pack
|
|t:|1756271542
|switch|p1a: Charizard|Charizard, L50, F|100/100
|
|-weather|SunnyDay|[upkeep]
|-damage|p1a: Charizard|88/100|[from] ability: Solar Power|[of] p1a: Charizard
|upkeep
|
|t:|1756271561
|switch|p2a: Rillaboom|Rillaboom, L50, F|100/100
|-fieldstart|move: Grassy Terrain|[from] ability: Grassy Surge|[of] p2a: Rillaboom
|turn|2
|
|t:|1756271580
|-terastallize|p1a: Charizard|Ghost
|move|p2a: Rillaboom|Fake Out|p1a: Charizard
|-immune|p1a: Charizard
|move|p1b: Jumpluff|Tailwind|p1b: Jumpluff
|-sidestart|p1: broleevee|move: Tailwind
|move|p1a: Charizard|Heat Wave|p2b: Sneasler|[spread] p2a
|-miss|p1a: Charizard|p2b: Sneasler
|-supereffective|p2a: Rillaboom
|-damage|p2a: Rillaboom|0 fnt
|faint|p2a: Rillaboom
|cant|p2b: Sneasler|slp
|
|-weather|SunnyDay|[upkeep]
|-damage|p1a: Charizard|76/100|[from] ability: Solar Power|[of] p1a: Charizard
|-heal|p1a: Charizard|82/100|[from] Grassy Terrain
|upkeep
|c|☆pupusaeater|lol
|
|t:|1756271595
|switch|p2a: Dragonite|Dragonite, L50, F, shiny|100/100
|turn|3
|
|t:|1756271614
|move|p1b: Jumpluff|Sleep Powder|p2a: Dragonite|[miss]
|-miss|p1b: Jumpluff|p2a: Dragonite
|move|p1a: Charizard|Heat Wave|p2b: Sneasler|[spread] p2a,p2b
|-resisted|p2a: Dragonite
|-damage|p2a: Dragonite|76/100
|-enditem|p2b: Sneasler|Focus Sash
|-damage|p2b: Sneasler|1/100 slp
|-curestatus|p2b: Sneasler|slp|[msg]
|move|p2b: Sneasler|Dire Claw|p1b: Jumpluff
|-supereffective|p1b: Jumpluff
|-damage|p1b: Jumpluff|8/100
|move|p2a: Dragonite|Scale Shot|p1a: Charizard|[miss]
|-miss|p2a: Dragonite|p1a: Charizard
|
|-weather|SunnyDay|[upkeep]
|-damage|p1a: Charizard|69/100|[from] ability: Solar Power|[of] p1a: Charizard
|-heal|p1a: Charizard|75/100|[from] Grassy Terrain
|-heal|p2b: Sneasler|7/100|[from] Grassy Terrain
|upkeep
|turn|4
|inactive|pupusaeater has 30 seconds left.
|
|t:|1756271645
|move|p2a: Dragonite|Extreme Speed|p1b: Jumpluff
|-damage|p1b: Jumpluff|0 fnt
|faint|p1b: Jumpluff
|move|p1a: Charizard|Heat Wave|p2a: Dragonite|[spread] p2a,p2b
|-resisted|p2a: Dragonite
|-damage|p2a: Dragonite|24/100
|-damage|p2b: Sneasler|0 fnt
|faint|p2b: Sneasler
|
|-weather|SunnyDay|[upkeep]
|-damage|p1a: Charizard|63/100|[from] ability: Solar Power|[of] p1a: Charizard
|-heal|p1a: Charizard|68/100|[from] Grassy Terrain
|upkeep
|
|t:|1756271652
|switch|p1b: Incineroar|Incineroar, L50, F|100/100
|-ability|p1b: Incineroar|Intimidate|boost
|-unboost|p2a: Dragonite|atk|1
|turn|5
|
|t:|1756271664
|move|p1b: Incineroar|Fake Out|p2a: Dragonite
|-crit|p2a: Dragonite
|-damage|p2a: Dragonite|5/100
|move|p1a: Charizard|Heat Wave|p2a: Dragonite|[miss]
|-miss|p1a: Charizard|p2a: Dragonite
|cant|p2a: Dragonite|flinch
|
|-weather|none
|-heal|p1a: Charizard|74/100|[from] Grassy Terrain
|-sideend|p1: broleevee|move: Tailwind
|upkeep
|turn|6
|c|☆pupusaeater|gg
|
|t:|1756271675
|move|p1a: Charizard|Heat Wave|p2a: Dragonite
|-resisted|p2a: Dragonite
|-damage|p2a: Dragonite|0 fnt
|faint|p2a: Dragonite
|
|win|broleevee
||pupusaeater is ready for game 3.
||broleevee is ready for game 3.
|uhtml|next|Next: Game 3 of 3
