|j|ŌśåPuniHina
|j|Ōśåmarcusquinn
|html|PuniHinamarcusquinn    
|uhtml|bestof|Game 3 of a best-of-3
|t:|1755101912
|gametype|doubles
|player|p1|PuniHina|lacey|1196
|player|p2|marcusquinn|hilbert-wonderlauncher|1169
|gen|9
|tier|[Gen 9] VGC 2025 Reg H (Bo3)
|rated|
|rule|Species Clause: Limit one of each Pok├®mon
|rule|Item Clause: Limit 1 of each item
|clearpoke
|poke|p1|Indeedee, L50, M|
|poke|p1|Sneasler, L50, F|
|poke|p1|Ursaluna, L50, M|
|poke|p1|Dragonite, L50, M|
|poke|p1|Gholdengo, L50|
|poke|p1|Incineroar, L50, M|
|poke|p2|Whimsicott, L50, F|
|poke|p2|Archaludon, L50, M|
|poke|p2|Porygon2, L50|
|poke|p2|Incineroar, L50, F|
|poke|p2|Ursaluna, L50, F|
|poke|p2|Sneasler, L50, F|
|teampreview|4
|showteam|p1|Indeedee||FocusSash|PsychicSurge|ExpandingForce,HelpingHand,Protect,TrickRoom|||M|||50|,,,,,Psychic]Sneasler||PsychicSeed|Unburden|DireClaw,CloseCombat,Protect,ThroatChop|||F|||50|,,,,,Dark]Ursaluna||FlameOrb|Guts|Facade,HeadlongRush,Protect,Earthquake|||M|||50|,,,,,Ghost]Dragonite||LoadedDice|Multiscale|ScaleShot,Tailwind,Protect,Haze|||M|||50|,,,,,Steel]Gholdengo||LifeOrb|GoodasGold|MakeItRain,ShadowBall,Protect,NastyPlot||||||50|,,,,,Water]Incineroar||SafetyGoggles|Intimidate|KnockOff,FlareBlitz,FakeOut,PartingShot|||M|||50|,,,,,Ghost
|showteam|p2|Whimsicott||CovertCloak|Prankster|Protect,Moonblast,Encore,Tailwind|||F|||50|,,,,,Water]Archaludon||PowerHerb|Sturdy|Protect,ElectroShot,DracoMeteor,FlashCannon|||M|||50|,,,,,Electric]Porygon2||Eviolite|Download|TeraBlast,IceBeam,Recover,TrickRoom||||||50|,,,,,Fighting]Incineroar||SitrusBerry|Intimidate|FlareBlitz,KnockOff,FakeOut,PartingShot|||F|||50|,,,,,Ghost]Ursaluna||FlameOrb|Guts|HeadlongRush,Facade,Earthquake,Protect|||F|||50|,,,,,Ghost]Sneasler||FocusSash|Unburden|Protect,CloseCombat,DireClaw,ThroatChop|||F|||50|,,,,,Stellar
|inactive|Battle timer is ON: inactive players will automatically lose when time's up. (requested by marcusquinn)
|j| spicy rider
|
|t:|1755101922
|teamsize|p1|4
|teamsize|p2|4
|start
|switch|p1a: Dragonite|Dragonite, L50, M, shiny|100/100
|switch|p1b: Incineroar|Incineroar, L50, M|100/100
|switch|p2a: Whimsicott|Whimsicott, L50, F|100/100
|switch|p2b: Archaludon|Archaludon, L50, M|100/100
|-ability|p1b: Incineroar|Intimidate|boost
|-unboost|p2a: Whimsicott|atk|1
|-unboost|p2b: Archaludon|atk|1
|turn|1
|l| spicy rider
|inactive|marcusquinn has 30 seconds left.
|inactive|marcusquinn has 20 seconds left.
|inactive|marcusquinn has 15 seconds left.
|inactive|marcusquinn has 10 seconds left.
|inactive|marcusquinn has 5 seconds left.
|
|t:|1755101972
|move|p1b: Incineroar|Fake Out|p2b: Archaludon
|-resisted|p2b: Archaludon
|-damage|p2b: Archaludon|96/100
|move|p2a: Whimsicott|Moonblast|p1b: Incineroar
|-damage|p1b: Incineroar|73/100
|-unboost|p1b: Incineroar|spa|1
|cant|p2b: Archaludon|flinch
|move|p1a: Dragonite|Tailwind|p1a: Dragonite
|-sidestart|p1: PuniHina|move: Tailwind
|
|upkeep
|turn|2
|inactive|marcusquinn has 30 seconds left.
|
|t:|1755101998
|move|p2a: Whimsicott|Encore|p1a: Dragonite
|-start|p1a: Dragonite|Encore
|move|p1a: Dragonite|Tailwind||[still]
|-fail|p1a: Dragonite
|move|p1b: Incineroar|Parting Shot|p2b: Archaludon
|-unboost|p2b: Archaludon|atk|1
|-unboost|p2b: Archaludon|spa|1
|
|t:|1755102004
|switch|p1b: ŌØż’ĖÄLeahŌØż’ĖÄ|Sneasler, L50, F|100/100|[from] Parting Shot
|move|p2b: Archaludon|Electro Shot||[still]
|-prepare|p2b: Archaludon|Electro Shot
|-boost|p2b: Archaludon|spa|1
|-enditem|p2b: Archaludon|Power Herb
|-anim|p2b: Archaludon|Electro Shot|p1b: ŌØż’ĖÄLeahŌØż’ĖÄ
|-damage|p1b: ŌØż’ĖÄLeahŌØż’ĖÄ|43/100
|
|upkeep
|turn|3
|inactive|marcusquinn has 30 seconds left.
|
|t:|1755102036
|switch|p1a: Indeedee|Indeedee, L50, M|100/100
|-fieldstart|move: Psychic Terrain|[from] ability: Psychic Surge|[of] p1a: Indeedee
|-enditem|p1b: ŌØż’ĖÄLeahŌØż’ĖÄ|Psychic Seed
|-boost|p1b: ŌØż’ĖÄLeahŌØż’ĖÄ|spd|1|[from] item: Psychic Seed
|move|p1b: ŌØż’ĖÄLeahŌØż’ĖÄ|Protect|p1b: ŌØż’ĖÄLeahŌØż’ĖÄ
|-singleturn|p1b: ŌØż’ĖÄLeahŌØż’ĖÄ|Protect
|move|p2a: Whimsicott|Tailwind|p2a: Whimsicott
|-sidestart|p2: marcusquinn|move: Tailwind
|move|p2b: Archaludon|Draco Meteor|p1a: Indeedee
|-damage|p1a: Indeedee|18/100
|-unboost|p2b: Archaludon|spa|2
|
|upkeep
|turn|4
|inactive|PuniHina has 30 seconds left.
|inactive|marcusquinn has 30 seconds left.
|
|t:|1755102070
|switch|p1a: Incineroar|Incineroar, L50, M|73/100
|-ability|p1a: Incineroar|Intimidate|boost
|-unboost|p2a: Whimsicott|atk|1
|-unboost|p2b: Archaludon|atk|1
|move|p2a: Whimsicott|Protect|p2a: Whimsicott
|-singleturn|p2a: Whimsicott|Protect
|move|p2b: Archaludon|Protect|p2b: Archaludon
|-singleturn|p2b: Archaludon|Protect
|move|p1b: ŌØż’ĖÄLeahŌØż’ĖÄ|Dire Claw|p2a: Whimsicott
|-activate|p2a: Whimsicott|move: Protect
|
|-sideend|p1: PuniHina|move: Tailwind
|upkeep
|turn|5
|inactive|marcusquinn has 30 seconds left.
|
|t:|1755102102
|switch|p2b: Ursaluna|Ursaluna, L50, F|100/100
|move|p1b: ŌØż’ĖÄLeahŌØż’ĖÄ|Protect|p1b: ŌØż’ĖÄLeahŌØż’ĖÄ
|-singleturn|p1b: ŌØż’ĖÄLeahŌØż’ĖÄ|Protect
|move|p2a: Whimsicott|Tailwind||[still]
|-fail|p2a: Whimsicott
|move|p1a: Incineroar|Parting Shot|p2a: Whimsicott
|-unboost|p2a: Whimsicott|atk|1
|-unboost|p2a: Whimsicott|spa|1
|
|t:|1755102111
|switch|p1a: Dragonite|Dragonite, L50, M, shiny|100/100|[from] Parting Shot
|
|-status|p2b: Ursaluna|brn|[from] item: Flame Orb
|upkeep
|turn|6
|inactive|marcusquinn has 30 seconds left.
|inactive|marcusquinn has 20 seconds left.
|inactive|marcusquinn has 15 seconds left.
|inactive|marcusquinn has 10 seconds left.
|inactive|marcusquinn has 5 seconds left.
|
|t:|1755102162
|switch|p2a: Archaludon|Archaludon, L50, M|96/100
|-terastallize|p2b: Ursaluna|Ghost
|move|p1b: ŌØż’ĖÄLeahŌØż’ĖÄ|Dire Claw|p2a: Archaludon
|-immune|p2a: Archaludon
|move|p2b: Ursaluna|Facade|p1b: ŌØż’ĖÄLeahŌØż’ĖÄ
|-damage|p1b: ŌØż’ĖÄLeahŌØż’ĖÄ|0 fnt
|faint|p1b: ŌØż’ĖÄLeahŌØż’ĖÄ
|move|p1a: Dragonite|Scale Shot|p2b: Ursaluna
|-damage|p2b: Ursaluna|90/100 brn
|-damage|p2b: Ursaluna|78/100 brn
|-damage|p2b: Ursaluna|66/100 brn
|-damage|p2b: Ursaluna|54/100 brn
|-damage|p2b: Ursaluna|42/100 brn
|-hitcount|p2b: Ursaluna|5
|-unboost|p1a: Dragonite|def|1
|-boost|p1a: Dragonite|spe|1
|
|-damage|p2b: Ursaluna|36/100 brn|[from] brn
|-sideend|p2: marcusquinn|move: Tailwind
|upkeep
|
|t:|1755102171
|switch|p1b: Indeedee|Indeedee, L50, M|18/100
|turn|7
|inactive|marcusquinn has 30 seconds left.
|inactive|marcusquinn has 20 seconds left.
|inactive|marcusquinn has 15 seconds left.
|
|t:|1755102212
|-terastallize|p1b: Indeedee|Psychic
|move|p2a: Archaludon|Protect|p2a: Archaludon
|-singleturn|p2a: Archaludon|Protect
|move|p1a: Dragonite|Scale Shot|p2a: Archaludon
|-activate|p2a: Archaludon|move: Protect
|move|p1b: Indeedee|Expanding Force|p2a: Archaludon|[spread] p2b
|-activate|p2a: Archaludon|move: Protect
|-damage|p2b: Ursaluna|0 fnt
|faint|p2b: Ursaluna
|
|-fieldend|move: Psychic Terrain
|upkeep
|
|t:|1755102224
|switch|p2b: Whimsicott|Whimsicott, L50, F|100/100
|turn|8
|
|t:|1755102248
|switch|p1b: Incineroar|Incineroar, L50, M|73/100
|-ability|p1b: Incineroar|Intimidate|boost
|-unboost|p2a: Archaludon|atk|1
|-unboost|p2b: Whimsicott|atk|1
|move|p2b: Whimsicott|Tailwind|p2b: Whimsicott
|-sidestart|p2: marcusquinn|move: Tailwind
|move|p2a: Archaludon|Flash Cannon|p1b: Incineroar
|-resisted|p1b: Incineroar
|-damage|p1b: Incineroar|54/100
|move|p1a: Dragonite|Scale Shot|p2a: Archaludon
|-damage|p2a: Archaludon|83/100
|-damage|p2a: Archaludon|70/100
|-damage|p2a: Archaludon|56/100
|-damage|p2a: Archaludon|43/100
|-hitcount|p2a: Archaludon|4
|-unboost|p1a: Dragonite|def|1
|-boost|p1a: Dragonite|spe|1
|
|upkeep
|turn|9
|inactive|PuniHina has 30 seconds left.
|inactive|marcusquinn has 30 seconds left.
|inactive|PuniHina has 20 seconds left.
|inactive|PuniHina has 15 seconds left.
|
|t:|1755102289
|move|p2a: Archaludon|Protect|p2a: Archaludon
|-singleturn|p2a: Archaludon|Protect
|move|p2b: Whimsicott|Moonblast|p1a: Dragonite
|-supereffective|p1a: Dragonite
|-damage|p1a: Dragonite|70/100
|move|p1a: Dragonite|Scale Shot|p2a: Archaludon
|-activate|p2a: Archaludon|move: Protect
|move|p1b: Incineroar|Flare Blitz|p2b: Whimsicott
|-supereffective|p2b: Whimsicott
|-damage|p2b: Whimsicott|0 fnt
|faint|p2b: Whimsicott
|-damage|p1b: Incineroar|28/100|[from] Recoil
|
|upkeep
|
|t:|1755102301
|switch|p2b: Sneasler|Sneasler, L50, F|100/100
|turn|10
|
|t:|1755102317
|move|p1a: Dragonite|Protect|p1a: Dragonite
|-singleturn|p1a: Dragonite|Protect
|move|p2b: Sneasler|Dire Claw|p1b: Incineroar
|-damage|p1b: Incineroar|0 fnt
|faint|p1b: Incineroar
|move|p2a: Archaludon|Draco Meteor|p1a: Dragonite
|-activate|p1a: Dragonite|move: Protect
|
|upkeep
|
|t:|1755102323
|switch|p1b: Indeedee|Indeedee, L50, M, tera:Psychic|18/100
|-fieldstart|move: Psychic Terrain|[from] ability: Psychic Surge|[of] p1b: Indeedee
|turn|11
|
|t:|1755102337
|move|p1a: Dragonite|Protect||[still]
|-fail|p1a: Dragonite
|move|p1b: Indeedee|Protect|p1b: Indeedee
|-singleturn|p1b: Indeedee|Protect
|move|p2b: Sneasler|Dire Claw|p1a: Dragonite
|-damage|p1a: Dragonite|0 fnt
|faint|p1a: Dragonite
|move|p2a: Archaludon|Draco Meteor|p1b: Indeedee
|-activate|p1b: Indeedee|move: Protect
|
|-sideend|p2: marcusquinn|move: Tailwind
|upkeep
|turn|12
|-message|PuniHina forfeited.
|
|win|marcusquinn
|raw|PuniHina's rating: 1196 → 1169(-27 for losing)
|raw|marcusquinn's rating: 1169 → 1196(+27 for winning)
|l|ŌśåPuniHina
|player|p1|
