|j|☆Jideo
|j|☆Olciax34
|html|JideoOlciax34    
|uhtml|bestof|Game 2 of a best-of-3
|t:|1755447501
|gametype|doubles
|player|p1|Jideo|hoopster|1235
|player|p2|Olciax34|clair|1179
|gen|9
|tier|[Gen 9] VGC 2025 Reg H (Bo3)
|rated|
|rule|Species Clause: Limit one of each Pokémon
|rule|Item Clause: Limit 1 of each item
|clearpoke
|poke|p1|Archaludon, L50, F|
|poke|p1|Pelipper, L50, M|
|poke|p1|Basculegion, L50, M|
|poke|p1|Incineroar, L50, M|
|poke|p1|Toxicroak, L50, M|
|poke|p1|Amoonguss, L50, M|
|poke|p2|Typhlosion-Hisui, L50, M|
|poke|p2|Kingambit, L50, F|
|poke|p2|Ursaluna, L50, F|
|poke|p2|Jumpluff, L50, M|
|poke|p2|Torkoal, L50, M|
|poke|p2|Dragapult, L50, M|
|teampreview|4
|showteam|p1|Archaludon||AssaultVest|Stamina|ElectroShot,Snarl,DragonPulse,BodyPress|||F|||50|,,,,,Grass]Pelipper||FocusSash|Drizzle|WeatherBall,Hurricane,Protect,Tailwind|||M|||50|,,,,,Stellar]Basculegion||MysticWater|SwiftSwim|Protect,WaveCrash,FlipTurn,LastRespects|||M|||50|,,,,,Water]Incineroar||SafetyGoggles|Intimidate|FakeOut,FlareBlitz,KnockOff,PartingShot|||M|||50|,,,,,Ghost]Toxicroak||LifeOrb|DrySkin|FakeOut,CloseCombat,PoisonJab,SuckerPunch|||M|||50|,,,,,Dark]Amoonguss||CovertCloak|Regenerator|Protect,PollenPuff,RagePowder,Spore|||M|||50|,,,,,Fairy
|showteam|p2|Typhlosion-Hisui||ChoiceSpecs|Blaze|HeatWave,Flamethrower,ShadowBall,Eruption|||M|||50|,,,,,Fire]Kingambit||AssaultVest|Defiant|Assurance,LowKick,SuckerPunch,IronHead|||F|||50|,,,,,Flying]Ursaluna||FlameOrb|Guts|Facade,HeadlongRush,Earthquake,Protect|||F|||50|,,,,,Ghost]Jumpluff||CovertCloak|Chlorophyll|SleepPowder,Encore,LeafStorm,Tailwind|||M|||50|,,,,,Poison]Torkoal||EjectPack|Drought|BurningJealousy,Overheat,Protect,ClearSmog|||M|||50|,,,,,Flying]Dragapult||ChoiceBand|ClearBody|DragonDarts,Outrage,PhantomForce,SuckerPunch|||M|||50|,,,,,Dragon
|inactive|Battle timer is ON: inactive players will automatically lose when time's up. (requested by Olciax34)
|inactive|Jideo has 60 seconds left.
|
|t:|1755447584
|teamsize|p1|4
|teamsize|p2|4
|start
|switch|p1a: Incineroar|Incineroar, L50, M|100/100
|switch|p1b: Amoonguss|Amoonguss, L50, M|100/100
|switch|p2a: Dragapult|Dragapult, L50, M|100/100
|switch|p2b: Jumpluff|Jumpluff, L50, M|100/100
|-ability|p1a: Incineroar|Intimidate|boost
|-fail|p2a: Dragapult|unboost|[from] ability: Clear Body|[of] p2a: Dragapult
|-unboost|p2b: Jumpluff|atk|1
|turn|1
|inactive|Olciax34 has 30 seconds left.
|inactive|Olciax34 has 20 seconds left.
|inactive|Olciax34 has 15 seconds left.
|inactive|Olciax34 has 10 seconds left.
|
|t:|1755447636
|switch|p2b: Typhlosion|Typhlosion-Hisui, L50, M|100/100
|-terastallize|p2a: Dragapult|Dragon
|move|p1b: Amoonguss|Protect|p1b: Amoonguss
|-singleturn|p1b: Amoonguss|Protect
|move|p2a: Dragapult|Dragon Darts|p1a: Incineroar
|-damage|p1a: Incineroar|56/100
|-anim|p2a: Dragapult|Dragon Darts|p1a: Incineroar
|-damage|p1a: Incineroar|14/100
|move|p1a: Incineroar|Flare Blitz|p2b: Typhlosion
|-resisted|p2b: Typhlosion
|-damage|p2b: Typhlosion|63/100
|-damage|p1a: Incineroar|5/100|[from] Recoil
|
|upkeep
|turn|2
|inactive|Jideo has 30 seconds left.
|inactive|Jideo has 20 seconds left.
|inactive|Jideo has 15 seconds left.
|inactive|Jideo has 10 seconds left.
|
|t:|1755447686
|switch|p2a: Jumpluff|Jumpluff, L50, M|100/100
|switch|p1a: Pelipper|Pelipper, L50, M|100/100
|-weather|RainDance|[from] ability: Drizzle|[of] p1a: Pelipper
|move|p2b: Typhlosion|Heat Wave|p1b: Amoonguss|[spread] p1a,p1b
|-resisted|p1a: Pelipper
|-supereffective|p1b: Amoonguss
|-damage|p1a: Pelipper|78/100
|-damage|p1b: Amoonguss|56/100
|move|p1b: Amoonguss|Spore|p2b: Typhlosion
|-status|p2b: Typhlosion|slp|[from] move: Spore
|
|-weather|RainDance|[upkeep]
|upkeep
|turn|3
|inactive|Olciax34 has 30 seconds left.
|
|t:|1755447716
|switch|p2b: Dragapult|Dragapult, L50, M, tera:Dragon|100/100
|switch|p1a: Incineroar|Incineroar, L50, M|5/100
|-ability|p1a: Incineroar|Intimidate|boost
|-unboost|p2a: Jumpluff|atk|1
|-fail|p2b: Dragapult|unboost|[from] ability: Clear Body|[of] p2b: Dragapult
|switch|p1b: Archaludon|Archaludon, L50, F|100/100
|move|p2a: Jumpluff|Sleep Powder|p1a: Incineroar
|-activate|p1a: Incineroar|item: Safety Goggles|Sleep Powder
|
|-weather|RainDance|[upkeep]
|upkeep
|turn|4
|
|t:|1755447739
|switch|p2a: Torkoal|Torkoal, L50, M|100/100
|-weather|SunnyDay|[from] ability: Drought|[of] p2a: Torkoal
|move|p1a: Incineroar|Fake Out|p2b: Dragapult
|-damage|p2b: Dragapult|87/100
|cant|p2b: Dragapult|flinch
|move|p1b: Archaludon|Dragon Pulse|p2b: Dragapult
|-supereffective|p2b: Dragapult
|-damage|p2b: Dragapult|0 fnt
|faint|p2b: Dragapult
|
|-weather|SunnyDay|[upkeep]
|upkeep
|
|t:|1755447754
|switch|p2b: Typhlosion|Typhlosion-Hisui, L50, M|63/100 slp
|turn|5
|
|t:|1755447765
|switch|p2b: Jumpluff|Jumpluff, L50, M|100/100
|move|p1b: Archaludon|Snarl|p2a: Torkoal|[spread] p2a,p2b
|-damage|p2a: Torkoal|83/100
|-damage|p2b: Jumpluff|86/100
|-unboost|p2a: Torkoal|spa|1
|-enditem|p2a: Torkoal|Eject Pack
|
|t:|1755447773
|switch|p2a: Typhlosion|Typhlosion-Hisui, L50, M|63/100 slp
|move|p1a: Incineroar|Knock Off|p2b: Jumpluff
|-damage|p2b: Jumpluff|44/100
|-enditem|p2b: Jumpluff|Covert Cloak|[from] move: Knock Off|[of] p1a: Incineroar
|
|-weather|SunnyDay|[upkeep]
|upkeep
|turn|6
|
|t:|1755447796
|switch|p1a: Amoonguss|Amoonguss, L50, M|89/100
|-terastallize|p1b: Archaludon|Grass
|move|p2b: Jumpluff|Leaf Storm|p1a: Amoonguss
|-resisted|p1a: Amoonguss
|-damage|p1a: Amoonguss|84/100
|-unboost|p2b: Jumpluff|spa|2
|cant|p2a: Typhlosion|slp
|move|p1b: Archaludon|Snarl|p2a: Typhlosion|[spread] p2a,p2b
|-supereffective|p2a: Typhlosion
|-damage|p2a: Typhlosion|28/100 slp
|-damage|p2b: Jumpluff|28/100
|-unboost|p2a: Typhlosion|spa|1
|-unboost|p2b: Jumpluff|spa|1
|
|-weather|SunnyDay|[upkeep]
|upkeep
|turn|7
|
|t:|1755447820
|switch|p2a: Torkoal|Torkoal, L50, M|83/100
|switch|p1a: Pelipper|Pelipper, L50, M|78/100
|-weather|RainDance|[from] ability: Drizzle|[of] p1a: Pelipper
|move|p2b: Jumpluff|Tailwind|p2b: Jumpluff
|-sidestart|p2: Olciax34|move: Tailwind
|move|p1b: Archaludon|Snarl|p2b: Jumpluff|[spread] p2a,p2b
|-damage|p2a: Torkoal|67/100
|-damage|p2b: Jumpluff|13/100
|-unboost|p2a: Torkoal|spa|1
|-unboost|p2b: Jumpluff|spa|1
|
|-weather|RainDance|[upkeep]
|upkeep
|turn|8
|inactive|Olciax34 has 30 seconds left.
|
|t:|1755447847
|switch|p1a: Amoonguss|Amoonguss, L50, M|100/100
|switch|p2a: Typhlosion|Typhlosion-Hisui, L50, M|28/100 slp
|move|p2b: Jumpluff|Sleep Powder|p1a: Amoonguss
|-immune|p1a: Amoonguss
|move|p1b: Archaludon|Snarl|p2b: Jumpluff|[spread] p2a,p2b
|-supereffective|p2a: Typhlosion
|-damage|p2a: Typhlosion|0 fnt
|-damage|p2b: Jumpluff|0 fnt
|faint|p2a: Typhlosion
|faint|p2b: Jumpluff
|
|-weather|RainDance|[upkeep]
|upkeep
|-message|Olciax34 forfeited.
|
|win|Jideo
|raw|Jideo's rating: 1235 → 1256(+21 for winning)
|raw|Olciax34's rating: 1179 → 1158(-21 for losing)
|l|☆Olciax34
|player|p2|
|l|☆Jideo
|player|p1|
|j|☆Jideo
|player|p1|Jideo|hoopster|
