|j|☆juancruz070
|j|☆bazarchienpao
|html|juancruz070bazarchienpao    
|uhtml|bestof|Game 1 of a best-of-3
|t:|1783579819
|gametype|doubles
|player|p1|juancruz070|crasherwake|
|player|p2|bazarchienpao|102|
|gen|9
|tier|[Gen 9 Champions] VGC 2026 Reg M-B (Bo3)
|rule|Species Clause: Limit one of each Pokémon
|rule|Item Clause: Limit 1 of each item
|clearpoke
|poke|p1|Garchomp, L50, F|
|poke|p1|Charizard, L50, F|
|poke|p1|Sylveon, L50, M|
|poke|p1|Aerodactyl, L50, M|
|poke|p1|Farigiraf, L50, F|
|poke|p1|Kingambit, L50, M|
|poke|p2|Incineroar, L50, M|
|poke|p2|Maushold, L50|
|poke|p2|Sinistcha, L50|
|poke|p2|Sneasler, L50, M|
|poke|p2|Blastoise, L50, M|
|poke|p2|Delphox, L50, M|
|teampreview|4
|showteam|p1|Garchomp||LifeOrb|RoughSkin|Protect,DragonClaw,Earthquake,StompingTantrum|Jolly||F|||50|]Charizard||CharizarditeY|Blaze|Protect,WeatherBall,SolarBeam,HeatWave|Modest||F|||50|]Sylveon||FairyFeather|Pixilate|QuickAttack,HyperBeam,HyperVoice,Detect|Modest||M|||50|]Aerodactyl||Aerodactylite|Unnerve|DualWingbeat,Tailwind,RockSlide,IceFang|Jolly||M|||50|]Farigiraf||SitrusBerry|ArmorTail|Thunderbolt,TrickRoom,TwinBeam,Protect|Bold||F|||50|]Kingambit||FocusSash|Defiant|SuckerPunch,LowKick,IronHead,KowtowCleave|Adamant||M|||50|
|showteam|p2|Incineroar||SitrusBerry|Intimidate|FakeOut,FlareBlitz,ThroatChop,PartingShot|Impish||M|||50|]Maushold||ChopleBerry|FriendGuard|SuperFang,Feint,FollowMe,Protect|Impish|||||50|]Sinistcha||OccaBerry|Hospitality|MatchaGotcha,LifeDew,RagePowder,Protect|Bold|||||50|]Sneasler||FocusSash|PoisonTouch|FakeOut,CloseCombat,DireClaw,QuickGuard|Jolly||M|||50|]Blastoise||Blastoisinite|RainDish|WaterSpout,DarkPulse,ShellSmash,Protect|Modest||M|||50|]Delphox||Delphoxite|Blaze|HeatWave,Psyshock,NastyPlot,Protect|Timid||M|||50|
|
|t:|1783579875
|teamsize|p1|4
|teamsize|p2|4
|start
|switch|p1a: Aerodactyl|Aerodactyl, L50, M|100/100
|switch|p1b: Charizard|Charizard, L50, F|100/100
|switch|p2a: Incineroar|Incineroar, L50, M|100/100
|switch|p2b: Delphox|Delphox, L50, M|100/100
|-ability|p1a: Aerodactyl|Unnerve
|-ability|p2a: Incineroar|Intimidate|boost
|-unboost|p1a: Aerodactyl|atk|1
|-unboost|p1b: Charizard|atk|1
|turn|1
|
|t:|1783579888
|switch|p1b: Farigiraf|Farigiraf, L50, F|100/100
|detailschange|p1a: Aerodactyl|Aerodactyl-Mega, L50, M
|-mega|p1a: Aerodactyl|Aerodactyl|Aerodactylite
|detailschange|p2b: Delphox|Delphox-Mega, L50, M
|-mega|p2b: Delphox|Delphox|Delphoxite
|move|p2a: Incineroar|Fake Out||[still]
|cant|p1b: Farigiraf|ability: Armor Tail|Fake Out|[of] p2a: Incineroar
|move|p1a: Aerodactyl|Rock Slide|p2a: Incineroar|[spread] p2a,p2b
|-supereffective|p2a: Incineroar|1
|-supereffective|p2b: Delphox|1
|-damage|p2a: Incineroar|72/100
|-damage|p2b: Delphox|56/100
|move|p2b: Delphox|Nasty Plot|p2b: Delphox
|-boost|p2b: Delphox|spa|2
|
|upkeep
|turn|2
|
|t:|1783579917
|move|p2b: Delphox|Protect|p2b: Delphox
|-singleturn|p2b: Delphox|Protect
|move|p1a: Aerodactyl|Rock Slide|p2a: Incineroar|[spread] p2a
|-activate|p2b: Delphox|move: Protect
|-supereffective|p2a: Incineroar|1
|-damage|p2a: Incineroar|47/100
|-enditem|p2a: Incineroar|Sitrus Berry|[eat]
|-heal|p2a: Incineroar|72/100|[from] item: Sitrus Berry
|move|p2a: Incineroar|Parting Shot|p1a: Aerodactyl
|-unboost|p1a: Aerodactyl|atk|1
|-unboost|p1a: Aerodactyl|spa|1
|
|t:|1783579931
|switch|p2a: Sinistcha|Sinistcha, L50|100/100|[from] Parting Shot
|-heal|p2b: Delphox|81/100|[from] ability: Hospitality|[of] p2a: Sinistcha
|move|p1b: Farigiraf|Thunderbolt|p2a: Sinistcha
|-resisted|p2a: Sinistcha|1
|-damage|p2a: Sinistcha|90/100
|
|upkeep
|turn|3
|
|t:|1783579978
|move|p1a: Aerodactyl|Rock Slide|p2a: Sinistcha|[spread] p2b
|-miss|p1a: Aerodactyl|p2a: Sinistcha
|-supereffective|p2b: Delphox|1
|-damage|p2b: Delphox|48/100
|move|p2b: Delphox|Heat Wave|p1a: Aerodactyl|[spread] p1b
|-miss|p2b: Delphox|p1a: Aerodactyl
|-damage|p1b: Farigiraf|33/100
|-enditem|p1b: Farigiraf|Sitrus Berry|[eat]
|-heal|p1b: Farigiraf|58/100|[from] item: Sitrus Berry
|move|p2a: Sinistcha|Life Dew|p2a: Sinistcha|[spread] p2a,p2b
|-heal|p2a: Sinistcha|100/100
|-heal|p2b: Delphox|73/100
|move|p1b: Farigiraf|Thunderbolt|p2b: Delphox
|-damage|p2b: Delphox|53/100
|
|upkeep
|turn|4
|
|t:|1783580011
|move|p2b: Delphox|Protect|p2b: Delphox
|-singleturn|p2b: Delphox|Protect
|move|p1a: Aerodactyl|Dual Wingbeat|p2a: Sinistcha
|-supereffective|p2a: Sinistcha|1
|-damage|p2a: Sinistcha|78/100
|-supereffective|p2a: Sinistcha|1
|-damage|p2a: Sinistcha|57/100
|-hitcount|p2a: Sinistcha|2
|move|p2a: Sinistcha|Life Dew|p2a: Sinistcha|[spread] p2a,p2b
|-heal|p2a: Sinistcha|82/100
|-heal|p2b: Delphox|78/100
|move|p1b: Farigiraf|Thunderbolt|p2a: Sinistcha
|-resisted|p2a: Sinistcha|1
|-damage|p2a: Sinistcha|72/100
|
|upkeep
|turn|5
|
|t:|1783580046
|move|p1a: Aerodactyl|Rock Slide|p2b: Delphox|[spread] p2a,p2b
|-supereffective|p2b: Delphox|1
|-damage|p2a: Sinistcha|61/100
|-damage|p2b: Delphox|46/100
|move|p2b: Delphox|Heat Wave|p1a: Aerodactyl|[spread] p1b
|-miss|p2b: Delphox|p1a: Aerodactyl
|-damage|p1b: Farigiraf|0 fnt
|faint|p1b: Farigiraf
|cant|p2a: Sinistcha|flinch
|
|upkeep
|
|t:|1783580065
|switch|p1b: Charizard|Charizard, L50, F|100/100
|turn|6
|
|t:|1783580113
|move|p1a: Aerodactyl|Tailwind|p1a: Aerodactyl
|-sidestart|p1: juancruz070|move: Tailwind
|move|p1b: Charizard|Heat Wave|p2a: Sinistcha|[spread] p2a,p2b
|-supereffective|p2a: Sinistcha|1
|-enditem|p2a: Sinistcha|Occa Berry|[eat]
|-enditem|p2a: Sinistcha|Occa Berry|[weaken]
|-resisted|p2b: Delphox|1
|-damage|p2a: Sinistcha|33/100
|-damage|p2b: Delphox|33/100
|move|p2b: Delphox|Psyshock|p1b: Charizard
|-damage|p1b: Charizard|19/100
|move|p2a: Sinistcha|Life Dew|p2a: Sinistcha|[spread] p2a,p2b
|-heal|p2a: Sinistcha|58/100
|-heal|p2b: Delphox|58/100
|
|upkeep
|turn|7
|
|t:|1783580142
|switch|p2a: Incineroar|Incineroar, L50, M|72/100
|-ability|p2a: Incineroar|Intimidate|boost
|-unboost|p1a: Aerodactyl|atk|1
|-unboost|p1b: Charizard|atk|1
|move|p2b: Delphox|Protect|p2b: Delphox
|-singleturn|p2b: Delphox|Protect
|move|p1a: Aerodactyl|Rock Slide|p2a: Incineroar|[spread] p2a
|-activate|p2b: Delphox|move: Protect
|-supereffective|p2a: Incineroar|1
|-damage|p2a: Incineroar|56/100
|move|p1b: Charizard|Heat Wave|p2b: Delphox|[spread] p2a
|-activate|p2b: Delphox|move: Protect
|-resisted|p2a: Incineroar|1
|-damage|p2a: Incineroar|36/100
|
|upkeep
|turn|8
|-message|juancruz070 forfeited.
|
|win|bazarchienpao
