|j|☆Zipperlyx
|j|☆zhipiyy
|html|Zipperlyxzhipiyy    
|uhtml|bestof|Game 2 of a best-of-3
|t:|1782495154
|gametype|doubles
|player|p1|Zipperlyx|acerola|1118
|player|p2|zhipiyy|n|1166
|gen|9
|tier|[Gen 9 Champions] VGC 2026 Reg M-B (Bo3)
|rated|
|rule|Species Clause: Limit one of each Pokémon
|rule|Item Clause: Limit 1 of each item
|clearpoke
|poke|p1|Charizard, L50, M|
|poke|p1|Garchomp, L50, F|
|poke|p1|Incineroar, L50, M|
|poke|p1|Whimsicott, L50, F|
|poke|p1|Basculegion, L50, M|
|poke|p1|Floette-Eternal, L50, F|
|poke|p2|Whimsicott, L50, F|
|poke|p2|Froslass, L50, F|
|poke|p2|Sneasler, L50, F|
|poke|p2|Lycanroc-Dusk, L50, F|
|poke|p2|Kingambit, L50, F|
|poke|p2|Rotom-Wash, L50|
|teampreview|4
|showteam|p1|Charizard||CharizarditeY|Blaze|HeatWave,SolarBeam,WeatherBall,Protect|Modest||M|||50|]Garchomp||LifeOrb|RoughSkin|Earthquake,RockSlide,Protect,DragonClaw|Jolly||F|||50|]Incineroar||SitrusBerry|Intimidate|FakeOut,FlareBlitz,PartingShot,ThroatChop|Adamant||M|||50|]Whimsicott||FocusSash|Prankster|Tailwind,Encore,Protect,Moonblast|Timid||F|||50|]Basculegion||ChoiceScarf|Adaptability|WaveCrash,FlipTurn,LastRespects,AquaJet|Jolly||M|||50|]Floette-Eternal||Floettite|FlowerVeil|LightofRuin,Moonblast,DazzlingGleam,Protect|Timid||F|||50|
|showteam|p2|Whimsicott||OccaBerry|Prankster|Tailwind,Protect,Moonblast,Encore|Timid||F|||50|]Froslass||Froslassite|CursedBody|AuroraVeil,Blizzard,ShadowBall,Protect|Timid||F|||50|]Sneasler||WhiteHerb|Unburden|CloseCombat,DireClaw,Protect,FakeOut|Adamant||F|||50|]Lycanroc-Dusk||FocusSash|ToughClaws|Protect,Accelerock,RockSlide,CloseCombat|Jolly||F|||50|]Kingambit||LifeOrb|Defiant|Protect,KowtowCleave,SuckerPunch,IronHead|Adamant||F|||50|]Rotom-Wash||SitrusBerry|Levitate|HydroPump,Thunderbolt,WillOWisp,Protect|Calm|||||50|
|inactive|Battle timer is ON: inactive players will automatically lose when time's up. (requested by Zipperlyx)
|inactive|zhipiyy has 60 seconds left.
|inactive|zhipiyy has 30 seconds left.
|inactive|zhipiyy has 20 seconds left.
|inactive|zhipiyy has 15 seconds left.
|inactive|zhipiyy has 10 seconds left.
|inactive|zhipiyy has 5 seconds left.
|
|t:|1782495239
|teamsize|p1|4
|teamsize|p2|4
|start
|switch|p1a: Charizard|Charizard, L50, M|100/100
|switch|p1b: Incineroar|Incineroar, L50, M|100/100
|switch|p2a: Whimsicott|Whimsicott, L50, F|100/100
|switch|p2b: Sneasler|Sneasler, L50, F|100/100
|-ability|p1b: Incineroar|Intimidate|boost
|-unboost|p2a: Whimsicott|atk|1
|-unboost|p2b: Sneasler|atk|1
|-enditem|p2b: Sneasler|White Herb
|-clearnegativeboost|p2b: Sneasler|[silent]
|turn|1
|inactive|zhipiyy has 30 seconds left.
|inactive|Zipperlyx has 30 seconds left.
|inactive|Zipperlyx has 20 seconds left.
|inactive|Zipperlyx has 15 seconds left.
|
|t:|1782495285
|detailschange|p1a: Charizard|Charizard-Mega-Y, L50, M
|-mega|p1a: Charizard|Charizard|Charizardite Y
|-weather|SunnyDay|[from] ability: Drought|[of] p1a: Charizard
|move|p2b: Sneasler|Fake Out|p1a: Charizard
|-damage|p1a: Charizard|80/100
|move|p1b: Incineroar|Fake Out|p2a: Whimsicott
|-damage|p2a: Whimsicott|84/100
|cant|p2a: Whimsicott|flinch
|cant|p1a: Charizard|flinch
|
|-weather|SunnyDay|[upkeep]
|upkeep
|turn|2
|inactive|zhipiyy has 30 seconds left.
|inactive|zhipiyy has 20 seconds left.
|inactive|zhipiyy has 15 seconds left.
|
|t:|1782495328
|switch|p1b: Whimsicott|Whimsicott, L50, F|100/100
|move|p2b: Sneasler|Dire Claw|p1a: Charizard
|-damage|p1a: Charizard|13/100
|-status|p1a: Charizard|psn
|move|p2a: Whimsicott|Moonblast|p1a: Charizard
|-resisted|p1a: Charizard|1
|-damage|p1a: Charizard|0 fnt
|faint|p1a: Charizard
|
|-weather|SunnyDay|[upkeep]
|upkeep
|
|t:|1782495344
|switch|p1a: Garchomp|Garchomp, L50, F|100/100
|turn|3
|inactive|zhipiyy has 30 seconds left.
|
|t:|1782495376
|move|p2b: Sneasler|Protect|p2b: Sneasler
|-singleturn|p2b: Sneasler|Protect
|move|p1a: Garchomp|Protect|p1a: Garchomp
|-singleturn|p1a: Garchomp|Protect
|move|p2a: Whimsicott|Tailwind|p2a: Whimsicott
|-sidestart|p2: zhipiyy|move: Tailwind
|move|p1b: Whimsicott|Tailwind|p1b: Whimsicott
|-sidestart|p1: Zipperlyx|move: Tailwind
|
|-weather|SunnyDay|[upkeep]
|upkeep
|turn|4
|inactive|zhipiyy has 30 seconds left.
|
|t:|1782495408
|switch|p2b: Froslass|Froslass, L50, F|100/100
|move|p2a: Whimsicott|Encore|p1a: Garchomp
|-start|p1a: Garchomp|Encore
|move|p1a: Garchomp|Protect||[still]
|-fail|p1a: Garchomp
|move|p1b: Whimsicott|Encore||[still]
|-fail|p1b: Whimsicott
|
|-weather|SunnyDay|[upkeep]
|upkeep
|turn|5
|c|☆Zipperlyx|i lose every possible speed tie
|c|☆Zipperlyx|wtf is this bs game
|inactive|zhipiyy has 30 seconds left.
|inactive|zhipiyy has 20 seconds left.
|inactive|zhipiyy has 15 seconds left.
|inactive|zhipiyy has 10 seconds left.
|
|t:|1782495459
|switch|p1a: Incineroar|Incineroar, L50, M|100/100
|-ability|p1a: Incineroar|Intimidate|boost
|-unboost|p2a: Whimsicott|atk|1
|-unboost|p2b: Froslass|atk|1
|detailschange|p2b: Froslass|Froslass-Mega, L50, F
|-mega|p2b: Froslass|Froslass|Froslassite
|-weather|Snowscape|[from] ability: Snow Warning|[of] p2b: Froslass
|move|p1b: Whimsicott|Protect|p1b: Whimsicott
|-singleturn|p1b: Whimsicott|Protect
|move|p2a: Whimsicott|Moonblast|p1b: Whimsicott
|-activate|p1b: Whimsicott|move: Protect
|move|p2b: Froslass|Blizzard|p1b: Whimsicott|[spread] p1a
|-activate|p1b: Whimsicott|move: Protect
|-resisted|p1a: Incineroar|1
|-damage|p1a: Incineroar|80/100
|
|-weather|Snowscape|[upkeep]
|upkeep
|turn|6
|inactive|zhipiyy has 30 seconds left.
|inactive|zhipiyy has 20 seconds left.
|inactive|zhipiyy has 15 seconds left.
|
|t:|1782495500
|move|p1b: Whimsicott|Moonblast|p2b: Froslass
|-damage|p2b: Froslass|59/100
|move|p2a: Whimsicott|Moonblast|p1b: Whimsicott
|-damage|p1b: Whimsicott|53/100
|move|p2b: Froslass|Blizzard|p1b: Whimsicott|[spread] p1a,p1b
|-resisted|p1a: Incineroar|1
|-supereffective|p1b: Whimsicott|1
|-damage|p1a: Incineroar|61/100
|-damage|p1b: Whimsicott|0 fnt
|faint|p1b: Whimsicott
|move|p1a: Incineroar|Flare Blitz|p2b: Froslass
|-supereffective|p2b: Froslass|1
|-damage|p2b: Froslass|0 fnt
|faint|p2b: Froslass
|-damage|p1a: Incineroar|45/100|[from] Recoil
|-enditem|p1a: Incineroar|Sitrus Berry|[eat]
|-heal|p1a: Incineroar|70/100|[from] item: Sitrus Berry
|
|-weather|Snowscape|[upkeep]
|-sideend|p2: zhipiyy|move: Tailwind
|-sideend|p1: Zipperlyx|move: Tailwind
|upkeep
|
|t:|1782495513
|switch|p1b: Garchomp|Garchomp, L50, F|100/100
|switch|p2b: Sneasler|Sneasler, L50, F|100/100
|turn|7
|
|t:|1782495527
|move|p2a: Whimsicott|Moonblast|p1b: Garchomp
|-supereffective|p1b: Garchomp|1
|-damage|p1b: Garchomp|38/100
|move|p2b: Sneasler|Close Combat|p1a: Incineroar
|-supereffective|p1a: Incineroar|1
|-damage|p1a: Incineroar|0 fnt
|-unboost|p2b: Sneasler|def|1
|-unboost|p2b: Sneasler|spd|1
|faint|p1a: Incineroar
|move|p1b: Garchomp|Dragon Claw|p2b: Sneasler
|-damage|p2b: Sneasler|0 fnt
|faint|p2b: Sneasler
|-damage|p1b: Garchomp|28/100|[from] item: Life Orb
|
|-weather|Snowscape|[upkeep]
|upkeep
|
|t:|1782495538
|switch|p2b: Kingambit|Kingambit, L50, F|100/100
|turn|8
|-message|Zipperlyx forfeited.
|
|win|zhipiyy
|raw|Zipperlyx's rating: 1118 → 1096(-22 for losing)
|raw|zhipiyy's rating: 1166 → 1188(+22 for winning)
