|j|☆p1ch1pichi
|j|☆XXX_AMONGUS_XXX69
|html|p1ch1pichiXXX_AMONGUS_XXX69    
|uhtml|bestof|Game 1 of a best-of-3
|t:|1784647042
|gametype|doubles
|player|p1|p1ch1pichi|n|1177
|player|p2|XXX_AMONGUS_XXX69|roxie|1145
|gen|9
|tier|[Gen 9 Champions] VGC 2026 Reg M-B (Bo3)
|rated|
|rule|Species Clause: Limit one of each Pokémon
|rule|Item Clause: Limit 1 of each item
|clearpoke
|poke|p1|Raichu, L50, M, shiny|
|poke|p1|Meowscarada, L50, F|
|poke|p1|Incineroar, L50, M|
|poke|p1|Milotic, L50, M|
|poke|p1|Sylveon, L50, M, shiny|
|poke|p1|Ceruledge, L50, M|
|poke|p2|Froslass, L50, F|
|poke|p2|Dragonite, L50, F|
|poke|p2|Toxapex, L50, F|
|poke|p2|Sneasler, L50, M|
|poke|p2|Kingambit, L50, F|
|poke|p2|Blaziken, L50, F|
|teampreview|4
|showteam|p1|Raichu||RaichuniteY|LightningRod|ZapCannon,FocusBlast,FakeOut,Protect|Timid||M|||50|]Meowscarada||ChoiceScarf|Protean|FlowerTrick,KnockOff,TripleAxel,Uturn|Adamant||F|||50|]Incineroar||PasshoBerry|Intimidate|PartingShot,FakeOut,FlareBlitz,ThroatChop|Adamant||M|||50|]Milotic||Leftovers|Competitive|Protect,Coil,Hypnosis,MuddyWater|Bold||M|||50|]Sylveon||FairyFeather|Pixilate|HyperVoice,HyperBeam,QuickAttack,Detect|Modest||M|||50|]Ceruledge||ColburBerry|FlashFire|Protect,BulkUp,BitterBlade,ShadowSneak|Jolly||M|||50|
|showteam|p2|Froslass||Froslassite|CursedBody|Blizzard,ShadowBall,AuroraVeil,Protect|Timid||F|||50|]Dragonite||LifeOrb|InnerFocus|DragonClaw,ExtremeSpeed,LowKick,Protect|Adamant||F|||50|]Toxapex||Leftovers|Regenerator|Infestation,Toxic,WideGuard,BanefulBunker|Bold||F|||50|]Sneasler||FocusSash|PoisonTouch|CloseCombat,PoisonJab,FakeOut,Protect|Jolly||M|||50|]Kingambit||BlackGlasses|Defiant|KowtowCleave,IronHead,SuckerPunch,Protect|Adamant||F|||50|]Blaziken||Blazikenite|SpeedBoost|CloseCombat,FlareBlitz,RockSlide,Protect|Adamant||F|||50|
|inactive|Battle timer is ON: inactive players will automatically lose when time's up. (requested by p1ch1pichi)
|inactive|XXX_AMONGUS_XXX69 has 60 seconds left.
|inactive|XXX_AMONGUS_XXX69 has 30 seconds left.
|inactive|XXX_AMONGUS_XXX69 has 20 seconds left.
|inactive|XXX_AMONGUS_XXX69 has 15 seconds left.
|
|t:|1784647122
|teamsize|p1|4
|teamsize|p2|4
|start
|switch|p1a: Kaoru|Raichu, L50, M, shiny|100/100
|switch|p1b: Ceruledge|Ceruledge, L50, M|100/100
|switch|p2a: Kingambit|Kingambit, L50, F|100/100
|switch|p2b: Froslass|Froslass, L50, F|100/100
|turn|1
|inactive|XXX_AMONGUS_XXX69 has 30 seconds left.
|inactive|XXX_AMONGUS_XXX69 has 20 seconds left.
|inactive|XXX_AMONGUS_XXX69 has 15 seconds left.
|inactive|XXX_AMONGUS_XXX69 has 10 seconds left.
|
|t:|1784647170
|detailschange|p1a: Kaoru|Raichu-Mega-Y, L50, M, shiny
|-mega|p1a: Kaoru|Raichu|Raichunite Y
|move|p2b: Froslass|Protect|p2b: Froslass
|-singleturn|p2b: Froslass|Protect
|move|p2a: Kingambit|Protect|p2a: Kingambit
|-singleturn|p2a: Kingambit|Protect
|move|p1a: Kaoru|Focus Blast|p2a: Kingambit
|-activate|p2a: Kingambit|move: Protect
|move|p1b: Ceruledge|Bulk Up|p1b: Ceruledge
|-boost|p1b: Ceruledge|atk|1
|-boost|p1b: Ceruledge|def|1
|
|upkeep
|turn|2
|inactive|XXX_AMONGUS_XXX69 has 30 seconds left.
|
|t:|1784647198
|detailschange|p2b: Froslass|Froslass-Mega, L50, F
|-mega|p2b: Froslass|Froslass|Froslassite
|-weather|Snowscape|[from] ability: Snow Warning|[of] p2b: Froslass
|move|p1b: Ceruledge|Shadow Sneak|p2b: Froslass
|-supereffective|p2b: Froslass|1
|-damage|p2b: Froslass|43/100
|move|p1a: Kaoru|Zap Cannon|p2b: Froslass
|-damage|p2b: Froslass|0 fnt
|faint|p2b: Froslass
|move|p2a: Kingambit|Kowtow Cleave|p1b: Ceruledge
|-supereffective|p1b: Ceruledge|1
|-enditem|p1b: Ceruledge|Colbur Berry|[eat]
|-enditem|p1b: Ceruledge|Colbur Berry|[weaken]
|-damage|p1b: Ceruledge|46/100
|
|-weather|Snowscape|[upkeep]
|upkeep
|
|t:|1784647215
|switch|p2b: Sneasler|Sneasler, L50, M|100/100
|turn|3
|
|t:|1784647230
|move|p1a: Kaoru|Protect|p1a: Kaoru
|-singleturn|p1a: Kaoru|Protect
|move|p2b: Sneasler|Fake Out|p1a: Kaoru
|-activate|p1a: Kaoru|move: Protect
|move|p1b: Ceruledge|Bulk Up|p1b: Ceruledge
|-boost|p1b: Ceruledge|atk|1
|-boost|p1b: Ceruledge|def|1
|move|p2a: Kingambit|Kowtow Cleave|p1b: Ceruledge
|-supereffective|p1b: Ceruledge|1
|-damage|p1b: Ceruledge|0 fnt
|faint|p1b: Ceruledge
|
|-weather|Snowscape|[upkeep]
|upkeep
|
|t:|1784647250
|switch|p1b: Rosemary|Meowscarada, L50, F|100/100
|turn|4
|
|t:|1784647273
|move|p2a: Kingambit|Sucker Punch|p1a: Kaoru
|-damage|p1a: Kaoru|32/100
|move|p1b: Rosemary|U-turn|p2b: Sneasler
|-start|p1b: Rosemary|typechange|Bug|[from] ability: Protean
|-resisted|p2b: Sneasler|2
|-damage|p2b: Sneasler|85/100
|
|t:|1784647285
|switch|p1b: QueenOfDrag!|Milotic, L50, M|100/100|[from] U-turn
|move|p1a: Kaoru|Focus Blast|p2a: Kingambit
|-supereffective|p2a: Kingambit|2
|-damage|p2a: Kingambit|0 fnt
|faint|p2a: Kingambit
|move|p2b: Sneasler|Poison Jab|p1a: Kaoru
|-damage|p1a: Kaoru|0 fnt
|faint|p1a: Kaoru
|
|-weather|Snowscape|[upkeep]
|upkeep
|
|t:|1784647295
|switch|p1a: Rosemary|Meowscarada, L50, F|100/100
|switch|p2a: Toxapex|Toxapex, L50, F|100/100
|turn|5
|inactive|p1ch1pichi has 30 seconds left.
|
|t:|1784647327
|move|p1a: Rosemary|Flower Trick|p2a: Toxapex
|-start|p1a: Rosemary|typechange|Grass|[from] ability: Protean
|-crit|p2a: Toxapex
|-damage|p2a: Toxapex|63/100
|move|p2b: Sneasler|Poison Jab|p1a: Rosemary
|-supereffective|p1a: Rosemary|1
|-damage|p1a: Rosemary|0 fnt
|faint|p1a: Rosemary
|move|p1b: QueenOfDrag!|Coil|p1b: QueenOfDrag!
|-boost|p1b: QueenOfDrag!|atk|1
|-boost|p1b: QueenOfDrag!|def|1
|-boost|p1b: QueenOfDrag!|accuracy|1
|move|p2a: Toxapex|Toxic|p1b: QueenOfDrag!
|-status|p1b: QueenOfDrag!|tox
|
|-weather|Snowscape|[upkeep]
|-heal|p2a: Toxapex|68/100|[from] item: Leftovers
|-damage|p1b: QueenOfDrag!|94/100 tox|[from] psn
|upkeep
|turn|6
|
|t:|1784647345
|move|p2b: Sneasler|Poison Jab|p1b: QueenOfDrag!
|-damage|p1b: QueenOfDrag!|74/100 tox
|move|p1b: QueenOfDrag!|Muddy Water|p2b: Sneasler|[spread] p2a,p2b
|-resisted|p2a: Toxapex|1
|-damage|p2a: Toxapex|59/100
|-damage|p2b: Sneasler|55/100
|-unboost|p2b: Sneasler|accuracy|1
|move|p2a: Toxapex|Infestation|p1b: QueenOfDrag!
|-damage|p1b: QueenOfDrag!|72/100 tox
|-activate|p1b: QueenOfDrag!|move: Infestation|[of] p2a: Toxapex
|
|-weather|none
|-heal|p1b: QueenOfDrag!|78/100 tox|[from] item: Leftovers
|-heal|p2a: Toxapex|65/100|[from] item: Leftovers
|-damage|p1b: QueenOfDrag!|66/100 tox|[from] psn
|-damage|p1b: QueenOfDrag!|53/100 tox|[from] move: Infestation|[partiallytrapped]
|upkeep
|turn|7
|
|t:|1784647360
|move|p2a: Toxapex|Wide Guard|p2a: Toxapex
|-singleturn|p2a: Toxapex|Wide Guard
|move|p2b: Sneasler|Close Combat|p1b: QueenOfDrag!
|-damage|p1b: QueenOfDrag!|24/100 tox
|-unboost|p2b: Sneasler|def|1
|-unboost|p2b: Sneasler|spd|1
|move|p1b: QueenOfDrag!|Muddy Water|p2b: Sneasler|[spread] 
|-activate|p2a: Toxapex|move: Wide Guard
|-activate|p2b: Sneasler|move: Wide Guard
|
|-heal|p1b: QueenOfDrag!|30/100 tox|[from] item: Leftovers
|-heal|p2a: Toxapex|71/100|[from] item: Leftovers
|-damage|p1b: QueenOfDrag!|12/100 tox|[from] psn
|-damage|p1b: QueenOfDrag!|0 fnt|[from] move: Infestation|[partiallytrapped]
|faint|p1b: QueenOfDrag!
|
|win|XXX_AMONGUS_XXX69
||XXX_AMONGUS_XXX69 is ready for game 2.
||p1ch1pichi is ready for game 2.
|uhtml|next|Next: Game 2 of 3
|l|☆XXX_AMONGUS_XXX69
|player|p2|
