|j|☆SHyperdestroyerVGC
|j|☆Al caruso
|html|SHyperdestroyerVGCAl caruso    
|uhtml|bestof|Game 2 of a best-of-3
|t:|1785054370
|gametype|doubles
|player|p1|SHyperdestroyerVGC|lady|1175
|player|p2|Al caruso|266|1131
|gen|9
|tier|[Gen 9 Champions] VGC 2026 Reg M-B (Bo3)
|rated|
|rule|Species Clause: Limit one of each Pokémon
|rule|Item Clause: Limit 1 of each item
|clearpoke
|poke|p1|Froslass, L50, F|
|poke|p1|Kingambit, L50, F|
|poke|p1|Sneasler, L50, M|
|poke|p1|Talonflame, L50, F|
|poke|p1|Garchomp, L50, M|
|poke|p1|Sinistcha, L50|
|poke|p2|Charizard, L50, M|
|poke|p2|Garchomp, L50, M|
|poke|p2|Incineroar, L50, F|
|poke|p2|Whimsicott, L50, M|
|poke|p2|Metagross, L50|
|poke|p2|Basculegion, L50, M|
|teampreview|4
|showteam|p1|Froslass||Froslassite|SnowCloak|Blizzard,AuroraVeil,ShadowBall,Protect|Timid||F|||50|]Kingambit||BlackGlasses|Defiant|KowtowCleave,SuckerPunch,LowKick,Protect|Adamant||F|||50|]Sneasler||WhiteHerb|Unburden|FakeOut,CloseCombat,DireClaw,Protect|Adamant||M|||50|]Talonflame||FocusSash|GaleWings|DualWingbeat,FlareBlitz,Tailwind,Protect|Jolly||F|||50|]Garchomp||LifeOrb|RoughSkin|DragonClaw,Earthquake,RockSlide,Protect|Jolly||M|||50|]Sinistcha||CobaBerry|Hospitality|MatchaGotcha,TrickRoom,RagePowder,Protect|Calm|||||50|
|showteam|p2|Charizard||CharizarditeY|Blaze|HeatWave,Protect,SolarBeam,WeatherBall|Modest||M|||50|]Garchomp||LifeOrb|RoughSkin|StompingTantrum,DragonClaw,Protect,RockSlide|Jolly||M|||50|]Incineroar||SitrusBerry|Intimidate|FlareBlitz,DarkestLariat,PartingShot,FakeOut|Impish||F|||50|]Whimsicott||FocusSash|Prankster|Tailwind,Moonblast,Protect,SunnyDay|Timid||M|||50|]Metagross||Metagrossite|ClearBody|IronHead,Protect,PsychicFangs,IcePunch|Jolly|||||50|]Basculegion||MysticWater|Adaptability|LastRespects,WaveCrash,Protect,AquaJet|Adamant||M|||50|
|
|t:|1785054392
|teamsize|p1|4
|teamsize|p2|4
|start
|switch|p1a: Talonflame|Talonflame, L50, F|100/100
|switch|p1b: Garchomp|Garchomp, L50, M|100/100
|switch|p2a: Garchomp|Garchomp, L50, M|100/100
|switch|p2b: Whimsicott|Whimsicott, L50, M|100/100
|turn|1
|
|t:|1785054414
|switch|p1b: Kingambit|Kingambit, L50, F|100/100
|move|p2b: Whimsicott|Protect|p2b: Whimsicott
|-singleturn|p2b: Whimsicott|Protect
|move|p1a: Talonflame|Tailwind|p1a: Talonflame
|-sidestart|p1: SHyperdestroyerVGC|move: Tailwind
|move|p2a: Garchomp|Dragon Claw|p1b: Kingambit
|-resisted|p1b: Kingambit|1
|-crit|p1b: Kingambit
|-damage|p1b: Kingambit|71/100
|-damage|p2a: Garchomp|90/100|[from] item: Life Orb
|
|upkeep
|turn|2
|
|t:|1785054434
|move|p1a: Talonflame|Dual Wingbeat|p2b: Whimsicott
|-supereffective|p2b: Whimsicott|1
|-damage|p2b: Whimsicott|59/100
|-supereffective|p2b: Whimsicott|1
|-damage|p2b: Whimsicott|15/100
|-hitcount|p2b: Whimsicott|2
|move|p2b: Whimsicott|Tailwind|p2b: Whimsicott
|-sidestart|p2: Al caruso|move: Tailwind
|move|p2a: Garchomp|Rock Slide|p1b: Kingambit|[spread] p1a,p1b
|-supereffective|p1a: Talonflame|2
|-resisted|p1b: Kingambit|1
|-enditem|p1a: Talonflame|Focus Sash
|-damage|p1a: Talonflame|1/100
|-damage|p1b: Kingambit|62/100
|-damage|p2a: Garchomp|80/100|[from] item: Life Orb
|cant|p1b: Kingambit|flinch
|
|upkeep
|turn|3
|l|☆Al caruso
|player|p2|
|j|☆Al caruso
|player|p2|Al caruso|266|
|
|t:|1785054464
|switch|p1a: Garchomp|Garchomp, L50, M|100/100
|move|p1b: Kingambit|Protect|p1b: Kingambit
|-singleturn|p1b: Kingambit|Protect
|move|p2b: Whimsicott|Moonblast|p1a: Garchomp
|-supereffective|p1a: Garchomp|1
|-damage|p1a: Garchomp|30/100
|move|p2a: Garchomp|Stomping Tantrum|p1b: Kingambit
|-activate|p1b: Kingambit|move: Protect
|
|upkeep
|turn|4
|
|t:|1785054488
|switch|p1a: Talonflame|Talonflame, L50, F|1/100
|move|p2b: Whimsicott|Protect|p2b: Whimsicott
|-singleturn|p2b: Whimsicott|Protect
|move|p1b: Kingambit|Sucker Punch||[still]
|-fail|p1b: Kingambit
|move|p2a: Garchomp|Stomping Tantrum|p1b: Kingambit
|-supereffective|p1b: Kingambit|1
|-damage|p1b: Kingambit|0 fnt
|faint|p1b: Kingambit
|-damage|p2a: Garchomp|71/100|[from] item: Life Orb
|
|-sideend|p1: SHyperdestroyerVGC|move: Tailwind
|upkeep
|
|t:|1785054494
|switch|p1b: Froslass|Froslass, L50, F|100/100
|turn|5
|l|☆Al caruso
|player|p2|
|j|☆Al caruso
|player|p2|Al caruso|266|
|
|t:|1785054530
|detailschange|p1b: Froslass|Froslass-Mega, L50, F
|-mega|p1b: Froslass|Froslass|Froslassite
|-weather|Snowscape|[from] ability: Snow Warning|[of] p1b: Froslass
|move|p1a: Talonflame|Protect|p1a: Talonflame
|-singleturn|p1a: Talonflame|Protect
|move|p2b: Whimsicott|Moonblast|p1a: Talonflame
|-activate|p1a: Talonflame|move: Protect
|move|p2a: Garchomp|Rock Slide|p1b: Froslass|[spread] p1b
|-activate|p1a: Talonflame|move: Protect
|-supereffective|p1b: Froslass|1
|-damage|p1b: Froslass|49/100
|-damage|p2a: Garchomp|61/100|[from] item: Life Orb
|move|p1b: Froslass|Blizzard|p2a: Garchomp|[spread] p2a,p2b
|-supereffective|p2a: Garchomp|2
|-supereffective|p2b: Whimsicott|1
|-damage|p2a: Garchomp|0 fnt
|-damage|p2b: Whimsicott|0 fnt
|faint|p2a: Garchomp
|faint|p2b: Whimsicott
|
|-weather|Snowscape|[upkeep]
|-sideend|p2: Al caruso|move: Tailwind
|upkeep
|l|☆Al caruso
|player|p2|
|j|☆Al caruso
|player|p2|Al caruso|266|
|
|t:|1785054558
|switch|p2b: Charizard|Charizard, L50, M|100/100
|switch|p2a: Incineroar|Incineroar, L50, F|100/100
|-ability|p2a: Incineroar|Intimidate|boost
|-unboost|p1a: Talonflame|atk|1
|-unboost|p1b: Froslass|atk|1
|turn|6
|
|t:|1785054570
|detailschange|p2b: Charizard|Charizard-Mega-Y, L50, M
|-mega|p2b: Charizard|Charizard|Charizardite Y
|-weather|SunnyDay|[from] ability: Drought|[of] p2b: Charizard
|move|p1b: Froslass|Protect|p1b: Froslass
|-singleturn|p1b: Froslass|Protect
|move|p2a: Incineroar|Fake Out|p1a: Talonflame
|-damage|p1a: Talonflame|0 fnt
|faint|p1a: Talonflame
|move|p2b: Charizard|Weather Ball|p1b: Froslass
|-activate|p1b: Froslass|move: Protect
|
|-weather|SunnyDay|[upkeep]
|upkeep
|
|t:|1785054572
|switch|p1a: Garchomp|Garchomp, L50, M|30/100
|turn|7
|l|☆Al caruso
|player|p2|
|j|☆Al caruso
|player|p2|Al caruso|266|
|
|t:|1785054604
|move|p1a: Garchomp|Protect|p1a: Garchomp
|-singleturn|p1a: Garchomp|Protect
|move|p2b: Charizard|Protect|p2b: Charizard
|-singleturn|p2b: Charizard|Protect
|move|p1b: Froslass|Blizzard|p2a: Incineroar|[spread] 
|-activate|p2b: Charizard|move: Protect
|-miss|p1b: Froslass|p2a: Incineroar
|move|p2a: Incineroar|Flare Blitz|p1b: Froslass
|-supereffective|p1b: Froslass|1
|-damage|p1b: Froslass|0 fnt
|faint|p1b: Froslass
|-damage|p2a: Incineroar|87/100|[from] Recoil
|
|-weather|SunnyDay|[upkeep]
|upkeep
|turn|8
|l|☆Al caruso
|player|p2|
|j|☆Al caruso
|player|p2|Al caruso|266|
|
|t:|1785054633
|move|p1a: Garchomp|Rock Slide|p2b: Charizard|[spread] p2a,p2b
|-supereffective|p2a: Incineroar|1
|-supereffective|p2b: Charizard|2
|-damage|p2a: Incineroar|51/100
|-damage|p2b: Charizard|0 fnt
|faint|p2b: Charizard
|-damage|p1a: Garchomp|20/100y|[from] item: Life Orb
|cant|p2a: Incineroar|flinch
|
|-weather|SunnyDay|[upkeep]
|upkeep
|turn|9
|
|t:|1785054644
|move|p1a: Garchomp|Earthquake|p2a: Incineroar
|-supereffective|p2a: Incineroar|1
|-damage|p2a: Incineroar|0 fnt
|faint|p2a: Incineroar
|-damage|p1a: Garchomp|11/100|[from] item: Life Orb
|
|win|SHyperdestroyerVGC
|raw|SHyperdestroyerVGC's rating: 1175 → 1197(+22 for winning)
|raw|Al caruso's rating: 1131 → 1109(-22 for losing)
