|j|☆Helmet User
|j|☆myshirtisdirty
|html|Helmet Usermyshirtisdirty    
|uhtml|bestof|Game 3 of a best-of-3
|t:|1756991187
|gametype|doubles
|player|p1|Helmet User|dawn|1064
|player|p2|myshirtisdirty|266|1074
|gen|9
|tier|[Gen 9] VGC 2025 Reg H (Bo3)
|rated|
|rule|Species Clause: Limit one of each Pokémon
|rule|Item Clause: Limit 1 of each item
|clearpoke
|poke|p1|Whimsicott, L50, M|
|poke|p1|Clawitzer, L50, M|
|poke|p1|Sneasler, L50, M|
|poke|p1|Incineroar, L50, M|
|poke|p1|Kingambit, L50, M|
|poke|p1|Rillaboom, L50, M|
|poke|p2|Sneasler, L50, M|
|poke|p2|Incineroar, L50, M|
|poke|p2|Garchomp, L50, M|
|poke|p2|Ninetales-Alola, L50, F|
|poke|p2|Gallade, L50, M|
|poke|p2|Indeedee-F, L50, F|
|teampreview|4
|showteam|p1|Whimsicott||CovertCloak|Prankster|Moonblast,FakeTears,Tailwind,Encore|||M|||50|,,,,,Grass]Clawitzer||LifeOrb|MegaLauncher|WaterPulse,DarkPulse,AuraSphere,Protect|||M|||50|,,,,,Stellar]Sneasler||FocusSash|Unburden|CloseCombat,FakeOut,DireClaw,Protect|||M|||50|,,,,,Stellar]Incineroar||SitrusBerry|Intimidate|KnockOff,FlareBlitz,PartingShot,FakeOut|||M|||50|,,,,,Fire]Kingambit||BlackGlasses|Defiant|KowtowCleave,SwordsDance,SuckerPunch,Protect|||M|||50|,,,,,Dark]Rillaboom||AssaultVest|GrassySurge|WoodHammer,Uturn,GrassyGlide,FakeOut|||M|||50|,,,,,Fire
|showteam|p2|Sneasler||PsychicSeed|Unburden|Protect,CloseCombat,DireClaw,ThroatChop|||M|||50|,,,,,Grass]Incineroar||SitrusBerry|Intimidate|FakeOut,FlareBlitz,KnockOff,PartingShot|||M|||50|,,,,,Ghost]Garchomp||LifeOrb|RoughSkin|RockSlide,ScaleShot,StompingTantrum,Protect|||M|||50|,,,,,Fairy]Ninetales-Alola||CovertCloak|SnowWarning|FreezeDry,Protect,Blizzard,AuroraVeil|||F|||50|,,,,,Water]Gallade||ClearAmulet|Sharpness|PsychoCut,SacredSword,TrickRoom,WideGuard|||M|||50|,,,,,Steel]Indeedee-F||SafetyGoggles|PsychicSurge|DazzlingGleam,HelpingHand,TrickRoom,FollowMe|||F|||50|,,,,,Water
|inactive|Battle timer is ON: inactive players will automatically lose when time's up. (requested by Helmet User)
|inactive|myshirtisdirty has 60 seconds left.
|
|t:|1756991220
|teamsize|p1|4
|teamsize|p2|4
|start
|switch|p1a: Whimsicott|Whimsicott, L50, M|100/100
|switch|p1b: Clawitzer|Clawitzer, L50, M, shiny|100/100
|switch|p2a: Indeedee|Indeedee-F, L50, F|100/100
|switch|p2b: Gallade|Gallade, L50, M, shiny|100/100
|-fieldstart|move: Psychic Terrain|[from] ability: Psychic Surge|[of] p2a: Indeedee
|turn|1
|inactive|myshirtisdirty has 30 seconds left.
|
|t:|1756991255
|move|p2a: Indeedee|Follow Me|p2a: Indeedee
|-singleturn|p2a: Indeedee|move: Follow Me
|move|p1a: Whimsicott|Moonblast|p2a: Indeedee
|-crit|p2a: Indeedee
|-damage|p2a: Indeedee|49/100
|move|p1b: Clawitzer|Water Pulse|p2a: Indeedee
|-damage|p2a: Indeedee|0 fnt
|faint|p2a: Indeedee
|-damage|p1b: Clawitzer|91/100|[from] item: Life Orb
|move|p2b: Gallade|Psycho Cut|p1a: Whimsicott
|-damage|p1a: Whimsicott|0 fnt
|faint|p1a: Whimsicott
|
|upkeep
|
|t:|1756991277
|switch|p1a: Sneasler|Sneasler, L50, M|100/100
|switch|p2a: Ninetales|Ninetales-Alola, L50, F|100/100
|-weather|Snowscape|[from] ability: Snow Warning|[of] p2a: Ninetales
|turn|2
|
|t:|1756991294
|switch|p2b: Incineroar|Incineroar, L50, M|100/100
|-ability|p2b: Incineroar|Intimidate|boost
|-unboost|p1a: Sneasler|atk|1
|-unboost|p1b: Clawitzer|atk|1
|-terastallize|p2a: Ninetales|Water
|-terastallize|p1b: Clawitzer|Stellar
|move|p1a: Sneasler|Dire Claw|p2b: Incineroar
|-damage|p2b: Incineroar|71/100
|move|p2a: Ninetales|Aurora Veil|p2a: Ninetales
|-sidestart|p2: myshirtisdirty|move: Aurora Veil
|move|p1b: Clawitzer|Water Pulse|p2b: Incineroar
|-supereffective|p2b: Incineroar
|-damage|p2b: Incineroar|0 fnt
|faint|p2b: Incineroar
|-damage|p1b: Clawitzer|82/100|[from] item: Life Orb
|
|-weather|Snowscape|[upkeep]
|upkeep
|
|t:|1756991306
|switch|p2b: Gallade|Gallade, L50, M, shiny|100/100
|turn|3
|
|t:|1756991321
|move|p1a: Sneasler|Dire Claw|p2b: Gallade
|-damage|p2b: Gallade|74/100
|-status|p2b: Gallade|par
|move|p2a: Ninetales|Blizzard|p1a: Sneasler|[spread] p1a,p1b
|-resisted|p1b: Clawitzer
|-damage|p1a: Sneasler|66/100
|-damage|p1b: Clawitzer|68/100
|move|p1b: Clawitzer|Water Pulse|p2b: Gallade
|-damage|p2b: Gallade|35/100 par
|-damage|p1b: Clawitzer|58/100|[from] item: Life Orb
|move|p2b: Gallade|Psycho Cut|p1a: Sneasler
|-supereffective|p1a: Sneasler
|-damage|p1a: Sneasler|0 fnt
|faint|p1a: Sneasler
|
|-weather|Snowscape|[upkeep]
|upkeep
|
|t:|1756991338
|switch|p1a: Rillaboom|Rillaboom, L50, M|100/100
|-fieldstart|move: Grassy Terrain|[from] ability: Grassy Surge|[of] p1a: Rillaboom
|turn|4
|
|t:|1756991363
|move|p2a: Ninetales|Protect|p2a: Ninetales
|-singleturn|p2a: Ninetales|Protect
|move|p1b: Clawitzer|Water Pulse|p2b: Gallade
|-damage|p2b: Gallade|0 fnt
|faint|p2b: Gallade
|-damage|p1b: Clawitzer|49/100|[from] item: Life Orb
|move|p1a: Rillaboom|Wood Hammer|p2a: Ninetales
|-activate|p2a: Ninetales|move: Protect
|
|-weather|Snowscape|[upkeep]
|-heal|p1b: Clawitzer|55/100|[from] Grassy Terrain
|upkeep
|turn|5
|
|t:|1756991369
|move|p2a: Ninetales|Blizzard|p1b: Clawitzer|[spread] p1a,p1b
|-supereffective|p1a: Rillaboom
|-resisted|p1b: Clawitzer
|-damage|p1a: Rillaboom|70/100
|-damage|p1b: Clawitzer|39/100
|-status|p1a: Rillaboom|frz
|move|p1b: Clawitzer|Aura Sphere|p2a: Ninetales
|-damage|p2a: Ninetales|55/100
|-damage|p1b: Clawitzer|29/100|[from] item: Life Orb
|cant|p1a: Rillaboom|frz
|
|-weather|Snowscape|[upkeep]
|-heal|p2a: Ninetales|61/100|[from] Grassy Terrain
|-heal|p1b: Clawitzer|35/100|[from] Grassy Terrain
|-heal|p1a: Rillaboom|76/100 frz|[from] Grassy Terrain
|upkeep
|turn|6
|c|☆Helmet User|I love pokemon
|c|☆Helmet User|Jfc
|
|t:|1756991392
|cant|p1a: Rillaboom|frz
|move|p2a: Ninetales|Freeze-Dry|p1b: Clawitzer
|-supereffective|p1b: Clawitzer
|-damage|p1b: Clawitzer|0 fnt
|faint|p1b: Clawitzer
|
|-weather|none
|-heal|p2a: Ninetales|67/100|[from] Grassy Terrain
|-heal|p1a: Rillaboom|82/100 frz|[from] Grassy Terrain
|-sideend|p2: myshirtisdirty|move: Aurora Veil
|upkeep
|turn|7
|
|t:|1756991406
|move|p2a: Ninetales|Freeze-Dry|p1a: Rillaboom
|-supereffective|p1a: Rillaboom
|-damage|p1a: Rillaboom|52/100 frz
|-curestatus|p1a: Rillaboom|frz|[msg]
|move|p1a: Rillaboom|Wood Hammer|p2a: Ninetales
|-supereffective|p2a: Ninetales
|-damage|p2a: Ninetales|0 fnt
|faint|p2a: Ninetales
|-damage|p1a: Rillaboom|33/100|[from] Recoil
|
|win|Helmet User
|raw|Helmet User's rating: 1064 → 1095(+31 for winning)
|raw|myshirtisdirty's rating: 1074 → 1052(-22 for losing)
|c|☆myshirtisdirty|ggs
