|j|☆TorbellinoChamba
|j|☆viatles
|html|TorbellinoChambaviatles    
|uhtml|bestof|Game 1 of a best-of-3
|t:|1785373336
|gametype|doubles
|player|p1|TorbellinoChamba|hilda-wonderlauncher|1063
|player|p2|viatles|hiker|1107
|gen|9
|tier|[Gen 9 Champions] VGC 2026 Reg M-B (Bo3)
|rated|
|rule|Species Clause: Limit one of each Pokémon
|rule|Item Clause: Limit 1 of each item
|clearpoke
|poke|p1|Swampert, L50, M|
|poke|p1|Pelipper, L50, M, shiny|
|poke|p1|Archaludon, L50, M, shiny|
|poke|p1|Sableye, L50, M, shiny|
|poke|p1|Zoroark-Hisui, L50, M, shiny|
|poke|p1|Raichu, L50, M|
|poke|p2|Falinks, L50, shiny|
|poke|p2|Wyrdeer, L50, M|
|poke|p2|Milotic, L50, M, shiny|
|poke|p2|Staraptor, L50, M|
|poke|p2|Tsareena, L50, F|
|poke|p2|Grimmsnarl, L50, M|
|teampreview|4
|showteam|p1|Swampert||Swampertite|Damp|Earthquake,Protect,IcePunch,WaveCrash|Adamant||M|||50|]Pelipper||FocusSash|Drizzle|WeatherBall,Hurricane,Tailwind,WideGuard|Timid||M|||50|]Archaludon||Leftovers|Stamina|ElectroShot,AuraSphere,FlashCannon,Protect|Modest||M|||50|]Sableye||LightClay|Prankster|RainDance,Reflect,LightScreen,Quash|Bold||M|||50|]Zoroark-Hisui||ChoiceScarf|Illusion|BitterMalice,HyperVoice,IcyWind,Trick|Timid||M|||50|]Raichu||RaichuniteY|LightningRod|ZapCannon,GrassKnot,Protect,FakeOut|Timid||M|||50|
|showteam|p2|Falinks||Falinksite|Defiant|RockSlide,CloseCombat,Protect,KnockOff|Jolly|||||50|]Wyrdeer||ChoiceScarf|Intimidate|SkillSwap,PsyshieldBash,Trick,Hypnosis|Jolly||M|||50|]Milotic||Leftovers|Competitive|IcyWind,Scald,Protect,LifeDew|Bold||M|||50|]Staraptor||Staraptite|Intimidate|CloseCombat,BraveBird,Protect,Tailwind|Jolly||M|||50|]Tsareena||WideLens|QueenlyMajesty|TripleAxel,TropKick,KnockOff,LowKick|Jolly||F|||50|]Grimmsnarl||LightClay|Prankster|FakeOut,SpiritBreak,LightScreen,Reflect|Calm||M|||50|
|inactive|Battle timer is ON: inactive players will automatically lose when time's up. (requested by TorbellinoChamba)
|c|☆viatles|gl hf
|c|☆TorbellinoChamba|u2
|
|t:|1785373363
|teamsize|p1|4
|teamsize|p2|4
|start
|switch|p1a: Raichu|Raichu, L50, M|100/100
|switch|p1b: Sableye|Sableye, L50, M, shiny|100/100
|switch|p2a: Milk Duds|Falinks, L50, shiny|100/100
|switch|p2b: Wyrdeer|Wyrdeer, L50, M|100/100
|-ability|p2b: Wyrdeer|Intimidate|boost
|-unboost|p1a: Raichu|atk|1
|-unboost|p1b: Sableye|atk|1
|turn|1
|inactive|TorbellinoChamba has 30 seconds left.
|inactive|TorbellinoChamba has 20 seconds left.
|inactive|TorbellinoChamba has 15 seconds left.
|
|t:|1785373404
|switch|p2b: Tsareena|Tsareena, L50, F|100/100
|detailschange|p1a: Raichu|Raichu-Mega-Y, L50, M
|-mega|p1a: Raichu|Raichu|Raichunite Y
|detailschange|p2a: Milk Duds|Falinks-Mega, L50, shiny
|-mega|p2a: Milk Duds|Falinks|Falinksite
|move|p1b: Sableye|Reflect|p1b: Sableye
|-sidestart|p1: TorbellinoChamba|Reflect
|move|p1a: Raichu|Zap Cannon|p2a: Milk Duds
|-damage|p2a: Milk Duds|0 fnt
|faint|p2a: Milk Duds
|
|upkeep
|
|t:|1785373415
|switch|p2a: Wyrdeer|Wyrdeer, L50, M|100/100
|-ability|p2a: Wyrdeer|Intimidate|boost
|-unboost|p1a: Raichu|atk|1
|-unboost|p1b: Sableye|atk|1
|turn|2
|
|t:|1785373434
|move|p1b: Sableye|Quash||[still]
|cant|p2b: Tsareena|ability: Queenly Majesty|Quash|[of] p1b: Sableye
|move|p1a: Raichu|Zap Cannon|p2a: Wyrdeer
|-damage|p2a: Wyrdeer|27/100
|-status|p2a: Wyrdeer|par
|move|p2b: Tsareena|Triple Axel|p1b: Sableye
|-damage|p1b: Sableye|95/100
|-damage|p1b: Sableye|87/100
|-damage|p1b: Sableye|75/100
|-hitcount|p1b: Sableye|3
|move|p2a: Wyrdeer|Skill Swap|p1a: Raichu
|-activate|p2a: Wyrdeer|Skill Swap|No Guard|Intimidate|[of] p1a: Raichu
|-ability|p1a: Raichu|Intimidate|boost
|-unboost|p2a: Wyrdeer|atk|1
|-unboost|p2b: Tsareena|atk|1
|
|upkeep
|turn|3
|
|t:|1785373459
|switch|p2a: Pentious|Milotic, L50, M, shiny|100/100
|move|p1b: Sableye|Rain Dance|p1b: Sableye
|-weather|RainDance
|move|p1a: Raichu|Grass Knot|p2a: Pentious
|-supereffective|p2a: Pentious|1
|-damage|p2a: Pentious|41/100
|move|p2b: Tsareena|Trop Kick|p1a: Raichu
|-damage|p1a: Raichu|68/100
|-unboost|p1a: Raichu|atk|1
|
|-weather|RainDance|[upkeep]
|-heal|p2a: Pentious|47/100|[from] item: Leftovers
|upkeep
|turn|4
|inactive|viatles has 30 seconds left.
|
|t:|1785373488
|switch|p1b: Archaludon|Archaludon, L50, M, shiny|100/100
|move|p2a: Pentious|Protect|p2a: Pentious
|-singleturn|p2a: Pentious|Protect
|move|p1a: Raichu|Grass Knot|p2a: Pentious
|-activate|p2a: Pentious|move: Protect
|move|p2b: Tsareena|Knock Off|p1b: Archaludon
|-damage|p1b: Archaludon|90/100
|-ability|p1b: Archaludon|Stamina|boost
|-boost|p1b: Archaludon|def|1
|-enditem|p1b: Archaludon|Leftovers|[from] move: Knock Off|[of] p2b: Tsareena
|
|-weather|RainDance|[upkeep]
|-heal|p2a: Pentious|54/100|[from] item: Leftovers
|upkeep
|turn|5
|
|t:|1785373510
|move|p1a: Raichu|Grass Knot|p2a: Pentious
|-supereffective|p2a: Pentious|1
|-damage|p2a: Pentious|0 fnt
|faint|p2a: Pentious
|move|p2b: Tsareena|Low Kick|p1b: Archaludon
|-supereffective|p1b: Archaludon|1
|-damage|p1b: Archaludon|80/100
|-ability|p1b: Archaludon|Stamina|boost
|-boost|p1b: Archaludon|def|1
|move|p1b: Archaludon|Electro Shot||[still]
|-prepare|p1b: Archaludon|Electro Shot
|-boost|p1b: Archaludon|spa|1
|-anim|p1b: Archaludon|Electro Shot|p2b: Tsareena
|-resisted|p2b: Tsareena|1
|-damage|p2b: Tsareena|60/100
|
|-weather|RainDance|[upkeep]
|upkeep
|
|t:|1785373524
|switch|p2a: Wyrdeer|Wyrdeer, L50, M|27/100 par
|-ability|p2a: Wyrdeer|Intimidate|boost
|-unboost|p1a: Raichu|atk|1
|-unboost|p1b: Archaludon|atk|1
|turn|6
|
|t:|1785373542
|move|p1a: Raichu|Grass Knot|p2a: Wyrdeer
|-damage|p2a: Wyrdeer|0 fnt
|faint|p2a: Wyrdeer
|move|p2b: Tsareena|Trop Kick|p1a: Raichu
|-damage|p1a: Raichu|35/100
|-unboost|p1a: Raichu|atk|1
|move|p1b: Archaludon|Flash Cannon|p2b: Tsareena
|-damage|p2b: Tsareena|0 fnt
|faint|p2b: Tsareena
|
|win|TorbellinoChamba
