|j|â˜†ghotamcity2.0
|j|â˜†MinasDevilCrobats
|html|ghotamcity2.0MinasDevilCrobats    
|uhtml|bestof|Game 1 of a best-of-3
|t:|1756212646
|gametype|doubles
|player|p1|ghotamcity2.0|biker-gen4|1104
|player|p2|MinasDevilCrobats|darach-caitlin|1133
|gen|9
|tier|[Gen 9] VGC 2025 Reg H (Bo3)
|rated|
|rule|Species Clause: Limit one of each PokÃ©mon
|rule|Item Clause: Limit 1 of each item
|clearpoke
|poke|p1|Sylveon, L50, M|
|poke|p1|Incineroar, L50, F|
|poke|p1|Rillaboom, L50, M|
|poke|p1|Annihilape, L50, M|
|poke|p1|Maushold, L50|
|poke|p1|Gholdengo, L50|
|poke|p2|Dragapult, L50, M|
|poke|p2|Electabuzz, L50, M|
|poke|p2|Weavile, L50, F|
|poke|p2|Primarina, L50, F|
|poke|p2|Gholdengo, L50|
|poke|p2|Whimsicott, L50, F|
|teampreview|4
|showteam|p1|Sylveon||Leftovers|Pixilate|CalmMind,Protect,HyperVoice,TeraBlast|||M|||50|,,,,,Fire]Incineroar||SitrusBerry|Intimidate|FakeOut,PartingShot,KnockOff,WillOWisp|||F|||50|,,,,,Ghost]Rillaboom||AssaultVest|GrassySurge|FakeOut,GrassyGlide,DrumBeating,Uturn|||M|||50|,,,,,Fire]Annihilape||SafetyGoggles|Defiant|Protect,BulkUp,DrainPunch,RageFist|||M|||50|,,,,,Water]Maushold||CovertCloak|FriendGuard|Protect,BeatUp,FollowMe,Encore||||||50|,,,,,Grass]Gholdengo||MetalCoat|GoodasGold|NastyPlot,Protect,MakeItRain,ShadowBall||||||50|,,,,,Steel
|showteam|p2|Dragapult||LifeOrb|Infiltrator|ShadowBall,DracoMeteor,FireBlast,Protect|||M|||50|,,,,,Fire]Electabuzz||Eviolite|VitalSpirit|Electroweb,FollowMe,Taunt,Protect|||M|||50|,,,,,Ghost]Weavile||FocusSash|Pickpocket|FakeOut,KnockOff,TripleAxel,Protect|||F|||50|,,,,,Stellar]Primarina||ThroatSpray|LiquidVoice|HyperVoice,Moonblast,Haze,Protect|||F|||50|,,,,,Water]Gholdengo||MetalCoat|GoodasGold|MakeItRain,ShadowBall,NastyPlot,Protect||||||50|,,,,,Water]Whimsicott||CovertCloak|Prankster|Tailwind,Moonblast,Taunt,FakeTears|||F|||50|,,,,,Water
|inactive|Battle timer is ON: inactive players will automatically lose when time's up. (requested by ghotamcity2.0)
|
|t:|1756212681
|teamsize|p1|4
|teamsize|p2|4
|start
|switch|p1a: Sylveon|Sylveon, L50, M|100/100
|switch|p1b: Incineroar|Incineroar, L50, F|100/100
|switch|p2a: Electabuzz|Electabuzz, L50, M|100/100
|switch|p2b: Gholdengo|Gholdengo, L50|100/100
|-ability|p1b: Incineroar|Intimidate|boost
|-unboost|p2a: Electabuzz|atk|1
|-unboost|p2b: Gholdengo|atk|1
|turn|1
|
|t:|1756212705
|-terastallize|p1a: Sylveon|Fire
|move|p2a: Electabuzz|Follow Me|p2a: Electabuzz
|-singleturn|p2a: Electabuzz|move: Follow Me
|move|p2b: Gholdengo|Nasty Plot|p2b: Gholdengo
|-boost|p2b: Gholdengo|spa|2
|move|p1b: Incineroar|Knock Off|p2a: Electabuzz
|-damage|p2a: Electabuzz|69/100
|-enditem|p2a: Electabuzz|Eviolite|[from] move: Knock Off|[of] p1b: Incineroar
|move|p1a: Sylveon|Calm Mind|p1a: Sylveon
|-boost|p1a: Sylveon|spa|1
|-boost|p1a: Sylveon|spd|1
|
|upkeep
|turn|2
|l|â˜†ghotamcity2.0
|inactive|ghotamcity2.0 disconnected and has a minute to reconnect!
|player|p1|
|j|â˜†ghotamcity2.0
|inactive|ghotamcity2.0 reconnected and has 40 seconds left.
|player|p1|ghotamcity2.0|biker-gen4|
|inactive|ghotamcity2.0 has 30 seconds left.
|inactive|ghotamcity2.0 has 20 seconds left.
|inactive|ghotamcity2.0 has 15 seconds left.
|
|t:|1756212747
|-terastallize|p2b: Gholdengo|Water
|move|p2a: Electabuzz|Taunt|p1a: Sylveon
|-start|p1a: Sylveon|move: Taunt
|move|p2b: Gholdengo|Shadow Ball|p1a: Sylveon
|-damage|p1a: Sylveon|59/100
|-unboost|p1a: Sylveon|spd|1
|move|p1b: Incineroar|Knock Off|p2b: Gholdengo
|-crit|p2b: Gholdengo
|-damage|p2b: Gholdengo|43/100
|-enditem|p2b: Gholdengo|Metal Coat|[from] move: Knock Off|[of] p1b: Incineroar
|move|p1a: Sylveon|Tera Blast|p2b: Gholdengo|[anim] Tera Blast Fire
|-resisted|p2b: Gholdengo
|-crit|p2b: Gholdengo
|-damage|p2b: Gholdengo|0 fnt
|faint|p2b: Gholdengo
|
|-heal|p1a: Sylveon|65/100|[from] item: Leftovers
|upkeep
|
|t:|1756212763
|switch|p2b: Primarina|Primarina, L50, F|100/100
|turn|3
|
|t:|1756212779
|move|p2b: Primarina|Protect|p2b: Primarina
|-singleturn|p2b: Primarina|Protect
|move|p2a: Electabuzz|Electroweb|p1b: Incineroar|[spread] p1a
|-miss|p2a: Electabuzz|p1b: Incineroar
|-damage|p1a: Sylveon|54/100
|-unboost|p1a: Sylveon|spe|1
|move|p1b: Incineroar|Parting Shot|p2b: Primarina
|-activate|p2b: Primarina|move: Protect
|move|p1a: Sylveon|Hyper Voice|p2b: Primarina|[spread] p2a
|-activate|p2b: Primarina|move: Protect
|-damage|p2a: Electabuzz|1/100
|
|-heal|p1a: Sylveon|60/100|[from] item: Leftovers
|upkeep
|turn|4
|
|t:|1756212803
|move|p2a: Electabuzz|Electroweb|p1b: Incineroar|[spread] p1a,p1b
|-damage|p1a: Sylveon|51/100
|-damage|p1b: Incineroar|91/100
|-unboost|p1a: Sylveon|spe|1
|-unboost|p1b: Incineroar|spe|1
|move|p2b: Primarina|Hyper Voice|p1b: Incineroar|[spread] p1a,p1b
|-supereffective|p1a: Sylveon
|-supereffective|p1b: Incineroar
|-damage|p1a: Sylveon|3/100
|-damage|p1b: Incineroar|49/100
|-enditem|p1b: Incineroar|Sitrus Berry|[eat]
|-heal|p1b: Incineroar|73/100|[from] item: Sitrus Berry
|-enditem|p2b: Primarina|Throat Spray
|-boost|p2b: Primarina|spa|1|[from] item: Throat Spray
|move|p1b: Incineroar|Parting Shot|p2b: Primarina
|-unboost|p2b: Primarina|atk|1
|-unboost|p2b: Primarina|spa|1
|
|t:|1756212824
|switch|p1b: Gholdengo|Gholdengo, L50|100/100|[from] Parting Shot
|move|p1a: Sylveon|Hyper Voice|p2b: Primarina|[spread] p2a,p2b
|-damage|p2a: Electabuzz|0 fnt
|-damage|p2b: Primarina|50/100
|faint|p2a: Electabuzz
|
|-heal|p1a: Sylveon|9/100|[from] item: Leftovers
|-end|p1a: Sylveon|move: Taunt
|upkeep
|
|t:|1756212827
|switch|p2a: Weavile|Weavile, L50, F|100/100
|turn|5
|
|t:|1756212846
|move|p1b: Gholdengo|Protect|p1b: Gholdengo
|-singleturn|p1b: Gholdengo|Protect
|move|p2a: Weavile|Knock Off|p1b: Gholdengo
|-activate|p1b: Gholdengo|move: Protect
|move|p2b: Primarina|Hyper Voice|p1b: Gholdengo|[spread] p1a
|-activate|p1b: Gholdengo|move: Protect
|-supereffective|p1a: Sylveon
|-damage|p1a: Sylveon|0 fnt
|faint|p1a: Sylveon
|
|upkeep
|
|t:|1756212859
|switch|p1a: Incineroar|Incineroar, L50, F|73/100
|-ability|p1a: Incineroar|Intimidate|boost
|-unboost|p2a: Weavile|atk|1
|-unboost|p2b: Primarina|atk|1
|turn|6
|inactive|MinasDevilCrobats has 30 seconds left.
|
|t:|1756212888
|move|p2a: Weavile|Protect|p2a: Weavile
|-singleturn|p2a: Weavile|Protect
|move|p2b: Primarina|Protect|p2b: Primarina
|-singleturn|p2b: Primarina|Protect
|move|p1a: Incineroar|Fake Out|p2a: Weavile
|-activate|p2a: Weavile|move: Protect
|move|p1b: Gholdengo|Nasty Plot|p1b: Gholdengo
|-boost|p1b: Gholdengo|spa|2
|
|upkeep
|turn|7
|
|t:|1756212899
|move|p1b: Gholdengo|Protect|p1b: Gholdengo
|-singleturn|p1b: Gholdengo|Protect
|move|p2a: Weavile|Knock Off|p1b: Gholdengo
|-activate|p1b: Gholdengo|move: Protect
|move|p2b: Primarina|Hyper Voice|p1b: Gholdengo|[spread] p1a
|-activate|p1b: Gholdengo|move: Protect
|-supereffective|p1a: Incineroar
|-damage|p1a: Incineroar|29/100
|move|p1a: Incineroar|Parting Shot|p2a: Weavile
|-unboost|p2a: Weavile|atk|1
|-unboost|p2a: Weavile|spa|1
|
|t:|1756212908
|switch|p1a: Maushold|Maushold, L50|100/100|[from] Parting Shot
|
|upkeep
|turn|8
|-message|MinasDevilCrobats forfeited.
|
|win|ghotamcity2.0
||MinasDevilCrobats is ready for game 2.
||ghotamcity2.0 is ready for game 2.
|uhtml|next|Next: Game 2 of 3
|l|â˜†ghotamcity2.0
|player|p1|
