|j|☆prosta1
|j|☆bbbbbesbes
|html|prosta1bbbbbesbes    
|uhtml|bestof|Game 2 of a best-of-3
|t:|1784283698
|gametype|doubles
|player|p1|prosta1|169|1136
|player|p2|bbbbbesbes|1|1131
|gen|9
|tier|[Gen 9 Champions] VGC 2026 Reg M-B (Bo3)
|rated|
|rule|Species Clause: Limit one of each Pokémon
|rule|Item Clause: Limit 1 of each item
|clearpoke
|poke|p1|Grimmsnarl, L50, M|
|poke|p1|Feraligatr, L50, M|
|poke|p1|Charizard, L50, F|
|poke|p1|Pelipper, L50, M|
|poke|p1|Venusaur, L50, F|
|poke|p1|Archaludon, L50, M|
|poke|p2|Whimsicott, L50, M|
|poke|p2|Garchomp, L50, F|
|poke|p2|Tyranitar, L50, F|
|poke|p2|Metagross, L50|
|poke|p2|Incineroar, L50, F|
|poke|p2|Basculegion, L50, M|
|teampreview|4
|showteam|p1|Grimmsnarl||LightClay|Prankster|SpiritBreak,PartingShot,Reflect,LightScreen|Sassy||M|||50|]Feraligatr||LifeOrb|SheerForce|Liquidation,Protect,Crunch,RockTomb|Adamant||M|||50|]Charizard||CharizarditeY|Blaze|Protect,HeatWave,WeatherBall,SolarBeam|Modest||F|||50|]Pelipper||SitrusBerry|Drizzle|Hurricane,WeatherBall,Tailwind,WideGuard|Modest||M|||50|]Venusaur||FocusSash|Chlorophyll|SludgeBomb,SleepPowder,EarthPower,Protect|Modest||F|||50|]Archaludon||Leftovers|Stamina|ElectroShot,DragonPulse,FlashCannon,Protect|Calm||M|||50|
|showteam|p2|Whimsicott||FocusSash|Prankster|Tailwind,LeechSeed,Encore,Moonblast|Bold||M|||50|]Garchomp||YacheBerry|RoughSkin|RockSlide,DragonClaw,StompingTantrum,Protect|Jolly||F|||50|]Tyranitar||Tyranitarite|SandStream|HighHorsepower,Protect,RockSlide,Crunch|Adamant||F|||50|]Metagross||Metagrossite|ClearBody|MeteorMash,PsychicFangs,Protect,BulletPunch|Jolly|||||50|]Incineroar||Leftovers|Intimidate|FakeOut,PartingShot,DarkestLariat,FlareBlitz|Adamant||F|||50|]Basculegion||ChoiceScarf|Adaptability|AquaJet,FlipTurn,LastRespects,WaveCrash|Jolly||M|||50|
|inactive|Battle timer is ON: inactive players will automatically lose when time's up. (requested by bbbbbesbes)
|inactive|prosta1 has 60 seconds left.
|
|t:|1784283745
|teamsize|p1|4
|teamsize|p2|4
|start
|switch|p1a: Grimmsnarl|Grimmsnarl, L50, M|100/100
|switch|p1b: Feraligatr|Feraligatr, L50, M|100/100
|switch|p2a: Tyranitar|Tyranitar, L50, F|100/100
|switch|p2b: Whimsicott|Whimsicott, L50, M|100/100
|-weather|Sandstorm|[from] ability: Sand Stream|[of] p2a: Tyranitar
|turn|1
|inactive|bbbbbesbes has 30 seconds left.
|
|t:|1784283770
|move|p2b: Whimsicott|Tailwind|p2b: Whimsicott
|-sidestart|p2: bbbbbesbes|move: Tailwind
|move|p1a: Grimmsnarl|Reflect|p1a: Grimmsnarl
|-sidestart|p1: prosta1|Reflect
|move|p2a: Tyranitar|Rock Slide|p1a: Grimmsnarl|[spread] p1a,p1b
|-damage|p1a: Grimmsnarl|79/100
|-damage|p1b: Feraligatr|81/100
|cant|p1b: Feraligatr|flinch
|
|-weather|Sandstorm|[upkeep]
|-damage|p2b: Whimsicott|94/100|[from] Sandstorm
|-damage|p1b: Feraligatr|75/100|[from] Sandstorm
|-damage|p1a: Grimmsnarl|73/100|[from] Sandstorm
|upkeep
|turn|2
|inactive|prosta1 has 30 seconds left.
|inactive|bbbbbesbes has 30 seconds left.
|
|t:|1784283801
|switch|p2a: Incineroar|Incineroar, L50, F|100/100
|-ability|p2a: Incineroar|Intimidate|boost
|-unboost|p1a: Grimmsnarl|atk|1
|-unboost|p1b: Feraligatr|atk|1
|move|p2b: Whimsicott|Leech Seed|p1b: Feraligatr
|-start|p1b: Feraligatr|move: Leech Seed
|move|p1a: Grimmsnarl|Parting Shot|p2b: Whimsicott
|-unboost|p2b: Whimsicott|atk|1
|-unboost|p2b: Whimsicott|spa|1
|
|t:|1784283809
|switch|p1a: Pelipper|Pelipper, L50, M|100/100|[from] Parting Shot
|-weather|RainDance|[from] ability: Drizzle|[of] p1a: Pelipper
|move|p1b: Feraligatr|Liquidation|p2a: Incineroar
|-supereffective|p2a: Incineroar|1
|-damage|p2a: Incineroar|0 fnt
|faint|p2a: Incineroar
|
|-weather|RainDance|[upkeep]
|-damage|p1b: Feraligatr|62/100|[from] Leech Seed|[of] p2b: Whimsicott
|-heal|p2b: Whimsicott|100/100|[silent]
|upkeep
|
|t:|1784283814
|switch|p2a: Tyranitar|Tyranitar, L50, F|100/100
|-weather|Sandstorm|[from] ability: Sand Stream|[of] p2a: Tyranitar
|turn|3
|
|t:|1784283833
|switch|p1b: Grimmsnarl|Grimmsnarl, L50, M|73/100
|move|p1a: Pelipper|Wide Guard|p1a: Pelipper
|-singleturn|p1a: Pelipper|Wide Guard
|move|p2b: Whimsicott|Moonblast|p1b: Grimmsnarl
|-supereffective|p1b: Grimmsnarl|1
|-damage|p1b: Grimmsnarl|39/100
|move|p2a: Tyranitar|Rock Slide|p1b: Grimmsnarl|[spread] 
|-activate|p1a: Pelipper|move: Wide Guard
|-activate|p1b: Grimmsnarl|move: Wide Guard
|
|-weather|Sandstorm|[upkeep]
|-damage|p2b: Whimsicott|94/100|[from] Sandstorm
|-damage|p1a: Pelipper|93/100|[from] Sandstorm
|-damage|p1b: Grimmsnarl|33/100|[from] Sandstorm
|upkeep
|turn|4
|
|t:|1784283853
|switch|p1a: Feraligatr|Feraligatr, L50, M|62/100
|move|p2b: Whimsicott|Moonblast|p1b: Grimmsnarl
|-supereffective|p1b: Grimmsnarl|1
|-damage|p1b: Grimmsnarl|0 fnt
|faint|p1b: Grimmsnarl
|move|p2a: Tyranitar|Crunch|p1a: Feraligatr
|-damage|p1a: Feraligatr|33/100
|
|-weather|Sandstorm|[upkeep]
|-damage|p2b: Whimsicott|88/100|[from] Sandstorm
|-damage|p1a: Feraligatr|27/100|[from] Sandstorm
|-sideend|p2: bbbbbesbes|move: Tailwind
|upkeep
|
|t:|1784283868
|switch|p1b: Pelipper|Pelipper, L50, M|93/100
|-weather|RainDance|[from] ability: Drizzle|[of] p1b: Pelipper
|turn|5
|
|t:|1784283876
|detailschange|p2a: Tyranitar|Tyranitar-Mega, L50, F
|-mega|p2a: Tyranitar|Tyranitar|Tyranitarite
|-weather|Sandstorm|[from] ability: Sand Stream|[of] p2a: Tyranitar
|move|p2b: Whimsicott|Tailwind|p2b: Whimsicott
|-sidestart|p2: bbbbbesbes|move: Tailwind
|move|p2a: Tyranitar|Rock Slide|p1a: Feraligatr|[spread] p1a,p1b
|-supereffective|p1b: Pelipper|1
|-damage|p1a: Feraligatr|2/100
|-damage|p1b: Pelipper|42/100
|-enditem|p1b: Pelipper|Sitrus Berry|[eat]
|-heal|p1b: Pelipper|67/100|[from] item: Sitrus Berry
|move|p1b: Pelipper|Hurricane|p2b: Whimsicott|[miss]
|-miss|p1b: Pelipper|p2b: Whimsicott
|move|p1a: Feraligatr|Liquidation|p2a: Tyranitar
|-supereffective|p2a: Tyranitar|1
|-damage|p2a: Tyranitar|0 fnt
|faint|p2a: Tyranitar
|
|-weather|Sandstorm|[upkeep]
|-damage|p2b: Whimsicott|82/100|[from] Sandstorm
|-damage|p1a: Feraligatr|0 fnt|[from] Sandstorm
|-damage|p1b: Pelipper|61/100|[from] Sandstorm
|faint|p1a: Feraligatr
|upkeep
|
|t:|1784283895
|switch|p2a: Garchomp|Garchomp, L50, F|100/100
|switch|p1a: Charizard|Charizard, L50, F|100/100
|turn|6
|inactive|prosta1 has 30 seconds left.
|inactive|bbbbbesbes has 30 seconds left.
|
|t:|1784283937
|detailschange|p1a: Charizard|Charizard-Mega-Y, L50, F
|-mega|p1a: Charizard|Charizard|Charizardite Y
|-weather|SunnyDay|[from] ability: Drought|[of] p1a: Charizard
|move|p2b: Whimsicott|Leech Seed|p1a: Charizard
|-start|p1a: Charizard|move: Leech Seed
|move|p2a: Garchomp|Dragon Claw|p1b: Pelipper
|-damage|p1b: Pelipper|34/100
|move|p1a: Charizard|Heat Wave|p2a: Garchomp|[spread] p2a,p2b
|-resisted|p2a: Garchomp|1
|-supereffective|p2b: Whimsicott|1
|-damage|p2a: Garchomp|64/100
|-damage|p2b: Whimsicott|0 fnt
|faint|p2b: Whimsicott
|move|p1b: Pelipper|Hurricane|p2a: Garchomp|[miss]
|-miss|p1b: Pelipper|p2a: Garchomp
|
|-weather|SunnyDay|[upkeep]
|upkeep
|turn|7
|
|t:|1784283957
|move|p2a: Garchomp|Dragon Claw|p1b: Pelipper
|-damage|p1b: Pelipper|4/100
|move|p1a: Charizard|Solar Beam||[still]
|-prepare|p1a: Charizard|Solar Beam
|-anim|p1a: Charizard|Solar Beam|p2a: Garchomp
|-damage|p2a: Garchomp|9/100
|move|p1b: Pelipper|Hurricane|p2a: Garchomp
|-damage|p2a: Garchomp|0 fnt
|faint|p2a: Garchomp
|
|win|prosta1
|l|☆bbbbbesbes
|player|p2|
||bbbbbesbes is ready for game 3.
||prosta1 is ready for game 3.
|uhtml|next|Next: Game 3 of 3
