|j|☆jANMxRin
|j|☆Cosentino
|html|jANMxRinCosentino    
|uhtml|bestof|Game 1 of a best-of-3
|t:|1756943636
|gametype|doubles
|player|p1|jANMxRin|acerola-masters|1139
|player|p2|Cosentino|clown|1188
|gen|9
|tier|[Gen 9] VGC 2025 Reg H (Bo3)
|rated|
|rule|Species Clause: Limit one of each Pokémon
|rule|Item Clause: Limit 1 of each item
|clearpoke
|poke|p1|Corviknight, L50, M|
|poke|p1|Tyranitar, L50, F|
|poke|p1|Garchomp, L50, F|
|poke|p1|Annihilape, L50, F|
|poke|p1|Indeedee-F, L50, F|
|poke|p1|Armarouge, L50, M|
|poke|p2|Baxcalibur, L50, M|
|poke|p2|Kingambit, L50, F|
|poke|p2|Sneasler, L50, M|
|poke|p2|Farigiraf, L50, F|
|poke|p2|Ursaluna-Bloodmoon, L50, M|
|poke|p2|Rillaboom, L50, F|
|teampreview|4
|showteam|p1|Corviknight||Leftovers|MirrorArmor|BraveBird,BulkUp,Roost,Tailwind|||M|||50|,,,,,Dragon]Tyranitar||AssaultVest|SandStream|RockSlide,KnockOff,LowKick,TeraBlast|||F|||50|,,,,,Flying]Garchomp||LifeOrb|RoughSkin|Protect,DragonClaw,StompingTantrum,Earthquake|||F|||50|,,,,,Ground]Annihilape||SafetyGoggles|Defiant|CloseCombat,FinalGambit,RageFist,Taunt|||F|||50|,,,,,Water]Indeedee-F||FocusSash|PsychicSurge|FollowMe,HelpingHand,DazzlingGleam,Protect|||F|||50|,,,,,Fairy]Armarouge||SitrusBerry|FlashFire|ExpandingForce,HeatWave,ArmorCannon,Protect|||M|||50|,,,,,Grass
|showteam|p2|Baxcalibur||LoadedDice|ThermalExchange|Protect,IcicleSpear,ScaleShot,DragonTail|||M|||50|,,,,,Water]Kingambit||LifeOrb|Defiant|Protect,KowtowCleave,IronHead,SuckerPunch|||F|||50|,,,,,Dark]Sneasler||FocusSash|PoisonTouch|FakeOut,Coaching,CloseCombat,DireClaw|||M|||50|,,,,,Ghost]Farigiraf||SitrusBerry|ArmorTail|Psychic,HelpingHand,TrickRoom,HyperVoice|||F|||50|,,,,,Fire]Ursaluna-Bloodmoon||SilkScarf|MindsEye|EarthPower,BloodMoon,HyperVoice,Protect|||M|||50|,,,,,Ghost]Rillaboom||AssaultVest|GrassySurge|KnockOff,GrassyGlide,WoodHammer,FakeOut|||F|||50|,,,,,Fire
|
|t:|1756943692
|teamsize|p1|4
|teamsize|p2|4
|start
|switch|p1a: Tyranitar|Tyranitar, L50, F|100/100
|switch|p1b: Garchomp|Garchomp, L50, F|100/100
|switch|p2a: Farigiraf|Farigiraf, L50, F|100/100
|switch|p2b: Baxcalibur|Baxcalibur, L50, M|100/100
|-weather|Sandstorm|[from] ability: Sand Stream|[of] p1a: Tyranitar
|turn|1
|
|t:|1756943739
|switch|p2a: Rillaboom|Rillaboom, L50, F|100/100
|-fieldstart|move: Grassy Terrain|[from] ability: Grassy Surge|[of] p2a: Rillaboom
|move|p1b: Garchomp|Protect|p1b: Garchomp
|-singleturn|p1b: Garchomp|Protect
|move|p2b: Baxcalibur|Icicle Spear|p1b: Garchomp
|-activate|p1b: Garchomp|move: Protect
|move|p1a: Tyranitar|Low Kick|p2b: Baxcalibur
|-supereffective|p2b: Baxcalibur
|-damage|p2b: Baxcalibur|23/100
|
|-weather|Sandstorm|[upkeep]
|-damage|p2a: Rillaboom|95/100|[from] Sandstorm
|-damage|p2b: Baxcalibur|17/100|[from] Sandstorm
|-heal|p2a: Rillaboom|100/100|[from] Grassy Terrain
|-heal|p2b: Baxcalibur|23/100|[from] Grassy Terrain
|upkeep
|turn|2
|
|t:|1756943769
|switch|p1b: Indeedee|Indeedee-F, L50, F, shiny|100/100
|-fieldstart|move: Psychic Terrain|[from] ability: Psychic Surge|[of] p1b: Indeedee
|move|p2a: Rillaboom|Fake Out|p1b: Indeedee
|-activate|p1b: Indeedee|move: Psychic Terrain
|move|p2b: Baxcalibur|Icicle Spear|p1a: Tyranitar
|-damage|p1a: Tyranitar|89/100
|-damage|p1a: Tyranitar|77/100
|-damage|p1a: Tyranitar|63/100
|-damage|p1a: Tyranitar|52/100
|-hitcount|p1a: Tyranitar|4
|move|p1a: Tyranitar|Low Kick|p2b: Baxcalibur
|-supereffective|p2b: Baxcalibur
|-damage|p2b: Baxcalibur|0 fnt
|faint|p2b: Baxcalibur
|
|-weather|Sandstorm|[upkeep]
|-damage|p2a: Rillaboom|95/100|[from] Sandstorm
|-damage|p1b: Indeedee|94/100|[from] Sandstorm
|upkeep
|
|t:|1756943788
|switch|p2b: Ursaluna|Ursaluna-Bloodmoon, L50, M|100/100
|turn|3
|
|t:|1756943815
|-terastallize|p2b: Ursaluna|Ghost
|move|p1b: Indeedee|Follow Me|p1b: Indeedee
|-singleturn|p1b: Indeedee|move: Follow Me
|move|p2a: Rillaboom|Wood Hammer|p1b: Indeedee
|-damage|p1b: Indeedee|26/100
|-damage|p2a: Rillaboom|72/100|[from] Recoil
|move|p1a: Tyranitar|Knock Off|p2b: Ursaluna
|-supereffective|p2b: Ursaluna
|-damage|p2b: Ursaluna|17/100
|-enditem|p2b: Ursaluna|Silk Scarf|[from] move: Knock Off|[of] p1a: Tyranitar
|move|p2b: Ursaluna|Hyper Voice|p1a: Tyranitar|[spread] p1a,p1b
|-resisted|p1a: Tyranitar
|-damage|p1a: Tyranitar|44/100
|-damage|p1b: Indeedee|0 fnt
|faint|p1b: Indeedee
|
|-weather|Sandstorm|[upkeep]
|-damage|p2a: Rillaboom|66/100|[from] Sandstorm
|-damage|p2b: Ursaluna|11/100|[from] Sandstorm
|upkeep
|
|t:|1756943830
|switch|p1b: Garchomp|Garchomp, L50, F|100/100
|turn|4
|
|t:|1756943839
|switch|p2a: Farigiraf|Farigiraf, L50, F|100/100
|-terastallize|p1a: Tyranitar|Flying
|move|p2b: Ursaluna|Protect|p2b: Ursaluna
|-singleturn|p2b: Ursaluna|Protect
|move|p1b: Garchomp|Earthquake|p2b: Ursaluna|[spread] p2a
|-activate|p2b: Ursaluna|move: Protect
|-immune|p1a: Tyranitar
|-damage|p2a: Farigiraf|58/100
|-damage|p1b: Garchomp|91/100|[from] item: Life Orb
|move|p1a: Tyranitar|Tera Blast|p2a: Farigiraf|[anim] Tera Blast Flying
|-crit|p2a: Farigiraf
|-damage|p2a: Farigiraf|0 fnt
|faint|p2a: Farigiraf
|
|-weather|Sandstorm|[upkeep]
|-damage|p1a: Tyranitar|39/100|[from] Sandstorm
|-damage|p2b: Ursaluna|6/100|[from] Sandstorm
|upkeep
|
|t:|1756943843
|switch|p2a: Rillaboom|Rillaboom, L50, F|66/100
|-fieldstart|move: Grassy Terrain|[from] ability: Grassy Surge|[of] p2a: Rillaboom
|turn|5
|c|☆Cosentino|Wp
|
|t:|1756943881
|move|p2a: Rillaboom|Fake Out|p1a: Tyranitar
|-damage|p1a: Tyranitar|27/100
|move|p1b: Garchomp|Earthquake|p2a: Rillaboom|[spread] p2a,p2b
|-immune|p1a: Tyranitar
|-resisted|p2a: Rillaboom
|-damage|p2a: Rillaboom|53/100
|-damage|p2b: Ursaluna|0 fnt
|faint|p2b: Ursaluna
|-damage|p1b: Garchomp|81/100|[from] item: Life Orb
|cant|p1a: Tyranitar|flinch
|
|-weather|none
|-heal|p1b: Garchomp|87/100|[from] Grassy Terrain
|-heal|p2a: Rillaboom|59/100|[from] Grassy Terrain
|upkeep
|turn|6
|
|t:|1756943899
|move|p1b: Garchomp|Dragon Claw|p2a: Rillaboom
|-damage|p2a: Rillaboom|0 fnt
|faint|p2a: Rillaboom
|-damage|p1b: Garchomp|77/100|[from] item: Life Orb
|
|win|jANMxRin
