|j|☆ppcp100
|j|☆axcoquette
|html|ppcp100axcoquette    
|uhtml|bestof|Game 2 of a best-of-3
|t:|1782349047
|gametype|doubles
|player|p1|ppcp100|265|1002
|player|p2|axcoquette|maid|1086
|gen|9
|tier|[Gen 9 Champions] VGC 2026 Reg M-B (Bo3)
|rated|
|rule|Species Clause: Limit one of each Pokémon
|rule|Item Clause: Limit 1 of each item
|clearpoke
|poke|p1|Basculegion, L50, M, shiny|
|poke|p1|Corviknight, L50, M|
|poke|p1|Clefable, L50, M|
|poke|p1|Eelektross, L50, M|
|poke|p1|Pelipper, L50, M|
|poke|p1|Tyranitar, L50, M|
|poke|p2|Charizard, L50, F|
|poke|p2|Floette-Eternal, L50, F|
|poke|p2|Basculegion, L50, M|
|poke|p2|Kingambit, L50, F|
|poke|p2|Garchomp, L50, F|
|poke|p2|Whimsicott, L50, M|
|teampreview|4
|showteam|p1|Basculegion||KingsRock|SwiftSwim|Blizzard,Crunch,Hex,Liquidation|Naughty||M|||50|]Corviknight||Leftovers|Pressure|IronDefense,BraveBird,BodyPress,BodySlam|Bold||M|||50|]Clefable||BabiriBerry|Unaware|Moonlight,DrainingKiss,Endeavor,HealingWish|Serious||M|||50|]Eelektross||Eelektrossite|Levitate|BodySlam,Coil,GigaDrain,Thunderbolt|Serious||M|||50|]Pelipper||ChoiceScarf|Drizzle|Protect,Surf,IceBeam,AirSlash|Hasty||M|||50|]Tyranitar||ExpertBelt|SandStream|Earthquake,HydroPump,PowerGem,DragonDance|Serious||M|||50|
|showteam|p2|Charizard||CharizarditeY|Blaze|HeatWave,WeatherBall,SolarBeam,Protect|Modest||F|||50|]Floette-Eternal||Floettite|FlowerVeil|DazzlingGleam,Moonblast,LightofRuin,Protect|Timid||F|||50|]Basculegion||MysticWater|Adaptability|WaveCrash,LastRespects,AquaJet,Protect|Adamant||M|||50|]Kingambit||BlackGlasses|Defiant|KowtowCleave,IronHead,SuckerPunch,Protect|Lonely||F|||50|]Garchomp||SitrusBerry|RoughSkin|DragonClaw,Earthquake,RockSlide,Protect|Jolly||F|||50|]Whimsicott||FocusSash|Prankster|Tailwind,Moonblast,Encore,Protect|Timid||M|||50|
|inactive|Battle timer is ON: inactive players will automatically lose when time's up. (requested by axcoquette)
|
|t:|1782349066
|teamsize|p1|4
|teamsize|p2|4
|start
|switch|p1a: Corviknight|Corviknight, L50, M|100/100
|switch|p1b: Clefable|Clefable, L50, M|100/100
|switch|p2a: Kingambit|Kingambit, L50, F|100/100
|switch|p2b: Whimsicott|Whimsicott, L50, M|100/100
|-ability|p1a: Corviknight|Pressure
|turn|1
|
|t:|1782349089
|move|p2b: Whimsicott|Protect|p2b: Whimsicott
|-singleturn|p2b: Whimsicott|Protect
|move|p1a: Corviknight|Brave Bird|p2b: Whimsicott
|-activate|p2b: Whimsicott|move: Protect
|move|p1b: Clefable|Draining Kiss|p2a: Kingambit
|-damage|p2a: Kingambit|82/100
|move|p2a: Kingambit|Iron Head|p1b: Clefable
|-supereffective|p1b: Clefable|1
|-enditem|p1b: Clefable|Babiri Berry|[eat]
|-enditem|p1b: Clefable|Babiri Berry|[weaken]
|-damage|p1b: Clefable|52/100
|
|upkeep
|turn|2
|inactive|ppcp100 has 30 seconds left.
|inactive|ppcp100 has 20 seconds left.
|inactive|ppcp100 has 15 seconds left.
|
|t:|1782349130
|move|p2b: Whimsicott|Tailwind|p2b: Whimsicott
|-sidestart|p2: axcoquette|move: Tailwind
|move|p2a: Kingambit|Iron Head|p1b: Clefable
|-supereffective|p1b: Clefable|1
|-damage|p1b: Clefable|0 fnt
|faint|p1b: Clefable
|move|p1a: Corviknight|Body Press|p2a: Kingambit
|-supereffective|p2a: Kingambit|2
|-damage|p2a: Kingambit|11/100
|
|upkeep
|
|t:|1782349145
|switch|p1b: Tyranitar|Tyranitar, L50, M|100/100
|-weather|Sandstorm|[from] ability: Sand Stream|[of] p1b: Tyranitar
|turn|3
|inactive|ppcp100 has 30 seconds left.
|
|t:|1782349172
|switch|p2b: Garchomp|Garchomp, L50, F|100/100
|move|p2a: Kingambit|Iron Head|p1b: Tyranitar
|-supereffective|p1b: Tyranitar|1
|-damage|p1b: Tyranitar|27/100
|move|p1a: Corviknight|Brave Bird|p2b: Garchomp
|-damage|p2b: Garchomp|67/100
|-damage|p1a: Corviknight|87/100|[from] ability: Rough Skin|[of] p2b: Garchomp
|-damage|p1a: Corviknight|76/100|[from] Recoil
|move|p1b: Tyranitar|Earthquake|p2a: Kingambit|[spread] p2a,p2b
|-immune|p1a: Corviknight
|-supereffective|p2a: Kingambit|1
|-damage|p2a: Kingambit|0 fnt
|-damage|p2b: Garchomp|44/100
|-enditem|p2b: Garchomp|Sitrus Berry|[eat]
|-heal|p2b: Garchomp|69/100|[from] item: Sitrus Berry
|faint|p2a: Kingambit
|
|-weather|Sandstorm|[upkeep]
|-heal|p1a: Corviknight|82/100|[from] item: Leftovers
|upkeep
|
|t:|1782349190
|switch|p2a: Charizard|Charizard, L50, F|100/100
|turn|4
|
|t:|1782349214
|detailschange|p2a: Charizard|Charizard-Mega-Y, L50, F
|-mega|p2a: Charizard|Charizard|Charizardite Y
|-weather|SunnyDay|[from] ability: Drought|[of] p2a: Charizard
|move|p2b: Garchomp|Rock Slide|p1a: Corviknight|[spread] p1a,p1b
|-damage|p1a: Corviknight|68/100
|-damage|p1b: Tyranitar|13/100
|move|p2a: Charizard|Heat Wave|p1a: Corviknight|[spread] p1a,p1b
|-supereffective|p1a: Corviknight|1
|-resisted|p1b: Tyranitar|1
|-damage|p1a: Corviknight|0 fnt
|-damage|p1b: Tyranitar|0 fnt
|faint|p1a: Corviknight
|faint|p1b: Tyranitar
|
|-weather|SunnyDay|[upkeep]
|upkeep
|
|t:|1782349233
|switch|p1b: Eelektross|Eelektross, L50, M|100/100
|turn|5
|
|t:|1782349240
|detailschange|p1b: Eelektross|Eelektross-Mega, L50, M
|-mega|p1b: Eelektross|Eelektross|Eelektrossite
|move|p2b: Garchomp|Dragon Claw|p1b: Eelektross
|-damage|p1b: Eelektross|59/100
|move|p2a: Charizard|Weather Ball|p1b: Eelektross
|-damage|p1b: Eelektross|0 fnt
|faint|p1b: Eelektross
|
|win|axcoquette
|raw|ppcp100's rating: 1002 → 1000(-2 for losing)
|raw|axcoquette's rating: 1086 → 1107(+21 for winning)
|c|☆axcoquette|gg
|l|☆ppcp100
|player|p1|
