|j|☆Zacharykeith
|j|☆DonDeLenguas
|html|ZacharykeithDonDeLenguas    
|uhtml|bestof|Game 1 of a best-of-3
|t:|1756489928
|gametype|doubles
|player|p1|Zacharykeith|fisherman-gen4|1084
|player|p2|DonDeLenguas|265|1154
|gen|9
|tier|[Gen 9] VGC 2025 Reg H (Bo3)
|rated|
|rule|Species Clause: Limit one of each Pokémon
|rule|Item Clause: Limit 1 of each item
|clearpoke
|poke|p1|Rillaboom, L50, M|
|poke|p1|Tauros-Paldea-Blaze, L50, M|
|poke|p1|Electabuzz, L50, F|
|poke|p1|Kingambit, L50, F|
|poke|p1|Primarina, L50, F|
|poke|p1|Dragapult, L50, F|
|poke|p2|Politoed, L50, F|
|poke|p2|Gothitelle, L50, M|
|poke|p2|Incineroar, L50, M|
|poke|p2|Amoonguss, L50, F|
|poke|p2|Kingdra, L50, F|
|poke|p2|Archaludon, L50, M|
|teampreview|4
|showteam|p1|Rillaboom||AssaultVest|GrassySurge|FakeOut,GrassyGlide,WoodHammer,Uturn|||M|||50|,,,,,Fire]Tauros-Paldea-Blaze||MirrorHerb|Intimidate|RagingBull,CloseCombat,WillOWisp,Protect|||M|||50|,,,,,Water]Electabuzz||Eviolite|VitalSpirit|VoltSwitch,Electroweb,FollowMe,Taunt|||F|||50|,,,,,Ghost]Kingambit||BlackGlasses|Defiant|SuckerPunch,KowtowCleave,SwordsDance,Protect|||F|||50|,,,,,Dark]Primarina||ThroatSpray|LiquidVoice|HyperVoice,Moonblast,Haze,Protect|||F|||50|,,,,,Poison]Dragapult||ChoiceBand|ClearBody|DragonDarts,PhantomForce,Uturn,Outrage|||F|||50|,,,,,Dragon
|showteam|p2|Politoed||Leftovers|Drizzle|Protect,WeatherBall,PerishSong,Encore|||F|||50|,,,,,Grass]Gothitelle||SitrusBerry|ShadowTag|Protect,Psychic,FakeOut,TrickRoom|||M|||50|,,,,,Dark]Incineroar||SafetyGoggles|Intimidate|Protect,KnockOff,FakeOut,PartingShot|||M|||50|,,,,,Ghost]Amoonguss||EjectButton|Regenerator|Protect,RagePowder,PollenPuff,Spore|||F|||50|,,,,,Fairy]Kingdra||LifeOrb|SwiftSwim|Protect,WeatherBall,DracoMeteor,MuddyWater|||F|||50|,,,,,Stellar]Archaludon||PowerHerb|Sturdy|Protect,ElectroShot,DragonPulse,FlashCannon|||M|||50|,,,,,Electric
|inactive|Battle timer is ON: inactive players will automatically lose when time's up. (requested by Zacharykeith)
|
|t:|1756489967
|teamsize|p1|4
|teamsize|p2|4
|start
|switch|p1a: Electabuzz|Electabuzz, L50, F|100/100
|switch|p1b: Kingambit|Kingambit, L50, F|100/100
|switch|p2a: Amoonguss|Amoonguss, L50, F|100/100
|switch|p2b: Politoed|Politoed, L50, F|100/100
|-weather|RainDance|[from] ability: Drizzle|[of] p2b: Politoed
|turn|1
|inactive|Zacharykeith has 30 seconds left.
|
|t:|1756489996
|move|p1a: Electabuzz|Follow Me|p1a: Electabuzz
|-singleturn|p1a: Electabuzz|move: Follow Me
|move|p2a: Amoonguss|Rage Powder|p2a: Amoonguss
|-singleturn|p2a: Amoonguss|move: Rage Powder
|move|p2b: Politoed|Perish Song|p2b: Politoed
|-start|p1a: Electabuzz|perish3|[silent]
|-start|p1b: Kingambit|perish3|[silent]
|-start|p2a: Amoonguss|perish3|[silent]
|-start|p2b: Politoed|perish3|[silent]
|-fieldactivate|move: Perish Song
|move|p1b: Kingambit|Swords Dance|p1b: Kingambit
|-boost|p1b: Kingambit|atk|2
|
|-weather|RainDance|[upkeep]
|-start|p1a: Electabuzz|perish3
|-start|p2b: Politoed|perish3
|-start|p1b: Kingambit|perish3
|-start|p2a: Amoonguss|perish3
|upkeep
|turn|2
|
|t:|1756490025
|switch|p2b: Gothitelle|Gothitelle, L50, M|100/100
|-terastallize|p1b: Kingambit|Dark
|-terastallize|p2a: Amoonguss|Fairy
|move|p2a: Amoonguss|Rage Powder|p2a: Amoonguss
|-singleturn|p2a: Amoonguss|move: Rage Powder
|move|p1a: Electabuzz|Volt Switch|p2a: Amoonguss
|-damage|p2a: Amoonguss|78/100
|-enditem|p2a: Amoonguss|Eject Button
|
|t:|1756490040
|switch|p2a: Incineroar|Incineroar, L50, M|100/100
|-ability|p2a: Incineroar|Intimidate|boost
|-unboost|p1a: Electabuzz|atk|1
|-unboost|p1b: Kingambit|atk|1
|-ability|p1b: Kingambit|Defiant|boost
|-boost|p1b: Kingambit|atk|2
|move|p1b: Kingambit|Kowtow Cleave|p2a: Incineroar
|-resisted|p2a: Incineroar
|-damage|p2a: Incineroar|10/100
|
|-weather|RainDance|[upkeep]
|-start|p1a: Electabuzz|perish2
|-start|p1b: Kingambit|perish2
|upkeep
|turn|3
|
|t:|1756490062
|move|p2b: Gothitelle|Fake Out|p1a: Electabuzz
|-damage|p1a: Electabuzz|95/100
|move|p2a: Incineroar|Fake Out|p1b: Kingambit
|-damage|p1b: Kingambit|92/100
|cant|p1a: Electabuzz|flinch
|cant|p1b: Kingambit|flinch
|
|-weather|RainDance|[upkeep]
|-start|p1a: Electabuzz|perish1
|-start|p1b: Kingambit|perish1
|upkeep
|turn|4
|
|t:|1756490081
|move|p2b: Gothitelle|Protect|p2b: Gothitelle
|-singleturn|p2b: Gothitelle|Protect
|move|p2a: Incineroar|Protect|p2a: Incineroar
|-singleturn|p2a: Incineroar|Protect
|move|p1a: Electabuzz|Volt Switch|p1b: Kingambit
|-damage|p1b: Kingambit|69/100
|
|t:|1756490088
|switch|p1a: Primarina|Primarina, L50, F|100/100|[from] Volt Switch
|move|p1b: Kingambit|Kowtow Cleave|p2a: Incineroar
|-activate|p2a: Incineroar|move: Protect
|
|-weather|RainDance|[upkeep]
|-start|p1b: Kingambit|perish0
|faint|p1b: Kingambit
|upkeep
|
|t:|1756490097
|switch|p1b: Electabuzz|Electabuzz, L50, F|95/100
|turn|5
|
|t:|1756490121
|switch|p2a: Politoed|Politoed, L50, F|100/100
|move|p1b: Electabuzz|Electroweb|p2b: Gothitelle|[spread] p2a,p2b
|-supereffective|p2a: Politoed
|-damage|p2a: Politoed|78/100
|-damage|p2b: Gothitelle|90/100
|-unboost|p2a: Politoed|spe|1
|-unboost|p2b: Gothitelle|spe|1
|move|p1a: Primarina|Hyper Voice|p2a: Politoed|[spread] p2a,p2b
|-resisted|p2a: Politoed
|-damage|p2a: Politoed|61/100
|-damage|p2b: Gothitelle|51/100
|-enditem|p1a: Primarina|Throat Spray
|-boost|p1a: Primarina|spa|1|[from] item: Throat Spray
|move|p2b: Gothitelle|Psychic|p1a: Primarina
|-damage|p1a: Primarina|76/100
|
|-weather|none
|-heal|p2a: Politoed|67/100|[from] item: Leftovers
|upkeep
|turn|6
|inactive|DonDeLenguas has 30 seconds left.
|
|t:|1756490155
|move|p1b: Electabuzz|Volt Switch|p2a: Politoed
|-supereffective|p2a: Politoed
|-damage|p2a: Politoed|33/100
|
|t:|1756490159
|switch|p1b: Tauros|Tauros-Paldea-Blaze, L50, M|100/100|[from] Volt Switch
|-ability|p1b: Tauros|Intimidate|boost
|-unboost|p2a: Politoed|atk|1
|-unboost|p2b: Gothitelle|atk|1
|move|p1a: Primarina|Moonblast|p2a: Politoed
|-damage|p2a: Politoed|0 fnt
|faint|p2a: Politoed
|move|p2b: Gothitelle|Trick Room|p2b: Gothitelle
|-fieldstart|move: Trick Room|[of] p2b: Gothitelle
|
|upkeep
|
|t:|1756490166
|switch|p2a: Amoonguss|Amoonguss, L50, F, tera:Fairy|100/100
|turn|7
|
|t:|1756490181
|move|p1a: Primarina|Protect|p1a: Primarina
|-singleturn|p1a: Primarina|Protect
|move|p2a: Amoonguss|Pollen Puff|p2b: Gothitelle
|-heal|p2b: Gothitelle|100/100
|move|p2b: Gothitelle|Psychic|p1b: Tauros
|-supereffective|p1b: Tauros
|-damage|p1b: Tauros|0 fnt
|faint|p1b: Tauros
|
|upkeep
|
|t:|1756490189
|switch|p1b: Electabuzz|Electabuzz, L50, F|95/100
|turn|8
|inactive|DonDeLenguas has 30 seconds left.
|
|t:|1756490219
|move|p1b: Electabuzz|Follow Me|p1b: Electabuzz
|-singleturn|p1b: Electabuzz|move: Follow Me
|move|p2a: Amoonguss|Pollen Puff|p1b: Electabuzz
|-damage|p1b: Electabuzz|81/100
|move|p2b: Gothitelle|Psychic|p1b: Electabuzz
|-damage|p1b: Electabuzz|59/100
|move|p1a: Primarina|Hyper Voice|p2b: Gothitelle|[spread] p2a,p2b
|-damage|p2a: Amoonguss|61/100
|-damage|p2b: Gothitelle|63/100
|
|upkeep
|turn|9
|
|t:|1756490238
|move|p1b: Electabuzz|Follow Me|p1b: Electabuzz
|-singleturn|p1b: Electabuzz|move: Follow Me
|move|p2a: Amoonguss|Pollen Puff|p1b: Electabuzz
|-damage|p1b: Electabuzz|45/100
|move|p2b: Gothitelle|Psychic|p1b: Electabuzz
|-damage|p1b: Electabuzz|22/100
|move|p1a: Primarina|Moonblast|p2a: Amoonguss
|-damage|p2a: Amoonguss|0 fnt
|faint|p2a: Amoonguss
|
|upkeep
|
|t:|1756490250
|switch|p2a: Incineroar|Incineroar, L50, M|10/100
|-ability|p2a: Incineroar|Intimidate|boost
|-unboost|p1a: Primarina|atk|1
|-unboost|p1b: Electabuzz|atk|1
|turn|10
|
|t:|1756490258
|move|p1a: Primarina|Protect|p1a: Primarina
|-singleturn|p1a: Primarina|Protect
|move|p2a: Incineroar|Fake Out|p1b: Electabuzz
|-damage|p1b: Electabuzz|12/100
|move|p2b: Gothitelle|Psychic|p1a: Primarina
|-activate|p1a: Primarina|move: Protect
|cant|p1b: Electabuzz|flinch
|
|-fieldend|move: Trick Room
|upkeep
|turn|11
|-message|DonDeLenguas forfeited.
|
|win|Zacharykeith
