|j|☆EmanuelaOrlandiVGC
|j|☆xDanyul
|html|EmanuelaOrlandiVGCxDanyul    
|uhtml|bestof|Game 1 of a best-of-3
|t:|1783379600
|gametype|doubles
|player|p1|EmanuelaOrlandiVGC|kieran-champion|1318
|player|p2|xDanyul|elaine|1326
|gen|9
|tier|[Gen 9 Champions] VGC 2026 Reg M-B (Bo3)
|rated|
|rule|Species Clause: Limit one of each Pokémon
|rule|Item Clause: Limit 1 of each item
|clearpoke
|poke|p1|Aerodactyl, L50, F|
|poke|p1|Garchomp, L50, F|
|poke|p1|Charizard, L50, M|
|poke|p1|Sylveon, L50, F|
|poke|p1|Farigiraf, L50, F|
|poke|p1|Kingambit, L50, M|
|poke|p2|Dragalge, L50, M|
|poke|p2|Sinistcha, L50|
|poke|p2|Blaziken, L50, M|
|poke|p2|Sylveon, L50, M|
|poke|p2|Kingambit, L50, M|
|poke|p2|Aerodactyl, L50, M|
|teampreview|4
|showteam|p1|Aerodactyl||Aerodactylite|Unnerve|RockSlide,Protect,Tailwind,DualWingbeat|Jolly||F|||50|]Garchomp||LifeOrb|RoughSkin|Earthquake,DragonClaw,RockSlide,Protect|Jolly||F|||50|]Charizard||CharizarditeY|Blaze|HeatWave,Protect,SolarBeam,WeatherBall|Modest||M|||50|]Sylveon||FairyFeather|Pixilate|HyperVoice,Detect,QuickAttack,HyperBeam|Modest||F|||50|]Farigiraf||SitrusBerry|ArmorTail|Psychic,Thunderbolt,Protect,TrickRoom|Bold||F|||50|]Kingambit||FocusSash|Defiant|KowtowCleave,IronHead,LowKick,SuckerPunch|Adamant||M|||50|
|showteam|p2|Dragalge||Dragalgite|Adaptability|Protect,DracoMeteor,SludgeBomb,Thunderbolt|Calm||M|||50|]Sinistcha||CobaBerry|Hospitality|Protect,MatchaGotcha,TrickRoom,RagePowder|Calm|||||50|]Blaziken||LifeOrb|SpeedBoost|Detect,Overheat,CloseCombat,RockSlide|Naive||M|||50|]Sylveon||FairyFeather|Pixilate|Detect,HyperVoice,HyperBeam,QuickAttack|Modest||M|||50|]Kingambit||BlackGlasses|Defiant|Protect,KowtowCleave,SuckerPunch,LowKick|Adamant||M|||50|]Aerodactyl||Aerodactylite|Unnerve|RockSlide,DualWingbeat,IceFang,Tailwind|Jolly||M|||50|
|inactive|Battle timer is ON: inactive players will automatically lose when time's up. (requested by EmanuelaOrlandiVGC)
|inactive|EmanuelaOrlandiVGC has 60 seconds left.
|inactive|xDanyul has 60 seconds left.
|
|t:|1783379642
|teamsize|p1|4
|teamsize|p2|4
|start
|switch|p1a: Aerodactyl|Aerodactyl, L50, F|100/100
|switch|p1b: Garchomp|Garchomp, L50, F|100/100
|switch|p2a: Aerodactyl|Aerodactyl, L50, M|100/100
|switch|p2b: Blaziken|Blaziken, L50, M|100/100
|-ability|p2a: Aerodactyl|Unnerve
|-ability|p1a: Aerodactyl|Unnerve
|turn|1
|
|t:|1783379659
|detailschange|p1a: Aerodactyl|Aerodactyl-Mega, L50, F
|-mega|p1a: Aerodactyl|Aerodactyl|Aerodactylite
|detailschange|p2a: Aerodactyl|Aerodactyl-Mega, L50, M
|-mega|p2a: Aerodactyl|Aerodactyl|Aerodactylite
|move|p2b: Blaziken|Detect|p2b: Blaziken
|-singleturn|p2b: Blaziken|Protect
|move|p1a: Aerodactyl|Tailwind|p1a: Aerodactyl
|-sidestart|p1: EmanuelaOrlandiVGC|move: Tailwind
|move|p1b: Garchomp|Rock Slide|p2b: Blaziken|[spread] 
|-activate|p2b: Blaziken|move: Protect
|-miss|p1b: Garchomp|p2a: Aerodactyl
|move|p2a: Aerodactyl|Ice Fang|p1b: Garchomp
|-supereffective|p1b: Garchomp|2
|-damage|p1b: Garchomp|0 fnt
|-damage|p2a: Aerodactyl|87/100|[from] ability: Rough Skin|[of] p1b: Garchomp
|faint|p1b: Garchomp
|
|-ability|p2b: Blaziken|Speed Boost|boost
|-boost|p2b: Blaziken|spe|1
|upkeep
|
|t:|1783379673
|switch|p1b: Kingambit|Kingambit, L50, M|100/100
|turn|2
|inactive|xDanyul has 30 seconds left.
|inactive|xDanyul has 20 seconds left.
|
|t:|1783379710
|switch|p2b: Kingambit|Kingambit, L50, M|100/100
|move|p1a: Aerodactyl|Dual Wingbeat|p2b: Kingambit|[miss]
|-miss|p1a: Aerodactyl|p2b: Kingambit
|move|p2a: Aerodactyl|Tailwind|p2a: Aerodactyl
|-sidestart|p2: xDanyul|move: Tailwind
|move|p1b: Kingambit|Iron Head|p2a: Aerodactyl
|-supereffective|p2a: Aerodactyl|1
|-damage|p2a: Aerodactyl|0 fnt
|faint|p2a: Aerodactyl
|
|upkeep
|
|t:|1783379734
|switch|p2a: Sylveon|Sylveon, L50, M|100/100
|turn|3
|
|t:|1783379751
|move|p2b: Kingambit|Protect|p2b: Kingambit
|-singleturn|p2b: Kingambit|Protect
|move|p1a: Aerodactyl|Rock Slide|p2b: Kingambit|[spread] p2a
|-activate|p2b: Kingambit|move: Protect
|-damage|p2a: Sylveon|64/100
|move|p2a: Sylveon|Hyper Voice|p1b: Kingambit|[spread] p1a,p1b
|-damage|p1a: Aerodactyl|53/100
|-damage|p1b: Kingambit|38/100
|move|p1b: Kingambit|Low Kick|p2b: Kingambit
|-activate|p2b: Kingambit|move: Protect
|
|upkeep
|turn|4
|
|t:|1783379766
|move|p2b: Kingambit|Sucker Punch|p1a: Aerodactyl
|-damage|p1a: Aerodactyl|0 fnt
|faint|p1a: Aerodactyl
|move|p2a: Sylveon|Hyper Voice|p1b: Kingambit
|-damage|p1b: Kingambit|0 fnt
|faint|p1b: Kingambit
|
|-sideend|p1: EmanuelaOrlandiVGC|move: Tailwind
|upkeep
|
|t:|1783379772
|switch|p1b: Sylveon|Sylveon, L50, F|100/100
|turn|5
|
|t:|1783379779
|move|p1b: Sylveon|Detect|p1b: Sylveon
|-singleturn|p1b: Sylveon|Protect
|move|p2a: Sylveon|Hyper Beam|p1b: Sylveon
|-activate|p1b: Sylveon|move: Protect
|move|p2b: Kingambit|Kowtow Cleave|p1b: Sylveon
|-activate|p1b: Sylveon|move: Protect
|
|-sideend|p2: xDanyul|move: Tailwind
|upkeep
|turn|6
|-message|EmanuelaOrlandiVGC forfeited.
|
|win|xDanyul
|l|☆EmanuelaOrlandiVGC
|player|p1|
||EmanuelaOrlandiVGC is ready for game 2.
||xDanyul is ready for game 2.
|uhtml|next|Next: Game 2 of 3
