|j|☆BigE3L
|j|☆CW-EB9000
|html|BigE3LCW-EB9000    
|uhtml|bestof|Game 2 of a best-of-3
|t:|1757710346
|gametype|doubles
|player|p1|BigE3L|gambler|1210
|player|p2|CW-EB9000|170|1307
|gen|9
|tier|[Gen 9] VGC 2025 Reg H (Bo3)
|rated|
|rule|Species Clause: Limit one of each Pokémon
|rule|Item Clause: Limit 1 of each item
|clearpoke
|poke|p1|Torkoal, L50, F|
|poke|p1|Porygon2, L50|
|poke|p1|Ursaluna, L50, M|
|poke|p1|Rillaboom, L50, F|
|poke|p1|Lilligant-Hisui, L50, F|
|poke|p1|Ninetales, L50, M|
|poke|p2|Dragonite, L50, M|
|poke|p2|Garchomp, L50, M|
|poke|p2|Gholdengo, L50|
|poke|p2|Whimsicott, L50, F|
|poke|p2|Typhlosion-Hisui, L50, F|
|poke|p2|Sneasler, L50, M|
|teampreview|4
|showteam|p1|Torkoal||Charcoal|Drought|Eruption,EarthPower,HeatWave,Protect|||F|||50|,,,,,Ghost]Porygon2||Eviolite|Download|TrickRoom,Recover,TeraBlast,IceBeam||||||50|,,,,,Grass]Ursaluna||FlameOrb|Guts|Facade,HeadlongRush,Earthquake,Protect|||M|||50|,,,,,Ghost]Rillaboom||AssaultVest|GrassySurge|FakeOut,GrassyGlide,WoodHammer,HighHorsepower|||F|||50|,,,,,Fire]Lilligant-Hisui||CovertCloak|Chlorophyll|Protect,SleepPowder,AfterYou,LeafBlade|||F|||50|,,,,,Water]Ninetales||FocusSash|Drought|ScorchingSands,WeatherBall,Protect,SolarBeam|||M|||50|,,,,,Grass
|showteam|p2|Dragonite||LoadedDice|Multiscale|ScaleShot,ExtremeSpeed,Haze,Protect|||M|||50|,,,,,Fairy]Garchomp||ClearAmulet|RoughSkin|RockSlide,DragonClaw,Earthquake,Protect|||M|||50|,,,,,Steel]Gholdengo||ChoiceSpecs|GoodasGold|MakeItRain,ShadowBall,PowerGem,Thunderbolt||||||50|,,,,,Steel]Whimsicott||CovertCloak|Prankster|Moonblast,Encore,Tailwind,SunnyDay|||F|||50|,,,,,Water]Typhlosion-Hisui||ChoiceScarf|Blaze|Eruption,HeatWave,ShadowBall,FocusBlast|||F|||50|,,,,,Fire]Sneasler||FocusSash|Unburden|FakeOut,DireClaw,CloseCombat,Coaching|||M|||50|,,,,,Dark
|inactive|Battle timer is ON: inactive players will automatically lose when time's up. (requested by BigE3L)
|inactive|CW-EB9000 has 60 seconds left.
|
|t:|1757710401
|teamsize|p1|4
|teamsize|p2|4
|start
|switch|p1a: Porygon2|Porygon2, L50|100/100
|switch|p1b: Rillaboom|Rillaboom, L50, F|100/100
|switch|p2a: Whimsicott|Whimsicott, L50, F|100/100
|switch|p2b: Typhlosion|Typhlosion-Hisui, L50, F|100/100
|-fieldstart|move: Grassy Terrain|[from] ability: Grassy Surge|[of] p1b: Rillaboom
|-ability|p1a: Porygon2|Download|boost
|-boost|p1a: Porygon2|spa|1
|turn|1
|inactive|CW-EB9000 has 30 seconds left.
|
|t:|1757710434
|-terastallize|p1b: Rillaboom|Fire
|move|p1b: Rillaboom|Fake Out|p2b: Typhlosion
|-immune|p2b: Typhlosion
|move|p2a: Whimsicott|Sunny Day|p2a: Whimsicott
|-weather|SunnyDay
|move|p2b: Typhlosion|Heat Wave|p1b: Rillaboom|[spread] p1a,p1b
|-resisted|p1b: Rillaboom
|-damage|p1a: Porygon2|68/100
|-damage|p1b: Rillaboom|79/100
|move|p1a: Porygon2|Trick Room|p1a: Porygon2
|-fieldstart|move: Trick Room|[of] p1a: Porygon2
|
|-weather|SunnyDay|[upkeep]
|-heal|p1a: Porygon2|74/100|[from] Grassy Terrain
|-heal|p1b: Rillaboom|85/100|[from] Grassy Terrain
|upkeep
|turn|2
|
|t:|1757710447
|switch|p1a: Torkoal|Torkoal, L50, F|100/100
|move|p1b: Rillaboom|Grassy Glide|p2b: Typhlosion
|-resisted|p2b: Typhlosion
|-damage|p2b: Typhlosion|75/100
|move|p2a: Whimsicott|Encore||[still]
|-fail|p2a: Whimsicott
|move|p2b: Typhlosion|Heat Wave|p1b: Rillaboom|[spread] p1a,p1b
|-resisted|p1a: Torkoal
|-resisted|p1b: Rillaboom
|-damage|p1a: Torkoal|64/100
|-damage|p1b: Rillaboom|65/100
|
|-weather|SunnyDay|[upkeep]
|-heal|p1a: Torkoal|71/100|[from] Grassy Terrain
|-heal|p1b: Rillaboom|71/100|[from] Grassy Terrain
|-heal|p2b: Typhlosion|81/100|[from] Grassy Terrain
|upkeep
|turn|3
|inactive|CW-EB9000 has 30 seconds left.
|
|t:|1757710473
|-terastallize|p2a: Whimsicott|Water
|move|p1a: Torkoal|Eruption|p2a: Whimsicott|[spread] p2a,p2b
|-resisted|p2a: Whimsicott
|-resisted|p2b: Typhlosion
|-damage|p2a: Whimsicott|53/100
|-damage|p2b: Typhlosion|43/100
|move|p1b: Rillaboom|High Horsepower|p2b: Typhlosion
|-supereffective|p2b: Typhlosion
|-damage|p2b: Typhlosion|0 fnt
|faint|p2b: Typhlosion
|move|p2a: Whimsicott|Moonblast|p1a: Torkoal
|-resisted|p1a: Torkoal
|-damage|p1a: Torkoal|49/100
|
|-weather|SunnyDay|[upkeep]
|-heal|p1a: Torkoal|55/100|[from] Grassy Terrain
|-heal|p1b: Rillaboom|78/100|[from] Grassy Terrain
|-heal|p2a: Whimsicott|59/100|[from] Grassy Terrain
|upkeep
|
|t:|1757710485
|switch|p2b: Dragonite|Dragonite, L50, M|100/100
|turn|4
|
|t:|1757710498
|switch|p2a: Gholdengo|Gholdengo, L50|100/100
|move|p2b: Dragonite|Extreme Speed|p1a: Torkoal
|-damage|p1a: Torkoal|32/100
|move|p1b: Rillaboom|Grassy Glide|p2a: Gholdengo
|-resisted|p2a: Gholdengo
|-damage|p2a: Gholdengo|81/100
|move|p1a: Torkoal|Heat Wave|p2b: Dragonite|[spread] p2a,p2b
|-supereffective|p2a: Gholdengo
|-resisted|p2b: Dragonite
|-damage|p2a: Gholdengo|0 fnt
|-damage|p2b: Dragonite|88/100
|-status|p2b: Dragonite|brn
|faint|p2a: Gholdengo
|
|-weather|SunnyDay|[upkeep]
|-heal|p1a: Torkoal|38/100|[from] Grassy Terrain
|-heal|p1b: Rillaboom|84/100|[from] Grassy Terrain
|-damage|p2b: Dragonite|82/100 brn|[from] brn
|upkeep
|
|t:|1757710509
|switch|p2a: Whimsicott|Whimsicott, L50, F, tera:Water|59/100
|turn|5
|
|t:|1757710529
|move|p2b: Dragonite|Extreme Speed|p1a: Torkoal
|-damage|p1a: Torkoal|27/100
|move|p1b: Rillaboom|Grassy Glide|p2a: Whimsicott
|-supereffective|p2a: Whimsicott
|-damage|p2a: Whimsicott|0 fnt
|faint|p2a: Whimsicott
|move|p1a: Torkoal|Heat Wave|p2b: Dragonite|[miss]
|-miss|p1a: Torkoal|p2b: Dragonite
|
|-weather|none
|-heal|p1a: Torkoal|33/100|[from] Grassy Terrain
|-heal|p1b: Rillaboom|90/100|[from] Grassy Terrain
|-damage|p2b: Dragonite|76/100 brn|[from] brn
|-fieldend|move: Trick Room
|-fieldend|move: Grassy Terrain
|upkeep
|turn|6
|-message|CW-EB9000 forfeited.
|
|win|BigE3L
|raw|BigE3L's rating: 1210 → 1242(+32 for winning)
|raw|CW-EB9000's rating: 1307 → 1282(-25 for losing)
|l|☆CW-EB9000
|player|p2|
|l|☆BigE3L
|player|p1|
