|j|☆MitsuruXYukari
|j|☆BlackStag52
|html|MitsuruXYukariBlackStag52    
|uhtml|bestof|Game 1 of a best-of-3
|t:|1782349611
|gametype|doubles
|player|p1|MitsuruXYukari|dahlia|1153
|player|p2|BlackStag52|lorelei-gen3|1160
|gen|9
|tier|[Gen 9 Champions] VGC 2026 Reg M-B (Bo3)
|rated|
|rule|Species Clause: Limit one of each Pokémon
|rule|Item Clause: Limit 1 of each item
|clearpoke
|poke|p1|Altaria, L50, M, shiny|
|poke|p1|Gholdengo, L50|
|poke|p1|Incineroar, L50, F|
|poke|p1|Mamoswine, L50, M|
|poke|p1|Glimmora, L50, F|
|poke|p1|Rotom-Wash, L50, shiny|
|poke|p2|Garchomp, L50, M|
|poke|p2|Eelektross, L50, M|
|poke|p2|Sinistcha, L50|
|poke|p2|Primarina, L50, F|
|poke|p2|Vivillon-High Plains, L50, F|
|poke|p2|Sneasler, L50, F|
|teampreview|4
|showteam|p1|Altaria||Altarianite|CloudNine|Tailwind,HyperVoice,FireBlast,Protect|Modest||M|||50|]Gholdengo||Leftovers|GoodasGold|ShadowBall,MakeItRain,NastyPlot,Protect|Timid|||||50|]Incineroar||SitrusBerry|Intimidate|FakeOut,FlareBlitz,ThroatChop,PartingShot|Careful||F|||50|]Mamoswine||FocusSash|Oblivious|IceShard,IcicleCrash,HighHorsepower,Protect|Adamant||M|||50|]Glimmora||Glimmoranite|ToxicDebris|PowerGem,SludgeBomb,EarthPower,SpikyShield|Timid||F|||50|]Rotom-Wash||LifeOrb|Levitate|HydroPump,Thunderbolt,WillOWisp,Protect|Timid|||||50|
|showteam|p2|Garchomp||LifeOrb|RoughSkin|DragonClaw,Earthquake,Protect,RockSlide|Impish||M|||50|]Eelektross||Eelektrossite|Levitate|GrassKnot,Thunderbolt,Protect,Flamethrower|Modest||M|||50|]Sinistcha||KasibBerry|Hospitality|MatchaGotcha,RagePowder,TrickRoom,LifeDew|Bold|||||50|]Primarina||FairyFeather|LiquidVoice|DazzlingGleam,EnergyBall,HyperVoice,Protect|Modest||F|||50|]Vivillon-High Plains||FocusSash|FriendGuard|Tailwind,AirSlash,PollenPuff,Protect|Timid||F|||50|]Sneasler||WhiteHerb|Unburden|FakeOut,CloseCombat,DireClaw,Protect|Adamant||F|||50|
|inactive|Battle timer is ON: inactive players will automatically lose when time's up. (requested by MitsuruXYukari)
|
|t:|1782349679
|teamsize|p1|4
|teamsize|p2|4
|start
|switch|p1a: Mamoswine|Mamoswine, L50, M|100/100
|switch|p1b: Glimmora|Glimmora, L50, F|100/100
|switch|p2a: Sneasler|Sneasler, L50, F|100/100
|switch|p2b: Eelektross|Eelektross, L50, M|100/100
|turn|1
|j| we_are_toasted
|
|t:|1782349705
|switch|p1a: Gholdengo|Gholdengo, L50|100/100
|detailschange|p1b: Glimmora|Glimmora-Mega, L50, F
|-mega|p1b: Glimmora|Glimmora|Glimmoranite
|detailschange|p2b: Eelektross|Eelektross-Mega, L50, M
|-mega|p2b: Eelektross|Eelektross|Eelektrossite
|move|p2a: Sneasler|Close Combat|p1a: Gholdengo
|-immune|p1a: Gholdengo
|move|p1b: Glimmora|Earth Power|p2a: Sneasler
|-supereffective|p2a: Sneasler|1
|-damage|p2a: Sneasler|7/100
|move|p2b: Eelektross|Grass Knot|p1a: Gholdengo
|-resisted|p1a: Gholdengo|1
|-damage|p1a: Gholdengo|90/100
|
|-heal|p1a: Gholdengo|96/100|[from] item: Leftovers
|upkeep
|turn|2
|inactive|BlackStag52 has 30 seconds left.
|
|t:|1782349735
|switch|p2a: Garchomp|Garchomp, L50, M|100/100
|move|p1b: Glimmora|Sludge Bomb|p2b: Eelektross
|-damage|p2b: Eelektross|35/100
|move|p1a: Gholdengo|Make It Rain|p2a: Garchomp|[spread] p2a,p2b
|-resisted|p2b: Eelektross|1
|-damage|p2a: Garchomp|55/100
|-damage|p2b: Eelektross|13/100
|-unboost|p1a: Gholdengo|spa|2
|move|p2b: Eelektross|Flamethrower|p1a: Gholdengo
|-supereffective|p1a: Gholdengo|1
|-damage|p1a: Gholdengo|29/100
|
|-heal|p1a: Gholdengo|35/100|[from] item: Leftovers
|upkeep
|turn|3
|l| we_are_toasted
|
|t:|1782349757
|move|p1b: Glimmora|Spiky Shield|p1b: Glimmora
|-singleturn|p1b: Glimmora|move: Protect
|move|p2b: Eelektross|Protect|p2b: Eelektross
|-singleturn|p2b: Eelektross|Protect
|move|p2a: Garchomp|Earthquake|p1a: Gholdengo|[spread] p1a
|-activate|p2b: Eelektross|move: Protect
|-activate|p1b: Glimmora|move: Protect
|-supereffective|p1a: Gholdengo|1
|-damage|p1a: Gholdengo|0 fnt
|faint|p1a: Gholdengo
|-damage|p2a: Garchomp|45/100|[from] item: Life Orb
|
|upkeep
|
|t:|1782349759
|switch|p1a: Mamoswine|Mamoswine, L50, M|100/100
|turn|4
|inactive|BlackStag52 has 30 seconds left.
|inactive|BlackStag52 has 20 seconds left.
|
|t:|1782349794
|move|p1a: Mamoswine|Ice Shard|p2a: Garchomp
|-supereffective|p2a: Garchomp|2
|-damage|p2a: Garchomp|0 fnt
|faint|p2a: Garchomp
|move|p1b: Glimmora|Sludge Bomb|p2b: Eelektross
|-damage|p2b: Eelektross|0 fnt
|faint|p2b: Eelektross
|
|upkeep
|
|t:|1782349801
|switch|p2a: Sneasler|Sneasler, L50, F|7/100
|switch|p2b: Sinistcha|Sinistcha, L50|100/100
|-heal|p2a: Sneasler|31/100|[from] ability: Hospitality|[of] p2b: Sinistcha
|turn|5
|
|t:|1782349816
|move|p1a: Mamoswine|Protect|p1a: Mamoswine
|-singleturn|p1a: Mamoswine|Protect
|move|p2a: Sneasler|Fake Out|p1a: Mamoswine
|-activate|p1a: Mamoswine|move: Protect
|move|p1b: Glimmora|Sludge Bomb|p2b: Sinistcha
|-damage|p2b: Sinistcha|40/100
|move|p2b: Sinistcha|Matcha Gotcha|p1b: Glimmora|[spread] p1b
|-activate|p1a: Mamoswine|move: Protect
|-damage|p1b: Glimmora|70/100
|-heal|p2b: Sinistcha|54/100|[from] drain|[of] p1b: Glimmora
|
|upkeep
|turn|6
|
|t:|1782349832
|move|p1a: Mamoswine|Ice Shard|p2a: Sneasler
|-damage|p2a: Sneasler|0 fnt
|faint|p2a: Sneasler
|move|p1b: Glimmora|Sludge Bomb|p2b: Sinistcha
|-damage|p2b: Sinistcha|0 fnt
|faint|p2b: Sinistcha
|
|win|MitsuruXYukari
