|j|☆vglabmty
|j|☆DioXyPKMN
|html|vglabmtyDioXyPKMN    
|uhtml|bestof|Game 1 of a best-of-3
|t:|1784592872
|gametype|doubles
|player|p1|vglabmty|scientist|1095
|player|p2|DioXyPKMN|caitlin|1040
|gen|9
|tier|[Gen 9 Champions] VGC 2026 Reg M-B (Bo3)
|rated|
|rule|Species Clause: Limit one of each Pokémon
|rule|Item Clause: Limit 1 of each item
|clearpoke
|poke|p1|Tyranitar, L50, F|
|poke|p1|Rotom-Mow, L50|
|poke|p1|Farigiraf, L50, M|
|poke|p1|Sneasler, L50, F|
|poke|p1|Houndstone, L50, M|
|poke|p1|Mamoswine, L50, F|
|poke|p2|Delphox, L50, F|
|poke|p2|Sneasler, L50, M|
|poke|p2|Sinistcha, L50|
|poke|p2|Incineroar, L50, F|
|poke|p2|Blastoise, L50, F|
|poke|p2|Kingambit, L50, M|
|teampreview|4
|showteam|p1|Tyranitar||Tyranitarite|SandStream|Protect,DragonDance,Crunch,RockSlide|Adamant||F|||50|]Rotom-Mow||Leftovers|Levitate|WillOWisp,Electroweb,LeafStorm,Protect|Calm|||||50|]Farigiraf||SitrusBerry|ArmorTail|HelpingHand,TrickRoom,TwinBeam,Thunderbolt|Relaxed||M|||50|]Sneasler||WhiteHerb|Unburden|FakeOut,DireClaw,CloseCombat,ThroatChop|Adamant||F|||50|]Houndstone||ColburBerry|SandRush|Protect,Poltergeist,ShadowSneak,BodyPress|Adamant||M|||50|]Mamoswine||LifeOrb|Oblivious|HighHorsepower,IceShard,Protect,RockSlide|Jolly||F|||50|
|showteam|p2|Delphox||Delphoxite|Blaze|HeatWave,Psyshock,NastyPlot,Protect|Timid||F|||50|]Sneasler||FocusSash|PoisonTouch|DireClaw,CloseCombat,FakeOut,QuickGuard|Jolly||M|||50|]Sinistcha||OccaBerry|Hospitality|MatchaGotcha,RagePowder,TrickRoom,Protect|Bold|||||50|]Incineroar||SitrusBerry|Intimidate|FlareBlitz,ThroatChop,PartingShot,FakeOut|Careful||F|||50|]Blastoise||Blastoisinite|Torrent|WaterSpout,DarkPulse,ShellSmash,Protect|Timid||F|||50|]Kingambit||BlackGlasses|Defiant|KowtowCleave,SuckerPunch,SwordsDance,Protect|Adamant||M|||50|
|inactive|Battle timer is ON: inactive players will automatically lose when time's up. (requested by vglabmty)
|inactive|DioXyPKMN has 60 seconds left.
|
|t:|1784592917
|teamsize|p1|4
|teamsize|p2|4
|start
|switch|p1a: Farigiraf|Farigiraf, L50, M|100/100
|switch|p1b: Sneasler|Sneasler, L50, F|100/100
|switch|p2a: Kingambit|Kingambit, L50, M|100/100
|switch|p2b: Sneasler|Sneasler, L50, M|100/100
|turn|1
|inactive|vglabmty has 30 seconds left.
|inactive|DioXyPKMN has 30 seconds left.
|inactive|DioXyPKMN has 20 seconds left.
|inactive|DioXyPKMN has 15 seconds left.
|inactive|DioXyPKMN has 10 seconds left.
|inactive|DioXyPKMN has 5 seconds left.
|
|t:|1784592969
|switch|p2a: Sinistcha|Sinistcha, L50|100/100
|move|p2b: Sneasler|Close Combat|p1a: Farigiraf
|-damage|p1a: Farigiraf|51/100
|-unboost|p2b: Sneasler|def|1
|-unboost|p2b: Sneasler|spd|1
|move|p1b: Sneasler|Close Combat|p2a: Sinistcha
|-immune|p2a: Sinistcha
|move|p1a: Farigiraf|Twin Beam|p2b: Sneasler
|-supereffective|p2b: Sneasler|2
|-enditem|p2b: Sneasler|Focus Sash
|-damage|p2b: Sneasler|1/100
|-supereffective|p2b: Sneasler|2
|-damage|p2b: Sneasler|0 fnt
|faint|p2b: Sneasler
|-hitcount|p2: Sneasler|2
|
|upkeep
|
|t:|1784592983
|switch|p2b: Kingambit|Kingambit, L50, M|100/100
|turn|2
|
|t:|1784592997
|move|p1a: Farigiraf|Helping Hand|p1b: Sneasler
|-singleturn|p1b: Sneasler|Helping Hand|[of] p1a: Farigiraf
|move|p2a: Sinistcha|Protect|p2a: Sinistcha
|-singleturn|p2a: Sinistcha|Protect
|move|p1b: Sneasler|Throat Chop|p2a: Sinistcha
|-activate|p2a: Sinistcha|move: Protect
|move|p2b: Kingambit|Swords Dance|p2b: Kingambit
|-boost|p2b: Kingambit|atk|2
|
|upkeep
|turn|3
|inactive|DioXyPKMN has 30 seconds left.
|
|t:|1784593026
|move|p1a: Farigiraf|Helping Hand|p1b: Sneasler
|-singleturn|p1b: Sneasler|Helping Hand|[of] p1a: Farigiraf
|move|p1b: Sneasler|Throat Chop|p2a: Sinistcha
|-supereffective|p2a: Sinistcha|1
|-damage|p2a: Sinistcha|26/100
|-start|p2a: Sinistcha|Throat Chop|[silent]
|move|p2b: Kingambit|Swords Dance|p2b: Kingambit
|-boost|p2b: Kingambit|atk|2
|move|p2a: Sinistcha|Trick Room|p2a: Sinistcha
|-fieldstart|move: Trick Room|[of] p2a: Sinistcha
|
|upkeep
|turn|4
|
|t:|1784593048
|switch|p1b: Tyranitar|Tyranitar, L50, F|100/100
|-weather|Sandstorm|[from] ability: Sand Stream|[of] p1b: Tyranitar
|move|p2b: Kingambit|Kowtow Cleave|p1b: Tyranitar
|-resisted|p1b: Tyranitar|1
|-damage|p1b: Tyranitar|18/100
|move|p2a: Sinistcha|Matcha Gotcha|p1b: Tyranitar|[spread] p1a,p1b
|-supereffective|p1b: Tyranitar|1
|-damage|p1a: Farigiraf|29/100
|-heal|p2a: Sinistcha|40/100|[from] drain|[of] p1a: Farigiraf
|-damage|p1b: Tyranitar|0 fnt
|-heal|p2a: Sinistcha|50/100y|[from] drain|[of] p1b: Tyranitar
|-status|p1a: Farigiraf|brn
|-enditem|p1a: Farigiraf|Sitrus Berry|[eat]
|-heal|p1a: Farigiraf|54/100 brn|[from] item: Sitrus Berry
|faint|p1b: Tyranitar
|move|p1a: Farigiraf|Trick Room|p1a: Farigiraf
|-fieldend|move: Trick Room
|
|-weather|Sandstorm|[upkeep]
|-damage|p2a: Sinistcha|43/100|[from] Sandstorm
|-damage|p1a: Farigiraf|48/100 brn|[from] Sandstorm
|-damage|p1a: Farigiraf|42/100 brn|[from] brn
|-end|p2a: Sinistcha|Throat Chop|[silent]
|upkeep
|
|t:|1784593058
|switch|p1b: Sneasler|Sneasler, L50, F|100/100
|turn|5
|inactive|DioXyPKMN has 30 seconds left.
|
|t:|1784593083
|move|p1b: Sneasler|Fake Out|p2b: Kingambit
|-resisted|p2b: Kingambit|1
|-damage|p2b: Kingambit|93/100
|move|p2a: Sinistcha|Rage Powder|p2a: Sinistcha
|-singleturn|p2a: Sinistcha|move: Rage Powder
|move|p1a: Farigiraf|Twin Beam|p2a: Sinistcha
|-damage|p2a: Sinistcha|30/100
|-damage|p2a: Sinistcha|16/100
|-hitcount|p2a: Sinistcha|2
|cant|p2b: Kingambit|flinch
|
|-weather|Sandstorm|[upkeep]
|-damage|p1b: Sneasler|94/100|[from] Sandstorm
|-damage|p2a: Sinistcha|10/100|[from] Sandstorm
|-damage|p1a: Farigiraf|36/100 brn|[from] Sandstorm
|-damage|p1a: Farigiraf|29/100 brn|[from] brn
|upkeep
|turn|6
|
|t:|1784593102
|switch|p1b: Houndstone|Houndstone, L50, M|100/100
|move|p2a: Sinistcha|Rage Powder|p2a: Sinistcha
|-singleturn|p2a: Sinistcha|move: Rage Powder
|move|p1a: Farigiraf|Twin Beam|p2a: Sinistcha
|-damage|p2a: Sinistcha|0 fnt
|faint|p2a: Sinistcha
|-hitcount|p2: Sinistcha|1
|move|p2b: Kingambit|Kowtow Cleave|p1a: Farigiraf
|-supereffective|p1a: Farigiraf|1
|-damage|p1a: Farigiraf|0 fnt
|faint|p1a: Farigiraf
|
|-weather|Sandstorm|[upkeep]
|upkeep
|
|t:|1784593111
|switch|p2a: Blastoise|Blastoise, L50, F|100/100
|switch|p1a: Sneasler|Sneasler, L50, F|94/100
|turn|7
|
|t:|1784593125
|detailschange|p2a: Blastoise|Blastoise-Mega, L50, F
|-mega|p2a: Blastoise|Blastoise|Blastoisinite
|move|p2a: Blastoise|Protect|p2a: Blastoise
|-singleturn|p2a: Blastoise|Protect
|move|p2b: Kingambit|Protect|p2b: Kingambit
|-singleturn|p2b: Kingambit|Protect
|move|p1b: Houndstone|Poltergeist|p2a: Blastoise
|-activate|p2a: Blastoise|move: Protect
|move|p1a: Sneasler|Close Combat|p2b: Kingambit
|-activate|p2b: Kingambit|move: Protect
|
|-weather|Sandstorm|[upkeep]
|-damage|p1a: Sneasler|88/100|[from] Sandstorm
|-damage|p2a: Blastoise|94/100|[from] Sandstorm
|upkeep
|turn|8
|inactive|DioXyPKMN has 30 seconds left.
|inactive|DioXyPKMN has 20 seconds left.
|
|t:|1784593161
|move|p2b: Kingambit|Sucker Punch|p1a: Sneasler
|-resisted|p1a: Sneasler|1
|-damage|p1a: Sneasler|0 fnt
|faint|p1a: Sneasler
|move|p1b: Houndstone|Poltergeist|p2a: Blastoise
|-activate|p2a: Blastoise|move: Poltergeist|Blastoisinite
|-damage|p2a: Blastoise|38/100
|move|p2a: Blastoise|Water Spout|p1b: Houndstone
|-damage|p1b: Houndstone|61/100
|
|-weather|none
|upkeep
|turn|9
|c|☆DioXyPKMN|gg
|-message|vglabmty forfeited.
|
|win|DioXyPKMN
|l|☆vglabmty
|player|p1|
||DioXyPKMN is ready for game 2.
||vglabmty is ready for game 2.
|uhtml|next|Next: Game 2 of 3
