|j|☆Giocostorto
|j|☆scottedstone
|html|Giocostortoscottedstone    
|uhtml|bestof|Game 1 of a best-of-3
|t:|1756928425
|gametype|doubles
|player|p1|Giocostorto|palmer|1153
|player|p2|scottedstone|2|1142
|gen|9
|tier|[Gen 9] VGC 2025 Reg H (Bo3)
|rated|
|rule|Species Clause: Limit one of each Pokémon
|rule|Item Clause: Limit 1 of each item
|clearpoke
|poke|p1|Misdreavus, L50, F|
|poke|p1|Gothitelle, L50, M|
|poke|p1|Amoonguss, L50, F|
|poke|p1|Incineroar, L50, M|
|poke|p1|Primarina, L50, M|
|poke|p1|Ursaluna, L50, F|
|poke|p2|Pelipper, L50, M|
|poke|p2|Basculegion, L50, M|
|poke|p2|Archaludon, L50, F|
|poke|p2|Sneasler, L50, M|
|poke|p2|Indeedee, L50, M|
|poke|p2|Amoonguss, L50, M|
|teampreview|4
|showteam|p1|Misdreavus||Eviolite|Levitate|Protect,PerishSong,TrickRoom,ShadowBall|||F|||50|,,,,,Fire]Gothitelle||SafetyGoggles|ShadowTag|Protect,Psychic,TrickRoom,FakeOut|||M|||50|,,,,,Water]Amoonguss||MentalHerb|Regenerator|Protect,Spore,RagePowder,PollenPuff|||F|||50|,,,,,Water]Incineroar||MirrorHerb|Intimidate|Protect,FlareBlitz,FakeOut,PartingShot|||M|||50|,,,,,Grass]Primarina||SitrusBerry|LiquidVoice|Protect,Moonblast,PerishSong,HyperVoice|||M|||50|,,,,,Steel]Ursaluna||FlameOrb|Guts|Protect,HeadlongRush,Earthquake,Facade|||F|||50|,,,,,Ghost
|showteam|p2|Pelipper||FocusSash|Drizzle|Hurricane,WeatherBall,Tailwind,Protect|||M|||50|,,,,,Stellar]Basculegion||LifeOrb|SwiftSwim|WaveCrash,LastRespects,AquaJet,Protect|||M|||50|,,,,,Water]Archaludon||AssaultVest|Stamina|DragonPulse,FlashCannon,ElectroShot,BodyPress|||F|||50|,,,,,Grass]Sneasler||PsychicSeed|Unburden|DireClaw,CloseCombat,ThroatChop,Protect|||M|||50|,,,,,Dark]Indeedee||ChoiceScarf|PsychicSurge|ExpandingForce,TeraBlast,Protect,Trick|||M|||50|,,,,,Psychic]Amoonguss||SitrusBerry|Regenerator|PollenPuff,RagePowder,Spore,Protect|||M|||50|,,,,,Water
|inactive|Battle timer is ON: inactive players will automatically lose when time's up. (requested by Giocostorto)
|inactive|Giocostorto has 60 seconds left.
|
|t:|1756928481
|teamsize|p1|4
|teamsize|p2|4
|start
|switch|p1a: Gothitelle|Gothitelle, L50, M|100/100
|switch|p1b: Incineroar|Incineroar, L50, M|100/100
|switch|p2a: Sneasler|Sneasler, L50, M|100/100
|switch|p2b: Indeedee|Indeedee, L50, M|100/100
|-fieldstart|move: Psychic Terrain|[from] ability: Psychic Surge|[of] p2b: Indeedee
|-enditem|p2a: Sneasler|Psychic Seed
|-boost|p2a: Sneasler|spd|1|[from] item: Psychic Seed
|-ability|p1b: Incineroar|Intimidate|boost
|-unboost|p2a: Sneasler|atk|1
|-unboost|p2b: Indeedee|atk|1
|-enditem|p1b: Incineroar|Mirror Herb
|-boost|p1b: Incineroar|spd|1|[from] item: Mirror Herb
|turn|1
|inactive|Giocostorto has 30 seconds left.
|inactive|scottedstone has 30 seconds left.
|inactive|Giocostorto has 20 seconds left.
|inactive|scottedstone has 20 seconds left.
|inactive|Giocostorto has 15 seconds left.
|inactive|Giocostorto has 10 seconds left.
|inactive|Giocostorto has 5 seconds left.
|inactive|scottedstone has 15 seconds left.
|
|t:|1756928534
|-terastallize|p2a: Sneasler|Dark
|move|p2a: Sneasler|Close Combat|p1b: Incineroar
|-supereffective|p1b: Incineroar
|-damage|p1b: Incineroar|34/100
|-unboost|p2a: Sneasler|def|1
|-unboost|p2a: Sneasler|spd|1
|move|p2b: Indeedee|Trick|p1a: Gothitelle
|-activate|p2b: Indeedee|move: Trick|[of] p1a: Gothitelle
|-item|p1a: Gothitelle|Choice Scarf|[from] move: Trick
|-item|p2b: Indeedee|Safety Goggles|[from] move: Trick
|move|p1b: Incineroar|Parting Shot|p2b: Indeedee
|-unboost|p2b: Indeedee|atk|1
|-unboost|p2b: Indeedee|spa|1
|
|t:|1756928547
|switch|p1b: Ursaluna|Ursaluna, L50, F|100/100|[from] Parting Shot
|move|p1a: Gothitelle|Trick Room|p1a: Gothitelle
|-fieldstart|move: Trick Room|[of] p1a: Gothitelle
|
|-status|p1b: Ursaluna|brn|[from] item: Flame Orb
|upkeep
|turn|2
|inactive|Giocostorto has 30 seconds left.
|
|t:|1756928579
|switch|p1a: Amoonguss|Amoonguss, L50, F|100/100
|move|p2b: Indeedee|Protect|p2b: Indeedee
|-singleturn|p2b: Indeedee|Protect
|move|p2a: Sneasler|Protect|p2a: Sneasler
|-singleturn|p2a: Sneasler|Protect
|move|p1b: Ursaluna|Earthquake|p2b: Indeedee|[spread] p1a
|-activate|p2a: Sneasler|move: Protect
|-activate|p2b: Indeedee|move: Protect
|-damage|p1a: Amoonguss|50/100
|
|-damage|p1b: Ursaluna|95/100 brn|[from] brn
|upkeep
|turn|3
|inactive|Giocostorto has 30 seconds left.
|inactive|scottedstone has 30 seconds left.
|
|t:|1756928614
|switch|p2a: Pelipper|Pelipper, L50, M|100/100
|-weather|RainDance|[from] ability: Drizzle|[of] p2a: Pelipper
|move|p2b: Indeedee|Protect|p2b: Indeedee
|-singleturn|p2b: Indeedee|Protect
|move|p1a: Amoonguss|Spore|p2a: Pelipper
|-status|p2a: Pelipper|slp|[from] move: Spore
|move|p1b: Ursaluna|Facade|p2b: Indeedee
|-activate|p2b: Indeedee|move: Protect
|
|-weather|RainDance|[upkeep]
|-damage|p1b: Ursaluna|89/100 brn|[from] brn
|upkeep
|turn|4
|
|t:|1756928640
|move|p1a: Amoonguss|Pollen Puff|p2a: Pelipper
|-resisted|p2a: Pelipper
|-damage|p2a: Pelipper|83/100 slp
|move|p1b: Ursaluna|Headlong Rush|p2b: Indeedee
|-damage|p2b: Indeedee|0 fnt
|-unboost|p1b: Ursaluna|def|1
|-unboost|p1b: Ursaluna|spd|1
|faint|p2b: Indeedee
|cant|p2a: Pelipper|slp
|
|-weather|RainDance|[upkeep]
|-damage|p1b: Ursaluna|83/100 brn|[from] brn
|upkeep
|
|t:|1756928648
|switch|p2b: Basculegion|Basculegion, L50, M|100/100
|turn|5
|inactive|Giocostorto has 30 seconds left.
|
|t:|1756928678
|switch|p1a: Gothitelle|Gothitelle, L50, M|100/100
|cant|p2a: Pelipper|slp
|move|p2b: Basculegion|Protect|p2b: Basculegion
|-singleturn|p2b: Basculegion|Protect
|move|p1b: Ursaluna|Facade|p2a: Pelipper
|-damage|p2a: Pelipper|0 fnt
|faint|p2a: Pelipper
|
|-weather|RainDance|[upkeep]
|-damage|p1b: Ursaluna|77/100 brn|[from] brn
|-fieldend|move: Trick Room
|-fieldend|move: Psychic Terrain
|upkeep
|
|t:|1756928691
|switch|p2a: Sneasler|Sneasler, L50, M, tera:Dark|100/100
|turn|6
|inactive|Giocostorto has 30 seconds left.
|inactive|scottedstone has 30 seconds left.
|
|t:|1756928718
|switch|p1b: Incineroar|Incineroar, L50, M|34/100
|-ability|p1b: Incineroar|Intimidate|boost
|-unboost|p2a: Sneasler|atk|1
|-unboost|p2b: Basculegion|atk|1
|-terastallize|p1a: Gothitelle|Water
|move|p2b: Basculegion|Wave Crash|p1b: Incineroar
|-supereffective|p1b: Incineroar
|-damage|p1b: Incineroar|0 fnt
|faint|p1b: Incineroar
|-damage|p2b: Basculegion|89/100|[from] Recoil
|-damage|p2b: Basculegion|80/100|[from] item: Life Orb
|move|p2a: Sneasler|Close Combat|p1a: Gothitelle
|-damage|p1a: Gothitelle|58/100
|-unboost|p2a: Sneasler|def|1
|-unboost|p2a: Sneasler|spd|1
|move|p1a: Gothitelle|Trick Room|p1a: Gothitelle
|-fieldstart|move: Trick Room|[of] p1a: Gothitelle
|
|-weather|RainDance|[upkeep]
|upkeep
|
|t:|1756928734
|switch|p1b: Ursaluna|Ursaluna, L50, F|77/100 brn
|turn|7
|
|t:|1756928751
|switch|p1a: Amoonguss|Amoonguss, L50, F|83/100
|move|p1b: Ursaluna|Protect|p1b: Ursaluna
|-singleturn|p1b: Ursaluna|Protect
|move|p2a: Sneasler|Protect|p2a: Sneasler
|-singleturn|p2a: Sneasler|Protect
|move|p2b: Basculegion|Aqua Jet|p1b: Ursaluna
|-activate|p1b: Ursaluna|move: Protect
|
|-weather|none
|-damage|p1b: Ursaluna|71/100 brn|[from] brn
|upkeep
|turn|8
|-message|scottedstone forfeited.
|
|win|Giocostorto
||scottedstone is ready for game 2.
||Giocostorto is ready for game 2.
|uhtml|next|Next: Game 2 of 3
|l|☆scottedstone
|player|p2|
|l|☆Giocostorto
|player|p1|
|j|☆Giocostorto
|player|p1|Giocostorto|palmer|
