|j|☆goalie3001
|j|☆pixlrd
|html|goalie3001pixlrd    
|uhtml|bestof|Game 1 of a best-of-3
|t:|1783353522
|gametype|doubles
|player|p1|goalie3001|cyrus|1000
|player|p2|pixlrd|266|1040
|gen|9
|tier|[Gen 9 Champions] VGC 2026 Reg M-B (Bo3)
|rated|
|rule|Species Clause: Limit one of each Pokémon
|rule|Item Clause: Limit 1 of each item
|clearpoke
|poke|p1|Decidueye-Hisui, L50, F|
|poke|p1|Aerodactyl, L50, M|
|poke|p1|Metagross, L50|
|poke|p1|Kingambit, L50, M|
|poke|p1|Basculegion, L50, M|
|poke|p1|Rotom-Heat, L50|
|poke|p2|Heracross, L50, F|
|poke|p2|Altaria, L50, M|
|poke|p2|Liepard, L50, F|
|poke|p2|Scolipede, L50, M|
|poke|p2|Archaludon, L50, F|
|poke|p2|Pelipper, L50, F|
|teampreview|4
|showteam|p1|Decidueye-Hisui||ScopeLens|Scrappy|TripleArrows,LeafBlade,SuckerPunch,Protect|Adamant||F|||50|]Aerodactyl||FocusSash|Unnerve|RockSlide,DualWingbeat,Tailwind,Protect|Jolly||M|||50|]Metagross||Metagrossite|ClearBody|IronHead,PsychicFangs,BulletPunch,Protect|Adamant|||||50|]Kingambit||ChopleBerry|Defiant|SuckerPunch,KowtowCleave,IronHead,Protect|Adamant||M|||50|]Basculegion||LifeOrb|Adaptability|LastRespects,WaveCrash,AquaJet,FlipTurn|Adamant||M|||50|]Rotom-Heat||ChoiceScarf|Levitate|Overheat,VoltSwitch,Thunderbolt,Electroweb|Timid|||||50|
|showteam|p2|Heracross||Heracronite|Swarm|SwordsDance,PinMissile,RockBlast,Protect|Adamant||F|||50|]Altaria||Altarianite|CloudNine|Tailwind,HyperVoice,DracoMeteor,Protect|Hasty||M|||50|]Liepard||FocusSash|Unburden|FakeOut,Encore,BatonPass,FoulPlay|Jolly||F|||50|]Scolipede||WideLens|SpeedBoost|BatonPass,GunkShot,Megahorn,Protect|Adamant||M|||50|]Archaludon||ChoiceScarf|Stamina|Earthquake,ElectroShot,SteelBeam,DracoMeteor|Naive||F|||50|]Pelipper||ExpertBelt|Drizzle|IceBeam,Protect,Tailwind,Hurricane|Bold||F|||50|
|inactive|Battle timer is ON: inactive players will automatically lose when time's up. (requested by goalie3001)
|inactive|goalie3001 has 60 seconds left.
|inactive|pixlrd has 60 seconds left.
|inactive|goalie3001 has 30 seconds left.
|inactive|goalie3001 has 20 seconds left.
|inactive|goalie3001 has 15 seconds left.
|inactive|goalie3001 has 10 seconds left.
|
|t:|1783353603
|teamsize|p1|4
|teamsize|p2|4
|start
|switch|p1a: Decidueye|Decidueye-Hisui, L50, F|100/100
|switch|p1b: Aerodactyl|Aerodactyl, L50, M|100/100
|switch|p2a: Archaludon|Archaludon, L50, F|100/100
|switch|p2b: Pelipper|Pelipper, L50, F|100/100
|-ability|p1b: Aerodactyl|Unnerve
|-weather|RainDance|[from] ability: Drizzle|[of] p2b: Pelipper
|turn|1
|
|t:|1783353625
|move|p2b: Pelipper|Protect|p2b: Pelipper
|-singleturn|p2b: Pelipper|Protect
|move|p1b: Aerodactyl|Tailwind|p1b: Aerodactyl
|-sidestart|p1: goalie3001|move: Tailwind
|move|p1a: Decidueye|Triple Arrows|p2a: Archaludon
|-supereffective|p2a: Archaludon|1
|-damage|p2a: Archaludon|15/100
|-unboost|p2a: Archaludon|def|1
|-ability|p2a: Archaludon|Stamina|boost
|-boost|p2a: Archaludon|def|1
|move|p2a: Archaludon|Electro Shot||[still]
|-prepare|p2a: Archaludon|Electro Shot
|-boost|p2a: Archaludon|spa|1
|-anim|p2a: Archaludon|Electro Shot|p1b: Aerodactyl
|-supereffective|p1b: Aerodactyl|1
|-enditem|p1b: Aerodactyl|Focus Sash
|-damage|p1b: Aerodactyl|1/100
|
|-weather|RainDance|[upkeep]
|upkeep
|turn|2
|
|t:|1783353647
|move|p1b: Aerodactyl|Rock Slide|p2a: Archaludon|[spread] p2a,p2b
|-resisted|p2a: Archaludon|1
|-supereffective|p2b: Pelipper|1
|-crit|p2b: Pelipper
|-damage|p2a: Archaludon|4/100
|-damage|p2b: Pelipper|44/100
|-ability|p2a: Archaludon|Stamina|boost
|-boost|p2a: Archaludon|def|1
|move|p1a: Decidueye|Triple Arrows|p2a: Archaludon
|-supereffective|p2a: Archaludon|1
|-damage|p2a: Archaludon|0 fnt
|faint|p2a: Archaludon
|cant|p2b: Pelipper|flinch
|
|-weather|RainDance|[upkeep]
|upkeep
|
|t:|1783353662
|switch|p2a: Altaria|Altaria, L50, M|100/100
|-ability|p2a: Altaria|Cloud Nine
|turn|3
|
|t:|1783353681
|switch|p1a: Rotom|Rotom-Heat, L50|100/100
|detailschange|p2a: Altaria|Altaria-Mega, L50, M
|-mega|p2a: Altaria|Altaria|Altarianite
|move|p2b: Pelipper|Protect|p2b: Pelipper
|-singleturn|p2b: Pelipper|Protect
|move|p1b: Aerodactyl|Rock Slide|p2a: Altaria|[spread] p2a
|-activate|p2b: Pelipper|move: Protect
|-damage|p2a: Altaria|67/100
|move|p2a: Altaria|Tailwind|p2a: Altaria
|-sidestart|p2: pixlrd|move: Tailwind
|
|-weather|RainDance|[upkeep]
|upkeep
|turn|4
|inactive|pixlrd has 30 seconds left.
|
|t:|1783353708
|switch|p2b: Liepard|Liepard, L50, F|100/100
|move|p1a: Rotom|Electroweb|p2a: Altaria|[spread] p2a,p2b
|-resisted|p2a: Altaria|1
|-damage|p2a: Altaria|56/100
|-damage|p2b: Liepard|66/100
|-unboost|p2a: Altaria|spe|1
|-unboost|p2b: Liepard|spe|1
|move|p1b: Aerodactyl|Rock Slide|p2b: Liepard|[spread] p2a,p2b
|-damage|p2a: Altaria|26/100
|-damage|p2b: Liepard|21/100
|move|p2a: Altaria|Hyper Voice|p1a: Rotom|[spread] p1a,p1b
|-resisted|p1a: Rotom|1
|-damage|p1a: Rotom|76/100
|-damage|p1b: Aerodactyl|0 fnt
|faint|p1b: Aerodactyl
|
|-weather|RainDance|[upkeep]
|-sideend|p1: goalie3001|move: Tailwind
|upkeep
|
|t:|1783353728
|switch|p1b: Basculegion|Basculegion, L50, M|100/100
|turn|5
|inactive|pixlrd has 30 seconds left.
|
|t:|1783353756
|move|p2a: Altaria|Protect|p2a: Altaria
|-singleturn|p2a: Altaria|Protect
|move|p1b: Basculegion|Aqua Jet|p2a: Altaria
|-activate|p2a: Altaria|move: Protect
|move|p2b: Liepard|Foul Play|p1b: Basculegion
|-supereffective|p1b: Basculegion|1
|-damage|p1b: Basculegion|0 fnt
|faint|p1b: Basculegion
|move|p1a: Rotom|Electroweb|p2a: Altaria|[spread] 
|-activate|p2a: Altaria|move: Protect
|-miss|p1a: Rotom|p2b: Liepard
|
|-weather|none
|upkeep
|
|t:|1783353769
|switch|p1b: Decidueye|Decidueye-Hisui, L50, F|100/100
|turn|6
|inactive|pixlrd has 30 seconds left.
|
|t:|1783353800
|move|p1b: Decidueye|Sucker Punch|p2a: Altaria
|-resisted|p2a: Altaria|1
|-damage|p2a: Altaria|11/100
|move|p2b: Liepard|Foul Play|p1b: Decidueye
|-resisted|p1b: Decidueye|1
|-damage|p1b: Decidueye|67/100
|move|p1a: Rotom|Electroweb|p2a: Altaria|[spread] p2a
|-miss|p1a: Rotom|p2b: Liepard
|-resisted|p2a: Altaria|1
|-damage|p2a: Altaria|1/100
|-unboost|p2a: Altaria|spe|1
|move|p2a: Altaria|Hyper Voice|p1b: Decidueye|[spread] p1a,p1b
|-resisted|p1a: Rotom|1
|-supereffective|p1b: Decidueye|1
|-damage|p1a: Rotom|52/100
|-damage|p1b: Decidueye|0 fnt
|faint|p1b: Decidueye
|
|-sideend|p2: pixlrd|move: Tailwind
|upkeep
|turn|7
|inactive|pixlrd has 30 seconds left.
|inactive|pixlrd has 20 seconds left.
|c|☆goalie3001|How many times can I miss a 95% accurate move?
|inactive|pixlrd has 15 seconds left.
|
|t:|1783353841
|move|p1a: Rotom|Electroweb|p2b: Liepard|[spread] p2a,p2b
|-resisted|p2a: Altaria|1
|-damage|p2a: Altaria|0 fnt
|-damage|p2b: Liepard|0 fnt
|faint|p2a: Altaria
|faint|p2b: Liepard
|
|upkeep
|
|t:|1783353845
|switch|p2b: Pelipper|Pelipper, L50, F|44/100
|-weather|RainDance|[from] ability: Drizzle|[of] p2b: Pelipper
|turn|8
|
|t:|1783353855
|move|p1a: Rotom|Electroweb|p2b: Pelipper|[miss]
|-miss|p1a: Rotom|p2b: Pelipper
|move|p2b: Pelipper|Hurricane|p1a: Rotom
|-resisted|p1a: Rotom|1
|-damage|p1a: Rotom|25/100
|
|-weather|RainDance|[upkeep]
|upkeep
|turn|9
|
|t:|1783353864
|move|p1a: Rotom|Electroweb|p2b: Pelipper
|-supereffective|p2b: Pelipper|2
|-damage|p2b: Pelipper|0 fnt
|faint|p2b: Pelipper
|
|win|goalie3001
||pixlrd is ready for game 2.
||goalie3001 is ready for game 2.
|uhtml|next|Next: Game 2 of 3
