|j|☆new mental
|j|☆tipolucha
|html|new mentaltipolucha    
|uhtml|bestof|Game 2 of a best-of-3
|t:|1783679205
|gametype|doubles
|player|p1|new mental|volkner|1260
|player|p2|tipolucha|169|1146
|gen|9
|tier|[Gen 9 Champions] VGC 2026 Reg M-B (Bo3)
|rated|
|rule|Species Clause: Limit one of each Pokémon
|rule|Item Clause: Limit 1 of each item
|clearpoke
|poke|p1|Charizard, L50, F|
|poke|p1|Kingambit, L50, M|
|poke|p1|Sylveon, L50, F|
|poke|p1|Garchomp, L50, M|
|poke|p1|Aerodactyl, L50, F|
|poke|p1|Farigiraf, L50, F|
|poke|p2|Whimsicott, L50, F|
|poke|p2|Froslass, L50, F|
|poke|p2|Charizard, L50, M|
|poke|p2|Sneasler, L50, F|
|poke|p2|Milotic, L50, M|
|poke|p2|Glimmora, L50, M|
|teampreview|4
|showteam|p1|Charizard||CharizarditeY|SolarPower|Protect,HeatWave,SolarBeam,WeatherBall|Modest||F|||50|]Kingambit||FocusSash|Defiant|IronHead,SuckerPunch,KowtowCleave,LowKick|Adamant||M|||50|]Sylveon||FairyFeather|Pixilate|Detect,HyperVoice,HyperBeam,QuickAttack|Modest||F|||50|]Garchomp||LifeOrb|RoughSkin|Protect,DragonClaw,Earthquake,RockSlide|Jolly||M|||50|]Aerodactyl||Aerodactylite|Unnerve|IceFang,RockSlide,Tailwind,DualWingbeat|Jolly||F|||50|]Farigiraf||SitrusBerry|ArmorTail|TrickRoom,Psychic,Thunderbolt,Roar|Bold||F|||50|
|showteam|p2|Whimsicott||FocusSash|Prankster|Tailwind,EnergyBall,Moonblast,FakeTears|Timid||F|||50|]Froslass||Froslassite|SnowCloak|Blizzard,AuroraVeil,ShadowBall,Protect|Timid||F|||50|]Charizard||CharizarditeX|Blaze|DragonDance,Protect,FlareBlitz,DragonClaw|Adamant||M|||50|]Sneasler||WhiteHerb|Unburden|CloseCombat,FakeOut,DireClaw,RockSlide|Adamant||F|||50|]Milotic||MysticWater|Competitive|AlluringVoice,Scald,IcyWind,Protect|Modest||M|||50|]Glimmora||LifeOrb|ToxicDebris|Protect,SludgeBomb,PowerGem,EarthPower|Timid||M|||50|
|inactive|Battle timer is ON: inactive players will automatically lose when time's up. (requested by new mental)
|
|t:|1783679304
|teamsize|p1|4
|teamsize|p2|4
|start
|switch|p1a: Farigiraf|Farigiraf, L50, F|100/100
|switch|p1b: Kingambit|Kingambit, L50, M|100/100
|switch|p2a: Sneasler|Sneasler, L50, F|100/100
|switch|p2b: Glimmora|Glimmora, L50, M|100/100
|turn|1
|inactive|new mental has 30 seconds left.
|inactive|tipolucha has 30 seconds left.
|inactive|new mental has 20 seconds left.
|inactive|tipolucha has 20 seconds left.
|inactive|new mental has 15 seconds left.
|inactive|tipolucha has 15 seconds left.
|inactive|new mental has 10 seconds left.
|inactive|tipolucha has 10 seconds left.
|
|t:|1783679351
|move|p1b: Kingambit|Sucker Punch|p2a: Sneasler
|-resisted|p2a: Sneasler|1
|-damage|p2a: Sneasler|63/100
|move|p2a: Sneasler|Close Combat|p1a: Farigiraf
|-crit|p1a: Farigiraf
|-damage|p1a: Farigiraf|27/100
|-unboost|p2a: Sneasler|def|1
|-unboost|p2a: Sneasler|spd|1
|-enditem|p1a: Farigiraf|Sitrus Berry|[eat]
|-heal|p1a: Farigiraf|52/100|[from] item: Sitrus Berry
|-enditem|p2a: Sneasler|White Herb
|-clearnegativeboost|p2a: Sneasler|[silent]
|move|p2b: Glimmora|Power Gem|p1a: Farigiraf
|-damage|p1a: Farigiraf|0 fnt
|faint|p1a: Farigiraf
|-damage|p2b: Glimmora|90/100|[from] item: Life Orb
|
|upkeep
|
|t:|1783679366
|switch|p1a: Garchomp|Garchomp, L50, M|100/100
|turn|2
|
|t:|1783679389
|switch|p2a: Froslass|Froslass, L50, F|100/100
|move|p1a: Garchomp|Protect|p1a: Garchomp
|-singleturn|p1a: Garchomp|Protect
|move|p2b: Glimmora|Protect|p2b: Glimmora
|-singleturn|p2b: Glimmora|Protect
|move|p1b: Kingambit|Sucker Punch||[still]
|-fail|p1b: Kingambit
|
|upkeep
|turn|3
|
|t:|1783679411
|detailschange|p2a: Froslass|Froslass-Mega, L50, F
|-mega|p2a: Froslass|Froslass|Froslassite
|-weather|Snowscape|[from] ability: Snow Warning|[of] p2a: Froslass
|move|p1b: Kingambit|Sucker Punch||[still]
|-fail|p1b: Kingambit
|move|p2a: Froslass|Aurora Veil|p2a: Froslass
|-sidestart|p2: tipolucha|move: Aurora Veil
|move|p1a: Garchomp|Earthquake|p2a: Froslass|[spread] p1b,p2a,p2b
|-supereffective|p1b: Kingambit|1
|-supereffective|p2b: Glimmora|2
|-damage|p1b: Kingambit|7/100
|-damage|p2a: Froslass|64/100
|-damage|p2b: Glimmora|0 fnt
|-activate|p2b: Glimmora|ability: Toxic Debris
|-sidestart|p1: new mental|move: Toxic Spikes
|faint|p2b: Glimmora
|-damage|p1a: Garchomp|90/100|[from] item: Life Orb
|
|-weather|Snowscape|[upkeep]
|upkeep
|inactive|tipolucha has 30 seconds left.
|
|t:|1783679438
|switch|p2b: Sneasler|Sneasler, L50, F|63/100
|turn|4
|
|t:|1783679450
|switch|p1a: Charizard|Charizard, L50, F|100/100
|move|p2b: Sneasler|Fake Out|p1b: Kingambit
|-resisted|p1b: Kingambit|1
|-damage|p1b: Kingambit|0 fnt
|faint|p1b: Kingambit
|move|p2a: Froslass|Blizzard|p1a: Charizard
|-damage|p1a: Charizard|32/100
|-status|p1a: Charizard|frz
|
|-weather|Snowscape|[upkeep]
|upkeep
|
|t:|1783679455
|switch|p1b: Garchomp|Garchomp, L50, M|90/100
|-status|p1b: Garchomp|psn
|turn|5
|inactive|new mental has 30 seconds left.
|inactive|new mental has 20 seconds left.
|
|t:|1783679491
|detailschange|p1a: Charizard|Charizard-Mega-Y, L50, F
|-mega|p1a: Charizard|Charizard|Charizardite Y
|-weather|SunnyDay|[from] ability: Drought|[of] p1a: Charizard
|move|p1b: Garchomp|Protect|p1b: Garchomp
|-singleturn|p1b: Garchomp|Protect
|move|p2a: Froslass|Blizzard|p1a: Charizard|[spread] p1a
|-activate|p1b: Garchomp|move: Protect
|-damage|p1a: Charizard|0 fnt
|faint|p1a: Charizard
|move|p2b: Sneasler|Rock Slide|p1b: Garchomp
|-activate|p1b: Garchomp|move: Protect
|
|-weather|SunnyDay|[upkeep]
|-damage|p1b: Garchomp|78/100 psn|[from] psn
|upkeep
|turn|6
|-message|new mental forfeited.
|
|win|tipolucha
|raw|new mental's rating: 1260 → 1227(-33 for losing)
|raw|tipolucha's rating: 1146 → 1179(+33 for winning)
