|j|☆MinasDevilCrobats
|j|☆anivgc
|html|MinasDevilCrobatsanivgc    
|uhtml|bestof|Game 2 of a best-of-3
|t:|1756844597
|gametype|doubles
|player|p1|MinasDevilCrobats|darach-caitlin|1197
|player|p2|anivgc|dawn|1193
|gen|9
|tier|[Gen 9] VGC 2025 Reg H (Bo3)
|rated|
|rule|Species Clause: Limit one of each Pokémon
|rule|Item Clause: Limit 1 of each item
|clearpoke
|poke|p1|Indeedee, L50, M|
|poke|p1|Sneasler, L50, M|
|poke|p1|Dondozo, L50, M|
|poke|p1|Tatsugiri, L50, F|
|poke|p1|Talonflame, L50, M|
|poke|p1|Glimmora, L50, F|
|poke|p2|Garchomp, L50, M|
|poke|p2|Tyranitar, L50, F|
|poke|p2|Gholdengo, L50|
|poke|p2|Incineroar, L50, M|
|poke|p2|Corviknight, L50, F|
|poke|p2|Clefable, L50, M|
|teampreview|4
|showteam|p1|Indeedee||ChoiceScarf|PsychicSurge|ExpandingForce,DazzlingGleam,Trick,Protect|||M|||50|,,,,,Psychic]Sneasler||PsychicSeed|Unburden|CloseCombat,DireClaw,ThroatChop,Protect|||M|||50|,,,,,Dark]Dondozo||Leftovers|Unaware|WaveCrash,OrderUp,Earthquake,Protect|||M|||50|,,,,,Grass]Tatsugiri||LifeOrb|Commander|MuddyWater,DracoMeteor,DragonPulse,Protect|||F|||50|,,,,,Steel]Talonflame||CovertCloak|GaleWings|FlareBlitz,WillOWisp,Tailwind,Taunt|||M|||50|,,,,,Water]Glimmora||PowerHerb|ToxicDebris|MeteorBeam,SludgeBomb,EarthPower,SpikyShield|||F|||50|,,,,,Grass
|showteam|p2|Garchomp||LifeOrb|RoughSkin|Earthquake,DragonClaw,StompingTantrum,Protect|||M|||50|,,,,,Steel]Tyranitar||AssaultVest|SandStream|RockSlide,KnockOff,TeraBlast,LowKick|||F|||50|,,,,,Flying]Gholdengo||MetalCoat|GoodasGold|MakeItRain,ShadowBall,NastyPlot,Protect||||||50|,,,,,Water]Incineroar||SitrusBerry|Intimidate|FlareBlitz,WillOWisp,PartingShot,FakeOut|||M|||50|,,,,,Grass]Corviknight||CovertCloak|MirrorArmor|BraveBird,Taunt,Roost,BodyPress|||F|||50|,,,,,Dragon]Clefable||SafetyGoggles|Unaware|Moonblast,FollowMe,ThunderWave,Protect|||M|||50|,,,,,Fairy
|
|t:|1756844614
|teamsize|p1|4
|teamsize|p2|4
|start
|switch|p1a: Talonflame|Talonflame, L50, M|100/100
|switch|p1b: Glimmora|Glimmora, L50, F|100/100
|switch|p2a: Garchomp|Garchomp, L50, M|100/100
|switch|p2b: Corviknight|Corviknight, L50, F|100/100
|turn|1
|
|t:|1756844624
|-terastallize|p1b: Glimmora|Grass
|move|p2a: Garchomp|Protect|p2a: Garchomp
|-singleturn|p2a: Garchomp|Protect
|move|p1a: Talonflame|Will-O-Wisp|p2a: Garchomp
|-activate|p2a: Garchomp|move: Protect
|move|p1b: Glimmora|Meteor Beam||[still]
|-prepare|p1b: Glimmora|Meteor Beam
|-boost|p1b: Glimmora|spa|1
|-enditem|p1b: Glimmora|Power Herb
|-anim|p1b: Glimmora|Meteor Beam|p2b: Corviknight
|-damage|p2b: Corviknight|0 fnt
|faint|p2b: Corviknight
|
|upkeep
|
|t:|1756844639
|switch|p2b: Gholdengo|Gholdengo, L50|100/100
|turn|2
|
|t:|1756844654
|switch|p2a: Clefable|Clefable, L50, M|100/100
|-terastallize|p2b: Gholdengo|Water
|move|p1a: Talonflame|Will-O-Wisp|p2a: Clefable
|-status|p2a: Clefable|brn
|move|p2b: Gholdengo|Nasty Plot|p2b: Gholdengo
|-boost|p2b: Gholdengo|spa|2
|move|p1b: Glimmora|Earth Power|p2b: Gholdengo
|-damage|p2b: Gholdengo|43/100
|
|-damage|p2a: Clefable|94/100 brn|[from] brn
|upkeep
|turn|3
|
|t:|1756844670
|move|p1b: Glimmora|Spiky Shield|p1b: Glimmora
|-singleturn|p1b: Glimmora|move: Protect
|move|p2a: Clefable|Follow Me|p2a: Clefable
|-singleturn|p2a: Clefable|move: Follow Me
|move|p1a: Talonflame|Taunt|p2a: Clefable
|-start|p2a: Clefable|move: Taunt
|move|p2b: Gholdengo|Make It Rain|p1b: Glimmora|[spread] p1a
|-activate|p1b: Glimmora|move: Protect
|-resisted|p1a: Talonflame
|-damage|p1a: Talonflame|25/100
|-unboost|p2b: Gholdengo|spa|1
|
|-damage|p2a: Clefable|88/100 brn|[from] brn
|upkeep
|turn|4
|
|t:|1756844692
|move|p2b: Gholdengo|Protect|p2b: Gholdengo
|-singleturn|p2b: Gholdengo|Protect
|move|p1a: Talonflame|Tailwind|p1a: Talonflame
|-sidestart|p1: MinasDevilCrobats|move: Tailwind
|move|p1b: Glimmora|Earth Power|p2b: Gholdengo
|-activate|p2b: Gholdengo|move: Protect
|move|p2a: Clefable|Moonblast|p1b: Glimmora
|-damage|p1b: Glimmora|50/100
|-unboost|p1b: Glimmora|spa|1
|
|-damage|p2a: Clefable|82/100 brn|[from] brn
|upkeep
|turn|5
|
|t:|1756844705
|move|p1a: Talonflame|Flare Blitz|p2a: Clefable
|-damage|p2a: Clefable|42/100 brn
|-damage|p1a: Talonflame|9/100|[from] Recoil
|move|p1b: Glimmora|Sludge Bomb|p2b: Gholdengo
|-damage|p2b: Gholdengo|0 fnt
|faint|p2b: Gholdengo
|move|p2a: Clefable|Moonblast|p1b: Glimmora
|-damage|p1b: Glimmora|4/100
|-unboost|p1b: Glimmora|spa|1
|
|-damage|p2a: Clefable|36/100 brn|[from] brn
|upkeep
|
|t:|1756844707
|switch|p2b: Garchomp|Garchomp, L50, M|100/100
|turn|6
|
|t:|1756844730
|switch|p1a: Indeedee|Indeedee, L50, M|100/100
|-fieldstart|move: Psychic Terrain|[from] ability: Psychic Surge|[of] p1a: Indeedee
|move|p1b: Glimmora|Sludge Bomb|p2a: Clefable
|-supereffective|p2a: Clefable
|-damage|p2a: Clefable|0 fnt
|faint|p2a: Clefable
|move|p2b: Garchomp|Dragon Claw|p1a: Indeedee
|-damage|p1a: Indeedee|0 fnt
|faint|p1a: Indeedee
|-damage|p2b: Garchomp|91/100|[from] item: Life Orb
|
|upkeep
|
|t:|1756844741
|switch|p1a: Talonflame|Talonflame, L50, M|9/100
|turn|7
|
|t:|1756844748
|move|p1a: Talonflame|Will-O-Wisp|p2b: Garchomp
|-status|p2b: Garchomp|brn
|move|p1b: Glimmora|Earth Power|p2b: Garchomp
|-damage|p2b: Garchomp|64/100 brn
|move|p2b: Garchomp|Dragon Claw|p1a: Talonflame
|-damage|p1a: Talonflame|0 fnt
|faint|p1a: Talonflame
|-damage|p2b: Garchomp|54/100 brn|[from] item: Life Orb
|
|-damage|p2b: Garchomp|48/100 brn|[from] brn
|-sideend|p1: MinasDevilCrobats|move: Tailwind
|upkeep
|
|t:|1756844755
|switch|p1a: Sneasler|Sneasler, L50, M|100/100
|-enditem|p1a: Sneasler|Psychic Seed
|-boost|p1a: Sneasler|spd|1|[from] item: Psychic Seed
|turn|8
|
|t:|1756844765
|move|p1a: Sneasler|Protect|p1a: Sneasler
|-singleturn|p1a: Sneasler|Protect
|move|p2b: Garchomp|Earthquake|p1b: Glimmora|[spread] p1b
|-activate|p1a: Sneasler|move: Protect
|-resisted|p1b: Glimmora
|-damage|p1b: Glimmora|0 fnt
|-activate|p1b: Glimmora|ability: Toxic Debris
|-sidestart|p2: anivgc|move: Toxic Spikes
|faint|p1b: Glimmora
|-damage|p2b: Garchomp|38/100 brn|[from] item: Life Orb
|
|-damage|p2b: Garchomp|32/100 brn|[from] brn
|upkeep
|turn|9
|
|t:|1756844771
|move|p1a: Sneasler|Close Combat|p2b: Garchomp
|-damage|p2b: Garchomp|0 fnt
|-unboost|p1a: Sneasler|def|1
|-unboost|p1a: Sneasler|spd|1
|-damage|p1a: Sneasler|88/100|[from] ability: Rough Skin|[of] p2b: Garchomp
|faint|p2b: Garchomp
|
|win|MinasDevilCrobats
||anivgc is ready for game 3.
||MinasDevilCrobats is ready for game 3.
|uhtml|next|Next: Game 3 of 3
