|j|☆MrTedno
|j|☆okkoso
|html|MrTednookkoso    
|uhtml|bestof|Game 2 of a best-of-3
|t:|1756422328
|gametype|doubles
|player|p1|MrTedno|barry|1158
|player|p2|okkoso|waiter-gen4dp|1040
|gen|9
|tier|[Gen 9] VGC 2025 Reg H (Bo3)
|rated|
|rule|Species Clause: Limit one of each Pokémon
|rule|Item Clause: Limit 1 of each item
|clearpoke
|poke|p1|Dondozo, L50, F|
|poke|p1|Tatsugiri, L50, F|
|poke|p1|Politoed, L50, M|
|poke|p1|Archaludon, L50, F|
|poke|p1|Amoonguss, L50, F|
|poke|p1|Overqwil, L50, F|
|poke|p2|Ursaluna, L50, M|
|poke|p2|Pelipper, L50, F|
|poke|p2|Sinistcha, L50|
|poke|p2|Archaludon, L50, M|
|poke|p2|Dragonite, L50, F|
|poke|p2|Gholdengo, L50|
|teampreview|4
|showteam|p1|Dondozo||LifeOrb|Unaware|Surf,Protect,SleepTalk|||F|||50|,,,,,Water]Tatsugiri||FocusSash|Commander|DracoMeteor,Protect,MuddyWater,Taunt|||F|||50|,,,,,Stellar]Politoed||SitrusBerry|Drizzle|WeatherBall,IceBeam,Haze,Protect|||M|||50|,,,,,Steel]Archaludon||AssaultVest|Stamina|BodyPress,ElectroShot,DragonPulse,FlashCannon|||F|||50|,,,,,Grass]Amoonguss||RockyHelmet|Regenerator|Spore,RagePowder,PollenPuff,Protect|||F|||50|,,,,,Fairy]Overqwil||ChoiceBand|SwiftSwim|PoisonJab,ThroatChop,Liquidation,PinMissile|||F|||50|,,,,,Ghost
|showteam|p2|Ursaluna||FlameOrb|Guts|Protect,Earthquake,Facade,HeadlongRush|||M|||50|,,,,,Water]Pelipper||FocusSash|Drizzle|Hurricane,WeatherBall,Tailwind,Protect|||F|||50|,,,,,Ghost]Sinistcha||SitrusBerry|Hospitality|MatchaGotcha,ShadowBall,RagePowder,LifeDew||||||50|,,,,,Water]Archaludon||AssaultVest|Stamina|BodyPress,TeraBlast,ElectroShot,DracoMeteor|||M|||50|,,,,,Flying]Dragonite||LoadedDice|Multiscale|Protect,ScaleShot,ExtremeSpeed,LowKick|||F|||50|,,,,,Steel]Gholdengo||ChoiceScarf|GoodasGold|MakeItRain,ShadowBall,Trick,PowerGem||||||50|,,,,,Steel
|c|☆MrTedno|glhf
|
|t:|1756422344
|teamsize|p1|4
|teamsize|p2|4
|start
|switch|p1a: Barnacles|Archaludon, L50, F|100/100
|switch|p1b: Turnip|Amoonguss, L50, F|100/100
|switch|p2a: Pelipper|Pelipper, L50, F|100/100
|switch|p2b: Ursaluna|Ursaluna, L50, M|100/100
|-weather|RainDance|[from] ability: Drizzle|[of] p2a: Pelipper
|turn|1
|
|t:|1756422395
|move|p1a: Barnacles|Electro Shot||[still]
|-prepare|p1a: Barnacles|Electro Shot
|-boost|p1a: Barnacles|spa|1
|-anim|p1a: Barnacles|Electro Shot|p2a: Pelipper
|-supereffective|p2a: Pelipper
|-enditem|p2a: Pelipper|Focus Sash
|-damage|p2a: Pelipper|1/100
|move|p2a: Pelipper|Tailwind|p2a: Pelipper
|-sidestart|p2: okkoso|move: Tailwind
|move|p2b: Ursaluna|Earthquake|p1b: Turnip|[spread] p1a,p1b
|-immune|p2a: Pelipper
|-supereffective|p1a: Barnacles
|-damage|p1a: Barnacles|38/100
|-damage|p1b: Turnip|65/100
|-ability|p1a: Barnacles|Stamina|boost
|-boost|p1a: Barnacles|def|1
|move|p1b: Turnip|Spore|p2b: Ursaluna
|-status|p2b: Ursaluna|slp|[from] move: Spore
|
|-weather|RainDance|[upkeep]
|upkeep
|turn|2
|
|t:|1756422433
|-terastallize|p1b: Turnip|Fairy
|move|p2a: Pelipper|Hurricane|p1b: Turnip
|-damage|p1b: Turnip|18/100
|cant|p2b: Ursaluna|slp
|move|p1a: Barnacles|Dragon Pulse|p2b: Ursaluna
|-damage|p2b: Ursaluna|45/100 slp
|move|p1b: Turnip|Pollen Puff|p1a: Barnacles
|-heal|p1a: Barnacles|88/100
|
|-weather|RainDance|[upkeep]
|upkeep
|turn|3
|
|t:|1756422471
|move|p1b: Turnip|Protect|p1b: Turnip
|-singleturn|p1b: Turnip|Protect
|move|p2a: Pelipper|Hurricane|p1b: Turnip
|-activate|p1b: Turnip|move: Protect
|cant|p2b: Ursaluna|slp
|move|p1a: Barnacles|Dragon Pulse|p2b: Ursaluna
|-damage|p2b: Ursaluna|0 fnt
|faint|p2b: Ursaluna
|
|-weather|RainDance|[upkeep]
|upkeep
|
|t:|1756422486
|switch|p2b: Archaludon|Archaludon, L50, M|100/100
|turn|4
|
|t:|1756422517
|switch|p2a: Dragonite|Dragonite, L50, F|100/100
|move|p1b: Turnip|Rage Powder|p1b: Turnip
|-singleturn|p1b: Turnip|move: Rage Powder
|move|p2b: Archaludon|Draco Meteor|p1b: Turnip
|-immune|p1b: Turnip
|move|p1a: Barnacles|Electro Shot||[still]
|-prepare|p1a: Barnacles|Electro Shot
|-boost|p1a: Barnacles|spa|1
|-anim|p1a: Barnacles|Electro Shot|p2a: Dragonite
|-damage|p2a: Dragonite|55/100
|
|-weather|RainDance|[upkeep]
|-sideend|p2: okkoso|move: Tailwind
|upkeep
|turn|5
|
|t:|1756422547
|-terastallize|p2a: Dragonite|Steel
|move|p2a: Dragonite|Extreme Speed|p1b: Turnip
|-damage|p1b: Turnip|0 fnt
|-damage|p2a: Dragonite|39/100|[from] item: Rocky Helmet|[of] p1b: Turnip
|faint|p1b: Turnip
|move|p1a: Barnacles|Electro Shot||[still]
|-prepare|p1a: Barnacles|Electro Shot
|-boost|p1a: Barnacles|spa|1
|-anim|p1a: Barnacles|Electro Shot|p2a: Dragonite
|-damage|p2a: Dragonite|0 fnt
|faint|p2a: Dragonite
|move|p2b: Archaludon|Draco Meteor|p1a: Barnacles
|-crit|p1a: Barnacles
|-damage|p1a: Barnacles|26/100
|-unboost|p2b: Archaludon|spa|2
|-ability|p1a: Barnacles|Stamina|boost
|-boost|p1a: Barnacles|def|1
|
|-weather|none
|upkeep
|
|t:|1756422563
|switch|p2a: Pelipper|Pelipper, L50, F|1/100
|switch|p1b: Shellington|Overqwil, L50, F|100/100
|-weather|RainDance|[from] ability: Drizzle|[of] p2a: Pelipper
|turn|6
|
|t:|1756422572
|move|p1b: Shellington|Throat Chop|p2a: Pelipper
|-damage|p2a: Pelipper|0 fnt
|faint|p2a: Pelipper
|move|p1a: Barnacles|Dragon Pulse|p2b: Archaludon
|-damage|p2b: Archaludon|30/100
|-ability|p2b: Archaludon|Stamina|boost
|-boost|p2b: Archaludon|def|1
|move|p2b: Archaludon|Draco Meteor|p1a: Barnacles
|-damage|p1a: Barnacles|4/100
|-unboost|p2b: Archaludon|spa|2
|-ability|p1a: Barnacles|Stamina|boost
|-boost|p1a: Barnacles|def|1
|
|-weather|RainDance|[upkeep]
|upkeep
|turn|7
|-message|okkoso forfeited.
|
|win|MrTedno
|raw|MrTedno's rating: 1158 → 1175(+17 for winning)
|raw|okkoso's rating: 1040 → 1029(-11 for losing)
|l|☆okkoso
|player|p2|
