|j|☆arkjsmith
|j|☆Quill86
|html|arkjsmithQuill86    
|uhtml|bestof|Game 2 of a best-of-3
|t:|1757636376
|gametype|doubles
|player|p1|arkjsmith|roxie|1340
|player|p2|Quill86|lucas|1250
|gen|9
|tier|[Gen 9] VGC 2025 Reg H (Bo3)
|rated|
|rule|Species Clause: Limit one of each Pokémon
|rule|Item Clause: Limit 1 of each item
|clearpoke
|poke|p1|Gholdengo, L50|
|poke|p1|Ursaluna-Bloodmoon, L50, M|
|poke|p1|Annihilape, L50, M|
|poke|p1|Dragonite, L50, F|
|poke|p1|Rillaboom, L50, M|
|poke|p1|Maushold-Four, L50|
|poke|p2|Indeedee-F, L50, F|
|poke|p2|Gallade, L50, M|
|poke|p2|Torkoal, L50, F|
|poke|p2|Ursaluna, L50, M|
|poke|p2|Hatterene, L50, F|
|poke|p2|Hydreigon, L50, M|
|teampreview|4
|showteam|p1|Gholdengo||LifeOrb|GoodasGold|MakeItRain,ShadowBall,NastyPlot,Protect||||||50|,,,,,Water]Ursaluna-Bloodmoon||AssaultVest|MindsEye|BloodMoon,HyperVoice,EarthPower,VacuumWave|||M|||50|,,,,,Ghost]Annihilape||SafetyGoggles|Defiant|RageFist,DrainPunch,BulkUp,Protect|||M|||50|,,,,,Fire]Dragonite||LoadedDice|Multiscale|ScaleShot,ExtremeSpeed,Haze,Protect|||F|||50|,,,,,Fairy]Rillaboom||MiracleSeed|GrassySurge|WoodHammer,GrassyGlide,FakeOut,Protect|||M|||50|,,,,,Grass]Maushold-Four||FocusSash|FriendGuard|SuperFang,BeatUp,FollowMe,Protect||||||50|,,,,,Ghost
|showteam|p2|Indeedee-F||PsychicSeed|PsychicSurge|FollowMe,TrickRoom,HelpingHand,DazzlingGleam|||F|||50|,,,,,Fairy]Gallade||ClearAmulet|Sharpness|SacredSword,WideGuard,TrickRoom,PsychoCut|||M|||50|,,,,,Grass]Torkoal||ChoiceSpecs|Drought|Eruption,WeatherBall,EarthPower,HeatWave|||F|||50|,,,,,Fire]Ursaluna||FlameOrb|Guts|Protect,HeadlongRush,Facade,Earthquake|||M|||50|,,,,,Ghost]Hatterene||LifeOrb|MagicBounce|DazzlingGleam,ExpandingForce,MysticalFire,TrickRoom|||F|||50|,,,,,Fire]Hydreigon||CovertCloak|Levitate|DracoMeteor,Snarl,Taunt,Protect|||M|||50|,,,,,Fire
|inactive|Battle timer is ON: inactive players will automatically lose when time's up. (requested by arkjsmith)
|
|t:|1757636396
|teamsize|p1|4
|teamsize|p2|4
|start
|switch|p1a: Lavish|Gholdengo, L50|100/100
|switch|p1b: Haus of Gold|Maushold-Four, L50|100/100
|switch|p2a: Indeedee|Indeedee-F, L50, F|100/100
|switch|p2b: Gallade|Gallade, L50, M|100/100
|-fieldstart|move: Psychic Terrain|[from] ability: Psychic Surge|[of] p2a: Indeedee
|-enditem|p2a: Indeedee|Psychic Seed
|-boost|p2a: Indeedee|spd|1|[from] item: Psychic Seed
|turn|1
|
|t:|1757636420
|move|p2a: Indeedee|Helping Hand|p2b: Gallade
|-singleturn|p2b: Gallade|Helping Hand|[of] p2a: Indeedee
|move|p1b: Haus of Gold|Super Fang|p2a: Indeedee
|-damage|p2a: Indeedee|51/100
|move|p1a: Lavish|Nasty Plot|p1a: Lavish
|-boost|p1a: Lavish|spa|2
|move|p2b: Gallade|Psycho Cut|p1a: Lavish
|-resisted|p1a: Lavish
|-crit|p1a: Lavish
|-damage|p1a: Lavish|29/100
|
|upkeep
|turn|2
|
|t:|1757636437
|move|p2b: Gallade|Wide Guard|p2b: Gallade
|-singleturn|p2b: Gallade|Wide Guard
|move|p1b: Haus of Gold|Super Fang|p2b: Gallade
|-damage|p2b: Gallade|51/100
|move|p1a: Lavish|Make It Rain|p2a: Indeedee|[spread] 
|-activate|p2a: Indeedee|move: Wide Guard
|-activate|p2b: Gallade|move: Wide Guard
|move|p2a: Indeedee|Trick Room|p2a: Indeedee
|-fieldstart|move: Trick Room|[of] p2a: Indeedee
|
|upkeep
|turn|3
|
|t:|1757636449
|move|p1b: Haus of Gold|Follow Me|p1b: Haus of Gold
|-singleturn|p1b: Haus of Gold|move: Follow Me
|move|p2b: Gallade|Psycho Cut|p1b: Haus of Gold
|-damage|p1b: Haus of Gold|3/100
|move|p2a: Indeedee|Dazzling Gleam|p1a: Lavish|[spread] p1a,p1b
|-resisted|p1a: Lavish
|-damage|p1a: Lavish|24/100
|-damage|p1b: Haus of Gold|0 fnt
|faint|p1b: Haus of Gold
|move|p1a: Lavish|Shadow Ball|p2b: Gallade
|-supereffective|p2b: Gallade
|-damage|p2b: Gallade|0 fnt
|faint|p2b: Gallade
|-damage|p1a: Lavish|14/100|[from] item: Life Orb
|
|upkeep
|
|t:|1757636459
|switch|p2b: Torkoal|Torkoal, L50, F|100/100
|switch|p1b: Drum Show|Rillaboom, L50, M, shiny|100/100
|-weather|SunnyDay|[from] ability: Drought|[of] p2b: Torkoal
|-fieldstart|move: Grassy Terrain|[from] ability: Grassy Surge|[of] p1b: Drum Show
|turn|4
|
|t:|1757636481
|move|p1b: Drum Show|Fake Out|p2b: Torkoal
|-damage|p2b: Torkoal|89/100
|move|p2a: Indeedee|Follow Me|p2a: Indeedee
|-singleturn|p2a: Indeedee|move: Follow Me
|cant|p2b: Torkoal|flinch
|move|p1a: Lavish|Make It Rain|p2b: Torkoal|[spread] p2a,p2b
|-resisted|p2b: Torkoal
|-damage|p2a: Indeedee|0 fnt
|-damage|p2b: Torkoal|8/100
|-unboost|p1a: Lavish|spa|1
|faint|p2a: Indeedee
|-damage|p1a: Lavish|5/100|[from] item: Life Orb
|
|-weather|SunnyDay|[upkeep]
|-heal|p2b: Torkoal|15/100|[from] Grassy Terrain
|-heal|p1a: Lavish|11/100|[from] Grassy Terrain
|upkeep
|
|t:|1757636484
|switch|p2a: Ursaluna|Ursaluna, L50, M|100/100
|turn|5
|
|t:|1757636498
|-terastallize|p2a: Ursaluna|Ghost
|move|p1a: Lavish|Protect|p1a: Lavish
|-singleturn|p1a: Lavish|Protect
|move|p1b: Drum Show|Grassy Glide|p2b: Torkoal
|-resisted|p2b: Torkoal
|-damage|p2b: Torkoal|0 fnt
|faint|p2b: Torkoal
|move|p2a: Ursaluna|Headlong Rush|p1a: Lavish
|-activate|p1a: Lavish|move: Protect
|
|-weather|SunnyDay|[upkeep]
|-heal|p1a: Lavish|16/100|[from] Grassy Terrain
|-status|p2a: Ursaluna|brn|[from] item: Flame Orb
|upkeep
|turn|6
|
|t:|1757636508
|switch|p1a: Glowing Eyes|Ursaluna-Bloodmoon, L50, M|100/100
|move|p1b: Drum Show|Protect|p1b: Drum Show
|-singleturn|p1b: Drum Show|Protect
|move|p2a: Ursaluna|Headlong Rush|p1b: Drum Show
|-activate|p1b: Drum Show|move: Protect
|
|-weather|SunnyDay|[upkeep]
|-damage|p2a: Ursaluna|95/100 brn|[from] brn
|-fieldend|move: Trick Room
|upkeep
|turn|7
|-message|Quill86 forfeited.
|
|win|arkjsmith
||Quill86 is ready for game 3.
||arkjsmith is ready for game 3.
|uhtml|next|Next: Game 3 of 3
|l|☆Quill86
|player|p2|
