|j|☆sogreenitslime
|j|☆DINOLONK
|html|sogreenitslimeDINOLONK    
|uhtml|bestof|Game 2 of a best-of-3
|t:|1782578414
|gametype|doubles
|player|p1|sogreenitslime|pokemaniac|1112
|player|p2|DINOLONK|parasollady-gen4|1199
|gen|9
|tier|[Gen 9 Champions] VGC 2026 Reg M-B (Bo3)
|rated|
|rule|Species Clause: Limit one of each Pokémon
|rule|Item Clause: Limit 1 of each item
|clearpoke
|poke|p1|Aerodactyl, L50, M|
|poke|p1|Rotom-Wash, L50|
|poke|p1|Sceptile, L50, F|
|poke|p1|Kingambit, L50, F|
|poke|p1|Sneasler, L50, F|
|poke|p1|Incineroar, L50, M|
|poke|p2|Garchomp, L50, M|
|poke|p2|Charizard, L50, F|
|poke|p2|Toxapex, L50, M|
|poke|p2|Sylveon, L50, F|
|poke|p2|Aerodactyl, L50, M|
|poke|p2|Kingambit, L50, F|
|teampreview|4
|showteam|p1|Aerodactyl||Aerodactylite|Unnerve|Tailwind,RockSlide,DualWingbeat,Protect|Jolly||M|||50|]Rotom-Wash||ChoiceScarf|Levitate|VoltSwitch,Discharge,Electroweb,HydroPump|Timid|||||50|]Sceptile||Sceptilite|Overgrow|EnergyBall,EarthPower,DragonPulse,Protect|Timid||F|||50|]Kingambit||ChopleBerry|Defiant|KowtowCleave,SuckerPunch,IronHead,Protect|Adamant||F|||50|]Sneasler||WhiteHerb|Unburden|DireClaw,CloseCombat,FakeOut,Protect|Jolly||F|||50|]Incineroar||SitrusBerry|Intimidate|WillOWisp,FlareBlitz,PartingShot,FakeOut|Careful||M|||50|
|showteam|p2|Garchomp||SitrusBerry|RoughSkin|Earthquake,RockSlide,DragonClaw,Protect|Adamant||M|||50|]Charizard||CharizarditeY|Blaze|Protect,HeatWave,SolarBeam,WeatherBall|Timid||F|||50|]Toxapex||Leftovers|Regenerator|Infestation,Toxic,BanefulBunker,WideGuard|Bold||M|||50|]Sylveon||FairyFeather|Pixilate|HyperVoice,HyperBeam,QuickAttack,Detect|Modest||F|||50|]Aerodactyl||Aerodactylite|Unnerve|RockSlide,IceFang,DualWingbeat,Tailwind|Jolly||M|||50|]Kingambit||FocusSash|Defiant|SuckerPunch,KowtowCleave,LowKick,IronHead|Adamant||F|||50|
|inactive|Battle timer is ON: inactive players will automatically lose when time's up. (requested by DINOLONK)
|
|t:|1782578444
|teamsize|p1|4
|teamsize|p2|4
|start
|switch|p1a: Aerodactyl|Aerodactyl, L50, M|100/100
|switch|p1b: Sneasler|Sneasler, L50, F|100/100
|switch|p2a: Toxapex|Toxapex, L50, M|100/100
|switch|p2b: Aerodactyl|Aerodactyl, L50, M|100/100
|-ability|p2b: Aerodactyl|Unnerve
|-ability|p1a: Aerodactyl|Unnerve
|turn|1
|
|t:|1782578464
|switch|p2b: Garchomp|Garchomp, L50, M|100/100
|move|p1b: Sneasler|Fake Out|p2b: Garchomp
|-damage|p2b: Garchomp|88/100
|-damage|p1b: Sneasler|87/100|[from] ability: Rough Skin|[of] p2b: Garchomp
|move|p1a: Aerodactyl|Tailwind|p1a: Aerodactyl
|-sidestart|p1: sogreenitslime|move: Tailwind
|move|p2a: Toxapex|Toxic|p1a: Aerodactyl
|-status|p1a: Aerodactyl|tox
|
|-damage|p1a: Aerodactyl|94/100 tox|[from] psn
|upkeep
|turn|2
|
|t:|1782578485
|move|p1a: Aerodactyl|Dual Wingbeat|p2a: Toxapex
|-damage|p2a: Toxapex|88/100
|-damage|p2a: Toxapex|77/100
|-hitcount|p2a: Toxapex|2
|move|p1b: Sneasler|Dire Claw|p2b: Garchomp
|-resisted|p2b: Garchomp|1
|-damage|p2b: Garchomp|71/100
|-status|p2b: Garchomp|slp
|-damage|p1b: Sneasler|75/100|[from] ability: Rough Skin|[of] p2b: Garchomp
|cant|p2b: Garchomp|slp
|move|p2a: Toxapex|Infestation|p1b: Sneasler
|-resisted|p1b: Sneasler|2
|-damage|p1b: Sneasler|75/100
|-activate|p1b: Sneasler|move: Infestation|[of] p2a: Toxapex
|
|-heal|p2a: Toxapex|82/100|[from] item: Leftovers
|-damage|p1a: Aerodactyl|82/100 tox|[from] psn
|-damage|p1b: Sneasler|63/100|[from] move: Infestation|[partiallytrapped]
|upkeep
|turn|3
|
|t:|1782578505
|cant|p2b: Garchomp|slp
|move|p1a: Aerodactyl|Rock Slide|p2b: Garchomp|[spread] p2a,p2b
|-resisted|p2b: Garchomp|1
|-crit|p2b: Garchomp
|-damage|p2a: Toxapex|66/100
|-damage|p2b: Garchomp|54/100 slp
|move|p1b: Sneasler|Close Combat|p2b: Garchomp
|-damage|p2b: Garchomp|4/100 slp
|-unboost|p1b: Sneasler|def|1
|-unboost|p1b: Sneasler|spd|1
|-damage|p1b: Sneasler|50/100g|[from] ability: Rough Skin|[of] p2b: Garchomp
|-enditem|p1b: Sneasler|White Herb
|-clearnegativeboost|p1b: Sneasler|[silent]
|cant|p2a: Toxapex|flinch
|
|-heal|p2a: Toxapex|72/100|[from] item: Leftovers
|-damage|p1a: Aerodactyl|65/100 tox|[from] psn
|-damage|p1b: Sneasler|38/100|[from] move: Infestation|[partiallytrapped]
|upkeep
|turn|4
|
|t:|1782578527
|-curestatus|p2b: Garchomp|slp|[msg]
|move|p2b: Garchomp|Protect|p2b: Garchomp
|-singleturn|p2b: Garchomp|Protect
|move|p1b: Sneasler|Dire Claw|p2b: Garchomp
|-activate|p2b: Garchomp|move: Protect
|move|p1a: Aerodactyl|Dual Wingbeat|p2a: Toxapex|[miss]
|-miss|p1a: Aerodactyl|p2a: Toxapex
|move|p2a: Toxapex|Infestation|p1a: Aerodactyl
|-resisted|p1a: Aerodactyl|1
|-damage|p1a: Aerodactyl|63/100 tox
|-activate|p1a: Aerodactyl|move: Infestation|[of] p2a: Toxapex
|
|-heal|p2a: Toxapex|78/100|[from] item: Leftovers
|-damage|p1a: Aerodactyl|40/100 tox|[from] psn
|-damage|p1b: Sneasler|26/100|[from] move: Infestation|[partiallytrapped]
|-damage|p1a: Aerodactyl|28/100 tox|[from] move: Infestation|[partiallytrapped]
|-sideend|p1: sogreenitslime|move: Tailwind
|upkeep
|turn|5
|
|t:|1782578550
|move|p1b: Sneasler|Dire Claw|p2b: Garchomp
|-resisted|p2b: Garchomp|1
|-damage|p2b: Garchomp|0 fnt
|-damage|p1b: Sneasler|14/100|[from] ability: Rough Skin|[of] p2b: Garchomp
|faint|p2b: Garchomp
|move|p1a: Aerodactyl|Tailwind|p1a: Aerodactyl
|-sidestart|p1: sogreenitslime|move: Tailwind
|move|p2a: Toxapex|Infestation|p1b: Sneasler
|-resisted|p1b: Sneasler|2
|-damage|p1b: Sneasler|14/100
|
|-heal|p2a: Toxapex|84/100|[from] item: Leftovers
|-damage|p1a: Aerodactyl|0 fnt|[from] psn
|faint|p1a: Aerodactyl
|-damage|p1b: Sneasler|1/100|[from] move: Infestation|[partiallytrapped]
|upkeep
|
|t:|1782578568
|switch|p1a: Rotom|Rotom-Wash, L50|100/100
|switch|p2b: Sylveon|Sylveon, L50, F|100/100
|turn|6
|
|t:|1782578584
|move|p2b: Sylveon|Quick Attack|p1b: Sneasler
|-damage|p1b: Sneasler|0 fnt
|faint|p1b: Sneasler
|move|p1a: Rotom|Hydro Pump|p2a: Toxapex
|-resisted|p2a: Toxapex|1
|-damage|p2a: Toxapex|64/100
|move|p2a: Toxapex|Toxic|p1a: Rotom
|-status|p1a: Rotom|tox
|
|-heal|p2a: Toxapex|70/100|[from] item: Leftovers
|-damage|p1a: Rotom|94/100 tox|[from] psn
|upkeep
|
|t:|1782578594
|switch|p1b: Sceptile|Sceptile, L50, F|100/100
|turn|7
|
|t:|1782578608
|detailschange|p1b: Sceptile|Sceptile-Mega, L50, F
|-mega|p1b: Sceptile|Sceptile|Sceptilite
|move|p1a: Rotom|Hydro Pump|p2b: Sylveon
|-damage|p2b: Sylveon|63/100
|move|p1b: Sceptile|Energy Ball|p2b: Sylveon
|-damage|p2b: Sylveon|22/100
|move|p2b: Sylveon|Hyper Voice|p1a: Rotom|[spread] p1a,p1b
|-crit|p1a: Rotom
|-supereffective|p1b: Sceptile|1
|-damage|p1a: Rotom|0 fnt
|-damage|p1b: Sceptile|0 fnt
|faint|p1a: Rotom
|faint|p1b: Sceptile
|
|win|DINOLONK
|raw|sogreenitslime's rating: 1112 → 1093(-19 for losing)
|raw|DINOLONK's rating: 1199 → 1218(+19 for winning)
