|j|☆Jakobtc
|j|☆RickCtrl
|html|JakobtcRickCtrl    
|uhtml|bestof|Game 2 of a best-of-3
|t:|1757730983
|gametype|doubles
|player|p1|Jakobtc|riley|1198
|player|p2|RickCtrl|2|1128
|gen|9
|tier|[Gen 9] VGC 2025 Reg H (Bo3)
|rated|
|rule|Species Clause: Limit one of each Pokémon
|rule|Item Clause: Limit 1 of each item
|clearpoke
|poke|p1|Drifblim, L50, F|
|poke|p1|Indeedee, L50, M|
|poke|p1|Arcanine-Hisui, L50, F|
|poke|p1|Garchomp, L50, F|
|poke|p1|Amoonguss, L50, F|
|poke|p1|Primarina, L50, M|
|poke|p2|Indeedee, L50, M|
|poke|p2|Sneasler, L50, F|
|poke|p2|Ursaluna-Bloodmoon, L50, M|
|poke|p2|Electabuzz, L50, M|
|poke|p2|Dragonite, L50, F|
|poke|p2|Tyranitar, L50, M|
|teampreview|4
|showteam|p1|Drifblim||PsychicSeed|Unburden|Tailwind,StrengthSap,WillOWisp,Acrobatics|||F|||50|,,,,,Grass]Indeedee||FocusSash|PsychicSurge|ExpandingForce,TeraBlast,SkillSwap,Protect|||M|||50|,,,,,Fighting]Arcanine-Hisui||ChoiceBand|Intimidate|RockSlide,FlareBlitz,ExtremeSpeed,CloseCombat|||F|||50|,,,,,Grass]Garchomp||LifeOrb|RoughSkin|StompingTantrum,DragonClaw,Earthquake,Protect|||F|||50|,,,,,Ground]Amoonguss||SitrusBerry|Regenerator|Spore,LeafStorm,RagePowder,Protect|||F|||50|,,,,,Water]Primarina||MysticWater|LiquidVoice|HyperVoice,Moonblast,Haze,Protect|||M|||50|,,,,,Steel
|showteam|p2|Indeedee||ChoiceScarf|PsychicSurge|ExpandingForce,TeraBlast,TrickRoom,Trick|||M|||50|,,,,,Psychic]Sneasler||PsychicSeed|Unburden|Protect,DireClaw,CloseCombat,ThroatChop|||F|||50|,,,,,Dark]Ursaluna-Bloodmoon||LifeOrb|MindsEye|BloodMoon,HyperVoice,EarthPower,Protect|||M|||50|,,,,,Normal]Electabuzz||Eviolite|VitalSpirit|Protect,Taunt,FollowMe,Electroweb|||M|||50|,,,,,Fairy]Dragonite||LoadedDice|Multiscale|Tailwind,ScaleShot,Haze,Protect|||F|||50|,,,,,Steel]Tyranitar||ClearAmulet|SandStream|RockSlide,KnockOff,LowKick,Protect|||M|||50|,,,,,Flying
|
|t:|1757731020
|teamsize|p1|4
|teamsize|p2|4
|start
|switch|p1a: Drifblim|Drifblim, L50, F|100/100
|switch|p1b: Indeedee|Indeedee, L50, M|100/100
|switch|p2a: Tyranitar|Tyranitar, L50, M, shiny|100/100
|switch|p2b: Dragonite|Dragonite, L50, F|100/100
|-fieldstart|move: Psychic Terrain|[from] ability: Psychic Surge|[of] p1b: Indeedee
|-enditem|p1a: Drifblim|Psychic Seed
|-boost|p1a: Drifblim|spd|1|[from] item: Psychic Seed
|-weather|Sandstorm|[from] ability: Sand Stream|[of] p2a: Tyranitar
|turn|1
|inactive|Battle timer is ON: inactive players will automatically lose when time's up. (requested by Jakobtc)
|
|t:|1757731043
|move|p1a: Drifblim|Will-O-Wisp|p2a: Tyranitar
|-status|p2a: Tyranitar|brn
|move|p1b: Indeedee|Skill Swap|p2b: Dragonite
|-activate|p1b: Indeedee|move: Skill Swap|Multiscale|Psychic Surge|[of] p2b: Dragonite
|move|p2b: Dragonite|Tailwind|p2b: Dragonite
|-sidestart|p2: RickCtrl|move: Tailwind
|move|p2a: Tyranitar|Rock Slide|p1b: Indeedee|[spread] p1a,p1b
|-supereffective|p1a: Drifblim
|-damage|p1a: Drifblim|64/100
|-damage|p1b: Indeedee|82/100
|
|-weather|Sandstorm|[upkeep]
|-damage|p1a: Drifblim|58/100|[from] Sandstorm
|-damage|p2b: Dragonite|95/100|[from] Sandstorm
|-damage|p1b: Indeedee|76/100|[from] Sandstorm
|-damage|p2a: Tyranitar|95/100 brn|[from] brn
|upkeep
|turn|2
|inactive|RickCtrl has 30 seconds left.
|
|t:|1757731078
|move|p2b: Dragonite|Protect|p2b: Dragonite
|-singleturn|p2b: Dragonite|Protect
|move|p1b: Indeedee|Protect|p1b: Indeedee
|-singleturn|p1b: Indeedee|Protect
|move|p1a: Drifblim|Tailwind|p1a: Drifblim
|-sidestart|p1: Jakobtc|move: Tailwind
|move|p2a: Tyranitar|Knock Off|p1b: Indeedee
|-activate|p1b: Indeedee|move: Protect
|
|-weather|Sandstorm|[upkeep]
|-damage|p1a: Drifblim|52/100|[from] Sandstorm
|-damage|p1b: Indeedee|70/100|[from] Sandstorm
|-damage|p2b: Dragonite|89/100|[from] Sandstorm
|-damage|p2a: Tyranitar|89/100 brn|[from] brn
|upkeep
|turn|3
|inactive|RickCtrl has 30 seconds left.
|
|t:|1757731104
|switch|p2b: Indeedee|Indeedee, L50, M, shiny|100/100
|move|p1a: Drifblim|Strength Sap|p2b: Indeedee
|-unboost|p2b: Indeedee|atk|1
|-heal|p1a: Drifblim|85/100
|move|p1b: Indeedee|Expanding Force|p2b: Indeedee|[spread] p2b
|-immune|p2a: Tyranitar
|-resisted|p2b: Indeedee
|-damage|p2b: Indeedee|62/100
|move|p2a: Tyranitar|Rock Slide|p1b: Indeedee|[spread] p1a,p1b
|-supereffective|p1a: Drifblim
|-damage|p1a: Drifblim|48/100
|-damage|p1b: Indeedee|37/100
|
|-weather|Sandstorm|[upkeep]
|-damage|p1a: Drifblim|42/100|[from] Sandstorm
|-damage|p2b: Indeedee|56/100|[from] Sandstorm
|-damage|p1b: Indeedee|31/100|[from] Sandstorm
|-damage|p2a: Tyranitar|83/100 brn|[from] brn
|upkeep
|turn|4
|inactive|RickCtrl has 30 seconds left.
|
|t:|1757731133
|move|p1b: Indeedee|Protect|p1b: Indeedee
|-singleturn|p1b: Indeedee|Protect
|move|p1a: Drifblim|Acrobatics|p2b: Indeedee
|-damage|p2b: Indeedee|0 fnt
|faint|p2b: Indeedee
|move|p2a: Tyranitar|Rock Slide|p1b: Indeedee|[spread] p1a
|-activate|p1b: Indeedee|move: Protect
|-supereffective|p1a: Drifblim
|-crit|p1a: Drifblim
|-damage|p1a: Drifblim|0 fnt
|faint|p1a: Drifblim
|
|-weather|Sandstorm|[upkeep]
|-damage|p1b: Indeedee|25/100|[from] Sandstorm
|-damage|p2a: Tyranitar|77/100 brn|[from] brn
|-sideend|p2: RickCtrl|move: Tailwind
|upkeep
|inactive|RickCtrl has 30 seconds left.
|
|t:|1757731160
|switch|p2b: Dragonite|Dragonite, L50, F|89/100
|switch|p1a: Arcanine|Arcanine-Hisui, L50, F|100/100
|-ability|p1a: Arcanine|Intimidate|boost
|-fail|p2a: Tyranitar|unboost|[from] item: Clear Amulet|[of] p2a: Tyranitar
|-unboost|p2b: Dragonite|atk|1
|turn|5
|
|t:|1757731181
|-terastallize|p1b: Indeedee|Fighting
|move|p2b: Dragonite|Protect|p2b: Dragonite
|-singleturn|p2b: Dragonite|Protect
|move|p1b: Indeedee|Tera Blast|p2a: Tyranitar|[anim] Tera Blast Fighting
|-supereffective|p2a: Tyranitar
|-damage|p2a: Tyranitar|0 fnt
|faint|p2a: Tyranitar
|move|p1a: Arcanine|Rock Slide|p2b: Dragonite
|-activate|p2b: Dragonite|move: Protect
|
|-weather|none
|-sideend|p1: Jakobtc|move: Tailwind
|-fieldend|move: Psychic Terrain
|upkeep
|
|t:|1757731195
|switch|p2a: Ursaluna|Ursaluna-Bloodmoon, L50, M|100/100
|turn|6
|
|t:|1757731199
|move|p2a: Ursaluna|Protect|p2a: Ursaluna
|-singleturn|p2a: Ursaluna|Protect
|move|p1b: Indeedee|Tera Blast|p2a: Ursaluna|[anim] Tera Blast Fighting
|-activate|p2a: Ursaluna|move: Protect
|move|p1a: Arcanine|Rock Slide|p2a: Ursaluna|[spread] p2b
|-activate|p2a: Ursaluna|move: Protect
|-supereffective|p2b: Dragonite
|-damage|p2b: Dragonite|0 fnt
|faint|p2b: Dragonite
|
|upkeep
|turn|7
|
|t:|1757731212
|-terastallize|p2a: Ursaluna|Normal
|move|p1b: Indeedee|Tera Blast|p2a: Ursaluna|[anim] Tera Blast Fighting
|-supereffective|p2a: Ursaluna
|-damage|p2a: Ursaluna|0 fnt
|faint|p2a: Ursaluna
|
|win|Jakobtc
|l|☆RickCtrl
|player|p2|
