|j|☆bzzzzzzddddz
|j|☆that3canto
|html|bzzzzzzddddzthat3canto    
|uhtml|bestof|Game 2 of a best-of-3
|t:|1785127064
|gametype|doubles
|player|p1|bzzzzzzddddz|170|1211
|player|p2|that3canto|hugh|1049
|gen|9
|tier|[Gen 9 Champions] VGC 2026 Reg M-B (Bo3)
|rated|
|rule|Species Clause: Limit one of each Pokémon
|rule|Item Clause: Limit 1 of each item
|clearpoke
|poke|p1|Pelipper, L50, F|
|poke|p1|Archaludon, L50, F|
|poke|p1|Scovillain, L50, F, shiny|
|poke|p1|Meganium, L50, F|
|poke|p1|Espathra, L50, F|
|poke|p1|Raichu, L50, F|
|poke|p2|Camerupt, L50, F|
|poke|p2|Blastoise, L50, M|
|poke|p2|Kingambit, L50, M|
|poke|p2|Vanilluxe, L50, M|
|poke|p2|Staraptor, L50, M|
|poke|p2|Farigiraf, L50, M|
|teampreview|4
|showteam|p1|Pelipper||SitrusBerry|Drizzle|WeatherBall,Hurricane,Tailwind,Uturn|Calm||F|||50|]Archaludon||Leftovers|Stamina|ElectroShot,DragonPulse,FlashCannon,Protect|Modest||F|||50|]Scovillain||Scovillainite|Moody|Flamethrower,LeechSeed,RagePowder,Protect|Bold||F|||50|]Meganium||Meganiumite|Overgrow|SolarBeam,WeatherBall,DazzlingGleam,Protect|Modest||F|||50|]Espathra||BrightPowder|SpeedBoost|LuminaCrash,CalmMind,BatonPass,Protect|Modest||F|||50|]Raichu||RaichuniteX|LightningRod|RisingVoltage,Encore,FakeOut,Protect|Timid||F|||50|
|showteam|p2|Camerupt||Cameruptite|SolidRock|HeatWave,EarthPower,Protect,AncientPower|Quiet||F|||50|]Blastoise||Blastoisinite|RainDish|FakeOut,WaterSpout,AuraSphere,DarkPulse|Quiet||M|||50|]Kingambit||LifeOrb|Defiant|KowtowCleave,IronHead,Protect,SuckerPunch|Brave||M|||50|]Vanilluxe||NeverMeltIce|SnowWarning|Blizzard,FreezeDry,Protect,IceShard|Quiet||M|||50|]Staraptor||ChoiceScarf|Intimidate|FinalGambit,BraveBird,CloseCombat,Uturn|Jolly||M|||50|]Farigiraf||SitrusBerry|ArmorTail|PsychicFangs,HyperVoice,HelpingHand,TrickRoom|Relaxed||M|||50|
|inactive|Battle timer is ON: inactive players will automatically lose when time's up. (requested by bzzzzzzddddz)
|inactive|that3canto has 60 seconds left.
|
|t:|1785127107
|teamsize|p1|4
|teamsize|p2|4
|start
|switch|p1a: Espathra|Espathra, L50, F|100/100
|switch|p1b: Meganium|Meganium, L50, F|100/100
|switch|p2a: Kingambit|Kingambit, L50, M|100/100
|switch|p2b: Farigiraf|Farigiraf, L50, M|100/100
|turn|1
|inactive|bzzzzzzddddz has 30 seconds left.
|inactive|that3canto has 30 seconds left.
|
|t:|1785127133
|switch|p2a: Camerupt|Camerupt, L50, F|100/100
|detailschange|p1b: Meganium|Meganium-Mega, L50, F
|-mega|p1b: Meganium|Meganium|Meganiumite
|move|p1a: Espathra|Lumina Crash|p2b: Farigiraf
|-resisted|p2b: Farigiraf|1
|-damage|p2b: Farigiraf|86/100
|-unboost|p2b: Farigiraf|spd|2
|move|p1b: Meganium|Dazzling Gleam|p2b: Farigiraf|[spread] p2a,p2b
|-resisted|p2a: Camerupt|1
|-damage|p2a: Camerupt|77/100
|-damage|p2b: Farigiraf|20/100y
|-enditem|p2b: Farigiraf|Sitrus Berry|[eat]
|-heal|p2b: Farigiraf|45/100|[from] item: Sitrus Berry
|move|p2b: Farigiraf|Trick Room|p2b: Farigiraf
|-fieldstart|move: Trick Room|[of] p2b: Farigiraf
|
|-ability|p1a: Espathra|Speed Boost|boost
|-boost|p1a: Espathra|spe|1
|upkeep
|turn|2
|inactive|bzzzzzzddddz has 30 seconds left.
|inactive|bzzzzzzddddz has 20 seconds left.
|inactive|that3canto has 30 seconds left.
|
|t:|1785127175
|switch|p2b: Vanilluxe|Vanilluxe, L50, M|100/100
|-weather|Snowscape|[from] ability: Snow Warning|[of] p2b: Vanilluxe
|detailschange|p2a: Camerupt|Camerupt-Mega, L50, F
|-mega|p2a: Camerupt|Camerupt|Cameruptite
|move|p1b: Meganium|Protect|p1b: Meganium
|-singleturn|p1b: Meganium|Protect
|move|p2a: Camerupt|Heat Wave|p1a: Espathra|[spread] p1a
|-activate|p1b: Meganium|move: Protect
|-damage|p1a: Espathra|40/100
|move|p1a: Espathra|Lumina Crash|p2a: Camerupt
|-damage|p2a: Camerupt|49/100
|-unboost|p2a: Camerupt|spd|2
|
|-weather|Snowscape|[upkeep]
|-ability|p1a: Espathra|Speed Boost|boost
|-boost|p1a: Espathra|spe|1
|upkeep
|turn|3
|inactive|bzzzzzzddddz has 30 seconds left.
|inactive|bzzzzzzddddz has 20 seconds left.
|inactive|bzzzzzzddddz has 15 seconds left.
|inactive|bzzzzzzddddz has 10 seconds left.
|inactive|bzzzzzzddddz has 5 seconds left.
|
|t:|1785127226
|switch|p1b: Archaludon|Archaludon, L50, F|100/100
|switch|p1a: Pelipper|Pelipper, L50, F|100/100
|-weather|RainDance|[from] ability: Drizzle|[of] p1a: Pelipper
|move|p2a: Camerupt|Heat Wave|p1a: Pelipper|[spread] p1a,p1b
|-resisted|p1a: Pelipper|1
|-damage|p1a: Pelipper|86/100
|-damage|p1b: Archaludon|68/100
|-ability|p1b: Archaludon|Stamina|boost
|-boost|p1b: Archaludon|def|1
|move|p2b: Vanilluxe|Freeze-Dry|p1b: Archaludon
|-damage|p1b: Archaludon|25/100
|-ability|p1b: Archaludon|Stamina|boost
|-boost|p1b: Archaludon|def|1
|
|-weather|RainDance|[upkeep]
|-heal|p1b: Archaludon|31/100|[from] item: Leftovers
|upkeep
|turn|4
|inactive|bzzzzzzddddz has 30 seconds left.
|inactive|that3canto has 30 seconds left.
|inactive|bzzzzzzddddz has 20 seconds left.
|inactive|bzzzzzzddddz has 15 seconds left.
|inactive|bzzzzzzddddz has 10 seconds left.
|inactive|bzzzzzzddddz has 5 seconds left.
|
|t:|1785127280
|move|p1b: Archaludon|Protect|p1b: Archaludon
|-singleturn|p1b: Archaludon|Protect
|move|p2a: Camerupt|Earth Power|p1b: Archaludon
|-activate|p1b: Archaludon|move: Protect
|move|p1a: Pelipper|Weather Ball|p2a: Camerupt
|-supereffective|p2a: Camerupt|2
|-damage|p2a: Camerupt|0 fnt
|faint|p2a: Camerupt
|move|p2b: Vanilluxe|Freeze-Dry|p1a: Pelipper
|-supereffective|p1a: Pelipper|2
|-damage|p1a: Pelipper|0 fnt
|faint|p1a: Pelipper
|
|-weather|RainDance|[upkeep]
|-heal|p1b: Archaludon|37/100|[from] item: Leftovers
|upkeep
|
|t:|1785127303
|switch|p2a: Kingambit|Kingambit, L50, M|100/100
|switch|p1a: Meganium|Meganium-Mega, L50, F|100/100
|turn|5
|
|t:|1785127324
|move|p1b: Archaludon|Protect||[still]
|-fail|p1b: Archaludon
|move|p1a: Meganium|Protect|p1a: Meganium
|-singleturn|p1a: Meganium|Protect
|move|p2a: Kingambit|Kowtow Cleave|p1b: Archaludon
|-damage|p1b: Archaludon|13/100
|-ability|p1b: Archaludon|Stamina|boost
|-boost|p1b: Archaludon|def|1
|-damage|p2a: Kingambit|90/100|[from] item: Life Orb
|move|p2b: Vanilluxe|Blizzard|p1a: Meganium|[spread] p1b
|-activate|p1a: Meganium|move: Protect
|-damage|p1b: Archaludon|0 fnt
|faint|p1b: Archaludon
|
|-weather|RainDance|[upkeep]
|-fieldend|move: Trick Room
|upkeep
|
|t:|1785127327
|switch|p1b: Espathra|Espathra, L50, F|40/100
|turn|6
|inactive|that3canto has 30 seconds left.
|
|t:|1785127354
|move|p1b: Espathra|Protect|p1b: Espathra
|-singleturn|p1b: Espathra|Protect
|move|p2b: Vanilluxe|Ice Shard|p1a: Meganium
|-supereffective|p1a: Meganium|1
|-damage|p1a: Meganium|67/100
|move|p2a: Kingambit|Sucker Punch||[still]
|-fail|p2a: Kingambit
|move|p1a: Meganium|Weather Ball|p2a: Kingambit
|-supereffective|p2a: Kingambit|1
|-damage|p2a: Kingambit|0 fnt
|faint|p2a: Kingambit
|
|-weather|RainDance|[upkeep]
|-ability|p1b: Espathra|Speed Boost|boost
|-boost|p1b: Espathra|spe|1
|upkeep
|
|t:|1785127359
|switch|p2a: Farigiraf|Farigiraf, L50, M|45/100
|turn|7
|
|t:|1785127382
|move|p2a: Farigiraf|Helping Hand|p2b: Vanilluxe
|-singleturn|p2b: Vanilluxe|Helping Hand|[of] p2a: Farigiraf
|move|p1b: Espathra|Lumina Crash|p2b: Vanilluxe
|-damage|p2b: Vanilluxe|67/100
|-unboost|p2b: Vanilluxe|spd|2
|move|p1a: Meganium|Solar Beam||[still]
|-prepare|p1a: Meganium|Solar Beam
|-activate|p1a: Meganium|ability: Mega Sol
|-anim|p1a: Meganium|Solar Beam|p2a: Farigiraf
|-damage|p2a: Farigiraf|0 fnt
|faint|p2a: Farigiraf
|move|p2b: Vanilluxe|Blizzard|p1a: Meganium|[spread] p1b
|-miss|p2b: Vanilluxe|p1a: Meganium
|-damage|p1b: Espathra|0 fnt
|faint|p1b: Espathra
|
|-weather|none
|upkeep
|turn|8
|
|t:|1785127398
|move|p2b: Vanilluxe|Ice Shard|p1a: Meganium
|-supereffective|p1a: Meganium|1
|-damage|p1a: Meganium|38/100
|move|p1a: Meganium|Weather Ball|p2b: Vanilluxe
|-supereffective|p2b: Vanilluxe|1
|-damage|p2b: Vanilluxe|0 fnt
|faint|p2b: Vanilluxe
|
|win|bzzzzzzddddz
||bzzzzzzddddz is ready for game 3.
|inactive|that3canto has 30 seconds to confirm battle start!
|inactive|that3canto has 20 seconds to confirm battle start!
||that3canto is ready for game 3.
|uhtml|next|Next: Game 3 of 3
|l|☆bzzzzzzddddz
|player|p1|
