|j|☆espectrometria
|j|☆plaidhaxx
|html|espectrometriaplaidhaxx    
|uhtml|bestof|Game 1 of a best-of-3
|t:|1785957501
|gametype|doubles
|player|p1|espectrometria|nate|
|player|p2|plaidhaxx|grimsley|
|gen|9
|tier|[Gen 9 Champions] VGC 2026 Reg M-B (Bo3)
|rule|Species Clause: Limit one of each Pokémon
|rule|Item Clause: Limit 1 of each item
|clearpoke
|poke|p1|Staraptor, L50, F|
|poke|p1|Tyranitar, L50, M|
|poke|p1|Excadrill, L50, M|
|poke|p1|Milotic, L50, F|
|poke|p1|Gholdengo, L50|
|poke|p1|Sinistcha, L50|
|poke|p2|Kommo-o, L50, F|
|poke|p2|Excadrill, L50, F|
|poke|p2|Tyranitar, L50, M|
|poke|p2|Grimmsnarl, L50, M|
|poke|p2|Scovillain, L50, M|
|poke|p2|Basculegion, L50, M|
|teampreview|4
|showteam|p1|Staraptor||Staraptite|Intimidate|Protect,CloseCombat,Tailwind,BraveBird|Jolly||F|||50|]Tyranitar||Tyranitarite|SandStream|KnockOff,RockSlide,LowKick,Protect|Jolly||M|||50|]Excadrill||FocusSash|SandRush|HighHorsepower,IronHead,RockSlide,Protect|Adamant||M|||50|]Milotic||SitrusBerry|Competitive|Scald,IceBeam,IcyWind,Protect|Bold||F|||50|]Gholdengo||LifeOrb|GoodasGold|MakeItRain,ShadowBall,NastyPlot,Protect|Modest|||||50|]Sinistcha||ColburBerry|Hospitality|MatchaGotcha,ShadowBall,RagePowder,Protect|Bold|||||50|
|showteam|p2|Kommo-o||Leftovers|Overcoat|ClangingScales,ClangorousSoul,AuraSphere,Protect|Modest||F|||50|]Excadrill||LifeOrb|SandRush|HighHorsepower,RockSlide,IronHead,Protect|Adamant||F|||50|]Tyranitar||Tyranitarite|SandStream|DragonDance,RockSlide,KnockOff,Protect|Jolly||M|||50|]Grimmsnarl||LightClay|Prankster|SpiritBreak,LightScreen,Reflect,FakeOut|Impish||M|||50|]Scovillain||Scovillainite|Moody|Protect,RagePowder,Overheat,EnergyBall|Bold||M|||50|]Basculegion||ChoiceScarf|Adaptability|WaveCrash,LastRespects,AquaJet,FlipTurn|Adamant||M|||50|
|inactive|Battle timer is ON: inactive players will automatically lose when time's up. (requested by espectrometria)
|inactive|espectrometria has 60 seconds left.
|
|t:|1785957564
|teamsize|p1|4
|teamsize|p2|4
|start
|switch|p1a: Tyranitar|Tyranitar, L50, M|100/100
|switch|p1b: Staraptor|Staraptor, L50, F|100/100
|switch|p2a: Tyranitar|Tyranitar, L50, M|100/100
|switch|p2b: Grimmsnarl|Grimmsnarl, L50, M|100/100
|-ability|p1b: Staraptor|Intimidate|boost
|-unboost|p2a: Tyranitar|atk|1
|-unboost|p2b: Grimmsnarl|atk|1
|-weather|Sandstorm|[from] ability: Sand Stream|[of] p1a: Tyranitar
|turn|1
|inactive|plaidhaxx has 30 seconds left.
|
|t:|1785957597
|switch|p2a: Basculegion|Basculegion, L50, M|100/100
|detailschange|p1b: Staraptor|Staraptor-Mega, L50, F
|-mega|p1b: Staraptor|Staraptor|Staraptite
|move|p1b: Staraptor|Protect|p1b: Staraptor
|-singleturn|p1b: Staraptor|Protect
|move|p2b: Grimmsnarl|Reflect|p2b: Grimmsnarl
|-sidestart|p2: plaidhaxx|Reflect
|move|p1a: Tyranitar|Knock Off|p2b: Grimmsnarl
|-resisted|p2b: Grimmsnarl|2
|-damage|p2b: Grimmsnarl|92/100
|-enditem|p2b: Grimmsnarl|Light Clay|[from] move: Knock Off|[of] p1a: Tyranitar
|
|-weather|Sandstorm|[upkeep]
|-damage|p2a: Basculegion|93/100|[from] Sandstorm
|-damage|p1b: Staraptor|93/100|[from] Sandstorm
|-damage|p2b: Grimmsnarl|86/100|[from] Sandstorm
|upkeep
|turn|2
|inactive|plaidhaxx has 30 seconds left.
|
|t:|1785957631
|switch|p1b: Milotic|Milotic, L50, F|100/100
|move|p2a: Basculegion|Wave Crash|p1a: Tyranitar
|-supereffective|p1a: Tyranitar|1
|-damage|p1a: Tyranitar|0 fnt
|faint|p1a: Tyranitar
|-damage|p2a: Basculegion|60/100|[from] Recoil
|move|p2b: Grimmsnarl|Spirit Break|p1b: Milotic
|-damage|p1b: Milotic|83/100
|-unboost|p1b: Milotic|spa|1
|-ability|p1b: Milotic|Competitive|boost
|-boost|p1b: Milotic|spa|2
|
|-weather|Sandstorm|[upkeep]
|-damage|p2a: Basculegion|54/100|[from] Sandstorm
|-damage|p1b: Milotic|77/100|[from] Sandstorm
|-damage|p2b: Grimmsnarl|80/100|[from] Sandstorm
|upkeep
|
|t:|1785957641
|switch|p1a: Excadrill|Excadrill, L50, M|100/100
|turn|3
|
|t:|1785957652
|move|p1a: Excadrill|Protect|p1a: Excadrill
|-singleturn|p1a: Excadrill|Protect
|move|p1b: Milotic|Protect|p1b: Milotic
|-singleturn|p1b: Milotic|Protect
|move|p2b: Grimmsnarl|Light Screen|p2b: Grimmsnarl
|-sidestart|p2: plaidhaxx|move: Light Screen
|move|p2a: Basculegion|Wave Crash|p1a: Excadrill
|-activate|p1a: Excadrill|move: Protect
|
|-weather|Sandstorm|[upkeep]
|-damage|p2a: Basculegion|48/100|[from] Sandstorm
|-damage|p1b: Milotic|71/100|[from] Sandstorm
|-damage|p2b: Grimmsnarl|74/100|[from] Sandstorm
|upkeep
|turn|4
|inactive|espectrometria has 30 seconds left.
|inactive|espectrometria has 20 seconds left.
|inactive|espectrometria has 15 seconds left.
|inactive|espectrometria has 10 seconds left.
|inactive|espectrometria has 5 seconds left.
|
|t:|1785957707
|move|p1a: Excadrill|High Horsepower|p2b: Grimmsnarl
|-damage|p2b: Grimmsnarl|38/100
|move|p2a: Basculegion|Wave Crash|p1a: Excadrill
|-supereffective|p1a: Excadrill|1
|-crit|p1a: Excadrill
|-enditem|p1a: Excadrill|Focus Sash
|-damage|p1a: Excadrill|1/100
|-damage|p2a: Basculegion|17/100|[from] Recoil
|move|p1b: Milotic|Scald|p2b: Grimmsnarl
|-damage|p2b: Grimmsnarl|11/100
|move|p2b: Grimmsnarl|Spirit Break|p1a: Excadrill
|-resisted|p1a: Excadrill|1
|-damage|p1a: Excadrill|0 fnt
|faint|p1a: Excadrill
|
|-weather|Sandstorm|[upkeep]
|-damage|p2a: Basculegion|11/100|[from] Sandstorm
|-damage|p1b: Milotic|65/100|[from] Sandstorm
|-damage|p2b: Grimmsnarl|5/100|[from] Sandstorm
|upkeep
|
|t:|1785957715
|switch|p1a: Staraptor|Staraptor-Mega, L50, F|93/100
|turn|5
|
|t:|1785957733
|move|p2a: Basculegion|Wave Crash|p1a: Staraptor
|-damage|p1a: Staraptor|5/100
|-damage|p2a: Basculegion|0 fnt|[from] Recoil
|faint|p2a: Basculegion
|move|p1a: Staraptor|Tailwind|p1a: Staraptor
|-sidestart|p1: espectrometria|move: Tailwind
|move|p1b: Milotic|Icy Wind|p2b: Grimmsnarl
|-damage|p2b: Grimmsnarl|0 fnt
|faint|p2b: Grimmsnarl
|
|-weather|none
|upkeep
|
|t:|1785957743
|switch|p2a: Tyranitar|Tyranitar, L50, M|100/100
|switch|p2b: Scovillain|Scovillain, L50, M|100/100
|-weather|Sandstorm|[from] ability: Sand Stream|[of] p2a: Tyranitar
|turn|6
|
|t:|1785957758
|detailschange|p2b: Scovillain|Scovillain-Mega, L50, M
|-mega|p2b: Scovillain|Scovillain|Scovillainite
|move|p2b: Scovillain|Rage Powder|p2b: Scovillain
|-singleturn|p2b: Scovillain|move: Rage Powder
|move|p1a: Staraptor|Close Combat|p2b: Scovillain
|-damage|p2b: Scovillain|61/100
|-boost|p1a: Staraptor|def|1
|-boost|p1a: Staraptor|spd|1
|-status|p1a: Staraptor|brn|[from] ability: Spicy Spray|[of] p2b: Scovillain
|move|p1b: Milotic|Ice Beam|p2b: Scovillain
|-damage|p2b: Scovillain|40/100
|-status|p2b: Scovillain|frz
|-status|p1b: Milotic|brn|[from] ability: Spicy Spray|[of] p2b: Scovillain
|move|p2a: Tyranitar|Dragon Dance|p2a: Tyranitar
|-boost|p2a: Tyranitar|atk|1
|-boost|p2a: Tyranitar|spe|1
|
|-weather|Sandstorm|[upkeep]
|-damage|p1a: Staraptor|0 fnt|[from] Sandstorm
|-damage|p1b: Milotic|59/100 brn|[from] Sandstorm
|-damage|p2b: Scovillain|34/100 frz|[from] Sandstorm
|faint|p1a: Staraptor
|-damage|p1b: Milotic|53/100 brn|[from] brn
|upkeep
|turn|7
|inactive|plaidhaxx has 30 seconds left.
|inactive|espectrometria has 30 seconds left.
|
|t:|1785957790
|move|p1b: Milotic|Scald|p2a: Tyranitar
|-supereffective|p2a: Tyranitar|1
|-damage|p2a: Tyranitar|62/100
|-status|p2a: Tyranitar|brn
|move|p2a: Tyranitar|Dragon Dance|p2a: Tyranitar
|-boost|p2a: Tyranitar|atk|1
|-boost|p2a: Tyranitar|spe|1
|-curestatus|p2b: Scovillain|frz|[msg]
|move|p2b: Scovillain|Overheat|p1b: Milotic
|-resisted|p1b: Milotic|1
|-damage|p1b: Milotic|32/100 brn
|-unboost|p2b: Scovillain|spa|2
|-enditem|p1b: Milotic|Sitrus Berry|[eat]
|-heal|p1b: Milotic|56/100 brn|[from] item: Sitrus Berry
|
|-weather|Sandstorm|[upkeep]
|-damage|p1b: Milotic|50/100g brn|[from] Sandstorm
|-damage|p2b: Scovillain|28/100|[from] Sandstorm
|-damage|p2a: Tyranitar|56/100 brn|[from] brn
|-damage|p1b: Milotic|45/100 brn|[from] brn
|-sideend|p2: plaidhaxx|move: Light Screen
|upkeep
|turn|8
|inactive|espectrometria has 30 seconds left.
|inactive|plaidhaxx has 30 seconds left.
|inactive|plaidhaxx has 20 seconds left.
|
|t:|1785957825
|move|p2a: Tyranitar|Rock Slide|p1b: Milotic
|-damage|p1b: Milotic|10/100 brn
|cant|p1b: Milotic|flinch
|move|p2b: Scovillain|Energy Ball|p1b: Milotic
|-supereffective|p1b: Milotic|1
|-damage|p1b: Milotic|0 fnt
|faint|p1b: Milotic
|
|win|plaidhaxx
