|j|☆Neomega03
|j|☆teyvgc
|html|Neomega03teyvgc    
|uhtml|bestof|Game 3 of a best-of-3
|t:|1782530763
|gametype|doubles
|player|p1|Neomega03|nate|1093
|player|p2|teyvgc|rood|1157
|gen|9
|tier|[Gen 9 Champions] VGC 2026 Reg M-B (Bo3)
|rated|
|rule|Species Clause: Limit one of each Pokémon
|rule|Item Clause: Limit 1 of each item
|clearpoke
|poke|p1|Garchomp, L50, M|
|poke|p1|Sceptile, L50, M|
|poke|p1|Hatterene, L50, F|
|poke|p1|Corviknight, L50, M|
|poke|p1|Rotom-Heat, L50|
|poke|p1|Quaquaval, L50, M|
|poke|p2|Houndstone, L50, M|
|poke|p2|Tyranitar, L50, M|
|poke|p2|Rotom-Wash, L50|
|poke|p2|Incineroar, L50, M|
|poke|p2|Farigiraf, L50, F, shiny|
|poke|p2|Garchomp, L50, F, shiny|
|teampreview|4
|showteam|p1|Garchomp||FocusSash|RoughSkin|SwordsDance,Earthquake,DragonClaw,IronHead|Jolly||M|||50|]Sceptile||Sceptilite|Overgrow|EnergyBall,EarthPower,DragonPulse,Detect|Timid||M|||50|]Hatterene||LifeOrb|MagicBounce|CalmMind,DazzlingGleam,GigaDrain,Psychic|Modest||F|||50|]Corviknight||Leftovers|MirrorArmor|DrillPeck,IronHead,BodyPress,BulkUp|Adamant||M|||50|]Rotom-Heat||ChoiceScarf|Levitate|Discharge,DarkPulse,Overheat,Thunderbolt|Timid|||||50|]Quaquaval||MuscleBand|Moxie|AquaStep,CloseCombat,IceSpinner,Uturn|Jolly||M|||50|
|showteam|p2|Houndstone||FocusSash|SandRush|Poltergeist,ShadowSneak,LastRespects,Protect|Adamant||M|||50|]Tyranitar||Tyranitarite|SandStream|RockSlide,KnockOff,LowKick,Protect|Adamant||M|||50|]Rotom-Wash||Leftovers|Levitate|LightScreen,HydroPump,VoltSwitch,WillOWisp|Bold|||||50|]Incineroar||PasshoBerry|Intimidate|FlareBlitz,DarkestLariat,FakeOut,PartingShot|Adamant||M|||50|]Farigiraf||TwistedSpoon|ArmorTail|HyperVoice,TwinBeam,TrickRoom,HelpingHand|Quiet||F|||50|]Garchomp||Garchompite|RoughSkin|StompingTantrum,DragonClaw,Earthquake,Protect|Adamant||F|||50|
|inactive|Battle timer is ON: inactive players will automatically lose when time's up. (requested by Neomega03)
|
|t:|1782530783
|teamsize|p1|4
|teamsize|p2|4
|start
|switch|p1a: Garchomp|Garchomp, L50, M|100/100
|switch|p1b: Corviknight|Corviknight, L50, M|100/100
|switch|p2a: Incineroar|Incineroar, L50, M|100/100
|switch|p2b: Tyranitar|Tyranitar, L50, M|100/100
|-ability|p2a: Incineroar|Intimidate|boost
|-unboost|p1a: Garchomp|atk|1
|-ability|p1b: Corviknight|Mirror Armor
|-unboost|p2a: Incineroar|atk|1
|-weather|Sandstorm|[from] ability: Sand Stream|[of] p2b: Tyranitar
|turn|1
|
|t:|1782530806
|move|p2b: Tyranitar|Protect|p2b: Tyranitar
|-singleturn|p2b: Tyranitar|Protect
|move|p1a: Garchomp|Earthquake|p2a: Incineroar|[spread] p2a
|-activate|p2b: Tyranitar|move: Protect
|-immune|p1b: Corviknight
|-supereffective|p2a: Incineroar|1
|-damage|p2a: Incineroar|45/100
|move|p2a: Incineroar|Parting Shot|p1a: Garchomp
|-unboost|p1a: Garchomp|atk|1
|-unboost|p1a: Garchomp|spa|1
|
|t:|1782530822
|switch|p2a: Rotom|Rotom-Wash, L50|100/100|[from] Parting Shot
|move|p1b: Corviknight|Bulk Up|p1b: Corviknight
|-boost|p1b: Corviknight|atk|1
|-boost|p1b: Corviknight|def|1
|
|-weather|Sandstorm|[upkeep]
|-damage|p2a: Rotom|94/100|[from] Sandstorm
|-heal|p2a: Rotom|100/100|[from] item: Leftovers
|upkeep
|turn|2
|
|t:|1782530839
|detailschange|p2b: Tyranitar|Tyranitar-Mega, L50, M
|-mega|p2b: Tyranitar|Tyranitar|Tyranitarite
|move|p1a: Garchomp|Swords Dance|p1a: Garchomp
|-boost|p1a: Garchomp|atk|2
|move|p2a: Rotom|Will-O-Wisp|p1b: Corviknight
|-status|p1b: Corviknight|brn
|move|p2b: Tyranitar|Knock Off|p1b: Corviknight
|-damage|p1b: Corviknight|65/100 brn
|-enditem|p1b: Corviknight|Leftovers|[from] move: Knock Off|[of] p2b: Tyranitar
|move|p1b: Corviknight|Body Press|p2b: Tyranitar
|-supereffective|p2b: Tyranitar|2
|-damage|p2b: Tyranitar|67/100
|
|-weather|Sandstorm|[upkeep]
|-damage|p2a: Rotom|94/100|[from] Sandstorm
|-heal|p2a: Rotom|100/100|[from] item: Leftovers
|-damage|p1b: Corviknight|60/100 brn|[from] brn
|upkeep
|turn|3
|
|t:|1782530863
|move|p2b: Tyranitar|Protect|p2b: Tyranitar
|-singleturn|p2b: Tyranitar|Protect
|move|p1a: Garchomp|Earthquake|p2a: Rotom|[spread] 
|-activate|p2b: Tyranitar|move: Protect
|-immune|p1b: Corviknight
|-immune|p2a: Rotom|[from] ability: Levitate
|move|p2a: Rotom|Will-O-Wisp|p1a: Garchomp
|-status|p1a: Garchomp|brn
|move|p1b: Corviknight|Body Press|p2b: Tyranitar
|-activate|p2b: Tyranitar|move: Protect
|
|-weather|Sandstorm|[upkeep]
|-damage|p2a: Rotom|94/100|[from] Sandstorm
|-heal|p2a: Rotom|100/100|[from] item: Leftovers
|-damage|p1a: Garchomp|93/100 brn|[from] brn
|-damage|p1b: Corviknight|54/100 brn|[from] brn
|upkeep
|turn|4
|inactive|Neomega03 has 30 seconds left.
|inactive|teyvgc has 30 seconds left.
|
|t:|1782530892
|move|p1a: Garchomp|Dragon Claw|p2a: Rotom
|-damage|p2a: Rotom|82/100
|move|p2a: Rotom|Volt Switch|p1b: Corviknight
|-supereffective|p1b: Corviknight|1
|-damage|p1b: Corviknight|3/100 brn
|
|t:|1782530900
|switch|p2a: Incineroar|Incineroar, L50, M|45/100|[from] Volt Switch
|-ability|p2a: Incineroar|Intimidate|boost
|-unboost|p1a: Garchomp|atk|1
|-ability|p1b: Corviknight|Mirror Armor
|-unboost|p2a: Incineroar|atk|1
|move|p2b: Tyranitar|Knock Off|p1a: Garchomp
|-damage|p1a: Garchomp|22/100 brn
|-damage|p2b: Tyranitar|55/100|[from] ability: Rough Skin|[of] p1a: Garchomp
|-enditem|p1a: Garchomp|Focus Sash|[from] move: Knock Off|[of] p2b: Tyranitar
|move|p1b: Corviknight|Body Press|p2b: Tyranitar
|-supereffective|p2b: Tyranitar|2
|-damage|p2b: Tyranitar|19/100
|
|-weather|Sandstorm|[upkeep]
|-damage|p2a: Incineroar|39/100|[from] Sandstorm
|-damage|p1a: Garchomp|16/100 brn|[from] brn
|-damage|p1b: Corviknight|0 fnt|[from] brn
|faint|p1b: Corviknight
|upkeep
|
|t:|1782530921
|switch|p1b: Hatterene|Hatterene, L50, F|100/100
|turn|5
|
|t:|1782530929
|switch|p2b: Rotom|Rotom-Wash, L50|82/100
|move|p1a: Garchomp|Iron Head|p2b: Rotom
|-resisted|p2b: Rotom|2
|-damage|p2b: Rotom|80/100
|move|p2a: Incineroar|Flare Blitz|p1b: Hatterene
|-damage|p1b: Hatterene|50/100g
|-damage|p2a: Incineroar|25/100|[from] Recoil
|move|p1b: Hatterene|Dazzling Gleam|p2a: Incineroar|[spread] p2a,p2b
|-damage|p2a: Incineroar|0 fnt
|-damage|p2b: Rotom|35/100
|faint|p2a: Incineroar
|-damage|p1b: Hatterene|40/100|[from] item: Life Orb
|
|-weather|none
|-heal|p2b: Rotom|41/100|[from] item: Leftovers
|-damage|p1a: Garchomp|10/100 brn|[from] brn
|upkeep
|
|t:|1782530944
|switch|p2a: Tyranitar|Tyranitar-Mega, L50, M|19/100
|-weather|Sandstorm|[from] ability: Sand Stream|[of] p2a: Tyranitar
|turn|6
|
|t:|1782530955
|move|p1a: Garchomp|Dragon Claw|p2b: Rotom
|-crit|p2b: Rotom
|-damage|p2b: Rotom|15/100
|move|p2b: Rotom|Hydro Pump|p1b: Hatterene
|-damage|p1b: Hatterene|0 fnt
|faint|p1b: Hatterene
|move|p2a: Tyranitar|Knock Off|p1a: Garchomp
|-damage|p1a: Garchomp|0 fnt
|-damage|p2a: Tyranitar|7/100|[from] ability: Rough Skin|[of] p1a: Garchomp
|faint|p1a: Garchomp
|
|-weather|Sandstorm|[upkeep]
|-damage|p2b: Rotom|9/100|[from] Sandstorm
|-heal|p2b: Rotom|15/100|[from] item: Leftovers
|upkeep
|
|t:|1782530969
|switch|p1a: Quaquaval|Quaquaval, L50, M|100/100
|turn|7
|
|t:|1782530990
|move|p1a: Quaquaval|U-turn|p2b: Rotom
|-damage|p2b: Rotom|0 fnt
|faint|p2b: Rotom
|-ability|p1a: Quaquaval|Moxie|boost
|-boost|p1a: Quaquaval|atk|1
|move|p2a: Tyranitar|Knock Off|p1a: Quaquaval
|-resisted|p1a: Quaquaval|1
|-damage|p1a: Quaquaval|55/100
|-enditem|p1a: Quaquaval|Muscle Band|[from] move: Knock Off|[of] p2a: Tyranitar
|
|-weather|Sandstorm|[upkeep]
|-damage|p1a: Quaquaval|49/100|[from] Sandstorm
|upkeep
|inactive|teyvgc has 30 seconds left.
|inactive|teyvgc has 20 seconds left.
|inactive|teyvgc has 15 seconds left.
|inactive|teyvgc has 10 seconds left.
|inactive|teyvgc has 5 seconds left.
|
|t:|1782531045
|switch|p2b: Houndstone|Houndstone, L50, M|100/100
|turn|8
|
|t:|1782531065
|move|p2b: Houndstone|Last Respects|p1a: Quaquaval
|-damage|p1a: Quaquaval|0 fnt
|faint|p1a: Quaquaval
|
|win|teyvgc
|raw|Neomega03's rating: 1093 → 1073(-20 for losing)
|raw|teyvgc's rating: 1157 → 1177(+20 for winning)
