|j|Ōśåsnailboss
|j|Ōśåbagarresinge
|html|snailbossbagarresinge    
|uhtml|bestof|Game 1 of a best-of-3
|t:|1756409392
|gametype|doubles
|player|p1|snailboss|hilda-wonderlauncher|1243
|player|p2|bagarresinge|harlequin|1171
|gen|9
|tier|[Gen 9] VGC 2025 Reg H (Bo3)
|rated|
|rule|Species Clause: Limit one of each Pok├®mon
|rule|Item Clause: Limit 1 of each item
|clearpoke
|poke|p1|Kingambit, L50, M|
|poke|p1|Rillaboom, L50, F|
|poke|p1|Volcarona, L50, F|
|poke|p1|Tauros-Paldea-Aqua, L50, M|
|poke|p1|Electabuzz, L50, M|
|poke|p1|Ninetales-Alola, L50, M|
|poke|p2|Incineroar, L50, M|
|poke|p2|Gholdengo, L50|
|poke|p2|Amoonguss, L50, M|
|poke|p2|Hydreigon, L50, M|
|poke|p2|Porygon2, L50|
|poke|p2|Ursaluna, L50, M|
|teampreview|4
|showteam|p1|Kingambit||BlackGlasses|Defiant|SuckerPunch,KowtowCleave,SwordsDance,Protect|||M|||50|,,,,,Ghost]Rillaboom||AssaultVest|GrassySurge|FakeOut,GrassyGlide,WoodHammer,HighHorsepower|||F|||50|,,,,,Fire]Volcarona||CovertCloak|FlameBody|QuiverDance,HeatWave,GigaDrain,Protect|||F|||50|,,,,,Grass]Tauros-Paldea-Aqua||GrassySeed|Intimidate|WaveCrash,BodyPress,Protect,AquaJet|||M|||50|,,,,,Fire]Electabuzz||Eviolite|VitalSpirit|HelpingHand,Thunderbolt,Protect,FollowMe|||M|||50|,,,,,Fairy]Ninetales-Alola||FocusSash|SnowWarning|Protect,Encore,FreezeDry,Disable|||M|||50|,,,,,Ghost
|showteam|p2|Incineroar||SitrusBerry|Intimidate|KnockOff,FakeOut,FlareBlitz,PartingShot|||M|||50|,,,,,Ghost]Gholdengo||MetalCoat|GoodasGold|Protect,NastyPlot,MakeItRain,ShadowBall||||||50|,,,,,Water]Amoonguss||RockyHelmet|Regenerator|Spore,RagePowder,PollenPuff,Protect|||M|||50|,,,,,Fairy]Hydreigon||SafetyGoggles|Levitate|DracoMeteor,Snarl,Tailwind,Protect|||M|||50|,,,,,Ghost]Porygon2||Eviolite|Download|Recover,IceBeam,TeraBlast,TrickRoom||||||50|,,,,,Fighting]Ursaluna||FlameOrb|Guts|Earthquake,Facade,HeadlongRush,Protect|||M|||50|,,,,,Ghost
|c|Ōśåbagarresinge|glhf
|c|Ōśåsnailboss|glh to u 2!
|
|t:|1756409452
|teamsize|p1|4
|teamsize|p2|4
|start
|switch|p1a: Kingambit|Kingambit, L50, M|100/100
|switch|p1b: Rillaboom|Rillaboom, L50, F|100/100
|switch|p2a: Gholdengo|Gholdengo, L50|100/100
|switch|p2b: Hydreigon|Hydreigon, L50, M|100/100
|-fieldstart|move: Grassy Terrain|[from] ability: Grassy Surge|[of] p1b: Rillaboom
|turn|1
|inactive|Battle timer is ON: inactive players will automatically lose when time's up. (requested by bagarresinge)
|inactive|bagarresinge has 60 seconds left.
|
|t:|1756409492
|-terastallize|p2a: Gholdengo|Water
|move|p2b: Hydreigon|Tailwind|p2b: Hydreigon
|-sidestart|p2: bagarresinge|move: Tailwind
|move|p2a: Gholdengo|Nasty Plot|p2a: Gholdengo
|-boost|p2a: Gholdengo|spa|2
|move|p1b: Rillaboom|High Horsepower|p2a: Gholdengo
|-damage|p2a: Gholdengo|70/100
|move|p1a: Kingambit|Swords Dance|p1a: Kingambit
|-boost|p1a: Kingambit|atk|2
|
|-heal|p2a: Gholdengo|77/100|[from] Grassy Terrain
|upkeep
|turn|2
|
|t:|1756409516
|switch|p2b: Amoonguss|Amoonguss, L50, M|100/100
|move|p2a: Gholdengo|Protect|p2a: Gholdengo
|-singleturn|p2a: Gholdengo|Protect
|move|p1a: Kingambit|Protect|p1a: Kingambit
|-singleturn|p1a: Kingambit|Protect
|move|p1b: Rillaboom|Grassy Glide|p2a: Gholdengo
|-activate|p2a: Gholdengo|move: Protect
|
|-heal|p2a: Gholdengo|83/100|[from] Grassy Terrain
|upkeep
|turn|3
|inactive|bagarresinge has 30 seconds left.
|
|t:|1756409545
|switch|p2a: Hydreigon|Hydreigon, L50, M|100/100
|move|p1b: Rillaboom|High Horsepower|p2b: Amoonguss
|-damage|p2b: Amoonguss|72/100
|-damage|p1b: Rillaboom|84/100|[from] item: Rocky Helmet|[of] p2b: Amoonguss
|move|p2b: Amoonguss|Spore|p1a: Kingambit
|-status|p1a: Kingambit|slp|[from] move: Spore
|cant|p1a: Kingambit|slp
|
|-heal|p1b: Rillaboom|90/100|[from] Grassy Terrain
|-heal|p2b: Amoonguss|78/100|[from] Grassy Terrain
|upkeep
|turn|4
|c|Ōśåsnailboss|oh my god lmao
|c|Ōśåsnailboss|fast shroom
|inactive|snailboss has 30 seconds left.
|inactive|bagarresinge has 30 seconds left.
|
|t:|1756409583
|switch|p1b: Volcarona|Volcarona, L50, F|100/100
|cant|p1a: Kingambit|slp
|move|p2a: Hydreigon|Draco Meteor|p1a: Kingambit
|-resisted|p1a: Kingambit
|-damage|p1a: Kingambit|74/100 slp
|-unboost|p2a: Hydreigon|spa|2
|move|p2b: Amoonguss|Pollen Puff|p1a: Kingambit
|-damage|p1a: Kingambit|55/100 slp
|
|-heal|p2b: Amoonguss|84/100|[from] Grassy Terrain
|-heal|p1a: Kingambit|61/100 slp|[from] Grassy Terrain
|-sideend|p2: bagarresinge|move: Tailwind
|upkeep
|turn|5
|
|t:|1756409601
|switch|p2a: Gholdengo|Gholdengo, L50, tera:Water|83/100
|-terastallize|p1b: Volcarona|Grass
|move|p2b: Amoonguss|Protect|p2b: Amoonguss
|-singleturn|p2b: Amoonguss|Protect
|move|p1b: Volcarona|Quiver Dance|p1b: Volcarona
|-boost|p1b: Volcarona|spa|1
|-boost|p1b: Volcarona|spd|1
|-boost|p1b: Volcarona|spe|1
|-curestatus|p1a: Kingambit|slp|[msg]
|move|p1a: Kingambit|Kowtow Cleave|p2b: Amoonguss
|-activate|p2b: Amoonguss|move: Protect
|
|-heal|p2a: Gholdengo|89/100|[from] Grassy Terrain
|-heal|p1a: Kingambit|67/100|[from] Grassy Terrain
|-heal|p2b: Amoonguss|90/100|[from] Grassy Terrain
|-fieldend|move: Grassy Terrain
|upkeep
|turn|6
|inactive|bagarresinge has 30 seconds left.
|inactive|bagarresinge has 20 seconds left.
|inactive|bagarresinge has 15 seconds left.
|inactive|bagarresinge has 10 seconds left.
|
|t:|1756409647
|move|p2a: Gholdengo|Protect|p2a: Gholdengo
|-singleturn|p2a: Gholdengo|Protect
|move|p1b: Volcarona|Giga Drain|p2a: Gholdengo
|-activate|p2a: Gholdengo|move: Protect
|move|p1a: Kingambit|Kowtow Cleave|p2b: Amoonguss
|-damage|p2b: Amoonguss|1/100
|-damage|p1a: Kingambit|51/100|[from] item: Rocky Helmet|[of] p2b: Amoonguss
|move|p2b: Amoonguss|Spore|p1a: Kingambit
|-status|p1a: Kingambit|slp|[from] move: Spore
|
|upkeep
|turn|7
|
|t:|1756409666
|switch|p2a: Hydreigon|Hydreigon, L50, M|100/100
|switch|p2b: Incineroar|Incineroar, L50, M, shiny|100/100
|-ability|p2b: Incineroar|Intimidate|boost
|-unboost|p1a: Kingambit|atk|1
|-ability|p1a: Kingambit|Defiant|boost
|-boost|p1a: Kingambit|atk|2
|-unboost|p1b: Volcarona|atk|1
|move|p1b: Volcarona|Giga Drain|p2a: Hydreigon
|-resisted|p2a: Hydreigon
|-damage|p2a: Hydreigon|74/100
|cant|p1a: Kingambit|slp
|
|upkeep
|turn|8
|
|t:|1756409691
|move|p1b: Volcarona|Protect|p1b: Volcarona
|-singleturn|p1b: Volcarona|Protect
|move|p2a: Hydreigon|Protect|p2a: Hydreigon
|-singleturn|p2a: Hydreigon|Protect
|cant|p1a: Kingambit|slp
|move|p2b: Incineroar|Flare Blitz|p1a: Kingambit
|-supereffective|p1a: Kingambit
|-damage|p1a: Kingambit|0 fnt
|faint|p1a: Kingambit
|-damage|p2b: Incineroar|84/100|[from] Recoil
|
|upkeep
|
|t:|1756409700
|switch|p1a: Rillaboom|Rillaboom, L50, F|90/100
|-fieldstart|move: Grassy Terrain|[from] ability: Grassy Surge|[of] p1a: Rillaboom
|turn|9
|
|t:|1756409716
|switch|p1a: Tauros|Tauros-Paldea-Aqua, L50, M|100/100
|-ability|p1a: Tauros|Intimidate|boost
|-unboost|p2a: Hydreigon|atk|1
|-unboost|p2b: Incineroar|atk|1
|-enditem|p1a: Tauros|Grassy Seed
|-boost|p1a: Tauros|def|1|[from] item: Grassy Seed
|move|p1b: Volcarona|Quiver Dance|p1b: Volcarona
|-boost|p1b: Volcarona|spa|1
|-boost|p1b: Volcarona|spd|1
|-boost|p1b: Volcarona|spe|1
|move|p2a: Hydreigon|Snarl|p1a: Tauros|[spread] p1b
|-miss|p2a: Hydreigon|p1a: Tauros
|-damage|p1b: Volcarona|93/100
|move|p2b: Incineroar|Parting Shot|p1b: Volcarona
|-unboost|p1b: Volcarona|atk|1
|-unboost|p1b: Volcarona|spa|1
|
|t:|1756409735
|switch|p2b: Amoonguss|Amoonguss, L50, M|35/100|[from] Parting Shot
|
|-heal|p1b: Volcarona|99/100|[from] Grassy Terrain
|-heal|p2b: Amoonguss|41/100|[from] Grassy Terrain
|upkeep
|turn|10
|inactive|bagarresinge has 30 seconds left.
|
|t:|1756409764
|move|p1b: Volcarona|Heat Wave|p2b: Amoonguss|[spread] p2b
|-miss|p1b: Volcarona|p2a: Hydreigon
|-supereffective|p2b: Amoonguss
|-damage|p2b: Amoonguss|0 fnt
|faint|p2b: Amoonguss
|move|p2a: Hydreigon|Tailwind|p2a: Hydreigon
|-sidestart|p2: bagarresinge|move: Tailwind
|move|p1a: Tauros|Body Press|p2a: Hydreigon
|-supereffective|p2a: Hydreigon
|-damage|p2a: Hydreigon|0 fnt
|faint|p2a: Hydreigon
|
|-heal|p1b: Volcarona|100/100|[from] Grassy Terrain
|upkeep
|
|t:|1756409773
|switch|p2a: Gholdengo|Gholdengo, L50, tera:Water|89/100
|switch|p2b: Incineroar|Incineroar, L50, M, shiny|84/100
|-ability|p2b: Incineroar|Intimidate|boost
|-unboost|p1a: Tauros|atk|1
|-unboost|p1b: Volcarona|atk|1
|turn|11
|
|t:|1756409798
|move|p1a: Tauros|Protect|p1a: Tauros
|-singleturn|p1a: Tauros|Protect
|move|p2b: Incineroar|Fake Out|p1a: Tauros
|-activate|p1a: Tauros|move: Protect
|move|p1b: Volcarona|Giga Drain|p2a: Gholdengo
|-supereffective|p2a: Gholdengo
|-damage|p2a: Gholdengo|0 fnt
|faint|p2a: Gholdengo
|
|-heal|p2b: Incineroar|90/100|[from] Grassy Terrain
|upkeep
|turn|12
|-message|bagarresinge forfeited.
|
|win|snailboss
