|j|☆AtomicTwilight
|j|☆megtra A
|html|AtomicTwilightmegtra A    
|uhtml|bestof|Game 1 of a best-of-3
|t:|1784733597
|gametype|doubles
|player|p1|AtomicTwilight|canari|1127
|player|p2|megtra A|265|1000
|gen|9
|tier|[Gen 9 Champions] VGC 2026 Reg M-B (Bo3)
|rated|
|rule|Species Clause: Limit one of each Pokémon
|rule|Item Clause: Limit 1 of each item
|clearpoke
|poke|p1|Typhlosion-Hisui, L50, M|
|poke|p1|Charizard, L50, M, shiny|
|poke|p1|Sneasler, L50, F|
|poke|p1|Whimsicott, L50, F|
|poke|p1|Garchomp, L50, M|
|poke|p1|Kingambit, L50, F|
|poke|p2|Garchomp, L50, M|
|poke|p2|Tyranitar, L50, F|
|poke|p2|Whimsicott, L50, M|
|poke|p2|Scizor, L50, M|
|poke|p2|Annihilape, L50, F|
|poke|p2|Toxapex, L50, F|
|teampreview|4
|showteam|p1|Typhlosion-Hisui||ChoiceScarf|Frisk|Eruption,HeatWave,ShadowBall,Overheat|Timid||M|||50|]Charizard||CharizarditeY|Blaze|HeatWave,WeatherBall,Protect,SolarBeam|Timid||M|||50|]Sneasler||WhiteHerb|Unburden|FakeOut,DireClaw,CloseCombat,Protect|Adamant||F|||50|]Whimsicott||FocusSash|Prankster|Tailwind,Encore,Moonblast,Protect|Modest||F|||50|]Garchomp||LifeOrb|RoughSkin|DragonClaw,StompingTantrum,RockSlide,Protect|Adamant||M|||50|]Kingambit||BlackGlasses|Defiant|Protect,SwordsDance,SuckerPunch,KowtowCleave|Adamant||F|||50|
|showteam|p2|Garchomp||SitrusBerry|RoughSkin|Earthquake,DragonClaw,Protect,RockSlide|Careful||M|||50|]Tyranitar||Tyranitarite|SandStream|RockSlide,IcePunch,Protect,KnockOff|Jolly||F|||50|]Whimsicott||FocusSash|Prankster|Moonblast,Encore,Tailwind,BeatUp|Naive||M|||50|]Scizor||MetalCoat|Technician|BugBite,BulletPunch,SwordsDance,Protect|Jolly||M|||50|]Annihilape||MuscleBand|Defiant|RageFist,DrainPunch,Protect,IcePunch|Jolly||F|||50|]Toxapex||Leftovers|Regenerator|BanefulBunker,Toxic,Infestation,WideGuard|Serious||F|||50|
|
|t:|1784733645
|teamsize|p1|4
|teamsize|p2|4
|start
|switch|p1a: Sneasler|Sneasler, L50, F|100/100
|switch|p1b: Charizard|Charizard, L50, M, shiny|100/100
|switch|p2a: Tyranitar|Tyranitar, L50, F|100/100
|switch|p2b: Garchomp|Garchomp, L50, M|100/100
|-weather|Sandstorm|[from] ability: Sand Stream|[of] p2a: Tyranitar
|turn|1
|
|t:|1784733692
|detailschange|p1b: Charizard|Charizard-Mega-Y, L50, M, shiny
|-mega|p1b: Charizard|Charizard|Charizardite Y
|-weather|SunnyDay|[from] ability: Drought|[of] p1b: Charizard
|move|p2a: Tyranitar|Protect|p2a: Tyranitar
|-singleturn|p2a: Tyranitar|Protect
|move|p1a: Sneasler|Fake Out|p2a: Tyranitar
|-activate|p2a: Tyranitar|move: Protect
|move|p1b: Charizard|Solar Beam||[still]
|-prepare|p1b: Charizard|Solar Beam
|-anim|p1b: Charizard|Solar Beam|p2a: Tyranitar
|-activate|p2a: Tyranitar|move: Protect
|move|p2b: Garchomp|Earthquake|p1b: Charizard|[spread] p1a
|-activate|p2a: Tyranitar|move: Protect
|-immune|p1b: Charizard
|-supereffective|p1a: Sneasler|1
|-damage|p1a: Sneasler|0 fnt
|faint|p1a: Sneasler
|
|-weather|SunnyDay|[upkeep]
|upkeep
|
|t:|1784733707
|switch|p1a: Whimsicott|Whimsicott, L50, F|100/100
|turn|2
|
|t:|1784733729
|switch|p1b: Garchomp|Garchomp, L50, M|100/100
|switch|p2b: Toxapex|Toxapex, L50, F|100/100
|detailschange|p2a: Tyranitar|Tyranitar-Mega, L50, F
|-mega|p2a: Tyranitar|Tyranitar|Tyranitarite
|-weather|Sandstorm|[from] ability: Sand Stream|[of] p2a: Tyranitar
|move|p1a: Whimsicott|Moonblast|p2a: Tyranitar
|-supereffective|p2a: Tyranitar|1
|-damage|p2a: Tyranitar|61/100
|move|p2a: Tyranitar|Rock Slide|p1b: Garchomp|[spread] p1a,p1b
|-resisted|p1b: Garchomp|1
|-damage|p1a: Whimsicott|57/100
|-damage|p1b: Garchomp|86/100
|
|-weather|Sandstorm|[upkeep]
|-damage|p1a: Whimsicott|51/100|[from] Sandstorm
|-damage|p2b: Toxapex|94/100|[from] Sandstorm
|-heal|p2b: Toxapex|100/100|[from] item: Leftovers
|upkeep
|turn|3
|
|t:|1784733781
|move|p1a: Whimsicott|Protect|p1a: Whimsicott
|-singleturn|p1a: Whimsicott|Protect
|move|p2b: Toxapex|Wide Guard|p2b: Toxapex
|-singleturn|p2b: Toxapex|Wide Guard
|move|p1b: Garchomp|Stomping Tantrum|p2a: Tyranitar
|-supereffective|p2a: Tyranitar|1
|-damage|p2a: Tyranitar|0 fnt
|faint|p2a: Tyranitar
|-damage|p1b: Garchomp|77/100|[from] item: Life Orb
|
|-weather|Sandstorm|[upkeep]
|-damage|p1a: Whimsicott|45/100|[from] Sandstorm
|-damage|p2b: Toxapex|94/100|[from] Sandstorm
|-heal|p2b: Toxapex|100/100|[from] item: Leftovers
|upkeep
|
|t:|1784733799
|switch|p2a: Scizor|Scizor, L50, M|100/100
|turn|4
|
|t:|1784733823
|move|p1a: Whimsicott|Tailwind|p1a: Whimsicott
|-sidestart|p1: AtomicTwilight|move: Tailwind
|move|p2a: Scizor|Bullet Punch|p1a: Whimsicott
|-supereffective|p1a: Whimsicott|1
|-damage|p1a: Whimsicott|0 fnt
|faint|p1a: Whimsicott
|move|p1b: Garchomp|Stomping Tantrum|p2b: Toxapex
|-supereffective|p2b: Toxapex|1
|-damage|p2b: Toxapex|20/100y
|-damage|p1b: Garchomp|67/100|[from] item: Life Orb
|move|p2b: Toxapex|Toxic|p1b: Garchomp
|-status|p1b: Garchomp|tox
|
|-weather|Sandstorm|[upkeep]
|-damage|p2b: Toxapex|14/100|[from] Sandstorm
|-heal|p2b: Toxapex|20/100y|[from] item: Leftovers
|-damage|p1b: Garchomp|61/100 tox|[from] psn
|upkeep
|
|t:|1784733834
|switch|p1a: Charizard|Charizard-Mega-Y, L50, M, shiny|100/100
|-weather|SunnyDay|[from] ability: Drought|[of] p1a: Charizard
|turn|5
|
|t:|1784733851
|-heal|p2b: Toxapex|53/100|[from] ability: Regenerator|[silent]
|switch|p2b: Garchomp|Garchomp, L50, M|100/100
|move|p2a: Scizor|Protect|p2a: Scizor
|-singleturn|p2a: Scizor|Protect
|move|p1a: Charizard|Weather Ball|p2a: Scizor
|-activate|p2a: Scizor|move: Protect
|move|p1b: Garchomp|Stomping Tantrum|p2b: Garchomp
|-damage|p2b: Garchomp|58/100
|-damage|p1b: Garchomp|49/100 tox|[from] ability: Rough Skin|[of] p2b: Garchomp
|-damage|p1b: Garchomp|39/100 tox|[from] item: Life Orb
|
|-weather|SunnyDay|[upkeep]
|-damage|p1b: Garchomp|27/100 tox|[from] psn
|upkeep
|turn|6
|
|t:|1784733881
|move|p2a: Scizor|Bullet Punch|p1b: Garchomp
|-damage|p1b: Garchomp|0 fnt
|-damage|p2a: Scizor|87/100|[from] ability: Rough Skin|[of] p1b: Garchomp
|faint|p1b: Garchomp
|move|p1a: Charizard|Heat Wave|p2a: Scizor|[spread] p2a,p2b
|-supereffective|p2a: Scizor|2
|-resisted|p2b: Garchomp|1
|-damage|p2a: Scizor|0 fnt
|-damage|p2b: Garchomp|32/100
|-enditem|p2b: Garchomp|Sitrus Berry|[eat]
|-heal|p2b: Garchomp|56/100|[from] item: Sitrus Berry
|faint|p2a: Scizor
|move|p2b: Garchomp|Rock Slide|p1a: Charizard
|-supereffective|p1a: Charizard|2
|-damage|p1a: Charizard|0 fnt
|faint|p1a: Charizard
|
|win|megtra A
||AtomicTwilight is ready for game 2.
|inactive|megtra A has 30 seconds to confirm battle start!
|inactive|megtra A has 19 seconds to confirm battle start!
||megtra A is ready for game 2.
|uhtml|next|Next: Game 2 of 3
