|j|☆Kardeas
|j|☆failandimprove5
|html|Kardeasfailandimprove5    
|uhtml|bestof|Game 1 of a best-of-3
|t:|1784508352
|gametype|doubles
|player|p1|Kardeas|clerkf|1186
|player|p2|failandimprove5|266|1333
|gen|9
|tier|[Gen 9 Champions] VGC 2026 Reg M-B (Bo3)
|rated|
|rule|Species Clause: Limit one of each Pokémon
|rule|Item Clause: Limit 1 of each item
|clearpoke
|poke|p1|Kingambit, L50, M|
|poke|p1|Sneasler, L50, F|
|poke|p1|Dragonite, L50, M|
|poke|p1|Sableye, L50, F|
|poke|p1|Ninetales-Alola, L50, M|
|poke|p1|Toxapex, L50, F|
|poke|p2|Kingambit, L50, M|
|poke|p2|Sneasler, L50, M|
|poke|p2|Froslass, L50, F|
|poke|p2|Lycanroc-Dusk, L50, M|
|poke|p2|Basculegion, L50, M|
|poke|p2|Scovillain, L50, M|
|teampreview|4
|showteam|p1|Kingambit||LifeOrb|Defiant|KowtowCleave,SuckerPunch,IronHead,Protect|Adamant||M|||50|]Sneasler||FocusSash|PoisonTouch|PoisonJab,CloseCombat,FakeOut,QuickGuard|Jolly||F|||50|]Dragonite||Dragoninite|Multiscale|DragonPulse,HeatWave,Tailwind,Protect|Modest||M|||50|]Sableye||RoseliBerry|Prankster|FakeOut,Encore,Disable,FoulPlay|Calm||F|||50|]Ninetales-Alola||NeverMeltIce|SnowWarning|Blizzard,FreezeDry,Encore,Protect|Timid||M|||50|]Toxapex||Leftovers|Regenerator|Infestation,Toxic,WideGuard,BanefulBunker|Bold||F|||50|
|showteam|p2|Kingambit||LifeOrb|Defiant|KowtowCleave,SuckerPunch,SwordsDance,Protect|Adamant||M|||50|]Sneasler||WhiteHerb|Unburden|FakeOut,CloseCombat,GunkShot,Protect|Adamant||M|||50|]Froslass||Froslassite|SnowCloak|Blizzard,AuroraVeil,ShadowBall,Protect|Timid||F|||50|]Lycanroc-Dusk||FocusSash|ToughClaws|CloseCombat,RockSlide,Accelerock,Protect|Adamant||M|||50|]Basculegion||SitrusBerry|Adaptability|LastRespects,AquaJet,WaveCrash,Protect|Adamant||M|||50|]Scovillain||Scovillainite|Moody|Overheat,GigaDrain,RagePowder,Protect|Bold||M|||50|
|inactive|Battle timer is ON: inactive players will automatically lose when time's up. (requested by failandimprove5)
|inactive|Kardeas has 60 seconds left.
|inactive|failandimprove5 has 60 seconds left.
|
|t:|1784508414
|teamsize|p1|4
|teamsize|p2|4
|start
|switch|p1a: Sableye|Sableye, L50, F|100/100
|switch|p1b: Toxapex|Toxapex, L50, F|100/100
|switch|p2a: Scovillain|Scovillain, L50, M|100/100
|switch|p2b: Basculegion|Basculegion, L50, M|100/100
|turn|1
|inactive|Kardeas has 30 seconds left.
|
|t:|1784508451
|detailschange|p2a: Scovillain|Scovillain-Mega, L50, M
|-mega|p2a: Scovillain|Scovillain|Scovillainite
|move|p1a: Sableye|Disable||[still]
|-fail|p1a: Sableye
|move|p2a: Scovillain|Giga Drain|p1a: Sableye
|-damage|p1a: Sableye|60/100
|move|p2b: Basculegion|Wave Crash|p1a: Sableye
|-damage|p1a: Sableye|0 fnt
|faint|p1a: Sableye
|-damage|p2b: Basculegion|86/100|[from] Recoil
|move|p1b: Toxapex|Infestation|p2a: Scovillain
|-damage|p2a: Scovillain|95/100
|-activate|p2a: Scovillain|move: Infestation|[of] p1b: Toxapex
|-status|p1b: Toxapex|brn|[from] ability: Spicy Spray|[of] p2a: Scovillain
|
|-damage|p1b: Toxapex|94/100 brn|[from] brn
|-damage|p2a: Scovillain|83/100|[from] move: Infestation|[partiallytrapped]
|upkeep
|
|t:|1784508469
|switch|p1a: Kingambit|Kingambit, L50, M|100/100
|turn|2
|
|t:|1784508476
|switch|p2b: Kingambit|Kingambit, L50, M|100/100
|move|p1a: Kingambit|Protect|p1a: Kingambit
|-singleturn|p1a: Kingambit|Protect
|move|p2a: Scovillain|Overheat|p1a: Kingambit
|-activate|p1a: Kingambit|move: Protect
|move|p1b: Toxapex|Toxic|p2a: Scovillain
|-status|p2a: Scovillain|tox
|
|-heal|p1b: Toxapex|100/100 brn|[from] item: Leftovers
|-damage|p2a: Scovillain|77/100 tox|[from] psn
|-damage|p1b: Toxapex|94/100 brn|[from] brn
|-damage|p2a: Scovillain|65/100 tox|[from] move: Infestation|[partiallytrapped]
|upkeep
|turn|3
|
|t:|1784508492
|switch|p1a: Sneasler|Sneasler, L50, F|100/100
|move|p2a: Scovillain|Overheat|p1a: Sneasler
|-damage|p1a: Sneasler|17/100
|-unboost|p2a: Scovillain|spa|2
|move|p2b: Kingambit|Swords Dance|p2b: Kingambit
|-boost|p2b: Kingambit|atk|2
|move|p1b: Toxapex|Infestation|p2b: Kingambit
|-damage|p2b: Kingambit|96/100
|-activate|p2b: Kingambit|move: Infestation|[of] p1b: Toxapex
|
|-heal|p1b: Toxapex|100/100 brn|[from] item: Leftovers
|-damage|p2a: Scovillain|54/100 tox|[from] psn
|-damage|p1b: Toxapex|94/100 brn|[from] brn
|-damage|p2a: Scovillain|41/100 tox|[from] move: Infestation|[partiallytrapped]
|-damage|p2b: Kingambit|84/100|[from] move: Infestation|[partiallytrapped]
|upkeep
|turn|4
|
|t:|1784508513
|move|p2a: Scovillain|Protect|p2a: Scovillain
|-singleturn|p2a: Scovillain|Protect
|move|p2b: Kingambit|Protect|p2b: Kingambit
|-singleturn|p2b: Kingambit|Protect
|move|p1a: Sneasler|Fake Out|p2b: Kingambit
|-activate|p2b: Kingambit|move: Protect
|move|p1b: Toxapex|Infestation|p2a: Scovillain
|-activate|p2a: Scovillain|move: Protect
|
|-heal|p1b: Toxapex|100/100 brn|[from] item: Leftovers
|-damage|p2a: Scovillain|24/100 tox|[from] psn
|-damage|p1b: Toxapex|94/100 brn|[from] brn
|-damage|p2a: Scovillain|12/100 tox|[from] move: Infestation|[partiallytrapped]
|-damage|p2b: Kingambit|72/100|[from] move: Infestation|[partiallytrapped]
|upkeep
|turn|5
|
|t:|1784508533
|switch|p1a: Kingambit|Kingambit, L50, M|100/100
|move|p1b: Toxapex|Baneful Bunker|p1b: Toxapex
|-singleturn|p1b: Toxapex|move: Protect
|move|p2a: Scovillain|Rage Powder|p2a: Scovillain
|-singleturn|p2a: Scovillain|move: Rage Powder
|move|p2b: Kingambit|Kowtow Cleave|p1a: Kingambit
|-resisted|p1a: Kingambit|1
|-damage|p1a: Kingambit|55/100
|-damage|p2b: Kingambit|62/100|[from] item: Life Orb
|
|-heal|p1b: Toxapex|100/100 brn|[from] item: Leftovers
|-damage|p2a: Scovillain|0 fnt|[from] psn
|faint|p2a: Scovillain
|-damage|p1b: Toxapex|94/100 brn|[from] brn
|-damage|p2b: Kingambit|50/100g|[from] move: Infestation|[partiallytrapped]
|upkeep
|
|t:|1784508538
|switch|p2a: Sneasler|Sneasler, L50, M|100/100
|turn|6
|
|t:|1784508556
|move|p1a: Kingambit|Sucker Punch|p2a: Sneasler
|-resisted|p2a: Sneasler|1
|-damage|p2a: Sneasler|69/100
|-damage|p1a: Kingambit|46/100|[from] item: Life Orb
|move|p2a: Sneasler|Close Combat|p1a: Kingambit
|-supereffective|p1a: Kingambit|2
|-damage|p1a: Kingambit|0 fnt
|-unboost|p2a: Sneasler|def|1
|-unboost|p2a: Sneasler|spd|1
|faint|p1a: Kingambit
|-enditem|p2a: Sneasler|White Herb
|-clearnegativeboost|p2a: Sneasler|[silent]
|move|p2b: Kingambit|Swords Dance|p2b: Kingambit
|-boost|p2b: Kingambit|atk|2
|move|p1b: Toxapex|Infestation|p2a: Sneasler
|-resisted|p2a: Sneasler|2
|-damage|p2a: Sneasler|68/100
|-activate|p2a: Sneasler|move: Infestation|[of] p1b: Toxapex
|
|-heal|p1b: Toxapex|100/100 brn|[from] item: Leftovers
|-damage|p1b: Toxapex|94/100 brn|[from] brn
|-damage|p2a: Sneasler|56/100|[from] move: Infestation|[partiallytrapped]
|-damage|p2b: Kingambit|38/100|[from] move: Infestation|[partiallytrapped]
|upkeep
|
|t:|1784508575
|switch|p1a: Sneasler|Sneasler, L50, F|17/100
|turn|7
|
|t:|1784508585
|move|p1a: Sneasler|Fake Out|p2a: Sneasler
|-damage|p2a: Sneasler|39/100
|cant|p2a: Sneasler|flinch
|move|p2b: Kingambit|Kowtow Cleave|p1b: Toxapex
|-damage|p1b: Toxapex|0 fnt
|faint|p1b: Toxapex
|-damage|p2b: Kingambit|28/100|[from] item: Life Orb
|
|-end|p2a: Sneasler|Infestation|[partiallytrapped]|[silent]
|-end|p2b: Kingambit|Infestation|[partiallytrapped]|[silent]
|upkeep
|turn|8
|-message|Kardeas forfeited.
|
|win|failandimprove5
