|j|☆Agupon ♥️
|j|☆TheGayOneVGC
|html|Agupon ♥️TheGayOneVGC    
|uhtml|bestof|Game 2 of a best-of-3
|t:|1786082510
|gametype|doubles
|player|p1|Agupon ♥️|winona-gen6|1118
|player|p2|TheGayOneVGC|102|1050
|gen|9
|tier|[Gen 9 Champions] VGC 2026 Reg M-B (Bo3)
|rated|
|rule|Species Clause: Limit one of each Pokémon
|rule|Item Clause: Limit 1 of each item
|clearpoke
|poke|p1|Mr. Rime, L50, M|
|poke|p1|Raichu, L50, M|
|poke|p1|Floette-Eternal, L50, F|
|poke|p1|Incineroar, L50, M|
|poke|p1|Ceruledge, L50, M|
|poke|p1|Sinistcha, L50|
|poke|p2|Sinistcha, L50|
|poke|p2|Staraptor, L50, F|
|poke|p2|Talonflame, L50, F|
|poke|p2|Incineroar, L50, F|
|poke|p2|Garchomp, L50, F|
|poke|p2|Blastoise, L50, F|
|teampreview|4
|showteam|p1|Mr. Rime||FocusSash|ScreenCleaner|FreezeDry,Protect,SheerCold,RolePlay|Timid||M|||50|]Raichu||RaichuniteY|LightningRod|FakeOut,ZapCannon,FocusBlast,Protect|Timid||M|||50|]Floette-Eternal||Floettite|FlowerVeil|Moonblast,DazzlingGleam,CalmMind,Protect|Timid||F|||50|]Incineroar||SitrusBerry|Intimidate|FakeOut,ThroatChop,FlareBlitz,PartingShot|Impish||M|||50|]Ceruledge||ColburBerry|FlashFire|BitterBlade,ShadowSneak,Protect,BulkUp|Adamant||M|||50|]Sinistcha||KasibBerry|Hospitality|MatchaGotcha,Protect,LifeDew,RagePowder|Bold|||||50|
|showteam|p2|Sinistcha||OccaBerry|Hospitality|ShadowBall,MatchaGotcha,LifeDew,RagePowder|Modest|||||50|]Staraptor||Staraptite|Intimidate|CloseCombat,Roost,Protect,BraveBird|Jolly||F|||50|]Talonflame||FocusSash|GaleWings|DualWingbeat,FeatherDance,Protect,Tailwind|Adamant||F|||50|]Incineroar||SitrusBerry|Intimidate|FakeOut,FlareBlitz,PartingShot,DarkestLariat|Adamant||F|||50|]Garchomp||WideLens|SandVeil|RockSlide,DragonRush,Protect,Earthquake|Jolly||F|||50|]Blastoise||Blastoisinite|Torrent|WaterSpout,DarkPulse,Protect,AuraSphere|Modest||F|||50|
|inactive|Battle timer is ON: inactive players will automatically lose when time's up. (requested by TheGayOneVGC)
|
|t:|1786082558
|teamsize|p1|4
|teamsize|p2|4
|start
|switch|p1a: Floette|Floette-Eternal, L50, F|100/100
|switch|p1b: Mr. Rime|Mr. Rime, L50, M|100/100
|switch|p2a: Incineroar|Incineroar, L50, F|100/100
|switch|p2b: Talonflame|Talonflame, L50, F|100/100
|-ability|p2a: Incineroar|Intimidate|boost
|-unboost|p1a: Floette|atk|1
|-unboost|p1b: Mr. Rime|atk|1
|turn|1
|inactive|TheGayOneVGC has 30 seconds left.
|inactive|TheGayOneVGC has 20 seconds left.
|
|t:|1786082593
|detailschange|p1a: Floette|Floette-Mega, L50, F
|-mega|p1a: Floette|Floette|Floettite
|-ability|p1a: Floette|Fairy Aura
|move|p2a: Incineroar|Fake Out|p1a: Floette
|-damage|p1a: Floette|87/100
|move|p2b: Talonflame|Dual Wingbeat|p1b: Mr. Rime
|-damage|p1b: Mr. Rime|73/100
|-damage|p1b: Mr. Rime|49/100
|-hitcount|p1b: Mr. Rime|2
|cant|p1a: Floette|flinch
|move|p1b: Mr. Rime|Role Play|p2a: Incineroar
|-ability|p1b: Mr. Rime|Intimidate|Screen Cleaner|[from] move: Role Play|[of] p2a: Incineroar
|-ability|p1b: Mr. Rime|Intimidate|boost
|-unboost|p2a: Incineroar|atk|1
|-unboost|p2b: Talonflame|atk|1
|
|upkeep
|turn|2
|
|t:|1786082614
|move|p2b: Talonflame|Tailwind|p2b: Talonflame
|-sidestart|p2: TheGayOneVGC|move: Tailwind
|move|p1a: Floette|Calm Mind|p1a: Floette
|-boost|p1a: Floette|spa|1
|-boost|p1a: Floette|spd|1
|move|p2a: Incineroar|Flare Blitz|p1a: Floette
|-damage|p1a: Floette|50/100g
|-damage|p2a: Incineroar|90/100|[from] Recoil
|move|p1b: Mr. Rime|Sheer Cold|p2b: Talonflame
|-enditem|p2b: Talonflame|Focus Sash
|-damage|p2b: Talonflame|1/100
|
|upkeep
|turn|3
|
|t:|1786082633
|move|p2b: Talonflame|Dual Wingbeat|p1a: Floette
|-damage|p1a: Floette|38/100
|-damage|p1a: Floette|26/100
|-hitcount|p1a: Floette|2
|move|p1a: Floette|Moonblast|p2a: Incineroar
|-damage|p2a: Incineroar|8/100
|-enditem|p2a: Incineroar|Sitrus Berry|[eat]
|-heal|p2a: Incineroar|33/100|[from] item: Sitrus Berry
|move|p2a: Incineroar|Parting Shot|p1a: Floette
|-unboost|p1a: Floette|atk|1
|-unboost|p1a: Floette|spa|1
|
|t:|1786082646
|switch|p2a: Sinistcha|Sinistcha, L50|100/100|[from] Parting Shot
|-heal|p2b: Talonflame|25/100|[from] ability: Hospitality|[of] p2a: Sinistcha
|move|p1b: Mr. Rime|Freeze-Dry|p2b: Talonflame
|-damage|p2b: Talonflame|0 fnt
|faint|p2b: Talonflame
|
|upkeep
|
|t:|1786082654
|switch|p2b: Staraptor|Staraptor, L50, F|100/100
|-ability|p2b: Staraptor|Intimidate|boost
|-unboost|p1a: Floette|atk|1
|-unboost|p1b: Mr. Rime|atk|1
|turn|4
|inactive|TheGayOneVGC has 30 seconds left.
|inactive|TheGayOneVGC has 20 seconds left.
|inactive|TheGayOneVGC has 15 seconds left.
|
|t:|1786082695
|switch|p1b: Incineroar|Incineroar, L50, M|100/100
|-ability|p1b: Incineroar|Intimidate|boost
|-unboost|p2a: Sinistcha|atk|1
|-unboost|p2b: Staraptor|atk|1
|detailschange|p2b: Staraptor|Staraptor-Mega, L50, F
|-mega|p2b: Staraptor|Staraptor|Staraptite
|move|p1a: Floette|Protect|p1a: Floette
|-singleturn|p1a: Floette|Protect
|move|p2b: Staraptor|Close Combat|p1b: Incineroar
|-supereffective|p1b: Incineroar|1
|-damage|p1b: Incineroar|31/100
|-boost|p2b: Staraptor|def|1
|-boost|p2b: Staraptor|spd|1
|-enditem|p1b: Incineroar|Sitrus Berry|[eat]
|-heal|p1b: Incineroar|56/100|[from] item: Sitrus Berry
|move|p2a: Sinistcha|Matcha Gotcha|p1b: Incineroar|[spread] p1b
|-activate|p1a: Floette|move: Protect
|-resisted|p1b: Incineroar|1
|-crit|p1b: Incineroar
|-damage|p1b: Incineroar|35/100
|
|upkeep
|turn|5
|inactive|TheGayOneVGC has 30 seconds left.
|inactive|TheGayOneVGC has 20 seconds left.
|
|t:|1786082733
|move|p2b: Staraptor|Protect|p2b: Staraptor
|-singleturn|p2b: Staraptor|Protect
|move|p1b: Incineroar|Fake Out|p2b: Staraptor
|-activate|p2b: Staraptor|move: Protect
|move|p2a: Sinistcha|Shadow Ball|p1a: Floette
|-damage|p1a: Floette|1/100
|move|p1a: Floette|Dazzling Gleam|p2b: Staraptor|[spread] p2a
|-activate|p2b: Staraptor|move: Protect
|-damage|p2a: Sinistcha|58/100
|
|-sideend|p2: TheGayOneVGC|move: Tailwind
|upkeep
|turn|6
|inactive|Agupon ♥️ has 30 seconds left.
|inactive|Agupon ♥️ has 20 seconds left.
|inactive|Agupon ♥️ has 15 seconds left.
|inactive|Agupon ♥️ has 10 seconds left.
|inactive|Agupon ♥️ has 5 seconds left.
|
|t:|1786082788
|move|p2b: Staraptor|Close Combat|p1b: Incineroar
|-supereffective|p1b: Incineroar|1
|-damage|p1b: Incineroar|0 fnt
|-boost|p2b: Staraptor|def|1
|-boost|p2b: Staraptor|spd|1
|faint|p1b: Incineroar
|move|p1a: Floette|Moonblast|p2a: Sinistcha
|-damage|p2a: Sinistcha|0 fnt
|faint|p2a: Sinistcha
|
|upkeep
|inactive|Agupon ♥️ has 30 seconds left.
|inactive|Agupon ♥️ has 20 seconds left.
|inactive|Agupon ♥️ has 15 seconds left.
|inactive|Agupon ♥️ has 10 seconds left.
|inactive|Agupon ♥️ has 5 seconds left.
|
|t:|1786082843
|switch|p2a: Incineroar|Incineroar, L50, F|33/100
|switch|p1b: Ceruledge|Ceruledge, L50, M|100/100
|-ability|p2a: Incineroar|Intimidate|boost
|-unboost|p1a: Floette|atk|1
|-unboost|p1b: Ceruledge|atk|1
|turn|7
|inactive|Agupon ♥️ has 30 seconds left.
|inactive|Agupon ♥️ has 20 seconds left.
|inactive|Agupon ♥️ has 15 seconds left.
|inactive|Agupon ♥️ has 10 seconds left.
|inactive|Agupon ♥️ has 5 seconds left.
|
|t:|1786082898
|move|p2a: Incineroar|Fake Out|p1a: Floette
|-damage|p1a: Floette|0 fnt
|faint|p1a: Floette
|move|p2b: Staraptor|Brave Bird|p1b: Ceruledge
|-damage|p1b: Ceruledge|52/100
|-damage|p2b: Staraptor|82/100|[from] Recoil
|move|p1b: Ceruledge|Bitter Blade|p2a: Incineroar
|-resisted|p2a: Incineroar|1
|-damage|p2a: Incineroar|19/100
|-heal|p1b: Ceruledge|60/100|[from] drain|[of] p2a: Incineroar
|
|upkeep
|inactive|Agupon ♥️ has 30 seconds left.
|inactive|Agupon ♥️ has 20 seconds left.
|inactive|Agupon ♥️ has 15 seconds left.
|inactive|Agupon ♥️ has 10 seconds left.
|inactive|Agupon ♥️ has 5 seconds left.
|
|t:|1786082953
|switch|p1a: Mr. Rime|Mr. Rime, L50, M|49/100
|turn|8
|inactive|Agupon ♥️ has 30 seconds left.
|inactive|TheGayOneVGC has 30 seconds left.
|inactive|Agupon ♥️ has 20 seconds left.
|inactive|Agupon ♥️ has 15 seconds left.
|inactive|Agupon ♥️ has 10 seconds left.
|inactive|Agupon ♥️ has 5 seconds left.
|
|t:|1786083008
|move|p2b: Staraptor|Close Combat|p1a: Mr. Rime
|-damage|p1a: Mr. Rime|0 fnt
|-boost|p2b: Staraptor|def|1
|-boost|p2b: Staraptor|spd|1
|faint|p1a: Mr. Rime
|move|p1b: Ceruledge|Bitter Blade|p2a: Incineroar
|-resisted|p2a: Incineroar|1
|-damage|p2a: Incineroar|5/100
|-heal|p1b: Ceruledge|68/100|[from] drain|[of] p2a: Incineroar
|move|p2a: Incineroar|Darkest Lariat|p1b: Ceruledge
|-supereffective|p1b: Ceruledge|1
|-enditem|p1b: Ceruledge|Colbur Berry|[eat]
|-enditem|p1b: Ceruledge|Colbur Berry|[weaken]
|-damage|p1b: Ceruledge|27/100
|
|upkeep
|turn|9
|inactive|Agupon ♥️ has 30 seconds left.
|inactive|Agupon ♥️ has 20 seconds left.
|inactive|Agupon ♥️ has 15 seconds left.
|inactive|Agupon ♥️ has 10 seconds left.
|inactive|Agupon ♥️ has 5 seconds left.
|
|t:|1786083063
|move|p2b: Staraptor|Brave Bird|p1b: Ceruledge
|-damage|p1b: Ceruledge|0 fnt
|faint|p1b: Ceruledge
|-damage|p2b: Staraptor|72/100|[from] Recoil
|
|win|TheGayOneVGC
|raw|Agupon ♥️'s rating: 1118 → 1088(-30 for losing)
|raw|TheGayOneVGC's rating: 1050 → 1089(+39 for winning)
|l|☆TheGayOneVGC
|player|p2|
|j|☆TheGayOneVGC
|player|p2|TheGayOneVGC|102|
