|j|☆klanes1209
|j|☆jaborro95
|html|klanes1209jaborro95    
|uhtml|bestof|Game 2 of a best-of-3
|t:|1756483982
|gametype|doubles
|player|p1|klanes1209|170|1000
|player|p2|jaborro95|101|1052
|gen|9
|tier|[Gen 9] VGC 2025 Reg H (Bo3)
|rated|
|rule|Species Clause: Limit one of each Pokémon
|rule|Item Clause: Limit 1 of each item
|clearpoke
|poke|p1|Ursaluna-Bloodmoon, L50, M|
|poke|p1|Annihilape, L50, M|
|poke|p1|Dragonite, L50, F|
|poke|p1|Sableye, L50, M|
|poke|p1|Skeledirge, L50, M|
|poke|p1|Rillaboom, L50, M|
|poke|p2|Dragonite, L50, M|
|poke|p2|Volcarona, L50, F|
|poke|p2|Sneasler, L50, M|
|poke|p2|Rillaboom, L50, M|
|poke|p2|Electabuzz, L50, M|
|poke|p2|Kingambit, L50, M|
|teampreview|4
|showteam|p1|Ursaluna-Bloodmoon||AssaultVest|MindsEye|HyperVoice,BloodMoon,EarthPower,VacuumWave|||M|||50|,,,,,Psychic]Annihilape||LumBerry|Defiant|DrainPunch,RageFist,BulkUp,Protect|||M|||50|,,,,,Water]Dragonite||LoadedDice|Multiscale|ScaleShot,ExtremeSpeed,Haze,Protect|||F|||50|,,,,,Steel]Sableye||LightClay|Prankster|LightScreen,Reflect,Encore,Disable|||M|||50|,,,,,Grass]Skeledirge||SitrusBerry|Unaware|HeatWave,ShadowBall,TorchSong,Protect|||M|||50|,,,,,Fire]Rillaboom||MeadowPlate|GrassySurge|FakeOut,Uturn,GrassyGlide,WoodHammer|||M|||50|,,,,,Fire
|showteam|p2|Dragonite||LoadedDice|Multiscale|ScaleShot,ExtremeSpeed,Haze,Protect|||M|||50|,,,,,Fairy]Volcarona||CovertCloak|FlameBody|HeatWave,TeraBlast,QuiverDance,Protect|||F|||50|,,,,,Fairy]Sneasler||FocusSash|Unburden|CloseCombat,DireClaw,Coaching,Protect|||M|||50|,,,,,Stellar]Rillaboom||AssaultVest|GrassySurge|WoodHammer,GrassyGlide,HighHorsepower,FakeOut|||M|||50|,,,,,Water]Electabuzz||Eviolite|VitalSpirit|Thunderbolt,FollowMe,Taunt,Protect|||M|||50|,,,,,Ghost]Kingambit||BlackGlasses|Defiant|KowtowCleave,SuckerPunch,SwordsDance,Protect|||M|||50|,,,,,Dark
|
|t:|1756484066
|teamsize|p1|4
|teamsize|p2|4
|start
|switch|p1a: Annihilape|Annihilape, L50, M|100/100
|switch|p1b: Sableye|Sableye, L50, M|100/100
|switch|p2a: Electabuzz|Electabuzz, L50, M|100/100
|switch|p2b: Volcarona|Volcarona, L50, F|100/100
|turn|1
|
|t:|1756484092
|move|p1b: Sableye|Light Screen|p1b: Sableye
|-sidestart|p1: klanes1209|move: Light Screen
|move|p2b: Volcarona|Heat Wave|p1a: Annihilape|[spread] p1a,p1b
|-damage|p1a: Annihilape|83/100
|-damage|p1b: Sableye|75/100
|-status|p1a: Annihilape|brn
|-enditem|p1a: Annihilape|Lum Berry|[eat]
|-curestatus|p1a: Annihilape|brn|[msg]
|-status|p1b: Sableye|brn
|move|p2a: Electabuzz|Thunderbolt|p1a: Annihilape
|-damage|p1a: Annihilape|68/100
|move|p1a: Annihilape|Bulk Up|p1a: Annihilape
|-boost|p1a: Annihilape|atk|1
|-boost|p1a: Annihilape|def|1
|
|-damage|p1b: Sableye|69/100 brn|[from] brn
|upkeep
|turn|2
|
|t:|1756484136
|move|p2a: Electabuzz|Follow Me|p2a: Electabuzz
|-singleturn|p2a: Electabuzz|move: Follow Me
|move|p1b: Sableye|Reflect|p1b: Sableye
|-sidestart|p1: klanes1209|Reflect
|move|p2b: Volcarona|Quiver Dance|p2b: Volcarona
|-boost|p2b: Volcarona|spa|1
|-boost|p2b: Volcarona|spd|1
|-boost|p2b: Volcarona|spe|1
|move|p1a: Annihilape|Rage Fist|p2a: Electabuzz
|-damage|p2a: Electabuzz|27/100
|
|-damage|p1b: Sableye|64/100 brn|[from] brn
|upkeep
|turn|3
|
|t:|1756484174
|switch|p1b: Skeledirge|Skeledirge, L50, M|100/100
|move|p2a: Electabuzz|Follow Me|p2a: Electabuzz
|-singleturn|p2a: Electabuzz|move: Follow Me
|move|p2b: Volcarona|Quiver Dance|p2b: Volcarona
|-boost|p2b: Volcarona|spa|1
|-boost|p2b: Volcarona|spd|1
|-boost|p2b: Volcarona|spe|1
|move|p1a: Annihilape|Drain Punch|p2a: Electabuzz
|-damage|p2a: Electabuzz|0 fnt
|-heal|p1a: Annihilape|78/100|[from] drain|[of] p2a: Electabuzz
|faint|p2a: Electabuzz
|
|upkeep
|
|t:|1756484190
|switch|p2a: Dragonite|Dragonite, L50, M|100/100
|turn|4
|
|t:|1756484220
|move|p1a: Annihilape|Protect|p1a: Annihilape
|-singleturn|p1a: Annihilape|Protect
|move|p2b: Volcarona|Heat Wave|p1b: Skeledirge|[spread] p1b
|-activate|p1a: Annihilape|move: Protect
|-resisted|p1b: Skeledirge
|-crit|p1b: Skeledirge
|-damage|p1b: Skeledirge|78/100
|move|p2a: Dragonite|Scale Shot|p1b: Skeledirge
|-damage|p1b: Skeledirge|70/100
|-damage|p1b: Skeledirge|62/100
|-damage|p1b: Skeledirge|53/100
|-damage|p1b: Skeledirge|44/100
|-enditem|p1b: Skeledirge|Sitrus Berry|[eat]
|-heal|p1b: Skeledirge|69/100|[from] item: Sitrus Berry
|-damage|p1b: Skeledirge|60/100
|-hitcount|p1b: Skeledirge|5
|-unboost|p2a: Dragonite|def|1
|-boost|p2a: Dragonite|spe|1
|move|p1b: Skeledirge|Torch Song|p2a: Dragonite
|-resisted|p2a: Dragonite
|-crit|p2a: Dragonite
|-damage|p2a: Dragonite|87/100
|-boost|p1b: Skeledirge|spa|1
|
|upkeep
|turn|5
|
|t:|1756484293
|-terastallize|p1a: Annihilape|Water
|move|p2b: Volcarona|Protect|p2b: Volcarona
|-singleturn|p2b: Volcarona|Protect
|move|p2a: Dragonite|Protect|p2a: Dragonite
|-singleturn|p2a: Dragonite|Protect
|move|p1a: Annihilape|Rage Fist|p2a: Dragonite
|-activate|p2a: Dragonite|move: Protect
|move|p1b: Skeledirge|Torch Song|p2a: Dragonite
|-activate|p2a: Dragonite|move: Protect
|
|upkeep
|turn|6
|
|t:|1756484362
|-terastallize|p2b: Volcarona|Fairy
|move|p1a: Annihilape|Protect|p1a: Annihilape
|-singleturn|p1a: Annihilape|Protect
|move|p2b: Volcarona|Tera Blast|p1a: Annihilape|[anim] Tera Blast Fairy
|-activate|p1a: Annihilape|move: Protect
|move|p2a: Dragonite|Scale Shot|p1b: Skeledirge
|-damage|p1b: Skeledirge|51/100
|-damage|p1b: Skeledirge|43/100
|-crit|p1b: Skeledirge
|-damage|p1b: Skeledirge|24/100
|-damage|p1b: Skeledirge|15/100
|-damage|p1b: Skeledirge|7/100
|-hitcount|p1b: Skeledirge|5
|-unboost|p2a: Dragonite|def|1
|-boost|p2a: Dragonite|spe|1
|move|p1b: Skeledirge|Shadow Ball|p2a: Dragonite
|-damage|p2a: Dragonite|27/100
|
|upkeep
|turn|7
|inactive|Battle timer is ON: inactive players will automatically lose when time's up. (requested by jaborro95)
|
|t:|1756484464
|switch|p1a: Ursaluna|Ursaluna-Bloodmoon, L50, M|100/100
|move|p2b: Volcarona|Heat Wave|p1a: Ursaluna|[spread] p1a
|-miss|p2b: Volcarona|p1b: Skeledirge
|-damage|p1a: Ursaluna|66/100
|move|p2a: Dragonite|Scale Shot|p1a: Ursaluna
|-crit|p1a: Ursaluna
|-damage|p1a: Ursaluna|49/100
|-damage|p1a: Ursaluna|42/100
|-damage|p1a: Ursaluna|35/100
|-crit|p1a: Ursaluna
|-damage|p1a: Ursaluna|18/100
|-hitcount|p1a: Ursaluna|4
|-unboost|p2a: Dragonite|def|1
|-boost|p2a: Dragonite|spe|1
|move|p1b: Skeledirge|Shadow Ball|p2a: Dragonite
|-damage|p2a: Dragonite|0 fnt
|faint|p2a: Dragonite
|
|upkeep
|
|t:|1756484486
|switch|p2a: Sneasler|Sneasler, L50, M|100/100
|turn|8
|
|t:|1756484503
|move|p1b: Skeledirge|Protect|p1b: Skeledirge
|-singleturn|p1b: Skeledirge|Protect
|move|p1a: Ursaluna|Vacuum Wave|p2a: Sneasler
|-resisted|p2a: Sneasler
|-damage|p2a: Sneasler|89/100
|move|p2b: Volcarona|Heat Wave|p1b: Skeledirge|[spread] p1a
|-activate|p1b: Skeledirge|move: Protect
|-crit|p1a: Ursaluna
|-damage|p1a: Ursaluna|0 fnt
|faint|p1a: Ursaluna
|move|p2a: Sneasler|Coaching|p2b: Volcarona
|-boost|p2b: Volcarona|atk|1
|-boost|p2b: Volcarona|def|1
|
|-sideend|p1: klanes1209|move: Light Screen
|upkeep
|
|t:|1756484520
|switch|p1a: Annihilape|Annihilape, L50, M, tera:Water|78/100
|turn|9
|inactive|klanes1209 has 30 seconds left.
|
|t:|1756484551
|switch|p1b: Sableye|Sableye, L50, M|64/100 brn
|move|p2b: Volcarona|Heat Wave|p1b: Sableye|[spread] p1a,p1b
|-resisted|p1a: Annihilape
|-damage|p1a: Annihilape|55/100
|-damage|p1b: Sableye|0 fnt
|faint|p1b: Sableye
|move|p2a: Sneasler|Dire Claw|p1a: Annihilape
|-crit|p1a: Annihilape
|-damage|p1a: Annihilape|0 fnt
|faint|p1a: Annihilape
|
|-sideend|p1: klanes1209|Reflect
|upkeep
|-message|klanes1209 forfeited.
|
|win|jaborro95
|raw|klanes1209's rating: 1000 → 1000(+0 for losing)
|raw|jaborro95's rating: 1052 → 1079(+27 for winning)
