|j|☆LewBoiiiiiii
|j|☆Mabenetto
|html|LewBoiiiiiiiMabenetto    
|uhtml|bestof|Game 1 of a best-of-3
|t:|1756818477
|gametype|doubles
|player|p1|LewBoiiiiiii|pokemaniac|1038
|player|p2|Mabenetto|170|1098
|gen|9
|tier|[Gen 9] VGC 2025 Reg H (Bo3)
|rated|
|rule|Species Clause: Limit one of each Pokémon
|rule|Item Clause: Limit 1 of each item
|clearpoke
|poke|p1|Farigiraf, L50, F|
|poke|p1|Incineroar, L50, M|
|poke|p1|Rillaboom, L50, F|
|poke|p1|Tauros-Paldea-Aqua, L50, M|
|poke|p1|Ribombee, L50, F|
|poke|p1|Electabuzz, L50, F|
|poke|p2|Gholdengo, L50|
|poke|p2|Palafin, L50, M|
|poke|p2|Incineroar, L50, M|
|poke|p2|Pelipper, L50, M|
|poke|p2|Archaludon, L50, F|
|poke|p2|Meowscarada, L50, M|
|teampreview|4
|showteam|p1|Farigiraf||ThroatSpray|ArmorTail|TrickRoom,Psychic,HyperVoice,Protect|||F|||50|,,,,,Fairy]Incineroar||SafetyGoggles|Intimidate|FakeOut,PartingShot,KnockOff,FlareBlitz|||M|||50|,,,,,Ghost]Rillaboom||AssaultVest|GrassySurge|GrassyGlide,WoodHammer,FakeOut,Uturn|||F|||50|,,,,,Fire]Tauros-Paldea-Aqua||ChoiceScarf|Intimidate|RagingBull,AquaJet,CloseCombat,HighHorsepower|||M|||50|,,,,,Fire]Ribombee||FocusSash|ShieldDust|Tailwind,Moonblast,PollenPuff,Protect|||F|||50|,,,,,Grass]Electabuzz||Eviolite|VitalSpirit|Electroweb,Taunt,FollowMe,Protect|||F|||50|,,,,,Fairy
|showteam|p2|Gholdengo||Leftovers|GoodasGold|MakeItRain,ShadowBall,NastyPlot,Protect||||||50|,,,,,Steel]Palafin||PunchingGlove|ZerotoHero|JetPunch,DrainPunch,Protect,IcePunch|||M|||50|,,,,,Water]Incineroar||SafetyGoggles|Intimidate|FakeOut,WillOWisp,PartingShot,KnockOff|||M|||50|,,,,,Ghost]Pelipper||FocusSash|Drizzle|Tailwind,WideGuard,WeatherBall,Hurricane|||M|||50|,,,,,Ghost]Archaludon||AssaultVest|Stamina|BodyPress,ElectroShot,FlashCannon,DracoMeteor|||F|||50|,,,,,Fairy]Meowscarada||ChoiceScarf|Protean|Uturn,KnockOff,PlayRough,SuckerPunch|||M|||50|,,,,,Water
|inactive|Battle timer is ON: inactive players will automatically lose when time's up. (requested by Mabenetto)
|inactive|LewBoiiiiiii has 60 seconds left.
|
|t:|1756818523
|teamsize|p1|4
|teamsize|p2|4
|start
|switch|p1a: Incineroar|Incineroar, L50, M|100/100
|switch|p1b: Rillaboom|Rillaboom, L50, F|100/100
|switch|p2a: Palafin|Palafin, L50, M|100/100
|switch|p2b: Incineroar|Incineroar, L50, M|100/100
|-fieldstart|move: Grassy Terrain|[from] ability: Grassy Surge|[of] p1b: Rillaboom
|-ability|p1a: Incineroar|Intimidate|boost
|-unboost|p2a: Palafin|atk|1
|-unboost|p2b: Incineroar|atk|1
|-ability|p2b: Incineroar|Intimidate|boost
|-unboost|p1a: Incineroar|atk|1
|-unboost|p1b: Rillaboom|atk|1
|turn|1
|inactive|LewBoiiiiiii has 30 seconds left.
|
|t:|1756818554
|-terastallize|p2b: Incineroar|Ghost
|move|p2a: Palafin|Protect|p2a: Palafin
|-singleturn|p2a: Palafin|Protect
|move|p1b: Rillaboom|Fake Out|p2b: Incineroar
|-immune|p2b: Incineroar
|move|p1a: Incineroar|Fake Out|p2a: Palafin
|-activate|p2a: Palafin|move: Protect
|move|p2b: Incineroar|Will-O-Wisp|p1b: Rillaboom
|-status|p1b: Rillaboom|brn
|
|-damage|p1b: Rillaboom|95/100 brn|[from] brn
|upkeep
|turn|2
|
|t:|1756818576
|detailschange|p2a: Palafin|Palafin-Hero, L50, M
|switch|p2a: Archaludon|Archaludon, L50, F|100/100
|move|p1b: Rillaboom|Grassy Glide|p2a: Archaludon
|-resisted|p2a: Archaludon
|-damage|p2a: Archaludon|98/100
|-ability|p2a: Archaludon|Stamina|boost
|-boost|p2a: Archaludon|def|1
|move|p1a: Incineroar|Knock Off|p2b: Incineroar
|-supereffective|p2b: Incineroar
|-damage|p2b: Incineroar|46/100
|-enditem|p2b: Incineroar|Safety Goggles|[from] move: Knock Off|[of] p1a: Incineroar
|move|p2b: Incineroar|Knock Off|p1b: Rillaboom
|-damage|p1b: Rillaboom|70/100 brn
|-enditem|p1b: Rillaboom|Assault Vest|[from] move: Knock Off|[of] p2b: Incineroar
|
|-heal|p2a: Archaludon|100/100|[from] Grassy Terrain
|-heal|p1b: Rillaboom|76/100 brn|[from] Grassy Terrain
|-heal|p2b: Incineroar|52/100|[from] Grassy Terrain
|-damage|p1b: Rillaboom|70/100 brn|[from] brn
|upkeep
|turn|3
|inactive|LewBoiiiiiii has 30 seconds left.
|inactive|Mabenetto has 30 seconds left.
|inactive|LewBoiiiiiii has 20 seconds left.
|inactive|LewBoiiiiiii has 15 seconds left.
|inactive|LewBoiiiiiii has 10 seconds left.
|
|t:|1756818625
|switch|p1a: Tauros|Tauros-Paldea-Aqua, L50, M|100/100
|-ability|p1a: Tauros|Intimidate|boost
|-unboost|p2a: Archaludon|atk|1
|-unboost|p2b: Incineroar|atk|1
|move|p2a: Archaludon|Body Press|p1a: Tauros
|-damage|p1a: Tauros|60/100
|move|p1b: Rillaboom|U-turn|p2b: Incineroar
|-resisted|p2b: Incineroar
|-damage|p2b: Incineroar|49/100
|
|t:|1756818634
|switch|p1b: Incineroar|Incineroar, L50, M|100/100|[from] U-turn
|-ability|p1b: Incineroar|Intimidate|boost
|-unboost|p2a: Archaludon|atk|1
|-unboost|p2b: Incineroar|atk|1
|move|p2b: Incineroar|Parting Shot|p1b: Incineroar
|-unboost|p1b: Incineroar|atk|1
|-unboost|p1b: Incineroar|spa|1
|
|t:|1756818644
|switch|p2b: Meowscarada|Meowscarada, L50, M|100/100|[from] Parting Shot
|
|-heal|p1a: Tauros|66/100|[from] Grassy Terrain
|upkeep
|turn|4
|
|t:|1756818662
|move|p1b: Incineroar|Fake Out|p2b: Meowscarada
|-damage|p2b: Meowscarada|89/100
|cant|p2b: Meowscarada|flinch
|move|p1a: Tauros|Close Combat|p2a: Archaludon
|-supereffective|p2a: Archaludon
|-damage|p2a: Archaludon|28/100
|-unboost|p1a: Tauros|def|1
|-unboost|p1a: Tauros|spd|1
|-ability|p2a: Archaludon|Stamina|boost
|-boost|p2a: Archaludon|def|1
|move|p2a: Archaludon|Electro Shot||[still]
|-prepare|p2a: Archaludon|Electro Shot
|-boost|p2a: Archaludon|spa|1
|
|-heal|p2b: Meowscarada|95/100|[from] Grassy Terrain
|-heal|p1a: Tauros|72/100|[from] Grassy Terrain
|-heal|p2a: Archaludon|34/100|[from] Grassy Terrain
|upkeep
|turn|5
|inactive|LewBoiiiiiii has 30 seconds left.
|
|t:|1756818695
|-terastallize|p1a: Tauros|Fire
|move|p2b: Meowscarada|Play Rough|p1a: Tauros
|-start|p2b: Meowscarada|typechange|Fairy|[from] ability: Protean
|-resisted|p1a: Tauros
|-damage|p1a: Tauros|33/100
|move|p1a: Tauros|Close Combat|p2a: Archaludon
|-supereffective|p2a: Archaludon
|-damage|p2a: Archaludon|0 fnt
|-unboost|p1a: Tauros|def|1
|-unboost|p1a: Tauros|spd|1
|faint|p2a: Archaludon
|move|p1b: Incineroar|Flare Blitz|p2b: Meowscarada
|-damage|p2b: Meowscarada|44/100
|-damage|p1b: Incineroar|87/100|[from] Recoil
|
|-heal|p2b: Meowscarada|50/100|[from] Grassy Terrain
|-heal|p1a: Tauros|39/100|[from] Grassy Terrain
|-heal|p1b: Incineroar|93/100|[from] Grassy Terrain
|-fieldend|move: Grassy Terrain
|upkeep
|
|t:|1756818706
|switch|p2a: Palafin|Palafin-Hero, L50, M|100/100
|-activate|p2a: Palafin|ability: Zero to Hero
|turn|6
|
|t:|1756818726
|switch|p2b: Incineroar|Incineroar, L50, M, tera:Ghost|49/100
|-ability|p2b: Incineroar|Intimidate|boost
|-unboost|p1a: Tauros|atk|1
|-unboost|p1b: Incineroar|atk|1
|switch|p1a: Rillaboom|Rillaboom, L50, F|70/100 brn
|-fieldstart|move: Grassy Terrain|[from] ability: Grassy Surge|[of] p1a: Rillaboom
|move|p2a: Palafin|Jet Punch|p1a: Rillaboom
|-resisted|p1a: Rillaboom
|-damage|p1a: Rillaboom|51/100 brn
|move|p1b: Incineroar|Parting Shot|p2a: Palafin
|-unboost|p2a: Palafin|atk|1
|-unboost|p2a: Palafin|spa|1
|
|t:|1756818741
|switch|p1b: Electabuzz|Electabuzz, L50, F|100/100|[from] Parting Shot
|
|-heal|p1a: Rillaboom|57/100 brn|[from] Grassy Terrain
|-heal|p2b: Incineroar|54/100|[from] Grassy Terrain
|-damage|p1a: Rillaboom|51/100 brn|[from] brn
|upkeep
|turn|7
|inactive|LewBoiiiiiii has 30 seconds left.
|
|t:|1756818767
|move|p2a: Palafin|Protect|p2a: Palafin
|-singleturn|p2a: Palafin|Protect
|move|p1b: Electabuzz|Electroweb|p2a: Palafin|[spread] p2b
|-activate|p2a: Palafin|move: Protect
|-damage|p2b: Incineroar|45/100
|-unboost|p2b: Incineroar|spe|1
|move|p1a: Rillaboom|Wood Hammer|p2b: Incineroar
|-damage|p2b: Incineroar|8/100
|-damage|p1a: Rillaboom|39/100 brn|[from] Recoil
|move|p2b: Incineroar|Knock Off|p1b: Electabuzz
|-damage|p1b: Electabuzz|69/100
|-enditem|p1b: Electabuzz|Eviolite|[from] move: Knock Off|[of] p2b: Incineroar
|
|-heal|p1b: Electabuzz|75/100|[from] Grassy Terrain
|-heal|p1a: Rillaboom|45/100 brn|[from] Grassy Terrain
|-heal|p2b: Incineroar|14/100|[from] Grassy Terrain
|-damage|p1a: Rillaboom|39/100 brn|[from] brn
|upkeep
|turn|8
|inactive|Mabenetto has 30 seconds left.
|
|t:|1756818801
|switch|p2b: Meowscarada|Meowscarada, L50, M|50/100
|move|p1b: Electabuzz|Follow Me|p1b: Electabuzz
|-singleturn|p1b: Electabuzz|move: Follow Me
|move|p1a: Rillaboom|Grassy Glide|p2b: Meowscarada
|-resisted|p2b: Meowscarada
|-damage|p2b: Meowscarada|36/100
|move|p2a: Palafin|Ice Punch|p1b: Electabuzz
|-damage|p1b: Electabuzz|47/100
|-status|p1b: Electabuzz|frz
|
|-heal|p2b: Meowscarada|42/100|[from] Grassy Terrain
|-heal|p1b: Electabuzz|53/100 frz|[from] Grassy Terrain
|-heal|p1a: Rillaboom|45/100 brn|[from] Grassy Terrain
|-damage|p1a: Rillaboom|39/100 brn|[from] brn
|upkeep
|turn|9
|
|t:|1756818818
|switch|p2a: Incineroar|Incineroar, L50, M, tera:Ghost|14/100
|-ability|p2a: Incineroar|Intimidate|boost
|-unboost|p1a: Rillaboom|atk|1
|-unboost|p1b: Electabuzz|atk|1
|-curestatus|p1b: Electabuzz|frz|[msg]
|move|p1b: Electabuzz|Follow Me|p1b: Electabuzz
|-singleturn|p1b: Electabuzz|move: Follow Me
|move|p1a: Rillaboom|Grassy Glide|p2a: Incineroar
|-damage|p2a: Incineroar|2/100
|move|p2b: Meowscarada|U-turn|p1b: Electabuzz
|-start|p2b: Meowscarada|typechange|Bug|[from] ability: Protean
|-damage|p1b: Electabuzz|14/100
|
|t:|1756818830
|switch|p2b: Palafin|Palafin-Hero, L50, M|100/100|[from] U-turn
|
|-heal|p1b: Electabuzz|20/100|[from] Grassy Terrain
|-heal|p1a: Rillaboom|45/100 brn|[from] Grassy Terrain
|-heal|p2a: Incineroar|8/100|[from] Grassy Terrain
|-damage|p1a: Rillaboom|39/100 brn|[from] brn
|upkeep
|turn|10
|
|t:|1756818846
|switch|p1a: Tauros|Tauros-Paldea-Aqua, L50, M, tera:Fire|39/100
|-ability|p1a: Tauros|Intimidate|boost
|-unboost|p2a: Incineroar|atk|1
|-unboost|p2b: Palafin|atk|1
|move|p2a: Incineroar|Fake Out|p1b: Electabuzz
|-damage|p1b: Electabuzz|10/100
|move|p2b: Palafin|Ice Punch|p1a: Tauros
|-resisted|p1a: Tauros
|-damage|p1a: Tauros|25/100
|cant|p1b: Electabuzz|flinch
|
|-heal|p1a: Tauros|31/100|[from] Grassy Terrain
|-heal|p1b: Electabuzz|16/100|[from] Grassy Terrain
|-heal|p2a: Incineroar|14/100|[from] Grassy Terrain
|-fieldend|move: Grassy Terrain
|upkeep
|turn|11
|
|t:|1756818867
|move|p1b: Electabuzz|Follow Me|p1b: Electabuzz
|-singleturn|p1b: Electabuzz|move: Follow Me
|move|p1a: Tauros|Aqua Jet|p2a: Incineroar
|-damage|p2a: Incineroar|0 fnt
|faint|p2a: Incineroar
|move|p2b: Palafin|Jet Punch|p1b: Electabuzz
|-damage|p1b: Electabuzz|0 fnt
|faint|p1b: Electabuzz
|
|upkeep
|
|t:|1756818876
|switch|p1b: Rillaboom|Rillaboom, L50, F|39/100 brn
|switch|p2a: Meowscarada|Meowscarada, L50, M|42/100
|-fieldstart|move: Grassy Terrain|[from] ability: Grassy Surge|[of] p1b: Rillaboom
|turn|12
|
|t:|1756818894
|switch|p1a: Incineroar|Incineroar, L50, M|93/100
|-ability|p1a: Incineroar|Intimidate|boost
|-unboost|p2a: Meowscarada|atk|1
|-unboost|p2b: Palafin|atk|1
|move|p1b: Rillaboom|Fake Out|p2a: Meowscarada
|-damage|p2a: Meowscarada|32/100
|move|p2b: Palafin|Jet Punch|p1a: Incineroar
|-supereffective|p1a: Incineroar
|-damage|p1a: Incineroar|59/100
|cant|p2a: Meowscarada|flinch
|
|-heal|p2a: Meowscarada|38/100|[from] Grassy Terrain
|-heal|p1b: Rillaboom|45/100 brn|[from] Grassy Terrain
|-heal|p1a: Incineroar|65/100|[from] Grassy Terrain
|-damage|p1b: Rillaboom|39/100 brn|[from] brn
|upkeep
|turn|13
|inactive|Mabenetto has 30 seconds left.
|inactive|LewBoiiiiiii has 30 seconds left.
|
|t:|1756818924
|move|p1a: Incineroar|Fake Out|p2a: Meowscarada
|-damage|p2a: Meowscarada|22/100
|move|p2b: Palafin|Jet Punch|p1a: Incineroar
|-supereffective|p1a: Incineroar
|-damage|p1a: Incineroar|28/100
|move|p1b: Rillaboom|Grassy Glide|p2b: Palafin
|-supereffective|p2b: Palafin
|-damage|p2b: Palafin|66/100
|cant|p2a: Meowscarada|flinch
|
|-heal|p2a: Meowscarada|28/100|[from] Grassy Terrain
|-heal|p2b: Palafin|71/100|[from] Grassy Terrain
|-heal|p1b: Rillaboom|45/100 brn|[from] Grassy Terrain
|-heal|p1a: Incineroar|34/100|[from] Grassy Terrain
|-damage|p1b: Rillaboom|39/100 brn|[from] brn
|upkeep
|turn|14
|inactive|Mabenetto has 30 seconds left.
|
|t:|1756818954
|switch|p1a: Tauros|Tauros-Paldea-Aqua, L50, M, tera:Fire|31/100
|-ability|p1a: Tauros|Intimidate|boost
|-unboost|p2a: Meowscarada|atk|1
|-unboost|p2b: Palafin|atk|1
|move|p2a: Meowscarada|U-turn|p1a: Tauros
|-start|p2a: Meowscarada|typechange|Bug|[from] ability: Protean
|-resisted|p1a: Tauros
|-damage|p1a: Tauros|22/100
|move|p2b: Palafin|Drain Punch|p1a: Tauros
|-damage|p1a: Tauros|6/100
|-heal|p2b: Palafin|79/100|[from] drain|[of] p1a: Tauros
|move|p1b: Rillaboom|U-turn|p2a: Meowscarada
|-damage|p2a: Meowscarada|8/100
|
|t:|1756818967
|switch|p1b: Incineroar|Incineroar, L50, M|34/100|[from] U-turn
|-ability|p1b: Incineroar|Intimidate|boost
|-unboost|p2a: Meowscarada|atk|1
|-unboost|p2b: Palafin|atk|1
|
|-heal|p2a: Meowscarada|14/100|[from] Grassy Terrain
|-heal|p1a: Tauros|12/100|[from] Grassy Terrain
|-heal|p2b: Palafin|84/100|[from] Grassy Terrain
|-heal|p1b: Incineroar|40/100|[from] Grassy Terrain
|upkeep
|turn|15
|
|t:|1756818984
|switch|p1a: Rillaboom|Rillaboom, L50, F|39/100 brn
|move|p2b: Palafin|Protect|p2b: Palafin
|-singleturn|p2b: Palafin|Protect
|move|p1b: Incineroar|Fake Out|p2a: Meowscarada
|-damage|p2a: Meowscarada|0 fnt
|faint|p2a: Meowscarada
|
|-heal|p2b: Palafin|90/100|[from] Grassy Terrain
|-heal|p1a: Rillaboom|45/100 brn|[from] Grassy Terrain
|-heal|p1b: Incineroar|46/100|[from] Grassy Terrain
|-damage|p1a: Rillaboom|39/100 brn|[from] brn
|upkeep
|turn|16
|
|t:|1756819004
|move|p1a: Rillaboom|Fake Out|p2b: Palafin
|-damage|p2b: Palafin|83/100
|cant|p2b: Palafin|flinch
|move|p1b: Incineroar|Knock Off|p2b: Palafin
|-damage|p2b: Palafin|47/100
|-enditem|p2b: Palafin|Punching Glove|[from] move: Knock Off|[of] p1b: Incineroar
|
|-heal|p2b: Palafin|52/100|[from] Grassy Terrain
|-heal|p1a: Rillaboom|45/100 brn|[from] Grassy Terrain
|-heal|p1b: Incineroar|52/100|[from] Grassy Terrain
|-damage|p1a: Rillaboom|39/100 brn|[from] brn
|-fieldend|move: Grassy Terrain
|upkeep
|turn|17
|
|t:|1756819018
|move|p2b: Palafin|Jet Punch|p1b: Incineroar
|-supereffective|p1b: Incineroar
|-damage|p1b: Incineroar|30/100
|move|p1a: Rillaboom|Wood Hammer|p2b: Palafin
|-supereffective|p2b: Palafin
|-damage|p2b: Palafin|0 fnt
|faint|p2b: Palafin
|-damage|p1a: Rillaboom|25/100 brn|[from] Recoil
|
|win|LewBoiiiiiii
||Mabenetto is ready for game 2.
||LewBoiiiiiii is ready for game 2.
|uhtml|next|Next: Game 2 of 3
|l|☆Mabenetto
|player|p2|
