|j|☆Chirpin' Chatots
|j|☆pokemytle
|html|Chirpin' Chatotspokemytle    
|uhtml|bestof|Game 2 of a best-of-3
|t:|1783642524
|gametype|doubles
|player|p1|Chirpin' Chatots|2|
|player|p2|pokemytle|170|
|gen|9
|tier|[Gen 9 Champions] VGC 2026 Reg M-B (Bo3)
|rule|Species Clause: Limit one of each Pokémon
|rule|Item Clause: Limit 1 of each item
|clearpoke
|poke|p1|Orthworm, L50, M, shiny|
|poke|p1|Jolteon, L50, F|
|poke|p1|Audino, L50, F, shiny|
|poke|p1|Sinistcha, L50, shiny|
|poke|p1|Klefki, L50, M|
|poke|p1|Charizard, L50, F, shiny|
|poke|p2|Archaludon, L50, F|
|poke|p2|Basculegion, L50, M|
|poke|p2|Pelipper, L50, F|
|poke|p2|Maushold, L50|
|poke|p2|Swampert, L50, M|
|poke|p2|Talonflame, L50, M|
|teampreview|4
|showteam|p1|Orthworm||SitrusBerry|EarthEater|ShedTail,IronDefense,BodyPress,RockSlide|Careful||M|||50|]Jolteon||ChoiceScarf|VoltAbsorb|Discharge,Thunderbolt,VoltSwitch,HelpingHand|Rash||F|||50|]Audino||BrightPowder|Healer|Yawn,GrassKnot,HelpingHand,HealPulse|Bold||F|||50|]Sinistcha||WideLens|Hospitality|MatchaGotcha,LifeDew,CalmMind,IronDefense|Bold|||||50|]Klefki||MentalHerb|Prankster|SunnyDay,LightScreen,ThunderWave,Torment|Relaxed||M|||50|]Charizard||CharizarditeX|SolarPower|HelpingHand,HeatWave,SolarBeam,Bulldoze|Modest||F|||50|
|showteam|p2|Archaludon||SitrusBerry|Stamina|DracoMeteor,FlashCannon,DragonTail,ElectroShot|Naive||F|||50|]Basculegion||ChoiceScarf|Adaptability|WaveCrash,LastRespects,FlipTurn,AquaJet|Jolly||M|||50|]Pelipper||FocusSash|Drizzle|Tailwind,Surf,WeatherBall,Hurricane|Modest||F|||50|]Maushold||Leftovers|FriendGuard|Encore,Taunt,FollowMe,HelpingHand|Timid|||||50|]Swampert||Swampertite|Torrent|Earthquake,RockSlide,WaveCrash,Liquidation|Adamant||M|||50|]Talonflame||LifeOrb|FlameBody|BraveBird,FlameCharge,FlareBlitz,RainDance|Jolly||M|||50|
|
|t:|1783642577
|teamsize|p1|4
|teamsize|p2|4
|start
|switch|p1a: Yasutora Sado|Orthworm, L50, M, shiny|100/100
|switch|p1b: La Muerte|Jolteon, L50, F|100/100
|switch|p2a: Archaludon|Archaludon, L50, F|100/100
|switch|p2b: Pelipper|Pelipper, L50, F|100/100
|-weather|RainDance|[from] ability: Drizzle|[of] p2b: Pelipper
|turn|1
|
|t:|1783642603
|move|p1b: La Muerte|Volt Switch|p2b: Pelipper
|-supereffective|p2b: Pelipper|2
|-enditem|p2b: Pelipper|Focus Sash
|-damage|p2b: Pelipper|1/100
|
|t:|1783642608
|switch|p1b: Glooscap|Audino, L50, F, shiny|100/100|[from] Volt Switch
|move|p1a: Yasutora Sado|Body Press|p2a: Archaludon
|-supereffective|p2a: Archaludon|1
|-damage|p2a: Archaludon|49/100
|-ability|p2a: Archaludon|Stamina|boost
|-boost|p2a: Archaludon|def|1
|-enditem|p2a: Archaludon|Sitrus Berry|[eat]
|-heal|p2a: Archaludon|73/100|[from] item: Sitrus Berry
|move|p2b: Pelipper|Tailwind|p2b: Pelipper
|-sidestart|p2: pokemytle|move: Tailwind
|move|p2a: Archaludon|Dragon Tail|p1b: Glooscap
|-damage|p1b: Glooscap|82/100
|drag|p1b: La Muerte|Jolteon, L50, F|100/100
|
|-weather|RainDance|[upkeep]
|upkeep
|turn|2
|c|☆Chirpin' Chatots|clcuated
|
|t:|1783642645
|switch|p2b: Maushold|Maushold, L50|100/100
|move|p2a: Archaludon|Electro Shot||[still]
|-prepare|p2a: Archaludon|Electro Shot
|-boost|p2a: Archaludon|spa|1
|-anim|p2a: Archaludon|Electro Shot|p1a: Yasutora Sado
|-damage|p1a: Yasutora Sado|27/100
|-enditem|p1a: Yasutora Sado|Sitrus Berry|[eat]
|-heal|p1a: Yasutora Sado|52/100|[from] item: Sitrus Berry
|move|p1b: La Muerte|Discharge|p2a: Archaludon|[spread] p1a,p2a,p2b
|-resisted|p2a: Archaludon|1
|-damage|p1a: Yasutora Sado|14/100
|-damage|p2a: Archaludon|56/100
|-damage|p2b: Maushold|61/100
|-ability|p2a: Archaludon|Stamina|boost
|-boost|p2a: Archaludon|def|1
|move|p1a: Yasutora Sado|Body Press|p2a: Archaludon
|-supereffective|p2a: Archaludon|1
|-damage|p2a: Archaludon|38/100
|-ability|p2a: Archaludon|Stamina|boost
|-boost|p2a: Archaludon|def|1
|
|-weather|RainDance|[upkeep]
|-heal|p2b: Maushold|67/100|[from] item: Leftovers
|upkeep
|turn|3
|
|t:|1783642671
|switch|p1b: Malsumis|Sinistcha, L50, shiny|100/100
|-heal|p1a: Yasutora Sado|39/100|[from] ability: Hospitality|[of] p1b: Malsumis
|move|p2b: Maushold|Encore||[still]
|-fail|p2b: Maushold
|move|p2a: Archaludon|Electro Shot||[still]
|-prepare|p2a: Archaludon|Electro Shot
|-boost|p2a: Archaludon|spa|1
|-anim|p2a: Archaludon|Electro Shot|p1a: Yasutora Sado
|-damage|p1a: Yasutora Sado|0 fnt
|faint|p1a: Yasutora Sado
|
|-weather|RainDance|[upkeep]
|-heal|p2b: Maushold|74/100|[from] item: Leftovers
|upkeep
|c|☆Chirpin' Chatots|Im cooked
|
|t:|1783642694
|switch|p1a: Glooscap|Audino, L50, F, shiny|82/100
|turn|4
|
|t:|1783642706
|move|p2b: Maushold|Follow Me|p2b: Maushold
|-singleturn|p2b: Maushold|move: Follow Me
|move|p2a: Archaludon|Electro Shot||[still]
|-prepare|p2a: Archaludon|Electro Shot
|-boost|p2a: Archaludon|spa|1
|-anim|p2a: Archaludon|Electro Shot|p1b: Malsumis
|-resisted|p1b: Malsumis|1
|-damage|p1b: Malsumis|34/100
|move|p1b: Malsumis|Calm Mind|p1b: Malsumis
|-boost|p1b: Malsumis|spa|1
|-boost|p1b: Malsumis|spd|1
|move|p1a: Glooscap|Yawn|p2b: Maushold
|-start|p2b: Maushold|move: Yawn|[of] p1a: Glooscap
|
|-weather|RainDance|[upkeep]
|-heal|p2b: Maushold|80/100|[from] item: Leftovers
|-sideend|p2: pokemytle|move: Tailwind
|upkeep
|turn|5
|
|t:|1783642766
|switch|p1b: La Muerte|Jolteon, L50, F|100/100
|move|p2b: Maushold|Encore||[still]
|-fail|p2b: Maushold
|move|p2a: Archaludon|Electro Shot||[still]
|-prepare|p2a: Archaludon|Electro Shot
|-boost|p2a: Archaludon|spa|1
|-anim|p2a: Archaludon|Electro Shot|p1a: Glooscap
|-damage|p1a: Glooscap|0 fnt
|faint|p1a: Glooscap
|
|-weather|none
|-heal|p2b: Maushold|86/100|[from] item: Leftovers
|-end|p2b: Maushold|move: Yawn|[silent]
|-status|p2b: Maushold|slp
|upkeep
|
|t:|1783642779
|switch|p1a: Malsumis|Sinistcha, L50, shiny|34/100
|turn|6
|
|t:|1783642811
|cant|p2b: Maushold|slp
|move|p1b: La Muerte|Thunderbolt|p2a: Archaludon
|-resisted|p2a: Archaludon|1
|-damage|p2a: Archaludon|9/100
|-ability|p2a: Archaludon|Stamina|boost
|-boost|p2a: Archaludon|def|1
|move|p2a: Archaludon|Electro Shot||[still]
|-prepare|p2a: Archaludon|Electro Shot
|-boost|p2a: Archaludon|spa|1
|move|p1a: Malsumis|Matcha Gotcha|p2b: Maushold|[spread] p2a,p2b
|-resisted|p2a: Archaludon|2
|-damage|p2a: Archaludon|1/100
|-heal|p1a: Malsumis|38/100|[from] drain|[of] p2a: Archaludon
|-damage|p2b: Maushold|55/100 slp
|-heal|p1a: Malsumis|54/100|[from] drain|[of] p2b: Maushold
|-ability|p2a: Archaludon|Stamina|boost
|-boost|p2a: Archaludon|def|1
|
|-heal|p2b: Maushold|61/100 slp|[from] item: Leftovers
|upkeep
|turn|7
|c|☆Chirpin' Chatots|iasne
|
|t:|1783642841
|cant|p2b: Maushold|slp
|move|p1b: La Muerte|Thunderbolt|p2a: Archaludon
|-resisted|p2a: Archaludon|1
|-damage|p2a: Archaludon|0 fnt
|faint|p2a: Archaludon
|move|p1a: Malsumis|Calm Mind|p1a: Malsumis
|-boost|p1a: Malsumis|spa|1
|-boost|p1a: Malsumis|spd|1
|
|-heal|p2b: Maushold|67/100 slp|[from] item: Leftovers
|upkeep
|
|t:|1783642851
|switch|p2a: Pelipper|Pelipper, L50, F|1/100
|-weather|RainDance|[from] ability: Drizzle|[of] p2a: Pelipper
|turn|8
|
|t:|1783642882
|-curestatus|p2b: Maushold|slp|[msg]
|move|p2b: Maushold|Follow Me|p2b: Maushold
|-singleturn|p2b: Maushold|move: Follow Me
|move|p1b: La Muerte|Thunderbolt|p2b: Maushold
|-damage|p2b: Maushold|14/100
|move|p1a: Malsumis|Iron Defense|p1a: Malsumis
|-boost|p1a: Malsumis|def|2
|move|p2a: Pelipper|Surf|p1b: La Muerte|[spread] p2b,p1a,p1b
|-resisted|p1a: Malsumis|1
|-damage|p2b: Maushold|0 fnt
|-damage|p1a: Malsumis|36/100
|-damage|p1b: La Muerte|35/100
|faint|p2b: Maushold
|
|-weather|RainDance|[upkeep]
|upkeep
|
|t:|1783642894
|switch|p2b: Basculegion|Basculegion, L50, M|100/100
|turn|9
|
|t:|1783642955
|move|p1b: La Muerte|Thunderbolt|p2b: Basculegion
|-supereffective|p2b: Basculegion|1
|-damage|p2b: Basculegion|0 fnt
|faint|p2b: Basculegion
|move|p1a: Malsumis|Matcha Gotcha|p2a: Pelipper|[miss]
|-miss|p1a: Malsumis|p2a: Pelipper
|move|p2a: Pelipper|Surf|p1a: Malsumis|[spread] p1a,p1b
|-resisted|p1a: Malsumis|1
|-damage|p1a: Malsumis|17/100
|-damage|p1b: La Muerte|0 fnt
|faint|p1b: La Muerte
|
|-weather|RainDance|[upkeep]
|upkeep
|turn|10
|
|t:|1783642969
|move|p1a: Malsumis|Matcha Gotcha|p2a: Pelipper
|-damage|p2a: Pelipper|0 fnt
|-heal|p1a: Malsumis|18/100|[from] drain|[of] p2a: Pelipper
|faint|p2a: Pelipper
|
|win|Chirpin' Chatots
