|j|☆breloomb01
|j|☆KingZeusVGC
|html|breloomb01KingZeusVGC    
|uhtml|bestof|Game 1 of a best-of-3
|t:|1785280011
|gametype|doubles
|player|p1|breloomb01|roughneck|1142
|player|p2|KingZeusVGC|blackbelt-gen4dp|1093
|gen|9
|tier|[Gen 9 Champions] VGC 2026 Reg M-B (Bo3)
|rated|
|rule|Species Clause: Limit one of each Pokémon
|rule|Item Clause: Limit 1 of each item
|clearpoke
|poke|p1|Venusaur, L50, F|
|poke|p1|Garchomp, L50, M|
|poke|p1|Sneasler, L50, F|
|poke|p1|Talonflame, L50, F|
|poke|p1|Rotom-Wash, L50|
|poke|p1|Kingambit, L50, F|
|poke|p2|Farigiraf, L50, M|
|poke|p2|Rhyperior, L50, M|
|poke|p2|Blastoise, L50, F|
|poke|p2|Hatterene, L50, F|
|poke|p2|Pelipper, L50, M|
|poke|p2|Sinistcha, L50|
|teampreview|4
|showteam|p1|Venusaur||Venusaurite|Chlorophyll|SludgeBomb,GigaDrain,EarthPower,Protect|Modest||F|||50|]Garchomp||LifeOrb|RoughSkin|Protect,RockSlide,Earthquake,DragonClaw|Jolly||M|||50|]Sneasler||WhiteHerb|Unburden|FakeOut,CloseCombat,DireClaw,Protect|Jolly||F|||50|]Talonflame||SharpBeak|GaleWings|BraveBird,FlareBlitz,Tailwind,Protect|Jolly||F|||50|]Rotom-Wash||SitrusBerry|Levitate|HydroPump,VoltSwitch,WillOWisp,Thunderbolt|Timid|||||50|]Kingambit||BlackGlasses|Defiant|KowtowCleave,SuckerPunch,IronHead,Protect|Adamant||F|||50|
|showteam|p2|Farigiraf||MentalHerb|ArmorTail|TrickRoom,Thunderbolt,TwinBeam,LightScreen|Relaxed||M|||50|]Rhyperior||LifeOrb|LightningRod|Protect,RockSlide,HighHorsepower,PoisonJab|Brave||M|||50|]Blastoise||Blastoisinite|RainDish|WaterSpout,FakeOut,DarkPulse,AuraSphere|Quiet||F|||50|]Hatterene||FocusSash|MagicBounce|TrickRoom,Psychic,DazzlingGleam,Protect|Quiet||F|||50|]Pelipper||SitrusBerry|Drizzle|Hurricane,WeatherBall,KnockOff,WideGuard|Quiet||M|||50|]Sinistcha||MiracleSeed|Hospitality|MatchaGotcha,ShadowBall,RagePowder,TrickRoom|Quiet|||||50|
|inactive|Battle timer is ON: inactive players will automatically lose when time's up. (requested by KingZeusVGC)
|
|t:|1785280067
|teamsize|p1|4
|teamsize|p2|4
|start
|switch|p1a: Venusaur|Venusaur, L50, F|100/100
|switch|p1b: Kingambit|Kingambit, L50, F|100/100
|switch|p2a: Blastoise|Blastoise, L50, F|100/100
|switch|p2b: Farigiraf|Farigiraf, L50, M|100/100
|turn|1
|inactive|KingZeusVGC has 30 seconds left.
|
|t:|1785280100
|detailschange|p1a: Venusaur|Venusaur-Mega, L50, F
|-mega|p1a: Venusaur|Venusaur|Venusaurite
|detailschange|p2a: Blastoise|Blastoise-Mega, L50, F
|-mega|p2a: Blastoise|Blastoise|Blastoisinite
|move|p2a: Blastoise|Fake Out|p1a: Venusaur
|-damage|p1a: Venusaur|91/100
|cant|p1a: Venusaur|flinch
|move|p1b: Kingambit|Kowtow Cleave|p2b: Farigiraf
|-supereffective|p2b: Farigiraf|1
|-damage|p2b: Farigiraf|9/100
|move|p2b: Farigiraf|Trick Room|p2b: Farigiraf
|-fieldstart|move: Trick Room|[of] p2b: Farigiraf
|
|upkeep
|turn|2
|
|t:|1785280116
|move|p1b: Kingambit|Protect|p1b: Kingambit
|-singleturn|p1b: Kingambit|Protect
|move|p2b: Farigiraf|Twin Beam|p1a: Venusaur
|-supereffective|p1a: Venusaur|1
|-damage|p1a: Venusaur|67/100
|-supereffective|p1a: Venusaur|1
|-damage|p1a: Venusaur|44/100
|-hitcount|p1a: Venusaur|2
|move|p2a: Blastoise|Aura Sphere|p1b: Kingambit
|-activate|p1b: Kingambit|move: Protect
|move|p1a: Venusaur|Giga Drain|p2a: Blastoise
|-supereffective|p2a: Blastoise|1
|-damage|p2a: Blastoise|40/100
|-heal|p1a: Venusaur|73/100|[from] drain|[of] p2a: Blastoise
|
|upkeep
|turn|3
|
|t:|1785280130
|switch|p1b: Sneasler|Sneasler, L50, F|100/100
|move|p2b: Farigiraf|Twin Beam|p1a: Venusaur
|-supereffective|p1a: Venusaur|1
|-damage|p1a: Venusaur|47/100
|-supereffective|p1a: Venusaur|1
|-damage|p1a: Venusaur|18/100
|-hitcount|p1a: Venusaur|2
|move|p2a: Blastoise|Aura Sphere|p1b: Sneasler
|-resisted|p1b: Sneasler|1
|-damage|p1b: Sneasler|66/100
|move|p1a: Venusaur|Giga Drain|p2b: Farigiraf
|-damage|p2b: Farigiraf|0 fnt
|-heal|p1a: Venusaur|24/100|[from] drain|[of] p2b: Farigiraf
|faint|p2b: Farigiraf
|
|upkeep
|
|t:|1785280141
|switch|p2b: Hatterene|Hatterene, L50, F|100/100
|turn|4
|
|t:|1785280146
|switch|p1a: Kingambit|Kingambit, L50, F|100/100
|move|p2b: Hatterene|Protect|p2b: Hatterene
|-singleturn|p2b: Hatterene|Protect
|move|p1b: Sneasler|Fake Out|p2a: Blastoise
|-damage|p2a: Blastoise|29/100
|cant|p2a: Blastoise|flinch
|
|upkeep
|turn|5
|
|t:|1785280169
|move|p1b: Sneasler|Protect|p1b: Sneasler
|-singleturn|p1b: Sneasler|Protect
|move|p1a: Kingambit|Sucker Punch|p2a: Blastoise
|-damage|p2a: Blastoise|0 fnt
|faint|p2a: Blastoise
|move|p2b: Hatterene|Psychic|p1b: Sneasler
|-activate|p1b: Sneasler|move: Protect
|
|-fieldend|move: Trick Room
|upkeep
|
|t:|1785280173
|switch|p2a: Rhyperior|Rhyperior, L50, M|100/100
|turn|6
|
|t:|1785280178
|move|p2a: Rhyperior|Protect|p2a: Rhyperior
|-singleturn|p2a: Rhyperior|Protect
|move|p1b: Sneasler|Close Combat|p2a: Rhyperior
|-activate|p2a: Rhyperior|move: Protect
|move|p1a: Kingambit|Iron Head|p2b: Hatterene
|-supereffective|p2b: Hatterene|1
|-enditem|p2b: Hatterene|Focus Sash
|-damage|p2b: Hatterene|1/100
|move|p2b: Hatterene|Trick Room|p2b: Hatterene
|-fieldstart|move: Trick Room|[of] p2b: Hatterene
|
|upkeep
|turn|7
|
|t:|1785280197
|move|p2b: Hatterene|Protect|p2b: Hatterene
|-singleturn|p2b: Hatterene|Protect
|move|p1a: Kingambit|Sucker Punch||[still]
|-fail|p1a: Kingambit
|move|p2a: Rhyperior|High Horsepower|p1b: Sneasler|[miss]
|-miss|p2a: Rhyperior|p1b: Sneasler
|move|p1b: Sneasler|Close Combat|p2a: Rhyperior
|-supereffective|p2a: Rhyperior|1
|-damage|p2a: Rhyperior|13/100
|-unboost|p1b: Sneasler|def|1
|-unboost|p1b: Sneasler|spd|1
|-enditem|p1b: Sneasler|White Herb
|-clearnegativeboost|p1b: Sneasler|[silent]
|
|upkeep
|turn|8
|
|t:|1785280211
|move|p1a: Kingambit|Sucker Punch|p2a: Rhyperior
|-damage|p2a: Rhyperior|0 fnt
|faint|p2a: Rhyperior
|move|p2b: Hatterene|Psychic|p1b: Sneasler
|-supereffective|p1b: Sneasler|2
|-damage|p1b: Sneasler|0 fnt
|faint|p1b: Sneasler
|
|upkeep
|
|t:|1785280214
|switch|p1b: Rotom|Rotom-Wash, L50|100/100
|turn|9
|
|t:|1785280217
|move|p1a: Kingambit|Sucker Punch|p2b: Hatterene
|-damage|p2b: Hatterene|0 fnt
|faint|p2b: Hatterene
|
|win|breloomb01
||KingZeusVGC is ready for game 2.
||breloomb01 is ready for game 2.
|uhtml|next|Next: Game 2 of 3
