|j|☆Urkin' Pincurchin
|j|☆red gate 0
|html|Urkin' Pincurchinred gate 0    
|uhtml|bestof|Game 2 of a best-of-3
|t:|1757033497
|gametype|doubles
|player|p1|Urkin' Pincurchin|fisherman-gen4|1362
|player|p2|red gate 0|n|1262
|gen|9
|tier|[Gen 9] VGC 2025 Reg H (Bo3)
|rated|
|rule|Species Clause: Limit one of each Pokémon
|rule|Item Clause: Limit 1 of each item
|clearpoke
|poke|p1|Ninetales-Alola, L50, F|
|poke|p1|Dragonite, L50, M|
|poke|p1|Volcarona, L50, F|
|poke|p1|Incineroar, L50, M|
|poke|p1|Rillaboom, L50, M|
|poke|p1|Basculegion, L50, M|
|poke|p2|Sneasler, L50, M|
|poke|p2|Gholdengo, L50|
|poke|p2|Ninetales-Alola, L50, F|
|poke|p2|Arcanine-Hisui, L50, M|
|poke|p2|Amoonguss, L50, F|
|poke|p2|Rillaboom, L50, M|
|teampreview|4
|showteam|p1|Ninetales-Alola||FocusSash|SnowWarning|Blizzard,IcyWind,AuroraVeil,Encore|||F|||50|,,,,,Ghost]Dragonite||LoadedDice|Multiscale|ScaleShot,Tailwind,Protect,Haze|||M|||50|,,,,,Fairy]Volcarona||Leftovers|FlameBody|HeatWave,TeraBlast,QuiverDance,Protect|||F|||50|,,,,,Fairy]Incineroar||SafetyGoggles|Intimidate|FlareBlitz,KnockOff,FakeOut,PartingShot|||M|||50|,,,,,Ghost]Rillaboom||AssaultVest|GrassySurge|WoodHammer,GrassyGlide,HighHorsepower,FakeOut|||M|||50|,,,,,Ghost]Basculegion||ChoiceScarf|SwiftSwim|WaveCrash,LastRespects,FlipTurn,AquaJet|||M|||50|,,,,,Water
|showteam|p2|Sneasler||FocusSash|PoisonTouch|DireClaw,CloseCombat,FakeOut,Protect|||M|||50|,,,,,Stellar]Gholdengo||GrassySeed|GoodasGold|MakeItRain,ShadowBall,NastyPlot,Protect||||||50|,,,,,Water]Ninetales-Alola||LightClay|SnowWarning|IcyWind,FreezeDry,AuroraVeil,Protect|||F|||50|,,,,,Ghost]Arcanine-Hisui||ClearAmulet|Intimidate|FlareBlitz,RockSlide,ExtremeSpeed,Protect|||M|||50|,,,,,Ghost]Amoonguss||SitrusBerry|Regenerator|ClearSmog,PollenPuff,Spore,RagePowder|||F|||50|,,,,,Water]Rillaboom||AssaultVest|GrassySurge|WoodHammer,GrassyGlide,HighHorsepower,FakeOut|||M|||50|,,,,,Fire
|inactive|Battle timer is ON: inactive players will automatically lose when time's up. (requested by red gate 0)
|inactive|Urkin' Pincurchin also wants the timer to be on.
|inactive|Urkin' Pincurchin has 60 seconds left.
|inactive|Urkin' Pincurchin has 30 seconds left.
|inactive|Urkin' Pincurchin has 20 seconds left.
|inactive|Urkin' Pincurchin has 15 seconds left.
|
|t:|1757033574
|teamsize|p1|4
|teamsize|p2|4
|start
|switch|p1a: Basculegion|Basculegion, L50, M|100/100
|switch|p1b: Dragonite|Dragonite, L50, M|100/100
|switch|p2a: Gholdengo|Gholdengo, L50|100/100
|switch|p2b: Arcanine|Arcanine-Hisui, L50, M|100/100
|-ability|p2b: Arcanine|Intimidate|boost
|-unboost|p1a: Basculegion|atk|1
|-unboost|p1b: Dragonite|atk|1
|turn|1
|
|t:|1757033590
|move|p2b: Arcanine|Protect|p2b: Arcanine
|-singleturn|p2b: Arcanine|Protect
|move|p1a: Basculegion|Flip Turn|p2b: Arcanine
|-activate|p2b: Arcanine|move: Protect
|move|p2a: Gholdengo|Nasty Plot|p2a: Gholdengo
|-boost|p2a: Gholdengo|spa|2
|move|p1b: Dragonite|Tailwind|p1b: Dragonite
|-sidestart|p1: Urkin' Pincurchin|move: Tailwind
|
|upkeep
|turn|2
|
|t:|1757033606
|-terastallize|p2b: Arcanine|Ghost
|move|p1a: Basculegion|Flip Turn|p2b: Arcanine
|-damage|p2b: Arcanine|76/100
|
|t:|1757033611
|switch|p1a: Ninetales|Ninetales-Alola, L50, F|100/100|[from] Flip Turn
|-weather|Snowscape|[from] ability: Snow Warning|[of] p1a: Ninetales
|move|p1b: Dragonite|Haze|p1b: Dragonite
|-clearallboost
|move|p2b: Arcanine|Rock Slide|p1a: Ninetales|[spread] p1a,p1b
|-supereffective|p1a: Ninetales
|-supereffective|p1b: Dragonite
|-damage|p1a: Ninetales|42/100
|-damage|p1b: Dragonite|70/100
|move|p2a: Gholdengo|Make It Rain|p1b: Dragonite|[spread] p1a,p1b
|-supereffective|p1a: Ninetales
|-damage|p1a: Ninetales|0 fnt
|-damage|p1b: Dragonite|23/100
|-unboost|p2a: Gholdengo|spa|1
|faint|p1a: Ninetales
|
|-weather|Snowscape|[upkeep]
|upkeep
|
|t:|1757033614
|switch|p1a: Volcarona|Volcarona, L50, F|100/100
|turn|3
|
|t:|1757033638
|switch|p2a: Rillaboom|Rillaboom, L50, M|100/100
|-fieldstart|move: Grassy Terrain|[from] ability: Grassy Surge|[of] p2a: Rillaboom
|move|p1a: Volcarona|Heat Wave|p2b: Arcanine|[spread] p2a,p2b
|-supereffective|p2a: Rillaboom
|-damage|p2a: Rillaboom|54/100
|-damage|p2b: Arcanine|32/100
|move|p1b: Dragonite|Scale Shot|p2b: Arcanine
|-damage|p2b: Arcanine|13/100
|-damage|p2b: Arcanine|0 fnt
|faint|p2b: Arcanine
|-hitcount|p2: Arcanine|2
|-unboost|p1b: Dragonite|def|1
|-boost|p1b: Dragonite|spe|1
|
|-weather|Snowscape|[upkeep]
|-heal|p2a: Rillaboom|60/100|[from] Grassy Terrain
|upkeep
|
|t:|1757033646
|switch|p2b: Gholdengo|Gholdengo, L50|100/100
|-enditem|p2b: Gholdengo|Grassy Seed
|-boost|p2b: Gholdengo|def|1|[from] item: Grassy Seed
|turn|4
|
|t:|1757033653
|move|p1b: Dragonite|Protect|p1b: Dragonite
|-singleturn|p1b: Dragonite|Protect
|move|p2a: Rillaboom|Fake Out|p1a: Volcarona
|-crit|p1a: Volcarona
|-damage|p1a: Volcarona|79/100
|cant|p1a: Volcarona|flinch
|move|p2b: Gholdengo|Nasty Plot|p2b: Gholdengo
|-boost|p2b: Gholdengo|spa|2
|
|-weather|Snowscape|[upkeep]
|-heal|p1a: Volcarona|85/100|[from] Grassy Terrain
|-heal|p1a: Volcarona|92/100|[from] item: Leftovers
|-heal|p2a: Rillaboom|66/100|[from] Grassy Terrain
|-sideend|p1: Urkin' Pincurchin|move: Tailwind
|upkeep
|turn|5
|
|t:|1757033671
|move|p2a: Rillaboom|Grassy Glide|p1a: Volcarona
|-resisted|p1a: Volcarona
|-damage|p1a: Volcarona|81/100
|move|p1b: Dragonite|Haze|p1b: Dragonite
|-clearallboost
|move|p2b: Gholdengo|Make It Rain|p1a: Volcarona|[spread] p1a,p1b
|-resisted|p1a: Volcarona
|-damage|p1a: Volcarona|61/100
|-damage|p1b: Dragonite|0 fnt
|-unboost|p2b: Gholdengo|spa|1
|faint|p1b: Dragonite
|move|p1a: Volcarona|Quiver Dance|p1a: Volcarona
|-boost|p1a: Volcarona|spa|1
|-boost|p1a: Volcarona|spd|1
|-boost|p1a: Volcarona|spe|1
|
|-weather|Snowscape|[upkeep]
|-heal|p1a: Volcarona|67/100|[from] Grassy Terrain
|-heal|p1a: Volcarona|73/100|[from] item: Leftovers
|-heal|p2a: Rillaboom|72/100|[from] Grassy Terrain
|upkeep
|-message|red gate 0 forfeited.
|
|win|Urkin' Pincurchin
|l|☆red gate 0
|player|p2|
||red gate 0 is ready for game 3.
||Urkin' Pincurchin is ready for game 3.
|uhtml|next|Next: Game 3 of 3
|l|☆Urkin' Pincurchin
|player|p1|
|j|☆Urkin' Pincurchin
|player|p1|Urkin' Pincurchin|fisherman-gen4|
