|j|☆Dawsonschris
|j|☆Nearshort
|html|DawsonschrisNearshort    
|uhtml|bestof|Game 2 of a best-of-3
|t:|1756955625
|gametype|doubles
|player|p1|Dawsonschris|artist-gen4|1103
|player|p2|Nearshort|birdkeeper-gen4dp|1056
|gen|9
|tier|[Gen 9] VGC 2025 Reg H (Bo3)
|rated|
|rule|Species Clause: Limit one of each Pokémon
|rule|Item Clause: Limit 1 of each item
|clearpoke
|poke|p1|Ursaluna-Bloodmoon, L50, M|
|poke|p1|Electabuzz, L50, F|
|poke|p1|Sneasler, L50, F|
|poke|p1|Indeedee, L50, M|
|poke|p1|Whimsicott, L50, F|
|poke|p1|Typhlosion-Hisui, L50, F|
|poke|p2|Tyranitar, L50, M|
|poke|p2|Amoonguss, L50, F|
|poke|p2|Kommo-o, L50, M|
|poke|p2|Excadrill, L50, F|
|poke|p2|Indeedee-F, L50, F|
|poke|p2|Hatterene, L50, F|
|teampreview|4
|showteam|p1|Ursaluna-Bloodmoon||LifeOrb|MindsEye|Protect,BloodMoon,EarthPower,HyperVoice|||M|||50|,,,,,Normal]Electabuzz||Eviolite|VitalSpirit|FollowMe,Taunt,Electroweb,Protect|||F|||50|,,,,,Dragon]Sneasler||PsychicSeed|Unburden|ThroatChop,DireClaw,CloseCombat,Protect|||F|||50|,,,,,Dark]Indeedee||FocusSash|PsychicSurge|ExpandingForce,TrickRoom,HelpingHand,Protect|||M|||50|,,,,,Psychic]Whimsicott||CovertCloak|Prankster|Tailwind,Moonblast,Encore,SunnyDay|||F|||50|,,,,,Ghost]Typhlosion-Hisui||ChoiceSpecs|Blaze|Eruption,HeatWave,ShadowBall,Flamethrower|||F|||50|,,,,,Fire
|showteam|p2|Tyranitar||AssaultVest|SandStream|TeraBlast,LowKick,RockSlide,KnockOff|||M|||50|,,,,,Flying]Amoonguss||RockyHelmet|Regenerator|RagePowder,SludgeBomb,Protect,Spore|||F|||50|,,,,,Water]Kommo-o||Leftovers|Overcoat|AuraSphere,ClangingScales,ClangorousSoul,Protect|||M|||50|,,,,,Bug]Excadrill||FocusSash|SandForce|Earthquake,Protect,RockSlide,IronHead|||F|||50|,,,,,Stellar]Indeedee-F||SafetyGoggles|PsychicSurge|FollowMe,Psychic,Protect,TrickRoom|||F|||50|,,,,,Fairy]Hatterene||LifeOrb|MagicBounce|ShadowBall,ExpandingForce,DazzlingGleam,Protect|||F|||50|,,,,,Fairy
|inactive|Battle timer is ON: inactive players will automatically lose when time's up. (requested by Dawsonschris)
|
|t:|1756955653
|teamsize|p1|4
|teamsize|p2|4
|start
|switch|p1a: Whimsicott|Whimsicott, L50, F|100/100
|switch|p1b: Typhlosion|Typhlosion-Hisui, L50, F|100/100
|switch|p2a: Excadrill|Excadrill, L50, F, shiny|100/100
|switch|p2b: Amoonguss|Amoonguss, L50, F, shiny|100/100
|turn|1
|inactive|Dawsonschris has 30 seconds left.
|inactive|Dawsonschris has 20 seconds left.
|inactive|Dawsonschris has 15 seconds left.
|inactive|Dawsonschris has 10 seconds left.
|
|t:|1756955699
|-terastallize|p1b: Typhlosion|Fire
|move|p2b: Amoonguss|Protect|p2b: Amoonguss
|-singleturn|p2b: Amoonguss|Protect
|move|p1a: Whimsicott|Tailwind|p1a: Whimsicott
|-sidestart|p1: Dawsonschris|move: Tailwind
|move|p1b: Typhlosion|Heat Wave|p2b: Amoonguss|[spread] p2a
|-activate|p2b: Amoonguss|move: Protect
|-supereffective|p2a: Excadrill
|-enditem|p2a: Excadrill|Focus Sash
|-damage|p2a: Excadrill|1/100
|move|p2a: Excadrill|Earthquake|p1b: Typhlosion|[spread] p1a,p1b
|-activate|p2b: Amoonguss|move: Protect
|-resisted|p1a: Whimsicott
|-supereffective|p1b: Typhlosion
|-damage|p1a: Whimsicott|72/100
|-damage|p1b: Typhlosion|0 fnt
|faint|p1b: Typhlosion
|
|upkeep
|
|t:|1756955718
|switch|p1b: Ursaluna|Ursaluna-Bloodmoon, L50, M|100/100
|turn|2
|inactive|Nearshort has 30 seconds left.
|
|t:|1756955745
|switch|p2b: Tyranitar|Tyranitar, L50, M, shiny|100/100
|-weather|Sandstorm|[from] ability: Sand Stream|[of] p2b: Tyranitar
|move|p2a: Excadrill|Protect|p2a: Excadrill
|-singleturn|p2a: Excadrill|Protect
|move|p1a: Whimsicott|Moonblast|p2a: Excadrill
|-activate|p2a: Excadrill|move: Protect
|move|p1b: Ursaluna|Blood Moon|p2b: Tyranitar
|-resisted|p2b: Tyranitar
|-crit|p2b: Tyranitar
|-damage|p2b: Tyranitar|65/100
|-damage|p1b: Ursaluna|91/100|[from] item: Life Orb
|
|-weather|Sandstorm|[upkeep]
|-damage|p1a: Whimsicott|66/100|[from] Sandstorm
|upkeep
|turn|3
|inactive|Dawsonschris has 30 seconds left.
|inactive|Nearshort has 30 seconds left.
|
|t:|1756955774
|switch|p2a: Indeedee|Indeedee-F, L50, F, shiny|100/100
|-fieldstart|move: Psychic Terrain|[from] ability: Psychic Surge|[of] p2a: Indeedee
|switch|p2b: Amoonguss|Amoonguss, L50, F, shiny|100/100
|move|p1a: Whimsicott|Encore|p2a: Indeedee
|-activate|p2a: Indeedee|move: Psychic Terrain
|move|p1b: Ursaluna|Earth Power|p2b: Amoonguss
|-damage|p2b: Amoonguss|49/100
|-unboost|p2b: Amoonguss|spd|1
|-damage|p1b: Ursaluna|81/100|[from] item: Life Orb
|
|-weather|Sandstorm|[upkeep]
|-damage|p1a: Whimsicott|60/100|[from] Sandstorm
|-damage|p2b: Amoonguss|43/100|[from] Sandstorm
|upkeep
|turn|4
|inactive|Dawsonschris has 30 seconds left.
|
|t:|1756955808
|switch|p1a: Electabuzz|Electabuzz, L50, F|100/100
|move|p2a: Indeedee|Follow Me|p2a: Indeedee
|-singleturn|p2a: Indeedee|move: Follow Me
|move|p1b: Ursaluna|Hyper Voice|p2a: Indeedee|[spread] p2a,p2b
|-damage|p2a: Indeedee|54/100
|-damage|p2b: Amoonguss|0 fnt
|faint|p2b: Amoonguss
|-damage|p1b: Ursaluna|72/100|[from] item: Life Orb
|
|-weather|Sandstorm|[upkeep]
|-damage|p1a: Electabuzz|95/100|[from] Sandstorm
|-sideend|p1: Dawsonschris|move: Tailwind
|upkeep
|
|t:|1756955813
|switch|p2b: Excadrill|Excadrill, L50, F, shiny|1/100
|turn|5
|
|t:|1756955832
|-terastallize|p2b: Excadrill|Stellar
|move|p2a: Indeedee|Protect|p2a: Indeedee
|-singleturn|p2a: Indeedee|Protect
|move|p1b: Ursaluna|Protect|p1b: Ursaluna
|-singleturn|p1b: Ursaluna|Protect
|move|p1a: Electabuzz|Electroweb|p2b: Excadrill|[spread] 
|-activate|p2a: Indeedee|move: Protect
|-immune|p2b: Excadrill
|move|p2b: Excadrill|Earthquake|p1b: Ursaluna|[spread] p1a
|-activate|p2a: Indeedee|move: Protect
|-activate|p1b: Ursaluna|move: Protect
|-supereffective|p1a: Electabuzz
|-damage|p1a: Electabuzz|0 fnt
|faint|p1a: Electabuzz
|
|-weather|Sandstorm|[upkeep]
|upkeep
|
|t:|1756955850
|switch|p1a: Whimsicott|Whimsicott, L50, F|60/100
|turn|6
|
|t:|1756955865
|move|p2a: Indeedee|Follow Me|p2a: Indeedee
|-singleturn|p2a: Indeedee|move: Follow Me
|move|p1a: Whimsicott|Sunny Day|p1a: Whimsicott
|-weather|SunnyDay
|move|p2b: Excadrill|Earthquake|p1a: Whimsicott|[spread] p2a,p1a,p1b
|-resisted|p1a: Whimsicott
|-damage|p2a: Indeedee|12/100
|-damage|p1a: Whimsicott|30/100
|-damage|p1b: Ursaluna|40/100
|move|p1b: Ursaluna|Hyper Voice|p2b: Excadrill|[spread] p2a,p2b
|-resisted|p2b: Excadrill
|-damage|p2a: Indeedee|0 fnt
|-damage|p2b: Excadrill|0 fnt
|faint|p2a: Indeedee
|faint|p2b: Excadrill
|-damage|p1b: Ursaluna|30/100|[from] item: Life Orb
|
|-weather|SunnyDay|[upkeep]
|upkeep
|
|t:|1756955873
|switch|p2b: Tyranitar|Tyranitar, L50, M, shiny|65/100
|-weather|Sandstorm|[from] ability: Sand Stream|[of] p2b: Tyranitar
|turn|7
|
|t:|1756955890
|move|p1a: Whimsicott|Sunny Day|p1a: Whimsicott
|-weather|SunnyDay
|move|p1b: Ursaluna|Earth Power|p2b: Tyranitar
|-supereffective|p2b: Tyranitar
|-damage|p2b: Tyranitar|0 fnt
|faint|p2b: Tyranitar
|-damage|p1b: Ursaluna|21/100|[from] item: Life Orb
|
|win|Dawsonschris
|raw|Dawsonschris's rating: 1103 → 1125(+22 for winning)
|raw|Nearshort's rating: 1056 → 1040(-16 for losing)
