|j|☆hatsune p2
|j|☆sir plaza
|html|hatsune p2sir plaza    
|uhtml|bestof|Game 3 of a best-of-3
|t:|1757190106
|gametype|doubles
|player|p1|hatsune p2|miku-fairy|1181
|player|p2|sir plaza|blackbelt-gen4dp|1076
|gen|9
|tier|[Gen 9] VGC 2025 Reg H (Bo3)
|rated|
|rule|Species Clause: Limit one of each Pokémon
|rule|Item Clause: Limit 1 of each item
|clearpoke
|poke|p1|Incineroar, L50, M|
|poke|p1|Farigiraf, L50, M|
|poke|p1|Sneasler, L50, F|
|poke|p1|Pelipper, L50, M|
|poke|p1|Archaludon, L50, F|
|poke|p1|Rillaboom, L50, M|
|poke|p2|Incineroar, L50, M|
|poke|p2|Sneasler, L50, M|
|poke|p2|Talonflame, L50, M|
|poke|p2|Rillaboom, L50, F|
|poke|p2|Gholdengo, L50|
|poke|p2|Kingambit, L50, M|
|teampreview|4
|showteam|p1|Incineroar||SafetyGoggles|Intimidate|FakeOut,FlareBlitz,KnockOff,Uturn|||M|||50|,,,,,Ghost]Farigiraf||ThroatSpray|ArmorTail|HyperVoice,Psychic,Protect,TrickRoom|||M|||50|,,,,,Fire]Sneasler||GrassySeed|Unburden|ThroatChop,CloseCombat,DireClaw,Protect|||F|||50|,,,,,Dark]Pelipper||ChoiceScarf|Drizzle|Uturn,IcyWind,WeatherBall,Hurricane|||M|||50|,,,,,Water]Archaludon||AssaultVest|Stamina|ElectroShot,FlashCannon,DragonPulse,BodyPress|||F|||50|,,,,,Bug]Rillaboom||LoadedDice|GrassySurge|FakeOut,BulletSeed,GrassyGlide,HighHorsepower|||M|||50|,,,,,Water
|showteam|p2|Incineroar||SafetyGoggles|Intimidate|KnockOff,FlareBlitz,FakeOut,PartingShot|||M|||50|,,,,,Ghost]Sneasler||GrassySeed|Unburden|Protect,CloseCombat,DireClaw,FakeOut|||M|||50|,,,,,Stellar]Talonflame||CovertCloak|GaleWings|DualWingbeat,FlareBlitz,Tailwind,WillOWisp|||M|||50|,,,,,Grass]Rillaboom||AssaultVest|GrassySurge|GrassyGlide,WoodHammer,FakeOut,HighHorsepower|||F|||50|,,,,,Grass]Gholdengo||LifeOrb|GoodasGold|MakeItRain,ShadowBall,NastyPlot,Protect||||||50|,,,,,Water]Kingambit||BlackGlasses|Defiant|SuckerPunch,SwordsDance,KowtowCleave,Protect|||M|||50|,,,,,Ghost
|inactive|Battle timer is ON: inactive players will automatically lose when time's up. (requested by sir plaza)
|c|☆sir plaza|im pissed
|c|☆hatsune p2|it do be like that
|
|t:|1757190146
|teamsize|p1|4
|teamsize|p2|4
|start
|switch|p1a: Archaludon|Archaludon, L50, F|100/100
|switch|p1b: Rillaboom|Rillaboom, L50, M|100/100
|switch|p2a: Sneasler|Sneasler, L50, M|100/100
|switch|p2b: Rillaboom|Rillaboom, L50, F|100/100
|-fieldstart|move: Grassy Terrain|[from] ability: Grassy Surge|[of] p1b: Rillaboom
|-enditem|p2a: Sneasler|Grassy Seed
|-boost|p2a: Sneasler|def|1|[from] item: Grassy Seed
|turn|1
|
|t:|1757190166
|switch|p1a: Farigiraf|Farigiraf, L50, M|100/100
|-terastallize|p2a: Sneasler|Stellar
|move|p2b: Rillaboom|Fake Out||[still]
|cant|p1a: Farigiraf|ability: Armor Tail|Fake Out|[of] p2b: Rillaboom
|move|p2a: Sneasler|Close Combat|p1a: Farigiraf
|-damage|p1a: Farigiraf|22/100
|-unboost|p2a: Sneasler|def|1
|-unboost|p2a: Sneasler|spd|1
|move|p1b: Rillaboom|High Horsepower|p2a: Sneasler
|-supereffective|p2a: Sneasler
|-damage|p2a: Sneasler|24/100
|
|-heal|p2a: Sneasler|29/100|[from] Grassy Terrain
|-heal|p1a: Farigiraf|28/100|[from] Grassy Terrain
|upkeep
|turn|2
|inactive|hatsune p2 has 30 seconds left.
|
|t:|1757190192
|switch|p2a: Incineroar|Incineroar, L50, M|100/100
|-ability|p2a: Incineroar|Intimidate|boost
|-unboost|p1a: Farigiraf|atk|1
|-unboost|p1b: Rillaboom|atk|1
|switch|p1b: Archaludon|Archaludon, L50, F|100/100
|move|p1a: Farigiraf|Protect|p1a: Farigiraf
|-singleturn|p1a: Farigiraf|Protect
|move|p2b: Rillaboom|High Horsepower|p1a: Farigiraf
|-activate|p1a: Farigiraf|move: Protect
|
|-heal|p1a: Farigiraf|34/100|[from] Grassy Terrain
|upkeep
|turn|3
|
|t:|1757190211
|switch|p1a: Rillaboom|Rillaboom, L50, M|100/100
|move|p1b: Archaludon|Body Press|p2a: Incineroar
|-supereffective|p2a: Incineroar
|-damage|p2a: Incineroar|53/100
|move|p2b: Rillaboom|High Horsepower|p1a: Rillaboom
|-resisted|p1a: Rillaboom
|-damage|p1a: Rillaboom|85/100
|move|p2a: Incineroar|Parting Shot|p1b: Archaludon
|-unboost|p1b: Archaludon|atk|1
|-unboost|p1b: Archaludon|spa|1
|
|t:|1757190222
|switch|p2a: Sneasler|Sneasler, L50, M, tera:Stellar|29/100|[from] Parting Shot
|
|-heal|p2a: Sneasler|35/100|[from] Grassy Terrain
|-heal|p1a: Rillaboom|91/100|[from] Grassy Terrain
|upkeep
|turn|4
|
|t:|1757190239
|switch|p2a: Incineroar|Incineroar, L50, M|53/100
|-ability|p2a: Incineroar|Intimidate|boost
|-unboost|p1a: Rillaboom|atk|1
|-unboost|p1b: Archaludon|atk|1
|-terastallize|p1b: Archaludon|Bug
|move|p1a: Rillaboom|Fake Out|p2a: Incineroar
|-damage|p2a: Incineroar|43/100
|move|p1b: Archaludon|Body Press|p2a: Incineroar
|-supereffective|p2a: Incineroar
|-damage|p2a: Incineroar|0 fnt
|faint|p2a: Incineroar
|move|p2b: Rillaboom|High Horsepower|p1b: Archaludon
|-resisted|p1b: Archaludon
|-damage|p1b: Archaludon|89/100
|-ability|p1b: Archaludon|Stamina|boost
|-boost|p1b: Archaludon|def|1
|
|-heal|p1a: Rillaboom|97/100|[from] Grassy Terrain
|-heal|p1b: Archaludon|95/100|[from] Grassy Terrain
|upkeep
|
|t:|1757190255
|switch|p2a: Sneasler|Sneasler, L50, M, tera:Stellar|35/100
|turn|5
|
|t:|1757190268
|switch|p1a: Farigiraf|Farigiraf, L50, M|34/100
|switch|p2b: Kingambit|Kingambit, L50, M|100/100
|move|p2a: Sneasler|Dire Claw|p1b: Archaludon
|-damage|p1b: Archaludon|69/100
|-status|p1b: Archaludon|par
|-ability|p1b: Archaludon|Stamina|boost
|-boost|p1b: Archaludon|def|1
|move|p1b: Archaludon|Body Press|p2a: Sneasler
|-resisted|p2a: Sneasler
|-crit|p2a: Sneasler
|-damage|p2a: Sneasler|0 fnt
|faint|p2a: Sneasler
|
|-heal|p1a: Farigiraf|39/100|[from] Grassy Terrain
|-heal|p1b: Archaludon|75/100 par|[from] Grassy Terrain
|-fieldend|move: Grassy Terrain
|upkeep
|
|t:|1757190284
|switch|p2a: Rillaboom|Rillaboom, L50, F|100/100
|-fieldstart|move: Grassy Terrain|[from] ability: Grassy Surge|[of] p2a: Rillaboom
|turn|6
|
|t:|1757190292
|move|p2a: Rillaboom|High Horsepower|p1a: Farigiraf
|-damage|p1a: Farigiraf|9/100
|move|p2b: Kingambit|Swords Dance|p2b: Kingambit
|-boost|p2b: Kingambit|atk|2
|move|p1a: Farigiraf|Hyper Voice|p2b: Kingambit|[spread] p2a,p2b
|-resisted|p2b: Kingambit
|-damage|p2a: Rillaboom|80/100
|-damage|p2b: Kingambit|83/100
|-enditem|p1a: Farigiraf|Throat Spray
|-boost|p1a: Farigiraf|spa|1|[from] item: Throat Spray
|move|p1b: Archaludon|Body Press|p2b: Kingambit
|-supereffective|p2b: Kingambit
|-damage|p2b: Kingambit|0 fnt
|faint|p2b: Kingambit
|
|-heal|p2a: Rillaboom|86/100|[from] Grassy Terrain
|-heal|p1a: Farigiraf|15/100|[from] Grassy Terrain
|-heal|p1b: Archaludon|81/100 par|[from] Grassy Terrain
|upkeep
|turn|7
|c|☆sir plaza|i hate girafes
|-message|sir plaza forfeited.
|
|win|hatsune p2
|raw|hatsune p2's rating: 1181 → 1199(+18 for winning)
|raw|sir plaza's rating: 1076 → 1061(-15 for losing)
|l|☆sir plaza
|player|p2|
|c|☆hatsune p2|its okay buddy
