|j|☆Professor_J93
|j|☆elmono11
|html|Professor_J93elmono11    
|uhtml|bestof|Game 2 of a best-of-3
|t:|1785950253
|gametype|doubles
|player|p1|Professor_J93|n|1295
|player|p2|elmono11|1|1377
|gen|9
|tier|[Gen 9 Champions] VGC 2026 Reg M-B (Bo3)
|rated|
|rule|Species Clause: Limit one of each Pokémon
|rule|Item Clause: Limit 1 of each item
|clearpoke
|poke|p1|Raichu, L50, F, shiny|
|poke|p1|Vivillon-Ocean, L50, M, shiny|
|poke|p1|Primarina, L50, M|
|poke|p1|Farigiraf, L50, F, shiny|
|poke|p1|Lopunny, L50, M|
|poke|p1|Meowscarada, L50, M|
|poke|p2|Kingambit, L50, M|
|poke|p2|Sneasler, L50, F|
|poke|p2|Froslass, L50, F|
|poke|p2|Lycanroc-Dusk, L50, F|
|poke|p2|Basculegion, L50, M|
|poke|p2|Scovillain, L50, F|
|teampreview|4
|showteam|p1|Raichu||RaichuniteY|LightningRod|ZapCannon,FocusBlast,FakeOut,Protect|Modest||F|||50|]Vivillon-Ocean||FocusSash|CompoundEyes|Hurricane,Tailwind,SleepPowder,Protect|Timid||M|||50|]Primarina||Leftovers|LiquidVoice|HyperVoice,Moonblast,CalmMind,Protect|Modest||M|||50|]Farigiraf||SitrusBerry|ArmorTail|Psyshock,Roar,TrickRoom,HelpingHand|Relaxed||F|||50|]Lopunny||Lopunnite|Limber|CloseCombat,TripleAxel,FakeOut,Protect|Jolly||M|||50|]Meowscarada||LifeOrb|Overgrow|FlowerTrick,SuckerPunch,LowKick,Protect|Jolly||M|||50|
|showteam|p2|Kingambit||LifeOrb|Defiant|KowtowCleave,SuckerPunch,SwordsDance,Protect|Adamant||M|||50|]Sneasler||WhiteHerb|Unburden|FakeOut,CloseCombat,DireClaw,Protect|Adamant||F|||50|]Froslass||Froslassite|SnowCloak|Blizzard,ShadowBall,Thunderbolt,Protect|Timid||F|||50|]Lycanroc-Dusk||FocusSash|ToughClaws|CloseCombat,RockSlide,Accelerock,Protect|Adamant||F|||50|]Basculegion||MysticWater|Adaptability|LastRespects,AquaJet,WaveCrash,Protect|Adamant||M|||50|]Scovillain||Scovillainite|Moody|Overheat,GigaDrain,RagePowder,Protect|Bold||F|||50|
|inactive|Battle timer is ON: inactive players will automatically lose when time's up. (requested by elmono11)
|inactive|elmono11 has 60 seconds left.
|
|t:|1785950289
|teamsize|p1|4
|teamsize|p2|4
|start
|switch|p1a: Lopunny|Lopunny, L50, M|100/100
|switch|p1b: Maui|Vivillon-Ocean, L50, M, shiny|100/100
|switch|p2a: Scovillain|Scovillain, L50, F|100/100
|switch|p2b: Sneasler|Sneasler, L50, F|100/100
|turn|1
|
|t:|1785950299
|detailschange|p1a: Lopunny|Lopunny-Mega, L50, M
|-mega|p1a: Lopunny|Lopunny|Lopunnite
|move|p2b: Sneasler|Protect|p2b: Sneasler
|-singleturn|p2b: Sneasler|Protect
|move|p2a: Scovillain|Protect|p2a: Scovillain
|-singleturn|p2a: Scovillain|Protect
|move|p1a: Lopunny|Fake Out|p2b: Sneasler
|-activate|p2b: Sneasler|move: Protect
|move|p1b: Maui|Tailwind|p1b: Maui
|-sidestart|p1: Professor_J93|move: Tailwind
|
|-ability|p2a: Scovillain|Moody|boost
|-boost|p2a: Scovillain|def|2
|-unboost|p2a: Scovillain|atk|1
|upkeep
|turn|2
|
|t:|1785950311
|switch|p1a: Farigiraf|Farigiraf, L50, F, shiny|100/100
|detailschange|p2a: Scovillain|Scovillain-Mega, L50, F
|-mega|p2a: Scovillain|Scovillain|Scovillainite
|move|p2a: Scovillain|Rage Powder|p2a: Scovillain
|-singleturn|p2a: Scovillain|move: Rage Powder
|move|p1b: Maui|Hurricane|p2a: Scovillain
|-supereffective|p2a: Scovillain|1
|-damage|p2a: Scovillain|1/100
|-start|p2a: Scovillain|confusion
|-status|p1b: Maui|brn|[from] ability: Spicy Spray|[of] p2a: Scovillain
|move|p2b: Sneasler|Close Combat|p1b: Maui
|-resisted|p1b: Maui|2
|-damage|p1b: Maui|68/100 brn
|-unboost|p2b: Sneasler|def|1
|-unboost|p2b: Sneasler|spd|1
|-enditem|p2b: Sneasler|White Herb
|-clearnegativeboost|p2b: Sneasler|[silent]
|
|-damage|p1b: Maui|62/100 brn|[from] brn
|upkeep
|turn|3
|inactive|elmono11 has 30 seconds left.
|inactive|elmono11 has 20 seconds left.
|inactive|elmono11 has 15 seconds left.
|inactive|elmono11 has 10 seconds left.
|inactive|elmono11 has 5 seconds left.
|
|t:|1785950366
|move|p2b: Sneasler|Close Combat|p1a: Farigiraf
|-damage|p1a: Farigiraf|50/100g
|-unboost|p2b: Sneasler|def|1
|-unboost|p2b: Sneasler|spd|1
|move|p1b: Maui|Hurricane|p2a: Scovillain
|-supereffective|p2a: Scovillain|1
|-damage|p2a: Scovillain|0 fnt
|faint|p2a: Scovillain
|move|p1a: Farigiraf|Psyshock|p2b: Sneasler
|-supereffective|p2b: Sneasler|2
|-damage|p2b: Sneasler|0 fnt
|faint|p2b: Sneasler
|
|-damage|p1b: Maui|57/100 brn|[from] brn
|upkeep
|
|t:|1785950370
|switch|p2b: Basculegion|Basculegion, L50, M|100/100
|switch|p2a: Lycanroc|Lycanroc-Dusk, L50, F|100/100
|turn|4
|
|t:|1785950387
|move|p2a: Lycanroc|Protect|p2a: Lycanroc
|-singleturn|p2a: Lycanroc|Protect
|move|p1b: Maui|Sleep Powder|p2b: Basculegion
|-status|p2b: Basculegion|slp|[from] move: Sleep Powder
|move|p1a: Farigiraf|Psyshock|p2a: Lycanroc
|-activate|p2a: Lycanroc|move: Protect
|cant|p2b: Basculegion|slp
|
|-damage|p1b: Maui|51/100 brn|[from] brn
|-sideend|p1: Professor_J93|move: Tailwind
|upkeep
|turn|5
|
|t:|1785950395
|move|p2a: Lycanroc|Rock Slide|p1a: Farigiraf|[spread] p1a,p1b
|-supereffective|p1b: Maui|2
|-damage|p1a: Farigiraf|27/100
|-damage|p1b: Maui|0 fnt
|-enditem|p1a: Farigiraf|Sitrus Berry|[eat]
|-heal|p1a: Farigiraf|52/100|[from] item: Sitrus Berry
|faint|p1b: Maui
|cant|p2b: Basculegion|slp
|move|p1a: Farigiraf|Psyshock|p2a: Lycanroc
|-damage|p2a: Lycanroc|50/100g
|
|upkeep
|
|t:|1785950397
|switch|p1b: Meowscarada|Meowscarada, L50, M|100/100
|turn|6
|
|t:|1785950408
|move|p2a: Lycanroc|Protect|p2a: Lycanroc
|-singleturn|p2a: Lycanroc|Protect
|move|p1b: Meowscarada|Sucker Punch|p2b: Basculegion
|-supereffective|p2b: Basculegion|1
|-damage|p2b: Basculegion|20/100y slp
|-damage|p1b: Meowscarada|90/100|[from] item: Life Orb
|-curestatus|p2b: Basculegion|slp|[msg]
|move|p2b: Basculegion|Wave Crash|p1a: Farigiraf
|-damage|p1a: Farigiraf|0 fnt
|faint|p1a: Farigiraf
|-damage|p2b: Basculegion|1/100|[from] Recoil
|
|upkeep
|
|t:|1785950417
|switch|p1a: Lopunny|Lopunny-Mega, L50, M|100/100
|turn|7
|-message|elmono11 forfeited.
|
|win|Professor_J93
|raw|Professor_J93's rating: 1295 → 1326(+31 for winning)
|raw|elmono11's rating: 1377 → 1352(-25 for losing)
