|j|☆new mental
|j|☆redx50
|html|new mentalredx50    
|uhtml|bestof|Game 1 of a best-of-3
|t:|1783451628
|gametype|doubles
|player|p1|new mental|volkner|1221
|player|p2|redx50|red|1245
|gen|9
|tier|[Gen 9 Champions] VGC 2026 Reg M-B (Bo3)
|rated|
|rule|Species Clause: Limit one of each Pokémon
|rule|Item Clause: Limit 1 of each item
|clearpoke
|poke|p1|Aerodactyl, L50, F|
|poke|p1|Garchomp, L50, M|
|poke|p1|Kingambit, L50, M|
|poke|p1|Charizard, L50, F|
|poke|p1|Sylveon, L50, F|
|poke|p1|Farigiraf, L50, F|
|poke|p2|Farigiraf, L50, F|
|poke|p2|Hydreigon, L50, M|
|poke|p2|Arcanine-Hisui, L50, F|
|poke|p2|Tinkaton, L50, F, shiny|
|poke|p2|Greninja, L50, F|
|poke|p2|Raichu, L50, M|
|teampreview|4
|showteam|p1|Aerodactyl||Aerodactylite|Unnerve|IceFang,RockSlide,Tailwind,DualWingbeat|Jolly||F|||50|]Garchomp||LifeOrb|RoughSkin|DragonClaw,StompingTantrum,Earthquake,Protect|Jolly||M|||50|]Kingambit||FocusSash|Defiant|SuckerPunch,KowtowCleave,IronHead,LowKick|Adamant||M|||50|]Charizard||CharizarditeY|SolarPower|Protect,HeatWave,SolarBeam,WeatherBall|Timid||F|||50|]Sylveon||FairyFeather|Pixilate|Protect,HyperVoice,HyperBeam,QuickAttack|Modest||F|||50|]Farigiraf||SitrusBerry|ArmorTail|TrickRoom,Thunderbolt,Psychic,Roar|Bold||F|||50|
|showteam|p2|Farigiraf||ColburBerry|ArmorTail|HelpingHand,TrickRoom,TwinBeam,FoulPlay|Bold||F|||50|]Hydreigon||ChoiceScarf|Levitate|DracoMeteor,DarkPulse,Snarl,EarthPower|Modest||M|||50|]Arcanine-Hisui||LifeOrb|Intimidate|RockSlide,FlareBlitz,ExtremeSpeed,Protect|Adamant||F|||50|]Tinkaton||SitrusBerry|MoldBreaker|FakeOut,PlayRough,Feint,GigatonHammer|Adamant||F|||50|]Greninja||Greninjite|Protean|IcyWind,GrassKnot,LowKick,Protect|Timid||F|||50|]Raichu||RaichuniteY|LightningRod|ZapCannon,VoltSwitch,Protect,FocusBlast|Timid||M|||50|
|inactive|Battle timer is ON: inactive players will automatically lose when time's up. (requested by redx50)
|inactive|new mental has 60 seconds left.
|inactive|redx50 has 60 seconds left.
|
|t:|1783451684
|teamsize|p1|4
|teamsize|p2|4
|start
|switch|p1a: Garchomp|Garchomp, L50, M|100/100
|switch|p1b: Sylveon|Sylveon, L50, F|100/100
|switch|p2a: Bacon|Tinkaton, L50, F, shiny|100/100
|switch|p2b: Hydreigon|Hydreigon, L50, M|100/100
|-ability|p2a: Bacon|Mold Breaker
|turn|1
|
|t:|1783451706
|move|p1a: Garchomp|Protect|p1a: Garchomp
|-singleturn|p1a: Garchomp|Protect
|move|p2a: Bacon|Fake Out|p1b: Sylveon
|-damage|p1b: Sylveon|88/100
|cant|p1b: Sylveon|flinch
|move|p2b: Hydreigon|Draco Meteor|p1a: Garchomp
|-activate|p1a: Garchomp|move: Protect
|
|upkeep
|turn|2
|
|t:|1783451716
|switch|p1a: Kingambit|Kingambit, L50, M|100/100
|move|p1b: Sylveon|Quick Attack|p2b: Hydreigon
|-supereffective|p2b: Hydreigon|2
|-damage|p2b: Hydreigon|35/100
|move|p2b: Hydreigon|Draco Meteor|p1a: Kingambit
|-resisted|p1a: Kingambit|1
|-damage|p1a: Kingambit|57/100
|-unboost|p2b: Hydreigon|spa|2
|move|p2a: Bacon|Gigaton Hammer|p1b: Sylveon
|-supereffective|p1b: Sylveon|1
|-damage|p1b: Sylveon|0 fnt
|faint|p1b: Sylveon
|
|upkeep
|
|t:|1783451723
|switch|p1b: Charizard|Charizard, L50, F|100/100
|turn|3
|
|t:|1783451747
|switch|p2a: Greninja|Greninja, L50, F|100/100
|detailschange|p1b: Charizard|Charizard-Mega-Y, L50, F
|-mega|p1b: Charizard|Charizard|Charizardite Y
|-weather|SunnyDay|[from] ability: Drought|[of] p1b: Charizard
|move|p2b: Hydreigon|Draco Meteor|p1b: Charizard
|-damage|p1b: Charizard|66/100
|-unboost|p2b: Hydreigon|spa|2
|move|p1b: Charizard|Heat Wave|p2b: Hydreigon|[spread] p2a,p2b
|-resisted|p2a: Greninja|1
|-resisted|p2b: Hydreigon|1
|-damage|p2a: Greninja|60/100
|-damage|p2b: Hydreigon|2/100
|-status|p2a: Greninja|brn
|move|p1a: Kingambit|Kowtow Cleave|p2b: Hydreigon
|-resisted|p2b: Hydreigon|1
|-damage|p2b: Hydreigon|0 fnt
|faint|p2b: Hydreigon
|
|-weather|SunnyDay|[upkeep]
|-damage|p2a: Greninja|54/100 brn|[from] brn
|upkeep
|
|t:|1783451757
|switch|p2b: Bacon|Tinkaton, L50, F, shiny|100/100
|-ability|p2b: Bacon|Mold Breaker
|turn|4
|
|t:|1783451774
|move|p1b: Charizard|Protect|p1b: Charizard
|-singleturn|p1b: Charizard|Protect
|move|p2b: Bacon|Fake Out|p1b: Charizard
|-activate|p1b: Charizard|move: Protect
|move|p1a: Kingambit|Sucker Punch|p2a: Greninja
|-resisted|p2a: Greninja|1
|-damage|p2a: Greninja|19/100 brn
|move|p2a: Greninja|Low Kick|p1a: Kingambit
|-start|p2a: Greninja|typechange|Fighting|[from] ability: Protean
|-supereffective|p1a: Kingambit|2
|-damage|p1a: Kingambit|5/100
|
|-weather|SunnyDay|[upkeep]
|-damage|p2a: Greninja|13/100 brn|[from] brn
|upkeep
|turn|5
|
|t:|1783451792
|switch|p2a: Arcanine|Arcanine-Hisui, L50, F|100/100
|-ability|p2a: Arcanine|Intimidate|boost
|-unboost|p1a: Kingambit|atk|1
|-ability|p1a: Kingambit|Defiant|boost
|-boost|p1a: Kingambit|atk|2
|-unboost|p1b: Charizard|atk|1
|move|p2b: Bacon|Feint|p1a: Kingambit
|-resisted|p1a: Kingambit|1
|-damage|p1a: Kingambit|1/100
|move|p1a: Kingambit|Sucker Punch||[still]
|-fail|p1a: Kingambit
|move|p1b: Charizard|Weather Ball|p2b: Bacon
|-supereffective|p2b: Bacon|1
|-damage|p2b: Bacon|0 fnt
|faint|p2b: Bacon
|
|-weather|SunnyDay|[upkeep]
|upkeep
|
|t:|1783451794
|switch|p2b: Greninja|Greninja, L50, F|13/100 brn
|turn|6
|inactive|redx50 has 30 seconds left.
|inactive|redx50 has 20 seconds left.
|
|t:|1783451832
|move|p2b: Greninja|Protect|p2b: Greninja
|-start|p2b: Greninja|typechange|Normal|[from] ability: Protean
|-singleturn|p2b: Greninja|Protect
|move|p2a: Arcanine|Extreme Speed|p1a: Kingambit
|-resisted|p1a: Kingambit|1
|-damage|p1a: Kingambit|0 fnt
|faint|p1a: Kingambit
|-damage|p2a: Arcanine|90/100|[from] item: Life Orb
|move|p1b: Charizard|Heat Wave|p2a: Arcanine|[spread] p2a
|-activate|p2b: Greninja|move: Protect
|-resisted|p2a: Arcanine|2
|-damage|p2a: Arcanine|72/100
|
|-weather|SunnyDay|[upkeep]
|-damage|p2b: Greninja|7/100 brn|[from] brn
|upkeep
|
|t:|1783451843
|switch|p1a: Garchomp|Garchomp, L50, M|100/100
|turn|7
|inactive|new mental has 30 seconds left.
|
|t:|1783451871
|detailschange|p2b: Greninja|Greninja-Mega, L50, F
|-mega|p2b: Greninja|Greninja|Greninjite
|move|p1a: Garchomp|Protect|p1a: Garchomp
|-singleturn|p1a: Garchomp|Protect
|move|p1b: Charizard|Protect|p1b: Charizard
|-singleturn|p1b: Charizard|Protect
|move|p2b: Greninja|Icy Wind|p1b: Charizard|[spread] 
|-start|p2b: Greninja|typechange|Ice|[from] ability: Protean
|-activate|p1a: Garchomp|move: Protect
|-activate|p1b: Charizard|move: Protect
|move|p2a: Arcanine|Rock Slide|p1b: Charizard|[spread] 
|-activate|p1a: Garchomp|move: Protect
|-activate|p1b: Charizard|move: Protect
|
|-weather|none
|-damage|p2b: Greninja|1/100 brn|[from] brn
|upkeep
|turn|8
|inactive|new mental has 30 seconds left.
|
|t:|1783451900
|move|p2b: Greninja|Icy Wind|p1a: Garchomp|[spread] p1a,p1b
|-supereffective|p1a: Garchomp|2
|-damage|p1a: Garchomp|11/100
|-damage|p1b: Charizard|48/100
|-unboost|p1a: Garchomp|spe|1
|-unboost|p1b: Charizard|spe|1
|move|p2a: Arcanine|Flare Blitz|p1a: Garchomp
|-resisted|p1a: Garchomp|1
|-damage|p1a: Garchomp|0 fnt
|-damage|p2a: Arcanine|60/100|[from] ability: Rough Skin|[of] p1a: Garchomp
|faint|p1a: Garchomp
|-damage|p2a: Arcanine|55/100|[from] Recoil
|-damage|p2a: Arcanine|45/100|[from] item: Life Orb
|move|p1b: Charizard|Heat Wave|p2b: Greninja|[spread] p2a,p2b
|-resisted|p2a: Arcanine|2
|-supereffective|p2b: Greninja|1
|-damage|p2a: Arcanine|34/100
|-damage|p2b: Greninja|0 fnt
|faint|p2b: Greninja
|
|upkeep
|turn|9
|
|t:|1783451917
|move|p1b: Charizard|Protect|p1b: Charizard
|-singleturn|p1b: Charizard|Protect
|move|p2a: Arcanine|Rock Slide|p1b: Charizard
|-activate|p1b: Charizard|move: Protect
|
|upkeep
|turn|10
|
|t:|1783451921
|move|p2a: Arcanine|Rock Slide|p1b: Charizard
|-supereffective|p1b: Charizard|2
|-damage|p1b: Charizard|0 fnt
|faint|p1b: Charizard
|-damage|p2a: Arcanine|24/100|[from] item: Life Orb
|
|win|redx50
||new mental is ready for game 2.
||redx50 is ready for game 2.
|uhtml|next|Next: Game 2 of 3
|l|☆redx50
|player|p2|
