|j|☆Davirate
|j|☆sbhaga34
|html|Daviratesbhaga34    
|uhtml|bestof|Game 1 of a best-of-3
|t:|1756950502
|gametype|doubles
|player|p1|Davirate|steven-masters2|1253
|player|p2|sbhaga34|hugh|1268
|gen|9
|tier|[Gen 9] VGC 2025 Reg H (Bo3)
|rated|
|rule|Species Clause: Limit one of each Pokémon
|rule|Item Clause: Limit 1 of each item
|clearpoke
|poke|p1|Garchomp, L50, F|
|poke|p1|Gholdengo, L50|
|poke|p1|Tyranitar, L50, F|
|poke|p1|Talonflame, L50, M|
|poke|p1|Sinistcha, L50|
|poke|p1|Milotic, L50, M|
|poke|p2|Indeedee-F, L50, F|
|poke|p2|Talonflame, L50, M|
|poke|p2|Tyranitar, L50, F|
|poke|p2|Excadrill, L50, M|
|poke|p2|Gardevoir, L50, F|
|poke|p2|Annihilape, L50, M|
|teampreview|4
|showteam|p1|Garchomp||LifeOrb|RoughSkin|Earthquake,DragonClaw,StompingTantrum,Protect|||F|||50|,,,,,Fairy]Gholdengo||ChoiceSpecs|GoodasGold|MakeItRain,ShadowBall,Thunderbolt,PowerGem||||||50|,,,,,Steel]Tyranitar||AssaultVest|SandStream|RockSlide,KnockOff,TeraBlast,LowKick|||F|||50|,,,,,Flying]Talonflame||CovertCloak|GaleWings|BraveBird,WillOWisp,Tailwind,Taunt|||M|||50|,,,,,Grass]Sinistcha||SitrusBerry|Hospitality|MatchaGotcha,StrengthSap,RagePowder,TrickRoom||||||50|,,,,,Water]Milotic||SafetyGoggles|Competitive|Scald,IcyWind,Haze,Protect|||M|||50|,,,,,Dragon
|showteam|p2|Indeedee-F||SafetyGoggles|PsychicSurge|FollowMe,TrickRoom,HelpingHand,Psychic|||F|||50|,,,,,Water]Talonflame||CovertCloak|GaleWings|Tailwind,Taunt,BraveBird,Uturn|||M|||50|,,,,,Dark]Tyranitar||WeaknessPolicy|SandStream|RockSlide,KnockOff,LowKick,Protect|||F|||50|,,,,,Flying]Excadrill||FocusSash|SandRush|Earthquake,IronHead,SwordsDance,Protect|||M|||50|,,,,,Ground]Gardevoir||ChoiceScarf|Telepathy|ExpandingForce,DazzlingGleam,Moonblast,IcyWind|||F|||50|,,,,,Psychic]Annihilape||Leftovers|Defiant|FinalGambit,CloseCombat,RageFist,Uturn|||M|||50|,,,,,Stellar
|inactive|Battle timer is ON: inactive players will automatically lose when time's up. (requested by sbhaga34)
|inactive|Davirate has 60 seconds left.
|j| teamthief420
|
|t:|1756950621
|teamsize|p1|4
|teamsize|p2|4
|start
|switch|p1a: Garchomp|Garchomp, L50, F|100/100
|switch|p1b: Sinistcha|Sinistcha, L50|100/100
|switch|p2a: Talonflame|Talonflame, L50, M|100/100
|switch|p2b: Tyranitar|Tyranitar, L50, F|100/100
|-weather|Sandstorm|[from] ability: Sand Stream|[of] p2b: Tyranitar
|turn|1
|inactive|Davirate has 30 seconds left.
|inactive|sbhaga34 has 30 seconds left.
|inactive|Davirate has 20 seconds left.
|inactive|Davirate has 15 seconds left.
|
|t:|1756950663
|-terastallize|p1b: Sinistcha|Water
|move|p1a: Garchomp|Protect|p1a: Garchomp
|-singleturn|p1a: Garchomp|Protect
|move|p2a: Talonflame|U-turn|p1b: Sinistcha
|-damage|p1b: Sinistcha|88/100
|
|t:|1756950677
|switch|p2a: Excadrill|Excadrill, L50, M, shiny|100/100|[from] U-turn
|move|p2b: Tyranitar|Knock Off|p1b: Sinistcha
|-damage|p1b: Sinistcha|49/100
|-enditem|p1b: Sinistcha|Sitrus Berry|[from] move: Knock Off|[of] p2b: Tyranitar
|move|p1b: Sinistcha|Trick Room|p1b: Sinistcha
|-fieldstart|move: Trick Room|[of] p1b: Sinistcha
|
|-weather|Sandstorm|[upkeep]
|-damage|p1b: Sinistcha|43/100|[from] Sandstorm
|upkeep
|turn|2
|inactive|Davirate has 30 seconds left.
|
|t:|1756950708
|move|p2a: Excadrill|Protect|p2a: Excadrill
|-singleturn|p2a: Excadrill|Protect
|move|p1b: Sinistcha|Strength Sap|p2b: Tyranitar
|-unboost|p2b: Tyranitar|atk|1
|-heal|p1b: Sinistcha|100/100
|move|p2b: Tyranitar|Knock Off|p1a: Garchomp
|-damage|p1a: Garchomp|63/100
|-damage|p2b: Tyranitar|88/100|[from] ability: Rough Skin|[of] p1a: Garchomp
|-enditem|p1a: Garchomp|Life Orb|[from] move: Knock Off|[of] p2b: Tyranitar
|move|p1a: Garchomp|Stomping Tantrum|p2a: Excadrill
|-activate|p2a: Excadrill|move: Protect
|
|-weather|Sandstorm|[upkeep]
|-damage|p1b: Sinistcha|94/100|[from] Sandstorm
|upkeep
|turn|3
|inactive|Davirate has 30 seconds left.
|inactive|sbhaga34 has 30 seconds left.
|
|t:|1756950739
|switch|p2a: Talonflame|Talonflame, L50, M|100/100
|-terastallize|p2b: Tyranitar|Flying
|move|p1b: Sinistcha|Matcha Gotcha|p2a: Talonflame|[spread] p2b
|-miss|p1b: Sinistcha|p2a: Talonflame
|-resisted|p2b: Tyranitar
|-damage|p2b: Tyranitar|77/100
|-heal|p1b: Sinistcha|99/100|[from] drain|[of] p2b: Tyranitar
|move|p2b: Tyranitar|Rock Slide|p1b: Sinistcha|[spread] p1a,p1b
|-resisted|p1a: Garchomp
|-damage|p1a: Garchomp|53/100
|-damage|p1b: Sinistcha|85/100
|cant|p1a: Garchomp|flinch
|
|-weather|Sandstorm|[upkeep]
|-damage|p1b: Sinistcha|79/100|[from] Sandstorm
|-damage|p2b: Tyranitar|71/100|[from] Sandstorm
|-damage|p2a: Talonflame|94/100|[from] Sandstorm
|upkeep
|turn|4
|inactive|Davirate has 30 seconds left.
|inactive|sbhaga34 has 30 seconds left.
|
|t:|1756950767
|move|p1b: Sinistcha|Matcha Gotcha|p2b: Tyranitar|[spread] p2a,p2b
|-resisted|p2a: Talonflame
|-resisted|p2b: Tyranitar
|-damage|p2a: Talonflame|87/100
|-heal|p1b: Sinistcha|83/100|[from] drain|[of] p2a: Talonflame
|-damage|p2b: Tyranitar|58/100
|-heal|p1b: Sinistcha|89/100|[from] drain|[of] p2b: Tyranitar
|move|p2b: Tyranitar|Knock Off|p1b: Sinistcha
|-damage|p1b: Sinistcha|72/100
|move|p1a: Garchomp|Dragon Claw|p2a: Talonflame
|-damage|p2a: Talonflame|24/100
|move|p2a: Talonflame|Taunt|p1b: Sinistcha
|-start|p1b: Sinistcha|move: Taunt
|
|-weather|Sandstorm|[upkeep]
|-damage|p1b: Sinistcha|66/100|[from] Sandstorm
|-damage|p2b: Tyranitar|52/100|[from] Sandstorm
|-damage|p2a: Talonflame|18/100|[from] Sandstorm
|upkeep
|turn|5
|inactive|Davirate has 30 seconds left.
|inactive|sbhaga34 has 30 seconds left.
|
|t:|1756950801
|switch|p2b: Gardevoir|Gardevoir, L50, F, shiny|100/100
|move|p1b: Sinistcha|Matcha Gotcha|p2b: Gardevoir|[spread] p2a,p2b
|-resisted|p2a: Talonflame
|-damage|p2a: Talonflame|10/100
|-heal|p1b: Sinistcha|70/100|[from] drain|[of] p2a: Talonflame
|-damage|p2b: Gardevoir|79/100
|-heal|p1b: Sinistcha|79/100|[from] drain|[of] p2b: Gardevoir
|move|p1a: Garchomp|Dragon Claw|p2a: Talonflame
|-damage|p2a: Talonflame|0 fnt
|faint|p2a: Talonflame
|
|-weather|none
|-fieldend|move: Trick Room
|upkeep
|
|t:|1756950823
|switch|p2a: Excadrill|Excadrill, L50, M, shiny|100/100
|turn|6
|
|t:|1756950847
|move|p1a: Garchomp|Protect|p1a: Garchomp
|-singleturn|p1a: Garchomp|Protect
|move|p2b: Gardevoir|Icy Wind|p1b: Sinistcha|[spread] p1b
|-activate|p1a: Garchomp|move: Protect
|-resisted|p1b: Sinistcha
|-damage|p1b: Sinistcha|71/100
|-unboost|p1b: Sinistcha|spe|1
|move|p2a: Excadrill|Earthquake|p1b: Sinistcha|[spread] p1b
|-activate|p1a: Garchomp|move: Protect
|-activate|p2b: Gardevoir|ability: Telepathy
|-damage|p1b: Sinistcha|38/100
|move|p1b: Sinistcha|Matcha Gotcha|p2a: Excadrill|[spread] p2a,p2b
|-damage|p2a: Excadrill|68/100
|-heal|p1b: Sinistcha|56/100|[from] drain|[of] p2a: Excadrill
|-damage|p2b: Gardevoir|52/100
|-heal|p1b: Sinistcha|67/100|[from] drain|[of] p2b: Gardevoir
|
|upkeep
|turn|7
|inactive|Davirate has 30 seconds left.
|inactive|sbhaga34 has 30 seconds left.
|
|t:|1756950879
|switch|p1a: Talonflame|Talonflame, L50, M|100/100
|move|p2b: Gardevoir|Icy Wind|p1a: Talonflame|[spread] p1a,p1b
|-resisted|p1b: Sinistcha
|-damage|p1a: Talonflame|82/100
|-damage|p1b: Sinistcha|59/100
|-unboost|p1b: Sinistcha|spe|1
|move|p2a: Excadrill|Swords Dance|p2a: Excadrill
|-boost|p2a: Excadrill|atk|2
|move|p1b: Sinistcha|Matcha Gotcha|p2b: Gardevoir|[spread] p2a,p2b
|-damage|p2a: Excadrill|35/100
|-heal|p1b: Sinistcha|76/100|[from] drain|[of] p2a: Excadrill
|-damage|p2b: Gardevoir|30/100
|-heal|p1b: Sinistcha|85/100|[from] drain|[of] p2b: Gardevoir
|
|-end|p1b: Sinistcha|move: Taunt
|upkeep
|turn|8
|inactive|Davirate has 30 seconds left.
|inactive|sbhaga34 has 30 seconds left.
|
|t:|1756950914
|switch|p2b: Tyranitar|Tyranitar, L50, F, tera:Flying|52/100
|-weather|Sandstorm|[from] ability: Sand Stream|[of] p2b: Tyranitar
|move|p2a: Excadrill|Iron Head|p1a: Talonflame
|-resisted|p1a: Talonflame
|-damage|p1a: Talonflame|25/100
|move|p1a: Talonflame|Tailwind|p1a: Talonflame
|-sidestart|p1: Davirate|move: Tailwind
|move|p1b: Sinistcha|Matcha Gotcha|p2b: Tyranitar|[spread] p2a,p2b
|-resisted|p2b: Tyranitar
|-damage|p2a: Excadrill|3/100
|-heal|p1b: Sinistcha|100/100|[from] drain|[of] p2a: Excadrill
|-damage|p2b: Tyranitar|39/100
|
|-weather|Sandstorm|[upkeep]
|-damage|p1a: Talonflame|20/100|[from] Sandstorm
|-damage|p2b: Tyranitar|33/100|[from] Sandstorm
|-damage|p1b: Sinistcha|94/100|[from] Sandstorm
|upkeep
|turn|9
|
|t:|1756950937
|move|p2a: Excadrill|Protect|p2a: Excadrill
|-singleturn|p2a: Excadrill|Protect
|move|p1a: Talonflame|Will-O-Wisp|p2b: Tyranitar
|-status|p2b: Tyranitar|brn
|move|p2b: Tyranitar|Rock Slide|p1b: Sinistcha|[spread] p1a,p1b
|-supereffective|p1a: Talonflame
|-damage|p1a: Talonflame|0 fnt
|-damage|p1b: Sinistcha|83/100
|faint|p1a: Talonflame
|move|p1b: Sinistcha|Matcha Gotcha|p2b: Tyranitar|[spread] p2b
|-activate|p2a: Excadrill|move: Protect
|-resisted|p2b: Tyranitar
|-damage|p2b: Tyranitar|22/100 brn
|-heal|p1b: Sinistcha|88/100|[from] drain|[of] p2b: Tyranitar
|
|-weather|Sandstorm|[upkeep]
|-damage|p2b: Tyranitar|16/100 brn|[from] Sandstorm
|-damage|p1b: Sinistcha|82/100|[from] Sandstorm
|-damage|p2b: Tyranitar|10/100 brn|[from] brn
|upkeep
|-message|sbhaga34 forfeited.
|
|win|Davirate
|l|☆sbhaga34
|player|p2|
||sbhaga34 is ready for game 2.
|inactive|Davirate has 30 seconds to confirm battle start!
