|j|☆Bardo52
|j|☆latios66
|html|Bardo52latios66    
|uhtml|bestof|Game 2 of a best-of-3
|t:|1756678770
|gametype|doubles
|player|p1|Bardo52|266|1220
|player|p2|latios66|265|1102
|gen|9
|tier|[Gen 9] VGC 2025 Reg H (Bo3)
|rated|
|rule|Species Clause: Limit one of each Pokémon
|rule|Item Clause: Limit 1 of each item
|clearpoke
|poke|p1|Baxcalibur, L50, F|
|poke|p1|Sneasler, L50, M|
|poke|p1|Kingambit, L50, M|
|poke|p1|Gastrodon, L50, F|
|poke|p1|Volcarona, L50, F|
|poke|p1|Rillaboom, L50, F|
|poke|p2|Sneasler, L50, F|
|poke|p2|Indeedee, L50, M|
|poke|p2|Talonflame, L50, M|
|poke|p2|Gholdengo, L50|
|poke|p2|Tatsugiri, L50, M|
|poke|p2|Dondozo, L50, F|
|teampreview|4
|showteam|p1|Baxcalibur||LoadedDice|ThermalExchange|IceShard,IcicleSpear,ScaleShot,Protect|||F|||50|,,,,,Ghost]Sneasler||FocusSash|Unburden|DireClaw,CloseCombat,Coaching,FakeOut|||M|||50|,,,,,Ghost]Kingambit||AssaultVest|Defiant|KowtowCleave,SuckerPunch,IronHead,TeraBlast|||M|||50|,,,,,Flying]Gastrodon||SitrusBerry|StormDrain|EarthPower,ClearSmog,Yawn,Protect|||F|||50|,,,,,Fairy]Volcarona||Leftovers|FlameBody|HeatWave,TeraBlast,QuiverDance,Protect|||F|||50|,,,,,Fairy]Rillaboom||MiracleSeed|GrassySurge|FakeOut,GrassyGlide,WoodHammer,HighHorsepower|||F|||50|,,,,,Fire
|showteam|p2|Sneasler||PsychicSeed|Unburden|DireClaw,CloseCombat,ThroatChop,AcidSpray|||F|||50|,,,,,Dark]Indeedee||FocusSash|PsychicSurge|HelpingHand,Protect,ExpandingForce,TrickRoom|||M|||50|,,,,,Psychic]Talonflame||CovertCloak|GaleWings|FlareBlitz,Tailwind,DualWingbeat,Protect|||M|||50|,,,,,Stellar]Gholdengo||LifeOrb|GoodasGold|NastyPlot,Protect,MakeItRain,ShadowBall||||||50|,,,,,Steel]Tatsugiri||ChoiceScarf|Commander|DracoMeteor,MuddyWater,IcyWind,DragonPulse|||M|||50|,,,,,Ghost]Dondozo||Leftovers|Unaware|WaveCrash,OrderUp,Earthquake,Protect|||F|||50|,,,,,Steel
|
|t:|1756678784
|teamsize|p1|4
|teamsize|p2|4
|start
|switch|p1a: Baxcalibur|Baxcalibur, L50, F|100/100
|switch|p1b: Sneasler|Sneasler, L50, M|100/100
|switch|p2a: Indeedee|Indeedee, L50, M|100/100
|switch|p2b: Sneasler|Sneasler, L50, F|100/100
|-fieldstart|move: Psychic Terrain|[from] ability: Psychic Surge|[of] p2a: Indeedee
|-enditem|p2b: Sneasler|Psychic Seed
|-boost|p2b: Sneasler|spd|1|[from] item: Psychic Seed
|turn|1
|
|t:|1756678813
|-terastallize|p2b: Sneasler|Dark
|-terastallize|p1a: Baxcalibur|Ghost
|move|p2a: Indeedee|Helping Hand|p2b: Sneasler
|-singleturn|p2b: Sneasler|Helping Hand|[of] p2a: Indeedee
|move|p2b: Sneasler|Throat Chop|p1a: Baxcalibur
|-supereffective|p1a: Baxcalibur
|-damage|p1a: Baxcalibur|0 fnt
|faint|p1a: Baxcalibur
|move|p1b: Sneasler|Coaching|p1: Baxcalibur|[notarget]
|-fail|p1b: Sneasler
|
|upkeep
|
|t:|1756678827
|switch|p1a: Volcarona|Volcarona, L50, F|100/100
|turn|2
|
|t:|1756678841
|move|p1a: Volcarona|Protect|p1a: Volcarona
|-singleturn|p1a: Volcarona|Protect
|move|p2b: Sneasler|Acid Spray|p1b: Sneasler
|-resisted|p1b: Sneasler
|-damage|p1b: Sneasler|96/100
|-unboost|p1b: Sneasler|spd|2
|move|p1b: Sneasler|Close Combat|p2b: Sneasler
|-supereffective|p2b: Sneasler
|-damage|p2b: Sneasler|0 fnt
|-unboost|p1b: Sneasler|def|1
|-unboost|p1b: Sneasler|spd|1
|faint|p2b: Sneasler
|move|p2a: Indeedee|Expanding Force|p1a: Volcarona|[spread] p1b
|-activate|p1a: Volcarona|move: Protect
|-supereffective|p1b: Sneasler
|-damage|p1b: Sneasler|0 fnt
|faint|p1b: Sneasler
|
|upkeep
|
|t:|1756678859
|switch|p1b: Gastrodon|Gastrodon, L50, F|100/100
|switch|p2b: Dondozo|Dondozo, L50, F|100/100
|turn|3
|
|t:|1756678868
|move|p2b: Dondozo|Protect|p2b: Dondozo
|-singleturn|p2b: Dondozo|Protect
|move|p1a: Volcarona|Quiver Dance|p1a: Volcarona
|-boost|p1a: Volcarona|spa|1
|-boost|p1a: Volcarona|spd|1
|-boost|p1a: Volcarona|spe|1
|move|p2a: Indeedee|Expanding Force|p1b: Gastrodon|[spread] p1a,p1b
|-damage|p1a: Volcarona|68/100
|-damage|p1b: Gastrodon|55/100
|move|p1b: Gastrodon|Yawn|p2b: Dondozo
|-activate|p2b: Dondozo|move: Protect
|
|-heal|p1a: Volcarona|74/100|[from] item: Leftovers
|upkeep
|turn|4
|
|t:|1756678892
|switch|p2b: Tatsugiri|Tatsugiri, L50, M|100/100
|move|p1a: Volcarona|Protect|p1a: Volcarona
|-singleturn|p1a: Volcarona|Protect
|move|p2a: Indeedee|Expanding Force|p1a: Volcarona|[spread] p1b
|-activate|p1a: Volcarona|move: Protect
|-damage|p1b: Gastrodon|9/100
|-enditem|p1b: Gastrodon|Sitrus Berry|[eat]
|-heal|p1b: Gastrodon|34/100|[from] item: Sitrus Berry
|move|p1b: Gastrodon|Yawn|p2b: Tatsugiri
|-start|p2b: Tatsugiri|move: Yawn|[of] p1b: Gastrodon
|
|-heal|p1a: Volcarona|80/100|[from] item: Leftovers
|upkeep
|turn|5
|
|t:|1756678911
|switch|p2b: Dondozo|Dondozo, L50, F|100/100
|move|p1b: Gastrodon|Protect|p1b: Gastrodon
|-singleturn|p1b: Gastrodon|Protect
|move|p1a: Volcarona|Heat Wave|p2b: Dondozo|[spread] p2a,p2b
|-resisted|p2b: Dondozo
|-damage|p2a: Indeedee|26/100
|-damage|p2b: Dondozo|83/100
|move|p2a: Indeedee|Expanding Force|p1b: Gastrodon|[spread] p1a
|-activate|p1b: Gastrodon|move: Protect
|-damage|p1a: Volcarona|46/100
|
|-heal|p1a: Volcarona|52/100|[from] item: Leftovers
|-heal|p2b: Dondozo|89/100|[from] item: Leftovers
|-fieldend|move: Psychic Terrain
|upkeep
|turn|6
|
|t:|1756678930
|move|p1a: Volcarona|Protect|p1a: Volcarona
|-singleturn|p1a: Volcarona|Protect
|move|p2b: Dondozo|Protect|p2b: Dondozo
|-singleturn|p2b: Dondozo|Protect
|move|p2a: Indeedee|Expanding Force|p1b: Gastrodon
|-damage|p1b: Gastrodon|3/100
|move|p1b: Gastrodon|Yawn|p2b: Dondozo
|-activate|p2b: Dondozo|move: Protect
|
|-heal|p1a: Volcarona|58/100|[from] item: Leftovers
|-heal|p2b: Dondozo|95/100|[from] item: Leftovers
|upkeep
|turn|7
|
|t:|1756678945
|switch|p2a: Tatsugiri|Tatsugiri, L50, M|100/100
|-activate|p2a: Tatsugiri|ability: Commander|[of] p2b: Dondozo
|-boost|p2b: Dondozo|atk|2
|-boost|p2b: Dondozo|spa|2
|-boost|p2b: Dondozo|spe|2
|-boost|p2b: Dondozo|def|2
|-boost|p2b: Dondozo|spd|2
|move|p1b: Gastrodon|Protect|p1b: Gastrodon
|-singleturn|p1b: Gastrodon|Protect
|move|p1a: Volcarona|Heat Wave|p2a: Tatsugiri|[spread] p2b
|-miss|p1a: Volcarona|p2a: Tatsugiri
|-resisted|p2b: Dondozo
|-damage|p2b: Dondozo|87/100
|move|p2b: Dondozo|Earthquake|p1a: Volcarona|[spread] p1a
|-miss|p2b: Dondozo|p2a: Tatsugiri
|-activate|p1b: Gastrodon|move: Protect
|-damage|p1a: Volcarona|0 fnt
|faint|p1a: Volcarona
|
|-heal|p2b: Dondozo|93/100|[from] item: Leftovers
|upkeep
|turn|8
|
|t:|1756678967
|move|p2b: Dondozo|Order Up|p1b: Gastrodon
|-damage|p1b: Gastrodon|0 fnt
|faint|p1b: Gastrodon
|
|win|latios66
||Bardo52 is ready for game 3.
|inactive|latios66 has 30 seconds to confirm battle start!
