|j|☆capspungo
|j|☆HatsuneUrshifu
|html|capspungoHatsuneUrshifu    
|uhtml|bestof|Game 1 of a best-of-3
|t:|1757767725
|gametype|doubles
|player|p1|capspungo|1|1307
|player|p2|HatsuneUrshifu|miku-fairy|1169
|gen|9
|tier|[Gen 9] VGC 2025 Reg H (Bo3)
|rated|
|rule|Species Clause: Limit one of each Pokémon
|rule|Item Clause: Limit 1 of each item
|clearpoke
|poke|p1|Dragonite, L50, M|
|poke|p1|Ursaluna-Bloodmoon, L50, M|
|poke|p1|Volcarona, L50, M|
|poke|p1|Rillaboom, L50, M|
|poke|p1|Incineroar, L50, M|
|poke|p1|Sneasler, L50, M|
|poke|p2|Grimmsnarl, L50, M|
|poke|p2|Volcarona, L50, F|
|poke|p2|Annihilape, L50, M|
|poke|p2|Baxcalibur, L50, F|
|poke|p2|Rillaboom, L50, F|
|poke|p2|Electabuzz, L50, M|
|teampreview|4
|showteam|p1|Dragonite||LoadedDice|Multiscale|Protect,ScaleShot,Tailwind,Haze|||M|||50|,,,,,Steel]Ursaluna-Bloodmoon||FocusSash|MindsEye|Protect,BloodMoon,EarthPower,HyperVoice|||M|||50|,,,,,Normal]Volcarona||CovertCloak|FlameBody|Protect,QuiverDance,HeatWave,TeraBlast|||M|||50|,,,,,Fairy]Rillaboom||AssaultVest|GrassySurge|FakeOut,WoodHammer,GrassyGlide,HighHorsepower|||M|||50|,,,,,Fire]Incineroar||SafetyGoggles|Intimidate|FakeOut,PartingShot,FlareBlitz,KnockOff|||M|||50|,,,,,Ghost]Sneasler||GrassySeed|Unburden|CloseCombat,DireClaw,Taunt,FakeOut|||M|||50|,,,,,Stellar
|showteam|p2|Grimmsnarl||LightClay|Prankster|Reflect,LightScreen,SpiritBreak,ThunderWave|||M|||50|,,,,,Ghost]Volcarona||SafetyGoggles|FlameBody|QuiverDance,HeatWave,TeraBlast,Protect|||F|||50|,,,,,Ground]Annihilape||SitrusBerry|Defiant|DrainPunch,RageFist,BulkUp,Protect|||M|||50|,,,,,Water]Baxcalibur||LoadedDice|ThermalExchange|IceShard,IcicleSpear,ScaleShot,Protect|||F|||50|,,,,,Poison]Rillaboom||AssaultVest|GrassySurge|FakeOut,GrassyGlide,WoodHammer,HighHorsepower|||F|||50|,,,,,Grass]Electabuzz||Eviolite|VitalSpirit|FollowMe,Thunderbolt,Taunt,Protect|||M|||50|,,,,,Dragon
|
|t:|1757767771
|teamsize|p1|4
|teamsize|p2|4
|start
|switch|p1a: Incineroar|Incineroar, L50, M, shiny|100/100
|switch|p1b: Sneasler|Sneasler, L50, M|100/100
|switch|p2a: Volcarona|Volcarona, L50, F|100/100
|switch|p2b: Grimmsnarl|Grimmsnarl, L50, M, shiny|100/100
|-ability|p1a: Incineroar|Intimidate|boost
|-unboost|p2a: Volcarona|atk|1
|-unboost|p2b: Grimmsnarl|atk|1
|turn|1
|
|t:|1757767801
|switch|p2a: Electabuzz|Electabuzz, L50, M|100/100
|move|p1a: Incineroar|Fake Out|p2a: Electabuzz
|-damage|p2a: Electabuzz|91/100
|move|p2b: Grimmsnarl|Reflect|p2b: Grimmsnarl
|-sidestart|p2: HatsuneUrshifu|Reflect
|move|p1b: Sneasler|Dire Claw|p2b: Grimmsnarl
|-supereffective|p2b: Grimmsnarl
|-damage|p2b: Grimmsnarl|47/100
|
|upkeep
|turn|2
|
|t:|1757767832
|move|p2b: Grimmsnarl|Thunder Wave|p1b: Sneasler
|-status|p1b: Sneasler|par
|move|p2a: Electabuzz|Thunderbolt|p1a: Incineroar
|-damage|p1a: Incineroar|73/100
|move|p1a: Incineroar|Knock Off|p2a: Electabuzz
|-damage|p2a: Electabuzz|67/100
|-enditem|p2a: Electabuzz|Eviolite|[from] move: Knock Off|[of] p1a: Incineroar
|move|p1b: Sneasler|Taunt|p2a: Electabuzz
|-start|p2a: Electabuzz|move: Taunt
|
|upkeep
|turn|3
|
|t:|1757767862
|move|p2b: Grimmsnarl|Light Screen|p2b: Grimmsnarl
|-sidestart|p2: HatsuneUrshifu|move: Light Screen
|move|p2a: Electabuzz|Thunderbolt|p1b: Sneasler
|-damage|p1b: Sneasler|62/100 par
|move|p1a: Incineroar|Parting Shot|p2a: Electabuzz
|-unboost|p2a: Electabuzz|atk|1
|-unboost|p2a: Electabuzz|spa|1
|
|t:|1757767876
|switch|p1a: Volcarona|Volcarona, L50, M|100/100|[from] Parting Shot
|move|p1b: Sneasler|Dire Claw|p2b: Grimmsnarl
|-supereffective|p2b: Grimmsnarl
|-damage|p2b: Grimmsnarl|0 fnt
|faint|p2b: Grimmsnarl
|
|upkeep
|
|t:|1757767882
|switch|p2b: Volcarona|Volcarona, L50, F|100/100
|turn|4
|
|t:|1757767894
|move|p1a: Volcarona|Quiver Dance|p1a: Volcarona
|-boost|p1a: Volcarona|spa|1
|-boost|p1a: Volcarona|spd|1
|-boost|p1a: Volcarona|spe|1
|move|p2a: Electabuzz|Thunderbolt|p1a: Volcarona
|-damage|p1a: Volcarona|89/100
|move|p2b: Volcarona|Quiver Dance|p2b: Volcarona
|-boost|p2b: Volcarona|spa|1
|-boost|p2b: Volcarona|spd|1
|-boost|p2b: Volcarona|spe|1
|move|p1b: Sneasler|Taunt|p2b: Volcarona
|-start|p2b: Volcarona|move: Taunt
|
|upkeep
|turn|5
|
|t:|1757767916
|switch|p2a: Baxcalibur|Baxcalibur, L50, F|100/100
|move|p1a: Volcarona|Quiver Dance|p1a: Volcarona
|-boost|p1a: Volcarona|spa|1
|-boost|p1a: Volcarona|spd|1
|-boost|p1a: Volcarona|spe|1
|move|p2b: Volcarona|Heat Wave|p1a: Volcarona|[spread] p1a,p1b
|-damage|p1a: Volcarona|61/100
|-damage|p1b: Sneasler|0 fnt
|faint|p1b: Sneasler
|
|upkeep
|
|t:|1757767925
|switch|p1b: Incineroar|Incineroar, L50, M, shiny|73/100
|-ability|p1b: Incineroar|Intimidate|boost
|-unboost|p2a: Baxcalibur|atk|1
|-unboost|p2b: Volcarona|atk|1
|turn|6
|
|t:|1757767934
|switch|p2a: Electabuzz|Electabuzz, L50, M|67/100
|-terastallize|p2b: Volcarona|Ground
|move|p1b: Incineroar|Fake Out|p2a: Electabuzz
|-damage|p2a: Electabuzz|57/100
|move|p1a: Volcarona|Quiver Dance|p1a: Volcarona
|-boost|p1a: Volcarona|spa|1
|-boost|p1a: Volcarona|spd|1
|-boost|p1a: Volcarona|spe|1
|move|p2b: Volcarona|Tera Blast|p1b: Incineroar|[anim] Tera Blast Ground
|-supereffective|p1b: Incineroar
|-damage|p1b: Incineroar|0 fnt
|faint|p1b: Incineroar
|
|upkeep
|
|t:|1757767946
|switch|p1b: Dragonite|Dragonite, L50, M|100/100
|turn|7
|
|t:|1757767986
|-terastallize|p1a: Volcarona|Fairy
|move|p2a: Electabuzz|Follow Me|p2a: Electabuzz
|-singleturn|p2a: Electabuzz|move: Follow Me
|move|p1a: Volcarona|Heat Wave|p2b: Volcarona|[spread] p2a
|-miss|p1a: Volcarona|p2b: Volcarona
|-damage|p2a: Electabuzz|0 fnt
|faint|p2a: Electabuzz
|move|p2b: Volcarona|Heat Wave|p1a: Volcarona|[spread] p1a,p1b
|-resisted|p1b: Dragonite
|-damage|p1a: Volcarona|40/100
|-damage|p1b: Dragonite|86/100
|move|p1b: Dragonite|Scale Shot|p2b: Volcarona
|-damage|p2b: Volcarona|89/100
|-damage|p2b: Volcarona|78/100
|-crit|p2b: Volcarona
|-damage|p2b: Volcarona|52/100
|-damage|p2b: Volcarona|39/100
|-hitcount|p2b: Volcarona|4
|-unboost|p1b: Dragonite|def|1
|-boost|p1b: Dragonite|spe|1
|
|-end|p2b: Volcarona|move: Taunt
|upkeep
|
|t:|1757767992
|switch|p2a: Baxcalibur|Baxcalibur, L50, F|100/100
|turn|8
|
|t:|1757768021
|move|p2b: Volcarona|Protect|p2b: Volcarona
|-singleturn|p2b: Volcarona|Protect
|move|p2a: Baxcalibur|Protect|p2a: Baxcalibur
|-singleturn|p2a: Baxcalibur|Protect
|move|p1a: Volcarona|Heat Wave|p2b: Volcarona|[spread] 
|-activate|p2a: Baxcalibur|move: Protect
|-activate|p2b: Volcarona|move: Protect
|move|p1b: Dragonite|Scale Shot|p2b: Volcarona
|-activate|p2b: Volcarona|move: Protect
|
|-sideend|p2: HatsuneUrshifu|Reflect
|upkeep
|turn|9
|
|t:|1757768061
|move|p2a: Baxcalibur|Ice Shard|p1b: Dragonite
|-supereffective|p1b: Dragonite
|-damage|p1b: Dragonite|0 fnt
|faint|p1b: Dragonite
|move|p1a: Volcarona|Tera Blast|p2b: Volcarona|[anim] Tera Blast Fairy
|-damage|p2b: Volcarona|2/100
|move|p2b: Volcarona|Heat Wave|p1a: Volcarona
|-damage|p1a: Volcarona|11/100
|
|upkeep
|turn|10
|
|t:|1757768071
|move|p1a: Volcarona|Protect|p1a: Volcarona
|-singleturn|p1a: Volcarona|Protect
|move|p2a: Baxcalibur|Ice Shard|p1a: Volcarona
|-activate|p1a: Volcarona|move: Protect
|move|p2b: Volcarona|Heat Wave|p1a: Volcarona
|-activate|p1a: Volcarona|move: Protect
|
|-sideend|p2: HatsuneUrshifu|move: Light Screen
|upkeep
|turn|11
|
|t:|1757768087
|move|p2a: Baxcalibur|Ice Shard|p1a: Volcarona
|-damage|p1a: Volcarona|0 fnt
|faint|p1a: Volcarona
|
|win|HatsuneUrshifu
||HatsuneUrshifu is ready for game 2.
|inactive|capspungo has 30 seconds to confirm battle start!
||capspungo is ready for game 2.
|uhtml|next|Next: Game 2 of 3
