|j|☆Gen4lover2
|j|☆cubeandcroc
|html|Gen4lover2cubeandcroc    
|uhtml|bestof|Game 3 of a best-of-3
|t:|1785932778
|gametype|doubles
|player|p1|Gen4lover2|wallace|1341
|player|p2|cubeandcroc|170|1286
|gen|9
|tier|[Gen 9 Champions] VGC 2026 Reg M-B (Bo3)
|rated|
|rule|Species Clause: Limit one of each Pokémon
|rule|Item Clause: Limit 1 of each item
|clearpoke
|poke|p1|Tyranitar, L50, M|
|poke|p1|Excadrill, L50, F|
|poke|p1|Staraptor, L50, F|
|poke|p1|Milotic, L50, F, shiny|
|poke|p1|Gholdengo, L50|
|poke|p1|Sinistcha-Masterpiece, L50|
|poke|p2|Pelipper, L50, M|
|poke|p2|Archaludon, L50, F|
|poke|p2|Swampert, L50, F|
|poke|p2|Sneasler, L50, M|
|poke|p2|Gholdengo, L50|
|poke|p2|Sableye, L50, M|
|teampreview|4
|showteam|p1|Tyranitar||Tyranitarite|SandStream|RockSlide,KnockOff,LowKick,Protect|Adamant||M|||50|]Excadrill||FocusSash|SandRush|HighHorsepower,IronHead,RockSlide,Protect|Adamant||F|||50|]Staraptor||Staraptite|Intimidate|BraveBird,CloseCombat,Tailwind,Protect|Jolly||F|||50|]Milotic||SitrusBerry|Competitive|Scald,IceBeam,Recover,Protect|Modest||F|||50|]Gholdengo||LifeOrb|GoodasGold|MakeItRain,ShadowBall,NastyPlot,Protect|Modest|||||50|]Sinistcha-Masterpiece||ColburBerry|Hospitality|MatchaGotcha,RagePowder,TrickRoom,Protect|Relaxed|||||50|
|showteam|p2|Pelipper||SitrusBerry|Drizzle|WeatherBall,Hurricane,Tailwind,WideGuard|Modest||M|||50|]Archaludon||Leftovers|Stamina|DragonPulse,AuraSphere,ElectroShot,Protect|Modest||F|||50|]Swampert||Swampertite|Torrent|WaveCrash,Earthquake,IcePunch,Protect|Adamant||F|||50|]Sneasler||WhiteHerb|Unburden|FakeOut,CloseCombat,PoisonJab,RainDance|Jolly||M|||50|]Gholdengo||LifeOrb|GoodasGold|MakeItRain,ShadowBall,NastyPlot,Protect|Timid|||||50|]Sableye||FocusSash|Prankster|FakeOut,Feint,RainDance,Encore|Modest||M|||50|
|inactive|Battle timer is ON: inactive players will automatically lose when time's up. (requested by Gen4lover2)
|inactive|cubeandcroc has 60 seconds left.
|
|t:|1785932837
|teamsize|p1|4
|teamsize|p2|4
|start
|switch|p1a: Gholdengo|Gholdengo, L50|100/100
|switch|p1b: Staraptor|Staraptor, L50, F|100/100
|switch|p2a: Sableye|Sableye, L50, M|100/100
|switch|p2b: Archaludon|Archaludon, L50, F|100/100
|-ability|p1b: Staraptor|Intimidate|boost
|-unboost|p2a: Sableye|atk|1
|-unboost|p2b: Archaludon|atk|1
|turn|1
|
|t:|1785932857
|detailschange|p1b: Staraptor|Staraptor-Mega, L50, F
|-mega|p1b: Staraptor|Staraptor|Staraptite
|move|p2a: Sableye|Rain Dance|p2a: Sableye
|-weather|RainDance
|move|p1b: Staraptor|Close Combat|p2b: Archaludon
|-supereffective|p2b: Archaludon|1
|-damage|p2b: Archaludon|9/100
|-boost|p1b: Staraptor|def|1
|-boost|p1b: Staraptor|spd|1
|-ability|p2b: Archaludon|Stamina|boost
|-boost|p2b: Archaludon|def|1
|move|p1a: Gholdengo|Shadow Ball|p2b: Archaludon
|-damage|p2b: Archaludon|0 fnt
|faint|p2b: Archaludon
|-damage|p1a: Gholdengo|90/100|[from] item: Life Orb
|
|-weather|RainDance|[upkeep]
|upkeep
|
|t:|1785932868
|switch|p2b: Swampert|Swampert, L50, F|100/100
|turn|2
|inactive|Gen4lover2 has 30 seconds left.
|inactive|Gen4lover2 has 20 seconds left.
|
|t:|1785932905
|switch|p1a: Tyranitar|Tyranitar, L50, M|100/100
|-weather|Sandstorm|[from] ability: Sand Stream|[of] p1a: Tyranitar
|switch|p2a: Sneasler|Sneasler, L50, M|100/100
|detailschange|p2b: Swampert|Swampert-Mega, L50, F
|-mega|p2b: Swampert|Swampert|Swampertite
|move|p1b: Staraptor|Close Combat|p2b: Swampert
|-damage|p2b: Swampert|52/100
|-boost|p1b: Staraptor|def|1
|-boost|p1b: Staraptor|spd|1
|move|p2b: Swampert|Wave Crash|p1b: Staraptor
|-damage|p1b: Staraptor|66/100
|-damage|p2b: Swampert|41/100|[from] Recoil
|
|-weather|Sandstorm|[upkeep]
|-damage|p2a: Sneasler|94/100|[from] Sandstorm
|-damage|p1b: Staraptor|60/100|[from] Sandstorm
|upkeep
|turn|3
|
|t:|1785932929
|move|p1b: Staraptor|Protect|p1b: Staraptor
|-singleturn|p1b: Staraptor|Protect
|move|p1a: Tyranitar|Protect|p1a: Tyranitar
|-singleturn|p1a: Tyranitar|Protect
|move|p2a: Sneasler|Rain Dance|p2a: Sneasler
|-weather|RainDance
|move|p2b: Swampert|Wave Crash|p1b: Staraptor
|-activate|p1b: Staraptor|move: Protect
|
|-weather|RainDance|[upkeep]
|upkeep
|turn|4
|inactive|Gen4lover2 has 30 seconds left.
|
|t:|1785932954
|switch|p1a: Sinistcha|Sinistcha-Masterpiece, L50|100/100
|-heal|p1b: Staraptor|85/100|[from] ability: Hospitality|[of] p1a: Sinistcha
|move|p2b: Swampert|Wave Crash|p1b: Staraptor
|-damage|p1b: Staraptor|32/100
|-damage|p2b: Swampert|25/100|[from] Recoil
|move|p2a: Sneasler|Rain Dance||[still]
|-fail|p2a: Sneasler
|move|p1b: Staraptor|Brave Bird|p2a: Sneasler
|-supereffective|p2a: Sneasler|1
|-damage|p2a: Sneasler|0 fnt
|faint|p2a: Sneasler
|-damage|p1b: Staraptor|6/100|[from] Recoil
|
|-weather|RainDance|[upkeep]
|upkeep
|
|t:|1785932961
|switch|p2a: Sableye|Sableye, L50, M|100/100
|turn|5
|-message|cubeandcroc forfeited.
|raw|Gen4lover2's rating: 1341 → 1358(+17 for winning)
|raw|cubeandcroc's rating: 1286 → 1265(-21 for losing)
|
|win|Gen4lover2
|l|☆cubeandcroc
|player|p2|
