|j|☆Gamerboys7532
|j|☆SHyperdestroyerVGC
|html|Gamerboys7532SHyperdestroyerVGC    
|uhtml|bestof|Game 2 of a best-of-3
|t:|1785053318
|gametype|doubles
|player|p1|Gamerboys7532|170|1064
|player|p2|SHyperdestroyerVGC|lady|1156
|gen|9
|tier|[Gen 9 Champions] VGC 2026 Reg M-B (Bo3)
|rated|
|rule|Species Clause: Limit one of each Pokémon
|rule|Item Clause: Limit 1 of each item
|clearpoke
|poke|p1|Vivillon-Icy Snow, L50, M|
|poke|p1|Greninja, L50, F|
|poke|p1|Talonflame, L50, F|
|poke|p1|Vanilluxe, L50, M|
|poke|p1|Raichu, L50, M|
|poke|p1|Charizard, L50, M|
|poke|p2|Froslass, L50, F|
|poke|p2|Kingambit, L50, M|
|poke|p2|Sneasler, L50, M|
|poke|p2|Talonflame, L50, M|
|poke|p2|Garchomp, L50, M|
|poke|p2|Sinistcha, L50|
|teampreview|4
|showteam|p1|Vivillon-Icy Snow||FocusSash|CompoundEyes|SleepPowder,Hurricane,Whirlwind,RagePowder|Timid||M|||50|]Greninja||LifeOrb|Protean|Extrasensory,UpperHand,LowKick,NightSlash|Jolly||F|||50|]Talonflame||SharpBeak|GaleWings|QuickGuard,DualWingbeat,Tailwind,FlareBlitz|Jolly||F|||50|]Vanilluxe||ChoiceScarf|SnowWarning|Blizzard,IcyWind,FreezeDry,WeatherBall|Timid||M|||50|]Raichu||RaichuniteY|LightningRod|FocusBlast,ZapCannon,Protect,GrassKnot|Timid||M|||50|]Charizard||CharizarditeX|SolarPower|FlareBlitz,DragonClaw,RockSlide,Protect|Jolly||M|||50|
|showteam|p2|Froslass||Froslassite|SnowCloak|Blizzard,AuroraVeil,ShadowBall,Protect|Timid||F|||50|]Kingambit||BlackGlasses|Defiant|KowtowCleave,SuckerPunch,LowKick,Protect|Adamant||M|||50|]Sneasler||WhiteHerb|Unburden|FakeOut,CloseCombat,DireClaw,Protect|Adamant||M|||50|]Talonflame||FocusSash|GaleWings|DualWingbeat,FlareBlitz,Tailwind,Protect|Jolly||M|||50|]Garchomp||LifeOrb|RoughSkin|DragonClaw,Earthquake,RockSlide,Protect|Jolly||M|||50|]Sinistcha||CobaBerry|Hospitality|MatchaGotcha,TrickRoom,RagePowder,Protect|Calm|||||50|
|
|t:|1785053403
|teamsize|p1|4
|teamsize|p2|4
|start
|switch|p1a: Charizard|Charizard, L50, M|100/100
|switch|p1b: Vanilluxe|Vanilluxe, L50, M|100/100
|switch|p2a: Talonflame|Talonflame, L50, M|100/100
|switch|p2b: Garchomp|Garchomp, L50, M|100/100
|-weather|Snowscape|[from] ability: Snow Warning|[of] p1b: Vanilluxe
|turn|1
|
|t:|1785053438
|switch|p1b: Talonflame|Talonflame, L50, F|100/100
|detailschange|p1a: Charizard|Charizard-Mega-X, L50, M
|-mega|p1a: Charizard|Charizard|Charizardite X
|move|p2b: Garchomp|Protect|p2b: Garchomp
|-singleturn|p2b: Garchomp|Protect
|move|p2a: Talonflame|Tailwind|p2a: Talonflame
|-sidestart|p2: SHyperdestroyerVGC|move: Tailwind
|move|p1a: Charizard|Rock Slide|p2b: Garchomp|[spread] p2a
|-activate|p2b: Garchomp|move: Protect
|-supereffective|p2a: Talonflame|2
|-enditem|p2a: Talonflame|Focus Sash
|-damage|p2a: Talonflame|1/100
|
|-weather|Snowscape|[upkeep]
|upkeep
|turn|2
|
|t:|1785053460
|move|p1a: Charizard|Protect|p1a: Charizard
|-singleturn|p1a: Charizard|Protect
|move|p1b: Talonflame|Tailwind|p1b: Talonflame
|-sidestart|p1: Gamerboys7532|move: Tailwind
|move|p2a: Talonflame|Dual Wingbeat|p1b: Talonflame
|-damage|p1b: Talonflame|76/100
|-damage|p1b: Talonflame|53/100
|-hitcount|p1b: Talonflame|2
|move|p2b: Garchomp|Earthquake|p1b: Talonflame|[spread] 
|-activate|p1a: Charizard|move: Protect
|-immune|p2a: Talonflame
|-immune|p1b: Talonflame
|
|-weather|Snowscape|[upkeep]
|upkeep
|turn|3
|
|t:|1785053475
|switch|p1a: Vivillon|Vivillon-Icy Snow, L50, M|100/100
|move|p2b: Garchomp|Protect|p2b: Garchomp
|-singleturn|p2b: Garchomp|Protect
|move|p1b: Talonflame|Dual Wingbeat|p2a: Talonflame|[miss]
|-miss|p1b: Talonflame|p2a: Talonflame
|move|p2a: Talonflame|Dual Wingbeat|p1b: Talonflame
|-damage|p1b: Talonflame|33/100
|-damage|p1b: Talonflame|10/100
|-hitcount|p1b: Talonflame|2
|
|-weather|Snowscape|[upkeep]
|upkeep
|turn|4
|
|t:|1785053497
|move|p1b: Talonflame|Flare Blitz|p2a: Talonflame
|-resisted|p2a: Talonflame|1
|-damage|p2a: Talonflame|0 fnt
|faint|p2a: Talonflame
|-damage|p1b: Talonflame|9/100|[from] Recoil
|move|p2b: Garchomp|Rock Slide|p1a: Vivillon|[spread] p1a,p1b
|-supereffective|p1a: Vivillon|2
|-supereffective|p1b: Talonflame|2
|-enditem|p1a: Vivillon|Focus Sash
|-damage|p1a: Vivillon|1/100
|-damage|p1b: Talonflame|0 fnt
|faint|p1b: Talonflame
|-damage|p2b: Garchomp|90/100|[from] item: Life Orb
|move|p1a: Vivillon|Sleep Powder|p2b: Garchomp|[miss]
|-miss|p1a: Vivillon|p2b: Garchomp
|
|-weather|Snowscape|[upkeep]
|-sideend|p2: SHyperdestroyerVGC|move: Tailwind
|upkeep
|
|t:|1785053517
|switch|p1b: Charizard|Charizard-Mega-X, L50, M|100/100
|switch|p2a: Sneasler|Sneasler, L50, M|100/100
|turn|5
|
|t:|1785053531
|move|p1b: Charizard|Protect|p1b: Charizard
|-singleturn|p1b: Charizard|Protect
|move|p2a: Sneasler|Protect|p2a: Sneasler
|-singleturn|p2a: Sneasler|Protect
|move|p2b: Garchomp|Protect|p2b: Garchomp
|-singleturn|p2b: Garchomp|Protect
|move|p1a: Vivillon|Sleep Powder|p2a: Sneasler
|-activate|p2a: Sneasler|move: Protect
|
|-weather|none
|-sideend|p1: Gamerboys7532|move: Tailwind
|upkeep
|turn|6
|
|t:|1785053558
|switch|p1b: Vanilluxe|Vanilluxe, L50, M|100/100
|-weather|Snowscape|[from] ability: Snow Warning|[of] p1b: Vanilluxe
|move|p2a: Sneasler|Close Combat|p1b: Vanilluxe
|-supereffective|p1b: Vanilluxe|1
|-damage|p1b: Vanilluxe|0 fnt
|-unboost|p2a: Sneasler|def|1
|-unboost|p2a: Sneasler|spd|1
|faint|p1b: Vanilluxe
|-enditem|p2a: Sneasler|White Herb
|-clearnegativeboost|p2a: Sneasler|[silent]
|move|p2b: Garchomp|Dragon Claw|p1a: Vivillon
|-damage|p1a: Vivillon|0 fnt
|faint|p1a: Vivillon
|-damage|p2b: Garchomp|80/100|[from] item: Life Orb
|
|-weather|Snowscape|[upkeep]
|upkeep
|
|t:|1785053561
|switch|p1b: Charizard|Charizard-Mega-X, L50, M|100/100
|turn|7
|-message|Gamerboys7532 forfeited.
|raw|Gamerboys7532's rating: 1064 → 1049(-15 for losing)
|raw|SHyperdestroyerVGC's rating: 1156 → 1175(+19 for winning)
|
|win|SHyperdestroyerVGC
|l|☆Gamerboys7532
|player|p1|
