|j|☆Notaplaceofhonor
|j|☆rdxcrrnz
|html|Notaplaceofhonorrdxcrrnz    
|uhtml|bestof|Game 1 of a best-of-3
|t:|1756872738
|gametype|doubles
|player|p1|Notaplaceofhonor|juan-gen3|1167
|player|p2|rdxcrrnz|bugcatcher-gen4dp|1140
|gen|9
|tier|[Gen 9] VGC 2025 Reg H (Bo3)
|rated|
|rule|Species Clause: Limit one of each Pokémon
|rule|Item Clause: Limit 1 of each item
|clearpoke
|poke|p1|Ursaluna, L50, F|
|poke|p1|Incineroar, L50, M|
|poke|p1|Archaludon, L50, M|
|poke|p1|Pelipper, L50, M|
|poke|p1|Basculegion, L50, M|
|poke|p1|Sinistcha, L50|
|poke|p2|Weezing, L50, M|
|poke|p2|Annihilape, L50, M|
|poke|p2|Incineroar, L50, M|
|poke|p2|Maushold-Four, L50|
|poke|p2|Archaludon, L50, F|
|poke|p2|Pelipper, L50, F|
|teampreview|4
|showteam|p1|Ursaluna||FlameOrb|Guts|Protect,Facade,Earthquake,HeadlongRush|||F|||50|,,,,,Ghost]Incineroar||SafetyGoggles|Intimidate|Taunt,FakeOut,KnockOff,PartingShot|||M|||50|,,,,,Ghost]Archaludon||AssaultVest|Stamina|ElectroShot,Snarl,DracoMeteor,BodyPress|||M|||50|,,,,,Grass]Pelipper||FocusSash|Drizzle|Hurricane,WeatherBall,Tailwind,Protect|||M|||50|,,,,,Ghost]Basculegion||ChoiceScarf|Adaptability|WaveCrash,LastRespects,FlipTurn,IcyWind|||M|||50|,,,,,Water]Sinistcha||SitrusBerry|Hospitality|MatchaGotcha,LifeDew,RagePowder,TrickRoom||||||50|,,,,,Water
|showteam|p2|Weezing||SitrusBerry|NeutralizingGas|ClearSmog,WillOWisp,Taunt,Protect|||M|||50|,,,,,Ghost]Annihilape||Leftovers|Defiant|DrainPunch,RageFist,BulkUp,Protect|||M|||50|,,,,,Fire]Incineroar||AbilityShield|Intimidate|FakeOut,KnockOff,Snarl,PartingShot|||M|||50|,,,,,Flying]Maushold-Four||WideLens|Technician|FollowMe,PopulationBomb,BeatUp,Protect||||||50|,,,,,Ghost]Archaludon||AssaultVest|Stamina|ElectroShot,FlashCannon,BodyPress,DragonPulse|||F|||50|,,,,,Grass]Pelipper||FocusSash|Drizzle|Hurricane,WeatherBall,Tailwind,Protect|||F|||50|,,,,,Stellar
|l|☆rdxcrrnz
|player|p2|
|j|☆rdxcrrnz
|player|p2|rdxcrrnz|bugcatcher-gen4dp|
|
|t:|1756872806
|teamsize|p1|4
|teamsize|p2|4
|start
|switch|p1a: Incineroar|Incineroar, L50, M|100/100
|switch|p1b: Sinistcha|Sinistcha, L50|100/100
|switch|p2a: Incineroar|Incineroar, L50, M|100/100
|switch|p2b: Pelipper|Pelipper, L50, F|100/100
|-weather|RainDance|[from] ability: Drizzle|[of] p2b: Pelipper
|-ability|p2a: Incineroar|Intimidate|boost
|-unboost|p1a: Incineroar|atk|1
|-unboost|p1b: Sinistcha|atk|1
|-ability|p1a: Incineroar|Intimidate|boost
|-unboost|p2a: Incineroar|atk|1
|-unboost|p2b: Pelipper|atk|1
|turn|1
|
|t:|1756872833
|move|p2a: Incineroar|Fake Out|p1a: Incineroar
|-damage|p1a: Incineroar|95/100
|move|p2b: Pelipper|Hurricane|p1b: Sinistcha
|-supereffective|p1b: Sinistcha
|-damage|p1b: Sinistcha|26/100
|-start|p1b: Sinistcha|confusion
|-enditem|p1b: Sinistcha|Sitrus Berry|[eat]
|-heal|p1b: Sinistcha|51/100|[from] item: Sitrus Berry
|cant|p1a: Incineroar|flinch
|-activate|p1b: Sinistcha|confusion
|-damage|p1b: Sinistcha|48/100|[from] confusion
|
|-weather|RainDance|[upkeep]
|upkeep
|turn|2
|
|t:|1756872851
|move|p2b: Pelipper|Weather Ball|p1a: Incineroar
|-supereffective|p1a: Incineroar
|-damage|p1a: Incineroar|0 fnt
|faint|p1a: Incineroar
|move|p2a: Incineroar|Knock Off|p1b: Sinistcha
|-supereffective|p1b: Sinistcha
|-damage|p1b: Sinistcha|16/100
|-end|p1b: Sinistcha|confusion
|move|p1b: Sinistcha|Trick Room|p1b: Sinistcha
|-fieldstart|move: Trick Room|[of] p1b: Sinistcha
|
|-weather|RainDance|[upkeep]
|upkeep
|
|t:|1756872858
|switch|p1a: Ursaluna|Ursaluna, L50, F|100/100
|turn|3
|
|t:|1756872893
|switch|p2b: Weezing|Weezing, L50, M, shiny|100/100
|-ability|p2b: Weezing|Neutralizing Gas
|-block|p2a: Incineroar|item: Ability Shield
|move|p1a: Ursaluna|Protect|p1a: Ursaluna
|-singleturn|p1a: Ursaluna|Protect
|move|p1b: Sinistcha|Matcha Gotcha|p2a: Incineroar|[spread] p2a,p2b
|-resisted|p2a: Incineroar
|-resisted|p2b: Weezing
|-damage|p2a: Incineroar|89/100
|-heal|p1b: Sinistcha|23/100|[from] drain|[of] p2a: Incineroar
|-damage|p2b: Weezing|89/100
|-heal|p1b: Sinistcha|29/100|[from] drain|[of] p2b: Weezing
|move|p2a: Incineroar|Knock Off|p1b: Sinistcha
|-supereffective|p1b: Sinistcha
|-damage|p1b: Sinistcha|0 fnt
|faint|p1b: Sinistcha
|
|-weather|RainDance|[upkeep]
|-status|p1a: Ursaluna|brn|[from] item: Flame Orb
|upkeep
|
|t:|1756872908
|switch|p1b: Basculegion|Basculegion, L50, M|100/100
|turn|4
|
|t:|1756872930
|switch|p2a: Annihilape|Annihilape, L50, M|100/100
|move|p2b: Weezing|Protect|p2b: Weezing
|-singleturn|p2b: Weezing|Protect
|move|p1a: Ursaluna|Facade|p2a: Annihilape
|-immune|p2a: Annihilape
|move|p1b: Basculegion|Last Respects|p2b: Weezing
|-activate|p2b: Weezing|move: Protect
|
|-weather|RainDance|[upkeep]
|-damage|p1a: Ursaluna|95/100 brn|[from] brn
|upkeep
|turn|5
|
|t:|1756872980
|switch|p2a: Incineroar|Incineroar, L50, M|89/100
|-ability|p2a: Incineroar|Intimidate|boost
|-unboost|p1a: Ursaluna|atk|1
|-unboost|p1b: Basculegion|atk|1
|-terastallize|p1b: Basculegion|Water
|move|p2b: Weezing|Will-O-Wisp|p1b: Basculegion
|-status|p1b: Basculegion|brn
|move|p1a: Ursaluna|Facade|p2b: Weezing
|-damage|p2b: Weezing|36/100
|-enditem|p2b: Weezing|Sitrus Berry|[eat]
|-heal|p2b: Weezing|61/100|[from] item: Sitrus Berry
|move|p1b: Basculegion|Last Respects|p2a: Incineroar
|-resisted|p2a: Incineroar
|-damage|p2a: Incineroar|75/100
|
|-weather|none
|-damage|p1a: Ursaluna|89/100 brn|[from] brn
|-damage|p1b: Basculegion|94/100 brn|[from] brn
|upkeep
|turn|6
|
|t:|1756873023
|switch|p2a: Pelipper|Pelipper, L50, F|100/100
|move|p2b: Weezing|Taunt|p1a: Ursaluna
|-start|p1a: Ursaluna|move: Taunt
|move|p1a: Ursaluna|Facade|p2b: Weezing
|-damage|p2b: Weezing|9/100
|move|p1b: Basculegion|Last Respects|p2b: Weezing
|-damage|p2b: Weezing|0 fnt
|faint|p2b: Weezing
|-end|p2b: Weezing|ability: Neutralizing Gas
|-weather|RainDance|[from] ability: Drizzle|[of] p2a: Pelipper
|
|-weather|RainDance|[upkeep]
|-damage|p1a: Ursaluna|83/100 brn|[from] brn
|-damage|p1b: Basculegion|88/100 brn|[from] brn
|-fieldend|move: Trick Room
|upkeep
|
|t:|1756873041
|switch|p2b: Incineroar|Incineroar, L50, M|75/100
|-ability|p2b: Incineroar|Intimidate|boost
|-unboost|p1a: Ursaluna|atk|1
|-unboost|p1b: Basculegion|atk|1
|turn|7
|
|t:|1756873053
|move|p2b: Incineroar|Fake Out|p1b: Basculegion
|-damage|p1b: Basculegion|73/100 brn
|cant|p1b: Basculegion|flinch
|move|p2a: Pelipper|Weather Ball|p1a: Ursaluna
|-supereffective|p1a: Ursaluna
|-damage|p1a: Ursaluna|0 fnt
|faint|p1a: Ursaluna
|
|-weather|RainDance|[upkeep]
|-damage|p1b: Basculegion|67/100 brn|[from] brn
|upkeep
|turn|8
|
|t:|1756873070
|move|p1b: Basculegion|Last Respects|p2a: Pelipper
|-damage|p2a: Pelipper|65/100
|move|p2a: Pelipper|Hurricane|p1b: Basculegion
|-crit|p1b: Basculegion
|-damage|p1b: Basculegion|0 fnt
|faint|p1b: Basculegion
|
|win|rdxcrrnz
