|j|‽ridgeydidge
|j|☆knoxvillninja
|html|ridgeydidgeknoxvillninja    
|uhtml|bestof|Game 1 of a best-of-3
|t:|1784612279
|gametype|doubles
|player|p1|ridgeydidge|169|1000
|player|p2|knoxvillninja|2|1047
|gen|9
|tier|[Gen 9 Champions] VGC 2026 Reg M-B (Bo3)
|rated|
|rule|Species Clause: Limit one of each Pokémon
|rule|Item Clause: Limit 1 of each item
|clearpoke
|poke|p1|Araquanid, L50, F|
|poke|p1|Volcarona, L50, F|
|poke|p1|Vivillon-Pokeball, L50, F, shiny|
|poke|p1|Pinsir, L50, M|
|poke|p1|Ariados, L50, M|
|poke|p1|Kleavor, L50, M|
|poke|p2|Charizard, L50, M|
|poke|p2|Basculegion, L50, M|
|poke|p2|Aerodactyl, L50, M|
|poke|p2|Venusaur, L50, F|
|poke|p2|Krookodile, L50, F|
|poke|p2|Greninja, L50, M|
|teampreview|4
|showteam|p1|Araquanid||Leftovers|WaterBubble|Liquidation,LeechLife,AquaRing,WideGuard|Impish||F|||50|]Volcarona||ChartiBerry|FlameBody|Tailwind,BugBuzz,HeatWave,QuiverDance|Modest||F|||50|]Vivillon-Pokeball||FocusSash|CompoundEyes|Hurricane,SleepPowder,RagePowder,Protect|Timid||F|||50|]Pinsir||Pinsirite|HyperCutter|Feint,BodySlam,XScissor,Protect|Jolly||M|||50|]Ariados||OccaBerry|Swarm|NightShade,RagePowder,StickyWeb,StruggleBug|Bold||M|||50|]Kleavor||ChoiceScarf|Sharpness|StoneAxe,XScissor,NightSlash,Uturn|Jolly||M|||50|
|showteam|p2|Charizard||CharizarditeY|Blaze|HeatWave,SolarBeam,WeatherBall,Protect|Modest||M|||50|]Basculegion||ChoiceScarf|Adaptability|LastRespects,WaveCrash,AquaJet,FlipTurn|Adamant||M|||50|]Aerodactyl||FocusSash|Unnerve|RockSlide,IceFang,Tailwind,RainDance|Jolly||M|||50|]Venusaur||WideLens|Chlorophyll|SleepPowder,EarthPower,LeafStorm,Protect|Timid||F|||50|]Krookodile||LifeOrb|Intimidate|Earthquake,Crunch,RockSlide,Protect|Jolly||F|||50|]Greninja||Greninjite|Protean|HydroPump,DarkPulse,IceBeam,Protect|Timid||M|||50|
|inactive|Battle timer is ON: inactive players will automatically lose when time's up. (requested by ridgeydidge)
|
|t:|1784612338
|teamsize|p1|4
|teamsize|p2|4
|start
|switch|p1a: Kleavor|Kleavor, L50, M|100/100
|switch|p1b: Volcarona|Volcarona, L50, F|100/100
|switch|p2a: Krookodile|Krookodile, L50, F|100/100
|switch|p2b: Aerodactyl|Aerodactyl, L50, M|100/100
|-ability|p2b: Aerodactyl|Unnerve
|-ability|p2a: Krookodile|Intimidate|boost
|-unboost|p1a: Kleavor|atk|1
|-unboost|p1b: Volcarona|atk|1
|turn|1
|
|t:|1784612357
|move|p1a: Kleavor|Stone Axe|p2b: Aerodactyl
|-supereffective|p2b: Aerodactyl|1
|-enditem|p2b: Aerodactyl|Focus Sash
|-damage|p2b: Aerodactyl|1/100
|-sidestart|p2: knoxvillninja|move: Stealth Rock
|move|p2b: Aerodactyl|Tailwind|p2b: Aerodactyl
|-sidestart|p2: knoxvillninja|move: Tailwind
|move|p2a: Krookodile|Earthquake|p1b: Volcarona|[spread] p1a,p1b
|-immune|p2b: Aerodactyl
|-damage|p1a: Kleavor|45/100
|-damage|p1b: Volcarona|48/100
|-damage|p2a: Krookodile|90/100|[from] item: Life Orb
|move|p1b: Volcarona|Quiver Dance|p1b: Volcarona
|-boost|p1b: Volcarona|spa|1
|-boost|p1b: Volcarona|spd|1
|-boost|p1b: Volcarona|spe|1
|
|upkeep
|turn|2
|inactive|ridgeydidge has 30 seconds left.
|
|t:|1784612386
|move|p2b: Aerodactyl|Rock Slide|p1b: Volcarona|[spread] p1a,p1b
|-supereffective|p1a: Kleavor|1
|-supereffective|p1b: Volcarona|2
|-damage|p1a: Kleavor|0 fnt
|-damage|p1b: Volcarona|0 fnt
|faint|p1a: Kleavor
|faint|p1b: Volcarona
|move|p2a: Krookodile|Rock Slide|p1: Kleavor|[notarget]
|-fail|p2a: Krookodile
|
|upkeep
|
|t:|1784612394
|switch|p1a: Araquanid|Araquanid, L50, F|100/100
|switch|p1b: Pinsir|Pinsir, L50, M|100/100
|turn|3
|
|t:|1784612418
|detailschange|p1b: Pinsir|Pinsir-Mega, L50, M
|-mega|p1b: Pinsir|Pinsir|Pinsirite
|move|p1b: Pinsir|Feint|p2b: Aerodactyl
|-resisted|p2b: Aerodactyl|1
|-damage|p2b: Aerodactyl|0 fnt
|faint|p2b: Aerodactyl
|move|p2a: Krookodile|Rock Slide|p1b: Pinsir|[spread] p1a
|-miss|p2a: Krookodile|p1b: Pinsir
|-supereffective|p1a: Araquanid|1
|-damage|p1a: Araquanid|54/100
|-damage|p2a: Krookodile|80/100|[from] item: Life Orb
|cant|p1a: Araquanid|flinch
|
|-heal|p1a: Araquanid|60/100|[from] item: Leftovers
|upkeep
|
|t:|1784612431
|switch|p2b: Charizard|Charizard, L50, M|100/100
|-damage|p2b: Charizard|50/100g|[from] Stealth Rock
|turn|4
|inactive|knoxvillninja has 30 seconds left.
|
|t:|1784612458
|detailschange|p2b: Charizard|Charizard-Mega-Y, L50, M
|-mega|p2b: Charizard|Charizard|Charizardite Y
|-weather|SunnyDay|[from] ability: Drought|[of] p2b: Charizard
|move|p1a: Araquanid|Wide Guard|p1a: Araquanid
|-singleturn|p1a: Araquanid|Wide Guard
|move|p2a: Krookodile|Rock Slide|p1b: Pinsir|[spread] 
|-activate|p1a: Araquanid|move: Wide Guard
|-activate|p1b: Pinsir|move: Wide Guard
|move|p2b: Charizard|Heat Wave|p1a: Araquanid|[spread] 
|-activate|p1a: Araquanid|move: Wide Guard
|-activate|p1b: Pinsir|move: Wide Guard
|move|p1b: Pinsir|X-Scissor|p2a: Krookodile
|-supereffective|p2a: Krookodile|1
|-damage|p2a: Krookodile|0 fnt
|faint|p2a: Krookodile
|
|-weather|SunnyDay|[upkeep]
|-heal|p1a: Araquanid|66/100|[from] item: Leftovers
|-sideend|p2: knoxvillninja|move: Tailwind
|upkeep
|
|t:|1784612476
|switch|p2a: Venusaur|Venusaur, L50, F|100/100
|-damage|p2a: Venusaur|87/100|[from] Stealth Rock
|turn|5
|
|t:|1784612490
|move|p1b: Pinsir|Protect|p1b: Pinsir
|-singleturn|p1b: Pinsir|Protect
|move|p2a: Venusaur|Sleep Powder|p1b: Pinsir
|-activate|p1b: Pinsir|move: Protect
|move|p2b: Charizard|Weather Ball|p1b: Pinsir
|-activate|p1b: Pinsir|move: Protect
|move|p1a: Araquanid|Liquidation|p2b: Charizard
|-supereffective|p2b: Charizard|1
|-damage|p2b: Charizard|0 fnt
|faint|p2b: Charizard
|
|-weather|SunnyDay|[upkeep]
|-heal|p1a: Araquanid|72/100|[from] item: Leftovers
|upkeep
|turn|6
|
|t:|1784612509
|move|p1b: Pinsir|Feint|p2a: Venusaur
|-supereffective|p2a: Venusaur|1
|-damage|p2a: Venusaur|33/100
|move|p2a: Venusaur|Sleep Powder|p1b: Pinsir
|-status|p1b: Pinsir|slp|[from] move: Sleep Powder
|move|p1a: Araquanid|Leech Life|p2a: Venusaur
|-damage|p2a: Venusaur|0 fnt
|-heal|p1a: Araquanid|90/100|[from] drain|[of] p2a: Venusaur
|faint|p2a: Venusaur
|
|win|ridgeydidge
|inactive|ridgeydidge has 30 seconds to confirm battle start!
|inactive|knoxvillninja has 30 seconds to confirm battle start!
||ridgeydidge is ready for game 2.
||knoxvillninja is ready for game 2.
|uhtml|next|Next: Game 2 of 3
|l|☆knoxvillninja
|player|p2|
