|j|☆Chelicerate1
|j|☆MugiwaraLux
|html|Chelicerate1MugiwaraLux    
|uhtml|bestof|Game 3 of a best-of-3
|t:|1785140426
|gametype|doubles
|player|p1|Chelicerate1|ethan|1353
|player|p2|MugiwaraLux|cynthia-masters4|1376
|gen|9
|tier|[Gen 9 Champions] VGC 2026 Reg M-B (Bo3)
|rated|
|rule|Species Clause: Limit one of each Pokémon
|rule|Item Clause: Limit 1 of each item
|clearpoke
|poke|p1|Grimmsnarl, L50, M|
|poke|p1|Basculegion, L50, M|
|poke|p1|Charizard, L50, F|
|poke|p1|Pelipper, L50, M|
|poke|p1|Venusaur, L50, M|
|poke|p1|Archaludon, L50, M|
|poke|p2|Garchomp, L50, M|
|poke|p2|Venusaur, L50, M|
|poke|p2|Incineroar, L50, M|
|poke|p2|Charizard, L50, F|
|poke|p2|Toxapex, L50, F|
|poke|p2|Annihilape, L50, M|
|teampreview|4
|showteam|p1|Grimmsnarl||LightClay|Prankster|SpiritBreak,PartingShot,Reflect,LightScreen|Sassy||M|||50|]Basculegion||ChoiceScarf|Adaptability|LastRespects,WaveCrash,AquaJet,FlipTurn|Jolly||M|||50|]Charizard||CharizarditeY|Blaze|Protect,HeatWave,WeatherBall,SolarBeam|Modest||F|||50|]Pelipper||SitrusBerry|Drizzle|Hurricane,WeatherBall,Tailwind,WideGuard|Modest||M|||50|]Venusaur||FocusSash|Chlorophyll|SludgeBomb,SleepPowder,EarthPower,Protect|Modest||M|||50|]Archaludon||Leftovers|Stamina|ElectroShot,DragonPulse,FlashCannon,Protect|Calm||M|||50|
|showteam|p2|Garchomp||ChoiceScarf|RoughSkin|Earthquake,RockSlide,DragonClaw,StompingTantrum|Adamant||M|||50|]Venusaur||LifeOrb|Chlorophyll|SludgeBomb,SolarBeam,EarthPower,Protect|Modest||M|||50|]Incineroar||SitrusBerry|Intimidate|FakeOut,FlareBlitz,ThroatChop,PartingShot|Impish||M|||50|]Charizard||CharizarditeY|Blaze|HeatWave,WeatherBall,Protect,HelpingHand|Modest||F|||50|]Toxapex||Leftovers|Regenerator|Infestation,Toxic,WideGuard,BanefulBunker|Impish||F|||50|]Annihilape||FocusSash|Defiant|CloseCombat,PhantomForce,RockTomb,Protect|Jolly||M|||50|
|inactive|Battle timer is ON: inactive players will automatically lose when time's up. (requested by MugiwaraLux)
|inactive|Chelicerate1 also wants the timer to be on.
|
|t:|1785140440
|teamsize|p1|4
|teamsize|p2|4
|start
|switch|p1a: Charizard|Charizard, L50, F|100/100
|switch|p1b: Venusaur|Venusaur, L50, M|100/100
|switch|p2a: Charizard|Charizard, L50, F|100/100
|switch|p2b: Annihilape|Annihilape, L50, M|100/100
|turn|1
|
|t:|1785140459
|switch|p1a: Archaludon|Archaludon, L50, M|100/100
|detailschange|p2a: Charizard|Charizard-Mega-Y, L50, F
|-mega|p2a: Charizard|Charizard|Charizardite Y
|-weather|SunnyDay|[from] ability: Drought|[of] p2a: Charizard
|move|p1b: Venusaur|Sleep Powder|p2b: Annihilape
|-status|p2b: Annihilape|slp|[from] move: Sleep Powder
|cant|p2b: Annihilape|slp
|move|p2a: Charizard|Heat Wave|p1a: Archaludon|[spread] p1a,p1b
|-supereffective|p1b: Venusaur|1
|-damage|p1a: Archaludon|49/100
|-enditem|p1b: Venusaur|Focus Sash
|-damage|p1b: Venusaur|1/100
|-ability|p1a: Archaludon|Stamina|boost
|-boost|p1a: Archaludon|def|1
|
|-weather|SunnyDay|[upkeep]
|-heal|p1a: Archaludon|55/100|[from] item: Leftovers
|upkeep
|turn|2
|inactive|Chelicerate1 has 30 seconds left.
|inactive|Chelicerate1 has 20 seconds left.
|
|t:|1785140494
|switch|p1b: Pelipper|Pelipper, L50, M|100/100
|-weather|RainDance|[from] ability: Drizzle|[of] p1b: Pelipper
|move|p2a: Charizard|Protect|p2a: Charizard
|-singleturn|p2a: Charizard|Protect
|-curestatus|p2b: Annihilape|slp|[msg]
|move|p2b: Annihilape|Close Combat|p1a: Archaludon
|-supereffective|p1a: Archaludon|1
|-damage|p1a: Archaludon|0 fnt
|-unboost|p2b: Annihilape|def|1
|-unboost|p2b: Annihilape|spd|1
|faint|p1a: Archaludon
|
|-weather|RainDance|[upkeep]
|upkeep
|
|t:|1785140499
|switch|p1a: Charizard|Charizard, L50, F|100/100
|turn|3
|
|t:|1785140516
|switch|p2a: Toxapex|Toxapex, L50, F|100/100
|move|p1a: Charizard|Protect|p1a: Charizard
|-singleturn|p1a: Charizard|Protect
|move|p2b: Annihilape|Rock Tomb|p1b: Pelipper
|-supereffective|p1b: Pelipper|1
|-damage|p1b: Pelipper|60/100
|-unboost|p1b: Pelipper|spe|1
|move|p1b: Pelipper|Tailwind|p1b: Pelipper
|-sidestart|p1: Chelicerate1|move: Tailwind
|
|-weather|RainDance|[upkeep]
|upkeep
|turn|4
|inactive|Chelicerate1 has 30 seconds left.
|inactive|Chelicerate1 has 20 seconds left.
|
|t:|1785140552
|detailschange|p1a: Charizard|Charizard-Mega-Y, L50, F
|-mega|p1a: Charizard|Charizard|Charizardite Y
|-weather|SunnyDay|[from] ability: Drought|[of] p1a: Charizard
|move|p2b: Annihilape|Protect|p2b: Annihilape
|-singleturn|p2b: Annihilape|Protect
|move|p1a: Charizard|Heat Wave|p2a: Toxapex|[spread] p2a
|-activate|p2b: Annihilape|move: Protect
|-resisted|p2a: Toxapex|1
|-damage|p2a: Toxapex|77/100
|-status|p2a: Toxapex|brn
|move|p1b: Pelipper|Weather Ball|p2b: Annihilape
|-activate|p2b: Annihilape|move: Protect
|move|p2a: Toxapex|Infestation|p1a: Charizard
|-resisted|p1a: Charizard|2
|-damage|p1a: Charizard|99/100
|-activate|p1a: Charizard|move: Infestation|[of] p2a: Toxapex
|
|-weather|SunnyDay|[upkeep]
|-heal|p2a: Toxapex|82/100 brn|[from] item: Leftovers
|-damage|p2a: Toxapex|77/100 brn|[from] brn
|-damage|p1a: Charizard|87/100|[from] move: Infestation|[partiallytrapped]
|upkeep
|turn|5
|
|t:|1785140574
|switch|p2b: Venusaur|Venusaur, L50, M|100/100
|move|p1a: Charizard|Heat Wave|p2b: Venusaur|[spread] p2a,p2b
|-resisted|p2a: Toxapex|1
|-supereffective|p2b: Venusaur|1
|-crit|p2b: Venusaur
|-damage|p2a: Toxapex|52/100 brn
|-damage|p2b: Venusaur|0 fnt
|faint|p2b: Venusaur
|move|p1b: Pelipper|Weather Ball|p2a: Toxapex
|-resisted|p2a: Toxapex|1
|-damage|p2a: Toxapex|36/100 brn
|move|p2a: Toxapex|Toxic|p1b: Pelipper
|-status|p1b: Pelipper|tox
|
|-weather|SunnyDay|[upkeep]
|-heal|p2a: Toxapex|42/100 brn|[from] item: Leftovers
|-damage|p1b: Pelipper|54/100 tox|[from] psn
|-damage|p2a: Toxapex|36/100 brn|[from] brn
|-damage|p1a: Charizard|75/100|[from] move: Infestation|[partiallytrapped]
|upkeep
|
|t:|1785140576
|switch|p2b: Annihilape|Annihilape, L50, M|100/100
|turn|6
|inactive|Chelicerate1 has 30 seconds left.
|inactive|MugiwaraLux has 30 seconds left.
|inactive|MugiwaraLux has 20 seconds left.
|
|t:|1785140615
|switch|p1b: Venusaur|Venusaur, L50, M|1/100
|move|p2a: Toxapex|Baneful Bunker|p2a: Toxapex
|-singleturn|p2a: Toxapex|move: Protect
|move|p1a: Charizard|Solar Beam||[still]
|-prepare|p1a: Charizard|Solar Beam
|-anim|p1a: Charizard|Solar Beam|p2a: Toxapex
|-activate|p2a: Toxapex|move: Protect
|move|p2b: Annihilape|Rock Tomb|p1a: Charizard
|-supereffective|p1a: Charizard|2
|-damage|p1a: Charizard|0 fnt
|faint|p1a: Charizard
|
|-weather|SunnyDay|[upkeep]
|-heal|p2a: Toxapex|42/100 brn|[from] item: Leftovers
|-damage|p2a: Toxapex|36/100 brn|[from] brn
|-sideend|p1: Chelicerate1|move: Tailwind
|upkeep
|
|t:|1785140637
|switch|p1a: Pelipper|Pelipper, L50, M|54/100 tox
|-weather|RainDance|[from] ability: Drizzle|[of] p1a: Pelipper
|turn|7
|
|t:|1785140653
|move|p2b: Annihilape|Rock Tomb|p1a: Pelipper
|-supereffective|p1a: Pelipper|1
|-damage|p1a: Pelipper|12/100 tox
|-unboost|p1a: Pelipper|spe|1
|-enditem|p1a: Pelipper|Sitrus Berry|[eat]
|-heal|p1a: Pelipper|36/100 tox|[from] item: Sitrus Berry
|move|p1b: Venusaur|Sleep Powder|p2b: Annihilape|[miss]
|-miss|p1b: Venusaur|p2b: Annihilape
|move|p1a: Pelipper|Weather Ball|p2b: Annihilape
|-damage|p2b: Annihilape|37/100
|move|p2a: Toxapex|Infestation|p1b: Venusaur
|-damage|p1b: Venusaur|0 fnt
|faint|p1b: Venusaur
|
|-weather|RainDance|[upkeep]
|-heal|p2a: Toxapex|42/100 brn|[from] item: Leftovers
|-damage|p1a: Pelipper|30/100 tox|[from] psn
|-damage|p2a: Toxapex|36/100 brn|[from] brn
|upkeep
|turn|8
|c|☆MugiwaraLux|ggs
|
|t:|1785140665
|move|p2b: Annihilape|Rock Tomb|p1a: Pelipper
|-supereffective|p1a: Pelipper|1
|-damage|p1a: Pelipper|0 fnt
|faint|p1a: Pelipper
|
|win|MugiwaraLux
|raw|Chelicerate1's rating: 1353 → 1334(-19 for losing)
|raw|MugiwaraLux's rating: 1376 → 1395(+19 for winning)
