|j|☆The_TrueNose
|j|☆beewatree
|html|The_TrueNosebeewatree    
|uhtml|bestof|Game 2 of a best-of-3
|t:|1756373449
|gametype|doubles
|player|p1|The_TrueNose|265|1089
|player|p2|beewatree|101|1036
|gen|9
|tier|[Gen 9] VGC 2025 Reg H (Bo3)
|rated|
|rule|Species Clause: Limit one of each Pokémon
|rule|Item Clause: Limit 1 of each item
|clearpoke
|poke|p1|Garchomp, L50, M|
|poke|p1|Jumpluff, L50, M|
|poke|p1|Torkoal, L50, M|
|poke|p1|Dragonite, L50, M|
|poke|p1|Typhlosion-Hisui, L50, F|
|poke|p1|Kingambit, L50, M|
|poke|p2|Armarouge, L50, F|
|poke|p2|Indeedee-F, L50, F|
|poke|p2|Hariyama, L50, M|
|poke|p2|Amoonguss, L50, F|
|poke|p2|Gholdengo, L50|
|poke|p2|Primarina, L50, M|
|teampreview|4
|showteam|p1|Garchomp||LifeOrb|RoughSkin|DragonClaw,StompingTantrum,Earthquake,Protect|||M|||50|,,,,,Fire]Jumpluff||CovertCloak|Chlorophyll|LeafStorm,SleepPowder,Encore,Tailwind|||M|||50|,,,,,Water]Torkoal||EjectPack|Drought|Overheat,BurningJealousy,HelpingHand,Protect|||M|||50|,,,,,Flying]Dragonite||LoadedDice|Multiscale|ScaleShot,ExtremeSpeed,IceSpinner,Protect|||M|||50|,,,,,Fairy]Typhlosion-Hisui||ChoiceSpecs|Blaze|Eruption,ShadowBall,HeatWave,Overheat|||F|||50|,,,,,Fire]Kingambit||AssaultVest|Defiant|SuckerPunch,Assurance,IronHead,LowKick|||M|||50|,,,,,Fire
|showteam|p2|Armarouge||CovertCloak|FlashFire|ExpandingForce,ArmorCannon,TrickRoom,WideGuard|||F|||50|,,,,,Grass]Indeedee-F||PsychicSeed|PsychicSurge|DazzlingGleam,FollowMe,HealPulse,TrickRoom|||F|||50|,,,,,Fairy]Hariyama||SafetyGoggles|Guts|DrainPunch,BellyDrum,Detect,KnockOff|||M|||50|,,,,,Electric]Amoonguss||SitrusBerry|Regenerator|RagePowder,Spore,PollenPuff,Protect|||F|||50|,,,,,Fairy]Gholdengo||LifeOrb|GoodasGold|MakeItRain,ShadowBall,NastyPlot,Protect||||||50|,,,,,Steel]Primarina||ThroatSpray|LiquidVoice|Moonblast,HyperVoice,Haze,Protect|||M|||50|,,,,,Steel
|inactive|Battle timer is ON: inactive players will automatically lose when time's up. (requested by beewatree)
|inactive|beewatree has 60 seconds left.
|inactive|beewatree has 30 seconds left.
|inactive|beewatree has 20 seconds left.
|inactive|beewatree has 15 seconds left.
|inactive|beewatree has 10 seconds left.
|
|t:|1756373535
|teamsize|p1|4
|teamsize|p2|4
|start
|switch|p1a: Dragonite|Dragonite, L50, M|100/100
|switch|p1b: Kingambit|Kingambit, L50, M|100/100
|switch|p2a: Amoonguss|Amoonguss, L50, F|100/100
|switch|p2b: Primarina|Primarina, L50, M|100/100
|turn|1
|inactive|beewatree has 30 seconds left.
|inactive|beewatree has 20 seconds left.
|inactive|beewatree has 15 seconds left.
|inactive|beewatree has 10 seconds left.
|
|t:|1756373585
|-terastallize|p2b: Primarina|Steel
|move|p2a: Amoonguss|Protect|p2a: Amoonguss
|-singleturn|p2a: Amoonguss|Protect
|move|p1a: Dragonite|Ice Spinner|p2a: Amoonguss
|-activate|p2a: Amoonguss|move: Protect
|move|p1b: Kingambit|Iron Head|p2a: Amoonguss
|-activate|p2a: Amoonguss|move: Protect
|move|p2b: Primarina|Hyper Voice|p1a: Dragonite|[spread] p1a,p1b
|-resisted|p1a: Dragonite
|-damage|p1a: Dragonite|92/100
|-damage|p1b: Kingambit|77/100
|-enditem|p2b: Primarina|Throat Spray
|-boost|p2b: Primarina|spa|1|[from] item: Throat Spray
|
|upkeep
|turn|2
|inactive|beewatree has 30 seconds left.
|inactive|beewatree has 20 seconds left.
|inactive|beewatree has 15 seconds left.
|
|t:|1756373626
|switch|p2a: Armarouge|Armarouge, L50, F|100/100
|-terastallize|p1a: Dragonite|Fairy
|move|p1a: Dragonite|Scale Shot|p2a: Armarouge|[miss]
|-miss|p1a: Dragonite|p2a: Armarouge
|move|p1b: Kingambit|Assurance|p2a: Armarouge
|-supereffective|p2a: Armarouge
|-damage|p2a: Armarouge|38/100
|move|p2b: Primarina|Hyper Voice|p1a: Dragonite|[spread] p1a,p1b
|-damage|p1a: Dragonite|43/100
|-damage|p1b: Kingambit|44/100
|
|upkeep
|turn|3
|inactive|beewatree has 30 seconds left.
|
|t:|1756373655
|move|p1a: Dragonite|Scale Shot|p2a: Armarouge
|-damage|p2a: Armarouge|25/100
|-damage|p2a: Armarouge|12/100
|-damage|p2a: Armarouge|1/100
|-damage|p2a: Armarouge|0 fnt
|faint|p2a: Armarouge
|-hitcount|p2: Armarouge|4
|-unboost|p1a: Dragonite|def|1
|-boost|p1a: Dragonite|spe|1
|move|p1b: Kingambit|Low Kick|p2b: Primarina
|-supereffective|p2b: Primarina
|-damage|p2b: Primarina|52/100
|move|p2b: Primarina|Hyper Voice|p1a: Dragonite|[spread] p1a,p1b
|-damage|p1a: Dragonite|0 fnt
|-damage|p1b: Kingambit|9/100
|faint|p1a: Dragonite
|
|upkeep
|
|t:|1756373671
|switch|p1a: Garchomp|Garchomp, L50, M|100/100
|switch|p2a: Amoonguss|Amoonguss, L50, F|100/100
|turn|4
|inactive|beewatree has 30 seconds left.
|inactive|beewatree has 20 seconds left.
|inactive|beewatree has 15 seconds left.
|
|t:|1756373715
|move|p2b: Primarina|Protect|p2b: Primarina
|-singleturn|p2b: Primarina|Protect
|move|p1a: Garchomp|Stomping Tantrum|p2a: Amoonguss
|-damage|p2a: Amoonguss|55/100
|-damage|p1a: Garchomp|91/100|[from] item: Life Orb
|move|p1b: Kingambit|Assurance|p2a: Amoonguss
|-damage|p2a: Amoonguss|0 fnt
|faint|p2a: Amoonguss
|
|upkeep
|
|t:|1756373725
|switch|p2a: Brian at home|Hariyama, L50, M|100/100
|turn|5
|
|t:|1756373748
|move|p1a: Garchomp|Stomping Tantrum|p2b: Primarina
|-supereffective|p2b: Primarina
|-damage|p2b: Primarina|0 fnt
|faint|p2b: Primarina
|-damage|p1a: Garchomp|81/100|[from] item: Life Orb
|move|p1b: Kingambit|Assurance|p2a: Brian at home
|-resisted|p2a: Brian at home
|-damage|p2a: Brian at home|83/100
|move|p2a: Brian at home|Knock Off|p1a: Garchomp
|-damage|p1a: Garchomp|54/100
|-damage|p2a: Brian at home|71/100|[from] ability: Rough Skin|[of] p1a: Garchomp
|-enditem|p1a: Garchomp|Life Orb|[from] move: Knock Off|[of] p2a: Brian at home
|
|upkeep
|turn|6
|
|t:|1756373763
|move|p1a: Garchomp|Stomping Tantrum|p2a: Brian at home
|-damage|p2a: Brian at home|28/100
|move|p1b: Kingambit|Low Kick|p2a: Brian at home
|-damage|p2a: Brian at home|0 fnt
|faint|p2a: Brian at home
|
|win|The_TrueNose
|raw|The_TrueNose's rating: 1089 → 1112(+23 for winning)
|raw|beewatree's rating: 1036 → 1023(-13 for losing)
