|j|☆lettitripppp
|j|☆bandicoot25
|html|lettitrippppbandicoot25    
|uhtml|bestof|Game 1 of a best-of-3
|t:|1783801549
|gametype|doubles
|player|p1|lettitripppp|lucas|1272
|player|p2|bandicoot25|blaine|1363
|gen|9
|tier|[Gen 9 Champions] VGC 2026 Reg M-B (Bo3)
|rated|
|rule|Species Clause: Limit one of each Pokémon
|rule|Item Clause: Limit 1 of each item
|clearpoke
|poke|p1|Charizard, L50, M|
|poke|p1|Basculegion, L50, M|
|poke|p1|Whimsicott, L50, F, shiny|
|poke|p1|Garchomp, L50, M, shiny|
|poke|p1|Floette-Eternal, L50, F|
|poke|p1|Kingambit, L50, F, shiny|
|poke|p2|Charizard, L50, F|
|poke|p2|Garchomp, L50, F|
|poke|p2|Sylveon, L50, M|
|poke|p2|Farigiraf, L50, F|
|poke|p2|Kingambit, L50, M|
|poke|p2|Aerodactyl, L50, M|
|teampreview|4
|showteam|p1|Charizard||CharizarditeY|Blaze|WeatherBall,SolarBeam,HeatWave,Protect|Modest||M|||50|]Basculegion||MysticWater|Adaptability|LastRespects,WaveCrash,AquaJet,Protect|Adamant||M|||50|]Whimsicott||FocusSash|Prankster|Moonblast,Tailwind,Encore,Protect|Timid||F|||50|]Garchomp||LifeOrb|RoughSkin|DragonClaw,Earthquake,RockSlide,Protect|Jolly||M|||50|]Floette-Eternal||Floettite|FlowerVeil|DazzlingGleam,LightofRuin,Moonblast,Protect|Modest||F|||50|]Kingambit||ChopleBerry|Defiant|KowtowCleave,SuckerPunch,IronHead,LowKick|Adamant||F|||50|
|showteam|p2|Charizard||CharizarditeY|Blaze|Protect,HeatWave,WeatherBall,SolarBeam|Timid||F|||50|]Garchomp||LifeOrb|RoughSkin|Protect,DragonClaw,StompingTantrum,Earthquake|Jolly||F|||50|]Sylveon||FairyFeather|Pixilate|Detect,QuickAttack,HyperVoice,HyperBeam|Modest||M|||50|]Farigiraf||SitrusBerry|ArmorTail|TwinBeam,Thunderbolt,Roar,TrickRoom|Bold||F|||50|]Kingambit||FocusSash|Defiant|KowtowCleave,IronHead,SuckerPunch,LowKick|Adamant||M|||50|]Aerodactyl||Aerodactylite|RockHead|RockSlide,DualWingbeat,IceFang,Tailwind|Jolly||M|||50|
|inactive|Battle timer is ON: inactive players will automatically lose when time's up. (requested by lettitripppp)
|
|t:|1783801563
|teamsize|p1|4
|teamsize|p2|4
|start
|switch|p1a: GHOSTWAVE|Basculegion, L50, M|100/100
|switch|p1b: LETS GO GO|Whimsicott, L50, F, shiny|100/100
|switch|p2a: Aerodactyl|Aerodactyl, L50, M|100/100
|switch|p2b: Kingambit|Kingambit, L50, M|100/100
|turn|1
|
|t:|1783801573
|detailschange|p2a: Aerodactyl|Aerodactyl-Mega, L50, M
|-mega|p2a: Aerodactyl|Aerodactyl|Aerodactylite
|move|p1b: LETS GO GO|Tailwind|p1b: LETS GO GO
|-sidestart|p1: lettitripppp|move: Tailwind
|move|p1a: GHOSTWAVE|Wave Crash|p2a: Aerodactyl
|-supereffective|p2a: Aerodactyl|1
|-damage|p2a: Aerodactyl|0 fnt
|faint|p2a: Aerodactyl
|-damage|p1a: GHOSTWAVE|74/100|[from] Recoil
|move|p2b: Kingambit|Kowtow Cleave|p1a: GHOSTWAVE
|-supereffective|p1a: GHOSTWAVE|1
|-damage|p1a: GHOSTWAVE|0 fnt
|faint|p1a: GHOSTWAVE
|
|upkeep
|
|t:|1783801584
|switch|p2a: Sylveon|Sylveon, L50, M|100/100
|switch|p1a: RUINOUS LIGHT|Floette-Eternal, L50, F|100/100
|turn|2
|
|t:|1783801589
|detailschange|p1a: RUINOUS LIGHT|Floette-Mega, L50, F
|-mega|p1a: RUINOUS LIGHT|Floette|Floettite
|-ability|p1a: RUINOUS LIGHT|Fairy Aura
|move|p1b: LETS GO GO|Moonblast|p2b: Kingambit
|-damage|p2b: Kingambit|53/100
|move|p1a: RUINOUS LIGHT|Moonblast|p2b: Kingambit
|-damage|p2b: Kingambit|0 fnt
|faint|p2b: Kingambit
|move|p2a: Sylveon|Hyper Voice|p1b: LETS GO GO|[spread] p1a,p1b
|-damage|p1a: RUINOUS LIGHT|45/100
|-enditem|p1b: LETS GO GO|Focus Sash
|-damage|p1b: LETS GO GO|1/100
|
|upkeep
|
|t:|1783801597
|switch|p2b: Farigiraf|Farigiraf, L50, F|100/100
|turn|3
|
|t:|1783801610
|move|p1b: LETS GO GO|Moonblast|p2b: Farigiraf
|-damage|p2b: Farigiraf|66/100
|move|p1a: RUINOUS LIGHT|Moonblast|p2b: Farigiraf
|-damage|p2b: Farigiraf|0 fnt
|faint|p2b: Farigiraf
|move|p2a: Sylveon|Hyper Voice|p1a: RUINOUS LIGHT|[spread] p1a,p1b
|-damage|p1a: RUINOUS LIGHT|0 fnt
|-damage|p1b: LETS GO GO|0 fnt
|faint|p1a: RUINOUS LIGHT
|faint|p1b: LETS GO GO
|
|upkeep
|
|t:|1783801618
|switch|p1b: CRUSH SHARK|Garchomp, L50, M, shiny|100/100
|turn|4
|
|t:|1783801622
|move|p2a: Sylveon|Detect|p2a: Sylveon
|-singleturn|p2a: Sylveon|Protect
|move|p1b: CRUSH SHARK|Earthquake|p2a: Sylveon
|-activate|p2a: Sylveon|move: Protect
|
|-sideend|p1: lettitripppp|move: Tailwind
|upkeep
|turn|5
|
|t:|1783801625
|move|p1b: CRUSH SHARK|Earthquake|p2a: Sylveon
|-damage|p2a: Sylveon|22/100
|-damage|p1b: CRUSH SHARK|90/100|[from] item: Life Orb
|move|p2a: Sylveon|Hyper Voice|p1b: CRUSH SHARK
|-supereffective|p1b: CRUSH SHARK|1
|-damage|p1b: CRUSH SHARK|0 fnt
|faint|p1b: CRUSH SHARK
|
|win|bandicoot25
||bandicoot25 is ready for game 2.
