|j|☆IronStandsEternal
|j|☆bananatreeenjoyer
|html|IronStandsEternalbananatreeenjoyer    
|uhtml|bestof|Game 2 of a best-of-3
|t:|1756953189
|gametype|doubles
|player|p1|IronStandsEternal|flint|1101
|player|p2|bananatreeenjoyer|silver|1136
|gen|9
|tier|[Gen 9] VGC 2025 Reg H (Bo3)
|rated|
|rule|Species Clause: Limit one of each Pokémon
|rule|Item Clause: Limit 1 of each item
|clearpoke
|poke|p1|Rillaboom, L50, M|
|poke|p1|Dragonite, L50, M|
|poke|p1|Sneasler, L50, M|
|poke|p1|Ninetales-Alola, L50, F|
|poke|p1|Kingambit, L50, M|
|poke|p1|Volcarona, L50, F|
|poke|p2|Gyarados, L50, M|
|poke|p2|Indeedee, L50, M|
|poke|p2|Sneasler, L50, F|
|poke|p2|Tyranitar, L50, M|
|poke|p2|Ursaluna-Bloodmoon, L50, M|
|poke|p2|Volcarona, L50, F|
|teampreview|4
|showteam|p1|Rillaboom||AssaultVest|GrassySurge|WoodHammer,GrassyGlide,HighHorsepower,FakeOut|||M|||50|,,,,,Fire]Dragonite||LoadedDice|Multiscale|Protect,ScaleShot,LowKick,Haze|||M|||50|,,,,,Fairy]Sneasler||WhiteHerb|Unburden|Protect,DireClaw,CloseCombat,Coaching|||M|||50|,,,,,Ghost]Ninetales-Alola||ChoiceSpecs|SnowWarning|Blizzard,IcyWind,Moonblast,FreezeDry|||F|||50|,,,,,Ghost]Kingambit||SafetyGoggles|Defiant|Protect,KowtowCleave,SuckerPunch,SwordsDance|||M|||50|,,,,,Dark]Volcarona||CovertCloak|FlameBody|StruggleBug,RagePowder,Overheat,WillOWisp|||F|||50|,,,,,Fairy
|showteam|p2|Gyarados||SafetyGoggles|Intimidate|Taunt,ThunderWave,Waterfall,Protect|||M|||50|,,,,,Steel]Indeedee||ChoiceScarf|PsychicSurge|ExpandingForce,TeraBlast,Trick,Protect|||M|||50|,,,,,Psychic]Sneasler||PsychicSeed|Unburden|CloseCombat,DireClaw,ThroatChop,Protect|||F|||50|,,,,,Dark]Tyranitar||AssaultVest|SandStream|LowKick,TeraBlast,KnockOff,RockSlide|||M|||50|,,,,,Flying]Ursaluna-Bloodmoon||LifeOrb|MindsEye|HyperVoice,BloodMoon,EarthPower,Protect|||M|||50|,,,,,Normal]Volcarona||SitrusBerry|FlameBody|Overheat,StruggleBug,RagePowder,Tailwind|||F|||50|,,,,,Grass
|inactive|Battle timer is ON: inactive players will automatically lose when time's up. (requested by IronStandsEternal)
|
|t:|1756953233
|teamsize|p1|4
|teamsize|p2|4
|start
|switch|p1a: Dragonite|Dragonite, L50, M|100/100
|switch|p1b: Sneasler|Sneasler, L50, M|100/100
|switch|p2a: Haltane|Tyranitar, L50, M|100/100
|switch|p2b: Kalan|Volcarona, L50, F|100/100
|-weather|Sandstorm|[from] ability: Sand Stream|[of] p2a: Haltane
|turn|1
|inactive|IronStandsEternal has 30 seconds left.
|
|t:|1756953265
|-terastallize|p1b: Sneasler|Ghost
|-terastallize|p2a: Haltane|Flying
|move|p1b: Sneasler|Close Combat|p2a: Haltane
|-resisted|p2a: Haltane
|-damage|p2a: Haltane|76/100
|-unboost|p1b: Sneasler|def|1
|-unboost|p1b: Sneasler|spd|1
|-enditem|p1b: Sneasler|White Herb
|-clearnegativeboost|p1b: Sneasler|[silent]
|move|p2b: Kalan|Tailwind|p2b: Kalan
|-sidestart|p2: bananatreeenjoyer|move: Tailwind
|move|p2a: Haltane|Tera Blast|p1b: Sneasler|[anim] Tera Blast Flying
|-damage|p1b: Sneasler|26/100
|move|p1a: Dragonite|Scale Shot|p2a: Haltane
|-damage|p2a: Haltane|63/100
|-damage|p2a: Haltane|48/100
|-damage|p2a: Haltane|35/100
|-damage|p2a: Haltane|22/100
|-damage|p2a: Haltane|9/100
|-hitcount|p2a: Haltane|5
|-unboost|p1a: Dragonite|def|1
|-boost|p1a: Dragonite|spe|1
|
|-weather|Sandstorm|[upkeep]
|-damage|p1b: Sneasler|20/100|[from] Sandstorm
|-damage|p2b: Kalan|94/100|[from] Sandstorm
|-damage|p2a: Haltane|3/100|[from] Sandstorm
|-damage|p1a: Dragonite|95/100|[from] Sandstorm
|upkeep
|turn|2
|inactive|IronStandsEternal has 30 seconds left.
|inactive|bananatreeenjoyer has 30 seconds left.
|inactive|IronStandsEternal has 20 seconds left.
|inactive|bananatreeenjoyer has 20 seconds left.
|inactive|bananatreeenjoyer has 15 seconds left.
|inactive|bananatreeenjoyer has 10 seconds left.
|
|t:|1756953312
|switch|p2a: Herod|Sneasler, L50, F|100/100
|move|p2b: Kalan|Rage Powder|p2b: Kalan
|-singleturn|p2b: Kalan|move: Rage Powder
|move|p1b: Sneasler|Dire Claw|p2b: Kalan
|-damage|p2b: Kalan|45/100
|-enditem|p2b: Kalan|Sitrus Berry|[eat]
|-heal|p2b: Kalan|70/100|[from] item: Sitrus Berry
|move|p1a: Dragonite|Scale Shot|p2b: Kalan
|-damage|p2b: Kalan|52/100
|-damage|p2b: Kalan|33/100
|-damage|p2b: Kalan|16/100
|-damage|p2b: Kalan|0 fnt
|faint|p2b: Kalan
|-hitcount|p2: Kalan|4
|-unboost|p1a: Dragonite|def|1
|-boost|p1a: Dragonite|spe|1
|
|-weather|Sandstorm|[upkeep]
|-damage|p1b: Sneasler|14/100|[from] Sandstorm
|-damage|p2a: Herod|95/100|[from] Sandstorm
|-damage|p1a: Dragonite|89/100|[from] Sandstorm
|upkeep
|
|t:|1756953331
|switch|p2b: Layton|Indeedee, L50, M|100/100
|-fieldstart|move: Psychic Terrain|[from] ability: Psychic Surge|[of] p2b: Layton
|-enditem|p2a: Herod|Psychic Seed
|-boost|p2a: Herod|spd|1|[from] item: Psychic Seed
|turn|3
|
|t:|1756953356
|move|p1a: Dragonite|Protect|p1a: Dragonite
|-singleturn|p1a: Dragonite|Protect
|move|p2a: Herod|Dire Claw|p1a: Dragonite
|-activate|p1a: Dragonite|move: Protect
|move|p2b: Layton|Expanding Force|p1a: Dragonite|[spread] p1b
|-activate|p1a: Dragonite|move: Protect
|-damage|p1b: Sneasler|0 fnt
|faint|p1b: Sneasler
|
|-weather|Sandstorm|[upkeep]
|-damage|p2a: Herod|89/100|[from] Sandstorm
|-damage|p2b: Layton|95/100|[from] Sandstorm
|-damage|p1a: Dragonite|83/100|[from] Sandstorm
|upkeep
|
|t:|1756953363
|switch|p1b: Rillaboom|Rillaboom, L50, M|100/100
|-fieldstart|move: Grassy Terrain|[from] ability: Grassy Surge|[of] p1b: Rillaboom
|turn|4
|
|t:|1756953384
|switch|p2b: Haltane|Tyranitar, L50, M, tera:Flying|3/100
|move|p2a: Herod|Protect|p2a: Herod
|-singleturn|p2a: Herod|Protect
|move|p1b: Rillaboom|Fake Out|p2a: Herod
|-activate|p2a: Herod|move: Protect
|move|p1a: Dragonite|Scale Shot|p2b: Haltane
|-damage|p2b: Haltane|0 fnt
|faint|p2b: Haltane
|-hitcount|p2: Haltane|1
|-unboost|p1a: Dragonite|def|1
|-boost|p1a: Dragonite|spe|1
|
|-weather|Sandstorm|[upkeep]
|-damage|p2a: Herod|83/100|[from] Sandstorm
|-damage|p1a: Dragonite|77/100|[from] Sandstorm
|-damage|p1b: Rillaboom|94/100|[from] Sandstorm
|-heal|p2a: Herod|89/100|[from] Grassy Terrain
|-heal|p1b: Rillaboom|100/100|[from] Grassy Terrain
|-sideend|p2: bananatreeenjoyer|move: Tailwind
|upkeep
|
|t:|1756953400
|switch|p2b: Layton|Indeedee, L50, M|95/100
|-fieldstart|move: Psychic Terrain|[from] ability: Psychic Surge|[of] p2b: Layton
|turn|5
|inactive|IronStandsEternal has 30 seconds left.
|inactive|bananatreeenjoyer has 30 seconds left.
|inactive|IronStandsEternal has 20 seconds left.
|inactive|IronStandsEternal has 15 seconds left.
|inactive|IronStandsEternal has 10 seconds left.
|inactive|IronStandsEternal has 5 seconds left.
|
|t:|1756953452
|move|p2a: Herod|Protect||[still]
|-fail|p2a: Herod
|move|p1a: Dragonite|Scale Shot|p2a: Herod
|-damage|p2a: Herod|62/100
|-damage|p2a: Herod|35/100
|-damage|p2a: Herod|9/100
|-damage|p2a: Herod|0 fnt
|faint|p2a: Herod
|-hitcount|p2: Herod|4
|-unboost|p1a: Dragonite|def|1
|-boost|p1a: Dragonite|spe|1
|move|p2b: Layton|Expanding Force|p1b: Rillaboom|[spread] p1a,p1b
|-damage|p1a: Dragonite|17/100
|-damage|p1b: Rillaboom|55/100
|move|p1b: Rillaboom|Wood Hammer|p2b: Layton
|-damage|p2b: Layton|0 fnt
|faint|p2b: Layton
|-damage|p1b: Rillaboom|33/100|[from] Recoil
|
|win|IronStandsEternal
|inactive|IronStandsEternal has 30 seconds to confirm battle start!
|inactive|bananatreeenjoyer has 30 seconds to confirm battle start!
|inactive|IronStandsEternal has 20 seconds to confirm battle start!
|inactive|bananatreeenjoyer has 20 seconds to confirm battle start!
||bananatreeenjoyer is ready for game 3.
|inactive|IronStandsEternal has 10 seconds to confirm battle start!
|uhtml|next|Next: Game 3 of 3
|l|☆bananatreeenjoyer
|player|p2|
