|j|☆Awammy
|j|☆OLMIKNUJB
|html|AwammyOLMIKNUJB    
|uhtml|bestof|Game 2 of a best-of-3
|t:|1782579337
|gametype|doubles
|player|p1|Awammy|colress|1041
|player|p2|OLMIKNUJB|266|1052
|gen|9
|tier|[Gen 9 Champions] VGC 2026 Reg M-B (Bo3)
|rated|
|rule|Species Clause: Limit one of each Pokémon
|rule|Item Clause: Limit 1 of each item
|clearpoke
|poke|p1|Pelipper, L50, F|
|poke|p1|Swampert, L50, F|
|poke|p1|Farigiraf, L50, M|
|poke|p1|Archaludon, L50, M, shiny|
|poke|p1|Mawile, L50, M|
|poke|p1|Glimmora, L50, F|
|poke|p2|Grimmsnarl, L50, M|
|poke|p2|Swampert, L50, M|
|poke|p2|Pelipper, L50, M|
|poke|p2|Archaludon, L50, M|
|poke|p2|Sinistcha, L50|
|poke|p2|Metagross, L50|
|teampreview|4
|showteam|p1|Pelipper||LifeOrb|Drizzle|WeatherBall,Hurricane,Tailwind,Protect|Modest||F|||50|]Swampert||Swampertite|Damp|WaveCrash,Earthquake,Protect,IcePunch|Adamant||F|||50|]Farigiraf||SitrusBerry|ArmorTail|Psychic,Thunderbolt,TrickRoom,HelpingHand|Sassy||M|||50|]Archaludon||Leftovers|Stamina|ElectroShot,DracoMeteor,AuraSphere,Protect|Modest||M|||50|]Mawile||Mawilite|Intimidate|PlayRough,SuckerPunch,Protect,IronHead|Brave||M|||50|]Glimmora||FocusSash|ToxicDebris|PowerGem,SludgeBomb,SpikyShield,EnergyBall|Timid||F|||50|
|showteam|p2|Grimmsnarl||LightClay|Prankster|FoulPlay,PartingShot,Reflect,LightScreen|Calm||M|||50|]Swampert||Swampertite|Damp|WaveCrash,Earthquake,IcePunch,Protect|Adamant||M|||50|]Pelipper||SitrusBerry|Drizzle|Hurricane,WeatherBall,Tailwind,WideGuard|Modest||M|||50|]Archaludon||Leftovers|Stamina|ElectroShot,DragonPulse,FlashCannon,Protect|Modest||M|||50|]Sinistcha||CobaBerry|Hospitality|MatchaGotcha,RagePowder,TrickRoom,Protect|Relaxed|||||50|]Metagross||Metagrossite|ClearBody|IronHead,PsychicFangs,BodyPress,Protect|Jolly|||||50|
|
|t:|1782579361
|teamsize|p1|4
|teamsize|p2|4
|start
|switch|p1a: Glimmora|Glimmora, L50, F|100/100
|switch|p1b: Swampert|Swampert, L50, F|100/100
|switch|p2a: Grimmsnarl|Grimmsnarl, L50, M|100/100
|switch|p2b: Metagross|Metagross, L50|100/100
|turn|1
|
|t:|1782579428
|switch|p1a: Pelipper|Pelipper, L50, F|100/100
|-weather|RainDance|[from] ability: Drizzle|[of] p1a: Pelipper
|detailschange|p2b: Metagross|Metagross-Mega, L50
|-mega|p2b: Metagross|Metagross|Metagrossite
|detailschange|p1b: Swampert|Swampert-Mega, L50, F
|-mega|p1b: Swampert|Swampert|Swampertite
|move|p2a: Grimmsnarl|Reflect|p2a: Grimmsnarl
|-sidestart|p2: OLMIKNUJB|Reflect
|move|p1b: Swampert|Earthquake|p2a: Grimmsnarl|[spread] p2a,p2b
|-immune|p1a: Pelipper
|-supereffective|p2b: Metagross|1
|-damage|p2a: Grimmsnarl|71/100
|-damage|p2b: Metagross|57/100
|move|p2b: Metagross|Psychic Fangs|p1b: Swampert
|-crit|p1b: Swampert
|-damage|p1b: Swampert|19/100
|
|-weather|RainDance|[upkeep]
|upkeep
|turn|2
|
|t:|1782579462
|move|p1b: Swampert|Protect|p1b: Swampert
|-singleturn|p1b: Swampert|Protect
|move|p2a: Grimmsnarl|Light Screen|p2a: Grimmsnarl
|-sidestart|p2: OLMIKNUJB|move: Light Screen
|move|p2b: Metagross|Psychic Fangs|p1b: Swampert
|-activate|p1b: Swampert|move: Protect
|move|p1a: Pelipper|Tailwind|p1a: Pelipper
|-sidestart|p1: Awammy|move: Tailwind
|
|-weather|RainDance|[upkeep]
|upkeep
|turn|3
|
|t:|1782579495
|switch|p1b: Archaludon|Archaludon, L50, M, shiny|100/100
|move|p2a: Grimmsnarl|Parting Shot|p1b: Archaludon
|-unboost|p1b: Archaludon|atk|1
|-unboost|p1b: Archaludon|spa|1
|
|t:|1782579502
|switch|p2a: Sinistcha|Sinistcha, L50|100/100|[from] Parting Shot
|-heal|p2b: Metagross|82/100|[from] ability: Hospitality|[of] p2a: Sinistcha
|move|p1a: Pelipper|Hurricane|p1b: Archaludon
|-resisted|p1b: Archaludon|1
|-damage|p1b: Archaludon|66/100
|-start|p1b: Archaludon|confusion
|-ability|p1b: Archaludon|Stamina|boost
|-boost|p1b: Archaludon|def|1
|-damage|p1a: Pelipper|90/100|[from] item: Life Orb
|move|p2b: Metagross|Psychic Fangs|p1b: Archaludon
|-resisted|p1b: Archaludon|1
|-damage|p1b: Archaludon|52/100
|-ability|p1b: Archaludon|Stamina|boost
|-boost|p1b: Archaludon|def|1
|
|-weather|RainDance|[upkeep]
|-heal|p1b: Archaludon|58/100|[from] item: Leftovers
|upkeep
|turn|4
|
|t:|1782579529
|move|p1a: Pelipper|Hurricane|p2a: Sinistcha
|-supereffective|p2a: Sinistcha|1
|-enditem|p2a: Sinistcha|Coba Berry|[eat]
|-enditem|p2a: Sinistcha|Coba Berry|[weaken]
|-damage|p2a: Sinistcha|58/100
|-damage|p1a: Pelipper|81/100|[from] item: Life Orb
|-activate|p1b: Archaludon|confusion
|-damage|p1b: Archaludon|55/100|[from] confusion
|move|p2b: Metagross|Body Press|p1b: Archaludon
|-supereffective|p1b: Archaludon|1
|-damage|p1b: Archaludon|30/100
|-ability|p1b: Archaludon|Stamina|boost
|-boost|p1b: Archaludon|def|1
|move|p2a: Sinistcha|Matcha Gotcha|p1a: Pelipper|[spread] p1a,p1b
|-resisted|p1b: Archaludon|2
|-damage|p1a: Pelipper|38/100
|-heal|p2a: Sinistcha|74/100|[from] drain|[of] p1a: Pelipper
|-damage|p1b: Archaludon|24/100
|-heal|p2a: Sinistcha|78/100|[from] drain|[of] p1b: Archaludon
|-status|p1a: Pelipper|brn
|-ability|p1b: Archaludon|Stamina|boost
|-boost|p1b: Archaludon|def|1
|
|-weather|RainDance|[upkeep]
|-heal|p1b: Archaludon|30/100|[from] item: Leftovers
|-damage|p1a: Pelipper|32/100 brn|[from] brn
|upkeep
|turn|5
|
|t:|1782579560
|move|p1a: Pelipper|Hurricane|p2a: Sinistcha
|-supereffective|p2a: Sinistcha|1
|-damage|p2a: Sinistcha|0 fnt
|faint|p2a: Sinistcha
|-damage|p1a: Pelipper|23/100 brn|[from] item: Life Orb
|-activate|p1b: Archaludon|confusion
|move|p1b: Archaludon|Electro Shot||[still]
|-prepare|p1b: Archaludon|Electro Shot
|-boost|p1b: Archaludon|spa|1
|-anim|p1b: Archaludon|Electro Shot|p2b: Metagross
|-damage|p2b: Metagross|55/100
|move|p2b: Metagross|Body Press|p1b: Archaludon
|-supereffective|p1b: Archaludon|1
|-damage|p1b: Archaludon|13/100
|-ability|p1b: Archaludon|Stamina|boost
|-boost|p1b: Archaludon|def|1
|
|-weather|none
|-heal|p1b: Archaludon|19/100|[from] item: Leftovers
|-damage|p1a: Pelipper|17/100 brn|[from] brn
|-sideend|p1: Awammy|move: Tailwind
|upkeep
|
|t:|1782579565
|switch|p2a: Grimmsnarl|Grimmsnarl, L50, M|71/100
|turn|6
|
|t:|1782579587
|switch|p1a: Swampert|Swampert-Mega, L50, F|19/100
|-end|p1b: Archaludon|confusion
|move|p1b: Archaludon|Protect|p1b: Archaludon
|-singleturn|p1b: Archaludon|Protect
|move|p2b: Metagross|Body Press|p1b: Archaludon
|-activate|p1b: Archaludon|move: Protect
|move|p2a: Grimmsnarl|Foul Play|p1b: Archaludon
|-activate|p1b: Archaludon|move: Protect
|
|-heal|p1b: Archaludon|25/100|[from] item: Leftovers
|upkeep
|turn|7
|
|t:|1782579606
|switch|p1a: Pelipper|Pelipper, L50, F|17/100 brn
|-weather|RainDance|[from] ability: Drizzle|[of] p1a: Pelipper
|move|p2b: Metagross|Body Press|p1b: Archaludon
|-supereffective|p1b: Archaludon|1
|-damage|p1b: Archaludon|11/100
|-ability|p1b: Archaludon|Stamina|boost
|-boost|p1b: Archaludon|def|1
|move|p1b: Archaludon|Electro Shot||[still]
|-prepare|p1b: Archaludon|Electro Shot
|-boost|p1b: Archaludon|spa|1
|-anim|p1b: Archaludon|Electro Shot|p2b: Metagross
|-damage|p2b: Metagross|12/100
|move|p2a: Grimmsnarl|Foul Play|p1b: Archaludon
|-damage|p1b: Archaludon|7/100
|
|-weather|RainDance|[upkeep]
|-heal|p1b: Archaludon|13/100|[from] item: Leftovers
|-damage|p1a: Pelipper|11/100 brn|[from] brn
|upkeep
|turn|8
|
|t:|1782579638
|move|p1b: Archaludon|Protect|p1b: Archaludon
|-singleturn|p1b: Archaludon|Protect
|move|p2b: Metagross|Body Press|p1b: Archaludon
|-activate|p1b: Archaludon|move: Protect
|move|p1a: Pelipper|Tailwind|p1a: Pelipper
|-sidestart|p1: Awammy|move: Tailwind
|move|p2a: Grimmsnarl|Foul Play|p1b: Archaludon
|-activate|p1b: Archaludon|move: Protect
|
|-weather|RainDance|[upkeep]
|-heal|p1b: Archaludon|19/100|[from] item: Leftovers
|-damage|p1a: Pelipper|5/100 brn|[from] brn
|-sideend|p2: OLMIKNUJB|Reflect
|upkeep
|turn|9
|
|t:|1782579651
|move|p2b: Metagross|Protect|p2b: Metagross
|-singleturn|p2b: Metagross|Protect
|move|p1a: Pelipper|Weather Ball|p2b: Metagross
|-activate|p2b: Metagross|move: Protect
|move|p1b: Archaludon|Electro Shot||[still]
|-prepare|p1b: Archaludon|Electro Shot
|-boost|p1b: Archaludon|spa|1
|-anim|p1b: Archaludon|Electro Shot|p2a: Grimmsnarl
|-damage|p2a: Grimmsnarl|19/100
|move|p2a: Grimmsnarl|Foul Play|p1b: Archaludon
|-damage|p1b: Archaludon|15/100
|
|-weather|RainDance|[upkeep]
|-heal|p1b: Archaludon|21/100|[from] item: Leftovers
|-damage|p1a: Pelipper|0 fnt|[from] brn
|faint|p1a: Pelipper
|-sideend|p2: OLMIKNUJB|move: Light Screen
|upkeep
|
|t:|1782579669
|switch|p1a: Swampert|Swampert-Mega, L50, F|19/100
|turn|10
|
|t:|1782579676
|switch|p2b: Pelipper|Pelipper, L50, M|100/100
|move|p1b: Archaludon|Protect|p1b: Archaludon
|-singleturn|p1b: Archaludon|Protect
|move|p2a: Grimmsnarl|Parting Shot|p1b: Archaludon
|-activate|p1b: Archaludon|move: Protect
|move|p1a: Swampert|Earthquake|p2a: Grimmsnarl|[spread] p2a
|-activate|p1b: Archaludon|move: Protect
|-immune|p2b: Pelipper
|-damage|p2a: Grimmsnarl|0 fnt
|faint|p2a: Grimmsnarl
|
|-weather|RainDance|[upkeep]
|-heal|p1b: Archaludon|27/100|[from] item: Leftovers
|upkeep
|
|t:|1782579681
|switch|p2a: Metagross|Metagross-Mega, L50|12/100
|turn|11
|
|t:|1782579699
|move|p2a: Metagross|Protect|p2a: Metagross
|-singleturn|p2a: Metagross|Protect
|move|p1a: Swampert|Wave Crash|p2a: Metagross
|-activate|p2a: Metagross|move: Protect
|move|p1b: Archaludon|Electro Shot||[still]
|-prepare|p1b: Archaludon|Electro Shot
|-boost|p1b: Archaludon|spa|1
|-anim|p1b: Archaludon|Electro Shot|p2b: Pelipper
|-supereffective|p2b: Pelipper|2
|-damage|p2b: Pelipper|0 fnt
|faint|p2b: Pelipper
|
|-weather|none
|-heal|p1b: Archaludon|33/100|[from] item: Leftovers
|-sideend|p1: Awammy|move: Tailwind
|upkeep
|turn|12
|
|t:|1782579710
|move|p1b: Archaludon|Protect|p1b: Archaludon
|-singleturn|p1b: Archaludon|Protect
|move|p2a: Metagross|Psychic Fangs|p1a: Swampert
|-damage|p1a: Swampert|0 fnt
|faint|p1a: Swampert
|
|-heal|p1b: Archaludon|40/100|[from] item: Leftovers
|upkeep
|
|t:|1782579714
|switch|p1a: Glimmora|Glimmora, L50, F|100/100
|turn|13
|
|t:|1782579720
|move|p1a: Glimmora|Spiky Shield|p1a: Glimmora
|-singleturn|p1a: Glimmora|move: Protect
|move|p2a: Metagross|Psychic Fangs|p1a: Glimmora
|-activate|p1a: Glimmora|move: Protect
|-damage|p2a: Metagross|0 fnt|[from] Spiky Shield|[of] p1a: Glimmora
|faint|p2a: Metagross
|
|win|Awammy
|raw|Awammy's rating: 1041 → 1076(+35 for winning)
|raw|OLMIKNUJB's rating: 1052 → 1034(-18 for losing)
