|j|Ōśåxelsior
|j|ŌśåDragonairJordan23
|html|xelsiorDragonairJordan23    
|uhtml|bestof|Game 1 of a best-of-3
|t:|1784776328
|gametype|doubles
|player|p1|xelsior|colress|
|player|p2|DragonairJordan23|dancer|
|gen|9
|tier|[Gen 9 Champions] VGC 2026 Reg M-B (Bo3)
|rule|Species Clause: Limit one of each Pok├®mon
|rule|Item Clause: Limit 1 of each item
|clearpoke
|poke|p1|Blastoise, L50, F|
|poke|p1|Sinistcha, L50|
|poke|p1|Excadrill, L50, F|
|poke|p1|Liepard, L50, M|
|poke|p1|Hawlucha, L50, F|
|poke|p1|Snorlax, L50, M|
|poke|p2|Morpeko, L50, F|
|poke|p2|Aerodactyl, L50, M|
|poke|p2|Garchomp, L50, M|
|poke|p2|Primarina, L50, F|
|poke|p2|Scovillain, L50, M|
|poke|p2|Ninetales, L50, M|
|teampreview|4
|showteam|p1|Blastoise||Blastoisinite|Torrent|Protect,WaterSpout,WaterPulse,ShellSmash|Modest||F|||50|]Sinistcha||CobaBerry|Hospitality|MatchaGotcha,RagePowder,TrickRoom,Protect|Bold|||||50|]Excadrill||ChoiceScarf|SandForce|IronHead,Earthquake,RockSlide,HighHorsepower|Jolly||F|||50|]Liepard||RoseliBerry|Prankster|FakeOut,RainDance,KnockOff,Encore|Jolly||M|||50|]Hawlucha||Hawluchanite|Limber|CrossChop,Feint,Entrainment,Protect|Jolly||F|||50|]Snorlax||SitrusBerry|Immunity|Fissure,Facade,BellyDrum,Protect|Brave||M|||50|
|showteam|p2|Morpeko||FocusSash|HungerSwitch|FakeOut,AuraWheel,Taunt,Protect|Jolly||F|||50|]Aerodactyl||Aerodactylite|RockHead|RockSlide,DualWingbeat,Protect,Whirlwind|Jolly||M|||50|]Garchomp||LifeOrb|RoughSkin|Earthquake,DragonClaw,HelpingHand,Protect|Jolly||M|||50|]Primarina||ExpertBelt|LiquidVoice|IceBeam,EnergyBall,HyperVoice,Protect|Modest||F|||50|]Scovillain||Scovillainite|Chlorophyll|BurningJealousy,GigaDrain,Growth,Protect|Timid||M|||50|]Ninetales||HeatRock|Drought|Overheat,Disable,Encore,Protect|Timid||M|||50|
|c|ŌśåDragonairJordan23|glhf
|c|Ōśåxelsior|hi sorry was sending a text
|c|ŌśåDragonairJordan23|I think he could have arc over the fissure lax stuff
|c|Ōśåxelsior|glhf
|c|ŌśåDragonairJordan23|instead of hawlucha
|c|ŌśåDragonairJordan23|and then eq on lax instead
|c|Ōśåxelsior|likely not going to bring ohko yeah
|c|Ōśåxelsior|he brought stomping tantrum to me
|c|ŌśåDragonairJordan23|did you have wideguard?
|c|Ōśåxelsior|arc seems good into you
|c|ŌśåDragonairJordan23|that's prob why
|c|ŌśåDragonairJordan23|for pelli
|c|Ōśåxelsior|i could have on peli
|c|Ōśåxelsior|well but also prob doesn't want to hit his own mons
|c|Ōśåxelsior|even sini is not taking that well
|c|ŌśåDragonairJordan23|true
|c|ŌśåDragonairJordan23|he has prot and lucha
|c|Ōśåxelsior|ye
|c|ŌśåDragonairJordan23|and I have no facade resists
|c|ŌśåDragonairJordan23|rock slide could also work
|c|Ōśåxelsior|alright i'm gonna stop yapping and pick my mons
|c|ŌśåDragonairJordan23|rock slide facade doesn't hit my 6 rock types
|c|ŌśåDragonairJordan23|so I was thinking hh stomping or eq
|
|t:|1784776516
|teamsize|p1|4
|teamsize|p2|4
|start
|switch|p1a: Hawlucha|Hawlucha, L50, F|100/100
|switch|p1b: Snorlax|Snorlax, L50, M|100/100
|switch|p2a: Morpeko|Morpeko, L50, F|100/100
|switch|p2b: Aerodactyl|Aerodactyl, L50, M|100/100
|turn|1
|c|ŌśåDragonairJordan23|I also think it's prob brave bird over feint
|
|t:|1784776549
|detailschange|p2b: Aerodactyl|Aerodactyl-Mega, L50, M
|-mega|p2b: Aerodactyl|Aerodactyl|Aerodactylite
|move|p1a: Hawlucha|Protect|p1a: Hawlucha
|-singleturn|p1a: Hawlucha|Protect
|move|p2a: Morpeko|Fake Out|p1a: Hawlucha
|-activate|p1a: Hawlucha|move: Protect
|move|p1b: Snorlax|Belly Drum|p1b: Snorlax
|-damage|p1b: Snorlax|50/100g
|-setboost|p1b: Snorlax|atk|6|[from] move: Belly Drum
|move|p2b: Aerodactyl|Whirlwind|p1b: Snorlax
|drag|p1b: Sinistcha|Sinistcha, L50|100/100
|
|-formechange|p2a: Morpeko|Morpeko-Hangry|
|upkeep
|turn|2
|c|ŌśåDragonairJordan23|but feint breaks wide guard
|c|Ōśåxelsior|probably
|c|ŌśåDragonairJordan23|forgot to optimize lax hp
|
|t:|1784776585
|switch|p1a: Snorlax|Snorlax, L50, M|50/100g
|move|p1b: Sinistcha|Protect|p1b: Sinistcha
|-singleturn|p1b: Sinistcha|Protect
|move|p2b: Aerodactyl|Dual Wingbeat|p1a: Snorlax
|-damage|p1a: Snorlax|34/100
|-enditem|p1a: Snorlax|Sitrus Berry|[eat]
|-heal|p1a: Snorlax|58/100|[from] item: Sitrus Berry
|-damage|p1a: Snorlax|42/100
|-hitcount|p1a: Snorlax|2
|move|p2a: Morpeko|Taunt|p1b: Sinistcha
|-activate|p1b: Sinistcha|move: Protect
|
|-formechange|p2a: Morpeko|Morpeko|
|upkeep
|turn|3
|c|ŌśåDragonairJordan23|whoops
|
|t:|1784776622
|move|p2b: Aerodactyl|Rock Slide|p1b: Sinistcha|[spread] p1a,p1b
|-damage|p1a: Snorlax|22/100
|-damage|p1b: Sinistcha|75/100
|move|p2a: Morpeko|Taunt|p1b: Sinistcha
|-start|p1b: Sinistcha|move: Taunt
|move|p1b: Sinistcha|Matcha Gotcha|p2b: Aerodactyl|[spread] p2a,p2b
|-damage|p2a: Morpeko|48/100
|-heal|p1b: Sinistcha|95/100|[from] drain|[of] p2a: Morpeko
|-damage|p2b: Aerodactyl|69/100
|-heal|p1b: Sinistcha|100/100|[from] drain|[of] p2b: Aerodactyl
|-status|p2b: Aerodactyl|brn
|cant|p1a: Snorlax|flinch
|
|-damage|p2b: Aerodactyl|63/100 brn|[from] brn
|-formechange|p2a: Morpeko|Morpeko-Hangry|
|upkeep
|turn|4
|c|Ōśåxelsior|whoops
|c|Ōśåxelsior|wrong move
|c|Ōśåxelsior|didn't matter tho
|
|t:|1784776647
|switch|p1b: Hawlucha|Hawlucha, L50, F|100/100
|move|p2b: Aerodactyl|Dual Wingbeat|p1b: Hawlucha
|-supereffective|p1b: Hawlucha|1
|-damage|p1b: Hawlucha|62/100
|-supereffective|p1b: Hawlucha|1
|-damage|p1b: Hawlucha|25/100
|-hitcount|p1b: Hawlucha|2
|move|p2a: Morpeko|Aura Wheel|p1b: Hawlucha
|-resisted|p1b: Hawlucha|1
|-damage|p1b: Hawlucha|0 fnt
|-boost|p2a: Morpeko|spe|1
|faint|p1b: Hawlucha
|move|p1a: Snorlax|Facade|p2a: Morpeko
|-damage|p2a: Morpeko|0 fnt
|faint|p2a: Morpeko
|
|-damage|p2b: Aerodactyl|57/100 brn|[from] brn
|upkeep
|
|t:|1784776663
|switch|p1b: Sinistcha|Sinistcha, L50|100/100
|switch|p2a: Garchomp|Garchomp, L50, M|100/100
|-heal|p1a: Snorlax|47/100|[from] ability: Hospitality|[of] p1b: Sinistcha
|turn|5
|
|t:|1784776691
|move|p2b: Aerodactyl|Dual Wingbeat|p1b: Sinistcha
|-supereffective|p1b: Sinistcha|1
|-enditem|p1b: Sinistcha|Coba Berry|[eat]
|-enditem|p1b: Sinistcha|Coba Berry|[weaken]
|-damage|p1b: Sinistcha|90/100
|-supereffective|p1b: Sinistcha|1
|-damage|p1b: Sinistcha|66/100
|-hitcount|p1b: Sinistcha|2
|move|p2a: Garchomp|Dragon Claw|p1b: Sinistcha
|-damage|p1b: Sinistcha|18/100
|-damage|p2a: Garchomp|90/100|[from] item: Life Orb
|move|p1a: Snorlax|Fissure|p2a: Garchomp
|-damage|p2a: Garchomp|0 fnt
|faint|p2a: Garchomp
|-ohko
|move|p1b: Sinistcha|Trick Room|p1b: Sinistcha
|-fieldstart|move: Trick Room|[of] p1b: Sinistcha
|
|-damage|p2b: Aerodactyl|51/100 brn|[from] brn
|upkeep
|c|Ōśåxelsior|nice
|c|ŌśåDragonairJordan23|sigh
|
|t:|1784776707
|switch|p2a: Primarina|Primarina, L50, F|100/100
|turn|6
|
|t:|1784776713
|move|p2a: Primarina|Protect|p2a: Primarina
|-singleturn|p2a: Primarina|Protect
|move|p1a: Snorlax|Facade|p2a: Primarina
|-activate|p2a: Primarina|move: Protect
|move|p1b: Sinistcha|Matcha Gotcha|p2b: Aerodactyl|[spread] p2b
|-activate|p2a: Primarina|move: Protect
|-damage|p2b: Aerodactyl|23/100 brn
|-heal|p1b: Sinistcha|31/100|[from] drain|[of] p2b: Aerodactyl
|move|p2b: Aerodactyl|Rock Slide|p1b: Sinistcha|[spread] p1a,p1b
|-damage|p1a: Snorlax|37/100
|-damage|p1b: Sinistcha|20/100y
|
|-damage|p2b: Aerodactyl|17/100 brn|[from] brn
|upkeep
|turn|7
|
|t:|1784776736
|move|p2b: Aerodactyl|Protect|p2b: Aerodactyl
|-singleturn|p2b: Aerodactyl|Protect
|move|p1a: Snorlax|Facade|p2a: Primarina
|-damage|p2a: Primarina|63/100
|move|p2a: Primarina|Ice Beam|p1b: Sinistcha
|-supereffective|p1b: Sinistcha|1
|-damage|p1b: Sinistcha|0 fnt
|faint|p1b: Sinistcha
|
|-damage|p2b: Aerodactyl|11/100 brn|[from] brn
|upkeep
|c|Ōśåxelsior|uh oh
|c|Ōśåxelsior|wasn't thinking about that
|
|t:|1784776761
|switch|p1b: Excadrill|Excadrill, L50, F|100/100
|turn|8
|c|ŌśåDragonairJordan23|I made it underspeed min speed cha
|c|ŌśåDragonairJordan23|for that reason
|c|Ōśåxelsior|this isn't min speed cha
|c|ŌśåDragonairJordan23|ik
|c|Ōśåxelsior|it's neutral nature
|c|ŌśåDragonairJordan23|but I would
|c|ŌśåDragonairJordan23|underspeed it regardles
|c|Ōśåxelsior|fair
|
|t:|1784776823
|move|p1a: Snorlax|Fissure|p2a: Primarina
|-damage|p2a: Primarina|0 fnt
|faint|p2a: Primarina
|-ohko
|move|p2b: Aerodactyl|Rock Slide|p1a: Snorlax|[spread] p1a,p1b
|-resisted|p1b: Excadrill|2
|-damage|p1a: Snorlax|28/100
|-damage|p1b: Excadrill|95/100
|move|p1b: Excadrill|Iron Head|p2b: Aerodactyl
|-supereffective|p2b: Aerodactyl|1
|-damage|p2b: Aerodactyl|0 fnt
|faint|p2b: Aerodactyl
|
|win|xelsior
