|j|☆harrybxrry
|j|☆Alex Blader
|html|harrybxrryAlex Blader    
|uhtml|bestof|Game 1 of a best-of-3
|t:|1784472907
|gametype|doubles
|player|p1|harrybxrry|ingo|
|player|p2|Alex Blader|drayden|
|gen|9
|tier|[Gen 9 Champions] VGC 2026 Reg M-B (Bo3)
|rule|Species Clause: Limit one of each Pokémon
|rule|Item Clause: Limit 1 of each item
|clearpoke
|poke|p1|Blastoise, L50, M|
|poke|p1|Orthworm, L50, F|
|poke|p1|Sylveon, L50, F, shiny|
|poke|p1|Incineroar, L50, M|
|poke|p1|Banette, L50, M|
|poke|p1|Kleavor, L50, M, shiny|
|poke|p2|Sceptile, L50, M|
|poke|p2|Rotom-Heat, L50|
|poke|p2|Scizor, L50, F|
|poke|p2|Liepard, L50, F|
|poke|p2|Sinistcha, L50|
|poke|p2|Krookodile, L50, M|
|teampreview|4
|showteam|p1|Blastoise||Blastoisinite|RainDish|WaterSpout,DarkPulse,FakeOut,ShellSmash|Modest||M|||50|]Orthworm||OccaBerry|EarthEater|BodyPress,ShedTail,HeavySlam,Protect|Careful||F|||50|]Sylveon||FairyFeather|Pixilate|HyperVoice,WeatherBall,HyperBeam,QuickAttack|Modest||F|||50|]Incineroar||SitrusBerry|Intimidate|FakeOut,PartingShot,FlareBlitz,DarkestLariat|Careful||M|||50|]Banette||Banettite|Frisk|RainDance,Encore,TrickRoom,Poltergeist|Adamant||M|||50|]Kleavor||FocusSash|Sharpness|StoneAxe,RainDance,XScissor,Tailwind|Adamant||M|||50|
|showteam|p2|Sceptile||Sceptilite|Overgrow|Protect,FocusBlast,LeafStorm,EarthPower|Modest||M|||50|]Rotom-Heat||ChoiceScarf|Levitate|Discharge,VoltSwitch,Overheat,WillOWisp|Modest|||||50|]Scizor||Scizorite|Technician|BugBite,BulletPunch,Protect,SwordsDance|Adamant||F|||50|]Liepard||FocusSash|Prankster|Taunt,Encore,FakeOut,FoulPlay|Jolly||F|||50|]Sinistcha||SitrusBerry|Hospitality|MatchaGotcha,RagePowder,LifeDew,Protect|Calm|||||50|]Krookodile||RoseliBerry|Intimidate|Earthquake,IronHead,CloseCombat,Protect|Jolly||M|||50|
|c|☆harrybxrry|glhf
|
|t:|1784473026
|teamsize|p1|4
|teamsize|p2|4
|start
|switch|p1a: Sally|Orthworm, L50, F|100/100
|switch|p1b: Wolfe|Incineroar, L50, M|100/100
|switch|p2a: Lea|Liepard, L50, F|100/100
|switch|p2b: Asbel|Sceptile, L50, M|100/100
|-ability|p1b: Wolfe|Intimidate|boost
|-unboost|p2a: Lea|atk|1
|-unboost|p2b: Asbel|atk|1
|turn|1
|
|t:|1784473121
|switch|p1a: Big Red Button|Sylveon, L50, F, shiny|100/100
|detailschange|p2b: Asbel|Sceptile-Mega, L50, M
|-mega|p2b: Asbel|Sceptile|Sceptilite
|move|p2a: Lea|Fake Out|p1b: Wolfe
|-damage|p1b: Wolfe|93/100
|move|p2b: Asbel|Focus Blast|p1a: Big Red Button
|-resisted|p1a: Big Red Button|1
|-damage|p1a: Big Red Button|84/100
|cant|p1b: Wolfe|flinch
|
|upkeep
|turn|2
|
|t:|1784473168
|switch|p2a: 1945|Rotom-Heat, L50|100/100
|move|p2b: Asbel|Protect|p2b: Asbel
|-singleturn|p2b: Asbel|Protect
|move|p1b: Wolfe|Parting Shot|p2b: Asbel
|-activate|p2b: Asbel|move: Protect
|move|p1a: Big Red Button|Hyper Voice|p2b: Asbel|[spread] p2a
|-activate|p2b: Asbel|move: Protect
|-resisted|p2a: 1945|1
|-damage|p2a: 1945|68/100
|
|upkeep
|turn|3
|
|t:|1784473207
|move|p2b: Asbel|Leaf Storm|p1a: Big Red Button
|-damage|p1a: Big Red Button|31/100
|-unboost|p2b: Asbel|spa|2
|move|p2a: 1945|Discharge|p1a: Big Red Button|[spread] p1a,p1b
|-ability|p2b: Asbel|Lightning Rod|boost
|-boost|p2b: Asbel|spa|1
|-damage|p1a: Big Red Button|10/100
|-damage|p1b: Wolfe|69/100
|-status|p1a: Big Red Button|par
|move|p1b: Wolfe|Darkest Lariat|p2a: 1945
|-damage|p2a: 1945|31/100
|move|p1a: Big Red Button|Hyper Voice|p2a: 1945|[spread] p2a,p2b
|-resisted|p2a: 1945|1
|-supereffective|p2b: Asbel|1
|-damage|p2a: 1945|1/100
|-damage|p2b: Asbel|0 fnt
|faint|p2b: Asbel
|
|upkeep
|
|t:|1784473223
|switch|p2b: One Piece Glazer|Krookodile, L50, M|100/100
|-ability|p2b: One Piece Glazer|Intimidate|boost
|-unboost|p1a: Big Red Button|atk|1
|-unboost|p1b: Wolfe|atk|1
|turn|4
|
|t:|1784473239
|cant|p1a: Big Red Button|par
|move|p2a: 1945|Discharge|p1a: Big Red Button|[spread] p1a,p1b
|-immune|p2b: One Piece Glazer
|-damage|p1a: Big Red Button|0 fnt
|-damage|p1b: Wolfe|45/100
|-status|p1b: Wolfe|par
|-enditem|p1b: Wolfe|Sitrus Berry|[eat]
|-heal|p1b: Wolfe|70/100 par|[from] item: Sitrus Berry
|faint|p1a: Big Red Button
|move|p2b: One Piece Glazer|Earthquake|p1b: Wolfe|[spread] p1b
|-immune|p2a: 1945|[from] ability: Levitate
|-supereffective|p1b: Wolfe|1
|-damage|p1b: Wolfe|3/100 par
|move|p1b: Wolfe|Parting Shot|p2b: One Piece Glazer
|-unboost|p2b: One Piece Glazer|atk|1
|-unboost|p2b: One Piece Glazer|spa|1
|
|t:|1784473259
|switch|p1b: Sally|Orthworm, L50, F|100/100|[from] Parting Shot
|
|upkeep
|
|t:|1784473265
|switch|p1a: Wolfe|Incineroar, L50, M|3/100 par
|-ability|p1a: Wolfe|Intimidate|boost
|-unboost|p2a: 1945|atk|1
|-unboost|p2b: One Piece Glazer|atk|1
|turn|5
|
|t:|1784473286
|switch|p2a: Lea|Liepard, L50, F|100/100
|move|p1a: Wolfe|Fake Out|p2b: One Piece Glazer
|-damage|p2b: One Piece Glazer|87/100
|cant|p2b: One Piece Glazer|flinch
|move|p1b: Sally|Shed Tail|p1b: Sally
|-start|p1b: Sally|Substitute|[from] move: Shed Tail
|-damage|p1b: Sally|50/100y
|
|t:|1784473295
|switch|p1b: Caravan|Blastoise, L50, M|100/100|[from] Shed Tail
|
|upkeep
|turn|6
|
|t:|1784473329
|detailschange|p1b: Caravan|Blastoise-Mega, L50, M
|-mega|p1b: Caravan|Blastoise|Blastoisinite
|move|p2a: Lea|Fake Out|p1a: Wolfe
|-damage|p1a: Wolfe|0 fnt
|faint|p1a: Wolfe
|move|p2b: One Piece Glazer|Close Combat|p1b: Caravan
|-activate|p1b: Caravan|move: Substitute|[damage]
|-unboost|p2b: One Piece Glazer|def|1
|-unboost|p2b: One Piece Glazer|spd|1
|move|p1b: Caravan|Shell Smash|p1b: Caravan
|-unboost|p1b: Caravan|def|1
|-unboost|p1b: Caravan|spd|1
|-boost|p1b: Caravan|atk|2
|-boost|p1b: Caravan|spa|2
|-boost|p1b: Caravan|spe|2
|
|upkeep
|
|t:|1784473342
|switch|p1a: Sally|Orthworm, L50, F|50/100y
|turn|7
|
|t:|1784473365
|move|p1b: Caravan|Water Spout|p2b: One Piece Glazer|[spread] p2a,p2b
|-supereffective|p2b: One Piece Glazer|1
|-enditem|p2a: Lea|Focus Sash
|-damage|p2a: Lea|1/100
|-damage|p2b: One Piece Glazer|0 fnt
|faint|p2b: One Piece Glazer
|move|p2a: Lea|Foul Play|p1b: Caravan
|-end|p1b: Caravan|Substitute
|move|p1a: Sally|Body Press|p2a: Lea
|-supereffective|p2a: Lea|1
|-damage|p2a: Lea|0 fnt
|faint|p2a: Lea
|
|upkeep
|
|t:|1784473371
|switch|p2a: 1945|Rotom-Heat, L50|1/100
|turn|8
|
|t:|1784473383
|move|p1b: Caravan|Dark Pulse|p2a: 1945
|-damage|p2a: 1945|0 fnt
|faint|p2a: 1945
|
|win|harrybxrry
||Alex Blader is ready for game 2.
