|j|☆maynustucachero
|j|☆Crimson Jake
|html|maynustucacheroCrimson Jake    
|uhtml|bestof|Game 1 of a best-of-3
|t:|1782347943
|gametype|doubles
|player|p1|maynustucachero|169|1102
|player|p2|Crimson Jake|blue|1110
|gen|9
|tier|[Gen 9 Champions] VGC 2026 Reg M-B (Bo3)
|rated|
|rule|Species Clause: Limit one of each Pokémon
|rule|Item Clause: Limit 1 of each item
|clearpoke
|poke|p1|Garchomp, L50, M|
|poke|p1|Sylveon, L50, M|
|poke|p1|Farigiraf, L50, M|
|poke|p1|Aerodactyl, L50, F|
|poke|p1|Kingambit, L50, M|
|poke|p1|Charizard, L50, M|
|poke|p2|Tyranitar, L50, M|
|poke|p2|Charizard, L50, M|
|poke|p2|Greninja, L50, M, shiny|
|poke|p2|Sinistcha, L50|
|poke|p2|Whimsicott, L50, F, shiny|
|poke|p2|Archaludon, L50, M|
|teampreview|4
|showteam|p1|Garchomp||SoftSand|RoughSkin|Protect,Earthquake,DragonClaw,StompingTantrum|Jolly||M|||50|]Sylveon||FairyFeather|Pixilate|Protect,HyperVoice,QuickAttack,HyperBeam|Modest||M|||50|]Farigiraf||SitrusBerry|ArmorTail|TrickRoom,TwinBeam,Roar,Thunderbolt|Bold||M|||50|]Aerodactyl||Aerodactylite|Unnerve|RockSlide,IceFang,Tailwind,DualWingbeat|Jolly||F|||50|]Kingambit||FocusSash|Defiant|KowtowCleave,IronHead,LowKick,SuckerPunch|Adamant||M|||50|]Charizard||CharizarditeY|Blaze|Protect,HeatWave,WeatherBall,SolarBeam|Modest||M|||50|
|showteam|p2|Tyranitar||SitrusBerry|SandStream|LowKick,LashOut,RockSlide,Protect|Adamant||M|||50|]Charizard||CharizarditeY|SolarPower|AirSlash,HeatWave,SolarBeam,Protect|Timid||M|||50|]Greninja||Greninjite|Protean|WeatherBall,SludgeWave,DarkPulse,IceBeam|Timid||M|||50|]Sinistcha||Leftovers|Hospitality|MatchaGotcha,StrengthSap,RagePowder,LifeDew|Bold|||||50|]Whimsicott||FocusSash|Prankster|Tailwind,Moonblast,Encore,HelpingHand|Bold||F|||50|]Archaludon||ExpertBelt|Stamina|ElectroShot,FlashCannon,Protect,DragonPulse|Timid||M|||50|
|c|☆Crimson Jake|if i have to play one more trick room team im jumping off a bridge
|
|t:|1782347989
|teamsize|p1|4
|teamsize|p2|4
|start
|switch|p1a: Aerodactyl|Aerodactyl, L50, F|100/100
|switch|p1b: Kingambit|Kingambit, L50, M|100/100
|switch|p2a: Don|Archaludon, L50, M|100/100
|switch|p2b: Proteus|Greninja, L50, M, shiny|100/100
|-ability|p1a: Aerodactyl|Unnerve
|turn|1
|inactive|Battle timer is ON: inactive players will automatically lose when time's up. (requested by Crimson Jake)
|inactive|maynustucachero has 60 seconds left.
|inactive|Crimson Jake has 60 seconds left.
|
|t:|1782348023
|detailschange|p1a: Aerodactyl|Aerodactyl-Mega, L50, F
|-mega|p1a: Aerodactyl|Aerodactyl|Aerodactylite
|move|p2b: Proteus|Ice Beam|p1a: Aerodactyl
|-start|p2b: Proteus|typechange|Ice|[from] ability: Protean
|-supereffective|p1a: Aerodactyl|1
|-crit|p1a: Aerodactyl
|-damage|p1a: Aerodactyl|0 fnt
|faint|p1a: Aerodactyl
|move|p2a: Don|Electro Shot||[still]
|-prepare|p2a: Don|Electro Shot
|-boost|p2a: Don|spa|1
|move|p1b: Kingambit|Low Kick|p2a: Don
|-supereffective|p2a: Don|1
|-damage|p2a: Don|64/100
|-ability|p2a: Don|Stamina|boost
|-boost|p2a: Don|def|1
|
|upkeep
|
|t:|1782348031
|switch|p1a: Sylveon|Sylveon, L50, M|100/100
|turn|2
|
|t:|1782348041
|move|p2b: Proteus|Sludge Wave|p1b: Kingambit|[spread] p1a
|-immune|p2a: Don
|-immune|p1b: Kingambit
|-supereffective|p1a: Sylveon|1
|-damage|p1a: Sylveon|65/100
|move|p2a: Don|Electro Shot|p1a: Sylveon|[from] lockedmove
|-damage|p1a: Sylveon|8/100
|move|p1a: Sylveon|Hyper Voice|p2a: Don|[spread] p2a,p2b
|-damage|p2a: Don|2/100
|-damage|p2b: Proteus|36/100
|-ability|p2a: Don|Stamina|boost
|-boost|p2a: Don|def|1
|move|p1b: Kingambit|Iron Head|p2b: Proteus
|-supereffective|p2b: Proteus|1
|-damage|p2b: Proteus|0 fnt
|faint|p2b: Proteus
|
|upkeep
|
|t:|1782348054
|switch|p2b: Thea|Sinistcha, L50|100/100
|-heal|p2a: Don|27/100|[from] ability: Hospitality|[of] p2b: Thea
|turn|3
|
|t:|1782348059
|move|p2a: Don|Protect|p2a: Don
|-singleturn|p2a: Don|Protect
|move|p2b: Thea|Life Dew||[still]|[spread] p2a,p2b
|-heal|p2a: Don|52/100
|-fail|p2b: Thea|heal
|move|p1a: Sylveon|Hyper Voice|p2a: Don|[spread] p2b
|-activate|p2a: Don|move: Protect
|-damage|p2b: Thea|53/100
|move|p1b: Kingambit|Low Kick|p2a: Don
|-activate|p2a: Don|move: Protect
|
|-heal|p2b: Thea|60/100|[from] item: Leftovers
|upkeep
|turn|4
|
|t:|1782348080
|move|p2a: Don|Flash Cannon|p1a: Sylveon
|-supereffective|p1a: Sylveon|1
|-damage|p1a: Sylveon|0 fnt
|faint|p1a: Sylveon
|move|p2b: Thea|Strength Sap|p1b: Kingambit
|-unboost|p1b: Kingambit|atk|1
|-ability|p1b: Kingambit|Defiant|boost
|-boost|p1b: Kingambit|atk|2
|-heal|p2b: Thea|100/100
|move|p1b: Kingambit|Kowtow Cleave|p2b: Thea
|-supereffective|p2b: Thea|1
|-damage|p2b: Thea|7/100
|
|-heal|p2b: Thea|14/100|[from] item: Leftovers
|upkeep
|
|t:|1782348104
|switch|p1a: Garchomp|Garchomp, L50, M|100/100
|turn|5
|
|t:|1782348114
|move|p2b: Thea|Rage Powder|p2b: Thea
|-singleturn|p2b: Thea|move: Rage Powder
|move|p1a: Garchomp|Stomping Tantrum|p2b: Thea
|-resisted|p2b: Thea|1
|-damage|p2b: Thea|0 fnt
|faint|p2b: Thea
|move|p2a: Don|Dragon Pulse|p1b: Kingambit
|-resisted|p1b: Kingambit|1
|-damage|p1b: Kingambit|59/100
|move|p1b: Kingambit|Kowtow Cleave|p2a: Don
|-damage|p2a: Don|31/100
|-ability|p2a: Don|Stamina|boost
|-boost|p2a: Don|def|1
|
|upkeep
|
|t:|1782348123
|switch|p2b: Pyro|Charizard, L50, M|100/100
|turn|6
|
|t:|1782348131
|detailschange|p2b: Pyro|Charizard-Mega-Y, L50, M
|-mega|p2b: Pyro|Charizard|Charizardite Y
|-weather|SunnyDay|[from] ability: Drought|[of] p2b: Pyro
|move|p2a: Don|Protect|p2a: Don
|-singleturn|p2a: Don|Protect
|move|p2b: Pyro|Heat Wave|p1a: Garchomp|[spread] p1b
|-miss|p2b: Pyro|p1a: Garchomp
|-supereffective|p1b: Kingambit|1
|-damage|p1b: Kingambit|0 fnt
|faint|p1b: Kingambit
|move|p1a: Garchomp|Stomping Tantrum|p2a: Don
|-activate|p2a: Don|move: Protect
|
|-weather|SunnyDay|[upkeep]
|upkeep
|turn|7
|
|t:|1782348142
|move|p2b: Pyro|Air Slash|p1a: Garchomp
|-damage|p1a: Garchomp|46/100
|cant|p1a: Garchomp|flinch
|move|p2a: Don|Dragon Pulse|p1a: Garchomp
|-supereffective|p1a: Garchomp|1
|-damage|p1a: Garchomp|0 fnt
|faint|p1a: Garchomp
|
|win|Crimson Jake
||Crimson Jake is ready for game 2.
|inactive|maynustucachero has 30 seconds to confirm battle start!
|inactive|maynustucachero has 20 seconds to confirm battle start!
||maynustucachero is ready for game 2.
|uhtml|next|Next: Game 2 of 3
|l|☆maynustucachero
|player|p1|
