|j|☆pentagonfoot
|j|☆LumiRev
|html|pentagonfootLumiRev    
|uhtml|bestof|Game 2 of a best-of-3
|t:|1757722986
|gametype|doubles
|player|p1|pentagonfoot|caitlin|1172
|player|p2|LumiRev|169|1143
|gen|9
|tier|[Gen 9] VGC 2025 Reg H (Bo3)
|rated|
|rule|Species Clause: Limit one of each Pokémon
|rule|Item Clause: Limit 1 of each item
|clearpoke
|poke|p1|Hatterene, L50, F|
|poke|p1|Indeedee-F, L50, F|
|poke|p1|Torkoal, L50, F|
|poke|p1|Ursaluna, L50, F|
|poke|p1|Gallade, L50, M|
|poke|p1|Maushold, L50|
|poke|p2|Ursaluna, L50, F|
|poke|p2|Torkoal, L50, M|
|poke|p2|Jumpluff, L50, M|
|poke|p2|Incineroar, L50, M|
|poke|p2|Dusclops, L50, M|
|poke|p2|Charizard, L50, M|
|teampreview|4
|showteam|p1|Hatterene||CovertCloak|MagicBounce|ExpandingForce,DazzlingGleam,TeraBlast,TrickRoom|||F|||50|,,,,,Fire]Indeedee-F||PsychicSeed|PsychicSurge|Psychic,FollowMe,HelpingHand,TrickRoom|||F|||50|,,,,,Water]Torkoal||ChoiceSpecs|Drought|Eruption,HeatWave,EarthPower,WeatherBall|||F|||50|,,,,,Fire]Ursaluna||FlameOrb|Guts|Facade,Earthquake,HeadlongRush,Protect|||F|||50|,,,,,Ghost]Gallade||ClearAmulet|Sharpness|SacredSword,PsychoCut,WideGuard,TrickRoom|||M|||50|,,,,,Grass]Maushold||WideLens|Technician|PopulationBomb,FollowMe,Taunt,Protect||||||50|,,,,,Poison
|showteam|p2|Ursaluna||FlameOrb|Guts|Facade,HeadlongRush,Earthquake,Protect|||F|||50|,,,,,Ghost]Torkoal||EjectPack|Drought|Eruption,Overheat,HelpingHand,Protect|||M|||50|,,,,,Fire]Jumpluff||CovertCloak|Chlorophyll|SleepPowder,RagePowder,SunnyDay,Tailwind|||M|||50|,,,,,Water]Incineroar||SafetyGoggles|Intimidate|FakeOut,PartingShot,KnockOff,FlareBlitz|||M|||50|,,,,,Ghost]Dusclops||Eviolite|Pressure|WillOWisp,HelpingHand,SunnyDay,TrickRoom|||M|||50|,,,,,Flying]Charizard||ChoiceSpecs|SolarPower|HeatWave,AirSlash,WeatherBall,Overheat|||M|||50|,,,,,Ghost
|inactive|Battle timer is ON: inactive players will automatically lose when time's up. (requested by pentagonfoot)
|
|t:|1757723001
|teamsize|p1|4
|teamsize|p2|4
|start
|switch|p1a: Catford Bridge|Indeedee-F, L50, F|100/100
|switch|p1b: Victoria|Hatterene, L50, F|100/100
|switch|p2a: Incineroar|Incineroar, L50, M|100/100
|switch|p2b: Dusclops|Dusclops, L50, M|100/100
|-ability|p2a: Incineroar|Intimidate|boost
|-unboost|p1a: Catford Bridge|atk|1
|-unboost|p1b: Victoria|atk|1
|-fieldstart|move: Psychic Terrain|[from] ability: Psychic Surge|[of] p1a: Catford Bridge
|-enditem|p1a: Catford Bridge|Psychic Seed
|-boost|p1a: Catford Bridge|spd|1|[from] item: Psychic Seed
|-ability|p2b: Dusclops|Pressure
|turn|1
|inactive|LumiRev has 30 seconds left.
|
|t:|1757723039
|move|p1a: Catford Bridge|Helping Hand|p1b: Victoria
|-singleturn|p1b: Victoria|Helping Hand|[of] p1a: Catford Bridge
|move|p2a: Incineroar|Parting Shot|p1b: Victoria
|move|p1b: Victoria|Parting Shot|p2a: Incineroar|[from] ability: Magic Bounce
|-unboost|p2a: Incineroar|atk|1
|-unboost|p2a: Incineroar|spa|1
|j| timmytheglueeater
|
|t:|1757723048
|switch|p1b: Sundridge Park|Torkoal, L50, F|100/100|[from] Parting Shot
|-weather|SunnyDay|[from] ability: Drought|[of] p1b: Sundridge Park
|move|p2b: Dusclops|Will-O-Wisp|p1a: Catford Bridge
|-status|p1a: Catford Bridge|brn
|
|-weather|SunnyDay|[upkeep]
|-damage|p1a: Catford Bridge|95/100 brn|[from] brn
|upkeep
|turn|2
|inactive|pentagonfoot has 30 seconds left.
|inactive|LumiRev has 30 seconds left.
|l| timmytheglueeater
|inactive|pentagonfoot has 20 seconds left.
|inactive|LumiRev has 20 seconds left.
|inactive|pentagonfoot has 15 seconds left.
|inactive|pentagonfoot has 10 seconds left.
|
|t:|1757723096
|-terastallize|p1b: Sundridge Park|Fire
|move|p2b: Dusclops|Helping Hand|p2a: Incineroar
|-singleturn|p2a: Incineroar|Helping Hand|[of] p2b: Dusclops
|move|p1a: Catford Bridge|Follow Me|p1a: Catford Bridge
|-singleturn|p1a: Catford Bridge|move: Follow Me
|move|p2a: Incineroar|Knock Off|p1a: Catford Bridge
|-supereffective|p1a: Catford Bridge
|-damage|p1a: Catford Bridge|36/100 brn
|move|p1b: Sundridge Park|Eruption|p2a: Incineroar|[spread] p2a,p2b
|-resisted|p2a: Incineroar
|-damage|p2a: Incineroar|35/100
|-damage|p2b: Dusclops|13/100
|
|-weather|SunnyDay|[upkeep]
|-damage|p1a: Catford Bridge|31/100 brn|[from] brn
|upkeep
|turn|3
|inactive|LumiRev has 30 seconds left.
|inactive|LumiRev has 20 seconds left.
|
|t:|1757723133
|switch|p1a: Victoria|Hatterene, L50, F|100/100
|move|p2b: Dusclops|Helping Hand|p2a: Incineroar
|-singleturn|p2a: Incineroar|Helping Hand|[of] p2b: Dusclops
|move|p2a: Incineroar|Parting Shot|p1b: Sundridge Park
|-unboost|p1b: Sundridge Park|atk|1
|-unboost|p1b: Sundridge Park|spa|1
|
|t:|1757723142
|switch|p2a: Charizard|Charizard, L50, M|100/100|[from] Parting Shot
|move|p1b: Sundridge Park|Eruption|p2a: Charizard|[spread] p2a,p2b
|-resisted|p2a: Charizard
|-damage|p2a: Charizard|36/100
|-damage|p2b: Dusclops|0 fnt
|faint|p2b: Dusclops
|
|-weather|SunnyDay|[upkeep]
|-damage|p2a: Charizard|23/100|[from] ability: Solar Power|[of] p2a: Charizard
|upkeep
|
|t:|1757723151
|switch|p2b: Incineroar|Incineroar, L50, M|35/100
|-ability|p2b: Incineroar|Intimidate|boost
|-unboost|p1a: Victoria|atk|1
|-unboost|p1b: Sundridge Park|atk|1
|turn|4
|
|t:|1757723166
|move|p2b: Incineroar|Fake Out|p1b: Sundridge Park
|-activate|p1b: Sundridge Park|move: Psychic Terrain
|move|p2a: Charizard|Heat Wave|p1b: Sundridge Park|[spread] p1a,p1b
|-resisted|p1b: Sundridge Park
|-damage|p1a: Victoria|0 fnt
|-damage|p1b: Sundridge Park|26/100
|faint|p1a: Victoria
|move|p1b: Sundridge Park|Eruption|p2b: Incineroar|[spread] p2a,p2b
|-resisted|p2a: Charizard
|-resisted|p2b: Incineroar
|-damage|p2a: Charizard|8/100
|-damage|p2b: Incineroar|22/100
|
|-weather|SunnyDay|[upkeep]
|-damage|p2a: Charizard|0 fnt|[from] ability: Solar Power|[of] p2a: Charizard
|faint|p2a: Charizard
|upkeep
|
|t:|1757723183
|switch|p2a: Ursaluna|Ursaluna, L50, F|100/100
|switch|p1a: Slade Green|Gallade, L50, M|100/100
|turn|5
|
|t:|1757723200
|-terastallize|p2a: Ursaluna|Ghost
|move|p2b: Incineroar|Knock Off|p1a: Slade Green
|-damage|p1a: Slade Green|39/100
|-enditem|p1a: Slade Green|Clear Amulet|[from] move: Knock Off|[of] p2b: Incineroar
|move|p2a: Ursaluna|Earthquake|p1a: Slade Green|[spread] p2b,p1a,p1b
|-supereffective|p2b: Incineroar
|-supereffective|p1b: Sundridge Park
|-damage|p2b: Incineroar|0 fnt
|-damage|p1a: Slade Green|0 fnt
|-damage|p1b: Sundridge Park|0 fnt
|faint|p2b: Incineroar
|faint|p1a: Slade Green
|faint|p1b: Sundridge Park
|
|-weather|none
|-fieldend|move: Psychic Terrain
|-status|p2a: Ursaluna|brn|[from] item: Flame Orb
|upkeep
|-message|pentagonfoot forfeited.
|
|win|LumiRev
||pentagonfoot is ready for game 3.
||LumiRev is ready for game 3.
|uhtml|next|Next: Game 3 of 3
|l|☆LumiRev
|player|p2|
