|j|☆parks34VGC
|j|☆elychee267
|html|parks34VGCelychee267    
|uhtml|bestof|Game 2 of a best-of-3
|t:|1783938665
|gametype|doubles
|player|p1|parks34VGC|steven|
|player|p2|elychee267|lucas-gen4pt|
|gen|9
|tier|[Gen 9 Champions] VGC 2026 Reg M-B (Bo3)
|rule|Species Clause: Limit one of each Pokémon
|rule|Item Clause: Limit 1 of each item
|clearpoke
|poke|p1|Metagross, L50|
|poke|p1|Whimsicott, L50, F|
|poke|p1|Staraptor, L50, M|
|poke|p1|Farigiraf, L50, F|
|poke|p1|Glimmora, L50, M|
|poke|p1|Grimmsnarl, L50, M|
|poke|p2|Mawile, L50, F|
|poke|p2|Swampert, L50, M|
|poke|p2|Pelipper, L50, M|
|poke|p2|Sinistcha-Masterpiece, L50|
|poke|p2|Incineroar, L50, F|
|poke|p2|Archaludon, L50, F|
|teampreview|4
|showteam|p1|Metagross||Metagrossite|ClearBody|BulletPunch,PsychicFangs,Protect,BodyPress|Jolly|||||50|]Whimsicott||FocusSash|Prankster|Moonblast,Charm,Protect,Tailwind|Timid||F|||50|]Staraptor||Staraptite|Intimidate|CloseCombat,BraveBird,Protect,Roost|Jolly||M|||50|]Farigiraf||SitrusBerry|ArmorTail|TrickRoom,HyperVoice,HelpingHand,Psychic|Bold||F|||50|]Glimmora||LifeOrb|ToxicDebris|SludgeBomb,EarthPower,SpikyShield,PowerGem|Timid||M|||50|]Grimmsnarl||LightClay|Prankster|LightScreen,Reflect,FakeOut,FoulPlay|Calm||M|||50|
|showteam|p2|Mawile||Mawilite|Intimidate|IronHead,PlayRough,SuckerPunch,Protect|Brave||F|||50|]Swampert||Swampertite|Torrent|WaveCrash,Earthquake,Protect,RockSlide|Adamant||M|||50|]Pelipper||FocusSash|Drizzle|WeatherBall,Hurricane,WideGuard,Tailwind|Timid||M|||50|]Sinistcha-Masterpiece||SitrusBerry|Hospitality|MatchaGotcha,TrickRoom,RagePowder,LifeDew|Sassy|||||50|]Incineroar||ShucaBerry|Intimidate|FakeOut,PartingShot,ThroatChop,Taunt|Careful||F|||50|]Archaludon||Leftovers|Stamina|ElectroShot,FlashCannon,AuraSphere,Protect|Modest||F|||50|
|inactive|Battle timer is ON: inactive players will automatically lose when time's up. (requested by elychee267)
|c|☆elychee267|u need to protect to stall tr
|c|☆elychee267|and also u can reverse tr
|inactive|elychee267 has 60 seconds left.
|
|t:|1783938701
|teamsize|p1|4
|teamsize|p2|4
|start
|switch|p1a: Farigiraf|Farigiraf, L50, F|100/100
|switch|p1b: Grimmsnarl|Grimmsnarl, L50, M|100/100
|switch|p2a: Pelipper|Pelipper, L50, M|100/100
|switch|p2b: Incineroar|Incineroar, L50, F|100/100
|-weather|RainDance|[from] ability: Drizzle|[of] p2a: Pelipper
|-ability|p2b: Incineroar|Intimidate|boost
|-unboost|p1a: Farigiraf|atk|1
|-unboost|p1b: Grimmsnarl|atk|1
|turn|1
|inactive|elychee267 has 30 seconds left.
|inactive|elychee267 has 20 seconds left.
|
|t:|1783938737
|move|p1b: Grimmsnarl|Fake Out|p2a: Pelipper
|-damage|p2a: Pelipper|89/100
|cant|p2a: Pelipper|flinch
|move|p2b: Incineroar|Throat Chop|p1a: Farigiraf
|-supereffective|p1a: Farigiraf|1
|-damage|p1a: Farigiraf|48/100
|-start|p1a: Farigiraf|Throat Chop|[silent]
|-enditem|p1a: Farigiraf|Sitrus Berry|[eat]
|-heal|p1a: Farigiraf|73/100|[from] item: Sitrus Berry
|move|p1a: Farigiraf|Trick Room|p1a: Farigiraf
|-fieldstart|move: Trick Room|[of] p1a: Farigiraf
|
|-weather|RainDance|[upkeep]
|upkeep
|turn|2
|inactive|elychee267 has 30 seconds left.
|
|t:|1783938765
|move|p1b: Grimmsnarl|Light Screen|p1b: Grimmsnarl
|-sidestart|p1: parks34VGC|move: Light Screen
|move|p1a: Farigiraf|Psychic|p2a: Pelipper
|-damage|p2a: Pelipper|35/100
|move|p2b: Incineroar|Taunt|p1b: Grimmsnarl
|-start|p1b: Grimmsnarl|move: Taunt
|move|p2a: Pelipper|Weather Ball|p1a: Farigiraf
|-damage|p1a: Farigiraf|34/100
|
|-weather|RainDance|[upkeep]
|-end|p1a: Farigiraf|Throat Chop|[silent]
|upkeep
|turn|3
|
|t:|1783938781
|switch|p2a: Archaludon|Archaludon, L50, F|100/100
|move|p1b: Grimmsnarl|Foul Play|p2b: Incineroar
|-resisted|p2b: Incineroar|1
|-damage|p2b: Incineroar|83/100
|move|p1a: Farigiraf|Psychic|p2a: Archaludon
|-resisted|p2a: Archaludon|1
|-damage|p2a: Archaludon|73/100
|-ability|p2a: Archaludon|Stamina|boost
|-boost|p2a: Archaludon|def|1
|move|p2b: Incineroar|Throat Chop|p1a: Farigiraf
|-supereffective|p1a: Farigiraf|1
|-damage|p1a: Farigiraf|0 fnt
|faint|p1a: Farigiraf
|
|-weather|RainDance|[upkeep]
|-heal|p2a: Archaludon|79/100|[from] item: Leftovers
|upkeep
|
|t:|1783938792
|switch|p1a: Glimmora|Glimmora, L50, M|100/100
|turn|4
|inactive|elychee267 has 30 seconds left.
|
|t:|1783938819
|move|p2b: Incineroar|Throat Chop|p1a: Glimmora
|-damage|p1a: Glimmora|58/100
|-start|p1a: Glimmora|Throat Chop|[silent]
|-activate|p1a: Glimmora|ability: Toxic Debris
|-sidestart|p2: elychee267|move: Toxic Spikes
|move|p1b: Grimmsnarl|Foul Play|p2b: Incineroar
|-resisted|p2b: Incineroar|1
|-damage|p2b: Incineroar|68/100
|move|p2a: Archaludon|Flash Cannon|p1a: Glimmora
|-supereffective|p1a: Glimmora|1
|-damage|p1a: Glimmora|0 fnt
|faint|p1a: Glimmora
|
|-weather|RainDance|[upkeep]
|-heal|p2a: Archaludon|85/100|[from] item: Leftovers
|upkeep
|
|t:|1783938828
|switch|p1a: Metagross|Metagross, L50|100/100
|turn|5
|c|☆elychee267|u can switch and protect yk
|
|t:|1783938841
|switch|p2b: Pelipper|Pelipper, L50, M|35/100
|move|p1a: Metagross|Protect|p1a: Metagross
|-singleturn|p1a: Metagross|Protect
|move|p1b: Grimmsnarl|Foul Play|p2a: Archaludon
|-damage|p2a: Archaludon|68/100
|-ability|p2a: Archaludon|Stamina|boost
|-boost|p2a: Archaludon|def|1
|move|p2a: Archaludon|Electro Shot||[still]
|-prepare|p2a: Archaludon|Electro Shot
|-boost|p2a: Archaludon|spa|1
|-anim|p2a: Archaludon|Electro Shot|p1a: Metagross
|-activate|p1a: Metagross|move: Protect
|
|-weather|none
|-heal|p2a: Archaludon|74/100|[from] item: Leftovers
|-end|p1b: Grimmsnarl|move: Taunt
|-fieldend|move: Trick Room
|upkeep
|turn|6
|
|t:|1783938859
|detailschange|p1a: Metagross|Metagross-Mega, L50
|-mega|p1a: Metagross|Metagross|Metagrossite
|move|p2a: Archaludon|Protect|p2a: Archaludon
|-singleturn|p2a: Archaludon|Protect
|move|p1b: Grimmsnarl|Reflect|p1b: Grimmsnarl
|-sidestart|p1: parks34VGC|Reflect
|move|p1a: Metagross|Body Press|p2a: Archaludon
|-activate|p2a: Archaludon|move: Protect
|move|p2b: Pelipper|Tailwind|p2b: Pelipper
|-sidestart|p2: elychee267|move: Tailwind
|
|-heal|p2a: Archaludon|80/100|[from] item: Leftovers
|upkeep
|turn|7
|
|t:|1783938880
|switch|p2b: Incineroar|Incineroar, L50, F|68/100
|-status|p2b: Incineroar|psn
|-ability|p2b: Incineroar|Intimidate|boost
|-unboost|p1a: Metagross|atk|1
|-unboost|p1b: Grimmsnarl|atk|1
|move|p2a: Archaludon|Flash Cannon|p1b: Grimmsnarl
|-supereffective|p1b: Grimmsnarl|1
|-damage|p1b: Grimmsnarl|16/100
|move|p1a: Metagross|Body Press|p2a: Archaludon
|-supereffective|p2a: Archaludon|1
|-damage|p2a: Archaludon|47/100
|-ability|p2a: Archaludon|Stamina|boost
|-boost|p2a: Archaludon|def|1
|move|p1b: Grimmsnarl|Foul Play|p2b: Incineroar
|-resisted|p2b: Incineroar|1
|-damage|p2b: Incineroar|53/100 psn
|
|-heal|p2a: Archaludon|53/100|[from] item: Leftovers
|-damage|p2b: Incineroar|41/100 psn|[from] psn
|upkeep
|turn|8
|
|t:|1783938896
|move|p2a: Archaludon|Protect|p2a: Archaludon
|-singleturn|p2a: Archaludon|Protect
|move|p1a: Metagross|Protect|p1a: Metagross
|-singleturn|p1a: Metagross|Protect
|move|p2b: Incineroar|Taunt|p1b: Grimmsnarl
|-start|p1b: Grimmsnarl|move: Taunt
|move|p1b: Grimmsnarl|Foul Play|p2b: Incineroar
|-resisted|p2b: Incineroar|1
|-damage|p2b: Incineroar|24/100 psn
|
|-heal|p2a: Archaludon|59/100|[from] item: Leftovers
|-damage|p2b: Incineroar|12/100 psn|[from] psn
|upkeep
|turn|9
|c|☆elychee267|gg
|inactive|parks34VGC has 30 seconds left.
|
|t:|1783938927
|switch|p2b: Pelipper|Pelipper, L50, M|35/100
|-weather|RainDance|[from] ability: Drizzle|[of] p2b: Pelipper
|move|p2a: Archaludon|Electro Shot||[still]
|-prepare|p2a: Archaludon|Electro Shot
|-boost|p2a: Archaludon|spa|1
|-anim|p2a: Archaludon|Electro Shot|p1a: Metagross
|-damage|p1a: Metagross|36/100
|move|p1a: Metagross|Body Press|p2b: Pelipper
|-resisted|p2b: Pelipper|1
|-crit|p2b: Pelipper
|-damage|p2b: Pelipper|1/100
|move|p1b: Grimmsnarl|Foul Play|p2b: Pelipper
|-damage|p2b: Pelipper|0 fnt
|faint|p2b: Pelipper
|
|-weather|RainDance|[upkeep]
|-heal|p2a: Archaludon|65/100|[from] item: Leftovers
|-sideend|p1: parks34VGC|move: Light Screen
|-sideend|p2: elychee267|move: Tailwind
|upkeep
|c|☆parks34VGC|not yet
|
|t:|1783938941
|switch|p2b: Swampert|Swampert, L50, M|100/100
|-status|p2b: Swampert|psn
|turn|10
|c|☆elychee267|wdym XD?
|
|t:|1783938951
|detailschange|p2b: Swampert|Swampert-Mega, L50, M
|-mega|p2b: Swampert|Swampert|Swampertite
|move|p1a: Metagross|Protect|p1a: Metagross
|-singleturn|p1a: Metagross|Protect
|move|p2a: Archaludon|Protect|p2a: Archaludon
|-singleturn|p2a: Archaludon|Protect
|move|p2b: Swampert|Earthquake|p1a: Metagross|[spread] p1b
|-activate|p2a: Archaludon|move: Protect
|-activate|p1a: Metagross|move: Protect
|-damage|p1b: Grimmsnarl|0 fnt
|faint|p1b: Grimmsnarl
|
|-weather|RainDance|[upkeep]
|-heal|p2a: Archaludon|71/100|[from] item: Leftovers
|-damage|p2b: Swampert|87/100 psn|[from] psn
|upkeep
|turn|11
|c|☆parks34VGC|I might win
|c|☆elychee267|nope
|c|☆parks34VGC|I will not win
|c|☆elychee267|:)
|
|t:|1783938976
|move|p2b: Swampert|Wave Crash|p1a: Metagross
|-damage|p1a: Metagross|0 fnt
|faint|p1a: Metagross
|-damage|p2b: Swampert|76/100 psn|[from] Recoil
|
|win|elychee267
|c|☆parks34VGC|can I change the team a bit?
|c|☆elychee267|ok
|c|☆elychee267|also we should review the games
|c|☆parks34VGC|thank you and ok
|c|☆elychee267|lets review g1 first
