|j|☆Kurolax
|j|☆artyowls
|html|Kurolaxartyowls    
|uhtml|bestof|Game 3 of a best-of-3
|t:|1756845911
|gametype|doubles
|player|p1|Kurolax|265|1046
|player|p2|artyowls|plasmagrunt|1068
|gen|9
|tier|[Gen 9] VGC 2025 Reg H (Bo3)
|rated|
|rule|Species Clause: Limit one of each Pokémon
|rule|Item Clause: Limit 1 of each item
|clearpoke
|poke|p1|Electabuzz, L50, M|
|poke|p1|Ursaluna-Bloodmoon, L50, M|
|poke|p1|Arcanine-Hisui, L50, F|
|poke|p1|Tyranitar, L50, F|
|poke|p1|Sneasler, L50, F|
|poke|p1|Indeedee, L50, M|
|poke|p2|Incineroar, L50, F|
|poke|p2|Amoonguss, L50, F|
|poke|p2|Ursaluna-Bloodmoon, L50, M|
|poke|p2|Sneasler, L50, M|
|poke|p2|Gholdengo, L50|
|poke|p2|Dragonite, L50, F|
|teampreview|4
|showteam|p1|Electabuzz||Eviolite|VitalSpirit|Electroweb,FollowMe,Taunt,Thunderbolt|||M|||50|,,,,,Electric]Ursaluna-Bloodmoon||ThroatSpray|MindsEye|HyperVoice,BloodMoon,Protect,EarthPower|||M|||50|,,,,,Ghost]Arcanine-Hisui||ClearAmulet|Intimidate|RockSlide,WildCharge,FlareBlitz,Protect|||F|||50|,,,,,Water]Tyranitar||AssaultVest|SandStream|RockSlide,TeraBlast,KnockOff,HighHorsepower|||F|||50|,,,,,Flying]Sneasler||PsychicSeed|Unburden|DireClaw,CloseCombat,Protect,Acrobatics|||F|||50|,,,,,Flying]Indeedee||FocusSash|PsychicSurge|DazzlingGleam,ExpandingForce,Psychic,TrickRoom|||M|||50|,,,,,Dark
|showteam|p2|Incineroar||SafetyGoggles|Intimidate|FlareBlitz,KnockOff,PartingShot,FakeOut|||F|||50|,,,,,Ghost]Amoonguss||SitrusBerry|Regenerator|Spore,RagePowder,PollenPuff,Protect|||F|||50|,,,,,Psychic]Ursaluna-Bloodmoon||AssaultVest|MindsEye|HyperVoice,BloodMoon,EarthPower,VacuumWave|||M|||50|,,,,,Water]Sneasler||FocusSash|Unburden|CloseCombat,DireClaw,ThroatChop,Protect|||M|||50|,,,,,Stellar]Gholdengo||LifeOrb|GoodasGold|MakeItRain,ShadowBall,NastyPlot,Protect||||||50|,,,,,Water]Dragonite||LoadedDice|Multiscale|ScaleShot,Tailwind,Haze,Protect|||F|||50|,,,,,Fairy
|inactive|Battle timer is ON: inactive players will automatically lose when time's up. (requested by Kurolax)
|inactive|artyowls has 60 seconds left.
|
|t:|1756846006
|teamsize|p1|4
|teamsize|p2|4
|start
|switch|p1a: Arcanine|Arcanine-Hisui, L50, F|100/100
|switch|p1b: Indeedee|Indeedee, L50, M|100/100
|switch|p2a: Dragonite|Dragonite, L50, F|100/100
|switch|p2b: Gholdengo|Gholdengo, L50|100/100
|-ability|p1a: Arcanine|Intimidate|boost
|-unboost|p2a: Dragonite|atk|1
|-unboost|p2b: Gholdengo|atk|1
|-fieldstart|move: Psychic Terrain|[from] ability: Psychic Surge|[of] p1b: Indeedee
|turn|1
|inactive|artyowls has 30 seconds left.
|inactive|artyowls has 20 seconds left.
|inactive|artyowls has 15 seconds left.
|
|t:|1756846049
|move|p2b: Gholdengo|Make It Rain|p1b: Indeedee|[spread] p1a,p1b
|-crit|p1b: Indeedee
|-damage|p1a: Arcanine|31/100
|-enditem|p1b: Indeedee|Focus Sash
|-damage|p1b: Indeedee|1/100
|-unboost|p2b: Gholdengo|spa|1
|-damage|p2b: Gholdengo|91/100|[from] item: Life Orb
|move|p2a: Dragonite|Scale Shot|p1a: Arcanine
|-damage|p1a: Arcanine|19/100
|-crit|p1a: Arcanine
|-damage|p1a: Arcanine|0 fnt
|faint|p1a: Arcanine
|-hitcount|p1: Arcanine|2
|-unboost|p2a: Dragonite|def|1
|-boost|p2a: Dragonite|spe|1
|move|p1b: Indeedee|Trick Room|p1b: Indeedee
|-fieldstart|move: Trick Room|[of] p1b: Indeedee
|
|upkeep
|
|t:|1756846062
|switch|p1a: Ursaluna|Ursaluna-Bloodmoon, L50, M|100/100
|turn|2
|inactive|artyowls has 30 seconds left.
|inactive|artyowls has 20 seconds left.
|inactive|artyowls has 15 seconds left.
|inactive|artyowls has 10 seconds left.
|
|t:|1756846110
|move|p2b: Gholdengo|Protect|p2b: Gholdengo
|-singleturn|p2b: Gholdengo|Protect
|move|p2a: Dragonite|Protect|p2a: Dragonite
|-singleturn|p2a: Dragonite|Protect
|move|p1a: Ursaluna|Blood Moon|p2b: Gholdengo
|-activate|p2b: Gholdengo|move: Protect
|move|p1b: Indeedee|Dazzling Gleam|p2a: Dragonite|[spread] 
|-activate|p2a: Dragonite|move: Protect
|-activate|p2b: Gholdengo|move: Protect
|
|upkeep
|turn|3
|inactive|artyowls has 30 seconds left.
|inactive|artyowls has 20 seconds left.
|inactive|artyowls has 15 seconds left.
|
|t:|1756846154
|move|p1a: Ursaluna|Earth Power|p2b: Gholdengo
|-supereffective|p2b: Gholdengo
|-damage|p2b: Gholdengo|0 fnt
|faint|p2b: Gholdengo
|move|p1b: Indeedee|Dazzling Gleam|p2a: Dragonite
|-supereffective|p2a: Dragonite
|-damage|p2a: Dragonite|74/100
|move|p2a: Dragonite|Scale Shot|p1a: Ursaluna|[miss]
|-miss|p2a: Dragonite|p1a: Ursaluna
|
|upkeep
|
|t:|1756846169
|switch|p2b: Ursaluna|Ursaluna-Bloodmoon, L50, M|100/100
|turn|4
|inactive|artyowls has 30 seconds left.
|
|t:|1756846197
|move|p1a: Ursaluna|Blood Moon|p2b: Ursaluna
|-damage|p2b: Ursaluna|45/100
|move|p2b: Ursaluna|Blood Moon|p1a: Ursaluna
|-damage|p1a: Ursaluna|15/100
|move|p1b: Indeedee|Dazzling Gleam|p2b: Ursaluna|[spread] p2a,p2b
|-supereffective|p2a: Dragonite
|-damage|p2a: Dragonite|33/100
|-damage|p2b: Ursaluna|32/100
|move|p2a: Dragonite|Scale Shot|p1b: Indeedee|[miss]
|-miss|p2a: Dragonite|p1b: Indeedee
|
|upkeep
|turn|5
|inactive|artyowls has 30 seconds left.
|inactive|artyowls has 20 seconds left.
|inactive|artyowls has 15 seconds left.
|inactive|artyowls has 10 seconds left.
|
|t:|1756846242
|move|p2a: Dragonite|Protect|p2a: Dragonite
|-singleturn|p2a: Dragonite|Protect
|move|p1a: Ursaluna|Hyper Voice|p2b: Ursaluna|[spread] p2b
|-activate|p2a: Dragonite|move: Protect
|-damage|p2b: Ursaluna|6/100
|-enditem|p1a: Ursaluna|Throat Spray
|-boost|p1a: Ursaluna|spa|1|[from] item: Throat Spray
|move|p2b: Ursaluna|Hyper Voice|p1a: Ursaluna|[spread] p1a,p1b
|-damage|p1a: Ursaluna|0 fnt
|-damage|p1b: Indeedee|0 fnt
|faint|p1a: Ursaluna
|faint|p1b: Indeedee
|
|-fieldend|move: Trick Room
|-fieldend|move: Psychic Terrain
|upkeep
|
|t:|1756846266
|switch|p1a: Tyranitar|Tyranitar, L50, F|100/100
|-weather|Sandstorm|[from] ability: Sand Stream|[of] p1a: Tyranitar
|turn|6
|
|t:|1756846286
|-terastallize|p1a: Tyranitar|Flying
|move|p2a: Dragonite|Scale Shot|p1a: Tyranitar
|-damage|p1a: Tyranitar|91/100
|-damage|p1a: Tyranitar|83/100
|-damage|p1a: Tyranitar|74/100
|-crit|p1a: Tyranitar
|-damage|p1a: Tyranitar|53/100
|-damage|p1a: Tyranitar|43/100
|-hitcount|p1a: Tyranitar|5
|-unboost|p2a: Dragonite|def|1
|-boost|p2a: Dragonite|spe|1
|move|p2b: Ursaluna|Blood Moon|p1a: Tyranitar
|-damage|p1a: Tyranitar|6/100
|move|p1a: Tyranitar|Rock Slide|p2b: Ursaluna|[spread] p2b
|-miss|p1a: Tyranitar|p2a: Dragonite
|-resisted|p2b: Ursaluna
|-damage|p2b: Ursaluna|0 fnt
|faint|p2b: Ursaluna
|
|-weather|Sandstorm|[upkeep]
|-damage|p2a: Dragonite|27/100|[from] Sandstorm
|-damage|p1a: Tyranitar|0 fnt|[from] Sandstorm
|faint|p1a: Tyranitar
|
|win|artyowls
|raw|Kurolax's rating: 1046 → 1030(-16 for losing)
|raw|artyowls's rating: 1068 → 1096(+28 for winning)
|l|☆Kurolax
|player|p1|
