|j|☆belinvgc
|j|☆yizhongchang
|html|belinvgcyizhongchang    
|uhtml|bestof|Game 2 of a best-of-3
|t:|1785163142
|gametype|doubles
|player|p1|belinvgc|2|1191
|player|p2|yizhongchang|101|1271
|gen|9
|tier|[Gen 9 Champions] VGC 2026 Reg M-B (Bo3)
|rated|
|rule|Species Clause: Limit one of each Pokémon
|rule|Item Clause: Limit 1 of each item
|clearpoke
|poke|p1|Tyranitar, L50, F|
|poke|p1|Garchomp, L50, F|
|poke|p1|Gholdengo, L50|
|poke|p1|Milotic, L50, M|
|poke|p1|Sinistcha, L50|
|poke|p1|Staraptor, L50, F|
|poke|p2|Charizard, L50, M|
|poke|p2|Archaludon, L50, F|
|poke|p2|Politoed, L50, M|
|poke|p2|Basculegion, L50, M|
|poke|p2|Venusaur, L50, F|
|poke|p2|Aerodactyl, L50, F|
|teampreview|4
|showteam|p1|Tyranitar||Tyranitarite|SandStream|RockSlide,KnockOff,DragonDance,Protect|Jolly||F|||50|]Garchomp||LifeOrb|RoughSkin|DragonClaw,StompingTantrum,Earthquake,Protect|Jolly||F|||50|]Gholdengo||SitrusBerry|GoodasGold|MakeItRain,ShadowBall,NastyPlot,Protect|Modest|||||50|]Milotic||Leftovers|Competitive|Scald,IcyWind,Recover,Protect|Calm||M|||50|]Sinistcha||ColburBerry|Hospitality|MatchaGotcha,RagePowder,TrickRoom,Protect|Bold|||||50|]Staraptor||Staraptite|Intimidate|BraveBird,CloseCombat,Tailwind,Protect|Jolly||F|||50|
|showteam|p2|Charizard||CharizarditeY|Blaze|HeatWave,WeatherBall,SolarBeam,Protect|Modest||M|||50|]Archaludon||Leftovers|Stamina|FlashCannon,ElectroShot,DragonPulse,Protect|Calm||F|||50|]Politoed||SitrusBerry|Drizzle|WeatherBall,PerishSong,IcyWind,Protect|Bold||M|||50|]Basculegion||FocusSash|Adaptability|Liquidation,AquaJet,LastRespects,Protect|Jolly||M|||50|]Venusaur||LifeOrb|Chlorophyll|SludgeBomb,EarthPower,EnergyBall,Protect|Modest||F|||50|]Aerodactyl||Aerodactylite|Unnerve|RockSlide,DualWingbeat,Tailwind,Protect|Jolly||F|||50|
|
|t:|1785163175
|teamsize|p1|4
|teamsize|p2|4
|start
|switch|p1a: Tyranitar|Tyranitar, L50, F|100/100
|switch|p1b: Milotic|Milotic, L50, M|100/100
|switch|p2a: Archaludon|Archaludon, L50, F|100/100
|switch|p2b: Basculegion|Basculegion, L50, M|100/100
|-weather|Sandstorm|[from] ability: Sand Stream|[of] p1a: Tyranitar
|turn|1
|
|t:|1785163201
|move|p2a: Archaludon|Protect|p2a: Archaludon
|-singleturn|p2a: Archaludon|Protect
|move|p2b: Basculegion|Liquidation|p1a: Tyranitar
|-supereffective|p1a: Tyranitar|1
|-damage|p1a: Tyranitar|5/100
|-unboost|p1a: Tyranitar|def|1
|move|p1a: Tyranitar|Dragon Dance|p1a: Tyranitar
|-boost|p1a: Tyranitar|atk|1
|-boost|p1a: Tyranitar|spe|1
|move|p1b: Milotic|Scald|p2b: Basculegion
|-resisted|p2b: Basculegion|1
|-damage|p2b: Basculegion|84/100
|-status|p2b: Basculegion|brn
|
|-weather|Sandstorm|[upkeep]
|-damage|p2b: Basculegion|78/100 brn|[from] Sandstorm
|-damage|p1b: Milotic|93/100|[from] Sandstorm
|-heal|p1b: Milotic|100/100|[from] item: Leftovers
|-damage|p2b: Basculegion|72/100 brn|[from] brn
|upkeep
|turn|2
|
|t:|1785163236
|switch|p2b: Politoed|Politoed, L50, M|100/100
|-weather|RainDance|[from] ability: Drizzle|[of] p2b: Politoed
|switch|p1b: Sinistcha|Sinistcha, L50|100/100
|-heal|p1a: Tyranitar|29/100|[from] ability: Hospitality|[of] p1b: Sinistcha
|move|p1a: Tyranitar|Protect|p1a: Tyranitar
|-singleturn|p1a: Tyranitar|Protect
|move|p2a: Archaludon|Flash Cannon|p1a: Tyranitar
|-activate|p1a: Tyranitar|move: Protect
|
|-weather|RainDance|[upkeep]
|upkeep
|turn|3
|
|t:|1785163266
|switch|p2b: Basculegion|Basculegion, L50, M|72/100 brn
|detailschange|p1a: Tyranitar|Tyranitar-Mega, L50, F
|-mega|p1a: Tyranitar|Tyranitar|Tyranitarite
|-weather|Sandstorm|[from] ability: Sand Stream|[of] p1a: Tyranitar
|move|p1b: Sinistcha|Rage Powder|p1b: Sinistcha
|-singleturn|p1b: Sinistcha|move: Rage Powder
|move|p1a: Tyranitar|Knock Off|p2b: Basculegion
|-supereffective|p2b: Basculegion|1
|-damage|p2b: Basculegion|0 fnt
|-enditem|p2b: Basculegion|Focus Sash|[from] move: Knock Off|[of] p1a: Tyranitar
|faint|p2b: Basculegion
|move|p2a: Archaludon|Flash Cannon|p1b: Sinistcha
|-damage|p1b: Sinistcha|62/100
|
|-weather|Sandstorm|[upkeep]
|-damage|p1b: Sinistcha|56/100|[from] Sandstorm
|upkeep
|
|t:|1785163283
|switch|p2b: Venusaur|Venusaur, L50, F|100/100
|turn|4
|
|t:|1785163300
|switch|p1b: Garchomp|Garchomp, L50, F|100/100
|move|p1a: Tyranitar|Knock Off|p2b: Venusaur
|-damage|p2b: Venusaur|0 fnt
|-enditem|p2b: Venusaur|Life Orb|[from] move: Knock Off|[of] p1a: Tyranitar
|faint|p2b: Venusaur
|move|p2a: Archaludon|Dragon Pulse|p1b: Garchomp
|-supereffective|p1b: Garchomp|1
|-damage|p1b: Garchomp|22/100
|
|-weather|Sandstorm|[upkeep]
|upkeep
|
|t:|1785163310
|switch|p2b: Politoed|Politoed, L50, M|100/100
|-weather|RainDance|[from] ability: Drizzle|[of] p2b: Politoed
|turn|5
|
|t:|1785163320
|move|p1a: Tyranitar|Protect|p1a: Tyranitar
|-singleturn|p1a: Tyranitar|Protect
|move|p1b: Garchomp|Earthquake|p2b: Politoed|[spread] p2a,p2b
|-activate|p1a: Tyranitar|move: Protect
|-supereffective|p2a: Archaludon|1
|-damage|p2a: Archaludon|33/100
|-damage|p2b: Politoed|60/100
|-ability|p2a: Archaludon|Stamina|boost
|-boost|p2a: Archaludon|def|1
|-damage|p1b: Garchomp|12/100|[from] item: Life Orb
|move|p2a: Archaludon|Electro Shot||[still]
|-prepare|p2a: Archaludon|Electro Shot
|-boost|p2a: Archaludon|spa|1
|-anim|p2a: Archaludon|Electro Shot|p1a: Tyranitar
|-activate|p1a: Tyranitar|move: Protect
|move|p2b: Politoed|Icy Wind|p1a: Tyranitar|[spread] p1b
|-activate|p1a: Tyranitar|move: Protect
|-supereffective|p1b: Garchomp|2
|-damage|p1b: Garchomp|0 fnt
|faint|p1b: Garchomp
|
|-weather|RainDance|[upkeep]
|-heal|p2a: Archaludon|40/100|[from] item: Leftovers
|upkeep
|
|t:|1785163328
|switch|p1b: Sinistcha|Sinistcha, L50|56/100
|-heal|p1a: Tyranitar|54/100|[from] ability: Hospitality|[of] p1b: Sinistcha
|turn|6
|
|t:|1785163337
|move|p1b: Sinistcha|Rage Powder|p1b: Sinistcha
|-singleturn|p1b: Sinistcha|move: Rage Powder
|move|p1a: Tyranitar|Knock Off|p2b: Politoed
|-damage|p2b: Politoed|0 fnt
|-enditem|p2b: Politoed|Sitrus Berry|[from] move: Knock Off|[of] p1a: Tyranitar
|faint|p2b: Politoed
|move|p2a: Archaludon|Flash Cannon|p1b: Sinistcha
|-damage|p1b: Sinistcha|0 fnt
|faint|p1b: Sinistcha
|
|-weather|RainDance|[upkeep]
|-heal|p2a: Archaludon|46/100|[from] item: Leftovers
|upkeep
|
|t:|1785163341
|switch|p1b: Milotic|Milotic, L50, M|100/100
|turn|7
|
|t:|1785163349
|move|p1a: Tyranitar|Knock Off|p2a: Archaludon
|-damage|p2a: Archaludon|4/100
|-ability|p2a: Archaludon|Stamina|boost
|-boost|p2a: Archaludon|def|1
|-enditem|p2a: Archaludon|Leftovers|[from] move: Knock Off|[of] p1a: Tyranitar
|move|p2a: Archaludon|Flash Cannon|p1a: Tyranitar
|-supereffective|p1a: Tyranitar|1
|-damage|p1a: Tyranitar|0 fnt
|faint|p1a: Tyranitar
|move|p1b: Milotic|Scald|p2a: Archaludon
|-resisted|p2a: Archaludon|1
|-damage|p2a: Archaludon|0 fnt
|faint|p2a: Archaludon
|
|win|belinvgc
||yizhongchang is ready for game 3.
|inactive|belinvgc has 30 seconds to confirm battle start!
||belinvgc is ready for game 3.
|uhtml|next|Next: Game 3 of 3
|l|☆belinvgc
|player|p1|
|l|☆yizhongchang
|player|p2|
|j|☆belinvgc
|player|p1|belinvgc|2|
