|j|☆cal_cvgcl
|j|☆tumabt0939
|html|cal_cvgcltumabt0939    
|uhtml|bestof|Game 1 of a best-of-3
|t:|1756346823
|gametype|doubles
|player|p1|cal_cvgcl|101|1040
|player|p2|tumabt0939|101|1000
|gen|9
|tier|[Gen 9] VGC 2025 Reg H (Bo3)
|rated|
|rule|Species Clause: Limit one of each Pokémon
|rule|Item Clause: Limit 1 of each item
|clearpoke
|poke|p1|Sneasler, L50, M|
|poke|p1|Indeedee, L50, M|
|poke|p1|Volcarona, L50, F|
|poke|p1|Ursaluna-Bloodmoon, L50, M|
|poke|p1|Annihilape, L50, M|
|poke|p1|Tyranitar, L50, M|
|poke|p2|Gliscor, L50, M|
|poke|p2|Sableye, L50, M|
|poke|p2|Gyarados, L50, M|
|poke|p2|Goodra-Hisui, L50, F|
|poke|p2|Dragapult, L50, M|
|poke|p2|Overqwil, L50, M|
|teampreview|4
|showteam|p1|Sneasler||PsychicSeed|Unburden|CloseCombat,DireClaw,ThroatChop,Protect|||M|||50|,,,,,Dark]Indeedee||ChoiceScarf|PsychicSurge|ExpandingForce,TeraBlast,Trick,Protect|||M|||50|,,,,,Psychic]Volcarona||SitrusBerry|FlameBody|Overheat,StruggleBug,RagePowder,Tailwind|||F|||50|,,,,,Grass]Ursaluna-Bloodmoon||LifeOrb|MindsEye|BloodMoon,HyperVoice,EarthPower,Protect|||M|||50|,,,,,Normal]Annihilape||SafetyGoggles|Defiant|CloseCombat,RageFist,Taunt,FinalGambit|||M|||50|,,,,,Fairy]Tyranitar||AssaultVest|SandStream|RockSlide,KnockOff,TeraBlast,LowKick|||M|||50|,,,,,Flying
|showteam|p2|Gliscor||ToxicOrb|PoisonHeal|KnockOff,HighHorsepower,Protect,Toxic|||M|||50|,,,,,Water]Sableye||FocusSash|Prankster|WillOWisp,Quash,RainDance,Taunt|||M|||50|,,,,,Steel]Gyarados||ClearAmulet|Intimidate|DragonDance,Waterfall,IceFang,Crunch|||M|||50|,,,,,Dark]Goodra-Hisui||Leftovers|ShellArmor|AcidArmor,BodyPress,DracoMeteor,FlashCannon|||F|||50|,,,,,Water]Dragapult||SafetyGoggles|Infiltrator|DracoMeteor,WillOWisp,Uturn,Hex|||M|||50|,,,,,Dragon]Overqwil||LifeOrb|SwiftSwim|BarbBarrage,Crunch,AquaJet,Liquidation|||M|||50|,,,,,Poison
|inactive|Battle timer is ON: inactive players will automatically lose when time's up. (requested by cal_cvgcl)
|inactive|cal_cvgcl has 60 seconds left.
|inactive|tumabt0939 has 60 seconds left.
|
|t:|1756346879
|teamsize|p1|4
|teamsize|p2|4
|start
|switch|p1a: Indeedee|Indeedee, L50, M|100/100
|switch|p1b: Annihilape|Annihilape, L50, M|100/100
|switch|p2a: Sableye|Sableye, L50, M, shiny|100/100
|switch|p2b: Goodra|Goodra-Hisui, L50, F, shiny|100/100
|-fieldstart|move: Psychic Terrain|[from] ability: Psychic Surge|[of] p1a: Indeedee
|turn|1
|inactive|cal_cvgcl has 30 seconds left.
|
|t:|1756346912
|switch|p2b: Overqwil|Overqwil, L50, M|100/100
|move|p2a: Sableye|Rain Dance|p2a: Sableye
|-weather|RainDance
|move|p1a: Indeedee|Trick|p2a: Sableye
|-activate|p1a: Indeedee|move: Trick|[of] p2a: Sableye
|-item|p2a: Sableye|Choice Scarf|[from] move: Trick
|-item|p1a: Indeedee|Focus Sash|[from] move: Trick
|move|p1b: Annihilape|Final Gambit|p2b: Overqwil
|-damage|p2b: Overqwil|0 fnt
|faint|p1b: Annihilape
|faint|p2b: Overqwil
|
|-weather|RainDance|[upkeep]
|upkeep
|
|t:|1756346933
|switch|p1b: Ursaluna|Ursaluna-Bloodmoon, L50, M|100/100
|switch|p2b: Gyarados|Gyarados, L50, M, shiny|100/100
|-ability|p2b: Gyarados|Intimidate|boost
|-unboost|p1a: Indeedee|atk|1
|-unboost|p1b: Ursaluna|atk|1
|turn|2
|inactive|cal_cvgcl has 30 seconds left.
|inactive|tumabt0939 has 30 seconds left.
|inactive|tumabt0939 has 20 seconds left.
|
|t:|1756346969
|switch|p2a: Goodra|Goodra-Hisui, L50, F, shiny|100/100
|-terastallize|p1a: Indeedee|Psychic
|move|p1b: Ursaluna|Protect|p1b: Ursaluna
|-singleturn|p1b: Ursaluna|Protect
|move|p1a: Indeedee|Expanding Force|p2b: Gyarados|[spread] p2a,p2b
|-resisted|p2a: Goodra
|-damage|p2a: Goodra|71/100
|-damage|p2b: Gyarados|23/100
|move|p2b: Gyarados|Dragon Dance|p2b: Gyarados
|-boost|p2b: Gyarados|atk|1
|-boost|p2b: Gyarados|spe|1
|
|-weather|RainDance|[upkeep]
|-heal|p2a: Goodra|77/100|[from] item: Leftovers
|upkeep
|turn|3
|inactive|tumabt0939 has 30 seconds left.
|
|t:|1756346997
|-terastallize|p2b: Gyarados|Dark
|move|p1a: Indeedee|Protect|p1a: Indeedee
|-singleturn|p1a: Indeedee|Protect
|move|p2b: Gyarados|Waterfall|p1b: Ursaluna
|-supereffective|p1b: Ursaluna
|-damage|p1b: Ursaluna|0 fnt
|faint|p1b: Ursaluna
|move|p2a: Goodra|Draco Meteor|p1a: Indeedee
|-activate|p1a: Indeedee|move: Protect
|
|-weather|RainDance|[upkeep]
|-heal|p2a: Goodra|83/100|[from] item: Leftovers
|upkeep
|
|t:|1756347007
|switch|p1b: Sneasler|Sneasler, L50, M|100/100
|-enditem|p1b: Sneasler|Psychic Seed
|-boost|p1b: Sneasler|spd|1|[from] item: Psychic Seed
|turn|4
|
|t:|1756347021
|switch|p2b: Sableye|Sableye, L50, M, shiny|100/100
|move|p1b: Sneasler|Dire Claw|p2b: Sableye
|-resisted|p2b: Sableye
|-damage|p2b: Sableye|71/100
|-status|p2b: Sableye|psn
|move|p1a: Indeedee|Expanding Force|p2a: Goodra|[spread] p2a
|-immune|p2b: Sableye
|-resisted|p2a: Goodra
|-damage|p2a: Goodra|54/100
|move|p2a: Goodra|Draco Meteor|p1a: Indeedee
|-damage|p1a: Indeedee|16/100
|-unboost|p2a: Goodra|spa|2
|
|-weather|RainDance|[upkeep]
|-heal|p2a: Goodra|60/100|[from] item: Leftovers
|-damage|p2b: Sableye|59/100 psn|[from] psn
|upkeep
|turn|5
|inactive|tumabt0939 has 30 seconds left.
|inactive|cal_cvgcl has 30 seconds left.
|inactive|tumabt0939 has 20 seconds left.
|inactive|cal_cvgcl has 20 seconds left.
|inactive|tumabt0939 has 15 seconds left.
|
|t:|1756347067
|move|p2b: Sableye|Quash|p1b: Sneasler
|-activate|p1b: Sneasler|move: Psychic Terrain
|move|p1b: Sneasler|Close Combat|p2a: Goodra
|-supereffective|p2a: Goodra
|-damage|p2a: Goodra|0 fnt
|-unboost|p1b: Sneasler|def|1
|-unboost|p1b: Sneasler|spd|1
|faint|p2a: Goodra
|move|p1a: Indeedee|Trick|p1b: Sneasler
|-activate|p1a: Indeedee|move: Trick|[of] p1b: Sneasler
|-item|p1b: Sneasler|Focus Sash|[from] move: Trick
|-enditem|p1a: Indeedee|Focus Sash|[silent]|[from] move: Trick
|
|-weather|none
|-damage|p2b: Sableye|47/100 psn|[from] psn
|-fieldend|move: Psychic Terrain
|upkeep
|
|t:|1756347081
|switch|p2a: Gyarados|Gyarados, L50, M, shiny, tera:Dark|23/100
|-ability|p2a: Gyarados|Intimidate|boost
|-unboost|p1a: Indeedee|atk|1
|-unboost|p1b: Sneasler|atk|1
|turn|6
|
|t:|1756347103
|move|p2b: Sableye|Quash|p1b: Sneasler
|-activate|p1b: Sneasler|move: Quash
|move|p1a: Indeedee|Trick|p2a: Gyarados
|-activate|p1a: Indeedee|move: Trick|[of] p2a: Gyarados
|-enditem|p2a: Gyarados|Clear Amulet|[silent]|[from] move: Trick
|-item|p1a: Indeedee|Clear Amulet|[from] move: Trick
|move|p2a: Gyarados|Waterfall|p1b: Sneasler
|-enditem|p1b: Sneasler|Focus Sash
|-damage|p1b: Sneasler|1/100
|move|p1b: Sneasler|Dire Claw|p2a: Gyarados
|-damage|p2a: Gyarados|0 fnt
|faint|p2a: Gyarados
|
|-damage|p2b: Sableye|35/100 psn|[from] psn
|upkeep
|turn|7
|
|t:|1756347126
|move|p1b: Sneasler|Protect|p1b: Sneasler
|-singleturn|p1b: Sneasler|Protect
|move|p2b: Sableye|Quash|p1a: Indeedee
|-activate|p1a: Indeedee|move: Quash
|move|p1a: Indeedee|Expanding Force|p2b: Sableye
|-immune|p2b: Sableye
|
|-damage|p2b: Sableye|23/100 psn|[from] psn
|upkeep
|turn|8
|
|t:|1756347140
|move|p1b: Sneasler|Protect|p1b: Sneasler
|-singleturn|p1b: Sneasler|Protect
|move|p2b: Sableye|Quash|p1a: Indeedee
|-activate|p1a: Indeedee|move: Quash
|move|p1a: Indeedee|Tera Blast|p2b: Sableye|[anim] Tera Blast Psychic
|-immune|p2b: Sableye
|
|-damage|p2b: Sableye|11/100 psn|[from] psn
|upkeep
|turn|9
|c|☆tumabt0939|Just kill me bro
|
|t:|1756347152
|move|p2b: Sableye|Quash|p1b: Sneasler
|-activate|p1b: Sneasler|move: Quash
|move|p1a: Indeedee|Expanding Force|p2b: Sableye
|-immune|p2b: Sableye
|move|p1b: Sneasler|Throat Chop|p2b: Sableye
|-damage|p2b: Sableye|0 fnt
|faint|p2b: Sableye
|
|win|cal_cvgcl
||tumabt0939 is ready for game 2.
||tumabt0939 is ready for game 2.
||cal_cvgcl is ready for game 2.
|uhtml|next|Next: Game 2 of 3
|l|☆tumabt0939
|player|p2|
|l|☆cal_cvgcl
|player|p1|
|j|☆cal_cvgcl
|player|p1|cal_cvgcl|101|
