|j|☆Cartercaio
|j|☆oxoc
|html|Cartercaiooxoc    
|uhtml|bestof|Game 1 of a best-of-3
|t:|1757809846
|gametype|doubles
|player|p1|Cartercaio|cheren-gen5bw2|1128
|player|p2|oxoc|266|1022
|gen|9
|tier|[Gen 9] VGC 2025 Reg H (Bo3)
|rated|
|rule|Species Clause: Limit one of each Pokémon
|rule|Item Clause: Limit 1 of each item
|clearpoke
|poke|p1|Charizard, L50, M|
|poke|p1|Torkoal, L50, M|
|poke|p1|Porygon2, L50|
|poke|p1|Incineroar, L50, M|
|poke|p1|Jumpluff, L50, M|
|poke|p1|Ursaluna, L50, F|
|poke|p2|Porygon2, L50|
|poke|p2|Incineroar, L50, F|
|poke|p2|Dragonite, L50, F|
|poke|p2|Gholdengo, L50|
|poke|p2|Ursaluna, L50, M|
|poke|p2|Amoonguss, L50, F|
|teampreview|4
|showteam|p1|Charizard||ChoiceSpecs|SolarPower|HeatWave,Overheat,WeatherBall,AirSlash|||M|||50|,,,,,Ghost]Torkoal||EjectPack|Drought|Eruption,Overheat,HelpingHand,Protect|||M|||50|,,,,,Fire]Porygon2||Eviolite|Download|TeraBlast,IceBeam,Recover,TrickRoom||||||50|,,,,,Fighting]Incineroar||SitrusBerry|Intimidate|FlareBlitz,KnockOff,FakeOut,PartingShot|||M|||50|,,,,,Ghost]Jumpluff||CovertCloak|Chlorophyll|SleepPowder,SunnyDay,RagePowder,Tailwind|||M|||50|,,,,,Water]Ursaluna||FlameOrb|Guts|HeadlongRush,Facade,Earthquake,Protect|||F|||50|,,,,,Ghost
|showteam|p2|Porygon2||Eviolite|Download|IceBeam,TeraBlast,TrickRoom,Recover||||||50|,,,,,Fighting]Incineroar||SafetyGoggles|Intimidate|FlareBlitz,KnockOff,FakeOut,PartingShot|||F|||50|,,,,,Ghost]Dragonite||LoadedDice|Multiscale|ScaleShot,Haze,Tailwind,Protect|||F|||50|,,,,,Steel]Gholdengo||LifeOrb|GoodasGold|NastyPlot,Protect,MakeItRain,ShadowBall||||||50|,,,,,Water]Ursaluna||FlameOrb|Guts|HeadlongRush,Facade,Earthquake,Protect|||M|||50|,,,,,Ghost]Amoonguss||SitrusBerry|Regenerator|Spore,PollenPuff,Protect,RagePowder|||F|||50|,,,,,Water
|inactive|Battle timer is ON: inactive players will automatically lose when time's up. (requested by oxoc)
|inactive|Cartercaio has 60 seconds left.
|inactive|oxoc has 60 seconds left.
|inactive|oxoc has 30 seconds left.
|
|t:|1757809906
|teamsize|p1|4
|teamsize|p2|4
|start
|switch|p1a: Charizard|Charizard, L50, M|100/100
|switch|p1b: Porygon2|Porygon2, L50|100/100
|switch|p2a: Incineroar|Incineroar, L50, F|100/100
|switch|p2b: Dragonite|Dragonite, L50, F|100/100
|-ability|p2a: Incineroar|Intimidate|boost
|-unboost|p1a: Charizard|atk|1
|-unboost|p1b: Porygon2|atk|1
|-ability|p1b: Porygon2|Download|boost
|-boost|p1b: Porygon2|atk|1
|turn|1
|inactive|Cartercaio has 30 seconds left.
|inactive|oxoc has 30 seconds left.
|inactive|Cartercaio has 20 seconds left.
|inactive|Cartercaio has 15 seconds left.
|inactive|Cartercaio has 10 seconds left.
|inactive|Cartercaio has 5 seconds left.
|
|t:|1757809956
|-terastallize|p1a: Charizard|Ghost
|move|p2a: Incineroar|Fake Out|p1a: Charizard
|-immune|p1a: Charizard
|move|p1a: Charizard|Air Slash|p2b: Dragonite
|-damage|p2b: Dragonite|73/100
|move|p2b: Dragonite|Scale Shot|p1a: Charizard|[miss]
|-miss|p2b: Dragonite|p1a: Charizard
|move|p1b: Porygon2|Ice Beam|p2b: Dragonite
|-supereffective|p2b: Dragonite
|-damage|p2b: Dragonite|0 fnt
|faint|p2b: Dragonite
|
|upkeep
|
|t:|1757809970
|switch|p2b: Porygon2|Porygon2, L50|100/100
|-ability|p2b: Porygon2|Download|boost
|-boost|p2b: Porygon2|atk|1
|turn|2
|inactive|Cartercaio has 30 seconds left.
|
|t:|1757809996
|-terastallize|p2b: Porygon2|Fighting
|move|p1a: Charizard|Air Slash|p2a: Incineroar
|-damage|p2a: Incineroar|53/100
|move|p2a: Incineroar|Knock Off|p1a: Charizard
|-supereffective|p1a: Charizard
|-damage|p1a: Charizard|0 fnt
|-enditem|p1a: Charizard|Choice Specs|[from] move: Knock Off|[of] p2a: Incineroar
|faint|p1a: Charizard
|move|p2b: Porygon2|Tera Blast|p1b: Porygon2|[anim] Tera Blast Fighting
|-supereffective|p1b: Porygon2
|-damage|p1b: Porygon2|50/100
|move|p1b: Porygon2|Tera Blast|p2a: Incineroar
|-damage|p2a: Incineroar|16/100
|
|upkeep
|
|t:|1757810020
|switch|p1a: Ursaluna|Ursaluna, L50, F|100/100
|turn|3
|inactive|Cartercaio has 30 seconds left.
|inactive|Cartercaio has 20 seconds left.
|inactive|Cartercaio has 15 seconds left.
|inactive|Cartercaio has 10 seconds left.
|
|t:|1757810066
|move|p1a: Ursaluna|Protect|p1a: Ursaluna
|-singleturn|p1a: Ursaluna|Protect
|move|p2a: Incineroar|Parting Shot|p1a: Ursaluna
|-activate|p1a: Ursaluna|move: Protect
|move|p2b: Porygon2|Tera Blast|p1b: Porygon2|[anim] Tera Blast Fighting
|-supereffective|p1b: Porygon2
|-damage|p1b: Porygon2|3/100
|move|p1b: Porygon2|Trick Room|p1b: Porygon2
|-fieldstart|move: Trick Room|[of] p1b: Porygon2
|
|-status|p1a: Ursaluna|brn|[from] item: Flame Orb
|upkeep
|turn|4
|inactive|Cartercaio has 30 seconds left.
|inactive|oxoc has 30 seconds left.
|inactive|Cartercaio has 20 seconds left.
|inactive|oxoc has 20 seconds left.
|inactive|Cartercaio has 15 seconds left.
|
|t:|1757810110
|switch|p2a: Ursaluna|Ursaluna, L50, M|100/100
|move|p1b: Porygon2|Recover|p1b: Porygon2
|-heal|p1b: Porygon2|53/100
|move|p2b: Porygon2|Tera Blast|p1a: Ursaluna|[anim] Tera Blast Fighting
|-supereffective|p1a: Ursaluna
|-damage|p1a: Ursaluna|28/100 brn
|move|p1a: Ursaluna|Earthquake|p2b: Porygon2|[spread] p1b,p2a,p2b
|-damage|p1b: Porygon2|5/100
|-damage|p2a: Ursaluna|48/100
|-damage|p2b: Porygon2|55/100
|
|-damage|p1a: Ursaluna|22/100 brn|[from] brn
|-status|p2a: Ursaluna|brn|[from] item: Flame Orb
|upkeep
|turn|5
|inactive|Cartercaio has 30 seconds left.
|inactive|oxoc has 30 seconds left.
|inactive|oxoc has 20 seconds left.
|inactive|oxoc has 15 seconds left.
|
|t:|1757810150
|move|p2a: Ursaluna|Protect|p2a: Ursaluna
|-singleturn|p2a: Ursaluna|Protect
|move|p1a: Ursaluna|Protect|p1a: Ursaluna
|-singleturn|p1a: Ursaluna|Protect
|move|p1b: Porygon2|Recover|p1b: Porygon2
|-heal|p1b: Porygon2|55/100
|move|p2b: Porygon2|Tera Blast|p1a: Ursaluna|[anim] Tera Blast Fighting
|-activate|p1a: Ursaluna|move: Protect
|
|-damage|p2a: Ursaluna|42/100 brn|[from] brn
|-damage|p1a: Ursaluna|16/100 brn|[from] brn
|upkeep
|turn|6
|inactive|Cartercaio has 30 seconds left.
|inactive|Cartercaio has 20 seconds left.
|inactive|Cartercaio has 15 seconds left.
|inactive|Cartercaio has 10 seconds left.
|
|t:|1757810197
|switch|p1a: Torkoal|Torkoal, L50, M|100/100
|-weather|SunnyDay|[from] ability: Drought|[of] p1a: Torkoal
|move|p1b: Porygon2|Recover|p1b: Porygon2
|-heal|p1b: Porygon2|100/100
|move|p2b: Porygon2|Tera Blast|p1b: Porygon2|[anim] Tera Blast Fighting
|-supereffective|p1b: Porygon2
|-damage|p1b: Porygon2|57/100
|move|p2a: Ursaluna|Facade|p1b: Porygon2
|-damage|p1b: Porygon2|0 fnt
|faint|p1b: Porygon2
|
|-weather|SunnyDay|[upkeep]
|-damage|p2a: Ursaluna|36/100 brn|[from] brn
|upkeep
|
|t:|1757810211
|switch|p1b: Ursaluna|Ursaluna, L50, F|16/100 brn
|turn|7
|
|t:|1757810227
|move|p2a: Ursaluna|Protect|p2a: Ursaluna
|-singleturn|p2a: Ursaluna|Protect
|move|p1a: Torkoal|Eruption|p2a: Ursaluna|[spread] p2b
|-activate|p2a: Ursaluna|move: Protect
|-damage|p2b: Porygon2|13/100
|move|p2b: Porygon2|Recover|p2b: Porygon2
|-heal|p2b: Porygon2|63/100
|move|p1b: Ursaluna|Facade|p2b: Porygon2
|-damage|p2b: Porygon2|0 fnt
|faint|p2b: Porygon2
|
|-weather|SunnyDay|[upkeep]
|-damage|p2a: Ursaluna|31/100 brn|[from] brn
|-damage|p1b: Ursaluna|10/100 brn|[from] brn
|-fieldend|move: Trick Room
|upkeep
|
|t:|1757810241
|switch|p2b: Incineroar|Incineroar, L50, F|16/100
|-ability|p2b: Incineroar|Intimidate|boost
|-unboost|p1a: Torkoal|atk|1
|-unboost|p1b: Ursaluna|atk|1
|turn|8
|inactive|Cartercaio has 30 seconds left.
|
|t:|1757810271
|move|p1b: Ursaluna|Protect|p1b: Ursaluna
|-singleturn|p1b: Ursaluna|Protect
|move|p2b: Incineroar|Fake Out|p1b: Ursaluna
|-activate|p1b: Ursaluna|move: Protect
|move|p2a: Ursaluna|Headlong Rush|p1a: Torkoal
|-supereffective|p1a: Torkoal
|-damage|p1a: Torkoal|0 fnt
|-unboost|p2a: Ursaluna|def|1
|-unboost|p2a: Ursaluna|spd|1
|faint|p1a: Torkoal
|
|-weather|SunnyDay|[upkeep]
|-damage|p1b: Ursaluna|5/100 brn|[from] brn
|-damage|p2a: Ursaluna|25/100 brn|[from] brn
|upkeep
|turn|9
|
|t:|1757810292
|move|p2b: Incineroar|Knock Off|p1b: Ursaluna
|-damage|p1b: Ursaluna|0 fnt
|-enditem|p1b: Ursaluna|Flame Orb|[from] move: Knock Off|[of] p2b: Incineroar
|faint|p1b: Ursaluna
|
|win|oxoc
|j| fancy cucudrula
