|j|☆Northgdh
|j|☆93Warrior
|html|Northgdh93Warrior    
|uhtml|bestof|Game 1 of a best-of-3
|t:|1783729185
|gametype|doubles
|player|p1|Northgdh|265|1052
|player|p2|93Warrior|2|1148
|gen|9
|tier|[Gen 9 Champions] VGC 2026 Reg M-B (Bo3)
|rated|
|rule|Species Clause: Limit one of each Pokémon
|rule|Item Clause: Limit 1 of each item
|clearpoke
|poke|p1|Floette-Eternal, L50, F|
|poke|p1|Sinistcha, L50|
|poke|p1|Sneasler, L50, F|
|poke|p1|Incineroar, L50, M, shiny|
|poke|p1|Kingambit, L50, M, shiny|
|poke|p1|Blastoise, L50, F, shiny|
|poke|p2|Charizard, L50, F|
|poke|p2|Basculegion, L50, M|
|poke|p2|Kingambit, L50, F|
|poke|p2|Whimsicott, L50, M|
|poke|p2|Glimmora, L50, F|
|poke|p2|Garchomp, L50, F|
|teampreview|4
|showteam|p1|Floette-Eternal||Floettite|FlowerVeil|Moonblast,DrainingKiss,CalmMind,Protect|Modest||F|||50|]Sinistcha||OccaBerry|Hospitality|MatchaGotcha,LifeDew,RagePowder,Protect|Calm|||||50|]Sneasler||FocusSash|PoisonTouch|CloseCombat,PoisonJab,FakeOut,QuickGuard|Jolly||F|||50|]Incineroar||SitrusBerry|Intimidate|FlareBlitz,FakeOut,HelpingHand,PartingShot|Impish||M|||50|]Kingambit||BlackGlasses|Defiant|KowtowCleave,SuckerPunch,SwordsDance,Protect|Adamant||M|||50|]Blastoise||Blastoisinite|RainDish|WaterSpout,DarkPulse,ShellSmash,Protect|Modest||F|||50|
|showteam|p2|Charizard||CharizarditeY|Blaze|HeatWave,WeatherBall,SolarBeam,Protect|Modest||F|||50|]Basculegion||MysticWater|Adaptability|LastRespects,WaveCrash,AquaJet,Protect|Adamant||M|||50|]Kingambit||ChopleBerry|Defiant|KowtowCleave,SuckerPunch,IronHead,Protect|Adamant||F|||50|]Whimsicott||FairyFeather|Prankster|Moonblast,Tailwind,Encore,Protect|Timid||M|||50|]Glimmora||FocusSash|ToxicDebris|PowerGem,SludgeBomb,EarthPower,SpikyShield|Modest||F|||50|]Garchomp||LifeOrb|RoughSkin|Earthquake,DragonClaw,RockSlide,Protect|Jolly||F|||50|
|inactive|Battle timer is ON: inactive players will automatically lose when time's up. (requested by Northgdh)
|inactive|Northgdh has 60 seconds left.
|inactive|93Warrior has 60 seconds left.
|inactive|93Warrior has 30 seconds left.
|inactive|Northgdh has 30 seconds left.
|inactive|93Warrior has 20 seconds left.
|inactive|93Warrior has 15 seconds left.
|
|t:|1783729265
|teamsize|p1|4
|teamsize|p2|4
|start
|switch|p1a: honeybee|Sneasler, L50, F|100/100
|switch|p1b: begged|Blastoise, L50, F, shiny|100/100
|switch|p2a: Whimsicott|Whimsicott, L50, M|100/100
|switch|p2b: Basculegion|Basculegion, L50, M|100/100
|turn|1
|
|t:|1783729286
|detailschange|p1b: begged|Blastoise-Mega, L50, F, shiny
|-mega|p1b: begged|Blastoise|Blastoisinite
|move|p1a: honeybee|Fake Out|p2a: Whimsicott
|-damage|p2a: Whimsicott|79/100
|cant|p2a: Whimsicott|flinch
|move|p1b: begged|Dark Pulse|p2b: Basculegion
|-supereffective|p2b: Basculegion|1
|-damage|p2b: Basculegion|0 fnt
|faint|p2b: Basculegion
|
|upkeep
|inactive|93Warrior has 30 seconds left.
|
|t:|1783729316
|switch|p2b: Charizard|Charizard, L50, F|100/100
|turn|2
|
|t:|1783729333
|detailschange|p2b: Charizard|Charizard-Mega-Y, L50, F
|-mega|p2b: Charizard|Charizard|Charizardite Y
|-weather|SunnyDay|[from] ability: Drought|[of] p2b: Charizard
|move|p1b: begged|Protect|p1b: begged
|-singleturn|p1b: begged|Protect
|move|p2a: Whimsicott|Tailwind|p2a: Whimsicott
|-sidestart|p2: 93Warrior|move: Tailwind
|move|p2b: Charizard|Weather Ball|p1a: honeybee
|-crit|p1a: honeybee
|-enditem|p1a: honeybee|Focus Sash
|-damage|p1a: honeybee|1/100
|move|p1a: honeybee|Poison Jab|p2b: Charizard
|-damage|p2b: Charizard|57/100
|-status|p2b: Charizard|psn|[from] ability: Poison Touch|[of] p1a: honeybee
|
|-weather|SunnyDay|[upkeep]
|-damage|p2b: Charizard|45/100 psn|[from] psn
|upkeep
|turn|3
|inactive|Northgdh has 30 seconds left.
|
|t:|1783729365
|switch|p1b: wrong w me|Incineroar, L50, M, shiny|100/100
|-ability|p1b: wrong w me|Intimidate|boost
|-unboost|p2a: Whimsicott|atk|1
|-unboost|p2b: Charizard|atk|1
|move|p2a: Whimsicott|Encore|p1b: wrong w me
|-hint|Since gen 7, Dark is immune to Prankster moves.
|-immune|p1b: wrong w me
|move|p2b: Charizard|Solar Beam||[still]
|-prepare|p2b: Charizard|Solar Beam
|-anim|p2b: Charizard|Solar Beam|p1b: wrong w me
|-resisted|p1b: wrong w me|1
|-damage|p1b: wrong w me|80/100
|move|p1a: honeybee|Poison Jab|p2a: Whimsicott
|-supereffective|p2a: Whimsicott|2
|-damage|p2a: Whimsicott|0 fnt
|faint|p2a: Whimsicott
|
|-weather|SunnyDay|[upkeep]
|-damage|p2b: Charizard|33/100 psn|[from] psn
|upkeep
|
|t:|1783729380
|switch|p2a: Glimmora|Glimmora, L50, F|100/100
|turn|4
|
|t:|1783729394
|switch|p1a: drop dead|Kingambit, L50, M, shiny|100/100
|move|p1b: wrong w me|Fake Out|p2b: Charizard
|-damage|p2b: Charizard|22/100 psn
|move|p2a: Glimmora|Power Gem|p1b: wrong w me
|-supereffective|p1b: wrong w me|1
|-damage|p1b: wrong w me|0 fnt
|faint|p1b: wrong w me
|cant|p2b: Charizard|flinch
|
|-weather|SunnyDay|[upkeep]
|-damage|p2b: Charizard|10/100 psn|[from] psn
|upkeep
|
|t:|1783729402
|switch|p1b: honeybee|Sneasler, L50, F|1/100
|turn|5
|
|t:|1783729416
|move|p1b: honeybee|Fake Out|p2b: Charizard
|-damage|p2b: Charizard|0 fnt
|faint|p2b: Charizard
|move|p1a: drop dead|Sucker Punch|p2a: Glimmora
|-damage|p2a: Glimmora|37/100
|-activate|p2a: Glimmora|ability: Toxic Debris
|-sidestart|p1: Northgdh|move: Toxic Spikes
|move|p2a: Glimmora|Earth Power|p1a: drop dead
|-supereffective|p1a: drop dead|1
|-damage|p1a: drop dead|29/100
|
|-weather|SunnyDay|[upkeep]
|-sideend|p2: 93Warrior|move: Tailwind
|upkeep
|turn|6
|-message|93Warrior forfeited.
|
|win|Northgdh
