|j|☆issacnewtoniscool
|j|☆turts327
|html|issacnewtoniscoolturts327    
|uhtml|bestof|Game 1 of a best-of-3
|t:|1782318891
|gametype|doubles
|player|p1|issacnewtoniscool|2|1033
|player|p2|turts327|unknown|1077
|gen|9
|tier|[Gen 9 Champions] VGC 2026 Reg M-B (Bo3)
|rated|
|rule|Species Clause: Limit one of each Pokémon
|rule|Item Clause: Limit 1 of each item
|clearpoke
|poke|p1|Toxapex, L50, M, shiny|
|poke|p1|Charizard, L50, F, shiny|
|poke|p1|Incineroar, L50, M, shiny|
|poke|p1|Grimmsnarl, L50, M, shiny|
|poke|p1|Gholdengo, L50, shiny|
|poke|p1|Garchomp, L50, M|
|poke|p2|Raichu, L50, F|
|poke|p2|Farigiraf, L50, F|
|poke|p2|Dragonite, L50, F|
|poke|p2|Toxapex, L50, M|
|poke|p2|Incineroar, L50, M|
|poke|p2|Corviknight, L50, M|
|teampreview|4
|showteam|p1|Toxapex||Leftovers|Regenerator|BanefulBunker,Infestation,Toxic,WideGuard|Relaxed||M|||50|]Charizard||CharizarditeY|Blaze|HeatWave,WeatherBall,SolarBeam,Protect|Timid||F|||50|]Incineroar||SitrusBerry|Intimidate|FakeOut,FlareBlitz,ThroatChop,PartingShot|Impish||M|||50|]Grimmsnarl||LightClay|Prankster|FakeOut,Reflect,LightScreen,PartingShot|Impish||M|||50|]Gholdengo||LifeOrb|GoodasGold|MakeItRain,ShadowBall,NastyPlot,Protect|Modest|||||50|]Garchomp||ChoiceScarf|RoughSkin|DragonClaw,Earthquake,StompingTantrum,RockSlide|Adamant||M|||50|
|showteam|p2|Raichu||RaichuniteY|LightningRod|Protect,FocusBlast,ZapCannon,VoltSwitch|Modest||F|||50|]Farigiraf||SitrusBerry|ArmorTail|Protect,HyperVoice,NastyPlot,Imprison|Bold||F|||50|]Dragonite||LifeOrb|Multiscale|Protect,ExtremeSpeed,StoneEdge,BreakingSwipe|Adamant||F|||50|]Toxapex||Leftovers|Merciless|BanefulBunker,WideGuard,Toxic,Infestation|Bold||M|||50|]Incineroar||ChartiBerry|Intimidate|FakeOut,FlareBlitz,ThroatChop,PartingShot|Impish||M|||50|]Corviknight||LightClay|MirrorArmor|Reflect,IronDefense,BodyPress,LightScreen|Bold||M|||50|
|inactive|Battle timer is ON: inactive players will automatically lose when time's up. (requested by turts327)
|inactive|issacnewtoniscool has 60 seconds left.
|
|t:|1782318949
|teamsize|p1|4
|teamsize|p2|4
|start
|switch|p1a: Charizard|Charizard, L50, F, shiny|100/100
|switch|p1b: Incineroar|Incineroar, L50, M, shiny|100/100
|switch|p2a: Raichu|Raichu, L50, F|100/100
|switch|p2b: Incineroar|Incineroar, L50, M|100/100
|-ability|p1b: Incineroar|Intimidate|boost
|-unboost|p2a: Raichu|atk|1
|-unboost|p2b: Incineroar|atk|1
|-ability|p2b: Incineroar|Intimidate|boost
|-unboost|p1a: Charizard|atk|1
|-unboost|p1b: Incineroar|atk|1
|turn|1
|
|t:|1782318972
|switch|p1b: Garchomp|Garchomp, L50, M|100/100
|switch|p2b: Farigiraf|Farigiraf, L50, F|100/100
|detailschange|p2a: Raichu|Raichu-Mega-Y, L50, F
|-mega|p2a: Raichu|Raichu|Raichunite Y
|move|p1a: Charizard|Protect|p1a: Charizard
|-singleturn|p1a: Charizard|Protect
|move|p2a: Raichu|Volt Switch|p1a: Charizard
|-activate|p1a: Charizard|move: Protect
|
|upkeep
|turn|2
|
|t:|1782318986
|switch|p2a: Incineroar|Incineroar, L50, M|100/100
|-ability|p2a: Incineroar|Intimidate|boost
|-unboost|p1a: Charizard|atk|1
|-unboost|p1b: Garchomp|atk|1
|detailschange|p1a: Charizard|Charizard-Mega-Y, L50, F, shiny
|-mega|p1a: Charizard|Charizard|Charizardite Y
|-weather|SunnyDay|[from] ability: Drought|[of] p1a: Charizard
|move|p1b: Garchomp|Earthquake|p2a: Incineroar|[spread] p2a,p2b
|-immune|p1a: Charizard
|-supereffective|p2a: Incineroar|1
|-crit|p2a: Incineroar
|-damage|p2a: Incineroar|1/100
|-damage|p2b: Farigiraf|78/100
|move|p1a: Charizard|Weather Ball|p2b: Farigiraf
|-damage|p2b: Farigiraf|8/100
|-enditem|p2b: Farigiraf|Sitrus Berry|[eat]
|-heal|p2b: Farigiraf|33/100|[from] item: Sitrus Berry
|move|p2b: Farigiraf|Nasty Plot|p2b: Farigiraf
|-boost|p2b: Farigiraf|spa|2
|
|-weather|SunnyDay|[upkeep]
|upkeep
|turn|3
|
|t:|1782319006
|move|p2a: Incineroar|Fake Out|p1a: Charizard
|-damage|p1a: Charizard|88/100
|move|p1b: Garchomp|Earthquake|p2b: Farigiraf|[spread] p2a,p2b
|-immune|p1a: Charizard
|-supereffective|p2a: Incineroar|1
|-damage|p2a: Incineroar|0 fnt
|-damage|p2b: Farigiraf|12/100
|faint|p2a: Incineroar
|cant|p1a: Charizard|flinch
|move|p2b: Farigiraf|Hyper Voice|p1b: Garchomp|[spread] p1a,p1b
|-damage|p1a: Charizard|42/100
|-damage|p1b: Garchomp|46/100
|
|-weather|SunnyDay|[upkeep]
|upkeep
|
|t:|1782319020
|switch|p2a: Raichu|Raichu-Mega-Y, L50, F|100/100
|turn|4
|
|t:|1782319029
|move|p2a: Raichu|Protect|p2a: Raichu
|-singleturn|p2a: Raichu|Protect
|move|p1b: Garchomp|Earthquake|p2b: Farigiraf|[spread] p2b
|-activate|p2a: Raichu|move: Protect
|-immune|p1a: Charizard
|-damage|p2b: Farigiraf|0 fnt
|faint|p2b: Farigiraf
|move|p1a: Charizard|Heat Wave|p2a: Raichu
|-activate|p2a: Raichu|move: Protect
|
|-weather|SunnyDay|[upkeep]
|upkeep
|
|t:|1782319037
|switch|p2b: Toxapex|Toxapex, L50, M|100/100
|turn|5
|
|t:|1782319047
|switch|p1b: Incineroar|Incineroar, L50, M, shiny|100/100
|-ability|p1b: Incineroar|Intimidate|boost
|-unboost|p2a: Raichu|atk|1
|-unboost|p2b: Toxapex|atk|1
|move|p2b: Toxapex|Wide Guard|p2b: Toxapex
|-singleturn|p2b: Toxapex|Wide Guard
|move|p2a: Raichu|Focus Blast|p1b: Incineroar
|-supereffective|p1b: Incineroar|1
|-damage|p1b: Incineroar|7/100
|-enditem|p1b: Incineroar|Sitrus Berry|[eat]
|-heal|p1b: Incineroar|32/100|[from] item: Sitrus Berry
|move|p1a: Charizard|Weather Ball|p2a: Raichu
|-damage|p2a: Raichu|0 fnt
|faint|p2a: Raichu
|
|-weather|SunnyDay|[upkeep]
|upkeep
|turn|6
|
|t:|1782319064
|switch|p1a: Garchomp|Garchomp, L50, M|46/100
|move|p1b: Incineroar|Fake Out|p2b: Toxapex
|-damage|p2b: Toxapex|92/100
|cant|p2b: Toxapex|flinch
|
|-weather|none
|-heal|p2b: Toxapex|98/100|[from] item: Leftovers
|upkeep
|turn|7
|
|t:|1782319069
|move|p1a: Garchomp|Stomping Tantrum|p2b: Toxapex
|-supereffective|p2b: Toxapex|1
|-damage|p2b: Toxapex|39/100
|move|p1b: Incineroar|Parting Shot|p2b: Toxapex
|-unboost|p2b: Toxapex|atk|1
|-unboost|p2b: Toxapex|spa|1
|
|t:|1782319073
|switch|p1b: Charizard|Charizard-Mega-Y, L50, F, shiny|42/100|[from] Parting Shot
|-weather|SunnyDay|[from] ability: Drought|[of] p1b: Charizard
|move|p2b: Toxapex|Toxic|p1a: Garchomp
|-status|p1a: Garchomp|tox
|
|-weather|SunnyDay|[upkeep]
|-heal|p2b: Toxapex|45/100|[from] item: Leftovers
|-damage|p1a: Garchomp|40/100 tox|[from] psn
|upkeep
|turn|8
|
|t:|1782319077
|move|p2b: Toxapex|Baneful Bunker|p2b: Toxapex
|-singleturn|p2b: Toxapex|move: Protect
|move|p1a: Garchomp|Stomping Tantrum|p2b: Toxapex
|-activate|p2b: Toxapex|move: Protect
|move|p1b: Charizard|Solar Beam||[still]
|-prepare|p1b: Charizard|Solar Beam
|-anim|p1b: Charizard|Solar Beam|p2b: Toxapex
|-activate|p2b: Toxapex|move: Protect
|
|-weather|SunnyDay|[upkeep]
|-heal|p2b: Toxapex|50/100g|[from] item: Leftovers
|-damage|p1a: Garchomp|28/100 tox|[from] psn
|upkeep
|turn|9
|
|t:|1782319088
|move|p2b: Toxapex|Baneful Bunker||[still]
|-fail|p2b: Toxapex
|move|p1a: Garchomp|Stomping Tantrum|p2b: Toxapex
|-supereffective|p2b: Toxapex|1
|-damage|p2b: Toxapex|0 fnt
|faint|p2b: Toxapex
|
|win|issacnewtoniscool
||turts327 is ready for game 2.
||issacnewtoniscool is ready for game 2.
|uhtml|next|Next: Game 2 of 3
