|j|☆yveltyy
|j|☆FAMILIARCOL
|html|yveltyyFAMILIARCOL    
|uhtml|bestof|Game 1 of a best-of-3
|t:|1757855318
|gametype|doubles
|player|p1|yveltyy|plasmagruntf-gen5bw|1111
|player|p2|FAMILIARCOL|169|1154
|gen|9
|tier|[Gen 9] VGC 2025 Reg H (Bo3)
|rated|
|rule|Species Clause: Limit one of each Pokémon
|rule|Item Clause: Limit 1 of each item
|clearpoke
|poke|p1|Zoroark-Hisui, L50, M|
|poke|p1|Incineroar, L50, F|
|poke|p1|Maushold, L50|
|poke|p1|Annihilape, L50, M|
|poke|p1|Sinistcha, L50|
|poke|p1|Ursaluna-Bloodmoon, L50, M|
|poke|p2|Farigiraf, L50, M|
|poke|p2|Dragonite, L50, M|
|poke|p2|Incineroar, L50, F|
|poke|p2|Murkrow, L50, M|
|poke|p2|Gholdengo, L50|
|poke|p2|Garchomp, L50, M|
|teampreview|4
|showteam|p1|Zoroark-Hisui||FocusSash|Illusion|BitterMalice,Protect,HyperVoice,Taunt|||M|||50|,,,,,Normal]Incineroar||AssaultVest|Intimidate|FakeOut,KnockOff,FlareBlitz,Uturn|||F|||50|,,,,,Grass]Maushold||SafetyGoggles|FriendGuard|BeatUp,FollowMe,Taunt,Protect||||||50|,,,,,Ghost]Annihilape||Leftovers|Defiant|BulkUp,RageFist,DrainPunch,Protect|||M|||50|,,,,,Fire]Sinistcha||SitrusBerry|Hospitality|RagePowder,TrickRoom,MatchaGotcha,LifeDew||||||50|,,,,,Fire]Ursaluna-Bloodmoon||LifeOrb|MindsEye|HyperVoice,BloodMoon,EarthPower,Protect|||M|||50|,,,,,Normal
|showteam|p2|Farigiraf||RockyHelmet|ArmorTail|Imprison,TrickRoom,HelpingHand,DazzlingGleam|||M|||50|,,,,,Fairy]Dragonite||LoadedDice|Multiscale|ScaleShot,ExtremeSpeed,AerialAce,DragonDance|||M|||50|,,,,,Normal]Incineroar||SitrusBerry|Intimidate|FakeOut,KnockOff,WillOWisp,PartingShot|||F|||50|,,,,,Grass]Murkrow||Eviolite|Prankster|Tailwind,Haze,Taunt,FoulPlay|||M|||50|,,,,,Ghost]Gholdengo||Leftovers|GoodasGold|MakeItRain,ShadowBall,NastyPlot,Protect||||||50|,,,,,Water]Garchomp||ClearAmulet|RoughSkin|Earthquake,RockSlide,DragonClaw,Protect|||M|||50|,,,,,Ground
|inactive|Battle timer is ON: inactive players will automatically lose when time's up. (requested by yveltyy)
|inactive|yveltyy has 60 seconds left.
|inactive|FAMILIARCOL has 60 seconds left.
|
|t:|1757855366
|teamsize|p1|4
|teamsize|p2|4
|start
|switch|p1a: Incineroar|Incineroar, L50, F|100/100
|switch|p1b: Ursaluna|Ursaluna-Bloodmoon, L50, M|100/100
|switch|p2a: Murkrow|Murkrow, L50, M, shiny|100/100
|switch|p2b: Garchomp|Garchomp, L50, M, shiny|100/100
|-ability|p1a: Incineroar|Intimidate|boost
|-unboost|p2a: Murkrow|atk|1
|-fail|p2b: Garchomp|unboost|[from] item: Clear Amulet|[of] p2b: Garchomp
|turn|1
|inactive|FAMILIARCOL has 30 seconds left.
|inactive|FAMILIARCOL has 20 seconds left.
|
|t:|1757855402
|switch|p2a: Gholdengo|Gholdengo, L50|100/100
|move|p1a: Incineroar|Fake Out|p2a: Gholdengo
|-immune|p2a: Gholdengo
|move|p1b: Ursaluna|Taunt|p2a: Gholdengo
|-immune|p2a: Gholdengo|[from] ability: Good as Gold
|move|p2b: Garchomp|Rock Slide|p1b: Ursaluna|[spread] p1a
|-miss|p2b: Garchomp|p1b: Ursaluna
|-supereffective|p1a: Incineroar
|-damage|p1a: Incineroar|61/100
|
|upkeep
|turn|2
|
|t:|1757855422
|switch|p2a: Dragonite|Dragonite, L50, M, shiny|100/100
|-terastallize|p2b: Garchomp|Ground
|move|p1b: Ursaluna|Bitter Malice|p2b: Garchomp
|-damage|p2b: Garchomp|61/100
|move|p2b: Garchomp|Earthquake|p1b: Ursaluna|[spread] p1a,p1b
|-immune|p2a: Dragonite
|-supereffective|p1a: Incineroar
|-crit|p1a: Incineroar
|-damage|p1a: Incineroar|0 fnt
|-enditem|p1b: Ursaluna|Focus Sash
|-damage|p1b: Ursaluna|1/100
|replace|p1b: Zoroark|Zoroark-Hisui, L50, M, shiny
|-end|p1b: Zoroark|Illusion
|faint|p1a: Incineroar
|
|upkeep
|
|t:|1757855438
|switch|p1a: Annihilape|Annihilape, L50, M|100/100
|turn|3
|
|t:|1757855455
|move|p1b: Zoroark|Bitter Malice|p2b: Garchomp
|-damage|p2b: Garchomp|18/100
|move|p2b: Garchomp|Earthquake|p1a: Annihilape|[spread] p1a,p1b
|-immune|p2a: Dragonite
|-damage|p1a: Annihilape|54/100
|-damage|p1b: Zoroark|0 fnt
|faint|p1b: Zoroark
|move|p2a: Dragonite|Dragon Dance|p2a: Dragonite
|-boost|p2a: Dragonite|atk|1
|-boost|p2a: Dragonite|spe|1
|move|p1a: Annihilape|Drain Punch|p2b: Garchomp
|-damage|p2b: Garchomp|0 fnt
|-heal|p1a: Annihilape|62/100|[from] drain|[of] p2b: Garchomp
|-damage|p1a: Annihilape|49/100|[from] ability: Rough Skin|[of] p2b: Garchomp
|faint|p2b: Garchomp
|
|-heal|p1a: Annihilape|55/100|[from] item: Leftovers
|upkeep
|
|t:|1757855477
|switch|p1b: Ursaluna|Ursaluna-Bloodmoon, L50, M|100/100
|switch|p2b: Murkrow|Murkrow, L50, M, shiny|100/100
|turn|4
|inactive|FAMILIARCOL has 30 seconds left.
|
|t:|1757855502
|move|p1a: Annihilape|Protect|p1a: Annihilape
|-singleturn|p1a: Annihilape|Protect
|move|p2b: Murkrow|Tailwind|p2b: Murkrow
|-sidestart|p2: FAMILIARCOL|move: Tailwind
|move|p2a: Dragonite|Scale Shot|p1b: Ursaluna
|-damage|p1b: Ursaluna|83/100
|-crit|p1b: Ursaluna
|-damage|p1b: Ursaluna|57/100
|-damage|p1b: Ursaluna|40/100
|-damage|p1b: Ursaluna|25/100
|-damage|p1b: Ursaluna|10/100
|-hitcount|p1b: Ursaluna|5
|-unboost|p2a: Dragonite|def|1
|-boost|p2a: Dragonite|spe|1
|move|p1b: Ursaluna|Hyper Voice|p2a: Dragonite|[spread] p2a,p2b
|-damage|p2a: Dragonite|71/100
|-damage|p2b: Murkrow|52/100
|-damage|p1b: Ursaluna|0 fnt|[from] item: Life Orb
|faint|p1b: Ursaluna
|
|-heal|p1a: Annihilape|61/100|[from] item: Leftovers
|upkeep
|turn|5
|inactive|FAMILIARCOL has 30 seconds left.
|
|t:|1757855531
|-terastallize|p1a: Annihilape|Fire
|move|p2a: Dragonite|Scale Shot|p1a: Annihilape
|-damage|p1a: Annihilape|41/100
|-damage|p1a: Annihilape|20/100
|-damage|p1a: Annihilape|1/100
|-damage|p1a: Annihilape|0 fnt
|faint|p1a: Annihilape
|-hitcount|p1: Annihilape|4
|
|win|FAMILIARCOL
||yveltyy is ready for game 2.
|inactive|FAMILIARCOL has 30 seconds to confirm battle start!
|l|☆FAMILIARCOL
|player|p2|
||FAMILIARCOL is ready for game 2.
|uhtml|next|Next: Game 2 of 3
