|j|☆caZISA
|j|☆jacre22
|html|caZISAjacre22    
|uhtml|bestof|Game 3 of a best-of-3
|t:|1756745598
|gametype|doubles
|player|p1|caZISA|red|1478
|player|p2|jacre22|iris-gen5bw2|1405
|gen|9
|tier|[Gen 9] VGC 2025 Reg H (Bo3)
|rated|
|rule|Species Clause: Limit one of each Pokémon
|rule|Item Clause: Limit 1 of each item
|clearpoke
|poke|p1|Sinistcha-Masterpiece, L50|
|poke|p1|Incineroar, L50, M|
|poke|p1|Pelipper, L50, M|
|poke|p1|Basculegion, L50, M|
|poke|p1|Archaludon, L50, M|
|poke|p1|Maushold-Four, L50|
|poke|p2|Whimsicott, L50, M|
|poke|p2|Garchomp, L50, F|
|poke|p2|Gholdengo, L50|
|poke|p2|Incineroar, L50, F|
|poke|p2|Sneasler, L50, M|
|poke|p2|Dragonite, L50, M|
|teampreview|4
|showteam|p1|Sinistcha-Masterpiece||SitrusBerry|Hospitality|MatchaGotcha,RagePowder,LifeDew,TrickRoom||||||50|,,,,,Water]Incineroar||SafetyGoggles|Intimidate|FakeOut,WillOWisp,KnockOff,PartingShot|||M|||50|,,,,,Ghost]Pelipper||FocusSash|Drizzle|Hurricane,MuddyWater,WideGuard,Protect|||M|||50|,,,,,Ghost]Basculegion||MysticWater|SwiftSwim|WaveCrash,LastRespects,AquaJet,Protect|||M|||50|,,,,,Grass]Archaludon||AssaultVest|Stamina|Snarl,DracoMeteor,ElectroShot,BodyPress|||M|||50|,,,,,Bug]Maushold-Four||WideLens|Technician|PopulationBomb,Taunt,FollowMe,Protect||||||50|,,,,,Ghost
|showteam|p2|Whimsicott||FocusSash|Prankster|Moonblast,Tailwind,Encore,Protect|||M|||50|,,,,,Ghost]Garchomp||LifeOrb|RoughSkin|Earthquake,DragonClaw,StompingTantrum,Protect|||F|||50|,,,,,Ground]Gholdengo||ChoiceSpecs|GoodasGold|MakeItRain,ShadowBall,Trick,PowerGem||||||50|,,,,,Steel]Incineroar||AssaultVest|Intimidate|FakeOut,FlareBlitz,KnockOff,Uturn|||F|||50|,,,,,Grass]Sneasler||WhiteHerb|Unburden|FakeOut,DireClaw,CloseCombat,Protect|||M|||50|,,,,,Stellar]Dragonite||ChoiceBand|InnerFocus|ExtremeSpeed,Outrage,IceSpinner,StompingTantrum|||M|||50|,,,,,Normal
|
|t:|1756745605
|teamsize|p1|4
|teamsize|p2|4
|start
|switch|p1a: Golden Gate|Archaludon, L50, M|100/100
|switch|p1b: Tigre Toño|Incineroar, L50, M|100/100
|switch|p2a: Whimsicott|Whimsicott, L50, M|100/100
|switch|p2b: Gholdengo|Gholdengo, L50|100/100
|-ability|p1b: Tigre Toño|Intimidate|boost
|-unboost|p2a: Whimsicott|atk|1
|-unboost|p2b: Gholdengo|atk|1
|turn|1
|inactive|Battle timer is ON: inactive players will automatically lose when time's up. (requested by caZISA)
|inactive|jacre22 has 60 seconds left.
|
|t:|1756745657
|move|p1b: Tigre Toño|Fake Out|p2a: Whimsicott
|-damage|p2a: Whimsicott|84/100
|cant|p2a: Whimsicott|flinch
|move|p2b: Gholdengo|Power Gem|p1b: Tigre Toño
|-supereffective|p1b: Tigre Toño
|-damage|p1b: Tigre Toño|37/100
|move|p1a: Golden Gate|Snarl|p2a: Whimsicott|[spread] p2a,p2b
|-resisted|p2a: Whimsicott
|-supereffective|p2b: Gholdengo
|-damage|p2a: Whimsicott|75/100
|-damage|p2b: Gholdengo|76/100
|-unboost|p2a: Whimsicott|spa|1
|-unboost|p2b: Gholdengo|spa|1
|
|upkeep
|turn|2
|
|t:|1756745676
|switch|p1b: Sinistcha|Sinistcha-Masterpiece, L50|100/100
|move|p2a: Whimsicott|Tailwind|p2a: Whimsicott
|-sidestart|p2: jacre22|move: Tailwind
|move|p2b: Gholdengo|Power Gem|p1b: Sinistcha
|-damage|p1b: Sinistcha|72/100
|move|p1a: Golden Gate|Snarl|p2b: Gholdengo|[spread] p2a,p2b
|-resisted|p2a: Whimsicott
|-supereffective|p2b: Gholdengo
|-damage|p2a: Whimsicott|65/100
|-damage|p2b: Gholdengo|49/100
|-unboost|p2a: Whimsicott|spa|1
|-unboost|p2b: Gholdengo|spa|1
|
|upkeep
|turn|3
|
|t:|1756745689
|switch|p2b: Dragonite|Dragonite, L50, M|100/100
|switch|p1a: Tigre Toño|Incineroar, L50, M|37/100
|-ability|p1a: Tigre Toño|Intimidate|boost
|-unboost|p2a: Whimsicott|atk|1
|-fail|p2b: Dragonite|unboost|Attack|[from] ability: Inner Focus|[of] p2b: Dragonite
|move|p2a: Whimsicott|Protect|p2a: Whimsicott
|-singleturn|p2a: Whimsicott|Protect
|move|p1b: Sinistcha|Trick Room|p1b: Sinistcha
|-fieldstart|move: Trick Room|[of] p1b: Sinistcha
|
|upkeep
|turn|4
|
|t:|1756745714
|switch|p1b: Golden Gate|Archaludon, L50, M|100/100
|switch|p2a: Gholdengo|Gholdengo, L50|49/100
|move|p1a: Tigre Toño|Will-O-Wisp|p2b: Dragonite
|-status|p2b: Dragonite|brn
|move|p2b: Dragonite|Outrage|p1b: Golden Gate
|-damage|p1b: Golden Gate|70/100
|-ability|p1b: Golden Gate|Stamina|boost
|-boost|p1b: Golden Gate|def|1
|
|-damage|p2b: Dragonite|95/100 brn|[from] brn
|upkeep
|turn|5
|inactive|jacre22 has 30 seconds left.
|
|t:|1756745745
|move|p1a: Tigre Toño|Knock Off|p2a: Gholdengo
|-supereffective|p2a: Gholdengo
|-damage|p2a: Gholdengo|0 fnt
|-enditem|p2a: Gholdengo|Choice Specs|[from] move: Knock Off|[of] p1a: Tigre Toño
|faint|p2a: Gholdengo
|move|p1b: Golden Gate|Draco Meteor|p2b: Dragonite
|-supereffective|p2b: Dragonite
|-damage|p2b: Dragonite|0 fnt
|-unboost|p1b: Golden Gate|spa|2
|faint|p2b: Dragonite
|
|-sideend|p2: jacre22|move: Tailwind
|upkeep
|
|t:|1756745761
|switch|p2b: Whimsicott|Whimsicott, L50, M|65/100
|switch|p2a: Sneasler|Sneasler, L50, M|100/100
|turn|6
|inactive|jacre22 has 30 seconds left.
|
|t:|1756745787
|switch|p1b: Sinistcha|Sinistcha-Masterpiece, L50|72/100
|-heal|p1a: Tigre Toño|62/100|[from] ability: Hospitality|[of] p1b: Sinistcha
|-terastallize|p1a: Tigre Toño|Ghost
|move|p2a: Sneasler|Protect|p2a: Sneasler
|-singleturn|p2a: Sneasler|Protect
|move|p2b: Whimsicott|Encore||[still]
|-fail|p2b: Whimsicott
|move|p1a: Tigre Toño|Will-O-Wisp|p2a: Sneasler
|-activate|p2a: Sneasler|move: Protect
|
|upkeep
|turn|7
|inactive|jacre22 has 30 seconds left.
|
|t:|1756745816
|move|p2a: Sneasler|Protect|p2a: Sneasler
|-singleturn|p2a: Sneasler|Protect
|move|p2b: Whimsicott|Encore|p1a: Tigre Toño
|-start|p1a: Tigre Toño|Encore
|move|p1a: Tigre Toño|Will-O-Wisp|p2a: Sneasler
|-activate|p2a: Sneasler|move: Protect
|move|p1b: Sinistcha|Life Dew|p1b: Sinistcha|[spread] p1a,p1b
|-heal|p1a: Tigre Toño|87/100
|-heal|p1b: Sinistcha|97/100
|
|-fieldend|move: Trick Room
|upkeep
|turn|8
|
|t:|1756745834
|-terastallize|p2a: Sneasler|Stellar
|move|p1b: Sinistcha|Rage Powder|p1b: Sinistcha
|-singleturn|p1b: Sinistcha|move: Rage Powder
|move|p2a: Sneasler|Dire Claw|p1b: Sinistcha
|-damage|p1b: Sinistcha|48/100
|-status|p1b: Sinistcha|slp
|-enditem|p1b: Sinistcha|Sitrus Berry|[eat]
|-heal|p1b: Sinistcha|72/100 slp|[from] item: Sitrus Berry
|move|p2b: Whimsicott|Moonblast|p1b: Sinistcha
|-damage|p1b: Sinistcha|38/100 slp
|move|p1a: Tigre Toño|Will-O-Wisp|p2a: Sneasler
|-status|p2a: Sneasler|brn
|
|-damage|p2a: Sneasler|95/100 brn|[from] brn
|upkeep
|turn|9
|inactive|jacre22 has 30 seconds left.
|
|t:|1756745868
|switch|p1b: Golden Gate|Archaludon, L50, M|70/100
|switch|p1a: Nigel|Pelipper, L50, M|100/100
|-weather|RainDance|[from] ability: Drizzle|[of] p1a: Nigel
|move|p2a: Sneasler|Dire Claw|p1b: Golden Gate
|-immune|p1b: Golden Gate
|move|p2b: Whimsicott|Moonblast|p1b: Golden Gate
|-damage|p1b: Golden Gate|45/100
|-unboost|p1b: Golden Gate|spa|1
|-ability|p1b: Golden Gate|Stamina|boost
|-boost|p1b: Golden Gate|def|1
|
|-weather|RainDance|[upkeep]
|-damage|p2a: Sneasler|89/100 brn|[from] brn
|upkeep
|turn|10
|
|t:|1756745888
|move|p2a: Sneasler|Close Combat|p1b: Golden Gate
|-supereffective|p1b: Golden Gate
|-damage|p1b: Golden Gate|11/100
|-unboost|p2a: Sneasler|def|1
|-unboost|p2a: Sneasler|spd|1
|-ability|p1b: Golden Gate|Stamina|boost
|-boost|p1b: Golden Gate|def|1
|-enditem|p2a: Sneasler|White Herb
|-clearnegativeboost|p2a: Sneasler|[silent]
|move|p2b: Whimsicott|Moonblast|p1a: Nigel
|-damage|p1a: Nigel|40/100
|-unboost|p1a: Nigel|spa|1
|move|p1a: Nigel|Hurricane|p2b: Whimsicott
|-supereffective|p2b: Whimsicott
|-damage|p2b: Whimsicott|0 fnt
|faint|p2b: Whimsicott
|move|p1b: Golden Gate|Electro Shot||[still]
|-prepare|p1b: Golden Gate|Electro Shot
|-boost|p1b: Golden Gate|spa|1
|-anim|p1b: Golden Gate|Electro Shot|p2a: Sneasler
|-damage|p2a: Sneasler|42/100 brn
|
|-weather|RainDance|[upkeep]
|-damage|p2a: Sneasler|36/100 brn|[from] brn
|upkeep
|turn|11
|
|t:|1756745911
|switch|p1b: Sinistcha|Sinistcha-Masterpiece, L50|38/100 slp
|-heal|p1a: Nigel|65/100|[from] ability: Hospitality|[of] p1b: Sinistcha
|move|p2a: Sneasler|Close Combat|p1b: Sinistcha
|-immune|p1b: Sinistcha
|move|p1a: Nigel|Hurricane|p2a: Sneasler
|-supereffective|p2a: Sneasler
|-damage|p2a: Sneasler|0 fnt
|faint|p2a: Sneasler
|
|win|caZISA
|raw|caZISA's rating: 1478 → 1494(+16 for winning)
|raw|jacre22's rating: 1405 → 1389(-16 for losing)
