|j|☆StarDoor01
|j|☆Rimuro VGC
|html|StarDoor01Rimuro VGC    
|uhtml|bestof|Game 3 of a best-of-3
|t:|1785403840
|gametype|doubles
|player|p1|StarDoor01|1|1197
|player|p2|Rimuro VGC|volkner|1254
|gen|9
|tier|[Gen 9 Champions] VGC 2026 Reg M-B (Bo3)
|rated|
|rule|Species Clause: Limit one of each Pokémon
|rule|Item Clause: Limit 1 of each item
|clearpoke
|poke|p1|Scovillain, L50, M|
|poke|p1|Sylveon, L50, M|
|poke|p1|Kingambit, L50, F|
|poke|p1|Lycanroc-Dusk, L50, M|
|poke|p1|Basculegion, L50, M|
|poke|p1|Metagross, L50|
|poke|p2|Gardevoir, L50, F, shiny|
|poke|p2|Charizard, L50, F|
|poke|p2|Venusaur, L50, F|
|poke|p2|Garchomp, L50, M|
|poke|p2|Mawile, L50, M, shiny|
|poke|p2|Whimsicott, L50, F|
|teampreview|4
|showteam|p1|Scovillain||Scovillainite|Moody|GigaDrain,Overheat,RagePowder,Protect|Bold||M|||50|]Sylveon||FairyFeather|Pixilate|HyperVoice,HyperBeam,QuickAttack,Detect|Modest||M|||50|]Kingambit||BlackGlasses|Defiant|KowtowCleave,SuckerPunch,SwordsDance,Protect|Adamant||F|||50|]Lycanroc-Dusk||FocusSash|ToughClaws|CloseCombat,Accelerock,RockSlide,Protect|Adamant||M|||50|]Basculegion||SitrusBerry|Adaptability|WaveCrash,LastRespects,AquaJet,Protect|Adamant||M|||50|]Metagross||Metagrossite|ClearBody|PsychicFangs,IcePunch,IronHead,Protect|Jolly|||||50|
|showteam|p2|Gardevoir||FocusSash|Trace|Psychic,Moonblast,TrickRoom,Protect|Modest||F|||50|]Charizard||CharizarditeY|SolarPower|HeatWave,Protect,AirSlash,AncientPower|Modest||F|||50|]Venusaur||Leftovers|Chlorophyll|EnergyBall,SludgeBomb,SleepPowder,Protect|Modest||F|||50|]Garchomp||LifeOrb|RoughSkin|RockSlide,Outrage,Earthquake,Protect|Adamant||M|||50|]Mawile||Mawilite|Intimidate|PlayRough,IronHead,SwordsDance,Protect|Brave||M|||50|]Whimsicott||MentalHerb|Prankster|Tailwind,Protect,Moonblast,Taunt|Modest||F|||50|
|
|t:|1785403856
|teamsize|p1|4
|teamsize|p2|4
|start
|switch|p1a: Scovillain|Scovillain, L50, M|100/100
|switch|p1b: Kindred|Lycanroc-Dusk, L50, M|100/100
|switch|p2a: Whimsicott|Whimsicott, L50, F|100/100
|switch|p2b: Garchomp|Garchomp, L50, M|100/100
|turn|1
|inactive|Battle timer is ON: inactive players will automatically lose when time's up. (requested by StarDoor01)
|
|t:|1785403887
|switch|p2b: Venusaur|Venusaur, L50, F|100/100
|detailschange|p1a: Scovillain|Scovillain-Mega, L50, M
|-mega|p1a: Scovillain|Scovillain|Scovillainite
|move|p2a: Whimsicott|Protect|p2a: Whimsicott
|-singleturn|p2a: Whimsicott|Protect
|move|p1b: Kindred|Protect|p1b: Kindred
|-singleturn|p1b: Kindred|Protect
|move|p1a: Scovillain|Giga Drain|p2b: Venusaur
|-resisted|p2b: Venusaur|2
|-damage|p2b: Venusaur|91/100
|
|-heal|p2b: Venusaur|97/100|[from] item: Leftovers
|upkeep
|turn|2
|
|t:|1785403900
|switch|p1b: Kingambit|Kingambit, L50, F|100/100
|move|p2a: Whimsicott|Moonblast|p1a: Scovillain
|-resisted|p1a: Scovillain|1
|-damage|p1a: Scovillain|81/100
|-status|p2a: Whimsicott|brn|[from] ability: Spicy Spray|[of] p1a: Scovillain
|move|p2b: Venusaur|Sludge Bomb|p1a: Scovillain
|-supereffective|p1a: Scovillain|1
|-damage|p1a: Scovillain|0 fnt
|-status|p2b: Venusaur|brn|[from] ability: Spicy Spray|[of] p1a: Scovillain
|faint|p1a: Scovillain
|
|-heal|p2b: Venusaur|100/100 brn|[from] item: Leftovers
|-damage|p2a: Whimsicott|94/100 brn|[from] brn
|-damage|p2b: Venusaur|94/100 brn|[from] brn
|upkeep
|inactive|StarDoor01 has 30 seconds left.
|
|t:|1785403933
|switch|p1a: Basculegion|Basculegion, L50, M|100/100
|turn|3
|
|t:|1785403948
|move|p1a: Basculegion|Protect|p1a: Basculegion
|-singleturn|p1a: Basculegion|Protect
|move|p2a: Whimsicott|Tailwind|p2a: Whimsicott
|-sidestart|p2: Rimuro VGC|move: Tailwind
|move|p2b: Venusaur|Energy Ball|p1a: Basculegion
|-activate|p1a: Basculegion|move: Protect
|move|p1b: Kingambit|Swords Dance|p1b: Kingambit
|-boost|p1b: Kingambit|atk|2
|
|-heal|p2b: Venusaur|100/100 brn|[from] item: Leftovers
|-damage|p2a: Whimsicott|88/100 brn|[from] brn
|-damage|p2b: Venusaur|94/100 brn|[from] brn
|upkeep
|turn|4
|inactive|StarDoor01 has 30 seconds left.
|
|t:|1785403979
|switch|p2a: Charizard|Charizard, L50, F|100/100
|move|p1b: Kingambit|Sucker Punch||[still]
|-fail|p1b: Kingambit
|move|p2b: Venusaur|Sleep Powder|p1b: Kingambit
|-status|p1b: Kingambit|slp|[from] move: Sleep Powder
|move|p1a: Basculegion|Last Respects|p2a: Charizard
|-damage|p2a: Charizard|17/100
|
|-heal|p2b: Venusaur|100/100 brn|[from] item: Leftovers
|-damage|p2b: Venusaur|94/100 brn|[from] brn
|upkeep
|turn|5
|
|t:|1785403992
|detailschange|p2a: Charizard|Charizard-Mega-Y, L50, F
|-mega|p2a: Charizard|Charizard|Charizardite Y
|-weather|SunnyDay|[from] ability: Drought|[of] p2a: Charizard
|move|p1a: Basculegion|Protect|p1a: Basculegion
|-singleturn|p1a: Basculegion|Protect
|cant|p1b: Kingambit|slp
|move|p2b: Venusaur|Energy Ball|p1a: Basculegion
|-activate|p1a: Basculegion|move: Protect
|move|p2a: Charizard|Heat Wave|p1a: Basculegion|[spread] 
|-activate|p1a: Basculegion|move: Protect
|-miss|p2a: Charizard|p1b: Kingambit
|
|-weather|SunnyDay|[upkeep]
|-heal|p2b: Venusaur|100/100 brn|[from] item: Leftovers
|-damage|p2b: Venusaur|94/100 brn|[from] brn
|upkeep
|turn|6
|
|t:|1785404006
|move|p1a: Basculegion|Aqua Jet|p2a: Charizard
|-supereffective|p2a: Charizard|1
|-damage|p2a: Charizard|0 fnt
|faint|p2a: Charizard
|-curestatus|p1b: Kingambit|slp|[msg]
|move|p1b: Kingambit|Sucker Punch|p2b: Venusaur
|-damage|p2b: Venusaur|0 fnt
|faint|p2b: Venusaur
|
|-weather|SunnyDay|[upkeep]
|-sideend|p2: Rimuro VGC|move: Tailwind
|upkeep
|
|t:|1785404011
|switch|p2a: Garchomp|Garchomp, L50, M|100/100
|switch|p2b: Whimsicott|Whimsicott, L50, F|88/100 brn
|turn|7
|-message|Rimuro VGC forfeited.
|raw|StarDoor01's rating: 1197 → 1226(+29 for winning)
|raw|Rimuro VGC's rating: 1254 → 1225(-29 for losing)
|
|win|StarDoor01
|l|☆Rimuro VGC
|player|p2|
