|j|☆Hoanglatao
|j|☆Adriatic Tides
|html|HoanglataoAdriatic Tides    
|uhtml|bestof|Game 3 of a best-of-3
|t:|1784771650
|gametype|doubles
|player|p1|Hoanglatao|169|1178
|player|p2|Adriatic Tides|leon|1213
|gen|9
|tier|[Gen 9 Champions] VGC 2026 Reg M-B (Bo3)
|rated|
|rule|Species Clause: Limit one of each Pokémon
|rule|Item Clause: Limit 1 of each item
|clearpoke
|poke|p1|Floette-Eternal, L50, F|
|poke|p1|Whimsicott, L50, F|
|poke|p1|Basculegion, L50, M|
|poke|p1|Kingambit, L50, M|
|poke|p1|Arcanine-Hisui, L50, F|
|poke|p1|Dragonite, L50, F|
|poke|p2|Tyranitar, L50, F|
|poke|p2|Excadrill, L50, M|
|poke|p2|Delphox, L50, M|
|poke|p2|Sinistcha, L50|
|poke|p2|Rotom-Wash, L50|
|poke|p2|Incineroar, L50, M|
|teampreview|4
|showteam|p1|Floette-Eternal||Floettite|FlowerVeil|Moonblast,DazzlingGleam,LightofRuin,Protect|Timid||F|||50|]Whimsicott||FocusSash|Prankster|Moonblast,Tailwind,Encore,Protect|Timid||F|||50|]Basculegion||ChoiceScarf|Adaptability|LastRespects,WaveCrash,AquaJet,FlipTurn|Jolly||M|||50|]Kingambit||BlackGlasses|Defiant|SuckerPunch,KowtowCleave,IronHead,Protect|Adamant||M|||50|]Arcanine-Hisui||SitrusBerry|RockHead|FlareBlitz,RockSlide,HeadSmash,Protect|Adamant||F|||50|]Dragonite||LifeOrb|InnerFocus|Protect,LowKick,ExtremeSpeed,DragonClaw|Adamant||F|||50|
|showteam|p2|Tyranitar||Tyranitarite|SandStream|KnockOff,RockSlide,Protect,LowKick|Adamant||F|||50|]Excadrill||FocusSash|SandRush|Protect,Earthquake,IronHead,RockSlide|Adamant||M|||50|]Delphox||Delphoxite|Blaze|NastyPlot,HeatWave,Psyshock,Protect|Timid||M|||50|]Sinistcha||ColburBerry|Hospitality|TrickRoom,MatchaGotcha,Protect,RagePowder|Bold|||||50|]Rotom-Wash||Leftovers|Levitate|Electroweb,HydroPump,Protect,Thunderbolt|Modest|||||50|]Incineroar||SitrusBerry|Intimidate|FakeOut,FlareBlitz,PartingShot,ThroatChop|Careful||M|||50|
|
|t:|1784771677
|teamsize|p1|4
|teamsize|p2|4
|start
|switch|p1a: Dragonite|Dragonite, L50, F|100/100
|switch|p1b: Whimsicott|Whimsicott, L50, F|100/100
|switch|p2a: Tyranitar|Tyranitar, L50, F|100/100
|switch|p2b: Excadrill|Excadrill, L50, M|100/100
|-weather|Sandstorm|[from] ability: Sand Stream|[of] p2a: Tyranitar
|turn|1
|
|t:|1784771697
|switch|p2a: Rotom|Rotom-Wash, L50|100/100
|move|p2b: Excadrill|Iron Head|p1b: Whimsicott
|-supereffective|p1b: Whimsicott|1
|-enditem|p1b: Whimsicott|Focus Sash
|-damage|p1b: Whimsicott|1/100
|move|p1b: Whimsicott|Moonblast|p2a: Rotom
|-damage|p2a: Rotom|59/100
|move|p1a: Dragonite|Low Kick|p2b: Excadrill
|-supereffective|p2b: Excadrill|1
|-damage|p2b: Excadrill|4/100
|-damage|p1a: Dragonite|90/100|[from] item: Life Orb
|
|-weather|Sandstorm|[upkeep]
|-damage|p1b: Whimsicott|0 fnt|[from] Sandstorm
|-damage|p2a: Rotom|54/100|[from] Sandstorm
|-damage|p1a: Dragonite|84/100|[from] Sandstorm
|faint|p1b: Whimsicott
|-heal|p2a: Rotom|59/100|[from] item: Leftovers
|upkeep
|
|t:|1784771704
|switch|p1b: Floette|Floette-Eternal, L50, F|100/100
|turn|2
|
|t:|1784771712
|switch|p2b: Incineroar|Incineroar, L50, M|100/100
|-ability|p2b: Incineroar|Intimidate|boost
|-fail|p1a: Dragonite|unboost|Attack|[from] ability: Inner Focus|[of] p1a: Dragonite
|-unboost|p1b: Floette|atk|1
|detailschange|p1b: Floette|Floette-Mega, L50, F
|-mega|p1b: Floette|Floette|Floettite
|-ability|p1b: Floette|Fairy Aura
|move|p1a: Dragonite|Extreme Speed|p2a: Rotom
|-damage|p2a: Rotom|17/100
|-damage|p1a: Dragonite|74/100|[from] item: Life Orb
|move|p1b: Floette|Dazzling Gleam|p2a: Rotom|[spread] p2a,p2b
|-damage|p2a: Rotom|0 fnt
|-damage|p2b: Incineroar|64/100
|faint|p2a: Rotom
|
|-weather|Sandstorm|[upkeep]
|-damage|p1b: Floette|94/100|[from] Sandstorm
|-damage|p1a: Dragonite|68/100|[from] Sandstorm
|-damage|p2b: Incineroar|58/100|[from] Sandstorm
|upkeep
|
|t:|1784771726
|switch|p2a: Tyranitar|Tyranitar, L50, F|100/100
|turn|3
|
|t:|1784771737
|detailschange|p2a: Tyranitar|Tyranitar-Mega, L50, F
|-mega|p2a: Tyranitar|Tyranitar|Tyranitarite
|move|p1b: Floette|Protect|p1b: Floette
|-singleturn|p1b: Floette|Protect
|move|p1a: Dragonite|Protect|p1a: Dragonite
|-singleturn|p1a: Dragonite|Protect
|move|p2b: Incineroar|Fake Out|p1b: Floette
|-activate|p1b: Floette|move: Protect
|move|p2a: Tyranitar|Rock Slide|p1b: Floette|[spread] 
|-activate|p1a: Dragonite|move: Protect
|-activate|p1b: Floette|move: Protect
|
|-weather|Sandstorm|[upkeep]
|-damage|p1b: Floette|88/100|[from] Sandstorm
|-damage|p1a: Dragonite|62/100|[from] Sandstorm
|-damage|p2b: Incineroar|52/100|[from] Sandstorm
|upkeep
|turn|4
|
|t:|1784771763
|move|p1b: Floette|Dazzling Gleam|p2a: Tyranitar|[spread] p2a,p2b
|-supereffective|p2a: Tyranitar|1
|-damage|p2a: Tyranitar|56/100
|-damage|p2b: Incineroar|17/100
|-enditem|p2b: Incineroar|Sitrus Berry|[eat]
|-heal|p2b: Incineroar|42/100|[from] item: Sitrus Berry
|move|p1a: Dragonite|Low Kick|p2a: Tyranitar
|-supereffective|p2a: Tyranitar|2
|-damage|p2a: Tyranitar|0 fnt
|faint|p2a: Tyranitar
|-damage|p1a: Dragonite|53/100|[from] item: Life Orb
|move|p2b: Incineroar|Flare Blitz|p1a: Dragonite
|-resisted|p1a: Dragonite|1
|-damage|p1a: Dragonite|31/100
|-damage|p2b: Incineroar|35/100|[from] Recoil
|
|-weather|Sandstorm|[upkeep]
|-damage|p1b: Floette|82/100|[from] Sandstorm
|-damage|p1a: Dragonite|25/100|[from] Sandstorm
|-damage|p2b: Incineroar|29/100|[from] Sandstorm
|upkeep
|
|t:|1784771772
|switch|p2a: Excadrill|Excadrill, L50, M|4/100
|turn|5
|
|t:|1784771786
|move|p1b: Floette|Protect|p1b: Floette
|-singleturn|p1b: Floette|Protect
|move|p1a: Dragonite|Protect|p1a: Dragonite
|-singleturn|p1a: Dragonite|Protect
|move|p2a: Excadrill|Rock Slide|p1b: Floette|[spread] 
|-activate|p1a: Dragonite|move: Protect
|-activate|p1b: Floette|move: Protect
|move|p2b: Incineroar|Flare Blitz|p1b: Floette
|-activate|p1b: Floette|move: Protect
|
|-weather|none
|upkeep
|turn|6
|c|☆Adriatic Tides|gg
|
|t:|1784771798
|move|p1b: Floette|Dazzling Gleam|p2b: Incineroar|[spread] p2a,p2b
|-resisted|p2a: Excadrill|1
|-damage|p2a: Excadrill|0 fnt
|-damage|p2b: Incineroar|0 fnt
|faint|p2a: Excadrill
|faint|p2b: Incineroar
|
|win|Hoanglatao
|raw|Hoanglatao's rating: 1178 → 1206(+28 for winning)
|raw|Adriatic Tides's rating: 1213 → 1185(-28 for losing)
|l|☆Hoanglatao
|player|p1|
