|j|☆Juanan151
|j|☆crimsonkidd
|html|Juanan151crimsonkidd    
|uhtml|bestof|Game 1 of a best-of-3
|t:|1757777144
|gametype|doubles
|player|p1|Juanan151|265|1106
|player|p2|crimsonkidd|lance|1135
|gen|9
|tier|[Gen 9] VGC 2025 Reg H (Bo3)
|rated|
|rule|Species Clause: Limit one of each Pokémon
|rule|Item Clause: Limit 1 of each item
|clearpoke
|poke|p1|Murkrow, L50, F|
|poke|p1|Sneasler, L50, M|
|poke|p1|Amoonguss, L50, M|
|poke|p1|Pelipper, L50, M|
|poke|p1|Gholdengo, L50|
|poke|p1|Armarouge, L50, F|
|poke|p2|Talonflame, L50, F|
|poke|p2|Garchomp, L50, F|
|poke|p2|Tyranitar, L50, F|
|poke|p2|Milotic, L50, M|
|poke|p2|Sinistcha, L50|
|poke|p2|Gholdengo, L50|
|teampreview|4
|showteam|p1|Murkrow||Eviolite|Prankster|Taunt,Tailwind,Haze,FoulPlay|||F|||50|,,,,,Ghost]Sneasler||WhiteHerb|Unburden|LashOut,CloseCombat,DireClaw,Protect|||M|||50|,,,,,Ghost]Amoonguss||SitrusBerry|Regenerator|Spore,RagePowder,PollenPuff,Protect|||M|||50|,,,,,Water]Pelipper||FocusSash|Drizzle|Hurricane,WeatherBall,Tailwind,Protect|||M|||50|,,,,,Ghost]Gholdengo||LifeOrb|GoodasGold|MakeItRain,ShadowBall,Protect,NastyPlot||||||50|,,,,,Steel]Armarouge||PowerHerb|FlashFire|Protect,TrickRoom,HeatWave,MeteorBeam|||F|||50|,,,,,Grass
|showteam|p2|Talonflame||CovertCloak|GaleWings|DualWingbeat,Tailwind,WillOWisp,Taunt|||F|||50|,,,,,Flying]Garchomp||LifeOrb|RoughSkin|Protect,StompingTantrum,Earthquake,DragonClaw|||F|||50|,,,,,Ground]Tyranitar||AssaultVest|SandStream|RockSlide,KnockOff,LowKick,TeraBlast|||F|||50|,,,,,Flying]Milotic||SafetyGoggles|Competitive|Scald,IcyWind,Haze,Protect|||M|||50|,,,,,Poison]Sinistcha||SitrusBerry|Hospitality|MatchaGotcha,TrickRoom,RagePowder,Imprison||||||50|,,,,,Water]Gholdengo||MetalCoat|GoodasGold|MakeItRain,ShadowBall,NastyPlot,Protect||||||50|,,,,,Flying
|
|t:|1757777209
|teamsize|p1|4
|teamsize|p2|4
|start
|switch|p1a: Murkrow|Murkrow, L50, F, shiny|100/100
|switch|p1b: Pelipper|Pelipper, L50, M|100/100
|switch|p2a: Talonflame|Talonflame, L50, F|100/100
|switch|p2b: Garchomp|Garchomp, L50, F|100/100
|-weather|RainDance|[from] ability: Drizzle|[of] p1b: Pelipper
|turn|1
|inactive|Battle timer is ON: inactive players will automatically lose when time's up. (requested by crimsonkidd)
|inactive|Juanan151 also wants the timer to be on.
|inactive|Juanan151 has 60 seconds left.
|
|t:|1757777243
|switch|p2b: Tyranitar|Tyranitar, L50, F, shiny|100/100
|-weather|Sandstorm|[from] ability: Sand Stream|[of] p2b: Tyranitar
|move|p1b: Pelipper|Protect|p1b: Pelipper
|-singleturn|p1b: Pelipper|Protect
|move|p2a: Talonflame|Tailwind|p2a: Talonflame
|-sidestart|p2: crimsonkidd|move: Tailwind
|move|p1a: Murkrow|Taunt|p2a: Talonflame
|-start|p2a: Talonflame|move: Taunt
|
|-weather|Sandstorm|[upkeep]
|-damage|p2a: Talonflame|95/100|[from] Sandstorm
|-damage|p1b: Pelipper|95/100|[from] Sandstorm
|-damage|p1a: Murkrow|94/100|[from] Sandstorm
|upkeep
|turn|2
|
|t:|1757777264
|switch|p2a: Garchomp|Garchomp, L50, F|100/100
|move|p1a: Murkrow|Tailwind|p1a: Murkrow
|-sidestart|p1: Juanan151|move: Tailwind
|move|p1b: Pelipper|Weather Ball|p2a: Garchomp
|-resisted|p2a: Garchomp
|-damage|p2a: Garchomp|84/100
|move|p2b: Tyranitar|Rock Slide|p1a: Murkrow|[spread] p1a,p1b
|-supereffective|p1a: Murkrow
|-supereffective|p1b: Pelipper
|-damage|p1a: Murkrow|25/100
|-damage|p1b: Pelipper|18/100
|
|-weather|Sandstorm|[upkeep]
|-damage|p1b: Pelipper|12/100|[from] Sandstorm
|-damage|p1a: Murkrow|19/100|[from] Sandstorm
|upkeep
|turn|3
|
|t:|1757777287
|switch|p1b: Amoonguss|Amoonguss, L50, M|100/100
|move|p2a: Garchomp|Dragon Claw|p1a: Murkrow
|-damage|p1a: Murkrow|0 fnt
|faint|p1a: Murkrow
|-damage|p2a: Garchomp|74/100|[from] item: Life Orb
|move|p2b: Tyranitar|Rock Slide|p1b: Amoonguss
|-damage|p1b: Amoonguss|70/100
|
|-weather|Sandstorm|[upkeep]
|-damage|p1b: Amoonguss|64/100|[from] Sandstorm
|upkeep
|
|t:|1757777300
|switch|p1a: Pelipper|Pelipper, L50, M|12/100
|-weather|RainDance|[from] ability: Drizzle|[of] p1a: Pelipper
|turn|4
|
|t:|1757777311
|switch|p2b: Gholdengo|Gholdengo, L50|100/100
|move|p2a: Garchomp|Protect|p2a: Garchomp
|-singleturn|p2a: Garchomp|Protect
|move|p1a: Pelipper|Protect|p1a: Pelipper
|-singleturn|p1a: Pelipper|Protect
|move|p1b: Amoonguss|Spore|p2a: Garchomp
|-activate|p2a: Garchomp|move: Protect
|
|-weather|RainDance|[upkeep]
|-sideend|p2: crimsonkidd|move: Tailwind
|upkeep
|turn|5
|inactive|crimsonkidd has 30 seconds left.
|
|t:|1757777342
|switch|p1a: Sneasler|Sneasler, L50, M|100/100
|switch|p2b: Tyranitar|Tyranitar, L50, F, shiny|100/100
|-weather|Sandstorm|[from] ability: Sand Stream|[of] p2b: Tyranitar
|move|p2a: Garchomp|Protect||[still]
|-fail|p2a: Garchomp
|move|p1b: Amoonguss|Spore|p2a: Garchomp
|-status|p2a: Garchomp|slp|[from] move: Spore
|
|-weather|Sandstorm|[upkeep]
|-damage|p1a: Sneasler|95/100|[from] Sandstorm
|-damage|p1b: Amoonguss|58/100|[from] Sandstorm
|-sideend|p1: Juanan151|move: Tailwind
|upkeep
|turn|6
|inactive|Juanan151 has 30 seconds left.
|
|t:|1757777376
|switch|p1a: Pelipper|Pelipper, L50, M|12/100
|-weather|RainDance|[from] ability: Drizzle|[of] p1a: Pelipper
|-terastallize|p2b: Tyranitar|Flying
|cant|p2a: Garchomp|slp
|move|p2b: Tyranitar|Tera Blast|p1a: Pelipper|[anim] Tera Blast Flying
|-damage|p1a: Pelipper|0 fnt
|faint|p1a: Pelipper
|move|p1b: Amoonguss|Pollen Puff|p1: Pelipper|[notarget]
|-fail|p1b: Amoonguss
|
|-weather|RainDance|[upkeep]
|upkeep
|
|t:|1757777389
|switch|p1a: Sneasler|Sneasler, L50, M|95/100
|turn|7
|
|t:|1757777403
|move|p1b: Amoonguss|Rage Powder|p1b: Amoonguss
|-singleturn|p1b: Amoonguss|move: Rage Powder
|move|p1a: Sneasler|Close Combat|p2a: Garchomp
|-damage|p2a: Garchomp|5/100 slp
|-unboost|p1a: Sneasler|def|1
|-unboost|p1a: Sneasler|spd|1
|-damage|p1a: Sneasler|83/100|[from] ability: Rough Skin|[of] p2a: Garchomp
|-enditem|p1a: Sneasler|White Herb
|-clearnegativeboost|p1a: Sneasler|[silent]
|cant|p2a: Garchomp|slp
|move|p2b: Tyranitar|Tera Blast|p1b: Amoonguss|[anim] Tera Blast Flying
|-supereffective|p1b: Amoonguss
|-damage|p1b: Amoonguss|0 fnt
|faint|p1b: Amoonguss
|
|-weather|RainDance|[upkeep]
|upkeep
|turn|8
|-message|Juanan151 forfeited.
|
|win|crimsonkidd
|l|☆Juanan151
|player|p1|
||Juanan151 is ready for game 2.
||crimsonkidd is ready for game 2.
|uhtml|next|Next: Game 2 of 3
