|j|☆sorecruiser
|j|☆aefrmm
|html|sorecruiseraefrmm    
|uhtml|bestof|Game 1 of a best-of-3
|t:|1756182579
|gametype|doubles
|player|p1|sorecruiser|furisodegirl-black|
|player|p2|aefrmm|pokemonrangerf-gen4|
|gen|9
|tier|[Gen 9] VGC 2025 Reg H (Bo3)
|rule|Species Clause: Limit one of each Pokémon
|rule|Item Clause: Limit 1 of each item
|clearpoke
|poke|p1|Dragonite, L50, F|
|poke|p1|Ursaluna-Bloodmoon, L50, M|
|poke|p1|Gholdengo, L50|
|poke|p1|Incineroar, L50, M|
|poke|p1|Amoonguss, L50, M|
|poke|p1|Ninetales-Alola, L50, F|
|poke|p2|Ninetales-Alola, L50, F|
|poke|p2|Basculegion, L50, M|
|poke|p2|Magmar, L50, M|
|poke|p2|Sneasler, L50, M|
|poke|p2|Rillaboom, L50, M|
|poke|p2|Kingambit, L50, M|
|teampreview|4
|showteam|p1|Dragonite||LoadedDice|Multiscale|ScaleShot,Haze,Protect,Tailwind|||F|||50|,,,,,Fairy]Ursaluna-Bloodmoon||AssaultVest|MindsEye|BloodMoon,HyperVoice,VacuumWave,EarthPower|||M|||50|,,,,,Ghost]Gholdengo||LifeOrb|GoodasGold|MakeItRain,ShadowBall,Protect,NastyPlot||||||50|,,,,,Water]Incineroar||SafetyGoggles|Intimidate|KnockOff,FakeOut,FlareBlitz,PartingShot|||M|||50|,,,,,Ghost]Amoonguss||SitrusBerry|Regenerator|PollenPuff,Spore,RagePowder,Protect|||M|||50|,,,,,Water]Ninetales-Alola||LightClay|SnowWarning|IcyWind,FreezeDry,Protect,AuroraVeil|||F|||50|,,,,,Ghost
|showteam|p2|Ninetales-Alola||LifeOrb|SnowWarning|Blizzard,FreezeDry,Encore,Protect|||F|||50|,,,,,Ghost]Basculegion||ChoiceScarf|Adaptability|WaveCrash,LastRespects,FlipTurn,TeraBlast|||M|||50|,,,,,Fighting]Magmar||Eviolite|VitalSpirit|Taunt,HeatWave,FollowMe,Protect|||M|||50|,,,,,Water]Sneasler||FocusSash|PoisonTouch|CloseCombat,DireClaw,FakeOut,Protect|||M|||50|,,,,,Stellar]Rillaboom||AssaultVest|GrassySurge|WoodHammer,GrassyGlide,Uturn,FakeOut|||M|||50|,,,,,Water]Kingambit||BlackGlasses|Defiant|KowtowCleave,SuckerPunch,SwordsDance,Protect|||M|||50|,,,,,Fire
|inactive|Battle timer is ON: inactive players will automatically lose when time's up. (requested by aefrmm)
|inactive|sorecruiser has 60 seconds left.
|inactive|aefrmm has 60 seconds left.
|inactive|sorecruiser has 30 seconds left.
|inactive|sorecruiser has 20 seconds left.
|inactive|sorecruiser has 15 seconds left.
|inactive|sorecruiser has 10 seconds left.
|inactive|sorecruiser has 5 seconds left.
|
|t:|1756182666
|teamsize|p1|4
|teamsize|p2|4
|start
|switch|p1a: Ninetales|Ninetales-Alola, L50, F, shiny|100/100
|switch|p1b: Gholdengo|Gholdengo, L50|100/100
|switch|p2a: Kingambit|Kingambit, L50, M|100/100
|switch|p2b: Sneasler|Sneasler, L50, M|100/100
|-weather|Snowscape|[from] ability: Snow Warning|[of] p1a: Ninetales
|turn|1
|inactive|aefrmm has 30 seconds left.
|
|t:|1756182692
|-terastallize|p1a: Ninetales|Ghost
|move|p1a: Ninetales|Aurora Veil|p1a: Ninetales
|-sidestart|p1: sorecruiser|move: Aurora Veil
|move|p2b: Sneasler|Dire Claw|p1a: Ninetales
|-resisted|p1a: Ninetales
|-crit|p1a: Ninetales
|-damage|p1a: Ninetales|56/100
|-status|p1a: Ninetales|par
|move|p1b: Gholdengo|Make It Rain|p2a: Kingambit|[spread] p2a,p2b
|-resisted|p2a: Kingambit
|-damage|p2a: Kingambit|70/100
|-damage|p2b: Sneasler|20/100
|-unboost|p1b: Gholdengo|spa|1
|-damage|p1b: Gholdengo|91/100|[from] item: Life Orb
|move|p2a: Kingambit|Swords Dance|p2a: Kingambit
|-boost|p2a: Kingambit|atk|2
|
|-weather|Snowscape|[upkeep]
|upkeep
|turn|2
|inactive|aefrmm has 30 seconds left.
|inactive|aefrmm has 20 seconds left.
|
|t:|1756182728
|switch|p1a: Ursaluna|Ursaluna-Bloodmoon, L50, M|100/100
|move|p2a: Kingambit|Sucker Punch||[still]
|-fail|p2a: Kingambit
|move|p2b: Sneasler|Dire Claw|p1a: Ursaluna
|-resisted|p1a: Ursaluna
|-damage|p1a: Ursaluna|90/100
|-status|p1a: Ursaluna|psn|[from] ability: Poison Touch|[of] p2b: Sneasler
|move|p1b: Gholdengo|Nasty Plot|p1b: Gholdengo
|-boost|p1b: Gholdengo|spa|2
|
|-weather|Snowscape|[upkeep]
|-damage|p1a: Ursaluna|77/100 psn|[from] psn
|upkeep
|turn|3
|inactive|aefrmm has 30 seconds left.
|inactive|aefrmm has 20 seconds left.
|inactive|aefrmm has 15 seconds left.
|
|t:|1756182771
|move|p2b: Sneasler|Protect|p2b: Sneasler
|-singleturn|p2b: Sneasler|Protect
|move|p2a: Kingambit|Protect|p2a: Kingambit
|-singleturn|p2a: Kingambit|Protect
|move|p1a: Ursaluna|Vacuum Wave|p2a: Kingambit
|-activate|p2a: Kingambit|move: Protect
|move|p1b: Gholdengo|Make It Rain|p2b: Sneasler|[spread] 
|-activate|p2a: Kingambit|move: Protect
|-activate|p2b: Sneasler|move: Protect
|
|-weather|Snowscape|[upkeep]
|-damage|p1a: Ursaluna|65/100 psn|[from] psn
|upkeep
|turn|4
|
|t:|1756182790
|-terastallize|p2a: Kingambit|Fire
|move|p2a: Kingambit|Sucker Punch|p1b: Gholdengo
|-supereffective|p1b: Gholdengo
|-damage|p1b: Gholdengo|0 fnt
|faint|p1b: Gholdengo
|move|p1a: Ursaluna|Vacuum Wave|p2a: Kingambit
|-damage|p2a: Kingambit|53/100
|move|p2b: Sneasler|Dire Claw|p1a: Ursaluna
|-resisted|p1a: Ursaluna
|-damage|p1a: Ursaluna|53/100 psn
|
|-weather|Snowscape|[upkeep]
|-damage|p1a: Ursaluna|41/100 psn|[from] psn
|upkeep
|
|t:|1756182797
|switch|p1b: Amoonguss|Amoonguss, L50, M, shiny|100/100
|turn|5
|
|t:|1756182811
|move|p1b: Amoonguss|Rage Powder|p1b: Amoonguss
|-singleturn|p1b: Amoonguss|move: Rage Powder
|move|p2a: Kingambit|Sucker Punch||[still]
|-fail|p2a: Kingambit
|move|p2b: Sneasler|Close Combat|p1b: Amoonguss
|-resisted|p1b: Amoonguss
|-crit|p1b: Amoonguss
|-damage|p1b: Amoonguss|56/100
|-unboost|p2b: Sneasler|def|1
|-unboost|p2b: Sneasler|spd|1
|move|p1a: Ursaluna|Hyper Voice|p2a: Kingambit|[spread] p2a,p2b
|-damage|p2a: Kingambit|10/100
|-damage|p2b: Sneasler|0 fnt
|faint|p2b: Sneasler
|
|-weather|none
|-damage|p1a: Ursaluna|28/100 psn|[from] psn
|upkeep
|
|t:|1756182825
|switch|p2b: Ninetales|Ninetales-Alola, L50, F|100/100
|-weather|Snowscape|[from] ability: Snow Warning|[of] p2b: Ninetales
|turn|6
|
|t:|1756182836
|switch|p1b: Ninetales|Ninetales-Alola, L50, F, shiny, tera:Ghost|56/100 par
|move|p2a: Kingambit|Protect|p2a: Kingambit
|-singleturn|p2a: Kingambit|Protect
|move|p2b: Ninetales|Blizzard|p1b: Ninetales|[spread] p1a,p1b
|-supereffective|p1a: Ursaluna
|-crit|p1a: Ursaluna
|-damage|p1a: Ursaluna|0 fnt
|-damage|p1b: Ninetales|29/100 par
|faint|p1a: Ursaluna
|-damage|p2b: Ninetales|91/100|[from] item: Life Orb
|
|-weather|Snowscape|[upkeep]
|upkeep
|
|t:|1756182843
|switch|p1a: Amoonguss|Amoonguss, L50, M, shiny|90/100
|turn|7
|
|t:|1756182857
|move|p2b: Ninetales|Blizzard|p1a: Amoonguss|[spread] p1a,p1b
|-supereffective|p1a: Amoonguss
|-damage|p1a: Amoonguss|41/100
|-damage|p1b: Ninetales|0 fnt
|-enditem|p1a: Amoonguss|Sitrus Berry|[eat]
|-heal|p1a: Amoonguss|66/100|[from] item: Sitrus Berry
|faint|p1b: Ninetales
|-damage|p2b: Ninetales|82/100|[from] item: Life Orb
|move|p2a: Kingambit|Kowtow Cleave|p1a: Amoonguss
|-damage|p1a: Amoonguss|0 fnt
|faint|p1a: Amoonguss
|
|win|aefrmm
|l|☆sorecruiser
|player|p1|
