|j|☆Qwertyyy123
|j|☆noka47
|html|Qwertyyy123noka47    
|uhtml|bestof|Game 1 of a best-of-3
|t:|1782231874
|gametype|doubles
|player|p1|Qwertyyy123|morty|1136
|player|p2|noka47|101|1219
|gen|9
|tier|[Gen 9 Champions] VGC 2026 Reg M-B (Bo3)
|rated|
|rule|Species Clause: Limit one of each Pokémon
|rule|Item Clause: Limit 1 of each item
|clearpoke
|poke|p1|Kangaskhan, L50, F|
|poke|p1|Talonflame, L50, F|
|poke|p1|Sneasler, L50, F|
|poke|p1|Metagross, L50|
|poke|p1|Ninetales-Alola, L50, F|
|poke|p1|Milotic, L50, F|
|poke|p2|Mawile, L50, M|
|poke|p2|Incineroar, L50, F|
|poke|p2|Sneasler, L50, M|
|poke|p2|Pelipper, L50, M|
|poke|p2|Farigiraf, L50, M|
|poke|p2|Sinistcha, L50|
|teampreview|4
|showteam|p1|Kangaskhan||Kangaskhanite|Scrappy|FakeOut,DoubleEdge,Crunch,DrainPunch|Adamant||F|||50|]Talonflame||SharpBeak|GaleWings|DualWingbeat,Tailwind,WillOWisp,Protect|Adamant||F|||50|]Sneasler||WhiteHerb|Unburden|FakeOut,Coaching,CloseCombat,DireClaw|Jolly||F|||50|]Metagross||Metagrossite|ClearBody|RockSlide,IronHead,PsychicFangs,Protect|Jolly|||||50|]Ninetales-Alola||FocusSash|SnowWarning|Blizzard,FreezeDry,Protect,Encore|Timid||F|||50|]Milotic||ExpertBelt|Competitive|MuddyWater,IceBeam,Protect,LifeDew|Modest||F|||50|
|showteam|p2|Mawile||Mawilite|Intimidate|IronHead,PlayRough,SuckerPunch,Protect|Adamant||M|||50|]Incineroar||PasshoBerry|Intimidate|FlareBlitz,DarkestLariat,FakeOut,PartingShot|Adamant||F|||50|]Sneasler||WhiteHerb|Unburden|CloseCombat,DireClaw,FakeOut,Protect|Adamant||M|||50|]Pelipper||LifeOrb|Drizzle|Hurricane,WeatherBall,IceBeam,Protect|Modest||M|||50|]Farigiraf||ColburBerry|ArmorTail|Psychic,Thunderbolt,TrickRoom,Protect|Quiet||M|||50|]Sinistcha||SitrusBerry|Hospitality|MatchaGotcha,RagePowder,TrickRoom,ShadowBall|Relaxed|||||50|
|
|t:|1782231937
|teamsize|p1|4
|teamsize|p2|4
|start
|switch|p1a: Metagross|Metagross, L50|100/100
|switch|p1b: Sneasler|Sneasler, L50, F|100/100
|switch|p2a: Farigiraf|Farigiraf, L50, M|100/100
|switch|p2b: Sneasler|Sneasler, L50, M|100/100
|turn|1
|
|t:|1782231965
|move|p2b: Sneasler|Fake Out|p1a: Metagross
|-resisted|p1a: Metagross|1
|-damage|p1a: Metagross|93/100
|move|p1b: Sneasler|Coaching|p1a: Metagross
|-boost|p1a: Metagross|atk|1
|-boost|p1a: Metagross|def|1
|cant|p1a: Metagross|flinch
|move|p2a: Farigiraf|Psychic|p1b: Sneasler
|-supereffective|p1b: Sneasler|2
|-damage|p1b: Sneasler|0 fnt
|faint|p1b: Sneasler
|
|upkeep
|
|t:|1782231985
|switch|p1b: Milotic|Milotic, L50, F|100/100
|turn|2
|
|t:|1782231991
|move|p2b: Sneasler|Protect|p2b: Sneasler
|-singleturn|p2b: Sneasler|Protect
|move|p1a: Metagross|Iron Head|p2a: Farigiraf
|-damage|p2a: Farigiraf|31/100
|move|p1b: Milotic|Muddy Water|p2b: Sneasler|[spread] p2a
|-activate|p2b: Sneasler|move: Protect
|-damage|p2a: Farigiraf|7/100
|move|p2a: Farigiraf|Trick Room|p2a: Farigiraf
|-fieldstart|move: Trick Room|[of] p2a: Farigiraf
|
|upkeep
|turn|3
|
|t:|1782232035
|switch|p2b: Incineroar|Incineroar, L50, F|100/100
|-ability|p2b: Incineroar|Intimidate|boost
|-fail|p1a: Metagross|unboost|[from] ability: Clear Body|[of] p1a: Metagross
|-unboost|p1b: Milotic|atk|1
|-ability|p1b: Milotic|Competitive|boost
|-boost|p1b: Milotic|spa|2
|move|p2a: Farigiraf|Thunderbolt|p1b: Milotic
|-supereffective|p1b: Milotic|1
|-damage|p1b: Milotic|58/100
|move|p1b: Milotic|Ice Beam|p2a: Farigiraf
|-damage|p2a: Farigiraf|0 fnt
|faint|p2a: Farigiraf
|move|p1a: Metagross|Psychic Fangs|p2b: Incineroar
|-immune|p2b: Incineroar
|
|upkeep
|
|t:|1782232049
|switch|p2a: Mawile|Mawile, L50, M|100/100
|-ability|p2a: Mawile|Intimidate|boost
|-fail|p1a: Metagross|unboost|[from] ability: Clear Body|[of] p1a: Metagross
|-unboost|p1b: Milotic|atk|1
|-ability|p1b: Milotic|Competitive|boost
|-boost|p1b: Milotic|spa|2
|turn|4
|
|t:|1782232068
|detailschange|p2a: Mawile|Mawile-Mega, L50, M
|-mega|p2a: Mawile|Mawile|Mawilite
|move|p1b: Milotic|Protect|p1b: Milotic
|-singleturn|p1b: Milotic|Protect
|move|p1a: Metagross|Protect|p1a: Metagross
|-singleturn|p1a: Metagross|Protect
|move|p2a: Mawile|Play Rough|p1b: Milotic
|-activate|p1b: Milotic|move: Protect
|move|p2b: Incineroar|Flare Blitz|p1a: Metagross
|-activate|p1a: Metagross|move: Protect
|
|upkeep
|turn|5
|
|t:|1782232104
|switch|p1b: Ninetales|Ninetales-Alola, L50, F|100/100
|-weather|Snowscape|[from] ability: Snow Warning|[of] p1b: Ninetales
|detailschange|p1a: Metagross|Metagross-Mega, L50
|-mega|p1a: Metagross|Metagross|Metagrossite
|move|p2a: Mawile|Play Rough|p1b: Ninetales
|-damage|p1b: Ninetales|16/100
|move|p2b: Incineroar|Flare Blitz|p1a: Metagross
|-supereffective|p1a: Metagross|1
|-damage|p1a: Metagross|25/100
|-damage|p2b: Incineroar|82/100|[from] Recoil
|move|p1a: Metagross|Iron Head|p2a: Mawile
|-damage|p2a: Mawile|11/100
|
|-weather|Snowscape|[upkeep]
|upkeep
|turn|6
|
|t:|1782232142
|switch|p2b: Sneasler|Sneasler, L50, M|100/100
|move|p1a: Metagross|Protect|p1a: Metagross
|-singleturn|p1a: Metagross|Protect
|move|p2a: Mawile|Sucker Punch||[still]
|-fail|p2a: Mawile
|move|p1b: Ninetales|Blizzard|p2b: Sneasler|[spread] p2a,p2b
|-resisted|p2a: Mawile|1
|-damage|p2a: Mawile|0 fnt
|-damage|p2b: Sneasler|59/100
|faint|p2a: Mawile
|
|-weather|Snowscape|[upkeep]
|-fieldend|move: Trick Room
|upkeep
|
|t:|1782232153
|switch|p2a: Incineroar|Incineroar, L50, F|82/100
|-ability|p2a: Incineroar|Intimidate|boost
|-unboost|p1a: Metagross|atk|1
|-unboost|p1b: Ninetales|atk|1
|turn|7
|
|t:|1782232181
|switch|p1a: Milotic|Milotic, L50, F|58/100
|move|p2a: Incineroar|Fake Out|p1b: Ninetales
|-damage|p1b: Ninetales|1/100
|move|p2b: Sneasler|Close Combat|p1a: Milotic
|-damage|p1a: Milotic|0 fnt
|-unboost|p2b: Sneasler|def|1
|-unboost|p2b: Sneasler|spd|1
|faint|p1a: Milotic
|-enditem|p2b: Sneasler|White Herb
|-clearnegativeboost|p2b: Sneasler|[silent]
|cant|p1b: Ninetales|flinch
|
|-weather|Snowscape|[upkeep]
|upkeep
|l|☆Qwertyyy123
|player|p1|
|j|☆Qwertyyy123
|player|p1|Qwertyyy123|morty|
|
|t:|1782232234
|switch|p1a: Metagross|Metagross-Mega, L50|25/100
|turn|8
|-message|Qwertyyy123 forfeited.
|
|win|noka47
|l|☆Qwertyyy123
|player|p1|
||noka47 is ready for game 2.
||Qwertyyy123 is ready for game 2.
|uhtml|next|Next: Game 2 of 3
