|j|☆Penny_epic
|j|☆Acaba estressando
|html|Penny_epicAcaba estressando    
|uhtml|bestof|Game 1 of a best-of-3
|t:|1783448784
|gametype|doubles
|player|p1|Penny_epic|101|1069
|player|p2|Acaba estressando|scientistf|1000
|gen|9
|tier|[Gen 9 Champions] VGC 2026 Reg M-B (Bo3)
|rated|
|rule|Species Clause: Limit one of each Pokémon
|rule|Item Clause: Limit 1 of each item
|clearpoke
|poke|p1|Ninetales-Alola, L50, M|
|poke|p1|Delphox, L50, F|
|poke|p1|Garchomp, L50, F|
|poke|p1|Maushold-Four, L50|
|poke|p1|Annihilape, L50, M|
|poke|p1|Sneasler, L50, M|
|poke|p2|Maushold-Four, L50, shiny|
|poke|p2|Clefable, L50, M, shiny|
|poke|p2|Sneasler, L50, M, shiny|
|poke|p2|Raichu, L50, M|
|poke|p2|Incineroar, L50, F, shiny|
|poke|p2|Sinistcha, L50, shiny|
|teampreview|4
|showteam|p1|Ninetales-Alola||LightClay|SnowWarning|AuroraVeil,Protect,Blizzard,Moonblast|Timid||M|||50|]Delphox||Delphoxite|Blaze|CalmMind,HeatWave,Psychic,Protect|Timid||F|||50|]Garchomp||LifeOrb|RoughSkin|Earthquake,Protect,RockSlide,DragonClaw|Jolly||F|||50|]Maushold-Four||SitrusBerry|FriendGuard|Protect,FollowMe,BeatUp,SuperFang|Impish|||||50|]Annihilape||Leftovers|Defiant|Protect,DrainPunch,CloseCombat,RageFist|Adamant||M|||50|]Sneasler||FocusSash|Unburden|DireClaw,CloseCombat,Protect,FakeOut|Adamant||M|||50|
|showteam|p2|Maushold-Four||KingsRock|FriendGuard|PopulationBomb,SuperFang,Protect,Encore|Jolly|||||50|]Clefable||Leftovers|Unaware|Gravity,FollowMe,Moonblast,Protect|Bold||M|||50|]Sneasler||WhiteHerb|Unburden|FakeOut,CloseCombat,RockSlide,Coaching|Jolly||M|||50|]Raichu||RaichuniteY|Static|ZapCannon,FocusBlast,FakeOut,Protect|Modest||M|||50|]Incineroar||SitrusBerry|Intimidate|FakeOut,PartingShot,ThroatChop,FlareBlitz|Adamant||F|||50|]Sinistcha||CobaBerry|Hospitality|MatchaGotcha,RagePowder,TrickRoom,LifeDew|Relaxed|||||50|
|
|t:|1783448832
|teamsize|p1|4
|teamsize|p2|4
|start
|switch|p1a: Annihilape|Annihilape, L50, M|100/100
|switch|p1b: Maushold|Maushold-Four, L50|100/100
|switch|p2a: Maushold|Maushold-Four, L50, shiny|100/100
|switch|p2b: Incineroar|Incineroar, L50, F, shiny|100/100
|-ability|p2b: Incineroar|Intimidate|boost
|-unboost|p1a: Annihilape|atk|1
|-ability|p1a: Annihilape|Defiant|boost
|-boost|p1a: Annihilape|atk|2
|-unboost|p1b: Maushold|atk|1
|turn|1
|inactive|Battle timer is ON: inactive players will automatically lose when time's up. (requested by Acaba estressando)
|
|t:|1783448871
|switch|p1b: Delphox|Delphox, L50, F|100/100
|move|p2a: Maushold|Protect|p2a: Maushold
|-singleturn|p2a: Maushold|Protect
|move|p1a: Annihilape|Protect|p1a: Annihilape
|-singleturn|p1a: Annihilape|Protect
|move|p2b: Incineroar|Fake Out|p1a: Annihilape
|-activate|p1a: Annihilape|move: Protect
|
|upkeep
|turn|2
|
|t:|1783448894
|detailschange|p1b: Delphox|Delphox-Mega, L50, F
|-mega|p1b: Delphox|Delphox|Delphoxite
|move|p1b: Delphox|Heat Wave|p2a: Maushold|[spread] p2a,p2b
|-resisted|p2b: Incineroar|1
|-damage|p2a: Maushold|40/100
|-damage|p2b: Incineroar|85/100
|move|p2a: Maushold|Encore|p1a: Annihilape
|-start|p1a: Annihilape|Encore
|move|p1a: Annihilape|Protect||[still]
|-fail|p1a: Annihilape
|move|p2b: Incineroar|Parting Shot|p1b: Delphox
|-unboost|p1b: Delphox|atk|1
|-unboost|p1b: Delphox|spa|1
|
|t:|1783448905
|switch|p2b: Sinistcha|Sinistcha, L50, shiny|100/100|[from] Parting Shot
|-heal|p2a: Maushold|64/100|[from] ability: Hospitality|[of] p2b: Sinistcha
|
|upkeep
|turn|3
|
|t:|1783448918
|switch|p1a: Garchomp|Garchomp, L50, F|100/100
|move|p1b: Delphox|Heat Wave|p2b: Sinistcha|[spread] p2a,p2b
|-supereffective|p2b: Sinistcha|1
|-damage|p2a: Maushold|23/100
|-damage|p2b: Sinistcha|59/100
|move|p2a: Maushold|Population Bomb|p1b: Delphox
|-damage|p1b: Delphox|87/100
|-hitcount|p1b: Delphox|1
|move|p2b: Sinistcha|Trick Room|p2b: Sinistcha
|-fieldstart|move: Trick Room|[of] p2b: Sinistcha
|
|upkeep
|turn|4
|inactive|Penny_epic has 30 seconds left.
|
|t:|1783448947
|switch|p2b: Clefable|Clefable, L50, M, shiny|100/100
|move|p2a: Maushold|Protect|p2a: Maushold
|-singleturn|p2a: Maushold|Protect
|move|p1a: Garchomp|Dragon Claw|p2b: Clefable
|-immune|p2b: Clefable
|move|p1b: Delphox|Calm Mind|p1b: Delphox
|-boost|p1b: Delphox|spa|1
|-boost|p1b: Delphox|spd|1
|
|upkeep
|turn|5
|inactive|Penny_epic has 30 seconds left.
|inactive|Penny_epic has 20 seconds left.
|inactive|Penny_epic has 15 seconds left.
|
|t:|1783448991
|switch|p1a: Maushold|Maushold-Four, L50|100/100
|move|p2b: Clefable|Gravity|p2b: Clefable
|-fieldstart|move: Gravity
|move|p2a: Maushold|Population Bomb|p1b: Delphox
|-crit|p1b: Delphox
|-damage|p1b: Delphox|74/100
|-damage|p1b: Delphox|65/100
|-damage|p1b: Delphox|57/100
|-damage|p1b: Delphox|48/100
|-damage|p1b: Delphox|38/100
|-damage|p1b: Delphox|29/100
|-damage|p1b: Delphox|20/100y
|-damage|p1b: Delphox|11/100
|-damage|p1b: Delphox|3/100
|-damage|p1b: Delphox|0 fnt
|faint|p1b: Delphox
|-hitcount|p1: Delphox|10
|
|upkeep
|
|t:|1783449004
|switch|p1b: Garchomp|Garchomp, L50, F|100/100
|turn|6
|
|t:|1783449026
|move|p1a: Maushold|Protect|p1a: Maushold
|-singleturn|p1a: Maushold|Protect
|move|p2a: Maushold|Protect|p2a: Maushold
|-singleturn|p2a: Maushold|Protect
|move|p2b: Clefable|Moonblast|p1b: Garchomp
|-supereffective|p1b: Garchomp|1
|-damage|p1b: Garchomp|43/100
|move|p1b: Garchomp|Earthquake|p2b: Clefable|[spread] p2b
|-activate|p1a: Maushold|move: Protect
|-activate|p2a: Maushold|move: Protect
|-crit|p2b: Clefable
|-damage|p2b: Clefable|55/100
|-damage|p1b: Garchomp|33/100|[from] item: Life Orb
|
|-heal|p2b: Clefable|61/100|[from] item: Leftovers
|upkeep
|turn|7
|
|t:|1783449045
|switch|p1a: Annihilape|Annihilape, L50, M|100/100
|move|p1b: Garchomp|Protect|p1b: Garchomp
|-singleturn|p1b: Garchomp|Protect
|move|p2b: Clefable|Moonblast|p1b: Garchomp
|-activate|p1b: Garchomp|move: Protect
|move|p2a: Maushold|Population Bomb|p1a: Annihilape
|-immune|p1a: Annihilape
|
|-heal|p2b: Clefable|67/100|[from] item: Leftovers
|-fieldend|move: Trick Room
|upkeep
|turn|8
|inactive|Penny_epic has 30 seconds left.
|
|t:|1783449079
|switch|p1b: Maushold|Maushold-Four, L50|100/100
|move|p2b: Clefable|Follow Me|p2b: Clefable
|-singleturn|p2b: Clefable|move: Follow Me
|move|p2a: Maushold|Encore||[still]
|-fail|p2a: Maushold
|move|p1a: Annihilape|Drain Punch|p2b: Clefable
|-resisted|p2b: Clefable|1
|-damage|p2b: Clefable|55/100
|
|-heal|p2b: Clefable|61/100|[from] item: Leftovers
|upkeep
|turn|9
|
|t:|1783449099
|switch|p2a: Sinistcha|Sinistcha, L50, shiny|59/100
|-heal|p2b: Clefable|86/100|[from] ability: Hospitality|[of] p2a: Sinistcha
|move|p1b: Maushold|Beat Up|p1a: Annihilape
|-damage|p1a: Annihilape|97/100
|-damage|p1a: Annihilape|95/100
|-damage|p1a: Annihilape|92/100
|-hitcount|p1a: Annihilape|3
|move|p1a: Annihilape|Rage Fist|p2b: Clefable
|-damage|p2b: Clefable|5/100
|move|p2b: Clefable|Moonblast|p1a: Annihilape
|-supereffective|p1a: Annihilape|1
|-damage|p1a: Annihilape|41/100
|
|-heal|p1a: Annihilape|47/100|[from] item: Leftovers
|-heal|p2b: Clefable|11/100|[from] item: Leftovers
|-fieldend|move: Gravity
|upkeep
|turn|10
|
|t:|1783449124
|switch|p2b: Incineroar|Incineroar, L50, F, shiny|85/100
|-ability|p2b: Incineroar|Intimidate|boost
|-unboost|p1a: Annihilape|atk|1
|-ability|p1a: Annihilape|Defiant|boost
|-boost|p1a: Annihilape|atk|2
|-unboost|p1b: Maushold|atk|1
|move|p1b: Maushold|Follow Me|p1b: Maushold
|-singleturn|p1b: Maushold|move: Follow Me
|move|p1a: Annihilape|Rage Fist|p2a: Sinistcha
|-supereffective|p2a: Sinistcha|1
|-damage|p2a: Sinistcha|0 fnt
|faint|p2a: Sinistcha
|
|-heal|p1a: Annihilape|54/100|[from] item: Leftovers
|upkeep
|
|t:|1783449138
|switch|p2a: Maushold|Maushold-Four, L50, shiny|23/100
|turn|11
|inactive|Acaba estressando has 30 seconds left.
|
|t:|1783449168
|move|p2a: Maushold|Protect|p2a: Maushold
|-singleturn|p2a: Maushold|Protect
|move|p1b: Maushold|Follow Me|p1b: Maushold
|-singleturn|p1b: Maushold|move: Follow Me
|move|p1a: Annihilape|Drain Punch|p2b: Incineroar
|-supereffective|p2b: Incineroar|1
|-damage|p2b: Incineroar|0 fnt
|-heal|p1a: Annihilape|97/100|[from] drain|[of] p2b: Incineroar
|faint|p2b: Incineroar
|
|-heal|p1a: Annihilape|100/100|[from] item: Leftovers
|upkeep
|
|t:|1783449178
|switch|p2b: Clefable|Clefable, L50, M, shiny|11/100
|turn|12
|
|t:|1783449186
|move|p1b: Maushold|Follow Me|p1b: Maushold
|-singleturn|p1b: Maushold|move: Follow Me
|move|p2b: Clefable|Follow Me|p2b: Clefable
|-singleturn|p2b: Clefable|move: Follow Me
|move|p2a: Maushold|Population Bomb|p1b: Maushold
|-damage|p1b: Maushold|91/100
|-damage|p1b: Maushold|83/100
|-damage|p1b: Maushold|75/100
|-damage|p1b: Maushold|66/100
|-damage|p1b: Maushold|58/100
|-damage|p1b: Maushold|50/100g
|-damage|p1b: Maushold|40/100
|-enditem|p1b: Maushold|Sitrus Berry|[eat]
|-heal|p1b: Maushold|65/100|[from] item: Sitrus Berry
|-hitcount|p1b: Maushold|7
|move|p1a: Annihilape|Rage Fist|p2b: Clefable
|-damage|p2b: Clefable|0 fnt
|faint|p2b: Clefable
|
|upkeep
|turn|13
|
|t:|1783449207
|move|p1b: Maushold|Follow Me|p1b: Maushold
|-singleturn|p1b: Maushold|move: Follow Me
|move|p2a: Maushold|Super Fang|p1b: Maushold
|-damage|p1b: Maushold|32/100
|move|p1a: Annihilape|Drain Punch|p2a: Maushold
|-supereffective|p2a: Maushold|1
|-damage|p2a: Maushold|0 fnt
|faint|p2a: Maushold
|
|win|Penny_epic
||Penny_epic is ready for game 2.
|inactive|Acaba estressando has 30 seconds to confirm battle start!
|l|☆Acaba estressando
|player|p2|
|inactive|Acaba estressando has 20 seconds to confirm battle start!
