|j|☆scizormetimbers07
|j|☆lootlock
|html|scizormetimbers07lootlock    
|uhtml|bestof|Game 3 of a best-of-3
|t:|1784502193
|gametype|doubles
|player|p1|scizormetimbers07|gambler|
|player|p2|lootlock|ghetsis|
|gen|9
|tier|[Gen 9 Champions] VGC 2026 Reg M-B (Bo3)
|rule|Species Clause: Limit one of each Pokémon
|rule|Item Clause: Limit 1 of each item
|clearpoke
|poke|p1|Absol, L50, F|
|poke|p1|Kangaskhan, L50, F, shiny|
|poke|p1|Whimsicott, L50, F, shiny|
|poke|p1|Sinistcha, L50|
|poke|p1|Infernape, L50, F, shiny|
|poke|p1|Mudsdale, L50, F|
|poke|p2|Annihilape, L50, M, shiny|
|poke|p2|Maushold, L50, shiny|
|poke|p2|Farigiraf, L50, F, shiny|
|poke|p2|Zoroark-Hisui, L50, M, shiny|
|poke|p2|Alakazam, L50, M, shiny|
|poke|p2|Dragonite, L50, M, shiny|
|teampreview|4
|showteam|p1|Absol||ScopeLens|SuperLuck|KnockOff,PsychoCut,ShadowClaw,NightSlash|Jolly||F|||50|]Kangaskhan||Kangaskhanite|Scrappy|BodySlam,FakeOut,DrainPunch,ShadowClaw|Adamant||F|||50|]Whimsicott||FocusSash|Prankster|DazzlingGleam,Encore,Tailwind,GigaDrain|Calm||F|||50|]Sinistcha||Leftovers|Hospitality|ShadowBall,MatchaGotcha,RagePowder,LifeDew|Calm|||||50|]Infernape||ShellBell|IronFist|DrainPunch,FakeOut,MachPunch,ThunderPunch|Adamant||F|||50|]Mudsdale||SitrusBerry|Stamina|BodyPress,RockSlide,IronDefense,HighHorsepower|Sassy||F|||50|
|showteam|p2|Annihilape||SitrusBerry|Defiant|RageFist,DrainPunch,ShadowClaw,IcePunch|Quirky||M|||50|]Maushold||FocusSash|FriendGuard|FollowMe,Protect,BabyDollEyes,BeatUp|Serious|||||50|]Farigiraf||QuickClaw|ArmorTail|TwinBeam,DazzlingGleam,TrickRoom,Psychic|Serious||F|||50|]Zoroark-Hisui||LifeOrb|Illusion|IcyWind,ShadowBall,Flamethrower,WillOWisp|Serious||M|||50|]Alakazam||Alakazite|InnerFocus|CalmMind,Psychic,FocusBlast,Psyshock|Serious||M|||50|]Dragonite||Dragoninite|Multiscale|DracoMeteor,ExtremeSpeed,Thunder,Flamethrower|Serious||M|||50|
|
|t:|1784502218
|teamsize|p1|4
|teamsize|p2|4
|start
|switch|p1a: Whimsicott|Whimsicott, L50, F, shiny|100/100
|switch|p1b: Absol|Absol, L50, F|100/100
|switch|p2a: Annihilape|Annihilape, L50, M, shiny|100/100
|switch|p2b: Maushold|Maushold, L50, shiny|100/100
|turn|1
|
|t:|1784502240
|move|p1a: Whimsicott|Tailwind|p1a: Whimsicott
|-sidestart|p1: scizormetimbers07|move: Tailwind
|move|p1b: Absol|Psycho Cut|p2a: Annihilape
|-supereffective|p2a: Annihilape|1
|-crit|p2a: Annihilape
|-damage|p2a: Annihilape|48/100
|-enditem|p2a: Annihilape|Sitrus Berry|[eat]
|-heal|p2a: Annihilape|73/100|[from] item: Sitrus Berry
|move|p2b: Maushold|Beat Up|p2a: Annihilape
|-crit|p2a: Annihilape
|-damage|p2a: Annihilape|69/100
|-damage|p2a: Annihilape|68/100
|-damage|p2a: Annihilape|65/100
|-damage|p2a: Annihilape|63/100
|-hitcount|p2a: Annihilape|4
|move|p2a: Annihilape|Drain Punch|p1b: Absol
|-supereffective|p1b: Absol|1
|-damage|p1b: Absol|0 fnt
|-heal|p2a: Annihilape|97/100|[from] drain|[of] p1b: Absol
|faint|p1b: Absol
|
|upkeep
|
|t:|1784502258
|switch|p1b: Kangaskhan|Kangaskhan, L50, F, shiny|100/100
|turn|2
|
|t:|1784502271
|move|p1b: Kangaskhan|Fake Out|p2a: Annihilape
|-damage|p2a: Annihilape|81/100
|move|p1a: Whimsicott|Encore|p2b: Maushold
|-start|p2b: Maushold|Encore
|move|p2b: Maushold|Beat Up|p2a: Annihilape
|-damage|p2a: Annihilape|79/100
|-damage|p2a: Annihilape|77/100
|-damage|p2a: Annihilape|75/100
|-damage|p2a: Annihilape|73/100
|-hitcount|p2a: Annihilape|4
|cant|p2a: Annihilape|flinch
|
|upkeep
|turn|3
|
|t:|1784502297
|detailschange|p1b: Kangaskhan|Kangaskhan-Mega, L50, F, shiny
|-mega|p1b: Kangaskhan|Kangaskhan|Kangaskhanite
|move|p1a: Whimsicott|Dazzling Gleam|p2a: Annihilape|[spread] p2a,p2b
|-supereffective|p2a: Annihilape|1
|-damage|p2a: Annihilape|48/100
|-damage|p2b: Maushold|83/100
|move|p1b: Kangaskhan|Shadow Claw|p2a: Annihilape
|-supereffective|p2a: Annihilape|1
|-damage|p2a: Annihilape|9/100
|-supereffective|p2a: Annihilape|1
|-damage|p2a: Annihilape|1/100
|-hitcount|p2a: Annihilape|2
|move|p2b: Maushold|Beat Up|p2a: Annihilape
|-damage|p2a: Annihilape|0 fnt
|faint|p2a: Annihilape
|-hitcount|p2: Annihilape|1
|
|upkeep
|
|t:|1784502319
|switch|p2a: Alakazam|Alakazam, L50, M, shiny|100/100
|turn|4
|
|t:|1784502334
|detailschange|p2a: Alakazam|Alakazam-Mega, L50, M, shiny
|-mega|p2a: Alakazam|Alakazam|Alakazite
|-ability|p2a: Alakazam|Parental Bond|Trace|[from] ability: Trace|[of] p1b: Kangaskhan
|move|p1a: Whimsicott|Dazzling Gleam|p2b: Maushold|[spread] p2a,p2b
|-damage|p2a: Alakazam|87/100
|-damage|p2b: Maushold|68/100
|move|p1b: Kangaskhan|Shadow Claw|p2a: Alakazam
|-supereffective|p2a: Alakazam|1
|-damage|p2a: Alakazam|16/100
|-supereffective|p2a: Alakazam|1
|-damage|p2a: Alakazam|1/100
|-hitcount|p2a: Alakazam|2
|move|p2a: Alakazam|Focus Blast|p1b: Kangaskhan
|-supereffective|p1b: Kangaskhan|1
|-damage|p1b: Kangaskhan|16/100
|-supereffective|p1b: Kangaskhan|1
|-damage|p1b: Kangaskhan|0 fnt
|faint|p1b: Kangaskhan
|-hitcount|p1: Kangaskhan|2
|move|p2b: Maushold|Beat Up|p1a: Whimsicott
|-resisted|p1a: Whimsicott|1
|-damage|p1a: Whimsicott|98/100
|-resisted|p1a: Whimsicott|1
|-damage|p1a: Whimsicott|97/100
|-resisted|p1a: Whimsicott|1
|-damage|p1a: Whimsicott|95/100
|-hitcount|p1a: Whimsicott|3
|
|-end|p2b: Maushold|Encore
|-sideend|p1: scizormetimbers07|move: Tailwind
|upkeep
|
|t:|1784502359
|switch|p1b: Sinistcha|Sinistcha, L50|100/100
|-heal|p1a: Whimsicott|100/100|[from] ability: Hospitality|[of] p1b: Sinistcha
|turn|5
|
|t:|1784502400
|move|p1a: Whimsicott|Tailwind|p1a: Whimsicott
|-sidestart|p1: scizormetimbers07|move: Tailwind
|move|p1b: Sinistcha|Matcha Gotcha|p2b: Maushold|[spread] p2a,p2b
|-damage|p2a: Alakazam|0 fnt
|-damage|p2b: Maushold|45/100
|faint|p2a: Alakazam
|move|p2b: Maushold|Beat Up|p1b: Sinistcha
|-supereffective|p1b: Sinistcha|1
|-damage|p1b: Sinistcha|95/100
|-supereffective|p1b: Sinistcha|1
|-damage|p1b: Sinistcha|89/100
|-hitcount|p1b: Sinistcha|2
|
|-heal|p1b: Sinistcha|96/100|[from] item: Leftovers
|upkeep
|
|t:|1784502415
|switch|p2a: Maushold|Maushold, L50, shiny|100/100
|turn|6
|
|t:|1784502440
|move|p1a: Whimsicott|Dazzling Gleam|p2a: Maushold|[spread] p2a,p2b
|-damage|p2a: Maushold|80/100
|-damage|p2b: Maushold|29/100
|replace|p2a: Zoroark|Zoroark-Hisui, L50, M, shiny
|-end|p2a: Zoroark|Illusion
|move|p1b: Sinistcha|Matcha Gotcha|p2a: Zoroark|[spread] p2a,p2b
|-damage|p2a: Zoroark|49/100
|-heal|p1b: Sinistcha|100/100|[from] drain|[of] p2a: Zoroark
|-damage|p2b: Maushold|7/100
|move|p2b: Maushold|Beat Up|p1b: Sinistcha
|-supereffective|p1b: Sinistcha|1
|-damage|p1b: Sinistcha|94/100
|-supereffective|p1b: Sinistcha|1
|-damage|p1b: Sinistcha|89/100
|-hitcount|p1b: Sinistcha|2
|move|p2a: Zoroark|Flamethrower|p1b: Sinistcha
|-supereffective|p1b: Sinistcha|1
|-damage|p1b: Sinistcha|7/100
|-damage|p2a: Zoroark|39/100|[from] item: Life Orb
|
|-heal|p1b: Sinistcha|14/100|[from] item: Leftovers
|upkeep
|turn|7
|
|t:|1784502478
|move|p2b: Maushold|Baby-Doll Eyes|p1a: Whimsicott
|-unboost|p1a: Whimsicott|atk|1
|move|p1a: Whimsicott|Dazzling Gleam|p2b: Maushold|[spread] p2a,p2b
|-damage|p2a: Zoroark|18/100
|-damage|p2b: Maushold|0 fnt
|faint|p2b: Maushold
|move|p1b: Sinistcha|Matcha Gotcha|p2a: Zoroark
|-damage|p2a: Zoroark|0 fnt
|-heal|p1b: Sinistcha|22/100|[from] drain|[of] p2a: Zoroark
|faint|p2a: Zoroark
|
|win|scizormetimbers07
|l|☆lootlock
|player|p2|
