|j|☆Money03
|j|☆Alysa Liu
|html|Money03Alysa Liu    
|uhtml|bestof|Game 1 of a best-of-3
|t:|1756329281
|gametype|doubles
|player|p1|Money03|wattson|1292
|player|p2|Alysa Liu|lady|1527
|gen|9
|tier|[Gen 9] VGC 2025 Reg H (Bo3)
|rated|
|rule|Species Clause: Limit one of each Pokémon
|rule|Item Clause: Limit 1 of each item
|clearpoke
|poke|p1|Annihilape, L50, F|
|poke|p1|Gholdengo, L50|
|poke|p1|Dragonite, L50, F|
|poke|p1|Ninetales-Alola, L50, M|
|poke|p1|Magmar, L50, F|
|poke|p1|Ursaluna-Bloodmoon, L50, M|
|poke|p2|Dachsbun, L50, F|
|poke|p2|Typhlosion-Hisui, L50, F|
|poke|p2|Kingambit, L50, M|
|poke|p2|Jumpluff, L50, M|
|poke|p2|Rillaboom, L50, M|
|poke|p2|Torkoal, L50, F|
|teampreview|4
|showteam|p1|Annihilape||SafetyGoggles|Defiant|DrainPunch,RageFist,BulkUp,Protect|||F|||50|,,,,,Water]Gholdengo||MetalCoat|GoodasGold|MakeItRain,ShadowBall,NastyPlot,Protect||||||50|,,,,,Dragon]Dragonite||LoadedDice|Multiscale|ScaleShot,ExtremeSpeed,IceSpinner,Protect|||F|||50|,,,,,Steel]Ninetales-Alola||LightClay|SnowWarning|Blizzard,Encore,IcicleSpear,AuroraVeil|||M|||50|,,,,,Ghost]Magmar||Eviolite|VitalSpirit|Overheat,FollowMe,Protect,ClearSmog|||F|||50|,,,,,Ghost]Ursaluna-Bloodmoon||AssaultVest|MindsEye|BloodMoon,EarthPower,HyperVoice,VacuumWave|||M|||50|,,,,,Water
|showteam|p2|Dachsbun||Leftovers|WellBakedBody|BodyPress,Snarl,HelpingHand,Protect|||F|||50|,,,,,Steel]Typhlosion-Hisui||ChoiceSpecs|Blaze|Eruption,LavaPlume,Overheat,ShadowBall|||F|||50|,,,,,Fire]Kingambit||SafetyGoggles|Defiant|Protect,KowtowCleave,SuckerPunch,SwordsDance|||M|||50|,,,,,Dark]Jumpluff||CovertCloak|Chlorophyll|SleepPowder,SunnyDay,RagePowder,Tailwind|||M|||50|,,,,,Water]Rillaboom||AssaultVest|GrassySurge|WoodHammer,GrassyGlide,FakeOut,HighHorsepower|||M|||50|,,,,,Water]Torkoal||SitrusBerry|Drought|HeatWave,LavaPlume,ClearSmog,Protect|||F|||50|,,,,,Fairy
|inactive|Battle timer is ON: inactive players will automatically lose when time's up. (requested by Alysa Liu)
|inactive|Money03 has 60 seconds left.
|inactive|Alysa Liu has 60 seconds left.
|inactive|Money03 has 30 seconds left.
|inactive|Money03 has 20 seconds left.
|inactive|Money03 has 15 seconds left.
|
|t:|1756329358
|teamsize|p1|4
|teamsize|p2|4
|start
|switch|p1a: Ursaluna|Ursaluna-Bloodmoon, L50, M|100/100
|switch|p1b: Magmar|Magmar, L50, F|100/100
|switch|p2a: Typhlosion|Typhlosion-Hisui, L50, F|100/100
|switch|p2b: Torkoal|Torkoal, L50, F|100/100
|-weather|SunnyDay|[from] ability: Drought|[of] p2b: Torkoal
|turn|1
|
|t:|1756329384
|switch|p2b: Dachsbun|Dachsbun, L50, F|100/100
|-terastallize|p2a: Typhlosion|Fire
|-terastallize|p1a: Ursaluna|Water
|move|p1b: Magmar|Protect|p1b: Magmar
|-singleturn|p1b: Magmar|Protect
|move|p2a: Typhlosion|Lava Plume|p1b: Magmar|[spread] p1a
|-activate|p1b: Magmar|move: Protect
|-ability|p2b: Dachsbun|Well-Baked Body|boost
|-boost|p2b: Dachsbun|def|2
|-resisted|p1a: Ursaluna
|-damage|p1a: Ursaluna|74/100
|move|p1a: Ursaluna|Earth Power|p2a: Typhlosion
|-supereffective|p2a: Typhlosion
|-damage|p2a: Typhlosion|0 fnt
|faint|p2a: Typhlosion
|
|-weather|SunnyDay|[upkeep]
|upkeep
|
|t:|1756329397
|switch|p2a: Rillaboom|Rillaboom, L50, M|100/100
|-fieldstart|move: Grassy Terrain|[from] ability: Grassy Surge|[of] p2a: Rillaboom
|turn|2
|
|t:|1756329417
|switch|p1a: Dragonite|Dragonite, L50, F|100/100
|move|p2a: Rillaboom|Fake Out|p1b: Magmar
|-damage|p1b: Magmar|91/100
|move|p2b: Dachsbun|Body Press|p1b: Magmar
|-damage|p1b: Magmar|48/100
|cant|p1b: Magmar|flinch
|
|-weather|SunnyDay|[upkeep]
|-heal|p1b: Magmar|54/100|[from] Grassy Terrain
|upkeep
|turn|3
|c|☆Alysa Liu|im not gonna lie I fear i have auto loss to those two
|inactive|Money03 has 30 seconds left.
|inactive|Alysa Liu has 30 seconds left.
|inactive|Money03 has 20 seconds left.
|inactive|Alysa Liu has 20 seconds left.
|
|t:|1756329456
|switch|p2a: Torkoal|Torkoal, L50, F|100/100
|move|p1b: Magmar|Protect|p1b: Magmar
|-singleturn|p1b: Magmar|Protect
|move|p1a: Dragonite|Scale Shot|p2a: Torkoal
|-damage|p2a: Torkoal|90/100
|-damage|p2a: Torkoal|79/100
|-damage|p2a: Torkoal|69/100
|-crit|p2a: Torkoal
|-damage|p2a: Torkoal|53/100
|-hitcount|p2a: Torkoal|4
|-unboost|p1a: Dragonite|def|1
|-boost|p1a: Dragonite|spe|1
|move|p2b: Dachsbun|Body Press|p1b: Magmar
|-activate|p1b: Magmar|move: Protect
|
|-weather|SunnyDay|[upkeep]
|-heal|p1b: Magmar|60/100|[from] Grassy Terrain
|-heal|p2a: Torkoal|60/100|[from] Grassy Terrain
|upkeep
|turn|4
|
|t:|1756329478
|move|p2a: Torkoal|Protect|p2a: Torkoal
|-singleturn|p2a: Torkoal|Protect
|move|p1a: Dragonite|Scale Shot|p2a: Torkoal
|-activate|p2a: Torkoal|move: Protect
|move|p2b: Dachsbun|Body Press|p1b: Magmar
|-damage|p1b: Magmar|20/100
|move|p1b: Magmar|Clear Smog|p2b: Dachsbun
|-supereffective|p2b: Dachsbun
|-damage|p2b: Dachsbun|71/100
|-clearboost|p2b: Dachsbun
|
|-weather|SunnyDay|[upkeep]
|-heal|p2b: Dachsbun|77/100|[from] Grassy Terrain
|-heal|p2b: Dachsbun|83/100|[from] item: Leftovers
|-heal|p1b: Magmar|26/100|[from] Grassy Terrain
|-heal|p2a: Torkoal|66/100|[from] Grassy Terrain
|upkeep
|turn|5
|inactive|Money03 has 30 seconds left.
|
|t:|1756329507
|move|p1b: Magmar|Protect|p1b: Magmar
|-singleturn|p1b: Magmar|Protect
|move|p1a: Dragonite|Scale Shot|p2a: Torkoal
|-damage|p2a: Torkoal|54/100
|-damage|p2a: Torkoal|44/100
|-enditem|p2a: Torkoal|Sitrus Berry|[eat]
|-heal|p2a: Torkoal|69/100|[from] item: Sitrus Berry
|-damage|p2a: Torkoal|58/100
|-damage|p2a: Torkoal|48/100
|-hitcount|p2a: Torkoal|4
|-unboost|p1a: Dragonite|def|1
|-boost|p1a: Dragonite|spe|1
|move|p2b: Dachsbun|Body Press|p1b: Magmar
|-activate|p1b: Magmar|move: Protect
|move|p2a: Torkoal|Lava Plume|p1b: Magmar|[spread] p1a
|-activate|p1b: Magmar|move: Protect
|-ability|p2b: Dachsbun|Well-Baked Body|boost
|-boost|p2b: Dachsbun|def|2
|-resisted|p1a: Dragonite
|-damage|p1a: Dragonite|93/100
|
|-weather|none
|-heal|p2b: Dachsbun|90/100|[from] Grassy Terrain
|-heal|p2b: Dachsbun|96/100|[from] item: Leftovers
|-heal|p1b: Magmar|31/100|[from] Grassy Terrain
|-heal|p2a: Torkoal|54/100|[from] Grassy Terrain
|upkeep
|turn|6
|inactive|Money03 has 30 seconds left.
|inactive|Money03 has 20 seconds left.
|
|t:|1756329547
|move|p1b: Magmar|Protect||[still]
|-fail|p1b: Magmar
|move|p1a: Dragonite|Scale Shot|p2a: Torkoal
|-damage|p2a: Torkoal|44/100
|-damage|p2a: Torkoal|33/100
|-damage|p2a: Torkoal|23/100
|-damage|p2a: Torkoal|12/100
|-damage|p2a: Torkoal|2/100
|-hitcount|p2a: Torkoal|5
|-unboost|p1a: Dragonite|def|1
|-boost|p1a: Dragonite|spe|1
|move|p2b: Dachsbun|Body Press|p1b: Magmar
|-damage|p1b: Magmar|0 fnt
|faint|p1b: Magmar
|move|p2a: Torkoal|Lava Plume|p1a: Dragonite|[spread] p1a
|-ability|p2b: Dachsbun|Well-Baked Body|boost
|-boost|p2b: Dachsbun|def|2
|-resisted|p1a: Dragonite
|-damage|p1a: Dragonite|84/100
|-status|p1a: Dragonite|brn
|
|-heal|p2b: Dachsbun|100/100|[from] Grassy Terrain
|-heal|p2a: Torkoal|8/100|[from] Grassy Terrain
|-damage|p1a: Dragonite|78/100 brn|[from] brn
|-fieldend|move: Grassy Terrain
|upkeep
|inactive|Money03 has 30 seconds left.
|
|t:|1756329573
|switch|p1b: Ninetales|Ninetales-Alola, L50, M|100/100
|-weather|Snowscape|[from] ability: Snow Warning|[of] p1b: Ninetales
|turn|7
|
|t:|1756329588
|move|p1a: Dragonite|Ice Spinner|p2a: Torkoal
|-resisted|p2a: Torkoal
|-damage|p2a: Torkoal|3/100
|move|p1b: Ninetales|Aurora Veil|p1b: Ninetales
|-sidestart|p1: Money03|move: Aurora Veil
|move|p2b: Dachsbun|Body Press|p1b: Ninetales
|-damage|p1b: Ninetales|58/100
|move|p2a: Torkoal|Lava Plume|p1b: Ninetales|[spread] p1a,p1b
|-ability|p2b: Dachsbun|Well-Baked Body|boost
|-boost|p2b: Dachsbun|def|2
|-resisted|p1a: Dragonite
|-supereffective|p1b: Ninetales
|-damage|p1a: Dragonite|72/100 brn
|-damage|p1b: Ninetales|32/100
|
|-weather|Snowscape|[upkeep]
|-damage|p1a: Dragonite|66/100 brn|[from] brn
|upkeep
|turn|8
|inactive|Money03 has 30 seconds left.
|inactive|Alysa Liu has 30 seconds left.
|inactive|Money03 has 20 seconds left.
|inactive|Alysa Liu has 20 seconds left.
|inactive|Alysa Liu has 15 seconds left.
|inactive|Alysa Liu has 10 seconds left.
|
|t:|1756329641
|move|p1a: Dragonite|Extreme Speed|p2a: Torkoal
|-damage|p2a: Torkoal|0 fnt
|faint|p2a: Torkoal
|move|p1b: Ninetales|Blizzard|p2b: Dachsbun
|-damage|p2b: Dachsbun|56/100
|move|p2b: Dachsbun|Body Press|p1a: Dragonite
|-resisted|p1a: Dragonite
|-damage|p1a: Dragonite|0 fnt
|faint|p1a: Dragonite
|
|-weather|Snowscape|[upkeep]
|-heal|p2b: Dachsbun|62/100|[from] item: Leftovers
|upkeep
|
|t:|1756329652
|switch|p1a: Ursaluna|Ursaluna-Bloodmoon, L50, M, tera:Water|74/100
|switch|p2a: Rillaboom|Rillaboom, L50, M|100/100
|-fieldstart|move: Grassy Terrain|[from] ability: Grassy Surge|[of] p2a: Rillaboom
|turn|9
|
|t:|1756329668
|move|p1b: Ninetales|Blizzard|p2a: Rillaboom|[spread] p2a,p2b
|-supereffective|p2a: Rillaboom
|-damage|p2a: Rillaboom|69/100
|-damage|p2b: Dachsbun|32/100
|move|p2b: Dachsbun|Body Press|p1a: Ursaluna
|-damage|p1a: Ursaluna|19/100
|move|p2a: Rillaboom|Wood Hammer|p1a: Ursaluna
|-supereffective|p1a: Ursaluna
|-crit|p1a: Ursaluna
|-damage|p1a: Ursaluna|0 fnt
|faint|p1a: Ursaluna
|-damage|p2a: Rillaboom|63/100|[from] Recoil
|
|-weather|Snowscape|[upkeep]
|-heal|p1b: Ninetales|38/100|[from] Grassy Terrain
|-heal|p2b: Dachsbun|38/100|[from] Grassy Terrain
|-heal|p2b: Dachsbun|44/100|[from] item: Leftovers
|-heal|p2a: Rillaboom|69/100|[from] Grassy Terrain
|upkeep
|turn|10
|inactive|Alysa Liu has 30 seconds left.
|
|t:|1756329695
|move|p2b: Dachsbun|Helping Hand|p2a: Rillaboom
|-singleturn|p2a: Rillaboom|Helping Hand|[of] p2b: Dachsbun
|move|p2a: Rillaboom|Grassy Glide|p1b: Ninetales
|-damage|p1b: Ninetales|9/100
|move|p1b: Ninetales|Blizzard|p2a: Rillaboom|[spread] p2a,p2b
|-supereffective|p2a: Rillaboom
|-damage|p2a: Rillaboom|36/100
|-damage|p2b: Dachsbun|11/100
|
|-weather|Snowscape|[upkeep]
|-heal|p1b: Ninetales|15/100|[from] Grassy Terrain
|-heal|p2b: Dachsbun|17/100|[from] Grassy Terrain
|-heal|p2b: Dachsbun|23/100|[from] item: Leftovers
|-heal|p2a: Rillaboom|42/100|[from] Grassy Terrain
|upkeep
|turn|11
|
|t:|1756329708
|move|p2b: Dachsbun|Helping Hand|p2a: Rillaboom
|-singleturn|p2a: Rillaboom|Helping Hand|[of] p2b: Dachsbun
|move|p2a: Rillaboom|Grassy Glide|p1b: Ninetales
|-damage|p1b: Ninetales|0 fnt
|faint|p1b: Ninetales
|
|win|Alysa Liu
||Money03 is ready for game 2.
||Alysa Liu is ready for game 2.
|uhtml|next|Next: Game 2 of 3
|l|☆Alysa Liu
|player|p2|
