|j|☆Lkizzz
|j|☆delphigni
|html|Lkizzzdelphigni    
|uhtml|bestof|Game 3 of a best-of-3
|t:|1756326677
|gametype|doubles
|player|p1|Lkizzz|swimmer-gen4dp|1179
|player|p2|delphigni|dawn|1177
|gen|9
|tier|[Gen 9] VGC 2025 Reg H (Bo3)
|rated|
|rule|Species Clause: Limit one of each Pokémon
|rule|Item Clause: Limit 1 of each item
|clearpoke
|poke|p1|Porygon2, L50|
|poke|p1|Ursaluna, L50, F|
|poke|p1|Amoonguss, L50, M|
|poke|p1|Incineroar, L50, M|
|poke|p1|Basculegion, L50, M|
|poke|p1|Dragonite, L50, M|
|poke|p2|Kommo-o, L50, F|
|poke|p2|Primarina, L50, F|
|poke|p2|Rillaboom, L50, M|
|poke|p2|Electabuzz, L50, F|
|poke|p2|Tyranitar, L50, M|
|poke|p2|Excadrill, L50, F|
|teampreview|4
|showteam|p1|Porygon2||Eviolite|Download|TrickRoom,Recover,TeraBlast,IceBeam||||||50|,,,,,Flying]Ursaluna||FlameOrb|Guts|Protect,Facade,HeadlongRush,Earthquake|||F|||50|,,,,,Ghost]Amoonguss||RockyHelmet|Regenerator|Protect,Spore,RagePowder,PollenPuff|||M|||50|,,,,,Water]Incineroar||SafetyGoggles|Intimidate|FakeOut,KnockOff,FlareBlitz,PartingShot|||M|||50|,,,,,Ghost]Basculegion||ChoiceScarf|Adaptability|WaveCrash,AquaJet,LastRespects,FlipTurn|||M|||50|,,,,,Water]Dragonite||LoadedDice|Multiscale|Protect,ScaleShot,Haze,Tailwind|||M|||50|,,,,,Fairy
|showteam|p2|Kommo-o||ThroatSpray|Overcoat|ClangingScales,Flamethrower,ClangorousSoul,Protect|||F|||50|,,,,,Fire]Primarina||LifeOrb|LiquidVoice|HyperVoice,Moonblast,Haze,Protect|||F|||50|,,,,,Poison]Rillaboom||MeadowPlate|GrassySurge|WoodHammer,GrassyGlide,FakeOut,Protect|||M|||50|,,,,,Water]Electabuzz||Eviolite|VitalSpirit|FollowMe,Electroweb,Taunt,Protect|||F|||50|,,,,,Fairy]Tyranitar||AssaultVest|SandStream|TeraBlast,RockSlide,KnockOff,LowKick|||M|||50|,,,,,Flying]Excadrill||ClearAmulet|SandRush|RockSlide,IronHead,HighHorsepower,Protect|||F|||50|,,,,,Stellar
|inactive|Battle timer is ON: inactive players will automatically lose when time's up. (requested by delphigni)
|inactive|delphigni has 60 seconds left.
|
|t:|1756326722
|teamsize|p1|4
|teamsize|p2|4
|start
|switch|p1a: Big G|Incineroar, L50, M|100/100
|switch|p1b: Porygon2|Porygon2, L50, shiny|100/100
|switch|p2a: Bumblebirb|Electabuzz, L50, F, shiny|100/100
|switch|p2b: Rilleboom|Rillaboom, L50, M, shiny|100/100
|-fieldstart|move: Grassy Terrain|[from] ability: Grassy Surge|[of] p2b: Rilleboom
|-ability|p1a: Big G|Intimidate|boost
|-unboost|p2a: Bumblebirb|atk|1
|-unboost|p2b: Rilleboom|atk|1
|-ability|p1b: Porygon2|Download|boost
|-boost|p1b: Porygon2|spa|1
|turn|1
|
|t:|1756326741
|move|p2b: Rilleboom|Fake Out|p1b: Porygon2
|-damage|p1b: Porygon2|94/100
|move|p2a: Bumblebirb|Taunt|p1b: Porygon2
|-start|p1b: Porygon2|move: Taunt
|move|p1a: Big G|Flare Blitz|p2b: Rilleboom
|-supereffective|p2b: Rilleboom
|-damage|p2b: Rilleboom|6/100
|-damage|p1a: Big G|71/100|[from] Recoil
|cant|p1b: Porygon2|flinch
|
|-heal|p2b: Rilleboom|12/100|[from] Grassy Terrain
|-heal|p1a: Big G|77/100|[from] Grassy Terrain
|-heal|p1b: Porygon2|100/100|[from] Grassy Terrain
|upkeep
|turn|2
|
|t:|1756326764
|switch|p2b: Great S. Shark|Tyranitar, L50, M, shiny|100/100
|-weather|Sandstorm|[from] ability: Sand Stream|[of] p2b: Great S. Shark
|move|p2a: Bumblebirb|Taunt|p1a: Big G
|-start|p1a: Big G|move: Taunt
|move|p1a: Big G|Knock Off|p2a: Bumblebirb
|-damage|p2a: Bumblebirb|69/100
|-enditem|p2a: Bumblebirb|Eviolite|[from] move: Knock Off|[of] p1a: Big G
|move|p1b: Porygon2|Tera Blast|p2a: Bumblebirb
|-damage|p2a: Bumblebirb|7/100
|
|-weather|Sandstorm|[upkeep]
|-damage|p2a: Bumblebirb|1/100|[from] Sandstorm
|-damage|p1b: Porygon2|94/100|[from] Sandstorm
|-heal|p2a: Bumblebirb|7/100|[from] Grassy Terrain
|-heal|p1a: Big G|83/100|[from] Grassy Terrain
|-heal|p1b: Porygon2|100/100|[from] Grassy Terrain
|upkeep
|turn|3
|inactive|Lkizzz has 30 seconds left.
|
|t:|1756326793
|switch|p2a: Primlance|Primarina, L50, F, shiny|100/100
|switch|p1a: Amoonguss|Amoonguss, L50, M, shiny|100/100
|move|p2b: Great S. Shark|Knock Off|p1b: Porygon2
|-damage|p1b: Porygon2|70/100
|-enditem|p1b: Porygon2|Eviolite|[from] move: Knock Off|[of] p2b: Great S. Shark
|move|p1b: Porygon2|Tera Blast|p2a: Primlance
|-damage|p2a: Primlance|54/100
|
|-weather|Sandstorm|[upkeep]
|-damage|p2a: Primlance|48/100|[from] Sandstorm
|-damage|p1b: Porygon2|64/100|[from] Sandstorm
|-damage|p1a: Amoonguss|95/100|[from] Sandstorm
|-heal|p2a: Primlance|54/100|[from] Grassy Terrain
|-heal|p1b: Porygon2|70/100|[from] Grassy Terrain
|-heal|p1a: Amoonguss|100/100|[from] Grassy Terrain
|-end|p1b: Porygon2|move: Taunt
|upkeep
|turn|4
|inactive|delphigni has 30 seconds left.
|
|t:|1756326821
|move|p1a: Amoonguss|Rage Powder|p1a: Amoonguss
|-singleturn|p1a: Amoonguss|move: Rage Powder
|move|p2b: Great S. Shark|Rock Slide|p1b: Porygon2|[spread] p1a,p1b
|-damage|p1a: Amoonguss|76/100
|-damage|p1b: Porygon2|44/100
|move|p2a: Primlance|Hyper Voice|p1b: Porygon2|[spread] p1a,p1b
|-resisted|p1a: Amoonguss
|-damage|p1a: Amoonguss|54/100
|-damage|p1b: Porygon2|0 fnt
|faint|p1b: Porygon2
|-damage|p2a: Primlance|45/100|[from] item: Life Orb
|
|-weather|Sandstorm|[upkeep]
|-damage|p2a: Primlance|39/100|[from] Sandstorm
|-damage|p1a: Amoonguss|48/100|[from] Sandstorm
|-heal|p2a: Primlance|45/100|[from] Grassy Terrain
|-heal|p1a: Amoonguss|54/100|[from] Grassy Terrain
|upkeep
|
|t:|1756326836
|switch|p1b: Big G|Incineroar, L50, M|83/100
|-ability|p1b: Big G|Intimidate|boost
|-unboost|p2a: Primlance|atk|1
|-unboost|p2b: Great S. Shark|atk|1
|turn|5
|
|t:|1756326857
|switch|p2b: Rilleboom|Rillaboom, L50, M, shiny|12/100
|switch|p1a: Ursaluna|Ursaluna, L50, F|100/100
|move|p2a: Primlance|Protect|p2a: Primlance
|-singleturn|p2a: Primlance|Protect
|move|p1b: Big G|Fake Out|p2a: Primlance
|-activate|p2a: Primlance|move: Protect
|
|-weather|Sandstorm|[upkeep]
|-damage|p2b: Rilleboom|6/100|[from] Sandstorm
|-damage|p2a: Primlance|39/100|[from] Sandstorm
|-heal|p2b: Rilleboom|12/100|[from] Grassy Terrain
|-heal|p1b: Big G|89/100|[from] Grassy Terrain
|-heal|p2a: Primlance|45/100|[from] Grassy Terrain
|-fieldend|move: Grassy Terrain
|-status|p1a: Ursaluna|brn|[from] item: Flame Orb
|upkeep
|turn|6
|
|t:|1756326874
|move|p1a: Ursaluna|Protect|p1a: Ursaluna
|-singleturn|p1a: Ursaluna|Protect
|move|p2b: Rilleboom|Wood Hammer|p1a: Ursaluna
|-activate|p1a: Ursaluna|move: Protect
|move|p1b: Big G|Parting Shot|p2a: Primlance
|-unboost|p2a: Primlance|atk|1
|-unboost|p2a: Primlance|spa|1
|
|t:|1756326882
|switch|p1b: Amoonguss|Amoonguss, L50, M, shiny|87/100|[from] Parting Shot
|move|p2a: Primlance|Hyper Voice|p1a: Ursaluna|[spread] p1b
|-activate|p1a: Ursaluna|move: Protect
|-resisted|p1b: Amoonguss
|-damage|p1b: Amoonguss|74/100
|-damage|p2a: Primlance|35/100|[from] item: Life Orb
|
|-weather|none
|-damage|p1a: Ursaluna|94/100 brn|[from] brn
|upkeep
|turn|7
|
|t:|1756326901
|switch|p1a: Big G|Incineroar, L50, M|89/100
|-ability|p1a: Big G|Intimidate|boost
|-unboost|p2a: Primlance|atk|1
|-unboost|p2b: Rilleboom|atk|1
|move|p2b: Rilleboom|Wood Hammer|p1a: Big G
|-resisted|p1a: Big G
|-damage|p1a: Big G|65/100
|-damage|p2b: Rilleboom|4/100|[from] Recoil
|move|p2a: Primlance|Hyper Voice|p1b: Amoonguss|[spread] p1a,p1b
|-supereffective|p1a: Big G
|-resisted|p1b: Amoonguss
|-damage|p1a: Big G|6/100
|-damage|p1b: Amoonguss|62/100
|-damage|p2a: Primlance|26/100|[from] item: Life Orb
|move|p1b: Amoonguss|Spore|p2a: Primlance
|-status|p2a: Primlance|slp|[from] move: Spore
|
|upkeep
|turn|8
|
|t:|1756326919
|move|p1a: Big G|Fake Out|p2b: Rilleboom
|-damage|p2b: Rilleboom|0 fnt
|faint|p2b: Rilleboom
|cant|p2a: Primlance|slp
|move|p1b: Amoonguss|Pollen Puff|p1a: Big G
|-heal|p1a: Big G|56/100
|
|upkeep
|
|t:|1756326922
|switch|p2b: Great S. Shark|Tyranitar, L50, M, shiny|100/100
|-weather|Sandstorm|[from] ability: Sand Stream|[of] p2b: Great S. Shark
|turn|9
|
|t:|1756326944
|-terastallize|p2b: Great S. Shark|Flying
|move|p1b: Amoonguss|Protect|p1b: Amoonguss
|-singleturn|p1b: Amoonguss|Protect
|move|p1a: Big G|Parting Shot|p2b: Great S. Shark
|-unboost|p2b: Great S. Shark|atk|1
|-unboost|p2b: Great S. Shark|spa|1
|
|t:|1756326950
|switch|p1a: Ursaluna|Ursaluna, L50, F|94/100 brn|[from] Parting Shot
|move|p2b: Great S. Shark|Tera Blast|p1b: Amoonguss|[anim] Tera Blast Flying
|-activate|p1b: Amoonguss|move: Protect
|cant|p2a: Primlance|slp
|
|-weather|Sandstorm|[upkeep]
|-damage|p2b: Great S. Shark|94/100|[from] Sandstorm
|-damage|p2a: Primlance|20/100 slp|[from] Sandstorm
|-damage|p1b: Amoonguss|56/100|[from] Sandstorm
|-damage|p1a: Ursaluna|88/100 brn|[from] brn
|upkeep
|turn|10
|inactive|Lkizzz has 30 seconds left.
|inactive|Lkizzz has 20 seconds left.
|inactive|Lkizzz has 15 seconds left.
|inactive|Lkizzz has 10 seconds left.
|inactive|Lkizzz has 5 seconds left.
|
|t:|1756327002
|switch|p1b: Big G|Incineroar, L50, M|56/100
|-ability|p1b: Big G|Intimidate|boost
|-unboost|p2a: Primlance|atk|1
|-unboost|p2b: Great S. Shark|atk|1
|-terastallize|p1a: Ursaluna|Ghost
|move|p2b: Great S. Shark|Rock Slide|p1b: Big G|[spread] p1a,p1b
|-supereffective|p1b: Big G
|-damage|p1a: Ursaluna|77/100 brn
|-damage|p1b: Big G|29/100
|-curestatus|p2a: Primlance|slp|[msg]
|move|p2a: Primlance|Hyper Voice|p1b: Big G|[spread] p1a,p1b
|-supereffective|p1b: Big G
|-damage|p1a: Ursaluna|47/100 brn
|-damage|p1b: Big G|0 fnt
|faint|p1b: Big G
|-damage|p2a: Primlance|11/100|[from] item: Life Orb
|move|p1a: Ursaluna|Facade|p2a: Primlance
|-damage|p2a: Primlance|0 fnt
|faint|p2a: Primlance
|
|-weather|Sandstorm|[upkeep]
|-damage|p2b: Great S. Shark|88/100|[from] Sandstorm
|-damage|p1a: Ursaluna|41/100 brn|[from] Sandstorm
|-damage|p1a: Ursaluna|35/100 brn|[from] brn
|upkeep
|
|t:|1756327016
|switch|p1b: Amoonguss|Amoonguss, L50, M, shiny|89/100
|switch|p2a: Bumblebirb|Electabuzz, L50, F, shiny|7/100
|turn|11
|j| Luigistoleyourgf
|
|t:|1756327037
|move|p1b: Amoonguss|Rage Powder|p1b: Amoonguss
|-singleturn|p1b: Amoonguss|move: Rage Powder
|move|p2a: Bumblebirb|Taunt|p1b: Amoonguss
|-start|p1b: Amoonguss|move: Taunt
|move|p2b: Great S. Shark|Rock Slide|p1a: Ursaluna|[spread] p1a
|-miss|p2b: Great S. Shark|p1b: Amoonguss
|-damage|p1a: Ursaluna|22/100 brn
|cant|p1a: Ursaluna|flinch
|
|-weather|Sandstorm|[upkeep]
|-damage|p2a: Bumblebirb|1/100|[from] Sandstorm
|-damage|p2b: Great S. Shark|82/100|[from] Sandstorm
|-damage|p1a: Ursaluna|16/100 brn|[from] Sandstorm
|-damage|p1b: Amoonguss|83/100|[from] Sandstorm
|-damage|p1a: Ursaluna|10/100 brn|[from] brn
|upkeep
|turn|12
|
|t:|1756327061
|move|p2a: Bumblebirb|Electroweb|p1b: Amoonguss|[spread] p1a,p1b
|-resisted|p1b: Amoonguss
|-damage|p1a: Ursaluna|0 fnt
|-damage|p1b: Amoonguss|78/100
|-unboost|p1b: Amoonguss|spe|1
|faint|p1a: Ursaluna
|move|p2b: Great S. Shark|Rock Slide|p1b: Amoonguss
|-damage|p1b: Amoonguss|61/100
|move|p1b: Amoonguss|Pollen Puff|p1: Ursaluna|[notarget]
|-fail|p1b: Amoonguss
|
|-weather|Sandstorm|[upkeep]
|-damage|p2a: Bumblebirb|0 fnt|[from] Sandstorm
|-damage|p2b: Great S. Shark|76/100|[from] Sandstorm
|-damage|p1b: Amoonguss|55/100|[from] Sandstorm
|faint|p2a: Bumblebirb
|upkeep
|turn|13
|
|t:|1756327069
|move|p2b: Great S. Shark|Tera Blast|p1b: Amoonguss|[anim] Tera Blast Flying
|-supereffective|p1b: Amoonguss
|-damage|p1b: Amoonguss|17/100
|move|p1b: Amoonguss|Pollen Puff|p2b: Great S. Shark
|-resisted|p2b: Great S. Shark
|-damage|p2b: Great S. Shark|71/100
|
|-weather|none
|upkeep
|turn|14
|
|t:|1756327072
|move|p2b: Great S. Shark|Tera Blast|p1b: Amoonguss|[anim] Tera Blast Flying
|-supereffective|p1b: Amoonguss
|-damage|p1b: Amoonguss|0 fnt
|faint|p1b: Amoonguss
|
|win|delphigni
|raw|Lkizzz's rating: 1179 → 1154(-25 for losing)
|raw|delphigni's rating: 1177 → 1202(+25 for winning)
|l|☆Lkizzz
|player|p1|
