|j|☆IranianObama
|j|☆ssooner
|html|IranianObamassooner    
|uhtml|bestof|Game 3 of a best-of-3
|t:|1785387884
|gametype|doubles
|player|p1|IranianObama|266|1090
|player|p2|ssooner|wallace|1197
|gen|9
|tier|[Gen 9 Champions] VGC 2026 Reg M-B (Bo3)
|rated|
|rule|Species Clause: Limit one of each Pokémon
|rule|Item Clause: Limit 1 of each item
|clearpoke
|poke|p1|Staraptor, L50, M|
|poke|p1|Garchomp, L50, M|
|poke|p1|Grimmsnarl, L50, M|
|poke|p1|Rotom-Wash, L50|
|poke|p1|Aegislash, L50, M|
|poke|p1|Incineroar, L50, M|
|poke|p2|Charizard, L50, F|
|poke|p2|Venusaur, L50, F|
|poke|p2|Grimmsnarl, L50, M|
|poke|p2|Pelipper, L50, M|
|poke|p2|Archaludon, L50, F|
|poke|p2|Basculegion, L50, M|
|teampreview|4
|showteam|p1|Staraptor||Staraptite|Intimidate|BrickBreak,CloseCombat,BraveBird,Protect|Adamant||M|||50|]Garchomp||FocusSash|RoughSkin|DragonClaw,Protect,Earthquake,RockSlide|Adamant||M|||50|]Grimmsnarl||LightClay|Prankster|LightScreen,Reflect,PartingShot,FakeOut|Careful||M|||50|]Rotom-Wash||WideLens|Levitate|HelpingHand,Thunder,HydroPump,VoltSwitch|Modest|||||50|]Aegislash||OccaBerry|StanceChange|BrickBreak,FlashCannon,Protect,ShadowBall|Modest||M|||50|]Incineroar||Charcoal|Intimidate|DarkestLariat,FlareBlitz,Protect,PartingShot|Adamant||M|||50|
|showteam|p2|Charizard||CharizarditeY|Blaze|Protect,HeatWave,WeatherBall,SolarBeam|Modest||F|||50|]Venusaur||FocusSash|Chlorophyll|Protect,SleepPowder,SludgeBomb,EarthPower|Modest||F|||50|]Grimmsnarl||LightClay|Prankster|SpiritBreak,Reflect,LightScreen,PartingShot|Sassy||M|||50|]Pelipper||SitrusBerry|Drizzle|Hurricane,WeatherBall,Tailwind,WideGuard|Modest||M|||50|]Archaludon||Leftovers|Stamina|Protect,ElectroShot,DragonPulse,FlashCannon|Calm||F|||50|]Basculegion||ChoiceScarf|Adaptability|FlipTurn,WaveCrash,AquaJet,LastRespects|Jolly||M|||50|
|inactive|Battle timer is ON: inactive players will automatically lose when time's up. (requested by ssooner)
|
|t:|1785387897
|teamsize|p1|4
|teamsize|p2|4
|start
|switch|p1a: Staraptor|Staraptor, L50, M|100/100
|switch|p1b: Grimmsnarl|Grimmsnarl, L50, M|100/100
|switch|p2a: Venusaur|Venusaur, L50, F|100/100
|switch|p2b: Charizard|Charizard, L50, F|100/100
|-ability|p1a: Staraptor|Intimidate|boost
|-unboost|p2a: Venusaur|atk|1
|-unboost|p2b: Charizard|atk|1
|turn|1
|inactive|IranianObama has 30 seconds left.
|
|t:|1785387925
|detailschange|p1a: Staraptor|Staraptor-Mega, L50, M
|-mega|p1a: Staraptor|Staraptor|Staraptite
|move|p1a: Staraptor|Protect|p1a: Staraptor
|-singleturn|p1a: Staraptor|Protect
|move|p2b: Charizard|Protect|p2b: Charizard
|-singleturn|p2b: Charizard|Protect
|move|p2a: Venusaur|Protect|p2a: Venusaur
|-singleturn|p2a: Venusaur|Protect
|move|p1b: Grimmsnarl|Fake Out|p2a: Venusaur
|-activate|p2a: Venusaur|move: Protect
|
|upkeep
|turn|2
|inactive|IranianObama has 30 seconds left.
|inactive|IranianObama has 20 seconds left.
|
|t:|1785387963
|detailschange|p2b: Charizard|Charizard-Mega-Y, L50, F
|-mega|p2b: Charizard|Charizard|Charizardite Y
|-weather|SunnyDay|[from] ability: Drought|[of] p2b: Charizard
|move|p1b: Grimmsnarl|Light Screen|p1b: Grimmsnarl
|-sidestart|p1: IranianObama|move: Light Screen
|move|p2a: Venusaur|Sleep Powder|p1a: Staraptor|[miss]
|-miss|p2a: Venusaur|p1a: Staraptor
|move|p1a: Staraptor|Close Combat|p2a: Venusaur
|-resisted|p2a: Venusaur|1
|-damage|p2a: Venusaur|50/100g
|-boost|p1a: Staraptor|def|1
|-boost|p1a: Staraptor|spd|1
|move|p2b: Charizard|Heat Wave|p1b: Grimmsnarl|[spread] p1a,p1b
|-damage|p1a: Staraptor|65/100
|-damage|p1b: Grimmsnarl|65/100
|
|-weather|SunnyDay|[upkeep]
|upkeep
|turn|3
|inactive|IranianObama has 30 seconds left.
|
|t:|1785387995
|move|p1b: Grimmsnarl|Parting Shot|p2b: Charizard
|-unboost|p2b: Charizard|atk|1
|-unboost|p2b: Charizard|spa|1
|
|t:|1785388000
|switch|p1b: Rotom|Rotom-Wash, L50|100/100|[from] Parting Shot
|move|p2a: Venusaur|Sleep Powder|p1a: Staraptor|[miss]
|-miss|p2a: Venusaur|p1a: Staraptor
|move|p1a: Staraptor|Brick Break|p2a: Venusaur
|-resisted|p2a: Venusaur|1
|-damage|p2a: Venusaur|20/100y
|move|p2b: Charizard|Heat Wave|p1b: Rotom|[spread] p1a,p1b
|-resisted|p1b: Rotom|1
|-damage|p1a: Staraptor|40/100
|-damage|p1b: Rotom|77/100
|
|-weather|SunnyDay|[upkeep]
|upkeep
|turn|4
|
|t:|1785388019
|move|p2a: Venusaur|Sleep Powder|p1b: Rotom
|-status|p1b: Rotom|slp|[from] move: Sleep Powder
|move|p1a: Staraptor|Close Combat|p2a: Venusaur
|-resisted|p2a: Venusaur|1
|-damage|p2a: Venusaur|0 fnt
|-boost|p1a: Staraptor|def|1
|-boost|p1a: Staraptor|spd|1
|faint|p2a: Venusaur
|move|p2b: Charizard|Weather Ball|p1a: Staraptor
|-damage|p1a: Staraptor|11/100
|cant|p1b: Rotom|slp
|
|-weather|SunnyDay|[upkeep]
|upkeep
|
|t:|1785388028
|switch|p2a: Basculegion|Basculegion, L50, M|100/100
|turn|5
|
|t:|1785388047
|switch|p2b: Pelipper|Pelipper, L50, M|100/100
|-weather|RainDance|[from] ability: Drizzle|[of] p2b: Pelipper
|move|p1a: Staraptor|Protect|p1a: Staraptor
|-singleturn|p1a: Staraptor|Protect
|move|p2a: Basculegion|Flip Turn|p1a: Staraptor
|-activate|p1a: Staraptor|move: Protect
|-curestatus|p1b: Rotom|slp|[msg]
|move|p1b: Rotom|Thunder|p2b: Pelipper
|-supereffective|p2b: Pelipper|2
|-damage|p2b: Pelipper|0 fnt
|faint|p2b: Pelipper
|
|-weather|RainDance|[upkeep]
|upkeep
|
|t:|1785388063
|switch|p2b: Charizard|Charizard-Mega-Y, L50, F|100/100
|-weather|SunnyDay|[from] ability: Drought|[of] p2b: Charizard
|turn|6
|inactive|IranianObama has 30 seconds left.
|inactive|IranianObama has 20 seconds left.
|inactive|IranianObama has 15 seconds left.
|
|t:|1785388107
|move|p2a: Basculegion|Flip Turn|p1a: Staraptor
|-damage|p1a: Staraptor|0 fnt
|faint|p1a: Staraptor
|move|p2b: Charizard|Solar Beam||[still]
|-prepare|p2b: Charizard|Solar Beam
|-anim|p2b: Charizard|Solar Beam|p1b: Rotom
|-supereffective|p1b: Rotom|1
|-damage|p1b: Rotom|0 fnt
|faint|p1b: Rotom
|
|-weather|SunnyDay|[upkeep]
|upkeep
|
|t:|1785388116
|switch|p1a: Incineroar|Incineroar, L50, M|100/100
|switch|p1b: Grimmsnarl|Grimmsnarl, L50, M|65/100
|-ability|p1a: Incineroar|Intimidate|boost
|-unboost|p2a: Basculegion|atk|1
|-unboost|p2b: Charizard|atk|1
|turn|7
|
|t:|1785388136
|move|p1b: Grimmsnarl|Fake Out|p2b: Charizard
|-damage|p2b: Charizard|83/100
|move|p2a: Basculegion|Flip Turn|p1a: Incineroar
|-supereffective|p1a: Incineroar|1
|-damage|p1a: Incineroar|71/100
|cant|p2b: Charizard|flinch
|move|p1a: Incineroar|Darkest Lariat|p2a: Basculegion
|-supereffective|p2a: Basculegion|1
|-damage|p2a: Basculegion|0 fnt
|faint|p2a: Basculegion
|
|-weather|SunnyDay|[upkeep]
|upkeep
|turn|8
|
|t:|1785388156
|move|p1b: Grimmsnarl|Light Screen||[still]
|-fail|p1b: Grimmsnarl
|move|p2b: Charizard|Weather Ball|p1b: Grimmsnarl
|-damage|p1b: Grimmsnarl|10/100
|move|p1a: Incineroar|Darkest Lariat|p2b: Charizard
|-damage|p2b: Charizard|14/100
|
|-weather|SunnyDay|[upkeep]
|upkeep
|turn|9
|-message|ssooner forfeited.
|
|win|IranianObama
|raw|IranianObama's rating: 1090 → 1124(+34 for winning)
|raw|ssooner's rating: 1197 → 1165(-32 for losing)
