|j|☆icemonggs
|j|☆thegreatestnone
|html|icemonggsthegreatestnone    
|uhtml|bestof|Game 2 of a best-of-3
|t:|1784999901
|gametype|doubles
|player|p1|icemonggs|cilan|1082
|player|p2|thegreatestnone|170|1265
|gen|9
|tier|[Gen 9 Champions] VGC 2026 Reg M-B (Bo3)
|rated|
|rule|Species Clause: Limit one of each Pokémon
|rule|Item Clause: Limit 1 of each item
|clearpoke
|poke|p1|Dragonite, L50, F, shiny|
|poke|p1|Toxapex, L50, M, shiny|
|poke|p1|Sneasler, L50, M|
|poke|p1|Kingambit, L50, F, shiny|
|poke|p1|Charizard, L50, M, shiny|
|poke|p1|Froslass, L50, F, shiny|
|poke|p2|Staraptor, L50, F|
|poke|p2|Vanilluxe, L50, M|
|poke|p2|Farigiraf, L50, F|
|poke|p2|Blastoise, L50, M|
|poke|p2|Kingambit, L50, M|
|poke|p2|Camerupt, L50, F|
|teampreview|4
|showteam|p1|Dragonite||LifeOrb|InnerFocus|DragonClaw,ExtremeSpeed,LowKick,Protect|Adamant||F|||50|]Toxapex||Leftovers|Regenerator|Infestation,Toxic,WideGuard,BanefulBunker|Bold||M|||50|]Sneasler||FocusSash|PoisonTouch|CloseCombat,PoisonJab,FakeOut,Protect|Jolly||M|||50|]Kingambit||BlackGlasses|Defiant|KowtowCleave,SwordsDance,SuckerPunch,Protect|Adamant||F|||50|]Charizard||CharizarditeY|Blaze|HeatWave,WeatherBall,SolarBeam,Protect|Modest||M|||50|]Froslass||Froslassite|CursedBody|Blizzard,ShadowBall,AuroraVeil,Protect|Modest||F|||50|
|showteam|p2|Staraptor||ChoiceScarf|Intimidate|FinalGambit,BraveBird,CloseCombat,Uturn|Jolly||F|||50|]Vanilluxe||NeverMeltIce|SnowWarning|Blizzard,FreezeDry,Protect,IceShard|Quiet||M|||50|]Farigiraf||SitrusBerry|ArmorTail|PsychicFangs,HyperVoice,HelpingHand,TrickRoom|Relaxed||F|||50|]Blastoise||Blastoisinite|RainDish|FakeOut,WaterSpout,AuraSphere,DarkPulse|Quiet||M|||50|]Kingambit||LifeOrb|Defiant|KowtowCleave,IronHead,Protect,SuckerPunch|Brave||M|||50|]Camerupt||Cameruptite|SolidRock|HeatWave,EarthPower,Protect,AncientPower|Quiet||F|||50|
|
|t:|1784999912
|teamsize|p1|4
|teamsize|p2|4
|start
|switch|p1a: Dragonite|Dragonite, L50, F, shiny|100/100
|switch|p1b: Froslass|Froslass, L50, F, shiny|100/100
|switch|p2a: Farigiraf|Farigiraf, L50, F|100/100
|switch|p2b: Staraptor|Staraptor, L50, F|100/100
|-ability|p2b: Staraptor|Intimidate|boost
|-fail|p1a: Dragonite|unboost|Attack|[from] ability: Inner Focus|[of] p1a: Dragonite
|-unboost|p1b: Froslass|atk|1
|turn|1
|
|t:|1784999926
|detailschange|p1b: Froslass|Froslass-Mega, L50, F, shiny
|-mega|p1b: Froslass|Froslass|Froslassite
|-weather|Snowscape|[from] ability: Snow Warning|[of] p1b: Froslass
|move|p1a: Dragonite|Protect|p1a: Dragonite
|-singleturn|p1a: Dragonite|Protect
|move|p2b: Staraptor|Final Gambit|p1a: Dragonite
|-activate|p1a: Dragonite|move: Protect
|move|p1b: Froslass|Aurora Veil|p1b: Froslass
|-sidestart|p1: icemonggs|move: Aurora Veil
|move|p2a: Farigiraf|Trick Room|p2a: Farigiraf
|-fieldstart|move: Trick Room|[of] p2a: Farigiraf
|
|-weather|Snowscape|[upkeep]
|upkeep
|turn|2
|
|t:|1784999944
|switch|p2b: Vanilluxe|Vanilluxe, L50, M|100/100
|move|p2a: Farigiraf|Hyper Voice|p1b: Froslass|[spread] p1a
|-immune|p1b: Froslass
|-damage|p1a: Dragonite|84/100
|move|p1a: Dragonite|Dragon Claw|p2a: Farigiraf
|-damage|p2a: Farigiraf|53/100
|-damage|p1a: Dragonite|75/100|[from] item: Life Orb
|move|p1b: Froslass|Blizzard|p2b: Vanilluxe|[spread] p2a,p2b
|-resisted|p2b: Vanilluxe|1
|-damage|p2a: Farigiraf|13/100
|-damage|p2b: Vanilluxe|76/100
|-enditem|p2a: Farigiraf|Sitrus Berry|[eat]
|-heal|p2a: Farigiraf|38/100|[from] item: Sitrus Berry
|
|-weather|Snowscape|[upkeep]
|upkeep
|turn|3
|
|t:|1784999954
|move|p2a: Farigiraf|Helping Hand|p2b: Vanilluxe
|-singleturn|p2b: Vanilluxe|Helping Hand|[of] p2a: Farigiraf
|move|p1a: Dragonite|Protect|p1a: Dragonite
|-singleturn|p1a: Dragonite|Protect
|move|p1b: Froslass|Protect|p1b: Froslass
|-singleturn|p1b: Froslass|Protect
|move|p2b: Vanilluxe|Blizzard|p1a: Dragonite|[spread] 
|-activate|p1a: Dragonite|move: Protect
|-activate|p1b: Froslass|move: Protect
|
|-weather|Snowscape|[upkeep]
|upkeep
|turn|4
|
|t:|1784999961
|switch|p1a: Kingambit|Kingambit, L50, F, shiny|100/100
|move|p2a: Farigiraf|Helping Hand|p2b: Vanilluxe
|-singleturn|p2b: Vanilluxe|Helping Hand|[of] p2a: Farigiraf
|move|p2b: Vanilluxe|Blizzard|p1a: Kingambit|[spread] p1a,p1b
|-resisted|p1a: Kingambit|1
|-resisted|p1b: Froslass|1
|-damage|p1a: Kingambit|74/100
|-damage|p1b: Froslass|72/100
|move|p1b: Froslass|Blizzard|p2b: Vanilluxe|[spread] p2a,p2b
|-resisted|p2b: Vanilluxe|1
|-damage|p2a: Farigiraf|1/100
|-damage|p2b: Vanilluxe|56/100
|
|-weather|Snowscape|[upkeep]
|upkeep
|turn|5
|
|t:|1784999976
|move|p1a: Kingambit|Protect|p1a: Kingambit
|-singleturn|p1a: Kingambit|Protect
|move|p1b: Froslass|Protect|p1b: Froslass
|-singleturn|p1b: Froslass|Protect
|move|p2a: Farigiraf|Psychic Fangs|p1b: Froslass
|-activate|p1b: Froslass|move: Protect
|move|p2b: Vanilluxe|Blizzard|p1b: Froslass|[spread] 
|-activate|p1a: Kingambit|move: Protect
|-activate|p1b: Froslass|move: Protect
|
|-weather|none
|-sideend|p1: icemonggs|move: Aurora Veil
|-fieldend|move: Trick Room
|upkeep
|turn|6
|
|t:|1784999981
|move|p1b: Froslass|Shadow Ball|p2b: Vanilluxe
|-damage|p2b: Vanilluxe|8/100
|move|p2b: Vanilluxe|Blizzard|p1a: Kingambit|[spread] p1b
|-miss|p2b: Vanilluxe|p1a: Kingambit
|-resisted|p1b: Froslass|1
|-damage|p1b: Froslass|47/100
|move|p1a: Kingambit|Kowtow Cleave|p2a: Farigiraf
|-supereffective|p2a: Farigiraf|1
|-damage|p2a: Farigiraf|0 fnt
|faint|p2a: Farigiraf
|
|upkeep
|
|t:|1784999986
|switch|p2a: Camerupt|Camerupt, L50, F|100/100
|turn|7
|
|t:|1784999997
|switch|p1a: Dragonite|Dragonite, L50, F, shiny|75/100
|detailschange|p2a: Camerupt|Camerupt-Mega, L50, F
|-mega|p2a: Camerupt|Camerupt|Cameruptite
|move|p1b: Froslass|Shadow Ball|p2b: Vanilluxe
|-damage|p2b: Vanilluxe|0 fnt
|faint|p2b: Vanilluxe
|move|p2a: Camerupt|Heat Wave|p1a: Dragonite|[spread] p1a,p1b
|-resisted|p1a: Dragonite|1
|-supereffective|p1b: Froslass|1
|-damage|p1a: Dragonite|49/100
|-damage|p1b: Froslass|0 fnt
|faint|p1b: Froslass
|
|upkeep
|
|t:|1785000053
|switch|p1b: Sneasler|Sneasler, L50, M|100/100
|switch|p2b: Staraptor|Staraptor, L50, F|100/100
|-ability|p2b: Staraptor|Intimidate|boost
|-fail|p1a: Dragonite|unboost|Attack|[from] ability: Inner Focus|[of] p1a: Dragonite
|-unboost|p1b: Sneasler|atk|1
|turn|8
|
|t:|1785000063
|move|p2a: Camerupt|Protect|p2a: Camerupt
|-singleturn|p2a: Camerupt|Protect
|move|p2b: Staraptor|Final Gambit|p1a: Dragonite
|-damage|p1a: Dragonite|0 fnt
|faint|p2b: Staraptor
|faint|p1a: Dragonite
|move|p1b: Sneasler|Close Combat|p2a: Camerupt
|-activate|p2a: Camerupt|move: Protect
|
|upkeep
|
|t:|1785000067
|switch|p1a: Kingambit|Kingambit, L50, F, shiny|74/100
|turn|9
|
|t:|1785000074
|move|p1a: Kingambit|Protect|p1a: Kingambit
|-singleturn|p1a: Kingambit|Protect
|move|p1b: Sneasler|Close Combat|p2a: Camerupt
|-damage|p2a: Camerupt|60/100
|-unboost|p1b: Sneasler|def|1
|-unboost|p1b: Sneasler|spd|1
|move|p2a: Camerupt|Heat Wave|p1a: Kingambit|[spread] p1b
|-activate|p1a: Kingambit|move: Protect
|-enditem|p1b: Sneasler|Focus Sash
|-damage|p1b: Sneasler|1/100
|
|upkeep
|turn|10
|
|t:|1785000087
|move|p1b: Sneasler|Close Combat|p2a: Camerupt
|-damage|p2a: Camerupt|19/100
|-unboost|p1b: Sneasler|def|1
|-unboost|p1b: Sneasler|spd|1
|move|p1a: Kingambit|Kowtow Cleave|p2a: Camerupt
|-damage|p2a: Camerupt|0 fnt
|faint|p2a: Camerupt
|
|win|icemonggs
|raw|icemonggs's rating: 1082 → 1123(+41 for winning)
|raw|thegreatestnone's rating: 1265 → 1228(-37 for losing)
|l|☆thegreatestnone
|player|p2|
