|j|☆gmariotti
|j|☆natsukookie
|html|gmariottinatsukookie    
|uhtml|bestof|Game 3 of a best-of-3
|t:|1785598309
|gametype|doubles
|player|p1|gmariotti|wattson|1118
|player|p2|natsukookie|102|1043
|gen|9
|tier|[Gen 9 Champions] VGC 2026 Reg M-B (Bo3)
|rated|
|rule|Species Clause: Limit one of each Pokémon
|rule|Item Clause: Limit 1 of each item
|clearpoke
|poke|p1|Basculegion, L50, M|
|poke|p1|Scizor, L50, F|
|poke|p1|Sneasler, L50, F|
|poke|p1|Garchomp, L50, F|
|poke|p1|Tyranitar, L50, F|
|poke|p1|Corviknight, L50, F|
|poke|p2|Hatterene, L50, F|
|poke|p2|Oranguru, L50, F|
|poke|p2|Mawile, L50, M|
|poke|p2|Kangaskhan, L50, F|
|poke|p2|Venusaur, L50, M|
|poke|p2|Torkoal, L50, M|
|teampreview|4
|showteam|p1|Basculegion||SitrusBerry|Adaptability|WaveCrash,LastRespects,AquaJet,Protect|Jolly||M|||50|]Scizor||LifeOrb|Technician|BulletPunch,BugBite,SwordsDance,Protect|Adamant||F|||50|]Sneasler||FocusSash|PoisonTouch|PoisonJab,CloseCombat,FakeOut,Protect|Jolly||F|||50|]Garchomp||Garchompite|RoughSkin|EarthPower,DracoMeteor,PowerGem,Protect|Modest||F|||50|]Tyranitar||ChoiceScarf|SandStream|RockSlide,KnockOff,IcePunch,Superpower|Jolly||F|||50|]Corviknight||Leftovers|MirrorArmor|IronHead,BraveBird,Tailwind,Protect|Bold||F|||50|
|showteam|p2|Hatterene||LifeOrb|MagicBounce|Protect,Psychic,TrickRoom,DazzlingGleam|Quiet||F|||50|]Oranguru||MentalHerb|InnerFocus|Protect,Instruct,Psychic,TrickRoom|Bold||F|||50|]Mawile||Mawilite|HyperCutter|SuckerPunch,PlayRough,Protect,IronHead|Brave||M|||50|]Kangaskhan||SilkScarf|Scrappy|LastResort,FakeOut|Brave||F|||50|]Venusaur||FocusSash|Chlorophyll|LeafStorm,SludgeBomb,SleepPowder,Protect|Modest||M|||50|]Torkoal||Charcoal|Drought|Eruption,Protect,EarthPower,HeatWave|Quiet||M|||50|
|inactive|Battle timer is ON: inactive players will automatically lose when time's up. (requested by gmariotti)
|inactive|natsukookie has 60 seconds left.
|
|t:|1785598349
|teamsize|p1|4
|teamsize|p2|4
|start
|switch|p1a: Sneasler|Sneasler, L50, F|100/100
|switch|p1b: Tyranitar|Tyranitar, L50, F|100/100
|switch|p2a: Kangaskhan|Kangaskhan, L50, F|100/100
|switch|p2b: Venusaur|Venusaur, L50, M|100/100
|-weather|Sandstorm|[from] ability: Sand Stream|[of] p1b: Tyranitar
|turn|1
|inactive|gmariotti has 30 seconds left.
|inactive|natsukookie has 30 seconds left.
|inactive|gmariotti has 20 seconds left.
|inactive|natsukookie has 20 seconds left.
|inactive|gmariotti has 15 seconds left.
|inactive|natsukookie has 15 seconds left.
|inactive|natsukookie has 10 seconds left.
|
|t:|1785598399
|move|p1a: Sneasler|Fake Out|p2b: Venusaur
|-damage|p2b: Venusaur|80/100
|move|p2a: Kangaskhan|Fake Out|p1a: Sneasler
|-damage|p1a: Sneasler|61/100
|move|p1b: Tyranitar|Superpower|p2a: Kangaskhan
|-supereffective|p2a: Kangaskhan|1
|-damage|p2a: Kangaskhan|19/100
|-unboost|p1b: Tyranitar|atk|1
|-unboost|p1b: Tyranitar|def|1
|cant|p2b: Venusaur|flinch
|
|-weather|Sandstorm|[upkeep]
|-damage|p1a: Sneasler|55/100|[from] Sandstorm
|-damage|p2b: Venusaur|74/100|[from] Sandstorm
|-damage|p2a: Kangaskhan|13/100|[from] Sandstorm
|upkeep
|turn|2
|inactive|gmariotti has 30 seconds left.
|inactive|natsukookie has 30 seconds left.
|
|t:|1785598432
|move|p1a: Sneasler|Poison Jab|p2b: Venusaur
|-damage|p2b: Venusaur|18/100
|move|p1b: Tyranitar|Superpower|p2a: Kangaskhan
|-supereffective|p2a: Kangaskhan|1
|-damage|p2a: Kangaskhan|0 fnt
|-unboost|p1b: Tyranitar|atk|1
|-unboost|p1b: Tyranitar|def|1
|faint|p2a: Kangaskhan
|move|p2b: Venusaur|Leaf Storm|p1b: Tyranitar
|-supereffective|p1b: Tyranitar|1
|-damage|p1b: Tyranitar|20/100r
|-unboost|p2b: Venusaur|spa|2
|
|-weather|Sandstorm|[upkeep]
|-damage|p1a: Sneasler|49/100|[from] Sandstorm
|-damage|p2b: Venusaur|12/100|[from] Sandstorm
|upkeep
|
|t:|1785598449
|switch|p2a: Oranguru|Oranguru, L50, F|100/100
|turn|3
|inactive|gmariotti has 30 seconds left.
|
|t:|1785598476
|switch|p1b: Scizor|Scizor, L50, F|100/100
|move|p1a: Sneasler|Protect|p1a: Sneasler
|-singleturn|p1a: Sneasler|Protect
|move|p2b: Venusaur|Protect|p2b: Venusaur
|-singleturn|p2b: Venusaur|Protect
|move|p2a: Oranguru|Trick Room|p2a: Oranguru
|-fieldstart|move: Trick Room|[of] p2a: Oranguru
|
|-weather|Sandstorm|[upkeep]
|-damage|p2a: Oranguru|93/100|[from] Sandstorm
|-damage|p2b: Venusaur|7/100|[from] Sandstorm
|-damage|p1a: Sneasler|43/100|[from] Sandstorm
|upkeep
|turn|4
|inactive|gmariotti has 30 seconds left.
|
|t:|1785598507
|move|p2a: Oranguru|Psychic|p1a: Sneasler
|-supereffective|p1a: Sneasler|2
|-damage|p1a: Sneasler|0 fnt
|faint|p1a: Sneasler
|move|p1b: Scizor|Bug Bite|p2a: Oranguru
|-supereffective|p2a: Oranguru|1
|-damage|p2a: Oranguru|0 fnt
|faint|p2a: Oranguru
|-damage|p1b: Scizor|90/100|[from] item: Life Orb
|move|p2b: Venusaur|Sleep Powder|p1b: Scizor
|-status|p1b: Scizor|slp|[from] move: Sleep Powder
|
|-weather|Sandstorm|[upkeep]
|-damage|p2b: Venusaur|1/100|[from] Sandstorm
|upkeep
|
|t:|1785598527
|switch|p2a: Torkoal|Torkoal, L50, M|100/100
|switch|p1a: Garchomp|Garchomp, L50, F|100/100
|-weather|SunnyDay|[from] ability: Drought|[of] p2a: Torkoal
|turn|5
|inactive|natsukookie has 30 seconds left.
|
|t:|1785598559
|switch|p1b: Tyranitar|Tyranitar, L50, F|20/100r
|-weather|Sandstorm|[from] ability: Sand Stream|[of] p1b: Tyranitar
|move|p1a: Garchomp|Protect|p1a: Garchomp
|-singleturn|p1a: Garchomp|Protect
|move|p2a: Torkoal|Eruption|p1b: Tyranitar|[spread] p1b
|-activate|p1a: Garchomp|move: Protect
|-resisted|p1b: Tyranitar|1
|-damage|p1b: Tyranitar|1/100
|move|p2b: Venusaur|Sleep Powder|p1a: Garchomp
|-activate|p1a: Garchomp|move: Protect
|
|-weather|Sandstorm|[upkeep]
|-damage|p2a: Torkoal|93/100|[from] Sandstorm
|-damage|p2b: Venusaur|0 fnt|[from] Sandstorm
|faint|p2b: Venusaur
|upkeep
|turn|6
|inactive|gmariotti has 30 seconds left.
|
|t:|1785598585
|detailschange|p1a: Garchomp|Garchomp-Mega, L50, F
|-mega|p1a: Garchomp|Garchomp|Garchompite
|move|p2a: Torkoal|Eruption|p1b: Tyranitar|[spread] p1a,p1b
|-resisted|p1a: Garchomp|1
|-resisted|p1b: Tyranitar|1
|-damage|p1a: Garchomp|72/100
|-damage|p1b: Tyranitar|0 fnt
|faint|p1b: Tyranitar
|move|p1a: Garchomp|Earth Power|p2a: Torkoal
|-supereffective|p2a: Torkoal|1
|-damage|p2a: Torkoal|0 fnt
|faint|p2a: Torkoal
|
|win|gmariotti
|raw|gmariotti's rating: 1118 → 1138(+20 for winning)
|raw|natsukookie's rating: 1043 → 1030(-13 for losing)
|l|☆gmariotti
|player|p1|
