|j|☆Thiaguitoomencito
|j|☆matecrack1982
|html|Thiaguitoomencitomatecrack1982    
|uhtml|bestof|Game 2 of a best-of-3
|t:|1757829010
|gametype|doubles
|player|p1|Thiaguitoomencito|steven|
|player|p2|matecrack1982|2|
|gen|9
|tier|[Gen 9] VGC 2025 Reg H (Bo3)
|rule|Species Clause: Limit one of each Pokémon
|rule|Item Clause: Limit 1 of each item
|clearpoke
|poke|p1|Tatsugiri, L50, F|
|poke|p1|Dondozo, L50, F|
|poke|p1|Rampardos, L50, F|
|poke|p1|Farigiraf, L50, F|
|poke|p1|Chandelure, L50, F|
|poke|p1|Whimsicott, L50, F|
|poke|p2|Sneasler, L50, F|
|poke|p2|Electabuzz, L50, F|
|poke|p2|Ursaluna-Bloodmoon, L50, M|
|poke|p2|Incineroar, L50, M|
|poke|p2|Talonflame, L50, F|
|poke|p2|Indeedee, L50, M|
|teampreview|4
|showteam|p1|Tatsugiri||AssaultVest|Commander|MuddyWater,DracoMeteor,MirrorCoat,IcyWind|||F|||50|,,,,,Steel]Dondozo||Leftovers|Unaware|WaveCrash,Earthquake,OrderUp,Protect|||F|||50|,,,,,Water]Rampardos||LifeOrb|SheerForce|RockSlide,Earthquake,SupercellSlam,Protect|||F|||50|,,,,,Rock]Farigiraf||MentalHerb|ArmorTail|TrickRoom,HyperVoice,Psychic,Protect|||F|||50|,,,,,Normal]Chandelure||Charcoal|Infiltrator|HeatWave,Overheat,ShadowBall,Protect|||F|||50|,,,,,Ghost]Whimsicott||CovertCloak|Prankster|Tailwind,Taunt,Encore,Moonblast|||F|||50|,,,,,Grass
|showteam|p2|Sneasler||PsychicSeed|Unburden|Protect,CloseCombat,DireClaw,ThroatChop|||F|||50|,,,,,Dark]Electabuzz||Eviolite|VitalSpirit|Electroweb,Taunt,FollowMe,Protect|||F|||50|,,,,,Dragon]Ursaluna-Bloodmoon||LifeOrb|MindsEye|EarthPower,BloodMoon,Protect,HyperVoice|||M|||50|,,,,,Normal]Incineroar||SafetyGoggles|Intimidate|FakeOut,FlareBlitz,KnockOff,PartingShot|||M|||50|,,,,,Ghost]Talonflame||CovertCloak|GaleWings|DualWingbeat,Tailwind,WillOWisp,FlareBlitz|||F|||50|,,,,,Fairy]Indeedee||FocusSash|PsychicSurge|ExpandingForce,HelpingHand,TrickRoom,Protect|||M|||50|,,,,,Psychic
|
|t:|1757829020
|teamsize|p1|4
|teamsize|p2|4
|start
|switch|p1a: Rampardos|Rampardos, L50, F|100/100
|switch|p1b: Farigiraf|Farigiraf, L50, F|100/100
|switch|p2a: Sneasler|Sneasler, L50, F|100/100
|switch|p2b: Indeedee|Indeedee, L50, M|100/100
|-fieldstart|move: Psychic Terrain|[from] ability: Psychic Surge|[of] p2b: Indeedee
|-enditem|p2a: Sneasler|Psychic Seed
|-boost|p2a: Sneasler|spd|1|[from] item: Psychic Seed
|turn|1
|
|t:|1757829081
|move|p2a: Sneasler|Protect|p2a: Sneasler
|-singleturn|p2a: Sneasler|Protect
|move|p2b: Indeedee|Expanding Force|p1b: Farigiraf|[spread] p1a,p1b
|-resisted|p1b: Farigiraf
|-damage|p1a: Rampardos|17/100
|-damage|p1b: Farigiraf|75/100
|move|p1a: Rampardos|Supercell Slam|p2a: Sneasler
|-activate|p2a: Sneasler|move: Protect
|-damage|p1a: Rampardos|0 fnt|[from] supercellslam
|faint|p1a: Rampardos
|move|p1b: Farigiraf|Trick Room|p1b: Farigiraf
|-fieldstart|move: Trick Room|[of] p1b: Farigiraf
|
|upkeep
|
|t:|1757829093
|switch|p1a: Dondozo|Dondozo, L50, F|100/100
|turn|2
|
|t:|1757829145
|switch|p2a: Ursaluna|Ursaluna-Bloodmoon, L50, M|100/100
|-terastallize|p1a: Dondozo|Water
|move|p1a: Dondozo|Wave Crash|p2b: Indeedee
|-enditem|p2b: Indeedee|Focus Sash
|-damage|p2b: Indeedee|1/100
|-damage|p1a: Dondozo|83/100|[from] Recoil
|move|p1b: Farigiraf|Psychic|p2a: Ursaluna
|-damage|p2a: Ursaluna|25/100
|move|p2b: Indeedee|Trick Room|p2b: Indeedee
|-fieldend|move: Trick Room
|
|-heal|p1a: Dondozo|90/100|[from] item: Leftovers
|upkeep
|turn|3
|
|t:|1757829199
|move|p1a: Dondozo|Protect|p1a: Dondozo
|-singleturn|p1a: Dondozo|Protect
|move|p2b: Indeedee|Expanding Force|p1a: Dondozo|[spread] p1b
|-activate|p1a: Dondozo|move: Protect
|-resisted|p1b: Farigiraf
|-damage|p1b: Farigiraf|45/100
|move|p2a: Ursaluna|Hyper Voice|p1a: Dondozo|[spread] p1b
|-activate|p1a: Dondozo|move: Protect
|-damage|p1b: Farigiraf|0 fnt
|faint|p1b: Farigiraf
|-damage|p2a: Ursaluna|16/100|[from] item: Life Orb
|
|-heal|p1a: Dondozo|96/100|[from] item: Leftovers
|upkeep
|
|t:|1757829211
|switch|p1b: Tatsugiri|Tatsugiri, L50, F|100/100
|-activate|p1b: Tatsugiri|ability: Commander|[of] p1a: Dondozo
|-boost|p1a: Dondozo|atk|2
|-boost|p1a: Dondozo|spa|2
|-boost|p1a: Dondozo|spe|2
|-boost|p1a: Dondozo|def|2
|-boost|p1a: Dondozo|spd|2
|turn|4
|
|t:|1757829246
|-terastallize|p2a: Ursaluna|Normal
|move|p2b: Indeedee|Helping Hand|p2a: Ursaluna
|-singleturn|p2a: Ursaluna|Helping Hand|[of] p2b: Indeedee
|move|p1a: Dondozo|Earthquake|p2a: Ursaluna|[spread] p2a,p2b
|-miss|p1a: Dondozo|p1b: Tatsugiri
|-damage|p2a: Ursaluna|0 fnt
|-damage|p2b: Indeedee|0 fnt
|faint|p2a: Ursaluna
|faint|p2b: Indeedee
|
|-heal|p1a: Dondozo|100/100|[from] item: Leftovers
|upkeep
|
|t:|1757829258
|switch|p2b: Talonflame|Talonflame, L50, F|100/100
|switch|p2a: Sneasler|Sneasler, L50, F|100/100
|turn|5
|
|t:|1757829315
|move|p2b: Talonflame|Tailwind|p2b: Talonflame
|-sidestart|p2: matecrack1982|move: Tailwind
|move|p2a: Sneasler|Dire Claw|p1b: Tatsugiri|[miss]
|-miss|p2a: Sneasler|p1b: Tatsugiri
|move|p1a: Dondozo|Wave Crash|p2b: Talonflame
|-supereffective|p2b: Talonflame
|-damage|p2b: Talonflame|0 fnt
|faint|p2b: Talonflame
|-damage|p1a: Dondozo|77/100|[from] Recoil
|
|-heal|p1a: Dondozo|84/100|[from] item: Leftovers
|-fieldend|move: Psychic Terrain
|upkeep
|turn|6
|
|t:|1757829335
|move|p2a: Sneasler|Close Combat|p1a: Dondozo
|-damage|p1a: Dondozo|63/100
|-unboost|p2a: Sneasler|def|1
|-unboost|p2a: Sneasler|spd|1
|move|p1a: Dondozo|Order Up|p2a: Sneasler
|-damage|p2a: Sneasler|33/100
|-boost|p1a: Dondozo|atk|1
|
|-heal|p1a: Dondozo|69/100|[from] item: Leftovers
|upkeep
|turn|7
|
|t:|1757829350
|move|p2a: Sneasler|Dire Claw|p1a: Dondozo
|-damage|p1a: Dondozo|54/100
|-status|p1a: Dondozo|psn
|move|p1a: Dondozo|Order Up|p2a: Sneasler
|-damage|p2a: Sneasler|0 fnt
|faint|p2a: Sneasler
|
|win|Thiaguitoomencito
|l|☆matecrack1982
|player|p2|
|l|☆Thiaguitoomencito
|player|p1|
