|j|☆sopa de moscas
|j|☆TeyVgc
|html|sopa de moscasTeyVgc    
|uhtml|bestof|Game 1 of a best-of-3
|t:|1783175797
|gametype|doubles
|player|p1|sopa de moscas|miku-ghost|1351
|player|p2|TeyVgc|rood|1240
|gen|9
|tier|[Gen 9 Champions] VGC 2026 Reg M-B (Bo3)
|rated|
|rule|Species Clause: Limit one of each Pokémon
|rule|Item Clause: Limit 1 of each item
|clearpoke
|poke|p1|Incineroar, L50, F|
|poke|p1|Farigiraf, L50, M|
|poke|p1|Torkoal, L50, M|
|poke|p1|Floette-Eternal, L50, F|
|poke|p1|Maushold-Four, L50|
|poke|p1|Golurk, L50|
|poke|p2|Excadrill, L50, F|
|poke|p2|Tyranitar, L50, M|
|poke|p2|Staraptor, L50, F|
|poke|p2|Sinistcha, L50|
|poke|p2|Milotic, L50, F|
|poke|p2|Gholdengo, L50|
|teampreview|4
|showteam|p1|Incineroar||ChopleBerry|Intimidate|ThroatChop,FakeOut,FlareBlitz,PartingShot|Careful||F|||50|]Farigiraf||SitrusBerry|ArmorTail|Thunderbolt,Psychic,TrickRoom,Protect|Sassy||M|||50|]Torkoal||Charcoal|Drought|Eruption,HeatWave,WeatherBall,Protect|Quiet||M|||50|]Floette-Eternal||Floettite|FlowerVeil|Moonblast,DazzlingGleam,LightofRuin,Protect|Modest||F|||50|]Maushold-Four||WideLens|Technician|PopulationBomb,FollowMe,HelpingHand,Protect|Jolly|||||50|]Golurk||LifeOrb|NoGuard|HeadlongRush,Poltergeist,Protect,StoneEdge|Brave|||||50|
|showteam|p2|Excadrill||FocusSash|SandRush|Earthquake,IronHead,RockSlide,Protect|Adamant||F|||50|]Tyranitar||Tyranitarite|SandStream|RockSlide,KnockOff,DragonDance,Protect|Adamant||M|||50|]Staraptor||Staraptite|Intimidate|BraveBird,CloseCombat,Tailwind,Protect|Jolly||F|||50|]Sinistcha||SitrusBerry|Hospitality|MatchaGotcha,RagePowder,LifeDew,TrickRoom|Calm|||||50|]Milotic||Leftovers|Competitive|Scald,IceBeam,Recover,Protect|Modest||F|||50|]Gholdengo||LifeOrb|GoodasGold|MakeItRain,ShadowBall,NastyPlot,Protect|Modest|||||50|
|inactive|Battle timer is ON: inactive players will automatically lose when time's up. (requested by sopa de moscas)
|inactive|TeyVgc has 60 seconds left.
|
|t:|1783175869
|teamsize|p1|4
|teamsize|p2|4
|start
|switch|p1a: Incineroar|Incineroar, L50, F|100/100
|switch|p1b: Farigiraf|Farigiraf, L50, M|100/100
|switch|p2a: Milotic|Milotic, L50, F|100/100
|switch|p2b: Tyranitar|Tyranitar, L50, M|100/100
|-ability|p1a: Incineroar|Intimidate|boost
|-unboost|p2a: Milotic|atk|1
|-ability|p2a: Milotic|Competitive|boost
|-boost|p2a: Milotic|spa|2
|-unboost|p2b: Tyranitar|atk|1
|-weather|Sandstorm|[from] ability: Sand Stream|[of] p2b: Tyranitar
|turn|1
|
|t:|1783175888
|switch|p2b: Gholdengo|Gholdengo, L50|100/100
|move|p1a: Incineroar|Fake Out|p2b: Gholdengo
|-immune|p2b: Gholdengo
|move|p2a: Milotic|Scald|p1a: Incineroar
|-supereffective|p1a: Incineroar|1
|-damage|p1a: Incineroar|0 fnt
|faint|p1a: Incineroar
|move|p1b: Farigiraf|Thunderbolt|p2a: Milotic
|-supereffective|p2a: Milotic|1
|-damage|p2a: Milotic|66/100
|
|-weather|Sandstorm|[upkeep]
|-damage|p2a: Milotic|60/100|[from] Sandstorm
|-damage|p1b: Farigiraf|93/100|[from] Sandstorm
|-heal|p2a: Milotic|66/100|[from] item: Leftovers
|upkeep
|
|t:|1783175895
|switch|p1a: Golurk|Golurk, L50|100/100
|turn|2
|
|t:|1783175905
|move|p1a: Golurk|Protect|p1a: Golurk
|-singleturn|p1a: Golurk|Protect
|move|p2b: Gholdengo|Make It Rain|p1b: Farigiraf|[spread] p1b
|-activate|p1a: Golurk|move: Protect
|-damage|p1b: Farigiraf|31/100
|-unboost|p2b: Gholdengo|spa|2
|-enditem|p1b: Farigiraf|Sitrus Berry|[eat]
|-heal|p1b: Farigiraf|55/100|[from] item: Sitrus Berry
|-damage|p2b: Gholdengo|90/100|[from] item: Life Orb
|move|p2a: Milotic|Scald|p1a: Golurk
|-activate|p1a: Golurk|move: Protect
|move|p1b: Farigiraf|Trick Room|p1b: Farigiraf
|-fieldstart|move: Trick Room|[of] p1b: Farigiraf
|
|-weather|Sandstorm|[upkeep]
|-damage|p1b: Farigiraf|49/100|[from] Sandstorm
|-damage|p2a: Milotic|60/100|[from] Sandstorm
|-heal|p2a: Milotic|66/100|[from] item: Leftovers
|upkeep
|turn|3
|inactive|sopa de moscas has 30 seconds left.
|
|t:|1783175931
|switch|p2b: Sinistcha|Sinistcha, L50|100/100
|-heal|p2a: Milotic|91/100|[from] ability: Hospitality|[of] p2b: Sinistcha
|move|p1a: Golurk|Poltergeist|p2a: Milotic
|-activate|p2a: Milotic|move: Poltergeist|Leftovers
|-damage|p2a: Milotic|18/100
|-damage|p1a: Golurk|90/100|[from] item: Life Orb
|move|p1b: Farigiraf|Thunderbolt|p2b: Sinistcha
|-resisted|p2b: Sinistcha|1
|-damage|p2b: Sinistcha|90/100
|move|p2a: Milotic|Scald|p1a: Golurk
|-supereffective|p1a: Golurk|1
|-damage|p1a: Golurk|0 fnt
|faint|p1a: Golurk
|
|-weather|Sandstorm|[upkeep]
|-damage|p1b: Farigiraf|43/100|[from] Sandstorm
|-damage|p2b: Sinistcha|84/100|[from] Sandstorm
|-damage|p2a: Milotic|12/100|[from] Sandstorm
|-heal|p2a: Milotic|18/100|[from] item: Leftovers
|upkeep
|
|t:|1783175935
|switch|p1a: Floette|Floette-Eternal, L50, F|100/100
|turn|4
|
|t:|1783175952
|detailschange|p1a: Floette|Floette-Mega, L50, F
|-mega|p1a: Floette|Floette|Floettite
|-ability|p1a: Floette|Fairy Aura
|move|p2a: Milotic|Protect|p2a: Milotic
|-singleturn|p2a: Milotic|Protect
|move|p2b: Sinistcha|Life Dew|p2b: Sinistcha|[spread] p2a,p2b
|-heal|p2a: Milotic|44/100
|-heal|p2b: Sinistcha|100/100
|move|p1a: Floette|Dazzling Gleam|p2a: Milotic|[spread] p2b
|-activate|p2a: Milotic|move: Protect
|-damage|p2b: Sinistcha|55/100
|move|p1b: Farigiraf|Trick Room|p1b: Farigiraf
|-fieldend|move: Trick Room
|
|-weather|Sandstorm|[upkeep]
|-damage|p1a: Floette|94/100|[from] Sandstorm
|-damage|p2a: Milotic|38/100|[from] Sandstorm
|-damage|p2b: Sinistcha|49/100|[from] Sandstorm
|-damage|p1b: Farigiraf|37/100|[from] Sandstorm
|-enditem|p2b: Sinistcha|Sitrus Berry|[eat]
|-heal|p2b: Sinistcha|74/100|[from] item: Sitrus Berry
|-heal|p2a: Milotic|44/100|[from] item: Leftovers
|upkeep
|turn|5
|
|t:|1783175976
|move|p1a: Floette|Dazzling Gleam|p2a: Milotic|[spread] p2a,p2b
|-damage|p2a: Milotic|6/100
|-damage|p2b: Sinistcha|33/100
|move|p2a: Milotic|Scald|p1a: Floette
|-damage|p1a: Floette|46/100
|move|p2b: Sinistcha|Matcha Gotcha|p1a: Floette|[spread] p1a,p1b
|-damage|p1a: Floette|30/100
|-heal|p2b: Sinistcha|41/100|[from] drain|[of] p1a: Floette
|-damage|p1b: Farigiraf|16/100
|-heal|p2b: Sinistcha|54/100|[from] drain|[of] p1b: Farigiraf
|-status|p1b: Farigiraf|brn
|move|p1b: Farigiraf|Thunderbolt|p2a: Milotic
|-supereffective|p2a: Milotic|1
|-damage|p2a: Milotic|0 fnt
|faint|p2a: Milotic
|
|-weather|none
|-damage|p1b: Farigiraf|10/100 brn|[from] brn
|upkeep
|-message|sopa de moscas forfeited.
|
|win|TeyVgc
|l|☆sopa de moscas
|player|p1|
||sopa de moscas is ready for game 2.
||TeyVgc is ready for game 2.
|uhtml|next|Next: Game 2 of 3
|l|☆TeyVgc
|player|p2|
|j|☆sopa de moscas
|player|p1|sopa de moscas|miku-ghost|
