|j|☆TeyOnTheRox
|j|☆raucho
|html|TeyOnTheRoxraucho    
|uhtml|bestof|Game 2 of a best-of-3
|t:|1757744213
|gametype|doubles
|player|p1|TeyOnTheRox|benga|1172
|player|p2|raucho|n|1211
|gen|9
|tier|[Gen 9] VGC 2025 Reg H (Bo3)
|rated|
|rule|Species Clause: Limit one of each Pokémon
|rule|Item Clause: Limit 1 of each item
|clearpoke
|poke|p1|Tyranitar, L50, M|
|poke|p1|Excadrill, L50, F|
|poke|p1|Sneasler, L50, F|
|poke|p1|Indeedee, L50, M|
|poke|p1|Corviknight, L50, F|
|poke|p1|Annihilape, L50, M|
|poke|p2|Gholdengo, L50|
|poke|p2|Whimsicott, L50, F|
|poke|p2|Indeedee, L50, M|
|poke|p2|Sneasler, L50, M|
|poke|p2|Electabuzz, L50, M|
|poke|p2|Ursaluna-Bloodmoon, L50, M|
|teampreview|4
|showteam|p1|Tyranitar||AssaultVest|SandStream|RockSlide,KnockOff,TeraBlast,LowKick|||M|||50|,,,,,Flying]Excadrill||FocusSash|SandRush|IronHead,HighHorsepower,Earthquake,Protect|||F|||50|,,,,,Stellar]Sneasler||PsychicSeed|Unburden|DireClaw,CloseCombat,ThroatChop,Protect|||F|||50|,,,,,Dark]Indeedee||ChoiceScarf|PsychicSurge|ExpandingForce,TeraBlast,Protect,Trick|||M|||50|,,,,,Psychic]Corviknight||Leftovers|MirrorArmor|BraveBird,BulkUp,Roost,Tailwind|||F|||50|,,,,,Dragon]Annihilape||SafetyGoggles|Defiant|CloseCombat,FinalGambit,RageFist,Taunt|||M|||50|,,,,,Water
|showteam|p2|Gholdengo||IronPlate|GoodasGold|MakeItRain,ShadowBall,NastyPlot,Protect||||||50|,,,,,Dragon]Whimsicott||CovertCloak|Prankster|Moonblast,Tailwind,LightScreen,Encore|||F|||50|,,,,,Rock]Indeedee||FocusSash|PsychicSurge|ExpandingForce,Imprison,TrickRoom,Protect|||M|||50|,,,,,Psychic]Sneasler||PsychicSeed|Unburden|ThroatChop,CloseCombat,DireClaw,Protect|||M|||50|,,,,,Dark]Electabuzz||Eviolite|VitalSpirit|Electroweb,Taunt,FollowMe,Protect|||M|||50|,,,,,Dragon]Ursaluna-Bloodmoon||LifeOrb|MindsEye|HyperVoice,BloodMoon,EarthPower,Protect|||M|||50|,,,,,Normal
|inactive|Battle timer is ON: inactive players will automatically lose when time's up. (requested by raucho)
|inactive|TeyOnTheRox has 60 seconds left.
|
|t:|1757744268
|teamsize|p1|4
|teamsize|p2|4
|start
|switch|p1a: Cars II|Corviknight, L50, F|100/100
|switch|p1b: Cachiiga|Annihilape, L50, M|100/100
|switch|p2a: Whimsicott|Whimsicott, L50, F, shiny|100/100
|switch|p2b: Ursaluna|Ursaluna-Bloodmoon, L50, M|100/100
|turn|1
|inactive|TeyOnTheRox has 30 seconds left.
|inactive|TeyOnTheRox has 20 seconds left.
|inactive|TeyOnTheRox has 15 seconds left.
|inactive|TeyOnTheRox has 10 seconds left.
|inactive|TeyOnTheRox has 5 seconds left.
|
|t:|1757744321
|-terastallize|p2b: Ursaluna|Normal
|move|p2a: Whimsicott|Tailwind|p2a: Whimsicott
|-sidestart|p2: raucho|move: Tailwind
|move|p2b: Ursaluna|Blood Moon|p1b: Cachiiga
|-damage|p1b: Cachiiga|0 fnt
|faint|p1b: Cachiiga
|-damage|p2b: Ursaluna|91/100|[from] item: Life Orb
|move|p1a: Cars II|Bulk Up|p1a: Cars II
|-boost|p1a: Cars II|atk|1
|-boost|p1a: Cars II|def|1
|
|upkeep
|
|t:|1757744341
|switch|p1b: Doc Hudson|Tyranitar, L50, M, shiny|100/100
|-weather|Sandstorm|[from] ability: Sand Stream|[of] p1b: Doc Hudson
|turn|2
|
|t:|1757744356
|-terastallize|p1b: Doc Hudson|Flying
|move|p2a: Whimsicott|Encore|p1a: Cars II
|-start|p1a: Cars II|Encore
|move|p2b: Ursaluna|Earth Power|p1b: Doc Hudson
|-immune|p1b: Doc Hudson
|move|p1b: Doc Hudson|Low Kick|p2b: Ursaluna
|-supereffective|p2b: Ursaluna
|-damage|p2b: Ursaluna|17/100
|move|p1a: Cars II|Bulk Up|p1a: Cars II
|-boost|p1a: Cars II|atk|1
|-boost|p1a: Cars II|def|1
|
|-weather|Sandstorm|[upkeep]
|-damage|p2a: Whimsicott|95/100|[from] Sandstorm
|-damage|p2b: Ursaluna|11/100|[from] Sandstorm
|-damage|p1b: Doc Hudson|95/100|[from] Sandstorm
|upkeep
|turn|3
|
|t:|1757744379
|move|p2a: Whimsicott|Moonblast|p1b: Doc Hudson
|-damage|p1b: Doc Hudson|77/100
|move|p2b: Ursaluna|Blood Moon|p1b: Doc Hudson
|-damage|p1b: Doc Hudson|0 fnt
|faint|p1b: Doc Hudson
|-damage|p2b: Ursaluna|2/100|[from] item: Life Orb
|move|p1a: Cars II|Bulk Up|p1a: Cars II
|-boost|p1a: Cars II|atk|1
|-boost|p1a: Cars II|def|1
|
|-weather|Sandstorm|[upkeep]
|-damage|p2a: Whimsicott|89/100|[from] Sandstorm
|-damage|p2b: Ursaluna|0 fnt|[from] Sandstorm
|faint|p2b: Ursaluna
|upkeep
|
|t:|1757744399
|switch|p1b: Toe Master|Excadrill, L50, F|100/100
|switch|p2b: Sneasler|Sneasler, L50, M, shiny|100/100
|turn|4
|
|t:|1757744412
|move|p2b: Sneasler|Close Combat|p1b: Toe Master
|-supereffective|p1b: Toe Master
|-enditem|p1b: Toe Master|Focus Sash
|-damage|p1b: Toe Master|1/100
|-unboost|p2b: Sneasler|def|1
|-unboost|p2b: Sneasler|spd|1
|move|p2a: Whimsicott|Moonblast|p1b: Toe Master
|-resisted|p1b: Toe Master
|-damage|p1b: Toe Master|0 fnt
|faint|p1b: Toe Master
|move|p1a: Cars II|Bulk Up|p1a: Cars II
|-boost|p1a: Cars II|atk|1
|-boost|p1a: Cars II|def|1
|
|-weather|Sandstorm|[upkeep]
|-damage|p2b: Sneasler|95/100|[from] Sandstorm
|-damage|p2a: Whimsicott|83/100|[from] Sandstorm
|-end|p1a: Cars II|Encore
|-sideend|p2: raucho|move: Tailwind
|upkeep
|turn|5
|
|t:|1757744431
|move|p2a: Whimsicott|Encore|p1a: Cars II
|-start|p1a: Cars II|Encore
|move|p2b: Sneasler|Close Combat|p1a: Cars II
|-damage|p1a: Cars II|84/100
|-unboost|p2b: Sneasler|def|1
|-unboost|p2b: Sneasler|spd|1
|move|p1a: Cars II|Bulk Up|p1a: Cars II
|-boost|p1a: Cars II|atk|1
|-boost|p1a: Cars II|def|1
|
|-weather|Sandstorm|[upkeep]
|-damage|p2b: Sneasler|89/100|[from] Sandstorm
|-damage|p2a: Whimsicott|77/100|[from] Sandstorm
|-heal|p1a: Cars II|90/100|[from] item: Leftovers
|upkeep
|turn|6
|
|t:|1757744443
|move|p2b: Sneasler|Close Combat|p1a: Cars II
|-damage|p1a: Cars II|73/100
|-unboost|p2b: Sneasler|def|1
|-unboost|p2b: Sneasler|spd|1
|move|p2a: Whimsicott|Moonblast|p1a: Cars II
|-resisted|p1a: Cars II
|-damage|p1a: Cars II|60/100
|-ability|p1a: Cars II|Mirror Armor
|-unboost|p2a: Whimsicott|spa|1
|move|p1a: Cars II|Bulk Up|p1a: Cars II
|-boost|p1a: Cars II|atk|1
|-boost|p1a: Cars II|def|1
|
|-weather|none
|-heal|p1a: Cars II|66/100|[from] item: Leftovers
|upkeep
|turn|7
|-message|TeyOnTheRox forfeited.
|
|win|raucho
