|j|☆pawmifleet
|j|☆Elju
|html|pawmifleetElju    
|uhtml|bestof|Game 2 of a best-of-3
|t:|1784121558
|gametype|doubles
|player|p1|pawmifleet|fisherman-gen4|1171
|player|p2|Elju|170|1235
|gen|9
|tier|[Gen 9 Champions] VGC 2026 Reg M-B (Bo3)
|rated|
|rule|Species Clause: Limit one of each Pokémon
|rule|Item Clause: Limit 1 of each item
|clearpoke
|poke|p1|Incineroar, L50, M|
|poke|p1|Venusaur, L50, M|
|poke|p1|Charizard, L50, M|
|poke|p1|Garchomp, L50, M|
|poke|p1|Toxapex, L50, M|
|poke|p1|Annihilape, L50, F|
|poke|p2|Floette-Eternal, L50, F|
|poke|p2|Ceruledge, L50, M|
|poke|p2|Milotic, L50, M|
|poke|p2|Grimmsnarl, L50, M|
|poke|p2|Wyrdeer, L50, M|
|poke|p2|Gholdengo, L50|
|teampreview|4
|showteam|p1|Incineroar||SitrusBerry|Intimidate|FakeOut,ThroatChop,FlareBlitz,PartingShot|Impish||M|||50|]Venusaur||LifeOrb|Chlorophyll|SolarBeam,SludgeBomb,EarthPower,Protect|Modest||M|||50|]Charizard||CharizarditeY|Blaze|HeatWave,WeatherBall,HelpingHand,Protect|Modest||M|||50|]Garchomp||ChoiceScarf|RoughSkin|DragonClaw,Earthquake,RockSlide,StompingTantrum|Adamant||M|||50|]Toxapex||Leftovers|Regenerator|Infestation,Toxic,BanefulBunker,WideGuard|Bold||M|||50|]Annihilape||FocusSash|Defiant|PhantomForce,CloseCombat,RockTomb,Protect|Jolly||F|||50|
|showteam|p2|Floette-Eternal||Floettite|FlowerVeil|Moonblast,DazzlingGleam,CalmMind,Protect|Modest||F|||50|]Ceruledge||Charcoal|FlashFire|BitterBlade,ShadowSneak,BulkUp,Protect|Adamant||M|||50|]Milotic||Leftovers|Competitive|MuddyWater,Hypnosis,Recover,Coil|Calm||M|||50|]Grimmsnarl||LightClay|Prankster|FakeOut,Reflect,LightScreen,PartingShot|Impish||M|||50|]Wyrdeer||ColburBerry|Intimidate|TrickRoom,Gravity,Hypnosis,PsyshieldBash|Adamant||M|||50|]Gholdengo||SitrusBerry|GoodasGold|ShadowBall,MakeItRain,NastyPlot,Protect|Modest|||||50|
|inactive|Battle timer is ON: inactive players will automatically lose when time's up. (requested by pawmifleet)
|inactive|pawmifleet has 60 seconds left.
|
|t:|1784121594
|teamsize|p1|4
|teamsize|p2|4
|start
|switch|p1a: Charizard|Charizard, L50, M|100/100
|switch|p1b: Venusaur|Venusaur, L50, M|100/100
|switch|p2a: Wyrdeer|Wyrdeer, L50, M|100/100
|switch|p2b: Grimmsnarl|Grimmsnarl, L50, M|100/100
|-ability|p2a: Wyrdeer|Intimidate|boost
|-unboost|p1a: Charizard|atk|1
|-unboost|p1b: Venusaur|atk|1
|turn|1
|
|t:|1784121611
|detailschange|p1a: Charizard|Charizard-Mega-Y, L50, M
|-mega|p1a: Charizard|Charizard|Charizardite Y
|-weather|SunnyDay|[from] ability: Drought|[of] p1a: Charizard
|move|p1a: Charizard|Helping Hand|p1b: Venusaur
|-singleturn|p1b: Venusaur|Helping Hand|[of] p1a: Charizard
|move|p2b: Grimmsnarl|Fake Out|p1b: Venusaur
|-damage|p1b: Venusaur|84/100
|cant|p1b: Venusaur|flinch
|move|p2a: Wyrdeer|Trick Room|p2a: Wyrdeer
|-fieldstart|move: Trick Room|[of] p2a: Wyrdeer
|
|-weather|SunnyDay|[upkeep]
|upkeep
|turn|2
|
|t:|1784121627
|move|p2b: Grimmsnarl|Light Screen|p2b: Grimmsnarl
|-sidestart|p2: Elju|move: Light Screen
|move|p2a: Wyrdeer|Psyshield Bash|p1b: Venusaur
|-supereffective|p1b: Venusaur|1
|-damage|p1b: Venusaur|0 fnt
|-boost|p2a: Wyrdeer|def|1
|faint|p1b: Venusaur
|move|p1a: Charizard|Weather Ball|p2b: Grimmsnarl
|-damage|p2b: Grimmsnarl|40/100
|
|-weather|SunnyDay|[upkeep]
|upkeep
|
|t:|1784121647
|switch|p1b: Toxapex|Toxapex, L50, M|100/100
|turn|3
|
|t:|1784121658
|move|p1b: Toxapex|Baneful Bunker|p1b: Toxapex
|-singleturn|p1b: Toxapex|move: Protect
|move|p2b: Grimmsnarl|Parting Shot|p1b: Toxapex
|-activate|p1b: Toxapex|move: Protect
|move|p2a: Wyrdeer|Psyshield Bash|p1a: Charizard
|-damage|p1a: Charizard|67/100
|-boost|p2a: Wyrdeer|def|1
|move|p1a: Charizard|Weather Ball|p2a: Wyrdeer
|-crit|p2a: Wyrdeer
|-damage|p2a: Wyrdeer|0 fnt
|faint|p2a: Wyrdeer
|
|-weather|SunnyDay|[upkeep]
|upkeep
|
|t:|1784121678
|switch|p2a: Gholdengo|Gholdengo, L50|100/100
|turn|4
|
|t:|1784121688
|move|p2b: Grimmsnarl|Parting Shot|p1a: Charizard
|-unboost|p1a: Charizard|atk|1
|-unboost|p1a: Charizard|spa|1
|
|t:|1784121692
|switch|p2b: Floette|Floette-Eternal, L50, F|100/100|[from] Parting Shot
|move|p1b: Toxapex|Toxic|p2b: Floette
|-status|p2b: Floette|tox
|move|p2a: Gholdengo|Nasty Plot|p2a: Gholdengo
|-boost|p2a: Gholdengo|spa|2
|move|p1a: Charizard|Heat Wave|p2b: Floette|[spread] p2a,p2b
|-supereffective|p2a: Gholdengo|1
|-damage|p2a: Gholdengo|60/100
|-damage|p2b: Floette|74/100 tox
|
|-weather|SunnyDay|[upkeep]
|-damage|p2b: Floette|68/100 tox|[from] psn
|upkeep
|turn|5
|
|t:|1784121716
|switch|p2b: Grimmsnarl|Grimmsnarl, L50, M|40/100
|move|p1b: Toxapex|Baneful Bunker|p1b: Toxapex
|-singleturn|p1b: Toxapex|move: Protect
|move|p2a: Gholdengo|Shadow Ball|p1a: Charizard
|-damage|p1a: Charizard|1/100
|move|p1a: Charizard|Weather Ball|p2a: Gholdengo
|-supereffective|p2a: Gholdengo|1
|-damage|p2a: Gholdengo|4/100
|-enditem|p2a: Gholdengo|Sitrus Berry|[eat]
|-heal|p2a: Gholdengo|29/100|[from] item: Sitrus Berry
|
|-weather|none
|-fieldend|move: Trick Room
|upkeep
|turn|6
|
|t:|1784121739
|move|p2b: Grimmsnarl|Fake Out|p1b: Toxapex
|-damage|p1b: Toxapex|91/100
|move|p1a: Charizard|Heat Wave|p2b: Grimmsnarl|[spread] p2a,p2b
|-supereffective|p2a: Gholdengo|1
|-damage|p2a: Gholdengo|2/100
|-damage|p2b: Grimmsnarl|22/100
|-status|p2b: Grimmsnarl|brn
|move|p2a: Gholdengo|Shadow Ball|p1b: Toxapex
|-damage|p1b: Toxapex|32/100
|cant|p1b: Toxapex|flinch
|
|-heal|p1b: Toxapex|38/100|[from] item: Leftovers
|-damage|p2b: Grimmsnarl|16/100 brn|[from] brn
|upkeep
|turn|7
|
|t:|1784121753
|move|p2b: Grimmsnarl|Reflect|p2b: Grimmsnarl
|-sidestart|p2: Elju|Reflect
|move|p1a: Charizard|Heat Wave|p2b: Grimmsnarl|[spread] p2a,p2b
|-supereffective|p2a: Gholdengo|1
|-damage|p2a: Gholdengo|0 fnt
|-damage|p2b: Grimmsnarl|0 fnt
|faint|p2a: Gholdengo
|faint|p2b: Grimmsnarl
|move|p1b: Toxapex|Infestation|p2: Gholdengo|[notarget]
|-fail|p1b: Toxapex
|
|-heal|p1b: Toxapex|43/100|[from] item: Leftovers
|upkeep
|
|t:|1784121758
|switch|p2b: Floette|Floette-Eternal, L50, F|68/100 tox
|turn|8
|
|t:|1784121766
|detailschange|p2b: Floette|Floette-Mega, L50, F
|-mega|p2b: Floette|Floette|Floettite
|-ability|p2b: Floette|Fairy Aura
|move|p1b: Toxapex|Baneful Bunker|p1b: Toxapex
|-singleturn|p1b: Toxapex|move: Protect
|move|p2b: Floette|Moonblast|p1b: Toxapex
|-activate|p1b: Toxapex|move: Protect
|move|p1a: Charizard|Heat Wave|p2b: Floette
|-crit|p2b: Floette
|-damage|p2b: Floette|0 fnt
|faint|p2b: Floette
|
|win|pawmifleet
