|j|☆supaeTheGoat
|j|☆Backwards_Aerial
|html|supaeTheGoatBackwards_Aerial    
|uhtml|bestof|Game 2 of a best-of-3
|t:|1785198000
|gametype|doubles
|player|p1|supaeTheGoat|benga|
|player|p2|Backwards_Aerial|palmer|
|gen|9
|tier|[Gen 9 Champions] VGC 2026 Reg M-B (Bo3)
|rule|Species Clause: Limit one of each Pokémon
|rule|Item Clause: Limit 1 of each item
|clearpoke
|poke|p1|Delphox, L50, F, shiny|
|poke|p1|Milotic, L50, M|
|poke|p1|Whimsicott, L50, F|
|poke|p1|Basculegion, L50, M|
|poke|p1|Tsareena, L50, F|
|poke|p1|Aegislash, L50, F|
|poke|p2|Swampert, L50, F|
|poke|p2|Noivern, L50, M|
|poke|p2|Scrafty, L50, F|
|poke|p2|Politoed, L50, F|
|poke|p2|Sneasler, L50, F|
|poke|p2|Sceptile, L50, M|
|teampreview|4
|showteam|p1|Delphox||Delphoxite|Magician|HeatWave,Psychic,Protect,GrassKnot|Timid||F|||50|]Milotic||Leftovers|Competitive|Protect,AlluringVoice,Scald,IcyWind|Calm||M|||50|]Whimsicott||FocusSash|Prankster|Tailwind,SunnyDay,Moonblast,Protect|Bold||F|||50|]Basculegion||ChoiceScarf|Adaptability|LastRespects,WaveCrash,FlipTurn,AquaJet|Jolly||M|||50|]Tsareena||SitrusBerry|QueenlyMajesty|TripleAxel,PlayRough,TropKick,Protect|Adamant||F|||50|]Aegislash||SpellTag|StanceChange|ShadowSneak,KingsShield,WideGuard,Poltergeist|Adamant||F|||50|
|showteam|p2|Swampert||Swampertite|Torrent|WaveCrash,Earthquake,FlipTurn,Protect|Adamant||F|||50|]Noivern||LifeOrb|Infiltrator|Hurricane,Tailwind,DracoMeteor,Protect|Modest||M|||50|]Scrafty||SitrusBerry|Intimidate|FakeOut,KnockOff,DrainPunch,Protect|Impish||F|||50|]Politoed||RindoBerry|Drizzle|WeatherBall,RainDance,Encore,Protect|Calm||F|||50|]Sneasler||FocusSash|Unburden|DireClaw,CloseCombat,FakeOut,Protect|Jolly||F|||50|]Sceptile||Sceptilite|Overgrow|GrassKnot,EarthPower,Protect,RockSlide|Modest||M|||50|
|inactive|Battle timer is ON: inactive players will automatically lose when time's up. (requested by supaeTheGoat)
|j| NiL312
|inactive|Backwards_Aerial has 60 seconds left.
|inactiveoff|Battle timer is now OFF.
|
|t:|1785198052
|teamsize|p1|4
|teamsize|p2|4
|start
|switch|p1a: Milotic|Milotic, L50, M|100/100
|switch|p1b: Basculegion|Basculegion, L50, M|100/100
|switch|p2a: Mr. Drizzle|Politoed, L50, F|100/100
|switch|p2b: echo gecho|Noivern, L50, M|100/100
|-weather|RainDance|[from] ability: Drizzle|[of] p2a: Mr. Drizzle
|turn|1
|
|t:|1785198121
|move|p1b: Basculegion|Flip Turn|p2b: echo gecho
|-resisted|p2b: echo gecho|1
|-damage|p2b: echo gecho|64/100
|
|t:|1785198125
|switch|p1b: Whimsicott|Whimsicott, L50, F|100/100|[from] Flip Turn
|move|p2b: echo gecho|Hurricane|p1b: Whimsicott
|-supereffective|p1b: Whimsicott|1
|-enditem|p1b: Whimsicott|Focus Sash
|-damage|p1b: Whimsicott|1/100
|-damage|p2b: echo gecho|54/100|[from] item: Life Orb
|move|p1a: Milotic|Icy Wind|p2a: Mr. Drizzle|[spread] p2a,p2b
|-resisted|p2a: Mr. Drizzle|1
|-supereffective|p2b: echo gecho|2
|-damage|p2a: Mr. Drizzle|96/100
|-damage|p2b: echo gecho|8/100
|-unboost|p2a: Mr. Drizzle|spe|1
|-unboost|p2b: echo gecho|spe|1
|move|p2a: Mr. Drizzle|Encore|p1a: Milotic
|-start|p1a: Milotic|Encore
|
|-weather|RainDance|[upkeep]
|upkeep
|turn|2
|
|t:|1785198157
|switch|p2b: The Annihilator|Swampert, L50, F|100/100
|move|p1b: Whimsicott|Tailwind|p1b: Whimsicott
|-sidestart|p1: supaeTheGoat|move: Tailwind
|move|p1a: Milotic|Icy Wind|p2a: Mr. Drizzle|[spread] p2a
|-miss|p1a: Milotic|p2b: The Annihilator
|-resisted|p2a: Mr. Drizzle|1
|-damage|p2a: Mr. Drizzle|93/100
|-unboost|p2a: Mr. Drizzle|spe|1
|move|p2a: Mr. Drizzle|Encore|p1b: Whimsicott
|-start|p1b: Whimsicott|Encore
|
|-weather|RainDance|[upkeep]
|upkeep
|turn|3
|
|t:|1785198181
|switch|p1b: Basculegion|Basculegion, L50, M|100/100
|move|p1a: Milotic|Icy Wind|p2a: Mr. Drizzle|[spread] p2a,p2b
|-resisted|p2a: Mr. Drizzle|1
|-damage|p2a: Mr. Drizzle|90/100
|-damage|p2b: The Annihilator|91/100
|-unboost|p2a: Mr. Drizzle|spe|1
|-unboost|p2b: The Annihilator|spe|1
|move|p2b: The Annihilator|Wave Crash|p1a: Milotic
|-resisted|p1a: Milotic|1
|-damage|p1a: Milotic|53/100
|-damage|p2b: The Annihilator|74/100|[from] Recoil
|move|p2a: Mr. Drizzle|Weather Ball|p1b: Basculegion
|-resisted|p1b: Basculegion|1
|-damage|p1b: Basculegion|71/100
|
|-weather|RainDance|[upkeep]
|-heal|p1a: Milotic|59/100|[from] item: Leftovers
|upkeep
|turn|4
|
|t:|1785198212
|detailschange|p2b: The Annihilator|Swampert-Mega, L50, F
|-mega|p2b: The Annihilator|Swampert|Swampertite
|move|p2a: Mr. Drizzle|Protect|p2a: Mr. Drizzle
|-singleturn|p2a: Mr. Drizzle|Protect
|move|p1b: Basculegion|Wave Crash|p2b: The Annihilator
|-damage|p2b: The Annihilator|0 fnt
|faint|p2b: The Annihilator
|-damage|p1b: Basculegion|48/100|[from] Recoil
|move|p1a: Milotic|Icy Wind|p2a: Mr. Drizzle
|-activate|p2a: Mr. Drizzle|move: Protect
|
|-weather|RainDance|[upkeep]
|-heal|p1a: Milotic|65/100|[from] item: Leftovers
|-end|p1a: Milotic|Encore
|upkeep
|
|t:|1785198233
|switch|p2b: echo gecho|Noivern, L50, M|8/100
|turn|5
|
|t:|1785198246
|move|p2b: echo gecho|Protect|p2b: echo gecho
|-singleturn|p2b: echo gecho|Protect
|move|p1b: Basculegion|Wave Crash|p2b: echo gecho
|-activate|p2b: echo gecho|move: Protect
|move|p1a: Milotic|Alluring Voice|p2a: Mr. Drizzle
|-damage|p2a: Mr. Drizzle|78/100
|move|p2a: Mr. Drizzle|Weather Ball|p1b: Basculegion
|-resisted|p1b: Basculegion|1
|-damage|p1b: Basculegion|19/100
|
|-weather|none
|-heal|p1a: Milotic|71/100|[from] item: Leftovers
|-sideend|p1: supaeTheGoat|move: Tailwind
|upkeep
|turn|6
|j| Mezo57168
|
|t:|1785198283
|switch|p2b: WolfeyVGCfromTemu|Scrafty, L50, F|100/100
|-ability|p2b: WolfeyVGCfromTemu|Intimidate|boost
|-unboost|p1a: Milotic|atk|1
|-ability|p1a: Milotic|Competitive|boost
|-boost|p1a: Milotic|spa|2
|-unboost|p1b: Basculegion|atk|1
|move|p1a: Milotic|Protect|p1a: Milotic
|-singleturn|p1a: Milotic|Protect
|move|p1b: Basculegion|Wave Crash|p2b: WolfeyVGCfromTemu
|-damage|p2b: WolfeyVGCfromTemu|59/100
|-damage|p1b: Basculegion|9/100|[from] Recoil
|move|p2a: Mr. Drizzle|Weather Ball|p1b: Basculegion
|-immune|p1b: Basculegion
|
|-heal|p1a: Milotic|77/100|[from] item: Leftovers
|upkeep
|turn|7
|l| Mezo57168
|
|t:|1785198376
|move|p2b: WolfeyVGCfromTemu|Protect|p2b: WolfeyVGCfromTemu
|-singleturn|p2b: WolfeyVGCfromTemu|Protect
|move|p1b: Basculegion|Wave Crash|p2a: Mr. Drizzle
|-resisted|p2a: Mr. Drizzle|1
|-damage|p2a: Mr. Drizzle|49/100
|-damage|p1b: Basculegion|0 fnt|[from] Recoil
|faint|p1b: Basculegion
|move|p1a: Milotic|Alluring Voice|p2b: WolfeyVGCfromTemu
|-activate|p2b: WolfeyVGCfromTemu|move: Protect
|move|p2a: Mr. Drizzle|Rain Dance|p2a: Mr. Drizzle
|-weather|RainDance
|
|-weather|RainDance|[upkeep]
|-heal|p1a: Milotic|83/100|[from] item: Leftovers
|upkeep
|
|t:|1785198385
|switch|p1b: Whimsicott|Whimsicott, L50, F|1/100
|turn|8
|
|t:|1785198422
|move|p1b: Whimsicott|Moonblast|p2b: WolfeyVGCfromTemu
|-supereffective|p2b: WolfeyVGCfromTemu|2
|-damage|p2b: WolfeyVGCfromTemu|0 fnt
|faint|p2b: WolfeyVGCfromTemu
|move|p1a: Milotic|Alluring Voice|p2a: Mr. Drizzle
|-damage|p2a: Mr. Drizzle|23/100
|move|p2a: Mr. Drizzle|Weather Ball|p1b: Whimsicott
|-resisted|p1b: Whimsicott|1
|-damage|p1b: Whimsicott|0 fnt
|faint|p1b: Whimsicott
|
|-weather|RainDance|[upkeep]
|-heal|p1a: Milotic|89/100|[from] item: Leftovers
|upkeep
|
|t:|1785198431
|switch|p1b: Delphox|Delphox, L50, F, shiny|100/100
|switch|p2b: echo gecho|Noivern, L50, M|8/100
|turn|9
|
|t:|1785198453
|detailschange|p1b: Delphox|Delphox-Mega, L50, F, shiny
|-mega|p1b: Delphox|Delphox|Delphoxite
|move|p1b: Delphox|Psychic|p2b: echo gecho
|-damage|p2b: echo gecho|0 fnt
|faint|p2b: echo gecho
|move|p1a: Milotic|Alluring Voice|p2a: Mr. Drizzle
|-damage|p2a: Mr. Drizzle|0 fnt
|faint|p2a: Mr. Drizzle
|
|win|supaeTheGoat
|l|☆supaeTheGoat
|player|p1|
