|j|☆Practivol.t1
|j|☆galgith
|html|Practivol.t1galgith    
|uhtml|bestof|Game 3 of a best-of-3
|t:|1756239747
|gametype|doubles
|player|p1|Practivol.t1|bugcatcher-gen4dp|1065
|player|p2|galgith|steven|1095
|gen|9
|tier|[Gen 9] VGC 2025 Reg H (Bo3)
|rated|
|rule|Species Clause: Limit one of each Pokémon
|rule|Item Clause: Limit 1 of each item
|clearpoke
|poke|p1|Volcarona, L50, M|
|poke|p1|Dragonite, L50, M|
|poke|p1|Electabuzz, L50, M|
|poke|p1|Kingambit, L50, F|
|poke|p1|Rillaboom, L50, F|
|poke|p1|Sneasler, L50, M|
|poke|p2|Dragapult, L50, M|
|poke|p2|Rillaboom, L50, M|
|poke|p2|Volcarona, L50, F|
|poke|p2|Incineroar, L50, M|
|poke|p2|Primarina, L50, F|
|poke|p2|Gholdengo, L50|
|teampreview|4
|showteam|p1|Volcarona||CovertCloak|FlameBody|BugBuzz,HeatWave,QuiverDance,Protect|||M|||50|,,,,,Fairy]Dragonite||LoadedDice|Multiscale|ScaleShot,ExtremeSpeed,Haze,Protect|||M|||50|,,,,,Fairy]Electabuzz||Eviolite|VitalSpirit|FollowMe,Thunderbolt,Taunt,Protect|||M|||50|,,,,,Ghost]Kingambit||SafetyGoggles|Defiant|KowtowCleave,SuckerPunch,Protect,LowKick|||F|||50|,,,,,Poison]Rillaboom||AssaultVest|GrassySurge|FakeOut,GrassyGlide,WoodHammer,Uturn|||F|||50|,,,,,Normal]Sneasler||FocusSash|Unburden|DireClaw,CloseCombat,Coaching,FakeOut|||M|||50|,,,,,Stellar
|showteam|p2|Dragapult||ChoiceBand|Infiltrator|DragonDarts,PhantomForce,TeraBlast,SuckerPunch|||M|||50|,,,,,Ghost]Rillaboom||AssaultVest|GrassySurge|FakeOut,GrassyGlide,WoodHammer,Uturn|||M|||50|,,,,,Fire]Volcarona||SitrusBerry|FlameBody|StruggleBug,RagePowder,FieryDance,Tailwind|||F|||50|,,,,,Water]Incineroar||SafetyGoggles|Intimidate|FakeOut,PartingShot,KnockOff,WillOWisp|||M|||50|,,,,,Bug]Primarina||ThroatSpray|LiquidVoice|HyperVoice,Moonblast,Protect,Haze|||F|||50|,,,,,Steel]Gholdengo||MetalCoat|GoodasGold|ShadowBall,MakeItRain,NastyPlot,Protect||||||50|,,,,,Dragon
|inactive|Battle timer is ON: inactive players will automatically lose when time's up. (requested by galgith)
|
|t:|1756239794
|teamsize|p1|4
|teamsize|p2|4
|start
|switch|p1a: Rillaboom|Rillaboom, L50, F|100/100
|switch|p1b: Volcarona|Volcarona, L50, M|100/100
|switch|p2a: Primarina|Primarina, L50, F|100/100
|switch|p2b: Rillaboom|Rillaboom, L50, M|100/100
|-fieldstart|move: Grassy Terrain|[from] ability: Grassy Surge|[of] p1a: Rillaboom
|turn|1
|inactive|galgith has 30 seconds left.
|
|t:|1756239826
|switch|p2b: Volcarona|Volcarona, L50, F|100/100
|-terastallize|p1b: Volcarona|Fairy
|move|p2a: Primarina|Protect|p2a: Primarina
|-singleturn|p2a: Primarina|Protect
|move|p1a: Rillaboom|Fake Out|p2b: Volcarona
|-damage|p2b: Volcarona|87/100
|move|p1b: Volcarona|Heat Wave|p2a: Primarina|[spread] p2b
|-activate|p2a: Primarina|move: Protect
|-damage|p2b: Volcarona|57/100
|
|-heal|p2b: Volcarona|63/100|[from] Grassy Terrain
|upkeep
|turn|2
|inactive|galgith has 30 seconds left.
|
|t:|1756239859
|switch|p2a: Gholdengo|Gholdengo, L50|100/100
|move|p1b: Volcarona|Quiver Dance|p1b: Volcarona
|-boost|p1b: Volcarona|spa|1
|-boost|p1b: Volcarona|spd|1
|-boost|p1b: Volcarona|spe|1
|move|p2b: Volcarona|Tailwind|p2b: Volcarona
|-sidestart|p2: galgith|move: Tailwind
|move|p1a: Rillaboom|U-turn|p2a: Gholdengo
|-resisted|p2a: Gholdengo
|-damage|p2a: Gholdengo|94/100
|
|t:|1756239868
|switch|p1a: Sneasler|Sneasler, L50, M|100/100|[from] U-turn
|
|-heal|p2a: Gholdengo|99/100|[from] Grassy Terrain
|-heal|p2b: Volcarona|69/100|[from] Grassy Terrain
|upkeep
|turn|3
|inactive|galgith has 30 seconds left.
|inactive|galgith has 20 seconds left.
|inactive|Practivol.t1 has 30 seconds left.
|inactive|galgith has 15 seconds left.
|inactive|galgith has 10 seconds left.
|
|t:|1756239915
|move|p2a: Gholdengo|Protect|p2a: Gholdengo
|-singleturn|p2a: Gholdengo|Protect
|move|p1b: Volcarona|Protect|p1b: Volcarona
|-singleturn|p1b: Volcarona|Protect
|move|p2b: Volcarona|Fiery Dance|p1a: Sneasler
|-damage|p1a: Sneasler|44/100
|-boost|p2b: Volcarona|spa|1
|move|p1a: Sneasler|Dire Claw|p2b: Volcarona
|-damage|p2b: Volcarona|25/100
|-status|p1a: Sneasler|brn|[from] ability: Flame Body|[of] p2b: Volcarona
|-enditem|p2b: Volcarona|Sitrus Berry|[eat]
|-heal|p2b: Volcarona|49/100|[from] item: Sitrus Berry
|
|-heal|p2a: Gholdengo|100/100|[from] Grassy Terrain
|-heal|p2b: Volcarona|55/100|[from] Grassy Terrain
|-heal|p1a: Sneasler|50/100 brn|[from] Grassy Terrain
|-damage|p1a: Sneasler|44/100 brn|[from] brn
|upkeep
|turn|4
|inactive|Practivol.t1 has 30 seconds left.
|inactive|galgith has 30 seconds left.
|
|t:|1756239949
|-terastallize|p2a: Gholdengo|Dragon
|move|p2a: Gholdengo|Make It Rain|p1b: Volcarona|[spread] p1a,p1b
|-supereffective|p1b: Volcarona
|-damage|p1a: Sneasler|0 fnt
|-damage|p1b: Volcarona|22/100
|-unboost|p2a: Gholdengo|spa|1
|faint|p1a: Sneasler
|move|p2b: Volcarona|Fiery Dance|p1b: Volcarona
|-damage|p1b: Volcarona|0 fnt
|-boost|p2b: Volcarona|spa|1
|faint|p1b: Volcarona
|
|-heal|p2b: Volcarona|61/100|[from] Grassy Terrain
|upkeep
|
|t:|1756239963
|switch|p1a: Dragonite|Dragonite, L50, M|100/100
|switch|p1b: Rillaboom|Rillaboom, L50, F|100/100
|turn|5
|
|t:|1756239981
|switch|p2a: Primarina|Primarina, L50, F|100/100
|move|p1b: Rillaboom|Fake Out|p2a: Primarina
|-damage|p2a: Primarina|85/100
|move|p2b: Volcarona|Struggle Bug|p1a: Dragonite|[spread] p1a,p1b
|-resisted|p1a: Dragonite
|-supereffective|p1b: Rillaboom
|-damage|p1a: Dragonite|90/100
|-damage|p1b: Rillaboom|42/100
|-unboost|p1a: Dragonite|spa|1
|-unboost|p1b: Rillaboom|spa|1
|move|p1a: Dragonite|Scale Shot|p2b: Volcarona
|-damage|p2b: Volcarona|46/100
|-crit|p2b: Volcarona
|-damage|p2b: Volcarona|20/100
|-damage|p2b: Volcarona|3/100
|-damage|p2b: Volcarona|0 fnt
|faint|p2b: Volcarona
|-hitcount|p2: Volcarona|4
|-unboost|p1a: Dragonite|def|1
|-boost|p1a: Dragonite|spe|1
|
|-heal|p2a: Primarina|91/100|[from] Grassy Terrain
|-heal|p1b: Rillaboom|47/100|[from] Grassy Terrain
|-sideend|p2: galgith|move: Tailwind
|-fieldend|move: Grassy Terrain
|upkeep
|inactive|galgith has 30 seconds left.
|
|t:|1756240007
|switch|p2b: Rillaboom|Rillaboom, L50, M|100/100
|-fieldstart|move: Grassy Terrain|[from] ability: Grassy Surge|[of] p2b: Rillaboom
|turn|6
|
|t:|1756240017
|move|p1a: Dragonite|Protect|p1a: Dragonite
|-singleturn|p1a: Dragonite|Protect
|move|p2b: Rillaboom|Fake Out|p1b: Rillaboom
|-damage|p1b: Rillaboom|35/100
|cant|p1b: Rillaboom|flinch
|move|p2a: Primarina|Moonblast|p1a: Dragonite
|-activate|p1a: Dragonite|move: Protect
|
|-heal|p1b: Rillaboom|41/100|[from] Grassy Terrain
|-heal|p2a: Primarina|97/100|[from] Grassy Terrain
|upkeep
|turn|7
|
|t:|1756240041
|switch|p2a: Gholdengo|Gholdengo, L50, tera:Dragon|100/100
|move|p1a: Dragonite|Scale Shot|p2b: Rillaboom
|-damage|p2b: Rillaboom|87/100
|-damage|p2b: Rillaboom|74/100
|-damage|p2b: Rillaboom|61/100
|-damage|p2b: Rillaboom|49/100
|-hitcount|p2b: Rillaboom|4
|-unboost|p1a: Dragonite|def|1
|-boost|p1a: Dragonite|spe|1
|move|p1b: Rillaboom|U-turn|p2b: Rillaboom
|-supereffective|p2b: Rillaboom
|-damage|p2b: Rillaboom|9/100
|move|p2b: Rillaboom|U-turn|p1b: Rillaboom
|-supereffective|p1b: Rillaboom
|-damage|p1b: Rillaboom|0 fnt
|faint|p1b: Rillaboom
|
|t:|1756240060
|switch|p2b: Primarina|Primarina, L50, F|97/100|[from] U-turn
|
|-heal|p2b: Primarina|100/100|[from] Grassy Terrain
|upkeep
|turn|8
|-message|Practivol.t1 forfeited.
|
|win|galgith
|raw|Practivol.t1's rating: 1065 → 1047(-18 for losing)
|raw|galgith's rating: 1095 → 1119(+24 for winning)
|l|☆Practivol.t1
|player|p1|
