|j|☆orphan of koss
|j|☆Israelkuro
|html|orphan of kossIsraelkuro    
|uhtml|bestof|Game 1 of a best-of-3
|t:|1757862044
|gametype|doubles
|player|p1|orphan of koss|guitarist|1175
|player|p2|Israelkuro|1|1252
|gen|9
|tier|[Gen 9] VGC 2025 Reg H (Bo3)
|rated|
|rule|Species Clause: Limit one of each Pokémon
|rule|Item Clause: Limit 1 of each item
|clearpoke
|poke|p1|Arcanine-Hisui, L50, F|
|poke|p1|Milotic, L50, M|
|poke|p1|Rillaboom, L50, M|
|poke|p1|Porygon-Z, L50|
|poke|p1|Electabuzz, L50, M|
|poke|p1|Whimsicott, L50, F|
|poke|p2|Ceruledge, L50, F|
|poke|p2|Gastrodon, L50, M|
|poke|p2|Rillaboom, L50, M|
|poke|p2|Dragonite, L50, F|
|poke|p2|Ninetales-Alola, L50, F|
|poke|p2|Kingambit, L50, F|
|teampreview|4
|showteam|p1|Arcanine-Hisui||ChoiceBand|Intimidate|RockSlide,FlareBlitz,CloseCombat,ExtremeSpeed|||F|||50|,,,,,Normal]Milotic||FlameOrb|MarvelScale|Scald,IceBeam,Haze,Protect|||M|||50|,,,,,Dragon]Rillaboom||MiracleSeed|GrassySurge|GrassyGlide,DrumBeating,Uturn,FakeOut|||M|||50|,,,,,Grass]Porygon-Z||LifeOrb|Adaptability|TeraBlast,IceBeam,HyperBeam,Protect||||||50|,,,,,Ground]Electabuzz||Eviolite|VitalSpirit|Electroweb,FollowMe,Taunt,Protect|||M|||50|,,,,,Ghost]Whimsicott||CovertCloak|Prankster|Tailwind,Moonblast,FakeTears,Encore|||F|||50|,,,,,Fire
|showteam|p2|Ceruledge||Leftovers|FlashFire|BitterBlade,ShadowSneak,BulkUp,Protect|||F|||50|,,,,,Grass]Gastrodon||SitrusBerry|StormDrain|EarthPower,IceBeam,ClearSmog,Protect|||M|||50|,,,,,Poison]Rillaboom||AssaultVest|GrassySurge|WoodHammer,HighHorsepower,GrassyGlide,FakeOut|||M|||50|,,,,,Fire]Dragonite||LumBerry|Multiscale|TeraBlast,LowKick,ExtremeSpeed,Protect|||F|||50|,,,,,Flying]Ninetales-Alola||FocusSash|SnowWarning|AuroraVeil,FreezeDry,Moonblast,Encore|||F|||50|,,,,,Ghost]Kingambit||SafetyGoggles|Defiant|KowtowCleave,SuckerPunch,Substitute,Protect|||F|||50|,,,,,Ghost
|inactive|Battle timer is ON: inactive players will automatically lose when time's up. (requested by orphan of koss)
|inactive|Israelkuro has 60 seconds left.
|
|t:|1757862089
|teamsize|p1|4
|teamsize|p2|4
|start
|switch|p1a: Electabuzz|Electabuzz, L50, M|100/100
|switch|p1b: Porygon-Z|Porygon-Z, L50|100/100
|switch|p2a: Kingambit|Kingambit, L50, F|100/100
|switch|p2b: Rillaboom|Rillaboom, L50, M|100/100
|-fieldstart|move: Grassy Terrain|[from] ability: Grassy Surge|[of] p2b: Rillaboom
|turn|1
|
|t:|1757862104
|move|p2b: Rillaboom|Fake Out|p1a: Electabuzz
|-damage|p1a: Electabuzz|85/100
|cant|p1a: Electabuzz|flinch
|move|p1b: Porygon-Z|Ice Beam|p2b: Rillaboom
|-supereffective|p2b: Rillaboom
|-damage|p2b: Rillaboom|35/100
|-status|p2b: Rillaboom|frz
|-damage|p1b: Porygon-Z|91/100|[from] item: Life Orb
|move|p2a: Kingambit|Substitute|p2a: Kingambit
|-start|p2a: Kingambit|Substitute
|-damage|p2a: Kingambit|76/100
|
|-heal|p1a: Electabuzz|91/100|[from] Grassy Terrain
|-heal|p1b: Porygon-Z|97/100|[from] Grassy Terrain
|-heal|p2b: Rillaboom|41/100 frz|[from] Grassy Terrain
|-heal|p2a: Kingambit|82/100|[from] Grassy Terrain
|upkeep
|turn|2
|inactive|orphan of koss has 30 seconds left.
|
|t:|1757862138
|move|p1a: Electabuzz|Electroweb|p2b: Rillaboom|[spread] p2a,p2b
|-activate|p2a: Kingambit|move: Substitute|[damage]
|-resisted|p2b: Rillaboom
|-crit|p2b: Rillaboom
|-damage|p2b: Rillaboom|34/100 frz
|-unboost|p2b: Rillaboom|spe|1
|move|p1b: Porygon-Z|Tera Blast|p2a: Kingambit
|-resisted|p2a: Kingambit
|-crit|p2a: Kingambit
|-end|p2a: Kingambit|Substitute
|-damage|p1b: Porygon-Z|87/100|[from] item: Life Orb
|move|p2a: Kingambit|Kowtow Cleave|p1b: Porygon-Z
|-damage|p1b: Porygon-Z|18/100
|cant|p2b: Rillaboom|frz
|
|-heal|p1a: Electabuzz|97/100|[from] Grassy Terrain
|-heal|p1b: Porygon-Z|24/100|[from] Grassy Terrain
|-heal|p2a: Kingambit|88/100|[from] Grassy Terrain
|-heal|p2b: Rillaboom|40/100 frz|[from] Grassy Terrain
|upkeep
|turn|3
|
|t:|1757862161
|-terastallize|p1b: Porygon-Z|Ground
|move|p2a: Kingambit|Protect|p2a: Kingambit
|-singleturn|p2a: Kingambit|Protect
|move|p1a: Electabuzz|Follow Me|p1a: Electabuzz
|-singleturn|p1a: Electabuzz|move: Follow Me
|move|p1b: Porygon-Z|Tera Blast|p2a: Kingambit|[anim] Tera Blast Ground
|-activate|p2a: Kingambit|move: Protect
|cant|p2b: Rillaboom|frz
|
|-heal|p1a: Electabuzz|100/100|[from] Grassy Terrain
|-heal|p1b: Porygon-Z|30/100|[from] Grassy Terrain
|-heal|p2a: Kingambit|94/100|[from] Grassy Terrain
|-heal|p2b: Rillaboom|46/100 frz|[from] Grassy Terrain
|upkeep
|turn|4
|
|t:|1757862183
|-terastallize|p2a: Kingambit|Ghost
|move|p1a: Electabuzz|Follow Me|p1a: Electabuzz
|-singleturn|p1a: Electabuzz|move: Follow Me
|move|p1b: Porygon-Z|Tera Blast|p2a: Kingambit|[anim] Tera Blast Ground
|-damage|p2a: Kingambit|24/100
|-damage|p1b: Porygon-Z|20/100|[from] item: Life Orb
|move|p2a: Kingambit|Substitute|p2a: Kingambit
|-fail|p2a: Kingambit|move: Substitute|[weak]
|cant|p2b: Rillaboom|frz
|
|-heal|p1b: Porygon-Z|27/100|[from] Grassy Terrain
|-heal|p2a: Kingambit|30/100|[from] Grassy Terrain
|-heal|p2b: Rillaboom|52/100 frz|[from] Grassy Terrain
|upkeep
|turn|5
|
|t:|1757862205
|move|p1a: Electabuzz|Follow Me|p1a: Electabuzz
|-singleturn|p1a: Electabuzz|move: Follow Me
|move|p1b: Porygon-Z|Ice Beam|p2a: Kingambit
|-damage|p2a: Kingambit|0 fnt
|faint|p2a: Kingambit
|-damage|p1b: Porygon-Z|17/100|[from] item: Life Orb
|-curestatus|p2b: Rillaboom|frz|[msg]
|move|p2b: Rillaboom|Wood Hammer|p1a: Electabuzz
|-damage|p1a: Electabuzz|28/100
|-damage|p2b: Rillaboom|35/100|[from] Recoil
|
|-heal|p1a: Electabuzz|33/100|[from] Grassy Terrain
|-heal|p1b: Porygon-Z|23/100|[from] Grassy Terrain
|-heal|p2b: Rillaboom|41/100|[from] Grassy Terrain
|-fieldend|move: Grassy Terrain
|upkeep
|-message|Israelkuro forfeited.
|
|win|orphan of koss
|l|☆Israelkuro
|player|p2|
||orphan of koss is ready for game 2.
||Israelkuro is ready for game 2.
|uhtml|next|Next: Game 2 of 3
