|j|☆Hariyamamomma
|j|☆Cwisbt
|html|HariyamamommaCwisbt    
|uhtml|bestof|Game 1 of a best-of-3
|t:|1784514753
|gametype|doubles
|player|p1|Hariyamamomma|burgh|
|player|p2|Cwisbt|1|
|gen|9
|tier|[Gen 9 Champions] VGC 2026 Reg M-B (Bo3)
|rule|Species Clause: Limit one of each Pokémon
|rule|Item Clause: Limit 1 of each item
|clearpoke
|poke|p1|Gholdengo, L50|
|poke|p1|Whimsicott, L50, F, shiny|
|poke|p1|Kingambit, L50, F|
|poke|p1|Blaziken, L50, F|
|poke|p1|Blastoise, L50, F, shiny|
|poke|p1|Kangaskhan, L50, F|
|poke|p2|Raichu, L50, F|
|poke|p2|Mamoswine, L50, F|
|poke|p2|Gholdengo, L50|
|poke|p2|Sylveon, L50, M|
|poke|p2|Talonflame, L50, F|
|poke|p2|Froslass, L50, F|
|teampreview|4
|showteam|p1|Gholdengo||LifeOrb|GoodasGold|MakeItRain,ShadowBall,NastyPlot,Protect|Timid|||||50|]Whimsicott||FocusSash|Prankster|Moonblast,Tailwind,Encore,Protect|Timid||F|||50|]Kingambit||BlackGlasses|Defiant|SuckerPunch,KowtowCleave,SwordsDance,Protect|Adamant||F|||50|]Blaziken||Blazikenite|SpeedBoost|CloseCombat,FlareBlitz,RockSlide,Protect|Adamant||F|||50|]Blastoise||Blastoisinite|Torrent|FakeOut,WaterSpout,AuraSphere,DarkPulse|Modest||F|||50|]Kangaskhan||SitrusBerry|Scrappy|FakeOut,HelpingHand,LowKick,ThunderPunch|Impish||F|||50|
|showteam|p2|Raichu||RaichuniteY|LightningRod|Protect,ZapCannon,FocusBlast,Encore|Timid||F|||50|]Mamoswine||FocusSash|Oblivious|Protect,IcicleCrash,IceShard,HighHorsepower|Adamant||F|||50|]Gholdengo||LifeOrb|GoodasGold|Protect,MakeItRain,ShadowBall,PowerGem|Modest|||||50|]Sylveon||FairyFeather|Pixilate|Protect,HyperVoice,HyperBeam,QuickAttack|Modest||M|||50|]Talonflame||SharpBeak|GaleWings|QuickGuard,DualWingbeat,SunnyDay,Tailwind|Jolly||F|||50|]Froslass||Froslassite|CursedBody|Protect,Blizzard,ShadowBall,Taunt|Timid||F|||50|
|inactive|Battle timer is ON: inactive players will automatically lose when time's up. (requested by Cwisbt)
|inactiveoff|Battle timer is now OFF.
|c|☆Cwisbt|Glhf king!
|c|☆Hariyamamomma|You too! :)
|j| gliscor43
|
|t:|1784514834
|teamsize|p1|4
|teamsize|p2|4
|start
|switch|p1a: Deni Advija|Gholdengo, L50|100/100
|switch|p1b: Byron Scott|Whimsicott, L50, F, shiny|100/100
|switch|p2a: Raichu|Raichu, L50, F|100/100
|switch|p2b: Talonflame|Talonflame, L50, F|100/100
|turn|1
|
|t:|1784514851
|detailschange|p2a: Raichu|Raichu-Mega-Y, L50, F
|-mega|p2a: Raichu|Raichu|Raichunite Y
|move|p1b: Byron Scott|Protect|p1b: Byron Scott
|-singleturn|p1b: Byron Scott|Protect
|move|p2b: Talonflame|Dual Wingbeat|p1b: Byron Scott
|-activate|p1b: Byron Scott|move: Protect
|move|p2a: Raichu|Zap Cannon|p1a: Deni Advija
|-damage|p1a: Deni Advija|28/100
|-status|p1a: Deni Advija|par
|move|p1a: Deni Advija|Shadow Ball|p2b: Talonflame
|-damage|p2b: Talonflame|24/100
|-damage|p1a: Deni Advija|18/100 par|[from] item: Life Orb
|
|upkeep
|turn|2
|
|t:|1784514875
|move|p1b: Byron Scott|Tailwind|p1b: Byron Scott
|-sidestart|p1: Hariyamamomma|move: Tailwind
|move|p2a: Raichu|Encore|p1b: Byron Scott
|-start|p1b: Byron Scott|Encore
|move|p2b: Talonflame|Dual Wingbeat|p1a: Deni Advija
|-resisted|p1a: Deni Advija|1
|-damage|p1a: Deni Advija|9/100 par
|-resisted|p1a: Deni Advija|1
|-damage|p1a: Deni Advija|2/100 par
|-hitcount|p1a: Deni Advija|2
|move|p1a: Deni Advija|Shadow Ball|p2b: Talonflame
|-damage|p2b: Talonflame|0 fnt
|faint|p2b: Talonflame
|-damage|p1a: Deni Advija|0 fnt|[from] item: Life Orb
|faint|p1a: Deni Advija
|
|upkeep
|
|t:|1784514904
|switch|p2b: Sylveon|Sylveon, L50, M|100/100
|switch|p1a: Toi Jerome|Blastoise, L50, F, shiny|100/100
|turn|3
|
|t:|1784514928
|switch|p1b: LeBron James|Kingambit, L50, F|100/100
|detailschange|p1a: Toi Jerome|Blastoise-Mega, L50, F, shiny
|-mega|p1a: Toi Jerome|Blastoise|Blastoisinite
|move|p1a: Toi Jerome|Water Spout|p2b: Sylveon|[spread] p2a,p2b
|-damage|p2a: Raichu|0 fnt
|-damage|p2b: Sylveon|50/100g
|faint|p2a: Raichu
|move|p2b: Sylveon|Hyper Voice|p1b: LeBron James|[spread] p1a,p1b
|-damage|p1a: Toi Jerome|49/100
|-damage|p1b: LeBron James|52/100
|
|upkeep
|
|t:|1784514941
|switch|p2a: Mamoswine|Mamoswine, L50, F|100/100
|turn|4
|
|t:|1784514981
|move|p2a: Mamoswine|Protect|p2a: Mamoswine
|-singleturn|p2a: Mamoswine|Protect
|move|p2b: Sylveon|Protect|p2b: Sylveon
|-singleturn|p2b: Sylveon|Protect
|move|p1b: LeBron James|Sucker Punch||[still]
|-fail|p1b: LeBron James
|move|p1a: Toi Jerome|Water Spout|p2b: Sylveon|[spread] 
|-activate|p2a: Mamoswine|move: Protect
|-activate|p2b: Sylveon|move: Protect
|
|upkeep
|turn|5
|
|t:|1784515017
|move|p1b: LeBron James|Protect|p1b: LeBron James
|-singleturn|p1b: LeBron James|Protect
|move|p1a: Toi Jerome|Water Spout|p2b: Sylveon|[spread] p2a,p2b
|-supereffective|p2a: Mamoswine|1
|-damage|p2a: Mamoswine|13/100
|-damage|p2b: Sylveon|23/100
|move|p2a: Mamoswine|High Horsepower|p1b: LeBron James
|-activate|p1b: LeBron James|move: Protect
|move|p2b: Sylveon|Hyper Voice|p1a: Toi Jerome|[spread] p1a
|-activate|p1b: LeBron James|move: Protect
|-damage|p1a: Toi Jerome|0 fnt
|faint|p1a: Toi Jerome
|
|-sideend|p1: Hariyamamomma|move: Tailwind
|upkeep
|
|t:|1784515029
|switch|p1a: Byron Scott|Whimsicott, L50, F, shiny|100/100
|turn|6
|
|t:|1784515055
|move|p2a: Mamoswine|Ice Shard|p1a: Byron Scott
|-supereffective|p1a: Byron Scott|1
|-damage|p1a: Byron Scott|29/100
|move|p1b: LeBron James|Sucker Punch|p2b: Sylveon
|-resisted|p2b: Sylveon|1
|-damage|p2b: Sylveon|0 fnt
|faint|p2b: Sylveon
|move|p1a: Byron Scott|Moonblast|p2a: Mamoswine
|-damage|p2a: Mamoswine|0 fnt
|faint|p2a: Mamoswine
|
|win|Hariyamamomma
|c|☆Hariyamamomma|gg!
||Hariyamamomma is ready for game 2.
|inactive|Cwisbt has 30 seconds to confirm battle start!
|c|☆Cwisbt|Gg
||Cwisbt is ready for game 2.
|uhtml|next|Next: Game 2 of 3
|l|☆Cwisbt
|player|p2|
|l| gliscor43
