|j|☆EXHOUL
|j|☆cocacolaindahhouse
|html|EXHOULcocacolaindahhouse    
|uhtml|bestof|Game 2 of a best-of-3
|t:|1756896918
|gametype|doubles
|player|p1|EXHOUL|shadowtriad|1557
|player|p2|cocacolaindahhouse|170|1544
|gen|9
|tier|[Gen 9] VGC 2025 Reg H (Bo3)
|rated|
|rule|Species Clause: Limit one of each Pokémon
|rule|Item Clause: Limit 1 of each item
|clearpoke
|poke|p1|Torkoal, L50, F|
|poke|p1|Lilligant-Hisui, L50, F|
|poke|p1|Armarouge, L50, F|
|poke|p1|Indeedee-F, L50, F|
|poke|p1|Gallade, L50, M|
|poke|p1|Ursaluna, L50, F|
|poke|p2|Ursaluna, L50, M|
|poke|p2|Dragonite, L50, M|
|poke|p2|Archaludon, L50, M|
|poke|p2|Sinistcha, L50|
|poke|p2|Pelipper, L50, M|
|poke|p2|Gholdengo, L50|
|teampreview|4
|showteam|p1|Torkoal||Charcoal|Drought|Eruption,Flamethrower,ClearSmog,Protect|||F|||50|,,,,,Fire]Lilligant-Hisui||FocusSash|Chlorophyll|SleepPowder,CloseCombat,Encore,AfterYou|||F|||50|,,,,,Ghost]Armarouge||LifeOrb|FlashFire|ExpandingForce,ArmorCannon,WideGuard,TrickRoom|||F|||50|,,,,,Grass]Indeedee-F||RockyHelmet|PsychicSurge|FollowMe,HelpingHand,DazzlingGleam,TrickRoom|||F|||50|,,,,,Steel]Gallade||ClearAmulet|Sharpness|SacredSword,NightSlash,DestinyBond,TrickRoom|||M|||50|,,,,,Dark]Ursaluna||FlameOrb|Guts|Facade,HeadlongRush,Earthquake,Protect|||F|||50|,,,,,Ghost
|showteam|p2|Ursaluna||FlameOrb|Guts|Facade,Protect,HeadlongRush,Earthquake|||M|||50|,,,,,Ghost]Dragonite||LoadedDice|Multiscale|ScaleShot,Protect,Haze,Tailwind|||M|||50|,,,,,Fairy]Archaludon||AssaultVest|Stamina|FlashCannon,BodyPress,ElectroShot,Snarl|||M|||50|,,,,,Fighting]Sinistcha||SitrusBerry|Hospitality|LifeDew,MatchaGotcha,TrickRoom,RagePowder||||||50|,,,,,Dark]Pelipper||FocusSash|Drizzle|Hurricane,Tailwind,MuddyWater,Protect|||M|||50|,,,,,Ghost]Gholdengo||ChoiceScarf|GoodasGold|MakeItRain,ShadowBall,Trick,TeraBlast||||||50|,,,,,Water
|inactive|Battle timer is ON: inactive players will automatically lose when time's up. (requested by EXHOUL)
|
|t:|1756896935
|teamsize|p1|4
|teamsize|p2|4
|start
|switch|p1a: Indeedee|Indeedee-F, L50, F|100/100
|switch|p1b: Armarouge|Armarouge, L50, F|100/100
|switch|p2a: Gholdengo|Gholdengo, L50|100/100
|switch|p2b: Archaludon|Archaludon, L50, M|100/100
|-fieldstart|move: Psychic Terrain|[from] ability: Psychic Surge|[of] p1a: Indeedee
|turn|1
|inactive|EXHOUL has 30 seconds left.
|inactive|cocacolaindahhouse has 30 seconds left.
|inactive|cocacolaindahhouse has 20 seconds left.
|inactive|cocacolaindahhouse has 15 seconds left.
|inactive|cocacolaindahhouse has 10 seconds left.
|
|t:|1756896982
|-terastallize|p1b: Armarouge|Grass
|move|p2a: Gholdengo|Trick|p1a: Indeedee
|-activate|p2a: Gholdengo|move: Trick|[of] p1a: Indeedee
|-item|p1a: Indeedee|Choice Scarf|[from] move: Trick
|-item|p2a: Gholdengo|Rocky Helmet|[from] move: Trick
|move|p2b: Archaludon|Snarl|p1a: Indeedee|[spread] p1a,p1b
|-supereffective|p1a: Indeedee
|-damage|p1a: Indeedee|80/100
|-damage|p1b: Armarouge|88/100
|-unboost|p1a: Indeedee|spa|1
|-unboost|p1b: Armarouge|spa|1
|move|p1b: Armarouge|Armor Cannon|p2a: Gholdengo
|-supereffective|p2a: Gholdengo
|-damage|p2a: Gholdengo|0 fnt
|-unboost|p1b: Armarouge|def|1
|-unboost|p1b: Armarouge|spd|1
|faint|p2a: Gholdengo
|-damage|p1b: Armarouge|79/100|[from] item: Life Orb
|move|p1a: Indeedee|Trick Room|p1a: Indeedee
|-fieldstart|move: Trick Room|[of] p1a: Indeedee
|
|upkeep
|
|t:|1756897004
|switch|p2a: Dragonite|Dragonite, L50, M|100/100
|turn|2
|inactive|cocacolaindahhouse has 30 seconds left.
|
|t:|1756897032
|switch|p1a: Gallade|Gallade, L50, M|100/100
|move|p1b: Armarouge|Expanding Force|p2b: Archaludon|[spread] p2a,p2b
|-resisted|p2b: Archaludon
|-damage|p2a: Dragonite|70/100
|-damage|p2b: Archaludon|80/100
|-ability|p2b: Archaludon|Stamina|boost
|-boost|p2b: Archaludon|def|1
|-damage|p1b: Armarouge|69/100|[from] item: Life Orb
|move|p2b: Archaludon|Body Press|p1a: Gallade
|-resisted|p1a: Gallade
|-damage|p1a: Gallade|73/100
|move|p2a: Dragonite|Scale Shot|p1a: Gallade
|-damage|p1a: Gallade|51/100
|-damage|p1a: Gallade|28/100
|-damage|p1a: Gallade|8/100
|-damage|p1a: Gallade|0 fnt
|faint|p1a: Gallade
|-hitcount|p1: Gallade|4
|-unboost|p2a: Dragonite|def|1
|-boost|p2a: Dragonite|spe|1
|
|upkeep
|
|t:|1756897040
|switch|p1a: Torkoal|Torkoal, L50, F|100/100
|-weather|SunnyDay|[from] ability: Drought|[of] p1a: Torkoal
|turn|3
|inactive|cocacolaindahhouse has 30 seconds left.
|
|t:|1756897073
|switch|p2a: Pelipper|Pelipper, L50, M|100/100
|-weather|RainDance|[from] ability: Drizzle|[of] p2a: Pelipper
|move|p1a: Torkoal|Eruption|p2a: Pelipper|[spread] p2a,p2b
|-resisted|p2a: Pelipper
|-damage|p2a: Pelipper|76/100
|-damage|p2b: Archaludon|60/100
|-ability|p2b: Archaludon|Stamina|boost
|-boost|p2b: Archaludon|def|1
|move|p1b: Armarouge|Expanding Force|p2b: Archaludon|[spread] p2a,p2b
|-resisted|p2b: Archaludon
|-damage|p2a: Pelipper|0 fnt
|-damage|p2b: Archaludon|41/100
|-ability|p2b: Archaludon|Stamina|boost
|-boost|p2b: Archaludon|def|1
|faint|p2a: Pelipper
|-damage|p1b: Armarouge|60/100|[from] item: Life Orb
|move|p2b: Archaludon|Electro Shot||[still]
|-prepare|p2b: Archaludon|Electro Shot
|-boost|p2b: Archaludon|spa|1
|-anim|p2b: Archaludon|Electro Shot|p1a: Torkoal
|-damage|p1a: Torkoal|28/100
|
|-weather|RainDance|[upkeep]
|upkeep
|
|t:|1756897093
|switch|p2a: Dragonite|Dragonite, L50, M|70/100
|turn|4
|inactive|EXHOUL has 30 seconds left.
|inactive|EXHOUL has 20 seconds left.
|
|t:|1756897135
|move|p2a: Dragonite|Protect|p2a: Dragonite
|-singleturn|p2a: Dragonite|Protect
|move|p1a: Torkoal|Flamethrower|p2b: Archaludon
|-damage|p2b: Archaludon|24/100
|-ability|p2b: Archaludon|Stamina|boost
|-boost|p2b: Archaludon|def|1
|move|p1b: Armarouge|Expanding Force|p2b: Archaludon|[spread] p2b
|-activate|p2a: Dragonite|move: Protect
|-resisted|p2b: Archaludon
|-damage|p2b: Archaludon|5/100
|-ability|p2b: Archaludon|Stamina|boost
|-boost|p2b: Archaludon|def|1
|-damage|p1b: Armarouge|50/100|[from] item: Life Orb
|move|p2b: Archaludon|Snarl|p1b: Armarouge|[spread] p1a,p1b
|-crit|p1a: Torkoal
|-damage|p1a: Torkoal|0 fnt
|-damage|p1b: Armarouge|22/100
|-unboost|p1b: Armarouge|spa|1
|faint|p1a: Torkoal
|
|-weather|RainDance|[upkeep]
|upkeep
|
|t:|1756897145
|switch|p1a: Indeedee|Indeedee-F, L50, F|80/100
|turn|5
|inactive|cocacolaindahhouse has 30 seconds left.
|inactive|cocacolaindahhouse has 20 seconds left.
|inactive|cocacolaindahhouse has 15 seconds left.
|
|t:|1756897185
|-terastallize|p2a: Dragonite|Fairy
|move|p1b: Armarouge|Expanding Force|p2a: Dragonite|[spread] p2a,p2b
|-resisted|p2b: Archaludon
|-damage|p2a: Dragonite|25/100
|-damage|p2b: Archaludon|0 fnt
|faint|p2b: Archaludon
|-damage|p1b: Armarouge|12/100|[from] item: Life Orb
|move|p1a: Indeedee|Dazzling Gleam|p2a: Dragonite
|-damage|p2a: Dragonite|6/100
|move|p2a: Dragonite|Scale Shot|p1b: Armarouge|[miss]
|-miss|p2a: Dragonite|p1b: Armarouge
|
|-weather|RainDance|[upkeep]
|-fieldend|move: Trick Room
|-fieldend|move: Psychic Terrain
|upkeep
|turn|6
|inactive|cocacolaindahhouse has 30 seconds left.
|
|t:|1756897212
|move|p2a: Dragonite|Scale Shot|p1b: Armarouge
|-damage|p1b: Armarouge|0 fnt
|faint|p1b: Armarouge
|-hitcount|p1: Armarouge|1
|-unboost|p2a: Dragonite|def|1
|-boost|p2a: Dragonite|spe|1
|move|p1a: Indeedee|Dazzling Gleam|p2a: Dragonite
|-damage|p2a: Dragonite|0 fnt
|faint|p2a: Dragonite
|
|win|EXHOUL
|raw|EXHOUL's rating: 1557 → 1576(+19 for winning)
|raw|cocacolaindahhouse's rating: 1544 → 1525(-19 for losing)
|l|☆EXHOUL
|player|p1|
