|j|☆The RU Agenda
|j|☆Andrea Pirlo 2
|html|The RU AgendaAndrea Pirlo 2    
|uhtml|bestof|Game 1 of a best-of-3
|t:|1784128987
|gametype|doubles
|player|p1|The RU Agenda|101|1319
|player|p2|Andrea Pirlo 2|lucas|1431
|gen|9
|tier|[Gen 9 Champions] VGC 2026 Reg M-B (Bo3)
|rated|
|rule|Species Clause: Limit one of each Pokémon
|rule|Item Clause: Limit 1 of each item
|clearpoke
|poke|p1|Gardevoir, L50, F|
|poke|p1|Basculegion, L50, M|
|poke|p1|Talonflame, L50, F|
|poke|p1|Maushold, L50|
|poke|p1|Kingambit, L50, F|
|poke|p1|Chesnaught, L50, M|
|poke|p2|Charizard, L50, F|
|poke|p2|Venusaur, L50, F|
|poke|p2|Grimmsnarl, L50, M|
|poke|p2|Archaludon, L50, F|
|poke|p2|Pelipper, L50, F|
|poke|p2|Swampert, L50, M|
|teampreview|4
|showteam|p1|Gardevoir||Gardevoirite|Trace|HyperVoice,Psychic,Thunderbolt,Protect|Modest||F|||50|]Basculegion||ChoiceScarf|Adaptability|WaveCrash,LastRespects,FlipTurn,AquaJet|Jolly||M|||50|]Talonflame||SharpBeak|GaleWings|DualWingbeat,FlareBlitz,Tailwind,Protect|Jolly||F|||50|]Maushold||FocusSash|FriendGuard|SuperFang,Feint,FollowMe,Protect|Jolly|||||50|]Kingambit||ExpertBelt|Defiant|KowtowCleave,SuckerPunch,IronHead,LowKick|Jolly||F|||50|]Chesnaught||Leftovers|Bulletproof|SpikyShield,WideGuard,IronDefense,BodyPress|Impish||M|||50|
|showteam|p2|Charizard||CharizarditeY|Blaze|HeatWave,WeatherBall,Hurricane,Protect|Modest||F|||50|]Venusaur||FocusSash|Chlorophyll|EnergyBall,SludgeBomb,EarthPower,SleepPowder|Modest||F|||50|]Grimmsnarl||LightClay|Prankster|SpiritBreak,PartingShot,Reflect,LightScreen|Careful||M|||50|]Archaludon||Leftovers|Stamina|ElectroShot,DragonPulse,FlashCannon,Protect|Modest||F|||50|]Pelipper||SitrusBerry|Drizzle|WeatherBall,Hurricane,Tailwind,Protect|Modest||F|||50|]Swampert||Swampertite|Torrent|WaveCrash,HighHorsepower,IcePunch,Protect|Adamant||M|||50|
|inactive|Battle timer is ON: inactive players will automatically lose when time's up. (requested by Andrea Pirlo 2)
|
|t:|1784129027
|teamsize|p1|4
|teamsize|p2|4
|start
|switch|p1a: Gardevoir|Gardevoir, L50, F|100/100
|switch|p1b: Talonflame|Talonflame, L50, F|100/100
|switch|p2a: Charizard|Charizard, L50, F|100/100
|switch|p2b: Venusaur|Venusaur, L50, F|100/100
|-ability|p1a: Gardevoir|Chlorophyll|Trace|[from] ability: Trace|[of] p2b: Venusaur
|turn|1
|inactive|The RU Agenda has 30 seconds left.
|
|t:|1784129062
|switch|p2b: Archaludon|Archaludon, L50, F|100/100
|detailschange|p1a: Gardevoir|Gardevoir-Mega, L50, F
|-mega|p1a: Gardevoir|Gardevoir|Gardevoirite
|detailschange|p2a: Charizard|Charizard-Mega-Y, L50, F
|-mega|p2a: Charizard|Charizard|Charizardite Y
|-weather|SunnyDay|[from] ability: Drought|[of] p2a: Charizard
|move|p1a: Gardevoir|Protect|p1a: Gardevoir
|-singleturn|p1a: Gardevoir|Protect
|move|p1b: Talonflame|Tailwind|p1b: Talonflame
|-sidestart|p1: The RU Agenda|move: Tailwind
|move|p2a: Charizard|Heat Wave|p1b: Talonflame|[spread] p1b
|-activate|p1a: Gardevoir|move: Protect
|-resisted|p1b: Talonflame|1
|-crit|p1b: Talonflame
|-damage|p1b: Talonflame|26/100
|
|-weather|SunnyDay|[upkeep]
|upkeep
|turn|2
|inactive|Andrea Pirlo 2 has 30 seconds left.
|
|t:|1784129089
|move|p2a: Charizard|Protect|p2a: Charizard
|-singleturn|p2a: Charizard|Protect
|move|p1b: Talonflame|Dual Wingbeat|p2a: Charizard
|-activate|p2a: Charizard|move: Protect
|move|p1a: Gardevoir|Hyper Voice|p2a: Charizard|[spread] p2b
|-activate|p2a: Charizard|move: Protect
|-damage|p2b: Archaludon|45/100
|-ability|p2b: Archaludon|Stamina|boost
|-boost|p2b: Archaludon|def|1
|move|p2b: Archaludon|Flash Cannon|p1a: Gardevoir
|-supereffective|p1a: Gardevoir|1
|-damage|p1a: Gardevoir|32/100
|
|-weather|SunnyDay|[upkeep]
|-heal|p2b: Archaludon|51/100|[from] item: Leftovers
|upkeep
|turn|3
|
|t:|1784129103
|switch|p2b: Venusaur|Venusaur, L50, F|100/100
|move|p1b: Talonflame|Dual Wingbeat|p2a: Charizard
|-damage|p2a: Charizard|78/100
|-damage|p2a: Charizard|57/100
|-hitcount|p2a: Charizard|2
|move|p1a: Gardevoir|Hyper Voice|p2b: Venusaur|[spread] p2a,p2b
|-resisted|p2a: Charizard|1
|-resisted|p2b: Venusaur|1
|-damage|p2a: Charizard|35/100
|-damage|p2b: Venusaur|66/100
|move|p2a: Charizard|Heat Wave|p1b: Talonflame|[spread] p1a,p1b
|-resisted|p1b: Talonflame|1
|-damage|p1a: Gardevoir|0 fnt
|-damage|p1b: Talonflame|0 fnt
|faint|p1a: Gardevoir
|faint|p1b: Talonflame
|
|-weather|SunnyDay|[upkeep]
|upkeep
|
|t:|1784129110
|switch|p1b: Basculegion|Basculegion, L50, M|100/100
|switch|p1a: Maushold|Maushold, L50|100/100
|turn|4
|inactive|Andrea Pirlo 2 has 30 seconds left.
|
|t:|1784129137
|switch|p2b: Pelipper|Pelipper, L50, F|100/100
|-weather|RainDance|[from] ability: Drizzle|[of] p2b: Pelipper
|move|p1b: Basculegion|Last Respects|p2b: Pelipper
|-damage|p2b: Pelipper|7/100
|-enditem|p2b: Pelipper|Sitrus Berry|[eat]
|-heal|p2b: Pelipper|31/100|[from] item: Sitrus Berry
|move|p1a: Maushold|Super Fang|p2a: Charizard
|-damage|p2a: Charizard|17/100
|move|p2a: Charizard|Hurricane|p1b: Basculegion
|-damage|p1b: Basculegion|37/100
|-start|p1b: Basculegion|confusion
|
|-weather|RainDance|[upkeep]
|-sideend|p1: The RU Agenda|move: Tailwind
|upkeep
|turn|5
|
|t:|1784129155
|move|p1a: Maushold|Follow Me|p1a: Maushold
|-singleturn|p1a: Maushold|move: Follow Me
|-activate|p1b: Basculegion|confusion
|move|p1b: Basculegion|Last Respects|p2b: Pelipper
|-crit|p2b: Pelipper
|-damage|p2b: Pelipper|0 fnt
|faint|p2b: Pelipper
|move|p2a: Charizard|Hurricane|p1a: Maushold
|-damage|p1a: Maushold|16/100
|
|-weather|RainDance|[upkeep]
|upkeep
|
|t:|1784129163
|switch|p2b: Archaludon|Archaludon, L50, F|51/100
|turn|6
|
|t:|1784129170
|-activate|p1b: Basculegion|confusion
|move|p1b: Basculegion|Last Respects|p2a: Charizard
|-damage|p2a: Charizard|0 fnt
|faint|p2a: Charizard
|move|p1a: Maushold|Super Fang|p2b: Archaludon
|-damage|p2b: Archaludon|26/100
|-ability|p2b: Archaludon|Stamina|boost
|-boost|p2b: Archaludon|def|1
|move|p2b: Archaludon|Electro Shot||[still]
|-prepare|p2b: Archaludon|Electro Shot
|-boost|p2b: Archaludon|spa|1
|-anim|p2b: Archaludon|Electro Shot|p1b: Basculegion
|-supereffective|p1b: Basculegion|1
|-damage|p1b: Basculegion|0 fnt
|faint|p1b: Basculegion
|
|-weather|RainDance|[upkeep]
|-heal|p2b: Archaludon|32/100|[from] item: Leftovers
|upkeep
|
|t:|1784129175
|switch|p2a: Venusaur|Venusaur, L50, F|66/100
|turn|7
|-message|The RU Agenda forfeited.
|
|win|Andrea Pirlo 2
