|j|☆Your_King3212
|j|☆yuirs gsb
|html|Your_King3212yuirs gsb    
|uhtml|bestof|Game 1 of a best-of-3
|t:|1785270428
|gametype|doubles
|player|p1|Your_King3212|flannery|1040
|player|p2|yuirs gsb|benga|1127
|gen|9
|tier|[Gen 9 Champions] VGC 2026 Reg M-B (Bo3)
|rated|
|rule|Species Clause: Limit one of each Pokémon
|rule|Item Clause: Limit 1 of each item
|clearpoke
|poke|p1|Garchomp, L50, F, shiny|
|poke|p1|Charizard, L50, M|
|poke|p1|Basculegion, L50, M|
|poke|p1|Kingambit, L50, M|
|poke|p1|Sneasler, L50, F|
|poke|p1|Dragonite, L50, F|
|poke|p2|Meowstic, L50, M|
|poke|p2|Venusaur, L50, M|
|poke|p2|Farigiraf, L50, M|
|poke|p2|Blastoise, L50, M|
|poke|p2|Torkoal, L50, M|
|poke|p2|Reuniclus, L50, F|
|teampreview|4
|showteam|p1|Garchomp||Leftovers|RoughSkin|RockTomb,DragonClaw,Earthquake,Protect|Adamant||F|||50|]Charizard||CharizarditeY|SolarPower|SolarBeam,Flamethrower,Protect,RockSlide|Modest||M|||50|]Basculegion||ChoiceScarf|Adaptability|PhantomForce,Protect,WaveCrash,IceFang|Adamant||M|||50|]Kingambit||BlackGlasses|Defiant|KowtowCleave,IronHead,Protect,SuckerPunch|Adamant||M|||50|]Sneasler||MentalHerb|Unburden|CloseCombat,DireClaw,FakeOut,Protect|Adamant||F|||50|]Dragonite||Dragoninite|Multiscale|DracoMeteor,Protect,RainDance,Hurricane|Adamant||F|||50|
|showteam|p2|Meowstic||ColburBerry|Prankster|ExpandingForce,PsychicTerrain,FakeOut,TrickRoom|Bold||M|||50|]Venusaur||FocusSash|Chlorophyll|SleepPowder,SludgeBomb,LeafStorm,Protect|Modest||M|||50|]Farigiraf||SitrusBerry|ArmorTail|TrickRoom,Thunderbolt,Imprison,ExpandingForce|Bold||M|||50|]Blastoise||Blastoisinite|Torrent|FakeOut,DarkPulse,WaterPulse,AuraSphere|Quiet||M|||50|]Torkoal||Charcoal|Drought|Eruption,WeatherBall,Protect,EarthPower|Quiet||M|||50|]Reuniclus||LifeOrb|MagicGuard|ExpandingForce,TrickRoom,Protect,FocusBlast|Quiet||F|||50|
|inactive|Battle timer is ON: inactive players will automatically lose when time's up. (requested by yuirs gsb)
|inactive|yuirs gsb has 60 seconds left.
|inactive|yuirs gsb has 30 seconds left.
|
|t:|1785270498
|teamsize|p1|4
|teamsize|p2|4
|start
|switch|p1a: Sneasler|Sneasler, L50, F|100/100
|switch|p1b: Kingambit|Kingambit, L50, M|100/100
|switch|p2a: Blastoise|Blastoise, L50, M|100/100
|switch|p2b: Farigiraf|Farigiraf, L50, M|100/100
|turn|1
|
|t:|1785270522
|detailschange|p2a: Blastoise|Blastoise-Mega, L50, M
|-mega|p2a: Blastoise|Blastoise|Blastoisinite
|move|p1b: Kingambit|Protect|p1b: Kingambit
|-singleturn|p1b: Kingambit|Protect
|move|p1a: Sneasler|Fake Out||[still]
|cant|p2b: Farigiraf|ability: Armor Tail|Fake Out|[of] p1a: Sneasler
|move|p2a: Blastoise|Fake Out|p1b: Kingambit
|-activate|p1b: Kingambit|move: Protect
|move|p2b: Farigiraf|Trick Room|p2b: Farigiraf
|-fieldstart|move: Trick Room|[of] p2b: Farigiraf
|
|upkeep
|turn|2
|
|t:|1785270541
|switch|p2b: Meowstic|Meowstic, L50, M|100/100
|move|p2a: Blastoise|Aura Sphere|p1b: Kingambit
|-supereffective|p1b: Kingambit|2
|-damage|p1b: Kingambit|0 fnt
|faint|p1b: Kingambit
|move|p1a: Sneasler|Dire Claw|p2a: Blastoise
|-damage|p2a: Blastoise|62/100
|
|upkeep
|
|t:|1785270552
|switch|p1b: Basculegion|Basculegion, L50, M|100/100
|turn|3
|
|t:|1785270562
|move|p2b: Meowstic|Psychic Terrain|p2b: Meowstic
|-fieldstart|move: Psychic Terrain
|move|p2a: Blastoise|Dark Pulse|p1b: Basculegion
|-supereffective|p1b: Basculegion|1
|-damage|p1b: Basculegion|14/100
|move|p1b: Basculegion|Phantom Force||[still]
|-prepare|p1b: Basculegion|Phantom Force
|move|p1a: Sneasler|Dire Claw|p2a: Blastoise
|-damage|p2a: Blastoise|22/100
|
|upkeep
|turn|4
|
|t:|1785270579
|switch|p2b: Farigiraf|Farigiraf, L50, M|100/100
|move|p2a: Blastoise|Water Pulse|p1a: Sneasler
|-damage|p1a: Sneasler|39/100
|move|p1b: Basculegion|Phantom Force|p2b: Farigiraf|[from] lockedmove
|-immune|p2b: Farigiraf
|move|p1a: Sneasler|Dire Claw|p2a: Blastoise
|-damage|p2a: Blastoise|0 fnt
|faint|p2a: Blastoise
|
|upkeep
|
|t:|1785270586
|switch|p2a: Torkoal|Torkoal, L50, M|100/100
|-weather|SunnyDay|[from] ability: Drought|[of] p2a: Torkoal
|turn|5
|
|t:|1785270600
|switch|p2a: Meowstic|Meowstic, L50, M|100/100
|switch|p1b: Garchomp|Garchomp, L50, F, shiny|100/100
|move|p2b: Farigiraf|Expanding Force|p1b: Garchomp|[spread] p1a,p1b
|-supereffective|p1a: Sneasler|2
|-damage|p1a: Sneasler|0 fnt
|-damage|p1b: Garchomp|59/100
|faint|p1a: Sneasler
|
|-weather|SunnyDay|[upkeep]
|-heal|p1b: Garchomp|65/100|[from] item: Leftovers
|-fieldend|move: Trick Room
|upkeep
|
|t:|1785270611
|switch|p1a: Basculegion|Basculegion, L50, M|14/100
|turn|6
|
|t:|1785270624
|move|p1a: Basculegion|Wave Crash|p2a: Meowstic
|-damage|p2a: Meowstic|65/100
|-damage|p1a: Basculegion|4/100|[from] Recoil
|move|p1b: Garchomp|Rock Tomb|p2b: Farigiraf
|-damage|p2b: Farigiraf|80/100
|-unboost|p2b: Farigiraf|spe|1
|move|p2b: Farigiraf|Expanding Force|p1a: Basculegion|[spread] p1a,p1b
|-damage|p1a: Basculegion|0 fnt
|-damage|p1b: Garchomp|25/100
|faint|p1a: Basculegion
|move|p2a: Meowstic|Trick Room|p2a: Meowstic
|-fieldstart|move: Trick Room|[of] p2a: Meowstic
|
|-weather|SunnyDay|[upkeep]
|-heal|p1b: Garchomp|31/100|[from] item: Leftovers
|upkeep
|turn|7
|
|t:|1785270640
|move|p2b: Farigiraf|Expanding Force|p1b: Garchomp
|-damage|p1b: Garchomp|0 fnt
|faint|p1b: Garchomp
|
|win|yuirs gsb
||yuirs gsb is ready for game 2.
|l|☆Your_King3212
|player|p1|
|inactive|Your_King3212 has 30 seconds to confirm battle start!
|inactive|Your_King3212 has 20 seconds to confirm battle start!
|inactive|Your_King3212 has 10 seconds to confirm battle start!
|j| soulmoonvgc
