|j|☆RosieAndJim
|j|☆buf01 NoSoyWekj
|html|RosieAndJimbuf01 NoSoyWekj    
|uhtml|bestof|Game 2 of a best-of-3
|t:|1756255829
|gametype|doubles
|player|p1|RosieAndJim|2|1121
|player|p2|buf01 NoSoyWekj|striker|1185
|gen|9
|tier|[Gen 9] VGC 2025 Reg H (Bo3)
|rated|
|rule|Species Clause: Limit one of each Pokémon
|rule|Item Clause: Limit 1 of each item
|clearpoke
|poke|p1|Archaludon, L50, F|
|poke|p1|Garchomp, L50, M|
|poke|p1|Incineroar, L50, M|
|poke|p1|Pelipper, L50, F|
|poke|p1|Talonflame, L50, M|
|poke|p1|Tinkaton, L50, F|
|poke|p2|Sinistcha, L50|
|poke|p2|Ursaluna, L50, M|
|poke|p2|Dragonite, L50, M|
|poke|p2|Archaludon, L50, M|
|poke|p2|Pelipper, L50, F|
|poke|p2|Incineroar, L50, M|
|teampreview|4
|showteam|p1|Archaludon||AssaultVest|Stamina|ElectroShot,DragonPulse,BodyPress,Snarl|||F|||50|,,,,,Grass]Garchomp||LifeOrb|RoughSkin|Earthquake,DragonClaw,StompingTantrum,Protect|||M|||50|,,,,,Ground]Incineroar||SafetyGoggles|Intimidate|FlareBlitz,KnockOff,PartingShot,FakeOut|||M|||50|,,,,,Ghost]Pelipper||FocusSash|Drizzle|WeatherBall,Hurricane,Tailwind,Protect|||F|||50|,,,,,Stellar]Talonflame||CovertCloak|GaleWings|BraveBird,Tailwind,Taunt,RainDance|||M|||50|,,,,,Flying]Tinkaton||SitrusBerry|MoldBreaker|GigatonHammer,KnockOff,ThunderWave,FakeOut|||F|||50|,,,,,Fairy
|showteam|p2|Sinistcha||SitrusBerry|Hospitality|MatchaGotcha,RagePowder,LifeDew,TrickRoom||||||50|,,,,,Dark]Ursaluna||FlameOrb|Guts|Facade,HeadlongRush,Earthquake,Protect|||M|||50|,,,,,Ghost]Dragonite||LoadedDice|Multiscale|ScaleShot,Tailwind,Haze,Protect|||M|||50|,,,,,Fairy]Archaludon||AssaultVest|Stamina|ElectroShot,BodyPress,DracoMeteor,FlashCannon|||M|||50|,,,,,Bug]Pelipper||FocusSash|Drizzle|Protect,Tailwind,WeatherBall,Hurricane|||F|||50|,,,,,Ghost]Incineroar||SafetyGoggles|Intimidate|PartingShot,FakeOut,KnockOff,FlareBlitz|||M|||50|,,,,,Ghost
|inactive|Battle timer is ON: inactive players will automatically lose when time's up. (requested by RosieAndJim)
|
|t:|1756255856
|teamsize|p1|4
|teamsize|p2|4
|start
|switch|p1a: Incineroar|Incineroar, L50, M|100/100
|switch|p1b: Garchomp|Garchomp, L50, M|100/100
|switch|p2a: Incineroar|Incineroar, L50, M, shiny|100/100
|switch|p2b: Dragonite|Dragonite, L50, M, shiny|100/100
|-ability|p2a: Incineroar|Intimidate|boost
|-unboost|p1a: Incineroar|atk|1
|-unboost|p1b: Garchomp|atk|1
|-ability|p1a: Incineroar|Intimidate|boost
|-unboost|p2a: Incineroar|atk|1
|-unboost|p2b: Dragonite|atk|1
|turn|1
|inactive|RosieAndJim has 30 seconds left.
|inactive|buf01 NoSoyWekj has 30 seconds left.
|inactive|RosieAndJim has 20 seconds left.
|inactive|buf01 NoSoyWekj has 20 seconds left.
|
|t:|1756255892
|switch|p2a: Sinistcha|Sinistcha, L50, shiny|100/100
|-terastallize|p1a: Incineroar|Ghost
|move|p2b: Dragonite|Protect|p2b: Dragonite
|-singleturn|p2b: Dragonite|Protect
|move|p1a: Incineroar|Fake Out|p2b: Dragonite
|-activate|p2b: Dragonite|move: Protect
|move|p1b: Garchomp|Stomping Tantrum|p2a: Sinistcha
|-resisted|p2a: Sinistcha
|-damage|p2a: Sinistcha|86/100
|-damage|p1b: Garchomp|91/100|[from] item: Life Orb
|
|upkeep
|turn|2
|inactive|RosieAndJim has 30 seconds left.
|inactive|buf01 NoSoyWekj has 30 seconds left.
|
|t:|1756255923
|switch|p1b: Archaludon|Archaludon, L50, F|100/100
|switch|p2a: Incineroar|Incineroar, L50, M, shiny|100/100
|-ability|p2a: Incineroar|Intimidate|boost
|-unboost|p1a: Incineroar|atk|1
|-unboost|p1b: Archaludon|atk|1
|-terastallize|p2b: Dragonite|Fairy
|move|p2b: Dragonite|Tailwind|p2b: Dragonite
|-sidestart|p2: buf01 NoSoyWekj|move: Tailwind
|move|p1a: Incineroar|Flare Blitz|p2a: Incineroar
|-resisted|p2a: Incineroar
|-damage|p2a: Incineroar|92/100
|-damage|p1a: Incineroar|97/100|[from] Recoil
|
|upkeep
|turn|3
|inactive|RosieAndJim has 30 seconds left.
|inactive|RosieAndJim has 20 seconds left.
|
|t:|1756255961
|move|p2b: Dragonite|Scale Shot|p1a: Incineroar
|-damage|p1a: Incineroar|88/100
|-damage|p1a: Incineroar|79/100
|-damage|p1a: Incineroar|70/100
|-damage|p1a: Incineroar|61/100
|-damage|p1a: Incineroar|52/100
|-hitcount|p1a: Incineroar|5
|-unboost|p2b: Dragonite|def|1
|-boost|p2b: Dragonite|spe|1
|move|p2a: Incineroar|Parting Shot|p1b: Archaludon
|-unboost|p1b: Archaludon|atk|1
|-unboost|p1b: Archaludon|spa|1
|
|t:|1756255974
|switch|p2a: Ursaluna|Ursaluna, L50, M|100/100|[from] Parting Shot
|move|p1b: Archaludon|Body Press|p2a: Ursaluna
|-supereffective|p2a: Ursaluna
|-damage|p2a: Ursaluna|65/100
|move|p1a: Incineroar|Parting Shot|p2b: Dragonite
|-unboost|p2b: Dragonite|atk|1
|-unboost|p2b: Dragonite|spa|1
|
|t:|1756255991
|switch|p1a: Pelipper|Pelipper, L50, F|100/100|[from] Parting Shot
|-weather|RainDance|[from] ability: Drizzle|[of] p1a: Pelipper
|
|-weather|RainDance|[upkeep]
|-status|p2a: Ursaluna|brn|[from] item: Flame Orb
|upkeep
|turn|4
|
|t:|1756256015
|switch|p2a: Incineroar|Incineroar, L50, M, shiny|92/100
|-ability|p2a: Incineroar|Intimidate|boost
|-unboost|p1a: Pelipper|atk|1
|-unboost|p1b: Archaludon|atk|1
|switch|p1b: Incineroar|Incineroar, L50, M, tera:Ghost|52/100
|-ability|p1b: Incineroar|Intimidate|boost
|-unboost|p2a: Incineroar|atk|1
|-unboost|p2b: Dragonite|atk|1
|move|p2b: Dragonite|Scale Shot|p1a: Pelipper
|-damage|p1a: Pelipper|92/100
|-damage|p1a: Pelipper|83/100
|-damage|p1a: Pelipper|75/100
|-damage|p1a: Pelipper|67/100
|-damage|p1a: Pelipper|58/100
|-hitcount|p1a: Pelipper|5
|-unboost|p2b: Dragonite|def|1
|-boost|p2b: Dragonite|spe|1
|move|p1a: Pelipper|Weather Ball|p2a: Incineroar
|-supereffective|p2a: Incineroar
|-damage|p2a: Incineroar|0 fnt
|faint|p2a: Incineroar
|
|-weather|RainDance|[upkeep]
|upkeep
|
|t:|1756256039
|switch|p2a: Ursaluna|Ursaluna, L50, M|65/100 brn
|turn|5
|
|t:|1756256054
|move|p1b: Incineroar|Fake Out|p2b: Dragonite
|-damage|p2b: Dragonite|89/100
|cant|p2b: Dragonite|flinch
|move|p2a: Ursaluna|Facade|p1a: Pelipper
|-damage|p1a: Pelipper|0 fnt
|faint|p1a: Pelipper
|
|-weather|RainDance|[upkeep]
|-damage|p2a: Ursaluna|59/100 brn|[from] brn
|-sideend|p2: buf01 NoSoyWekj|move: Tailwind
|upkeep
|inactive|RosieAndJim has 30 seconds left.
|inactive|RosieAndJim has 20 seconds left.
|inactive|RosieAndJim has 15 seconds left.
|inactive|RosieAndJim has 10 seconds left.
|
|t:|1756256103
|switch|p1a: Garchomp|Garchomp, L50, M|91/100
|turn|6
|
|t:|1756256119
|switch|p2a: Sinistcha|Sinistcha, L50, shiny|86/100
|-heal|p2b: Dragonite|100/100|[from] ability: Hospitality|[of] p2a: Sinistcha
|move|p2b: Dragonite|Scale Shot|p1a: Garchomp
|-supereffective|p1a: Garchomp
|-damage|p1a: Garchomp|78/100
|-supereffective|p1a: Garchomp
|-damage|p1a: Garchomp|67/100
|-supereffective|p1a: Garchomp
|-damage|p1a: Garchomp|54/100
|-supereffective|p1a: Garchomp
|-damage|p1a: Garchomp|41/100
|-supereffective|p1a: Garchomp
|-damage|p1a: Garchomp|28/100
|-hitcount|p1a: Garchomp|5
|-unboost|p2b: Dragonite|def|1
|-boost|p2b: Dragonite|spe|1
|move|p1a: Garchomp|Dragon Claw|p2a: Sinistcha
|-damage|p2a: Sinistcha|39/100
|-enditem|p2a: Sinistcha|Sitrus Berry|[eat]
|-heal|p2a: Sinistcha|64/100|[from] item: Sitrus Berry
|-damage|p1a: Garchomp|18/100|[from] item: Life Orb
|move|p1b: Incineroar|Knock Off|p2a: Sinistcha
|-supereffective|p2a: Sinistcha
|-damage|p2a: Sinistcha|12/100
|
|-weather|RainDance|[upkeep]
|upkeep
|turn|7
|inactive|RosieAndJim has 30 seconds left.
|inactive|buf01 NoSoyWekj has 30 seconds left.
|inactive|RosieAndJim has 20 seconds left.
|
|t:|1756256156
|move|p1a: Garchomp|Protect|p1a: Garchomp
|-singleturn|p1a: Garchomp|Protect
|move|p2a: Sinistcha|Rage Powder|p2a: Sinistcha
|-singleturn|p2a: Sinistcha|move: Rage Powder
|move|p2b: Dragonite|Tailwind|p2b: Dragonite
|-sidestart|p2: buf01 NoSoyWekj|move: Tailwind
|move|p1b: Incineroar|Knock Off|p2a: Sinistcha
|-supereffective|p2a: Sinistcha
|-damage|p2a: Sinistcha|0 fnt
|faint|p2a: Sinistcha
|
|-weather|none
|upkeep
|
|t:|1756256158
|switch|p2a: Ursaluna|Ursaluna, L50, M|59/100 brn
|turn|8
|inactive|RosieAndJim has 30 seconds left.
|inactive|RosieAndJim has 20 seconds left.
|inactive|RosieAndJim has 15 seconds left.
|
|t:|1756256201
|move|p2b: Dragonite|Protect|p2b: Dragonite
|-singleturn|p2b: Dragonite|Protect
|move|p2a: Ursaluna|Earthquake|p1b: Incineroar|[spread] p1a,p1b
|-activate|p2b: Dragonite|move: Protect
|-damage|p1a: Garchomp|0 fnt
|-damage|p1b: Incineroar|0 fnt
|faint|p1a: Garchomp
|faint|p1b: Incineroar
|
|-damage|p2a: Ursaluna|52/100 brn|[from] brn
|upkeep
|
|t:|1756256210
|switch|p1a: Archaludon|Archaludon, L50, F|100/100
|turn|9
|
|t:|1756256221
|move|p2b: Dragonite|Protect||[still]
|-fail|p2b: Dragonite
|move|p2a: Ursaluna|Headlong Rush|p1a: Archaludon
|-supereffective|p1a: Archaludon
|-damage|p1a: Archaludon|0 fnt
|-unboost|p2a: Ursaluna|def|1
|-unboost|p2a: Ursaluna|spd|1
|faint|p1a: Archaludon
|
|win|buf01 NoSoyWekj
|raw|RosieAndJim's rating: 1121 → 1101(-20 for losing)
|raw|buf01 NoSoyWekj's rating: 1185 → 1205(+20 for winning)
