|j|‽redpkmntrainer14
|j|☆castoriceball
|html|redpkmntrainer14castoriceball    
|uhtml|bestof|Game 2 of a best-of-3
|t:|1784020915
|gametype|doubles
|player|p1|redpkmntrainer14|guitarist|1198
|player|p2|castoriceball|miku-flying|1253
|gen|9
|tier|[Gen 9 Champions] VGC 2026 Reg M-B (Bo3)
|rated|
|rule|Species Clause: Limit one of each Pokémon
|rule|Item Clause: Limit 1 of each item
|clearpoke
|poke|p1|Charizard, L50, F|
|poke|p1|Sinistcha, L50|
|poke|p1|Sneasler, L50, M|
|poke|p1|Kingambit, L50, F|
|poke|p1|Scizor, L50, M, shiny|
|poke|p1|Glimmora, L50, F|
|poke|p2|Garchomp, L50, F|
|poke|p2|Floette-Eternal, L50, F|
|poke|p2|Talonflame, L50, M|
|poke|p2|Rotom-Wash, L50, shiny|
|poke|p2|Sneasler, L50, F|
|poke|p2|Venusaur, L50, F|
|teampreview|4
|showteam|p1|Charizard||CharizarditeX|Blaze|BellyDrum,BreakingSwipe,FlareBlitz,Protect|Jolly||F|||50|]Sinistcha||SitrusBerry|Hospitality|RagePowder,MatchaGotcha,LifeDew,StrengthSap|Modest|||||50|]Sneasler||FocusSash|PoisonTouch|DireClaw,Uturn,CloseCombat,FakeOut|Adamant||M|||50|]Kingambit||LifeOrb|SupremeOverlord|Protect,KowtowCleave,IronHead,SuckerPunch|Adamant||F|||50|]Scizor||Scizorite|Technician|BulletPunch,CloseCombat,SwordsDance,BugBite|Adamant||M|||50|]Glimmora||ShucaBerry|ToxicDebris|DazzlingGleam,EarthPower,PowerGem,SludgeBomb|Modest||F|||50|
|showteam|p2|Garchomp||LifeOrb|RoughSkin|DragonClaw,Earthquake,RockSlide,Protect|Adamant||F|||50|]Floette-Eternal||Floettite|FlowerVeil|Moonblast,DazzlingGleam,LightofRuin,Protect|Modest||F|||50|]Talonflame||SharpBeak|GaleWings|Tailwind,DualWingbeat,FlareBlitz,Protect|Jolly||M|||50|]Rotom-Wash||Magnet|Levitate|Thunderbolt,HydroPump,Electroweb,Protect|Modest|||||50|]Sneasler||FocusSash|PoisonTouch|FakeOut,CloseCombat,DireClaw,QuickGuard|Adamant||F|||50|]Venusaur||Venusaurite|Chlorophyll|GigaDrain,SludgeBomb,EarthPower,Protect|Modest||F|||50|
|
|t:|1784020941
|teamsize|p1|4
|teamsize|p2|4
|start
|switch|p1a: Sneasler|Sneasler, L50, M|100/100
|switch|p1b: Charizard|Charizard, L50, F|100/100
|switch|p2a: BIRDD|Talonflame, L50, M|100/100
|switch|p2b: jarchomp|Garchomp, L50, F|100/100
|turn|1
|
|t:|1784020968
|move|p1a: Sneasler|Fake Out|p2a: BIRDD
|-damage|p2a: BIRDD|76/100
|cant|p2a: BIRDD|flinch
|move|p1b: Charizard|Breaking Swipe|p2b: jarchomp|[spread] p2a,p2b
|-supereffective|p2b: jarchomp|1
|-damage|p2a: BIRDD|57/100
|-damage|p2b: jarchomp|74/100
|-unboost|p2a: BIRDD|atk|1
|-unboost|p2b: jarchomp|atk|1
|-damage|p1b: Charizard|87/100|[from] ability: Rough Skin|[of] p2b: jarchomp
|move|p2b: jarchomp|Earthquake|p1a: Sneasler|[spread] p1a
|-immune|p2a: BIRDD
|-immune|p1b: Charizard
|-supereffective|p1a: Sneasler|1
|-enditem|p1a: Sneasler|Focus Sash
|-damage|p1a: Sneasler|1/100
|-damage|p2b: jarchomp|64/100|[from] item: Life Orb
|
|upkeep
|turn|2
|
|t:|1784020987
|switch|p1a: Sinistcha|Sinistcha, L50|100/100
|-heal|p1b: Charizard|100/100|[from] ability: Hospitality|[of] p1a: Sinistcha
|detailschange|p1b: Charizard|Charizard-Mega-X, L50, F
|-mega|p1b: Charizard|Charizard|Charizardite X
|move|p2a: BIRDD|Tailwind|p2a: BIRDD
|-sidestart|p2: castoriceball|move: Tailwind
|move|p2b: jarchomp|Earthquake|p1b: Charizard|[spread] p1a,p1b
|-immune|p2a: BIRDD
|-resisted|p1a: Sinistcha|1
|-supereffective|p1b: Charizard|1
|-damage|p1a: Sinistcha|82/100
|-damage|p1b: Charizard|18/100
|-damage|p2b: jarchomp|55/100|[from] item: Life Orb
|move|p1b: Charizard|Breaking Swipe|p2a: BIRDD|[spread] p2a,p2b
|-supereffective|p2b: jarchomp|1
|-damage|p2a: BIRDD|9/100
|-damage|p2b: jarchomp|0 fnt
|-unboost|p2a: BIRDD|atk|1
|-damage|p1b: Charizard|5/100|[from] ability: Rough Skin|[of] p2b: jarchomp
|faint|p2b: jarchomp
|
|upkeep
|
|t:|1784021003
|switch|p2b: $70 flutter|Floette-Eternal, L50, F|100/100
|turn|3
|
|t:|1784021013
|detailschange|p2b: $70 flutter|Floette-Mega, L50, F
|-mega|p2b: $70 flutter|Floette|Floettite
|-ability|p2b: $70 flutter|Fairy Aura
|move|p1b: Charizard|Protect|p1b: Charizard
|-singleturn|p1b: Charizard|Protect
|move|p2a: BIRDD|Dual Wingbeat|p1b: Charizard
|-activate|p1b: Charizard|move: Protect
|move|p2b: $70 flutter|Light of Ruin|p1a: Sinistcha
|-damage|p1a: Sinistcha|0 fnt
|faint|p1a: Sinistcha
|-damage|p2b: $70 flutter|61/100|[from] Recoil
|
|upkeep
|
|t:|1784021025
|switch|p1a: Sneasler|Sneasler, L50, M|1/100
|turn|4
|
|t:|1784021033
|switch|p1b: Glimmora|Glimmora, L50, F|100/100
|move|p1a: Sneasler|Fake Out|p2b: $70 flutter
|-damage|p2b: $70 flutter|41/100
|move|p2a: BIRDD|Dual Wingbeat|p1b: Glimmora
|-resisted|p1b: Glimmora|1
|-damage|p1b: Glimmora|95/100
|-activate|p1b: Glimmora|ability: Toxic Debris
|-sidestart|p2: castoriceball|move: Toxic Spikes
|-resisted|p1b: Glimmora|1
|-damage|p1b: Glimmora|91/100
|-activate|p1b: Glimmora|ability: Toxic Debris
|-sidestart|p2: castoriceball|move: Toxic Spikes
|-hitcount|p1b: Glimmora|2
|cant|p2b: $70 flutter|flinch
|
|upkeep
|turn|5
|
|t:|1784021057
|switch|p2a: Laundry List|Rotom-Wash, L50, shiny|100/100
|move|p2b: $70 flutter|Dazzling Gleam|p1a: Sneasler|[spread] p1a,p1b
|-resisted|p1b: Glimmora|1
|-damage|p1a: Sneasler|0 fnt
|-damage|p1b: Glimmora|61/100
|faint|p1a: Sneasler
|move|p1b: Glimmora|Sludge Bomb|p2b: $70 flutter
|-supereffective|p2b: $70 flutter|1
|-damage|p2b: $70 flutter|0 fnt
|faint|p2b: $70 flutter
|
|-sideend|p2: castoriceball|move: Tailwind
|upkeep
|
|t:|1784021065
|switch|p1a: Charizard|Charizard-Mega-X, L50, F|5/100
|switch|p2b: BIRDD|Talonflame, L50, M|9/100
|turn|6
|
|t:|1784021073
|move|p2b: BIRDD|Tailwind|p2b: BIRDD
|-sidestart|p2: castoriceball|move: Tailwind
|move|p2a: Laundry List|Hydro Pump|p1b: Glimmora|[miss]
|-miss|p2a: Laundry List|p1b: Glimmora
|move|p1a: Charizard|Breaking Swipe|p2a: Laundry List|[spread] p2a,p2b
|-damage|p2a: Laundry List|68/100
|-damage|p2b: BIRDD|0 fnt
|-unboost|p2a: Laundry List|atk|1
|faint|p2b: BIRDD
|move|p1b: Glimmora|Sludge Bomb|p2a: Laundry List
|-damage|p2a: Laundry List|16/100
|-status|p2a: Laundry List|psn
|
|-damage|p2a: Laundry List|3/100 psn|[from] psn
|upkeep
|turn|7
|
|t:|1784021083
|move|p1a: Charizard|Protect|p1a: Charizard
|-singleturn|p1a: Charizard|Protect
|move|p2a: Laundry List|Hydro Pump|p1b: Glimmora|[miss]
|-miss|p2a: Laundry List|p1b: Glimmora
|move|p1b: Glimmora|Dazzling Gleam|p2a: Laundry List
|-damage|p2a: Laundry List|0 fnt
|faint|p2a: Laundry List
|
|win|redpkmntrainer14
||redpkmntrainer14 is ready for game 3.
