|j|☆Goddamnthesun_VGC
|j|☆endk649
|html|Goddamnthesun_VGCendk649    
|uhtml|bestof|Game 2 of a best-of-3
|t:|1756985644
|gametype|doubles
|player|p1|Goddamnthesun_VGC|fisherman-gen4|1087
|player|p2|endk649|gambler|1099
|gen|9
|tier|[Gen 9] VGC 2025 Reg H (Bo3)
|rated|
|rule|Species Clause: Limit one of each Pokémon
|rule|Item Clause: Limit 1 of each item
|clearpoke
|poke|p1|Ninetales-Alola, L50, F|
|poke|p1|Garchomp, L50, F|
|poke|p1|Kingambit, L50, F|
|poke|p1|Rillaboom, L50, M|
|poke|p1|Annihilape, L50, F|
|poke|p1|Volcarona, L50, F|
|poke|p2|Feraligatr, L50, M|
|poke|p2|Kommo-o, L50, M|
|poke|p2|Politoed, L50, F|
|poke|p2|Rillaboom, L50, M|
|poke|p2|Incineroar, L50, M|
|poke|p2|Amoonguss, L50, M|
|teampreview|4
|showteam|p1|Ninetales-Alola||LoadedDice|SnowWarning|AuroraVeil,Encore,IcicleSpear,Howl|||F|||50|,,,,,Ghost]Garchomp||LifeOrb|RoughSkin|Earthquake,StompingTantrum,DragonClaw,Protect|||F|||50|,,,,,Steel]Kingambit||BlackGlasses|Defiant|KowtowCleave,SuckerPunch,SwordsDance,Protect|||F|||50|,,,,,Dark]Rillaboom||AssaultVest|GrassySurge|WoodHammer,GrassyGlide,HighHorsepower,FakeOut|||M|||50|,,,,,Fire]Annihilape||SafetyGoggles|Defiant|RageFist,CloseCombat,Coaching,FinalGambit|||F|||50|,,,,,Steel]Volcarona||GrassySeed|FlameBody|HeatWave,GigaDrain,QuiverDance,RagePowder|||F|||50|,,,,,Grass
|showteam|p2|Feraligatr||LifeOrb|SheerForce|Liquidation,Crunch,DragonDance,Protect|||M|||50|,,,,,Dark]Kommo-o||ThroatSpray|Bulletproof|ClangingScales,AuraSphere,ClangorousSoul,Protect|||M|||50|,,,,,Fairy]Politoed||SitrusBerry|Drizzle|WeatherBall,IcyWind,Haze,Protect|||F|||50|,,,,,Grass]Rillaboom||AssaultVest|GrassySurge|WoodHammer,GrassyGlide,FakeOut,Uturn|||M|||50|,,,,,Fire]Incineroar||SafetyGoggles|Intimidate|KnockOff,FakeOut,Taunt,PartingShot|||M|||50|,,,,,Ghost]Amoonguss||CovertCloak|Regenerator|PollenPuff,Spore,RagePowder,Protect|||M|||50|,,,,,Water
|inactive|Battle timer is ON: inactive players will automatically lose when time's up. (requested by endk649)
|inactive|Goddamnthesun_VGC has 60 seconds left.
|inactive|endk649 has 30 seconds left.
|inactive|endk649 has 20 seconds left.
|inactive|endk649 has 15 seconds left.
|inactive|endk649 has 10 seconds left.
|inactive|endk649 has 5 seconds left.
|
|t:|1756985718
|teamsize|p1|4
|teamsize|p2|4
|start
|switch|p1a: Ninetales|Ninetales-Alola, L50, F|100/100
|switch|p1b: Annihilape|Annihilape, L50, F|100/100
|switch|p2a: Feraligatr|Feraligatr, L50, M, shiny|100/100
|switch|p2b: Politoed|Politoed, L50, F|100/100
|-weather|Snowscape|[from] ability: Snow Warning|[of] p1a: Ninetales
|-weather|RainDance|[from] ability: Drizzle|[of] p2b: Politoed
|turn|1
|inactive|Goddamnthesun_VGC has 30 seconds left.
|inactive|Goddamnthesun_VGC has 20 seconds left.
|inactive|Goddamnthesun_VGC has 15 seconds left.
|
|t:|1756985760
|switch|p1a: Rillaboom|Rillaboom, L50, M|100/100
|-fieldstart|move: Grassy Terrain|[from] ability: Grassy Surge|[of] p1a: Rillaboom
|-terastallize|p2a: Feraligatr|Dark
|move|p1b: Annihilape|Coaching|p1a: Rillaboom
|-boost|p1a: Rillaboom|atk|1
|-boost|p1a: Rillaboom|def|1
|move|p2a: Feraligatr|Dragon Dance|p2a: Feraligatr
|-boost|p2a: Feraligatr|atk|1
|-boost|p2a: Feraligatr|spe|1
|move|p2b: Politoed|Weather Ball|p1b: Annihilape
|-damage|p1b: Annihilape|44/100
|
|-weather|RainDance|[upkeep]
|-heal|p1b: Annihilape|50/100|[from] Grassy Terrain
|upkeep
|turn|2
|inactive|Goddamnthesun_VGC has 30 seconds left.
|inactive|endk649 has 30 seconds left.
|inactive|Goddamnthesun_VGC has 20 seconds left.
|inactive|endk649 has 20 seconds left.
|inactive|Goddamnthesun_VGC has 15 seconds left.
|
|t:|1756985802
|switch|p1b: Ninetales|Ninetales-Alola, L50, F|100/100
|-weather|Snowscape|[from] ability: Snow Warning|[of] p1b: Ninetales
|switch|p2b: Incineroar|Incineroar, L50, M, shiny|100/100
|-ability|p2b: Incineroar|Intimidate|boost
|-unboost|p1a: Rillaboom|atk|1
|-unboost|p1b: Ninetales|atk|1
|move|p1a: Rillaboom|Fake Out|p2a: Feraligatr
|-damage|p2a: Feraligatr|86/100
|cant|p2a: Feraligatr|flinch
|
|-weather|Snowscape|[upkeep]
|-heal|p2a: Feraligatr|92/100|[from] Grassy Terrain
|upkeep
|turn|3
|inactive|Goddamnthesun_VGC has 30 seconds left.
|inactive|endk649 has 30 seconds left.
|
|t:|1756985835
|move|p2b: Incineroar|Fake Out|p1a: Rillaboom
|-damage|p1a: Rillaboom|93/100
|move|p2a: Feraligatr|Liquidation|p1b: Ninetales
|-damage|p1b: Ninetales|14/100
|move|p1b: Ninetales|Aurora Veil|p1b: Ninetales
|-sidestart|p1: Goddamnthesun_VGC|move: Aurora Veil
|cant|p1a: Rillaboom|flinch
|
|-weather|Snowscape|[upkeep]
|-heal|p2a: Feraligatr|98/100|[from] Grassy Terrain
|-heal|p1b: Ninetales|20/100|[from] Grassy Terrain
|-heal|p1a: Rillaboom|99/100|[from] Grassy Terrain
|upkeep
|turn|4
|inactive|Goddamnthesun_VGC has 30 seconds left.
|inactive|endk649 has 30 seconds left.
|
|t:|1756985866
|move|p2a: Feraligatr|Protect|p2a: Feraligatr
|-singleturn|p2a: Feraligatr|Protect
|move|p1b: Ninetales|Howl|p1b: Ninetales|[spread] p1a,p1b
|-boost|p1a: Rillaboom|atk|1
|-boost|p1b: Ninetales|atk|1
|move|p1a: Rillaboom|Wood Hammer|p2a: Feraligatr
|-activate|p2a: Feraligatr|move: Protect
|move|p2b: Incineroar|Parting Shot|p1a: Rillaboom
|-unboost|p1a: Rillaboom|atk|1
|-unboost|p1a: Rillaboom|spa|1
|
|t:|1756985876
|switch|p2b: Amoonguss|Amoonguss, L50, M|100/100|[from] Parting Shot
|
|-weather|Snowscape|[upkeep]
|-heal|p2a: Feraligatr|100/100|[from] Grassy Terrain
|-heal|p1b: Ninetales|27/100|[from] Grassy Terrain
|-heal|p1a: Rillaboom|100/100|[from] Grassy Terrain
|upkeep
|turn|5
|inactive|Goddamnthesun_VGC has 30 seconds left.
|inactive|endk649 has 30 seconds left.
|inactive|Goddamnthesun_VGC has 20 seconds left.
|
|t:|1756985911
|switch|p2b: Incineroar|Incineroar, L50, M, shiny|100/100
|-ability|p2b: Incineroar|Intimidate|boost
|-unboost|p1a: Rillaboom|atk|1
|-unboost|p1b: Ninetales|atk|1
|move|p2a: Feraligatr|Liquidation|p1b: Ninetales
|-damage|p1b: Ninetales|0 fnt
|faint|p1b: Ninetales
|move|p1a: Rillaboom|Wood Hammer|p2a: Feraligatr
|-damage|p2a: Feraligatr|40/100
|-damage|p1a: Rillaboom|83/100|[from] Recoil
|
|-weather|Snowscape|[upkeep]
|-heal|p2a: Feraligatr|45/100|[from] Grassy Terrain
|-heal|p1a: Rillaboom|89/100|[from] Grassy Terrain
|-fieldend|move: Grassy Terrain
|upkeep
|
|t:|1756985933
|switch|p1b: Annihilape|Annihilape, L50, F|50/100
|turn|6
|
|t:|1756985946
|switch|p1a: Volcarona|Volcarona, L50, F|100/100
|move|p2a: Feraligatr|Protect|p2a: Feraligatr
|-singleturn|p2a: Feraligatr|Protect
|move|p1b: Annihilape|Close Combat|p2a: Feraligatr
|-activate|p2a: Feraligatr|move: Protect
|move|p2b: Incineroar|Parting Shot|p1a: Volcarona
|-unboost|p1a: Volcarona|atk|1
|-unboost|p1a: Volcarona|spa|1
|
|t:|1756985954
|switch|p2b: Politoed|Politoed, L50, F|100/100|[from] Parting Shot
|-weather|RainDance|[from] ability: Drizzle|[of] p2b: Politoed
|
|-weather|RainDance|[upkeep]
|upkeep
|turn|7
|inactive|Goddamnthesun_VGC has 30 seconds left.
|
|t:|1756985988
|-terastallize|p1a: Volcarona|Grass
|move|p2a: Feraligatr|Liquidation|p1b: Annihilape
|-damage|p1b: Annihilape|0 fnt
|faint|p1b: Annihilape
|move|p1a: Volcarona|Quiver Dance|p1a: Volcarona
|-boost|p1a: Volcarona|spa|1
|-boost|p1a: Volcarona|spd|1
|-boost|p1a: Volcarona|spe|1
|move|p2b: Politoed|Icy Wind|p1a: Volcarona
|-supereffective|p1a: Volcarona
|-damage|p1a: Volcarona|86/100
|-unboost|p1a: Volcarona|spe|1
|
|-weather|RainDance|[upkeep]
|-sideend|p1: Goddamnthesun_VGC|move: Aurora Veil
|upkeep
|
|t:|1756985992
|switch|p1b: Rillaboom|Rillaboom, L50, M|89/100
|-fieldstart|move: Grassy Terrain|[from] ability: Grassy Surge|[of] p1b: Rillaboom
|-enditem|p1a: Volcarona|Grassy Seed
|-boost|p1a: Volcarona|def|1|[from] item: Grassy Seed
|turn|8
|
|t:|1756986007
|switch|p2b: Incineroar|Incineroar, L50, M, shiny|100/100
|-ability|p2b: Incineroar|Intimidate|boost
|-unboost|p1a: Volcarona|atk|1
|-unboost|p1b: Rillaboom|atk|1
|move|p2a: Feraligatr|Protect|p2a: Feraligatr
|-singleturn|p2a: Feraligatr|Protect
|move|p1a: Volcarona|Quiver Dance|p1a: Volcarona
|-boost|p1a: Volcarona|spa|1
|-boost|p1a: Volcarona|spd|1
|-boost|p1a: Volcarona|spe|1
|move|p1b: Rillaboom|High Horsepower|p2b: Incineroar
|-supereffective|p2b: Incineroar
|-damage|p2b: Incineroar|58/100
|
|-weather|RainDance|[upkeep]
|-heal|p1a: Volcarona|93/100|[from] Grassy Terrain
|-heal|p2a: Feraligatr|51/100|[from] Grassy Terrain
|-heal|p1b: Rillaboom|95/100|[from] Grassy Terrain
|-heal|p2b: Incineroar|64/100|[from] Grassy Terrain
|upkeep
|turn|9
|inactive|Goddamnthesun_VGC has 30 seconds left.
|inactive|endk649 has 30 seconds left.
|
|t:|1756986035
|move|p2b: Incineroar|Fake Out|p1a: Volcarona
|-damage|p1a: Volcarona|84/100
|cant|p1a: Volcarona|flinch
|move|p2a: Feraligatr|Crunch|p1b: Rillaboom
|-damage|p1b: Rillaboom|6/100
|move|p1b: Rillaboom|Wood Hammer|p2a: Feraligatr
|-damage|p2a: Feraligatr|0 fnt
|faint|p2a: Feraligatr
|-damage|p1b: Rillaboom|0 fnt|[from] Recoil
|faint|p1b: Rillaboom
|
|-weather|RainDance|[upkeep]
|-heal|p1a: Volcarona|91/100|[from] Grassy Terrain
|-heal|p2b: Incineroar|70/100|[from] Grassy Terrain
|upkeep
|
|t:|1756986043
|switch|p2a: Amoonguss|Amoonguss, L50, M|100/100
|turn|10
|
|t:|1756986064
|move|p1a: Volcarona|Heat Wave|p2b: Incineroar|[spread] p2a
|-miss|p1a: Volcarona|p2b: Incineroar
|-supereffective|p2a: Amoonguss
|-damage|p2a: Amoonguss|60/100
|move|p2b: Incineroar|Taunt|p1a: Volcarona
|-start|p1a: Volcarona|move: Taunt
|move|p2a: Amoonguss|Pollen Puff|p2b: Incineroar
|-heal|p2b: Incineroar|100/100
|
|-weather|none
|-heal|p1a: Volcarona|97/100|[from] Grassy Terrain
|-heal|p2a: Amoonguss|65/100|[from] Grassy Terrain
|upkeep
|turn|11
|
|t:|1756986077
|switch|p2a: Politoed|Politoed, L50, F|100/100
|-weather|RainDance|[from] ability: Drizzle|[of] p2a: Politoed
|move|p1a: Volcarona|Heat Wave|p2a: Politoed|[spread] p2a,p2b
|-resisted|p2a: Politoed
|-resisted|p2b: Incineroar
|-damage|p2a: Politoed|88/100
|-damage|p2b: Incineroar|89/100
|move|p2b: Incineroar|Parting Shot|p1a: Volcarona
|-unboost|p1a: Volcarona|atk|1
|-unboost|p1a: Volcarona|spa|1
|
|t:|1756986083
|switch|p2b: Amoonguss|Amoonguss, L50, M|99/100|[from] Parting Shot
|
|-weather|RainDance|[upkeep]
|-heal|p1a: Volcarona|100/100|[from] Grassy Terrain
|-heal|p2a: Politoed|94/100|[from] Grassy Terrain
|-heal|p2b: Amoonguss|100/100|[from] Grassy Terrain
|upkeep
|turn|12
|
|t:|1756986091
|switch|p2b: Incineroar|Incineroar, L50, M, shiny|89/100
|-ability|p2b: Incineroar|Intimidate|boost
|-unboost|p1a: Volcarona|atk|1
|move|p2a: Politoed|Protect|p2a: Politoed
|-singleturn|p2a: Politoed|Protect
|move|p1a: Volcarona|Heat Wave|p2b: Incineroar|[spread] p2b
|-activate|p2a: Politoed|move: Protect
|-resisted|p2b: Incineroar
|-damage|p2b: Incineroar|82/100
|
|-weather|RainDance|[upkeep]
|-heal|p2a: Politoed|100/100|[from] Grassy Terrain
|-heal|p2b: Incineroar|88/100|[from] Grassy Terrain
|-fieldend|move: Grassy Terrain
|upkeep
|turn|13
|
|t:|1756986098
|move|p2b: Incineroar|Fake Out|p1a: Volcarona
|-damage|p1a: Volcarona|93/100
|cant|p1a: Volcarona|flinch
|move|p2a: Politoed|Haze|p2a: Politoed
|-clearallboost
|
|-weather|RainDance|[upkeep]
|-end|p1a: Volcarona|move: Taunt
|upkeep
|turn|14
|
|t:|1756986111
|move|p2a: Politoed|Protect|p2a: Politoed
|-singleturn|p2a: Politoed|Protect
|move|p1a: Volcarona|Quiver Dance|p1a: Volcarona
|-boost|p1a: Volcarona|spa|1
|-boost|p1a: Volcarona|spd|1
|-boost|p1a: Volcarona|spe|1
|move|p2b: Incineroar|Taunt|p1a: Volcarona
|-start|p1a: Volcarona|move: Taunt
|
|-weather|RainDance|[upkeep]
|upkeep
|turn|15
|
|t:|1756986125
|switch|p2a: Amoonguss|Amoonguss, L50, M|100/100
|move|p1a: Volcarona|Giga Drain|p2a: Amoonguss
|-resisted|p2a: Amoonguss
|-damage|p2a: Amoonguss|89/100
|-heal|p1a: Volcarona|99/100|[from] drain|[of] p2a: Amoonguss
|move|p2b: Incineroar|Parting Shot|p1a: Volcarona
|-unboost|p1a: Volcarona|atk|1
|-unboost|p1a: Volcarona|spa|1
|
|t:|1756986126
|switch|p2b: Politoed|Politoed, L50, F|100/100|[from] Parting Shot
|
|-weather|none
|upkeep
|turn|16
|
|t:|1756986133
|switch|p2a: Incineroar|Incineroar, L50, M, shiny|88/100
|-ability|p2a: Incineroar|Intimidate|boost
|-unboost|p1a: Volcarona|atk|1
|move|p2b: Politoed|Protect|p2b: Politoed
|-singleturn|p2b: Politoed|Protect
|move|p1a: Volcarona|Heat Wave|p2a: Incineroar|[spread] p2a
|-activate|p2b: Politoed|move: Protect
|-resisted|p2a: Incineroar
|-damage|p2a: Incineroar|75/100
|
|upkeep
|turn|17
|
|t:|1756986145
|move|p2a: Incineroar|Fake Out|p1a: Volcarona
|-damage|p1a: Volcarona|86/100
|cant|p1a: Volcarona|flinch
|move|p2b: Politoed|Icy Wind|p1a: Volcarona
|-supereffective|p1a: Volcarona
|-damage|p1a: Volcarona|67/100
|-unboost|p1a: Volcarona|spe|1
|
|-end|p1a: Volcarona|move: Taunt
|upkeep
|turn|18
|
|t:|1756986164
|switch|p2b: Amoonguss|Amoonguss, L50, M|100/100
|move|p1a: Volcarona|Heat Wave|p2b: Amoonguss|[spread] p2b
|-miss|p1a: Volcarona|p2a: Incineroar
|-supereffective|p2b: Amoonguss
|-damage|p2b: Amoonguss|34/100
|move|p2a: Incineroar|Parting Shot|p1a: Volcarona
|-unboost|p1a: Volcarona|atk|1
|-unboost|p1a: Volcarona|spa|1
|
|t:|1756986167
|switch|p2a: Politoed|Politoed, L50, F|100/100|[from] Parting Shot
|-weather|RainDance|[from] ability: Drizzle|[of] p2a: Politoed
|
|-weather|RainDance|[upkeep]
|upkeep
|turn|19
|
|t:|1756986183
|switch|p2b: Incineroar|Incineroar, L50, M, shiny|75/100
|-ability|p2b: Incineroar|Intimidate|boost
|-unboost|p1a: Volcarona|atk|1
|move|p2a: Politoed|Protect|p2a: Politoed
|-singleturn|p2a: Politoed|Protect
|move|p1a: Volcarona|Quiver Dance|p1a: Volcarona
|-boost|p1a: Volcarona|spa|1
|-boost|p1a: Volcarona|spd|1
|-boost|p1a: Volcarona|spe|1
|
|-weather|RainDance|[upkeep]
|upkeep
|turn|20
|
|t:|1756986192
|move|p2b: Incineroar|Fake Out|p1a: Volcarona
|-damage|p1a: Volcarona|53/100
|cant|p1a: Volcarona|flinch
|move|p2a: Politoed|Haze|p2a: Politoed
|-clearallboost
|
|-weather|RainDance|[upkeep]
|upkeep
|turn|21
|
|t:|1756986205
|switch|p2a: Amoonguss|Amoonguss, L50, M|67/100
|move|p1a: Volcarona|Quiver Dance|p1a: Volcarona
|-boost|p1a: Volcarona|spa|1
|-boost|p1a: Volcarona|spd|1
|-boost|p1a: Volcarona|spe|1
|move|p2b: Incineroar|Parting Shot|p1a: Volcarona
|-unboost|p1a: Volcarona|atk|1
|-unboost|p1a: Volcarona|spa|1
|
|t:|1756986207
|switch|p2b: Politoed|Politoed, L50, F|100/100|[from] Parting Shot
|
|-weather|RainDance|[upkeep]
|upkeep
|turn|22
|
|t:|1756986215
|switch|p2a: Incineroar|Incineroar, L50, M, shiny|75/100
|-ability|p2a: Incineroar|Intimidate|boost
|-unboost|p1a: Volcarona|atk|1
|move|p2b: Politoed|Protect|p2b: Politoed
|-singleturn|p2b: Politoed|Protect
|move|p1a: Volcarona|Giga Drain|p2b: Politoed
|-activate|p2b: Politoed|move: Protect
|
|-weather|none
|upkeep
|turn|23
|
|t:|1756986220
|move|p2a: Incineroar|Fake Out|p1a: Volcarona
|-damage|p1a: Volcarona|42/100
|cant|p1a: Volcarona|flinch
|move|p2b: Politoed|Icy Wind|p1a: Volcarona
|-supereffective|p1a: Volcarona
|-damage|p1a: Volcarona|23/100
|-unboost|p1a: Volcarona|spe|1
|
|upkeep
|turn|24
|
|t:|1756986224
|switch|p2b: Amoonguss|Amoonguss, L50, M|100/100
|move|p1a: Volcarona|Giga Drain|p2b: Amoonguss
|-resisted|p2b: Amoonguss
|-damage|p2b: Amoonguss|93/100
|-heal|p1a: Volcarona|27/100|[from] drain|[of] p2b: Amoonguss
|move|p2a: Incineroar|Parting Shot|p1a: Volcarona
|-unboost|p1a: Volcarona|atk|1
|-unboost|p1a: Volcarona|spa|1
|
|t:|1756986225
|switch|p2a: Politoed|Politoed, L50, F|100/100|[from] Parting Shot
|-weather|RainDance|[from] ability: Drizzle|[of] p2a: Politoed
|
|-weather|RainDance|[upkeep]
|upkeep
|turn|25
|inactive|Goddamnthesun_VGC has 30 seconds left.
|
|t:|1756986237
|switch|p2b: Incineroar|Incineroar, L50, M, shiny|75/100
|-ability|p2b: Incineroar|Intimidate|boost
|-unboost|p1a: Volcarona|atk|1
|move|p2a: Politoed|Protect|p2a: Politoed
|-singleturn|p2a: Politoed|Protect
|move|p1a: Volcarona|Giga Drain|p2a: Politoed
|-activate|p2a: Politoed|move: Protect
|
|-weather|RainDance|[upkeep]
|upkeep
|turn|26
|inactive|Goddamnthesun_VGC has 25 seconds left this turn.
|
|t:|1756986241
|move|p2b: Incineroar|Fake Out|p1a: Volcarona
|-damage|p1a: Volcarona|15/100
|cant|p1a: Volcarona|flinch
|move|p2a: Politoed|Icy Wind|p1a: Volcarona
|-supereffective|p1a: Volcarona
|-damage|p1a: Volcarona|0 fnt
|faint|p1a: Volcarona
|
|win|endk649
||Goddamnthesun_VGC is ready for game 3.
||endk649 is ready for game 3.
|uhtml|next|Next: Game 3 of 3
