|j|☆spellbreakvgc
|j|☆Gadiel_VaStar
|html|spellbreakvgcGadiel_VaStar    
|uhtml|bestof|Game 2 of a best-of-3
|t:|1756947578
|gametype|doubles
|player|p1|spellbreakvgc|lance|1106
|player|p2|Gadiel_VaStar|169|1000
|gen|9
|tier|[Gen 9] VGC 2025 Reg H (Bo3)
|rated|
|rule|Species Clause: Limit one of each Pokémon
|rule|Item Clause: Limit 1 of each item
|clearpoke
|poke|p1|Typhlosion-Hisui, L50, F|
|poke|p1|Tatsugiri, L50, F|
|poke|p1|Whimsicott, L50, M|
|poke|p1|Dondozo, L50, M|
|poke|p1|Annihilape, L50, M|
|poke|p1|Dragapult, L50, M|
|poke|p2|Smeargle, L50, M|
|poke|p2|Archaludon, L50, M|
|poke|p2|Pelipper, L50, F|
|poke|p2|Amoonguss, L50, F|
|poke|p2|Incineroar, L50, M|
|poke|p2|Basculegion, L50, M|
|teampreview|4
|showteam|p1|Typhlosion-Hisui||ChoiceSpecs|Blaze|Eruption,ShadowBall,Flamethrower,HeatWave|||F|||50|,,,,,Fire]Tatsugiri||FocusSash|Commander|DracoMeteor,MuddyWater,DragonPulse,Protect|||F|||50|,,,,,Fairy]Whimsicott||CovertCloak|Prankster|Moonblast,FakeTears,Tailwind,Taunt|||M|||50|,,,,,Water]Dondozo||AssaultVest|Unaware|Earthquake,OrderUp,WaveCrash,HeavySlam|||M|||50|,,,,,Grass]Annihilape||ChoiceScarf|VitalSpirit|CloseCombat,FinalGambit,Coaching,RockSlide|||M|||50|,,,,,Fighting]Dragapult||ChoiceBand|ClearBody|DragonDarts,Outrage,SuckerPunch,Uturn|||M|||50|,,,,,Dragon
|showteam|p2|Smeargle||FocusSash|Moody|Spore,Decorate,FollowMe,SpikyShield|||M|||50|,,,,,Ghost]Archaludon||AssaultVest|Stamina|BodyPress,ElectroShot,FlashCannon,DragonPulse|||M|||50|,,,,,Fairy]Pelipper||LifeOrb|Drizzle|WeatherBall,Hurricane,IcyWind,Protect|||F|||50|,,,,,Stellar]Amoonguss||RockyHelmet|Regenerator|Spore,PollenPuff,RagePowder,Protect|||F|||50|,,,,,Fairy]Incineroar||SafetyGoggles|Intimidate|FakeOut,WillOWisp,KnockOff,PartingShot|||M|||50|,,,,,Water]Basculegion||ChoiceScarf|Adaptability|AquaJet,FlipTurn,WaveCrash,LastRespects|||M|||50|,,,,,Grass
|inactive|Battle timer is ON: inactive players will automatically lose when time's up. (requested by spellbreakvgc)
|inactive|spellbreakvgc has 60 seconds left.
|inactive|spellbreakvgc has 30 seconds left.
|
|t:|1756947652
|teamsize|p1|4
|teamsize|p2|4
|start
|switch|p1a: Annihilape|Annihilape, L50, M|100/100
|switch|p1b: Dragapult|Dragapult, L50, M|100/100
|switch|p2a: Amoonguss|Amoonguss, L50, F|100/100
|switch|p2b: Smeargle|Smeargle, L50, M|100/100
|turn|1
|inactive|Gadiel_VaStar has 30 seconds left.
|inactive|spellbreakvgc has 30 seconds left.
|inactive|Gadiel_VaStar has 20 seconds left.
|inactive|Gadiel_VaStar has 15 seconds left.
|inactive|spellbreakvgc has 20 seconds left.
|inactive|Gadiel_VaStar has 10 seconds left.
|
|t:|1756947699
|-terastallize|p2b: Smeargle|Ghost
|move|p2b: Smeargle|Follow Me|p2b: Smeargle
|-singleturn|p2b: Smeargle|move: Follow Me
|move|p1a: Annihilape|Coaching|p1b: Dragapult
|-boost|p1b: Dragapult|atk|1
|-boost|p1b: Dragapult|def|1
|move|p1b: Dragapult|Dragon Darts|p2b: Smeargle
|-enditem|p2b: Smeargle|Focus Sash
|-damage|p2b: Smeargle|1/100
|-anim|p1b: Dragapult|Dragon Darts|p2b: Smeargle
|-damage|p2b: Smeargle|0 fnt
|faint|p2b: Smeargle
|move|p2a: Amoonguss|Spore|p1b: Dragapult
|-status|p1b: Dragapult|slp|[from] move: Spore
|
|upkeep
|
|t:|1756947724
|switch|p2b: Archaludon|Archaludon, L50, M|100/100
|turn|2
|
|t:|1756947735
|switch|p1b: Dondozo|Dondozo, L50, M|100/100
|switch|p2a: Pelipper|Pelipper, L50, F|100/100
|-weather|RainDance|[from] ability: Drizzle|[of] p2a: Pelipper
|move|p1a: Annihilape|Coaching|p1b: Dondozo
|-boost|p1b: Dondozo|atk|1
|-boost|p1b: Dondozo|def|1
|move|p2b: Archaludon|Electro Shot||[still]
|-prepare|p2b: Archaludon|Electro Shot
|-boost|p2b: Archaludon|spa|1
|-anim|p2b: Archaludon|Electro Shot|p1a: Annihilape
|-damage|p1a: Annihilape|42/100
|
|-weather|RainDance|[upkeep]
|upkeep
|turn|3
|inactive|spellbreakvgc has 30 seconds left.
|inactive|Gadiel_VaStar has 30 seconds left.
|inactive|spellbreakvgc has 20 seconds left.
|inactive|spellbreakvgc has 15 seconds left.
|inactive|spellbreakvgc has 10 seconds left.
|
|t:|1756947780
|-terastallize|p1b: Dondozo|Grass
|move|p1a: Annihilape|Coaching|p1b: Dondozo
|-boost|p1b: Dondozo|atk|1
|-boost|p1b: Dondozo|def|1
|move|p2b: Archaludon|Electro Shot||[still]
|-prepare|p2b: Archaludon|Electro Shot
|-boost|p2b: Archaludon|spa|1
|-anim|p2b: Archaludon|Electro Shot|p1b: Dondozo
|-resisted|p1b: Dondozo
|-damage|p1b: Dondozo|90/100
|move|p2a: Pelipper|Icy Wind|p1b: Dondozo|[spread] p1a,p1b
|-supereffective|p1b: Dondozo
|-damage|p1a: Annihilape|26/100
|-damage|p1b: Dondozo|72/100
|-unboost|p1a: Annihilape|spe|1
|-unboost|p1b: Dondozo|spe|1
|-damage|p2a: Pelipper|91/100|[from] item: Life Orb
|move|p1b: Dondozo|Wave Crash|p2a: Pelipper
|-resisted|p2a: Pelipper
|-damage|p2a: Pelipper|10/100
|-damage|p1b: Dondozo|55/100|[from] Recoil
|
|-weather|RainDance|[upkeep]
|upkeep
|turn|4
|inactive|spellbreakvgc has 30 seconds left.
|inactive|Gadiel_VaStar has 30 seconds left.
|inactive|Gadiel_VaStar has 20 seconds left.
|inactive|Gadiel_VaStar has 15 seconds left.
|
|t:|1756947824
|switch|p1a: Tatsugiri|Tatsugiri, L50, F|100/100
|-activate|p1a: Tatsugiri|ability: Commander|[of] p1b: Dondozo
|-boost|p1b: Dondozo|atk|2
|-boost|p1b: Dondozo|spa|2
|-boost|p1b: Dondozo|spe|2
|-boost|p1b: Dondozo|def|2
|-boost|p1b: Dondozo|spd|2
|move|p2b: Archaludon|Electro Shot||[still]
|-prepare|p2b: Archaludon|Electro Shot
|-boost|p2b: Archaludon|spa|1
|-anim|p2b: Archaludon|Electro Shot|p1b: Dondozo
|-resisted|p1b: Dondozo
|-damage|p1b: Dondozo|49/100
|move|p2a: Pelipper|Hurricane|p1b: Dondozo
|-supereffective|p1b: Dondozo
|-damage|p1b: Dondozo|13/100
|-damage|p2a: Pelipper|0 fnt|[from] item: Life Orb
|faint|p2a: Pelipper
|move|p1b: Dondozo|Heavy Slam|p2b: Archaludon
|-resisted|p2b: Archaludon
|-damage|p2b: Archaludon|75/100
|-ability|p2b: Archaludon|Stamina|boost
|-boost|p2b: Archaludon|def|1
|
|-weather|RainDance|[upkeep]
|upkeep
|
|t:|1756947848
|switch|p2a: Amoonguss|Amoonguss, L50, F|100/100
|turn|5
|
|t:|1756947867
|move|p2a: Amoonguss|Rage Powder|p2a: Amoonguss
|-singleturn|p2a: Amoonguss|move: Rage Powder
|move|p2b: Archaludon|Dragon Pulse|p1b: Dondozo
|-damage|p1b: Dondozo|1/100
|move|p1b: Dondozo|Heavy Slam|p2a: Amoonguss
|-damage|p2a: Amoonguss|16/100
|-damage|p1b: Dondozo|0 fnt|[from] item: Rocky Helmet|[of] p2a: Amoonguss
|faint|p1b: Dondozo
|
|-weather|RainDance|[upkeep]
|upkeep
|
|t:|1756947883
|switch|p1b: Annihilape|Annihilape, L50, M|26/100
|turn|6
|inactive|Gadiel_VaStar has 30 seconds left.
|inactive|Gadiel_VaStar has 20 seconds left.
|inactive|Gadiel_VaStar has 15 seconds left.
|inactive|Gadiel_VaStar has 10 seconds left.
|inactive|Gadiel_VaStar has 5 seconds left.
|
|t:|1756947934
|move|p2a: Amoonguss|Protect|p2a: Amoonguss
|-singleturn|p2a: Amoonguss|Protect
|move|p1b: Annihilape|Rock Slide|p2b: Archaludon|[spread] p2b
|-activate|p2a: Amoonguss|move: Protect
|-resisted|p2b: Archaludon
|-damage|p2b: Archaludon|71/100
|-ability|p2b: Archaludon|Stamina|boost
|-boost|p2b: Archaludon|def|1
|move|p1a: Tatsugiri|Muddy Water|p2a: Amoonguss|[spread] p2b
|-activate|p2a: Amoonguss|move: Protect
|-resisted|p2b: Archaludon
|-damage|p2b: Archaludon|52/100
|-unboost|p2b: Archaludon|accuracy|1
|-ability|p2b: Archaludon|Stamina|boost
|-boost|p2b: Archaludon|def|1
|cant|p2b: Archaludon|flinch
|
|-weather|none
|upkeep
|turn|7
|inactive|Gadiel_VaStar has 30 seconds left.
|
|t:|1756947967
|move|p1b: Annihilape|Rock Slide|p2b: Archaludon|[spread] p2a,p2b
|-resisted|p2b: Archaludon
|-damage|p2a: Amoonguss|5/100
|-damage|p2b: Archaludon|49/100
|-ability|p2b: Archaludon|Stamina|boost
|-boost|p2b: Archaludon|def|1
|move|p1a: Tatsugiri|Muddy Water|p2b: Archaludon|[spread] p2a,p2b
|-resisted|p2a: Amoonguss
|-resisted|p2b: Archaludon
|-damage|p2a: Amoonguss|0 fnt
|-damage|p2b: Archaludon|36/100
|-ability|p2b: Archaludon|Stamina|boost
|-boost|p2b: Archaludon|def|1
|faint|p2a: Amoonguss
|cant|p2b: Archaludon|flinch
|
|upkeep
|turn|8
|
|t:|1756947988
|move|p1b: Annihilape|Rock Slide|p2b: Archaludon
|-resisted|p2b: Archaludon
|-damage|p2b: Archaludon|34/100
|-ability|p2b: Archaludon|Stamina|boost
|-boost|p2b: Archaludon|def|1
|move|p1a: Tatsugiri|Draco Meteor|p2b: Archaludon
|-damage|p2b: Archaludon|0 fnt
|-unboost|p1a: Tatsugiri|spa|2
|faint|p2b: Archaludon
|
|win|spellbreakvgc
|inactive|spellbreakvgc has 30 seconds to confirm battle start!
|inactive|Gadiel_VaStar has 30 seconds to confirm battle start!
||spellbreakvgc is ready for game 3.
||Gadiel_VaStar is ready for game 3.
|uhtml|next|Next: Game 3 of 3
