|j|☆zegabovgc
|j|☆sorecruiser
|html|zegabovgcsorecruiser    
|uhtml|bestof|Game 2 of a best-of-3
|t:|1757689765
|gametype|doubles
|player|p1|zegabovgc|benga|1208
|player|p2|sorecruiser|furisodegirl-black|1121
|gen|9
|tier|[Gen 9] VGC 2025 Reg H (Bo3)
|rated|
|rule|Species Clause: Limit one of each Pokémon
|rule|Item Clause: Limit 1 of each item
|clearpoke
|poke|p1|Incineroar, L50, F|
|poke|p1|Amoonguss, L50, M|
|poke|p1|Ursaluna-Bloodmoon, L50, M|
|poke|p1|Sneasler, L50, F|
|poke|p1|Gholdengo, L50|
|poke|p1|Dragonite, L50, M|
|poke|p2|Gholdengo, L50|
|poke|p2|Whimsicott, L50, M|
|poke|p2|Sneasler, L50, F|
|poke|p2|Rillaboom, L50, F|
|poke|p2|Hydreigon, L50, M|
|poke|p2|Magmar, L50, M|
|teampreview|4
|showteam|p1|Incineroar||SafetyGoggles|Intimidate|FlareBlitz,KnockOff,PartingShot,FakeOut|||F|||50|,,,,,Ghost]Amoonguss||SitrusBerry|Regenerator|Spore,RagePowder,PollenPuff,Protect|||M|||50|,,,,,Dark]Ursaluna-Bloodmoon||AssaultVest|MindsEye|HyperVoice,BloodMoon,EarthPower,VacuumWave|||M|||50|,,,,,Water]Sneasler||FocusSash|Unburden|CloseCombat,DireClaw,ThroatChop,Protect|||F|||50|,,,,,Stellar]Gholdengo||LifeOrb|GoodasGold|MakeItRain,ShadowBall,NastyPlot,Protect||||||50|,,,,,Water]Dragonite||LoadedDice|Multiscale|ScaleShot,Tailwind,Haze,Protect|||M|||50|,,,,,Fairy
|showteam|p2|Gholdengo||MetalCoat|GoodasGold|MakeItRain,ShadowBall,NastyPlot,Protect||||||50|,,,,,Water]Whimsicott||CovertCloak|Prankster|Tailwind,Encore,SunnyDay,Moonblast|||M|||50|,,,,,Dark]Sneasler||WhiteHerb|Unburden|DireClaw,CloseCombat,ThroatChop,Protect|||F|||50|,,,,,Dark]Rillaboom||AssaultVest|GrassySurge|GrassyGlide,WoodHammer,HighHorsepower,FakeOut|||F|||50|,,,,,Fire]Hydreigon||ChoiceSpecs|Levitate|DarkPulse,DracoMeteor,Snarl,HeatWave|||M|||50|,,,,,Fairy]Magmar||Eviolite|VitalSpirit|FollowMe,HeatWave,Taunt,Protect|||M|||50|,,,,,Ghost
|inactive|Battle timer is ON: inactive players will automatically lose when time's up. (requested by zegabovgc)
|inactive|sorecruiser has 60 seconds left.
|
|t:|1757689808
|teamsize|p1|4
|teamsize|p2|4
|start
|switch|p1a: Incineroar|Incineroar, L50, F|100/100
|switch|p1b: Dragonite|Dragonite, L50, M|100/100
|switch|p2a: Gholdengo|Gholdengo, L50|100/100
|switch|p2b: Whimsicott|Whimsicott, L50, M|100/100
|-ability|p1a: Incineroar|Intimidate|boost
|-unboost|p2a: Gholdengo|atk|1
|-unboost|p2b: Whimsicott|atk|1
|turn|1
|inactive|zegabovgc has 30 seconds left.
|
|t:|1757689833
|-terastallize|p2a: Gholdengo|Water
|move|p1b: Dragonite|Protect|p1b: Dragonite
|-singleturn|p1b: Dragonite|Protect
|move|p2b: Whimsicott|Tailwind|p2b: Whimsicott
|-sidestart|p2: sorecruiser|move: Tailwind
|move|p2a: Gholdengo|Nasty Plot|p2a: Gholdengo
|-boost|p2a: Gholdengo|spa|2
|move|p1a: Incineroar|Flare Blitz|p2b: Whimsicott
|-supereffective|p2b: Whimsicott
|-crit|p2b: Whimsicott
|-damage|p2b: Whimsicott|0 fnt
|faint|p2b: Whimsicott
|-damage|p1a: Incineroar|73/100|[from] Recoil
|
|upkeep
|
|t:|1757689845
|switch|p2b: Hydreigon|Hydreigon, L50, M|100/100
|turn|2
|inactive|zegabovgc has 30 seconds left.
|
|t:|1757689875
|-terastallize|p1b: Dragonite|Fairy
|move|p2b: Hydreigon|Draco Meteor|p1b: Dragonite
|-immune|p1b: Dragonite
|move|p2a: Gholdengo|Make It Rain|p1b: Dragonite|[spread] p1a,p1b
|-resisted|p1a: Incineroar
|-supereffective|p1b: Dragonite
|-crit|p1b: Dragonite
|-damage|p1a: Incineroar|34/100
|-damage|p1b: Dragonite|0 fnt
|-unboost|p2a: Gholdengo|spa|1
|faint|p1b: Dragonite
|move|p1a: Incineroar|Knock Off|p2a: Gholdengo
|-damage|p2a: Gholdengo|57/100
|-enditem|p2a: Gholdengo|Metal Coat|[from] move: Knock Off|[of] p1a: Incineroar
|
|upkeep
|
|t:|1757689882
|switch|p1b: Sneasler|Sneasler, L50, F|100/100
|turn|3
|
|t:|1757689896
|move|p2b: Hydreigon|Draco Meteor|p1b: Sneasler
|-enditem|p1b: Sneasler|Focus Sash
|-damage|p1b: Sneasler|1/100
|-unboost|p2b: Hydreigon|spa|2
|move|p1b: Sneasler|Close Combat|p2b: Hydreigon
|-supereffective|p2b: Hydreigon
|-damage|p2b: Hydreigon|0 fnt
|-unboost|p1b: Sneasler|def|1
|-unboost|p1b: Sneasler|spd|1
|faint|p2b: Hydreigon
|move|p2a: Gholdengo|Make It Rain|p1b: Sneasler|[spread] p1a,p1b
|-resisted|p1a: Incineroar
|-damage|p1a: Incineroar|5/100
|-damage|p1b: Sneasler|0 fnt
|-unboost|p2a: Gholdengo|spa|1
|faint|p1b: Sneasler
|move|p1a: Incineroar|Parting Shot|p2a: Gholdengo
|-immune|p2a: Gholdengo|[from] ability: Good as Gold
|
|upkeep
|
|t:|1757689909
|switch|p1b: Gholdengo|Gholdengo, L50|100/100
|switch|p2b: Rillaboom|Rillaboom, L50, F|100/100
|-fieldstart|move: Grassy Terrain|[from] ability: Grassy Surge|[of] p2b: Rillaboom
|turn|4
|
|t:|1757689921
|move|p2b: Rillaboom|Grassy Glide|p1a: Incineroar
|-resisted|p1a: Incineroar
|-damage|p1a: Incineroar|0 fnt
|faint|p1a: Incineroar
|move|p2a: Gholdengo|Shadow Ball|p1b: Gholdengo
|-supereffective|p1b: Gholdengo
|-damage|p1b: Gholdengo|19/100
|move|p1b: Gholdengo|Shadow Ball|p2a: Gholdengo
|-damage|p2a: Gholdengo|0 fnt
|faint|p2a: Gholdengo
|-damage|p1b: Gholdengo|10/100|[from] item: Life Orb
|
|-heal|p1b: Gholdengo|16/100|[from] Grassy Terrain
|-sideend|p2: sorecruiser|move: Tailwind
|upkeep
|turn|5
|
|t:|1757689931
|move|p1b: Gholdengo|Make It Rain|p2b: Rillaboom
|-crit|p2b: Rillaboom
|-damage|p2b: Rillaboom|12/100
|-unboost|p1b: Gholdengo|spa|1
|-damage|p1b: Gholdengo|6/100|[from] item: Life Orb
|move|p2b: Rillaboom|Wood Hammer|p1b: Gholdengo
|-resisted|p1b: Gholdengo
|-damage|p1b: Gholdengo|0 fnt
|faint|p1b: Gholdengo
|-damage|p2b: Rillaboom|11/100|[from] Recoil
|
|win|sorecruiser
