|j|☆i am saksham
|j|☆2daygon
|html|i am saksham2daygon    
|uhtml|bestof|Game 2 of a best-of-3
|t:|1785475743
|gametype|doubles
|player|p1|i am saksham|wallace|1271
|player|p2|2daygon|170|1093
|gen|9
|tier|[Gen 9 Champions] VGC 2026 Reg M-B (Bo3)
|rated|
|rule|Species Clause: Limit one of each Pokémon
|rule|Item Clause: Limit 1 of each item
|clearpoke
|poke|p1|Blaziken, L50, M|
|poke|p1|Basculegion, L50, M|
|poke|p1|Kingambit, L50, M|
|poke|p1|Sylveon, L50, M|
|poke|p1|Aerodactyl, L50, F|
|poke|p1|Farigiraf, L50, F|
|poke|p2|Tyranitar, L50, M|
|poke|p2|Lycanroc, L50, M, shiny|
|poke|p2|Glimmora, L50, M|
|poke|p2|Aerodactyl, L50, M, shiny|
|poke|p2|Barbaracle, L50, M|
|poke|p2|Arcanine-Hisui, L50, M, shiny|
|teampreview|4
|showteam|p1|Blaziken||Blazikenite|SpeedBoost|CloseCombat,FlareBlitz,RockSlide,Detect|Adamant||M|||50|]Basculegion||FocusSash|Adaptability|Liquidation,AquaJet,LastRespects,Protect|Adamant||M|||50|]Kingambit||LifeOrb|Defiant|SuckerPunch,KowtowCleave,IronHead,Protect|Adamant||M|||50|]Sylveon||FairyFeather|Pixilate|HyperBeam,HyperVoice,Protect,QuickAttack|Modest||M|||50|]Aerodactyl||Aerodactylite|Unnerve|Tailwind,RockSlide,IceFang,DualWingbeat|Adamant||F|||50|]Farigiraf||SitrusBerry|ArmorTail|PsychicFangs,TrickRoom,HelpingHand,Thunderbolt|Sassy||F|||50|
|showteam|p2|Tyranitar||Tyranitarite|SandStream|RockSlide,KnockOff,AerialAce,Protect|Adamant||M|||50|]Lycanroc||LifeOrb|SandRush|CloseCombat,Trailblaze,RockSlide,Protect|Adamant||M|||50|]Glimmora||SitrusBerry|ToxicDebris|EarthPower,EnergyBall,SludgeBomb,SpikyShield|Bold||M|||50|]Aerodactyl||Aerodactylite|Unnerve|RockSlide,DualWingbeat,Tailwind,Protect|Jolly||M|||50|]Barbaracle||Leftovers|ToughClaws|Liquidation,BulkUp,Earthquake,Protect|Adamant||M|||50|]Arcanine-Hisui||FocusSash|Intimidate|FlareBlitz,WildCharge,ExtremeSpeed,Protect|Jolly||M|||50|
|inactive|Battle timer is ON: inactive players will automatically lose when time's up. (requested by 2daygon)
|inactive|i am saksham has 60 seconds left.
|
|t:|1785475776
|teamsize|p1|4
|teamsize|p2|4
|start
|switch|p1a: Aerodactyl|Aerodactyl, L50, F|100/100
|switch|p1b: Kingambit|Kingambit, L50, M|100/100
|switch|p2a: Tyranitar|Tyranitar, L50, M|100/100
|switch|p2b: Lycanroc|Lycanroc, L50, M, shiny|100/100
|-ability|p1a: Aerodactyl|Unnerve
|-weather|Sandstorm|[from] ability: Sand Stream|[of] p2a: Tyranitar
|turn|1
|inactive|i am saksham has 30 seconds left.
|
|t:|1785475810
|detailschange|p2a: Tyranitar|Tyranitar-Mega, L50, M
|-mega|p2a: Tyranitar|Tyranitar|Tyranitarite
|move|p1b: Kingambit|Sucker Punch|p2b: Lycanroc
|-damage|p2b: Lycanroc|21/100
|-damage|p1b: Kingambit|90/100|[from] item: Life Orb
|move|p2b: Lycanroc|Close Combat|p1b: Kingambit
|-supereffective|p1b: Kingambit|2
|-damage|p1b: Kingambit|0 fnt
|-unboost|p2b: Lycanroc|def|1
|-unboost|p2b: Lycanroc|spd|1
|faint|p1b: Kingambit
|-damage|p2b: Lycanroc|11/100|[from] item: Life Orb
|move|p1a: Aerodactyl|Tailwind|p1a: Aerodactyl
|-sidestart|p1: i am saksham|move: Tailwind
|move|p2a: Tyranitar|Rock Slide|p1a: Aerodactyl
|-supereffective|p1a: Aerodactyl|1
|-damage|p1a: Aerodactyl|0 fnt
|faint|p1a: Aerodactyl
|
|-weather|Sandstorm|[upkeep]
|upkeep
|
|t:|1785475826
|switch|p1a: Basculegion|Basculegion, L50, M|100/100
|switch|p1b: Blaziken|Blaziken, L50, M|100/100
|turn|2
|
|t:|1785475844
|detailschange|p1b: Blaziken|Blaziken-Mega, L50, M
|-mega|p1b: Blaziken|Blaziken|Blazikenite
|move|p2a: Tyranitar|Protect|p2a: Tyranitar
|-singleturn|p2a: Tyranitar|Protect
|move|p1a: Basculegion|Aqua Jet|p2b: Lycanroc
|-supereffective|p2b: Lycanroc|1
|-damage|p2b: Lycanroc|0 fnt
|faint|p2b: Lycanroc
|move|p1b: Blaziken|Close Combat|p2a: Tyranitar
|-activate|p2a: Tyranitar|move: Protect
|
|-weather|Sandstorm|[upkeep]
|-damage|p1b: Blaziken|94/100|[from] Sandstorm
|-damage|p1a: Basculegion|93/100|[from] Sandstorm
|-ability|p1b: Blaziken|Speed Boost|boost
|-boost|p1b: Blaziken|spe|1
|upkeep
|
|t:|1785475857
|switch|p2b: Glimmora|Glimmora, L50, M|100/100
|turn|3
|
|t:|1785475880
|switch|p2a: Arcanine|Arcanine-Hisui, L50, M, shiny|100/100
|-ability|p2a: Arcanine|Intimidate|boost
|-unboost|p1a: Basculegion|atk|1
|-unboost|p1b: Blaziken|atk|1
|move|p1b: Blaziken|Close Combat|p2a: Arcanine
|-supereffective|p2a: Arcanine|1
|-enditem|p2a: Arcanine|Focus Sash
|-damage|p2a: Arcanine|1/100
|-unboost|p1b: Blaziken|def|1
|-unboost|p1b: Blaziken|spd|1
|move|p1a: Basculegion|Liquidation|p2b: Glimmora
|-supereffective|p2b: Glimmora|1
|-damage|p2b: Glimmora|45/100
|-activate|p2b: Glimmora|ability: Toxic Debris
|-sidestart|p1: i am saksham|move: Toxic Spikes
|-enditem|p2b: Glimmora|Sitrus Berry|[eat]
|-heal|p2b: Glimmora|70/100|[from] item: Sitrus Berry
|move|p2b: Glimmora|Energy Ball|p1a: Basculegion
|-supereffective|p1a: Basculegion|1
|-damage|p1a: Basculegion|38/100
|-unboost|p1a: Basculegion|spd|1
|
|-weather|Sandstorm|[upkeep]
|-damage|p1b: Blaziken|88/100|[from] Sandstorm
|-damage|p1a: Basculegion|31/100|[from] Sandstorm
|-ability|p1b: Blaziken|Speed Boost|boost
|-boost|p1b: Blaziken|spe|1
|upkeep
|turn|4
|inactive|i am saksham has 30 seconds left.
|inactive|2daygon has 30 seconds left.
|inactive|2daygon has 20 seconds left.
|inactive|2daygon has 15 seconds left.
|
|t:|1785475923
|move|p2a: Arcanine|Protect|p2a: Arcanine
|-singleturn|p2a: Arcanine|Protect
|move|p2b: Glimmora|Spiky Shield|p2b: Glimmora
|-singleturn|p2b: Glimmora|move: Protect
|move|p1b: Blaziken|Rock Slide|p2b: Glimmora|[spread] 
|-activate|p2a: Arcanine|move: Protect
|-activate|p2b: Glimmora|move: Protect
|move|p1a: Basculegion|Liquidation|p2b: Glimmora
|-activate|p2b: Glimmora|move: Protect
|-damage|p1a: Basculegion|19/100|[from] Spiky Shield|[of] p2b: Glimmora
|
|-weather|Sandstorm|[upkeep]
|-damage|p1b: Blaziken|82/100|[from] Sandstorm
|-damage|p1a: Basculegion|13/100|[from] Sandstorm
|-sideend|p1: i am saksham|move: Tailwind
|-ability|p1b: Blaziken|Speed Boost|boost
|-boost|p1b: Blaziken|spe|1
|upkeep
|turn|5
|
|t:|1785475946
|move|p2a: Arcanine|Extreme Speed|p1b: Blaziken
|-damage|p1b: Blaziken|28/100
|move|p1b: Blaziken|Rock Slide|p2a: Arcanine|[spread] p2b
|-miss|p1b: Blaziken|p2a: Arcanine
|-damage|p2b: Glimmora|57/100
|-activate|p2b: Glimmora|ability: Toxic Debris
|-sidestart|p1: i am saksham|move: Toxic Spikes
|move|p1a: Basculegion|Liquidation|p2b: Glimmora
|-supereffective|p2b: Glimmora|1
|-damage|p2b: Glimmora|5/100
|-unboost|p2b: Glimmora|def|1
|move|p2b: Glimmora|Earth Power|p1b: Blaziken
|-supereffective|p1b: Blaziken|1
|-damage|p1b: Blaziken|0 fnt
|faint|p1b: Blaziken
|
|-weather|none
|upkeep
|turn|6
|inactive|2daygon has 30 seconds left.
|
|t:|1785475979
|switch|p2a: Tyranitar|Tyranitar-Mega, L50, M|100/100
|-weather|Sandstorm|[from] ability: Sand Stream|[of] p2a: Tyranitar
|move|p2b: Glimmora|Spiky Shield|p2b: Glimmora
|-singleturn|p2b: Glimmora|move: Protect
|move|p1a: Basculegion|Liquidation|p2a: Tyranitar
|-supereffective|p2a: Tyranitar|1
|-damage|p2a: Tyranitar|53/100
|
|-weather|Sandstorm|[upkeep]
|-damage|p1a: Basculegion|7/100|[from] Sandstorm
|upkeep
|turn|7
|
|t:|1785475993
|move|p1a: Basculegion|Liquidation|p2a: Tyranitar
|-supereffective|p2a: Tyranitar|1
|-damage|p2a: Tyranitar|7/100
|-unboost|p2a: Tyranitar|def|1
|move|p2a: Tyranitar|Knock Off|p1a: Basculegion
|-supereffective|p1a: Basculegion|1
|-damage|p1a: Basculegion|0 fnt
|-enditem|p1a: Basculegion|Focus Sash|[from] move: Knock Off|[of] p2a: Tyranitar
|faint|p1a: Basculegion
|
|win|2daygon
||i am saksham is ready for game 3.
|inactive|2daygon has 30 seconds to confirm battle start!
|inactive|2daygon has 20 seconds to confirm battle start!
