|j|☆marcosdeltasena31
|j|☆melon storme
|html|marcosdeltasena31melon storme    
|uhtml|bestof|Game 1 of a best-of-3
|t:|1785963892
|gametype|doubles
|player|p1|marcosdeltasena31|hilbert|1331
|player|p2|melon storme|kieran-masters|1183
|gen|9
|tier|[Gen 9 Champions] VGC 2026 Reg M-B (Bo3)
|rated|
|rule|Species Clause: Limit one of each Pokémon
|rule|Item Clause: Limit 1 of each item
|clearpoke
|poke|p1|Charizard, L50, M, shiny|
|poke|p1|Raichu, L50, F|
|poke|p1|Sylveon, L50, F|
|poke|p1|Whimsicott, L50, F|
|poke|p1|Garchomp, L50, M|
|poke|p1|Kingambit, L50, F|
|poke|p2|Pyroar, L50, F|
|poke|p2|Aerodactyl, L50, M|
|poke|p2|Torkoal, L50, M|
|poke|p2|Vileplume, L50, M|
|poke|p2|Farigiraf, L50, F, shiny|
|poke|p2|Mawile, L50, F|
|teampreview|4
|showteam|p1|Charizard||CharizarditeY|Blaze|HeatWave,WeatherBall,SolarBeam,Protect|Modest||M|||50|]Raichu||RaichuniteY|LightningRod|ZapCannon,FocusBlast,FakeOut,Protect|Timid||F|||50|]Sylveon||FairyFeather|Pixilate|HyperVoice,HyperBeam,QuickAttack,Protect|Modest||F|||50|]Whimsicott||FocusSash|Prankster|Moonblast,Tailwind,Encore,Protect|Timid||F|||50|]Garchomp||LifeOrb|RoughSkin|RockSlide,DragonClaw,Earthquake,Protect|Jolly||M|||50|]Kingambit||ChopleBerry|Defiant|KowtowCleave,IronHead,SuckerPunch,LowKick|Adamant||F|||50|
|showteam|p2|Pyroar||Pyroarite|Rivalry|Taunt,HeatWave,Overheat,Protect|Timid||F|||50|]Aerodactyl||SitrusBerry|Unnerve|RockSlide,Tailwind,WideGuard,DualWingbeat|Jolly||M|||50|]Torkoal||Charcoal|Drought|Eruption,HeatWave,SolarBeam,Protect|Quiet||M|||50|]Vileplume||FocusSash|Chlorophyll|EnergyBall,SludgeBomb,AfterYou,SleepPowder|Timid||M|||50|]Farigiraf||Leftovers|ArmorTail|HyperVoice,Psychic,Protect,TrickRoom|Relaxed||F|||50|]Mawile||Mawilite|Intimidate|IronHead,PlayRough,SwordsDance,SuckerPunch|Sassy||F|||50|
|
|t:|1785963922
|teamsize|p1|4
|teamsize|p2|4
|start
|switch|p1a: Garchomp|Garchomp, L50, M|100/100
|switch|p1b: Whimsicott|Whimsicott, L50, F|100/100
|switch|p2a: Mahrukasha|Aerodactyl, L50, M|100/100
|switch|p2b: Can of Soup|Farigiraf, L50, F, shiny|100/100
|-ability|p2a: Mahrukasha|Unnerve
|turn|1
|
|t:|1785963934
|switch|p1b: Kingambit|Kingambit, L50, F|100/100
|move|p2a: Mahrukasha|Wide Guard|p2a: Mahrukasha
|-singleturn|p2a: Mahrukasha|Wide Guard
|move|p1a: Garchomp|Rock Slide|p2a: Mahrukasha|[spread] 
|-activate|p2a: Mahrukasha|move: Wide Guard
|-activate|p2b: Can of Soup|move: Wide Guard
|move|p2b: Can of Soup|Trick Room|p2b: Can of Soup
|-fieldstart|move: Trick Room|[of] p2b: Can of Soup
|
|upkeep
|turn|2
|
|t:|1785963949
|move|p1b: Kingambit|Kowtow Cleave|p2a: Mahrukasha
|-damage|p2a: Mahrukasha|35/100
|-enditem|p2a: Mahrukasha|Sitrus Berry|[eat]
|-heal|p2a: Mahrukasha|60/100|[from] item: Sitrus Berry
|move|p2b: Can of Soup|Hyper Voice|p1a: Garchomp|[spread] p1a,p1b
|-resisted|p1b: Kingambit|1
|-crit|p1b: Kingambit
|-damage|p1a: Garchomp|70/100
|-damage|p1b: Kingambit|79/100
|move|p1a: Garchomp|Rock Slide|p2a: Mahrukasha|[spread] p2a,p2b
|-supereffective|p2a: Mahrukasha|1
|-damage|p2a: Mahrukasha|0 fnt
|-damage|p2b: Can of Soup|80/100
|faint|p2a: Mahrukasha
|-damage|p1a: Garchomp|61/100|[from] item: Life Orb
|
|-heal|p2b: Can of Soup|86/100|[from] item: Leftovers
|upkeep
|
|t:|1785963959
|switch|p2a: Ghengas Khan|Torkoal, L50, M|100/100
|-weather|SunnyDay|[from] ability: Drought|[of] p2a: Ghengas Khan
|turn|3
|
|t:|1785963978
|switch|p1b: Whimsicott|Whimsicott, L50, F|100/100
|move|p1a: Garchomp|Protect|p1a: Garchomp
|-singleturn|p1a: Garchomp|Protect
|move|p2a: Ghengas Khan|Eruption|p1a: Garchomp|[spread] p1b
|-activate|p1a: Garchomp|move: Protect
|-supereffective|p1b: Whimsicott|1
|-enditem|p1b: Whimsicott|Focus Sash
|-damage|p1b: Whimsicott|1/100
|move|p2b: Can of Soup|Hyper Voice|p1b: Whimsicott|[spread] p1b
|-activate|p1a: Garchomp|move: Protect
|-damage|p1b: Whimsicott|0 fnt
|faint|p1b: Whimsicott
|
|-weather|SunnyDay|[upkeep]
|-heal|p2b: Can of Soup|92/100|[from] item: Leftovers
|upkeep
|
|t:|1785963990
|switch|p1b: Charizard|Charizard, L50, M, shiny|100/100
|turn|4
|
|t:|1785964000
|switch|p1a: Kingambit|Kingambit, L50, F|79/100
|detailschange|p1b: Charizard|Charizard-Mega-Y, L50, M, shiny
|-mega|p1b: Charizard|Charizard|Charizardite Y
|move|p2a: Ghengas Khan|Eruption|p1a: Kingambit|[spread] p1a,p1b
|-supereffective|p1a: Kingambit|1
|-resisted|p1b: Charizard|1
|-damage|p1a: Kingambit|0 fnt
|-damage|p1b: Charizard|60/100
|faint|p1a: Kingambit
|move|p2b: Can of Soup|Hyper Voice|p1b: Charizard
|-damage|p1b: Charizard|26/100
|move|p1b: Charizard|Heat Wave|p2a: Ghengas Khan|[spread] p2a,p2b
|-resisted|p2a: Ghengas Khan|1
|-damage|p2a: Ghengas Khan|61/100
|-damage|p2b: Can of Soup|40/100
|
|-weather|SunnyDay|[upkeep]
|-heal|p2b: Can of Soup|46/100|[from] item: Leftovers
|upkeep
|
|t:|1785964010
|switch|p1a: Garchomp|Garchomp, L50, M|61/100
|turn|5
|
|t:|1785964016
|move|p1b: Charizard|Protect|p1b: Charizard
|-singleturn|p1b: Charizard|Protect
|move|p1a: Garchomp|Protect|p1a: Garchomp
|-singleturn|p1a: Garchomp|Protect
|move|p2a: Ghengas Khan|Heat Wave|p1a: Garchomp|[spread] 
|-activate|p1a: Garchomp|move: Protect
|-activate|p1b: Charizard|move: Protect
|move|p2b: Can of Soup|Hyper Voice|p1a: Garchomp|[spread] 
|-activate|p1a: Garchomp|move: Protect
|-activate|p1b: Charizard|move: Protect
|
|-weather|SunnyDay|[upkeep]
|-heal|p2b: Can of Soup|52/100|[from] item: Leftovers
|-fieldend|move: Trick Room
|upkeep
|turn|6
|
|t:|1785964025
|move|p2b: Can of Soup|Protect|p2b: Can of Soup
|-singleturn|p2b: Can of Soup|Protect
|move|p1a: Garchomp|Earthquake|p2a: Ghengas Khan|[spread] p2a
|-activate|p2b: Can of Soup|move: Protect
|-immune|p1b: Charizard
|-supereffective|p2a: Ghengas Khan|1
|-damage|p2a: Ghengas Khan|0 fnt
|faint|p2a: Ghengas Khan
|-damage|p1a: Garchomp|51/100|[from] item: Life Orb
|move|p1b: Charizard|Heat Wave|p2b: Can of Soup
|-activate|p2b: Can of Soup|move: Protect
|
|-weather|SunnyDay|[upkeep]
|-heal|p2b: Can of Soup|58/100|[from] item: Leftovers
|upkeep
|
|t:|1785964032
|switch|p2a: Troglodyte|Mawile, L50, F|100/100
|-ability|p2a: Troglodyte|Intimidate|boost
|-unboost|p1a: Garchomp|atk|1
|-unboost|p1b: Charizard|atk|1
|turn|7
|
|t:|1785964039
|detailschange|p2a: Troglodyte|Mawile-Mega, L50, F
|-mega|p2a: Troglodyte|Mawile|Mawilite
|move|p1b: Charizard|Protect|p1b: Charizard
|-singleturn|p1b: Charizard|Protect
|move|p2a: Troglodyte|Sucker Punch||[still]
|-fail|p2a: Troglodyte
|move|p1a: Garchomp|Earthquake|p2a: Troglodyte|[spread] p2a,p2b
|-activate|p1b: Charizard|move: Protect
|-supereffective|p2a: Troglodyte|1
|-damage|p2a: Troglodyte|34/100
|-damage|p2b: Can of Soup|31/100
|-damage|p1a: Garchomp|41/100|[from] item: Life Orb
|move|p2b: Can of Soup|Trick Room|p2b: Can of Soup
|-fieldstart|move: Trick Room|[of] p2b: Can of Soup
|
|-weather|none
|-heal|p2b: Can of Soup|37/100|[from] item: Leftovers
|upkeep
|turn|8
|
|t:|1785964067
|move|p2a: Troglodyte|Iron Head|p1a: Garchomp
|-damage|p1a: Garchomp|0 fnt
|-damage|p2a: Troglodyte|22/100|[from] ability: Rough Skin|[of] p1a: Garchomp
|faint|p1a: Garchomp
|move|p2b: Can of Soup|Hyper Voice|p1b: Charizard
|-damage|p1b: Charizard|0 fnt
|faint|p1b: Charizard
|
|win|melon storme
||marcosdeltasena31 is ready for game 2.
||melon storme is ready for game 2.
|uhtml|next|Next: Game 2 of 3
|l|☆marcosdeltasena31
|player|p1|
