|j|☆2Guys1Gay
|j|☆pseudo_777
|html|2Guys1Gaypseudo_777    
|uhtml|bestof|Game 2 of a best-of-3
|t:|1783113971
|gametype|doubles
|player|p1|2Guys1Gay|101|1221
|player|p2|pseudo_777|dancer|1123
|gen|9
|tier|[Gen 9 Champions] VGC 2026 Reg M-B (Bo3)
|rated|
|rule|Species Clause: Limit one of each Pokémon
|rule|Item Clause: Limit 1 of each item
|clearpoke
|poke|p1|Gengar, L50, F|
|poke|p1|Scrafty, L50, F|
|poke|p1|Snorlax, L50, F|
|poke|p1|Incineroar, L50, F|
|poke|p1|Ninetales-Alola, L50, F|
|poke|p1|Dragonite, L50, M|
|poke|p2|Charizard, L50, F|
|poke|p2|Whimsicott, L50, M|
|poke|p2|Kingambit, L50, M|
|poke|p2|Basculegion, L50, M|
|poke|p2|Garchomp, L50, F|
|poke|p2|Floette-Eternal, L50, F|
|teampreview|4
|showteam|p1|Gengar||Gengarite|CursedBody|Protect,PerishSong,SludgeBomb,ShadowBall|Modest||F|||50|]Scrafty||Scraftinite|Intimidate|Protect,CloseCombat,FakeOut,KnockOff|Careful||F|||50|]Snorlax||Leftovers|ThickFat|Protect,DoubleEdge,Yawn,HighHorsepower|Relaxed||F|||50|]Incineroar||SitrusBerry|Intimidate|Protect,FakeOut,FlareBlitz,PartingShot|Relaxed||F|||50|]Ninetales-Alola||FocusSash|SnowWarning|Protect,Encore,Disable,Blizzard|Timid||F|||50|]Dragonite||DragonFang|Multiscale|Protect,DragonClaw,LowKick,ExtremeSpeed|Adamant||M|||50|
|showteam|p2|Charizard||CharizarditeY|Blaze|HeatWave,SolarBeam,WeatherBall,Protect|Modest||F|||50|]Whimsicott||FocusSash|Prankster|Protect,Tailwind,Moonblast,Encore|Timid||M|||50|]Kingambit||BlackGlasses|Defiant|Protect,SuckerPunch,KowtowCleave,IronHead|Adamant||M|||50|]Basculegion||MysticWater|Adaptability|Protect,WaveCrash,LastRespects,AquaJet|Adamant||M|||50|]Garchomp||LifeOrb|RoughSkin|Earthquake,Protect,DragonClaw,RockSlide|Jolly||F|||50|]Floette-Eternal||Floettite|FlowerVeil|LightofRuin,Moonblast,DazzlingGleam,Protect|Modest||F|||50|
|
|t:|1783114004
|teamsize|p1|4
|teamsize|p2|4
|start
|switch|p1a: Snorlax|Snorlax, L50, F|100/100
|switch|p1b: Gengar|Gengar, L50, F|100/100
|switch|p2a: Whimsicott|Whimsicott, L50, M|100/100
|switch|p2b: Charizard|Charizard, L50, F|100/100
|turn|1
|
|t:|1783114024
|detailschange|p1b: Gengar|Gengar-Mega, L50, F
|-mega|p1b: Gengar|Gengar|Gengarite
|detailschange|p2b: Charizard|Charizard-Mega-Y, L50, F
|-mega|p2b: Charizard|Charizard|Charizardite Y
|-weather|SunnyDay|[from] ability: Drought|[of] p2b: Charizard
|move|p2a: Whimsicott|Protect|p2a: Whimsicott
|-singleturn|p2a: Whimsicott|Protect
|move|p1b: Gengar|Protect|p1b: Gengar
|-singleturn|p1b: Gengar|Protect
|move|p2b: Charizard|Heat Wave|p1a: Snorlax|[spread] p1a
|-activate|p1b: Gengar|move: Protect
|-damage|p1a: Snorlax|82/100
|move|p1a: Snorlax|Double-Edge|p2b: Charizard
|-damage|p2b: Charizard|56/100
|-damage|p1a: Snorlax|72/100|[from] Recoil
|
|-weather|SunnyDay|[upkeep]
|-heal|p1a: Snorlax|78/100|[from] item: Leftovers
|upkeep
|turn|2
|
|t:|1783114050
|switch|p1b: Dragonite|Dragonite, L50, M|100/100
|move|p2a: Whimsicott|Moonblast|p1b: Dragonite
|-supereffective|p1b: Dragonite|1
|-damage|p1b: Dragonite|60/100
|move|p2b: Charizard|Heat Wave|p1b: Dragonite|[spread] p1a,p1b
|-resisted|p1b: Dragonite|1
|-damage|p1a: Snorlax|60/100
|-damage|p1b: Dragonite|28/100
|move|p1a: Snorlax|Double-Edge|p2b: Charizard
|-damage|p2b: Charizard|5/100
|-damage|p1a: Snorlax|48/100|[from] Recoil
|
|-weather|SunnyDay|[upkeep]
|-heal|p1a: Snorlax|55/100|[from] item: Leftovers
|upkeep
|turn|3
|
|t:|1783114066
|switch|p2b: Basculegion|Basculegion, L50, M|100/100
|move|p1b: Dragonite|Protect|p1b: Dragonite
|-singleturn|p1b: Dragonite|Protect
|move|p2a: Whimsicott|Moonblast|p1b: Dragonite
|-activate|p1b: Dragonite|move: Protect
|move|p1a: Snorlax|Double-Edge|p2a: Whimsicott
|-damage|p2a: Whimsicott|33/100
|-damage|p1a: Snorlax|43/100|[from] Recoil
|
|-weather|SunnyDay|[upkeep]
|-heal|p1a: Snorlax|49/100|[from] item: Leftovers
|upkeep
|turn|4
|
|t:|1783114084
|move|p2a: Whimsicott|Protect|p2a: Whimsicott
|-singleturn|p2a: Whimsicott|Protect
|move|p1b: Dragonite|Extreme Speed|p2a: Whimsicott
|-activate|p2a: Whimsicott|move: Protect
|move|p2b: Basculegion|Wave Crash|p1a: Snorlax
|-damage|p1a: Snorlax|18/100
|-damage|p2b: Basculegion|87/100|[from] Recoil
|move|p1a: Snorlax|Yawn|p2b: Basculegion
|-start|p2b: Basculegion|move: Yawn|[of] p1a: Snorlax
|
|-weather|SunnyDay|[upkeep]
|-heal|p1a: Snorlax|24/100|[from] item: Leftovers
|upkeep
|turn|5
|
|t:|1783114104
|switch|p2a: Garchomp|Garchomp, L50, F|100/100
|switch|p2b: Charizard|Charizard-Mega-Y, L50, F|5/100
|move|p1a: Snorlax|Protect|p1a: Snorlax
|-singleturn|p1a: Snorlax|Protect
|move|p1b: Dragonite|Extreme Speed|p2a: Garchomp
|-damage|p2a: Garchomp|67/100
|-damage|p1b: Dragonite|16/100|[from] ability: Rough Skin|[of] p2a: Garchomp
|
|-weather|none
|-heal|p1a: Snorlax|30/100|[from] item: Leftovers
|upkeep
|turn|6
|
|t:|1783114124
|switch|p2b: Basculegion|Basculegion, L50, M|87/100
|move|p1b: Dragonite|Extreme Speed|p2b: Basculegion
|-immune|p2b: Basculegion
|move|p2a: Garchomp|Dragon Claw|p1b: Dragonite
|-supereffective|p1b: Dragonite|1
|-damage|p1b: Dragonite|0 fnt
|faint|p1b: Dragonite
|-damage|p2a: Garchomp|57/100|[from] item: Life Orb
|move|p1a: Snorlax|Double-Edge|p2a: Garchomp
|-damage|p2a: Garchomp|14/100
|-damage|p1a: Snorlax|18/100|[from] ability: Rough Skin|[of] p2a: Garchomp
|-damage|p1a: Snorlax|7/100|[from] Recoil
|
|-heal|p1a: Snorlax|14/100|[from] item: Leftovers
|upkeep
|
|t:|1783114138
|switch|p1b: Incineroar|Incineroar, L50, F|100/100
|-ability|p1b: Incineroar|Intimidate|boost
|-unboost|p2a: Garchomp|atk|1
|-unboost|p2b: Basculegion|atk|1
|turn|7
|
|t:|1783114153
|switch|p2a: Whimsicott|Whimsicott, L50, M|33/100
|move|p1a: Snorlax|Protect|p1a: Snorlax
|-singleturn|p1a: Snorlax|Protect
|move|p2b: Basculegion|Wave Crash|p1a: Snorlax
|-activate|p1a: Snorlax|move: Protect
|move|p1b: Incineroar|Flare Blitz|p2b: Basculegion
|-resisted|p2b: Basculegion|1
|-damage|p2b: Basculegion|63/100
|-damage|p1b: Incineroar|92/100|[from] Recoil
|
|-heal|p1a: Snorlax|20/100y|[from] item: Leftovers
|upkeep
|turn|8
|
|t:|1783114169
|move|p2a: Whimsicott|Tailwind|p2a: Whimsicott
|-sidestart|p2: pseudo_777|move: Tailwind
|move|p2b: Basculegion|Wave Crash|p1b: Incineroar
|-supereffective|p1b: Incineroar|1
|-damage|p1b: Incineroar|0 fnt
|faint|p1b: Incineroar
|-damage|p2b: Basculegion|33/100|[from] Recoil
|move|p1a: Snorlax|Double-Edge|p2a: Whimsicott
|-damage|p2a: Whimsicott|0 fnt
|faint|p2a: Whimsicott
|-damage|p1a: Snorlax|14/100|[from] Recoil
|
|-heal|p1a: Snorlax|20/100y|[from] item: Leftovers
|upkeep
|
|t:|1783114178
|switch|p2a: Charizard|Charizard-Mega-Y, L50, F|5/100
|switch|p1b: Gengar|Gengar-Mega, L50, F|100/100
|-weather|SunnyDay|[from] ability: Drought|[of] p2a: Charizard
|turn|9
|
|t:|1783114185
|move|p1b: Gengar|Protect|p1b: Gengar
|-singleturn|p1b: Gengar|Protect
|move|p2a: Charizard|Weather Ball|p1a: Snorlax
|-damage|p1a: Snorlax|0 fnt
|faint|p1a: Snorlax
|move|p2b: Basculegion|Last Respects|p1b: Gengar
|-activate|p1b: Gengar|move: Protect
|
|-weather|SunnyDay|[upkeep]
|upkeep
|turn|10
|-message|2Guys1Gay forfeited.
|
|win|pseudo_777
|raw|2Guys1Gay's rating: 1221 → 1189(-32 for losing)
|raw|pseudo_777's rating: 1123 → 1155(+32 for winning)
|l|☆2Guys1Gay
|player|p1|
|l|☆pseudo_777
|player|p2|
|j|☆pseudo_777
|player|p2|pseudo_777|dancer|
