|j|☆Quill86
|j|☆arrascaxeira
|html|Quill86arrascaxeira    
|uhtml|bestof|Game 3 of a best-of-3
|t:|1756781299
|gametype|doubles
|player|p1|Quill86|lucas|1277
|player|p2|arrascaxeira|101|1233
|gen|9
|tier|[Gen 9] VGC 2025 Reg H (Bo3)
|rated|
|rule|Species Clause: Limit one of each Pokémon
|rule|Item Clause: Limit 1 of each item
|clearpoke
|poke|p1|Indeedee-F, L50, F|
|poke|p1|Gallade, L50, M|
|poke|p1|Torkoal, L50, F|
|poke|p1|Ursaluna, L50, M|
|poke|p1|Hatterene, L50, F|
|poke|p1|Smeargle, L50, M|
|poke|p2|Gholdengo, L50|
|poke|p2|Rillaboom, L50, M|
|poke|p2|Tauros-Paldea-Aqua, L50, M|
|poke|p2|Dragonite, L50, M|
|poke|p2|Clefable, L50, M|
|poke|p2|Incineroar, L50, F|
|teampreview|4
|showteam|p1|Indeedee-F||PsychicSeed|PsychicSurge|FollowMe,TrickRoom,HelpingHand,DazzlingGleam|||F|||50|,,,,,Fairy]Gallade||ClearAmulet|Sharpness|SacredSword,WideGuard,TrickRoom,PsychoCut|||M|||50|,,,,,Grass]Torkoal||ChoiceSpecs|Drought|Eruption,WeatherBall,EarthPower,HeatWave|||F|||50|,,,,,Fire]Ursaluna||FlameOrb|Guts|Protect,HeadlongRush,Facade,Earthquake|||M|||50|,,,,,Ghost]Hatterene||LifeOrb|MagicBounce|DazzlingGleam,ExpandingForce,MysticalFire,TrickRoom|||F|||50|,,,,,Fire]Smeargle||FocusSash|Moody|FakeOut,Spore,Instruct,FollowMe|||M|||50|,,,,,Ghost
|showteam|p2|Gholdengo||GrassySeed|GoodasGold|NastyPlot,MakeItRain,ShadowBall,Protect||||||50|,,,,,Water]Rillaboom||AssaultVest|GrassySurge|FakeOut,GrassyGlide,HighHorsepower,WoodHammer|||M|||50|,,,,,Fire]Tauros-Paldea-Aqua||MirrorHerb|Intimidate|WaveCrash,CloseCombat,AquaJet,Protect|||M|||50|,,,,,Grass]Dragonite||LoadedDice|Multiscale|ScaleShot,Haze,StompingTantrum,Protect|||M|||50|,,,,,Fairy]Clefable||RockyHelmet|Unaware|Moonblast,FollowMe,IcyWind,Protect|||M|||50|,,,,,Electric]Incineroar||SafetyGoggles|Intimidate|FakeOut,PartingShot,KnockOff,FlareBlitz|||F|||50|,,,,,Bug
|j| teamthief420
|inactive|Battle timer is ON: inactive players will automatically lose when time's up. (requested by arrascaxeira)
|
|t:|1756781328
|teamsize|p1|4
|teamsize|p2|4
|start
|switch|p1a: Smeargle|Smeargle, L50, M|100/100
|switch|p1b: Hatterene|Hatterene, L50, F|100/100
|switch|p2a: Incineroar|Incineroar, L50, F|100/100
|switch|p2b: Gholdengo|Gholdengo, L50|100/100
|-ability|p2a: Incineroar|Intimidate|boost
|-unboost|p1a: Smeargle|atk|1
|-unboost|p1b: Hatterene|atk|1
|turn|1
|
|t:|1756781340
|-terastallize|p1b: Hatterene|Fire
|move|p1a: Smeargle|Fake Out|p2a: Incineroar
|-damage|p2a: Incineroar|97/100
|cant|p2a: Incineroar|flinch
|move|p2b: Gholdengo|Nasty Plot|p2b: Gholdengo
|-boost|p2b: Gholdengo|spa|2
|move|p1b: Hatterene|Trick Room|p1b: Hatterene
|-fieldstart|move: Trick Room|[of] p1b: Hatterene
|
|-ability|p1a: Smeargle|Moody|boost
|-boost|p1a: Smeargle|atk|2
|-unboost|p1a: Smeargle|spe|1
|upkeep
|turn|2
|
|t:|1756781363
|move|p1b: Hatterene|Dazzling Gleam|p2b: Gholdengo|[spread] p2a,p2b
|-resisted|p2b: Gholdengo
|-damage|p2a: Incineroar|53/100
|-damage|p2b: Gholdengo|77/100
|-damage|p1b: Hatterene|91/100|[from] item: Life Orb
|move|p1a: Smeargle|Instruct|p1b: Hatterene
|-singleturn|p1b: Hatterene|move: Instruct|[of] p1a: Smeargle
|move|p1b: Hatterene|Dazzling Gleam|p2a: Incineroar|[spread] p2a,p2b
|-resisted|p2b: Gholdengo
|-damage|p2a: Incineroar|9/100
|-damage|p2b: Gholdengo|55/100
|-damage|p1b: Hatterene|81/100|[from] item: Life Orb
|move|p2b: Gholdengo|Make It Rain|p1b: Hatterene|[spread] p1a,p1b
|-resisted|p1b: Hatterene
|-enditem|p1a: Smeargle|Focus Sash
|-damage|p1a: Smeargle|1/100
|-damage|p1b: Hatterene|33/100
|-unboost|p2b: Gholdengo|spa|1
|move|p2a: Incineroar|Parting Shot|p1b: Hatterene
|move|p1b: Hatterene|Parting Shot|p2a: Incineroar|[from] ability: Magic Bounce
|-unboost|p2a: Incineroar|atk|1
|-unboost|p2a: Incineroar|spa|1
|inactive|Quill86 has 30 seconds left.
|
|t:|1756781390
|switch|p1b: Gallade|Gallade, L50, M|100/100|[from] Parting Shot
|
|-ability|p1a: Smeargle|Moody|boost
|-boost|p1a: Smeargle|spd|2
|-unboost|p1a: Smeargle|spe|1
|upkeep
|turn|3
|
|t:|1756781410
|switch|p2a: Rillaboom|Rillaboom, L50, M|100/100
|-fieldstart|move: Grassy Terrain|[from] ability: Grassy Surge|[of] p2a: Rillaboom
|-enditem|p2b: Gholdengo|Grassy Seed
|-boost|p2b: Gholdengo|def|1|[from] item: Grassy Seed
|move|p1a: Smeargle|Follow Me|p1a: Smeargle
|-singleturn|p1a: Smeargle|move: Follow Me
|move|p1b: Gallade|Psycho Cut|p2b: Gholdengo
|-resisted|p2b: Gholdengo
|-damage|p2b: Gholdengo|38/100
|move|p2b: Gholdengo|Make It Rain|p1b: Gallade|[spread] p1a,p1b
|-damage|p1a: Smeargle|0 fnt
|-damage|p1b: Gallade|40/100
|-unboost|p2b: Gholdengo|spa|1
|faint|p1a: Smeargle
|
|-heal|p1b: Gallade|46/100|[from] Grassy Terrain
|-heal|p2b: Gholdengo|45/100|[from] Grassy Terrain
|upkeep
|
|t:|1756781422
|switch|p1a: Indeedee|Indeedee-F, L50, F|100/100
|-fieldstart|move: Psychic Terrain|[from] ability: Psychic Surge|[of] p1a: Indeedee
|-enditem|p1a: Indeedee|Psychic Seed
|-boost|p1a: Indeedee|spd|1|[from] item: Psychic Seed
|turn|4
|l| teamthief420
|
|t:|1756781446
|switch|p2a: Tauros|Tauros-Paldea-Aqua, L50, M|100/100
|-ability|p2a: Tauros|Intimidate|boost
|-unboost|p1a: Indeedee|atk|1
|-fail|p1b: Gallade|unboost|[from] item: Clear Amulet|[of] p1b: Gallade
|move|p1a: Indeedee|Follow Me|p1a: Indeedee
|-singleturn|p1a: Indeedee|move: Follow Me
|move|p1b: Gallade|Sacred Sword|p2a: Tauros
|-damage|p2a: Tauros|15/100
|move|p2b: Gholdengo|Nasty Plot|p2b: Gholdengo
|-boost|p2b: Gholdengo|spa|2
|
|upkeep
|turn|5
|
|t:|1756781462
|move|p2b: Gholdengo|Protect|p2b: Gholdengo
|-singleturn|p2b: Gholdengo|Protect
|move|p2a: Tauros|Wave Crash|p1b: Gallade
|-damage|p1b: Gallade|0 fnt
|faint|p1b: Gallade
|-damage|p2a: Tauros|0 fnt|[from] Recoil
|faint|p2a: Tauros
|move|p1a: Indeedee|Trick Room|p1a: Indeedee
|-fieldend|move: Trick Room
|
|upkeep
|
|t:|1756781468
|switch|p2a: Rillaboom|Rillaboom, L50, M|100/100
|switch|p1b: Hatterene|Hatterene, L50, F, tera:Fire|33/100
|-fieldstart|move: Grassy Terrain|[from] ability: Grassy Surge|[of] p2a: Rillaboom
|turn|6
|
|t:|1756781484
|move|p2b: Gholdengo|Make It Rain|p1b: Hatterene|[spread] p1a,p1b
|-resisted|p1b: Hatterene
|-damage|p1a: Indeedee|45/100
|-damage|p1b: Hatterene|0 fnt
|-unboost|p2b: Gholdengo|spa|1
|faint|p1b: Hatterene
|move|p2a: Rillaboom|Wood Hammer|p1a: Indeedee
|-damage|p1a: Indeedee|0 fnt
|faint|p1a: Indeedee
|-damage|p2a: Rillaboom|87/100|[from] Recoil
|
|win|arrascaxeira
|raw|Quill86's rating: 1277 → 1249(-28 for losing)
|raw|arrascaxeira's rating: 1233 → 1261(+28 for winning)
