|j|☆branefx
|j|☆pantsuit
|html|branefxpantsuit    
|uhtml|bestof|Game 2 of a best-of-3
|t:|1757911650
|gametype|doubles
|player|p1|branefx|scientist-gen4dp|1270
|player|p2|pantsuit|1|1401
|gen|9
|tier|[Gen 9] VGC 2025 Reg H (Bo3)
|rated|
|rule|Species Clause: Limit one of each Pokémon
|rule|Item Clause: Limit 1 of each item
|clearpoke
|poke|p1|Sneasler, L50, M|
|poke|p1|Kingambit, L50, F|
|poke|p1|Electabuzz, L50, M|
|poke|p1|Dragapult, L50, F|
|poke|p1|Rillaboom, L50, M|
|poke|p1|Volcarona, L50, M|
|poke|p2|Espathra, L50, M|
|poke|p2|Indeedee-F, L50, F|
|poke|p2|Sneasler, L50, F|
|poke|p2|Hydreigon, L50, F|
|poke|p2|Arcanine-Hisui, L50, F|
|poke|p2|Kingambit, L50, F|
|teampreview|4
|showteam|p1|Sneasler||GrassySeed|Unburden|DireClaw,CloseCombat,ThroatChop,Protect|||M|||50|,,,,,Dark]Kingambit||SafetyGoggles|Defiant|KowtowCleave,SuckerPunch,SwordsDance,Protect|||F|||50|,,,,,Dark]Electabuzz||Eviolite|VitalSpirit|FollowMe,HelpingHand,Electroweb,Taunt|||M|||50|,,,,,Ghost]Dragapult||ChoiceBand|ClearBody|DragonDarts,Outrage,PhantomForce,Uturn|||F|||50|,,,,,Dragon]Rillaboom||LoadedDice|GrassySurge|FakeOut,BulletSeed,GrassyGlide,HighHorsepower|||M|||50|,,,,,Fire]Volcarona||RockyHelmet|FlameBody|HeatWave,Protect,GigaDrain,QuiverDance|||M|||50|,,,,,Water
|showteam|p2|Espathra||LifeOrb|SpeedBoost|ExpandingForce,LuminaCrash,DazzlingGleam,Protect|||M|||50|,,,,,Psychic]Indeedee-F||RockyHelmet|PsychicSurge|Psychic,FollowMe,HelpingHand,Protect|||F|||50|,,,,,Dragon]Sneasler||PsychicSeed|Unburden|DireClaw,CloseCombat,ThroatChop,Protect|||F|||50|,,,,,Dark]Hydreigon||SafetyGoggles|Levitate|DracoMeteor,Snarl,Taunt,Protect|||F|||50|,,,,,Ghost]Arcanine-Hisui||MirrorHerb|Intimidate|FlareBlitz,RockSlide,CloseCombat,Protect|||F|||50|,,,,,Water]Kingambit||AssaultVest|Defiant|KowtowCleave,SuckerPunch,LowKick,TeraBlast|||F|||50|,,,,,Flying
|inactive|Battle timer is ON: inactive players will automatically lose when time's up. (requested by branefx)
|
|t:|1757911676
|teamsize|p1|4
|teamsize|p2|4
|start
|switch|p1a: Sneasler|Sneasler, L50, M|100/100
|switch|p1b: Kingambit|Kingambit, L50, F|100/100
|switch|p2a: Arcanine|Arcanine-Hisui, L50, F|100/100
|switch|p2b: Kingambit|Kingambit, L50, F|100/100
|-ability|p2a: Arcanine|Intimidate|boost
|-unboost|p1a: Sneasler|atk|1
|-unboost|p1b: Kingambit|atk|1
|-ability|p1b: Kingambit|Defiant|boost
|-boost|p1b: Kingambit|atk|2
|-enditem|p2a: Arcanine|Mirror Herb
|-boost|p2a: Arcanine|atk|2|[from] item: Mirror Herb
|turn|1
|inactive|pantsuit has 30 seconds left.
|inactive|branefx has 30 seconds left.
|inactive|pantsuit has 20 seconds left.
|
|t:|1757911716
|-terastallize|p2b: Kingambit|Flying
|-terastallize|p1b: Kingambit|Dark
|move|p1a: Sneasler|Protect|p1a: Sneasler
|-singleturn|p1a: Sneasler|Protect
|move|p1b: Kingambit|Sucker Punch|p2a: Arcanine
|-damage|p2a: Arcanine|6/100
|move|p2a: Arcanine|Flare Blitz|p1b: Kingambit
|-damage|p1b: Kingambit|35/100
|-damage|p2a: Arcanine|0 fnt|[from] Recoil
|faint|p2a: Arcanine
|move|p2b: Kingambit|Tera Blast|p1a: Sneasler|[anim] Tera Blast Flying
|-activate|p1a: Sneasler|move: Protect
|
|upkeep
|
|t:|1757911730
|switch|p2a: Sneasler|Sneasler, L50, F|100/100
|turn|2
|
|t:|1757911750
|switch|p1b: Volcarona|Volcarona, L50, M, shiny|100/100
|move|p2a: Sneasler|Protect|p2a: Sneasler
|-singleturn|p2a: Sneasler|Protect
|move|p1a: Sneasler|Dire Claw|p2b: Kingambit
|-damage|p2b: Kingambit|78/100
|-status|p2b: Kingambit|slp
|cant|p2b: Kingambit|slp
|
|upkeep
|turn|3
|
|t:|1757911769
|move|p1a: Sneasler|Dire Claw|p2a: Sneasler
|-resisted|p2a: Sneasler
|-damage|p2a: Sneasler|77/100
|move|p2a: Sneasler|Dire Claw|p1a: Sneasler
|-resisted|p1a: Sneasler
|-damage|p1a: Sneasler|62/100
|-status|p1a: Sneasler|slp
|move|p1b: Volcarona|Quiver Dance|p1b: Volcarona
|-boost|p1b: Volcarona|spa|1
|-boost|p1b: Volcarona|spd|1
|-boost|p1b: Volcarona|spe|1
|cant|p2b: Kingambit|slp
|
|upkeep
|turn|4
|inactive|pantsuit has 30 seconds left.
|
|t:|1757911795
|move|p1b: Volcarona|Heat Wave|p2a: Sneasler|[spread] p2b
|-miss|p1b: Volcarona|p2a: Sneasler
|-damage|p2b: Kingambit|39/100 slp
|cant|p1a: Sneasler|slp
|move|p2a: Sneasler|Dire Claw|p1a: Sneasler
|-resisted|p1a: Sneasler
|-damage|p1a: Sneasler|21/100 slp
|-curestatus|p2b: Kingambit|slp|[msg]
|move|p2b: Kingambit|Tera Blast|p1b: Volcarona|[anim] Tera Blast Flying
|-supereffective|p1b: Volcarona
|-damage|p1b: Volcarona|0 fnt
|faint|p1b: Volcarona
|
|upkeep
|
|t:|1757911805
|switch|p1b: Kingambit|Kingambit, L50, F, tera:Dark|35/100
|turn|5
|
|t:|1757911828
|switch|p2b: Indeedee|Indeedee-F, L50, F|100/100
|-fieldstart|move: Psychic Terrain|[from] ability: Psychic Surge|[of] p2b: Indeedee
|-enditem|p2a: Sneasler|Psychic Seed
|-boost|p2a: Sneasler|spd|1|[from] item: Psychic Seed
|move|p1b: Kingambit|Sucker Punch||[still]
|-fail|p1b: Kingambit
|move|p2a: Sneasler|Dire Claw|p1b: Kingambit
|-damage|p1b: Kingambit|3/100
|-status|p1b: Kingambit|slp
|cant|p1a: Sneasler|slp
|
|upkeep
|turn|6
|inactive|branefx has 30 seconds left.
|
|t:|1757911854
|switch|p1b: Rillaboom|Rillaboom, L50, M, shiny|100/100
|-fieldstart|move: Grassy Terrain|[from] ability: Grassy Surge|[of] p1b: Rillaboom
|-enditem|p1a: Sneasler|Grassy Seed
|-boost|p1a: Sneasler|def|1|[from] item: Grassy Seed
|-curestatus|p1a: Sneasler|slp|[msg]
|move|p1a: Sneasler|Close Combat|p2b: Indeedee
|-damage|p2b: Indeedee|53/100
|-unboost|p1a: Sneasler|def|1
|-unboost|p1a: Sneasler|spd|1
|-damage|p1a: Sneasler|4/100|[from] item: Rocky Helmet|[of] p2b: Indeedee
|move|p2a: Sneasler|Dire Claw|p1b: Rillaboom
|-supereffective|p1b: Rillaboom
|-damage|p1b: Rillaboom|12/100
|-status|p1b: Rillaboom|psn
|move|p2b: Indeedee|Psychic|p1a: Sneasler
|-supereffective|p1a: Sneasler
|-damage|p1a: Sneasler|0 fnt
|faint|p1a: Sneasler
|
|-heal|p2a: Sneasler|83/100|[from] Grassy Terrain
|-heal|p1b: Rillaboom|18/100 psn|[from] Grassy Terrain
|-heal|p2b: Indeedee|59/100|[from] Grassy Terrain
|-damage|p1b: Rillaboom|6/100 psn|[from] psn
|upkeep
|
|t:|1757911856
|switch|p1a: Kingambit|Kingambit, L50, F, tera:Dark|3/100 slp
|turn|7
|-message|branefx forfeited.
|
|win|pantsuit
||branefx is ready for game 3.
||pantsuit is ready for game 3.
|uhtml|next|Next: Game 3 of 3
|l|☆branefx
|player|p1|
|l|☆pantsuit
|player|p2|
