|j|☆FreezyPop439
|j|☆beeetch
|html|FreezyPop439beeetch    
|uhtml|bestof|Game 3 of a best-of-3
|t:|1783087234
|gametype|doubles
|player|p1|FreezyPop439|collector|1279
|player|p2|beeetch|piers-masters|1214
|gen|9
|tier|[Gen 9 Champions] VGC 2026 Reg M-B (Bo3)
|rated|
|rule|Species Clause: Limit one of each Pokémon
|rule|Item Clause: Limit 1 of each item
|clearpoke
|poke|p1|Raichu, L50, M|
|poke|p1|Gyarados, L50, M|
|poke|p1|Mamoswine, L50, M|
|poke|p1|Ceruledge, L50, F|
|poke|p1|Clefable, L50, M|
|poke|p1|Kingambit, L50, M|
|poke|p2|Milotic, L50, M|
|poke|p2|Volcarona, L50, F|
|poke|p2|Hydreigon, L50, F|
|poke|p2|Sylveon, L50, F|
|poke|p2|Sneasler, L50, F|
|poke|p2|Aerodactyl, L50, M|
|teampreview|4
|showteam|p1|Raichu||RaichuniteY|Static|ZapCannon,FocusBlast,FakeOut,Protect|Timid||M|||50|]Gyarados||Gyaradosite|Intimidate|Waterfall,PowerWhip,DragonDance,Protect|Adamant||M|||50|]Mamoswine||LifeOrb|Oblivious|HighHorsepower,IceShard,IcicleCrash,Protect|Jolly||M|||50|]Ceruledge||ColburBerry|FlashFire|BitterBlade,ShadowSneak,BulkUp,Protect|Adamant||F|||50|]Clefable||SitrusBerry|Unaware|Moonblast,FollowMe,HelpingHand,Protect|Bold||M|||50|]Kingambit||FocusSash|Defiant|IronHead,KowtowCleave,SuckerPunch,LowKick|Adamant||M|||50|
|showteam|p2|Milotic||Leftovers|Competitive|MuddyWater,Coil,Hypnosis,Protect|Bold||M|||50|]Volcarona||SitrusBerry|FlameBody|RagePowder,GigaDrain,HeatWave,Protect|Modest||F|||50|]Hydreigon||ChoiceScarf|Levitate|DracoMeteor,Snarl,DarkPulse,EarthPower|Modest||F|||50|]Sylveon||FairyFeather|Pixilate|HyperBeam,HyperVoice,QuickAttack,Protect|Modest||F|||50|]Sneasler||WhiteHerb|Unburden|Protect,DireClaw,CloseCombat,FakeOut|Adamant||F|||50|]Aerodactyl||Aerodactylite|Unnerve|Protect,RockSlide,DualWingbeat,Tailwind|Jolly||M|||50|
|
|t:|1783087250
|teamsize|p1|4
|teamsize|p2|4
|start
|switch|p1a: Gyarados|Gyarados, L50, M|100/100
|switch|p1b: Raichu|Raichu, L50, M|100/100
|switch|p2a: Volcarona|Volcarona, L50, F|100/100
|switch|p2b: Aerodactyl|Aerodactyl, L50, M|100/100
|-ability|p2b: Aerodactyl|Unnerve
|-ability|p1a: Gyarados|Intimidate|boost
|-unboost|p2a: Volcarona|atk|1
|-unboost|p2b: Aerodactyl|atk|1
|turn|1
|
|t:|1783087267
|switch|p2b: Hydreigon|Hydreigon, L50, F|100/100
|move|p1b: Raichu|Fake Out|p2b: Hydreigon
|-damage|p2b: Hydreigon|91/100
|move|p2a: Volcarona|Heat Wave|p1b: Raichu|[spread] p1a,p1b
|-resisted|p1a: Gyarados|1
|-crit|p1b: Raichu
|-damage|p1a: Gyarados|81/100
|-damage|p1b: Raichu|32/100
|-status|p1a: Gyarados|brn
|move|p1a: Gyarados|Dragon Dance|p1a: Gyarados
|-boost|p1a: Gyarados|atk|1
|-boost|p1a: Gyarados|spe|1
|
|-damage|p1a: Gyarados|75/100 brn|[from] brn
|upkeep
|turn|2
|
|t:|1783087284
|move|p1b: Raichu|Protect|p1b: Raichu
|-singleturn|p1b: Raichu|Protect
|move|p2b: Hydreigon|Dark Pulse|p1a: Gyarados
|-damage|p1a: Gyarados|33/100 brn
|cant|p1a: Gyarados|flinch
|move|p2a: Volcarona|Heat Wave|p1a: Gyarados|[spread] p1a
|-activate|p1b: Raichu|move: Protect
|-resisted|p1a: Gyarados|1
|-damage|p1a: Gyarados|16/100 brn
|
|-damage|p1a: Gyarados|10/100 brn|[from] brn
|upkeep
|turn|3
|
|t:|1783087295
|switch|p1b: Clefable|Clefable, L50, M|100/100
|move|p1a: Gyarados|Protect|p1a: Gyarados
|-singleturn|p1a: Gyarados|Protect
|move|p2b: Hydreigon|Dark Pulse|p1a: Gyarados
|-activate|p1a: Gyarados|move: Protect
|move|p2a: Volcarona|Heat Wave|p1a: Gyarados|[spread] p1b
|-activate|p1a: Gyarados|move: Protect
|-damage|p1b: Clefable|70/100
|
|-damage|p1a: Gyarados|4/100 brn|[from] brn
|upkeep
|turn|4
|
|t:|1783087311
|switch|p2b: Aerodactyl|Aerodactyl, L50, M|100/100
|-ability|p2b: Aerodactyl|Unnerve
|move|p1a: Gyarados|Waterfall|p2a: Volcarona
|-supereffective|p2a: Volcarona|1
|-damage|p2a: Volcarona|24/100
|-enditem|p2a: Volcarona|Sitrus Berry|[eat]
|-heal|p2a: Volcarona|49/100|[from] item: Sitrus Berry
|move|p2a: Volcarona|Heat Wave|p1a: Gyarados|[spread] p1a,p1b
|-resisted|p1a: Gyarados|1
|-crit|p1a: Gyarados
|-damage|p1a: Gyarados|0 fnt
|-damage|p1b: Clefable|39/100
|faint|p1a: Gyarados
|move|p1b: Clefable|Moonblast|p2b: Aerodactyl
|-damage|p2b: Aerodactyl|54/100
|
|upkeep
|
|t:|1783087322
|switch|p1a: Kingambit|Kingambit, L50, M|100/100
|turn|5
|
|t:|1783087356
|detailschange|p2b: Aerodactyl|Aerodactyl-Mega, L50, M
|-mega|p2b: Aerodactyl|Aerodactyl|Aerodactylite
|-enditem|p1b: Clefable|Sitrus Berry|[eat]
|-heal|p1b: Clefable|63/100|[from] item: Sitrus Berry
|move|p1a: Kingambit|Sucker Punch|p2a: Volcarona
|-damage|p2a: Volcarona|0 fnt
|faint|p2a: Volcarona
|move|p2b: Aerodactyl|Tailwind|p2b: Aerodactyl
|-sidestart|p2: beeetch|move: Tailwind
|move|p1b: Clefable|Moonblast|p2b: Aerodactyl
|-damage|p2b: Aerodactyl|19/100
|
|upkeep
|
|t:|1783087367
|switch|p2a: Sylveon|Sylveon, L50, F|100/100
|turn|6
|
|t:|1783087376
|move|p2a: Sylveon|Protect|p2a: Sylveon
|-singleturn|p2a: Sylveon|Protect
|move|p1b: Clefable|Follow Me|p1b: Clefable
|-singleturn|p1b: Clefable|move: Follow Me
|move|p2b: Aerodactyl|Rock Slide|p1b: Clefable|[spread] p1a,p1b
|-resisted|p1a: Kingambit|1
|-damage|p1a: Kingambit|89/100
|-damage|p1b: Clefable|38/100
|move|p1a: Kingambit|Iron Head|p2a: Sylveon
|-activate|p2a: Sylveon|move: Protect
|
|upkeep
|turn|7
|
|t:|1783087394
|switch|p2a: Hydreigon|Hydreigon, L50, F|91/100
|move|p1b: Clefable|Follow Me|p1b: Clefable
|-singleturn|p1b: Clefable|move: Follow Me
|move|p1a: Kingambit|Sucker Punch|p2b: Aerodactyl
|-damage|p2b: Aerodactyl|0 fnt
|faint|p2b: Aerodactyl
|
|upkeep
|
|t:|1783087401
|switch|p2b: Sylveon|Sylveon, L50, F|100/100
|turn|8
|
|t:|1783087436
|move|p1b: Clefable|Follow Me|p1b: Clefable
|-singleturn|p1b: Clefable|move: Follow Me
|move|p2a: Hydreigon|Earth Power|p1b: Clefable
|-damage|p1b: Clefable|9/100
|move|p2b: Sylveon|Hyper Voice|p1b: Clefable|[spread] p1a,p1b
|-damage|p1a: Kingambit|38/100
|-damage|p1b: Clefable|0 fnt
|faint|p1b: Clefable
|move|p1a: Kingambit|Low Kick|p2a: Hydreigon
|-supereffective|p2a: Hydreigon|1
|-crit|p2a: Hydreigon
|-damage|p2a: Hydreigon|0 fnt
|faint|p2a: Hydreigon
|
|-sideend|p2: beeetch|move: Tailwind
|upkeep
|
|t:|1783087443
|switch|p1b: Raichu|Raichu, L50, M|32/100
|turn|9
|
|t:|1783087448
|detailschange|p1b: Raichu|Raichu-Mega-Y, L50, M
|-mega|p1b: Raichu|Raichu|Raichunite Y
|move|p2b: Sylveon|Protect|p2b: Sylveon
|-singleturn|p2b: Sylveon|Protect
|move|p1b: Raichu|Fake Out|p2b: Sylveon
|-activate|p2b: Sylveon|move: Protect
|move|p1a: Kingambit|Iron Head|p2b: Sylveon
|-activate|p2b: Sylveon|move: Protect
|
|upkeep
|turn|10
|
|t:|1783087452
|move|p1b: Raichu|Zap Cannon|p2b: Sylveon
|-damage|p2b: Sylveon|46/100
|-status|p2b: Sylveon|par
|move|p1a: Kingambit|Iron Head|p2b: Sylveon
|-supereffective|p2b: Sylveon|1
|-damage|p2b: Sylveon|0 fnt
|faint|p2b: Sylveon
|
|win|FreezyPop439
|raw|FreezyPop439's rating: 1279 → 1299(+20 for winning)
|raw|beeetch's rating: 1214 → 1194(-20 for losing)
|l|☆beeetch
|player|p2|
