|j|☆rojas32
|j|☆spernerslemma
|html|rojas32spernerslemma    
|uhtml|bestof|Game 3 of a best-of-3
|t:|1784134651
|gametype|doubles
|player|p1|rojas32|170|1322
|player|p2|spernerslemma|pokekid|1347
|gen|9
|tier|[Gen 9 Champions] VGC 2026 Reg M-B (Bo3)
|rated|
|rule|Species Clause: Limit one of each Pokémon
|rule|Item Clause: Limit 1 of each item
|clearpoke
|poke|p1|Charizard, L50, M|
|poke|p1|Aerodactyl, L50, M|
|poke|p1|Sylveon, L50, F|
|poke|p1|Kingambit, L50, M|
|poke|p1|Farigiraf, L50, F|
|poke|p1|Garchomp, L50, M|
|poke|p2|Swampert, L50, M|
|poke|p2|Grimmsnarl, L50, M|
|poke|p2|Archaludon, L50, M|
|poke|p2|Pelipper, L50, M|
|poke|p2|Venusaur, L50, M|
|poke|p2|Sneasler, L50, F|
|teampreview|4
|showteam|p1|Charizard||CharizarditeY|Blaze|WeatherBall,HeatWave,SolarBeam,Protect|Modest||M|||50|]Aerodactyl||Aerodactylite|Unnerve|RockSlide,DualWingbeat,IceFang,Tailwind|Jolly||M|||50|]Sylveon||FairyFeather|Pixilate|Detect,QuickAttack,HyperBeam,HyperVoice|Modest||F|||50|]Kingambit||FocusSash|Defiant|IronHead,LowKick,KowtowCleave,SuckerPunch|Adamant||M|||50|]Farigiraf||SitrusBerry|ArmorTail|PsychicFangs,Thunderbolt,SunnyDay,TrickRoom|Relaxed||F|||50|]Garchomp||LifeOrb|RoughSkin|Protect,DragonClaw,StompingTantrum,Earthquake|Jolly||M|||50|
|showteam|p2|Swampert||Swampertite|Torrent|WaveCrash,Protect,HighHorsepower,IcePunch|Adamant||M|||50|]Grimmsnarl||LightClay|Prankster|SpiritBreak,Reflect,LightScreen,PartingShot|Careful||M|||50|]Archaludon||Leftovers|Stamina|ElectroShot,DragonPulse,FlashCannon,Protect|Modest||M|||50|]Pelipper||SitrusBerry|Drizzle|WeatherBall,Hurricane,Tailwind,Protect|Modest||M|||50|]Venusaur||Venusaurite|Chlorophyll|SludgeBomb,Protect,GigaDrain,EarthPower|Modest||M|||50|]Sneasler||FocusSash|PoisonTouch|FakeOut,PoisonJab,CloseCombat,Protect|Jolly||F|||50|
|
|t:|1784134699
|teamsize|p1|4
|teamsize|p2|4
|start
|switch|p1a: Charizard|Charizard, L50, M|100/100
|switch|p1b: Sylveon|Sylveon, L50, F|100/100
|switch|p2a: Grimmsnarl|Grimmsnarl, L50, M|100/100
|switch|p2b: Archaludon|Archaludon, L50, M|100/100
|turn|1
|
|t:|1784134734
|move|p2b: Archaludon|Protect|p2b: Archaludon
|-singleturn|p2b: Archaludon|Protect
|move|p2a: Grimmsnarl|Light Screen|p2a: Grimmsnarl
|-sidestart|p2: spernerslemma|move: Light Screen
|move|p1a: Charizard|Heat Wave|p2a: Grimmsnarl|[spread] p2a
|-activate|p2b: Archaludon|move: Protect
|-damage|p2a: Grimmsnarl|82/100
|move|p1b: Sylveon|Hyper Voice|p2b: Archaludon|[spread] p2a
|-activate|p2b: Archaludon|move: Protect
|-supereffective|p2a: Grimmsnarl|1
|-damage|p2a: Grimmsnarl|24/100
|
|upkeep
|turn|2
|
|t:|1784134803
|detailschange|p1a: Charizard|Charizard-Mega-Y, L50, M
|-mega|p1a: Charizard|Charizard|Charizardite Y
|-weather|SunnyDay|[from] ability: Drought|[of] p1a: Charizard
|move|p2a: Grimmsnarl|Parting Shot|p2b: Archaludon
|-unboost|p2b: Archaludon|atk|1
|-unboost|p2b: Archaludon|spa|1
|
|t:|1784134810
|switch|p2a: Pelipper|Pelipper, L50, M|100/100|[from] Parting Shot
|-weather|RainDance|[from] ability: Drizzle|[of] p2a: Pelipper
|move|p1a: Charizard|Weather Ball|p2b: Archaludon
|-resisted|p2b: Archaludon|1
|-damage|p2b: Archaludon|78/100
|-ability|p2b: Archaludon|Stamina|boost
|-boost|p2b: Archaludon|def|1
|move|p2b: Archaludon|Electro Shot||[still]
|-prepare|p2b: Archaludon|Electro Shot
|-boost|p2b: Archaludon|spa|1
|-anim|p2b: Archaludon|Electro Shot|p1a: Charizard
|-supereffective|p1a: Charizard|1
|-damage|p1a: Charizard|27/100
|move|p1b: Sylveon|Hyper Voice|p2a: Pelipper|[spread] p2a,p2b
|-damage|p2a: Pelipper|62/100
|-damage|p2b: Archaludon|46/100
|-ability|p2b: Archaludon|Stamina|boost
|-boost|p2b: Archaludon|def|1
|
|-weather|RainDance|[upkeep]
|-heal|p2b: Archaludon|52/100|[from] item: Leftovers
|upkeep
|turn|3
|
|t:|1784134876
|switch|p1a: Farigiraf|Farigiraf, L50, F|100/100
|move|p1b: Sylveon|Detect|p1b: Sylveon
|-singleturn|p1b: Sylveon|Protect
|move|p2b: Archaludon|Flash Cannon|p1b: Sylveon
|-activate|p1b: Sylveon|move: Protect
|move|p2a: Pelipper|Weather Ball|p1b: Sylveon
|-activate|p1b: Sylveon|move: Protect
|
|-weather|RainDance|[upkeep]
|-heal|p2b: Archaludon|59/100|[from] item: Leftovers
|upkeep
|turn|4
|
|t:|1784134917
|switch|p1a: Garchomp|Garchomp, L50, M|100/100
|move|p2b: Archaludon|Flash Cannon|p1b: Sylveon
|-supereffective|p1b: Sylveon|1
|-damage|p1b: Sylveon|36/100
|move|p2a: Pelipper|Weather Ball|p1b: Sylveon
|-damage|p1b: Sylveon|0 fnt
|faint|p1b: Sylveon
|
|-weather|RainDance|[upkeep]
|-heal|p2b: Archaludon|65/100|[from] item: Leftovers
|upkeep
|
|t:|1784134930
|switch|p1b: Charizard|Charizard-Mega-Y, L50, M|27/100
|-weather|SunnyDay|[from] ability: Drought|[of] p1b: Charizard
|turn|5
|
|t:|1784134949
|switch|p2a: Grimmsnarl|Grimmsnarl, L50, M|24/100
|move|p2b: Archaludon|Protect|p2b: Archaludon
|-singleturn|p2b: Archaludon|Protect
|move|p1a: Garchomp|Dragon Claw|p2a: Grimmsnarl
|-immune|p2a: Grimmsnarl
|move|p1b: Charizard|Heat Wave|p2b: Archaludon|[spread] p2a
|-activate|p2b: Archaludon|move: Protect
|-damage|p2a: Grimmsnarl|0 fnt
|faint|p2a: Grimmsnarl
|
|-weather|SunnyDay|[upkeep]
|-heal|p2b: Archaludon|71/100|[from] item: Leftovers
|upkeep
|
|t:|1784134981
|switch|p2a: Pelipper|Pelipper, L50, M|62/100
|-weather|RainDance|[from] ability: Drizzle|[of] p2a: Pelipper
|turn|6
|
|t:|1784134994
|switch|p1b: Farigiraf|Farigiraf, L50, F|100/100
|move|p1a: Garchomp|Dragon Claw|p2a: Pelipper
|-damage|p2a: Pelipper|10/100
|-enditem|p2a: Pelipper|Sitrus Berry|[eat]
|-heal|p2a: Pelipper|34/100|[from] item: Sitrus Berry
|-damage|p1a: Garchomp|90/100|[from] item: Life Orb
|move|p2b: Archaludon|Electro Shot||[still]
|-prepare|p2b: Archaludon|Electro Shot
|-boost|p2b: Archaludon|spa|1
|-anim|p2b: Archaludon|Electro Shot|p1b: Farigiraf
|-damage|p1b: Farigiraf|44/100
|-enditem|p1b: Farigiraf|Sitrus Berry|[eat]
|-heal|p1b: Farigiraf|69/100|[from] item: Sitrus Berry
|move|p2a: Pelipper|Tailwind|p2a: Pelipper
|-sidestart|p2: spernerslemma|move: Tailwind
|
|-weather|RainDance|[upkeep]
|-heal|p2b: Archaludon|77/100|[from] item: Leftovers
|upkeep
|turn|7
|
|t:|1784135065
|switch|p2a: Venusaur|Venusaur, L50, M|100/100
|move|p1a: Garchomp|Protect|p1a: Garchomp
|-singleturn|p1a: Garchomp|Protect
|move|p2b: Archaludon|Dragon Pulse|p1b: Farigiraf
|-crit|p1b: Farigiraf
|-damage|p1b: Farigiraf|0 fnt
|faint|p1b: Farigiraf
|
|-weather|RainDance|[upkeep]
|-heal|p2b: Archaludon|83/100|[from] item: Leftovers
|upkeep
|c|☆rojas32|so lucky
|-message|rojas32 forfeited.
|
|win|spernerslemma
|raw|rojas32's rating: 1322 → 1303(-19 for losing)
|raw|spernerslemma's rating: 1347 → 1366(+19 for winning)
|l|☆rojas32
|player|p1|
|c|☆spernerslemma|was almost over anyways
