|j|☆GetSlagged
|j|☆MK_Hero1
|html|GetSlaggedMK_Hero1    
|uhtml|bestof|Game 1 of a best-of-3
|t:|1783055759
|gametype|doubles
|player|p1|GetSlagged|miku-water|
|player|p2|MK_Hero1|170|
|gen|9
|tier|[Gen 9 Champions] VGC 2026 Reg M-B (Bo3)
|rule|Species Clause: Limit one of each Pokémon
|rule|Item Clause: Limit 1 of each item
|clearpoke
|poke|p1|Glalie, L50, M, shiny|
|poke|p1|Liepard, L50, M|
|poke|p1|Venusaur, L50, M|
|poke|p1|Empoleon, L50, M|
|poke|p1|Swampert, L50, F|
|poke|p1|Salazzle, L50, F|
|poke|p2|Metagross, L50, shiny|
|poke|p2|Eelektross, L50, F|
|poke|p2|Dragapult, L50, F, shiny|
|poke|p2|Houndoom, L50, F|
|poke|p2|Polteageist, L50, shiny|
|poke|p2|Meganium, L50, F, shiny|
|teampreview|4
|showteam|p1|Glalie||Glalitite|Moody|Protect,Substitute,Blizzard,FreezeDry|Timid||M|||50|]Liepard||FocusSash|Prankster|Substitute,BatonPass,Snarl,NastyPlot|Calm||M|||50|]Venusaur||BrightPowder|Chlorophyll|SleepPowder,SludgeBomb,EarthPower,WeatherBall|Modest||M|||50|]Empoleon||IcyRock|Competitive|Snowscape,Blizzard,HydroPump,Protect|Calm||M|||50|]Swampert||QuickClaw|Torrent|Earthquake,Blizzard,RockSlide,Surf|Brave||F|||50|]Salazzle||Charcoal|Corrosion|HeatWave,Toxic,Substitute,Protect|Timid||F|||50|
|showteam|p2|Metagross||Metagrossite|ClearBody|IronHead,PsychicFangs,Trailblaze,Protect|Jolly|||||50|]Eelektross||Leftovers|Levitate|VoltSwitch,DragonTail,Flamethrower,Electroweb|Quiet||F|||50|]Dragapult||FocusSash|ClearBody|DragonDarts,PhantomForce,SuckerPunch,Uturn|Jolly||F|||50|]Houndoom||ChoiceScarf|FlashFire|Protect,HeatWave,DarkPulse,ScorchingSands|Timid||F|||50|]Polteageist||WhiteHerb|WeakArmor|ShellSmash,Protect,ShadowBall,StoredPower|Modest|||||50|]Meganium||LightClay|LeafGuard|HelpingHand,LeechSeed,LightScreen,Protect|Calm||F|||50|
|inactive|Battle timer is ON: inactive players will automatically lose when time's up. (requested by GetSlagged)
|
|t:|1783055783
|teamsize|p1|4
|teamsize|p2|4
|start
|switch|p1a: Salazzle|Salazzle, L50, F|100/100
|switch|p1b: Liepard|Liepard, L50, M|100/100
|switch|p2a: Houndoom|Houndoom, L50, F|100/100
|switch|p2b: Dragapult|Dragapult, L50, F, shiny|100/100
|turn|1
|
|t:|1783055802
|move|p1b: Liepard|Substitute|p1b: Liepard
|-start|p1b: Liepard|Substitute
|-damage|p1b: Liepard|75/100
|move|p2a: Houndoom|Scorching Sands|p1a: Salazzle
|-supereffective|p1a: Salazzle|2
|-damage|p1a: Salazzle|0 fnt
|faint|p1a: Salazzle
|move|p2b: Dragapult|U-turn|p1b: Liepard
|-supereffective|p1b: Liepard|1
|-end|p1b: Liepard|Substitute
|
|t:|1783055811
|switch|p2b: Eelektross|Eelektross, L50, F|100/100|[from] U-turn
|
|upkeep
|
|t:|1783055824
|switch|p1a: Swampert|Swampert, L50, F|100/100
|turn|2
|-activate|p1a: Swampert|item: Quick Claw
|
|t:|1783055834
|move|p1b: Liepard|Substitute|p1b: Liepard
|-start|p1b: Liepard|Substitute
|-damage|p1b: Liepard|50/100g
|move|p1a: Swampert|Surf|p2a: Houndoom|[spread] p1b,p2a,p2b
|-activate|p1b: Liepard|move: Substitute|[damage]
|-supereffective|p2a: Houndoom|1
|-damage|p2a: Houndoom|47/100
|-damage|p2b: Eelektross|76/100
|move|p2a: Houndoom|Scorching Sands|p1a: Swampert
|-damage|p1a: Swampert|79/100
|move|p2b: Eelektross|Dragon Tail|p1a: Swampert
|-damage|p1a: Swampert|65/100
|drag|p1a: Glalie|Glalie, L50, M, shiny|100/100
|
|-heal|p2b: Eelektross|82/100|[from] item: Leftovers
|-ability|p1a: Glalie|Moody|boost
|-boost|p1a: Glalie|def|2
|-unboost|p1a: Glalie|spe|1
|upkeep
|turn|3
|inactive|MK_Hero1 has 30 seconds left.
|
|t:|1783055868
|switch|p2a: Metagross|Metagross, L50, shiny|100/100
|move|p1a: Glalie|Protect|p1a: Glalie
|-singleturn|p1a: Glalie|Protect
|move|p1b: Liepard|Nasty Plot|p1b: Liepard
|-boost|p1b: Liepard|spa|2
|move|p2b: Eelektross|Flamethrower|p1a: Glalie
|-activate|p1a: Glalie|move: Protect
|
|-heal|p2b: Eelektross|89/100|[from] item: Leftovers
|-ability|p1a: Glalie|Moody|boost
|-boost|p1a: Glalie|spd|2
|-unboost|p1a: Glalie|spa|1
|upkeep
|turn|4
|inactive|GetSlagged has 30 seconds left.
|
|t:|1783055902
|detailschange|p2a: Metagross|Metagross-Mega, L50, shiny
|-mega|p2a: Metagross|Metagross|Metagrossite
|move|p1a: Glalie|Protect||[still]
|-fail|p1a: Glalie
|move|p1b: Liepard|Baton Pass|p1b: Liepard
|
|t:|1783055908
|switch|p1b: Swampert|Swampert, L50, F|65/100|[from] Baton Pass
|move|p2a: Metagross|Iron Head|p1a: Glalie
|-supereffective|p1a: Glalie|1
|-damage|p1a: Glalie|18/100
|move|p2b: Eelektross|Dragon Tail|p1a: Glalie
|-damage|p1a: Glalie|6/100
|drag|p1a: Liepard|Liepard, L50, M|50/100g
|
|-heal|p2b: Eelektross|95/100|[from] item: Leftovers
|upkeep
|turn|5
|inactive|MK_Hero1 has 30 seconds left.
|inactive|GetSlagged has 30 seconds left.
|inactive|MK_Hero1 has 20 seconds left.
|inactive|GetSlagged has 20 seconds left.
|
|t:|1783055955
|move|p1a: Liepard|Substitute|p1a: Liepard
|-start|p1a: Liepard|Substitute
|-damage|p1a: Liepard|26/100
|move|p2a: Metagross|Trailblaze|p1b: Swampert
|-supereffective|p1b: Swampert|2
|-end|p1b: Swampert|Substitute
|-boost|p2a: Metagross|spe|1
|move|p1b: Swampert|Earthquake|p2b: Eelektross|[spread] p1a,p2a
|-immune|p2b: Eelektross|[from] ability: Levitate
|-end|p1a: Liepard|Substitute
|-supereffective|p2a: Metagross|1
|-damage|p2a: Metagross|35/100
|move|p2b: Eelektross|Dragon Tail|p1b: Swampert
|-damage|p1b: Swampert|50/100g
|drag|p1b: Glalie|Glalie, L50, M, shiny|6/100
|
|-heal|p2b: Eelektross|100/100|[from] item: Leftovers
|-ability|p1b: Glalie|Moody|boost
|-boost|p1b: Glalie|spe|2
|-unboost|p1b: Glalie|atk|1
|upkeep
|turn|6
|inactive|GetSlagged has 30 seconds left.
|inactive|MK_Hero1 has 30 seconds left.
|
|t:|1783055988
|detailschange|p1b: Glalie|Glalie-Mega, L50, M, shiny
|-mega|p1b: Glalie|Glalie|Glalitite
|move|p1a: Liepard|Substitute|p1a: Liepard
|-start|p1a: Liepard|Substitute
|-damage|p1a: Liepard|1/100
|move|p1b: Glalie|Blizzard|p2a: Metagross|[spread] p2a,p2b
|-resisted|p2a: Metagross|1
|-damage|p2a: Metagross|12/100
|-damage|p2b: Eelektross|57/100
|-status|p2a: Metagross|frz
|-status|p2b: Eelektross|frz
|cant|p2a: Metagross|frz
|cant|p2b: Eelektross|frz
|
|-heal|p2b: Eelektross|63/100 frz|[from] item: Leftovers
|upkeep
|turn|7
|inactive|MK_Hero1 has 30 seconds left.
|inactive|MK_Hero1 has 20 seconds left.
|inactive|MK_Hero1 has 15 seconds left.
|inactive|MK_Hero1 has 10 seconds left.
|
|t:|1783056033
|move|p1a: Liepard|Nasty Plot|p1a: Liepard
|-boost|p1a: Liepard|spa|2
|move|p1b: Glalie|Blizzard|p2b: Eelektross|[spread] p2a,p2b
|-resisted|p2a: Metagross|1
|-damage|p2a: Metagross|0 fnt
|-damage|p2b: Eelektross|16/100 frz
|faint|p2a: Metagross
|-curestatus|p2b: Eelektross|frz|[msg]
|move|p2b: Eelektross|Electroweb|p1b: Glalie|[spread] p1a,p1b
|-end|p1a: Liepard|Substitute
|-damage|p1b: Glalie|0 fnt
|faint|p1b: Glalie
|
|-heal|p2b: Eelektross|22/100|[from] item: Leftovers
|upkeep
|
|t:|1783056045
|switch|p2a: Dragapult|Dragapult, L50, F, shiny|100/100
|switch|p1b: Swampert|Swampert, L50, F|50/100g
|turn|8
|
|t:|1783056062
|move|p2a: Dragapult|Dragon Darts|p1b: Swampert
|-damage|p1b: Swampert|25/100
|-anim|p2a: Dragapult|Dragon Darts|p1a: Liepard
|-damage|p1a: Liepard|0 fnt
|faint|p1a: Liepard
|move|p1b: Swampert|Blizzard|p2b: Eelektross|[spread] p2a,p2b
|-supereffective|p2a: Dragapult|1
|-damage|p2a: Dragapult|50/100g
|-damage|p2b: Eelektross|3/100
|-status|p2a: Dragapult|frz
|move|p2b: Eelektross|Flamethrower|p1b: Swampert
|-resisted|p1b: Swampert|1
|-damage|p1b: Swampert|11/100
|
|-heal|p2b: Eelektross|9/100|[from] item: Leftovers
|upkeep
|turn|9
|
|t:|1783056080
|cant|p2a: Dragapult|frz
|move|p1b: Swampert|Rock Slide|p2b: Eelektross|[spread] p2a,p2b
|-damage|p2a: Dragapult|22/100 frz
|-damage|p2b: Eelektross|0 fnt
|faint|p2b: Eelektross
|
|upkeep
|
|t:|1783056088
|switch|p2b: Houndoom|Houndoom, L50, F|47/100
|turn|10
|
|t:|1783056098
|cant|p2a: Dragapult|frz
|move|p2b: Houndoom|Dark Pulse|p1b: Swampert
|-damage|p1b: Swampert|0 fnt
|faint|p1b: Swampert
|
|win|MK_Hero1
|l|☆GetSlagged
|player|p1|
||GetSlagged is ready for game 2.
|inactive|MK_Hero1 has 30 seconds to confirm battle start!
||MK_Hero1 is ready for game 2.
|uhtml|next|Next: Game 2 of 3
