|j|☆pinkeyt569
|j|☆Black-Templars40
|html|pinkeyt569Black-Templars40    
|uhtml|bestof|Game 3 of a best-of-3
|t:|1756606205
|gametype|doubles
|player|p1|pinkeyt569|266|1100
|player|p2|Black-Templars40|plasmagrunt-gen5bw|1000
|gen|9
|tier|[Gen 9] VGC 2025 Reg H (Bo3)
|rated|
|rule|Species Clause: Limit one of each Pokémon
|rule|Item Clause: Limit 1 of each item
|clearpoke
|poke|p1|Smeargle, L50, F|
|poke|p1|Dragonite, L50, F|
|poke|p1|Rillaboom, L50, M|
|poke|p1|Kingambit, L50, M|
|poke|p1|Flamigo, L50, M|
|poke|p1|Farigiraf, L50, M|
|poke|p2|Sinistcha, L50|
|poke|p2|Archaludon, L50, F|
|poke|p2|Pelipper, L50, F|
|poke|p2|Electabuzz, L50, F|
|poke|p2|Arcanine-Hisui, L50, M|
|poke|p2|Araquanid, L50, M|
|teampreview|4
|showteam|p1|Smeargle||FocusSash|Moody|WideGuard,FollowMe,Spore,Decorate|||F|||50|,,,,,Ghost]Dragonite||LoadedDice|Multiscale|Protect,Tailwind,Haze,ScaleShot|||F|||50|,,,,,Fairy]Rillaboom||AssaultVest|GrassySurge|FakeOut,GrassyGlide,WoodHammer,HighHorsepower|||M|||50|,,,,,Fire]Kingambit||BlackGlasses|Defiant|Protect,SuckerPunch,KowtowCleave,IronHead|||M|||50|,,,,,Ghost]Flamigo||WhiteHerb|Costar|Protect,Acrobatics,CloseCombat,ThroatChop|||M|||50|,,,,,Steel]Farigiraf||SitrusBerry|ArmorTail|HyperVoice,Psychic,Imprison,TrickRoom|||M|||50|,,,,,Fairy
|showteam|p2|Sinistcha||SitrusBerry|Hospitality|RagePowder,MatchaGotcha,Scald,Protect||||||50|,,,,,Water]Archaludon||AssaultVest|Stalwart|ElectroShot,FlashCannon,DragonPulse,AuraSphere|||F|||50|,,,,,Steel]Pelipper||FocusSash|Drizzle|Tailwind,Hurricane,Uturn,HydroPump|||F|||50|,,,,,Water]Electabuzz||Eviolite|VitalSpirit|FollowMe,BrickBreak,Electroweb,Taunt|||F|||50|,,,,,Ghost]Arcanine-Hisui||PasshoBerry|Intimidate|RockSlide,FlareBlitz,WildCharge,Protect|||M|||50|,,,,,Fairy]Araquanid||ClearAmulet|WaterBubble|LeechLife,Liquidation,Protect,Crunch|||M|||50|,,,,,Water
|inactive|Battle timer is ON: inactive players will automatically lose when time's up. (requested by Black-Templars40)
|inactive|pinkeyt569 has 60 seconds left.
|
|t:|1756606282
|teamsize|p1|4
|teamsize|p2|4
|start
|switch|p1a: Kingambit|Kingambit, L50, M|100/100
|switch|p1b: Flamigo|Flamigo, L50, M|100/100
|switch|p2a: Electabuzz|Electabuzz, L50, F|100/100
|switch|p2b: Araquanid|Araquanid, L50, M|100/100
|-copyboost|p1b: Flamigo|p1a: Kingambit|[from] ability: Costar
|turn|1
|inactive|pinkeyt569 has 30 seconds left.
|inactive|pinkeyt569 has 20 seconds left.
|inactive|pinkeyt569 has 15 seconds left.
|inactive|pinkeyt569 has 10 seconds left.
|
|t:|1756606332
|-terastallize|p1a: Kingambit|Ghost
|move|p2a: Electabuzz|Brick Break|p1a: Kingambit
|-immune|p1a: Kingambit
|move|p1b: Flamigo|Acrobatics|p2b: Araquanid
|-supereffective|p2b: Araquanid
|-damage|p2b: Araquanid|41/100
|move|p1a: Kingambit|Kowtow Cleave|p2a: Electabuzz
|-damage|p2a: Electabuzz|37/100
|move|p2b: Araquanid|Liquidation|p1b: Flamigo
|-damage|p1b: Flamigo|5/100
|
|upkeep
|turn|2
|inactive|pinkeyt569 has 30 seconds left.
|inactive|pinkeyt569 has 20 seconds left.
|inactive|pinkeyt569 has 15 seconds left.
|inactive|pinkeyt569 has 10 seconds left.
|
|t:|1756606379
|switch|p1b: Rillaboom|Rillaboom, L50, M|100/100
|-fieldstart|move: Grassy Terrain|[from] ability: Grassy Surge|[of] p1b: Rillaboom
|move|p2a: Electabuzz|Follow Me|p2a: Electabuzz
|-singleturn|p2a: Electabuzz|move: Follow Me
|move|p1a: Kingambit|Kowtow Cleave|p2a: Electabuzz
|-damage|p2a: Electabuzz|0 fnt
|faint|p2a: Electabuzz
|move|p2b: Araquanid|Crunch|p1a: Kingambit
|-supereffective|p1a: Kingambit
|-damage|p1a: Kingambit|70/100
|
|-heal|p1a: Kingambit|76/100|[from] Grassy Terrain
|-heal|p2b: Araquanid|47/100|[from] Grassy Terrain
|upkeep
|
|t:|1756606392
|switch|p2a: Archaludon|Archaludon, L50, F|100/100
|turn|3
|
|t:|1756606413
|move|p2b: Araquanid|Protect|p2b: Araquanid
|-singleturn|p2b: Araquanid|Protect
|move|p1b: Rillaboom|Fake Out|p2a: Archaludon
|-resisted|p2a: Archaludon
|-damage|p2a: Archaludon|94/100
|cant|p2a: Archaludon|flinch
|move|p1a: Kingambit|Kowtow Cleave|p2b: Araquanid
|-activate|p2b: Araquanid|move: Protect
|
|-heal|p2a: Archaludon|100/100|[from] Grassy Terrain
|-heal|p1a: Kingambit|82/100|[from] Grassy Terrain
|-heal|p2b: Araquanid|52/100|[from] Grassy Terrain
|upkeep
|turn|4
|
|t:|1756606436
|move|p1b: Rillaboom|Wood Hammer|p2b: Araquanid
|-damage|p2b: Araquanid|0 fnt
|faint|p2b: Araquanid
|-damage|p1b: Rillaboom|85/100|[from] Recoil
|move|p2a: Archaludon|Dragon Pulse|p1a: Kingambit
|-damage|p1a: Kingambit|40/100
|move|p1a: Kingambit|Kowtow Cleave|p2a: Archaludon
|-damage|p2a: Archaludon|51/100
|
|-heal|p1b: Rillaboom|91/100|[from] Grassy Terrain
|-heal|p2a: Archaludon|57/100|[from] Grassy Terrain
|-heal|p1a: Kingambit|46/100|[from] Grassy Terrain
|upkeep
|
|t:|1756606448
|switch|p2b: Arcanine|Arcanine-Hisui, L50, M|100/100
|-ability|p2b: Arcanine|Intimidate|boost
|-unboost|p1a: Kingambit|atk|1
|-ability|p1a: Kingambit|Defiant|boost
|-boost|p1a: Kingambit|atk|2
|-unboost|p1b: Rillaboom|atk|1
|turn|5
|inactive|pinkeyt569 has 30 seconds left.
|inactive|Black-Templars40 has 30 seconds left.
|
|t:|1756606476
|move|p1b: Rillaboom|Grassy Glide|p2b: Arcanine
|-damage|p2b: Arcanine|66/100
|move|p1a: Kingambit|Sucker Punch|p2a: Archaludon
|-damage|p2a: Archaludon|0 fnt
|faint|p2a: Archaludon
|move|p2b: Arcanine|Flare Blitz|p1b: Rillaboom
|-supereffective|p1b: Rillaboom
|-damage|p1b: Rillaboom|0 fnt
|faint|p1b: Rillaboom
|-damage|p2b: Arcanine|32/100|[from] Recoil
|
|-heal|p2b: Arcanine|38/100|[from] Grassy Terrain
|-heal|p1a: Kingambit|52/100|[from] Grassy Terrain
|upkeep
|
|t:|1756606491
|switch|p1b: Dragonite|Dragonite, L50, F|100/100
|turn|6
|
|t:|1756606501
|-terastallize|p2b: Arcanine|Fairy
|move|p1a: Kingambit|Sucker Punch|p2b: Arcanine
|-resisted|p2b: Arcanine
|-damage|p2b: Arcanine|0 fnt
|faint|p2b: Arcanine
|
|win|pinkeyt569
|raw|pinkeyt569's rating: 1100 → 1118(+18 for winning)
|raw|Black-Templars40's rating: 1000 → 1000(+0 for losing)
|c|☆pinkeyt569|gg
|l|☆Black-Templars40
|player|p2|
