|j|☆Kommo-onathon
|j|☆ShackWoods
|html|Kommo-onathonShackWoods    
|uhtml|bestof|Game 2 of a best-of-3
|t:|1755721865
|gametype|doubles
|player|p1|Kommo-onathon|birdkeeper-gen4dp|1229
|player|p2|ShackWoods|korrina|1173
|gen|9
|tier|[Gen 9] VGC 2025 Reg H (Bo3)
|rated|
|rule|Species Clause: Limit one of each Pokémon
|rule|Item Clause: Limit 1 of each item
|clearpoke
|poke|p1|Kommo-o, L50, F|
|poke|p1|Ninetales-Alola, L50, F|
|poke|p1|Rillaboom, L50, M|
|poke|p1|Electabuzz, L50, M|
|poke|p1|Annihilape, L50, M|
|poke|p1|Kingambit, L50, F|
|poke|p2|Lilligant-Hisui, L50, F|
|poke|p2|Armarouge, L50, M|
|poke|p2|Indeedee-F, L50, F|
|poke|p2|Torkoal, L50, F|
|poke|p2|Ursaluna, L50, M|
|poke|p2|Hatterene, L50, F|
|teampreview|4
|showteam|p1|Kommo-o||LifeOrb|Soundproof|ClangingScales,AuraSphere,Flamethrower,Protect|||F|||50|,,,,,Fire]Ninetales-Alola||NeverMeltIce|SnowWarning|Blizzard,FreezeDry,Encore,Protect|||F|||50|,,,,,Ice]Rillaboom||AssaultVest|GrassySurge|WoodHammer,GrassyGlide,HighHorsepower,FakeOut|||M|||50|,,,,,Poison]Electabuzz||Eviolite|VitalSpirit|Electroweb,Taunt,FollowMe,Protect|||M|||50|,,,,,Ghost]Annihilape||FocusSash|Defiant|CloseCombat,ShadowClaw,FinalGambit,Uturn|||M|||50|,,,,,Stellar]Kingambit||BlackGlasses|Defiant|KowtowCleave,SuckerPunch,SwordsDance,Protect|||F|||50|,,,,,Dark
|showteam|p2|Lilligant-Hisui||FocusSash|Chlorophyll|SolarBlade,CloseCombat,TripleAxel,AfterYou|||F|||50|,,,,,Ghost]Armarouge||PowerHerb|FlashFire|ExpandingForce,ArmorCannon,MeteorBeam,TrickRoom|||M|||50|,,,,,Grass]Indeedee-F||RockyHelmet|PsychicSurge|AlluringVoice,HelpingHand,FollowMe,TrickRoom|||F|||50|,,,,,Grass]Torkoal||Charcoal|Drought|Eruption,WeatherBall,ClearSmog,Protect|||F|||50|,,,,,Fire]Ursaluna||FlameOrb|Guts|Facade,HeadlongRush,Substitute,Protect|||M|||50|,,,,,Ghost]Hatterene||LifeOrb|MagicBounce|ExpandingForce,DazzlingGleam,MysticalFire,TrickRoom|||F|||50|,,,,,Fire
|inactive|Battle timer is ON: inactive players will automatically lose when time's up. (requested by Kommo-onathon)
|c|☆ShackWoods|gl hf
|
|t:|1755721880
|teamsize|p1|4
|teamsize|p2|4
|start
|switch|p1a: Buzz Lightyear|Electabuzz, L50, M|100/100
|switch|p1b: Queen Goober|Kingambit, L50, F, shiny|100/100
|switch|p2a: Indeedee|Indeedee-F, L50, F|100/100
|switch|p2b: Hatterene|Hatterene, L50, F|100/100
|-fieldstart|move: Psychic Terrain|[from] ability: Psychic Surge|[of] p2a: Indeedee
|turn|1
|
|t:|1755721909
|switch|p2a: Ursaluna|Ursaluna, L50, M|100/100
|move|p1a: Buzz Lightyear|Follow Me|p1a: Buzz Lightyear
|-singleturn|p1a: Buzz Lightyear|move: Follow Me
|move|p1b: Queen Goober|Swords Dance|p1b: Queen Goober
|-boost|p1b: Queen Goober|atk|2
|move|p2b: Hatterene|Trick Room|p2b: Hatterene
|-fieldstart|move: Trick Room|[of] p2b: Hatterene
|
|-status|p2a: Ursaluna|brn|[from] item: Flame Orb
|upkeep
|turn|2
|inactive|Kommo-onathon has 30 seconds left.
|inactive|ShackWoods has 30 seconds left.
|
|t:|1755721942
|switch|p1a: Monkey Gong|Rillaboom, L50, M|100/100
|-fieldstart|move: Grassy Terrain|[from] ability: Grassy Surge|[of] p1a: Monkey Gong
|-terastallize|p1b: Queen Goober|Dark
|move|p1b: Queen Goober|Sucker Punch|p2b: Hatterene
|-damage|p2b: Hatterene|0 fnt
|faint|p2b: Hatterene
|move|p2a: Ursaluna|Headlong Rush|p1b: Queen Goober
|-damage|p1b: Queen Goober|32/100
|-unboost|p2a: Ursaluna|def|1
|-unboost|p2a: Ursaluna|spd|1
|
|-heal|p1b: Queen Goober|38/100|[from] Grassy Terrain
|-damage|p2a: Ursaluna|95/100 brn|[from] brn
|upkeep
|
|t:|1755721956
|switch|p2b: Indeedee|Indeedee-F, L50, F|100/100
|-fieldstart|move: Psychic Terrain|[from] ability: Psychic Surge|[of] p2b: Indeedee
|turn|3
|
|t:|1755721966
|switch|p2b: Torkoal|Torkoal, L50, F|100/100
|-weather|SunnyDay|[from] ability: Drought|[of] p2b: Torkoal
|move|p1b: Queen Goober|Protect|p1b: Queen Goober
|-singleturn|p1b: Queen Goober|Protect
|move|p2a: Ursaluna|Facade|p1a: Monkey Gong
|-damage|p1a: Monkey Gong|0 fnt
|faint|p1a: Monkey Gong
|
|-weather|SunnyDay|[upkeep]
|-damage|p2a: Ursaluna|89/100 brn|[from] brn
|upkeep
|
|t:|1755721976
|switch|p1a: Kommodo-Moʻo|Kommo-o, L50, F, shiny|100/100
|turn|4
|
|t:|1755721994
|switch|p1b: Buzz Lightyear|Electabuzz, L50, M|100/100
|-terastallize|p2b: Torkoal|Fire
|move|p1a: Kommodo-Moʻo|Protect|p1a: Kommodo-Moʻo
|-singleturn|p1a: Kommodo-Moʻo|Protect
|move|p2b: Torkoal|Eruption|p1a: Kommodo-Moʻo|[spread] p1b
|-activate|p1a: Kommodo-Moʻo|move: Protect
|-damage|p1b: Buzz Lightyear|3/100
|move|p2a: Ursaluna|Substitute|p2a: Ursaluna
|-start|p2a: Ursaluna|Substitute
|-damage|p2a: Ursaluna|64/100 brn
|
|-weather|SunnyDay|[upkeep]
|-damage|p2a: Ursaluna|58/100 brn|[from] brn
|upkeep
|turn|5
|inactive|ShackWoods has 30 seconds left.
|inactive|ShackWoods has 20 seconds left.
|inactive|ShackWoods has 15 seconds left.
|
|t:|1755722035
|switch|p1a: Queen Goober|Kingambit, L50, F, shiny, tera:Dark|38/100
|move|p1b: Buzz Lightyear|Protect|p1b: Buzz Lightyear
|-singleturn|p1b: Buzz Lightyear|Protect
|move|p2b: Torkoal|Eruption|p1a: Queen Goober|[spread] p1a
|-activate|p1b: Buzz Lightyear|move: Protect
|-crit|p1a: Queen Goober
|-damage|p1a: Queen Goober|0 fnt
|faint|p1a: Queen Goober
|move|p2a: Ursaluna|Facade|p1b: Buzz Lightyear
|-activate|p1b: Buzz Lightyear|move: Protect
|
|-weather|SunnyDay|[upkeep]
|-damage|p2a: Ursaluna|53/100 brn|[from] brn
|-fieldend|move: Trick Room
|upkeep
|
|t:|1755722040
|switch|p1a: Kommodo-Moʻo|Kommo-o, L50, F, shiny|100/100
|turn|6
|inactive|ShackWoods has 30 seconds left.
|
|t:|1755722072
|move|p2a: Ursaluna|Protect|p2a: Ursaluna
|-singleturn|p2a: Ursaluna|Protect
|move|p1b: Buzz Lightyear|Electroweb|p2a: Ursaluna|[spread] p2b
|-activate|p2a: Ursaluna|move: Protect
|-damage|p2b: Torkoal|81/100
|-unboost|p2b: Torkoal|spe|1
|move|p1a: Kommodo-Moʻo|Clanging Scales|p2a: Ursaluna|[spread] p2b
|-activate|p2a: Ursaluna|move: Protect
|-damage|p2b: Torkoal|19/100
|-unboost|p1a: Kommodo-Moʻo|def|1
|-damage|p1a: Kommodo-Moʻo|91/100|[from] item: Life Orb
|move|p2b: Torkoal|Weather Ball|p1b: Buzz Lightyear
|-damage|p1b: Buzz Lightyear|0 fnt
|faint|p1b: Buzz Lightyear
|
|-weather|SunnyDay|[upkeep]
|-damage|p2a: Ursaluna|47/100 brn|[from] brn
|upkeep
|turn|7
|
|t:|1755722097
|switch|p2a: Indeedee|Indeedee-F, L50, F|100/100
|move|p1a: Kommodo-Moʻo|Clanging Scales|p2a: Indeedee|[spread] p2a,p2b
|-crit|p2a: Indeedee
|-damage|p2a: Indeedee|25/100
|-damage|p2b: Torkoal|0 fnt
|faint|p2b: Torkoal
|-unboost|p1a: Kommodo-Moʻo|def|1
|-damage|p1a: Kommodo-Moʻo|82/100|[from] item: Life Orb
|
|-weather|none
|-fieldend|move: Psychic Terrain
|upkeep
|
|t:|1755722107
|switch|p2b: Ursaluna|Ursaluna, L50, M|47/100 brn
|turn|8
|
|t:|1755722121
|move|p1a: Kommodo-Moʻo|Clanging Scales|p2b: Ursaluna|[spread] p2a,p2b
|-damage|p2a: Indeedee|0 fnt
|-damage|p2b: Ursaluna|5/100 brn
|faint|p2a: Indeedee
|-unboost|p1a: Kommodo-Moʻo|def|1
|-damage|p1a: Kommodo-Moʻo|72/100|[from] item: Life Orb
|move|p2b: Ursaluna|Facade|p1a: Kommodo-Moʻo
|-damage|p1a: Kommodo-Moʻo|0 fnt
|faint|p1a: Kommodo-Moʻo
|
|win|ShackWoods
|raw|Kommo-onathon's rating: 1229 → 1200(-29 for losing)
|raw|ShackWoods's rating: 1173 → 1202(+29 for winning)
|c|☆ShackWoods|gg
