|j|☆soccerdude26
|j|☆moicito
|html|soccerdude26moicito    
|uhtml|bestof|Game 2 of a best-of-3
|t:|1756780260
|gametype|doubles
|player|p1|soccerdude26|volkner|1202
|player|p2|moicito|caitlin|1177
|gen|9
|tier|[Gen 9] VGC 2025 Reg H (Bo3)
|rated|
|rule|Species Clause: Limit one of each Pokémon
|rule|Item Clause: Limit 1 of each item
|clearpoke
|poke|p1|Scrafty, L50, M|
|poke|p1|Farigiraf, L50, F|
|poke|p1|Rillaboom, L50, F|
|poke|p1|Ninetales-Alola, L50, F|
|poke|p1|Dragonite, L50, F|
|poke|p1|Ursaluna, L50, F|
|poke|p2|Incineroar, L50, M|
|poke|p2|Rillaboom, L50, F|
|poke|p2|Ursaluna-Bloodmoon, L50, M|
|poke|p2|Sneasler, L50, M|
|poke|p2|Dragonite, L50, M|
|poke|p2|Gholdengo, L50|
|teampreview|4
|showteam|p1|Scrafty||AssaultVest|Intimidate|FakeOut,KnockOff,CloseCombat,PoisonJab|||M|||50|,,,,,Water]Farigiraf||GrassySeed|ArmorTail|Psychic,HyperVoice,TrickRoom,Protect|||F|||50|,,,,,Fairy]Rillaboom||MiracleSeed|GrassySurge|FakeOut,WoodHammer,GrassyGlide,Uturn|||F|||50|,,,,,Fire]Ninetales-Alola||FocusSash|SnowWarning|Blizzard,Moonblast,Encore,AuroraVeil|||F|||50|,,,,,Ghost]Dragonite||LoadedDice|Multiscale|ScaleShot,Tailwind,Haze,Protect|||F|||50|,,,,,Steel]Ursaluna||FlameOrb|Guts|Facade,Earthquake,HeadlongRush,Protect|||F|||50|,,,,,Ghost
|showteam|p2|Incineroar||SafetyGoggles|Intimidate|FlareBlitz,KnockOff,FakeOut,PartingShot|||M|||50|,,,,,Ghost]Rillaboom||AssaultVest|GrassySurge|WoodHammer,GrassyGlide,HighHorsepower,FakeOut|||F|||50|,,,,,Fire]Ursaluna-Bloodmoon||Leftovers|MindsEye|BloodMoon,HyperVoice,EarthPower,Protect|||M|||50|,,,,,Electric]Sneasler||FocusSash|PoisonTouch|CloseCombat,DireClaw,Coaching,FakeOut|||M|||50|,,,,,Stellar]Dragonite||LoadedDice|Multiscale|ScaleShot,Haze,ExtremeSpeed,Protect|||M|||50|,,,,,Fairy]Gholdengo||LifeOrb|GoodasGold|NastyPlot,MakeItRain,ShadowBall,Protect||||||50|,,,,,Water
|inactive|Battle timer is ON: inactive players will automatically lose when time's up. (requested by soccerdude26)
|inactive|moicito has 60 seconds left.
|inactive|moicito has 30 seconds left.
|
|t:|1756780332
|teamsize|p1|4
|teamsize|p2|4
|start
|switch|p1a: Farigiraf|Farigiraf, L50, F|100/100
|switch|p1b: Rillaboom|Rillaboom, L50, F|100/100
|switch|p2a: Pelito|Sneasler, L50, M|100/100
|switch|p2b: Gatito|Incineroar, L50, M|100/100
|-ability|p2b: Gatito|Intimidate|boost
|-unboost|p1a: Farigiraf|atk|1
|-unboost|p1b: Rillaboom|atk|1
|-fieldstart|move: Grassy Terrain|[from] ability: Grassy Surge|[of] p1b: Rillaboom
|-enditem|p1a: Farigiraf|Grassy Seed
|-boost|p1a: Farigiraf|def|1|[from] item: Grassy Seed
|turn|1
|inactive|soccerdude26 has 30 seconds left.
|inactive|moicito has 30 seconds left.
|
|t:|1756780359
|move|p1b: Rillaboom|Grassy Glide|p2a: Pelito
|-resisted|p2a: Pelito
|-damage|p2a: Pelito|75/100
|move|p2a: Pelito|Dire Claw|p1a: Farigiraf
|-damage|p1a: Farigiraf|73/100
|move|p2b: Gatito|Knock Off|p1a: Farigiraf
|-supereffective|p1a: Farigiraf
|-damage|p1a: Farigiraf|39/100
|move|p1a: Farigiraf|Psychic|p2a: Pelito
|-supereffective|p2a: Pelito
|-damage|p2a: Pelito|0 fnt
|faint|p2a: Pelito
|
|-heal|p1a: Farigiraf|45/100|[from] Grassy Terrain
|upkeep
|
|t:|1756780373
|switch|p2a: Changuito|Rillaboom, L50, F, shiny|100/100
|turn|2
|
|t:|1756780390
|move|p1a: Farigiraf|Protect|p1a: Farigiraf
|-singleturn|p1a: Farigiraf|Protect
|move|p2a: Changuito|Wood Hammer|p1a: Farigiraf
|-activate|p1a: Farigiraf|move: Protect
|move|p2b: Gatito|Knock Off|p1b: Rillaboom
|-damage|p1b: Rillaboom|57/100
|-enditem|p1b: Rillaboom|Miracle Seed|[from] move: Knock Off|[of] p2b: Gatito
|move|p1b: Rillaboom|U-turn|p2a: Changuito
|-supereffective|p2a: Changuito
|-damage|p2a: Changuito|68/100
|
|t:|1756780399
|switch|p1b: Ursaluna|Ursaluna, L50, F|100/100|[from] U-turn
|
|-heal|p2a: Changuito|73/100|[from] Grassy Terrain
|-heal|p1a: Farigiraf|51/100|[from] Grassy Terrain
|-status|p1b: Ursaluna|brn|[from] item: Flame Orb
|upkeep
|turn|3
|inactive|moicito has 30 seconds left.
|
|t:|1756780427
|switch|p1b: Scrafty|Scrafty, L50, M|100/100
|-ability|p1b: Scrafty|Intimidate|boost
|-unboost|p2a: Changuito|atk|1
|-unboost|p2b: Gatito|atk|1
|move|p2a: Changuito|Wood Hammer|p1a: Farigiraf
|-damage|p1a: Farigiraf|17/100
|-damage|p2a: Changuito|62/100|[from] Recoil
|move|p2b: Gatito|Parting Shot|p1b: Scrafty
|-unboost|p1b: Scrafty|atk|1
|-unboost|p1b: Scrafty|spa|1
|
|t:|1756780437
|switch|p2b: Osito|Ursaluna-Bloodmoon, L50, M|100/100|[from] Parting Shot
|move|p1a: Farigiraf|Trick Room|p1a: Farigiraf
|-fieldstart|move: Trick Room|[of] p1a: Farigiraf
|
|-heal|p1a: Farigiraf|23/100|[from] Grassy Terrain
|-heal|p2a: Changuito|68/100|[from] Grassy Terrain
|upkeep
|turn|4
|
|t:|1756780454
|move|p2b: Osito|Protect|p2b: Osito
|-singleturn|p2b: Osito|Protect
|move|p1b: Scrafty|Close Combat|p2a: Changuito
|-damage|p2a: Changuito|35/100
|-unboost|p1b: Scrafty|def|1
|-unboost|p1b: Scrafty|spd|1
|move|p1a: Farigiraf|Hyper Voice|p2a: Changuito|[spread] p2a
|-activate|p2b: Osito|move: Protect
|-damage|p2a: Changuito|14/100
|move|p2a: Changuito|Wood Hammer|p1a: Farigiraf
|-damage|p1a: Farigiraf|0 fnt
|faint|p1a: Farigiraf
|-damage|p2a: Changuito|6/100|[from] Recoil
|
|-heal|p2a: Changuito|12/100|[from] Grassy Terrain
|upkeep
|
|t:|1756780461
|switch|p1a: Ursaluna|Ursaluna, L50, F|100/100 brn
|turn|5
|c|☆soccerdude26|gg
|inactive|moicito has 30 seconds left.
|
|t:|1756780494
|-terastallize|p1a: Ursaluna|Ghost
|move|p2a: Changuito|Grassy Glide|p1b: Scrafty
|-damage|p1b: Scrafty|67/100
|move|p1a: Ursaluna|Facade|p2b: Osito
|-damage|p2b: Osito|7/100
|move|p1b: Scrafty|Close Combat|p2a: Changuito
|-damage|p2a: Changuito|0 fnt
|-unboost|p1b: Scrafty|def|1
|-unboost|p1b: Scrafty|spd|1
|faint|p2a: Changuito
|move|p2b: Osito|Blood Moon|p1a: Ursaluna
|-damage|p1a: Ursaluna|36/100 brn
|
|-heal|p1a: Ursaluna|42/100 brn|[from] Grassy Terrain
|-heal|p1b: Scrafty|73/100|[from] Grassy Terrain
|-heal|p2b: Osito|13/100|[from] Grassy Terrain
|-heal|p2b: Osito|19/100|[from] item: Leftovers
|-damage|p1a: Ursaluna|36/100 brn|[from] brn
|-fieldend|move: Grassy Terrain
|upkeep
|
|t:|1756780513
|switch|p2a: Gatito|Incineroar, L50, M|100/100
|-ability|p2a: Gatito|Intimidate|boost
|-unboost|p1a: Ursaluna|atk|1
|-unboost|p1b: Scrafty|atk|1
|turn|6
|
|t:|1756780528
|move|p1a: Ursaluna|Earthquake|p2b: Osito|[spread] p1b,p2a,p2b
|-supereffective|p2a: Gatito
|-damage|p1b: Scrafty|0 fnt
|-damage|p2a: Gatito|9/100
|-damage|p2b: Osito|0 fnt
|faint|p1b: Scrafty
|faint|p2b: Osito
|move|p2a: Gatito|Knock Off|p1a: Ursaluna
|-supereffective|p1a: Ursaluna
|-damage|p1a: Ursaluna|0 fnt
|-enditem|p1a: Ursaluna|Flame Orb|[from] move: Knock Off|[of] p2a: Gatito
|faint|p1a: Ursaluna
|
|upkeep
|
|t:|1756780532
|switch|p1b: Rillaboom|Rillaboom, L50, F|57/100
|-fieldstart|move: Grassy Terrain|[from] ability: Grassy Surge|[of] p1b: Rillaboom
|turn|7
|
|t:|1756780545
|move|p1b: Rillaboom|Fake Out|p2a: Gatito
|-damage|p2a: Gatito|0 fnt
|faint|p2a: Gatito
|
|win|soccerdude26
|raw|soccerdude26's rating: 1202 → 1225(+23 for winning)
|raw|moicito's rating: 1177 → 1154(-23 for losing)
|c|☆moicito|gg
|c|☆soccerdude26|ggs
|l|☆soccerdude26
|player|p1|
