|j|☆Baxter1357924680
|j|☆Cheery Cinccino
|html|Baxter1357924680Cheery Cinccino    
|uhtml|bestof|Game 3 of a best-of-3
|t:|1783383102
|gametype|doubles
|player|p1|Baxter1357924680|101|
|player|p2|Cheery Cinccino|1|
|gen|9
|tier|[Gen 9 Champions] VGC 2026 Reg M-B (Bo3)
|rule|Species Clause: Limit one of each Pokémon
|rule|Item Clause: Limit 1 of each item
|clearpoke
|poke|p1|Aegislash, L50, M, shiny|
|poke|p1|Lucario, L50, M, shiny|
|poke|p1|Dragonite, L50, M, shiny|
|poke|p1|Ditto, L50, shiny|
|poke|p1|Annihilape, L50, M, shiny|
|poke|p1|Greninja, L50, M, shiny|
|poke|p2|Raichu, L50, M|
|poke|p2|Sceptile, L50, F|
|poke|p2|Metagross, L50|
|poke|p2|Staraptor, L50, F|
|poke|p2|Eelektross, L50, M|
|poke|p2|Dragalge, L50, M|
|teampreview|4
|showteam|p1|Aegislash||Leftovers|StanceChange|RockSlide,SacredSword,AirSlash,CloseCombat|Serious||M|||50|]Lucario||Lucarionite|InnerFocus|Agility,CrossChop,ThunderPunch,BlazeKick|Serious||M|||50|]Dragonite||Dragoninite|Multiscale|DracoMeteor,Flamethrower,Superpower,StoneEdge|Serious||M|||50|]Ditto||ExpertBelt|Imposter|Transform|Serious|||||50|]Annihilape||ChoiceScarf|VitalSpirit|BrickBreak,CloseCombat,CrossChop,RockSlide|Serious||M|||50|]Greninja||Greninjite|Protean|Liquidation,WaterShuriken,QuickAttack,FlipTurn|Serious||M|||50|
|showteam|p2|Raichu|||Static|VoltSwitch,FocusBlast,Agility,FakeOut|Mild||M|||50|]Sceptile|||Overgrow|DragonPulse,LeafBlade,SwordsDance,Acrobatics|Serious||F|||50|]Metagross||Metagrossite|ClearBody|Psychic,Earthquake,IronHead,Explosion|Serious|||||50|]Staraptor||SitrusBerry|Intimidate|AirSlash,CloseCombat,BraveBird,Agility|Serious||F|||50|]Eelektross|||Levitate|Thunderbolt,Flamethrower,Uturn,Crunch|Serious||M|||50|]Dragalge||Leftovers|PoisonPoint|AcidArmor,SludgeBomb,ToxicSpikes,DragonTail|Serious||M|||50|
|
|t:|1783383137
|teamsize|p1|4
|teamsize|p2|4
|start
|switch|p1a: Aegislash|Aegislash, L50, M, shiny|100/100
|switch|p1b: Annihilape|Annihilape, L50, M, shiny|100/100
|switch|p2a: Zoro|Sceptile, L50, F|100/100
|switch|p2b: Seija|Staraptor, L50, F|100/100
|-ability|p2b: Seija|Intimidate|boost
|-unboost|p1a: Aegislash|atk|1
|-unboost|p1b: Annihilape|atk|1
|turn|1
|
|t:|1783383158
|move|p1b: Annihilape|Rock Slide|p2a: Zoro|[spread] p2a,p2b
|-crit|p2a: Zoro
|-supereffective|p2b: Seija|1
|-damage|p2a: Zoro|55/100
|-damage|p2b: Seija|65/100
|cant|p2a: Zoro|flinch
|move|p2b: Seija|Brave Bird|p1b: Annihilape
|-supereffective|p1b: Annihilape|1
|-damage|p1b: Annihilape|0 fnt
|faint|p1b: Annihilape
|-damage|p2b: Seija|24/100|[from] Recoil
|-enditem|p2b: Seija|Sitrus Berry|[eat]
|-heal|p2b: Seija|49/100|[from] item: Sitrus Berry
|-formechange|p1a: Aegislash|Aegislash-Blade|
|move|p1a: Aegislash|Air Slash|p2a: Zoro
|-supereffective|p2a: Zoro|1
|-damage|p2a: Zoro|0 fnt
|faint|p2a: Zoro
|
|upkeep
|
|t:|1783383179
|switch|p2a: Tidal Wave|Eelektross, L50, M|100/100
|switch|p1b: Greninja|Greninja, L50, M, shiny|100/100
|turn|2
|
|t:|1783383198
|detailschange|p1b: Greninja|Greninja-Mega, L50, M, shiny
|-mega|p1b: Greninja|Greninja|Greninjite
|move|p1b: Greninja|Quick Attack|p2a: Tidal Wave
|-start|p1b: Greninja|typechange|Normal|[from] ability: Protean
|-damage|p2a: Tidal Wave|78/100
|move|p2b: Seija|Close Combat|p1b: Greninja
|-supereffective|p1b: Greninja|1
|-damage|p1b: Greninja|6/100
|-unboost|p2b: Seija|def|1
|-unboost|p2b: Seija|spd|1
|move|p1a: Aegislash|Rock Slide|p2a: Tidal Wave|[spread] p2a,p2b
|-supereffective|p2b: Seija|1
|-damage|p2a: Tidal Wave|63/100
|-damage|p2b: Seija|0 fnt
|faint|p2b: Seija
|cant|p2a: Tidal Wave|flinch
|
|upkeep
|
|t:|1783383213
|switch|p2b: Metatron|Metagross, L50|100/100
|turn|3
|
|t:|1783383230
|detailschange|p2b: Metatron|Metagross-Mega, L50
|-mega|p2b: Metatron|Metagross|Metagrossite
|move|p1b: Greninja|Quick Attack|p2a: Tidal Wave
|-damage|p2a: Tidal Wave|44/100
|move|p2b: Metatron|Earthquake|p1b: Greninja|[spread] p1a,p1b
|-immune|p2a: Tidal Wave|[from] ability: Levitate
|-supereffective|p1a: Aegislash|1
|-damage|p1a: Aegislash|16/100
|-damage|p1b: Greninja|0 fnt
|faint|p1b: Greninja
|move|p1a: Aegislash|Sacred Sword|p2b: Metatron
|-damage|p2b: Metatron|83/100
|move|p2a: Tidal Wave|Flamethrower|p1a: Aegislash
|-supereffective|p1a: Aegislash|1
|-damage|p1a: Aegislash|0 fnt
|faint|p1a: Aegislash
|
|upkeep
|
|t:|1783383251
|switch|p1b: Ditto|Ditto, L50, shiny|100/100
|-transform|p1b: Ditto|p2a: Tidal Wave|[from] ability: Imposter
|turn|4
|
|t:|1783383268
|move|p2b: Metatron|Iron Head|p1b: Ditto
|-resisted|p1b: Ditto|1
|-damage|p1b: Ditto|65/100
|move|p1b: Ditto|Flamethrower|p2b: Metatron
|-supereffective|p2b: Metatron|1
|-damage|p2b: Metatron|22/100
|move|p2a: Tidal Wave|Crunch|p1b: Ditto
|-damage|p1b: Ditto|38/100
|
|upkeep
|turn|5
|
|t:|1783383297
|move|p2b: Metatron|Psychic|p1b: Ditto
|-damage|p1b: Ditto|0 fnt
|faint|p1b: Ditto
|
|win|Cheery Cinccino
|c|☆Baxter1357924680|gg
|c|☆Cheery Cinccino|gg
|c|☆Baxter1357924680|want me to upload
|c|☆Cheery Cinccino|sure
