|j|☆BeepBoop24
|j|☆momoechis
|html|BeepBoop24momoechis    
|uhtml|bestof|Game 1 of a best-of-3
|t:|1756173619
|gametype|doubles
|player|p1|BeepBoop24|steven|1088
|player|p2|momoechis|iris|1029
|gen|9
|tier|[Gen 9] VGC 2025 Reg H (Bo3)
|rated|
|rule|Species Clause: Limit one of each Pokémon
|rule|Item Clause: Limit 1 of each item
|clearpoke
|poke|p1|Typhlosion-Hisui, L50, M|
|poke|p1|Farigiraf, L50, F|
|poke|p1|Ursaluna-Bloodmoon, L50, M|
|poke|p1|Clefairy, L50, M|
|poke|p1|Whimsicott, L50, F|
|poke|p1|Annihilape, L50, M|
|poke|p2|Charizard, L50, F|
|poke|p2|Torkoal, L50, M|
|poke|p2|Porygon2, L50|
|poke|p2|Incineroar, L50, M|
|poke|p2|Jumpluff, L50, F|
|poke|p2|Ursaluna, L50, F|
|teampreview|4
|showteam|p1|Typhlosion-Hisui||ChoiceSpecs|Blaze|Eruption,ShadowBall,HeatWave,Overheat|||M|||50|,,,,,Fire]Farigiraf||ThroatSpray|ArmorTail|Psychic,HyperVoice,TrickRoom,Protect|||F|||50|,,,,,Dragon]Ursaluna-Bloodmoon||LifeOrb|MindsEye|BloodMoon,EarthPower,HyperVoice,Protect|||M|||50|,,,,,Normal]Clefairy||Eviolite|FriendGuard|FollowMe,AfterYou,HelpingHand,Protect|||M|||50|,,,,,Steel]Whimsicott||CovertCloak|Prankster|Tailwind,Moonblast,SunnyDay,BeatUp|||F|||50|,,,,,Dark]Annihilape||AssaultVest|Defiant|RageFist,DrainPunch,CloseCombat,FinalGambit|||M|||50|,,,,,Fire
|showteam|p2|Charizard||ChoiceSpecs|SolarPower|HeatWave,Overheat,WeatherBall,AirSlash|||F|||50|,,,,,Ghost]Torkoal||EjectPack|Drought|Eruption,Overheat,HelpingHand,Protect|||M|||50|,,,,,Fire]Porygon2||Eviolite|Download|IceBeam,TeraBlast,TrickRoom,Recover||||||50|,,,,,Fighting]Incineroar||SitrusBerry|Intimidate|FlareBlitz,KnockOff,FakeOut,PartingShot|||M|||50|,,,,,Ghost]Jumpluff||CovertCloak|Chlorophyll|SleepPowder,SunnyDay,RagePowder,Tailwind|||F|||50|,,,,,Water]Ursaluna||FlameOrb|Guts|HeadlongRush,Facade,Earthquake,Protect|||F|||50|,,,,,Ghost
|
|t:|1756173701
|teamsize|p1|4
|teamsize|p2|4
|start
|switch|p1a: Ursaluna|Ursaluna-Bloodmoon, L50, M|100/100
|switch|p1b: Clefairy|Clefairy, L50, M|100/100
|switch|p2a: Porygon2|Porygon2, L50|100/100
|switch|p2b: Charizard|Charizard, L50, F|100/100
|-ability|p2a: Porygon2|Download|boost
|-boost|p2a: Porygon2|spa|1
|turn|1
|inactive|Battle timer is ON: inactive players will automatically lose when time's up. (requested by BeepBoop24)
|inactive|BeepBoop24 has 60 seconds left.
|inactive|momoechis has 60 seconds left.
|
|t:|1756173761
|-terastallize|p2a: Porygon2|Fighting
|move|p1b: Clefairy|Follow Me|p1b: Clefairy
|-singleturn|p1b: Clefairy|move: Follow Me
|move|p2b: Charizard|Heat Wave|p1a: Ursaluna|[spread] p1a,p1b
|-damage|p1a: Ursaluna|55/100
|-damage|p1b: Clefairy|61/100
|move|p1a: Ursaluna|Blood Moon|p2b: Charizard
|-damage|p2b: Charizard|0 fnt
|faint|p2b: Charizard
|-damage|p1a: Ursaluna|45/100|[from] item: Life Orb
|move|p2a: Porygon2|Tera Blast|p1b: Clefairy|[anim] Tera Blast Fighting
|-resisted|p1b: Clefairy
|-damage|p1b: Clefairy|35/100
|
|upkeep
|
|t:|1756173786
|switch|p2b: Ursaluna|Ursaluna, L50, F|100/100
|turn|2
|
|t:|1756173805
|-terastallize|p1a: Ursaluna|Normal
|move|p2b: Ursaluna|Protect|p2b: Ursaluna
|-singleturn|p2b: Ursaluna|Protect
|move|p1b: Clefairy|Follow Me|p1b: Clefairy
|-singleturn|p1b: Clefairy|move: Follow Me
|move|p1a: Ursaluna|Hyper Voice|p2b: Ursaluna|[spread] p2a
|-activate|p2b: Ursaluna|move: Protect
|-damage|p2a: Porygon2|58/100
|-damage|p1a: Ursaluna|35/100|[from] item: Life Orb
|move|p2a: Porygon2|Ice Beam|p1b: Clefairy
|-damage|p1b: Clefairy|0 fnt
|faint|p1b: Clefairy
|
|-status|p2b: Ursaluna|brn|[from] item: Flame Orb
|upkeep
|
|t:|1756173824
|switch|p1b: Farigiraf|Farigiraf, L50, F|100/100
|turn|3
|
|t:|1756173840
|move|p2b: Ursaluna|Facade|p1a: Ursaluna
|-damage|p1a: Ursaluna|0 fnt
|faint|p1a: Ursaluna
|move|p1b: Farigiraf|Psychic|p2a: Porygon2
|-supereffective|p2a: Porygon2
|-damage|p2a: Porygon2|4/100
|move|p2a: Porygon2|Ice Beam|p1b: Farigiraf
|-damage|p1b: Farigiraf|63/100
|
|-damage|p2b: Ursaluna|95/100 brn|[from] brn
|upkeep
|
|t:|1756173849
|switch|p1a: Annihilape|Annihilape, L50, M|100/100
|turn|4
|inactive|momoechis has 30 seconds left.
|
|t:|1756173882
|move|p1a: Annihilape|Close Combat|p2b: Ursaluna
|-supereffective|p2b: Ursaluna
|-damage|p2b: Ursaluna|6/100 brn
|-unboost|p1a: Annihilape|def|1
|-unboost|p1a: Annihilape|spd|1
|move|p2b: Ursaluna|Facade|p1b: Farigiraf
|-damage|p1b: Farigiraf|0 fnt
|faint|p1b: Farigiraf
|move|p2a: Porygon2|Recover|p2a: Porygon2
|-heal|p2a: Porygon2|54/100
|
|-damage|p2b: Ursaluna|0 fnt|[from] brn
|faint|p2b: Ursaluna
|upkeep
|
|t:|1756173890
|switch|p2b: Torkoal|Torkoal, L50, M|100/100
|-weather|SunnyDay|[from] ability: Drought|[of] p2b: Torkoal
|turn|5
|
|t:|1756173913
|move|p1a: Annihilape|Rage Fist|p2b: Torkoal
|-damage|p2b: Torkoal|80/100
|move|p2a: Porygon2|Ice Beam|p1a: Annihilape
|-damage|p1a: Annihilape|60/100
|move|p2b: Torkoal|Overheat|p1a: Annihilape
|-damage|p1a: Annihilape|0 fnt
|-unboost|p2b: Torkoal|spa|2
|faint|p1a: Annihilape
|
|win|momoechis
||BeepBoop24 is ready for game 2.
|inactive|momoechis has 30 seconds to confirm battle start!
||momoechis is ready for game 2.
|uhtml|next|Next: Game 2 of 3
|l|☆BeepBoop24
|player|p1|
