|j|☆MarkTheMarker
|j|☆rustychair13
|html|MarkTheMarkerrustychair13    
|uhtml|bestof|Game 1 of a best-of-3
|t:|1786127794
|gametype|doubles
|player|p1|MarkTheMarker|wallace|1277
|player|p2|rustychair13|101|1392
|gen|9
|tier|[Gen 9 Champions] VGC 2026 Reg M-B (Bo3)
|rated|
|rule|Species Clause: Limit one of each Pokémon
|rule|Item Clause: Limit 1 of each item
|clearpoke
|poke|p1|Pelipper, L50, M|
|poke|p1|Swampert, L50, M|
|poke|p1|Archaludon, L50, M|
|poke|p1|Grimmsnarl, L50, M|
|poke|p1|Venusaur, L50, M|
|poke|p1|Charizard, L50, M|
|poke|p2|Glimmora, L50, F, shiny|
|poke|p2|Whimsicott, L50, F|
|poke|p2|Gholdengo, L50|
|poke|p2|Raichu, L50, M|
|poke|p2|Scovillain, L50, M|
|poke|p2|Pelipper, L50, M|
|teampreview|4
|showteam|p1|Pelipper||SitrusBerry|Drizzle|WeatherBall,Hurricane,WideGuard,Tailwind|Modest||M|||50|]Swampert||Swampertite|Damp|Protect,WaveCrash,Earthquake,IcePunch|Adamant||M|||50|]Archaludon||Leftovers|Stamina|Protect,DragonPulse,FlashCannon,ElectroShot|Modest||M|||50|]Grimmsnarl||LightClay|Prankster|SpiritBreak,PartingShot,Reflect,LightScreen|Sassy||M|||50|]Venusaur||FocusSash|Chlorophyll|SleepPowder,SludgeBomb,EarthPower,Protect|Modest||M|||50|]Charizard||CharizarditeY|Blaze|Protect,HeatWave,WeatherBall,SolarBeam|Modest||M|||50|
|showteam|p2|Glimmora||FocusSash|ToxicDebris|SludgeBomb,PowerGem,EarthPower,SpikyShield|Modest||F|||50|]Whimsicott||FairyFeather|Prankster|Moonblast,Tailwind,Encore,Protect|Modest||F|||50|]Gholdengo||Leftovers|GoodasGold|MakeItRain,Hex,NastyPlot,Protect|Modest|||||50|]Raichu||RaichuniteY|LightningRod|ZapCannon,FocusBlast,FakeOut,Protect|Timid||M|||50|]Scovillain||Scovillainite|Moody|Flamethrower,LeechSeed,RagePowder,Protect|Calm||M|||50|]Pelipper||LifeOrb|Drizzle|WeatherBall,Hurricane,WideGuard,Protect|Modest||M|||50|
|inactive|Battle timer is ON: inactive players will automatically lose when time's up. (requested by MarkTheMarker)
|inactive|MarkTheMarker has 60 seconds left.
|inactive|rustychair13 has 60 seconds left.
|inactive|rustychair13 has 30 seconds left.
|inactive|rustychair13 has 20 seconds left.
|inactive|rustychair13 has 15 seconds left.
|
|t:|1786127870
|teamsize|p1|4
|teamsize|p2|4
|start
|switch|p1a: Grimmsnarl|Grimmsnarl, L50, M|100/100
|switch|p1b: Swampert|Swampert, L50, M|100/100
|switch|p2a: Glimmora|Glimmora, L50, F, shiny|100/100
|switch|p2b: Raichu|Raichu, L50, M|100/100
|turn|1
|inactive|MarkTheMarker has 30 seconds left.
|inactive|MarkTheMarker has 20 seconds left.
|inactive|MarkTheMarker has 15 seconds left.
|inactive|MarkTheMarker has 10 seconds left.
|
|t:|1786127918
|detailschange|p2b: Raichu|Raichu-Mega-Y, L50, M
|-mega|p2b: Raichu|Raichu|Raichunite Y
|detailschange|p1b: Swampert|Swampert-Mega, L50, M
|-mega|p1b: Swampert|Swampert|Swampertite
|move|p2b: Raichu|Fake Out|p1a: Grimmsnarl
|-damage|p1a: Grimmsnarl|91/100
|cant|p1a: Grimmsnarl|flinch
|move|p2a: Glimmora|Sludge Bomb|p1a: Grimmsnarl
|-supereffective|p1a: Grimmsnarl|1
|-damage|p1a: Grimmsnarl|1/100
|move|p1b: Swampert|Earthquake|p2a: Glimmora|[spread] p1a,p2a,p2b
|-supereffective|p2a: Glimmora|2
|-supereffective|p2b: Raichu|1
|-damage|p1a: Grimmsnarl|0 fnt
|-enditem|p2a: Glimmora|Focus Sash
|-damage|p2a: Glimmora|1/100
|-damage|p2b: Raichu|0 fnt
|-activate|p2a: Glimmora|ability: Toxic Debris
|-sidestart|p1: MarkTheMarker|move: Toxic Spikes
|faint|p1a: Grimmsnarl
|faint|p2b: Raichu
|
|upkeep
|
|t:|1786127937
|switch|p2b: Pelipper|Pelipper, L50, M|100/100
|switch|p1a: Pelipper|Pelipper, L50, M|100/100
|-weather|RainDance|[from] ability: Drizzle|[of] p2b: Pelipper
|turn|2
|inactive|MarkTheMarker has 30 seconds left.
|inactive|MarkTheMarker has 20 seconds left.
|inactive|MarkTheMarker has 15 seconds left.
|
|t:|1786127981
|switch|p1a: Archaludon|Archaludon, L50, M|100/100
|move|p1b: Swampert|Protect|p1b: Swampert
|-singleturn|p1b: Swampert|Protect
|move|p2a: Glimmora|Power Gem|p1a: Archaludon
|-resisted|p1a: Archaludon|1
|-damage|p1a: Archaludon|76/100
|-ability|p1a: Archaludon|Stamina|boost
|-boost|p1a: Archaludon|def|1
|move|p2b: Pelipper|Weather Ball|p1b: Swampert
|-activate|p1b: Swampert|move: Protect
|
|-weather|RainDance|[upkeep]
|-heal|p1a: Archaludon|82/100|[from] item: Leftovers
|upkeep
|turn|3
|
|t:|1786128003
|move|p2b: Pelipper|Protect|p2b: Pelipper
|-singleturn|p2b: Pelipper|Protect
|move|p1b: Swampert|Wave Crash|p2a: Glimmora
|-supereffective|p2a: Glimmora|1
|-damage|p2a: Glimmora|0 fnt
|-activate|p2a: Glimmora|ability: Toxic Debris
|-sidestart|p1: MarkTheMarker|move: Toxic Spikes
|faint|p2a: Glimmora
|-damage|p1b: Swampert|99/100|[from] Recoil
|move|p1a: Archaludon|Electro Shot||[still]
|-prepare|p1a: Archaludon|Electro Shot
|-boost|p1a: Archaludon|spa|1
|-anim|p1a: Archaludon|Electro Shot|p2b: Pelipper
|-activate|p2b: Pelipper|move: Protect
|
|-weather|RainDance|[upkeep]
|-heal|p1a: Archaludon|88/100|[from] item: Leftovers
|upkeep
|
|t:|1786128008
|switch|p2a: Gholdengo|Gholdengo, L50|100/100
|turn|4
|
|t:|1786128024
|move|p2b: Pelipper|Protect||[still]
|-fail|p2b: Pelipper
|move|p1b: Swampert|Wave Crash|p2a: Gholdengo
|-damage|p2a: Gholdengo|4/100
|-damage|p1b: Swampert|67/100|[from] Recoil
|move|p2a: Gholdengo|Nasty Plot|p2a: Gholdengo
|-boost|p2a: Gholdengo|spa|2
|move|p1a: Archaludon|Electro Shot||[still]
|-prepare|p1a: Archaludon|Electro Shot
|-boost|p1a: Archaludon|spa|1
|-anim|p1a: Archaludon|Electro Shot|p2b: Pelipper
|-supereffective|p2b: Pelipper|2
|-damage|p2b: Pelipper|0 fnt
|faint|p2b: Pelipper
|
|-weather|RainDance|[upkeep]
|-heal|p2a: Gholdengo|10/100|[from] item: Leftovers
|-heal|p1a: Archaludon|94/100|[from] item: Leftovers
|upkeep
|turn|5
|
|t:|1786128032
|move|p2a: Gholdengo|Protect|p2a: Gholdengo
|-singleturn|p2a: Gholdengo|Protect
|move|p1b: Swampert|Wave Crash|p2a: Gholdengo
|-activate|p2a: Gholdengo|move: Protect
|move|p1a: Archaludon|Electro Shot||[still]
|-prepare|p1a: Archaludon|Electro Shot
|-boost|p1a: Archaludon|spa|1
|-anim|p1a: Archaludon|Electro Shot|p2a: Gholdengo
|-activate|p2a: Gholdengo|move: Protect
|
|-weather|RainDance|[upkeep]
|-heal|p2a: Gholdengo|17/100|[from] item: Leftovers
|-heal|p1a: Archaludon|100/100|[from] item: Leftovers
|upkeep
|turn|6
|
|t:|1786128037
|move|p1b: Swampert|Wave Crash|p2a: Gholdengo
|-damage|p2a: Gholdengo|0 fnt
|faint|p2a: Gholdengo
|-damage|p1b: Swampert|61/100|[from] Recoil
|
|win|MarkTheMarker
||rustychair13 is ready for game 2.
||MarkTheMarker is ready for game 2.
|uhtml|next|Next: Game 2 of 3
|l|☆rustychair13
|player|p2|
