|j|☆freudianbreath
|j|☆acatnamedsoup
|html|freudianbreathacatnamedsoup    
|uhtml|bestof|Game 1 of a best-of-3
|t:|1785185318
|gametype|doubles
|player|p1|freudianbreath|266|1058
|player|p2|acatnamedsoup|giovanni|1000
|gen|9
|tier|[Gen 9 Champions] VGC 2026 Reg M-B (Bo3)
|rated|
|rule|Species Clause: Limit one of each Pokémon
|rule|Item Clause: Limit 1 of each item
|clearpoke
|poke|p1|Sneasler, L50, M|
|poke|p1|Whimsicott, L50, M|
|poke|p1|Eelektross, L50, M|
|poke|p1|Ninetales-Alola, L50, M|
|poke|p1|Starmie, L50|
|poke|p1|Incineroar, L50, M|
|poke|p2|Annihilape, L50, F|
|poke|p2|Maushold, L50|
|poke|p2|Dragonite, L50, M|
|poke|p2|Gholdengo, L50|
|poke|p2|Kingambit, L50, M|
|poke|p2|Ceruledge, L50, F|
|teampreview|4
|showteam|p1|Sneasler||FocusSash|Unburden|FakeOut,Protect,DireClaw,CloseCombat|Jolly||M|||50|]Whimsicott||SitrusBerry|Prankster|Moonblast,Encore,Tailwind,Protect|Bold||M|||50|]Eelektross||Eelektrossite|Levitate|Protect,Discharge,Thunderbolt,GigaDrain|Timid||M|||50|]Ninetales-Alola||LightClay|SnowWarning|Blizzard,FreezeDry,AuroraVeil,Protect|Timid||M|||50|]Starmie||Starminite|Illuminate|Protect,AquaJet,Liquidation,FlipTurn|Jolly|||||50|]Incineroar||Leftovers|Intimidate|FakeOut,FlareBlitz,PartingShot,HelpingHand|Impish||M|||50|
|showteam|p2|Annihilape||Leftovers|Defiant|DrainPunch,PhantomForce,Protect,BulkUp|Adamant||F|||50|]Maushold||WideLens|FriendGuard|PopulationBomb,Encore,Protect,SuperFang|Adamant|||||50|]Dragonite||YacheBerry|InnerFocus|Tailwind,ExtremeSpeed,Protect,ScaleShot|Adamant||M|||50|]Gholdengo||ChoiceScarf|GoodasGold|ShadowBall,PowerGem,MakeItRain,FocusBlast|Timid|||||50|]Kingambit||BlackGlasses|Defiant|KowtowCleave,SwordsDance,SuckerPunch,Protect|Adamant||M|||50|]Ceruledge||Charcoal|FlashFire|BitterBlade,BulkUp,ShadowSneak,Protect|Adamant||F|||50|
|inactive|Battle timer is ON: inactive players will automatically lose when time's up. (requested by acatnamedsoup)
|
|t:|1785185450
|teamsize|p1|4
|teamsize|p2|4
|start
|switch|p1a: Sneasler|Sneasler, L50, M|100/100
|switch|p1b: Whimsicott|Whimsicott, L50, M|100/100
|switch|p2a: Dragonite|Dragonite, L50, M|100/100
|switch|p2b: Annihilape|Annihilape, L50, F|100/100
|turn|1
|inactive|freudianbreath has 30 seconds left.
|inactive|acatnamedsoup has 30 seconds left.
|inactive|freudianbreath has 20 seconds left.
|
|t:|1785185489
|switch|p2b: Gholdengo|Gholdengo, L50|100/100
|move|p1b: Whimsicott|Tailwind|p1b: Whimsicott
|-sidestart|p1: freudianbreath|move: Tailwind
|move|p1a: Sneasler|Dire Claw|p2b: Gholdengo
|-immune|p2b: Gholdengo
|move|p2a: Dragonite|Scale Shot|p1a: Sneasler
|-damage|p1a: Sneasler|75/100
|-damage|p1a: Sneasler|48/100
|-damage|p1a: Sneasler|21/100
|-hitcount|p1a: Sneasler|3
|-unboost|p2a: Dragonite|def|1
|-boost|p2a: Dragonite|spe|1
|
|upkeep
|turn|2
|inactive|freudianbreath has 30 seconds left.
|inactive|acatnamedsoup has 30 seconds left.
|inactive|freudianbreath has 20 seconds left.
|inactive|freudianbreath has 15 seconds left.
|inactive|freudianbreath has 10 seconds left.
|inactive|freudianbreath has 5 seconds left.
|
|t:|1785185542
|switch|p1b: Eelektross|Eelektross, L50, M|100/100
|move|p1a: Sneasler|Dire Claw|p2a: Dragonite
|-damage|p2a: Dragonite|27/100
|move|p2b: Gholdengo|Make It Rain|p1a: Sneasler|[spread] p1a
|-miss|p2b: Gholdengo|p1b: Eelektross
|-damage|p1a: Sneasler|0 fnt
|-unboost|p2b: Gholdengo|spa|2
|faint|p1a: Sneasler
|move|p2a: Dragonite|Tailwind|p2a: Dragonite
|-sidestart|p2: acatnamedsoup|move: Tailwind
|
|upkeep
|inactive|freudianbreath has 30 seconds left.
|inactive|freudianbreath has 20 seconds left.
|inactive|freudianbreath has 15 seconds left.
|inactive|freudianbreath has 10 seconds left.
|
|t:|1785185588
|switch|p1a: Ninetales|Ninetales-Alola, L50, M|100/100
|-weather|Snowscape|[from] ability: Snow Warning|[of] p1a: Ninetales
|turn|3
|inactive|freudianbreath has 30 seconds left.
|
|t:|1785185618
|switch|p2b: Maushold|Maushold, L50|100/100
|detailschange|p1b: Eelektross|Eelektross-Mega, L50, M
|-mega|p1b: Eelektross|Eelektross|Eelektrossite
|move|p2a: Dragonite|Protect|p2a: Dragonite
|-singleturn|p2a: Dragonite|Protect
|move|p1a: Ninetales|Protect|p1a: Ninetales
|-singleturn|p1a: Ninetales|Protect
|move|p1b: Eelektross|Discharge|p2b: Maushold|[spread] p2b
|-activate|p1a: Ninetales|move: Protect
|-activate|p2a: Dragonite|move: Protect
|-damage|p2b: Maushold|60/100
|
|-weather|Snowscape|[upkeep]
|upkeep
|turn|4
|inactive|freudianbreath has 30 seconds left.
|inactive|acatnamedsoup has 30 seconds left.
|inactive|freudianbreath has 20 seconds left.
|inactive|freudianbreath has 15 seconds left.
|inactive|freudianbreath has 10 seconds left.
|
|t:|1785185664
|move|p2a: Dragonite|Scale Shot|p1b: Eelektross
|-damage|p1b: Eelektross|78/100
|-crit|p1b: Eelektross
|-damage|p1b: Eelektross|46/100
|-damage|p1b: Eelektross|27/100
|-damage|p1b: Eelektross|8/100
|-hitcount|p1b: Eelektross|4
|-unboost|p2a: Dragonite|def|1
|-boost|p2a: Dragonite|spe|1
|move|p1a: Ninetales|Aurora Veil|p1a: Ninetales
|-sidestart|p1: freudianbreath|move: Aurora Veil
|move|p1b: Eelektross|Discharge|p2a: Dragonite|[spread] p1a,p2a,p2b
|-damage|p1a: Ninetales|74/100
|-damage|p2a: Dragonite|4/100
|-damage|p2b: Maushold|19/100
|-status|p1a: Ninetales|par
|move|p2b: Maushold|Population Bomb|p1a: Ninetales
|-damage|p1a: Ninetales|67/100 par
|-damage|p1a: Ninetales|62/100 par
|-damage|p1a: Ninetales|56/100 par
|-damage|p1a: Ninetales|51/100 par
|-damage|p1a: Ninetales|44/100 par
|-damage|p1a: Ninetales|38/100 par
|-damage|p1a: Ninetales|32/100 par
|-damage|p1a: Ninetales|26/100 par
|-damage|p1a: Ninetales|20/100y par
|-damage|p1a: Ninetales|14/100 par
|-hitcount|p1a: Ninetales|10
|
|-weather|Snowscape|[upkeep]
|-sideend|p1: freudianbreath|move: Tailwind
|upkeep
|turn|5
|inactive|freudianbreath has 30 seconds left.
|inactive|acatnamedsoup has 30 seconds left.
|inactive|acatnamedsoup has 20 seconds left.
|inactive|acatnamedsoup has 15 seconds left.
|
|t:|1785185706
|move|p1a: Ninetales|Protect|p1a: Ninetales
|-singleturn|p1a: Ninetales|Protect
|move|p2a: Dragonite|Extreme Speed|p1b: Eelektross
|-damage|p1b: Eelektross|0 fnt
|faint|p1b: Eelektross
|move|p2b: Maushold|Encore|p1a: Ninetales
|-activate|p1a: Ninetales|move: Protect
|
|-weather|Snowscape|[upkeep]
|-sideend|p2: acatnamedsoup|move: Tailwind
|upkeep
|
|t:|1785185714
|switch|p1b: Whimsicott|Whimsicott, L50, M|100/100
|turn|6
|inactive|freudianbreath has 30 seconds left.
|
|t:|1785185747
|move|p2a: Dragonite|Extreme Speed|p1a: Ninetales
|-damage|p1a: Ninetales|0 fnt
|faint|p1a: Ninetales
|move|p1b: Whimsicott|Tailwind|p1b: Whimsicott
|-sidestart|p1: freudianbreath|move: Tailwind
|move|p2b: Maushold|Super Fang|p1b: Whimsicott
|-damage|p1b: Whimsicott|50/100g
|
|-weather|Snowscape|[upkeep]
|upkeep
|turn|7
|
|t:|1785185765
|move|p2a: Dragonite|Extreme Speed|p1b: Whimsicott
|-damage|p1b: Whimsicott|29/100
|-enditem|p1b: Whimsicott|Sitrus Berry|[eat]
|-heal|p1b: Whimsicott|53/100|[from] item: Sitrus Berry
|move|p1b: Whimsicott|Moonblast|p2b: Maushold
|-damage|p2b: Maushold|0 fnt
|faint|p2b: Maushold
|
|-weather|none
|upkeep
|
|t:|1785185775
|switch|p2b: Gholdengo|Gholdengo, L50|100/100
|turn|8
|-message|freudianbreath forfeited.
|
|win|acatnamedsoup
