|j|☆hn8877699
|j|☆sundokii
|html|hn8877699sundokii    
|uhtml|bestof|Game 1 of a best-of-3
|t:|1785892330
|gametype|doubles
|player|p1|hn8877699|1|1000
|player|p2|sundokii|102|1059
|gen|9
|tier|[Gen 9 Champions] VGC 2026 Reg M-B (Bo3)
|rated|
|rule|Species Clause: Limit one of each Pokémon
|rule|Item Clause: Limit 1 of each item
|clearpoke
|poke|p1|Blastoise, L50, F, shiny|
|poke|p1|Farigiraf, L50, F, shiny|
|poke|p1|Torkoal, L50, F, shiny|
|poke|p1|Rhyperior, L50, F, shiny|
|poke|p1|Sinistcha-Masterpiece, L50, shiny|
|poke|p1|Meowscarada, L50, F, shiny|
|poke|p2|Incineroar, L50, M|
|poke|p2|Greninja, L50, F|
|poke|p2|Vanilluxe, L50, F|
|poke|p2|Gengar, L50, F|
|poke|p2|Milotic, L50, F|
|poke|p2|Garchomp, L50, M|
|teampreview|4
|showteam|p1|Blastoise||Blastoisinite|Torrent|WaterSpout,FakeOut,AuraSphere,DarkPulse|Quiet||F|||50|]Farigiraf||ColburBerry|ArmorTail|TrickRoom,PsychicNoise,RainDance,HelpingHand|Quiet||F|||50|]Torkoal||Charcoal|Drought|Eruption,EarthPower,Protect,WeatherBall|Quiet||F|||50|]Rhyperior||LifeOrb|LightningRod|RockSlide,HighHorsepower,Protect,IcePunch|Brave||F|||50|]Sinistcha-Masterpiece||Leftovers|Hospitality|TrickRoom,MatchaGotcha,LifeDew,RagePowder|Quiet|||||50|]Meowscarada||FocusSash|Protean|SuckerPunch,ThunderPunch,TripleAxel,FlowerTrick|Jolly||F|||50|
|showteam|p2|Incineroar||SitrusBerry|Intimidate|FakeOut,FlareBlitz,PartingShot,DarkestLariat|Careful||M|||50|]Greninja||Greninjite|Protean|Blizzard,Protect,DarkPulse,LowKick|Timid||F|||50|]Vanilluxe||ChoiceScarf|SnowWarning|AuroraVeil,Blizzard,FreezeDry,IcyWind|Timid||F|||50|]Gengar||FocusSash|CursedBody|Protect,SludgeBomb,DestinyBond,ShadowBall|Timid||F|||50|]Milotic||Leftovers|Competitive|Protect,Scald,IcyWind,Recover|Calm||F|||50|]Garchomp||LumBerry|RoughSkin|StompingTantrum,DragonClaw,RockSlide,Protect|Adamant||M|||50|
|
|t:|1785892393
|teamsize|p1|4
|teamsize|p2|4
|start
|switch|p1a: Farigiraf|Farigiraf, L50, F, shiny|100/100
|switch|p1b: Blastoise|Blastoise, L50, F, shiny|100/100
|switch|p2a: Incineroar|Incineroar, L50, M|100/100
|switch|p2b: Vanilluxe|Vanilluxe, L50, F|100/100
|-weather|Snowscape|[from] ability: Snow Warning|[of] p2b: Vanilluxe
|-ability|p2a: Incineroar|Intimidate|boost
|-unboost|p1a: Farigiraf|atk|1
|-unboost|p1b: Blastoise|atk|1
|turn|1
|inactive|Battle timer is ON: inactive players will automatically lose when time's up. (requested by hn8877699)
|
|t:|1785892418
|detailschange|p1b: Blastoise|Blastoise-Mega, L50, F, shiny
|-mega|p1b: Blastoise|Blastoise|Blastoisinite
|move|p1b: Blastoise|Fake Out|p2a: Incineroar
|-crit|p2a: Incineroar
|-damage|p2a: Incineroar|86/100
|move|p2b: Vanilluxe|Freeze-Dry|p1b: Blastoise
|-supereffective|p1b: Blastoise|1
|-damage|p1b: Blastoise|41/100
|cant|p2a: Incineroar|flinch
|move|p1a: Farigiraf|Trick Room|p1a: Farigiraf
|-fieldstart|move: Trick Room|[of] p1a: Farigiraf
|
|-weather|Snowscape|[upkeep]
|upkeep
|turn|2
|
|t:|1785892442
|switch|p2b: Milotic|Milotic, L50, F|100/100
|move|p1a: Farigiraf|Psychic Noise|p2b: Milotic
|-damage|p2b: Milotic|80/100
|-start|p2b: Milotic|move: Heal Block
|move|p2a: Incineroar|Darkest Lariat|p1b: Blastoise
|-damage|p1b: Blastoise|10/100
|move|p1b: Blastoise|Aura Sphere|p2a: Incineroar
|-supereffective|p2a: Incineroar|1
|-damage|p2a: Incineroar|11/100
|-enditem|p2a: Incineroar|Sitrus Berry|[eat]
|-heal|p2a: Incineroar|36/100|[from] item: Sitrus Berry
|
|-weather|Snowscape|[upkeep]
|upkeep
|turn|3
|inactive|hn8877699 has 30 seconds left.
|inactive|sundokii has 30 seconds left.
|inactive|sundokii has 20 seconds left.
|
|t:|1785892478
|switch|p1b: Rhyperior|Rhyperior, L50, F, shiny|100/100
|move|p1a: Farigiraf|Psychic Noise|p2b: Milotic
|-damage|p2b: Milotic|61/100
|move|p2a: Incineroar|Flare Blitz|p1b: Rhyperior
|-resisted|p1b: Rhyperior|1
|-damage|p1b: Rhyperior|86/100
|-damage|p2a: Incineroar|32/100|[from] Recoil
|move|p2b: Milotic|Scald|p1a: Farigiraf
|-damage|p1a: Farigiraf|75/100
|-status|p1a: Farigiraf|brn
|
|-weather|Snowscape|[upkeep]
|-damage|p1a: Farigiraf|69/100 brn|[from] brn
|-end|p2b: Milotic|move: Heal Block
|upkeep
|turn|4
|inactive|sundokii has 30 seconds left.
|
|t:|1785892505
|move|p1b: Rhyperior|Rock Slide|p2a: Incineroar|[spread] p2a,p2b
|-supereffective|p2a: Incineroar|1
|-damage|p2a: Incineroar|0 fnt
|-damage|p2b: Milotic|24/100
|faint|p2a: Incineroar
|-damage|p1b: Rhyperior|76/100|[from] item: Life Orb
|move|p1a: Farigiraf|Psychic Noise|p2b: Milotic
|-damage|p2b: Milotic|4/100
|-start|p2b: Milotic|move: Heal Block
|move|p2b: Milotic|Icy Wind|p1b: Rhyperior|[spread] p1a,p1b
|-supereffective|p1b: Rhyperior|1
|-damage|p1a: Farigiraf|60/100 brn
|-damage|p1b: Rhyperior|48/100
|-unboost|p1a: Farigiraf|spe|1
|-unboost|p1b: Rhyperior|spe|1
|
|-weather|Snowscape|[upkeep]
|-damage|p1a: Farigiraf|54/100 brn|[from] brn
|upkeep
|
|t:|1785892523
|switch|p2a: Vanilluxe|Vanilluxe, L50, F|100/100
|turn|5
|inactive|hn8877699 has 30 seconds left.
|
|t:|1785892548
|switch|p1a: Blastoise|Blastoise-Mega, L50, F, shiny|10/100
|move|p2b: Milotic|Protect|p2b: Milotic
|-singleturn|p2b: Milotic|Protect
|move|p1b: Rhyperior|Rock Slide|p2b: Milotic|[spread] p2a
|-activate|p2b: Milotic|move: Protect
|-supereffective|p2a: Vanilluxe|1
|-damage|p2a: Vanilluxe|24/100
|-damage|p1b: Rhyperior|38/100|[from] item: Life Orb
|move|p2a: Vanilluxe|Blizzard|p1b: Rhyperior|[spread] p1a,p1b
|-resisted|p1a: Blastoise|1
|-supereffective|p1b: Rhyperior|1
|-damage|p1a: Blastoise|0 fnt
|-damage|p1b: Rhyperior|0 fnt
|faint|p1a: Blastoise
|faint|p1b: Rhyperior
|
|-weather|none
|-end|p2b: Milotic|move: Heal Block
|-fieldend|move: Trick Room
|upkeep
|
|t:|1785892570
|switch|p1a: Farigiraf|Farigiraf, L50, F, shiny|54/100 brn
|switch|p1b: Torkoal|Torkoal, L50, F, shiny|100/100
|-weather|SunnyDay|[from] ability: Drought|[of] p1b: Torkoal
|turn|6
|
|t:|1785892583
|switch|p2a: Greninja|Greninja, L50, F|100/100
|move|p2b: Milotic|Scald|p1b: Torkoal
|-supereffective|p1b: Torkoal|1
|-damage|p1b: Torkoal|61/100
|move|p1b: Torkoal|Eruption|p2a: Greninja|[spread] p2a,p2b
|-resisted|p2a: Greninja|1
|-resisted|p2b: Milotic|1
|-damage|p2a: Greninja|60/100
|-damage|p2b: Milotic|0 fnt
|faint|p2b: Milotic
|move|p1a: Farigiraf|Trick Room|p1a: Farigiraf
|-fieldstart|move: Trick Room|[of] p1a: Farigiraf
|
|-weather|SunnyDay|[upkeep]
|-damage|p1a: Farigiraf|48/100 brn|[from] brn
|upkeep
|
|t:|1785892595
|switch|p2b: Vanilluxe|Vanilluxe, L50, F|24/100
|-weather|Snowscape|[from] ability: Snow Warning|[of] p2b: Vanilluxe
|turn|7
|
|t:|1785892610
|detailschange|p2a: Greninja|Greninja-Mega, L50, F
|-mega|p2a: Greninja|Greninja|Greninjite
|move|p1a: Farigiraf|Helping Hand|p1b: Torkoal
|-singleturn|p1b: Torkoal|Helping Hand|[of] p1a: Farigiraf
|move|p1b: Torkoal|Eruption|p2a: Greninja|[spread] p2a,p2b
|-resisted|p2a: Greninja|1
|-supereffective|p2b: Vanilluxe|1
|-damage|p2a: Greninja|26/100
|-damage|p2b: Vanilluxe|0 fnt
|faint|p2b: Vanilluxe
|move|p2a: Greninja|Blizzard|p1b: Torkoal|[spread] p1a,p1b
|-start|p2a: Greninja|typechange|Ice|[from] ability: Protean
|-resisted|p1b: Torkoal|1
|-damage|p1a: Farigiraf|11/100 brn
|-damage|p1b: Torkoal|32/100
|
|-weather|Snowscape|[upkeep]
|-damage|p1a: Farigiraf|5/100 brn|[from] brn
|upkeep
|turn|8
|inactive|hn8877699 has 30 seconds left.
|
|t:|1785892636
|move|p2a: Greninja|Protect|p2a: Greninja
|-singleturn|p2a: Greninja|Protect
|move|p1b: Torkoal|Weather Ball|p2a: Greninja
|-activate|p2a: Greninja|move: Protect
|move|p1a: Farigiraf|Psychic Noise|p2a: Greninja
|-activate|p2a: Greninja|move: Protect
|
|-weather|Snowscape|[upkeep]
|-damage|p1a: Farigiraf|0 fnt|[from] brn
|faint|p1a: Farigiraf
|upkeep
|turn|9
|
|t:|1785892660
|move|p1b: Torkoal|Weather Ball|p2a: Greninja
|-resisted|p2a: Greninja|1
|-damage|p2a: Greninja|7/100
|move|p2a: Greninja|Low Kick|p1b: Torkoal
|-damage|p1b: Torkoal|13/100
|
|-weather|Snowscape|[upkeep]
|upkeep
|turn|10
|
|t:|1785892675
|move|p2a: Greninja|Protect|p2a: Greninja
|-singleturn|p2a: Greninja|Protect
|move|p1b: Torkoal|Eruption|p2a: Greninja
|-activate|p2a: Greninja|move: Protect
|
|-weather|Snowscape|[upkeep]
|-fieldend|move: Trick Room
|upkeep
|turn|11
|-message|hn8877699 forfeited.
|raw|hn8877699's rating: 1000 → 1000(+0 for losing)
|raw|sundokii's rating: 1059 → 1085(+26 for winning)
|
|win|sundokii
|l|☆hn8877699
|player|p1|
