|j|☆Alolan Kamina
|j|☆MessyBench
|html|Alolan KaminaMessyBench    
|uhtml|bestof|Game 2 of a best-of-3
|t:|1783324458
|gametype|doubles
|player|p1|Alolan Kamina|1|1109
|player|p2|MessyBench|101|1133
|gen|9
|tier|[Gen 9 Champions] VGC 2026 Reg M-B (Bo3)
|rated|
|rule|Species Clause: Limit one of each Pokémon
|rule|Item Clause: Limit 1 of each item
|clearpoke
|poke|p1|Kingambit, L50, M|
|poke|p1|Charizard, L50, M|
|poke|p1|Aerodactyl, L50, M|
|poke|p1|Farigiraf, L50, M|
|poke|p1|Garchomp, L50, M|
|poke|p1|Sylveon, L50, F|
|poke|p2|Gengar, L50, M|
|poke|p2|Ninetales-Alola, L50, M|
|poke|p2|Whimsicott, L50, M|
|poke|p2|Kommo-o, L50, M|
|poke|p2|Drampa, L50, F|
|poke|p2|Farigiraf, L50, F|
|teampreview|4
|showteam|p1|Kingambit||FocusSash|Defiant|KowtowCleave,IronHead,SuckerPunch,LowKick|Adamant||M|||50|]Charizard||CharizarditeY|Blaze|HeatWave,SolarBeam,WeatherBall,Protect|Modest||M|||50|]Aerodactyl||Aerodactylite|Unnerve|RockSlide,DualWingbeat,IceFang,Tailwind|Jolly||M|||50|]Farigiraf||SitrusBerry|ArmorTail|Psychic,Thunderbolt,TrickRoom,Protect|Bold||M|||50|]Garchomp||LifeOrb|RoughSkin|Earthquake,DragonClaw,StompingTantrum,Protect|Jolly||M|||50|]Sylveon||FairyFeather|Pixilate|HyperVoice,HyperBeam,QuickAttack,Protect|Modest||F|||50|
|showteam|p2|Gengar||Gengarite|CursedBody|Protect,ShadowBall,SludgeBomb,Disable|Timid||M|||50|]Ninetales-Alola||FocusSash|SnowWarning|Blizzard,FreezeDry,Protect,Encore|Timid||M|||50|]Whimsicott||FairyFeather|Prankster|Tailwind,Moonblast,Encore,FakeTears|Bold||M|||50|]Kommo-o||Leftovers|Soundproof|BulkUp,BodyPress,Protect,BreakingSwipe|Jolly||M|||50|]Drampa||Drampanite|CloudNine|Protect,EarthPower,HyperVoice,DracoMeteor|Quiet||F|||50|]Farigiraf||ColburBerry|ArmorTail|Protect,TrickRoom,TwinBeam,HyperVoice|Modest||F|||50|
|
|t:|1783324526
|teamsize|p1|4
|teamsize|p2|4
|start
|switch|p1a: Charizard|Charizard, L50, M|100/100
|switch|p1b: Farigiraf|Farigiraf, L50, M|100/100
|switch|p2a: Drampa|Drampa, L50, F|100/100
|switch|p2b: Farigiraf|Farigiraf, L50, F|100/100
|-ability|p2a: Drampa|Cloud Nine
|turn|1
|
|t:|1783324551
|switch|p1b: Sylveon|Sylveon, L50, F|100/100
|detailschange|p1a: Charizard|Charizard-Mega-Y, L50, M
|-mega|p1a: Charizard|Charizard|Charizardite Y
|-weather|SunnyDay|[from] ability: Drought|[of] p1a: Charizard
|move|p1a: Charizard|Heat Wave|p2b: Farigiraf|[spread] p2b
|-miss|p1a: Charizard|p2a: Drampa
|-damage|p2b: Farigiraf|58/100
|move|p2b: Farigiraf|Hyper Voice|p1b: Sylveon|[spread] p1a,p1b
|-damage|p1a: Charizard|70/100
|-damage|p1b: Sylveon|73/100
|move|p2a: Drampa|Hyper Voice|p1a: Charizard|[spread] p1a,p1b
|-damage|p1a: Charizard|37/100
|-damage|p1b: Sylveon|40/100
|
|-weather|SunnyDay|[upkeep]
|upkeep
|turn|2
|
|t:|1783324574
|switch|p1a: Farigiraf|Farigiraf, L50, M|100/100
|move|p2a: Drampa|Protect|p2a: Drampa
|-singleturn|p2a: Drampa|Protect
|move|p1b: Sylveon|Hyper Voice|p2a: Drampa|[spread] p2b
|-activate|p2a: Drampa|move: Protect
|-damage|p2b: Farigiraf|7/100
|move|p2b: Farigiraf|Twin Beam|p1b: Sylveon
|-damage|p1b: Sylveon|23/100
|-damage|p1b: Sylveon|8/100
|-hitcount|p1b: Sylveon|2
|
|-weather|SunnyDay|[upkeep]
|upkeep
|turn|3
|
|t:|1783324590
|switch|p2a: Gengar|Gengar, L50, M|100/100
|move|p1b: Sylveon|Hyper Voice|p2a: Gengar|[spread] p2a,p2b
|-resisted|p2a: Gengar|1
|-damage|p2a: Gengar|62/100
|-damage|p2b: Farigiraf|0 fnt
|faint|p2b: Farigiraf
|move|p1a: Farigiraf|Psychic|p2a: Gengar
|-supereffective|p2a: Gengar|1
|-damage|p2a: Gengar|0 fnt
|faint|p2a: Gengar
|
|-weather|SunnyDay|[upkeep]
|upkeep
|
|t:|1783324595
|switch|p2a: Drampa|Drampa, L50, F|100/100
|switch|p2b: Whimsicott|Whimsicott, L50, M|100/100
|-ability|p2a: Drampa|Cloud Nine
|turn|4
|
|t:|1783324603
|move|p2b: Whimsicott|Tailwind|p2b: Whimsicott
|-sidestart|p2: MessyBench|move: Tailwind
|move|p2a: Drampa|Hyper Voice|p1a: Farigiraf|[spread] p1a,p1b
|-crit|p1b: Sylveon
|-damage|p1a: Farigiraf|63/100
|-damage|p1b: Sylveon|0 fnt
|faint|p1b: Sylveon
|move|p1a: Farigiraf|Trick Room|p1a: Farigiraf
|-fieldstart|move: Trick Room|[of] p1a: Farigiraf
|
|-weather|SunnyDay|[upkeep]
|upkeep
|
|t:|1783324619
|switch|p1b: Kingambit|Kingambit, L50, M|100/100
|turn|5
|inactive|Battle timer is ON: inactive players will automatically lose when time's up. (requested by Alolan Kamina)
|
|t:|1783324627
|detailschange|p2a: Drampa|Drampa-Mega, L50, F
|-mega|p2a: Drampa|Drampa|Drampanite
|move|p1a: Farigiraf|Psychic|p2a: Drampa
|-damage|p2a: Drampa|72/100
|-unboost|p2a: Drampa|spd|1
|move|p2a: Drampa|Earth Power|p1b: Kingambit
|-supereffective|p1b: Kingambit|1
|-damage|p1b: Kingambit|3/100
|move|p1b: Kingambit|Low Kick|p2a: Drampa
|-supereffective|p2a: Drampa|1
|-damage|p2a: Drampa|0 fnt
|faint|p2a: Drampa
|move|p2b: Whimsicott|Moonblast|p1b: Kingambit
|-damage|p1b: Kingambit|0 fnt
|faint|p1b: Kingambit
|
|-weather|none
|upkeep
|
|t:|1783324638
|switch|p1b: Charizard|Charizard-Mega-Y, L50, M|37/100
|-weather|SunnyDay|[from] ability: Drought|[of] p1b: Charizard
|turn|6
|
|t:|1783324642
|move|p1a: Farigiraf|Psychic|p2b: Whimsicott
|-damage|p2b: Whimsicott|61/100
|-unboost|p2b: Whimsicott|spd|1
|move|p1b: Charizard|Weather Ball|p2b: Whimsicott
|-supereffective|p2b: Whimsicott|1
|-damage|p2b: Whimsicott|0 fnt
|faint|p2b: Whimsicott
|
|win|Alolan Kamina
|raw|Alolan Kamina's rating: 1109 → 1136(+27 for winning)
|raw|MessyBench's rating: 1133 → 1106(-27 for losing)
|l|☆MessyBench
|player|p2|
