|j|☆jay142
|j|☆exposniffer
|html|jay142exposniffer    
|uhtml|bestof|Game 3 of a best-of-3
|t:|1757121663
|gametype|doubles
|player|p1|jay142|266|1129
|player|p2|exposniffer|blue|1114
|gen|9
|tier|[Gen 9] VGC 2025 Reg H (Bo3)
|rated|
|rule|Species Clause: Limit one of each Pokémon
|rule|Item Clause: Limit 1 of each item
|clearpoke
|poke|p1|Kingambit, L50, F|
|poke|p1|Rillaboom, L50, F|
|poke|p1|Electabuzz, L50, M|
|poke|p1|Volcarona, L50, M|
|poke|p1|Sneasler, L50, F|
|poke|p1|Dragonite, L50, F|
|poke|p2|Gholdengo, L50|
|poke|p2|Dragonite, L50, M|
|poke|p2|Ursaluna-Bloodmoon, L50, M|
|poke|p2|Ninetales-Alola, L50, M|
|poke|p2|Annihilape, L50, M|
|poke|p2|Incineroar, L50, F|
|teampreview|4
|showteam|p1|Kingambit||BlackGlasses|Defiant|Protect,KowtowCleave,SuckerPunch,SwordsDance|||F|||50|,,,,,Dark]Rillaboom||AssaultVest|GrassySurge|WoodHammer,GrassyGlide,HighHorsepower,FakeOut|||F|||50|,,,,,Fire]Electabuzz||Eviolite|VitalSpirit|Protect,Thunderbolt,HelpingHand,FollowMe|||M|||50|,,,,,Ghost]Volcarona||CovertCloak|FlameBody|Protect,HeatWave,TeraBlast,QuiverDance|||M|||50|,,,,,Fairy]Sneasler||FocusSash|Unburden|CloseCombat,DireClaw,Coaching,FakeOut|||F|||50|,,,,,Stellar]Dragonite||LoadedDice|Multiscale|ScaleShot,Haze,ExtremeSpeed,Protect|||F|||50|,,,,,Fairy
|showteam|p2|Gholdengo||MetalCoat|GoodasGold|MakeItRain,ShadowBall,NastyPlot,Protect||||||50|,,,,,Water]Dragonite||LoadedDice|Multiscale|ScaleShot,ExtremeSpeed,Haze,Protect|||M|||50|,,,,,Steel]Ursaluna-Bloodmoon||AssaultVest|MindsEye|BloodMoon,HyperVoice,EarthPower,VacuumWave|||M|||50|,,,,,Water]Ninetales-Alola||FocusSash|SnowWarning|Blizzard,IcyWind,AuroraVeil,IcicleSpear|||M|||50|,,,,,Ghost]Annihilape||SafetyGoggles|Defiant|CloseCombat,RageFist,Coaching,Taunt|||M|||50|,,,,,Fire]Incineroar||RockyHelmet|Intimidate|KnockOff,FlareBlitz,PartingShot,FakeOut|||F|||50|,,,,,Ghost
|
|t:|1757121693
|teamsize|p1|4
|teamsize|p2|4
|start
|switch|p1a: Bergvall|Electabuzz, L50, M|100/100
|switch|p1b: Djed|Volcarona, L50, M|100/100
|switch|p2a: Incineroar|Incineroar, L50, F|100/100
|switch|p2b: Annihilape|Annihilape, L50, M|100/100
|-ability|p2a: Incineroar|Intimidate|boost
|-unboost|p1a: Bergvall|atk|1
|-unboost|p1b: Djed|atk|1
|turn|1
|
|t:|1757121713
|switch|p1a: Joao|Rillaboom, L50, F|100/100
|-fieldstart|move: Grassy Terrain|[from] ability: Grassy Surge|[of] p1a: Joao
|-terastallize|p2b: Annihilape|Fire
|move|p1b: Djed|Protect|p1b: Djed
|-singleturn|p1b: Djed|Protect
|move|p2b: Annihilape|Coaching|p2a: Incineroar
|-boost|p2a: Incineroar|atk|1
|-boost|p2a: Incineroar|def|1
|move|p2a: Incineroar|Knock Off|p1a: Joao
|-damage|p1a: Joao|39/100
|-enditem|p1a: Joao|Assault Vest|[from] move: Knock Off|[of] p2a: Incineroar
|
|-heal|p1a: Joao|45/100|[from] Grassy Terrain
|upkeep
|turn|2
|
|t:|1757121746
|move|p1a: Joao|Fake Out|p2a: Incineroar
|-damage|p2a: Incineroar|91/100
|-damage|p1a: Joao|29/100|[from] item: Rocky Helmet|[of] p2a: Incineroar
|move|p2b: Annihilape|Taunt|p1b: Djed
|-start|p1b: Djed|move: Taunt
|cant|p1b: Djed|move: Taunt|Quiver Dance
|cant|p2a: Incineroar|flinch
|
|-heal|p1a: Joao|34/100|[from] Grassy Terrain
|-heal|p2a: Incineroar|97/100|[from] Grassy Terrain
|upkeep
|turn|3
|
|t:|1757121765
|-terastallize|p1b: Djed|Fairy
|move|p2b: Annihilape|Coaching|p2a: Incineroar
|-boost|p2a: Incineroar|atk|1
|-boost|p2a: Incineroar|def|1
|move|p1b: Djed|Heat Wave|p2a: Incineroar|[spread] p2a
|-miss|p1b: Djed|p2b: Annihilape
|-resisted|p2a: Incineroar
|-damage|p2a: Incineroar|82/100
|move|p1a: Joao|High Horsepower|p2b: Annihilape
|-supereffective|p2b: Annihilape
|-damage|p2b: Annihilape|27/100
|move|p2a: Incineroar|Knock Off|p1a: Joao
|-damage|p1a: Joao|0 fnt
|faint|p1a: Joao
|
|-heal|p2b: Annihilape|33/100|[from] Grassy Terrain
|-heal|p2a: Incineroar|88/100|[from] Grassy Terrain
|upkeep
|
|t:|1757121778
|switch|p1a: Bergvall|Electabuzz, L50, M|100/100
|turn|4
|
|t:|1757121803
|move|p1a: Bergvall|Follow Me|p1a: Bergvall
|-singleturn|p1a: Bergvall|move: Follow Me
|move|p2b: Annihilape|Coaching|p2a: Incineroar
|-boost|p2a: Incineroar|atk|1
|-boost|p2a: Incineroar|def|1
|move|p1b: Djed|Heat Wave|p2a: Incineroar|[spread] p2b
|-miss|p1b: Djed|p2a: Incineroar
|-resisted|p2b: Annihilape
|-damage|p2b: Annihilape|13/100
|move|p2a: Incineroar|Flare Blitz|p1a: Bergvall
|-damage|p1a: Bergvall|6/100
|-damage|p2a: Incineroar|61/100|[from] Recoil
|
|-heal|p2b: Annihilape|19/100|[from] Grassy Terrain
|-heal|p1a: Bergvall|12/100|[from] Grassy Terrain
|-heal|p2a: Incineroar|67/100|[from] Grassy Terrain
|-end|p1b: Djed|move: Taunt
|upkeep
|turn|5
|
|t:|1757121837
|move|p1a: Bergvall|Follow Me|p1a: Bergvall
|-singleturn|p1a: Bergvall|move: Follow Me
|move|p2b: Annihilape|Rage Fist|p1a: Bergvall
|-damage|p1a: Bergvall|0 fnt
|faint|p1a: Bergvall
|move|p1b: Djed|Heat Wave|p2a: Incineroar|[spread] p2a,p2b
|-resisted|p2a: Incineroar
|-resisted|p2b: Annihilape
|-damage|p2a: Incineroar|50/100
|-damage|p2b: Annihilape|1/100
|move|p2a: Incineroar|Flare Blitz|p1b: Djed
|-damage|p1b: Djed|0 fnt
|faint|p1b: Djed
|-damage|p2a: Incineroar|19/100|[from] Recoil
|
|-heal|p2b: Annihilape|7/100|[from] Grassy Terrain
|-heal|p2a: Incineroar|25/100|[from] Grassy Terrain
|-fieldend|move: Grassy Terrain
|upkeep
|
|t:|1757121840
|switch|p1b: Cuti|Kingambit, L50, F|100/100
|turn|6
|c|☆jay142|ggwp
|c|☆exposniffer|ggs homie
|c|☆jay142|hard to lead into the team w/ dengo, ape, and 2 tera ghost mons
|
|t:|1757121874
|move|p2b: Annihilape|Close Combat|p1b: Cuti
|-supereffective|p1b: Cuti
|-damage|p1b: Cuti|0 fnt
|-unboost|p2b: Annihilape|def|1
|-unboost|p2b: Annihilape|spd|1
|faint|p1b: Cuti
|
|win|exposniffer
|raw|jay142's rating: 1155 → 1127(-28 for losing)
|raw|exposniffer's rating: 1114 → 1142(+28 for winning)
|l|☆jay142
|player|p1|
|c|☆exposniffer|wp
