|j|☆xxsismoxx
|j|☆LekyS3
|html|xxsismoxxLekyS3    
|uhtml|bestof|Game 2 of a best-of-3
|t:|1782507925
|gametype|doubles
|player|p1|xxsismoxx|lance|
|player|p2|LekyS3|2|
|gen|9
|tier|[Gen 9 Champions] VGC 2026 Reg M-B (Bo3)
|rule|Species Clause: Limit one of each Pokémon
|rule|Item Clause: Limit 1 of each item
|clearpoke
|poke|p1|Aerodactyl, L50, M|
|poke|p1|Garchomp, L50, F, shiny|
|poke|p1|Kingambit, L50, M, shiny|
|poke|p1|Charizard, L50, F, shiny|
|poke|p1|Sylveon, L50, F, shiny|
|poke|p1|Farigiraf, L50, M|
|poke|p2|Charizard, L50, M|
|poke|p2|Whimsicott, L50, M|
|poke|p2|Kingambit, L50, F|
|poke|p2|Basculegion, L50, M|
|poke|p2|Garchomp, L50, M|
|poke|p2|Raichu, L50, M|
|teampreview|4
|showteam|p1|Aerodactyl||Aerodactylite|Unnerve|IceFang,RockSlide,Tailwind,DualWingbeat|Jolly||M|||50|]Garchomp||LifeOrb|RoughSkin|DragonClaw,StompingTantrum,Earthquake,Protect|Jolly||F|||50|]Kingambit||FocusSash|Defiant|SuckerPunch,KowtowCleave,IronHead,LowKick|Adamant||M|||50|]Charizard||CharizarditeY|Blaze|Protect,WeatherBall,HeatWave,SolarBeam|Modest||F|||50|]Sylveon||FairyFeather|Pixilate|Protect,HyperVoice,HyperBeam,QuickAttack|Modest||F|||50|]Farigiraf||SitrusBerry|ArmorTail|TrickRoom,Thunderbolt,Roar,Psychic|Bold||M|||50|
|showteam|p2|Charizard||CharizarditeY|SolarPower|HeatWave,WeatherBall,SolarBeam,Protect|Modest||M|||50|]Whimsicott||FocusSash|Prankster|Protect,Moonblast,Encore,Tailwind|Timid||M|||50|]Kingambit||BlackGlasses|Defiant|KowtowCleave,SuckerPunch,IronHead,Protect|Adamant||F|||50|]Basculegion||MysticWater|Adaptability|WaveCrash,LastRespects,AquaJet,Protect|Adamant||M|||50|]Garchomp||LifeOrb|RoughSkin|Earthquake,RockSlide,DragonClaw,PoisonJab|Jolly||M|||50|]Raichu||RaichuniteY|LightningRod|ZapCannon,FocusBlast,FakeOut,Protect|Timid||M|||50|
|
|t:|1782507988
|teamsize|p1|4
|teamsize|p2|4
|start
|switch|p1a: Aerodactyl|Aerodactyl, L50, M|100/100
|switch|p1b: Kingambit|Kingambit, L50, M, shiny|100/100
|switch|p2a: Whimsicott|Whimsicott, L50, M|100/100
|switch|p2b: Basculegion|Basculegion, L50, M|100/100
|-ability|p1a: Aerodactyl|Unnerve
|turn|1
|
|t:|1782508043
|detailschange|p1a: Aerodactyl|Aerodactyl-Mega, L50, M
|-mega|p1a: Aerodactyl|Aerodactyl|Aerodactylite
|move|p2a: Whimsicott|Tailwind|p2a: Whimsicott
|-sidestart|p2: LekyS3|move: Tailwind
|move|p2b: Basculegion|Wave Crash|p1a: Aerodactyl
|-supereffective|p1a: Aerodactyl|1
|-damage|p1a: Aerodactyl|0 fnt
|faint|p1a: Aerodactyl
|-damage|p2b: Basculegion|70/100|[from] Recoil
|move|p1b: Kingambit|Kowtow Cleave|p2b: Basculegion
|-supereffective|p2b: Basculegion|1
|-damage|p2b: Basculegion|0 fnt
|faint|p2b: Basculegion
|
|upkeep
|
|t:|1782508068
|switch|p1a: Farigiraf|Farigiraf, L50, M|100/100
|switch|p2b: Charizard|Charizard, L50, M|100/100
|turn|2
|
|t:|1782508110
|detailschange|p2b: Charizard|Charizard-Mega-Y, L50, M
|-mega|p2b: Charizard|Charizard|Charizardite Y
|-weather|SunnyDay|[from] ability: Drought|[of] p2b: Charizard
|move|p1b: Kingambit|Sucker Punch|p2b: Charizard
|-damage|p2b: Charizard|62/100
|move|p2a: Whimsicott|Moonblast|p1b: Kingambit
|-damage|p1b: Kingambit|61/100
|move|p2b: Charizard|Heat Wave|p1b: Kingambit|[spread] p1b
|-miss|p2b: Charizard|p1a: Farigiraf
|-supereffective|p1b: Kingambit|1
|-damage|p1b: Kingambit|0 fnt
|faint|p1b: Kingambit
|move|p1a: Farigiraf|Trick Room|p1a: Farigiraf
|-fieldstart|move: Trick Room|[of] p1a: Farigiraf
|
|-weather|SunnyDay|[upkeep]
|upkeep
|
|t:|1782508123
|switch|p1b: Sylveon|Sylveon, L50, F, shiny|100/100
|turn|3
|
|t:|1782508147
|move|p2b: Charizard|Protect|p2b: Charizard
|-singleturn|p2b: Charizard|Protect
|move|p1a: Farigiraf|Psychic|p2a: Whimsicott
|-damage|p2a: Whimsicott|44/100
|move|p1b: Sylveon|Hyper Voice|p2a: Whimsicott|[spread] p2a
|-activate|p2b: Charizard|move: Protect
|-damage|p2a: Whimsicott|0 fnt
|faint|p2a: Whimsicott
|
|-weather|SunnyDay|[upkeep]
|upkeep
|
|t:|1782508154
|switch|p2a: Kingambit|Kingambit, L50, F|100/100
|turn|4
|
|t:|1782508175
|move|p2a: Kingambit|Protect|p2a: Kingambit
|-singleturn|p2a: Kingambit|Protect
|move|p1a: Farigiraf|Thunderbolt|p2b: Charizard
|-supereffective|p2b: Charizard|1
|-damage|p2b: Charizard|24/100
|move|p1b: Sylveon|Hyper Beam|p2a: Kingambit
|-activate|p2a: Kingambit|move: Protect
|move|p2b: Charizard|Weather Ball|p1b: Sylveon
|-damage|p1b: Sylveon|33/100
|
|-weather|SunnyDay|[upkeep]
|-sideend|p2: LekyS3|move: Tailwind
|upkeep
|turn|5
|
|t:|1782508213
|move|p1b: Sylveon|Protect|p1b: Sylveon
|-singleturn|p1b: Sylveon|Protect
|move|p2b: Charizard|Protect|p2b: Charizard
|-singleturn|p2b: Charizard|Protect
|move|p2a: Kingambit|Iron Head|p1b: Sylveon
|-activate|p1b: Sylveon|move: Protect
|move|p1a: Farigiraf|Thunderbolt|p2b: Charizard
|-activate|p2b: Charizard|move: Protect
|
|-weather|SunnyDay|[upkeep]
|upkeep
|turn|6
|
|t:|1782508238
|move|p1b: Sylveon|Protect|p1b: Sylveon
|-singleturn|p1b: Sylveon|Protect
|move|p2a: Kingambit|Iron Head|p1b: Sylveon
|-activate|p1b: Sylveon|move: Protect
|move|p1a: Farigiraf|Thunderbolt|p2b: Charizard
|-supereffective|p2b: Charizard|1
|-damage|p2b: Charizard|0 fnt
|faint|p2b: Charizard
|
|-weather|none
|-fieldend|move: Trick Room
|upkeep
|turn|7
|
|t:|1782508251
|move|p1b: Sylveon|Hyper Beam|p2a: Kingambit
|-damage|p2a: Kingambit|6/100
|-mustrecharge|p1b: Sylveon
|move|p1a: Farigiraf|Thunderbolt|p2a: Kingambit
|-damage|p2a: Kingambit|0 fnt
|faint|p2a: Kingambit
|
|win|xxsismoxx
|c|☆LekyS3|gg
|c|☆xxsismoxx|ggs
|c|☆LekyS3|equipazo
|c|☆xxsismoxx|el tuyo tbm jeje
|c|☆LekyS3|que va, no esta pulido, no se como ganarle al tuyo
|c|☆LekyS3|quiza sin la doble protect de sylveon hacia algo
