|j|☆Frakub
|j|☆SongokuVG Fr
|html|FrakubSongokuVG Fr    
|uhtml|bestof|Game 1 of a best-of-3
|t:|1756409279
|gametype|doubles
|player|p1|Frakub|acetrainer-gen4dp|1198
|player|p2|SongokuVG Fr|lucian|1188
|gen|9
|tier|[Gen 9] VGC 2025 Reg H (Bo3)
|rated|
|rule|Species Clause: Limit one of each Pokémon
|rule|Item Clause: Limit 1 of each item
|clearpoke
|poke|p1|Kingambit, L50, M|
|poke|p1|Rillaboom, L50, M|
|poke|p1|Ninetales-Alola, L50, F|
|poke|p1|Dragonite, L50, M|
|poke|p1|Magmar, L50, M|
|poke|p1|Sneasler, L50, M|
|poke|p2|Ursaluna, L50, F|
|poke|p2|Gholdengo, L50|
|poke|p2|Incineroar, L50, F|
|poke|p2|Porygon2, L50|
|poke|p2|Kilowattrel, L50, M|
|poke|p2|Tauros-Paldea-Aqua, L50, M|
|teampreview|4
|showteam|p1|Kingambit||BlackGlasses|Defiant|KowtowCleave,SuckerPunch,SwordsDance,Protect|||M|||50|,,,,,Dark]Rillaboom||AssaultVest|GrassySurge|WoodHammer,GrassyGlide,HighHorsepower,FakeOut|||M|||50|,,,,,Fire]Ninetales-Alola||LightClay|SnowWarning|Blizzard,FreezeDry,Protect,AuroraVeil|||F|||50|,,,,,Ghost]Dragonite||LoadedDice|Multiscale|ScaleShot,ExtremeSpeed,Haze,Protect|||M|||50|,,,,,Steel]Magmar||Eviolite|VitalSpirit|Taunt,Overheat,FollowMe,Protect|||M|||50|,,,,,Ghost]Sneasler||FocusSash|PoisonTouch|FakeOut,DireClaw,CloseCombat,Protect|||M|||50|,,,,,Ghost
|showteam|p2|Ursaluna||FlameOrb|Guts|Earthquake,Facade,HeadlongRush,Protect|||F|||50|,,,,,Ghost]Gholdengo||LifeOrb|GoodasGold|MakeItRain,ShadowBall,NastyPlot,Protect||||||50|,,,,,Water]Incineroar||SafetyGoggles|Intimidate|FakeOut,FlareBlitz,KnockOff,PartingShot|||F|||50|,,,,,Ghost]Porygon2||Eviolite|Download|TeraBlast,TrickRoom,Recover,IceBeam||||||50|,,,,,Fighting]Kilowattrel||FocusSash|Competitive|Tailwind,Protect,Thunderbolt,AirSlash|||M|||50|,,,,,Ghost]Tauros-Paldea-Aqua||MirrorHerb|Intimidate|CloseCombat,WaveCrash,Protect,AquaJet|||M|||50|,,,,,Water
|inactive|Battle timer is ON: inactive players will automatically lose when time's up. (requested by Frakub)
|
|t:|1756409303
|teamsize|p1|4
|teamsize|p2|4
|start
|switch|p1a: Kingambit|Kingambit, L50, M|100/100
|switch|p1b: Magmar|Magmar, L50, M|100/100
|switch|p2a: Kilowattrel|Kilowattrel, L50, M|100/100
|switch|p2b: Tauros|Tauros-Paldea-Aqua, L50, M|100/100
|-ability|p2b: Tauros|Intimidate|boost
|-unboost|p1a: Kingambit|atk|1
|-ability|p1a: Kingambit|Defiant|boost
|-boost|p1a: Kingambit|atk|2
|-unboost|p1b: Magmar|atk|1
|-enditem|p2b: Tauros|Mirror Herb
|-boost|p2b: Tauros|atk|2|[from] item: Mirror Herb
|turn|1
|
|t:|1756409317
|-terastallize|p1a: Kingambit|Dark
|move|p1b: Magmar|Follow Me|p1b: Magmar
|-singleturn|p1b: Magmar|move: Follow Me
|move|p2a: Kilowattrel|Tailwind|p2a: Kilowattrel
|-sidestart|p2: SongokuVG Fr|move: Tailwind
|move|p2b: Tauros|Wave Crash|p1b: Magmar
|-supereffective|p1b: Magmar
|-damage|p1b: Magmar|0 fnt
|faint|p1b: Magmar
|-damage|p2b: Tauros|63/100|[from] Recoil
|move|p1a: Kingambit|Kowtow Cleave|p2b: Tauros
|-resisted|p2b: Tauros
|-damage|p2b: Tauros|2/100
|
|upkeep
|inactive|Frakub has 30 seconds left.
|
|t:|1756409344
|switch|p1b: Sneasler|Sneasler, L50, M|100/100
|turn|2
|
|t:|1756409367
|move|p2b: Tauros|Protect|p2b: Tauros
|-singleturn|p2b: Tauros|Protect
|move|p1b: Sneasler|Fake Out|p2b: Tauros
|-activate|p2b: Tauros|move: Protect
|move|p2a: Kilowattrel|Thunderbolt|p1a: Kingambit
|-damage|p1a: Kingambit|58/100
|move|p1a: Kingambit|Kowtow Cleave|p2a: Kilowattrel
|-enditem|p2a: Kilowattrel|Focus Sash
|-damage|p2a: Kilowattrel|1/100
|
|upkeep
|turn|3
|inactive|Frakub has 30 seconds left.
|
|t:|1756409399
|switch|p1b: Rillaboom|Rillaboom, L50, M|100/100
|-fieldstart|move: Grassy Terrain|[from] ability: Grassy Surge|[of] p1b: Rillaboom
|move|p1a: Kingambit|Protect|p1a: Kingambit
|-singleturn|p1a: Kingambit|Protect
|move|p2a: Kilowattrel|Air Slash|p1b: Rillaboom
|-supereffective|p1b: Rillaboom
|-damage|p1b: Rillaboom|51/100
|move|p2b: Tauros|Close Combat|p1a: Kingambit
|-activate|p1a: Kingambit|move: Protect
|
|-heal|p2b: Tauros|8/100|[from] Grassy Terrain
|-heal|p1b: Rillaboom|57/100|[from] Grassy Terrain
|-heal|p1a: Kingambit|64/100|[from] Grassy Terrain
|upkeep
|turn|4
|
|t:|1756409416
|move|p2a: Kilowattrel|Protect|p2a: Kilowattrel
|-singleturn|p2a: Kilowattrel|Protect
|move|p2b: Tauros|Protect|p2b: Tauros
|-singleturn|p2b: Tauros|Protect
|move|p1b: Rillaboom|Fake Out|p2b: Tauros
|-activate|p2b: Tauros|move: Protect
|move|p1a: Kingambit|Sucker Punch||[still]
|-fail|p1a: Kingambit
|
|-heal|p2b: Tauros|13/100|[from] Grassy Terrain
|-heal|p1b: Rillaboom|63/100|[from] Grassy Terrain
|-heal|p1a: Kingambit|70/100|[from] Grassy Terrain
|-sideend|p2: SongokuVG Fr|move: Tailwind
|upkeep
|turn|5
|
|t:|1756409430
|move|p2b: Tauros|Aqua Jet|p1a: Kingambit
|-damage|p1a: Kingambit|43/100
|move|p1b: Rillaboom|Grassy Glide|p2b: Tauros
|-supereffective|p2b: Tauros
|-crit|p2b: Tauros
|-damage|p2b: Tauros|0 fnt
|faint|p2b: Tauros
|move|p2a: Kilowattrel|Thunderbolt|p1a: Kingambit
|-damage|p1a: Kingambit|4/100
|-status|p1a: Kingambit|par
|cant|p1a: Kingambit|par
|
|-heal|p1b: Rillaboom|69/100|[from] Grassy Terrain
|-heal|p1a: Kingambit|10/100 par|[from] Grassy Terrain
|upkeep
|
|t:|1756409442
|switch|p2b: Porygon2|Porygon2, L50|100/100
|-ability|p2b: Porygon2|Download|boost
|-boost|p2b: Porygon2|spa|1
|turn|6
|
|t:|1756409449
|move|p2a: Kilowattrel|Protect|p2a: Kilowattrel
|-singleturn|p2a: Kilowattrel|Protect
|move|p1b: Rillaboom|Grassy Glide|p2a: Kilowattrel
|-activate|p2a: Kilowattrel|move: Protect
|move|p2b: Porygon2|Ice Beam|p1a: Kingambit
|-damage|p1a: Kingambit|0 fnt
|faint|p1a: Kingambit
|
|-heal|p1b: Rillaboom|74/100|[from] Grassy Terrain
|upkeep
|
|t:|1756409452
|switch|p1a: Sneasler|Sneasler, L50, M|100/100
|turn|7
|
|t:|1756409465
|move|p1a: Sneasler|Fake Out|p2b: Porygon2
|-crit|p2b: Porygon2
|-damage|p2b: Porygon2|90/100
|-status|p2b: Porygon2|psn|[from] ability: Poison Touch|[of] p1a: Sneasler
|move|p1b: Rillaboom|Grassy Glide|p2a: Kilowattrel
|-resisted|p2a: Kilowattrel
|-damage|p2a: Kilowattrel|0 fnt
|faint|p2a: Kilowattrel
|cant|p2b: Porygon2|flinch
|
|-heal|p1b: Rillaboom|80/100|[from] Grassy Terrain
|-heal|p2b: Porygon2|96/100 psn|[from] Grassy Terrain
|-damage|p2b: Porygon2|83/100 psn|[from] psn
|-fieldend|move: Grassy Terrain
|upkeep
|
|t:|1756409471
|switch|p2a: Ursaluna|Ursaluna, L50, F|100/100
|turn|8
|
|t:|1756409486
|-terastallize|p2a: Ursaluna|Ghost
|move|p1a: Sneasler|Close Combat|p2b: Porygon2
|-supereffective|p2b: Porygon2
|-damage|p2b: Porygon2|20/100 psn
|-unboost|p1a: Sneasler|def|1
|-unboost|p1a: Sneasler|spd|1
|move|p1b: Rillaboom|Wood Hammer|p2b: Porygon2
|-damage|p2b: Porygon2|0 fnt
|faint|p2b: Porygon2
|-damage|p1b: Rillaboom|74/100|[from] Recoil
|move|p2a: Ursaluna|Earthquake|p1a: Sneasler|[spread] p1a,p1b
|-supereffective|p1a: Sneasler
|-resisted|p1b: Rillaboom
|-enditem|p1a: Sneasler|Focus Sash
|-damage|p1a: Sneasler|1/100
|-damage|p1b: Rillaboom|54/100
|
|-status|p2a: Ursaluna|brn|[from] item: Flame Orb
|upkeep
|turn|9
|
|t:|1756409498
|move|p1a: Sneasler|Dire Claw|p2a: Ursaluna
|-resisted|p2a: Ursaluna
|-damage|p2a: Ursaluna|86/100 brn
|move|p1b: Rillaboom|Wood Hammer|p2a: Ursaluna
|-damage|p2a: Ursaluna|42/100 brn
|-damage|p1b: Rillaboom|38/100|[from] Recoil
|move|p2a: Ursaluna|Facade|p1b: Rillaboom
|-damage|p1b: Rillaboom|0 fnt
|faint|p1b: Rillaboom
|
|-damage|p2a: Ursaluna|36/100 brn|[from] brn
|upkeep
|turn|10
|
|t:|1756409508
|move|p1a: Sneasler|Dire Claw|p2a: Ursaluna
|-resisted|p2a: Ursaluna
|-damage|p2a: Ursaluna|20/100 brn
|move|p2a: Ursaluna|Earthquake|p1a: Sneasler
|-supereffective|p1a: Sneasler
|-crit|p1a: Sneasler
|-damage|p1a: Sneasler|0 fnt
|faint|p1a: Sneasler
|
|win|SongokuVG Fr
||Frakub is ready for game 2.
|inactive|SongokuVG Fr has 30 seconds to confirm battle start!
||SongokuVG Fr is ready for game 2.
|uhtml|next|Next: Game 2 of 3
