|j|☆lettitripppp
|j|☆gridius
|html|lettitrippppgridius    
|uhtml|bestof|Game 2 of a best-of-3
|t:|1784161222
|gametype|doubles
|player|p1|lettitripppp|lucas|1255
|player|p2|gridius|266|1181
|gen|9
|tier|[Gen 9 Champions] VGC 2026 Reg M-B (Bo3)
|rated|
|rule|Species Clause: Limit one of each Pokémon
|rule|Item Clause: Limit 1 of each item
|clearpoke
|poke|p1|Charizard, L50, M, shiny|
|poke|p1|Basculegion, L50, M, shiny|
|poke|p1|Pelipper, L50, F|
|poke|p1|Venusaur, L50, F|
|poke|p1|Archaludon, L50, F|
|poke|p1|Grimmsnarl, L50, M, shiny|
|poke|p2|Kingambit, L50, M|
|poke|p2|Charizard, L50, M, shiny|
|poke|p2|Aerodactyl, L50, F|
|poke|p2|Farigiraf, L50, M|
|poke|p2|Garchomp, L50, F|
|poke|p2|Sylveon, L50, F, shiny|
|teampreview|4
|showteam|p1|Charizard||CharizarditeY|Blaze|WeatherBall,SolarBeam,HeatWave,Protect|Modest||M|||50|]Basculegion||ChoiceScarf|Adaptability|LastRespects,WaveCrash,FlipTurn,AquaJet|Jolly||M|||50|]Pelipper||SitrusBerry|Drizzle|WeatherBall,WideGuard,Hurricane,Tailwind|Modest||F|||50|]Venusaur||FocusSash|Chlorophyll|SleepPowder,SludgeBomb,EarthPower,Protect|Modest||F|||50|]Archaludon||Leftovers|Stamina|FlashCannon,DragonPulse,ElectroShot,Protect|Calm||F|||50|]Grimmsnarl||LightClay|Prankster|PartingShot,LightScreen,SpiritBreak,Reflect|Relaxed||M|||50|
|showteam|p2|Kingambit||FocusSash|Defiant|KowtowCleave,IronHead,SuckerPunch,LowKick|Adamant||M|||50|]Charizard||CharizarditeY|Blaze|Protect,SolarBeam,WeatherBall,HeatWave|Modest||M|||50|]Aerodactyl||Aerodactylite|Unnerve|RockSlide,DualWingbeat,IceFang,Tailwind|Jolly||F|||50|]Farigiraf||SitrusBerry|ArmorTail|Psychic,Thunderbolt,TrickRoom,SunnyDay|Bold||M|||50|]Garchomp||LifeOrb|RoughSkin|Protect,DragonClaw,RockSlide,Earthquake|Jolly||F|||50|]Sylveon||FairyFeather|Pixilate|Detect,HyperVoice,QuickAttack,HyperBeam|Modest||F|||50|
|inactive|Battle timer is ON: inactive players will automatically lose when time's up. (requested by lettitripppp)
|c|☆gridius|it a very difficult matchup
|inactive|gridius has 60 seconds left.
|
|t:|1784161267
|teamsize|p1|4
|teamsize|p2|4
|start
|switch|p1a: AGNI|Charizard, L50, M, shiny|100/100
|switch|p1b: SOFT-SLEEP|Venusaur, L50, F|100/100
|switch|p2a: Aerodactyl|Aerodactyl, L50, F|100/100
|switch|p2b: Charizard|Charizard, L50, M, shiny|100/100
|-ability|p2a: Aerodactyl|Unnerve
|turn|1
|c|☆lettitripppp|Yea but i need to gamble to win
|inactive|gridius has 30 seconds left.
|c|☆gridius|both i think
|inactive|gridius has 20 seconds left.
|inactive|gridius has 15 seconds left.
|inactive|gridius has 10 seconds left.
|
|t:|1784161313
|detailschange|p2b: Charizard|Charizard-Mega-Y, L50, M, shiny
|-mega|p2b: Charizard|Charizard|Charizardite Y
|-weather|SunnyDay|[from] ability: Drought|[of] p2b: Charizard
|detailschange|p1a: AGNI|Charizard-Mega-Y, L50, M, shiny
|-mega|p1a: AGNI|Charizard|Charizardite Y
|move|p1b: SOFT-SLEEP|Sleep Powder|p2a: Aerodactyl
|-status|p2a: Aerodactyl|slp|[from] move: Sleep Powder
|cant|p2a: Aerodactyl|slp
|move|p1a: AGNI|Solar Beam||[still]
|-prepare|p1a: AGNI|Solar Beam
|-anim|p1a: AGNI|Solar Beam|p2a: Aerodactyl
|-damage|p2a: Aerodactyl|44/100 slp
|move|p2b: Charizard|Heat Wave|p1b: SOFT-SLEEP|[spread] p1b
|-miss|p2b: Charizard|p1a: AGNI
|-supereffective|p1b: SOFT-SLEEP|1
|-enditem|p1b: SOFT-SLEEP|Focus Sash
|-damage|p1b: SOFT-SLEEP|1/100
|
|-weather|SunnyDay|[upkeep]
|upkeep
|turn|2
|
|t:|1784161335
|move|p2b: Charizard|Protect|p2b: Charizard
|-singleturn|p2b: Charizard|Protect
|move|p1b: SOFT-SLEEP|Sleep Powder|p2b: Charizard
|-activate|p2b: Charizard|move: Protect
|cant|p2a: Aerodactyl|slp
|move|p1a: AGNI|Solar Beam||[still]
|-prepare|p1a: AGNI|Solar Beam
|-anim|p1a: AGNI|Solar Beam|p2a: Aerodactyl
|-damage|p2a: Aerodactyl|0 fnt
|faint|p2a: Aerodactyl
|
|-weather|SunnyDay|[upkeep]
|upkeep
|
|t:|1784161348
|switch|p2a: Sylveon|Sylveon, L50, F, shiny|100/100
|turn|3
|
|t:|1784161358
|move|p2a: Sylveon|Quick Attack|p1b: SOFT-SLEEP
|-resisted|p1b: SOFT-SLEEP|1
|-damage|p1b: SOFT-SLEEP|0 fnt
|faint|p1b: SOFT-SLEEP
|move|p2b: Charizard|Weather Ball|p1a: AGNI
|-resisted|p1a: AGNI|1
|-damage|p1a: AGNI|62/100
|move|p1a: AGNI|Weather Ball|p2a: Sylveon
|-damage|p2a: Sylveon|32/100
|
|-weather|SunnyDay|[upkeep]
|upkeep
|
|t:|1784161367
|switch|p1b: GO JOHAN|Grimmsnarl, L50, M, shiny|100/100
|turn|4
|
|t:|1784161372
|move|p2a: Sylveon|Detect|p2a: Sylveon
|-singleturn|p2a: Sylveon|Protect
|move|p1b: GO JOHAN|Light Screen|p1b: GO JOHAN
|-sidestart|p1: lettitripppp|move: Light Screen
|move|p2b: Charizard|Heat Wave|p1b: GO JOHAN|[spread] p1a,p1b
|-resisted|p1a: AGNI|1
|-damage|p1a: AGNI|45/100
|-damage|p1b: GO JOHAN|64/100
|move|p1a: AGNI|Heat Wave|p2b: Charizard|[spread] p2b
|-activate|p2a: Sylveon|move: Protect
|-resisted|p2b: Charizard|1
|-damage|p2b: Charizard|72/100
|
|-weather|SunnyDay|[upkeep]
|upkeep
|turn|5
|
|t:|1784161388
|switch|p2a: Garchomp|Garchomp, L50, F|100/100
|move|p1b: GO JOHAN|Parting Shot|p2b: Charizard
|-unboost|p2b: Charizard|atk|1
|-unboost|p2b: Charizard|spa|1
|
|t:|1784161394
|switch|p1b: GHOSTWAVE|Basculegion, L50, M, shiny|100/100|[from] Parting Shot
|move|p2b: Charizard|Heat Wave|p1a: AGNI|[spread] p1a
|-miss|p2b: Charizard|p1b: GHOSTWAVE
|-resisted|p1a: AGNI|1
|-damage|p1a: AGNI|32/100
|move|p1a: AGNI|Weather Ball|p2a: Garchomp
|-resisted|p2a: Garchomp|1
|-damage|p2a: Garchomp|45/100
|
|-weather|none
|upkeep
|turn|6
|
|t:|1784161417
|switch|p1a: GO JOHAN|Grimmsnarl, L50, M, shiny|64/100
|switch|p2b: Sylveon|Sylveon, L50, F, shiny|32/100
|move|p2a: Garchomp|Protect|p2a: Garchomp
|-singleturn|p2a: Garchomp|Protect
|move|p1b: GHOSTWAVE|Last Respects|p2a: Garchomp
|-activate|p2a: Garchomp|move: Protect
|
|upkeep
|turn|7
|inactive|gridius has 30 seconds left.
|inactive|gridius has 20 seconds left.
|inactive|gridius has 15 seconds left.
|inactive|gridius has 10 seconds left.
|
|t:|1784161463
|move|p1a: GO JOHAN|Reflect|p1a: GO JOHAN
|-sidestart|p1: lettitripppp|Reflect
|move|p1b: GHOSTWAVE|Last Respects|p2b: Sylveon
|-damage|p2b: Sylveon|0 fnt
|faint|p2b: Sylveon
|move|p2a: Garchomp|Rock Slide|p1a: GO JOHAN|[spread] p1a,p1b
|-damage|p1a: GO JOHAN|47/100
|-damage|p1b: GHOSTWAVE|80/100
|-damage|p2a: Garchomp|36/100|[from] item: Life Orb
|
|upkeep
|
|t:|1784161472
|switch|p2b: Charizard|Charizard-Mega-Y, L50, M, shiny|72/100
|-weather|SunnyDay|[from] ability: Drought|[of] p2b: Charizard
|turn|8
|
|t:|1784161495
|move|p2b: Charizard|Protect|p2b: Charizard
|-singleturn|p2b: Charizard|Protect
|move|p1b: GHOSTWAVE|Last Respects|p2b: Charizard
|-activate|p2b: Charizard|move: Protect
|move|p2a: Garchomp|Earthquake|p1a: GO JOHAN|[spread] p1a,p1b
|-activate|p2b: Charizard|move: Protect
|-damage|p1a: GO JOHAN|18/100
|-damage|p1b: GHOSTWAVE|41/100
|-damage|p2a: Garchomp|26/100|[from] item: Life Orb
|move|p1a: GO JOHAN|Spirit Break|p2a: Garchomp
|-supereffective|p2a: Garchomp|1
|-damage|p2a: Garchomp|0 fnt
|-damage|p1a: GO JOHAN|5/100|[from] ability: Rough Skin|[of] p2a: Garchomp
|faint|p2a: Garchomp
|
|-weather|SunnyDay|[upkeep]
|upkeep
|turn|9
|c|☆gridius|gg bro
|inactive|gridius has 30 seconds left.
|-message|gridius forfeited.
|
|win|lettitripppp
|raw|lettitripppp's rating: 1255 → 1275(+20 for winning)
|raw|gridius's rating: 1181 → 1161(-20 for losing)
|l|☆gridius
|player|p2|
|c|☆lettitripppp|gg
