|j|☆SMuscheS
|j|☆seanonalia
|html|SMuscheSseanonalia    
|uhtml|bestof|Game 2 of a best-of-3
|t:|1757759188
|gametype|doubles
|player|p1|SMuscheS|265|1136
|player|p2|seanonalia|iris|1053
|gen|9
|tier|[Gen 9] VGC 2025 Reg H (Bo3)
|rated|
|rule|Species Clause: Limit one of each Pokémon
|rule|Item Clause: Limit 1 of each item
|clearpoke
|poke|p1|Tyranitar, L50, M|
|poke|p1|Excadrill, L50, M|
|poke|p1|Kilowattrel, L50, F|
|poke|p1|Hydreigon, L50, M|
|poke|p1|Basculegion, L50, M|
|poke|p1|Magmar, L50, F|
|poke|p2|Kommo-o, L50, F|
|poke|p2|Gholdengo, L50|
|poke|p2|Tyranitar, L50, F|
|poke|p2|Volcarona, L50, M|
|poke|p2|Rillaboom, L50, M|
|poke|p2|Weezing-Galar, L50, F|
|teampreview|4
|showteam|p1|Tyranitar||AssaultVest|SandStream|RockSlide,KnockOff,TeraBlast,LowKick|||M|||50|,,,,,Flying]Excadrill||FocusSash|SandRush|IronHead,Earthquake,SwordsDance,Protect|||M|||50|,,,,,Ghost]Kilowattrel||CovertCloak|Competitive|Thunderbolt,AirSlash,Tailwind,Protect|||F|||50|,,,,,Rock]Hydreigon||SafetyGoggles|Levitate|DragonPulse,Snarl,Taunt,Protect|||M|||50|,,,,,Ghost]Basculegion||ChoiceScarf|Adaptability|WaveCrash,LastRespects,AquaJet,FlipTurn|||M|||50|,,,,,Water]Magmar||Eviolite|VitalSpirit|BurningJealousy,ClearSmog,FollowMe,Protect|||F|||50|,,,,,Flying
|showteam|p2|Kommo-o||Leftovers|Overcoat|BodyPress,IronDefense,Flamethrower,Protect|||F|||50|,,,,,Fire]Gholdengo||GrassySeed|GoodasGold|MakeItRain,ShadowBall,NastyPlot,Protect||||||50|,,,,,Normal]Tyranitar||AssaultVest|SandStream|RockSlide,KnockOff,TeraBlast,LowKick|||F|||50|,,,,,Flying]Volcarona||SafetyGoggles|FlameBody|Overheat,StruggleBug,Tailwind,RagePowder|||M|||50|,,,,,Fairy]Rillaboom||MiracleSeed|GrassySurge|WoodHammer,GrassyGlide,FakeOut,Uturn|||M|||50|,,,,,Fire]Weezing-Galar||SitrusBerry|NeutralizingGas|StrangeSteam,WillOWisp,Taunt,Protect|||F|||50|,,,,,Normal
|inactive|Battle timer is ON: inactive players will automatically lose when time's up. (requested by SMuscheS)
|inactive|seanonalia also wants the timer to be on.
|
|t:|1757759214
|teamsize|p1|4
|teamsize|p2|4
|start
|switch|p1a: Kilowattrel|Kilowattrel, L50, F|100/100
|switch|p1b: Tyranitar|Tyranitar, L50, M|100/100
|switch|p2a: Havelock|Tyranitar, L50, F|100/100
|switch|p2b: Lady Boyle|Volcarona, L50, M|100/100
|-weather|Sandstorm|[from] ability: Sand Stream|[of] p1b: Tyranitar
|turn|1
|inactive|SMuscheS has 30 seconds left.
|
|t:|1757759244
|-terastallize|p1b: Tyranitar|Flying
|move|p1a: Kilowattrel|Tailwind|p1a: Kilowattrel
|-sidestart|p1: SMuscheS|move: Tailwind
|move|p1b: Tyranitar|Low Kick|p2a: Havelock
|-supereffective|p2a: Havelock
|-damage|p2a: Havelock|0 fnt
|faint|p2a: Havelock
|move|p2b: Lady Boyle|Tailwind|p2b: Lady Boyle
|-sidestart|p2: seanonalia|move: Tailwind
|
|-weather|Sandstorm|[upkeep]
|-damage|p1a: Kilowattrel|94/100|[from] Sandstorm
|-damage|p1b: Tyranitar|94/100|[from] Sandstorm
|upkeep
|
|t:|1757759255
|switch|p2a: Rothwild|Gholdengo, L50|100/100
|turn|2
|
|t:|1757759265
|move|p2b: Lady Boyle|Rage Powder|p2b: Lady Boyle
|-singleturn|p2b: Lady Boyle|move: Rage Powder
|move|p1a: Kilowattrel|Air Slash|p2b: Lady Boyle
|-supereffective|p2b: Lady Boyle
|-damage|p2b: Lady Boyle|43/100
|move|p2a: Rothwild|Nasty Plot|p2a: Rothwild
|-boost|p2a: Rothwild|spa|2
|move|p1b: Tyranitar|Knock Off|p2b: Lady Boyle
|-damage|p2b: Lady Boyle|0 fnt
|-enditem|p2b: Lady Boyle|Safety Goggles|[from] move: Knock Off|[of] p1b: Tyranitar
|faint|p2b: Lady Boyle
|
|-weather|Sandstorm|[upkeep]
|-damage|p1a: Kilowattrel|88/100|[from] Sandstorm
|-damage|p1b: Tyranitar|88/100|[from] Sandstorm
|upkeep
|
|t:|1757759271
|switch|p2b: Sokolov|Rillaboom, L50, M|100/100
|-fieldstart|move: Grassy Terrain|[from] ability: Grassy Surge|[of] p2b: Sokolov
|-enditem|p2a: Rothwild|Grassy Seed
|-boost|p2a: Rothwild|def|1|[from] item: Grassy Seed
|turn|3
|
|t:|1757759295
|move|p2b: Sokolov|Fake Out|p1b: Tyranitar
|-damage|p1b: Tyranitar|78/100
|move|p1a: Kilowattrel|Air Slash|p2b: Sokolov
|-supereffective|p2b: Sokolov
|-damage|p2b: Sokolov|31/100
|move|p2a: Rothwild|Nasty Plot|p2a: Rothwild
|-boost|p2a: Rothwild|spa|2
|cant|p1b: Tyranitar|flinch
|
|-weather|Sandstorm|[upkeep]
|-damage|p1a: Kilowattrel|82/100|[from] Sandstorm
|-damage|p2b: Sokolov|25/100|[from] Sandstorm
|-damage|p1b: Tyranitar|72/100|[from] Sandstorm
|-heal|p2b: Sokolov|31/100|[from] Grassy Terrain
|upkeep
|turn|4
|
|t:|1757759312
|move|p1a: Kilowattrel|Protect|p1a: Kilowattrel
|-singleturn|p1a: Kilowattrel|Protect
|move|p2a: Rothwild|Make It Rain|p1b: Tyranitar|[spread] p1b
|-activate|p1a: Kilowattrel|move: Protect
|-damage|p1b: Tyranitar|0 fnt
|-unboost|p2a: Rothwild|spa|1
|faint|p1b: Tyranitar
|move|p2b: Sokolov|Wood Hammer|p1a: Kilowattrel
|-activate|p1a: Kilowattrel|move: Protect
|
|-weather|Sandstorm|[upkeep]
|-damage|p1a: Kilowattrel|76/100|[from] Sandstorm
|-damage|p2b: Sokolov|25/100|[from] Sandstorm
|-heal|p2b: Sokolov|31/100|[from] Grassy Terrain
|-sideend|p2: seanonalia|move: Tailwind
|-sideend|p1: SMuscheS|move: Tailwind
|upkeep
|
|t:|1757759323
|switch|p1b: Basculegion|Basculegion, L50, M|100/100
|turn|5
|
|t:|1757759331
|-terastallize|p2a: Rothwild|Normal
|move|p2b: Sokolov|Grassy Glide|p1b: Basculegion
|-supereffective|p1b: Basculegion
|-damage|p1b: Basculegion|0 fnt
|faint|p1b: Basculegion
|move|p1a: Kilowattrel|Tailwind|p1a: Kilowattrel
|-sidestart|p1: SMuscheS|move: Tailwind
|move|p2a: Rothwild|Shadow Ball|p1a: Kilowattrel
|-damage|p1a: Kilowattrel|0 fnt
|faint|p1a: Kilowattrel
|
|-weather|none
|-heal|p2b: Sokolov|37/100|[from] Grassy Terrain
|upkeep
|
|t:|1757759338
|switch|p1b: Hydreigon|Hydreigon, L50, M|100/100
|turn|6
|
|t:|1757759344
|move|p1b: Hydreigon|Snarl|p2b: Sokolov|[spread] p2a,p2b
|-damage|p2a: Rothwild|74/100
|-damage|p2b: Sokolov|15/100
|-unboost|p2a: Rothwild|spa|1
|-unboost|p2b: Sokolov|spa|1
|move|p2a: Rothwild|Make It Rain|p1b: Hydreigon
|-damage|p1b: Hydreigon|0 fnt
|-unboost|p2a: Rothwild|spa|1
|faint|p1b: Hydreigon
|
|win|seanonalia
||SMuscheS is ready for game 3.
||seanonalia is ready for game 3.
|uhtml|next|Next: Game 3 of 3
|l|☆SMuscheS
|player|p1|
