|j|☆Tedi2002
|j|☆angusgrind13
|html|Tedi2002angusgrind13    
|uhtml|bestof|Game 3 of a best-of-3
|t:|1785062952
|gametype|doubles
|player|p1|Tedi2002|red|
|player|p2|angusgrind13|pokemonranger-gen4|
|gen|9
|tier|[Gen 9 Champions] VGC 2026 Reg M-B (Bo3)
|rule|Species Clause: Limit one of each Pokémon
|rule|Item Clause: Limit 1 of each item
|clearpoke
|poke|p1|Raichu, L50, M|
|poke|p1|Blaziken, L50, M|
|poke|p1|Corviknight, L50, M, shiny|
|poke|p1|Ninetales-Alola, L50, F|
|poke|p1|Incineroar, L50, M|
|poke|p1|Basculegion, L50, M|
|poke|p2|Primarina, L50, F|
|poke|p2|Kingambit, L50, M|
|poke|p2|Froslass, L50, F|
|poke|p2|Sneasler, L50, F|
|poke|p2|Lycanroc-Dusk, L50, F|
|poke|p2|Dragonite, L50, M|
|teampreview|4
|showteam|p1|Raichu||RaichuniteY|LightningRod|ZapCannon,FocusBlast,FakeOut,Protect|Timid||M|||50|]Blaziken||Blazikenite|SpeedBoost|FlareBlitz,CloseCombat,RockSlide,Detect|Adamant||M|||50|]Corviknight||Leftovers|MirrorArmor|IronHead,Taunt,Tailwind,BulkUp|Adamant||M|||50|]Ninetales-Alola||NeverMeltIce|SnowWarning|Blizzard,FreezeDry,DazzlingGleam,Protect|Timid||F|||50|]Incineroar||ChopleBerry|Intimidate|DarkestLariat,FlareBlitz,FakeOut,PartingShot|Adamant||M|||50|]Basculegion||ChoiceScarf|SwiftSwim|WaveCrash,FlipTurn,AquaJet,LastRespects|Adamant||M|||50|
|showteam|p2|Primarina||LifeOrb|LiquidVoice|HyperVoice,Moonblast,Haze,Protect|Modest||F|||50|]Kingambit||BlackGlasses|Defiant|KowtowCleave,SuckerPunch,SwordsDance,Protect|Adamant||M|||50|]Froslass||Froslassite|CursedBody|Blizzard,ShadowBall,AuroraVeil,Protect|Timid||F|||50|]Sneasler||WhiteHerb|Unburden|GunkShot,CloseCombat,FakeOut,Protect|Adamant||F|||50|]Lycanroc-Dusk||FocusSash|ToughClaws|RockSlide,Accelerock,CloseCombat,Protect|Adamant||F|||50|]Dragonite||Dragoninite|Multiscale|DragonPulse,Flamethrower,Tailwind,Protect|Modest||M|||50|
|inactive|Battle timer is ON: inactive players will automatically lose when time's up. (requested by Tedi2002)
|inactive|Tedi2002 has 60 seconds left.
|inactive|angusgrind13 has 60 seconds left.
|
|t:|1785062997
|teamsize|p1|4
|teamsize|p2|4
|start
|switch|p1a: Raichu|Raichu, L50, M|100/100
|switch|p1b: Corviknight|Corviknight, L50, M, shiny|100/100
|switch|p2a: Dragonite|Dragonite, L50, M|100/100
|switch|p2b: Kingambit|Kingambit, L50, M|100/100
|turn|1
|
|t:|1785063010
|detailschange|p1a: Raichu|Raichu-Mega-Y, L50, M
|-mega|p1a: Raichu|Raichu|Raichunite Y
|move|p1a: Raichu|Focus Blast|p2b: Kingambit
|-supereffective|p2b: Kingambit|2
|-damage|p2b: Kingambit|0 fnt
|faint|p2b: Kingambit
|move|p2a: Dragonite|Flamethrower|p1b: Corviknight
|-supereffective|p1b: Corviknight|1
|-damage|p1b: Corviknight|48/100
|move|p1b: Corviknight|Tailwind|p1b: Corviknight
|-sidestart|p1: Tedi2002|move: Tailwind
|
|-heal|p1b: Corviknight|54/100|[from] item: Leftovers
|upkeep
|
|t:|1785063020
|switch|p2b: Lycanroc|Lycanroc-Dusk, L50, F|100/100
|turn|2
|
|t:|1785063034
|detailschange|p2a: Dragonite|Dragonite-Mega, L50, M
|-mega|p2a: Dragonite|Dragonite|Dragoninite
|move|p1a: Raichu|Zap Cannon|p2b: Lycanroc
|-enditem|p2b: Lycanroc|Focus Sash
|-damage|p2b: Lycanroc|1/100
|-status|p2b: Lycanroc|par
|move|p1b: Corviknight|Taunt|p2a: Dragonite
|-start|p2a: Dragonite|move: Taunt
|move|p2a: Dragonite|Flamethrower|p1b: Corviknight
|-supereffective|p1b: Corviknight|1
|-damage|p1b: Corviknight|0 fnt
|faint|p1b: Corviknight
|move|p2b: Lycanroc|Rock Slide|p1a: Raichu
|-damage|p1a: Raichu|36/100
|
|upkeep
|
|t:|1785063051
|switch|p1b: Incineroar|Incineroar, L50, M|100/100
|-ability|p1b: Incineroar|Intimidate|boost
|-unboost|p2a: Dragonite|atk|1
|-unboost|p2b: Lycanroc|atk|1
|turn|3
|
|t:|1785063058
|switch|p2a: Sneasler|Sneasler, L50, F|100/100
|move|p2b: Lycanroc|Protect|p2b: Lycanroc
|-singleturn|p2b: Lycanroc|Protect
|move|p1b: Incineroar|Fake Out|p2a: Sneasler
|-damage|p2a: Sneasler|83/100
|move|p1a: Raichu|Zap Cannon|p2a: Sneasler
|-damage|p2a: Sneasler|13/100
|-status|p2a: Sneasler|par
|
|upkeep
|turn|4
|
|t:|1785063082
|switch|p1a: Basculegion|Basculegion, L50, M|100/100
|move|p2b: Lycanroc|Accelerock|p1a: Basculegion
|-damage|p1a: Basculegion|77/100
|move|p1b: Incineroar|Flare Blitz|p2a: Sneasler
|-damage|p2a: Sneasler|0 fnt
|faint|p2a: Sneasler
|-damage|p1b: Incineroar|95/100|[from] Recoil
|
|-sideend|p1: Tedi2002|move: Tailwind
|upkeep
|
|t:|1785063092
|switch|p2a: Dragonite|Dragonite-Mega, L50, M|100/100
|turn|5
|
|t:|1785063110
|move|p2b: Lycanroc|Accelerock|p1b: Incineroar
|-supereffective|p1b: Incineroar|1
|-damage|p1b: Incineroar|64/100
|move|p1a: Basculegion|Flip Turn|p2a: Dragonite
|-resisted|p2a: Dragonite|1
|-damage|p2a: Dragonite|92/100
|
|t:|1785063116
|switch|p1a: Raichu|Raichu-Mega-Y, L50, M|36/100|[from] Flip Turn
|move|p2a: Dragonite|Dragon Pulse|p1a: Raichu
|-crit|p1a: Raichu
|-damage|p1a: Raichu|0 fnt
|faint|p1a: Raichu
|move|p1b: Incineroar|Parting Shot|p2a: Dragonite
|-unboost|p2a: Dragonite|atk|1
|-unboost|p2a: Dragonite|spa|1
|
|t:|1785063126
|switch|p1b: Basculegion|Basculegion, L50, M|77/100|[from] Parting Shot
|
|upkeep
|
|t:|1785063128
|switch|p1a: Incineroar|Incineroar, L50, M|64/100
|-ability|p1a: Incineroar|Intimidate|boost
|-unboost|p2a: Dragonite|atk|1
|-unboost|p2b: Lycanroc|atk|1
|turn|6
|
|t:|1785063135
|move|p2a: Dragonite|Protect|p2a: Dragonite
|-singleturn|p2a: Dragonite|Protect
|move|p1a: Incineroar|Fake Out|p2b: Lycanroc
|-resisted|p2b: Lycanroc|1
|-damage|p2b: Lycanroc|0 fnt
|faint|p2b: Lycanroc
|move|p1b: Basculegion|Last Respects|p2a: Dragonite
|-activate|p2a: Dragonite|move: Protect
|
|upkeep
|turn|7
|
|t:|1785063146
|move|p1b: Basculegion|Last Respects|p2a: Dragonite
|-damage|p2a: Dragonite|24/100
|move|p2a: Dragonite|Dragon Pulse|p1a: Incineroar
|-damage|p1a: Incineroar|33/100
|move|p1a: Incineroar|Parting Shot|p2a: Dragonite
|-unboost|p2a: Dragonite|atk|1
|-unboost|p2a: Dragonite|spa|1
|
|upkeep
|turn|8
|-message|angusgrind13 forfeited.
|
|win|Tedi2002
|l|☆angusgrind13
|player|p2|
|j|☆angusgrind13
|player|p2|angusgrind13|pokemonranger-gen4|
