|j|☆hermit5
|j|☆northfacefan
|html|hermit5northfacefan    
|uhtml|bestof|Game 2 of a best-of-3
|t:|1756406280
|gametype|doubles
|player|p1|hermit5|red|1065
|player|p2|northfacefan|lance|1077
|gen|9
|tier|[Gen 9] VGC 2025 Reg H (Bo3)
|rated|
|rule|Species Clause: Limit one of each Pokémon
|rule|Item Clause: Limit 1 of each item
|clearpoke
|poke|p1|Dragonite, L50, F|
|poke|p1|Sneasler, L50, M|
|poke|p1|Incineroar, L50, M|
|poke|p1|Archaludon, L50, F|
|poke|p1|Basculegion, L50, M|
|poke|p1|Murkrow, L50, M|
|poke|p2|Kingambit, L50, M|
|poke|p2|Electabuzz, L50, M|
|poke|p2|Sneasler, L50, M|
|poke|p2|Ursaluna-Bloodmoon, L50, M|
|poke|p2|Dragonite, L50, M|
|poke|p2|Rillaboom, L50, M|
|teampreview|4
|showteam|p1|Dragonite||LoadedDice|Multiscale|ScaleShot,Protect,Haze,ExtremeSpeed|||F|||50|,,,,,Fairy]Sneasler||FocusSash|PoisonTouch|Coaching,CloseCombat,DireClaw,Protect|||M|||50|,,,,,Flying]Incineroar||SafetyGoggles|Intimidate|FakeOut,KnockOff,FlareBlitz,PartingShot|||M|||50|,,,,,Ghost]Archaludon||AssaultVest|Stamina|ElectroShot,BodyPress,FlashCannon,DracoMeteor|||F|||50|,,,,,Grass]Basculegion||ClearAmulet|SwiftSwim|WaveCrash,Crunch,TeraBlast,Protect|||M|||50|,,,,,Grass]Murkrow||Eviolite|Prankster|FoulPlay,RainDance,Tailwind,Protect|||M|||50|,,,,,Dark
|showteam|p2|Kingambit||DreadPlate|Defiant|KowtowCleave,SuckerPunch,SwordsDance,Protect|||M|||50|,,,,,Dark]Electabuzz||Eviolite|VitalSpirit|Electroweb,FollowMe,Taunt,Protect|||M|||50|,,,,,Fairy]Sneasler||FocusSash|Unburden|CloseCombat,DireClaw,FakeOut,Protect|||M|||50|,,,,,Stellar]Ursaluna-Bloodmoon||LifeOrb|MindsEye|BloodMoon,HyperVoice,EarthPower,Protect|||M|||50|,,,,,Ghost]Dragonite||LoadedDice|Multiscale|ScaleShot,Haze,Protect,Tailwind|||M|||50|,,,,,Fairy]Rillaboom||AssaultVest|GrassySurge|FakeOut,GrassyGlide,WoodHammer,HighHorsepower|||M|||50|,,,,,Fire
|
|t:|1756406303
|teamsize|p1|4
|teamsize|p2|4
|start
|switch|p1a: Dragonite|Dragonite, L50, F, shiny|100/100
|switch|p1b: Sneasler|Sneasler, L50, M|100/100
|switch|p2a: Kingambit|Kingambit, L50, M|100/100
|switch|p2b: Sneasler|Sneasler, L50, M, shiny|100/100
|turn|1
|
|t:|1756406321
|move|p1b: Sneasler|Protect|p1b: Sneasler
|-singleturn|p1b: Sneasler|Protect
|move|p1a: Dragonite|Protect|p1a: Dragonite
|-singleturn|p1a: Dragonite|Protect
|move|p2b: Sneasler|Fake Out|p1b: Sneasler
|-activate|p1b: Sneasler|move: Protect
|move|p2a: Kingambit|Swords Dance|p2a: Kingambit
|-boost|p2a: Kingambit|atk|2
|
|upkeep
|turn|2
|
|t:|1756406366
|-terastallize|p2a: Kingambit|Dark
|move|p2b: Sneasler|Protect|p2b: Sneasler
|-singleturn|p2b: Sneasler|Protect
|move|p1b: Sneasler|Close Combat|p2a: Kingambit
|-supereffective|p2a: Kingambit
|-damage|p2a: Kingambit|21/100
|-unboost|p1b: Sneasler|def|1
|-unboost|p1b: Sneasler|spd|1
|-status|p2a: Kingambit|psn|[from] ability: Poison Touch|[of] p1b: Sneasler
|move|p1a: Dragonite|Scale Shot|p2a: Kingambit
|-damage|p2a: Kingambit|12/100 psn
|-damage|p2a: Kingambit|3/100 psn
|-damage|p2a: Kingambit|0 fnt
|faint|p2a: Kingambit
|-hitcount|p2: Kingambit|3
|-unboost|p1a: Dragonite|def|1
|-boost|p1a: Dragonite|spe|1
|
|upkeep
|
|t:|1756406373
|switch|p2a: Dragonite|Dragonite, L50, M|100/100
|turn|3
|
|t:|1756406396
|move|p1a: Dragonite|Protect|p1a: Dragonite
|-singleturn|p1a: Dragonite|Protect
|move|p2a: Dragonite|Protect|p2a: Dragonite
|-singleturn|p2a: Dragonite|Protect
|move|p2b: Sneasler|Dire Claw|p1a: Dragonite
|-activate|p1a: Dragonite|move: Protect
|move|p1b: Sneasler|Close Combat|p2b: Sneasler
|-resisted|p2b: Sneasler
|-damage|p2b: Sneasler|50/100
|-unboost|p1b: Sneasler|def|1
|-unboost|p1b: Sneasler|spd|1
|
|upkeep
|turn|4
|
|t:|1756406425
|-terastallize|p1a: Dragonite|Fairy
|move|p1a: Dragonite|Extreme Speed|p2b: Sneasler
|-damage|p2b: Sneasler|0 fnt
|faint|p2b: Sneasler
|move|p1b: Sneasler|Dire Claw|p2a: Dragonite
|-crit|p2a: Dragonite
|-damage|p2a: Dragonite|72/100
|-status|p2a: Dragonite|psn
|move|p2a: Dragonite|Tailwind|p2a: Dragonite
|-sidestart|p2: northfacefan|move: Tailwind
|
|-damage|p2a: Dragonite|60/100 psn|[from] psn
|upkeep
|
|t:|1756406437
|switch|p2b: Ursaluna|Ursaluna-Bloodmoon, L50, M|100/100
|turn|5
|
|t:|1756406460
|move|p2b: Ursaluna|Blood Moon|p1a: Dragonite
|-damage|p1a: Dragonite|43/100
|-damage|p2b: Ursaluna|91/100|[from] item: Life Orb
|move|p2a: Dragonite|Scale Shot|p1b: Sneasler
|-damage|p1b: Sneasler|47/100
|-damage|p1b: Sneasler|0 fnt
|faint|p1b: Sneasler
|-hitcount|p1: Sneasler|2
|-unboost|p2a: Dragonite|def|1
|-boost|p2a: Dragonite|spe|1
|move|p1a: Dragonite|Scale Shot|p2b: Ursaluna
|-damage|p2b: Ursaluna|78/100
|-damage|p2b: Ursaluna|65/100
|-damage|p2b: Ursaluna|52/100
|-damage|p2b: Ursaluna|39/100
|-hitcount|p2b: Ursaluna|4
|-unboost|p1a: Dragonite|def|1
|-boost|p1a: Dragonite|spe|1
|
|-damage|p2a: Dragonite|47/100 psn|[from] psn
|upkeep
|inactive|Battle timer is ON: inactive players will automatically lose when time's up. (requested by northfacefan)
|
|t:|1756406485
|switch|p1b: Incineroar|Incineroar, L50, M|100/100
|-ability|p1b: Incineroar|Intimidate|boost
|-unboost|p2a: Dragonite|atk|1
|-unboost|p2b: Ursaluna|atk|1
|turn|6
|
|t:|1756406498
|move|p2a: Dragonite|Protect|p2a: Dragonite
|-singleturn|p2a: Dragonite|Protect
|move|p2b: Ursaluna|Protect|p2b: Ursaluna
|-singleturn|p2b: Ursaluna|Protect
|move|p1b: Incineroar|Fake Out|p2a: Dragonite
|-activate|p2a: Dragonite|move: Protect
|move|p1a: Dragonite|Scale Shot|p2a: Dragonite
|-activate|p2a: Dragonite|move: Protect
|
|-damage|p2a: Dragonite|35/100 psn|[from] psn
|upkeep
|turn|7
|inactive|northfacefan has 30 seconds left.
|
|t:|1756406527
|move|p1a: Dragonite|Protect|p1a: Dragonite
|-singleturn|p1a: Dragonite|Protect
|move|p2a: Dragonite|Scale Shot|p1b: Incineroar
|-damage|p1b: Incineroar|91/100
|-damage|p1b: Incineroar|82/100
|-damage|p1b: Incineroar|73/100
|-damage|p1b: Incineroar|64/100
|-damage|p1b: Incineroar|55/100
|-hitcount|p1b: Incineroar|5
|-unboost|p2a: Dragonite|def|1
|-boost|p2a: Dragonite|spe|1
|move|p2b: Ursaluna|Blood Moon|p1a: Dragonite
|-activate|p1a: Dragonite|move: Protect
|move|p1b: Incineroar|Knock Off|p2a: Dragonite
|-damage|p2a: Dragonite|0 fnt
|-enditem|p2a: Dragonite|Loaded Dice|[from] move: Knock Off|[of] p1b: Incineroar
|faint|p2a: Dragonite
|
|-sideend|p2: northfacefan|move: Tailwind
|upkeep
|turn|8
|
|t:|1756406549
|move|p1a: Dragonite|Scale Shot|p2b: Ursaluna
|-damage|p2b: Ursaluna|26/100
|-damage|p2b: Ursaluna|15/100
|-damage|p2b: Ursaluna|2/100
|-damage|p2b: Ursaluna|0 fnt
|faint|p2b: Ursaluna
|-hitcount|p2: Ursaluna|4
|
|win|hermit5
||hermit5 is ready for game 3.
|inactive|northfacefan has 30 seconds to confirm battle start!
||northfacefan is ready for game 3.
|uhtml|next|Next: Game 3 of 3
