|j|☆Hariyamamomma
|j|☆Quackennn
|html|HariyamamommaQuackennn    
|uhtml|bestof|Game 1 of a best-of-3
|t:|1784401083
|gametype|doubles
|player|p1|Hariyamamomma|burgh|
|player|p2|Quackennn|pilot|
|gen|9
|tier|[Gen 9 Champions] VGC 2026 Reg M-B (Bo3)
|rule|Species Clause: Limit one of each Pokémon
|rule|Item Clause: Limit 1 of each item
|clearpoke
|poke|p1|Gholdengo, L50|
|poke|p1|Whimsicott, L50, M, shiny|
|poke|p1|Kingambit, L50, F|
|poke|p1|Blaziken, L50, F|
|poke|p1|Blastoise, L50, M, shiny|
|poke|p1|Kangaskhan, L50, F|
|poke|p2|Araquanid, L50, M|
|poke|p2|Farigiraf, L50, F|
|poke|p2|Primarina, L50, F|
|poke|p2|Ninetales-Alola, L50, F|
|poke|p2|Crabominable, L50, M|
|poke|p2|Golurk, L50|
|teampreview|4
|showteam|p1|Gholdengo||LifeOrb|GoodasGold|MakeItRain,ShadowBall,NastyPlot,Protect|Timid|||||50|]Whimsicott||FocusSash|Prankster|Moonblast,Tailwind,Encore,Protect|Timid||M|||50|]Kingambit||BlackGlasses|Defiant|SuckerPunch,KowtowCleave,SwordsDance,Protect|Adamant||F|||50|]Blaziken||Blazikenite|SpeedBoost|CloseCombat,FlareBlitz,RockSlide,Protect|Adamant||F|||50|]Blastoise||Blastoisinite|Torrent|FakeOut,WaterSpout,AuraSphere,DarkPulse|Modest||M|||50|]Kangaskhan||SitrusBerry|Scrappy|FakeOut,HelpingHand,LowKick,ThunderPunch|Impish||F|||50|
|showteam|p2|Araquanid||LifeOrb|WaterBubble|LeechLife,Liquidation,Protect,PoisonJab|Adamant||M|||50|]Farigiraf||Leftovers|ArmorTail|Imprison,Protect,TrickRoom,HyperVoice|Sassy||F|||50|]Primarina||WacanBerry|LiquidVoice|HyperVoice,DazzlingGleam,WeatherBall,Protect|Modest||F|||50|]Ninetales-Alola||LightClay|SnowWarning|AuroraVeil,Protect,Blizzard,IcyWind|Timid||F|||50|]Crabominable||Crabominite|HyperCutter|IceHammer,CloseCombat,MachPunch,ThunderPunch|Adamant||M|||50|]Golurk||Golurkite|NoGuard|BrickBreak,Protect,Poltergeist,HeadlongRush|Adamant|||||50|
|c|☆Hariyamamomma|glhf :)
|
|t:|1784401164
|teamsize|p1|4
|teamsize|p2|4
|start
|switch|p1a: Deni Advija|Gholdengo, L50|100/100
|switch|p1b: Byron Scott|Whimsicott, L50, M, shiny|100/100
|switch|p2a: The Cooler|Ninetales-Alola, L50, F|100/100
|switch|p2b: The Creature|Farigiraf, L50, F|100/100
|-weather|Snowscape|[from] ability: Snow Warning|[of] p2a: The Cooler
|turn|1
|
|t:|1784401198
|move|p2a: The Cooler|Protect|p2a: The Cooler
|-singleturn|p2a: The Cooler|Protect
|move|p1b: Byron Scott|Moonblast|p2b: The Creature
|-damage|p2b: The Creature|77/100
|move|p1a: Deni Advija|Make It Rain|p2b: The Creature|[spread] p2b
|-activate|p2a: The Cooler|move: Protect
|-damage|p2b: The Creature|38/100
|-unboost|p1a: Deni Advija|spa|2
|-damage|p1a: Deni Advija|90/100|[from] item: Life Orb
|move|p2b: The Creature|Imprison|p2b: The Creature
|-start|p2b: The Creature|move: Imprison
|
|-weather|Snowscape|[upkeep]
|-heal|p2b: The Creature|44/100|[from] item: Leftovers
|upkeep
|turn|2
|
|t:|1784401234
|move|p2b: The Creature|Protect|p2b: The Creature
|-singleturn|p2b: The Creature|Protect
|move|p1b: Byron Scott|Moonblast|p2b: The Creature
|-activate|p2b: The Creature|move: Protect
|move|p2a: The Cooler|Aurora Veil|p2a: The Cooler
|-sidestart|p2: Quackennn|move: Aurora Veil
|move|p1a: Deni Advija|Nasty Plot|p1a: Deni Advija
|-boost|p1a: Deni Advija|spa|2
|
|-weather|Snowscape|[upkeep]
|-heal|p2b: The Creature|51/100|[from] item: Leftovers
|upkeep
|turn|3
|
|t:|1784401258
|move|p1b: Byron Scott|Moonblast|p2b: The Creature
|-damage|p2b: The Creature|33/100
|move|p2a: The Cooler|Blizzard|p1a: Deni Advija|[spread] p1a,p1b
|-resisted|p1a: Deni Advija|1
|-supereffective|p1b: Byron Scott|1
|-damage|p1a: Deni Advija|73/100
|-enditem|p1b: Byron Scott|Focus Sash
|-damage|p1b: Byron Scott|1/100
|move|p1a: Deni Advija|Nasty Plot|p1a: Deni Advija
|-boost|p1a: Deni Advija|spa|2
|move|p2b: The Creature|Trick Room|p2b: The Creature
|-fieldstart|move: Trick Room|[of] p2b: The Creature
|
|-weather|Snowscape|[upkeep]
|-heal|p2b: The Creature|39/100|[from] item: Leftovers
|upkeep
|turn|4
|
|t:|1784401287
|switch|p1b: Khris Middleton|Kangaskhan, L50, F|100/100
|move|p2b: The Creature|Protect|p2b: The Creature
|-singleturn|p2b: The Creature|Protect
|move|p1a: Deni Advija|Make It Rain|p2b: The Creature|[spread] p2a
|-activate|p2b: The Creature|move: Protect
|-supereffective|p2a: The Cooler|2
|-damage|p2a: The Cooler|0 fnt
|-unboost|p1a: Deni Advija|spa|2
|faint|p2a: The Cooler
|-damage|p1a: Deni Advija|63/100|[from] item: Life Orb
|
|-weather|Snowscape|[upkeep]
|-heal|p2b: The Creature|45/100|[from] item: Leftovers
|upkeep
|
|t:|1784401301
|switch|p2a: The Caller|Primarina, L50, F|100/100
|turn|5
|
|t:|1784401318
|move|p2b: The Creature|Hyper Voice|p1b: Khris Middleton|[spread] p1b
|-immune|p1a: Deni Advija
|-damage|p1b: Khris Middleton|71/100
|move|p2a: The Caller|Hyper Voice|p1a: Deni Advija|[spread] p1a,p1b
|-damage|p1a: Deni Advija|24/100
|-damage|p1b: Khris Middleton|26/100
|-enditem|p1b: Khris Middleton|Sitrus Berry|[eat]
|-heal|p1b: Khris Middleton|51/100|[from] item: Sitrus Berry
|move|p1b: Khris Middleton|Thunder Punch|p2a: The Caller
|-supereffective|p2a: The Caller|1
|-enditem|p2a: The Caller|Wacan Berry|[eat]
|-enditem|p2a: The Caller|Wacan Berry|[weaken]
|-damage|p2a: The Caller|81/100
|-status|p2a: The Caller|par
|move|p1a: Deni Advija|Make It Rain|p2b: The Creature|[spread] p2a,p2b
|-damage|p2a: The Caller|50/100g par
|-damage|p2b: The Creature|18/100
|-unboost|p1a: Deni Advija|spa|2
|-damage|p1a: Deni Advija|14/100|[from] item: Life Orb
|
|-weather|none
|-heal|p2b: The Creature|25/100|[from] item: Leftovers
|upkeep
|turn|6
|
|t:|1784401340
|switch|p1a: Byron Scott|Whimsicott, L50, M, shiny|1/100
|move|p2a: The Caller|Hyper Voice|p1b: Khris Middleton|[spread] p1a,p1b
|-resisted|p1a: Byron Scott|1
|-damage|p1a: Byron Scott|0 fnt
|-damage|p1b: Khris Middleton|9/100
|faint|p1a: Byron Scott
|move|p2b: The Creature|Hyper Voice|p1b: Khris Middleton
|-damage|p1b: Khris Middleton|0 fnt
|faint|p1b: Khris Middleton
|
|-heal|p2b: The Creature|31/100|[from] item: Leftovers
|upkeep
|
|t:|1784401355
|switch|p1b: Deni Advija|Gholdengo, L50|14/100
|switch|p1a: Toi Jerome|Blastoise, L50, M, shiny|100/100
|turn|7
|
|t:|1784401383
|move|p2b: The Creature|Protect|p2b: The Creature
|-singleturn|p2b: The Creature|Protect
|move|p2a: The Caller|Hyper Voice|p1b: Deni Advija|[spread] p1a,p1b
|-resisted|p1a: Toi Jerome|1
|-damage|p1a: Toi Jerome|78/100
|-damage|p1b: Deni Advija|0 fnt
|faint|p1b: Deni Advija
|move|p1a: Toi Jerome|Dark Pulse|p2b: The Creature
|-activate|p2b: The Creature|move: Protect
|
|-heal|p2b: The Creature|37/100|[from] item: Leftovers
|-fieldend|move: Trick Room
|upkeep
|turn|8
|
|t:|1784401421
|move|p1a: Toi Jerome|Water Spout|p2b: The Creature|[spread] p2a,p2b
|-resisted|p2a: The Caller|1
|-crit|p2b: The Creature
|-damage|p2a: The Caller|39/100 par
|-damage|p2b: The Creature|0 fnt
|faint|p2b: The Creature
|move|p2a: The Caller|Dazzling Gleam|p1a: Toi Jerome
|-damage|p1a: Toi Jerome|30/100
|
|upkeep
|
|t:|1784401425
|switch|p2b: The Crabber|Crabominable, L50, M|100/100
|turn|9
|
|t:|1784401438
|detailschange|p1a: Toi Jerome|Blastoise-Mega, L50, M, shiny
|-mega|p1a: Toi Jerome|Blastoise|Blastoisinite
|detailschange|p2b: The Crabber|Crabominable-Mega, L50, M
|-mega|p2b: The Crabber|Crabominable|Crabominite
|move|p2b: The Crabber|Mach Punch|p1a: Toi Jerome
|-damage|p1a: Toi Jerome|1/100
|move|p1a: Toi Jerome|Aura Sphere|p2b: The Crabber
|-supereffective|p2b: The Crabber|1
|-damage|p2b: The Crabber|44/100
|move|p2a: The Caller|Dazzling Gleam|p1a: Toi Jerome
|-damage|p1a: Toi Jerome|0 fnt
|faint|p1a: Toi Jerome
|
|win|Quackennn
|inactive|Hariyamamomma has 30 seconds to confirm battle start!
|inactive|Quackennn has 30 seconds to confirm battle start!
|c|☆Hariyamamomma|gg!
||Hariyamamomma is ready for game 2.
||Quackennn is ready for game 2.
|uhtml|next|Next: Game 2 of 3
|l|☆Quackennn
|player|p2|
