|j|â˜†dmac55
|j|â˜†breloomb01
|html|dmac55breloomb01    
|uhtml|bestof|Game 1 of a best-of-3
|t:|1785873010
|gametype|doubles
|player|p1|dmac55|2|1256
|player|p2|breloomb01|roughneck|1331
|gen|9
|tier|[Gen 9 Champions] VGC 2026 Reg M-B (Bo3)
|rated|
|rule|Species Clause: Limit one of each PokÃ©mon
|rule|Item Clause: Limit 1 of each item
|clearpoke
|poke|p1|Vanilluxe, L50, F|
|poke|p1|Kingambit, L50, F|
|poke|p1|Raichu, L50, M|
|poke|p1|Basculegion, L50, M|
|poke|p1|Volcarona, L50, M|
|poke|p1|Garchomp, L50, M|
|poke|p2|Floette-Eternal, L50, F|
|poke|p2|Incineroar, L50, F|
|poke|p2|Sinistcha, L50|
|poke|p2|Garchomp, L50, M|
|poke|p2|Sneasler, L50, M|
|poke|p2|Rotom-Wash, L50|
|teampreview|4
|showteam|p1|Vanilluxe||NeverMeltIce|SnowWarning|Blizzard,FreezeDry,IceShard,Protect|Modest||F|||50|]Kingambit||BlackGlasses|Defiant|KowtowCleave,SuckerPunch,IronHead,Protect|Adamant||F|||50|]Raichu||RaichuniteY|LightningRod|FakeOut,ZapCannon,FocusBlast,Protect|Timid||M|||50|]Basculegion||ChoiceScarf|Adaptability|LastRespects,WaveCrash,AquaJet,FlipTurn|Jolly||M|||50|]Volcarona||SitrusBerry|FlameBody|Tailwind,RagePowder,HeatWave,AirSlash|Bold||M|||50|]Garchomp||LifeOrb|RoughSkin|DragonClaw,StompingTantrum,RockSlide,Protect|Jolly||M|||50|
|showteam|p2|Floette-Eternal||Floettite|FlowerVeil|DrainingKiss,DazzlingGleam,CalmMind,Protect|Modest||F|||50|]Incineroar||SitrusBerry|Intimidate|FakeOut,FlareBlitz,ThroatChop,PartingShot|Careful||F|||50|]Sinistcha||KasibBerry|Hospitality|Protect,RagePowder,MatchaGotcha,TrickRoom|Calm|||||50|]Garchomp||LifeOrb|RoughSkin|Earthquake,DragonClaw,RockSlide,Protect|Jolly||M|||50|]Sneasler||WhiteHerb|Unburden|FakeOut,DireClaw,CloseCombat,Protect|Jolly||M|||50|]Rotom-Wash||Leftovers|Levitate|HydroPump,Protect,WillOWisp,Electroweb|Bold|||||50|
|
|t:|1785873048
|teamsize|p1|4
|teamsize|p2|4
|start
|switch|p1a: Raichu|Raichu, L50, M|100/100
|switch|p1b: Vanilluxe|Vanilluxe, L50, F|100/100
|switch|p2a: Garchomp|Garchomp, L50, M|100/100
|switch|p2b: Incineroar|Incineroar, L50, F|100/100
|-weather|Snowscape|[from] ability: Snow Warning|[of] p1b: Vanilluxe
|-ability|p2b: Incineroar|Intimidate|boost
|-unboost|p1a: Raichu|atk|1
|-unboost|p1b: Vanilluxe|atk|1
|turn|1
|
|t:|1785873068
|switch|p2a: Rotom|Rotom-Wash, L50|100/100
|detailschange|p1a: Raichu|Raichu-Mega-Y, L50, M
|-mega|p1a: Raichu|Raichu|Raichunite Y
|move|p1a: Raichu|Fake Out|p2b: Incineroar
|-damage|p2b: Incineroar|94/100
|cant|p2b: Incineroar|flinch
|move|p1b: Vanilluxe|Blizzard|p2a: Rotom|[spread] p2a,p2b
|-resisted|p2a: Rotom|1
|-resisted|p2b: Incineroar|1
|-damage|p2a: Rotom|76/100
|-damage|p2b: Incineroar|77/100
|
|-weather|Snowscape|[upkeep]
|-heal|p2a: Rotom|82/100|[from] item: Leftovers
|upkeep
|turn|2
|l|â˜†breloomb01
|player|p2|
|j|â˜†breloomb01
|player|p2|breloomb01|roughneck|
|
|t:|1785873100
|switch|p1b: Garchomp|Garchomp, L50, M|100/100
|switch|p2b: Floette|Floette-Eternal, L50, F|100/100
|move|p1a: Raichu|Focus Blast|p2b: Floette
|-resisted|p2b: Floette|1
|-damage|p2b: Floette|82/100
|move|p2a: Rotom|Electroweb|p1a: Raichu|[spread] p1a
|-immune|p1b: Garchomp
|-resisted|p1a: Raichu|1
|-damage|p1a: Raichu|91/100
|-unboost|p1a: Raichu|spe|1
|
|-weather|Snowscape|[upkeep]
|-heal|p2a: Rotom|88/100|[from] item: Leftovers
|upkeep
|turn|3
|
|t:|1785873116
|switch|p2b: Garchomp|Garchomp, L50, M|100/100
|move|p1b: Garchomp|Protect|p1b: Garchomp
|-singleturn|p1b: Garchomp|Protect
|move|p1a: Raichu|Zap Cannon|p2b: Garchomp
|-immune|p2b: Garchomp
|move|p2a: Rotom|Will-O-Wisp|p1b: Garchomp
|-activate|p1b: Garchomp|move: Protect
|
|-weather|Snowscape|[upkeep]
|-heal|p2a: Rotom|94/100|[from] item: Leftovers
|upkeep
|turn|4
|
|t:|1785873150
|switch|p2b: Incineroar|Incineroar, L50, F|77/100
|-ability|p2b: Incineroar|Intimidate|boost
|-unboost|p1a: Raichu|atk|1
|-unboost|p1b: Garchomp|atk|1
|switch|p1a: Vanilluxe|Vanilluxe, L50, F|100/100
|move|p1b: Garchomp|Dragon Claw|p2b: Incineroar
|-damage|p2b: Incineroar|46/100
|-enditem|p2b: Incineroar|Sitrus Berry|[eat]
|-heal|p2b: Incineroar|71/100|[from] item: Sitrus Berry
|-damage|p1b: Garchomp|90/100|[from] item: Life Orb
|move|p2a: Rotom|Will-O-Wisp|p1b: Garchomp
|-status|p1b: Garchomp|brn
|
|-weather|Snowscape|[upkeep]
|-heal|p2a: Rotom|100/100|[from] item: Leftovers
|-damage|p1b: Garchomp|84/100 brn|[from] brn
|upkeep
|turn|5
|
|t:|1785873173
|switch|p1b: Raichu|Raichu-Mega-Y, L50, M|91/100
|move|p1a: Vanilluxe|Protect|p1a: Vanilluxe
|-singleturn|p1a: Vanilluxe|Protect
|move|p2a: Rotom|Electroweb|p1b: Raichu|[spread] p1b
|-activate|p1a: Vanilluxe|move: Protect
|-resisted|p1b: Raichu|1
|-damage|p1b: Raichu|81/100
|-unboost|p1b: Raichu|spe|1
|move|p2b: Incineroar|Parting Shot|p1a: Vanilluxe
|-activate|p1a: Vanilluxe|move: Protect
|
|-weather|none
|upkeep
|turn|6
|
|t:|1785873194
|move|p1b: Raichu|Zap Cannon|p2a: Rotom
|-damage|p2a: Rotom|37/100
|move|p2a: Rotom|Electroweb|p1a: Vanilluxe|[spread] p1a,p1b
|-resisted|p1b: Raichu|1
|-damage|p1a: Vanilluxe|84/100
|-damage|p1b: Raichu|72/100
|-unboost|p1a: Vanilluxe|spe|1
|-unboost|p1b: Raichu|spe|1
|move|p2b: Incineroar|Parting Shot|p1a: Vanilluxe
|-unboost|p1a: Vanilluxe|atk|1
|-unboost|p1a: Vanilluxe|spa|1
|
|t:|1785873201
|switch|p2b: Garchomp|Garchomp, L50, M|100/100|[from] Parting Shot
|move|p1a: Vanilluxe|Freeze-Dry|p2a: Rotom
|-supereffective|p2a: Rotom|1
|-damage|p2a: Rotom|0 fnt
|faint|p2a: Rotom
|
|upkeep
|
|t:|1785873210
|switch|p2a: Floette|Floette-Eternal, L50, F|82/100
|turn|7
|
|t:|1785873227
|switch|p1a: Basculegion|Basculegion, L50, M|100/100
|detailschange|p2a: Floette|Floette-Mega, L50, F
|-mega|p2a: Floette|Floette|Floettite
|-ability|p2a: Floette|Fairy Aura
|move|p1b: Raichu|Protect|p1b: Raichu
|-singleturn|p1b: Raichu|Protect
|move|p2b: Garchomp|Rock Slide|p1a: Basculegion|[spread] p1a
|-activate|p1b: Raichu|move: Protect
|-damage|p1a: Basculegion|66/100
|-damage|p2b: Garchomp|90/100|[from] item: Life Orb
|move|p2a: Floette|Dazzling Gleam|p1a: Basculegion|[spread] p1a
|-activate|p1b: Raichu|move: Protect
|-damage|p1a: Basculegion|13/100
|
|upkeep
|turn|8
|
|t:|1785873256
|switch|p2b: Incineroar|Incineroar, L50, F|71/100
|-ability|p2b: Incineroar|Intimidate|boost
|-unboost|p1a: Basculegion|atk|1
|-unboost|p1b: Raichu|atk|1
|move|p1a: Basculegion|Wave Crash|p2a: Floette
|-damage|p2a: Floette|27/100
|-damage|p1a: Basculegion|0 fnt|[from] Recoil
|faint|p1a: Basculegion
|move|p2a: Floette|Dazzling Gleam|p1b: Raichu
|-damage|p1b: Raichu|0 fnt
|faint|p1b: Raichu
|
|upkeep
|
|t:|1785873268
|switch|p1b: Garchomp|Garchomp, L50, M|84/100 brn
|switch|p1a: Vanilluxe|Vanilluxe, L50, F|84/100
|-weather|Snowscape|[from] ability: Snow Warning|[of] p1a: Vanilluxe
|turn|9
|
|t:|1785873280
|move|p2b: Incineroar|Fake Out|p1a: Vanilluxe
|-damage|p1a: Vanilluxe|75/100
|move|p1b: Garchomp|Stomping Tantrum|p2a: Floette
|-damage|p2a: Floette|1/100
|-damage|p1b: Garchomp|74/100 brn|[from] item: Life Orb
|move|p2a: Floette|Draining Kiss|p1b: Garchomp
|-supereffective|p1b: Garchomp|1
|-damage|p1b: Garchomp|0 fnt
|-heal|p2a: Floette|57/100|[from] drain|[of] p1b: Garchomp
|-damage|p2a: Floette|45/100|[from] ability: Rough Skin|[of] p1b: Garchomp
|faint|p1b: Garchomp
|cant|p1a: Vanilluxe|flinch
|
|-weather|Snowscape|[upkeep]
|upkeep
|turn|10
|-message|dmac55 forfeited.
|
|win|breloomb01
