|j|☆jeff2323
|j|☆CarrettaVGC
|html|jeff2323CarrettaVGC    
|uhtml|bestof|Game 1 of a best-of-3
|t:|1784050899
|gametype|doubles
|player|p1|jeff2323|265|1195
|player|p2|CarrettaVGC|morty|1211
|gen|9
|tier|[Gen 9 Champions] VGC 2026 Reg M-B (Bo3)
|rated|
|rule|Species Clause: Limit one of each Pokémon
|rule|Item Clause: Limit 1 of each item
|clearpoke
|poke|p1|Camerupt, L50, F|
|poke|p1|Rotom-Wash, L50|
|poke|p1|Grimmsnarl, L50, M|
|poke|p1|Sinistcha, L50|
|poke|p1|Staraptor, L50, F|
|poke|p1|Gholdengo, L50|
|poke|p2|Garchomp, L50, M|
|poke|p2|Venusaur, L50, M|
|poke|p2|Incineroar, L50, M|
|poke|p2|Charizard, L50, M|
|poke|p2|Toxapex, L50, F|
|poke|p2|Annihilape, L50, M|
|teampreview|4
|showteam|p1|Camerupt||Cameruptite|SolidRock|Protect,AncientPower,EarthPower,HeatWave|Quiet||F|||50|]Rotom-Wash||ChoiceScarf|Levitate|Trick,WillOWisp,VoltSwitch,HydroPump|Timid|||||50|]Grimmsnarl||LightClay|Prankster|PartingShot,Reflect,LightScreen,FoulPlay|Careful||M|||50|]Sinistcha||SitrusBerry|Hospitality|Protect,TrickRoom,RagePowder,MatchaGotcha|Calm|||||50|]Staraptor||Staraptite|Intimidate|Protect,Roost,BraveBird,CloseCombat|Jolly||F|||50|]Gholdengo||LifeOrb|GoodasGold|Protect,NastyPlot,ShadowBall,MakeItRain|Timid|||||50|
|showteam|p2|Garchomp||ChoiceScarf|RoughSkin|Earthquake,RockSlide,DragonClaw,StompingTantrum|Adamant||M|||50|]Venusaur||LifeOrb|Chlorophyll|SludgeBomb,SolarBeam,EarthPower,Protect|Modest||M|||50|]Incineroar||SitrusBerry|Intimidate|FakeOut,FlareBlitz,ThroatChop,PartingShot|Impish||M|||50|]Charizard||CharizarditeY|Blaze|HeatWave,WeatherBall,Protect,HelpingHand|Modest||M|||50|]Toxapex||Leftovers|Regenerator|Infestation,Toxic,WideGuard,BanefulBunker|Impish||F|||50|]Annihilape||FocusSash|Defiant|CloseCombat,PhantomForce,RockTomb,Protect|Jolly||M|||50|
|inactive|Battle timer is ON: inactive players will automatically lose when time's up. (requested by CarrettaVGC)
|inactive|jeff2323 has 60 seconds left.
|inactive|CarrettaVGC has 60 seconds left.
|inactive|CarrettaVGC has 30 seconds left.
|inactive|CarrettaVGC has 20 seconds left.
|inactive|CarrettaVGC has 15 seconds left.
|
|t:|1784050977
|teamsize|p1|4
|teamsize|p2|4
|start
|switch|p1a: Grimmsnarl|Grimmsnarl, L50, M|100/100
|switch|p1b: Camerupt|Camerupt, L50, F|100/100
|switch|p2a: Annihilape|Annihilape, L50, M|100/100
|switch|p2b: Incineroar|Incineroar, L50, M|100/100
|-ability|p2b: Incineroar|Intimidate|boost
|-unboost|p1a: Grimmsnarl|atk|1
|-unboost|p1b: Camerupt|atk|1
|turn|1
|
|t:|1784050998
|switch|p1b: Rotom|Rotom-Wash, L50|100/100
|move|p2b: Incineroar|Fake Out|p1a: Grimmsnarl
|-damage|p1a: Grimmsnarl|87/100
|cant|p1a: Grimmsnarl|flinch
|move|p2a: Annihilape|Close Combat|p1b: Rotom
|-crit|p1b: Rotom
|-damage|p1b: Rotom|0 fnt
|-unboost|p2a: Annihilape|def|1
|-unboost|p2a: Annihilape|spd|1
|faint|p1b: Rotom
|
|upkeep
|
|t:|1784051011
|switch|p1b: Camerupt|Camerupt, L50, F|100/100
|turn|2
|inactive|CarrettaVGC has 30 seconds left.
|inactive|CarrettaVGC has 20 seconds left.
|inactive|CarrettaVGC has 15 seconds left.
|
|t:|1784051055
|detailschange|p1b: Camerupt|Camerupt-Mega, L50, F
|-mega|p1b: Camerupt|Camerupt|Cameruptite
|move|p1a: Grimmsnarl|Reflect|p1a: Grimmsnarl
|-sidestart|p1: jeff2323|Reflect
|move|p2a: Annihilape|Close Combat|p1a: Grimmsnarl
|-damage|p1a: Grimmsnarl|49/100
|-unboost|p2a: Annihilape|def|1
|-unboost|p2a: Annihilape|spd|1
|move|p2b: Incineroar|Flare Blitz|p1a: Grimmsnarl
|-damage|p1a: Grimmsnarl|15/100
|-damage|p2b: Incineroar|89/100|[from] Recoil
|move|p1b: Camerupt|Earth Power|p2b: Incineroar
|-supereffective|p2b: Incineroar|1
|-crit|p2b: Incineroar
|-damage|p2b: Incineroar|0 fnt
|faint|p2b: Incineroar
|
|upkeep
|
|t:|1784051066
|switch|p2b: Charizard|Charizard, L50, M|100/100
|turn|3
|
|t:|1784051090
|detailschange|p2b: Charizard|Charizard-Mega-Y, L50, M
|-mega|p2b: Charizard|Charizard|Charizardite Y
|-weather|SunnyDay|[from] ability: Drought|[of] p2b: Charizard
|move|p2b: Charizard|Protect|p2b: Charizard
|-singleturn|p2b: Charizard|Protect
|move|p1a: Grimmsnarl|Light Screen|p1a: Grimmsnarl
|-sidestart|p1: jeff2323|move: Light Screen
|move|p2a: Annihilape|Close Combat|p1b: Camerupt
|-damage|p1b: Camerupt|59/100
|-unboost|p2a: Annihilape|def|1
|-unboost|p2a: Annihilape|spd|1
|move|p1b: Camerupt|Ancient Power|p2b: Charizard
|-activate|p2b: Charizard|move: Protect
|
|-weather|SunnyDay|[upkeep]
|upkeep
|turn|4
|
|t:|1784051110
|move|p1a: Grimmsnarl|Parting Shot|p2b: Charizard
|-unboost|p2b: Charizard|atk|1
|-unboost|p2b: Charizard|spa|1
|
|t:|1784051112
|switch|p1a: Sinistcha|Sinistcha, L50|100/100|[from] Parting Shot
|-heal|p1b: Camerupt|84/100|[from] ability: Hospitality|[of] p1a: Sinistcha
|move|p2a: Annihilape|Close Combat|p1b: Camerupt
|-damage|p1b: Camerupt|48/100
|-unboost|p2a: Annihilape|def|1
|-unboost|p2a: Annihilape|spd|1
|move|p2b: Charizard|Heat Wave|p1a: Sinistcha|[spread] p1a,p1b
|-supereffective|p1a: Sinistcha|1
|-resisted|p1b: Camerupt|1
|-damage|p1a: Sinistcha|54/100
|-damage|p1b: Camerupt|37/100
|move|p1b: Camerupt|Ancient Power|p2b: Charizard
|-supereffective|p2b: Charizard|2
|-damage|p2b: Charizard|0 fnt
|faint|p2b: Charizard
|
|-weather|SunnyDay|[upkeep]
|upkeep
|
|t:|1784051123
|switch|p2b: Toxapex|Toxapex, L50, F|100/100
|turn|5
|inactive|jeff2323 has 30 seconds left.
|
|t:|1784051155
|move|p1a: Sinistcha|Rage Powder|p1a: Sinistcha
|-singleturn|p1a: Sinistcha|move: Rage Powder
|move|p2a: Annihilape|Close Combat|p1a: Sinistcha
|-immune|p1a: Sinistcha
|move|p2b: Toxapex|Toxic|p1a: Sinistcha
|-status|p1a: Sinistcha|tox
|move|p1b: Camerupt|Earth Power|p2b: Toxapex
|-supereffective|p2b: Toxapex|1
|-damage|p2b: Toxapex|8/100
|
|-weather|SunnyDay|[upkeep]
|-heal|p2b: Toxapex|14/100|[from] item: Leftovers
|-damage|p1a: Sinistcha|48/100 tox|[from] psn
|upkeep
|-enditem|p1a: Sinistcha|Sitrus Berry|[eat]
|-heal|p1a: Sinistcha|73/100 tox|[from] item: Sitrus Berry
|turn|6
|
|t:|1784051173
|move|p2b: Toxapex|Baneful Bunker|p2b: Toxapex
|-singleturn|p2b: Toxapex|move: Protect
|move|p2a: Annihilape|Phantom Force||[still]
|-prepare|p2a: Annihilape|Phantom Force
|move|p1a: Sinistcha|Matcha Gotcha|p2b: Toxapex|[spread] 
|-miss|p1a: Sinistcha|p2a: Annihilape
|-activate|p2b: Toxapex|move: Protect
|move|p1b: Camerupt|Heat Wave|p2a: Annihilape|[spread] 
|-miss|p1b: Camerupt|p2a: Annihilape
|-activate|p2b: Toxapex|move: Protect
|
|-weather|SunnyDay|[upkeep]
|-heal|p2b: Toxapex|19/100|[from] item: Leftovers
|-damage|p1a: Sinistcha|60/100 tox|[from] psn
|upkeep
|turn|7
|
|t:|1784051185
|switch|p1a: Grimmsnarl|Grimmsnarl, L50, M|15/100
|move|p2b: Toxapex|Baneful Bunker||[still]
|-fail|p2b: Toxapex
|move|p2a: Annihilape|Phantom Force|p1b: Camerupt|[from] lockedmove
|-damage|p1b: Camerupt|9/100
|move|p1b: Camerupt|Heat Wave|p2b: Toxapex|[spread] p2a,p2b
|-resisted|p2b: Toxapex|1
|-enditem|p2a: Annihilape|Focus Sash
|-damage|p2a: Annihilape|1/100
|-damage|p2b: Toxapex|0 fnt
|faint|p2b: Toxapex
|
|-weather|none
|upkeep
|turn|8
|-message|CarrettaVGC forfeited.
|
|win|jeff2323
