|j|☆Oonnayram
|j|☆endK649
|html|OonnayramendK649    
|uhtml|bestof|Game 2 of a best-of-3
|t:|1756945974
|gametype|doubles
|player|p1|Oonnayram|beauty|1045
|player|p2|endK649|gambler|1093
|gen|9
|tier|[Gen 9] VGC 2025 Reg H (Bo3)
|rated|
|rule|Species Clause: Limit one of each Pokémon
|rule|Item Clause: Limit 1 of each item
|clearpoke
|poke|p1|Glaceon, L50, M|
|poke|p1|Ninetales-Alola, L50, M|
|poke|p1|Indeedee-F, L50, F|
|poke|p1|Slowking, L50, F|
|poke|p1|Rillaboom, L50, F|
|poke|p1|Volcarona, L50, M|
|poke|p2|Feraligatr, L50, F|
|poke|p2|Kommo-o, L50, M|
|poke|p2|Politoed, L50, M|
|poke|p2|Rillaboom, L50, F|
|poke|p2|Incineroar, L50, F|
|poke|p2|Electabuzz, L50, F|
|teampreview|4
|showteam|p1|Glaceon||Leftovers|IceBody|CalmMind,Blizzard,Protect,FreezeDry|||M|||50|,,,,,Fairy]Ninetales-Alola||FocusSash|SnowWarning|Blizzard,AuroraVeil,FreezeDry,Protect|||M|||50|,,,,,Ice]Indeedee-F||PsychicSeed|PsychicSurge|FollowMe,HelpingHand,TrickRoom,Psychic|||F|||50|,,,,,Water]Slowking||SafetyGoggles|Oblivious|ChillyReception,ExpandingForce,MuddyWater,TrickRoom|||F|||50|,,,,,Dark]Rillaboom||AssaultVest|GrassySurge|FakeOut,GrassyGlide,WoodHammer,KnockOff|||F|||50|,,,,,Grass]Volcarona||CovertCloak|FlameBody|Protect,QuiverDance,GigaDrain,FieryDance|||M|||50|,,,,,Grass
|showteam|p2|Feraligatr||LifeOrb|SheerForce|Liquidation,Crunch,DragonDance,Protect|||F|||50|,,,,,Dark]Kommo-o||ThroatSpray|Overcoat|ClangingScales,AuraSphere,ClangorousSoul,Protect|||M|||50|,,,,,Fairy]Politoed||SitrusBerry|Drizzle|WeatherBall,IcyWind,Haze,Protect|||M|||50|,,,,,Grass]Rillaboom||AssaultVest|GrassySurge|WoodHammer,GrassyGlide,FakeOut,Uturn|||F|||50|,,,,,Fire]Incineroar||SafetyGoggles|Intimidate|KnockOff,FakeOut,HelpingHand,PartingShot|||F|||50|,,,,,Ghost]Electabuzz||Eviolite|VitalSpirit|Electroweb,Taunt,FollowMe,VoltSwitch|||F|||50|,,,,,Ghost
|inactive|Battle timer is ON: inactive players will automatically lose when time's up. (requested by endK649)
|
|t:|1756945996
|teamsize|p1|4
|teamsize|p2|4
|start
|switch|p1a: Glaceon|Glaceon, L50, M|100/100
|switch|p1b: Indeedee|Indeedee-F, L50, F|100/100
|switch|p2a: Kommo-o|Kommo-o, L50, M|100/100
|switch|p2b: Rillaboom|Rillaboom, L50, F, shiny|100/100
|-fieldstart|move: Grassy Terrain|[from] ability: Grassy Surge|[of] p2b: Rillaboom
|-fieldstart|move: Psychic Terrain|[from] ability: Psychic Surge|[of] p1b: Indeedee
|-enditem|p1b: Indeedee|Psychic Seed
|-boost|p1b: Indeedee|spd|1|[from] item: Psychic Seed
|turn|1
|inactive|Oonnayram has 30 seconds left.
|
|t:|1756946022
|-terastallize|p2a: Kommo-o|Fairy
|-terastallize|p1a: Glaceon|Fairy
|move|p2a: Kommo-o|Clangorous Soul|p2a: Kommo-o
|-boost|p2a: Kommo-o|atk|1
|-boost|p2a: Kommo-o|def|1
|-boost|p2a: Kommo-o|spa|1
|-boost|p2a: Kommo-o|spd|1
|-boost|p2a: Kommo-o|spe|1
|-damage|p2a: Kommo-o|68/100
|-enditem|p2a: Kommo-o|Throat Spray
|-boost|p2a: Kommo-o|spa|1|[from] item: Throat Spray
|move|p2b: Rillaboom|U-turn|p1b: Indeedee
|-supereffective|p1b: Indeedee
|-damage|p1b: Indeedee|43/100
|
|t:|1756946036
|switch|p2b: Electabuzz|Electabuzz, L50, F, shiny|100/100|[from] U-turn
|move|p1a: Glaceon|Calm Mind|p1a: Glaceon
|-boost|p1a: Glaceon|spa|1
|-boost|p1a: Glaceon|spd|1
|move|p1b: Indeedee|Trick Room|p1b: Indeedee
|-fieldstart|move: Trick Room|[of] p1b: Indeedee
|
|upkeep
|turn|2
|
|t:|1756946054
|switch|p1b: Ninetales|Ninetales-Alola, L50, M|100/100
|-weather|Snowscape|[from] ability: Snow Warning|[of] p1b: Ninetales
|move|p2a: Kommo-o|Protect|p2a: Kommo-o
|-singleturn|p2a: Kommo-o|Protect
|move|p1a: Glaceon|Blizzard|p2a: Kommo-o|[spread] p2b
|-activate|p2a: Kommo-o|move: Protect
|-damage|p2b: Electabuzz|40/100
|move|p2b: Electabuzz|Taunt|p1b: Ninetales
|-start|p1b: Ninetales|move: Taunt
|
|-weather|Snowscape|[upkeep]
|upkeep
|turn|3
|
|t:|1756946077
|switch|p2b: Politoed|Politoed, L50, M|100/100
|-weather|RainDance|[from] ability: Drizzle|[of] p2b: Politoed
|switch|p1b: Indeedee|Indeedee-F, L50, F|43/100
|move|p1a: Glaceon|Calm Mind|p1a: Glaceon
|-boost|p1a: Glaceon|spa|1
|-boost|p1a: Glaceon|spd|1
|move|p2a: Kommo-o|Aura Sphere|p1a: Glaceon
|-resisted|p1a: Glaceon
|-damage|p1a: Glaceon|80/100
|
|-weather|RainDance|[upkeep]
|-heal|p1a: Glaceon|85/100|[from] item: Leftovers
|upkeep
|turn|4
|inactive|endK649 has 30 seconds left.
|inactive|Oonnayram has 30 seconds left.
|inactive|endK649 has 20 seconds left.
|inactive|endK649 has 15 seconds left.
|
|t:|1756946118
|move|p1a: Glaceon|Freeze-Dry|p2b: Politoed
|-supereffective|p2b: Politoed
|-damage|p2b: Politoed|0 fnt
|faint|p2b: Politoed
|move|p1b: Indeedee|Psychic|p2a: Kommo-o
|-damage|p2a: Kommo-o|42/100
|move|p2a: Kommo-o|Aura Sphere|p1b: Indeedee
|-damage|p1b: Indeedee|0 fnt
|faint|p1b: Indeedee
|
|-weather|RainDance|[upkeep]
|-heal|p1a: Glaceon|91/100|[from] item: Leftovers
|upkeep
|
|t:|1756946129
|switch|p1b: Ninetales|Ninetales-Alola, L50, M|100/100
|switch|p2b: Rillaboom|Rillaboom, L50, F, shiny|100/100
|-fieldstart|move: Grassy Terrain|[from] ability: Grassy Surge|[of] p2b: Rillaboom
|-weather|Snowscape|[from] ability: Snow Warning|[of] p1b: Ninetales
|turn|5
|
|t:|1756946141
|move|p2a: Kommo-o|Protect|p2a: Kommo-o
|-singleturn|p2a: Kommo-o|Protect
|move|p2b: Rillaboom|Fake Out|p1b: Ninetales
|-crit|p1b: Ninetales
|-damage|p1b: Ninetales|82/100
|move|p1a: Glaceon|Blizzard|p2b: Rillaboom|[spread] p2b
|-activate|p2a: Kommo-o|move: Protect
|-supereffective|p2b: Rillaboom
|-damage|p2b: Rillaboom|0 fnt
|faint|p2b: Rillaboom
|cant|p1b: Ninetales|flinch
|
|-weather|Snowscape|[upkeep]
|-heal|p1a: Glaceon|97/100|[from] ability: Ice Body
|-heal|p1a: Glaceon|100/100|[from] Grassy Terrain
|-heal|p1b: Ninetales|88/100|[from] Grassy Terrain
|-heal|p2a: Kommo-o|48/100|[from] Grassy Terrain
|-fieldend|move: Trick Room
|upkeep
|
|t:|1756946143
|switch|p2b: Electabuzz|Electabuzz, L50, F, shiny|40/100
|turn|6
|
|t:|1756946154
|move|p2a: Kommo-o|Aura Sphere|p1a: Glaceon
|-resisted|p1a: Glaceon
|-crit|p1a: Glaceon
|-damage|p1a: Glaceon|41/100
|move|p1b: Ninetales|Aurora Veil|p1b: Ninetales
|-sidestart|p1: Oonnayram|move: Aurora Veil
|move|p2b: Electabuzz|Electroweb|p1a: Glaceon|[spread] p1a,p1b
|-damage|p1a: Glaceon|36/100
|-damage|p1b: Ninetales|77/100
|-unboost|p1a: Glaceon|spe|1
|-unboost|p1b: Ninetales|spe|1
|move|p1a: Glaceon|Blizzard|p2b: Electabuzz|[spread] p2a,p2b
|-damage|p2a: Kommo-o|0 fnt
|-damage|p2b: Electabuzz|0 fnt
|faint|p2a: Kommo-o
|faint|p2b: Electabuzz
|
|win|Oonnayram
||endK649 is ready for game 3.
|inactive|Oonnayram has 30 seconds to confirm battle start!
||Oonnayram is ready for game 3.
|uhtml|next|Next: Game 3 of 3
|l|☆Oonnayram
|player|p1|
