|j|☆LukarioVGC
|j|☆recantodanumi
|html|LukarioVGCrecantodanumi    
|uhtml|bestof|Game 1 of a best-of-3
|t:|1757859191
|gametype|doubles
|player|p1|LukarioVGC|steven|1106
|player|p2|recantodanumi|roxie|1076
|gen|9
|tier|[Gen 9] VGC 2025 Reg H (Bo3)
|rated|
|rule|Species Clause: Limit one of each Pokémon
|rule|Item Clause: Limit 1 of each item
|clearpoke
|poke|p1|Sneasler, L50, M|
|poke|p1|Kingambit, L50, M|
|poke|p1|Rillaboom, L50, M|
|poke|p1|Dragonite, L50, M|
|poke|p1|Volcarona, L50, M|
|poke|p1|Electabuzz, L50, M|
|poke|p2|Sneasler, L50, F|
|poke|p2|Ursaluna-Bloodmoon, L50, M|
|poke|p2|Rillaboom, L50, F|
|poke|p2|Gholdengo, L50|
|poke|p2|Porygon2, L50|
|poke|p2|Dragonite, L50, M|
|teampreview|4
|showteam|p1|Sneasler||FocusSash|Unburden|DireClaw,CloseCombat,Coaching,FakeOut|||M|||50|,,,,,Stellar]Kingambit||BlackGlasses|Defiant|KowtowCleave,SwordsDance,SuckerPunch,Protect|||M|||50|,,,,,Dark]Rillaboom||AssaultVest|GrassySurge|FakeOut,WoodHammer,GrassyGlide,HighHorsepower|||M|||50|,,,,,Fire]Dragonite||LoadedDice|Multiscale|ScaleShot,ExtremeSpeed,Haze,Protect|||M|||50|,,,,,Fairy]Volcarona||CovertCloak|FlameBody|HeatWave,TeraBlast,QuiverDance,Protect|||M|||50|,,,,,Fairy]Electabuzz||Eviolite|VitalSpirit|Electroweb,FollowMe,Taunt,Protect|||M|||50|,,,,,Ghost
|showteam|p2|Sneasler||FocusSash|Unburden|CloseCombat,DireClaw,FakeOut,Protect|||F|||50|,,,,,Grass]Ursaluna-Bloodmoon||LifeOrb|MindsEye|HyperVoice,EarthPower,BloodMoon,Protect|||M|||50|,,,,,Ghost]Rillaboom||AssaultVest|GrassySurge|WoodHammer,GrassyGlide,FakeOut,HighHorsepower|||F|||50|,,,,,Fire]Gholdengo||Leftovers|GoodasGold|MakeItRain,ShadowBall,NastyPlot,Protect||||||50|,,,,,Water]Porygon2||Eviolite|Download|TeraBlast,IceBeam,Recover,TrickRoom||||||50|,,,,,Ground]Dragonite||LoadedDice|Multiscale|ScaleShot,Protect,Tailwind,StompingTantrum|||M|||50|,,,,,Steel
|inactive|Battle timer is ON: inactive players will automatically lose when time's up. (requested by recantodanumi)
|inactive|LukarioVGC has 60 seconds left.
|inactive|recantodanumi has 60 seconds left.
|inactive|LukarioVGC has 30 seconds left.
|inactive|LukarioVGC has 20 seconds left.
|inactive|LukarioVGC has 15 seconds left.
|
|t:|1757859271
|teamsize|p1|4
|teamsize|p2|4
|start
|switch|p1a: Dragonite|Dragonite, L50, M|100/100
|switch|p1b: Sneasler|Sneasler, L50, M|100/100
|switch|p2a: Megan't|Dragonite, L50, M|100/100
|switch|p2b: LetsGoGamblin|Sneasler, L50, F|100/100
|turn|1
|inactive|LukarioVGC has 30 seconds left.
|
|t:|1757859305
|switch|p1b: Kingambit|Kingambit, L50, M, shiny|100/100
|move|p2b: LetsGoGamblin|Protect|p2b: LetsGoGamblin
|-singleturn|p2b: LetsGoGamblin|Protect
|move|p2a: Megan't|Protect|p2a: Megan't
|-singleturn|p2a: Megan't|Protect
|move|p1a: Dragonite|Scale Shot|p2a: Megan't
|-activate|p2a: Megan't|move: Protect
|
|upkeep
|turn|2
|inactive|LukarioVGC has 30 seconds left.
|inactive|LukarioVGC has 20 seconds left.
|
|t:|1757859344
|-terastallize|p1a: Dragonite|Fairy
|move|p1b: Kingambit|Protect|p1b: Kingambit
|-singleturn|p1b: Kingambit|Protect
|move|p2b: LetsGoGamblin|Close Combat|p1b: Kingambit
|-activate|p1b: Kingambit|move: Protect
|move|p1a: Dragonite|Scale Shot|p2b: LetsGoGamblin
|-damage|p2b: LetsGoGamblin|75/100
|-damage|p2b: LetsGoGamblin|52/100
|-damage|p2b: LetsGoGamblin|26/100
|-damage|p2b: LetsGoGamblin|1/100
|-damage|p2b: LetsGoGamblin|0 fnt
|faint|p2b: LetsGoGamblin
|-hitcount|p2: LetsGoGamblin|5
|-unboost|p1a: Dragonite|def|1
|-boost|p1a: Dragonite|spe|1
|move|p2a: Megan't|Tailwind|p2a: Megan't
|-sidestart|p2: recantodanumi|move: Tailwind
|
|upkeep
|
|t:|1757859360
|switch|p2b: Freddy5Bear|Ursaluna-Bloodmoon, L50, M|100/100
|turn|3
|
|t:|1757859373
|switch|p1b: Rillaboom|Rillaboom, L50, M|100/100
|-fieldstart|move: Grassy Terrain|[from] ability: Grassy Surge|[of] p1b: Rillaboom
|-terastallize|p2a: Megan't|Steel
|move|p1a: Dragonite|Protect|p1a: Dragonite
|-singleturn|p1a: Dragonite|Protect
|move|p2a: Megan't|Scale Shot|p1b: Rillaboom
|-damage|p1b: Rillaboom|87/100
|-damage|p1b: Rillaboom|74/100
|-damage|p1b: Rillaboom|61/100
|-damage|p1b: Rillaboom|48/100
|-damage|p1b: Rillaboom|36/100
|-hitcount|p1b: Rillaboom|5
|-unboost|p2a: Megan't|def|1
|-boost|p2a: Megan't|spe|1
|move|p2b: Freddy5Bear|Earth Power|p1b: Rillaboom
|-resisted|p1b: Rillaboom
|-damage|p1b: Rillaboom|11/100
|-damage|p2b: Freddy5Bear|91/100|[from] item: Life Orb
|
|-heal|p2b: Freddy5Bear|97/100|[from] Grassy Terrain
|-heal|p1b: Rillaboom|17/100|[from] Grassy Terrain
|upkeep
|turn|4
|inactive|LukarioVGC has 30 seconds left.
|
|t:|1757859404
|move|p1b: Rillaboom|Fake Out|p2a: Megan't
|-resisted|p2a: Megan't
|-damage|p2a: Megan't|95/100
|cant|p2a: Megan't|flinch
|move|p1a: Dragonite|Scale Shot|p2b: Freddy5Bear
|-damage|p2b: Freddy5Bear|87/100
|-damage|p2b: Freddy5Bear|77/100
|-damage|p2b: Freddy5Bear|67/100
|-damage|p2b: Freddy5Bear|56/100
|-damage|p2b: Freddy5Bear|45/100
|-hitcount|p2b: Freddy5Bear|5
|-unboost|p1a: Dragonite|def|1
|-boost|p1a: Dragonite|spe|1
|move|p2b: Freddy5Bear|Blood Moon|p1a: Dragonite
|-damage|p1a: Dragonite|40/100
|-damage|p2b: Freddy5Bear|36/100|[from] item: Life Orb
|
|-heal|p2a: Megan't|100/100|[from] Grassy Terrain
|-heal|p1a: Dragonite|46/100|[from] Grassy Terrain
|-heal|p2b: Freddy5Bear|42/100|[from] Grassy Terrain
|-heal|p1b: Rillaboom|23/100|[from] Grassy Terrain
|upkeep
|turn|5
|inactive|recantodanumi has 30 seconds left.
|
|t:|1757859434
|switch|p2b: Jesonel|Porygon2, L50|100/100
|-ability|p2b: Jesonel|Download|boost
|-boost|p2b: Jesonel|atk|1
|switch|p1b: Kingambit|Kingambit, L50, M, shiny|100/100
|move|p2a: Megan't|Stomping Tantrum|p1a: Dragonite
|-damage|p1a: Dragonite|0 fnt
|faint|p1a: Dragonite
|
|-sideend|p2: recantodanumi|move: Tailwind
|upkeep
|
|t:|1757859457
|switch|p1a: Rillaboom|Rillaboom, L50, M|23/100
|turn|6
|
|t:|1757859465
|move|p1a: Rillaboom|Fake Out|p2b: Jesonel
|-damage|p2b: Jesonel|93/100
|move|p2a: Megan't|Stomping Tantrum|p1b: Kingambit
|-supereffective|p1b: Kingambit
|-damage|p1b: Kingambit|57/100
|move|p1b: Kingambit|Swords Dance|p1b: Kingambit
|-boost|p1b: Kingambit|atk|2
|cant|p2b: Jesonel|flinch
|
|-heal|p1a: Rillaboom|29/100|[from] Grassy Terrain
|-heal|p1b: Kingambit|63/100|[from] Grassy Terrain
|-heal|p2b: Jesonel|99/100|[from] Grassy Terrain
|upkeep
|turn|7
|
|t:|1757859481
|move|p1a: Rillaboom|Grassy Glide|p2a: Megan't
|-resisted|p2a: Megan't
|-damage|p2a: Megan't|85/100
|move|p1b: Kingambit|Sucker Punch||[still]
|-fail|p1b: Kingambit
|move|p2a: Megan't|Tailwind|p2a: Megan't
|-sidestart|p2: recantodanumi|move: Tailwind
|move|p2b: Jesonel|Ice Beam|p1a: Rillaboom
|-supereffective|p1a: Rillaboom
|-damage|p1a: Rillaboom|0 fnt
|faint|p1a: Rillaboom
|
|-heal|p2a: Megan't|91/100|[from] Grassy Terrain
|-heal|p2b: Jesonel|100/100|[from] Grassy Terrain
|-heal|p1b: Kingambit|69/100|[from] Grassy Terrain
|-fieldend|move: Grassy Terrain
|upkeep
|
|t:|1757859494
|switch|p1a: Sneasler|Sneasler, L50, M|100/100
|turn|8
|
|t:|1757859500
|move|p2a: Megan't|Protect|p2a: Megan't
|-singleturn|p2a: Megan't|Protect
|move|p1a: Sneasler|Fake Out|p2b: Jesonel
|-damage|p2b: Jesonel|93/100
|move|p1b: Kingambit|Sucker Punch||[still]
|-fail|p1b: Kingambit
|cant|p2b: Jesonel|flinch
|
|upkeep
|turn|9
|
|t:|1757859521
|switch|p2a: Freddy5Bear|Ursaluna-Bloodmoon, L50, M|42/100
|move|p1b: Kingambit|Sucker Punch||[still]
|-fail|p1b: Kingambit
|move|p1a: Sneasler|Dire Claw|p2b: Jesonel
|-damage|p2b: Jesonel|72/100
|move|p2b: Jesonel|Tera Blast|p1a: Sneasler
|-damage|p1a: Sneasler|59/100
|
|upkeep
|turn|10
|inactive|LukarioVGC has 30 seconds left.
|
|t:|1757859547
|move|p1a: Sneasler|Close Combat|p2b: Jesonel
|-supereffective|p2b: Jesonel
|-damage|p2b: Jesonel|8/100
|-unboost|p1a: Sneasler|def|1
|-unboost|p1a: Sneasler|spd|1
|move|p2a: Freddy5Bear|Hyper Voice|p1a: Sneasler|[spread] p1a,p1b
|-resisted|p1b: Kingambit
|-damage|p1a: Sneasler|0 fnt
|-damage|p1b: Kingambit|44/100
|faint|p1a: Sneasler
|-damage|p2a: Freddy5Bear|33/100|[from] item: Life Orb
|move|p2b: Jesonel|Tera Blast|p1b: Kingambit
|-resisted|p1b: Kingambit
|-damage|p1b: Kingambit|27/100
|move|p1b: Kingambit|Kowtow Cleave|p2b: Jesonel
|-damage|p2b: Jesonel|0 fnt
|faint|p2b: Jesonel
|
|-sideend|p2: recantodanumi|move: Tailwind
|upkeep
|
|t:|1757859563
|switch|p2b: Megan't|Dragonite, L50, M, tera:Steel|91/100
|turn|11
|
|t:|1757859570
|move|p2b: Megan't|Protect|p2b: Megan't
|-singleturn|p2b: Megan't|Protect
|move|p1b: Kingambit|Protect|p1b: Kingambit
|-singleturn|p1b: Kingambit|Protect
|move|p2a: Freddy5Bear|Protect||[still]
|-fail|p2a: Freddy5Bear
|
|upkeep
|turn|12
|
|t:|1757859577
|move|p1b: Kingambit|Sucker Punch|p2a: Freddy5Bear
|-damage|p2a: Freddy5Bear|0 fnt
|faint|p2a: Freddy5Bear
|move|p2b: Megan't|Stomping Tantrum|p1b: Kingambit
|-supereffective|p1b: Kingambit
|-damage|p1b: Kingambit|0 fnt
|faint|p1b: Kingambit
|
|win|recantodanumi
||LukarioVGC is ready for game 2.
||recantodanumi is ready for game 2.
|uhtml|next|Next: Game 2 of 3
|l|☆LukarioVGC
|player|p1|
