|j|‽johnnyboythegreat
|j|☆0oBRUNCHo0
|html|johnnyboythegreat0oBRUNCHo0    
|uhtml|bestof|Game 1 of a best-of-3
|t:|1785242365
|gametype|doubles
|player|p1|johnnyboythegreat|veteran|1098
|player|p2|0oBRUNCHo0|ethan|1040
|gen|9
|tier|[Gen 9 Champions] VGC 2026 Reg M-B (Bo3)
|rated|
|rule|Species Clause: Limit one of each Pokémon
|rule|Item Clause: Limit 1 of each item
|clearpoke
|poke|p1|Raichu, L50, M, shiny|
|poke|p1|Dragonite, L50, F|
|poke|p1|Incineroar, L50, M|
|poke|p1|Grimmsnarl, L50, M, shiny|
|poke|p1|Primarina, L50, F, shiny|
|poke|p1|Gholdengo, L50|
|poke|p2|Aerodactyl, L50, F|
|poke|p2|Aggron, L50, M, shiny|
|poke|p2|Kingambit, L50, M|
|poke|p2|Sneasler, L50, F|
|poke|p2|Sinistcha-Masterpiece, L50|
|poke|p2|Incineroar, L50, F|
|teampreview|4
|showteam|p1|Raichu||RaichuniteY|LightningRod|ZapCannon,Protect,FocusBlast,AlluringVoice|Timid||M|||50|]Dragonite||DragonFang|Multiscale|DragonClaw,ExtremeSpeed,Protect,Tailwind|Adamant||F|||50|]Incineroar||SitrusBerry|Intimidate|FakeOut,PartingShot,FlareBlitz,ThroatChop|Adamant||M|||50|]Grimmsnarl||LightClay|Prankster|Reflect,LightScreen,SpiritBreak,FoulPlay|Impish||M|||50|]Primarina||MysticWater|LiquidVoice|HyperVoice,Protect,Moonblast,EnergyBall|Modest||F|||50|]Gholdengo||MetalCoat|GoodasGold|MakeItRain,NastyPlot,Protect,ShadowBall|Modest|||||50|
|showteam|p2|Aerodactyl||Aerodactylite|Unnerve|RockSlide,AerialAce,IceFang,Tailwind|Jolly||F|||50|]Aggron||Aggronite|Sturdy|BodyPress,HeavySlam,IronDefense,Protect|Sassy||M|||50|]Kingambit||LifeOrb|Defiant|KowtowCleave,SuckerPunch,SwordsDance,Protect|Adamant||M|||50|]Sneasler||FocusSash|PoisonTouch|CloseCombat,PoisonJab,FakeOut,Protect|Jolly||F|||50|]Sinistcha-Masterpiece||ColburBerry|Hospitality|MatchaGotcha,RagePowder,LifeDew,TrickRoom|Calm|||||50|]Incineroar||SitrusBerry|Intimidate|FakeOut,FlareBlitz,ThroatChop,PartingShot|Impish||F|||50|
|inactive|Battle timer is ON: inactive players will automatically lose when time's up. (requested by johnnyboythegreat)
|
|t:|1785242388
|teamsize|p1|4
|teamsize|p2|4
|start
|switch|p1a: Primarina|Primarina, L50, F, shiny|100/100
|switch|p1b: Raichu|Raichu, L50, M, shiny|100/100
|switch|p2a: Aerodactyl|Aerodactyl, L50, F|100/100
|switch|p2b: Sneasler|Sneasler, L50, F|100/100
|-ability|p2a: Aerodactyl|Unnerve
|turn|1
|inactive|0oBRUNCHo0 has 30 seconds left.
|
|t:|1785242416
|detailschange|p2a: Aerodactyl|Aerodactyl-Mega, L50, F
|-mega|p2a: Aerodactyl|Aerodactyl|Aerodactylite
|detailschange|p1b: Raichu|Raichu-Mega-Y, L50, M, shiny
|-mega|p1b: Raichu|Raichu|Raichunite Y
|move|p1a: Primarina|Protect|p1a: Primarina
|-singleturn|p1a: Primarina|Protect
|move|p2b: Sneasler|Fake Out|p1b: Raichu
|-damage|p1b: Raichu|72/100
|move|p2a: Aerodactyl|Rock Slide|p1b: Raichu|[spread] p1b
|-activate|p1a: Primarina|move: Protect
|-damage|p1b: Raichu|21/100
|cant|p1b: Raichu|flinch
|
|upkeep
|turn|2
|
|t:|1785242436
|switch|p1a: Incineroar|Incineroar, L50, M|100/100
|-ability|p1a: Incineroar|Intimidate|boost
|-unboost|p2a: Aerodactyl|atk|1
|-unboost|p2b: Sneasler|atk|1
|move|p2a: Aerodactyl|Rock Slide|p1b: Raichu|[spread] p1a,p1b
|-supereffective|p1a: Incineroar|1
|-damage|p1a: Incineroar|67/100
|-damage|p1b: Raichu|0 fnt
|faint|p1b: Raichu
|move|p2b: Sneasler|Poison Jab|p1a: Incineroar
|-damage|p1a: Incineroar|40/100
|-status|p1a: Incineroar|psn|[from] ability: Poison Touch|[of] p2b: Sneasler
|-enditem|p1a: Incineroar|Sitrus Berry|[eat]
|-heal|p1a: Incineroar|65/100 psn|[from] item: Sitrus Berry
|
|-damage|p1a: Incineroar|52/100 psn|[from] psn
|upkeep
|
|t:|1785242451
|switch|p1b: Primarina|Primarina, L50, F, shiny|100/100
|turn|3
|
|t:|1785242459
|move|p2a: Aerodactyl|Rock Slide|p1b: Primarina|[spread] p1a,p1b
|-supereffective|p1a: Incineroar|1
|-damage|p1a: Incineroar|17/100 psn
|-damage|p1b: Primarina|80/100
|move|p2b: Sneasler|Poison Jab|p1b: Primarina
|-supereffective|p1b: Primarina|1
|-damage|p1b: Primarina|18/100
|-status|p1b: Primarina|psn|[from] ability: Poison Touch|[of] p2b: Sneasler
|cant|p1b: Primarina|flinch
|move|p1a: Incineroar|Flare Blitz|p2b: Sneasler
|-enditem|p2b: Sneasler|Focus Sash
|-damage|p2b: Sneasler|1/100
|-damage|p1a: Incineroar|0 fnt|[from] Recoil
|faint|p1a: Incineroar
|
|-damage|p1b: Primarina|6/100 psn|[from] psn
|upkeep
|
|t:|1785242475
|switch|p1a: Dragonite|Dragonite, L50, F|100/100
|turn|4
|
|t:|1785242496
|move|p1b: Primarina|Protect|p1b: Primarina
|-singleturn|p1b: Primarina|Protect
|move|p2a: Aerodactyl|Ice Fang|p1a: Dragonite
|-supereffective|p1a: Dragonite|2
|-damage|p1a: Dragonite|60/100
|-status|p1a: Dragonite|frz
|move|p2b: Sneasler|Poison Jab|p1b: Primarina
|-activate|p1b: Primarina|move: Protect
|cant|p1a: Dragonite|frz
|
|-damage|p1b: Primarina|0 fnt|[from] psn
|faint|p1b: Primarina
|upkeep
|turn|5
|
|t:|1785242514
|move|p2a: Aerodactyl|Rock Slide|p1a: Dragonite
|-supereffective|p1a: Dragonite|1
|-damage|p1a: Dragonite|6/100 frz
|move|p2b: Sneasler|Poison Jab|p1a: Dragonite
|-damage|p1a: Dragonite|0 fnt
|faint|p1a: Dragonite
|
|win|0oBRUNCHo0
||johnnyboythegreat is ready for game 2.
||0oBRUNCHo0 is ready for game 2.
|uhtml|next|Next: Game 2 of 3
|l|‽johnnyboythegreat
|player|p1|
