|j|☆akasia
|j|☆Akalaman
|html|akasiaAkalaman    
|uhtml|bestof|Game 2 of a best-of-3
|t:|1783974673
|gametype|doubles
|player|p1|akasia|265|1173
|player|p2|Akalaman|266|1149
|gen|9
|tier|[Gen 9 Champions] VGC 2026 Reg M-B (Bo3)
|rated|
|rule|Species Clause: Limit one of each Pokémon
|rule|Item Clause: Limit 1 of each item
|clearpoke
|poke|p1|Swampert, L50, F|
|poke|p1|Pelipper, L50, F|
|poke|p1|Sinistcha, L50|
|poke|p1|Archaludon, L50, F|
|poke|p1|Grimmsnarl, L50, M|
|poke|p1|Metagross, L50|
|poke|p2|Talonflame, L50, M|
|poke|p2|Garchomp, L50, F|
|poke|p2|Raichu, L50, M|
|poke|p2|Sinistcha, L50|
|poke|p2|Floette-Eternal, L50, F|
|poke|p2|Tsareena, L50, F|
|teampreview|4
|showteam|p1|Swampert||Swampertite|Torrent|Protect,Earthquake,WaveCrash,IcePunch|Adamant||F|||50|]Pelipper||FocusSash|Drizzle|Protect,WeatherBall,Hurricane,Tailwind|Modest||F|||50|]Sinistcha||CobaBerry|Hospitality|Protect,MatchaGotcha,RagePowder,TrickRoom|Bold|||||50|]Archaludon||Leftovers|Stamina|Protect,FlashCannon,ElectroShot,DragonPulse|Modest||F|||50|]Grimmsnarl||LightClay|Prankster|FoulPlay,Reflect,LightScreen,PartingShot|Careful||M|||50|]Metagross||Metagrossite|ClearBody|Protect,BodyPress,PsychicFangs,IronHead|Adamant|||||50|
|showteam|p2|Talonflame||SharpBeak|GaleWings|BraveBird,FlareBlitz,Tailwind,Protect|Jolly||M|||50|]Garchomp||ChoiceScarf|RoughSkin|StompingTantrum,RockTomb,RockSlide,DragonClaw|Adamant||F|||50|]Raichu||RaichuniteY|LightningRod|FakeOut,ZapCannon,FocusBlast,Protect|Timid||M|||50|]Sinistcha||SitrusBerry|Hospitality|MatchaGotcha,LifeDew,Protect,RagePowder|Calm|||||50|]Floette-Eternal||Floettite|FlowerVeil|Moonblast,DazzlingGleam,Protect,CalmMind|Modest||F|||50|]Tsareena||WideLens|QueenlyMajesty|TripleAxel,PowerWhip,Protect,LowKick|Adamant||F|||50|
|inactive|Battle timer is ON: inactive players will automatically lose when time's up. (requested by Akalaman)
|
|t:|1783974707
|teamsize|p1|4
|teamsize|p2|4
|start
|switch|p1a: Pelipper|Pelipper, L50, F|100/100
|switch|p1b: Metagross|Metagross, L50|100/100
|switch|p2a: Raichu|Raichu, L50, M|100/100
|switch|p2b: Garchomp|Garchomp, L50, F|100/100
|-weather|RainDance|[from] ability: Drizzle|[of] p1a: Pelipper
|turn|1
|
|t:|1783974726
|detailschange|p2a: Raichu|Raichu-Mega-Y, L50, M
|-mega|p2a: Raichu|Raichu|Raichunite Y
|detailschange|p1b: Metagross|Metagross-Mega, L50
|-mega|p1b: Metagross|Metagross|Metagrossite
|move|p1a: Pelipper|Protect|p1a: Pelipper
|-singleturn|p1a: Pelipper|Protect
|move|p2a: Raichu|Fake Out|p1a: Pelipper
|-activate|p1a: Pelipper|move: Protect
|move|p2b: Garchomp|Stomping Tantrum|p1b: Metagross
|-supereffective|p1b: Metagross|1
|-damage|p1b: Metagross|39/100
|move|p1b: Metagross|Psychic Fangs|p2a: Raichu
|-damage|p2a: Raichu|0 fnt
|faint|p2a: Raichu
|
|-weather|RainDance|[upkeep]
|upkeep
|
|t:|1783974737
|switch|p2a: Tsareena|Tsareena, L50, F|100/100
|turn|2
|
|t:|1783974748
|move|p1b: Metagross|Protect|p1b: Metagross
|-singleturn|p1b: Metagross|Protect
|move|p2b: Garchomp|Stomping Tantrum|p1b: Metagross
|-activate|p1b: Metagross|move: Protect
|move|p1a: Pelipper|Tailwind|p1a: Pelipper
|-sidestart|p1: akasia|move: Tailwind
|move|p2a: Tsareena|Power Whip|p1a: Pelipper
|-damage|p1a: Pelipper|10/100
|
|-weather|RainDance|[upkeep]
|upkeep
|turn|3
|
|t:|1783974764
|switch|p1a: Sinistcha|Sinistcha, L50|100/100
|-heal|p1b: Metagross|63/100|[from] ability: Hospitality|[of] p1a: Sinistcha
|move|p1b: Metagross|Psychic Fangs|p2a: Tsareena
|-damage|p2a: Tsareena|19/100
|move|p2b: Garchomp|Stomping Tantrum|p1b: Metagross
|-supereffective|p1b: Metagross|1
|-damage|p1b: Metagross|9/100
|move|p2a: Tsareena|Power Whip|p1a: Sinistcha|[miss]
|-miss|p2a: Tsareena|p1a: Sinistcha
|
|-weather|RainDance|[upkeep]
|upkeep
|turn|4
|
|t:|1783974779
|switch|p2b: Sinistcha|Sinistcha, L50|100/100
|-heal|p2a: Tsareena|44/100|[from] ability: Hospitality|[of] p2b: Sinistcha
|move|p2a: Tsareena|Protect|p2a: Tsareena
|-singleturn|p2a: Tsareena|Protect
|move|p1a: Sinistcha|Rage Powder|p1a: Sinistcha
|-singleturn|p1a: Sinistcha|move: Rage Powder
|move|p1b: Metagross|Psychic Fangs|p2a: Tsareena
|-activate|p2a: Tsareena|move: Protect
|
|-weather|RainDance|[upkeep]
|upkeep
|turn|5
|
|t:|1783974791
|move|p1a: Sinistcha|Rage Powder|p1a: Sinistcha
|-singleturn|p1a: Sinistcha|move: Rage Powder
|move|p2b: Sinistcha|Rage Powder|p2b: Sinistcha
|-singleturn|p2b: Sinistcha|move: Rage Powder
|move|p1b: Metagross|Psychic Fangs|p2b: Sinistcha
|-damage|p2b: Sinistcha|41/100
|-enditem|p2b: Sinistcha|Sitrus Berry|[eat]
|-heal|p2b: Sinistcha|65/100|[from] item: Sitrus Berry
|move|p2a: Tsareena|Low Kick|p1b: Metagross
|-damage|p1b: Metagross|0 fnt
|faint|p1b: Metagross
|
|-weather|none
|-sideend|p1: akasia|move: Tailwind
|upkeep
|
|t:|1783974811
|switch|p1b: Pelipper|Pelipper, L50, F|10/100
|-weather|RainDance|[from] ability: Drizzle|[of] p1b: Pelipper
|turn|6
|
|t:|1783974826
|switch|p1b: Archaludon|Archaludon, L50, F|100/100
|move|p2a: Tsareena|Triple Axel|p1b: Archaludon
|-damage|p1b: Archaludon|93/100
|-ability|p1b: Archaludon|Stamina|boost
|-boost|p1b: Archaludon|def|1
|-damage|p1b: Archaludon|86/100
|-ability|p1b: Archaludon|Stamina|boost
|-boost|p1b: Archaludon|def|1
|-damage|p1b: Archaludon|78/100
|-ability|p1b: Archaludon|Stamina|boost
|-boost|p1b: Archaludon|def|1
|-hitcount|p1b: Archaludon|3
|move|p1a: Sinistcha|Matcha Gotcha|p2a: Tsareena|[spread] p2b
|-miss|p1a: Sinistcha|p2a: Tsareena
|-resisted|p2b: Sinistcha|1
|-damage|p2b: Sinistcha|53/100
|move|p2b: Sinistcha|Life Dew|p2b: Sinistcha|[spread] p2a,p2b
|-heal|p2a: Tsareena|69/100
|-heal|p2b: Sinistcha|79/100
|
|-weather|RainDance|[upkeep]
|-heal|p1b: Archaludon|84/100|[from] item: Leftovers
|upkeep
|turn|7
|
|t:|1783974848
|move|p1b: Archaludon|Electro Shot||[still]
|-prepare|p1b: Archaludon|Electro Shot
|-boost|p1b: Archaludon|spa|1
|-anim|p1b: Archaludon|Electro Shot|p2a: Tsareena
|-resisted|p2a: Tsareena|1
|-damage|p2a: Tsareena|32/100
|move|p2a: Tsareena|Low Kick|p1b: Archaludon
|-supereffective|p1b: Archaludon|1
|-damage|p1b: Archaludon|67/100
|-ability|p1b: Archaludon|Stamina|boost
|-boost|p1b: Archaludon|def|1
|move|p1a: Sinistcha|Matcha Gotcha|p2b: Sinistcha|[spread] p2a,p2b
|-resisted|p2a: Tsareena|1
|-resisted|p2b: Sinistcha|1
|-damage|p2a: Tsareena|18/100
|-damage|p2b: Sinistcha|67/100
|move|p2b: Sinistcha|Matcha Gotcha|p1a: Sinistcha|[spread] p1a,p1b
|-resisted|p1a: Sinistcha|1
|-resisted|p1b: Archaludon|2
|-damage|p1a: Sinistcha|84/100
|-heal|p2b: Sinistcha|75/100|[from] drain|[of] p1a: Sinistcha
|-damage|p1b: Archaludon|61/100
|-heal|p2b: Sinistcha|78/100|[from] drain|[of] p1b: Archaludon
|-status|p1b: Archaludon|brn
|-ability|p1b: Archaludon|Stamina|boost
|-boost|p1b: Archaludon|def|1
|
|-weather|RainDance|[upkeep]
|-heal|p1b: Archaludon|67/100 brn|[from] item: Leftovers
|-damage|p1b: Archaludon|61/100 brn|[from] brn
|upkeep
|turn|8
|
|t:|1783974857
|move|p2a: Tsareena|Protect|p2a: Tsareena
|-singleturn|p2a: Tsareena|Protect
|move|p1b: Archaludon|Electro Shot||[still]
|-prepare|p1b: Archaludon|Electro Shot
|-boost|p1b: Archaludon|spa|1
|-anim|p1b: Archaludon|Electro Shot|p2b: Sinistcha
|-resisted|p2b: Sinistcha|1
|-damage|p2b: Sinistcha|44/100
|move|p1a: Sinistcha|Matcha Gotcha|p2b: Sinistcha|[spread] p2b
|-activate|p2a: Tsareena|move: Protect
|-resisted|p2b: Sinistcha|1
|-damage|p2b: Sinistcha|32/100
|-heal|p1a: Sinistcha|91/100|[from] drain|[of] p2b: Sinistcha
|move|p2b: Sinistcha|Matcha Gotcha|p1b: Archaludon|[spread] p1a,p1b
|-resisted|p1a: Sinistcha|1
|-resisted|p1b: Archaludon|2
|-damage|p1a: Sinistcha|77/100
|-heal|p2b: Sinistcha|39/100|[from] drain|[of] p1a: Sinistcha
|-damage|p1b: Archaludon|55/100 brn
|-heal|p2b: Sinistcha|42/100|[from] drain|[of] p1b: Archaludon
|-status|p1a: Sinistcha|brn
|-ability|p1b: Archaludon|Stamina|boost
|-boost|p1b: Archaludon|def|1
|
|-weather|RainDance|[upkeep]
|-heal|p1b: Archaludon|61/100 brn|[from] item: Leftovers
|-damage|p1b: Archaludon|55/100 brn|[from] brn
|-damage|p1a: Sinistcha|71/100 brn|[from] brn
|upkeep
|turn|9
|
|t:|1783974874
|move|p1b: Archaludon|Dragon Pulse|p2a: Tsareena
|-damage|p2a: Tsareena|0 fnt
|faint|p2a: Tsareena
|move|p2b: Sinistcha|Life Dew|p2b: Sinistcha
|-heal|p2b: Sinistcha|67/100
|move|p1a: Sinistcha|Matcha Gotcha|p2b: Sinistcha
|-resisted|p2b: Sinistcha|1
|-damage|p2b: Sinistcha|52/100
|-heal|p1a: Sinistcha|79/100 brn|[from] drain|[of] p2b: Sinistcha
|
|-weather|RainDance|[upkeep]
|-heal|p1b: Archaludon|61/100 brn|[from] item: Leftovers
|-damage|p1b: Archaludon|55/100 brn|[from] brn
|-damage|p1a: Sinistcha|73/100 brn|[from] brn
|upkeep
|
|t:|1783974876
|switch|p2a: Garchomp|Garchomp, L50, F|100/100
|turn|10
|
|t:|1783974892
|move|p2b: Sinistcha|Rage Powder|p2b: Sinistcha
|-singleturn|p2b: Sinistcha|move: Rage Powder
|move|p2a: Garchomp|Dragon Claw|p1b: Archaludon
|-damage|p1b: Archaludon|46/100 brn
|move|p1b: Archaludon|Dragon Pulse|p2b: Sinistcha
|-damage|p2b: Sinistcha|0 fnt
|faint|p2b: Sinistcha
|move|p1a: Sinistcha|Matcha Gotcha|p2a: Garchomp|[miss]
|-miss|p1a: Sinistcha|p2a: Garchomp
|
|-weather|none
|-heal|p1b: Archaludon|52/100 brn|[from] item: Leftovers
|-damage|p1b: Archaludon|46/100 brn|[from] brn
|-damage|p1a: Sinistcha|66/100 brn|[from] brn
|upkeep
|turn|11
|-message|Akalaman forfeited.
|
|win|akasia
||Akalaman is ready for game 3.
||akasia is ready for game 3.
|uhtml|next|Next: Game 3 of 3
