|j|☆maggio3003
|j|☆MinasDevilCrobats
|html|maggio3003MinasDevilCrobats    
|uhtml|bestof|Game 1 of a best-of-3
|t:|1756203970
|gametype|doubles
|player|p1|maggio3003|1|1072
|player|p2|MinasDevilCrobats|darach-caitlin|1175
|gen|9
|tier|[Gen 9] VGC 2025 Reg H (Bo3)
|rated|
|rule|Species Clause: Limit one of each Pokémon
|rule|Item Clause: Limit 1 of each item
|clearpoke
|poke|p1|Politoed, L50, F|
|poke|p1|Kingdra, L50, M|
|poke|p1|Gothitelle, L50, F|
|poke|p1|Incineroar, L50, F|
|poke|p1|Amoonguss, L50, F|
|poke|p1|Archaludon, L50, M|
|poke|p2|Dragapult, L50, M|
|poke|p2|Electabuzz, L50, M|
|poke|p2|Weavile, L50, F|
|poke|p2|Primarina, L50, F|
|poke|p2|Gholdengo, L50|
|poke|p2|Whimsicott, L50, M|
|teampreview|4
|showteam|p1|Politoed||Leftovers|Drizzle|PerishSong,Protect,WeatherBall,Encore|||F|||50|,,,,,Grass]Kingdra||LifeOrb|SwiftSwim|MuddyWater,DracoMeteor,Protect,WeatherBall|||M|||50|,,,,,Stellar]Gothitelle||SitrusBerry|ShadowTag|TrickRoom,FakeOut,Protect,Psychic|||F|||50|,,,,,Dark]Incineroar||SafetyGoggles|Intimidate|FakeOut,PartingShot,FlareBlitz,KnockOff|||F|||50|,,,,,Ghost]Amoonguss||RockyHelmet|Regenerator|Protect,ClearSmog,Spore,RagePowder|||F|||50|,,,,,Fire]Archaludon||PowerHerb|Sturdy|ElectroShot,FlashCannon,Protect,DragonPulse|||M|||50|,,,,,Electric
|showteam|p2|Dragapult||ChoiceBand|ClearBody|DragonDarts,PhantomForce,SuckerPunch,PsychicFangs|||M|||50|,,,,,Dragon]Electabuzz||Eviolite|VitalSpirit|Electroweb,FollowMe,Taunt,Protect|||M|||50|,,,,,Ghost]Weavile||FocusSash|Pickpocket|FakeOut,KnockOff,TripleAxel,Protect|||F|||50|,,,,,Dark]Primarina||ThroatSpray|LiquidVoice|HyperVoice,Moonblast,Haze,Protect|||F|||50|,,,,,Water]Gholdengo||LifeOrb|GoodasGold|MakeItRain,ShadowBall,NastyPlot,Protect||||||50|,,,,,Water]Whimsicott||CovertCloak|Prankster|Tailwind,Moonblast,Taunt,FakeTears|||M|||50|,,,,,Water
|inactive|Battle timer is ON: inactive players will automatically lose when time's up. (requested by maggio3003)
|inactive|maggio3003 has 60 seconds left.
|inactive|maggio3003 has 30 seconds left.
|
|t:|1756204042
|teamsize|p1|4
|teamsize|p2|4
|start
|switch|p1a: Archaludon|Archaludon, L50, M|100/100
|switch|p1b: Kingdra|Kingdra, L50, M|100/100
|switch|p2a: Whimsicott|Whimsicott, L50, M|100/100
|switch|p2b: Weavile|Weavile, L50, F|100/100
|turn|1
|inactive|maggio3003 has 30 seconds left.
|inactive|maggio3003 has 20 seconds left.
|inactive|maggio3003 has 15 seconds left.
|
|t:|1756204087
|switch|p1a: Politoed|Politoed, L50, F|100/100
|-weather|RainDance|[from] ability: Drizzle|[of] p1a: Politoed
|move|p2a: Whimsicott|Tailwind|p2a: Whimsicott
|-sidestart|p2: MinasDevilCrobats|move: Tailwind
|move|p2b: Weavile|Triple Axel|p1b: Kingdra
|-damage|p1b: Kingdra|88/100
|-damage|p1b: Kingdra|63/100
|-damage|p1b: Kingdra|27/100
|-hitcount|p1b: Kingdra|3
|move|p1b: Kingdra|Muddy Water|p2a: Whimsicott|[spread] p2a,p2b
|-resisted|p2a: Whimsicott
|-damage|p2a: Whimsicott|57/100
|-damage|p2b: Weavile|19/100
|-damage|p1b: Kingdra|17/100|[from] item: Life Orb
|
|-weather|RainDance|[upkeep]
|upkeep
|turn|2
|inactive|maggio3003 has 30 seconds left.
|
|t:|1756204121
|switch|p1b: Incineroar|Incineroar, L50, F|100/100
|-ability|p1b: Incineroar|Intimidate|boost
|-unboost|p2a: Whimsicott|atk|1
|-unboost|p2b: Weavile|atk|1
|move|p2a: Whimsicott|Taunt|p1a: Politoed
|-start|p1a: Politoed|move: Taunt
|move|p2b: Weavile|Knock Off|p1b: Incineroar
|-resisted|p1b: Incineroar
|-damage|p1b: Incineroar|86/100
|-enditem|p1b: Incineroar|Safety Goggles|[from] move: Knock Off|[of] p2b: Weavile
|move|p1a: Politoed|Weather Ball|p2b: Weavile
|-damage|p2b: Weavile|0 fnt
|faint|p2b: Weavile
|
|-weather|RainDance|[upkeep]
|upkeep
|
|t:|1756204134
|switch|p2b: Primarina|Primarina, L50, F|100/100
|turn|3
|inactive|maggio3003 has 30 seconds left.
|
|t:|1756204168
|switch|p1b: Archaludon|Archaludon, L50, M|100/100
|move|p2a: Whimsicott|Fake Tears|p1a: Politoed
|-unboost|p1a: Politoed|spd|2
|move|p2b: Primarina|Hyper Voice|p1a: Politoed|[spread] p1a,p1b
|-resisted|p1a: Politoed
|-resisted|p1b: Archaludon
|-damage|p1a: Politoed|65/100
|-damage|p1b: Archaludon|64/100
|-enditem|p2b: Primarina|Throat Spray
|-boost|p2b: Primarina|spa|1|[from] item: Throat Spray
|move|p1a: Politoed|Weather Ball|p2b: Primarina
|-resisted|p2b: Primarina
|-damage|p2b: Primarina|79/100
|
|-weather|RainDance|[upkeep]
|-heal|p1a: Politoed|72/100|[from] item: Leftovers
|upkeep
|turn|4
|inactive|maggio3003 has 30 seconds left.
|inactive|maggio3003 has 20 seconds left.
|
|t:|1756204207
|switch|p1a: Incineroar|Incineroar, L50, F|86/100
|-ability|p1a: Incineroar|Intimidate|boost
|-unboost|p2a: Whimsicott|atk|1
|-unboost|p2b: Primarina|atk|1
|-terastallize|p2b: Primarina|Water
|move|p1b: Archaludon|Protect|p1b: Archaludon
|-singleturn|p1b: Archaludon|Protect
|move|p2a: Whimsicott|Fake Tears|p1b: Archaludon
|-activate|p1b: Archaludon|move: Protect
|move|p2b: Primarina|Hyper Voice|p1a: Incineroar|[spread] p1a
|-activate|p1b: Archaludon|move: Protect
|-supereffective|p1a: Incineroar
|-damage|p1a: Incineroar|0 fnt
|faint|p1a: Incineroar
|
|-weather|RainDance|[upkeep]
|-sideend|p2: MinasDevilCrobats|move: Tailwind
|upkeep
|
|t:|1756204225
|switch|p1a: Kingdra|Kingdra, L50, M|17/100
|turn|5
|inactive|maggio3003 has 30 seconds left.
|
|t:|1756204259
|-terastallize|p1a: Kingdra|Stellar
|move|p2b: Primarina|Protect|p2b: Primarina
|-singleturn|p2b: Primarina|Protect
|move|p2a: Whimsicott|Tailwind|p2a: Whimsicott
|-sidestart|p2: MinasDevilCrobats|move: Tailwind
|move|p1a: Kingdra|Draco Meteor|p2b: Primarina
|-activate|p2b: Primarina|move: Protect
|move|p1b: Archaludon|Flash Cannon|p2a: Whimsicott
|-supereffective|p2a: Whimsicott
|-damage|p2a: Whimsicott|0 fnt
|faint|p2a: Whimsicott
|
|-weather|none
|upkeep
|
|t:|1756204268
|switch|p2a: Gholdengo|Gholdengo, L50|100/100
|turn|6
|inactive|maggio3003 has 30 seconds left.
|
|t:|1756204298
|move|p1a: Kingdra|Protect|p1a: Kingdra
|-singleturn|p1a: Kingdra|Protect
|move|p2a: Gholdengo|Shadow Ball|p1a: Kingdra
|-activate|p1a: Kingdra|move: Protect
|move|p2b: Primarina|Moonblast|p1b: Archaludon
|-damage|p1b: Archaludon|0 fnt
|faint|p1b: Archaludon
|
|upkeep
|
|t:|1756204308
|switch|p1b: Politoed|Politoed, L50, F|72/100
|-weather|RainDance|[from] ability: Drizzle|[of] p1b: Politoed
|turn|7
|
|t:|1756204326
|move|p2b: Primarina|Protect|p2b: Primarina
|-singleturn|p2b: Primarina|Protect
|move|p1a: Kingdra|Draco Meteor|p2b: Primarina
|-activate|p2b: Primarina|move: Protect
|move|p2a: Gholdengo|Shadow Ball|p1a: Kingdra
|-damage|p1a: Kingdra|0 fnt
|faint|p1a: Kingdra
|-damage|p2a: Gholdengo|91/100|[from] item: Life Orb
|move|p1b: Politoed|Weather Ball|p2a: Gholdengo
|-damage|p2a: Gholdengo|45/100
|
|-weather|RainDance|[upkeep]
|-heal|p1b: Politoed|78/100|[from] item: Leftovers
|upkeep
|turn|8
|
|t:|1756204344
|move|p2a: Gholdengo|Shadow Ball|p1b: Politoed
|-damage|p1b: Politoed|42/100
|-damage|p2a: Gholdengo|35/100|[from] item: Life Orb
|move|p2b: Primarina|Moonblast|p1b: Politoed
|-damage|p1b: Politoed|0 fnt
|faint|p1b: Politoed
|
|win|MinasDevilCrobats
||MinasDevilCrobats is ready for game 2.
|inactive|maggio3003 has 30 seconds to confirm battle start!
||maggio3003 is ready for game 2.
|uhtml|next|Next: Game 2 of 3
|l|☆maggio3003
|player|p1|
