|j|☆lildueldisk
|j|☆spellbreakvgc
|html|lildueldiskspellbreakvgc    
|uhtml|bestof|Game 1 of a best-of-3
|t:|1756916397
|gametype|doubles
|player|p1|lildueldisk|boarder|1140
|player|p2|spellbreakvgc|lance|1185
|gen|9
|tier|[Gen 9] VGC 2025 Reg H (Bo3)
|rated|
|rule|Species Clause: Limit one of each Pokémon
|rule|Item Clause: Limit 1 of each item
|clearpoke
|poke|p1|Dragonite, L50, M|
|poke|p1|Garchomp, L50, M|
|poke|p1|Ninetales-Alola, L50, M|
|poke|p1|Incineroar, L50, M|
|poke|p1|Kingambit, L50, F|
|poke|p1|Amoonguss, L50, M|
|poke|p2|Archaludon, L50, M|
|poke|p2|Pelipper, L50, M|
|poke|p2|Basculegion, L50, M|
|poke|p2|Sinistcha, L50|
|poke|p2|Electrode-Hisui, L50|
|poke|p2|Incineroar, L50, F|
|teampreview|4
|showteam|p1|Dragonite||LumBerry|InnerFocus|TeraBlast,ExtremeSpeed,LowKick,Protect|||M|||50|,,,,,Flying]Garchomp||LifeOrb|SandVeil|DragonClaw,Earthquake,StompingTantrum,Protect|||M|||50|,,,,,Steel]Ninetales-Alola||FocusSash|SnowWarning|Blizzard,FreezeDry,Encore,Protect|||M|||50|,,,,,Ice]Incineroar||SafetyGoggles|Intimidate|FlareBlitz,KnockOff,PartingShot,FakeOut|||M|||50|,,,,,Ghost]Kingambit||AssaultVest|Defiant|KowtowCleave,SuckerPunch,IronHead,LowKick|||F|||50|,,,,,Dark]Amoonguss||SitrusBerry|Regenerator|Spore,RagePowder,PollenPuff,ClearSmog|||M|||50|,,,,,Water
|showteam|p2|Archaludon||AssaultVest|Stamina|DragonPulse,Snarl,ElectroShot,BodyPress|||M|||50|,,,,,Bug]Pelipper||FocusSash|Drizzle|WeatherBall,Hurricane,Tailwind,Protect|||M|||50|,,,,,Stellar]Basculegion||LifeOrb|SwiftSwim|WaveCrash,LastRespects,AquaJet,Protect|||M|||50|,,,,,Grass]Sinistcha||SitrusBerry|Hospitality|MatchaGotcha,StrengthSap,RagePowder,TrickRoom||||||50|,,,,,Fire]Electrode-Hisui||LoadedDice|Soundproof|BulletSeed,Electroweb,Taunt,ThunderWave||||||50|,,,,,Ghost]Incineroar||SafetyGoggles|Intimidate|FakeOut,PartingShot,KnockOff,Roar|||F|||50|,,,,,Ghost
|inactive|Battle timer is ON: inactive players will automatically lose when time's up. (requested by spellbreakvgc)
|inactive|spellbreakvgc has 60 seconds left.
|
|t:|1756916463
|teamsize|p1|4
|teamsize|p2|4
|start
|switch|p1a: Dragonite|Dragonite, L50, M|100/100
|switch|p1b: Garchomp|Garchomp, L50, M|100/100
|switch|p2a: Archaludon|Archaludon, L50, M|100/100
|switch|p2b: Electrode|Electrode-Hisui, L50|100/100
|turn|1
|inactive|spellbreakvgc has 30 seconds left.
|
|t:|1756916490
|-terastallize|p1a: Dragonite|Flying
|-terastallize|p2a: Archaludon|Bug
|move|p2b: Electrode|Bullet Seed|p2a: Archaludon
|-resisted|p2a: Archaludon
|-damage|p2a: Archaludon|99/100
|-ability|p2a: Archaludon|Stamina|boost
|-boost|p2a: Archaludon|def|1
|-resisted|p2a: Archaludon
|-damage|p2a: Archaludon|97/100
|-ability|p2a: Archaludon|Stamina|boost
|-boost|p2a: Archaludon|def|1
|-resisted|p2a: Archaludon
|-damage|p2a: Archaludon|96/100
|-ability|p2a: Archaludon|Stamina|boost
|-boost|p2a: Archaludon|def|1
|-resisted|p2a: Archaludon
|-damage|p2a: Archaludon|95/100
|-ability|p2a: Archaludon|Stamina|boost
|-boost|p2a: Archaludon|def|1
|-resisted|p2a: Archaludon
|-damage|p2a: Archaludon|95/100
|-ability|p2a: Archaludon|Stamina|boost
|-boost|p2a: Archaludon|def|1
|-hitcount|p2a: Archaludon|5
|move|p1b: Garchomp|Earthquake|p2a: Archaludon|[spread] p2a,p2b
|-immune|p1a: Dragonite
|-resisted|p2a: Archaludon
|-damage|p2a: Archaludon|89/100
|-damage|p2b: Electrode|26/100
|-ability|p2a: Archaludon|Stamina|boost
|-boost|p2a: Archaludon|def|1
|-damage|p1b: Garchomp|91/100|[from] item: Life Orb
|move|p1a: Dragonite|Tera Blast|p2b: Electrode|[anim] Tera Blast Flying
|-damage|p2b: Electrode|0 fnt
|faint|p2b: Electrode
|move|p2a: Archaludon|Body Press|p1b: Garchomp
|-damage|p1b: Garchomp|4/100
|
|upkeep
|inactive|spellbreakvgc has 30 seconds left.
|
|t:|1756916522
|switch|p2b: Incineroar|Incineroar, L50, F|100/100
|-ability|p2b: Incineroar|Intimidate|boost
|-fail|p1a: Dragonite|unboost|Attack|[from] ability: Inner Focus|[of] p1a: Dragonite
|-unboost|p1b: Garchomp|atk|1
|turn|2
|
|t:|1756916545
|move|p1b: Garchomp|Protect|p1b: Garchomp
|-singleturn|p1b: Garchomp|Protect
|move|p2b: Incineroar|Fake Out|p1b: Garchomp
|-activate|p1b: Garchomp|move: Protect
|move|p1a: Dragonite|Low Kick|p2b: Incineroar
|-supereffective|p2b: Incineroar
|-damage|p2b: Incineroar|55/100
|move|p2a: Archaludon|Body Press|p1a: Dragonite
|-resisted|p1a: Dragonite
|-damage|p1a: Dragonite|51/100
|
|upkeep
|turn|3
|
|t:|1756916566
|switch|p1b: Amoonguss|Amoonguss, L50, M|100/100
|switch|p2b: Sinistcha|Sinistcha, L50|100/100
|-heal|p2a: Archaludon|100/100|[from] ability: Hospitality|[of] p2b: Sinistcha
|move|p1a: Dragonite|Low Kick|p2b: Sinistcha
|-immune|p2b: Sinistcha
|move|p2a: Archaludon|Snarl|p1b: Amoonguss|[spread] p1a,p1b
|-damage|p1a: Dragonite|36/100
|-damage|p1b: Amoonguss|89/100
|-unboost|p1a: Dragonite|spa|1
|-unboost|p1b: Amoonguss|spa|1
|
|upkeep
|turn|4
|inactive|lildueldisk has 30 seconds left.
|inactive|spellbreakvgc has 30 seconds left.
|inactive|spellbreakvgc has 20 seconds left.
|inactive|spellbreakvgc has 15 seconds left.
|inactive|spellbreakvgc has 10 seconds left.
|inactive|spellbreakvgc has 5 seconds left.
|
|t:|1756916618
|switch|p1a: Incineroar|Incineroar, L50, M|100/100
|-ability|p1a: Incineroar|Intimidate|boost
|-unboost|p2a: Archaludon|atk|1
|-unboost|p2b: Sinistcha|atk|1
|move|p2a: Archaludon|Body Press|p1b: Amoonguss
|-resisted|p1b: Amoonguss
|-damage|p1b: Amoonguss|53/100
|move|p1b: Amoonguss|Clear Smog|p2a: Archaludon
|-damage|p2a: Archaludon|94/100
|-clearboost|p2a: Archaludon
|-ability|p2a: Archaludon|Stamina|boost
|-boost|p2a: Archaludon|def|1
|move|p2b: Sinistcha|Trick Room|p2b: Sinistcha
|-fieldstart|move: Trick Room|[of] p2b: Sinistcha
|
|upkeep
|turn|5
|inactive|spellbreakvgc has 30 seconds left.
|
|t:|1756916644
|switch|p2b: Incineroar|Incineroar, L50, F|55/100
|-ability|p2b: Incineroar|Intimidate|boost
|-unboost|p1a: Incineroar|atk|1
|-unboost|p1b: Amoonguss|atk|1
|move|p1b: Amoonguss|Spore|p2a: Archaludon
|-status|p2a: Archaludon|slp|[from] move: Spore
|move|p1a: Incineroar|Flare Blitz|p2b: Incineroar
|-resisted|p2b: Incineroar
|-damage|p2b: Incineroar|45/100
|-damage|p1a: Incineroar|97/100|[from] Recoil
|cant|p2a: Archaludon|slp
|
|upkeep
|turn|6
|inactive|spellbreakvgc has 30 seconds left.
|inactive|spellbreakvgc has 20 seconds left.
|
|t:|1756916680
|switch|p1b: Dragonite|Dragonite, L50, M, tera:Flying|36/100
|move|p1a: Incineroar|Flare Blitz|p2a: Archaludon
|-supereffective|p2a: Archaludon
|-damage|p2a: Archaludon|63/100 slp
|-ability|p2a: Archaludon|Stamina|boost
|-boost|p2a: Archaludon|def|1
|-damage|p1a: Incineroar|87/100|[from] Recoil
|move|p2b: Incineroar|Knock Off|p1b: Dragonite
|-damage|p1b: Dragonite|0 fnt
|-enditem|p1b: Dragonite|Lum Berry|[from] move: Knock Off|[of] p2b: Incineroar
|faint|p1b: Dragonite
|cant|p2a: Archaludon|slp
|
|upkeep
|
|t:|1756916694
|switch|p1b: Amoonguss|Amoonguss, L50, M|86/100
|turn|7
|
|t:|1756916716
|move|p1b: Amoonguss|Clear Smog|p2a: Archaludon
|-damage|p2a: Archaludon|53/100 slp
|-clearboost|p2a: Archaludon
|-ability|p2a: Archaludon|Stamina|boost
|-boost|p2a: Archaludon|def|1
|move|p2b: Incineroar|Parting Shot|p1a: Incineroar
|-unboost|p1a: Incineroar|atk|1
|-unboost|p1a: Incineroar|spa|1
|
|t:|1756916725
|switch|p2b: Sinistcha|Sinistcha, L50|100/100|[from] Parting Shot
|-heal|p2a: Archaludon|78/100 slp|[from] ability: Hospitality|[of] p2b: Sinistcha
|move|p1a: Incineroar|Knock Off|p2b: Sinistcha
|-supereffective|p2b: Sinistcha
|-damage|p2b: Sinistcha|70/100
|-enditem|p2b: Sinistcha|Sitrus Berry|[from] move: Knock Off|[of] p1a: Incineroar
|-curestatus|p2a: Archaludon|slp|[msg]
|move|p2a: Archaludon|Body Press|p1b: Amoonguss
|-resisted|p1b: Amoonguss
|-damage|p1b: Amoonguss|72/100
|
|upkeep
|turn|8
|inactive|lildueldisk has 30 seconds left.
|inactive|spellbreakvgc has 30 seconds left.
|inactive|lildueldisk has 20 seconds left.
|
|t:|1756916763
|switch|p1a: Garchomp|Garchomp, L50, M|4/100
|move|p1b: Amoonguss|Pollen Puff|p1a: Garchomp
|-heal|p1a: Garchomp|54/100
|move|p2b: Sinistcha|Matcha Gotcha|p1a: Garchomp|[spread] p1a,p1b
|-resisted|p1b: Amoonguss
|-damage|p1a: Garchomp|26/100
|-heal|p2b: Sinistcha|85/100|[from] drain|[of] p1a: Garchomp
|-damage|p1b: Amoonguss|67/100
|-heal|p2b: Sinistcha|89/100|[from] drain|[of] p1b: Amoonguss
|move|p2a: Archaludon|Body Press|p1a: Garchomp
|-damage|p1a: Garchomp|0 fnt
|faint|p1a: Garchomp
|
|-fieldend|move: Trick Room
|upkeep
|
|t:|1756916780
|switch|p1a: Incineroar|Incineroar, L50, M|87/100
|-ability|p1a: Incineroar|Intimidate|boost
|-unboost|p2a: Archaludon|atk|1
|-unboost|p2b: Sinistcha|atk|1
|turn|9
|
|t:|1756916795
|switch|p2a: Incineroar|Incineroar, L50, F|45/100
|-ability|p2a: Incineroar|Intimidate|boost
|-unboost|p1a: Incineroar|atk|1
|-unboost|p1b: Amoonguss|atk|1
|move|p2b: Sinistcha|Strength Sap|p1a: Incineroar
|-unboost|p1a: Incineroar|atk|1
|-heal|p2b: Sinistcha|100/100
|move|p1a: Incineroar|Flare Blitz|p2b: Sinistcha
|-supereffective|p2b: Sinistcha
|-damage|p2b: Sinistcha|63/100
|-damage|p1a: Incineroar|76/100|[from] Recoil
|move|p1b: Amoonguss|Spore|p2a: Incineroar
|-activate|p2a: Incineroar|item: Safety Goggles|Spore
|
|upkeep
|turn|10
|inactive|spellbreakvgc has 30 seconds left.
|
|t:|1756916823
|move|p2a: Incineroar|Fake Out|p1a: Incineroar
|-damage|p1a: Incineroar|67/100
|move|p2b: Sinistcha|Strength Sap|p1a: Incineroar
|-unboost|p1a: Incineroar|atk|1
|-heal|p2b: Sinistcha|100/100
|cant|p1a: Incineroar|flinch
|move|p1b: Amoonguss|Spore|p2a: Incineroar
|-activate|p2a: Incineroar|item: Safety Goggles|Spore
|
|upkeep
|turn|11
|inactive|spellbreakvgc has 30 seconds left.
|inactive|spellbreakvgc has 20 seconds left.
|inactive|spellbreakvgc has 15 seconds left.
|
|t:|1756916865
|switch|p2b: Archaludon|Archaludon, L50, M, tera:Bug|78/100
|move|p1a: Incineroar|Knock Off|p2a: Incineroar
|-resisted|p2a: Incineroar
|-damage|p2a: Incineroar|40/100
|-enditem|p2a: Incineroar|Safety Goggles|[from] move: Knock Off|[of] p1a: Incineroar
|move|p2a: Incineroar|Knock Off|p1b: Amoonguss
|-damage|p1b: Amoonguss|36/100
|-enditem|p1b: Amoonguss|Sitrus Berry|[from] move: Knock Off|[of] p2a: Incineroar
|move|p1b: Amoonguss|Spore|p2a: Incineroar
|-status|p2a: Incineroar|slp|[from] move: Spore
|
|upkeep
|turn|12
|inactive|spellbreakvgc has 30 seconds left.
|
|t:|1756916893
|switch|p2a: Sinistcha|Sinistcha, L50|100/100
|-heal|p2b: Archaludon|100/100|[from] ability: Hospitality|[of] p2a: Sinistcha
|move|p2b: Archaludon|Body Press|p1a: Incineroar
|-supereffective|p1a: Incineroar
|-damage|p1a: Incineroar|28/100
|move|p1a: Incineroar|Flare Blitz|p2b: Archaludon
|-supereffective|p2b: Archaludon
|-damage|p2b: Archaludon|75/100
|-ability|p2b: Archaludon|Stamina|boost
|-boost|p2b: Archaludon|def|1
|-damage|p1a: Incineroar|20/100|[from] Recoil
|move|p1b: Amoonguss|Clear Smog|p1a: Incineroar
|-damage|p1a: Incineroar|9/100
|-clearboost|p1a: Incineroar
|
|upkeep
|turn|13
|-message|lildueldisk forfeited.
|
|win|spellbreakvgc
|l|☆lildueldisk
|player|p1|
||lildueldisk is ready for game 2.
||spellbreakvgc is ready for game 2.
|uhtml|next|Next: Game 2 of 3
