|j|☆Newtry lesgo
|j|☆lettitripppp
|html|Newtry lesgolettitripppp    
|uhtml|bestof|Game 3 of a best-of-3
|t:|1785194924
|gametype|doubles
|player|p1|Newtry lesgo|iris-gen5bw2|1178
|player|p2|lettitripppp|lucas|1252
|gen|9
|tier|[Gen 9 Champions] VGC 2026 Reg M-B (Bo3)
|rated|
|rule|Species Clause: Limit one of each Pokémon
|rule|Item Clause: Limit 1 of each item
|clearpoke
|poke|p1|Ceruledge, L50, F|
|poke|p1|Lopunny, L50, M|
|poke|p1|Blastoise, L50, M|
|poke|p1|Hydreigon, L50, F|
|poke|p1|Gardevoir, L50, M|
|poke|p1|Corviknight, L50, M|
|poke|p2|Raichu, L50, F|
|poke|p2|Staraptor, L50, F|
|poke|p2|Arcanine-Hisui, L50, M, shiny|
|poke|p2|Farigiraf, L50, F|
|poke|p2|Kingambit, L50, F, shiny|
|poke|p2|Sylveon, L50, M|
|teampreview|4
|showteam|p1|Ceruledge||FocusSash|FlashFire|Poltergeist,BitterBlade,ShadowSneak,SwordsDance|Jolly||F|||50|]Lopunny||Lopunnite|Limber|FakeOut,CloseCombat,TripleAxel,Protect|Jolly||M|||50|]Blastoise||SitrusBerry|RainDish|FakeOut,HydroPump,Yawn,FlipTurn|Modest||M|||50|]Hydreigon||ChoiceScarf|Levitate|DracoMeteor,DarkPulse,Uturn,EarthPower|Modest||F|||50|]Gardevoir||Gardevoirite|Trace|HyperVoice,Psychic,TrickRoom,Protect|Modest||M|||50|]Corviknight||Leftovers|MirrorArmor|BraveBird,BulkUp,Tailwind,BodyPress|Impish||M|||50|
|showteam|p2|Raichu||RaichuniteY|Static|ZapCannon,FocusBlast,FakeOut,Protect|Timid||F|||50|]Staraptor||Staraptite|Intimidate|DualWingbeat,CloseCombat,Tailwind,Protect|Jolly||F|||50|]Arcanine-Hisui||FocusSash|RockHead|ExtremeSpeed,HeadSmash,FlareBlitz,Protect|Jolly||M|||50|]Farigiraf||SitrusBerry|ArmorTail|HelpingHand,TrickRoom,Psychic,Protect|Calm||F|||50|]Kingambit||LifeOrb|Defiant|KowtowCleave,SwordsDance,SuckerPunch,Protect|Adamant||F|||50|]Sylveon||FairyFeather|Pixilate|QuickAttack,HyperBeam,HyperVoice,Detect|Modest||M|||50|
|inactive|Battle timer is ON: inactive players will automatically lose when time's up. (requested by lettitripppp)
|
|t:|1785194949
|teamsize|p1|4
|teamsize|p2|4
|start
|switch|p1a: Lopunny|Lopunny, L50, M|100/100
|switch|p1b: Ceruledge|Ceruledge, L50, F|100/100
|switch|p2a: GENERAL BLADUS|Kingambit, L50, F, shiny|100/100
|switch|p2b: MAGIC NECK|Farigiraf, L50, F|100/100
|turn|1
|
|t:|1785194964
|detailschange|p1a: Lopunny|Lopunny-Mega, L50, M
|-mega|p1a: Lopunny|Lopunny|Lopunnite
|move|p2a: GENERAL BLADUS|Protect|p2a: GENERAL BLADUS
|-singleturn|p2a: GENERAL BLADUS|Protect
|move|p1a: Lopunny|Close Combat|p2b: MAGIC NECK
|-damage|p2b: MAGIC NECK|44/100
|-unboost|p1a: Lopunny|def|1
|-unboost|p1a: Lopunny|spd|1
|-enditem|p2b: MAGIC NECK|Sitrus Berry|[eat]
|-heal|p2b: MAGIC NECK|68/100|[from] item: Sitrus Berry
|move|p1b: Ceruledge|Bitter Blade|p2b: MAGIC NECK
|-damage|p2b: MAGIC NECK|27/100
|move|p2b: MAGIC NECK|Trick Room|p2b: MAGIC NECK
|-fieldstart|move: Trick Room|[of] p2b: MAGIC NECK
|
|upkeep
|turn|2
|
|t:|1785194985
|switch|p1b: Blastoise|Blastoise, L50, M|100/100
|switch|p1a: Hydreigon|Hydreigon, L50, F|100/100
|move|p2a: GENERAL BLADUS|Kowtow Cleave|p1b: Blastoise
|-damage|p1b: Blastoise|36/100
|-enditem|p1b: Blastoise|Sitrus Berry|[eat]
|-heal|p1b: Blastoise|61/100|[from] item: Sitrus Berry
|-damage|p2a: GENERAL BLADUS|90/100|[from] item: Life Orb
|move|p2b: MAGIC NECK|Psychic|p1b: Blastoise
|-damage|p1b: Blastoise|33/100
|
|upkeep
|turn|3
|inactive|Newtry lesgo has 30 seconds left.
|
|t:|1785195016
|switch|p2b: PIKU BEAM|Sylveon, L50, M|100/100
|move|p2a: GENERAL BLADUS|Kowtow Cleave|p1b: Blastoise
|-damage|p1b: Blastoise|0 fnt
|faint|p1b: Blastoise
|-damage|p2a: GENERAL BLADUS|80/100|[from] item: Life Orb
|move|p1a: Hydreigon|Earth Power|p2b: PIKU BEAM
|-damage|p2b: PIKU BEAM|76/100
|
|upkeep
|
|t:|1785195023
|switch|p1b: Lopunny|Lopunny-Mega, L50, M|100/100
|turn|4
|
|t:|1785195038
|switch|p2a: MAGIC NECK|Farigiraf, L50, F|27/100
|switch|p1a: Ceruledge|Ceruledge, L50, F|100/100
|move|p1b: Lopunny|Protect|p1b: Lopunny
|-singleturn|p1b: Lopunny|Protect
|move|p2b: PIKU BEAM|Hyper Voice|p1b: Lopunny|[spread] p1a
|-activate|p1b: Lopunny|move: Protect
|-resisted|p1a: Ceruledge|1
|-damage|p1a: Ceruledge|68/100
|
|upkeep
|turn|5
|
|t:|1785195046
|switch|p1b: Hydreigon|Hydreigon, L50, F|100/100
|move|p2a: MAGIC NECK|Psychic|p1a: Ceruledge
|-damage|p1a: Ceruledge|28/100
|move|p2b: PIKU BEAM|Hyper Voice|p1a: Ceruledge|[spread] p1a,p1b
|-resisted|p1a: Ceruledge|1
|-supereffective|p1b: Hydreigon|2
|-damage|p1a: Ceruledge|1/100
|-damage|p1b: Hydreigon|0 fnt
|faint|p1b: Hydreigon
|move|p1a: Ceruledge|Bitter Blade|p2a: MAGIC NECK
|-damage|p2a: MAGIC NECK|0 fnt
|-heal|p1a: Ceruledge|21/100|[from] drain|[of] p2a: MAGIC NECK
|faint|p2a: MAGIC NECK
|
|-fieldend|move: Trick Room
|upkeep
|
|t:|1785195060
|switch|p1b: Lopunny|Lopunny-Mega, L50, M|100/100
|switch|p2a: BLAST AWAY|Raichu, L50, F|100/100
|turn|6
|
|t:|1785195078
|detailschange|p2a: BLAST AWAY|Raichu-Mega-Y, L50, F
|-mega|p2a: BLAST AWAY|Raichu|Raichunite Y
|move|p2a: BLAST AWAY|Protect|p2a: BLAST AWAY
|-singleturn|p2a: BLAST AWAY|Protect
|move|p2b: PIKU BEAM|Detect|p2b: PIKU BEAM
|-singleturn|p2b: PIKU BEAM|Protect
|move|p1b: Lopunny|Fake Out|p2a: BLAST AWAY
|-activate|p2a: BLAST AWAY|move: Protect
|move|p1a: Ceruledge|Poltergeist|p2b: PIKU BEAM
|-activate|p2b: PIKU BEAM|move: Protect
|
|upkeep
|turn|7
|
|t:|1785195100
|move|p1b: Lopunny|Protect|p1b: Lopunny
|-singleturn|p1b: Lopunny|Protect
|move|p2a: BLAST AWAY|Zap Cannon|p1a: Ceruledge
|-damage|p1a: Ceruledge|0 fnt
|faint|p1a: Ceruledge
|move|p2b: PIKU BEAM|Hyper Voice|p1b: Lopunny
|-activate|p1b: Lopunny|move: Protect
|
|upkeep
|turn|8
|-message|Newtry lesgo forfeited.
|
|win|lettitripppp
|raw|Newtry lesgo's rating: 1178 → 1158(-20 for losing)
|raw|lettitripppp's rating: 1252 → 1272(+20 for winning)
|l|☆Newtry lesgo
|player|p1|
