|j|☆MEGA FRAUD
|j|☆Olciax34
|html|MEGA FRAUDOlciax34    
|uhtml|bestof|Game 1 of a best-of-3
|t:|1785348734
|gametype|doubles
|player|p1|MEGA FRAUD|2|1427
|player|p2|Olciax34|clair|1376
|gen|9
|tier|[Gen 9 Champions] VGC 2026 Reg M-B (Bo3)
|rated|
|rule|Species Clause: Limit one of each Pokémon
|rule|Item Clause: Limit 1 of each item
|clearpoke
|poke|p1|Tyranitar, L50, F|
|poke|p1|Excadrill, L50, F|
|poke|p1|Milotic, L50, M|
|poke|p1|Sinistcha, L50|
|poke|p1|Staraptor, L50, M|
|poke|p1|Gholdengo, L50|
|poke|p2|Charizard, L50, F|
|poke|p2|Whimsicott, L50, M|
|poke|p2|Garchomp, L50, M|
|poke|p2|Basculegion, L50, M|
|poke|p2|Sylveon, L50, M|
|poke|p2|Incineroar, L50, F|
|teampreview|4
|showteam|p1|Tyranitar||Tyranitarite|SandStream|KnockOff,RockSlide,LowKick,Protect|Jolly||F|||50|]Excadrill||FocusSash|SandRush|HighHorsepower,IronHead,RockSlide,Protect|Adamant||F|||50|]Milotic||SitrusBerry|Competitive|Scald,IcyWind,IceBeam,Protect|Calm||M|||50|]Sinistcha||ColburBerry|Hospitality|MatchaGotcha,ShadowBall,Protect,RagePowder|Bold|||||50|]Staraptor||Staraptite|Intimidate|CloseCombat,BraveBird,Tailwind,Protect|Jolly||M|||50|]Gholdengo||LifeOrb|GoodasGold|MakeItRain,ShadowBall,NastyPlot,Protect|Modest|||||50|
|showteam|p2|Charizard||CharizarditeY|SolarPower|HeatWave,WeatherBall,SolarBeam,Protect|Modest||F|||50|]Whimsicott||FocusSash|Prankster|Moonblast,Tailwind,Encore,Protect|Timid||M|||50|]Garchomp||LifeOrb|RoughSkin|Earthquake,DragonClaw,RockSlide,Protect|Jolly||M|||50|]Basculegion||ChoiceScarf|Adaptability|WaveCrash,FlipTurn,LastRespects,AquaJet|Jolly||M|||50|]Sylveon||FairyFeather|Pixilate|HyperVoice,Yawn,HyperBeam,Protect|Modest||M|||50|]Incineroar||SitrusBerry|Intimidate|FakeOut,ThroatChop,FlareBlitz,PartingShot|Careful||F|||50|
|inactive|Battle timer is ON: inactive players will automatically lose when time's up. (requested by Olciax34)
|
|t:|1785348764
|teamsize|p1|4
|teamsize|p2|4
|start
|switch|p1a: Milotic|Milotic, L50, M|100/100
|switch|p1b: Tyranitar|Tyranitar, L50, F|100/100
|switch|p2a: Garchomp|Garchomp, L50, M|100/100
|switch|p2b: Basculegion|Basculegion, L50, M|100/100
|-weather|Sandstorm|[from] ability: Sand Stream|[of] p1b: Tyranitar
|turn|1
|
|t:|1785348778
|switch|p2a: Whimsicott|Whimsicott, L50, M|100/100
|move|p1b: Tyranitar|Protect|p1b: Tyranitar
|-singleturn|p1b: Tyranitar|Protect
|move|p2b: Basculegion|Wave Crash|p1b: Tyranitar
|-activate|p1b: Tyranitar|move: Protect
|move|p1a: Milotic|Icy Wind|p2a: Whimsicott|[spread] p2b
|-miss|p1a: Milotic|p2a: Whimsicott
|-resisted|p2b: Basculegion|1
|-damage|p2b: Basculegion|94/100
|-unboost|p2b: Basculegion|spe|1
|
|-weather|Sandstorm|[upkeep]
|-damage|p2a: Whimsicott|94/100|[from] Sandstorm
|-damage|p2b: Basculegion|88/100|[from] Sandstorm
|-damage|p1a: Milotic|94/100|[from] Sandstorm
|upkeep
|turn|2
|
|t:|1785348793
|switch|p1b: Sinistcha|Sinistcha, L50|100/100
|-heal|p1a: Milotic|100/100|[from] ability: Hospitality|[of] p1b: Sinistcha
|move|p2a: Whimsicott|Tailwind|p2a: Whimsicott
|-sidestart|p2: Olciax34|move: Tailwind
|move|p2b: Basculegion|Wave Crash|p1b: Sinistcha
|-resisted|p1b: Sinistcha|1
|-damage|p1b: Sinistcha|68/100
|-damage|p2b: Basculegion|79/100|[from] Recoil
|move|p1a: Milotic|Ice Beam|p2a: Whimsicott
|-supereffective|p2a: Whimsicott|1
|-damage|p2a: Whimsicott|25/100
|
|-weather|Sandstorm|[upkeep]
|-damage|p2a: Whimsicott|20/100r|[from] Sandstorm
|-damage|p2b: Basculegion|73/100|[from] Sandstorm
|-damage|p1a: Milotic|94/100|[from] Sandstorm
|-damage|p1b: Sinistcha|62/100|[from] Sandstorm
|upkeep
|turn|3
|
|t:|1785348817
|switch|p2b: Garchomp|Garchomp, L50, M|100/100
|move|p2a: Whimsicott|Protect|p2a: Whimsicott
|-singleturn|p2a: Whimsicott|Protect
|move|p1b: Sinistcha|Protect|p1b: Sinistcha
|-singleturn|p1b: Sinistcha|Protect
|move|p1a: Milotic|Icy Wind|p2b: Garchomp|[spread] 
|-activate|p2a: Whimsicott|move: Protect
|-miss|p1a: Milotic|p2b: Garchomp
|
|-weather|Sandstorm|[upkeep]
|-damage|p2a: Whimsicott|14/100|[from] Sandstorm
|-damage|p1a: Milotic|88/100|[from] Sandstorm
|-damage|p1b: Sinistcha|57/100|[from] Sandstorm
|upkeep
|turn|4
|
|t:|1785348833
|switch|p1b: Staraptor|Staraptor, L50, M|100/100
|-ability|p1b: Staraptor|Intimidate|boost
|-unboost|p2a: Whimsicott|atk|1
|-unboost|p2b: Garchomp|atk|1
|move|p2a: Whimsicott|Moonblast|p1b: Staraptor
|-damage|p1b: Staraptor|49/100
|-unboost|p1b: Staraptor|spa|1
|move|p2b: Garchomp|Rock Slide|p1b: Staraptor|[spread] p1b
|-miss|p2b: Garchomp|p1a: Milotic
|-supereffective|p1b: Staraptor|1
|-damage|p1b: Staraptor|5/100
|-damage|p2b: Garchomp|90/100|[from] item: Life Orb
|move|p1a: Milotic|Icy Wind|p2a: Whimsicott|[spread] p2a,p2b
|-supereffective|p2a: Whimsicott|1
|-crit|p2a: Whimsicott
|-supereffective|p2b: Garchomp|2
|-damage|p2a: Whimsicott|0 fnt
|-damage|p2b: Garchomp|49/100
|-unboost|p2b: Garchomp|spe|1
|faint|p2a: Whimsicott
|
|-weather|Sandstorm|[upkeep]
|-damage|p1b: Staraptor|0 fnt|[from] Sandstorm
|-damage|p1a: Milotic|82/100|[from] Sandstorm
|faint|p1b: Staraptor
|upkeep
|
|t:|1785348854
|switch|p2a: Incineroar|Incineroar, L50, F|100/100
|switch|p1b: Tyranitar|Tyranitar, L50, F|100/100
|-ability|p2a: Incineroar|Intimidate|boost
|-unboost|p1a: Milotic|atk|1
|-ability|p1a: Milotic|Competitive|boost
|-boost|p1a: Milotic|spa|2
|-unboost|p1b: Tyranitar|atk|1
|turn|5
|
|t:|1785348873
|switch|p2b: Basculegion|Basculegion, L50, M|73/100
|switch|p1b: Sinistcha|Sinistcha, L50|57/100
|-heal|p1a: Milotic|100/100|[from] ability: Hospitality|[of] p1b: Sinistcha
|move|p2a: Incineroar|Fake Out|p1a: Milotic
|-crit|p1a: Milotic
|-damage|p1a: Milotic|84/100
|cant|p1a: Milotic|flinch
|
|-weather|none
|-sideend|p2: Olciax34|move: Tailwind
|upkeep
|turn|6
|inactive|MEGA FRAUD has 30 seconds left.
|inactive|Olciax34 has 30 seconds left.
|
|t:|1785348907
|move|p1b: Sinistcha|Rage Powder|p1b: Sinistcha
|-singleturn|p1b: Sinistcha|move: Rage Powder
|move|p2b: Basculegion|Flip Turn|p1b: Sinistcha
|-resisted|p1b: Sinistcha|1
|-damage|p1b: Sinistcha|41/100
|
|t:|1785348912
|switch|p2b: Garchomp|Garchomp, L50, M|49/100|[from] Flip Turn
|move|p1a: Milotic|Icy Wind|p2b: Garchomp|[spread] p2a,p2b
|-resisted|p2a: Incineroar|1
|-supereffective|p2b: Garchomp|2
|-damage|p2a: Incineroar|92/100
|-damage|p2b: Garchomp|0 fnt
|-unboost|p2a: Incineroar|spe|1
|faint|p2b: Garchomp
|move|p2a: Incineroar|Flare Blitz|p1b: Sinistcha
|-supereffective|p1b: Sinistcha|1
|-damage|p1b: Sinistcha|0 fnt
|faint|p1b: Sinistcha
|-damage|p2a: Incineroar|80/100|[from] Recoil
|
|upkeep
|
|t:|1785348924
|switch|p2b: Basculegion|Basculegion, L50, M|73/100
|switch|p1b: Tyranitar|Tyranitar, L50, F|100/100
|-weather|Sandstorm|[from] ability: Sand Stream|[of] p1b: Tyranitar
|turn|7
|
|t:|1785348938
|move|p1b: Tyranitar|Protect|p1b: Tyranitar
|-singleturn|p1b: Tyranitar|Protect
|move|p1a: Milotic|Protect|p1a: Milotic
|-singleturn|p1a: Milotic|Protect
|move|p2b: Basculegion|Wave Crash|p1b: Tyranitar
|-activate|p1b: Tyranitar|move: Protect
|move|p2a: Incineroar|Throat Chop|p1a: Milotic
|-activate|p1a: Milotic|move: Protect
|
|-weather|Sandstorm|[upkeep]
|-damage|p2b: Basculegion|67/100|[from] Sandstorm
|-damage|p1a: Milotic|78/100|[from] Sandstorm
|-damage|p2a: Incineroar|74/100|[from] Sandstorm
|upkeep
|turn|8
|
|t:|1785348958
|detailschange|p1b: Tyranitar|Tyranitar-Mega, L50, F
|-mega|p1b: Tyranitar|Tyranitar|Tyranitarite
|move|p2b: Basculegion|Wave Crash|p1b: Tyranitar
|-supereffective|p1b: Tyranitar|1
|-crit|p1b: Tyranitar
|-damage|p1b: Tyranitar|0 fnt
|faint|p1b: Tyranitar
|-damage|p2b: Basculegion|35/100|[from] Recoil
|move|p1a: Milotic|Scald|p2a: Incineroar
|-supereffective|p2a: Incineroar|1
|-damage|p2a: Incineroar|0 fnt
|faint|p2a: Incineroar
|
|-weather|Sandstorm|[upkeep]
|-damage|p2b: Basculegion|28/100|[from] Sandstorm
|-damage|p1a: Milotic|73/100|[from] Sandstorm
|upkeep
|turn|9
|
|t:|1785348971
|move|p2b: Basculegion|Wave Crash|p1a: Milotic
|-resisted|p1a: Milotic|1
|-damage|p1a: Milotic|34/100
|-enditem|p1a: Milotic|Sitrus Berry|[eat]
|-heal|p1a: Milotic|59/100|[from] item: Sitrus Berry
|-damage|p2b: Basculegion|16/100|[from] Recoil
|move|p1a: Milotic|Scald|p2b: Basculegion
|-resisted|p2b: Basculegion|1
|-damage|p2b: Basculegion|0 fnt
|faint|p2b: Basculegion
|
|win|MEGA FRAUD
||Olciax34 is ready for game 2.
||MEGA FRAUD is ready for game 2.
|uhtml|next|Next: Game 2 of 3
