|j|☆TheVolcanocraft
|j|☆That1Morpecko
|html|TheVolcanocraftThat1Morpecko    
|uhtml|bestof|Game 2 of a best-of-3
|t:|1782239746
|gametype|doubles
|player|p1|TheVolcanocraft|acetrainersnowf|1035
|player|p2|That1Morpecko|hiker-gen4|1047
|gen|9
|tier|[Gen 9 Champions] VGC 2026 Reg M-B (Bo3)
|rated|
|rule|Species Clause: Limit one of each Pokémon
|rule|Item Clause: Limit 1 of each item
|clearpoke
|poke|p1|Delphox, L50, F|
|poke|p1|Overqwil, L50, M|
|poke|p1|Arcanine-Hisui, L50, F|
|poke|p1|Dragapult, L50, M|
|poke|p1|Excadrill, L50, F|
|poke|p1|Vaporeon, L50, F|
|poke|p2|Grimmsnarl, L50, M|
|poke|p2|Swampert, L50, F|
|poke|p2|Pelipper, L50, M|
|poke|p2|Archaludon, L50, F|
|poke|p2|Sinistcha, L50|
|poke|p2|Floette-Eternal, L50, F|
|teampreview|4
|showteam|p1|Delphox||Delphoxite|Blaze|Encore,Flamethrower,Psychic,Protect|Timid||F|||50|]Overqwil||ExpertBelt|Intimidate|Protect,ScaleShot,GunkShot,Waterfall|Adamant||M|||50|]Arcanine-Hisui||FocusSash|RockHead|HeadSmash,FlareBlitz,PsychicFangs,ExtremeSpeed|Jolly||F|||50|]Dragapult||RoseliBerry|Infiltrator|DragonClaw,Acrobatics,Protect,PhantomForce|Jolly||M|||50|]Excadrill||WideLens|MoldBreaker|RockSlide,Megahorn,HighHorsepower,Protect|Jolly||F|||50|]Vaporeon||Leftovers|WaterAbsorb|CalmMind,IceBeam,Scald,Wish|Modest||F|||50|
|showteam|p2|Grimmsnarl||LightClay|Prankster|FoulPlay,PartingShot,LightScreen,Reflect|Careful||M|||50|]Swampert||Swampertite|Torrent|WaveCrash,HighHorsepower,IcePunch,Protect|Adamant||F|||50|]Pelipper||SitrusBerry|Drizzle|Tailwind,Hurricane,WeatherBall,WideGuard|Modest||M|||50|]Archaludon||Leftovers|Stamina|ElectroShot,DragonPulse,FlashCannon,Protect|Modest||F|||50|]Sinistcha||CobaBerry|Hospitality|MatchaGotcha,RagePowder,LifeDew,Protect|Relaxed|||||50|]Floette-Eternal||Floettite|FlowerVeil|CalmMind,DazzlingGleam,Moonblast,Protect|Modest||F|||50|
|inactive|Battle timer is ON: inactive players will automatically lose when time's up. (requested by That1Morpecko)
|inactive|That1Morpecko has 60 seconds left.
|
|t:|1782239783
|teamsize|p1|4
|teamsize|p2|4
|start
|switch|p1a: Arcanine|Arcanine-Hisui, L50, F|100/100
|switch|p1b: Delphox|Delphox, L50, F|100/100
|switch|p2a: Floette|Floette-Eternal, L50, F|100/100
|switch|p2b: Sinistcha|Sinistcha, L50|100/100
|turn|1
|inactive|TheVolcanocraft has 30 seconds left.
|
|t:|1782239809
|detailschange|p1b: Delphox|Delphox-Mega, L50, F
|-mega|p1b: Delphox|Delphox|Delphoxite
|detailschange|p2a: Floette|Floette-Mega, L50, F
|-mega|p2a: Floette|Floette|Floettite
|-ability|p2a: Floette|Fairy Aura
|move|p2b: Sinistcha|Rage Powder|p2b: Sinistcha
|-singleturn|p2b: Sinistcha|move: Rage Powder
|move|p1b: Delphox|Flamethrower|p2b: Sinistcha
|-supereffective|p2b: Sinistcha|1
|-damage|p2b: Sinistcha|2/100
|move|p1a: Arcanine|Flare Blitz|p2b: Sinistcha
|-supereffective|p2b: Sinistcha|1
|-damage|p2b: Sinistcha|0 fnt
|faint|p2b: Sinistcha
|move|p2a: Floette|Calm Mind|p2a: Floette
|-boost|p2a: Floette|spa|1
|-boost|p2a: Floette|spd|1
|
|upkeep
|
|t:|1782239823
|switch|p2b: Pelipper|Pelipper, L50, M|100/100
|-weather|RainDance|[from] ability: Drizzle|[of] p2b: Pelipper
|turn|2
|c|☆TheVolcanocraft|2%
|c|☆TheVolcanocraft|fml
|
|t:|1782239841
|move|p1a: Arcanine|Extreme Speed|p2a: Floette
|-damage|p2a: Floette|72/100
|move|p1b: Delphox|Encore|p2a: Floette
|-start|p2a: Floette|Encore
|move|p2a: Floette|Calm Mind|p2a: Floette
|-boost|p2a: Floette|spa|1
|-boost|p2a: Floette|spd|1
|move|p2b: Pelipper|Weather Ball|p1a: Arcanine
|-supereffective|p1a: Arcanine|2
|-enditem|p1a: Arcanine|Focus Sash
|-damage|p1a: Arcanine|1/100
|
|-weather|RainDance|[upkeep]
|upkeep
|turn|3
|
|t:|1782239864
|move|p1b: Delphox|Flamethrower|p2a: Floette
|-damage|p2a: Floette|62/100
|move|p1a: Arcanine|Head Smash|p2a: Floette|[miss]
|-miss|p1a: Arcanine|p2a: Floette
|move|p2a: Floette|Calm Mind|p2a: Floette
|-boost|p2a: Floette|spa|1
|-boost|p2a: Floette|spd|1
|move|p2b: Pelipper|Weather Ball|p1a: Arcanine
|-supereffective|p1a: Arcanine|2
|-damage|p1a: Arcanine|0 fnt
|faint|p1a: Arcanine
|
|-weather|RainDance|[upkeep]
|upkeep
|
|t:|1782239877
|switch|p1a: Excadrill|Excadrill, L50, F|100/100
|-ability|p1a: Excadrill|Mold Breaker
|turn|4
|
|t:|1782239889
|move|p1b: Delphox|Flamethrower|p2a: Floette
|-damage|p2a: Floette|55/100
|move|p1a: Excadrill|Rock Slide|p2a: Floette|[spread] p2a,p2b
|-supereffective|p2b: Pelipper|1
|-damage|p2a: Floette|32/100
|-damage|p2b: Pelipper|56/100
|move|p2a: Floette|Calm Mind|p2a: Floette
|-boost|p2a: Floette|spa|1
|-boost|p2a: Floette|spd|1
|move|p2b: Pelipper|Weather Ball|p1a: Excadrill
|-supereffective|p1a: Excadrill|1
|-damage|p1a: Excadrill|0 fnt
|faint|p1a: Excadrill
|
|-weather|RainDance|[upkeep]
|-end|p2a: Floette|Encore
|upkeep
|
|t:|1782239903
|switch|p1a: Dragapult|Dragapult, L50, M|100/100
|turn|5
|
|t:|1782239922
|move|p1a: Dragapult|Dragon Claw|p2b: Pelipper
|-damage|p2b: Pelipper|15/100
|-enditem|p2b: Pelipper|Sitrus Berry|[eat]
|-heal|p2b: Pelipper|40/100|[from] item: Sitrus Berry
|move|p1b: Delphox|Encore|p2a: Floette
|-start|p2a: Floette|Encore
|move|p2a: Floette|Calm Mind|p2a: Floette
|-boost|p2a: Floette|spa|1
|-boost|p2a: Floette|spd|1
|move|p2b: Pelipper|Weather Ball|p1b: Delphox
|-supereffective|p1b: Delphox|1
|-damage|p1b: Delphox|0 fnt
|faint|p1b: Delphox
|
|-weather|RainDance|[upkeep]
|upkeep
|turn|6
|inactive|TheVolcanocraft has 30 seconds left.
|inactive|TheVolcanocraft has 20 seconds left.
|
|t:|1782239958
|move|p1a: Dragapult|Phantom Force||[still]
|-prepare|p1a: Dragapult|Phantom Force
|move|p2a: Floette|Calm Mind|p2a: Floette
|-boost|p2a: Floette|spa|1
|-boost|p2a: Floette|spd|1
|move|p2b: Pelipper|Weather Ball|p1a: Dragapult|[miss]
|-miss|p2b: Pelipper|p1a: Dragapult
|
|-weather|none
|upkeep
|turn|7
|
|t:|1782239974
|move|p1a: Dragapult|Phantom Force|p2b: Pelipper|[from] lockedmove
|-damage|p2b: Pelipper|0 fnt
|faint|p2b: Pelipper
|move|p2a: Floette|Calm Mind|p2a: Floette
|-boost|p2a: Floette|spa|0
|-boost|p2a: Floette|spd|0
|
|-end|p2a: Floette|Encore
|upkeep
|
|t:|1782239977
|switch|p2b: Archaludon|Archaludon, L50, F|100/100
|turn|8
|inactive|TheVolcanocraft has 30 seconds left.
|
|t:|1782240003
|move|p1a: Dragapult|Protect|p1a: Dragapult
|-singleturn|p1a: Dragapult|Protect
|move|p2a: Floette|Moonblast|p1a: Dragapult
|-activate|p1a: Dragapult|move: Protect
|move|p2b: Archaludon|Dragon Pulse|p1a: Dragapult
|-activate|p1a: Dragapult|move: Protect
|
|upkeep
|turn|9
|
|t:|1782240016
|move|p1a: Dragapult|Acrobatics|p2a: Floette
|-damage|p2a: Floette|15/100
|move|p2a: Floette|Moonblast|p1a: Dragapult
|-supereffective|p1a: Dragapult|1
|-enditem|p1a: Dragapult|Roseli Berry|[eat]
|-enditem|p1a: Dragapult|Roseli Berry|[weaken]
|-damage|p1a: Dragapult|0 fnt
|faint|p1a: Dragapult
|
|win|That1Morpecko
|raw|TheVolcanocraft's rating: 1035 → 1020(-15 for losing)
|raw|That1Morpecko's rating: 1047 → 1079(+32 for winning)
|l|☆TheVolcanocraft
|player|p1|
