|j|☆satandagiii2005
|j|☆oapals121
|html|satandagiii2005oapals121    
|uhtml|bestof|Game 3 of a best-of-3
|t:|1786135950
|gametype|doubles
|player|p1|satandagiii2005|byron|
|player|p2|oapals121|blue|
|gen|9
|tier|[Gen 9 Champions] VGC 2026 Reg M-B (Bo3)
|rule|Species Clause: Limit one of each Pokémon
|rule|Item Clause: Limit 1 of each item
|clearpoke
|poke|p1|Raichu, L50, F|
|poke|p1|Staraptor, L50, F|
|poke|p1|Arcanine-Hisui, L50, M|
|poke|p1|Farigiraf, L50, M|
|poke|p1|Sylveon, L50, F|
|poke|p1|Kingambit, L50, M|
|poke|p2|Aerodactyl, L50, M|
|poke|p2|Kingambit, L50, M|
|poke|p2|Farigiraf, L50, F|
|poke|p2|Sylveon, L50, F|
|poke|p2|Charizard, L50, M|
|poke|p2|Garchomp, L50, M|
|teampreview|4
|showteam|p1|Raichu||RaichuniteY|LightningRod|ZapCannon,FocusBlast,FakeOut,Protect|Timid||F|||50|]Staraptor||Staraptite|Intimidate|CloseCombat,DualWingbeat,Tailwind,Protect|Jolly||F|||50|]Arcanine-Hisui||FocusSash|RockHead|FlareBlitz,HeadSmash,ExtremeSpeed,Protect|Jolly||M|||50|]Farigiraf||SitrusBerry|ArmorTail|Psychic,HelpingHand,TrickRoom,Protect|Calm||M|||50|]Sylveon||FairyFeather|Pixilate|HyperVoice,QuickAttack,HyperBeam,Detect|Modest||F|||50|]Kingambit||LifeOrb|Defiant|KowtowCleave,SuckerPunch,SwordsDance,Protect|Adamant||M|||50|
|showteam|p2|Aerodactyl||Aerodactylite|Unnerve|RockSlide,DualWingbeat,IceFang,Tailwind|Jolly||M|||50|]Kingambit||FocusSash|Defiant|KowtowCleave,IronHead,SuckerPunch,LowKick|Adamant||M|||50|]Farigiraf||SitrusBerry|ArmorTail|Psychic,Thunderbolt,TrickRoom,Protect|Quiet||F|||50|]Sylveon||FairyFeather|Pixilate|HyperVoice,Yawn,QuickAttack,Detect|Modest||F|||50|]Charizard||CharizarditeY|Blaze|HeatWave,SolarBeam,WeatherBall,Protect|Modest||M|||50|]Garchomp||LifeOrb|RoughSkin|Earthquake,DragonClaw,RockSlide,Protect|Jolly||M|||50|
|
|t:|1786135995
|teamsize|p1|4
|teamsize|p2|4
|start
|switch|p1a: Raichu|Raichu, L50, F|100/100
|switch|p1b: Arcanine|Arcanine-Hisui, L50, M|100/100
|switch|p2a: Aerodactyl|Aerodactyl, L50, M|100/100
|switch|p2b: Farigiraf|Farigiraf, L50, F|100/100
|-ability|p2a: Aerodactyl|Unnerve
|turn|1
|
|t:|1786136022
|detailschange|p2a: Aerodactyl|Aerodactyl-Mega, L50, M
|-mega|p2a: Aerodactyl|Aerodactyl|Aerodactylite
|detailschange|p1a: Raichu|Raichu-Mega-Y, L50, F
|-mega|p1a: Raichu|Raichu|Raichunite Y
|move|p2a: Aerodactyl|Rock Slide|p1a: Raichu|[spread] p1a,p1b
|-supereffective|p1b: Arcanine|1
|-damage|p1a: Raichu|54/100
|-damage|p1b: Arcanine|26/100
|cant|p1a: Raichu|flinch
|cant|p1b: Arcanine|flinch
|move|p2b: Farigiraf|Psychic|p1a: Raichu
|-damage|p1a: Raichu|5/100
|
|upkeep
|turn|2
|
|t:|1786136040
|switch|p1a: Kingambit|Kingambit, L50, M|100/100
|move|p2a: Aerodactyl|Rock Slide|p1b: Arcanine|[spread] p1a,p1b
|-resisted|p1a: Kingambit|1
|-supereffective|p1b: Arcanine|1
|-damage|p1a: Kingambit|89/100
|-damage|p1b: Arcanine|0 fnt
|faint|p1b: Arcanine
|move|p2b: Farigiraf|Psychic|p1a: Kingambit
|-immune|p1a: Kingambit
|
|upkeep
|
|t:|1786136050
|switch|p1b: Sylveon|Sylveon, L50, F|100/100
|turn|3
|
|t:|1786136065
|move|p2b: Farigiraf|Protect|p2b: Farigiraf
|-singleturn|p2b: Farigiraf|Protect
|move|p2a: Aerodactyl|Tailwind|p2a: Aerodactyl
|-sidestart|p2: oapals121|move: Tailwind
|move|p1b: Sylveon|Hyper Beam|p2a: Aerodactyl
|-damage|p2a: Aerodactyl|0 fnt
|-mustrecharge|p1b: Sylveon
|faint|p2a: Aerodactyl
|move|p1a: Kingambit|Swords Dance|p1a: Kingambit
|-boost|p1a: Kingambit|atk|2
|
|upkeep
|
|t:|1786136074
|switch|p2a: Garchomp|Garchomp, L50, M|100/100
|turn|4
|
|t:|1786136087
|move|p2a: Garchomp|Earthquake|p1b: Sylveon|[spread] p2b,p1a,p1b
|-supereffective|p1a: Kingambit|1
|-crit|p1b: Sylveon
|-damage|p2b: Farigiraf|55/100
|-damage|p1a: Kingambit|14/100
|-damage|p1b: Sylveon|21/100
|-damage|p2a: Garchomp|90/100|[from] item: Life Orb
|move|p2b: Farigiraf|Thunderbolt|p1b: Sylveon
|-damage|p1b: Sylveon|2/100
|cant|p1b: Sylveon|recharge
|move|p1a: Kingambit|Kowtow Cleave|p2a: Garchomp
|-damage|p2a: Garchomp|0 fnt
|-damage|p1a: Kingambit|2/100|[from] ability: Rough Skin|[of] p2a: Garchomp
|faint|p2a: Garchomp
|-damage|p1a: Kingambit|0 fnt|[from] item: Life Orb
|faint|p1a: Kingambit
|
|upkeep
|
|t:|1786136103
|switch|p2a: Kingambit|Kingambit, L50, M|100/100
|switch|p1a: Raichu|Raichu-Mega-Y, L50, F|5/100
|turn|5
|
|t:|1786136123
|move|p1a: Raichu|Protect|p1a: Raichu
|-singleturn|p1a: Raichu|Protect
|move|p2a: Kingambit|Iron Head|p1a: Raichu
|-activate|p1a: Raichu|move: Protect
|move|p2b: Farigiraf|Psychic|p1b: Sylveon
|-damage|p1b: Sylveon|0 fnt
|faint|p1b: Sylveon
|
|upkeep
|turn|6
|
|t:|1786136135
|move|p2a: Kingambit|Kowtow Cleave|p1a: Raichu
|-damage|p1a: Raichu|0 fnt
|faint|p1a: Raichu
|
|win|oapals121
