|j|☆mikelpoyarzabal
|j|☆BrorGregerGaming
|html|mikelpoyarzabalBrorGregerGaming    
|uhtml|bestof|Game 2 of a best-of-3
|t:|1785769656
|gametype|doubles
|player|p1|mikelpoyarzabal|arven-s|1387
|player|p2|BrorGregerGaming|veteran|1203
|gen|9
|tier|[Gen 9 Champions] VGC 2026 Reg M-B (Bo3)
|rated|
|rule|Species Clause: Limit one of each Pokémon
|rule|Item Clause: Limit 1 of each item
|clearpoke
|poke|p1|Gengar, L50, F|
|poke|p1|Swampert, L50, M|
|poke|p1|Incineroar, L50, M|
|poke|p1|Politoed, L50, F|
|poke|p1|Archaludon, L50, F|
|poke|p1|Vivillon, L50, M|
|poke|p2|Musharna, L50, M|
|poke|p2|Mamoswine, L50, F|
|poke|p2|Torkoal, L50, F|
|poke|p2|Sinistcha, L50|
|poke|p2|Medicham, L50, F|
|poke|p2|Bellibolt, L50, F|
|teampreview|4
|showteam|p1|Gengar||Gengarite|CursedBody|ShadowBall,SludgeBomb,Protect,PerishSong|Timid||F|||50|]Swampert||Swampertite|Torrent|WaveCrash,Earthquake,IcePunch,Protect|Adamant||M|||50|]Incineroar||PasshoBerry|Intimidate|ThroatChop,PartingShot,FakeOut,Protect|Sassy||M|||50|]Politoed||SitrusBerry|Drizzle|WeatherBall,PerishSong,Encore,Protect|Calm||F|||50|]Archaludon||Leftovers|Stamina|DragonPulse,FlashCannon,ElectroShot,Protect|Bold||F|||50|]Vivillon||FocusSash|CompoundEyes|Hurricane,SleepPowder,RagePowder,Protect|Timid||M|||50|
|showteam|p2|Musharna||ColburBerry|Telepathy|TrickRoom,Hypnosis,HelpingHand,Moonblast|Sassy||M|||50|]Mamoswine||FocusSash|Oblivious|Earthquake,IceShard,RockSlide,Protect|Adamant||F|||50|]Torkoal||LifeOrb|Drought|HeatWave,SolarBeam,EarthPower,Protect|Quiet||F|||50|]Sinistcha||KasibBerry|Hospitality|RagePowder,Protect,MatchaGotcha,TrickRoom|Relaxed|||||50|]Medicham||Medichamite|Telepathy|FakeOut,PsychoCut,RockSlide,CloseCombat|Brave||F|||50|]Bellibolt||Magnet|Electromorphosis|ParabolicCharge,Thunderbolt,Protect,Soak|Bold||F|||50|
|inactive|Battle timer is ON: inactive players will automatically lose when time's up. (requested by mikelpoyarzabal)
|
|t:|1785769676
|teamsize|p1|4
|teamsize|p2|4
|start
|switch|p1a: Gengar|Gengar, L50, F|100/100
|switch|p1b: Incineroar|Incineroar, L50, M|100/100
|switch|p2a: Sinistcha|Sinistcha, L50|100/100
|switch|p2b: Medicham|Medicham, L50, F|100/100
|-ability|p1b: Incineroar|Intimidate|boost
|-unboost|p2a: Sinistcha|atk|1
|-unboost|p2b: Medicham|atk|1
|turn|1
|
|t:|1785769689
|detailschange|p1a: Gengar|Gengar-Mega, L50, F
|-mega|p1a: Gengar|Gengar|Gengarite
|detailschange|p2b: Medicham|Medicham-Mega, L50, F
|-mega|p2b: Medicham|Medicham|Medichamite
|move|p2b: Medicham|Fake Out|p1b: Incineroar
|-damage|p1b: Incineroar|86/100
|cant|p1b: Incineroar|flinch
|move|p1a: Gengar|Shadow Ball|p2b: Medicham
|-supereffective|p2b: Medicham|1
|-damage|p2b: Medicham|0 fnt
|faint|p2b: Medicham
|move|p2a: Sinistcha|Trick Room|p2a: Sinistcha
|-fieldstart|move: Trick Room|[of] p2a: Sinistcha
|
|upkeep
|
|t:|1785769702
|switch|p2b: Torkoal|Torkoal, L50, F|100/100
|-weather|SunnyDay|[from] ability: Drought|[of] p2b: Torkoal
|turn|2
|
|t:|1785769711
|switch|p1a: Politoed|Politoed, L50, F|100/100
|-weather|RainDance|[from] ability: Drizzle|[of] p1a: Politoed
|move|p2b: Torkoal|Heat Wave|p1a: Politoed|[spread] p1b
|-miss|p2b: Torkoal|p1a: Politoed
|-resisted|p1b: Incineroar|1
|-damage|p1b: Incineroar|79/100
|-damage|p2b: Torkoal|90/100|[from] item: Life Orb
|move|p1b: Incineroar|Parting Shot|p2b: Torkoal
|-unboost|p2b: Torkoal|atk|1
|-unboost|p2b: Torkoal|spa|1
|
|t:|1785769718
|switch|p1b: Gengar|Gengar-Mega, L50, F|100/100|[from] Parting Shot
|move|p2a: Sinistcha|Matcha Gotcha|p1b: Gengar|[spread] p1b
|-miss|p2a: Sinistcha|p1a: Politoed
|-resisted|p1b: Gengar|1
|-damage|p1b: Gengar|87/100
|
|-weather|RainDance|[upkeep]
|upkeep
|turn|3
|
|t:|1785769731
|move|p2b: Torkoal|Earth Power|p1b: Gengar
|-supereffective|p1b: Gengar|1
|-damage|p1b: Gengar|38/100
|-damage|p2b: Torkoal|80/100|[from] item: Life Orb
|move|p2a: Sinistcha|Matcha Gotcha|p1b: Gengar|[spread] p1a,p1b
|-supereffective|p1a: Politoed|1
|-resisted|p1b: Gengar|1
|-damage|p1a: Politoed|62/100
|-damage|p1b: Gengar|25/100
|move|p1a: Politoed|Weather Ball|p2b: Torkoal
|-supereffective|p2b: Torkoal|1
|-damage|p2b: Torkoal|0 fnt
|faint|p2b: Torkoal
|move|p1b: Gengar|Sludge Bomb|p2a: Sinistcha
|-damage|p2a: Sinistcha|36/100
|
|-weather|RainDance|[upkeep]
|upkeep
|
|t:|1785769746
|switch|p2b: Bellibolt|Bellibolt, L50, F|100/100
|turn|4
|
|t:|1785769754
|switch|p1a: Archaludon|Archaludon, L50, F|100/100
|switch|p1b: Incineroar|Incineroar, L50, M|79/100
|-ability|p1b: Incineroar|Intimidate|boost
|-unboost|p2a: Sinistcha|atk|1
|-unboost|p2b: Bellibolt|atk|1
|move|p2a: Sinistcha|Protect|p2a: Sinistcha
|-singleturn|p2a: Sinistcha|Protect
|move|p2b: Bellibolt|Parabolic Charge|p1b: Incineroar|[spread] p1a,p1b
|-activate|p2a: Sinistcha|move: Protect
|-resisted|p1a: Archaludon|1
|-damage|p1a: Archaludon|89/100
|-damage|p1b: Incineroar|64/100
|-ability|p1a: Archaludon|Stamina|boost
|-boost|p1a: Archaludon|def|1
|
|-weather|RainDance|[upkeep]
|-heal|p1a: Archaludon|95/100|[from] item: Leftovers
|upkeep
|turn|5
|
|t:|1785769774
|move|p1b: Incineroar|Fake Out|p2b: Bellibolt
|-damage|p2b: Bellibolt|91/100
|-start|p2b: Bellibolt|Charge|Fake Out|[from] ability: Electromorphosis
|cant|p2b: Bellibolt|flinch
|move|p2a: Sinistcha|Matcha Gotcha|p1b: Incineroar|[spread] p1b
|-miss|p2a: Sinistcha|p1a: Archaludon
|-resisted|p1b: Incineroar|1
|-damage|p1b: Incineroar|54/100
|-heal|p2a: Sinistcha|41/100|[from] drain|[of] p1b: Incineroar
|move|p1a: Archaludon|Dragon Pulse|p2a: Sinistcha
|-damage|p2a: Sinistcha|0 fnt
|faint|p2a: Sinistcha
|
|-weather|RainDance|[upkeep]
|-heal|p1a: Archaludon|100/100|[from] item: Leftovers
|-fieldend|move: Trick Room
|upkeep
|turn|6
|-message|BrorGregerGaming forfeited.
|
|win|mikelpoyarzabal
