|j|â˜†Northgdh
|j|â˜†ginjiiiiii
|html|Northgdhginjiiiiii    
|uhtml|bestof|Game 1 of a best-of-3
|t:|1783736136
|gametype|doubles
|player|p1|Northgdh|265|1114
|player|p2|ginjiiiiii|1|1078
|gen|9
|tier|[Gen 9 Champions] VGC 2026 Reg M-B (Bo3)
|rated|
|rule|Species Clause: Limit one of each PokÃ©mon
|rule|Item Clause: Limit 1 of each item
|clearpoke
|poke|p1|Floette-Eternal, L50, F|
|poke|p1|Sinistcha, L50|
|poke|p1|Sneasler, L50, F|
|poke|p1|Incineroar, L50, M, shiny|
|poke|p1|Kingambit, L50, M, shiny|
|poke|p1|Blastoise, L50, F, shiny|
|poke|p2|Raichu, L50, M|
|poke|p2|Sinistcha, L50|
|poke|p2|Incineroar, L50, F|
|poke|p2|Staraptor, L50, F|
|poke|p2|Sneasler, L50, M|
|poke|p2|Whimsicott, L50, M|
|teampreview|4
|showteam|p1|Floette-Eternal||Floettite|FlowerVeil|Moonblast,DrainingKiss,CalmMind,Protect|Modest||F|||50|]Sinistcha||OccaBerry|Hospitality|MatchaGotcha,LifeDew,RagePowder,Protect|Calm|||||50|]Sneasler||FocusSash|PoisonTouch|CloseCombat,PoisonJab,FakeOut,QuickGuard|Jolly||F|||50|]Incineroar||SitrusBerry|Intimidate|FlareBlitz,FakeOut,HelpingHand,PartingShot|Impish||M|||50|]Kingambit||BlackGlasses|Defiant|KowtowCleave,SuckerPunch,SwordsDance,Protect|Adamant||M|||50|]Blastoise||Blastoisinite|RainDish|WaterSpout,DarkPulse,ShellSmash,Protect|Modest||F|||50|
|showteam|p2|Raichu||RaichuniteY|LightningRod|ZapCannon,FocusBlast,GrassKnot,Protect|Timid||M|||50|]Sinistcha||SitrusBerry|Hospitality|RagePowder,StrengthSap,MatchaGotcha,LifeDew|Relaxed|||||50|]Incineroar||Leftovers|Intimidate|DarkestLariat,FakeOut,PartingShot,Protect|Impish||F|||50|]Staraptor||Staraptite|Intimidate|CloseCombat,BraveBird,Roost,Protect|Adamant||F|||50|]Sneasler||FocusSash|PoisonTouch|FakeOut,CloseCombat,DireClaw,Protect|Jolly||M|||50|]Whimsicott||MentalHerb|Prankster|Tailwind,Charm,Moonblast,Protect|Bold||M|||50|
|inactive|Battle timer is ON: inactive players will automatically lose when time's up. (requested by Northgdh)
|inactive|Northgdh has 60 seconds left.
|inactive|ginjiiiiii has 60 seconds left.
|inactive|Northgdh has 30 seconds left.
|
|t:|1783736200
|teamsize|p1|4
|teamsize|p2|4
|start
|switch|p1a: honeybee|Sneasler, L50, F|100/100
|switch|p1b: stupid song|Floette-Eternal, L50, F|100/100
|switch|p2a: Sneasler|Sneasler, L50, M|100/100
|switch|p2b: Raichu|Raichu, L50, M|100/100
|turn|1
|
|t:|1783736220
|detailschange|p2b: Raichu|Raichu-Mega-Y, L50, M
|-mega|p2b: Raichu|Raichu|Raichunite Y
|detailschange|p1b: stupid song|Floette-Mega, L50, F
|-mega|p1b: stupid song|Floette|Floettite
|-ability|p1b: stupid song|Fairy Aura
|move|p2b: Raichu|Protect|p2b: Raichu
|-singleturn|p2b: Raichu|Protect
|move|p2a: Sneasler|Fake Out|p1a: honeybee
|-damage|p1a: honeybee|78/100
|cant|p1a: honeybee|flinch
|move|p1b: stupid song|Moonblast|p2a: Sneasler
|-enditem|p2a: Sneasler|Focus Sash
|-damage|p2a: Sneasler|1/100
|
|upkeep
|turn|2
|c|â˜†Northgdh|Rip
|c|â˜†Northgdh|huge speed tie loss
|inactive|Northgdh has 30 seconds left.
|
|t:|1783736247
|move|p2b: Raichu|Zap Cannon|p1a: honeybee
|-damage|p1a: honeybee|0 fnt
|faint|p1a: honeybee
|move|p2a: Sneasler|Dire Claw|p1b: stupid song
|-supereffective|p1b: stupid song|1
|-damage|p1b: stupid song|13/100
|-status|p1b: stupid song|par
|move|p1b: stupid song|Calm Mind|p1b: stupid song
|-boost|p1b: stupid song|spa|1
|-boost|p1b: stupid song|spd|1
|
|upkeep
|
|t:|1783736251
|switch|p1a: the cure|Sinistcha, L50|100/100
|-heal|p1b: stupid song|37/100 par|[from] ability: Hospitality|[of] p1a: the cure
|turn|3
|
|t:|1783736266
|cant|p1b: stupid song|par
|move|p2b: Raichu|Zap Cannon|p1b: stupid song
|-damage|p1b: stupid song|0 fnt
|faint|p1b: stupid song
|move|p2a: Sneasler|Dire Claw|p1a: the cure
|-damage|p1a: the cure|66/100
|-status|p1a: the cure|par
|move|p1a: the cure|Matcha Gotcha|p2a: Sneasler|[spread] p2a,p2b
|-resisted|p2a: Sneasler|1
|-damage|p2a: Sneasler|0 fnt
|-heal|p1a: the cure|66/100 par|[from] drain|[of] p2a: Sneasler
|-damage|p2b: Raichu|64/100
|-heal|p1a: the cure|80/100 par|[from] drain|[of] p2b: Raichu
|-status|p2b: Raichu|brn
|faint|p2a: Sneasler
|
|-damage|p2b: Raichu|59/100 brn|[from] brn
|upkeep
|
|t:|1783736287
|switch|p2a: Sinistcha|Sinistcha, L50|100/100
|switch|p1b: wrong w me|Incineroar, L50, M, shiny|100/100
|-ability|p1b: wrong w me|Intimidate|boost
|-unboost|p2a: Sinistcha|atk|1
|-unboost|p2b: Raichu|atk|1
|-heal|p2b: Raichu|83/100 brn|[from] ability: Hospitality|[of] p2a: Sinistcha
|turn|4
|
|t:|1783736301
|move|p1b: wrong w me|Fake Out|p2b: Raichu
|-damage|p2b: Raichu|62/100 brn
|move|p2a: Sinistcha|Rage Powder|p2a: Sinistcha
|-singleturn|p2a: Sinistcha|move: Rage Powder
|cant|p2b: Raichu|flinch
|move|p1a: the cure|Matcha Gotcha|p2a: Sinistcha|[spread] p2a,p2b
|-resisted|p2a: Sinistcha|1
|-damage|p2a: Sinistcha|84/100
|-heal|p1a: the cure|88/100 par|[from] drain|[of] p2a: Sinistcha
|-damage|p2b: Raichu|22/100 brn
|-heal|p1a: the cure|100/100 par|[from] drain|[of] p2b: Raichu
|
|-damage|p2b: Raichu|16/100 brn|[from] brn
|upkeep
|turn|5
|
|t:|1783736322
|switch|p2b: Whimsicott|Whimsicott, L50, M|100/100
|cant|p1a: the cure|par
|move|p1b: wrong w me|Flare Blitz|p2a: Sinistcha
|-supereffective|p2a: Sinistcha|1
|-damage|p2a: Sinistcha|23/100
|-status|p2a: Sinistcha|brn
|-enditem|p2a: Sinistcha|Sitrus Berry|[eat]
|-heal|p2a: Sinistcha|47/100 brn|[from] item: Sitrus Berry
|-damage|p1b: wrong w me|82/100|[from] Recoil
|move|p2a: Sinistcha|Matcha Gotcha|p1b: wrong w me|[spread] p1a,p1b
|-resisted|p1a: the cure|1
|-resisted|p1b: wrong w me|1
|-damage|p1a: the cure|88/100 par
|-heal|p2a: Sinistcha|53/100 brn|[from] drain|[of] p1a: the cure
|-damage|p1b: wrong w me|71/100
|-heal|p2a: Sinistcha|60/100 brn|[from] drain|[of] p1b: wrong w me
|
|-damage|p2a: Sinistcha|53/100 brn|[from] brn
|upkeep
|turn|6
|c|â˜†ginjiiiiii|lucky burn
|inactive|ginjiiiiii has 30 seconds left.
|
|t:|1783736348
|move|p2b: Whimsicott|Moonblast|p1b: wrong w me
|-damage|p1b: wrong w me|45/100
|-unboost|p1b: wrong w me|spa|1
|-enditem|p1b: wrong w me|Sitrus Berry|[eat]
|-heal|p1b: wrong w me|69/100|[from] item: Sitrus Berry
|move|p1b: wrong w me|Flare Blitz|p2a: Sinistcha
|-supereffective|p2a: Sinistcha|1
|-damage|p2a: Sinistcha|0 fnt
|faint|p2a: Sinistcha
|-damage|p1b: wrong w me|53/100|[from] Recoil
|move|p1a: the cure|Life Dew|p1a: the cure|[spread] p1a,p1b
|-heal|p1a: the cure|100/100 par
|-heal|p1b: wrong w me|79/100
|
|upkeep
|c|â˜†Northgdh|Karma for the sped tie loss and para
|
|t:|1783736364
|switch|p2a: Raichu|Raichu-Mega-Y, L50, M|16/100 brn
|turn|7
|
|t:|1783736376
|move|p2a: Raichu|Protect|p2a: Raichu
|-singleturn|p2a: Raichu|Protect
|move|p1a: the cure|Rage Powder|p1a: the cure
|-singleturn|p1a: the cure|move: Rage Powder
|move|p2b: Whimsicott|Tailwind|p2b: Whimsicott
|-sidestart|p2: ginjiiiiii|move: Tailwind
|move|p1b: wrong w me|Flare Blitz|p2b: Whimsicott
|-supereffective|p2b: Whimsicott|1
|-damage|p2b: Whimsicott|6/100
|-damage|p1b: wrong w me|53/100|[from] Recoil
|
|-damage|p2a: Raichu|10/100 brn|[from] brn
|upkeep
|turn|8
|
|t:|1783736393
|move|p2b: Whimsicott|Protect|p2b: Whimsicott
|-singleturn|p2b: Whimsicott|Protect
|move|p2a: Raichu|Zap Cannon|p1b: wrong w me
|-damage|p1b: wrong w me|0 fnt
|faint|p1b: wrong w me
|move|p1a: the cure|Matcha Gotcha|p2a: Raichu|[spread] p2a
|-activate|p2b: Whimsicott|move: Protect
|-damage|p2a: Raichu|0 fnt
|faint|p2a: Raichu
|
|upkeep
|turn|9
|
|t:|1783736407
|move|p2b: Whimsicott|Moonblast|p1a: the cure
|-damage|p1a: the cure|75/100 par
|move|p1a: the cure|Matcha Gotcha|p2b: Whimsicott
|-resisted|p2b: Whimsicott|1
|-damage|p2b: Whimsicott|0 fnt
|-heal|p1a: the cure|79/100 par|[from] drain|[of] p2b: Whimsicott
|faint|p2b: Whimsicott
|
|win|Northgdh
||ginjiiiiii is ready for game 2.
