|j|☆BierSV
|j|☆gostzin
|html|BierSVgostzin    
|uhtml|bestof|Game 1 of a best-of-3
|t:|1756171813
|gametype|doubles
|player|p1|BierSV|lance|
|player|p2|gostzin|102|
|gen|9
|tier|[Gen 9] VGC 2025 Reg H (Bo3)
|rule|Species Clause: Limit one of each Pokémon
|rule|Item Clause: Limit 1 of each item
|clearpoke
|poke|p1|Sneasler, L50, M|
|poke|p1|Electabuzz, L50, M|
|poke|p1|Rillaboom, L50, F|
|poke|p1|Volcarona, L50, F|
|poke|p1|Dragonite, L50, M|
|poke|p1|Gholdengo, L50|
|poke|p2|Incineroar, L50, M|
|poke|p2|Volcarona, L50, F|
|poke|p2|Amoonguss, L50, F|
|poke|p2|Ninetales-Alola, L50, M|
|poke|p2|Ursaluna-Bloodmoon, L50, M|
|poke|p2|Kingambit, L50, M|
|teampreview|4
|showteam|p1|Sneasler||FocusSash|PoisonTouch|CloseCombat,DireClaw,ThroatChop,FakeOut|||M|||50|,,,,,Stellar]Electabuzz||Eviolite|VitalSpirit|FollowMe,Electroweb,Taunt,Protect|||M|||50|,,,,,Ghost]Rillaboom||AssaultVest|GrassySurge|WoodHammer,GrassyGlide,HighHorsepower,FakeOut|||F|||50|,,,,,Fire]Volcarona||Leftovers|FlameBody|Protect,QuiverDance,HeatWave,TeraBlast|||F|||50|,,,,,Fairy]Dragonite||LoadedDice|Multiscale|Protect,ExtremeSpeed,Haze,ScaleShot|||M|||50|,,,,,Fairy]Gholdengo||LifeOrb|GoodasGold|MakeItRain,ShadowBall,NastyPlot,Protect||||||50|,,,,,Water
|showteam|p2|Incineroar||SafetyGoggles|Intimidate|WillOWisp,FakeOut,Taunt,KnockOff|||M|||50|,,,,,Ghost]Volcarona||CovertCloak|FlameBody|QuiverDance,FieryDance,GigaDrain,Protect|||F|||50|,,,,,Fairy]Amoonguss||RockyHelmet|Regenerator|Spore,ClearSmog,PollenPuff,RagePowder|||F|||50|,,,,,Water]Ninetales-Alola||FocusSash|SnowWarning|Blizzard,FreezeDry,IcyWind,AuroraVeil|||M|||50|,,,,,Ghost]Ursaluna-Bloodmoon||AssaultVest|MindsEye|BloodMoon,EarthPower,HyperVoice,VacuumWave|||M|||50|,,,,,Ghost]Kingambit||BlackGlasses|Defiant|SuckerPunch,Protect,KowtowCleave,SwordsDance|||M|||50|,,,,,Dark
|j| wonderfulnewghost
|j| DoubleBad17
|j| tapadelunala
|j| kiminha17
|j| moreiraxyz07
|c|☆gostzin|todo mundo ai?
|c|☆BierSV|boa sorte man
|j| janmartinez
|j| drd0712
|c|☆gostzin|bom jogo!!!
|c| janmartinez|boa sorte pra voces
|l| tapadelunala
|c|☆gostzin|bora?
|c|☆BierSV|bora
|j| tapadelunala
|inactive|Battle timer is ON: inactive players will automatically lose when time's up. (requested by BierSV)
|inactive|gostzin also wants the timer to be on.
|j| LuSante
|inactive|BierSV has 60 seconds left.
|
|t:|1756171907
|teamsize|p1|4
|teamsize|p2|4
|start
|switch|p1a: Electabuzz|Electabuzz, L50, M|100/100
|switch|p1b: Volcarona|Volcarona, L50, F|100/100
|switch|p2a: Ninetales|Ninetales-Alola, L50, M, shiny|100/100
|switch|p2b: Incineroar|Incineroar, L50, M, shiny|100/100
|-weather|Snowscape|[from] ability: Snow Warning|[of] p2a: Ninetales
|-ability|p2b: Incineroar|Intimidate|boost
|-unboost|p1a: Electabuzz|atk|1
|-unboost|p1b: Volcarona|atk|1
|turn|1
|j| int shinji
|
|t:|1756171924
|move|p2a: Ninetales|Aurora Veil|p2a: Ninetales
|-sidestart|p2: gostzin|move: Aurora Veil
|move|p1a: Electabuzz|Taunt|p2b: Incineroar
|-start|p2b: Incineroar|move: Taunt
|move|p1b: Volcarona|Quiver Dance|p1b: Volcarona
|-boost|p1b: Volcarona|spa|1
|-boost|p1b: Volcarona|spd|1
|-boost|p1b: Volcarona|spe|1
|cant|p2b: Incineroar|move: Taunt|Taunt
|
|-weather|Snowscape|[upkeep]
|upkeep
|turn|2
|
|t:|1756171938
|move|p1b: Volcarona|Quiver Dance|p1b: Volcarona
|-boost|p1b: Volcarona|spa|1
|-boost|p1b: Volcarona|spd|1
|-boost|p1b: Volcarona|spe|1
|move|p2a: Ninetales|Icy Wind|p1b: Volcarona|[spread] p1a,p1b
|-resisted|p1b: Volcarona
|-damage|p1a: Electabuzz|89/100
|-damage|p1b: Volcarona|97/100
|-unboost|p1a: Electabuzz|spe|1
|-unboost|p1b: Volcarona|spe|1
|move|p1a: Electabuzz|Electroweb|p2b: Incineroar|[spread] p2a,p2b
|-damage|p2a: Ninetales|90/100
|-damage|p2b: Incineroar|92/100
|-unboost|p2a: Ninetales|spe|1
|-unboost|p2b: Incineroar|spe|1
|move|p2b: Incineroar|Knock Off|p1a: Electabuzz
|-damage|p1a: Electabuzz|49/100
|-enditem|p1a: Electabuzz|Eviolite|[from] move: Knock Off|[of] p2b: Incineroar
|
|-weather|Snowscape|[upkeep]
|-heal|p1b: Volcarona|100/100|[from] item: Leftovers
|upkeep
|turn|3
|
|t:|1756171963
|move|p1a: Electabuzz|Follow Me|p1a: Electabuzz
|-singleturn|p1a: Electabuzz|move: Follow Me
|move|p1b: Volcarona|Quiver Dance|p1b: Volcarona
|-boost|p1b: Volcarona|spa|1
|-boost|p1b: Volcarona|spd|1
|-boost|p1b: Volcarona|spe|1
|move|p2a: Ninetales|Icy Wind|p1a: Electabuzz|[spread] p1a,p1b
|-resisted|p1b: Volcarona
|-damage|p1a: Electabuzz|30/100
|-damage|p1b: Volcarona|98/100
|-unboost|p1a: Electabuzz|spe|1
|-unboost|p1b: Volcarona|spe|1
|move|p2b: Incineroar|Knock Off|p1a: Electabuzz
|-damage|p1a: Electabuzz|0 fnt
|faint|p1a: Electabuzz
|
|-weather|Snowscape|[upkeep]
|-heal|p1b: Volcarona|100/100|[from] item: Leftovers
|-end|p2b: Incineroar|move: Taunt
|upkeep
|
|t:|1756171979
|switch|p1a: Sneasler|Sneasler, L50, M|100/100
|turn|4
|
|t:|1756171988
|-terastallize|p2b: Incineroar|Ghost
|move|p1b: Volcarona|Heat Wave|p2b: Incineroar|[spread] p2a,p2b
|-supereffective|p2a: Ninetales
|-damage|p2a: Ninetales|0 fnt
|-damage|p2b: Incineroar|41/100
|faint|p2a: Ninetales
|move|p1a: Sneasler|Dire Claw|p2b: Incineroar
|-resisted|p2b: Incineroar
|-damage|p2b: Incineroar|29/100
|move|p2b: Incineroar|Knock Off|p1b: Volcarona
|-damage|p1b: Volcarona|57/100
|-enditem|p1b: Volcarona|Leftovers|[from] move: Knock Off|[of] p2b: Incineroar
|
|-weather|Snowscape|[upkeep]
|upkeep
|
|t:|1756172000
|switch|p2a: Ursaluna|Ursaluna-Bloodmoon, L50, M|100/100
|turn|5
|
|t:|1756172011
|move|p1b: Volcarona|Heat Wave|p2a: Ursaluna|[spread] p2a,p2b
|-damage|p2a: Ursaluna|58/100
|-damage|p2b: Incineroar|0 fnt
|faint|p2b: Incineroar
|move|p1a: Sneasler|Close Combat|p2a: Ursaluna
|-supereffective|p2a: Ursaluna
|-damage|p2a: Ursaluna|0 fnt
|-unboost|p1a: Sneasler|def|1
|-unboost|p1a: Sneasler|spd|1
|faint|p2a: Ursaluna
|
|-weather|none
|-sideend|p2: gostzin|move: Aurora Veil
|upkeep
|
|t:|1756172023
|switch|p2a: Volcarona|Volcarona, L50, F, shiny|100/100
|turn|6
|
|t:|1756172034
|move|p1b: Volcarona|Heat Wave|p2a: Volcarona
|-damage|p2a: Volcarona|5/100
|move|p1a: Sneasler|Dire Claw|p2a: Volcarona
|-damage|p2a: Volcarona|0 fnt
|faint|p2a: Volcarona
|
|win|BierSV
||gostzin is ready for game 2.
||BierSV is ready for game 2.
|uhtml|next|Next: Game 2 of 3
|l| tapadelunala
|j| tapadelunala
|l| LuSante
|l| drd0712
|l| tapadelunala
|l| moreiraxyz07
|l| int shinji
|l| janmartinez
|l| kiminha17
|l| wonderfulnewghost
