|j|☆A_TerroneVGC
|j|☆The median voter
|html|A_TerroneVGCThe median voter    
|uhtml|bestof|Game 2 of a best-of-3
|t:|1755174689
|gametype|doubles
|player|p1|A_TerroneVGC|169|1335
|player|p2|The median voter|scientist-gen4dp|1409
|gen|9
|tier|[Gen 9] VGC 2025 Reg H (Bo3)
|rated|
|rule|Species Clause: Limit one of each Pokémon
|rule|Item Clause: Limit 1 of each item
|clearpoke
|poke|p1|Basculegion, L50, M|
|poke|p1|Archaludon, L50, M|
|poke|p1|Kingambit, L50, M|
|poke|p1|Rillaboom, L50, M|
|poke|p1|Pelipper, L50, M|
|poke|p1|Electabuzz, L50, M|
|poke|p2|Kommo-o, L50, M|
|poke|p2|Volcarona, L50, F|
|poke|p2|Rillaboom, L50, M|
|poke|p2|Kingambit, L50, F|
|poke|p2|Ninetales-Alola, L50, F|
|poke|p2|Arcanine-Hisui, L50, M|
|teampreview|4
|showteam|p1|Basculegion||ChoiceBand|SwiftSwim|WaveCrash,LastRespects,FlipTurn,AquaJet|||M|||50|,,,,,Grass]Archaludon||AssaultVest|Stamina|FlashCannon,DracoMeteor,ElectroShot,BodyPress|||M|||50|,,,,,Fairy]Kingambit||BlackGlasses|Defiant|KowtowCleave,SuckerPunch,SwordsDance,Protect|||M|||50|,,,,,Dark]Rillaboom||LoadedDice|GrassySurge|BulletSeed,GrassyGlide,HighHorsepower,FakeOut|||M|||50|,,,,,Fire]Pelipper||FocusSash|Drizzle|WeatherBall,Hurricane,Tailwind,Protect|||M|||50|,,,,,Ghost]Electabuzz||Eviolite|VitalSpirit|Electroweb,Taunt,FollowMe,Protect|||M|||50|,,,,,Ghost
|showteam|p2|Kommo-o||GrassySeed|Overcoat|BodyPress,Taunt,Protect,Flamethrower|||M|||50|,,,,,Steel]Volcarona||SitrusBerry|FlameBody|HeatWave,TeraBlast,QuiverDance,Protect|||F|||50|,,,,,Water]Rillaboom||AssaultVest|GrassySurge|FakeOut,GrassyGlide,WoodHammer,HighHorsepower|||M|||50|,,,,,Fire]Kingambit||BlackGlasses|Defiant|KowtowCleave,SuckerPunch,SwordsDance,Protect|||F|||50|,,,,,Dark]Ninetales-Alola||LifeOrb|SnowWarning|Blizzard,Protect,Encore,FreezeDry|||F|||50|,,,,,Ghost]Arcanine-Hisui||FocusSash|Intimidate|RockSlide,FlareBlitz,ExtremeSpeed,Protect|||M|||50|,,,,,Ghost
|
|t:|1755174708
|teamsize|p1|4
|teamsize|p2|4
|start
|switch|p1a: Rillaboom|Rillaboom, L50, M|100/100
|switch|p1b: Basculegion|Basculegion, L50, M|100/100
|switch|p2a: Ninetales|Ninetales-Alola, L50, F|100/100
|switch|p2b: Kommo-o|Kommo-o, L50, M|100/100
|-weather|Snowscape|[from] ability: Snow Warning|[of] p2a: Ninetales
|-fieldstart|move: Grassy Terrain|[from] ability: Grassy Surge|[of] p1a: Rillaboom
|-enditem|p2b: Kommo-o|Grassy Seed
|-boost|p2b: Kommo-o|def|1|[from] item: Grassy Seed
|turn|1
|inactive|Battle timer is ON: inactive players will automatically lose when time's up. (requested by The median voter)
|
|t:|1755174718
|switch|p1b: Archaludon|Archaludon, L50, M|100/100
|move|p2a: Ninetales|Freeze-Dry|p1a: Rillaboom
|-supereffective|p1a: Rillaboom
|-damage|p1a: Rillaboom|25/100
|-status|p1a: Rillaboom|frz
|-damage|p2a: Ninetales|91/100|[from] item: Life Orb
|move|p2b: Kommo-o|Body Press|p1a: Rillaboom
|-damage|p1a: Rillaboom|0 fnt
|faint|p1a: Rillaboom
|
|-weather|Snowscape|[upkeep]
|-heal|p2a: Ninetales|97/100|[from] Grassy Terrain
|upkeep
|
|t:|1755174730
|switch|p1a: Pelipper|Pelipper, L50, M|100/100
|-weather|RainDance|[from] ability: Drizzle|[of] p1a: Pelipper
|turn|2
|
|t:|1755174744
|move|p2a: Ninetales|Freeze-Dry|p1a: Pelipper
|-supereffective|p1a: Pelipper
|-enditem|p1a: Pelipper|Focus Sash
|-damage|p1a: Pelipper|1/100
|-status|p1a: Pelipper|frz
|-damage|p2a: Ninetales|88/100|[from] item: Life Orb
|move|p2b: Kommo-o|Body Press|p1a: Pelipper
|-resisted|p1a: Pelipper
|-damage|p1a: Pelipper|0 fnt
|faint|p1a: Pelipper
|move|p1b: Archaludon|Electro Shot||[still]
|-prepare|p1b: Archaludon|Electro Shot
|-boost|p1b: Archaludon|spa|1
|-anim|p1b: Archaludon|Electro Shot|p2a: Ninetales
|-damage|p2a: Ninetales|25/100
|
|-weather|RainDance|[upkeep]
|-heal|p2a: Ninetales|31/100|[from] Grassy Terrain
|upkeep
|
|t:|1755174753
|switch|p1a: Basculegion|Basculegion, L50, M|100/100
|turn|3
|inactive|A_TerroneVGC has 30 seconds left.
|
|t:|1755174784
|move|p2b: Kommo-o|Protect|p2b: Kommo-o
|-singleturn|p2b: Kommo-o|Protect
|move|p1a: Basculegion|Last Respects|p2a: Ninetales
|-damage|p2a: Ninetales|0 fnt
|faint|p2a: Ninetales
|move|p1b: Archaludon|Electro Shot||[still]
|-prepare|p1b: Archaludon|Electro Shot
|-boost|p1b: Archaludon|spa|1
|-anim|p1b: Archaludon|Electro Shot|p2b: Kommo-o
|-activate|p2b: Kommo-o|move: Protect
|
|-weather|RainDance|[upkeep]
|upkeep
|
|t:|1755174791
|switch|p2a: Kingambit|Kingambit, L50, F|100/100
|turn|4
|inactive|A_TerroneVGC has 30 seconds left.
|inactive|A_TerroneVGC has 20 seconds left.
|inactive|A_TerroneVGC has 15 seconds left.
|inactive|A_TerroneVGC has 10 seconds left.
|
|t:|1755174838
|-terastallize|p1a: Basculegion|Grass
|-terastallize|p2b: Kommo-o|Steel
|move|p2a: Kingambit|Sucker Punch|p1a: Basculegion
|-damage|p1a: Basculegion|37/100
|move|p1a: Basculegion|Last Respects|p2a: Kingambit
|-resisted|p2a: Kingambit
|-damage|p2a: Kingambit|58/100
|move|p2b: Kommo-o|Body Press|p1b: Archaludon
|-supereffective|p1b: Archaludon
|-damage|p1b: Archaludon|17/100
|-ability|p1b: Archaludon|Stamina|boost
|-boost|p1b: Archaludon|def|1
|move|p1b: Archaludon|Body Press|p2a: Kingambit
|-supereffective|p2a: Kingambit
|-damage|p2a: Kingambit|0 fnt
|faint|p2a: Kingambit
|
|-weather|RainDance|[upkeep]
|-heal|p1a: Basculegion|43/100|[from] Grassy Terrain
|-heal|p1b: Archaludon|23/100|[from] Grassy Terrain
|upkeep
|
|t:|1755174855
|switch|p2a: Rillaboom|Rillaboom, L50, M|100/100
|turn|5
|
|t:|1755174865
|move|p2a: Rillaboom|Fake Out|p1b: Archaludon
|-resisted|p1b: Archaludon
|-damage|p1b: Archaludon|20/100
|-ability|p1b: Archaludon|Stamina|boost
|-boost|p1b: Archaludon|def|1
|move|p1a: Basculegion|Last Respects|p2b: Kommo-o
|-damage|p2b: Kommo-o|33/100
|move|p2b: Kommo-o|Body Press|p1a: Basculegion
|-damage|p1a: Basculegion|0 fnt
|faint|p1a: Basculegion
|cant|p1b: Archaludon|flinch
|
|-weather|RainDance|[upkeep]
|-heal|p2b: Kommo-o|39/100|[from] Grassy Terrain
|-heal|p1b: Archaludon|26/100|[from] Grassy Terrain
|-fieldend|move: Grassy Terrain
|upkeep
|turn|6
|
|t:|1755174878
|move|p2b: Kommo-o|Body Press|p1b: Archaludon
|-supereffective|p1b: Archaludon
|-damage|p1b: Archaludon|0 fnt
|faint|p1b: Archaludon
|
|win|The median voter
|raw|A_TerroneVGC's rating: 1335 → 1319(-16 for losing)
|raw|The median voter's rating: 1409 → 1425(+16 for winning)
