|j|â˜†TeyVgc
|j|â˜†dandetheheartless
|html|TeyVgcdandetheheartless    
|uhtml|bestof|Game 2 of a best-of-3
|t:|1783316720
|gametype|doubles
|player|p1|TeyVgc|rood|1291
|player|p2|dandetheheartless|winona|1503
|gen|9
|tier|[Gen 9 Champions] VGC 2026 Reg M-B (Bo3)
|rated|
|rule|Species Clause: Limit one of each PokÃ©mon
|rule|Item Clause: Limit 1 of each item
|clearpoke
|poke|p1|Sneasler, L50, F|
|poke|p1|Floette-Eternal, L50, F|
|poke|p1|Sinistcha, L50|
|poke|p1|Incineroar, L50, M|
|poke|p1|Kingambit, L50, M|
|poke|p1|Garchomp, L50, F|
|poke|p2|Raichu, L50, M|
|poke|p2|Gholdengo, L50|
|poke|p2|Basculegion, L50, M|
|poke|p2|Whimsicott, L50, M|
|poke|p2|Incineroar, L50, M|
|poke|p2|Ninetales-Alola, L50, F|
|teampreview|4
|showteam|p1|Sneasler||WhiteHerb|Unburden|CloseCombat,GunkShot,Coaching,FakeOut|Jolly||F|||50|]Floette-Eternal||Floettite|FlowerVeil|CalmMind,Protect,Moonblast,DazzlingGleam|Modest||F|||50|]Sinistcha||ColburBerry|Hospitality|MatchaGotcha,Protect,RagePowder,TrickRoom|Bold|||||50|]Incineroar||SitrusBerry|Intimidate|FakeOut,FlareBlitz,ThroatChop,PartingShot|Impish||M|||50|]Kingambit||ChopleBerry|Defiant|KowtowCleave,SuckerPunch,IronHead,Protect|Adamant||M|||50|]Garchomp||Garchompite|RoughSkin|DragonClaw,Earthquake,SwordsDance,Protect|Adamant||F|||50|
|showteam|p2|Raichu||RaichuniteY|LightningRod|ZapCannon,FocusBlast,FakeOut,Protect|Timid||M|||50|]Gholdengo||LifeOrb|GoodasGold|ShadowBall,MakeItRain,NastyPlot,Protect|Modest|||||50|]Basculegion||MysticWater|Adaptability|WaveCrash,AquaJet,LastRespects,Protect|Adamant||M|||50|]Whimsicott||FocusSash|Prankster|Tailwind,Moonblast,Encore,Protect|Timid||M|||50|]Incineroar||SitrusBerry|Intimidate|FakeOut,PartingShot,ThroatChop,FlareBlitz|Impish||M|||50|]Ninetales-Alola||NeverMeltIce|SnowWarning|Blizzard,FreezeDry,AuroraVeil,Protect|Timid||F|||50|
|inactive|Battle timer is ON: inactive players will automatically lose when time's up. (requested by dandetheheartless)
|inactive|TeyVgc has 60 seconds left.
|
|t:|1783316754
|teamsize|p1|4
|teamsize|p2|4
|start
|switch|p1a: Incineroar|Incineroar, L50, M|100/100
|switch|p1b: Garchomp|Garchomp, L50, F|100/100
|switch|p2a: Rai Y|Raichu, L50, M|100/100
|switch|p2b: Basculegion|Basculegion, L50, M|100/100
|-ability|p1a: Incineroar|Intimidate|boost
|-unboost|p2a: Rai Y|atk|1
|-unboost|p2b: Basculegion|atk|1
|turn|1
|inactive|TeyVgc has 30 seconds left.
|inactive|TeyVgc has 20 seconds left.
|
|t:|1783316790
|move|p1b: Garchomp|Protect|p1b: Garchomp
|-singleturn|p1b: Garchomp|Protect
|move|p2a: Rai Y|Fake Out|p1b: Garchomp
|-activate|p1b: Garchomp|move: Protect
|move|p2b: Basculegion|Wave Crash|p1a: Incineroar
|-supereffective|p1a: Incineroar|1
|-damage|p1a: Incineroar|0 fnt
|faint|p1a: Incineroar
|-damage|p2b: Basculegion|68/100|[from] Recoil
|
|upkeep
|
|t:|1783316803
|switch|p1a: Kingambit|Kingambit, L50, M|100/100
|turn|2
|
|t:|1783316819
|switch|p2b: Whimsicott|Whimsicott, L50, M|100/100
|detailschange|p1b: Garchomp|Garchomp-Mega, L50, F
|-mega|p1b: Garchomp|Garchomp|Garchompite
|move|p2a: Rai Y|Protect|p2a: Rai Y
|-singleturn|p2a: Rai Y|Protect
|move|p1a: Kingambit|Sucker Punch||[still]
|-fail|p1a: Kingambit
|move|p1b: Garchomp|Swords Dance|p1b: Garchomp
|-boost|p1b: Garchomp|atk|2
|
|upkeep
|turn|3
|inactive|dandetheheartless has 30 seconds left.
|inactive|TeyVgc has 30 seconds left.
|
|t:|1783316861
|detailschange|p2a: Rai Y|Raichu-Mega-Y, L50, M
|-mega|p2a: Rai Y|Raichu|Raichunite Y
|move|p1b: Garchomp|Protect|p1b: Garchomp
|-singleturn|p1b: Garchomp|Protect
|move|p2b: Whimsicott|Encore|p1b: Garchomp
|-activate|p1b: Garchomp|move: Protect
|move|p2a: Rai Y|Focus Blast|p1a: Kingambit
|-supereffective|p1a: Kingambit|2
|-enditem|p1a: Kingambit|Chople Berry|[eat]
|-enditem|p1a: Kingambit|Chople Berry|[weaken]
|-damage|p1a: Kingambit|20/100y
|move|p1a: Kingambit|Iron Head|p2b: Whimsicott
|-supereffective|p2b: Whimsicott|1
|-crit|p2b: Whimsicott
|-enditem|p2b: Whimsicott|Focus Sash
|-damage|p2b: Whimsicott|1/100
|
|upkeep
|turn|4
|
|t:|1783316880
|switch|p1b: Sneasler|Sneasler, L50, F|100/100
|move|p2b: Whimsicott|Encore||[still]
|-fail|p2b: Whimsicott
|move|p1a: Kingambit|Sucker Punch|p2a: Rai Y
|-damage|p2a: Rai Y|34/100
|move|p2a: Rai Y|Zap Cannon|p1a: Kingambit
|-damage|p1a: Kingambit|0 fnt
|faint|p1a: Kingambit
|
|upkeep
|
|t:|1783316890
|switch|p1a: Garchomp|Garchomp-Mega, L50, F|100/100
|turn|5
|inactive|TeyVgc has 30 seconds left.
|
|t:|1783316917
|move|p2b: Whimsicott|Tailwind|p2b: Whimsicott
|-sidestart|p2: dandetheheartless|move: Tailwind
|move|p2a: Rai Y|Zap Cannon|p1b: Sneasler
|-damage|p1b: Sneasler|9/100
|-status|p1b: Sneasler|par
|move|p1a: Garchomp|Dragon Claw|p2a: Rai Y
|-damage|p2a: Rai Y|0 fnt
|faint|p2a: Rai Y
|move|p1b: Sneasler|Coaching|p1a: Garchomp
|-boost|p1a: Garchomp|atk|1
|-boost|p1a: Garchomp|def|1
|
|upkeep
|
|t:|1783316928
|switch|p2a: Flair Expert|Incineroar, L50, M|100/100
|-ability|p2a: Flair Expert|Intimidate|boost
|-unboost|p1a: Garchomp|atk|1
|-unboost|p1b: Sneasler|atk|1
|-enditem|p1b: Sneasler|White Herb
|-clearnegativeboost|p1b: Sneasler|[silent]
|turn|6
|
|t:|1783316947
|move|p2a: Flair Expert|Fake Out|p1a: Garchomp
|-damage|p1a: Garchomp|94/100
|move|p2b: Whimsicott|Moonblast|p1b: Sneasler
|-crit|p1b: Sneasler
|-damage|p1b: Sneasler|0 fnt
|faint|p1b: Sneasler
|cant|p1a: Garchomp|flinch
|
|upkeep
|turn|7
|l|â˜†dandetheheartless
|inactive|dandetheheartless disconnected and has a minute to reconnect!
|player|p2|
|inactive|dandetheheartless has 30 seconds left.
|j|â˜†dandetheheartless
|inactive|dandetheheartless reconnected and has 30 seconds left.
|player|p2|dandetheheartless|winona|
|
|t:|1783316981
|move|p2b: Whimsicott|Encore|p1a: Garchomp
|-start|p1a: Garchomp|Encore
|move|p2a: Flair Expert|Parting Shot|p1a: Garchomp
|-unboost|p1a: Garchomp|atk|1
|-unboost|p1a: Garchomp|spa|1
|
|t:|1783316983
|switch|p2a: Basculegion|Basculegion, L50, M|68/100|[from] Parting Shot
|move|p1a: Garchomp|Dragon Claw|p2b: Whimsicott
|-immune|p2b: Whimsicott
|
|upkeep
|turn|8
|-message|TeyVgc forfeited.
|raw|TeyVgc's rating: 1291 → 1280(-11 for losing)
|raw|dandetheheartless's rating: 1503 → 1512(+9 for winning)
|
|win|dandetheheartless
