|j|☆alexandromolgaard
|j|‽informtech
|html|alexandromolgaardinformtech    
|uhtml|bestof|Game 1 of a best-of-3
|t:|1783008956
|gametype|doubles
|player|p1|alexandromolgaard|backpacker|1123
|player|p2|informtech|170|1106
|gen|9
|tier|[Gen 9 Champions] VGC 2026 Reg M-B (Bo3)
|rated|
|rule|Species Clause: Limit one of each Pokémon
|rule|Item Clause: Limit 1 of each item
|clearpoke
|poke|p1|Meowstic, L50, M|
|poke|p1|Musharna, L50, M|
|poke|p1|Drampa, L50, M|
|poke|p1|Klefki, L50, M|
|poke|p1|Clawitzer, L50, F|
|poke|p1|Aggron, L50, M|
|poke|p2|Staraptor, L50, M|
|poke|p2|Whimsicott, L50, F|
|poke|p2|Basculegion, L50, M|
|poke|p2|Garchomp, L50, F|
|poke|p2|Charizard, L50, M|
|poke|p2|Kingambit, L50, M|
|teampreview|4
|showteam|p1|Meowstic||SitrusBerry|Prankster|FakeOut,HelpingHand,RainDance,PsychicTerrain|Calm||M|||50|]Musharna||Leftovers|Telepathy|ExpandingForce,Moonblast,EnergyBall,TrickRoom|Modest||M|||50|]Drampa||Drampanite|CloudNine|HyperVoice,Thunder,Surf,Protect|Quiet||M|||50|]Klefki||MentalHerb|Prankster|FoulPlay,MagnetRise,MistyTerrain,TrickRoom|Relaxed||M|||50|]Clawitzer||MysticWater|MegaLauncher|WaterPulse,TerrainPulse,AuraSphere,HealPulse|Quiet||F|||50|]Aggron||Aggronite|Sturdy|IronHead,Earthquake,BrickBreak,Protect|Brave||M|||50|
|showteam|p2|Staraptor||Staraptite|Intimidate|CloseCombat,DualWingbeat,Protect,Roost|Adamant||M|||50|]Whimsicott||FocusSash|Prankster|Tailwind,TrickRoom,Moonblast,Tickle|Quiet||F|||50|]Basculegion||LifeOrb|Adaptability|LastRespects,Protect,AquaJet,WaveCrash|Jolly||M|||50|]Garchomp||ExpertBelt|RoughSkin|DragonClaw,RockTomb,Earthquake,Protect|Adamant||F|||50|]Charizard||CharizarditeY|SolarPower|HeatWave,AirSlash,SolarBeam,Protect|Modest||M|||50|]Kingambit||BlackGlasses|Defiant|KowtowCleave,SuckerPunch,Protect,IronHead|Adamant||M|||50|
|inactive|Battle timer is ON: inactive players will automatically lose when time's up. (requested by informtech)
|
|t:|1783009023
|teamsize|p1|4
|teamsize|p2|4
|start
|switch|p1a: Meowstic|Meowstic, L50, M|100/100
|switch|p1b: Musharna|Musharna, L50, M|100/100
|switch|p2a: Whimsicott|Whimsicott, L50, F|100/100
|switch|p2b: Charizard|Charizard, L50, M|100/100
|turn|1
|inactive|alexandromolgaard has 30 seconds left.
|inactive|alexandromolgaard has 20 seconds left.
|inactive|alexandromolgaard has 15 seconds left.
|
|t:|1783009064
|detailschange|p2b: Charizard|Charizard-Mega-Y, L50, M
|-mega|p2b: Charizard|Charizard|Charizardite Y
|-weather|SunnyDay|[from] ability: Drought|[of] p2b: Charizard
|move|p1a: Meowstic|Fake Out|p2a: Whimsicott
|-damage|p2a: Whimsicott|94/100
|move|p2b: Charizard|Heat Wave|p1a: Meowstic|[spread] p1a,p1b
|-damage|p1a: Meowstic|30/100
|-damage|p1b: Musharna|41/100
|-status|p1a: Meowstic|brn
|-enditem|p1a: Meowstic|Sitrus Berry|[eat]
|-heal|p1a: Meowstic|55/100 brn|[from] item: Sitrus Berry
|cant|p2a: Whimsicott|flinch
|move|p1b: Musharna|Trick Room|p1b: Musharna
|-fieldstart|move: Trick Room|[of] p1b: Musharna
|
|-weather|SunnyDay|[upkeep]
|-heal|p1b: Musharna|47/100|[from] item: Leftovers
|-damage|p1a: Meowstic|48/100 brn|[from] brn
|upkeep
|turn|2
|inactive|alexandromolgaard has 30 seconds left.
|
|t:|1783009094
|move|p1a: Meowstic|Rain Dance|p1a: Meowstic
|-weather|RainDance
|move|p1b: Musharna|Expanding Force|p2a: Whimsicott
|-damage|p2a: Whimsicott|46/100
|move|p2b: Charizard|Heat Wave|p1a: Meowstic|[spread] p1a
|-miss|p2b: Charizard|p1b: Musharna
|-damage|p1a: Meowstic|25/100 brn
|move|p2a: Whimsicott|Trick Room|p2a: Whimsicott
|-fieldend|move: Trick Room
|
|-weather|RainDance|[upkeep]
|-heal|p1b: Musharna|53/100|[from] item: Leftovers
|-damage|p1a: Meowstic|19/100 brn|[from] brn
|upkeep
|turn|3
|
|t:|1783009110
|switch|p2b: Kingambit|Kingambit, L50, M|100/100
|move|p1a: Meowstic|Psychic Terrain|p1a: Meowstic
|-fieldstart|move: Psychic Terrain
|move|p2a: Whimsicott|Moonblast|p1a: Meowstic
|-damage|p1a: Meowstic|0 fnt
|faint|p1a: Meowstic
|move|p1b: Musharna|Expanding Force|p2b: Kingambit|[spread] p2a
|-immune|p2b: Kingambit
|-crit|p2a: Whimsicott
|-damage|p2a: Whimsicott|0 fnt
|faint|p2a: Whimsicott
|
|-weather|RainDance|[upkeep]
|-heal|p1b: Musharna|59/100|[from] item: Leftovers
|upkeep
|
|t:|1783009129
|switch|p1a: Clawitzer|Clawitzer, L50, F|100/100
|switch|p2a: Charizard|Charizard-Mega-Y, L50, M|100/100
|-weather|SunnyDay|[from] ability: Drought|[of] p2a: Charizard
|turn|4
|
|t:|1783009154
|switch|p1b: Drampa|Drampa, L50, M|100/100
|-ability|p1b: Drampa|Cloud Nine
|move|p2a: Charizard|Solar Beam||[still]
|-prepare|p2a: Charizard|Solar Beam
|move|p2b: Kingambit|Kowtow Cleave|p1b: Drampa
|-damage|p1b: Drampa|38/100
|move|p1a: Clawitzer|Water Pulse|p2a: Charizard
|-supereffective|p2a: Charizard|1
|-damage|p2a: Charizard|0 fnt
|faint|p2a: Charizard
|
|-weather|SunnyDay|[upkeep]
|upkeep
|
|t:|1783009166
|switch|p2a: Garchomp|Garchomp, L50, F|100/100
|turn|5
|inactive|alexandromolgaard has 30 seconds left.
|inactive|alexandromolgaard has 20 seconds left.
|inactive|alexandromolgaard has 15 seconds left.
|inactive|alexandromolgaard has 10 seconds left.
|
|t:|1783009214
|move|p1b: Drampa|Protect|p1b: Drampa
|-singleturn|p1b: Drampa|Protect
|move|p2a: Garchomp|Dragon Claw|p1b: Drampa
|-activate|p1b: Drampa|move: Protect
|move|p2b: Kingambit|Kowtow Cleave|p1a: Clawitzer
|-damage|p1a: Clawitzer|24/100
|move|p1a: Clawitzer|Water Pulse|p2a: Garchomp
|-damage|p2a: Garchomp|47/100
|
|-weather|SunnyDay|[upkeep]
|upkeep
|turn|6
|
|t:|1783009236
|detailschange|p1b: Drampa|Drampa-Mega, L50, M
|-mega|p1b: Drampa|Drampa|Drampanite
|move|p2a: Garchomp|Dragon Claw|p1b: Drampa
|-supereffective|p1b: Drampa|1
|-damage|p1b: Drampa|0 fnt
|faint|p1b: Drampa
|move|p2b: Kingambit|Kowtow Cleave|p1a: Clawitzer
|-damage|p1a: Clawitzer|0 fnt
|faint|p1a: Clawitzer
|
|-weather|SunnyDay|[upkeep]
|upkeep
|
|t:|1783009250
|switch|p1b: Musharna|Musharna, L50, M|59/100
|turn|7
|
|t:|1783009269
|move|p2a: Garchomp|Rock Tomb|p1b: Musharna
|-damage|p1b: Musharna|40/100
|-unboost|p1b: Musharna|spe|1
|move|p2b: Kingambit|Kowtow Cleave|p1b: Musharna
|-supereffective|p1b: Musharna|1
|-damage|p1b: Musharna|0 fnt
|faint|p1b: Musharna
|
|win|informtech
