|j|☆Bailey'sSock
|j|☆baileygoodstuffs
|html|Bailey'sSockbaileygoodstuffs    
|uhtml|bestof|Game 3 of a best-of-3
|t:|1785298624
|gametype|doubles
|player|p1|Bailey'sSock|1|
|player|p2|baileygoodstuffs|1|
|gen|9
|tier|[Gen 9 Champions] VGC 2026 Reg M-B (Bo3)
|rule|Species Clause: Limit one of each Pokémon
|rule|Item Clause: Limit 1 of each item
|clearpoke
|poke|p1|Blastoise, L50, F|
|poke|p1|Delphox, L50, M, shiny|
|poke|p1|Incineroar, L50, F|
|poke|p1|Sinistcha, L50|
|poke|p1|Sneasler, L50, F|
|poke|p1|Vivillon-High Plains, L50, F|
|poke|p2|Raichu, L50, M|
|poke|p2|Gardevoir, L50, F, shiny|
|poke|p2|Espathra, L50, F, shiny|
|poke|p2|Pelipper, L50, M, shiny|
|poke|p2|Archaludon, L50, M, shiny|
|poke|p2|Garchomp, L50, M, shiny|
|teampreview|4
|showteam|p1|Blastoise||Blastoisinite|Torrent|Protect,ShellSmash,WaterSpout,DarkPulse|Modest||F|||50|]Delphox||Delphoxite|Blaze|Protect,HeatWave,Psyshock,NastyPlot|Timid||M|||50|]Incineroar||PasshoBerry|Intimidate|FakeOut,PartingShot,FlareBlitz,ThroatChop|Impish||F|||50|]Sinistcha||SitrusBerry|Hospitality|Protect,MatchaGotcha,TrickRoom,RagePowder|Bold|||||50|]Sneasler||FocusSash|PoisonTouch|QuickGuard,FakeOut,CloseCombat,DireClaw|Jolly||F|||50|]Vivillon-High Plains||ChoiceScarf|CompoundEyes|Hurricane,SleepPowder,RagePowder,Uturn|Timid||F|||50|
|showteam|p2|Raichu||RaichuniteX|LightningRod|RisingVoltage,VoltSwitch,FakeOut,Feint|Timid||M|||50|]Gardevoir||Gardevoirite|Telepathy|HyperVoice,Psychic,Gravity,Protect|Timid||F|||50|]Espathra||FocusSash|SpeedBoost|LuminaCrash,BatonPass,Hypnosis,Protect|Timid||F|||50|]Pelipper||MysticWater|Drizzle|WeatherBall,Hurricane,Tailwind,WideGuard|Timid||M|||50|]Archaludon||Leftovers|Stamina|FlashCannon,DragonPulse,ElectroShot,Protect|Calm||M|||50|]Garchomp||LifeOrb|RoughSkin|Earthquake,DragonClaw,SwordsDance,Protect|Adamant||M|||50|
|
|t:|1785298743
|teamsize|p1|4
|teamsize|p2|4
|start
|switch|p1a: Incineroar|Incineroar, L50, F|100/100
|switch|p1b: Blastoise|Blastoise, L50, F|100/100
|switch|p2a: Raichu|Raichu, L50, M|100/100
|switch|p2b: Espathra|Espathra, L50, F, shiny|100/100
|-ability|p1a: Incineroar|Intimidate|boost
|-unboost|p2a: Raichu|atk|1
|-unboost|p2b: Espathra|atk|1
|turn|1
|
|t:|1785298842
|detailschange|p2a: Raichu|Raichu-Mega-X, L50, M
|-mega|p2a: Raichu|Raichu|Raichunite X
|-fieldstart|move: Electric Terrain|[from] ability: Electric Surge|[of] p2a: Raichu
|detailschange|p1b: Blastoise|Blastoise-Mega, L50, F
|-mega|p1b: Blastoise|Blastoise|Blastoisinite
|move|p2b: Espathra|Protect|p2b: Espathra
|-singleturn|p2b: Espathra|Protect
|move|p2a: Raichu|Volt Switch|p1b: Blastoise
|-supereffective|p1b: Blastoise|1
|-damage|p1b: Blastoise|29/100
|
|t:|1785298888
|switch|p2a: Archaludon|Archaludon, L50, M, shiny|100/100|[from] Volt Switch
|move|p1b: Blastoise|Shell Smash|p1b: Blastoise
|-unboost|p1b: Blastoise|def|1
|-unboost|p1b: Blastoise|spd|1
|-boost|p1b: Blastoise|atk|2
|-boost|p1b: Blastoise|spa|2
|-boost|p1b: Blastoise|spe|2
|move|p1a: Incineroar|Parting Shot|p2b: Espathra
|-activate|p2b: Espathra|move: Protect
|
|-ability|p2b: Espathra|Speed Boost|boost
|-boost|p2b: Espathra|spe|1
|upkeep
|turn|2
|
|t:|1785298964
|move|p1b: Blastoise|Protect|p1b: Blastoise
|-singleturn|p1b: Blastoise|Protect
|move|p2b: Espathra|Baton Pass|p2b: Espathra
|
|t:|1785298968
|switch|p2b: Pelipper|Pelipper, L50, M, shiny|100/100|[from] Baton Pass
|-weather|RainDance|[from] ability: Drizzle|[of] p2b: Pelipper
|move|p2a: Archaludon|Electro Shot||[still]
|-prepare|p2a: Archaludon|Electro Shot
|-boost|p2a: Archaludon|spa|1
|-anim|p2a: Archaludon|Electro Shot|p1a: Incineroar
|-damage|p1a: Incineroar|44/100
|move|p1a: Incineroar|Parting Shot|p2b: Pelipper
|-unboost|p2b: Pelipper|atk|1
|-unboost|p2b: Pelipper|spa|1
|
|t:|1785298996
|switch|p1a: Sneasler|Sneasler, L50, F|100/100|[from] Parting Shot
|
|-weather|RainDance|[upkeep]
|upkeep
|turn|3
|
|t:|1785299138
|move|p2a: Archaludon|Protect|p2a: Archaludon
|-singleturn|p2a: Archaludon|Protect
|move|p1a: Sneasler|Fake Out|p2b: Pelipper
|-damage|p2b: Pelipper|82/100
|move|p1b: Blastoise|Dark Pulse|p2a: Archaludon
|-activate|p2a: Archaludon|move: Protect
|cant|p2b: Pelipper|flinch
|
|-weather|RainDance|[upkeep]
|upkeep
|turn|4
|inactive|Battle timer is ON: inactive players will automatically lose when time's up. (requested by Bailey'sSock)
|inactive|baileygoodstuffs has 60 seconds left.
|
|t:|1785299188
|switch|p2a: Espathra|Espathra, L50, F, shiny|100/100
|move|p1b: Blastoise|Dark Pulse|p2a: Espathra
|-supereffective|p2a: Espathra|1
|-enditem|p2a: Espathra|Focus Sash
|-damage|p2a: Espathra|1/100
|move|p2b: Pelipper|Tailwind|p2b: Pelipper
|-sidestart|p2: baileygoodstuffs|move: Tailwind
|move|p1a: Sneasler|Dire Claw|p2b: Pelipper
|-crit|p2b: Pelipper
|-damage|p2b: Pelipper|7/100
|
|-weather|RainDance|[upkeep]
|upkeep
|turn|5
|inactive|baileygoodstuffs has 30 seconds left.
|inactive|baileygoodstuffs has 20 seconds left.
|inactive|baileygoodstuffs has 15 seconds left.
|inactive|baileygoodstuffs has 10 seconds left.
|inactive|baileygoodstuffs has 5 seconds left.
|
|t:|1785299238
|switch|p1a: Incineroar|Incineroar, L50, F|44/100
|-ability|p1a: Incineroar|Intimidate|boost
|-unboost|p2a: Espathra|atk|1
|-unboost|p2b: Pelipper|atk|1
|move|p2b: Pelipper|Hurricane|p1b: Blastoise
|-damage|p1b: Blastoise|0 fnt
|faint|p1b: Blastoise
|move|p2a: Espathra|Lumina Crash|p1a: Incineroar
|-immune|p1a: Incineroar
|
|-weather|RainDance|[upkeep]
|-fieldend|move: Electric Terrain
|-ability|p2a: Espathra|Speed Boost|boost
|-boost|p2a: Espathra|spe|1
|upkeep
|
|t:|1785299247
|switch|p1b: Sinistcha|Sinistcha, L50|100/100
|-heal|p1a: Incineroar|68/100|[from] ability: Hospitality|[of] p1b: Sinistcha
|turn|6
|inactive|baileygoodstuffs has 30 seconds left.
|inactive|baileygoodstuffs has 20 seconds left.
|
|t:|1785299282
|switch|p2b: Archaludon|Archaludon, L50, M, shiny|100/100
|move|p1a: Incineroar|Fake Out|p2b: Archaludon
|-resisted|p2b: Archaludon|1
|-crit|p2b: Archaludon
|-damage|p2b: Archaludon|94/100
|-ability|p2b: Archaludon|Stamina|boost
|-boost|p2b: Archaludon|def|1
|move|p2a: Espathra|Hypnosis|p1b: Sinistcha|[miss]
|-miss|p2a: Espathra|p1b: Sinistcha
|move|p1b: Sinistcha|Trick Room|p1b: Sinistcha
|-fieldstart|move: Trick Room|[of] p1b: Sinistcha
|
|-weather|none
|-heal|p2b: Archaludon|100/100|[from] item: Leftovers
|-ability|p2a: Espathra|Speed Boost|boost
|-boost|p2a: Espathra|spe|1
|upkeep
|turn|7
|inactive|baileygoodstuffs has 30 seconds left.
|inactive|baileygoodstuffs has 20 seconds left.
|inactive|baileygoodstuffs has 15 seconds left.
|inactive|baileygoodstuffs has 10 seconds left.
|inactive|baileygoodstuffs has 5 seconds left.
|
|t:|1785299335
|switch|p2a: Pelipper|Pelipper, L50, M, shiny|7/100
|-weather|RainDance|[from] ability: Drizzle|[of] p2a: Pelipper
|move|p1a: Incineroar|Parting Shot|p2b: Archaludon
|-unboost|p2b: Archaludon|atk|1
|-unboost|p2b: Archaludon|spa|1
|
|t:|1785299341
|switch|p1a: Sneasler|Sneasler, L50, F|100/100|[from] Parting Shot
|move|p1b: Sinistcha|Matcha Gotcha|p2b: Archaludon|[spread] p2a,p2b
|-crit|p2a: Pelipper
|-resisted|p2b: Archaludon|2
|-damage|p2a: Pelipper|0 fnt
|-damage|p2b: Archaludon|95/100
|-ability|p2b: Archaludon|Stamina|boost
|-boost|p2b: Archaludon|def|1
|faint|p2a: Pelipper
|move|p2b: Archaludon|Electro Shot||[still]
|-prepare|p2b: Archaludon|Electro Shot
|-boost|p2b: Archaludon|spa|1
|-anim|p2b: Archaludon|Electro Shot|p1a: Sneasler
|-damage|p1a: Sneasler|52/100
|
|-weather|RainDance|[upkeep]
|-heal|p2b: Archaludon|100/100|[from] item: Leftovers
|-sideend|p2: baileygoodstuffs|move: Tailwind
|upkeep
|
|t:|1785299365
|switch|p2a: Raichu|Raichu-Mega-X, L50, M|100/100
|-fieldstart|move: Electric Terrain|[from] ability: Electric Surge|[of] p2a: Raichu
|turn|8
|inactive|baileygoodstuffs has 30 seconds left.
|inactive|baileygoodstuffs has 20 seconds left.
|inactive|baileygoodstuffs has 15 seconds left.
|inactive|baileygoodstuffs has 10 seconds left.
|
|t:|1785299413
|move|p2a: Raichu|Fake Out|p1a: Sneasler
|-damage|p1a: Sneasler|33/100
|move|p1b: Sinistcha|Matcha Gotcha|p2b: Archaludon|[spread] p2a,p2b
|-resisted|p2b: Archaludon|2
|-crit|p2b: Archaludon
|-damage|p2a: Raichu|73/100
|-damage|p2b: Archaludon|92/100
|-ability|p2b: Archaludon|Stamina|boost
|-boost|p2b: Archaludon|def|1
|move|p2b: Archaludon|Electro Shot||[still]
|-prepare|p2b: Archaludon|Electro Shot
|-boost|p2b: Archaludon|spa|1
|-anim|p2b: Archaludon|Electro Shot|p1a: Sneasler
|-damage|p1a: Sneasler|0 fnt
|faint|p1a: Sneasler
|
|-weather|RainDance|[upkeep]
|-heal|p2b: Archaludon|98/100|[from] item: Leftovers
|upkeep
|-message|Bailey'sSock forfeited.
|
|win|baileygoodstuffs
|l|☆Bailey'sSock
|player|p1|
