|j|☆failandimprove2
|j|☆avocadobabyyy
|html|failandimprove2avocadobabyyy    
|uhtml|bestof|Game 1 of a best-of-3
|t:|1782654183
|gametype|doubles
|player|p1|failandimprove2|1|1157
|player|p2|avocadobabyyy|2|1176
|gen|9
|tier|[Gen 9 Champions] VGC 2026 Reg M-B (Bo3)
|rated|
|rule|Species Clause: Limit one of each Pokémon
|rule|Item Clause: Limit 1 of each item
|clearpoke
|poke|p1|Kingambit, L50, M|
|poke|p1|Charizard, L50, M|
|poke|p1|Aerodactyl, L50, M|
|poke|p1|Farigiraf, L50, F|
|poke|p1|Garchomp, L50, M|
|poke|p1|Sylveon, L50, M|
|poke|p2|Swampert, L50, F|
|poke|p2|Pelipper, L50, M|
|poke|p2|Archaludon, L50, M|
|poke|p2|Sinistcha-Masterpiece, L50|
|poke|p2|Grimmsnarl, L50, M|
|poke|p2|Metagross, L50|
|teampreview|4
|showteam|p1|Kingambit||FocusSash|Defiant|KowtowCleave,IronHead,SuckerPunch,LowKick|Adamant||M|||50|]Charizard||CharizarditeY|Blaze|HeatWave,SolarBeam,WeatherBall,Protect|Modest||M|||50|]Aerodactyl||Aerodactylite|Unnerve|RockSlide,DualWingbeat,IceFang,Tailwind|Jolly||M|||50|]Farigiraf||SitrusBerry|ArmorTail|Psychic,Thunderbolt,TrickRoom,Protect|Bold||F|||50|]Garchomp||LifeOrb|RoughSkin|Earthquake,DragonClaw,StompingTantrum,Protect|Jolly||M|||50|]Sylveon||FairyFeather|Pixilate|HyperVoice,HyperBeam,QuickAttack,Protect|Modest||M|||50|
|showteam|p2|Swampert||Swampertite|Torrent|WaveCrash,Protect,Earthquake,FlipTurn|Adamant||F|||50|]Pelipper||SitrusBerry|Drizzle|WeatherBall,Hurricane,Protect,Tailwind|Modest||M|||50|]Archaludon||Leftovers|Stamina|Protect,ElectroShot,DragonPulse,FlashCannon|Modest||M|||50|]Sinistcha-Masterpiece||CobaBerry|Hospitality|MatchaGotcha,RagePowder,Protect,ShadowBall|Bold|||||50|]Grimmsnarl||LightClay|Prankster|FoulPlay,LightScreen,Reflect,PartingShot|Calm||M|||50|]Metagross||Metagrossite|ClearBody|BulletPunch,PsychicFangs,BodyPress,Protect|Jolly|||||50|
|
|t:|1782654230
|teamsize|p1|4
|teamsize|p2|4
|start
|switch|p1a: Kingambit|Kingambit, L50, M|100/100
|switch|p1b: Aerodactyl|Aerodactyl, L50, M|100/100
|switch|p2a: Archaludon|Archaludon, L50, M|100/100
|switch|p2b: Grimmsnarl|Grimmsnarl, L50, M|100/100
|-ability|p1b: Aerodactyl|Unnerve
|turn|1
|inactive|Battle timer is ON: inactive players will automatically lose when time's up. (requested by failandimprove2)
|
|t:|1782654251
|move|p2b: Grimmsnarl|Reflect|p2b: Grimmsnarl
|-sidestart|p2: avocadobabyyy|Reflect
|move|p1b: Aerodactyl|Tailwind|p1b: Aerodactyl
|-sidestart|p1: failandimprove2|move: Tailwind
|move|p1a: Kingambit|Iron Head|p2b: Grimmsnarl
|-supereffective|p2b: Grimmsnarl|1
|-damage|p2b: Grimmsnarl|40/100
|move|p2a: Archaludon|Flash Cannon|p1b: Aerodactyl
|-supereffective|p1b: Aerodactyl|1
|-damage|p1b: Aerodactyl|0 fnt
|faint|p1b: Aerodactyl
|
|upkeep
|
|t:|1782654257
|switch|p1b: Garchomp|Garchomp, L50, M|100/100
|turn|2
|inactive|avocadobabyyy has 30 seconds left.
|
|t:|1782654283
|move|p2b: Grimmsnarl|Parting Shot|p1b: Garchomp
|-unboost|p1b: Garchomp|atk|1
|-unboost|p1b: Garchomp|spa|1
|
|t:|1782654295
|switch|p2b: Metagross|Metagross, L50|100/100|[from] Parting Shot
|move|p1b: Garchomp|Stomping Tantrum|p2a: Archaludon
|-supereffective|p2a: Archaludon|1
|-damage|p2a: Archaludon|68/100
|-ability|p2a: Archaludon|Stamina|boost
|-boost|p2a: Archaludon|def|1
|-damage|p1b: Garchomp|90/100|[from] item: Life Orb
|move|p1a: Kingambit|Iron Head|p2b: Metagross
|-resisted|p2b: Metagross|1
|-damage|p2b: Metagross|85/100
|move|p2a: Archaludon|Dragon Pulse|p1b: Garchomp
|-supereffective|p1b: Garchomp|1
|-damage|p1b: Garchomp|11/100
|
|-heal|p2a: Archaludon|74/100|[from] item: Leftovers
|upkeep
|turn|3
|inactive|avocadobabyyy has 30 seconds left.
|inactive|avocadobabyyy has 20 seconds left.
|
|t:|1782654335
|switch|p1b: Charizard|Charizard, L50, M|100/100
|detailschange|p2b: Metagross|Metagross-Mega, L50
|-mega|p2b: Metagross|Metagross|Metagrossite
|move|p2b: Metagross|Bullet Punch|p1b: Charizard
|-resisted|p1b: Charizard|1
|-damage|p1b: Charizard|86/100
|move|p1a: Kingambit|Kowtow Cleave|p2b: Metagross
|-supereffective|p2b: Metagross|1
|-damage|p2b: Metagross|36/100
|move|p2a: Archaludon|Dragon Pulse|p1a: Kingambit
|-resisted|p1a: Kingambit|1
|-damage|p1a: Kingambit|78/100
|
|-heal|p2a: Archaludon|80/100|[from] item: Leftovers
|upkeep
|turn|4
|
|t:|1782654360
|switch|p1a: Garchomp|Garchomp, L50, M|11/100
|move|p2b: Metagross|Protect|p2b: Metagross
|-singleturn|p2b: Metagross|Protect
|move|p2a: Archaludon|Protect|p2a: Archaludon
|-singleturn|p2a: Archaludon|Protect
|move|p1b: Charizard|Heat Wave|p2a: Archaludon|[spread] 
|-activate|p2a: Archaludon|move: Protect
|-activate|p2b: Metagross|move: Protect
|
|-heal|p2a: Archaludon|86/100|[from] item: Leftovers
|-sideend|p1: failandimprove2|move: Tailwind
|upkeep
|turn|5
|inactive|avocadobabyyy has 30 seconds left.
|inactive|avocadobabyyy has 20 seconds left.
|
|t:|1782654395
|switch|p2a: Grimmsnarl|Grimmsnarl, L50, M|40/100
|detailschange|p1b: Charizard|Charizard-Mega-Y, L50, M
|-mega|p1b: Charizard|Charizard|Charizardite Y
|-weather|SunnyDay|[from] ability: Drought|[of] p1b: Charizard
|move|p2b: Metagross|Psychic Fangs|p1b: Charizard
|-damage|p1b: Charizard|30/100
|move|p1a: Garchomp|Earthquake|p2b: Metagross|[spread] p2a,p2b
|-immune|p1b: Charizard
|-supereffective|p2b: Metagross|1
|-damage|p2a: Grimmsnarl|3/100
|-damage|p2b: Metagross|0 fnt
|faint|p2b: Metagross
|-damage|p1a: Garchomp|1/100|[from] item: Life Orb
|move|p1b: Charizard|Heat Wave|p2a: Grimmsnarl
|-damage|p2a: Grimmsnarl|0 fnt
|faint|p2a: Grimmsnarl
|
|-weather|SunnyDay|[upkeep]
|upkeep
|
|t:|1782654408
|switch|p2b: Pelipper|Pelipper, L50, M|100/100
|switch|p2a: Archaludon|Archaludon, L50, M|86/100
|-weather|RainDance|[from] ability: Drizzle|[of] p2b: Pelipper
|turn|6
|
|t:|1782654428
|switch|p1b: Kingambit|Kingambit, L50, M|78/100
|move|p2a: Archaludon|Protect|p2a: Archaludon
|-singleturn|p2a: Archaludon|Protect
|move|p1a: Garchomp|Stomping Tantrum|p2a: Archaludon
|-activate|p2a: Archaludon|move: Protect
|move|p2b: Pelipper|Tailwind|p2b: Pelipper
|-sidestart|p2: avocadobabyyy|move: Tailwind
|
|-weather|RainDance|[upkeep]
|-heal|p2a: Archaludon|92/100|[from] item: Leftovers
|upkeep
|turn|7
|inactive|avocadobabyyy has 30 seconds left.
|
|t:|1782654455
|move|p1a: Garchomp|Protect|p1a: Garchomp
|-singleturn|p1a: Garchomp|Protect
|move|p2a: Archaludon|Electro Shot||[still]
|-prepare|p2a: Archaludon|Electro Shot
|-boost|p2a: Archaludon|spa|1
|-anim|p2a: Archaludon|Electro Shot|p1b: Kingambit
|-damage|p1b: Kingambit|4/100
|move|p2b: Pelipper|Weather Ball|p1a: Garchomp
|-activate|p1a: Garchomp|move: Protect
|move|p1b: Kingambit|Kowtow Cleave|p2b: Pelipper
|-damage|p2b: Pelipper|67/100
|
|-weather|RainDance|[upkeep]
|-heal|p2a: Archaludon|98/100|[from] item: Leftovers
|upkeep
|turn|8
|
|t:|1782654475
|switch|p1a: Charizard|Charizard-Mega-Y, L50, M|30/100
|-weather|SunnyDay|[from] ability: Drought|[of] p1a: Charizard
|move|p1b: Kingambit|Sucker Punch|p2a: Archaludon
|-crit|p2a: Archaludon
|-damage|p2a: Archaludon|51/100
|-ability|p2a: Archaludon|Stamina|boost
|-boost|p2a: Archaludon|def|1
|move|p2a: Archaludon|Dragon Pulse|p1b: Kingambit
|-resisted|p1b: Kingambit|1
|-damage|p1b: Kingambit|0 fnt
|faint|p1b: Kingambit
|move|p2b: Pelipper|Weather Ball|p1a: Charizard
|-resisted|p1a: Charizard|1
|-damage|p1a: Charizard|12/100
|
|-weather|SunnyDay|[upkeep]
|-heal|p2a: Archaludon|57/100|[from] item: Leftovers
|-sideend|p2: avocadobabyyy|Reflect
|upkeep
|
|t:|1782654480
|switch|p1b: Garchomp|Garchomp, L50, M|1/100
|turn|9
|
|t:|1782654500
|move|p1b: Garchomp|Protect|p1b: Garchomp
|-singleturn|p1b: Garchomp|Protect
|move|p1a: Charizard|Protect|p1a: Charizard
|-singleturn|p1a: Charizard|Protect
|move|p2a: Archaludon|Dragon Pulse|p1b: Garchomp
|-activate|p1b: Garchomp|move: Protect
|move|p2b: Pelipper|Weather Ball|p1a: Charizard
|-activate|p1a: Charizard|move: Protect
|
|-weather|SunnyDay|[upkeep]
|-heal|p2a: Archaludon|63/100|[from] item: Leftovers
|-sideend|p2: avocadobabyyy|move: Tailwind
|upkeep
|turn|10
|
|t:|1782654512
|move|p2a: Archaludon|Protect|p2a: Archaludon
|-singleturn|p2a: Archaludon|Protect
|move|p1b: Garchomp|Dragon Claw|p2b: Pelipper
|-damage|p2b: Pelipper|10/100
|-enditem|p2b: Pelipper|Sitrus Berry|[eat]
|-heal|p2b: Pelipper|34/100|[from] item: Sitrus Berry
|-damage|p1b: Garchomp|0 fnt|[from] item: Life Orb
|faint|p1b: Garchomp
|move|p1a: Charizard|Heat Wave|p2a: Archaludon|[spread] p2b
|-activate|p2a: Archaludon|move: Protect
|-resisted|p2b: Pelipper|1
|-damage|p2b: Pelipper|1/100
|move|p2b: Pelipper|Tailwind|p2b: Pelipper
|-sidestart|p2: avocadobabyyy|move: Tailwind
|
|-weather|SunnyDay|[upkeep]
|-heal|p2a: Archaludon|70/100|[from] item: Leftovers
|upkeep
|turn|11
|-message|failandimprove2 forfeited.
|
|win|avocadobabyyy
