|j|☆Fuggdafogg
|j|☆Lewis94
|html|FuggdafoggLewis94    
|uhtml|bestof|Game 2 of a best-of-3
|t:|1755797135
|gametype|doubles
|player|p1|Fuggdafogg|169|1171
|player|p2|Lewis94|ethan-gen2|1223
|gen|9
|tier|[Gen 9] VGC 2025 Reg H (Bo3)
|rated|
|rule|Species Clause: Limit one of each Pokémon
|rule|Item Clause: Limit 1 of each item
|clearpoke
|poke|p1|Talonflame, L50, M|
|poke|p1|Gholdengo, L50|
|poke|p1|Rillaboom, L50, M|
|poke|p1|Annihilape, L50, F|
|poke|p1|Maushold-Four, L50|
|poke|p1|Grimmsnarl, L50, M|
|poke|p2|Garchomp, L50, F|
|poke|p2|Whimsicott, L50, F|
|poke|p2|Dragonite, L50, F|
|poke|p2|Kingambit, L50, M|
|poke|p2|Typhlosion-Hisui, L50, M|
|poke|p2|Torkoal, L50, M|
|teampreview|4
|showteam|p1|Talonflame||FocusSash|GaleWings|DualWingbeat,FlareBlitz,Tailwind,Taunt|||M|||50|,,,,,Ghost]Gholdengo||LifeOrb|GoodasGold|MakeItRain,ShadowBall,NastyPlot,Protect||||||50|,,,,,Dragon]Rillaboom||AssaultVest|GrassySurge|GrassyGlide,WoodHammer,Uturn,FakeOut|||M|||50|,,,,,Fire]Annihilape||Leftovers|Defiant|DrainPunch,RageFist,BulkUp,Protect|||F|||50|,,,,,Water]Maushold-Four||WideLens|Technician|PopulationBomb,BeatUp,FollowMe,Protect||||||50|,,,,,Ghost]Grimmsnarl||LightClay|Prankster|LightScreen,Reflect,MistyTerrain,SpiritBreak|||M|||50|,,,,,Ghost
|showteam|p2|Garchomp||LifeOrb|RoughSkin|DragonClaw,StompingTantrum,Earthquake,Protect|||F|||50|,,,,,Ground]Whimsicott||CovertCloak|Prankster|Tailwind,SunnyDay,Moonblast,Encore|||F|||50|,,,,,Dark]Dragonite||LoadedDice|Multiscale|ExtremeSpeed,ScaleShot,Tailwind,Protect|||F|||50|,,,,,Normal]Kingambit||AssaultVest|Defiant|IronHead,SuckerPunch,KowtowCleave,LowKick|||M|||50|,,,,,Flying]Typhlosion-Hisui||ChoiceSpecs|Blaze|Eruption,ShadowBall,HeatWave,Overheat|||M|||50|,,,,,Fire]Torkoal||EjectPack|Drought|Overheat,Flamethrower,HelpingHand,Protect|||M|||50|,,,,,Flying
|inactive|Battle timer is ON: inactive players will automatically lose when time's up. (requested by Lewis94)
|
|t:|1755797162
|teamsize|p1|4
|teamsize|p2|4
|start
|switch|p1a: Annihilape|Annihilape, L50, F|100/100
|switch|p1b: Grimmsnarl|Grimmsnarl, L50, M|100/100
|switch|p2a: Kingambit|Kingambit, L50, M|100/100
|switch|p2b: Torkoal|Torkoal, L50, M|100/100
|-weather|SunnyDay|[from] ability: Drought|[of] p2b: Torkoal
|turn|1
|inactive|Lewis94 has 30 seconds left.
|
|t:|1755797189
|-terastallize|p2a: Kingambit|Flying
|move|p1a: Annihilape|Bulk Up|p1a: Annihilape
|-boost|p1a: Annihilape|atk|1
|-boost|p1a: Annihilape|def|1
|move|p1b: Grimmsnarl|Spirit Break|p2b: Torkoal
|-resisted|p2b: Torkoal
|-damage|p2b: Torkoal|89/100
|-unboost|p2b: Torkoal|spa|1
|-enditem|p2b: Torkoal|Eject Pack
|
|t:|1755797202
|switch|p2b: Whimsicott|Whimsicott, L50, F|100/100
|move|p2a: Kingambit|Kowtow Cleave|p1a: Annihilape
|-damage|p1a: Annihilape|63/100
|
|-weather|SunnyDay|[upkeep]
|-heal|p1a: Annihilape|69/100|[from] item: Leftovers
|upkeep
|turn|2
|inactive|Lewis94 has 30 seconds left.
|
|t:|1755797229
|switch|p1b: Maushold|Maushold-Four, L50|100/100
|move|p1a: Annihilape|Protect|p1a: Annihilape
|-singleturn|p1a: Annihilape|Protect
|move|p2b: Whimsicott|Moonblast|p1a: Annihilape
|-activate|p1a: Annihilape|move: Protect
|move|p2a: Kingambit|Kowtow Cleave|p1a: Annihilape
|-activate|p1a: Annihilape|move: Protect
|
|-weather|SunnyDay|[upkeep]
|-heal|p1a: Annihilape|75/100|[from] item: Leftovers
|upkeep
|turn|3
|
|t:|1755797254
|switch|p2a: Torkoal|Torkoal, L50, M|89/100
|move|p1b: Maushold|Follow Me|p1b: Maushold
|-singleturn|p1b: Maushold|move: Follow Me
|move|p2b: Whimsicott|Tailwind|p2b: Whimsicott
|-sidestart|p2: Lewis94|move: Tailwind
|move|p1a: Annihilape|Rage Fist|p2b: Whimsicott
|-damage|p2b: Whimsicott|9/100
|
|-weather|SunnyDay|[upkeep]
|-heal|p1a: Annihilape|82/100|[from] item: Leftovers
|upkeep
|turn|4
|inactive|Fuggdafogg has 30 seconds left.
|
|t:|1755797284
|-terastallize|p1a: Annihilape|Water
|move|p2b: Whimsicott|Encore|p1b: Maushold
|-start|p1b: Maushold|Encore
|move|p1b: Maushold|Follow Me|p1b: Maushold
|-singleturn|p1b: Maushold|move: Follow Me
|move|p1a: Annihilape|Rage Fist|p2a: Torkoal
|-damage|p2a: Torkoal|40/100
|move|p2a: Torkoal|Overheat|p1b: Maushold
|-damage|p1b: Maushold|0 fnt
|-unboost|p2a: Torkoal|spa|2
|faint|p1b: Maushold
|
|-weather|SunnyDay|[upkeep]
|-heal|p1a: Annihilape|88/100|[from] item: Leftovers
|upkeep
|
|t:|1755797300
|switch|p1b: Grimmsnarl|Grimmsnarl, L50, M|100/100
|turn|5
|
|t:|1755797313
|move|p2a: Torkoal|Helping Hand|p2b: Whimsicott
|-singleturn|p2b: Whimsicott|Helping Hand|[of] p2a: Torkoal
|move|p2b: Whimsicott|Moonblast|p1b: Grimmsnarl
|-supereffective|p1b: Grimmsnarl
|-damage|p1b: Grimmsnarl|7/100
|move|p1a: Annihilape|Rage Fist|p2a: Torkoal
|-damage|p2a: Torkoal|0 fnt
|faint|p2a: Torkoal
|move|p1b: Grimmsnarl|Spirit Break|p2b: Whimsicott
|-damage|p2b: Whimsicott|0 fnt
|faint|p2b: Whimsicott
|
|-weather|none
|-heal|p1a: Annihilape|94/100|[from] item: Leftovers
|upkeep
|
|t:|1755797328
|switch|p2b: Kingambit|Kingambit, L50, M, tera:Flying|100/100
|switch|p2a: Typhlosion|Typhlosion-Hisui, L50, M|100/100
|turn|6
|
|t:|1755797347
|move|p1a: Annihilape|Protect|p1a: Annihilape
|-singleturn|p1a: Annihilape|Protect
|move|p1b: Grimmsnarl|Light Screen|p1b: Grimmsnarl
|-sidestart|p1: Fuggdafogg|move: Light Screen
|move|p2a: Typhlosion|Eruption|p1a: Annihilape|[spread] p1b
|-activate|p1a: Annihilape|move: Protect
|-damage|p1b: Grimmsnarl|0 fnt
|faint|p1b: Grimmsnarl
|move|p2b: Kingambit|Kowtow Cleave|p1a: Annihilape
|-activate|p1a: Annihilape|move: Protect
|
|-heal|p1a: Annihilape|100/100|[from] item: Leftovers
|-sideend|p2: Lewis94|move: Tailwind
|upkeep
|
|t:|1755797354
|switch|p1b: Rillaboom|Rillaboom, L50, M|100/100
|-fieldstart|move: Grassy Terrain|[from] ability: Grassy Surge|[of] p1b: Rillaboom
|turn|7
|
|t:|1755797373
|move|p1b: Rillaboom|Fake Out|p2b: Kingambit
|-damage|p2b: Kingambit|91/100
|move|p2a: Typhlosion|Eruption|p1a: Annihilape|[spread] p1a,p1b
|-resisted|p1a: Annihilape
|-supereffective|p1b: Rillaboom
|-damage|p1a: Annihilape|75/100
|-damage|p1b: Rillaboom|21/100
|move|p1a: Annihilape|Rage Fist|p2a: Typhlosion
|-supereffective|p2a: Typhlosion
|-damage|p2a: Typhlosion|0 fnt
|faint|p2a: Typhlosion
|cant|p2b: Kingambit|flinch
|
|-heal|p1a: Annihilape|81/100|[from] Grassy Terrain
|-heal|p1a: Annihilape|88/100|[from] item: Leftovers
|-heal|p1b: Rillaboom|27/100|[from] Grassy Terrain
|upkeep
|turn|8
|
|t:|1755797389
|move|p2b: Kingambit|Sucker Punch|p1b: Rillaboom
|-damage|p1b: Rillaboom|0 fnt
|faint|p1b: Rillaboom
|move|p1a: Annihilape|Rage Fist|p2b: Kingambit
|-damage|p2b: Kingambit|14/100
|
|-heal|p1a: Annihilape|94/100|[from] Grassy Terrain
|-heal|p1a: Annihilape|99/100|[from] item: Leftovers
|upkeep
|turn|9
|
|t:|1755797401
|move|p1a: Annihilape|Rage Fist|p2b: Kingambit
|-damage|p2b: Kingambit|0 fnt
|faint|p2b: Kingambit
|
|win|Fuggdafogg
|raw|Fuggdafogg's rating: 1171 → 1200(+29 for winning)
|raw|Lewis94's rating: 1223 → 1194(-29 for losing)
|c|☆Lewis94|gg
|l|☆Fuggdafogg
|player|p1|
