|j|☆trudley7
|j|☆viatles
|html|trudley7viatles    
|uhtml|bestof|Game 1 of a best-of-3
|t:|1756284019
|gametype|doubles
|player|p1|trudley7|clown|1000
|player|p2|viatles|hiker|1000
|gen|9
|tier|[Gen 9] VGC 2025 Reg H (Bo3)
|rated|
|rule|Species Clause: Limit one of each Pokémon
|rule|Item Clause: Limit 1 of each item
|clearpoke
|poke|p1|Hatterene, L50, F|
|poke|p1|Dondozo, L50, M|
|poke|p1|Tatsugiri, L50, M|
|poke|p1|Pelipper, L50, F|
|poke|p1|Archaludon, L50, F|
|poke|p1|Scrafty, L50, F|
|poke|p2|Oricorio-Sensu, L50, F|
|poke|p2|Volcarona, L50, F|
|poke|p2|Sylveon, L50, M|
|poke|p2|Murkrow, L50, M|
|poke|p2|Dragapult, L50, M|
|poke|p2|Baxcalibur, L50, F|
|teampreview|4
|showteam|p1|Hatterene||MentalHerb|Healer|TrickRoom,HealPulse,DarkPulse,Psychic|||F|||50|,,,,,Ghost]Dondozo||LifeOrb|Oblivious|Earthquake,OrderUp,RockSlide,Protect|||M|||50|,,,,,Dragon]Tatsugiri||FocusSash|Commander|Protect,HydroPump,DracoMeteor,HelpingHand|||M|||50|,,,,,Dragon]Pelipper||Leftovers|Drizzle|Tailwind,WeatherBall,Protect,Hurricane|||F|||50|,,,,,Water]Archaludon||ChoiceSpecs|Stamina|FlashCannon,ElectroShot,DracoMeteor,BodyPress|||F|||50|,,,,,Electric]Scrafty||ChoiceBand|Moxie|HighJumpKick,Crunch,Protect,BrickBreak|||F|||50|,,,,,Dark
|showteam|p2|Oricorio-Sensu||FocusSash|Dancer|QuiverDance,BatonPass,RevelationDance,Protect|||F|||50|,,,,,Fighting]Volcarona||SitrusBerry|FlameBody|QuiverDance,GigaDrain,FieryDance,Protect|||F|||50|,,,,,Grass]Sylveon||ChoiceScarf|Pixilate|HyperVoice,TeraBlast,StoredPower,SleepTalk|||M|||50|,,,,,Ground]Murkrow||Eviolite|Prankster|Tailwind,FoulPlay,Haze,FeatherDance|||M|||50|,,,,,Dark]Dragapult||CovertCloak|ClearBody|DragonCheer,DragonDarts,Protect,PhantomForce|||M|||50|,,,,,Stellar]Baxcalibur||LoadedDice|ThermalExchange|IcicleSpear,ScaleShot,GlaiveRush,Protect|||F|||50|,,,,,Grass
|c|☆viatles|gl hf
|inactive|Battle timer is ON: inactive players will automatically lose when time's up. (requested by viatles)
|c|☆trudley7|same to you
|
|t:|1756284051
|teamsize|p1|4
|teamsize|p2|4
|start
|switch|p1a: Pelipper|Pelipper, L50, F|100/100
|switch|p1b: Hatterene|Hatterene, L50, F, shiny|100/100
|switch|p2a: Oricorio|Oricorio-Sensu, L50, F|100/100
|switch|p2b: Volcarona|Volcarona, L50, F|100/100
|-weather|RainDance|[from] ability: Drizzle|[of] p1a: Pelipper
|turn|1
|inactive|trudley7 has 30 seconds left.
|
|t:|1756284076
|move|p2a: Oricorio|Protect|p2a: Oricorio
|-singleturn|p2a: Oricorio|Protect
|move|p2b: Volcarona|Quiver Dance|p2b: Volcarona
|-boost|p2b: Volcarona|spa|1
|-boost|p2b: Volcarona|spd|1
|-boost|p2b: Volcarona|spe|1
|-activate|p2a: Oricorio|ability: Dancer
|move|p2a: Oricorio|Quiver Dance|p2a: Oricorio|[from] ability: Dancer
|-boost|p2a: Oricorio|spa|1
|-boost|p2a: Oricorio|spd|1
|-boost|p2a: Oricorio|spe|1
|move|p1a: Pelipper|Weather Ball|p2b: Volcarona
|-supereffective|p2b: Volcarona
|-damage|p2b: Volcarona|25/100
|-enditem|p2b: Volcarona|Sitrus Berry|[eat]
|-heal|p2b: Volcarona|50/100|[from] item: Sitrus Berry
|move|p1b: Hatterene|Trick Room|p1b: Hatterene
|-fieldstart|move: Trick Room|[of] p1b: Hatterene
|
|-weather|RainDance|[upkeep]
|upkeep
|turn|2
|inactive|trudley7 has 30 seconds left.
|
|t:|1756284106
|move|p2b: Volcarona|Protect|p2b: Volcarona
|-singleturn|p2b: Volcarona|Protect
|move|p1b: Hatterene|Dark Pulse|p2a: Oricorio
|-supereffective|p2a: Oricorio
|-damage|p2a: Oricorio|37/100
|move|p1a: Pelipper|Weather Ball|p2b: Volcarona
|-activate|p2b: Volcarona|move: Protect
|move|p2a: Oricorio|Revelation Dance|p1b: Hatterene
|-supereffective|p1b: Hatterene
|-damage|p1b: Hatterene|0 fnt
|faint|p1b: Hatterene
|
|-weather|RainDance|[upkeep]
|upkeep
|
|t:|1756284119
|switch|p1b: Dondozo|Dondozo, L50, M|100/100
|turn|3
|
|t:|1756284131
|switch|p1a: Tatsugiri|Tatsugiri, L50, M, shiny|100/100
|-activate|p1a: Tatsugiri|ability: Commander|[of] p1b: Dondozo
|-boost|p1b: Dondozo|atk|2
|-boost|p1b: Dondozo|spa|2
|-boost|p1b: Dondozo|spe|2
|-boost|p1b: Dondozo|def|2
|-boost|p1b: Dondozo|spd|2
|switch|p2b: Sylveon|Sylveon, L50, M|100/100
|move|p2a: Oricorio|Protect|p2a: Oricorio
|-singleturn|p2a: Oricorio|Protect
|move|p1b: Dondozo|Rock Slide|p2a: Oricorio|[spread] p2b
|-activate|p2a: Oricorio|move: Protect
|-damage|p2b: Sylveon|36/100
|-damage|p1b: Dondozo|91/100|[from] item: Life Orb
|
|-weather|RainDance|[upkeep]
|upkeep
|turn|4
|inactive|viatles has 30 seconds left.
|
|t:|1756284160
|move|p1b: Dondozo|Rock Slide|p2b: Sylveon|[spread] p2a,p2b
|-supereffective|p2a: Oricorio
|-damage|p2a: Oricorio|0 fnt
|-damage|p2b: Sylveon|0 fnt
|faint|p2a: Oricorio
|faint|p2b: Sylveon
|-damage|p1b: Dondozo|81/100|[from] item: Life Orb
|
|-weather|RainDance|[upkeep]
|upkeep
|
|t:|1756284169
|switch|p2b: Dragapult|Dragapult, L50, M|100/100
|switch|p2a: Volcarona|Volcarona, L50, F|50/100
|turn|5
|
|t:|1756284184
|move|p2a: Volcarona|Protect|p2a: Volcarona
|-singleturn|p2a: Volcarona|Protect
|move|p2b: Dragapult|Protect|p2b: Dragapult
|-singleturn|p2b: Dragapult|Protect
|move|p1b: Dondozo|Order Up|p2a: Volcarona
|-activate|p2a: Volcarona|move: Protect
|
|-weather|none
|-fieldend|move: Trick Room
|upkeep
|turn|6
|
|t:|1756284196
|-terastallize|p2a: Volcarona|Grass
|move|p2b: Dragapult|Dragon Cheer|p2a: Volcarona
|-start|p2a: Volcarona|move: Dragon Cheer
|move|p2a: Volcarona|Giga Drain|p1b: Dondozo
|-supereffective|p1b: Dondozo
|-damage|p1b: Dondozo|41/100
|-heal|p2a: Volcarona|76/100|[from] drain|[of] p1b: Dondozo
|move|p1b: Dondozo|Rock Slide|p2b: Dragapult|[spread] p2a,p2b
|-damage|p2a: Volcarona|33/100
|-damage|p2b: Dragapult|40/100
|-damage|p1b: Dondozo|32/100|[from] item: Life Orb
|
|upkeep
|turn|7
|
|t:|1756284213
|move|p1b: Dondozo|Protect|p1b: Dondozo
|-singleturn|p1b: Dondozo|Protect
|move|p2b: Dragapult|Phantom Force||[still]
|-prepare|p2b: Dragapult|Phantom Force
|move|p2a: Volcarona|Giga Drain|p1b: Dondozo
|-activate|p1b: Dondozo|move: Protect
|
|upkeep
|turn|8
|
|t:|1756284225
|move|p2b: Dragapult|Phantom Force|p1b: Dondozo|[from] lockedmove
|-damage|p1b: Dondozo|17/100
|move|p2a: Volcarona|Giga Drain|p1b: Dondozo
|-supereffective|p1b: Dondozo
|-damage|p1b: Dondozo|0 fnt
|-heal|p2a: Volcarona|44/100|[from] drain|[of] p1b: Dondozo
|faint|p1b: Dondozo
|
|upkeep
|
|t:|1756284231
|switch|p1b: Pelipper|Pelipper, L50, F|100/100
|-weather|RainDance|[from] ability: Drizzle|[of] p1b: Pelipper
|turn|9
|
|t:|1756284245
|move|p2b: Dragapult|Dragon Darts|p1a: Tatsugiri
|-supereffective|p1a: Tatsugiri
|-damage|p1a: Tatsugiri|51/100
|-anim|p2b: Dragapult|Dragon Darts|p1b: Pelipper
|-damage|p1b: Pelipper|75/100
|move|p2a: Volcarona|Giga Drain|p1b: Pelipper
|-damage|p1b: Pelipper|17/100
|-heal|p2a: Volcarona|70/100|[from] drain|[of] p1b: Pelipper
|move|p1a: Tatsugiri|Draco Meteor|p2b: Dragapult
|-supereffective|p2b: Dragapult
|-damage|p2b: Dragapult|0 fnt
|-unboost|p1a: Tatsugiri|spa|2
|faint|p2b: Dragapult
|move|p1b: Pelipper|Weather Ball|p2a: Volcarona
|-resisted|p2a: Volcarona
|-damage|p2a: Volcarona|41/100
|
|-weather|RainDance|[upkeep]
|-heal|p1b: Pelipper|23/100|[from] item: Leftovers
|upkeep
|turn|10
|inactive|trudley7 has 30 seconds left.
|
|t:|1756284276
|move|p2a: Volcarona|Giga Drain|p1b: Pelipper
|-damage|p1b: Pelipper|0 fnt
|-heal|p2a: Volcarona|51/100|[from] drain|[of] p1b: Pelipper
|faint|p1b: Pelipper
|move|p1a: Tatsugiri|Draco Meteor|p2a: Volcarona
|-damage|p2a: Volcarona|25/100
|-unboost|p1a: Tatsugiri|spa|2
|
|-weather|RainDance|[upkeep]
|upkeep
|turn|11
|
|t:|1756284288
|-terastallize|p1a: Tatsugiri|Dragon
|move|p2a: Volcarona|Giga Drain|p1a: Tatsugiri
|-resisted|p1a: Tatsugiri
|-damage|p1a: Tatsugiri|31/100
|-heal|p2a: Volcarona|34/100|[from] drain|[of] p1a: Tatsugiri
|move|p1a: Tatsugiri|Hydro Pump|p2a: Volcarona
|-resisted|p2a: Volcarona
|-damage|p2a: Volcarona|24/100
|
|-weather|RainDance|[upkeep]
|upkeep
|turn|12
|
|t:|1756284298
|move|p2a: Volcarona|Giga Drain|p1a: Tatsugiri
|-resisted|p1a: Tatsugiri
|-damage|p1a: Tatsugiri|11/100
|-heal|p2a: Volcarona|33/100|[from] drain|[of] p1a: Tatsugiri
|move|p1a: Tatsugiri|Draco Meteor|p2a: Volcarona
|-damage|p2a: Volcarona|11/100
|-unboost|p1a: Tatsugiri|spa|2
|
|-weather|RainDance|[upkeep]
|upkeep
|turn|13
|
|t:|1756284309
|move|p2a: Volcarona|Giga Drain|p1a: Tatsugiri
|-resisted|p1a: Tatsugiri
|-damage|p1a: Tatsugiri|0 fnt
|-heal|p2a: Volcarona|16/100|[from] drain|[of] p1a: Tatsugiri
|faint|p1a: Tatsugiri
|
|win|viatles
||trudley7 is ready for game 2.
||viatles is ready for game 2.
|uhtml|next|Next: Game 2 of 3
|l|☆trudley7
|player|p1|
