|j|☆Beeetch
|j|☆laufey#1fan
|html|Beeetchlaufey#1fan    
|uhtml|bestof|Game 1 of a best-of-3
|t:|1756898592
|gametype|doubles
|player|p1|Beeetch|beauty-gen4dp|1231
|player|p2|laufey#1fan|lady|1321
|gen|9
|tier|[Gen 9] VGC 2025 Reg H (Bo3)
|rated|
|rule|Species Clause: Limit one of each Pokémon
|rule|Item Clause: Limit 1 of each item
|clearpoke
|poke|p1|Excadrill, L50, F|
|poke|p1|Tyranitar, L50, M|
|poke|p1|Sneasler, L50, F|
|poke|p1|Indeedee, L50, M|
|poke|p1|Corviknight, L50, F|
|poke|p1|Annihilape, L50, M|
|poke|p2|Kingambit, L50, F|
|poke|p2|Ursaluna-Bloodmoon, L50, M|
|poke|p2|Sinistcha, L50|
|poke|p2|Ninetales-Alola, L50, F|
|poke|p2|Sneasler, L50, F|
|poke|p2|Dragonite, L50, M|
|teampreview|4
|showteam|p1|Excadrill||FocusSash|SandRush|IronHead,HighHorsepower,Earthquake,Protect|||F|||50|,,,,,Stellar]Tyranitar||AssaultVest|SandStream|RockSlide,KnockOff,TeraBlast,LowKick|||M|||50|,,,,,Flying]Sneasler||PsychicSeed|Unburden|DireClaw,CloseCombat,ThroatChop,Protect|||F|||50|,,,,,Dark]Indeedee||ChoiceScarf|PsychicSurge|ExpandingForce,TeraBlast,Protect,Trick|||M|||50|,,,,,Psychic]Corviknight||Leftovers|MirrorArmor|BraveBird,BulkUp,Roost,Tailwind|||F|||50|,,,,,Dragon]Annihilape||SafetyGoggles|Defiant|CloseCombat,FinalGambit,RageFist,Taunt|||M|||50|,,,,,Water
|showteam|p2|Kingambit||BlackGlasses|Defiant|KowtowCleave,SwordsDance,SuckerPunch,Protect|||F|||50|,,,,,Fire]Ursaluna-Bloodmoon||AssaultVest|MindsEye|BloodMoon,EarthPower,HyperVoice,VacuumWave|||M|||50|,,,,,Water]Sinistcha||SitrusBerry|Hospitality|Protect,MatchaGotcha,TrickRoom,RagePowder||||||50|,,,,,Water]Ninetales-Alola||ChoiceSpecs|SnowWarning|Blizzard,Moonblast,FreezeDry,DazzlingGleam|||F|||50|,,,,,Ghost]Sneasler||FocusSash|Unburden|CloseCombat,DireClaw,Coaching,FakeOut|||F|||50|,,,,,Ghost]Dragonite||LoadedDice|Multiscale|Protect,ScaleShot,StompingTantrum,Haze|||M|||50|,,,,,Fairy
|
|t:|1756898646
|teamsize|p1|4
|teamsize|p2|4
|start
|switch|p1a: Tyranitar|Tyranitar, L50, M, shiny|100/100
|switch|p1b: Indeedee|Indeedee, L50, M, shiny|100/100
|switch|p2a: Sabotage|Sneasler, L50, F|100/100
|switch|p2b: JOYBOY|Dragonite, L50, M|100/100
|-fieldstart|move: Psychic Terrain|[from] ability: Psychic Surge|[of] p1b: Indeedee
|-weather|Sandstorm|[from] ability: Sand Stream|[of] p1a: Tyranitar
|turn|1
|
|t:|1756898675
|switch|p1a: Corviknight|Corviknight, L50, F|100/100
|move|p1b: Indeedee|Expanding Force|p2a: Sabotage|[spread] p2a,p2b
|-supereffective|p2a: Sabotage
|-enditem|p2a: Sabotage|Focus Sash
|-damage|p2a: Sabotage|1/100
|-damage|p2b: JOYBOY|70/100
|move|p2a: Sabotage|Dire Claw|p1a: Corviknight
|-immune|p1a: Corviknight
|move|p2b: JOYBOY|Scale Shot|p1b: Indeedee
|-damage|p1b: Indeedee|72/100
|-damage|p1b: Indeedee|40/100
|-damage|p1b: Indeedee|12/100
|-damage|p1b: Indeedee|0 fnt
|faint|p1b: Indeedee
|-hitcount|p1: Indeedee|4
|-unboost|p2b: JOYBOY|def|1
|-boost|p2b: JOYBOY|spe|1
|
|-weather|Sandstorm|[upkeep]
|-damage|p2a: Sabotage|0 fnt|[from] Sandstorm
|-damage|p2b: JOYBOY|64/100|[from] Sandstorm
|faint|p2a: Sabotage
|upkeep
|
|t:|1756898696
|switch|p2a: Ursaluna|Ursaluna-Bloodmoon, L50, M|100/100
|switch|p1b: Sneasler|Sneasler, L50, F, shiny|100/100
|-enditem|p1b: Sneasler|Psychic Seed
|-boost|p1b: Sneasler|spd|1|[from] item: Psychic Seed
|turn|2
|
|t:|1756898729
|-terastallize|p2a: Ursaluna|Water
|move|p1b: Sneasler|Protect|p1b: Sneasler
|-singleturn|p1b: Sneasler|Protect
|move|p2b: JOYBOY|Protect|p2b: JOYBOY
|-singleturn|p2b: JOYBOY|Protect
|move|p1a: Corviknight|Brave Bird|p2b: JOYBOY
|-activate|p2b: JOYBOY|move: Protect
|move|p2a: Ursaluna|Earth Power|p1b: Sneasler
|-activate|p1b: Sneasler|move: Protect
|
|-weather|Sandstorm|[upkeep]
|-damage|p1b: Sneasler|94/100|[from] Sandstorm
|-damage|p2b: JOYBOY|58/100|[from] Sandstorm
|-damage|p2a: Ursaluna|94/100|[from] Sandstorm
|upkeep
|turn|3
|
|t:|1756898772
|switch|p2b: Laufey|Ninetales-Alola, L50, F, shiny|100/100
|-weather|Snowscape|[from] ability: Snow Warning|[of] p2b: Laufey
|move|p1b: Sneasler|Dire Claw|p2b: Laufey
|-supereffective|p2b: Laufey
|-damage|p2b: Laufey|20/100
|-status|p2b: Laufey|psn
|move|p1a: Corviknight|Brave Bird|p2b: Laufey
|-damage|p2b: Laufey|0 fnt
|faint|p2b: Laufey
|-damage|p1a: Corviknight|95/100|[from] Recoil
|move|p2a: Ursaluna|Earth Power|p1b: Sneasler
|-supereffective|p1b: Sneasler
|-damage|p1b: Sneasler|0 fnt
|faint|p1b: Sneasler
|
|-weather|Snowscape|[upkeep]
|-heal|p1a: Corviknight|100/100|[from] item: Leftovers
|upkeep
|
|t:|1756898788
|switch|p2b: JOYBOY|Dragonite, L50, M|58/100
|switch|p1b: Tyranitar|Tyranitar, L50, M, shiny|100/100
|-weather|Sandstorm|[from] ability: Sand Stream|[of] p1b: Tyranitar
|turn|4
|
|t:|1756898803
|-terastallize|p1b: Tyranitar|Flying
|move|p2b: JOYBOY|Scale Shot|p1b: Tyranitar
|-damage|p1b: Tyranitar|86/100
|-damage|p1b: Tyranitar|75/100
|-damage|p1b: Tyranitar|61/100
|-damage|p1b: Tyranitar|50/100
|-damage|p1b: Tyranitar|38/100
|-hitcount|p1b: Tyranitar|5
|-unboost|p2b: JOYBOY|def|1
|-boost|p2b: JOYBOY|spe|1
|move|p1b: Tyranitar|Rock Slide|p2a: Ursaluna|[spread] p2a,p2b
|-supereffective|p2b: JOYBOY
|-damage|p2a: Ursaluna|71/100
|-damage|p2b: JOYBOY|0 fnt
|faint|p2b: JOYBOY
|move|p1a: Corviknight|Bulk Up|p1a: Corviknight
|-boost|p1a: Corviknight|atk|1
|-boost|p1a: Corviknight|def|1
|move|p2a: Ursaluna|Blood Moon|p1b: Tyranitar
|-damage|p1b: Tyranitar|0 fnt
|faint|p1b: Tyranitar
|
|-weather|Sandstorm|[upkeep]
|-damage|p2a: Ursaluna|65/100|[from] Sandstorm
|upkeep
|turn|5
|
|t:|1756898835
|move|p2a: Ursaluna|Vacuum Wave|p1a: Corviknight
|-hint|Psychic Terrain doesn't affect Pokémon immune to Ground.
|-damage|p1a: Corviknight|88/100
|move|p1a: Corviknight|Brave Bird|p2a: Ursaluna
|-damage|p2a: Ursaluna|14/100
|-damage|p1a: Corviknight|70/100|[from] Recoil
|
|-weather|Sandstorm|[upkeep]
|-damage|p2a: Ursaluna|8/100|[from] Sandstorm
|-heal|p1a: Corviknight|76/100|[from] item: Leftovers
|-fieldend|move: Psychic Terrain
|upkeep
|turn|6
|
|t:|1756898847
|move|p1a: Corviknight|Brave Bird|p2a: Ursaluna
|-crit|p2a: Ursaluna
|-damage|p2a: Ursaluna|0 fnt
|faint|p2a: Ursaluna
|-damage|p1a: Corviknight|74/100|[from] Recoil
|
|win|Beeetch
