|j|‽Malgooee
|j|☆Karlye
|html|MalgooeeKarlye    
|uhtml|bestof|Game 2 of a best-of-3
|t:|1757671931
|gametype|doubles
|player|p1|Malgooee|2|1089
|player|p2|Karlye|hilbert|1160
|gen|9
|tier|[Gen 9] VGC 2025 Reg H (Bo3)
|rated|
|rule|Species Clause: Limit one of each Pokémon
|rule|Item Clause: Limit 1 of each item
|clearpoke
|poke|p1|Gothitelle, L50, F|
|poke|p1|Archaludon, L50, F|
|poke|p1|Amoonguss, L50, F|
|poke|p1|Politoed, L50, F|
|poke|p1|Sneasler, L50, F|
|poke|p1|Indeedee, L50, M|
|poke|p2|Dragonite, L50, F|
|poke|p2|Ursaluna-Bloodmoon, L50, M|
|poke|p2|Gholdengo, L50|
|poke|p2|Maushold-Four, L50|
|poke|p2|Annihilape, L50, F|
|poke|p2|Rillaboom, L50, M|
|teampreview|4
|showteam|p1|Gothitelle||Leftovers|ShadowTag|TrickRoom,FakeOut,Protect,Taunt|||F|||50|,,,,,Grass]Archaludon||AssaultVest|Stamina|BodyPress,DracoMeteor,ElectroShot,FlashCannon|||F|||50|,,,,,Electric]Amoonguss||RockyHelmet|Regenerator|Spore,Protect,RagePowder,PollenPuff|||F|||50|,,,,,Dark]Politoed||SitrusBerry|Drizzle|PerishSong,Protect,Encore,WeatherBall|||F|||50|,,,,,Grass]Sneasler||PsychicSeed|Unburden|Protect,DireClaw,CloseCombat,SwordsDance|||F|||50|,,,,,Fighting]Indeedee||ChoiceSpecs|PsychicSurge|ExpandingForce,DazzlingGleam,Psyshock,DrainingKiss|||M|||50|,,,,,Psychic
|showteam|p2|Dragonite||LoadedDice|Multiscale|ScaleShot,Tailwind,Haze,Protect|||F|||50|,,,,,Fairy]Ursaluna-Bloodmoon||AssaultVest|MindsEye|BloodMoon,EarthPower,HyperVoice,VacuumWave|||M|||50|,,,,,Water]Gholdengo||LifeOrb|GoodasGold|MakeItRain,ShadowBall,NastyPlot,Protect||||||50|,,,,,Dragon]Maushold-Four||FocusSash|FriendGuard|Taunt,FollowMe,BeatUp,Protect||||||50|,,,,,Ghost]Annihilape||SitrusBerry|Defiant|RageFist,DrainPunch,BulkUp,Protect|||F|||50|,,,,,Fire]Rillaboom||MiracleSeed|GrassySurge|WoodHammer,GrassyGlide,HighHorsepower,FakeOut|||M|||50|,,,,,Fire
|inactive|Battle timer is ON: inactive players will automatically lose when time's up. (requested by Malgooee)
|inactive|Karlye has 60 seconds left.
|inactive|Karlye has 30 seconds left.
|inactive|Karlye has 20 seconds left.
|inactive|Karlye has 15 seconds left.
|inactive|Karlye has 10 seconds left.
|inactive|Karlye has 5 seconds left.
|
|t:|1757672018
|teamsize|p1|4
|teamsize|p2|4
|start
|switch|p1a: Archaludon|Archaludon, L50, F|100/100
|switch|p1b: Politoed|Politoed, L50, F|100/100
|switch|p2a: Maushold|Maushold-Four, L50|100/100
|switch|p2b: Gholdengo|Gholdengo, L50|100/100
|-weather|RainDance|[from] ability: Drizzle|[of] p1b: Politoed
|turn|1
|inactive|Malgooee has 30 seconds left.
|inactive|Karlye has 30 seconds left.
|inactive|Malgooee has 20 seconds left.
|
|t:|1757672056
|switch|p2a: Rillaboom|Rillaboom, L50, M|100/100
|-fieldstart|move: Grassy Terrain|[from] ability: Grassy Surge|[of] p2a: Rillaboom
|switch|p1a: Indeedee|Indeedee, L50, M|100/100
|-fieldstart|move: Psychic Terrain|[from] ability: Psychic Surge|[of] p1a: Indeedee
|move|p2b: Gholdengo|Nasty Plot|p2b: Gholdengo
|-boost|p2b: Gholdengo|spa|2
|move|p1b: Politoed|Weather Ball|p2b: Gholdengo
|-damage|p2b: Gholdengo|42/100
|
|-weather|RainDance|[upkeep]
|upkeep
|turn|2
|inactive|Malgooee has 30 seconds left.
|inactive|Karlye has 30 seconds left.
|inactive|Karlye has 20 seconds left.
|inactive|Karlye has 15 seconds left.
|inactive|Karlye has 10 seconds left.
|
|t:|1757672102
|switch|p1b: Sneasler|Sneasler, L50, F|100/100
|-enditem|p1b: Sneasler|Psychic Seed
|-boost|p1b: Sneasler|spd|1|[from] item: Psychic Seed
|move|p2b: Gholdengo|Protect|p2b: Gholdengo
|-singleturn|p2b: Gholdengo|Protect
|move|p1a: Indeedee|Expanding Force|p2b: Gholdengo|[spread] p2a
|-activate|p2b: Gholdengo|move: Protect
|-damage|p2a: Rillaboom|19/100
|move|p2a: Rillaboom|Wood Hammer|p1b: Sneasler
|-resisted|p1b: Sneasler
|-damage|p1b: Sneasler|44/100
|-damage|p2a: Rillaboom|3/100|[from] Recoil
|
|-weather|RainDance|[upkeep]
|upkeep
|turn|3
|
|t:|1757672126
|move|p2b: Gholdengo|Protect|p2b: Gholdengo
|-singleturn|p2b: Gholdengo|Protect
|move|p1b: Sneasler|Swords Dance|p1b: Sneasler
|-boost|p1b: Sneasler|atk|2
|move|p1a: Indeedee|Expanding Force|p2b: Gholdengo|[spread] p2a
|-activate|p2b: Gholdengo|move: Protect
|-damage|p2a: Rillaboom|0 fnt
|faint|p2a: Rillaboom
|
|-weather|RainDance|[upkeep]
|upkeep
|
|t:|1757672136
|switch|p2a: Maushold|Maushold-Four, L50|100/100
|turn|4
|
|t:|1757672154
|-terastallize|p2a: Maushold|Ghost
|move|p2a: Maushold|Follow Me|p2a: Maushold
|-singleturn|p2a: Maushold|move: Follow Me
|move|p1b: Sneasler|Dire Claw|p2a: Maushold
|-resisted|p2a: Maushold
|-damage|p2a: Maushold|49/100
|move|p1a: Indeedee|Expanding Force|p2b: Gholdengo|[spread] p2a,p2b
|-resisted|p2b: Gholdengo
|-damage|p2a: Maushold|0 fnt
|-damage|p2b: Gholdengo|6/100
|faint|p2a: Maushold
|move|p2b: Gholdengo|Make It Rain|p1a: Indeedee|[spread] p1a,p1b
|-damage|p1a: Indeedee|0 fnt
|-damage|p1b: Sneasler|0 fnt
|-unboost|p2b: Gholdengo|spa|1
|faint|p1a: Indeedee
|faint|p1b: Sneasler
|-damage|p2b: Gholdengo|0 fnt|[from] item: Life Orb
|faint|p2b: Gholdengo
|
|-weather|RainDance|[upkeep]
|upkeep
|c|☆Karlye|yeah so it was roll first game
|
|t:|1757672176
|switch|p1a: Politoed|Politoed, L50, F|100/100
|switch|p2b: Dragonite|Dragonite, L50, F|100/100
|switch|p1b: Archaludon|Archaludon, L50, F|100/100
|turn|5
|
|t:|1757672198
|-terastallize|p1b: Archaludon|Electric
|move|p2b: Dragonite|Scale Shot|p1a: Politoed
|-damage|p1a: Politoed|85/100
|-damage|p1a: Politoed|72/100
|-damage|p1a: Politoed|58/100
|-damage|p1a: Politoed|43/100
|-enditem|p1a: Politoed|Sitrus Berry|[eat]
|-heal|p1a: Politoed|68/100|[from] item: Sitrus Berry
|-damage|p1a: Politoed|53/100
|-hitcount|p1a: Politoed|5
|-unboost|p2b: Dragonite|def|1
|-boost|p2b: Dragonite|spe|1
|move|p1b: Archaludon|Electro Shot||[still]
|-prepare|p1b: Archaludon|Electro Shot
|-boost|p1b: Archaludon|spa|1
|-anim|p1b: Archaludon|Electro Shot|p2b: Dragonite
|-damage|p2b: Dragonite|51/100
|move|p1a: Politoed|Weather Ball|p2b: Dragonite
|-resisted|p2b: Dragonite
|-damage|p2b: Dragonite|27/100
|
|-weather|none
|-fieldend|move: Psychic Terrain
|upkeep
|turn|6
|inactive|Malgooee has 30 seconds left.
|
|t:|1757672229
|move|p2b: Dragonite|Tailwind|p2b: Dragonite
|-sidestart|p2: Karlye|move: Tailwind
|move|p1b: Archaludon|Draco Meteor|p2b: Dragonite
|-supereffective|p2b: Dragonite
|-damage|p2b: Dragonite|0 fnt
|-unboost|p1b: Archaludon|spa|2
|faint|p2b: Dragonite
|
|win|Malgooee
|raw|Malgooee's rating: 1089 → 1121(+32 for winning)
|raw|Karlye's rating: 1160 → 1130(-30 for losing)
|l|‽Malgooee
|player|p1|
