|j|☆T0123456789
|j|☆Occam's Katana
|html|T0123456789Occam's Katana    
|uhtml|bestof|Game 2 of a best-of-3
|t:|1754929996
|gametype|doubles
|player|p1|T0123456789|dawn|1165
|player|p2|Occam's Katana|birdkeeper-gen4dp|1254
|gen|9
|tier|[Gen 9] VGC 2025 Reg H (Bo3)
|rated|
|rule|Species Clause: Limit one of each Pokémon
|rule|Item Clause: Limit 1 of each item
|clearpoke
|poke|p1|Weezing-Galar, L50, M|
|poke|p1|Tyranitar, L50, F|
|poke|p1|Dragapult, L50, M|
|poke|p1|Toedscruel, L50, F|
|poke|p1|Dondozo, L50, F|
|poke|p1|Tatsugiri-Droopy, L50, M|
|poke|p2|Volcarona, L50, F|
|poke|p2|Samurott-Hisui, L50, M|
|poke|p2|Gholdengo, L50|
|poke|p2|Sneasler, L50, F|
|poke|p2|Ursaluna-Bloodmoon, L50, M|
|poke|p2|Indeedee, L50, M|
|teampreview|4
|showteam|p1|Weezing-Galar||SitrusBerry|NeutralizingGas|Protect,PoisonGas,ToxicSpikes,StrangeSteam|||M|||50|,,,,,Water]Tyranitar||AbilityShield|SandStream|Protect,RockSlide,TeraBlast,KnockOff|||F|||50|,,,,,Flying]Dragapult||ChoiceBand|ClearBody|DragonDarts,PhantomForce,Uturn,SuckerPunch|||M|||50|,,,,,Dragon]Toedscruel||CovertCloak|MyceliumMight|Spore,RagePowder,Taunt,EarthPower|||F|||50|,,,,,Water]Dondozo||Leftovers|Unaware|Protect,Earthquake,OrderUp,BodyPress|||F|||50|,,,,,Steel]Tatsugiri-Droopy||ChoiceScarf|Commander|MuddyWater,IcyWind,DragonPulse,DracoMeteor|||M|||50|,,,,,Steel
|showteam|p2|Volcarona||SitrusBerry|FlameBody|FieryDance,StruggleBug,Tailwind,RagePowder|||F|||50|,,,,,Dragon]Samurott-Hisui||AssaultVest|Sharpness|AquaCutter,SacredSword,SuckerPunch,FlipTurn|||M|||50|,,,,,Poison]Gholdengo||MetalCoat|GoodasGold|MakeItRain,ShadowBall,NastyPlot,Protect||||||50|,,,,,Water]Sneasler||PsychicSeed|Unburden|DireClaw,CloseCombat,ThroatChop,Protect|||F|||50|,,,,,Dark]Ursaluna-Bloodmoon||LifeOrb|MindsEye|BloodMoon,HyperVoice,EarthPower,Protect|||M|||50|,,,,,Normal]Indeedee||FocusSash|PsychicSurge|ExpandingForce,Encore,Imprison,TrickRoom|||M|||50|,,,,,Psychic
|inactive|Battle timer is ON: inactive players will automatically lose when time's up. (requested by Occam's Katana)
|inactive|T0123456789 also wants the timer to be on.
|
|t:|1754930021
|teamsize|p1|4
|teamsize|p2|4
|start
|switch|p1a: Toedscruel|Toedscruel, L50, F|100/100
|switch|p1b: Weezing|Weezing-Galar, L50, M|100/100
|switch|p2a: Shamonerona|Volcarona, L50, F, shiny|100/100
|switch|p2b: Steely Dan|Gholdengo, L50, shiny|100/100
|-ability|p1b: Weezing|Neutralizing Gas
|turn|1
|
|t:|1754930038
|-terastallize|p1a: Toedscruel|Water
|move|p1a: Toedscruel|Spore|p2b: Steely Dan
|-status|p2b: Steely Dan|slp|[from] move: Spore
|move|p2a: Shamonerona|Tailwind|p2a: Shamonerona
|-sidestart|p2: Occam's Katana|move: Tailwind
|cant|p2b: Steely Dan|slp
|move|p1b: Weezing|Toxic Spikes|p2b: Steely Dan
|-sidestart|p2: Occam's Katana|move: Toxic Spikes
|
|upkeep
|turn|2
|
|t:|1754930055
|-terastallize|p2b: Steely Dan|Water
|move|p2a: Shamonerona|Fiery Dance|p1b: Weezing
|-damage|p1b: Weezing|67/100
|cant|p2b: Steely Dan|slp
|move|p1a: Toedscruel|Earth Power|p2b: Steely Dan
|-damage|p2b: Steely Dan|72/100 slp
|move|p1b: Weezing|Toxic Spikes|p2a: Shamonerona
|-sidestart|p2: Occam's Katana|move: Toxic Spikes
|
|upkeep
|turn|3
|
|t:|1754930079
|move|p2a: Shamonerona|Fiery Dance|p1a: Toedscruel
|-resisted|p1a: Toedscruel
|-damage|p1a: Toedscruel|85/100
|cant|p2b: Steely Dan|slp
|move|p1a: Toedscruel|Spore|p2b: Steely Dan
|-fail|p2b: Steely Dan|slp
|move|p1b: Weezing|Poison Gas||[still]|[spread] p2a,p2b
|-status|p2a: Shamonerona|psn
|-fail|p1b: Weezing
|
|-damage|p2a: Shamonerona|88/100 psn|[from] psn
|upkeep
|turn|4
|inactive|Occam's Katana has 30 seconds left.
|
|t:|1754930108
|move|p1b: Weezing|Protect|p1b: Weezing
|-singleturn|p1b: Weezing|Protect
|move|p2a: Shamonerona|Fiery Dance|p1a: Toedscruel
|-resisted|p1a: Toedscruel
|-damage|p1a: Toedscruel|70/100
|-boost|p2a: Shamonerona|spa|1
|-curestatus|p2b: Steely Dan|slp|[msg]
|move|p2b: Steely Dan|Make It Rain|p1a: Toedscruel|[spread] p1a
|-activate|p1b: Weezing|move: Protect
|-resisted|p1a: Toedscruel
|-damage|p1a: Toedscruel|46/100
|-unboost|p2b: Steely Dan|spa|1
|move|p1a: Toedscruel|Spore|p2b: Steely Dan
|-status|p2b: Steely Dan|slp|[from] move: Spore
|
|-damage|p2a: Shamonerona|76/100 psn|[from] psn
|-sideend|p2: Occam's Katana|move: Tailwind
|upkeep
|turn|5
|
|t:|1754930122
|move|p1a: Toedscruel|Taunt|p2a: Shamonerona
|-start|p2a: Shamonerona|move: Taunt
|move|p2a: Shamonerona|Fiery Dance|p1b: Weezing
|-damage|p1b: Weezing|16/100
|-boost|p2a: Shamonerona|spa|1
|-enditem|p1b: Weezing|Sitrus Berry|[eat]
|-heal|p1b: Weezing|41/100|[from] item: Sitrus Berry
|cant|p2b: Steely Dan|slp
|move|p1b: Weezing|Strange Steam|p2b: Steely Dan
|-damage|p2b: Steely Dan|44/100 slp
|
|-damage|p2a: Shamonerona|64/100 psn|[from] psn
|upkeep
|turn|6
|
|t:|1754930145
|move|p1a: Toedscruel|Earth Power|p2b: Steely Dan
|-crit|p2b: Steely Dan
|-damage|p2b: Steely Dan|3/100 slp
|-unboost|p2b: Steely Dan|spd|1
|move|p2a: Shamonerona|Fiery Dance|p1b: Weezing
|-damage|p1b: Weezing|0 fnt
|-boost|p2a: Shamonerona|spa|1
|faint|p1b: Weezing
|-end|p1b: Weezing|ability: Neutralizing Gas
|cant|p2b: Steely Dan|slp
|
|-damage|p2a: Shamonerona|52/100 psn|[from] psn
|upkeep
|
|t:|1754930153
|switch|p1b: Dondozo|Dondozo, L50, F|100/100
|turn|7
|
|t:|1754930161
|move|p1b: Dondozo|Protect|p1b: Dondozo
|-singleturn|p1b: Dondozo|Protect
|move|p1a: Toedscruel|Earth Power|p2b: Steely Dan
|-damage|p2b: Steely Dan|0 fnt
|faint|p2b: Steely Dan
|move|p2a: Shamonerona|Struggle Bug|p1b: Dondozo|[spread] p1a
|-activate|p1b: Dondozo|move: Protect
|-damage|p1a: Toedscruel|7/100
|
|-damage|p2a: Shamonerona|39/100 psn|[from] psn
|-end|p2a: Shamonerona|move: Taunt
|upkeep
|-enditem|p2a: Shamonerona|Sitrus Berry|[eat]
|-heal|p2a: Shamonerona|64/100 psn|[from] item: Sitrus Berry
|
|t:|1754930164
|switch|p2b: Longclaw|Sneasler, L50, F, shiny|100/100
|-sideend|p2: Occam's Katana|move: Toxic Spikes|[of] p2b: Longclaw
|turn|8
|
|t:|1754930173
|switch|p1a: Tatsugiri|Tatsugiri-Droopy, L50, M, shiny|100/100
|-activate|p1a: Tatsugiri|ability: Commander|[of] p1b: Dondozo
|-boost|p1b: Dondozo|atk|2
|-boost|p1b: Dondozo|spa|2
|-boost|p1b: Dondozo|spe|2
|-boost|p1b: Dondozo|def|2
|-boost|p1b: Dondozo|spd|2
|move|p2b: Longclaw|Dire Claw|p1b: Dondozo
|-damage|p1b: Dondozo|89/100
|-status|p1b: Dondozo|psn
|move|p2a: Shamonerona|Tailwind|p2a: Shamonerona
|-sidestart|p2: Occam's Katana|move: Tailwind
|move|p1b: Dondozo|Earthquake|p2a: Shamonerona|[spread] p2a,p2b
|-miss|p1b: Dondozo|p1a: Tatsugiri
|-supereffective|p2b: Longclaw
|-damage|p2a: Shamonerona|32/100 psn
|-damage|p2b: Longclaw|0 fnt
|faint|p2b: Longclaw
|
|-heal|p1b: Dondozo|95/100 psn|[from] item: Leftovers
|-damage|p2a: Shamonerona|20/100 psn|[from] psn
|-damage|p1b: Dondozo|83/100 psn|[from] psn
|upkeep
|
|t:|1754930177
|switch|p2b: MDD|Indeedee, L50, M, shiny|100/100
|-fieldstart|move: Psychic Terrain|[from] ability: Psychic Surge|[of] p2b: MDD
|turn|9
|
|t:|1754930192
|move|p1b: Dondozo|Protect|p1b: Dondozo
|-singleturn|p1b: Dondozo|Protect
|move|p2b: MDD|Expanding Force|p1b: Dondozo|[spread] 
|-miss|p2b: MDD|p1a: Tatsugiri
|-activate|p1b: Dondozo|move: Protect
|move|p2a: Shamonerona|Struggle Bug|p1b: Dondozo|[spread] 
|-miss|p2a: Shamonerona|p1a: Tatsugiri
|-activate|p1b: Dondozo|move: Protect
|
|-heal|p1b: Dondozo|89/100 psn|[from] item: Leftovers
|-damage|p2a: Shamonerona|8/100 psn|[from] psn
|-damage|p1b: Dondozo|76/100 psn|[from] psn
|upkeep
|turn|10
|
|t:|1754930203
|move|p2b: MDD|Encore|p1b: Dondozo
|-start|p1b: Dondozo|Encore
|move|p2a: Shamonerona|Struggle Bug|p1b: Dondozo|[spread] p1b
|-miss|p2a: Shamonerona|p1a: Tatsugiri
|-damage|p1b: Dondozo|70/100 psn
|-unboost|p1b: Dondozo|spa|1
|move|p1b: Dondozo|Protect||[still]
|-fail|p1b: Dondozo
|
|-heal|p1b: Dondozo|76/100 psn|[from] item: Leftovers
|-damage|p2a: Shamonerona|0 fnt|[from] psn
|faint|p2a: Shamonerona
|-damage|p1b: Dondozo|64/100 psn|[from] psn
|upkeep
|turn|11
|
|t:|1754930211
|move|p1b: Dondozo|Protect|p1b: Dondozo
|-singleturn|p1b: Dondozo|Protect
|move|p2b: MDD|Trick Room|p2b: MDD
|-fieldstart|move: Trick Room|[of] p2b: MDD
|
|-heal|p1b: Dondozo|70/100 psn|[from] item: Leftovers
|-damage|p1b: Dondozo|58/100 psn|[from] psn
|-sideend|p2: Occam's Katana|move: Tailwind
|upkeep
|turn|12
|
|t:|1754930214
|move|p1b: Dondozo|Protect|p1b: Dondozo
|-singleturn|p1b: Dondozo|Protect
|move|p2b: MDD|Expanding Force|p1b: Dondozo|[spread] 
|-miss|p2b: MDD|p1a: Tatsugiri
|-activate|p1b: Dondozo|move: Protect
|
|-heal|p1b: Dondozo|64/100 psn|[from] item: Leftovers
|-damage|p1b: Dondozo|51/100 psn|[from] psn
|-end|p1b: Dondozo|Encore
|upkeep
|turn|13
|
|t:|1754930221
|move|p1b: Dondozo|Body Press|p2b: MDD
|-damage|p2b: MDD|6/100
|move|p2b: MDD|Expanding Force|p1a: Tatsugiri|[spread] p1b
|-miss|p2b: MDD|p1a: Tatsugiri
|-damage|p1b: Dondozo|29/100 psn
|
|-heal|p1b: Dondozo|36/100 psn|[from] item: Leftovers
|-damage|p1b: Dondozo|23/100 psn|[from] psn
|-fieldend|move: Psychic Terrain
|upkeep
|turn|14
|
|t:|1754930229
|move|p1b: Dondozo|Protect|p1b: Dondozo
|-singleturn|p1b: Dondozo|Protect
|move|p2b: MDD|Expanding Force|p1b: Dondozo
|-activate|p1b: Dondozo|move: Protect
|
|-heal|p1b: Dondozo|29/100 psn|[from] item: Leftovers
|-damage|p1b: Dondozo|17/100 psn|[from] psn
|upkeep
|turn|15
|
|t:|1754930235
|move|p1b: Dondozo|Body Press|p2b: MDD
|-damage|p2b: MDD|0 fnt
|faint|p2b: MDD
|
|win|T0123456789
|raw|T0123456789's rating: 1165 → 1196(+31 for winning)
|raw|Occam's Katana's rating: 1254 → 1223(-31 for losing)
