|j|☆ScottyDoesntUnown
|j|☆xdi8723
|html|ScottyDoesntUnownxdi8723    
|uhtml|bestof|Game 3 of a best-of-3
|t:|1757105582
|gametype|doubles
|player|p1|ScottyDoesntUnown|bruno|1055
|player|p2|xdi8723|1|1025
|gen|9
|tier|[Gen 9] VGC 2025 Reg H (Bo3)
|rated|
|rule|Species Clause: Limit one of each Pokémon
|rule|Item Clause: Limit 1 of each item
|clearpoke
|poke|p1|Archaludon, L50, M|
|poke|p1|Pelipper, L50, M|
|poke|p1|Basculegion, L50, M|
|poke|p1|Amoonguss, L50, M|
|poke|p1|Incineroar, L50, M|
|poke|p1|Gholdengo, L50|
|poke|p2|Gholdengo, L50|
|poke|p2|Amoonguss, L50, F|
|poke|p2|Incineroar, L50, M|
|poke|p2|Kommo-o, L50, M|
|poke|p2|Ninetales-Alola, L50, F|
|poke|p2|Dragonite, L50, M|
|teampreview|4
|showteam|p1|Archaludon||AssaultVest|Stamina|DragonPulse,ElectroShot,FlashCannon,BodyPress|||M|||50|,,,,,Bug]Pelipper||FocusSash|Drizzle|WeatherBall,Hurricane,Tailwind,Protect|||M|||50|,,,,,Ground]Basculegion||ChoiceBand|SwiftSwim|WaveCrash,LastRespects,AquaJet,FlipTurn|||M|||50|,,,,,Grass]Amoonguss||CovertCloak|Regenerator|PollenPuff,RagePowder,Spore,Protect|||M|||50|,,,,,Water]Incineroar||SafetyGoggles|Intimidate|KnockOff,FakeOut,PartingShot,Taunt|||M|||50|,,,,,Ghost]Gholdengo||LifeOrb|GoodasGold|MakeItRain,ShadowBall,NastyPlot,Protect||||||50|,,,,,Water
|showteam|p2|Gholdengo||ChoiceSpecs|GoodasGold|MakeItRain,ShadowBall,Trick,FocusBlast||||||50|,,,,,Steel]Amoonguss||RockyHelmet|Regenerator|Protect,RagePowder,Spore,PollenPuff|||F|||50|,,,,,Fairy]Incineroar||SafetyGoggles|Intimidate|FakeOut,FlareBlitz,KnockOff,PartingShot|||M|||50|,,,,,Ghost]Kommo-o||ThroatSpray|Soundproof|Protect,ClangingScales,Flamethrower,ClangorousSoul|||M|||50|,,,,,Fire]Ninetales-Alola||FocusSash|SnowWarning|Protect,Blizzard,FreezeDry,Encore|||F|||50|,,,,,Ice]Dragonite||AssaultVest|Multiscale|ExtremeSpeed,TeraBlast,IceSpinner,StompingTantrum|||M|||50|,,,,,Flying
|inactive|Battle timer is ON: inactive players will automatically lose when time's up. (requested by ScottyDoesntUnown)
|
|t:|1757105613
|teamsize|p1|4
|teamsize|p2|4
|start
|switch|p1a: Basculegion|Basculegion, L50, M|100/100
|switch|p1b: Archaludon|Archaludon, L50, M|100/100
|switch|p2a: Incineroar|Incineroar, L50, M|100/100
|switch|p2b: Kommo-o|Kommo-o, L50, M|100/100
|-ability|p2a: Incineroar|Intimidate|boost
|-unboost|p1a: Basculegion|atk|1
|-unboost|p1b: Archaludon|atk|1
|turn|1
|inactive|xdi8723 has 30 seconds left.
|
|t:|1757105641
|switch|p1b: Pelipper|Pelipper, L50, M|100/100
|-weather|RainDance|[from] ability: Drizzle|[of] p1b: Pelipper
|move|p2a: Incineroar|Fake Out|p1b: Pelipper
|-damage|p1b: Pelipper|85/100
|move|p1a: Basculegion|Flip Turn|p2a: Incineroar
|-supereffective|p2a: Incineroar
|-damage|p2a: Incineroar|10/100
|
|t:|1757105654
|switch|p1a: Archaludon|Archaludon, L50, M|100/100|[from] Flip Turn
|move|p2b: Kommo-o|Clangorous Soul|p2b: Kommo-o
|-boost|p2b: Kommo-o|atk|1
|-boost|p2b: Kommo-o|def|1
|-boost|p2b: Kommo-o|spa|1
|-boost|p2b: Kommo-o|spd|1
|-boost|p2b: Kommo-o|spe|1
|-damage|p2b: Kommo-o|68/100
|-enditem|p2b: Kommo-o|Throat Spray
|-boost|p2b: Kommo-o|spa|1|[from] item: Throat Spray
|
|-weather|RainDance|[upkeep]
|upkeep
|turn|2
|inactive|ScottyDoesntUnown has 30 seconds left.
|inactive|xdi8723 has 30 seconds left.
|
|t:|1757105684
|move|p2b: Kommo-o|Clanging Scales|p1b: Pelipper|[spread] p1a,p1b
|-damage|p1a: Archaludon|38/100
|-damage|p1b: Pelipper|0 fnt
|-ability|p1a: Archaludon|Stamina|boost
|-boost|p1a: Archaludon|def|1
|faint|p1b: Pelipper
|-unboost|p2b: Kommo-o|def|1
|move|p2a: Incineroar|Parting Shot|p1a: Archaludon
|-unboost|p1a: Archaludon|atk|1
|-unboost|p1a: Archaludon|spa|1
|
|t:|1757105696
|switch|p2a: Ninetales|Ninetales-Alola, L50, F|100/100|[from] Parting Shot
|-weather|Snowscape|[from] ability: Snow Warning|[of] p2a: Ninetales
|move|p1a: Archaludon|Electro Shot||[still]
|-prepare|p1a: Archaludon|Electro Shot
|-boost|p1a: Archaludon|spa|1
|
|-weather|Snowscape|[upkeep]
|upkeep
|
|t:|1757105699
|switch|p1b: Gholdengo|Gholdengo, L50|100/100
|turn|3
|
|t:|1757105717
|-terastallize|p2b: Kommo-o|Fire
|move|p2b: Kommo-o|Clanging Scales|p1b: Gholdengo|[spread] p1a,p1b
|-resisted|p1b: Gholdengo
|-damage|p1a: Archaludon|0 fnt
|-damage|p1b: Gholdengo|60/100
|faint|p1a: Archaludon
|-unboost|p2b: Kommo-o|def|1
|move|p2a: Ninetales|Blizzard|p1b: Gholdengo
|-resisted|p1b: Gholdengo
|-damage|p1b: Gholdengo|35/100
|move|p1b: Gholdengo|Make It Rain|p2a: Ninetales|[spread] p2a,p2b
|-supereffective|p2a: Ninetales
|-resisted|p2b: Kommo-o
|-enditem|p2a: Ninetales|Focus Sash
|-damage|p2a: Ninetales|1/100
|-damage|p2b: Kommo-o|46/100
|-unboost|p1b: Gholdengo|spa|1
|-damage|p1b: Gholdengo|25/100|[from] item: Life Orb
|
|-weather|Snowscape|[upkeep]
|upkeep
|
|t:|1757105720
|switch|p1a: Basculegion|Basculegion, L50, M|100/100
|turn|4
|inactive|xdi8723 has 30 seconds left.
|
|t:|1757105749
|move|p2a: Ninetales|Protect|p2a: Ninetales
|-singleturn|p2a: Ninetales|Protect
|move|p1b: Gholdengo|Protect|p1b: Gholdengo
|-singleturn|p1b: Gholdengo|Protect
|move|p1a: Basculegion|Aqua Jet|p2a: Ninetales
|-activate|p2a: Ninetales|move: Protect
|move|p2b: Kommo-o|Clanging Scales|p1a: Basculegion|[spread] p1a
|-activate|p1b: Gholdengo|move: Protect
|-damage|p1a: Basculegion|21/100
|-unboost|p2b: Kommo-o|def|1
|
|-weather|Snowscape|[upkeep]
|upkeep
|turn|5
|-message|ScottyDoesntUnown forfeited.
|
|win|xdi8723
|raw|ScottyDoesntUnown's rating: 1055 → 1035(-20 for losing)
|raw|xdi8723's rating: 1025 → 1064(+39 for winning)
|l|☆ScottyDoesntUnown
|player|p1|
