|j|☆Semyboy
|j|☆Xlxpow
|html|SemyboyXlxpow    
|uhtml|bestof|Game 1 of a best-of-3
|t:|1756756003
|gametype|doubles
|player|p1|Semyboy|170|
|player|p2|Xlxpow|266|
|gen|9
|tier|[Gen 9] VGC 2025 Reg H (Bo3)
|rule|Species Clause: Limit one of each Pokémon
|rule|Item Clause: Limit 1 of each item
|clearpoke
|poke|p1|Gholdengo, L50|
|poke|p1|Incineroar, L50, M|
|poke|p1|Amoonguss, L50, M|
|poke|p1|Basculegion, L50, M|
|poke|p1|Pelipper, L50, F|
|poke|p1|Archaludon, L50, F|
|poke|p2|Charizard, L50, F|
|poke|p2|Ursaluna, L50, M|
|poke|p2|Jumpluff, L50, M|
|poke|p2|Torkoal, L50, M|
|poke|p2|Incineroar, L50, M|
|poke|p2|Porygon2, L50|
|teampreview|4
|showteam|p1|Gholdengo||LifeOrb|GoodasGold|MakeItRain,ShadowBall,NastyPlot,Protect||||||50|,,,,,Water]Incineroar||SafetyGoggles|Intimidate|KnockOff,PartingShot,Taunt,FakeOut|||M|||50|,,,,,Fire]Amoonguss||SitrusBerry|Regenerator|RagePowder,Protect,Spore,PollenPuff|||M|||50|,,,,,Fairy]Basculegion||ChoiceBand|SwiftSwim|WaveCrash,AquaJet,LastRespects,FlipTurn|||M|||50|,,,,,Water]Pelipper||FocusSash|Drizzle|Tailwind,WeatherBall,Hurricane,Protect|||F|||50|,,,,,Ground]Archaludon||AssaultVest|Stamina|ElectroShot,BodyPress,FlashCannon,DragonPulse|||F|||50|,,,,,Bug
|showteam|p2|Charizard||ChoiceSpecs|SolarPower|HeatWave,DragonPulse,AirSlash,WeatherBall|||F|||50|,,,,,Ghost]Ursaluna||FlameOrb|Guts|HeadlongRush,Protect,Facade,Earthquake|||M|||50|,,,,,Ghost]Jumpluff||CovertCloak|Chlorophyll|SleepPowder,RagePowder,SunnyDay,Tailwind|||M|||50|,,,,,Dark]Torkoal||EjectPack|Drought|Overheat,Eruption,Protect,HelpingHand|||M|||50|,,,,,Fire]Incineroar||SitrusBerry|Intimidate|FlareBlitz,KnockOff,PartingShot,FakeOut|||M|||50|,,,,,Bug]Porygon2||Eviolite|Download|IceBeam,Protect,TrickRoom,TeraBlast||||||50|,,,,,Fighting
|
|t:|1756756097
|teamsize|p1|4
|teamsize|p2|4
|start
|switch|p1a: Basculegion|Basculegion, L50, M|100/100
|switch|p1b: Pelipper|Pelipper, L50, F|100/100
|switch|p2a: Jumpluff|Jumpluff, L50, M|100/100
|switch|p2b: Charizard|Charizard, L50, F|100/100
|-weather|RainDance|[from] ability: Drizzle|[of] p1b: Pelipper
|turn|1
|
|t:|1756756120
|-terastallize|p1a: Basculegion|Water
|move|p2a: Jumpluff|Rage Powder|p2a: Jumpluff
|-singleturn|p2a: Jumpluff|move: Rage Powder
|move|p1a: Basculegion|Aqua Jet|p2a: Jumpluff
|-resisted|p2a: Jumpluff
|-damage|p2a: Jumpluff|66/100
|move|p2b: Charizard|Air Slash|p1a: Basculegion
|-damage|p1a: Basculegion|36/100
|move|p1b: Pelipper|Tailwind|p1b: Pelipper
|-sidestart|p1: Semyboy|move: Tailwind
|
|-weather|RainDance|[upkeep]
|upkeep
|turn|2
|
|t:|1756756159
|switch|p1a: Archaludon|Archaludon, L50, F|100/100
|switch|p2a: Porygon2|Porygon2, L50|100/100
|-ability|p2a: Porygon2|Download|boost
|-boost|p2a: Porygon2|spa|1
|move|p1b: Pelipper|Hurricane|p2a: Porygon2
|-damage|p2a: Porygon2|72/100
|move|p2b: Charizard|Air Slash|p1a: Archaludon|[miss]
|-miss|p2b: Charizard|p1a: Archaludon
|
|-weather|RainDance|[upkeep]
|upkeep
|turn|3
|
|t:|1756756186
|switch|p2b: Ursaluna|Ursaluna, L50, M|100/100
|move|p1b: Pelipper|Hurricane|p2a: Porygon2
|-damage|p2a: Porygon2|47/100
|move|p1a: Archaludon|Electro Shot||[still]
|-prepare|p1a: Archaludon|Electro Shot
|-boost|p1a: Archaludon|spa|1
|-anim|p1a: Archaludon|Electro Shot|p2b: Ursaluna
|-immune|p2b: Ursaluna
|move|p2a: Porygon2|Trick Room|p2a: Porygon2
|-fieldstart|move: Trick Room|[of] p2a: Porygon2
|
|-weather|RainDance|[upkeep]
|-status|p2b: Ursaluna|brn|[from] item: Flame Orb
|upkeep
|turn|4
|
|t:|1756756219
|-terastallize|p2b: Ursaluna|Ghost
|move|p2b: Ursaluna|Headlong Rush|p1a: Archaludon
|-supereffective|p1a: Archaludon
|-damage|p1a: Archaludon|0 fnt
|-unboost|p2b: Ursaluna|def|1
|-unboost|p2b: Ursaluna|spd|1
|faint|p1a: Archaludon
|move|p2a: Porygon2|Ice Beam|p1b: Pelipper
|-damage|p1b: Pelipper|37/100
|move|p1b: Pelipper|Weather Ball|p2b: Ursaluna
|-damage|p2b: Ursaluna|22/100 brn
|
|-weather|RainDance|[upkeep]
|-damage|p2b: Ursaluna|16/100 brn|[from] brn
|-sideend|p1: Semyboy|move: Tailwind
|upkeep
|
|t:|1756756236
|switch|p1a: Incineroar|Incineroar, L50, M|100/100
|-ability|p1a: Incineroar|Intimidate|boost
|-unboost|p2a: Porygon2|atk|1
|-unboost|p2b: Ursaluna|atk|1
|turn|5
|
|t:|1756756272
|move|p2a: Porygon2|Protect|p2a: Porygon2
|-singleturn|p2a: Porygon2|Protect
|move|p1a: Incineroar|Fake Out|p2a: Porygon2
|-activate|p2a: Porygon2|move: Protect
|move|p2b: Ursaluna|Headlong Rush|p1a: Incineroar
|-supereffective|p1a: Incineroar
|-damage|p1a: Incineroar|1/100
|-unboost|p2b: Ursaluna|def|1
|-unboost|p2b: Ursaluna|spd|1
|move|p1b: Pelipper|Weather Ball|p2b: Ursaluna
|-crit|p2b: Ursaluna
|-damage|p2b: Ursaluna|0 fnt
|faint|p2b: Ursaluna
|
|-weather|none
|upkeep
|
|t:|1756756289
|switch|p2b: Jumpluff|Jumpluff, L50, M|66/100
|turn|6
|
|t:|1756756309
|switch|p1b: Basculegion|Basculegion, L50, M, tera:Water|36/100
|switch|p2b: Charizard|Charizard, L50, F|100/100
|move|p2a: Porygon2|Ice Beam|p1b: Basculegion
|-resisted|p1b: Basculegion
|-damage|p1b: Basculegion|17/100
|move|p1a: Incineroar|Taunt|p2b: Charizard
|-start|p2b: Charizard|move: Taunt
|
|upkeep
|turn|7
|
|t:|1756756342
|move|p2a: Porygon2|Tera Blast|p1b: Basculegion
|-damage|p1b: Basculegion|0 fnt
|faint|p1b: Basculegion
|move|p1a: Incineroar|Knock Off|p2b: Charizard
|-damage|p2b: Charizard|53/100
|-enditem|p2b: Charizard|Choice Specs|[from] move: Knock Off|[of] p1a: Incineroar
|move|p2b: Charizard|Air Slash|p1a: Incineroar
|-damage|p1a: Incineroar|0 fnt
|faint|p1a: Incineroar
|
|-fieldend|move: Trick Room
|upkeep
|
|t:|1756756354
|switch|p1b: Pelipper|Pelipper, L50, F|37/100
|-weather|RainDance|[from] ability: Drizzle|[of] p1b: Pelipper
|turn|8
|
|t:|1756756373
|move|p2b: Charizard|Dragon Pulse|p1b: Pelipper
|-damage|p1b: Pelipper|0 fnt
|faint|p1b: Pelipper
|
|win|Xlxpow
||Semyboy is ready for game 2.
|inactive|Xlxpow has 30 seconds to confirm battle start!
||Xlxpow is ready for game 2.
|uhtml|next|Next: Game 2 of 3
|l|☆Semyboy
|player|p1|
