|badge|p2|gold|gen9randombattle|3-10
|uhtml|medal-msg|Curious what those medals under the avatar are? PS now has Ladder Seasons! For more information, check out the thread on Smogon.
|j|☆chocokoala vgc
|j|☆MichaelderBeste2
|html|chocokoala vgcMichaelderBeste2    
|uhtml|bestof|Game 1 of a best-of-3
|t:|1784112029
|gametype|doubles
|player|p1|chocokoala vgc|benga|1285
|player|p2|MichaelderBeste2|#wcop2026germany|1440
|gen|9
|tier|[Gen 9 Champions] VGC 2026 Reg M-B (Bo3)
|rated|
|rule|Species Clause: Limit one of each Pokémon
|rule|Item Clause: Limit 1 of each item
|clearpoke
|poke|p1|Slowbro, L50, F|
|poke|p1|Appletun, L50, F|
|poke|p1|Incineroar, L50, M|
|poke|p1|Glimmora, L50, M|
|poke|p1|Ninetales-Alola, L50, F|
|poke|p1|Conkeldurr, L50, F|
|poke|p2|Froslass, L50, F|
|poke|p2|Dragonite, L50, F|
|poke|p2|Toxapex, L50, F|
|poke|p2|Sneasler, L50, M|
|poke|p2|Kingambit, L50, F|
|poke|p2|Blaziken, L50, M|
|teampreview|4
|showteam|p1|Slowbro||Slowbronite|Regenerator|Psychic,Scald,Protect,TrickRoom|Modest||F|||50|]Appletun||Leftovers|ThickFat|AppleAcid,DragonPulse,Protect,LeechSeed|Sassy||F|||50|]Incineroar||SitrusBerry|Intimidate|FakeOut,PartingShot,FlareBlitz,DarkestLariat|Careful||M|||50|]Glimmora||Glimmoranite|ToxicDebris|PowerGem,SludgeBomb,SpikyShield,EarthPower|Timid||M|||50|]Ninetales-Alola||LightClay|SnowWarning|Blizzard,Moonblast,Protect,AuroraVeil|Timid||F|||50|]Conkeldurr||LifeOrb|IronFist|MachPunch,DrainPunch,Protect,KnockOff|Brave||F|||50|
|showteam|p2|Froslass||Froslassite|CursedBody|Blizzard,ShadowBall,AuroraVeil,Protect|Timid||F|||50|]Dragonite||LifeOrb|InnerFocus|DragonClaw,ExtremeSpeed,LowKick,Protect|Adamant||F|||50|]Toxapex||Leftovers|Regenerator|Infestation,Toxic,WideGuard,BanefulBunker|Bold||F|||50|]Sneasler||FocusSash|PoisonTouch|CloseCombat,PoisonJab,FakeOut,Protect|Jolly||M|||50|]Kingambit||BlackGlasses|Defiant|KowtowCleave,IronHead,SuckerPunch,Protect|Adamant||F|||50|]Blaziken||Blazikenite|SpeedBoost|CloseCombat,FlareBlitz,RockSlide,Protect|Adamant||M|||50|
|inactive|Battle timer is ON: inactive players will automatically lose when time's up. (requested by chocokoala vgc)
|inactive|MichaelderBeste2 has 60 seconds left.
|
|t:|1784112075
|teamsize|p1|4
|teamsize|p2|4
|start
|switch|p1a: Glimmora|Glimmora, L50, M|100/100
|switch|p1b: Conkeldurr|Conkeldurr, L50, F|100/100
|switch|p2a: Froslass|Froslass, L50, F|100/100
|switch|p2b: Kingambit|Kingambit, L50, F|100/100
|turn|1
|inactive|chocokoala vgc has 30 seconds left.
|inactive|MichaelderBeste2 has 30 seconds left.
|inactive|MichaelderBeste2 has 20 seconds left.
|
|t:|1784112119
|detailschange|p1a: Glimmora|Glimmora-Mega, L50, M
|-mega|p1a: Glimmora|Glimmora|Glimmoranite
|move|p2a: Froslass|Protect|p2a: Froslass
|-singleturn|p2a: Froslass|Protect
|move|p2b: Kingambit|Sucker Punch|p1a: Glimmora
|-damage|p1a: Glimmora|48/100
|move|p1b: Conkeldurr|Mach Punch|p2b: Kingambit
|-supereffective|p2b: Kingambit|2
|-damage|p2b: Kingambit|0 fnt
|faint|p2b: Kingambit
|-damage|p1b: Conkeldurr|90/100|[from] item: Life Orb
|move|p1a: Glimmora|Power Gem|p2a: Froslass
|-activate|p2a: Froslass|move: Protect
|
|upkeep
|
|t:|1784112122
|switch|p2b: Sneasler|Sneasler, L50, M|100/100
|turn|2
|inactive|chocokoala vgc has 30 seconds left.
|
|t:|1784112151
|switch|p1a: Incineroar|Incineroar, L50, M|100/100
|-ability|p1a: Incineroar|Intimidate|boost
|-unboost|p2a: Froslass|atk|1
|-unboost|p2b: Sneasler|atk|1
|detailschange|p2a: Froslass|Froslass-Mega, L50, F
|-mega|p2a: Froslass|Froslass|Froslassite
|-weather|Snowscape|[from] ability: Snow Warning|[of] p2a: Froslass
|move|p1b: Conkeldurr|Protect|p1b: Conkeldurr
|-singleturn|p1b: Conkeldurr|Protect
|move|p2b: Sneasler|Close Combat|p1b: Conkeldurr
|-activate|p1b: Conkeldurr|move: Protect
|move|p2a: Froslass|Blizzard|p1b: Conkeldurr|[spread] p1a
|-activate|p1b: Conkeldurr|move: Protect
|-resisted|p1a: Incineroar|1
|-damage|p1a: Incineroar|84/100
|
|-weather|Snowscape|[upkeep]
|upkeep
|turn|3
|inactive|chocokoala vgc has 30 seconds left.
|inactive|chocokoala vgc has 20 seconds left.
|inactive|chocokoala vgc has 15 seconds left.
|inactive|chocokoala vgc has 10 seconds left.
|
|t:|1784112197
|move|p1a: Incineroar|Fake Out|p2b: Sneasler
|-damage|p2b: Sneasler|81/100
|cant|p2b: Sneasler|flinch
|move|p2a: Froslass|Aurora Veil|p2a: Froslass
|-sidestart|p2: MichaelderBeste2|move: Aurora Veil
|move|p1b: Conkeldurr|Knock Off|p2a: Froslass
|-supereffective|p2a: Froslass|1
|-damage|p2a: Froslass|65/100
|-damage|p1b: Conkeldurr|80/100|[from] item: Life Orb
|
|-weather|Snowscape|[upkeep]
|upkeep
|turn|4
|
|t:|1784112220
|move|p2b: Sneasler|Close Combat|p1b: Conkeldurr
|-damage|p1b: Conkeldurr|43/100
|-unboost|p2b: Sneasler|def|1
|-unboost|p2b: Sneasler|spd|1
|move|p2a: Froslass|Blizzard|p1a: Incineroar|[spread] p1a,p1b
|-resisted|p1a: Incineroar|1
|-damage|p1a: Incineroar|69/100
|-damage|p1b: Conkeldurr|0 fnt
|faint|p1b: Conkeldurr
|move|p1a: Incineroar|Flare Blitz|p2a: Froslass
|-supereffective|p2a: Froslass|1
|-damage|p2a: Froslass|10/100
|-damage|p1a: Incineroar|54/100|[from] Recoil
|
|-weather|Snowscape|[upkeep]
|upkeep
|
|t:|1784112235
|switch|p1b: Ninetales|Ninetales-Alola, L50, F|100/100
|turn|5
|
|t:|1784112250
|switch|p2a: Toxapex|Toxapex, L50, F|100/100
|move|p1b: Ninetales|Protect|p1b: Ninetales
|-singleturn|p1b: Ninetales|Protect
|move|p2b: Sneasler|Close Combat|p1a: Incineroar
|-supereffective|p1a: Incineroar|1
|-damage|p1a: Incineroar|0 fnt
|-unboost|p2b: Sneasler|def|1
|-unboost|p2b: Sneasler|spd|1
|faint|p1a: Incineroar
|
|-weather|Snowscape|[upkeep]
|upkeep
|
|t:|1784112259
|switch|p1a: Glimmora|Glimmora-Mega, L50, M|48/100
|turn|6
|
|t:|1784112270
|move|p1a: Glimmora|Spiky Shield|p1a: Glimmora
|-singleturn|p1a: Glimmora|move: Protect
|move|p2b: Sneasler|Close Combat|p1a: Glimmora
|-activate|p1a: Glimmora|move: Protect
|-damage|p2b: Sneasler|69/100|[from] Spiky Shield|[of] p1a: Glimmora
|move|p1b: Ninetales|Blizzard|p2b: Sneasler|[spread] p2a,p2b
|-resisted|p2a: Toxapex|1
|-damage|p2a: Toxapex|91/100
|-damage|p2b: Sneasler|16/100
|move|p2a: Toxapex|Infestation|p1a: Glimmora
|-activate|p1a: Glimmora|move: Protect
|-damage|p2a: Toxapex|79/100|[from] Spiky Shield|[of] p1a: Glimmora
|
|-weather|none
|-heal|p2a: Toxapex|85/100|[from] item: Leftovers
|upkeep
|turn|7
|
|t:|1784112290
|move|p2b: Sneasler|Close Combat|p1a: Glimmora
|-damage|p1a: Glimmora|5/100
|-unboost|p2b: Sneasler|def|1
|-unboost|p2b: Sneasler|spd|1
|move|p1b: Ninetales|Moonblast|p2b: Sneasler
|-damage|p2b: Sneasler|0 fnt
|faint|p2b: Sneasler
|move|p1a: Glimmora|Earth Power|p2a: Toxapex
|-supereffective|p2a: Toxapex|1
|-damage|p2a: Toxapex|50/100g
|move|p2a: Toxapex|Infestation|p1a: Glimmora
|-resisted|p1a: Glimmora|1
|-damage|p1a: Glimmora|3/100
|-activate|p1a: Glimmora|move: Infestation|[of] p2a: Toxapex
|
|-heal|p2a: Toxapex|56/100|[from] item: Leftovers
|-damage|p1a: Glimmora|0 fnt|[from] move: Infestation|[partiallytrapped]
|faint|p1a: Glimmora
|-sideend|p2: MichaelderBeste2|move: Aurora Veil
|upkeep
|
|t:|1784112293
|switch|p2b: Froslass|Froslass-Mega, L50, F|10/100
|-weather|Snowscape|[from] ability: Snow Warning|[of] p2b: Froslass
|turn|8
|
|t:|1784112305
|move|p2b: Froslass|Protect|p2b: Froslass
|-singleturn|p2b: Froslass|Protect
|move|p1b: Ninetales|Blizzard|p2b: Froslass|[spread] p2a
|-activate|p2b: Froslass|move: Protect
|-resisted|p2a: Toxapex|1
|-crit|p2a: Toxapex
|-damage|p2a: Toxapex|38/100
|-status|p2a: Toxapex|frz
|cant|p2a: Toxapex|frz
|
|-weather|Snowscape|[upkeep]
|-heal|p2a: Toxapex|44/100 frz|[from] item: Leftovers
|upkeep
|turn|9
|
|t:|1784112314
|move|p2b: Froslass|Aurora Veil|p2b: Froslass
|-sidestart|p2: MichaelderBeste2|move: Aurora Veil
|move|p1b: Ninetales|Blizzard|p2b: Froslass|[spread] p2a,p2b
|-resisted|p2a: Toxapex|1
|-resisted|p2b: Froslass|1
|-damage|p2a: Toxapex|36/100 frz
|-damage|p2b: Froslass|0 fnt
|faint|p2b: Froslass
|-curestatus|p2a: Toxapex|frz|[msg]
|move|p2a: Toxapex|Toxic|p1b: Ninetales
|-status|p1b: Ninetales|tox
|
|-weather|Snowscape|[upkeep]
|-heal|p2a: Toxapex|42/100|[from] item: Leftovers
|-damage|p1b: Ninetales|93/100 tox|[from] psn
|upkeep
|turn|10
|
|t:|1784112327
|move|p2a: Toxapex|Baneful Bunker|p2a: Toxapex
|-singleturn|p2a: Toxapex|move: Protect
|move|p1b: Ninetales|Moonblast|p2a: Toxapex
|-activate|p2a: Toxapex|move: Protect
|
|-weather|Snowscape|[upkeep]
|-heal|p2a: Toxapex|47/100|[from] item: Leftovers
|-damage|p1b: Ninetales|81/100 tox|[from] psn
|upkeep
|turn|11
|
|t:|1784112330
|move|p1b: Ninetales|Moonblast|p2a: Toxapex
|-resisted|p2a: Toxapex|1
|-damage|p2a: Toxapex|38/100
|move|p2a: Toxapex|Infestation|p1b: Ninetales
|-resisted|p1b: Ninetales|1
|-crit|p1b: Ninetales
|-damage|p1b: Ninetales|79/100 tox
|-activate|p1b: Ninetales|move: Infestation|[of] p2a: Toxapex
|
|-weather|Snowscape|[upkeep]
|-heal|p2a: Toxapex|44/100|[from] item: Leftovers
|-damage|p1b: Ninetales|61/100 tox|[from] psn
|-damage|p1b: Ninetales|48/100 tox|[from] move: Infestation|[partiallytrapped]
|upkeep
|turn|12
|-message|chocokoala vgc forfeited.
|
|win|MichaelderBeste2
