|j|☆volcanicrj
|j|☆Pauxilian_X
|html|volcanicrjPauxilian_X    
|uhtml|bestof|Game 2 of a best-of-3
|t:|1757910690
|gametype|doubles
|player|p1|volcanicrj|flannery|
|player|p2|Pauxilian_X|266|
|gen|9
|tier|[Gen 9] VGC 2025 Reg H (Bo3)
|rule|Species Clause: Limit one of each Pokémon
|rule|Item Clause: Limit 1 of each item
|clearpoke
|poke|p1|Dragonite, L50, M|
|poke|p1|Dondozo, L50, F|
|poke|p1|Electabuzz, L50, M|
|poke|p1|Sneasler, L50, F|
|poke|p1|Rillaboom, L50, M|
|poke|p1|Ninetales-Alola, L50, F|
|poke|p2|Empoleon, L50, F|
|poke|p2|Garchomp, L50, F|
|poke|p2|Incineroar, L50, F|
|poke|p2|Rillaboom, L50, M|
|poke|p2|Clefable, L50, M|
|poke|p2|Drifblim, L50, F|
|teampreview|4
|showteam|p1|Dragonite||LoadedDice|Multiscale|ScaleShot,Tailwind,Haze,Protect|||M|||50|,,,,,Fairy]Dondozo||Leftovers|Unaware|Fissure,WaveCrash,Protect,Yawn|||F|||50|,,,,,Grass]Electabuzz||Eviolite|VitalSpirit|FollowMe,Thunderbolt,Taunt,HelpingHand|||M|||50|,,,,,Ghost]Sneasler||FocusSash|Unburden|DireClaw,Coaching,Protect,CloseCombat|||F|||50|,,,,,Stellar]Rillaboom||AssaultVest|GrassySurge|FakeOut,WoodHammer,DrainPunch,HighHorsepower|||M|||50|,,,,,Water]Ninetales-Alola||LightClay|SnowWarning|AuroraVeil,Encore,FreezeDry,Moonblast|||F|||50|,,,,,Ghost
|showteam|p2|Empoleon||Leftovers|Competitive|IceBeam,FlashCannon,Protect,WaterPledge|||F|||50|,,,,,Grass]Garchomp||LifeOrb|RoughSkin|SwordsDance,DragonClaw,Earthquake,Protect|||F|||50|,,,,,Fairy]Incineroar||SafetyGoggles|Intimidate|FirePledge,PartingShot,KnockOff,FakeOut|||F|||50|,,,,,Ghost]Rillaboom||AssaultVest|GrassySurge|GrassPledge,FakeOut,DrainPunch,HighHorsepower|||M|||50|,,,,,Ground]Clefable||RockyHelmet|MagicGuard|FollowMe,Moonlight,Moonblast,Encore|||M|||50|,,,,,Steel]Drifblim||GrassySeed|Unburden|Tailwind,AirSlash,HelpingHand,WillOWisp|||F|||50|,,,,,Ghost
|inactive|Battle timer is ON: inactive players will automatically lose when time's up. (requested by volcanicrj)
|
|t:|1757910712
|teamsize|p1|4
|teamsize|p2|4
|start
|switch|p1a: Rillaboom|Rillaboom, L50, M|100/100
|switch|p1b: Dragonite|Dragonite, L50, M, shiny|100/100
|switch|p2a: Incineroar|Incineroar, L50, F|100/100
|switch|p2b: Clefable|Clefable, L50, M|100/100
|-fieldstart|move: Grassy Terrain|[from] ability: Grassy Surge|[of] p1a: Rillaboom
|-ability|p2a: Incineroar|Intimidate|boost
|-unboost|p1a: Rillaboom|atk|1
|-unboost|p1b: Dragonite|atk|1
|turn|1
|inactive|volcanicrj has 30 seconds left.
|inactive|Pauxilian_X has 30 seconds left.
|inactive|volcanicrj has 20 seconds left.
|inactive|volcanicrj has 15 seconds left.
|
|t:|1757910753
|-terastallize|p1b: Dragonite|Fairy
|move|p2a: Incineroar|Fake Out|p1b: Dragonite
|-damage|p1b: Dragonite|93/100
|cant|p1b: Dragonite|flinch
|move|p1a: Rillaboom|Wood Hammer|p2b: Clefable
|-damage|p2b: Clefable|48/100
|-damage|p1a: Rillaboom|84/100|[from] item: Rocky Helmet|[of] p2b: Clefable
|-damage|p1a: Rillaboom|66/100|[from] Recoil
|move|p2b: Clefable|Moonblast|p1b: Dragonite
|-damage|p1b: Dragonite|61/100
|
|-heal|p1b: Dragonite|67/100|[from] Grassy Terrain
|-heal|p1a: Rillaboom|72/100|[from] Grassy Terrain
|-heal|p2b: Clefable|54/100|[from] Grassy Terrain
|upkeep
|turn|2
|inactive|volcanicrj has 30 seconds left.
|
|t:|1757910784
|switch|p1a: Dondozo|Dondozo, L50, F, shiny|100/100
|move|p1b: Dragonite|Tailwind|p1b: Dragonite
|-sidestart|p1: volcanicrj|move: Tailwind
|move|p2a: Incineroar|Fire Pledge|p1a: Dondozo
|-resisted|p1a: Dondozo
|-damage|p1a: Dondozo|91/100
|move|p2b: Clefable|Moonlight|p2b: Clefable
|-heal|p2b: Clefable|100/100
|
|-heal|p1b: Dragonite|73/100|[from] Grassy Terrain
|-heal|p1a: Dondozo|97/100|[from] Grassy Terrain
|-heal|p1a: Dondozo|100/100|[from] item: Leftovers
|upkeep
|turn|3
|inactive|Pauxilian_X has 30 seconds left.
|inactive|volcanicrj has 30 seconds left.
|
|t:|1757910820
|switch|p1b: Rillaboom|Rillaboom, L50, M|72/100
|move|p2b: Clefable|Follow Me|p2b: Clefable
|-singleturn|p2b: Clefable|move: Follow Me
|move|p1a: Dondozo|Wave Crash|p2b: Clefable
|-damage|p2b: Clefable|47/100
|-damage|p1a: Dondozo|84/100|[from] item: Rocky Helmet|[of] p2b: Clefable
|-damage|p1a: Dondozo|69/100|[from] Recoil
|move|p2a: Incineroar|Parting Shot|p1b: Rillaboom
|-unboost|p1b: Rillaboom|atk|1
|-unboost|p1b: Rillaboom|spa|1
|
|t:|1757910833
|switch|p2a: Garchomp|Garchomp, L50, F|100/100|[from] Parting Shot
|
|-heal|p1b: Rillaboom|78/100|[from] Grassy Terrain
|-heal|p1a: Dondozo|75/100|[from] Grassy Terrain
|-heal|p1a: Dondozo|81/100|[from] item: Leftovers
|-heal|p2b: Clefable|52/100|[from] Grassy Terrain
|upkeep
|turn|4
|
|t:|1757910846
|move|p1b: Rillaboom|Wood Hammer|p2a: Garchomp
|-damage|p2a: Garchomp|48/100
|-damage|p1b: Rillaboom|66/100|[from] ability: Rough Skin|[of] p2a: Garchomp
|-damage|p1b: Rillaboom|49/100|[from] Recoil
|move|p2a: Garchomp|Swords Dance|p2a: Garchomp
|-boost|p2a: Garchomp|atk|2
|move|p1a: Dondozo|Wave Crash|p2a: Garchomp
|-damage|p2a: Garchomp|0 fnt
|-damage|p1a: Dondozo|69/100|[from] ability: Rough Skin|[of] p2a: Garchomp
|faint|p2a: Garchomp
|-damage|p1a: Dondozo|57/100|[from] Recoil
|move|p2b: Clefable|Moonlight|p2b: Clefable
|-heal|p2b: Clefable|100/100
|
|-heal|p1b: Rillaboom|56/100|[from] Grassy Terrain
|-heal|p1a: Dondozo|63/100|[from] Grassy Terrain
|-heal|p1a: Dondozo|69/100|[from] item: Leftovers
|upkeep
|
|t:|1757910866
|switch|p2a: Incineroar|Incineroar, L50, F|100/100
|-ability|p2a: Incineroar|Intimidate|boost
|-unboost|p1a: Dondozo|atk|1
|-unboost|p1b: Rillaboom|atk|1
|turn|5
|
|t:|1757910887
|switch|p1b: Dragonite|Dragonite, L50, M, shiny, tera:Fairy|73/100
|move|p2b: Clefable|Follow Me|p2b: Clefable
|-singleturn|p2b: Clefable|move: Follow Me
|move|p1a: Dondozo|Yawn|p2b: Clefable
|-start|p2b: Clefable|move: Yawn|[of] p1a: Dondozo
|move|p2a: Incineroar|Fire Pledge|p1b: Dragonite
|-damage|p1b: Dragonite|51/100
|
|-heal|p1b: Dragonite|57/100|[from] Grassy Terrain
|-heal|p1a: Dondozo|76/100|[from] Grassy Terrain
|-heal|p1a: Dondozo|82/100|[from] item: Leftovers
|-sideend|p1: volcanicrj|move: Tailwind
|-fieldend|move: Grassy Terrain
|upkeep
|turn|6
|inactive|volcanicrj has 30 seconds left.
|inactive|Pauxilian_X has 30 seconds left.
|inactive|volcanicrj has 20 seconds left.
|
|t:|1757910926
|move|p1b: Dragonite|Scale Shot|p2b: Clefable
|-immune|p2b: Clefable
|move|p2a: Incineroar|Fire Pledge|p1b: Dragonite
|-damage|p1b: Dragonite|33/100
|move|p2b: Clefable|Moonblast|p1a: Dondozo
|-damage|p1a: Dondozo|54/100
|move|p1a: Dondozo|Yawn|p2a: Incineroar
|-start|p2a: Incineroar|move: Yawn|[of] p1a: Dondozo
|
|-heal|p1a: Dondozo|60/100|[from] item: Leftovers
|-end|p2b: Clefable|move: Yawn|[silent]
|-status|p2b: Clefable|slp
|upkeep
|turn|7
|inactive|Pauxilian_X has 30 seconds left.
|inactive|volcanicrj has 30 seconds left.
|inactive|Pauxilian_X has 20 seconds left.
|inactive|Pauxilian_X has 15 seconds left.
|
|t:|1757910969
|cant|p2b: Clefable|slp
|move|p1b: Dragonite|Scale Shot|p2a: Incineroar
|-damage|p2a: Incineroar|86/100
|-damage|p2a: Incineroar|72/100
|-damage|p2a: Incineroar|56/100
|-damage|p2a: Incineroar|42/100
|-hitcount|p2a: Incineroar|4
|-unboost|p1b: Dragonite|def|1
|-boost|p1b: Dragonite|spe|1
|move|p2a: Incineroar|Fire Pledge|p1b: Dragonite
|-damage|p1b: Dragonite|12/100
|move|p1a: Dondozo|Wave Crash|p2b: Clefable
|-damage|p2b: Clefable|66/100 slp
|-damage|p1a: Dondozo|44/100|[from] item: Rocky Helmet|[of] p2b: Clefable
|-damage|p1a: Dondozo|34/100|[from] Recoil
|
|-heal|p1a: Dondozo|40/100|[from] item: Leftovers
|-end|p2a: Incineroar|move: Yawn|[silent]
|-status|p2a: Incineroar|slp
|upkeep
|turn|8
|inactive|volcanicrj has 30 seconds left.
|inactive|Pauxilian_X has 30 seconds left.
|inactive|volcanicrj has 20 seconds left.
|inactive|volcanicrj has 15 seconds left.
|inactive|volcanicrj has 10 seconds left.
|
|t:|1757911017
|switch|p1b: Ninetales|Ninetales-Alola, L50, F|100/100
|-weather|Snowscape|[from] ability: Snow Warning|[of] p1b: Ninetales
|cant|p2a: Incineroar|slp
|-curestatus|p2b: Clefable|slp|[msg]
|move|p2b: Clefable|Moonlight|p2b: Clefable
|-heal|p2b: Clefable|91/100
|move|p1a: Dondozo|Wave Crash|p2a: Incineroar
|-supereffective|p2a: Incineroar
|-damage|p2a: Incineroar|0 fnt
|faint|p2a: Incineroar
|-damage|p1a: Dondozo|30/100|[from] Recoil
|
|-weather|Snowscape|[upkeep]
|-heal|p1a: Dondozo|36/100|[from] item: Leftovers
|upkeep
|
|t:|1757911032
|switch|p2a: Drifblim|Drifblim, L50, F|100/100
|turn|9
|
|t:|1757911045
|switch|p1a: Rillaboom|Rillaboom, L50, M|56/100
|-fieldstart|move: Grassy Terrain|[from] ability: Grassy Surge|[of] p1a: Rillaboom
|-enditem|p2a: Drifblim|Grassy Seed
|-boost|p2a: Drifblim|def|1|[from] item: Grassy Seed
|move|p2a: Drifblim|Tailwind|p2a: Drifblim
|-sidestart|p2: Pauxilian_X|move: Tailwind
|move|p2b: Clefable|Moonblast|p1a: Rillaboom
|-damage|p1a: Rillaboom|29/100
|-unboost|p1a: Rillaboom|spa|1
|move|p1b: Ninetales|Encore|p2a: Drifblim
|-start|p2a: Drifblim|Encore
|
|-weather|Snowscape|[upkeep]
|-heal|p2b: Clefable|97/100|[from] Grassy Terrain
|-heal|p1a: Rillaboom|35/100|[from] Grassy Terrain
|upkeep
|turn|10
|inactive|volcanicrj has 30 seconds left.
|inactive|Pauxilian_X has 30 seconds left.
|inactive|volcanicrj has 20 seconds left.
|inactive|Pauxilian_X has 20 seconds left.
|inactive|volcanicrj has 15 seconds left.
|inactive|volcanicrj has 10 seconds left.
|inactive|volcanicrj has 5 seconds left.
|
|t:|1757911099
|-terastallize|p2b: Clefable|Steel
|move|p2a: Drifblim|Tailwind||[still]
|-fail|p2a: Drifblim
|move|p2b: Clefable|Moonblast|p1a: Rillaboom
|-damage|p1a: Rillaboom|7/100
|move|p1b: Ninetales|Moonblast|p2a: Drifblim
|-damage|p2a: Drifblim|70/100
|-unboost|p2a: Drifblim|spa|1
|move|p1a: Rillaboom|High Horsepower|p2b: Clefable
|-supereffective|p2b: Clefable
|-damage|p2b: Clefable|30/100
|-damage|p1a: Rillaboom|0 fnt|[from] item: Rocky Helmet|[of] p2b: Clefable
|faint|p1a: Rillaboom
|
|-weather|Snowscape|[upkeep]
|-heal|p2b: Clefable|36/100|[from] Grassy Terrain
|upkeep
|
|t:|1757911121
|switch|p1a: Dragonite|Dragonite, L50, M, shiny, tera:Fairy|12/100
|turn|11
|
|t:|1757911139
|move|p2a: Drifblim|Tailwind||[still]
|-fail|p2a: Drifblim
|move|p2b: Clefable|Moonlight|p2b: Clefable
|-heal|p2b: Clefable|60/100
|move|p1b: Ninetales|Freeze-Dry|p2a: Drifblim
|-supereffective|p2a: Drifblim
|-damage|p2a: Drifblim|24/100
|move|p1a: Dragonite|Scale Shot|p2b: Clefable
|-resisted|p2b: Clefable
|-damage|p2b: Clefable|53/100
|-resisted|p2b: Clefable
|-damage|p2b: Clefable|45/100
|-resisted|p2b: Clefable
|-damage|p2b: Clefable|38/100
|-resisted|p2b: Clefable
|-damage|p2b: Clefable|30/100
|-resisted|p2b: Clefable
|-damage|p2b: Clefable|22/100
|-hitcount|p2b: Clefable|5
|-unboost|p1a: Dragonite|def|1
|-boost|p1a: Dragonite|spe|1
|
|-weather|Snowscape|[upkeep]
|-heal|p1a: Dragonite|18/100|[from] Grassy Terrain
|-heal|p2b: Clefable|28/100|[from] Grassy Terrain
|upkeep
|turn|12
|inactive|volcanicrj has 30 seconds left.
|inactive|Pauxilian_X has 30 seconds left.
|
|t:|1757911171
|move|p1a: Dragonite|Protect|p1a: Dragonite
|-singleturn|p1a: Dragonite|Protect
|move|p2a: Drifblim|Tailwind||[still]
|-fail|p2a: Drifblim
|move|p2b: Clefable|Moonlight|p2b: Clefable
|-heal|p2b: Clefable|53/100
|move|p1b: Ninetales|Aurora Veil|p1b: Ninetales
|-sidestart|p1: volcanicrj|move: Aurora Veil
|
|-weather|none
|-heal|p1a: Dragonite|24/100|[from] Grassy Terrain
|-heal|p2b: Clefable|59/100|[from] Grassy Terrain
|-end|p2a: Drifblim|Encore
|-sideend|p2: Pauxilian_X|move: Tailwind
|upkeep
|turn|13
|inactive|volcanicrj has 30 seconds left.
|inactive|volcanicrj has 20 seconds left.
|inactive|volcanicrj has 15 seconds left.
|
|t:|1757911211
|move|p2a: Drifblim|Air Slash|p1b: Ninetales
|-damage|p1b: Ninetales|89/100
|move|p1a: Dragonite|Scale Shot|p2b: Clefable|[miss]
|-miss|p1a: Dragonite|p2b: Clefable
|move|p1b: Ninetales|Freeze-Dry|p2a: Drifblim
|-supereffective|p2a: Drifblim
|-damage|p2a: Drifblim|0 fnt
|faint|p2a: Drifblim
|move|p2b: Clefable|Moonlight|p2b: Clefable
|-heal|p2b: Clefable|100/100
|
|-heal|p1a: Dragonite|30/100|[from] Grassy Terrain
|-heal|p1b: Ninetales|95/100|[from] Grassy Terrain
|-fieldend|move: Grassy Terrain
|upkeep
|turn|14
|inactive|volcanicrj has 25 seconds left this turn.
|inactive|volcanicrj has 20 seconds left.
|inactive|volcanicrj has 15 seconds left.
|inactive|volcanicrj has 10 seconds left.
|inactive|volcanicrj has 5 seconds left.
|-message|volcanicrj lost due to inactivity.
|
|win|Pauxilian_X
||volcanicrj is ready for game 3.
|inactive|Pauxilian_X has 30 seconds to confirm battle start!
||Pauxilian_X is ready for game 3.
|uhtml|next|Next: Game 3 of 3
