|j|☆4Test4
|j|☆Bobertron5000
|html|4Test4Bobertron5000    
|uhtml|bestof|Game 1 of a best-of-3
|t:|1784110980
|gametype|doubles
|player|p1|4Test4|blue|1108
|player|p2|Bobertron5000|red|1040
|gen|9
|tier|[Gen 9 Champions] VGC 2026 Reg M-B (Bo3)
|rated|
|rule|Species Clause: Limit one of each Pokémon
|rule|Item Clause: Limit 1 of each item
|clearpoke
|poke|p1|Charizard, L50, M|
|poke|p1|Garchomp, L50, M|
|poke|p1|Venusaur, L50, M|
|poke|p1|Incineroar, L50, M|
|poke|p1|Sinistcha, L50|
|poke|p1|Floette-Eternal, L50, F|
|poke|p2|Armarouge, L50, M, shiny|
|poke|p2|Meowstic, L50, M, shiny|
|poke|p2|Sneasler, L50, M, shiny|
|poke|p2|Barbaracle, L50, F, shiny|
|poke|p2|Pelipper, L50, F, shiny|
|poke|p2|Incineroar, L50, F, shiny|
|teampreview|4
|showteam|p1|Charizard||CharizarditeY|Blaze|HeatWave,AirSlash,Protect,HelpingHand|Bold||M|||50|]Garchomp||LifeOrb|RoughSkin|Earthquake,DragonClaw,RockSlide,Protect|Jolly||M|||50|]Venusaur||FocusSash|Chlorophyll|SleepPowder,SludgeBomb,EnergyBall,Protect|Timid||M|||50|]Incineroar||LumBerry|Intimidate|FakeOut,PartingShot,FlareBlitz,Taunt|Impish||M|||50|]Sinistcha||OccaBerry|Hospitality|RagePowder,MatchaGotcha,TrickRoom,Protect|Calm|||||50|]Floette-Eternal||Floettite|FlowerVeil|DrainingKiss,DazzlingGleam,CalmMind,Protect|Modest||F|||50|
|showteam|p2|Armarouge||LifeOrb|FlashFire|ArmorCannon,TrickRoom,Protect,ExpandingForce|Quiet||M|||50|]Meowstic||Leftovers|Prankster|FakeOut,FakeTears,PsychicTerrain,ExpandingForce|Calm||M|||50|]Sneasler||WhiteHerb|Unburden|CloseCombat,DireClaw,FakeOut,ThroatChop|Adamant||M|||50|]Barbaracle||Barbaracite|ToughClaws|CloseCombat,RockSlide,SwordsDance,Liquidation|Brave||F|||50|]Pelipper||FocusSash|Drizzle|WeatherBall,Protect,Hurricane,WideGuard|Bold||F|||50|]Incineroar||SitrusBerry|Intimidate|FakeOut,ThroatChop,FlareBlitz,PartingShot|Adamant||F|||50|
|inactive|Battle timer is ON: inactive players will automatically lose when time's up. (requested by Bobertron5000)
|
|t:|1784111023
|teamsize|p1|4
|teamsize|p2|4
|start
|switch|p1a: Incineroar|Incineroar, L50, M|100/100
|switch|p1b: Floette|Floette-Eternal, L50, F|100/100
|switch|p2a: Meowstic|Meowstic, L50, M, shiny|100/100
|switch|p2b: Armarouge|Armarouge, L50, M, shiny|100/100
|-ability|p1a: Incineroar|Intimidate|boost
|-unboost|p2a: Meowstic|atk|1
|-unboost|p2b: Armarouge|atk|1
|turn|1
|inactive|Bobertron5000 has 30 seconds left.
|
|t:|1784111049
|detailschange|p1b: Floette|Floette-Mega, L50, F
|-mega|p1b: Floette|Floette|Floettite
|-ability|p1b: Floette|Fairy Aura
|move|p2a: Meowstic|Fake Out|p1a: Incineroar
|-damage|p1a: Incineroar|97/100
|move|p1b: Floette|Calm Mind|p1b: Floette
|-boost|p1b: Floette|spa|1
|-boost|p1b: Floette|spd|1
|cant|p1a: Incineroar|flinch
|move|p2b: Armarouge|Trick Room|p2b: Armarouge
|-fieldstart|move: Trick Room|[of] p2b: Armarouge
|
|upkeep
|turn|2
|inactive|4Test4 has 30 seconds left.
|
|t:|1784111075
|move|p2b: Armarouge|Protect|p2b: Armarouge
|-singleturn|p2b: Armarouge|Protect
|move|p1b: Floette|Protect|p1b: Floette
|-singleturn|p1b: Floette|Protect
|move|p2a: Meowstic|Psychic Terrain|p2a: Meowstic
|-fieldstart|move: Psychic Terrain
|move|p1a: Incineroar|Taunt|p2a: Meowstic
|-start|p2a: Meowstic|move: Taunt
|
|upkeep
|turn|3
|
|t:|1784111094
|move|p1a: Incineroar|Parting Shot|p2b: Armarouge
|-unboost|p2b: Armarouge|atk|1
|-unboost|p2b: Armarouge|spa|1
|
|t:|1784111097
|switch|p1a: Sinistcha|Sinistcha, L50|100/100|[from] Parting Shot
|move|p2b: Armarouge|Expanding Force|p1a: Sinistcha|[spread] p1a,p1b
|-damage|p1a: Sinistcha|53/100
|-damage|p1b: Floette|74/100
|-damage|p2b: Armarouge|90/100|[from] item: Life Orb
|move|p1b: Floette|Draining Kiss|p2a: Meowstic
|-damage|p2a: Meowstic|48/100
|-heal|p1b: Floette|100/100|[from] drain|[of] p2a: Meowstic
|move|p2a: Meowstic|Expanding Force|p1a: Sinistcha|[spread] p1a,p1b
|-damage|p1a: Sinistcha|23/100
|-damage|p1b: Floette|83/100
|
|-heal|p2a: Meowstic|53/100|[from] item: Leftovers
|upkeep
|turn|4
|
|t:|1784111118
|move|p2b: Armarouge|Expanding Force|p1b: Floette|[spread] p1a,p1b
|-damage|p1a: Sinistcha|0 fnt
|-damage|p1b: Floette|59/100
|faint|p1a: Sinistcha
|-damage|p2b: Armarouge|80/100|[from] item: Life Orb
|move|p1b: Floette|Dazzling Gleam|p2a: Meowstic|[spread] p2a,p2b
|-resisted|p2b: Armarouge|1
|-damage|p2a: Meowstic|0 fnt
|-damage|p2b: Armarouge|38/100
|faint|p2a: Meowstic
|
|upkeep
|
|t:|1784111135
|switch|p1a: Incineroar|Incineroar, L50, M|97/100
|switch|p2a: Incineroar|Incineroar, L50, F, shiny|100/100
|-ability|p2a: Incineroar|Intimidate|boost
|-unboost|p1a: Incineroar|atk|1
|-unboost|p1b: Floette|atk|1
|-ability|p1a: Incineroar|Intimidate|boost
|-unboost|p2a: Incineroar|atk|1
|-unboost|p2b: Armarouge|atk|1
|turn|5
|inactive|Bobertron5000 has 30 seconds left.
|
|t:|1784111163
|move|p1b: Floette|Protect|p1b: Floette
|-singleturn|p1b: Floette|Protect
|move|p2a: Incineroar|Flare Blitz|p1b: Floette
|-activate|p1b: Floette|move: Protect
|move|p1a: Incineroar|Parting Shot|p2b: Armarouge
|-unboost|p2b: Armarouge|atk|1
|-unboost|p2b: Armarouge|spa|1
|
|t:|1784111172
|switch|p1a: Garchomp|Garchomp, L50, M|100/100|[from] Parting Shot
|move|p2b: Armarouge|Expanding Force|p1a: Garchomp|[spread] p1a
|-activate|p1b: Floette|move: Protect
|-damage|p1a: Garchomp|56/100
|-damage|p2b: Armarouge|28/100|[from] item: Life Orb
|
|-fieldend|move: Trick Room
|upkeep
|turn|6
|
|t:|1784111194
|move|p1a: Garchomp|Rock Slide|p2a: Incineroar|[spread] p2a,p2b
|-supereffective|p2a: Incineroar|1
|-supereffective|p2b: Armarouge|1
|-damage|p2a: Incineroar|57/100
|-damage|p2b: Armarouge|0 fnt
|faint|p2b: Armarouge
|-damage|p1a: Garchomp|46/100|[from] item: Life Orb
|move|p1b: Floette|Draining Kiss|p2a: Incineroar
|-damage|p2a: Incineroar|6/100
|-heal|p1b: Floette|100/100|[from] drain|[of] p2a: Incineroar
|-enditem|p2a: Incineroar|Sitrus Berry|[eat]
|-heal|p2a: Incineroar|31/100|[from] item: Sitrus Berry
|cant|p2a: Incineroar|flinch
|
|-fieldend|move: Psychic Terrain
|upkeep
|
|t:|1784111210
|switch|p2b: Barbaracle|Barbaracle, L50, F, shiny|100/100
|turn|7
|
|t:|1784111222
|switch|p1a: Incineroar|Incineroar, L50, M|97/100
|-ability|p1a: Incineroar|Intimidate|boost
|-unboost|p2a: Incineroar|atk|1
|-unboost|p2b: Barbaracle|atk|1
|move|p1b: Floette|Dazzling Gleam|p2a: Incineroar|[spread] p2a,p2b
|-damage|p2a: Incineroar|0 fnt
|-damage|p2b: Barbaracle|13/100
|faint|p2a: Incineroar
|move|p2b: Barbaracle|Liquidation|p1b: Floette
|-damage|p1b: Floette|66/100
|
|upkeep
|turn|8
|-message|Bobertron5000 forfeited.
|raw|4Test4's rating: 1108 → 1128(+20 for winning)
|raw|Bobertron5000's rating: 1040 → 1027(-13 for losing)
|
|win|4Test4
|l|☆Bobertron5000
|player|p2|
