|j|☆qaiseasy
|j|☆is_katabo
|html|qaiseasyis_katabo    
|uhtml|bestof|Game 3 of a best-of-3
|t:|1785724866
|gametype|doubles
|player|p1|qaiseasy|candice|1239
|player|p2|is_katabo|youngster-gen4dp|1304
|gen|9
|tier|[Gen 9 Champions] VGC 2026 Reg M-B (Bo3)
|rated|
|rule|Species Clause: Limit one of each Pokémon
|rule|Item Clause: Limit 1 of each item
|clearpoke
|poke|p1|Farigiraf, L50, M|
|poke|p1|Camerupt, L50, M|
|poke|p1|Abomasnow, L50, M|
|poke|p1|Incineroar, L50, F|
|poke|p1|Basculegion, L50, M|
|poke|p1|Sneasler, L50, M|
|poke|p2|Charizard, L50, F|
|poke|p2|Venusaur, L50, M|
|poke|p2|Incineroar, L50, M|
|poke|p2|Garchomp, L50, M|
|poke|p2|Sinistcha, L50|
|poke|p2|Floette-Eternal, L50, F|
|teampreview|4
|showteam|p1|Farigiraf||ColburBerry|ArmorTail|Psychic,Thunderbolt,TrickRoom,Protect|Calm||M|||50|]Camerupt||Cameruptite|MagmaArmor|HeatWave,EarthPower,AncientPower,Protect|Quiet||M|||50|]Abomasnow||Abomasite|SnowWarning|Blizzard,GigaDrain,EarthPower,IceShard|Quiet||M|||50|]Incineroar||SitrusBerry|Intimidate|PartingShot,DarkestLariat,FlareBlitz,FakeOut|Impish||F|||50|]Basculegion||ChoiceScarf|Adaptability|FlipTurn,WaveCrash,LastRespects,AquaJet|Jolly||M|||50|]Sneasler||FocusSash|PoisonTouch|PoisonJab,CloseCombat,RockSlide,FakeOut|Serious||M|||50|
|showteam|p2|Charizard||CharizarditeY|SolarPower|HeatWave,WeatherBall,SolarBeam,Protect|Modest||F|||50|]Venusaur||LifeOrb|Chlorophyll|EnergyBall,SludgeBomb,EarthPower,Protect|Modest||M|||50|]Incineroar||SitrusBerry|Intimidate|FakeOut,ThroatChop,FlareBlitz,PartingShot|Careful||M|||50|]Garchomp||ChoiceScarf|RoughSkin|DragonClaw,Earthquake,StompingTantrum,RockSlide|Adamant||M|||50|]Sinistcha||FocusSash|Hospitality|MatchaGotcha,ShadowBall,RagePowder,Protect|Modest|||||50|]Floette-Eternal||Floettite|FlowerVeil|Moonblast,DazzlingGleam,CalmMind,Protect|Timid||F|||50|
|
|t:|1785724901
|teamsize|p1|4
|teamsize|p2|4
|start
|switch|p1a: Sneasler|Sneasler, L50, M|100/100
|switch|p1b: Farigiraf|Farigiraf, L50, M|100/100
|switch|p2a: Incineroar|Incineroar, L50, M|100/100
|switch|p2b: Garchomp|Garchomp, L50, M|100/100
|-ability|p2a: Incineroar|Intimidate|boost
|-unboost|p1a: Sneasler|atk|1
|-unboost|p1b: Farigiraf|atk|1
|turn|1
|
|t:|1785724915
|move|p1a: Sneasler|Fake Out|p2a: Incineroar
|-damage|p2a: Incineroar|91/100
|-status|p2a: Incineroar|psn|[from] ability: Poison Touch|[of] p1a: Sneasler
|move|p2b: Garchomp|Rock Slide|p1a: Sneasler|[spread] p1a,p1b
|-resisted|p1a: Sneasler|1
|-damage|p1a: Sneasler|81/100
|-damage|p1b: Farigiraf|79/100
|cant|p2a: Incineroar|flinch
|move|p1b: Farigiraf|Trick Room|p1b: Farigiraf
|-fieldstart|move: Trick Room|[of] p1b: Farigiraf
|
|-damage|p2a: Incineroar|79/100 psn|[from] psn
|upkeep
|turn|2
|
|t:|1785724957
|switch|p2b: Floette|Floette-Eternal, L50, F|100/100
|move|p1b: Farigiraf|Thunderbolt|p2a: Incineroar
|-damage|p2a: Incineroar|59/100 psn
|move|p2a: Incineroar|Flare Blitz|p1a: Sneasler
|-damage|p1a: Sneasler|2/100
|-damage|p2a: Incineroar|39/100 psn|[from] Recoil
|-enditem|p2a: Incineroar|Sitrus Berry|[eat]
|-heal|p2a: Incineroar|64/100 psn|[from] item: Sitrus Berry
|move|p1a: Sneasler|Rock Slide|p2b: Floette|[spread] p2a,p2b
|-supereffective|p2a: Incineroar|1
|-damage|p2a: Incineroar|40/100 psn
|-damage|p2b: Floette|83/100
|
|-damage|p2a: Incineroar|27/100 psn|[from] psn
|upkeep
|turn|3
|
|t:|1785724986
|switch|p1b: Abomasnow|Abomasnow, L50, M|100/100
|-weather|Snowscape|[from] ability: Snow Warning|[of] p1b: Abomasnow
|detailschange|p2b: Floette|Floette-Mega, L50, F
|-mega|p2b: Floette|Floette|Floettite
|-ability|p2b: Floette|Fairy Aura
|move|p2a: Incineroar|Throat Chop|p1b: Abomasnow
|-damage|p1b: Abomasnow|75/100
|-start|p1b: Abomasnow|Throat Chop|[silent]
|move|p2b: Floette|Dazzling Gleam|p1b: Abomasnow|[spread] p1a,p1b
|-damage|p1a: Sneasler|0 fnt
|-damage|p1b: Abomasnow|35/100
|faint|p1a: Sneasler
|
|-weather|Snowscape|[upkeep]
|-damage|p2a: Incineroar|15/100 psn|[from] psn
|upkeep
|
|t:|1785724998
|switch|p1a: Farigiraf|Farigiraf, L50, M|79/100
|turn|4
|
|t:|1785725008
|detailschange|p1b: Abomasnow|Abomasnow-Mega, L50, M
|-mega|p1b: Abomasnow|Abomasnow|Abomasite
|move|p1b: Abomasnow|Blizzard|p2b: Floette|[spread] p2a,p2b
|-resisted|p2a: Incineroar|1
|-damage|p2a: Incineroar|0 fnt
|-damage|p2b: Floette|48/100
|-status|p2b: Floette|frz
|faint|p2a: Incineroar
|move|p1a: Farigiraf|Psychic|p2b: Floette
|-damage|p2b: Floette|21/100 frz
|cant|p2b: Floette|frz
|
|-weather|Snowscape|[upkeep]
|-end|p1b: Abomasnow|Throat Chop|[silent]
|upkeep
|
|t:|1785725019
|switch|p2a: Sinistcha|Sinistcha, L50|100/100
|-heal|p2b: Floette|46/100 frz|[from] ability: Hospitality|[of] p2a: Sinistcha
|turn|5
|
|t:|1785725044
|move|p2a: Sinistcha|Rage Powder|p2a: Sinistcha
|-singleturn|p2a: Sinistcha|move: Rage Powder
|move|p1b: Abomasnow|Blizzard|p2b: Floette|[spread] p2a,p2b
|-supereffective|p2a: Sinistcha|1
|-enditem|p2a: Sinistcha|Focus Sash
|-damage|p2a: Sinistcha|1/100
|-damage|p2b: Floette|8/100 frz
|move|p1a: Farigiraf|Psychic|p2a: Sinistcha
|-damage|p2a: Sinistcha|0 fnt
|faint|p2a: Sinistcha
|cant|p2b: Floette|frz
|
|-weather|Snowscape|[upkeep]
|-fieldend|move: Trick Room
|upkeep
|
|t:|1785725053
|switch|p2a: Garchomp|Garchomp, L50, M|100/100
|turn|6
|
|t:|1785725061
|move|p2a: Garchomp|Rock Slide|p1a: Farigiraf|[spread] p1a,p1b
|-supereffective|p1b: Abomasnow|1
|-damage|p1a: Farigiraf|60/100
|-damage|p1b: Abomasnow|11/100
|-curestatus|p2b: Floette|frz|[msg]
|move|p2b: Floette|Moonblast|p1a: Farigiraf
|-damage|p1a: Farigiraf|7/100
|move|p1b: Abomasnow|Blizzard|p2a: Garchomp|[spread] p2a,p2b
|-supereffective|p2a: Garchomp|2
|-damage|p2a: Garchomp|0 fnt
|-damage|p2b: Floette|0 fnt
|faint|p2a: Garchomp
|faint|p2b: Floette
|
|win|qaiseasy
|raw|qaiseasy's rating: 1239 → 1269(+30 for winning)
|raw|is_katabo's rating: 1304 → 1280(-24 for losing)
