|j|☆sweetlysunny
|j|☆DDO15
|html|sweetlysunnyDDO15    
|uhtml|bestof|Game 2 of a best-of-3
|t:|1783302718
|gametype|doubles
|player|p1|sweetlysunny|266|1085
|player|p2|DDO15|2|1165
|gen|9
|tier|[Gen 9 Champions] VGC 2026 Reg M-B (Bo3)
|rated|
|rule|Species Clause: Limit one of each Pokémon
|rule|Item Clause: Limit 1 of each item
|clearpoke
|poke|p1|Torkoal, L50, M|
|poke|p1|Pyroar, L50, M|
|poke|p1|Vileplume, L50, M|
|poke|p1|Scrafty, L50, M|
|poke|p1|Farigiraf, L50, M|
|poke|p1|Sylveon, L50, F|
|poke|p2|Tyranitar, L50, F|
|poke|p2|Excadrill, L50, M|
|poke|p2|Houndstone, L50, F|
|poke|p2|Gardevoir, L50, F|
|poke|p2|Sneasler, L50, M|
|poke|p2|Palafin, L50, F|
|teampreview|4
|showteam|p1|Torkoal||Charcoal|Drought|HeatWave,Eruption,HelpingHand,Protect|Quiet||M|||50|]Pyroar||Pyroarite|Unnerve|HeatWave,Overheat,ScorchingSands,Protect|Timid||M|||50|]Vileplume||FocusSash|Chlorophyll|EnergyBall,SludgeBomb,SleepPowder,AfterYou|Timid||M|||50|]Scrafty||Scraftinite|Intimidate|FakeOut,CloseCombat,PoisonJab,KnockOff|Brave||M|||50|]Farigiraf||SitrusBerry|ArmorTail|HyperVoice,Psychic,HelpingHand,TrickRoom|Bold||M|||50|]Sylveon||FairyFeather|Pixilate|HyperVoice,HyperBeam,QuickAttack,Protect|Quiet||F|||50|
|showteam|p2|Tyranitar||Tyranitarite|SandStream|DragonDance,RockSlide,Protect,Crunch|Adamant||F|||50|]Excadrill||FocusSash|SandRush|Earthquake,RockSlide,IronHead,Protect|Adamant||M|||50|]Houndstone||ChoiceScarf|SandRush|LastRespects,WillOWisp,PsychicFangs,Poltergeist|Jolly||F|||50|]Gardevoir||LifeOrb|Trace|Moonblast,Psychic,AuraSphere,Protect|Modest||F|||50|]Sneasler||WhiteHerb|Unburden|FakeOut,CloseCombat,DireClaw,Coaching|Adamant||M|||50|]Palafin||SitrusBerry|ZerotoHero|BulkUp,WaveCrash,JetPunch,DrainPunch|Careful||F|||50|
|inactive|Battle timer is ON: inactive players will automatically lose when time's up. (requested by sweetlysunny)
|l|☆sweetlysunny
|inactive|sweetlysunny disconnected and has a minute to reconnect!
|player|p1|
|j|☆sweetlysunny
|inactive|sweetlysunny reconnected and has 75 seconds left.
|player|p1|sweetlysunny|serena|
|inactive|sweetlysunny has 60 seconds left.
|inactive|DDO15 has 60 seconds left.
|
|t:|1783302762
|teamsize|p1|4
|teamsize|p2|4
|start
|switch|p1a: Farigiraf|Farigiraf, L50, M|100/100
|switch|p1b: Scrafty|Scrafty, L50, M|100/100
|switch|p2a: Houndstone|Houndstone, L50, F|100/100
|switch|p2b: Tyranitar|Tyranitar, L50, F|100/100
|-weather|Sandstorm|[from] ability: Sand Stream|[of] p2b: Tyranitar
|-ability|p1b: Scrafty|Intimidate|boost
|-unboost|p2a: Houndstone|atk|1
|-unboost|p2b: Tyranitar|atk|1
|turn|1
|
|t:|1783302784
|detailschange|p1b: Scrafty|Scrafty-Mega, L50, M
|-mega|p1b: Scrafty|Scrafty|Scraftinite
|-ability|p1b: Scrafty|Intimidate|boost
|-unboost|p2a: Houndstone|atk|1
|-unboost|p2b: Tyranitar|atk|1
|move|p1b: Scrafty|Fake Out|p2b: Tyranitar
|-resisted|p2b: Tyranitar|1
|-damage|p2b: Tyranitar|93/100
|move|p2a: Houndstone|Will-O-Wisp|p1b: Scrafty
|-status|p1b: Scrafty|brn
|cant|p2b: Tyranitar|flinch
|move|p1a: Farigiraf|Trick Room|p1a: Farigiraf
|-fieldstart|move: Trick Room|[of] p1a: Farigiraf
|
|-weather|Sandstorm|[upkeep]
|-damage|p1b: Scrafty|94/100 brn|[from] Sandstorm
|-damage|p1a: Farigiraf|93/100|[from] Sandstorm
|-damage|p1b: Scrafty|88/100 brn|[from] brn
|upkeep
|turn|2
|
|t:|1783302805
|switch|p2b: Palafin|Palafin, L50, F|100/100
|switch|p2a: Sneasler|Sneasler, L50, M|100/100
|move|p1b: Scrafty|Close Combat|p2b: Palafin
|-damage|p2b: Palafin|60/100
|-unboost|p1b: Scrafty|def|1
|-unboost|p1b: Scrafty|spd|1
|move|p1a: Farigiraf|Psychic|p2a: Sneasler
|-supereffective|p2a: Sneasler|2
|-damage|p2a: Sneasler|0 fnt
|faint|p2a: Sneasler
|
|-weather|Sandstorm|[upkeep]
|-damage|p1b: Scrafty|82/100 brn|[from] Sandstorm
|-damage|p1a: Farigiraf|87/100|[from] Sandstorm
|-damage|p2b: Palafin|54/100|[from] Sandstorm
|-damage|p1b: Scrafty|76/100 brn|[from] brn
|upkeep
|
|t:|1783302812
|switch|p2a: Houndstone|Houndstone, L50, F|100/100
|turn|3
|
|t:|1783302824
|detailschange|p2b: Palafin|Palafin-Hero, L50, F
|switch|p2b: Tyranitar|Tyranitar, L50, F|93/100
|move|p1b: Scrafty|Knock Off|p2a: Houndstone
|-supereffective|p2a: Houndstone|1
|-damage|p2a: Houndstone|34/100
|-enditem|p2a: Houndstone|Choice Scarf|[from] move: Knock Off|[of] p1b: Scrafty
|move|p1a: Farigiraf|Hyper Voice|p2b: Tyranitar|[spread] p2b
|-immune|p2a: Houndstone
|-resisted|p2b: Tyranitar|1
|-damage|p2b: Tyranitar|86/100
|move|p2a: Houndstone|Last Respects|p1b: Scrafty
|-resisted|p1b: Scrafty|1
|-damage|p1b: Scrafty|52/100 brn
|
|-weather|Sandstorm|[upkeep]
|-damage|p1b: Scrafty|46/100 brn|[from] Sandstorm
|-damage|p1a: Farigiraf|81/100|[from] Sandstorm
|-damage|p1b: Scrafty|40/100 brn|[from] brn
|upkeep
|turn|4
|
|t:|1783302843
|move|p1a: Farigiraf|Helping Hand|p1b: Scrafty
|-singleturn|p1b: Scrafty|Helping Hand|[of] p1a: Farigiraf
|move|p2b: Tyranitar|Protect|p2b: Tyranitar
|-singleturn|p2b: Tyranitar|Protect
|move|p1b: Scrafty|Close Combat|p2b: Tyranitar
|-activate|p2b: Tyranitar|move: Protect
|move|p2a: Houndstone|Last Respects|p1b: Scrafty
|-resisted|p1b: Scrafty|1
|-damage|p1b: Scrafty|14/100 brn
|
|-weather|Sandstorm|[upkeep]
|-damage|p1b: Scrafty|8/100 brn|[from] Sandstorm
|-damage|p1a: Farigiraf|75/100|[from] Sandstorm
|-damage|p1b: Scrafty|2/100 brn|[from] brn
|upkeep
|turn|5
|inactive|DDO15 has 30 seconds left.
|
|t:|1783302869
|switch|p2b: Palafin|Palafin-Hero, L50, F|54/100
|-activate|p2b: Palafin|ability: Zero to Hero
|move|p1b: Scrafty|Close Combat|p2b: Palafin
|-damage|p2b: Palafin|26/100
|-unboost|p1b: Scrafty|def|1
|-unboost|p1b: Scrafty|spd|1
|-enditem|p2b: Palafin|Sitrus Berry|[eat]
|-heal|p2b: Palafin|50/100g|[from] item: Sitrus Berry
|move|p1a: Farigiraf|Psychic|p2a: Houndstone
|-damage|p2a: Houndstone|0 fnt
|faint|p2a: Houndstone
|
|-weather|none
|-damage|p1b: Scrafty|0 fnt|[from] brn
|faint|p1b: Scrafty
|-fieldend|move: Trick Room
|upkeep
|
|t:|1783302885
|switch|p2a: Tyranitar|Tyranitar, L50, F|86/100
|switch|p1b: Sylveon|Sylveon, L50, F|100/100
|-weather|Sandstorm|[from] ability: Sand Stream|[of] p2a: Tyranitar
|turn|6
|
|t:|1783302897
|switch|p1a: Torkoal|Torkoal, L50, M|100/100
|-weather|SunnyDay|[from] ability: Drought|[of] p1a: Torkoal
|detailschange|p2a: Tyranitar|Tyranitar-Mega, L50, F
|-mega|p2a: Tyranitar|Tyranitar|Tyranitarite
|-weather|Sandstorm|[from] ability: Sand Stream|[of] p2a: Tyranitar
|move|p2b: Palafin|Wave Crash|p1a: Torkoal
|-supereffective|p1a: Torkoal|1
|-damage|p1a: Torkoal|1/100
|-damage|p2b: Palafin|23/100|[from] Recoil
|move|p2a: Tyranitar|Rock Slide|p1a: Torkoal|[spread] p1a,p1b
|-supereffective|p1a: Torkoal|1
|-damage|p1a: Torkoal|0 fnt
|-damage|p1b: Sylveon|56/100
|faint|p1a: Torkoal
|cant|p1b: Sylveon|flinch
|
|-weather|Sandstorm|[upkeep]
|-damage|p2b: Palafin|17/100|[from] Sandstorm
|-damage|p1b: Sylveon|50/100g|[from] Sandstorm
|upkeep
|
|t:|1783302914
|switch|p1a: Farigiraf|Farigiraf, L50, M|75/100
|turn|7
|
|t:|1783302925
|move|p1b: Sylveon|Protect|p1b: Sylveon
|-singleturn|p1b: Sylveon|Protect
|move|p2b: Palafin|Wave Crash|p1b: Sylveon
|-activate|p1b: Sylveon|move: Protect
|move|p2a: Tyranitar|Crunch|p1a: Farigiraf
|-supereffective|p1a: Farigiraf|1
|-damage|p1a: Farigiraf|0 fnt
|faint|p1a: Farigiraf
|
|-weather|Sandstorm|[upkeep]
|-damage|p2b: Palafin|11/100|[from] Sandstorm
|-damage|p1b: Sylveon|44/100|[from] Sandstorm
|upkeep
|turn|8
|
|t:|1783302935
|move|p2b: Palafin|Wave Crash|p1b: Sylveon
|-damage|p1b: Sylveon|0 fnt
|faint|p1b: Sylveon
|-damage|p2b: Palafin|0 fnt|[from] Recoil
|faint|p2b: Palafin
|
|win|DDO15
|l|☆DDO15
|player|p2|
