|j|☆WASHINGTONGARGACHA
|j|☆atahualpamaia
|html|WASHINGTONGARGACHAatahualpamaia    
|uhtml|bestof|Game 1 of a best-of-3
|t:|1756639986
|gametype|doubles
|player|p1|WASHINGTONGARGACHA|266|1139
|player|p2|atahualpamaia|lucas|1084
|gen|9
|tier|[Gen 9] VGC 2025 Reg H (Bo3)
|rated|
|rule|Species Clause: Limit one of each Pokémon
|rule|Item Clause: Limit 1 of each item
|clearpoke
|poke|p1|Gholdengo, L50|
|poke|p1|Ursaluna, L50, M|
|poke|p1|Archaludon, L50, F|
|poke|p1|Murkrow, L50, F|
|poke|p1|Farigiraf, L50, M|
|poke|p1|Sneasler, L50, F|
|poke|p2|Dragonite, L50, F|
|poke|p2|Sneasler, L50, M|
|poke|p2|Ursaluna-Bloodmoon, L50, M|
|poke|p2|Braviary, L50, M|
|poke|p2|Whimsicott, L50, F|
|poke|p2|Farigiraf, L50, F|
|teampreview|4
|showteam|p1|Gholdengo||LifeOrb|GoodasGold|ShadowBall,MakeItRain,NastyPlot,Protect||||||50|,,,,,Water]Ursaluna||FlameOrb|Guts|Facade,Earthquake,Protect,HeadlongRush|||M|||50|,,,,,Ghost]Archaludon||PowerHerb|Stamina|ElectroShot,FlashCannon,DracoMeteor,Protect|||F|||50|,,,,,Grass]Murkrow||Eviolite|Prankster|Tailwind,RainDance,FoulPlay,Haze|||F|||50|,,,,,Dark]Farigiraf||ThroatSpray|ArmorTail|HyperVoice,TrickRoom,Psychic,Protect|||M|||50|,,,,,Fairy]Sneasler||FocusSash|Unburden|DireClaw,CloseCombat,Protect,ThroatChop|||F|||50|,,,,,Stellar
|showteam|p2|Dragonite||LoadedDice|Multiscale|ScaleShot,ExtremeSpeed,Roar,Protect|||F|||50|,,,,,Fairy]Sneasler||WhiteHerb|Unburden|CloseCombat,DireClaw,ThroatChop,Protect|||M|||50|,,,,,Ghost]Ursaluna-Bloodmoon||SitrusBerry|MindsEye|BloodMoon,EarthPower,HyperVoice,Protect|||M|||50|,,,,,Ghost]Braviary||LifeOrb|Defiant|BraveBird,CloseCombat,Tailwind,Protect|||M|||50|,,,,,Flying]Whimsicott||FocusSash|Prankster|Moonblast,TrickRoom,Tailwind,Protect|||F|||50|,,,,,Ghost]Farigiraf||ThroatSpray|ArmorTail|HyperVoice,HelpingHand,TrickRoom,Protect|||F|||50|,,,,,Water
|inactive|Battle timer is ON: inactive players will automatically lose when time's up. (requested by atahualpamaia)
|inactive|WASHINGTONGARGACHA has 60 seconds left.
|inactive|atahualpamaia has 60 seconds left.
|inactive|atahualpamaia has 30 seconds left.
|inactive|atahualpamaia has 20 seconds left.
|inactive|WASHINGTONGARGACHA has 30 seconds left.
|inactive|atahualpamaia has 15 seconds left.
|
|t:|1756640066
|teamsize|p1|4
|teamsize|p2|4
|start
|switch|p1a: Gholdengo|Gholdengo, L50|100/100
|switch|p1b: Murkrow|Murkrow, L50, F|100/100
|switch|p2a: Whimsicott|Whimsicott, L50, F|100/100
|switch|p2b: Braviary|Braviary, L50, M|100/100
|turn|1
|inactive|atahualpamaia has 30 seconds left.
|inactive|WASHINGTONGARGACHA has 30 seconds left.
|inactive|atahualpamaia has 20 seconds left.
|
|t:|1756640101
|switch|p1b: Farigiraf|Farigiraf, L50, M|100/100
|move|p2a: Whimsicott|Tailwind|p2a: Whimsicott
|-sidestart|p2: atahualpamaia|move: Tailwind
|move|p2b: Braviary|Brave Bird|p1b: Farigiraf
|-damage|p1b: Farigiraf|16/100
|-damage|p2b: Braviary|69/100|[from] Recoil
|-damage|p2b: Braviary|60/100|[from] item: Life Orb
|move|p1a: Gholdengo|Make It Rain|p2b: Braviary|[spread] p2a,p2b
|-supereffective|p2a: Whimsicott
|-enditem|p2a: Whimsicott|Focus Sash
|-damage|p2a: Whimsicott|1/100
|-damage|p2b: Braviary|0 fnt
|-unboost|p1a: Gholdengo|spa|1
|faint|p2b: Braviary
|-damage|p1a: Gholdengo|91/100|[from] item: Life Orb
|
|upkeep
|
|t:|1756640125
|switch|p2b: Sneasler|Sneasler, L50, M|100/100
|turn|2
|
|t:|1756640147
|move|p2b: Sneasler|Throat Chop|p1a: Gholdengo
|-supereffective|p1a: Gholdengo
|-damage|p1a: Gholdengo|31/100
|-start|p1a: Gholdengo|Throat Chop|[silent]
|move|p2a: Whimsicott|Moonblast|p1b: Farigiraf
|-damage|p1b: Farigiraf|0 fnt
|faint|p1b: Farigiraf
|move|p1a: Gholdengo|Make It Rain|p2b: Sneasler|[spread] p2a,p2b
|-supereffective|p2a: Whimsicott
|-damage|p2a: Whimsicott|0 fnt
|-damage|p2b: Sneasler|45/100
|-unboost|p1a: Gholdengo|spa|1
|faint|p2a: Whimsicott
|-damage|p1a: Gholdengo|21/100|[from] item: Life Orb
|
|upkeep
|
|t:|1756640161
|switch|p2a: Dragonite|Dragonite, L50, F|100/100
|switch|p1b: Murkrow|Murkrow, L50, F|100/100
|turn|3
|
|t:|1756640176
|move|p1a: Gholdengo|Protect|p1a: Gholdengo
|-singleturn|p1a: Gholdengo|Protect
|move|p1b: Murkrow|Tailwind|p1b: Murkrow
|-sidestart|p1: WASHINGTONGARGACHA|move: Tailwind
|move|p2b: Sneasler|Throat Chop|p1a: Gholdengo
|-activate|p1a: Gholdengo|move: Protect
|move|p2a: Dragonite|Scale Shot|p1b: Murkrow
|-damage|p1b: Murkrow|82/100
|-damage|p1b: Murkrow|60/100
|-damage|p1b: Murkrow|39/100
|-damage|p1b: Murkrow|17/100
|-hitcount|p1b: Murkrow|4
|-unboost|p2a: Dragonite|def|1
|-boost|p2a: Dragonite|spe|1
|
|-end|p1a: Gholdengo|Throat Chop|[silent]
|upkeep
|turn|4
|inactive|WASHINGTONGARGACHA has 30 seconds left.
|inactive|WASHINGTONGARGACHA has 20 seconds left.
|inactive|WASHINGTONGARGACHA has 15 seconds left.
|inactive|WASHINGTONGARGACHA has 10 seconds left.
|
|t:|1756640222
|move|p1a: Gholdengo|Protect||[still]
|-fail|p1a: Gholdengo
|move|p1b: Murkrow|Haze|p1b: Murkrow
|-clearallboost
|move|p2b: Sneasler|Throat Chop|p1a: Gholdengo
|-supereffective|p1a: Gholdengo
|-damage|p1a: Gholdengo|0 fnt
|faint|p1a: Gholdengo
|move|p2a: Dragonite|Scale Shot|p1b: Murkrow
|-damage|p1b: Murkrow|0 fnt
|faint|p1b: Murkrow
|-hitcount|p1: Murkrow|1
|-unboost|p2a: Dragonite|def|1
|-boost|p2a: Dragonite|spe|1
|
|-sideend|p2: atahualpamaia|move: Tailwind
|upkeep
|
|t:|1756640237
|switch|p1b: Ursaluna|Ursaluna, L50, M|100/100
|turn|5
|inactive|atahualpamaia has 30 seconds left.
|inactive|atahualpamaia has 20 seconds left.
|
|t:|1756640275
|-terastallize|p1b: Ursaluna|Ghost
|move|p2b: Sneasler|Protect|p2b: Sneasler
|-singleturn|p2b: Sneasler|Protect
|move|p2a: Dragonite|Scale Shot|p1b: Ursaluna
|-damage|p1b: Ursaluna|89/100
|-damage|p1b: Ursaluna|78/100
|-damage|p1b: Ursaluna|67/100
|-damage|p1b: Ursaluna|55/100
|-hitcount|p1b: Ursaluna|4
|-unboost|p2a: Dragonite|def|1
|-boost|p2a: Dragonite|spe|1
|move|p1b: Ursaluna|Earthquake|p2a: Dragonite|[spread] 
|-activate|p2b: Sneasler|move: Protect
|-immune|p2a: Dragonite
|
|-status|p1b: Ursaluna|brn|[from] item: Flame Orb
|upkeep
|turn|6
|
|t:|1756640296
|move|p2a: Dragonite|Scale Shot|p1b: Ursaluna
|-damage|p1b: Ursaluna|44/100 brn
|-damage|p1b: Ursaluna|32/100 brn
|-damage|p1b: Ursaluna|20/100 brn
|-damage|p1b: Ursaluna|8/100 brn
|-damage|p1b: Ursaluna|0 fnt
|faint|p1b: Ursaluna
|-hitcount|p1: Ursaluna|5
|
|win|atahualpamaia
