|j|☆mylittlecuties<3
|j|☆Delacruso
|html|mylittlecuties<3Delacruso    
|uhtml|bestof|Game 3 of a best-of-3
|t:|1784840538
|gametype|doubles
|player|p1|mylittlecuties<3|dawn-gen4pt|1116
|player|p2|Delacruso|red|1187
|gen|9
|tier|[Gen 9 Champions] VGC 2026 Reg M-B (Bo3)
|rated|
|rule|Species Clause: Limit one of each Pokémon
|rule|Item Clause: Limit 1 of each item
|clearpoke
|poke|p1|Malamar, L50, M|
|poke|p1|Mawile, L50, M|
|poke|p1|Incineroar, L50, F|
|poke|p1|Whimsicott, L50, M|
|poke|p1|Maushold-Four, L50|
|poke|p1|Sinistcha, L50|
|poke|p2|Charizard, L50, M, shiny|
|poke|p2|Grimmsnarl, L50, M, shiny|
|poke|p2|Pelipper, L50, F|
|poke|p2|Archaludon, L50, F|
|poke|p2|Basculegion, L50, M, shiny|
|poke|p2|Venusaur, L50, M|
|teampreview|4
|showteam|p1|Malamar||Malamarite|Contrary|Superpower,KnockOff,Protect,TrickRoom|Adamant||M|||50|]Mawile||Mawilite|HyperCutter|PlayRough,RockSlide,SuckerPunch,Protect|Brave||M|||50|]Incineroar||LifeOrb|Intimidate|FlareBlitz,DarkestLariat,PartingShot,FakeOut|Brave||F|||50|]Whimsicott||FocusSash|Prankster|Moonblast,Tailwind,Charm,FakeTears|Modest||M|||50|]Maushold-Four||WideLens|Technician|PopulationBomb,Feint,FollowMe,Protect|Jolly|||||50|]Sinistcha||ColburBerry|Hospitality|MatchaGotcha,LifeDew,RagePowder,Protect|Calm|||||50|
|showteam|p2|Charizard||CharizarditeY|Blaze|Protect,HeatWave,WeatherBall,SolarBeam|Modest||M|||50|]Grimmsnarl||LightClay|Prankster|SpiritBreak,Reflect,LightScreen,PartingShot|Sassy||M|||50|]Pelipper||SitrusBerry|Drizzle|Hurricane,WeatherBall,Tailwind,WideGuard|Modest||F|||50|]Archaludon||Leftovers|Stamina|Protect,ElectroShot,DragonPulse,FlashCannon|Calm||F|||50|]Basculegion||ChoiceScarf|Adaptability|FlipTurn,WaveCrash,AquaJet,LastRespects|Jolly||M|||50|]Venusaur||FocusSash|Chlorophyll|Protect,SleepPowder,SludgeBomb,EarthPower|Modest||M|||50|
|inactive|Battle timer is ON: inactive players will automatically lose when time's up. (requested by Delacruso)
|inactive|mylittlecuties<3 has 60 seconds left.
|inactive|Delacruso has 60 seconds left.
|inactive|Delacruso has 30 seconds left.
|inactive|Delacruso has 20 seconds left.
|inactive|Delacruso has 15 seconds left.
|inactive|Delacruso has 10 seconds left.
|
|t:|1784840623
|teamsize|p1|4
|teamsize|p2|4
|start
|switch|p1a: Maushold|Maushold-Four, L50|100/100
|switch|p1b: Whimsicott|Whimsicott, L50, M|100/100
|switch|p2a: Charizard|Charizard, L50, M, shiny|100/100
|switch|p2b: Venusaur|Venusaur, L50, M|100/100
|turn|1
|inactive|mylittlecuties<3 has 30 seconds left.
|inactive|Delacruso has 30 seconds left.
|inactive|Delacruso has 20 seconds left.
|inactive|Delacruso has 15 seconds left.
|
|t:|1784840667
|detailschange|p2a: Charizard|Charizard-Mega-Y, L50, M, shiny
|-mega|p2a: Charizard|Charizard|Charizardite Y
|-weather|SunnyDay|[from] ability: Drought|[of] p2a: Charizard
|move|p1b: Whimsicott|Tailwind|p1b: Whimsicott
|-sidestart|p1: mylittlecuties<3|move: Tailwind
|move|p1a: Maushold|Population Bomb|p2b: Venusaur
|-damage|p2b: Venusaur|88/100
|-damage|p2b: Venusaur|77/100
|-damage|p2b: Venusaur|63/100
|-damage|p2b: Venusaur|52/100
|-damage|p2b: Venusaur|40/100
|-damage|p2b: Venusaur|27/100
|-damage|p2b: Venusaur|16/100
|-damage|p2b: Venusaur|3/100
|-damage|p2b: Venusaur|0 fnt
|faint|p2b: Venusaur
|-hitcount|p2: Venusaur|9
|move|p2a: Charizard|Heat Wave|p1a: Maushold|[spread] p1b
|-miss|p2a: Charizard|p1a: Maushold
|-supereffective|p1b: Whimsicott|1
|-enditem|p1b: Whimsicott|Focus Sash
|-damage|p1b: Whimsicott|1/100
|
|-weather|SunnyDay|[upkeep]
|upkeep
|inactive|Delacruso has 30 seconds left.
|inactive|Delacruso has 20 seconds left.
|inactive|Delacruso has 15 seconds left.
|
|t:|1784840708
|switch|p2b: Basculegion|Basculegion, L50, M, shiny|100/100
|turn|2
|
|t:|1784840717
|switch|p1b: Sinistcha|Sinistcha, L50|100/100
|switch|p2a: Pelipper|Pelipper, L50, F|100/100
|-weather|RainDance|[from] ability: Drizzle|[of] p2a: Pelipper
|move|p1a: Maushold|Population Bomb|p2a: Pelipper
|-damage|p2a: Pelipper|83/100
|-damage|p2a: Pelipper|70/100
|-damage|p2a: Pelipper|54/100
|-damage|p2a: Pelipper|40/100
|-enditem|p2a: Pelipper|Sitrus Berry|[eat]
|-heal|p2a: Pelipper|65/100|[from] item: Sitrus Berry
|-damage|p2a: Pelipper|50/100g
|-damage|p2a: Pelipper|35/100
|-damage|p2a: Pelipper|21/100
|-damage|p2a: Pelipper|7/100
|-damage|p2a: Pelipper|0 fnt
|faint|p2a: Pelipper
|-hitcount|p2: Pelipper|9
|move|p2b: Basculegion|Wave Crash|p1a: Maushold
|-damage|p1a: Maushold|0 fnt
|faint|p1a: Maushold
|-damage|p2b: Basculegion|74/100|[from] Recoil
|
|-weather|RainDance|[upkeep]
|upkeep
|inactive|mylittlecuties<3 has 30 seconds left.
|inactive|Delacruso has 30 seconds left.
|c|☆Delacruso|maushold is a joke ...
|inactive|mylittlecuties<3 has 20 seconds left.
|
|t:|1784840753
|switch|p1a: Whimsicott|Whimsicott, L50, M|1/100
|switch|p2a: Charizard|Charizard-Mega-Y, L50, M, shiny|100/100
|-weather|SunnyDay|[from] ability: Drought|[of] p2a: Charizard
|turn|3
|
|t:|1784840771
|switch|p1b: Malamar|Malamar, L50, M|100/100
|move|p1a: Whimsicott|Fake Tears|p1b: Malamar
|-boost|p1b: Malamar|spd|2
|move|p2b: Basculegion|Wave Crash|p1b: Malamar
|-damage|p1b: Malamar|63/100
|-damage|p2b: Basculegion|62/100|[from] Recoil
|move|p2a: Charizard|Heat Wave|p1b: Malamar|[spread] p1a
|-miss|p2a: Charizard|p1b: Malamar
|-supereffective|p1a: Whimsicott|1
|-damage|p1a: Whimsicott|0 fnt
|faint|p1a: Whimsicott
|
|-weather|SunnyDay|[upkeep]
|upkeep
|
|t:|1784840781
|switch|p1a: Sinistcha|Sinistcha, L50|100/100
|-heal|p1b: Malamar|87/100|[from] ability: Hospitality|[of] p1a: Sinistcha
|turn|4
|inactive|Delacruso has 30 seconds left.
|
|t:|1784840810
|detailschange|p1b: Malamar|Malamar-Mega, L50, M
|-mega|p1b: Malamar|Malamar|Malamarite
|move|p1a: Sinistcha|Protect|p1a: Sinistcha
|-singleturn|p1a: Sinistcha|Protect
|move|p2b: Basculegion|Wave Crash|p1b: Malamar
|-damage|p1b: Malamar|53/100
|-damage|p2b: Basculegion|51/100|[from] Recoil
|move|p2a: Charizard|Heat Wave|p1a: Sinistcha|[spread] p1b
|-activate|p1a: Sinistcha|move: Protect
|-damage|p1b: Malamar|28/100
|move|p1b: Malamar|Trick Room|p1b: Malamar
|-fieldstart|move: Trick Room|[of] p1b: Malamar
|
|-weather|SunnyDay|[upkeep]
|-sideend|p1: mylittlecuties<3|move: Tailwind
|upkeep
|turn|5
|
|t:|1784840828
|move|p1a: Sinistcha|Life Dew||[still]|[spread] p1a,p1b
|-fail|p1a: Sinistcha|heal
|-heal|p1b: Malamar|53/100
|move|p1b: Malamar|Knock Off|p2b: Basculegion
|-supereffective|p2b: Basculegion|1
|-damage|p2b: Basculegion|0 fnt
|-enditem|p2b: Basculegion|Choice Scarf|[from] move: Knock Off|[of] p1b: Malamar
|faint|p2b: Basculegion
|move|p2a: Charizard|Heat Wave|p1a: Sinistcha|[spread] p1b
|-miss|p2a: Charizard|p1a: Sinistcha
|-damage|p1b: Malamar|29/100
|
|-weather|SunnyDay|[upkeep]
|upkeep
|turn|6
|
|t:|1784840843
|move|p1a: Sinistcha|Life Dew||[still]|[spread] p1a,p1b
|-fail|p1a: Sinistcha|heal
|-heal|p1b: Malamar|54/100
|move|p1b: Malamar|Superpower|p2a: Charizard
|-resisted|p2a: Charizard|1
|-damage|p2a: Charizard|78/100
|-boost|p1b: Malamar|atk|1
|-boost|p1b: Malamar|def|1
|move|p2a: Charizard|Heat Wave|p1a: Sinistcha|[spread] p1a
|-miss|p2a: Charizard|p1b: Malamar
|-supereffective|p1a: Sinistcha|1
|-damage|p1a: Sinistcha|0 fnt
|faint|p1a: Sinistcha
|
|-weather|SunnyDay|[upkeep]
|upkeep
|turn|7
|
|t:|1784840859
|move|p1b: Malamar|Superpower|p2a: Charizard
|-resisted|p2a: Charizard|1
|-damage|p2a: Charizard|44/100
|-boost|p1b: Malamar|atk|1
|-boost|p1b: Malamar|def|1
|move|p2a: Charizard|Weather Ball|p1b: Malamar
|-damage|p1b: Malamar|23/100
|
|-weather|none
|upkeep
|turn|8
|
|t:|1784840870
|move|p2a: Charizard|Protect|p2a: Charizard
|-singleturn|p2a: Charizard|Protect
|move|p1b: Malamar|Knock Off|p2a: Charizard
|-activate|p2a: Charizard|move: Protect
|
|-fieldend|move: Trick Room
|upkeep
|turn|9
|
|t:|1784840877
|move|p2a: Charizard|Heat Wave|p1b: Malamar
|-damage|p1b: Malamar|2/100
|move|p1b: Malamar|Knock Off|p2a: Charizard
|-damage|p2a: Charizard|0 fnt
|faint|p2a: Charizard
|
|win|mylittlecuties<3
|raw|mylittlecuties<3's rating: 1116 → 1146(+30 for winning)
|raw|Delacruso's rating: 1187 → 1157(-30 for losing)
