|j|☆Welwitchia
|j|☆moiddddds
|html|Welwitchiamoiddddds    
|uhtml|bestof|Game 2 of a best-of-3
|t:|1782584897
|gametype|doubles
|player|p1|Welwitchia|pokemonbreeder-gen4|1000
|player|p2|moiddddds|170|1080
|gen|9
|tier|[Gen 9 Champions] VGC 2026 Reg M-B (Bo3)
|rated|
|rule|Species Clause: Limit one of each Pokémon
|rule|Item Clause: Limit 1 of each item
|clearpoke
|poke|p1|Lopunny, L50, M|
|poke|p1|Absol, L50, M|
|poke|p1|Blastoise, L50, F, shiny|
|poke|p1|Hatterene, L50, F, shiny|
|poke|p1|Charizard, L50, M|
|poke|p1|Venusaur, L50, M|
|poke|p2|Garchomp, L50, M|
|poke|p2|Aerodactyl, L50, F|
|poke|p2|Sneasler, L50, M|
|poke|p2|Tyranitar, L50, F|
|poke|p2|Meganium, L50, F|
|poke|p2|Rotom-Wash, L50|
|teampreview|4
|showteam|p1|Lopunny||AspearBerry|Klutz|Attract,FakeOut,Switcheroo,Bounce|Jolly||M|||50|]Absol||Absolite|Pressure|WillOWisp,PsychoCut,CloseCombat,SuckerPunch|Jolly||M|||50|]Blastoise||FocusSash|Torrent|MuddyWater,FakeOut,MirrorCoat,AquaJet|Brave||F|||50|]Hatterene||KingsRock|MagicBounce|MagicPowder,TrickRoom,DazzlingGleam,Nuzzle|Sassy||F|||50|]Charizard||CharizarditeY|Blaze|AirSlash,SolarBeam,HeatWave,RockSlide|Hasty||M|||50|]Venusaur||Leftovers|Chlorophyll|SweetScent,LightScreen,SleepPowder,SludgeBomb|Modest||M|||50|
|showteam|p2|Garchomp||Garchompite|RoughSkin|RockSlide,Protect,Earthquake,DragonClaw|Jolly||M|||50|]Aerodactyl||FocusSash|Unnerve|RockSlide,Sandstorm,Tailwind,DualWingbeat|Jolly||F|||50|]Sneasler||WhiteHerb|PoisonTouch|FakeOut,DireClaw,CloseCombat,Protect|Jolly||M|||50|]Tyranitar||ChoiceScarf|SandStream|RockSlide,KnockOff,IcePunch,LowKick|Adamant||F|||50|]Meganium||Meganiumite|LeafGuard|SolarBeam,WeatherBall,DazzlingGleam,Protect|Modest||F|||50|]Rotom-Wash||SitrusBerry|Levitate|HydroPump,Thunderbolt,Protect,WillOWisp|Modest|||||50|
|inactive|Battle timer is ON: inactive players will automatically lose when time's up. (requested by moiddddds)
|
|t:|1782584922
|teamsize|p1|4
|teamsize|p2|4
|start
|switch|p1a: Hatterene|Hatterene, L50, F, shiny|100/100
|switch|p1b: Blastoise|Blastoise, L50, F, shiny|100/100
|switch|p2a: Aerodactyl|Aerodactyl, L50, F|100/100
|switch|p2b: Sneasler|Sneasler, L50, M|100/100
|-ability|p2a: Aerodactyl|Unnerve
|turn|1
|
|t:|1782584944
|move|p1b: Blastoise|Fake Out|p2b: Sneasler
|-damage|p2b: Sneasler|80/100
|move|p2a: Aerodactyl|Rock Slide|p1a: Hatterene|[spread] p1a,p1b
|-damage|p1a: Hatterene|71/100
|-damage|p1b: Blastoise|73/100
|cant|p2b: Sneasler|flinch
|move|p1a: Hatterene|Trick Room|p1a: Hatterene
|-fieldstart|move: Trick Room|[of] p1a: Hatterene
|
|upkeep
|turn|2
|
|t:|1782584966
|move|p2b: Sneasler|Protect|p2b: Sneasler
|-singleturn|p2b: Sneasler|Protect
|move|p1a: Hatterene|Dazzling Gleam|p2b: Sneasler|[spread] p2a
|-activate|p2b: Sneasler|move: Protect
|-damage|p2a: Aerodactyl|61/100
|move|p1b: Blastoise|Muddy Water|p2a: Aerodactyl|[spread] p2a
|-activate|p2b: Sneasler|move: Protect
|-supereffective|p2a: Aerodactyl|1
|-damage|p2a: Aerodactyl|3/100
|move|p2a: Aerodactyl|Rock Slide|p1b: Blastoise|[spread] p1a,p1b
|-damage|p1a: Hatterene|44/100
|-damage|p1b: Blastoise|48/100
|
|upkeep
|turn|3
|inactive|moiddddds has 30 seconds left.
|
|t:|1782584997
|switch|p2a: Tyranitar|Tyranitar, L50, F|100/100
|-weather|Sandstorm|[from] ability: Sand Stream|[of] p2a: Tyranitar
|move|p1a: Hatterene|Dazzling Gleam|p2b: Sneasler|[spread] p2a,p2b
|-supereffective|p2a: Tyranitar|1
|-crit|p2b: Sneasler
|-damage|p2a: Tyranitar|64/100
|-damage|p2b: Sneasler|23/100
|move|p1b: Blastoise|Muddy Water|p2b: Sneasler|[spread] p2a,p2b
|-supereffective|p2a: Tyranitar|1
|-damage|p2a: Tyranitar|36/100
|-damage|p2b: Sneasler|0 fnt
|faint|p2b: Sneasler
|
|-weather|Sandstorm|[upkeep]
|-damage|p1a: Hatterene|38/100|[from] Sandstorm
|-damage|p1b: Blastoise|43/100|[from] Sandstorm
|upkeep
|
|t:|1782585013
|switch|p2b: Garchomp|Garchomp, L50, M|100/100
|turn|4
|inactive|moiddddds has 30 seconds left.
|inactive|moiddddds has 20 seconds left.
|
|t:|1782585053
|switch|p2a: Aerodactyl|Aerodactyl, L50, F|3/100
|-ability|p2a: Aerodactyl|Unnerve
|detailschange|p2b: Garchomp|Garchomp-Mega, L50, M
|-mega|p2b: Garchomp|Garchomp|Garchompite
|move|p2b: Garchomp|Protect|p2b: Garchomp
|-singleturn|p2b: Garchomp|Protect
|move|p1a: Hatterene|Dazzling Gleam|p2b: Garchomp|[spread] p2a
|-activate|p2b: Garchomp|move: Protect
|-damage|p2a: Aerodactyl|0 fnt
|faint|p2a: Aerodactyl
|move|p1b: Blastoise|Muddy Water|p2b: Garchomp
|-activate|p2b: Garchomp|move: Protect
|
|-weather|Sandstorm|[upkeep]
|-damage|p1a: Hatterene|32/100|[from] Sandstorm
|-damage|p1b: Blastoise|37/100|[from] Sandstorm
|upkeep
|
|t:|1782585067
|switch|p2a: Tyranitar|Tyranitar, L50, F|36/100
|turn|5
|
|t:|1782585083
|move|p1a: Hatterene|Dazzling Gleam|p2a: Tyranitar|[spread] p2a,p2b
|-supereffective|p2a: Tyranitar|1
|-supereffective|p2b: Garchomp|1
|-damage|p2a: Tyranitar|1/100
|-damage|p2b: Garchomp|41/100
|move|p1b: Blastoise|Muddy Water|p2b: Garchomp|[spread] p2a,p2b
|-supereffective|p2a: Tyranitar|1
|-damage|p2a: Tyranitar|0 fnt
|-damage|p2b: Garchomp|23/100
|faint|p2a: Tyranitar
|cant|p2b: Garchomp|flinch
|
|-weather|Sandstorm|[upkeep]
|-damage|p1a: Hatterene|26/100|[from] Sandstorm
|-damage|p1b: Blastoise|31/100|[from] Sandstorm
|-fieldend|move: Trick Room
|upkeep
|turn|6
|
|t:|1782585100
|move|p1b: Blastoise|Aqua Jet|p2b: Garchomp
|-crit|p2b: Garchomp
|-damage|p2b: Garchomp|0 fnt
|faint|p2b: Garchomp
|
|win|Welwitchia
||moiddddds is ready for game 3.
