|j|☆Vaccamad
|j|☆Lorido
|html|VaccamadLorido    
|uhtml|bestof|Game 2 of a best-of-3
|t:|1782474732
|gametype|doubles
|player|p1|Vaccamad|170|1049
|player|p2|Lorido|170|1155
|gen|9
|tier|[Gen 9 Champions] VGC 2026 Reg M-B (Bo3)
|rated|
|rule|Species Clause: Limit one of each Pokémon
|rule|Item Clause: Limit 1 of each item
|clearpoke
|poke|p1|Raichu, L50, F|
|poke|p1|Staraptor, L50, F|
|poke|p1|Incineroar, L50, M|
|poke|p1|Metagross, L50|
|poke|p1|Sinistcha, L50|
|poke|p1|Primarina, L50, M|
|poke|p2|Charizard, L50, F|
|poke|p2|Floette-Eternal, L50, F|
|poke|p2|Whimsicott, L50, M|
|poke|p2|Kingambit, L50, F|
|poke|p2|Garchomp, L50, F|
|poke|p2|Basculegion, L50, M|
|teampreview|4
|showteam|p1|Raichu||FocusSash|LightningRod|FakeOut,Nuzzle,EerieImpulse,Thunderbolt|Timid||F|||50|]Staraptor||Staraptite|Intimidate|BraveBird,Tailwind,CloseCombat,Protect|Jolly||F|||50|]Incineroar||SitrusBerry|Intimidate|FakeOut,FlareBlitz,ThroatChop,PartingShot|Impish||M|||50|]Metagross||Metagrossite|ClearBody|PsychicFangs,IronHead,StompingTantrum,Protect|Jolly|||||50|]Sinistcha||OccaBerry|Hospitality|MatchaGotcha,RagePowder,TrickRoom,Protect|Bold|||||50|]Primarina||LifeOrb|LiquidVoice|Protect,DazzlingGleam,IceBeam,HydroPump|Modest||M|||50|
|showteam|p2|Charizard||CharizarditeY|Blaze|HeatWave,WeatherBall,SolarBeam,Protect|Modest||F|||50|]Floette-Eternal||Floettite|FlowerVeil|DazzlingGleam,Protect,Moonblast,LightofRuin|Modest||F|||50|]Whimsicott||FocusSash|Prankster|Moonblast,Protect,Tailwind,Encore|Timid||M|||50|]Kingambit||ChopleBerry|Defiant|KowtowCleave,SuckerPunch,IronHead,LowKick|Adamant||F|||50|]Garchomp||LifeOrb|RoughSkin|DragonClaw,StompingTantrum,RockSlide,Protect|Jolly||F|||50|]Basculegion||MysticWater|Adaptability|WaveCrash,LastRespects,AquaJet,Protect|Adamant||M|||50|
|l|☆Vaccamad
|player|p1|
|j|☆Vaccamad
|player|p1|Vaccamad|170|
|
|t:|1782474795
|teamsize|p1|4
|teamsize|p2|4
|start
|switch|p1a: Raichu|Raichu, L50, F|100/100
|switch|p1b: Primarina|Primarina, L50, M|100/100
|switch|p2a: Whimsicott|Whimsicott, L50, M|100/100
|switch|p2b: Floette|Floette-Eternal, L50, F|100/100
|turn|1
|inactive|Battle timer is ON: inactive players will automatically lose when time's up. (requested by Vaccamad)
|
|t:|1782474824
|switch|p2b: Kingambit|Kingambit, L50, F|100/100
|move|p1a: Raichu|Fake Out|p2a: Whimsicott
|-damage|p2a: Whimsicott|88/100
|cant|p2a: Whimsicott|flinch
|move|p1b: Primarina|Ice Beam|p2a: Whimsicott
|-supereffective|p2a: Whimsicott|1
|-damage|p2a: Whimsicott|0 fnt
|faint|p2a: Whimsicott
|-damage|p1b: Primarina|90/100|[from] item: Life Orb
|
|upkeep
|
|t:|1782474832
|switch|p2a: Floette|Floette-Eternal, L50, F|100/100
|turn|2
|
|t:|1782474851
|move|p2a: Floette|Protect|p2a: Floette
|-singleturn|p2a: Floette|Protect
|move|p1a: Raichu|Nuzzle|p2a: Floette
|-activate|p2a: Floette|move: Protect
|move|p1b: Primarina|Dazzling Gleam|p2a: Floette|[spread] p2b
|-activate|p2a: Floette|move: Protect
|-damage|p2b: Kingambit|60/100
|-damage|p1b: Primarina|80/100|[from] item: Life Orb
|move|p2b: Kingambit|Iron Head|p1b: Primarina
|-damage|p1b: Primarina|33/100
|
|upkeep
|turn|3
|
|t:|1782474873
|detailschange|p2a: Floette|Floette-Mega, L50, F
|-mega|p2a: Floette|Floette|Floettite
|-ability|p2a: Floette|Fairy Aura
|move|p2b: Kingambit|Sucker Punch|p1a: Raichu
|-damage|p1a: Raichu|7/100
|move|p1a: Raichu|Nuzzle|p2a: Floette
|-damage|p2a: Floette|92/100
|-status|p2a: Floette|par
|move|p1b: Primarina|Dazzling Gleam|p2a: Floette|[spread] p2a,p2b
|-damage|p2a: Floette|52/100 par
|-damage|p2b: Kingambit|7/100
|-damage|p1b: Primarina|23/100|[from] item: Life Orb
|cant|p2a: Floette|par
|
|upkeep
|turn|4
|inactive|Vaccamad has 30 seconds left.
|inactive|Lorido has 30 seconds left.
|
|t:|1782474903
|switch|p2b: Basculegion|Basculegion, L50, M|100/100
|move|p1a: Raichu|Eerie Impulse|p2a: Floette
|-unboost|p2a: Floette|spa|2
|move|p1b: Primarina|Dazzling Gleam|p2a: Floette|[spread] p2a,p2b
|-damage|p2a: Floette|13/100 par
|-damage|p2b: Basculegion|37/100
|-damage|p1b: Primarina|14/100|[from] item: Life Orb
|move|p2a: Floette|Dazzling Gleam|p1b: Primarina|[spread] p1a,p1b
|-damage|p1a: Raichu|0 fnt
|-damage|p1b: Primarina|0 fnt
|faint|p1a: Raichu
|faint|p1b: Primarina
|
|upkeep
|l|☆Vaccamad
|inactive|Vaccamad disconnected and has a minute to reconnect!
|player|p1|
|j|☆Vaccamad
|inactive|Vaccamad reconnected and has 40 seconds left.
|player|p1|Vaccamad|170|
|
|t:|1782474922
|switch|p1a: Sinistcha|Sinistcha, L50|100/100
|switch|p1b: Staraptor|Staraptor, L50, F|100/100
|-ability|p1b: Staraptor|Intimidate|boost
|-unboost|p2a: Floette|atk|1
|-unboost|p2b: Basculegion|atk|1
|turn|5
|
|t:|1782474946
|switch|p2b: Kingambit|Kingambit, L50, F|7/100
|detailschange|p1b: Staraptor|Staraptor-Mega, L50, F
|-mega|p1b: Staraptor|Staraptor|Staraptite
|move|p2a: Floette|Protect|p2a: Floette
|-singleturn|p2a: Floette|Protect
|move|p1b: Staraptor|Close Combat|p2a: Floette
|-activate|p2a: Floette|move: Protect
|move|p1a: Sinistcha|Matcha Gotcha|p2a: Floette|[spread] p2b
|-activate|p2a: Floette|move: Protect
|-resisted|p2b: Kingambit|1
|-damage|p2b: Kingambit|0 fnt
|faint|p2b: Kingambit
|
|upkeep
|
|t:|1782474954
|switch|p2b: Basculegion|Basculegion, L50, M|37/100
|turn|6
|
|t:|1782474967
|move|p1b: Staraptor|Brave Bird|p2b: Basculegion
|-damage|p2b: Basculegion|0 fnt
|faint|p2b: Basculegion
|-damage|p1b: Staraptor|86/100|[from] Recoil
|move|p1a: Sinistcha|Matcha Gotcha|p2a: Floette
|-damage|p2a: Floette|0 fnt
|faint|p2a: Floette
|
|win|Vaccamad
|raw|Vaccamad's rating: 1049 → 1091(+42 for winning)
|raw|Lorido's rating: 1155 → 1123(-32 for losing)
