|j|☆cm8cm
|j|☆babysha
|html|cm8cmbabysha    
|uhtml|bestof|Game 1 of a best-of-3
|t:|1783889506
|gametype|doubles
|player|p1|cm8cm|1|1094
|player|p2|babysha|102|1109
|gen|9
|tier|[Gen 9 Champions] VGC 2026 Reg M-B (Bo3)
|rated|
|rule|Species Clause: Limit one of each Pokémon
|rule|Item Clause: Limit 1 of each item
|clearpoke
|poke|p1|Milotic, L50, M|
|poke|p1|Grimmsnarl, L50, M|
|poke|p1|Gengar, L50, M|
|poke|p1|Farigiraf, L50, M|
|poke|p1|Blastoise, L50, F|
|poke|p1|Hydreigon, L50, M|
|poke|p2|Sneasler, L50, F|
|poke|p2|Floette-Eternal, L50, F|
|poke|p2|Aerodactyl, L50, M|
|poke|p2|Pelipper, L50, M|
|poke|p2|Toxicroak, L50, M|
|poke|p2|Lycanroc-Dusk, L50, M|
|teampreview|4
|showteam|p1|Milotic||Leftovers|Competitive|DrainingKiss,IceBeam,Scald,Protect|Modest||M|||50|]Grimmsnarl||LightClay|Prankster|Reflect,LightScreen,PartingShot,FakeOut|Impish||M|||50|]Gengar||Gengarite|CursedBody|PerishSong,ShadowBall,SludgeBomb,Protect|Timid||M|||50|]Farigiraf||SitrusBerry|ArmorTail|AllySwitch,Psychic,TrickRoom,Protect|Quiet||M|||50|]Blastoise||Blastoisinite|Torrent|AuraSphere,WaterSpout,FakeOut,Protect|Modest||F|||50|]Hydreigon||LifeOrb|Levitate|Protect,EarthPower,DracoMeteor,DarkPulse|Modest||M|||50|
|showteam|p2|Sneasler||WhiteHerb|Unburden|FakeOut,DireClaw,CloseCombat,Protect|Jolly||F|||50|]Floette-Eternal||Floettite|FlowerVeil|CalmMind,LightofRuin,Moonblast,Protect|Timid||F|||50|]Aerodactyl||Aerodactylite|Unnerve|Tailwind,DualWingbeat,RockSlide,WideGuard|Jolly||M|||50|]Pelipper||SharpBeak|Drizzle|Tailwind,Hurricane,WeatherBall,WideGuard|Modest||M|||50|]Toxicroak||LifeOrb|PoisonTouch|PoisonJab,CloseCombat,SuckerPunch,Protect|Jolly||M|||50|]Lycanroc-Dusk||FocusSash|ToughClaws|Accelerock,CloseCombat,RockSlide,Protect|Jolly||M|||50|
|inactive|Battle timer is ON: inactive players will automatically lose when time's up. (requested by babysha)
|inactive|babysha has 60 seconds left.
|inactive|babysha has 30 seconds left.
|
|t:|1783889569
|teamsize|p1|4
|teamsize|p2|4
|start
|switch|p1a: Gengar|Gengar, L50, M|100/100
|switch|p1b: Grimmsnarl|Grimmsnarl, L50, M|100/100
|switch|p2a: Floette|Floette-Eternal, L50, F|100/100
|switch|p2b: Toxicroak|Toxicroak, L50, M|100/100
|turn|1
|
|t:|1783889592
|detailschange|p1a: Gengar|Gengar-Mega, L50, M
|-mega|p1a: Gengar|Gengar|Gengarite
|detailschange|p2a: Floette|Floette-Mega, L50, F
|-mega|p2a: Floette|Floette|Floettite
|-ability|p2a: Floette|Fairy Aura
|move|p1b: Grimmsnarl|Fake Out|p2a: Floette
|-damage|p2a: Floette|84/100
|move|p2b: Toxicroak|Sucker Punch||[still]
|-fail|p2b: Toxicroak
|move|p1a: Gengar|Perish Song|p1a: Gengar
|-start|p1a: Gengar|perish3|[silent]
|-start|p1b: Grimmsnarl|perish3|[silent]
|-start|p2a: Floette|perish3|[silent]
|-start|p2b: Toxicroak|perish3|[silent]
|-fieldactivate|move: Perish Song
|cant|p2a: Floette|flinch
|
|-start|p1a: Gengar|perish3
|-start|p2a: Floette|perish3
|-start|p2b: Toxicroak|perish3
|-start|p1b: Grimmsnarl|perish3
|upkeep
|turn|2
|inactive|babysha has 30 seconds left.
|
|t:|1783889620
|move|p1a: Gengar|Protect|p1a: Gengar
|-singleturn|p1a: Gengar|Protect
|move|p1b: Grimmsnarl|Light Screen|p1b: Grimmsnarl
|-sidestart|p1: cm8cm|move: Light Screen
|move|p2a: Floette|Light of Ruin|p1b: Grimmsnarl|[miss]
|-miss|p2a: Floette|p1b: Grimmsnarl
|move|p2b: Toxicroak|Poison Jab|p1b: Grimmsnarl
|-supereffective|p1b: Grimmsnarl|1
|-damage|p1b: Grimmsnarl|21/100
|-status|p1b: Grimmsnarl|psn
|-damage|p2b: Toxicroak|90/100|[from] item: Life Orb
|
|-damage|p1b: Grimmsnarl|8/100 psn|[from] psn
|-start|p1a: Gengar|perish2
|-start|p2a: Floette|perish2
|-start|p2b: Toxicroak|perish2
|-start|p1b: Grimmsnarl|perish2
|upkeep
|turn|3
|inactive|cm8cm has 30 seconds left.
|inactive|cm8cm has 20 seconds left.
|inactive|cm8cm has 15 seconds left.
|inactive|cm8cm has 10 seconds left.
|inactive|cm8cm has 5 seconds left.
|
|t:|1783889674
|switch|p1a: Hydreigon|Hydreigon, L50, M|100/100
|move|p2b: Toxicroak|Sucker Punch||[still]
|-fail|p2b: Toxicroak
|move|p1b: Grimmsnarl|Reflect|p1b: Grimmsnarl
|-sidestart|p1: cm8cm|Reflect
|move|p2a: Floette|Light of Ruin|p1a: Hydreigon
|-supereffective|p1a: Hydreigon|2
|-damage|p1a: Hydreigon|0 fnt
|faint|p1a: Hydreigon
|-damage|p2a: Floette|28/100|[from] Recoil
|
|-damage|p1b: Grimmsnarl|0 fnt|[from] psn
|faint|p1b: Grimmsnarl
|-start|p2a: Floette|perish1
|-start|p2b: Toxicroak|perish1
|upkeep
|
|t:|1783889691
|switch|p1a: Farigiraf|Farigiraf, L50, M|100/100
|switch|p1b: Gengar|Gengar-Mega, L50, M|100/100
|turn|4
|
|t:|1783889714
|move|p1b: Gengar|Protect|p1b: Gengar
|-singleturn|p1b: Gengar|Protect
|move|p1a: Farigiraf|Protect|p1a: Farigiraf
|-singleturn|p1a: Farigiraf|Protect
|move|p2a: Floette|Light of Ruin|p1a: Farigiraf
|-activate|p1a: Farigiraf|move: Protect
|move|p2b: Toxicroak|Close Combat|p1a: Farigiraf
|-activate|p1a: Farigiraf|move: Protect
|
|-start|p2a: Floette|perish0
|-start|p2b: Toxicroak|perish0
|faint|p2a: Floette
|faint|p2b: Toxicroak
|upkeep
|
|t:|1783889729
|switch|p2a: Lycanroc|Lycanroc-Dusk, L50, M|100/100
|switch|p2b: Aerodactyl|Aerodactyl, L50, M|100/100
|-ability|p2b: Aerodactyl|Unnerve
|turn|5
|inactive|cm8cm has 30 seconds left.
|inactive|cm8cm has 20 seconds left.
|inactive|cm8cm has 15 seconds left.
|
|t:|1783889772
|move|p2b: Aerodactyl|Rock Slide|p1a: Farigiraf|[spread] p1a,p1b
|-damage|p1a: Farigiraf|83/100
|-damage|p1b: Gengar|77/100
|move|p1b: Gengar|Perish Song|p1b: Gengar
|-start|p1a: Farigiraf|perish3|[silent]
|-start|p1b: Gengar|perish3|[silent]
|-start|p2a: Lycanroc|perish3|[silent]
|-start|p2b: Aerodactyl|perish3|[silent]
|-fieldactivate|move: Perish Song
|move|p2a: Lycanroc|Rock Slide|p1a: Farigiraf|[spread] p1a,p1b
|-damage|p1a: Farigiraf|65/100
|-damage|p1b: Gengar|55/100
|move|p1a: Farigiraf|Trick Room|p1a: Farigiraf
|-fieldstart|move: Trick Room|[of] p1a: Farigiraf
|
|-start|p1a: Farigiraf|perish3
|-start|p2a: Lycanroc|perish3
|-start|p1b: Gengar|perish3
|-start|p2b: Aerodactyl|perish3
|upkeep
|turn|6
|
|t:|1783889788
|move|p1a: Farigiraf|Protect|p1a: Farigiraf
|-singleturn|p1a: Farigiraf|Protect
|move|p1b: Gengar|Protect|p1b: Gengar
|-singleturn|p1b: Gengar|Protect
|move|p2a: Lycanroc|Rock Slide|p1a: Farigiraf|[spread] 
|-activate|p1a: Farigiraf|move: Protect
|-activate|p1b: Gengar|move: Protect
|move|p2b: Aerodactyl|Rock Slide|p1b: Gengar|[spread] 
|-activate|p1a: Farigiraf|move: Protect
|-activate|p1b: Gengar|move: Protect
|
|-start|p1a: Farigiraf|perish2
|-start|p2a: Lycanroc|perish2
|-start|p2b: Aerodactyl|perish2
|-start|p1b: Gengar|perish2
|upkeep
|turn|7
|c|☆babysha|gg
|inactive|cm8cm has 30 seconds left.
|
|t:|1783889821
|move|p1a: Farigiraf|Ally Switch|p1a: Farigiraf
|swap|p1a: Farigiraf|1|[from] move: Ally Switch
|move|p2a: Lycanroc|Close Combat|p1a: Gengar
|-immune|p1a: Gengar
|move|p1a: Gengar|Shadow Ball|p2b: Aerodactyl
|-damage|p2b: Aerodactyl|38/100
|-unboost|p2b: Aerodactyl|spd|1
|move|p2b: Aerodactyl|Dual Wingbeat|p1a: Gengar
|-damage|p1a: Gengar|38/100
|-damage|p1a: Gengar|22/100
|-hitcount|p1a: Gengar|2
|
|-start|p1b: Farigiraf|perish1
|-start|p2a: Lycanroc|perish1
|-start|p2b: Aerodactyl|perish1
|-start|p1a: Gengar|perish1
|upkeep
|turn|8
|-message|babysha forfeited.
|
|win|cm8cm
|l|☆babysha
|player|p2|
||babysha is ready for game 2.
|inactive|cm8cm has 30 seconds to confirm battle start!
