|j|☆Youax55
|j|☆morphiusdoorphius
|html|Youax55morphiusdoorphius    
|uhtml|bestof|Game 2 of a best-of-3
|t:|1784241691
|gametype|doubles
|player|p1|Youax55|nate|
|player|p2|morphiusdoorphius|linebacker|
|gen|9
|tier|[Gen 9 Champions] VGC 2026 Reg M-B (Bo3)
|rule|Species Clause: Limit one of each Pokémon
|rule|Item Clause: Limit 1 of each item
|clearpoke
|poke|p1|Arcanine-Hisui, L50, F|
|poke|p1|Pidgeot, L50, M|
|poke|p1|Weavile, L50, M|
|poke|p1|Ariados, L50, M|
|poke|p1|Hawlucha, L50, F|
|poke|p1|Vanilluxe, L50, F|
|poke|p2|Charizard, L50, M|
|poke|p2|Talonflame, L50, F|
|poke|p2|Primarina, L50, F|
|poke|p2|Kingambit, L50, F|
|poke|p2|Kleavor, L50, M|
|poke|p2|Scrafty, L50, M|
|teampreview|4
|showteam|p1|Arcanine-Hisui||MuscleBand|Intimidate|RockSlide,ExtremeSpeed,FlareBlitz,Protect|Jolly||F|||50|]Pidgeot||Pidgeotite|BigPecks|Hurricane,HeatWave,Tailwind,Protect|Modest||M|||50|]Weavile||FocusSash|Pressure|FakeOut,KnockOff,TripleAxel,Protect|Jolly||M|||50|]Ariados||ChartiBerry|Insomnia|RagePowder,StringShot,SuckerPunch,Protect|Impish||M|||50|]Hawlucha||Hawluchanite|Limber|Entrainment,Protect,DrainPunch,DualWingbeat|Jolly||F|||50|]Vanilluxe||ChoiceScarf|SnowWarning|FlashCannon,Blizzard,IcyWind,SheerCold|Bold||F|||50|
|showteam|p2|Charizard||CharizarditeY|Blaze|HeatWave,Protect,WeatherBall,SolarBeam|Modest||M|||50|]Talonflame||FocusSash|GaleWings|Tailwind,Protect,FlareBlitz,BraveBird|Jolly||F|||50|]Primarina||MysticWater|LiquidVoice|IceBeam,Moonblast,Protect,HyperVoice|Naive||F|||50|]Kingambit||ChopleBerry|Defiant|IronHead,Protect,SuckerPunch,SwordsDance|Adamant||F|||50|]Kleavor||WideLens|Sharpness|StoneAxe,XScissor,RockSlide,Protect|Adamant||M|||50|]Scrafty||Scraftinite|Intimidate|SuperFang,FakeOut,Protect,CloseCombat|Adamant||M|||50|
|j| Dylan Jenson
|j| budster16
|j| ChocoHammy
|c| budster16|I have links :D
|
|t:|1784241754
|teamsize|p1|4
|teamsize|p2|4
|start
|switch|p1a: Pidgeot|Pidgeot, L50, M|100/100
|switch|p1b: Weavile|Weavile, L50, M|100/100
|switch|p2a: Talonflame|Talonflame, L50, F|100/100
|switch|p2b: Kleavor|Kleavor, L50, M|100/100
|-ability|p1b: Weavile|Pressure
|turn|1
|
|t:|1784241774
|detailschange|p1a: Pidgeot|Pidgeot-Mega, L50, M
|-mega|p1a: Pidgeot|Pidgeot|Pidgeotite
|move|p2a: Talonflame|Protect|p2a: Talonflame
|-singleturn|p2a: Talonflame|Protect
|move|p2b: Kleavor|Protect|p2b: Kleavor
|-singleturn|p2b: Kleavor|Protect
|move|p1b: Weavile|Fake Out|p2b: Kleavor
|-activate|p2b: Kleavor|move: Protect
|move|p1a: Pidgeot|Tailwind|p1a: Pidgeot
|-sidestart|p1: Youax55|move: Tailwind
|
|upkeep
|turn|2
|
|t:|1784241800
|move|p2a: Talonflame|Tailwind|p2a: Talonflame
|-sidestart|p2: morphiusdoorphius|move: Tailwind
|move|p1b: Weavile|Knock Off|p2b: Kleavor
|-damage|p2b: Kleavor|34/100
|-enditem|p2b: Kleavor|Wide Lens|[from] move: Knock Off|[of] p1b: Weavile
|move|p1a: Pidgeot|Hurricane|p2b: Kleavor
|-damage|p2b: Kleavor|0 fnt
|faint|p2b: Kleavor
|
|upkeep
|
|t:|1784241813
|switch|p2b: Charizard|Charizard, L50, M|100/100
|turn|3
|
|t:|1784241882
|detailschange|p2b: Charizard|Charizard-Mega-Y, L50, M
|-mega|p2b: Charizard|Charizard|Charizardite Y
|-weather|SunnyDay|[from] ability: Drought|[of] p2b: Charizard
|move|p2a: Talonflame|Flare Blitz|p1a: Pidgeot
|-damage|p1a: Pidgeot|18/100
|-damage|p2a: Talonflame|73/100|[from] Recoil
|move|p1b: Weavile|Triple Axel|p2b: Charizard
|-damage|p2b: Charizard|84/100
|-damage|p2b: Charizard|57/100
|-damage|p2b: Charizard|18/100
|-hitcount|p2b: Charizard|3
|move|p1a: Pidgeot|Heat Wave|p2b: Charizard|[spread] p2a,p2b
|-resisted|p2a: Talonflame|1
|-resisted|p2b: Charizard|1
|-damage|p2a: Talonflame|42/100
|-damage|p2b: Charizard|0 fnt
|faint|p2b: Charizard
|
|-weather|SunnyDay|[upkeep]
|upkeep
|
|t:|1784241898
|switch|p2b: Primarina|Primarina, L50, F|100/100
|turn|4
|
|t:|1784241933
|move|p1a: Pidgeot|Protect|p1a: Pidgeot
|-singleturn|p1a: Pidgeot|Protect
|move|p2a: Talonflame|Flare Blitz|p1b: Weavile
|-supereffective|p1b: Weavile|1
|-crit|p1b: Weavile
|-enditem|p1b: Weavile|Focus Sash
|-damage|p1b: Weavile|1/100
|-damage|p2a: Talonflame|12/100|[from] Recoil
|move|p1b: Weavile|Knock Off|p2a: Talonflame
|-damage|p2a: Talonflame|0 fnt
|-enditem|p2a: Talonflame|Focus Sash|[from] move: Knock Off|[of] p1b: Weavile
|faint|p2a: Talonflame
|move|p2b: Primarina|Hyper Voice|p1b: Weavile|[spread] p1b
|-activate|p1a: Pidgeot|move: Protect
|-damage|p1b: Weavile|0 fnt
|faint|p1b: Weavile
|
|-weather|SunnyDay|[upkeep]
|-sideend|p1: Youax55|move: Tailwind
|upkeep
|
|t:|1784241955
|switch|p1b: Vanilluxe|Vanilluxe, L50, F|100/100
|-weather|Snowscape|[from] ability: Snow Warning|[of] p1b: Vanilluxe
|turn|5
|
|t:|1784241983
|switch|p1a: Arcanine|Arcanine-Hisui, L50, F|100/100
|-ability|p1a: Arcanine|Intimidate|boost
|-unboost|p2b: Primarina|atk|1
|move|p2b: Primarina|Hyper Voice|p1a: Arcanine|[spread] p1a,p1b
|-supereffective|p1a: Arcanine|2
|-damage|p1a: Arcanine|0 fnt
|-damage|p1b: Vanilluxe|61/100
|faint|p1a: Arcanine
|move|p1b: Vanilluxe|Flash Cannon|p2b: Primarina
|-damage|p2b: Primarina|78/100
|
|-weather|Snowscape|[upkeep]
|-sideend|p2: morphiusdoorphius|move: Tailwind
|upkeep
|
|t:|1784241995
|switch|p1a: Pidgeot|Pidgeot-Mega, L50, M|18/100
|turn|6
|
|t:|1784242006
|move|p1a: Pidgeot|Protect|p1a: Pidgeot
|-singleturn|p1a: Pidgeot|Protect
|move|p1b: Vanilluxe|Flash Cannon|p2b: Primarina
|-damage|p2b: Primarina|56/100
|move|p2b: Primarina|Hyper Voice|p1a: Pidgeot|[spread] p1b
|-activate|p1a: Pidgeot|move: Protect
|-damage|p1b: Vanilluxe|21/100
|
|-weather|Snowscape|[upkeep]
|upkeep
|turn|7
|
|t:|1784242027
|move|p2b: Primarina|Protect|p2b: Primarina
|-singleturn|p2b: Primarina|Protect
|move|p1b: Vanilluxe|Flash Cannon|p2b: Primarina
|-activate|p2b: Primarina|move: Protect
|move|p1a: Pidgeot|Hurricane|p2b: Primarina
|-activate|p2b: Primarina|move: Protect
|
|-weather|Snowscape|[upkeep]
|upkeep
|turn|8
|
|t:|1784242035
|move|p1b: Vanilluxe|Flash Cannon|p2b: Primarina
|-damage|p2b: Primarina|32/100
|move|p1a: Pidgeot|Hurricane|p2b: Primarina
|-damage|p2b: Primarina|0 fnt
|faint|p2b: Primarina
|
|win|Youax55
||morphiusdoorphius is ready for game 3.
