|j|☆viatles
|j|☆Sehbaiii
|html|viatlesSehbaiii    
|uhtml|bestof|Game 1 of a best-of-3
|t:|1785273507
|gametype|doubles
|player|p1|viatles|hiker|1124
|player|p2|Sehbaiii|fisherman-gen4|1196
|gen|9
|tier|[Gen 9 Champions] VGC 2026 Reg M-B (Bo3)
|rated|
|rule|Species Clause: Limit one of each Pokémon
|rule|Item Clause: Limit 1 of each item
|clearpoke
|poke|p1|Eelektross, L50, M|
|poke|p1|Raichu, L50, M|
|poke|p1|Tyranitar, L50, F|
|poke|p1|Gliscor, L50, M|
|poke|p1|Garchomp, L50, F|
|poke|p1|Sinistcha, L50|
|poke|p2|Milotic, L50, F|
|poke|p2|Tyranitar, L50, F|
|poke|p2|Excadrill, L50, F|
|poke|p2|Ceruledge, L50, M|
|poke|p2|Sneasler, L50, F|
|poke|p2|Beedrill, L50, M|
|teampreview|4
|showteam|p1|Eelektross||Eelektrossite|Levitate|Discharge,Flamethrower,GigaDrain,Protect|Modest||M|||50|]Raichu||FocusSash|LightningRod|FakeOut,Thunderbolt,Endeavor,Protect|Hasty||M|||50|]Tyranitar||Tyranitarite|SandStream|KnockOff,RockSlide,LowKick,Protect|Adamant||F|||50|]Gliscor||BrightPowder|SandVeil|RockSlide,DualWingbeat,Tailwind,Earthquake|Adamant||M|||50|]Garchomp||ChoiceScarf|RoughSkin|DragonClaw,StompingTantrum,RockSlide,Earthquake|Adamant||F|||50|]Sinistcha||SitrusBerry|Hospitality|MatchaGotcha,RagePowder,Imprison,TrickRoom|Bold|||||50|
|showteam|p2|Milotic||SitrusBerry|Competitive|Coil,Hypnosis,Waterfall,Recover|Careful||F|||50|]Tyranitar||Tyranitarite|SandStream|RockSlide,KnockOff,DragonDance,Protect|Adamant||F|||50|]Excadrill||FocusSash|SandRush|RockSlide,HighHorsepower,IronHead,Protect|Adamant||F|||50|]Ceruledge||LifeOrb|FlashFire|BitterBlade,ShadowSneak,BulkUp,Protect|Jolly||M|||50|]Sneasler||WhiteHerb|Unburden|DireClaw,FakeOut,CloseCombat,Protect|Adamant||F|||50|]Beedrill||Beedrillite|Sniper|PoisonJab,DrillRun,Uturn,KnockOff|Jolly||M|||50|
|c|☆viatles|gl hf
|inactive|Battle timer is ON: inactive players will automatically lose when time's up. (requested by viatles)
|c|☆Sehbaiii|glhf
|inactive|Sehbaiii has 60 seconds left.
|
|t:|1785273550
|teamsize|p1|4
|teamsize|p2|4
|start
|switch|p1a: Gliscor|Gliscor, L50, M|100/100
|switch|p1b: Eelektross|Eelektross, L50, M|100/100
|switch|p2a: Sneasler|Sneasler, L50, F|100/100
|switch|p2b: Beedrill|Beedrill, L50, M|100/100
|turn|1
|
|t:|1785273572
|detailschange|p2b: Beedrill|Beedrill-Mega, L50, M
|-mega|p2b: Beedrill|Beedrill|Beedrillite
|move|p1b: Eelektross|Protect|p1b: Eelektross
|-singleturn|p1b: Eelektross|Protect
|move|p2a: Sneasler|Fake Out|p1b: Eelektross
|-activate|p1b: Eelektross|move: Protect
|move|p2b: Beedrill|U-turn|p1a: Gliscor|[miss]
|-miss|p2b: Beedrill|p1a: Gliscor
|move|p1a: Gliscor|Tailwind|p1a: Gliscor
|-sidestart|p1: viatles|move: Tailwind
|
|upkeep
|turn|2
|
|t:|1785273602
|switch|p2b: Milotic|Milotic, L50, F|100/100
|detailschange|p1b: Eelektross|Eelektross-Mega, L50, M
|-mega|p1b: Eelektross|Eelektross|Eelektrossite
|move|p2a: Sneasler|Protect|p2a: Sneasler
|-singleturn|p2a: Sneasler|Protect
|move|p1b: Eelektross|Flamethrower|p2b: Milotic
|-resisted|p2b: Milotic|1
|-damage|p2b: Milotic|90/100
|-status|p2b: Milotic|brn
|move|p1a: Gliscor|Dual Wingbeat|p2a: Sneasler
|-activate|p2a: Sneasler|move: Protect
|
|-damage|p2b: Milotic|84/100 brn|[from] brn
|upkeep
|turn|3
|
|t:|1785273622
|switch|p2a: Excadrill|Excadrill, L50, F|100/100
|move|p1b: Eelektross|Discharge|p2b: Milotic|[spread] p2b
|-immune|p1a: Gliscor
|-immune|p2a: Excadrill
|-supereffective|p2b: Milotic|1
|-damage|p2b: Milotic|48/100 brn
|-enditem|p2b: Milotic|Sitrus Berry|[eat]
|-heal|p2b: Milotic|72/100 brn|[from] item: Sitrus Berry
|move|p1a: Gliscor|Dual Wingbeat|p2a: Excadrill
|-resisted|p2a: Excadrill|1
|-damage|p2a: Excadrill|89/100
|-resisted|p2a: Excadrill|1
|-damage|p2a: Excadrill|78/100
|-hitcount|p2a: Excadrill|2
|move|p2b: Milotic|Coil|p2b: Milotic
|-boost|p2b: Milotic|atk|1
|-boost|p2b: Milotic|def|1
|-boost|p2b: Milotic|accuracy|1
|
|-damage|p2b: Milotic|66/100 brn|[from] brn
|upkeep
|turn|4
|inactive|Sehbaiii has 30 seconds left.
|
|t:|1785273651
|move|p1b: Eelektross|Discharge|p2a: Excadrill|[spread] p2b
|-immune|p1a: Gliscor
|-immune|p2a: Excadrill
|-supereffective|p2b: Milotic|1
|-damage|p2b: Milotic|27/100 brn
|move|p1a: Gliscor|Rock Slide|p2a: Excadrill|[spread] p2a
|-miss|p1a: Gliscor|p2b: Milotic
|-resisted|p2a: Excadrill|2
|-damage|p2a: Excadrill|73/100
|move|p2a: Excadrill|Rock Slide|p1a: Gliscor|[spread] p1a,p1b
|-damage|p1a: Gliscor|84/100
|-damage|p1b: Eelektross|74/100
|move|p2b: Milotic|Hypnosis|p1a: Gliscor
|-status|p1a: Gliscor|slp|[from] move: Hypnosis
|
|-damage|p2b: Milotic|21/100 brn|[from] brn
|-sideend|p1: viatles|move: Tailwind
|upkeep
|turn|5
|inactive|viatles has 30 seconds left.
|inactive|Sehbaiii has 30 seconds left.
|
|t:|1785273682
|move|p2a: Excadrill|Iron Head|p1a: Gliscor
|-damage|p1a: Gliscor|50/100g slp
|move|p1b: Eelektross|Discharge|p2b: Milotic|[spread] p2b
|-immune|p1a: Gliscor
|-immune|p2a: Excadrill
|-supereffective|p2b: Milotic|1
|-damage|p2b: Milotic|0 fnt
|faint|p2b: Milotic
|-ability|p1b: Eelektross|Eelevate|boost
|-boost|p1b: Eelektross|spa|1
|cant|p1a: Gliscor|slp
|
|upkeep
|
|t:|1785273694
|switch|p2b: Sneasler|Sneasler, L50, F|100/100
|turn|6
|
|t:|1785273712
|move|p1b: Eelektross|Protect|p1b: Eelektross
|-singleturn|p1b: Eelektross|Protect
|move|p2b: Sneasler|Close Combat|p1b: Eelektross
|-activate|p1b: Eelektross|move: Protect
|move|p2a: Excadrill|Rock Slide|p1b: Eelektross|[spread] 
|-activate|p1b: Eelektross|move: Protect
|-miss|p2a: Excadrill|p1a: Gliscor
|cant|p1a: Gliscor|slp
|
|upkeep
|turn|7
|
|t:|1785273728
|move|p2b: Sneasler|Close Combat|p1a: Gliscor
|-resisted|p1a: Gliscor|1
|-damage|p1a: Gliscor|24/100 slp
|-unboost|p2b: Sneasler|def|1
|-unboost|p2b: Sneasler|spd|1
|-enditem|p2b: Sneasler|White Herb
|-clearnegativeboost|p2b: Sneasler|[silent]
|move|p2a: Excadrill|Rock Slide|p1a: Gliscor|[spread] p1a,p1b
|-crit|p1a: Gliscor
|-damage|p1a: Gliscor|0 fnt
|-damage|p1b: Eelektross|49/100
|faint|p1a: Gliscor
|move|p1b: Eelektross|Giga Drain|p2a: Excadrill
|-damage|p2a: Excadrill|19/100
|-heal|p1b: Eelektross|78/100|[from] drain|[of] p2a: Excadrill
|
|upkeep
|
|t:|1785273744
|switch|p1a: Garchomp|Garchomp, L50, F|100/100
|turn|8
|
|t:|1785273766
|move|p2b: Sneasler|Close Combat|p1b: Eelektross
|-damage|p1b: Eelektross|0 fnt
|-unboost|p2b: Sneasler|def|1
|-unboost|p2b: Sneasler|spd|1
|faint|p1b: Eelektross
|move|p1a: Garchomp|Earthquake|p2b: Sneasler|[spread] p2a,p2b
|-supereffective|p2a: Excadrill|1
|-supereffective|p2b: Sneasler|1
|-damage|p2a: Excadrill|0 fnt
|-damage|p2b: Sneasler|0 fnt
|faint|p2a: Excadrill
|faint|p2b: Sneasler
|
|upkeep
|
|t:|1785273780
|switch|p2b: Beedrill|Beedrill-Mega, L50, M|100/100
|switch|p1b: Raichu|Raichu, L50, M|100/100
|turn|9
|
|t:|1785273799
|move|p1b: Raichu|Fake Out|p2b: Beedrill
|-damage|p2b: Beedrill|78/100
|move|p1a: Garchomp|Earthquake|p2b: Beedrill|[spread] p1b,p2b
|-supereffective|p1b: Raichu|1
|-enditem|p1b: Raichu|Focus Sash
|-damage|p1b: Raichu|1/100
|-damage|p2b: Beedrill|0 fnt
|faint|p2b: Beedrill
|
|win|viatles
||Sehbaiii is ready for game 2.
|inactive|viatles has 30 seconds to confirm battle start!
