|j|☆gluondrive
|j|☆TheOgreVGC
|html|gluondriveTheOgreVGC    
|uhtml|bestof|Game 2 of a best-of-3
|t:|1783507773
|gametype|doubles
|player|p1|gluondrive|artist|
|player|p2|TheOgreVGC|#smogonxnpa2026draftee2|
|gen|9
|tier|[Gen 9 Champions] VGC 2026 Reg M-B (Bo3)
|rule|Species Clause: Limit one of each Pokémon
|rule|Item Clause: Limit 1 of each item
|clearpoke
|poke|p1|Swampert, L50, M|
|poke|p1|Pelipper, L50, M|
|poke|p1|Archaludon, L50, M|
|poke|p1|Venusaur, L50, M|
|poke|p1|Maushold-Four, L50|
|poke|p1|Gholdengo, L50|
|poke|p2|Delphox, L50, M|
|poke|p2|Incineroar, L50, F|
|poke|p2|Blastoise, L50, F|
|poke|p2|Sneasler, L50, F|
|poke|p2|Maushold-Four, L50|
|poke|p2|Sinistcha, L50|
|teampreview|4
|showteam|p1|Swampert||Swampertite|Torrent|WaveCrash,HighHorsepower,IcePunch,Protect|Adamant||M|||50|]Pelipper||SitrusBerry|Drizzle|WeatherBall,Hurricane,Tailwind,WideGuard|Modest||M|||50|]Archaludon||Leftovers|Stamina|ElectroShot,DragonPulse,FlashCannon,Protect|Calm||M|||50|]Venusaur||Venusaurite|Chlorophyll|GigaDrain,EarthPower,SludgeBomb,Protect|Modest||M|||50|]Maushold-Four||FocusSash|FriendGuard|FollowMe,SuperFang,RainDance,Protect|Timid|||||50|]Gholdengo||LifeOrb|GoodasGold|MakeItRain,ShadowBall,NastyPlot,Protect|Modest|||||50|
|showteam|p2|Delphox||Delphoxite|Blaze|HeatWave,Psyshock,NastyPlot,Protect|Timid||M|||50|]Incineroar||SitrusBerry|Intimidate|FlareBlitz,ThroatChop,PartingShot,FakeOut|Careful||F|||50|]Blastoise||Blastoisinite|Torrent|WaterSpout,DarkPulse,ShellSmash,Protect|Modest||F|||50|]Sneasler||FocusSash|PoisonTouch|FakeOut,CloseCombat,PoisonJab,QuickGuard|Jolly||F|||50|]Maushold-Four||ChopleBerry|FriendGuard|HelpingHand,Feint,FollowMe,Protect|Impish|||||50|]Sinistcha||KasibBerry|Hospitality|MatchaGotcha,RagePowder,LifeDew,Protect|Bold|||||50|
|
|t:|1783507838
|teamsize|p1|4
|teamsize|p2|4
|start
|switch|p1a: Archaludon|Archaludon, L50, M|100/100
|switch|p1b: Maushold|Maushold-Four, L50|100/100
|switch|p2a: Maushold|Maushold-Four, L50|100/100
|switch|p2b: Blastoise|Blastoise, L50, F|100/100
|turn|1
|
|t:|1783507852
|detailschange|p2b: Blastoise|Blastoise-Mega, L50, F
|-mega|p2b: Blastoise|Blastoise|Blastoisinite
|move|p2a: Maushold|Follow Me|p2a: Maushold
|-singleturn|p2a: Maushold|move: Follow Me
|move|p1b: Maushold|Rain Dance|p1b: Maushold
|-weather|RainDance
|move|p2b: Blastoise|Shell Smash|p2b: Blastoise
|-unboost|p2b: Blastoise|def|1
|-unboost|p2b: Blastoise|spd|1
|-boost|p2b: Blastoise|atk|2
|-boost|p2b: Blastoise|spa|2
|-boost|p2b: Blastoise|spe|2
|move|p1a: Archaludon|Electro Shot||[still]
|-prepare|p1a: Archaludon|Electro Shot
|-boost|p1a: Archaludon|spa|1
|-anim|p1a: Archaludon|Electro Shot|p2a: Maushold
|-damage|p2a: Maushold|41/100
|
|-weather|RainDance|[upkeep]
|upkeep
|turn|2
|
|t:|1783507872
|move|p1b: Maushold|Protect|p1b: Maushold
|-singleturn|p1b: Maushold|Protect
|move|p2a: Maushold|Follow Me|p2a: Maushold
|-singleturn|p2a: Maushold|move: Follow Me
|move|p2b: Blastoise|Water Spout|p1a: Archaludon|[spread] p1a
|-activate|p1b: Maushold|move: Protect
|-resisted|p1a: Archaludon|1
|-damage|p1a: Archaludon|29/100
|-ability|p1a: Archaludon|Stamina|boost
|-boost|p1a: Archaludon|def|1
|move|p1a: Archaludon|Electro Shot||[still]
|-prepare|p1a: Archaludon|Electro Shot
|-boost|p1a: Archaludon|spa|1
|-anim|p1a: Archaludon|Electro Shot|p2a: Maushold
|-damage|p2a: Maushold|0 fnt
|faint|p2a: Maushold
|
|-weather|RainDance|[upkeep]
|-heal|p1a: Archaludon|35/100|[from] item: Leftovers
|upkeep
|
|t:|1783507879
|switch|p2a: Sneasler|Sneasler, L50, F|100/100
|turn|3
|
|t:|1783507888
|move|p1a: Archaludon|Protect|p1a: Archaludon
|-singleturn|p1a: Archaludon|Protect
|move|p2b: Blastoise|Water Spout|p1a: Archaludon|[spread] p1b
|-activate|p1a: Archaludon|move: Protect
|-enditem|p1b: Maushold|Focus Sash
|-damage|p1b: Maushold|1/100
|move|p2a: Sneasler|Poison Jab|p1b: Maushold
|-damage|p1b: Maushold|0 fnt
|faint|p1b: Maushold
|
|-weather|RainDance|[upkeep]
|-heal|p1a: Archaludon|42/100|[from] item: Leftovers
|upkeep
|
|t:|1783507900
|switch|p1b: Venusaur|Venusaur, L50, M|100/100
|turn|4
|
|t:|1783507921
|detailschange|p1b: Venusaur|Venusaur-Mega, L50, M
|-mega|p1b: Venusaur|Venusaur|Venusaurite
|move|p2b: Blastoise|Protect|p2b: Blastoise
|-singleturn|p2b: Blastoise|Protect
|move|p2a: Sneasler|Close Combat|p1a: Archaludon
|-supereffective|p1a: Archaludon|1
|-damage|p1a: Archaludon|0 fnt
|-unboost|p2a: Sneasler|def|1
|-unboost|p2a: Sneasler|spd|1
|faint|p1a: Archaludon
|move|p1b: Venusaur|Giga Drain|p2b: Blastoise
|-activate|p2b: Blastoise|move: Protect
|
|-weather|RainDance|[upkeep]
|upkeep
|
|t:|1783507932
|switch|p1a: Pelipper|Pelipper, L50, M|100/100
|turn|5
|
|t:|1783507950
|move|p1b: Venusaur|Protect|p1b: Venusaur
|-singleturn|p1b: Venusaur|Protect
|move|p2b: Blastoise|Dark Pulse|p1b: Venusaur
|-activate|p1b: Venusaur|move: Protect
|move|p2a: Sneasler|Poison Jab|p1b: Venusaur
|-activate|p1b: Venusaur|move: Protect
|move|p1a: Pelipper|Hurricane|p2b: Blastoise
|-damage|p2b: Blastoise|35/100
|
|-weather|none
|upkeep
|turn|6
|
|t:|1783507967
|move|p2b: Blastoise|Dark Pulse|p1b: Venusaur
|-damage|p1b: Venusaur|25/100
|move|p2a: Sneasler|Poison Jab|p1b: Venusaur
|-damage|p1b: Venusaur|0 fnt
|faint|p1b: Venusaur
|move|p1a: Pelipper|Hurricane|p2a: Sneasler|[miss]
|-miss|p1a: Pelipper|p2a: Sneasler
|
|upkeep
|turn|7
|-message|gluondrive forfeited.
|
|win|TheOgreVGC
||gluondrive is ready for game 3.
||TheOgreVGC is ready for game 3.
|uhtml|next|Next: Game 3 of 3
