|j|☆Frakub
|j|☆thedrq
|html|Frakubthedrq    
|uhtml|bestof|Game 3 of a best-of-3
|t:|1784204527
|gametype|doubles
|player|p1|Frakub|acetrainer-gen4dp|1000
|player|p2|thedrq|169|1088
|gen|9
|tier|[Gen 9 Champions] VGC 2026 Reg M-B (Bo3)
|rated|
|rule|Species Clause: Limit one of each Pokémon
|rule|Item Clause: Limit 1 of each item
|clearpoke
|poke|p1|Mawile, L50, M|
|poke|p1|Torkoal, L50, F|
|poke|p1|Farigiraf, L50, F|
|poke|p1|Incineroar, L50, F|
|poke|p1|Sinistcha, L50|
|poke|p1|Kingambit, L50, M|
|poke|p2|Sableye, L50, M|
|poke|p2|Archaludon, L50, F|
|poke|p2|Garchomp, L50, M|
|poke|p2|Pelipper, L50, M|
|poke|p2|Swampert, L50, M|
|poke|p2|Charizard, L50, F|
|teampreview|4
|showteam|p1|Mawile||Mawilite|Intimidate|PlayRough,IronHead,RockSlide,Protect|Brave||M|||50|]Torkoal||Charcoal|Drought|Eruption,HeatWave,SolarBeam,Protect|Quiet||F|||50|]Farigiraf||SitrusBerry|ArmorTail|TwinBeam,Thunderbolt,HelpingHand,TrickRoom|Relaxed||F|||50|]Incineroar||PasshoBerry|Intimidate|FlareBlitz,ThroatChop,PartingShot,FakeOut|Relaxed||F|||50|]Sinistcha||OccaBerry|Hospitality|MatchaGotcha,RagePowder,TrickRoom,Protect|Bold|||||50|]Kingambit||BlackGlasses|Defiant|KowtowCleave,SuckerPunch,SwordsDance,Protect|Adamant||M|||50|
|showteam|p2|Sableye||LightClay|Prankster|LightScreen,FoulPlay,Quash,RainDance|Bold||M|||50|]Archaludon||Leftovers|Stamina|ElectroShot,DragonPulse,FlashCannon,Protect|Timid||F|||50|]Garchomp||ChoiceScarf|RoughSkin|DragonClaw,RockSlide,StompingTantrum,PoisonJab|Jolly||M|||50|]Pelipper||FocusSash|Drizzle|Hurricane,WeatherBall,Tailwind,WideGuard|Timid||M|||50|]Swampert||Swampertite|Torrent|WaveCrash,HighHorsepower,IceBeam,Protect|Lonely||M|||50|]Charizard||CharizarditeY|SolarPower|HeatWave,WeatherBall,SolarBeam,Protect|Timid||F|||50|
|inactive|Battle timer is ON: inactive players will automatically lose when time's up. (requested by Frakub)
|
|t:|1784204554
|teamsize|p1|4
|teamsize|p2|4
|start
|switch|p1a: Incineroar|Incineroar, L50, F|100/100
|switch|p1b: Farigiraf|Farigiraf, L50, F|100/100
|switch|p2a: Archaludon|Archaludon, L50, F|100/100
|switch|p2b: Pelipper|Pelipper, L50, M|100/100
|-weather|RainDance|[from] ability: Drizzle|[of] p2b: Pelipper
|-ability|p1a: Incineroar|Intimidate|boost
|-unboost|p2a: Archaludon|atk|1
|-unboost|p2b: Pelipper|atk|1
|turn|1
|
|t:|1784204564
|move|p1a: Incineroar|Fake Out|p2b: Pelipper
|-damage|p2b: Pelipper|85/100
|move|p2a: Archaludon|Electro Shot||[still]
|-prepare|p2a: Archaludon|Electro Shot
|-boost|p2a: Archaludon|spa|1
|-anim|p2a: Archaludon|Electro Shot|p1b: Farigiraf
|-damage|p1b: Farigiraf|37/100
|-enditem|p1b: Farigiraf|Sitrus Berry|[eat]
|-heal|p1b: Farigiraf|62/100|[from] item: Sitrus Berry
|cant|p2b: Pelipper|flinch
|move|p1b: Farigiraf|Trick Room|p1b: Farigiraf
|-fieldstart|move: Trick Room|[of] p1b: Farigiraf
|
|-weather|RainDance|[upkeep]
|upkeep
|turn|2
|
|t:|1784204589
|switch|p2b: Garchomp|Garchomp, L50, M|100/100
|move|p1a: Incineroar|Parting Shot|p2a: Archaludon
|-unboost|p2a: Archaludon|atk|1
|-unboost|p2a: Archaludon|spa|1
|
|t:|1784204595
|switch|p1a: Torkoal|Torkoal, L50, F|100/100|[from] Parting Shot
|-weather|SunnyDay|[from] ability: Drought|[of] p1a: Torkoal
|move|p1b: Farigiraf|Thunderbolt|p2b: Garchomp
|-immune|p2b: Garchomp
|move|p2a: Archaludon|Dragon Pulse|p1a: Torkoal
|-damage|p1a: Torkoal|40/100
|
|-weather|SunnyDay|[upkeep]
|upkeep
|turn|3
|
|t:|1784204608
|move|p1b: Farigiraf|Helping Hand|p1a: Torkoal
|-singleturn|p1a: Torkoal|Helping Hand|[of] p1b: Farigiraf
|move|p2a: Archaludon|Protect|p2a: Archaludon
|-singleturn|p2a: Archaludon|Protect
|move|p1a: Torkoal|Heat Wave|p2b: Garchomp|[spread] 
|-activate|p2a: Archaludon|move: Protect
|-miss|p1a: Torkoal|p2b: Garchomp
|move|p2b: Garchomp|Stomping Tantrum|p1a: Torkoal
|-supereffective|p1a: Torkoal|1
|-damage|p1a: Torkoal|0 fnt
|faint|p1a: Torkoal
|
|-weather|SunnyDay|[upkeep]
|upkeep
|
|t:|1784204613
|switch|p1a: Mawile|Mawile, L50, M|100/100
|-ability|p1a: Mawile|Intimidate|boost
|-unboost|p2a: Archaludon|atk|1
|-unboost|p2b: Garchomp|atk|1
|turn|4
|
|t:|1784204636
|switch|p2b: Pelipper|Pelipper, L50, M|85/100
|-weather|RainDance|[from] ability: Drizzle|[of] p2b: Pelipper
|detailschange|p1a: Mawile|Mawile-Mega, L50, M
|-mega|p1a: Mawile|Mawile|Mawilite
|move|p1b: Farigiraf|Helping Hand|p1a: Mawile
|-singleturn|p1a: Mawile|Helping Hand|[of] p1b: Farigiraf
|move|p1a: Mawile|Play Rough|p2a: Archaludon
|-damage|p2a: Archaludon|0 fnt
|faint|p2a: Archaludon
|
|-weather|RainDance|[upkeep]
|upkeep
|
|t:|1784204650
|switch|p2a: Charizard|Charizard, L50, F|100/100
|turn|5
|
|t:|1784204665
|detailschange|p2a: Charizard|Charizard-Mega-Y, L50, F
|-mega|p2a: Charizard|Charizard|Charizardite Y
|-weather|SunnyDay|[from] ability: Drought|[of] p2a: Charizard
|move|p1a: Mawile|Rock Slide|p2b: Pelipper|[spread] p2a
|-miss|p1a: Mawile|p2b: Pelipper
|-supereffective|p2a: Charizard|2
|-damage|p2a: Charizard|0 fnt
|faint|p2a: Charizard
|move|p1b: Farigiraf|Thunderbolt|p2b: Pelipper
|-supereffective|p2b: Pelipper|2
|-damage|p2b: Pelipper|0 fnt
|faint|p2b: Pelipper
|
|-weather|SunnyDay|[upkeep]
|-fieldend|move: Trick Room
|upkeep
|
|t:|1784204678
|switch|p2b: Garchomp|Garchomp, L50, M|100/100
|turn|6
|
|t:|1784204685
|switch|p1a: Incineroar|Incineroar, L50, F|100/100
|-ability|p1a: Incineroar|Intimidate|boost
|-unboost|p2b: Garchomp|atk|1
|move|p2b: Garchomp|Stomping Tantrum|p1a: Incineroar
|-supereffective|p1a: Incineroar|1
|-damage|p1a: Incineroar|58/100
|move|p1b: Farigiraf|Trick Room|p1b: Farigiraf
|-fieldstart|move: Trick Room|[of] p1b: Farigiraf
|
|-weather|SunnyDay|[upkeep]
|upkeep
|turn|7
|-message|thedrq forfeited.
|
|win|Frakub
|raw|Frakub's rating: 1000 → 1050(+50 for winning)
|raw|thedrq's rating: 1088 → 1059(-29 for losing)
|l|☆thedrq
|player|p2|
