|j|☆washingtongargacha
|j|☆SeedDengoTesting
|html|washingtongargachaSeedDengoTesting    
|uhtml|bestof|Game 2 of a best-of-3
|t:|1757200790
|gametype|doubles
|player|p1|washingtongargacha|169|1122
|player|p2|SeedDengoTesting|birdkeeper-gen4dp|1153
|gen|9
|tier|[Gen 9] VGC 2025 Reg H (Bo3)
|rated|
|rule|Species Clause: Limit one of each Pokémon
|rule|Item Clause: Limit 1 of each item
|clearpoke
|poke|p1|Lilligant-Hisui, L50, F|
|poke|p1|Hatterene, L50, F|
|poke|p1|Ursaluna, L50, F|
|poke|p1|Indeedee-F, L50, F|
|poke|p1|Torkoal, L50, M|
|poke|p1|Gallade, L50, M|
|poke|p2|Gholdengo, L50|
|poke|p2|Sneasler, L50, M|
|poke|p2|Rillaboom, L50, M|
|poke|p2|Dragonite, L50, F|
|poke|p2|Ninetales-Alola, L50, M|
|poke|p2|Arcanine-Hisui, L50, F|
|teampreview|4
|showteam|p1|Lilligant-Hisui||FocusSash|Chlorophyll|TripleAxel,AfterYou,CloseCombat,SleepPowder|||F|||50|,,,,,Ghost]Hatterene||CovertCloak|MagicBounce|DazzlingGleam,ExpandingForce,TrickRoom,MysticalFire|||F|||50|,,,,,Fire]Ursaluna||FlameOrb|Guts|Facade,HeadlongRush,Earthquake,Protect|||F|||50|,,,,,Ghost]Indeedee-F||PsychicSeed|PsychicSurge|Psychic,TrickRoom,HelpingHand,FollowMe|||F|||50|,,,,,Dragon]Torkoal||FlamePlate|Drought|Eruption,WeatherBall,HeatWave,Protect|||M|||50|,,,,,Fire]Gallade||ClearAmulet|Sharpness|PsychoCut,SacredSword,TrickRoom,WideGuard|||M|||50|,,,,,Grass
|showteam|p2|Gholdengo||GrassySeed|GoodasGold|NastyPlot,MakeItRain,ShadowBall,Protect||||||50|,,,,,Water]Sneasler||WhiteHerb|Unburden|CloseCombat,DireClaw,Coaching,Protect|||M|||50|,,,,,Ghost]Rillaboom||AssaultVest|GrassySurge|FakeOut,GrassyGlide,DrumBeating,HighHorsepower|||M|||50|,,,,,Fire]Dragonite||LoadedDice|Multiscale|ScaleShot,StompingTantrum,Tailwind,Protect|||F|||50|,,,,,Ground]Ninetales-Alola||FocusSash|SnowWarning|Blizzard,IcyWind,Encore,AuroraVeil|||M|||50|,,,,,Ghost]Arcanine-Hisui||ClearAmulet|Intimidate|RockSlide,FlareBlitz,ExtremeSpeed,Protect|||F|||50|,,,,,Water
|
|t:|1757200827
|teamsize|p1|4
|teamsize|p2|4
|start
|switch|p1a: Hatterene|Hatterene, L50, F|100/100
|switch|p1b: Indeedee|Indeedee-F, L50, F|100/100
|switch|p2a: Gholdengo|Gholdengo, L50|100/100
|switch|p2b: Rillaboom|Rillaboom, L50, M|100/100
|-fieldstart|move: Grassy Terrain|[from] ability: Grassy Surge|[of] p2b: Rillaboom
|-enditem|p2a: Gholdengo|Grassy Seed
|-boost|p2a: Gholdengo|def|1|[from] item: Grassy Seed
|-fieldstart|move: Psychic Terrain|[from] ability: Psychic Surge|[of] p1b: Indeedee
|-enditem|p1b: Indeedee|Psychic Seed
|-boost|p1b: Indeedee|spd|1|[from] item: Psychic Seed
|turn|1
|
|t:|1757200850
|switch|p2b: Arcanine|Arcanine-Hisui, L50, F|100/100
|-ability|p2b: Arcanine|Intimidate|boost
|-unboost|p1a: Hatterene|atk|1
|-unboost|p1b: Indeedee|atk|1
|-terastallize|p2a: Gholdengo|Water
|-terastallize|p1a: Hatterene|Fire
|move|p1b: Indeedee|Follow Me|p1b: Indeedee
|-singleturn|p1b: Indeedee|move: Follow Me
|move|p2a: Gholdengo|Nasty Plot|p2a: Gholdengo
|-boost|p2a: Gholdengo|spa|2
|move|p1a: Hatterene|Trick Room|p1a: Hatterene
|-fieldstart|move: Trick Room|[of] p1a: Hatterene
|
|upkeep
|turn|2
|
|t:|1757200871
|switch|p2b: Rillaboom|Rillaboom, L50, M|100/100
|-fieldstart|move: Grassy Terrain|[from] ability: Grassy Surge|[of] p2b: Rillaboom
|move|p1b: Indeedee|Helping Hand|p1a: Hatterene
|-singleturn|p1a: Hatterene|Helping Hand|[of] p1b: Indeedee
|move|p1a: Hatterene|Expanding Force|p2a: Gholdengo
|-damage|p2a: Gholdengo|30/100
|move|p2a: Gholdengo|Nasty Plot|p2a: Gholdengo
|-boost|p2a: Gholdengo|spa|2
|
|-heal|p2a: Gholdengo|36/100|[from] Grassy Terrain
|upkeep
|turn|3
|
|t:|1757200920
|move|p2b: Rillaboom|Fake Out|p1a: Hatterene
|-damage|p1a: Hatterene|85/100
|move|p1b: Indeedee|Follow Me|p1b: Indeedee
|-singleturn|p1b: Indeedee|move: Follow Me
|move|p1a: Hatterene|Expanding Force|p2a: Gholdengo
|-damage|p2a: Gholdengo|0 fnt
|faint|p2a: Gholdengo
|
|-heal|p1a: Hatterene|91/100|[from] Grassy Terrain
|upkeep
|
|t:|1757200930
|switch|p2a: Arcanine|Arcanine-Hisui, L50, F|100/100
|-ability|p2a: Arcanine|Intimidate|boost
|-unboost|p1a: Hatterene|atk|1
|-unboost|p1b: Indeedee|atk|1
|turn|4
|
|t:|1757200937
|move|p2b: Rillaboom|High Horsepower|p1a: Hatterene
|-supereffective|p1a: Hatterene
|-damage|p1a: Hatterene|22/100
|move|p2a: Arcanine|Rock Slide|p1a: Hatterene|[spread] p1b
|-miss|p2a: Arcanine|p1a: Hatterene
|-crit|p1b: Indeedee
|-damage|p1b: Indeedee|60/100
|move|p1a: Hatterene|Trick Room|p1a: Hatterene
|-fieldend|move: Trick Room
|move|p1b: Indeedee|Trick Room|p1b: Indeedee
|-fieldstart|move: Trick Room|[of] p1b: Indeedee
|
|-heal|p1a: Hatterene|29/100|[from] Grassy Terrain
|-heal|p1b: Indeedee|66/100|[from] Grassy Terrain
|upkeep
|turn|5
|
|t:|1757200954
|move|p1b: Indeedee|Helping Hand|p1a: Hatterene
|-singleturn|p1a: Hatterene|Helping Hand|[of] p1b: Indeedee
|move|p1a: Hatterene|Expanding Force|p2b: Rillaboom
|-damage|p2b: Rillaboom|43/100
|move|p2b: Rillaboom|High Horsepower|p1a: Hatterene
|-supereffective|p1a: Hatterene
|-damage|p1a: Hatterene|0 fnt
|faint|p1a: Hatterene
|move|p2a: Arcanine|Rock Slide|p1b: Indeedee
|-damage|p1b: Indeedee|32/100
|
|-heal|p1b: Indeedee|38/100|[from] Grassy Terrain
|-heal|p2b: Rillaboom|49/100|[from] Grassy Terrain
|upkeep
|
|t:|1757200967
|switch|p1a: Torkoal|Torkoal, L50, M|100/100
|-weather|SunnyDay|[from] ability: Drought|[of] p1a: Torkoal
|turn|6
|
|t:|1757200981
|switch|p2b: Ninetales|Ninetales-Alola, L50, M|100/100
|-weather|Snowscape|[from] ability: Snow Warning|[of] p2b: Ninetales
|move|p1a: Torkoal|Eruption|p2b: Ninetales|[spread] p2a,p2b
|-resisted|p2a: Arcanine
|-supereffective|p2b: Ninetales
|-damage|p2a: Arcanine|83/100
|-enditem|p2b: Ninetales|Focus Sash
|-damage|p2b: Ninetales|1/100
|move|p1b: Indeedee|Psychic|p2a: Arcanine
|-damage|p2a: Arcanine|44/100
|move|p2a: Arcanine|Rock Slide|p1b: Indeedee|[spread] p1a,p1b
|-supereffective|p1a: Torkoal
|-damage|p1a: Torkoal|62/100
|-damage|p1b: Indeedee|12/100
|
|-weather|Snowscape|[upkeep]
|-heal|p1a: Torkoal|68/100|[from] Grassy Terrain
|-heal|p1b: Indeedee|19/100|[from] Grassy Terrain
|-heal|p2a: Arcanine|50/100|[from] Grassy Terrain
|-heal|p2b: Ninetales|7/100|[from] Grassy Terrain
|-fieldend|move: Grassy Terrain
|upkeep
|turn|7
|
|t:|1757201019
|move|p1a: Torkoal|Eruption|p2a: Arcanine|[spread] p2a,p2b
|-resisted|p2a: Arcanine
|-supereffective|p2b: Ninetales
|-damage|p2a: Arcanine|39/100
|-damage|p2b: Ninetales|0 fnt
|faint|p2b: Ninetales
|move|p1b: Indeedee|Psychic|p2a: Arcanine
|-damage|p2a: Arcanine|2/100
|move|p2a: Arcanine|Rock Slide|p1a: Torkoal|[spread] p1a,p1b
|-supereffective|p1a: Torkoal
|-damage|p1a: Torkoal|26/100
|-damage|p1b: Indeedee|0 fnt
|faint|p1b: Indeedee
|
|-weather|Snowscape|[upkeep]
|upkeep
|
|t:|1757201030
|switch|p1b: Ursaluna|Ursaluna, L50, F|100/100
|switch|p2b: Rillaboom|Rillaboom, L50, M|49/100
|-fieldstart|move: Grassy Terrain|[from] ability: Grassy Surge|[of] p2b: Rillaboom
|turn|8
|
|t:|1757201052
|move|p2a: Arcanine|Protect|p2a: Arcanine
|-singleturn|p2a: Arcanine|Protect
|move|p2b: Rillaboom|Fake Out|p1a: Torkoal
|-damage|p1a: Torkoal|17/100
|cant|p1a: Torkoal|flinch
|move|p1b: Ursaluna|Facade|p2b: Rillaboom
|-damage|p2b: Rillaboom|9/100
|
|-weather|Snowscape|[upkeep]
|-heal|p1a: Torkoal|23/100|[from] Grassy Terrain
|-heal|p2b: Rillaboom|15/100|[from] Grassy Terrain
|-heal|p2a: Arcanine|8/100|[from] Grassy Terrain
|-fieldend|move: Trick Room
|-status|p1b: Ursaluna|brn|[from] item: Flame Orb
|upkeep
|turn|9
|
|t:|1757201067
|move|p2a: Arcanine|Rock Slide|p1b: Ursaluna|[spread] p1a
|-miss|p2a: Arcanine|p1b: Ursaluna
|-supereffective|p1a: Torkoal
|-damage|p1a: Torkoal|0 fnt
|faint|p1a: Torkoal
|move|p2b: Rillaboom|Drum Beating|p1b: Ursaluna
|-supereffective|p1b: Ursaluna
|-damage|p1b: Ursaluna|31/100 brn
|-unboost|p1b: Ursaluna|spe|1
|move|p1b: Ursaluna|Earthquake|p2a: Arcanine|[spread] p2a,p2b
|-supereffective|p2a: Arcanine
|-resisted|p2b: Rillaboom
|-damage|p2a: Arcanine|0 fnt
|-damage|p2b: Rillaboom|0 fnt
|faint|p2a: Arcanine
|faint|p2b: Rillaboom
|
|win|washingtongargacha
