|j|☆escapadian
|j|☆DrCups
|html|escapadianDrCups    
|uhtml|bestof|Game 1 of a best-of-3
|t:|1784075108
|gametype|doubles
|player|p1|escapadian|rocketgruntf|1201
|player|p2|DrCups|266|1163
|gen|9
|tier|[Gen 9 Champions] VGC 2026 Reg M-B (Bo3)
|rated|
|rule|Species Clause: Limit one of each Pokémon
|rule|Item Clause: Limit 1 of each item
|clearpoke
|poke|p1|Floette-Eternal, L50, F|
|poke|p1|Whimsicott, L50, F|
|poke|p1|Basculegion, L50, M, shiny|
|poke|p1|Charizard, L50, M|
|poke|p1|Garchomp, L50, M|
|poke|p1|Kingambit, L50, F|
|poke|p2|Staraptor, L50, M|
|poke|p2|Houndstone, L50, M|
|poke|p2|Tyranitar, L50, M|
|poke|p2|Rotom-Wash, L50|
|poke|p2|Excadrill, L50, M|
|poke|p2|Venusaur, L50, M|
|teampreview|4
|showteam|p1|Floette-Eternal||Floettite|FlowerVeil|Moonblast,DazzlingGleam,LightofRuin,Protect|Timid||F|||50|]Whimsicott||FocusSash|Prankster|Moonblast,Tailwind,Encore,Protect|Timid||F|||50|]Basculegion||MysticWater|Adaptability|WaveCrash,LastRespects,AquaJet,Protect|Adamant||M|||50|]Charizard||CharizarditeY|Blaze|HeatWave,WeatherBall,SolarBeam,Protect|Modest||M|||50|]Garchomp||LifeOrb|RoughSkin|DragonClaw,Protect,RockSlide,Earthquake|Jolly||M|||50|]Kingambit||BlackGlasses|Defiant|KowtowCleave,IronHead,SuckerPunch,Protect|Adamant||F|||50|
|showteam|p2|Staraptor||Staraptite|Intimidate|BraveBird,CloseCombat,Tailwind,Protect|Jolly||M|||50|]Houndstone||SitrusBerry|SandRush|LastRespects,WillOWisp,AllySwitch,Protect|Adamant||M|||50|]Tyranitar||ChoiceScarf|SandStream|RockSlide,KnockOff,IcePunch,LowKick|Jolly||M|||50|]Rotom-Wash||Magnet|Levitate|HydroPump,Thunderbolt,VoltSwitch,Protect|Modest|||||50|]Excadrill||FocusSash|SandRush|Earthquake,IronHead,RockSlide,Protect|Adamant||M|||50|]Venusaur||Venusaurite|Chlorophyll|SludgeBomb,EarthPower,SleepPowder,Protect|Modest||M|||50|
|
|t:|1784075164
|teamsize|p1|4
|teamsize|p2|4
|start
|switch|p1a: Whimsicott|Whimsicott, L50, F|100/100
|switch|p1b: Garchomp|Garchomp, L50, M|100/100
|switch|p2a: Venusaur|Venusaur, L50, M|100/100
|switch|p2b: Rotom|Rotom-Wash, L50|100/100
|turn|1
|
|t:|1784075206
|detailschange|p2a: Venusaur|Venusaur-Mega, L50, M
|-mega|p2a: Venusaur|Venusaur|Venusaurite
|move|p1b: Garchomp|Protect|p1b: Garchomp
|-singleturn|p1b: Garchomp|Protect
|move|p1a: Whimsicott|Tailwind|p1a: Whimsicott
|-sidestart|p1: escapadian|move: Tailwind
|move|p2a: Venusaur|Sludge Bomb|p1a: Whimsicott
|-supereffective|p1a: Whimsicott|2
|-enditem|p1a: Whimsicott|Focus Sash
|-damage|p1a: Whimsicott|1/100
|move|p2b: Rotom|Volt Switch|p1b: Garchomp
|-activate|p1b: Garchomp|move: Protect
|
|upkeep
|turn|2
|
|t:|1784075240
|switch|p1a: Charizard|Charizard, L50, M|100/100
|move|p1b: Garchomp|Earthquake|p2a: Venusaur|[spread] p2a
|-immune|p1a: Charizard
|-immune|p2b: Rotom|[from] ability: Levitate
|-damage|p2a: Venusaur|57/100
|-damage|p1b: Garchomp|90/100|[from] item: Life Orb
|move|p2a: Venusaur|Sleep Powder|p1b: Garchomp
|-status|p1b: Garchomp|slp|[from] move: Sleep Powder
|move|p2b: Rotom|Volt Switch|p1a: Charizard
|-supereffective|p1a: Charizard|1
|-damage|p1a: Charizard|7/100
|
|t:|1784075255
|switch|p2b: Tyranitar|Tyranitar, L50, M|100/100|[from] Volt Switch
|-weather|Sandstorm|[from] ability: Sand Stream|[of] p2b: Tyranitar
|
|-weather|Sandstorm|[upkeep]
|-damage|p1a: Charizard|1/100|[from] Sandstorm
|-damage|p2a: Venusaur|51/100|[from] Sandstorm
|upkeep
|turn|3
|
|t:|1784075274
|switch|p2b: Rotom|Rotom-Wash, L50|100/100
|detailschange|p1a: Charizard|Charizard-Mega-Y, L50, M
|-mega|p1a: Charizard|Charizard|Charizardite Y
|-weather|SunnyDay|[from] ability: Drought|[of] p1a: Charizard
|cant|p1b: Garchomp|slp
|move|p1a: Charizard|Solar Beam||[still]
|-prepare|p1a: Charizard|Solar Beam
|-anim|p1a: Charizard|Solar Beam|p2b: Rotom
|-supereffective|p2b: Rotom|1
|-damage|p2b: Rotom|0 fnt
|faint|p2b: Rotom
|move|p2a: Venusaur|Earth Power|p1b: Garchomp
|-damage|p1b: Garchomp|55/100 slp
|
|-weather|SunnyDay|[upkeep]
|upkeep
|
|t:|1784075298
|switch|p2b: Houndstone|Houndstone, L50, M|100/100
|turn|4
|
|t:|1784075318
|switch|p1a: Whimsicott|Whimsicott, L50, F|1/100
|switch|p2b: Tyranitar|Tyranitar, L50, M|100/100
|-weather|Sandstorm|[from] ability: Sand Stream|[of] p2b: Tyranitar
|move|p2a: Venusaur|Protect|p2a: Venusaur
|-singleturn|p2a: Venusaur|Protect
|cant|p1b: Garchomp|slp
|
|-weather|Sandstorm|[upkeep]
|-damage|p1a: Whimsicott|0 fnt|[from] Sandstorm
|-damage|p2a: Venusaur|45/100|[from] Sandstorm
|faint|p1a: Whimsicott
|-sideend|p1: escapadian|move: Tailwind
|upkeep
|
|t:|1784075334
|switch|p1a: Basculegion|Basculegion, L50, M, shiny|100/100
|turn|5
|l|☆DrCups
|player|p2|
|j|☆DrCups
|player|p2|DrCups|266|
|
|t:|1784075372
|switch|p1a: Charizard|Charizard-Mega-Y, L50, M|1/100
|-weather|SunnyDay|[from] ability: Drought|[of] p1a: Charizard
|move|p2b: Tyranitar|Knock Off|p1a: Charizard
|-crit|p1a: Charizard
|-damage|p1a: Charizard|0 fnt
|faint|p1a: Charizard
|-curestatus|p1b: Garchomp|slp|[msg]
|move|p1b: Garchomp|Earthquake|p2b: Tyranitar|[spread] p2a,p2b
|-supereffective|p2b: Tyranitar|1
|-damage|p2a: Venusaur|7/100
|-damage|p2b: Tyranitar|1/100
|-damage|p1b: Garchomp|45/100|[from] item: Life Orb
|move|p2a: Venusaur|Sleep Powder|p1b: Garchomp
|-status|p1b: Garchomp|slp|[from] move: Sleep Powder
|
|-weather|SunnyDay|[upkeep]
|upkeep
|
|t:|1784075387
|switch|p1a: Basculegion|Basculegion, L50, M, shiny|100/100
|turn|6
|
|t:|1784075415
|switch|p2b: Houndstone|Houndstone, L50, M|100/100
|move|p2a: Venusaur|Protect|p2a: Venusaur
|-singleturn|p2a: Venusaur|Protect
|move|p1a: Basculegion|Aqua Jet|p2b: Houndstone
|-damage|p2b: Houndstone|85/100
|cant|p1b: Garchomp|slp
|
|-weather|SunnyDay|[upkeep]
|upkeep
|turn|7
|
|t:|1784075438
|switch|p2a: Tyranitar|Tyranitar, L50, M|1/100
|-weather|Sandstorm|[from] ability: Sand Stream|[of] p2a: Tyranitar
|move|p2b: Houndstone|Last Respects|p1a: Basculegion
|-supereffective|p1a: Basculegion|1
|-crit|p1a: Basculegion
|-damage|p1a: Basculegion|0 fnt
|faint|p1a: Basculegion
|cant|p1b: Garchomp|slp
|
|-weather|Sandstorm|[upkeep]
|upkeep
|turn|8
|-message|escapadian forfeited.
|
|win|DrCups
||escapadian is ready for game 2.
||DrCups is ready for game 2.
|uhtml|next|Next: Game 2 of 3
|l|☆DrCups
|player|p2|
