|j|☆Linkmasterjr
|j|☆jonathan53332
|html|Linkmasterjrjonathan53332    
|uhtml|bestof|Game 2 of a best-of-3
|t:|1782463729
|gametype|doubles
|player|p1|Linkmasterjr|265|
|player|p2|jonathan53332|266|
|gen|9
|tier|[Gen 9 Champions] VGC 2026 Reg M-B (Bo3)
|rule|Species Clause: Limit one of each Pokémon
|rule|Item Clause: Limit 1 of each item
|clearpoke
|poke|p1|Raichu, L50, F|
|poke|p1|Staraptor, L50, F|
|poke|p1|Grimmsnarl, L50, M, shiny|
|poke|p1|Scizor, L50, M|
|poke|p1|Archaludon, L50, F|
|poke|p1|Gengar, L50, M, shiny|
|poke|p2|Primarina, L50, F|
|poke|p2|Sinistcha-Masterpiece, L50, shiny|
|poke|p2|Pelipper, L50, F|
|poke|p2|Meganium, L50, M, shiny|
|poke|p2|Excadrill, L50, M|
|poke|p2|Golurk, L50|
|teampreview|4
|showteam|p1|Raichu||RaichuniteY|LightningRod|ZapCannon,FocusBlast,AlluringVoice,FakeOut|Hasty||F|||50|]Staraptor||Staraptite|Intimidate|CloseCombat,Tailwind,BraveBird,Protect|Jolly||F|||50|]Grimmsnarl||LightClay|Prankster|Crunch,Reflect,PartingShot,SpiritBreak|Careful||M|||50|]Scizor||MuscleBand|Technician|CloseCombat,SwordsDance,Tailwind,DualWingbeat|Adamant||M|||50|]Archaludon||SitrusBerry|Stamina|FlashCannon,ElectroShot,AuraSphere,Protect|Timid||F|||50|]Gengar||Gengarite|CursedBody|SludgeWave,ShadowBall,Thunderbolt,Protect|Timid||M|||50|
|showteam|p2|Primarina||Leftovers|LiquidVoice|HyperVoice,Blizzard,PerishSong,ShadowBall|Modest||F|||50|]Sinistcha-Masterpiece||SitrusBerry|Hospitality|MatchaGotcha,StrengthSap,ShadowBall,Scald|Modest|||||50|]Pelipper||FocusSash|Drizzle|Hurricane,WideGuard,IcyWind,Tailwind|Modest||F|||50|]Meganium||Meganiumite|LeafGuard|WeatherBall,SolarBeam,DazzlingGleam,Synthesis|Timid||M|||50|]Excadrill||Excadrite|SandRush|Earthquake,IronHead,BrickBreak,Protect|Jolly||M|||50|]Golurk||Golurkite|NoGuard|DynamicPunch,ThunderPunch,HeadlongRush,Poltergeist|Adamant|||||50|
|
|t:|1782463780
|teamsize|p1|4
|teamsize|p2|4
|start
|switch|p1a: Scizor|Scizor, L50, M|100/100
|switch|p1b: Raichu|Raichu, L50, F|100/100
|switch|p2a: Pelipper|Pelipper, L50, F|100/100
|switch|p2b: Meganium|Meganium, L50, M, shiny|100/100
|-weather|RainDance|[from] ability: Drizzle|[of] p2a: Pelipper
|turn|1
|
|t:|1782463810
|switch|p2a: Excadrill|Excadrill, L50, M|100/100
|detailschange|p2b: Meganium|Meganium-Mega, L50, M, shiny
|-mega|p2b: Meganium|Meganium|Meganiumite
|move|p1b: Raichu|Fake Out|p2b: Meganium
|-damage|p2b: Meganium|91/100
|cant|p2b: Meganium|flinch
|move|p1a: Scizor|Tailwind|p1a: Scizor
|-sidestart|p1: Linkmasterjr|move: Tailwind
|
|-weather|RainDance|[upkeep]
|upkeep
|turn|2
|
|t:|1782463832
|switch|p1b: Staraptor|Staraptor, L50, F|100/100
|-ability|p1b: Staraptor|Intimidate|boost
|-unboost|p2a: Excadrill|atk|1
|-unboost|p2b: Meganium|atk|1
|move|p1a: Scizor|Dual Wingbeat|p2b: Meganium
|-supereffective|p2b: Meganium|1
|-crit|p2b: Meganium
|-damage|p2b: Meganium|15/100
|-supereffective|p2b: Meganium|1
|-damage|p2b: Meganium|0 fnt
|faint|p2b: Meganium
|-hitcount|p2: Meganium|2
|move|p2a: Excadrill|Earthquake|p1b: Staraptor|[spread] p1a
|-immune|p1b: Staraptor
|-damage|p1a: Scizor|74/100
|
|-weather|RainDance|[upkeep]
|upkeep
|
|t:|1782463842
|switch|p2b: Golurk|Golurk, L50|100/100
|turn|3
|
|t:|1782463851
|move|p1b: Staraptor|Protect|p1b: Staraptor
|-singleturn|p1b: Staraptor|Protect
|move|p2a: Excadrill|Protect|p2a: Excadrill
|-singleturn|p2a: Excadrill|Protect
|move|p1a: Scizor|Swords Dance|p1a: Scizor
|-boost|p1a: Scizor|atk|2
|move|p2b: Golurk|Dynamic Punch|p1b: Staraptor
|-activate|p1b: Staraptor|move: Protect
|
|-weather|RainDance|[upkeep]
|upkeep
|turn|4
|
|t:|1782463869
|move|p1b: Staraptor|Close Combat|p2a: Excadrill
|-supereffective|p2a: Excadrill|1
|-damage|p2a: Excadrill|0 fnt
|-unboost|p1b: Staraptor|def|1
|-unboost|p1b: Staraptor|spd|1
|faint|p2a: Excadrill
|move|p1a: Scizor|Dual Wingbeat|p2b: Golurk
|-damage|p2b: Golurk|47/100
|-damage|p2b: Golurk|0 fnt
|faint|p2b: Golurk
|-hitcount|p2: Golurk|2
|
|-weather|RainDance|[upkeep]
|-sideend|p1: Linkmasterjr|move: Tailwind
|upkeep
|
|t:|1782463878
|switch|p2b: Pelipper|Pelipper, L50, F|100/100
|turn|5
|
|t:|1782463883
|move|p1b: Staraptor|Brave Bird|p2b: Pelipper
|-damage|p2b: Pelipper|19/100
|-damage|p1b: Staraptor|77/100|[from] Recoil
|move|p2b: Pelipper|Hurricane|p1b: Staraptor
|-damage|p1b: Staraptor|0 fnt
|faint|p1b: Staraptor
|move|p1a: Scizor|Dual Wingbeat|p2b: Pelipper
|-damage|p2b: Pelipper|0 fnt
|faint|p2b: Pelipper
|-hitcount|p2: Pelipper|1
|
|win|Linkmasterjr
