|j|☆132acb
|j|‽Atrix MJ
|html|132acbAtrix MJ    
|uhtml|bestof|Game 2 of a best-of-3
|t:|1757729306
|gametype|doubles
|player|p1|132acb|nate|1223
|player|p2|Atrix MJ|miku-fire|1311
|gen|9
|tier|[Gen 9] VGC 2025 Reg H (Bo3)
|rated|
|rule|Species Clause: Limit one of each Pokémon
|rule|Item Clause: Limit 1 of each item
|clearpoke
|poke|p1|Indeedee, L50, M|
|poke|p1|Magmar, L50, F|
|poke|p1|Corviknight, L50, M|
|poke|p1|Sneasler, L50, F|
|poke|p1|Tyranitar, L50, F|
|poke|p1|Excadrill, L50, M|
|poke|p2|Volcarona, L50, F|
|poke|p2|Incineroar, L50, F|
|poke|p2|Rillaboom, L50, F|
|poke|p2|Sneasler, L50, M|
|poke|p2|Dragonite, L50, F|
|poke|p2|Kingambit, L50, F|
|teampreview|4
|showteam|p1|Indeedee||ChoiceScarf|PsychicSurge|ExpandingForce,TeraBlast,Trick,Protect|||M|||50|,,,,,Psychic]Magmar||Eviolite|VitalSpirit|HeatWave,FollowMe,HelpingHand,Protect|||F|||50|,,,,,Flying]Corviknight||PsychicSeed|MirrorArmor|BraveBird,PowerTrip,BulkUp,Roost|||M|||50|,,,,,Water]Sneasler||WhiteHerb|Unburden|CloseCombat,DireClaw,FakeOut,Coaching|||F|||50|,,,,,Flying]Tyranitar||AssaultVest|SandStream|RockSlide,KnockOff,LowKick,TeraBlast|||F|||50|,,,,,Flying]Excadrill||FocusSash|SandRush|Earthquake,IronHead,SwordsDance,Protect|||M|||50|,,,,,Ground
|showteam|p2|Volcarona||CovertCloak|FlameBody|HeatWave,TeraBlast,QuiverDance,Protect|||F|||50|,,,,,Fairy]Incineroar||SitrusBerry|Intimidate|FlareBlitz,KnockOff,FakeOut,Uturn|||F|||50|,,,,,Water]Rillaboom||AssaultVest|GrassySurge|GrassyGlide,FakeOut,Uturn,WoodHammer|||F|||50|,,,,,Fire]Sneasler||GrassySeed|Unburden|DireClaw,Acrobatics,CloseCombat,Protect|||M|||50|,,,,,Stellar]Dragonite||LoadedDice|Multiscale|ScaleShot,LowKick,Haze,Protect|||F|||50|,,,,,Fairy]Kingambit||SafetyGoggles|Defiant|SuckerPunch,KowtowCleave,SwordsDance,Protect|||F|||50|,,,,,Ghost
|inactive|Battle timer is ON: inactive players will automatically lose when time's up. (requested by Atrix MJ)
|inactive|132acb has 60 seconds left.
|
|t:|1757729357
|teamsize|p1|4
|teamsize|p2|4
|start
|switch|p1a: Sneasler|Sneasler, L50, F|100/100
|switch|p1b: Tyranitar|Tyranitar, L50, F|100/100
|switch|p2a: Rillaboom|Rillaboom, L50, F, shiny|100/100
|switch|p2b: Dragonite|Dragonite, L50, F|100/100
|-fieldstart|move: Grassy Terrain|[from] ability: Grassy Surge|[of] p2a: Rillaboom
|-weather|Sandstorm|[from] ability: Sand Stream|[of] p1b: Tyranitar
|turn|1
|inactive|132acb has 30 seconds left.
|
|t:|1757729385
|move|p2a: Rillaboom|Fake Out|p1b: Tyranitar
|-resisted|p1b: Tyranitar
|-damage|p1b: Tyranitar|95/100
|move|p1a: Sneasler|Dire Claw|p2a: Rillaboom
|-supereffective|p2a: Rillaboom
|-damage|p2a: Rillaboom|7/100
|-status|p2a: Rillaboom|slp
|move|p2b: Dragonite|Scale Shot|p1a: Sneasler
|-damage|p1a: Sneasler|80/100
|-damage|p1a: Sneasler|57/100
|-damage|p1a: Sneasler|36/100
|-damage|p1a: Sneasler|15/100
|-hitcount|p1a: Sneasler|4
|-unboost|p2b: Dragonite|def|1
|-boost|p2b: Dragonite|spe|1
|cant|p1b: Tyranitar|flinch
|
|-weather|Sandstorm|[upkeep]
|-damage|p2b: Dragonite|95/100|[from] Sandstorm
|-damage|p1a: Sneasler|9/100|[from] Sandstorm
|-damage|p2a: Rillaboom|1/100 slp|[from] Sandstorm
|-heal|p1a: Sneasler|15/100|[from] Grassy Terrain
|-heal|p2a: Rillaboom|7/100 slp|[from] Grassy Terrain
|-heal|p1b: Tyranitar|100/100|[from] Grassy Terrain
|upkeep
|turn|2
|inactive|132acb has 30 seconds left.
|inactive|Atrix MJ has 30 seconds left.
|inactive|132acb has 20 seconds left.
|
|t:|1757729420
|switch|p2a: Sneasler|Sneasler, L50, M|100/100
|-enditem|p2a: Sneasler|Grassy Seed
|-boost|p2a: Sneasler|def|1|[from] item: Grassy Seed
|move|p2b: Dragonite|Protect|p2b: Dragonite
|-singleturn|p2b: Dragonite|Protect
|move|p1a: Sneasler|Coaching|p1b: Tyranitar
|-boost|p1b: Tyranitar|atk|1
|-boost|p1b: Tyranitar|def|1
|move|p1b: Tyranitar|Rock Slide|p2a: Sneasler|[spread] p2a
|-activate|p2b: Dragonite|move: Protect
|-resisted|p2a: Sneasler
|-damage|p2a: Sneasler|76/100
|
|-weather|Sandstorm|[upkeep]
|-damage|p2a: Sneasler|70/100|[from] Sandstorm
|-damage|p2b: Dragonite|89/100|[from] Sandstorm
|-damage|p1a: Sneasler|9/100|[from] Sandstorm
|-heal|p2a: Sneasler|76/100|[from] Grassy Terrain
|-heal|p1a: Sneasler|15/100|[from] Grassy Terrain
|upkeep
|turn|3
|inactive|132acb has 30 seconds left.
|inactive|132acb has 20 seconds left.
|inactive|132acb has 15 seconds left.
|inactive|132acb has 10 seconds left.
|inactive|132acb has 5 seconds left.
|
|t:|1757729472
|switch|p1a: Indeedee|Indeedee, L50, M|100/100
|-fieldstart|move: Psychic Terrain|[from] ability: Psychic Surge|[of] p1a: Indeedee
|-terastallize|p2a: Sneasler|Stellar
|-terastallize|p1b: Tyranitar|Flying
|move|p2a: Sneasler|Dire Claw|p1b: Tyranitar
|-damage|p1b: Tyranitar|72/100
|move|p2b: Dragonite|Scale Shot|p1b: Tyranitar
|-damage|p1b: Tyranitar|62/100
|-damage|p1b: Tyranitar|53/100
|-damage|p1b: Tyranitar|45/100
|-damage|p1b: Tyranitar|37/100
|-hitcount|p1b: Tyranitar|4
|-unboost|p2b: Dragonite|def|1
|-boost|p2b: Dragonite|spe|1
|move|p1b: Tyranitar|Tera Blast|p2a: Sneasler|[anim] Tera Blast Flying
|-supereffective|p2a: Sneasler
|-damage|p2a: Sneasler|0 fnt
|faint|p2a: Sneasler
|
|-weather|Sandstorm|[upkeep]
|-damage|p2b: Dragonite|83/100|[from] Sandstorm
|-damage|p1a: Indeedee|95/100|[from] Sandstorm
|-damage|p1b: Tyranitar|31/100|[from] Sandstorm
|upkeep
|
|t:|1757729491
|switch|p2a: Incineroar|Incineroar, L50, F|100/100
|-ability|p2a: Incineroar|Intimidate|boost
|-unboost|p1a: Indeedee|atk|1
|-unboost|p1b: Tyranitar|atk|1
|turn|4
|
|t:|1757729515
|switch|p1a: Corviknight|Corviknight, L50, M|100/100
|-enditem|p1a: Corviknight|Psychic Seed
|-boost|p1a: Corviknight|spd|1|[from] item: Psychic Seed
|switch|p2a: Rillaboom|Rillaboom, L50, F, shiny|7/100 slp
|-fieldstart|move: Grassy Terrain|[from] ability: Grassy Surge|[of] p2a: Rillaboom
|move|p2b: Dragonite|Scale Shot|p1b: Tyranitar
|-damage|p1b: Tyranitar|23/100
|-damage|p1b: Tyranitar|15/100
|-damage|p1b: Tyranitar|7/100
|-damage|p1b: Tyranitar|0 fnt
|faint|p1b: Tyranitar
|-hitcount|p1: Tyranitar|4
|-unboost|p2b: Dragonite|def|1
|-boost|p2b: Dragonite|spe|1
|
|-weather|Sandstorm|[upkeep]
|-damage|p2b: Dragonite|77/100|[from] Sandstorm
|-damage|p2a: Rillaboom|1/100 slp|[from] Sandstorm
|-heal|p2a: Rillaboom|7/100 slp|[from] Grassy Terrain
|upkeep
|
|t:|1757729538
|switch|p1b: Sneasler|Sneasler, L50, F|15/100
|turn|5
|
|t:|1757729549
|switch|p2a: Incineroar|Incineroar, L50, F|100/100
|-ability|p2a: Incineroar|Intimidate|boost
|-ability|p1a: Corviknight|Mirror Armor
|-unboost|p2a: Incineroar|atk|1
|-unboost|p1b: Sneasler|atk|1
|-enditem|p1b: Sneasler|White Herb
|-clearnegativeboost|p1b: Sneasler|[silent]
|move|p2b: Dragonite|Protect|p2b: Dragonite
|-singleturn|p2b: Dragonite|Protect
|move|p1b: Sneasler|Fake Out|p2b: Dragonite
|-activate|p2b: Dragonite|move: Protect
|move|p1a: Corviknight|Bulk Up|p1a: Corviknight
|-boost|p1a: Corviknight|atk|1
|-boost|p1a: Corviknight|def|1
|
|-weather|none
|-heal|p1b: Sneasler|21/100|[from] Grassy Terrain
|upkeep
|turn|6
|inactive|132acb has 30 seconds left.
|
|t:|1757729582
|move|p2a: Incineroar|Fake Out|p1a: Corviknight
|-resisted|p1a: Corviknight
|-damage|p1a: Corviknight|99/100
|move|p2b: Dragonite|Scale Shot|p1b: Sneasler|[miss]
|-miss|p2b: Dragonite|p1b: Sneasler
|move|p1b: Sneasler|Coaching|p1a: Corviknight
|-boost|p1a: Corviknight|atk|1
|-boost|p1a: Corviknight|def|1
|cant|p1a: Corviknight|flinch
|
|-heal|p1b: Sneasler|27/100|[from] Grassy Terrain
|upkeep
|turn|7
|
|t:|1757729603
|switch|p2a: Rillaboom|Rillaboom, L50, F, shiny|7/100 slp
|move|p2b: Dragonite|Protect|p2b: Dragonite
|-singleturn|p2b: Dragonite|Protect
|move|p1b: Sneasler|Close Combat|p2a: Rillaboom
|-damage|p2a: Rillaboom|0 fnt
|-unboost|p1b: Sneasler|def|1
|-unboost|p1b: Sneasler|spd|1
|faint|p2a: Rillaboom
|move|p1a: Corviknight|Brave Bird|p2b: Dragonite
|-activate|p2b: Dragonite|move: Protect
|
|-heal|p1b: Sneasler|33/100|[from] Grassy Terrain
|upkeep
|
|t:|1757729606
|switch|p2a: Incineroar|Incineroar, L50, F|100/100
|-ability|p2a: Incineroar|Intimidate|boost
|-ability|p1a: Corviknight|Mirror Armor
|-unboost|p2a: Incineroar|atk|1
|-unboost|p1b: Sneasler|atk|1
|turn|8
|inactive|132acb has 30 seconds left.
|
|t:|1757729634
|switch|p1b: Indeedee|Indeedee, L50, M|95/100
|-fieldstart|move: Psychic Terrain|[from] ability: Psychic Surge|[of] p1b: Indeedee
|move|p2a: Incineroar|Fake Out|p1a: Corviknight
|-hint|Psychic Terrain doesn't affect Pokémon immune to Ground.
|-resisted|p1a: Corviknight
|-damage|p1a: Corviknight|97/100
|move|p2b: Dragonite|Scale Shot|p1b: Indeedee
|-crit|p1b: Indeedee
|-damage|p1b: Indeedee|50/100
|-damage|p1b: Indeedee|19/100
|-damage|p1b: Indeedee|0 fnt
|faint|p1b: Indeedee
|-hitcount|p1: Indeedee|3
|-unboost|p2b: Dragonite|def|1
|-boost|p2b: Dragonite|spe|1
|cant|p1a: Corviknight|flinch
|
|upkeep
|
|t:|1757729651
|switch|p1b: Sneasler|Sneasler, L50, F|33/100
|turn|9
|
|t:|1757729665
|move|p1b: Sneasler|Fake Out|p2b: Dragonite
|-hint|Psychic Terrain doesn't affect Pokémon immune to Ground.
|-damage|p2b: Dragonite|29/100
|cant|p2b: Dragonite|flinch
|move|p2a: Incineroar|Flare Blitz|p1a: Corviknight
|-supereffective|p1a: Corviknight
|-damage|p1a: Corviknight|70/100
|-damage|p2a: Incineroar|91/100|[from] Recoil
|move|p1a: Corviknight|Brave Bird|p2a: Incineroar
|-damage|p2a: Incineroar|16/100
|-enditem|p2a: Incineroar|Sitrus Berry|[eat]
|-heal|p2a: Incineroar|41/100|[from] item: Sitrus Berry
|-damage|p1a: Corviknight|45/100|[from] Recoil
|
|upkeep
|turn|10
|inactive|132acb has 30 seconds left.
|inactive|132acb has 20 seconds left.
|inactive|132acb has 15 seconds left.
|
|t:|1757729707
|move|p2b: Dragonite|Scale Shot|p1b: Sneasler
|-crit|p1b: Sneasler
|-damage|p1b: Sneasler|0 fnt
|faint|p1b: Sneasler
|-hitcount|p1: Sneasler|1
|-unboost|p2b: Dragonite|def|1
|-boost|p2b: Dragonite|spe|1
|move|p2a: Incineroar|Flare Blitz|p1a: Corviknight
|-supereffective|p1a: Corviknight
|-damage|p1a: Corviknight|18/100
|-damage|p2a: Incineroar|32/100|[from] Recoil
|move|p1a: Corviknight|Brave Bird|p2b: Dragonite
|-damage|p2b: Dragonite|0 fnt
|faint|p2b: Dragonite
|-damage|p1a: Corviknight|10/100|[from] Recoil
|
|upkeep
|turn|11
|
|t:|1757729724
|move|p2a: Incineroar|Flare Blitz|p1a: Corviknight
|-supereffective|p1a: Corviknight
|-damage|p1a: Corviknight|0 fnt
|faint|p1a: Corviknight
|-damage|p2a: Incineroar|29/100|[from] Recoil
|
|win|Atrix MJ
|raw|132acb's rating: 1223 → 1204(-19 for losing)
|raw|Atrix MJ's rating: 1311 → 1326(+15 for winning)
