|j|☆The median voter
|j|☆toobadforalt
|html|The median votertoobadforalt    
|uhtml|bestof|Game 2 of a best-of-3
|t:|1757798311
|gametype|doubles
|player|p1|The median voter|scientist-gen4dp|1305
|player|p2|toobadforalt|2|1260
|gen|9
|tier|[Gen 9] VGC 2025 Reg H (Bo3)
|rated|
|rule|Species Clause: Limit one of each Pokémon
|rule|Item Clause: Limit 1 of each item
|clearpoke
|poke|p1|Archaludon, L50, M|
|poke|p1|Dragonite, L50, F|
|poke|p1|Pelipper, L50, M|
|poke|p1|Ursaluna, L50, M|
|poke|p1|Sinistcha, L50|
|poke|p1|Gholdengo, L50|
|poke|p2|Dragapult, L50, M|
|poke|p2|Magmar, L50, F|
|poke|p2|Rillaboom, L50, F|
|poke|p2|Kingambit, L50, M|
|poke|p2|Sneasler, L50, M|
|poke|p2|Milotic, L50, F|
|teampreview|4
|showteam|p1|Archaludon||AssaultVest|Stamina|FlashCannon,BodyPress,ElectroShot,Snarl|||M|||50|,,,,,Fighting]Dragonite||LoadedDice|Multiscale|ScaleShot,Tailwind,Haze,Protect|||F|||50|,,,,,Steel]Pelipper||FocusSash|Drizzle|MuddyWater,Hurricane,Tailwind,Protect|||M|||50|,,,,,Ghost]Ursaluna||FlameOrb|Guts|Facade,HeadlongRush,Earthquake,Protect|||M|||50|,,,,,Ghost]Sinistcha||SitrusBerry|Hospitality|MatchaGotcha,LifeDew,RagePowder,TrickRoom||||||50|,,,,,Dark]Gholdengo||ChoiceScarf|GoodasGold|MakeItRain,ShadowBall,Trick,Protect||||||50|,,,,,Flying
|showteam|p2|Dragapult||ChoiceBand|ClearBody|DragonDarts,Uturn,PhantomForce,TeraBlast|||M|||50|,,,,,Ghost]Magmar||Eviolite|VitalSpirit|FollowMe,Overheat,Taunt,WillOWisp|||F|||50|,,,,,Ghost]Rillaboom||AssaultVest|GrassySurge|FakeOut,WoodHammer,GrassyGlide,HighHorsepower|||F|||50|,,,,,Fire]Kingambit||SafetyGoggles|Defiant|SwordsDance,KowtowCleave,SuckerPunch,Protect|||M|||50|,,,,,Flying]Sneasler||FocusSash|Unburden|FakeOut,DireClaw,CloseCombat,Protect|||M|||50|,,,,,Stellar]Milotic||Leftovers|Competitive|Scald,IcyWind,Haze,Protect|||F|||50|,,,,,Grass
|
|t:|1757798342
|teamsize|p1|4
|teamsize|p2|4
|start
|switch|p1a: Gholdengo|Gholdengo, L50|100/100
|switch|p1b: Dragonite|Dragonite, L50, F|100/100
|switch|p2a: Kingambit|Kingambit, L50, M|100/100
|switch|p2b: Sneasler|Sneasler, L50, M|100/100
|turn|1
|
|t:|1757798364
|move|p1a: Gholdengo|Trick|p2a: Kingambit
|-activate|p1a: Gholdengo|move: Trick|[of] p2a: Kingambit
|-item|p2a: Kingambit|Choice Scarf|[from] move: Trick
|-item|p1a: Gholdengo|Safety Goggles|[from] move: Trick
|move|p2b: Sneasler|Close Combat|p1a: Gholdengo
|-immune|p1a: Gholdengo
|move|p1b: Dragonite|Scale Shot|p2b: Sneasler
|-damage|p2b: Sneasler|77/100
|-damage|p2b: Sneasler|50/100
|-damage|p2b: Sneasler|22/100
|-damage|p2b: Sneasler|0 fnt
|faint|p2b: Sneasler
|-hitcount|p2: Sneasler|4
|-unboost|p1b: Dragonite|def|1
|-boost|p1b: Dragonite|spe|1
|move|p2a: Kingambit|Kowtow Cleave|p1a: Gholdengo
|-supereffective|p1a: Gholdengo
|-damage|p1a: Gholdengo|0 fnt
|faint|p1a: Gholdengo
|
|upkeep
|
|t:|1757798384
|switch|p2b: Dragapult|Dragapult, L50, M|100/100
|switch|p1a: Archaludon|Archaludon, L50, M|100/100
|turn|2
|
|t:|1757798397
|-terastallize|p2b: Dragapult|Ghost
|move|p1b: Dragonite|Scale Shot|p2a: Kingambit|[miss]
|-miss|p1b: Dragonite|p2a: Kingambit
|move|p2b: Dragapult|Tera Blast|p1b: Dragonite|[anim] Tera Blast Ghost
|-damage|p1b: Dragonite|22/100
|move|p1a: Archaludon|Body Press|p2a: Kingambit
|-supereffective|p2a: Kingambit
|-damage|p2a: Kingambit|25/100
|move|p2a: Kingambit|Kowtow Cleave|p1b: Dragonite
|-damage|p1b: Dragonite|0 fnt
|faint|p1b: Dragonite
|
|upkeep
|
|t:|1757798401
|switch|p1b: Pelipper|Pelipper, L50, M|100/100
|-weather|RainDance|[from] ability: Drizzle|[of] p1b: Pelipper
|turn|3
|
|t:|1757798426
|move|p1b: Pelipper|Protect|p1b: Pelipper
|-singleturn|p1b: Pelipper|Protect
|move|p2b: Dragapult|Tera Blast|p1b: Pelipper|[anim] Tera Blast Ghost
|-activate|p1b: Pelipper|move: Protect
|move|p1a: Archaludon|Body Press|p2a: Kingambit
|-supereffective|p2a: Kingambit
|-damage|p2a: Kingambit|0 fnt
|faint|p2a: Kingambit
|
|-weather|RainDance|[upkeep]
|upkeep
|
|t:|1757798428
|switch|p2a: Rillaboom|Rillaboom, L50, F|100/100
|-fieldstart|move: Grassy Terrain|[from] ability: Grassy Surge|[of] p2a: Rillaboom
|turn|4
|
|t:|1757798449
|move|p1b: Pelipper|Protect||[still]
|-fail|p1b: Pelipper
|move|p2a: Rillaboom|Fake Out|p1b: Pelipper
|-damage|p1b: Pelipper|83/100
|move|p2b: Dragapult|Tera Blast|p1b: Pelipper|[anim] Tera Blast Ghost
|-damage|p1b: Pelipper|0 fnt
|faint|p1b: Pelipper
|move|p1a: Archaludon|Electro Shot||[still]
|-prepare|p1a: Archaludon|Electro Shot
|-boost|p1a: Archaludon|spa|1
|-anim|p1a: Archaludon|Electro Shot|p2b: Dragapult
|-damage|p2b: Dragapult|21/100
|
|-weather|RainDance|[upkeep]
|-heal|p2b: Dragapult|27/100|[from] Grassy Terrain
|upkeep
|turn|5
|
|t:|1757798463
|-terastallize|p1a: Archaludon|Fighting
|move|p2b: Dragapult|Tera Blast|p1a: Archaludon|[anim] Tera Blast Ghost
|-damage|p1a: Archaludon|45/100
|-ability|p1a: Archaludon|Stamina|boost
|-boost|p1a: Archaludon|def|1
|move|p2a: Rillaboom|High Horsepower|p1a: Archaludon
|-damage|p1a: Archaludon|30/100
|-ability|p1a: Archaludon|Stamina|boost
|-boost|p1a: Archaludon|def|1
|move|p1a: Archaludon|Electro Shot||[still]
|-prepare|p1a: Archaludon|Electro Shot
|-boost|p1a: Archaludon|spa|1
|-anim|p1a: Archaludon|Electro Shot|p2b: Dragapult
|-damage|p2b: Dragapult|0 fnt
|faint|p2b: Dragapult
|
|-weather|RainDance|[upkeep]
|-heal|p1a: Archaludon|37/100|[from] Grassy Terrain
|upkeep
|turn|6
|
|t:|1757798471
|move|p2a: Rillaboom|Wood Hammer|p1a: Archaludon
|-damage|p1a: Archaludon|12/100
|-ability|p1a: Archaludon|Stamina|boost
|-boost|p1a: Archaludon|def|1
|-damage|p2a: Rillaboom|92/100|[from] Recoil
|move|p1a: Archaludon|Body Press|p2a: Rillaboom
|-damage|p2a: Rillaboom|2/100
|
|-weather|RainDance|[upkeep]
|-heal|p2a: Rillaboom|8/100|[from] Grassy Terrain
|-heal|p1a: Archaludon|18/100|[from] Grassy Terrain
|upkeep
|turn|7
|
|t:|1757798482
|move|p2a: Rillaboom|Wood Hammer|p1a: Archaludon
|-damage|p1a: Archaludon|0 fnt
|faint|p1a: Archaludon
|-damage|p2a: Rillaboom|2/100|[from] Recoil
|
|win|toobadforalt
||The median voter is ready for game 3.
||toobadforalt is ready for game 3.
|uhtml|next|Next: Game 3 of 3
