|j|☆CrazyComet37
|j|☆HopsVGC
|html|CrazyComet37HopsVGC    
|uhtml|bestof|Game 2 of a best-of-3
|t:|1785953255
|gametype|doubles
|player|p1|CrazyComet37|flint|
|player|p2|HopsVGC|2|
|gen|9
|tier|[Gen 9 Champions] VGC 2026 Reg M-B (Bo3)
|rule|Species Clause: Limit one of each Pokémon
|rule|Item Clause: Limit 1 of each item
|clearpoke
|poke|p1|Whimsicott, L50, M|
|poke|p1|Garchomp, L50, F|
|poke|p1|Charizard, L50, F|
|poke|p1|Floette-Eternal, L50, F|
|poke|p1|Kingambit, L50, F|
|poke|p1|Basculegion, L50, M|
|poke|p2|Delphox, L50, M, shiny|
|poke|p2|Tyranitar, L50, M|
|poke|p2|Excadrill, L50, M|
|poke|p2|Hydreigon, L50, F, shiny|
|poke|p2|Sinistcha, L50|
|poke|p2|Sneasler, L50, M|
|teampreview|4
|showteam|p1|Whimsicott||FocusSash|Prankster|Protect,Tailwind,Moonblast,Encore|Timid||M|||50|]Garchomp||LifeOrb|RoughSkin|Protect,Earthquake,DragonClaw,RockSlide|Jolly||F|||50|]Charizard||CharizarditeY|Blaze|Protect,HeatWave,WeatherBall,SolarBeam|Modest||F|||50|]Floette-Eternal||Floettite|FlowerVeil|Protect,LightofRuin,DazzlingGleam,Moonblast|Modest||F|||50|]Kingambit||ChopleBerry|Defiant|IronHead,SuckerPunch,KowtowCleave,LowKick|Adamant||F|||50|]Basculegion||MysticWater|Adaptability|Protect,AquaJet,LastRespects,WaveCrash|Adamant||M|||50|
|showteam|p2|Delphox||Delphoxite|Blaze|HeatWave,Psychic,NastyPlot,Protect|Timid||M|||50|]Tyranitar||Tyranitarite|SandStream|RockSlide,KnockOff,LowKick,Protect|Adamant||M|||50|]Excadrill||FocusSash|SandRush|Earthquake,RockSlide,IronHead,Protect|Adamant||M|||50|]Hydreigon||ChoiceScarf|Levitate|DragonPulse,DarkPulse,EarthPower,FlashCannon|Modest||F|||50|]Sinistcha||SitrusBerry|Hospitality|MatchaGotcha,RagePowder,TrickRoom,Protect|Relaxed|||||50|]Sneasler||WhiteHerb|Unburden|CloseCombat,DireClaw,FakeOut,Protect|Adamant||M|||50|
|
|t:|1785953323
|teamsize|p1|4
|teamsize|p2|4
|start
|switch|p1a: Whimsicott|Whimsicott, L50, M|100/100
|switch|p1b: Floette|Floette-Eternal, L50, F|100/100
|switch|p2a: Tyranitar|Tyranitar, L50, M|100/100
|switch|p2b: Excadrill|Excadrill, L50, M|100/100
|-weather|Sandstorm|[from] ability: Sand Stream|[of] p2a: Tyranitar
|turn|1
|inactive|Battle timer is ON: inactive players will automatically lose when time's up. (requested by CrazyComet37)
|
|t:|1785953342
|switch|p2a: Sneasler|Sneasler, L50, M|100/100
|detailschange|p1b: Floette|Floette-Mega, L50, F
|-mega|p1b: Floette|Floette|Floettite
|-ability|p1b: Floette|Fairy Aura
|move|p1a: Whimsicott|Tailwind|p1a: Whimsicott
|-sidestart|p1: CrazyComet37|move: Tailwind
|move|p1b: Floette|Dazzling Gleam|p2a: Sneasler|[spread] p2a,p2b
|-resisted|p2b: Excadrill|1
|-damage|p2a: Sneasler|23/100
|-damage|p2b: Excadrill|64/100
|move|p2b: Excadrill|Iron Head|p1a: Whimsicott
|-supereffective|p1a: Whimsicott|1
|-enditem|p1a: Whimsicott|Focus Sash
|-damage|p1a: Whimsicott|1/100
|
|-weather|Sandstorm|[upkeep]
|-damage|p1a: Whimsicott|0 fnt|[from] Sandstorm
|-damage|p1b: Floette|94/100|[from] Sandstorm
|-damage|p2a: Sneasler|17/100|[from] Sandstorm
|faint|p1a: Whimsicott
|upkeep
|
|t:|1785953363
|switch|p1a: Basculegion|Basculegion, L50, M|100/100
|turn|2
|
|t:|1785953385
|move|p2b: Excadrill|Protect|p2b: Excadrill
|-singleturn|p2b: Excadrill|Protect
|move|p2a: Sneasler|Fake Out|p1b: Floette
|-damage|p1b: Floette|72/100
|cant|p1b: Floette|flinch
|move|p1a: Basculegion|Wave Crash|p2b: Excadrill
|-activate|p2b: Excadrill|move: Protect
|
|-weather|Sandstorm|[upkeep]
|-damage|p1b: Floette|66/100|[from] Sandstorm
|-damage|p1a: Basculegion|93/100|[from] Sandstorm
|-damage|p2a: Sneasler|12/100|[from] Sandstorm
|upkeep
|turn|3
|
|t:|1785953407
|switch|p2b: Sinistcha|Sinistcha, L50|100/100
|-heal|p2a: Sneasler|36/100|[from] ability: Hospitality|[of] p2b: Sinistcha
|move|p1b: Floette|Dazzling Gleam|p2a: Sneasler|[spread] p2a,p2b
|-damage|p2a: Sneasler|0 fnt
|-damage|p2b: Sinistcha|49/100
|-enditem|p2b: Sinistcha|Sitrus Berry|[eat]
|-heal|p2b: Sinistcha|74/100|[from] item: Sitrus Berry
|faint|p2a: Sneasler
|move|p1a: Basculegion|Last Respects|p2b: Sinistcha
|-supereffective|p2b: Sinistcha|1
|-damage|p2b: Sinistcha|0 fnt
|faint|p2b: Sinistcha
|
|-weather|Sandstorm|[upkeep]
|-damage|p1b: Floette|60/100|[from] Sandstorm
|-damage|p1a: Basculegion|87/100|[from] Sandstorm
|upkeep
|
|t:|1785953419
|switch|p2a: Tyranitar|Tyranitar, L50, M|100/100
|switch|p2b: Excadrill|Excadrill, L50, M|64/100
|turn|4
|
|t:|1785953437
|move|p2b: Excadrill|Protect|p2b: Excadrill
|-singleturn|p2b: Excadrill|Protect
|move|p2a: Tyranitar|Protect|p2a: Tyranitar
|-singleturn|p2a: Tyranitar|Protect
|move|p1b: Floette|Light of Ruin|p2b: Excadrill
|-activate|p2b: Excadrill|move: Protect
|move|p1a: Basculegion|Wave Crash|p2a: Tyranitar
|-activate|p2a: Tyranitar|move: Protect
|
|-weather|Sandstorm|[upkeep]
|-damage|p1b: Floette|54/100|[from] Sandstorm
|-damage|p1a: Basculegion|81/100|[from] Sandstorm
|-sideend|p1: CrazyComet37|move: Tailwind
|upkeep
|turn|5
|inactive|HopsVGC has 30 seconds left.
|inactive|HopsVGC has 20 seconds left.
|inactive|HopsVGC has 15 seconds left.
|
|t:|1785953479
|detailschange|p2a: Tyranitar|Tyranitar-Mega, L50, M
|-mega|p2a: Tyranitar|Tyranitar|Tyranitarite
|move|p1a: Basculegion|Aqua Jet|p2a: Tyranitar
|-supereffective|p2a: Tyranitar|1
|-damage|p2a: Tyranitar|56/100
|move|p2b: Excadrill|Iron Head|p1b: Floette
|-supereffective|p1b: Floette|1
|-damage|p1b: Floette|0 fnt
|faint|p1b: Floette
|move|p2a: Tyranitar|Knock Off|p1a: Basculegion
|-supereffective|p1a: Basculegion|1
|-damage|p1a: Basculegion|0 fnt
|-enditem|p1a: Basculegion|Mystic Water|[from] move: Knock Off|[of] p2a: Tyranitar
|faint|p1a: Basculegion
|
|-weather|none
|upkeep
|
|t:|1785953488
|switch|p1a: Garchomp|Garchomp, L50, F|100/100
|turn|6
|
|t:|1785953494
|move|p1a: Garchomp|Earthquake|p2a: Tyranitar|[spread] p2a,p2b
|-supereffective|p2a: Tyranitar|1
|-crit|p2a: Tyranitar
|-supereffective|p2b: Excadrill|1
|-damage|p2a: Tyranitar|0 fnt
|-damage|p2b: Excadrill|0 fnt
|faint|p2a: Tyranitar
|faint|p2b: Excadrill
|-damage|p1a: Garchomp|90/100|[from] item: Life Orb
|
|win|CrazyComet37
|c|☆HopsVGC|gg
|c|☆CrazyComet37|gg
|l|☆HopsVGC
|player|p2|
