|j|☆protectthyking34
|j|☆empotato
|html|protectthyking34empotato    
|uhtml|bestof|Game 2 of a best-of-3
|t:|1785459846
|gametype|doubles
|player|p1|protectthyking34|rocketgrunt|1155
|player|p2|empotato|cynthia-gen4|1237
|gen|9
|tier|[Gen 9 Champions] VGC 2026 Reg M-B (Bo3)
|rated|
|rule|Species Clause: Limit one of each Pokémon
|rule|Item Clause: Limit 1 of each item
|clearpoke
|poke|p1|Delphox, L50, M|
|poke|p1|Incineroar, L50, M|
|poke|p1|Sneasler, L50, M|
|poke|p1|Sinistcha, L50|
|poke|p1|Kingambit, L50, M|
|poke|p1|Blastoise, L50, F|
|poke|p2|Tyranitar, L50, M|
|poke|p2|Staraptor, L50, M|
|poke|p2|Excadrill, L50, F|
|poke|p2|Milotic, L50, F|
|poke|p2|Sinistcha, L50|
|poke|p2|Gholdengo, L50|
|teampreview|4
|showteam|p1|Delphox||Delphoxite|Blaze|NastyPlot,Protect,Psyshock,HeatWave|Timid||M|||50|]Incineroar||SitrusBerry|Intimidate|FakeOut,PartingShot,FlareBlitz,DarkestLariat|Impish||M|||50|]Sneasler||FocusSash|PoisonTouch|GunkShot,FakeOut,CloseCombat,QuickGuard|Jolly||M|||50|]Sinistcha||OccaBerry|Hospitality|MatchaGotcha,RagePowder,TrickRoom,Protect|Calm|||||50|]Kingambit||BlackGlasses|Defiant|SuckerPunch,KowtowCleave,LowKick,Protect|Adamant||M|||50|]Blastoise||Blastoisinite|RainDish|ShellSmash,WaterSpout,DarkPulse,Protect|Timid||F|||50|
|showteam|p2|Tyranitar||Tyranitarite|SandStream|KnockOff,RockSlide,HighHorsepower,Protect|Jolly||M|||50|]Staraptor||Staraptite|Intimidate|CloseCombat,BraveBird,Tailwind,Protect|Jolly||M|||50|]Excadrill||FocusSash|SandRush|HighHorsepower,IronHead,RockSlide,Protect|Adamant||F|||50|]Milotic||SitrusBerry|Competitive|Scald,IcyWind,Haze,Protect|Calm||F|||50|]Sinistcha||ColburBerry|Hospitality|MatchaGotcha,ShadowBall,RagePowder,Protect|Bold|||||50|]Gholdengo||LifeOrb|GoodasGold|MakeItRain,ShadowBall,NastyPlot,Protect|Modest|||||50|
|inactive|Battle timer is ON: inactive players will automatically lose when time's up. (requested by protectthyking34)
|
|t:|1785459885
|teamsize|p1|4
|teamsize|p2|4
|start
|switch|p1a: Blastoise|Blastoise, L50, F|100/100
|switch|p1b: Incineroar|Incineroar, L50, M|100/100
|switch|p2a: Staraptor|Staraptor, L50, M|100/100
|switch|p2b: Milotic|Milotic, L50, F|100/100
|-ability|p2a: Staraptor|Intimidate|boost
|-unboost|p1a: Blastoise|atk|1
|-unboost|p1b: Incineroar|atk|1
|-ability|p1b: Incineroar|Intimidate|boost
|-unboost|p2a: Staraptor|atk|1
|-unboost|p2b: Milotic|atk|1
|-ability|p2b: Milotic|Competitive|boost
|-boost|p2b: Milotic|spa|2
|turn|1
|
|t:|1785459902
|detailschange|p1a: Blastoise|Blastoise-Mega, L50, F
|-mega|p1a: Blastoise|Blastoise|Blastoisinite
|move|p1b: Incineroar|Fake Out|p2a: Staraptor
|-damage|p2a: Staraptor|90/100
|cant|p2a: Staraptor|flinch
|move|p1a: Blastoise|Shell Smash|p1a: Blastoise
|-unboost|p1a: Blastoise|def|1
|-unboost|p1a: Blastoise|spd|1
|-boost|p1a: Blastoise|atk|2
|-boost|p1a: Blastoise|spa|2
|-boost|p1a: Blastoise|spe|2
|move|p2b: Milotic|Scald|p1b: Incineroar
|-supereffective|p1b: Incineroar|1
|-damage|p1b: Incineroar|0 fnt
|faint|p1b: Incineroar
|
|upkeep
|
|t:|1785459918
|switch|p1b: Sneasler|Sneasler, L50, M|100/100
|turn|2
|
|t:|1785459928
|move|p2a: Staraptor|Protect|p2a: Staraptor
|-singleturn|p2a: Staraptor|Protect
|move|p2b: Milotic|Protect|p2b: Milotic
|-singleturn|p2b: Milotic|Protect
|move|p1b: Sneasler|Fake Out|p2b: Milotic
|-activate|p2b: Milotic|move: Protect
|move|p1a: Blastoise|Water Spout|p2b: Milotic|[spread] 
|-activate|p2a: Staraptor|move: Protect
|-activate|p2b: Milotic|move: Protect
|
|upkeep
|turn|3
|
|t:|1785459943
|switch|p2a: Sinistcha|Sinistcha, L50|100/100
|move|p1a: Blastoise|Water Spout|p2a: Sinistcha|[spread] p2a,p2b
|-resisted|p2a: Sinistcha|1
|-resisted|p2b: Milotic|1
|-damage|p2a: Sinistcha|36/100
|-damage|p2b: Milotic|58/100
|move|p1b: Sneasler|Gunk Shot|p2b: Milotic
|-damage|p2b: Milotic|0 fnt
|faint|p2b: Milotic
|
|upkeep
|
|t:|1785459955
|switch|p2b: Staraptor|Staraptor, L50, M|90/100
|-ability|p2b: Staraptor|Intimidate|boost
|-unboost|p1a: Blastoise|atk|1
|-unboost|p1b: Sneasler|atk|1
|turn|4
|inactive|empotato has 30 seconds left.
|
|t:|1785459985
|move|p2a: Sinistcha|Protect|p2a: Sinistcha
|-singleturn|p2a: Sinistcha|Protect
|move|p1a: Blastoise|Water Spout|p2b: Staraptor|[spread] p2b
|-activate|p2a: Sinistcha|move: Protect
|-damage|p2b: Staraptor|0 fnt
|faint|p2b: Staraptor
|move|p1b: Sneasler|Gunk Shot|p2a: Sinistcha
|-activate|p2a: Sinistcha|move: Protect
|
|upkeep
|
|t:|1785459987
|switch|p2b: Tyranitar|Tyranitar, L50, M|100/100
|-weather|Sandstorm|[from] ability: Sand Stream|[of] p2b: Tyranitar
|turn|5
|
|t:|1785459995
|detailschange|p2b: Tyranitar|Tyranitar-Mega, L50, M
|-mega|p2b: Tyranitar|Tyranitar|Tyranitarite
|move|p1a: Blastoise|Water Spout|p2a: Sinistcha|[spread] p2a,p2b
|-resisted|p2a: Sinistcha|1
|-supereffective|p2b: Tyranitar|1
|-damage|p2a: Sinistcha|0 fnt
|-damage|p2b: Tyranitar|0 fnt
|faint|p2a: Sinistcha
|faint|p2b: Tyranitar
|
|win|protectthyking34
|raw|protectthyking34's rating: 1155 → 1186(+31 for winning)
|raw|empotato's rating: 1237 → 1206(-31 for losing)
