|j|☆iceshard00
|j|☆jamirolol
|html|iceshard00jamirolol    
|uhtml|bestof|Game 1 of a best-of-3
|t:|1756649757
|gametype|doubles
|player|p1|iceshard00|lucas|1078
|player|p2|jamirolol|101|1134
|gen|9
|tier|[Gen 9] VGC 2025 Reg H (Bo3)
|rated|
|rule|Species Clause: Limit one of each Pokémon
|rule|Item Clause: Limit 1 of each item
|clearpoke
|poke|p1|Ninetales-Alola, L50, M|
|poke|p1|Baxcalibur, L50, M|
|poke|p1|Empoleon, L50, F|
|poke|p1|Volcarona, L50, M|
|poke|p1|Talonflame, L50, M|
|poke|p1|Rillaboom, L50, M|
|poke|p2|Dragonite, L50, F|
|poke|p2|Gholdengo, L50|
|poke|p2|Sneasler, L50, F|
|poke|p2|Incineroar, L50, F|
|poke|p2|Rillaboom, L50, F|
|poke|p2|Farigiraf, L50, M|
|teampreview|4
|showteam|p1|Ninetales-Alola||LightClay|SnowWarning|Blizzard,IcyWind,AuroraVeil,HelpingHand|||M|||50|,,,,,Water]Baxcalibur||ClearAmulet|ThermalExchange|IcicleCrash,GlaiveRush,HighHorsepower,Protect|||M|||50|,,,,,Fire]Empoleon||Leftovers|Competitive|WaterPledge,FlashCannon,Haze,Protect|||F|||50|,,,,,Fairy]Volcarona||SitrusBerry|FlameBody|HeatWave,GigaDrain,QuiverDance,Protect|||M|||50|,,,,,Grass]Talonflame||CovertCloak|GaleWings|DualWingbeat,FlareBlitz,Tailwind,Taunt|||M|||50|,,,,,Stellar]Rillaboom||AssaultVest|GrassySurge|WoodHammer,GrassyGlide,FakeOut,HighHorsepower|||M|||50|,,,,,Fire
|showteam|p2|Dragonite||LoadedDice|InnerFocus|ScaleShot,Protect,ExtremeSpeed,Haze|||F|||50|,,,,,Normal]Gholdengo||LifeOrb|GoodasGold|MakeItRain,ShadowBall,NastyPlot,Protect||||||50|,,,,,Flying]Sneasler||GrassySeed|Unburden|DireClaw,Coaching,CloseCombat,Protect|||F|||50|,,,,,Stellar]Incineroar||SafetyGoggles|Intimidate|FakeOut,FlareBlitz,PartingShot,KnockOff|||F|||50|,,,,,Bug]Rillaboom||AssaultVest|GrassySurge|FakeOut,GrassyGlide,WoodHammer,HighHorsepower|||F|||50|,,,,,Fire]Farigiraf||ThroatSpray|ArmorTail|HyperVoice,Psychic,TrickRoom,Protect|||M|||50|,,,,,Fairy
|
|t:|1756649812
|teamsize|p1|4
|teamsize|p2|4
|start
|switch|p1a: Empoleon|Empoleon, L50, F, shiny|100/100
|switch|p1b: Baxcalibur|Baxcalibur, L50, M|100/100
|switch|p2a: Incineroar|Incineroar, L50, F|100/100
|switch|p2b: Gholdengo|Gholdengo, L50|100/100
|-ability|p2a: Incineroar|Intimidate|boost
|-unboost|p1a: Empoleon|atk|1
|-ability|p1a: Empoleon|Competitive|boost
|-boost|p1a: Empoleon|spa|2
|-fail|p1b: Baxcalibur|unboost|[from] item: Clear Amulet|[of] p1b: Baxcalibur
|turn|1
|
|t:|1756649848
|move|p2a: Incineroar|Fake Out|p1b: Baxcalibur
|-damage|p1b: Baxcalibur|89/100
|cant|p1b: Baxcalibur|flinch
|move|p2b: Gholdengo|Nasty Plot|p2b: Gholdengo
|-boost|p2b: Gholdengo|spa|2
|move|p1a: Empoleon|Water Pledge|p2a: Incineroar
|-supereffective|p2a: Incineroar
|-damage|p2a: Incineroar|0 fnt
|faint|p2a: Incineroar
|
|upkeep
|
|t:|1756649854
|switch|p2a: Rillaboom|Rillaboom, L50, F|100/100
|-fieldstart|move: Grassy Terrain|[from] ability: Grassy Surge|[of] p2a: Rillaboom
|turn|2
|
|t:|1756649887
|move|p1a: Empoleon|Protect|p1a: Empoleon
|-singleturn|p1a: Empoleon|Protect
|move|p2a: Rillaboom|Fake Out|p1a: Empoleon
|-activate|p1a: Empoleon|move: Protect
|move|p1b: Baxcalibur|Icicle Crash|p2a: Rillaboom
|-supereffective|p2a: Rillaboom
|-damage|p2a: Rillaboom|0 fnt
|faint|p2a: Rillaboom
|move|p2b: Gholdengo|Make It Rain|p1a: Empoleon|[spread] p1b
|-activate|p1a: Empoleon|move: Protect
|-supereffective|p1b: Baxcalibur
|-crit|p1b: Baxcalibur
|-damage|p1b: Baxcalibur|0 fnt
|-unboost|p2b: Gholdengo|spa|1
|faint|p1b: Baxcalibur
|-damage|p2b: Gholdengo|91/100|[from] item: Life Orb
|
|-heal|p2b: Gholdengo|97/100|[from] Grassy Terrain
|upkeep
|
|t:|1756649916
|switch|p1b: Talonflame|Talonflame, L50, M|100/100
|switch|p2a: Sneasler|Sneasler, L50, F|100/100
|-enditem|p2a: Sneasler|Grassy Seed
|-boost|p2a: Sneasler|def|1|[from] item: Grassy Seed
|turn|3
|
|t:|1756649936
|-terastallize|p1b: Talonflame|Stellar
|move|p2b: Gholdengo|Protect|p2b: Gholdengo
|-singleturn|p2b: Gholdengo|Protect
|move|p1b: Talonflame|Dual Wingbeat|p2a: Sneasler
|-supereffective|p2a: Sneasler
|-damage|p2a: Sneasler|57/100
|-supereffective|p2a: Sneasler
|-damage|p2a: Sneasler|5/100
|-hitcount|p2a: Sneasler|2
|move|p2a: Sneasler|Close Combat|p1a: Empoleon
|-supereffective|p1a: Empoleon
|-damage|p1a: Empoleon|0 fnt
|-unboost|p2a: Sneasler|def|1
|-unboost|p2a: Sneasler|spd|1
|faint|p1a: Empoleon
|
|-heal|p2a: Sneasler|11/100|[from] Grassy Terrain
|-heal|p2b: Gholdengo|100/100|[from] Grassy Terrain
|upkeep
|
|t:|1756649952
|switch|p1a: Volcarona|Volcarona, L50, M|100/100
|turn|4
|
|t:|1756649971
|-terastallize|p2b: Gholdengo|Flying
|move|p2a: Sneasler|Protect|p2a: Sneasler
|-singleturn|p2a: Sneasler|Protect
|move|p1b: Talonflame|Dual Wingbeat|p2a: Sneasler
|-activate|p2a: Sneasler|move: Protect
|move|p1a: Volcarona|Quiver Dance|p1a: Volcarona
|-boost|p1a: Volcarona|spa|1
|-boost|p1a: Volcarona|spd|1
|-boost|p1a: Volcarona|spe|1
|move|p2b: Gholdengo|Make It Rain|p1b: Talonflame|[spread] p1a,p1b
|-resisted|p1a: Volcarona
|-resisted|p1b: Talonflame
|-damage|p1a: Volcarona|72/100
|-damage|p1b: Talonflame|32/100
|-unboost|p2b: Gholdengo|spa|1
|-damage|p2b: Gholdengo|91/100|[from] item: Life Orb
|
|-heal|p2a: Sneasler|17/100|[from] Grassy Terrain
|-heal|p1a: Volcarona|78/100|[from] Grassy Terrain
|upkeep
|turn|5
|
|t:|1756649996
|move|p2a: Sneasler|Dire Claw|p1b: Talonflame
|-damage|p1b: Talonflame|0 fnt
|faint|p1b: Talonflame
|move|p1a: Volcarona|Heat Wave|p2b: Gholdengo|[spread] p2a,p2b
|-damage|p2a: Sneasler|0 fnt
|-damage|p2b: Gholdengo|44/100
|faint|p2a: Sneasler
|move|p2b: Gholdengo|Shadow Ball|p1a: Volcarona
|-damage|p1a: Volcarona|47/100
|-unboost|p1a: Volcarona|spd|1
|-enditem|p1a: Volcarona|Sitrus Berry|[eat]
|-heal|p1a: Volcarona|72/100|[from] item: Sitrus Berry
|-damage|p2b: Gholdengo|34/100|[from] item: Life Orb
|
|-heal|p1a: Volcarona|78/100|[from] Grassy Terrain
|upkeep
|turn|6
|
|t:|1756650018
|move|p1a: Volcarona|Heat Wave|p2b: Gholdengo
|-damage|p2b: Gholdengo|0 fnt
|faint|p2b: Gholdengo
|
|win|iceshard00
||jamirolol is ready for game 2.
|inactive|iceshard00 has 30 seconds to confirm battle start!
||iceshard00 is ready for game 2.
|uhtml|next|Next: Game 2 of 3
