|j|☆jgm1234
|j|☆pressinblades
|html|jgm1234pressinblades    
|uhtml|bestof|Game 1 of a best-of-3
|t:|1784572180
|gametype|doubles
|player|p1|jgm1234|emmet|1403
|player|p2|pressinblades|steven|1337
|gen|9
|tier|[Gen 9 Champions] VGC 2026 Reg M-B (Bo3)
|rated|
|rule|Species Clause: Limit one of each Pokémon
|rule|Item Clause: Limit 1 of each item
|clearpoke
|poke|p1|Grimmsnarl, L50, M|
|poke|p1|Swampert, L50, F|
|poke|p1|Pelipper, L50, M|
|poke|p1|Archaludon, L50, M|
|poke|p1|Sinistcha, L50|
|poke|p1|Metagross, L50|
|poke|p2|Talonflame, L50, F|
|poke|p2|Garchomp, L50, F, shiny|
|poke|p2|Maushold, L50|
|poke|p2|Gardevoir, L50, F, shiny|
|poke|p2|Basculegion, L50, M|
|poke|p2|Metagross, L50, shiny|
|teampreview|4
|showteam|p1|Grimmsnarl||LightClay|Prankster|FoulPlay,PartingShot,LightScreen,Reflect|Calm||M|||50|]Swampert||Swampertite|Damp|Protect,IcePunch,WaveCrash,Earthquake|Adamant||F|||50|]Pelipper||SitrusBerry|Drizzle|WideGuard,Tailwind,WeatherBall,Hurricane|Modest||M|||50|]Archaludon||Leftovers|Stamina|Protect,ElectroShot,FlashCannon,DragonPulse|Modest||M|||50|]Sinistcha||ColburBerry|Hospitality|Protect,TrickRoom,MatchaGotcha,RagePowder|Relaxed|||||50|]Metagross||Metagrossite|ClearBody|Protect,BodyPress,PsychicFangs,IronHead|Jolly|||||50|
|showteam|p2|Talonflame||SharpBeak|GaleWings|Protect,Tailwind,DualWingbeat,Overheat|Naive||F|||50|]Garchomp||LifeOrb|RoughSkin|Protect,RockSlide,Earthquake,StompingTantrum|Adamant||F|||50|]Maushold||FocusSash|FriendGuard|Protect,SuperFang,FollowMe,Encore|Timid|||||50|]Gardevoir||Gardevoirite|Telepathy|Protect,TrickRoom,HyperVoice,Psychic|Modest||F|||50|]Basculegion||ChoiceScarf|Adaptability|FlipTurn,WaveCrash,LastRespects,PsychicFangs|Adamant||M|||50|]Metagross||ColburBerry|ClearBody|Protect,BulletPunch,PsychicFangs,HammerArm|Adamant|||||50|
|inactive|Battle timer is ON: inactive players will automatically lose when time's up. (requested by jgm1234)
|inactive|pressinblades has 60 seconds left.
|
|t:|1784572242
|teamsize|p1|4
|teamsize|p2|4
|start
|switch|p1a: Pelipper|Pelipper, L50, M|100/100
|switch|p1b: Swampert|Swampert, L50, F|100/100
|switch|p2a: Maushold|Maushold, L50|100/100
|switch|p2b: Gardevoir|Gardevoir, L50, F, shiny|100/100
|-weather|RainDance|[from] ability: Drizzle|[of] p1a: Pelipper
|turn|1
|inactive|pressinblades has 30 seconds left.
|
|t:|1784572271
|detailschange|p1b: Swampert|Swampert-Mega, L50, F
|-mega|p1b: Swampert|Swampert|Swampertite
|move|p2b: Gardevoir|Protect|p2b: Gardevoir
|-singleturn|p2b: Gardevoir|Protect
|move|p1b: Swampert|Earthquake|p2b: Gardevoir|[spread] p2a
|-activate|p2b: Gardevoir|move: Protect
|-immune|p1a: Pelipper
|-damage|p2a: Maushold|43/100
|move|p2a: Maushold|Super Fang|p1b: Swampert
|-damage|p1b: Swampert|50/100g
|move|p1a: Pelipper|Weather Ball|p2b: Gardevoir
|-activate|p2b: Gardevoir|move: Protect
|
|-weather|RainDance|[upkeep]
|upkeep
|turn|2
|inactive|pressinblades has 30 seconds left.
|inactive|pressinblades has 20 seconds left.
|inactive|pressinblades has 15 seconds left.
|inactive|pressinblades has 10 seconds left.
|
|t:|1784572317
|detailschange|p2b: Gardevoir|Gardevoir-Mega, L50, F, shiny
|-mega|p2b: Gardevoir|Gardevoir|Gardevoirite
|move|p2a: Maushold|Follow Me|p2a: Maushold
|-singleturn|p2a: Maushold|move: Follow Me
|move|p1b: Swampert|Earthquake|p2a: Maushold|[spread] p2a,p2b
|-immune|p1a: Pelipper
|-damage|p2a: Maushold|0 fnt
|-damage|p2b: Gardevoir|53/100
|faint|p2a: Maushold
|move|p2b: Gardevoir|Psychic|p1a: Pelipper
|-damage|p1a: Pelipper|24/100
|-enditem|p1a: Pelipper|Sitrus Berry|[eat]
|-heal|p1a: Pelipper|49/100|[from] item: Sitrus Berry
|move|p1a: Pelipper|Weather Ball|p2b: Gardevoir
|-damage|p2b: Gardevoir|7/100
|
|-weather|RainDance|[upkeep]
|upkeep
|
|t:|1784572336
|switch|p2a: Basculegion|Basculegion, L50, M|100/100
|turn|3
|
|t:|1784572359
|move|p1b: Swampert|Earthquake|p2a: Basculegion|[spread] p2a,p2b
|-immune|p1a: Pelipper
|-damage|p2a: Basculegion|34/100
|-damage|p2b: Gardevoir|0 fnt
|faint|p2b: Gardevoir
|move|p2a: Basculegion|Wave Crash|p1b: Swampert
|-damage|p1b: Swampert|0 fnt
|faint|p1b: Swampert
|-damage|p2a: Basculegion|18/100|[from] Recoil
|move|p1a: Pelipper|Tailwind|p1a: Pelipper
|-sidestart|p1: jgm1234|move: Tailwind
|
|-weather|RainDance|[upkeep]
|upkeep
|
|t:|1784572366
|switch|p2b: Garchomp|Garchomp, L50, F, shiny|100/100
|switch|p1b: Archaludon|Archaludon, L50, M|100/100
|turn|4
|inactive|pressinblades has 30 seconds left.
|
|t:|1784572396
|move|p1b: Archaludon|Dragon Pulse|p2b: Garchomp
|-supereffective|p2b: Garchomp|1
|-damage|p2b: Garchomp|18/100
|move|p2a: Basculegion|Wave Crash|p1a: Pelipper
|-resisted|p1a: Pelipper|1
|-crit|p1a: Pelipper
|-damage|p1a: Pelipper|0 fnt
|faint|p1a: Pelipper
|-damage|p2a: Basculegion|4/100|[from] Recoil
|move|p2b: Garchomp|Stomping Tantrum|p1b: Archaludon
|-supereffective|p1b: Archaludon|1
|-damage|p1b: Archaludon|19/100
|-ability|p1b: Archaludon|Stamina|boost
|-boost|p1b: Archaludon|def|1
|-damage|p2b: Garchomp|9/100|[from] item: Life Orb
|
|-weather|RainDance|[upkeep]
|-heal|p1b: Archaludon|25/100|[from] item: Leftovers
|upkeep
|
|t:|1784572402
|switch|p1a: Grimmsnarl|Grimmsnarl, L50, M|100/100
|turn|5
|inactive|pressinblades has 30 seconds left.
|
|t:|1784572427
|move|p2b: Garchomp|Protect|p2b: Garchomp
|-singleturn|p2b: Garchomp|Protect
|move|p1a: Grimmsnarl|Reflect|p1a: Grimmsnarl
|-sidestart|p1: jgm1234|Reflect
|move|p1b: Archaludon|Electro Shot||[still]
|-prepare|p1b: Archaludon|Electro Shot
|-boost|p1b: Archaludon|spa|1
|-anim|p1b: Archaludon|Electro Shot|p2a: Basculegion
|-supereffective|p2a: Basculegion|1
|-damage|p2a: Basculegion|0 fnt
|faint|p2a: Basculegion
|
|-weather|none
|-heal|p1b: Archaludon|31/100|[from] item: Leftovers
|upkeep
|turn|6
|
|t:|1784572442
|move|p1b: Archaludon|Electro Shot||[still]
|-prepare|p1b: Archaludon|Electro Shot
|-boost|p1b: Archaludon|spa|1
|move|p1a: Grimmsnarl|Foul Play|p2b: Garchomp
|-damage|p2b: Garchomp|0 fnt
|-damage|p1a: Grimmsnarl|87/100|[from] ability: Rough Skin|[of] p2b: Garchomp
|faint|p2b: Garchomp
|
|win|jgm1234
||jgm1234 is ready for game 2.
