|j|☆King_shuckle17
|j|☆yukiriii
|html|King_shuckle17yukiriii    
|uhtml|bestof|Game 2 of a best-of-3
|t:|1756608476
|gametype|doubles
|player|p1|King_shuckle17|lusamine-masters|1111
|player|p2|yukiriii|2|1043
|gen|9
|tier|[Gen 9] VGC 2025 Reg H (Bo3)
|rated|
|rule|Species Clause: Limit one of each Pokémon
|rule|Item Clause: Limit 1 of each item
|clearpoke
|poke|p1|Pelipper, L50, M|
|poke|p1|Archaludon, L50, F|
|poke|p1|Incineroar, L50, M|
|poke|p1|Grimmsnarl, L50, M|
|poke|p1|Overqwil, L50, F|
|poke|p1|Gholdengo, L50|
|poke|p2|Tyranitar, L50, M|
|poke|p2|Garchomp, L50, F|
|poke|p2|Indeedee, L50, M|
|poke|p2|Sneasler, L50, F|
|poke|p2|Talonflame, L50, M|
|poke|p2|Electabuzz, L50, M|
|teampreview|4
|showteam|p1|Pelipper||FocusSash|Drizzle|Hurricane,WeatherBall,Tailwind,Protect|||M|||50|,,,,,Ghost]Archaludon||AssaultVest|Stamina|ElectroShot,DragonPulse,FlashCannon,BodyPress|||F|||50|,,,,,Fairy]Incineroar||SitrusBerry|Intimidate|FakeOut,PartingShot,KnockOff,Taunt|||M|||50|,,,,,Grass]Grimmsnarl||LightClay|Prankster|LightScreen,Reflect,SpiritBreak,SuckerPunch|||M|||50|,,,,,Ghost]Overqwil||LifeOrb|SwiftSwim|BarbBarrage,Crunch,Haze,Protect|||F|||50|,,,,,Grass]Gholdengo||Leftovers|GoodasGold|MakeItRain,ShadowBall,NastyPlot,Protect||||||50|,,,,,Dragon
|showteam|p2|Tyranitar||AssaultVest|SandStream|TeraBlast,KnockOff,RockSlide,LowKick|||M|||50|,,,,,Flying]Garchomp||LifeOrb|SandVeil|Earthquake,DragonClaw,StompingTantrum,Protect|||F|||50|,,,,,Steel]Indeedee||FocusSash|PsychicSurge|ExpandingForce,HelpingHand,TrickRoom,Protect|||M|||50|,,,,,Psychic]Sneasler||PsychicSeed|Unburden|DireClaw,CloseCombat,ThroatChop,Protect|||F|||50|,,,,,Dark]Talonflame||CovertCloak|GaleWings|Tailwind,DualWingbeat,FlareBlitz,WillOWisp|||M|||50|,,,,,Fairy]Electabuzz||Eviolite|VitalSpirit|Electroweb,FollowMe,Taunt,Protect|||M|||50|,,,,,Flying
|inactive|Battle timer is ON: inactive players will automatically lose when time's up. (requested by King_shuckle17)
|
|t:|1756608513
|teamsize|p1|4
|teamsize|p2|4
|start
|switch|p1a: Incineroar|Incineroar, L50, M|100/100
|switch|p1b: Grimmsnarl|Grimmsnarl, L50, M|100/100
|switch|p2a: Electabuzz|Electabuzz, L50, M|100/100
|switch|p2b: Sneasler|Sneasler, L50, F|100/100
|-ability|p1a: Incineroar|Intimidate|boost
|-unboost|p2a: Electabuzz|atk|1
|-unboost|p2b: Sneasler|atk|1
|turn|1
|
|t:|1756608526
|move|p1a: Incineroar|Fake Out|p2b: Sneasler
|-damage|p2b: Sneasler|82/100
|move|p1b: Grimmsnarl|Reflect|p1b: Grimmsnarl
|-sidestart|p1: King_shuckle17|Reflect
|cant|p2b: Sneasler|flinch
|move|p2a: Electabuzz|Taunt|p1b: Grimmsnarl
|-start|p1b: Grimmsnarl|move: Taunt
|
|upkeep
|turn|2
|
|t:|1756608542
|switch|p2b: Tyranitar|Tyranitar, L50, M|100/100
|-weather|Sandstorm|[from] ability: Sand Stream|[of] p2b: Tyranitar
|move|p2a: Electabuzz|Electroweb|p1b: Grimmsnarl|[spread] p1a,p1b
|-damage|p1a: Incineroar|89/100
|-damage|p1b: Grimmsnarl|87/100
|-unboost|p1a: Incineroar|spe|1
|-unboost|p1b: Grimmsnarl|spe|1
|move|p1a: Incineroar|Parting Shot|p2b: Tyranitar
|-unboost|p2b: Tyranitar|atk|1
|-unboost|p2b: Tyranitar|spa|1
|
|t:|1756608551
|switch|p1a: Archaludon|Archaludon, L50, F|100/100|[from] Parting Shot
|move|p1b: Grimmsnarl|Spirit Break|p2b: Tyranitar
|-supereffective|p2b: Tyranitar
|-damage|p2b: Tyranitar|54/100
|-unboost|p2b: Tyranitar|spa|1
|
|-weather|Sandstorm|[upkeep]
|-damage|p2a: Electabuzz|95/100|[from] Sandstorm
|-damage|p1b: Grimmsnarl|81/100|[from] Sandstorm
|upkeep
|turn|3
|
|t:|1756608567
|switch|p1b: Incineroar|Incineroar, L50, M|89/100
|-ability|p1b: Incineroar|Intimidate|boost
|-unboost|p2a: Electabuzz|atk|1
|-unboost|p2b: Tyranitar|atk|1
|move|p2a: Electabuzz|Follow Me|p2a: Electabuzz
|-singleturn|p2a: Electabuzz|move: Follow Me
|move|p1a: Archaludon|Body Press|p2a: Electabuzz
|-damage|p2a: Electabuzz|78/100
|move|p2b: Tyranitar|Low Kick|p1a: Archaludon
|-supereffective|p1a: Archaludon
|-damage|p1a: Archaludon|86/100
|-ability|p1a: Archaludon|Stamina|boost
|-boost|p1a: Archaludon|def|1
|
|-weather|Sandstorm|[upkeep]
|-damage|p2a: Electabuzz|72/100|[from] Sandstorm
|-damage|p1b: Incineroar|83/100|[from] Sandstorm
|upkeep
|turn|4
|
|t:|1756608585
|switch|p2b: Garchomp|Garchomp, L50, F|100/100
|move|p1b: Incineroar|Fake Out|p2a: Electabuzz
|-damage|p2a: Electabuzz|64/100
|cant|p2a: Electabuzz|flinch
|move|p1a: Archaludon|Body Press|p2b: Garchomp
|-damage|p2b: Garchomp|67/100
|
|-weather|Sandstorm|[upkeep]
|-damage|p2a: Electabuzz|59/100|[from] Sandstorm
|-damage|p1b: Incineroar|77/100|[from] Sandstorm
|upkeep
|turn|5
|
|t:|1756608602
|-terastallize|p2a: Electabuzz|Flying
|move|p2b: Garchomp|Earthquake|p1b: Incineroar|[spread] p1a,p1b
|-immune|p2a: Electabuzz
|-supereffective|p1a: Archaludon
|-supereffective|p1b: Incineroar
|-damage|p1a: Archaludon|54/100
|-damage|p1b: Incineroar|15/100
|-ability|p1a: Archaludon|Stamina|boost
|-boost|p1a: Archaludon|def|1
|-enditem|p1b: Incineroar|Sitrus Berry|[eat]
|-heal|p1b: Incineroar|40/100|[from] item: Sitrus Berry
|-damage|p2b: Garchomp|57/100|[from] item: Life Orb
|move|p2a: Electabuzz|Taunt|p1b: Incineroar
|-start|p1b: Incineroar|move: Taunt
|move|p1a: Archaludon|Dragon Pulse|p2b: Garchomp
|-supereffective|p2b: Garchomp
|-damage|p2b: Garchomp|0 fnt
|faint|p2b: Garchomp
|cant|p1b: Incineroar|move: Taunt|Parting Shot
|
|-weather|Sandstorm|[upkeep]
|-damage|p2a: Electabuzz|53/100|[from] Sandstorm
|-damage|p1b: Incineroar|34/100|[from] Sandstorm
|upkeep
|-message|yukiriii forfeited.
|
|win|King_shuckle17
|raw|King_shuckle17's rating: 1111 → 1131(+20 for winning)
|raw|yukiriii's rating: 1043 → 1030(-13 for losing)
|l|☆yukiriii
|player|p2|
