|j|☆freddyber
|j|☆alj-kun
|html|freddyberalj-kun    
|uhtml|bestof|Game 2 of a best-of-3
|t:|1786153012
|gametype|doubles
|player|p1|freddyber|102|1109
|player|p2|alj-kun|169|1119
|gen|9
|tier|[Gen 9 Champions] VGC 2026 Reg M-B (Bo3)
|rated|
|rule|Species Clause: Limit one of each Pokémon
|rule|Item Clause: Limit 1 of each item
|clearpoke
|poke|p1|Hatterene, L50, F|
|poke|p1|Slowbro, L50, M, shiny|
|poke|p1|Mawile, L50, F, shiny|
|poke|p1|Pelipper, L50, F|
|poke|p1|Basculegion, L50, M, shiny|
|poke|p1|Archaludon, L50, F|
|poke|p2|Tyranitar, L50, M|
|poke|p2|Excadrill, L50, M|
|poke|p2|Milotic, L50, M|
|poke|p2|Sinistcha-Masterpiece, L50|
|poke|p2|Staraptor, L50, M|
|poke|p2|Gholdengo, L50|
|teampreview|4
|showteam|p1|Hatterene||TwistedSpoon|MagicBounce|TrickRoom,AfterYou,DazzlingGleam,ExpandingForce|Modest||F|||50|]Slowbro||Slowbronite|Regenerator|PsychicTerrain,ExpandingForce,Scald,NastyPlot|Modest||M|||50|]Mawile||Mawilite|HyperCutter|PlayRough,PsychicFangs,Protect,KnockOff|Brave||F|||50|]Pelipper||ChartiBerry|Drizzle|WideGuard,WeatherBall,Hurricane,Uturn|Serious||F|||50|]Basculegion||LifeOrb|SwiftSwim|FlipTurn,LastRespects,WaveCrash,Protect|Adamant||M|||50|]Archaludon||ExpertBelt|Stamina|ElectroShot,FlashCannon,DracoMeteor,AuraSphere|Timid||F|||50|
|showteam|p2|Tyranitar||Tyranitarite|SandStream|RockSlide,KnockOff,LowKick,Protect|Jolly||M|||50|]Excadrill||FocusSash|SandRush|IronHead,HighHorsepower,RockSlide,Protect|Jolly||M|||50|]Milotic||Leftovers|Competitive|Scald,IcyWind,IceBeam,Protect|Calm||M|||50|]Sinistcha-Masterpiece||ColburBerry|Hospitality|MatchaGotcha,ShadowBall,Protect,RagePowder|Bold|||||50|]Staraptor||Staraptite|Intimidate|CloseCombat,BraveBird,Tailwind,Protect|Jolly||M|||50|]Gholdengo||LifeOrb|GoodasGold|ShadowBall,MakeItRain,NastyPlot,Protect|Modest|||||50|
|inactive|Battle timer is ON: inactive players will automatically lose when time's up. (requested by alj-kun)
|
|t:|1786153052
|teamsize|p1|4
|teamsize|p2|4
|start
|switch|p1a: Hatterene|Hatterene, L50, F|100/100
|switch|p1b: Mawile|Mawile, L50, F, shiny|100/100
|switch|p2a: Tyranitar|Tyranitar, L50, M|100/100
|switch|p2b: Excadrill|Excadrill, L50, M|100/100
|-weather|Sandstorm|[from] ability: Sand Stream|[of] p2a: Tyranitar
|turn|1
|
|t:|1786153069
|move|p2a: Tyranitar|Protect|p2a: Tyranitar
|-singleturn|p2a: Tyranitar|Protect
|move|p1b: Mawile|Protect|p1b: Mawile
|-singleturn|p1b: Mawile|Protect
|move|p2b: Excadrill|Iron Head|p1a: Hatterene
|-supereffective|p1a: Hatterene|1
|-damage|p1a: Hatterene|14/100
|move|p1a: Hatterene|Trick Room|p1a: Hatterene
|-fieldstart|move: Trick Room|[of] p1a: Hatterene
|
|-weather|Sandstorm|[upkeep]
|-damage|p1a: Hatterene|8/100|[from] Sandstorm
|upkeep
|turn|2
|inactive|freddyber has 30 seconds left.
|inactive|alj-kun has 30 seconds left.
|
|t:|1786153104
|detailschange|p1b: Mawile|Mawile-Mega, L50, F, shiny
|-mega|p1b: Mawile|Mawile|Mawilite
|move|p1a: Hatterene|Dazzling Gleam|p2b: Excadrill|[spread] p2a,p2b
|-supereffective|p2a: Tyranitar|1
|-resisted|p2b: Excadrill|1
|-damage|p2a: Tyranitar|56/100
|-damage|p2b: Excadrill|77/100
|move|p1b: Mawile|Play Rough|p2a: Tyranitar
|-supereffective|p2a: Tyranitar|1
|-damage|p2a: Tyranitar|0 fnt
|faint|p2a: Tyranitar
|move|p2b: Excadrill|High Horsepower|p1b: Mawile
|-supereffective|p1b: Mawile|1
|-damage|p1b: Mawile|0 fnt
|faint|p1b: Mawile
|
|-weather|Sandstorm|[upkeep]
|-damage|p1a: Hatterene|2/100|[from] Sandstorm
|upkeep
|
|t:|1786153120
|switch|p1b: Pelipper|Pelipper, L50, F|100/100
|switch|p2a: Sinistcha|Sinistcha-Masterpiece, L50|100/100
|-weather|RainDance|[from] ability: Drizzle|[of] p1b: Pelipper
|-heal|p2b: Excadrill|100/100|[from] ability: Hospitality|[of] p2a: Sinistcha
|turn|3
|
|t:|1786153139
|switch|p2a: Gholdengo|Gholdengo, L50|100/100
|move|p1a: Hatterene|Expanding Force|p2a: Gholdengo
|-resisted|p2a: Gholdengo|1
|-damage|p2a: Gholdengo|75/100
|move|p1b: Pelipper|Weather Ball|p2b: Excadrill
|-supereffective|p2b: Excadrill|1
|-enditem|p2b: Excadrill|Focus Sash
|-damage|p2b: Excadrill|1/100
|move|p2b: Excadrill|Iron Head|p1a: Hatterene
|-supereffective|p1a: Hatterene|1
|-damage|p1a: Hatterene|0 fnt
|faint|p1a: Hatterene
|
|-weather|RainDance|[upkeep]
|upkeep
|
|t:|1786153150
|switch|p1a: Slowbro|Slowbro, L50, M, shiny|100/100
|turn|4
|
|t:|1786153173
|switch|p2b: Sinistcha|Sinistcha-Masterpiece, L50|100/100
|-heal|p2a: Gholdengo|100/100|[from] ability: Hospitality|[of] p2b: Sinistcha
|move|p1a: Slowbro|Scald|p2a: Gholdengo
|-damage|p2a: Gholdengo|47/100
|move|p1b: Pelipper|Hurricane|p2a: Gholdengo
|-resisted|p2a: Gholdengo|1
|-damage|p2a: Gholdengo|22/100
|-start|p2a: Gholdengo|confusion
|-activate|p2a: Gholdengo|confusion
|move|p2a: Gholdengo|Nasty Plot|p2a: Gholdengo
|-boost|p2a: Gholdengo|spa|2
|
|-weather|RainDance|[upkeep]
|upkeep
|turn|5
|
|t:|1786153194
|move|p2b: Sinistcha|Protect|p2b: Sinistcha
|-singleturn|p2b: Sinistcha|Protect
|-activate|p2a: Gholdengo|confusion
|move|p2a: Gholdengo|Protect|p2a: Gholdengo
|-singleturn|p2a: Gholdengo|Protect
|move|p1a: Slowbro|Scald|p2a: Gholdengo
|-activate|p2a: Gholdengo|move: Protect
|move|p1b: Pelipper|Hurricane|p2b: Sinistcha
|-activate|p2b: Sinistcha|move: Protect
|
|-weather|RainDance|[upkeep]
|-fieldend|move: Trick Room
|upkeep
|turn|6
|
|t:|1786153214
|switch|p2b: Excadrill|Excadrill, L50, M|1/100
|-end|p2a: Gholdengo|confusion
|move|p2a: Gholdengo|Shadow Ball|p1b: Pelipper
|-damage|p1b: Pelipper|0 fnt
|faint|p1b: Pelipper
|-damage|p2a: Gholdengo|13/100|[from] item: Life Orb
|move|p1a: Slowbro|Scald|p2a: Gholdengo
|-damage|p2a: Gholdengo|0 fnt
|faint|p2a: Gholdengo
|
|-weather|RainDance|[upkeep]
|upkeep
|
|t:|1786153226
|switch|p2a: Sinistcha|Sinistcha-Masterpiece, L50|100/100
|-heal|p2b: Excadrill|25/100|[from] ability: Hospitality|[of] p2a: Sinistcha
|turn|7
|
|t:|1786153235
|move|p2b: Excadrill|High Horsepower|p1a: Slowbro
|-damage|p1a: Slowbro|53/100
|move|p2a: Sinistcha|Shadow Ball|p1a: Slowbro
|-supereffective|p1a: Slowbro|1
|-damage|p1a: Slowbro|0 fnt
|faint|p1a: Slowbro
|
|win|alj-kun
|raw|freddyber's rating: 1109 → 1085(-24 for losing)
|raw|alj-kun's rating: 1119 → 1143(+24 for winning)
|l|☆freddyber
|player|p1|
