|j|☆Mortipherus
|j|☆Er Yayo
|html|MortipherusEr Yayo    
|uhtml|bestof|Game 2 of a best-of-3
|t:|1756563866
|gametype|doubles
|player|p1|Mortipherus|biker-gen4|1137
|player|p2|Er Yayo|1|1101
|gen|9
|tier|[Gen 9] VGC 2025 Reg H (Bo3)
|rated|
|rule|Species Clause: Limit one of each Pokémon
|rule|Item Clause: Limit 1 of each item
|clearpoke
|poke|p1|Hydrapple, L50, M|
|poke|p1|Arcanine-Hisui, L50, F|
|poke|p1|Gholdengo, L50|
|poke|p1|Electabuzz, L50, F|
|poke|p1|Indeedee, L50, M|
|poke|p1|Sneasler, L50, M|
|poke|p2|Porygon2, L50|
|poke|p2|Charizard, L50, F|
|poke|p2|Jumpluff, L50, M|
|poke|p2|Torkoal, L50, F|
|poke|p2|Ursaluna, L50, M|
|poke|p2|Incineroar, L50, M|
|teampreview|4
|showteam|p1|Hydrapple||AssaultVest|Regenerator|FickleBeam,EnergyBall,EarthPower,BreakingSwipe|||M|||50|,,,,,Ground]Arcanine-Hisui||ClearAmulet|Intimidate|Protect,ExtremeSpeed,FlareBlitz,RockSlide|||F|||50|,,,,,Grass]Gholdengo||LifeOrb|GoodasGold|Protect,NastyPlot,MakeItRain,ShadowBall||||||50|,,,,,Flying]Electabuzz||Eviolite|VitalSpirit|Protect,FollowMe,Taunt,Electroweb|||F|||50|,,,,,Dragon]Indeedee||FocusSash|PsychicSurge|Protect,TrickRoom,ExpandingForce,TeraBlast|||M|||50|,,,,,Ground]Sneasler||PsychicSeed|Unburden|Protect,ThroatChop,DireClaw,CloseCombat|||M|||50|,,,,,Dark
|showteam|p2|Porygon2||Eviolite|Download|TeraBlast,IceBeam,TrickRoom,Recover||||||50|,,,,,Fighting]Charizard||ChoiceSpecs|SolarPower|HeatWave,Overheat,WeatherBall,AirSlash|||F|||50|,,,,,Ghost]Jumpluff||CovertCloak|Chlorophyll|Tailwind,SleepPowder,SunnyDay,RagePowder|||M|||50|,,,,,Water]Torkoal||EjectPack|Drought|Eruption,Overheat,HelpingHand,Protect|||F|||50|,,,,,Fire]Ursaluna||FlameOrb|Guts|Facade,HeadlongRush,Earthquake,Protect|||M|||50|,,,,,Ghost]Incineroar||SitrusBerry|Intimidate|FlareBlitz,KnockOff,PartingShot,FakeOut|||M|||50|,,,,,Ghost
|
|t:|1756563909
|teamsize|p1|4
|teamsize|p2|4
|start
|switch|p1a: Indeedee|Indeedee, L50, M|100/100
|switch|p1b: Arcanine|Arcanine-Hisui, L50, F|100/100
|switch|p2a: Jumpluff|Jumpluff, L50, M|100/100
|switch|p2b: Torkoal|Torkoal, L50, F|100/100
|-fieldstart|move: Psychic Terrain|[from] ability: Psychic Surge|[of] p1a: Indeedee
|-ability|p1b: Arcanine|Intimidate|boost
|-unboost|p2a: Jumpluff|atk|1
|-unboost|p2b: Torkoal|atk|1
|-weather|SunnyDay|[from] ability: Drought|[of] p2b: Torkoal
|-enditem|p2b: Torkoal|Eject Pack
|
|t:|1756563920
|switch|p2b: Ursaluna|Ursaluna, L50, M|100/100
|turn|1
|
|t:|1756563944
|switch|p1b: Hydrapple|Hydrapple, L50, M|100/100
|move|p2b: Ursaluna|Protect|p2b: Ursaluna
|-singleturn|p2b: Ursaluna|Protect
|move|p2a: Jumpluff|Sleep Powder|p1a: Indeedee
|-status|p1a: Indeedee|slp|[from] move: Sleep Powder
|cant|p1a: Indeedee|slp
|
|-weather|SunnyDay|[upkeep]
|-status|p2b: Ursaluna|brn|[from] item: Flame Orb
|upkeep
|turn|2
|
|t:|1756563976
|switch|p1a: Arcanine|Arcanine-Hisui, L50, F|100/100
|-ability|p1a: Arcanine|Intimidate|boost
|-unboost|p2a: Jumpluff|atk|1
|-unboost|p2b: Ursaluna|atk|1
|-terastallize|p2b: Ursaluna|Ghost
|move|p2a: Jumpluff|Tailwind|p2a: Jumpluff
|-sidestart|p2: Er Yayo|move: Tailwind
|move|p2b: Ursaluna|Facade|p1a: Arcanine
|-resisted|p1a: Arcanine
|-damage|p1a: Arcanine|58/100
|move|p1b: Hydrapple|Breaking Swipe|p2a: Jumpluff|[spread] p2a,p2b
|-damage|p2a: Jumpluff|84/100
|-damage|p2b: Ursaluna|91/100 brn
|-unboost|p2b: Ursaluna|atk|1
|
|-weather|SunnyDay|[upkeep]
|-damage|p2b: Ursaluna|85/100 brn|[from] brn
|upkeep
|turn|3
|
|t:|1756564001
|move|p1a: Arcanine|Protect|p1a: Arcanine
|-singleturn|p1a: Arcanine|Protect
|move|p2a: Jumpluff|Sleep Powder|p1a: Arcanine
|-activate|p1a: Arcanine|move: Protect
|move|p2b: Ursaluna|Facade|p1b: Hydrapple
|-damage|p1b: Hydrapple|55/100
|move|p1b: Hydrapple|Fickle Beam|p2a: Jumpluff
|-damage|p2a: Jumpluff|42/100
|
|-weather|SunnyDay|[upkeep]
|-damage|p2b: Ursaluna|79/100 brn|[from] brn
|upkeep
|turn|4
|
|t:|1756564021
|switch|p1a: Indeedee|Indeedee, L50, M|100/100 slp
|move|p2a: Jumpluff|Rage Powder|p2a: Jumpluff
|-singleturn|p2a: Jumpluff|move: Rage Powder
|move|p2b: Ursaluna|Facade|p1a: Indeedee
|-enditem|p1a: Indeedee|Focus Sash
|-damage|p1a: Indeedee|1/100 slp
|move|p1b: Hydrapple|Fickle Beam|p2a: Jumpluff
|-damage|p2a: Jumpluff|0 fnt
|faint|p2a: Jumpluff
|
|-weather|SunnyDay|[upkeep]
|-damage|p2b: Ursaluna|73/100 brn|[from] brn
|upkeep
|
|t:|1756564034
|switch|p2a: Incineroar|Incineroar, L50, M|100/100
|-ability|p2a: Incineroar|Intimidate|boost
|-unboost|p1a: Indeedee|atk|1
|-unboost|p1b: Hydrapple|atk|1
|turn|5
|
|t:|1756564048
|switch|p1a: Arcanine|Arcanine-Hisui, L50, F|58/100
|-ability|p1a: Arcanine|Intimidate|boost
|-unboost|p2a: Incineroar|atk|1
|-unboost|p2b: Ursaluna|atk|1
|move|p2b: Ursaluna|Facade|p1a: Arcanine
|-resisted|p1a: Arcanine
|-damage|p1a: Arcanine|33/100
|move|p2a: Incineroar|Flare Blitz|p1b: Hydrapple
|-damage|p1b: Hydrapple|19/100
|-damage|p2a: Incineroar|88/100|[from] Recoil
|move|p1b: Hydrapple|Breaking Swipe|p2a: Incineroar|[spread] p2a,p2b
|-damage|p2a: Incineroar|81/100
|-damage|p2b: Ursaluna|66/100 brn
|-unboost|p2a: Incineroar|atk|1
|-unboost|p2b: Ursaluna|atk|1
|
|-weather|none
|-damage|p2b: Ursaluna|61/100 brn|[from] brn
|-sideend|p2: Er Yayo|move: Tailwind
|-fieldend|move: Psychic Terrain
|upkeep
|turn|6
|
|t:|1756564077
|switch|p2b: Torkoal|Torkoal, L50, F|100/100
|-weather|SunnyDay|[from] ability: Drought|[of] p2b: Torkoal
|switch|p1b: Indeedee|Indeedee, L50, M|1/100 slp
|-fieldstart|move: Psychic Terrain|[from] ability: Psychic Surge|[of] p1b: Indeedee
|move|p1a: Arcanine|Rock Slide|p2a: Incineroar|[spread] p2a,p2b
|-supereffective|p2a: Incineroar
|-supereffective|p2b: Torkoal
|-damage|p2a: Incineroar|36/100
|-damage|p2b: Torkoal|63/100
|-enditem|p2a: Incineroar|Sitrus Berry|[eat]
|-heal|p2a: Incineroar|61/100|[from] item: Sitrus Berry
|cant|p2a: Incineroar|flinch
|
|-weather|SunnyDay|[upkeep]
|upkeep
|turn|7
|
|t:|1756564098
|cant|p1b: Indeedee|slp
|move|p1a: Arcanine|Rock Slide|p2a: Incineroar|[spread] p2a,p2b
|-supereffective|p2a: Incineroar
|-supereffective|p2b: Torkoal
|-damage|p2a: Incineroar|13/100
|-damage|p2b: Torkoal|26/100
|cant|p2a: Incineroar|flinch
|move|p2b: Torkoal|Eruption|p1a: Arcanine|[spread] p1a,p1b
|-resisted|p1a: Arcanine
|-damage|p1a: Arcanine|29/100
|-damage|p1b: Indeedee|0 fnt
|faint|p1b: Indeedee
|
|-weather|SunnyDay|[upkeep]
|upkeep
|
|t:|1756564116
|switch|p1b: Sneasler|Sneasler, L50, M|100/100
|-enditem|p1b: Sneasler|Psychic Seed
|-boost|p1b: Sneasler|spd|1|[from] item: Psychic Seed
|turn|8
|-message|Er Yayo forfeited.
|
|win|Mortipherus
|l|☆Er Yayo
|player|p2|
||Er Yayo is ready for game 3.
