|j|☆dhrx
|j|☆Jcoisa
|html|dhrxJcoisa    
|uhtml|bestof|Game 3 of a best-of-3
|t:|1783561125
|gametype|doubles
|player|p1|dhrx|lucian|
|player|p2|Jcoisa|red|
|gen|9
|tier|[Gen 9 Champions] VGC 2026 Reg M-B (Bo3)
|rule|Species Clause: Limit one of each Pokémon
|rule|Item Clause: Limit 1 of each item
|clearpoke
|poke|p1|Delphox, L50, F|
|poke|p1|Blastoise, L50, M|
|poke|p1|Sneasler, L50, M|
|poke|p1|Incineroar, L50, M|
|poke|p1|Sinistcha, L50|
|poke|p1|Maushold-Four, L50|
|poke|p2|Scovillain, L50, F|
|poke|p2|Excadrill, L50, F|
|poke|p2|Tyranitar, L50, M|
|poke|p2|Basculegion, L50, M|
|poke|p2|Corviknight, L50, M|
|poke|p2|Sneasler, L50, M|
|teampreview|4
|showteam|p1|Delphox||Delphoxite|Blaze|Protect,HeatWave,Psyshock,NastyPlot|Modest||F|||50|]Blastoise||Blastoisinite|RainDish|Protect,WaterSpout,ShellSmash,DarkPulse|Modest||M|||50|]Sneasler||WhiteHerb|Unburden|GunkShot,CloseCombat,RainDance,FakeOut|Jolly||M|||50|]Incineroar||SitrusBerry|Intimidate|FlareBlitz,ThroatChop,FakeOut,PartingShot|Impish||M|||50|]Sinistcha||KasibBerry|Hospitality|Protect,MatchaGotcha,LifeDew,RagePowder|Bold|||||50|]Maushold-Four||FocusSash|FriendGuard|Protect,FollowMe,SuperFang,Feint|Jolly|||||50|
|showteam|p2|Scovillain||Scovillainite|Moody|Overheat,GigaDrain,RagePowder,Protect|Modest||F|||50|]Excadrill||FocusSash|SandRush|HighHorsepower,IronHead,RockSlide,Protect|Adamant||F|||50|]Tyranitar||Tyranitarite|SandStream|RockSlide,KnockOff,LowKick,Protect|Adamant||M|||50|]Basculegion||ChoiceScarf|Adaptability|WaveCrash,FlipTurn,AquaJet,LastRespects|Jolly||M|||50|]Corviknight||Leftovers|MirrorArmor|BraveBird,IronHead,BulkUp,Tailwind|Adamant||M|||50|]Sneasler||WhiteHerb|Unburden|DireClaw,CloseCombat,FakeOut,Protect|Jolly||M|||50|
|
|t:|1783561157
|teamsize|p1|4
|teamsize|p2|4
|start
|switch|p1a: Blastoise|Blastoise, L50, M|100/100
|switch|p1b: Sinistcha|Sinistcha, L50|100/100
|switch|p2a: Sneasler|Sneasler, L50, M|100/100
|switch|p2b: Basculegion|Basculegion, L50, M|100/100
|turn|1
|
|t:|1783561183
|detailschange|p1a: Blastoise|Blastoise-Mega, L50, M
|-mega|p1a: Blastoise|Blastoise|Blastoisinite
|move|p2a: Sneasler|Fake Out|p1a: Blastoise
|-damage|p1a: Blastoise|87/100
|move|p2b: Basculegion|Last Respects|p1b: Sinistcha
|-supereffective|p1b: Sinistcha|1
|-enditem|p1b: Sinistcha|Kasib Berry|[eat]
|-enditem|p1b: Sinistcha|Kasib Berry|[weaken]
|-damage|p1b: Sinistcha|76/100
|cant|p1a: Blastoise|flinch
|move|p1b: Sinistcha|Matcha Gotcha|p2a: Sneasler|[spread] p2a
|-miss|p1b: Sinistcha|p2b: Basculegion
|-resisted|p2a: Sneasler|1
|-damage|p2a: Sneasler|85/100
|-heal|p1b: Sinistcha|84/100|[from] drain|[of] p2a: Sneasler
|
|upkeep
|turn|2
|
|t:|1783561216
|move|p1b: Sinistcha|Rage Powder|p1b: Sinistcha
|-singleturn|p1b: Sinistcha|move: Rage Powder
|move|p2b: Basculegion|Last Respects|p1b: Sinistcha
|-supereffective|p1b: Sinistcha|1
|-damage|p1b: Sinistcha|32/100
|move|p2a: Sneasler|Dire Claw|p1b: Sinistcha
|-damage|p1b: Sinistcha|5/100
|move|p1a: Blastoise|Shell Smash|p1a: Blastoise
|-unboost|p1a: Blastoise|def|1
|-unboost|p1a: Blastoise|spd|1
|-boost|p1a: Blastoise|atk|2
|-boost|p1a: Blastoise|spa|2
|-boost|p1a: Blastoise|spe|2
|
|upkeep
|turn|3
|
|t:|1783561238
|move|p2a: Sneasler|Protect|p2a: Sneasler
|-singleturn|p2a: Sneasler|Protect
|move|p1b: Sinistcha|Protect|p1b: Sinistcha
|-singleturn|p1b: Sinistcha|Protect
|move|p1a: Blastoise|Dark Pulse|p2b: Basculegion
|-supereffective|p2b: Basculegion|1
|-damage|p2b: Basculegion|0 fnt
|faint|p2b: Basculegion
|
|upkeep
|
|t:|1783561247
|switch|p2b: Scovillain|Scovillain, L50, F|100/100
|turn|4
|
|t:|1783561282
|switch|p1b: Sneasler|Sneasler, L50, M|100/100
|move|p1a: Blastoise|Water Spout|p2b: Scovillain|[spread] p2a,p2b
|-damage|p2a: Sneasler|0 fnt
|-damage|p2b: Scovillain|0 fnt
|faint|p2a: Sneasler
|faint|p2b: Scovillain
|
|upkeep
|
|t:|1783561298
|switch|p2b: Tyranitar|Tyranitar, L50, M|100/100
|-weather|Sandstorm|[from] ability: Sand Stream|[of] p2b: Tyranitar
|turn|5
|
|t:|1783561307
|detailschange|p2b: Tyranitar|Tyranitar-Mega, L50, M
|-mega|p2b: Tyranitar|Tyranitar|Tyranitarite
|move|p1b: Sneasler|Fake Out|p2b: Tyranitar
|-resisted|p2b: Tyranitar|1
|-damage|p2b: Tyranitar|96/100
|move|p1a: Blastoise|Water Spout|p2b: Tyranitar
|-supereffective|p2b: Tyranitar|1
|-damage|p2b: Tyranitar|0 fnt
|faint|p2b: Tyranitar
|
|win|dhrx
