|j|☆huntr/x rumi
|j|☆TheMarrsterVGC
|html|huntr/x rumiTheMarrsterVGC    
|uhtml|bestof|Game 2 of a best-of-3
|t:|1756401395
|gametype|doubles
|player|p1|huntr/x rumi|guitarist|1275
|player|p2|TheMarrsterVGC|266|1233
|gen|9
|tier|[Gen 9] VGC 2025 Reg H (Bo3)
|rated|
|rule|Species Clause: Limit one of each Pokémon
|rule|Item Clause: Limit 1 of each item
|clearpoke
|poke|p1|Grimmsnarl, L50, M|
|poke|p1|Incineroar, L50, F|
|poke|p1|Gliscor, L50, M|
|poke|p1|Archaludon, L50, F|
|poke|p1|Sinistcha, L50|
|poke|p1|Pelipper, L50, F|
|poke|p2|Ursaluna, L50, M|
|poke|p2|Pelipper, L50, F|
|poke|p2|Archaludon, L50, F|
|poke|p2|Sinistcha, L50|
|poke|p2|Dragonite, L50, F|
|poke|p2|Gholdengo, L50|
|teampreview|4
|showteam|p1|Grimmsnarl||LightClay|Prankster|SpiritBreak,Reflect,LightScreen,ThunderWave|||M|||50|,,,,,Ghost]Incineroar||SafetyGoggles|Intimidate|FlareBlitz,KnockOff,FakeOut,PartingShot|||F|||50|,,,,,Ghost]Gliscor||ToxicOrb|PoisonHeal|DualWingbeat,HighHorsepower,SwordsDance,Protect|||M|||50|,,,,,Water]Archaludon||PowerHerb|Stalwart|ElectroShot,DracoMeteor,Thunderbolt,Protect|||F|||50|,,,,,Electric]Sinistcha||AssaultVest|Hospitality|MatchaGotcha,ShadowBall,Scald,Hex||||||50|,,,,,Water]Pelipper||FocusSash|Drizzle|WeatherBall,Hurricane,Tailwind,Protect|||F|||50|,,,,,Ghost
|showteam|p2|Ursaluna||FlameOrb|Guts|Facade,HeadlongRush,Earthquake,Protect|||M|||50|,,,,,Ghost]Pelipper||FocusSash|Drizzle|MuddyWater,Hurricane,Tailwind,Protect|||F|||50|,,,,,Ghost]Archaludon||AssaultVest|Stamina|ElectroShot,Snarl,BodyPress,DragonPulse|||F|||50|,,,,,Grass]Sinistcha||SitrusBerry|Hospitality|MatchaGotcha,RagePowder,TrickRoom,LifeDew||||||50|,,,,,Dark]Dragonite||LoadedDice|Multiscale|ScaleShot,Tailwind,Haze,Protect|||F|||50|,,,,,Fairy]Gholdengo||ChoiceScarf|GoodasGold|MakeItRain,ShadowBall,PowerGem,Trick||||||50|,,,,,Steel
|
|t:|1756401421
|teamsize|p1|4
|teamsize|p2|4
|start
|switch|p1a: Grimmsnarl|Grimmsnarl, L50, M|100/100
|switch|p1b: Archaludon|Archaludon, L50, F, shiny|100/100
|switch|p2a: Gholdengo|Gholdengo, L50|100/100
|switch|p2b: Dragonite|Dragonite, L50, F|100/100
|turn|1
|
|t:|1756401438
|-terastallize|p1b: Archaludon|Electric
|move|p1a: Grimmsnarl|Light Screen|p1a: Grimmsnarl
|-sidestart|p1: huntr/x rumi|move: Light Screen
|move|p2a: Gholdengo|Shadow Ball|p1b: Archaludon
|-damage|p1b: Archaludon|63/100
|move|p2b: Dragonite|Scale Shot|p1b: Archaludon
|-damage|p1b: Archaludon|52/100
|-damage|p1b: Archaludon|42/100
|-damage|p1b: Archaludon|31/100
|-damage|p1b: Archaludon|20/100
|-hitcount|p1b: Archaludon|4
|-unboost|p2b: Dragonite|def|1
|-boost|p2b: Dragonite|spe|1
|move|p1b: Archaludon|Electro Shot||[still]
|-prepare|p1b: Archaludon|Electro Shot
|-boost|p1b: Archaludon|spa|1
|-enditem|p1b: Archaludon|Power Herb
|-anim|p1b: Archaludon|Electro Shot|p2a: Gholdengo
|-damage|p2a: Gholdengo|0 fnt
|faint|p2a: Gholdengo
|
|upkeep
|
|t:|1756401464
|switch|p2a: Ursaluna|Ursaluna, L50, M|100/100
|turn|2
|
|t:|1756401482
|-terastallize|p2b: Dragonite|Fairy
|move|p1b: Archaludon|Protect|p1b: Archaludon
|-singleturn|p1b: Archaludon|Protect
|move|p1a: Grimmsnarl|Reflect|p1a: Grimmsnarl
|-sidestart|p1: huntr/x rumi|Reflect
|move|p2b: Dragonite|Tailwind|p2b: Dragonite
|-sidestart|p2: TheMarrsterVGC|move: Tailwind
|move|p2a: Ursaluna|Earthquake|p1a: Grimmsnarl|[spread] p2b,p1a
|-activate|p1b: Archaludon|move: Protect
|-damage|p2b: Dragonite|63/100
|-damage|p1a: Grimmsnarl|67/100
|
|-status|p2a: Ursaluna|brn|[from] item: Flame Orb
|upkeep
|turn|3
|
|t:|1756401505
|move|p2b: Dragonite|Protect|p2b: Dragonite
|-singleturn|p2b: Dragonite|Protect
|move|p1a: Grimmsnarl|Thunder Wave|p2b: Dragonite
|-activate|p2b: Dragonite|move: Protect
|move|p2a: Ursaluna|Earthquake|p1a: Grimmsnarl|[spread] p1a,p1b
|-activate|p2b: Dragonite|move: Protect
|-supereffective|p1b: Archaludon
|-damage|p1a: Grimmsnarl|20/100
|-damage|p1b: Archaludon|0 fnt
|faint|p1b: Archaludon
|
|-damage|p2a: Ursaluna|95/100 brn|[from] brn
|upkeep
|
|t:|1756401509
|switch|p1b: Sinistcha|Sinistcha, L50|100/100
|-heal|p1a: Grimmsnarl|45/100|[from] ability: Hospitality|[of] p1b: Sinistcha
|turn|4
|
|t:|1756401544
|switch|p1a: Incineroar|Incineroar, L50, F|100/100
|-ability|p1a: Incineroar|Intimidate|boost
|-unboost|p2a: Ursaluna|atk|1
|-unboost|p2b: Dragonite|atk|1
|move|p2b: Dragonite|Scale Shot|p1b: Sinistcha
|-damage|p1b: Sinistcha|94/100
|-damage|p1b: Sinistcha|87/100
|-damage|p1b: Sinistcha|81/100
|-damage|p1b: Sinistcha|75/100
|-damage|p1b: Sinistcha|69/100
|-hitcount|p1b: Sinistcha|5
|-unboost|p2b: Dragonite|def|1
|-boost|p2b: Dragonite|spe|1
|move|p2a: Ursaluna|Facade|p1a: Incineroar
|-damage|p1a: Incineroar|46/100
|move|p1b: Sinistcha|Matcha Gotcha|p2a: Ursaluna|[spread] p2a,p2b
|-supereffective|p2a: Ursaluna
|-damage|p2a: Ursaluna|39/100 brn
|-heal|p1b: Sinistcha|100/100|[from] drain|[of] p2a: Ursaluna
|-damage|p2b: Dragonite|32/100
|
|-damage|p2a: Ursaluna|33/100 brn|[from] brn
|upkeep
|turn|5
|
|t:|1756401576
|switch|p2a: Archaludon|Archaludon, L50, F|100/100
|move|p2b: Dragonite|Protect|p2b: Dragonite
|-singleturn|p2b: Dragonite|Protect
|move|p1a: Incineroar|Fake Out|p2b: Dragonite
|-activate|p2b: Dragonite|move: Protect
|move|p1b: Sinistcha|Matcha Gotcha|p2a: Archaludon|[spread] p2a
|-activate|p2b: Dragonite|move: Protect
|-resisted|p2a: Archaludon
|-damage|p2a: Archaludon|96/100
|-ability|p2a: Archaludon|Stamina|boost
|-boost|p2a: Archaludon|def|1
|
|-sideend|p2: TheMarrsterVGC|move: Tailwind
|upkeep
|turn|6
|
|t:|1756401607
|move|p2b: Dragonite|Scale Shot|p1a: Incineroar
|-damage|p1a: Incineroar|40/100
|-damage|p1a: Incineroar|34/100
|-damage|p1a: Incineroar|27/100
|-damage|p1a: Incineroar|21/100
|-hitcount|p1a: Incineroar|4
|-unboost|p2b: Dragonite|def|1
|-boost|p2b: Dragonite|spe|1
|move|p1a: Incineroar|Knock Off|p2b: Dragonite
|-resisted|p2b: Dragonite
|-damage|p2b: Dragonite|0 fnt
|-enditem|p2b: Dragonite|Loaded Dice|[from] move: Knock Off|[of] p1a: Incineroar
|faint|p2b: Dragonite
|move|p2a: Archaludon|Electro Shot||[still]
|-prepare|p2a: Archaludon|Electro Shot
|-boost|p2a: Archaludon|spa|1
|move|p1b: Sinistcha|Matcha Gotcha|p2a: Archaludon
|-resisted|p2a: Archaludon
|-damage|p2a: Archaludon|89/100
|-status|p2a: Archaludon|brn
|-ability|p2a: Archaludon|Stamina|boost
|-boost|p2a: Archaludon|def|1
|
|-damage|p2a: Archaludon|83/100 brn|[from] brn
|upkeep
|
|t:|1756401632
|switch|p2b: Ursaluna|Ursaluna, L50, M|33/100 brn
|turn|7
|
|t:|1756401639
|move|p2a: Archaludon|Electro Shot|p1a: Incineroar|[from] lockedmove
|-damage|p1a: Incineroar|0 fnt
|faint|p1a: Incineroar
|move|p2b: Ursaluna|Headlong Rush|p1b: Sinistcha
|-resisted|p1b: Sinistcha
|-damage|p1b: Sinistcha|68/100
|-unboost|p2b: Ursaluna|def|1
|-unboost|p2b: Ursaluna|spd|1
|move|p1b: Sinistcha|Matcha Gotcha|p2a: Archaludon|[spread] 
|-miss|p1b: Sinistcha|p2a: Archaludon
|-miss|p1b: Sinistcha|p2b: Ursaluna
|
|-damage|p2a: Archaludon|77/100 brn|[from] brn
|-damage|p2b: Ursaluna|27/100 brn|[from] brn
|upkeep
|
|t:|1756401652
|switch|p1a: Grimmsnarl|Grimmsnarl, L50, M|45/100
|turn|8
|
|t:|1756401664
|move|p2a: Archaludon|Snarl|p1b: Sinistcha|[spread] p1a,p1b
|-resisted|p1a: Grimmsnarl
|-supereffective|p1b: Sinistcha
|-damage|p1a: Grimmsnarl|43/100
|-damage|p1b: Sinistcha|54/100
|-unboost|p1a: Grimmsnarl|spa|1
|-unboost|p1b: Sinistcha|spa|1
|move|p2b: Ursaluna|Headlong Rush|p1a: Grimmsnarl
|-damage|p1a: Grimmsnarl|0 fnt
|-unboost|p2b: Ursaluna|def|1
|-unboost|p2b: Ursaluna|spd|1
|faint|p1a: Grimmsnarl
|move|p1b: Sinistcha|Matcha Gotcha|p2a: Archaludon|[spread] p2a,p2b
|-resisted|p2a: Archaludon
|-supereffective|p2b: Ursaluna
|-damage|p2a: Archaludon|73/100 brn
|-heal|p1b: Sinistcha|56/100|[from] drain|[of] p2a: Archaludon
|-damage|p2b: Ursaluna|0 fnt
|-heal|p1b: Sinistcha|72/100|[from] drain|[of] p2b: Ursaluna
|-ability|p2a: Archaludon|Stamina|boost
|-boost|p2a: Archaludon|def|1
|faint|p2b: Ursaluna
|
|-damage|p2a: Archaludon|67/100 brn|[from] brn
|-sideend|p1: huntr/x rumi|move: Light Screen
|upkeep
|turn|9
|
|t:|1756401682
|move|p2a: Archaludon|Snarl|p1b: Sinistcha
|-supereffective|p1b: Sinistcha
|-damage|p1b: Sinistcha|42/100
|-unboost|p1b: Sinistcha|spa|1
|move|p1b: Sinistcha|Hex|p2a: Archaludon
|-damage|p2a: Archaludon|47/100 brn
|-ability|p2a: Archaludon|Stamina|boost
|-boost|p2a: Archaludon|def|1
|
|-damage|p2a: Archaludon|41/100 brn|[from] brn
|-sideend|p1: huntr/x rumi|Reflect
|upkeep
|turn|10
|
|t:|1756401695
|move|p2a: Archaludon|Snarl|p1b: Sinistcha
|-supereffective|p1b: Sinistcha
|-damage|p1b: Sinistcha|9/100
|-unboost|p1b: Sinistcha|spa|1
|move|p1b: Sinistcha|Hex|p2a: Archaludon
|-damage|p2a: Archaludon|23/100 brn
|-ability|p2a: Archaludon|Stamina|boost
|-boost|p2a: Archaludon|def|1
|
|-damage|p2a: Archaludon|17/100 brn|[from] brn
|upkeep
|turn|11
|
|t:|1756401703
|move|p2a: Archaludon|Dragon Pulse|p1b: Sinistcha
|-damage|p1b: Sinistcha|0 fnt
|faint|p1b: Sinistcha
|
|win|TheMarrsterVGC
||huntr/x rumi is ready for game 3.
||TheMarrsterVGC is ready for game 3.
|uhtml|next|Next: Game 3 of 3
|l|☆TheMarrsterVGC
|player|p2|
