|j|☆Crying Flurmels
|j|☆Scheeo
|html|Crying FlurmelsScheeo    
|uhtml|bestof|Game 2 of a best-of-3
|t:|1756591133
|gametype|doubles
|player|p1|Crying Flurmels|102|
|player|p2|Scheeo|scientist-gen4dp|
|gen|9
|tier|[Gen 9] VGC 2025 Reg H (Bo3)
|rule|Species Clause: Limit one of each Pokémon
|rule|Item Clause: Limit 1 of each item
|clearpoke
|poke|p1|Murkrow, L50, F|
|poke|p1|Volcarona, L50, F|
|poke|p1|Sneasler, L50, M|
|poke|p1|Kingambit, L50, M|
|poke|p1|Dragonite, L50, F|
|poke|p1|Rillaboom, L50, F|
|poke|p2|Ursaluna-Bloodmoon, L50, M|
|poke|p2|Rillaboom, L50, M|
|poke|p2|Volcarona, L50, F|
|poke|p2|Dragonite, L50, M|
|poke|p2|Sneasler, L50, M|
|poke|p2|Kingdra, L50, F|
|teampreview|4
|showteam|p1|Murkrow||Eviolite|Prankster|FoulPlay,Tailwind,Haze,SunnyDay|||F|||50|,,,,,Ghost]Volcarona||CovertCloak|FlameBody|HeatWave,TeraBlast,QuiverDance,Protect|||F|||50|,,,,,Water]Sneasler||GrassySeed|Unburden|DireClaw,CloseCombat,Protect,Coaching|||M|||50|,,,,,Stellar]Kingambit||BlackGlasses|Defiant|KowtowCleave,SuckerPunch,SwordsDance,Protect|||M|||50|,,,,,Dark]Dragonite||ChoiceBand|InnerFocus|Outrage,StompingTantrum,LowKick,ExtremeSpeed|||F|||50|,,,,,Normal]Rillaboom||MiracleSeed|GrassySurge|WoodHammer,GrassyGlide,Uturn,FakeOut|||F|||50|,,,,,Fire
|showteam|p2|Ursaluna-Bloodmoon||Leftovers|MindsEye|HyperVoice,EarthPower,CalmMind,Protect|||M|||50|,,,,,Normal]Rillaboom||AssaultVest|GrassySurge|WoodHammer,GrassyGlide,Uturn,FakeOut|||M|||50|,,,,,Water]Volcarona||GrassySeed|FlameBody|RagePowder,BugBuzz,WillOWisp,Tailwind|||F|||50|,,,,,Water]Dragonite||LoadedDice|Multiscale|ScaleShot,ThunderPunch,Haze,Protect|||M|||50|,,,,,Fairy]Sneasler||FocusSash|Unburden|CloseCombat,DireClaw,ThroatChop,Taunt|||M|||50|,,,,,Dark]Kingdra||LifeOrb|SwiftSwim|DracoMeteor,WeatherBall,RainDance,Protect|||F|||50|,,,,,Stellar
|
|t:|1756591184
|teamsize|p1|4
|teamsize|p2|4
|start
|switch|p1a: Volcarona|Volcarona, L50, F|100/100
|switch|p1b: Sneasler|Sneasler, L50, M|100/100
|switch|p2a: Ursaluna|Ursaluna-Bloodmoon, L50, M|100/100
|switch|p2b: Rillaboom|Rillaboom, L50, M|100/100
|-fieldstart|move: Grassy Terrain|[from] ability: Grassy Surge|[of] p2b: Rillaboom
|-enditem|p1b: Sneasler|Grassy Seed
|-boost|p1b: Sneasler|def|1|[from] item: Grassy Seed
|turn|1
|
|t:|1756591200
|move|p1b: Sneasler|Protect|p1b: Sneasler
|-singleturn|p1b: Sneasler|Protect
|move|p1a: Volcarona|Quiver Dance|p1a: Volcarona
|-boost|p1a: Volcarona|spa|1
|-boost|p1a: Volcarona|spd|1
|-boost|p1a: Volcarona|spe|1
|move|p2b: Rillaboom|U-turn|p1a: Volcarona
|-resisted|p1a: Volcarona
|-damage|p1a: Volcarona|87/100
|
|t:|1756591206
|switch|p2b: Sneasler|Sneasler, L50, M|100/100|[from] U-turn
|move|p2a: Ursaluna|Calm Mind|p2a: Ursaluna
|-boost|p2a: Ursaluna|spa|1
|-boost|p2a: Ursaluna|spd|1
|
|-heal|p1a: Volcarona|93/100|[from] Grassy Terrain
|upkeep
|turn|2
|inactive|Battle timer is ON: inactive players will automatically lose when time's up. (requested by Crying Flurmels)
|
|t:|1756591266
|switch|p2b: Volcarona|Volcarona, L50, F|100/100
|-enditem|p2b: Volcarona|Grassy Seed
|-boost|p2b: Volcarona|def|1|[from] item: Grassy Seed
|move|p2a: Ursaluna|Protect|p2a: Ursaluna
|-singleturn|p2a: Ursaluna|Protect
|move|p1b: Sneasler|Close Combat|p2a: Ursaluna
|-activate|p2a: Ursaluna|move: Protect
|move|p1a: Volcarona|Heat Wave|p2b: Volcarona|[spread] p2b
|-activate|p2a: Ursaluna|move: Protect
|-damage|p2b: Volcarona|59/100
|
|-heal|p1a: Volcarona|99/100|[from] Grassy Terrain
|-heal|p2b: Volcarona|66/100|[from] Grassy Terrain
|upkeep
|turn|3
|inactive|Scheeo has 30 seconds left.
|
|t:|1756591294
|-terastallize|p1a: Volcarona|Water
|-terastallize|p2a: Ursaluna|Normal
|move|p1b: Sneasler|Protect|p1b: Sneasler
|-singleturn|p1b: Sneasler|Protect
|move|p2b: Volcarona|Rage Powder|p2b: Volcarona
|-singleturn|p2b: Volcarona|move: Rage Powder
|move|p1a: Volcarona|Tera Blast|p2b: Volcarona|[anim] Tera Blast Water
|-supereffective|p2b: Volcarona
|-damage|p2b: Volcarona|0 fnt
|faint|p2b: Volcarona
|move|p2a: Ursaluna|Hyper Voice|p1a: Volcarona|[spread] p1a
|-activate|p1b: Sneasler|move: Protect
|-damage|p1a: Volcarona|48/100
|
|-heal|p1a: Volcarona|54/100|[from] Grassy Terrain
|upkeep
|
|t:|1756591304
|switch|p2b: Rillaboom|Rillaboom, L50, M|100/100
|turn|4
|
|t:|1756591314
|switch|p1b: Murkrow|Murkrow, L50, F|100/100
|switch|p1a: Kingambit|Kingambit, L50, M|100/100
|move|p2b: Rillaboom|Fake Out|p1b: Murkrow
|-crit|p1b: Murkrow
|-damage|p1b: Murkrow|80/100
|move|p2a: Ursaluna|Hyper Voice|p1a: Kingambit|[spread] p1a,p1b
|-resisted|p1a: Kingambit
|-damage|p1a: Kingambit|57/100
|-damage|p1b: Murkrow|0 fnt
|faint|p1b: Murkrow
|
|-heal|p1a: Kingambit|63/100|[from] Grassy Terrain
|upkeep
|
|t:|1756591325
|switch|p1b: Sneasler|Sneasler, L50, M|100/100
|turn|5
|
|t:|1756591346
|move|p2a: Ursaluna|Protect|p2a: Ursaluna
|-singleturn|p2a: Ursaluna|Protect
|move|p1a: Kingambit|Sucker Punch||[still]
|-fail|p1a: Kingambit
|move|p1b: Sneasler|Close Combat|p2a: Ursaluna
|-activate|p2a: Ursaluna|move: Protect
|move|p2b: Rillaboom|U-turn|p1b: Sneasler
|-resisted|p1b: Sneasler
|-damage|p1b: Sneasler|91/100
|
|t:|1756591352
|switch|p2b: Sneasler|Sneasler, L50, M|100/100|[from] U-turn
|
|-heal|p1b: Sneasler|97/100|[from] Grassy Terrain
|-heal|p1a: Kingambit|69/100|[from] Grassy Terrain
|-fieldend|move: Grassy Terrain
|upkeep
|turn|6
|inactive|Scheeo has 30 seconds left.
|
|t:|1756591377
|switch|p2a: Rillaboom|Rillaboom, L50, M|100/100
|-fieldstart|move: Grassy Terrain|[from] ability: Grassy Surge|[of] p2a: Rillaboom
|move|p1a: Kingambit|Protect|p1a: Kingambit
|-singleturn|p1a: Kingambit|Protect
|move|p1b: Sneasler|Close Combat|p2a: Rillaboom
|-damage|p2a: Rillaboom|35/100
|-unboost|p1b: Sneasler|def|1
|-unboost|p1b: Sneasler|spd|1
|move|p2b: Sneasler|Dire Claw|p1b: Sneasler
|-resisted|p1b: Sneasler
|-damage|p1b: Sneasler|43/100
|
|-heal|p1b: Sneasler|49/100|[from] Grassy Terrain
|-heal|p2a: Rillaboom|41/100|[from] Grassy Terrain
|-heal|p1a: Kingambit|75/100|[from] Grassy Terrain
|upkeep
|turn|7
|inactive|Crying Flurmels has 30 seconds left.
|inactive|Scheeo has 30 seconds left.
|
|t:|1756591414
|move|p1b: Sneasler|Dire Claw|p2b: Sneasler
|-resisted|p2b: Sneasler
|-damage|p2b: Sneasler|61/100
|-status|p2b: Sneasler|slp
|cant|p2b: Sneasler|slp
|move|p2a: Rillaboom|Wood Hammer|p1a: Kingambit
|-resisted|p1a: Kingambit
|-damage|p1a: Kingambit|42/100
|-damage|p2a: Rillaboom|30/100|[from] Recoil
|move|p1a: Kingambit|Kowtow Cleave|p2a: Rillaboom
|-damage|p2a: Rillaboom|0 fnt
|faint|p2a: Rillaboom
|
|-heal|p1b: Sneasler|54/100|[from] Grassy Terrain
|-heal|p2b: Sneasler|67/100 slp|[from] Grassy Terrain
|-heal|p1a: Kingambit|47/100|[from] Grassy Terrain
|upkeep
|
|t:|1756591426
|switch|p2a: Ursaluna|Ursaluna-Bloodmoon, L50, M, tera:Normal|100/100
|turn|8
|
|t:|1756591442
|move|p2a: Ursaluna|Protect|p2a: Ursaluna
|-singleturn|p2a: Ursaluna|Protect
|move|p1b: Sneasler|Close Combat|p2a: Ursaluna
|-activate|p2a: Ursaluna|move: Protect
|-curestatus|p2b: Sneasler|slp|[msg]
|move|p2b: Sneasler|Close Combat|p1b: Sneasler
|-resisted|p1b: Sneasler
|-damage|p1b: Sneasler|0 fnt
|-unboost|p2b: Sneasler|def|1
|-unboost|p2b: Sneasler|spd|1
|faint|p1b: Sneasler
|move|p1a: Kingambit|Kowtow Cleave|p2b: Sneasler
|-resisted|p2b: Sneasler
|-damage|p2b: Sneasler|0 fnt
|faint|p2b: Sneasler
|
|-heal|p1a: Kingambit|53/100|[from] Grassy Terrain
|upkeep
|
|t:|1756591458
|switch|p1b: Volcarona|Volcarona, L50, F, tera:Water|54/100
|turn|9
|
|t:|1756591472
|move|p1a: Kingambit|Sucker Punch|p2a: Ursaluna
|-damage|p2a: Ursaluna|63/100
|move|p1b: Volcarona|Heat Wave|p2a: Ursaluna
|-crit|p2a: Ursaluna
|-damage|p2a: Ursaluna|0 fnt
|faint|p2a: Ursaluna
|
|win|Crying Flurmels
