|j|☆drew0723
|j|☆Geauxing2anfield
|html|drew0723Geauxing2anfield    
|uhtml|bestof|Game 2 of a best-of-3
|t:|1783285855
|gametype|doubles
|player|p1|drew0723|2|
|player|p2|Geauxing2anfield|bugcatcher-gen4dp|
|gen|9
|tier|[Gen 9 Champions] VGC 2026 Reg M-B (Bo3)
|rule|Species Clause: Limit one of each Pokémon
|rule|Item Clause: Limit 1 of each item
|clearpoke
|poke|p1|Archaludon, L50, F|
|poke|p1|Lopunny, L50, F|
|poke|p1|Sableye, L50, M|
|poke|p1|Volcarona, L50, M|
|poke|p1|Araquanid, L50, M|
|poke|p1|Gardevoir, L50, M|
|poke|p2|Goodra-Hisui, L50, M|
|poke|p2|Floette-Eternal, L50, F|
|poke|p2|Sharpedo, L50, M|
|poke|p2|Reuniclus, L50, M, shiny|
|poke|p2|Audino, L50, F, shiny|
|poke|p2|Golurk, L50, shiny|
|teampreview|4
|showteam|p1|Archaludon||SitrusBerry|Stamina|ElectroShot,FlashCannon,DragonPulse,Protect|Modest||F|||50|]Lopunny||Lopunnite|Limber|FakeOut,CloseCombat,TripleAxel,Protect|Jolly||F|||50|]Sableye||RoseliBerry|Prankster|LightScreen,RainDance,WillOWisp,Taunt|Calm||M|||50|]Volcarona||Leftovers|FlameBody|QuiverDance,FieryDance,GigaDrain,Protect|Modest||M|||50|]Araquanid||MysticWater|WaterBubble|Liquidation,LeechLife,WideGuard,Protect|Adamant||M|||50|]Gardevoir||FocusSash|Trace|Moonblast,RainDance,Encore,Taunt|Modest||M|||50|
|showteam|p2|Goodra-Hisui||ExpertBelt|ShellArmor|BodyPress,Shelter,DragonPulse,Protect|Relaxed||M|||50|]Floette-Eternal||Floettite|FlowerVeil|Moonblast,Protect,Psychic,CalmMind|Relaxed||F|||50|]Sharpedo||Sharpedonite|SpeedBoost|Protect,CloseCombat,Earthquake,Crunch|Adamant||M|||50|]Reuniclus||ColburBerry|Overcoat|SkillSwap,TrickRoom,ExpandingForce,Protect|Relaxed||M|||50|]Audino||Audinite|Healer|DazzlingGleam,Protect,CalmMind,Thunderbolt|Quiet||F|||50|]Golurk||LifeOrb|NoGuard|Poltergeist,Protect,DynamicPunch,StoneEdge|Brave|||||50|
|
|t:|1783285887
|teamsize|p1|4
|teamsize|p2|4
|start
|switch|p1a: Araquanid|Araquanid, L50, M|100/100
|switch|p1b: Sableye|Sableye, L50, M|100/100
|switch|p2a: Audino|Audino, L50, F, shiny|100/100
|switch|p2b: Reuniclus|Reuniclus, L50, M, shiny|100/100
|turn|1
|
|t:|1783285916
|detailschange|p2a: Audino|Audino-Mega, L50, F, shiny
|-mega|p2a: Audino|Audino|Audinite
|move|p1b: Sableye|Taunt|p2b: Reuniclus
|-start|p2b: Reuniclus|move: Taunt
|move|p1a: Araquanid|Liquidation|p2a: Audino
|-damage|p2a: Audino|49/100
|-unboost|p2a: Audino|def|1
|move|p2a: Audino|Calm Mind|p2a: Audino
|-boost|p2a: Audino|spa|1
|-boost|p2a: Audino|spd|1
|cant|p2b: Reuniclus|move: Taunt|Trick Room
|
|upkeep
|turn|2
|
|t:|1783285977
|switch|p2b: Goodra|Goodra-Hisui, L50, M|100/100
|move|p2a: Audino|Protect|p2a: Audino
|-singleturn|p2a: Audino|Protect
|move|p1b: Sableye|Rain Dance|p1b: Sableye
|-weather|RainDance
|move|p1a: Araquanid|Liquidation|p2a: Audino
|-activate|p2a: Audino|move: Protect
|
|-weather|RainDance|[upkeep]
|upkeep
|turn|3
|
|t:|1783286006
|move|p1b: Sableye|Will-O-Wisp|p2b: Goodra
|-status|p2b: Goodra|brn
|move|p2b: Goodra|Dragon Pulse|p1a: Araquanid
|-crit|p1a: Araquanid
|-damage|p1a: Araquanid|56/100
|move|p1a: Araquanid|Liquidation|p2a: Audino
|-damage|p2a: Audino|0 fnt
|faint|p2a: Audino
|
|-weather|RainDance|[upkeep]
|-damage|p2b: Goodra|94/100 brn|[from] brn
|upkeep
|
|t:|1783286021
|switch|p2a: Golurk|Golurk, L50, shiny|100/100
|turn|4
|
|t:|1783286045
|move|p2a: Golurk|Protect|p2a: Golurk
|-singleturn|p2a: Golurk|Protect
|move|p1b: Sableye|Will-O-Wisp|p2a: Golurk
|-activate|p2a: Golurk|move: Protect
|move|p2b: Goodra|Shelter|p2b: Goodra
|-boost|p2b: Goodra|def|2
|move|p1a: Araquanid|Liquidation|p2a: Golurk
|-activate|p2a: Golurk|move: Protect
|
|-weather|RainDance|[upkeep]
|-damage|p2b: Goodra|88/100 brn|[from] brn
|upkeep
|turn|5
|
|t:|1783286093
|move|p1b: Sableye|Taunt|p2b: Goodra
|-start|p2b: Goodra|move: Taunt
|cant|p2b: Goodra|move: Taunt|Shelter
|move|p2a: Golurk|Poltergeist|p1b: Sableye
|-activate|p1b: Sableye|move: Poltergeist|Roseli Berry
|-damage|p1b: Sableye|0 fnt
|faint|p1b: Sableye
|-damage|p2a: Golurk|90/100|[from] item: Life Orb
|move|p1a: Araquanid|Liquidation|p2a: Golurk
|-supereffective|p2a: Golurk|1
|-damage|p2a: Golurk|0 fnt
|faint|p2a: Golurk
|
|-weather|RainDance|[upkeep]
|-damage|p2b: Goodra|82/100 brn|[from] brn
|upkeep
|
|t:|1783286112
|switch|p1b: Archaludon|Archaludon, L50, F|100/100
|switch|p2a: Reuniclus|Reuniclus, L50, M, shiny|100/100
|turn|6
|
|t:|1783286153
|move|p1b: Archaludon|Electro Shot||[still]
|-prepare|p1b: Archaludon|Electro Shot
|-boost|p1b: Archaludon|spa|1
|-anim|p1b: Archaludon|Electro Shot|p2b: Goodra
|-resisted|p2b: Goodra|1
|-damage|p2b: Goodra|58/100 brn
|move|p2b: Goodra|Dragon Pulse|p1a: Araquanid
|-damage|p1a: Araquanid|30/100
|move|p1a: Araquanid|Liquidation|p2a: Reuniclus
|-damage|p2a: Reuniclus|3/100
|move|p2a: Reuniclus|Skill Swap|p1b: Archaludon
|-activate|p2a: Reuniclus|Skill Swap|Stamina|Overcoat|[of] p1b: Archaludon
|
|-weather|none
|-damage|p2b: Goodra|52/100 brn|[from] brn
|upkeep
|turn|7
|
|t:|1783286206
|move|p1a: Araquanid|Protect|p1a: Araquanid
|-singleturn|p1a: Araquanid|Protect
|move|p2a: Reuniclus|Protect|p2a: Reuniclus
|-singleturn|p2a: Reuniclus|Protect
|move|p1b: Archaludon|Dragon Pulse|p2a: Reuniclus
|-activate|p2a: Reuniclus|move: Protect
|move|p2b: Goodra|Dragon Pulse|p1b: Archaludon
|-damage|p1b: Archaludon|55/100
|
|-damage|p2b: Goodra|47/100 brn|[from] brn
|-end|p2b: Goodra|move: Taunt
|upkeep
|turn|8
|
|t:|1783286244
|move|p2a: Reuniclus|Protect||[still]
|-fail|p2a: Reuniclus
|move|p1b: Archaludon|Dragon Pulse|p2b: Goodra
|-damage|p2b: Goodra|0 fnt
|faint|p2b: Goodra
|move|p1a: Araquanid|Liquidation|p2a: Reuniclus
|-damage|p2a: Reuniclus|0 fnt
|faint|p2a: Reuniclus
|
|win|drew0723
|c|☆drew0723|GG
