|j|☆namboyVGC
|j|☆luscapvp
|html|namboyVGCluscapvp    
|uhtml|bestof|Game 2 of a best-of-3
|t:|1785957559
|gametype|doubles
|player|p1|namboyVGC|pokemonranger-gen4|1294
|player|p2|luscapvp|169|1181
|gen|9
|tier|[Gen 9 Champions] VGC 2026 Reg M-B (Bo3)
|rated|
|rule|Species Clause: Limit one of each Pokémon
|rule|Item Clause: Limit 1 of each item
|clearpoke
|poke|p1|Tyranitar, L50, M|
|poke|p1|Excadrill, L50, M|
|poke|p1|Milotic, L50, F|
|poke|p1|Sinistcha, L50|
|poke|p1|Staraptor, L50, M|
|poke|p1|Gholdengo, L50|
|poke|p2|Froslass, L50, F|
|poke|p2|Sneasler, L50, F|
|poke|p2|Lycanroc-Dusk, L50, F|
|poke|p2|Kingambit, L50, F|
|poke|p2|Basculegion, L50, M|
|poke|p2|Scovillain, L50, F|
|teampreview|4
|showteam|p1|Tyranitar||Tyranitarite|SandStream|KnockOff,RockSlide,LowKick,Protect|Jolly||M|||50|]Excadrill||FocusSash|SandRush|HighHorsepower,IronHead,RockSlide,Protect|Jolly||M|||50|]Milotic||SitrusBerry|Competitive|Scald,IceBeam,IcyWind,Protect|Calm||F|||50|]Sinistcha||ColburBerry|Hospitality|MatchaGotcha,ShadowBall,Protect,RagePowder|Bold|||||50|]Staraptor||Staraptite|Intimidate|CloseCombat,BraveBird,Tailwind,Protect|Jolly||M|||50|]Gholdengo||LifeOrb|GoodasGold|MakeItRain,ShadowBall,NastyPlot,Protect|Modest|||||50|
|showteam|p2|Froslass||Froslassite|SnowCloak|Blizzard,ShadowBall,AuroraVeil,Protect|Timid||F|||50|]Sneasler||WhiteHerb|Unburden|CloseCombat,GunkShot,FakeOut,Protect|Adamant||F|||50|]Lycanroc-Dusk||FocusSash|ToughClaws|RockSlide,CloseCombat,Accelerock,Protect|Adamant||F|||50|]Kingambit||BlackGlasses|Defiant|KowtowCleave,SuckerPunch,SwordsDance,Protect|Adamant||F|||50|]Basculegion||ChoiceScarf|Adaptability|WaveCrash,LastRespects,AquaJet,FlipTurn|Jolly||M|||50|]Scovillain||Scovillainite|Moody|Overheat,GigaDrain,RagePowder,Protect|Bold||F|||50|
|inactive|Battle timer is ON: inactive players will automatically lose when time's up. (requested by namboyVGC)
|inactive|namboyVGC has 60 seconds left.
|
|t:|1785957592
|teamsize|p1|4
|teamsize|p2|4
|start
|switch|p1a: Tyranitar|Tyranitar, L50, M|100/100
|switch|p1b: Excadrill|Excadrill, L50, M|100/100
|switch|p2a: Froslass|Froslass, L50, F|100/100
|switch|p2b: Kingambit|Kingambit, L50, F|100/100
|-weather|Sandstorm|[from] ability: Sand Stream|[of] p1a: Tyranitar
|turn|1
|
|t:|1785957605
|detailschange|p2a: Froslass|Froslass-Mega, L50, F
|-mega|p2a: Froslass|Froslass|Froslassite
|-weather|Snowscape|[from] ability: Snow Warning|[of] p2a: Froslass
|move|p2a: Froslass|Blizzard|p1b: Excadrill|[spread] p1a,p1b
|-damage|p1a: Tyranitar|60/100
|-damage|p1b: Excadrill|44/100
|move|p1b: Excadrill|Iron Head|p2a: Froslass
|-supereffective|p2a: Froslass|1
|-damage|p2a: Froslass|18/100
|move|p1a: Tyranitar|Low Kick|p2b: Kingambit
|-supereffective|p2b: Kingambit|2
|-damage|p2b: Kingambit|11/100
|move|p2b: Kingambit|Swords Dance|p2b: Kingambit
|-boost|p2b: Kingambit|atk|2
|
|-weather|Snowscape|[upkeep]
|upkeep
|turn|2
|inactive|luscapvp has 30 seconds left.
|
|t:|1785957637
|switch|p2a: Sneasler|Sneasler, L50, F|100/100
|switch|p1b: Sinistcha|Sinistcha, L50|100/100
|-heal|p1a: Tyranitar|85/100|[from] ability: Hospitality|[of] p1b: Sinistcha
|detailschange|p1a: Tyranitar|Tyranitar-Mega, L50, M
|-mega|p1a: Tyranitar|Tyranitar|Tyranitarite
|-weather|Sandstorm|[from] ability: Sand Stream|[of] p1a: Tyranitar
|move|p2b: Kingambit|Sucker Punch||[still]
|-fail|p2b: Kingambit
|move|p1a: Tyranitar|Rock Slide|p2a: Sneasler|[spread] p2a,p2b
|-resisted|p2a: Sneasler|1
|-resisted|p2b: Kingambit|1
|-damage|p2a: Sneasler|81/100
|-damage|p2b: Kingambit|0 fnt
|faint|p2b: Kingambit
|
|-weather|Sandstorm|[upkeep]
|-damage|p2a: Sneasler|75/100|[from] Sandstorm
|-damage|p1b: Sinistcha|94/100|[from] Sandstorm
|upkeep
|
|t:|1785957644
|switch|p2b: Basculegion|Basculegion, L50, M|100/100
|turn|3
|
|t:|1785957663
|switch|p1b: Milotic|Milotic, L50, F|100/100
|move|p1a: Tyranitar|Protect|p1a: Tyranitar
|-singleturn|p1a: Tyranitar|Protect
|move|p2b: Basculegion|Last Respects|p1b: Milotic
|-damage|p1b: Milotic|44/100
|-enditem|p1b: Milotic|Sitrus Berry|[eat]
|-heal|p1b: Milotic|68/100|[from] item: Sitrus Berry
|move|p2a: Sneasler|Close Combat|p1a: Tyranitar
|-activate|p1a: Tyranitar|move: Protect
|
|-weather|Sandstorm|[upkeep]
|-damage|p2b: Basculegion|93/100|[from] Sandstorm
|-damage|p2a: Sneasler|69/100|[from] Sandstorm
|-damage|p1b: Milotic|63/100|[from] Sandstorm
|upkeep
|turn|4
|
|t:|1785957679
|switch|p1a: Sinistcha|Sinistcha, L50|94/100
|-heal|p1b: Milotic|87/100|[from] ability: Hospitality|[of] p1a: Sinistcha
|move|p2b: Basculegion|Last Respects|p1a: Sinistcha
|-supereffective|p1a: Sinistcha|1
|-damage|p1a: Sinistcha|1/100
|move|p2a: Sneasler|Close Combat|p1b: Milotic
|-damage|p1b: Milotic|30/100
|-unboost|p2a: Sneasler|def|1
|-unboost|p2a: Sneasler|spd|1
|-enditem|p2a: Sneasler|White Herb
|-clearnegativeboost|p2a: Sneasler|[silent]
|move|p1b: Milotic|Icy Wind|p2b: Basculegion|[spread] p2a,p2b
|-resisted|p2b: Basculegion|1
|-damage|p2a: Sneasler|59/100
|-damage|p2b: Basculegion|88/100
|-unboost|p2a: Sneasler|spe|1
|-unboost|p2b: Basculegion|spe|1
|
|-weather|Sandstorm|[upkeep]
|-damage|p2a: Sneasler|53/100|[from] Sandstorm
|-damage|p2b: Basculegion|82/100|[from] Sandstorm
|-damage|p1b: Milotic|24/100|[from] Sandstorm
|-damage|p1a: Sinistcha|0 fnt|[from] Sandstorm
|faint|p1a: Sinistcha
|upkeep
|inactive|namboyVGC has 30 seconds left.
|
|t:|1785957705
|switch|p1a: Excadrill|Excadrill, L50, M|44/100
|turn|5
|
|t:|1785957720
|move|p1a: Excadrill|High Horsepower|p2a: Sneasler
|-supereffective|p2a: Sneasler|1
|-damage|p2a: Sneasler|0 fnt
|faint|p2a: Sneasler
|move|p2b: Basculegion|Last Respects|p1a: Excadrill
|-damage|p1a: Excadrill|0 fnt
|faint|p1a: Excadrill
|move|p1b: Milotic|Scald|p2b: Basculegion
|-resisted|p2b: Basculegion|1
|-damage|p2b: Basculegion|66/100
|-status|p2b: Basculegion|brn
|
|-weather|Sandstorm|[upkeep]
|-damage|p2b: Basculegion|60/100 brn|[from] Sandstorm
|-damage|p1b: Milotic|18/100|[from] Sandstorm
|-damage|p2b: Basculegion|53/100 brn|[from] brn
|upkeep
|
|t:|1785957736
|switch|p2a: Froslass|Froslass-Mega, L50, F|18/100
|switch|p1a: Tyranitar|Tyranitar-Mega, L50, M|85/100
|-weather|Snowscape|[from] ability: Snow Warning|[of] p2a: Froslass
|-weather|Sandstorm|[from] ability: Sand Stream|[of] p1a: Tyranitar
|turn|6
|
|t:|1785957750
|move|p2a: Froslass|Protect|p2a: Froslass
|-singleturn|p2a: Froslass|Protect
|move|p2b: Basculegion|Last Respects|p1b: Milotic
|-damage|p1b: Milotic|0 fnt
|faint|p1b: Milotic
|move|p1a: Tyranitar|Knock Off|p2b: Basculegion
|-supereffective|p2b: Basculegion|1
|-damage|p2b: Basculegion|0 fnt
|-enditem|p2b: Basculegion|Choice Scarf|[from] move: Knock Off|[of] p1a: Tyranitar
|faint|p2b: Basculegion
|
|-weather|Sandstorm|[upkeep]
|-damage|p2a: Froslass|12/100|[from] Sandstorm
|upkeep
|turn|7
|
|t:|1785957762
|move|p2a: Froslass|Blizzard|p1a: Tyranitar
|-damage|p1a: Tyranitar|54/100
|move|p1a: Tyranitar|Rock Slide|p2a: Froslass
|-supereffective|p2a: Froslass|1
|-damage|p2a: Froslass|0 fnt
|faint|p2a: Froslass
|
|win|namboyVGC
|raw|namboyVGC's rating: 1294 → 1311(+17 for winning)
|raw|luscapvp's rating: 1181 → 1164(-17 for losing)
