|j|☆umegs
|j|☆tdrizzle
|html|umegstdrizzle    
|uhtml|bestof|Game 1 of a best-of-3
|t:|1757811046
|gametype|doubles
|player|p1|umegs|waitress-gen4|
|player|p2|tdrizzle|benga|
|gen|9
|tier|[Gen 9] VGC 2025 Reg H (Bo3)
|rule|Species Clause: Limit one of each Pokémon
|rule|Item Clause: Limit 1 of each item
|clearpoke
|poke|p1|Dondozo, L50, F|
|poke|p1|Tatsugiri-Stretchy, L50, M|
|poke|p1|Annihilape, L50, M|
|poke|p1|Dragonite, L50, M|
|poke|p1|Volcarona, L50, F|
|poke|p1|Rillaboom, L50, F|
|poke|p2|Lucario, L50, M|
|poke|p2|Maushold, L50|
|poke|p2|Sylveon, L50, F|
|poke|p2|Murkrow, L50, F|
|poke|p2|Zoroark-Hisui, L50, F|
|poke|p2|Archaludon, L50, F|
|teampreview|4
|showteam|p1|Dondozo||Leftovers|Unaware|Protect,WaveCrash,Fissure,Yawn|||F|||50|,,,,,Electric]Tatsugiri-Stretchy||SafetyGoggles|Commander|DracoMeteor,MuddyWater,IcyWind,Taunt|||M|||50|,,,,,Dark]Annihilape||FocusSash|Defiant|RageFist,CloseCombat,StealthRock,Coaching|||M|||50|,,,,,Fire]Dragonite||LoadedDice|Multiscale|ScaleShot,ExtremeSpeed,FireSpin,Protect|||M|||50|,,,,,Normal]Volcarona||SitrusBerry|FlameBody|HeatWave,TeraBlast,QuiverDance,Protect|||F|||50|,,,,,Fairy]Rillaboom||AssaultVest|GrassySurge|WoodHammer,Uturn,GrassyGlide,FakeOut|||F|||50|,,,,,Fire
|showteam|p2|Lucario||CovertCloak|Justified|CloseCombat,Detect,ExtremeSpeed,MeteorMash|||M|||50|,,,,,Normal]Maushold||SafetyGoggles|FriendGuard|BeatUp,Taunt,Protect,FollowMe||||||50|,,,,,Ghost]Sylveon||ThroatSpray|Pixilate|HyperVoice,TeraBlast,Protect,WeatherBall|||F|||50|,,,,,Ground]Murkrow||Eviolite|Prankster|Tailwind,RainDance,Haze,FoulPlay|||F|||50|,,,,,Dark]Zoroark-Hisui||ChoiceSpecs|Illusion|HyperVoice,BitterMalice,TeraBlast,Flamethrower|||F|||50|,,,,,Fighting]Archaludon||AssaultVest|Stamina|DracoMeteor,ElectroShot,BodyPress,FlashCannon|||F|||50|,,,,,Fairy
|
|t:|1757811106
|teamsize|p1|4
|teamsize|p2|4
|start
|switch|p1a: Blue Rosa|Dondozo, L50, F|100/100
|switch|p1b: Sakutaro|Tatsugiri-Stretchy, L50, M|100/100
|switch|p2a: Gun|Murkrow, L50, F, shiny|100/100
|switch|p2b: Madoka Magica|Sylveon, L50, F|100/100
|-activate|p1b: Sakutaro|ability: Commander|[of] p1a: Blue Rosa
|-boost|p1a: Blue Rosa|atk|2
|-boost|p1a: Blue Rosa|spa|2
|-boost|p1a: Blue Rosa|spe|2
|-boost|p1a: Blue Rosa|def|2
|-boost|p1a: Blue Rosa|spd|2
|turn|1
|n|☆umegs|umegs
|
|t:|1757811159
|move|p2a: Gun|Haze|p2a: Gun
|-clearallboost
|move|p2b: Madoka Magica|Hyper Voice|p1b: Sakutaro|[spread] p1a
|-miss|p2b: Madoka Magica|p1b: Sakutaro
|-damage|p1a: Blue Rosa|71/100
|-enditem|p2b: Madoka Magica|Throat Spray
|-boost|p2b: Madoka Magica|spa|1|[from] item: Throat Spray
|move|p1a: Blue Rosa|Yawn|p2b: Madoka Magica
|-start|p2b: Madoka Magica|move: Yawn|[of] p1a: Blue Rosa
|
|-heal|p1a: Blue Rosa|77/100|[from] item: Leftovers
|upkeep
|turn|2
|
|t:|1757811204
|move|p2a: Gun|Tailwind|p2a: Gun
|-sidestart|p2: tdrizzle|move: Tailwind
|move|p2b: Madoka Magica|Hyper Voice|p1a: Blue Rosa|[spread] p1a
|-miss|p2b: Madoka Magica|p1b: Sakutaro
|-damage|p1a: Blue Rosa|51/100
|move|p1a: Blue Rosa|Wave Crash|p2a: Gun
|-damage|p2a: Gun|46/100
|-damage|p1a: Blue Rosa|39/100|[from] Recoil
|
|-heal|p1a: Blue Rosa|46/100|[from] item: Leftovers
|-end|p2b: Madoka Magica|move: Yawn|[silent]
|-status|p2b: Madoka Magica|slp
|upkeep
|turn|3
|
|t:|1757811221
|cant|p2b: Madoka Magica|slp
|move|p2a: Gun|Foul Play|p1a: Blue Rosa
|-damage|p1a: Blue Rosa|28/100
|move|p1a: Blue Rosa|Fissure|p2b: Madoka Magica|[miss]
|-miss|p1a: Blue Rosa|p2b: Madoka Magica
|
|-heal|p1a: Blue Rosa|34/100|[from] item: Leftovers
|upkeep
|turn|4
|
|t:|1757811236
|-curestatus|p2b: Madoka Magica|slp|[msg]
|move|p2b: Madoka Magica|Protect|p2b: Madoka Magica
|-singleturn|p2b: Madoka Magica|Protect
|move|p2a: Gun|Foul Play|p1a: Blue Rosa
|-damage|p1a: Blue Rosa|15/100
|move|p1a: Blue Rosa|Fissure|p2b: Madoka Magica
|-activate|p2b: Madoka Magica|move: Protect
|
|-heal|p1a: Blue Rosa|22/100|[from] item: Leftovers
|upkeep
|turn|5
|
|t:|1757811250
|move|p2a: Gun|Foul Play|p1a: Blue Rosa
|-damage|p1a: Blue Rosa|3/100
|move|p2b: Madoka Magica|Hyper Voice|p1b: Sakutaro|[spread] p1a
|-miss|p2b: Madoka Magica|p1b: Sakutaro
|-damage|p1a: Blue Rosa|0 fnt
|faint|p1a: Blue Rosa
|
|-sideend|p2: tdrizzle|move: Tailwind
|upkeep
|
|t:|1757811259
|switch|p1a: Twink2|Dragonite, L50, M|100/100
|turn|6
|
|t:|1757811284
|-terastallize|p1a: Twink2|Normal
|move|p2a: Gun|Rain Dance|p2a: Gun
|-weather|RainDance
|move|p1b: Sakutaro|Taunt|p2a: Gun
|-start|p2a: Gun|move: Taunt
|move|p1a: Twink2|Scale Shot|p2a: Gun
|-damage|p2a: Gun|32/100
|-damage|p2a: Gun|15/100
|-damage|p2a: Gun|1/100
|-damage|p2a: Gun|0 fnt
|faint|p2a: Gun
|-hitcount|p2: Gun|4
|-unboost|p1a: Twink2|def|1
|-boost|p1a: Twink2|spe|1
|move|p2b: Madoka Magica|Hyper Voice|p1b: Sakutaro|[spread] p1a,p1b
|-supereffective|p1b: Sakutaro
|-damage|p1a: Twink2|77/100
|-damage|p1b: Sakutaro|0 fnt
|faint|p1b: Sakutaro
|
|-weather|RainDance|[upkeep]
|upkeep
|
|t:|1757811309
|switch|p1b: Johnny Yong Bosch|Annihilape, L50, M, shiny|100/100
|switch|p2a: The Tank|Archaludon, L50, F|100/100
|turn|7
|
|t:|1757811352
|move|p1a: Twink2|Scale Shot|p2a: The Tank
|-damage|p2a: The Tank|92/100
|-ability|p2a: The Tank|Stamina|boost
|-boost|p2a: The Tank|def|1
|-damage|p2a: The Tank|86/100
|-ability|p2a: The Tank|Stamina|boost
|-boost|p2a: The Tank|def|1
|-damage|p2a: The Tank|82/100
|-ability|p2a: The Tank|Stamina|boost
|-boost|p2a: The Tank|def|1
|-damage|p2a: The Tank|78/100
|-ability|p2a: The Tank|Stamina|boost
|-boost|p2a: The Tank|def|1
|-hitcount|p2a: The Tank|4
|-unboost|p1a: Twink2|def|1
|-boost|p1a: Twink2|spe|1
|move|p1b: Johnny Yong Bosch|Coaching|p1a: Twink2
|-boost|p1a: Twink2|atk|1
|-boost|p1a: Twink2|def|1
|move|p2a: The Tank|Body Press|p1a: Twink2
|-supereffective|p1a: Twink2
|-damage|p1a: Twink2|0 fnt
|faint|p1a: Twink2
|move|p2b: Madoka Magica|Hyper Voice|p1b: Johnny Yong Bosch
|-supereffective|p1b: Johnny Yong Bosch
|-enditem|p1b: Johnny Yong Bosch|Focus Sash
|-damage|p1b: Johnny Yong Bosch|1/100
|
|-weather|RainDance|[upkeep]
|upkeep
|turn|8
|-message|umegs forfeited.
|
|win|tdrizzle
|l|☆umegs
|player|p1|
||umegs is ready for game 2.
|inactive|tdrizzle has 30 seconds to confirm battle start!
||tdrizzle is ready for game 2.
|uhtml|next|Next: Game 2 of 3
