|j|☆ScrewSalesman
|j|☆Bahamate
|html|ScrewSalesmanBahamate    
|uhtml|bestof|Game 3 of a best-of-3
|t:|1757910266
|gametype|doubles
|player|p1|ScrewSalesman|cynthia-gen4|1366
|player|p2|Bahamate|grimsley|1402
|gen|9
|tier|[Gen 9] VGC 2025 Reg H (Bo3)
|rated|
|rule|Species Clause: Limit one of each Pokémon
|rule|Item Clause: Limit 1 of each item
|clearpoke
|poke|p1|Porygon2, L50|
|poke|p1|Incineroar, L50, F|
|poke|p1|Ursaluna, L50, F|
|poke|p1|Jumpluff, L50, M|
|poke|p1|Charizard, L50, F|
|poke|p1|Torkoal, L50, F|
|poke|p2|Ceruledge, L50, F|
|poke|p2|Grimmsnarl, L50, M|
|poke|p2|Ninetales-Alola, L50, F|
|poke|p2|Ursaluna-Bloodmoon, L50, M|
|poke|p2|Rillaboom, L50, F|
|poke|p2|Annihilape, L50, F|
|teampreview|4
|showteam|p1|Porygon2||Eviolite|Download|TeraBlast,IceBeam,TrickRoom,Recover||||||50|,,,,,Fighting]Incineroar||SitrusBerry|Intimidate|FakeOut,KnockOff,FlareBlitz,PartingShot|||F|||50|,,,,,Ghost]Ursaluna||FlameOrb|Guts|HeadlongRush,Facade,Earthquake,Protect|||F|||50|,,,,,Ghost]Jumpluff||CovertCloak|Chlorophyll|RagePowder,SunnyDay,Tailwind,SleepPowder|||M|||50|,,,,,Water]Charizard||ChoiceSpecs|SolarPower|HeatWave,Overheat,WeatherBall,SolarBeam|||F|||50|,,,,,Ghost]Torkoal||EjectPack|Drought|Overheat,Eruption,HelpingHand,Protect|||F|||50|,,,,,Fire
|showteam|p2|Ceruledge||MirrorHerb|FlashFire|BitterBlade,ShadowSneak,Protect,ClearSmog|||F|||50|,,,,,Grass]Grimmsnarl||LightClay|Prankster|Reflect,LightScreen,FoulPlay,ThunderWave|||M|||50|,,,,,Ghost]Ninetales-Alola||FocusSash|SnowWarning|Blizzard,IcyWind,Disable,Protect|||F|||50|,,,,,Ice]Ursaluna-Bloodmoon||Leftovers|MindsEye|BloodMoon,CalmMind,EarthPower,Protect|||M|||50|,,,,,Electric]Rillaboom||AssaultVest|GrassySurge|WoodHammer,GrassyGlide,HighHorsepower,FakeOut|||F|||50|,,,,,Fire]Annihilape||SitrusBerry|Defiant|RageFist,DrainPunch,BulkUp,Protect|||F|||50|,,,,,Fire
|inactive|Battle timer is ON: inactive players will automatically lose when time's up. (requested by ScrewSalesman)
|
|t:|1757910295
|teamsize|p1|4
|teamsize|p2|4
|start
|switch|p1a: Torkoal|Torkoal, L50, F|100/100
|switch|p1b: Charizard|Charizard, L50, F, shiny|100/100
|switch|p2a: Grimmsnarl|Grimmsnarl, L50, M|100/100
|switch|p2b: Annihilape|Annihilape, L50, F|100/100
|-weather|SunnyDay|[from] ability: Drought|[of] p1a: Torkoal
|turn|1
|
|t:|1757910309
|switch|p2b: Ceruledge|Ceruledge, L50, F|100/100
|move|p2a: Grimmsnarl|Light Screen|p2a: Grimmsnarl
|-sidestart|p2: Bahamate|move: Light Screen
|move|p1b: Charizard|Weather Ball|p2a: Grimmsnarl
|-damage|p2a: Grimmsnarl|3/100
|move|p1a: Torkoal|Overheat|p2a: Grimmsnarl
|-crit|p2a: Grimmsnarl
|-damage|p2a: Grimmsnarl|0 fnt
|-unboost|p1a: Torkoal|spa|2
|faint|p2a: Grimmsnarl
|-enditem|p1a: Torkoal|Eject Pack
|
|t:|1757910322
|switch|p1a: Ursaluna|Ursaluna, L50, F|100/100
|
|-weather|SunnyDay|[upkeep]
|-damage|p1b: Charizard|88/100|[from] ability: Solar Power|[of] p1b: Charizard
|-status|p1a: Ursaluna|brn|[from] item: Flame Orb
|upkeep
|
|t:|1757910325
|switch|p2a: Rillaboom|Rillaboom, L50, F|100/100
|-fieldstart|move: Grassy Terrain|[from] ability: Grassy Surge|[of] p2a: Rillaboom
|turn|2
|
|t:|1757910344
|-terastallize|p2a: Rillaboom|Fire
|move|p1a: Ursaluna|Protect|p1a: Ursaluna
|-singleturn|p1a: Ursaluna|Protect
|move|p1b: Charizard|Weather Ball|p2a: Rillaboom
|-resisted|p2a: Rillaboom
|-damage|p2a: Rillaboom|56/100
|move|p2a: Rillaboom|Wood Hammer|p1a: Ursaluna
|-activate|p1a: Ursaluna|move: Protect
|move|p2b: Ceruledge|Bitter Blade|p1b: Charizard
|-resisted|p1b: Charizard
|-damage|p1b: Charizard|39/100
|
|-weather|SunnyDay|[upkeep]
|-damage|p1b: Charizard|26/100|[from] ability: Solar Power|[of] p1b: Charizard
|-heal|p2a: Rillaboom|62/100|[from] Grassy Terrain
|-damage|p1a: Ursaluna|95/100 brn|[from] brn
|upkeep
|turn|3
|inactive|ScrewSalesman has 30 seconds left.
|
|t:|1757910372
|switch|p1a: Jumpluff|Jumpluff, L50, M|100/100
|move|p1b: Charizard|Weather Ball|p2a: Rillaboom
|-resisted|p2a: Rillaboom
|-damage|p2a: Rillaboom|23/100
|move|p2a: Rillaboom|Wood Hammer|p1a: Jumpluff
|-resisted|p1a: Jumpluff
|-damage|p1a: Jumpluff|78/100
|-damage|p2a: Rillaboom|16/100|[from] Recoil
|move|p2b: Ceruledge|Bitter Blade|p1a: Jumpluff
|-supereffective|p1a: Jumpluff
|-damage|p1a: Jumpluff|0 fnt
|faint|p1a: Jumpluff
|
|-weather|SunnyDay|[upkeep]
|-damage|p1b: Charizard|14/100|[from] ability: Solar Power|[of] p1b: Charizard
|-heal|p2a: Rillaboom|22/100|[from] Grassy Terrain
|upkeep
|
|t:|1757910387
|switch|p1a: Ursaluna|Ursaluna, L50, F|95/100 brn
|turn|4
|
|t:|1757910401
|switch|p1b: Torkoal|Torkoal, L50, F|100/100
|-terastallize|p1a: Ursaluna|Ghost
|move|p2b: Ceruledge|Shadow Sneak|p1b: Torkoal
|-damage|p1b: Torkoal|83/100
|move|p2a: Rillaboom|Wood Hammer|p1a: Ursaluna
|-damage|p1a: Ursaluna|39/100 brn
|-damage|p2a: Rillaboom|0 fnt|[from] Recoil
|faint|p2a: Rillaboom
|move|p1a: Ursaluna|Headlong Rush|p2b: Ceruledge
|-supereffective|p2b: Ceruledge
|-damage|p2b: Ceruledge|0 fnt
|-unboost|p1a: Ursaluna|def|1
|-unboost|p1a: Ursaluna|spd|1
|faint|p2b: Ceruledge
|
|-weather|SunnyDay|[upkeep]
|-heal|p1a: Ursaluna|45/100 brn|[from] Grassy Terrain
|-heal|p1b: Torkoal|89/100|[from] Grassy Terrain
|-damage|p1a: Ursaluna|39/100 brn|[from] brn
|upkeep
|
|t:|1757910415
|switch|p2b: Annihilape|Annihilape, L50, F|100/100
|turn|5
|
|t:|1757910428
|move|p2b: Annihilape|Protect|p2b: Annihilape
|-singleturn|p2b: Annihilape|Protect
|move|p1a: Ursaluna|Protect|p1a: Ursaluna
|-singleturn|p1a: Ursaluna|Protect
|move|p1b: Torkoal|Protect||[still]
|-fail|p1b: Torkoal
|
|-weather|none
|-heal|p1a: Ursaluna|45/100 brn|[from] Grassy Terrain
|-heal|p1b: Torkoal|95/100|[from] Grassy Terrain
|-damage|p1a: Ursaluna|39/100 brn|[from] brn
|upkeep
|turn|6
|
|t:|1757910451
|switch|p1b: Charizard|Charizard, L50, F, shiny|14/100
|move|p2b: Annihilape|Rage Fist|p1a: Ursaluna
|-supereffective|p1a: Ursaluna
|-damage|p1a: Ursaluna|0 fnt
|faint|p1a: Ursaluna
|
|-fieldend|move: Grassy Terrain
|upkeep
|
|t:|1757910458
|switch|p1a: Torkoal|Torkoal, L50, F|95/100
|-weather|SunnyDay|[from] ability: Drought|[of] p1a: Torkoal
|turn|7
|
|t:|1757910469
|move|p2b: Annihilape|Protect|p2b: Annihilape
|-singleturn|p2b: Annihilape|Protect
|move|p1b: Charizard|Overheat|p2b: Annihilape
|-activate|p2b: Annihilape|move: Protect
|move|p1a: Torkoal|Eruption|p2b: Annihilape
|-activate|p2b: Annihilape|move: Protect
|
|-weather|SunnyDay|[upkeep]
|-damage|p1b: Charizard|2/100|[from] ability: Solar Power|[of] p1b: Charizard
|upkeep
|turn|8
|
|t:|1757910481
|move|p1b: Charizard|Overheat|p2b: Annihilape
|-damage|p2b: Annihilape|0 fnt
|-unboost|p1b: Charizard|spa|2
|faint|p2b: Annihilape
|
|win|ScrewSalesman
|raw|ScrewSalesman's rating: 1366 → 1388(+22 for winning)
|raw|Bahamate's rating: 1402 → 1380(-22 for losing)
|l|☆Bahamate
|player|p2|
