|j|☆borp! likes cheese
|j|☆LookBackInBanger
|html|borp! likes cheeseLookBackInBanger    
|uhtml|bestof|Game 1 of a best-of-3
|t:|1756475078
|gametype|doubles
|player|p1|borp! likes cheese|169|1055
|player|p2|LookBackInBanger|mina|1156
|gen|9
|tier|[Gen 9] VGC 2025 Reg H (Bo3)
|rated|
|rule|Species Clause: Limit one of each Pokémon
|rule|Item Clause: Limit 1 of each item
|clearpoke
|poke|p1|Zoroark-Hisui, L50, F|
|poke|p1|Indeedee-F, L50, F|
|poke|p1|Torkoal, L50, M|
|poke|p1|Gallade, L50, M|
|poke|p1|Ursaluna, L50, M|
|poke|p1|Mimikyu, L50, M|
|poke|p2|Dragonite, L50, F|
|poke|p2|Electabuzz, L50, M|
|poke|p2|Indeedee, L50, M|
|poke|p2|Sneasler, L50, F|
|poke|p2|Talonflame, L50, M|
|poke|p2|Ursaluna-Bloodmoon, L50, M|
|teampreview|4
|showteam|p1|Zoroark-Hisui||ChoiceSpecs|Illusion|HyperVoice,Uturn,ShadowBall,IcyWind|||F|||50|,,,,,Normal]Indeedee-F||FocusSash|PsychicSurge|Psychic,Protect,FollowMe,TrickRoom|||F|||50|,,,,,Ghost]Torkoal||Charcoal|Drought|HeatWave,Eruption,Protect,BodyPress|||M|||50|,,,,,Fire]Gallade||ClearAmulet|Sharpness|PsychoCut,SacredSword,TrickRoom,WideGuard|||M|||50|,,,,,Ghost]Ursaluna||FlameOrb|Guts|Facade,HighHorsepower,Protect,Crunch|||M|||50|,,,,,Ghost]Mimikyu||MentalHerb|Disguise|PlayRough,TrickRoom,Protect,WillOWisp|||M|||50|,,,,,Steel
|showteam|p2|Dragonite||LoadedDice|Multiscale|ScaleShot,StompingTantrum,Haze,Protect|||F|||50|,,,,,Fairy]Electabuzz||Eviolite|VitalSpirit|Electroweb,FollowMe,Taunt,Protect|||M|||50|,,,,,Dragon]Indeedee||FocusSash|PsychicSurge|ExpandingForce,HelpingHand,TrickRoom,Imprison|||M|||50|,,,,,Psychic]Sneasler||PsychicSeed|Unburden|DireClaw,CloseCombat,ThroatChop,Protect|||F|||50|,,,,,Stellar]Talonflame||CovertCloak|GaleWings|FlareBlitz,DualWingbeat,WillOWisp,Tailwind|||M|||50|,,,,,Stellar]Ursaluna-Bloodmoon||LifeOrb|MindsEye|BloodMoon,HyperVoice,EarthPower,Protect|||M|||50|,,,,,Normal
|inactive|Battle timer is ON: inactive players will automatically lose when time's up. (requested by borp! likes cheese)
|inactive|borp! likes cheese has 60 seconds left.
|inactive|LookBackInBanger has 60 seconds left.
|
|t:|1756475131
|teamsize|p1|4
|teamsize|p2|4
|start
|switch|p1a: Indeedee|Indeedee-F, L50, F|100/100
|switch|p1b: Mimikyu|Mimikyu, L50, M|100/100
|switch|p2a: Indeedee|Indeedee, L50, M|100/100
|switch|p2b: Sneasler|Sneasler, L50, F|100/100
|-fieldstart|move: Psychic Terrain|[from] ability: Psychic Surge|[of] p2a: Indeedee
|-enditem|p2b: Sneasler|Psychic Seed
|-boost|p2b: Sneasler|spd|1|[from] item: Psychic Seed
|turn|1
|inactive|LookBackInBanger has 30 seconds left.
|
|t:|1756475164
|move|p2b: Sneasler|Protect|p2b: Sneasler
|-singleturn|p2b: Sneasler|Protect
|move|p2a: Indeedee|Imprison|p2a: Indeedee
|-start|p2a: Indeedee|move: Imprison
|move|p1b: Mimikyu|Play Rough|p2b: Sneasler
|-activate|p2b: Sneasler|move: Protect
|move|p1a: Indeedee|Psychic|p2b: Sneasler
|-activate|p2b: Sneasler|move: Protect
|
|upkeep
|turn|2
|inactive|LookBackInBanger has 30 seconds left.
|inactive|LookBackInBanger has 20 seconds left.
|inactive|LookBackInBanger has 15 seconds left.
|
|t:|1756475205
|move|p1a: Indeedee|Protect|p1a: Indeedee
|-singleturn|p1a: Indeedee|Protect
|move|p2b: Sneasler|Throat Chop|p1a: Indeedee
|-activate|p1a: Indeedee|move: Protect
|move|p2a: Indeedee|Expanding Force|p1b: Mimikyu|[spread] p1b
|-activate|p1a: Indeedee|move: Protect
|-activate|p1b: Mimikyu|ability: Disguise
|-damage|p1b: Mimikyu|100/100
|detailschange|p1b: Mimikyu|Mimikyu-Busted, L50, M
|-damage|p1b: Mimikyu|88/100|[from] pokemon: Mimikyu-Busted
|move|p1b: Mimikyu|Will-O-Wisp|p2b: Sneasler
|-status|p2b: Sneasler|brn
|
|-damage|p2b: Sneasler|95/100 brn|[from] brn
|upkeep
|turn|3
|inactive|LookBackInBanger has 30 seconds left.
|inactive|borp! likes cheese has 30 seconds left.
|inactive|LookBackInBanger has 20 seconds left.
|inactive|LookBackInBanger has 15 seconds left.
|inactive|LookBackInBanger has 10 seconds left.
|
|t:|1756475253
|-terastallize|p2a: Indeedee|Psychic
|move|p2b: Sneasler|Throat Chop|p1a: Indeedee
|-supereffective|p1a: Indeedee
|-damage|p1a: Indeedee|73/100
|-start|p1a: Indeedee|Throat Chop|[silent]
|move|p2a: Indeedee|Expanding Force|p1a: Indeedee|[spread] p1a,p1b
|-resisted|p1a: Indeedee
|-damage|p1a: Indeedee|38/100
|-damage|p1b: Mimikyu|10/100
|move|p1b: Mimikyu|Play Rough|p2a: Indeedee
|-damage|p2a: Indeedee|14/100
|move|p1a: Indeedee|Psychic|p2b: Sneasler
|-supereffective|p2b: Sneasler
|-damage|p2b: Sneasler|0 fnt
|faint|p2b: Sneasler
|
|upkeep
|inactive|LookBackInBanger has 30 seconds left.
|
|t:|1756475282
|switch|p2b: Ursaluna|Ursaluna-Bloodmoon, L50, M|100/100
|turn|4
|
|t:|1756475304
|switch|p2a: Dragonite|Dragonite, L50, F|100/100
|move|p1a: Indeedee|Protect|p1a: Indeedee
|-singleturn|p1a: Indeedee|Protect
|move|p1b: Mimikyu|Play Rough|p2a: Dragonite
|-supereffective|p2a: Dragonite
|-damage|p2a: Dragonite|57/100
|move|p2b: Ursaluna|Hyper Voice|p1a: Indeedee|[spread] p1b
|-activate|p1a: Indeedee|move: Protect
|-damage|p1b: Mimikyu|0 fnt
|faint|p1b: Mimikyu
|-damage|p2b: Ursaluna|91/100|[from] item: Life Orb
|
|-end|p1a: Indeedee|Throat Chop|[silent]
|upkeep
|
|t:|1756475316
|switch|p1b: Ursaluna|Ursaluna, L50, M, shiny|100/100
|turn|5
|inactive|LookBackInBanger has 30 seconds left.
|
|t:|1756475347
|switch|p1a: Torkoal|Torkoal, L50, M|100/100
|-weather|SunnyDay|[from] ability: Drought|[of] p1a: Torkoal
|move|p1b: Ursaluna|Protect|p1b: Ursaluna
|-singleturn|p1b: Ursaluna|Protect
|move|p2a: Dragonite|Scale Shot|p1a: Torkoal
|-crit|p1a: Torkoal
|-damage|p1a: Torkoal|85/100
|-damage|p1a: Torkoal|73/100
|-damage|p1a: Torkoal|63/100
|-damage|p1a: Torkoal|52/100
|-hitcount|p1a: Torkoal|4
|-unboost|p2a: Dragonite|def|1
|-boost|p2a: Dragonite|spe|1
|move|p2b: Ursaluna|Blood Moon|p1b: Ursaluna
|-activate|p1b: Ursaluna|move: Protect
|
|-weather|SunnyDay|[upkeep]
|-fieldend|move: Psychic Terrain
|-status|p1b: Ursaluna|brn|[from] item: Flame Orb
|upkeep
|turn|6
|inactive|borp! likes cheese has 30 seconds left.
|inactive|LookBackInBanger has 30 seconds left.
|inactive|borp! likes cheese has 20 seconds left.
|inactive|LookBackInBanger has 20 seconds left.
|inactive|borp! likes cheese has 15 seconds left.
|inactive|LookBackInBanger has 15 seconds left.
|inactive|borp! likes cheese has 10 seconds left.
|inactive|LookBackInBanger has 10 seconds left.
|inactive|LookBackInBanger has 5 seconds left.
|
|t:|1756475400
|move|p2a: Dragonite|Stomping Tantrum|p1a: Torkoal
|-supereffective|p1a: Torkoal
|-damage|p1a: Torkoal|8/100
|move|p2b: Ursaluna|Hyper Voice|p1a: Torkoal|[spread] p1a,p1b
|-damage|p1a: Torkoal|0 fnt
|-damage|p1b: Ursaluna|56/100 brn
|faint|p1a: Torkoal
|-damage|p2b: Ursaluna|81/100|[from] item: Life Orb
|move|p1b: Ursaluna|Facade|p2b: Ursaluna
|-damage|p2b: Ursaluna|0 fnt
|faint|p2b: Ursaluna
|
|-weather|SunnyDay|[upkeep]
|-damage|p1b: Ursaluna|50/100 brn|[from] brn
|upkeep
|-message|borp! likes cheese forfeited.
|raw|borp! likes cheese's rating: 1055 → 1042(-13 for losing)
|raw|LookBackInBanger's rating: 1156 → 1174(+18 for winning)
|
|win|LookBackInBanger
|l|☆borp! likes cheese
|player|p1|
|c|☆LookBackInBanger|ggs!
