|j|☆Jared66
|j|☆lox1sm
|html|Jared66lox1sm    
|uhtml|bestof|Game 1 of a best-of-3
|t:|1783280971
|gametype|doubles
|player|p1|Jared66|hilbert|1072
|player|p2|lox1sm|veteran|1154
|gen|9
|tier|[Gen 9 Champions] VGC 2026 Reg M-B (Bo3)
|rated|
|rule|Species Clause: Limit one of each Pokémon
|rule|Item Clause: Limit 1 of each item
|clearpoke
|poke|p1|Raichu, L50, F|
|poke|p1|Talonflame, L50, M|
|poke|p1|Basculegion, L50, M|
|poke|p1|Sinistcha-Masterpiece, L50|
|poke|p1|Garchomp, L50, M|
|poke|p1|Sneasler, L50, F|
|poke|p2|Charizard, L50, F|
|poke|p2|Aerodactyl, L50, M|
|poke|p2|Garchomp, L50, F|
|poke|p2|Kingambit, L50, M|
|poke|p2|Farigiraf, L50, M|
|poke|p2|Primarina, L50, M|
|teampreview|4
|showteam|p1|Raichu||RaichuniteY|LightningRod|ZapCannon,Encore,FocusBlast,Protect|Timid||F|||50|]Talonflame||FocusSash|GaleWings|Tailwind,Protect,FlareBlitz,BraveBird|Adamant||M|||50|]Basculegion||ChoiceScarf|Adaptability|AquaJet,LastRespects,WaveCrash,FlipTurn|Jolly||M|||50|]Sinistcha-Masterpiece||ColburBerry|Hospitality|MatchaGotcha,LifeDew,Protect,RagePowder|Modest|||||50|]Garchomp||LifeOrb|RoughSkin|Earthquake,DragonClaw,RockSlide,Protect|Adamant||M|||50|]Sneasler||WhiteHerb|Unburden|DireClaw,CloseCombat,FakeOut,Protect|Jolly||F|||50|
|showteam|p2|Charizard||CharizarditeY|Blaze|HeatWave,WeatherBall,SolarBeam,Protect|Modest||F|||50|]Aerodactyl||Aerodactylite|Unnerve|RockSlide,IceFang,Tailwind,Protect|Jolly||M|||50|]Garchomp||LifeOrb|RoughSkin|DragonClaw,Earthquake,RockSlide,Protect|Jolly||F|||50|]Kingambit||FocusSash|Defiant|KowtowCleave,SuckerPunch,IronHead,LowKick|Adamant||M|||50|]Farigiraf||ExpertBelt|ArmorTail|Psychic,DazzlingGleam,Thunderbolt,TrickRoom|Modest||M|||50|]Primarina||MysticWater|LiquidVoice|HyperVoice,Moonblast,Haze,Protect|Modest||M|||50|
|inactive|Battle timer is ON: inactive players will automatically lose when time's up. (requested by Jared66)
|inactive|lox1sm has 60 seconds left.
|
|t:|1783281009
|teamsize|p1|4
|teamsize|p2|4
|start
|switch|p1a: Talonflame|Talonflame, L50, M|100/100
|switch|p1b: Sneasler|Sneasler, L50, F|100/100
|switch|p2a: Farigiraf|Farigiraf, L50, M|100/100
|switch|p2b: Primarina|Primarina, L50, M|100/100
|turn|1
|
|t:|1783281027
|move|p2b: Primarina|Protect|p2b: Primarina
|-singleturn|p2b: Primarina|Protect
|move|p1a: Talonflame|Brave Bird||[still]
|cant|p2a: Farigiraf|ability: Armor Tail|Brave Bird|[of] p1a: Talonflame
|move|p1b: Sneasler|Dire Claw|p2a: Farigiraf
|-damage|p2a: Farigiraf|57/100
|move|p2a: Farigiraf|Trick Room|p2a: Farigiraf
|-fieldstart|move: Trick Room|[of] p2a: Farigiraf
|
|upkeep
|turn|2
|
|t:|1783281047
|move|p1b: Sneasler|Protect|p1b: Sneasler
|-singleturn|p1b: Sneasler|Protect
|move|p2a: Farigiraf|Psychic|p1b: Sneasler
|-activate|p1b: Sneasler|move: Protect
|move|p2b: Primarina|Hyper Voice|p1a: Talonflame|[spread] p1a
|-activate|p1b: Sneasler|move: Protect
|-supereffective|p1a: Talonflame|1
|-enditem|p1a: Talonflame|Focus Sash
|-damage|p1a: Talonflame|1/100
|move|p1a: Talonflame|Flare Blitz|p2a: Farigiraf
|-damage|p2a: Farigiraf|7/100
|-damage|p1a: Talonflame|0 fnt|[from] Recoil
|faint|p1a: Talonflame
|
|upkeep
|
|t:|1783281068
|switch|p1a: Raichu|Raichu, L50, F|100/100
|turn|3
|
|t:|1783281088
|switch|p1b: Garchomp|Garchomp, L50, M|100/100
|move|p2a: Farigiraf|Psychic|p1b: Garchomp
|-damage|p1b: Garchomp|56/100
|move|p2b: Primarina|Hyper Voice|p1b: Garchomp|[spread] p1a,p1b
|-damage|p1a: Raichu|34/100
|-damage|p1b: Garchomp|9/100
|move|p1a: Raichu|Zap Cannon|p2b: Primarina
|-supereffective|p2b: Primarina|1
|-damage|p2b: Primarina|0 fnt
|faint|p2b: Primarina
|
|upkeep
|
|t:|1783281106
|switch|p2b: Charizard|Charizard, L50, F|100/100
|turn|4
|
|t:|1783281111
|detailschange|p2b: Charizard|Charizard-Mega-Y, L50, F
|-mega|p2b: Charizard|Charizard|Charizardite Y
|-weather|SunnyDay|[from] ability: Drought|[of] p2b: Charizard
|move|p1b: Garchomp|Protect|p1b: Garchomp
|-singleturn|p1b: Garchomp|Protect
|move|p1a: Raichu|Protect|p1a: Raichu
|-singleturn|p1a: Raichu|Protect
|move|p2a: Farigiraf|Dazzling Gleam|p1a: Raichu|[spread] 
|-activate|p1a: Raichu|move: Protect
|-activate|p1b: Garchomp|move: Protect
|move|p2b: Charizard|Heat Wave|p1b: Garchomp|[spread] 
|-activate|p1a: Raichu|move: Protect
|-activate|p1b: Garchomp|move: Protect
|
|-weather|SunnyDay|[upkeep]
|upkeep
|turn|5
|
|t:|1783281130
|switch|p1a: Sneasler|Sneasler, L50, F|100/100
|move|p1b: Garchomp|Protect|p1b: Garchomp
|-singleturn|p1b: Garchomp|Protect
|move|p2a: Farigiraf|Dazzling Gleam|p1b: Garchomp|[spread] p1a
|-activate|p1b: Garchomp|move: Protect
|-damage|p1a: Sneasler|73/100
|move|p2b: Charizard|Heat Wave|p1b: Garchomp|[spread] 
|-activate|p1b: Garchomp|move: Protect
|-miss|p2b: Charizard|p1a: Sneasler
|
|-weather|SunnyDay|[upkeep]
|-fieldend|move: Trick Room
|upkeep
|turn|6
|c|☆lox1sm|pfff
|
|t:|1783281154
|switch|p2a: Kingambit|Kingambit, L50, M|100/100
|move|p2b: Charizard|Protect|p2b: Charizard
|-singleturn|p2b: Charizard|Protect
|move|p1a: Sneasler|Close Combat|p2a: Kingambit
|-supereffective|p2a: Kingambit|2
|-enditem|p2a: Kingambit|Focus Sash
|-damage|p2a: Kingambit|1/100
|-unboost|p1a: Sneasler|def|1
|-unboost|p1a: Sneasler|spd|1
|-enditem|p1a: Sneasler|White Herb
|-clearnegativeboost|p1a: Sneasler|[silent]
|move|p1b: Garchomp|Rock Slide|p2a: Kingambit|[spread] p2a
|-activate|p2b: Charizard|move: Protect
|-resisted|p2a: Kingambit|1
|-damage|p2a: Kingambit|0 fnt
|faint|p2a: Kingambit
|-damage|p1b: Garchomp|0 fnt|[from] item: Life Orb
|faint|p1b: Garchomp
|
|-weather|SunnyDay|[upkeep]
|upkeep
|inactive|lox1sm has 30 seconds left.
|c|☆Jared66|I wanted that heatwave to kill for the free switch ahaha
|-message|lox1sm forfeited.
|
|win|Jared66
||Jared66 is ready for game 2.
||lox1sm is ready for game 2.
|uhtml|next|Next: Game 2 of 3
|l|☆Jared66
|player|p1|
