|j|☆thorn14
|j|☆reviewingllama
|html|thorn14reviewingllama    
|uhtml|bestof|Game 1 of a best-of-3
|t:|1756481507
|gametype|doubles
|player|p1|thorn14|hilda|1005
|player|p2|reviewingllama|2|1001
|gen|9
|tier|[Gen 9] VGC 2025 Reg H (Bo3)
|rated|
|rule|Species Clause: Limit one of each Pokémon
|rule|Item Clause: Limit 1 of each item
|clearpoke
|poke|p1|Maushold-Four, L50|
|poke|p1|Ursaluna-Bloodmoon, L50, M|
|poke|p1|Volcarona, L50, F|
|poke|p1|Ninetales-Alola, L50, M|
|poke|p1|Whimsicott, L50, F|
|poke|p1|Kingambit, L50, F|
|poke|p2|Malamar, L50, F|
|poke|p2|Sinistcha-Masterpiece, L50|
|poke|p2|Amoonguss, L50, M|
|poke|p2|Ursaluna-Bloodmoon, L50, M|
|poke|p2|Rotom-Wash, L50|
|poke|p2|Torkoal, L50, M|
|teampreview|4
|showteam|p1|Maushold-Four||WideLens|Technician|TidyUp,PopulationBomb,Protect,ShadowClaw||||||50|,,,,,Normal]Ursaluna-Bloodmoon||LifeOrb|MindsEye|BloodMoon,EarthPower,HyperVoice,Protect|||M|||50|,,,,,Normal]Volcarona||SafetyGoggles|FlameBody|BugBuzz,WillOWisp,RagePowder,FieryDance|||F|||50|,,,,,Water]Ninetales-Alola||CovertCloak|SnowWarning|AuroraVeil,Blizzard,IcyWind,Moonblast|||M|||50|,,,,,Steel]Whimsicott||FocusSash|Prankster|Encore,Moonblast,Tailwind,Taunt|||F|||50|,,,,,Grass]Kingambit||AssaultVest|Defiant|KowtowCleave,LowKick,TeraBlast,IronHead|||F|||50|,,,,,Psychic
|showteam|p2|Malamar||CovertCloak|Contrary|KnockOff,Superpower,TrickRoom,PsychoCut|||F|||50|,,,,,Fire]Sinistcha-Masterpiece||Leftovers|Hospitality|MatchaGotcha,TrickRoom,RagePowder,LifeDew||||||50|,,,,,Grass]Amoonguss||SitrusBerry|Regenerator|RagePowder,Spore,Protect,ClearSmog|||M|||50|,,,,,Water]Ursaluna-Bloodmoon||LifeOrb|MindsEye|BloodMoon,HyperVoice,EarthPower,Protect|||M|||50|,,,,,Normal]Rotom-Wash||AssaultVest|Levitate|TeraBlast,HydroPump,VoltSwitch,Discharge||||||50|,,,,,Water]Torkoal||SafetyGoggles|Drought|Eruption,ScorchingSands,SolarBeam,Protect|||M|||50|,,,,,Fire
|inactive|Battle timer is ON: inactive players will automatically lose when time's up. (requested by reviewingllama)
|inactive|thorn14 has 60 seconds left.
|inactive|reviewingllama has 60 seconds left.
|
|t:|1756481565
|teamsize|p1|4
|teamsize|p2|4
|start
|switch|p1a: Ninetales|Ninetales-Alola, L50, M|100/100
|switch|p1b: Volcarona|Volcarona, L50, F|100/100
|switch|p2a: Blooper|Malamar, L50, F|100/100
|switch|p2b: Spanish|Amoonguss, L50, M|100/100
|-weather|Snowscape|[from] ability: Snow Warning|[of] p1a: Ninetales
|turn|1
|inactive|thorn14 has 30 seconds left.
|inactive|thorn14 has 20 seconds left.
|
|t:|1756481603
|-terastallize|p2a: Blooper|Fire
|move|p1b: Volcarona|Bug Buzz|p2a: Blooper
|-resisted|p2a: Blooper
|-damage|p2a: Blooper|77/100
|move|p1a: Ninetales|Aurora Veil|p1a: Ninetales
|-sidestart|p1: thorn14|move: Aurora Veil
|move|p2b: Spanish|Spore|p1a: Ninetales
|-status|p1a: Ninetales|slp|[from] move: Spore
|move|p2a: Blooper|Trick Room|p2a: Blooper
|-fieldstart|move: Trick Room|[of] p2a: Blooper
|
|-weather|Snowscape|[upkeep]
|upkeep
|turn|2
|inactive|thorn14 has 30 seconds left.
|inactive|thorn14 has 20 seconds left.
|inactive|thorn14 has 15 seconds left.
|
|t:|1756481647
|switch|p2b: Crusty|Torkoal, L50, M|100/100
|-weather|SunnyDay|[from] ability: Drought|[of] p2b: Crusty
|move|p2a: Blooper|Knock Off|p1b: Volcarona
|-damage|p1b: Volcarona|68/100
|-enditem|p1b: Volcarona|Safety Goggles|[from] move: Knock Off|[of] p2a: Blooper
|cant|p1a: Ninetales|slp
|move|p1b: Volcarona|Will-O-Wisp|p2a: Blooper
|-immune|p2a: Blooper
|
|-weather|SunnyDay|[upkeep]
|upkeep
|turn|3
|inactive|thorn14 has 30 seconds left.
|
|t:|1756481676
|move|p2b: Crusty|Eruption|p1b: Volcarona|[spread] p1a,p1b
|-supereffective|p1a: Ninetales
|-damage|p1a: Ninetales|22/100 slp
|-damage|p1b: Volcarona|23/100
|move|p2a: Blooper|Superpower|p1b: Volcarona
|-resisted|p1b: Volcarona
|-damage|p1b: Volcarona|10/100
|-boost|p2a: Blooper|atk|1
|-boost|p2a: Blooper|def|1
|cant|p1a: Ninetales|slp
|move|p1b: Volcarona|Bug Buzz|p2b: Crusty
|-resisted|p2b: Crusty
|-damage|p2b: Crusty|67/100
|
|-weather|SunnyDay|[upkeep]
|upkeep
|turn|4
|
|t:|1756481697
|switch|p2a: English|Sinistcha-Masterpiece, L50|100/100
|-heal|p2b: Crusty|92/100|[from] ability: Hospitality|[of] p2a: English
|move|p2b: Crusty|Eruption|p1b: Volcarona|[spread] p1a,p1b
|-supereffective|p1a: Ninetales
|-damage|p1a: Ninetales|0 fnt
|-damage|p1b: Volcarona|0 fnt
|faint|p1a: Ninetales
|faint|p1b: Volcarona
|
|-weather|SunnyDay|[upkeep]
|upkeep
|
|t:|1756481709
|switch|p1a: Kingambit|Kingambit, L50, F|100/100
|switch|p1b: Ursaluna|Ursaluna-Bloodmoon, L50, M|100/100
|turn|5
|inactive|thorn14 has 30 seconds left.
|inactive|thorn14 has 20 seconds left.
|
|t:|1756481745
|-terastallize|p1a: Kingambit|Psychic
|move|p1b: Ursaluna|Protect|p1b: Ursaluna
|-singleturn|p1b: Ursaluna|Protect
|move|p2a: English|Rage Powder|p2a: English
|-singleturn|p2a: English|move: Rage Powder
|move|p2b: Crusty|Eruption|p1b: Ursaluna|[spread] p1a
|-activate|p1b: Ursaluna|move: Protect
|-damage|p1a: Kingambit|72/100
|move|p1a: Kingambit|Kowtow Cleave|p2a: English
|-supereffective|p2a: English
|-damage|p2a: English|16/100
|
|-weather|SunnyDay|[upkeep]
|-heal|p2a: English|22/100|[from] item: Leftovers
|-sideend|p1: thorn14|move: Aurora Veil
|-fieldend|move: Trick Room
|upkeep
|turn|6
|inactive|thorn14 has 30 seconds left.
|
|t:|1756481779
|switch|p2a: Spanish|Amoonguss, L50, M|100/100
|move|p2b: Crusty|Protect|p2b: Crusty
|-singleturn|p2b: Crusty|Protect
|move|p1b: Ursaluna|Hyper Voice|p2a: Spanish|[spread] p2a
|-activate|p2b: Crusty|move: Protect
|-damage|p2a: Spanish|61/100
|-damage|p1b: Ursaluna|91/100|[from] item: Life Orb
|move|p1a: Kingambit|Kowtow Cleave|p2b: Crusty
|-activate|p2b: Crusty|move: Protect
|
|-weather|none
|upkeep
|turn|7
|
|t:|1756481802
|switch|p2b: English|Sinistcha-Masterpiece, L50|22/100
|-heal|p2a: Spanish|86/100|[from] ability: Hospitality|[of] p2b: English
|move|p1b: Ursaluna|Earth Power|p2b: English
|-resisted|p2b: English
|-damage|p2b: English|0 fnt
|faint|p2b: English
|-damage|p1b: Ursaluna|81/100|[from] item: Life Orb
|move|p1a: Kingambit|Tera Blast|p2a: Spanish|[anim] Tera Blast Psychic
|-supereffective|p2a: Spanish
|-damage|p2a: Spanish|5/100
|-enditem|p2a: Spanish|Sitrus Berry|[eat]
|-heal|p2a: Spanish|29/100|[from] item: Sitrus Berry
|move|p2a: Spanish|Spore|p1a: Kingambit
|-status|p1a: Kingambit|slp|[from] move: Spore
|
|upkeep
|
|t:|1756481817
|switch|p2b: Blooper|Malamar, L50, F, tera:Fire|77/100
|turn|8
|
|t:|1756481838
|switch|p2a: Crusty|Torkoal, L50, M|92/100
|-weather|SunnyDay|[from] ability: Drought|[of] p2a: Crusty
|move|p1b: Ursaluna|Hyper Voice|p2b: Blooper|[spread] p2a,p2b
|-damage|p2a: Crusty|23/100
|-damage|p2b: Blooper|30/100
|-damage|p1b: Ursaluna|71/100|[from] item: Life Orb
|cant|p1a: Kingambit|slp
|move|p2b: Blooper|Superpower|p1b: Ursaluna
|-supereffective|p1b: Ursaluna
|-damage|p1b: Ursaluna|27/100
|-boost|p2b: Blooper|atk|1
|-boost|p2b: Blooper|def|1
|
|-weather|SunnyDay|[upkeep]
|upkeep
|turn|9
|inactive|thorn14 has 30 seconds left.
|
|t:|1756481866
|move|p1b: Ursaluna|Hyper Voice|p2a: Crusty|[spread] p2a,p2b
|-crit|p2a: Crusty
|-damage|p2a: Crusty|0 fnt
|-damage|p2b: Blooper|0 fnt
|faint|p2a: Crusty
|faint|p2b: Blooper
|-damage|p1b: Ursaluna|17/100|[from] item: Life Orb
|cant|p1a: Kingambit|slp
|
|-weather|SunnyDay|[upkeep]
|upkeep
|
|t:|1756481869
|switch|p2b: Spanish|Amoonguss, L50, M|62/100
|turn|10
|-message|reviewingllama forfeited.
|
|win|thorn14
|l|☆reviewingllama
|player|p2|
||reviewingllama is ready for game 2.
|inactive|thorn14 has 30 seconds to confirm battle start!
|l|☆thorn14
|player|p1|
|inactive|thorn14 has 20 seconds to confirm battle start!
|inactive|thorn14 has 10 seconds to confirm battle start!
||thorn14 is ready for game 2.
|uhtml|next|Next: Game 2 of 3
|j|☆reviewingllama
|player|p2|reviewingllama|2|
