|j|☆Guiltypleasure06
|j|☆aqueousbloop
|html|Guiltypleasure06aqueousbloop    
|uhtml|bestof|Game 1 of a best-of-3
|t:|1756292093
|gametype|doubles
|player|p1|Guiltypleasure06|2|1112
|player|p2|aqueousbloop|101|1095
|gen|9
|tier|[Gen 9] VGC 2025 Reg H (Bo3)
|rated|
|rule|Species Clause: Limit one of each Pokémon
|rule|Item Clause: Limit 1 of each item
|clearpoke
|poke|p1|Sneasler, L50, F|
|poke|p1|Dondozo, L50, F|
|poke|p1|Magmar, L50, M|
|poke|p1|Rillaboom, L50, M|
|poke|p1|Dragonite, L50, F|
|poke|p1|Kingambit, L50, M|
|poke|p2|Sneasler, L50, F|
|poke|p2|Basculegion, L50, M|
|poke|p2|Pelipper, L50, M|
|poke|p2|Indeedee-F, L50, F|
|poke|p2|Lurantis, L50, F|
|poke|p2|Hatterene, L50, F|
|teampreview|4
|showteam|p1|Sneasler||FocusSash|Unburden|CloseCombat,DireClaw,Coaching,Protect|||F|||50|,,,,,Stellar]Dondozo||Leftovers|Unaware|Liquidation,Yawn,Protect,Fissure|||F|||50|,,,,,Fire]Magmar||Eviolite|VitalSpirit|Overheat,WillOWisp,FollowMe,Protect|||M|||50|,,,,,Dragon]Rillaboom||AssaultVest|GrassySurge|WoodHammer,GrassyGlide,Uturn,FakeOut|||M|||50|,,,,,Fire]Dragonite||LoadedDice|Multiscale|ExtremeSpeed,ScaleShot,LowKick,Protect|||F|||50|,,,,,Fairy]Kingambit||BlackGlasses|Defiant|Protect,SwordsDance,SuckerPunch,KowtowCleave|||M|||50|,,,,,Dark
|showteam|p2|Sneasler||SafetyGoggles|PoisonTouch|ThroatChop,CloseCombat,DireClaw,FakeOut|||F|||50|,,,,,Dark]Basculegion||ChoiceBand|SwiftSwim|FlipTurn,WaveCrash,LastRespects,AquaJet|||M|||50|,,,,,Grass]Pelipper||FocusSash|Drizzle|Hurricane,WeatherBall,WideGuard,Protect|||M|||50|,,,,,Ghost]Indeedee-F||PsychicSeed|PsychicSurge|TrickRoom,FollowMe,HelpingHand,Psychic|||F|||50|,,,,,Fairy]Lurantis||AssaultVest|Contrary|Superpower,LeafBlade,KnockOff,LeechLife|||F|||50|,,,,,Poison]Hatterene||LifeOrb|MagicBounce|TrickRoom,ExpandingForce,DazzlingGleam,Protect|||F|||50|,,,,,Psychic
|
|t:|1756292127
|teamsize|p1|4
|teamsize|p2|4
|start
|switch|p1a: Sneasler|Sneasler, L50, F|100/100
|switch|p1b: Dragonite|Dragonite, L50, F|100/100
|switch|p2a: Sneasler|Sneasler, L50, F|100/100
|switch|p2b: Lurantis|Lurantis, L50, F|100/100
|turn|1
|
|t:|1756292176
|move|p2a: Sneasler|Fake Out|p1a: Sneasler
|-damage|p1a: Sneasler|72/100
|cant|p1a: Sneasler|flinch
|move|p1b: Dragonite|Scale Shot|p2a: Sneasler
|-damage|p2a: Sneasler|75/100
|-damage|p2a: Sneasler|47/100
|-damage|p2a: Sneasler|20/100
|-damage|p2a: Sneasler|0 fnt
|faint|p2a: Sneasler
|-hitcount|p2: Sneasler|4
|-unboost|p1b: Dragonite|def|1
|-boost|p1b: Dragonite|spe|1
|move|p2b: Lurantis|Superpower|p1a: Sneasler
|-resisted|p1a: Sneasler
|-damage|p1a: Sneasler|39/100
|-boost|p2b: Lurantis|atk|1
|-boost|p2b: Lurantis|def|1
|
|upkeep
|
|t:|1756292200
|switch|p2a: Indeedee|Indeedee-F, L50, F|100/100
|-fieldstart|move: Psychic Terrain|[from] ability: Psychic Surge|[of] p2a: Indeedee
|-enditem|p2a: Indeedee|Psychic Seed
|-boost|p2a: Indeedee|spd|1|[from] item: Psychic Seed
|turn|2
|inactive|Battle timer is ON: inactive players will automatically lose when time's up. (requested by Guiltypleasure06)
|
|t:|1756292253
|switch|p1a: Rillaboom|Rillaboom, L50, M|100/100
|-fieldstart|move: Grassy Terrain|[from] ability: Grassy Surge|[of] p1a: Rillaboom
|move|p1b: Dragonite|Scale Shot|p2a: Indeedee|[miss]
|-miss|p1b: Dragonite|p2a: Indeedee
|move|p2b: Lurantis|Superpower|p1a: Rillaboom
|-damage|p1a: Rillaboom|46/100
|-boost|p2b: Lurantis|atk|1
|-boost|p2b: Lurantis|def|1
|move|p2a: Indeedee|Trick Room|p2a: Indeedee
|-fieldstart|move: Trick Room|[of] p2a: Indeedee
|
|-heal|p1a: Rillaboom|52/100|[from] Grassy Terrain
|upkeep
|turn|3
|inactive|aqueousbloop has 30 seconds left.
|inactive|aqueousbloop has 20 seconds left.
|inactive|aqueousbloop has 15 seconds left.
|
|t:|1756292296
|switch|p1b: Kingambit|Kingambit, L50, M, shiny|100/100
|-terastallize|p2a: Indeedee|Fairy
|move|p2b: Lurantis|Leech Life|p1a: Rillaboom
|-supereffective|p1a: Rillaboom
|-damage|p1a: Rillaboom|0 fnt
|faint|p1a: Rillaboom
|move|p2a: Indeedee|Psychic|p1b: Kingambit
|-immune|p1b: Kingambit
|
|upkeep
|
|t:|1756292309
|switch|p1a: Sneasler|Sneasler, L50, F|39/100
|turn|4
|
|t:|1756292334
|move|p1b: Kingambit|Protect|p1b: Kingambit
|-singleturn|p1b: Kingambit|Protect
|move|p2a: Indeedee|Follow Me|p2a: Indeedee
|-singleturn|p2a: Indeedee|move: Follow Me
|move|p2b: Lurantis|Superpower|p1b: Kingambit
|-activate|p1b: Kingambit|move: Protect
|move|p1a: Sneasler|Coaching|p1b: Kingambit
|-boost|p1b: Kingambit|atk|1
|-boost|p1b: Kingambit|def|1
|
|-heal|p1a: Sneasler|45/100|[from] Grassy Terrain
|upkeep
|turn|5
|inactive|Guiltypleasure06 has 30 seconds left.
|
|t:|1756292368
|switch|p1b: Dragonite|Dragonite, L50, F|100/100
|move|p2a: Indeedee|Follow Me|p2a: Indeedee
|-singleturn|p2a: Indeedee|move: Follow Me
|move|p2b: Lurantis|Superpower|p1b: Dragonite
|-resisted|p1b: Dragonite
|-damage|p1b: Dragonite|81/100
|-boost|p2b: Lurantis|atk|1
|-boost|p2b: Lurantis|def|1
|move|p1a: Sneasler|Dire Claw|p2a: Indeedee
|-supereffective|p2a: Indeedee
|-damage|p2a: Indeedee|18/100
|
|-heal|p2a: Indeedee|24/100|[from] Grassy Terrain
|-heal|p1a: Sneasler|50/100|[from] Grassy Terrain
|upkeep
|turn|6
|inactive|Guiltypleasure06 has 30 seconds left.
|inactive|aqueousbloop has 30 seconds left.
|inactive|Guiltypleasure06 has 20 seconds left.
|inactive|aqueousbloop has 20 seconds left.
|inactive|Guiltypleasure06 has 15 seconds left.
|inactive|aqueousbloop has 15 seconds left.
|inactive|Guiltypleasure06 has 10 seconds left.
|inactive|aqueousbloop has 10 seconds left.
|inactive|aqueousbloop has 5 seconds left.
|
|t:|1756292422
|switch|p2a: Hatterene|Hatterene, L50, F|100/100
|move|p1a: Sneasler|Protect|p1a: Sneasler
|-singleturn|p1a: Sneasler|Protect
|move|p2b: Lurantis|Superpower|p1a: Sneasler
|-activate|p1a: Sneasler|move: Protect
|move|p1b: Dragonite|Low Kick|p2a: Hatterene
|-resisted|p2a: Hatterene
|-damage|p2a: Hatterene|99/100
|
|-heal|p2a: Hatterene|100/100|[from] Grassy Terrain
|-heal|p1a: Sneasler|56/100|[from] Grassy Terrain
|-fieldend|move: Trick Room
|-fieldend|move: Grassy Terrain
|upkeep
|turn|7
|inactive|Guiltypleasure06 has 30 seconds left.
|
|t:|1756292450
|switch|p2b: Indeedee|Indeedee-F, L50, F, tera:Fairy|24/100
|-fieldstart|move: Psychic Terrain|[from] ability: Psychic Surge|[of] p2b: Indeedee
|-terastallize|p1a: Sneasler|Stellar
|move|p1a: Sneasler|Dire Claw|p2a: Hatterene
|-supereffective|p2a: Hatterene
|-damage|p2a: Hatterene|0 fnt
|faint|p2a: Hatterene
|move|p1b: Dragonite|Scale Shot|p2b: Indeedee
|-immune|p2b: Indeedee
|
|upkeep
|
|t:|1756292461
|switch|p2a: Lurantis|Lurantis, L50, F|100/100
|turn|8
|
|t:|1756292470
|move|p1a: Sneasler|Dire Claw|p2b: Indeedee
|-supereffective|p2b: Indeedee
|-damage|p2b: Indeedee|0 fnt
|faint|p2b: Indeedee
|move|p1b: Dragonite|Scale Shot|p2a: Lurantis
|-damage|p2a: Lurantis|85/100
|-damage|p2a: Lurantis|69/100
|-damage|p2a: Lurantis|52/100
|-damage|p2a: Lurantis|35/100
|-hitcount|p2a: Lurantis|4
|-unboost|p1b: Dragonite|def|1
|-boost|p1b: Dragonite|spe|1
|move|p2a: Lurantis|Superpower|p1a: Sneasler
|-resisted|p1a: Sneasler
|-damage|p1a: Sneasler|24/100
|-boost|p2a: Lurantis|atk|1
|-boost|p2a: Lurantis|def|1
|
|upkeep
|turn|9
|
|t:|1756292490
|move|p1a: Sneasler|Dire Claw|p2a: Lurantis
|-supereffective|p2a: Lurantis
|-damage|p2a: Lurantis|0 fnt
|faint|p2a: Lurantis
|
|win|Guiltypleasure06
||aqueousbloop is ready for game 2.
||Guiltypleasure06 is ready for game 2.
|uhtml|next|Next: Game 2 of 3
|l|☆aqueousbloop
|player|p2|
