|j|☆clarocojones
|j|☆Darlgardevoir
|html|clarocojonesDarlgardevoir    
|uhtml|bestof|Game 2 of a best-of-3
|t:|1785597108
|gametype|doubles
|player|p1|clarocojones|striker|1185
|player|p2|Darlgardevoir|cilan|1168
|gen|9
|tier|[Gen 9 Champions] VGC 2026 Reg M-B (Bo3)
|rated|
|rule|Species Clause: Limit one of each Pokémon
|rule|Item Clause: Limit 1 of each item
|clearpoke
|poke|p1|Incineroar, L50, M, shiny|
|poke|p1|Floette-Eternal, L50, F|
|poke|p1|Sinistcha-Masterpiece, L50, shiny|
|poke|p1|Kommo-o, L50, M|
|poke|p1|Kingambit, L50, M, shiny|
|poke|p1|Aerodactyl, L50, M|
|poke|p2|Staraptor, L50, F|
|poke|p2|Whimsicott, L50, M|
|poke|p2|Tyranitar, L50, M|
|poke|p2|Excadrill, L50, M|
|poke|p2|Milotic, L50, F|
|poke|p2|Froslass, L50, F|
|teampreview|4
|showteam|p1|Incineroar||SitrusBerry|Intimidate|FakeOut,PartingShot,HelpingHand,FlareBlitz|Careful||M|||50|]Floette-Eternal||Floettite|FlowerVeil|Moonblast,DazzlingGleam,CalmMind,Protect|Modest||F|||50|]Sinistcha-Masterpiece||ColburBerry|Hospitality|MatchaGotcha,LifeDew,RagePowder,TrickRoom|Bold|||||50|]Kommo-o||Leftovers|Overcoat|ClangingScales,AuraSphere,ClangorousSoul,Protect|Modest||M|||50|]Kingambit||FocusSash|Defiant|KowtowCleave,SuckerPunch,IronHead,Protect|Adamant||M|||50|]Aerodactyl||Aerodactylite|Unnerve|Protect,RockSlide,Tailwind,DualWingbeat|Jolly||M|||50|
|showteam|p2|Staraptor||Staraptite|Intimidate|Protect,BlazeKick,BraveBird,CloseCombat|Jolly||F|||50|]Whimsicott||FairyFeather|Prankster|Protect,Tailwind,Encore,Moonblast|Timid||M|||50|]Tyranitar||FocusSash|SandStream|Protect,RockSlide,IcePunch,KnockOff|Jolly||M|||50|]Excadrill||LifeOrb|SandRush|Protect,IronHead,RockSlide,Earthquake|Adamant||M|||50|]Milotic||Leftovers|Competitive|Protect,Coil,Hypnosis,MuddyWater|Bold||F|||50|]Froslass||Froslassite|SnowCloak|Protect,Thunderbolt,ShadowBall,Blizzard|Timid||F|||50|
|inactive|Battle timer is ON: inactive players will automatically lose when time's up. (requested by Darlgardevoir)
|inactive|clarocojones has 60 seconds left.
|
|t:|1785597151
|teamsize|p1|4
|teamsize|p2|4
|start
|switch|p1a: Aerodactyl|Aerodactyl, L50, M|100/100
|switch|p1b: Kingambit|Kingambit, L50, M, shiny|100/100
|switch|p2a: Whimsicott|Whimsicott, L50, M|100/100
|switch|p2b: Excadrill|Excadrill, L50, M|100/100
|-ability|p1a: Aerodactyl|Unnerve
|turn|1
|inactive|Darlgardevoir has 30 seconds left.
|
|t:|1785597176
|move|p2a: Whimsicott|Tailwind|p2a: Whimsicott
|-sidestart|p2: Darlgardevoir|move: Tailwind
|move|p2b: Excadrill|Iron Head|p1a: Aerodactyl
|-supereffective|p1a: Aerodactyl|1
|-damage|p1a: Aerodactyl|0 fnt
|faint|p1a: Aerodactyl
|-damage|p2b: Excadrill|90/100|[from] item: Life Orb
|move|p1b: Kingambit|Iron Head|p2a: Whimsicott
|-supereffective|p2a: Whimsicott|1
|-damage|p2a: Whimsicott|0 fnt
|faint|p2a: Whimsicott
|
|upkeep
|
|t:|1785597185
|switch|p1a: Kommo-o|Kommo-o, L50, M|100/100
|switch|p2a: Tyranitar|Tyranitar, L50, M|100/100
|-weather|Sandstorm|[from] ability: Sand Stream|[of] p2a: Tyranitar
|turn|2
|
|t:|1785597203
|move|p2a: Tyranitar|Protect|p2a: Tyranitar
|-singleturn|p2a: Tyranitar|Protect
|move|p2b: Excadrill|Earthquake|p1a: Kommo-o|[spread] p1a,p1b
|-activate|p2a: Tyranitar|move: Protect
|-supereffective|p1b: Kingambit|1
|-damage|p1a: Kommo-o|43/100
|-damage|p1b: Kingambit|5/100
|-damage|p2b: Excadrill|80/100|[from] item: Life Orb
|move|p1a: Kommo-o|Aura Sphere|p2b: Excadrill
|-supereffective|p2b: Excadrill|1
|-damage|p2b: Excadrill|0 fnt
|faint|p2b: Excadrill
|move|p1b: Kingambit|Iron Head|p2a: Tyranitar
|-activate|p2a: Tyranitar|move: Protect
|
|-weather|Sandstorm|[upkeep]
|-heal|p1a: Kommo-o|50/100y|[from] item: Leftovers
|upkeep
|
|t:|1785597209
|switch|p2b: Froslass|Froslass, L50, F|100/100
|turn|3
|
|t:|1785597221
|move|p2b: Froslass|Protect|p2b: Froslass
|-singleturn|p2b: Froslass|Protect
|move|p1b: Kingambit|Sucker Punch||[still]
|-fail|p1b: Kingambit
|move|p2a: Tyranitar|Rock Slide|p1a: Kommo-o|[spread] p1a,p1b
|-resisted|p1a: Kommo-o|1
|-resisted|p1b: Kingambit|1
|-damage|p1a: Kommo-o|36/100
|-damage|p1b: Kingambit|0 fnt
|faint|p1b: Kingambit
|cant|p1a: Kommo-o|flinch
|
|-weather|Sandstorm|[upkeep]
|-damage|p2b: Froslass|94/100|[from] Sandstorm
|-heal|p1a: Kommo-o|43/100|[from] item: Leftovers
|upkeep
|
|t:|1785597229
|switch|p1b: Felicidad|Floette-Eternal, L50, F|100/100
|turn|4
|
|t:|1785597242
|detailschange|p2b: Froslass|Froslass-Mega, L50, F
|-mega|p2b: Froslass|Froslass|Froslassite
|-weather|Snowscape|[from] ability: Snow Warning|[of] p2b: Froslass
|detailschange|p1b: Felicidad|Floette-Mega, L50, F
|-mega|p1b: Felicidad|Floette|Floettite
|-ability|p1b: Felicidad|Fairy Aura
|move|p1a: Kommo-o|Protect|p1a: Kommo-o
|-singleturn|p1a: Kommo-o|Protect
|move|p2b: Froslass|Blizzard|p1b: Felicidad|[spread] p1b
|-activate|p1a: Kommo-o|move: Protect
|-damage|p1b: Felicidad|68/100
|move|p2a: Tyranitar|Rock Slide|p1b: Felicidad|[spread] p1b
|-activate|p1a: Kommo-o|move: Protect
|-damage|p1b: Felicidad|41/100
|move|p1b: Felicidad|Dazzling Gleam|p2a: Tyranitar|[spread] p2a,p2b
|-supereffective|p2a: Tyranitar|1
|-damage|p2a: Tyranitar|7/100
|-damage|p2b: Froslass|34/100
|
|-weather|Snowscape|[upkeep]
|-heal|p1a: Kommo-o|49/100|[from] item: Leftovers
|-sideend|p2: Darlgardevoir|move: Tailwind
|upkeep
|turn|5
|inactive|clarocojones has 30 seconds left.
|inactive|clarocojones has 20 seconds left.
|inactive|clarocojones has 15 seconds left.
|inactive|clarocojones has 10 seconds left.
|inactive|clarocojones has 5 seconds left.
|
|t:|1785597293
|move|p1a: Kommo-o|Protect|p1a: Kommo-o
|-singleturn|p1a: Kommo-o|Protect
|move|p2b: Froslass|Blizzard|p1b: Felicidad|[spread] p1b
|-activate|p1a: Kommo-o|move: Protect
|-damage|p1b: Felicidad|6/100
|move|p2a: Tyranitar|Rock Slide|p1b: Felicidad|[spread] p1b
|-activate|p1a: Kommo-o|move: Protect
|-damage|p1b: Felicidad|0 fnt
|faint|p1b: Felicidad
|
|-weather|Snowscape|[upkeep]
|-heal|p1a: Kommo-o|55/100|[from] item: Leftovers
|upkeep
|turn|6
|
|t:|1785597310
|move|p2b: Froslass|Blizzard|p1a: Kommo-o
|-supereffective|p1a: Kommo-o|1
|-damage|p1a: Kommo-o|0 fnt
|faint|p1a: Kommo-o
|
|win|Darlgardevoir
