|j|☆R1ply
|j|☆Crying Flurmels
|html|R1plyCrying Flurmels    
|uhtml|bestof|Game 1 of a best-of-3
|t:|1756920111
|gametype|doubles
|player|p1|R1ply|acetrainer-gen4dp|
|player|p2|Crying Flurmels|102|
|gen|9
|tier|[Gen 9] VGC 2025 Reg H (Bo3)
|rule|Species Clause: Limit one of each Pokémon
|rule|Item Clause: Limit 1 of each item
|clearpoke
|poke|p1|Gholdengo, L50|
|poke|p1|Sneasler, L50, M|
|poke|p1|Rillaboom, L50, M|
|poke|p1|Dragonite, L50, M|
|poke|p1|Ninetales-Alola, L50, F|
|poke|p1|Arcanine-Hisui, L50, M|
|poke|p2|Murkrow, L50, M|
|poke|p2|Volcarona, L50, F|
|poke|p2|Sneasler, L50, M|
|poke|p2|Kingambit, L50, F|
|poke|p2|Dragonite, L50, F|
|poke|p2|Rillaboom, L50, M|
|teampreview|4
|showteam|p1|Gholdengo||GrassySeed|GoodasGold|NastyPlot,MakeItRain,ShadowBall,Protect||||||50|,,,,,Water]Sneasler||WhiteHerb|Unburden|CloseCombat,DireClaw,Coaching,Protect|||M|||50|,,,,,Ghost]Rillaboom||AssaultVest|GrassySurge|FakeOut,GrassyGlide,DrumBeating,HighHorsepower|||M|||50|,,,,,Fire]Dragonite||LoadedDice|Multiscale|ScaleShot,StompingTantrum,Tailwind,Protect|||M|||50|,,,,,Ground]Ninetales-Alola||FocusSash|SnowWarning|Blizzard,IcyWind,Encore,AuroraVeil|||F|||50|,,,,,Ghost]Arcanine-Hisui||ClearAmulet|Intimidate|RockSlide,FlareBlitz,ExtremeSpeed,Protect|||M|||50|,,,,,Water
|showteam|p2|Murkrow||Eviolite|Prankster|FoulPlay,Tailwind,Haze,SunnyDay|||M|||50|,,,,,Ghost]Volcarona||CovertCloak|FlameBody|HeatWave,TeraBlast,QuiverDance,Protect|||F|||50|,,,,,Water]Sneasler||GrassySeed|Unburden|DireClaw,CloseCombat,Protect,Coaching|||M|||50|,,,,,Stellar]Kingambit||BlackGlasses|Defiant|KowtowCleave,SuckerPunch,SwordsDance,Protect|||F|||50|,,,,,Dark]Dragonite||ChoiceBand|InnerFocus|Outrage,StompingTantrum,LowKick,ExtremeSpeed|||F|||50|,,,,,Normal]Rillaboom||MiracleSeed|GrassySurge|WoodHammer,GrassyGlide,Uturn,FakeOut|||M|||50|,,,,,Fire
|inactive|Battle timer is ON: inactive players will automatically lose when time's up. (requested by R1ply)
|c|☆Crying Flurmels|glhf
|c|☆R1ply|glhf
|inactive|R1ply has 60 seconds left.
|inactive|Crying Flurmels has 60 seconds left.
|
|t:|1756920168
|teamsize|p1|4
|teamsize|p2|4
|start
|switch|p1a: Sneasler|Sneasler, L50, M|100/100
|switch|p1b: Rillaboom|Rillaboom, L50, M|100/100
|switch|p2a: Dragonite|Dragonite, L50, F, shiny|100/100
|switch|p2b: Rillaboom|Rillaboom, L50, M, shiny|100/100
|-fieldstart|move: Grassy Terrain|[from] ability: Grassy Surge|[of] p1b: Rillaboom
|turn|1
|inactive|R1ply has 30 seconds left.
|
|t:|1756920196
|switch|p2a: Sneasler|Sneasler, L50, M|100/100
|-enditem|p2a: Sneasler|Grassy Seed
|-boost|p2a: Sneasler|def|1|[from] item: Grassy Seed
|switch|p1b: Arcanine|Arcanine-Hisui, L50, M|100/100
|-ability|p1b: Arcanine|Intimidate|boost
|-unboost|p2a: Sneasler|atk|1
|-unboost|p2b: Rillaboom|atk|1
|-terastallize|p1a: Sneasler|Ghost
|move|p2b: Rillaboom|Fake Out|p1a: Sneasler
|-immune|p1a: Sneasler
|move|p1a: Sneasler|Coaching|p1b: Arcanine
|-boost|p1b: Arcanine|atk|1
|-boost|p1b: Arcanine|def|1
|
|upkeep
|turn|2
|inactive|R1ply has 30 seconds left.
|inactive|Crying Flurmels has 30 seconds left.
|
|t:|1756920227
|-terastallize|p2a: Sneasler|Stellar
|move|p1b: Arcanine|Protect|p1b: Arcanine
|-singleturn|p1b: Arcanine|Protect
|move|p2b: Rillaboom|Grassy Glide|p1b: Arcanine
|-activate|p1b: Arcanine|move: Protect
|move|p2a: Sneasler|Close Combat|p1b: Arcanine
|-activate|p1b: Arcanine|move: Protect
|move|p1a: Sneasler|Dire Claw|p2b: Rillaboom
|-supereffective|p2b: Rillaboom
|-damage|p2b: Rillaboom|24/100
|
|-heal|p2b: Rillaboom|30/100|[from] Grassy Terrain
|upkeep
|turn|3
|inactive|R1ply has 30 seconds left.
|inactive|R1ply has 20 seconds left.
|
|t:|1756920265
|switch|p1b: Rillaboom|Rillaboom, L50, M|100/100
|move|p2b: Rillaboom|Grassy Glide|p1a: Sneasler
|-damage|p1a: Sneasler|50/100
|move|p2a: Sneasler|Close Combat|p1b: Rillaboom
|-damage|p1b: Rillaboom|43/100
|-unboost|p2a: Sneasler|def|1
|-unboost|p2a: Sneasler|spd|1
|move|p1a: Sneasler|Dire Claw|p2a: Sneasler
|-resisted|p2a: Sneasler
|-damage|p2a: Sneasler|64/100
|
|-heal|p2a: Sneasler|70/100|[from] Grassy Terrain
|-heal|p1a: Sneasler|56/100|[from] Grassy Terrain
|-heal|p1b: Rillaboom|49/100|[from] Grassy Terrain
|-heal|p2b: Rillaboom|36/100|[from] Grassy Terrain
|upkeep
|turn|4
|inactive|R1ply has 30 seconds left.
|inactive|Crying Flurmels has 30 seconds left.
|inactive|Crying Flurmels has 20 seconds left.
|
|t:|1756920301
|move|p1b: Rillaboom|Fake Out|p2a: Sneasler
|-damage|p2a: Sneasler|47/100
|move|p2b: Rillaboom|Grassy Glide|p1a: Sneasler
|-damage|p1a: Sneasler|5/100
|cant|p2a: Sneasler|flinch
|move|p1a: Sneasler|Dire Claw|p2b: Rillaboom
|-supereffective|p2b: Rillaboom
|-damage|p2b: Rillaboom|0 fnt
|faint|p2b: Rillaboom
|
|-heal|p2a: Sneasler|52/100|[from] Grassy Terrain
|-heal|p1a: Sneasler|12/100|[from] Grassy Terrain
|-heal|p1b: Rillaboom|55/100|[from] Grassy Terrain
|upkeep
|
|t:|1756920312
|switch|p2b: Dragonite|Dragonite, L50, F, shiny|100/100
|turn|5
|
|t:|1756920332
|move|p1a: Sneasler|Protect|p1a: Sneasler
|-singleturn|p1a: Sneasler|Protect
|move|p1b: Rillaboom|Grassy Glide|p2b: Dragonite
|-resisted|p2b: Dragonite
|-damage|p2b: Dragonite|90/100
|move|p2a: Sneasler|Dire Claw|p1a: Sneasler
|-activate|p1a: Sneasler|move: Protect
|move|p2b: Dragonite|Outrage|p1b: Rillaboom
|-crit|p1b: Rillaboom
|-damage|p1b: Rillaboom|0 fnt
|faint|p1b: Rillaboom
|
|-heal|p2a: Sneasler|58/100|[from] Grassy Terrain
|-heal|p1a: Sneasler|18/100|[from] Grassy Terrain
|-fieldend|move: Grassy Terrain
|upkeep
|
|t:|1756920352
|switch|p1b: Dragonite|Dragonite, L50, M|100/100
|turn|6
|
|t:|1756920363
|move|p1b: Dragonite|Protect|p1b: Dragonite
|-singleturn|p1b: Dragonite|Protect
|move|p2a: Sneasler|Dire Claw|p1b: Dragonite
|-activate|p1b: Dragonite|move: Protect
|move|p1a: Sneasler|Coaching|p1b: Dragonite
|-boost|p1b: Dragonite|atk|1
|-boost|p1b: Dragonite|def|1
|move|p2b: Dragonite|Outrage|p1a: Sneasler|[from] lockedmove
|-damage|p1a: Sneasler|0 fnt
|faint|p1a: Sneasler
|-start|p2b: Dragonite|confusion|[fatigue]
|
|upkeep
|
|t:|1756920376
|switch|p1a: Arcanine|Arcanine-Hisui, L50, M|100/100
|-ability|p1a: Arcanine|Intimidate|boost
|-unboost|p2a: Sneasler|atk|1
|-fail|p2b: Dragonite|unboost|Attack|[from] ability: Inner Focus|[of] p2b: Dragonite
|turn|7
|
|t:|1756920397
|move|p2a: Sneasler|Dire Claw|p1b: Dragonite
|-damage|p1b: Dragonite|91/100
|move|p1a: Arcanine|Rock Slide|p2b: Dragonite|[spread] p2a,p2b
|-resisted|p2a: Sneasler
|-supereffective|p2b: Dragonite
|-damage|p2a: Sneasler|33/100
|-damage|p2b: Dragonite|31/100
|-activate|p2b: Dragonite|confusion
|move|p2b: Dragonite|Outrage|p1a: Arcanine
|-damage|p1a: Arcanine|0 fnt
|faint|p1a: Arcanine
|move|p1b: Dragonite|Tailwind|p1b: Dragonite
|-sidestart|p1: R1ply|move: Tailwind
|
|upkeep
|turn|8
|
|t:|1756920418
|move|p2a: Sneasler|Dire Claw|p1b: Dragonite
|-damage|p1b: Dragonite|75/100
|move|p1b: Dragonite|Scale Shot|p2b: Dragonite
|-supereffective|p2b: Dragonite
|-damage|p2b: Dragonite|0 fnt
|faint|p2b: Dragonite
|-hitcount|p2: Dragonite|1
|-unboost|p1b: Dragonite|def|1
|-boost|p1b: Dragonite|spe|1
|
|upkeep
|
|t:|1756920424
|switch|p2b: Kingambit|Kingambit, L50, F, shiny|100/100
|turn|9
|
|t:|1756920436
|move|p2b: Kingambit|Sucker Punch|p1b: Dragonite
|-damage|p1b: Dragonite|22/100
|move|p1b: Dragonite|Stomping Tantrum|p2a: Sneasler
|-supereffective|p2a: Sneasler
|-damage|p2a: Sneasler|0 fnt
|faint|p2a: Sneasler
|
|upkeep
|turn|10
|
|t:|1756920454
|move|p2b: Kingambit|Sucker Punch||[still]
|-fail|p2b: Kingambit
|move|p1b: Dragonite|Tailwind||[still]
|-fail|p1b: Dragonite
|
|-sideend|p1: R1ply|move: Tailwind
|upkeep
|turn|11
|
|t:|1756920465
|move|p1b: Dragonite|Protect|p1b: Dragonite
|-singleturn|p1b: Dragonite|Protect
|move|p2b: Kingambit|Kowtow Cleave|p1b: Dragonite
|-activate|p1b: Dragonite|move: Protect
|
|upkeep
|turn|12
|
|t:|1756920476
|move|p2b: Kingambit|Sucker Punch|p1b: Dragonite
|-damage|p1b: Dragonite|0 fnt
|faint|p1b: Dragonite
|
|win|Crying Flurmels
|c|☆R1ply|gg
||Crying Flurmels is ready for game 2.
||R1ply is ready for game 2.
|uhtml|next|Next: Game 2 of 3
