|j|☆Ameliaaa12
|j|☆blfuller_4
|html|Ameliaaa12blfuller_4    
|uhtml|bestof|Game 2 of a best-of-3
|t:|1756946263
|gametype|doubles
|player|p1|Ameliaaa12|170|1051
|player|p2|blfuller_4|169|1147
|gen|9
|tier|[Gen 9] VGC 2025 Reg H (Bo3)
|rated|
|rule|Species Clause: Limit one of each Pokémon
|rule|Item Clause: Limit 1 of each item
|clearpoke
|poke|p1|Frosmoth, L50, M|
|poke|p1|Ninetales-Alola, L50, F|
|poke|p1|Annihilape, L50, M|
|poke|p1|Rillaboom, L50, M|
|poke|p1|Incineroar, L50, M|
|poke|p1|Maushold-Four, L50|
|poke|p2|Sneasler, L50, M|
|poke|p2|Indeedee, L50, M|
|poke|p2|Gholdengo, L50|
|poke|p2|Dragapult, L50, M|
|poke|p2|Kingambit, L50, M|
|poke|p2|Electabuzz, L50, M|
|teampreview|4
|showteam|p1|Frosmoth||Leftovers|IceScales|Blizzard,TeraBlast,QuiverDance,Protect|||M|||50|,,,,,Water]Ninetales-Alola||FocusSash|SnowWarning|FreezeDry,IcyWind,AuroraVeil,Protect|||F|||50|,,,,,Ghost]Annihilape||SitrusBerry|Defiant|RageFist,DrainPunch,BulkUp,Protect|||M|||50|,,,,,Fire]Rillaboom||AssaultVest|GrassySurge|FakeOut,WoodHammer,GrassyGlide,Uturn|||M|||50|,,,,,Fire]Incineroar||SafetyGoggles|Intimidate|FlareBlitz,KnockOff,FakeOut,PartingShot|||M|||50|,,,,,Ghost]Maushold-Four||RockyHelmet|FriendGuard|FollowMe,BeatUp,Taunt,Protect||||||50|,,,,,Water
|showteam|p2|Sneasler||PsychicSeed|Unburden|Protect,DireClaw,CloseCombat,ThroatChop|||M|||50|,,,,,Dark]Indeedee||ChoiceScarf|PsychicSurge|ExpandingForce,DazzlingGleam,ShadowBall,Trick|||M|||50|,,,,,Psychic]Gholdengo||ChoiceSpecs|GoodasGold|MakeItRain,ShadowBall,PowerGem,Thunderbolt||||||50|,,,,,Dragon]Dragapult||ChoiceBand|ClearBody|Outrage,DragonDarts,PhantomForce,Uturn|||M|||50|,,,,,Dragon]Kingambit||AssaultVest|Defiant|KowtowCleave,IronHead,TeraBlast,SuckerPunch|||M|||50|,,,,,Fire]Electabuzz||Eviolite|VitalSpirit|FollowMe,Electroweb,Taunt,HelpingHand|||M|||50|,,,,,Ghost
|inactive|Battle timer is ON: inactive players will automatically lose when time's up. (requested by Ameliaaa12)
|
|t:|1756946292
|teamsize|p1|4
|teamsize|p2|4
|start
|switch|p1a: Ninetales|Ninetales-Alola, L50, F|100/100
|switch|p1b: Annihilape|Annihilape, L50, M|100/100
|switch|p2a: Dragapult|Dragapult, L50, M|100/100
|switch|p2b: Gholdengo|Gholdengo, L50|100/100
|-weather|Snowscape|[from] ability: Snow Warning|[of] p1a: Ninetales
|turn|1
|
|t:|1756946308
|-terastallize|p1a: Ninetales|Ghost
|move|p2a: Dragapult|U-turn|p1a: Ninetales
|-resisted|p1a: Ninetales
|-damage|p1a: Ninetales|74/100
|
|t:|1756946313
|switch|p2a: Indeedee|Indeedee, L50, M|100/100|[from] U-turn
|-fieldstart|move: Psychic Terrain|[from] ability: Psychic Surge|[of] p2a: Indeedee
|move|p1a: Ninetales|Aurora Veil|p1a: Ninetales
|-sidestart|p1: Ameliaaa12|move: Aurora Veil
|move|p2b: Gholdengo|Make It Rain|p1b: Annihilape|[spread] p1a,p1b
|-damage|p1a: Ninetales|21/100
|-damage|p1b: Annihilape|68/100
|-unboost|p2b: Gholdengo|spa|1
|move|p1b: Annihilape|Bulk Up|p1b: Annihilape
|-boost|p1b: Annihilape|atk|1
|-boost|p1b: Annihilape|def|1
|
|-weather|Snowscape|[upkeep]
|upkeep
|turn|2
|
|t:|1756946333
|move|p1b: Annihilape|Protect|p1b: Annihilape
|-singleturn|p1b: Annihilape|Protect
|move|p2a: Indeedee|Expanding Force|p1b: Annihilape|[spread] p1a
|-activate|p1b: Annihilape|move: Protect
|-damage|p1a: Ninetales|0 fnt
|faint|p1a: Ninetales
|move|p2b: Gholdengo|Make It Rain|p1b: Annihilape
|-activate|p1b: Annihilape|move: Protect
|
|-weather|Snowscape|[upkeep]
|upkeep
|
|t:|1756946358
|switch|p1a: Rillaboom|Rillaboom, L50, M|100/100
|-fieldstart|move: Grassy Terrain|[from] ability: Grassy Surge|[of] p1a: Rillaboom
|turn|3
|
|t:|1756946366
|switch|p2a: Dragapult|Dragapult, L50, M|100/100
|move|p2b: Gholdengo|Make It Rain|p1b: Annihilape|[spread] p1a,p1b
|-damage|p1a: Rillaboom|77/100
|-damage|p1b: Annihilape|45/100
|-unboost|p2b: Gholdengo|spa|1
|-enditem|p1b: Annihilape|Sitrus Berry|[eat]
|-heal|p1b: Annihilape|69/100|[from] item: Sitrus Berry
|move|p1a: Rillaboom|U-turn|p2a: Dragapult
|-resisted|p2a: Dragapult
|-damage|p2a: Dragapult|83/100
|
|t:|1756946377
|switch|p1a: Incineroar|Incineroar, L50, M|100/100|[from] U-turn
|-ability|p1a: Incineroar|Intimidate|boost
|-fail|p2a: Dragapult|unboost|[from] ability: Clear Body|[of] p2a: Dragapult
|-unboost|p2b: Gholdengo|atk|1
|move|p1b: Annihilape|Rage Fist|p2b: Gholdengo
|-supereffective|p2b: Gholdengo
|-damage|p2b: Gholdengo|0 fnt
|faint|p2b: Gholdengo
|
|-weather|Snowscape|[upkeep]
|-heal|p2a: Dragapult|89/100|[from] Grassy Terrain
|-heal|p1b: Annihilape|76/100|[from] Grassy Terrain
|upkeep
|
|t:|1756946390
|switch|p2b: Indeedee|Indeedee, L50, M|100/100
|-fieldstart|move: Psychic Terrain|[from] ability: Psychic Surge|[of] p2b: Indeedee
|turn|4
|
|t:|1756946405
|-terastallize|p2a: Dragapult|Dragon
|move|p1b: Annihilape|Protect|p1b: Annihilape
|-singleturn|p1b: Annihilape|Protect
|move|p2b: Indeedee|Expanding Force|p1b: Annihilape|[spread] 
|-activate|p1b: Annihilape|move: Protect
|-immune|p1a: Incineroar
|move|p2a: Dragapult|Dragon Darts|p1a: Incineroar
|-damage|p1a: Incineroar|69/100
|-anim|p2a: Dragapult|Dragon Darts|p1a: Incineroar
|-damage|p1a: Incineroar|39/100
|move|p1a: Incineroar|Parting Shot|p2b: Indeedee
|-unboost|p2b: Indeedee|atk|1
|-unboost|p2b: Indeedee|spa|1
|
|t:|1756946419
|switch|p1a: Rillaboom|Rillaboom, L50, M|77/100|[from] Parting Shot
|-fieldstart|move: Grassy Terrain|[from] ability: Grassy Surge|[of] p1a: Rillaboom
|
|-weather|Snowscape|[upkeep]
|-heal|p2a: Dragapult|96/100|[from] Grassy Terrain
|-heal|p1a: Rillaboom|83/100|[from] Grassy Terrain
|-heal|p1b: Annihilape|82/100|[from] Grassy Terrain
|upkeep
|turn|5
|inactive|Ameliaaa12 has 30 seconds left.
|
|t:|1756946451
|switch|p2b: Sneasler|Sneasler, L50, M|100/100
|move|p1a: Rillaboom|Fake Out|p2b: Sneasler
|-damage|p2b: Sneasler|80/100
|move|p2a: Dragapult|Dragon Darts|p1b: Annihilape
|-damage|p1b: Annihilape|59/100
|-anim|p2a: Dragapult|Dragon Darts|p1a: Rillaboom
|-damage|p1a: Rillaboom|46/100
|move|p1b: Annihilape|Drain Punch|p2b: Sneasler
|-resisted|p2b: Sneasler
|-damage|p2b: Sneasler|43/100
|-heal|p1b: Annihilape|73/100|[from] drain|[of] p2b: Sneasler
|
|-weather|none
|-heal|p2a: Dragapult|100/100|[from] Grassy Terrain
|-heal|p2b: Sneasler|49/100|[from] Grassy Terrain
|-heal|p1a: Rillaboom|51/100|[from] Grassy Terrain
|-heal|p1b: Annihilape|79/100|[from] Grassy Terrain
|-sideend|p1: Ameliaaa12|move: Aurora Veil
|upkeep
|turn|6
|
|t:|1756946471
|switch|p1a: Incineroar|Incineroar, L50, M|39/100
|-ability|p1a: Incineroar|Intimidate|boost
|-fail|p2a: Dragapult|unboost|[from] ability: Clear Body|[of] p2a: Dragapult
|-unboost|p2b: Sneasler|atk|1
|move|p2a: Dragapult|Dragon Darts|p1a: Incineroar
|-damage|p1a: Incineroar|0 fnt
|-anim|p2a: Dragapult|Dragon Darts|p1b: Annihilape
|-damage|p1b: Annihilape|40/100
|faint|p1a: Incineroar
|move|p2b: Sneasler|Dire Claw|p1b: Annihilape
|-resisted|p1b: Annihilape
|-damage|p1b: Annihilape|31/100
|move|p1b: Annihilape|Drain Punch|p2a: Dragapult
|-damage|p2a: Dragapult|34/100
|-heal|p1b: Annihilape|57/100|[from] drain|[of] p2a: Dragapult
|
|-heal|p2a: Dragapult|40/100|[from] Grassy Terrain
|-heal|p2b: Sneasler|55/100|[from] Grassy Terrain
|-heal|p1b: Annihilape|63/100|[from] Grassy Terrain
|upkeep
|
|t:|1756946483
|switch|p1a: Rillaboom|Rillaboom, L50, M|51/100
|turn|7
|
|t:|1756946516
|switch|p2a: Indeedee|Indeedee, L50, M|100/100
|-fieldstart|move: Psychic Terrain|[from] ability: Psychic Surge|[of] p2a: Indeedee
|-enditem|p2b: Sneasler|Psychic Seed
|-boost|p2b: Sneasler|spd|1|[from] item: Psychic Seed
|move|p1a: Rillaboom|Fake Out|p2b: Sneasler
|-activate|p2b: Sneasler|move: Psychic Terrain
|move|p2b: Sneasler|Dire Claw|p1a: Rillaboom
|-supereffective|p1a: Rillaboom
|-damage|p1a: Rillaboom|0 fnt
|faint|p1a: Rillaboom
|move|p1b: Annihilape|Drain Punch|p2a: Indeedee
|-damage|p2a: Indeedee|0 fnt
|-heal|p1b: Annihilape|96/100|[from] drain|[of] p2a: Indeedee
|faint|p2a: Indeedee
|
|upkeep
|
|t:|1756946528
|switch|p2a: Dragapult|Dragapult, L50, M, tera:Dragon|40/100
|turn|8
|
|t:|1756946534
|move|p2b: Sneasler|Dire Claw|p1b: Annihilape
|-resisted|p1b: Annihilape
|-damage|p1b: Annihilape|86/100
|move|p2a: Dragapult|Outrage|p1b: Annihilape
|-damage|p1b: Annihilape|2/100
|move|p1b: Annihilape|Drain Punch|p2a: Dragapult
|-damage|p2a: Dragapult|0 fnt
|-heal|p1b: Annihilape|18/100|[from] drain|[of] p2a: Dragapult
|faint|p2a: Dragapult
|
|upkeep
|turn|9
|
|t:|1756946548
|move|p1b: Annihilape|Protect|p1b: Annihilape
|-singleturn|p1b: Annihilape|Protect
|move|p2b: Sneasler|Dire Claw|p1b: Annihilape
|-activate|p1b: Annihilape|move: Protect
|
|upkeep
|turn|10
|
|t:|1756946554
|move|p2b: Sneasler|Dire Claw|p1b: Annihilape
|-resisted|p1b: Annihilape
|-damage|p1b: Annihilape|9/100
|move|p1b: Annihilape|Rage Fist|p2b: Sneasler
|-damage|p2b: Sneasler|0 fnt
|faint|p2b: Sneasler
|
|win|Ameliaaa12
||blfuller_4 is ready for game 3.
|inactive|Ameliaaa12 has 30 seconds to confirm battle start!
