|j|☆fancy_0221
|j|☆CJ The Changeling
|html|fancy_0221CJ The Changeling    
|uhtml|bestof|Game 1 of a best-of-3
|t:|1783698040
|gametype|doubles
|player|p1|fancy_0221|caitlin|
|player|p2|CJ The Changeling|hilbert|
|gen|9
|tier|[Gen 9 Champions] VGC 2026 Reg M-B (Bo3)
|rule|Species Clause: Limit one of each Pokémon
|rule|Item Clause: Limit 1 of each item
|clearpoke
|poke|p1|Staraptor, L50, M|
|poke|p1|Typhlosion, L50, M|
|poke|p1|Snorlax, L50, M|
|poke|p1|Tyranitar, L50, M|
|poke|p1|Sinistcha, L50|
|poke|p1|Raichu, L50, M|
|poke|p2|Meganium, L50, F|
|poke|p2|Charizard, L50, M|
|poke|p2|Scovillain, L50, M|
|poke|p2|Dragonite, L50, F, shiny|
|poke|p2|Espeon, L50, F|
|poke|p2|Noivern, L50, F, shiny|
|teampreview|4
|showteam|p1|Staraptor||Staraptite|Intimidate|BraveBird,CloseCombat,Uturn,Protect|Jolly||M|||50|]Typhlosion||ChoiceScarf|FlashFire|Eruption,Overheat,ShadowBall,Extrasensory|Modest||M|||50|]Snorlax||ChestoBerry|ThickFat|Rest,BodySlam,Yawn,Protect|Careful||M|||50|]Tyranitar||Leftovers|SandStream|StoneEdge,Protect,Crunch,StealthRock|Careful||M|||50|]Sinistcha||SitrusBerry|Hospitality|MatchaGotcha,StrengthSap,Protect,RagePowder|Calm|||||50|]Raichu||FocusSash|LightningRod|FakeOut,Thunderbolt,Nuzzle,Charm|Timid||M|||50|
|showteam|p2|Meganium||Meganiumite|LeafGuard|SolarBeam,DazzlingGleam,WeatherBall,AncientPower|Modest||F|||50|]Charizard||CharizarditeY|SolarPower|AirSlash,SolarBeam,HeatWave,WeatherBall|Timid||M|||50|]Scovillain||SitrusBerry|Moody|LeechSeed,RagePowder,GigaDrain,FlareBlitz|Relaxed||M|||50|]Dragonite||YacheBerry|Multiscale|Roost,DracoMeteor,AirSlash,ExtremeSpeed|Quiet||F|||50|]Espeon||FocusSash|MagicBounce|Psychic,ShadowBall,Psyshock,Detect|Timid||F|||50|]Noivern||WiseGlasses|Telepathy|AirSlash,Boomburst,HeatWave,Tailwind|Timid||F|||50|
|j| Stormyparadise
|
|t:|1783698182
|teamsize|p1|4
|teamsize|p2|4
|start
|switch|p1a: Staraptor|Staraptor, L50, M|100/100
|switch|p1b: Snorlax|Snorlax, L50, M|100/100
|switch|p2a: Espeon|Espeon, L50, F|100/100
|switch|p2b: Noivern|Noivern, L50, F, shiny|100/100
|-ability|p1a: Staraptor|Intimidate|boost
|-unboost|p2a: Espeon|atk|1
|-unboost|p2b: Noivern|atk|1
|turn|1
|
|t:|1783698237
|switch|p1a: Tyranitar|Tyranitar, L50, M|100/100
|-weather|Sandstorm|[from] ability: Sand Stream|[of] p1a: Tyranitar
|move|p2b: Noivern|Tailwind|p2b: Noivern
|-sidestart|p2: CJ The Changeling|move: Tailwind
|move|p2a: Espeon|Psyshock|p1b: Snorlax
|-damage|p1b: Snorlax|62/100
|move|p1b: Snorlax|Body Slam|p2b: Noivern
|-damage|p2b: Noivern|60/100
|
|-weather|Sandstorm|[upkeep]
|-damage|p2b: Noivern|54/100|[from] Sandstorm
|-damage|p2a: Espeon|94/100|[from] Sandstorm
|-damage|p1b: Snorlax|56/100|[from] Sandstorm
|upkeep
|turn|2
|
|t:|1783698266
|switch|p2a: Meganium|Meganium, L50, F|100/100
|move|p1b: Snorlax|Protect|p1b: Snorlax
|-singleturn|p1b: Snorlax|Protect
|move|p2b: Noivern|Air Slash|p1b: Snorlax
|-activate|p1b: Snorlax|move: Protect
|move|p1a: Tyranitar|Crunch|p2a: Meganium
|-damage|p2a: Meganium|64/100
|
|-weather|Sandstorm|[upkeep]
|-damage|p2b: Noivern|47/100|[from] Sandstorm
|-damage|p2a: Meganium|58/100|[from] Sandstorm
|-damage|p1b: Snorlax|50/100g|[from] Sandstorm
|upkeep
|turn|3
|
|t:|1783698293
|detailschange|p2a: Meganium|Meganium-Mega, L50, F
|-mega|p2a: Meganium|Meganium|Meganiumite
|move|p2b: Noivern|Air Slash|p1b: Snorlax
|-damage|p1b: Snorlax|35/100
|move|p2a: Meganium|Solar Beam||[still]
|-prepare|p2a: Meganium|Solar Beam
|-activate|p2a: Meganium|ability: Mega Sol
|-anim|p2a: Meganium|Solar Beam|p1a: Tyranitar
|-supereffective|p1a: Tyranitar|1
|-damage|p1a: Tyranitar|1/100
|move|p1a: Tyranitar|Stealth Rock|p2b: Noivern
|-sidestart|p2: CJ The Changeling|move: Stealth Rock
|move|p1b: Snorlax|Body Slam|p2b: Noivern
|-crit|p2b: Noivern
|-damage|p2b: Noivern|0 fnt
|faint|p2b: Noivern
|
|-weather|Sandstorm|[upkeep]
|-damage|p2a: Meganium|52/100|[from] Sandstorm
|-damage|p1b: Snorlax|29/100|[from] Sandstorm
|-heal|p1a: Tyranitar|6/100|[from] item: Leftovers
|upkeep
|
|t:|1783698312
|switch|p2b: Espeon|Espeon, L50, F|94/100
|-damage|p2b: Espeon|82/100|[from] Stealth Rock
|turn|4
|
|t:|1783698358
|switch|p1b: Sinistcha|Sinistcha, L50|100/100
|-heal|p1a: Tyranitar|30/100|[from] ability: Hospitality|[of] p1b: Sinistcha
|move|p1a: Tyranitar|Protect|p1a: Tyranitar
|-singleturn|p1a: Tyranitar|Protect
|move|p2b: Espeon|Psyshock|p1b: Sinistcha
|-damage|p1b: Sinistcha|62/100
|move|p2a: Meganium|Solar Beam||[still]
|-prepare|p2a: Meganium|Solar Beam
|-activate|p2a: Meganium|ability: Mega Sol
|-anim|p2a: Meganium|Solar Beam|p1a: Tyranitar
|-activate|p1a: Tyranitar|move: Protect
|
|-weather|Sandstorm|[upkeep]
|-damage|p2b: Espeon|76/100|[from] Sandstorm
|-damage|p2a: Meganium|46/100|[from] Sandstorm
|-damage|p1b: Sinistcha|56/100|[from] Sandstorm
|-heal|p1a: Tyranitar|36/100|[from] item: Leftovers
|-sideend|p2: CJ The Changeling|move: Tailwind
|upkeep
|turn|5
|
|t:|1783698391
|move|p1b: Sinistcha|Rage Powder|p1b: Sinistcha
|-singleturn|p1b: Sinistcha|move: Rage Powder
|move|p2b: Espeon|Shadow Ball|p1b: Sinistcha
|-supereffective|p1b: Sinistcha|1
|-damage|p1b: Sinistcha|8/100
|-unboost|p1b: Sinistcha|spd|1
|-enditem|p1b: Sinistcha|Sitrus Berry|[eat]
|-heal|p1b: Sinistcha|33/100|[from] item: Sitrus Berry
|move|p2a: Meganium|Solar Beam||[still]
|-prepare|p2a: Meganium|Solar Beam
|-activate|p2a: Meganium|ability: Mega Sol
|-anim|p2a: Meganium|Solar Beam|p1a: Tyranitar
|-supereffective|p1a: Tyranitar|1
|-damage|p1a: Tyranitar|0 fnt
|faint|p1a: Tyranitar
|
|-weather|none
|upkeep
|
|t:|1783698454
|switch|p1a: Staraptor|Staraptor, L50, M|100/100
|-ability|p1a: Staraptor|Intimidate|boost
|-unboost|p2a: Meganium|atk|1
|-unboost|p2b: Espeon|atk|1
|turn|6
|
|t:|1783698481
|detailschange|p1a: Staraptor|Staraptor-Mega, L50, M
|-mega|p1a: Staraptor|Staraptor|Staraptite
|move|p1b: Sinistcha|Rage Powder|p1b: Sinistcha
|-singleturn|p1b: Sinistcha|move: Rage Powder
|move|p2b: Espeon|Shadow Ball|p1b: Sinistcha
|-supereffective|p1b: Sinistcha|1
|-damage|p1b: Sinistcha|0 fnt
|faint|p1b: Sinistcha
|move|p1a: Staraptor|U-turn|p2b: Espeon
|-supereffective|p2b: Espeon|1
|-damage|p2b: Espeon|0 fnt
|faint|p2b: Espeon
|
|t:|1783698491
|switch|p1a: Snorlax|Snorlax, L50, M|29/100|[from] U-turn
|move|p2a: Meganium|Ancient Power|p1a: Snorlax
|-damage|p1a: Snorlax|17/100
|
|upkeep
|
|t:|1783698497
|switch|p2b: Dragonite|Dragonite, L50, F, shiny|100/100
|switch|p1b: Staraptor|Staraptor-Mega, L50, M|100/100
|-damage|p2b: Dragonite|75/100|[from] Stealth Rock
|turn|7
|
|t:|1783698520
|move|p2b: Dragonite|Extreme Speed|p1a: Snorlax
|-crit|p1a: Snorlax
|-damage|p1a: Snorlax|0 fnt
|faint|p1a: Snorlax
|move|p1b: Staraptor|Brave Bird|p2a: Meganium
|-supereffective|p2a: Meganium|1
|-damage|p2a: Meganium|0 fnt
|faint|p2a: Meganium
|-damage|p1b: Staraptor|81/100|[from] Recoil
|
|upkeep
|turn|8
|j| Glacia20
|c|☆fancy_0221|afk a second
|c|☆fancy_0221|back
|
|t:|1783698642
|move|p1b: Staraptor|Protect|p1b: Staraptor
|-singleturn|p1b: Staraptor|Protect
|move|p2b: Dragonite|Roost|p2b: Dragonite
|-heal|p2b: Dragonite|100/100
|-singleturn|p2b: Dragonite|move: Roost
|
|upkeep
|turn|9
|
|t:|1783698650
|move|p1b: Staraptor|Close Combat|p2b: Dragonite
|-resisted|p2b: Dragonite|1
|-damage|p2b: Dragonite|85/100
|-boost|p1b: Staraptor|def|1
|-boost|p1b: Staraptor|spd|1
|move|p2b: Dragonite|Air Slash|p1b: Staraptor
|-supereffective|p1b: Staraptor|1
|-damage|p1b: Staraptor|24/100
|
|upkeep
|turn|10
|
|t:|1783698666
|move|p2b: Dragonite|Extreme Speed|p1b: Staraptor
|-crit|p1b: Staraptor
|-damage|p1b: Staraptor|0 fnt
|faint|p1b: Staraptor
|
|win|CJ The Changeling
||fancy_0221 is ready for game 2.
||CJ The Changeling is ready for game 2.
|uhtml|next|Next: Game 2 of 3
|l|☆CJ The Changeling
|player|p2|
