|j|☆temporary name 3
|j|☆worldenddominat0r
|html|temporary name 3worldenddominat0r    
|uhtml|bestof|Game 2 of a best-of-3
|t:|1782346542
|gametype|doubles
|player|p1|temporary name 3|2|1120
|player|p2|worldenddominat0r|maid-gen6|1212
|gen|9
|tier|[Gen 9 Champions] VGC 2026 Reg M-B (Bo3)
|rated|
|rule|Species Clause: Limit one of each Pokémon
|rule|Item Clause: Limit 1 of each item
|clearpoke
|poke|p1|Swampert, L50, F|
|poke|p1|Pelipper, L50, F|
|poke|p1|Dragonite, L50, M, shiny|
|poke|p1|Archaludon, L50, F|
|poke|p1|Sinistcha, L50|
|poke|p1|Grimmsnarl, L50, M|
|poke|p2|Staraptor, L50, F|
|poke|p2|Maushold-Four, L50|
|poke|p2|Ninetales-Alola, L50, F|
|poke|p2|Delphox, L50, F|
|poke|p2|Basculegion, L50, M|
|poke|p2|Kingambit, L50, F|
|teampreview|4
|showteam|p1|Swampert||Swampertite|Torrent|FlipTurn,WaveCrash,Earthquake,Protect|Adamant||F|||50|]Pelipper||FocusSash|Drizzle|Hurricane,Tailwind,WeatherBall,WideGuard|Timid||F|||50|]Dragonite||Dragoninite|InnerFocus|Protect,DragonPulse,Roost,Thunderbolt|Modest||M|||50|]Archaludon||Leftovers|Stamina|ElectroShot,FlashCannon,Protect,DracoMeteor|Modest||F|||50|]Sinistcha||SitrusBerry|Hospitality|MatchaGotcha,RagePowder,TrickRoom,Protect|Calm|||||50|]Grimmsnarl||LightClay|Prankster|LightScreen,Reflect,SpiritBreak,PartingShot|Careful||M|||50|
|showteam|p2|Staraptor||Staraptite|Intimidate|CloseCombat,BraveBird,Protect,Tailwind|Adamant||F|||50|]Maushold-Four||FocusSash|FriendGuard|SuperFang,Protect,FollowMe,Encore|Jolly|||||50|]Ninetales-Alola||NeverMeltIce|SnowWarning|Blizzard,FreezeDry,IcyWind,Protect|Timid||F|||50|]Delphox||Delphoxite|Blaze|HeatWave,Psyshock,Protect,Substitute|Timid||F|||50|]Basculegion||ChoiceScarf|Adaptability|WaveCrash,LastRespects,FlipTurn,AquaJet|Jolly||M|||50|]Kingambit||BlackGlasses|Defiant|KowtowCleave,SuckerPunch,IronHead,Protect|Adamant||F|||50|
|inactive|Battle timer is ON: inactive players will automatically lose when time's up. (requested by worldenddominat0r)
|inactive|worldenddominat0r has 60 seconds left.
|
|t:|1782346580
|teamsize|p1|4
|teamsize|p2|4
|start
|switch|p1a: Grimmsnarl|Grimmsnarl, L50, M|100/100
|switch|p1b: Archaludon|Archaludon, L50, F|100/100
|switch|p2a: Staraptor|Staraptor, L50, F|100/100
|switch|p2b: Maushold|Maushold-Four, L50|100/100
|-ability|p2a: Staraptor|Intimidate|boost
|-unboost|p1a: Grimmsnarl|atk|1
|-unboost|p1b: Archaludon|atk|1
|turn|1
|inactive|temporary name 3 has 30 seconds left.
|
|t:|1782346606
|detailschange|p2a: Staraptor|Staraptor-Mega, L50, F
|-mega|p2a: Staraptor|Staraptor|Staraptite
|move|p1a: Grimmsnarl|Reflect|p1a: Grimmsnarl
|-sidestart|p1: temporary name 3|Reflect
|move|p2b: Maushold|Encore|p1a: Grimmsnarl
|-start|p1a: Grimmsnarl|Encore
|move|p2a: Staraptor|Close Combat|p1a: Grimmsnarl
|-damage|p1a: Grimmsnarl|52/100
|-boost|p2a: Staraptor|def|1
|-boost|p2a: Staraptor|spd|1
|move|p1b: Archaludon|Draco Meteor|p2a: Staraptor
|-damage|p2a: Staraptor|68/100
|-unboost|p1b: Archaludon|spa|2
|
|upkeep
|turn|2
|inactive|temporary name 3 has 30 seconds left.
|
|t:|1782346638
|switch|p1a: Dragonite|Dragonite, L50, M, shiny|100/100
|move|p2b: Maushold|Super Fang|p1b: Archaludon
|-damage|p1b: Archaludon|50/100g
|-ability|p1b: Archaludon|Stamina|boost
|-boost|p1b: Archaludon|def|1
|move|p2a: Staraptor|Brave Bird|p1a: Dragonite
|-damage|p1a: Dragonite|52/100
|-damage|p2a: Staraptor|54/100|[from] Recoil
|move|p1b: Archaludon|Draco Meteor|p2b: Maushold
|-damage|p2b: Maushold|61/100
|-unboost|p1b: Archaludon|spa|2
|
|-heal|p1b: Archaludon|56/100|[from] item: Leftovers
|upkeep
|turn|3
|inactive|temporary name 3 has 30 seconds left.
|inactive|worldenddominat0r has 30 seconds left.
|
|t:|1782346670
|switch|p1b: Sinistcha|Sinistcha, L50|100/100
|-heal|p1a: Dragonite|77/100|[from] ability: Hospitality|[of] p1b: Sinistcha
|detailschange|p1a: Dragonite|Dragonite-Mega, L50, M, shiny
|-mega|p1a: Dragonite|Dragonite|Dragoninite
|move|p2b: Maushold|Follow Me|p2b: Maushold
|-singleturn|p2b: Maushold|move: Follow Me
|move|p2a: Staraptor|Close Combat|p1b: Sinistcha
|-immune|p1b: Sinistcha
|move|p1a: Dragonite|Dragon Pulse|p2b: Maushold
|-damage|p2b: Maushold|0 fnt
|faint|p2b: Maushold
|
|upkeep
|
|t:|1782346675
|switch|p2b: Ninetales|Ninetales-Alola, L50, F|100/100
|-weather|Snowscape|[from] ability: Snow Warning|[of] p2b: Ninetales
|turn|4
|
|t:|1782346686
|switch|p1b: Archaludon|Archaludon, L50, F|56/100
|move|p1a: Dragonite|Protect|p1a: Dragonite
|-singleturn|p1a: Dragonite|Protect
|move|p2b: Ninetales|Blizzard|p1a: Dragonite|[spread] p1b
|-activate|p1a: Dragonite|move: Protect
|-damage|p1b: Archaludon|16/100
|-status|p1b: Archaludon|frz
|-ability|p1b: Archaludon|Stamina|boost
|-boost|p1b: Archaludon|def|1
|move|p2a: Staraptor|Tailwind|p2a: Staraptor
|-sidestart|p2: worldenddominat0r|move: Tailwind
|
|-weather|Snowscape|[upkeep]
|-heal|p1b: Archaludon|22/100 frz|[from] item: Leftovers
|upkeep
|turn|5
|inactive|worldenddominat0r has 30 seconds left.
|
|t:|1782346716
|switch|p1b: Sinistcha|Sinistcha, L50|100/100
|-heal|p1a: Dragonite|100/100|[from] ability: Hospitality|[of] p1b: Sinistcha
|move|p2b: Ninetales|Blizzard|p1a: Dragonite|[spread] p1a,p1b
|-supereffective|p1a: Dragonite|2
|-supereffective|p1b: Sinistcha|1
|-damage|p1a: Dragonite|34/100
|-damage|p1b: Sinistcha|39/100
|-enditem|p1b: Sinistcha|Sitrus Berry|[eat]
|-heal|p1b: Sinistcha|64/100|[from] item: Sitrus Berry
|move|p2a: Staraptor|Brave Bird|p1a: Dragonite
|-damage|p1a: Dragonite|0 fnt
|faint|p1a: Dragonite
|-damage|p2a: Staraptor|43/100|[from] Recoil
|
|-weather|Snowscape|[upkeep]
|upkeep
|-message|temporary name 3 forfeited.
|
|win|worldenddominat0r
|l|☆temporary name 3
|player|p1|
||temporary name 3 is ready for game 3.
