|badge|p1|bronze|gen9doublesou|100-6
|uhtml|medal-msg|Curious what those medals under the avatar are? PS now has Ladder Seasons! For more information, check out the thread on Smogon.
|j|Ōśåsheepie_sheep
|j|Ōśåthebusinesspiggy2
|html|sheepie_sheepthebusinesspiggy2    
|uhtml|bestof|Game 1 of a best-of-3
|t:|1757729554
|gametype|doubles
|player|p1|sheepie_sheep|allister-unmasked|
|player|p2|thebusinesspiggy2|iris-gen5bw2|
|gen|9
|tier|[Gen 9] VGC 2025 Reg H (Bo3)
|rule|Species Clause: Limit one of each Pok├®mon
|rule|Item Clause: Limit 1 of each item
|clearpoke
|poke|p1|Scizor, L50, F|
|poke|p1|Politoed, L50, M|
|poke|p1|Salamence, L50, M|
|poke|p1|Glimmora, L50, M|
|poke|p1|Kingdra, L50, M|
|poke|p1|Brambleghast, L50, M|
|poke|p2|Electrode, L50|
|poke|p2|Serperior, L50, F|
|poke|p2|Murkrow, L50, F|
|poke|p2|Arcanine-Hisui, L50, M|
|poke|p2|Bisharp, L50, M|
|poke|p2|Baxcalibur, L50, M|
|teampreview|4
|showteam|p1|Scizor||MetalCoat|Technician|SwordsDance,BulletPunch,Protect,BugBite|||F|||50|,,,,,Steel]Politoed||EjectButton|Drizzle|WeatherBall,Protect,HelpingHand,IcyWind|||M|||50|,,,,,Grass]Salamence||LumBerry|Intimidate|Tailwind,Hurricane,Protect,DracoMeteor|||M|||50|,,,,,Steel]Glimmora||PowerHerb|ToxicDebris|MeteorBeam,SludgeBomb,SpikyShield,EarthPower|||M|||50|,,,,,Grass]Kingdra||LifeOrb|SwiftSwim|MuddyWater,WeatherBall,DracoMeteor,Protect|||M|||50|,,,,,Water]Brambleghast||FocusSash|WindRider|PowerWhip,Poltergeist,Protect,ShadowSneak|||M|||50|,,,,,Stellar
|showteam|p2|Electrode||CovertCloak|Soundproof|Electroweb,FoulPlay,EerieImpulse,Taunt||||||50|,,,,,Dark]Serperior||ChoiceSpecs|Contrary|LeafStorm,FrenzyPlant,TeraBlast,DragonPulse|||F|||50|,,,,,Stellar]Murkrow||FocusSash|Prankster|Tailwind,FeatherDance,FoulPlay,Quash|||F|||50|,,,,,Ghost]Arcanine-Hisui||SafetyGoggles|Intimidate|FlareBlitz,HeadSmash,RockSlide,Protect|||M|||50|,,,,,Dragon]Bisharp||Eviolite|Defiant|IronHead,ThroatChop,SuckerPunch,Protect|||M|||50|,,,,,Water]Baxcalibur||LifeOrb|ThermalExchange|IcicleCrash,GlaiveRush,HighHorsepower,Protect|||M|||50|,,,,,Steel
|inactive|Battle timer is ON: inactive players will automatically lose when time's up. (requested by sheepie_sheep)
|c|Ōśåthebusinesspiggy2|glhf
|c|Ōśåsheepie_sheep|u2
|
|t:|1757729577
|teamsize|p1|4
|teamsize|p2|4
|start
|switch|p1a: Scizor|Scizor, L50, F|100/100
|switch|p1b: Brambleghast|Brambleghast, L50, M|100/100
|switch|p2a: Crawbug|Murkrow, L50, F|100/100
|switch|p2b: Last Judge|Arcanine-Hisui, L50, M, shiny|100/100
|-ability|p2b: Last Judge|Intimidate|boost
|-unboost|p1a: Scizor|atk|1
|-unboost|p1b: Brambleghast|atk|1
|turn|1
|
|t:|1757729596
|switch|p1b: Glimmora|Glimmora, L50, M|100/100
|switch|p1a: Kingdra|Kingdra, L50, M|100/100
|move|p2a: Crawbug|Feather Dance|p1b: Glimmora
|-unboost|p1b: Glimmora|atk|2
|move|p2b: Last Judge|Rock Slide|p1b: Glimmora|[spread] p1a,p1b
|-damage|p1a: Kingdra|66/100
|-damage|p1b: Glimmora|66/100
|-activate|p1b: Glimmora|ability: Toxic Debris
|-sidestart|p2: thebusinesspiggy2|move: Toxic Spikes
|
|upkeep
|turn|2
|
|t:|1757729613
|-terastallize|p2b: Last Judge|Dragon
|move|p2a: Crawbug|Tailwind|p2a: Crawbug
|-sidestart|p2: thebusinesspiggy2|move: Tailwind
|move|p2b: Last Judge|Head Smash|p1a: Kingdra|[miss]
|-miss|p2b: Last Judge|p1a: Kingdra
|move|p1b: Glimmora|Meteor Beam||[still]
|-prepare|p1b: Glimmora|Meteor Beam
|-boost|p1b: Glimmora|spa|1
|-enditem|p1b: Glimmora|Power Herb
|-anim|p1b: Glimmora|Meteor Beam|p2b: Last Judge
|-damage|p2b: Last Judge|11/100
|move|p1a: Kingdra|Draco Meteor|p2b: Last Judge
|-supereffective|p2b: Last Judge
|-damage|p2b: Last Judge|0 fnt
|-unboost|p1a: Kingdra|spa|2
|faint|p2b: Last Judge
|-damage|p1a: Kingdra|56/100|[from] item: Life Orb
|
|upkeep
|c|Ōśåthebusinesspiggy2|uh oh
|c|Ōśåsheepie_sheep|skil
|
|t:|1757729626
|switch|p2b: Mossy|Serperior, L50, F, shiny|100/100
|-status|p2b: Mossy|psn
|turn|3
|
|t:|1757729646
|switch|p1a: Scizor|Scizor, L50, F|100/100
|move|p1b: Glimmora|Spiky Shield|p1b: Glimmora
|-singleturn|p1b: Glimmora|move: Protect
|move|p2b: Mossy|Leaf Storm|p1b: Glimmora
|-activate|p1b: Glimmora|move: Protect
|move|p2a: Crawbug|Foul Play|p1b: Glimmora
|-activate|p1b: Glimmora|move: Protect
|-damage|p2a: Crawbug|89/100|[from] Spiky Shield|[of] p1b: Glimmora
|
|-damage|p2b: Mossy|89/100 psn|[from] psn
|upkeep
|turn|4
|
|t:|1757729663
|-terastallize|p1b: Glimmora|Grass
|move|p2a: Crawbug|Feather Dance|p1a: Scizor
|-unboost|p1a: Scizor|atk|2
|move|p2b: Mossy|Leaf Storm|p1b: Glimmora
|-resisted|p1b: Glimmora
|-damage|p1b: Glimmora|14/100
|-boost|p2b: Mossy|spa|2
|move|p1b: Glimmora|Sludge Bomb|p2b: Mossy
|-supereffective|p2b: Mossy
|-damage|p2b: Mossy|0 fnt
|faint|p2b: Mossy
|move|p1a: Scizor|Swords Dance|p1a: Scizor
|-boost|p1a: Scizor|atk|2
|
|upkeep
|
|t:|1757729667
|switch|p2b: Dung Defender|Electrode, L50|100/100
|-status|p2b: Dung Defender|psn
|turn|5
|
|t:|1757729676
|move|p2b: Dung Defender|Eerie Impulse|p1b: Glimmora
|-unboost|p1b: Glimmora|spa|2
|move|p2a: Crawbug|Foul Play|p1a: Scizor
|-damage|p1a: Scizor|43/100
|move|p1b: Glimmora|Earth Power|p2b: Dung Defender
|-supereffective|p2b: Dung Defender
|-damage|p2b: Dung Defender|43/100 psn
|move|p1a: Scizor|Swords Dance|p1a: Scizor
|-boost|p1a: Scizor|atk|2
|
|-damage|p2b: Dung Defender|31/100 psn|[from] psn
|-sideend|p2: thebusinesspiggy2|move: Tailwind
|upkeep
|turn|6
|c|Ōśåthebusinesspiggy2|i'm so fucked
|
|t:|1757729689
|move|p2a: Crawbug|Feather Dance|p1a: Scizor
|-unboost|p1a: Scizor|atk|2
|move|p1a: Scizor|Bullet Punch|p2b: Dung Defender
|-resisted|p2b: Dung Defender
|-damage|p2b: Dung Defender|2/100 psn
|move|p2b: Dung Defender|Electroweb|p1b: Glimmora|[spread] p1a,p1b
|-resisted|p1b: Glimmora
|-damage|p1a: Scizor|27/100
|-damage|p1b: Glimmora|5/100
|-unboost|p1a: Scizor|spe|1
|-unboost|p1b: Glimmora|spe|1
|move|p1b: Glimmora|Sludge Bomb|p2a: Crawbug
|-damage|p2a: Crawbug|39/100
|
|-damage|p2b: Dung Defender|0 fnt|[from] psn
|faint|p2b: Dung Defender
|upkeep
|turn|7
|c|Ōśåsheepie_sheep|gg
|c|Ōśåthebusinesspiggy2|man
|
|t:|1757729700
|move|p1a: Scizor|Bullet Punch|p2a: Crawbug
|-damage|p2a: Crawbug|0 fnt
|faint|p2a: Crawbug
|
|win|sheepie_sheep
|c|Ōśåthebusinesspiggy2|ggs
||sheepie_sheep is ready for game 2.
|c|Ōśåthebusinesspiggy2|fuckin head smash
||thebusinesspiggy2 is ready for game 2.
|uhtml|next|Next: Game 2 of 3
