|j|â˜†wishlocals
|j|â˜†SuperPokeVGC
|html|wishlocalsSuperPokeVGC    
|uhtml|bestof|Game 2 of a best-of-3
|t:|1756489760
|gametype|doubles
|player|p1|wishlocals|102|1141
|player|p2|SuperPokeVGC|ltsurge|1219
|gen|9
|tier|[Gen 9] VGC 2025 Reg H (Bo3)
|rated|
|rule|Species Clause: Limit one of each PokÃ©mon
|rule|Item Clause: Limit 1 of each item
|clearpoke
|poke|p1|Archaludon, L50, M|
|poke|p1|Sneasler, L50, F|
|poke|p1|Rillaboom, L50, F|
|poke|p1|Incineroar, L50, F|
|poke|p1|Primarina, L50, M|
|poke|p1|Dragonite, L50, F|
|poke|p2|Tyranitar, L50, M|
|poke|p2|Garchomp, L50, M|
|poke|p2|Gholdengo, L50|
|poke|p2|Sinistcha, L50|
|poke|p2|Yanmega, L50, M|
|poke|p2|Arcanine, L50, M|
|teampreview|4
|showteam|p1|Archaludon||PowerHerb|Sturdy|ElectroShot,Protect,FlashCannon,DracoMeteor|||M|||50|,,,,,Stellar]Sneasler||FocusSash|Unburden|CloseCombat,DireClaw,Coaching,Protect|||F|||50|,,,,,Ghost]Rillaboom||MiracleSeed|GrassySurge|FakeOut,GrassyGlide,WoodHammer,Protect|||F|||50|,,,,,Fire]Incineroar||AssaultVest|Intimidate|FakeOut,FlareBlitz,KnockOff,Uturn|||F|||50|,,,,,Ghost]Primarina||Leftovers|LiquidVoice|HyperVoice,Moonblast,CalmMind,Protect|||M|||50|,,,,,Poison]Dragonite||LoadedDice|Multiscale|ScaleShot,Protect,Tailwind,Haze|||F|||50|,,,,,Steel
|showteam|p2|Tyranitar||LifeOrb|SandStream|KnockOff,RockSlide,TeraBlast,Protect|||M|||50|,,,,,Flying]Garchomp||ClearAmulet|SandVeil|DragonClaw,StompingTantrum,Earthquake,Protect|||M|||50|,,,,,Fire]Gholdengo||Leftovers|GoodasGold|MakeItRain,ShadowBall,NastyPlot,Protect||||||50|,,,,,Water]Sinistcha||SitrusBerry|Hospitality|RagePowder,MatchaGotcha,TrickRoom,Protect||||||50|,,,,,Water]Yanmega||FocusSash|SpeedBoost|Tailwind,AirSlash,BugBuzz,Detect|||M|||50|,,,,,Ghost]Arcanine||MirrorHerb|Intimidate|ExtremeSpeed,FlareBlitz,WillOWisp,Protect|||M|||50|,,,,,Normal
|inactive|Battle timer is ON: inactive players will automatically lose when time's up. (requested by SuperPokeVGC)
|inactive|wishlocals has 60 seconds left.
|
|t:|1756489792
|teamsize|p1|4
|teamsize|p2|4
|start
|switch|p1a: Incineroar|Incineroar, L50, F|100/100
|switch|p1b: Primarina|Primarina, L50, M|100/100
|switch|p2a: Yanmega|Yanmega, L50, M, shiny|100/100
|switch|p2b: Garchomp|Garchomp, L50, M|100/100
|-ability|p1a: Incineroar|Intimidate|boost
|-unboost|p2a: Yanmega|atk|1
|-fail|p2b: Garchomp|unboost|[from] item: Clear Amulet|[of] p2b: Garchomp
|turn|1
|inactive|SuperPokeVGC has 30 seconds left.
|
|t:|1756489827
|move|p2b: Garchomp|Protect|p2b: Garchomp
|-singleturn|p2b: Garchomp|Protect
|move|p2a: Yanmega|Detect|p2a: Yanmega
|-singleturn|p2a: Yanmega|Protect
|move|p1a: Incineroar|Fake Out|p2b: Garchomp
|-activate|p2b: Garchomp|move: Protect
|move|p1b: Primarina|Calm Mind|p1b: Primarina
|-boost|p1b: Primarina|spa|1
|-boost|p1b: Primarina|spd|1
|
|-ability|p2a: Yanmega|Speed Boost|boost
|-boost|p2a: Yanmega|spe|1
|upkeep
|turn|2
|inactive|wishlocals has 30 seconds left.
|inactive|SuperPokeVGC has 30 seconds left.
|
|t:|1756489855
|-terastallize|p1a: Incineroar|Ghost
|move|p2a: Yanmega|Air Slash|p1b: Primarina
|-damage|p1b: Primarina|79/100
|move|p2b: Garchomp|Earthquake|p1b: Primarina|[spread] p1a,p1b
|-immune|p2a: Yanmega
|-damage|p1a: Incineroar|64/100
|-damage|p1b: Primarina|41/100
|cant|p1b: Primarina|flinch
|move|p1a: Incineroar|Knock Off|p2b: Garchomp
|-damage|p2b: Garchomp|49/100
|-enditem|p2b: Garchomp|Clear Amulet|[from] move: Knock Off|[of] p1a: Incineroar
|
|-heal|p1b: Primarina|46/100|[from] item: Leftovers
|-ability|p2a: Yanmega|Speed Boost|boost
|-boost|p2a: Yanmega|spe|1
|upkeep
|turn|3
|c|â˜†wishlocals|luchy guy
|inactive|wishlocals has 30 seconds left.
|inactive|SuperPokeVGC has 30 seconds left.
|c|â˜†wishlocals|lucki
|inactive|wishlocals has 20 seconds left.
|
|t:|1756489891
|switch|p1a: Rillaboom|Rillaboom, L50, F|100/100
|-fieldstart|move: Grassy Terrain|[from] ability: Grassy Surge|[of] p1a: Rillaboom
|move|p2b: Garchomp|Protect|p2b: Garchomp
|-singleturn|p2b: Garchomp|Protect
|move|p1b: Primarina|Protect|p1b: Primarina
|-singleturn|p1b: Primarina|Protect
|move|p2a: Yanmega|Air Slash|p1b: Primarina
|-activate|p1b: Primarina|move: Protect
|
|-heal|p2b: Garchomp|55/100|[from] Grassy Terrain
|-heal|p1b: Primarina|52/100|[from] Grassy Terrain
|-heal|p1b: Primarina|58/100|[from] item: Leftovers
|-ability|p2a: Yanmega|Speed Boost|boost
|-boost|p2a: Yanmega|spe|1
|upkeep
|turn|4
|
|t:|1756489915
|switch|p2b: Gholdengo|Gholdengo, L50|100/100
|move|p1a: Rillaboom|Fake Out|p2b: Gholdengo
|-immune|p2b: Gholdengo
|move|p2a: Yanmega|Bug Buzz|p1a: Rillaboom
|-supereffective|p1a: Rillaboom
|-damage|p1a: Rillaboom|8/100
|move|p1b: Primarina|Hyper Voice|p2a: Yanmega|[spread] p2a,p2b
|-damage|p2a: Yanmega|16/100
|-damage|p2b: Gholdengo|49/100
|
|-heal|p2b: Gholdengo|55/100|[from] Grassy Terrain
|-heal|p2b: Gholdengo|61/100|[from] item: Leftovers
|-heal|p1a: Rillaboom|14/100|[from] Grassy Terrain
|-heal|p1b: Primarina|64/100|[from] Grassy Terrain
|-heal|p1b: Primarina|70/100|[from] item: Leftovers
|-ability|p2a: Yanmega|Speed Boost|boost
|-boost|p2a: Yanmega|spe|1
|upkeep
|turn|5
|inactive|SuperPokeVGC has 30 seconds left.
|inactive|SuperPokeVGC has 20 seconds left.
|inactive|SuperPokeVGC has 15 seconds left.
|inactive|SuperPokeVGC has 10 seconds left.
|
|t:|1756489963
|switch|p1a: Incineroar|Incineroar, L50, F, tera:Ghost|64/100
|-ability|p1a: Incineroar|Intimidate|boost
|-unboost|p2a: Yanmega|atk|1
|-unboost|p2b: Gholdengo|atk|1
|-terastallize|p2b: Gholdengo|Water
|move|p2a: Yanmega|Bug Buzz|p1a: Incineroar
|-resisted|p1a: Incineroar
|-damage|p1a: Incineroar|50/100
|move|p2b: Gholdengo|Nasty Plot|p2b: Gholdengo
|-boost|p2b: Gholdengo|spa|2
|move|p1b: Primarina|Hyper Voice|p2b: Gholdengo|[spread] p2a,p2b
|-resisted|p2b: Gholdengo
|-damage|p2a: Yanmega|0 fnt
|-damage|p2b: Gholdengo|36/100
|faint|p2a: Yanmega
|
|-heal|p2b: Gholdengo|43/100|[from] Grassy Terrain
|-heal|p2b: Gholdengo|49/100|[from] item: Leftovers
|-heal|p1b: Primarina|76/100|[from] Grassy Terrain
|-heal|p1b: Primarina|82/100|[from] item: Leftovers
|-heal|p1a: Incineroar|55/100|[from] Grassy Terrain
|upkeep
|
|t:|1756489977
|switch|p2a: Sinistcha|Sinistcha, L50|100/100
|-heal|p2b: Gholdengo|74/100|[from] ability: Hospitality|[of] p2a: Sinistcha
|turn|6
|inactive|wishlocals has 30 seconds left.
|inactive|wishlocals has 20 seconds left.
|inactive|wishlocals has 15 seconds left.
|
|t:|1756490019
|move|p1a: Incineroar|Fake Out|p2b: Gholdengo
|-damage|p2b: Gholdengo|62/100
|cant|p2b: Gholdengo|flinch
|move|p2a: Sinistcha|Matcha Gotcha|p1b: Primarina|[spread] p1a,p1b
|-supereffective|p1b: Primarina
|-damage|p1a: Incineroar|34/100
|-damage|p1b: Primarina|46/100
|move|p1b: Primarina|Calm Mind|p1b: Primarina
|-boost|p1b: Primarina|spa|1
|-boost|p1b: Primarina|spd|1
|
|-heal|p2b: Gholdengo|68/100|[from] Grassy Terrain
|-heal|p2b: Gholdengo|74/100|[from] item: Leftovers
|-heal|p1b: Primarina|52/100|[from] Grassy Terrain
|-heal|p1b: Primarina|58/100|[from] item: Leftovers
|-heal|p1a: Incineroar|40/100|[from] Grassy Terrain
|upkeep
|turn|7
|
|t:|1756490043
|move|p2a: Sinistcha|Rage Powder|p2a: Sinistcha
|-singleturn|p2a: Sinistcha|move: Rage Powder
|move|p2b: Gholdengo|Shadow Ball|p1a: Incineroar
|-supereffective|p1a: Incineroar
|-damage|p1a: Incineroar|0 fnt
|faint|p1a: Incineroar
|move|p1b: Primarina|Moonblast|p2a: Sinistcha
|-damage|p2a: Sinistcha|12/100
|-enditem|p2a: Sinistcha|Sitrus Berry|[eat]
|-heal|p2a: Sinistcha|37/100|[from] item: Sitrus Berry
|
|-heal|p2b: Gholdengo|81/100|[from] Grassy Terrain
|-heal|p2b: Gholdengo|87/100|[from] item: Leftovers
|-heal|p2a: Sinistcha|43/100|[from] Grassy Terrain
|-heal|p1b: Primarina|64/100|[from] Grassy Terrain
|-heal|p1b: Primarina|70/100|[from] item: Leftovers
|-fieldend|move: Grassy Terrain
|upkeep
|
|t:|1756490059
|switch|p1a: Dragonite|Dragonite, L50, F|100/100
|turn|8
|inactive|wishlocals has 30 seconds left.
|inactive|SuperPokeVGC has 30 seconds left.
|inactive|SuperPokeVGC has 20 seconds left.
|inactive|wishlocals has 20 seconds left.
|inactive|wishlocals has 15 seconds left.
|
|t:|1756490112
|switch|p1b: Rillaboom|Rillaboom, L50, F|14/100
|-fieldstart|move: Grassy Terrain|[from] ability: Grassy Surge|[of] p1b: Rillaboom
|move|p1a: Dragonite|Protect|p1a: Dragonite
|-singleturn|p1a: Dragonite|Protect
|move|p2b: Gholdengo|Shadow Ball|p1b: Rillaboom
|-damage|p1b: Rillaboom|0 fnt
|faint|p1b: Rillaboom
|move|p2a: Sinistcha|Matcha Gotcha|p1a: Dragonite
|-activate|p1a: Dragonite|move: Protect
|
|-heal|p2b: Gholdengo|93/100|[from] Grassy Terrain
|-heal|p2b: Gholdengo|99/100|[from] item: Leftovers
|-heal|p2a: Sinistcha|49/100|[from] Grassy Terrain
|upkeep
|
|t:|1756490129
|switch|p1b: Primarina|Primarina, L50, M|70/100
|turn|9
|c|â˜†wishlocals|no sense this shadow ball
|c|â˜†wishlocals|i have a dragonite with haze
|c|â˜†wishlocals|and you don't target dragonite...
|inactive|wishlocals has 30 seconds left.
|inactive|SuperPokeVGC has 30 seconds left.
|inactive|wishlocals has 20 seconds left.
|inactive|SuperPokeVGC has 20 seconds left.
|-message|wishlocals forfeited.
|
|win|SuperPokeVGC
|raw|wishlocals's rating: 1141 → 1122(-19 for losing)
|raw|SuperPokeVGC's rating: 1219 → 1238(+19 for winning)
|l|â˜†wishlocals
|player|p1|
