|j|☆maugzm1
|j|☆jeanryupr
|html|maugzm1jeanryupr    
|uhtml|bestof|Game 1 of a best-of-3
|t:|1785892856
|gametype|doubles
|player|p1|maugzm1|cynthia-gen4|1149
|player|p2|jeanryupr|169|1140
|gen|9
|tier|[Gen 9 Champions] VGC 2026 Reg M-B (Bo3)
|rated|
|rule|Species Clause: Limit one of each Pokémon
|rule|Item Clause: Limit 1 of each item
|clearpoke
|poke|p1|Charizard, L50, M|
|poke|p1|Mawile, L50, F|
|poke|p1|Whimsicott, L50, M|
|poke|p1|Dragonite, L50, M|
|poke|p1|Mamoswine, L50, F|
|poke|p1|Annihilape, L50, M|
|poke|p2|Staraptor, L50, M|
|poke|p2|Glimmora, L50, F|
|poke|p2|Whimsicott, L50, F|
|poke|p2|Kingambit, L50, M|
|poke|p2|Garchomp, L50, M|
|poke|p2|Raichu, L50, M|
|teampreview|4
|showteam|p1|Charizard||CharizarditeY|Blaze|WeatherBall,HeatWave,SolarBeam,Protect|Modest||M|||50|]Mawile||Mawilite|HyperCutter|PlayRough,IronHead,SuckerPunch,Protect|Adamant||F|||50|]Whimsicott||FocusSash|Prankster|Moonblast,Tailwind,Encore,Protect|Timid||M|||50|]Dragonite||DragonFang|InnerFocus|DragonClaw,ExtremeSpeed,LowKick,Protect|Adamant||M|||50|]Mamoswine||LifeOrb|Oblivious|HighHorsepower,IceShard,Earthquake,Protect|Adamant||F|||50|]Annihilape||ChoiceScarf|Defiant|PhantomForce,CloseCombat,RockTomb,Taunt|Jolly||M|||50|
|showteam|p2|Staraptor||Staraptite|Intimidate|CloseCombat,BraveBird,Roost,Protect|Jolly||M|||50|]Glimmora||FocusSash|ToxicDebris|PowerGem,SludgeBomb,EarthPower,SpikyShield|Modest||F|||50|]Whimsicott||OccaBerry|Prankster|Tailwind,Moonblast,Charm,LightScreen|Timid||F|||50|]Kingambit||ChopleBerry|Defiant|KowtowCleave,IronHead,LowKick,SuckerPunch|Adamant||M|||50|]Garchomp||LifeOrb|RoughSkin|Protect,DragonClaw,RockSlide,StompingTantrum|Adamant||M|||50|]Raichu||RaichuniteY|LightningRod|ZapCannon,FocusBlast,FakeOut,Protect|Timid||M|||50|
|inactive|Battle timer is ON: inactive players will automatically lose when time's up. (requested by maugzm1)
|inactive|maugzm1 has 60 seconds left.
|
|t:|1785892902
|teamsize|p1|4
|teamsize|p2|4
|start
|switch|p1a: Whimsicott|Whimsicott, L50, M|100/100
|switch|p1b: Annihilape|Annihilape, L50, M|100/100
|switch|p2a: Glimmora|Glimmora, L50, F|100/100
|switch|p2b: Whimsicott|Whimsicott, L50, F|100/100
|turn|1
|
|t:|1785892920
|move|p1a: Whimsicott|Tailwind|p1a: Whimsicott
|-sidestart|p1: maugzm1|move: Tailwind
|move|p2b: Whimsicott|Tailwind|p2b: Whimsicott
|-sidestart|p2: jeanryupr|move: Tailwind
|move|p1b: Annihilape|Phantom Force||[still]
|-prepare|p1b: Annihilape|Phantom Force
|move|p2a: Glimmora|Earth Power|p1b: Annihilape|[miss]
|-miss|p2a: Glimmora|p1b: Annihilape
|
|upkeep
|turn|2
|
|t:|1785892933
|move|p1b: Annihilape|Phantom Force|p2a: Glimmora|[from] lockedmove
|-damage|p2a: Glimmora|50/100g
|-activate|p2a: Glimmora|ability: Toxic Debris
|-sidestart|p1: maugzm1|move: Toxic Spikes
|move|p1a: Whimsicott|Moonblast|p2a: Glimmora
|-resisted|p2a: Glimmora|1
|-damage|p2a: Glimmora|25/100
|move|p2b: Whimsicott|Moonblast|p1a: Whimsicott
|-damage|p1a: Whimsicott|51/100
|move|p2a: Glimmora|Sludge Bomb|p1a: Whimsicott
|-supereffective|p1a: Whimsicott|2
|-damage|p1a: Whimsicott|0 fnt
|faint|p1a: Whimsicott
|
|upkeep
|
|t:|1785892941
|switch|p1a: Mamoswine|Mamoswine, L50, F|100/100
|-status|p1a: Mamoswine|psn
|turn|3
|
|t:|1785892961
|switch|p2a: Kingambit|Kingambit, L50, M|100/100
|move|p1a: Mamoswine|Ice Shard|p2b: Whimsicott
|-supereffective|p2b: Whimsicott|1
|-damage|p2b: Whimsicott|41/100
|-damage|p1a: Mamoswine|90/100 psn|[from] item: Life Orb
|move|p1b: Annihilape|Phantom Force||[still]
|-prepare|p1b: Annihilape|Phantom Force
|move|p2b: Whimsicott|Moonblast|p1a: Mamoswine
|-damage|p1a: Mamoswine|52/100 psn
|
|-damage|p1a: Mamoswine|40/100 psn|[from] psn
|upkeep
|turn|4
|
|t:|1785892984
|move|p1b: Annihilape|Phantom Force|p2a: Kingambit|[from] lockedmove
|-resisted|p2a: Kingambit|1
|-damage|p2a: Kingambit|85/100
|move|p2b: Whimsicott|Moonblast|p1b: Annihilape
|-supereffective|p1b: Annihilape|1
|-damage|p1b: Annihilape|47/100
|move|p1a: Mamoswine|High Horsepower|p2a: Kingambit
|-supereffective|p2a: Kingambit|1
|-damage|p2a: Kingambit|0 fnt
|faint|p2a: Kingambit
|-damage|p1a: Mamoswine|31/100 psn|[from] item: Life Orb
|
|-damage|p1a: Mamoswine|18/100 psn|[from] psn
|-sideend|p1: maugzm1|move: Tailwind
|-sideend|p2: jeanryupr|move: Tailwind
|upkeep
|
|t:|1785892997
|switch|p2a: Staraptor|Staraptor, L50, M|100/100
|-ability|p2a: Staraptor|Intimidate|boost
|-fail|p1a: Mamoswine|unboost|Attack|[from] ability: Oblivious|[of] p1a: Mamoswine
|-unboost|p1b: Annihilape|atk|1
|-ability|p1b: Annihilape|Defiant|boost
|-boost|p1b: Annihilape|atk|2
|turn|5
|
|t:|1785893008
|detailschange|p2a: Staraptor|Staraptor-Mega, L50, M
|-mega|p2a: Staraptor|Staraptor|Staraptite
|move|p2b: Whimsicott|Tailwind|p2b: Whimsicott
|-sidestart|p2: jeanryupr|move: Tailwind
|move|p1a: Mamoswine|Ice Shard|p2a: Staraptor
|-supereffective|p2a: Staraptor|1
|-damage|p2a: Staraptor|47/100
|-damage|p1a: Mamoswine|9/100 psn|[from] item: Life Orb
|move|p2a: Staraptor|Close Combat|p1a: Mamoswine
|-supereffective|p1a: Mamoswine|1
|-damage|p1a: Mamoswine|0 fnt
|-boost|p2a: Staraptor|def|1
|-boost|p2a: Staraptor|spd|1
|faint|p1a: Mamoswine
|move|p1b: Annihilape|Phantom Force||[still]
|-prepare|p1b: Annihilape|Phantom Force
|
|upkeep
|
|t:|1785893021
|switch|p1a: Charizard|Charizard, L50, M|100/100
|turn|6
|
|t:|1785893030
|detailschange|p1a: Charizard|Charizard-Mega-Y, L50, M
|-mega|p1a: Charizard|Charizard|Charizardite Y
|-weather|SunnyDay|[from] ability: Drought|[of] p1a: Charizard
|move|p2b: Whimsicott|Light Screen|p2b: Whimsicott
|-sidestart|p2: jeanryupr|move: Light Screen
|move|p2a: Staraptor|Roost|p2a: Staraptor
|-heal|p2a: Staraptor|97/100
|-singleturn|p2a: Staraptor|move: Roost
|move|p1b: Annihilape|Phantom Force|p2b: Whimsicott|[from] lockedmove
|-damage|p2b: Whimsicott|0 fnt
|faint|p2b: Whimsicott
|move|p1a: Charizard|Weather Ball|p2a: Staraptor
|-damage|p2a: Staraptor|59/100
|
|-weather|SunnyDay|[upkeep]
|upkeep
|
|t:|1785893043
|switch|p2b: Glimmora|Glimmora, L50, F|25/100
|turn|7
|
|t:|1785893053
|move|p1a: Charizard|Protect|p1a: Charizard
|-singleturn|p1a: Charizard|Protect
|move|p2a: Staraptor|Roost|p2a: Staraptor
|-heal|p2a: Staraptor|100/100
|-singleturn|p2a: Staraptor|move: Roost
|move|p2b: Glimmora|Power Gem|p1a: Charizard
|-activate|p1a: Charizard|move: Protect
|move|p1b: Annihilape|Phantom Force||[still]
|-prepare|p1b: Annihilape|Phantom Force
|
|-weather|SunnyDay|[upkeep]
|upkeep
|turn|8
|
|t:|1785893069
|move|p2a: Staraptor|Brave Bird|p1a: Charizard
|-damage|p1a: Charizard|40/100
|-damage|p2a: Staraptor|82/100|[from] Recoil
|move|p2b: Glimmora|Power Gem|p1a: Charizard
|-supereffective|p1a: Charizard|2
|-damage|p1a: Charizard|0 fnt
|faint|p1a: Charizard
|move|p1b: Annihilape|Phantom Force|p2b: Glimmora|[from] lockedmove
|-damage|p2b: Glimmora|0 fnt
|-activate|p2b: Glimmora|ability: Toxic Debris
|-sidestart|p1: maugzm1|move: Toxic Spikes
|faint|p2b: Glimmora
|
|-weather|SunnyDay|[upkeep]
|-sideend|p2: jeanryupr|move: Tailwind
|upkeep
|turn|9
|
|t:|1785893086
|move|p1b: Annihilape|Phantom Force||[still]
|-prepare|p1b: Annihilape|Phantom Force
|move|p2a: Staraptor|Brave Bird|p1b: Annihilape|[miss]
|-miss|p2a: Staraptor|p1b: Annihilape
|
|-weather|SunnyDay|[upkeep]
|upkeep
|turn|10
|
|t:|1785893093
|move|p1b: Annihilape|Phantom Force|p2a: Staraptor|[from] lockedmove
|-damage|p2a: Staraptor|43/100
|move|p2a: Staraptor|Brave Bird|p1b: Annihilape
|-supereffective|p1b: Annihilape|1
|-damage|p1b: Annihilape|0 fnt
|faint|p1b: Annihilape
|-damage|p2a: Staraptor|28/100|[from] Recoil
|
|win|jeanryupr
