|j|☆elxoxo21
|j|☆Pelosis
|html|elxoxo21Pelosis    
|uhtml|bestof|Game 2 of a best-of-3
|t:|1784561479
|gametype|doubles
|player|p1|elxoxo21|102|1125
|player|p2|Pelosis|170|1159
|gen|9
|tier|[Gen 9 Champions] VGC 2026 Reg M-B (Bo3)
|rated|
|rule|Species Clause: Limit one of each Pokémon
|rule|Item Clause: Limit 1 of each item
|clearpoke
|poke|p1|Gengar, L50, F|
|poke|p1|Politoed, L50, M|
|poke|p1|Whimsicott, L50, M|
|poke|p1|Meganium, L50, F|
|poke|p1|Gholdengo, L50|
|poke|p1|Incineroar, L50, F, shiny|
|poke|p2|Mawile, L50, F|
|poke|p2|Farigiraf, L50, F|
|poke|p2|Incineroar, L50, F|
|poke|p2|Torkoal, L50, F|
|poke|p2|Venusaur, L50, M|
|poke|p2|Scrafty, L50, F|
|teampreview|4
|showteam|p1|Gengar||Gengarite|CursedBody|Protect,PerishSong,Disable,ShadowBall|Timid||F|||50|]Politoed||SitrusBerry|Drizzle|Protect,PerishSong,HelpingHand,WeatherBall|Bold||M|||50|]Whimsicott||FocusSash|Prankster|Protect,Encore,Tailwind,Moonblast|Timid||M|||50|]Meganium||Meganiumite|LeafGuard|Protect,WeatherBall,SolarBeam,DazzlingGleam|Modest||F|||50|]Gholdengo||LifeOrb|GoodasGold|Protect,NastyPlot,ShadowBall,MakeItRain|Modest|||||50|]Incineroar||WhiteHerb|Intimidate|FakeOut,PartingShot,DarkestLariat,CloseCombat|Adamant||F|||50|
|showteam|p2|Mawile||Mawilite|HyperCutter|Protect,PlayRough,RockSlide,SuckerPunch|Brave||F|||50|]Farigiraf||SitrusBerry|ArmorTail|TrickRoom,TwinBeam,Thunderbolt,HelpingHand|Quiet||F|||50|]Incineroar||WhiteHerb|Intimidate|FakeOut,CloseCombat,FlareBlitz,DarkestLariat|Brave||F|||50|]Torkoal||Charcoal|Drought|Protect,Eruption,HeatWave,WeatherBall|Quiet||F|||50|]Venusaur||FocusSash|Chlorophyll|SleepPowder,EarthPower,EnergyBall,SludgeBomb|Modest||M|||50|]Scrafty||Scraftinite|Intimidate|FakeOut,CloseCombat,KnockOff,IcePunch|Brave||F|||50|
|inactive|Battle timer is ON: inactive players will automatically lose when time's up. (requested by Pelosis)
|inactive|elxoxo21 also wants the timer to be on.
|inactive|Pelosis has 60 seconds left.
|
|t:|1784561525
|teamsize|p1|4
|teamsize|p2|4
|start
|switch|p1a: Incineroar|Incineroar, L50, F, shiny|100/100
|switch|p1b: Whimsicott|Whimsicott, L50, M|100/100
|switch|p2a: Farigiraf|Farigiraf, L50, F|100/100
|switch|p2b: Incineroar|Incineroar, L50, F|100/100
|-ability|p1a: Incineroar|Intimidate|boost
|-unboost|p2a: Farigiraf|atk|1
|-unboost|p2b: Incineroar|atk|1
|-ability|p2b: Incineroar|Intimidate|boost
|-unboost|p1a: Incineroar|atk|1
|-unboost|p1b: Whimsicott|atk|1
|-enditem|p1a: Incineroar|White Herb
|-clearnegativeboost|p1a: Incineroar|[silent]
|-enditem|p2b: Incineroar|White Herb
|-clearnegativeboost|p2b: Incineroar|[silent]
|turn|1
|
|t:|1784561541
|move|p2b: Incineroar|Fake Out|p1a: Incineroar
|-damage|p1a: Incineroar|82/100
|move|p1b: Whimsicott|Moonblast|p2a: Farigiraf
|-damage|p2a: Farigiraf|66/100
|cant|p1a: Incineroar|flinch
|move|p2a: Farigiraf|Trick Room|p2a: Farigiraf
|-fieldstart|move: Trick Room|[of] p2a: Farigiraf
|
|upkeep
|turn|2
|inactive|elxoxo21 has 30 seconds left.
|inactive|Pelosis has 30 seconds left.
|inactive|elxoxo21 has 20 seconds left.
|inactive|Pelosis has 20 seconds left.
|inactive|Pelosis has 15 seconds left.
|inactive|Pelosis has 10 seconds left.
|
|t:|1784561589
|switch|p2a: Torkoal|Torkoal, L50, F|100/100
|-weather|SunnyDay|[from] ability: Drought|[of] p2a: Torkoal
|move|p1b: Whimsicott|Protect|p1b: Whimsicott
|-singleturn|p1b: Whimsicott|Protect
|move|p2b: Incineroar|Flare Blitz|p1a: Incineroar
|-resisted|p1a: Incineroar|1
|-damage|p1a: Incineroar|30/100
|-damage|p2b: Incineroar|84/100|[from] Recoil
|move|p1a: Incineroar|Darkest Lariat|p2a: Torkoal
|-damage|p2a: Torkoal|64/100
|
|-weather|SunnyDay|[upkeep]
|upkeep
|turn|3
|
|t:|1784561619
|switch|p1a: Politoed|Politoed, L50, M|100/100
|-weather|RainDance|[from] ability: Drizzle|[of] p1a: Politoed
|move|p2a: Torkoal|Weather Ball|p1b: Whimsicott
|-resisted|p1b: Whimsicott|1
|-damage|p1b: Whimsicott|64/100
|move|p2b: Incineroar|Close Combat|p1a: Politoed
|-damage|p1a: Politoed|61/100
|-unboost|p2b: Incineroar|def|1
|-unboost|p2b: Incineroar|spd|1
|move|p1b: Whimsicott|Moonblast|p2b: Incineroar
|-damage|p2b: Incineroar|36/100
|-unboost|p2b: Incineroar|spa|1
|
|-weather|RainDance|[upkeep]
|upkeep
|turn|4
|inactive|Pelosis has 30 seconds left.
|
|t:|1784561653
|switch|p2a: Venusaur|Venusaur, L50, M|100/100
|move|p2b: Incineroar|Flare Blitz|p1b: Whimsicott
|-supereffective|p1b: Whimsicott|1
|-damage|p1b: Whimsicott|0 fnt
|faint|p1b: Whimsicott
|-damage|p2b: Incineroar|22/100|[from] Recoil
|move|p1a: Politoed|Weather Ball|p2a: Venusaur
|-resisted|p2a: Venusaur|1
|-damage|p2a: Venusaur|70/100
|
|-weather|RainDance|[upkeep]
|upkeep
|inactive|elxoxo21 has 30 seconds left.
|inactive|elxoxo21 has 20 seconds left.
|inactive|elxoxo21 has 15 seconds left.
|
|t:|1784561698
|switch|p1b: Incineroar|Incineroar, L50, F, shiny|30/100
|-ability|p1b: Incineroar|Intimidate|boost
|-unboost|p2a: Venusaur|atk|1
|-unboost|p2b: Incineroar|atk|1
|turn|5
|
|t:|1784561725
|switch|p2a: Farigiraf|Farigiraf, L50, F|66/100
|move|p2b: Incineroar|Close Combat|p1b: Incineroar
|-supereffective|p1b: Incineroar|1
|-crit|p1b: Incineroar
|-damage|p1b: Incineroar|0 fnt
|-unboost|p2b: Incineroar|def|1
|-unboost|p2b: Incineroar|spd|1
|faint|p1b: Incineroar
|move|p1a: Politoed|Weather Ball|p2a: Farigiraf
|-damage|p2a: Farigiraf|21/100
|-enditem|p2a: Farigiraf|Sitrus Berry|[eat]
|-heal|p2a: Farigiraf|46/100|[from] item: Sitrus Berry
|
|-weather|RainDance|[upkeep]
|-fieldend|move: Trick Room
|upkeep
|
|t:|1784561738
|switch|p1b: Meganium|Meganium, L50, F|100/100
|turn|6
|inactive|Pelosis has 30 seconds left.
|
|t:|1784561764
|switch|p2a: Torkoal|Torkoal, L50, F|64/100
|-weather|SunnyDay|[from] ability: Drought|[of] p2a: Torkoal
|detailschange|p1b: Meganium|Meganium-Mega, L50, F
|-mega|p1b: Meganium|Meganium|Meganiumite
|move|p1b: Meganium|Dazzling Gleam|p2b: Incineroar|[spread] p2a,p2b
|-resisted|p2a: Torkoal|1
|-damage|p2a: Torkoal|40/100
|-damage|p2b: Incineroar|0 fnt
|faint|p2b: Incineroar
|move|p1a: Politoed|Weather Ball|p2a: Torkoal
|-resisted|p2a: Torkoal|1
|-damage|p2a: Torkoal|19/100
|
|-weather|SunnyDay|[upkeep]
|upkeep
|
|t:|1784561778
|switch|p2b: Venusaur|Venusaur, L50, M|70/100
|turn|7
|inactive|elxoxo21 has 30 seconds left.
|inactive|Pelosis has 30 seconds left.
|
|t:|1784561807
|move|p1b: Meganium|Protect|p1b: Meganium
|-singleturn|p1b: Meganium|Protect
|move|p2b: Venusaur|Sleep Powder|p1a: Politoed|[miss]
|-miss|p2b: Venusaur|p1a: Politoed
|move|p1a: Politoed|Weather Ball|p2b: Venusaur
|-supereffective|p2b: Venusaur|1
|-damage|p2b: Venusaur|0 fnt
|faint|p2b: Venusaur
|move|p2a: Torkoal|Heat Wave|p1b: Meganium|[spread] p1a
|-activate|p1b: Meganium|move: Protect
|-resisted|p1a: Politoed|1
|-damage|p1a: Politoed|37/100
|-enditem|p1a: Politoed|Sitrus Berry|[eat]
|-heal|p1a: Politoed|62/100|[from] item: Sitrus Berry
|
|-weather|SunnyDay|[upkeep]
|upkeep
|
|t:|1784561822
|switch|p2b: Farigiraf|Farigiraf, L50, F|46/100
|turn|8
|c|☆Pelosis|gg fuk hax
|
|t:|1784561840
|move|p2b: Farigiraf|Helping Hand|p2a: Torkoal
|-singleturn|p2a: Torkoal|Helping Hand|[of] p2b: Farigiraf
|move|p1b: Meganium|Dazzling Gleam|p2b: Farigiraf|[spread] p2a,p2b
|-resisted|p2a: Torkoal|1
|-damage|p2a: Torkoal|0 fnt
|-damage|p2b: Farigiraf|15/100
|faint|p2a: Torkoal
|move|p1a: Politoed|Weather Ball|p2b: Farigiraf
|-damage|p2b: Farigiraf|0 fnt
|faint|p2b: Farigiraf
|
|win|elxoxo21
|raw|elxoxo21's rating: 1125 → 1152(+27 for winning)
|raw|Pelosis's rating: 1159 → 1132(-27 for losing)
|c|☆elxoxo21|gg
|l|☆elxoxo21
|player|p1|
