|j|☆majormars
|j|☆FR45
|html|majormarsFR45    
|uhtml|bestof|Game 1 of a best-of-3
|t:|1782434834
|gametype|doubles
|player|p1|majormars|morty|1157
|player|p2|FR45|ethan|1139
|gen|9
|tier|[Gen 9 Champions] VGC 2026 Reg M-B (Bo3)
|rated|
|rule|Species Clause: Limit one of each Pokémon
|rule|Item Clause: Limit 1 of each item
|clearpoke
|poke|p1|Malamar, L50, F|
|poke|p1|Staraptor, L50, M|
|poke|p1|Grimmsnarl, L50, M|
|poke|p1|Sinistcha, L50|
|poke|p1|Incineroar, L50, F|
|poke|p1|Gholdengo, L50|
|poke|p2|Garchomp, L50, M|
|poke|p2|Mawile, L50, M, shiny|
|poke|p2|Charizard, L50, M, shiny|
|poke|p2|Sneasler, L50, M|
|poke|p2|Farigiraf, L50, M|
|poke|p2|Milotic, L50, F|
|teampreview|4
|showteam|p1|Malamar||Malamarite|Contrary|Protect,DarkPulse,StoredPower,Superpower|Bold||F|||50|]Staraptor||Staraptite|Intimidate|Protect,Roost,CloseCombat,BraveBird|Careful||M|||50|]Grimmsnarl||FocusSash|Prankster|PartingShot,FakeTears,ScaryFace,FakeOut|Impish||M|||50|]Sinistcha||MentalHerb|Hospitality|TrickRoom,RagePowder,MatchaGotcha,StrengthSap|Sassy|||||50|]Incineroar||SitrusBerry|Intimidate|PartingShot,FlareBlitz,ThroatChop,FakeOut|Careful||F|||50|]Gholdengo||MetalCoat|GoodasGold|MakeItRain,ShadowBall,NastyPlot,Protect|Timid|||||50|
|showteam|p2|Garchomp||LifeOrb|RoughSkin|DragonClaw,StompingTantrum,RockSlide,Protect|Jolly||M|||50|]Mawile||Mawilite|Intimidate|IronHead,SuckerPunch,PlayRough,Protect|Adamant||M|||50|]Charizard||CharizarditeY|SolarPower|HeatWave,SolarBeam,WeatherBall,Protect|Timid||M|||50|]Sneasler||WhiteHerb|Unburden|FakeOut,DireClaw,CloseCombat,Protect|Jolly||M|||50|]Farigiraf||SitrusBerry|ArmorTail|Psychic,Thunderbolt,Roar,TrickRoom|Quiet||M|||50|]Milotic||Leftovers|Competitive|Scald,IceBeam,PsychUp,Protect|Modest||F|||50|
|inactive|Battle timer is ON: inactive players will automatically lose when time's up. (requested by FR45)
|inactive|majormars also wants the timer to be on.
|inactive|FR45 has 60 seconds left.
|
|t:|1782434867
|teamsize|p1|4
|teamsize|p2|4
|start
|switch|p1a: Malamar|Malamar, L50, F|100/100
|switch|p1b: Grimmsnarl|Grimmsnarl, L50, M|100/100
|switch|p2a: Milotic|Milotic, L50, F|100/100
|switch|p2b: Sneasler|Sneasler, L50, M|100/100
|turn|1
|inactive|FR45 has 30 seconds left.
|
|t:|1782434893
|detailschange|p1a: Malamar|Malamar-Mega, L50, F
|-mega|p1a: Malamar|Malamar|Malamarite
|move|p2a: Milotic|Protect|p2a: Milotic
|-singleturn|p2a: Milotic|Protect
|move|p2b: Sneasler|Fake Out|p1b: Grimmsnarl
|-damage|p1b: Grimmsnarl|85/100
|cant|p1b: Grimmsnarl|flinch
|move|p1a: Malamar|Superpower|p2a: Milotic
|-activate|p2a: Milotic|move: Protect
|
|upkeep
|turn|2
|inactive|majormars has 30 seconds left.
|
|t:|1782434920
|move|p1b: Grimmsnarl|Fake Tears|p1a: Malamar
|-boost|p1a: Malamar|spd|2
|move|p2b: Sneasler|Dire Claw|p1b: Grimmsnarl
|-supereffective|p1b: Grimmsnarl|1
|-damage|p1b: Grimmsnarl|1/100
|-status|p1b: Grimmsnarl|par
|move|p1a: Malamar|Superpower|p2b: Sneasler
|-resisted|p2b: Sneasler|1
|-damage|p2b: Sneasler|81/100
|-boost|p1a: Malamar|atk|1
|-boost|p1a: Malamar|def|1
|move|p2a: Milotic|Psych Up|p1a: Malamar
|-copyboost|p2a: Milotic|p1a: Malamar|[from] move: Psych Up
|
|upkeep
|turn|3
|inactive|FR45 has 30 seconds left.
|inactive|FR45 has 20 seconds left.
|
|t:|1782434959
|cant|p1b: Grimmsnarl|par
|move|p2b: Sneasler|Close Combat|p1a: Malamar
|-damage|p1a: Malamar|58/100
|-unboost|p2b: Sneasler|def|1
|-unboost|p2b: Sneasler|spd|1
|-enditem|p2b: Sneasler|White Herb
|-clearnegativeboost|p2b: Sneasler|[silent]
|move|p1a: Malamar|Superpower|p2b: Sneasler
|-resisted|p2b: Sneasler|1
|-damage|p2b: Sneasler|54/100
|-boost|p1a: Malamar|atk|1
|-boost|p1a: Malamar|def|1
|move|p2a: Milotic|Scald|p1b: Grimmsnarl
|-damage|p1b: Grimmsnarl|0 fnt
|faint|p1b: Grimmsnarl
|
|upkeep
|inactive|majormars has 30 seconds left.
|
|t:|1782434994
|switch|p1b: Sinistcha|Sinistcha, L50|100/100
|-heal|p1a: Malamar|82/100|[from] ability: Hospitality|[of] p1b: Sinistcha
|turn|4
|
|t:|1782435006
|move|p2b: Sneasler|Dire Claw|p1a: Malamar
|-damage|p1a: Malamar|62/100
|move|p1a: Malamar|Stored Power|p2b: Sneasler
|-supereffective|p2b: Sneasler|2
|-damage|p2b: Sneasler|0 fnt
|faint|p2b: Sneasler
|move|p2a: Milotic|Ice Beam|p1b: Sinistcha
|-supereffective|p1b: Sinistcha|1
|-damage|p1b: Sinistcha|58/100
|move|p1b: Sinistcha|Matcha Gotcha|p2a: Milotic
|-supereffective|p2a: Milotic|1
|-damage|p2a: Milotic|76/100
|-heal|p1b: Sinistcha|71/100|[from] drain|[of] p2a: Milotic
|
|-heal|p2a: Milotic|82/100|[from] item: Leftovers
|upkeep
|
|t:|1782435027
|switch|p2b: Mawile|Mawile, L50, M, shiny|100/100
|-ability|p2b: Mawile|Intimidate|boost
|-boost|p1a: Malamar|atk|1
|-unboost|p1b: Sinistcha|atk|1
|turn|5
|
|t:|1782435045
|move|p2b: Mawile|Protect|p2b: Mawile
|-singleturn|p2b: Mawile|Protect
|move|p1b: Sinistcha|Rage Powder|p1b: Sinistcha
|-singleturn|p1b: Sinistcha|move: Rage Powder
|move|p1a: Malamar|Superpower|p2b: Mawile
|-activate|p2b: Mawile|move: Protect
|move|p2a: Milotic|Scald|p1b: Sinistcha
|-resisted|p1b: Sinistcha|1
|-damage|p1b: Sinistcha|58/100
|
|-heal|p2a: Milotic|88/100|[from] item: Leftovers
|upkeep
|turn|6
|inactive|FR45 has 30 seconds left.
|inactive|FR45 has 20 seconds left.
|
|t:|1782435082
|detailschange|p2b: Mawile|Mawile-Mega, L50, M, shiny
|-mega|p2b: Mawile|Mawile|Mawilite
|move|p1a: Malamar|Superpower|p2b: Mawile
|-damage|p2b: Mawile|38/100
|-boost|p1a: Malamar|atk|1
|-boost|p1a: Malamar|def|1
|move|p2a: Milotic|Ice Beam|p1b: Sinistcha
|-supereffective|p1b: Sinistcha|1
|-damage|p1b: Sinistcha|15/100
|move|p1b: Sinistcha|Matcha Gotcha|p2b: Mawile|[spread] p2a,p2b
|-supereffective|p2a: Milotic|1
|-resisted|p2b: Mawile|1
|-damage|p2a: Milotic|70/100
|-heal|p1b: Sinistcha|25/100|[from] drain|[of] p2a: Milotic
|-damage|p2b: Mawile|22/100
|-heal|p1b: Sinistcha|33/100|[from] drain|[of] p2b: Mawile
|move|p2b: Mawile|Iron Head|p1b: Sinistcha
|-damage|p1b: Sinistcha|0 fnt
|faint|p1b: Sinistcha
|
|-heal|p2a: Milotic|76/100|[from] item: Leftovers
|upkeep
|
|t:|1782435091
|switch|p1b: Incineroar|Incineroar, L50, F|100/100
|-ability|p1b: Incineroar|Intimidate|boost
|-unboost|p2a: Milotic|atk|1
|-ability|p2a: Milotic|Competitive|boost
|-boost|p2a: Milotic|spa|2
|-unboost|p2b: Mawile|atk|1
|turn|7
|
|t:|1782435109
|switch|p2b: Farigiraf|Farigiraf, L50, M|100/100
|move|p2a: Milotic|Protect|p2a: Milotic
|-singleturn|p2a: Milotic|Protect
|move|p1b: Incineroar|Fake Out||[still]
|cant|p2b: Farigiraf|ability: Armor Tail|Fake Out|[of] p1b: Incineroar
|move|p1a: Malamar|Superpower|p2b: Farigiraf
|-damage|p2b: Farigiraf|25/100
|-boost|p1a: Malamar|atk|1
|-boost|p1a: Malamar|def|1
|-enditem|p2b: Farigiraf|Sitrus Berry|[eat]
|-heal|p2b: Farigiraf|50/100g|[from] item: Sitrus Berry
|
|-heal|p2a: Milotic|82/100|[from] item: Leftovers
|upkeep
|turn|8
|inactive|majormars has 30 seconds left.
|inactive|FR45 has 30 seconds left.
|
|t:|1782435135
|move|p1a: Malamar|Dark Pulse|p2b: Farigiraf
|-supereffective|p2b: Farigiraf|1
|-damage|p2b: Farigiraf|0 fnt
|faint|p2b: Farigiraf
|move|p2a: Milotic|Scald|p1b: Incineroar
|-supereffective|p1b: Incineroar|1
|-damage|p1b: Incineroar|0 fnt
|faint|p1b: Incineroar
|
|-heal|p2a: Milotic|88/100|[from] item: Leftovers
|upkeep
|
|t:|1782435145
|switch|p2b: Mawile|Mawile-Mega, L50, M, shiny|22/100
|turn|9
|
|t:|1782435165
|move|p2b: Mawile|Sucker Punch|p1a: Malamar
|-damage|p1a: Malamar|47/100
|move|p1a: Malamar|Superpower|p2b: Mawile
|-damage|p2b: Mawile|0 fnt
|-boost|p1a: Malamar|atk|1
|-boost|p1a: Malamar|def|1
|faint|p2b: Mawile
|move|p2a: Milotic|Scald|p1a: Malamar
|-damage|p1a: Malamar|26/100
|-status|p1a: Malamar|brn
|
|-heal|p2a: Milotic|94/100|[from] item: Leftovers
|-damage|p1a: Malamar|20/100y brn|[from] brn
|upkeep
|turn|10
|
|t:|1782435179
|move|p2a: Milotic|Protect|p2a: Milotic
|-singleturn|p2a: Milotic|Protect
|move|p1a: Malamar|Stored Power|p2a: Milotic
|-activate|p2a: Milotic|move: Protect
|
|-heal|p2a: Milotic|100/100|[from] item: Leftovers
|-damage|p1a: Malamar|14/100 brn|[from] brn
|upkeep
|turn|11
|
|t:|1782435189
|move|p1a: Malamar|Stored Power|p2a: Milotic
|-damage|p2a: Milotic|66/100
|move|p2a: Milotic|Scald|p1a: Malamar
|-damage|p1a: Malamar|0 fnt
|faint|p1a: Malamar
|
|win|FR45
