|j|☆lanagram
|j|☆KarinaOnTsCoh
|html|lanagramKarinaOnTsCoh    
|uhtml|bestof|Game 2 of a best-of-3
|t:|1785112653
|gametype|doubles
|player|p1|lanagram|266|1149
|player|p2|KarinaOnTsCoh|iris-gen5bw2|1247
|gen|9
|tier|[Gen 9 Champions] VGC 2026 Reg M-B (Bo3)
|rated|
|rule|Species Clause: Limit one of each Pokémon
|rule|Item Clause: Limit 1 of each item
|clearpoke
|poke|p1|Gengar, L50, M|
|poke|p1|Incineroar, L50, M|
|poke|p1|Kommo-o, L50, M|
|poke|p1|Ninetales-Alola, L50, F|
|poke|p1|Whimsicott, L50, F|
|poke|p1|Staraptor, L50, F|
|poke|p2|Froslass, L50, F|
|poke|p2|Scovillain, L50, M|
|poke|p2|Basculegion, L50, M|
|poke|p2|Kingambit, L50, F|
|poke|p2|Sneasler, L50, F|
|poke|p2|Lycanroc-Dusk, L50, M|
|teampreview|4
|showteam|p1|Gengar||Gengarite|CursedBody|ShadowBall,Disable,PerishSong,Protect|Timid||M|||50|]Incineroar||PasshoBerry|Intimidate|FakeOut,ThroatChop,Taunt,PartingShot|Jolly||M|||50|]Kommo-o||LifeOrb|Soundproof|ClangingScales,AuraSphere,ClangorousSoul,Protect|Timid||M|||50|]Ninetales-Alola||NeverMeltIce|SnowWarning|Blizzard,Disable,Encore,Protect|Timid||F|||50|]Whimsicott||FocusSash|Prankster|Tailwind,FakeTears,Memento,Moonblast|Timid||F|||50|]Staraptor||Staraptite|Intimidate|CloseCombat,DualWingbeat,Tailwind,Roost|Jolly||F|||50|
|showteam|p2|Froslass||Froslassite|SnowCloak|Blizzard,ShadowBall,AuroraVeil,Protect|Timid||F|||50|]Scovillain||Scovillainite|Moody|Overheat,SuperFang,RagePowder,Protect|Bold||M|||50|]Basculegion||SitrusBerry|Adaptability|WaveCrash,LastRespects,AquaJet,Protect|Adamant||M|||50|]Kingambit||LifeOrb|Defiant|KowtowCleave,SuckerPunch,SwordsDance,Protect|Adamant||F|||50|]Sneasler||WhiteHerb|Unburden|CloseCombat,GunkShot,FakeOut,Protect|Adamant||F|||50|]Lycanroc-Dusk||FocusSash|ToughClaws|RockSlide,CloseCombat,Accelerock,Protect|Adamant||M|||50|
|
|t:|1785112712
|teamsize|p1|4
|teamsize|p2|4
|start
|switch|p1a: Whimsicott|Whimsicott, L50, F|100/100
|switch|p1b: Gengar|Gengar, L50, M|100/100
|switch|p2a: Sneasler|Sneasler, L50, F|100/100
|switch|p2b: Froslass|Froslass, L50, F|100/100
|turn|1
|
|t:|1785112752
|detailschange|p1b: Gengar|Gengar-Mega, L50, M
|-mega|p1b: Gengar|Gengar|Gengarite
|detailschange|p2b: Froslass|Froslass-Mega, L50, F
|-mega|p2b: Froslass|Froslass|Froslassite
|-weather|Snowscape|[from] ability: Snow Warning|[of] p2b: Froslass
|move|p2a: Sneasler|Fake Out|p1a: Whimsicott
|-damage|p1a: Whimsicott|76/100
|cant|p1a: Whimsicott|flinch
|move|p1b: Gengar|Perish Song|p1b: Gengar
|-start|p1a: Whimsicott|perish3|[silent]
|-start|p1b: Gengar|perish3|[silent]
|-start|p2a: Sneasler|perish3|[silent]
|-start|p2b: Froslass|perish3|[silent]
|-fieldactivate|move: Perish Song
|move|p2b: Froslass|Shadow Ball|p1b: Gengar
|-supereffective|p1b: Gengar|1
|-damage|p1b: Gengar|5/100
|
|-weather|Snowscape|[upkeep]
|-start|p1b: Gengar|perish3
|-start|p1a: Whimsicott|perish3
|-start|p2b: Froslass|perish3
|-start|p2a: Sneasler|perish3
|upkeep
|turn|2
|
|t:|1785112770
|switch|p1b: Ninetales|Ninetales-Alola, L50, F|100/100
|switch|p2b: Kingambit|Kingambit, L50, F|100/100
|move|p1a: Whimsicott|Memento|p2b: Kingambit
|-hint|Since gen 7, Dark is immune to Prankster moves.
|-immune|p2b: Kingambit
|move|p2a: Sneasler|Gunk Shot|p1a: Whimsicott|[miss]
|-miss|p2a: Sneasler|p1a: Whimsicott
|
|-weather|Snowscape|[upkeep]
|-start|p1a: Whimsicott|perish2
|-start|p2a: Sneasler|perish2
|upkeep
|turn|3
|
|t:|1785112796
|switch|p1a: Kommo-o|Kommo-o, L50, M|100/100
|switch|p2a: Basculegion|Basculegion, L50, M|100/100
|move|p1b: Ninetales|Blizzard|p2a: Basculegion|[spread] p2a,p2b
|-resisted|p2a: Basculegion|1
|-resisted|p2b: Kingambit|1
|-damage|p2a: Basculegion|79/100
|-damage|p2b: Kingambit|81/100
|move|p2b: Kingambit|Kowtow Cleave|p1b: Ninetales
|-resisted|p1b: Ninetales|1
|-damage|p1b: Ninetales|66/100
|-damage|p2b: Kingambit|71/100|[from] item: Life Orb
|
|-weather|Snowscape|[upkeep]
|upkeep
|turn|4
|
|t:|1785112821
|switch|p2b: Sneasler|Sneasler, L50, F|100/100
|move|p1b: Ninetales|Disable||[still]
|-fail|p1b: Ninetales
|move|p1a: Kommo-o|Clangorous Soul|p1a: Kommo-o
|-boost|p1a: Kommo-o|atk|1
|-boost|p1a: Kommo-o|def|1
|-boost|p1a: Kommo-o|spa|1
|-boost|p1a: Kommo-o|spd|1
|-boost|p1a: Kommo-o|spe|1
|-damage|p1a: Kommo-o|67/100
|move|p2a: Basculegion|Wave Crash|p1b: Ninetales
|-damage|p1b: Ninetales|0 fnt
|faint|p1b: Ninetales
|-damage|p2a: Basculegion|62/100|[from] Recoil
|
|-weather|Snowscape|[upkeep]
|upkeep
|
|t:|1785112840
|switch|p1b: Gengar|Gengar-Mega, L50, M|5/100
|turn|5
|
|t:|1785112852
|move|p2b: Sneasler|Fake Out|p1a: Kommo-o
|-damage|p1a: Kommo-o|57/100
|move|p2a: Basculegion|Aqua Jet|p1b: Gengar
|-damage|p1b: Gengar|0 fnt
|faint|p1b: Gengar
|cant|p1a: Kommo-o|flinch
|
|-weather|none
|upkeep
|
|t:|1785112855
|switch|p1b: Whimsicott|Whimsicott, L50, F|76/100
|turn|6
|
|t:|1785112908
|switch|p2b: Kingambit|Kingambit, L50, F|71/100
|move|p1a: Kommo-o|Clanging Scales|p2b: Kingambit|[spread] p2a,p2b
|-resisted|p2b: Kingambit|1
|-damage|p2a: Basculegion|0 fnt
|-damage|p2b: Kingambit|42/100
|faint|p2a: Basculegion
|-unboost|p1a: Kommo-o|def|1
|-damage|p1a: Kommo-o|48/100|[from] item: Life Orb
|move|p1b: Whimsicott|Moonblast|p2b: Kingambit
|-damage|p2b: Kingambit|9/100
|
|upkeep
|
|t:|1785112921
|switch|p2a: Froslass|Froslass-Mega, L50, F|100/100
|-weather|Snowscape|[from] ability: Snow Warning|[of] p2a: Froslass
|turn|7
|
|t:|1785112930
|move|p2a: Froslass|Protect|p2a: Froslass
|-singleturn|p2a: Froslass|Protect
|move|p1b: Whimsicott|Fake Tears|p2a: Froslass
|-activate|p2a: Froslass|move: Protect
|move|p2b: Kingambit|Sucker Punch|p1a: Kommo-o
|-resisted|p1a: Kommo-o|1
|-damage|p1a: Kommo-o|26/100
|-damage|p2b: Kingambit|0 fnt|[from] item: Life Orb
|faint|p2b: Kingambit
|move|p1a: Kommo-o|Clanging Scales|p2a: Froslass
|-activate|p2a: Froslass|move: Protect
|
|-weather|Snowscape|[upkeep]
|upkeep
|
|t:|1785112937
|switch|p2b: Sneasler|Sneasler, L50, F|100/100
|turn|8
|
|t:|1785112958
|move|p1a: Kommo-o|Protect|p1a: Kommo-o
|-singleturn|p1a: Kommo-o|Protect
|move|p2b: Sneasler|Fake Out|p1b: Whimsicott
|-damage|p1b: Whimsicott|56/100
|cant|p1b: Whimsicott|flinch
|move|p2a: Froslass|Aurora Veil|p2a: Froslass
|-sidestart|p2: KarinaOnTsCoh|move: Aurora Veil
|
|-weather|Snowscape|[upkeep]
|upkeep
|turn|9
|
|t:|1785112980
|move|p2a: Froslass|Protect|p2a: Froslass
|-singleturn|p2a: Froslass|Protect
|move|p1b: Whimsicott|Fake Tears|p2a: Froslass
|-activate|p2a: Froslass|move: Protect
|move|p1a: Kommo-o|Clangorous Soul||[still]
|-fail|p1a: Kommo-o
|move|p2b: Sneasler|Close Combat|p1a: Kommo-o
|-damage|p1a: Kommo-o|0 fnt
|-unboost|p2b: Sneasler|def|1
|-unboost|p2b: Sneasler|spd|1
|faint|p1a: Kommo-o
|-enditem|p2b: Sneasler|White Herb
|-clearnegativeboost|p2b: Sneasler|[silent]
|
|-weather|Snowscape|[upkeep]
|upkeep
|turn|10
|-message|lanagram forfeited.
|raw|lanagram's rating: 1149 → 1131(-18 for losing)
|raw|KarinaOnTsCoh's rating: 1247 → 1265(+18 for winning)
|
|win|KarinaOnTsCoh
|l|☆lanagram
|player|p1|
