|j|☆25th_mang
|j|☆NeonIsNuts
|html|25th_mangNeonIsNuts    
|uhtml|bestof|Game 2 of a best-of-3
|t:|1782453566
|gametype|doubles
|player|p1|25th_mang|ballguy|1182
|player|p2|NeonIsNuts|265|1149
|gen|9
|tier|[Gen 9 Champions] VGC 2026 Reg M-B (Bo3)
|rated|
|rule|Species Clause: Limit one of each Pokémon
|rule|Item Clause: Limit 1 of each item
|clearpoke
|poke|p1|Crabominable, L50, M|
|poke|p1|Farigiraf, L50, M|
|poke|p1|Incineroar, L50, M|
|poke|p1|Archaludon, L50, F|
|poke|p1|Pelipper, L50, F|
|poke|p1|Sinistcha, L50|
|poke|p2|Eelektross, L50, F|
|poke|p2|Garchomp, L50, F|
|poke|p2|Tinkaton, L50, F|
|poke|p2|Chandelure, L50, M|
|poke|p2|Ninetales-Alola, L50, M|
|poke|p2|Whimsicott, L50, F|
|teampreview|4
|showteam|p1|Crabominable||Crabominite|HyperCutter|IceHammer,DrainPunch,Protect,ThunderPunch|Brave||M|||50|]Farigiraf||MentalHerb|ArmorTail|TrickRoom,Psychic,HyperVoice,HelpingHand|Relaxed||M|||50|]Incineroar||Charcoal|Intimidate|FakeOut,FlareBlitz,Assurance,Snarl|Adamant||M|||50|]Archaludon||Leftovers|Stamina|ElectroShot,AuraSphere,FlashCannon,Protect|Quiet||F|||50|]Pelipper||SharpBeak|Drizzle|Hurricane,WeatherBall,WideGuard,Protect|Modest||F|||50|]Sinistcha||SitrusBerry|Hospitality|MatchaGotcha,RagePowder,LifeDew,TrickRoom|Relaxed|||||50|
|showteam|p2|Eelektross||Eelektrossite|Levitate|Discharge,GigaDrain,Flamethrower,Protect|Timid||F|||50|]Garchomp||WhiteHerb|RoughSkin|Protect,RockSlide,DragonClaw,StompingTantrum|Jolly||F|||50|]Tinkaton||MetalCoat|MoldBreaker|FakeOut,GigatonHammer,Encore,WoodHammer|Careful||F|||50|]Chandelure||Chandelurite|FlashFire|CalmMind,EnergyBall,ShadowBall,HeatWave|Timid||M|||50|]Ninetales-Alola||LightClay|SnowWarning|AuroraVeil,Moonblast,Blizzard,FreezeDry|Timid||M|||50|]Whimsicott||FocusSash|Prankster|Tailwind,Encore,Moonblast,SunnyDay|Timid||F|||50|
|inactive|Battle timer is ON: inactive players will automatically lose when time's up. (requested by 25th_mang)
|inactive|25th_mang has 60 seconds left.
|
|t:|1782453601
|teamsize|p1|4
|teamsize|p2|4
|start
|switch|p1a: My1stRoar|Incineroar, L50, M|100/100
|switch|p1b: My Direction|Sinistcha, L50|100/100
|switch|p2a: Chandelure|Chandelure, L50, M|100/100
|switch|p2b: Garchomp|Garchomp, L50, F|100/100
|-ability|p1a: My1stRoar|Intimidate|boost
|-unboost|p2a: Chandelure|atk|1
|-unboost|p2b: Garchomp|atk|1
|-enditem|p2b: Garchomp|White Herb
|-clearnegativeboost|p2b: Garchomp|[silent]
|turn|1
|inactive|25th_mang has 30 seconds left.
|
|t:|1782453631
|switch|p1a: Stup!b|Pelipper, L50, F|100/100
|-weather|RainDance|[from] ability: Drizzle|[of] p1a: Stup!b
|detailschange|p2a: Chandelure|Chandelure-Mega, L50, M
|-mega|p2a: Chandelure|Chandelure|Chandelurite
|move|p2b: Garchomp|Rock Slide|p1a: Stup!b|[spread] p1a,p1b
|-supereffective|p1a: Stup!b|1
|-damage|p1a: Stup!b|56/100
|-damage|p1b: My Direction|84/100
|move|p2a: Chandelure|Heat Wave|p1a: Stup!b|[spread] p1a,p1b
|-resisted|p1a: Stup!b|1
|-supereffective|p1b: My Direction|1
|-damage|p1a: Stup!b|40/100
|-damage|p1b: My Direction|32/100
|-status|p1a: Stup!b|brn
|-enditem|p1b: My Direction|Sitrus Berry|[eat]
|-heal|p1b: My Direction|57/100|[from] item: Sitrus Berry
|move|p1b: My Direction|Trick Room|p1b: My Direction
|-fieldstart|move: Trick Room|[of] p1b: My Direction
|
|-weather|RainDance|[upkeep]
|-damage|p1a: Stup!b|34/100 brn|[from] brn
|upkeep
|turn|2
|inactive|25th_mang has 30 seconds left.
|inactive|NeonIsNuts has 30 seconds left.
|inactive|25th_mang has 20 seconds left.
|
|t:|1782453667
|switch|p1b: My1stRoar|Incineroar, L50, M|100/100
|-ability|p1b: My1stRoar|Intimidate|boost
|-unboost|p2a: Chandelure|atk|1
|-unboost|p2b: Garchomp|atk|1
|move|p2b: Garchomp|Protect|p2b: Garchomp
|-singleturn|p2b: Garchomp|Protect
|move|p1a: Stup!b|Wide Guard|p1a: Stup!b
|-singleturn|p1a: Stup!b|Wide Guard
|move|p2a: Chandelure|Shadow Ball|p1a: Stup!b
|-damage|p1a: Stup!b|0 fnt
|faint|p1a: Stup!b
|
|-weather|RainDance|[upkeep]
|upkeep
|
|t:|1782453678
|switch|p1a: Hockey Rivalry|Crabominable, L50, M|100/100
|turn|3
|
|t:|1782453698
|switch|p2b: Ninetales|Ninetales-Alola, L50, M|100/100
|-weather|Snowscape|[from] ability: Snow Warning|[of] p2b: Ninetales
|detailschange|p1a: Hockey Rivalry|Crabominable-Mega, L50, M
|-mega|p1a: Hockey Rivalry|Crabominable|Crabominite
|move|p1a: Hockey Rivalry|Thunder Punch|p2a: Chandelure
|-damage|p2a: Chandelure|55/100
|move|p1b: My1stRoar|Assurance|p2a: Chandelure
|-supereffective|p2a: Chandelure|1
|-damage|p2a: Chandelure|0 fnt
|faint|p2a: Chandelure
|
|-weather|Snowscape|[upkeep]
|upkeep
|
|t:|1782453712
|switch|p2a: Tinkaton|Tinkaton, L50, F|100/100
|-ability|p2a: Tinkaton|Mold Breaker
|turn|4
|
|t:|1782453735
|move|p1a: Hockey Rivalry|Protect|p1a: Hockey Rivalry
|-singleturn|p1a: Hockey Rivalry|Protect
|move|p2a: Tinkaton|Fake Out|p1b: My1stRoar
|-damage|p1b: My1stRoar|91/100
|cant|p1b: My1stRoar|flinch
|move|p2b: Ninetales|Aurora Veil|p2b: Ninetales
|-sidestart|p2: NeonIsNuts|move: Aurora Veil
|
|-weather|Snowscape|[upkeep]
|upkeep
|turn|5
|
|t:|1782453758
|move|p1a: Hockey Rivalry|Ice Hammer|p2b: Ninetales
|-resisted|p2b: Ninetales|1
|-damage|p2b: Ninetales|71/100
|-unboost|p1a: Hockey Rivalry|spe|1
|move|p1b: My1stRoar|Flare Blitz|p2a: Tinkaton
|-supereffective|p2a: Tinkaton|1
|-damage|p2a: Tinkaton|0 fnt
|faint|p2a: Tinkaton
|-damage|p1b: My1stRoar|57/100|[from] Recoil
|move|p2b: Ninetales|Blizzard|p1b: My1stRoar|[spread] p1a,p1b
|-resisted|p1a: Hockey Rivalry|1
|-resisted|p1b: My1stRoar|1
|-crit|p1b: My1stRoar
|-damage|p1a: Hockey Rivalry|86/100
|-damage|p1b: My1stRoar|35/100
|
|-weather|Snowscape|[upkeep]
|-fieldend|move: Trick Room
|upkeep
|
|t:|1782453769
|switch|p2a: Garchomp|Garchomp, L50, F|100/100
|turn|6
|inactive|25th_mang has 30 seconds left.
|
|t:|1782453800
|switch|p1b: My Direction|Sinistcha, L50|57/100
|-heal|p1a: Hockey Rivalry|100/100|[from] ability: Hospitality|[of] p1b: My Direction
|move|p2b: Ninetales|Moonblast|p1a: Hockey Rivalry
|-supereffective|p1a: Hockey Rivalry|1
|-damage|p1a: Hockey Rivalry|36/100
|move|p2a: Garchomp|Rock Slide|p1a: Hockey Rivalry|[spread] p1a,p1b
|-damage|p1a: Hockey Rivalry|26/100
|-damage|p1b: My Direction|40/100
|move|p1a: Hockey Rivalry|Ice Hammer|p2a: Garchomp
|-supereffective|p2a: Garchomp|2
|-damage|p2a: Garchomp|0 fnt
|-unboost|p1a: Hockey Rivalry|spe|1
|-damage|p1a: Hockey Rivalry|14/100|[from] ability: Rough Skin|[of] p2a: Garchomp
|faint|p2a: Garchomp
|
|-weather|Snowscape|[upkeep]
|upkeep
|turn|7
|inactive|25th_mang has 30 seconds left.
|inactive|NeonIsNuts has 30 seconds left.
|
|t:|1782453832
|move|p1a: Hockey Rivalry|Protect|p1a: Hockey Rivalry
|-singleturn|p1a: Hockey Rivalry|Protect
|move|p2b: Ninetales|Blizzard|p1a: Hockey Rivalry|[spread] p1b
|-activate|p1a: Hockey Rivalry|move: Protect
|-supereffective|p1b: My Direction|1
|-damage|p1b: My Direction|0 fnt
|faint|p1b: My Direction
|
|-weather|none
|upkeep
|
|t:|1782453839
|switch|p1b: My1stRoar|Incineroar, L50, M|35/100
|-ability|p1b: My1stRoar|Intimidate|boost
|-unboost|p2b: Ninetales|atk|1
|turn|8
|
|t:|1782453848
|move|p1b: My1stRoar|Fake Out|p2b: Ninetales
|-damage|p2b: Ninetales|57/100
|cant|p2b: Ninetales|flinch
|move|p1a: Hockey Rivalry|Drain Punch|p2b: Ninetales
|-damage|p2b: Ninetales|0 fnt
|-heal|p1a: Hockey Rivalry|35/100|[from] drain|[of] p2b: Ninetales
|faint|p2b: Ninetales
|
|win|25th_mang
||NeonIsNuts is ready for game 3.
||25th_mang is ready for game 3.
|uhtml|next|Next: Game 3 of 3
|l|☆NeonIsNuts
|player|p2|
|l|☆25th_mang
|player|p1|
|j|☆25th_mang
|player|p1|25th_mang|ballguy|
