|j|☆UndeadParadox
|j|☆R0gueVGC
|html|UndeadParadoxR0gueVGC    
|uhtml|bestof|Game 2 of a best-of-3
|t:|1756877402
|gametype|doubles
|player|p1|UndeadParadox|guitarist|1377
|player|p2|R0gueVGC|ingo|1370
|gen|9
|tier|[Gen 9] VGC 2025 Reg H (Bo3)
|rated|
|rule|Species Clause: Limit one of each Pokémon
|rule|Item Clause: Limit 1 of each item
|clearpoke
|poke|p1|Sneasler, L50, F|
|poke|p1|Rillaboom, L50, M|
|poke|p1|Incineroar, L50, F|
|poke|p1|Gholdengo, L50|
|poke|p1|Hydreigon, L50, M|
|poke|p1|Gengar, L50, M|
|poke|p2|Baxcalibur, L50, F|
|poke|p2|Sneasler, L50, M|
|poke|p2|Ursaluna, L50, F|
|poke|p2|Volcarona, L50, M|
|poke|p2|Rillaboom, L50, M|
|poke|p2|Primarina, L50, F|
|teampreview|4
|showteam|p1|Sneasler||GrassySeed|Unburden|CloseCombat,DireClaw,Acrobatics,Protect|||F|||50|,,,,,Flying]Rillaboom||AssaultVest|GrassySurge|WoodHammer,GrassyGlide,FakeOut,HighHorsepower|||M|||50|,,,,,Fire]Incineroar||SafetyGoggles|Intimidate|FlareBlitz,KnockOff,PartingShot,FakeOut|||F|||50|,,,,,Ghost]Gholdengo||MetalCoat|GoodasGold|Protect,MakeItRain,ShadowBall,NastyPlot||||||50|,,,,,Water]Hydreigon||LifeOrb|Levitate|Flamethrower,DracoMeteor,DarkPulse,Protect|||M|||50|,,,,,Fire]Gengar||FocusSash|CursedBody|ShadowBall,Haze,Taunt,IcyWind|||M|||50|,,,,,Ghost
|showteam|p2|Baxcalibur||LoadedDice|ThermalExchange|Protect,SwordsDance,IcicleSpear,ScaleShot|||F|||50|,,,,,Fairy]Sneasler||FocusSash|Unburden|Protect,Coaching,DireClaw,CloseCombat|||M|||50|,,,,,Stellar]Ursaluna||FlameOrb|Guts|Protect,Facade,HeadlongRush,Earthquake|||F|||50|,,,,,Ghost]Volcarona||CovertCloak|FlameBody|Tailwind,RagePowder,HeatWave,StruggleBug|||M|||50|,,,,,Dragon]Rillaboom||AssaultVest|GrassySurge|FakeOut,GrassyGlide,WoodHammer,HighHorsepower|||M|||50|,,,,,Fire]Primarina||MysticWater|LiquidVoice|Protect,Haze,Moonblast,HyperVoice|||F|||50|,,,,,Water
|inactive|Battle timer is ON: inactive players will automatically lose when time's up. (requested by R0gueVGC)
|inactive|R0gueVGC has 60 seconds left.
|
|t:|1756877444
|teamsize|p1|4
|teamsize|p2|4
|start
|switch|p1a: Sneasler|Sneasler, L50, F, shiny|100/100
|switch|p1b: Rillaboom|Rillaboom, L50, M|100/100
|switch|p2a: Baxcalibur|Baxcalibur, L50, F|100/100
|switch|p2b: Volcarona|Volcarona, L50, M|100/100
|-fieldstart|move: Grassy Terrain|[from] ability: Grassy Surge|[of] p1b: Rillaboom
|-enditem|p1a: Sneasler|Grassy Seed
|-boost|p1a: Sneasler|def|1|[from] item: Grassy Seed
|turn|1
|
|t:|1756877472
|move|p1b: Rillaboom|Fake Out|p2a: Baxcalibur
|-damage|p2a: Baxcalibur|87/100
|move|p1a: Sneasler|Close Combat|p2a: Baxcalibur
|-supereffective|p2a: Baxcalibur
|-crit|p2a: Baxcalibur
|-damage|p2a: Baxcalibur|0 fnt
|-unboost|p1a: Sneasler|def|1
|-unboost|p1a: Sneasler|spd|1
|faint|p2a: Baxcalibur
|move|p2b: Volcarona|Heat Wave|p1a: Sneasler|[spread] p1b
|-miss|p2b: Volcarona|p1a: Sneasler
|-supereffective|p1b: Rillaboom
|-damage|p1b: Rillaboom|52/100
|
|-heal|p1b: Rillaboom|58/100|[from] Grassy Terrain
|upkeep
|
|t:|1756877485
|switch|p2a: Rillaboom|Rillaboom, L50, M|100/100
|turn|2
|
|t:|1756877492
|switch|p1b: Incineroar|Incineroar, L50, F, shiny|100/100
|-ability|p1b: Incineroar|Intimidate|boost
|-unboost|p2a: Rillaboom|atk|1
|-unboost|p2b: Volcarona|atk|1
|-terastallize|p2a: Rillaboom|Fire
|move|p1a: Sneasler|Protect|p1a: Sneasler
|-singleturn|p1a: Sneasler|Protect
|move|p2b: Volcarona|Heat Wave|p1b: Incineroar|[spread] 
|-activate|p1a: Sneasler|move: Protect
|-miss|p2b: Volcarona|p1b: Incineroar
|move|p2a: Rillaboom|High Horsepower|p1a: Sneasler
|-activate|p1a: Sneasler|move: Protect
|
|upkeep
|turn|3
|
|t:|1756877513
|move|p1b: Incineroar|Fake Out|p2a: Rillaboom
|-damage|p2a: Rillaboom|86/100
|move|p1a: Sneasler|Acrobatics|p2b: Volcarona
|-supereffective|p2b: Volcarona
|-damage|p2b: Volcarona|17/100
|move|p2b: Volcarona|Heat Wave|p1b: Incineroar|[spread] p1a,p1b
|-resisted|p1b: Incineroar
|-damage|p1a: Sneasler|39/100
|-damage|p1b: Incineroar|85/100
|cant|p2a: Rillaboom|flinch
|
|-heal|p1a: Sneasler|45/100|[from] Grassy Terrain
|-heal|p2b: Volcarona|23/100|[from] Grassy Terrain
|-heal|p2a: Rillaboom|93/100|[from] Grassy Terrain
|-heal|p1b: Incineroar|91/100|[from] Grassy Terrain
|upkeep
|turn|4
|
|t:|1756877533
|switch|p2b: Sneasler|Sneasler, L50, M|100/100
|move|p1a: Sneasler|Protect|p1a: Sneasler
|-singleturn|p1a: Sneasler|Protect
|move|p2a: Rillaboom|Wood Hammer|p1a: Sneasler
|-activate|p1a: Sneasler|move: Protect
|move|p1b: Incineroar|Knock Off|p2a: Rillaboom
|-damage|p2a: Rillaboom|48/100
|-enditem|p2a: Rillaboom|Assault Vest|[from] move: Knock Off|[of] p1b: Incineroar
|
|-heal|p1a: Sneasler|50/100|[from] Grassy Terrain
|-heal|p2a: Rillaboom|55/100|[from] Grassy Terrain
|-heal|p1b: Incineroar|97/100|[from] Grassy Terrain
|upkeep
|turn|5
|inactive|UndeadParadox has 30 seconds left.
|inactive|UndeadParadox has 20 seconds left.
|inactive|UndeadParadox has 15 seconds left.
|
|t:|1756877577
|move|p1a: Sneasler|Acrobatics|p2a: Rillaboom
|-crit|p2a: Rillaboom
|-damage|p2a: Rillaboom|0 fnt
|faint|p2a: Rillaboom
|move|p2b: Sneasler|Close Combat|p1b: Incineroar
|-supereffective|p1b: Incineroar
|-damage|p1b: Incineroar|0 fnt
|-unboost|p2b: Sneasler|def|1
|-unboost|p2b: Sneasler|spd|1
|faint|p1b: Incineroar
|
|-heal|p1a: Sneasler|56/100|[from] Grassy Terrain
|-fieldend|move: Grassy Terrain
|upkeep
|
|t:|1756877585
|switch|p2a: Volcarona|Volcarona, L50, M|23/100
|switch|p1b: Rillaboom|Rillaboom, L50, M|58/100
|-fieldstart|move: Grassy Terrain|[from] ability: Grassy Surge|[of] p1b: Rillaboom
|turn|6
|
|t:|1756877598
|move|p1b: Rillaboom|Fake Out|p2b: Sneasler
|-damage|p2b: Sneasler|66/100
|move|p1a: Sneasler|Acrobatics|p2a: Volcarona
|-supereffective|p2a: Volcarona
|-crit|p2a: Volcarona
|-damage|p2a: Volcarona|0 fnt
|faint|p2a: Volcarona
|cant|p2b: Sneasler|flinch
|
|-heal|p1a: Sneasler|62/100|[from] Grassy Terrain
|-heal|p2b: Sneasler|71/100|[from] Grassy Terrain
|-heal|p1b: Rillaboom|64/100|[from] Grassy Terrain
|upkeep
|turn|7
|
|t:|1756877613
|move|p1b: Rillaboom|Grassy Glide|p2b: Sneasler
|-resisted|p2b: Sneasler
|-damage|p2b: Sneasler|25/100
|move|p1a: Sneasler|Acrobatics|p2b: Sneasler
|-supereffective|p2b: Sneasler
|-damage|p2b: Sneasler|0 fnt
|faint|p2b: Sneasler
|
|win|UndeadParadox
||UndeadParadox is ready for game 3.
||R0gueVGC is ready for game 3.
|uhtml|next|Next: Game 3 of 3
