|j|☆SirNeru
|j|‽sudoz
|html|SirNerusudoz    
|uhtml|bestof|Game 2 of a best-of-3
|t:|1756212757
|gametype|doubles
|player|p1|SirNeru|169|1119
|player|p2|sudoz|169|1161
|gen|9
|tier|[Gen 9] VGC 2025 Reg H (Bo3)
|rated|
|rule|Species Clause: Limit one of each Pokémon
|rule|Item Clause: Limit 1 of each item
|clearpoke
|poke|p1|Gholdengo, L50|
|poke|p1|Primarina, L50, F|
|poke|p1|Tyranitar, L50, M|
|poke|p1|Electabuzz, L50, M|
|poke|p1|Excadrill, L50, M|
|poke|p1|Tauros-Paldea-Blaze, L50, M|
|poke|p2|Volcarona, L50, F|
|poke|p2|Incineroar, L50, F|
|poke|p2|Sneasler, L50, M|
|poke|p2|Rillaboom, L50, F|
|poke|p2|Gholdengo, L50|
|poke|p2|Gastrodon, L50, F|
|teampreview|4
|showteam|p1|Gholdengo||LifeOrb|GoodasGold|MakeItRain,NastyPlot,Protect,ShadowBall||||||50|,,,,,Dragon]Primarina||ThroatSpray|LiquidVoice|Moonblast,HyperVoice,Protect,IceBeam|||F|||50|,,,,,Poison]Tyranitar||AssaultVest|SandStream|RockSlide,IcyWind,KnockOff,TeraBlast|||M|||50|,,,,,Flying]Electabuzz||Eviolite|VitalSpirit|FollowMe,Electroweb,Taunt,Protect|||M|||50|,,,,,Ghost]Excadrill||FocusSash|SandRush|Earthquake,SwordsDance,IronHead,Protect|||M|||50|,,,,,Stellar]Tauros-Paldea-Blaze||MirrorHerb|Intimidate|CloseCombat,RagingBull,WillOWisp,Protect|||M|||50|,,,,,Fighting
|showteam|p2|Volcarona||CovertCloak|FlameBody|Protect,HeatWave,TeraBlast,QuiverDance|||F|||50|,,,,,Fairy]Incineroar||SafetyGoggles|Intimidate|FakeOut,KnockOff,FlareBlitz,PartingShot|||F|||50|,,,,,Ghost]Sneasler||FocusSash|PoisonTouch|Protect,FakeOut,CloseCombat,DireClaw|||M|||50|,,,,,Stellar]Rillaboom||AssaultVest|GrassySurge|FakeOut,WoodHammer,GrassyGlide,Uturn|||F|||50|,,,,,Fire]Gholdengo||ChoiceSpecs|GoodasGold|MakeItRain,ShadowBall,PowerGem,Trick||||||50|,,,,,Steel]Gastrodon||Leftovers|StormDrain|Protect,EarthPower,IceBeam,ClearSmog|||F|||50|,,,,,Poison
|inactive|Battle timer is ON: inactive players will automatically lose when time's up. (requested by SirNeru)
|
|t:|1756212810
|teamsize|p1|4
|teamsize|p2|4
|start
|switch|p1a: Gholdengo|Gholdengo, L50|100/100
|switch|p1b: Electabuzz|Electabuzz, L50, M, shiny|100/100
|switch|p2a: Incineroar|Incineroar, L50, F|100/100
|switch|p2b: Gastrodon|Gastrodon, L50, F|100/100
|-ability|p2a: Incineroar|Intimidate|boost
|-unboost|p1a: Gholdengo|atk|1
|-unboost|p1b: Electabuzz|atk|1
|turn|1
|
|t:|1756212817
|move|p1b: Electabuzz|Follow Me|p1b: Electabuzz
|-singleturn|p1b: Electabuzz|move: Follow Me
|move|p1a: Gholdengo|Nasty Plot|p1a: Gholdengo
|-boost|p1a: Gholdengo|spa|2
|move|p2a: Incineroar|Knock Off|p1b: Electabuzz
|-damage|p1b: Electabuzz|66/100
|-enditem|p1b: Electabuzz|Eviolite|[from] move: Knock Off|[of] p2a: Incineroar
|move|p2b: Gastrodon|Earth Power|p1b: Electabuzz
|-supereffective|p1b: Electabuzz
|-damage|p1b: Electabuzz|0 fnt
|faint|p1b: Electabuzz
|
|upkeep
|
|t:|1756212825
|switch|p1b: Tauros|Tauros-Paldea-Blaze, L50, M|100/100
|-ability|p1b: Tauros|Intimidate|boost
|-unboost|p2a: Incineroar|atk|1
|-unboost|p2b: Gastrodon|atk|1
|turn|2
|inactive|sudoz has 30 seconds left.
|
|t:|1756212853
|switch|p2a: Sneasler|Sneasler, L50, M|100/100
|move|p2b: Gastrodon|Protect|p2b: Gastrodon
|-singleturn|p2b: Gastrodon|Protect
|move|p1b: Tauros|Close Combat|p2a: Sneasler
|-resisted|p2a: Sneasler
|-damage|p2a: Sneasler|55/100
|-unboost|p1b: Tauros|def|1
|-unboost|p1b: Tauros|spd|1
|move|p1a: Gholdengo|Make It Rain|p2a: Sneasler|[spread] p2a
|-activate|p2b: Gastrodon|move: Protect
|-damage|p2a: Sneasler|0 fnt
|-unboost|p1a: Gholdengo|spa|1
|faint|p2a: Sneasler
|-damage|p1a: Gholdengo|91/100|[from] item: Life Orb
|
|upkeep
|
|t:|1756212870
|switch|p2a: Volcarona|Volcarona, L50, F|100/100
|turn|3
|
|t:|1756212880
|move|p1b: Tauros|Raging Bull|p2a: Volcarona
|-damage|p2a: Volcarona|52/100
|move|p1a: Gholdengo|Make It Rain|p2a: Volcarona|[spread] p2a,p2b
|-resisted|p2a: Volcarona
|-resisted|p2b: Gastrodon
|-damage|p2a: Volcarona|9/100
|-damage|p2b: Gastrodon|59/100
|-unboost|p1a: Gholdengo|spa|1
|-damage|p1a: Gholdengo|82/100|[from] item: Life Orb
|move|p2a: Volcarona|Quiver Dance|p2a: Volcarona
|-boost|p2a: Volcarona|spa|1
|-boost|p2a: Volcarona|spd|1
|-boost|p2a: Volcarona|spe|1
|-enditem|p1b: Tauros|Mirror Herb
|-boost|p1b: Tauros|spa|1|[from] item: Mirror Herb
|-boost|p1b: Tauros|spd|1|[from] item: Mirror Herb
|-boost|p1b: Tauros|spe|1|[from] item: Mirror Herb
|move|p2b: Gastrodon|Ice Beam|p1a: Gholdengo
|-resisted|p1a: Gholdengo
|-damage|p1a: Gholdengo|67/100
|
|-heal|p2b: Gastrodon|65/100|[from] item: Leftovers
|upkeep
|turn|4
|
|t:|1756212895
|move|p2a: Volcarona|Protect|p2a: Volcarona
|-singleturn|p2a: Volcarona|Protect
|move|p1b: Tauros|Raging Bull|p2a: Volcarona
|-activate|p2a: Volcarona|move: Protect
|move|p1a: Gholdengo|Nasty Plot|p1a: Gholdengo
|-boost|p1a: Gholdengo|spa|2
|move|p2b: Gastrodon|Clear Smog|p1b: Tauros
|-damage|p1b: Tauros|77/100
|-clearboost|p1b: Tauros
|
|-heal|p2b: Gastrodon|71/100|[from] item: Leftovers
|upkeep
|turn|5
|
|t:|1756212914
|-terastallize|p2a: Volcarona|Fairy
|move|p1a: Gholdengo|Protect|p1a: Gholdengo
|-singleturn|p1a: Gholdengo|Protect
|move|p2a: Volcarona|Tera Blast|p1a: Gholdengo|[anim] Tera Blast Fairy
|-activate|p1a: Gholdengo|move: Protect
|move|p1b: Tauros|Raging Bull|p2a: Volcarona
|-damage|p2a: Volcarona|0 fnt
|faint|p2a: Volcarona
|move|p2b: Gastrodon|Earth Power|p1b: Tauros
|-supereffective|p1b: Tauros
|-damage|p1b: Tauros|0 fnt
|faint|p1b: Tauros
|
|-heal|p2b: Gastrodon|77/100|[from] item: Leftovers
|upkeep
|
|t:|1756212923
|switch|p1b: Tyranitar|Tyranitar, L50, M, shiny|100/100
|switch|p2a: Incineroar|Incineroar, L50, F|100/100
|-ability|p2a: Incineroar|Intimidate|boost
|-unboost|p1a: Gholdengo|atk|1
|-unboost|p1b: Tyranitar|atk|1
|-weather|Sandstorm|[from] ability: Sand Stream|[of] p1b: Tyranitar
|turn|6
|
|t:|1756212935
|-terastallize|p1b: Tyranitar|Flying
|move|p2a: Incineroar|Fake Out|p1a: Gholdengo
|-immune|p1a: Gholdengo
|move|p1a: Gholdengo|Shadow Ball|p2b: Gastrodon
|-damage|p2b: Gastrodon|0 fnt
|faint|p2b: Gastrodon
|-damage|p1a: Gholdengo|58/100|[from] item: Life Orb
|move|p1b: Tyranitar|Rock Slide|p2a: Incineroar
|-supereffective|p2a: Incineroar
|-damage|p2a: Incineroar|48/100
|
|-weather|Sandstorm|[upkeep]
|-damage|p1b: Tyranitar|95/100|[from] Sandstorm
|upkeep
|turn|7
|-message|sudoz forfeited.
|
|win|SirNeru
||sudoz is ready for game 3.
||SirNeru is ready for game 3.
|uhtml|next|Next: Game 3 of 3
|l|‽sudoz
|player|p2|
|l|☆SirNeru
|player|p1|
|j|☆SirNeru
|player|p1|SirNeru|169|
