|j|☆eklyst
|j|☆i miss my miraidon
|html|eklysti miss my miraidon    
|uhtml|bestof|Game 2 of a best-of-3
|t:|1784154798
|gametype|doubles
|player|p1|eklyst|pokemaniac|1268
|player|p2|i miss my miraidon|102|1398
|gen|9
|tier|[Gen 9 Champions] VGC 2026 Reg M-B (Bo3)
|rated|
|rule|Species Clause: Limit one of each Pokémon
|rule|Item Clause: Limit 1 of each item
|clearpoke
|poke|p1|Metagross, L50|
|poke|p1|Floette-Eternal, L50, F|
|poke|p1|Garchomp, L50, F|
|poke|p1|Aerodactyl, L50, F|
|poke|p1|Sinistcha, L50|
|poke|p1|Incineroar, L50, M|
|poke|p2|Venusaur, L50, M|
|poke|p2|Arcanine-Hisui, L50, F|
|poke|p2|Dragonite, L50, F|
|poke|p2|Incineroar, L50, M|
|poke|p2|Ninetales-Alola, L50, F|
|poke|p2|Gholdengo, L50|
|teampreview|4
|showteam|p1|Metagross||Metagrossite|ClearBody|IronHead,BulletPunch,PsychicFangs,Protect|Adamant|||||50|]Floette-Eternal||Floettite|FlowerVeil|Moonblast,DazzlingGleam,CalmMind,Protect|Modest||F|||50|]Garchomp||LifeOrb|RoughSkin|RockSlide,StompingTantrum,DragonClaw,Protect|Jolly||F|||50|]Aerodactyl||FocusSash|Unnerve|RockSlide,DualWingbeat,Tailwind,Protect|Jolly||F|||50|]Sinistcha||KasibBerry|Hospitality|MatchaGotcha,TrickRoom,RagePowder,Protect|Relaxed|||||50|]Incineroar||SitrusBerry|Intimidate|FakeOut,FlareBlitz,ThroatChop,PartingShot|Adamant||M|||50|
|showteam|p2|Venusaur||Venusaurite|Overgrow|GigaDrain,SludgeBomb,EarthPower,Protect|Modest||M|||50|]Arcanine-Hisui||FocusSash|RockHead|FlareBlitz,ExtremeSpeed,HeadSmash,Protect|Adamant||F|||50|]Dragonite||LifeOrb|InnerFocus|DragonClaw,LowKick,ExtremeSpeed,Protect|Adamant||F|||50|]Incineroar||SitrusBerry|Intimidate|ThroatChop,FlareBlitz,PartingShot,FakeOut|Careful||M|||50|]Ninetales-Alola||NeverMeltIce|SnowWarning|Blizzard,FreezeDry,AuroraVeil,Protect|Timid||F|||50|]Gholdengo||SpellTag|GoodasGold|MakeItRain,ShadowBall,NastyPlot,Protect|Modest|||||50|
|inactive|Battle timer is ON: inactive players will automatically lose when time's up. (requested by eklyst)
|
|t:|1784154806
|teamsize|p1|4
|teamsize|p2|4
|start
|switch|p1a: Incineroar|Incineroar, L50, M|100/100
|switch|p1b: Aerodactyl|Aerodactyl, L50, F|100/100
|switch|p2a: Dragonite|Dragonite, L50, F|100/100
|switch|p2b: Arcanine|Arcanine-Hisui, L50, F|100/100
|-ability|p1b: Aerodactyl|Unnerve
|-ability|p1a: Incineroar|Intimidate|boost
|-fail|p2a: Dragonite|unboost|Attack|[from] ability: Inner Focus|[of] p2a: Dragonite
|-unboost|p2b: Arcanine|atk|1
|turn|1
|
|t:|1784154818
|move|p1a: Incineroar|Fake Out|p2b: Arcanine
|-resisted|p2b: Arcanine|1
|-damage|p2b: Arcanine|92/100
|move|p1b: Aerodactyl|Rock Slide|p2b: Arcanine|[spread] p2a,p2b
|-supereffective|p2a: Dragonite|1
|-supereffective|p2b: Arcanine|1
|-damage|p2a: Dragonite|39/100
|-damage|p2b: Arcanine|29/100
|cant|p2b: Arcanine|flinch
|move|p2a: Dragonite|Dragon Claw|p1b: Aerodactyl
|-damage|p1b: Aerodactyl|2/100
|-damage|p2a: Dragonite|29/100|[from] item: Life Orb
|
|upkeep
|turn|2
|
|t:|1784154838
|move|p2a: Dragonite|Extreme Speed|p1b: Aerodactyl
|-resisted|p1b: Aerodactyl|1
|-damage|p1b: Aerodactyl|0 fnt
|faint|p1b: Aerodactyl
|-damage|p2a: Dragonite|20/100y|[from] item: Life Orb
|move|p2b: Arcanine|Head Smash|p1a: Incineroar|[miss]
|-miss|p2b: Arcanine|p1a: Incineroar
|move|p1a: Incineroar|Parting Shot|p2a: Dragonite
|-unboost|p2a: Dragonite|atk|1
|-unboost|p2a: Dragonite|spa|1
|
|t:|1784154851
|switch|p1a: Garchomp|Garchomp, L50, F|100/100|[from] Parting Shot
|
|upkeep
|
|t:|1784154854
|switch|p1b: Metagross|Metagross, L50|100/100
|turn|3
|
|t:|1784154862
|detailschange|p1b: Metagross|Metagross-Mega, L50
|-mega|p1b: Metagross|Metagross|Metagrossite
|move|p2b: Arcanine|Protect|p2b: Arcanine
|-singleturn|p2b: Arcanine|Protect
|move|p2a: Dragonite|Protect|p2a: Dragonite
|-singleturn|p2a: Dragonite|Protect
|move|p1b: Metagross|Bullet Punch|p2a: Dragonite
|-activate|p2a: Dragonite|move: Protect
|move|p1a: Garchomp|Stomping Tantrum|p2b: Arcanine
|-activate|p2b: Arcanine|move: Protect
|
|upkeep
|turn|4
|
|t:|1784154871
|switch|p2b: Gholdengo|Gholdengo, L50|100/100
|switch|p2a: Incineroar|Incineroar, L50, M|100/100
|-ability|p2a: Incineroar|Intimidate|boost
|-unboost|p1a: Garchomp|atk|1
|-unboost|p1b: Metagross|atk|1
|move|p1b: Metagross|Bullet Punch|p2a: Incineroar
|-resisted|p2a: Incineroar|1
|-damage|p2a: Incineroar|91/100
|move|p1a: Garchomp|Stomping Tantrum|p2b: Gholdengo
|-supereffective|p2b: Gholdengo|1
|-damage|p2b: Gholdengo|40/100
|-damage|p1a: Garchomp|90/100|[from] item: Life Orb
|
|upkeep
|turn|5
|
|t:|1784154884
|switch|p1b: Incineroar|Incineroar, L50, M|100/100
|-ability|p1b: Incineroar|Intimidate|boost
|-unboost|p2a: Incineroar|atk|1
|-unboost|p2b: Gholdengo|atk|1
|move|p1a: Garchomp|Protect|p1a: Garchomp
|-singleturn|p1a: Garchomp|Protect
|move|p2a: Incineroar|Fake Out|p1a: Garchomp
|-activate|p1a: Garchomp|move: Protect
|move|p2b: Gholdengo|Nasty Plot|p2b: Gholdengo
|-boost|p2b: Gholdengo|spa|2
|
|upkeep
|turn|6
|
|t:|1784154896
|switch|p2a: Dragonite|Dragonite, L50, F|20/100y
|move|p2b: Gholdengo|Protect|p2b: Gholdengo
|-singleturn|p2b: Gholdengo|Protect
|move|p1b: Incineroar|Fake Out|p2a: Dragonite
|-damage|p2a: Dragonite|5/100
|move|p1a: Garchomp|Stomping Tantrum|p2b: Gholdengo
|-activate|p2b: Gholdengo|move: Protect
|
|upkeep
|turn|7
|
|t:|1784154910
|move|p1a: Garchomp|Stomping Tantrum|p2b: Gholdengo
|-supereffective|p2b: Gholdengo|1
|-damage|p2b: Gholdengo|0 fnt
|faint|p2b: Gholdengo
|-damage|p1a: Garchomp|80/100|[from] item: Life Orb
|move|p2a: Dragonite|Low Kick|p1b: Incineroar
|-supereffective|p1b: Incineroar|1
|-damage|p1b: Incineroar|26/100
|-enditem|p1b: Incineroar|Sitrus Berry|[eat]
|-heal|p1b: Incineroar|51/100|[from] item: Sitrus Berry
|-damage|p2a: Dragonite|0 fnt|[from] item: Life Orb
|faint|p2a: Dragonite
|move|p1b: Incineroar|Throat Chop|p2: Dragonite|[notarget]
|-fail|p1b: Incineroar
|
|upkeep
|-message|i miss my miraidon forfeited.
|
|win|eklyst
|raw|eklyst's rating: 1268 → 1302(+34 for winning)
|raw|i miss my miraidon's rating: 1398 → 1371(-27 for losing)
|l|☆i miss my miraidon
|player|p2|
