|j|☆Traindelpivgc
|j|☆turbogoddi
|html|Traindelpivgcturbogoddi    
|uhtml|bestof|Game 3 of a best-of-3
|t:|1756328536
|gametype|doubles
|player|p1|Traindelpivgc|hilbert-wonderlauncher|1104
|player|p2|turbogoddi|102|1226
|gen|9
|tier|[Gen 9] VGC 2025 Reg H (Bo3)
|rated|
|rule|Species Clause: Limit one of each Pokémon
|rule|Item Clause: Limit 1 of each item
|clearpoke
|poke|p1|Incineroar, L50, F|
|poke|p1|Amoonguss, L50, M|
|poke|p1|Ursaluna-Bloodmoon, L50, M|
|poke|p1|Sneasler, L50, F|
|poke|p1|Gholdengo, L50|
|poke|p1|Dragonite, L50, M|
|poke|p2|Dondozo, L50, M|
|poke|p2|Tatsugiri-Droopy, L50, F|
|poke|p2|Ursaluna-Bloodmoon, L50, M|
|poke|p2|Rillaboom, L50, F|
|poke|p2|Whimsicott, L50, F|
|poke|p2|Garchomp, L50, M|
|teampreview|4
|showteam|p1|Incineroar||SafetyGoggles|Intimidate|FlareBlitz,KnockOff,PartingShot,FakeOut|||F|||50|,,,,,Ghost]Amoonguss||SitrusBerry|Regenerator|Spore,RagePowder,PollenPuff,Protect|||M|||50|,,,,,Psychic]Ursaluna-Bloodmoon||AssaultVest|MindsEye|HyperVoice,BloodMoon,EarthPower,VacuumWave|||M|||50|,,,,,Water]Sneasler||FocusSash|Unburden|CloseCombat,DireClaw,ThroatChop,Protect|||F|||50|,,,,,Stellar]Gholdengo||LifeOrb|GoodasGold|MakeItRain,ShadowBall,NastyPlot,Protect||||||50|,,,,,Water]Dragonite||LoadedDice|Multiscale|ScaleShot,Tailwind,Haze,Protect|||M|||50|,,,,,Fairy
|showteam|p2|Dondozo||Leftovers|Unaware|HeavySlam,OrderUp,BodyPress,Substitute|||M|||50|,,,,,Steel]Tatsugiri-Droopy||FocusSash|Commander|DragonPulse,IcyWind,Taunt,Protect|||F|||50|,,,,,Dragon]Ursaluna-Bloodmoon||LifeOrb|MindsEye|EarthPower,HyperVoice,BloodMoon,Protect|||M|||50|,,,,,Normal]Rillaboom||MiracleSeed|GrassySurge|GrassyGlide,WoodHammer,FakeOut,Uturn|||F|||50|,,,,,Grass]Whimsicott||CovertCloak|Prankster|WorrySeed,Tailwind,Encore,Moonblast|||F|||50|,,,,,Dark]Garchomp||ChoiceBand|RoughSkin|StompingTantrum,IronHead,Outrage,DragonClaw|||M|||50|,,,,,Steel
|inactive|Battle timer is ON: inactive players will automatically lose when time's up. (requested by turbogoddi)
|
|t:|1756328561
|teamsize|p1|4
|teamsize|p2|4
|start
|switch|p1a: Dragonite|Dragonite, L50, M|100/100
|switch|p1b: Gholdengo|Gholdengo, L50|100/100
|switch|p2a: Whimsicott|Whimsicott, L50, F|100/100
|switch|p2b: Garchomp|Garchomp, L50, M, shiny|100/100
|turn|1
|inactive|Traindelpivgc has 30 seconds left.
|inactive|turbogoddi has 30 seconds left.
|inactive|Traindelpivgc has 20 seconds left.
|
|t:|1756328599
|-terastallize|p2b: Garchomp|Steel
|-terastallize|p1b: Gholdengo|Water
|move|p2b: Garchomp|Stomping Tantrum|p1b: Gholdengo
|-damage|p1b: Gholdengo|42/100
|move|p2a: Whimsicott|Moonblast|p1a: Dragonite
|-supereffective|p1a: Dragonite
|-damage|p1a: Dragonite|59/100
|move|p1b: Gholdengo|Make It Rain|p2b: Garchomp|[spread] p2a,p2b
|-supereffective|p2a: Whimsicott
|-resisted|p2b: Garchomp
|-crit|p2b: Garchomp
|-damage|p2a: Whimsicott|0 fnt
|-damage|p2b: Garchomp|53/100
|-unboost|p1b: Gholdengo|spa|1
|faint|p2a: Whimsicott
|-damage|p1b: Gholdengo|33/100|[from] item: Life Orb
|move|p1a: Dragonite|Scale Shot|p2b: Garchomp
|-resisted|p2b: Garchomp
|-damage|p2b: Garchomp|46/100
|-resisted|p2b: Garchomp
|-damage|p2b: Garchomp|38/100
|-resisted|p2b: Garchomp
|-damage|p2b: Garchomp|30/100
|-resisted|p2b: Garchomp
|-crit|p2b: Garchomp
|-damage|p2b: Garchomp|20/100
|-hitcount|p2b: Garchomp|4
|-unboost|p1a: Dragonite|def|1
|-boost|p1a: Dragonite|spe|1
|
|upkeep
|
|t:|1756328615
|switch|p2a: Ursaluna|Ursaluna-Bloodmoon, L50, M|100/100
|turn|2
|inactive|Traindelpivgc has 30 seconds left.
|inactive|turbogoddi has 30 seconds left.
|
|t:|1756328651
|switch|p1b: Incineroar|Incineroar, L50, F|100/100
|-ability|p1b: Incineroar|Intimidate|boost
|-unboost|p2a: Ursaluna|atk|1
|-unboost|p2b: Garchomp|atk|1
|move|p2a: Ursaluna|Protect|p2a: Ursaluna
|-singleturn|p2a: Ursaluna|Protect
|move|p1a: Dragonite|Tailwind|p1a: Dragonite
|-sidestart|p1: Traindelpivgc|move: Tailwind
|move|p2b: Garchomp|Stomping Tantrum|p1b: Incineroar
|-supereffective|p1b: Incineroar
|-damage|p1b: Incineroar|34/100
|
|upkeep
|turn|3
|inactive|Traindelpivgc has 30 seconds left.
|inactive|Traindelpivgc has 20 seconds left.
|
|t:|1756328689
|move|p1b: Incineroar|Fake Out|p2a: Ursaluna
|-damage|p2a: Ursaluna|92/100
|move|p1a: Dragonite|Scale Shot|p2b: Garchomp
|-resisted|p2b: Garchomp
|-damage|p2b: Garchomp|13/100
|-resisted|p2b: Garchomp
|-damage|p2b: Garchomp|6/100
|-resisted|p2b: Garchomp
|-damage|p2b: Garchomp|0 fnt
|faint|p2b: Garchomp
|-hitcount|p2: Garchomp|3
|-unboost|p1a: Dragonite|def|1
|-boost|p1a: Dragonite|spe|1
|cant|p2a: Ursaluna|flinch
|
|upkeep
|
|t:|1756328693
|switch|p2b: Rillaboom|Rillaboom, L50, F|100/100
|-fieldstart|move: Grassy Terrain|[from] ability: Grassy Surge|[of] p2b: Rillaboom
|turn|4
|
|t:|1756328711
|move|p1a: Dragonite|Protect|p1a: Dragonite
|-singleturn|p1a: Dragonite|Protect
|move|p2b: Rillaboom|Fake Out|p1b: Incineroar
|-damage|p1b: Incineroar|21/100
|cant|p1b: Incineroar|flinch
|move|p2a: Ursaluna|Blood Moon|p1a: Dragonite
|-activate|p1a: Dragonite|move: Protect
|
|-heal|p1b: Incineroar|27/100|[from] Grassy Terrain
|-heal|p2a: Ursaluna|97/100|[from] Grassy Terrain
|upkeep
|turn|5
|inactive|Traindelpivgc has 30 seconds left.
|inactive|Traindelpivgc has 20 seconds left.
|inactive|Traindelpivgc has 15 seconds left.
|
|t:|1756328753
|move|p2b: Rillaboom|Grassy Glide|p1b: Incineroar
|-resisted|p1b: Incineroar
|-damage|p1b: Incineroar|7/100
|move|p1a: Dragonite|Scale Shot|p2b: Rillaboom
|-damage|p2b: Rillaboom|87/100
|-damage|p2b: Rillaboom|73/100
|-damage|p2b: Rillaboom|60/100
|-damage|p2b: Rillaboom|47/100
|-hitcount|p2b: Rillaboom|4
|-unboost|p1a: Dragonite|def|1
|-boost|p1a: Dragonite|spe|1
|move|p1b: Incineroar|Parting Shot|p2a: Ursaluna
|-unboost|p2a: Ursaluna|atk|1
|-unboost|p2a: Ursaluna|spa|1
|
|t:|1756328778
|switch|p1b: Sneasler|Sneasler, L50, F|100/100|[from] Parting Shot
|move|p2a: Ursaluna|Hyper Voice|p1b: Sneasler|[spread] p1a,p1b
|-damage|p1a: Dragonite|25/100
|-damage|p1b: Sneasler|56/100
|-damage|p2a: Ursaluna|88/100|[from] item: Life Orb
|
|-heal|p1b: Sneasler|61/100|[from] Grassy Terrain
|-heal|p2a: Ursaluna|94/100|[from] Grassy Terrain
|-heal|p2b: Rillaboom|53/100|[from] Grassy Terrain
|-sideend|p1: Traindelpivgc|move: Tailwind
|upkeep
|turn|6
|
|t:|1756328800
|move|p2b: Rillaboom|Grassy Glide|p1a: Dragonite
|-resisted|p1a: Dragonite
|-damage|p1a: Dragonite|0 fnt
|faint|p1a: Dragonite
|move|p1b: Sneasler|Close Combat|p2a: Ursaluna
|-supereffective|p2a: Ursaluna
|-damage|p2a: Ursaluna|0 fnt
|-unboost|p1b: Sneasler|def|1
|-unboost|p1b: Sneasler|spd|1
|faint|p2a: Ursaluna
|
|-heal|p1b: Sneasler|67/100|[from] Grassy Terrain
|-heal|p2b: Rillaboom|58/100|[from] Grassy Terrain
|upkeep
|
|t:|1756328812
|switch|p1a: Incineroar|Incineroar, L50, F|7/100
|-ability|p1a: Incineroar|Intimidate|boost
|-unboost|p2b: Rillaboom|atk|1
|turn|7
|
|t:|1756328818
|move|p1a: Incineroar|Fake Out|p2b: Rillaboom
|-damage|p2b: Rillaboom|47/100
|cant|p2b: Rillaboom|flinch
|move|p1b: Sneasler|Dire Claw|p2b: Rillaboom
|-supereffective|p2b: Rillaboom
|-damage|p2b: Rillaboom|0 fnt
|faint|p2b: Rillaboom
|
|win|Traindelpivgc
|raw|Traindelpivgc's rating: 1104 → 1137(+33 for winning)
|raw|turbogoddi's rating: 1226 → 1193(-33 for losing)
|c|☆turbogoddi|ggwp
|c|☆Traindelpivgc|gg
|c|☆turbogoddi|that crit was bad
|c|☆Traindelpivgc|i know it
|c|☆Traindelpivgc|but i've these 4 slots
|c|☆Traindelpivgc|to win the bo3
|c|☆turbogoddi|i think if u dont crit i win
|c|☆turbogoddi|bc u cant kill with either scale or make it rain
|l|☆turbogoddi
|player|p2|
