|j|☆WarlogFV
|j|☆ZomalaVGC
|html|WarlogFVZomalaVGC    
|uhtml|bestof|Game 1 of a best-of-3
|t:|1784747012
|gametype|doubles
|player|p1|WarlogFV|erika|
|player|p2|ZomalaVGC|lucas-gen4pt|
|gen|9
|tier|[Gen 9 Champions] VGC 2026 Reg M-B (Bo3)
|rule|Species Clause: Limit one of each Pokémon
|rule|Item Clause: Limit 1 of each item
|clearpoke
|poke|p1|Tyranitar, L50, M|
|poke|p1|Delphox, L50, F|
|poke|p1|Excadrill, L50, F|
|poke|p1|Sneasler, L50, F|
|poke|p1|Rotom-Wash, L50|
|poke|p1|Corviknight, L50, M|
|poke|p2|Venusaur, L50, F|
|poke|p2|Charizard, L50, F|
|poke|p2|Pelipper, L50, M|
|poke|p2|Grimmsnarl, L50, M|
|poke|p2|Basculegion, L50, M|
|poke|p2|Archaludon, L50, F|
|teampreview|4
|showteam|p1|Tyranitar||Tyranitarite|SandStream|RockSlide,KnockOff,LowKick,Protect|Adamant||M|||50|]Delphox||Delphoxite|Blaze|Psychic,HeatWave,Encore,Protect|Timid||F|||50|]Excadrill||FocusSash|SandRush|Earthquake,IronHead,RockSlide,Protect|Jolly||F|||50|]Sneasler||WhiteHerb|Unburden|CloseCombat,GunkShot,FakeOut,Protect|Jolly||F|||50|]Rotom-Wash||ChoiceScarf|Levitate|HydroPump,Thunderbolt,VoltSwitch,Electroweb|Timid|||||50|]Corviknight||Leftovers|MirrorArmor|BraveBird,IronHead,Tailwind,Roost|Adamant||M|||50|
|showteam|p2|Venusaur||Venusaurite|Chlorophyll|GigaDrain,EarthPower,SleepPowder,Protect|Modest||F|||50|]Charizard||CharizarditeY|Blaze|HeatWave,WeatherBall,Hurricane,Protect|Modest||F|||50|]Pelipper||FocusSash|Drizzle|Hurricane,WeatherBall,Tailwind,Protect|Modest||M|||50|]Grimmsnarl||LightClay|Prankster|SpiritBreak,Reflect,LightScreen,PartingShot|Sassy||M|||50|]Basculegion||ChoiceScarf|Adaptability|WaveCrash,LastRespects,FlipTurn,IcyWind|Jolly||M|||50|]Archaludon||Leftovers|Stamina|DragonPulse,FlashCannon,ElectroShot,Protect|Modest||F|||50|
|c|☆WarlogFV|gimme a sec to send links
|c|☆ZomalaVGC|No worries, doing the same
|j| teslobo
|j| bwhitevgc
|j| p3ds
|j| splash2ndcousin
|c|☆WarlogFV|alr turn timer on when ur ready glhf
|j| nkgill1101
|j| Draxolotl
|l| splash2ndcousin
|c|☆ZomalaVGC|glhf
|inactive|Battle timer is ON: inactive players will automatically lose when time's up. (requested by ZomalaVGC)
|j| splash2ndcousin
|inactive|WarlogFV has 60 seconds left.
|inactive|ZomalaVGC has 60 seconds left.
|j| MrGardnHose
|inactive|ZomalaVGC has 30 seconds left.
|l| Draxolotl
|j| JackWhiteVGC
|inactive|ZomalaVGC has 20 seconds left.
|j| Onemagician4496
|inactive|ZomalaVGC has 15 seconds left.
|j| The Maknoon
|inactive|ZomalaVGC has 10 seconds left.
|inactive|ZomalaVGC has 5 seconds left.
|
|t:|1784747169
|teamsize|p1|4
|teamsize|p2|4
|start
|switch|p1a: Rotom|Rotom-Wash, L50|100/100
|switch|p1b: Sneasler|Sneasler, L50, F|100/100
|switch|p2a: Basculegion|Basculegion, L50, M|100/100
|switch|p2b: Venusaur|Venusaur, L50, F|100/100
|turn|1
|inactive|ZomalaVGC has 30 seconds left.
|inactive|ZomalaVGC has 20 seconds left.
|l| Onemagician4496
|inactive|ZomalaVGC has 15 seconds left.
|inactive|WarlogFV has 30 seconds left.
|inactive|ZomalaVGC has 10 seconds left.
|inactive|ZomalaVGC has 5 seconds left.
|
|t:|1784747222
|switch|p2a: Archaludon|Archaludon, L50, F|100/100
|detailschange|p2b: Venusaur|Venusaur-Mega, L50, F
|-mega|p2b: Venusaur|Venusaur|Venusaurite
|move|p1b: Sneasler|Fake Out|p2b: Venusaur
|-damage|p2b: Venusaur|86/100
|move|p1a: Rotom|Thunderbolt|p2a: Archaludon
|-resisted|p2a: Archaludon|1
|-damage|p2a: Archaludon|78/100
|-ability|p2a: Archaludon|Stamina|boost
|-boost|p2a: Archaludon|def|1
|cant|p2b: Venusaur|flinch
|
|-heal|p2a: Archaludon|84/100|[from] item: Leftovers
|upkeep
|turn|2
|j| shadow193
|inactive|ZomalaVGC has 30 seconds left.
|inactive|ZomalaVGC has 20 seconds left.
|inactive|ZomalaVGC has 15 seconds left.
|inactive|ZomalaVGC has 10 seconds left.
|inactive|ZomalaVGC has 5 seconds left.
|
|t:|1784747275
|switch|p1a: Excadrill|Excadrill, L50, F|100/100
|move|p1b: Sneasler|Protect|p1b: Sneasler
|-singleturn|p1b: Sneasler|Protect
|move|p2a: Archaludon|Flash Cannon|p1b: Sneasler
|-activate|p1b: Sneasler|move: Protect
|move|p2b: Venusaur|Earth Power|p1b: Sneasler
|-activate|p1b: Sneasler|move: Protect
|
|-heal|p2a: Archaludon|90/100|[from] item: Leftovers
|upkeep
|turn|3
|inactive|ZomalaVGC has 30 seconds left.
|inactive|ZomalaVGC has 20 seconds left.
|inactive|ZomalaVGC has 15 seconds left.
|inactive|ZomalaVGC has 10 seconds left.
|
|t:|1784747328
|switch|p1a: Rotom|Rotom-Wash, L50|100/100
|move|p1b: Sneasler|Close Combat|p2a: Archaludon
|-supereffective|p2a: Archaludon|1
|-damage|p2a: Archaludon|24/100
|-unboost|p1b: Sneasler|def|1
|-unboost|p1b: Sneasler|spd|1
|-ability|p2a: Archaludon|Stamina|boost
|-boost|p2a: Archaludon|def|1
|-enditem|p1b: Sneasler|White Herb
|-clearnegativeboost|p1b: Sneasler|[silent]
|move|p2a: Archaludon|Dragon Pulse|p1b: Sneasler
|-damage|p1b: Sneasler|43/100
|move|p2b: Venusaur|Giga Drain|p1b: Sneasler
|-resisted|p1b: Sneasler|1
|-damage|p1b: Sneasler|16/100
|-heal|p2b: Venusaur|99/100|[from] drain|[of] p1b: Sneasler
|
|-heal|p2a: Archaludon|30/100|[from] item: Leftovers
|upkeep
|turn|4
|inactive|WarlogFV has 30 seconds left.
|inactive|WarlogFV has 20 seconds left.
|
|t:|1784747363
|move|p1b: Sneasler|Protect|p1b: Sneasler
|-singleturn|p1b: Sneasler|Protect
|move|p2a: Archaludon|Protect|p2a: Archaludon
|-singleturn|p2a: Archaludon|Protect
|move|p1a: Rotom|Hydro Pump|p2a: Archaludon
|-activate|p2a: Archaludon|move: Protect
|move|p2b: Venusaur|Sleep Powder|p1a: Rotom
|-status|p1a: Rotom|slp|[from] move: Sleep Powder
|
|-heal|p2a: Archaludon|36/100|[from] item: Leftovers
|upkeep
|turn|5
|inactive|ZomalaVGC has 30 seconds left.
|
|t:|1784747391
|switch|p2a: Pelipper|Pelipper, L50, M|100/100
|-weather|RainDance|[from] ability: Drizzle|[of] p2a: Pelipper
|move|p1b: Sneasler|Gunk Shot|p2b: Venusaur|[miss]
|-miss|p1b: Sneasler|p2b: Venusaur
|cant|p1a: Rotom|slp
|move|p2b: Venusaur|Earth Power|p1b: Sneasler
|-supereffective|p1b: Sneasler|1
|-damage|p1b: Sneasler|0 fnt
|faint|p1b: Sneasler
|
|-weather|RainDance|[upkeep]
|upkeep
|
|t:|1784747400
|switch|p1b: Tyranitar|Tyranitar, L50, M|100/100
|-weather|Sandstorm|[from] ability: Sand Stream|[of] p1b: Tyranitar
|turn|6
|
|t:|1784747418
|switch|p1a: Excadrill|Excadrill, L50, F|100/100
|switch|p2a: Archaludon|Archaludon, L50, F|36/100
|detailschange|p1b: Tyranitar|Tyranitar-Mega, L50, M
|-mega|p1b: Tyranitar|Tyranitar|Tyranitarite
|move|p2b: Venusaur|Giga Drain|p1a: Excadrill
|-damage|p1a: Excadrill|45/100
|-heal|p2b: Venusaur|100/100|[from] drain|[of] p1a: Excadrill
|move|p1b: Tyranitar|Rock Slide|p2b: Venusaur|[spread] p2a,p2b
|-resisted|p2a: Archaludon|1
|-crit|p2b: Venusaur
|-damage|p2a: Archaludon|24/100
|-damage|p2b: Venusaur|51/100
|-ability|p2a: Archaludon|Stamina|boost
|-boost|p2a: Archaludon|def|1
|
|-weather|Sandstorm|[upkeep]
|-damage|p2b: Venusaur|45/100|[from] Sandstorm
|-heal|p2a: Archaludon|30/100|[from] item: Leftovers
|upkeep
|turn|7
|inactive|ZomalaVGC has 30 seconds left.
|inactive|ZomalaVGC has 20 seconds left.
|inactive|ZomalaVGC has 15 seconds left.
|inactive|ZomalaVGC has 10 seconds left.
|inactive|ZomalaVGC has 5 seconds left.
|
|t:|1784747472
|switch|p1b: Rotom|Rotom-Wash, L50|100/100 slp
|move|p2a: Archaludon|Protect|p2a: Archaludon
|-singleturn|p2a: Archaludon|Protect
|move|p1a: Excadrill|Earthquake|p2a: Archaludon|[spread] p2b
|-activate|p2a: Archaludon|move: Protect
|-immune|p1b: Rotom|[from] ability: Levitate
|-damage|p2b: Venusaur|10/100
|move|p2b: Venusaur|Giga Drain|p1a: Excadrill
|-damage|p1a: Excadrill|0 fnt
|-heal|p2b: Venusaur|35/100|[from] drain|[of] p1a: Excadrill
|faint|p1a: Excadrill
|
|-weather|Sandstorm|[upkeep]
|-damage|p1b: Rotom|94/100 slp|[from] Sandstorm
|-damage|p2b: Venusaur|29/100|[from] Sandstorm
|-heal|p2a: Archaludon|36/100|[from] item: Leftovers
|upkeep
|
|t:|1784747482
|switch|p1a: Tyranitar|Tyranitar-Mega, L50, M|100/100
|turn|8
|
|t:|1784747496
|-curestatus|p1b: Rotom|slp|[msg]
|move|p1b: Rotom|Electroweb|p2b: Venusaur|[spread] p2a,p2b
|-resisted|p2a: Archaludon|1
|-resisted|p2b: Venusaur|1
|-damage|p2a: Archaludon|26/100
|-damage|p2b: Venusaur|20/100y
|-unboost|p2a: Archaludon|spe|1
|-unboost|p2b: Venusaur|spe|1
|-ability|p2a: Archaludon|Stamina|boost
|-boost|p2a: Archaludon|def|1
|move|p1a: Tyranitar|Low Kick|p2a: Archaludon
|-supereffective|p2a: Archaludon|1
|-damage|p2a: Archaludon|1/100
|-ability|p2a: Archaludon|Stamina|boost
|-boost|p2a: Archaludon|def|1
|move|p2a: Archaludon|Flash Cannon|p1a: Tyranitar
|-supereffective|p1a: Tyranitar|1
|-damage|p1a: Tyranitar|65/100
|move|p2b: Venusaur|Giga Drain|p1b: Rotom
|-supereffective|p1b: Rotom|1
|-damage|p1b: Rotom|0 fnt
|-heal|p2b: Venusaur|56/100|[from] drain|[of] p1b: Rotom
|faint|p1b: Rotom
|
|-weather|Sandstorm|[upkeep]
|-damage|p2b: Venusaur|50/100g|[from] Sandstorm
|-heal|p2a: Archaludon|7/100|[from] item: Leftovers
|upkeep
|turn|9
|
|t:|1784747513
|move|p1a: Tyranitar|Rock Slide|p2b: Venusaur|[spread] p2a,p2b
|-resisted|p2a: Archaludon|1
|-damage|p2a: Archaludon|1/100
|-damage|p2b: Venusaur|21/100
|-ability|p2a: Archaludon|Stamina|boost
|-boost|p2a: Archaludon|def|1
|move|p2a: Archaludon|Flash Cannon|p1a: Tyranitar
|-supereffective|p1a: Tyranitar|1
|-crit|p1a: Tyranitar
|-damage|p1a: Tyranitar|13/100
|cant|p2b: Venusaur|flinch
|
|-weather|Sandstorm|[upkeep]
|-damage|p2b: Venusaur|15/100|[from] Sandstorm
|-heal|p2a: Archaludon|7/100|[from] item: Leftovers
|upkeep
|turn|10
|
|t:|1784747522
|move|p2a: Archaludon|Protect|p2a: Archaludon
|-singleturn|p2a: Archaludon|Protect
|move|p1a: Tyranitar|Rock Slide|p2a: Archaludon|[spread] p2b
|-activate|p2a: Archaludon|move: Protect
|-damage|p2b: Venusaur|0 fnt
|faint|p2b: Venusaur
|
|-weather|none
|-heal|p2a: Archaludon|13/100|[from] item: Leftovers
|upkeep
|
|t:|1784747524
|switch|p2b: Basculegion|Basculegion, L50, M|100/100
|turn|11
|inactive|WarlogFV has 30 seconds left.
|
|t:|1784747556
|move|p2b: Basculegion|Flip Turn|p1a: Tyranitar
|-supereffective|p1a: Tyranitar|1
|-damage|p1a: Tyranitar|0 fnt
|faint|p1a: Tyranitar
|
|win|ZomalaVGC
||WarlogFV is ready for game 2.
||ZomalaVGC is ready for game 2.
|uhtml|next|Next: Game 2 of 3
|l| bwhitevgc
|l| The Maknoon
|l| nkgill1101
|l| JackWhiteVGC
|l|☆WarlogFV
|player|p1|
|l| splash2ndcousin
|j| Onemagician4496
|l| p3ds
|l| Onemagician4496
|l|☆ZomalaVGC
|player|p2|
|l| MrGardnHose
|l| shadow193
|n| teslobo|teslobo
|j| delucieous
|l| delucieous
|j| nkgill1101
