|j|☆elmono11
|j|☆edhen
|html|elmono11edhen    
|uhtml|bestof|Game 2 of a best-of-3
|t:|1754661628
|gametype|doubles
|player|p1|elmono11|169|1156
|player|p2|edhen|winona|1188
|gen|9
|tier|[Gen 9] VGC 2025 Reg H (Bo3)
|rated|
|rule|Species Clause: Limit one of each Pokémon
|rule|Item Clause: Limit 1 of each item
|clearpoke
|poke|p1|Gholdengo, L50|
|poke|p1|Sneasler, L50, M|
|poke|p1|Rillaboom, L50, M|
|poke|p1|Dragonite, L50, F|
|poke|p1|Ninetales-Alola, L50, F|
|poke|p1|Arcanine-Hisui, L50, M|
|poke|p2|Porygon2, L50|
|poke|p2|Ursaluna, L50, F|
|poke|p2|Volcarona, L50, M|
|poke|p2|Grimmsnarl, L50, M|
|poke|p2|Annihilape, L50, M|
|poke|p2|Gholdengo, L50|
|teampreview|4
|showteam|p1|Gholdengo||GrassySeed|GoodasGold|NastyPlot,MakeItRain,ShadowBall,Protect||||||50|,,,,,Water]Sneasler||WhiteHerb|Unburden|CloseCombat,DireClaw,Coaching,Protect|||M|||50|,,,,,Ghost]Rillaboom||AssaultVest|GrassySurge|FakeOut,GrassyGlide,DrumBeating,HighHorsepower|||M|||50|,,,,,Fire]Dragonite||LoadedDice|Multiscale|ScaleShot,StompingTantrum,Tailwind,Protect|||F|||50|,,,,,Ground]Ninetales-Alola||FocusSash|SnowWarning|Blizzard,IcyWind,Encore,AuroraVeil|||F|||50|,,,,,Ghost]Arcanine-Hisui||ClearAmulet|Intimidate|RockSlide,FlareBlitz,ExtremeSpeed,Protect|||M|||50|,,,,,Water
|showteam|p2|Porygon2||Eviolite|Trace|TriAttack,ShadowBall,Recover,TrickRoom||||||50|,,,,,Ghost]Ursaluna||FlameOrb|Guts|Facade,Earthquake,HeadlongRush,Protect|||F|||50|,,,,,Fairy]Volcarona||CovertCloak|FlameBody|Overheat,StruggleBug,RagePowder,WillOWisp|||M|||50|,,,,,Dragon]Grimmsnarl||LightClay|Prankster|SpiritBreak,Reflect,LightScreen,Taunt|||M|||50|,,,,,Steel]Annihilape||SafetyGoggles|Defiant|RageFist,DrainPunch,Protect,BulkUp|||M|||50|,,,,,Fire]Gholdengo||ChoiceSpecs|GoodasGold|ShadowBall,MakeItRain,PowerGem,Trick||||||50|,,,,,Dragon
|inactive|Battle timer is ON: inactive players will automatically lose when time's up. (requested by elmono11)
|inactive|elmono11 has 60 seconds left.
|
|t:|1754661680
|teamsize|p1|4
|teamsize|p2|4
|start
|switch|p1a: Rillaboom|Rillaboom, L50, M|100/100
|switch|p1b: Gholdengo|Gholdengo, L50|100/100
|switch|p2a: Gholdengo|Gholdengo, L50|100/100
|switch|p2b: Volcarona|Volcarona, L50, M|100/100
|-fieldstart|move: Grassy Terrain|[from] ability: Grassy Surge|[of] p1a: Rillaboom
|-enditem|p1b: Gholdengo|Grassy Seed
|-boost|p1b: Gholdengo|def|1|[from] item: Grassy Seed
|turn|1
|inactive|elmono11 has 30 seconds left.
|inactive|edhen has 30 seconds left.
|
|t:|1754661715
|-terastallize|p1b: Gholdengo|Water
|move|p1a: Rillaboom|Fake Out|p2b: Volcarona
|-damage|p2b: Volcarona|83/100
|move|p2b: Volcarona|Struggle Bug|p1a: Rillaboom|[spread] p1a,p1b
|-supereffective|p1a: Rillaboom
|-crit|p1b: Gholdengo
|-damage|p1a: Rillaboom|74/100
|-damage|p1b: Gholdengo|77/100
|-unboost|p1a: Rillaboom|spa|1
|-unboost|p1b: Gholdengo|spa|1
|move|p1b: Gholdengo|Nasty Plot|p1b: Gholdengo
|-boost|p1b: Gholdengo|spa|2
|move|p2a: Gholdengo|Shadow Ball|p1b: Gholdengo
|-damage|p1b: Gholdengo|16/100
|
|-heal|p2b: Volcarona|89/100|[from] Grassy Terrain
|-heal|p1a: Rillaboom|80/100|[from] Grassy Terrain
|-heal|p1b: Gholdengo|22/100|[from] Grassy Terrain
|upkeep
|turn|2
|inactive|elmono11 has 30 seconds left.
|inactive|edhen has 30 seconds left.
|
|t:|1754661742
|switch|p1a: Arcanine|Arcanine-Hisui, L50, M|100/100
|-ability|p1a: Arcanine|Intimidate|boost
|-unboost|p2a: Gholdengo|atk|1
|-unboost|p2b: Volcarona|atk|1
|move|p1b: Gholdengo|Protect|p1b: Gholdengo
|-singleturn|p1b: Gholdengo|Protect
|move|p2b: Volcarona|Struggle Bug|p1a: Arcanine|[spread] p1a
|-activate|p1b: Gholdengo|move: Protect
|-resisted|p1a: Arcanine
|-damage|p1a: Arcanine|90/100
|move|p2a: Gholdengo|Shadow Ball|p1b: Gholdengo
|-activate|p1b: Gholdengo|move: Protect
|
|-heal|p2b: Volcarona|95/100|[from] Grassy Terrain
|-heal|p1a: Arcanine|96/100|[from] Grassy Terrain
|-heal|p1b: Gholdengo|29/100|[from] Grassy Terrain
|upkeep
|turn|3
|inactive|edhen has 30 seconds left.
|
|t:|1754661776
|switch|p2b: Annihilape|Annihilape, L50, M|100/100
|move|p1a: Arcanine|Rock Slide|p2a: Gholdengo|[spread] p2a,p2b
|-resisted|p2a: Gholdengo
|-resisted|p2b: Annihilape
|-damage|p2a: Gholdengo|88/100
|-damage|p2b: Annihilape|86/100
|move|p1b: Gholdengo|Shadow Ball|p2a: Gholdengo
|-supereffective|p2a: Gholdengo
|-damage|p2a: Gholdengo|0 fnt
|faint|p2a: Gholdengo
|
|-heal|p1a: Arcanine|100/100|[from] Grassy Terrain
|-heal|p2b: Annihilape|92/100|[from] Grassy Terrain
|-heal|p1b: Gholdengo|35/100|[from] Grassy Terrain
|upkeep
|
|t:|1754661786
|switch|p2a: Grimmsnarl|Grimmsnarl, L50, M|100/100
|turn|4
|
|t:|1754661811
|switch|p1a: Rillaboom|Rillaboom, L50, M|80/100
|-terastallize|p2b: Annihilape|Fire
|move|p2a: Grimmsnarl|Reflect|p2a: Grimmsnarl
|-sidestart|p2: edhen|Reflect
|move|p2b: Annihilape|Bulk Up|p2b: Annihilape
|-boost|p2b: Annihilape|atk|1
|-boost|p2b: Annihilape|def|1
|move|p1b: Gholdengo|Nasty Plot|p1b: Gholdengo
|-boost|p1b: Gholdengo|spa|2
|
|-heal|p2b: Annihilape|98/100|[from] Grassy Terrain
|-heal|p1a: Rillaboom|86/100|[from] Grassy Terrain
|-heal|p1b: Gholdengo|41/100|[from] Grassy Terrain
|upkeep
|turn|5
|
|t:|1754661832
|move|p2b: Annihilape|Protect|p2b: Annihilape
|-singleturn|p2b: Annihilape|Protect
|move|p1a: Rillaboom|Fake Out|p2b: Annihilape
|-activate|p2b: Annihilape|move: Protect
|move|p1b: Gholdengo|Make It Rain|p2a: Grimmsnarl|[spread] p2a
|-activate|p2b: Annihilape|move: Protect
|-supereffective|p2a: Grimmsnarl
|-damage|p2a: Grimmsnarl|0 fnt
|-unboost|p1b: Gholdengo|spa|1
|faint|p2a: Grimmsnarl
|
|-heal|p2b: Annihilape|100/100|[from] Grassy Terrain
|-heal|p1a: Rillaboom|92/100|[from] Grassy Terrain
|-heal|p1b: Gholdengo|47/100|[from] Grassy Terrain
|-fieldend|move: Grassy Terrain
|upkeep
|
|t:|1754661839
|switch|p2a: Volcarona|Volcarona, L50, M|95/100
|turn|6
|inactive|elmono11 has 30 seconds left.
|inactive|edhen has 30 seconds left.
|inactive|elmono11 has 20 seconds left.
|
|t:|1754661878
|move|p1b: Gholdengo|Protect|p1b: Gholdengo
|-singleturn|p1b: Gholdengo|Protect
|move|p2a: Volcarona|Struggle Bug|p1a: Rillaboom|[spread] p1a
|-activate|p1b: Gholdengo|move: Protect
|-supereffective|p1a: Rillaboom
|-damage|p1a: Rillaboom|62/100
|-unboost|p1a: Rillaboom|spa|1
|move|p2b: Annihilape|Rage Fist|p1a: Rillaboom
|-damage|p1a: Rillaboom|0 fnt
|faint|p1a: Rillaboom
|
|upkeep
|
|t:|1754661893
|switch|p1a: Sneasler|Sneasler, L50, M|100/100
|turn|7
|inactive|edhen has 30 seconds left.
|
|t:|1754661919
|move|p2a: Volcarona|Struggle Bug|p1a: Sneasler|[spread] p1a,p1b
|-resisted|p1a: Sneasler
|-damage|p1a: Sneasler|95/100
|-damage|p1b: Gholdengo|31/100
|-unboost|p1a: Sneasler|spa|1
|-unboost|p1b: Gholdengo|spa|1
|-enditem|p1a: Sneasler|White Herb
|-clearnegativeboost|p1a: Sneasler|[silent]
|move|p1a: Sneasler|Dire Claw|p2b: Annihilape
|-damage|p2b: Annihilape|80/100
|-status|p2b: Annihilape|par
|move|p1b: Gholdengo|Shadow Ball|p2b: Annihilape
|-damage|p2b: Annihilape|22/100 par
|move|p2b: Annihilape|Rage Fist|p1b: Gholdengo
|-damage|p1b: Gholdengo|0 fnt
|faint|p1b: Gholdengo
|
|upkeep
|
|t:|1754661930
|switch|p1b: Arcanine|Arcanine-Hisui, L50, M|100/100
|-ability|p1b: Arcanine|Intimidate|boost
|-unboost|p2a: Volcarona|atk|1
|-unboost|p2b: Annihilape|atk|1
|-ability|p2b: Annihilape|Defiant|boost
|-boost|p2b: Annihilape|atk|2
|turn|8
|
|t:|1754661945
|move|p2a: Volcarona|Rage Powder|p2a: Volcarona
|-singleturn|p2a: Volcarona|move: Rage Powder
|move|p1a: Sneasler|Dire Claw|p2a: Volcarona
|-damage|p2a: Volcarona|62/100
|move|p1b: Arcanine|Rock Slide|p2a: Volcarona|[spread] p2b
|-miss|p1b: Arcanine|p2a: Volcarona
|-supereffective|p2b: Annihilape
|-damage|p2b: Annihilape|0 fnt
|faint|p2b: Annihilape
|
|upkeep
|turn|9
|-message|edhen forfeited.
|
|win|elmono11
|raw|elmono11's rating: 1156 → 1183(+27 for winning)
|raw|edhen's rating: 1188 → 1161(-27 for losing)
|l|☆edhen
|player|p2|
|l|☆elmono11
|player|p1|
|j|☆elmono11
|player|p1|elmono11|169|
