|j|☆freedondozo
|j|☆naibot2814
|html|freedondozonaibot2814    
|uhtml|bestof|Game 1 of a best-of-3
|t:|1785732352
|gametype|doubles
|player|p1|freedondozo|rosa-pokestar3|1288
|player|p2|naibot2814|ghetsis|1513
|gen|9
|tier|[Gen 9 Champions] VGC 2026 Reg M-B (Bo3)
|rated|
|rule|Species Clause: Limit one of each Pokémon
|rule|Item Clause: Limit 1 of each item
|clearpoke
|poke|p1|Palafin, L50, M|
|poke|p1|Sinistcha, L50|
|poke|p1|Incineroar, L50, F|
|poke|p1|Floette-Eternal, L50, F|
|poke|p1|Dragapult, L50, M|
|poke|p1|Kingambit, L50, F|
|poke|p2|Blastoise, L50, M|
|poke|p2|Incineroar, L50, M|
|poke|p2|Sneasler, L50, M|
|poke|p2|Sinistcha, L50|
|poke|p2|Kingambit, L50, M, shiny|
|poke|p2|Delphox, L50, F|
|teampreview|4
|showteam|p1|Palafin||Leftovers|ZerotoHero|Protect,WaveCrash,JetPunch,BulkUp|Adamant||M|||50|]Sinistcha||KasibBerry|Hospitality|Protect,MatchaGotcha,RagePowder,TrickRoom|Bold|||||50|]Incineroar||SitrusBerry|Intimidate|FlareBlitz,HelpingHand,FakeOut,PartingShot|Sassy||F|||50|]Floette-Eternal||Floettite|FlowerVeil|Protect,DrainingKiss,CalmMind,DazzlingGleam|Modest||F|||50|]Dragapult||FocusSash|ClearBody|Protect,DragonDarts,PhantomForce,WillOWisp|Jolly||M|||50|]Kingambit||LifeOrb|Defiant|Protect,KowtowCleave,IronHead,SuckerPunch|Adamant||F|||50|
|showteam|p2|Blastoise||Blastoisinite|Torrent|WaterSpout,DarkPulse,ShellSmash,Protect|Modest||M|||50|]Incineroar||SitrusBerry|Intimidate|FakeOut,FlareBlitz,DarkestLariat,PartingShot|Careful||M|||50|]Sneasler||FocusSash|PoisonTouch|FakeOut,CloseCombat,PoisonJab,QuickGuard|Jolly||M|||50|]Sinistcha||KasibBerry|Hospitality|MatchaGotcha,TrickRoom,RagePowder,Protect|Bold|||||50|]Kingambit||BlackGlasses|Defiant|KowtowCleave,SuckerPunch,SwordsDance,Protect|Adamant||M|||50|]Delphox||Delphoxite|Blaze|HeatWave,Psyshock,NastyPlot,Protect|Timid||F|||50|
|
|t:|1785732388
|teamsize|p1|4
|teamsize|p2|4
|start
|switch|p1a: Dragapult|Dragapult, L50, M|100/100
|switch|p1b: Palafin|Palafin, L50, M|100/100
|switch|p2a: Blastoise|Blastoise, L50, M|100/100
|switch|p2b: Sneasler|Sneasler, L50, M|100/100
|turn|1
|
|t:|1785732404
|detailschange|p1b: Palafin|Palafin-Hero, L50, M
|switch|p1b: Sinistcha|Sinistcha, L50|100/100
|detailschange|p2a: Blastoise|Blastoise-Mega, L50, M
|-mega|p2a: Blastoise|Blastoise|Blastoisinite
|move|p1a: Dragapult|Dragon Darts|p2b: Sneasler
|-damage|p2b: Sneasler|59/100
|-anim|p1a: Dragapult|Dragon Darts|p2a: Blastoise
|-damage|p2a: Blastoise|76/100
|move|p2b: Sneasler|Poison Jab|p1a: Dragapult
|-resisted|p1a: Dragapult|1
|-crit|p1a: Dragapult
|-damage|p1a: Dragapult|60/100
|-status|p1a: Dragapult|psn
|move|p2a: Blastoise|Shell Smash|p2a: Blastoise
|-unboost|p2a: Blastoise|def|1
|-unboost|p2a: Blastoise|spd|1
|-boost|p2a: Blastoise|atk|2
|-boost|p2a: Blastoise|spa|2
|-boost|p2a: Blastoise|spe|2
|
|-damage|p1a: Dragapult|47/100 psn|[from] psn
|upkeep
|turn|2
|
|t:|1785732436
|switch|p2b: Sinistcha|Sinistcha, L50|100/100
|-heal|p2a: Blastoise|100/100|[from] ability: Hospitality|[of] p2b: Sinistcha
|move|p2a: Blastoise|Dark Pulse|p1b: Sinistcha
|-supereffective|p1b: Sinistcha|1
|-damage|p1b: Sinistcha|0 fnt
|faint|p1b: Sinistcha
|move|p1a: Dragapult|Dragon Darts|p2b: Sinistcha
|-damage|p2b: Sinistcha|78/100
|-anim|p1a: Dragapult|Dragon Darts|p2a: Blastoise
|-damage|p2a: Blastoise|65/100
|
|-damage|p1a: Dragapult|35/100 psn|[from] psn
|upkeep
|
|t:|1785732442
|switch|p1b: Floette|Floette-Eternal, L50, F|100/100
|turn|3
|
|t:|1785732464
|switch|p2b: Incineroar|Incineroar, L50, M|100/100
|-ability|p2b: Incineroar|Intimidate|boost
|-fail|p1a: Dragapult|unboost|[from] ability: Clear Body|[of] p1a: Dragapult
|-unboost|p1b: Floette|atk|1
|detailschange|p1b: Floette|Floette-Mega, L50, F
|-mega|p1b: Floette|Floette|Floettite
|-ability|p1b: Floette|Fairy Aura
|move|p2a: Blastoise|Protect|p2a: Blastoise
|-singleturn|p2a: Blastoise|Protect
|move|p1a: Dragapult|Dragon Darts|p2b: Incineroar
|-damage|p2b: Incineroar|78/100
|-anim|p1a: Dragapult|Dragon Darts|p2b: Incineroar
|-damage|p2b: Incineroar|59/100
|move|p1b: Floette|Dazzling Gleam|p2b: Incineroar|[spread] p2b
|-activate|p2a: Blastoise|move: Protect
|-damage|p2b: Incineroar|19/100
|-enditem|p2b: Incineroar|Sitrus Berry|[eat]
|-heal|p2b: Incineroar|44/100|[from] item: Sitrus Berry
|
|-damage|p1a: Dragapult|23/100 psn|[from] psn
|upkeep
|turn|4
|
|t:|1785732481
|switch|p2b: Sinistcha|Sinistcha, L50|78/100
|-heal|p2a: Blastoise|90/100|[from] ability: Hospitality|[of] p2b: Sinistcha
|move|p1b: Floette|Protect|p1b: Floette
|-singleturn|p1b: Floette|Protect
|move|p2a: Blastoise|Water Spout|p1a: Dragapult|[spread] p1a
|-activate|p1b: Floette|move: Protect
|-resisted|p1a: Dragapult|1
|-damage|p1a: Dragapult|0 fnt
|faint|p1a: Dragapult
|
|upkeep
|
|t:|1785732484
|switch|p1a: Palafin|Palafin-Hero, L50, M|100/100
|-activate|p1a: Palafin|ability: Zero to Hero
|turn|5
|-message|freedondozo forfeited.
|
|win|naibot2814
|l|☆freedondozo
|player|p1|
||freedondozo is ready for game 2.
||naibot2814 is ready for game 2.
|uhtml|next|Next: Game 2 of 3
