|j|☆WowieKazowee
|j|☆RedAllay
|html|WowieKazoweeRedAllay    
|uhtml|bestof|Game 1 of a best-of-3
|t:|1757160244
|gametype|doubles
|player|p1|WowieKazowee|idol|1038
|player|p2|RedAllay|gladion|1176
|gen|9
|tier|[Gen 9] VGC 2025 Reg H (Bo3)
|rated|
|rule|Species Clause: Limit one of each Pokémon
|rule|Item Clause: Limit 1 of each item
|clearpoke
|poke|p1|Incineroar, L50, F|
|poke|p1|Rillaboom, L50, F|
|poke|p1|Sneasler, L50, F|
|poke|p1|Gholdengo, L50|
|poke|p1|Electabuzz, L50, F|
|poke|p1|Ninetales-Alola, L50, F|
|poke|p2|Kilowattrel, L50, F|
|poke|p2|Ursaluna, L50, M|
|poke|p2|Kingdra, L50, F|
|poke|p2|Farigiraf, L50, M|
|poke|p2|Whimsicott, L50, F|
|poke|p2|Pelipper, L50, F|
|teampreview|4
|showteam|p1|Incineroar||SafetyGoggles|Intimidate|FakeOut,FlareBlitz,KnockOff,PartingShot|||F|||50|,,,,,Water]Rillaboom||AssaultVest|GrassySurge|WoodHammer,GrassyGlide,FakeOut,Uturn|||F|||50|,,,,,Fire]Sneasler||GrassySeed|Unburden|CloseCombat,DireClaw,FakeOut,Protect|||F|||50|,,,,,Flying]Gholdengo||LifeOrb|GoodasGold|MakeItRain,ShadowBall,NastyPlot,Protect||||||50|,,,,,Steel]Electabuzz||Eviolite|VitalSpirit|Electroweb,VoltSwitch,FollowMe,Protect|||F|||50|,,,,,Bug]Ninetales-Alola||LightClay|SnowWarning|FreezeDry,AuroraVeil,Encore,Protect|||F|||50|,,,,,Water
|showteam|p2|Kilowattrel||ChoiceSpecs|Competitive|Thunderbolt,VoltSwitch,Discharge,Hurricane|||F|||50|,,,,,Electric]Ursaluna||FlameOrb|Guts|Facade,HeadlongRush,Earthquake,Protect|||M|||50|,,,,,Poison]Kingdra||LifeOrb|SwiftSwim|WeatherBall,Surf,DracoMeteor,Protect|||F|||50|,,,,,Stellar]Farigiraf||SafetyGoggles|ArmorTail|PsychicNoise,TrickRoom,HelpingHand,Protect|||M|||50|,,,,,Water]Whimsicott||FocusSash|Prankster|Moonblast,Tailwind,Encore,FakeTears|||F|||50|,,,,,Ghost]Pelipper||CovertCloak|Drizzle|WeatherBall,Hurricane,WideGuard,Protect|||F|||50|,,,,,Ghost
|inactive|Battle timer is ON: inactive players will automatically lose when time's up. (requested by RedAllay)
|inactive|WowieKazowee has 60 seconds left.
|inactive|RedAllay has 60 seconds left.
|
|t:|1757160294
|teamsize|p1|4
|teamsize|p2|4
|start
|switch|p1a: Rillaboom|Rillaboom, L50, F|100/100
|switch|p1b: Sneasler|Sneasler, L50, F|100/100
|switch|p2a: Kingdra|Kingdra, L50, F|100/100
|switch|p2b: Miraidon at home|Kilowattrel, L50, F|100/100
|-fieldstart|move: Grassy Terrain|[from] ability: Grassy Surge|[of] p1a: Rillaboom
|-enditem|p1b: Sneasler|Grassy Seed
|-boost|p1b: Sneasler|def|1|[from] item: Grassy Seed
|turn|1
|inactive|RedAllay has 30 seconds left.
|
|t:|1757160323
|switch|p2b: Pelipper|Pelipper, L50, F|100/100
|-weather|RainDance|[from] ability: Drizzle|[of] p2b: Pelipper
|move|p2a: Kingdra|Protect|p2a: Kingdra
|-singleturn|p2a: Kingdra|Protect
|move|p1b: Sneasler|Fake Out|p2a: Kingdra
|-activate|p2a: Kingdra|move: Protect
|move|p1a: Rillaboom|Fake Out|p2b: Pelipper
|-crit|p2b: Pelipper
|-damage|p2b: Pelipper|80/100
|
|-weather|RainDance|[upkeep]
|upkeep
|turn|2
|inactive|WowieKazowee has 30 seconds left.
|inactive|RedAllay has 30 seconds left.
|inactive|RedAllay has 20 seconds left.
|
|t:|1757160360
|switch|p2a: Whimsicott|Whimsicott, L50, F|100/100
|switch|p1a: Ninetales|Ninetales-Alola, L50, F|100/100
|-weather|Snowscape|[from] ability: Snow Warning|[of] p1a: Ninetales
|move|p1b: Sneasler|Close Combat|p2a: Whimsicott
|-resisted|p2a: Whimsicott
|-damage|p2a: Whimsicott|57/100
|-unboost|p1b: Sneasler|def|1
|-unboost|p1b: Sneasler|spd|1
|move|p2b: Pelipper|Hurricane|p1a: Ninetales
|-damage|p1a: Ninetales|65/100
|-start|p1a: Ninetales|confusion
|
|-weather|Snowscape|[upkeep]
|-heal|p2a: Whimsicott|63/100|[from] Grassy Terrain
|-heal|p1a: Ninetales|71/100|[from] Grassy Terrain
|upkeep
|turn|3
|inactive|RedAllay has 30 seconds left.
|
|t:|1757160386
|move|p2a: Whimsicott|Fake Tears|p1b: Sneasler
|-unboost|p1b: Sneasler|spd|2
|move|p1b: Sneasler|Dire Claw|p2a: Whimsicott
|-supereffective|p2a: Whimsicott
|-damage|p2a: Whimsicott|0 fnt
|faint|p2a: Whimsicott
|-activate|p1a: Ninetales|confusion
|-damage|p1a: Ninetales|65/100|[from] confusion
|move|p2b: Pelipper|Weather Ball|p1b: Sneasler
|-damage|p1b: Sneasler|19/100
|
|-weather|Snowscape|[upkeep]
|-heal|p1b: Sneasler|24/100|[from] Grassy Terrain
|-heal|p1a: Ninetales|71/100|[from] Grassy Terrain
|upkeep
|
|t:|1757160399
|switch|p2a: Miraidon at home|Kilowattrel, L50, F|100/100
|turn|4
|
|t:|1757160407
|-terastallize|p2a: Miraidon at home|Electric
|move|p2b: Pelipper|Wide Guard|p2b: Pelipper
|-singleturn|p2b: Pelipper|Wide Guard
|move|p1b: Sneasler|Dire Claw|p2a: Miraidon at home
|-damage|p2a: Miraidon at home|22/100
|move|p2a: Miraidon at home|Discharge|p1a: Ninetales|[spread] p1a,p1b
|-activate|p2b: Pelipper|move: Wide Guard
|-damage|p1a: Ninetales|21/100
|-damage|p1b: Sneasler|0 fnt
|faint|p1b: Sneasler
|-end|p1a: Ninetales|confusion
|move|p1a: Ninetales|Freeze-Dry|p2b: Pelipper
|-supereffective|p2b: Pelipper
|-damage|p2b: Pelipper|0 fnt
|faint|p2b: Pelipper
|
|-weather|Snowscape|[upkeep]
|-heal|p2a: Miraidon at home|29/100|[from] Grassy Terrain
|-heal|p1a: Ninetales|27/100|[from] Grassy Terrain
|upkeep
|
|t:|1757160427
|switch|p1b: Rillaboom|Rillaboom, L50, F|100/100
|switch|p2b: Kingdra|Kingdra, L50, F|100/100
|turn|5
|
|t:|1757160436
|move|p2b: Kingdra|Protect|p2b: Kingdra
|-singleturn|p2b: Kingdra|Protect
|move|p1b: Rillaboom|Fake Out|p2a: Miraidon at home
|-damage|p2a: Miraidon at home|5/100
|cant|p2a: Miraidon at home|flinch
|move|p1a: Ninetales|Freeze-Dry|p2b: Kingdra
|-activate|p2b: Kingdra|move: Protect
|
|-weather|Snowscape|[upkeep]
|-heal|p2a: Miraidon at home|11/100|[from] Grassy Terrain
|-heal|p1a: Ninetales|33/100|[from] Grassy Terrain
|-fieldend|move: Grassy Terrain
|upkeep
|turn|6
|inactive|WowieKazowee has 30 seconds left.
|
|t:|1757160469
|switch|p1a: Electabuzz|Electabuzz, L50, F|100/100
|move|p2a: Miraidon at home|Discharge|p1b: Rillaboom|[spread] p2b,p1a,p1b
|-resisted|p1a: Electabuzz
|-resisted|p1b: Rillaboom
|-damage|p2b: Kingdra|37/100
|-damage|p1a: Electabuzz|79/100
|-damage|p1b: Rillaboom|78/100
|-status|p2b: Kingdra|par
|move|p1b: Rillaboom|Wood Hammer|p2a: Miraidon at home
|-crit|p2a: Miraidon at home
|-damage|p2a: Miraidon at home|0 fnt
|faint|p2a: Miraidon at home
|-damage|p1b: Rillaboom|75/100|[from] Recoil
|move|p2b: Kingdra|Weather Ball|p1b: Rillaboom
|-supereffective|p1b: Rillaboom
|-damage|p1b: Rillaboom|11/100
|-damage|p2b: Kingdra|27/100 par|[from] item: Life Orb
|
|-weather|none
|upkeep
|turn|7
|-message|RedAllay forfeited.
|
|win|WowieKazowee
||RedAllay is ready for game 2.
||WowieKazowee is ready for game 2.
|uhtml|next|Next: Game 2 of 3
