|j|☆Autin Mago
|j|☆infernape gigamax
|html|Autin Magoinfernape gigamax    
|uhtml|bestof|Game 3 of a best-of-3
|t:|1783750099
|gametype|doubles
|player|p1|Autin Mago|arezu|1047
|player|p2|infernape gigamax|102|1000
|gen|9
|tier|[Gen 9 Champions] VGC 2026 Reg M-B (Bo3)
|rated|
|rule|Species Clause: Limit one of each Pokémon
|rule|Item Clause: Limit 1 of each item
|clearpoke
|poke|p1|Staraptor, L50, M|
|poke|p1|Charizard, L50, M|
|poke|p1|Glimmora, L50, M|
|poke|p1|Whimsicott, L50, F|
|poke|p1|Basculegion, L50, M|
|poke|p1|Garchomp, L50, M|
|poke|p2|Delphox, L50, F|
|poke|p2|Blastoise, L50, F|
|poke|p2|Incineroar, L50, F|
|poke|p2|Sneasler, L50, F|
|poke|p2|Sinistcha, L50|
|poke|p2|Maushold, L50|
|teampreview|4
|showteam|p1|Staraptor||Staraptite|Intimidate|DualWingbeat,CloseCombat,Roost,Protect|Jolly||M|||50|]Charizard||CharizarditeY|Blaze|HeatWave,SolarBeam,WeatherBall,Protect|Modest||M|||50|]Glimmora||FocusSash|ToxicDebris|PowerGem,SludgeBomb,EarthPower,SpikyShield|Modest||M|||50|]Whimsicott||LifeOrb|Prankster|Protect,Tailwind,Moonblast,Encore|Modest||F|||50|]Basculegion||ChoiceScarf|Adaptability|WaveCrash,LastRespects,AquaJet,FlipTurn|Jolly||M|||50|]Garchomp||SitrusBerry|RoughSkin|Earthquake,RockSlide,PoisonJab,DragonTail|Adamant||M|||50|
|showteam|p2|Delphox||Delphoxite|Blaze|HeatWave,Psychic,NastyPlot,Protect|Timid||F|||50|]Blastoise||Blastoisinite|RainDish|WaterSpout,DarkPulse,ShellSmash,Protect|Modest||F|||50|]Incineroar||SitrusBerry|Intimidate|FakeOut,FlareBlitz,ThroatChop,PartingShot|Impish||F|||50|]Sneasler||FocusSash|PoisonTouch|FakeOut,CloseCombat,PoisonJab,QuickGuard|Jolly||F|||50|]Sinistcha||OccaBerry|Hospitality|MatchaGotcha,LifeDew,RagePowder,Protect|Bold|||||50|]Maushold||ChopleBerry|FriendGuard|SuperFang,Feint,FollowMe,Protect|Impish|||||50|
|
|t:|1783750110
|teamsize|p1|4
|teamsize|p2|4
|start
|switch|p1a: Glimmora|Glimmora, L50, M|100/100
|switch|p1b: Basculegion|Basculegion, L50, M|100/100
|switch|p2a: Blastoise|Blastoise, L50, F|100/100
|switch|p2b: Maushold|Maushold, L50|100/100
|turn|1
|inactive|Battle timer is ON: inactive players will automatically lose when time's up. (requested by infernape gigamax)
|
|t:|1783750131
|detailschange|p2a: Blastoise|Blastoise-Mega, L50, F
|-mega|p2a: Blastoise|Blastoise|Blastoisinite
|move|p2b: Maushold|Follow Me|p2b: Maushold
|-singleturn|p2b: Maushold|move: Follow Me
|move|p1b: Basculegion|Wave Crash|p2b: Maushold
|-damage|p2b: Maushold|29/100
|-damage|p1b: Basculegion|78/100|[from] Recoil
|move|p1a: Glimmora|Sludge Bomb|p2b: Maushold
|-damage|p2b: Maushold|0 fnt
|faint|p2b: Maushold
|move|p2a: Blastoise|Shell Smash|p2a: Blastoise
|-unboost|p2a: Blastoise|def|1
|-unboost|p2a: Blastoise|spd|1
|-boost|p2a: Blastoise|atk|2
|-boost|p2a: Blastoise|spa|2
|-boost|p2a: Blastoise|spe|2
|
|upkeep
|
|t:|1783750142
|switch|p2b: Sinistcha|Sinistcha, L50|100/100
|turn|2
|
|t:|1783750152
|move|p2a: Blastoise|Water Spout|p1b: Basculegion|[spread] p1a,p1b
|-supereffective|p1a: Glimmora|1
|-resisted|p1b: Basculegion|1
|-enditem|p1a: Glimmora|Focus Sash
|-damage|p1a: Glimmora|1/100
|-damage|p1b: Basculegion|1/100
|move|p1b: Basculegion|Wave Crash|p2a: Blastoise
|-resisted|p2a: Blastoise|1
|-damage|p2a: Blastoise|43/100
|-damage|p1b: Basculegion|0 fnt|[from] Recoil
|faint|p1b: Basculegion
|move|p1a: Glimmora|Sludge Bomb|p2a: Blastoise
|-damage|p2a: Blastoise|0 fnt
|faint|p2a: Blastoise
|move|p2b: Sinistcha|Matcha Gotcha|p1a: Glimmora
|-damage|p1a: Glimmora|0 fnt
|faint|p1a: Glimmora
|
|upkeep
|
|t:|1783750165
|switch|p1b: Garchomp|Garchomp, L50, M|100/100
|switch|p1a: Charizard|Charizard, L50, M|100/100
|switch|p2a: Incineroar|Incineroar, L50, F|100/100
|-ability|p2a: Incineroar|Intimidate|boost
|-unboost|p1a: Charizard|atk|1
|-unboost|p1b: Garchomp|atk|1
|turn|3
|
|t:|1783750181
|detailschange|p1a: Charizard|Charizard-Mega-Y, L50, M
|-mega|p1a: Charizard|Charizard|Charizardite Y
|-weather|SunnyDay|[from] ability: Drought|[of] p1a: Charizard
|move|p2a: Incineroar|Fake Out|p1a: Charizard
|-damage|p1a: Charizard|88/100
|cant|p1a: Charizard|flinch
|move|p1b: Garchomp|Earthquake|p2a: Incineroar|[spread] p2a,p2b
|-immune|p1a: Charizard
|-supereffective|p2a: Incineroar|1
|-resisted|p2b: Sinistcha|1
|-damage|p2a: Incineroar|54/100
|-damage|p2b: Sinistcha|91/100
|move|p2b: Sinistcha|Matcha Gotcha|p1a: Charizard|[spread] p1b
|-miss|p2b: Sinistcha|p1a: Charizard
|-damage|p1b: Garchomp|77/100
|-heal|p2b: Sinistcha|100/100|[from] drain|[of] p1b: Garchomp
|
|-weather|SunnyDay|[upkeep]
|upkeep
|turn|4
|inactive|infernape gigamax has 30 seconds left.
|
|t:|1783750206
|move|p2b: Sinistcha|Protect|p2b: Sinistcha
|-singleturn|p2b: Sinistcha|Protect
|move|p1a: Charizard|Heat Wave|p2b: Sinistcha|[spread] p2a
|-activate|p2b: Sinistcha|move: Protect
|-resisted|p2a: Incineroar|1
|-damage|p2a: Incineroar|25/100
|-enditem|p2a: Incineroar|Sitrus Berry|[eat]
|-heal|p2a: Incineroar|50/100y|[from] item: Sitrus Berry
|move|p1b: Garchomp|Earthquake|p2b: Sinistcha|[spread] p2a
|-activate|p2b: Sinistcha|move: Protect
|-immune|p1a: Charizard
|-supereffective|p2a: Incineroar|1
|-damage|p2a: Incineroar|5/100
|move|p2a: Incineroar|Flare Blitz|p1a: Charizard
|-resisted|p1a: Charizard|1
|-damage|p1a: Charizard|52/100
|-damage|p2a: Incineroar|0 fnt|[from] Recoil
|faint|p2a: Incineroar
|
|-weather|SunnyDay|[upkeep]
|upkeep
|turn|5
|c|☆Autin Mago|Gg wp
|
|t:|1783750225
|move|p1a: Charizard|Weather Ball|p2b: Sinistcha
|-supereffective|p2b: Sinistcha|1
|-enditem|p2b: Sinistcha|Occa Berry|[eat]
|-enditem|p2b: Sinistcha|Occa Berry|[weaken]
|-damage|p2b: Sinistcha|12/100
|move|p1b: Garchomp|Poison Jab|p2b: Sinistcha
|-damage|p2b: Sinistcha|0 fnt
|faint|p2b: Sinistcha
|
|win|Autin Mago
|raw|Autin Mago's rating: 1047 → 1076(+29 for winning)
|raw|infernape gigamax's rating: 1000 → 1000(+0 for losing)
|l|☆infernape gigamax
|player|p2|
