|j|☆Hadrian1917
|j|☆Snow Trick Room
|html|Hadrian1917Snow Trick Room    
|uhtml|bestof|Game 3 of a best-of-3
|t:|1785890834
|gametype|doubles
|player|p1|Hadrian1917|101|1131
|player|p2|Snow Trick Room|170|1000
|gen|9
|tier|[Gen 9 Champions] VGC 2026 Reg M-B (Bo3)
|rated|
|rule|Species Clause: Limit one of each Pokémon
|rule|Item Clause: Limit 1 of each item
|clearpoke
|poke|p1|Kingambit, L50, M|
|poke|p1|Staraptor, L50, F|
|poke|p1|Whimsicott, L50, F|
|poke|p1|Sinistcha, L50|
|poke|p1|Pelipper, L50, F|
|poke|p1|Incineroar, L50, F|
|poke|p2|Mr. Rime, L50, F|
|poke|p2|Crabominable, L50, F|
|poke|p2|Froslass, L50, F|
|poke|p2|Ninetales-Alola, L50, M|
|poke|p2|Avalugg-Hisui, L50, M|
|poke|p2|Glaceon, L50, F|
|teampreview|4
|showteam|p1|Kingambit||BlackGlasses|Defiant|KowtowCleave,Protect,SwordsDance,SuckerPunch|Careful||M|||50|]Staraptor||Staraptite|Intimidate|CloseCombat,BrickBreak,DualWingbeat,Protect|Jolly||F|||50|]Whimsicott||FocusSash|Prankster|Moonblast,Charm,Tailwind,Encore|Modest||F|||50|]Sinistcha||BrightPowder|Hospitality|MatchaGotcha,LifeDew,Protect,RagePowder|Bold|||||50|]Pelipper||SitrusBerry|Drizzle|Hurricane,WeatherBall,WideGuard,Protect|Calm||F|||50|]Incineroar||ShucaBerry|Intimidate|FlareBlitz,FakeOut,PartingShot,ThroatChop|Adamant||F|||50|
|showteam|p2|Mr. Rime||MentalHerb|IceBody|TrickRoom,Blizzard,Protect,HelpingHand|Sassy||F|||50|]Crabominable||Crabominite|HyperCutter|CloseCombat,IceHammer,MachPunch,Protect|Brave||F|||50|]Froslass||Froslassite|SnowCloak|Blizzard,Protect,AuroraVeil,ShadowBall|Timid||F|||50|]Ninetales-Alola||LightClay|SnowWarning|AuroraVeil,Encore,ChillingWater,Protect|Relaxed||M|||50|]Avalugg-Hisui||Leftovers|IceBody|Recover,WideGuard,BodyPress,MountainGale|Relaxed||M|||50|]Glaceon||LifeOrb|IceBody|Blizzard,FreezeDry,ShadowBall,Protect|Quiet||F|||50|
|inactive|Battle timer is ON: inactive players will automatically lose when time's up. (requested by Hadrian1917)
|
|t:|1785890871
|teamsize|p1|4
|teamsize|p2|4
|start
|switch|p1a: Kingambit|Kingambit, L50, M|100/100
|switch|p1b: Incineroar|Incineroar, L50, F|100/100
|switch|p2a: Ninetales|Ninetales-Alola, L50, M|100/100
|switch|p2b: Avalugg|Avalugg-Hisui, L50, M|100/100
|-weather|Snowscape|[from] ability: Snow Warning|[of] p2a: Ninetales
|-ability|p1b: Incineroar|Intimidate|boost
|-unboost|p2a: Ninetales|atk|1
|-unboost|p2b: Avalugg|atk|1
|turn|1
|inactive|Snow Trick Room has 30 seconds left.
|
|t:|1785890900
|move|p2a: Ninetales|Protect|p2a: Ninetales
|-singleturn|p2a: Ninetales|Protect
|move|p1b: Incineroar|Fake Out|p2b: Avalugg
|-resisted|p2b: Avalugg|1
|-damage|p2b: Avalugg|98/100
|cant|p2b: Avalugg|flinch
|move|p1a: Kingambit|Swords Dance|p1a: Kingambit
|-boost|p1a: Kingambit|atk|2
|
|-weather|Snowscape|[upkeep]
|-heal|p2b: Avalugg|100/100|[from] ability: Ice Body
|upkeep
|turn|2
|inactive|Snow Trick Room has 30 seconds left.
|
|t:|1785890928
|switch|p2b: Mr. Rime|Mr. Rime, L50, F|100/100
|move|p1a: Kingambit|Protect|p1a: Kingambit
|-singleturn|p1a: Kingambit|Protect
|move|p2a: Ninetales|Aurora Veil|p2a: Ninetales
|-sidestart|p2: Snow Trick Room|move: Aurora Veil
|move|p1b: Incineroar|Parting Shot|p2a: Ninetales
|-unboost|p2a: Ninetales|atk|1
|-unboost|p2a: Ninetales|spa|1
|
|t:|1785890939
|switch|p1b: Sinistcha|Sinistcha, L50|100/100|[from] Parting Shot
|
|-weather|Snowscape|[upkeep]
|upkeep
|turn|3
|
|t:|1785890946
|switch|p2a: Crabominable|Crabominable, L50, F|100/100
|move|p1b: Sinistcha|Rage Powder|p1b: Sinistcha
|-singleturn|p1b: Sinistcha|move: Rage Powder
|move|p1a: Kingambit|Swords Dance|p1a: Kingambit
|-boost|p1a: Kingambit|atk|2
|move|p2b: Mr. Rime|Trick Room|p2b: Mr. Rime
|-fieldstart|move: Trick Room|[of] p2b: Mr. Rime
|
|-weather|Snowscape|[upkeep]
|upkeep
|turn|4
|inactive|Snow Trick Room has 30 seconds left.
|
|t:|1785890973
|detailschange|p2a: Crabominable|Crabominable-Mega, L50, F
|-mega|p2a: Crabominable|Crabominable|Crabominite
|move|p2b: Mr. Rime|Helping Hand|p2a: Crabominable
|-singleturn|p2a: Crabominable|Helping Hand|[of] p2b: Mr. Rime
|move|p1b: Sinistcha|Rage Powder|p1b: Sinistcha
|-singleturn|p1b: Sinistcha|move: Rage Powder
|move|p2a: Crabominable|Mach Punch|p1b: Sinistcha
|-immune|p1b: Sinistcha
|move|p1a: Kingambit|Kowtow Cleave|p2b: Mr. Rime
|-supereffective|p2b: Mr. Rime|1
|-damage|p2b: Mr. Rime|0 fnt
|faint|p2b: Mr. Rime
|
|-weather|Snowscape|[upkeep]
|upkeep
|
|t:|1785890985
|switch|p2b: Ninetales|Ninetales-Alola, L50, M|100/100
|turn|5
|
|t:|1785891000
|switch|p1b: Incineroar|Incineroar, L50, F|100/100
|-ability|p1b: Incineroar|Intimidate|boost
|-unboost|p2a: Crabominable|atk|1
|-unboost|p2b: Ninetales|atk|1
|move|p1a: Kingambit|Protect|p1a: Kingambit
|-singleturn|p1a: Kingambit|Protect
|move|p2a: Crabominable|Mach Punch|p1a: Kingambit
|-activate|p1a: Kingambit|move: Protect
|move|p2b: Ninetales|Chilling Water|p1b: Incineroar
|-supereffective|p1b: Incineroar|1
|-damage|p1b: Incineroar|82/100
|-unboost|p1b: Incineroar|atk|1
|
|-weather|none
|upkeep
|turn|6
|inactive|Snow Trick Room has 30 seconds left.
|
|t:|1785891030
|move|p1b: Incineroar|Fake Out|p2a: Crabominable
|-damage|p2a: Crabominable|96/100
|cant|p2a: Crabominable|flinch
|move|p1a: Kingambit|Kowtow Cleave|p2b: Ninetales
|-resisted|p2b: Ninetales|1
|-crit|p2b: Ninetales
|-damage|p2b: Ninetales|0 fnt
|faint|p2b: Ninetales
|
|upkeep
|
|t:|1785891039
|switch|p2b: Avalugg|Avalugg-Hisui, L50, M|100/100
|turn|7
|
|t:|1785891052
|switch|p1b: Sinistcha|Sinistcha, L50|100/100
|move|p1a: Kingambit|Protect|p1a: Kingambit
|-singleturn|p1a: Kingambit|Protect
|move|p2a: Crabominable|Mach Punch|p1a: Kingambit
|-activate|p1a: Kingambit|move: Protect
|move|p2b: Avalugg|Body Press|p1b: Sinistcha
|-immune|p1b: Sinistcha
|
|-fieldend|move: Trick Room
|upkeep
|turn|8
|
|t:|1785891068
|move|p1b: Sinistcha|Rage Powder|p1b: Sinistcha
|-singleturn|p1b: Sinistcha|move: Rage Powder
|move|p2a: Crabominable|Mach Punch|p1b: Sinistcha
|-immune|p1b: Sinistcha
|move|p1a: Kingambit|Kowtow Cleave|p2b: Avalugg
|-damage|p2b: Avalugg|65/100
|move|p2b: Avalugg|Mountain Gale|p1b: Sinistcha
|-supereffective|p1b: Sinistcha|1
|-damage|p1b: Sinistcha|15/100
|
|-heal|p2b: Avalugg|71/100|[from] item: Leftovers
|upkeep
|turn|9
|
|t:|1785891090
|move|p1b: Sinistcha|Rage Powder|p1b: Sinistcha
|-singleturn|p1b: Sinistcha|move: Rage Powder
|move|p1a: Kingambit|Kowtow Cleave|p2b: Avalugg
|-damage|p2b: Avalugg|31/100
|move|p2b: Avalugg|Mountain Gale|p1b: Sinistcha
|-supereffective|p1b: Sinistcha|1
|-damage|p1b: Sinistcha|0 fnt
|faint|p1b: Sinistcha
|move|p2a: Crabominable|Close Combat|p1a: Kingambit
|-supereffective|p1a: Kingambit|2
|-damage|p1a: Kingambit|0 fnt
|-unboost|p2a: Crabominable|def|1
|-unboost|p2a: Crabominable|spd|1
|faint|p1a: Kingambit
|
|-heal|p2b: Avalugg|37/100|[from] item: Leftovers
|-sideend|p2: Snow Trick Room|move: Aurora Veil
|upkeep
|
|t:|1785891108
|switch|p1b: Staraptor|Staraptor, L50, F|100/100
|switch|p1a: Incineroar|Incineroar, L50, F|82/100
|-ability|p1b: Staraptor|Intimidate|boost
|-unboost|p2a: Crabominable|atk|1
|-unboost|p2b: Avalugg|atk|1
|-ability|p1a: Incineroar|Intimidate|boost
|-unboost|p2a: Crabominable|atk|1
|-unboost|p2b: Avalugg|atk|1
|turn|10
|
|t:|1785891126
|detailschange|p1b: Staraptor|Staraptor-Mega, L50, F
|-mega|p1b: Staraptor|Staraptor|Staraptite
|move|p1a: Incineroar|Fake Out|p2a: Crabominable
|-damage|p2a: Crabominable|83/100
|move|p1b: Staraptor|Close Combat|p2b: Avalugg
|-supereffective|p2b: Avalugg|2
|-damage|p2b: Avalugg|0 fnt
|-boost|p1b: Staraptor|def|1
|-boost|p1b: Staraptor|spd|1
|faint|p2b: Avalugg
|cant|p2a: Crabominable|flinch
|
|upkeep
|turn|11
|
|t:|1785891139
|move|p1b: Staraptor|Close Combat|p2a: Crabominable
|-supereffective|p2a: Crabominable|1
|-damage|p2a: Crabominable|0 fnt
|-boost|p1b: Staraptor|def|1
|-boost|p1b: Staraptor|spd|1
|faint|p2a: Crabominable
|
|win|Hadrian1917
|raw|Hadrian1917's rating: 1131 → 1147(+16 for winning)
|raw|Snow Trick Room's rating: 1000 → 1000(+0 for losing)
|l|☆Snow Trick Room
|player|p2|
