|j|☆Tchoubib
|j|☆xiaoliyunVGC
|html|TchoubibxiaoliyunVGC    
|uhtml|bestof|Game 2 of a best-of-3
|t:|1756726267
|gametype|doubles
|player|p1|Tchoubib|1|1257
|player|p2|xiaoliyunVGC|liko|1208
|gen|9
|tier|[Gen 9] VGC 2025 Reg H (Bo3)
|rated|
|rule|Species Clause: Limit one of each Pokémon
|rule|Item Clause: Limit 1 of each item
|clearpoke
|poke|p1|Kilowattrel, L50, M|
|poke|p1|Garchomp, L50, F|
|poke|p1|Gholdengo, L50|
|poke|p1|Incineroar, L50, F|
|poke|p1|Amoonguss, L50, M|
|poke|p1|Tyranitar, L50, F|
|poke|p2|Smeargle, L50, F|
|poke|p2|Hatterene, L50, F|
|poke|p2|Torkoal, L50, F|
|poke|p2|Lilligant-Hisui, L50, F|
|poke|p2|Ursaluna, L50, M|
|poke|p2|Indeedee-F, L50, F|
|teampreview|4
|showteam|p1|Kilowattrel||FocusSash|Competitive|Thunderbolt,AirSlash,Tailwind,Protect|||M|||50|,,,,,Ghost]Garchomp||LifeOrb|RoughSkin|Earthquake,DragonClaw,StompingTantrum,Protect|||F|||50|,,,,,Fire]Gholdengo||MetalCoat|GoodasGold|MakeItRain,ShadowBall,NastyPlot,Protect||||||50|,,,,,Flying]Incineroar||SitrusBerry|Intimidate|FlareBlitz,KnockOff,PartingShot,FakeOut|||F|||50|,,,,,Ghost]Amoonguss||RockyHelmet|Regenerator|PollenPuff,Spore,RagePowder,Protect|||M|||50|,,,,,Water]Tyranitar||AssaultVest|SandStream|RockSlide,KnockOff,LowKick,TeraBlast|||F|||50|,,,,,Flying
|showteam|p2|Smeargle||EjectPack|Moody|FakeOut,FollowMe,Spore,WideGuard|||F|||50|,,,,,Ghost]Hatterene||LifeOrb|MagicBounce|DazzlingGleam,ExpandingForce,Protect,TrickRoom|||F|||50|,,,,,Water]Torkoal||ChoiceSpecs|Drought|Eruption,HeatWave,WeatherBall,EarthPower|||F|||50|,,,,,Fire]Lilligant-Hisui||ClearAmulet|Chlorophyll|CloseCombat,SolarBlade,AfterYou,SleepPowder|||F|||50|,,,,,Fire]Ursaluna||FlameOrb|Guts|Facade,Earthquake,HeadlongRush,Protect|||M|||50|,,,,,Normal]Indeedee-F||RockyHelmet|PsychicSurge|AlluringVoice,TrickRoom,FollowMe,HelpingHand|||F|||50|,,,,,Fairy
|inactive|Battle timer is ON: inactive players will automatically lose when time's up. (requested by xiaoliyunVGC)
|inactive|Tchoubib has 60 seconds left.
|
|t:|1756726306
|teamsize|p1|4
|teamsize|p2|4
|start
|switch|p1a: Garchomp|Garchomp, L50, F|100/100
|switch|p1b: Gholdengo|Gholdengo, L50|100/100
|switch|p2a: Hatterene|Hatterene, L50, F|100/100
|switch|p2b: Smeargle|Smeargle, L50, F|100/100
|turn|1
|inactive|Tchoubib has 30 seconds left.
|inactive|Tchoubib has 20 seconds left.
|
|t:|1756726343
|switch|p1a: Incineroar|Incineroar, L50, F|100/100
|-ability|p1a: Incineroar|Intimidate|boost
|-unboost|p2a: Hatterene|atk|1
|-unboost|p2b: Smeargle|atk|1
|-enditem|p2b: Smeargle|Eject Pack
|
|t:|1756726347
|switch|p2b: Ursaluna|Ursaluna, L50, M, shiny|100/100
|-terastallize|p2a: Hatterene|Water
|move|p1b: Gholdengo|Nasty Plot|p1b: Gholdengo
|-boost|p1b: Gholdengo|spa|2
|move|p2a: Hatterene|Trick Room|p2a: Hatterene
|-fieldstart|move: Trick Room|[of] p2a: Hatterene
|
|-status|p2b: Ursaluna|brn|[from] item: Flame Orb
|upkeep
|turn|2
|inactive|Tchoubib has 30 seconds left.
|inactive|Tchoubib has 20 seconds left.
|inactive|Tchoubib has 15 seconds left.
|inactive|Tchoubib has 10 seconds left.
|
|t:|1756726397
|switch|p2a: Smeargle|Smeargle, L50, F|100/100
|-terastallize|p1b: Gholdengo|Flying
|move|p2b: Ursaluna|Protect|p2b: Ursaluna
|-singleturn|p2b: Ursaluna|Protect
|move|p1a: Incineroar|Fake Out|p2b: Ursaluna
|-activate|p2b: Ursaluna|move: Protect
|move|p1b: Gholdengo|Make It Rain|p2b: Ursaluna|[spread] p2a
|-activate|p2b: Ursaluna|move: Protect
|-damage|p2a: Smeargle|0 fnt
|-unboost|p1b: Gholdengo|spa|1
|faint|p2a: Smeargle
|
|-damage|p2b: Ursaluna|94/100 brn|[from] brn
|upkeep
|
|t:|1756726408
|switch|p2a: Torkoal|Torkoal, L50, F, shiny|100/100
|-weather|SunnyDay|[from] ability: Drought|[of] p2a: Torkoal
|turn|3
|inactive|Tchoubib has 30 seconds left.
|inactive|Tchoubib has 20 seconds left.
|
|t:|1756726447
|switch|p1a: Garchomp|Garchomp, L50, F|100/100
|move|p1b: Gholdengo|Protect|p1b: Gholdengo
|-singleturn|p1b: Gholdengo|Protect
|move|p2a: Torkoal|Eruption|p1b: Gholdengo|[spread] p1a
|-activate|p1b: Gholdengo|move: Protect
|-resisted|p1a: Garchomp
|-damage|p1a: Garchomp|40/100
|move|p2b: Ursaluna|Facade|p1a: Garchomp
|-damage|p1a: Garchomp|0 fnt
|-damage|p2b: Ursaluna|82/100 brn|[from] ability: Rough Skin|[of] p1a: Garchomp
|faint|p1a: Garchomp
|
|-weather|SunnyDay|[upkeep]
|-damage|p2b: Ursaluna|76/100 brn|[from] brn
|upkeep
|
|t:|1756726455
|switch|p1a: Incineroar|Incineroar, L50, F|100/100
|-ability|p1a: Incineroar|Intimidate|boost
|-unboost|p2a: Torkoal|atk|1
|-unboost|p2b: Ursaluna|atk|1
|turn|4
|inactive|Tchoubib has 30 seconds left.
|inactive|Tchoubib has 20 seconds left.
|
|t:|1756726494
|switch|p1b: Tyranitar|Tyranitar, L50, F|100/100
|-weather|Sandstorm|[from] ability: Sand Stream|[of] p1b: Tyranitar
|move|p1a: Incineroar|Fake Out|p2b: Ursaluna
|-damage|p2b: Ursaluna|69/100 brn
|move|p2a: Torkoal|Eruption|p1b: Tyranitar|[spread] p1a,p1b
|-resisted|p1a: Incineroar
|-resisted|p1b: Tyranitar
|-damage|p1a: Incineroar|71/100
|-damage|p1b: Tyranitar|86/100
|cant|p2b: Ursaluna|flinch
|
|-weather|Sandstorm|[upkeep]
|-damage|p2a: Torkoal|94/100|[from] Sandstorm
|-damage|p1a: Incineroar|65/100|[from] Sandstorm
|-damage|p2b: Ursaluna|63/100 brn|[from] brn
|upkeep
|turn|5
|inactive|Tchoubib has 30 seconds left.
|inactive|xiaoliyunVGC has 30 seconds left.
|inactive|Tchoubib has 20 seconds left.
|inactive|xiaoliyunVGC has 20 seconds left.
|inactive|Tchoubib has 15 seconds left.
|inactive|xiaoliyunVGC has 15 seconds left.
|inactive|Tchoubib has 10 seconds left.
|
|t:|1756726543
|switch|p2a: Hatterene|Hatterene, L50, F, tera:Water|100/100
|move|p2b: Ursaluna|Headlong Rush|p1b: Tyranitar
|-supereffective|p1b: Tyranitar
|-damage|p1b: Tyranitar|0 fnt
|-unboost|p2b: Ursaluna|def|1
|-unboost|p2b: Ursaluna|spd|1
|faint|p1b: Tyranitar
|move|p1a: Incineroar|Parting Shot|p2b: Ursaluna
|-unboost|p2b: Ursaluna|atk|1
|-unboost|p2b: Ursaluna|spa|1
|
|t:|1756726553
|switch|p1a: Gholdengo|Gholdengo, L50, tera:Flying|100/100|[from] Parting Shot
|
|-weather|Sandstorm|[upkeep]
|-damage|p2a: Hatterene|94/100|[from] Sandstorm
|-damage|p1a: Gholdengo|94/100|[from] Sandstorm
|-damage|p2b: Ursaluna|57/100 brn|[from] brn
|-fieldend|move: Trick Room
|upkeep
|
|t:|1756726556
|switch|p1b: Incineroar|Incineroar, L50, F|65/100
|-ability|p1b: Incineroar|Intimidate|boost
|-unboost|p2a: Hatterene|atk|1
|-unboost|p2b: Ursaluna|atk|1
|turn|6
|inactive|Tchoubib has 30 seconds left.
|
|t:|1756726584
|switch|p2a: Torkoal|Torkoal, L50, F, shiny|94/100
|-weather|SunnyDay|[from] ability: Drought|[of] p2a: Torkoal
|move|p1b: Incineroar|Fake Out|p2a: Torkoal
|-damage|p2a: Torkoal|86/100
|move|p1a: Gholdengo|Nasty Plot|p1a: Gholdengo
|-boost|p1a: Gholdengo|spa|2
|move|p2b: Ursaluna|Headlong Rush|p1b: Incineroar
|-supereffective|p1b: Incineroar
|-damage|p1b: Incineroar|0 fnt
|-unboost|p2b: Ursaluna|def|1
|-unboost|p2b: Ursaluna|spd|1
|faint|p1b: Incineroar
|
|-weather|SunnyDay|[upkeep]
|-damage|p2b: Ursaluna|51/100 brn|[from] brn
|upkeep
|turn|7
|inactive|Tchoubib has 30 seconds left.
|
|t:|1756726612
|move|p1a: Gholdengo|Protect|p1a: Gholdengo
|-singleturn|p1a: Gholdengo|Protect
|move|p2b: Ursaluna|Facade|p1a: Gholdengo
|-activate|p1a: Gholdengo|move: Protect
|move|p2a: Torkoal|Weather Ball|p1a: Gholdengo
|-activate|p1a: Gholdengo|move: Protect
|
|-weather|SunnyDay|[upkeep]
|-damage|p2b: Ursaluna|45/100 brn|[from] brn
|upkeep
|turn|8
|
|t:|1756726628
|switch|p2a: Hatterene|Hatterene, L50, F, tera:Water|94/100
|move|p1a: Gholdengo|Shadow Ball|p2a: Hatterene
|-damage|p2a: Hatterene|5/100
|move|p2b: Ursaluna|Facade|p1a: Gholdengo
|-damage|p1a: Gholdengo|42/100
|
|-weather|SunnyDay|[upkeep]
|-damage|p2b: Ursaluna|39/100 brn|[from] brn
|upkeep
|turn|9
|inactive|Tchoubib has 30 seconds left.
|
|t:|1756726658
|move|p1a: Gholdengo|Protect|p1a: Gholdengo
|-singleturn|p1a: Gholdengo|Protect
|move|p2b: Ursaluna|Protect|p2b: Ursaluna
|-singleturn|p2b: Ursaluna|Protect
|move|p2a: Hatterene|Dazzling Gleam|p1a: Gholdengo
|-activate|p1a: Gholdengo|move: Protect
|
|-weather|SunnyDay|[upkeep]
|-damage|p2b: Ursaluna|33/100 brn|[from] brn
|upkeep
|turn|10
|
|t:|1756726675
|move|p2b: Ursaluna|Protect||[still]
|-fail|p2b: Ursaluna
|move|p1a: Gholdengo|Make It Rain|p2b: Ursaluna|[spread] p2a,p2b
|-resisted|p2a: Hatterene
|-damage|p2a: Hatterene|0 fnt
|-damage|p2b: Ursaluna|0 fnt
|-unboost|p1a: Gholdengo|spa|1
|faint|p2a: Hatterene
|faint|p2b: Ursaluna
|
|-weather|none
|upkeep
|
|t:|1756726680
|switch|p2b: Torkoal|Torkoal, L50, F, shiny|86/100
|-weather|SunnyDay|[from] ability: Drought|[of] p2b: Torkoal
|turn|11
|c|☆Tchoubib|i missplayed
|c|☆Tchoubib|you could have TR
|
|t:|1756726692
|move|p1a: Gholdengo|Shadow Ball|p2b: Torkoal
|-damage|p2b: Torkoal|10/100
|move|p2b: Torkoal|Weather Ball|p1a: Gholdengo
|-damage|p1a: Gholdengo|0 fnt
|faint|p1a: Gholdengo
|
|win|xiaoliyunVGC
||xiaoliyunVGC is ready for game 3.
|inactive|Tchoubib has 30 seconds to confirm battle start!
||Tchoubib is ready for game 3.
|uhtml|next|Next: Game 3 of 3
|l|☆Tchoubib
|player|p1|
|j|☆Tchoubib
|player|p1|Tchoubib|1|
|l|☆xiaoliyunVGC
|player|p2|
