|j|☆Stormy3246
|j|☆DArkaisVGC
|html|Stormy3246DArkaisVGC    
|uhtml|bestof|Game 1 of a best-of-3
|t:|1782680479
|gametype|doubles
|player|p1|Stormy3246|hilbert|1008
|player|p2|DArkaisVGC|170|1000
|gen|9
|tier|[Gen 9 Champions] VGC 2026 Reg M-B (Bo3)
|rated|
|rule|Species Clause: Limit one of each Pokémon
|rule|Item Clause: Limit 1 of each item
|clearpoke
|poke|p1|Swampert, L50, M|
|poke|p1|Archaludon, L50, M|
|poke|p1|Sinistcha, L50|
|poke|p1|Garchomp, L50, M|
|poke|p1|Sneasler, L50, F|
|poke|p1|Pelipper, L50, M|
|poke|p2|Greninja, L50, M|
|poke|p2|Aerodactyl, L50, F|
|poke|p2|Farigiraf, L50, F|
|poke|p2|Sneasler, L50, F|
|poke|p2|Sinistcha, L50|
|poke|p2|Raichu, L50, F|
|teampreview|4
|showteam|p1|Swampert||Swampertite|Torrent|WaveCrash,StompingTantrum,PoisonJab,Protect|Adamant||M|||50|]Archaludon||Leftovers|Stamina|ElectroShot,DragonPulse,FlashCannon,Protect|Modest||M|||50|]Sinistcha||ColburBerry|Hospitality|MatchaGotcha,RagePowder,LifeDew,TrickRoom|Relaxed|||||50|]Garchomp||LifeOrb|RoughSkin|RockSlide,DragonClaw,StompingTantrum,Protect|Jolly||M|||50|]Sneasler||WhiteHerb|Unburden|DireClaw,CloseCombat,FakeOut,Protect|Adamant||F|||50|]Pelipper||SitrusBerry|Drizzle|MuddyWater,WideGuard,Tailwind,RainDance|Modest||M|||50|
|showteam|p2|Greninja||LifeOrb|Protean|DarkPulse,GrassKnot,HydroPump,Protect|Modest||M|||50|]Aerodactyl||Aerodactylite|Unnerve|Tailwind,DualWingbeat,IceFang,WideGuard|Adamant||F|||50|]Farigiraf||ColburBerry|ArmorTail|TrickRoom,PsychicFangs,Thunderbolt,AllySwitch|Relaxed||F|||50|]Sneasler||WhiteHerb|Unburden|FakeOut,DireClaw,CloseCombat,Protect|Adamant||F|||50|]Sinistcha||SitrusBerry|Hospitality|TrickRoom,LifeDew,MatchaGotcha,ShadowBall|Modest|||||50|]Raichu||RaichuniteY|LightningRod|FakeOut,ZapCannon,FocusBlast,Protect|Timid||F|||50|
|
|t:|1782680521
|teamsize|p1|4
|teamsize|p2|4
|start
|switch|p1a: Sinistcha|Sinistcha, L50|100/100
|switch|p1b: Archaludon|Archaludon, L50, M|100/100
|switch|p2a: Sinistcha|Sinistcha, L50|100/100
|switch|p2b: Greninja|Greninja, L50, M|100/100
|turn|1
|inactive|Battle timer is ON: inactive players will automatically lose when time's up. (requested by DArkaisVGC)
|inactive|Stormy3246 has 60 seconds left.
|inactive|DArkaisVGC has 60 seconds left.
|
|t:|1782680566
|switch|p2a: Raichu|Raichu, L50, F|100/100
|move|p2b: Greninja|Dark Pulse|p1a: Sinistcha
|-start|p2b: Greninja|typechange|Dark|[from] ability: Protean
|-supereffective|p1a: Sinistcha|1
|-enditem|p1a: Sinistcha|Colbur Berry|[eat]
|-enditem|p1a: Sinistcha|Colbur Berry|[weaken]
|-damage|p1a: Sinistcha|43/100
|-damage|p2b: Greninja|90/100|[from] item: Life Orb
|move|p1b: Archaludon|Electro Shot||[still]
|-prepare|p1b: Archaludon|Electro Shot
|-boost|p1b: Archaludon|spa|1
|move|p1a: Sinistcha|Matcha Gotcha|p2b: Greninja|[spread] p2a,p2b
|-damage|p2a: Raichu|65/100
|-heal|p1a: Sinistcha|59/100|[from] drain|[of] p2a: Raichu
|-damage|p2b: Greninja|51/100
|-heal|p1a: Sinistcha|79/100|[from] drain|[of] p2b: Greninja
|
|upkeep
|turn|2
|l|☆DArkaisVGC
|inactive|DArkaisVGC disconnected and has a minute to reconnect!
|player|p2|
|j|☆DArkaisVGC
|inactive|DArkaisVGC reconnected and has 35 seconds left.
|player|p2|DArkaisVGC|170|
|inactive|Stormy3246 has 30 seconds left.
|inactive|DArkaisVGC has 30 seconds left.
|inactive|Stormy3246 has 20 seconds left.
|inactive|DArkaisVGC has 20 seconds left.
|inactive|Stormy3246 has 15 seconds left.
|inactive|DArkaisVGC has 15 seconds left.
|inactive|Stormy3246 has 10 seconds left.
|inactive|DArkaisVGC has 10 seconds left.
|inactive|Stormy3246 has 5 seconds left.
|inactive|DArkaisVGC has 5 seconds left.
|
|t:|1782680621
|move|p2a: Raichu|Fake Out|p1b: Archaludon
|-resisted|p1b: Archaludon|1
|-damage|p1b: Archaludon|97/100
|-ability|p1b: Archaludon|Stamina|boost
|-boost|p1b: Archaludon|def|1
|move|p2b: Greninja|Dark Pulse|p1a: Sinistcha
|-supereffective|p1a: Sinistcha|1
|-damage|p1a: Sinistcha|0 fnt
|faint|p1a: Sinistcha
|-damage|p2b: Greninja|42/100|[from] item: Life Orb
|cant|p1b: Archaludon|flinch
|
|-heal|p1b: Archaludon|100/100|[from] item: Leftovers
|upkeep
|
|t:|1782680633
|switch|p1a: Pelipper|Pelipper, L50, M|100/100
|-weather|RainDance|[from] ability: Drizzle|[of] p1a: Pelipper
|turn|3
|inactive|Stormy3246 has 30 seconds left.
|inactive|DArkaisVGC has 30 seconds left.
|
|t:|1782680661
|switch|p2b: Sinistcha|Sinistcha, L50|100/100
|-heal|p2a: Raichu|90/100|[from] ability: Hospitality|[of] p2b: Sinistcha
|switch|p1b: Swampert|Swampert, L50, M|100/100
|detailschange|p2a: Raichu|Raichu-Mega-Y, L50, F
|-mega|p2a: Raichu|Raichu|Raichunite Y
|move|p2a: Raichu|Zap Cannon|p1a: Pelipper
|-supereffective|p1a: Pelipper|2
|-damage|p1a: Pelipper|0 fnt
|faint|p1a: Pelipper
|
|-weather|RainDance|[upkeep]
|upkeep
|
|t:|1782680672
|switch|p1a: Archaludon|Archaludon, L50, M|100/100
|turn|4
|
|t:|1782680695
|detailschange|p1b: Swampert|Swampert-Mega, L50, M
|-mega|p1b: Swampert|Swampert|Swampertite
|move|p2a: Raichu|Protect|p2a: Raichu
|-singleturn|p2a: Raichu|Protect
|move|p1b: Swampert|Poison Jab|p2b: Sinistcha
|-damage|p2b: Sinistcha|66/100
|move|p1a: Archaludon|Dragon Pulse|p2b: Sinistcha
|-damage|p2b: Sinistcha|20/100y
|-enditem|p2b: Sinistcha|Sitrus Berry|[eat]
|-heal|p2b: Sinistcha|44/100|[from] item: Sitrus Berry
|move|p2b: Sinistcha|Trick Room|p2b: Sinistcha
|-fieldstart|move: Trick Room|[of] p2b: Sinistcha
|
|-weather|RainDance|[upkeep]
|upkeep
|turn|5
|inactive|DArkaisVGC has 30 seconds left.
|
|t:|1782680728
|move|p1b: Swampert|Protect|p1b: Swampert
|-singleturn|p1b: Swampert|Protect
|move|p2b: Sinistcha|Matcha Gotcha|p1a: Archaludon|[spread] p1a
|-activate|p1b: Swampert|move: Protect
|-resisted|p1a: Archaludon|2
|-damage|p1a: Archaludon|91/100
|-heal|p2b: Sinistcha|49/100|[from] drain|[of] p1a: Archaludon
|-ability|p1a: Archaludon|Stamina|boost
|-boost|p1a: Archaludon|def|1
|move|p1a: Archaludon|Dragon Pulse|p2a: Raichu
|-damage|p2a: Raichu|32/100
|move|p2a: Raichu|Focus Blast|p1a: Archaludon
|-supereffective|p1a: Archaludon|1
|-damage|p1a: Archaludon|0 fnt
|faint|p1a: Archaludon
|
|-weather|RainDance|[upkeep]
|upkeep
|turn|6
|-message|Stormy3246 forfeited.
|raw|Stormy3246's rating: 1008 → 1000(-8 for losing)
|raw|DArkaisVGC's rating: 1000 → 1041(+41 for winning)
|
|win|DArkaisVGC
|l|☆Stormy3246
|player|p1|
