|j|☆Jim9174
|j|☆Awammy
|html|Jim9174Awammy    
|uhtml|bestof|Game 3 of a best-of-3
|t:|1783969821
|gametype|doubles
|player|p1|Jim9174|benga|
|player|p2|Awammy|colress|
|gen|9
|tier|[Gen 9 Champions] VGC 2026 Reg M-B (Bo3)
|rule|Species Clause: Limit one of each Pokémon
|rule|Item Clause: Limit 1 of each item
|clearpoke
|poke|p1|Greninja, L50, F|
|poke|p1|Aerodactyl, L50, M|
|poke|p1|Farigiraf, L50, F|
|poke|p1|Garchomp, L50, M|
|poke|p1|Incineroar, L50, F|
|poke|p1|Sinistcha-Masterpiece, L50|
|poke|p2|Kingambit, L50, F|
|poke|p2|Floette-Eternal, L50, F|
|poke|p2|Incineroar, L50, F|
|poke|p2|Sneasler, L50, F|
|poke|p2|Sinistcha, L50|
|poke|p2|Dragonite, L50, F|
|teampreview|4
|showteam|p1|Greninja||Greninjite|Torrent|IceBeam,Extrasensory,HydroPump,Protect|Timid||F|||50|]Aerodactyl||FocusSash|Unnerve|RockSlide,Tailwind,WideGuard,Protect|Jolly||M|||50|]Farigiraf||SitrusBerry|ArmorTail|HyperVoice,Psyshock,NastyPlot,Protect|Modest||F|||50|]Garchomp||SoftSand|RoughSkin|StompingTantrum,Earthquake,DragonClaw,Protect|Jolly||M|||50|]Incineroar||ChopleBerry|Intimidate|FakeOut,FlareBlitz,DarkestLariat,PartingShot|Careful||F|||50|]Sinistcha-Masterpiece||MiracleSeed|Hospitality|MatchaGotcha,RagePowder,TrickRoom,Protect|Modest|||||50|
|showteam|p2|Kingambit||ChopleBerry|Defiant|Protect,IronHead,SuckerPunch,KowtowCleave|Adamant||F|||50|]Floette-Eternal||Floettite|FlowerVeil|Protect,CalmMind,DrainingKiss,DazzlingGleam|Bold||F|||50|]Incineroar||SitrusBerry|Intimidate|FakeOut,FlareBlitz,WillOWisp,PartingShot|Careful||F|||50|]Sneasler||FocusSash|PoisonTouch|FakeOut,Coaching,PoisonJab,CloseCombat|Jolly||F|||50|]Sinistcha||Leftovers|Hospitality|Protect,MatchaGotcha,TrickRoom,RagePowder|Bold|||||50|]Dragonite||LifeOrb|InnerFocus|Protect,DragonClaw,ExtremeSpeed,RockSlide|Adamant||F|||50|
|j| Gdrampa
|j| Autumnal Rein
|
|t:|1783969889
|teamsize|p1|4
|teamsize|p2|4
|start
|switch|p1a: Farigiraf|Farigiraf, L50, F|100/100
|switch|p1b: Garchomp|Garchomp, L50, M|100/100
|switch|p2a: Floette|Floette-Eternal, L50, F|100/100
|switch|p2b: Sneasler|Sneasler, L50, F|100/100
|turn|1
|
|t:|1783969931
|switch|p1b: Incineroar|Incineroar, L50, F|100/100
|-ability|p1b: Incineroar|Intimidate|boost
|-unboost|p2a: Floette|atk|1
|-unboost|p2b: Sneasler|atk|1
|detailschange|p2a: Floette|Floette-Mega, L50, F
|-mega|p2a: Floette|Floette|Floettite
|-ability|p2a: Floette|Fairy Aura
|move|p2b: Sneasler|Coaching|p2a: Floette
|-boost|p2a: Floette|atk|1
|-boost|p2a: Floette|def|1
|move|p2a: Floette|Calm Mind|p2a: Floette
|-boost|p2a: Floette|spa|1
|-boost|p2a: Floette|spd|1
|move|p1a: Farigiraf|Nasty Plot|p1a: Farigiraf
|-boost|p1a: Farigiraf|spa|2
|
|upkeep
|turn|2
|
|t:|1783969986
|switch|p2b: Kingambit|Kingambit, L50, F|100/100
|move|p2a: Floette|Protect|p2a: Floette
|-singleturn|p2a: Floette|Protect
|move|p1b: Incineroar|Fake Out|p2a: Floette
|-activate|p2a: Floette|move: Protect
|move|p1a: Farigiraf|Nasty Plot|p1a: Farigiraf
|-boost|p1a: Farigiraf|spa|2
|
|upkeep
|turn|3
|
|t:|1783970028
|move|p2a: Floette|Dazzling Gleam|p1b: Incineroar|[spread] p1a,p1b
|-damage|p1a: Farigiraf|32/100
|-damage|p1b: Incineroar|58/100
|-enditem|p1a: Farigiraf|Sitrus Berry|[eat]
|-heal|p1a: Farigiraf|57/100|[from] item: Sitrus Berry
|move|p1a: Farigiraf|Hyper Voice|p2a: Floette|[spread] p2a,p2b
|-resisted|p2b: Kingambit|1
|-damage|p2a: Floette|54/100
|-damage|p2b: Kingambit|56/100
|move|p1b: Incineroar|Flare Blitz|p2b: Kingambit
|-supereffective|p2b: Kingambit|1
|-damage|p2b: Kingambit|0 fnt
|faint|p2b: Kingambit
|-damage|p1b: Incineroar|39/100|[from] Recoil
|
|upkeep
|
|t:|1783970046
|switch|p2b: Sneasler|Sneasler, L50, F|100/100
|turn|4
|
|t:|1783970074
|move|p1a: Farigiraf|Protect|p1a: Farigiraf
|-singleturn|p1a: Farigiraf|Protect
|move|p2b: Sneasler|Coaching|p2a: Floette
|-boost|p2a: Floette|atk|1
|-boost|p2a: Floette|def|1
|move|p2a: Floette|Dazzling Gleam|p1a: Farigiraf|[spread] p1b
|-activate|p1a: Farigiraf|move: Protect
|-damage|p1b: Incineroar|0 fnt
|faint|p1b: Incineroar
|
|upkeep
|
|t:|1783970086
|switch|p1b: Aerodactyl|Aerodactyl, L50, M|100/100
|-ability|p1b: Aerodactyl|Unnerve
|turn|5
|
|t:|1783970119
|move|p1b: Aerodactyl|Tailwind|p1b: Aerodactyl
|-sidestart|p1: Jim9174|move: Tailwind
|move|p1a: Farigiraf|Hyper Voice|p2a: Floette|[spread] p2a,p2b
|-damage|p2a: Floette|8/100
|-enditem|p2b: Sneasler|Focus Sash
|-damage|p2b: Sneasler|1/100
|move|p2b: Sneasler|Close Combat|p1a: Farigiraf
|-crit|p1a: Farigiraf
|-damage|p1a: Farigiraf|0 fnt
|-unboost|p2b: Sneasler|def|1
|-unboost|p2b: Sneasler|spd|1
|faint|p1a: Farigiraf
|move|p2a: Floette|Dazzling Gleam|p1b: Aerodactyl
|-enditem|p1b: Aerodactyl|Focus Sash
|-damage|p1b: Aerodactyl|1/100
|
|upkeep
|
|t:|1783970133
|switch|p1a: Garchomp|Garchomp, L50, M|100/100
|turn|6
|
|t:|1783970144
|switch|p2b: Sinistcha|Sinistcha, L50|100/100
|-heal|p2a: Floette|33/100|[from] ability: Hospitality|[of] p2b: Sinistcha
|move|p2a: Floette|Protect|p2a: Floette
|-singleturn|p2a: Floette|Protect
|move|p1b: Aerodactyl|Rock Slide|p2a: Floette|[spread] p2b
|-activate|p2a: Floette|move: Protect
|-damage|p2b: Sinistcha|80/100
|move|p1a: Garchomp|Earthquake|p2b: Sinistcha|[spread] p2b
|-activate|p2a: Floette|move: Protect
|-immune|p1b: Aerodactyl
|-resisted|p2b: Sinistcha|1
|-damage|p2b: Sinistcha|62/100
|
|-heal|p2b: Sinistcha|68/100|[from] item: Leftovers
|upkeep
|turn|7
|
|t:|1783970191
|switch|p2a: Sneasler|Sneasler, L50, F|1/100
|move|p1b: Aerodactyl|Rock Slide|p2a: Sneasler|[spread] p2a,p2b
|-resisted|p2a: Sneasler|1
|-damage|p2a: Sneasler|0 fnt
|-damage|p2b: Sinistcha|48/100
|faint|p2a: Sneasler
|move|p1a: Garchomp|Earthquake|p2b: Sinistcha|[spread] p2b
|-immune|p1b: Aerodactyl
|-resisted|p2b: Sinistcha|1
|-damage|p2b: Sinistcha|28/100
|cant|p2b: Sinistcha|flinch
|
|-heal|p2b: Sinistcha|34/100|[from] item: Leftovers
|upkeep
|
|t:|1783970205
|switch|p2a: Floette|Floette-Mega, L50, F|33/100
|-ability|p2a: Floette|Fairy Aura
|turn|8
|l| Gdrampa
|
|t:|1783970221
|move|p2a: Floette|Protect|p2a: Floette
|-singleturn|p2a: Floette|Protect
|move|p1b: Aerodactyl|Wide Guard|p1b: Aerodactyl
|-singleturn|p1b: Aerodactyl|Wide Guard
|move|p1a: Garchomp|Earthquake|p2a: Floette|[spread] p2b
|-activate|p1b: Aerodactyl|move: Wide Guard
|-activate|p2a: Floette|move: Protect
|-resisted|p2b: Sinistcha|1
|-damage|p2b: Sinistcha|17/100
|move|p2b: Sinistcha|Trick Room|p2b: Sinistcha
|-fieldstart|move: Trick Room|[of] p2b: Sinistcha
|
|-heal|p2b: Sinistcha|23/100|[from] item: Leftovers
|-sideend|p1: Jim9174|move: Tailwind
|upkeep
|turn|9
|j| Gdrampa
|l| Gdrampa
|j| Gdrampa
|
|t:|1783970282
|move|p1b: Aerodactyl|Wide Guard|p1b: Aerodactyl
|-singleturn|p1b: Aerodactyl|Wide Guard
|move|p2b: Sinistcha|Matcha Gotcha|p1b: Aerodactyl|[spread] 
|-activate|p1a: Garchomp|move: Wide Guard
|-activate|p1b: Aerodactyl|move: Wide Guard
|move|p2a: Floette|Draining Kiss|p1a: Garchomp
|-supereffective|p1a: Garchomp|1
|-damage|p1a: Garchomp|22/100
|-heal|p2a: Floette|94/100|[from] drain|[of] p1a: Garchomp
|-damage|p2a: Floette|82/100|[from] ability: Rough Skin|[of] p1a: Garchomp
|move|p1a: Garchomp|Earthquake|p2b: Sinistcha|[spread] p2a,p2b
|-activate|p1b: Aerodactyl|move: Wide Guard
|-resisted|p2b: Sinistcha|1
|-crit|p2b: Sinistcha
|-damage|p2a: Floette|42/100
|-damage|p2b: Sinistcha|0 fnt
|faint|p2b: Sinistcha
|
|upkeep
|turn|10
|
|t:|1783970338
|move|p2a: Floette|Draining Kiss|p1a: Garchomp
|-supereffective|p1a: Garchomp|1
|-damage|p1a: Garchomp|0 fnt
|-heal|p2a: Floette|60/100|[from] drain|[of] p1a: Garchomp
|-damage|p2a: Floette|48/100|[from] ability: Rough Skin|[of] p1a: Garchomp
|faint|p1a: Garchomp
|move|p1b: Aerodactyl|Rock Slide|p2a: Floette
|-damage|p2a: Floette|17/100
|
|upkeep
|turn|11
|
|t:|1783970348
|move|p1b: Aerodactyl|Protect|p1b: Aerodactyl
|-singleturn|p1b: Aerodactyl|Protect
|move|p2a: Floette|Draining Kiss|p1b: Aerodactyl
|-activate|p1b: Aerodactyl|move: Protect
|
|upkeep
|turn|12
|
|t:|1783970351
|move|p1b: Aerodactyl|Protect|p1b: Aerodactyl
|-singleturn|p1b: Aerodactyl|Protect
|move|p2a: Floette|Draining Kiss|p1b: Aerodactyl
|-activate|p1b: Aerodactyl|move: Protect
|
|-fieldend|move: Trick Room
|upkeep
|turn|13
|
|t:|1783970354
|move|p1b: Aerodactyl|Rock Slide|p2a: Floette
|-damage|p2a: Floette|0 fnt
|faint|p2a: Floette
|
|win|Jim9174
|c|☆Jim9174|ggs
|l| Gdrampa
|l| Autumnal Rein
|c|☆Awammy|ggs
|l|☆Awammy
|player|p2|
|j| thepostmanp
|l| thepostmanp
