|j|☆Prepucio Santos
|j|☆Kap2122
|html|Prepucio SantosKap2122    
|uhtml|bestof|Game 2 of a best-of-3
|t:|1783757204
|gametype|doubles
|player|p1|Prepucio Santos|striker|1299
|player|p2|Kap2122|hugh|1223
|gen|9
|tier|[Gen 9 Champions] VGC 2026 Reg M-B (Bo3)
|rated|
|rule|Species Clause: Limit one of each Pokémon
|rule|Item Clause: Limit 1 of each item
|clearpoke
|poke|p1|Incineroar, L50, M|
|poke|p1|Sinistcha-Masterpiece, L50, shiny|
|poke|p1|Floette-Eternal, L50, F|
|poke|p1|Kingambit, L50, F|
|poke|p1|Sneasler, L50, F|
|poke|p1|Delphox, L50, F, shiny|
|poke|p2|Garchomp, L50, M|
|poke|p2|Charizard, L50, F|
|poke|p2|Farigiraf, L50, F|
|poke|p2|Toxapex, L50, F|
|poke|p2|Incineroar, L50, M|
|poke|p2|Whimsicott, L50, M|
|teampreview|4
|showteam|p1|Incineroar||SitrusBerry|Intimidate|FakeOut,PartingShot,ThroatChop,FlareBlitz|Careful||M|||50|]Sinistcha-Masterpiece||KasibBerry|Hospitality|MatchaGotcha,LifeDew,RagePowder,TrickRoom|Bold|||||50|]Floette-Eternal||Floettite|FlowerVeil|Moonblast,DazzlingGleam,CalmMind,Protect|Modest||F|||50|]Kingambit||BlackGlasses|Defiant|KowtowCleave,SuckerPunch,SwordsDance,Protect|Adamant||F|||50|]Sneasler||FocusSash|PoisonTouch|FakeOut,CloseCombat,DireClaw,QuickGuard|Jolly||F|||50|]Delphox||Delphoxite|Blaze|HeatWave,Psyshock,NastyPlot,Protect|Timid||F|||50|
|showteam|p2|Garchomp||HabanBerry|RoughSkin|DragonClaw,Earthquake,RockSlide,Protect|Jolly||M|||50|]Charizard||CharizarditeY|Blaze|Overheat,HeatWave,SolarBeam,Protect|Timid||F|||50|]Farigiraf||ColburBerry|ArmorTail|TwinBeam,TrickRoom,LowKick,Roar|Sassy||F|||50|]Toxapex||Leftovers|Regenerator|Toxic,Infestation,WideGuard,BanefulBunker|Bold||F|||50|]Incineroar||SitrusBerry|Intimidate|FakeOut,PartingShot,ThroatChop,FlareBlitz|Impish||M|||50|]Whimsicott||FocusSash|Prankster|Moonblast,Encore,Tailwind,Protect|Timid||M|||50|
|inactive|Battle timer is ON: inactive players will automatically lose when time's up. (requested by Kap2122)
|inactive|Kap2122 has 60 seconds left.
|
|t:|1783757246
|teamsize|p1|4
|teamsize|p2|4
|start
|switch|p1a: Sneasler|Sneasler, L50, F|100/100
|switch|p1b: Delphox|Delphox, L50, F, shiny|100/100
|switch|p2a: Garchomp|Garchomp, L50, M|100/100
|switch|p2b: Charizard|Charizard, L50, F|100/100
|turn|1
|
|t:|1783757262
|detailschange|p1b: Delphox|Delphox-Mega, L50, F, shiny
|-mega|p1b: Delphox|Delphox|Delphoxite
|detailschange|p2b: Charizard|Charizard-Mega-Y, L50, F
|-mega|p2b: Charizard|Charizard|Charizardite Y
|-weather|SunnyDay|[from] ability: Drought|[of] p2b: Charizard
|move|p1a: Sneasler|Fake Out|p2a: Garchomp
|-damage|p2a: Garchomp|87/100
|-damage|p1a: Sneasler|87/100|[from] ability: Rough Skin|[of] p2a: Garchomp
|move|p1b: Delphox|Nasty Plot|p1b: Delphox
|-boost|p1b: Delphox|spa|2
|cant|p2a: Garchomp|flinch
|move|p2b: Charizard|Heat Wave|p1a: Sneasler|[spread] p1a,p1b
|-resisted|p1b: Delphox|1
|-damage|p1a: Sneasler|1/100
|-damage|p1b: Delphox|70/100
|
|-weather|SunnyDay|[upkeep]
|upkeep
|turn|2
|
|t:|1783757284
|switch|p1a: Incineroar|Incineroar, L50, M|100/100
|-ability|p1a: Incineroar|Intimidate|boost
|-unboost|p2a: Garchomp|atk|1
|-unboost|p2b: Charizard|atk|1
|switch|p2b: Incineroar|Incineroar, L50, M|100/100
|-ability|p2b: Incineroar|Intimidate|boost
|-unboost|p1a: Incineroar|atk|1
|-unboost|p1b: Delphox|atk|1
|move|p2a: Garchomp|Protect|p2a: Garchomp
|-singleturn|p2a: Garchomp|Protect
|move|p1b: Delphox|Psyshock|p2b: Incineroar
|-immune|p2b: Incineroar
|
|-weather|SunnyDay|[upkeep]
|upkeep
|turn|3
|
|t:|1783757308
|switch|p1a: Sneasler|Sneasler, L50, F|1/100
|move|p1b: Delphox|Protect|p1b: Delphox
|-singleturn|p1b: Delphox|Protect
|move|p2b: Incineroar|Fake Out|p1b: Delphox
|-activate|p1b: Delphox|move: Protect
|move|p2a: Garchomp|Rock Slide|p1b: Delphox|[spread] p1a
|-activate|p1b: Delphox|move: Protect
|-resisted|p1a: Sneasler|1
|-damage|p1a: Sneasler|0 fnt
|faint|p1a: Sneasler
|
|-weather|SunnyDay|[upkeep]
|upkeep
|
|t:|1783757315
|switch|p1a: Incineroar|Incineroar, L50, M|100/100
|-ability|p1a: Incineroar|Intimidate|boost
|-unboost|p2a: Garchomp|atk|1
|-unboost|p2b: Incineroar|atk|1
|turn|4
|
|t:|1783757328
|move|p1a: Incineroar|Fake Out|p2b: Incineroar
|-damage|p2b: Incineroar|92/100
|move|p1b: Delphox|Nasty Plot|p1b: Delphox
|-boost|p1b: Delphox|spa|2
|move|p2a: Garchomp|Rock Slide|p1a: Incineroar|[spread] p1a,p1b
|-supereffective|p1a: Incineroar|1
|-supereffective|p1b: Delphox|1
|-damage|p1a: Incineroar|81/100
|-damage|p1b: Delphox|45/100
|cant|p2b: Incineroar|flinch
|
|-weather|SunnyDay|[upkeep]
|upkeep
|turn|5
|
|t:|1783757346
|move|p2a: Garchomp|Protect|p2a: Garchomp
|-singleturn|p2a: Garchomp|Protect
|move|p1b: Delphox|Psyshock|p2a: Garchomp
|-activate|p2a: Garchomp|move: Protect
|move|p1a: Incineroar|Parting Shot|p2b: Incineroar
|-unboost|p2b: Incineroar|atk|1
|-unboost|p2b: Incineroar|spa|1
|
|t:|1783757367
|switch|p1a: Kingambit|Kingambit, L50, F|100/100|[from] Parting Shot
|move|p2b: Incineroar|Throat Chop|p1b: Delphox
|-supereffective|p1b: Delphox|1
|-damage|p1b: Delphox|2/100
|-start|p1b: Delphox|Throat Chop|[silent]
|
|-weather|none
|upkeep
|turn|6
|
|t:|1783757385
|switch|p2a: Whimsicott|Whimsicott, L50, M|100/100
|move|p1b: Delphox|Protect|p1b: Delphox
|-singleturn|p1b: Delphox|Protect
|move|p2b: Incineroar|Flare Blitz|p1b: Delphox
|-activate|p1b: Delphox|move: Protect
|move|p1a: Kingambit|Swords Dance|p1a: Kingambit
|-boost|p1a: Kingambit|atk|2
|
|-end|p1b: Delphox|Throat Chop|[silent]
|upkeep
|turn|7
|
|t:|1783757404
|switch|p1b: Incineroar|Incineroar, L50, M|81/100
|-ability|p1b: Incineroar|Intimidate|boost
|-unboost|p2a: Whimsicott|atk|1
|-unboost|p2b: Incineroar|atk|1
|move|p2a: Whimsicott|Encore|p1b: Incineroar
|-hint|Since gen 7, Dark is immune to Prankster moves.
|-immune|p1b: Incineroar
|move|p2b: Incineroar|Flare Blitz|p1a: Kingambit
|-supereffective|p1a: Kingambit|1
|-damage|p1a: Kingambit|71/100
|-damage|p2b: Incineroar|82/100|[from] Recoil
|move|p1a: Kingambit|Swords Dance|p1a: Kingambit
|-boost|p1a: Kingambit|atk|2
|
|upkeep
|turn|8
|
|t:|1783757422
|switch|p2b: Charizard|Charizard-Mega-Y, L50, F|100/100
|-weather|SunnyDay|[from] ability: Drought|[of] p2b: Charizard
|move|p2a: Whimsicott|Protect|p2a: Whimsicott
|-singleturn|p2a: Whimsicott|Protect
|move|p1b: Incineroar|Fake Out|p2b: Charizard
|-damage|p2b: Charizard|84/100
|move|p1a: Kingambit|Kowtow Cleave|p2a: Whimsicott
|-activate|p2a: Whimsicott|move: Protect
|
|-weather|SunnyDay|[upkeep]
|upkeep
|turn|9
|
|t:|1783757442
|move|p2a: Whimsicott|Tailwind|p2a: Whimsicott
|-sidestart|p2: Kap2122|move: Tailwind
|move|p1a: Kingambit|Sucker Punch|p2b: Charizard
|-damage|p2b: Charizard|0 fnt
|faint|p2b: Charizard
|move|p1b: Incineroar|Flare Blitz|p2a: Whimsicott
|-supereffective|p2a: Whimsicott|1
|-enditem|p2a: Whimsicott|Focus Sash
|-damage|p2a: Whimsicott|1/100
|-damage|p1b: Incineroar|56/100|[from] Recoil
|
|-weather|SunnyDay|[upkeep]
|upkeep
|
|t:|1783757448
|switch|p2b: Garchomp|Garchomp, L50, M|87/100
|turn|10
|
|t:|1783757462
|move|p1a: Kingambit|Sucker Punch|p2b: Garchomp
|-damage|p2b: Garchomp|0 fnt
|-damage|p1a: Kingambit|58/100|[from] ability: Rough Skin|[of] p2b: Garchomp
|faint|p2b: Garchomp
|move|p2a: Whimsicott|Moonblast|p1b: Incineroar
|-damage|p1b: Incineroar|32/100
|-enditem|p1b: Incineroar|Sitrus Berry|[eat]
|-heal|p1b: Incineroar|57/100|[from] item: Sitrus Berry
|move|p1b: Incineroar|Flare Blitz|p2a: Whimsicott
|-supereffective|p2a: Whimsicott|1
|-damage|p2a: Whimsicott|0 fnt
|faint|p2a: Whimsicott
|-damage|p1b: Incineroar|56/100|[from] Recoil
|
|-weather|SunnyDay|[upkeep]
|upkeep
|-message|Kap2122 forfeited.
|
|win|Prepucio Santos
