|j|☆abofplastic
|j|☆TMJS01
|html|abofplasticTMJS01    
|uhtml|bestof|Game 1 of a best-of-3
|t:|1782187417
|gametype|doubles
|player|p1|abofplastic|170|1088
|player|p2|TMJS01|unknown|1347
|gen|9
|tier|[Gen 9 Champions] VGC 2026 Reg M-B (Bo3)
|rated|
|rule|Species Clause: Limit one of each Pokémon
|rule|Item Clause: Limit 1 of each item
|clearpoke
|poke|p1|Corviknight, L50, M|
|poke|p1|Grimmsnarl, L50, M|
|poke|p1|Farigiraf, L50, F|
|poke|p1|Blastoise, L50, M|
|poke|p1|Serperior, L50, M|
|poke|p1|Arcanine-Hisui, L50, M|
|poke|p2|Sinistcha, L50|
|poke|p2|Incineroar, L50, F|
|poke|p2|Garchomp, L50, M|
|poke|p2|Floette-Eternal, L50, F|
|poke|p2|Delphox, L50, F|
|poke|p2|Kingambit, L50, F|
|teampreview|4
|showteam|p1|Corviknight||OccaBerry|MirrorArmor|Protect,IronHead,DrillPeck,Tailwind|Adamant||M|||50|]Grimmsnarl||LightClay|Prankster|LightScreen,Reflect,ScaryFace,PlayRough|Careful||M|||50|]Farigiraf||ColburBerry|ArmorTail|TrickRoom,PsychicTerrain,Protect,ExpandingForce|Sassy||F|||50|]Blastoise||Blastoisinite|Torrent|WaterSpout,DarkPulse,IceBeam,Protect|Modest||M|||50|]Serperior||MiracleSeed|Contrary|Glare,LeafStorm,DragonPulse,Protect|Timid||M|||50|]Arcanine-Hisui||ChoiceScarf|Intimidate|RockSlide,RagingFury,HeadSmash,ExtremeSpeed|Adamant||M|||50|
|showteam|p2|Sinistcha||KasibBerry|Hospitality|MatchaGotcha,RagePowder,TrickRoom,LifeDew|Relaxed|||||50|]Incineroar||ChopleBerry|Intimidate|ThroatChop,FlareBlitz,PartingShot,FakeOut|Impish||F|||50|]Garchomp||LifeOrb|RoughSkin|ScaleShot,StompingTantrum,Protect,RockTomb|Jolly||M|||50|]Floette-Eternal||Floettite|FlowerVeil|Protect,CalmMind,Moonblast,DazzlingGleam|Modest||F|||50|]Delphox||Delphoxite|Blaze|NastyPlot,HeatWave,Psyshock,Protect|Timid||F|||50|]Kingambit||BlackGlasses|Defiant|Protect,IronHead,KowtowCleave,SuckerPunch|Adamant||F|||50|
|inactive|Battle timer is ON: inactive players will automatically lose when time's up. (requested by TMJS01)
|inactive|abofplastic also wants the timer to be on.
|
|t:|1782187440
|teamsize|p1|4
|teamsize|p2|4
|start
|switch|p1a: Corviknight|Corviknight, L50, M|100/100
|switch|p1b: Farigiraf|Farigiraf, L50, F|100/100
|switch|p2a: Floette|Floette-Eternal, L50, F|100/100
|switch|p2b: Sinistcha|Sinistcha, L50|100/100
|turn|1
|inactive|TMJS01 has 30 seconds left.
|
|t:|1782187468
|detailschange|p2a: Floette|Floette-Mega, L50, F
|-mega|p2a: Floette|Floette|Floettite
|-ability|p2a: Floette|Fairy Aura
|move|p2a: Floette|Calm Mind|p2a: Floette
|-boost|p2a: Floette|spa|1
|-boost|p2a: Floette|spd|1
|move|p1a: Corviknight|Drill Peck|p2b: Sinistcha
|-supereffective|p2b: Sinistcha|1
|-damage|p2b: Sinistcha|49/100
|move|p2b: Sinistcha|Matcha Gotcha|p1a: Corviknight|[spread] p1a,p1b
|-resisted|p1a: Corviknight|2
|-damage|p1a: Corviknight|94/100
|-heal|p2b: Sinistcha|52/100|[from] drain|[of] p1a: Corviknight
|-damage|p1b: Farigiraf|78/100
|-heal|p2b: Sinistcha|66/100|[from] drain|[of] p1b: Farigiraf
|-status|p1a: Corviknight|brn
|-status|p1b: Farigiraf|brn
|move|p1b: Farigiraf|Trick Room|p1b: Farigiraf
|-fieldstart|move: Trick Room|[of] p1b: Farigiraf
|
|-damage|p1b: Farigiraf|72/100 brn|[from] brn
|-damage|p1a: Corviknight|88/100 brn|[from] brn
|upkeep
|turn|2
|
|t:|1782187492
|switch|p2b: Incineroar|Incineroar, L50, F|100/100
|-ability|p2b: Incineroar|Intimidate|boost
|-ability|p1a: Corviknight|Mirror Armor
|-unboost|p2b: Incineroar|atk|1
|-unboost|p1b: Farigiraf|atk|1
|move|p1b: Farigiraf|Expanding Force|p2b: Incineroar
|-immune|p2b: Incineroar
|move|p1a: Corviknight|Iron Head|p2b: Incineroar
|-resisted|p2b: Incineroar|1
|-damage|p2b: Incineroar|93/100
|move|p2a: Floette|Dazzling Gleam|p1b: Farigiraf|[spread] p1a,p1b
|-resisted|p1a: Corviknight|1
|-damage|p1a: Corviknight|58/100 brn
|-damage|p1b: Farigiraf|3/100 brn
|
|-damage|p1b: Farigiraf|0 fnt|[from] brn
|faint|p1b: Farigiraf
|-damage|p1a: Corviknight|52/100 brn|[from] brn
|upkeep
|
|t:|1782187500
|switch|p1b: Blastoise|Blastoise, L50, M|100/100
|turn|3
|
|t:|1782187510
|move|p1b: Blastoise|Protect|p1b: Blastoise
|-singleturn|p1b: Blastoise|Protect
|move|p2b: Incineroar|Fake Out|p1b: Blastoise
|-activate|p1b: Blastoise|move: Protect
|move|p1a: Corviknight|Iron Head|p2a: Floette
|-supereffective|p2a: Floette|1
|-damage|p2a: Floette|69/100
|move|p2a: Floette|Dazzling Gleam|p1a: Corviknight|[spread] p1a
|-activate|p1b: Blastoise|move: Protect
|-resisted|p1a: Corviknight|1
|-damage|p1a: Corviknight|18/100 brn
|
|-damage|p1a: Corviknight|12/100 brn|[from] brn
|upkeep
|turn|4
|
|t:|1782187524
|detailschange|p1b: Blastoise|Blastoise-Mega, L50, M
|-mega|p1b: Blastoise|Blastoise|Blastoisinite
|move|p1a: Corviknight|Iron Head|p2a: Floette
|-supereffective|p2a: Floette|1
|-damage|p2a: Floette|39/100
|move|p2b: Incineroar|Parting Shot|p1b: Blastoise
|-unboost|p1b: Blastoise|atk|1
|-unboost|p1b: Blastoise|spa|1
|
|t:|1782187534
|switch|p2b: Sinistcha|Sinistcha, L50|66/100|[from] Parting Shot
|-heal|p2a: Floette|64/100|[from] ability: Hospitality|[of] p2b: Sinistcha
|move|p1b: Blastoise|Water Spout|p2a: Floette|[spread] p2a,p2b
|-resisted|p2b: Sinistcha|1
|-damage|p2a: Floette|42/100
|-damage|p2b: Sinistcha|46/100
|cant|p2a: Floette|flinch
|
|-damage|p1a: Corviknight|6/100 brn|[from] brn
|upkeep
|turn|5
|
|t:|1782187544
|move|p2a: Floette|Protect|p2a: Floette
|-singleturn|p2a: Floette|Protect
|move|p2b: Sinistcha|Life Dew|p2b: Sinistcha|[spread] p2a,p2b
|-heal|p2a: Floette|67/100
|-heal|p2b: Sinistcha|71/100
|move|p1a: Corviknight|Drill Peck|p2b: Sinistcha
|-supereffective|p2b: Sinistcha|1
|-damage|p2b: Sinistcha|43/100
|move|p1b: Blastoise|Water Spout|p2a: Floette|[spread] p2b
|-activate|p2a: Floette|move: Protect
|-resisted|p2b: Sinistcha|1
|-damage|p2b: Sinistcha|23/100
|
|-damage|p1a: Corviknight|1/100 brn|[from] brn
|-fieldend|move: Trick Room
|upkeep
|turn|6
|-message|abofplastic forfeited.
|
|win|TMJS01
|l|☆abofplastic
|player|p1|
||abofplastic is ready for game 2.
||TMJS01 is ready for game 2.
|uhtml|next|Next: Game 2 of 3
