|j|☆Jaybird112233
|j|☆geminiduality2
|html|Jaybird112233geminiduality2    
|uhtml|bestof|Game 3 of a best-of-3
|t:|1785114191
|gametype|doubles
|player|p1|Jaybird112233|naveen|
|player|p2|geminiduality2|caitlin|
|gen|9
|tier|[Gen 9 Champions] VGC 2026 Reg M-B (Bo3)
|rule|Species Clause: Limit one of each Pokémon
|rule|Item Clause: Limit 1 of each item
|clearpoke
|poke|p1|Altaria, L50, M, shiny|
|poke|p1|Sinistcha, L50|
|poke|p1|Tyranitar, L50, M, shiny|
|poke|p1|Rotom-Heat, L50, shiny|
|poke|p1|Slowbro, L50, F|
|poke|p1|Aggron, L50, F|
|poke|p2|Whimsicott, L50, F, shiny|
|poke|p2|Greninja, L50, M|
|poke|p2|Froslass, L50, F, shiny|
|poke|p2|Sinistcha-Masterpiece, L50|
|poke|p2|Empoleon, L50, F|
|poke|p2|Incineroar, L50, F|
|teampreview|4
|showteam|p1|Altaria||Altarianite|CloudNine|HyperVoice,DracoMeteor,HyperBeam,Protect|Quiet||M|||50|]Sinistcha||SitrusBerry|Hospitality|MatchaGotcha,LifeDew,RagePowder,TrickRoom|Calm|||||50|]Tyranitar||Tyranitarite|SandStream|KnockOff,RockSlide,LowKick,Protect|Adamant||M|||50|]Rotom-Heat||WhiteHerb|Levitate|Thunderbolt,Overheat,LightScreen,VoltSwitch|Modest|||||50|]Slowbro||Leftovers|Regenerator|HealPulse,TrickRoom,Scald,Protect|Relaxed||F|||50|]Aggron||Aggronite|Sturdy|IronDefense,BodyPress,HeavySlam,Protect|Impish||F|||50|
|showteam|p2|Whimsicott||MentalHerb|Prankster|Encore,Moonblast,Tailwind,HelpingHand|Bold||F|||50|]Greninja||Greninjite|Protean|HydroPump,GunkShot,Extrasensory,IceBeam|Hasty||M|||50|]Froslass||Froslassite|CursedBody|Blizzard,ShadowBall,Protect,AuroraVeil|Timid||F|||50|]Sinistcha-Masterpiece||Leftovers|Hospitality|RagePowder,StrengthSap,MatchaGotcha,ShadowBall|Calm|||||50|]Empoleon||LifeOrb|Competitive|Blizzard,HydroPump,FlashCannon,AquaJet|Modest||F|||50|]Incineroar||SitrusBerry|Intimidate|FakeOut,FlareBlitz,PartingShot,BrickBreak|Careful||F|||50|
|j| terosath
|j| Bingus Von Bongus
|j| seafan13
|
|t:|1785114222
|teamsize|p1|4
|teamsize|p2|4
|start
|switch|p1a: Manatee|Slowbro, L50, F|100/100
|switch|p1b: Ferrous|Aggron, L50, F|100/100
|switch|p2a: Iceheart|Froslass, L50, F, shiny|100/100
|switch|p2b: Vgc Cat|Incineroar, L50, F|100/100
|-ability|p2b: Vgc Cat|Intimidate|boost
|-unboost|p1a: Manatee|atk|1
|-unboost|p1b: Ferrous|atk|1
|turn|1
|
|t:|1785114276
|detailschange|p2a: Iceheart|Froslass-Mega, L50, F, shiny
|-mega|p2a: Iceheart|Froslass|Froslassite
|-weather|Snowscape|[from] ability: Snow Warning|[of] p2a: Iceheart
|detailschange|p1b: Ferrous|Aggron-Mega, L50, F
|-mega|p1b: Ferrous|Aggron|Aggronite
|move|p2b: Vgc Cat|Fake Out|p1a: Manatee
|-damage|p1a: Manatee|91/100
|move|p2a: Iceheart|Aurora Veil|p2a: Iceheart
|-sidestart|p2: geminiduality2|move: Aurora Veil
|move|p1b: Ferrous|Iron Defense|p1b: Ferrous
|-boost|p1b: Ferrous|def|2
|cant|p1a: Manatee|flinch
|
|-weather|Snowscape|[upkeep]
|-heal|p1a: Manatee|97/100|[from] item: Leftovers
|upkeep
|turn|2
|
|t:|1785114321
|move|p1b: Ferrous|Protect|p1b: Ferrous
|-singleturn|p1b: Ferrous|Protect
|move|p2a: Iceheart|Shadow Ball|p1a: Manatee
|-supereffective|p1a: Manatee|1
|-damage|p1a: Manatee|18/100
|move|p2b: Vgc Cat|Parting Shot|p1b: Ferrous
|-activate|p1b: Ferrous|move: Protect
|move|p1a: Manatee|Trick Room|p1a: Manatee
|-fieldstart|move: Trick Room|[of] p1a: Manatee
|
|-weather|Snowscape|[upkeep]
|-heal|p1a: Manatee|24/100|[from] item: Leftovers
|upkeep
|turn|3
|
|t:|1785114377
|-heal|p1a: Manatee|57/100|[from] ability: Regenerator|[silent]
|switch|p1a: Air Fryer|Rotom-Heat, L50, shiny|100/100
|move|p2a: Iceheart|Protect|p2a: Iceheart
|-singleturn|p2a: Iceheart|Protect
|move|p1b: Ferrous|Body Press|p2b: Vgc Cat
|-supereffective|p2b: Vgc Cat|1
|-damage|p2b: Vgc Cat|0 fnt
|faint|p2b: Vgc Cat
|
|-weather|Snowscape|[upkeep]
|upkeep
|
|t:|1785114390
|switch|p2b: Tea Time|Sinistcha-Masterpiece, L50|100/100
|turn|4
|
|t:|1785114412
|move|p1b: Ferrous|Heavy Slam|p2a: Iceheart
|-supereffective|p2a: Iceheart|1
|-damage|p2a: Iceheart|53/100
|move|p2b: Tea Time|Shadow Ball|p1b: Ferrous
|-damage|p1b: Ferrous|63/100
|move|p1a: Air Fryer|Light Screen|p1a: Air Fryer
|-sidestart|p1: Jaybird112233|move: Light Screen
|move|p2a: Iceheart|Shadow Ball|p1b: Ferrous
|-damage|p1b: Ferrous|31/100
|
|-weather|Snowscape|[upkeep]
|upkeep
|turn|5
|
|t:|1785114437
|switch|p1a: Cuppa Tay|Sinistcha, L50|100/100
|-heal|p1b: Ferrous|56/100|[from] ability: Hospitality|[of] p1a: Cuppa Tay
|switch|p2a: My Ninja Way|Greninja, L50, M|100/100
|move|p1b: Ferrous|Heavy Slam|p2a: My Ninja Way
|-resisted|p2a: My Ninja Way|1
|-damage|p2a: My Ninja Way|75/100
|move|p2b: Tea Time|Matcha Gotcha|p1b: Ferrous|[spread] p1a,p1b
|-resisted|p1a: Cuppa Tay|1
|-resisted|p1b: Ferrous|1
|-crit|p1b: Ferrous
|-damage|p1a: Cuppa Tay|93/100
|-damage|p1b: Ferrous|35/100
|-status|p1b: Ferrous|brn
|
|-weather|none
|-damage|p1b: Ferrous|28/100 brn|[from] brn
|-sideend|p2: geminiduality2|move: Aurora Veil
|upkeep
|turn|6
|
|t:|1785114477
|move|p1a: Cuppa Tay|Rage Powder|p1a: Cuppa Tay
|-singleturn|p1a: Cuppa Tay|move: Rage Powder
|move|p1b: Ferrous|Body Press|p2a: My Ninja Way
|-supereffective|p2a: My Ninja Way|1
|-damage|p2a: My Ninja Way|0 fnt
|faint|p2a: My Ninja Way
|move|p2b: Tea Time|Shadow Ball|p1a: Cuppa Tay
|-supereffective|p1a: Cuppa Tay|1
|-damage|p1a: Cuppa Tay|55/100
|
|-damage|p1b: Ferrous|22/100 brn|[from] brn
|-fieldend|move: Trick Room
|upkeep
|
|t:|1785114487
|switch|p2a: Iceheart|Froslass-Mega, L50, F, shiny|53/100
|-weather|Snowscape|[from] ability: Snow Warning|[of] p2a: Iceheart
|turn|7
|
|t:|1785114508
|move|p1b: Ferrous|Protect|p1b: Ferrous
|-singleturn|p1b: Ferrous|Protect
|move|p2a: Iceheart|Blizzard|p1a: Cuppa Tay|[spread] p1a
|-activate|p1b: Ferrous|move: Protect
|-supereffective|p1a: Cuppa Tay|1
|-damage|p1a: Cuppa Tay|8/100
|-status|p1a: Cuppa Tay|frz
|-enditem|p1a: Cuppa Tay|Sitrus Berry|[eat]
|-heal|p1a: Cuppa Tay|33/100 frz|[from] item: Sitrus Berry
|move|p2b: Tea Time|Shadow Ball|p1a: Cuppa Tay
|-supereffective|p1a: Cuppa Tay|1
|-damage|p1a: Cuppa Tay|0 fnt
|faint|p1a: Cuppa Tay
|
|-weather|Snowscape|[upkeep]
|-damage|p1b: Ferrous|16/100 brn|[from] brn
|upkeep
|
|t:|1785114535
|switch|p1a: Air Fryer|Rotom-Heat, L50, shiny|100/100
|turn|8
|
|t:|1785114559
|move|p2a: Iceheart|Blizzard|p1b: Ferrous|[spread] p1a,p1b
|-resisted|p1a: Air Fryer|1
|-resisted|p1b: Ferrous|1
|-damage|p1a: Air Fryer|85/100
|-damage|p1b: Ferrous|0 fnt
|faint|p1b: Ferrous
|move|p1a: Air Fryer|Overheat|p2b: Tea Time
|-supereffective|p2b: Tea Time|1
|-damage|p2b: Tea Time|0 fnt
|-unboost|p1a: Air Fryer|spa|2
|faint|p2b: Tea Time
|-enditem|p1a: Air Fryer|White Herb
|-clearnegativeboost|p1a: Air Fryer|[silent]
|
|-weather|Snowscape|[upkeep]
|-sideend|p1: Jaybird112233|move: Light Screen
|upkeep
|
|t:|1785114571
|switch|p1b: Manatee|Slowbro, L50, F|57/100
|turn|9
|
|t:|1785114606
|move|p2a: Iceheart|Blizzard|p1a: Air Fryer|[spread] p1a,p1b
|-resisted|p1a: Air Fryer|1
|-resisted|p1b: Manatee|1
|-crit|p1b: Manatee
|-damage|p1a: Air Fryer|63/100
|-damage|p1b: Manatee|29/100
|-status|p1a: Air Fryer|frz
|cant|p1a: Air Fryer|frz
|move|p1b: Manatee|Trick Room|p1b: Manatee
|-fieldstart|move: Trick Room|[of] p1b: Manatee
|
|-weather|Snowscape|[upkeep]
|-heal|p1b: Manatee|35/100|[from] item: Leftovers
|upkeep
|turn|10
|
|t:|1785114636
|move|p1b: Manatee|Heal Pulse|p1a: Air Fryer
|-heal|p1a: Air Fryer|100/100 frz
|-curestatus|p1a: Air Fryer|frz|[msg]
|move|p1a: Air Fryer|Overheat|p2a: Iceheart
|-supereffective|p2a: Iceheart|1
|-damage|p2a: Iceheart|0 fnt
|-unboost|p1a: Air Fryer|spa|2
|faint|p2a: Iceheart
|
|win|Jaybird112233
