|j|☆caZISA
|j|☆Andrea Pirlo 2
|html|caZISAAndrea Pirlo 2    
|uhtml|bestof|Game 1 of a best-of-3
|t:|1782491006
|gametype|doubles
|player|p1|caZISA|red|1231
|player|p2|Andrea Pirlo 2|volkner|1475
|gen|9
|tier|[Gen 9 Champions] VGC 2026 Reg M-B (Bo3)
|rated|
|rule|Species Clause: Limit one of each Pokémon
|rule|Item Clause: Limit 1 of each item
|clearpoke
|poke|p1|Staraptor, L50, F|
|poke|p1|Froslass, L50, F|
|poke|p1|Whimsicott, L50, M|
|poke|p1|Arcanine-Hisui, L50, F|
|poke|p1|Milotic, L50, M|
|poke|p1|Garchomp, L50, M|
|poke|p2|Swampert, L50, F|
|poke|p2|Pelipper, L50, F|
|poke|p2|Archaludon, L50, M|
|poke|p2|Sneasler, L50, F|
|poke|p2|Gholdengo, L50|
|poke|p2|Sableye, L50, M|
|teampreview|4
|showteam|p1|Staraptor||Staraptite|Intimidate|BraveBird,CloseCombat,Roost,Protect|Jolly||F|||50|]Froslass||Froslassite|CursedBody|Blizzard,ShadowBall,AuroraVeil,Protect|Modest||F|||50|]Whimsicott||FairyFeather|Prankster|Moonblast,Charm,Tailwind,Protect|Timid||M|||50|]Arcanine-Hisui||FocusSash|RockHead|RockSlide,FlareBlitz,ExtremeSpeed,Protect|Jolly||F|||50|]Milotic||Leftovers|Competitive|Scald,IcyWind,Recover,Protect|Modest||M|||50|]Garchomp||LifeOrb|RoughSkin|DragonClaw,Earthquake,RockSlide,Protect|Jolly||M|||50|
|showteam|p2|Swampert||Swampertite|Torrent|HighHorsepower,WaveCrash,IcePunch,Protect|Adamant||F|||50|]Pelipper||LifeOrb|Drizzle|WeatherBall,Hurricane,Tailwind,Protect|Modest||F|||50|]Archaludon||Leftovers|Stamina|ElectroShot,DragonPulse,FlashCannon,Protect|Modest||M|||50|]Sneasler||FocusSash|Unburden|CloseCombat,DireClaw,FakeOut,Protect|Jolly||F|||50|]Gholdengo||MetalCoat|GoodasGold|MakeItRain,ShadowBall,NastyPlot,Protect|Timid|||||50|]Sableye||RoseliBerry|Prankster|Encore,WillOWisp,LightScreen,RainDance|Calm||M|||50|
|inactive|Battle timer is ON: inactive players will automatically lose when time's up. (requested by Andrea Pirlo 2)
|inactive|caZISA has 60 seconds left.
|
|t:|1782491050
|teamsize|p1|4
|teamsize|p2|4
|start
|switch|p1a: Legolas|Whimsicott, L50, M|100/100
|switch|p1b: Staraptor|Staraptor, L50, F|100/100
|switch|p2a: Gholdengo|Gholdengo, L50|100/100
|switch|p2b: Swampert|Swampert, L50, F|100/100
|-ability|p1b: Staraptor|Intimidate|boost
|-unboost|p2a: Gholdengo|atk|1
|-unboost|p2b: Swampert|atk|1
|turn|1
|
|t:|1782491061
|detailschange|p1b: Staraptor|Staraptor-Mega, L50, F
|-mega|p1b: Staraptor|Staraptor|Staraptite
|detailschange|p2b: Swampert|Swampert-Mega, L50, F
|-mega|p2b: Swampert|Swampert|Swampertite
|move|p2b: Swampert|Protect|p2b: Swampert
|-singleturn|p2b: Swampert|Protect
|move|p1a: Legolas|Charm|p1b: Staraptor
|-boost|p1b: Staraptor|atk|2
|move|p1b: Staraptor|Close Combat|p2b: Swampert
|-activate|p2b: Swampert|move: Protect
|move|p2a: Gholdengo|Nasty Plot|p2a: Gholdengo
|-boost|p2a: Gholdengo|spa|2
|
|upkeep
|turn|2
|
|t:|1782491075
|move|p1b: Staraptor|Protect|p1b: Staraptor
|-singleturn|p1b: Staraptor|Protect
|move|p1a: Legolas|Tailwind|p1a: Legolas
|-sidestart|p1: caZISA|move: Tailwind
|move|p2a: Gholdengo|Make It Rain|p1a: Legolas|[spread] p1a
|-activate|p1b: Staraptor|move: Protect
|-supereffective|p1a: Legolas|1
|-damage|p1a: Legolas|0 fnt
|-unboost|p2a: Gholdengo|spa|2
|faint|p1a: Legolas
|move|p2b: Swampert|Ice Punch|p1b: Staraptor
|-activate|p1b: Staraptor|move: Protect
|
|upkeep
|
|t:|1782491078
|switch|p1a: Sharkboy|Garchomp, L50, M|100/100
|turn|3
|
|t:|1782491099
|move|p2a: Gholdengo|Protect|p2a: Gholdengo
|-singleturn|p2a: Gholdengo|Protect
|move|p2b: Swampert|Protect|p2b: Swampert
|-singleturn|p2b: Swampert|Protect
|move|p1b: Staraptor|Close Combat|p2b: Swampert
|-activate|p2b: Swampert|move: Protect
|move|p1a: Sharkboy|Earthquake|p2b: Swampert|[spread] 
|-activate|p2a: Gholdengo|move: Protect
|-activate|p2b: Swampert|move: Protect
|-immune|p1b: Staraptor
|
|upkeep
|turn|4
|
|t:|1782491106
|switch|p2b: Pelipper|Pelipper, L50, F|100/100
|-weather|RainDance|[from] ability: Drizzle|[of] p2b: Pelipper
|move|p1b: Staraptor|Close Combat|p2b: Pelipper
|-resisted|p2b: Pelipper|1
|-damage|p2b: Pelipper|29/100
|-boost|p1b: Staraptor|def|1
|-boost|p1b: Staraptor|spd|1
|move|p1a: Sharkboy|Earthquake|p2a: Gholdengo|[spread] p2a
|-immune|p1b: Staraptor
|-immune|p2b: Pelipper
|-supereffective|p2a: Gholdengo|1
|-damage|p2a: Gholdengo|3/100
|-damage|p1a: Sharkboy|90/100|[from] item: Life Orb
|move|p2a: Gholdengo|Make It Rain|p1b: Staraptor|[spread] p1a,p1b
|-damage|p1a: Sharkboy|39/100
|-damage|p1b: Staraptor|58/100
|-unboost|p2a: Gholdengo|spa|2
|
|-weather|RainDance|[upkeep]
|upkeep
|turn|5
|inactive|caZISA has 30 seconds left.
|inactive|caZISA has 20 seconds left.
|inactive|Andrea Pirlo 2 has 30 seconds left.
|
|t:|1782491148
|move|p1b: Staraptor|Close Combat|p2b: Pelipper
|-resisted|p2b: Pelipper|1
|-damage|p2b: Pelipper|0 fnt
|-boost|p1b: Staraptor|def|1
|-boost|p1b: Staraptor|spd|1
|faint|p2b: Pelipper
|move|p1a: Sharkboy|Dragon Claw|p2a: Gholdengo
|-resisted|p2a: Gholdengo|1
|-damage|p2a: Gholdengo|0 fnt
|faint|p2a: Gholdengo
|-damage|p1a: Sharkboy|29/100|[from] item: Life Orb
|
|-weather|RainDance|[upkeep]
|-sideend|p1: caZISA|move: Tailwind
|upkeep
|
|t:|1782491151
|switch|p2a: Swampert|Swampert-Mega, L50, F|100/100
|switch|p2b: Archaludon|Archaludon, L50, M|100/100
|turn|6
|
|t:|1782491165
|move|p1b: Staraptor|Protect|p1b: Staraptor
|-singleturn|p1b: Staraptor|Protect
|move|p2a: Swampert|Wave Crash|p1b: Staraptor
|-activate|p1b: Staraptor|move: Protect
|move|p1a: Sharkboy|Earthquake|p2a: Swampert|[spread] p2a,p2b
|-activate|p1b: Staraptor|move: Protect
|-supereffective|p2b: Archaludon|1
|-damage|p2a: Swampert|58/100
|-damage|p2b: Archaludon|31/100
|-ability|p2b: Archaludon|Stamina|boost
|-boost|p2b: Archaludon|def|1
|-damage|p1a: Sharkboy|19/100|[from] item: Life Orb
|move|p2b: Archaludon|Dragon Pulse|p1a: Sharkboy
|-supereffective|p1a: Sharkboy|1
|-damage|p1a: Sharkboy|0 fnt
|faint|p1a: Sharkboy
|
|-weather|RainDance|[upkeep]
|-heal|p2b: Archaludon|37/100|[from] item: Leftovers
|upkeep
|
|t:|1782491179
|switch|p1a: Milotic|Milotic, L50, M|100/100
|turn|7
|
|t:|1782491203
|move|p2b: Archaludon|Protect|p2b: Archaludon
|-singleturn|p2b: Archaludon|Protect
|move|p2a: Swampert|Wave Crash|p1b: Staraptor
|-crit|p1b: Staraptor
|-damage|p1b: Staraptor|0 fnt
|faint|p1b: Staraptor
|-damage|p2a: Swampert|41/100|[from] Recoil
|move|p1a: Milotic|Scald|p2a: Swampert
|-damage|p2a: Swampert|1/100
|-status|p2a: Swampert|brn
|
|-weather|RainDance|[upkeep]
|-heal|p2b: Archaludon|44/100|[from] item: Leftovers
|-damage|p2a: Swampert|0 fnt|[from] brn
|faint|p2a: Swampert
|upkeep
|turn|8
|
|t:|1782491214
|move|p1a: Milotic|Protect|p1a: Milotic
|-singleturn|p1a: Milotic|Protect
|move|p2b: Archaludon|Electro Shot||[still]
|-prepare|p2b: Archaludon|Electro Shot
|-boost|p2b: Archaludon|spa|1
|-anim|p2b: Archaludon|Electro Shot|p1a: Milotic
|-activate|p1a: Milotic|move: Protect
|
|-weather|none
|-heal|p2b: Archaludon|50/100g|[from] item: Leftovers
|upkeep
|turn|9
|
|t:|1782491218
|move|p2b: Archaludon|Protect|p2b: Archaludon
|-singleturn|p2b: Archaludon|Protect
|move|p1a: Milotic|Icy Wind|p2b: Archaludon
|-activate|p2b: Archaludon|move: Protect
|
|-heal|p2b: Archaludon|56/100|[from] item: Leftovers
|upkeep
|turn|10
|
|t:|1782491222
|move|p2b: Archaludon|Electro Shot||[still]
|-prepare|p2b: Archaludon|Electro Shot
|-boost|p2b: Archaludon|spa|1
|move|p1a: Milotic|Icy Wind|p2b: Archaludon
|-damage|p2b: Archaludon|40/100
|-unboost|p2b: Archaludon|spe|1
|-ability|p2b: Archaludon|Stamina|boost
|-boost|p2b: Archaludon|def|1
|
|-heal|p2b: Archaludon|46/100|[from] item: Leftovers
|upkeep
|turn|11
|
|t:|1782491225
|move|p1a: Milotic|Protect|p1a: Milotic
|-singleturn|p1a: Milotic|Protect
|move|p2b: Archaludon|Electro Shot|p1a: Milotic|[from] lockedmove
|-activate|p1a: Milotic|move: Protect
|
|-heal|p2b: Archaludon|52/100|[from] item: Leftovers
|upkeep
|turn|12
|
|t:|1782491227
|move|p2b: Archaludon|Protect|p2b: Archaludon
|-singleturn|p2b: Archaludon|Protect
|move|p1a: Milotic|Icy Wind|p2b: Archaludon
|-activate|p2b: Archaludon|move: Protect
|
|-heal|p2b: Archaludon|58/100|[from] item: Leftovers
|upkeep
|turn|13
|
|t:|1782491230
|move|p1a: Milotic|Icy Wind|p2b: Archaludon
|-damage|p2b: Archaludon|42/100
|-unboost|p2b: Archaludon|spe|1
|-ability|p2b: Archaludon|Stamina|boost
|-boost|p2b: Archaludon|def|1
|move|p2b: Archaludon|Dragon Pulse|p1a: Milotic
|-damage|p1a: Milotic|40/100
|
|-heal|p1a: Milotic|46/100|[from] item: Leftovers
|-heal|p2b: Archaludon|48/100|[from] item: Leftovers
|upkeep
|turn|14
|
|t:|1782491234
|move|p1a: Milotic|Icy Wind|p2b: Archaludon
|-damage|p2b: Archaludon|33/100
|-unboost|p2b: Archaludon|spe|1
|-ability|p2b: Archaludon|Stamina|boost
|-boost|p2b: Archaludon|def|1
|move|p2b: Archaludon|Electro Shot||[still]
|-prepare|p2b: Archaludon|Electro Shot
|-boost|p2b: Archaludon|spa|1
|
|-heal|p1a: Milotic|53/100|[from] item: Leftovers
|-heal|p2b: Archaludon|39/100|[from] item: Leftovers
|upkeep
|turn|15
|-message|caZISA forfeited.
|
|win|Andrea Pirlo 2
