|j|☆enri07
|j|☆RegiSIXSEVEN
|html|enri07RegiSIXSEVEN    
|uhtml|bestof|Game 3 of a best-of-3
|t:|1782379560
|gametype|doubles
|player|p1|enri07|iris-gen5bw2|1139
|player|p2|RegiSIXSEVEN|steven|1147
|gen|9
|tier|[Gen 9 Champions] VGC 2026 Reg M-B (Bo3)
|rated|
|rule|Species Clause: Limit one of each Pokémon
|rule|Item Clause: Limit 1 of each item
|clearpoke
|poke|p1|Raichu, L50, F|
|poke|p1|Sinistcha, L50|
|poke|p1|Mamoswine, L50, M|
|poke|p1|Basculegion, L50, M|
|poke|p1|Incineroar, L50, M|
|poke|p1|Mawile, L50, F|
|poke|p2|Blaziken, L50, F, shiny|
|poke|p2|Kingambit, L50, M, shiny|
|poke|p2|Froslass, L50, F, shiny|
|poke|p2|Aerodactyl, L50, M, shiny|
|poke|p2|Sinistcha, L50, shiny|
|poke|p2|Garchomp, L50, F, shiny|
|teampreview|4
|showteam|p1|Raichu||RaichuniteY|LightningRod|ZapCannon,FocusBlast,NastyPlot,Protect|Timid||F|||50|]Sinistcha||OccaBerry|Hospitality|MatchaGotcha,RagePowder,TrickRoom,ShadowBall|Calm|||||50|]Mamoswine||FocusSash|Oblivious|IceShard,IcicleSpear,HighHorsepower,Protect|Adamant||M|||50|]Basculegion||ChoiceScarf|Adaptability|WaveCrash,FlipTurn,LastRespects,AquaJet|Jolly||M|||50|]Incineroar||SitrusBerry|Intimidate|FlareBlitz,ThroatChop,PartingShot,FakeOut|Adamant||M|||50|]Mawile||Mawilite|HyperCutter|PlayRough,SuckerPunch,SwordsDance,Protect|Brave||F|||50|
|showteam|p2|Blaziken||FocusSash|SpeedBoost|HeatWave,AuraSphere,Coaching,Protect|Jolly||F|||50|]Kingambit||ChopleBerry|Defiant|SuckerPunch,KowtowCleave,IronHead,Protect|Adamant||M|||50|]Froslass||Froslassite|SnowCloak|Blizzard,ShadowBall,AuroraVeil,Protect|Timid||F|||50|]Aerodactyl||Aerodactylite|RockHead|RockSlide,DualWingbeat,Tailwind,WideGuard|Jolly||M|||50|]Sinistcha||KasibBerry|Hospitality|MatchaGotcha,RagePowder,TrickRoom,Protect|Bold|||||50|]Garchomp||LifeOrb|RoughSkin|DragonClaw,StompingTantrum,RockSlide,Protect|Jolly||F|||50|
|inactive|Battle timer is ON: inactive players will automatically lose when time's up. (requested by enri07)
|inactive|RegiSIXSEVEN also wants the timer to be on.
|
|t:|1782379586
|teamsize|p1|4
|teamsize|p2|4
|start
|switch|p1a: Sinistcha|Sinistcha, L50|100/100
|switch|p1b: Raichu|Raichu, L50, F|100/100
|switch|p2a: Blaziken|Blaziken, L50, F, shiny|100/100
|switch|p2b: Kingambit|Kingambit, L50, M, shiny|100/100
|turn|1
|
|t:|1782379599
|detailschange|p1b: Raichu|Raichu-Mega-Y, L50, F
|-mega|p1b: Raichu|Raichu|Raichunite Y
|move|p2b: Kingambit|Protect|p2b: Kingambit
|-singleturn|p2b: Kingambit|Protect
|move|p1a: Sinistcha|Rage Powder|p1a: Sinistcha
|-singleturn|p1a: Sinistcha|move: Rage Powder
|move|p1b: Raichu|Zap Cannon|p2b: Kingambit
|-activate|p2b: Kingambit|move: Protect
|move|p2a: Blaziken|Heat Wave|p1a: Sinistcha|[spread] p1a,p1b
|-supereffective|p1a: Sinistcha|1
|-enditem|p1a: Sinistcha|Occa Berry|[eat]
|-enditem|p1a: Sinistcha|Occa Berry|[weaken]
|-damage|p1a: Sinistcha|77/100
|-damage|p1b: Raichu|68/100
|
|-ability|p2a: Blaziken|Speed Boost|boost
|-boost|p2a: Blaziken|spe|1
|upkeep
|turn|2
|
|t:|1782379630
|switch|p2b: Sinistcha|Sinistcha, L50, shiny|100/100
|move|p1a: Sinistcha|Rage Powder|p1a: Sinistcha
|-singleturn|p1a: Sinistcha|move: Rage Powder
|move|p2a: Blaziken|Heat Wave|p1b: Raichu|[spread] p1a,p1b
|-supereffective|p1a: Sinistcha|1
|-damage|p1a: Sinistcha|32/100
|-damage|p1b: Raichu|36/100
|move|p1b: Raichu|Focus Blast|p2b: Sinistcha
|-immune|p2b: Sinistcha
|
|-ability|p2a: Blaziken|Speed Boost|boost
|-boost|p2a: Blaziken|spe|1
|upkeep
|turn|3
|inactive|RegiSIXSEVEN has 30 seconds left.
|
|t:|1782379659
|switch|p2b: Kingambit|Kingambit, L50, M, shiny|100/100
|move|p2a: Blaziken|Heat Wave|p1a: Sinistcha|[spread] p1a,p1b
|-supereffective|p1a: Sinistcha|1
|-damage|p1a: Sinistcha|0 fnt
|-damage|p1b: Raichu|3/100
|faint|p1a: Sinistcha
|move|p1b: Raichu|Zap Cannon|p2a: Blaziken
|-enditem|p2a: Blaziken|Focus Sash
|-damage|p2a: Blaziken|1/100
|-status|p2a: Blaziken|par
|
|-ability|p2a: Blaziken|Speed Boost|boost
|-boost|p2a: Blaziken|spe|1
|upkeep
|
|t:|1782379671
|switch|p1a: Mamoswine|Mamoswine, L50, M|100/100
|turn|4
|
|t:|1782379694
|switch|p2b: Sinistcha|Sinistcha, L50, shiny|100/100
|-heal|p2a: Blaziken|25/100 par|[from] ability: Hospitality|[of] p2b: Sinistcha
|move|p2a: Blaziken|Protect|p2a: Blaziken
|-singleturn|p2a: Blaziken|Protect
|move|p1b: Raichu|Protect|p1b: Raichu
|-singleturn|p1b: Raichu|Protect
|move|p1a: Mamoswine|Ice Shard|p2a: Blaziken
|-activate|p2a: Blaziken|move: Protect
|
|-ability|p2a: Blaziken|Speed Boost|boost
|-boost|p2a: Blaziken|spe|1
|upkeep
|turn|5
|
|t:|1782379710
|switch|p1b: Basculegion|Basculegion, L50, M|100/100
|move|p2a: Blaziken|Heat Wave|p1b: Basculegion|[spread] p1a,p1b
|-supereffective|p1a: Mamoswine|1
|-resisted|p1b: Basculegion|1
|-damage|p1a: Mamoswine|35/100
|-damage|p1b: Basculegion|86/100
|move|p1a: Mamoswine|Icicle Spear|p2b: Sinistcha
|-supereffective|p2b: Sinistcha|1
|-damage|p2b: Sinistcha|75/100
|-supereffective|p2b: Sinistcha|1
|-damage|p2b: Sinistcha|50/100g
|-supereffective|p2b: Sinistcha|1
|-damage|p2b: Sinistcha|26/100
|-supereffective|p2b: Sinistcha|1
|-damage|p2b: Sinistcha|3/100
|-hitcount|p2b: Sinistcha|4
|move|p2b: Sinistcha|Trick Room|p2b: Sinistcha
|-fieldstart|move: Trick Room|[of] p2b: Sinistcha
|
|-ability|p2a: Blaziken|Speed Boost|boost
|-boost|p2a: Blaziken|spe|1
|upkeep
|turn|6
|inactive|enri07 has 30 seconds left.
|
|t:|1782379735
|move|p2b: Sinistcha|Protect|p2b: Sinistcha
|-singleturn|p2b: Sinistcha|Protect
|move|p1a: Mamoswine|Ice Shard|p2b: Sinistcha
|-activate|p2b: Sinistcha|move: Protect
|move|p1b: Basculegion|Aqua Jet|p2a: Blaziken
|-supereffective|p2a: Blaziken|1
|-damage|p2a: Blaziken|0 fnt
|faint|p2a: Blaziken
|
|upkeep
|
|t:|1782379742
|switch|p2a: Kingambit|Kingambit, L50, M, shiny|100/100
|turn|7
|
|t:|1782379754
|move|p2a: Kingambit|Sucker Punch|p1a: Mamoswine
|-damage|p1a: Mamoswine|0 fnt
|faint|p1a: Mamoswine
|move|p1b: Basculegion|Aqua Jet|p2a: Kingambit
|-damage|p2a: Kingambit|83/100
|move|p2b: Sinistcha|Matcha Gotcha|p1b: Basculegion
|-supereffective|p1b: Basculegion|1
|-damage|p1b: Basculegion|10/100
|-heal|p2b: Sinistcha|45/100|[from] drain|[of] p1b: Basculegion
|
|upkeep
|-message|enri07 forfeited.
|
|win|RegiSIXSEVEN
|raw|enri07's rating: 1139 → 1115(-24 for losing)
|raw|RegiSIXSEVEN's rating: 1147 → 1171(+24 for winning)
|l|☆enri07
|player|p1|
