|j|☆kerzz49
|j|☆hicksmctaggart
|html|kerzz49hicksmctaggart    
|uhtml|bestof|Game 1 of a best-of-3
|t:|1785423840
|gametype|doubles
|player|p1|kerzz49|cilan|1267
|player|p2|hicksmctaggart|giovanni|1277
|gen|9
|tier|[Gen 9 Champions] VGC 2026 Reg M-B (Bo3)
|rated|
|rule|Species Clause: Limit one of each Pokémon
|rule|Item Clause: Limit 1 of each item
|clearpoke
|poke|p1|Kingambit, L50, F|
|poke|p1|Gardevoir, L50, F|
|poke|p1|Talonflame, L50, F|
|poke|p1|Maushold, L50|
|poke|p1|Basculegion, L50, M|
|poke|p1|Garchomp, L50, M|
|poke|p2|Delphox, L50, M|
|poke|p2|Blastoise, L50, F|
|poke|p2|Kingambit, L50, F|
|poke|p2|Incineroar, L50, F|
|poke|p2|Sinistcha, L50|
|poke|p2|Sneasler, L50, F|
|teampreview|4
|showteam|p1|Kingambit||FocusSash|Defiant|KowtowCleave,IronHead,SuckerPunch,LowKick|Adamant||F|||50|]Gardevoir||Gardevoirite|Telepathy|HyperVoice,Psyshock,TrickRoom,Protect|Modest||F|||50|]Talonflame||LifeOrb|GaleWings|DualWingbeat,FlareBlitz,Tailwind,Protect|Jolly||F|||50|]Maushold||ChopleBerry|FriendGuard|Feint,SuperFang,FollowMe,Protect|Impish|||||50|]Basculegion||MysticWater|Adaptability|WaveCrash,LastRespects,AquaJet,Protect|Adamant||M|||50|]Garchomp||SitrusBerry|RoughSkin|Earthquake,StompingTantrum,RockTomb,Protect|Jolly||M|||50|
|showteam|p2|Delphox||Delphoxite|Blaze|HeatWave,Psyshock,NastyPlot,Protect|Timid||M|||50|]Blastoise||Blastoisinite|Torrent|WaterSpout,DarkPulse,ShellSmash,Protect|Modest||F|||50|]Kingambit||FocusSash|Defiant|KowtowCleave,SuckerPunch,IronHead,LowKick|Adamant||F|||50|]Incineroar||SitrusBerry|Intimidate|FlareBlitz,DarkestLariat,FakeOut,PartingShot|Impish||F|||50|]Sinistcha||OccaBerry|Hospitality|MatchaGotcha,RagePowder,TrickRoom,Protect|Relaxed|||||50|]Sneasler||LifeOrb|PoisonTouch|PoisonJab,CloseCombat,FakeOut,QuickGuard|Jolly||F|||50|
|inactive|Battle timer is ON: inactive players will automatically lose when time's up. (requested by hicksmctaggart)
|inactive|kerzz49 has 60 seconds left.
|inactive|hicksmctaggart has 60 seconds left.
|
|t:|1785423897
|teamsize|p1|4
|teamsize|p2|4
|start
|switch|p1a: Gardevoir|Gardevoir, L50, F|100/100
|switch|p1b: Basculegion|Basculegion, L50, M|100/100
|switch|p2a: Blastoise|Blastoise, L50, F|100/100
|switch|p2b: Sneasler|Sneasler, L50, F|100/100
|turn|1
|inactive|kerzz49 has 30 seconds left.
|
|t:|1785423924
|detailschange|p2a: Blastoise|Blastoise-Mega, L50, F
|-mega|p2a: Blastoise|Blastoise|Blastoisinite
|detailschange|p1a: Gardevoir|Gardevoir-Mega, L50, F
|-mega|p1a: Gardevoir|Gardevoir|Gardevoirite
|move|p2b: Sneasler|Fake Out|p1a: Gardevoir
|-damage|p1a: Gardevoir|79/100
|-damage|p2b: Sneasler|90/100|[from] item: Life Orb
|move|p2a: Blastoise|Shell Smash|p2a: Blastoise
|-unboost|p2a: Blastoise|def|1
|-unboost|p2a: Blastoise|spd|1
|-boost|p2a: Blastoise|atk|2
|-boost|p2a: Blastoise|spa|2
|-boost|p2a: Blastoise|spe|2
|move|p1b: Basculegion|Wave Crash|p2a: Blastoise
|-resisted|p2a: Blastoise|1
|-damage|p2a: Blastoise|23/100
|-damage|p1b: Basculegion|80/100|[from] Recoil
|cant|p1a: Gardevoir|flinch
|
|upkeep
|turn|2
|inactive|kerzz49 has 30 seconds left.
|inactive|hicksmctaggart has 30 seconds left.
|inactive|kerzz49 has 20 seconds left.
|inactive|kerzz49 has 15 seconds left.
|inactive|kerzz49 has 10 seconds left.
|
|t:|1785423972
|switch|p2b: Sinistcha|Sinistcha, L50|100/100
|-heal|p2a: Blastoise|48/100|[from] ability: Hospitality|[of] p2b: Sinistcha
|move|p2a: Blastoise|Protect|p2a: Blastoise
|-singleturn|p2a: Blastoise|Protect
|move|p1a: Gardevoir|Hyper Voice|p2b: Sinistcha|[spread] p2b
|-activate|p2a: Blastoise|move: Protect
|-damage|p2b: Sinistcha|50/100g
|move|p1b: Basculegion|Last Respects|p2a: Blastoise
|-activate|p2a: Blastoise|move: Protect
|
|upkeep
|turn|3
|inactive|kerzz49 has 30 seconds left.
|inactive|hicksmctaggart has 30 seconds left.
|inactive|kerzz49 has 20 seconds left.
|inactive|hicksmctaggart has 20 seconds left.
|inactive|kerzz49 has 15 seconds left.
|inactive|kerzz49 has 10 seconds left.
|
|t:|1785424019
|switch|p2b: Incineroar|Incineroar, L50, F|100/100
|-ability|p2b: Incineroar|Intimidate|boost
|-unboost|p1a: Gardevoir|atk|1
|-unboost|p1b: Basculegion|atk|1
|move|p2a: Blastoise|Water Spout|p1b: Basculegion|[spread] p1a,p1b
|-resisted|p1b: Basculegion|1
|-crit|p1b: Basculegion
|-damage|p1a: Gardevoir|26/100
|-damage|p1b: Basculegion|31/100
|move|p1a: Gardevoir|Hyper Voice|p2a: Blastoise|[spread] p2a,p2b
|-damage|p2a: Blastoise|0 fnt
|-damage|p2b: Incineroar|57/100
|faint|p2a: Blastoise
|move|p1b: Basculegion|Last Respects|p2b: Incineroar
|-resisted|p2b: Incineroar|1
|-damage|p2b: Incineroar|49/100
|-enditem|p2b: Incineroar|Sitrus Berry|[eat]
|-heal|p2b: Incineroar|73/100|[from] item: Sitrus Berry
|
|upkeep
|
|t:|1785424031
|switch|p2a: Sinistcha|Sinistcha, L50|50/100g
|-heal|p2b: Incineroar|98/100|[from] ability: Hospitality|[of] p2a: Sinistcha
|turn|4
|
|t:|1785424040
|switch|p1b: Garchomp|Garchomp, L50, M|100/100
|move|p1a: Gardevoir|Protect|p1a: Gardevoir
|-singleturn|p1a: Gardevoir|Protect
|move|p2b: Incineroar|Fake Out|p1a: Gardevoir
|-activate|p1a: Gardevoir|move: Protect
|move|p2a: Sinistcha|Matcha Gotcha|p1a: Gardevoir|[spread] p1b
|-activate|p1a: Gardevoir|move: Protect
|-damage|p1b: Garchomp|77/100
|-heal|p2a: Sinistcha|64/100|[from] drain|[of] p1b: Garchomp
|
|upkeep
|turn|5
|
|t:|1785424056
|switch|p1a: Talonflame|Talonflame, L50, F|100/100
|move|p1b: Garchomp|Earthquake|p2a: Sinistcha|[spread] p2a,p2b
|-immune|p1a: Talonflame
|-resisted|p2a: Sinistcha|1
|-supereffective|p2b: Incineroar|1
|-damage|p2a: Sinistcha|50/100y
|-damage|p2b: Incineroar|47/100
|move|p2a: Sinistcha|Matcha Gotcha|p1b: Garchomp|[spread] p1a,p1b
|-resisted|p1a: Talonflame|2
|-damage|p1a: Talonflame|91/100
|-heal|p2a: Sinistcha|53/100|[from] drain|[of] p1a: Talonflame
|-damage|p1b: Garchomp|54/100
|-heal|p2a: Sinistcha|67/100|[from] drain|[of] p1b: Garchomp
|move|p2b: Incineroar|Darkest Lariat|p1a: Talonflame
|-damage|p1a: Talonflame|43/100
|
|upkeep
|turn|6
|inactive|hicksmctaggart has 30 seconds left.
|
|t:|1785424082
|move|p2a: Sinistcha|Protect|p2a: Sinistcha
|-singleturn|p2a: Sinistcha|Protect
|move|p1a: Talonflame|Flare Blitz|p2a: Sinistcha
|-activate|p2a: Sinistcha|move: Protect
|move|p1b: Garchomp|Earthquake|p2b: Incineroar|[spread] p2b
|-activate|p2a: Sinistcha|move: Protect
|-immune|p1a: Talonflame
|-supereffective|p2b: Incineroar|1
|-damage|p2b: Incineroar|1/100
|move|p2b: Incineroar|Parting Shot|p1b: Garchomp
|-unboost|p1b: Garchomp|atk|1
|-unboost|p1b: Garchomp|spa|1
|
|t:|1785424088
|switch|p2b: Sneasler|Sneasler, L50, F|90/100|[from] Parting Shot
|
|upkeep
|turn|7
|inactive|kerzz49 has 30 seconds left.
|inactive|kerzz49 has 20 seconds left.
|inactive|kerzz49 has 15 seconds left.
|inactive|kerzz49 has 10 seconds left.
|
|t:|1785424138
|switch|p1b: Gardevoir|Gardevoir-Mega, L50, F|26/100
|move|p1a: Talonflame|Protect|p1a: Talonflame
|-singleturn|p1a: Talonflame|Protect
|move|p2a: Sinistcha|Rage Powder|p2a: Sinistcha
|-singleturn|p2a: Sinistcha|move: Rage Powder
|move|p2b: Sneasler|Close Combat|p1b: Gardevoir
|-resisted|p1b: Gardevoir|2
|-damage|p1b: Gardevoir|1/100
|-unboost|p2b: Sneasler|def|1
|-unboost|p2b: Sneasler|spd|1
|-status|p1b: Gardevoir|psn|[from] ability: Poison Touch|[of] p2b: Sneasler
|-damage|p2b: Sneasler|80/100|[from] item: Life Orb
|
|-damage|p1b: Gardevoir|0 fnt|[from] psn
|faint|p1b: Gardevoir
|upkeep
|
|t:|1785424161
|switch|p1b: Garchomp|Garchomp, L50, M|54/100
|turn|8
|
|t:|1785424180
|move|p2a: Sinistcha|Rage Powder|p2a: Sinistcha
|-singleturn|p2a: Sinistcha|move: Rage Powder
|move|p1a: Talonflame|Dual Wingbeat|p2a: Sinistcha
|-supereffective|p2a: Sinistcha|1
|-damage|p2a: Sinistcha|37/100
|-supereffective|p2a: Sinistcha|1
|-damage|p2a: Sinistcha|5/100
|-hitcount|p2a: Sinistcha|2
|-damage|p1a: Talonflame|33/100|[from] item: Life Orb
|move|p2b: Sneasler|Close Combat|p1b: Garchomp
|-damage|p1b: Garchomp|0 fnt
|-unboost|p2b: Sneasler|def|1
|-unboost|p2b: Sneasler|spd|1
|-damage|p2b: Sneasler|68/100|[from] ability: Rough Skin|[of] p1b: Garchomp
|faint|p1b: Garchomp
|-damage|p2b: Sneasler|59/100|[from] item: Life Orb
|
|upkeep
|
|t:|1785424190
|switch|p1b: Basculegion|Basculegion, L50, M|31/100
|turn|9
|
|t:|1785424202
|switch|p2a: Incineroar|Incineroar, L50, F|1/100
|-ability|p2a: Incineroar|Intimidate|boost
|-unboost|p1a: Talonflame|atk|1
|-unboost|p1b: Basculegion|atk|1
|move|p1b: Basculegion|Aqua Jet|p2a: Incineroar
|-supereffective|p2a: Incineroar|1
|-damage|p2a: Incineroar|0 fnt
|faint|p2a: Incineroar
|move|p1a: Talonflame|Dual Wingbeat|p2b: Sneasler
|-supereffective|p2b: Sneasler|1
|-damage|p2b: Sneasler|0 fnt
|faint|p2b: Sneasler
|-hitcount|p2: Sneasler|1
|-damage|p1a: Talonflame|24/100|[from] item: Life Orb
|
|upkeep
|
|t:|1785424210
|switch|p2b: Sinistcha|Sinistcha, L50|5/100
|turn|10
|
|t:|1785424216
|move|p1a: Talonflame|Flare Blitz|p2b: Sinistcha
|-supereffective|p2b: Sinistcha|1
|-enditem|p2b: Sinistcha|Occa Berry|[eat]
|-enditem|p2b: Sinistcha|Occa Berry|[weaken]
|-damage|p2b: Sinistcha|0 fnt
|faint|p2b: Sinistcha
|-damage|p1a: Talonflame|22/100|[from] Recoil
|-damage|p1a: Talonflame|12/100|[from] item: Life Orb
|
|win|kerzz49
||hicksmctaggart is ready for game 2.
||kerzz49 is ready for game 2.
|uhtml|next|Next: Game 2 of 3
|l|☆hicksmctaggart
|player|p2|
