|j|☆lillbro64
|j|☆itina99
|html|lillbro64itina99    
|uhtml|bestof|Game 2 of a best-of-3
|t:|1756993141
|gametype|doubles
|player|p1|lillbro64|veteran|1090
|player|p2|itina99|170|1157
|gen|9
|tier|[Gen 9] VGC 2025 Reg H (Bo3)
|rated|
|rule|Species Clause: Limit one of each Pokémon
|rule|Item Clause: Limit 1 of each item
|clearpoke
|poke|p1|Grimmsnarl, L50, M|
|poke|p1|Volcarona, L50, M|
|poke|p1|Tyranitar, L50, M|
|poke|p1|Rillaboom, L50, F|
|poke|p1|Garchomp, L50, F|
|poke|p1|Primarina, L50, F|
|poke|p2|Sneasler, L50, F|
|poke|p2|Indeedee, L50, M|
|poke|p2|Volcarona, L50, F|
|poke|p2|Ursaluna-Bloodmoon, L50, M|
|poke|p2|Annihilape, L50, F|
|poke|p2|Tyranitar, L50, M|
|teampreview|4
|showteam|p1|Grimmsnarl||CovertCloak|Prankster|FakeOut,SpiritBreak,ThunderWave,FakeTears|||M|||50|,,,,,Steel]Volcarona||SafetyGoggles|FlameBody|FieryDance,StruggleBug,QuiverDance,Protect|||M|||50|,,,,,Steel]Tyranitar||AssaultVest|SandStream|RockSlide,LowKick,KnockOff,TeraBlast|||M|||50|,,,,,Flying]Rillaboom||MiracleSeed|GrassySurge|FakeOut,WoodHammer,GrassyGlide,Protect|||F|||50|,,,,,Grass]Garchomp||ClearAmulet|SandVeil|Earthquake,DragonClaw,BreakingSwipe,Protect|||F|||50|,,,,,Fairy]Primarina||MysticWater|LiquidVoice|DazzlingGleam,HyperVoice,Haze,Protect|||F|||50|,,,,,Ground
|showteam|p2|Sneasler||PsychicSeed|Unburden|CloseCombat,DireClaw,ThroatChop,Protect|||F|||50|,,,,,Dark]Indeedee||ChoiceScarf|PsychicSurge|ExpandingForce,TeraBlast,Trick,Protect|||M|||50|,,,,,Psychic]Volcarona||SitrusBerry|FlameBody|Overheat,StruggleBug,RagePowder,Tailwind|||F|||50|,,,,,Grass]Ursaluna-Bloodmoon||LifeOrb|MindsEye|BloodMoon,HyperVoice,EarthPower,Protect|||M|||50|,,,,,Normal]Annihilape||SafetyGoggles|Defiant|CloseCombat,RageFist,Taunt,FinalGambit|||F|||50|,,,,,Fairy]Tyranitar||AssaultVest|SandStream|RockSlide,KnockOff,TeraBlast,LowKick|||M|||50|,,,,,Flying
|inactive|Battle timer is ON: inactive players will automatically lose when time's up. (requested by lillbro64)
|
|t:|1756993181
|teamsize|p1|4
|teamsize|p2|4
|start
|switch|p1a: Tricky Rick|Grimmsnarl, L50, M|100/100
|switch|p1b: Donkey Kong|Rillaboom, L50, F|100/100
|switch|p2a: Indeedee|Indeedee, L50, M|100/100
|switch|p2b: Sneasler|Sneasler, L50, F|100/100
|-fieldstart|move: Psychic Terrain|[from] ability: Psychic Surge|[of] p2a: Indeedee
|-enditem|p2b: Sneasler|Psychic Seed
|-boost|p2b: Sneasler|spd|1|[from] item: Psychic Seed
|-fieldstart|move: Grassy Terrain|[from] ability: Grassy Surge|[of] p1b: Donkey Kong
|turn|1
|
|t:|1756993205
|switch|p2a: Annihilape|Annihilape, L50, F|100/100
|switch|p1b: Fire Fly|Volcarona, L50, M|100/100
|move|p2b: Sneasler|Protect|p2b: Sneasler
|-singleturn|p2b: Sneasler|Protect
|move|p1a: Tricky Rick|Fake Out|p2b: Sneasler
|-activate|p2b: Sneasler|move: Protect
|
|upkeep
|turn|2
|inactive|lillbro64 has 30 seconds left.
|inactive|itina99 has 30 seconds left.
|
|t:|1756993237
|-terastallize|p2b: Sneasler|Dark
|-terastallize|p1a: Tricky Rick|Steel
|move|p1b: Fire Fly|Protect|p1b: Fire Fly
|-singleturn|p1b: Fire Fly|Protect
|move|p2b: Sneasler|Dire Claw|p1a: Tricky Rick
|-immune|p1a: Tricky Rick
|move|p2a: Annihilape|Taunt|p1b: Fire Fly
|-activate|p1b: Fire Fly|move: Protect
|move|p1a: Tricky Rick|Spirit Break|p2a: Annihilape
|-supereffective|p2a: Annihilape
|-damage|p2a: Annihilape|31/100
|-unboost|p2a: Annihilape|spa|1
|-ability|p2a: Annihilape|Defiant|boost
|-boost|p2a: Annihilape|atk|2
|
|-heal|p2a: Annihilape|37/100|[from] Grassy Terrain
|upkeep
|turn|3
|inactive|lillbro64 has 30 seconds left.
|
|t:|1756993263
|switch|p1a: Donkey Kong|Rillaboom, L50, F|100/100
|move|p2b: Sneasler|Close Combat|p1a: Donkey Kong
|-damage|p1a: Donkey Kong|24/100
|-unboost|p2b: Sneasler|def|1
|-unboost|p2b: Sneasler|spd|1
|move|p1b: Fire Fly|Fiery Dance|p2a: Annihilape
|-damage|p2a: Annihilape|0 fnt
|faint|p2a: Annihilape
|
|-heal|p1a: Donkey Kong|30/100|[from] Grassy Terrain
|upkeep
|
|t:|1756993275
|switch|p2a: Indeedee|Indeedee, L50, M|100/100
|-fieldstart|move: Psychic Terrain|[from] ability: Psychic Surge|[of] p2a: Indeedee
|turn|4
|inactive|lillbro64 has 30 seconds left.
|
|t:|1756993300
|switch|p1a: Tyrannis|Tyranitar, L50, M, shiny|100/100
|-weather|Sandstorm|[from] ability: Sand Stream|[of] p1a: Tyrannis
|move|p1b: Fire Fly|Protect|p1b: Fire Fly
|-singleturn|p1b: Fire Fly|Protect
|move|p2b: Sneasler|Close Combat|p1a: Tyrannis
|-supereffective|p1a: Tyrannis
|-damage|p1a: Tyrannis|0 fnt
|-unboost|p2b: Sneasler|def|1
|-unboost|p2b: Sneasler|spd|1
|faint|p1a: Tyrannis
|move|p2a: Indeedee|Expanding Force|p1b: Fire Fly
|-activate|p1b: Fire Fly|move: Protect
|
|-weather|Sandstorm|[upkeep]
|-damage|p2b: Sneasler|95/100|[from] Sandstorm
|-damage|p2a: Indeedee|95/100|[from] Sandstorm
|upkeep
|
|t:|1756993309
|switch|p1a: Donkey Kong|Rillaboom, L50, F|30/100
|-fieldstart|move: Grassy Terrain|[from] ability: Grassy Surge|[of] p1a: Donkey Kong
|turn|5
|
|t:|1756993327
|switch|p2a: Ursaluna|Ursaluna-Bloodmoon, L50, M|100/100
|switch|p1a: Tricky Rick|Grimmsnarl, L50, M, tera:Steel|100/100
|move|p2b: Sneasler|Protect|p2b: Sneasler
|-singleturn|p2b: Sneasler|Protect
|move|p1b: Fire Fly|Quiver Dance|p1b: Fire Fly
|-boost|p1b: Fire Fly|spa|1
|-boost|p1b: Fire Fly|spd|1
|-boost|p1b: Fire Fly|spe|1
|
|-weather|Sandstorm|[upkeep]
|-damage|p2b: Sneasler|89/100|[from] Sandstorm
|-heal|p2b: Sneasler|95/100|[from] Grassy Terrain
|upkeep
|turn|6
|inactive|lillbro64 has 30 seconds left.
|inactive|lillbro64 has 20 seconds left.
|
|t:|1756993362
|switch|p2a: Indeedee|Indeedee, L50, M|95/100
|-fieldstart|move: Psychic Terrain|[from] ability: Psychic Surge|[of] p2a: Indeedee
|move|p1b: Fire Fly|Protect|p1b: Fire Fly
|-singleturn|p1b: Fire Fly|Protect
|move|p2b: Sneasler|Close Combat|p1a: Tricky Rick
|-supereffective|p1a: Tricky Rick
|-damage|p1a: Tricky Rick|0 fnt
|-unboost|p2b: Sneasler|def|1
|-unboost|p2b: Sneasler|spd|1
|faint|p1a: Tricky Rick
|
|-weather|Sandstorm|[upkeep]
|-damage|p2b: Sneasler|89/100|[from] Sandstorm
|-damage|p2a: Indeedee|89/100|[from] Sandstorm
|upkeep
|
|t:|1756993372
|switch|p1a: Donkey Kong|Rillaboom, L50, F|30/100
|-fieldstart|move: Grassy Terrain|[from] ability: Grassy Surge|[of] p1a: Donkey Kong
|turn|7
|
|t:|1756993385
|move|p2b: Sneasler|Protect|p2b: Sneasler
|-singleturn|p2b: Sneasler|Protect
|move|p1a: Donkey Kong|Grassy Glide|p2b: Sneasler
|-activate|p2b: Sneasler|move: Protect
|move|p1b: Fire Fly|Quiver Dance|p1b: Fire Fly
|-boost|p1b: Fire Fly|spa|1
|-boost|p1b: Fire Fly|spd|1
|-boost|p1b: Fire Fly|spe|1
|move|p2a: Indeedee|Expanding Force|p1a: Donkey Kong
|-damage|p1a: Donkey Kong|0 fnt
|faint|p1a: Donkey Kong
|
|-weather|Sandstorm|[upkeep]
|-damage|p2b: Sneasler|83/100|[from] Sandstorm
|-damage|p2a: Indeedee|83/100|[from] Sandstorm
|-heal|p2b: Sneasler|89/100|[from] Grassy Terrain
|-heal|p2a: Indeedee|89/100|[from] Grassy Terrain
|upkeep
|turn|8
|inactive|itina99 has 30 seconds left.
|
|t:|1756993420
|switch|p2a: Ursaluna|Ursaluna-Bloodmoon, L50, M|100/100
|move|p2b: Sneasler|Dire Claw|p1b: Fire Fly
|-damage|p1b: Fire Fly|31/100
|-status|p1b: Fire Fly|psn
|move|p1b: Fire Fly|Struggle Bug|p2a: Ursaluna|[spread] p2a,p2b
|-supereffective|p2b: Sneasler
|-damage|p2a: Ursaluna|43/100
|-damage|p2b: Sneasler|0 fnt
|-unboost|p2a: Ursaluna|spa|1
|faint|p2b: Sneasler
|
|-weather|none
|-heal|p1b: Fire Fly|37/100 psn|[from] Grassy Terrain
|-heal|p2a: Ursaluna|49/100|[from] Grassy Terrain
|-damage|p1b: Fire Fly|25/100 psn|[from] psn
|upkeep
|
|t:|1756993435
|switch|p2b: Indeedee|Indeedee, L50, M|89/100
|-fieldstart|move: Psychic Terrain|[from] ability: Psychic Surge|[of] p2b: Indeedee
|turn|9
|
|t:|1756993449
|move|p2a: Ursaluna|Protect|p2a: Ursaluna
|-singleturn|p2a: Ursaluna|Protect
|move|p1b: Fire Fly|Struggle Bug|p2a: Ursaluna|[spread] p2b
|-activate|p2a: Ursaluna|move: Protect
|-supereffective|p2b: Indeedee
|-damage|p2b: Indeedee|0 fnt
|faint|p2b: Indeedee
|
|-damage|p1b: Fire Fly|12/100 psn|[from] psn
|upkeep
|turn|10
|inactive|itina99 has 30 seconds left.
|
|t:|1756993479
|move|p2a: Ursaluna|Protect||[still]
|-fail|p2a: Ursaluna
|move|p1b: Fire Fly|Fiery Dance|p2a: Ursaluna
|-damage|p2a: Ursaluna|0 fnt
|faint|p2a: Ursaluna
|
|win|lillbro64
||itina99 is ready for game 3.
||lillbro64 is ready for game 3.
|uhtml|next|Next: Game 3 of 3
