|j|☆tha worldo
|j|☆srpelea
|html|tha worldosrpelea    
|uhtml|bestof|Game 3 of a best-of-3
|t:|1785267963
|gametype|doubles
|player|p1|tha worldo|1|1074
|player|p2|srpelea|n|1141
|gen|9
|tier|[Gen 9 Champions] VGC 2026 Reg M-B (Bo3)
|rated|
|rule|Species Clause: Limit one of each Pokémon
|rule|Item Clause: Limit 1 of each item
|clearpoke
|poke|p1|Froslass, L50, F|
|poke|p1|Scovillain, L50, M|
|poke|p1|Lycanroc-Dusk, L50, F, shiny|
|poke|p1|Kingambit, L50, M|
|poke|p1|Sneasler, L50, F|
|poke|p1|Basculegion, L50, M|
|poke|p2|Garchomp, L50, F|
|poke|p2|Incineroar, L50, F|
|poke|p2|Floette-Eternal, L50, F|
|poke|p2|Whimsicott, L50, F|
|poke|p2|Kingambit, L50, F|
|poke|p2|Charizard, L50, F|
|teampreview|4
|showteam|p1|Froslass||Froslassite|CursedBody|Blizzard,ShadowBall,AuroraVeil,Protect|Modest||F|||50|]Scovillain||Scovillainite|Moody|Overheat,GigaDrain,RagePowder,Protect|Bold||M|||50|]Lycanroc-Dusk||FocusSash|ToughClaws|RockSlide,CloseCombat,Accelerock,Protect|Adamant||F|||50|]Kingambit||BlackGlasses|Defiant|KowtowCleave,SuckerPunch,SwordsDance,Protect|Adamant||M|||50|]Sneasler||WhiteHerb|Unburden|FakeOut,CloseCombat,GunkShot,Protect|Adamant||F|||50|]Basculegion||SitrusBerry|Adaptability|WaveCrash,LastRespects,AquaJet,Protect|Adamant||M|||50|
|showteam|p2|Garchomp||LifeOrb|RoughSkin|RockSlide,SwordsDance,Protect,PoisonJab|Jolly||F|||50|]Incineroar||SitrusBerry|Intimidate|FakeOut,PartingShot,DarkestLariat,FlareBlitz|Careful||F|||50|]Floette-Eternal||Floettite|FlowerVeil|Protect,DazzlingGleam,CalmMind,Psychic|Timid||F|||50|]Whimsicott||FocusSash|Prankster|Tailwind,Moonblast,Encore,Protect|Bold||F|||50|]Kingambit||BlackGlasses|Defiant|KowtowCleave,SuckerPunch,Protect,IronHead|Adamant||F|||50|]Charizard||CharizarditeY|Blaze|HeatWave,Protect,SolarBeam,WeatherBall|Timid||F|||50|
|inactive|Battle timer is ON: inactive players will automatically lose when time's up. (requested by srpelea)
|inactive|tha worldo has 60 seconds left.
|
|t:|1785268000
|teamsize|p1|4
|teamsize|p2|4
|start
|switch|p1a: Trái Cà|Scovillain, L50, M|100/100
|switch|p1b: Ông Già|Kingambit, L50, M|100/100
|switch|p2a: Whimsicott|Whimsicott, L50, F|100/100
|switch|p2b: Floette|Floette-Eternal, L50, F|100/100
|turn|1
|inactive|srpelea has 30 seconds left.
|
|t:|1785268027
|detailschange|p1a: Trái Cà|Scovillain-Mega, L50, M
|-mega|p1a: Trái Cà|Scovillain|Scovillainite
|move|p2b: Floette|Protect|p2b: Floette
|-singleturn|p2b: Floette|Protect
|move|p2a: Whimsicott|Tailwind|p2a: Whimsicott
|-sidestart|p2: srpelea|move: Tailwind
|move|p1a: Trái Cà|Overheat|p2a: Whimsicott
|-supereffective|p2a: Whimsicott|1
|-enditem|p2a: Whimsicott|Focus Sash
|-damage|p2a: Whimsicott|1/100
|-unboost|p1a: Trái Cà|spa|2
|move|p1b: Ông Già|Swords Dance|p1b: Ông Già
|-boost|p1b: Ông Già|atk|2
|
|upkeep
|turn|2
|
|t:|1785268059
|detailschange|p2b: Floette|Floette-Mega, L50, F
|-mega|p2b: Floette|Floette|Floettite
|-ability|p2b: Floette|Fairy Aura
|move|p1a: Trái Cà|Rage Powder|p1a: Trái Cà
|-singleturn|p1a: Trái Cà|move: Rage Powder
|move|p2b: Floette|Dazzling Gleam|p1a: Trái Cà|[spread] p1a,p1b
|-resisted|p1a: Trái Cà|1
|-damage|p1a: Trái Cà|75/100
|-damage|p1b: Ông Già|53/100
|-status|p2b: Floette|brn|[from] ability: Spicy Spray|[of] p1a: Trái Cà
|move|p2a: Whimsicott|Moonblast|p1b: Ông Già
|-damage|p1b: Ông Già|15/100
|move|p1b: Ông Già|Kowtow Cleave|p2b: Floette
|-resisted|p2b: Floette|1
|-damage|p2b: Floette|26/100 brn
|
|-damage|p2b: Floette|20/100y brn|[from] brn
|upkeep
|turn|3
|
|t:|1785268082
|move|p2b: Floette|Protect|p2b: Floette
|-singleturn|p2b: Floette|Protect
|move|p1b: Ông Già|Protect|p1b: Ông Già
|-singleturn|p1b: Ông Già|Protect
|move|p2a: Whimsicott|Moonblast|p1b: Ông Già
|-activate|p1b: Ông Già|move: Protect
|move|p1a: Trái Cà|Giga Drain|p2a: Whimsicott
|-resisted|p2a: Whimsicott|1
|-damage|p2a: Whimsicott|0 fnt
|-heal|p1a: Trái Cà|76/100|[from] drain|[of] p2a: Whimsicott
|faint|p2a: Whimsicott
|
|-damage|p2b: Floette|14/100 brn|[from] brn
|upkeep
|
|t:|1785268099
|switch|p2a: Kingambit|Kingambit, L50, F|100/100
|turn|4
|
|t:|1785268113
|move|p1a: Trái Cà|Rage Powder|p1a: Trái Cà
|-singleturn|p1a: Trái Cà|move: Rage Powder
|move|p2a: Kingambit|Sucker Punch||[still]
|-fail|p2a: Kingambit
|move|p2b: Floette|Dazzling Gleam|p1a: Trái Cà|[spread] p1a,p1b
|-resisted|p1a: Trái Cà|1
|-damage|p1a: Trái Cà|50/100g
|-damage|p1b: Ông Già|0 fnt
|faint|p1b: Ông Già
|
|-damage|p2b: Floette|8/100 brn|[from] brn
|-sideend|p2: srpelea|move: Tailwind
|upkeep
|
|t:|1785268130
|switch|p1b: Móng Dài|Sneasler, L50, F|100/100
|turn|5
|
|t:|1785268141
|move|p1a: Trái Cà|Rage Powder|p1a: Trái Cà
|-singleturn|p1a: Trái Cà|move: Rage Powder
|move|p1b: Móng Dài|Close Combat|p2a: Kingambit
|-supereffective|p2a: Kingambit|2
|-damage|p2a: Kingambit|0 fnt
|-unboost|p1b: Móng Dài|def|1
|-unboost|p1b: Móng Dài|spd|1
|faint|p2a: Kingambit
|-enditem|p1b: Móng Dài|White Herb
|-clearnegativeboost|p1b: Móng Dài|[silent]
|move|p2b: Floette|Dazzling Gleam|p1a: Trái Cà|[spread] p1a,p1b
|-resisted|p1a: Trái Cà|1
|-damage|p1a: Trái Cà|25/100
|-damage|p1b: Móng Dài|31/100
|
|-damage|p2b: Floette|2/100 brn|[from] brn
|upkeep
|
|t:|1785268158
|switch|p2a: Incineroar|Incineroar, L50, F|100/100
|-ability|p2a: Incineroar|Intimidate|boost
|-unboost|p1a: Trái Cà|atk|1
|-unboost|p1b: Móng Dài|atk|1
|turn|6
|j| soulmoonvgc
|
|t:|1785268169
|move|p1b: Móng Dài|Protect|p1b: Móng Dài
|-singleturn|p1b: Móng Dài|Protect
|move|p1a: Trái Cà|Protect|p1a: Trái Cà
|-singleturn|p1a: Trái Cà|Protect
|move|p2a: Incineroar|Fake Out|p1b: Móng Dài
|-activate|p1b: Móng Dài|move: Protect
|move|p2b: Floette|Dazzling Gleam|p1a: Trái Cà|[spread] 
|-activate|p1a: Trái Cà|move: Protect
|-activate|p1b: Móng Dài|move: Protect
|
|-damage|p2b: Floette|0 fnt|[from] brn
|faint|p2b: Floette
|upkeep
|turn|7
|
|t:|1785268189
|move|p1a: Trái Cà|Rage Powder|p1a: Trái Cà
|-singleturn|p1a: Trái Cà|move: Rage Powder
|move|p1b: Móng Dài|Close Combat|p2a: Incineroar
|-supereffective|p2a: Incineroar|1
|-damage|p2a: Incineroar|24/100
|-unboost|p1b: Móng Dài|def|1
|-unboost|p1b: Móng Dài|spd|1
|-enditem|p2a: Incineroar|Sitrus Berry|[eat]
|-heal|p2a: Incineroar|49/100|[from] item: Sitrus Berry
|move|p2a: Incineroar|Darkest Lariat|p1a: Trái Cà
|-damage|p1a: Trái Cà|0 fnt
|-immune|p2a: Incineroar
|faint|p1a: Trái Cà
|
|upkeep
|
|t:|1785268195
|switch|p1a: Con Cún|Lycanroc-Dusk, L50, F, shiny|100/100
|turn|8
|c|☆tha worldo|gg
|
|t:|1785268209
|move|p1b: Móng Dài|Close Combat|p2a: Incineroar
|-supereffective|p2a: Incineroar|1
|-damage|p2a: Incineroar|0 fnt
|-unboost|p1b: Móng Dài|def|1
|-unboost|p1b: Móng Dài|spd|1
|faint|p2a: Incineroar
|
|win|tha worldo
|raw|tha worldo's rating: 1074 → 1108(+34 for winning)
|raw|srpelea's rating: 1141 → 1111(-30 for losing)
