|j|☆platinumflare
|j|☆babydimelavelda
|html|platinumflarebabydimelavelda    
|uhtml|bestof|Game 2 of a best-of-3
|t:|1785255044
|gametype|doubles
|player|p1|platinumflare|lance|1243
|player|p2|babydimelavelda|169|1280
|gen|9
|tier|[Gen 9 Champions] VGC 2026 Reg M-B (Bo3)
|rated|
|rule|Species Clause: Limit one of each Pokémon
|rule|Item Clause: Limit 1 of each item
|clearpoke
|poke|p1|Raichu, L50, F|
|poke|p1|Farigiraf, L50, F|
|poke|p1|Meowscarada, L50, F|
|poke|p1|Sneasler, L50, F|
|poke|p1|Talonflame, L50, M|
|poke|p1|Basculegion, L50, M|
|poke|p2|Tyranitar, L50, M|
|poke|p2|Excadrill, L50, M|
|poke|p2|Staraptor, L50, F|
|poke|p2|Sinistcha, L50|
|poke|p2|Gholdengo, L50|
|poke|p2|Milotic, L50, M|
|teampreview|4
|showteam|p1|Raichu||RaichuniteY|LightningRod|ZapCannon,FocusBlast,Protect,GrassKnot|Timid||F|||50|]Farigiraf||SitrusBerry|ArmorTail|Psychic,Roar,HyperVoice,Protect|Modest||F|||50|]Meowscarada||ChoiceScarf|Protean|FlowerTrick,ThroatChop,TripleAxel,Uturn|Jolly||F|||50|]Sneasler||WhiteHerb|Unburden|GunkShot,CloseCombat,Protect,FakeOut|Jolly||F|||50|]Talonflame||SharpBeak|GaleWings|Tailwind,DualWingbeat,Protect,FlareBlitz|Jolly||M|||50|]Basculegion||LifeOrb|Adaptability|WaveCrash,AquaJet,LastRespects,Protect|Adamant||M|||50|
|showteam|p2|Tyranitar||Tyranitarite|SandStream|KnockOff,RockSlide,HighHorsepower,Protect|Jolly||M|||50|]Excadrill||FocusSash|SandRush|HighHorsepower,RockSlide,IronHead,Protect|Adamant||M|||50|]Staraptor||Staraptite|Intimidate|BraveBird,CloseCombat,Tailwind,Protect|Jolly||F|||50|]Sinistcha||KasibBerry|Hospitality|MatchaGotcha,RagePowder,ShadowBall,Protect|Bold|||||50|]Gholdengo||LifeOrb|GoodasGold|MakeItRain,ShadowBall,NastyPlot,Protect|Modest|||||50|]Milotic||Leftovers|Competitive|Scald,IcyWind,Haze,Protect|Calm||M|||50|
|inactive|Battle timer is ON: inactive players will automatically lose when time's up. (requested by platinumflare)
|
|t:|1785255064
|teamsize|p1|4
|teamsize|p2|4
|start
|switch|p1a: Basculegion|Basculegion, L50, M|100/100
|switch|p1b: Meowscarada|Meowscarada, L50, F|100/100
|switch|p2a: Staraptor|Staraptor, L50, F|100/100
|switch|p2b: Sinistcha|Sinistcha, L50|100/100
|-ability|p2a: Staraptor|Intimidate|boost
|-unboost|p1a: Basculegion|atk|1
|-unboost|p1b: Meowscarada|atk|1
|turn|1
|inactive|babydimelavelda has 30 seconds left.
|
|t:|1785255097
|detailschange|p2a: Staraptor|Staraptor-Mega, L50, F
|-mega|p2a: Staraptor|Staraptor|Staraptite
|move|p2a: Staraptor|Protect|p2a: Staraptor
|-singleturn|p2a: Staraptor|Protect
|move|p1b: Meowscarada|Triple Axel|p2a: Staraptor
|-start|p1b: Meowscarada|typechange|Ice|[from] ability: Protean
|-activate|p2a: Staraptor|move: Protect
|move|p1a: Basculegion|Last Respects|p2b: Sinistcha
|-supereffective|p2b: Sinistcha|1
|-enditem|p2b: Sinistcha|Kasib Berry|[eat]
|-enditem|p2b: Sinistcha|Kasib Berry|[weaken]
|-damage|p2b: Sinistcha|73/100
|-damage|p1a: Basculegion|90/100|[from] item: Life Orb
|move|p2b: Sinistcha|Matcha Gotcha|p1a: Basculegion|[spread] p1a,p1b
|-supereffective|p1a: Basculegion|1
|-damage|p1a: Basculegion|34/100
|-heal|p2b: Sinistcha|100/100|[from] drain|[of] p1a: Basculegion
|-damage|p1b: Meowscarada|62/100
|
|upkeep
|turn|2
|inactive|babydimelavelda has 30 seconds left.
|
|t:|1785255128
|switch|p2a: Gholdengo|Gholdengo, L50|100/100
|move|p1b: Meowscarada|Triple Axel|p2b: Sinistcha
|-supereffective|p2b: Sinistcha|1
|-damage|p2b: Sinistcha|88/100
|-supereffective|p2b: Sinistcha|1
|-damage|p2b: Sinistcha|66/100
|-supereffective|p2b: Sinistcha|1
|-damage|p2b: Sinistcha|34/100
|-hitcount|p2b: Sinistcha|3
|move|p1a: Basculegion|Last Respects|p2b: Sinistcha
|-supereffective|p2b: Sinistcha|1
|-damage|p2b: Sinistcha|0 fnt
|faint|p2b: Sinistcha
|-damage|p1a: Basculegion|24/100|[from] item: Life Orb
|
|upkeep
|
|t:|1785255139
|switch|p2b: Staraptor|Staraptor-Mega, L50, F|100/100
|turn|3
|
|t:|1785255147
|switch|p1a: Talonflame|Talonflame, L50, M|100/100
|move|p1b: Meowscarada|Triple Axel|p2b: Staraptor|[miss]
|-miss|p1b: Meowscarada|p2b: Staraptor
|move|p2b: Staraptor|Tailwind|p2b: Staraptor
|-sidestart|p2: babydimelavelda|move: Tailwind
|move|p2a: Gholdengo|Nasty Plot|p2a: Gholdengo
|-boost|p2a: Gholdengo|spa|2
|
|upkeep
|turn|4
|inactive|babydimelavelda has 30 seconds left.
|inactive|babydimelavelda has 20 seconds left.
|
|t:|1785255183
|move|p1a: Talonflame|Tailwind|p1a: Talonflame
|-sidestart|p1: platinumflare|move: Tailwind
|move|p1b: Meowscarada|Triple Axel|p2b: Staraptor
|-supereffective|p2b: Staraptor|1
|-damage|p2b: Staraptor|87/100
|-supereffective|p2b: Staraptor|1
|-damage|p2b: Staraptor|64/100
|-supereffective|p2b: Staraptor|1
|-damage|p2b: Staraptor|29/100
|-hitcount|p2b: Staraptor|3
|move|p2b: Staraptor|Close Combat|p1b: Meowscarada
|-supereffective|p1b: Meowscarada|1
|-damage|p1b: Meowscarada|0 fnt
|-boost|p2b: Staraptor|def|1
|-boost|p2b: Staraptor|spd|1
|faint|p1b: Meowscarada
|move|p2a: Gholdengo|Shadow Ball|p1a: Talonflame
|-damage|p1a: Talonflame|0 fnt
|faint|p1a: Talonflame
|-damage|p2a: Gholdengo|90/100|[from] item: Life Orb
|
|upkeep
|
|t:|1785255200
|switch|p1b: Basculegion|Basculegion, L50, M|24/100
|switch|p1a: Raichu|Raichu, L50, F|100/100
|turn|5
|
|t:|1785255213
|detailschange|p1a: Raichu|Raichu-Mega-Y, L50, F
|-mega|p1a: Raichu|Raichu|Raichunite Y
|move|p2b: Staraptor|Protect|p2b: Staraptor
|-singleturn|p2b: Staraptor|Protect
|move|p2a: Gholdengo|Protect|p2a: Gholdengo
|-singleturn|p2a: Gholdengo|Protect
|move|p1a: Raichu|Zap Cannon|p2a: Gholdengo
|-activate|p2a: Gholdengo|move: Protect
|move|p1b: Basculegion|Last Respects|p2a: Gholdengo
|-activate|p2a: Gholdengo|move: Protect
|
|upkeep
|turn|6
|inactive|babydimelavelda has 30 seconds left.
|inactive|babydimelavelda has 20 seconds left.
|inactive|babydimelavelda has 15 seconds left.
|
|t:|1785255255
|switch|p2a: Tyranitar|Tyranitar, L50, M|100/100
|-weather|Sandstorm|[from] ability: Sand Stream|[of] p2a: Tyranitar
|move|p1a: Raichu|Protect|p1a: Raichu
|-singleturn|p1a: Raichu|Protect
|move|p1b: Basculegion|Protect|p1b: Basculegion
|-singleturn|p1b: Basculegion|Protect
|move|p2b: Staraptor|Brave Bird|p1b: Basculegion
|-activate|p1b: Basculegion|move: Protect
|
|-weather|Sandstorm|[upkeep]
|-damage|p1a: Raichu|94/100|[from] Sandstorm
|-damage|p2b: Staraptor|23/100|[from] Sandstorm
|-damage|p1b: Basculegion|18/100|[from] Sandstorm
|-sideend|p2: babydimelavelda|move: Tailwind
|upkeep
|turn|7
|inactive|babydimelavelda has 30 seconds left.
|inactive|babydimelavelda has 20 seconds left.
|inactive|babydimelavelda has 15 seconds left.
|inactive|babydimelavelda has 10 seconds left.
|inactive|babydimelavelda has 5 seconds left.
|
|t:|1785255305
|move|p1a: Raichu|Focus Blast|p2a: Tyranitar
|-supereffective|p2a: Tyranitar|2
|-damage|p2a: Tyranitar|0 fnt
|faint|p2a: Tyranitar
|move|p1b: Basculegion|Last Respects|p2b: Staraptor
|-damage|p2b: Staraptor|0 fnt
|faint|p2b: Staraptor
|-damage|p1b: Basculegion|9/100|[from] item: Life Orb
|
|-weather|Sandstorm|[upkeep]
|-damage|p1a: Raichu|88/100|[from] Sandstorm
|-damage|p1b: Basculegion|3/100|[from] Sandstorm
|-sideend|p1: platinumflare|move: Tailwind
|upkeep
|-message|babydimelavelda forfeited.
|
|win|platinumflare
|l|☆babydimelavelda
|player|p2|
||babydimelavelda is ready for game 3.
||platinumflare is ready for game 3.
|uhtml|next|Next: Game 3 of 3
|l|☆platinumflare
|player|p1|
|j|☆platinumflare
|player|p1|platinumflare|lance|
