|j|☆Ethan's Bleakmiss
|j|☆cocobennyy
|html|Ethan's Bleakmisscocobennyy    
|uhtml|bestof|Game 3 of a best-of-3
|t:|1784561221
|gametype|doubles
|player|p1|Ethan's Bleakmiss|unknown|1122
|player|p2|cocobennyy|medium|1148
|gen|9
|tier|[Gen 9 Champions] VGC 2026 Reg M-B (Bo3)
|rated|
|rule|Species Clause: Limit one of each Pokémon
|rule|Item Clause: Limit 1 of each item
|clearpoke
|poke|p1|Blaziken, L50, M|
|poke|p1|Ninetales-Alola, L50, F|
|poke|p1|Kingambit, L50, F, shiny|
|poke|p1|Basculegion, L50, M, shiny|
|poke|p1|Farigiraf, L50, M, shiny|
|poke|p1|Slowbro, L50, M, shiny|
|poke|p2|Charizard, L50, M|
|poke|p2|Mimikyu, L50, F|
|poke|p2|Politoed, L50, M|
|poke|p2|Venusaur, L50, F|
|poke|p2|Archaludon, L50, M|
|poke|p2|Sableye, L50, M|
|teampreview|4
|showteam|p1|Blaziken||Blazikenite|SpeedBoost|CloseCombat,FlareBlitz,StoneEdge,Detect|Adamant||M|||50|]Ninetales-Alola||NeverMeltIce|SnowWarning|Blizzard,FreezeDry,Encore,Protect|Timid||F|||50|]Kingambit||LifeOrb|Defiant|SuckerPunch,KowtowCleave,IronHead,Protect|Brave||F|||50|]Basculegion||ChoiceScarf|Adaptability|WaveCrash,LastRespects,FlipTurn,AquaJet|Adamant||M|||50|]Farigiraf||SitrusBerry|ArmorTail|HyperVoice,Psychic,TrickRoom,HelpingHand|Sassy||M|||50|]Slowbro||Slowbronite|Regenerator|BodyPress,Protect,Scald,Psychic|Quiet||M|||50|
|showteam|p2|Charizard||CharizarditeY|Blaze|Protect,HeatWave,WeatherBall,SolarBeam|Modest||M|||50|]Mimikyu||LifeOrb|Disguise|Protect,PlayRough,ShadowClaw,TrickRoom|Adamant||F|||50|]Politoed||SitrusBerry|Drizzle|Protect,PerishSong,IceBeam,WeatherBall|Calm||M|||50|]Venusaur||Venusaurite|Chlorophyll|Protect,SludgeBomb,GigaDrain,EarthPower|Modest||F|||50|]Archaludon||Leftovers|Stamina|Protect,ElectroShot,FlashCannon,DragonPulse|Timid||M|||50|]Sableye||LightClay|Prankster|Quash,RainDance,LightScreen,Reflect|Careful||M|||50|
|inactive|Battle timer is ON: inactive players will automatically lose when time's up. (requested by Ethan's Bleakmiss)
|inactive|Ethan's Bleakmiss has 60 seconds left.
|inactive|cocobennyy has 60 seconds left.
|inactive|cocobennyy has 30 seconds left.
|inactive|cocobennyy has 20 seconds left.
|inactive|cocobennyy has 15 seconds left.
|inactive|cocobennyy has 10 seconds left.
|inactive|cocobennyy has 5 seconds left.
|
|t:|1784561310
|teamsize|p1|4
|teamsize|p2|4
|start
|switch|p1a: Ninetales|Ninetales-Alola, L50, F|100/100
|switch|p1b: Blaziken|Blaziken, L50, M|100/100
|switch|p2a: Politoed|Politoed, L50, M|100/100
|switch|p2b: Sableye|Sableye, L50, M|100/100
|-weather|Snowscape|[from] ability: Snow Warning|[of] p1a: Ninetales
|-weather|RainDance|[from] ability: Drizzle|[of] p2a: Politoed
|turn|1
|inactive|Ethan's Bleakmiss has 30 seconds left.
|inactive|cocobennyy has 30 seconds left.
|inactive|cocobennyy has 20 seconds left.
|inactive|cocobennyy has 15 seconds left.
|inactive|cocobennyy has 10 seconds left.
|
|t:|1784561358
|switch|p1b: Basculegion|Basculegion, L50, M, shiny|100/100
|move|p2b: Sableye|Quash||[still]
|-fail|p2b: Sableye
|move|p1a: Ninetales|Encore|p2b: Sableye
|-start|p2b: Sableye|Encore
|move|p2a: Politoed|Weather Ball|p1b: Basculegion
|-resisted|p1b: Basculegion|1
|-damage|p1b: Basculegion|74/100
|
|-weather|RainDance|[upkeep]
|upkeep
|turn|2
|inactive|cocobennyy has 30 seconds left.
|
|t:|1784561391
|switch|p1a: Farigiraf|Farigiraf, L50, M, shiny|100/100
|switch|p2b: Archaludon|Archaludon, L50, M|100/100
|move|p1b: Basculegion|Flip Turn|p2a: Politoed
|-resisted|p2a: Politoed|1
|-damage|p2a: Politoed|64/100
|
|t:|1784561399
|switch|p1b: Ninetales|Ninetales-Alola, L50, F|100/100|[from] Flip Turn
|-weather|Snowscape|[from] ability: Snow Warning|[of] p1b: Ninetales
|move|p2a: Politoed|Weather Ball|p1a: Farigiraf
|-damage|p1a: Farigiraf|81/100
|
|-weather|Snowscape|[upkeep]
|upkeep
|turn|3
|
|t:|1784561424
|switch|p2a: Sableye|Sableye, L50, M|100/100
|switch|p1a: Blaziken|Blaziken, L50, M|100/100
|move|p1b: Ninetales|Freeze-Dry|p2a: Sableye
|-damage|p2a: Sableye|63/100
|move|p2b: Archaludon|Flash Cannon|p1b: Ninetales
|-supereffective|p1b: Ninetales|2
|-damage|p1b: Ninetales|0 fnt
|faint|p1b: Ninetales
|
|-weather|Snowscape|[upkeep]
|upkeep
|
|t:|1784561435
|switch|p1b: Farigiraf|Farigiraf, L50, M, shiny|81/100
|turn|4
|inactive|cocobennyy has 30 seconds left.
|inactive|Ethan's Bleakmiss has 30 seconds left.
|inactive|cocobennyy has 20 seconds left.
|
|t:|1784561474
|detailschange|p1a: Blaziken|Blaziken-Mega, L50, M
|-mega|p1a: Blaziken|Blaziken|Blazikenite
|move|p1b: Farigiraf|Helping Hand|p1a: Blaziken
|-singleturn|p1a: Blaziken|Helping Hand|[of] p1b: Farigiraf
|move|p2b: Archaludon|Protect|p2b: Archaludon
|-singleturn|p2b: Archaludon|Protect
|move|p2a: Sableye|Reflect|p2a: Sableye
|-sidestart|p2: cocobennyy|Reflect
|move|p1a: Blaziken|Close Combat|p2b: Archaludon
|-activate|p2b: Archaludon|move: Protect
|
|-weather|Snowscape|[upkeep]
|-ability|p1a: Blaziken|Speed Boost|boost
|-boost|p1a: Blaziken|spe|1
|upkeep
|turn|5
|inactive|cocobennyy has 30 seconds left.
|inactive|cocobennyy has 20 seconds left.
|inactive|cocobennyy has 15 seconds left.
|inactive|cocobennyy has 10 seconds left.
|
|t:|1784561520
|switch|p2a: Politoed|Politoed, L50, M|64/100
|-weather|RainDance|[from] ability: Drizzle|[of] p2a: Politoed
|move|p1b: Farigiraf|Helping Hand|p1a: Blaziken
|-singleturn|p1a: Blaziken|Helping Hand|[of] p1b: Farigiraf
|move|p1a: Blaziken|Close Combat|p2b: Archaludon
|-supereffective|p2b: Archaludon|1
|-damage|p2b: Archaludon|0 fnt
|-unboost|p1a: Blaziken|def|1
|-unboost|p1a: Blaziken|spd|1
|faint|p2b: Archaludon
|
|-weather|RainDance|[upkeep]
|-ability|p1a: Blaziken|Speed Boost|boost
|-boost|p1a: Blaziken|spe|1
|upkeep
|
|t:|1784561534
|switch|p2b: Sableye|Sableye, L50, M|63/100
|turn|6
|
|t:|1784561546
|switch|p1b: Basculegion|Basculegion, L50, M, shiny|74/100
|switch|p2b: Venusaur|Venusaur, L50, F|100/100
|move|p1a: Blaziken|Close Combat|p2a: Politoed
|-damage|p2a: Politoed|9/100
|-unboost|p1a: Blaziken|def|1
|-unboost|p1a: Blaziken|spd|1
|-enditem|p2a: Politoed|Sitrus Berry|[eat]
|-heal|p2a: Politoed|34/100|[from] item: Sitrus Berry
|move|p2a: Politoed|Weather Ball|p1b: Basculegion
|-resisted|p1b: Basculegion|1
|-damage|p1b: Basculegion|45/100
|
|-weather|RainDance|[upkeep]
|-ability|p1a: Blaziken|Speed Boost|boost
|-boost|p1a: Blaziken|spe|1
|upkeep
|turn|7
|inactive|cocobennyy has 30 seconds left.
|
|t:|1784561581
|switch|p2a: Sableye|Sableye, L50, M|63/100
|detailschange|p2b: Venusaur|Venusaur-Mega, L50, F
|-mega|p2b: Venusaur|Venusaur|Venusaurite
|move|p1a: Blaziken|Close Combat|p2a: Sableye
|-immune|p2a: Sableye
|move|p1b: Basculegion|Last Respects|p2b: Venusaur
|-damage|p2b: Venusaur|52/100
|move|p2b: Venusaur|Giga Drain|p1b: Basculegion
|-supereffective|p1b: Basculegion|1
|-damage|p1b: Basculegion|0 fnt
|-heal|p2b: Venusaur|80/100|[from] drain|[of] p1b: Basculegion
|faint|p1b: Basculegion
|
|-weather|RainDance|[upkeep]
|-ability|p1a: Blaziken|Speed Boost|boost
|-boost|p1a: Blaziken|spe|1
|upkeep
|
|t:|1784561596
|switch|p1b: Farigiraf|Farigiraf, L50, M, shiny|81/100
|turn|8
|inactive|cocobennyy has 30 seconds left.
|
|t:|1784561622
|switch|p2a: Politoed|Politoed, L50, M|34/100
|move|p1a: Blaziken|Detect|p1a: Blaziken
|-singleturn|p1a: Blaziken|Protect
|move|p2b: Venusaur|Protect|p2b: Venusaur
|-singleturn|p2b: Venusaur|Protect
|move|p1b: Farigiraf|Psychic|p2b: Venusaur
|-activate|p2b: Venusaur|move: Protect
|
|-weather|RainDance|[upkeep]
|-ability|p1a: Blaziken|Speed Boost|boost
|-boost|p1a: Blaziken|spe|1
|upkeep
|turn|9
|
|t:|1784561640
|move|p1a: Blaziken|Stone Edge|p2a: Politoed
|-damage|p2a: Politoed|3/100
|move|p2b: Venusaur|Earth Power|p1a: Blaziken
|-supereffective|p1a: Blaziken|1
|-damage|p1a: Blaziken|0 fnt
|faint|p1a: Blaziken
|move|p2a: Politoed|Perish Song|p2a: Politoed
|-start|p1b: Farigiraf|perish3|[silent]
|-start|p2a: Politoed|perish3|[silent]
|-start|p2b: Venusaur|perish3|[silent]
|-fieldactivate|move: Perish Song
|move|p1b: Farigiraf|Psychic|p2b: Venusaur
|-supereffective|p2b: Venusaur|1
|-damage|p2b: Venusaur|10/100
|
|-weather|none
|-start|p2b: Venusaur|perish3
|-start|p2a: Politoed|perish3
|-start|p1b: Farigiraf|perish3
|upkeep
|turn|10
|
|t:|1784561656
|move|p2b: Venusaur|Protect|p2b: Venusaur
|-singleturn|p2b: Venusaur|Protect
|move|p2a: Politoed|Protect|p2a: Politoed
|-singleturn|p2a: Politoed|Protect
|move|p1b: Farigiraf|Hyper Voice|p2b: Venusaur|[spread] 
|-activate|p2a: Politoed|move: Protect
|-activate|p2b: Venusaur|move: Protect
|
|-start|p2b: Venusaur|perish2
|-start|p2a: Politoed|perish2
|-start|p1b: Farigiraf|perish2
|upkeep
|turn|11
|-message|Ethan's Bleakmiss forfeited.
|
|win|cocobennyy
|raw|Ethan's Bleakmiss's rating: 1122 → 1099(-23 for losing)
|raw|cocobennyy's rating: 1148 → 1171(+23 for winning)
