|j|☆Ome Henk
|j|☆Akram Hamdi
|html|Ome HenkAkram Hamdi    
|uhtml|bestof|Game 1 of a best-of-3
|t:|1783277806
|gametype|doubles
|player|p1|Ome Henk|kabu|
|player|p2|Akram Hamdi|bertha|
|gen|9
|tier|[Gen 9 Champions] VGC 2026 Reg M-B (Bo3)
|rule|Species Clause: Limit one of each Pokémon
|rule|Item Clause: Limit 1 of each item
|clearpoke
|poke|p1|Tyranitar, L50, M, shiny|
|poke|p1|Excadrill, L50, F|
|poke|p1|Gyarados, L50, F, shiny|
|poke|p1|Corviknight, L50, M, shiny|
|poke|p1|Hydreigon, L50, M|
|poke|p1|Sylveon, L50, F, shiny|
|poke|p2|Sinistcha, L50|
|poke|p2|Incineroar, L50, F|
|poke|p2|Milotic, L50, M|
|poke|p2|Raichu, L50, F|
|poke|p2|Floette-Eternal, L50, F|
|poke|p2|Ceruledge, L50, F|
|teampreview|4
|showteam|p1|Tyranitar||Tyranitarite|SandStream|RockSlide,KnockOff,Protect,IcePunch|Jolly||M|||50|]Excadrill||FocusSash|SandRush|Earthquake,IronHead,Protect,RockSlide|Adamant||F|||50|]Gyarados||SitrusBerry|Intimidate|Waterfall,ThunderWave,Protect,Taunt|Careful||F|||50|]Corviknight||Leftovers|MirrorArmor|IronDefense,BodyPress,Tailwind,Roost|Impish||M|||50|]Hydreigon||ChoiceScarf|Levitate|DarkPulse,Snarl,DracoMeteor,HeatWave|Modest||M|||50|]Sylveon||FairyFeather|Pixilate|HyperVoice,QuickAttack,Protect,HyperBeam|Modest||F|||50|
|showteam|p2|Sinistcha||KasibBerry|Hospitality|MatchaGotcha,LifeDew,RagePowder,Protect|Relaxed|||||50|]Incineroar||SitrusBerry|Intimidate|FlareBlitz,ThroatChop,FakeOut,PartingShot|Impish||F|||50|]Milotic||Leftovers|Competitive|MuddyWater,Coil,Hypnosis,Protect|Calm||M|||50|]Raichu||RaichuniteY|LightningRod|ZapCannon,FocusBlast,FakeOut,Protect|Timid||F|||50|]Floette-Eternal||Floettite|FlowerVeil|DazzlingGleam,DrainingKiss,CalmMind,Protect|Timid||F|||50|]Ceruledge||ColburBerry|FlashFire|BitterBlade,ShadowSneak,BulkUp,Protect|Adamant||F|||50|
|c|☆Akram Hamdi|Succes kameraad
|c|☆Ome Henk|moge de beste friesland hater winnen
|c|☆Akram Hamdi|AMEEN
|j| 000aj
|j| Carrotman01
|j| Mike ut Ljouwert
|l| Carrotman01
|j| CarrotsAreVeryPog
|j| torie123
|l| Mike ut Ljouwert
|
|t:|1783277894
|teamsize|p1|4
|teamsize|p2|4
|start
|switch|p1a: Scheveningen|Tyranitar, L50, M, shiny|100/100
|switch|p1b: De Duinen|Excadrill, L50, F|100/100
|switch|p2a: Milotic|Milotic, L50, M|100/100
|switch|p2b: Incineroar|Incineroar, L50, F|100/100
|-weather|Sandstorm|[from] ability: Sand Stream|[of] p1a: Scheveningen
|-ability|p2b: Incineroar|Intimidate|boost
|-unboost|p1a: Scheveningen|atk|1
|-unboost|p1b: De Duinen|atk|1
|turn|1
|l| torie123
|j| Jorijn
|
|t:|1783277944
|switch|p1a: Kabinet Jetten|Hydreigon, L50, M|100/100
|move|p1b: De Duinen|Protect|p1b: De Duinen
|-singleturn|p1b: De Duinen|Protect
|move|p2b: Incineroar|Fake Out|p1a: Kabinet Jetten
|-damage|p1a: Kabinet Jetten|88/100
|move|p2a: Milotic|Coil|p2a: Milotic
|-boost|p2a: Milotic|atk|1
|-boost|p2a: Milotic|def|1
|-boost|p2a: Milotic|accuracy|1
|
|-weather|Sandstorm|[upkeep]
|-damage|p1a: Kabinet Jetten|82/100|[from] Sandstorm
|-damage|p2a: Milotic|94/100|[from] Sandstorm
|-damage|p2b: Incineroar|94/100|[from] Sandstorm
|-heal|p2a: Milotic|100/100|[from] item: Leftovers
|upkeep
|turn|2
|j| pietplezier7
|
|t:|1783277988
|move|p1b: De Duinen|Earthquake|p2b: Incineroar|[spread] p2a,p2b
|-immune|p1a: Kabinet Jetten|[from] ability: Levitate
|-supereffective|p2b: Incineroar|1
|-damage|p2a: Milotic|84/100
|-damage|p2b: Incineroar|55/100
|move|p1a: Kabinet Jetten|Draco Meteor|p2b: Incineroar
|-damage|p2b: Incineroar|0 fnt
|-unboost|p1a: Kabinet Jetten|spa|2
|faint|p2b: Incineroar
|move|p2a: Milotic|Muddy Water|p1a: Kabinet Jetten|[spread] p1a,p1b
|-resisted|p1a: Kabinet Jetten|1
|-supereffective|p1b: De Duinen|1
|-damage|p1a: Kabinet Jetten|69/100
|-damage|p1b: De Duinen|32/100
|
|-weather|Sandstorm|[upkeep]
|-damage|p1a: Kabinet Jetten|63/100|[from] Sandstorm
|-damage|p2a: Milotic|78/100|[from] Sandstorm
|-heal|p2a: Milotic|84/100|[from] item: Leftovers
|upkeep
|
|t:|1783277999
|switch|p2b: Sinistcha|Sinistcha, L50|100/100
|-heal|p2a: Milotic|100/100|[from] ability: Hospitality|[of] p2b: Sinistcha
|turn|3
|j| torie123
|
|t:|1783278042
|switch|p1a: Haagse Reiger|Corviknight, L50, M, shiny|100/100
|move|p1b: De Duinen|Rock Slide|p2b: Sinistcha|[spread] p2a
|-miss|p1b: De Duinen|p2b: Sinistcha
|-damage|p2a: Milotic|92/100
|move|p2a: Milotic|Muddy Water|p1a: Haagse Reiger|[spread] p1a,p1b
|-supereffective|p1b: De Duinen|1
|-damage|p1a: Haagse Reiger|79/100
|-damage|p1b: De Duinen|0 fnt
|faint|p1b: De Duinen
|move|p2b: Sinistcha|Matcha Gotcha|p1a: Haagse Reiger
|-resisted|p1a: Haagse Reiger|2
|-damage|p1a: Haagse Reiger|70/100
|
|-weather|Sandstorm|[upkeep]
|-damage|p2a: Milotic|86/100|[from] Sandstorm
|-damage|p2b: Sinistcha|93/100|[from] Sandstorm
|-heal|p2a: Milotic|92/100|[from] item: Leftovers
|-heal|p1a: Haagse Reiger|76/100|[from] item: Leftovers
|upkeep
|l| torie123
|
|t:|1783278069
|switch|p1b: Kabinet Jetten|Hydreigon, L50, M|63/100
|turn|4
|
|t:|1783278091
|switch|p2b: Floette|Floette-Eternal, L50, F|100/100
|move|p1b: Kabinet Jetten|Dark Pulse|p2b: Floette
|-resisted|p2b: Floette|1
|-damage|p2b: Floette|79/100
|move|p2a: Milotic|Hypnosis|p1a: Haagse Reiger|[miss]
|-miss|p2a: Milotic|p1a: Haagse Reiger
|move|p1a: Haagse Reiger|Tailwind|p1a: Haagse Reiger
|-sidestart|p1: Ome Henk|move: Tailwind
|
|-weather|Sandstorm|[upkeep]
|-damage|p1b: Kabinet Jetten|57/100|[from] Sandstorm
|-damage|p2b: Floette|73/100|[from] Sandstorm
|-damage|p2a: Milotic|86/100|[from] Sandstorm
|-heal|p1a: Haagse Reiger|82/100|[from] item: Leftovers
|-heal|p2a: Milotic|92/100|[from] item: Leftovers
|upkeep
|turn|5
|
|t:|1783278141
|detailschange|p2b: Floette|Floette-Mega, L50, F
|-mega|p2b: Floette|Floette|Floettite
|-ability|p2b: Floette|Fairy Aura
|move|p1b: Kabinet Jetten|Dark Pulse|p2a: Milotic
|-damage|p2a: Milotic|63/100
|move|p1a: Haagse Reiger|Body Press|p2a: Milotic
|-damage|p2a: Milotic|48/100
|move|p2b: Floette|Draining Kiss|p1b: Kabinet Jetten
|-supereffective|p1b: Kabinet Jetten|2
|-damage|p1b: Kabinet Jetten|0 fnt
|-heal|p2b: Floette|100/100|[from] drain|[of] p1b: Kabinet Jetten
|faint|p1b: Kabinet Jetten
|cant|p2a: Milotic|flinch
|
|-weather|none
|-heal|p1a: Haagse Reiger|88/100|[from] item: Leftovers
|-heal|p2a: Milotic|54/100|[from] item: Leftovers
|upkeep
|
|t:|1783278156
|switch|p1b: Scheveningen|Tyranitar, L50, M, shiny|100/100
|-weather|Sandstorm|[from] ability: Sand Stream|[of] p1b: Scheveningen
|turn|6
|j| torie123
|
|t:|1783278201
|switch|p2b: Sinistcha|Sinistcha, L50|93/100
|-heal|p2a: Milotic|79/100|[from] ability: Hospitality|[of] p2b: Sinistcha
|detailschange|p1b: Scheveningen|Tyranitar-Mega, L50, M, shiny
|-mega|p1b: Scheveningen|Tyranitar|Tyranitarite
|move|p1b: Scheveningen|Rock Slide|p2b: Sinistcha|[spread] p2a,p2b
|-damage|p2a: Milotic|59/100
|-damage|p2b: Sinistcha|63/100
|move|p1a: Haagse Reiger|Iron Defense|p1a: Haagse Reiger
|-boost|p1a: Haagse Reiger|def|2
|cant|p2a: Milotic|flinch
|
|-weather|Sandstorm|[upkeep]
|-damage|p2a: Milotic|53/100|[from] Sandstorm
|-damage|p2b: Sinistcha|57/100|[from] Sandstorm
|-heal|p1a: Haagse Reiger|94/100|[from] item: Leftovers
|-heal|p2a: Milotic|59/100|[from] item: Leftovers
|upkeep
|turn|7
|c|☆Ome Henk|ik zit zo vol met flinches
|
|t:|1783278242
|move|p2b: Sinistcha|Protect|p2b: Sinistcha
|-singleturn|p2b: Sinistcha|Protect
|move|p1b: Scheveningen|Ice Punch|p2b: Sinistcha
|-activate|p2b: Sinistcha|move: Protect
|move|p1a: Haagse Reiger|Iron Defense|p1a: Haagse Reiger
|-boost|p1a: Haagse Reiger|def|2
|move|p2a: Milotic|Hypnosis|p1a: Haagse Reiger
|-status|p1a: Haagse Reiger|slp|[from] move: Hypnosis
|
|-weather|Sandstorm|[upkeep]
|-damage|p2a: Milotic|53/100|[from] Sandstorm
|-damage|p2b: Sinistcha|51/100|[from] Sandstorm
|-heal|p1a: Haagse Reiger|100/100 slp|[from] item: Leftovers
|-heal|p2a: Milotic|59/100|[from] item: Leftovers
|-sideend|p1: Ome Henk|move: Tailwind
|upkeep
|turn|8
|
|t:|1783278272
|switch|p2b: Floette|Floette-Mega, L50, F|100/100
|-ability|p2b: Floette|Fairy Aura
|move|p1b: Scheveningen|Ice Punch|p2b: Floette
|-damage|p2b: Floette|67/100
|move|p2a: Milotic|Muddy Water|p1a: Haagse Reiger|[spread] p1a,p1b
|-supereffective|p1b: Scheveningen|1
|-damage|p1a: Haagse Reiger|76/100 slp
|-damage|p1b: Scheveningen|75/100
|cant|p1a: Haagse Reiger|slp
|
|-weather|Sandstorm|[upkeep]
|-damage|p2b: Floette|61/100|[from] Sandstorm
|-damage|p2a: Milotic|53/100|[from] Sandstorm
|-heal|p2a: Milotic|59/100|[from] item: Leftovers
|-heal|p1a: Haagse Reiger|82/100 slp|[from] item: Leftovers
|upkeep
|turn|9
|l| torie123
|
|t:|1783278297
|switch|p2b: Sinistcha|Sinistcha, L50|51/100
|-heal|p2a: Milotic|84/100|[from] ability: Hospitality|[of] p2b: Sinistcha
|move|p1b: Scheveningen|Rock Slide|p2b: Sinistcha|[spread] p2b
|-miss|p1b: Scheveningen|p2a: Milotic
|-damage|p2b: Sinistcha|20/100y
|move|p2a: Milotic|Coil|p2a: Milotic
|-boost|p2a: Milotic|atk|1
|-boost|p2a: Milotic|def|1
|-boost|p2a: Milotic|accuracy|1
|cant|p1a: Haagse Reiger|slp
|
|-weather|Sandstorm|[upkeep]
|-damage|p2a: Milotic|78/100|[from] Sandstorm
|-damage|p2b: Sinistcha|14/100|[from] Sandstorm
|-heal|p2a: Milotic|84/100|[from] item: Leftovers
|-heal|p1a: Haagse Reiger|88/100 slp|[from] item: Leftovers
|upkeep
|turn|10
|
|t:|1783278324
|move|p2b: Sinistcha|Rage Powder|p2b: Sinistcha
|-singleturn|p2b: Sinistcha|move: Rage Powder
|move|p1b: Scheveningen|Rock Slide|p2b: Sinistcha|[spread] p2a,p2b
|-damage|p2a: Milotic|69/100
|-damage|p2b: Sinistcha|0 fnt
|faint|p2b: Sinistcha
|move|p2a: Milotic|Hypnosis|p1b: Scheveningen
|-status|p1b: Scheveningen|slp|[from] move: Hypnosis
|-curestatus|p1a: Haagse Reiger|slp|[msg]
|move|p1a: Haagse Reiger|Body Press|p2a: Milotic
|-damage|p2a: Milotic|34/100
|
|-weather|none
|-heal|p2a: Milotic|40/100|[from] item: Leftovers
|-heal|p1a: Haagse Reiger|94/100|[from] item: Leftovers
|upkeep
|
|t:|1783278329
|switch|p2b: Floette|Floette-Mega, L50, F|61/100
|-ability|p2b: Floette|Fairy Aura
|turn|11
|
|t:|1783278364
|move|p2b: Floette|Calm Mind|p2b: Floette
|-boost|p2b: Floette|spa|1
|-boost|p2b: Floette|spd|1
|cant|p1b: Scheveningen|slp
|move|p2a: Milotic|Hypnosis|p1a: Haagse Reiger
|-status|p1a: Haagse Reiger|slp|[from] move: Hypnosis
|cant|p1a: Haagse Reiger|slp
|
|-heal|p2a: Milotic|46/100|[from] item: Leftovers
|-heal|p1a: Haagse Reiger|100/100 slp|[from] item: Leftovers
|upkeep
|turn|12
|
|t:|1783278376
|move|p2b: Floette|Draining Kiss|p1b: Scheveningen
|-supereffective|p1b: Scheveningen|1
|-crit|p1b: Scheveningen
|-damage|p1b: Scheveningen|0 fnt
|-heal|p2b: Floette|100/100|[from] drain|[of] p1b: Scheveningen
|faint|p1b: Scheveningen
|move|p2a: Milotic|Muddy Water|p1a: Haagse Reiger
|-damage|p1a: Haagse Reiger|71/100 slp
|cant|p1a: Haagse Reiger|slp
|
|-heal|p2a: Milotic|51/100|[from] item: Leftovers
|-heal|p1a: Haagse Reiger|77/100 slp|[from] item: Leftovers
|upkeep
|turn|13
|
|t:|1783278388
|move|p2b: Floette|Dazzling Gleam|p1a: Haagse Reiger
|-resisted|p1a: Haagse Reiger|1
|-damage|p1a: Haagse Reiger|36/100 slp
|move|p2a: Milotic|Muddy Water|p1a: Haagse Reiger
|-damage|p1a: Haagse Reiger|4/100 slp
|-ability|p1a: Haagse Reiger|Mirror Armor
|-unboost|p2a: Milotic|accuracy|1
|-ability|p2a: Milotic|Competitive|boost
|-boost|p2a: Milotic|spa|2
|-curestatus|p1a: Haagse Reiger|slp|[msg]
|move|p1a: Haagse Reiger|Body Press|p2a: Milotic
|-damage|p2a: Milotic|17/100
|
|-heal|p2a: Milotic|23/100|[from] item: Leftovers
|-heal|p1a: Haagse Reiger|10/100|[from] item: Leftovers
|upkeep
|turn|14
|
|t:|1783278396
|move|p2b: Floette|Draining Kiss|p1a: Haagse Reiger
|-resisted|p1a: Haagse Reiger|1
|-damage|p1a: Haagse Reiger|0 fnt
|faint|p1a: Haagse Reiger
|
|win|Akram Hamdi
||Ome Henk is ready for game 2.
||Akram Hamdi is ready for game 2.
|uhtml|next|Next: Game 2 of 3
|l| 000aj
|j| torie123
|l| torie123
|l|☆Ome Henk
|player|p1|
