|j|☆khoatram
|j|☆new mental
|html|khoatramnew mental    
|uhtml|bestof|Game 1 of a best-of-3
|t:|1784636914
|gametype|doubles
|player|p1|khoatram|lucas|1065
|player|p2|new mental|volkner|1203
|gen|9
|tier|[Gen 9 Champions] VGC 2026 Reg M-B (Bo3)
|rated|
|rule|Species Clause: Limit one of each Pokémon
|rule|Item Clause: Limit 1 of each item
|clearpoke
|poke|p1|Froslass, L50, F|
|poke|p1|Glaceon, L50, F|
|poke|p1|Arcanine-Hisui, L50, F|
|poke|p1|Aerodactyl, L50, M|
|poke|p1|Steelix, L50, F|
|poke|p1|Krookodile, L50, M|
|poke|p2|Aerodactyl, L50, M|
|poke|p2|Garchomp, L50, M|
|poke|p2|Kingambit, L50, M|
|poke|p2|Charizard, L50, M|
|poke|p2|Sylveon, L50, M|
|poke|p2|Farigiraf, L50, M|
|teampreview|4
|showteam|p1|Froslass||Froslassite|SnowCloak|Blizzard,DestinyBond,ShadowBall,Protect|Modest||F|||50|]Glaceon||LifeOrb|SnowCloak|FreezeDry,Blizzard,Detect,Yawn|Modest||F|||50|]Arcanine-Hisui||FocusSash|Intimidate|CloseCombat,ExtremeSpeed,HeadSmash,FlareBlitz|Adamant||F|||50|]Aerodactyl||Aerodactylite|Unnerve|DragonClaw,DualWingbeat,WideGuard,RockSlide|Adamant||M|||50|]Steelix||Steelixite|Sturdy|GyroBall,BodyPress,HeavySlam,Protect|Adamant||F|||50|]Krookodile||BlackGlasses|Intimidate|CloseCombat,KnockOff,DragonClaw,Protect|Adamant||M|||50|
|showteam|p2|Aerodactyl||Aerodactylite|Unnerve|IceFang,RockSlide,Tailwind,DualWingbeat|Jolly||M|||50|]Garchomp||LifeOrb|RoughSkin|DragonClaw,RockSlide,Earthquake,Protect|Jolly||M|||50|]Kingambit||FocusSash|Defiant|SuckerPunch,KowtowCleave,IronHead,LowKick|Adamant||M|||50|]Charizard||CharizarditeY|SolarPower|Protect,WeatherBall,HeatWave,SolarBeam|Modest||M|||50|]Sylveon||FairyFeather|Pixilate|Protect,HyperVoice,HyperBeam,QuickAttack|Modest||M|||50|]Farigiraf||SitrusBerry|ArmorTail|TrickRoom,Thunderbolt,Roar,Psychic|Bold||M|||50|
|
|t:|1784636951
|teamsize|p1|4
|teamsize|p2|4
|start
|switch|p1a: Froslass|Froslass, L50, F|100/100
|switch|p1b: Glaceon|Glaceon, L50, F|100/100
|switch|p2a: Sylveon|Sylveon, L50, M|100/100
|switch|p2b: Farigiraf|Farigiraf, L50, M|100/100
|turn|1
|inactive|Battle timer is ON: inactive players will automatically lose when time's up. (requested by new mental)
|
|t:|1784636974
|detailschange|p1a: Froslass|Froslass-Mega, L50, F
|-mega|p1a: Froslass|Froslass|Froslassite
|-weather|Snowscape|[from] ability: Snow Warning|[of] p1a: Froslass
|move|p1a: Froslass|Blizzard|p2b: Farigiraf|[spread] p2a,p2b
|-damage|p2a: Sylveon|62/100
|-damage|p2b: Farigiraf|49/100
|-enditem|p2b: Farigiraf|Sitrus Berry|[eat]
|-heal|p2b: Farigiraf|74/100|[from] item: Sitrus Berry
|move|p2a: Sylveon|Hyper Voice|p1b: Glaceon|[spread] p1a,p1b
|-crit|p1a: Froslass
|-damage|p1a: Froslass|19/100
|-damage|p1b: Glaceon|39/100
|move|p1b: Glaceon|Blizzard|p2a: Sylveon|[spread] p2a,p2b
|-damage|p2a: Sylveon|8/100
|-damage|p2b: Farigiraf|17/100
|-damage|p1b: Glaceon|29/100|[from] item: Life Orb
|move|p2b: Farigiraf|Trick Room|p2b: Farigiraf
|-fieldstart|move: Trick Room|[of] p2b: Farigiraf
|
|-weather|Snowscape|[upkeep]
|upkeep
|turn|2
|inactive|new mental has 30 seconds left.
|inactive|new mental has 20 seconds left.
|inactive|new mental has 15 seconds left.
|inactive|new mental has 10 seconds left.
|inactive|new mental has 5 seconds left.
|
|t:|1784637029
|move|p1b: Glaceon|Detect|p1b: Glaceon
|-singleturn|p1b: Glaceon|Protect
|move|p2a: Sylveon|Protect|p2a: Sylveon
|-singleturn|p2a: Sylveon|Protect
|move|p1a: Froslass|Destiny Bond|p1a: Froslass
|-singlemove|p1a: Froslass|Destiny Bond
|move|p2b: Farigiraf|Trick Room|p2b: Farigiraf
|-fieldend|move: Trick Room
|
|-weather|Snowscape|[upkeep]
|upkeep
|turn|3
|inactive|new mental has 30 seconds left.
|
|t:|1784637062
|move|p2a: Sylveon|Protect|p2a: Sylveon
|-singleturn|p2a: Sylveon|Protect
|move|p1a: Froslass|Blizzard|p2b: Farigiraf|[spread] p2b
|-activate|p2a: Sylveon|move: Protect
|-damage|p2b: Farigiraf|0 fnt
|faint|p2b: Farigiraf
|move|p1b: Glaceon|Blizzard|p2a: Sylveon
|-activate|p2a: Sylveon|move: Protect
|
|-weather|Snowscape|[upkeep]
|upkeep
|
|t:|1784637078
|switch|p2b: Charizard|Charizard, L50, M|100/100
|turn|4
|
|t:|1784637089
|detailschange|p2b: Charizard|Charizard-Mega-Y, L50, M
|-mega|p2b: Charizard|Charizard|Charizardite Y
|-weather|SunnyDay|[from] ability: Drought|[of] p2b: Charizard
|move|p1a: Froslass|Destiny Bond|p1a: Froslass
|-singlemove|p1a: Froslass|Destiny Bond
|move|p2b: Charizard|Heat Wave|p1a: Froslass|[spread] p1a,p1b
|-supereffective|p1a: Froslass|1
|-supereffective|p1b: Glaceon|1
|-damage|p1a: Froslass|0 fnt
|-damage|p1b: Glaceon|0 fnt
|faint|p1a: Froslass
|-activate|p1a: Froslass|move: Destiny Bond
|faint|p1b: Glaceon
|faint|p2b: Charizard
|move|p2a: Sylveon|Hyper Voice|p1: Froslass|[notarget]
|-fail|p2a: Sylveon
|
|-weather|SunnyDay|[upkeep]
|upkeep
|
|t:|1784637103
|switch|p1a: Arcanine|Arcanine-Hisui, L50, F|100/100
|switch|p2b: Kingambit|Kingambit, L50, M|100/100
|switch|p1b: Aerodactyl|Aerodactyl, L50, M|100/100
|-ability|p1b: Aerodactyl|Unnerve
|-ability|p1a: Arcanine|Intimidate|boost
|-unboost|p2a: Sylveon|atk|1
|-unboost|p2b: Kingambit|atk|1
|-ability|p2b: Kingambit|Defiant|boost
|-boost|p2b: Kingambit|atk|2
|turn|5
|
|t:|1784637121
|move|p1b: Aerodactyl|Wide Guard|p1b: Aerodactyl
|-singleturn|p1b: Aerodactyl|Wide Guard
|move|p2b: Kingambit|Sucker Punch|p1a: Arcanine
|-damage|p1a: Arcanine|18/100
|move|p2a: Sylveon|Quick Attack|p1a: Arcanine
|-resisted|p1a: Arcanine|1
|-damage|p1a: Arcanine|12/100
|move|p1a: Arcanine|Close Combat|p2b: Kingambit
|-supereffective|p2b: Kingambit|2
|-enditem|p2b: Kingambit|Focus Sash
|-damage|p2b: Kingambit|1/100
|-unboost|p1a: Arcanine|def|1
|-unboost|p1a: Arcanine|spd|1
|
|-weather|SunnyDay|[upkeep]
|upkeep
|turn|6
|inactive|khoatram has 30 seconds left.
|inactive|khoatram has 20 seconds left.
|inactive|khoatram has 15 seconds left.
|inactive|khoatram has 10 seconds left.
|inactive|khoatram has 5 seconds left.
|
|t:|1784637176
|move|p2b: Kingambit|Sucker Punch|p1b: Aerodactyl
|-damage|p1b: Aerodactyl|5/100
|move|p1b: Aerodactyl|Dragon Claw|p2a: Sylveon
|-immune|p2a: Sylveon
|move|p1a: Arcanine|Close Combat|p2a: Sylveon
|-resisted|p2a: Sylveon|1
|-damage|p2a: Sylveon|0 fnt
|-unboost|p1a: Arcanine|def|1
|-unboost|p1a: Arcanine|spd|1
|faint|p2a: Sylveon
|
|-weather|SunnyDay|[upkeep]
|upkeep
|turn|7
|inactive|khoatram has 30 seconds left.
|inactive|khoatram has 20 seconds left.
|inactive|khoatram has 15 seconds left.
|inactive|khoatram has 10 seconds left.
|inactive|khoatram has 5 seconds left.
|
|t:|1784637231
|move|p2b: Kingambit|Sucker Punch|p1b: Aerodactyl
|-damage|p1b: Aerodactyl|0 fnt
|faint|p1b: Aerodactyl
|move|p1a: Arcanine|Close Combat|p2b: Kingambit
|-supereffective|p2b: Kingambit|2
|-damage|p2b: Kingambit|0 fnt
|-unboost|p1a: Arcanine|def|1
|-unboost|p1a: Arcanine|spd|1
|faint|p2b: Kingambit
|
|win|khoatram
