|j|☆SlimesandGrimes
|j|☆alvarodaza
|html|SlimesandGrimesalvarodaza    
|uhtml|bestof|Game 2 of a best-of-3
|t:|1783008985
|gametype|doubles
|player|p1|SlimesandGrimes|miku-psychic|1000
|player|p2|alvarodaza|266|1000
|gen|9
|tier|[Gen 9 Champions] VGC 2026 Reg M-B (Bo3)
|rated|
|rule|Species Clause: Limit one of each Pokémon
|rule|Item Clause: Limit 1 of each item
|clearpoke
|poke|p1|Delphox, L50, F|
|poke|p1|Incineroar, L50, F|
|poke|p1|Sinistcha, L50|
|poke|p1|Maushold, L50|
|poke|p1|Blastoise, L50, F|
|poke|p1|Sneasler, L50, F|
|poke|p2|Sceptile, L50, M|
|poke|p2|Rotom-Heat, L50|
|poke|p2|Basculegion, L50, M|
|poke|p2|Aerodactyl, L50, M|
|poke|p2|Garchomp, L50, M|
|poke|p2|Floette-Eternal, L50, F|
|teampreview|4
|showteam|p1|Delphox||Delphoxite|Blaze|Protect,NastyPlot,HeatWave,Psyshock|Modest||F|||50|]Incineroar||PasshoBerry|Intimidate|FlareBlitz,FakeOut,DarkestLariat,PartingShot|Impish||F|||50|]Sinistcha||KasibBerry|Hospitality|Protect,MatchaGotcha,RagePowder,LifeDew|Bold|||||50|]Maushold||FocusSash|FriendGuard|Protect,SuperFang,FollowMe,Feint|Jolly|||||50|]Blastoise||Blastoisinite|RainDish|Protect,ShellSmash,WaterSpout,DarkPulse|Modest||F|||50|]Sneasler||WhiteHerb|Unburden|Protect,FakeOut,GunkShot,CloseCombat|Jolly||F|||50|
|showteam|p2|Sceptile||Sceptilite|Overgrow|GrassKnot,DragonPulse,EarthPower,Detect|Timid||M|||50|]Rotom-Heat||ChoiceScarf|Levitate|Thunderbolt,Overheat,VoltSwitch,Discharge|Timid|||||50|]Basculegion||SitrusBerry|Adaptability|WaveCrash,LastRespects,AquaJet,Protect|Adamant||M|||50|]Aerodactyl||FocusSash|Unnerve|RockSlide,DualWingbeat,Tailwind,WideGuard|Jolly||M|||50|]Garchomp||LifeOrb|RoughSkin|DragonClaw,Earthquake,RockSlide,Protect|Jolly||M|||50|]Floette-Eternal||Floettite|FlowerVeil|Moonblast,DazzlingGleam,LightofRuin,Protect|Timid||F|||50|
|inactive|Battle timer is ON: inactive players will automatically lose when time's up. (requested by SlimesandGrimes)
|
|t:|1783009042
|teamsize|p1|4
|teamsize|p2|4
|start
|switch|p1a: Sneasler|Sneasler, L50, F|100/100
|switch|p1b: Delphox|Delphox, L50, F|100/100
|switch|p2a: Aerodactyl|Aerodactyl, L50, M|100/100
|switch|p2b: Rotom|Rotom-Heat, L50|100/100
|-ability|p2a: Aerodactyl|Unnerve
|turn|1
|inactive|SlimesandGrimes has 30 seconds left.
|inactive|alvarodaza has 30 seconds left.
|inactive|SlimesandGrimes has 20 seconds left.
|inactive|alvarodaza has 20 seconds left.
|inactive|alvarodaza has 15 seconds left.
|inactive|alvarodaza has 10 seconds left.
|inactive|alvarodaza has 5 seconds left.
|
|t:|1783009097
|detailschange|p1b: Delphox|Delphox-Mega, L50, F
|-mega|p1b: Delphox|Delphox|Delphoxite
|move|p1a: Sneasler|Fake Out|p2a: Aerodactyl
|-resisted|p2a: Aerodactyl|1
|-damage|p2a: Aerodactyl|90/100
|move|p2b: Rotom|Thunderbolt|p1b: Delphox
|-damage|p1b: Delphox|64/100
|cant|p2a: Aerodactyl|flinch
|move|p1b: Delphox|Psyshock|p2b: Rotom
|-damage|p2b: Rotom|31/100
|
|upkeep
|turn|2
|inactive|alvarodaza has 30 seconds left.
|
|t:|1783009123
|switch|p2b: Garchomp|Garchomp, L50, M|100/100
|move|p1b: Delphox|Protect|p1b: Delphox
|-singleturn|p1b: Delphox|Protect
|move|p2a: Aerodactyl|Rock Slide|p1b: Delphox|[spread] p1a
|-activate|p1b: Delphox|move: Protect
|-resisted|p1a: Sneasler|1
|-damage|p1a: Sneasler|85/100
|move|p1a: Sneasler|Close Combat|p2b: Garchomp
|-damage|p2b: Garchomp|47/100
|-unboost|p1a: Sneasler|def|1
|-unboost|p1a: Sneasler|spd|1
|-damage|p1a: Sneasler|72/100|[from] ability: Rough Skin|[of] p2b: Garchomp
|-enditem|p1a: Sneasler|White Herb
|-clearnegativeboost|p1a: Sneasler|[silent]
|
|upkeep
|turn|3
|inactive|alvarodaza has 30 seconds left.
|inactive|alvarodaza has 20 seconds left.
|inactive|alvarodaza has 15 seconds left.
|
|t:|1783009164
|switch|p1b: Incineroar|Incineroar, L50, F|100/100
|-ability|p1b: Incineroar|Intimidate|boost
|-unboost|p2a: Aerodactyl|atk|1
|-unboost|p2b: Garchomp|atk|1
|move|p1a: Sneasler|Close Combat|p2a: Aerodactyl
|-damage|p2a: Aerodactyl|11/100
|-unboost|p1a: Sneasler|def|1
|-unboost|p1a: Sneasler|spd|1
|move|p2a: Aerodactyl|Tailwind|p2a: Aerodactyl
|-sidestart|p2: alvarodaza|move: Tailwind
|move|p2b: Garchomp|Rock Slide|p1b: Incineroar|[spread] p1a,p1b
|-resisted|p1a: Sneasler|1
|-supereffective|p1b: Incineroar|1
|-damage|p1a: Sneasler|57/100
|-damage|p1b: Incineroar|75/100
|-damage|p2b: Garchomp|37/100|[from] item: Life Orb
|
|upkeep
|turn|4
|inactive|alvarodaza has 30 seconds left.
|
|t:|1783009198
|move|p1b: Incineroar|Fake Out|p2a: Aerodactyl
|-resisted|p2a: Aerodactyl|1
|-damage|p2a: Aerodactyl|3/100
|cant|p2a: Aerodactyl|flinch
|move|p1a: Sneasler|Close Combat|p2b: Garchomp
|-damage|p2b: Garchomp|0 fnt
|-unboost|p1a: Sneasler|def|1
|-unboost|p1a: Sneasler|spd|1
|-damage|p1a: Sneasler|44/100|[from] ability: Rough Skin|[of] p2b: Garchomp
|faint|p2b: Garchomp
|
|upkeep
|
|t:|1783009211
|switch|p2b: Sceptile|Sceptile, L50, M|100/100
|turn|5
|
|t:|1783009222
|move|p2b: Sceptile|Detect|p2b: Sceptile
|-singleturn|p2b: Sceptile|Protect
|move|p1a: Sneasler|Protect|p1a: Sneasler
|-singleturn|p1a: Sneasler|Protect
|move|p2a: Aerodactyl|Dual Wingbeat|p1a: Sneasler
|-activate|p1a: Sneasler|move: Protect
|move|p1b: Incineroar|Parting Shot|p2b: Sceptile
|-activate|p2b: Sceptile|move: Protect
|
|upkeep
|turn|6
|inactive|alvarodaza has 30 seconds left.
|
|t:|1783009250
|detailschange|p2b: Sceptile|Sceptile-Mega, L50, M
|-mega|p2b: Sceptile|Sceptile|Sceptilite
|move|p2b: Sceptile|Earth Power|p1b: Incineroar
|-supereffective|p1b: Incineroar|1
|-damage|p1b: Incineroar|3/100
|-unboost|p1b: Incineroar|spd|1
|move|p2a: Aerodactyl|Dual Wingbeat|p1a: Sneasler
|-supereffective|p1a: Sneasler|1
|-damage|p1a: Sneasler|0 fnt
|faint|p1a: Sneasler
|-hitcount|p1: Sneasler|1
|move|p1b: Incineroar|Parting Shot|p2b: Sceptile
|-unboost|p2b: Sceptile|atk|1
|-unboost|p2b: Sceptile|spa|1
|
|t:|1783009266
|switch|p1b: Delphox|Delphox-Mega, L50, F|64/100|[from] Parting Shot
|
|-sideend|p2: alvarodaza|move: Tailwind
|upkeep
|
|t:|1783009270
|switch|p1a: Incineroar|Incineroar, L50, F|3/100
|-ability|p1a: Incineroar|Intimidate|boost
|-unboost|p2a: Aerodactyl|atk|1
|-unboost|p2b: Sceptile|atk|1
|turn|7
|inactive|SlimesandGrimes has 30 seconds left.
|inactive|alvarodaza has 30 seconds left.
|inactive|alvarodaza has 20 seconds left.
|
|t:|1783009308
|move|p2b: Sceptile|Detect|p2b: Sceptile
|-singleturn|p2b: Sceptile|Protect
|move|p1a: Incineroar|Fake Out|p2a: Aerodactyl
|-resisted|p2a: Aerodactyl|1
|-damage|p2a: Aerodactyl|0 fnt
|faint|p2a: Aerodactyl
|move|p1b: Delphox|Psyshock|p2b: Sceptile
|-activate|p2b: Sceptile|move: Protect
|
|upkeep
|
|t:|1783009316
|switch|p2a: Rotom|Rotom-Heat, L50|31/100
|turn|8
|inactive|SlimesandGrimes has 30 seconds left.
|
|t:|1783009342
|switch|p1a: Maushold|Maushold, L50|100/100
|move|p2a: Rotom|Discharge|p1b: Delphox|[spread] p1a,p1b
|-ability|p2b: Sceptile|Lightning Rod|boost
|-boost|p2b: Sceptile|spa|1
|-damage|p1a: Maushold|65/100
|-damage|p1b: Delphox|46/100
|-status|p1a: Maushold|par
|move|p2b: Sceptile|Dragon Pulse|p1b: Delphox
|-damage|p1b: Delphox|14/100
|move|p1b: Delphox|Psyshock|p2a: Rotom
|-damage|p2a: Rotom|0 fnt
|faint|p2a: Rotom
|
|upkeep
|turn|9
|inactive|alvarodaza has 30 seconds left.
|inactive|alvarodaza has 20 seconds left.
|
|t:|1783009380
|move|p1b: Delphox|Protect|p1b: Delphox
|-singleturn|p1b: Delphox|Protect
|move|p2b: Sceptile|Dragon Pulse|p1b: Delphox
|-activate|p1b: Delphox|move: Protect
|move|p1a: Maushold|Super Fang|p2b: Sceptile|[miss]
|-miss|p1a: Maushold|p2b: Sceptile
|
|upkeep
|turn|10
|
|t:|1783009392
|move|p1a: Maushold|Follow Me|p1a: Maushold
|-singleturn|p1a: Maushold|move: Follow Me
|move|p2b: Sceptile|Dragon Pulse|p1a: Maushold
|-damage|p1a: Maushold|5/100 par
|move|p1b: Delphox|Psyshock|p2b: Sceptile
|-damage|p2b: Sceptile|25/100
|
|upkeep
|turn|11
|
|t:|1783009404
|move|p1a: Maushold|Follow Me|p1a: Maushold
|-singleturn|p1a: Maushold|move: Follow Me
|move|p2b: Sceptile|Dragon Pulse|p1a: Maushold
|-damage|p1a: Maushold|0 fnt
|faint|p1a: Maushold
|move|p1b: Delphox|Psyshock|p2b: Sceptile
|-damage|p2b: Sceptile|0 fnt
|faint|p2b: Sceptile
|
|win|SlimesandGrimes
