|j|☆speedjam☆
|j|‽Glaxx
|html|speedjam☆Glaxx    
|uhtml|bestof|Game 1 of a best-of-3
|t:|1782529938
|gametype|doubles
|player|p1|speedjam☆|benga|1000
|player|p2|Glaxx|red|1083
|gen|9
|tier|[Gen 9 Champions] VGC 2026 Reg M-B (Bo3)
|rated|
|rule|Species Clause: Limit one of each Pokémon
|rule|Item Clause: Limit 1 of each item
|clearpoke
|poke|p1|Lucario, L50, M|
|poke|p1|Basculegion, L50, M|
|poke|p1|Mr. Rime, L50, F|
|poke|p1|Sylveon, L50, F|
|poke|p1|Incineroar, L50, M|
|poke|p1|Aerodactyl, L50, F|
|poke|p2|Raichu, L50, M, shiny|
|poke|p2|Feraligatr, L50, M, shiny|
|poke|p2|Ceruledge, L50, M, shiny|
|poke|p2|Eelektross, L50, M, shiny|
|poke|p2|Scizor, L50, M, shiny|
|poke|p2|Espathra, L50, F, shiny|
|teampreview|4
|showteam|p1|Lucario||Lucarionite|InnerFocus|CloseCombat,IcePunch,BulletPunch,Detect|Jolly||M|||50|]Basculegion||ChoiceScarf|Adaptability|LastRespects,WaveCrash,FlipTurn,AquaJet|Adamant||M|||50|]Mr. Rime||NeverMeltIce|ScreenCleaner|FreezeDry,Psychic,NastyPlot,Protect|Modest||F|||50|]Sylveon||FairyFeather|Pixilate|HyperBeam,HyperVoice,QuickAttack,Protect|Quiet||F|||50|]Incineroar||SitrusBerry|Intimidate|FlareBlitz,ThroatChop,PartingShot,FakeOut|Sassy||M|||50|]Aerodactyl||Aerodactylite|Unnerve|RockSlide,DualWingbeat,Tailwind,Protect|Jolly||F|||50|
|showteam|p2|Raichu||RaichuniteX|Static|Agility,RisingVoltage,NastyPlot,GrassKnot|Timid||M|||50|]Feraligatr||LifeOrb|SheerForce|DragonDance,IcePunch,Liquidation,PsychicFangs|Serious||M|||50|]Ceruledge||WhiteHerb|WeakArmor|BitterBlade,BulkUp,CloseCombat,Poltergeist|Adamant||M|||50|]Eelektross||Eelektrossite|Levitate|Coil,DragonClaw,DrainPunch,SupercellSlam|Adamant||M|||50|]Scizor||ExpertBelt|Technician|Defog,KnockOff,BulletPunch,SwordsDance|Adamant||M|||50|]Espathra||TwistedSpoon|SpeedBoost|CalmMind,LuminaCrash,DazzlingGleam,HyperVoice|Timid||F|||50|
|inactive|Battle timer is ON: inactive players will automatically lose when time's up. (requested by speedjam☆)
|inactive|speedjam☆ has 60 seconds left.
|
|t:|1782529978
|teamsize|p1|4
|teamsize|p2|4
|start
|switch|p1a: Incineroar|Incineroar, L50, M|100/100
|switch|p1b: Aerodactyl|Aerodactyl, L50, F|100/100
|switch|p2a: Espathra|Espathra, L50, F, shiny|100/100
|switch|p2b: Feraligatr|Feraligatr, L50, M, shiny|100/100
|-ability|p1b: Aerodactyl|Unnerve
|-ability|p1a: Incineroar|Intimidate|boost
|-unboost|p2a: Espathra|atk|1
|-unboost|p2b: Feraligatr|atk|1
|turn|1
|
|t:|1782530000
|move|p1a: Incineroar|Fake Out|p2a: Espathra
|-damage|p2a: Espathra|88/100
|move|p1b: Aerodactyl|Rock Slide|p2a: Espathra|[spread] p2a,p2b
|-crit|p2b: Feraligatr
|-damage|p2a: Espathra|61/100
|-damage|p2b: Feraligatr|56/100
|cant|p2a: Espathra|flinch
|move|p2b: Feraligatr|Dragon Dance|p2b: Feraligatr
|-boost|p2b: Feraligatr|atk|1
|-boost|p2b: Feraligatr|spe|1
|
|-ability|p2a: Espathra|Speed Boost|boost
|-boost|p2a: Espathra|spe|1
|upkeep
|turn|2
|
|t:|1782530022
|move|p2a: Espathra|Calm Mind|p2a: Espathra
|-boost|p2a: Espathra|spa|1
|-boost|p2a: Espathra|spd|1
|move|p1b: Aerodactyl|Rock Slide|p2b: Feraligatr|[spread] p2a,p2b
|-damage|p2a: Espathra|33/100
|-damage|p2b: Feraligatr|29/100
|move|p2b: Feraligatr|Dragon Dance|p2b: Feraligatr
|-boost|p2b: Feraligatr|atk|1
|-boost|p2b: Feraligatr|spe|1
|move|p1a: Incineroar|Parting Shot|p2a: Espathra
|-unboost|p2a: Espathra|atk|1
|-unboost|p2a: Espathra|spa|1
|
|t:|1782530036
|switch|p1a: Sylveon|Sylveon, L50, F|100/100|[from] Parting Shot
|
|-ability|p2a: Espathra|Speed Boost|boost
|-boost|p2a: Espathra|spe|1
|upkeep
|turn|3
|
|t:|1782530055
|move|p2a: Espathra|Lumina Crash|p1b: Aerodactyl
|-damage|p1b: Aerodactyl|54/100
|-unboost|p1b: Aerodactyl|spd|2
|move|p2b: Feraligatr|Liquidation|p1a: Sylveon
|-damage|p1a: Sylveon|0 fnt
|faint|p1a: Sylveon
|move|p1b: Aerodactyl|Rock Slide|p2a: Espathra|[spread] p2a,p2b
|-damage|p2a: Espathra|4/100
|-damage|p2b: Feraligatr|1/100
|
|-ability|p2a: Espathra|Speed Boost|boost
|-boost|p2a: Espathra|spe|1
|upkeep
|
|t:|1782530069
|switch|p1a: Incineroar|Incineroar, L50, M|100/100
|-ability|p1a: Incineroar|Intimidate|boost
|-unboost|p2a: Espathra|atk|1
|-unboost|p2b: Feraligatr|atk|1
|turn|4
|
|t:|1782530075
|move|p1b: Aerodactyl|Protect|p1b: Aerodactyl
|-singleturn|p1b: Aerodactyl|Protect
|move|p1a: Incineroar|Fake Out|p2a: Espathra
|-damage|p2a: Espathra|0 fnt
|faint|p2a: Espathra
|move|p2b: Feraligatr|Liquidation|p1a: Incineroar
|-supereffective|p1a: Incineroar|1
|-damage|p1a: Incineroar|0 fnt
|faint|p1a: Incineroar
|
|upkeep
|
|t:|1782530081
|switch|p2a: Scizor|Scizor, L50, M, shiny|100/100
|switch|p1a: Lucario|Lucario, L50, M|100/100
|turn|5
|inactive|speedjam☆ has 30 seconds left.
|
|t:|1782530115
|detailschange|p1a: Lucario|Lucario-Mega, L50, M
|-mega|p1a: Lucario|Lucario|Lucarionite
|move|p1a: Lucario|Bullet Punch|p2b: Feraligatr
|-resisted|p2b: Feraligatr|1
|-damage|p2b: Feraligatr|0 fnt
|faint|p2b: Feraligatr
|move|p2a: Scizor|Bullet Punch|p1b: Aerodactyl
|-supereffective|p1b: Aerodactyl|1
|-damage|p1b: Aerodactyl|0 fnt
|faint|p1b: Aerodactyl
|
|upkeep
|
|t:|1782530126
|switch|p2b: Eelektross|Eelektross, L50, M, shiny|100/100
|turn|6
|
|t:|1782530135
|detailschange|p2b: Eelektross|Eelektross-Mega, L50, M, shiny
|-mega|p2b: Eelektross|Eelektross|Eelektrossite
|move|p2a: Scizor|Bullet Punch|p1a: Lucario
|-resisted|p1a: Lucario|1
|-damage|p1a: Lucario|76/100
|move|p1a: Lucario|Close Combat|p2b: Eelektross
|-damage|p2b: Eelektross|3/100
|-unboost|p1a: Lucario|def|1
|-unboost|p1a: Lucario|spd|1
|move|p2b: Eelektross|Drain Punch|p1a: Lucario
|-supereffective|p1a: Lucario|1
|-crit|p1a: Lucario
|-damage|p1a: Lucario|0 fnt
|-heal|p2b: Eelektross|32/100|[from] drain|[of] p1a: Lucario
|faint|p1a: Lucario
|
|win|Glaxx
|inactive|speedjam☆ has 30 seconds to confirm battle start!
|inactive|Glaxx has 30 seconds to confirm battle start!
||speedjam☆ is ready for game 2.
|l|‽Glaxx
|player|p2|
|inactive|Glaxx has 19 seconds to confirm battle start!
||Glaxx is ready for game 2.
|uhtml|next|Next: Game 2 of 3
