|j|☆katkraydel
|j|☆exessvgc
|html|katkraydelexessvgc    
|uhtml|bestof|Game 2 of a best-of-3
|t:|1784751470
|gametype|doubles
|player|p1|katkraydel|lebanne|
|player|p2|exessvgc|266|
|gen|9
|tier|[Gen 9 Champions] VGC 2026 Reg M-B (Bo3)
|rule|Species Clause: Limit one of each Pokémon
|rule|Item Clause: Limit 1 of each item
|clearpoke
|poke|p1|Raichu, L50, F|
|poke|p1|Ninetales-Alola, L50, F|
|poke|p1|Talonflame, L50, F|
|poke|p1|Garchomp, L50, F|
|poke|p1|Basculegion, L50, M|
|poke|p1|Tsareena, L50, F|
|poke|p2|Farigiraf, L50, F|
|poke|p2|Aerodactyl, L50, F|
|poke|p2|Sylveon, L50, M|
|poke|p2|Kingambit, L50, F|
|poke|p2|Garchomp, L50, F|
|poke|p2|Charizard, L50, M|
|teampreview|4
|showteam|p1|Raichu||RaichuniteY|LightningRod|FakeOut,ZapCannon,FocusBlast,Protect|Timid||F|||50|]Ninetales-Alola||NeverMeltIce|SnowWarning|Blizzard,FreezeDry,Encore,Protect|Timid||F|||50|]Talonflame||SharpBeak|GaleWings|FlareBlitz,DualWingbeat,Tailwind,Protect|Jolly||F|||50|]Garchomp||LifeOrb|RoughSkin|Earthquake,DragonClaw,RockSlide,Protect|Jolly||F|||50|]Basculegion||MysticWater|Adaptability|WaveCrash,LastRespects,AquaJet,Protect|Adamant||M|||50|]Tsareena||ExpertBelt|QueenlyMajesty|TropKick,LowKick,HelpingHand,Protect|Jolly||F|||50|
|showteam|p2|Farigiraf||SitrusBerry|ArmorTail|TrickRoom,TwinBeam,HelpingHand,Thunderbolt|Bold||F|||50|]Aerodactyl||Aerodactylite|Unnerve|RockSlide,Protect,Tailwind,Taunt|Jolly||F|||50|]Sylveon||FairyFeather|Pixilate|HyperVoice,HyperBeam,Protect,ShadowBall|Modest||M|||50|]Kingambit||FocusSash|Defiant|IronHead,SuckerPunch,LowKick,Protect|Adamant||F|||50|]Garchomp||LifeOrb|RoughSkin|DragonClaw,Earthquake,StompingTantrum,Protect|Adamant||F|||50|]Charizard||CharizarditeY|Blaze|WeatherBall,HeatWave,SolarBeam,Protect|Modest||M|||50|
|
|t:|1784751501
|teamsize|p1|4
|teamsize|p2|4
|start
|switch|p1a: Garchomp|Garchomp, L50, F|100/100
|switch|p1b: Raichu|Raichu, L50, F|100/100
|switch|p2a: Charizard|Charizard, L50, M|100/100
|switch|p2b: LA GIRAFFA|Farigiraf, L50, F|100/100
|turn|1
|
|t:|1784751528
|detailschange|p1b: Raichu|Raichu-Mega-Y, L50, F
|-mega|p1b: Raichu|Raichu|Raichunite Y
|detailschange|p2a: Charizard|Charizard-Mega-Y, L50, M
|-mega|p2a: Charizard|Charizard|Charizardite Y
|-weather|SunnyDay|[from] ability: Drought|[of] p2a: Charizard
|move|p1b: Raichu|Zap Cannon|p2b: LA GIRAFFA
|-damage|p2b: LA GIRAFFA|41/100
|-status|p2b: LA GIRAFFA|par
|-enditem|p2b: LA GIRAFFA|Sitrus Berry|[eat]
|-heal|p2b: LA GIRAFFA|66/100 par|[from] item: Sitrus Berry
|move|p1a: Garchomp|Rock Slide|p2b: LA GIRAFFA|[spread] p2a,p2b
|-supereffective|p2a: Charizard|2
|-damage|p2a: Charizard|6/100
|-damage|p2b: LA GIRAFFA|46/100 par
|-damage|p1a: Garchomp|90/100|[from] item: Life Orb
|move|p2a: Charizard|Weather Ball|p1b: Raichu
|-damage|p1b: Raichu|0 fnt
|faint|p1b: Raichu
|move|p2b: LA GIRAFFA|Trick Room|p2b: LA GIRAFFA
|-fieldstart|move: Trick Room|[of] p2b: LA GIRAFFA
|
|-weather|SunnyDay|[upkeep]
|upkeep
|
|t:|1784751555
|switch|p1b: Tsareena|Tsareena, L50, F|100/100
|turn|2
|c|☆katkraydel|Bro
|c|☆katkraydel|Seriously
|
|t:|1784751587
|switch|p2a: Kingambit|Kingambit, L50, F|100/100
|move|p2b: LA GIRAFFA|Twin Beam|p1b: Tsareena
|-damage|p1b: Tsareena|86/100
|-damage|p1b: Tsareena|71/100
|-hitcount|p1b: Tsareena|2
|move|p1b: Tsareena|Trop Kick|p2a: Kingambit
|-resisted|p2a: Kingambit|1
|-damage|p2a: Kingambit|85/100
|-unboost|p2a: Kingambit|atk|1
|-ability|p2a: Kingambit|Defiant|boost
|-boost|p2a: Kingambit|atk|2
|move|p1a: Garchomp|Dragon Claw|p2b: LA GIRAFFA
|-damage|p2b: LA GIRAFFA|0 fnt
|faint|p2b: LA GIRAFFA
|-damage|p1a: Garchomp|80/100|[from] item: Life Orb
|
|-weather|SunnyDay|[upkeep]
|upkeep
|
|t:|1784751603
|switch|p2b: Marianela|Sylveon, L50, M|100/100
|turn|3
|
|t:|1784751609
|move|p1b: Tsareena|Protect|p1b: Tsareena
|-singleturn|p1b: Tsareena|Protect
|move|p1a: Garchomp|Protect|p1a: Garchomp
|-singleturn|p1a: Garchomp|Protect
|move|p2b: Marianela|Hyper Voice|p1a: Garchomp|[spread] 
|-activate|p1a: Garchomp|move: Protect
|-activate|p1b: Tsareena|move: Protect
|move|p2a: Kingambit|Iron Head|p1b: Tsareena
|-activate|p1b: Tsareena|move: Protect
|
|-weather|SunnyDay|[upkeep]
|upkeep
|turn|4
|
|t:|1784751628
|switch|p1a: Talonflame|Talonflame, L50, F|100/100
|move|p1b: Tsareena|Protect||[still]
|-fail|p1b: Tsareena
|move|p2b: Marianela|Hyper Voice|p1a: Talonflame|[spread] p1a,p1b
|-resisted|p1a: Talonflame|1
|-damage|p1a: Talonflame|62/100
|-damage|p1b: Tsareena|28/100
|move|p2a: Kingambit|Iron Head|p1b: Tsareena
|-damage|p1b: Tsareena|0 fnt
|faint|p1b: Tsareena
|
|-weather|SunnyDay|[upkeep]
|upkeep
|
|t:|1784751633
|switch|p1b: Garchomp|Garchomp, L50, F|80/100
|turn|5
|
|t:|1784751654
|move|p1b: Garchomp|Protect|p1b: Garchomp
|-singleturn|p1b: Garchomp|Protect
|move|p1a: Talonflame|Protect|p1a: Talonflame
|-singleturn|p1a: Talonflame|Protect
|move|p2b: Marianela|Hyper Voice|p1a: Talonflame|[spread] 
|-activate|p1a: Talonflame|move: Protect
|-activate|p1b: Garchomp|move: Protect
|move|p2a: Kingambit|Iron Head|p1a: Talonflame
|-activate|p1a: Talonflame|move: Protect
|
|-weather|none
|-fieldend|move: Trick Room
|upkeep
|turn|6
|
|t:|1784751663
|move|p2a: Kingambit|Sucker Punch|p1a: Talonflame
|-damage|p1a: Talonflame|0 fnt
|faint|p1a: Talonflame
|move|p1b: Garchomp|Earthquake|p2a: Kingambit|[spread] p2a,p2b
|-supereffective|p2a: Kingambit|1
|-damage|p2a: Kingambit|0 fnt
|-damage|p2b: Marianela|47/100
|faint|p2a: Kingambit
|-damage|p1b: Garchomp|70/100|[from] item: Life Orb
|move|p2b: Marianela|Hyper Voice|p1b: Garchomp
|-supereffective|p1b: Garchomp|1
|-damage|p1b: Garchomp|0 fnt
|faint|p1b: Garchomp
|
|win|exessvgc
|c|☆exessvgc|gg
|l|☆katkraydel
|player|p1|
