|j|☆DJGrooves213
|j|‽Giraldo567
|html|DJGrooves213Giraldo567    
|uhtml|bestof|Game 2 of a best-of-3
|t:|1786073763
|gametype|doubles
|player|p1|DJGrooves213|kieran|1170
|player|p2|Giraldo567|2|1135
|gen|9
|tier|[Gen 9 Champions] VGC 2026 Reg M-B (Bo3)
|rated|
|rule|Species Clause: Limit one of each Pokémon
|rule|Item Clause: Limit 1 of each item
|clearpoke
|poke|p1|Garchomp, L50, M, shiny|
|poke|p1|Gardevoir, L50, M, shiny|
|poke|p1|Rotom-Heat, L50, shiny|
|poke|p1|Chimecho, L50, M, shiny|
|poke|p1|Milotic, L50, M, shiny|
|poke|p1|Sneasler, L50, M, shiny|
|poke|p2|Farigiraf, L50, M|
|poke|p2|Incineroar, L50, F|
|poke|p2|Mawile, L50, F|
|poke|p2|Milotic, L50, F|
|poke|p2|Aerodactyl, L50, M|
|poke|p2|Garchomp, L50, M|
|teampreview|4
|showteam|p1|Garchomp||LifeOrb|RoughSkin|DragonClaw,Earthquake,SwordsDance,Protect|Jolly||M|||50|]Gardevoir||ChoiceScarf|Telepathy|IcyWind,Psychic,DazzlingGleam,Trick|Timid||M|||50|]Rotom-Heat||SitrusBerry|Levitate|Overheat,Thunderbolt,Electroweb,Protect|Timid|||||50|]Chimecho||Chimechite|Levitate|Psyshock,FlashCannon,Recover,Protect|Calm||M|||50|]Milotic||Leftovers|Competitive|Coil,MuddyWater,Blizzard,Recover|Calm||M|||50|]Sneasler||FocusSash|Unburden|FakeOut,CloseCombat,DireClaw,Protect|Adamant||M|||50|
|showteam|p2|Farigiraf||ColburBerry|ArmorTail|TrickRoom,Protect,Psychic,Thunderbolt|Sassy||M|||50|]Incineroar||ChopleBerry|Intimidate|FakeOut,PartingShot,FlareBlitz,DarkestLariat|Adamant||F|||50|]Mawile||Mawilite|Intimidate|Protect,PlayRough,IronHead,SuckerPunch|Adamant||F|||50|]Milotic||Leftovers|Competitive|Protect,Coil,Hypnosis,MuddyWater|Calm||F|||50|]Aerodactyl||FocusSash|Unnerve|RockSlide,Tailwind,Protect,DualWingbeat|Jolly||M|||50|]Garchomp||LifeOrb|RoughSkin|Earthquake,Protect,RockSlide,SwordsDance|Jolly||M|||50|
|inactive|Battle timer is ON: inactive players will automatically lose when time's up. (requested by Giraldo567)
|
|t:|1786073809
|teamsize|p1|4
|teamsize|p2|4
|start
|switch|p1a: Garchomp|Garchomp, L50, M, shiny|100/100
|switch|p1b: Gardevoir|Gardevoir, L50, M, shiny|100/100
|switch|p2a: Farigiraf|Farigiraf, L50, M|100/100
|switch|p2b: Incineroar|Incineroar, L50, F|100/100
|-ability|p2b: Incineroar|Intimidate|boost
|-unboost|p1a: Garchomp|atk|1
|-unboost|p1b: Gardevoir|atk|1
|turn|1
|
|t:|1786073827
|switch|p1a: Milotic|Milotic, L50, M, shiny|100/100
|move|p2b: Incineroar|Fake Out|p1a: Milotic
|-crit|p1a: Milotic
|-damage|p1a: Milotic|82/100
|move|p1b: Gardevoir|Trick|p2a: Farigiraf
|-activate|p1b: Gardevoir|move: Trick|[of] p2a: Farigiraf
|-item|p2a: Farigiraf|Choice Scarf|[from] move: Trick
|-item|p1b: Gardevoir|Colbur Berry|[from] move: Trick
|move|p2a: Farigiraf|Trick Room|p2a: Farigiraf
|-fieldstart|move: Trick Room|[of] p2a: Farigiraf
|
|-heal|p1a: Milotic|88/100|[from] item: Leftovers
|upkeep
|turn|2
|
|t:|1786073839
|switch|p2a: Milotic|Milotic, L50, F|100/100
|move|p2b: Incineroar|Darkest Lariat|p1b: Gardevoir
|-damage|p1b: Gardevoir|24/100
|move|p1a: Milotic|Coil|p1a: Milotic
|-boost|p1a: Milotic|atk|1
|-boost|p1a: Milotic|def|1
|-boost|p1a: Milotic|accuracy|1
|move|p1b: Gardevoir|Dazzling Gleam|p2a: Milotic|[spread] p2a,p2b
|-damage|p2a: Milotic|81/100
|-damage|p2b: Incineroar|70/100
|
|-heal|p2a: Milotic|87/100|[from] item: Leftovers
|-heal|p1a: Milotic|94/100|[from] item: Leftovers
|upkeep
|turn|3
|
|t:|1786073859
|move|p2b: Incineroar|Darkest Lariat|p1a: Milotic
|-damage|p1a: Milotic|55/100
|move|p1a: Milotic|Coil|p1a: Milotic
|-boost|p1a: Milotic|atk|1
|-boost|p1a: Milotic|def|1
|-boost|p1a: Milotic|accuracy|1
|move|p2a: Milotic|Coil|p2a: Milotic
|-boost|p2a: Milotic|atk|1
|-boost|p2a: Milotic|def|1
|-boost|p2a: Milotic|accuracy|1
|move|p1b: Gardevoir|Psychic|p2a: Milotic
|-damage|p2a: Milotic|59/100
|
|-heal|p1a: Milotic|61/100|[from] item: Leftovers
|-heal|p2a: Milotic|65/100|[from] item: Leftovers
|upkeep
|turn|4
|
|t:|1786073871
|move|p2b: Incineroar|Darkest Lariat|p1a: Milotic
|-damage|p1a: Milotic|22/100
|move|p2a: Milotic|Coil|p2a: Milotic
|-boost|p2a: Milotic|atk|1
|-boost|p2a: Milotic|def|1
|-boost|p2a: Milotic|accuracy|1
|move|p1a: Milotic|Muddy Water|p2a: Milotic|[spread] p2a,p2b
|-resisted|p2a: Milotic|1
|-supereffective|p2b: Incineroar|1
|-damage|p2a: Milotic|58/100
|-damage|p2b: Incineroar|27/100
|move|p1b: Gardevoir|Psychic|p2a: Milotic
|-damage|p2a: Milotic|31/100
|
|-heal|p2a: Milotic|37/100|[from] item: Leftovers
|-heal|p1a: Milotic|28/100|[from] item: Leftovers
|upkeep
|turn|5
|
|t:|1786073889
|move|p2b: Incineroar|Darkest Lariat|p1a: Milotic
|-damage|p1a: Milotic|0 fnt
|faint|p1a: Milotic
|move|p2a: Milotic|Hypnosis|p1b: Gardevoir
|-status|p1b: Gardevoir|slp|[from] move: Hypnosis
|cant|p1b: Gardevoir|slp
|
|-heal|p2a: Milotic|43/100|[from] item: Leftovers
|-fieldend|move: Trick Room
|upkeep
|
|t:|1786073895
|switch|p1a: Rotom|Rotom-Heat, L50, shiny|100/100
|turn|6
|
|t:|1786073908
|move|p2a: Milotic|Protect|p2a: Milotic
|-singleturn|p2a: Milotic|Protect
|cant|p1b: Gardevoir|slp
|move|p1a: Rotom|Thunderbolt|p2a: Milotic
|-activate|p2a: Milotic|move: Protect
|move|p2b: Incineroar|Parting Shot|p1a: Rotom
|-unboost|p1a: Rotom|atk|1
|-unboost|p1a: Rotom|spa|1
|
|t:|1786073923
|switch|p2b: Farigiraf|Farigiraf, L50, M|100/100|[from] Parting Shot
|
|-heal|p2a: Milotic|49/100|[from] item: Leftovers
|upkeep
|turn|7
|
|t:|1786073927
|-curestatus|p1b: Gardevoir|slp|[msg]
|move|p1b: Gardevoir|Psychic|p2a: Milotic
|-crit|p2a: Milotic
|-damage|p2a: Milotic|8/100
|-unboost|p2a: Milotic|spd|1
|-ability|p2a: Milotic|Competitive|boost
|-boost|p2a: Milotic|spa|2
|move|p1a: Rotom|Thunderbolt|p2a: Milotic
|-supereffective|p2a: Milotic|1
|-damage|p2a: Milotic|0 fnt
|faint|p2a: Milotic
|move|p2b: Farigiraf|Trick Room|p2b: Farigiraf
|-fieldstart|move: Trick Room|[of] p2b: Farigiraf
|
|upkeep
|
|t:|1786073940
|switch|p2a: Incineroar|Incineroar, L50, F|27/100
|-ability|p2a: Incineroar|Intimidate|boost
|-unboost|p1a: Rotom|atk|1
|-unboost|p1b: Gardevoir|atk|1
|turn|8
|
|t:|1786073956
|switch|p2b: Mawile|Mawile, L50, F|100/100
|-ability|p2b: Mawile|Intimidate|boost
|-unboost|p1a: Rotom|atk|1
|-unboost|p1b: Gardevoir|atk|1
|switch|p1a: Garchomp|Garchomp, L50, M, shiny|100/100
|move|p2a: Incineroar|Darkest Lariat|p1a: Garchomp
|-damage|p1a: Garchomp|54/100
|-damage|p2a: Incineroar|15/100|[from] ability: Rough Skin|[of] p1a: Garchomp
|move|p1b: Gardevoir|Dazzling Gleam|p2a: Incineroar|[spread] p2a,p2b
|-resisted|p2b: Mawile|1
|-damage|p2a: Incineroar|0 fnt
|-damage|p2b: Mawile|74/100
|faint|p2a: Incineroar
|
|upkeep
|
|t:|1786073966
|switch|p2a: Farigiraf|Farigiraf, L50, M|100/100
|turn|9
|inactive|DJGrooves213 has 30 seconds left.
|
|t:|1786073992
|detailschange|p2b: Mawile|Mawile-Mega, L50, F
|-mega|p2b: Mawile|Mawile|Mawilite
|move|p1a: Garchomp|Protect|p1a: Garchomp
|-singleturn|p1a: Garchomp|Protect
|move|p2b: Mawile|Play Rough|p1a: Garchomp
|-activate|p1a: Garchomp|move: Protect
|move|p2a: Farigiraf|Psychic|p1b: Gardevoir
|-resisted|p1b: Gardevoir|1
|-damage|p1b: Gardevoir|6/100
|move|p1b: Gardevoir|Psychic|p2b: Mawile
|-resisted|p2b: Mawile|1
|-damage|p2b: Mawile|47/100
|
|upkeep
|turn|10
|
|t:|1786074016
|switch|p1a: Rotom|Rotom-Heat, L50, shiny|100/100
|move|p2b: Mawile|Play Rough|p1a: Rotom
|-resisted|p1a: Rotom|1
|-damage|p1a: Rotom|48/100
|-enditem|p1a: Rotom|Sitrus Berry|[eat]
|-heal|p1a: Rotom|73/100|[from] item: Sitrus Berry
|move|p2a: Farigiraf|Psychic|p1b: Gardevoir
|-resisted|p1b: Gardevoir|1
|-damage|p1b: Gardevoir|0 fnt
|faint|p1b: Gardevoir
|
|upkeep
|
|t:|1786074021
|switch|p1b: Garchomp|Garchomp, L50, M, shiny|54/100
|turn|11
|
|t:|1786074036
|move|p1a: Rotom|Protect|p1a: Rotom
|-singleturn|p1a: Rotom|Protect
|move|p1b: Garchomp|Protect|p1b: Garchomp
|-singleturn|p1b: Garchomp|Protect
|move|p2b: Mawile|Play Rough|p1b: Garchomp
|-activate|p1b: Garchomp|move: Protect
|move|p2a: Farigiraf|Psychic|p1b: Garchomp
|-activate|p1b: Garchomp|move: Protect
|
|-fieldend|move: Trick Room
|upkeep
|turn|12
|
|t:|1786074046
|move|p2b: Mawile|Sucker Punch|p1b: Garchomp
|-damage|p1b: Garchomp|7/100
|-damage|p2b: Mawile|35/100|[from] ability: Rough Skin|[of] p1b: Garchomp
|move|p1b: Garchomp|Earthquake|p2b: Mawile|[spread] p2a,p2b
|-immune|p1a: Rotom|[from] ability: Levitate
|-supereffective|p2b: Mawile|1
|-damage|p2a: Farigiraf|45/100
|-damage|p2b: Mawile|0 fnt
|faint|p2b: Mawile
|-damage|p1b: Garchomp|0 fnt|[from] item: Life Orb
|faint|p1b: Garchomp
|move|p1a: Rotom|Overheat|p2a: Farigiraf
|-damage|p2a: Farigiraf|3/100
|-unboost|p1a: Rotom|spa|2
|move|p2a: Farigiraf|Psychic|p1a: Rotom
|-damage|p1a: Rotom|31/100
|
|upkeep
|turn|13
|
|t:|1786074063
|move|p1a: Rotom|Thunderbolt|p2a: Farigiraf
|-damage|p2a: Farigiraf|0 fnt
|faint|p2a: Farigiraf
|
|win|DJGrooves213
|raw|DJGrooves213's rating: 1170 → 1192(+22 for winning)
|raw|Giraldo567's rating: 1135 → 1113(-22 for losing)
|l|‽Giraldo567
|player|p2|
