|j|☆golden sun boy
|j|☆AquamarineVGC
|html|golden sun boyAquamarineVGC    
|uhtml|bestof|Game 2 of a best-of-3
|t:|1784870851
|gametype|doubles
|player|p1|golden sun boy|unknown|1159
|player|p2|AquamarineVGC|unknown|1247
|gen|9
|tier|[Gen 9 Champions] VGC 2026 Reg M-B (Bo3)
|rated|
|rule|Species Clause: Limit one of each Pokémon
|rule|Item Clause: Limit 1 of each item
|clearpoke
|poke|p1|Zoroark-Hisui, L50, M|
|poke|p1|Whimsicott, L50, M|
|poke|p1|Froslass, L50, F|
|poke|p1|Archaludon, L50, M|
|poke|p1|Hawlucha, L50, F|
|poke|p1|Snorlax, L50, M|
|poke|p2|Pelipper, L50, F|
|poke|p2|Archaludon, L50, F|
|poke|p2|Staraptor, L50, M|
|poke|p2|Glimmora, L50, M|
|poke|p2|Clefable, L50, M|
|poke|p2|Grimmsnarl, L50, M|
|teampreview|4
|showteam|p1|Zoroark-Hisui||LifeOrb|Illusion|HyperBeam,GrassKnot,ShadowBall,Protect|Modest||M|||50|]Whimsicott||FocusSash|Prankster|Tailwind,FakeTears,Encore,Moonblast|Timid||M|||50|]Froslass||Froslassite|CursedBody|AuroraVeil,Blizzard,RainDance,Protect|Modest||F|||50|]Archaludon||Leftovers|Stamina|DragonPulse,FlashCannon,ElectroShot,Protect|Calm||M|||50|]Hawlucha||Hawluchanite|Limber|CrossChop,BraveBird,Entrainment,Protect|Jolly||F|||50|]Snorlax||SitrusBerry|ThickFat|Yawn,Fissure,DoubleEdge,Protect|Relaxed||M|||50|
|showteam|p2|Pelipper||QuickClaw|Drizzle|Hurricane,WeatherBall,Tailwind,WideGuard|Modest||F|||50|]Archaludon||Leftovers|Stamina|FlashCannon,DragonPulse,ElectroShot,Protect|Modest||F|||50|]Staraptor||Staraptite|Intimidate|BraveBird,CloseCombat,Roost,Protect|Adamant||M|||50|]Glimmora||Glimmoranite|ToxicDebris|PowerGem,SludgeBomb,AcidSpray,SpikyShield|Timid||M|||50|]Clefable||SitrusBerry|Unaware|Moonblast,FollowMe,LifeDew,Protect|Bold||M|||50|]Grimmsnarl||LightClay|Prankster|FoulPlay,Reflect,LightScreen,PartingShot|Calm||M|||50|
|inactive|Battle timer is ON: inactive players will automatically lose when time's up. (requested by golden sun boy)
|inactive|golden sun boy has 60 seconds left.
|inactive|golden sun boy has 30 seconds left.
|
|t:|1784870916
|teamsize|p1|4
|teamsize|p2|4
|start
|switch|p1a: Hawlucha|Hawlucha, L50, F|100/100
|switch|p1b: Snorlax|Snorlax, L50, M|100/100
|switch|p2a: Grimmsnarl|Grimmsnarl, L50, M|100/100
|switch|p2b: Archaludon|Archaludon, L50, F|100/100
|turn|1
|inactive|golden sun boy has 30 seconds left.
|
|t:|1784870942
|detailschange|p1a: Hawlucha|Hawlucha-Mega, L50, F
|-mega|p1a: Hawlucha|Hawlucha|Hawluchanite
|move|p2a: Grimmsnarl|Parting Shot|p1a: Hawlucha
|-unboost|p1a: Hawlucha|atk|1
|-unboost|p1a: Hawlucha|spa|1
|
|t:|1784870946
|switch|p2a: Pelipper|Pelipper, L50, F|100/100|[from] Parting Shot
|-weather|RainDance|[from] ability: Drizzle|[of] p2a: Pelipper
|move|p1a: Hawlucha|Entrainment|p1b: Snorlax
|-ability|p1b: Snorlax|No Guard|Thick Fat|[from] move: Entrainment|[of] p1a: Hawlucha
|move|p2b: Archaludon|Electro Shot||[still]
|-prepare|p2b: Archaludon|Electro Shot
|-boost|p2b: Archaludon|spa|1
|-anim|p2b: Archaludon|Electro Shot|p1a: Hawlucha
|-supereffective|p1a: Hawlucha|1
|-damage|p1a: Hawlucha|0 fnt
|faint|p1a: Hawlucha
|move|p1b: Snorlax|Fissure|p2a: Pelipper
|-immune|p2a: Pelipper
|
|-weather|RainDance|[upkeep]
|upkeep
|inactive|golden sun boy has 30 seconds left.
|inactive|golden sun boy has 20 seconds left.
|
|t:|1784870983
|switch|p1a: Archaludon|Archaludon, L50, M|100/100
|turn|2
|
|t:|1784870999
|move|p1a: Archaludon|Hyper Beam|p2a: Pelipper|[miss]
|-miss|p1a: Archaludon|p2a: Pelipper
|move|p2b: Archaludon|Electro Shot||[still]
|-prepare|p2b: Archaludon|Electro Shot
|-boost|p2b: Archaludon|spa|1
|-anim|p2b: Archaludon|Electro Shot|p1b: Snorlax
|-damage|p1b: Snorlax|46/100
|-enditem|p1b: Snorlax|Sitrus Berry|[eat]
|-heal|p1b: Snorlax|71/100|[from] item: Sitrus Berry
|move|p2a: Pelipper|Hurricane|p1b: Snorlax
|-damage|p1b: Snorlax|39/100
|move|p1b: Snorlax|Fissure|p2b: Archaludon
|-damage|p2b: Archaludon|0 fnt
|faint|p2b: Archaludon
|-ohko
|
|-weather|RainDance|[upkeep]
|upkeep
|
|t:|1784871023
|switch|p2b: Glimmora|Glimmora, L50, M|100/100
|turn|3
|
|t:|1784871040
|detailschange|p2b: Glimmora|Glimmora-Mega, L50, M
|-mega|p2b: Glimmora|Glimmora|Glimmoranite
|move|p2b: Glimmora|Spiky Shield|p2b: Glimmora
|-singleturn|p2b: Glimmora|move: Protect
|move|p1a: Archaludon|Hyper Beam|p2a: Pelipper
|-damage|p2a: Pelipper|0 fnt
|-mustrecharge|p1a: Archaludon
|faint|p2a: Pelipper
|-damage|p1a: Archaludon|90/100|[from] item: Life Orb
|move|p1b: Snorlax|Fissure|p2b: Glimmora
|-activate|p2b: Glimmora|move: Protect
|
|-weather|RainDance|[upkeep]
|upkeep
|
|t:|1784871046
|switch|p2a: Grimmsnarl|Grimmsnarl, L50, M|100/100
|turn|4
|
|t:|1784871071
|move|p1b: Snorlax|Protect|p1b: Snorlax
|-singleturn|p1b: Snorlax|Protect
|move|p2b: Glimmora|Power Gem|p1b: Snorlax
|-activate|p1b: Snorlax|move: Protect
|cant|p1a: Archaludon|recharge
|move|p2a: Grimmsnarl|Foul Play|p1b: Snorlax
|-activate|p1b: Snorlax|move: Protect
|
|-weather|RainDance|[upkeep]
|upkeep
|turn|5
|
|t:|1784871097
|move|p2a: Grimmsnarl|Light Screen|p2a: Grimmsnarl
|-sidestart|p2: AquamarineVGC|move: Light Screen
|move|p2b: Glimmora|Sludge Bomb|p1b: Snorlax
|-damage|p1b: Snorlax|0 fnt
|faint|p1b: Snorlax
|move|p1a: Archaludon|Hyper Beam|p2a: Grimmsnarl
|-damage|p2a: Grimmsnarl|39/100
|-mustrecharge|p1a: Archaludon
|-damage|p1a: Archaludon|80/100|[from] item: Life Orb
|
|-weather|none
|upkeep
|
|t:|1784871107
|switch|p1b: Archaludon|Archaludon, L50, M|100/100
|turn|6
|inactive|AquamarineVGC has 30 seconds left.
|
|t:|1784871136
|move|p2a: Grimmsnarl|Parting Shot|p1b: Archaludon
|-unboost|p1b: Archaludon|atk|1
|-unboost|p1b: Archaludon|spa|1
|move|p2b: Glimmora|Power Gem|p1a: Archaludon
|-damage|p1a: Archaludon|0 fnt
|replace|p1a: Zoroark|Zoroark-Hisui, L50, M
|-end|p1a: Zoroark|Illusion
|faint|p1a: Zoroark
|move|p1b: Archaludon|Flash Cannon|p2a: Grimmsnarl
|-supereffective|p2a: Grimmsnarl|1
|-damage|p2a: Grimmsnarl|13/100
|
|upkeep
|turn|7
|
|t:|1784871151
|move|p2a: Grimmsnarl|Parting Shot|p1b: Archaludon
|-unboost|p1b: Archaludon|atk|1
|-unboost|p1b: Archaludon|spa|1
|move|p2b: Glimmora|Power Gem|p1b: Archaludon
|-resisted|p1b: Archaludon|1
|-damage|p1b: Archaludon|71/100
|-ability|p1b: Archaludon|Stamina|boost
|-boost|p1b: Archaludon|def|1
|move|p1b: Archaludon|Flash Cannon|p2a: Grimmsnarl
|-supereffective|p2a: Grimmsnarl|1
|-damage|p2a: Grimmsnarl|0 fnt
|faint|p2a: Grimmsnarl
|
|-heal|p1b: Archaludon|77/100|[from] item: Leftovers
|upkeep
|turn|8
|
|t:|1784871166
|move|p1b: Archaludon|Protect|p1b: Archaludon
|-singleturn|p1b: Archaludon|Protect
|move|p2b: Glimmora|Power Gem|p1b: Archaludon
|-activate|p1b: Archaludon|move: Protect
|
|-heal|p1b: Archaludon|83/100|[from] item: Leftovers
|upkeep
|turn|9
|
|t:|1784871176
|move|p2b: Glimmora|Power Gem|p1b: Archaludon
|-resisted|p1b: Archaludon|1
|-damage|p1b: Archaludon|51/100
|-ability|p1b: Archaludon|Stamina|boost
|-boost|p1b: Archaludon|def|1
|move|p1b: Archaludon|Electro Shot||[still]
|-prepare|p1b: Archaludon|Electro Shot
|-boost|p1b: Archaludon|spa|1
|
|-heal|p1b: Archaludon|57/100|[from] item: Leftovers
|upkeep
|turn|10
|
|t:|1784871187
|move|p2b: Glimmora|Power Gem|p1b: Archaludon
|-resisted|p1b: Archaludon|1
|-damage|p1b: Archaludon|28/100
|-ability|p1b: Archaludon|Stamina|boost
|-boost|p1b: Archaludon|def|1
|move|p1b: Archaludon|Electro Shot|p2b: Glimmora|[from] lockedmove
|-damage|p2b: Glimmora|77/100
|
|-heal|p1b: Archaludon|34/100|[from] item: Leftovers
|upkeep
|turn|11
|
|t:|1784871196
|move|p1b: Archaludon|Protect|p1b: Archaludon
|-singleturn|p1b: Archaludon|Protect
|move|p2b: Glimmora|Power Gem|p1b: Archaludon
|-activate|p1b: Archaludon|move: Protect
|
|-heal|p1b: Archaludon|40/100|[from] item: Leftovers
|upkeep
|turn|12
|
|t:|1784871205
|move|p2b: Glimmora|Power Gem|p1b: Archaludon
|-resisted|p1b: Archaludon|1
|-damage|p1b: Archaludon|9/100
|-ability|p1b: Archaludon|Stamina|boost
|-boost|p1b: Archaludon|def|1
|move|p1b: Archaludon|Flash Cannon|p2b: Glimmora
|-supereffective|p2b: Glimmora|1
|-damage|p2b: Glimmora|39/100
|
|-heal|p1b: Archaludon|15/100|[from] item: Leftovers
|-sideend|p2: AquamarineVGC|move: Light Screen
|upkeep
|turn|13
|
|t:|1784871214
|move|p1b: Archaludon|Protect|p1b: Archaludon
|-singleturn|p1b: Archaludon|Protect
|move|p2b: Glimmora|Power Gem|p1b: Archaludon
|-activate|p1b: Archaludon|move: Protect
|
|-heal|p1b: Archaludon|21/100|[from] item: Leftovers
|upkeep
|turn|14
|
|t:|1784871222
|move|p2b: Glimmora|Power Gem|p1b: Archaludon
|-resisted|p1b: Archaludon|1
|-damage|p1b: Archaludon|0 fnt
|faint|p1b: Archaludon
|
|win|AquamarineVGC
||AquamarineVGC is ready for game 3.
||golden sun boy is ready for game 3.
|uhtml|next|Next: Game 3 of 3
