|j|☆Crying Flurmels
|j|☆achiphoond
|html|Crying Flurmelsachiphoond    
|uhtml|bestof|Game 2 of a best-of-3
|t:|1756925961
|gametype|doubles
|player|p1|Crying Flurmels|102|
|player|p2|achiphoond|1|
|gen|9
|tier|[Gen 9] VGC 2025 Reg H (Bo3)
|rule|Species Clause: Limit one of each Pokémon
|rule|Item Clause: Limit 1 of each item
|clearpoke
|poke|p1|Murkrow, L50, F|
|poke|p1|Volcarona, L50, M|
|poke|p1|Sneasler, L50, M|
|poke|p1|Kingambit, L50, M|
|poke|p1|Dragonite, L50, M|
|poke|p1|Rillaboom, L50, F|
|poke|p2|Gholdengo, L50|
|poke|p2|Sneasler, L50, M|
|poke|p2|Rillaboom, L50, F|
|poke|p2|Dragonite, L50, F|
|poke|p2|Ninetales-Alola, L50, M|
|poke|p2|Arcanine-Hisui, L50, F|
|teampreview|4
|showteam|p1|Murkrow||Eviolite|Prankster|FoulPlay,Tailwind,Haze,SunnyDay|||F|||50|,,,,,Ghost]Volcarona||CovertCloak|FlameBody|HeatWave,TeraBlast,QuiverDance,Protect|||M|||50|,,,,,Water]Sneasler||GrassySeed|Unburden|DireClaw,CloseCombat,Protect,Coaching|||M|||50|,,,,,Stellar]Kingambit||BlackGlasses|Defiant|KowtowCleave,SuckerPunch,SwordsDance,Protect|||M|||50|,,,,,Dark]Dragonite||ChoiceBand|InnerFocus|Outrage,StompingTantrum,LowKick,ExtremeSpeed|||M|||50|,,,,,Normal]Rillaboom||MiracleSeed|GrassySurge|WoodHammer,GrassyGlide,Uturn,FakeOut|||F|||50|,,,,,Fire
|showteam|p2|Gholdengo||GrassySeed|GoodasGold|NastyPlot,MakeItRain,ShadowBall,Protect||||||50|,,,,,Water]Sneasler||WhiteHerb|Unburden|CloseCombat,DireClaw,Coaching,Protect|||M|||50|,,,,,Ghost]Rillaboom||AssaultVest|GrassySurge|FakeOut,GrassyGlide,DrumBeating,HighHorsepower|||F|||50|,,,,,Fire]Dragonite||LoadedDice|Multiscale|ScaleShot,StompingTantrum,Tailwind,Protect|||F|||50|,,,,,Ground]Ninetales-Alola||FocusSash|SnowWarning|Blizzard,IcyWind,Encore,AuroraVeil|||M|||50|,,,,,Ghost]Arcanine-Hisui||ClearAmulet|Intimidate|RockSlide,FlareBlitz,ExtremeSpeed,Protect|||F|||50|,,,,,Water
|inactive|Battle timer is ON: inactive players will automatically lose when time's up. (requested by achiphoond)
|inactive|achiphoond has 60 seconds left.
|
|t:|1756925992
|teamsize|p1|4
|teamsize|p2|4
|start
|switch|p1a: Kingambit|Kingambit, L50, M, shiny|100/100
|switch|p1b: Rillaboom|Rillaboom, L50, F, shiny|100/100
|switch|p2a: Sneasler|Sneasler, L50, M|100/100
|switch|p2b: Dragonite|Dragonite, L50, F|100/100
|-fieldstart|move: Grassy Terrain|[from] ability: Grassy Surge|[of] p1b: Rillaboom
|turn|1
|inactive|Crying Flurmels has 30 seconds left.
|inactive|achiphoond has 30 seconds left.
|inactive|achiphoond has 20 seconds left.
|inactive|achiphoond has 15 seconds left.
|inactive|Crying Flurmels has 20 seconds left.
|inactive|achiphoond has 10 seconds left.
|inactive|Crying Flurmels has 15 seconds left.
|inactive|achiphoond has 5 seconds left.
|inactive|Crying Flurmels has 10 seconds left.
|
|t:|1756926049
|-terastallize|p2a: Sneasler|Ghost
|move|p1b: Rillaboom|Fake Out|p2a: Sneasler
|-immune|p2a: Sneasler
|move|p2a: Sneasler|Close Combat|p1a: Kingambit
|-supereffective|p1a: Kingambit
|-damage|p1a: Kingambit|0 fnt
|-unboost|p2a: Sneasler|def|1
|-unboost|p2a: Sneasler|spd|1
|faint|p1a: Kingambit
|-enditem|p2a: Sneasler|White Herb
|-clearnegativeboost|p2a: Sneasler|[silent]
|move|p2b: Dragonite|Scale Shot|p1b: Rillaboom
|-damage|p1b: Rillaboom|86/100
|-damage|p1b: Rillaboom|71/100
|-damage|p1b: Rillaboom|58/100
|-damage|p1b: Rillaboom|43/100
|-damage|p1b: Rillaboom|29/100
|-hitcount|p1b: Rillaboom|5
|-unboost|p2b: Dragonite|def|1
|-boost|p2b: Dragonite|spe|1
|
|-heal|p1b: Rillaboom|35/100|[from] Grassy Terrain
|upkeep
|
|t:|1756926064
|switch|p1a: Sneasler|Sneasler, L50, M|100/100
|-enditem|p1a: Sneasler|Grassy Seed
|-boost|p1a: Sneasler|def|1|[from] item: Grassy Seed
|turn|2
|inactive|achiphoond has 30 seconds left.
|
|t:|1756926091
|-terastallize|p1a: Sneasler|Stellar
|move|p2a: Sneasler|Protect|p2a: Sneasler
|-singleturn|p2a: Sneasler|Protect
|move|p1b: Rillaboom|Grassy Glide|p2b: Dragonite
|-resisted|p2b: Dragonite
|-damage|p2b: Dragonite|92/100
|move|p1a: Sneasler|Dire Claw|p2b: Dragonite
|-damage|p2b: Dragonite|0 fnt
|faint|p2b: Dragonite
|
|-heal|p1b: Rillaboom|41/100|[from] Grassy Terrain
|upkeep
|
|t:|1756926101
|switch|p2b: Arcanine|Arcanine-Hisui, L50, F|100/100
|-ability|p2b: Arcanine|Intimidate|boost
|-unboost|p1a: Sneasler|atk|1
|-unboost|p1b: Rillaboom|atk|1
|turn|3
|
|t:|1756926132
|switch|p2b: Rillaboom|Rillaboom, L50, F|100/100
|move|p1b: Rillaboom|Grassy Glide|p2b: Rillaboom
|-resisted|p2b: Rillaboom
|-damage|p2b: Rillaboom|86/100
|move|p1a: Sneasler|Close Combat|p2b: Rillaboom
|-damage|p2b: Rillaboom|33/100
|-unboost|p1a: Sneasler|def|1
|-unboost|p1a: Sneasler|spd|1
|move|p2a: Sneasler|Dire Claw|p1b: Rillaboom
|-supereffective|p1b: Rillaboom
|-damage|p1b: Rillaboom|0 fnt
|faint|p1b: Rillaboom
|
|-heal|p2b: Rillaboom|39/100|[from] Grassy Terrain
|upkeep
|
|t:|1756926144
|switch|p1b: Volcarona|Volcarona, L50, M|100/100
|turn|4
|inactive|achiphoond has 30 seconds left.
|
|t:|1756926170
|switch|p2a: Arcanine|Arcanine-Hisui, L50, F|100/100
|-ability|p2a: Arcanine|Intimidate|boost
|-unboost|p1a: Sneasler|atk|1
|-unboost|p1b: Volcarona|atk|1
|move|p2b: Rillaboom|Fake Out|p1a: Sneasler
|-damage|p1a: Sneasler|78/100
|cant|p1a: Sneasler|flinch
|move|p1b: Volcarona|Heat Wave|p2a: Arcanine|[spread] p2a,p2b
|-resisted|p2a: Arcanine
|-supereffective|p2b: Rillaboom
|-damage|p2a: Arcanine|91/100
|-damage|p2b: Rillaboom|0 fnt
|faint|p2b: Rillaboom
|
|-heal|p1a: Sneasler|84/100|[from] Grassy Terrain
|-heal|p2a: Arcanine|96/100|[from] Grassy Terrain
|upkeep
|
|t:|1756926180
|switch|p2b: Sneasler|Sneasler, L50, M, tera:Ghost|100/100
|turn|5
|
|t:|1756926193
|move|p1a: Sneasler|Protect|p1a: Sneasler
|-singleturn|p1a: Sneasler|Protect
|move|p1b: Volcarona|Protect|p1b: Volcarona
|-singleturn|p1b: Volcarona|Protect
|move|p2b: Sneasler|Close Combat|p1a: Sneasler
|-activate|p1a: Sneasler|move: Protect
|move|p2a: Arcanine|Rock Slide|p1a: Sneasler|[spread] 
|-activate|p1a: Sneasler|move: Protect
|-activate|p1b: Volcarona|move: Protect
|
|-heal|p1a: Sneasler|90/100|[from] Grassy Terrain
|-heal|p2a: Arcanine|100/100|[from] Grassy Terrain
|-fieldend|move: Grassy Terrain
|upkeep
|turn|6
|
|t:|1756926206
|move|p1a: Sneasler|Close Combat|p2a: Arcanine
|-supereffective|p2a: Arcanine
|-damage|p2a: Arcanine|26/100
|-unboost|p1a: Sneasler|def|1
|-unboost|p1a: Sneasler|spd|1
|move|p2b: Sneasler|Close Combat|p1a: Sneasler
|-resisted|p1a: Sneasler
|-damage|p1a: Sneasler|15/100
|-unboost|p2b: Sneasler|def|1
|-unboost|p2b: Sneasler|spd|1
|move|p2a: Arcanine|Rock Slide|p1b: Volcarona|[spread] p1a
|-miss|p2a: Arcanine|p1b: Volcarona
|-resisted|p1a: Sneasler
|-damage|p1a: Sneasler|0 fnt
|faint|p1a: Sneasler
|move|p1b: Volcarona|Heat Wave|p2b: Sneasler|[spread] p2a,p2b
|-resisted|p2a: Arcanine
|-damage|p2a: Arcanine|15/100
|-damage|p2b: Sneasler|39/100
|
|upkeep
|turn|7
|inactive|achiphoond has 30 seconds left.
|inactive|achiphoond has 20 seconds left.
|inactive|achiphoond has 15 seconds left.
|inactive|achiphoond has 10 seconds left.
|inactive|achiphoond has 5 seconds left.
|
|t:|1756926258
|move|p2b: Sneasler|Dire Claw|p1b: Volcarona
|-damage|p1b: Volcarona|54/100
|-status|p2b: Sneasler|brn|[from] ability: Flame Body|[of] p1b: Volcarona
|move|p2a: Arcanine|Rock Slide|p1b: Volcarona
|-supereffective|p1b: Volcarona
|-damage|p1b: Volcarona|0 fnt
|faint|p1b: Volcarona
|
|win|achiphoond
||Crying Flurmels is ready for game 3.
||achiphoond is ready for game 3.
|uhtml|next|Next: Game 3 of 3
|l|☆achiphoond
|player|p2|
