|j|☆amtgc
|j|☆atrixmj
|html|amtgcatrixmj    
|uhtml|bestof|Game 2 of a best-of-3
|t:|1782462397
|gametype|doubles
|player|p1|amtgc|102|1170
|player|p2|atrixmj|may|1337
|gen|9
|tier|[Gen 9 Champions] VGC 2026 Reg M-B (Bo3)
|rated|
|rule|Species Clause: Limit one of each Pokémon
|rule|Item Clause: Limit 1 of each item
|clearpoke
|poke|p1|Kingambit, L50, F|
|poke|p1|Charizard, L50, M|
|poke|p1|Basculegion, L50, M|
|poke|p1|Sylveon, L50, M|
|poke|p1|Garchomp, L50, M|
|poke|p1|Whimsicott, L50, F, shiny|
|poke|p2|Aerodactyl, L50, M|
|poke|p2|Kingambit, L50, F|
|poke|p2|Sylveon, L50, F|
|poke|p2|Farigiraf, L50, F|
|poke|p2|Charizard, L50, M, shiny|
|poke|p2|Garchomp, L50, F|
|teampreview|4
|showteam|p1|Kingambit||ChopleBerry|Defiant|SuckerPunch,KowtowCleave,Protect,IronHead|Adamant||F|||50|]Charizard||CharizarditeY|Blaze|HeatWave,WeatherBall,SolarBeam,Protect|Modest||M|||50|]Basculegion||ChoiceScarf|Adaptability|LastRespects,AquaJet,WaveCrash,Protect|Adamant||M|||50|]Sylveon||FairyFeather|Pixilate|HyperVoice,QuickAttack,HyperBeam,Detect|Modest||M|||50|]Garchomp||LifeOrb|RoughSkin|RockSlide,DragonClaw,Protect,StompingTantrum|Jolly||M|||50|]Whimsicott||FocusSash|Prankster|Moonblast,SunnyDay,Tailwind,Encore|Calm||F|||50|
|showteam|p2|Aerodactyl||Aerodactylite|RockHead|RockSlide,Tailwind,WideGuard,IceFang|Jolly||M|||50|]Kingambit||FocusSash|Defiant|SuckerPunch,IronHead,KowtowCleave,LowKick|Adamant||F|||50|]Sylveon||FairyFeather|Pixilate|HyperVoice,Moonblast,QuickAttack,Detect|Quiet||F|||50|]Farigiraf||TwistedSpoon|ArmorTail|TwinBeam,HyperVoice,TrickRoom,Protect|Quiet||F|||50|]Charizard||CharizarditeY|SolarPower|HeatWave,WeatherBall,Protect,SolarBeam|Modest||M|||50|]Garchomp||LifeOrb|RoughSkin|DragonClaw,Earthquake,StompingTantrum,Protect|Jolly||F|||50|
|inactive|Battle timer is ON: inactive players will automatically lose when time's up. (requested by atrixmj)
|
|t:|1782462429
|teamsize|p1|4
|teamsize|p2|4
|start
|switch|p1a: Charizard|Charizard, L50, M|100/100
|switch|p1b: Garchomp|Garchomp, L50, M|100/100
|switch|p2a: Aerodactyl|Aerodactyl, L50, M|100/100
|switch|p2b: Charizard|Charizard, L50, M, shiny|100/100
|turn|1
|
|t:|1782462453
|detailschange|p2b: Charizard|Charizard-Mega-Y, L50, M, shiny
|-mega|p2b: Charizard|Charizard|Charizardite Y
|-weather|SunnyDay|[from] ability: Drought|[of] p2b: Charizard
|detailschange|p1a: Charizard|Charizard-Mega-Y, L50, M
|-mega|p1a: Charizard|Charizard|Charizardite Y
|move|p2b: Charizard|Protect|p2b: Charizard
|-singleturn|p2b: Charizard|Protect
|move|p1a: Charizard|Protect|p1a: Charizard
|-singleturn|p1a: Charizard|Protect
|move|p2a: Aerodactyl|Tailwind|p2a: Aerodactyl
|-sidestart|p2: atrixmj|move: Tailwind
|move|p1b: Garchomp|Rock Slide|p2b: Charizard|[spread] p2a
|-activate|p2b: Charizard|move: Protect
|-supereffective|p2a: Aerodactyl|1
|-damage|p2a: Aerodactyl|22/100
|-damage|p1b: Garchomp|90/100|[from] item: Life Orb
|
|-weather|SunnyDay|[upkeep]
|upkeep
|turn|2
|
|t:|1782462472
|switch|p1a: Sylveon|Sylveon, L50, M|100/100
|move|p2a: Aerodactyl|Ice Fang|p1b: Garchomp
|-supereffective|p1b: Garchomp|2
|-damage|p1b: Garchomp|16/100
|-damage|p2a: Aerodactyl|10/100|[from] ability: Rough Skin|[of] p1b: Garchomp
|move|p2b: Charizard|Heat Wave|p1a: Sylveon|[spread] p1a,p1b
|-resisted|p1b: Garchomp|1
|-damage|p1a: Sylveon|53/100
|-damage|p1b: Garchomp|0 fnt
|faint|p1b: Garchomp
|
|-weather|SunnyDay|[upkeep]
|upkeep
|
|t:|1782462489
|switch|p1b: Charizard|Charizard-Mega-Y, L50, M|100/100
|turn|3
|
|t:|1782462500
|switch|p2a: Farigiraf|Farigiraf, L50, F|100/100
|move|p1a: Sylveon|Quick Attack||[still]
|cant|p2a: Farigiraf|ability: Armor Tail|Quick Attack|[of] p1a: Sylveon
|move|p2b: Charizard|Weather Ball|p1a: Sylveon
|-damage|p1a: Sylveon|0 fnt
|faint|p1a: Sylveon
|move|p1b: Charizard|Weather Ball|p2b: Charizard
|-resisted|p2b: Charizard|1
|-damage|p2b: Charizard|61/100
|
|-weather|SunnyDay|[upkeep]
|upkeep
|
|t:|1782462504
|switch|p1a: Kingambit|Kingambit, L50, F|100/100
|turn|4
|
|t:|1782462521
|move|p1a: Kingambit|Protect|p1a: Kingambit
|-singleturn|p1a: Kingambit|Protect
|move|p2b: Charizard|Weather Ball|p1a: Kingambit
|-activate|p1a: Kingambit|move: Protect
|move|p2a: Farigiraf|Twin Beam|p1b: Charizard
|-damage|p1b: Charizard|78/100
|-damage|p1b: Charizard|60/100
|-hitcount|p1b: Charizard|2
|move|p1b: Charizard|Heat Wave|p2a: Farigiraf|[spread] p2a,p2b
|-resisted|p2b: Charizard|1
|-damage|p2a: Farigiraf|45/100
|-damage|p2b: Charizard|34/100
|
|-weather|SunnyDay|[upkeep]
|-sideend|p2: atrixmj|move: Tailwind
|upkeep
|turn|5
|
|t:|1782462541
|move|p1a: Kingambit|Protect||[still]
|-fail|p1a: Kingambit
|move|p2b: Charizard|Weather Ball|p1a: Kingambit
|-supereffective|p1a: Kingambit|1
|-damage|p1a: Kingambit|0 fnt
|faint|p1a: Kingambit
|move|p1b: Charizard|Weather Ball|p2b: Charizard
|-resisted|p2b: Charizard|1
|-damage|p2b: Charizard|0 fnt
|faint|p2b: Charizard
|move|p2a: Farigiraf|Twin Beam|p1b: Charizard
|-damage|p1b: Charizard|38/100
|-damage|p1b: Charizard|18/100
|-hitcount|p1b: Charizard|2
|
|-weather|none
|upkeep
|
|t:|1782462547
|switch|p2b: Aerodactyl|Aerodactyl, L50, M|10/100
|turn|6
|-message|amtgc forfeited.
|
|win|atrixmj
|raw|amtgc's rating: 1170 → 1156(-14 for losing)
|raw|atrixmj's rating: 1337 → 1348(+11 for winning)
