|j|☆top10bascmoments
|j|☆dametrix
|html|top10bascmomentsdametrix    
|uhtml|bestof|Game 2 of a best-of-3
|t:|1755534543
|gametype|doubles
|player|p1|top10bascmoments|collector|1263
|player|p2|dametrix|cynthia-gen4|1196
|gen|9
|tier|[Gen 9] VGC 2025 Reg H (Bo3)
|rated|
|rule|Species Clause: Limit one of each Pokémon
|rule|Item Clause: Limit 1 of each item
|clearpoke
|poke|p1|Murkrow, L50, F|
|poke|p1|Basculegion, L50, M|
|poke|p1|Gholdengo, L50|
|poke|p1|Kommo-o, L50, F|
|poke|p1|Volcarona, L50, M|
|poke|p1|Hippowdon, L50, M|
|poke|p2|Ursaluna, L50, M|
|poke|p2|Bronzong, L50|
|poke|p2|Incineroar, L50, F|
|poke|p2|Archaludon, L50, M|
|poke|p2|Ninetales-Alola, L50, F|
|poke|p2|Sneasler, L50, M|
|teampreview|4
|showteam|p1|Murkrow||Eviolite|Prankster|BraveBird,Tailwind,SunnyDay,Haze|||F|||50|,,,,,Ghost]Basculegion||ChoiceScarf|Adaptability|WaveCrash,AquaJet,LastRespects,FlipTurn|||M|||50|,,,,,Grass]Gholdengo||ChoiceSpecs|GoodasGold|MakeItRain,ShadowBall,PowerGem,Trick||||||50|,,,,,Steel]Kommo-o||LifeOrb|Soundproof|AuraSphere,ClangingScales,Flamethrower,Protect|||F|||50|,,,,,Fire]Volcarona||CovertCloak|FlameBody|StruggleBug,FieryDance,RagePowder,Protect|||M|||50|,,,,,Grass]Hippowdon||RockyHelmet|SandStream|Protect,Yawn,Crunch,HighHorsepower|||M|||50|,,,,,Water
|showteam|p2|Ursaluna||FlameOrb|Guts|Facade,HeadlongRush,Earthquake,Protect|||M|||50|,,,,,Ghost]Bronzong||SitrusBerry|Levitate|ExpandingForce,FlashCannon,TrickRoom,Substitute||||||50|,,,,,Dark]Incineroar||SafetyGoggles|Intimidate|FakeOut,KnockOff,FlareBlitz,PartingShot|||F|||50|,,,,,Ghost]Archaludon||PowerHerb|Sturdy|DragonPulse,Thunderbolt,ElectroShot,Protect|||M|||50|,,,,,Electric]Ninetales-Alola||LightClay|SnowWarning|Blizzard,IcyWind,AuroraVeil,Protect|||F|||50|,,,,,Water]Sneasler||FocusSash|PoisonTouch|FakeOut,CloseCombat,DireClaw,Protect|||M|||50|,,,,,Stellar
|inactive|Battle timer is ON: inactive players will automatically lose when time's up. (requested by dametrix)
|
|t:|1755534562
|teamsize|p1|4
|teamsize|p2|4
|start
|switch|p1a: Volcarona|Volcarona, L50, M|100/100
|switch|p1b: Gholdengo|Gholdengo, L50|100/100
|switch|p2a: Incineroar|Incineroar, L50, F|100/100
|switch|p2b: Bronzong|Bronzong, L50|100/100
|-ability|p2a: Incineroar|Intimidate|boost
|-unboost|p1a: Volcarona|atk|1
|-unboost|p1b: Gholdengo|atk|1
|turn|1
|
|t:|1755534574
|-terastallize|p1b: Gholdengo|Steel
|move|p1a: Volcarona|Fiery Dance|p2b: Bronzong
|-supereffective|p2b: Bronzong
|-damage|p2b: Bronzong|38/100
|-enditem|p2b: Bronzong|Sitrus Berry|[eat]
|-heal|p2b: Bronzong|63/100|[from] item: Sitrus Berry
|move|p1b: Gholdengo|Make It Rain|p2a: Incineroar|[spread] p2a,p2b
|-resisted|p2a: Incineroar
|-resisted|p2b: Bronzong
|-damage|p2a: Incineroar|64/100
|-damage|p2b: Bronzong|24/100
|-unboost|p1b: Gholdengo|spa|1
|move|p2a: Incineroar|Flare Blitz|p1b: Gholdengo
|-supereffective|p1b: Gholdengo
|-damage|p1b: Gholdengo|0 fnt
|faint|p1b: Gholdengo
|-damage|p2a: Incineroar|36/100|[from] Recoil
|move|p2b: Bronzong|Trick Room|p2b: Bronzong
|-fieldstart|move: Trick Room|[of] p2b: Bronzong
|
|upkeep
|
|t:|1755534590
|switch|p1b: Hippowdon|Hippowdon, L50, M|100/100
|-weather|Sandstorm|[from] ability: Sand Stream|[of] p1b: Hippowdon
|turn|2
|
|t:|1755534611
|move|p2b: Bronzong|Expanding Force|p1b: Hippowdon
|-damage|p1b: Hippowdon|80/100
|move|p1b: Hippowdon|High Horsepower|p2a: Incineroar
|-supereffective|p2a: Incineroar
|-damage|p2a: Incineroar|0 fnt
|faint|p2a: Incineroar
|move|p1a: Volcarona|Fiery Dance|p2b: Bronzong
|-supereffective|p2b: Bronzong
|-damage|p2b: Bronzong|0 fnt
|-boost|p1a: Volcarona|spa|1
|faint|p2b: Bronzong
|
|-weather|Sandstorm|[upkeep]
|-damage|p1a: Volcarona|95/100|[from] Sandstorm
|upkeep
|
|t:|1755534614
|switch|p2b: Archaludon|Archaludon, L50, M|100/100
|switch|p2a: Ursaluna|Ursaluna, L50, M|100/100
|turn|3
|
|t:|1755534634
|move|p2a: Ursaluna|Protect|p2a: Ursaluna
|-singleturn|p2a: Ursaluna|Protect
|move|p2b: Archaludon|Protect|p2b: Archaludon
|-singleturn|p2b: Archaludon|Protect
|move|p1b: Hippowdon|Yawn|p2b: Archaludon
|-activate|p2b: Archaludon|move: Protect
|move|p1a: Volcarona|Struggle Bug|p2b: Archaludon|[spread] 
|-activate|p2a: Ursaluna|move: Protect
|-activate|p2b: Archaludon|move: Protect
|
|-weather|Sandstorm|[upkeep]
|-damage|p1a: Volcarona|89/100|[from] Sandstorm
|-status|p2a: Ursaluna|brn|[from] item: Flame Orb
|upkeep
|turn|4
|
|t:|1755534656
|move|p1a: Volcarona|Protect|p1a: Volcarona
|-singleturn|p1a: Volcarona|Protect
|move|p1b: Hippowdon|Yawn|p2b: Archaludon
|-start|p2b: Archaludon|move: Yawn|[of] p1b: Hippowdon
|move|p2a: Ursaluna|Facade|p1a: Volcarona
|-activate|p1a: Volcarona|move: Protect
|move|p2b: Archaludon|Electro Shot||[still]
|-prepare|p2b: Archaludon|Electro Shot
|-boost|p2b: Archaludon|spa|1
|-enditem|p2b: Archaludon|Power Herb
|-anim|p2b: Archaludon|Electro Shot|p1a: Volcarona
|-activate|p1a: Volcarona|move: Protect
|
|-weather|Sandstorm|[upkeep]
|-damage|p1a: Volcarona|83/100|[from] Sandstorm
|-damage|p2a: Ursaluna|94/100 brn|[from] brn
|upkeep
|turn|5
|inactive|top10bascmoments has 30 seconds left.
|
|t:|1755534681
|move|p1b: Hippowdon|High Horsepower|p2a: Ursaluna
|-damage|p2a: Ursaluna|63/100 brn
|move|p2a: Ursaluna|Facade|p1a: Volcarona
|-crit|p1a: Volcarona
|-damage|p1a: Volcarona|0 fnt
|faint|p1a: Volcarona
|move|p2b: Archaludon|Dragon Pulse|p1b: Hippowdon
|-damage|p1b: Hippowdon|18/100
|
|-weather|Sandstorm|[upkeep]
|-damage|p2a: Ursaluna|57/100 brn|[from] brn
|-end|p2b: Archaludon|move: Yawn|[silent]
|-status|p2b: Archaludon|slp
|-fieldend|move: Trick Room
|upkeep
|
|t:|1755534686
|switch|p1a: Basculegion|Basculegion, L50, M|100/100
|turn|6
|inactive|dametrix has 30 seconds left.
|
|t:|1755534711
|-terastallize|p2a: Ursaluna|Ghost
|move|p1a: Basculegion|Wave Crash|p2a: Ursaluna
|-damage|p2a: Ursaluna|0 fnt
|faint|p2a: Ursaluna
|-damage|p1a: Basculegion|81/100|[from] Recoil
|cant|p2b: Archaludon|slp
|move|p1b: Hippowdon|High Horsepower|p2b: Archaludon
|-supereffective|p2b: Archaludon
|-damage|p2b: Archaludon|41/100 slp
|
|-weather|none
|upkeep
|turn|7
|-message|dametrix forfeited.
|
|win|top10bascmoments
|raw|top10bascmoments's rating: 1263 → 1283(+20 for winning)
|raw|dametrix's rating: 1196 → 1176(-20 for losing)
