|j|☆edhen
|j|☆MessiahHezekiah
|html|edhenMessiahHezekiah    
|uhtml|bestof|Game 3 of a best-of-3
|t:|1757823121
|gametype|doubles
|player|p1|edhen|clair|1228
|player|p2|MessiahHezekiah|cynthia|1205
|gen|9
|tier|[Gen 9] VGC 2025 Reg H (Bo3)
|rated|
|rule|Species Clause: Limit one of each Pokémon
|rule|Item Clause: Limit 1 of each item
|clearpoke
|poke|p1|Politoed, L50, F|
|poke|p1|Archaludon, L50, M|
|poke|p1|Comfey, L50, M|
|poke|p1|Rillaboom, L50, F|
|poke|p1|Basculegion, L50, M|
|poke|p1|Talonflame, L50, F|
|poke|p2|Indeedee, L50, M|
|poke|p2|Sneasler, L50, F|
|poke|p2|Whimsicott, L50, F|
|poke|p2|Ursaluna-Bloodmoon, L50, M|
|poke|p2|Tatsugiri, L50, F|
|poke|p2|Dondozo, L50, M|
|teampreview|4
|showteam|p1|Politoed||Leftovers|Drizzle|Protect,MuddyWater,Haze,Hypnosis|||F|||50|,,,,,Grass]Archaludon||AssaultVest|Stamina|ElectroShot,BodyPress,FlashCannon,DracoMeteor|||M|||50|,,,,,Grass]Comfey||WikiBerry|Triage|Protect,FloralHealing,DrainingKiss,Taunt|||M|||50|,,,,,Steel]Rillaboom||LoadedDice|GrassySurge|BulletSeed,GrassyGlide,FakeOut,HighHorsepower|||F|||50|,,,,,Fire]Basculegion||ChoiceBand|SwiftSwim|LastRespects,WaveCrash,AquaJet,FlipTurn|||M|||50|,,,,,Water]Talonflame||CovertCloak|GaleWings|Tailwind,WillOWisp,DualWingbeat,FlareBlitz|||F|||50|,,,,,Ghost
|showteam|p2|Indeedee||FocusSash|PsychicSurge|TeraBlast,ExpandingForce,Imprison,TrickRoom|||M|||50|,,,,,Psychic]Sneasler||PsychicSeed|Unburden|DireClaw,CloseCombat,ThroatChop,Protect|||F|||50|,,,,,Dark]Whimsicott||CovertCloak|Prankster|Moonblast,Encore,Tailwind,LightScreen|||F|||50|,,,,,Ghost]Ursaluna-Bloodmoon||LifeOrb|MindsEye|BloodMoon,EarthPower,HyperVoice,Protect|||M|||50|,,,,,Normal]Tatsugiri||SafetyGoggles|Commander|DracoMeteor,MuddyWater,HelpingHand,Protect|||F|||50|,,,,,Normal]Dondozo||Leftovers|Unaware|OrderUp,WaveCrash,Earthquake,Protect|||M|||50|,,,,,Grass
|c|☆MessiahHezekiah|gl
|c|☆edhen|u2!
|
|t:|1757823193
|teamsize|p1|4
|teamsize|p2|4
|start
|switch|p1a: Rillaboom|Rillaboom, L50, F|100/100
|switch|p1b: Talonflame|Talonflame, L50, F|100/100
|switch|p2a: Whimsicott|Whimsicott, L50, F|100/100
|switch|p2b: Ursaluna|Ursaluna-Bloodmoon, L50, M|100/100
|-fieldstart|move: Grassy Terrain|[from] ability: Grassy Surge|[of] p1a: Rillaboom
|turn|1
|
|t:|1757823208
|move|p2b: Ursaluna|Protect|p2b: Ursaluna
|-singleturn|p2b: Ursaluna|Protect
|move|p1a: Rillaboom|Fake Out|p2b: Ursaluna
|-activate|p2b: Ursaluna|move: Protect
|move|p1b: Talonflame|Dual Wingbeat|p2a: Whimsicott
|-supereffective|p2a: Whimsicott
|-crit|p2a: Whimsicott
|-damage|p2a: Whimsicott|28/100
|-supereffective|p2a: Whimsicott
|-damage|p2a: Whimsicott|0 fnt
|faint|p2a: Whimsicott
|-hitcount|p2: Whimsicott|2
|
|upkeep
|
|t:|1757823218
|switch|p2a: Dondozo|Dondozo, L50, M|100/100
|turn|2
|
|t:|1757823233
|-terastallize|p2b: Ursaluna|Normal
|move|p2a: Dondozo|Protect|p2a: Dondozo
|-singleturn|p2a: Dondozo|Protect
|move|p1b: Talonflame|Will-O-Wisp|p2a: Dondozo
|-activate|p2a: Dondozo|move: Protect
|move|p1a: Rillaboom|Bullet Seed|p2b: Ursaluna
|-damage|p2b: Ursaluna|84/100
|-damage|p2b: Ursaluna|69/100
|-damage|p2b: Ursaluna|53/100
|-damage|p2b: Ursaluna|39/100
|-damage|p2b: Ursaluna|23/100
|-hitcount|p2b: Ursaluna|5
|move|p2b: Ursaluna|Hyper Voice|p1a: Rillaboom|[spread] p1a,p1b
|-damage|p1a: Rillaboom|8/100
|-damage|p1b: Talonflame|0 fnt
|faint|p1b: Talonflame
|-damage|p2b: Ursaluna|13/100|[from] item: Life Orb
|
|-heal|p1a: Rillaboom|14/100|[from] Grassy Terrain
|-heal|p2b: Ursaluna|19/100|[from] Grassy Terrain
|upkeep
|
|t:|1757823251
|switch|p1b: Politoed|Politoed, L50, F|100/100
|-weather|RainDance|[from] ability: Drizzle|[of] p1b: Politoed
|turn|3
|
|t:|1757823272
|move|p2a: Dondozo|Protect|p2a: Dondozo
|-singleturn|p2a: Dondozo|Protect
|move|p1a: Rillaboom|Bullet Seed|p2a: Dondozo
|-activate|p2a: Dondozo|move: Protect
|move|p1b: Politoed|Muddy Water|p2a: Dondozo|[spread] p2b
|-activate|p2a: Dondozo|move: Protect
|-damage|p2b: Ursaluna|0 fnt
|faint|p2b: Ursaluna
|
|-weather|RainDance|[upkeep]
|-heal|p1a: Rillaboom|20/100|[from] Grassy Terrain
|upkeep
|
|t:|1757823282
|switch|p2b: Tatsugiri|Tatsugiri, L50, F|100/100
|-activate|p2b: Tatsugiri|ability: Commander|[of] p2a: Dondozo
|-boost|p2a: Dondozo|atk|2
|-boost|p2a: Dondozo|spa|2
|-boost|p2a: Dondozo|spe|2
|-boost|p2a: Dondozo|def|2
|-boost|p2a: Dondozo|spd|2
|turn|4
|
|t:|1757823290
|switch|p1a: Archaludon|Archaludon, L50, M|100/100
|move|p2a: Dondozo|Order Up|p1a: Archaludon
|-damage|p1a: Archaludon|65/100
|-ability|p1a: Archaludon|Stamina|boost
|-boost|p1a: Archaludon|def|1
|-boost|p2a: Dondozo|atk|1
|move|p1b: Politoed|Haze|p1b: Politoed
|-clearallboost
|
|-weather|RainDance|[upkeep]
|-heal|p1a: Archaludon|72/100|[from] Grassy Terrain
|upkeep
|turn|5
|
|t:|1757823303
|move|p1a: Archaludon|Electro Shot||[still]
|-prepare|p1a: Archaludon|Electro Shot
|-boost|p1a: Archaludon|spa|1
|-anim|p1a: Archaludon|Electro Shot|p2a: Dondozo
|-supereffective|p2a: Dondozo
|-damage|p2a: Dondozo|4/100
|move|p1b: Politoed|Hypnosis|p2a: Dondozo
|-status|p2a: Dondozo|slp|[from] move: Hypnosis
|cant|p2a: Dondozo|slp
|
|-weather|RainDance|[upkeep]
|-heal|p1a: Archaludon|78/100|[from] Grassy Terrain
|-heal|p2a: Dondozo|10/100 slp|[from] Grassy Terrain
|-heal|p2a: Dondozo|16/100 slp|[from] item: Leftovers
|-fieldend|move: Grassy Terrain
|upkeep
|turn|6
|-message|MessiahHezekiah forfeited.
|
|win|edhen
|raw|edhen's rating: 1228 → 1251(+23 for winning)
|raw|MessiahHezekiah's rating: 1205 → 1182(-23 for losing)
|l|☆MessiahHezekiah
|player|p2|
