|j|☆coalossal_idiot
|j|☆Alecat
|html|coalossal_idiotAlecat    
|uhtml|bestof|Game 1 of a best-of-3
|t:|1757689810
|gametype|doubles
|player|p1|coalossal_idiot|birdkeeper|1257
|player|p2|Alecat|scientistf|1157
|gen|9
|tier|[Gen 9] VGC 2025 Reg H (Bo3)
|rated|
|rule|Species Clause: Limit one of each Pokémon
|rule|Item Clause: Limit 1 of each item
|clearpoke
|poke|p1|Samurott-Hisui, L50, M|
|poke|p1|Sneasler, L50, F|
|poke|p1|Corviknight, L50, M|
|poke|p1|Volcarona, L50, M|
|poke|p1|Electabuzz, L50, F|
|poke|p1|Whimsicott, L50, F|
|poke|p2|Sneasler, L50, M|
|poke|p2|Magmar, L50, M|
|poke|p2|Rillaboom, L50, M|
|poke|p2|Espathra, L50, F|
|poke|p2|Kingambit, L50, M|
|poke|p2|Arcanine-Hisui, L50, F|
|teampreview|4
|showteam|p1|Samurott-Hisui||ClearAmulet|Sharpness|RazorShell,KnockOff,SacredSword,Protect|||M|||50|,,,,,Fighting]Sneasler||WhiteHerb|Unburden|DireClaw,CloseCombat,Coaching,Protect|||F|||50|,,,,,Ghost]Corviknight||Leftovers|MirrorArmor|BraveBird,BodyPress,BulkUp,Roost|||M|||50|,,,,,Dragon]Volcarona||CovertCloak|FlameBody|HeatWave,GigaDrain,QuiverDance,Protect|||M|||50|,,,,,Grass]Electabuzz||Eviolite|VitalSpirit|Thunderbolt,FollowMe,Taunt,Protect|||F|||50|,,,,,Ghost]Whimsicott||FocusSash|Prankster|Moonblast,MistyTerrain,Tailwind,Encore|||F|||50|,,,,,Ghost
|showteam|p2|Sneasler||FocusSash|Unburden|FakeOut,CloseCombat,DireClaw,Coaching|||M|||50|,,,,,Ghost]Magmar||Eviolite|VitalSpirit|FollowMe,HeatWave,Taunt,Protect|||M|||50|,,,,,Dragon]Rillaboom||AssaultVest|GrassySurge|FakeOut,WoodHammer,GrassyGlide,HighHorsepower|||M|||50|,,,,,Fire]Espathra||GrassySeed|SpeedBoost|StoredPower,TeraBlast,CalmMind,Protect|||F|||50|,,,,,Fighting]Kingambit||SafetyGoggles|Defiant|KowtowCleave,SuckerPunch,SwordsDance,Protect|||M|||50|,,,,,Dark]Arcanine-Hisui||LoadedDice|Intimidate|FlareBlitz,RockBlast,ExtremeSpeed,Protect|||F|||50|,,,,,Ghost
|inactive|Battle timer is ON: inactive players will automatically lose when time's up. (requested by Alecat)
|inactive|coalossal_idiot has 60 seconds left.
|inactive|Alecat has 60 seconds left.
|
|t:|1757689857
|teamsize|p1|4
|teamsize|p2|4
|start
|switch|p1a: Sneasler|Sneasler, L50, F|100/100
|switch|p1b: Corviknight|Corviknight, L50, M|100/100
|switch|p2a: Rillaboom|Rillaboom, L50, M|100/100
|switch|p2b: Sneasler|Sneasler, L50, M|100/100
|-fieldstart|move: Grassy Terrain|[from] ability: Grassy Surge|[of] p2a: Rillaboom
|turn|1
|
|t:|1757689881
|move|p2b: Sneasler|Close Combat|p1b: Corviknight
|-damage|p1b: Corviknight|49/100
|-unboost|p2b: Sneasler|def|1
|-unboost|p2b: Sneasler|spd|1
|move|p1a: Sneasler|Coaching|p1b: Corviknight
|-boost|p1b: Corviknight|atk|1
|-boost|p1b: Corviknight|def|1
|move|p2a: Rillaboom|Wood Hammer|p1a: Sneasler
|-resisted|p1a: Sneasler
|-damage|p1a: Sneasler|31/100
|-damage|p2a: Rillaboom|83/100|[from] Recoil
|move|p1b: Corviknight|Bulk Up|p1b: Corviknight
|-boost|p1b: Corviknight|atk|1
|-boost|p1b: Corviknight|def|1
|
|-heal|p1a: Sneasler|37/100|[from] Grassy Terrain
|-heal|p2a: Rillaboom|89/100|[from] Grassy Terrain
|-heal|p1b: Corviknight|55/100|[from] item: Leftovers
|upkeep
|turn|2
|inactive|Alecat has 30 seconds left.
|inactive|Alecat has 20 seconds left.
|inactive|Alecat has 15 seconds left.
|inactive|Alecat has 10 seconds left.
|
|t:|1757689929
|move|p1a: Sneasler|Dire Claw|p2b: Sneasler
|-resisted|p2b: Sneasler
|-damage|p2b: Sneasler|50/100
|move|p2b: Sneasler|Close Combat|p1b: Corviknight
|-damage|p1b: Corviknight|29/100
|-unboost|p2b: Sneasler|def|1
|-unboost|p2b: Sneasler|spd|1
|move|p2a: Rillaboom|Wood Hammer|p1a: Sneasler
|-resisted|p1a: Sneasler
|-damage|p1a: Sneasler|0 fnt
|faint|p1a: Sneasler
|-damage|p2a: Rillaboom|80/100|[from] Recoil
|move|p1b: Corviknight|Roost|p1b: Corviknight
|-heal|p1b: Corviknight|79/100
|-singleturn|p1b: Corviknight|move: Roost
|
|-heal|p2b: Sneasler|56/100|[from] Grassy Terrain
|-heal|p2a: Rillaboom|86/100|[from] Grassy Terrain
|-heal|p1b: Corviknight|85/100|[from] Grassy Terrain
|-heal|p1b: Corviknight|91/100|[from] item: Leftovers
|upkeep
|
|t:|1757689940
|switch|p1a: Electabuzz|Electabuzz, L50, F|100/100
|turn|3
|
|t:|1757689949
|move|p1a: Electabuzz|Protect|p1a: Electabuzz
|-singleturn|p1a: Electabuzz|Protect
|move|p2b: Sneasler|Close Combat|p1a: Electabuzz
|-activate|p1a: Electabuzz|move: Protect
|move|p2a: Rillaboom|Wood Hammer|p1a: Electabuzz
|-activate|p1a: Electabuzz|move: Protect
|move|p1b: Corviknight|Brave Bird|p2a: Rillaboom
|-supereffective|p2a: Rillaboom
|-damage|p2a: Rillaboom|0 fnt
|faint|p2a: Rillaboom
|-damage|p1b: Corviknight|63/100|[from] Recoil
|
|-heal|p2b: Sneasler|61/100|[from] Grassy Terrain
|-heal|p1b: Corviknight|69/100|[from] item: Leftovers
|upkeep
|
|t:|1757689955
|switch|p2a: Espathra|Espathra, L50, F, shiny|100/100
|-enditem|p2a: Espathra|Grassy Seed
|-boost|p2a: Espathra|def|1|[from] item: Grassy Seed
|turn|4
|
|t:|1757689968
|switch|p2b: Magmar|Magmar, L50, M|100/100
|move|p2a: Espathra|Protect|p2a: Espathra
|-singleturn|p2a: Espathra|Protect
|move|p1a: Electabuzz|Thunderbolt|p2b: Magmar
|-damage|p2b: Magmar|78/100
|move|p1b: Corviknight|Brave Bird|p2a: Espathra
|-activate|p2a: Espathra|move: Protect
|
|-heal|p2b: Magmar|84/100|[from] Grassy Terrain
|-heal|p1b: Corviknight|75/100|[from] item: Leftovers
|-ability|p2a: Espathra|Speed Boost|boost
|-boost|p2a: Espathra|spe|1
|upkeep
|turn|5
|inactive|coalossal_idiot has 30 seconds left.
|
|t:|1757689995
|move|p2a: Espathra|Calm Mind|p2a: Espathra
|-boost|p2a: Espathra|spa|1
|-boost|p2a: Espathra|spd|1
|move|p2b: Magmar|Heat Wave|p1a: Electabuzz|[spread] p1a,p1b
|-crit|p1a: Electabuzz
|-supereffective|p1b: Corviknight
|-damage|p1a: Electabuzz|73/100
|-damage|p1b: Corviknight|25/100
|move|p1a: Electabuzz|Taunt|p2b: Magmar
|-start|p2b: Magmar|move: Taunt
|move|p1b: Corviknight|Brave Bird|p2a: Espathra
|-damage|p2a: Espathra|27/100
|-damage|p1b: Corviknight|0 fnt|[from] Recoil
|faint|p1b: Corviknight
|
|-heal|p2a: Espathra|33/100|[from] Grassy Terrain
|-heal|p2b: Magmar|89/100|[from] Grassy Terrain
|-heal|p1a: Electabuzz|78/100|[from] Grassy Terrain
|-fieldend|move: Grassy Terrain
|-ability|p2a: Espathra|Speed Boost|boost
|-boost|p2a: Espathra|spe|1
|upkeep
|
|t:|1757690003
|switch|p1b: Samurott|Samurott-Hisui, L50, M|100/100
|turn|6
|
|t:|1757690025
|switch|p2b: Sneasler|Sneasler, L50, M|61/100
|move|p2a: Espathra|Protect|p2a: Espathra
|-singleturn|p2a: Espathra|Protect
|move|p1a: Electabuzz|Follow Me|p1a: Electabuzz
|-singleturn|p1a: Electabuzz|move: Follow Me
|move|p1b: Samurott|Razor Shell|p2b: Sneasler
|-damage|p2b: Sneasler|0 fnt
|faint|p2b: Sneasler
|
|-ability|p2a: Espathra|Speed Boost|boost
|-boost|p2a: Espathra|spe|1
|upkeep
|
|t:|1757690036
|switch|p2b: Magmar|Magmar, L50, M|89/100
|turn|7
|
|t:|1757690053
|-terastallize|p2b: Magmar|Dragon
|move|p1a: Electabuzz|Protect|p1a: Electabuzz
|-singleturn|p1a: Electabuzz|Protect
|move|p2b: Magmar|Follow Me|p2b: Magmar
|-singleturn|p2b: Magmar|move: Follow Me
|move|p2a: Espathra|Stored Power|p1a: Electabuzz
|-activate|p1a: Electabuzz|move: Protect
|move|p1b: Samurott|Razor Shell|p2b: Magmar
|-resisted|p2b: Magmar
|-damage|p2b: Magmar|59/100
|
|-ability|p2a: Espathra|Speed Boost|boost
|-boost|p2a: Espathra|spe|1
|upkeep
|turn|8
|
|t:|1757690073
|move|p2b: Magmar|Follow Me|p2b: Magmar
|-singleturn|p2b: Magmar|move: Follow Me
|move|p2a: Espathra|Stored Power|p1a: Electabuzz
|-damage|p1a: Electabuzz|3/100
|move|p1b: Samurott|Knock Off|p2b: Magmar
|-damage|p2b: Magmar|2/100
|-enditem|p2b: Magmar|Eviolite|[from] move: Knock Off|[of] p1b: Samurott
|move|p1a: Electabuzz|Taunt|p2b: Magmar
|-start|p2b: Magmar|move: Taunt
|
|-ability|p2a: Espathra|Speed Boost|boost
|-boost|p2a: Espathra|spe|1
|upkeep
|turn|9
|inactive|coalossal_idiot has 30 seconds left.
|
|t:|1757690103
|move|p2a: Espathra|Protect|p2a: Espathra
|-singleturn|p2a: Espathra|Protect
|move|p1a: Electabuzz|Protect|p1a: Electabuzz
|-singleturn|p1a: Electabuzz|Protect
|move|p2b: Magmar|Heat Wave|p1a: Electabuzz|[spread] p1b
|-activate|p1a: Electabuzz|move: Protect
|-resisted|p1b: Samurott
|-damage|p1b: Samurott|82/100
|move|p1b: Samurott|Knock Off|p2b: Magmar
|-damage|p2b: Magmar|0 fnt
|faint|p2b: Magmar
|
|-ability|p2a: Espathra|Speed Boost|boost
|-boost|p2a: Espathra|spe|1
|upkeep
|turn|10
|
|t:|1757690120
|move|p1a: Electabuzz|Follow Me|p1a: Electabuzz
|-singleturn|p1a: Electabuzz|move: Follow Me
|move|p2a: Espathra|Tera Blast|p1a: Electabuzz
|-damage|p1a: Electabuzz|0 fnt
|faint|p1a: Electabuzz
|move|p1b: Samurott|Knock Off|p2a: Espathra
|-supereffective|p2a: Espathra
|-damage|p2a: Espathra|0 fnt
|faint|p2a: Espathra
|
|win|coalossal_idiot
||coalossal_idiot is ready for game 2.
||Alecat is ready for game 2.
|uhtml|next|Next: Game 2 of 3
|l|☆coalossal_idiot
|player|p1|
