|j|☆Fcjavic09
|j|☆abgesaftet
|html|Fcjavic09abgesaftet    
|uhtml|bestof|Game 3 of a best-of-3
|t:|1783688089
|gametype|doubles
|player|p1|Fcjavic09|266|1323
|player|p2|abgesaftet|ballguy|1428
|gen|9
|tier|[Gen 9 Champions] VGC 2026 Reg M-B (Bo3)
|rated|
|rule|Species Clause: Limit one of each Pokémon
|rule|Item Clause: Limit 1 of each item
|clearpoke
|poke|p1|Floette-Eternal, L50, F|
|poke|p1|Charizard, L50, M|
|poke|p1|Basculegion, L50, M|
|poke|p1|Garchomp, L50, M|
|poke|p1|Whimsicott, L50, M|
|poke|p1|Kingambit, L50, M|
|poke|p2|Sinistcha-Masterpiece, L50|
|poke|p2|Kingambit, L50, F|
|poke|p2|Sneasler, L50, M|
|poke|p2|Floette-Eternal, L50, F|
|poke|p2|Blastoise, L50, F|
|poke|p2|Incineroar, L50, F|
|teampreview|4
|showteam|p1|Floette-Eternal||Floettite|FlowerVeil|DazzlingGleam,Protect,Moonblast,LightofRuin|Modest||F|||50|]Charizard||CharizarditeY|SolarPower|Protect,SolarBeam,WeatherBall,HeatWave|Modest||M|||50|]Basculegion||ChoiceScarf|Adaptability|Protect,WaveCrash,LastRespects,AquaJet|Jolly||M|||50|]Garchomp||LifeOrb|RoughSkin|Protect,Earthquake,DragonClaw,RockSlide|Jolly||M|||50|]Whimsicott||FocusSash|Prankster|Moonblast,Encore,Protect,Tailwind|Timid||M|||50|]Kingambit||BlackGlasses|Defiant|Protect,KowtowCleave,IronHead,SuckerPunch|Adamant||M|||50|
|showteam|p2|Sinistcha-Masterpiece||KasibBerry|Hospitality|MatchaGotcha,RagePowder,TrickRoom,Protect|Bold|||||50|]Kingambit||BlackGlasses|Defiant|KowtowCleave,SuckerPunch,SwordsDance,Protect|Adamant||F|||50|]Sneasler||FocusSash|PoisonTouch|FakeOut,CloseCombat,DireClaw,QuickGuard|Jolly||M|||50|]Floette-Eternal||Floettite|FlowerVeil|Moonblast,DazzlingGleam,CalmMind,Protect|Modest||F|||50|]Blastoise||Blastoisinite|Torrent|WaterSpout,DarkPulse,ShellSmash,Protect|Modest||F|||50|]Incineroar||SitrusBerry|Intimidate|PartingShot,FlareBlitz,ThroatChop,FakeOut|Careful||F|||50|
|inactive|Battle timer is ON: inactive players will automatically lose when time's up. (requested by Fcjavic09)
|inactive|Fcjavic09 has 60 seconds left.
|
|t:|1783688129
|teamsize|p1|4
|teamsize|p2|4
|start
|switch|p1a: Whimsicott|Whimsicott, L50, M|100/100
|switch|p1b: Charizard|Charizard, L50, M|100/100
|switch|p2a: Blastoise|Blastoise, L50, F|100/100
|switch|p2b: Sneasler|Sneasler, L50, M|100/100
|turn|1
|
|t:|1783688149
|detailschange|p2a: Blastoise|Blastoise-Mega, L50, F
|-mega|p2a: Blastoise|Blastoise|Blastoisinite
|move|p1b: Charizard|Protect|p1b: Charizard
|-singleturn|p1b: Charizard|Protect
|move|p2b: Sneasler|Fake Out|p1b: Charizard
|-activate|p1b: Charizard|move: Protect
|move|p1a: Whimsicott|Tailwind|p1a: Whimsicott
|-sidestart|p1: Fcjavic09|move: Tailwind
|move|p2a: Blastoise|Water Spout|p1a: Whimsicott|[spread] p1a
|-activate|p1b: Charizard|move: Protect
|-resisted|p1a: Whimsicott|1
|-damage|p1a: Whimsicott|47/100
|
|upkeep
|turn|2
|
|t:|1783688166
|switch|p2a: Incineroar|Incineroar, L50, F|100/100
|-ability|p2a: Incineroar|Intimidate|boost
|-unboost|p1a: Whimsicott|atk|1
|-unboost|p1b: Charizard|atk|1
|detailschange|p1b: Charizard|Charizard-Mega-Y, L50, M
|-mega|p1b: Charizard|Charizard|Charizardite Y
|-weather|SunnyDay|[from] ability: Drought|[of] p1b: Charizard
|move|p1a: Whimsicott|Moonblast|p2b: Sneasler
|-damage|p2b: Sneasler|50/100g
|move|p1b: Charizard|Heat Wave|p2a: Incineroar|[spread] p2a,p2b
|-resisted|p2a: Incineroar|1
|-damage|p2a: Incineroar|75/100
|-damage|p2b: Sneasler|0 fnt
|faint|p2b: Sneasler
|
|-weather|SunnyDay|[upkeep]
|upkeep
|
|t:|1783688182
|switch|p2b: Kingambit|Kingambit, L50, F|100/100
|turn|3
|
|t:|1783688193
|move|p2a: Incineroar|Fake Out|p1b: Charizard
|-damage|p1b: Charizard|88/100
|move|p1a: Whimsicott|Moonblast|p2b: Kingambit
|-damage|p2b: Kingambit|68/100
|cant|p1b: Charizard|flinch
|move|p2b: Kingambit|Swords Dance|p2b: Kingambit
|-boost|p2b: Kingambit|atk|2
|
|-weather|SunnyDay|[upkeep]
|upkeep
|turn|4
|
|t:|1783688215
|switch|p1b: Kingambit|Kingambit, L50, M|100/100
|move|p2b: Kingambit|Sucker Punch||[still]
|-fail|p2b: Kingambit
|move|p1a: Whimsicott|Moonblast|p2a: Incineroar
|-damage|p2a: Incineroar|47/100
|-enditem|p2a: Incineroar|Sitrus Berry|[eat]
|-heal|p2a: Incineroar|72/100|[from] item: Sitrus Berry
|move|p2a: Incineroar|Flare Blitz|p1a: Whimsicott
|-supereffective|p1a: Whimsicott|1
|-damage|p1a: Whimsicott|0 fnt
|faint|p1a: Whimsicott
|-damage|p2a: Incineroar|62/100|[from] Recoil
|
|-weather|SunnyDay|[upkeep]
|-sideend|p1: Fcjavic09|move: Tailwind
|upkeep
|
|t:|1783688228
|switch|p1a: Charizard|Charizard-Mega-Y, L50, M|88/100
|turn|5
|
|t:|1783688232
|move|p1b: Kingambit|Protect|p1b: Kingambit
|-singleturn|p1b: Kingambit|Protect
|move|p2b: Kingambit|Sucker Punch|p1a: Charizard
|-damage|p1a: Charizard|0 fnt
|faint|p1a: Charizard
|move|p2a: Incineroar|Flare Blitz|p1b: Kingambit
|-activate|p1b: Kingambit|move: Protect
|
|-weather|SunnyDay|[upkeep]
|upkeep
|-message|Fcjavic09 forfeited.
|
|win|abgesaftet
