|j|☆jANMxRin
|j|☆SomeKidJon
|html|jANMxRinSomeKidJon    
|uhtml|bestof|Game 2 of a best-of-3
|t:|1783031080
|gametype|doubles
|player|p1|jANMxRin|2|1163
|player|p2|SomeKidJon|scientistf|1227
|gen|9
|tier|[Gen 9 Champions] VGC 2026 Reg M-B (Bo3)
|rated|
|rule|Species Clause: Limit one of each Pokémon
|rule|Item Clause: Limit 1 of each item
|clearpoke
|poke|p1|Delphox, L50, M|
|poke|p1|Floette-Eternal, L50, F|
|poke|p1|Sinistcha, L50|
|poke|p1|Kingambit, L50, M|
|poke|p1|Sneasler, L50, F|
|poke|p1|Incineroar, L50, F|
|poke|p2|Camerupt, L50, F|
|poke|p2|Farigiraf, L50, F|
|poke|p2|Primarina, L50, F|
|poke|p2|Scrafty, L50, F|
|poke|p2|Hatterene, L50, F|
|poke|p2|Grimmsnarl, L50, M|
|teampreview|4
|showteam|p1|Delphox||Delphoxite|Blaze|HeatWave,Psyshock,NastyPlot,Protect|Timid||M|||50|]Floette-Eternal||Floettite|FlowerVeil|Moonblast,DazzlingGleam,CalmMind,Protect|Modest||F|||50|]Sinistcha||KasibBerry|Hospitality|MatchaGotcha,RagePowder,TrickRoom,Protect|Bold|||||50|]Kingambit||BlackGlasses|Defiant|KowtowCleave,SuckerPunch,SwordsDance,Protect|Adamant||M|||50|]Sneasler||FocusSash|PoisonTouch|FakeOut,CloseCombat,DireClaw,QuickGuard|Jolly||F|||50|]Incineroar||SitrusBerry|Intimidate|PartingShot,FlareBlitz,ThroatChop,FakeOut|Impish||F|||50|
|showteam|p2|Camerupt||Cameruptite|SolidRock|AncientPower,HeatWave,EarthPower,Protect|Quiet||F|||50|]Farigiraf||SitrusBerry|ArmorTail|Protect,HelpingHand,TrickRoom,DazzlingGleam|Bold||F|||50|]Primarina||Leftovers|LiquidVoice|HyperVoice,Protect,Moonblast,CalmMind|Modest||F|||50|]Scrafty||Scraftinite|Intimidate|FakeOut,CloseCombat,IronHead,ThroatChop|Brave||F|||50|]Hatterene||LifeOrb|MagicBounce|Psychic,Protect,DazzlingGleam,TrickRoom|Quiet||F|||50|]Grimmsnarl||LightClay|Prankster|FoulPlay,PartingShot,Reflect,LightScreen|Careful||M|||50|
|
|t:|1783031111
|teamsize|p1|4
|teamsize|p2|4
|start
|switch|p1a: Delphox|Delphox, L50, M|100/100
|switch|p1b: Sneasler|Sneasler, L50, F|100/100
|switch|p2a: Scrafty|Scrafty, L50, F|100/100
|switch|p2b: Hatterene|Hatterene, L50, F|100/100
|-ability|p2a: Scrafty|Intimidate|boost
|-unboost|p1a: Delphox|atk|1
|-unboost|p1b: Sneasler|atk|1
|turn|1
|
|t:|1783031136
|detailschange|p1a: Delphox|Delphox-Mega, L50, M
|-mega|p1a: Delphox|Delphox|Delphoxite
|move|p1b: Sneasler|Fake Out|p2b: Hatterene
|-damage|p2b: Hatterene|88/100
|-status|p2b: Hatterene|psn|[from] ability: Poison Touch|[of] p1b: Sneasler
|move|p1a: Delphox|Heat Wave|p2b: Hatterene|[spread] p2a,p2b
|-damage|p2a: Scrafty|61/100
|-damage|p2b: Hatterene|40/100 psn
|move|p2a: Scrafty|Throat Chop|p1a: Delphox
|-supereffective|p1a: Delphox|1
|-damage|p1a: Delphox|0 fnt
|faint|p1a: Delphox
|cant|p2b: Hatterene|flinch
|
|-damage|p2b: Hatterene|28/100 psn|[from] psn
|upkeep
|
|t:|1783031149
|switch|p1a: Incineroar|Incineroar, L50, F|100/100
|-ability|p1a: Incineroar|Intimidate|boost
|-unboost|p2a: Scrafty|atk|1
|-unboost|p2b: Hatterene|atk|1
|turn|2
|
|t:|1783031164
|switch|p2a: Farigiraf|Farigiraf, L50, F|100/100
|move|p2b: Hatterene|Protect|p2b: Hatterene
|-singleturn|p2b: Hatterene|Protect
|move|p1b: Sneasler|Close Combat|p2a: Farigiraf
|-damage|p2a: Farigiraf|63/100
|-unboost|p1b: Sneasler|def|1
|-unboost|p1b: Sneasler|spd|1
|move|p1a: Incineroar|Flare Blitz|p2b: Hatterene
|-activate|p2b: Hatterene|move: Protect
|
|-damage|p2b: Hatterene|15/100 psn|[from] psn
|upkeep
|turn|3
|
|t:|1783031178
|move|p1b: Sneasler|Dire Claw|p2b: Hatterene
|-supereffective|p2b: Hatterene|1
|-damage|p2b: Hatterene|0 fnt
|-fail|p2b: Hatterene|psn
|faint|p2b: Hatterene
|move|p1a: Incineroar|Throat Chop|p2a: Farigiraf
|-supereffective|p2a: Farigiraf|1
|-damage|p2a: Farigiraf|5/100
|-start|p2a: Farigiraf|Throat Chop|[silent]
|-enditem|p2a: Farigiraf|Sitrus Berry|[eat]
|-heal|p2a: Farigiraf|30/100|[from] item: Sitrus Berry
|move|p2a: Farigiraf|Trick Room|p2a: Farigiraf
|-fieldstart|move: Trick Room|[of] p2a: Farigiraf
|
|upkeep
|
|t:|1783031180
|switch|p2b: Camerupt|Camerupt, L50, F|100/100
|turn|4
|
|t:|1783031200
|detailschange|p2b: Camerupt|Camerupt-Mega, L50, F
|-mega|p2b: Camerupt|Camerupt|Cameruptite
|move|p2b: Camerupt|Earth Power|p1a: Incineroar
|-supereffective|p1a: Incineroar|1
|-damage|p1a: Incineroar|0 fnt
|faint|p1a: Incineroar
|move|p2a: Farigiraf|Dazzling Gleam|p1b: Sneasler
|-damage|p1b: Sneasler|56/100
|move|p1b: Sneasler|Close Combat|p2b: Camerupt
|-damage|p2b: Camerupt|58/100
|-unboost|p1b: Sneasler|def|1
|-unboost|p1b: Sneasler|spd|1
|
|-end|p2a: Farigiraf|Throat Chop|[silent]
|upkeep
|
|t:|1783031207
|switch|p1a: Sinistcha|Sinistcha, L50|100/100
|-heal|p1b: Sneasler|81/100|[from] ability: Hospitality|[of] p1a: Sinistcha
|turn|5
|
|t:|1783031232
|move|p2b: Camerupt|Earth Power|p1b: Sneasler
|-supereffective|p1b: Sneasler|1
|-damage|p1b: Sneasler|0 fnt
|faint|p1b: Sneasler
|move|p2a: Farigiraf|Dazzling Gleam|p1a: Sinistcha
|-damage|p1a: Sinistcha|80/100
|move|p1a: Sinistcha|Matcha Gotcha|p2a: Farigiraf|[spread] p2a,p2b
|-damage|p2a: Farigiraf|11/100
|-heal|p1a: Sinistcha|92/100|[from] drain|[of] p2a: Farigiraf
|-damage|p2b: Camerupt|36/100
|-heal|p1a: Sinistcha|100/100|[from] drain|[of] p2b: Camerupt
|-status|p2a: Farigiraf|brn
|
|-damage|p2a: Farigiraf|5/100 brn|[from] brn
|upkeep
|turn|6
|
|t:|1783031238
|switch|p2a: Scrafty|Scrafty, L50, F|61/100
|-ability|p2a: Scrafty|Intimidate|boost
|-unboost|p1a: Sinistcha|atk|1
|move|p1a: Sinistcha|Protect|p1a: Sinistcha
|-singleturn|p1a: Sinistcha|Protect
|move|p2b: Camerupt|Heat Wave|p1a: Sinistcha
|-activate|p1a: Sinistcha|move: Protect
|
|upkeep
|turn|7
|
|t:|1783031247
|move|p2b: Camerupt|Heat Wave|p1a: Sinistcha|[miss]
|-miss|p2b: Camerupt|p1a: Sinistcha
|move|p2a: Scrafty|Throat Chop|p1a: Sinistcha
|-supereffective|p1a: Sinistcha|1
|-damage|p1a: Sinistcha|46/100
|-start|p1a: Sinistcha|Throat Chop|[silent]
|move|p1a: Sinistcha|Matcha Gotcha|p2a: Scrafty|[spread] p2a,p2b
|-damage|p2a: Scrafty|37/100
|-heal|p1a: Sinistcha|57/100|[from] drain|[of] p2a: Scrafty
|-damage|p2b: Camerupt|14/100
|-heal|p1a: Sinistcha|69/100|[from] drain|[of] p2b: Camerupt
|
|-fieldend|move: Trick Room
|upkeep
|turn|8
|
|t:|1783031255
|move|p2b: Camerupt|Protect|p2b: Camerupt
|-singleturn|p2b: Camerupt|Protect
|move|p1a: Sinistcha|Matcha Gotcha|p2b: Camerupt|[spread] p2a
|-activate|p2b: Camerupt|move: Protect
|-damage|p2a: Scrafty|13/100
|-heal|p1a: Sinistcha|80/100|[from] drain|[of] p2a: Scrafty
|move|p2a: Scrafty|Throat Chop|p1a: Sinistcha
|-supereffective|p1a: Sinistcha|1
|-damage|p1a: Sinistcha|23/100
|
|-end|p1a: Sinistcha|Throat Chop|[silent]
|upkeep
|turn|9
|
|t:|1783031267
|move|p1a: Sinistcha|Matcha Gotcha|p2b: Camerupt|[spread] p2a,p2b
|-damage|p2a: Scrafty|0 fnt
|-heal|p1a: Sinistcha|29/100|[from] drain|[of] p2a: Scrafty
|-damage|p2b: Camerupt|0 fnt
|-heal|p1a: Sinistcha|37/100|[from] drain|[of] p2b: Camerupt
|faint|p2a: Scrafty
|faint|p2b: Camerupt
|
|upkeep
|
|t:|1783031268
|switch|p2b: Farigiraf|Farigiraf, L50, F|5/100 brn
|turn|10
|
|t:|1783031275
|move|p1a: Sinistcha|Protect|p1a: Sinistcha
|-singleturn|p1a: Sinistcha|Protect
|move|p2b: Farigiraf|Protect||[still]
|-fail|p2b: Farigiraf
|
|-damage|p2b: Farigiraf|0 fnt|[from] brn
|faint|p2b: Farigiraf
|
|win|jANMxRin
