|j|☆Schmixed_007
|j|☆LanternComic
|html|Schmixed_007LanternComic    
|uhtml|bestof|Game 3 of a best-of-3
|t:|1783208905
|gametype|doubles
|player|p1|Schmixed_007|1|1280
|player|p2|LanternComic|silver-masters|1244
|gen|9
|tier|[Gen 9 Champions] VGC 2026 Reg M-B (Bo3)
|rated|
|rule|Species Clause: Limit one of each Pokémon
|rule|Item Clause: Limit 1 of each item
|clearpoke
|poke|p1|Staraptor, L50, M|
|poke|p1|Delphox, L50, M|
|poke|p1|Sinistcha-Masterpiece, L50|
|poke|p1|Whimsicott, L50, M|
|poke|p1|Incineroar, L50, M|
|poke|p1|Garchomp, L50, M|
|poke|p2|Mawile, L50, F|
|poke|p2|Farigiraf, L50, M|
|poke|p2|Sneasler, L50, M|
|poke|p2|Swampert, L50, F|
|poke|p2|Pelipper, L50, F|
|poke|p2|Hydreigon, L50, F|
|teampreview|4
|showteam|p1|Staraptor||Staraptite|Intimidate|CloseCombat,BraveBird,Roost,Protect|Adamant||M|||50|]Delphox||Delphoxite|Blaze|HeatWave,Psyshock,NastyPlot,Protect|Timid||M|||50|]Sinistcha-Masterpiece||KasibBerry|Hospitality|RagePowder,MatchaGotcha,TrickRoom,Protect|Bold|||||50|]Whimsicott||FocusSash|Prankster|Tailwind,Charm,Encore,Moonblast|Modest||M|||50|]Incineroar||PasshoBerry|Intimidate|FakeOut,CloseCombat,DarkestLariat,PartingShot|Adamant||M|||50|]Garchomp||LifeOrb|RoughSkin|Earthquake,DragonClaw,RockSlide,Protect|Jolly||M|||50|
|showteam|p2|Mawile||Mawilite|Intimidate|PlayRough,IronHead,SuckerPunch,Protect|Adamant||F|||50|]Farigiraf||ColburBerry|ArmorTail|Psychic,Thunderbolt,TrickRoom,Protect|Relaxed||M|||50|]Sneasler||WhiteHerb|Unburden|CloseCombat,DireClaw,FakeOut,Coaching|Jolly||M|||50|]Swampert||Swampertite|Torrent|WaveCrash,Earthquake,HighHorsepower,Protect|Adamant||F|||50|]Pelipper||FocusSash|Drizzle|Hurricane,WeatherBall,Tailwind,WideGuard|Modest||F|||50|]Hydreigon||ChoiceScarf|Levitate|DracoMeteor,DarkPulse,Snarl,EarthPower|Modest||F|||50|
|
|t:|1783208919
|teamsize|p1|4
|teamsize|p2|4
|start
|switch|p1a: Sinistcha|Sinistcha-Masterpiece, L50|100/100
|switch|p1b: Staraptor|Staraptor, L50, M|100/100
|switch|p2a: Mawile|Mawile, L50, F|100/100
|switch|p2b: Sneasler|Sneasler, L50, M|100/100
|-ability|p1b: Staraptor|Intimidate|boost
|-unboost|p2a: Mawile|atk|1
|-unboost|p2b: Sneasler|atk|1
|-ability|p2a: Mawile|Intimidate|boost
|-unboost|p1a: Sinistcha|atk|1
|-unboost|p1b: Staraptor|atk|1
|-enditem|p2b: Sneasler|White Herb
|-clearnegativeboost|p2b: Sneasler|[silent]
|turn|1
|j| FlintAndSteelType
|
|t:|1783208940
|detailschange|p1b: Staraptor|Staraptor-Mega, L50, M
|-mega|p1b: Staraptor|Staraptor|Staraptite
|detailschange|p2a: Mawile|Mawile-Mega, L50, F
|-mega|p2a: Mawile|Mawile|Mawilite
|move|p2b: Sneasler|Fake Out|p1b: Staraptor
|-damage|p1b: Staraptor|86/100
|cant|p1b: Staraptor|flinch
|move|p1a: Sinistcha|Matcha Gotcha|p2b: Sneasler|[spread] p2a,p2b
|-resisted|p2a: Mawile|1
|-resisted|p2b: Sneasler|1
|-damage|p2a: Mawile|84/100
|-damage|p2b: Sneasler|84/100
|-status|p2b: Sneasler|brn
|move|p2a: Mawile|Play Rough|p1b: Staraptor
|-supereffective|p1b: Staraptor|1
|-damage|p1b: Staraptor|0 fnt
|faint|p1b: Staraptor
|
|-damage|p2b: Sneasler|78/100 brn|[from] brn
|upkeep
|
|t:|1783208946
|switch|p1b: Garchomp|Garchomp, L50, M|100/100
|turn|2
|
|t:|1783208961
|move|p1a: Sinistcha|Rage Powder|p1a: Sinistcha
|-singleturn|p1a: Sinistcha|move: Rage Powder
|move|p2b: Sneasler|Coaching|p2a: Mawile
|-boost|p2a: Mawile|atk|1
|-boost|p2a: Mawile|def|1
|move|p1b: Garchomp|Earthquake|p2b: Sneasler|[spread] p1a,p2a,p2b
|-resisted|p1a: Sinistcha|1
|-supereffective|p2a: Mawile|1
|-supereffective|p2b: Sneasler|1
|-damage|p1a: Sinistcha|80/100
|-damage|p2a: Mawile|30/100
|-damage|p2b: Sneasler|0 fnt
|faint|p2b: Sneasler
|-damage|p1b: Garchomp|90/100|[from] item: Life Orb
|move|p2a: Mawile|Play Rough|p1a: Sinistcha
|-damage|p1a: Sinistcha|7/100
|
|upkeep
|
|t:|1783208981
|switch|p2b: Farigiraf|Farigiraf, L50, M|100/100
|turn|3
|l| FlintAndSteelType
|
|t:|1783209006
|move|p2a: Mawile|Protect|p2a: Mawile
|-singleturn|p2a: Mawile|Protect
|move|p1b: Garchomp|Rock Slide|p2a: Mawile|[spread] p2b
|-activate|p2a: Mawile|move: Protect
|-damage|p2b: Farigiraf|81/100
|-damage|p1b: Garchomp|80/100|[from] item: Life Orb
|move|p1a: Sinistcha|Matcha Gotcha|p2b: Farigiraf|[spread] p2b
|-activate|p2a: Mawile|move: Protect
|-damage|p2b: Farigiraf|58/100
|-heal|p1a: Sinistcha|21/100|[from] drain|[of] p2b: Farigiraf
|cant|p2b: Farigiraf|flinch
|
|upkeep
|turn|4
|
|t:|1783209024
|switch|p2a: Pelipper|Pelipper, L50, F|100/100
|-weather|RainDance|[from] ability: Drizzle|[of] p2a: Pelipper
|move|p1a: Sinistcha|Rage Powder|p1a: Sinistcha
|-singleturn|p1a: Sinistcha|move: Rage Powder
|move|p1b: Garchomp|Earthquake|p2a: Pelipper|[spread] p1a,p2b
|-immune|p2a: Pelipper
|-resisted|p1a: Sinistcha|1
|-damage|p1a: Sinistcha|3/100
|-damage|p2b: Farigiraf|20/100y
|-damage|p1b: Garchomp|71/100|[from] item: Life Orb
|move|p2b: Farigiraf|Psychic|p1a: Sinistcha
|-damage|p1a: Sinistcha|0 fnt
|faint|p1a: Sinistcha
|
|-weather|RainDance|[upkeep]
|upkeep
|
|t:|1783209027
|switch|p1a: Whimsicott|Whimsicott, L50, M|100/100
|turn|5
|
|t:|1783209051
|move|p1b: Garchomp|Dragon Claw|p2b: Farigiraf
|-damage|p2b: Farigiraf|0 fnt
|faint|p2b: Farigiraf
|-damage|p1b: Garchomp|61/100|[from] item: Life Orb
|move|p1a: Whimsicott|Moonblast|p2a: Pelipper
|-damage|p2a: Pelipper|28/100
|move|p2a: Pelipper|Weather Ball|p1b: Garchomp
|-damage|p1b: Garchomp|0 fnt
|faint|p1b: Garchomp
|
|-weather|RainDance|[upkeep]
|upkeep
|
|t:|1783209055
|switch|p2b: Mawile|Mawile-Mega, L50, F|30/100
|turn|6
|
|t:|1783209067
|move|p2b: Mawile|Sucker Punch|p1a: Whimsicott
|-resisted|p1a: Whimsicott|1
|-damage|p1a: Whimsicott|67/100
|move|p1a: Whimsicott|Moonblast|p2a: Pelipper
|-damage|p2a: Pelipper|0 fnt
|faint|p2a: Pelipper
|
|-weather|RainDance|[upkeep]
|upkeep
|turn|7
|
|t:|1783209073
|move|p1a: Whimsicott|Encore|p2b: Mawile
|-start|p2b: Mawile|Encore
|move|p2b: Mawile|Sucker Punch||[still]
|-fail|p2b: Mawile
|
|-weather|RainDance|[upkeep]
|upkeep
|turn|8
|
|t:|1783209077
|move|p1a: Whimsicott|Charm|p2b: Mawile
|-unboost|p2b: Mawile|atk|2
|move|p2b: Mawile|Sucker Punch||[still]
|-fail|p2b: Mawile
|
|-weather|none
|upkeep
|turn|9
|
|t:|1783209080
|move|p1a: Whimsicott|Charm|p2b: Mawile
|-unboost|p2b: Mawile|atk|2
|move|p2b: Mawile|Sucker Punch||[still]
|-fail|p2b: Mawile
|
|-end|p2b: Mawile|Encore
|upkeep
|turn|10
|
|t:|1783209088
|move|p1a: Whimsicott|Encore|p2b: Mawile
|-start|p2b: Mawile|Encore
|move|p2b: Mawile|Sucker Punch||[still]
|-fail|p2b: Mawile
|
|upkeep
|turn|11
|
|t:|1783209090
|move|p1a: Whimsicott|Charm|p2b: Mawile
|-unboost|p2b: Mawile|atk|2
|move|p2b: Mawile|Sucker Punch||[still]
|-fail|p2b: Mawile
|
|upkeep
|turn|12
|
|t:|1783209096
|move|p2b: Mawile|Sucker Punch|p1a: Whimsicott
|-resisted|p1a: Whimsicott|1
|-damage|p1a: Whimsicott|59/100
|move|p1a: Whimsicott|Moonblast|p2b: Mawile
|-resisted|p2b: Mawile|1
|-damage|p2b: Mawile|4/100
|
|-end|p2b: Mawile|Encore
|upkeep
|turn|13
|
|t:|1783209103
|move|p1a: Whimsicott|Moonblast|p2b: Mawile
|-resisted|p2b: Mawile|1
|-damage|p2b: Mawile|0 fnt
|faint|p2b: Mawile
|
|win|Schmixed_007
|raw|Schmixed_007's rating: 1280 → 1302(+22 for winning)
|raw|LanternComic's rating: 1244 → 1222(-22 for losing)
|c|☆LanternComic|Ggs wp
|c|☆Schmixed_007|gg
|c|☆LanternComic|Should have iron headed
|c|☆Schmixed_007|yeah
|c|☆LanternComic|That was stupid of me
|c|☆Schmixed_007|sorry about the rng
|c|☆LanternComic|Its pokemon
|c|☆LanternComic|i exclaim my annoyance
|c|☆LanternComic|then i go back to playing
|c|☆LanternComic|no use dwelling on it too mucn
|l|☆Schmixed_007
|player|p1|
