|j|☆Jayayawesome
|j|☆25th_mang
|html|Jayayawesome25th_mang    
|uhtml|bestof|Game 1 of a best-of-3
|t:|1783474974
|gametype|doubles
|player|p1|Jayayawesome|101|1198
|player|p2|25th_mang|ballguy|1239
|gen|9
|tier|[Gen 9 Champions] VGC 2026 Reg M-B (Bo3)
|rated|
|rule|Species Clause: Limit one of each Pokémon
|rule|Item Clause: Limit 1 of each item
|clearpoke
|poke|p1|Pelipper, L50, M|
|poke|p1|Sinistcha-Masterpiece, L50|
|poke|p1|Swampert, L50, M|
|poke|p1|Archaludon, L50, F|
|poke|p1|Metagross, L50|
|poke|p1|Grimmsnarl, L50, M|
|poke|p2|Blastoise, L50, F|
|poke|p2|Aerodactyl, L50, F|
|poke|p2|Sinistcha, L50|
|poke|p2|Kingambit, L50, M|
|poke|p2|Tsareena, L50, F|
|poke|p2|Metagross, L50, shiny|
|teampreview|4
|showteam|p1|Pelipper||FocusSash|Drizzle|Hurricane,WeatherBall,Tailwind,WideGuard|Modest||M|||50|]Sinistcha-Masterpiece||CobaBerry|Hospitality|MatchaGotcha,RagePowder,TrickRoom,Protect|Relaxed|||||50|]Swampert||Swampertite|Damp|WaveCrash,Earthquake,IcePunch,Protect|Adamant||M|||50|]Archaludon||Leftovers|Stamina|ElectroShot,DragonPulse,FlashCannon,Protect|Modest||F|||50|]Metagross||Metagrossite|ClearBody|IronHead,PsychicFangs,BodyPress,Protect|Jolly|||||50|]Grimmsnarl||LightClay|Prankster|Reflect,LightScreen,FoulPlay,PartingShot|Calm||M|||50|
|showteam|p2|Blastoise||Blastoisinite|RainDish|WaterSpout,AuraSphere,DarkPulse,FakeOut|Modest||F|||50|]Aerodactyl||FocusSash|Unnerve|Tailwind,RainDance,RockSlide,DualWingbeat|Jolly||F|||50|]Sinistcha||SitrusBerry|Hospitality|LifeDew,MatchaGotcha,TrickRoom,RagePowder|Quiet|||||50|]Kingambit||ChopleBerry|Defiant|KowtowCleave,SuckerPunch,LowKick,IronHead|Adamant||M|||50|]Tsareena||WideLens|QueenlyMajesty|TropKick,LowKick,TripleAxel,HelpingHand|Adamant||F|||50|]Metagross||Metagrossite|ClearBody|IronHead,PsychicFangs,IcePunch,Protect|Adamant|||||50|
|inactive|Battle timer is ON: inactive players will automatically lose when time's up. (requested by 25th_mang)
|inactive|Jayayawesome has 60 seconds left.
|inactive|25th_mang has 60 seconds left.
|
|t:|1783475026
|teamsize|p1|4
|teamsize|p2|4
|start
|switch|p1a: Archaludon|Archaludon, L50, F|100/100
|switch|p1b: Sinistcha|Sinistcha-Masterpiece, L50|100/100
|switch|p2a: Voyager|Blastoise, L50, F|100/100
|switch|p2b: Her Majesty 5|Tsareena, L50, F|100/100
|turn|1
|inactive|Jayayawesome has 30 seconds left.
|inactive|25th_mang has 30 seconds left.
|inactive|25th_mang has 20 seconds left.
|inactive|25th_mang has 15 seconds left.
|
|t:|1783475069
|detailschange|p2a: Voyager|Blastoise-Mega, L50, F
|-mega|p2a: Voyager|Blastoise|Blastoisinite
|move|p1b: Sinistcha|Protect|p1b: Sinistcha
|-singleturn|p1b: Sinistcha|Protect
|move|p2a: Voyager|Dark Pulse|p1b: Sinistcha
|-activate|p1b: Sinistcha|move: Protect
|move|p2b: Her Majesty 5|Triple Axel|p1b: Sinistcha
|-activate|p1b: Sinistcha|move: Protect
|move|p1a: Archaludon|Dragon Pulse|p2a: Voyager
|-damage|p2a: Voyager|55/100
|
|upkeep
|turn|2
|
|t:|1783475090
|switch|p1b: Pelipper|Pelipper, L50, M|100/100
|-weather|RainDance|[from] ability: Drizzle|[of] p1b: Pelipper
|move|p2b: Her Majesty 5|Helping Hand|p2a: Voyager
|-singleturn|p2a: Voyager|Helping Hand|[of] p2b: Her Majesty 5
|move|p2a: Voyager|Aura Sphere|p1a: Archaludon
|-supereffective|p1a: Archaludon|1
|-damage|p1a: Archaludon|0 fnt
|faint|p1a: Archaludon
|
|-weather|RainDance|[upkeep]
|upkeep
|
|t:|1783475104
|switch|p1a: Sinistcha|Sinistcha-Masterpiece, L50|100/100
|turn|3
|
|t:|1783475113
|switch|p2b: Save Me|Sinistcha, L50|100/100
|-heal|p2a: Voyager|80/100|[from] ability: Hospitality|[of] p2b: Save Me
|move|p1a: Sinistcha|Protect|p1a: Sinistcha
|-singleturn|p1a: Sinistcha|Protect
|move|p2a: Voyager|Dark Pulse|p1a: Sinistcha
|-activate|p1a: Sinistcha|move: Protect
|move|p1b: Pelipper|Hurricane|p2b: Save Me
|-supereffective|p2b: Save Me|1
|-damage|p2b: Save Me|17/100
|-start|p2b: Save Me|confusion
|-enditem|p2b: Save Me|Sitrus Berry|[eat]
|-heal|p2b: Save Me|42/100|[from] item: Sitrus Berry
|
|-weather|RainDance|[upkeep]
|upkeep
|turn|4
|
|t:|1783475137
|move|p2a: Voyager|Dark Pulse|p1a: Sinistcha
|-supereffective|p1a: Sinistcha|1
|-damage|p1a: Sinistcha|11/100
|move|p1b: Pelipper|Hurricane|p2a: Voyager
|-damage|p2a: Voyager|36/100
|-activate|p2b: Save Me|confusion
|move|p2b: Save Me|Life Dew|p2b: Save Me|[spread] p2a,p2b
|-heal|p2a: Voyager|61/100
|-heal|p2b: Save Me|67/100
|move|p1a: Sinistcha|Matcha Gotcha|p2a: Voyager|[spread] p2a,p2b
|-supereffective|p2a: Voyager|1
|-resisted|p2b: Save Me|1
|-damage|p2a: Voyager|10/100
|-heal|p1a: Sinistcha|33/100|[from] drain|[of] p2a: Voyager
|-damage|p2b: Save Me|55/100
|-heal|p1a: Sinistcha|39/100|[from] drain|[of] p2b: Save Me
|
|-weather|RainDance|[upkeep]
|upkeep
|turn|5
|inactive|Jayayawesome has 30 seconds left.
|inactive|Jayayawesome has 20 seconds left.
|inactive|Jayayawesome has 15 seconds left.
|inactive|Jayayawesome has 10 seconds left.
|
|t:|1783475183
|move|p1a: Sinistcha|Protect|p1a: Sinistcha
|-singleturn|p1a: Sinistcha|Protect
|move|p2a: Voyager|Dark Pulse|p1b: Pelipper
|-damage|p1b: Pelipper|39/100
|move|p1b: Pelipper|Hurricane|p2b: Save Me
|-supereffective|p2b: Save Me|1
|-damage|p2b: Save Me|0 fnt
|faint|p2b: Save Me
|
|-weather|RainDance|[upkeep]
|upkeep
|
|t:|1783475199
|switch|p2b: George t. L.|Metagross, L50, shiny|100/100
|turn|6
|inactive|Jayayawesome has 30 seconds left.
|inactive|Jayayawesome has 20 seconds left.
|inactive|Jayayawesome has 15 seconds left.
|inactive|Jayayawesome has 10 seconds left.
|
|t:|1783475249
|switch|p1a: Metagross|Metagross, L50|100/100
|move|p2a: Voyager|Dark Pulse|p1a: Metagross
|-supereffective|p1a: Metagross|1
|-damage|p1a: Metagross|0 fnt
|faint|p1a: Metagross
|move|p2b: George t. L.|Psychic Fangs|p1b: Pelipper
|-damage|p1b: Pelipper|0 fnt
|faint|p1b: Pelipper
|
|-weather|none
|upkeep
|
|t:|1783475257
|switch|p1b: Sinistcha|Sinistcha-Masterpiece, L50|39/100
|turn|7
|
|t:|1783475265
|move|p2a: Voyager|Dark Pulse|p1b: Sinistcha
|-supereffective|p1b: Sinistcha|1
|-damage|p1b: Sinistcha|0 fnt
|faint|p1b: Sinistcha
|
|win|25th_mang
|l|☆Jayayawesome
|player|p1|
||Jayayawesome is ready for game 2.
||25th_mang is ready for game 2.
|uhtml|next|Next: Game 2 of 3
