|j|☆Pokemonkey25
|j|☆sbhaga34
|html|Pokemonkey25sbhaga34    
|uhtml|bestof|Game 1 of a best-of-3
|t:|1784815507
|gametype|doubles
|player|p1|Pokemonkey25|swimmerf|1272
|player|p2|sbhaga34|hugh|1330
|gen|9
|tier|[Gen 9 Champions] VGC 2026 Reg M-B (Bo3)
|rated|
|rule|Species Clause: Limit one of each Pokémon
|rule|Item Clause: Limit 1 of each item
|clearpoke
|poke|p1|Sinistcha, L50|
|poke|p1|Pelipper, L50, M|
|poke|p1|Grimmsnarl, L50, M|
|poke|p1|Maushold-Four, L50|
|poke|p1|Lucario, L50, M, shiny|
|poke|p1|Blastoise, L50, F|
|poke|p2|Excadrill, L50, F|
|poke|p2|Tyranitar, L50, M|
|poke|p2|Corviknight, L50, F|
|poke|p2|Rotom-Wash, L50|
|poke|p2|Chandelure, L50, M|
|poke|p2|Scovillain, L50, F|
|teampreview|4
|showteam|p1|Sinistcha||BrightPowder|Hospitality|RagePowder,MatchaGotcha,LifeDew,ShadowBall|Calm|||||50|]Pelipper||LifeOrb|Drizzle|WideGuard,MuddyWater,Hurricane,Tailwind|Modest||M|||50|]Grimmsnarl||LightClay|Prankster|LightScreen,Reflect,Taunt,PartingShot|Careful||M|||50|]Maushold-Four||ChopleBerry|FriendGuard|FollowMe,BeatUp,SuperFang,Protect|Impish|||||50|]Lucario||Lucarionite|Justified|ExtremeSpeed,Detect,DrainPunch,MeteorMash|Careful||M|||50|]Blastoise||Blastoisinite|RainDish|ShellSmash,DarkPulse,WaterSpout,Protect|Modest||F|||50|
|showteam|p2|Excadrill||FocusSash|SandRush|Earthquake,IronHead,SwordsDance,Protect|Adamant||F|||50|]Tyranitar||Tyranitarite|SandStream|RockSlide,KnockOff,LowKick,Protect|Adamant||M|||50|]Corviknight||SharpBeak|MirrorArmor|BraveBird,Tailwind,BulkUp,Roost|Careful||F|||50|]Rotom-Wash||ChoiceScarf|Levitate|VoltSwitch,Thunderbolt,Electroweb,HydroPump|Timid|||||50|]Chandelure||ShucaBerry|FlashFire|HeatWave,ShadowBall,TrickRoom,Protect|Modest||M|||50|]Scovillain||Scovillainite|Chlorophyll|RagePowder,Overheat,GigaDrain,Protect|Calm||F|||50|
|inactive|Battle timer is ON: inactive players will automatically lose when time's up. (requested by Pokemonkey25)
|inactive|sbhaga34 has 60 seconds left.
|
|t:|1784815550
|teamsize|p1|4
|teamsize|p2|4
|start
|switch|p1a: imp or tint|Grimmsnarl, L50, M|100/100
|switch|p1b: Turtle|Blastoise, L50, F|100/100
|switch|p2a: Rotom|Rotom-Wash, L50|100/100
|switch|p2b: Chandelure|Chandelure, L50, M|100/100
|turn|1
|inactive|Pokemonkey25 has 30 seconds left.
|
|t:|1784815583
|move|p1b: Turtle|Protect|p1b: Turtle
|-singleturn|p1b: Turtle|Protect
|move|p2b: Chandelure|Protect|p2b: Chandelure
|-singleturn|p2b: Chandelure|Protect
|move|p1a: imp or tint|Light Screen|p1a: imp or tint
|-sidestart|p1: Pokemonkey25|move: Light Screen
|move|p2a: Rotom|Electroweb|p1b: Turtle|[spread] p1a
|-activate|p1b: Turtle|move: Protect
|-damage|p1a: imp or tint|90/100
|-unboost|p1a: imp or tint|spe|1
|
|upkeep
|turn|2
|inactive|Pokemonkey25 has 30 seconds left.
|
|t:|1784815613
|switch|p2b: Tyranitar|Tyranitar, L50, M|100/100
|-weather|Sandstorm|[from] ability: Sand Stream|[of] p2b: Tyranitar
|detailschange|p1b: Turtle|Blastoise-Mega, L50, F
|-mega|p1b: Turtle|Blastoise|Blastoisinite
|move|p1a: imp or tint|Parting Shot|p2a: Rotom
|-unboost|p2a: Rotom|atk|1
|-unboost|p2a: Rotom|spa|1
|
|t:|1784815623
|switch|p1a: mine|Pelipper, L50, M|100/100|[from] Parting Shot
|-weather|RainDance|[from] ability: Drizzle|[of] p1a: mine
|move|p2a: Rotom|Electroweb|p1b: Turtle|[spread] p1a,p1b
|-supereffective|p1a: mine|2
|-supereffective|p1b: Turtle|1
|-damage|p1a: mine|66/100
|-damage|p1b: Turtle|85/100
|-unboost|p1a: mine|spe|1
|-unboost|p1b: Turtle|spe|1
|move|p1b: Turtle|Shell Smash|p1b: Turtle
|-unboost|p1b: Turtle|def|1
|-unboost|p1b: Turtle|spd|1
|-boost|p1b: Turtle|atk|2
|-boost|p1b: Turtle|spa|2
|-boost|p1b: Turtle|spe|2
|
|-weather|RainDance|[upkeep]
|upkeep
|turn|3
|inactive|sbhaga34 has 30 seconds left.
|
|t:|1784815653
|switch|p2a: Chandelure|Chandelure, L50, M|100/100
|detailschange|p2b: Tyranitar|Tyranitar-Mega, L50, M
|-mega|p2b: Tyranitar|Tyranitar|Tyranitarite
|-weather|Sandstorm|[from] ability: Sand Stream|[of] p2b: Tyranitar
|move|p2b: Tyranitar|Protect|p2b: Tyranitar
|-singleturn|p2b: Tyranitar|Protect
|move|p1a: mine|Wide Guard|p1a: mine
|-singleturn|p1a: mine|Wide Guard
|move|p1b: Turtle|Water Spout|p2a: Chandelure|[spread] p2a
|-activate|p2b: Tyranitar|move: Protect
|-supereffective|p2a: Chandelure|1
|-damage|p2a: Chandelure|0 fnt
|faint|p2a: Chandelure
|
|-weather|Sandstorm|[upkeep]
|-damage|p1b: Turtle|79/100|[from] Sandstorm
|-damage|p1a: mine|60/100|[from] Sandstorm
|upkeep
|
|t:|1784815666
|switch|p2a: Rotom|Rotom-Wash, L50|100/100
|turn|4
|
|t:|1784815683
|switch|p2b: Excadrill|Excadrill, L50, F|100/100
|switch|p1a: starbucks|Sinistcha, L50|100/100
|-heal|p1b: Turtle|100/100|[from] ability: Hospitality|[of] p1a: starbucks
|move|p1b: Turtle|Protect|p1b: Turtle
|-singleturn|p1b: Turtle|Protect
|move|p2a: Rotom|Volt Switch|p1b: Turtle
|-activate|p1b: Turtle|move: Protect
|
|-weather|Sandstorm|[upkeep]
|-damage|p2a: Rotom|94/100|[from] Sandstorm
|-damage|p1b: Turtle|94/100|[from] Sandstorm
|-damage|p1a: starbucks|93/100|[from] Sandstorm
|upkeep
|turn|5
|inactive|sbhaga34 has 30 seconds left.
|
|t:|1784815709
|move|p1a: starbucks|Rage Powder|p1a: starbucks
|-singleturn|p1a: starbucks|move: Rage Powder
|move|p2b: Excadrill|Earthquake|p1a: starbucks|[spread] p1a,p1b
|-immune|p2a: Rotom|[from] ability: Levitate
|-resisted|p1a: starbucks|1
|-damage|p1a: starbucks|71/100
|-damage|p1b: Turtle|36/100
|move|p2a: Rotom|Volt Switch|p1a: starbucks
|-resisted|p1a: starbucks|1
|-crit|p1a: starbucks
|-damage|p1a: starbucks|55/100
|
|t:|1784815718
|switch|p2a: Tyranitar|Tyranitar-Mega, L50, M|100/100|[from] Volt Switch
|move|p1b: Turtle|Water Spout|p2a: Tyranitar|[spread] p2a,p2b
|-supereffective|p2a: Tyranitar|1
|-supereffective|p2b: Excadrill|1
|-damage|p2a: Tyranitar|56/100
|-enditem|p2b: Excadrill|Focus Sash
|-damage|p2b: Excadrill|1/100
|
|-weather|Sandstorm|[upkeep]
|-damage|p1b: Turtle|30/100|[from] Sandstorm
|-damage|p1a: starbucks|48/100|[from] Sandstorm
|upkeep
|turn|6
|
|t:|1784815738
|switch|p2a: Rotom|Rotom-Wash, L50|94/100
|move|p2b: Excadrill|Protect|p2b: Excadrill
|-singleturn|p2b: Excadrill|Protect
|move|p1b: Turtle|Protect|p1b: Turtle
|-singleturn|p1b: Turtle|Protect
|move|p1a: starbucks|Matcha Gotcha|p2a: Rotom|[spread] p2a
|-activate|p2b: Excadrill|move: Protect
|-supereffective|p2a: Rotom|1
|-damage|p2a: Rotom|43/100
|-heal|p1a: starbucks|71/100|[from] drain|[of] p2a: Rotom
|
|-weather|Sandstorm|[upkeep]
|-damage|p2a: Rotom|37/100|[from] Sandstorm
|-damage|p1b: Turtle|24/100|[from] Sandstorm
|-damage|p1a: starbucks|65/100|[from] Sandstorm
|upkeep
|turn|7
|-message|sbhaga34 forfeited.
|
|win|Pokemonkey25
