|j|☆TobiYume
|j|☆GabboVGC
|html|TobiYumeGabboVGC    
|uhtml|bestof|Game 2 of a best-of-3
|t:|1757667067
|gametype|doubles
|player|p1|TobiYume|roxie|1269
|player|p2|GabboVGC|marnie-league|1229
|gen|9
|tier|[Gen 9] VGC 2025 Reg H (Bo3)
|rated|
|rule|Species Clause: Limit one of each Pokémon
|rule|Item Clause: Limit 1 of each item
|clearpoke
|poke|p1|Garchomp, L50, M|
|poke|p1|Talonflame, L50, F|
|poke|p1|Sylveon, L50, F|
|poke|p1|Tyranitar, L50, M|
|poke|p1|Decidueye-Hisui, L50, F|
|poke|p1|Gholdengo, L50|
|poke|p2|Ninetales-Alola, L50, F|
|poke|p2|Annihilape, L50, M|
|poke|p2|Rillaboom, L50, M|
|poke|p2|Ursaluna-Bloodmoon, L50, M|
|poke|p2|Dragonite, L50, F|
|poke|p2|Maushold-Four, L50|
|teampreview|4
|showteam|p1|Garchomp||LifeOrb|SandVeil|DragonClaw,StompingTantrum,Earthquake,Protect|||M|||50|,,,,,Steel]Talonflame||CovertCloak|GaleWings|Tailwind,WillOWisp,BraveBird,Taunt|||F|||50|,,,,,Grass]Sylveon||ThroatSpray|Pixilate|HyperVoice,HyperBeam,TeraBlast,Protect|||F|||50|,,,,,Water]Tyranitar||AssaultVest|SandStream|RockSlide,KnockOff,TeraBlast,LowKick|||M|||50|,,,,,Flying]Decidueye-Hisui||RazorClaw|Scrappy|TripleArrows,LeafBlade,SuckerPunch,Protect|||F|||50|,,,,,Fire]Gholdengo||Leftovers|GoodasGold|MakeItRain,ShadowBall,NastyPlot,Protect||||||50|,,,,,Dragon
|showteam|p2|Ninetales-Alola||LightClay|SnowWarning|AuroraVeil,Blizzard,IcyWind,Protect|||F|||50|,,,,,Ghost]Annihilape||SafetyGoggles|Defiant|Protect,BulkUp,DrainPunch,RageFist|||M|||50|,,,,,Fire]Rillaboom||MiracleSeed|GrassySurge|FakeOut,GrassyGlide,WoodHammer,HighHorsepower|||M|||50|,,,,,Fire]Ursaluna-Bloodmoon||AssaultVest|MindsEye|BloodMoon,HyperVoice,EarthPower,VacuumWave|||M|||50|,,,,,Water]Dragonite||LoadedDice|Multiscale|Tailwind,Haze,Protect,ScaleShot|||F|||50|,,,,,Fairy]Maushold-Four||WideLens|Technician|PopulationBomb,BeatUp,FollowMe,Taunt||||||50|,,,,,Ghost
|
|t:|1757667085
|teamsize|p1|4
|teamsize|p2|4
|start
|switch|p1a: Elie|Talonflame, L50, F|100/100
|switch|p1b: Lloyd|Garchomp, L50, M|100/100
|switch|p2a: Ursaluna|Ursaluna-Bloodmoon, L50, M|100/100
|switch|p2b: Rillaboom|Rillaboom, L50, M|100/100
|-fieldstart|move: Grassy Terrain|[from] ability: Grassy Surge|[of] p2b: Rillaboom
|turn|1
|inactive|Battle timer is ON: inactive players will automatically lose when time's up. (requested by GabboVGC)
|
|t:|1757667131
|switch|p1b: Noel|Decidueye-Hisui, L50, F|100/100
|move|p2b: Rillaboom|Fake Out|p1b: Noel
|-damage|p1b: Noel|81/100
|move|p1a: Elie|Will-O-Wisp|p2b: Rillaboom|[miss]
|-miss|p1a: Elie|p2b: Rillaboom
|move|p2a: Ursaluna|Blood Moon|p1a: Elie
|-damage|p1a: Elie|0 fnt
|faint|p1a: Elie
|
|-heal|p1b: Noel|87/100|[from] Grassy Terrain
|upkeep
|
|t:|1757667142
|switch|p1a: Randy|Tyranitar, L50, M|100/100
|-weather|Sandstorm|[from] ability: Sand Stream|[of] p1a: Randy
|turn|2
|
|t:|1757667157
|switch|p2b: Annihilape|Annihilape, L50, M|100/100
|-terastallize|p1a: Randy|Flying
|-terastallize|p2a: Ursaluna|Water
|move|p1b: Noel|Leaf Blade|p2a: Ursaluna
|-supereffective|p2a: Ursaluna
|-damage|p2a: Ursaluna|13/100
|move|p1a: Randy|Tera Blast|p2b: Annihilape|[anim] Tera Blast Flying
|-supereffective|p2b: Annihilape
|-damage|p2b: Annihilape|1/100
|move|p2a: Ursaluna|Earth Power|p1a: Randy
|-immune|p1a: Randy
|
|-weather|Sandstorm|[upkeep]
|-damage|p1b: Noel|81/100|[from] Sandstorm
|-damage|p1a: Randy|94/100|[from] Sandstorm
|-damage|p2a: Ursaluna|7/100|[from] Sandstorm
|-heal|p2b: Annihilape|8/100|[from] Grassy Terrain
|-heal|p1b: Noel|87/100|[from] Grassy Terrain
|-heal|p2a: Ursaluna|13/100|[from] Grassy Terrain
|upkeep
|turn|3
|inactive|TobiYume has 30 seconds left.
|inactive|GabboVGC has 30 seconds left.
|
|t:|1757667190
|move|p1b: Noel|Sucker Punch|p2b: Annihilape
|-damage|p2b: Annihilape|0 fnt
|faint|p2b: Annihilape
|move|p2a: Ursaluna|Vacuum Wave|p1b: Noel
|-damage|p1b: Noel|70/100
|move|p1a: Randy|Low Kick|p2a: Ursaluna
|-damage|p2a: Ursaluna|0 fnt
|faint|p2a: Ursaluna
|
|-weather|Sandstorm|[upkeep]
|-damage|p1b: Noel|64/100|[from] Sandstorm
|-damage|p1a: Randy|88/100|[from] Sandstorm
|-heal|p1b: Noel|70/100|[from] Grassy Terrain
|upkeep
|
|t:|1757667195
|switch|p2b: Ninetales|Ninetales-Alola, L50, F|100/100
|switch|p2a: Rillaboom|Rillaboom, L50, M|100/100
|-weather|Snowscape|[from] ability: Snow Warning|[of] p2b: Ninetales
|turn|4
|
|t:|1757667220
|switch|p1a: Lloyd|Garchomp, L50, M|100/100
|move|p2a: Rillaboom|Fake Out|p1a: Lloyd
|-damage|p1a: Lloyd|86/100
|move|p2b: Ninetales|Blizzard|p1b: Noel|[spread] p1a,p1b
|-supereffective|p1a: Lloyd
|-supereffective|p1b: Noel
|-damage|p1a: Lloyd|0 fnt
|-damage|p1b: Noel|8/100
|faint|p1a: Lloyd
|move|p1b: Noel|Triple Arrows|p2a: Rillaboom
|-crit|p2a: Rillaboom
|-damage|p2a: Rillaboom|34/100
|-unboost|p2a: Rillaboom|def|1
|
|-weather|Snowscape|[upkeep]
|-heal|p1b: Noel|14/100|[from] Grassy Terrain
|-heal|p2a: Rillaboom|41/100|[from] Grassy Terrain
|upkeep
|
|t:|1757667233
|switch|p1a: Randy|Tyranitar, L50, M, tera:Flying|88/100
|-weather|Sandstorm|[from] ability: Sand Stream|[of] p1a: Randy
|turn|5
|
|t:|1757667238
|move|p1b: Noel|Sucker Punch|p2a: Rillaboom
|-damage|p2a: Rillaboom|5/100
|move|p2a: Rillaboom|Grassy Glide|p1b: Noel
|-resisted|p1b: Noel
|-damage|p1b: Noel|0 fnt
|faint|p1b: Noel
|move|p2b: Ninetales|Blizzard|p1a: Randy
|-supereffective|p1a: Randy
|-damage|p1a: Randy|47/100
|move|p1a: Randy|Rock Slide|p2a: Rillaboom|[spread] p2a,p2b
|-supereffective|p2b: Ninetales
|-damage|p2a: Rillaboom|0 fnt
|-damage|p2b: Ninetales|18/100
|faint|p2a: Rillaboom
|
|-weather|Sandstorm|[upkeep]
|-damage|p2b: Ninetales|12/100|[from] Sandstorm
|-damage|p1a: Randy|41/100|[from] Sandstorm
|-heal|p2b: Ninetales|18/100|[from] Grassy Terrain
|-fieldend|move: Grassy Terrain
|upkeep
|turn|6
|
|t:|1757667256
|move|p2b: Ninetales|Blizzard|p1a: Randy|[miss]
|-miss|p2b: Ninetales|p1a: Randy
|move|p1a: Randy|Tera Blast|p2b: Ninetales|[anim] Tera Blast Flying
|-crit|p2b: Ninetales
|-damage|p2b: Ninetales|0 fnt
|faint|p2b: Ninetales
|
|win|TobiYume
|raw|TobiYume's rating: 1269 → 1291(+22 for winning)
|raw|GabboVGC's rating: 1229 → 1207(-22 for losing)
|l|☆GabboVGC
|player|p2|
