|j|☆GS Barnabe
|j|☆Gen4lover2
|html|GS BarnabeGen4lover2    
|uhtml|bestof|Game 1 of a best-of-3
|t:|1785848708
|gametype|doubles
|player|p1|GS Barnabe|barry|1248
|player|p2|Gen4lover2|wallace|1297
|gen|9
|tier|[Gen 9 Champions] VGC 2026 Reg M-B (Bo3)
|rated|
|rule|Species Clause: Limit one of each Pokémon
|rule|Item Clause: Limit 1 of each item
|clearpoke
|poke|p1|Clefable, L50, F|
|poke|p1|Tyranitar, L50, F|
|poke|p1|Garchomp, L50, F|
|poke|p1|Gholdengo, L50|
|poke|p1|Rotom-Wash, L50|
|poke|p1|Aerodactyl, L50, M|
|poke|p2|Tyranitar, L50, M|
|poke|p2|Excadrill, L50, F|
|poke|p2|Staraptor, L50, F|
|poke|p2|Milotic, L50, F|
|poke|p2|Gholdengo, L50|
|poke|p2|Sinistcha-Masterpiece, L50|
|teampreview|4
|showteam|p1|Clefable||SitrusBerry|Unaware|Moonblast,FollowMe,HealPulse,Protect|Bold||F|||50|]Tyranitar||ChoiceScarf|SandStream|RockSlide,KnockOff,IcePunch,Superpower|Jolly||F|||50|]Garchomp||Garchompite|SandVeil|DracoMeteor,EarthPower,PowerGem,Protect|Modest||F|||50|]Gholdengo||LifeOrb|GoodasGold|MakeItRain,ShadowBall,NastyPlot,Protect|Modest|||||50|]Rotom-Wash||Leftovers|Levitate|HydroPump,VoltSwitch,WillOWisp,Protect|Calm|||||50|]Aerodactyl||Aerodactylite|RockHead|RockSlide,DualWingbeat,Tailwind,Protect|Jolly||M|||50|
|showteam|p2|Tyranitar||Tyranitarite|SandStream|RockSlide,KnockOff,LowKick,Protect|Adamant||M|||50|]Excadrill||FocusSash|SandRush|HighHorsepower,IronHead,RockSlide,Protect|Adamant||F|||50|]Staraptor||Staraptite|Intimidate|BraveBird,CloseCombat,Tailwind,Protect|Jolly||F|||50|]Milotic||SitrusBerry|Competitive|Scald,IceBeam,Recover,Protect|Modest||F|||50|]Gholdengo||LifeOrb|GoodasGold|MakeItRain,ShadowBall,NastyPlot,Protect|Modest|||||50|]Sinistcha-Masterpiece||ColburBerry|Hospitality|MatchaGotcha,RagePowder,TrickRoom,Protect|Relaxed|||||50|
|inactive|Battle timer is ON: inactive players will automatically lose when time's up. (requested by Gen4lover2)
|inactive|GS Barnabe has 60 seconds left.
|inactive|Gen4lover2 has 60 seconds left.
|inactive|GS Barnabe has 30 seconds left.
|
|t:|1785848779
|teamsize|p1|4
|teamsize|p2|4
|start
|switch|p1a: Garchomp|Garchomp, L50, F|100/100
|switch|p1b: Rotom|Rotom-Wash, L50|100/100
|switch|p2a: Tyranitar|Tyranitar, L50, M|100/100
|switch|p2b: Excadrill|Excadrill, L50, F|100/100
|-weather|Sandstorm|[from] ability: Sand Stream|[of] p2a: Tyranitar
|turn|1
|inactive|GS Barnabe has 30 seconds left.
|inactive|Gen4lover2 has 30 seconds left.
|
|t:|1785848813
|detailschange|p1a: Garchomp|Garchomp-Mega, L50, F
|-mega|p1a: Garchomp|Garchomp|Garchompite
|move|p2b: Excadrill|Rock Slide|p1b: Rotom|[spread] p1a,p1b
|-resisted|p1a: Garchomp|1
|-damage|p1a: Garchomp|90/100
|-damage|p1b: Rotom|75/100
|move|p1a: Garchomp|Earth Power|p2a: Tyranitar
|-supereffective|p2a: Tyranitar|1
|-damage|p2a: Tyranitar|14/100
|move|p1b: Rotom|Will-O-Wisp|p2b: Excadrill
|-status|p2b: Excadrill|brn
|move|p2a: Tyranitar|Knock Off|p1b: Rotom
|-damage|p1b: Rotom|19/100
|-enditem|p1b: Rotom|Leftovers|[from] move: Knock Off|[of] p2a: Tyranitar
|
|-weather|Sandstorm|[upkeep]
|-damage|p1b: Rotom|14/100|[from] Sandstorm
|-damage|p2b: Excadrill|94/100 brn|[from] brn
|upkeep
|turn|2
|inactive|GS Barnabe has 30 seconds left.
|inactive|Gen4lover2 has 30 seconds left.
|inactive|Gen4lover2 has 20 seconds left.
|
|t:|1785848852
|switch|p1b: Gholdengo|Gholdengo, L50|100/100
|move|p2b: Excadrill|Rock Slide|p1a: Garchomp|[spread] p1a,p1b
|-resisted|p1a: Garchomp|1
|-resisted|p1b: Gholdengo|1
|-damage|p1a: Garchomp|86/100
|-damage|p1b: Gholdengo|96/100
|move|p1a: Garchomp|Earth Power|p2b: Excadrill
|-supereffective|p2b: Excadrill|1
|-damage|p2b: Excadrill|0 fnt
|faint|p2b: Excadrill
|move|p2a: Tyranitar|Low Kick|p1a: Garchomp
|-damage|p1a: Garchomp|63/100
|
|-weather|Sandstorm|[upkeep]
|upkeep
|
|t:|1785848867
|switch|p2b: Milotic|Milotic, L50, F|100/100
|turn|3
|
|t:|1785848881
|switch|p2a: Staraptor|Staraptor, L50, F|100/100
|-ability|p2a: Staraptor|Intimidate|boost
|-unboost|p1a: Garchomp|atk|1
|-unboost|p1b: Gholdengo|atk|1
|move|p1a: Garchomp|Protect|p1a: Garchomp
|-singleturn|p1a: Garchomp|Protect
|move|p1b: Gholdengo|Nasty Plot|p1b: Gholdengo
|-boost|p1b: Gholdengo|spa|2
|move|p2b: Milotic|Ice Beam|p1a: Garchomp
|-activate|p1a: Garchomp|move: Protect
|
|-weather|Sandstorm|[upkeep]
|-damage|p2a: Staraptor|93/100|[from] Sandstorm
|-damage|p2b: Milotic|94/100|[from] Sandstorm
|upkeep
|turn|4
|
|t:|1785848904
|detailschange|p2a: Staraptor|Staraptor-Mega, L50, F
|-mega|p2a: Staraptor|Staraptor|Staraptite
|move|p2a: Staraptor|Tailwind|p2a: Staraptor
|-sidestart|p2: Gen4lover2|move: Tailwind
|move|p2b: Milotic|Scald|p1b: Gholdengo
|-damage|p1b: Gholdengo|61/100
|move|p1a: Garchomp|Draco Meteor|p2a: Staraptor
|-damage|p2a: Staraptor|21/100
|-unboost|p1a: Garchomp|spa|2
|move|p1b: Gholdengo|Make It Rain|p2a: Staraptor|[spread] p2a,p2b
|-resisted|p2b: Milotic|1
|-damage|p2a: Staraptor|0 fnt
|-damage|p2b: Milotic|54/100
|-unboost|p1b: Gholdengo|spa|2
|faint|p2a: Staraptor
|-damage|p1b: Gholdengo|51/100|[from] item: Life Orb
|
|-weather|Sandstorm|[upkeep]
|-damage|p2b: Milotic|49/100|[from] Sandstorm
|-enditem|p2b: Milotic|Sitrus Berry|[eat]
|-heal|p2b: Milotic|73/100|[from] item: Sitrus Berry
|upkeep
|
|t:|1785848919
|switch|p2a: Tyranitar|Tyranitar, L50, M|14/100
|turn|5
|
|t:|1785848943
|move|p1a: Garchomp|Protect|p1a: Garchomp
|-singleturn|p1a: Garchomp|Protect
|move|p1b: Gholdengo|Protect|p1b: Gholdengo
|-singleturn|p1b: Gholdengo|Protect
|move|p2a: Tyranitar|Knock Off|p1b: Gholdengo
|-activate|p1b: Gholdengo|move: Protect
|move|p2b: Milotic|Ice Beam|p1a: Garchomp
|-activate|p1a: Garchomp|move: Protect
|
|-weather|none
|upkeep
|turn|6
|
|t:|1785848967
|switch|p1a: Rotom|Rotom-Wash, L50|14/100
|switch|p1b: Clefable|Clefable, L50, F|100/100
|move|p2a: Tyranitar|Knock Off|p1b: Clefable
|-resisted|p1b: Clefable|1
|-damage|p1b: Clefable|79/100
|-enditem|p1b: Clefable|Sitrus Berry|[from] move: Knock Off|[of] p2a: Tyranitar
|move|p2b: Milotic|Ice Beam|p1a: Rotom
|-resisted|p1a: Rotom|1
|-damage|p1a: Rotom|3/100
|
|upkeep
|turn|7
|
|t:|1785848989
|move|p1a: Rotom|Protect|p1a: Rotom
|-singleturn|p1a: Rotom|Protect
|move|p1b: Clefable|Protect|p1b: Clefable
|-singleturn|p1b: Clefable|Protect
|move|p2a: Tyranitar|Rock Slide|p1b: Clefable|[spread] 
|-activate|p1a: Rotom|move: Protect
|-activate|p1b: Clefable|move: Protect
|move|p2b: Milotic|Scald|p1b: Clefable
|-activate|p1b: Clefable|move: Protect
|
|-sideend|p2: Gen4lover2|move: Tailwind
|upkeep
|turn|8
|
|t:|1785849008
|move|p2a: Tyranitar|Protect|p2a: Tyranitar
|-singleturn|p2a: Tyranitar|Protect
|move|p1a: Rotom|Volt Switch|p2b: Milotic
|-supereffective|p2b: Milotic|1
|-damage|p2b: Milotic|38/100
|
|t:|1785849014
|switch|p1a: Gholdengo|Gholdengo, L50|51/100|[from] Volt Switch
|move|p2b: Milotic|Scald|p1a: Gholdengo
|-damage|p1a: Gholdengo|21/100
|-status|p1a: Gholdengo|brn
|move|p1b: Clefable|Moonblast|p2a: Tyranitar
|-activate|p2a: Tyranitar|move: Protect
|
|-damage|p1a: Gholdengo|15/100 brn|[from] brn
|upkeep
|turn|9
|inactive|GS Barnabe has 30 seconds left.
|
|t:|1785849042
|move|p1a: Gholdengo|Make It Rain|p2b: Milotic|[spread] p2a,p2b
|-supereffective|p2a: Tyranitar|1
|-resisted|p2b: Milotic|1
|-damage|p2a: Tyranitar|0 fnt
|-damage|p2b: Milotic|17/100
|-unboost|p1a: Gholdengo|spa|2
|faint|p2a: Tyranitar
|-damage|p1a: Gholdengo|5/100 brn|[from] item: Life Orb
|move|p2b: Milotic|Recover|p2b: Milotic
|-heal|p2b: Milotic|67/100
|move|p1b: Clefable|Moonblast|p2b: Milotic
|-damage|p2b: Milotic|46/100
|
|-damage|p1a: Gholdengo|0 fnt|[from] brn
|faint|p1a: Gholdengo
|upkeep
|
|t:|1785849057
|switch|p1a: Rotom|Rotom-Wash, L50|3/100
|turn|10
|
|t:|1785849068
|move|p1a: Rotom|Volt Switch|p2b: Milotic
|-supereffective|p2b: Milotic|1
|-damage|p2b: Milotic|9/100
|
|t:|1785849074
|switch|p1a: Garchomp|Garchomp-Mega, L50, F|63/100|[from] Volt Switch
|move|p2b: Milotic|Recover|p2b: Milotic
|-heal|p2b: Milotic|59/100
|move|p1b: Clefable|Heal Pulse|p1a: Garchomp
|-heal|p1a: Garchomp|100/100
|
|upkeep
|turn|11
|
|t:|1785849089
|move|p1a: Garchomp|Earth Power|p2b: Milotic
|-damage|p2b: Milotic|23/100
|move|p2b: Milotic|Recover|p2b: Milotic
|-heal|p2b: Milotic|73/100
|move|p1b: Clefable|Moonblast|p2b: Milotic
|-crit|p2b: Milotic
|-damage|p2b: Milotic|40/100
|
|upkeep
|turn|12
|
|t:|1785849105
|switch|p1b: Rotom|Rotom-Wash, L50|3/100
|move|p1a: Garchomp|Earth Power|p2b: Milotic
|-damage|p2b: Milotic|6/100
|move|p2b: Milotic|Ice Beam|p1a: Garchomp
|-supereffective|p1a: Garchomp|2
|-damage|p1a: Garchomp|8/100
|
|upkeep
|turn|13
|
|t:|1785849118
|move|p1a: Garchomp|Earth Power|p2b: Milotic
|-crit|p2b: Milotic
|-damage|p2b: Milotic|0 fnt
|faint|p2b: Milotic
|
|win|GS Barnabe
