|j|☆xflecha
|j|☆Agf79
|html|xflechaAgf79    
|uhtml|bestof|Game 1 of a best-of-3
|t:|1784381344
|gametype|doubles
|player|p1|xflecha|elesa|1257
|player|p2|Agf79|101|1242
|gen|9
|tier|[Gen 9 Champions] VGC 2026 Reg M-B (Bo3)
|rated|
|rule|Species Clause: Limit one of each Pokémon
|rule|Item Clause: Limit 1 of each item
|clearpoke
|poke|p1|Charizard, L50, M|
|poke|p1|Kingambit, L50, F|
|poke|p1|Sylveon, L50, F|
|poke|p1|Garchomp, L50, F|
|poke|p1|Aerodactyl, L50, M|
|poke|p1|Farigiraf, L50, M|
|poke|p2|Staraptor, L50, F|
|poke|p2|Gholdengo, L50|
|poke|p2|Sylveon, L50, F, shiny|
|poke|p2|Garchomp, L50, M|
|poke|p2|Sinistcha, L50|
|poke|p2|Grimmsnarl, L50, M|
|teampreview|4
|showteam|p1|Charizard||CharizarditeY|SolarPower|Protect,HeatWave,SolarBeam,WeatherBall|Modest||M|||50|]Kingambit||FocusSash|Defiant|IronHead,SuckerPunch,KowtowCleave,LowKick|Adamant||F|||50|]Sylveon||FairyFeather|Pixilate|Detect,HyperVoice,HyperBeam,QuickAttack|Modest||F|||50|]Garchomp||LifeOrb|RoughSkin|Protect,DragonClaw,Earthquake,RockSlide|Jolly||F|||50|]Aerodactyl||Aerodactylite|Unnerve|IceFang,RockSlide,Tailwind,DualWingbeat|Jolly||M|||50|]Farigiraf||SitrusBerry|ArmorTail|TrickRoom,Psychic,Thunderbolt,Roar|Bold||M|||50|
|showteam|p2|Staraptor||Staraptite|Intimidate|CloseCombat,BraveBird,Tailwind,Protect|Jolly||F|||50|]Gholdengo||Leftovers|GoodasGold|MakeItRain,ShadowBall,NastyPlot,Protect|Modest|||||50|]Sylveon||FairyFeather|Pixilate|HyperVoice,Detect,HyperBeam,QuickAttack|Modest||F|||50|]Garchomp||LifeOrb|RoughSkin|Earthquake,Protect,DragonClaw,RockSlide|Adamant||M|||50|]Sinistcha||SitrusBerry|Hospitality|MatchaGotcha,RagePowder,TrickRoom,LifeDew|Calm|||||50|]Grimmsnarl||LightClay|Prankster|Reflect,LightScreen,PartingShot,FoulPlay|Calm||M|||50|
|inactive|Battle timer is ON: inactive players will automatically lose when time's up. (requested by xflecha)
|
|t:|1784381374
|teamsize|p1|4
|teamsize|p2|4
|start
|switch|p1a: Charizard|Charizard, L50, M|100/100
|switch|p1b: Sylveon|Sylveon, L50, F|100/100
|switch|p2a: Staraptor|Staraptor, L50, F|100/100
|switch|p2b: Garchomp|Garchomp, L50, M|100/100
|-ability|p2a: Staraptor|Intimidate|boost
|-unboost|p1a: Charizard|atk|1
|-unboost|p1b: Sylveon|atk|1
|turn|1
|inactive|xflecha has 30 seconds left.
|
|t:|1784381399
|detailschange|p2a: Staraptor|Staraptor-Mega, L50, F
|-mega|p2a: Staraptor|Staraptor|Staraptite
|detailschange|p1a: Charizard|Charizard-Mega-Y, L50, M
|-mega|p1a: Charizard|Charizard|Charizardite Y
|-weather|SunnyDay|[from] ability: Drought|[of] p1a: Charizard
|move|p1b: Sylveon|Detect|p1b: Sylveon
|-singleturn|p1b: Sylveon|Protect
|move|p2a: Staraptor|Brave Bird|p1b: Sylveon
|-activate|p1b: Sylveon|move: Protect
|move|p2b: Garchomp|Earthquake|p1a: Charizard|[spread] 
|-activate|p1b: Sylveon|move: Protect
|-immune|p2a: Staraptor
|-immune|p1a: Charizard
|move|p1a: Charizard|Weather Ball|p2a: Staraptor
|-damage|p2a: Staraptor|18/100
|
|-weather|SunnyDay|[upkeep]
|upkeep
|turn|2
|inactive|xflecha has 30 seconds left.
|inactive|xflecha has 20 seconds left.
|inactive|xflecha has 15 seconds left.
|
|t:|1784381443
|switch|p1a: Farigiraf|Farigiraf, L50, M|100/100
|move|p2a: Staraptor|Brave Bird|p1b: Sylveon
|-damage|p1b: Sylveon|29/100
|-damage|p2a: Staraptor|0 fnt|[from] Recoil
|faint|p2a: Staraptor
|move|p2b: Garchomp|Rock Slide|p1b: Sylveon|[spread] p1a,p1b
|-damage|p1a: Farigiraf|80/100
|-damage|p1b: Sylveon|0 fnt
|faint|p1b: Sylveon
|-damage|p2b: Garchomp|90/100|[from] item: Life Orb
|
|-weather|SunnyDay|[upkeep]
|upkeep
|
|t:|1784381457
|switch|p2a: Sylveon|Sylveon, L50, F, shiny|100/100
|switch|p1b: Kingambit|Kingambit, L50, F|100/100
|turn|3
|
|t:|1784381472
|move|p2a: Sylveon|Detect|p2a: Sylveon
|-singleturn|p2a: Sylveon|Protect
|move|p2b: Garchomp|Earthquake|p1a: Farigiraf|[spread] p1a,p1b
|-activate|p2a: Sylveon|move: Protect
|-supereffective|p1b: Kingambit|1
|-damage|p1a: Farigiraf|33/100
|-damage|p1b: Kingambit|10/100
|-enditem|p1a: Farigiraf|Sitrus Berry|[eat]
|-heal|p1a: Farigiraf|58/100|[from] item: Sitrus Berry
|-damage|p2b: Garchomp|80/100|[from] item: Life Orb
|move|p1b: Kingambit|Iron Head|p2a: Sylveon
|-activate|p2a: Sylveon|move: Protect
|move|p1a: Farigiraf|Trick Room|p1a: Farigiraf
|-fieldstart|move: Trick Room|[of] p1a: Farigiraf
|
|-weather|SunnyDay|[upkeep]
|upkeep
|turn|4
|
|t:|1784381488
|switch|p2a: Sinistcha|Sinistcha, L50|100/100
|-heal|p2b: Garchomp|100/100|[from] ability: Hospitality|[of] p2a: Sinistcha
|move|p1b: Kingambit|Sucker Punch|p2b: Garchomp
|-damage|p2b: Garchomp|62/100
|-damage|p1b: Kingambit|0 fnt|[from] ability: Rough Skin|[of] p2b: Garchomp
|faint|p1b: Kingambit
|move|p1a: Farigiraf|Psychic|p2b: Garchomp
|-crit|p2b: Garchomp
|-damage|p2b: Garchomp|9/100
|move|p2b: Garchomp|Earthquake|p1a: Farigiraf|[spread] p2a,p1a
|-resisted|p2a: Sinistcha|1
|-damage|p2a: Sinistcha|75/100
|-damage|p1a: Farigiraf|14/100
|-damage|p2b: Garchomp|0 fnt|[from] item: Life Orb
|faint|p2b: Garchomp
|
|-weather|SunnyDay|[upkeep]
|upkeep
|
|t:|1784381501
|switch|p1b: Charizard|Charizard-Mega-Y, L50, M|100/100
|switch|p2b: Sylveon|Sylveon, L50, F, shiny|100/100
|turn|5
|
|t:|1784381525
|move|p2b: Sylveon|Hyper Voice|p1a: Farigiraf|[spread] p1a,p1b
|-resisted|p1b: Charizard|1
|-damage|p1a: Farigiraf|0 fnt
|-damage|p1b: Charizard|79/100
|faint|p1a: Farigiraf
|move|p2a: Sinistcha|Life Dew||[still]|[spread] p2a,p2b
|-heal|p2a: Sinistcha|100/100
|-fail|p2b: Sylveon|heal
|move|p1b: Charizard|Weather Ball|p2a: Sinistcha
|-supereffective|p2a: Sinistcha|1
|-damage|p2a: Sinistcha|0 fnt
|faint|p2a: Sinistcha
|
|-weather|none
|upkeep
|turn|6
|
|t:|1784381536
|move|p1b: Charizard|Protect|p1b: Charizard
|-singleturn|p1b: Charizard|Protect
|move|p2b: Sylveon|Hyper Voice|p1b: Charizard
|-activate|p1b: Charizard|move: Protect
|
|upkeep
|turn|7
|
|t:|1784381542
|move|p2b: Sylveon|Hyper Voice|p1b: Charizard
|-resisted|p1b: Charizard|1
|-damage|p1b: Charizard|50/100g
|move|p1b: Charizard|Heat Wave|p2b: Sylveon
|-damage|p2b: Sylveon|59/100
|
|-fieldend|move: Trick Room
|upkeep
|turn|8
|
|t:|1784381549
|move|p2b: Sylveon|Detect|p2b: Sylveon
|-singleturn|p2b: Sylveon|Protect
|move|p1b: Charizard|Heat Wave|p2b: Sylveon
|-activate|p2b: Sylveon|move: Protect
|
|upkeep
|turn|9
|
|t:|1784381555
|move|p1b: Charizard|Heat Wave|p2b: Sylveon
|-damage|p2b: Sylveon|18/100
|move|p2b: Sylveon|Hyper Voice|p1b: Charizard
|-resisted|p1b: Charizard|1
|-damage|p1b: Charizard|22/100
|
|upkeep
|turn|10
|inactive|xflecha has 30 seconds left.
|
|t:|1784381584
|move|p2b: Sylveon|Detect|p2b: Sylveon
|-singleturn|p2b: Sylveon|Protect
|move|p1b: Charizard|Weather Ball|p2b: Sylveon
|-activate|p2b: Sylveon|move: Protect
|
|upkeep
|turn|11
|
|t:|1784381596
|move|p1b: Charizard|Heat Wave|p2b: Sylveon
|-damage|p2b: Sylveon|0 fnt
|faint|p2b: Sylveon
|
|win|xflecha
||Agf79 is ready for game 2.
||xflecha is ready for game 2.
|uhtml|next|Next: Game 2 of 3
