|j|☆lololegacy
|j|☆GS Barnabe
|html|lololegacyGS Barnabe    
|uhtml|bestof|Game 3 of a best-of-3
|t:|1785940096
|gametype|doubles
|player|p1|lololegacy|cynthia|1108
|player|p2|GS Barnabe|1|1102
|gen|9
|tier|[Gen 9 Champions] VGC 2026 Reg M-B (Bo3)
|rated|
|rule|Species Clause: Limit one of each Pokémon
|rule|Item Clause: Limit 1 of each item
|clearpoke
|poke|p1|Basculegion, L50, M, shiny|
|poke|p1|Toxapex, L50, F|
|poke|p1|Maushold, L50|
|poke|p1|Talonflame, L50, F|
|poke|p1|Venusaur, L50, M|
|poke|p1|Blastoise, L50, M|
|poke|p2|Clefable, L50, F|
|poke|p2|Tyranitar, L50, F|
|poke|p2|Garchomp, L50, F|
|poke|p2|Gholdengo, L50|
|poke|p2|Rotom-Wash, L50|
|poke|p2|Aerodactyl, L50, F|
|teampreview|4
|showteam|p1|Basculegion||ChoiceScarf|Adaptability|LastRespects,FlipTurn,WaveCrash,AquaJet|Jolly||M|||50|]Toxapex||Leftovers|Regenerator|BanefulBunker,ToxicSpikes,Recover,WideGuard|Relaxed||F|||50|]Maushold||WideLens|Technician|PopulationBomb,Taunt,Protect,FollowMe|Adamant|||||50|]Talonflame||FocusSash|GaleWings|Protect,BraveBird,Tailwind,Whirlwind|Adamant||F|||50|]Venusaur||Venusaurite|Chlorophyll|EarthPower,GigaDrain,Protect,SleepPowder|Calm||M|||50|]Blastoise||Blastoisinite|Torrent|AuraSphere,IceBeam,Protect,DarkPulse|Timid||M|||50|
|showteam|p2|Clefable||SitrusBerry|Unaware|Moonblast,FollowMe,HealPulse,Protect|Bold||F|||50|]Tyranitar||ChoiceScarf|SandStream|RockSlide,KnockOff,IcePunch,Superpower|Jolly||F|||50|]Garchomp||Garchompite|SandVeil|DracoMeteor,EarthPower,PowerGem,Protect|Modest||F|||50|]Gholdengo||LifeOrb|GoodasGold|MakeItRain,ShadowBall,NastyPlot,Protect|Modest|||||50|]Rotom-Wash||Leftovers|Levitate|HydroPump,VoltSwitch,WillOWisp,Protect|Calm|||||50|]Aerodactyl||Aerodactylite|RockHead|RockSlide,DualWingbeat,Tailwind,Protect|Jolly||F|||50|
|
|t:|1785940125
|teamsize|p1|4
|teamsize|p2|4
|start
|switch|p1a: America|Talonflame, L50, F|100/100
|switch|p1b: Big Man|Blastoise, L50, M|100/100
|switch|p2a: Aerodactyl|Aerodactyl, L50, F|100/100
|switch|p2b: Tyranitar|Tyranitar, L50, F|100/100
|-weather|Sandstorm|[from] ability: Sand Stream|[of] p2b: Tyranitar
|turn|1
|
|t:|1785940147
|switch|p2b: Clefable|Clefable, L50, F|100/100
|detailschange|p2a: Aerodactyl|Aerodactyl-Mega, L50, F
|-mega|p2a: Aerodactyl|Aerodactyl|Aerodactylite
|detailschange|p1b: Big Man|Blastoise-Mega, L50, M
|-mega|p1b: Big Man|Blastoise|Blastoisinite
|move|p1a: America|Tailwind|p1a: America
|-sidestart|p1: lololegacy|move: Tailwind
|move|p1b: Big Man|Ice Beam|p2a: Aerodactyl
|-supereffective|p2a: Aerodactyl|1
|-damage|p2a: Aerodactyl|61/100
|move|p2a: Aerodactyl|Rock Slide|p1a: America|[spread] p1a,p1b
|-supereffective|p1a: America|2
|-enditem|p1a: America|Focus Sash
|-damage|p1a: America|1/100
|-damage|p1b: Big Man|77/100
|
|-weather|Sandstorm|[upkeep]
|-damage|p1a: America|0 fnt|[from] Sandstorm
|-damage|p1b: Big Man|72/100|[from] Sandstorm
|-damage|p2b: Clefable|94/100|[from] Sandstorm
|faint|p1a: America
|upkeep
|
|t:|1785940166
|switch|p1a: The Olivers|Maushold, L50|100/100
|turn|2
|
|t:|1785940191
|move|p2b: Clefable|Follow Me|p2b: Clefable
|-singleturn|p2b: Clefable|move: Follow Me
|move|p1a: The Olivers|Taunt|p2b: Clefable
|-start|p2b: Clefable|move: Taunt
|move|p1b: Big Man|Ice Beam|p2b: Clefable
|-damage|p2b: Clefable|69/100
|move|p2a: Aerodactyl|Tailwind|p2a: Aerodactyl
|-sidestart|p2: GS Barnabe|move: Tailwind
|
|-weather|Sandstorm|[upkeep]
|-damage|p1a: The Olivers|94/100|[from] Sandstorm
|-damage|p1b: Big Man|66/100|[from] Sandstorm
|-damage|p2b: Clefable|63/100|[from] Sandstorm
|upkeep
|turn|3
|
|t:|1785940218
|switch|p2b: Gholdengo|Gholdengo, L50|100/100
|move|p1b: Big Man|Protect|p1b: Big Man
|-singleturn|p1b: Big Man|Protect
|move|p2a: Aerodactyl|Rock Slide|p1b: Big Man|[spread] 
|-activate|p1b: Big Man|move: Protect
|-miss|p2a: Aerodactyl|p1a: The Olivers
|move|p1a: The Olivers|Population Bomb|p2b: Gholdengo
|-immune|p2b: Gholdengo
|
|-weather|Sandstorm|[upkeep]
|-damage|p1a: The Olivers|88/100|[from] Sandstorm
|-damage|p1b: Big Man|60/100|[from] Sandstorm
|upkeep
|turn|4
|
|t:|1785940247
|move|p2a: Aerodactyl|Rock Slide|p1b: Big Man|[spread] p1a,p1b
|-damage|p1a: The Olivers|38/100
|-damage|p1b: Big Man|34/100
|move|p1a: The Olivers|Taunt|p2a: Aerodactyl
|-start|p2a: Aerodactyl|move: Taunt
|move|p1b: Big Man|Dark Pulse|p2b: Gholdengo
|-supereffective|p2b: Gholdengo|1
|-damage|p2b: Gholdengo|31/100
|move|p2b: Gholdengo|Make It Rain|p1b: Big Man|[spread] p1a,p1b
|-resisted|p1b: Big Man|1
|-damage|p1a: The Olivers|0 fnt
|-damage|p1b: Big Man|7/100
|-unboost|p2b: Gholdengo|spa|2
|faint|p1a: The Olivers
|-damage|p2b: Gholdengo|21/100|[from] item: Life Orb
|
|-weather|Sandstorm|[upkeep]
|-damage|p1b: Big Man|1/100|[from] Sandstorm
|-sideend|p1: lololegacy|move: Tailwind
|upkeep
|
|t:|1785940266
|switch|p1a: Phish|Basculegion, L50, M, shiny|100/100
|turn|5
|
|t:|1785940279
|move|p1b: Big Man|Protect|p1b: Big Man
|-singleturn|p1b: Big Man|Protect
|move|p2a: Aerodactyl|Rock Slide|p1a: Phish|[spread] p1a
|-activate|p1b: Big Man|move: Protect
|-damage|p1a: Phish|64/100
|move|p2b: Gholdengo|Shadow Ball|p1a: Phish
|-supereffective|p1a: Phish|1
|-damage|p1a: Phish|8/100
|-damage|p2b: Gholdengo|12/100|[from] item: Life Orb
|move|p1a: Phish|Wave Crash|p2b: Gholdengo
|-damage|p2b: Gholdengo|0 fnt
|faint|p2b: Gholdengo
|-damage|p1a: Phish|4/100|[from] Recoil
|
|-weather|none
|-sideend|p2: GS Barnabe|move: Tailwind
|upkeep
|
|t:|1785940301
|switch|p2b: Tyranitar|Tyranitar, L50, F|100/100
|-weather|Sandstorm|[from] ability: Sand Stream|[of] p2b: Tyranitar
|turn|6
|
|t:|1785940311
|move|p1a: Phish|Wave Crash|p2a: Aerodactyl
|-supereffective|p2a: Aerodactyl|1
|-damage|p2a: Aerodactyl|0 fnt
|faint|p2a: Aerodactyl
|-damage|p1a: Phish|0 fnt|[from] Recoil
|faint|p1a: Phish
|move|p2b: Tyranitar|Rock Slide|p1b: Big Man
|-damage|p1b: Big Man|0 fnt
|faint|p1b: Big Man
|
|win|GS Barnabe
|raw|lololegacy's rating: 1108 → 1083(-25 for losing)
|raw|GS Barnabe's rating: 1102 → 1127(+25 for winning)
