|j|☆MiamiButcher
|j|☆zachlobbed
|html|MiamiButcherzachlobbed    
|uhtml|bestof|Game 1 of a best-of-3
|t:|1784483748
|gametype|doubles
|player|p1|MiamiButcher|giovanni|1042
|player|p2|zachlobbed|brock|1048
|gen|9
|tier|[Gen 9 Champions] VGC 2026 Reg M-B (Bo3)
|rated|
|rule|Species Clause: Limit one of each Pokémon
|rule|Item Clause: Limit 1 of each item
|clearpoke
|poke|p1|Palafin, L50, F|
|poke|p1|Kingambit, L50, F|
|poke|p1|Ceruledge, L50, M|
|poke|p1|Alakazam, L50, M|
|poke|p1|Garchomp, L50, M|
|poke|p1|Sneasler, L50, F|
|poke|p2|Charizard, L50, M|
|poke|p2|Floette-Eternal, L50, F|
|poke|p2|Whimsicott, L50, F|
|poke|p2|Garchomp, L50, F|
|poke|p2|Basculegion, L50, M|
|poke|p2|Kingambit, L50, F|
|teampreview|4
|showteam|p1|Palafin||Leftovers|ZerotoHero|BulkUp,JetPunch,DrainPunch,Taunt|Adamant||F|||50|]Kingambit||ChopleBerry|SupremeOverlord|SwordsDance,KowtowCleave,SuckerPunch,IronHead|Adamant||F|||50|]Ceruledge||ShucaBerry|WeakArmor|SwordsDance,BitterBlade,Poltergeist,ShadowSneak|Adamant||M|||50|]Alakazam||Alakazite|MagicGuard|NastyPlot,Psychic,ShadowBall,FocusBlast|Timid||M|||50|]Garchomp||SitrusBerry|RoughSkin|Earthquake,DragonTail,StealthRock,Spikes|Impish||M|||50|]Sneasler||WhiteHerb|Unburden|SwordsDance,CloseCombat,Acrobatics,DireClaw|Adamant||F|||50|
|showteam|p2|Charizard||CharizarditeY|Blaze|Protect,HeatWave,SolarBeam,WeatherBall|Modest||M|||50|]Floette-Eternal||Floettite|FlowerVeil|Protect,LightofRuin,Moonblast,DazzlingGleam|Timid||F|||50|]Whimsicott||FocusSash|Prankster|Protect,Tailwind,Moonblast,Encore|Timid||F|||50|]Garchomp||LifeOrb|RoughSkin|Protect,DragonClaw,Earthquake,RockSlide|Jolly||F|||50|]Basculegion||MysticWater|Adaptability|Protect,AquaJet,WaveCrash,LastRespects|Adamant||M|||50|]Kingambit||BlackGlasses|Defiant|Protect,LowKick,SuckerPunch,KowtowCleave|Adamant||F|||50|
|inactive|Battle timer is ON: inactive players will automatically lose when time's up. (requested by zachlobbed)
|inactive|MiamiButcher also wants the timer to be on.
|
|t:|1784483768
|teamsize|p1|4
|teamsize|p2|4
|start
|switch|p1a: Sneasler|Sneasler, L50, F|100/100
|switch|p1b: Palafin|Palafin, L50, F|100/100
|switch|p2a: Whimsicott|Whimsicott, L50, F|100/100
|switch|p2b: Basculegion|Basculegion, L50, M|100/100
|turn|1
|inactive|MiamiButcher has 30 seconds left.
|
|t:|1784483801
|detailschange|p1b: Palafin|Palafin-Hero, L50, F
|switch|p1b: Kingambit|Kingambit, L50, F|100/100
|move|p2a: Whimsicott|Tailwind|p2a: Whimsicott
|-sidestart|p2: zachlobbed|move: Tailwind
|move|p2b: Basculegion|Wave Crash|p1a: Sneasler
|-damage|p1a: Sneasler|0 fnt
|faint|p1a: Sneasler
|-damage|p2b: Basculegion|69/100|[from] Recoil
|
|upkeep
|
|t:|1784483815
|switch|p1a: Palafin|Palafin-Hero, L50, F|100/100
|-activate|p1a: Palafin|ability: Zero to Hero
|turn|2
|
|t:|1784483827
|move|p2b: Basculegion|Aqua Jet|p1b: Kingambit
|-damage|p1b: Kingambit|71/100
|move|p2a: Whimsicott|Moonblast|p1b: Kingambit
|-damage|p1b: Kingambit|33/100
|move|p1a: Palafin|Taunt|p2a: Whimsicott
|-start|p2a: Whimsicott|move: Taunt
|move|p1b: Kingambit|Kowtow Cleave|p2b: Basculegion
|-supereffective|p2b: Basculegion|1
|-damage|p2b: Basculegion|0 fnt
|faint|p2b: Basculegion
|
|upkeep
|
|t:|1784483836
|switch|p2b: Charizard|Charizard, L50, M|100/100
|turn|3
|
|t:|1784483848
|detailschange|p2b: Charizard|Charizard-Mega-Y, L50, M
|-mega|p2b: Charizard|Charizard|Charizardite Y
|-weather|SunnyDay|[from] ability: Drought|[of] p2b: Charizard
|move|p1b: Kingambit|Sucker Punch|p2a: Whimsicott
|-resisted|p2a: Whimsicott|1
|-damage|p2a: Whimsicott|68/100
|move|p2a: Whimsicott|Moonblast|p1b: Kingambit
|-damage|p1b: Kingambit|0 fnt
|faint|p1b: Kingambit
|-end|p1b: Kingambit|fallenundefined|[silent]
|move|p2b: Charizard|Solar Beam||[still]
|-prepare|p2b: Charizard|Solar Beam
|-anim|p2b: Charizard|Solar Beam|p1a: Palafin
|-supereffective|p1a: Palafin|1
|-damage|p1a: Palafin|25/100
|move|p1a: Palafin|Bulk Up|p1a: Palafin
|-boost|p1a: Palafin|atk|1
|-boost|p1a: Palafin|def|1
|
|-weather|SunnyDay|[upkeep]
|-heal|p1a: Palafin|31/100|[from] item: Leftovers
|upkeep
|
|t:|1784483864
|switch|p1b: Alakazam|Alakazam, L50, M|100/100
|turn|4
|
|t:|1784483873
|detailschange|p1b: Alakazam|Alakazam-Mega, L50, M
|-mega|p1b: Alakazam|Alakazam|Alakazite
|-ability|p1b: Alakazam|Drought|Trace|[from] ability: Trace|[of] p2b: Charizard
|move|p1a: Palafin|Jet Punch|p2b: Charizard
|-supereffective|p2b: Charizard|1
|-damage|p2b: Charizard|49/100
|move|p2a: Whimsicott|Moonblast|p1a: Palafin
|-damage|p1a: Palafin|2/100
|move|p2b: Charizard|Weather Ball|p1b: Alakazam
|-damage|p1b: Alakazam|0 fnt
|faint|p1b: Alakazam
|
|-weather|SunnyDay|[upkeep]
|-heal|p1a: Palafin|8/100|[from] item: Leftovers
|-sideend|p2: zachlobbed|move: Tailwind
|upkeep
|turn|5
|
|t:|1784483893
|move|p2b: Charizard|Protect|p2b: Charizard
|-singleturn|p2b: Charizard|Protect
|move|p1a: Palafin|Jet Punch|p2b: Charizard
|-activate|p2b: Charizard|move: Protect
|move|p2a: Whimsicott|Moonblast|p1a: Palafin
|-damage|p1a: Palafin|0 fnt
|faint|p1a: Palafin
|
|win|zachlobbed
