|j|☆QueerCrocodile
|j|☆starlight74
|html|QueerCrocodilestarlight74    
|uhtml|bestof|Game 3 of a best-of-3
|t:|1784174073
|gametype|doubles
|player|p1|QueerCrocodile|cynthia-gen4|1531
|player|p2|starlight74|anabel-gen7|1453
|gen|9
|tier|[Gen 9 Champions] VGC 2026 Reg M-B (Bo3)
|rated|
|rule|Species Clause: Limit one of each Pokémon
|rule|Item Clause: Limit 1 of each item
|clearpoke
|poke|p1|Floette-Eternal, L50, F|
|poke|p1|Whimsicott, L50, M, shiny|
|poke|p1|Arcanine-Hisui, L50, F|
|poke|p1|Basculegion, L50, M|
|poke|p1|Kingambit, L50, M, shiny|
|poke|p1|Dragonite, L50, F, shiny|
|poke|p2|Dragonite, L50, M|
|poke|p2|Metagross, L50, shiny|
|poke|p2|Sneasler, L50, F|
|poke|p2|Ninetales-Alola, L50, F|
|poke|p2|Lycanroc-Dusk, L50, F|
|poke|p2|Rotom-Wash, L50|
|teampreview|4
|showteam|p1|Floette-Eternal||Floettite|FlowerVeil|Moonblast,DazzlingGleam,LightofRuin,Protect|Modest||F|||50|]Whimsicott||FocusSash|Prankster|Tailwind,Moonblast,Encore,Protect|Timid||M|||50|]Arcanine-Hisui||SitrusBerry|RockHead|RockSlide,FlareBlitz,HeadSmash,Protect|Jolly||F|||50|]Basculegion||ChoiceScarf|Adaptability|WaveCrash,LastRespects,AquaJet,FlipTurn|Jolly||M|||50|]Kingambit||BlackGlasses|Defiant|KowtowCleave,SuckerPunch,IronHead,Protect|Adamant||M|||50|]Dragonite||DragonFang|InnerFocus|DragonClaw,ExtremeSpeed,LowKick,Protect|Adamant||F|||50|
|showteam|p2|Dragonite||LifeOrb|InnerFocus|DragonClaw,ExtremeSpeed,LowKick,Protect|Adamant||M|||50|]Metagross||Metagrossite|ClearBody|PsychicFangs,BulletPunch,Substitute,Protect|Jolly|||||50|]Sneasler||WhiteHerb|Unburden|CloseCombat,DireClaw,FakeOut,Protect|Adamant||F|||50|]Ninetales-Alola||NeverMeltIce|SnowWarning|Blizzard,FreezeDry,Encore,Protect|Timid||F|||50|]Lycanroc-Dusk||FocusSash|ToughClaws|Accelerock,CloseCombat,RockSlide,Protect|Jolly||F|||50|]Rotom-Wash||ChoiceScarf|Levitate|Thunderbolt,VoltSwitch,HydroPump,Trick|Timid|||||50|
|inactive|Battle timer is ON: inactive players will automatically lose when time's up. (requested by QueerCrocodile)
|inactive|starlight74 also wants the timer to be on.
|
|t:|1784174089
|teamsize|p1|4
|teamsize|p2|4
|start
|switch|p1a: Whimsicott|Whimsicott, L50, M, shiny|100/100
|switch|p1b: Floette|Floette-Eternal, L50, F|100/100
|switch|p2a: Metagross|Metagross, L50, shiny|100/100
|switch|p2b: Sneasler|Sneasler, L50, F|100/100
|turn|1
|inactive|QueerCrocodile has 30 seconds left.
|
|t:|1784174115
|switch|p2b: Lycanroc|Lycanroc-Dusk, L50, F|100/100
|switch|p1b: Kingambit|Kingambit, L50, M, shiny|100/100
|detailschange|p2a: Metagross|Metagross-Mega, L50, shiny
|-mega|p2a: Metagross|Metagross|Metagrossite
|move|p2a: Metagross|Bullet Punch|p1b: Kingambit
|-resisted|p1b: Kingambit|1
|-damage|p1b: Kingambit|89/100
|move|p1a: Whimsicott|Moonblast|p2b: Lycanroc
|-damage|p2b: Lycanroc|42/100
|
|upkeep
|turn|2
|
|t:|1784174135
|move|p1b: Kingambit|Protect|p1b: Kingambit
|-singleturn|p1b: Kingambit|Protect
|move|p1a: Whimsicott|Tailwind|p1a: Whimsicott
|-sidestart|p1: QueerCrocodile|move: Tailwind
|move|p2b: Lycanroc|Accelerock|p1a: Whimsicott
|-damage|p1a: Whimsicott|59/100
|move|p2a: Metagross|Substitute|p2a: Metagross
|-start|p2a: Metagross|Substitute
|-damage|p2a: Metagross|75/100
|
|upkeep
|turn|3
|
|t:|1784174147
|move|p2a: Metagross|Protect|p2a: Metagross
|-singleturn|p2a: Metagross|Protect
|move|p1a: Whimsicott|Encore|p2b: Lycanroc
|-start|p2b: Lycanroc|Encore
|move|p2b: Lycanroc|Accelerock|p1b: Kingambit
|-resisted|p1b: Kingambit|1
|-damage|p1b: Kingambit|79/100
|move|p1b: Kingambit|Kowtow Cleave|p2a: Metagross
|-activate|p2a: Metagross|move: Protect
|
|upkeep
|turn|4
|
|t:|1784174163
|switch|p2a: Sneasler|Sneasler, L50, F|100/100
|move|p1a: Whimsicott|Protect|p1a: Whimsicott
|-singleturn|p1a: Whimsicott|Protect
|move|p2b: Lycanroc|Accelerock|p1a: Whimsicott
|-activate|p1a: Whimsicott|move: Protect
|move|p1b: Kingambit|Kowtow Cleave|p2a: Sneasler
|-resisted|p2a: Sneasler|1
|-damage|p2a: Sneasler|60/100
|
|upkeep
|turn|5
|inactive|starlight74 has 30 seconds left.
|
|t:|1784174197
|switch|p2a: Metagross|Metagross-Mega, L50, shiny|75/100
|move|p2b: Lycanroc|Accelerock|p1a: Whimsicott
|-damage|p1a: Whimsicott|18/100
|move|p1a: Whimsicott|Moonblast|p2b: Lycanroc
|-damage|p2b: Lycanroc|0 fnt
|faint|p2b: Lycanroc
|move|p1b: Kingambit|Iron Head|p2a: Metagross
|-resisted|p2a: Metagross|1
|-damage|p2a: Metagross|56/100
|
|-sideend|p1: QueerCrocodile|move: Tailwind
|upkeep
|
|t:|1784174210
|switch|p2b: Sneasler|Sneasler, L50, F|60/100
|turn|6
|
|t:|1784174219
|move|p1a: Whimsicott|Tailwind|p1a: Whimsicott
|-sidestart|p1: QueerCrocodile|move: Tailwind
|move|p2a: Metagross|Bullet Punch|p1a: Whimsicott
|-supereffective|p1a: Whimsicott|1
|-damage|p1a: Whimsicott|0 fnt
|faint|p1a: Whimsicott
|move|p1b: Kingambit|Iron Head|p2b: Sneasler
|-damage|p2b: Sneasler|0 fnt
|faint|p2b: Sneasler
|
|upkeep
|
|t:|1784174229
|switch|p1a: Floette|Floette-Eternal, L50, F|100/100
|switch|p2b: Rotom|Rotom-Wash, L50|100/100
|turn|7
|
|t:|1784174238
|detailschange|p1a: Floette|Floette-Mega, L50, F
|-mega|p1a: Floette|Floette|Floettite
|-ability|p1a: Floette|Fairy Aura
|move|p2a: Metagross|Protect|p2a: Metagross
|-singleturn|p2a: Metagross|Protect
|move|p1b: Kingambit|Sucker Punch|p2b: Rotom
|-damage|p2b: Rotom|36/100
|move|p1a: Floette|Moonblast|p2b: Rotom
|-damage|p2b: Rotom|0 fnt
|faint|p2b: Rotom
|
|upkeep
|turn|8
|c|☆starlight74|ggs
|c|☆QueerCrocodile|ggs
|
|t:|1784174254
|move|p2a: Metagross|Bullet Punch|p1b: Kingambit
|-resisted|p1b: Kingambit|1
|-damage|p1b: Kingambit|67/100
|move|p1a: Floette|Moonblast|p2a: Metagross
|-resisted|p2a: Metagross|1
|-damage|p2a: Metagross|15/100
|move|p1b: Kingambit|Kowtow Cleave|p2a: Metagross
|-supereffective|p2a: Metagross|1
|-damage|p2a: Metagross|0 fnt
|faint|p2a: Metagross
|
|win|QueerCrocodile
|raw|QueerCrocodile's rating: 1531 → 1547(+16 for winning)
|raw|starlight74's rating: 1453 → 1437(-16 for losing)
