|j|☆defaultmii
|j|☆Lab01JNEST
|html|defaultmiiLab01JNEST    
|uhtml|bestof|Game 2 of a best-of-3
|t:|1757639246
|gametype|doubles
|player|p1|defaultmii|101|1135
|player|p2|Lab01JNEST|101|1193
|gen|9
|tier|[Gen 9] VGC 2025 Reg H (Bo3)
|rated|
|rule|Species Clause: Limit one of each Pokémon
|rule|Item Clause: Limit 1 of each item
|clearpoke
|poke|p1|Annihilape, L50, F|
|poke|p1|Kingambit, L50, F|
|poke|p1|Amoonguss, L50, F|
|poke|p1|Dragonite, L50, M|
|poke|p1|Incineroar, L50, M|
|poke|p1|Gholdengo, L50|
|poke|p2|Tyranitar, L50, M|
|poke|p2|Garchomp, L50, M|
|poke|p2|Sinistcha, L50|
|poke|p2|Dragonite, L50, F|
|poke|p2|Corviknight, L50, M|
|poke|p2|Volcarona, L50, F|
|teampreview|4
|showteam|p1|Annihilape||FocusSash|Defiant|CloseCombat,RageFist,Coaching,FinalGambit|||F|||50|,,,,,Grass]Kingambit||AssaultVest|Defiant|KowtowCleave,SuckerPunch,LowKick,IronHead|||F|||50|,,,,,Dark]Amoonguss||SitrusBerry|Regenerator|Spore,RagePowder,SludgeBomb,Protect|||F|||50|,,,,,Fire]Dragonite||LoadedDice|Multiscale|ScaleShot,ExtremeSpeed,Haze,Protect|||M|||50|,,,,,Fairy]Incineroar||SafetyGoggles|Intimidate|FlareBlitz,FakeOut,PartingShot,KnockOff|||M|||50|,,,,,Ghost]Gholdengo||LifeOrb|GoodasGold|MakeItRain,ShadowBall,NastyPlot,Protect||||||50|,,,,,Steel
|showteam|p2|Tyranitar||AssaultVest|SandStream|RockSlide,KnockOff,TeraBlast,LowKick|||M|||50|,,,,,Flying]Garchomp||LifeOrb|RoughSkin|Protect,DragonClaw,StompingTantrum,Earthquake|||M|||50|,,,,,Ground]Sinistcha||RockyHelmet|Hospitality|MatchaGotcha,LifeDew,TrickRoom,RagePowder||||||50|,,,,,Dark]Dragonite||ChoiceBand|InnerFocus|Outrage,ExtremeSpeed,IceSpinner,AerialAce|||F|||50|,,,,,Normal]Corviknight||SitrusBerry|MirrorArmor|Tailwind,BulkUp,Roost,BraveBird|||M|||50|,,,,,Dragon]Volcarona||Leftovers|FlameBody|FieryDance,GigaDrain,QuiverDance,Protect|||F|||50|,,,,,Dragon
|inactive|Battle timer is ON: inactive players will automatically lose when time's up. (requested by Lab01JNEST)
|inactive|defaultmii has 60 seconds left.
|
|t:|1757639283
|teamsize|p1|4
|teamsize|p2|4
|start
|switch|p1a: Dragonite|Dragonite, L50, M|100/100
|switch|p1b: Incineroar|Incineroar, L50, M|100/100
|switch|p2a: Volcarona|Volcarona, L50, F|100/100
|switch|p2b: Dragonite|Dragonite, L50, F|100/100
|-ability|p1b: Incineroar|Intimidate|boost
|-unboost|p2a: Volcarona|atk|1
|-fail|p2b: Dragonite|unboost|Attack|[from] ability: Inner Focus|[of] p2b: Dragonite
|turn|1
|
|t:|1757639303
|switch|p2a: Tyranitar|Tyranitar, L50, M|100/100
|-weather|Sandstorm|[from] ability: Sand Stream|[of] p2a: Tyranitar
|-terastallize|p2b: Dragonite|Normal
|move|p1b: Incineroar|Fake Out|p2a: Tyranitar
|-resisted|p2a: Tyranitar
|-damage|p2a: Tyranitar|96/100
|move|p1a: Dragonite|Scale Shot|p2b: Dragonite
|-damage|p2b: Dragonite|83/100
|-damage|p2b: Dragonite|67/100
|-damage|p2b: Dragonite|51/100
|-damage|p2b: Dragonite|34/100
|-damage|p2b: Dragonite|18/100
|-hitcount|p2b: Dragonite|5
|-unboost|p1a: Dragonite|def|1
|-boost|p1a: Dragonite|spe|1
|move|p2b: Dragonite|Outrage|p1b: Incineroar
|-damage|p1b: Incineroar|0 fnt
|faint|p1b: Incineroar
|
|-weather|Sandstorm|[upkeep]
|-damage|p1a: Dragonite|95/100|[from] Sandstorm
|-damage|p2b: Dragonite|12/100|[from] Sandstorm
|upkeep
|
|t:|1757639325
|switch|p1b: Kingambit|Kingambit, L50, F|100/100
|turn|2
|
|t:|1757639340
|move|p1a: Dragonite|Extreme Speed|p2b: Dragonite
|-damage|p2b: Dragonite|0 fnt
|faint|p2b: Dragonite
|move|p2a: Tyranitar|Rock Slide|p1b: Kingambit|[spread] p1a,p1b
|-supereffective|p1a: Dragonite
|-resisted|p1b: Kingambit
|-damage|p1a: Dragonite|0 fnt
|-damage|p1b: Kingambit|87/100
|faint|p1a: Dragonite
|cant|p1b: Kingambit|flinch
|
|-weather|Sandstorm|[upkeep]
|upkeep
|
|t:|1757639350
|switch|p1a: Annihilape|Annihilape, L50, F|100/100
|switch|p2b: Volcarona|Volcarona, L50, F|100/100
|turn|3
|inactive|defaultmii has 30 seconds left.
|inactive|defaultmii has 20 seconds left.
|inactive|defaultmii has 15 seconds left.
|
|t:|1757639391
|-terastallize|p1b: Kingambit|Dark
|move|p1a: Annihilape|Close Combat|p2a: Tyranitar
|-supereffective|p2a: Tyranitar
|-damage|p2a: Tyranitar|0 fnt
|-unboost|p1a: Annihilape|def|1
|-unboost|p1a: Annihilape|spd|1
|faint|p2a: Tyranitar
|move|p2b: Volcarona|Quiver Dance|p2b: Volcarona
|-boost|p2b: Volcarona|spa|1
|-boost|p2b: Volcarona|spd|1
|-boost|p2b: Volcarona|spe|1
|move|p1b: Kingambit|Kowtow Cleave|p2b: Volcarona
|-damage|p2b: Volcarona|21/100
|
|-weather|Sandstorm|[upkeep]
|-damage|p2b: Volcarona|15/100|[from] Sandstorm
|-damage|p1a: Annihilape|95/100|[from] Sandstorm
|-damage|p1b: Kingambit|82/100|[from] Sandstorm
|-heal|p2b: Volcarona|21/100|[from] item: Leftovers
|upkeep
|
|t:|1757639398
|switch|p2a: Sinistcha|Sinistcha, L50|100/100
|-heal|p2b: Volcarona|46/100|[from] ability: Hospitality|[of] p2a: Sinistcha
|turn|4
|
|t:|1757639418
|move|p2a: Sinistcha|Rage Powder|p2a: Sinistcha
|-singleturn|p2a: Sinistcha|move: Rage Powder
|move|p1b: Kingambit|Sucker Punch||[still]
|-fail|p1b: Kingambit
|move|p2b: Volcarona|Giga Drain|p1a: Annihilape
|-damage|p1a: Annihilape|41/100
|-heal|p2b: Volcarona|77/100|[from] drain|[of] p1a: Annihilape
|move|p1a: Annihilape|Rage Fist|p2a: Sinistcha
|-supereffective|p2a: Sinistcha
|-damage|p2a: Sinistcha|25/100
|-damage|p1a: Annihilape|24/100|[from] item: Rocky Helmet|[of] p2a: Sinistcha
|
|-weather|Sandstorm|[upkeep]
|-damage|p2b: Volcarona|70/100|[from] Sandstorm
|-damage|p1a: Annihilape|18/100|[from] Sandstorm
|-damage|p1b: Kingambit|76/100|[from] Sandstorm
|-damage|p2a: Sinistcha|19/100|[from] Sandstorm
|-heal|p2b: Volcarona|77/100|[from] item: Leftovers
|upkeep
|turn|5
|
|t:|1757639440
|move|p2a: Sinistcha|Rage Powder|p2a: Sinistcha
|-singleturn|p2a: Sinistcha|move: Rage Powder
|move|p2b: Volcarona|Fiery Dance|p1b: Kingambit
|-damage|p1b: Kingambit|38/100
|move|p1a: Annihilape|Rage Fist|p2a: Sinistcha
|-supereffective|p2a: Sinistcha
|-damage|p2a: Sinistcha|0 fnt
|-damage|p1a: Annihilape|2/100|[from] item: Rocky Helmet|[of] p2a: Sinistcha
|faint|p2a: Sinistcha
|move|p1b: Kingambit|Kowtow Cleave|p2b: Volcarona
|-damage|p2b: Volcarona|0 fnt
|faint|p2b: Volcarona
|
|win|defaultmii
