|j|☆robby w
|j|☆void25o
|html|robby wvoid25o    
|uhtml|bestof|Game 3 of a best-of-3
|t:|1757816428
|gametype|doubles
|player|p1|robby w|chuck|1339
|player|p2|void25o|miku-ghost|1333
|gen|9
|tier|[Gen 9] VGC 2025 Reg H (Bo3)
|rated|
|rule|Species Clause: Limit one of each Pokémon
|rule|Item Clause: Limit 1 of each item
|clearpoke
|poke|p1|Archaludon, L50, M|
|poke|p1|Dondozo, L50, F|
|poke|p1|Tatsugiri, L50, M|
|poke|p1|Pelipper, L50, F|
|poke|p1|Sneasler, L50, M|
|poke|p1|Indeedee, L50, M|
|poke|p2|Volcarona, L50, M|
|poke|p2|Indeedee, L50, M|
|poke|p2|Sneasler, L50, F|
|poke|p2|Amoonguss, L50, F|
|poke|p2|Tyranitar, L50, M|
|poke|p2|Dragonite, L50, M|
|teampreview|4
|showteam|p1|Archaludon||AssaultVest|Stamina|BodyPress,FlashCannon,DragonPulse,ElectroShot|||M|||50|,,,,,Bug]Dondozo||Leftovers|Unaware|Protect,WaveCrash,Earthquake,OrderUp|||F|||50|,,,,,Grass]Tatsugiri||ChoiceScarf|Commander|IcyWind,TeraBlast,DracoMeteor,MuddyWater|||M|||50|,,,,,Steel]Pelipper||CovertCloak|Drizzle|Tailwind,Protect,WeatherBall,Hurricane|||F|||50|,,,,,Water]Sneasler||PsychicSeed|Unburden|ThroatChop,DireClaw,CloseCombat,Protect|||M|||50|,,,,,Dark]Indeedee||FocusSash|PsychicSurge|ExpandingForce,TrickRoom,Imprison,Protect|||M|||50|,,,,,Psychic
|showteam|p2|Volcarona||SafetyGoggles|FlameBody|HeatWave,TeraBlast,QuiverDance,Protect|||M|||50|,,,,,Fairy]Indeedee||FocusSash|PsychicSurge|ExpandingForce,TeraBlast,Imprison,TrickRoom|||M|||50|,,,,,Psychic]Sneasler||PsychicSeed|Unburden|CloseCombat,DireClaw,ThroatChop,Protect|||F|||50|,,,,,Dark]Amoonguss||RockyHelmet|Regenerator|PollenPuff,Spore,RagePowder,Protect|||F|||50|,,,,,Fairy]Tyranitar||AssaultVest|SandStream|KnockOff,RockSlide,TeraBlast,LowKick|||M|||50|,,,,,Flying]Dragonite||LoadedDice|InnerFocus|ScaleShot,Haze,Tailwind,Protect|||M|||50|,,,,,Fairy
|inactive|Battle timer is ON: inactive players will automatically lose when time's up. (requested by void25o)
|j| jeanryupr
|inactive|void25o has 60 seconds left.
|
|t:|1757816471
|teamsize|p1|4
|teamsize|p2|4
|start
|switch|p1a: Dondozo|Dondozo, L50, F, shiny|100/100
|switch|p1b: Archaludon|Archaludon, L50, M, shiny|100/100
|switch|p2a: Magellan|Sneasler, L50, F|100/100
|switch|p2b: Tyranitar|Tyranitar, L50, M|100/100
|-weather|Sandstorm|[from] ability: Sand Stream|[of] p2b: Tyranitar
|turn|1
|
|t:|1757816482
|switch|p1b: Tatsugiri|Tatsugiri, L50, M|100/100
|-activate|p1b: Tatsugiri|ability: Commander|[of] p1a: Dondozo
|-boost|p1a: Dondozo|atk|2
|-boost|p1a: Dondozo|spa|2
|-boost|p1a: Dondozo|spe|2
|-boost|p1a: Dondozo|def|2
|-boost|p1a: Dondozo|spd|2
|switch|p2b: Dragonite|Dragonite, L50, M|100/100
|move|p1a: Dondozo|Wave Crash|p2b: Dragonite
|-resisted|p2b: Dragonite
|-damage|p2b: Dragonite|37/100
|-damage|p1a: Dondozo|85/100|[from] Recoil
|move|p2a: Magellan|Dire Claw|p1a: Dondozo
|-damage|p1a: Dondozo|69/100
|
|-weather|Sandstorm|[upkeep]
|-damage|p1b: Tatsugiri|95/100|[from] Sandstorm
|-damage|p1a: Dondozo|63/100|[from] Sandstorm
|-damage|p2a: Magellan|95/100|[from] Sandstorm
|-damage|p2b: Dragonite|31/100|[from] Sandstorm
|-heal|p1a: Dondozo|69/100|[from] item: Leftovers
|upkeep
|turn|2
|
|t:|1757816503
|move|p2b: Dragonite|Protect|p2b: Dragonite
|-singleturn|p2b: Dragonite|Protect
|move|p1a: Dondozo|Order Up|p2b: Dragonite
|-activate|p2b: Dragonite|move: Protect
|move|p2a: Magellan|Dire Claw|p1a: Dondozo
|-crit|p1a: Dondozo
|-damage|p1a: Dondozo|24/100
|
|-weather|Sandstorm|[upkeep]
|-damage|p1b: Tatsugiri|89/100|[from] Sandstorm
|-damage|p1a: Dondozo|17/100|[from] Sandstorm
|-damage|p2a: Magellan|89/100|[from] Sandstorm
|-damage|p2b: Dragonite|25/100|[from] Sandstorm
|-heal|p1a: Dondozo|24/100|[from] item: Leftovers
|upkeep
|turn|3
|
|t:|1757816526
|-terastallize|p2b: Dragonite|Fairy
|move|p1a: Dondozo|Order Up|p2b: Dragonite
|-immune|p2b: Dragonite
|move|p2a: Magellan|Dire Claw|p1a: Dondozo
|-damage|p1a: Dondozo|9/100
|-status|p1a: Dondozo|psn
|move|p2b: Dragonite|Haze|p2b: Dragonite
|-clearallboost
|
|-weather|Sandstorm|[upkeep]
|-damage|p1b: Tatsugiri|84/100|[from] Sandstorm
|-damage|p2a: Magellan|83/100|[from] Sandstorm
|-damage|p2b: Dragonite|19/100|[from] Sandstorm
|-damage|p1a: Dondozo|3/100 psn|[from] Sandstorm
|-heal|p1a: Dondozo|9/100 psn|[from] item: Leftovers
|-damage|p1a: Dondozo|0 fnt|[from] psn
|faint|p1a: Dondozo
|upkeep
|
|t:|1757816544
|switch|p1a: Archaludon|Archaludon, L50, M, shiny|100/100
|turn|4
|
|t:|1757816561
|switch|p2b: Shyarly|Indeedee, L50, M|100/100
|-fieldstart|move: Psychic Terrain|[from] ability: Psychic Surge|[of] p2b: Shyarly
|-enditem|p2a: Magellan|Psychic Seed
|-boost|p2a: Magellan|spd|1|[from] item: Psychic Seed
|-terastallize|p1a: Archaludon|Bug
|move|p2a: Magellan|Dire Claw|p1b: Tatsugiri
|-crit|p1b: Tatsugiri
|-damage|p1b: Tatsugiri|0 fnt
|faint|p1b: Tatsugiri
|move|p1a: Archaludon|Dragon Pulse|p2a: Magellan
|-damage|p2a: Magellan|44/100
|
|-weather|Sandstorm|[upkeep]
|-damage|p2a: Magellan|39/100|[from] Sandstorm
|-damage|p2b: Shyarly|95/100|[from] Sandstorm
|-damage|p1a: Archaludon|94/100|[from] Sandstorm
|upkeep
|
|t:|1757816577
|switch|p1b: Pelipper|Pelipper, L50, F|100/100
|-weather|RainDance|[from] ability: Drizzle|[of] p1b: Pelipper
|turn|5
|
|t:|1757816586
|move|p2a: Magellan|Dire Claw|p1b: Pelipper
|-damage|p1b: Pelipper|57/100
|move|p2b: Shyarly|Expanding Force|p1b: Pelipper|[spread] p1a,p1b
|-damage|p1a: Archaludon|45/100
|-damage|p1b: Pelipper|0 fnt
|-ability|p1a: Archaludon|Stamina|boost
|-boost|p1a: Archaludon|def|1
|faint|p1b: Pelipper
|move|p1a: Archaludon|Electro Shot||[still]
|-prepare|p1a: Archaludon|Electro Shot
|-boost|p1a: Archaludon|spa|1
|-anim|p1a: Archaludon|Electro Shot|p2b: Shyarly
|-damage|p2b: Shyarly|5/100
|
|-weather|RainDance|[upkeep]
|upkeep
|turn|6
|-message|robby w forfeited.
|
|win|void25o
|raw|robby w's rating: 1339 → 1319(-20 for losing)
|raw|void25o's rating: 1333 → 1353(+20 for winning)
