|j|☆the crimson wooper
|j|☆poodle sundae
|html|the crimson wooperpoodle sundae    
|uhtml|bestof|Game 1 of a best-of-3
|t:|1782425830
|gametype|doubles
|player|p1|the crimson wooper|yellow|1221
|player|p2|poodle sundae|2|1312
|gen|9
|tier|[Gen 9 Champions] VGC 2026 Reg M-B (Bo3)
|rated|
|rule|Species Clause: Limit one of each Pokémon
|rule|Item Clause: Limit 1 of each item
|clearpoke
|poke|p1|Pelipper, L50, M|
|poke|p1|Archaludon, L50, F|
|poke|p1|Swampert, L50, M|
|poke|p1|Floette-Eternal, L50, F|
|poke|p1|Grimmsnarl, L50, M|
|poke|p1|Sinistcha, L50|
|poke|p2|Metagross, L50|
|poke|p2|Hydreigon, L50, M|
|poke|p2|Venusaur, L50, F|
|poke|p2|Milotic, L50, M|
|poke|p2|Garchomp, L50, M|
|poke|p2|Ceruledge, L50, M|
|teampreview|4
|showteam|p1|Pelipper||FocusSash|Drizzle|Tailwind,Protect,Hurricane,WeatherBall|Timid||M|||50|]Archaludon||Leftovers|Stamina|ElectroShot,DracoMeteor,FlashCannon,Protect|Modest||F|||50|]Swampert||Swampertite|Damp|Protect,HighHorsepower,WaveCrash,IcePunch|Adamant||M|||50|]Floette-Eternal||Floettite|Symbiosis|Protect,DazzlingGleam,Moonblast,LightofRuin|Modest||F|||50|]Grimmsnarl||LightClay|Prankster|LightScreen,Reflect,SpiritBreak,PartingShot|Careful||M|||50|]Sinistcha||SitrusBerry|Hospitality|MatchaGotcha,ShadowBall,RagePowder,Protect|Bold|||||50|
|showteam|p2|Metagross||Metagrossite|ClearBody|IronHead,PsychicFangs,BodyPress,Protect|Jolly|||||50|]Hydreigon||ChoiceScarf|Levitate|DarkPulse,DracoMeteor,Snarl,HeatWave|Modest||M|||50|]Venusaur||Venusaurite|Chlorophyll|GigaDrain,SludgeBomb,EarthPower,Protect|Modest||F|||50|]Milotic||Leftovers|Competitive|MuddyWater,Coil,Hypnosis,Protect|Calm||M|||50|]Garchomp||LifeOrb|RoughSkin|DragonClaw,Earthquake,RockSlide,Protect|Jolly||M|||50|]Ceruledge||ColburBerry|FlashFire|BitterBlade,ShadowSneak,BulkUp,Protect|Adamant||M|||50|
|inactive|Battle timer is ON: inactive players will automatically lose when time's up. (requested by the crimson wooper)
|inactive|the crimson wooper has 60 seconds left.
|inactive|poodle sundae has 60 seconds left.
|
|t:|1782425877
|teamsize|p1|4
|teamsize|p2|4
|start
|switch|p1a: Grimmsnarl|Grimmsnarl, L50, M|100/100
|switch|p1b: Lifeguard|Archaludon, L50, F|100/100
|switch|p2a: Hydreigon|Hydreigon, L50, M|100/100
|switch|p2b: Venusaur|Venusaur, L50, F|100/100
|turn|1
|c|☆poodle sundae|ryu
|inactive|poodle sundae has 30 seconds left.
|c|☆poodle sundae|what the fuck are you doing on my ladder
|c|☆the crimson wooper|hello poodle sundae
|c|☆the crimson wooper|who are you
|inactive|poodle sundae has 20 seconds left.
|c|☆poodle sundae|a tennerps
|inactive|poodle sundae has 15 seconds left.
|c|☆the crimson wooper|oh
|inactive|poodle sundae has 10 seconds left.
|inactive|poodle sundae has 5 seconds left.
|c|☆the crimson wooper|running some bullshit as usual I see
|
|t:|1782425932
|switch|p2a: Metagross|Metagross, L50|100/100
|detailschange|p2b: Venusaur|Venusaur-Mega, L50, F
|-mega|p2b: Venusaur|Venusaur|Venusaurite
|move|p1b: Lifeguard|Protect|p1b: Lifeguard
|-singleturn|p1b: Lifeguard|Protect
|move|p2b: Venusaur|Sludge Bomb|p1a: Grimmsnarl
|-supereffective|p1a: Grimmsnarl|1
|-crit|p1a: Grimmsnarl
|-damage|p1a: Grimmsnarl|0 fnt
|faint|p1a: Grimmsnarl
|
|upkeep
|c|☆poodle sundae|LOOK,
|c|☆poodle sundae|oh
|
|t:|1782425941
|switch|p1a: Skibidi Drizz|Pelipper, L50, M|100/100
|-weather|RainDance|[from] ability: Drizzle|[of] p1a: Skibidi Drizz
|turn|2
|c|☆poodle sundae|that works
|
|t:|1782425956
|move|p1a: Skibidi Drizz|Tailwind|p1a: Skibidi Drizz
|-sidestart|p1: the crimson wooper|move: Tailwind
|move|p1b: Lifeguard|Electro Shot||[still]
|-prepare|p1b: Lifeguard|Electro Shot
|-boost|p1b: Lifeguard|spa|1
|-anim|p1b: Lifeguard|Electro Shot|p2a: Metagross
|-damage|p2a: Metagross|23/100
|move|p2a: Metagross|Psychic Fangs|p1a: Skibidi Drizz
|-damage|p1a: Skibidi Drizz|45/100
|move|p2b: Venusaur|Earth Power|p1b: Lifeguard
|-supereffective|p1b: Lifeguard|1
|-damage|p1b: Lifeguard|16/100
|-ability|p1b: Lifeguard|Stamina|boost
|-boost|p1b: Lifeguard|def|1
|
|-weather|RainDance|[upkeep]
|-heal|p1b: Lifeguard|22/100|[from] item: Leftovers
|upkeep
|turn|3
|
|t:|1782425973
|move|p2a: Metagross|Protect|p2a: Metagross
|-singleturn|p2a: Metagross|Protect
|move|p1a: Skibidi Drizz|Hurricane|p2b: Venusaur
|-supereffective|p2b: Venusaur|1
|-damage|p2b: Venusaur|21/100
|-start|p2b: Venusaur|confusion
|move|p1b: Lifeguard|Flash Cannon|p2b: Venusaur
|-damage|p2b: Venusaur|0 fnt
|faint|p2b: Venusaur
|
|-weather|RainDance|[upkeep]
|-heal|p1b: Lifeguard|28/100|[from] item: Leftovers
|upkeep
|
|t:|1782425984
|switch|p2b: Milotic|Milotic, L50, M|100/100
|turn|4
|
|t:|1782425998
|move|p2a: Metagross|Protect|p2a: Metagross
|-singleturn|p2a: Metagross|Protect
|move|p2b: Milotic|Protect|p2b: Milotic
|-singleturn|p2b: Milotic|Protect
|move|p1a: Skibidi Drizz|Weather Ball|p2a: Metagross
|-activate|p2a: Metagross|move: Protect
|move|p1b: Lifeguard|Electro Shot||[still]
|-prepare|p1b: Lifeguard|Electro Shot
|-boost|p1b: Lifeguard|spa|1
|-anim|p1b: Lifeguard|Electro Shot|p2b: Milotic
|-activate|p2b: Milotic|move: Protect
|
|-weather|RainDance|[upkeep]
|-heal|p1b: Lifeguard|34/100|[from] item: Leftovers
|upkeep
|turn|5
|c|☆the crimson wooper|cheater
|c|☆poodle sundae|im in ur showdown hackin ur game
|inactive|poodle sundae has 30 seconds left.
|
|t:|1782426023
|switch|p2b: Hydreigon|Hydreigon, L50, M|100/100
|move|p1a: Skibidi Drizz|Weather Ball|p2a: Metagross
|-damage|p2a: Metagross|0 fnt
|faint|p2a: Metagross
|move|p1b: Lifeguard|Electro Shot||[still]
|-prepare|p1b: Lifeguard|Electro Shot
|-boost|p1b: Lifeguard|spa|1
|-anim|p1b: Lifeguard|Electro Shot|p2b: Hydreigon
|-resisted|p2b: Hydreigon|1
|-damage|p2b: Hydreigon|29/100
|
|-weather|RainDance|[upkeep]
|-heal|p1b: Lifeguard|40/100|[from] item: Leftovers
|-sideend|p1: the crimson wooper|move: Tailwind
|upkeep
|c|☆the crimson wooper|>:(
|
|t:|1782426036
|switch|p2a: Milotic|Milotic, L50, M|100/100
|turn|6
|
|t:|1782426052
|move|p1b: Lifeguard|Protect|p1b: Lifeguard
|-singleturn|p1b: Lifeguard|Protect
|move|p2b: Hydreigon|Dark Pulse|p1b: Lifeguard
|-activate|p1b: Lifeguard|move: Protect
|move|p1a: Skibidi Drizz|Tailwind|p1a: Skibidi Drizz
|-sidestart|p1: the crimson wooper|move: Tailwind
|move|p2a: Milotic|Coil|p2a: Milotic
|-boost|p2a: Milotic|atk|1
|-boost|p2a: Milotic|def|1
|-boost|p2a: Milotic|accuracy|1
|
|-weather|none
|-heal|p1b: Lifeguard|46/100|[from] item: Leftovers
|upkeep
|turn|7
|
|t:|1782426077
|move|p1a: Skibidi Drizz|Hurricane|p2b: Hydreigon
|-damage|p2b: Hydreigon|0 fnt
|faint|p2b: Hydreigon
|move|p1b: Lifeguard|Draco Meteor|p2a: Milotic
|-damage|p2a: Milotic|0 fnt
|-unboost|p1b: Lifeguard|spa|2
|faint|p2a: Milotic
|
|win|the crimson wooper
||the crimson wooper is ready for game 2.
||poodle sundae is ready for game 2.
|uhtml|next|Next: Game 2 of 3
|l|☆the crimson wooper
|player|p1|
|j|☆the crimson wooper
|player|p1|the crimson wooper|yellow|
