|j|☆patback0
|j|☆wpnxemcail
|html|patback0wpnxemcail    
|uhtml|bestof|Game 3 of a best-of-3
|t:|1757637856
|gametype|doubles
|player|p1|patback0|265|1000
|player|p2|wpnxemcail|170|1000
|gen|9
|tier|[Gen 9] VGC 2025 Reg H (Bo3)
|rated|
|rule|Species Clause: Limit one of each Pokémon
|rule|Item Clause: Limit 1 of each item
|clearpoke
|poke|p1|Whimsicott, L50, M|
|poke|p1|Ursaluna-Bloodmoon, L50, M|
|poke|p1|Farigiraf, L50, F|
|poke|p1|Incineroar, L50, M|
|poke|p1|Charizard, L50, F|
|poke|p1|Rillaboom, L50, M|
|poke|p2|Typhlosion-Hisui, L50, F|
|poke|p2|Dragapult, L50, M|
|poke|p2|Whimsicott, L50, F|
|poke|p2|Torkoal, L50, M|
|poke|p2|Lilligant-Hisui, L50, F|
|poke|p2|Indeedee, L50, M|
|teampreview|4
|showteam|p1|Whimsicott||FocusSash|Prankster|Moonblast,Tailwind,Encore,SunnyDay|||M|||50|,,,,,Ghost]Ursaluna-Bloodmoon||LifeOrb|MindsEye|BloodMoon,HyperVoice,EarthPower,Protect|||M|||50|,,,,,Normal]Farigiraf||ThroatSpray|ArmorTail|HyperVoice,TwinBeam,TrickRoom,Protect|||F|||50|,,,,,Fire]Incineroar||SafetyGoggles|Intimidate|FakeOut,FlareBlitz,KnockOff,PartingShot|||M|||50|,,,,,Ghost]Charizard||ChoiceSpecs|SolarPower|WeatherBall,HeatWave,Overheat,AirSlash|||F|||50|,,,,,Fire]Rillaboom||AssaultVest|GrassySurge|FakeOut,WoodHammer,Uturn,GrassyGlide|||M|||50|,,,,,Water
|showteam|p2|Typhlosion-Hisui||ChoiceSpecs|Blaze|Eruption,ShadowBall,Overheat,HeatWave|||F|||50|,,,,,Fire]Dragapult||ChoiceBand|ClearBody|DragonDarts,Uturn,TeraBlast,PhantomForce|||M|||50|,,,,,Fairy]Whimsicott||CovertCloak|Prankster|Tailwind,Encore,SunnyDay,Moonblast|||F|||50|,,,,,Water]Torkoal||Charcoal|Drought|Eruption,Overheat,Protect,EarthPower|||M|||50|,,,,,Fire]Lilligant-Hisui||FocusSash|Chlorophyll|CloseCombat,LeafBlade,AfterYou,SleepPowder|||F|||50|,,,,,Ghost]Indeedee||MindPlate|PsychicSurge|Imprison,ExpandingForce,TrickRoom,HelpingHand|||M|||50|,,,,,Psychic
|
|t:|1757637881
|teamsize|p1|4
|teamsize|p2|4
|start
|switch|p1a: Farigiraf|Farigiraf, L50, F|100/100
|switch|p1b: Charizard|Charizard, L50, F|100/100
|switch|p2a: Whimsicott|Whimsicott, L50, F, shiny|100/100
|switch|p2b: Typhlosion|Typhlosion-Hisui, L50, F, shiny|100/100
|turn|1
|
|t:|1757637917
|-terastallize|p2b: Typhlosion|Fire
|move|p1a: Farigiraf|Protect|p1a: Farigiraf
|-singleturn|p1a: Farigiraf|Protect
|move|p2a: Whimsicott|Tailwind|p2a: Whimsicott
|-sidestart|p2: wpnxemcail|move: Tailwind
|move|p2b: Typhlosion|Eruption|p1b: Charizard|[spread] p1b
|-activate|p1a: Farigiraf|move: Protect
|-resisted|p1b: Charizard
|-damage|p1b: Charizard|23/100
|move|p1b: Charizard|Heat Wave|p2a: Whimsicott|[spread] p2a,p2b
|-supereffective|p2a: Whimsicott
|-resisted|p2b: Typhlosion
|-damage|p2a: Whimsicott|0 fnt
|-damage|p2b: Typhlosion|68/100
|faint|p2a: Whimsicott
|
|upkeep
|
|t:|1757637930
|switch|p2a: Torkoal|Torkoal, L50, M|100/100
|-weather|SunnyDay|[from] ability: Drought|[of] p2a: Torkoal
|turn|2
|
|t:|1757637963
|switch|p1b: Incineroar|Incineroar, L50, M|100/100
|-ability|p1b: Incineroar|Intimidate|boost
|-unboost|p2a: Torkoal|atk|1
|-unboost|p2b: Typhlosion|atk|1
|-terastallize|p1a: Farigiraf|Fire
|move|p2b: Typhlosion|Eruption|p1a: Farigiraf|[spread] p1a,p1b
|-resisted|p1a: Farigiraf
|-resisted|p1b: Incineroar
|-damage|p1a: Farigiraf|47/100
|-damage|p1b: Incineroar|44/100
|move|p2a: Torkoal|Eruption|p1a: Farigiraf|[spread] p1a,p1b
|-resisted|p1a: Farigiraf
|-resisted|p1b: Incineroar
|-damage|p1a: Farigiraf|5/100
|-damage|p1b: Incineroar|2/100
|move|p1a: Farigiraf|Trick Room|p1a: Farigiraf
|-fieldstart|move: Trick Room|[of] p1a: Farigiraf
|
|-weather|SunnyDay|[upkeep]
|upkeep
|turn|3
|inactive|Battle timer is ON: inactive players will automatically lose when time's up. (requested by wpnxemcail)
|inactive|patback0 has 60 seconds left.
|inactive|patback0 has 30 seconds left.
|inactive|patback0 has 20 seconds left.
|inactive|patback0 has 15 seconds left.
|
|t:|1757638095
|switch|p2b: Lilligant|Lilligant-Hisui, L50, F, shiny|100/100
|move|p2a: Torkoal|Protect|p2a: Torkoal
|-singleturn|p2a: Torkoal|Protect
|move|p1a: Farigiraf|Hyper Voice|p2a: Torkoal|[spread] p2b
|-activate|p2a: Torkoal|move: Protect
|-crit|p2b: Lilligant
|-damage|p2b: Lilligant|29/100
|-enditem|p1a: Farigiraf|Throat Spray
|-boost|p1a: Farigiraf|spa|1|[from] item: Throat Spray
|move|p1b: Incineroar|Parting Shot|p2b: Lilligant
|-unboost|p2b: Lilligant|atk|1
|-unboost|p2b: Lilligant|spa|1
|
|t:|1757638113
|switch|p1b: Charizard|Charizard, L50, F|23/100|[from] Parting Shot
|
|-weather|SunnyDay|[upkeep]
|-damage|p1b: Charizard|11/100|[from] ability: Solar Power|[of] p1b: Charizard
|upkeep
|turn|4
|inactive|patback0 has 30 seconds left.
|
|t:|1757638147
|move|p2a: Torkoal|Eruption|p1b: Charizard|[spread] p1a,p1b
|-resisted|p1a: Farigiraf
|-resisted|p1b: Charizard
|-damage|p1a: Farigiraf|0 fnt
|-damage|p1b: Charizard|0 fnt
|faint|p1a: Farigiraf
|faint|p1b: Charizard
|move|p2b: Lilligant|Leaf Blade|p1: Farigiraf|[notarget]
|-fail|p2b: Lilligant
|
|-weather|SunnyDay|[upkeep]
|-sideend|p2: wpnxemcail|move: Tailwind
|upkeep
|
|t:|1757638156
|switch|p1a: Incineroar|Incineroar, L50, M|2/100
|switch|p1b: Rillaboom|Rillaboom, L50, M|100/100
|-ability|p1a: Incineroar|Intimidate|boost
|-unboost|p2a: Torkoal|atk|1
|-unboost|p2b: Lilligant|atk|1
|-fieldstart|move: Grassy Terrain|[from] ability: Grassy Surge|[of] p1b: Rillaboom
|turn|5
|inactive|patback0 has 30 seconds left.
|
|t:|1757638189
|move|p2a: Torkoal|Protect|p2a: Torkoal
|-singleturn|p2a: Torkoal|Protect
|move|p1a: Incineroar|Fake Out|p2a: Torkoal
|-activate|p2a: Torkoal|move: Protect
|move|p1b: Rillaboom|Fake Out|p2b: Lilligant
|-damage|p2b: Lilligant|9/100
|cant|p2b: Lilligant|flinch
|
|-weather|SunnyDay|[upkeep]
|-heal|p1a: Incineroar|8/100|[from] Grassy Terrain
|-heal|p2b: Lilligant|15/100|[from] Grassy Terrain
|upkeep
|turn|6
|inactive|patback0 has 30 seconds left.
|inactive|patback0 has 20 seconds left.
|inactive|patback0 has 15 seconds left.
|inactive|patback0 has 10 seconds left.
|
|t:|1757638236
|move|p1b: Rillaboom|Grassy Glide|p2a: Torkoal
|-resisted|p2a: Torkoal
|-damage|p2a: Torkoal|84/100
|move|p2a: Torkoal|Eruption|p1b: Rillaboom|[spread] p1a,p1b
|-resisted|p1a: Incineroar
|-supereffective|p1b: Rillaboom
|-damage|p1a: Incineroar|0 fnt
|-damage|p1b: Rillaboom|0 fnt
|faint|p1a: Incineroar
|faint|p1b: Rillaboom
|
|win|wpnxemcail
|raw|patback0's rating: 1000 → 1000(+0 for losing)
|raw|wpnxemcail's rating: 1000 → 1040(+40 for winning)
|c|☆wpnxemcail|gg
|c|☆patback0|gg
|l|☆patback0
|player|p1|
