|j|☆lucasmalt
|j|☆lettitripppp
|html|lucasmaltlettitripppp    
|uhtml|bestof|Game 1 of a best-of-3
|t:|1785197002
|gametype|doubles
|player|p1|lucasmalt|1|1367
|player|p2|lettitripppp|lucas|1255
|gen|9
|tier|[Gen 9 Champions] VGC 2026 Reg M-B (Bo3)
|rated|
|rule|Species Clause: Limit one of each Pokémon
|rule|Item Clause: Limit 1 of each item
|clearpoke
|poke|p1|Tyranitar, L50, F, shiny|
|poke|p1|Excadrill, L50, M, shiny|
|poke|p1|Gholdengo, L50|
|poke|p1|Sinistcha, L50, shiny|
|poke|p1|Milotic, L50, F, shiny|
|poke|p1|Staraptor, L50, F, shiny|
|poke|p2|Charizard, L50, M|
|poke|p2|Floette-Eternal, L50, F|
|poke|p2|Basculegion, L50, M|
|poke|p2|Whimsicott, L50, M, shiny|
|poke|p2|Garchomp, L50, M|
|poke|p2|Kingambit, L50, M, shiny|
|teampreview|4
|showteam|p1|Tyranitar||Tyranitarite|SandStream|RockSlide,KnockOff,LowKick,Protect|Adamant||F|||50|]Excadrill||FocusSash|SandRush|IronHead,HighHorsepower,RockSlide,Protect|Adamant||M|||50|]Gholdengo||LifeOrb|GoodasGold|ShadowBall,MakeItRain,NastyPlot,Protect|Modest|||||50|]Sinistcha||ColburBerry|Hospitality|MatchaGotcha,RagePowder,TrickRoom,Protect|Bold|||||50|]Milotic||SitrusBerry|Competitive|Scald,IceBeam,Recover,Protect|Modest||F|||50|]Staraptor||Staraptite|Intimidate|BraveBird,CloseCombat,Tailwind,Protect|Jolly||F|||50|
|showteam|p2|Charizard||CharizarditeY|Blaze|AncientPower,WeatherBall,HeatWave,Protect|Modest||M|||50|]Floette-Eternal||Floettite|Symbiosis|DazzlingGleam,LightofRuin,Moonblast,Protect|Timid||F|||50|]Basculegion||LifeOrb|Adaptability|LastRespects,WaveCrash,AquaJet,Protect|Adamant||M|||50|]Whimsicott||FocusSash|Prankster|Moonblast,Tailwind,Encore,Protect|Timid||M|||50|]Garchomp||RoseliBerry|RoughSkin|DragonClaw,Earthquake,PoisonJab,RockSlide|Jolly||M|||50|]Kingambit||OccaBerry|Defiant|KowtowCleave,SuckerPunch,IronHead,Protect|Adamant||M|||50|
|inactive|Battle timer is ON: inactive players will automatically lose when time's up. (requested by lettitripppp)
|inactive|lucasmalt has 60 seconds left.
|inactive|lucasmalt has 30 seconds left.
|
|t:|1785197072
|teamsize|p1|4
|teamsize|p2|4
|start
|switch|p1a: Tyranitar|Tyranitar, L50, F, shiny|100/100
|switch|p1b: Excadrill|Excadrill, L50, M, shiny|100/100
|switch|p2a: RUINOUS LIGHT|Floette-Eternal, L50, F|100/100
|switch|p2b: LETS GO AGAIN|Whimsicott, L50, M, shiny|100/100
|-weather|Sandstorm|[from] ability: Sand Stream|[of] p1a: Tyranitar
|turn|1
|
|t:|1785197084
|switch|p2a: CRUSH SHARK|Garchomp, L50, M|100/100
|switch|p1a: Milotic|Milotic, L50, F, shiny|100/100
|move|p2b: LETS GO AGAIN|Tailwind|p2b: LETS GO AGAIN
|-sidestart|p2: lettitripppp|move: Tailwind
|move|p1b: Excadrill|Iron Head|p2a: CRUSH SHARK
|-damage|p2a: CRUSH SHARK|49/100
|-damage|p1b: Excadrill|87/100|[from] ability: Rough Skin|[of] p2a: CRUSH SHARK
|
|-weather|Sandstorm|[upkeep]
|-damage|p2b: LETS GO AGAIN|94/100|[from] Sandstorm
|-damage|p1a: Milotic|94/100|[from] Sandstorm
|upkeep
|turn|2
|inactive|lucasmalt has 30 seconds left.
|
|t:|1785197113
|move|p1b: Excadrill|Protect|p1b: Excadrill
|-singleturn|p1b: Excadrill|Protect
|move|p2b: LETS GO AGAIN|Moonblast|p1a: Milotic
|-damage|p1a: Milotic|74/100
|move|p2a: CRUSH SHARK|Earthquake|p1a: Milotic|[spread] p2b,p1a
|-activate|p1b: Excadrill|move: Protect
|-resisted|p2b: LETS GO AGAIN|1
|-damage|p2b: LETS GO AGAIN|68/100
|-damage|p1a: Milotic|34/100
|-enditem|p1a: Milotic|Sitrus Berry|[eat]
|-heal|p1a: Milotic|58/100|[from] item: Sitrus Berry
|move|p1a: Milotic|Ice Beam|p2a: CRUSH SHARK
|-supereffective|p2a: CRUSH SHARK|2
|-damage|p2a: CRUSH SHARK|0 fnt
|faint|p2a: CRUSH SHARK
|
|-weather|Sandstorm|[upkeep]
|-damage|p2b: LETS GO AGAIN|62/100|[from] Sandstorm
|-damage|p1a: Milotic|52/100|[from] Sandstorm
|upkeep
|
|t:|1785197118
|switch|p2a: GHOSTWAVE|Basculegion, L50, M|100/100
|turn|3
|
|t:|1785197132
|switch|p1b: Staraptor|Staraptor, L50, F, shiny|100/100
|-ability|p1b: Staraptor|Intimidate|boost
|-unboost|p2a: GHOSTWAVE|atk|1
|-unboost|p2b: LETS GO AGAIN|atk|1
|move|p2b: LETS GO AGAIN|Encore|p1a: Milotic
|-start|p1a: Milotic|Encore
|move|p2a: GHOSTWAVE|Wave Crash|p1b: Staraptor
|-damage|p1b: Staraptor|9/100
|-damage|p2a: GHOSTWAVE|73/100|[from] Recoil
|-damage|p2a: GHOSTWAVE|63/100|[from] item: Life Orb
|move|p1a: Milotic|Ice Beam|p2a: GHOSTWAVE
|-resisted|p2a: GHOSTWAVE|1
|-damage|p2a: GHOSTWAVE|48/100
|
|-weather|Sandstorm|[upkeep]
|-damage|p2b: LETS GO AGAIN|57/100|[from] Sandstorm
|-damage|p2a: GHOSTWAVE|42/100|[from] Sandstorm
|-damage|p1b: Staraptor|3/100|[from] Sandstorm
|-damage|p1a: Milotic|47/100|[from] Sandstorm
|upkeep
|turn|4
|
|t:|1785197154
|switch|p2a: RUINOUS LIGHT|Floette-Eternal, L50, F|100/100
|move|p2b: LETS GO AGAIN|Moonblast|p1b: Staraptor
|-damage|p1b: Staraptor|0 fnt
|faint|p1b: Staraptor
|move|p1a: Milotic|Ice Beam|p2a: RUINOUS LIGHT
|-damage|p2a: RUINOUS LIGHT|74/100
|
|-weather|Sandstorm|[upkeep]
|-damage|p2b: LETS GO AGAIN|51/100|[from] Sandstorm
|-damage|p2a: RUINOUS LIGHT|68/100|[from] Sandstorm
|-damage|p1a: Milotic|41/100|[from] Sandstorm
|-sideend|p2: lettitripppp|move: Tailwind
|upkeep
|
|t:|1785197165
|switch|p1b: Excadrill|Excadrill, L50, M, shiny|87/100
|turn|5
|
|t:|1785197171
|detailschange|p2a: RUINOUS LIGHT|Floette-Mega, L50, F
|-mega|p2a: RUINOUS LIGHT|Floette|Floettite
|-ability|p2a: RUINOUS LIGHT|Fairy Aura
|move|p2a: RUINOUS LIGHT|Protect|p2a: RUINOUS LIGHT
|-singleturn|p2a: RUINOUS LIGHT|Protect
|move|p2b: LETS GO AGAIN|Tailwind|p2b: LETS GO AGAIN
|-sidestart|p2: lettitripppp|move: Tailwind
|move|p1b: Excadrill|Iron Head|p2a: RUINOUS LIGHT
|-activate|p2a: RUINOUS LIGHT|move: Protect
|move|p1a: Milotic|Ice Beam|p2b: LETS GO AGAIN
|-supereffective|p2b: LETS GO AGAIN|1
|-damage|p2b: LETS GO AGAIN|0 fnt
|faint|p2b: LETS GO AGAIN
|
|-weather|none
|-end|p1a: Milotic|Encore
|upkeep
|
|t:|1785197180
|switch|p2b: GHOSTWAVE|Basculegion, L50, M|42/100
|turn|6
|
|t:|1785197195
|move|p1b: Excadrill|Protect|p1b: Excadrill
|-singleturn|p1b: Excadrill|Protect
|move|p2b: GHOSTWAVE|Aqua Jet|p1b: Excadrill
|-activate|p1b: Excadrill|move: Protect
|move|p2a: RUINOUS LIGHT|Moonblast|p1a: Milotic
|-damage|p1a: Milotic|0 fnt
|faint|p1a: Milotic
|
|upkeep
|
|t:|1785197204
|switch|p1a: Tyranitar|Tyranitar, L50, F, shiny|100/100
|-weather|Sandstorm|[from] ability: Sand Stream|[of] p1a: Tyranitar
|turn|7
|
|t:|1785197216
|detailschange|p1a: Tyranitar|Tyranitar-Mega, L50, F, shiny
|-mega|p1a: Tyranitar|Tyranitar|Tyranitarite
|move|p2b: GHOSTWAVE|Aqua Jet|p1b: Excadrill
|-supereffective|p1b: Excadrill|1
|-damage|p1b: Excadrill|0 fnt
|faint|p1b: Excadrill
|-damage|p2b: GHOSTWAVE|32/100|[from] item: Life Orb
|move|p2a: RUINOUS LIGHT|Moonblast|p1a: Tyranitar
|-supereffective|p1a: Tyranitar|1
|-damage|p1a: Tyranitar|25/100
|move|p1a: Tyranitar|Rock Slide|p2b: GHOSTWAVE|[spread] p2a,p2b
|-damage|p2a: RUINOUS LIGHT|20/100r
|-damage|p2b: GHOSTWAVE|0 fnt
|faint|p2b: GHOSTWAVE
|
|-weather|Sandstorm|[upkeep]
|-damage|p2a: RUINOUS LIGHT|14/100|[from] Sandstorm
|upkeep
|turn|8
|
|t:|1785197228
|move|p1a: Tyranitar|Protect|p1a: Tyranitar
|-singleturn|p1a: Tyranitar|Protect
|move|p2a: RUINOUS LIGHT|Moonblast|p1a: Tyranitar
|-activate|p1a: Tyranitar|move: Protect
|
|-weather|Sandstorm|[upkeep]
|-damage|p2a: RUINOUS LIGHT|8/100|[from] Sandstorm
|-sideend|p2: lettitripppp|move: Tailwind
|upkeep
|turn|9
|c|☆lettitripppp|gg
|
|t:|1785197238
|move|p1a: Tyranitar|Protect||[still]
|-fail|p1a: Tyranitar
|move|p2a: RUINOUS LIGHT|Moonblast|p1a: Tyranitar
|-supereffective|p1a: Tyranitar|1
|-damage|p1a: Tyranitar|0 fnt
|faint|p1a: Tyranitar
|
|win|lettitripppp
||lucasmalt is ready for game 2.
||lettitripppp is ready for game 2.
|uhtml|next|Next: Game 2 of 3
|l|☆lettitripppp
|player|p2|
