|j|☆BackPAC
|j|☆HappyDuckJJ
|html|BackPACHappyDuckJJ    
|uhtml|bestof|Game 2 of a best-of-3
|t:|1755378145
|gametype|doubles
|player|p1|BackPAC|burglar|1318
|player|p2|HappyDuckJJ|ash|1267
|gen|9
|tier|[Gen 9] VGC 2025 Reg H (Bo3)
|rated|
|rule|Species Clause: Limit one of each Pokémon
|rule|Item Clause: Limit 1 of each item
|clearpoke
|poke|p1|Whimsicott, L50, F|
|poke|p1|Annihilape, L50, M|
|poke|p1|Sneasler, L50, F|
|poke|p1|Archaludon, L50, M|
|poke|p1|Rillaboom, L50, M|
|poke|p1|Dragapult, L50, F|
|poke|p2|Porygon2, L50|
|poke|p2|Incineroar, L50, M|
|poke|p2|Ursaluna, L50, M|
|poke|p2|Amoonguss, L50, F|
|poke|p2|Gholdengo, L50|
|poke|p2|Dragonite, L50, F|
|teampreview|4
|showteam|p1|Whimsicott||CovertCloak|Prankster|Tailwind,Taunt,BeatUp,Moonblast|||F|||50|,,,,,Water]Annihilape||SafetyGoggles|Defiant|Protect,BulkUp,RageFist,DrainPunch|||M|||50|,,,,,Water]Sneasler||FocusSash|Unburden|Protect,Coaching,CloseCombat,DireClaw|||F|||50|,,,,,Stellar]Archaludon||PowerHerb|Sturdy|Protect,ElectroShot,DragonPulse,FlashCannon|||M|||50|,,,,,Stellar]Rillaboom||AssaultVest|GrassySurge|FakeOut,GrassyGlide,HighHorsepower,WoodHammer|||M|||50|,,,,,Fire]Dragapult||ChoiceBand|ClearBody|Uturn,TeraBlast,DragonDarts,PhantomForce|||F|||50|,,,,,Ghost
|showteam|p2|Porygon2||Eviolite|Download|TeraBlast,IceBeam,Recover,TrickRoom||||||50|,,,,,Fighting]Incineroar||SafetyGoggles|Intimidate|FakeOut,KnockOff,FlareBlitz,PartingShot|||M|||50|,,,,,Ghost]Ursaluna||FlameOrb|Guts|HeadlongRush,Facade,Earthquake,Protect|||M|||50|,,,,,Ghost]Amoonguss||SitrusBerry|Regenerator|PollenPuff,Spore,RagePowder,Protect|||F|||50|,,,,,Water]Gholdengo||LifeOrb|GoodasGold|MakeItRain,ShadowBall,NastyPlot,Protect||||||50|,,,,,Water]Dragonite||LoadedDice|Multiscale|ScaleShot,Haze,Tailwind,Protect|||F|||50|,,,,,Steel
|
|t:|1755378184
|teamsize|p1|4
|teamsize|p2|4
|start
|switch|p1a: Whimsicott|Whimsicott, L50, F|100/100
|switch|p1b: Annihilape|Annihilape, L50, M|100/100
|switch|p2a: Ursaluna|Ursaluna, L50, M|100/100
|switch|p2b: Porygon2|Porygon2, L50, shiny|100/100
|-ability|p2b: Porygon2|Download|boost
|-boost|p2b: Porygon2|atk|1
|turn|1
|
|t:|1755378199
|move|p1a: Whimsicott|Taunt|p2b: Porygon2
|-start|p2b: Porygon2|move: Taunt
|move|p1b: Annihilape|Bulk Up|p1b: Annihilape
|-boost|p1b: Annihilape|atk|1
|-boost|p1b: Annihilape|def|1
|move|p2a: Ursaluna|Facade|p1a: Whimsicott
|-damage|p1a: Whimsicott|47/100
|move|p2b: Porygon2|Ice Beam|p1a: Whimsicott
|-supereffective|p1a: Whimsicott
|-damage|p1a: Whimsicott|0 fnt
|faint|p1a: Whimsicott
|
|-status|p2a: Ursaluna|brn|[from] item: Flame Orb
|upkeep
|
|t:|1755378211
|switch|p1a: Sneasler|Sneasler, L50, F|100/100
|turn|2
|
|t:|1755378221
|move|p2a: Ursaluna|Protect|p2a: Ursaluna
|-singleturn|p2a: Ursaluna|Protect
|move|p1a: Sneasler|Coaching|p1b: Annihilape
|-boost|p1b: Annihilape|atk|1
|-boost|p1b: Annihilape|def|1
|move|p1b: Annihilape|Bulk Up|p1b: Annihilape
|-boost|p1b: Annihilape|atk|1
|-boost|p1b: Annihilape|def|1
|move|p2b: Porygon2|Tera Blast|p1a: Sneasler
|-damage|p1a: Sneasler|50/100
|
|-damage|p2a: Ursaluna|95/100 brn|[from] brn
|upkeep
|turn|3
|
|t:|1755378248
|switch|p2b: Gholdengo|Gholdengo, L50, shiny|100/100
|move|p1a: Sneasler|Protect|p1a: Sneasler
|-singleturn|p1a: Sneasler|Protect
|move|p1b: Annihilape|Drain Punch|p2a: Ursaluna
|-supereffective|p2a: Ursaluna
|-damage|p2a: Ursaluna|0 fnt
|faint|p2a: Ursaluna
|
|upkeep
|
|t:|1755378256
|switch|p2a: Dragonite|Dragonite, L50, F, shiny|100/100
|turn|4
|
|t:|1755378292
|-terastallize|p1b: Annihilape|Water
|move|p1a: Sneasler|Coaching|p1b: Annihilape
|-boost|p1b: Annihilape|atk|1
|-boost|p1b: Annihilape|def|1
|move|p2b: Gholdengo|Nasty Plot|p2b: Gholdengo
|-boost|p2b: Gholdengo|spa|2
|move|p1b: Annihilape|Rage Fist|p2b: Gholdengo
|-supereffective|p2b: Gholdengo
|-damage|p2b: Gholdengo|0 fnt
|faint|p2b: Gholdengo
|move|p2a: Dragonite|Tailwind|p2a: Dragonite
|-sidestart|p2: HappyDuckJJ|move: Tailwind
|
|upkeep
|
|t:|1755378301
|switch|p2b: Porygon2|Porygon2, L50, shiny|100/100
|-ability|p2b: Porygon2|Download|boost
|-boost|p2b: Porygon2|spa|1
|turn|5
|
|t:|1755378315
|-terastallize|p2b: Porygon2|Fighting
|move|p2a: Dragonite|Haze|p2a: Dragonite
|-clearallboost
|move|p1a: Sneasler|Close Combat|p2b: Porygon2
|-damage|p2b: Porygon2|57/100
|-unboost|p1a: Sneasler|def|1
|-unboost|p1a: Sneasler|spd|1
|move|p2b: Porygon2|Ice Beam|p1a: Sneasler
|-damage|p1a: Sneasler|0 fnt
|faint|p1a: Sneasler
|move|p1b: Annihilape|Drain Punch|p2b: Porygon2
|-damage|p2b: Porygon2|33/100
|
|upkeep
|
|t:|1755378324
|switch|p1a: Rillaboom|Rillaboom, L50, M|100/100
|-fieldstart|move: Grassy Terrain|[from] ability: Grassy Surge|[of] p1a: Rillaboom
|turn|6
|
|t:|1755378331
|move|p1a: Rillaboom|Fake Out|p2b: Porygon2
|-damage|p2b: Porygon2|22/100
|move|p2a: Dragonite|Scale Shot|p1a: Rillaboom
|-damage|p1a: Rillaboom|85/100
|-damage|p1a: Rillaboom|71/100
|-damage|p1a: Rillaboom|56/100
|-damage|p1a: Rillaboom|42/100
|-hitcount|p1a: Rillaboom|4
|-unboost|p2a: Dragonite|def|1
|-boost|p2a: Dragonite|spe|1
|cant|p2b: Porygon2|flinch
|move|p1b: Annihilape|Drain Punch|p2b: Porygon2
|-damage|p2b: Porygon2|0 fnt
|faint|p2b: Porygon2
|
|-heal|p1a: Rillaboom|48/100|[from] Grassy Terrain
|upkeep
|turn|7
|-message|HappyDuckJJ forfeited.
|raw|BackPAC's rating: 1318 → 1335(+17 for winning)
|raw|HappyDuckJJ's rating: 1267 → 1246(-21 for losing)
|
|win|BackPAC
|l|☆HappyDuckJJ
|player|p2|
