|j|☆charliechueco
|j|☆sigueinventando
|html|charliechuecosigueinventando    
|uhtml|bestof|Game 2 of a best-of-3
|t:|1784139565
|gametype|doubles
|player|p1|charliechueco|2|1040
|player|p2|sigueinventando|benga|1144
|gen|9
|tier|[Gen 9 Champions] VGC 2026 Reg M-B (Bo3)
|rated|
|rule|Species Clause: Limit one of each Pokémon
|rule|Item Clause: Limit 1 of each item
|clearpoke
|poke|p1|Lycanroc-Dusk, L50, M|
|poke|p1|Whimsicott, L50, M|
|poke|p1|Lucario, L50, M|
|poke|p1|Basculegion, L50, M|
|poke|p1|Incineroar, L50, F|
|poke|p1|Archaludon, L50, M|
|poke|p2|Blaziken, L50, F|
|poke|p2|Dragonite, L50, F|
|poke|p2|Froslass, L50, F|
|poke|p2|Toxapex, L50, F|
|poke|p2|Kingambit, L50, M|
|poke|p2|Sneasler, L50, F|
|teampreview|4
|showteam|p1|Lycanroc-Dusk||LifeOrb|ToughClaws|Accelerock,CloseCombat,PlayRough,StompingTantrum|Jolly||M|||50|]Whimsicott||FocusSash|Prankster|Tailwind,Encore,Moonblast,GigaDrain|Timid||M|||50|]Lucario||Lucarionite|InnerFocus|CloseCombat,RockSlide,BulletPunch,Protect|Jolly||M|||50|]Basculegion||ChoiceScarf|Adaptability|WaveCrash,FlipTurn,LastRespects,AquaJet|Jolly||M|||50|]Incineroar||SitrusBerry|Intimidate|FakeOut,FlareBlitz,DarkestLariat,PartingShot|Careful||F|||50|]Archaludon||Leftovers|Stamina|Thunderbolt,DragonPulse,FlashCannon,Protect|Modest||M|||50|
|showteam|p2|Blaziken||Blazikenite|SpeedBoost|FlareBlitz,CloseCombat,RockSlide,Protect|Adamant||F|||50|]Dragonite||LifeOrb|InnerFocus|ExtremeSpeed,DragonClaw,LowKick,Protect|Adamant||F|||50|]Froslass||Froslassite|CursedBody|Blizzard,ShadowBall,AuroraVeil,Protect|Timid||F|||50|]Toxapex||Leftovers|Regenerator|Toxic,Infestation,WideGuard,BanefulBunker|Bold||F|||50|]Kingambit||BlackGlasses|Defiant|SuckerPunch,KowtowCleave,IronHead,Protect|Adamant||M|||50|]Sneasler||FocusSash|PoisonTouch|FakeOut,PoisonJab,CloseCombat,Protect|Jolly||F|||50|
|c|☆charliechueco|es solo g1 pero te has sacado doble protect y has perdido
|c|☆sigueinventando|y quien ta llorando por eso
|c|☆sigueinventando|juegue
|c|☆charliechueco|latam?
|c|☆sigueinventando|no soy japones
|c|☆charliechueco|te estoy preguntando si eres peruano
|c|☆charliechueco|japones ya veo que no
|c|☆charliechueco|malisimo
|c|☆sigueinventando|bro
|inactive|Battle timer is ON: inactive players will automatically lose when time's up. (requested by sigueinventando)
|
|t:|1784139699
|teamsize|p1|4
|teamsize|p2|4
|start
|switch|p1a: Incineroar|Incineroar, L50, F|100/100
|switch|p1b: Lucario|Lucario, L50, M|100/100
|switch|p2a: Kingambit|Kingambit, L50, M|100/100
|switch|p2b: Froslass|Froslass, L50, F|100/100
|-ability|p1a: Incineroar|Intimidate|boost
|-unboost|p2a: Kingambit|atk|1
|-ability|p2a: Kingambit|Defiant|boost
|-boost|p2a: Kingambit|atk|2
|-unboost|p2b: Froslass|atk|1
|turn|1
|
|t:|1784139722
|detailschange|p2b: Froslass|Froslass-Mega, L50, F
|-mega|p2b: Froslass|Froslass|Froslassite
|-weather|Snowscape|[from] ability: Snow Warning|[of] p2b: Froslass
|detailschange|p1b: Lucario|Lucario-Mega, L50, M
|-mega|p1b: Lucario|Lucario|Lucarionite
|move|p2a: Kingambit|Protect|p2a: Kingambit
|-singleturn|p2a: Kingambit|Protect
|move|p1a: Incineroar|Fake Out|p2a: Kingambit
|-activate|p2a: Kingambit|move: Protect
|move|p1b: Lucario|Bullet Punch|p2b: Froslass
|-supereffective|p2b: Froslass|1
|-damage|p2b: Froslass|52/100
|move|p2b: Froslass|Shadow Ball|p1b: Lucario
|-damage|p1b: Lucario|40/100
|
|-weather|Snowscape|[upkeep]
|upkeep
|turn|2
|inactive|charliechueco has 30 seconds left.
|inactive|charliechueco has 20 seconds left.
|inactive|sigueinventando has 30 seconds left.
|inactive|charliechueco has 15 seconds left.
|inactive|charliechueco has 10 seconds left.
|
|t:|1784139772
|move|p1b: Lucario|Protect|p1b: Lucario
|-singleturn|p1b: Lucario|Protect
|move|p2b: Froslass|Aurora Veil|p2b: Froslass
|-sidestart|p2: sigueinventando|move: Aurora Veil
|move|p1a: Incineroar|Flare Blitz|p2b: Froslass
|-supereffective|p2b: Froslass|1
|-damage|p2b: Froslass|0 fnt
|faint|p2b: Froslass
|-damage|p1a: Incineroar|85/100|[from] Recoil
|move|p2a: Kingambit|Kowtow Cleave|p1b: Lucario
|-activate|p1b: Lucario|move: Protect
|
|-weather|Snowscape|[upkeep]
|upkeep
|
|t:|1784139788
|switch|p2b: Sneasler|Sneasler, L50, F|100/100
|turn|3
|inactive|charliechueco has 30 seconds left.
|
|t:|1784139816
|switch|p1b: Basculegion|Basculegion, L50, M|100/100
|move|p2a: Kingambit|Protect|p2a: Kingambit
|-singleturn|p2a: Kingambit|Protect
|move|p2b: Sneasler|Close Combat|p1a: Incineroar
|-supereffective|p1a: Incineroar|1
|-damage|p1a: Incineroar|0 fnt
|-unboost|p2b: Sneasler|def|1
|-unboost|p2b: Sneasler|spd|1
|faint|p1a: Incineroar
|
|-weather|Snowscape|[upkeep]
|upkeep
|
|t:|1784139830
|switch|p1a: Lucario|Lucario-Mega, L50, M|40/100
|turn|4
|inactive|charliechueco has 30 seconds left.
|
|t:|1784139856
|move|p1a: Lucario|Protect|p1a: Lucario
|-singleturn|p1a: Lucario|Protect
|move|p1b: Basculegion|Flip Turn|p2b: Sneasler
|-damage|p2b: Sneasler|31/100
|
|t:|1784139861
|switch|p1b: Archaludon|Archaludon, L50, M|100/100|[from] Flip Turn
|move|p2b: Sneasler|Close Combat|p1a: Lucario
|-activate|p1a: Lucario|move: Protect
|move|p2a: Kingambit|Kowtow Cleave|p1b: Archaludon
|-damage|p1b: Archaludon|38/100
|-ability|p1b: Archaludon|Stamina|boost
|-boost|p1b: Archaludon|def|1
|
|-weather|Snowscape|[upkeep]
|-heal|p1b: Archaludon|44/100|[from] item: Leftovers
|upkeep
|turn|5
|
|t:|1784139878
|switch|p2b: Dragonite|Dragonite, L50, F|100/100
|move|p1b: Archaludon|Protect|p1b: Archaludon
|-singleturn|p1b: Archaludon|Protect
|move|p1a: Lucario|Bullet Punch|p2b: Dragonite
|-damage|p2b: Dragonite|81/100
|move|p2a: Kingambit|Sucker Punch||[still]
|-fail|p2a: Kingambit
|
|-weather|none
|-heal|p1b: Archaludon|50/100g|[from] item: Leftovers
|upkeep
|turn|6
|inactive|charliechueco has 30 seconds left.
|inactive|sigueinventando has 30 seconds left.
|
|t:|1784139910
|move|p1a: Lucario|Protect|p1a: Lucario
|-singleturn|p1a: Lucario|Protect
|move|p2a: Kingambit|Sucker Punch||[still]
|-fail|p2a: Kingambit
|move|p1b: Archaludon|Dragon Pulse|p2b: Dragonite
|-supereffective|p2b: Dragonite|1
|-damage|p2b: Dragonite|30/100
|move|p2b: Dragonite|Low Kick|p1b: Archaludon
|-supereffective|p1b: Archaludon|1
|-damage|p1b: Archaludon|8/100
|-ability|p1b: Archaludon|Stamina|boost
|-boost|p1b: Archaludon|def|1
|-damage|p2b: Dragonite|21/100|[from] item: Life Orb
|
|-heal|p1b: Archaludon|14/100|[from] item: Leftovers
|-sideend|p2: sigueinventando|move: Aurora Veil
|upkeep
|turn|7
|inactive|charliechueco has 30 seconds left.
|inactive|sigueinventando has 30 seconds left.
|inactive|charliechueco has 20 seconds left.
|inactive|sigueinventando has 20 seconds left.
|inactive|sigueinventando has 15 seconds left.
|
|t:|1784139951
|move|p2a: Kingambit|Sucker Punch|p1a: Lucario
|-resisted|p1a: Lucario|1
|-damage|p1a: Lucario|0 fnt
|faint|p1a: Lucario
|move|p1b: Archaludon|Dragon Pulse|p2b: Dragonite
|-supereffective|p2b: Dragonite|1
|-damage|p2b: Dragonite|0 fnt
|faint|p2b: Dragonite
|
|-heal|p1b: Archaludon|20/100y|[from] item: Leftovers
|upkeep
|
|t:|1784139960
|switch|p1a: Basculegion|Basculegion, L50, M|100/100
|switch|p2b: Sneasler|Sneasler, L50, F|31/100
|turn|8
|inactive|charliechueco has 30 seconds left.
|inactive|charliechueco has 20 seconds left.
|inactive|charliechueco has 15 seconds left.
|inactive|charliechueco has 10 seconds left.
|
|t:|1784140009
|move|p1b: Archaludon|Protect|p1b: Archaludon
|-singleturn|p1b: Archaludon|Protect
|move|p2b: Sneasler|Fake Out|p1b: Archaludon
|-activate|p1b: Archaludon|move: Protect
|move|p1a: Basculegion|Wave Crash|p2a: Kingambit
|-damage|p2a: Kingambit|42/100
|-damage|p1a: Basculegion|80/100|[from] Recoil
|move|p2a: Kingambit|Kowtow Cleave|p1a: Basculegion
|-supereffective|p1a: Basculegion|1
|-damage|p1a: Basculegion|0 fnt
|faint|p1a: Basculegion
|
|-heal|p1b: Archaludon|26/100|[from] item: Leftovers
|upkeep
|turn|9
|
|t:|1784140029
|move|p2a: Kingambit|Sucker Punch|p1b: Archaludon
|-damage|p1b: Archaludon|1/100
|-ability|p1b: Archaludon|Stamina|boost
|-boost|p1b: Archaludon|def|1
|move|p2b: Sneasler|Close Combat|p1b: Archaludon
|-supereffective|p1b: Archaludon|1
|-damage|p1b: Archaludon|0 fnt
|-unboost|p2b: Sneasler|def|1
|-unboost|p2b: Sneasler|spd|1
|faint|p1b: Archaludon
|
|win|sigueinventando
||sigueinventando is ready for game 3.
||charliechueco is ready for game 3.
|uhtml|next|Next: Game 3 of 3
|l|☆charliechueco
|player|p1|
