|j|☆Kennedywuzhere
|j|‽EDJPP
|html|KennedywuzhereEDJPP    
|uhtml|bestof|Game 1 of a best-of-3
|t:|1785875704
|gametype|doubles
|player|p1|Kennedywuzhere|101|1096
|player|p2|EDJPP|volkner|1156
|gen|9
|tier|[Gen 9 Champions] VGC 2026 Reg M-B (Bo3)
|rated|
|rule|Species Clause: Limit one of each Pokémon
|rule|Item Clause: Limit 1 of each item
|clearpoke
|poke|p1|Floette-Eternal, L50, F|
|poke|p1|Scizor, L50, F, shiny|
|poke|p1|Espathra, L50, F|
|poke|p1|Whimsicott, L50, F|
|poke|p1|Milotic, L50, F|
|poke|p1|Annihilape, L50, F, shiny|
|poke|p2|Froslass, L50, F|
|poke|p2|Lycanroc-Dusk, L50, F|
|poke|p2|Sneasler, L50, M|
|poke|p2|Corviknight, L50, M|
|poke|p2|Garchomp, L50, F|
|poke|p2|Tsareena, L50, F|
|teampreview|4
|showteam|p1|Floette-Eternal||Floettite|FlowerVeil|DrainingKiss,LightofRuin,Protect,CalmMind|Modest||F|||50|]Scizor||ShellBell|Technician|KnockOff,SwordsDance,BulletPunch,CloseCombat|Adamant||F|||50|]Espathra||MentalHerb|SpeedBoost|BatonPass,CalmMind,LuminaCrash,Protect|Bold||F|||50|]Whimsicott||FocusSash|Prankster|Encore,Endeavor,LightScreen,Tailwind|Bold||F|||50|]Milotic||Leftovers|Competitive|DrainingKiss,Protect,MuddyWater,IceBeam|Bold||F|||50|]Annihilape||LifeOrb|Defiant|BulkUp,DrainPunch,RageFist,PoisonJab|Adamant||F|||50|
|showteam|p2|Froslass||Froslassite|SnowCloak|Blizzard,Protect,ShadowBall,AuroraVeil|Timid||F|||50|]Lycanroc-Dusk||ExpertBelt|ToughClaws|Accelerock,CloseCombat,RockSlide,Protect|Adamant||F|||50|]Sneasler||WhiteHerb|Unburden|CloseCombat,FakeOut,DireClaw,Protect|Jolly||M|||50|]Corviknight||Leftovers|MirrorArmor|BraveBird,Tailwind,IronHead,Roost|Adamant||M|||50|]Garchomp||ChoiceScarf|RoughSkin|StompingTantrum,DragonClaw,RockTomb,IronHead|Jolly||F|||50|]Tsareena||WideLens|QueenlyMajesty|Taunt,HighJumpKick,PowerWhip,Protect|Jolly||F|||50|
|inactive|Battle timer is ON: inactive players will automatically lose when time's up. (requested by EDJPP)
|inactive|Kennedywuzhere has 60 seconds left.
|inactive|EDJPP has 60 seconds left.
|
|t:|1785875758
|teamsize|p1|4
|teamsize|p2|4
|start
|switch|p1a: Espathra|Espathra, L50, F|100/100
|switch|p1b: Milotic|Milotic, L50, F|100/100
|switch|p2a: Corviknight|Corviknight, L50, M|100/100
|switch|p2b: Sneasler|Sneasler, L50, M|100/100
|turn|1
|inactive|Kennedywuzhere has 30 seconds left.
|inactive|EDJPP has 30 seconds left.
|inactive|Kennedywuzhere has 20 seconds left.
|inactive|EDJPP has 20 seconds left.
|inactive|EDJPP has 15 seconds left.
|inactive|EDJPP has 10 seconds left.
|inactive|EDJPP has 5 seconds left.
|
|t:|1785875813
|move|p1a: Espathra|Protect|p1a: Espathra
|-singleturn|p1a: Espathra|Protect
|move|p2b: Sneasler|Close Combat|p1b: Milotic
|-damage|p1b: Milotic|47/100
|-unboost|p2b: Sneasler|def|1
|-unboost|p2b: Sneasler|spd|1
|-enditem|p2b: Sneasler|White Herb
|-clearnegativeboost|p2b: Sneasler|[silent]
|move|p1b: Milotic|Ice Beam|p2a: Corviknight
|-damage|p2a: Corviknight|79/100
|move|p2a: Corviknight|Brave Bird|p1a: Espathra
|-activate|p1a: Espathra|move: Protect
|
|-heal|p1b: Milotic|53/100|[from] item: Leftovers
|-heal|p2a: Corviknight|85/100|[from] item: Leftovers
|-ability|p1a: Espathra|Speed Boost|boost
|-boost|p1a: Espathra|spe|1
|upkeep
|turn|2
|inactive|Kennedywuzhere has 30 seconds left.
|inactive|EDJPP has 30 seconds left.
|inactive|Kennedywuzhere has 20 seconds left.
|
|t:|1785875849
|move|p2b: Sneasler|Protect|p2b: Sneasler
|-singleturn|p2b: Sneasler|Protect
|move|p1a: Espathra|Calm Mind|p1a: Espathra
|-boost|p1a: Espathra|spa|1
|-boost|p1a: Espathra|spd|1
|move|p1b: Milotic|Muddy Water|p2a: Corviknight|[spread] p2a
|-activate|p2b: Sneasler|move: Protect
|-damage|p2a: Corviknight|60/100
|move|p2a: Corviknight|Brave Bird|p1b: Milotic
|-damage|p1b: Milotic|15/100
|-damage|p2a: Corviknight|48/100|[from] Recoil
|
|-heal|p1b: Milotic|21/100|[from] item: Leftovers
|-heal|p2a: Corviknight|54/100|[from] item: Leftovers
|-ability|p1a: Espathra|Speed Boost|boost
|-boost|p1a: Espathra|spe|1
|upkeep
|turn|3
|inactive|Kennedywuzhere has 30 seconds left.
|
|t:|1785875875
|move|p2b: Sneasler|Dire Claw|p1a: Espathra
|-damage|p1a: Espathra|57/100
|move|p1a: Espathra|Lumina Crash|p2b: Sneasler
|-supereffective|p2b: Sneasler|2
|-damage|p2b: Sneasler|0 fnt
|faint|p2b: Sneasler
|move|p1b: Milotic|Muddy Water|p2a: Corviknight|[miss]
|-miss|p1b: Milotic|p2a: Corviknight
|move|p2a: Corviknight|Tailwind|p2a: Corviknight
|-sidestart|p2: EDJPP|move: Tailwind
|
|-heal|p2a: Corviknight|60/100|[from] item: Leftovers
|-heal|p1b: Milotic|26/100|[from] item: Leftovers
|-ability|p1a: Espathra|Speed Boost|boost
|-boost|p1a: Espathra|spe|1
|upkeep
|
|t:|1785875883
|switch|p2b: Froslass|Froslass, L50, F|100/100
|turn|4
|
|t:|1785875903
|detailschange|p2b: Froslass|Froslass-Mega, L50, F
|-mega|p2b: Froslass|Froslass|Froslassite
|-weather|Snowscape|[from] ability: Snow Warning|[of] p2b: Froslass
|move|p2b: Froslass|Blizzard|p1a: Espathra|[spread] p1a,p1b
|-resisted|p1b: Milotic|1
|-damage|p1a: Espathra|23/100
|-damage|p1b: Milotic|11/100
|move|p1a: Espathra|Baton Pass|p1a: Espathra
|
|t:|1785875911
|switch|p1a: Annihilape|Annihilape, L50, F, shiny|100/100|[from] Baton Pass
|move|p2a: Corviknight|Roost|p2a: Corviknight
|-heal|p2a: Corviknight|100/100
|-singleturn|p2a: Corviknight|move: Roost
|move|p1b: Milotic|Draining Kiss|p2b: Froslass
|-damage|p2b: Froslass|83/100
|-heal|p1b: Milotic|20/100y|[from] drain|[of] p2b: Froslass
|
|-weather|Snowscape|[upkeep]
|-heal|p1b: Milotic|26/100|[from] item: Leftovers
|upkeep
|turn|5
|
|t:|1785875934
|move|p2b: Froslass|Blizzard|p1b: Milotic|[spread] p1a,p1b
|-resisted|p1b: Milotic|1
|-damage|p1a: Annihilape|68/100
|-damage|p1b: Milotic|10/100
|move|p1a: Annihilape|Rage Fist|p2b: Froslass
|-supereffective|p2b: Froslass|1
|-damage|p2b: Froslass|0 fnt
|faint|p2b: Froslass
|-damage|p1a: Annihilape|58/100|[from] item: Life Orb
|move|p2a: Corviknight|Brave Bird|p1a: Annihilape
|-supereffective|p1a: Annihilape|1
|-damage|p1a: Annihilape|0 fnt
|faint|p1a: Annihilape
|-damage|p2a: Corviknight|81/100|[from] Recoil
|move|p1b: Milotic|Ice Beam|p2a: Corviknight
|-damage|p2a: Corviknight|61/100
|
|-weather|Snowscape|[upkeep]
|-heal|p2a: Corviknight|67/100|[from] item: Leftovers
|-heal|p1b: Milotic|15/100|[from] item: Leftovers
|upkeep
|inactive|EDJPP has 30 seconds left.
|inactive|Kennedywuzhere has 30 seconds left.
|inactive|EDJPP has 20 seconds left.
|
|t:|1785875973
|switch|p2b: Garchomp|Garchomp, L50, F|100/100
|switch|p1a: Espathra|Espathra, L50, F|23/100
|turn|6
|
|t:|1785875989
|move|p1a: Espathra|Protect|p1a: Espathra
|-singleturn|p1a: Espathra|Protect
|move|p1b: Milotic|Protect|p1b: Milotic
|-singleturn|p1b: Milotic|Protect
|move|p2b: Garchomp|Iron Head|p1b: Milotic
|-activate|p1b: Milotic|move: Protect
|move|p2a: Corviknight|Iron Head|p1b: Milotic
|-activate|p1b: Milotic|move: Protect
|
|-weather|Snowscape|[upkeep]
|-heal|p2a: Corviknight|73/100|[from] item: Leftovers
|-heal|p1b: Milotic|21/100|[from] item: Leftovers
|-sideend|p2: EDJPP|move: Tailwind
|-ability|p1a: Espathra|Speed Boost|boost
|-boost|p1a: Espathra|spe|1
|upkeep
|turn|7
|inactive|Kennedywuzhere has 30 seconds left.
|
|t:|1785876020
|move|p2b: Garchomp|Iron Head|p1a: Espathra
|-damage|p1a: Espathra|0 fnt
|faint|p1a: Espathra
|move|p1b: Milotic|Draining Kiss|p2b: Garchomp
|-supereffective|p2b: Garchomp|1
|-damage|p2b: Garchomp|70/100
|-heal|p1b: Milotic|43/100|[from] drain|[of] p2b: Garchomp
|-damage|p1b: Milotic|31/100|[from] ability: Rough Skin|[of] p2b: Garchomp
|move|p2a: Corviknight|Brave Bird|p1b: Milotic
|-damage|p1b: Milotic|0 fnt
|faint|p1b: Milotic
|-damage|p2a: Corviknight|64/100|[from] Recoil
|
|-weather|Snowscape|[upkeep]
|-heal|p2a: Corviknight|70/100|[from] item: Leftovers
|upkeep
|
|t:|1785876037
|switch|p1a: Floette|Floette-Eternal, L50, F|100/100
|turn|8
|
|t:|1785876047
|detailschange|p1a: Floette|Floette-Mega, L50, F
|-mega|p1a: Floette|Floette|Floettite
|-ability|p1a: Floette|Fairy Aura
|move|p2b: Garchomp|Iron Head|p1a: Floette
|-supereffective|p1a: Floette|1
|-damage|p1a: Floette|29/100
|move|p1a: Floette|Light of Ruin|p2a: Corviknight
|-resisted|p2a: Corviknight|1
|-damage|p2a: Corviknight|12/100
|-damage|p1a: Floette|0 fnt|[from] Recoil
|faint|p1a: Floette
|
|win|EDJPP
|inactive|Kennedywuzhere has 30 seconds to confirm battle start!
|inactive|EDJPP has 30 seconds to confirm battle start!
||Kennedywuzhere is ready for game 2.
