|j|☆nice_flop
|j|☆TreyBayBay
|html|nice_flopTreyBayBay    
|uhtml|bestof|Game 2 of a best-of-3
|t:|1757687104
|gametype|doubles
|player|p1|nice_flop|1|1182
|player|p2|TreyBayBay|ninjaboy|1135
|gen|9
|tier|[Gen 9] VGC 2025 Reg H (Bo3)
|rated|
|rule|Species Clause: Limit one of each Pokémon
|rule|Item Clause: Limit 1 of each item
|clearpoke
|poke|p1|Malamar, L50, F|
|poke|p1|Rillaboom, L50, F|
|poke|p1|Incineroar, L50, F|
|poke|p1|Primarina, L50, F|
|poke|p1|Pelipper, L50, F|
|poke|p1|Archaludon, L50, F|
|poke|p2|Ninetales-Alola, L50, F|
|poke|p2|Farigiraf, L50, F|
|poke|p2|Sneasler, L50, F|
|poke|p2|Incineroar, L50, F|
|poke|p2|Archaludon, L50, M|
|poke|p2|Hydreigon, L50, M|
|teampreview|4
|showteam|p1|Malamar||SitrusBerry|Contrary|Protect,TopsyTurvy,KnockOff,Superpower|||F|||50|,,,,,Ghost]Rillaboom||MiracleSeed|GrassySurge|Protect,FakeOut,GrassyGlide,WoodHammer|||F|||50|,,,,,Grass]Incineroar||SafetyGoggles|Intimidate|PartingShot,FakeOut,KnockOff,FlareBlitz|||F|||50|,,,,,Ghost]Primarina||Leftovers|LiquidVoice|Protect,TeraBlast,Moonblast,HyperVoice|||F|||50|,,,,,Steel]Pelipper||FocusSash|Drizzle|Protect,Tailwind,WeatherBall,Hurricane|||F|||50|,,,,,Ghost]Archaludon||AssaultVest|Stamina|BodyPress,ElectroShot,FlashCannon,DracoMeteor|||F|||50|,,,,,Fairy
|showteam|p2|Ninetales-Alola||LightClay|SnowWarning|Protect,Blizzard,Moonblast,AuroraVeil|||F|||50|,,,,,Ghost]Farigiraf||ThroatSpray|ArmorTail|ExpandingForce,HyperVoice,TrickRoom,Imprison|||F|||50|,,,,,Fairy]Sneasler||FocusSash|PoisonTouch|FakeOut,DireClaw,CloseCombat,Taunt|||F|||50|,,,,,Stellar]Incineroar||SafetyGoggles|Intimidate|FakeOut,FlareBlitz,KnockOff,WillOWisp|||F|||50|,,,,,Ghost]Archaludon||AssaultVest|Stamina|DracoMeteor,FlashCannon,BodyPress,Snarl|||M|||50|,,,,,Bug]Hydreigon||CovertCloak|Levitate|DarkPulse,EarthPower,NastyPlot,Tailwind|||M|||50|,,,,,Ghost
|inactive|Battle timer is ON: inactive players will automatically lose when time's up. (requested by nice_flop)
|inactive|nice_flop has 60 seconds left.
|inactive|nice_flop has 30 seconds left.
|inactive|nice_flop has 20 seconds left.
|inactive|nice_flop has 15 seconds left.
|
|t:|1757687184
|teamsize|p1|4
|teamsize|p2|4
|start
|switch|p1a: Archaludon|Archaludon, L50, F|100/100
|switch|p1b: Pelipper|Pelipper, L50, F|100/100
|switch|p2a: Sneasler|Sneasler, L50, F|100/100
|switch|p2b: Hydreigon|Hydreigon, L50, M, shiny|100/100
|-weather|RainDance|[from] ability: Drizzle|[of] p1b: Pelipper
|turn|1
|inactive|nice_flop has 30 seconds left.
|inactive|nice_flop has 20 seconds left.
|inactive|nice_flop has 15 seconds left.
|
|t:|1757687224
|switch|p1b: Incineroar|Incineroar, L50, F|100/100
|-ability|p1b: Incineroar|Intimidate|boost
|-unboost|p2a: Sneasler|atk|1
|-unboost|p2b: Hydreigon|atk|1
|-terastallize|p2b: Hydreigon|Ghost
|move|p2a: Sneasler|Fake Out|p1b: Incineroar
|-damage|p1b: Incineroar|92/100
|move|p2b: Hydreigon|Nasty Plot|p2b: Hydreigon
|-boost|p2b: Hydreigon|spa|2
|move|p1a: Archaludon|Flash Cannon|p2b: Hydreigon
|-damage|p2b: Hydreigon|60/100
|
|-weather|RainDance|[upkeep]
|upkeep
|turn|2
|inactive|nice_flop has 30 seconds left.
|inactive|TreyBayBay has 30 seconds left.
|inactive|TreyBayBay has 20 seconds left.
|
|t:|1757687261
|switch|p2a: Ninetales|Ninetales-Alola, L50, F, shiny|100/100
|-weather|Snowscape|[from] ability: Snow Warning|[of] p2a: Ninetales
|switch|p1a: Pelipper|Pelipper, L50, F|100/100
|-weather|RainDance|[from] ability: Drizzle|[of] p1a: Pelipper
|move|p2b: Hydreigon|Earth Power|p1b: Incineroar
|-supereffective|p1b: Incineroar
|-damage|p1b: Incineroar|0 fnt
|faint|p1b: Incineroar
|
|-weather|RainDance|[upkeep]
|upkeep
|
|t:|1757687278
|switch|p1b: Rillaboom|Rillaboom, L50, F|100/100
|-fieldstart|move: Grassy Terrain|[from] ability: Grassy Surge|[of] p1b: Rillaboom
|turn|3
|inactive|TreyBayBay has 30 seconds left.
|
|t:|1757687311
|switch|p2a: Archaludon|Archaludon, L50, M, shiny|100/100
|switch|p1a: Archaludon|Archaludon, L50, F|100/100
|-terastallize|p1b: Rillaboom|Grass
|move|p1b: Rillaboom|Grassy Glide|p2b: Hydreigon
|-damage|p2b: Hydreigon|0 fnt
|faint|p2b: Hydreigon
|
|-weather|RainDance|[upkeep]
|upkeep
|
|t:|1757687322
|switch|p2b: Sneasler|Sneasler, L50, F|100/100
|turn|4
|inactive|TreyBayBay has 30 seconds left.
|inactive|TreyBayBay has 20 seconds left.
|inactive|TreyBayBay has 15 seconds left.
|
|t:|1757687365
|move|p1b: Rillaboom|Grassy Glide|p2b: Sneasler
|-resisted|p2b: Sneasler
|-damage|p2b: Sneasler|47/100
|move|p2b: Sneasler|Close Combat|p1a: Archaludon
|-supereffective|p1a: Archaludon
|-damage|p1a: Archaludon|0 fnt
|-unboost|p2b: Sneasler|def|1
|-unboost|p2b: Sneasler|spd|1
|faint|p1a: Archaludon
|move|p2a: Archaludon|Draco Meteor|p1b: Rillaboom
|-damage|p1b: Rillaboom|27/100
|-unboost|p2a: Archaludon|spa|2
|
|-weather|RainDance|[upkeep]
|-heal|p2b: Sneasler|53/100|[from] Grassy Terrain
|-heal|p1b: Rillaboom|33/100|[from] Grassy Terrain
|upkeep
|
|t:|1757687381
|switch|p1a: Pelipper|Pelipper, L50, F|100/100
|turn|5
|
|t:|1757687393
|switch|p2b: Ninetales|Ninetales-Alola, L50, F, shiny|100/100
|-weather|Snowscape|[from] ability: Snow Warning|[of] p2b: Ninetales
|move|p1b: Rillaboom|Grassy Glide|p2b: Ninetales
|-damage|p2b: Ninetales|33/100
|move|p2a: Archaludon|Flash Cannon|p1a: Pelipper
|-resisted|p1a: Pelipper
|-crit|p1a: Pelipper
|-damage|p1a: Pelipper|74/100
|move|p1a: Pelipper|Weather Ball|p2a: Archaludon
|-damage|p2a: Archaludon|85/100
|-ability|p2a: Archaludon|Stamina|boost
|-boost|p2a: Archaludon|def|1
|
|-weather|Snowscape|[upkeep]
|-heal|p2b: Ninetales|39/100|[from] Grassy Terrain
|-heal|p2a: Archaludon|91/100|[from] Grassy Terrain
|-heal|p1b: Rillaboom|39/100|[from] Grassy Terrain
|upkeep
|turn|6
|
|t:|1757687413
|move|p2b: Ninetales|Protect|p2b: Ninetales
|-singleturn|p2b: Ninetales|Protect
|move|p1b: Rillaboom|Grassy Glide|p2b: Ninetales
|-activate|p2b: Ninetales|move: Protect
|move|p2a: Archaludon|Body Press|p1b: Rillaboom
|-damage|p1b: Rillaboom|9/100
|move|p1a: Pelipper|Hurricane|p2a: Archaludon|[miss]
|-miss|p1a: Pelipper|p2a: Archaludon
|
|-weather|Snowscape|[upkeep]
|-heal|p2b: Ninetales|45/100|[from] Grassy Terrain
|-heal|p2a: Archaludon|97/100|[from] Grassy Terrain
|-heal|p1b: Rillaboom|15/100|[from] Grassy Terrain
|upkeep
|turn|7
|
|t:|1757687431
|move|p1b: Rillaboom|Grassy Glide|p2b: Ninetales
|-damage|p2b: Ninetales|0 fnt
|faint|p2b: Ninetales
|move|p2a: Archaludon|Body Press|p1b: Rillaboom
|-crit|p1b: Rillaboom
|-damage|p1b: Rillaboom|0 fnt
|faint|p1b: Rillaboom
|move|p1a: Pelipper|Hurricane|p2a: Archaludon|[miss]
|-miss|p1a: Pelipper|p2a: Archaludon
|
|-weather|Snowscape|[upkeep]
|-heal|p2a: Archaludon|100/100|[from] Grassy Terrain
|-fieldend|move: Grassy Terrain
|upkeep
|
|t:|1757687443
|switch|p2b: Sneasler|Sneasler, L50, F|53/100
|turn|8
|
|t:|1757687452
|move|p2b: Sneasler|Fake Out|p1a: Pelipper
|-damage|p1a: Pelipper|58/100
|-status|p1a: Pelipper|psn|[from] ability: Poison Touch|[of] p2b: Sneasler
|move|p2a: Archaludon|Body Press|p1a: Pelipper
|-resisted|p1a: Pelipper
|-damage|p1a: Pelipper|40/100 psn
|cant|p1a: Pelipper|flinch
|
|-weather|Snowscape|[upkeep]
|-damage|p1a: Pelipper|28/100 psn|[from] psn
|upkeep
|turn|9
|
|t:|1757687466
|move|p2b: Sneasler|Dire Claw|p1a: Pelipper
|-damage|p1a: Pelipper|0 fnt
|faint|p1a: Pelipper
|
|win|TreyBayBay
|raw|nice_flop's rating: 1182 → 1154(-28 for losing)
|raw|TreyBayBay's rating: 1135 → 1163(+28 for winning)
|c|☆TreyBayBay|GGs
