|j|☆Ringeril
|j|☆Aikalytics
|html|RingerilAikalytics    
|uhtml|bestof|Game 1 of a best-of-3
|t:|1757740702
|gametype|doubles
|player|p1|Ringeril|1|
|player|p2|Aikalytics|roxie|
|gen|9
|tier|[Gen 9] VGC 2025 Reg H (Bo3)
|rule|Species Clause: Limit one of each Pokémon
|rule|Item Clause: Limit 1 of each item
|clearpoke
|poke|p1|Kingdra, L50, F|
|poke|p1|Politoed, L50, M|
|poke|p1|Tsareena, L50, F|
|poke|p1|Gothitelle, L50, F|
|poke|p1|Archaludon, L50, M|
|poke|p1|Incineroar, L50, M|
|poke|p2|Sableye, L50, M|
|poke|p2|Annihilape, L50, F|
|poke|p2|Dragapult, L50, F|
|poke|p2|Gholdengo, L50|
|poke|p2|Maushold-Four, L50|
|poke|p2|Mimikyu, L50, F|
|teampreview|4
|showteam|p1|Kingdra||ChoiceSpecs|SwiftSwim|MuddyWater,DracoMeteor,Hurricane,WeatherBall|||F|||50|,,,,,Water]Politoed||AguavBerry|Drizzle|MuddyWater,HelpingHand,PerishSong,Protect|||M|||50|,,,,,Grass]Tsareena||LoadedDice|QueenlyMajesty|BulletSeed,KnockOff,Taunt,Protect|||F|||50|,,,,,Water]Gothitelle||SitrusBerry|ShadowTag|FakeOut,Psychic,TrickRoom,Protect|||F|||50|,,,,,Dark]Archaludon||Leftovers|Stamina|ElectroShot,BodyPress,DragonPulse,Protect|||M|||50|,,,,,Bug]Incineroar||SafetyGoggles|Intimidate|FakeOut,KnockOff,PartingShot,Protect|||M|||50|,,,,,Ghost
|showteam|p2|Sableye||RoseliBerry|Prankster|FoulPlay,Encore,Disable,ThunderWave|||M|||50|,,,,,Grass]Annihilape||Leftovers|Defiant|RageFist,DrainPunch,BulkUp,Protect|||F|||50|,,,,,Fire]Dragapult||FocusSash|ClearBody|WillOWisp,ThunderWave,LightScreen,PhantomForce|||F|||50|,,,,,Steel]Gholdengo||MetalCoat|GoodasGold|MakeItRain,ShadowBall,NastyPlot,Protect||||||50|,,,,,Water]Maushold-Four||SafetyGoggles|FriendGuard|FollowMe,SuperFang,BeatUp,Protect||||||50|,,,,,Ghost]Mimikyu||MentalHerb|Disguise|ShadowSneak,SwordsDance,PlayRough,TrickRoom|||F|||50|,,,,,Ghost
|inactive|Battle timer is ON: inactive players will automatically lose when time's up. (requested by Ringeril)
|
|t:|1757740750
|teamsize|p1|4
|teamsize|p2|4
|start
|switch|p1a: Reina Dragona|Kingdra, L50, F|100/100
|switch|p1b: El Capi|Politoed, L50, M, shiny|100/100
|switch|p2a: Mimikyu|Mimikyu, L50, F|100/100
|switch|p2b: Rafiki|Annihilape, L50, F|100/100
|-weather|RainDance|[from] ability: Drizzle|[of] p1b: El Capi
|turn|1
|inactive|Ringeril has 30 seconds left.
|inactive|Ringeril has 20 seconds left.
|inactive|Ringeril has 15 seconds left.
|inactive|Ringeril has 10 seconds left.
|
|t:|1757740796
|-terastallize|p1a: Reina Dragona|Water
|move|p1a: Reina Dragona|Muddy Water|p2b: Rafiki|[spread] p2a,p2b
|-activate|p2a: Mimikyu|ability: Disguise
|-damage|p2a: Mimikyu|100/100
|-damage|p2b: Rafiki|24/100
|detailschange|p2a: Mimikyu|Mimikyu-Busted, L50, F
|-damage|p2a: Mimikyu|88/100|[from] pokemon: Mimikyu-Busted
|move|p2b: Rafiki|Bulk Up|p2b: Rafiki
|-boost|p2b: Rafiki|atk|1
|-boost|p2b: Rafiki|def|1
|move|p1b: El Capi|Muddy Water|p2a: Mimikyu|[spread] p2a,p2b
|-damage|p2a: Mimikyu|46/100
|-damage|p2b: Rafiki|0 fnt
|faint|p2b: Rafiki
|move|p2a: Mimikyu|Trick Room|p2a: Mimikyu
|-fieldstart|move: Trick Room|[of] p2a: Mimikyu
|
|-weather|RainDance|[upkeep]
|upkeep
|
|t:|1757740814
|switch|p2b: El moradito|Sableye, L50, M|100/100
|turn|2
|
|t:|1757740830
|switch|p1b: Archivador|Archaludon, L50, M|100/100
|switch|p1a: Bailarina Vecina|Tsareena, L50, F, shiny|100/100
|move|p2b: El moradito|Disable||[still]
|cant|p1a: Bailarina Vecina|ability: Queenly Majesty|Disable|[of] p2b: El moradito
|move|p2a: Mimikyu|Swords Dance|p2a: Mimikyu
|-boost|p2a: Mimikyu|atk|2
|
|-weather|RainDance|[upkeep]
|upkeep
|turn|3
|inactive|Aikalytics has 30 seconds left.
|inactive|Ringeril has 30 seconds left.
|inactive|Aikalytics has 20 seconds left.
|
|t:|1757740868
|-terastallize|p2a: Mimikyu|Ghost
|move|p2a: Mimikyu|Shadow Sneak||[still]
|cant|p1a: Bailarina Vecina|ability: Queenly Majesty|Shadow Sneak|[of] p2a: Mimikyu
|move|p2b: El moradito|Foul Play|p1a: Bailarina Vecina
|-damage|p1a: Bailarina Vecina|45/100
|move|p1b: Archivador|Electro Shot||[still]
|-prepare|p1b: Archivador|Electro Shot
|-boost|p1b: Archivador|spa|1
|-anim|p1b: Archivador|Electro Shot|p2b: El moradito
|-damage|p2b: El moradito|28/100
|move|p1a: Bailarina Vecina|Bullet Seed|p1b: Archivador
|-resisted|p1b: Archivador
|-damage|p1b: Archivador|98/100
|-ability|p1b: Archivador|Stamina|boost
|-boost|p1b: Archivador|def|1
|-resisted|p1b: Archivador
|-damage|p1b: Archivador|97/100
|-ability|p1b: Archivador|Stamina|boost
|-boost|p1b: Archivador|def|1
|-resisted|p1b: Archivador
|-damage|p1b: Archivador|96/100
|-ability|p1b: Archivador|Stamina|boost
|-boost|p1b: Archivador|def|1
|-resisted|p1b: Archivador
|-damage|p1b: Archivador|95/100
|-ability|p1b: Archivador|Stamina|boost
|-boost|p1b: Archivador|def|1
|-resisted|p1b: Archivador
|-damage|p1b: Archivador|94/100
|-ability|p1b: Archivador|Stamina|boost
|-boost|p1b: Archivador|def|1
|-hitcount|p1b: Archivador|5
|
|-weather|RainDance|[upkeep]
|-heal|p1b: Archivador|100/100|[from] item: Leftovers
|upkeep
|turn|4
|inactive|Ringeril has 30 seconds left.
|inactive|Aikalytics has 30 seconds left.
|inactive|Aikalytics has 20 seconds left.
|inactive|Aikalytics has 15 seconds left.
|inactive|Aikalytics has 10 seconds left.
|inactive|Aikalytics has 5 seconds left.
|
|t:|1757740919
|move|p2b: El moradito|Encore||[still]
|cant|p1a: Bailarina Vecina|ability: Queenly Majesty|Encore|[of] p2b: El moradito
|move|p2a: Mimikyu|Play Rough|p1a: Bailarina Vecina
|-damage|p1a: Bailarina Vecina|0 fnt
|faint|p1a: Bailarina Vecina
|move|p1b: Archivador|Electro Shot||[still]
|-prepare|p1b: Archivador|Electro Shot
|-boost|p1b: Archivador|spa|1
|-anim|p1b: Archivador|Electro Shot|p2a: Mimikyu
|-damage|p2a: Mimikyu|0 fnt
|faint|p2a: Mimikyu
|
|-weather|RainDance|[upkeep]
|upkeep
|
|t:|1757740932
|switch|p2a: JimmyButler|Gholdengo, L50|100/100
|switch|p1a: El Capi|Politoed, L50, M, shiny|100/100
|turn|5
|
|t:|1757740944
|move|p2b: El moradito|Disable|p1b: Archivador
|-start|p1b: Archivador|Disable|Electro Shot
|move|p1a: El Capi|Muddy Water|p2b: El moradito|[spread] p2a,p2b
|-damage|p2a: JimmyButler|71/100
|-damage|p2b: El moradito|0 fnt
|faint|p2b: El moradito
|cant|p1b: Archivador|Disable|Electro Shot
|move|p2a: JimmyButler|Nasty Plot|p2a: JimmyButler
|-boost|p2a: JimmyButler|spa|2
|
|-weather|none
|-fieldend|move: Trick Room
|upkeep
|turn|6
|
|t:|1757740963
|switch|p1b: Reina Dragona|Kingdra, L50, F, tera:Water|100/100
|move|p2a: JimmyButler|Make It Rain|p1b: Reina Dragona|[spread] p1a,p1b
|-resisted|p1a: El Capi
|-resisted|p1b: Reina Dragona
|-damage|p1a: El Capi|54/100
|-damage|p1b: Reina Dragona|43/100
|-unboost|p2a: JimmyButler|spa|1
|move|p1a: El Capi|Muddy Water|p2a: JimmyButler
|-damage|p2a: JimmyButler|43/100
|-unboost|p2a: JimmyButler|accuracy|1
|
|upkeep
|turn|7
|
|t:|1757740978
|switch|p1a: Archivador|Archaludon, L50, M|100/100
|move|p2a: JimmyButler|Make It Rain|p1b: Reina Dragona|[spread] p1a,p1b
|-resisted|p1a: Archivador
|-resisted|p1b: Reina Dragona
|-damage|p1a: Archivador|63/100
|-damage|p1b: Reina Dragona|0 fnt
|-unboost|p2a: JimmyButler|spa|1
|-ability|p1a: Archivador|Stamina|boost
|-boost|p1a: Archivador|def|1
|faint|p1b: Reina Dragona
|
|-heal|p1a: Archivador|69/100|[from] item: Leftovers
|upkeep
|
|t:|1757740990
|switch|p1b: El Capi|Politoed, L50, M, shiny|54/100
|-weather|RainDance|[from] ability: Drizzle|[of] p1b: El Capi
|turn|8
|
|t:|1757740999
|move|p2a: JimmyButler|Nasty Plot|p2a: JimmyButler
|-boost|p2a: JimmyButler|spa|2
|move|p1a: Archivador|Electro Shot||[still]
|-prepare|p1a: Archivador|Electro Shot
|-boost|p1a: Archivador|spa|1
|-anim|p1a: Archivador|Electro Shot|p2a: JimmyButler
|-damage|p2a: JimmyButler|0 fnt
|faint|p2a: JimmyButler
|
|win|Ringeril
||Ringeril is ready for game 2.
||Aikalytics is ready for game 2.
|uhtml|next|Next: Game 2 of 3
