|j|‽daniiivgc
|j|☆Roncolaenjoyer
|html|daniiivgcRoncolaenjoyer    
|uhtml|bestof|Game 1 of a best-of-3
|t:|1783895452
|gametype|doubles
|player|p1|daniiivgc|giovanni|1418
|player|p2|Roncolaenjoyer|nate|1452
|gen|9
|tier|[Gen 9 Champions] VGC 2026 Reg M-B (Bo3)
|rated|
|rule|Species Clause: Limit one of each Pokémon
|rule|Item Clause: Limit 1 of each item
|clearpoke
|poke|p1|Charizard, L50, M|
|poke|p1|Venusaur, L50, M|
|poke|p1|Garchomp, L50, M|
|poke|p1|Incineroar, L50, M|
|poke|p1|Toxapex, L50, M|
|poke|p1|Annihilape, L50, M|
|poke|p2|Charizard, L50, M|
|poke|p2|Sylveon, L50, F|
|poke|p2|Farigiraf, L50, F|
|poke|p2|Aerodactyl, L50, M|
|poke|p2|Kingambit, L50, M|
|poke|p2|Garchomp, L50, M|
|teampreview|4
|showteam|p1|Charizard||CharizarditeY|Blaze|HeatWave,WeatherBall,HelpingHand,Protect|Modest||M|||50|]Venusaur||LifeOrb|Chlorophyll|LeafStorm,SludgeBomb,EarthPower,Protect|Modest||M|||50|]Garchomp||ChoiceScarf|RoughSkin|DragonClaw,Earthquake,RockSlide,StompingTantrum|Adamant||M|||50|]Incineroar||SitrusBerry|Intimidate|FlareBlitz,ThroatChop,PartingShot,FakeOut|Impish||M|||50|]Toxapex||Leftovers|Regenerator|Toxic,Infestation,WideGuard,BanefulBunker|Bold||M|||50|]Annihilape||FocusSash|Defiant|PhantomForce,CloseCombat,RockTomb,Protect|Jolly||M|||50|
|showteam|p2|Charizard||CharizarditeY|SolarPower|Protect,WeatherBall,SolarBeam,HeatWave|Modest||M|||50|]Sylveon||FairyFeather|Pixilate|Detect,HyperVoice,QuickAttack,HyperBeam|Modest||F|||50|]Farigiraf||SitrusBerry|ArmorTail|Thunderbolt,TwinBeam,Roar,TrickRoom|Bold||F|||50|]Aerodactyl||Aerodactylite|Unnerve|RockSlide,DualWingbeat,IceFang,Tailwind|Jolly||M|||50|]Kingambit||FocusSash|Defiant|KowtowCleave,SuckerPunch,IronHead,LowKick|Adamant||M|||50|]Garchomp||LifeOrb|RoughSkin|Earthquake,StompingTantrum,DragonClaw,Protect|Jolly||M|||50|
|inactive|Battle timer is ON: inactive players will automatically lose when time's up. (requested by Roncolaenjoyer)
|
|t:|1783895478
|teamsize|p1|4
|teamsize|p2|4
|start
|switch|p1a: Charizard|Charizard, L50, M|100/100
|switch|p1b: Venusaur|Venusaur, L50, M|100/100
|switch|p2a: Aerodactyl|Aerodactyl, L50, M|100/100
|switch|p2b: Kingambit|Kingambit, L50, M|100/100
|-ability|p2a: Aerodactyl|Unnerve
|turn|1
|
|t:|1783895499
|switch|p2a: Farigiraf|Farigiraf, L50, F|100/100
|detailschange|p1a: Charizard|Charizard-Mega-Y, L50, M
|-mega|p1a: Charizard|Charizard|Charizardite Y
|-weather|SunnyDay|[from] ability: Drought|[of] p1a: Charizard
|move|p1a: Charizard|Helping Hand|p1b: Venusaur
|-singleturn|p1b: Venusaur|Helping Hand|[of] p1a: Charizard
|move|p1b: Venusaur|Leaf Storm|p2a: Farigiraf
|-damage|p2a: Farigiraf|0 fnt
|-unboost|p1b: Venusaur|spa|2
|faint|p2a: Farigiraf
|-damage|p1b: Venusaur|90/100|[from] item: Life Orb
|move|p2b: Kingambit|Kowtow Cleave|p1a: Charizard
|-damage|p1a: Charizard|51/100
|
|-weather|SunnyDay|[upkeep]
|upkeep
|
|t:|1783895516
|switch|p2a: Aerodactyl|Aerodactyl, L50, M|100/100
|-ability|p2a: Aerodactyl|Unnerve
|turn|2
|
|t:|1783895526
|detailschange|p2a: Aerodactyl|Aerodactyl-Mega, L50, M
|-mega|p2a: Aerodactyl|Aerodactyl|Aerodactylite
|move|p1a: Charizard|Protect|p1a: Charizard
|-singleturn|p1a: Charizard|Protect
|move|p1b: Venusaur|Earth Power|p2b: Kingambit
|-supereffective|p2b: Kingambit|1
|-damage|p2b: Kingambit|58/100
|-damage|p1b: Venusaur|80/100|[from] item: Life Orb
|move|p2a: Aerodactyl|Rock Slide|p1b: Venusaur|[spread] p1b
|-activate|p1a: Charizard|move: Protect
|-damage|p1b: Venusaur|48/100
|move|p2b: Kingambit|Kowtow Cleave|p1b: Venusaur
|-damage|p1b: Venusaur|0 fnt
|faint|p1b: Venusaur
|
|-weather|SunnyDay|[upkeep]
|upkeep
|
|t:|1783895541
|switch|p1b: Toxapex|Toxapex, L50, M|100/100
|turn|3
|
|t:|1783895563
|switch|p1a: Incineroar|Incineroar, L50, M|100/100
|-ability|p1a: Incineroar|Intimidate|boost
|-unboost|p2a: Aerodactyl|atk|1
|-unboost|p2b: Kingambit|atk|1
|-ability|p2b: Kingambit|Defiant|boost
|-boost|p2b: Kingambit|atk|2
|move|p2b: Kingambit|Sucker Punch||[still]
|-fail|p2b: Kingambit
|move|p2a: Aerodactyl|Dual Wingbeat|p1a: Incineroar
|-damage|p1a: Incineroar|86/100
|-damage|p1a: Incineroar|72/100
|-hitcount|p1a: Incineroar|2
|move|p1b: Toxapex|Infestation|p2b: Kingambit
|-damage|p2b: Kingambit|54/100
|-activate|p2b: Kingambit|move: Infestation|[of] p1b: Toxapex
|
|-weather|SunnyDay|[upkeep]
|-damage|p2b: Kingambit|42/100|[from] move: Infestation|[partiallytrapped]
|upkeep
|turn|4
|
|t:|1783895585
|switch|p2a: Garchomp|Garchomp, L50, M|100/100
|move|p1a: Incineroar|Fake Out|p2b: Kingambit
|-resisted|p2b: Kingambit|1
|-damage|p2b: Kingambit|37/100
|cant|p2b: Kingambit|flinch
|move|p1b: Toxapex|Toxic|p2a: Garchomp
|-status|p2a: Garchomp|tox
|
|-weather|SunnyDay|[upkeep]
|-damage|p2a: Garchomp|94/100 tox|[from] psn
|-damage|p2b: Kingambit|24/100|[from] move: Infestation|[partiallytrapped]
|upkeep
|turn|5
|
|t:|1783895607
|switch|p1a: Charizard|Charizard-Mega-Y, L50, M|51/100
|move|p1b: Toxapex|Baneful Bunker|p1b: Toxapex
|-singleturn|p1b: Toxapex|move: Protect
|move|p2a: Garchomp|Stomping Tantrum|p1b: Toxapex
|-activate|p1b: Toxapex|move: Protect
|move|p2b: Kingambit|Low Kick|p1a: Charizard
|-resisted|p1a: Charizard|1
|-damage|p1a: Charizard|23/100
|
|-weather|none
|-damage|p2a: Garchomp|82/100 tox|[from] psn
|-damage|p2b: Kingambit|12/100|[from] move: Infestation|[partiallytrapped]
|upkeep
|turn|6
|inactive|Roncolaenjoyer has 30 seconds left.
|
|t:|1783895634
|switch|p1b: Incineroar|Incineroar, L50, M|72/100
|-ability|p1b: Incineroar|Intimidate|boost
|-unboost|p2a: Garchomp|atk|1
|-unboost|p2b: Kingambit|atk|1
|-ability|p2b: Kingambit|Defiant|boost
|-boost|p2b: Kingambit|atk|2
|move|p2a: Garchomp|Stomping Tantrum|p1b: Incineroar
|-supereffective|p1b: Incineroar|1
|-damage|p1b: Incineroar|13/100
|-enditem|p1b: Incineroar|Sitrus Berry|[eat]
|-heal|p1b: Incineroar|38/100|[from] item: Sitrus Berry
|-damage|p2a: Garchomp|72/100 tox|[from] item: Life Orb
|move|p1a: Charizard|Heat Wave|p2a: Garchomp|[spread] p2a,p2b
|-resisted|p2a: Garchomp|1
|-supereffective|p2b: Kingambit|1
|-damage|p2a: Garchomp|51/100 tox
|-damage|p2b: Kingambit|0 fnt
|faint|p2b: Kingambit
|
|-damage|p2a: Garchomp|33/100 tox|[from] psn
|upkeep
|
|t:|1783895648
|switch|p2b: Aerodactyl|Aerodactyl-Mega, L50, M|100/100
|turn|7
|
|t:|1783895671
|switch|p1b: Toxapex|Toxapex, L50, M|100/100
|move|p1a: Charizard|Protect|p1a: Charizard
|-singleturn|p1a: Charizard|Protect
|move|p2b: Aerodactyl|Rock Slide|p1a: Charizard|[spread] 
|-activate|p1a: Charizard|move: Protect
|-miss|p2b: Aerodactyl|p1b: Toxapex
|move|p2a: Garchomp|Dragon Claw|p1a: Charizard
|-activate|p1a: Charizard|move: Protect
|
|-damage|p2a: Garchomp|9/100 tox|[from] psn
|upkeep
|turn|8
|
|t:|1783895685
|switch|p1b: Incineroar|Incineroar, L50, M|38/100
|-ability|p1b: Incineroar|Intimidate|boost
|-unboost|p2a: Garchomp|atk|1
|-unboost|p2b: Aerodactyl|atk|1
|move|p1a: Charizard|Protect|p1a: Charizard
|-singleturn|p1a: Charizard|Protect
|move|p2b: Aerodactyl|Dual Wingbeat|p1a: Charizard
|-activate|p1a: Charizard|move: Protect
|move|p2a: Garchomp|Stomping Tantrum|p1b: Incineroar
|-supereffective|p1b: Incineroar|1
|-damage|p1b: Incineroar|0 fnt
|faint|p1b: Incineroar
|-damage|p2a: Garchomp|0 fnt|[from] item: Life Orb
|faint|p2a: Garchomp
|
|upkeep
|
|t:|1783895697
|switch|p1b: Toxapex|Toxapex, L50, M|100/100
|turn|9
|
|t:|1783895701
|move|p2b: Aerodactyl|Dual Wingbeat|p1a: Charizard
|-damage|p1a: Charizard|8/100
|-damage|p1a: Charizard|0 fnt
|faint|p1a: Charizard
|-hitcount|p1: Charizard|2
|move|p1b: Toxapex|Toxic|p2b: Aerodactyl
|-status|p2b: Aerodactyl|tox
|
|-damage|p2b: Aerodactyl|93/100 tox|[from] psn
|upkeep
|turn|10
|
|t:|1783895708
|move|p2b: Aerodactyl|Dual Wingbeat|p1b: Toxapex|[miss]
|-miss|p2b: Aerodactyl|p1b: Toxapex
|move|p1b: Toxapex|Infestation|p2b: Aerodactyl
|-resisted|p2b: Aerodactyl|1
|-damage|p2b: Aerodactyl|92/100 tox
|-activate|p2b: Aerodactyl|move: Infestation|[of] p1b: Toxapex
|
|-damage|p2b: Aerodactyl|80/100 tox|[from] psn
|-damage|p2b: Aerodactyl|68/100 tox|[from] move: Infestation|[partiallytrapped]
|upkeep
|turn|11
|-message|Roncolaenjoyer forfeited.
|
|win|daniiivgc
