|j|☆branefx
|j|☆beeetch
|html|branefxbeeetch    
|uhtml|bestof|Game 2 of a best-of-3
|t:|1756038462
|gametype|doubles
|player|p1|branefx|scientist-gen4dp|1224
|player|p2|beeetch|beauty-gen4dp|1259
|gen|9
|tier|[Gen 9] VGC 2025 Reg H (Bo3)
|rated|
|rule|Species Clause: Limit one of each Pokémon
|rule|Item Clause: Limit 1 of each item
|clearpoke
|poke|p1|Pelipper, L50, M|
|poke|p1|Archaludon, L50, M|
|poke|p1|Dragonite, L50, M|
|poke|p1|Amoonguss, L50, M|
|poke|p1|Incineroar, L50, M|
|poke|p1|Basculegion, L50, M|
|poke|p2|Toedscruel, L50, M|
|poke|p2|Weezing-Galar, L50, F|
|poke|p2|Corviknight, L50, F|
|poke|p2|Pawmot, L50, M|
|poke|p2|Garchomp, L50, M|
|poke|p2|Typhlosion-Hisui, L50, F|
|teampreview|4
|showteam|p1|Pelipper||FocusSash|Drizzle|WeatherBall,Hurricane,Tailwind,WideGuard|||M|||50|,,,,,Grass]Archaludon||AssaultVest|Stamina|ElectroShot,FlashCannon,DragonPulse,BodyPress|||M|||50|,,,,,Grass]Dragonite||LoadedDice|Multiscale|ScaleShot,Tailwind,Haze,Protect|||M|||50|,,,,,Fairy]Amoonguss||RockyHelmet|Regenerator|Spore,PollenPuff,ClearSmog,RagePowder|||M|||50|,,,,,Water]Incineroar||SitrusBerry|Intimidate|WillOWisp,KnockOff,FakeOut,PartingShot|||M|||50|,,,,,Ghost]Basculegion||ChoiceScarf|Adaptability|WaveCrash,AquaJet,LastRespects,FlipTurn|||M|||50|,,,,,Water
|showteam|p2|Toedscruel||CovertCloak|MyceliumMight|Spore,EarthPower,AcidSpray,RagePowder|||M|||50|,,,,,Water]Weezing-Galar||ChoiceSpecs|NeutralizingGas|DazzlingGleam,SludgeBomb,StrangeSteam,Flamethrower|||F|||50|,,,,,Fire]Corviknight||SitrusBerry|MirrorArmor|Protect,Tailwind,Roost,BraveBird|||F|||50|,,,,,Dragon]Pawmot||FocusSash|NaturalCure|Protect,CloseCombat,DoubleShock,FakeOut|||M|||50|,,,,,Electric]Garchomp||LifeOrb|RoughSkin|Protect,Earthquake,DragonClaw,StompingTantrum|||M|||50|,,,,,Ground]Typhlosion-Hisui||ChoiceScarf|Blaze|Eruption,SleepTalk,HeatWave,ShadowBall|||F|||50|,,,,,Fire
|inactive|Battle timer is ON: inactive players will automatically lose when time's up. (requested by branefx)
|inactive|branefx has 60 seconds left.
|
|t:|1756038493
|teamsize|p1|4
|teamsize|p2|4
|start
|switch|p1a: Nigel|Pelipper, L50, M, shiny|100/100
|switch|p1b: Gone Fishin'|Basculegion, L50, M|100/100
|switch|p2a: Pawmot|Pawmot, L50, M|100/100
|switch|p2b: Weezing|Weezing-Galar, L50, F|100/100
|-ability|p2b: Weezing|Neutralizing Gas
|turn|1
|
|t:|1756038510
|switch|p1a: Archangel|Archaludon, L50, M, shiny|100/100
|-terastallize|p2a: Pawmot|Electric
|move|p1b: Gone Fishin'|Flip Turn|p2a: Pawmot
|-damage|p2a: Pawmot|49/100
|
|t:|1756038516
|switch|p1b: Bernard|Amoonguss, L50, M, shiny|100/100|[from] Flip Turn
|move|p2a: Pawmot|Double Shock|p1b: Bernard
|-resisted|p1b: Bernard
|-damage|p1b: Bernard|72/100
|-start|p2a: Pawmot|typechange|Electric|[from] move: Double Shock
|-damage|p2a: Pawmot|33/100|[from] item: Rocky Helmet|[of] p1b: Bernard
|move|p2b: Weezing|Dazzling Gleam|p1b: Bernard|[spread] p1a,p1b
|-resisted|p1b: Bernard
|-damage|p1a: Archangel|69/100
|-damage|p1b: Bernard|54/100
|
|upkeep
|turn|2
|
|t:|1756038533
|move|p1b: Bernard|Rage Powder|p1b: Bernard
|-singleturn|p1b: Bernard|move: Rage Powder
|move|p2a: Pawmot|Close Combat|p1b: Bernard
|-resisted|p1b: Bernard
|-damage|p1b: Bernard|34/100
|-unboost|p2a: Pawmot|def|1
|-unboost|p2a: Pawmot|spd|1
|-damage|p2a: Pawmot|16/100|[from] item: Rocky Helmet|[of] p1b: Bernard
|move|p1a: Archangel|Flash Cannon|p2b: Weezing
|-supereffective|p2b: Weezing
|-damage|p2b: Weezing|4/100
|move|p2b: Weezing|Dazzling Gleam|p1b: Bernard|[spread] p1a,p1b
|-resisted|p1b: Bernard
|-damage|p1a: Archangel|40/100
|-damage|p1b: Bernard|18/100
|
|upkeep
|turn|3
|
|t:|1756038557
|-end|p2b: Weezing|ability: Neutralizing Gas
|switch|p2b: Garchomp|Garchomp, L50, M|100/100
|move|p2a: Pawmot|Protect|p2a: Pawmot
|-singleturn|p2a: Pawmot|Protect
|move|p1b: Bernard|Rage Powder|p1b: Bernard
|-singleturn|p1b: Bernard|move: Rage Powder
|move|p1a: Archangel|Flash Cannon|p2b: Garchomp
|-damage|p2b: Garchomp|65/100
|
|upkeep
|turn|4
|
|t:|1756038571
|switch|p2a: Corviknight|Corviknight, L50, F|100/100
|switch|p1a: Gone Fishin'|Basculegion, L50, M|100/100
|switch|p1b: Nigel|Pelipper, L50, M, shiny|100/100
|-weather|RainDance|[from] ability: Drizzle|[of] p1b: Nigel
|move|p2b: Garchomp|Earthquake|p1a: Gone Fishin'|[spread] p1a
|-immune|p2a: Corviknight
|-immune|p1b: Nigel
|-damage|p1a: Gone Fishin'|32/100
|-damage|p2b: Garchomp|55/100|[from] item: Life Orb
|
|-weather|RainDance|[upkeep]
|upkeep
|turn|5
|
|t:|1756038587
|-terastallize|p1a: Gone Fishin'|Water
|move|p2b: Garchomp|Protect|p2b: Garchomp
|-singleturn|p2b: Garchomp|Protect
|move|p1a: Gone Fishin'|Flip Turn|p2b: Garchomp
|-activate|p2b: Garchomp|move: Protect
|move|p1b: Nigel|Tailwind|p1b: Nigel
|-sidestart|p1: branefx|move: Tailwind
|move|p2a: Corviknight|Brave Bird|p1a: Gone Fishin'
|-damage|p1a: Gone Fishin'|0 fnt
|faint|p1a: Gone Fishin'
|-damage|p2a: Corviknight|91/100|[from] Recoil
|
|-weather|RainDance|[upkeep]
|upkeep
|
|t:|1756038599
|switch|p1a: Archangel|Archaludon, L50, M, shiny|40/100
|turn|6
|
|t:|1756038615
|switch|p2b: Weezing|Weezing-Galar, L50, F|4/100
|-ability|p2b: Weezing|Neutralizing Gas
|move|p1b: Nigel|Weather Ball|p2a: Corviknight
|-damage|p2a: Corviknight|34/100
|-enditem|p2a: Corviknight|Sitrus Berry|[eat]
|-heal|p2a: Corviknight|59/100|[from] item: Sitrus Berry
|move|p1a: Archangel|Electro Shot||[still]
|-prepare|p1a: Archangel|Electro Shot
|-boost|p1a: Archangel|spa|1
|-anim|p1a: Archangel|Electro Shot|p2a: Corviknight
|-supereffective|p2a: Corviknight
|-damage|p2a: Corviknight|0 fnt
|faint|p2a: Corviknight
|
|-weather|RainDance|[upkeep]
|upkeep
|
|t:|1756038638
|switch|p2a: Garchomp|Garchomp, L50, M|55/100
|turn|7
|
|t:|1756038651
|move|p2a: Garchomp|Protect|p2a: Garchomp
|-singleturn|p2a: Garchomp|Protect
|move|p1b: Nigel|Hurricane|p2b: Weezing
|-damage|p2b: Weezing|0 fnt
|faint|p2b: Weezing
|-end|p2b: Weezing|ability: Neutralizing Gas
|move|p1a: Archangel|Dragon Pulse|p2a: Garchomp
|-activate|p2a: Garchomp|move: Protect
|
|-weather|RainDance|[upkeep]
|upkeep
|
|t:|1756038660
|switch|p2b: Pawmot|Pawmot, L50, M, tera:Electric|16/100
|turn|8
|
|t:|1756038667
|move|p2b: Pawmot|Fake Out|p1a: Archangel
|-resisted|p1a: Archangel
|-damage|p1a: Archangel|35/100
|-ability|p1a: Archangel|Stamina|boost
|-boost|p1a: Archangel|def|1
|move|p1b: Nigel|Weather Ball|p2a: Garchomp
|-damage|p2a: Garchomp|0 fnt
|faint|p2a: Garchomp
|cant|p1a: Archangel|flinch
|
|-weather|none
|-sideend|p1: branefx|move: Tailwind
|upkeep
|turn|9
|
|t:|1756038678
|switch|p1b: Bernard|Amoonguss, L50, M, shiny|51/100
|move|p2b: Pawmot|Double Shock|p1a: Archangel
|-resisted|p1a: Archangel
|-crit|p1a: Archangel
|-damage|p1a: Archangel|0 fnt
|-start|p2b: Pawmot|typechange|Electric|[from] move: Double Shock
|faint|p1a: Archangel
|
|upkeep
|
|t:|1756038680
|switch|p1a: Nigel|Pelipper, L50, M, shiny|100/100
|-weather|RainDance|[from] ability: Drizzle|[of] p1a: Nigel
|turn|10
|
|t:|1756038684
|move|p1b: Bernard|Rage Powder|p1b: Bernard
|-singleturn|p1b: Bernard|move: Rage Powder
|move|p2b: Pawmot|Double Shock|p1b: Bernard
|-resisted|p1b: Bernard
|-damage|p1b: Bernard|25/100
|-start|p2b: Pawmot|typechange|Electric|[from] move: Double Shock
|-damage|p2b: Pawmot|0 fnt|[from] item: Rocky Helmet|[of] p1b: Bernard
|faint|p2b: Pawmot
|
|win|branefx
|raw|branefx's rating: 1224 → 1252(+28 for winning)
|raw|beeetch's rating: 1259 → 1231(-28 for losing)
