|j|☆NemoAK
|j|☆IronStandsEternal
|html|NemoAKIronStandsEternal    
|uhtml|bestof|Game 2 of a best-of-3
|t:|1757083769
|gametype|doubles
|player|p1|NemoAK|101|1159
|player|p2|IronStandsEternal|flint|1180
|gen|9
|tier|[Gen 9] VGC 2025 Reg H (Bo3)
|rated|
|rule|Species Clause: Limit one of each Pokémon
|rule|Item Clause: Limit 1 of each item
|clearpoke
|poke|p1|Armarouge, L50, M|
|poke|p1|Garchomp, L50, M|
|poke|p1|Indeedee-F, L50, F|
|poke|p1|Murkrow, L50, M|
|poke|p1|Kingdra, L50, M|
|poke|p1|Torkoal, L50, F|
|poke|p2|Rillaboom, L50, M|
|poke|p2|Dragonite, L50, M|
|poke|p2|Sneasler, L50, M|
|poke|p2|Ninetales-Alola, L50, F|
|poke|p2|Kingambit, L50, M|
|poke|p2|Volcarona, L50, M|
|teampreview|4
|showteam|p1|Armarouge||PowerHerb|FlashFire|ExpandingForce,ArmorCannon,MeteorBeam,TrickRoom|||M|||50|,,,,,Bug]Garchomp||LifeOrb|RoughSkin|BreakingSwipe,Protect,StompingTantrum,Earthquake|||M|||50|,,,,,Fairy]Indeedee-F||SafetyGoggles|PsychicSurge|Psychic,TrickRoom,HelpingHand,FollowMe|||F|||50|,,,,,Fairy]Murkrow||Eviolite|Prankster|FoulPlay,RainDance,Haze,Tailwind|||M|||50|,,,,,Ghost]Kingdra||MysticWater|SwiftSwim|WeatherBall,DracoMeteor,MuddyWater,Protect|||M|||50|,,,,,Water]Torkoal||Charcoal|Drought|Eruption,HeatWave,EarthPower,Protect|||F|||50|,,,,,Fire
|showteam|p2|Rillaboom||AssaultVest|GrassySurge|WoodHammer,GrassyGlide,HighHorsepower,FakeOut|||M|||50|,,,,,Fire]Dragonite||LoadedDice|Multiscale|Protect,ScaleShot,LowKick,Haze|||M|||50|,,,,,Fairy]Sneasler||WhiteHerb|Unburden|Protect,DireClaw,CloseCombat,Coaching|||M|||50|,,,,,Ghost]Ninetales-Alola||ChoiceSpecs|SnowWarning|Blizzard,IcyWind,Moonblast,FreezeDry|||F|||50|,,,,,Ghost]Kingambit||SafetyGoggles|Defiant|Protect,KowtowCleave,SuckerPunch,SwordsDance|||M|||50|,,,,,Dark]Volcarona||CovertCloak|FlameBody|StruggleBug,RagePowder,Overheat,WillOWisp|||M|||50|,,,,,Fairy
|inactive|Battle timer is ON: inactive players will automatically lose when time's up. (requested by NemoAK)
|
|t:|1757083788
|teamsize|p1|4
|teamsize|p2|4
|start
|switch|p1a: Murkrow|Murkrow, L50, M|100/100
|switch|p1b: Kingdra|Kingdra, L50, M|100/100
|switch|p2a: Volcarona|Volcarona, L50, M|100/100
|switch|p2b: Dragonite|Dragonite, L50, M|100/100
|turn|1
|inactive|IronStandsEternal has 30 seconds left.
|
|t:|1757083822
|-terastallize|p2a: Volcarona|Fairy
|-terastallize|p1b: Kingdra|Water
|move|p1a: Murkrow|Rain Dance|p1a: Murkrow
|-weather|RainDance
|move|p1b: Kingdra|Muddy Water|p2a: Volcarona|[spread] p2a,p2b
|-resisted|p2b: Dragonite
|-damage|p2a: Volcarona|36/100
|-damage|p2b: Dragonite|82/100
|-unboost|p2b: Dragonite|accuracy|1
|move|p2a: Volcarona|Struggle Bug|p1a: Murkrow|[spread] p1a,p1b
|-damage|p1a: Murkrow|80/100
|-damage|p1b: Kingdra|78/100
|-unboost|p1a: Murkrow|spa|1
|-unboost|p1b: Kingdra|spa|1
|move|p2b: Dragonite|Scale Shot|p1b: Kingdra|[miss]
|-miss|p2b: Dragonite|p1b: Kingdra
|
|-weather|RainDance|[upkeep]
|upkeep
|turn|2
|inactive|NemoAK has 30 seconds left.
|inactive|IronStandsEternal has 30 seconds left.
|inactive|IronStandsEternal has 20 seconds left.
|inactive|IronStandsEternal has 15 seconds left.
|inactive|IronStandsEternal has 10 seconds left.
|
|t:|1757083869
|switch|p2b: Rillaboom|Rillaboom, L50, M|100/100
|-fieldstart|move: Grassy Terrain|[from] ability: Grassy Surge|[of] p2b: Rillaboom
|move|p1b: Kingdra|Muddy Water|p2b: Rillaboom|[spread] p2a,p2b
|-resisted|p2b: Rillaboom
|-damage|p2a: Volcarona|0 fnt
|-damage|p2b: Rillaboom|82/100
|faint|p2a: Volcarona
|move|p1a: Murkrow|Foul Play|p2b: Rillaboom
|-damage|p2b: Rillaboom|32/100
|
|-weather|RainDance|[upkeep]
|-heal|p1b: Kingdra|84/100|[from] Grassy Terrain
|-heal|p2b: Rillaboom|38/100|[from] Grassy Terrain
|upkeep
|
|t:|1757083888
|switch|p2a: Dragonite|Dragonite, L50, M|82/100
|turn|3
|
|t:|1757083893
|switch|p1a: Indeedee|Indeedee-F, L50, F|100/100
|-fieldstart|move: Psychic Terrain|[from] ability: Psychic Surge|[of] p1a: Indeedee
|move|p1b: Kingdra|Draco Meteor|p2a: Dragonite
|-supereffective|p2a: Dragonite
|-damage|p2a: Dragonite|0 fnt
|-unboost|p1b: Kingdra|spa|2
|faint|p2a: Dragonite
|move|p2b: Rillaboom|Grassy Glide|p1b: Kingdra
|-supereffective|p1b: Kingdra
|-crit|p1b: Kingdra
|-damage|p1b: Kingdra|0 fnt
|faint|p1b: Kingdra
|
|-weather|RainDance|[upkeep]
|upkeep
|
|t:|1757083911
|switch|p1b: Murkrow|Murkrow, L50, M|80/100
|switch|p2a: Kingambit|Kingambit, L50, M|100/100
|turn|4
|inactive|IronStandsEternal has 30 seconds left.
|inactive|IronStandsEternal has 20 seconds left.
|
|t:|1757083951
|move|p2b: Rillaboom|Wood Hammer|p1b: Murkrow
|-resisted|p1b: Murkrow
|-damage|p1b: Murkrow|43/100
|-damage|p2b: Rillaboom|29/100|[from] Recoil
|move|p1b: Murkrow|Foul Play|p2a: Kingambit
|-resisted|p2a: Kingambit
|-damage|p2a: Kingambit|80/100
|move|p1a: Indeedee|Psychic|p2b: Rillaboom
|-crit|p2b: Rillaboom
|-damage|p2b: Rillaboom|0 fnt
|faint|p2b: Rillaboom
|move|p2a: Kingambit|Kowtow Cleave|p1b: Murkrow
|-resisted|p1b: Murkrow
|-damage|p1b: Murkrow|18/100
|
|-weather|RainDance|[upkeep]
|upkeep
|turn|5
|inactive|IronStandsEternal has 30 seconds left.
|inactive|IronStandsEternal has 20 seconds left.
|inactive|IronStandsEternal has 15 seconds left.
|inactive|IronStandsEternal has 10 seconds left.
|
|t:|1757083997
|move|p1a: Indeedee|Helping Hand|p1b: Murkrow
|-singleturn|p1b: Murkrow|Helping Hand|[of] p1a: Indeedee
|move|p1b: Murkrow|Foul Play|p2a: Kingambit
|-resisted|p2a: Kingambit
|-damage|p2a: Kingambit|50/100
|move|p2a: Kingambit|Swords Dance|p2a: Kingambit
|-boost|p2a: Kingambit|atk|2
|
|-weather|none
|upkeep
|turn|6
|
|t:|1757084013
|move|p1a: Indeedee|Follow Me|p1a: Indeedee
|-singleturn|p1a: Indeedee|move: Follow Me
|move|p1b: Murkrow|Haze|p1b: Murkrow
|-clearallboost
|move|p2a: Kingambit|Sucker Punch||[still]
|-fail|p2a: Kingambit
|
|upkeep
|turn|7
|
|t:|1757084027
|move|p1a: Indeedee|Follow Me|p1a: Indeedee
|-singleturn|p1a: Indeedee|move: Follow Me
|move|p2a: Kingambit|Sucker Punch||[still]
|-fail|p2a: Kingambit
|move|p1b: Murkrow|Foul Play|p2a: Kingambit
|-resisted|p2a: Kingambit
|-damage|p2a: Kingambit|29/100
|
|-fieldend|move: Psychic Terrain
|upkeep
|turn|8
|
|t:|1757084038
|move|p1a: Indeedee|Follow Me|p1a: Indeedee
|-singleturn|p1a: Indeedee|move: Follow Me
|move|p1b: Murkrow|Foul Play|p2a: Kingambit
|-resisted|p2a: Kingambit
|-damage|p2a: Kingambit|8/100
|move|p2a: Kingambit|Kowtow Cleave|p1a: Indeedee
|-supereffective|p1a: Indeedee
|-damage|p1a: Indeedee|1/100
|
|upkeep
|turn|9
|
|t:|1757084049
|move|p1a: Indeedee|Follow Me|p1a: Indeedee
|-singleturn|p1a: Indeedee|move: Follow Me
|move|p2a: Kingambit|Sucker Punch||[still]
|-fail|p2a: Kingambit
|move|p1b: Murkrow|Foul Play|p2a: Kingambit
|-resisted|p2a: Kingambit
|-damage|p2a: Kingambit|0 fnt
|faint|p2a: Kingambit
|
|win|NemoAK
||NemoAK is ready for game 3.
||IronStandsEternal is ready for game 3.
|uhtml|next|Next: Game 3 of 3
