|j|☆gallegutsito
|j|☆magicalarcher57
|html|gallegutsitomagicalarcher57    
|uhtml|bestof|Game 2 of a best-of-3
|t:|1784516918
|gametype|doubles
|player|p1|gallegutsito|266|1313
|player|p2|magicalarcher57|diantha|1288
|gen|9
|tier|[Gen 9 Champions] VGC 2026 Reg M-B (Bo3)
|rated|
|rule|Species Clause: Limit one of each Pokémon
|rule|Item Clause: Limit 1 of each item
|clearpoke
|poke|p1|Staraptor, L50, F|
|poke|p1|Delphox, L50, F|
|poke|p1|Whimsicott, L50, M|
|poke|p1|Kingambit, L50, F|
|poke|p1|Glimmora, L50, M|
|poke|p1|Garchomp, L50, F|
|poke|p2|Basculegion, L50, M|
|poke|p2|Glimmora, L50, M|
|poke|p2|Garchomp, L50, F|
|poke|p2|Whimsicott, L50, F|
|poke|p2|Metagross, L50|
|poke|p2|Annihilape, L50, M|
|teampreview|4
|showteam|p1|Staraptor||Staraptite|Intimidate|CloseCombat,DualWingbeat,Roost,Protect|Jolly||F|||50|]Delphox||Delphoxite|Blaze|HeatWave,Psychic,Encore,Protect|Timid||F|||50|]Whimsicott||OccaBerry|Prankster|Tailwind,Moonblast,Charm,LightScreen|Timid||M|||50|]Kingambit||ChopleBerry|Defiant|KowtowCleave,IronHead,LowKick,SuckerPunch|Adamant||F|||50|]Glimmora||FocusSash|ToxicDebris|EarthPower,PowerGem,SludgeBomb,SpikyShield|Modest||M|||50|]Garchomp||ChoiceScarf|RoughSkin|Earthquake,DragonClaw,RockSlide,StompingTantrum|Adamant||F|||50|
|showteam|p2|Basculegion||MysticWater|Adaptability|AquaJet,LastRespects,WaveCrash,Protect|Jolly||M|||50|]Glimmora||LifeOrb|ToxicDebris|PowerGem,EarthPower,SpikyShield,SludgeBomb|Timid||M|||50|]Garchomp||SitrusBerry|RoughSkin|DragonClaw,StompingTantrum,Protect,Earthquake|Jolly||F|||50|]Whimsicott||FocusSash|Prankster|Tailwind,Moonblast,Encore,Protect|Timid||F|||50|]Metagross||Metagrossite|ClearBody|IcePunch,IronHead,PsychicFangs,Protect|Jolly|||||50|]Annihilape||Leftovers|Defiant|Protect,CloseCombat,RageFist,Taunt|Adamant||M|||50|
|inactive|Battle timer is ON: inactive players will automatically lose when time's up. (requested by magicalarcher57)
|inactive|gallegutsito has 60 seconds left.
|
|t:|1784516954
|teamsize|p1|4
|teamsize|p2|4
|start
|switch|p1a: Kingambit|Kingambit, L50, F|100/100
|switch|p1b: Whimsicott|Whimsicott, L50, M|100/100
|switch|p2a: Metagross|Metagross, L50|100/100
|switch|p2b: Whimsicott|Whimsicott, L50, F|100/100
|turn|1
|
|t:|1784516967
|detailschange|p2a: Metagross|Metagross-Mega, L50
|-mega|p2a: Metagross|Metagross|Metagrossite
|move|p1b: Whimsicott|Tailwind|p1b: Whimsicott
|-sidestart|p1: gallegutsito|move: Tailwind
|move|p2b: Whimsicott|Moonblast|p1a: Kingambit
|-damage|p1a: Kingambit|65/100
|move|p2a: Metagross|Iron Head|p1b: Whimsicott
|-supereffective|p1b: Whimsicott|1
|-damage|p1b: Whimsicott|0 fnt
|faint|p1b: Whimsicott
|move|p1a: Kingambit|Kowtow Cleave|p2a: Metagross
|-supereffective|p2a: Metagross|1
|-damage|p2a: Metagross|19/100
|
|upkeep
|
|t:|1784516980
|switch|p1b: Staraptor|Staraptor, L50, F|100/100
|-ability|p1b: Staraptor|Intimidate|boost
|-unboost|p2a: Metagross|atk|1
|-unboost|p2b: Whimsicott|atk|1
|turn|2
|
|t:|1784516989
|detailschange|p1b: Staraptor|Staraptor-Mega, L50, F
|-mega|p1b: Staraptor|Staraptor|Staraptite
|move|p2b: Whimsicott|Tailwind|p2b: Whimsicott
|-sidestart|p2: magicalarcher57|move: Tailwind
|move|p1a: Kingambit|Sucker Punch|p2a: Metagross
|-supereffective|p2a: Metagross|1
|-damage|p2a: Metagross|0 fnt
|faint|p2a: Metagross
|move|p1b: Staraptor|Dual Wingbeat|p2b: Whimsicott
|-supereffective|p2b: Whimsicott|1
|-damage|p2b: Whimsicott|47/100
|-supereffective|p2b: Whimsicott|1
|-damage|p2b: Whimsicott|0 fnt
|faint|p2b: Whimsicott
|-hitcount|p2: Whimsicott|2
|
|upkeep
|
|t:|1784516998
|switch|p2b: Glimmora|Glimmora, L50, M|100/100
|switch|p2a: Garchomp|Garchomp, L50, F|100/100
|turn|3
|inactive|gallegutsito has 30 seconds left.
|inactive|magicalarcher57 has 30 seconds left.
|inactive|gallegutsito has 20 seconds left.
|
|t:|1784517034
|move|p1a: Kingambit|Sucker Punch|p2a: Garchomp
|-damage|p2a: Garchomp|62/100
|-damage|p1a: Kingambit|53/100|[from] ability: Rough Skin|[of] p2a: Garchomp
|move|p1b: Staraptor|Close Combat|p2a: Garchomp
|-damage|p2a: Garchomp|1/100
|-boost|p1b: Staraptor|def|1
|-boost|p1b: Staraptor|spd|1
|-damage|p1b: Staraptor|87/100|[from] ability: Rough Skin|[of] p2a: Garchomp
|-enditem|p2a: Garchomp|Sitrus Berry|[eat]
|-heal|p2a: Garchomp|25/100|[from] item: Sitrus Berry
|move|p2a: Garchomp|Stomping Tantrum|p1a: Kingambit
|-supereffective|p1a: Kingambit|1
|-damage|p1a: Kingambit|0 fnt
|faint|p1a: Kingambit
|move|p2b: Glimmora|Power Gem|p1b: Staraptor
|-damage|p1b: Staraptor|49/100
|-damage|p2b: Glimmora|90/100|[from] item: Life Orb
|
|upkeep
|
|t:|1784517050
|switch|p1a: Garchomp|Garchomp, L50, F|100/100
|turn|4
|
|t:|1784517074
|move|p2a: Garchomp|Protect|p2a: Garchomp
|-singleturn|p2a: Garchomp|Protect
|move|p2b: Glimmora|Spiky Shield|p2b: Glimmora
|-singleturn|p2b: Glimmora|move: Protect
|move|p1a: Garchomp|Earthquake|p2a: Garchomp|[spread] 
|-activate|p2a: Garchomp|move: Protect
|-activate|p2b: Glimmora|move: Protect
|-immune|p1b: Staraptor
|move|p1b: Staraptor|Close Combat|p2b: Glimmora
|-activate|p2b: Glimmora|move: Protect
|-damage|p1b: Staraptor|37/100|[from] Spiky Shield|[of] p2b: Glimmora
|
|-sideend|p1: gallegutsito|move: Tailwind
|upkeep
|turn|5
|
|t:|1784517081
|move|p2a: Garchomp|Dragon Claw|p1a: Garchomp
|-supereffective|p1a: Garchomp|1
|-damage|p1a: Garchomp|18/100
|-damage|p2a: Garchomp|12/100|[from] ability: Rough Skin|[of] p1a: Garchomp
|move|p2b: Glimmora|Earth Power|p1a: Garchomp
|-damage|p1a: Garchomp|0 fnt
|faint|p1a: Garchomp
|-damage|p2b: Glimmora|81/100|[from] item: Life Orb
|move|p1b: Staraptor|Close Combat|p2b: Glimmora
|-damage|p2b: Glimmora|7/100
|-boost|p1b: Staraptor|def|1
|-boost|p1b: Staraptor|spd|1
|-activate|p2b: Glimmora|ability: Toxic Debris
|-sidestart|p1: gallegutsito|move: Toxic Spikes
|
|-sideend|p2: magicalarcher57|move: Tailwind
|upkeep
|turn|6
|
|t:|1784517095
|move|p1b: Staraptor|Roost|p1b: Staraptor
|-heal|p1b: Staraptor|87/100
|-singleturn|p1b: Staraptor|move: Roost
|move|p2a: Garchomp|Dragon Claw|p1b: Staraptor
|-damage|p1b: Staraptor|69/100
|move|p2b: Glimmora|Power Gem|p1b: Staraptor
|-resisted|p1b: Staraptor|1
|-damage|p1b: Staraptor|54/100
|-damage|p2b: Glimmora|0 fnt|[from] item: Life Orb
|faint|p2b: Glimmora
|
|upkeep
|turn|7
|
|t:|1784517114
|move|p1b: Staraptor|Close Combat|p2a: Garchomp
|-damage|p2a: Garchomp|0 fnt
|-boost|p1b: Staraptor|def|1
|-boost|p1b: Staraptor|spd|1
|-damage|p1b: Staraptor|42/100|[from] ability: Rough Skin|[of] p2a: Garchomp
|faint|p2a: Garchomp
|
|win|gallegutsito
|raw|gallegutsito's rating: 1313 → 1332(+19 for winning)
|raw|magicalarcher57's rating: 1288 → 1265(-23 for losing)
