|j|☆crullvgc
|j|☆KingNoahC17
|html|crullvgcKingNoahC17    
|uhtml|bestof|Game 2 of a best-of-3
|t:|1757734042
|gametype|doubles
|player|p1|crullvgc|janitor|1119
|player|p2|KingNoahC17|170|1159
|gen|9
|tier|[Gen 9] VGC 2025 Reg H (Bo3)
|rated|
|rule|Species Clause: Limit one of each Pokémon
|rule|Item Clause: Limit 1 of each item
|clearpoke
|poke|p1|Gholdengo, L50|
|poke|p1|Porygon2, L50|
|poke|p1|Ursaluna, L50, F|
|poke|p1|Amoonguss, L50, F|
|poke|p1|Incineroar, L50, F|
|poke|p1|Dragonite, L50, M|
|poke|p2|Dragonite, L50, M|
|poke|p2|Volcarona, L50, F|
|poke|p2|Rillaboom, L50, F|
|poke|p2|Sneasler, L50, M|
|poke|p2|Annihilape, L50, F|
|poke|p2|Ninetales-Alola, L50, F|
|teampreview|4
|showteam|p1|Gholdengo||LifeOrb|GoodasGold|MakeItRain,ShadowBall,NastyPlot,Protect||||||50|,,,,,Water]Porygon2||Eviolite|Download|TeraBlast,IceBeam,Recover,TrickRoom||||||50|,,,,,Fighting]Ursaluna||FlameOrb|Guts|Facade,Earthquake,HeadlongRush,Protect|||F|||50|,,,,,Ghost]Amoonguss||SitrusBerry|Regenerator|RagePowder,PollenPuff,Spore,Protect|||F|||50|,,,,,Water]Incineroar||SafetyGoggles|Intimidate|FlareBlitz,KnockOff,FakeOut,PartingShot|||F|||50|,,,,,Ghost]Dragonite||LoadedDice|Multiscale|ScaleShot,Haze,Tailwind,Protect|||M|||50|,,,,,Fairy
|showteam|p2|Dragonite||LoadedDice|Multiscale|ScaleShot,Tailwind,Haze,Protect|||M|||50|,,,,,Fairy]Volcarona||CovertCloak|FlameBody|QuiverDance,Protect,HeatWave,TeraBlast|||F|||50|,,,,,Fairy]Rillaboom||AssaultVest|GrassySurge|FakeOut,GrassyGlide,WoodHammer,HighHorsepower|||F|||50|,,,,,Fire]Sneasler||GrassySeed|Unburden|DireClaw,CloseCombat,ThroatChop,Protect|||M|||50|,,,,,Dark]Annihilape||SafetyGoggles|Defiant|RageFist,DrainPunch,BulkUp,Protect|||F|||50|,,,,,Fire]Ninetales-Alola||FocusSash|SnowWarning|Blizzard,IcicleSpear,Encore,AuroraVeil|||F|||50|,,,,,Ghost
|inactive|Battle timer is ON: inactive players will automatically lose when time's up. (requested by KingNoahC17)
|inactive|KingNoahC17 has 60 seconds left.
|inactive|KingNoahC17 has 30 seconds left.
|inactive|KingNoahC17 has 20 seconds left.
|inactive|KingNoahC17 has 15 seconds left.
|
|t:|1757734119
|teamsize|p1|4
|teamsize|p2|4
|start
|switch|p1a: Incineroar|Incineroar, L50, F|100/100
|switch|p1b: Dragonite|Dragonite, L50, M|100/100
|switch|p2a: Butoh|Volcarona, L50, F|100/100
|switch|p2b: Harambe|Rillaboom, L50, F|100/100
|-fieldstart|move: Grassy Terrain|[from] ability: Grassy Surge|[of] p2b: Harambe
|-ability|p1a: Incineroar|Intimidate|boost
|-unboost|p2a: Butoh|atk|1
|-unboost|p2b: Harambe|atk|1
|turn|1
|
|t:|1757734135
|-terastallize|p2a: Butoh|Fairy
|move|p1b: Dragonite|Protect|p1b: Dragonite
|-singleturn|p1b: Dragonite|Protect
|move|p2b: Harambe|Fake Out|p1b: Dragonite
|-activate|p1b: Dragonite|move: Protect
|move|p2a: Butoh|Quiver Dance|p2a: Butoh
|-boost|p2a: Butoh|spa|1
|-boost|p2a: Butoh|spd|1
|-boost|p2a: Butoh|spe|1
|move|p1a: Incineroar|Knock Off|p2a: Butoh
|-resisted|p2a: Butoh
|-damage|p2a: Butoh|72/100
|-enditem|p2a: Butoh|Covert Cloak|[from] move: Knock Off|[of] p1a: Incineroar
|
|-heal|p2a: Butoh|79/100|[from] Grassy Terrain
|upkeep
|turn|2
|inactive|KingNoahC17 has 30 seconds left.
|inactive|KingNoahC17 has 20 seconds left.
|
|t:|1757734171
|move|p2b: Harambe|Grassy Glide|p1b: Dragonite
|-resisted|p1b: Dragonite
|-damage|p1b: Dragonite|97/100
|move|p2a: Butoh|Heat Wave|p1a: Incineroar|[spread] p1a,p1b
|-resisted|p1a: Incineroar
|-resisted|p1b: Dragonite
|-crit|p1b: Dragonite
|-damage|p1a: Incineroar|74/100
|-damage|p1b: Dragonite|52/100
|move|p1b: Dragonite|Tailwind|p1b: Dragonite
|-sidestart|p1: crullvgc|move: Tailwind
|move|p1a: Incineroar|Parting Shot|p2a: Butoh
|-unboost|p2a: Butoh|atk|1
|-unboost|p2a: Butoh|spa|1
|
|t:|1757734193
|switch|p1a: Ursaluna|Ursaluna, L50, F|100/100|[from] Parting Shot
|
|-heal|p2a: Butoh|85/100|[from] Grassy Terrain
|-status|p1a: Ursaluna|brn|[from] item: Flame Orb
|upkeep
|turn|3
|inactive|crullvgc has 30 seconds left.
|inactive|crullvgc has 20 seconds left.
|inactive|KingNoahC17 has 30 seconds left.
|inactive|crullvgc has 15 seconds left.
|inactive|crullvgc has 10 seconds left.
|
|t:|1757734243
|-terastallize|p1a: Ursaluna|Ghost
|move|p1b: Dragonite|Haze|p1b: Dragonite
|-clearallboost
|move|p1a: Ursaluna|Facade|p2b: Harambe
|-damage|p2b: Harambe|0 fnt
|faint|p2b: Harambe
|move|p2a: Butoh|Tera Blast|p1b: Dragonite|[anim] Tera Blast Fairy
|-supereffective|p1b: Dragonite
|-damage|p1b: Dragonite|0 fnt
|faint|p1b: Dragonite
|
|-heal|p2a: Butoh|91/100|[from] Grassy Terrain
|-damage|p1a: Ursaluna|95/100 brn|[from] brn
|upkeep
|
|t:|1757734253
|switch|p1b: Porygon2|Porygon2, L50|100/100
|switch|p2b: Reg H Cheez|Sneasler, L50, M|100/100
|-ability|p1b: Porygon2|Download|boost
|-boost|p1b: Porygon2|atk|1
|-enditem|p2b: Reg H Cheez|Grassy Seed
|-boost|p2b: Reg H Cheez|def|1|[from] item: Grassy Seed
|turn|4
|inactive|crullvgc has 30 seconds left.
|inactive|KingNoahC17 has 30 seconds left.
|
|t:|1757734285
|move|p2b: Reg H Cheez|Throat Chop|p1a: Ursaluna
|-supereffective|p1a: Ursaluna
|-damage|p1a: Ursaluna|52/100 brn
|-start|p1a: Ursaluna|Throat Chop|[silent]
|move|p1a: Ursaluna|Facade|p2a: Butoh
|-damage|p2a: Butoh|0 fnt
|faint|p2a: Butoh
|move|p1b: Porygon2|Trick Room|p1b: Porygon2
|-fieldstart|move: Trick Room|[of] p1b: Porygon2
|
|-heal|p1a: Ursaluna|57/100 brn|[from] Grassy Terrain
|-damage|p1a: Ursaluna|52/100 brn|[from] brn
|upkeep
|
|t:|1757734288
|switch|p2a: Elegance|Ninetales-Alola, L50, F|100/100
|-weather|Snowscape|[from] ability: Snow Warning|[of] p2a: Elegance
|turn|5
|
|t:|1757734301
|switch|p1b: Incineroar|Incineroar, L50, F|74/100
|-ability|p1b: Incineroar|Intimidate|boost
|-unboost|p2a: Elegance|atk|1
|-unboost|p2b: Reg H Cheez|atk|1
|move|p1a: Ursaluna|Protect|p1a: Ursaluna
|-singleturn|p1a: Ursaluna|Protect
|move|p2a: Elegance|Blizzard|p1b: Incineroar|[spread] p1b
|-activate|p1a: Ursaluna|move: Protect
|-resisted|p1b: Incineroar
|-damage|p1b: Incineroar|59/100
|-status|p1b: Incineroar|frz
|move|p2b: Reg H Cheez|Close Combat|p1b: Incineroar
|-supereffective|p1b: Incineroar
|-damage|p1b: Incineroar|0 fnt
|-unboost|p2b: Reg H Cheez|def|1
|-unboost|p2b: Reg H Cheez|spd|1
|faint|p1b: Incineroar
|
|-weather|Snowscape|[upkeep]
|-heal|p1a: Ursaluna|57/100 brn|[from] Grassy Terrain
|-damage|p1a: Ursaluna|52/100 brn|[from] brn
|-end|p1a: Ursaluna|Throat Chop|[silent]
|-sideend|p1: crullvgc|move: Tailwind
|-fieldend|move: Grassy Terrain
|upkeep
|
|t:|1757734312
|switch|p1b: Porygon2|Porygon2, L50|100/100
|-ability|p1b: Porygon2|Download|boost
|-boost|p1b: Porygon2|atk|1
|turn|6
|
|t:|1757734321
|move|p1b: Porygon2|Tera Blast|p2a: Elegance
|-damage|p2a: Elegance|54/100
|move|p1a: Ursaluna|Earthquake|p2b: Reg H Cheez|[spread] p1b,p2a,p2b
|-supereffective|p2b: Reg H Cheez
|-damage|p1b: Porygon2|61/100
|-damage|p2a: Elegance|0 fnt
|-damage|p2b: Reg H Cheez|0 fnt
|faint|p2a: Elegance
|faint|p2b: Reg H Cheez
|
|win|crullvgc
|raw|crullvgc's rating: 1119 → 1147(+28 for winning)
|raw|KingNoahC17's rating: 1159 → 1131(-28 for losing)
|l|☆KingNoahC17
|player|p2|
