|j|☆SeymoursLeftToeVGC
|j|☆my dog frank
|html|SeymoursLeftToeVGCmy dog frank    
|uhtml|bestof|Game 1 of a best-of-3
|t:|1783291545
|gametype|doubles
|player|p1|SeymoursLeftToeVGC|ninjaboy|1097
|player|p2|my dog frank|102|1000
|gen|9
|tier|[Gen 9 Champions] VGC 2026 Reg M-B (Bo3)
|rated|
|rule|Species Clause: Limit one of each Pokémon
|rule|Item Clause: Limit 1 of each item
|clearpoke
|poke|p1|Tyranitar, L50, F, shiny|
|poke|p1|Excadrill, L50, F, shiny|
|poke|p1|Kangaskhan, L50, F, shiny|
|poke|p1|Tsareena, L50, F, shiny|
|poke|p1|Clefable, L50, F, shiny|
|poke|p1|Talonflame, L50, M, shiny|
|poke|p2|Raichu, L50, F|
|poke|p2|Sinistcha, L50|
|poke|p2|Conkeldurr, L50, F|
|poke|p2|Metagross, L50|
|poke|p2|Dragapult, L50, M|
|poke|p2|Incineroar, L50, M|
|teampreview|4
|showteam|p1|Tyranitar||Tyranitarite|SandStream|RockSlide,Protect,DragonDance,KnockOff|Adamant||F|||50|]Excadrill||FocusSash|SandRush|Earthquake,IronHead,Protect,HighHorsepower|Adamant||F|||50|]Kangaskhan||Kangaskhanite|Scrappy|FakeOut,LastResort|Adamant||F|||50|]Tsareena||LifeOrb|QueenlyMajesty|LowKick,Protect,TropKick,Uturn|Adamant||F|||50|]Clefable||SitrusBerry|Unaware|FollowMe,IceBeam,Protect,HelpingHand|Modest||F|||50|]Talonflame||SharpBeak|GaleWings|DualWingbeat,Tailwind,Protect,Taunt|Adamant||M|||50|
|showteam|p2|Raichu||RaichuniteX|Static|FakeOut,VoltSwitch,KnockOff,VoltTackle|Naive||F|||50|]Sinistcha||FocusSash|Hospitality|MatchaGotcha,TrickRoom,RagePowder,ShadowBall|Quiet|||||50|]Conkeldurr||LifeOrb|SheerForce|MachPunch,PoisonJab,ThunderPunch,Detect|Brave||F|||50|]Metagross||Leftovers|ClearBody|Earthquake,BulletPunch,SteelRoller,PsychicFangs|Adamant|||||50|]Dragapult||Magnet|Infiltrator|Disable,DracoMeteor,HydroPump,Thunderbolt|Timid||M|||50|]Incineroar||SitrusBerry|Intimidate|FakeOut,PartingShot,FlareBlitz,DarkestLariat|Adamant||M|||50|
|inactive|Battle timer is ON: inactive players will automatically lose when time's up. (requested by SeymoursLeftToeVGC)
|inactive|SeymoursLeftToeVGC has 60 seconds left.
|
|t:|1783291601
|teamsize|p1|4
|teamsize|p2|4
|start
|switch|p1a: Kangaskhan|Kangaskhan, L50, F, shiny|100/100
|switch|p1b: Talonflame|Talonflame, L50, M, shiny|100/100
|switch|p2a: Raichu|Raichu, L50, F|100/100
|switch|p2b: Sinistcha|Sinistcha, L50|100/100
|turn|1
|
|t:|1783291615
|switch|p1b: Tsareena|Tsareena, L50, F, shiny|100/100
|detailschange|p2a: Raichu|Raichu-Mega-X, L50, F
|-mega|p2a: Raichu|Raichu|Raichunite X
|-fieldstart|move: Electric Terrain|[from] ability: Electric Surge|[of] p2a: Raichu
|move|p2a: Raichu|Fake Out||[still]
|cant|p1b: Tsareena|ability: Queenly Majesty|Fake Out|[of] p2a: Raichu
|move|p1a: Kangaskhan|Fake Out|p2b: Sinistcha
|-damage|p2b: Sinistcha|80/100
|cant|p2b: Sinistcha|flinch
|
|upkeep
|turn|2
|
|t:|1783291635
|move|p2a: Raichu|Volt Tackle|p1a: Kangaskhan
|-damage|p1a: Kangaskhan|29/100
|-damage|p2a: Raichu|62/100|[from] Recoil
|move|p1b: Tsareena|Trop Kick|p2a: Raichu
|-damage|p2a: Raichu|0 fnt
|faint|p2a: Raichu
|-damage|p1b: Tsareena|90/100|[from] item: Life Orb
|move|p1a: Kangaskhan|Last Resort|p2b: Sinistcha
|-damage|p2b: Sinistcha|19/100
|move|p2b: Sinistcha|Trick Room|p2b: Sinistcha
|-fieldstart|move: Trick Room|[of] p2b: Sinistcha
|
|upkeep
|
|t:|1783291652
|switch|p2a: Conkeldurr|Conkeldurr, L50, F|100/100
|turn|3
|
|t:|1783291667
|switch|p2b: Incineroar|Incineroar, L50, M|100/100
|-ability|p2b: Incineroar|Intimidate|boost
|-fail|p1a: Kangaskhan|unboost|Attack|[from] ability: Scrappy|[of] p1a: Kangaskhan
|-unboost|p1b: Tsareena|atk|1
|switch|p1a: Talonflame|Talonflame, L50, M, shiny|100/100
|move|p2a: Conkeldurr|Thunder Punch|p1a: Talonflame
|-supereffective|p1a: Talonflame|1
|-damage|p1a: Talonflame|0 fnt
|faint|p1a: Talonflame
|move|p1b: Tsareena|Trop Kick|p2a: Conkeldurr
|-damage|p2a: Conkeldurr|58/100
|-unboost|p2a: Conkeldurr|atk|1
|-damage|p1b: Tsareena|80/100|[from] item: Life Orb
|
|upkeep
|
|t:|1783291684
|switch|p1a: Excadrill|Excadrill, L50, F, shiny|100/100
|turn|4
|
|t:|1783291709
|move|p2a: Conkeldurr|Poison Jab|p1b: Tsareena
|-supereffective|p1b: Tsareena|1
|-damage|p1b: Tsareena|0 fnt
|faint|p1b: Tsareena
|move|p2b: Incineroar|Flare Blitz|p1a: Excadrill
|-supereffective|p1a: Excadrill|1
|-enditem|p1a: Excadrill|Focus Sash
|-damage|p1a: Excadrill|1/100
|-damage|p2b: Incineroar|69/100|[from] Recoil
|move|p1a: Excadrill|High Horsepower|p2b: Incineroar|[miss]
|-miss|p1a: Excadrill|p2b: Incineroar
|
|upkeep
|
|t:|1783291720
|switch|p1b: Kangaskhan|Kangaskhan, L50, F, shiny|29/100
|turn|5
|
|t:|1783291732
|detailschange|p1b: Kangaskhan|Kangaskhan-Mega, L50, F, shiny
|-mega|p1b: Kangaskhan|Kangaskhan|Kangaskhanite
|move|p2a: Conkeldurr|Detect|p2a: Conkeldurr
|-singleturn|p2a: Conkeldurr|Protect
|move|p1b: Kangaskhan|Fake Out|p2a: Conkeldurr
|-activate|p2a: Conkeldurr|move: Protect
|move|p2b: Incineroar|Darkest Lariat|p1a: Excadrill
|-damage|p1a: Excadrill|0 fnt
|faint|p1a: Excadrill
|
|-fieldend|move: Electric Terrain
|upkeep
|turn|6
|
|t:|1783291754
|move|p2a: Conkeldurr|Poison Jab|p1b: Kangaskhan
|-damage|p1b: Kangaskhan|1/100
|move|p2b: Incineroar|Flare Blitz|p1b: Kangaskhan
|-damage|p1b: Kangaskhan|0 fnt
|faint|p1b: Kangaskhan
|-damage|p2b: Incineroar|69/100|[from] Recoil
|
|win|my dog frank
