|j|☆LetherOCE
|j|☆nitalaeroport
|html|LetherOCEnitalaeroport    
|uhtml|bestof|Game 1 of a best-of-3
|t:|1757739393
|gametype|doubles
|player|p1|LetherOCE|steven|1174
|player|p2|nitalaeroport|101|1146
|gen|9
|tier|[Gen 9] VGC 2025 Reg H (Bo3)
|rated|
|rule|Species Clause: Limit one of each Pokémon
|rule|Item Clause: Limit 1 of each item
|clearpoke
|poke|p1|Sneasler, L50, F|
|poke|p1|Garchomp, L50, M|
|poke|p1|Corviknight, L50, M|
|poke|p1|Volcarona, L50, F|
|poke|p1|Primarina, L50, F|
|poke|p1|Rillaboom, L50, M|
|poke|p2|Indeedee-F, L50, F|
|poke|p2|Armarouge, L50, F|
|poke|p2|Gallade, L50, M|
|poke|p2|Ursaluna, L50, M|
|poke|p2|Torkoal, L50, M|
|poke|p2|Lilligant-Hisui, L50, F|
|teampreview|4
|showteam|p1|Sneasler||FocusSash|PoisonTouch|FakeOut,DireClaw,CloseCombat,Coaching|||F|||50|,,,,,Ghost]Garchomp||LifeOrb|RoughSkin|Protect,SwordsDance,StompingTantrum,DragonClaw|||M|||50|,,,,,Fairy]Corviknight||Leftovers|MirrorArmor|BraveBird,BodyPress,BulkUp,Roost|||M|||50|,,,,,Dragon]Volcarona||SafetyGoggles|FlameBody|FieryDance,Tailwind,RagePowder,StruggleBug|||F|||50|,,,,,Steel]Primarina||SitrusBerry|LiquidVoice|Protect,HyperVoice,Moonblast,Haze|||F|||50|,,,,,Poison]Rillaboom||AssaultVest|GrassySurge|FakeOut,GrassyGlide,HighHorsepower,WoodHammer|||M|||50|,,,,,Fire
|showteam|p2|Indeedee-F||PsychicSeed|PsychicSurge|TrickRoom,HelpingHand,Psychic,FollowMe|||F|||50|,,,,,Grass]Armarouge||PowerHerb|FlashFire|TrickRoom,ExpandingForce,MeteorBeam,ArmorCannon|||F|||50|,,,,,Grass]Gallade||ClearAmulet|Sharpness|PsychoCut,SacredSword,WideGuard,TrickRoom|||M|||50|,,,,,Grass]Ursaluna||FlameOrb|Guts|Facade,Protect,HeadlongRush,Earthquake|||M|||50|,,,,,Ghost]Torkoal||Charcoal|Drought|Eruption,WeatherBall,ClearSmog,Protect|||M|||50|,,,,,Fire]Lilligant-Hisui||FocusSash|Chlorophyll|CloseCombat,TripleAxel,AfterYou,SleepPowder|||F|||50|,,,,,Stellar
|inactive|Battle timer is ON: inactive players will automatically lose when time's up. (requested by nitalaeroport)
|inactive|LetherOCE has 60 seconds left.
|
|t:|1757739475
|teamsize|p1|4
|teamsize|p2|4
|start
|switch|p1a: Volcarona|Volcarona, L50, F|100/100
|switch|p1b: Corviknight|Corviknight, L50, M|100/100
|switch|p2a: Indeedee|Indeedee-F, L50, F|100/100
|switch|p2b: Armarouge|Armarouge, L50, F|100/100
|-fieldstart|move: Psychic Terrain|[from] ability: Psychic Surge|[of] p2a: Indeedee
|-enditem|p2a: Indeedee|Psychic Seed
|-boost|p2a: Indeedee|spd|1|[from] item: Psychic Seed
|turn|1
|
|t:|1757739497
|switch|p1a: Primarina|Primarina, L50, F|100/100
|switch|p1b: Rillaboom|Rillaboom, L50, M|100/100
|-fieldstart|move: Grassy Terrain|[from] ability: Grassy Surge|[of] p1b: Rillaboom
|move|p2b: Armarouge|Meteor Beam||[still]
|-prepare|p2b: Armarouge|Meteor Beam
|-boost|p2b: Armarouge|spa|1
|-enditem|p2b: Armarouge|Power Herb
|-anim|p2b: Armarouge|Meteor Beam|p1a: Primarina
|-damage|p1a: Primarina|41/100
|-enditem|p1a: Primarina|Sitrus Berry|[eat]
|-heal|p1a: Primarina|65/100|[from] item: Sitrus Berry
|move|p2a: Indeedee|Trick Room|p2a: Indeedee
|-fieldstart|move: Trick Room|[of] p2a: Indeedee
|
|-heal|p1a: Primarina|71/100|[from] Grassy Terrain
|upkeep
|turn|2
|
|t:|1757739521
|switch|p2a: Torkoal|Torkoal, L50, M|100/100
|-weather|SunnyDay|[from] ability: Drought|[of] p2a: Torkoal
|-terastallize|p2b: Armarouge|Grass
|move|p1b: Rillaboom|Fake Out|p2b: Armarouge
|-damage|p2b: Armarouge|88/100
|cant|p2b: Armarouge|flinch
|move|p1a: Primarina|Hyper Voice|p2b: Armarouge|[spread] p2a,p2b
|-supereffective|p2a: Torkoal
|-resisted|p2b: Armarouge
|-damage|p2a: Torkoal|53/100
|-damage|p2b: Armarouge|80/100
|
|-weather|SunnyDay|[upkeep]
|-heal|p2a: Torkoal|59/100|[from] Grassy Terrain
|-heal|p2b: Armarouge|86/100|[from] Grassy Terrain
|-heal|p1a: Primarina|77/100|[from] Grassy Terrain
|upkeep
|turn|3
|
|t:|1757739543
|switch|p2a: Indeedee|Indeedee-F, L50, F|100/100
|-fieldstart|move: Psychic Terrain|[from] ability: Psychic Surge|[of] p2a: Indeedee
|-terastallize|p1b: Rillaboom|Fire
|move|p2b: Armarouge|Expanding Force|p1b: Rillaboom|[spread] p1a,p1b
|-damage|p1a: Primarina|0 fnt
|-damage|p1b: Rillaboom|25/100
|faint|p1a: Primarina
|move|p1b: Rillaboom|Wood Hammer|p2b: Armarouge
|-resisted|p2b: Armarouge
|-damage|p2b: Armarouge|56/100
|-damage|p1b: Rillaboom|16/100|[from] Recoil
|
|-weather|SunnyDay|[upkeep]
|upkeep
|
|t:|1757739564
|switch|p1a: Volcarona|Volcarona, L50, F|100/100
|turn|4
|
|t:|1757739580
|switch|p1b: Corviknight|Corviknight, L50, M|100/100
|move|p2a: Indeedee|Helping Hand|p2b: Armarouge
|-singleturn|p2b: Armarouge|Helping Hand|[of] p2a: Indeedee
|move|p2b: Armarouge|Expanding Force|p1a: Volcarona|[spread] p1a,p1b
|-resisted|p1b: Corviknight
|-damage|p1a: Volcarona|0 fnt
|-damage|p1b: Corviknight|49/100
|faint|p1a: Volcarona
|
|-weather|SunnyDay|[upkeep]
|-heal|p1b: Corviknight|56/100|[from] item: Leftovers
|upkeep
|
|t:|1757739591
|switch|p1a: Rillaboom|Rillaboom, L50, M, tera:Fire|16/100
|-fieldstart|move: Grassy Terrain|[from] ability: Grassy Surge|[of] p1a: Rillaboom
|turn|5
|
|t:|1757739608
|move|p1a: Rillaboom|Fake Out|p2b: Armarouge
|-damage|p2b: Armarouge|42/100
|cant|p2b: Armarouge|flinch
|move|p2a: Indeedee|Psychic|p1a: Rillaboom
|-damage|p1a: Rillaboom|0 fnt
|faint|p1a: Rillaboom
|move|p1b: Corviknight|Brave Bird|p2b: Armarouge
|-supereffective|p2b: Armarouge
|-damage|p2b: Armarouge|0 fnt
|faint|p2b: Armarouge
|-damage|p1b: Corviknight|42/100|[from] Recoil
|
|-weather|SunnyDay|[upkeep]
|-heal|p1b: Corviknight|48/100|[from] item: Leftovers
|-fieldend|move: Trick Room
|upkeep
|
|t:|1757739616
|switch|p2b: Lilligant|Lilligant-Hisui, L50, F|100/100
|turn|6
|
|t:|1757739624
|move|p2b: Lilligant|After You|p2a: Indeedee
|-activate|p2a: Indeedee|move: After You
|move|p2a: Indeedee|Trick Room|p2a: Indeedee
|-fieldstart|move: Trick Room|[of] p2a: Indeedee
|move|p1b: Corviknight|Roost|p1b: Corviknight
|-heal|p1b: Corviknight|98/100
|-singleturn|p1b: Corviknight|move: Roost
|
|-weather|none
|-heal|p1b: Corviknight|100/100|[from] Grassy Terrain
|upkeep
|turn|7
|
|t:|1757739635
|switch|p2b: Torkoal|Torkoal, L50, M|59/100
|-weather|SunnyDay|[from] ability: Drought|[of] p2b: Torkoal
|move|p2a: Indeedee|Follow Me|p2a: Indeedee
|-singleturn|p2a: Indeedee|move: Follow Me
|move|p1b: Corviknight|Brave Bird|p2a: Indeedee
|-damage|p2a: Indeedee|63/100
|-damage|p1b: Corviknight|89/100|[from] Recoil
|
|-weather|SunnyDay|[upkeep]
|-heal|p2b: Torkoal|65/100|[from] Grassy Terrain
|-heal|p2a: Indeedee|69/100|[from] Grassy Terrain
|-heal|p1b: Corviknight|95/100|[from] item: Leftovers
|upkeep
|turn|8
|
|t:|1757739647
|move|p2a: Indeedee|Follow Me|p2a: Indeedee
|-singleturn|p2a: Indeedee|move: Follow Me
|move|p2b: Torkoal|Weather Ball|p1b: Corviknight
|-supereffective|p1b: Corviknight
|-damage|p1b: Corviknight|0 fnt
|faint|p1b: Corviknight
|
|win|nitalaeroport
||LetherOCE is ready for game 2.
||nitalaeroport is ready for game 2.
|uhtml|next|Next: Game 2 of 3
|l|☆LetherOCE
|player|p1|
|l|☆nitalaeroport
|player|p2|
