|j|☆Luck Bound Luxrays
|j|☆bacooverlord
|html|Luck Bound Luxraysbacooverlord    
|uhtml|bestof|Game 1 of a best-of-3
|t:|1783556810
|gametype|doubles
|player|p1|Luck Bound Luxrays|volkner|
|player|p2|bacooverlord|2|
|gen|9
|tier|[Gen 9 Champions] VGC 2026 Reg M-B (Bo3)
|rule|Species Clause: Limit one of each Pokémon
|rule|Item Clause: Limit 1 of each item
|raw|1 custom rule: !Force Open Team Sheets
|clearpoke
|poke|p1|Sneasler, L50, M|
|poke|p1|Oranguru, L50, M|
|poke|p1|Houndoom, L50, F|
|poke|p1|Golurk, L50, shiny|
|poke|p1|Primarina, L50, M|
|poke|p1|Archaludon, L50, F|
|poke|p2|Gardevoir, L50, M, shiny|
|poke|p2|Meowstic, L50, M|
|poke|p2|Krookodile, L50, F|
|poke|p2|Hydreigon, L50, M|
|poke|p2|Trevenant, L50, M|
|poke|p2|Slowking-Galar, L50, M|
|teampreview|4
|
|t:|1783556907
|teamsize|p1|4
|teamsize|p2|4
|start
|switch|p1a: Sneasler|Sneasler, L50, M|100/100
|switch|p1b: Oranguru|Oranguru, L50, M|100/100
|switch|p2a: Kiki|Gardevoir, L50, M, shiny|100/100
|switch|p2b: Dr. Nefario|Meowstic, L50, M|100/100
|-ability|p2a: Kiki|Inner Focus|Trace|[from] ability: Trace|[of] p1b: Oranguru
|turn|1
|
|t:|1783556952
|switch|p2a: Dundee|Krookodile, L50, F|100/100
|-ability|p2a: Dundee|Intimidate|boost
|-unboost|p1a: Sneasler|atk|1
|-fail|p1b: Oranguru|unboost|Attack|[from] ability: Inner Focus|[of] p1b: Oranguru
|move|p1a: Sneasler|Throat Chop|p2b: Dr. Nefario
|-supereffective|p2b: Dr. Nefario|1
|-crit|p2b: Dr. Nefario
|-damage|p2b: Dr. Nefario|43/100
|-start|p2b: Dr. Nefario|Throat Chop|[silent]
|-status|p2b: Dr. Nefario|psn|[from] ability: Poison Touch|[of] p1a: Sneasler
|move|p2b: Dr. Nefario|Psychic|p1a: Sneasler
|-supereffective|p1a: Sneasler|2
|-enditem|p1a: Sneasler|Payapa Berry|[eat]
|-enditem|p1a: Sneasler|Payapa Berry|[weaken]
|-damage|p1a: Sneasler|44/100
|move|p1b: Oranguru|Imprison|p1b: Oranguru
|-start|p1b: Oranguru|move: Imprison
|
|-damage|p2b: Dr. Nefario|31/100 psn|[from] psn
|upkeep
|turn|2
|
|t:|1783556994
|move|p1b: Oranguru|Protect|p1b: Oranguru
|-singleturn|p1b: Oranguru|Protect
|move|p2b: Dr. Nefario|Fake Tears|p1b: Oranguru
|-activate|p1b: Oranguru|move: Protect
|move|p1a: Sneasler|Close Combat|p2a: Dundee
|-supereffective|p2a: Dundee|1
|-damage|p2a: Dundee|21/100
|-unboost|p1a: Sneasler|def|1
|-unboost|p1a: Sneasler|spd|1
|-status|p2a: Dundee|psn|[from] ability: Poison Touch|[of] p1a: Sneasler
|move|p2a: Dundee|Knock Off|p1b: Oranguru
|-activate|p1b: Oranguru|move: Protect
|
|-damage|p2b: Dr. Nefario|19/100 psn|[from] psn
|-damage|p2a: Dundee|9/100 psn|[from] psn
|-end|p2b: Dr. Nefario|Throat Chop|[silent]
|upkeep
|turn|3
|
|t:|1783557034
|move|p1a: Sneasler|Protect|p1a: Sneasler
|-singleturn|p1a: Sneasler|Protect
|move|p2b: Dr. Nefario|Psychic|p1a: Sneasler
|-activate|p1a: Sneasler|move: Protect
|move|p2a: Dundee|High Horsepower|p1a: Sneasler
|-activate|p1a: Sneasler|move: Protect
|move|p1b: Oranguru|Hyper Voice|p2a: Dundee|[spread] p2a,p2b
|-damage|p2a: Dundee|0 fnt
|-damage|p2b: Dr. Nefario|0 fnt
|faint|p2a: Dundee
|faint|p2b: Dr. Nefario
|
|upkeep
|
|t:|1783557046
|switch|p2b: Kiki|Gardevoir, L50, M, shiny|100/100
|switch|p2a: Mr Snips|Trevenant, L50, M|100/100
|-ability|p2b: Kiki|Inner Focus|Trace|[from] ability: Trace|[of] p1b: Oranguru
|-item|p1b: Oranguru|Mental Herb|[from] ability: Frisk|[of] p2a: Mr Snips
|turn|4
|
|t:|1783557126
|detailschange|p2b: Kiki|Gardevoir-Mega, L50, M, shiny
|-mega|p2b: Kiki|Gardevoir|Gardevoirite
|move|p1b: Oranguru|Protect|p1b: Oranguru
|-singleturn|p1b: Oranguru|Protect
|move|p1a: Sneasler|Dire Claw|p2b: Kiki
|-supereffective|p2b: Kiki|1
|-damage|p2b: Kiki|37/100
|move|p2b: Kiki|Aura Sphere|p1a: Sneasler
|-resisted|p1a: Sneasler|1
|-damage|p1a: Sneasler|18/100
|move|p2a: Mr Snips|Will-O-Wisp|p1a: Sneasler
|-status|p1a: Sneasler|brn
|
|-damage|p1a: Sneasler|12/100 brn|[from] brn
|upkeep
|turn|5
|
|t:|1783557164
|move|p1a: Sneasler|Dire Claw|p2b: Kiki
|-supereffective|p2b: Kiki|1
|-damage|p2b: Kiki|2/100
|move|p2b: Kiki|Aura Sphere|p1b: Oranguru
|-damage|p1b: Oranguru|78/100
|move|p2a: Mr Snips|Leech Seed|p1b: Oranguru
|-start|p1b: Oranguru|move: Leech Seed
|move|p1b: Oranguru|Trick Room|p1b: Oranguru
|-fieldstart|move: Trick Room|[of] p1b: Oranguru
|
|-damage|p1b: Oranguru|65/100|[from] Leech Seed|[of] p2a: Mr Snips
|-damage|p1a: Sneasler|6/100 brn|[from] brn
|upkeep
|turn|6
|
|t:|1783557206
|switch|p1a: Algo|Golurk, L50, shiny|100/100
|move|p2a: Mr Snips|Horn Leech|p1b: Oranguru
|-damage|p1b: Oranguru|35/100
|move|p1b: Oranguru|Hyper Voice|p2a: Mr Snips|[spread] p2b
|-immune|p2a: Mr Snips
|-damage|p2b: Kiki|0 fnt
|faint|p2b: Kiki
|
|-damage|p1b: Oranguru|23/100|[from] Leech Seed|[of] p2a: Mr Snips
|upkeep
|turn|7
|
|t:|1783557246
|detailschange|p1a: Algo|Golurk-Mega, L50, shiny
|-mega|p1a: Algo|Golurk|Golurkite
|move|p1b: Oranguru|Protect|p1b: Oranguru
|-singleturn|p1b: Oranguru|Protect
|move|p2a: Mr Snips|Will-O-Wisp|p1a: Algo|[miss]
|-miss|p2a: Mr Snips|p1a: Algo
|move|p1a: Algo|Poltergeist|p2a: Mr Snips
|-activate|p2a: Mr Snips|move: Poltergeist|Iron Ball
|-supereffective|p2a: Mr Snips|1
|-damage|p2a: Mr Snips|0 fnt
|faint|p2a: Mr Snips
|
|win|Luck Bound Luxrays
|inactive|Luck Bound Luxrays has 30 seconds to confirm battle start!
|inactive|bacooverlord has 30 seconds to confirm battle start!
|inactive|Luck Bound Luxrays has 20 seconds to confirm battle start!
|inactive|bacooverlord has 20 seconds to confirm battle start!
|inactive|Luck Bound Luxrays has 10 seconds to confirm battle start!
|inactive|bacooverlord has 10 seconds to confirm battle start!
||bacooverlord is ready for game 2.
|uhtml|next|Next: Game 2 of 3
