|j|☆myosophia
|j|☆umbreoffxd
|html|myosophiaumbreoffxd    
|uhtml|bestof|Game 2 of a best-of-3
|t:|1757022182
|gametype|doubles
|player|p1|myosophia|dawn-gen4pt|1034
|player|p2|umbreoffxd|ingo-hisui|1036
|gen|9
|tier|[Gen 9] VGC 2025 Reg H (Bo3)
|rated|
|rule|Species Clause: Limit one of each Pokémon
|rule|Item Clause: Limit 1 of each item
|clearpoke
|poke|p1|Ursaluna, L50, F|
|poke|p1|Jumpluff, L50, M|
|poke|p1|Salamence, L50, M|
|poke|p1|Charizard, L50, M|
|poke|p1|Ninetales, L50, F|
|poke|p1|Sneasler, L50, F|
|poke|p2|Ninetales-Alola, L50, M|
|poke|p2|Ursaluna-Bloodmoon, L50, M|
|poke|p2|Baxcalibur, L50, M|
|poke|p2|Incineroar, L50, M|
|poke|p2|Whimsicott, L50, M|
|poke|p2|Gholdengo, L50|
|teampreview|4
|showteam|p1|Ursaluna||FlameOrb|Guts|Facade,Protect,Earthquake,HeadlongRush|||F|||50|,,,,,Ghost]Jumpluff||CovertCloak|Chlorophyll|SunnyDay,Tailwind,SleepPowder,RagePowder|||M|||50|,,,,,Water]Salamence||LifeOrb|Intimidate|Tailwind,Protect,Flamethrower,DracoMeteor|||M|||50|,,,,,Fairy]Charizard||ChoiceSpecs|SolarPower|HeatWave,Overheat,DragonPulse,SolarBeam|||M|||50|,,,,,Fire]Ninetales||EjectPack|Drought|Overheat,WillOWisp,Encore,Protect|||F|||50|,,,,,Water]Sneasler||FocusSash|Unburden|DireClaw,FakeOut,CloseCombat,Protect|||F|||50|,,,,,Fighting
|showteam|p2|Ninetales-Alola||FocusSash|SnowWarning|FreezeDry,Blizzard,AuroraVeil,Protect|||M|||50|,,,,,Ghost]Ursaluna-Bloodmoon||SilkScarf|MindsEye|BloodMoon,EarthPower,HyperVoice,Protect|||M|||50|,,,,,Water]Baxcalibur||LoadedDice|ThermalExchange|IcicleSpear,ScaleShot,IceShard,Protect|||M|||50|,,,,,Ghost]Incineroar||AssaultVest|Intimidate|Uturn,FakeOut,FlareBlitz,KnockOff|||M|||50|,,,,,Ghost]Whimsicott||CovertCloak|Prankster|Moonblast,Encore,Tailwind,MistyTerrain|||M|||50|,,,,,Steel]Gholdengo||LifeOrb|GoodasGold|MakeItRain,ShadowBall,NastyPlot,Protect||||||50|,,,,,Water
|
|t:|1757022224
|teamsize|p1|4
|teamsize|p2|4
|start
|switch|p1a: Ursaluna|Ursaluna, L50, F|100/100
|switch|p1b: Jumpluff|Jumpluff, L50, M|100/100
|switch|p2a: Whimsicott|Whimsicott, L50, M, shiny|100/100
|switch|p2b: Incineroar|Incineroar, L50, M|100/100
|-ability|p2b: Incineroar|Intimidate|boost
|-unboost|p1a: Ursaluna|atk|1
|-unboost|p1b: Jumpluff|atk|1
|turn|1
|inactive|Battle timer is ON: inactive players will automatically lose when time's up. (requested by umbreoffxd)
|
|t:|1757022259
|switch|p1a: Charizard|Charizard, L50, M, shiny|100/100
|move|p2a: Whimsicott|Tailwind|p2a: Whimsicott
|-sidestart|p2: umbreoffxd|move: Tailwind
|move|p1b: Jumpluff|Sleep Powder|p2b: Incineroar
|-status|p2b: Incineroar|slp|[from] move: Sleep Powder
|cant|p2b: Incineroar|slp
|
|upkeep
|turn|2
|
|t:|1757022282
|switch|p1b: Ninetales|Ninetales, L50, F, shiny|100/100
|-weather|SunnyDay|[from] ability: Drought|[of] p1b: Ninetales
|move|p2a: Whimsicott|Encore||[still]
|-fail|p2a: Whimsicott
|move|p1a: Charizard|Heat Wave|p2a: Whimsicott|[spread] p2b
|-miss|p1a: Charizard|p2a: Whimsicott
|-resisted|p2b: Incineroar
|-crit|p2b: Incineroar
|-damage|p2b: Incineroar|62/100 slp
|cant|p2b: Incineroar|slp
|
|-weather|SunnyDay|[upkeep]
|-damage|p1a: Charizard|88/100|[from] ability: Solar Power|[of] p1a: Charizard
|upkeep
|turn|3
|inactive|umbreoffxd has 30 seconds left.
|inactive|umbreoffxd has 20 seconds left.
|inactive|umbreoffxd has 15 seconds left.
|inactive|umbreoffxd has 10 seconds left.
|
|t:|1757022329
|switch|p2a: Ursaluna|Ursaluna-Bloodmoon, L50, M|100/100
|move|p1b: Ninetales|Overheat|p2a: Ursaluna
|-damage|p2a: Ursaluna|42/100
|-unboost|p1b: Ninetales|spa|2
|-enditem|p1b: Ninetales|Eject Pack
|inactive|myosophia has 30 seconds left.
|
|t:|1757022358
|switch|p1b: Ursaluna|Ursaluna, L50, F|100/100
|move|p1a: Charizard|Heat Wave|p2b: Incineroar|[spread] p2a
|-miss|p1a: Charizard|p2b: Incineroar
|-damage|p2a: Ursaluna|0 fnt
|faint|p2a: Ursaluna
|-curestatus|p2b: Incineroar|slp|[msg]
|move|p2b: Incineroar|Flare Blitz|p1b: Ursaluna
|-damage|p1b: Ursaluna|38/100
|-damage|p2b: Incineroar|41/100|[from] Recoil
|
|-weather|SunnyDay|[upkeep]
|-damage|p1a: Charizard|76/100|[from] ability: Solar Power|[of] p1a: Charizard
|-status|p1b: Ursaluna|brn|[from] item: Flame Orb
|upkeep
|
|t:|1757022366
|switch|p2a: Baxcalibur|Baxcalibur, L50, M, shiny|100/100
|turn|4
|inactive|myosophia has 30 seconds left.
|inactive|myosophia has 20 seconds left.
|inactive|myosophia has 15 seconds left.
|inactive|myosophia has 10 seconds left.
|
|t:|1757022413
|move|p1b: Ursaluna|Protect|p1b: Ursaluna
|-singleturn|p1b: Ursaluna|Protect
|move|p2a: Baxcalibur|Scale Shot|p1a: Charizard|[miss]
|-miss|p2a: Baxcalibur|p1a: Charizard
|move|p1a: Charizard|Heat Wave|p2a: Baxcalibur|[spread] p2b
|-miss|p1a: Charizard|p2a: Baxcalibur
|-resisted|p2b: Incineroar
|-damage|p2b: Incineroar|13/100
|move|p2b: Incineroar|Flare Blitz|p1b: Ursaluna
|-activate|p1b: Ursaluna|move: Protect
|
|-weather|SunnyDay|[upkeep]
|-damage|p1a: Charizard|63/100|[from] ability: Solar Power|[of] p1a: Charizard
|-damage|p1b: Ursaluna|32/100 brn|[from] brn
|-sideend|p2: umbreoffxd|move: Tailwind
|upkeep
|turn|5
|
|t:|1757022437
|switch|p1b: Ninetales|Ninetales, L50, F, shiny|100/100
|move|p1a: Charizard|Heat Wave|p2b: Incineroar|[spread] p2a,p2b
|-resisted|p2b: Incineroar
|-damage|p2a: Baxcalibur|0 fnt
|-damage|p2b: Incineroar|0 fnt
|faint|p2a: Baxcalibur
|faint|p2b: Incineroar
|
|-weather|SunnyDay|[upkeep]
|-damage|p1a: Charizard|51/100|[from] ability: Solar Power|[of] p1a: Charizard
|upkeep
|-message|umbreoffxd forfeited.
|
|win|myosophia
|raw|myosophia's rating: 1034 → 1069(+35 for winning)
|raw|umbreoffxd's rating: 1036 → 1021(-15 for losing)
