|j|☆dericos
|j|☆Mr James Freak
|html|dericosMr James Freak    
|uhtml|bestof|Game 2 of a best-of-3
|t:|1782249036
|gametype|doubles
|player|p1|dericos|102|1113
|player|p2|Mr James Freak|scientist|1162
|gen|9
|tier|[Gen 9 Champions] VGC 2026 Reg M-B (Bo3)
|rated|
|rule|Species Clause: Limit one of each Pokémon
|rule|Item Clause: Limit 1 of each item
|clearpoke
|poke|p1|Swampert, L50, M|
|poke|p1|Pelipper, L50, M|
|poke|p1|Archaludon, L50, M|
|poke|p1|Sinistcha, L50|
|poke|p1|Maushold-Four, L50|
|poke|p1|Gholdengo, L50|
|poke|p2|Tyranitar, L50, M, shiny|
|poke|p2|Metagross, L50, shiny|
|poke|p2|Sinistcha-Masterpiece, L50|
|poke|p2|Rotom-Wash, L50, shiny|
|poke|p2|Garchomp, L50, M, shiny|
|poke|p2|Incineroar, L50, F, shiny|
|teampreview|4
|showteam|p1|Swampert||Swampertite|Torrent|WaveCrash,HighHorsepower,IcePunch,Protect|Adamant||M|||50|]Pelipper||SitrusBerry|Drizzle|WeatherBall,Hurricane,Tailwind,WideGuard|Modest||M|||50|]Archaludon||Leftovers|Stamina|ElectroShot,DragonPulse,FlashCannon,Protect|Calm||M|||50|]Sinistcha||KasibBerry|Hospitality|RagePowder,MatchaGotcha,TrickRoom,Protect|Bold|||||50|]Maushold-Four||FocusSash|FriendGuard|FollowMe,SuperFang,RainDance,Protect|Timid|||||50|]Gholdengo||LifeOrb|GoodasGold|MakeItRain,ShadowBall,NastyPlot,Protect|Modest|||||50|
|showteam|p2|Tyranitar||Tyranitarite|SandStream|RockSlide,KnockOff,DragonDance,Protect|Adamant||M|||50|]Metagross||Metagrossite|ClearBody|IronHead,PsychicFangs,BodyPress,Protect|Jolly|||||50|]Sinistcha-Masterpiece||SitrusBerry|Hospitality|MatchaGotcha,RagePowder,LifeDew,Protect|Bold|||||50|]Rotom-Wash||Leftovers|Levitate|Electroweb,HydroPump,WillOWisp,Protect|Calm|||||50|]Garchomp||LifeOrb|RoughSkin|Earthquake,RockSlide,ScaleShot,Protect|Jolly||M|||50|]Incineroar||PasshoBerry|Intimidate|FakeOut,PartingShot,FlareBlitz,ThroatChop|Adamant||F|||50|
|
|t:|1782249081
|teamsize|p1|4
|teamsize|p2|4
|start
|switch|p1a: Archaludon|Archaludon, L50, M|100/100
|switch|p1b: Maushold|Maushold-Four, L50|100/100
|switch|p2a: Incineroar|Incineroar, L50, F, shiny|100/100
|switch|p2b: Sinistcha|Sinistcha-Masterpiece, L50|100/100
|-ability|p2a: Incineroar|Intimidate|boost
|-unboost|p1a: Archaludon|atk|1
|-unboost|p1b: Maushold|atk|1
|turn|1
|
|t:|1782249111
|move|p1b: Maushold|Protect|p1b: Maushold
|-singleturn|p1b: Maushold|Protect
|move|p2b: Sinistcha|Rage Powder|p2b: Sinistcha
|-singleturn|p2b: Sinistcha|move: Rage Powder
|move|p1a: Archaludon|Dragon Pulse|p2b: Sinistcha
|-damage|p2b: Sinistcha|65/100
|move|p2a: Incineroar|Parting Shot|p1a: Archaludon
|-unboost|p1a: Archaludon|atk|1
|-unboost|p1a: Archaludon|spa|1
|
|t:|1782249119
|switch|p2a: Rotom|Rotom-Wash, L50, shiny|100/100|[from] Parting Shot
|
|upkeep
|turn|2
|
|t:|1782249128
|move|p1b: Maushold|Rain Dance|p1b: Maushold
|-weather|RainDance
|move|p2a: Rotom|Will-O-Wisp|p1a: Archaludon
|-status|p1a: Archaludon|brn
|move|p1a: Archaludon|Electro Shot||[still]
|-prepare|p1a: Archaludon|Electro Shot
|-boost|p1a: Archaludon|spa|1
|-anim|p1a: Archaludon|Electro Shot|p2a: Rotom
|-damage|p2a: Rotom|65/100
|move|p2b: Sinistcha|Life Dew|p2b: Sinistcha|[spread] p2a,p2b
|-heal|p2a: Rotom|90/100
|-heal|p2b: Sinistcha|90/100
|
|-weather|RainDance|[upkeep]
|-heal|p2a: Rotom|97/100|[from] item: Leftovers
|-damage|p1a: Archaludon|93/100 brn|[from] brn
|upkeep
|turn|3
|
|t:|1782249154
|switch|p2b: Incineroar|Incineroar, L50, F, shiny|100/100
|-ability|p2b: Incineroar|Intimidate|boost
|-unboost|p1a: Archaludon|atk|1
|-unboost|p1b: Maushold|atk|1
|move|p2a: Rotom|Protect|p2a: Rotom
|-singleturn|p2a: Rotom|Protect
|move|p1b: Maushold|Rain Dance||[still]
|-fail|p1b: Maushold
|move|p1a: Archaludon|Electro Shot||[still]
|-prepare|p1a: Archaludon|Electro Shot
|-boost|p1a: Archaludon|spa|1
|-anim|p1a: Archaludon|Electro Shot|p2a: Rotom
|-activate|p2a: Rotom|move: Protect
|
|-weather|RainDance|[upkeep]
|-heal|p2a: Rotom|100/100|[from] item: Leftovers
|-heal|p1a: Archaludon|100/100 brn|[from] item: Leftovers
|-damage|p1a: Archaludon|93/100 brn|[from] brn
|upkeep
|turn|4
|
|t:|1782249174
|switch|p2b: Tyranitar|Tyranitar, L50, M, shiny|100/100
|-weather|Sandstorm|[from] ability: Sand Stream|[of] p2b: Tyranitar
|move|p1b: Maushold|Super Fang|p2b: Tyranitar
|-damage|p2b: Tyranitar|50/100y
|move|p2a: Rotom|Hydro Pump|p1a: Archaludon
|-resisted|p1a: Archaludon|1
|-damage|p1a: Archaludon|80/100 brn
|-ability|p1a: Archaludon|Stamina|boost
|-boost|p1a: Archaludon|def|1
|move|p1a: Archaludon|Dragon Pulse|p2b: Tyranitar
|-damage|p2b: Tyranitar|18/100
|
|-weather|Sandstorm|[upkeep]
|-damage|p1b: Maushold|93/100|[from] Sandstorm
|-damage|p2a: Rotom|93/100|[from] Sandstorm
|-heal|p2a: Rotom|100/100|[from] item: Leftovers
|-heal|p1a: Archaludon|86/100 brn|[from] item: Leftovers
|-damage|p1a: Archaludon|80/100 brn|[from] brn
|upkeep
|turn|5
|
|t:|1782249203
|switch|p2a: Sinistcha|Sinistcha-Masterpiece, L50|90/100
|-heal|p2b: Tyranitar|43/100|[from] ability: Hospitality|[of] p2a: Sinistcha
|move|p2b: Tyranitar|Protect|p2b: Tyranitar
|-singleturn|p2b: Tyranitar|Protect
|move|p1b: Maushold|Rain Dance|p1b: Maushold
|-weather|RainDance
|move|p1a: Archaludon|Electro Shot||[still]
|-prepare|p1a: Archaludon|Electro Shot
|-boost|p1a: Archaludon|spa|1
|-anim|p1a: Archaludon|Electro Shot|p2b: Tyranitar
|-activate|p2b: Tyranitar|move: Protect
|
|-weather|RainDance|[upkeep]
|-heal|p1a: Archaludon|86/100 brn|[from] item: Leftovers
|-damage|p1a: Archaludon|80/100 brn|[from] brn
|upkeep
|turn|6
|
|t:|1782249223
|detailschange|p2b: Tyranitar|Tyranitar-Mega, L50, M, shiny
|-mega|p2b: Tyranitar|Tyranitar|Tyranitarite
|-weather|Sandstorm|[from] ability: Sand Stream|[of] p2b: Tyranitar
|move|p2a: Sinistcha|Rage Powder|p2a: Sinistcha
|-singleturn|p2a: Sinistcha|move: Rage Powder
|move|p1b: Maushold|Super Fang|p2a: Sinistcha
|-immune|p2a: Sinistcha
|move|p2b: Tyranitar|Dragon Dance|p2b: Tyranitar
|-boost|p2b: Tyranitar|atk|1
|-boost|p2b: Tyranitar|spe|1
|move|p1a: Archaludon|Dragon Pulse|p2a: Sinistcha
|-damage|p2a: Sinistcha|16/100
|-enditem|p2a: Sinistcha|Sitrus Berry|[eat]
|-heal|p2a: Sinistcha|41/100|[from] item: Sitrus Berry
|
|-weather|Sandstorm|[upkeep]
|-damage|p1b: Maushold|87/100|[from] Sandstorm
|-damage|p2a: Sinistcha|35/100|[from] Sandstorm
|-heal|p1a: Archaludon|86/100 brn|[from] item: Leftovers
|-damage|p1a: Archaludon|80/100 brn|[from] brn
|upkeep
|turn|7
|
|t:|1782249256
|move|p2a: Sinistcha|Rage Powder|p2a: Sinistcha
|-singleturn|p2a: Sinistcha|move: Rage Powder
|move|p1b: Maushold|Rain Dance|p1b: Maushold
|-weather|RainDance
|move|p2b: Tyranitar|Knock Off|p1a: Archaludon
|-damage|p1a: Archaludon|42/100 brn
|-ability|p1a: Archaludon|Stamina|boost
|-boost|p1a: Archaludon|def|1
|-enditem|p1a: Archaludon|Leftovers|[from] move: Knock Off|[of] p2b: Tyranitar
|move|p1a: Archaludon|Dragon Pulse|p2a: Sinistcha
|-damage|p2a: Sinistcha|0 fnt
|faint|p2a: Sinistcha
|
|-weather|RainDance|[upkeep]
|-damage|p1a: Archaludon|36/100 brn|[from] brn
|upkeep
|
|t:|1782249270
|switch|p2a: Incineroar|Incineroar, L50, F, shiny|100/100
|-ability|p2a: Incineroar|Intimidate|boost
|-unboost|p1a: Archaludon|atk|1
|-unboost|p1b: Maushold|atk|1
|turn|8
|
|t:|1782249276
|move|p1a: Archaludon|Protect|p1a: Archaludon
|-singleturn|p1a: Archaludon|Protect
|move|p2a: Incineroar|Fake Out|p1a: Archaludon
|-activate|p1a: Archaludon|move: Protect
|move|p1b: Maushold|Super Fang|p2b: Tyranitar
|-damage|p2b: Tyranitar|22/100
|move|p2b: Tyranitar|Dragon Dance|p2b: Tyranitar
|-boost|p2b: Tyranitar|atk|1
|-boost|p2b: Tyranitar|spe|1
|
|-weather|RainDance|[upkeep]
|-damage|p1a: Archaludon|30/100 brn|[from] brn
|upkeep
|turn|9
|
|t:|1782249298
|move|p2b: Tyranitar|Protect|p2b: Tyranitar
|-singleturn|p2b: Tyranitar|Protect
|move|p1b: Maushold|Follow Me|p1b: Maushold
|-singleturn|p1b: Maushold|move: Follow Me
|move|p1a: Archaludon|Electro Shot||[still]
|-prepare|p1a: Archaludon|Electro Shot
|-boost|p1a: Archaludon|spa|1
|-anim|p1a: Archaludon|Electro Shot|p2b: Tyranitar
|-activate|p2b: Tyranitar|move: Protect
|move|p2a: Incineroar|Parting Shot|p1b: Maushold
|-unboost|p1b: Maushold|atk|1
|-unboost|p1b: Maushold|spa|1
|
|t:|1782249307
|switch|p2a: Rotom|Rotom-Wash, L50, shiny|100/100|[from] Parting Shot
|
|-weather|RainDance|[upkeep]
|-damage|p1a: Archaludon|23/100 brn|[from] brn
|upkeep
|turn|10
|
|t:|1782249317
|move|p1b: Maushold|Follow Me|p1b: Maushold
|-singleturn|p1b: Maushold|move: Follow Me
|move|p2b: Tyranitar|Rock Slide|p1a: Archaludon|[spread] p1a,p1b
|-resisted|p1a: Archaludon|1
|-damage|p1a: Archaludon|12/100 brn
|-damage|p1b: Maushold|0 fnt
|-ability|p1a: Archaludon|Stamina|boost
|-boost|p1a: Archaludon|def|1
|faint|p1b: Maushold
|move|p2a: Rotom|Electroweb|p1a: Archaludon
|-resisted|p1a: Archaludon|1
|-damage|p1a: Archaludon|3/100 brn
|-unboost|p1a: Archaludon|spe|1
|-ability|p1a: Archaludon|Stamina|boost
|-boost|p1a: Archaludon|def|1
|move|p1a: Archaludon|Electro Shot||[still]
|-prepare|p1a: Archaludon|Electro Shot
|-boost|p1a: Archaludon|spa|1
|-anim|p1a: Archaludon|Electro Shot|p2b: Tyranitar
|-damage|p2b: Tyranitar|0 fnt
|faint|p2b: Tyranitar
|
|-weather|RainDance|[upkeep]
|-damage|p1a: Archaludon|0 fnt|[from] brn
|faint|p1a: Archaludon
|upkeep
|
|t:|1782249331
|switch|p1b: Pelipper|Pelipper, L50, M|100/100
|switch|p2b: Incineroar|Incineroar, L50, F, shiny|100/100
|switch|p1a: Swampert|Swampert, L50, M|100/100
|-ability|p2b: Incineroar|Intimidate|boost
|-unboost|p1a: Swampert|atk|1
|-unboost|p1b: Pelipper|atk|1
|turn|11
|
|t:|1782249345
|detailschange|p1a: Swampert|Swampert-Mega, L50, M
|-mega|p1a: Swampert|Swampert|Swampertite
|move|p2b: Incineroar|Fake Out|p1b: Pelipper
|-damage|p1b: Pelipper|86/100
|move|p1a: Swampert|Wave Crash|p2b: Incineroar
|-supereffective|p2b: Incineroar|1
|-enditem|p2b: Incineroar|Passho Berry|[eat]
|-enditem|p2b: Incineroar|Passho Berry|[weaken]
|-damage|p2b: Incineroar|33/100
|-damage|p1a: Swampert|76/100|[from] Recoil
|move|p2a: Rotom|Electroweb|p1b: Pelipper|[spread] p1b
|-immune|p1a: Swampert
|-supereffective|p1b: Pelipper|2
|-damage|p1b: Pelipper|11/100
|-unboost|p1b: Pelipper|spe|1
|-enditem|p1b: Pelipper|Sitrus Berry|[eat]
|-heal|p1b: Pelipper|36/100|[from] item: Sitrus Berry
|cant|p1b: Pelipper|flinch
|
|-weather|none
|upkeep
|turn|12
|
|t:|1782249368
|move|p1b: Pelipper|Wide Guard|p1b: Pelipper
|-singleturn|p1b: Pelipper|Wide Guard
|move|p1a: Swampert|High Horsepower|p2b: Incineroar
|-supereffective|p2b: Incineroar|1
|-damage|p2b: Incineroar|0 fnt
|faint|p2b: Incineroar
|move|p2a: Rotom|Will-O-Wisp|p1a: Swampert
|-status|p1a: Swampert|brn
|
|-damage|p1a: Swampert|70/100 brn|[from] brn
|upkeep
|turn|13
|
|t:|1782249383
|move|p1a: Swampert|High Horsepower|p2a: Rotom
|-immune|p2a: Rotom|[from] ability: Levitate
|move|p2a: Rotom|Hydro Pump|p1a: Swampert
|-damage|p1a: Swampert|34/100 brn
|move|p1b: Pelipper|Hurricane|p2a: Rotom
|-resisted|p2a: Rotom|1
|-damage|p2a: Rotom|81/100
|
|-heal|p2a: Rotom|87/100|[from] item: Leftovers
|-damage|p1a: Swampert|28/100 brn|[from] brn
|upkeep
|turn|14
|
|t:|1782249394
|move|p2a: Rotom|Protect|p2a: Rotom
|-singleturn|p2a: Rotom|Protect
|move|p1a: Swampert|Wave Crash|p2a: Rotom
|-activate|p2a: Rotom|move: Protect
|move|p1b: Pelipper|Tailwind|p1b: Pelipper
|-sidestart|p1: dericos|move: Tailwind
|
|-heal|p2a: Rotom|93/100|[from] item: Leftovers
|-damage|p1a: Swampert|22/100 brn|[from] brn
|upkeep
|turn|15
|
|t:|1782249402
|move|p1a: Swampert|Wave Crash|p2a: Rotom
|-resisted|p2a: Rotom|1
|-damage|p2a: Rotom|81/100
|-damage|p1a: Swampert|18/100 brn|[from] Recoil
|move|p1b: Pelipper|Weather Ball|p2a: Rotom
|-damage|p2a: Rotom|70/100
|move|p2a: Rotom|Hydro Pump|p1a: Swampert
|-damage|p1a: Swampert|0 fnt
|faint|p1a: Swampert
|
|-heal|p2a: Rotom|76/100|[from] item: Leftovers
|upkeep
|turn|16
|
|t:|1782249408
|move|p1b: Pelipper|Weather Ball|p2a: Rotom
|-damage|p2a: Rotom|65/100
|move|p2a: Rotom|Electroweb|p1b: Pelipper
|-supereffective|p1b: Pelipper|2
|-damage|p1b: Pelipper|0 fnt
|faint|p1b: Pelipper
|
|win|Mr James Freak
