|j|‽ziggleroid_don
|j|‽LovelyDovelyMoment
|html|ziggleroid_donLovelyDovelyMoment    
|uhtml|bestof|Game 3 of a best-of-3
|t:|1785663454
|gametype|doubles
|player|p1|ziggleroid_don|265|
|player|p2|LovelyDovelyMoment|iris-gen5bw2|
|gen|9
|tier|[Gen 9 Champions] VGC 2026 Reg M-B (Bo3)
|rule|Species Clause: Limit one of each Pokémon
|rule|Item Clause: Limit 1 of each item
|clearpoke
|poke|p1|Heliolisk, L50, M|
|poke|p1|Simisear, L50, F|
|poke|p1|Zoroark, L50, M|
|poke|p1|Tinkaton, L50, F|
|poke|p1|Simipour, L50, F|
|poke|p1|Runerigus, L50, F|
|poke|p2|Tinkaton, L50, F|
|poke|p2|Mr. Rime, L50, M|
|poke|p2|Heliolisk, L50, M|
|poke|p2|Simipour, L50, F|
|poke|p2|Simisear, L50, F|
|poke|p2|Runerigus, L50, M|
|teampreview|4
|showteam|p1|Heliolisk||ChoiceScarf|SolarPower|Thunderbolt,VoltSwitch,Uturn,GrassKnot|Timid||M|||50|]Simisear||LifeOrb|Gluttony|RockSlide,FlameCharge,FlareBlitz,Protect|Jolly||F|||50|]Zoroark||HeatRock|Illusion|SunnyDay,Crunch,Protect,Uturn|Jolly||M|||50|]Tinkaton||Leftovers|MoldBreaker|FakeOut,GigatonHammer,KnockOff,Encore|Serious||F|||50|]Simipour||SitrusBerry|Gluttony|FakeOut,ChillingWater,Scald,Protect|Modest||F|||50|]Runerigus||RindoBerry|WanderingSpirit|BodyPress,IronDefense,WillOWisp,Protect|Bold||F|||50|
|showteam|p2|Tinkaton||SitrusBerry|Pickpocket|FakeOut,GigatonHammer,IceHammer,Protect|Adamant||F|||50|]Mr. Rime||LightClay|ScreenCleaner|TeeterDance,FreezeDry,FocusBlast,FakeOut|Timid||M|||50|]Heliolisk||LifeOrb|DrySkin|HyperVoice,Thunder,Protect,WeatherBall|Timid||M|||50|]Simipour||DampRock|Torrent|RainDance,FlipTurn,FakeOut,ThroatChop|Jolly||F|||50|]Simisear||ChoiceScarf|Blaze|Overheat,FocusBlast,SunnyDay,HeatWave|Modest||F|||50|]Runerigus||Leftovers|WanderingSpirit|GuardSwap,BodyPress,Protect,Bulldoze|Sassy||M|||50|
|
|t:|1785663479
|teamsize|p1|4
|teamsize|p2|4
|start
|switch|p1a: Simisear|Simisear, L50, F|100/100
|switch|p1b: Simipour|Simipour, L50, F|100/100
|switch|p2a: Simisear|Simisear, L50, F|100/100
|switch|p2b: Runerigus|Runerigus, L50, M|100/100
|turn|1
|
|t:|1785663507
|move|p1a: Simisear|Protect|p1a: Simisear
|-singleturn|p1a: Simisear|Protect
|move|p2a: Simisear|Heat Wave|p1a: Simisear|[spread] p1b
|-activate|p1a: Simisear|move: Protect
|-resisted|p1b: Simipour|1
|-damage|p1b: Simipour|74/100
|move|p1b: Simipour|Scald|p2b: Runerigus
|-supereffective|p2b: Runerigus|1
|-damage|p2b: Runerigus|41/100
|move|p2b: Runerigus|Bulldoze|p1a: Simisear|[spread] p2a,p1b
|-activate|p1a: Simisear|move: Protect
|-supereffective|p2a: Simisear|1
|-damage|p2a: Simisear|48/100
|-damage|p1b: Simipour|50/100g
|-unboost|p2a: Simisear|spe|1
|-unboost|p1b: Simipour|spe|1
|
|-heal|p2b: Runerigus|47/100|[from] item: Leftovers
|upkeep
|turn|2
|
|t:|1785663533
|move|p1a: Simisear|Rock Slide|p2a: Simisear|[spread] p2a,p2b
|-supereffective|p2a: Simisear|1
|-resisted|p2b: Runerigus|1
|-damage|p2a: Simisear|0 fnt
|-damage|p2b: Runerigus|40/100
|faint|p2a: Simisear
|-damage|p1a: Simisear|90/100|[from] item: Life Orb
|move|p1b: Simipour|Scald|p2b: Runerigus
|-supereffective|p2b: Runerigus|1
|-damage|p2b: Runerigus|0 fnt
|faint|p2b: Runerigus
|
|upkeep
|
|t:|1785663537
|switch|p2a: Heliolisk|Heliolisk, L50, M|100/100
|switch|p2b: Simipour|Simipour, L50, F|100/100
|turn|3
|
|t:|1785663580
|move|p2b: Simipour|Fake Out|p1a: Simisear
|-damage|p1a: Simisear|68/100
|move|p2a: Heliolisk|Hyper Voice|p1b: Simipour|[spread] p1a,p1b
|-damage|p1a: Simisear|1/100
|-damage|p1b: Simipour|0 fnt
|faint|p1b: Simipour
|-damage|p2a: Heliolisk|90/100|[from] item: Life Orb
|cant|p1a: Simisear|flinch
|
|upkeep
|
|t:|1785663592
|switch|p1b: Heliolisk|Heliolisk, L50, M|100/100
|turn|4
|
|t:|1785663601
|move|p1a: Simisear|Protect|p1a: Simisear
|-singleturn|p1a: Simisear|Protect
|move|p2a: Heliolisk|Hyper Voice|p1b: Heliolisk|[spread] p1b
|-activate|p1a: Simisear|move: Protect
|-damage|p1b: Heliolisk|16/100
|replace|p1b: Zoroark|Zoroark, L50, M
|-end|p1b: Zoroark|Illusion
|-damage|p2a: Heliolisk|81/100|[from] item: Life Orb
|move|p1b: Zoroark|Sunny Day|p1b: Zoroark
|-weather|SunnyDay
|move|p2b: Simipour|Rain Dance|p2b: Simipour
|-weather|RainDance
|
|-weather|RainDance|[upkeep]
|-heal|p2a: Heliolisk|93/100|[from] ability: Dry Skin
|upkeep
|turn|5
|
|t:|1785663618
|move|p2a: Heliolisk|Hyper Voice|p1a: Simisear|[spread] p1a,p1b
|-damage|p1a: Simisear|0 fnt
|-damage|p1b: Zoroark|0 fnt
|faint|p1a: Simisear
|faint|p1b: Zoroark
|-damage|p2a: Heliolisk|84/100|[from] item: Life Orb
|move|p2b: Simipour|Throat Chop|p1: Simisear|[notarget]
|-fail|p2b: Simipour
|
|-weather|RainDance|[upkeep]
|-heal|p2a: Heliolisk|96/100|[from] ability: Dry Skin
|upkeep
|
|t:|1785663630
|switch|p1b: Heliolisk|Heliolisk, L50, M|100/100
|turn|6
|
|t:|1785663641
|move|p1b: Heliolisk|Grass Knot|p2b: Simipour
|-supereffective|p2b: Simipour|1
|-damage|p2b: Simipour|34/100
|move|p2a: Heliolisk|Hyper Voice|p1b: Heliolisk
|-damage|p1b: Heliolisk|23/100
|-damage|p2a: Heliolisk|87/100|[from] item: Life Orb
|move|p2b: Simipour|Throat Chop|p1b: Heliolisk
|-damage|p1b: Heliolisk|0 fnt
|faint|p1b: Heliolisk
|
|win|LovelyDovelyMoment
