|j|☆MAYBE_I_AM_WASHED
|j|☆mixxserenade
|html|MAYBE_I_AM_WASHEDmixxserenade    
|uhtml|bestof|Game 2 of a best-of-3
|t:|1782344148
|gametype|doubles
|player|p1|MAYBE_I_AM_WASHED|lucas|1076
|player|p2|mixxserenade|1|1080
|gen|9
|tier|[Gen 9 Champions] VGC 2026 Reg M-B (Bo3)
|rated|
|rule|Species Clause: Limit one of each Pokémon
|rule|Item Clause: Limit 1 of each item
|clearpoke
|poke|p1|Floette-Eternal, L50, F|
|poke|p1|Delphox, L50, M, shiny|
|poke|p1|Incineroar, L50, M, shiny|
|poke|p1|Basculegion, L50, M, shiny|
|poke|p1|Sneasler, L50, F|
|poke|p1|Sinistcha, L50|
|poke|p2|Floette-Eternal, L50, F|
|poke|p2|Whimsicott, L50, F|
|poke|p2|Basculegion, L50, M|
|poke|p2|Charizard, L50, F|
|poke|p2|Kingambit, L50, F|
|poke|p2|Garchomp, L50, M|
|teampreview|4
|showteam|p1|Floette-Eternal||Floettite|FlowerVeil|Moonblast,DazzlingGleam,CalmMind,Protect|Modest||F|||50|]Delphox||Delphoxite|Blaze|Psychic,HeatWave,NastyPlot,Protect|Timid||M|||50|]Incineroar||Charcoal|Intimidate|FlareBlitz,ThroatChop,FakeOut,PartingShot|Adamant||M|||50|]Basculegion||FocusSash|Adaptability|Liquidation,LastRespects,AquaJet,Protect|Adamant||M|||50|]Sneasler||WhiteHerb|Unburden|CloseCombat,DireClaw,FakeOut,Protect|Adamant||F|||50|]Sinistcha||KasibBerry|Hospitality|MatchaGotcha,RagePowder,TrickRoom,Protect|Sassy|||||50|
|showteam|p2|Floette-Eternal||Floettite|FlowerVeil|DazzlingGleam,Moonblast,LightofRuin,Protect|Timid||F|||50|]Whimsicott||FocusSash|Prankster|Moonblast,Encore,Tailwind,Protect|Timid||F|||50|]Basculegion||MysticWater|Adaptability|WaveCrash,AquaJet,LastRespects,Protect|Adamant||M|||50|]Charizard||CharizarditeY|Blaze|HeatWave,WeatherBall,SolarBeam,Protect|Modest||F|||50|]Kingambit||OccaBerry|Defiant|KowtowCleave,SuckerPunch,IronHead,Protect|Adamant||F|||50|]Garchomp||RoseliBerry|RoughSkin|Earthquake,DragonClaw,RockSlide,PoisonJab|Jolly||M|||50|
|inactive|Battle timer is ON: inactive players will automatically lose when time's up. (requested by MAYBE_I_AM_WASHED)
|inactive|MAYBE_I_AM_WASHED has 60 seconds left.
|
|t:|1782344193
|teamsize|p1|4
|teamsize|p2|4
|start
|switch|p1a: Zee|Floette-Eternal, L50, F|100/100
|switch|p1b: Tony|Incineroar, L50, M, shiny|100/100
|switch|p2a: Basculegion|Basculegion, L50, M|100/100
|switch|p2b: Whimsicott|Whimsicott, L50, F|100/100
|-ability|p1b: Tony|Intimidate|boost
|-unboost|p2a: Basculegion|atk|1
|-unboost|p2b: Whimsicott|atk|1
|turn|1
|inactive|mixxserenade has 30 seconds left.
|
|t:|1782344219
|detailschange|p1a: Zee|Floette-Mega, L50, F
|-mega|p1a: Zee|Floette|Floettite
|-ability|p1a: Zee|Fairy Aura
|move|p1b: Tony|Fake Out|p2b: Whimsicott
|-damage|p2b: Whimsicott|77/100
|cant|p2b: Whimsicott|flinch
|move|p1a: Zee|Moonblast|p2a: Basculegion
|-damage|p2a: Basculegion|10/100
|move|p2a: Basculegion|Wave Crash|p1b: Tony
|-supereffective|p1b: Tony|1
|-damage|p1b: Tony|0 fnt
|faint|p1b: Tony
|-damage|p2a: Basculegion|0 fnt|[from] Recoil
|faint|p2a: Basculegion
|
|upkeep
|
|t:|1782344239
|switch|p2a: Charizard|Charizard, L50, F|100/100
|switch|p1b: Arizona|Sinistcha, L50|100/100
|turn|2
|inactive|MAYBE_I_AM_WASHED has 30 seconds left.
|
|t:|1782344268
|detailschange|p2a: Charizard|Charizard-Mega-Y, L50, F
|-mega|p2a: Charizard|Charizard|Charizardite Y
|-weather|SunnyDay|[from] ability: Drought|[of] p2a: Charizard
|move|p1b: Arizona|Protect|p1b: Arizona
|-singleturn|p1b: Arizona|Protect
|move|p2b: Whimsicott|Tailwind|p2b: Whimsicott
|-sidestart|p2: mixxserenade|move: Tailwind
|move|p2a: Charizard|Heat Wave|p1b: Arizona|[spread] p1a
|-activate|p1b: Arizona|move: Protect
|-damage|p1a: Zee|56/100
|move|p1a: Zee|Moonblast|p2b: Whimsicott
|-damage|p2b: Whimsicott|0 fnt
|faint|p2b: Whimsicott
|
|-weather|SunnyDay|[upkeep]
|upkeep
|
|t:|1782344290
|switch|p2b: Garchomp|Garchomp, L50, M|100/100
|turn|3
|
|t:|1782344300
|switch|p1b: Patomac|Basculegion, L50, M, shiny|100/100
|move|p1a: Zee|Protect|p1a: Zee
|-singleturn|p1a: Zee|Protect
|move|p2b: Garchomp|Rock Slide|p1b: Patomac|[spread] p1b
|-activate|p1a: Zee|move: Protect
|-damage|p1b: Patomac|79/100
|move|p2a: Charizard|Heat Wave|p1b: Patomac|[spread] p1b
|-activate|p1a: Zee|move: Protect
|-resisted|p1b: Patomac|1
|-damage|p1b: Patomac|42/100
|
|-weather|SunnyDay|[upkeep]
|upkeep
|turn|4
|inactive|MAYBE_I_AM_WASHED has 30 seconds left.
|inactive|mixxserenade has 30 seconds left.
|inactive|mixxserenade has 20 seconds left.
|
|t:|1782344339
|switch|p1b: Arizona|Sinistcha, L50|100/100
|-heal|p1a: Zee|81/100|[from] ability: Hospitality|[of] p1b: Arizona
|move|p2b: Garchomp|Poison Jab|p1a: Zee
|-supereffective|p1a: Zee|1
|-damage|p1a: Zee|31/100
|move|p2a: Charizard|Solar Beam||[still]
|-prepare|p2a: Charizard|Solar Beam
|-anim|p2a: Charizard|Solar Beam|p1b: Arizona
|-resisted|p1b: Arizona|1
|-crit|p1b: Arizona
|-damage|p1b: Arizona|70/100
|move|p1a: Zee|Moonblast|p2b: Garchomp
|-supereffective|p2b: Garchomp|1
|-enditem|p2b: Garchomp|Roseli Berry|[eat]
|-enditem|p2b: Garchomp|Roseli Berry|[weaken]
|-damage|p2b: Garchomp|18/100
|
|-weather|SunnyDay|[upkeep]
|upkeep
|turn|5
|inactive|MAYBE_I_AM_WASHED has 30 seconds left.
|
|t:|1782344364
|move|p1a: Zee|Protect|p1a: Zee
|-singleturn|p1a: Zee|Protect
|move|p1b: Arizona|Protect|p1b: Arizona
|-singleturn|p1b: Arizona|Protect
|move|p2b: Garchomp|Poison Jab|p1a: Zee
|-activate|p1a: Zee|move: Protect
|move|p2a: Charizard|Heat Wave|p1b: Arizona|[spread] 
|-activate|p1a: Zee|move: Protect
|-activate|p1b: Arizona|move: Protect
|
|-weather|SunnyDay|[upkeep]
|-sideend|p2: mixxserenade|move: Tailwind
|upkeep
|turn|6
|
|t:|1782344384
|move|p2a: Charizard|Protect|p2a: Charizard
|-singleturn|p2a: Charizard|Protect
|move|p1b: Arizona|Rage Powder|p1b: Arizona
|-singleturn|p1b: Arizona|move: Rage Powder
|move|p1a: Zee|Dazzling Gleam|p2b: Garchomp|[spread] p2b
|-activate|p2a: Charizard|move: Protect
|-supereffective|p2b: Garchomp|1
|-damage|p2b: Garchomp|0 fnt
|faint|p2b: Garchomp
|
|-weather|none
|upkeep
|turn|7
|
|t:|1782344398
|move|p1a: Zee|Moonblast|p2a: Charizard
|-resisted|p2a: Charizard|1
|-damage|p2a: Charizard|65/100
|move|p2a: Charizard|Heat Wave|p1b: Arizona|[spread] p1a,p1b
|-supereffective|p1b: Arizona|1
|-damage|p1a: Zee|3/100
|-damage|p1b: Arizona|2/100
|move|p1b: Arizona|Trick Room|p1b: Arizona
|-fieldstart|move: Trick Room|[of] p1b: Arizona
|
|upkeep
|turn|8
|
|t:|1782344410
|move|p1b: Arizona|Protect|p1b: Arizona
|-singleturn|p1b: Arizona|Protect
|move|p2a: Charizard|Heat Wave|p1a: Zee|[spread] p1a
|-activate|p1b: Arizona|move: Protect
|-damage|p1a: Zee|0 fnt
|faint|p1a: Zee
|
|upkeep
|
|t:|1782344416
|switch|p1a: Patomac|Basculegion, L50, M, shiny|42/100
|turn|9
|
|t:|1782344429
|move|p1b: Arizona|Matcha Gotcha|p2a: Charizard
|-resisted|p2a: Charizard|2
|-damage|p2a: Charizard|57/100
|-heal|p1b: Arizona|5/100|[from] drain|[of] p2a: Charizard
|move|p2a: Charizard|Solar Beam||[still]
|-prepare|p2a: Charizard|Solar Beam
|move|p1a: Patomac|Liquidation|p2a: Charizard
|-supereffective|p2a: Charizard|1
|-damage|p2a: Charizard|0 fnt
|faint|p2a: Charizard
|
|win|MAYBE_I_AM_WASHED
|raw|MAYBE_I_AM_WASHED's rating: 1076 → 1105(+29 for winning)
|raw|mixxserenade's rating: 1080 → 1058(-22 for losing)
|l|☆mixxserenade
|player|p2|
