|j|☆Llama_Llord
|j|☆pantalonesHat
|html|Llama_LlordpantalonesHat    
|uhtml|bestof|Game 2 of a best-of-3
|t:|1757030610
|gametype|doubles
|player|p1|Llama_Llord|170|1188
|player|p2|pantalonesHat|swimmer-gen4dp|1067
|gen|9
|tier|[Gen 9] VGC 2025 Reg H (Bo3)
|rated|
|rule|Species Clause: Limit one of each Pokémon
|rule|Item Clause: Limit 1 of each item
|clearpoke
|poke|p1|Talonflame, L50, F|
|poke|p1|Garchomp, L50, M|
|poke|p1|Gholdengo, L50|
|poke|p1|Tyranitar, L50, F|
|poke|p1|Amoonguss, L50, M|
|poke|p1|Milotic, L50, M|
|poke|p2|Archaludon, L50, F|
|poke|p2|Gholdengo, L50|
|poke|p2|Incineroar, L50, F|
|poke|p2|Overqwil, L50, M|
|poke|p2|Pelipper, L50, F|
|poke|p2|Amoonguss, L50, F|
|teampreview|4
|showteam|p1|Talonflame||CovertCloak|GaleWings|Tailwind,BraveBird,WillOWisp,Taunt|||F|||50|,,,,,Grass]Garchomp||LifeOrb|RoughSkin|Earthquake,DragonClaw,StompingTantrum,Protect|||M|||50|,,,,,Fairy]Gholdengo||ChoiceSpecs|GoodasGold|MakeItRain,ShadowBall,Thunderbolt,PowerGem||||||50|,,,,,Steel]Tyranitar||AssaultVest|SandStream|RockSlide,KnockOff,TeraBlast,LowKick|||F|||50|,,,,,Flying]Amoonguss||SitrusBerry|Regenerator|PollenPuff,Spore,RagePowder,Protect|||M|||50|,,,,,Water]Milotic||SafetyGoggles|Competitive|Scald,IcyWind,Haze,Protect|||M|||50|,,,,,Dragon
|showteam|p2|Archaludon||AssaultVest|Stamina|BodyPress,DragonPulse,ElectroShot,FlashCannon|||F|||50|,,,,,Steel]Gholdengo||LifeOrb|GoodasGold|MakeItRain,ShadowBall,NastyPlot,Protect||||||50|,,,,,Water]Incineroar||SafetyGoggles|Intimidate|KnockOff,Taunt,PartingShot,FakeOut|||F|||50|,,,,,Fire]Overqwil||ClearAmulet|SwiftSwim|GunkShot,SwordsDance,AquaTail,Protect|||M|||50|,,,,,Water]Pelipper||CovertCloak|Drizzle|WeatherBall,Hurricane,Protect,Tailwind|||F|||50|,,,,,Ground]Amoonguss||MentalHerb|Regenerator|Spore,RagePowder,Protect,ClearSmog|||F|||50|,,,,,Water
|inactive|Battle timer is ON: inactive players will automatically lose when time's up. (requested by Llama_Llord)
|
|t:|1757030633
|teamsize|p1|4
|teamsize|p2|4
|start
|switch|p1a: Talonflame|Talonflame, L50, F|100/100
|switch|p1b: Garchomp|Garchomp, L50, M|100/100
|switch|p2a: Overqwil|Overqwil, L50, M, shiny|100/100
|switch|p2b: Incineroar|Incineroar, L50, F|100/100
|-ability|p2b: Incineroar|Intimidate|boost
|-unboost|p1a: Talonflame|atk|1
|-unboost|p1b: Garchomp|atk|1
|turn|1
|inactive|pantalonesHat has 30 seconds left.
|
|t:|1757030662
|switch|p2b: Pelipper|Pelipper, L50, F|100/100
|-weather|RainDance|[from] ability: Drizzle|[of] p2b: Pelipper
|-terastallize|p2a: Overqwil|Water
|move|p2a: Overqwil|Aqua Tail|p1b: Garchomp
|-damage|p1b: Garchomp|24/100
|-damage|p2a: Overqwil|88/100|[from] ability: Rough Skin|[of] p1b: Garchomp
|move|p1a: Talonflame|Taunt|p2a: Overqwil
|-start|p2a: Overqwil|move: Taunt
|move|p1b: Garchomp|Earthquake|p2b: Pelipper|[spread] p2a
|-immune|p1a: Talonflame
|-immune|p2b: Pelipper
|-damage|p2a: Overqwil|55/100
|-damage|p1b: Garchomp|14/100|[from] item: Life Orb
|
|-weather|RainDance|[upkeep]
|upkeep
|turn|2
|inactive|Llama_Llord has 30 seconds left.
|
|t:|1757030688
|move|p1a: Talonflame|Tailwind|p1a: Talonflame
|-sidestart|p1: Llama_Llord|move: Tailwind
|move|p1b: Garchomp|Dragon Claw|p2a: Overqwil
|-damage|p2a: Overqwil|16/100
|-damage|p1b: Garchomp|4/100|[from] item: Life Orb
|move|p2a: Overqwil|Aqua Tail|p1b: Garchomp
|-damage|p1b: Garchomp|0 fnt
|-damage|p2a: Overqwil|4/100|[from] ability: Rough Skin|[of] p1b: Garchomp
|faint|p1b: Garchomp
|move|p2b: Pelipper|Tailwind|p2b: Pelipper
|-sidestart|p2: pantalonesHat|move: Tailwind
|
|-weather|RainDance|[upkeep]
|upkeep
|
|t:|1757030702
|switch|p1b: Tyranitar|Tyranitar, L50, F|100/100
|-weather|Sandstorm|[from] ability: Sand Stream|[of] p1b: Tyranitar
|turn|3
|
|t:|1757030723
|switch|p2a: Incineroar|Incineroar, L50, F|100/100
|-ability|p2a: Incineroar|Intimidate|boost
|-unboost|p1a: Talonflame|atk|1
|-unboost|p1b: Tyranitar|atk|1
|move|p1a: Talonflame|Brave Bird|p2a: Incineroar
|-damage|p2a: Incineroar|84/100
|-damage|p1a: Talonflame|95/100|[from] Recoil
|move|p2b: Pelipper|Weather Ball|p1a: Talonflame
|-supereffective|p1a: Talonflame
|-damage|p1a: Talonflame|0 fnt
|faint|p1a: Talonflame
|move|p1b: Tyranitar|Low Kick|p2b: Pelipper
|-resisted|p2b: Pelipper
|-damage|p2b: Pelipper|92/100
|
|-weather|Sandstorm|[upkeep]
|-damage|p2b: Pelipper|86/100|[from] Sandstorm
|upkeep
|
|t:|1757030728
|switch|p1a: Amoonguss|Amoonguss, L50, M|100/100
|turn|4
|
|t:|1757030753
|move|p2b: Pelipper|Hurricane|p1a: Amoonguss|[miss]
|-miss|p2b: Pelipper|p1a: Amoonguss
|move|p2a: Incineroar|Knock Off|p1a: Amoonguss
|-damage|p1a: Amoonguss|66/100
|-enditem|p1a: Amoonguss|Sitrus Berry|[from] move: Knock Off|[of] p2a: Incineroar
|move|p1b: Tyranitar|Rock Slide|p2a: Incineroar|[spread] p2a,p2b
|-supereffective|p2a: Incineroar
|-supereffective|p2b: Pelipper
|-damage|p2a: Incineroar|41/100
|-damage|p2b: Pelipper|32/100
|move|p1a: Amoonguss|Spore|p2b: Pelipper
|-status|p2b: Pelipper|slp|[from] move: Spore
|
|-weather|Sandstorm|[upkeep]
|-damage|p2b: Pelipper|26/100 slp|[from] Sandstorm
|-damage|p1a: Amoonguss|60/100|[from] Sandstorm
|upkeep
|turn|5
|inactive|pantalonesHat has 30 seconds left.
|
|t:|1757030787
|switch|p2b: Archaludon|Archaludon, L50, F|100/100
|move|p2a: Incineroar|Taunt|p1a: Amoonguss
|-start|p1a: Amoonguss|move: Taunt
|move|p1b: Tyranitar|Rock Slide|p2b: Archaludon|[spread] p2a,p2b
|-supereffective|p2a: Incineroar
|-resisted|p2b: Archaludon
|-damage|p2a: Incineroar|0 fnt
|-damage|p2b: Archaludon|94/100
|-ability|p2b: Archaludon|Stamina|boost
|-boost|p2b: Archaludon|def|1
|faint|p2a: Incineroar
|cant|p1a: Amoonguss|move: Taunt|Spore
|
|-weather|Sandstorm|[upkeep]
|-damage|p1a: Amoonguss|54/100|[from] Sandstorm
|-sideend|p2: pantalonesHat|move: Tailwind
|-sideend|p1: Llama_Llord|move: Tailwind
|upkeep
|
|t:|1757030803
|switch|p2a: Pelipper|Pelipper, L50, F|26/100 slp
|-weather|RainDance|[from] ability: Drizzle|[of] p2a: Pelipper
|turn|6
|
|t:|1757030826
|cant|p2a: Pelipper|slp
|move|p2b: Archaludon|Dragon Pulse|p1a: Amoonguss
|-damage|p1a: Amoonguss|23/100
|move|p1b: Tyranitar|Low Kick|p2b: Archaludon
|-supereffective|p2b: Archaludon
|-damage|p2b: Archaludon|77/100
|-ability|p2b: Archaludon|Stamina|boost
|-boost|p2b: Archaludon|def|1
|move|p1a: Amoonguss|Pollen Puff|p1b: Tyranitar
|
|-weather|RainDance|[upkeep]
|upkeep
|turn|7
|
|t:|1757030843
|-terastallize|p1b: Tyranitar|Flying
|move|p2b: Archaludon|Body Press|p1b: Tyranitar
|-resisted|p1b: Tyranitar
|-damage|p1b: Tyranitar|77/100
|cant|p2a: Pelipper|slp
|move|p1b: Tyranitar|Rock Slide|p2a: Pelipper|[spread] p2a,p2b
|-supereffective|p2a: Pelipper
|-resisted|p2b: Archaludon
|-damage|p2a: Pelipper|0 fnt
|-damage|p2b: Archaludon|74/100
|-ability|p2b: Archaludon|Stamina|boost
|-boost|p2b: Archaludon|def|1
|faint|p2a: Pelipper
|move|p1a: Amoonguss|Pollen Puff|p1b: Tyranitar
|-heal|p1b: Tyranitar|100/100
|
|-weather|RainDance|[upkeep]
|-end|p1a: Amoonguss|move: Taunt
|upkeep
|
|t:|1757030859
|switch|p2a: Overqwil|Overqwil, L50, M, shiny, tera:Water|4/100
|turn|8
|
|t:|1757030866
|move|p1a: Amoonguss|Protect|p1a: Amoonguss
|-singleturn|p1a: Amoonguss|Protect
|move|p2a: Overqwil|Gunk Shot|p1a: Amoonguss
|-activate|p1a: Amoonguss|move: Protect
|move|p2b: Archaludon|Electro Shot||[still]
|-prepare|p2b: Archaludon|Electro Shot
|-boost|p2b: Archaludon|spa|1
|-anim|p2b: Archaludon|Electro Shot|p1b: Tyranitar
|-supereffective|p1b: Tyranitar
|-damage|p1b: Tyranitar|39/100
|move|p1b: Tyranitar|Rock Slide|p2b: Archaludon|[spread] p2a,p2b
|-resisted|p2b: Archaludon
|-damage|p2a: Overqwil|0 fnt
|-damage|p2b: Archaludon|71/100
|-ability|p2b: Archaludon|Stamina|boost
|-boost|p2b: Archaludon|def|1
|faint|p2a: Overqwil
|
|-weather|RainDance|[upkeep]
|upkeep
|turn|9
|
|t:|1757030891
|move|p1a: Amoonguss|Rage Powder|p1a: Amoonguss
|-singleturn|p1a: Amoonguss|move: Rage Powder
|move|p2b: Archaludon|Dragon Pulse|p1a: Amoonguss
|-damage|p1a: Amoonguss|0 fnt
|faint|p1a: Amoonguss
|move|p1b: Tyranitar|Low Kick|p2b: Archaludon
|-supereffective|p2b: Archaludon
|-damage|p2b: Archaludon|61/100
|-ability|p2b: Archaludon|Stamina|boost
|-boost|p2b: Archaludon|def|1
|
|-weather|RainDance|[upkeep]
|upkeep
|turn|10
|
|t:|1757030902
|move|p2b: Archaludon|Electro Shot||[still]
|-prepare|p2b: Archaludon|Electro Shot
|-boost|p2b: Archaludon|spa|1
|-anim|p2b: Archaludon|Electro Shot|p1b: Tyranitar
|-supereffective|p1b: Tyranitar
|-damage|p1b: Tyranitar|0 fnt
|faint|p1b: Tyranitar
|
|win|pantalonesHat
|raw|Llama_Llord's rating: 1188 → 1155(-33 for losing)
|raw|pantalonesHat's rating: 1067 → 1107(+40 for winning)
