|j|☆GetaJobApplication
|j|☆master 792
|html|GetaJobApplicationmaster 792    
|uhtml|bestof|Game 2 of a best-of-3
|t:|1784236457
|gametype|doubles
|player|p1|GetaJobApplication|cynthia|1210
|player|p2|master 792|red|1229
|gen|9
|tier|[Gen 9 Champions] VGC 2026 Reg M-B (Bo3)
|rated|
|rule|Species Clause: Limit one of each Pokémon
|rule|Item Clause: Limit 1 of each item
|clearpoke
|poke|p1|Incineroar, L50, M|
|poke|p1|Kingambit, L50, M|
|poke|p1|Sneasler, L50, M|
|poke|p1|Floette-Eternal, L50, F|
|poke|p1|Sinistcha, L50|
|poke|p1|Dragonite, L50, M|
|poke|p2|Blastoise, L50, F|
|poke|p2|Delphox, L50, F|
|poke|p2|Incineroar, L50, M|
|poke|p2|Sneasler, L50, F|
|poke|p2|Sinistcha, L50, shiny|
|poke|p2|Maushold-Four, L50|
|teampreview|4
|showteam|p1|Incineroar||SitrusBerry|Intimidate|FakeOut,FlareBlitz,DarkestLariat,PartingShot|Careful||M|||50|]Kingambit||ChopleBerry|Defiant|KowtowCleave,SuckerPunch,IronHead,Protect|Adamant||M|||50|]Sneasler||FocusSash|PoisonTouch|FakeOut,Protect,CloseCombat,PoisonJab|Jolly||M|||50|]Floette-Eternal||Floettite|FlowerVeil|CalmMind,Protect,DrainingKiss,DazzlingGleam|Bold||F|||50|]Sinistcha||Leftovers|Hospitality|TrickRoom,RagePowder,MatchaGotcha,Protect|Bold|||||50|]Dragonite||LifeOrb|InnerFocus|ExtremeSpeed,DragonClaw,Protect,LowKick|Adamant||M|||50|
|showteam|p2|Blastoise||Blastoisinite|RainDish|WaterSpout,DarkPulse,ShellSmash,Protect|Modest||F|||50|]Delphox||Delphoxite|Blaze|HeatWave,Psychic,NastyPlot,Protect|Timid||F|||50|]Incineroar||SitrusBerry|Intimidate|FakeOut,PartingShot,FlareBlitz,ThroatChop|Bold||M|||50|]Sneasler||FocusSash|PoisonTouch|FakeOut,DireClaw,CloseCombat,QuickGuard|Jolly||F|||50|]Sinistcha||OccaBerry|Hospitality|MatchaGotcha,LifeDew,RagePowder,Protect|Bold|||||50|]Maushold-Four||ChopleBerry|FriendGuard|FollowMe,SuperFang,Protect,Taunt|Bold|||||50|
|
|t:|1784236476
|teamsize|p1|4
|teamsize|p2|4
|start
|switch|p1a: Floette|Floette-Eternal, L50, F|100/100
|switch|p1b: Sneasler|Sneasler, L50, M|100/100
|switch|p2a: Sneasler|Sneasler, L50, F|100/100
|switch|p2b: Blastoise|Blastoise, L50, F|100/100
|turn|1
|
|t:|1784236485
|detailschange|p2b: Blastoise|Blastoise-Mega, L50, F
|-mega|p2b: Blastoise|Blastoise|Blastoisinite
|detailschange|p1a: Floette|Floette-Mega, L50, F
|-mega|p1a: Floette|Floette|Floettite
|-ability|p1a: Floette|Fairy Aura
|move|p1b: Sneasler|Fake Out|p2a: Sneasler
|-damage|p2a: Sneasler|75/100
|cant|p2a: Sneasler|flinch
|move|p2b: Blastoise|Shell Smash|p2b: Blastoise
|-unboost|p2b: Blastoise|def|1
|-unboost|p2b: Blastoise|spd|1
|-boost|p2b: Blastoise|atk|2
|-boost|p2b: Blastoise|spa|2
|-boost|p2b: Blastoise|spe|2
|move|p1a: Floette|Dazzling Gleam|p2b: Blastoise|[spread] p2a,p2b
|-damage|p2a: Sneasler|18/100
|-damage|p2b: Blastoise|32/100
|
|upkeep
|turn|2
|
|t:|1784236508
|move|p2b: Blastoise|Protect|p2b: Blastoise
|-singleturn|p2b: Blastoise|Protect
|move|p1b: Sneasler|Poison Jab|p2b: Blastoise
|-activate|p2b: Blastoise|move: Protect
|move|p2a: Sneasler|Dire Claw|p1b: Sneasler
|-resisted|p1b: Sneasler|1
|-damage|p1b: Sneasler|63/100
|move|p1a: Floette|Dazzling Gleam|p2a: Sneasler|[spread] p2a
|-activate|p2b: Blastoise|move: Protect
|-damage|p2a: Sneasler|0 fnt
|faint|p2a: Sneasler
|
|upkeep
|
|t:|1784236511
|switch|p2a: Sinistcha|Sinistcha, L50, shiny|100/100
|-heal|p2b: Blastoise|56/100|[from] ability: Hospitality|[of] p2a: Sinistcha
|turn|3
|
|t:|1784236518
|move|p2b: Blastoise|Water Spout|p1a: Floette|[spread] p1a,p1b
|-crit|p1b: Sneasler
|-damage|p1a: Floette|48/100
|-damage|p1b: Sneasler|0 fnt
|faint|p1b: Sneasler
|move|p1a: Floette|Dazzling Gleam|p2b: Blastoise|[spread] p2a,p2b
|-damage|p2a: Sinistcha|58/100
|-damage|p2b: Blastoise|0 fnt
|faint|p2b: Blastoise
|move|p2a: Sinistcha|Life Dew|p2a: Sinistcha
|-heal|p2a: Sinistcha|84/100
|
|upkeep
|
|t:|1784236525
|switch|p1b: Sinistcha|Sinistcha, L50|100/100
|switch|p2b: Incineroar|Incineroar, L50, M|100/100
|-ability|p2b: Incineroar|Intimidate|boost
|-unboost|p1a: Floette|atk|1
|-unboost|p1b: Sinistcha|atk|1
|-heal|p1a: Floette|72/100|[from] ability: Hospitality|[of] p1b: Sinistcha
|turn|4
|
|t:|1784236532
|move|p1b: Sinistcha|Rage Powder|p1b: Sinistcha
|-singleturn|p1b: Sinistcha|move: Rage Powder
|move|p1a: Floette|Calm Mind|p1a: Floette
|-boost|p1a: Floette|spa|1
|-boost|p1a: Floette|spd|1
|move|p2b: Incineroar|Flare Blitz|p1b: Sinistcha
|-supereffective|p1b: Sinistcha|1
|-damage|p1b: Sinistcha|34/100
|-damage|p2b: Incineroar|81/100|[from] Recoil
|move|p2a: Sinistcha|Matcha Gotcha|p1a: Floette|[spread] p1a,p1b
|-resisted|p1b: Sinistcha|1
|-damage|p1a: Floette|59/100
|-heal|p2a: Sinistcha|91/100|[from] drain|[of] p1a: Floette
|-damage|p1b: Sinistcha|23/100
|-heal|p2a: Sinistcha|97/100|[from] drain|[of] p1b: Sinistcha
|
|-heal|p1b: Sinistcha|29/100|[from] item: Leftovers
|upkeep
|turn|5
|
|t:|1784236540
|switch|p1b: Incineroar|Incineroar, L50, M|100/100
|-ability|p1b: Incineroar|Intimidate|boost
|-unboost|p2a: Sinistcha|atk|1
|-unboost|p2b: Incineroar|atk|1
|move|p1a: Floette|Draining Kiss|p2a: Sinistcha
|-damage|p2a: Sinistcha|44/100
|-heal|p1a: Floette|98/100|[from] drain|[of] p2a: Sinistcha
|move|p2b: Incineroar|Flare Blitz|p1a: Floette
|-damage|p1a: Floette|77/100
|-damage|p2b: Incineroar|75/100|[from] Recoil
|move|p2a: Sinistcha|Matcha Gotcha|p1a: Floette|[spread] p1a,p1b
|-resisted|p1b: Incineroar|1
|-damage|p1a: Floette|67/100
|-heal|p2a: Sinistcha|50/100g|[from] drain|[of] p1a: Floette
|-damage|p1b: Incineroar|90/100
|-heal|p2a: Sinistcha|56/100|[from] drain|[of] p1b: Incineroar
|
|upkeep
|turn|6
|
|t:|1784236549
|move|p1b: Incineroar|Fake Out|p2b: Incineroar
|-crit|p2b: Incineroar
|-damage|p2b: Incineroar|60/100
|move|p1a: Floette|Draining Kiss|p2a: Sinistcha
|-damage|p2a: Sinistcha|7/100
|-heal|p1a: Floette|100/100|[from] drain|[of] p2a: Sinistcha
|cant|p2b: Incineroar|flinch
|move|p2a: Sinistcha|Matcha Gotcha|p1b: Incineroar|[spread] p1a,p1b
|-resisted|p1b: Incineroar|1
|-damage|p1a: Floette|87/100
|-heal|p2a: Sinistcha|13/100|[from] drain|[of] p1a: Floette
|-damage|p1b: Incineroar|81/100
|-heal|p2a: Sinistcha|18/100|[from] drain|[of] p1b: Incineroar
|
|upkeep
|turn|7
|
|t:|1784236562
|move|p1a: Floette|Dazzling Gleam|p2b: Incineroar|[spread] p2a,p2b
|-damage|p2a: Sinistcha|0 fnt
|-damage|p2b: Incineroar|5/100
|-enditem|p2b: Incineroar|Sitrus Berry|[eat]
|-heal|p2b: Incineroar|30/100|[from] item: Sitrus Berry
|faint|p2a: Sinistcha
|move|p2b: Incineroar|Flare Blitz|p1a: Floette
|-damage|p1a: Floette|65/100
|-damage|p2b: Incineroar|23/100|[from] Recoil
|move|p1b: Incineroar|Parting Shot|p2b: Incineroar
|-unboost|p2b: Incineroar|atk|1
|-unboost|p2b: Incineroar|spa|1
|
|t:|1784236566
|switch|p1b: Sinistcha|Sinistcha, L50|29/100|[from] Parting Shot
|-heal|p1a: Floette|90/100|[from] ability: Hospitality|[of] p1b: Sinistcha
|
|-heal|p1b: Sinistcha|35/100|[from] item: Leftovers
|upkeep
|turn|8
|
|t:|1784236570
|move|p1a: Floette|Dazzling Gleam|p2b: Incineroar
|-damage|p2b: Incineroar|0 fnt
|faint|p2b: Incineroar
|
|win|GetaJobApplication
||master 792 is ready for game 3.
||GetaJobApplication is ready for game 3.
|uhtml|next|Next: Game 3 of 3
|l|☆GetaJobApplication
|player|p1|
