|j|‽Desertfreak
|j|☆eutherians
|html|Desertfreakeutherians    
|uhtml|bestof|Game 2 of a best-of-3
|t:|1756974593
|gametype|doubles
|player|p1|Desertfreak|266|1330
|player|p2|eutherians|170|1218
|gen|9
|tier|[Gen 9] VGC 2025 Reg H (Bo3)
|rated|
|rule|Species Clause: Limit one of each Pokémon
|rule|Item Clause: Limit 1 of each item
|clearpoke
|poke|p1|Gholdengo, L50|
|poke|p1|Kilowattrel, L50, F|
|poke|p1|Incineroar, L50, F|
|poke|p1|Amoonguss, L50, M|
|poke|p1|Porygon2, L50|
|poke|p1|Ursaluna, L50, M|
|poke|p2|Archaludon, L50, M|
|poke|p2|Pelipper, L50, M|
|poke|p2|Blastoise, L50, M|
|poke|p2|Dragonite, L50, M|
|poke|p2|Sneasler, L50, M|
|poke|p2|Indeedee-F, L50, F|
|teampreview|4
|showteam|p1|Gholdengo||LifeOrb|GoodasGold|MakeItRain,ShadowBall,Protect,NastyPlot||||||50|,,,,,Water]Kilowattrel||FocusSash|Competitive|AirSlash,Thunderbolt,Tailwind,Protect|||F|||50|,,,,,Ghost]Incineroar||SafetyGoggles|Intimidate|FakeOut,FlareBlitz,KnockOff,PartingShot|||F|||50|,,,,,Ghost]Amoonguss||SitrusBerry|Regenerator|PollenPuff,Spore,RagePowder,Protect|||M|||50|,,,,,Water]Porygon2||Eviolite|Download|TeraBlast,IceBeam,Recover,TrickRoom||||||50|,,,,,Fighting]Ursaluna||FlameOrb|Guts|Earthquake,Facade,HeadlongRush,Protect|||M|||50|,,,,,Ghost
|showteam|p2|Archaludon||AssaultVest|Stamina|BodyPress,ElectroShot,DragonPulse,FlashCannon|||M|||50|,,,,,Bug]Pelipper||ChoiceScarf|Drizzle|Hurricane,MuddyWater,Tailwind,HelpingHand|||M|||50|,,,,,Ghost]Blastoise||SplashPlate|Torrent|WaterSpout,WaterPledge,ShellSmash,Protect|||M|||50|,,,,,Water]Dragonite||LoadedDice|Multiscale|ScaleShot,StompingTantrum,Haze,Protect|||M|||50|,,,,,Steel]Sneasler||PsychicSeed|Unburden|DireClaw,CloseCombat,ThroatChop,Protect|||M|||50|,,,,,Dark]Indeedee-F||SafetyGoggles|PsychicSurge|Psychic,Protect,HelpingHand,FollowMe|||F|||50|,,,,,Fairy
|
|t:|1756974628
|teamsize|p1|4
|teamsize|p2|4
|start
|switch|p1a: Incineroar|Incineroar, L50, F, shiny|100/100
|switch|p1b: Kilowattrel|Kilowattrel, L50, F, shiny|100/100
|switch|p2a: Blastoise|Blastoise, L50, M|100/100
|switch|p2b: Indeedee|Indeedee-F, L50, F|100/100
|-ability|p1a: Incineroar|Intimidate|boost
|-unboost|p2a: Blastoise|atk|1
|-unboost|p2b: Indeedee|atk|1
|-fieldstart|move: Psychic Terrain|[from] ability: Psychic Surge|[of] p2b: Indeedee
|turn|1
|
|t:|1756974645
|-terastallize|p2b: Indeedee|Fairy
|move|p2b: Indeedee|Follow Me|p2b: Indeedee
|-singleturn|p2b: Indeedee|move: Follow Me
|move|p1b: Kilowattrel|Tailwind|p1b: Kilowattrel
|-sidestart|p1: Desertfreak|move: Tailwind
|move|p1a: Incineroar|Parting Shot|p2b: Indeedee
|-unboost|p2b: Indeedee|atk|1
|-unboost|p2b: Indeedee|spa|1
|
|t:|1756974652
|switch|p1a: Ursaluna|Ursaluna, L50, M, shiny|100/100|[from] Parting Shot
|move|p2a: Blastoise|Water Spout|p1a: Ursaluna|[spread] p1a,p1b
|-supereffective|p1a: Ursaluna
|-damage|p1a: Ursaluna|0 fnt
|-enditem|p1b: Kilowattrel|Focus Sash
|-damage|p1b: Kilowattrel|1/100
|faint|p1a: Ursaluna
|
|upkeep
|
|t:|1756974657
|switch|p1a: Gholdengo|Gholdengo, L50|100/100
|turn|2
|
|t:|1756974681
|-terastallize|p1a: Gholdengo|Water
|move|p1b: Kilowattrel|Protect|p1b: Kilowattrel
|-singleturn|p1b: Kilowattrel|Protect
|move|p2b: Indeedee|Follow Me|p2b: Indeedee
|-singleturn|p2b: Indeedee|move: Follow Me
|move|p1a: Gholdengo|Make It Rain|p2b: Indeedee|[spread] p2a,p2b
|-resisted|p2a: Blastoise
|-supereffective|p2b: Indeedee
|-damage|p2a: Blastoise|70/100
|-damage|p2b: Indeedee|0 fnt
|-unboost|p1a: Gholdengo|spa|1
|faint|p2b: Indeedee
|-damage|p1a: Gholdengo|91/100|[from] item: Life Orb
|move|p2a: Blastoise|Water Spout|p1b: Kilowattrel|[spread] p1a
|-activate|p1b: Kilowattrel|move: Protect
|-resisted|p1a: Gholdengo
|-damage|p1a: Gholdengo|70/100
|
|upkeep
|
|t:|1756974694
|switch|p2b: Dragonite|Dragonite, L50, M|100/100
|turn|3
|
|t:|1756974710
|switch|p1b: Incineroar|Incineroar, L50, F, shiny|100/100
|-ability|p1b: Incineroar|Intimidate|boost
|-unboost|p2a: Blastoise|atk|1
|-unboost|p2b: Dragonite|atk|1
|move|p1a: Gholdengo|Nasty Plot|p1a: Gholdengo
|-boost|p1a: Gholdengo|spa|2
|move|p2b: Dragonite|Scale Shot|p1a: Gholdengo
|-damage|p1a: Gholdengo|60/100
|-damage|p1a: Gholdengo|49/100
|-damage|p1a: Gholdengo|38/100
|-damage|p1a: Gholdengo|28/100
|-damage|p1a: Gholdengo|17/100
|-hitcount|p1a: Gholdengo|5
|-unboost|p2b: Dragonite|def|1
|-boost|p2b: Dragonite|spe|1
|move|p2a: Blastoise|Water Pledge|p1b: Incineroar
|-supereffective|p1b: Incineroar
|-damage|p1b: Incineroar|18/100
|
|upkeep
|turn|4
|
|t:|1756974752
|switch|p1b: Kilowattrel|Kilowattrel, L50, F, shiny|1/100
|move|p2b: Dragonite|Protect|p2b: Dragonite
|-singleturn|p2b: Dragonite|Protect
|move|p1a: Gholdengo|Shadow Ball|p2b: Dragonite
|-activate|p2b: Dragonite|move: Protect
|move|p2a: Blastoise|Water Pledge|p1a: Gholdengo
|-resisted|p1a: Gholdengo
|-damage|p1a: Gholdengo|0 fnt
|faint|p1a: Gholdengo
|
|-sideend|p1: Desertfreak|move: Tailwind
|upkeep
|
|t:|1756974756
|switch|p1a: Incineroar|Incineroar, L50, F, shiny|18/100
|-ability|p1a: Incineroar|Intimidate|boost
|-unboost|p2a: Blastoise|atk|1
|-unboost|p2b: Dragonite|atk|1
|turn|5
|-message|Desertfreak forfeited.
|
|win|eutherians
|raw|Desertfreak's rating: 1330 → 1304(-26 for losing)
|raw|eutherians's rating: 1218 → 1251(+33 for winning)
|l|‽Desertfreak
|player|p1|
|l|☆eutherians
|player|p2|
|j|☆eutherians
|player|p2|eutherians|170|
