|j|☆kingbananahammock
|j|☆negaifreak
|html|kingbananahammocknegaifreak    
|uhtml|bestof|Game 1 of a best-of-3
|t:|1756252498
|gametype|doubles
|player|p1|kingbananahammock|169|1130
|player|p2|negaifreak|nate|1147
|gen|9
|tier|[Gen 9] VGC 2025 Reg H (Bo3)
|rated|
|rule|Species Clause: Limit one of each Pokémon
|rule|Item Clause: Limit 1 of each item
|clearpoke
|poke|p1|Misdreavus, L50, F|
|poke|p1|Ursaluna, L50, F|
|poke|p1|Mandibuzz, L50, F|
|poke|p1|Incineroar, L50, M|
|poke|p1|Abomasnow, L50, M|
|poke|p1|Gholdengo, L50|
|poke|p2|Ceruledge, L50, F|
|poke|p2|Sneasler, L50, F|
|poke|p2|Rillaboom, L50, M|
|poke|p2|Salamence, L50, M|
|poke|p2|Milotic, L50, F|
|poke|p2|Ninetales-Alola, L50, M|
|teampreview|4
|showteam|p1|Misdreavus||Eviolite|Levitate|NightShade,WillOWisp,TrickRoom,PainSplit|||F|||50|,,,,,Steel]Ursaluna||FlameOrb|Guts|Facade,Earthquake,SwordsDance,Protect|||F|||50|,,,,,Ghost]Mandibuzz||RockyHelmet|Overcoat|FoulPlay,Taunt,Tailwind,Snarl|||F|||50|,,,,,Fire]Incineroar||MirrorHerb|Intimidate|FakeOut,FlareBlitz,KnockOff,PartingShot|||M|||50|,,,,,Grass]Abomasnow||AssaultVest|SnowWarning|Blizzard,LeafStorm,EarthPower,IceShard|||M|||50|,,,,,Water]Gholdengo||SitrusBerry|GoodasGold|MakeItRain,NastyPlot,Protect,ShadowBall||||||50|,,,,,Water
|showteam|p2|Ceruledge||ClearAmulet|FlashFire|BitterBlade,ShadowSneak,BulkUp,Protect|||F|||50|,,,,,Grass]Sneasler||GrassySeed|Unburden|DireClaw,CloseCombat,Coaching,Protect|||F|||50|,,,,,Stellar]Rillaboom||AssaultVest|GrassySurge|FakeOut,GrassyGlide,WoodHammer,HighHorsepower|||M|||50|,,,,,Fire]Salamence||LifeOrb|Intimidate|AirSlash,DracoMeteor,Tailwind,Protect|||M|||50|,,,,,Steel]Milotic||Leftovers|Competitive|Scald,IceBeam,Haze,Protect|||F|||50|,,,,,Dragon]Ninetales-Alola||FocusSash|SnowWarning|FreezeDry,Moonblast,AuroraVeil,Protect|||M|||50|,,,,,Ice
|c|☆negaifreak|GLHF
|
|t:|1756252552
|teamsize|p1|4
|teamsize|p2|4
|start
|switch|p1a: Mandibuzz|Mandibuzz, L50, F|100/100
|switch|p1b: Ursaluna|Ursaluna, L50, F|100/100
|switch|p2a: Sneasler|Sneasler, L50, F|100/100
|switch|p2b: Rillaboom|Rillaboom, L50, M|100/100
|-fieldstart|move: Grassy Terrain|[from] ability: Grassy Surge|[of] p2b: Rillaboom
|-enditem|p2a: Sneasler|Grassy Seed
|-boost|p2a: Sneasler|def|1|[from] item: Grassy Seed
|turn|1
|inactive|Battle timer is ON: inactive players will automatically lose when time's up. (requested by kingbananahammock)
|c|☆kingbananahammock|u2
|inactive|negaifreak has 60 seconds left.
|
|t:|1756252586
|-terastallize|p1b: Ursaluna|Ghost
|move|p2b: Rillaboom|Fake Out|p1a: Mandibuzz
|-damage|p1a: Mandibuzz|91/100
|-damage|p2b: Rillaboom|84/100|[from] item: Rocky Helmet|[of] p1a: Mandibuzz
|move|p2a: Sneasler|Coaching|p2b: Rillaboom
|-boost|p2b: Rillaboom|atk|1
|-boost|p2b: Rillaboom|def|1
|cant|p1a: Mandibuzz|flinch
|move|p1b: Ursaluna|Facade|p2a: Sneasler
|-damage|p2a: Sneasler|58/100
|
|-heal|p2a: Sneasler|64/100|[from] Grassy Terrain
|-heal|p2b: Rillaboom|90/100|[from] Grassy Terrain
|-status|p1b: Ursaluna|brn|[from] item: Flame Orb
|upkeep
|turn|2
|inactive|negaifreak has 30 seconds left.
|inactive|negaifreak has 20 seconds left.
|
|t:|1756252624
|switch|p1b: Gholdengo|Gholdengo, L50|100/100
|move|p2a: Sneasler|Protect|p2a: Sneasler
|-singleturn|p2a: Sneasler|Protect
|move|p2b: Rillaboom|Wood Hammer|p1b: Gholdengo
|-resisted|p1b: Gholdengo
|-damage|p1b: Gholdengo|40/100
|-enditem|p1b: Gholdengo|Sitrus Berry|[eat]
|-heal|p1b: Gholdengo|65/100|[from] item: Sitrus Berry
|-damage|p2b: Rillaboom|68/100|[from] Recoil
|move|p1a: Mandibuzz|Tailwind|p1a: Mandibuzz
|-sidestart|p1: kingbananahammock|move: Tailwind
|
|-heal|p2a: Sneasler|70/100|[from] Grassy Terrain
|-heal|p1b: Gholdengo|71/100|[from] Grassy Terrain
|-heal|p2b: Rillaboom|75/100|[from] Grassy Terrain
|upkeep
|turn|3
|
|t:|1756252644
|move|p2a: Sneasler|Dire Claw|p1a: Mandibuzz
|-crit|p1a: Mandibuzz
|-damage|p1a: Mandibuzz|49/100
|-status|p1a: Mandibuzz|par
|-damage|p2a: Sneasler|53/100|[from] item: Rocky Helmet|[of] p1a: Mandibuzz
|move|p1b: Gholdengo|Make It Rain|p2b: Rillaboom|[spread] p2a,p2b
|-damage|p2a: Sneasler|0 fnt
|-damage|p2b: Rillaboom|42/100
|-unboost|p1b: Gholdengo|spa|1
|faint|p2a: Sneasler
|move|p2b: Rillaboom|Wood Hammer|p1a: Mandibuzz
|-resisted|p1a: Mandibuzz
|-damage|p1a: Mandibuzz|8/100 par
|-damage|p2b: Rillaboom|26/100|[from] item: Rocky Helmet|[of] p1a: Mandibuzz
|-damage|p2b: Rillaboom|10/100|[from] Recoil
|move|p1a: Mandibuzz|Foul Play|p2b: Rillaboom
|-damage|p2b: Rillaboom|0 fnt
|faint|p2b: Rillaboom
|
|-heal|p1b: Gholdengo|77/100|[from] Grassy Terrain
|upkeep
|
|t:|1756252665
|switch|p2a: Ceruledge|Ceruledge, L50, F, shiny|100/100
|switch|p2b: Milotic|Milotic, L50, F|100/100
|turn|4
|inactive|negaifreak has 30 seconds left.
|
|t:|1756252696
|switch|p1b: Misdreavus|Misdreavus, L50, F|100/100
|-terastallize|p2a: Ceruledge|Grass
|move|p2b: Milotic|Scald|p1b: Misdreavus
|-damage|p1b: Misdreavus|75/100
|move|p2a: Ceruledge|Bitter Blade|p1b: Misdreavus
|-damage|p1b: Misdreavus|43/100
|move|p1a: Mandibuzz|Foul Play|p2a: Ceruledge
|-damage|p2a: Ceruledge|44/100
|
|-heal|p2a: Ceruledge|50/100|[from] Grassy Terrain
|upkeep
|turn|5
|inactive|kingbananahammock has 30 seconds left.
|inactive|negaifreak has 30 seconds left.
|inactive|negaifreak has 20 seconds left.
|inactive|negaifreak has 15 seconds left.
|inactive|negaifreak has 10 seconds left.
|
|t:|1756252742
|move|p2b: Milotic|Scald|p1b: Misdreavus
|-damage|p1b: Misdreavus|15/100
|-status|p1b: Misdreavus|brn
|move|p2a: Ceruledge|Bitter Blade|p1b: Misdreavus
|-damage|p1b: Misdreavus|0 fnt
|-heal|p2a: Ceruledge|57/100|[from] drain|[of] p1b: Misdreavus
|faint|p1b: Misdreavus
|cant|p1a: Mandibuzz|par
|
|-heal|p2a: Ceruledge|64/100|[from] Grassy Terrain
|-sideend|p1: kingbananahammock|move: Tailwind
|-fieldend|move: Grassy Terrain
|upkeep
|
|t:|1756252754
|switch|p1b: Ursaluna|Ursaluna, L50, F, tera:Ghost|100/100 brn
|turn|6
|
|t:|1756252767
|move|p2a: Ceruledge|Protect|p2a: Ceruledge
|-singleturn|p2a: Ceruledge|Protect
|move|p2b: Milotic|Ice Beam|p1a: Mandibuzz
|-supereffective|p1a: Mandibuzz
|-damage|p1a: Mandibuzz|0 fnt
|faint|p1a: Mandibuzz
|move|p1b: Ursaluna|Facade|p2a: Ceruledge
|-activate|p2a: Ceruledge|move: Protect
|
|-damage|p1b: Ursaluna|94/100 brn|[from] brn
|upkeep
|
|t:|1756252772
|switch|p1a: Gholdengo|Gholdengo, L50|77/100
|turn|7
|
|t:|1756252788
|move|p1a: Gholdengo|Nasty Plot|p1a: Gholdengo
|-boost|p1a: Gholdengo|spa|2
|move|p2b: Milotic|Scald|p1b: Ursaluna
|-damage|p1b: Ursaluna|61/100 brn
|move|p2a: Ceruledge|Bitter Blade|p1a: Gholdengo
|-supereffective|p1a: Gholdengo
|-damage|p1a: Gholdengo|0 fnt
|-heal|p2a: Ceruledge|100/100|[from] drain|[of] p1a: Gholdengo
|faint|p1a: Gholdengo
|move|p1b: Ursaluna|Facade|p2a: Ceruledge
|-damage|p2a: Ceruledge|0 fnt
|faint|p2a: Ceruledge
|
|-damage|p1b: Ursaluna|55/100 brn|[from] brn
|upkeep
|turn|8
|
|t:|1756252812
|move|p2b: Milotic|Protect|p2b: Milotic
|-singleturn|p2b: Milotic|Protect
|move|p1b: Ursaluna|Swords Dance|p1b: Ursaluna
|-boost|p1b: Ursaluna|atk|2
|
|-damage|p1b: Ursaluna|49/100 brn|[from] brn
|upkeep
|turn|9
|
|t:|1756252822
|move|p2b: Milotic|Scald|p1b: Ursaluna
|-damage|p1b: Ursaluna|18/100 brn
|move|p1b: Ursaluna|Facade|p2b: Milotic
|-damage|p2b: Milotic|0 fnt
|faint|p2b: Milotic
|
|win|kingbananahammock
|c|☆negaifreak|GG
