|j|☆cocacolaindahhouse
|j|☆vonhemmoltz
|html|cocacolaindahhousevonhemmoltz    
|uhtml|bestof|Game 3 of a best-of-3
|t:|1755469471
|gametype|doubles
|player|p1|cocacolaindahhouse|265|1326
|player|p2|vonhemmoltz|169|1228
|gen|9
|tier|[Gen 9] VGC 2025 Reg H (Bo3)
|rated|
|rule|Species Clause: Limit one of each Pokémon
|rule|Item Clause: Limit 1 of each item
|clearpoke
|poke|p1|Rillaboom, L50, M|
|poke|p1|Magmar, L50, F|
|poke|p1|Kingambit, L50, M|
|poke|p1|Ninetales-Alola, L50, F|
|poke|p1|Basculegion, L50, M|
|poke|p1|Sneasler, L50, M|
|poke|p2|Volcarona, L50, F|
|poke|p2|Tauros-Paldea-Aqua, L50, M|
|poke|p2|Rillaboom, L50, F|
|poke|p2|Electabuzz, L50, M|
|poke|p2|Ursaluna-Bloodmoon, L50, M|
|poke|p2|Dragonite, L50, F|
|teampreview|4
|showteam|p1|Rillaboom||AssaultVest|GrassySurge|WoodHammer,GrassyGlide,Uturn,FakeOut|||M|||50|,,,,,Water]Magmar||Eviolite|VitalSpirit|Taunt,HeatWave,FollowMe,Protect|||F|||50|,,,,,Ghost]Kingambit||SafetyGoggles|Defiant|KowtowCleave,SuckerPunch,SwordsDance,Protect|||M|||50|,,,,,Fire]Ninetales-Alola||LifeOrb|SnowWarning|Blizzard,FreezeDry,Encore,Protect|||F|||50|,,,,,Ghost]Basculegion||ChoiceScarf|Adaptability|WaveCrash,LastRespects,FlipTurn,TeraBlast|||M|||50|,,,,,Fighting]Sneasler||FocusSash|Unburden|CloseCombat,DireClaw,FakeOut,Protect|||M|||50|,,,,,Ghost
|showteam|p2|Volcarona||GrassySeed|FlameBody|FieryDance,GigaDrain,QuiverDance,Protect|||F|||50|,,,,,Water]Tauros-Paldea-Aqua||MirrorHerb|Intimidate|WaveCrash,CloseCombat,AquaJet,Protect|||M|||50|,,,,,Water]Rillaboom||AssaultVest|GrassySurge|FakeOut,WoodHammer,GrassyGlide,Uturn|||F|||50|,,,,,Fire]Electabuzz||Eviolite|VitalSpirit|FollowMe,Taunt,Electroweb,Protect|||M|||50|,,,,,Ghost]Ursaluna-Bloodmoon||LifeOrb|MindsEye|HyperVoice,BloodMoon,EarthPower,Protect|||M|||50|,,,,,Normal]Dragonite||LoadedDice|Multiscale|ScaleShot,Haze,Tailwind,Protect|||F|||50|,,,,,Fairy
|
|t:|1755469494
|teamsize|p1|4
|teamsize|p2|4
|start
|switch|p1a: Ninetales|Ninetales-Alola, L50, F|100/100
|switch|p1b: Basculegion|Basculegion, L50, M|100/100
|switch|p2a: Volcarona|Volcarona, L50, F|100/100
|switch|p2b: Electabuzz|Electabuzz, L50, M|100/100
|-weather|Snowscape|[from] ability: Snow Warning|[of] p1a: Ninetales
|turn|1
|
|t:|1755469529
|switch|p2b: Tauros|Tauros-Paldea-Aqua, L50, M|100/100
|-ability|p2b: Tauros|Intimidate|boost
|-unboost|p1a: Ninetales|atk|1
|-unboost|p1b: Basculegion|atk|1
|-terastallize|p2a: Volcarona|Water
|move|p1b: Basculegion|Wave Crash|p2b: Tauros
|-resisted|p2b: Tauros
|-damage|p2b: Tauros|67/100
|-damage|p1b: Basculegion|92/100|[from] Recoil
|move|p1a: Ninetales|Blizzard|p2a: Volcarona|[spread] p2a,p2b
|-resisted|p2a: Volcarona
|-resisted|p2b: Tauros
|-damage|p2a: Volcarona|85/100
|-damage|p2b: Tauros|37/100
|-damage|p1a: Ninetales|91/100|[from] item: Life Orb
|move|p2a: Volcarona|Quiver Dance|p2a: Volcarona
|-boost|p2a: Volcarona|spa|1
|-boost|p2a: Volcarona|spd|1
|-boost|p2a: Volcarona|spe|1
|
|-weather|Snowscape|[upkeep]
|upkeep
|turn|2
|
|t:|1755469575
|switch|p1b: Magmar|Magmar, L50, F, shiny|100/100
|switch|p2b: Rillaboom|Rillaboom, L50, F|100/100
|-fieldstart|move: Grassy Terrain|[from] ability: Grassy Surge|[of] p2b: Rillaboom
|-enditem|p2a: Volcarona|Grassy Seed
|-boost|p2a: Volcarona|def|1|[from] item: Grassy Seed
|-terastallize|p1a: Ninetales|Ghost
|move|p2a: Volcarona|Giga Drain|p1b: Magmar
|-resisted|p1b: Magmar
|-damage|p1b: Magmar|82/100
|-heal|p2a: Volcarona|93/100|[from] drain|[of] p1b: Magmar
|move|p1a: Ninetales|Freeze-Dry|p2b: Rillaboom
|-supereffective|p2b: Rillaboom
|-damage|p2b: Rillaboom|54/100
|-damage|p1a: Ninetales|82/100|[from] item: Life Orb
|
|-weather|Snowscape|[upkeep]
|-heal|p2a: Volcarona|99/100|[from] Grassy Terrain
|-heal|p1a: Ninetales|88/100|[from] Grassy Terrain
|-heal|p1b: Magmar|88/100|[from] Grassy Terrain
|-heal|p2b: Rillaboom|60/100|[from] Grassy Terrain
|upkeep
|turn|3
|
|t:|1755469632
|move|p2b: Rillaboom|Fake Out|p1b: Magmar
|-damage|p1b: Magmar|77/100
|move|p2a: Volcarona|Fiery Dance|p1a: Ninetales
|-damage|p1a: Ninetales|15/100
|-boost|p2a: Volcarona|spa|1
|move|p1a: Ninetales|Freeze-Dry|p2a: Volcarona
|-supereffective|p2a: Volcarona
|-damage|p2a: Volcarona|61/100
|-damage|p1a: Ninetales|5/100|[from] item: Life Orb
|cant|p1b: Magmar|flinch
|
|-weather|Snowscape|[upkeep]
|-heal|p2a: Volcarona|68/100|[from] Grassy Terrain
|-heal|p1a: Ninetales|11/100|[from] Grassy Terrain
|-heal|p1b: Magmar|83/100|[from] Grassy Terrain
|-heal|p2b: Rillaboom|66/100|[from] Grassy Terrain
|upkeep
|turn|4
|
|t:|1755469674
|move|p1b: Magmar|Follow Me|p1b: Magmar
|-singleturn|p1b: Magmar|move: Follow Me
|move|p2b: Rillaboom|Grassy Glide|p1b: Magmar
|-resisted|p1b: Magmar
|-damage|p1b: Magmar|67/100
|move|p2a: Volcarona|Quiver Dance|p2a: Volcarona
|-boost|p2a: Volcarona|spa|1
|-boost|p2a: Volcarona|spd|1
|-boost|p2a: Volcarona|spe|1
|move|p1a: Ninetales|Freeze-Dry|p2a: Volcarona
|-supereffective|p2a: Volcarona
|-damage|p2a: Volcarona|35/100
|-damage|p1a: Ninetales|2/100|[from] item: Life Orb
|
|-weather|Snowscape|[upkeep]
|-heal|p2a: Volcarona|42/100|[from] Grassy Terrain
|-heal|p1a: Ninetales|8/100|[from] Grassy Terrain
|-heal|p1b: Magmar|73/100|[from] Grassy Terrain
|-heal|p2b: Rillaboom|72/100|[from] Grassy Terrain
|upkeep
|turn|5
|
|t:|1755469709
|move|p2a: Volcarona|Protect|p2a: Volcarona
|-singleturn|p2a: Volcarona|Protect
|move|p1b: Magmar|Follow Me|p1b: Magmar
|-singleturn|p1b: Magmar|move: Follow Me
|move|p1a: Ninetales|Blizzard|p2b: Rillaboom|[spread] p2b
|-activate|p2a: Volcarona|move: Protect
|-supereffective|p2b: Rillaboom
|-damage|p2b: Rillaboom|14/100
|-damage|p1a: Ninetales|0 fnt|[from] item: Life Orb
|faint|p1a: Ninetales
|move|p2b: Rillaboom|U-turn|p1b: Magmar
|-resisted|p1b: Magmar
|-damage|p1b: Magmar|64/100
|
|t:|1755469723
|switch|p2b: Electabuzz|Electabuzz, L50, M|100/100|[from] U-turn
|
|-weather|none
|-heal|p2a: Volcarona|48/100|[from] Grassy Terrain
|-heal|p1b: Magmar|70/100|[from] Grassy Terrain
|upkeep
|
|t:|1755469738
|switch|p1a: Sneasler|Sneasler, L50, M|100/100
|turn|6
|
|t:|1755469766
|switch|p2b: Tauros|Tauros-Paldea-Aqua, L50, M|37/100
|-ability|p2b: Tauros|Intimidate|boost
|-unboost|p1a: Sneasler|atk|1
|-unboost|p1b: Magmar|atk|1
|move|p2a: Volcarona|Fiery Dance|p1a: Sneasler
|-enditem|p1a: Sneasler|Focus Sash
|-damage|p1a: Sneasler|1/100
|-boost|p2a: Volcarona|spa|1
|move|p1a: Sneasler|Close Combat|p2a: Volcarona
|-damage|p2a: Volcarona|16/100
|-unboost|p1a: Sneasler|def|1
|-unboost|p1a: Sneasler|spd|1
|move|p1b: Magmar|Taunt|p2b: Tauros
|-start|p2b: Tauros|move: Taunt
|
|-heal|p1a: Sneasler|7/100|[from] Grassy Terrain
|-heal|p2a: Volcarona|22/100|[from] Grassy Terrain
|-heal|p2b: Tauros|43/100|[from] Grassy Terrain
|-heal|p1b: Magmar|76/100|[from] Grassy Terrain
|-fieldend|move: Grassy Terrain
|upkeep
|turn|7
|
|t:|1755469802
|switch|p2b: Rillaboom|Rillaboom, L50, F|14/100
|-fieldstart|move: Grassy Terrain|[from] ability: Grassy Surge|[of] p2b: Rillaboom
|move|p2a: Volcarona|Protect|p2a: Volcarona
|-singleturn|p2a: Volcarona|Protect
|move|p1b: Magmar|Follow Me|p1b: Magmar
|-singleturn|p1b: Magmar|move: Follow Me
|move|p1a: Sneasler|Close Combat|p2b: Rillaboom
|-damage|p2b: Rillaboom|0 fnt
|-unboost|p1a: Sneasler|def|1
|-unboost|p1a: Sneasler|spd|1
|faint|p2b: Rillaboom
|
|-heal|p1a: Sneasler|13/100|[from] Grassy Terrain
|-heal|p2a: Volcarona|29/100|[from] Grassy Terrain
|-heal|p1b: Magmar|82/100|[from] Grassy Terrain
|upkeep
|
|t:|1755469815
|switch|p2b: Electabuzz|Electabuzz, L50, M|100/100
|turn|8
|
|t:|1755469825
|move|p1a: Sneasler|Protect|p1a: Sneasler
|-singleturn|p1a: Sneasler|Protect
|move|p2b: Electabuzz|Follow Me|p2b: Electabuzz
|-singleturn|p2b: Electabuzz|move: Follow Me
|move|p2a: Volcarona|Fiery Dance|p1b: Magmar
|-resisted|p1b: Magmar
|-damage|p1b: Magmar|32/100
|move|p1b: Magmar|Taunt|p2b: Electabuzz
|-start|p2b: Electabuzz|move: Taunt
|
|-heal|p1a: Sneasler|19/100|[from] Grassy Terrain
|-heal|p2a: Volcarona|35/100|[from] Grassy Terrain
|-heal|p1b: Magmar|38/100|[from] Grassy Terrain
|upkeep
|turn|9
|
|t:|1755469868
|move|p2a: Volcarona|Protect|p2a: Volcarona
|-singleturn|p2a: Volcarona|Protect
|move|p1b: Magmar|Follow Me|p1b: Magmar
|-singleturn|p1b: Magmar|move: Follow Me
|move|p1a: Sneasler|Dire Claw|p2a: Volcarona
|-activate|p2a: Volcarona|move: Protect
|move|p2b: Electabuzz|Electroweb|p1a: Sneasler|[spread] p1a,p1b
|-damage|p1a: Sneasler|0 fnt
|-damage|p1b: Magmar|27/100
|-unboost|p1b: Magmar|spe|1
|faint|p1a: Sneasler
|
|-heal|p2a: Volcarona|41/100|[from] Grassy Terrain
|-heal|p1b: Magmar|32/100|[from] Grassy Terrain
|upkeep
|
|t:|1755469882
|switch|p1a: Basculegion|Basculegion, L50, M|92/100
|turn|10
|
|t:|1755469891
|move|p1b: Magmar|Follow Me|p1b: Magmar
|-singleturn|p1b: Magmar|move: Follow Me
|move|p2a: Volcarona|Fiery Dance|p1b: Magmar
|-resisted|p1b: Magmar
|-damage|p1b: Magmar|0 fnt
|-boost|p2a: Volcarona|spa|1
|faint|p1b: Magmar
|move|p1a: Basculegion|Last Respects|p2a: Volcarona
|-damage|p2a: Volcarona|0 fnt
|faint|p2a: Volcarona
|move|p2b: Electabuzz|Electroweb|p1a: Basculegion
|-supereffective|p1a: Basculegion
|-damage|p1a: Basculegion|46/100
|-unboost|p1a: Basculegion|spe|1
|
|-heal|p1a: Basculegion|52/100|[from] Grassy Terrain
|upkeep
|
|t:|1755469905
|switch|p2a: Tauros|Tauros-Paldea-Aqua, L50, M|43/100
|-ability|p2a: Tauros|Intimidate|boost
|-unboost|p1a: Basculegion|atk|1
|turn|11
|
|t:|1755469919
|move|p2b: Electabuzz|Electroweb|p1a: Basculegion
|-supereffective|p1a: Basculegion
|-damage|p1a: Basculegion|8/100
|-unboost|p1a: Basculegion|spe|1
|move|p2a: Tauros|Wave Crash|p1a: Basculegion
|-resisted|p1a: Basculegion
|-damage|p1a: Basculegion|0 fnt
|faint|p1a: Basculegion
|-damage|p2a: Tauros|40/100|[from] Recoil
|
|win|vonhemmoltz
|raw|cocacolaindahhouse's rating: 1326 → 1301(-25 for losing)
|raw|vonhemmoltz's rating: 1228 → 1260(+32 for winning)
|l|☆vonhemmoltz
|player|p2|
