|j|☆KodeBeast0526
|j|☆jwithers93
|html|KodeBeast0526jwithers93    
|uhtml|bestof|Game 2 of a best-of-3
|t:|1784764313
|gametype|doubles
|player|p1|KodeBeast0526|hiker|1097
|player|p2|jwithers93|marshal|1239
|gen|9
|tier|[Gen 9 Champions] VGC 2026 Reg M-B (Bo3)
|rated|
|rule|Species Clause: Limit one of each Pokémon
|rule|Item Clause: Limit 1 of each item
|clearpoke
|poke|p1|Aerodactyl, L50, M|
|poke|p1|Kingambit, L50, M|
|poke|p1|Sylveon, L50, M|
|poke|p1|Garchomp, L50, M|
|poke|p1|Charizard, L50, M|
|poke|p1|Farigiraf, L50, M, shiny|
|poke|p2|Scovillain, L50, M|
|poke|p2|Rotom-Wash, L50|
|poke|p2|Whimsicott, L50, F|
|poke|p2|Floette-Eternal, L50, F|
|poke|p2|Garchomp, L50, M|
|poke|p2|Kingambit, L50, M|
|teampreview|4
|showteam|p1|Aerodactyl||Aerodactylite|Unnerve|RockSlide,IceFang,Tailwind,WideGuard|Jolly||M|||50|]Kingambit||FocusSash|Defiant|KowtowCleave,SuckerPunch,IronHead,LowKick|Adamant||M|||50|]Sylveon||FairyFeather|Pixilate|Detect,HyperVoice,HyperBeam,QuickAttack|Modest||M|||50|]Garchomp||LifeOrb|RoughSkin|Earthquake,DragonClaw,StompingTantrum,Protect|Jolly||M|||50|]Charizard||CharizarditeY|Blaze|Protect,HeatWave,SolarBeam,WeatherBall|Modest||M|||50|]Farigiraf||SitrusBerry|ArmorTail|Thunderbolt,PsychicNoise,TrickRoom,HelpingHand|Bold||M|||50|
|showteam|p2|Scovillain||Scovillainite|Chlorophyll|Overheat,LeafStorm,RagePowder,Protect|Bold||M|||50|]Rotom-Wash||ChoiceScarf|Levitate|Electroweb,VoltSwitch,Thunderbolt,HydroPump|Timid|||||50|]Whimsicott||FocusSash|Prankster|Tailwind,Encore,Protect,Moonblast|Timid||F|||50|]Floette-Eternal||Floettite|FlowerVeil|DazzlingGleam,Moonblast,LightofRuin,Protect|Modest||F|||50|]Garchomp||LifeOrb|RoughSkin|Earthquake,RockSlide,DragonClaw,Protect|Jolly||M|||50|]Kingambit||ChopleBerry|Defiant|SuckerPunch,KowtowCleave,IronHead,Protect|Adamant||M|||50|
|
|t:|1784764346
|teamsize|p1|4
|teamsize|p2|4
|start
|switch|p1a: Sylveon|Sylveon, L50, M|100/100
|switch|p1b: Farigiraf|Farigiraf, L50, M, shiny|100/100
|switch|p2a: Scovillain|Scovillain, L50, M|100/100
|switch|p2b: Rotom|Rotom-Wash, L50|100/100
|turn|1
|inactive|Battle timer is ON: inactive players will automatically lose when time's up. (requested by jwithers93)
|inactive|jwithers93 has 60 seconds left.
|
|t:|1784764392
|detailschange|p2a: Scovillain|Scovillain-Mega, L50, M
|-mega|p2a: Scovillain|Scovillain|Scovillainite
|move|p1a: Sylveon|Detect|p1a: Sylveon
|-singleturn|p1a: Sylveon|Protect
|move|p2b: Rotom|Volt Switch|p1b: Farigiraf
|-damage|p1b: Farigiraf|68/100
|
|t:|1784764400
|switch|p2b: Kingambit|Kingambit, L50, M|100/100|[from] Volt Switch
|move|p2a: Scovillain|Leaf Storm|p1b: Farigiraf
|-damage|p1b: Farigiraf|12/100
|-unboost|p2a: Scovillain|spa|2
|-enditem|p1b: Farigiraf|Sitrus Berry|[eat]
|-heal|p1b: Farigiraf|37/100|[from] item: Sitrus Berry
|move|p1b: Farigiraf|Trick Room|p1b: Farigiraf
|-fieldstart|move: Trick Room|[of] p1b: Farigiraf
|
|upkeep
|turn|2
|inactive|KodeBeast0526 has 30 seconds left.
|inactive|jwithers93 has 30 seconds left.
|
|t:|1784764433
|move|p1b: Farigiraf|Helping Hand|p1a: Sylveon
|-singleturn|p1a: Sylveon|Helping Hand|[of] p1b: Farigiraf
|move|p2a: Scovillain|Protect|p2a: Scovillain
|-singleturn|p2a: Scovillain|Protect
|move|p2b: Kingambit|Iron Head|p1a: Sylveon
|-supereffective|p1a: Sylveon|1
|-damage|p1a: Sylveon|0 fnt
|faint|p1a: Sylveon
|
|upkeep
|
|t:|1784764442
|switch|p1a: Charizard|Charizard, L50, M|100/100
|turn|3
|
|t:|1784764459
|switch|p2a: Rotom|Rotom-Wash, L50|100/100
|detailschange|p1a: Charizard|Charizard-Mega-Y, L50, M
|-mega|p1a: Charizard|Charizard|Charizardite Y
|-weather|SunnyDay|[from] ability: Drought|[of] p1a: Charizard
|move|p1b: Farigiraf|Helping Hand|p1a: Charizard
|-singleturn|p1a: Charizard|Helping Hand|[of] p1b: Farigiraf
|move|p2b: Kingambit|Kowtow Cleave|p1a: Charizard
|-damage|p1a: Charizard|45/100
|move|p1a: Charizard|Heat Wave|p2a: Rotom|[spread] p2a,p2b
|-resisted|p2a: Rotom|1
|-supereffective|p2b: Kingambit|1
|-damage|p2a: Rotom|35/100
|-damage|p2b: Kingambit|0 fnt
|faint|p2b: Kingambit
|
|-weather|SunnyDay|[upkeep]
|upkeep
|
|t:|1784764479
|switch|p2b: Garchomp|Garchomp, L50, M|100/100
|turn|4
|
|t:|1784764491
|move|p1b: Farigiraf|Psychic Noise|p2b: Garchomp
|-damage|p2b: Garchomp|67/100
|-start|p2b: Garchomp|move: Heal Block
|move|p1a: Charizard|Heat Wave|p2b: Garchomp|[spread] p2a,p2b
|-resisted|p2a: Rotom|1
|-resisted|p2b: Garchomp|1
|-damage|p2a: Rotom|0 fnt
|-damage|p2b: Garchomp|34/100
|-status|p2b: Garchomp|brn
|faint|p2a: Rotom
|move|p2b: Garchomp|Rock Slide|p1a: Charizard|[spread] p1a,p1b
|-supereffective|p1a: Charizard|2
|-damage|p1a: Charizard|0 fnt
|-damage|p1b: Farigiraf|26/100
|faint|p1a: Charizard
|-damage|p2b: Garchomp|24/100 brn|[from] item: Life Orb
|
|-weather|SunnyDay|[upkeep]
|-damage|p2b: Garchomp|18/100 brn|[from] brn
|upkeep
|
|t:|1784764511
|switch|p1a: Kingambit|Kingambit, L50, M|100/100
|switch|p2a: Scovillain|Scovillain-Mega, L50, M|100/100
|turn|5
|
|t:|1784764523
|move|p2b: Garchomp|Protect|p2b: Garchomp
|-singleturn|p2b: Garchomp|Protect
|move|p1b: Farigiraf|Psychic Noise|p2a: Scovillain
|-damage|p2a: Scovillain|69/100
|-start|p2a: Scovillain|move: Heal Block
|-status|p1b: Farigiraf|brn|[from] ability: Spicy Spray|[of] p2a: Scovillain
|move|p1a: Kingambit|Kowtow Cleave|p2a: Scovillain
|-damage|p2a: Scovillain|25/100
|-status|p1a: Kingambit|brn|[from] ability: Spicy Spray|[of] p2a: Scovillain
|move|p2a: Scovillain|Overheat|p1a: Kingambit
|-supereffective|p1a: Kingambit|1
|-enditem|p1a: Kingambit|Focus Sash
|-damage|p1a: Kingambit|1/100 brn
|-unboost|p2a: Scovillain|spa|2
|
|-weather|SunnyDay|[upkeep]
|-damage|p1b: Farigiraf|20/100y brn|[from] brn
|-damage|p1a: Kingambit|0 fnt|[from] brn
|faint|p1a: Kingambit
|-damage|p2b: Garchomp|12/100 brn|[from] brn
|-end|p2b: Garchomp|move: Heal Block
|-fieldend|move: Trick Room
|upkeep
|turn|6
|l|☆KodeBeast0526
|inactive|KodeBeast0526 disconnected and has a minute to reconnect!
|player|p1|
|inactive|KodeBeast0526 has 30 seconds left.
|inactive|jwithers93 has 30 seconds left.
|j|☆KodeBeast0526
|inactive|KodeBeast0526 reconnected and has 30 seconds left.
|player|p1|KodeBeast0526|hiker|
|
|t:|1784764557
|move|p2b: Garchomp|Dragon Claw|p1b: Farigiraf
|-damage|p1b: Farigiraf|0 fnt
|faint|p1b: Farigiraf
|-damage|p2b: Garchomp|3/100 brn|[from] item: Life Orb
|
|win|jwithers93
|raw|KodeBeast0526's rating: 1097 → 1082(-15 for losing)
|raw|jwithers93's rating: 1239 → 1254(+15 for winning)
