|j|☆viatles
|j|☆smellslikeupdawg
|html|viatlessmellslikeupdawg    
|uhtml|bestof|Game 1 of a best-of-3
|t:|1785374980
|gametype|doubles
|player|p1|viatles|hiker|1055
|player|p2|smellslikeupdawg|169|1048
|gen|9
|tier|[Gen 9 Champions] VGC 2026 Reg M-B (Bo3)
|rated|
|rule|Species Clause: Limit one of each Pokémon
|rule|Item Clause: Limit 1 of each item
|clearpoke
|poke|p1|Falinks, L50, shiny|
|poke|p1|Wyrdeer, L50, M|
|poke|p1|Milotic, L50, M, shiny|
|poke|p1|Staraptor, L50, F|
|poke|p1|Tsareena, L50, F|
|poke|p1|Grimmsnarl, L50, M|
|poke|p2|Blaziken, L50, M|
|poke|p2|Meowscarada, L50, M|
|poke|p2|Gholdengo, L50|
|poke|p2|Dragonite, L50, M|
|poke|p2|Sylveon, L50, M|
|poke|p2|Mudsdale, L50, M|
|teampreview|4
|showteam|p1|Falinks||Falinksite|Defiant|RockSlide,CloseCombat,Protect,KnockOff|Jolly|||||50|]Wyrdeer||ChoiceScarf|Intimidate|SkillSwap,PsyshieldBash,Trick,Hypnosis|Jolly||M|||50|]Milotic||Leftovers|Competitive|IcyWind,Scald,Protect,LifeDew|Bold||M|||50|]Staraptor||Staraptite|Intimidate|CloseCombat,BraveBird,Protect,Tailwind|Jolly||F|||50|]Tsareena||WideLens|QueenlyMajesty|TripleAxel,TropKick,KnockOff,LowKick|Jolly||F|||50|]Grimmsnarl||LightClay|Prankster|FakeOut,SpiritBreak,LightScreen,Reflect|Calm||M|||50|
|showteam|p2|Blaziken||Blazikenite|Blaze|CloseCombat,FlareBlitz,RockSlide,Protect|Jolly||M|||50|]Meowscarada||WideLens|Protean|FlowerTrick,TripleAxel,SuckerPunch,Protect|Jolly||M|||50|]Gholdengo||ChoiceScarf|GoodasGold|MakeItRain,ShadowBall,PowerGem,FocusBlast|Modest|||||50|]Dragonite||WhiteHerb|Multiscale|ScaleShot,Superpower,ExtremeSpeed,Protect|Adamant||M|||50|]Sylveon||FocusSash|Pixilate|HyperVoice,QuickAttack,Yawn,Detect|Timid||M|||50|]Mudsdale||SitrusBerry|InnerFocus|Earthquake,HeavySlam,Protect,Curse|Brave||M|||50|
|inactive|Battle timer is ON: inactive players will automatically lose when time's up. (requested by smellslikeupdawg)
|c|☆viatles|gl hf
|
|t:|1785375002
|teamsize|p1|4
|teamsize|p2|4
|start
|switch|p1a: Milk Duds|Falinks, L50, shiny|100/100
|switch|p1b: Wyrdeer|Wyrdeer, L50, M|100/100
|switch|p2a: Dragonite|Dragonite, L50, M|100/100
|switch|p2b: Sylveon|Sylveon, L50, M|100/100
|-ability|p1b: Wyrdeer|Intimidate|boost
|-unboost|p2a: Dragonite|atk|1
|-unboost|p2b: Sylveon|atk|1
|-enditem|p2a: Dragonite|White Herb
|-clearnegativeboost|p2a: Dragonite|[silent]
|turn|1
|inactive|smellslikeupdawg has 30 seconds left.
|
|t:|1785375029
|move|p1a: Milk Duds|Protect|p1a: Milk Duds
|-singleturn|p1a: Milk Duds|Protect
|move|p1b: Wyrdeer|Skill Swap|p2b: Sylveon
|-activate|p1b: Wyrdeer|Skill Swap|Pixilate|Intimidate|[of] p2b: Sylveon
|-ability|p2b: Sylveon|Intimidate|boost
|-unboost|p1a: Milk Duds|atk|1
|-ability|p1a: Milk Duds|Defiant|boost
|-boost|p1a: Milk Duds|atk|2
|-unboost|p1b: Wyrdeer|atk|1
|move|p2b: Sylveon|Hyper Voice|p1a: Milk Duds|[spread] p1b
|-activate|p1a: Milk Duds|move: Protect
|-damage|p1b: Wyrdeer|78/100
|move|p2a: Dragonite|Scale Shot|p1b: Wyrdeer
|-damage|p1b: Wyrdeer|60/100
|-damage|p1b: Wyrdeer|43/100
|-crit|p1b: Wyrdeer
|-damage|p1b: Wyrdeer|16/100
|-damage|p1b: Wyrdeer|1/100
|-damage|p1b: Wyrdeer|0 fnt
|faint|p1b: Wyrdeer
|-hitcount|p1: Wyrdeer|5
|-unboost|p2a: Dragonite|def|1
|-boost|p2a: Dragonite|spe|1
|
|upkeep
|
|t:|1785375054
|switch|p1b: Pentious|Milotic, L50, M, shiny|100/100
|turn|2
|
|t:|1785375078
|detailschange|p1a: Milk Duds|Falinks-Mega, L50, shiny
|-mega|p1a: Milk Duds|Falinks|Falinksite
|move|p2a: Dragonite|Scale Shot|p1a: Milk Duds
|-damage|p1a: Milk Duds|85/100
|-damage|p1a: Milk Duds|69/100
|-hitcount|p1a: Milk Duds|2
|-unboost|p2a: Dragonite|def|1
|-boost|p2a: Dragonite|spe|1
|move|p1a: Milk Duds|Rock Slide|p2a: Dragonite|[spread] p2a,p2b
|-supereffective|p2a: Dragonite|1
|-damage|p2a: Dragonite|34/100
|-damage|p2b: Sylveon|56/100
|move|p2b: Sylveon|Yawn|p1a: Milk Duds
|-start|p1a: Milk Duds|move: Yawn|[of] p2b: Sylveon
|move|p1b: Pentious|Icy Wind|p2a: Dragonite|[spread] p2a,p2b
|-supereffective|p2a: Dragonite|2
|-damage|p2a: Dragonite|0 fnt
|-damage|p2b: Sylveon|49/100
|-unboost|p2b: Sylveon|spe|1
|faint|p2a: Dragonite
|
|upkeep
|inactive|smellslikeupdawg has 30 seconds left.
|
|t:|1785375111
|switch|p2a: Meowscarada|Meowscarada, L50, M|100/100
|turn|3
|inactive|viatles has 30 seconds left.
|
|t:|1785375139
|move|p1b: Pentious|Protect|p1b: Pentious
|-singleturn|p1b: Pentious|Protect
|move|p2b: Sylveon|Detect|p2b: Sylveon
|-singleturn|p2b: Sylveon|Protect
|move|p2a: Meowscarada|Flower Trick|p1b: Pentious
|-start|p2a: Meowscarada|typechange|Grass|[from] ability: Protean
|-activate|p1b: Pentious|move: Protect
|move|p1a: Milk Duds|Rock Slide|p2a: Meowscarada|[spread] p2a
|-activate|p2b: Sylveon|move: Protect
|-damage|p2a: Meowscarada|53/100
|
|-end|p1a: Milk Duds|move: Yawn|[silent]
|-status|p1a: Milk Duds|slp
|upkeep
|turn|4
|inactive|viatles has 30 seconds left.
|
|t:|1785375167
|switch|p1b: Tsareena|Tsareena, L50, F|100/100
|switch|p2b: Blaziken|Blaziken, L50, M|100/100
|cant|p1a: Milk Duds|slp
|move|p2a: Meowscarada|Flower Trick|p1b: Tsareena
|-resisted|p1b: Tsareena|1
|-crit|p1b: Tsareena
|-damage|p1b: Tsareena|74/100
|
|upkeep
|turn|5
|
|t:|1785375189
|detailschange|p2b: Blaziken|Blaziken-Mega, L50, M
|-mega|p2b: Blaziken|Blaziken|Blazikenite
|move|p2a: Meowscarada|Triple Axel|p1b: Tsareena
|-supereffective|p1b: Tsareena|1
|-damage|p1b: Tsareena|60/100
|-supereffective|p1b: Tsareena|1
|-damage|p1b: Tsareena|35/100
|-supereffective|p1b: Tsareena|1
|-damage|p1b: Tsareena|0 fnt
|faint|p1b: Tsareena
|-hitcount|p1: Tsareena|3
|cant|p1a: Milk Duds|slp
|move|p2b: Blaziken|Flare Blitz|p1a: Milk Duds
|-damage|p1a: Milk Duds|0 fnt
|faint|p1a: Milk Duds
|-damage|p2b: Blaziken|78/100|[from] Recoil
|
|-ability|p2b: Blaziken|Speed Boost|boost
|-boost|p2b: Blaziken|spe|1
|upkeep
|
|t:|1785375206
|switch|p1b: Pentious|Milotic, L50, M, shiny|100/100
|turn|6
|
|t:|1785375212
|move|p2b: Blaziken|Close Combat|p1b: Pentious
|-damage|p1b: Pentious|39/100
|-unboost|p2b: Blaziken|def|1
|-unboost|p2b: Blaziken|spd|1
|move|p2a: Meowscarada|Flower Trick|p1b: Pentious
|-supereffective|p1b: Pentious|1
|-crit|p1b: Pentious
|-damage|p1b: Pentious|0 fnt
|faint|p1b: Pentious
|
|win|smellslikeupdawg
||smellslikeupdawg is ready for game 2.
