|j|☆Akalaman
|j|☆testdigi
|html|Akalamantestdigi    
|uhtml|bestof|Game 1 of a best-of-3
|t:|1784293514
|gametype|doubles
|player|p1|Akalaman|2|1151
|player|p2|testdigi|1|1096
|gen|9
|tier|[Gen 9 Champions] VGC 2026 Reg M-B (Bo3)
|rated|
|rule|Species Clause: Limit one of each Pokémon
|rule|Item Clause: Limit 1 of each item
|clearpoke
|poke|p1|Annihilape, L50, M|
|poke|p1|Venusaur, L50, M|
|poke|p1|Aerodactyl, L50, M|
|poke|p1|Basculegion, L50, M|
|poke|p1|Sylveon, L50, F|
|poke|p1|Sneasler, L50, M|
|poke|p2|Sneasler, L50, M|
|poke|p2|Delphox, L50, M, shiny|
|poke|p2|Kingambit, L50, M, shiny|
|poke|p2|Sinistcha, L50|
|poke|p2|Incineroar, L50, F|
|poke|p2|Blastoise, L50, M|
|teampreview|4
|showteam|p1|Annihilape||LifeOrb|Defiant|Taunt,ShadowClaw,CloseCombat,Protect|Adamant||M|||50|]Venusaur||Venusaurite|Chlorophyll|SludgeBomb,EarthPower,GigaDrain,Protect|Modest||M|||50|]Aerodactyl||Aerodactylite|Unnerve|RockSlide,IceFang,Tailwind,Protect|Jolly||M|||50|]Basculegion||FocusSash|Adaptability|LastRespects,AquaJet,Liquidation,Protect|Jolly||M|||50|]Sylveon||FairyFeather|Pixilate|CalmMind,HyperVoice,Moonblast,Protect|Bold||F|||50|]Sneasler||WhiteHerb|PoisonTouch|FakeOut,DireClaw,CloseCombat,Protect|Adamant||M|||50|
|showteam|p2|Sneasler||FocusSash|PoisonTouch|PoisonJab,QuickGuard,CloseCombat,FakeOut|Jolly||M|||50|]Delphox||Delphoxite|Blaze|HeatWave,Psychic,NastyPlot,Protect|Timid||M|||50|]Kingambit||LifeOrb|Defiant|KowtowCleave,SuckerPunch,SwordsDance,Protect|Adamant||M|||50|]Sinistcha||ColburBerry|Hospitality|MatchaGotcha,RagePowder,TrickRoom,Protect|Bold|||||50|]Incineroar||SitrusBerry|Intimidate|FlareBlitz,HelpingHand,PartingShot,FakeOut|Impish||F|||50|]Blastoise||Blastoisinite|RainDish|WaterSpout,DarkPulse,ShellSmash,Protect|Modest||M|||50|
|inactive|Battle timer is ON: inactive players will automatically lose when time's up. (requested by testdigi)
|
|t:|1784293606
|teamsize|p1|4
|teamsize|p2|4
|start
|switch|p1a: Annihilape|Annihilape, L50, M|100/100
|switch|p1b: Aerodactyl|Aerodactyl, L50, M|100/100
|switch|p2a: Sneasler|Sneasler, L50, M|100/100
|switch|p2b: Kingambit|Kingambit, L50, M, shiny|100/100
|-ability|p1b: Aerodactyl|Unnerve
|turn|1
|
|t:|1784293631
|move|p2b: Kingambit|Protect|p2b: Kingambit
|-singleturn|p2b: Kingambit|Protect
|move|p2a: Sneasler|Fake Out|p1b: Aerodactyl
|-resisted|p1b: Aerodactyl|1
|-damage|p1b: Aerodactyl|89/100
|cant|p1b: Aerodactyl|flinch
|move|p1a: Annihilape|Close Combat|p2b: Kingambit
|-activate|p2b: Kingambit|move: Protect
|
|upkeep
|turn|2
|
|t:|1784293651
|detailschange|p1b: Aerodactyl|Aerodactyl-Mega, L50, M
|-mega|p1b: Aerodactyl|Aerodactyl|Aerodactylite
|move|p2b: Kingambit|Sucker Punch|p1a: Annihilape
|-damage|p1a: Annihilape|32/100
|-damage|p2b: Kingambit|90/100|[from] item: Life Orb
|move|p1b: Aerodactyl|Ice Fang|p2a: Sneasler
|-damage|p2a: Sneasler|43/100
|move|p2a: Sneasler|Poison Jab|p1a: Annihilape
|-resisted|p1a: Annihilape|1
|-damage|p1a: Annihilape|6/100
|move|p1a: Annihilape|Close Combat|p2b: Kingambit
|-supereffective|p2b: Kingambit|2
|-damage|p2b: Kingambit|0 fnt
|-unboost|p1a: Annihilape|def|1
|-unboost|p1a: Annihilape|spd|1
|faint|p2b: Kingambit
|-damage|p1a: Annihilape|0 fnt|[from] item: Life Orb
|faint|p1a: Annihilape
|
|upkeep
|
|t:|1784293665
|switch|p1a: Basculegion|Basculegion, L50, M|100/100
|switch|p2b: Incineroar|Incineroar, L50, F|100/100
|-ability|p2b: Incineroar|Intimidate|boost
|-unboost|p1a: Basculegion|atk|1
|-unboost|p1b: Aerodactyl|atk|1
|turn|3
|
|t:|1784293683
|move|p1b: Aerodactyl|Protect|p1b: Aerodactyl
|-singleturn|p1b: Aerodactyl|Protect
|move|p2b: Incineroar|Fake Out|p1b: Aerodactyl
|-activate|p1b: Aerodactyl|move: Protect
|move|p2a: Sneasler|Poison Jab|p1a: Basculegion
|-resisted|p1a: Basculegion|1
|-damage|p1a: Basculegion|75/100
|-status|p1a: Basculegion|psn
|move|p1a: Basculegion|Last Respects|p2a: Sneasler
|-damage|p2a: Sneasler|0 fnt
|faint|p2a: Sneasler
|
|-damage|p1a: Basculegion|63/100 psn|[from] psn
|upkeep
|
|t:|1784293688
|switch|p2a: Delphox|Delphox, L50, M, shiny|100/100
|turn|4
|
|t:|1784293705
|detailschange|p2a: Delphox|Delphox-Mega, L50, M, shiny
|-mega|p2a: Delphox|Delphox|Delphoxite
|move|p2a: Delphox|Protect|p2a: Delphox
|-singleturn|p2a: Delphox|Protect
|move|p1b: Aerodactyl|Rock Slide|p2b: Incineroar|[spread] p2b
|-activate|p2a: Delphox|move: Protect
|-supereffective|p2b: Incineroar|1
|-damage|p2b: Incineroar|70/100
|move|p1a: Basculegion|Last Respects|p2a: Delphox
|-activate|p2a: Delphox|move: Protect
|move|p2b: Incineroar|Parting Shot|p1b: Aerodactyl
|-unboost|p1b: Aerodactyl|atk|1
|-unboost|p1b: Aerodactyl|spa|1
|
|-damage|p1a: Basculegion|51/100 psn|[from] psn
|upkeep
|turn|5
|inactive|testdigi has 30 seconds left.
|inactive|Akalaman has 30 seconds left.
|
|t:|1784293740
|move|p1b: Aerodactyl|Tailwind|p1b: Aerodactyl
|-sidestart|p1: Akalaman|move: Tailwind
|move|p1a: Basculegion|Last Respects|p2a: Delphox
|-supereffective|p2a: Delphox|1
|-damage|p2a: Delphox|0 fnt
|faint|p2a: Delphox
|move|p2b: Incineroar|Parting Shot|p1a: Basculegion
|-unboost|p1a: Basculegion|atk|1
|-unboost|p1a: Basculegion|spa|1
|
|-damage|p1a: Basculegion|39/100 psn|[from] psn
|upkeep
|turn|6
|
|t:|1784293753
|switch|p1a: Sneasler|Sneasler, L50, M|100/100
|move|p1b: Aerodactyl|Rock Slide|p2b: Incineroar
|-supereffective|p2b: Incineroar|1
|-damage|p2b: Incineroar|43/100
|-enditem|p2b: Incineroar|Sitrus Berry|[eat]
|-heal|p2b: Incineroar|68/100|[from] item: Sitrus Berry
|cant|p2b: Incineroar|flinch
|
|upkeep
|turn|7
|-message|testdigi forfeited.
|
|win|Akalaman
