|j|☆KodeBeast0526
|j|☆gastero
|html|KodeBeast0526gastero    
|uhtml|bestof|Game 1 of a best-of-3
|t:|1785609351
|gametype|doubles
|player|p1|KodeBeast0526|hiker|1307
|player|p2|gastero|carmine|1269
|gen|9
|tier|[Gen 9 Champions] VGC 2026 Reg M-B (Bo3)
|rated|
|rule|Species Clause: Limit one of each Pokémon
|rule|Item Clause: Limit 1 of each item
|clearpoke
|poke|p1|Basculegion, L50, M|
|poke|p1|Garchomp, L50, F|
|poke|p1|Scizor, L50, F|
|poke|p1|Tyranitar, L50, F|
|poke|p1|Sneasler, L50, F|
|poke|p1|Corviknight, L50, F|
|poke|p2|Staraptor, L50, F|
|poke|p2|Gholdengo, L50|
|poke|p2|Sinistcha, L50|
|poke|p2|Incineroar, L50, M|
|poke|p2|Arcanine-Hisui, L50, M|
|poke|p2|Ninetales-Alola, L50, F|
|teampreview|4
|showteam|p1|Basculegion||SitrusBerry|Adaptability|WaveCrash,LastRespects,AquaJet,Protect|Jolly||M|||50|]Garchomp||Garchompite|RoughSkin|EarthPower,DracoMeteor,PowerGem,Protect|Modest||F|||50|]Scizor||LifeOrb|Technician|BulletPunch,BugBite,SwordsDance,Protect|Adamant||F|||50|]Tyranitar||ChoiceScarf|SandStream|RockSlide,KnockOff,IcePunch,Superpower|Jolly||F|||50|]Sneasler||FocusSash|PoisonTouch|PoisonJab,CloseCombat,FakeOut,Protect|Jolly||F|||50|]Corviknight||Leftovers|MirrorArmor|IronHead,BraveBird,Tailwind,Protect|Impish||F|||50|
|showteam|p2|Staraptor||Staraptite|Intimidate|CloseCombat,DualWingbeat,Tailwind,Protect|Jolly||F|||50|]Gholdengo||LifeOrb|GoodasGold|MakeItRain,ShadowBall,NastyPlot,Protect|Modest|||||50|]Sinistcha||ColburBerry|Hospitality|MatchaGotcha,RagePowder,TrickRoom,StrengthSap|Calm|||||50|]Incineroar||SitrusBerry|Intimidate|FakeOut,FlareBlitz,DarkestLariat,PartingShot|Careful||M|||50|]Arcanine-Hisui||FocusSash|RockHead|FlareBlitz,HeadSmash,ExtremeSpeed,Protect|Jolly||M|||50|]Ninetales-Alola||NeverMeltIce|SnowWarning|Blizzard,FreezeDry,Encore,Protect|Timid||F|||50|
|inactive|Battle timer is ON: inactive players will automatically lose when time's up. (requested by KodeBeast0526)
|
|t:|1785609398
|teamsize|p1|4
|teamsize|p2|4
|start
|switch|p1a: Corviknight|Corviknight, L50, F|100/100
|switch|p1b: Garchomp|Garchomp, L50, F|100/100
|switch|p2a: Staraptor|Staraptor, L50, F|100/100
|switch|p2b: Arcanine|Arcanine-Hisui, L50, M|100/100
|-ability|p2a: Staraptor|Intimidate|boost
|-ability|p1a: Corviknight|Mirror Armor
|-unboost|p2a: Staraptor|atk|1
|-unboost|p1b: Garchomp|atk|1
|turn|1
|inactive|gastero has 30 seconds left.
|inactive|gastero has 20 seconds left.
|inactive|gastero has 15 seconds left.
|
|t:|1785609441
|switch|p1a: Tyranitar|Tyranitar, L50, F|100/100
|-weather|Sandstorm|[from] ability: Sand Stream|[of] p1a: Tyranitar
|detailschange|p2a: Staraptor|Staraptor-Mega, L50, F
|-mega|p2a: Staraptor|Staraptor|Staraptite
|detailschange|p1b: Garchomp|Garchomp-Mega, L50, F
|-mega|p1b: Garchomp|Garchomp|Garchompite
|move|p2a: Staraptor|Close Combat|p1b: Garchomp
|-damage|p1b: Garchomp|68/100
|-boost|p2a: Staraptor|def|1
|-boost|p2a: Staraptor|spd|1
|move|p2b: Arcanine|Head Smash|p1b: Garchomp
|-resisted|p1b: Garchomp|1
|-damage|p1b: Garchomp|39/100
|move|p1b: Garchomp|Power Gem|p2a: Staraptor
|-damage|p2a: Staraptor|75/100
|
|-weather|Sandstorm|[upkeep]
|-damage|p2a: Staraptor|70/100|[from] Sandstorm
|upkeep
|turn|2
|inactive|gastero has 30 seconds left.
|
|t:|1785609468
|move|p1a: Tyranitar|Rock Slide|p2b: Arcanine|[spread] p2a,p2b
|-supereffective|p2b: Arcanine|1
|-damage|p2a: Staraptor|49/100
|-damage|p2b: Arcanine|22/100
|move|p2a: Staraptor|Close Combat|p1a: Tyranitar
|-supereffective|p1a: Tyranitar|2
|-damage|p1a: Tyranitar|0 fnt
|-boost|p2a: Staraptor|def|1
|-boost|p2a: Staraptor|spd|1
|faint|p1a: Tyranitar
|move|p2b: Arcanine|Head Smash|p1b: Garchomp
|-resisted|p1b: Garchomp|1
|-damage|p1b: Garchomp|7/100
|move|p1b: Garchomp|Earth Power|p2b: Arcanine
|-supereffective|p2b: Arcanine|2
|-damage|p2b: Arcanine|0 fnt
|faint|p2b: Arcanine
|
|-weather|Sandstorm|[upkeep]
|-damage|p2a: Staraptor|43/100|[from] Sandstorm
|upkeep
|
|t:|1785609482
|switch|p2b: Gholdengo|Gholdengo, L50|100/100
|switch|p1a: Corviknight|Corviknight, L50, F|100/100
|turn|3
|
|t:|1785609494
|move|p1b: Garchomp|Protect|p1b: Garchomp
|-singleturn|p1b: Garchomp|Protect
|move|p2a: Staraptor|Close Combat|p1b: Garchomp
|-activate|p1b: Garchomp|move: Protect
|move|p2b: Gholdengo|Shadow Ball|p1a: Corviknight
|-damage|p1a: Corviknight|54/100
|-damage|p2b: Gholdengo|90/100|[from] item: Life Orb
|move|p1a: Corviknight|Brave Bird|p2a: Staraptor
|-supereffective|p2a: Staraptor|1
|-damage|p2a: Staraptor|11/100
|-damage|p1a: Corviknight|44/100|[from] Recoil
|
|-weather|Sandstorm|[upkeep]
|-damage|p2a: Staraptor|5/100|[from] Sandstorm
|-heal|p1a: Corviknight|50/100g|[from] item: Leftovers
|upkeep
|turn|4
|inactive|KodeBeast0526 has 30 seconds left.
|
|t:|1785609524
|move|p1b: Garchomp|Protect||[still]
|-fail|p1b: Garchomp
|move|p2b: Gholdengo|Protect|p2b: Gholdengo
|-singleturn|p2b: Gholdengo|Protect
|move|p2a: Staraptor|Tailwind|p2a: Staraptor
|-sidestart|p2: gastero|move: Tailwind
|move|p1a: Corviknight|Tailwind|p1a: Corviknight
|-sidestart|p1: KodeBeast0526|move: Tailwind
|
|-weather|Sandstorm|[upkeep]
|-damage|p2a: Staraptor|0 fnt|[from] Sandstorm
|faint|p2a: Staraptor
|-heal|p1a: Corviknight|56/100|[from] item: Leftovers
|upkeep
|
|t:|1785609531
|switch|p2a: Incineroar|Incineroar, L50, M|100/100
|-ability|p2a: Incineroar|Intimidate|boost
|-ability|p1a: Corviknight|Mirror Armor
|-unboost|p2a: Incineroar|atk|1
|-unboost|p1b: Garchomp|atk|1
|turn|5
|
|t:|1785609549
|switch|p1b: Scizor|Scizor, L50, F|100/100
|move|p2a: Incineroar|Fake Out|p1b: Scizor
|-resisted|p1b: Scizor|1
|-damage|p1b: Scizor|96/100
|move|p2b: Gholdengo|Shadow Ball|p1a: Corviknight
|-crit|p1a: Corviknight
|-damage|p1a: Corviknight|0 fnt
|faint|p1a: Corviknight
|-damage|p2b: Gholdengo|80/100|[from] item: Life Orb
|
|-weather|none
|upkeep
|
|t:|1785609551
|switch|p1a: Garchomp|Garchomp-Mega, L50, F|7/100
|turn|6
|
|t:|1785609566
|move|p1a: Garchomp|Earth Power|p2a: Incineroar
|-supereffective|p2a: Incineroar|1
|-damage|p2a: Incineroar|31/100
|-enditem|p2a: Incineroar|Sitrus Berry|[eat]
|-heal|p2a: Incineroar|56/100|[from] item: Sitrus Berry
|move|p2b: Gholdengo|Make It Rain|p1b: Scizor|[spread] p1a,p1b
|-crit|p1a: Garchomp
|-resisted|p1b: Scizor|1
|-damage|p1a: Garchomp|0 fnt
|-damage|p1b: Scizor|62/100
|-unboost|p2b: Gholdengo|spa|2
|faint|p1a: Garchomp
|-damage|p2b: Gholdengo|70/100|[from] item: Life Orb
|move|p1b: Scizor|Swords Dance|p1b: Scizor
|-boost|p1b: Scizor|atk|2
|move|p2a: Incineroar|Flare Blitz|p1b: Scizor
|-supereffective|p1b: Scizor|2
|-damage|p1b: Scizor|0 fnt
|faint|p1b: Scizor
|-damage|p2a: Incineroar|38/100|[from] Recoil
|
|win|gastero
||KodeBeast0526 is ready for game 2.
||gastero is ready for game 2.
|uhtml|next|Next: Game 2 of 3
|l|☆KodeBeast0526
|player|p1|
