|j|☆BLiiNDProdiigy
|j|☆CorkscrewRacer
|html|BLiiNDProdiigyCorkscrewRacer    
|uhtml|bestof|Game 1 of a best-of-3
|t:|1756162175
|gametype|doubles
|player|p1|BLiiNDProdiigy|rocketgrunt|
|player|p2|CorkscrewRacer|266|
|gen|9
|tier|[Gen 9] VGC 2025 Reg H (Bo3)
|rule|Species Clause: Limit one of each Pokémon
|rule|Item Clause: Limit 1 of each item
|clearpoke
|poke|p1|Incineroar, L50, M|
|poke|p1|Amoonguss, L50, F|
|poke|p1|Gholdengo, L50|
|poke|p1|Basculegion, L50, M|
|poke|p1|Ninetales-Alola, L50, F|
|poke|p1|Sneasler, L50, F|
|poke|p2|Sneasler, L50, M|
|poke|p2|Dragapult, L50, M|
|poke|p2|Dondozo, L50, M|
|poke|p2|Tatsugiri, L50, M|
|poke|p2|Incineroar, L50, F|
|poke|p2|Rillaboom, L50, M|
|teampreview|4
|showteam|p1|Incineroar||SafetyGoggles|Intimidate|FakeOut,FlareBlitz,KnockOff,PartingShot|||M|||50|,,,,,Ghost]Amoonguss||SitrusBerry|Regenerator|Protect,RagePowder,Spore,PollenPuff|||F|||50|,,,,,Water]Gholdengo||LifeOrb|GoodasGold|MakeItRain,ShadowBall,NastyPlot,Protect||||||50|,,,,,Dragon]Basculegion||ChoiceScarf|Adaptability|WaveCrash,LastRespects,AquaJet,FlipTurn|||M|||50|,,,,,Water]Ninetales-Alola||NeverMeltIce|SnowWarning|Blizzard,FreezeDry,Encore,Protect|||F|||50|,,,,,Ghost]Sneasler||FocusSash|Unburden|FakeOut,DireClaw,CloseCombat,Protect|||F|||50|,,,,,Ghost
|showteam|p2|Sneasler||GrassySeed|Unburden|DireClaw,CloseCombat,Protect,FakeOut|||M|||50|,,,,,Ghost]Dragapult||ChoiceBand|ClearBody|DragonDarts,Outrage,PhantomForce,Uturn|||M|||50|,,,,,Dragon]Dondozo||Leftovers|Unaware|WaveCrash,HeavySlam,OrderUp,Protect|||M|||50|,,,,,Grass]Tatsugiri||LifeOrb|Commander|DracoMeteor,MuddyWater,IcyWind,Protect|||M|||50|,,,,,Stellar]Incineroar||AssaultVest|Intimidate|FakeOut,FlareBlitz,KnockOff,Uturn|||F|||50|,,,,,Ghost]Rillaboom||MiracleSeed|GrassySurge|GrassyGlide,WoodHammer,FakeOut,Taunt|||M|||50|,,,,,Fire
|
|t:|1756162244
|teamsize|p1|4
|teamsize|p2|4
|start
|switch|p1a: Basculegion|Basculegion, L50, M|100/100
|switch|p1b: Gholdengo|Gholdengo, L50|100/100
|switch|p2a: Dragapult|Dragapult, L50, M|100/100
|switch|p2b: Dondozo|Dondozo, L50, M|100/100
|turn|1
|j| entei enthusiast
|l| entei enthusiast
|
|t:|1756162289
|switch|p2a: Tatsugiri|Tatsugiri, L50, M|100/100
|-activate|p2a: Tatsugiri|ability: Commander|[of] p2b: Dondozo
|-boost|p2b: Dondozo|atk|2
|-boost|p2b: Dondozo|spa|2
|-boost|p2b: Dondozo|spe|2
|-boost|p2b: Dondozo|def|2
|-boost|p2b: Dondozo|spd|2
|move|p1a: Basculegion|Flip Turn|p2b: Dondozo
|-resisted|p2b: Dondozo
|-damage|p2b: Dondozo|93/100
|
|t:|1756162297
|switch|p1a: Incineroar|Incineroar, L50, M|100/100|[from] Flip Turn
|-ability|p1a: Incineroar|Intimidate|boost
|-unboost|p2a: Tatsugiri|atk|1
|-unboost|p2b: Dondozo|atk|1
|move|p2b: Dondozo|Wave Crash|p1b: Gholdengo
|-damage|p1b: Gholdengo|26/100
|-damage|p2b: Dondozo|72/100|[from] Recoil
|move|p1b: Gholdengo|Shadow Ball|p2a: Tatsugiri|[miss]
|-miss|p1b: Gholdengo|p2a: Tatsugiri
|
|-heal|p2b: Dondozo|78/100|[from] item: Leftovers
|upkeep
|turn|2
|
|t:|1756162322
|switch|p1b: Ninetales|Ninetales-Alola, L50, F, shiny|100/100
|-weather|Snowscape|[from] ability: Snow Warning|[of] p1b: Ninetales
|move|p2b: Dondozo|Protect|p2b: Dondozo
|-singleturn|p2b: Dondozo|Protect
|move|p1a: Incineroar|Fake Out|p2b: Dondozo
|-activate|p2b: Dondozo|move: Protect
|
|-weather|Snowscape|[upkeep]
|-heal|p2b: Dondozo|84/100|[from] item: Leftovers
|upkeep
|turn|3
|
|t:|1756162350
|move|p1b: Ninetales|Encore|p2b: Dondozo
|-start|p2b: Dondozo|Encore
|move|p2b: Dondozo|Protect||[still]
|-fail|p2b: Dondozo
|move|p1a: Incineroar|Knock Off|p2b: Dondozo
|-damage|p2b: Dondozo|71/100
|-enditem|p2b: Dondozo|Leftovers|[from] move: Knock Off|[of] p1a: Incineroar
|
|-weather|Snowscape|[upkeep]
|upkeep
|turn|4
|
|t:|1756162361
|switch|p1a: Gholdengo|Gholdengo, L50|26/100
|move|p2b: Dondozo|Protect|p2b: Dondozo
|-singleturn|p2b: Dondozo|Protect
|move|p1b: Ninetales|Freeze-Dry|p2b: Dondozo
|-activate|p2b: Dondozo|move: Protect
|
|-weather|Snowscape|[upkeep]
|upkeep
|turn|5
|
|t:|1756162371
|move|p2b: Dondozo|Protect|p2b: Dondozo
|-singleturn|p2b: Dondozo|Protect
|move|p1b: Ninetales|Freeze-Dry|p2b: Dondozo
|-activate|p2b: Dondozo|move: Protect
|move|p1a: Gholdengo|Shadow Ball|p2b: Dondozo
|-activate|p2b: Dondozo|move: Protect
|
|-weather|Snowscape|[upkeep]
|-end|p2b: Dondozo|Encore
|upkeep
|turn|6
|
|t:|1756162383
|move|p2b: Dondozo|Protect|p2b: Dondozo
|-singleturn|p2b: Dondozo|Protect
|move|p1b: Ninetales|Encore|p2b: Dondozo
|-activate|p2b: Dondozo|move: Protect
|move|p1a: Gholdengo|Shadow Ball|p2b: Dondozo
|-activate|p2b: Dondozo|move: Protect
|
|-weather|none
|upkeep
|turn|7
|
|t:|1756162402
|move|p2b: Dondozo|Protect||[still]
|-fail|p2b: Dondozo
|move|p1b: Ninetales|Encore|p2b: Dondozo
|-start|p2b: Dondozo|Encore
|move|p1a: Gholdengo|Shadow Ball|p2b: Dondozo
|-damage|p2b: Dondozo|39/100
|-unboost|p2b: Dondozo|spd|1
|-damage|p1a: Gholdengo|16/100|[from] item: Life Orb
|
|upkeep
|turn|8
|
|t:|1756162433
|switch|p1a: Incineroar|Incineroar, L50, M|100/100
|-ability|p1a: Incineroar|Intimidate|boost
|-unboost|p2a: Tatsugiri|atk|1
|-unboost|p2b: Dondozo|atk|1
|move|p2b: Dondozo|Protect|p2b: Dondozo
|-singleturn|p2b: Dondozo|Protect
|move|p1b: Ninetales|Freeze-Dry|p2b: Dondozo
|-activate|p2b: Dondozo|move: Protect
|
|upkeep
|turn|9
|
|t:|1756162449
|move|p2b: Dondozo|Protect|p2b: Dondozo
|-singleturn|p2b: Dondozo|Protect
|move|p1b: Ninetales|Freeze-Dry|p2b: Dondozo
|-activate|p2b: Dondozo|move: Protect
|move|p1a: Incineroar|Parting Shot|p2a: Tatsugiri|[miss]
|-miss|p1a: Incineroar|p2a: Tatsugiri
|
|upkeep
|turn|10
|
|t:|1756162465
|move|p2b: Dondozo|Protect||[still]
|-fail|p2b: Dondozo
|move|p1b: Ninetales|Freeze-Dry|p2b: Dondozo
|-supereffective|p2b: Dondozo
|-damage|p2b: Dondozo|0 fnt
|faint|p2b: Dondozo
|move|p1a: Incineroar|Knock Off|p2a: Tatsugiri
|-crit|p2a: Tatsugiri
|-damage|p2a: Tatsugiri|0 fnt
|-enditem|p2a: Tatsugiri|Life Orb|[from] move: Knock Off|[of] p1a: Incineroar
|faint|p2a: Tatsugiri
|
|upkeep
|
|t:|1756162478
|switch|p2a: Dragapult|Dragapult, L50, M|100/100
|switch|p2b: Incineroar|Incineroar, L50, F|100/100
|-ability|p2b: Incineroar|Intimidate|boost
|-unboost|p1a: Incineroar|atk|1
|-unboost|p1b: Ninetales|atk|1
|turn|11
|
|t:|1756162503
|-terastallize|p2a: Dragapult|Dragon
|move|p1b: Ninetales|Protect|p1b: Ninetales
|-singleturn|p1b: Ninetales|Protect
|move|p2a: Dragapult|Outrage|p1b: Ninetales
|-activate|p1b: Ninetales|move: Protect
|move|p1a: Incineroar|Knock Off|p2a: Dragapult
|-damage|p2a: Dragapult|68/100
|-enditem|p2a: Dragapult|Choice Band|[from] move: Knock Off|[of] p1a: Incineroar
|move|p2b: Incineroar|Knock Off|p1b: Ninetales
|-activate|p1b: Ninetales|move: Protect
|
|upkeep
|turn|12
|
|t:|1756162526
|move|p2a: Dragapult|Dragon Darts|p1a: Incineroar
|-damage|p1a: Incineroar|67/100
|-anim|p2a: Dragapult|Dragon Darts|p1a: Incineroar
|-damage|p1a: Incineroar|29/100
|move|p1b: Ninetales|Freeze-Dry|p2a: Dragapult
|-supereffective|p2a: Dragapult
|-damage|p2a: Dragapult|0 fnt
|faint|p2a: Dragapult
|move|p1a: Incineroar|Knock Off|p2b: Incineroar
|-resisted|p2b: Incineroar
|-damage|p2b: Incineroar|90/100
|-enditem|p2b: Incineroar|Assault Vest|[from] move: Knock Off|[of] p1a: Incineroar
|move|p2b: Incineroar|Flare Blitz|p1b: Ninetales
|-supereffective|p1b: Ninetales
|-damage|p1b: Ninetales|0 fnt
|faint|p1b: Ninetales
|-damage|p2b: Incineroar|65/100|[from] Recoil
|
|upkeep
|
|t:|1756162530
|switch|p1b: Basculegion|Basculegion, L50, M|100/100
|turn|13
|
|t:|1756162551
|-terastallize|p1b: Basculegion|Water
|move|p1b: Basculegion|Wave Crash|p2b: Incineroar
|-supereffective|p2b: Incineroar
|-damage|p2b: Incineroar|0 fnt
|faint|p2b: Incineroar
|-damage|p1b: Basculegion|79/100|[from] Recoil
|
|win|BLiiNDProdiigy
||BLiiNDProdiigy is ready for game 2.
||CorkscrewRacer is ready for game 2.
|uhtml|next|Next: Game 2 of 3
|l|☆BLiiNDProdiigy
|player|p1|
