|j|☆5star_swordvgc
|j|☆sahursini
|html|5star_swordvgcsahursini    
|uhtml|bestof|Game 1 of a best-of-3
|t:|1782732429
|gametype|doubles
|player|p1|5star_swordvgc|red|1070
|player|p2|sahursini|265|1000
|gen|9
|tier|[Gen 9 Champions] VGC 2026 Reg M-B (Bo3)
|rated|
|rule|Species Clause: Limit one of each Pokémon
|rule|Item Clause: Limit 1 of each item
|clearpoke
|poke|p1|Staraptor, L50, F|
|poke|p1|Garchomp, L50, M|
|poke|p1|Grimmsnarl, L50, M|
|poke|p1|Kingambit, L50, M|
|poke|p1|Whimsicott, L50, F|
|poke|p1|Basculegion, L50, M|
|poke|p2|Noivern, L50, M, shiny|
|poke|p2|Scolipede, L50, M, shiny|
|poke|p2|Sneasler, L50, M|
|poke|p2|Blaziken, L50, M|
|poke|p2|Zoroark-Hisui, L50, F, shiny|
|poke|p2|Basculegion, L50, M|
|teampreview|4
|showteam|p1|Staraptor||Staraptite|Intimidate|Protect,CloseCombat,BraveBird,Roost|Adamant||F|||50|]Garchomp||LifeOrb|RoughSkin|Protect,Earthquake,DragonClaw,SwordsDance|Adamant||M|||50|]Grimmsnarl||LightClay|Prankster|Reflect,Taunt,ScaryFace,LightScreen|Relaxed||M|||50|]Kingambit||ExpertBelt|Defiant|Protect,SuckerPunch,KowtowCleave,IronHead|Serious||M|||50|]Whimsicott||FocusSash|Prankster|Tailwind,Moonblast,Endeavor,Charm|Serious||F|||50|]Basculegion||ChoiceScarf|Adaptability|Protect,WaveCrash,LastRespects,Waterfall|Serious||M|||50|
|showteam|p2|Noivern||FocusSash|Infiltrator|Boomburst,Tailwind,Hurricane,DragonPulse|Timid||M|||50|]Scolipede||Scolipite|SpeedBoost|LeechLife,Protect,PoisonJab,SwordsDance|Jolly||M|||50|]Sneasler||MentalHerb|Unburden|DireClaw,CloseCombat,FakeOut,Protect|Adamant||M|||50|]Blaziken||Leftovers|SpeedBoost|CloseCombat,BlazeKick,Detect,RockSlide|Adamant||M|||50|]Zoroark-Hisui||ChoiceScarf|Illusion|HyperVoice,Taunt,ShadowBall,SludgeBomb|Timid||F|||50|]Basculegion||LifeOrb|Adaptability|FlipTurn,Protect,LastRespects,WaveCrash|Jolly||M|||50|
|inactive|Battle timer is ON: inactive players will automatically lose when time's up. (requested by 5star_swordvgc)
|inactive|sahursini has 60 seconds left.
|
|t:|1782732475
|teamsize|p1|4
|teamsize|p2|4
|start
|switch|p1a: Staraptor|Staraptor, L50, F|100/100
|switch|p1b: Grimmsnarl|Grimmsnarl, L50, M|100/100
|switch|p2a: Noivern|Noivern, L50, M, shiny|100/100
|switch|p2b: Blaziken|Blaziken, L50, M|100/100
|-ability|p1a: Staraptor|Intimidate|boost
|-unboost|p2a: Noivern|atk|1
|-unboost|p2b: Blaziken|atk|1
|turn|1
|inactive|5star_swordvgc has 30 seconds left.
|inactive|sahursini has 30 seconds left.
|
|t:|1782732505
|detailschange|p1a: Staraptor|Staraptor-Mega, L50, F
|-mega|p1a: Staraptor|Staraptor|Staraptite
|move|p1a: Staraptor|Protect|p1a: Staraptor
|-singleturn|p1a: Staraptor|Protect
|move|p1b: Grimmsnarl|Taunt|p2a: Noivern
|-start|p2a: Noivern|move: Taunt
|move|p2b: Blaziken|Hyper Voice|p1b: Grimmsnarl|[spread] p1b
|-activate|p1a: Staraptor|move: Protect
|-damage|p1b: Grimmsnarl|67/100
|cant|p2a: Noivern|move: Taunt|Tailwind
|
|upkeep
|turn|2
|inactive|5star_swordvgc has 30 seconds left.
|inactive|5star_swordvgc has 20 seconds left.
|inactive|5star_swordvgc has 15 seconds left.
|
|t:|1782732549
|move|p1b: Grimmsnarl|Light Screen|p1b: Grimmsnarl
|-sidestart|p1: 5star_swordvgc|move: Light Screen
|move|p2b: Blaziken|Hyper Voice|p1b: Grimmsnarl|[spread] p1a,p1b
|-damage|p1a: Staraptor|70/100
|-damage|p1b: Grimmsnarl|45/100
|move|p2a: Noivern|Boomburst|p1a: Staraptor|[spread] p1a,p1b
|-immune|p2b: Blaziken
|-damage|p1a: Staraptor|32/100
|-damage|p1b: Grimmsnarl|18/100
|move|p1a: Staraptor|Brave Bird|p2b: Blaziken
|-damage|p2b: Blaziken|0 fnt
|replace|p2b: Zoroark|Zoroark-Hisui, L50, F, shiny
|-end|p2b: Zoroark|Illusion
|faint|p2b: Zoroark
|-damage|p1a: Staraptor|5/100|[from] Recoil
|
|upkeep
|
|t:|1782732564
|switch|p2b: Sneasler|Sneasler, L50, M|100/100
|turn|3
|
|t:|1782732582
|switch|p1a: Garchomp|Garchomp, L50, M|100/100
|move|p2b: Sneasler|Fake Out|p1a: Garchomp
|-damage|p1a: Garchomp|86/100
|-damage|p2b: Sneasler|87/100|[from] ability: Rough Skin|[of] p1a: Garchomp
|move|p1b: Grimmsnarl|Reflect|p1b: Grimmsnarl
|-sidestart|p1: 5star_swordvgc|Reflect
|move|p2a: Noivern|Boomburst|p1a: Garchomp|[spread] p2b,p1a,p1b
|-damage|p2b: Sneasler|46/100
|-damage|p1a: Garchomp|58/100
|-damage|p1b: Grimmsnarl|0 fnt
|faint|p1b: Grimmsnarl
|
|-end|p2a: Noivern|move: Taunt
|upkeep
|
|t:|1782732599
|switch|p1b: Staraptor|Staraptor-Mega, L50, F|5/100
|turn|4
|
|t:|1782732610
|move|p2b: Sneasler|Protect|p2b: Sneasler
|-singleturn|p2b: Sneasler|Protect
|move|p2a: Noivern|Tailwind|p2a: Noivern
|-sidestart|p2: sahursini|move: Tailwind
|move|p1b: Staraptor|Roost|p1b: Staraptor
|-heal|p1b: Staraptor|55/100
|-singleturn|p1b: Staraptor|move: Roost
|move|p1a: Garchomp|Earthquake|p2b: Sneasler|[spread] p1b
|-activate|p2b: Sneasler|move: Protect
|-immune|p2a: Noivern
|-damage|p1b: Staraptor|17/100
|-damage|p1a: Garchomp|48/100|[from] item: Life Orb
|
|upkeep
|turn|5
|
|t:|1782732630
|move|p2a: Noivern|Dragon Pulse|p1a: Garchomp
|-supereffective|p1a: Garchomp|1
|-crit|p1a: Garchomp
|-damage|p1a: Garchomp|0 fnt
|faint|p1a: Garchomp
|move|p2b: Sneasler|Dire Claw|p1b: Staraptor
|-damage|p1b: Staraptor|0 fnt
|faint|p1b: Staraptor
|
|upkeep
|-message|5star_swordvgc forfeited.
|raw|5star_swordvgc's rating: 1070 → 1045(-25 for losing)
|raw|sahursini's rating: 1000 → 1048(+48 for winning)
|
|win|sahursini
|l|☆5star_swordvgc
|player|p1|
