|j|☆Alysa Liu
|j|☆psyspammer69
|html|Alysa Liupsyspammer69    
|uhtml|bestof|Game 3 of a best-of-3
|t:|1754682907
|gametype|doubles
|player|p1|Alysa Liu|lady|1336
|player|p2|psyspammer69|n|1405
|gen|9
|tier|[Gen 9] VGC 2025 Reg H (Bo3)
|rated|
|rule|Species Clause: Limit one of each Pokémon
|rule|Item Clause: Limit 1 of each item
|clearpoke
|poke|p1|Dachsbun, L50, F|
|poke|p1|Typhlosion-Hisui, L50, M|
|poke|p1|Whimsicott, L50, F|
|poke|p1|Torkoal, L50, M|
|poke|p1|Lilligant-Hisui, L50, F|
|poke|p1|Farigiraf, L50, F|
|poke|p2|Gholdengo, L50|
|poke|p2|Sneasler, L50, M|
|poke|p2|Incineroar, L50, F|
|poke|p2|Amoonguss, L50, M|
|poke|p2|Ursaluna-Bloodmoon, L50, M|
|poke|p2|Porygon2, L50|
|teampreview|4
|showteam|p1|Dachsbun||Leftovers|WellBakedBody|BodyPress,Snarl,HelpingHand,Protect|||F|||50|,,,,,Steel]Typhlosion-Hisui||ChoiceSpecs|Blaze|Eruption,HeatWave,ShadowBall,LavaPlume|||M|||50|,,,,,Fire]Whimsicott||CovertCloak|Prankster|Moonblast,Tailwind,SunnyDay,Encore|||F|||50|,,,,,Steel]Torkoal||AssaultVest|Drought|Eruption,LavaPlume,BodyPress,Fissure|||M|||50|,,,,,Grass]Lilligant-Hisui||FocusSash|Chlorophyll|SolarBlade,CloseCombat,SleepPowder,AfterYou|||F|||50|,,,,,Ghost]Farigiraf||ThroatSpray|ArmorTail|HyperVoice,Psychic,TrickRoom,Imprison|||F|||50|,,,,,Normal
|showteam|p2|Gholdengo||LifeOrb|GoodasGold|MakeItRain,ShadowBall,NastyPlot,Protect||||||50|,,,,,Water]Sneasler||FocusSash|Unburden|CloseCombat,DireClaw,ThroatChop,Protect|||M|||50|,,,,,Stellar]Incineroar||SafetyGoggles|Intimidate|FakeOut,FlareBlitz,KnockOff,PartingShot|||F|||50|,,,,,Ghost]Amoonguss||MentalHerb|Regenerator|Spore,RagePowder,SludgeBomb,Protect|||M|||50|,,,,,Water]Ursaluna-Bloodmoon||SilkScarf|MindsEye|BloodMoon,HyperVoice,EarthPower,Protect|||M|||50|,,,,,Normal]Porygon2||Eviolite|Download|IceBeam,TeraBlast,Recover,TrickRoom||||||50|,,,,,Ghost
|inactive|Battle timer is ON: inactive players will automatically lose when time's up. (requested by Alysa Liu)
|inactive|psyspammer69 has 60 seconds left.
|
|t:|1754682965
|teamsize|p1|4
|teamsize|p2|4
|start
|switch|p1a: Torkoal|Torkoal, L50, M|100/100
|switch|p1b: Typhlosion|Typhlosion-Hisui, L50, M|100/100
|switch|p2a: Incineroar|Incineroar, L50, F|100/100
|switch|p2b: Gholdengo|Gholdengo, L50|100/100
|-ability|p2a: Incineroar|Intimidate|boost
|-unboost|p1a: Torkoal|atk|1
|-unboost|p1b: Typhlosion|atk|1
|-weather|SunnyDay|[from] ability: Drought|[of] p1a: Torkoal
|turn|1
|inactive|psyspammer69 has 30 seconds left.
|inactive|psyspammer69 has 20 seconds left.
|
|t:|1754683002
|switch|p1a: Dachsbun|Dachsbun, L50, F|100/100
|-terastallize|p1b: Typhlosion|Fire
|-terastallize|p2b: Gholdengo|Water
|move|p2a: Incineroar|Fake Out|p1a: Dachsbun
|-damage|p1a: Dachsbun|92/100
|move|p1b: Typhlosion|Lava Plume|p2a: Incineroar|[spread] p2a,p2b
|-ability|p1a: Dachsbun|Well-Baked Body|boost
|-boost|p1a: Dachsbun|def|2
|-resisted|p2a: Incineroar
|-resisted|p2b: Gholdengo
|-damage|p2a: Incineroar|65/100
|-damage|p2b: Gholdengo|53/100
|-status|p2b: Gholdengo|brn
|move|p2b: Gholdengo|Shadow Ball|p1b: Typhlosion
|-damage|p1b: Typhlosion|34/100
|-unboost|p1b: Typhlosion|spd|1
|-damage|p2b: Gholdengo|44/100 brn|[from] item: Life Orb
|
|-weather|SunnyDay|[upkeep]
|-heal|p1a: Dachsbun|98/100|[from] item: Leftovers
|-damage|p2b: Gholdengo|38/100 brn|[from] brn
|upkeep
|turn|2
|j| entei enthusiast
|inactive|psyspammer69 has 30 seconds left.
|
|t:|1754683032
|move|p2b: Gholdengo|Protect|p2b: Gholdengo
|-singleturn|p2b: Gholdengo|Protect
|move|p1b: Typhlosion|Lava Plume|p2a: Incineroar|[spread] p2a
|-activate|p2b: Gholdengo|move: Protect
|-ability|p1a: Dachsbun|Well-Baked Body|boost
|-boost|p1a: Dachsbun|def|2
|-resisted|p2a: Incineroar
|-damage|p2a: Incineroar|29/100
|move|p1a: Dachsbun|Body Press|p2a: Incineroar
|-supereffective|p2a: Incineroar
|-damage|p2a: Incineroar|0 fnt
|faint|p2a: Incineroar
|
|-weather|SunnyDay|[upkeep]
|-heal|p1a: Dachsbun|100/100|[from] item: Leftovers
|-damage|p2b: Gholdengo|32/100 brn|[from] brn
|upkeep
|
|t:|1754683035
|switch|p2a: Sneasler|Sneasler, L50, M|100/100
|turn|3
|
|t:|1754683049
|move|p1a: Dachsbun|Protect|p1a: Dachsbun
|-singleturn|p1a: Dachsbun|Protect
|move|p2a: Sneasler|Dire Claw|p1b: Typhlosion
|-damage|p1b: Typhlosion|0 fnt
|faint|p1b: Typhlosion
|move|p2b: Gholdengo|Make It Rain|p1a: Dachsbun
|-activate|p1a: Dachsbun|move: Protect
|
|-weather|SunnyDay|[upkeep]
|-damage|p2b: Gholdengo|26/100 brn|[from] brn
|upkeep
|
|t:|1754683052
|switch|p1b: Lilligant|Lilligant-Hisui, L50, F|100/100
|turn|4
|
|t:|1754683073
|switch|p2b: Porygon2|Porygon2, L50|100/100
|-ability|p2b: Porygon2|Download|boost
|-boost|p2b: Porygon2|spa|1
|move|p1b: Lilligant|Solar Blade||[still]
|-prepare|p1b: Lilligant|Solar Blade
|-anim|p1b: Lilligant|Solar Blade|p2a: Sneasler
|-resisted|p2a: Sneasler
|-damage|p2a: Sneasler|48/100
|move|p2a: Sneasler|Dire Claw|p1b: Lilligant
|-supereffective|p1b: Lilligant
|-enditem|p1b: Lilligant|Focus Sash
|-damage|p1b: Lilligant|1/100
|move|p1a: Dachsbun|Body Press|p2a: Sneasler
|-resisted|p2a: Sneasler
|-damage|p2a: Sneasler|0 fnt
|faint|p2a: Sneasler
|
|-weather|SunnyDay|[upkeep]
|upkeep
|
|t:|1754683088
|switch|p2a: Gholdengo|Gholdengo, L50, tera:Water|26/100 brn
|turn|5
|
|t:|1754683105
|move|p1b: Lilligant|Solar Blade||[still]
|-prepare|p1b: Lilligant|Solar Blade
|-anim|p1b: Lilligant|Solar Blade|p2a: Gholdengo
|-supereffective|p2a: Gholdengo
|-damage|p2a: Gholdengo|0 fnt
|faint|p2a: Gholdengo
|move|p1a: Dachsbun|Body Press|p2b: Porygon2
|-supereffective|p2b: Porygon2
|-crit|p2b: Porygon2
|-damage|p2b: Porygon2|0 fnt
|faint|p2b: Porygon2
|
|win|Alysa Liu
|raw|Alysa Liu's rating: 1336 → 1360(+24 for winning)
|raw|psyspammer69's rating: 1405 → 1381(-24 for losing)
