|j|☆GabboVGC
|j|☆boober_magmar
|html|GabboVGCboober_magmar    
|uhtml|bestof|Game 1 of a best-of-3
|t:|1757679549
|gametype|doubles
|player|p1|GabboVGC|marnie-league|1256
|player|p2|boober_magmar|gambler|1253
|gen|9
|tier|[Gen 9] VGC 2025 Reg H (Bo3)
|rated|
|rule|Species Clause: Limit one of each Pokémon
|rule|Item Clause: Limit 1 of each item
|clearpoke
|poke|p1|Ninetales-Alola, L50, F|
|poke|p1|Annihilape, L50, M|
|poke|p1|Rillaboom, L50, M|
|poke|p1|Ursaluna-Bloodmoon, L50, M|
|poke|p1|Dragonite, L50, F|
|poke|p1|Maushold-Four, L50|
|poke|p2|Annihilape, L50, M|
|poke|p2|Maushold-Four, L50|
|poke|p2|Sinistcha, L50|
|poke|p2|Klefki, L50, F|
|poke|p2|Ursaluna-Bloodmoon, L50, M|
|poke|p2|Ninetales-Alola, L50, F|
|teampreview|4
|showteam|p1|Ninetales-Alola||LightClay|SnowWarning|AuroraVeil,Blizzard,IcyWind,Protect|||F|||50|,,,,,Ghost]Annihilape||SafetyGoggles|Defiant|Protect,BulkUp,DrainPunch,RageFist|||M|||50|,,,,,Fire]Rillaboom||MiracleSeed|GrassySurge|FakeOut,GrassyGlide,WoodHammer,HighHorsepower|||M|||50|,,,,,Fire]Ursaluna-Bloodmoon||AssaultVest|MindsEye|BloodMoon,HyperVoice,EarthPower,VacuumWave|||M|||50|,,,,,Water]Dragonite||LoadedDice|Multiscale|Tailwind,Haze,Protect,ScaleShot|||F|||50|,,,,,Fairy]Maushold-Four||WideLens|Technician|PopulationBomb,BeatUp,FollowMe,Taunt||||||50|,,,,,Ghost
|showteam|p2|Annihilape||Leftovers|Defiant|DrainPunch,RageFist,BulkUp,Protect|||M|||50|,,,,,Fire]Maushold-Four||SafetyGoggles|FriendGuard|BeatUp,Taunt,FollowMe,Protect||||||50|,,,,,Ghost]Sinistcha||SitrusBerry|Hospitality|MatchaGotcha,TrickRoom,LifeDew,RagePowder||||||50|,,,,,Water]Klefki||LightClay|Prankster|Reflect,LightScreen,MistyTerrain,DazzlingGleam|||F|||50|,,,,,Ghost]Ursaluna-Bloodmoon||AssaultVest|MindsEye|HyperVoice,EarthPower,BloodMoon,VacuumWave|||M|||50|,,,,,Water]Ninetales-Alola||FocusSash|SnowWarning|Blizzard,FreezeDry,Encore,Protect|||F|||50|,,,,,Ghost
|j| Mr-High-Tower
|inactive|Battle timer is ON: inactive players will automatically lose when time's up. (requested by GabboVGC)
|
|t:|1757679622
|teamsize|p1|4
|teamsize|p2|4
|start
|switch|p1a: Ninetales|Ninetales-Alola, L50, F|100/100
|switch|p1b: Annihilape|Annihilape, L50, M|100/100
|switch|p2a: Annihilape|Annihilape, L50, M|100/100
|switch|p2b: Maushold|Maushold-Four, L50|100/100
|-weather|Snowscape|[from] ability: Snow Warning|[of] p1a: Ninetales
|turn|1
|
|t:|1757679641
|-terastallize|p2a: Annihilape|Fire
|-terastallize|p1b: Annihilape|Fire
|move|p1a: Ninetales|Aurora Veil|p1a: Ninetales
|-sidestart|p1: GabboVGC|move: Aurora Veil
|move|p2b: Maushold|Beat Up|p2a: Annihilape
|-damage|p2a: Annihilape|99/100
|-damage|p2a: Annihilape|97/100
|-damage|p2a: Annihilape|95/100
|-damage|p2a: Annihilape|93/100
|-hitcount|p2a: Annihilape|4
|move|p2a: Annihilape|Rage Fist|p1b: Annihilape
|-damage|p1b: Annihilape|34/100
|move|p1b: Annihilape|Bulk Up|p1b: Annihilape
|-boost|p1b: Annihilape|atk|1
|-boost|p1b: Annihilape|def|1
|
|-weather|Snowscape|[upkeep]
|-heal|p2a: Annihilape|99/100|[from] item: Leftovers
|upkeep
|turn|2
|inactive|GabboVGC has 30 seconds left.
|inactive|boober_magmar has 30 seconds left.
|inactive|GabboVGC has 20 seconds left.
|inactive|GabboVGC has 15 seconds left.
|
|t:|1757679683
|switch|p2b: Klefki|Klefki, L50, F|100/100
|move|p1a: Ninetales|Icy Wind|p2a: Annihilape|[spread] p2a,p2b
|-resisted|p2a: Annihilape
|-resisted|p2b: Klefki
|-damage|p2a: Annihilape|93/100
|-damage|p2b: Klefki|94/100
|-unboost|p2a: Annihilape|spe|1
|-ability|p2a: Annihilape|Defiant|boost
|-boost|p2a: Annihilape|atk|2
|-unboost|p2b: Klefki|spe|1
|move|p1b: Annihilape|Drain Punch|p2b: Klefki
|-damage|p2b: Klefki|36/100
|-heal|p1b: Annihilape|57/100|[from] drain|[of] p2b: Klefki
|move|p2a: Annihilape|Rage Fist|p1b: Annihilape
|-damage|p1b: Annihilape|0 fnt
|faint|p1b: Annihilape
|
|-weather|Snowscape|[upkeep]
|-heal|p2a: Annihilape|99/100|[from] item: Leftovers
|upkeep
|
|t:|1757679703
|switch|p1b: Ursaluna|Ursaluna-Bloodmoon, L50, M|100/100
|turn|3
|
|t:|1757679717
|move|p2b: Klefki|Light Screen|p2b: Klefki
|-sidestart|p2: boober_magmar|move: Light Screen
|move|p1a: Ninetales|Blizzard|p2b: Klefki|[spread] p2a,p2b
|-resisted|p2a: Annihilape
|-resisted|p2b: Klefki
|-damage|p2a: Annihilape|92/100
|-damage|p2b: Klefki|29/100
|move|p2a: Annihilape|Drain Punch|p1b: Ursaluna
|-supereffective|p1b: Ursaluna
|-damage|p1b: Ursaluna|45/100
|-heal|p2a: Annihilape|100/100|[from] drain|[of] p1b: Ursaluna
|move|p1b: Ursaluna|Earth Power|p2a: Annihilape
|-supereffective|p2a: Annihilape
|-damage|p2a: Annihilape|38/100
|
|-weather|Snowscape|[upkeep]
|-heal|p2a: Annihilape|45/100|[from] item: Leftovers
|upkeep
|turn|4
|
|t:|1757679738
|move|p1a: Ninetales|Icy Wind|p2a: Annihilape|[spread] p2a,p2b
|-resisted|p2a: Annihilape
|-resisted|p2b: Klefki
|-damage|p2a: Annihilape|40/100
|-damage|p2b: Klefki|24/100
|-unboost|p2a: Annihilape|spe|1
|-ability|p2a: Annihilape|Defiant|boost
|-boost|p2a: Annihilape|atk|2
|-unboost|p2b: Klefki|spe|1
|move|p1b: Ursaluna|Earth Power|p2a: Annihilape
|-supereffective|p2a: Annihilape
|-damage|p2a: Annihilape|0 fnt
|faint|p2a: Annihilape
|move|p2b: Klefki|Dazzling Gleam|p1a: Ninetales|[spread] p1a,p1b
|-crit|p1b: Ursaluna
|-damage|p1a: Ninetales|88/100
|-damage|p1b: Ursaluna|23/100
|
|-weather|Snowscape|[upkeep]
|upkeep
|j| aintditto
|
|t:|1757679749
|switch|p2a: Ursaluna|Ursaluna-Bloodmoon, L50, M|100/100
|turn|5
|l| aintditto
|
|t:|1757679764
|move|p1a: Ninetales|Icy Wind|p2a: Ursaluna|[spread] p2a,p2b
|-supereffective|p2a: Ursaluna
|-resisted|p2b: Klefki
|-damage|p2a: Ursaluna|91/100
|-damage|p2b: Klefki|21/100
|-unboost|p2a: Ursaluna|spe|1
|-unboost|p2b: Klefki|spe|1
|move|p1b: Ursaluna|Blood Moon|p2a: Ursaluna
|-damage|p2a: Ursaluna|53/100
|move|p2a: Ursaluna|Blood Moon|p1a: Ninetales
|-damage|p1a: Ninetales|34/100
|move|p2b: Klefki|Dazzling Gleam|p1b: Ursaluna|[spread] p1a,p1b
|-crit|p1b: Ursaluna
|-damage|p1a: Ninetales|21/100
|-damage|p1b: Ursaluna|1/100
|
|-weather|none
|upkeep
|turn|6
|inactive|GabboVGC has 30 seconds left.
|
|t:|1757679792
|switch|p1a: Rillaboom|Rillaboom, L50, M|100/100
|-fieldstart|move: Grassy Terrain|[from] ability: Grassy Surge|[of] p1a: Rillaboom
|move|p1b: Ursaluna|Vacuum Wave|p2a: Ursaluna
|-supereffective|p2a: Ursaluna
|-damage|p2a: Ursaluna|40/100
|move|p2a: Ursaluna|Vacuum Wave|p1a: Rillaboom
|-damage|p1a: Rillaboom|90/100
|move|p2b: Klefki|Dazzling Gleam|p1b: Ursaluna|[spread] p1a,p1b
|-damage|p1a: Rillaboom|78/100
|-damage|p1b: Ursaluna|0 fnt
|faint|p1b: Ursaluna
|
|-heal|p1a: Rillaboom|84/100|[from] Grassy Terrain
|-heal|p2a: Ursaluna|46/100|[from] Grassy Terrain
|-heal|p2b: Klefki|27/100|[from] Grassy Terrain
|upkeep
|
|t:|1757679800
|switch|p1b: Ninetales|Ninetales-Alola, L50, F|21/100
|-weather|Snowscape|[from] ability: Snow Warning|[of] p1b: Ninetales
|turn|7
|
|t:|1757679818
|switch|p2a: Maushold|Maushold-Four, L50|100/100
|move|p2b: Klefki|Misty Terrain|p2b: Klefki
|-fieldstart|move: Misty Terrain
|move|p1b: Ninetales|Blizzard|p2b: Klefki|[spread] p2a,p2b
|-resisted|p2b: Klefki
|-damage|p2a: Maushold|78/100
|-damage|p2b: Klefki|21/100
|move|p1a: Rillaboom|Wood Hammer|p2a: Maushold
|-damage|p2a: Maushold|0 fnt
|faint|p2a: Maushold
|-damage|p1a: Rillaboom|62/100|[from] Recoil
|
|-weather|Snowscape|[upkeep]
|upkeep
|
|t:|1757679829
|switch|p2a: Ursaluna|Ursaluna-Bloodmoon, L50, M|46/100
|turn|8
|
|t:|1757679839
|move|p2b: Klefki|Reflect|p2b: Klefki
|-sidestart|p2: boober_magmar|Reflect
|move|p1b: Ninetales|Icy Wind|p2b: Klefki|[spread] p2a,p2b
|-supereffective|p2a: Ursaluna
|-resisted|p2b: Klefki
|-damage|p2a: Ursaluna|35/100
|-damage|p2b: Klefki|17/100
|-unboost|p2a: Ursaluna|spe|1
|-unboost|p2b: Klefki|spe|1
|move|p1a: Rillaboom|Wood Hammer|p2a: Ursaluna
|-supereffective|p2a: Ursaluna
|-damage|p2a: Ursaluna|0 fnt
|faint|p2a: Ursaluna
|-damage|p1a: Rillaboom|49/100|[from] Recoil
|
|-weather|Snowscape|[upkeep]
|-sideend|p1: GabboVGC|move: Aurora Veil
|upkeep
|turn|9
|
|t:|1757679859
|move|p1b: Ninetales|Blizzard|p2b: Klefki
|-resisted|p2b: Klefki
|-damage|p2b: Klefki|5/100
|move|p1a: Rillaboom|High Horsepower|p2b: Klefki
|-supereffective|p2b: Klefki
|-damage|p2b: Klefki|0 fnt
|faint|p2b: Klefki
|
|win|GabboVGC
||boober_magmar is ready for game 2.
||GabboVGC is ready for game 2.
|uhtml|next|Next: Game 2 of 3
|l| Mr-High-Tower
|l|☆boober_magmar
|player|p2|
