|j|â˜†lobitooooo
|j|â˜†ClumbsyLilBeach
|html|lobitoooooClumbsyLilBeach    
|uhtml|bestof|Game 2 of a best-of-3
|t:|1785983504
|gametype|doubles
|player|p1|lobitooooo|linebacker|1218
|player|p2|ClumbsyLilBeach|jasmine|1277
|gen|9
|tier|[Gen 9 Champions] VGC 2026 Reg M-B (Bo3)
|rated|
|rule|Species Clause: Limit one of each PokÃ©mon
|rule|Item Clause: Limit 1 of each item
|clearpoke
|poke|p1|Garchomp, L50, M|
|poke|p1|Tyranitar, L50, M|
|poke|p1|Corviknight, L50, M|
|poke|p1|Scizor, L50, F|
|poke|p1|Basculegion, L50, M|
|poke|p1|Sneasler, L50, M|
|poke|p2|Charizard, L50, F|
|poke|p2|Pelipper, L50, F|
|poke|p2|Gliscor, L50, F, shiny|
|poke|p2|Talonflame, L50, M|
|poke|p2|Corviknight, L50, M|
|poke|p2|Staraptor, L50, F|
|teampreview|4
|showteam|p1|Garchomp||Garchompite|RoughSkin|EarthPower,Protect,DracoMeteor,PowerGem|Modest||M|||50|]Tyranitar||ChoiceScarf|SandStream|Superpower,IcePunch,RockSlide,KnockOff|Jolly||M|||50|]Corviknight||Leftovers|MirrorArmor|Protect,IronHead,Tailwind,BraveBird|Impish||M|||50|]Scizor||LifeOrb|Technician|Protect,SwordsDance,BugBite,BulletPunch|Adamant||F|||50|]Basculegion||SitrusBerry|Adaptability|AquaJet,Protect,LastRespects,WaveCrash|Jolly||M|||50|]Sneasler||FocusSash|PoisonTouch|PoisonJab,FakeOut,CloseCombat,Protect|Jolly||M|||50|
|showteam|p2|Charizard||CharizarditeY|Blaze|Protect,WeatherBall,HeatWave,SolarBeam|Modest||F|||50|]Pelipper||SitrusBerry|Drizzle|WideGuard,Hurricane,Tailwind,WeatherBall|Modest||F|||50|]Gliscor||ChoiceScarf|HyperCutter|Earthquake,RockSlide,Uturn,IceFang|Jolly||F|||50|]Talonflame||FocusSash|GaleWings|AirSlash,Tailwind,QuickGuard,FeatherDance|Timid||M|||50|]Corviknight||Leftovers|MirrorArmor|Taunt,IronHead,BulkUp,Protect|Adamant||M|||50|]Staraptor||Staraptite|Intimidate|CloseCombat,Roost,BraveBird,Protect|Jolly||F|||50|
|inactive|Battle timer is ON: inactive players will automatically lose when time's up. (requested by ClumbsyLilBeach)
|
|t:|1785983526
|teamsize|p1|4
|teamsize|p2|4
|start
|switch|p1a: Tyranitar|Tyranitar, L50, M|100/100
|switch|p1b: Sneasler|Sneasler, L50, M|100/100
|switch|p2a: Talonflame|Talonflame, L50, M|100/100
|switch|p2b: Staraptor|Staraptor, L50, F|100/100
|-weather|Sandstorm|[from] ability: Sand Stream|[of] p1a: Tyranitar
|-ability|p2b: Staraptor|Intimidate|boost
|-unboost|p1a: Tyranitar|atk|1
|-unboost|p1b: Sneasler|atk|1
|turn|1
|
|t:|1785983548
|move|p2b: Staraptor|Protect|p2b: Staraptor
|-singleturn|p2b: Staraptor|Protect
|move|p1b: Sneasler|Fake Out|p2b: Staraptor
|-activate|p2b: Staraptor|move: Protect
|move|p2a: Talonflame|Tailwind|p2a: Talonflame
|-sidestart|p2: ClumbsyLilBeach|move: Tailwind
|move|p1a: Tyranitar|Rock Slide|p2b: Staraptor|[spread] p2a
|-activate|p2b: Staraptor|move: Protect
|-supereffective|p2a: Talonflame|2
|-enditem|p2a: Talonflame|Focus Sash
|-damage|p2a: Talonflame|1/100
|
|-weather|Sandstorm|[upkeep]
|-damage|p2a: Talonflame|0 fnt|[from] Sandstorm
|-damage|p2b: Staraptor|94/100|[from] Sandstorm
|-damage|p1b: Sneasler|94/100|[from] Sandstorm
|faint|p2a: Talonflame
|upkeep
|
|t:|1785983565
|switch|p2a: Gliscor|Gliscor, L50, F, shiny|100/100
|turn|2
|
|t:|1785983573
|switch|p1a: Corviknight|Corviknight, L50, M|100/100
|detailschange|p2b: Staraptor|Staraptor-Mega, L50, F
|-mega|p2b: Staraptor|Staraptor|Staraptite
|move|p2a: Gliscor|Earthquake|p1a: Corviknight|[spread] p1b
|-immune|p2b: Staraptor
|-immune|p1a: Corviknight
|-supereffective|p1b: Sneasler|1
|-damage|p1b: Sneasler|0 fnt
|faint|p1b: Sneasler
|move|p2b: Staraptor|Close Combat|p1a: Corviknight
|-damage|p1a: Corviknight|60/100
|-boost|p2b: Staraptor|def|1
|-boost|p2b: Staraptor|spd|1
|
|-weather|Sandstorm|[upkeep]
|-damage|p2b: Staraptor|88/100|[from] Sandstorm
|-heal|p1a: Corviknight|66/100|[from] item: Leftovers
|upkeep
|
|t:|1785983592
|switch|p1b: Garchomp|Garchomp, L50, M|100/100
|turn|3
|
|t:|1785983600
|move|p1b: Garchomp|Protect|p1b: Garchomp
|-singleturn|p1b: Garchomp|Protect
|move|p2a: Gliscor|Earthquake|p1b: Garchomp|[spread] 
|-activate|p1b: Garchomp|move: Protect
|-immune|p2b: Staraptor
|-immune|p1a: Corviknight
|move|p2b: Staraptor|Close Combat|p1a: Corviknight
|-damage|p1a: Corviknight|27/100
|-boost|p2b: Staraptor|def|1
|-boost|p2b: Staraptor|spd|1
|move|p1a: Corviknight|Tailwind|p1a: Corviknight
|-sidestart|p1: lobitooooo|move: Tailwind
|
|-weather|Sandstorm|[upkeep]
|-damage|p2b: Staraptor|82/100|[from] Sandstorm
|-heal|p1a: Corviknight|33/100|[from] item: Leftovers
|upkeep
|turn|4
|inactive|lobitooooo has 30 seconds left.
|inactive|lobitooooo has 20 seconds left.
|
|t:|1785983637
|detailschange|p1b: Garchomp|Garchomp-Mega, L50, M
|-mega|p1b: Garchomp|Garchomp|Garchompite
|move|p1a: Corviknight|Protect|p1a: Corviknight
|-singleturn|p1a: Corviknight|Protect
|move|p2a: Gliscor|Earthquake|p1b: Garchomp|[spread] p1b
|-activate|p1a: Corviknight|move: Protect
|-immune|p2b: Staraptor
|-damage|p1b: Garchomp|73/100
|move|p2b: Staraptor|Close Combat|p1b: Garchomp
|-damage|p1b: Garchomp|31/100
|-boost|p2b: Staraptor|def|1
|-boost|p2b: Staraptor|spd|1
|move|p1b: Garchomp|Power Gem|p2a: Gliscor
|-damage|p2a: Gliscor|50/100g
|
|-weather|Sandstorm|[upkeep]
|-damage|p2b: Staraptor|76/100|[from] Sandstorm
|-heal|p1a: Corviknight|39/100|[from] item: Leftovers
|-sideend|p2: ClumbsyLilBeach|move: Tailwind
|upkeep
|turn|5
|
|t:|1785983660
|move|p1b: Garchomp|Draco Meteor|p2b: Staraptor
|-damage|p2b: Staraptor|48/100
|-unboost|p1b: Garchomp|spa|2
|move|p2a: Gliscor|Earthquake|p1a: Corviknight|[spread] p1b
|-immune|p2b: Staraptor
|-immune|p1a: Corviknight
|-damage|p1b: Garchomp|5/100
|move|p1a: Corviknight|Brave Bird|p2b: Staraptor
|-supereffective|p2b: Staraptor|1
|-damage|p2b: Staraptor|21/100
|-damage|p1a: Corviknight|31/100|[from] Recoil
|move|p2b: Staraptor|Close Combat|p1a: Corviknight
|-damage|p1a: Corviknight|0 fnt
|-boost|p2b: Staraptor|def|1
|-boost|p2b: Staraptor|spd|1
|faint|p1a: Corviknight
|
|-weather|none
|upkeep
|
|t:|1785983681
|switch|p1a: Tyranitar|Tyranitar, L50, M|100/100
|-weather|Sandstorm|[from] ability: Sand Stream|[of] p1a: Tyranitar
|turn|6
|
|t:|1785983689
|move|p2b: Staraptor|Protect|p2b: Staraptor
|-singleturn|p2b: Staraptor|Protect
|move|p1a: Tyranitar|Ice Punch|p2b: Staraptor
|-activate|p2b: Staraptor|move: Protect
|move|p1b: Garchomp|Power Gem|p2a: Gliscor
|-damage|p2a: Gliscor|24/100
|move|p2a: Gliscor|Earthquake|p1a: Tyranitar|[spread] p1a,p1b
|-activate|p2b: Staraptor|move: Protect
|-supereffective|p1a: Tyranitar|1
|-damage|p1a: Tyranitar|45/100
|-damage|p1b: Garchomp|0 fnt
|faint|p1b: Garchomp
|
|-weather|Sandstorm|[upkeep]
|-damage|p2b: Staraptor|15/100|[from] Sandstorm
|-sideend|p1: lobitooooo|move: Tailwind
|upkeep
|turn|7
|c|â˜†lobitooooo|Gg
|l|â˜†lobitooooo
|inactive|lobitooooo disconnected and has a minute to reconnect!
|player|p1|
|inactive|lobitooooo has 30 seconds left.
|inactive|lobitooooo has 20 seconds left.
|inactive|lobitooooo has 15 seconds left.
|inactive|lobitooooo has 10 seconds left.
|inactive|lobitooooo has 5 seconds left.
|-message|lobitooooo lost due to inactivity.
|
|win|ClumbsyLilBeach
|raw|lobitooooo's rating: 1218 → 1197(-21 for losing)
|raw|ClumbsyLilBeach's rating: 1277 → 1298(+21 for winning)
