|j|☆higigig
|j|☆anino23
|html|higigiganino23    
|uhtml|bestof|Game 1 of a best-of-3
|t:|1756265632
|gametype|doubles
|player|p1|higigig|sisandbro|1038
|player|p2|anino23|101|1039
|gen|9
|tier|[Gen 9] VGC 2025 Reg H (Bo3)
|rated|
|rule|Species Clause: Limit one of each Pokémon
|rule|Item Clause: Limit 1 of each item
|clearpoke
|poke|p1|Sneasler, L50, M|
|poke|p1|Gholdengo, L50|
|poke|p1|Amoonguss, L50, F|
|poke|p1|Incineroar, L50, M|
|poke|p1|Farigiraf, L50, M|
|poke|p1|Ursaluna-Bloodmoon, L50, M|
|poke|p2|Jolteon, L50, F|
|poke|p2|Dragonite, L50, F|
|poke|p2|Porygon2, L50|
|poke|p2|Ursaluna, L50, M|
|poke|p2|Incineroar, L50, M|
|poke|p2|Gholdengo, L50|
|teampreview|4
|showteam|p1|Sneasler||ClearAmulet|PoisonTouch|FakeOut,CloseCombat,DireClaw,Protect|||M|||50|,,,,,Fighting]Gholdengo||MetalCoat|GoodasGold|NastyPlot,MakeItRain,ShadowBall,Protect||||||50|,,,,,Water]Amoonguss||SitrusBerry|Regenerator|SludgeBomb,PollenPuff,Spore,RagePowder|||F|||50|,,,,,Water]Incineroar||SafetyGoggles|Intimidate|FakeOut,FlareBlitz,KnockOff,PartingShot|||M|||50|,,,,,Ghost]Farigiraf||MentalHerb|ArmorTail|Psychic,Imprison,TrickRoom,Protect|||M|||50|,,,,,Grass]Ursaluna-Bloodmoon||ThroatSpray|MindsEye|HyperVoice,EarthPower,BloodMoon,Protect|||M|||50|,,,,,Normal
|showteam|p2|Jolteon||FocusSash|VoltAbsorb|Electroweb,Detect,Thunderbolt,VoltSwitch|||F|||50|,,,,,Electric]Dragonite||LoadedDice|Multiscale|ScaleShot,ExtremeSpeed,Protect,Tailwind|||F|||50|,,,,,Normal]Porygon2||Eviolite|Download|TrickRoom,IceBeam,Recover,TeraBlast||||||50|,,,,,Fairy]Ursaluna||FlameOrb|Guts|Facade,HeadlongRush,Earthquake,Protect|||M|||50|,,,,,Ghost]Incineroar||SafetyGoggles|Intimidate|FakeOut,PartingShot,FlareBlitz,KnockOff|||M|||50|,,,,,Grass]Gholdengo||ChoiceSpecs|GoodasGold|MakeItRain,ShadowBall,Trick,DazzlingGleam||||||50|,,,,,Steel
|inactive|Battle timer is ON: inactive players will automatically lose when time's up. (requested by higigig)
|inactive|higigig has 60 seconds left.
|inactive|anino23 has 60 seconds left.
|inactive|anino23 has 30 seconds left.
|inactive|anino23 has 20 seconds left.
|inactive|anino23 has 15 seconds left.
|
|t:|1756265711
|teamsize|p1|4
|teamsize|p2|4
|start
|switch|p1a: Sneasler|Sneasler, L50, M|100/100
|switch|p1b: Ursaluna|Ursaluna-Bloodmoon, L50, M|100/100
|switch|p2a: Jolteon|Jolteon, L50, F|100/100
|switch|p2b: Dragonite|Dragonite, L50, F|100/100
|turn|1
|inactive|higigig has 30 seconds left.
|inactive|anino23 has 30 seconds left.
|inactive|anino23 has 20 seconds left.
|inactive|anino23 has 15 seconds left.
|inactive|anino23 has 10 seconds left.
|
|t:|1756265758
|switch|p1a: Incineroar|Incineroar, L50, M|100/100
|-ability|p1a: Incineroar|Intimidate|boost
|-unboost|p2a: Jolteon|atk|1
|-unboost|p2b: Dragonite|atk|1
|move|p2a: Jolteon|Detect|p2a: Jolteon
|-singleturn|p2a: Jolteon|Protect
|move|p2b: Dragonite|Scale Shot|p1b: Ursaluna
|-damage|p1b: Ursaluna|93/100
|-damage|p1b: Ursaluna|86/100
|-damage|p1b: Ursaluna|79/100
|-damage|p1b: Ursaluna|71/100
|-hitcount|p1b: Ursaluna|4
|-unboost|p2b: Dragonite|def|1
|-boost|p2b: Dragonite|spe|1
|move|p1b: Ursaluna|Hyper Voice|p2a: Jolteon|[spread] p2b
|-activate|p2a: Jolteon|move: Protect
|-damage|p2b: Dragonite|78/100
|-enditem|p1b: Ursaluna|Throat Spray
|-boost|p1b: Ursaluna|spa|1|[from] item: Throat Spray
|
|upkeep
|turn|2
|inactive|higigig has 30 seconds left.
|inactive|anino23 has 30 seconds left.
|inactive|higigig has 20 seconds left.
|inactive|anino23 has 20 seconds left.
|inactive|anino23 has 15 seconds left.
|
|t:|1756265799
|switch|p1a: Sneasler|Sneasler, L50, M|100/100
|move|p2b: Dragonite|Protect|p2b: Dragonite
|-singleturn|p2b: Dragonite|Protect
|move|p2a: Jolteon|Volt Switch|p1a: Sneasler
|-damage|p1a: Sneasler|60/100
|
|t:|1756265809
|switch|p2a: Gholdengo|Gholdengo, L50|100/100|[from] Volt Switch
|move|p1b: Ursaluna|Hyper Voice|p2b: Dragonite|[spread] p2a
|-activate|p2b: Dragonite|move: Protect
|-resisted|p2a: Gholdengo
|-damage|p2a: Gholdengo|69/100
|
|upkeep
|turn|3
|inactive|higigig has 30 seconds left.
|inactive|anino23 has 30 seconds left.
|inactive|higigig has 20 seconds left.
|inactive|anino23 has 20 seconds left.
|inactive|anino23 has 15 seconds left.
|inactive|anino23 has 10 seconds left.
|
|t:|1756265856
|switch|p1b: Incineroar|Incineroar, L50, M|100/100
|-ability|p1b: Incineroar|Intimidate|boost
|-unboost|p2a: Gholdengo|atk|1
|-unboost|p2b: Dragonite|atk|1
|move|p1a: Sneasler|Fake Out|p2b: Dragonite
|-damage|p2b: Dragonite|55/100
|cant|p2b: Dragonite|flinch
|move|p2a: Gholdengo|Make It Rain|p1b: Incineroar|[spread] p1a,p1b
|-resisted|p1b: Incineroar
|-damage|p1a: Sneasler|0 fnt
|-damage|p1b: Incineroar|72/100
|-unboost|p2a: Gholdengo|spa|1
|faint|p1a: Sneasler
|
|upkeep
|
|t:|1756265873
|switch|p1a: Farigiraf|Farigiraf, L50, M|100/100
|turn|4
|
|t:|1756265884
|switch|p2a: Incineroar|Incineroar, L50, M|100/100
|-ability|p2a: Incineroar|Intimidate|boost
|-unboost|p1a: Farigiraf|atk|1
|-unboost|p1b: Incineroar|atk|1
|move|p2b: Dragonite|Tailwind|p2b: Dragonite
|-sidestart|p2: anino23|move: Tailwind
|move|p1b: Incineroar|Knock Off|p2a: Incineroar
|-resisted|p2a: Incineroar
|-damage|p2a: Incineroar|87/100
|-enditem|p2a: Incineroar|Safety Goggles|[from] move: Knock Off|[of] p1b: Incineroar
|move|p1a: Farigiraf|Trick Room|p1a: Farigiraf
|-fieldstart|move: Trick Room|[of] p1a: Farigiraf
|
|upkeep
|turn|5
|inactive|higigig has 30 seconds left.
|inactive|anino23 has 30 seconds left.
|
|t:|1756265922
|move|p1a: Farigiraf|Psychic|p2b: Dragonite
|-damage|p2b: Dragonite|20/100
|move|p1b: Incineroar|Parting Shot|p2a: Incineroar
|-unboost|p2a: Incineroar|atk|1
|-unboost|p2a: Incineroar|spa|1
|
|t:|1756265932
|switch|p1b: Ursaluna|Ursaluna-Bloodmoon, L50, M|71/100|[from] Parting Shot
|move|p2a: Incineroar|Knock Off|p1a: Farigiraf
|-supereffective|p1a: Farigiraf
|-damage|p1a: Farigiraf|63/100
|-enditem|p1a: Farigiraf|Mental Herb|[from] move: Knock Off|[of] p2a: Incineroar
|move|p2b: Dragonite|Scale Shot|p1b: Ursaluna
|-damage|p1b: Ursaluna|65/100
|-damage|p1b: Ursaluna|60/100
|-crit|p1b: Ursaluna
|-damage|p1b: Ursaluna|43/100
|-damage|p1b: Ursaluna|37/100
|-damage|p1b: Ursaluna|31/100
|-hitcount|p1b: Ursaluna|5
|-unboost|p2b: Dragonite|def|1
|-boost|p2b: Dragonite|spe|1
|
|upkeep
|turn|6
|inactive|anino23 has 30 seconds left.
|
|t:|1756265964
|switch|p1a: Incineroar|Incineroar, L50, M|72/100
|-ability|p1a: Incineroar|Intimidate|boost
|-unboost|p2a: Incineroar|atk|1
|-unboost|p2b: Dragonite|atk|1
|switch|p2b: Gholdengo|Gholdengo, L50|69/100
|move|p1b: Ursaluna|Earth Power|p2a: Incineroar
|-supereffective|p2a: Incineroar
|-crit|p2a: Incineroar
|-damage|p2a: Incineroar|0 fnt
|faint|p2a: Incineroar
|
|upkeep
|
|t:|1756265975
|switch|p2a: Dragonite|Dragonite, L50, F|20/100
|turn|7
|inactive|anino23 has 30 seconds left.
|inactive|higigig has 30 seconds left.
|inactive|anino23 has 20 seconds left.
|inactive|higigig has 20 seconds left.
|inactive|anino23 has 15 seconds left.
|inactive|anino23 has 10 seconds left.
|inactive|anino23 has 5 seconds left.
|inactive|higigig has 15 seconds left.
|
|t:|1756266033
|switch|p1a: Farigiraf|Farigiraf, L50, M|63/100
|move|p1b: Ursaluna|Earth Power|p2b: Gholdengo
|-supereffective|p2b: Gholdengo
|-damage|p2b: Gholdengo|0 fnt
|faint|p2b: Gholdengo
|move|p2a: Dragonite|Scale Shot|p1a: Farigiraf
|-damage|p1a: Farigiraf|52/100
|-damage|p1a: Farigiraf|41/100
|-damage|p1a: Farigiraf|28/100
|-damage|p1a: Farigiraf|16/100
|-damage|p1a: Farigiraf|4/100
|-hitcount|p1a: Farigiraf|5
|-unboost|p2a: Dragonite|def|1
|-boost|p2a: Dragonite|spe|1
|
|-sideend|p2: anino23|move: Tailwind
|upkeep
|
|t:|1756266048
|switch|p2b: Jolteon|Jolteon, L50, F|100/100
|turn|8
|inactive|higigig has 30 seconds left.
|inactive|anino23 has 30 seconds left.
|inactive|anino23 has 20 seconds left.
|
|t:|1756266089
|switch|p1a: Incineroar|Incineroar, L50, M|72/100
|-ability|p1a: Incineroar|Intimidate|boost
|-unboost|p2a: Dragonite|atk|1
|-unboost|p2b: Jolteon|atk|1
|move|p2a: Dragonite|Protect|p2a: Dragonite
|-singleturn|p2a: Dragonite|Protect
|move|p1b: Ursaluna|Hyper Voice|p2a: Dragonite|[spread] p2b
|-activate|p2a: Dragonite|move: Protect
|-damage|p2b: Jolteon|53/100
|move|p2b: Jolteon|Thunderbolt|p1a: Incineroar
|-damage|p1a: Incineroar|38/100
|
|-fieldend|move: Trick Room
|upkeep
|turn|9
|inactive|anino23 has 30 seconds left.
|inactive|anino23 has 20 seconds left.
|inactive|anino23 has 15 seconds left.
|
|t:|1756266134
|-terastallize|p2a: Dragonite|Normal
|move|p1a: Incineroar|Fake Out|p2a: Dragonite
|-damage|p2a: Dragonite|0 fnt
|faint|p2a: Dragonite
|move|p2b: Jolteon|Thunderbolt|p1a: Incineroar
|-damage|p1a: Incineroar|3/100
|move|p1b: Ursaluna|Hyper Voice|p2b: Jolteon
|-damage|p2b: Jolteon|0 fnt
|faint|p2b: Jolteon
|
|win|higigig
