|j|☆aygguan
|j|☆Iceman5687
|html|aygguanIceman5687    
|uhtml|bestof|Game 1 of a best-of-3
|t:|1782464363
|gametype|doubles
|player|p1|aygguan|1|1120
|player|p2|Iceman5687|101|1197
|gen|9
|tier|[Gen 9 Champions] VGC 2026 Reg M-B (Bo3)
|rated|
|rule|Species Clause: Limit one of each Pokémon
|rule|Item Clause: Limit 1 of each item
|clearpoke
|poke|p1|Incineroar, L50, M|
|poke|p1|Farigiraf, L50, M|
|poke|p1|Torkoal, L50, F|
|poke|p1|Maushold, L50|
|poke|p1|Mawile, L50, F|
|poke|p1|Pyroar, L50, F|
|poke|p2|Floette-Eternal, L50, F|
|poke|p2|Charizard, L50, M|
|poke|p2|Kingambit, L50, F|
|poke|p2|Whimsicott, L50, F|
|poke|p2|Basculegion, L50, M|
|poke|p2|Garchomp, L50, F|
|teampreview|4
|showteam|p1|Incineroar||WhiteHerb|Intimidate|FakeOut,FlareBlitz,DarkestLariat,CloseCombat|Brave||M|||50|]Farigiraf||SitrusBerry|ArmorTail|TwinBeam,HelpingHand,TrickRoom,Protect|Bold||M|||50|]Torkoal||Charcoal|Drought|Eruption,WeatherBall,HelpingHand,Protect|Modest||F|||50|]Maushold||WideLens|Technician|PopulationBomb,Charm,FollowMe,Protect|Jolly|||||50|]Mawile||Mawilite|Intimidate|PlayRough,SuckerPunch,SwordsDance,Protect|Adamant||F|||50|]Pyroar||Pyroarite|Unnerve|Overheat,HeatWave,SolarBeam,Protect|Timid||F|||50|
|showteam|p2|Floette-Eternal||Floettite|FlowerVeil|LightofRuin,Moonblast,DazzlingGleam,Protect|Modest||F|||50|]Charizard||CharizarditeY|Blaze|SolarBeam,HeatWave,WeatherBall,Protect|Modest||M|||50|]Kingambit||ChopleBerry|Defiant|IronHead,LowKick,KowtowCleave,SuckerPunch|Adamant||F|||50|]Whimsicott||FocusSash|Prankster|Moonblast,Tailwind,Encore,Protect|Timid||F|||50|]Basculegion||LifeOrb|Adaptability|WaveCrash,Protect,LastRespects,AquaJet|Adamant||M|||50|]Garchomp||RoseliBerry|RoughSkin|Earthquake,RockSlide,PoisonJab,DragonClaw|Adamant||F|||50|
|inactive|Battle timer is ON: inactive players will automatically lose when time's up. (requested by aygguan)
|
|t:|1782464392
|teamsize|p1|4
|teamsize|p2|4
|start
|switch|p1a: Maushold|Maushold, L50|100/100
|switch|p1b: Pyroar|Pyroar, L50, F|100/100
|switch|p2a: Kingambit|Kingambit, L50, F|100/100
|switch|p2b: Charizard|Charizard, L50, M|100/100
|-ability|p1b: Pyroar|Unnerve
|turn|1
|
|t:|1782464417
|switch|p2b: Garchomp|Garchomp, L50, F|100/100
|detailschange|p1b: Pyroar|Pyroar-Mega, L50, F
|-mega|p1b: Pyroar|Pyroar|Pyroarite
|move|p1b: Pyroar|Heat Wave|p2b: Garchomp|[spread] p2a,p2b
|-supereffective|p2a: Kingambit|1
|-resisted|p2b: Garchomp|1
|-damage|p2a: Kingambit|5/100
|-damage|p2b: Garchomp|73/100
|-status|p2b: Garchomp|brn
|move|p1a: Maushold|Population Bomb|p2b: Garchomp
|-damage|p2b: Garchomp|63/100 brn
|-damage|p1a: Maushold|87/100|[from] ability: Rough Skin|[of] p2b: Garchomp
|-damage|p2b: Garchomp|54/100 brn
|-damage|p1a: Maushold|75/100|[from] ability: Rough Skin|[of] p2b: Garchomp
|-damage|p2b: Garchomp|44/100 brn
|-damage|p1a: Maushold|63/100|[from] ability: Rough Skin|[of] p2b: Garchomp
|-hitcount|p2b: Garchomp|3
|move|p2a: Kingambit|Kowtow Cleave|p1b: Pyroar
|-damage|p1b: Pyroar|46/100
|
|-damage|p2b: Garchomp|38/100 brn|[from] brn
|upkeep
|turn|2
|
|t:|1782464440
|move|p1b: Pyroar|Protect|p1b: Pyroar
|-singleturn|p1b: Pyroar|Protect
|move|p2a: Kingambit|Sucker Punch||[still]
|-fail|p2a: Kingambit
|move|p1a: Maushold|Population Bomb|p2a: Kingambit
|-resisted|p2a: Kingambit|1
|-damage|p2a: Kingambit|1/100
|-resisted|p2a: Kingambit|1
|-damage|p2a: Kingambit|0 fnt
|faint|p2a: Kingambit
|-hitcount|p2: Kingambit|2
|move|p2b: Garchomp|Earthquake|p1a: Maushold|[spread] p1a
|-activate|p1b: Pyroar|move: Protect
|-crit|p1a: Maushold
|-damage|p1a: Maushold|17/100
|
|-damage|p2b: Garchomp|32/100 brn|[from] brn
|upkeep
|
|t:|1782464449
|switch|p2a: Basculegion|Basculegion, L50, M|100/100
|turn|3
|
|t:|1782464464
|move|p2a: Basculegion|Aqua Jet|p1a: Maushold
|-damage|p1a: Maushold|0 fnt
|faint|p1a: Maushold
|-damage|p2a: Basculegion|90/100|[from] item: Life Orb
|move|p1b: Pyroar|Heat Wave|p2a: Basculegion|[spread] p2a
|-miss|p1b: Pyroar|p2b: Garchomp
|-resisted|p2a: Basculegion|1
|-damage|p2a: Basculegion|59/100
|move|p2b: Garchomp|Rock Slide|p1b: Pyroar
|-supereffective|p1b: Pyroar|1
|-damage|p1b: Pyroar|15/100
|
|-damage|p2b: Garchomp|26/100 brn|[from] brn
|upkeep
|
|t:|1782464472
|switch|p1a: Farigiraf|Farigiraf, L50, M|100/100
|turn|4
|
|t:|1782464487
|move|p1b: Pyroar|Overheat|p2a: Basculegion
|-resisted|p2a: Basculegion|1
|-damage|p2a: Basculegion|0 fnt
|-unboost|p1b: Pyroar|spa|2
|faint|p2a: Basculegion
|move|p2b: Garchomp|Rock Slide|p1a: Farigiraf|[spread] p1a,p1b
|-supereffective|p1b: Pyroar|1
|-damage|p1a: Farigiraf|92/100
|-damage|p1b: Pyroar|0 fnt
|faint|p1b: Pyroar
|move|p1a: Farigiraf|Trick Room|p1a: Farigiraf
|-fieldstart|move: Trick Room|[of] p1a: Farigiraf
|
|-damage|p2b: Garchomp|20/100y brn|[from] brn
|upkeep
|
|t:|1782464494
|switch|p2a: Charizard|Charizard, L50, M|100/100
|switch|p1b: Torkoal|Torkoal, L50, F|100/100
|-weather|SunnyDay|[from] ability: Drought|[of] p1b: Torkoal
|turn|5
|
|t:|1782464508
|detailschange|p2a: Charizard|Charizard-Mega-Y, L50, M
|-mega|p2a: Charizard|Charizard|Charizardite Y
|move|p1b: Torkoal|Eruption|p2a: Charizard|[spread] p2a,p2b
|-resisted|p2a: Charizard|1
|-resisted|p2b: Garchomp|1
|-crit|p2b: Garchomp
|-damage|p2a: Charizard|63/100
|-damage|p2b: Garchomp|0 fnt
|faint|p2b: Garchomp
|move|p1a: Farigiraf|Twin Beam|p2a: Charizard
|-damage|p2a: Charizard|50/100g
|-damage|p2a: Charizard|37/100
|-hitcount|p2a: Charizard|2
|move|p2a: Charizard|Heat Wave|p1a: Farigiraf|[spread] p1b
|-miss|p2a: Charizard|p1a: Farigiraf
|-resisted|p1b: Torkoal|1
|-damage|p1b: Torkoal|57/100
|
|-weather|SunnyDay|[upkeep]
|upkeep
|turn|6
|-message|Iceman5687 forfeited.
|
|win|aygguan
