|j|☆Yato1226
|j|☆littlepotato13
|html|Yato1226littlepotato13    
|uhtml|bestof|Game 1 of a best-of-3
|t:|1784567965
|gametype|doubles
|player|p1|Yato1226|dragontamer|1308
|player|p2|littlepotato13|1|1253
|gen|9
|tier|[Gen 9 Champions] VGC 2026 Reg M-B (Bo3)
|rated|
|rule|Species Clause: Limit one of each Pokémon
|rule|Item Clause: Limit 1 of each item
|clearpoke
|poke|p1|Staraptor, L50, F|
|poke|p1|Grimmsnarl, L50, M|
|poke|p1|Raichu, L50, F|
|poke|p1|Ceruledge, L50, F|
|poke|p1|Sinistcha, L50|
|poke|p1|Kingambit, L50, M|
|poke|p2|Whimsicott, L50, M|
|poke|p2|Floette-Eternal, L50, F|
|poke|p2|Garchomp, L50, F|
|poke|p2|Charizard, L50, F|
|poke|p2|Basculegion, L50, M|
|poke|p2|Kingambit, L50, M|
|teampreview|4
|showteam|p1|Staraptor||Staraptite|Intimidate|CloseCombat,BraveBird,Roost,Protect|Jolly||F|||50|]Grimmsnarl||LightClay|Prankster|SpiritBreak,Reflect,LightScreen,PartingShot|Careful||M|||50|]Raichu||FocusSash|LightningRod|VoltSwitch,Electroweb,Charm,FakeOut|Timid||F|||50|]Ceruledge||ColburBerry|FlashFire|BitterBlade,ShadowSneak,BulkUp,Protect|Adamant||F|||50|]Sinistcha||SitrusBerry|Hospitality|MatchaGotcha,RagePowder,TrickRoom,Protect|Bold|||||50|]Kingambit||LifeOrb|Defiant|KowtowCleave,SuckerPunch,IronHead,Protect|Adamant||M|||50|
|showteam|p2|Whimsicott||FocusSash|Prankster|Protect,Tailwind,Encore,Moonblast|Timid||M|||50|]Floette-Eternal||Floettite|FlowerVeil|Protect,DazzlingGleam,Moonblast,LightofRuin|Modest||F|||50|]Garchomp||LifeOrb|RoughSkin|Protect,RockSlide,DragonClaw,Earthquake|Jolly||F|||50|]Charizard||CharizarditeY|Blaze|Protect,SolarBeam,HeatWave,WeatherBall|Modest||F|||50|]Basculegion||ChoiceScarf|Adaptability|AquaJet,FlipTurn,WaveCrash,LastRespects|Jolly||M|||50|]Kingambit||BlackGlasses|Defiant|Protect,KowtowCleave,SuckerPunch,IronHead|Adamant||M|||50|
|inactive|Battle timer is ON: inactive players will automatically lose when time's up. (requested by littlepotato13)
|j| Agent_999_999
|l| Agent_999_999
|inactive|littlepotato13 has 60 seconds left.
|
|t:|1784568013
|teamsize|p1|4
|teamsize|p2|4
|start
|switch|p1a: Ceruledge|Ceruledge, L50, F|100/100
|switch|p1b: Grimmsnarl|Grimmsnarl, L50, M|100/100
|switch|p2a: Whimsicott|Whimsicott, L50, M|100/100
|switch|p2b: Garchomp|Garchomp, L50, F|100/100
|turn|1
|
|t:|1784568033
|move|p1b: Grimmsnarl|Reflect|p1b: Grimmsnarl
|-sidestart|p1: Yato1226|Reflect
|move|p2a: Whimsicott|Moonblast|p1b: Grimmsnarl
|-supereffective|p1b: Grimmsnarl|1
|-damage|p1b: Grimmsnarl|43/100
|move|p2b: Garchomp|Earthquake|p1a: Ceruledge|[spread] p2a,p1a,p1b
|-resisted|p2a: Whimsicott|1
|-supereffective|p1a: Ceruledge|1
|-damage|p2a: Whimsicott|59/100
|-damage|p1a: Ceruledge|33/100
|-damage|p1b: Grimmsnarl|3/100
|-damage|p2b: Garchomp|90/100|[from] item: Life Orb
|move|p1a: Ceruledge|Bulk Up|p1a: Ceruledge
|-boost|p1a: Ceruledge|atk|1
|-boost|p1a: Ceruledge|def|1
|
|upkeep
|turn|2
|
|t:|1784568055
|move|p1a: Ceruledge|Protect|p1a: Ceruledge
|-singleturn|p1a: Ceruledge|Protect
|move|p1b: Grimmsnarl|Parting Shot|p2b: Garchomp
|-unboost|p2b: Garchomp|atk|1
|-unboost|p2b: Garchomp|spa|1
|
|t:|1784568061
|switch|p1b: Raichu|Raichu, L50, F|100/100|[from] Parting Shot
|move|p2a: Whimsicott|Moonblast|p1a: Ceruledge
|-activate|p1a: Ceruledge|move: Protect
|move|p2b: Garchomp|Rock Slide|p1b: Raichu|[spread] p1b
|-activate|p1a: Ceruledge|move: Protect
|-damage|p1b: Raichu|75/100
|-damage|p2b: Garchomp|80/100|[from] item: Life Orb
|
|upkeep
|turn|3
|inactive|Yato1226 has 30 seconds left.
|inactive|littlepotato13 has 30 seconds left.
|inactive|Yato1226 has 20 seconds left.
|
|t:|1784568097
|switch|p2b: Floette|Floette-Eternal, L50, F|100/100
|switch|p1a: Staraptor|Staraptor, L50, F|100/100
|-ability|p1a: Staraptor|Intimidate|boost
|-block|p2a: Whimsicott|ability: Flower Veil|[of] p2b: Floette
|-unboost|p2b: Floette|atk|1
|move|p2a: Whimsicott|Protect|p2a: Whimsicott
|-singleturn|p2a: Whimsicott|Protect
|move|p1b: Raichu|Volt Switch|p2a: Whimsicott
|-activate|p2a: Whimsicott|move: Protect
|
|upkeep
|turn|4
|inactive|Yato1226 has 30 seconds left.
|
|t:|1784568124
|detailschange|p2b: Floette|Floette-Mega, L50, F
|-mega|p2b: Floette|Floette|Floettite
|-ability|p2b: Floette|Fairy Aura
|move|p2a: Whimsicott|Tailwind|p2a: Whimsicott
|-sidestart|p2: littlepotato13|move: Tailwind
|move|p2b: Floette|Dazzling Gleam|p1b: Raichu|[spread] p1a,p1b
|-damage|p1a: Staraptor|35/100
|-damage|p1b: Raichu|1/100
|move|p1b: Raichu|Volt Switch|p2b: Floette
|-damage|p2b: Floette|76/100
|
|t:|1784568134
|switch|p1b: Ceruledge|Ceruledge, L50, F|33/100|[from] Volt Switch
|move|p1a: Staraptor|Brave Bird|p2b: Floette
|-damage|p2b: Floette|21/100
|-damage|p1a: Staraptor|20/100y|[from] Recoil
|
|upkeep
|turn|5
|
|t:|1784568154
|switch|p2b: Garchomp|Garchomp, L50, F|80/100
|move|p2a: Whimsicott|Moonblast|p1a: Staraptor
|-damage|p1a: Staraptor|0 fnt
|faint|p1a: Staraptor
|move|p1b: Ceruledge|Bitter Blade|p2a: Whimsicott
|-supereffective|p2a: Whimsicott|1
|-damage|p2a: Whimsicott|0 fnt
|-heal|p1b: Ceruledge|56/100|[from] drain|[of] p2a: Whimsicott
|faint|p2a: Whimsicott
|
|upkeep
|-message|Yato1226 forfeited.
|
|win|littlepotato13
||Yato1226 is ready for game 2.
||littlepotato13 is ready for game 2.
|uhtml|next|Next: Game 2 of 3
