|j|☆AirBloom
|j|☆abgesaftet
|html|AirBloomabgesaftet    
|uhtml|bestof|Game 2 of a best-of-3
|t:|1783690358
|gametype|doubles
|player|p1|AirBloom|sabrina|1395
|player|p2|abgesaftet|ballguy|1442
|gen|9
|tier|[Gen 9 Champions] VGC 2026 Reg M-B (Bo3)
|rated|
|rule|Species Clause: Limit one of each Pokémon
|rule|Item Clause: Limit 1 of each item
|clearpoke
|poke|p1|Camerupt, L50, M, shiny|
|poke|p1|Farigiraf, L50, M|
|poke|p1|Kingambit, L50, F|
|poke|p1|Vivillon-Pokeball, L50, F|
|poke|p1|Sylveon, L50, F, shiny|
|poke|p1|Sneasler, L50, M|
|poke|p2|Sinistcha-Masterpiece, L50|
|poke|p2|Kingambit, L50, M|
|poke|p2|Sneasler, L50, F|
|poke|p2|Floette-Eternal, L50, F|
|poke|p2|Blastoise, L50, M|
|poke|p2|Incineroar, L50, M|
|teampreview|4
|showteam|p1|Camerupt||Cameruptite|MagmaArmor|HeatWave,EarthPower,Protect,AncientPower|Quiet||M|||50|]Farigiraf||SitrusBerry|ArmorTail|TrickRoom,Thunderbolt,Psychic,HelpingHand|Calm||M|||50|]Kingambit||BlackGlasses|Defiant|KowtowCleave,SuckerPunch,SwordsDance,LowKick|Adamant||F|||50|]Vivillon-Pokeball||FocusSash|CompoundEyes|SleepPowder,Hurricane,RagePowder,Protect|Timid||F|||50|]Sylveon||LifeOrb|Pixilate|QuickAttack,HyperVoice,Detect,HyperBeam|Modest||F|||50|]Sneasler||IronBall|PoisonTouch|DireClaw,FakeOut,CloseCombat,Protect|Brave||M|||50|
|showteam|p2|Sinistcha-Masterpiece||OccaBerry|Hospitality|MatchaGotcha,RagePowder,TrickRoom,Protect|Bold|||||50|]Kingambit||LifeOrb|Defiant|KowtowCleave,SuckerPunch,SwordsDance,Protect|Adamant||M|||50|]Sneasler||FocusSash|PoisonTouch|FakeOut,CloseCombat,DireClaw,RockTomb|Jolly||F|||50|]Floette-Eternal||Floettite|FlowerVeil|Moonblast,DazzlingGleam,CalmMind,Protect|Modest||F|||50|]Blastoise||Blastoisinite|Torrent|WaterSpout,DarkPulse,ShellSmash,Protect|Modest||M|||50|]Incineroar||SitrusBerry|Intimidate|PartingShot,FlareBlitz,ThroatChop,FakeOut|Careful||M|||50|
|inactive|Battle timer is ON: inactive players will automatically lose when time's up. (requested by AirBloom)
|
|t:|1783690400
|teamsize|p1|4
|teamsize|p2|4
|start
|switch|p1a: Farigiraf|Farigiraf, L50, M|100/100
|switch|p1b: Vivillon|Vivillon-Pokeball, L50, F|100/100
|switch|p2a: Blastoise|Blastoise, L50, M|100/100
|switch|p2b: Sinistcha|Sinistcha-Masterpiece, L50|100/100
|turn|1
|
|t:|1783690409
|detailschange|p2a: Blastoise|Blastoise-Mega, L50, M
|-mega|p2a: Blastoise|Blastoise|Blastoisinite
|move|p2b: Sinistcha|Rage Powder|p2b: Sinistcha
|-singleturn|p2b: Sinistcha|move: Rage Powder
|move|p1b: Vivillon|Hurricane|p2b: Sinistcha
|-supereffective|p2b: Sinistcha|1
|-damage|p2b: Sinistcha|12/100
|-start|p2b: Sinistcha|confusion
|move|p2a: Blastoise|Water Spout|p1a: Farigiraf|[spread] p1a,p1b
|-damage|p1a: Farigiraf|50/100g
|-enditem|p1b: Vivillon|Focus Sash
|-damage|p1b: Vivillon|1/100
|move|p1a: Farigiraf|Trick Room|p1a: Farigiraf
|-fieldstart|move: Trick Room|[of] p1a: Farigiraf
|
|upkeep
|turn|2
|
|t:|1783690428
|-activate|p2b: Sinistcha|confusion
|move|p2b: Sinistcha|Rage Powder|p2b: Sinistcha
|-singleturn|p2b: Sinistcha|move: Rage Powder
|move|p1a: Farigiraf|Psychic|p2b: Sinistcha
|-damage|p2b: Sinistcha|0 fnt
|faint|p2b: Sinistcha
|move|p2a: Blastoise|Water Spout|p1a: Farigiraf|[spread] p1a,p1b
|-damage|p1a: Farigiraf|3/100
|-damage|p1b: Vivillon|0 fnt
|-enditem|p1a: Farigiraf|Sitrus Berry|[eat]
|-heal|p1a: Farigiraf|28/100|[from] item: Sitrus Berry
|faint|p1b: Vivillon
|
|upkeep
|inactive|abgesaftet has 30 seconds left.
|
|t:|1783690460
|switch|p2b: Sneasler|Sneasler, L50, F|100/100
|switch|p1b: Camerupt|Camerupt, L50, M, shiny|100/100
|turn|3
|inactive|abgesaftet has 30 seconds left.
|
|t:|1783690490
|switch|p2b: Incineroar|Incineroar, L50, M|100/100
|-ability|p2b: Incineroar|Intimidate|boost
|-unboost|p1a: Farigiraf|atk|1
|-unboost|p1b: Camerupt|atk|1
|detailschange|p1b: Camerupt|Camerupt-Mega, L50, M, shiny
|-mega|p1b: Camerupt|Camerupt|Cameruptite
|move|p1b: Camerupt|Heat Wave|p2a: Blastoise|[spread] p2a,p2b
|-resisted|p2a: Blastoise|1
|-resisted|p2b: Incineroar|1
|-damage|p2a: Blastoise|71/100
|-damage|p2b: Incineroar|75/100
|move|p1a: Farigiraf|Psychic|p2b: Incineroar
|-immune|p2b: Incineroar
|move|p2a: Blastoise|Water Spout|p1b: Camerupt|[spread] p1a,p1b
|-supereffective|p1b: Camerupt|2
|-damage|p1a: Farigiraf|0 fnt
|-damage|p1b: Camerupt|0 fnt
|faint|p1a: Farigiraf
|faint|p1b: Camerupt
|
|upkeep
|
|t:|1783690502
|switch|p1a: Sylveon|Sylveon, L50, F, shiny|100/100
|turn|4
|
|t:|1783690508
|move|p2b: Incineroar|Fake Out|p1a: Sylveon
|-damage|p1a: Sylveon|87/100
|cant|p1a: Sylveon|flinch
|move|p2a: Blastoise|Shell Smash|p2a: Blastoise
|-unboost|p2a: Blastoise|def|1
|-unboost|p2a: Blastoise|spd|1
|-boost|p2a: Blastoise|atk|2
|-boost|p2a: Blastoise|spa|2
|-boost|p2a: Blastoise|spe|2
|
|upkeep
|turn|5
|
|t:|1783690515
|move|p2a: Blastoise|Protect|p2a: Blastoise
|-singleturn|p2a: Blastoise|Protect
|move|p1a: Sylveon|Hyper Voice|p2a: Blastoise|[spread] p2b
|-activate|p2a: Blastoise|move: Protect
|-damage|p2b: Incineroar|31/100
|-enditem|p2b: Incineroar|Sitrus Berry|[eat]
|-heal|p2b: Incineroar|56/100|[from] item: Sitrus Berry
|-damage|p1a: Sylveon|78/100|[from] item: Life Orb
|move|p2b: Incineroar|Parting Shot|p1a: Sylveon
|-unboost|p1a: Sylveon|atk|1
|-unboost|p1a: Sylveon|spa|1
|
|t:|1783690519
|switch|p2b: Sneasler|Sneasler, L50, F|100/100|[from] Parting Shot
|
|-fieldend|move: Trick Room
|upkeep
|turn|6
|-message|AirBloom forfeited.
|
|win|abgesaftet
