|j|☆SuprEpcGuy
|j|☆Milesymiles
|html|SuprEpcGuyMilesymiles    
|uhtml|bestof|Game 2 of a best-of-3
|t:|1784573420
|gametype|doubles
|player|p1|SuprEpcGuy|shauntal|1123
|player|p2|Milesymiles|veteran|1227
|gen|9
|tier|[Gen 9 Champions] VGC 2026 Reg M-B (Bo3)
|rated|
|rule|Species Clause: Limit one of each Pokémon
|rule|Item Clause: Limit 1 of each item
|clearpoke
|poke|p1|Zoroark-Hisui, L50, F|
|poke|p1|Torkoal, L50, M|
|poke|p1|Farigiraf, L50, M|
|poke|p1|Pyroar, L50, F|
|poke|p1|Kangaskhan, L50, F|
|poke|p1|Aerodactyl, L50, M|
|poke|p2|Chandelure, L50, M|
|poke|p2|Staraptor, L50, F|
|poke|p2|Vanilluxe, L50, M, shiny|
|poke|p2|Grimmsnarl, L50, M|
|poke|p2|Excadrill, L50, M|
|poke|p2|Rotom-Wash, L50, shiny|
|teampreview|4
|showteam|p1|Zoroark-Hisui||ChoiceScarf|Illusion|IcyWind,BitterMalice,Flamethrower,Taunt|Timid||F|||50|]Torkoal||Charcoal|Drought|Eruption,WeatherBall,EarthPower,Protect|Quiet||M|||50|]Farigiraf||ColburBerry|ArmorTail|Psychic,Thunderbolt,TrickRoom,HelpingHand|Quiet||M|||50|]Pyroar||Pyroarite|Rivalry|HeatWave,Overheat,Snarl,Protect|Timid||F|||50|]Kangaskhan||SilkScarf|Scrappy|FakeOut,LastResort|Adamant||F|||50|]Aerodactyl||Aerodactylite|RockHead|RockSlide,DualWingbeat,Tailwind,Protect|Jolly||M|||50|
|showteam|p2|Chandelure||FocusSash|FlashFire|HeatWave,ShadowBall,TrickRoom,Protect|Modest||M|||50|]Staraptor||Staraptite|Intimidate|Tailwind,Roost,CloseCombat,BraveBird|Adamant||F|||50|]Vanilluxe||LightClay|SnowWarning|FreezeDry,Blizzard,AuroraVeil,Protect|Calm||M|||50|]Grimmsnarl||RoseliBerry|Prankster|FakeOut,PartingShot,SpiritBreak,LightScreen|Adamant||M|||50|]Excadrill||Excadrite|SandRush|Earthquake,IronHead,Protect,RockSlide|Jolly||M|||50|]Rotom-Wash||Magnet|Levitate|Thunderbolt,Electroweb,WillOWisp,HydroPump|Modest|||||50|
|inactive|Battle timer is ON: inactive players will automatically lose when time's up. (requested by SuprEpcGuy)
|
|t:|1784573447
|teamsize|p1|4
|teamsize|p2|4
|start
|switch|p1a: Freight|Aerodactyl, L50, M|100/100
|switch|p1b: Majesty|Pyroar, L50, F|100/100
|switch|p2a: Staraptor|Staraptor, L50, F|100/100
|switch|p2b: Vanilluxe|Vanilluxe, L50, M, shiny|100/100
|-ability|p2a: Staraptor|Intimidate|boost
|-unboost|p1a: Freight|atk|1
|-unboost|p1b: Majesty|atk|1
|-weather|Snowscape|[from] ability: Snow Warning|[of] p2b: Vanilluxe
|turn|1
|inactive|SuprEpcGuy has 30 seconds left.
|inactive|Milesymiles has 30 seconds left.
|inactive|Milesymiles has 20 seconds left.
|inactive|Milesymiles has 15 seconds left.
|
|t:|1784573491
|detailschange|p2a: Staraptor|Staraptor-Mega, L50, F
|-mega|p2a: Staraptor|Staraptor|Staraptite
|move|p1b: Majesty|Icy Wind|p2b: Vanilluxe|[spread] p2a,p2b
|-supereffective|p2a: Staraptor|1
|-resisted|p2b: Vanilluxe|1
|-damage|p2a: Staraptor|70/100
|-damage|p2b: Vanilluxe|94/100
|-boost|p2a: Staraptor|spe|1
|-unboost|p2b: Vanilluxe|spe|1
|move|p1a: Freight|Rock Slide|p2b: Vanilluxe|[spread] p2a,p2b
|-supereffective|p2b: Vanilluxe|1
|-damage|p2a: Staraptor|54/100
|-damage|p2b: Vanilluxe|70/100
|move|p2a: Staraptor|Close Combat|p1b: Majesty
|-immune|p1b: Majesty
|cant|p2b: Vanilluxe|flinch
|
|-weather|Snowscape|[upkeep]
|upkeep
|turn|2
|inactive|SuprEpcGuy has 30 seconds left.
|
|t:|1784573523
|switch|p1a: Kangaskhan|Kangaskhan, L50, F|100/100
|move|p1b: Majesty|Icy Wind|p2a: Staraptor|[spread] p2a,p2b
|-supereffective|p2a: Staraptor|1
|-resisted|p2b: Vanilluxe|1
|-damage|p2a: Staraptor|28/100
|-damage|p2b: Vanilluxe|65/100
|-boost|p2a: Staraptor|spe|1
|-unboost|p2b: Vanilluxe|spe|1
|move|p2a: Staraptor|Close Combat|p1a: Kangaskhan
|-supereffective|p1a: Kangaskhan|1
|-damage|p1a: Kangaskhan|0 fnt
|-boost|p2a: Staraptor|def|1
|-boost|p2a: Staraptor|spd|1
|faint|p1a: Kangaskhan
|move|p2b: Vanilluxe|Aurora Veil|p2b: Vanilluxe
|-sidestart|p2: Milesymiles|move: Aurora Veil
|
|-weather|Snowscape|[upkeep]
|upkeep
|
|t:|1784573543
|switch|p1a: Majesty|Pyroar, L50, F|100/100
|turn|3
|
|t:|1784573555
|move|p1a: Majesty|Protect|p1a: Majesty
|-singleturn|p1a: Majesty|Protect
|move|p1b: Majesty|Icy Wind|p2b: Vanilluxe|[spread] p2a,p2b
|-supereffective|p2a: Staraptor|1
|-resisted|p2b: Vanilluxe|1
|-damage|p2a: Staraptor|16/100
|-damage|p2b: Vanilluxe|61/100
|-boost|p2a: Staraptor|spe|1
|-unboost|p2b: Vanilluxe|spe|1
|move|p2a: Staraptor|Roost|p2a: Staraptor
|-heal|p2a: Staraptor|66/100
|-singleturn|p2a: Staraptor|move: Roost
|move|p2b: Vanilluxe|Blizzard|p1a: Majesty|[spread] p1b
|-activate|p1a: Majesty|move: Protect
|-damage|p1b: Majesty|27/100
|replace|p1b: Boo|Zoroark-Hisui, L50, F
|-end|p1b: Boo|Illusion
|
|-weather|Snowscape|[upkeep]
|upkeep
|turn|4
|
|t:|1784573572
|detailschange|p1a: Majesty|Pyroar-Mega, L50, F
|-mega|p1a: Majesty|Pyroar|Pyroarite
|move|p2a: Staraptor|Close Combat|p1a: Majesty
|-supereffective|p1a: Majesty|1
|-damage|p1a: Majesty|0 fnt
|-boost|p2a: Staraptor|def|1
|-boost|p2a: Staraptor|spd|1
|faint|p1a: Majesty
|move|p1b: Boo|Icy Wind|p2b: Vanilluxe|[spread] p2a,p2b
|-supereffective|p2a: Staraptor|1
|-resisted|p2b: Vanilluxe|1
|-damage|p2a: Staraptor|57/100
|-damage|p2b: Vanilluxe|57/100
|-boost|p2a: Staraptor|spe|1
|-unboost|p2b: Vanilluxe|spe|1
|move|p2b: Vanilluxe|Freeze-Dry|p1b: Boo
|-damage|p1b: Boo|0 fnt
|faint|p1b: Boo
|
|-weather|Snowscape|[upkeep]
|upkeep
|
|t:|1784573577
|switch|p1a: Freight|Aerodactyl, L50, M|100/100
|turn|5
|-message|SuprEpcGuy forfeited.
|
|win|Milesymiles
