|j|☆nutbuster151
|j|☆bassoonski
|html|nutbuster151bassoonski    
|uhtml|bestof|Game 1 of a best-of-3
|t:|1785680352
|gametype|doubles
|player|p1|nutbuster151|acetrainer|1241
|player|p2|bassoonski|biker|1112
|gen|9
|tier|[Gen 9 Champions] VGC 2026 Reg M-B (Bo3)
|rated|
|rule|Species Clause: Limit one of each Pokémon
|rule|Item Clause: Limit 1 of each item
|clearpoke
|poke|p1|Staraptor, L50, M|
|poke|p1|Garchomp, L50, M|
|poke|p1|Whimsicott, L50, M|
|poke|p1|Delphox, L50, M|
|poke|p1|Glimmora, L50, M|
|poke|p1|Kingambit, L50, M|
|poke|p2|Staraptor, L50, F|
|poke|p2|Whimsicott, L50, F|
|poke|p2|Garchomp, L50, M|
|poke|p2|Basculegion, L50, M|
|poke|p2|Incineroar, L50, M|
|poke|p2|Kingambit, L50, F|
|teampreview|4
|showteam|p1|Staraptor||Staraptite|Intimidate|Protect,Roost,CloseCombat,BraveBird|Jolly||M|||50|]Garchomp||LifeOrb|RoughSkin|Protect,RockSlide,Earthquake,DragonClaw|Jolly||M|||50|]Whimsicott||OccaBerry|Prankster|Moonblast,Tailwind,Charm,LightScreen|Timid||M|||50|]Delphox||Delphoxite|Magician|Protect,Psychic,HeatWave,Substitute|Timid||M|||50|]Glimmora||FocusSash|ToxicDebris|SpikyShield,SludgeBomb,EarthPower,PowerGem|Timid||M|||50|]Kingambit||ChopleBerry|Defiant|SuckerPunch,LowKick,IronHead,KowtowCleave|Adamant||M|||50|
|showteam|p2|Staraptor||Staraptite|Intimidate|CloseCombat,BraveBird,BlazeKick,Protect|Jolly||F|||50|]Whimsicott||FocusSash|Prankster|Moonblast,Tailwind,Charm,Encore|Modest||F|||50|]Garchomp||LifeOrb|RoughSkin|DragonClaw,StompingTantrum,RockSlide,Protect|Jolly||M|||50|]Basculegion||ChoiceScarf|Adaptability|WaveCrash,LastRespects,FlipTurn,IcyWind|Jolly||M|||50|]Incineroar||SitrusBerry|Intimidate|FlareBlitz,FakeOut,Taunt,PartingShot|Careful||M|||50|]Kingambit||ChopleBerry|Defiant|KowtowCleave,IronHead,SuckerPunch,Protect|Adamant||F|||50|
|
|t:|1785680412
|teamsize|p1|4
|teamsize|p2|4
|start
|switch|p1a: Whimsicott|Whimsicott, L50, M|100/100
|switch|p1b: Glimmora|Glimmora, L50, M|100/100
|switch|p2a: Kingambit|Kingambit, L50, F|100/100
|switch|p2b: Basculegion|Basculegion, L50, M|100/100
|turn|1
|
|t:|1785680450
|move|p1b: Glimmora|Spiky Shield|p1b: Glimmora
|-singleturn|p1b: Glimmora|move: Protect
|move|p1a: Whimsicott|Charm|p2b: Basculegion
|-unboost|p2b: Basculegion|atk|2
|move|p2b: Basculegion|Flip Turn|p1b: Glimmora
|-activate|p1b: Glimmora|move: Protect
|-damage|p2b: Basculegion|87/100|[from] Spiky Shield|[of] p1b: Glimmora
|move|p2a: Kingambit|Iron Head|p1a: Whimsicott
|-supereffective|p1a: Whimsicott|1
|-damage|p1a: Whimsicott|0 fnt
|faint|p1a: Whimsicott
|
|upkeep
|
|t:|1785680465
|switch|p1a: Delphox|Delphox, L50, M|100/100
|turn|2
|
|t:|1785680479
|switch|p1b: Garchomp|Garchomp, L50, M|100/100
|detailschange|p1a: Delphox|Delphox-Mega, L50, M
|-mega|p1a: Delphox|Delphox|Delphoxite
|move|p2a: Kingambit|Sucker Punch|p1a: Delphox
|-supereffective|p1a: Delphox|1
|-damage|p1a: Delphox|0 fnt
|faint|p1a: Delphox
|move|p2b: Basculegion|Flip Turn|p1b: Garchomp
|-damage|p1b: Garchomp|81/100
|-damage|p2b: Basculegion|75/100|[from] ability: Rough Skin|[of] p1b: Garchomp
|
|t:|1785680491
|switch|p2b: Staraptor|Staraptor, L50, F|100/100|[from] Flip Turn
|-ability|p2b: Staraptor|Intimidate|boost
|-unboost|p1b: Garchomp|atk|1
|
|upkeep
|
|t:|1785680497
|switch|p1a: Glimmora|Glimmora, L50, M|100/100
|turn|3
|
|t:|1785680518
|detailschange|p2b: Staraptor|Staraptor-Mega, L50, F
|-mega|p2b: Staraptor|Staraptor|Staraptite
|move|p2a: Kingambit|Sucker Punch|p1b: Garchomp
|-damage|p1b: Garchomp|43/100
|-damage|p2a: Kingambit|87/100|[from] ability: Rough Skin|[of] p1b: Garchomp
|move|p2b: Staraptor|Close Combat|p1b: Garchomp
|-damage|p1b: Garchomp|0 fnt
|-boost|p2b: Staraptor|def|1
|-boost|p2b: Staraptor|spd|1
|-damage|p2b: Staraptor|87/100|[from] ability: Rough Skin|[of] p1b: Garchomp
|faint|p1b: Garchomp
|move|p1a: Glimmora|Earth Power|p2a: Kingambit
|-supereffective|p2a: Kingambit|1
|-damage|p2a: Kingambit|28/100
|
|upkeep
|turn|4
|
|t:|1785680538
|move|p2a: Kingambit|Protect|p2a: Kingambit
|-singleturn|p2a: Kingambit|Protect
|move|p2b: Staraptor|Close Combat|p1a: Glimmora
|-damage|p1a: Glimmora|14/100
|-boost|p2b: Staraptor|def|1
|-boost|p2b: Staraptor|spd|1
|-activate|p1a: Glimmora|ability: Toxic Debris
|-sidestart|p2: bassoonski|move: Toxic Spikes
|move|p1a: Glimmora|Earth Power|p2a: Kingambit
|-activate|p2a: Kingambit|move: Protect
|
|upkeep
|turn|5
|
|t:|1785680556
|move|p2a: Kingambit|Sucker Punch|p1a: Glimmora
|-damage|p1a: Glimmora|0 fnt
|-activate|p1a: Glimmora|ability: Toxic Debris
|-sidestart|p2: bassoonski|move: Toxic Spikes
|faint|p1a: Glimmora
|
|win|bassoonski
