|j|☆LetherOCE
|j|☆TheMaoriGamer
|html|LetherOCETheMaoriGamer    
|uhtml|bestof|Game 1 of a best-of-3
|t:|1756621260
|gametype|doubles
|player|p1|LetherOCE|steven|
|player|p2|TheMaoriGamer|2|
|gen|9
|tier|[Gen 9] VGC 2025 Reg H (Bo3)
|rule|Species Clause: Limit one of each Pokémon
|rule|Item Clause: Limit 1 of each item
|clearpoke
|poke|p1|Sneasler, L50, M|
|poke|p1|Garchomp, L50, F|
|poke|p1|Corviknight, L50, F|
|poke|p1|Volcarona, L50, F|
|poke|p1|Primarina, L50, F|
|poke|p1|Rillaboom, L50, F|
|poke|p2|Gholdengo, L50|
|poke|p2|Incineroar, L50, M|
|poke|p2|Amoonguss, L50, F|
|poke|p2|Archaludon, L50, M|
|poke|p2|Pelipper, L50, M|
|poke|p2|Basculegion, L50, M|
|teampreview|4
|showteam|p1|Sneasler||FocusSash|PoisonTouch|FakeOut,DireClaw,CloseCombat,Coaching|||M|||50|,,,,,Ghost]Garchomp||LoadedDice|RoughSkin|Protect,SwordsDance,StompingTantrum,ScaleShot|||F|||50|,,,,,Fairy]Corviknight||Leftovers|MirrorArmor|BraveBird,BodyPress,BulkUp,Roost|||F|||50|,,,,,Dragon]Volcarona||RockyHelmet|FlameBody|FieryDance,Tailwind,RagePowder,StruggleBug|||F|||50|,,,,,Steel]Primarina||SitrusBerry|LiquidVoice|Protect,HyperVoice,Moonblast,Haze|||F|||50|,,,,,Poison]Rillaboom||AssaultVest|GrassySurge|FakeOut,GrassyGlide,HighHorsepower,WoodHammer|||F|||50|,,,,,Fire
|showteam|p2|Gholdengo||LifeOrb|GoodasGold|MakeItRain,ShadowBall,NastyPlot,Protect||||||50|,,,,,Water]Incineroar||MirrorHerb|Intimidate|Taunt,KnockOff,PartingShot,FakeOut|||M|||50|,,,,,Ghost]Amoonguss||RockyHelmet|Regenerator|PollenPuff,Spore,RagePowder,Protect|||F|||50|,,,,,Water]Archaludon||AssaultVest|Stamina|DragonPulse,FlashCannon,ElectroShot,BodyPress|||M|||50|,,,,,Bug]Pelipper||FocusSash|Drizzle|WeatherBall,Hurricane,Tailwind,Protect|||M|||50|,,,,,Ground]Basculegion||ChoiceBand|SwiftSwim|WaveCrash,LastRespects,FlipTurn,AquaJet|||M|||50|,,,,,Water
|inactive|Battle timer is ON: inactive players will automatically lose when time's up. (requested by TheMaoriGamer)
|inactive|LetherOCE has 60 seconds left.
|inactive|TheMaoriGamer has 60 seconds left.
|inactive|LetherOCE has 30 seconds left.
|inactive|LetherOCE has 20 seconds left.
|inactive|LetherOCE has 15 seconds left.
|
|t:|1756621340
|teamsize|p1|4
|teamsize|p2|4
|start
|switch|p1a: Sneasler|Sneasler, L50, M|100/100
|switch|p1b: Primarina|Primarina, L50, F|100/100
|switch|p2a: Pelipper|Pelipper, L50, M|100/100
|switch|p2b: Basculegion|Basculegion, L50, M|100/100
|-weather|RainDance|[from] ability: Drizzle|[of] p2a: Pelipper
|turn|1
|inactive|LetherOCE has 30 seconds left.
|inactive|TheMaoriGamer has 30 seconds left.
|inactive|LetherOCE has 20 seconds left.
|
|t:|1756621376
|switch|p1a: Rillaboom|Rillaboom, L50, F|100/100
|-fieldstart|move: Grassy Terrain|[from] ability: Grassy Surge|[of] p1a: Rillaboom
|switch|p2a: Archaludon|Archaludon, L50, M|100/100
|move|p2b: Basculegion|Flip Turn|p1a: Rillaboom
|-resisted|p1a: Rillaboom
|-damage|p1a: Rillaboom|66/100
|
|t:|1756621387
|switch|p2b: Gholdengo|Gholdengo, L50|100/100|[from] Flip Turn
|move|p1b: Primarina|Moonblast|p2b: Gholdengo
|-resisted|p2b: Gholdengo
|-damage|p2b: Gholdengo|75/100
|
|-weather|RainDance|[upkeep]
|-heal|p2b: Gholdengo|81/100|[from] Grassy Terrain
|-heal|p1a: Rillaboom|72/100|[from] Grassy Terrain
|upkeep
|turn|2
|inactive|LetherOCE has 30 seconds left.
|inactive|TheMaoriGamer has 30 seconds left.
|inactive|TheMaoriGamer has 20 seconds left.
|inactive|TheMaoriGamer has 15 seconds left.
|inactive|TheMaoriGamer has 10 seconds left.
|
|t:|1756621433
|move|p1a: Rillaboom|Fake Out|p2a: Archaludon
|-resisted|p2a: Archaludon
|-damage|p2a: Archaludon|95/100
|-ability|p2a: Archaludon|Stamina|boost
|-boost|p2a: Archaludon|def|1
|move|p2b: Gholdengo|Shadow Ball|p1a: Rillaboom
|-damage|p1a: Rillaboom|33/100
|-damage|p2b: Gholdengo|72/100|[from] item: Life Orb
|cant|p2a: Archaludon|flinch
|move|p1b: Primarina|Hyper Voice|p2b: Gholdengo|[spread] p2a,p2b
|-resisted|p2a: Archaludon
|-damage|p2a: Archaludon|78/100
|-damage|p2b: Gholdengo|9/100
|-ability|p2a: Archaludon|Stamina|boost
|-boost|p2a: Archaludon|def|1
|
|-weather|RainDance|[upkeep]
|-heal|p2b: Gholdengo|15/100|[from] Grassy Terrain
|-heal|p1a: Rillaboom|39/100|[from] Grassy Terrain
|-heal|p2a: Archaludon|84/100|[from] Grassy Terrain
|upkeep
|turn|3
|
|t:|1756621458
|switch|p1a: Volcarona|Volcarona, L50, F|100/100
|move|p2b: Gholdengo|Protect|p2b: Gholdengo
|-singleturn|p2b: Gholdengo|Protect
|move|p1b: Primarina|Protect|p1b: Primarina
|-singleturn|p1b: Primarina|Protect
|move|p2a: Archaludon|Body Press|p1a: Volcarona
|-resisted|p1a: Volcarona
|-damage|p1a: Volcarona|77/100
|-damage|p2a: Archaludon|68/100|[from] item: Rocky Helmet|[of] p1a: Volcarona
|
|-weather|RainDance|[upkeep]
|-heal|p2b: Gholdengo|21/100|[from] Grassy Terrain
|-heal|p1a: Volcarona|83/100|[from] Grassy Terrain
|-heal|p2a: Archaludon|74/100|[from] Grassy Terrain
|upkeep
|turn|4
|inactive|LetherOCE has 30 seconds left.
|inactive|TheMaoriGamer has 30 seconds left.
|inactive|LetherOCE has 20 seconds left.
|inactive|TheMaoriGamer has 20 seconds left.
|inactive|LetherOCE has 15 seconds left.
|inactive|TheMaoriGamer has 15 seconds left.
|
|t:|1756621499
|switch|p2b: Basculegion|Basculegion, L50, M|100/100
|move|p1a: Volcarona|Rage Powder|p1a: Volcarona
|-singleturn|p1a: Volcarona|move: Rage Powder
|move|p2a: Archaludon|Electro Shot||[still]
|-prepare|p2a: Archaludon|Electro Shot
|-boost|p2a: Archaludon|spa|1
|-anim|p2a: Archaludon|Electro Shot|p1a: Volcarona
|-damage|p1a: Volcarona|31/100
|move|p1b: Primarina|Moonblast|p2a: Archaludon
|-damage|p2a: Archaludon|40/100
|-ability|p2a: Archaludon|Stamina|boost
|-boost|p2a: Archaludon|def|1
|
|-weather|RainDance|[upkeep]
|-heal|p1a: Volcarona|37/100|[from] Grassy Terrain
|-heal|p2a: Archaludon|46/100|[from] Grassy Terrain
|upkeep
|turn|5
|
|t:|1756621521
|switch|p1a: Sneasler|Sneasler, L50, M|100/100
|move|p1b: Primarina|Protect|p1b: Primarina
|-singleturn|p1b: Primarina|Protect
|move|p2b: Basculegion|Flip Turn|p1a: Sneasler
|-enditem|p1a: Sneasler|Focus Sash
|-damage|p1a: Sneasler|1/100
|
|t:|1756621532
|switch|p2b: Gholdengo|Gholdengo, L50|21/100|[from] Flip Turn
|move|p2a: Archaludon|Electro Shot||[still]
|-prepare|p2a: Archaludon|Electro Shot
|-boost|p2a: Archaludon|spa|1
|-anim|p2a: Archaludon|Electro Shot|p1b: Primarina
|-activate|p1b: Primarina|move: Protect
|
|-weather|none
|-heal|p1a: Sneasler|7/100|[from] Grassy Terrain
|-heal|p2b: Gholdengo|27/100|[from] Grassy Terrain
|-heal|p2a: Archaludon|52/100|[from] Grassy Terrain
|-fieldend|move: Grassy Terrain
|upkeep
|turn|6
|inactive|LetherOCE has 30 seconds left.
|inactive|TheMaoriGamer has 30 seconds left.
|inactive|LetherOCE has 20 seconds left.
|inactive|TheMaoriGamer has 20 seconds left.
|j| arrascaxeira
|inactive|LetherOCE has 15 seconds left.
|inactive|TheMaoriGamer has 15 seconds left.
|c| arrascaxeira|Ty for the invite
|inactive|LetherOCE has 10 seconds left.
|inactive|TheMaoriGamer has 10 seconds left.
|
|t:|1756621581
|switch|p2a: Basculegion|Basculegion, L50, M|100/100
|move|p1a: Sneasler|Fake Out|p2a: Basculegion
|-immune|p2a: Basculegion
|move|p2b: Gholdengo|Make It Rain|p1b: Primarina|[spread] p1a,p1b
|-damage|p1a: Sneasler|0 fnt
|-damage|p1b: Primarina|55/100
|-unboost|p2b: Gholdengo|spa|1
|faint|p1a: Sneasler
|-damage|p2b: Gholdengo|18/100|[from] item: Life Orb
|move|p1b: Primarina|Hyper Voice|p2a: Basculegion|[spread] p2a,p2b
|-resisted|p2a: Basculegion
|-damage|p2a: Basculegion|81/100
|-damage|p2b: Gholdengo|0 fnt
|faint|p2b: Gholdengo
|
|upkeep
|
|t:|1756621598
|switch|p1a: Rillaboom|Rillaboom, L50, F|39/100
|switch|p2b: Pelipper|Pelipper, L50, M|100/100
|-fieldstart|move: Grassy Terrain|[from] ability: Grassy Surge|[of] p1a: Rillaboom
|-weather|RainDance|[from] ability: Drizzle|[of] p2b: Pelipper
|turn|7
|inactive|LetherOCE has 30 seconds left.
|
|t:|1756621627
|switch|p2a: Archaludon|Archaludon, L50, M|52/100
|switch|p1a: Volcarona|Volcarona, L50, F|37/100
|move|p2b: Pelipper|Protect|p2b: Pelipper
|-singleturn|p2b: Pelipper|Protect
|move|p1b: Primarina|Hyper Voice|p2b: Pelipper|[spread] p2a
|-activate|p2b: Pelipper|move: Protect
|-resisted|p2a: Archaludon
|-damage|p2a: Archaludon|35/100
|-ability|p2a: Archaludon|Stamina|boost
|-boost|p2a: Archaludon|def|1
|
|-weather|RainDance|[upkeep]
|-heal|p1a: Volcarona|44/100|[from] Grassy Terrain
|-heal|p2a: Archaludon|41/100|[from] Grassy Terrain
|-heal|p1b: Primarina|60/100|[from] Grassy Terrain
|upkeep
|turn|8
|inactive|LetherOCE has 30 seconds left.
|
|t:|1756621660
|move|p1a: Volcarona|Struggle Bug|p2b: Pelipper|[spread] p2a,p2b
|-resisted|p2a: Archaludon
|-resisted|p2b: Pelipper
|-damage|p2a: Archaludon|34/100
|-damage|p2b: Pelipper|83/100
|-unboost|p2a: Archaludon|spa|1
|-unboost|p2b: Pelipper|spa|1
|-ability|p2a: Archaludon|Stamina|boost
|-boost|p2a: Archaludon|def|1
|move|p2a: Archaludon|Electro Shot||[still]
|-prepare|p2a: Archaludon|Electro Shot
|-boost|p2a: Archaludon|spa|1
|-anim|p2a: Archaludon|Electro Shot|p1a: Volcarona
|-damage|p1a: Volcarona|8/100
|move|p2b: Pelipper|Tailwind|p2b: Pelipper
|-sidestart|p2: TheMaoriGamer|move: Tailwind
|move|p1b: Primarina|Moonblast|p2a: Archaludon
|-damage|p2a: Archaludon|0 fnt
|faint|p2a: Archaludon
|
|-weather|RainDance|[upkeep]
|-heal|p1a: Volcarona|15/100|[from] Grassy Terrain
|-heal|p1b: Primarina|66/100|[from] Grassy Terrain
|upkeep
|
|t:|1756621677
|switch|p2a: Basculegion|Basculegion, L50, M|81/100
|turn|9
|
|t:|1756621697
|move|p1a: Volcarona|Rage Powder|p1a: Volcarona
|-singleturn|p1a: Volcarona|move: Rage Powder
|move|p2a: Basculegion|Last Respects|p1a: Volcarona
|-damage|p1a: Volcarona|0 fnt
|faint|p1a: Volcarona
|move|p2b: Pelipper|Hurricane|p1b: Primarina
|-damage|p1b: Primarina|37/100
|-enditem|p1b: Primarina|Sitrus Berry|[eat]
|-heal|p1b: Primarina|61/100|[from] item: Sitrus Berry
|move|p1b: Primarina|Moonblast|p2b: Pelipper
|-damage|p2b: Pelipper|0 fnt
|faint|p2b: Pelipper
|
|-weather|RainDance|[upkeep]
|-heal|p2a: Basculegion|87/100|[from] Grassy Terrain
|-heal|p1b: Primarina|67/100|[from] Grassy Terrain
|upkeep
|
|t:|1756621711
|switch|p1a: Rillaboom|Rillaboom, L50, F|39/100
|turn|10
|
|t:|1756621719
|move|p1a: Rillaboom|Grassy Glide|p2a: Basculegion
|-supereffective|p2a: Basculegion
|-damage|p2a: Basculegion|1/100
|move|p2a: Basculegion|Last Respects|p1a: Rillaboom
|-damage|p1a: Rillaboom|0 fnt
|faint|p1a: Rillaboom
|move|p1b: Primarina|Moonblast|p2a: Basculegion
|-damage|p2a: Basculegion|0 fnt
|faint|p2a: Basculegion
|
|win|LetherOCE
|c|☆TheMaoriGamer|gg
|c|☆LetherOCE|gg
||LetherOCE is ready for game 2.
|inactive|TheMaoriGamer has 30 seconds to confirm battle start!
|inactive|TheMaoriGamer has 20 seconds to confirm battle start!
|inactive|TheMaoriGamer has 10 seconds to confirm battle start!
|uhtml|next|Next: Game 2 of 3
|l| arrascaxeira
|l|☆LetherOCE
|player|p1|
