|j|☆Liam Westland
|j|☆glitchy_potat
|html|Liam Westlandglitchy_potat    
|uhtml|bestof|Game 3 of a best-of-3
|t:|1755653488
|gametype|doubles
|player|p1|Liam Westland|red|1244
|player|p2|glitchy_potat|fantina|1336
|gen|9
|tier|[Gen 9] VGC 2025 Reg H (Bo3)
|rated|
|rule|Species Clause: Limit one of each Pokémon
|rule|Item Clause: Limit 1 of each item
|clearpoke
|poke|p1|Gallade, L50, M|
|poke|p1|Ursaluna, L50, F|
|poke|p1|Torkoal, L50, F|
|poke|p1|Indeedee-F, L50, F|
|poke|p1|Hatterene, L50, F|
|poke|p1|Maushold, L50|
|poke|p2|Kingambit, L50, M|
|poke|p2|Sneasler, L50, M|
|poke|p2|Electabuzz, L50, M|
|poke|p2|Dragonite, L50, F|
|poke|p2|Rillaboom, L50, F|
|poke|p2|Volcarona, L50, F|
|teampreview|4
|showteam|p1|Gallade||ClearAmulet|Sharpness|SacredSword,PsychoCut,WideGuard,TrickRoom|||M|||50|,,,,,Grass]Ursaluna||FlameOrb|Guts|Facade,HeadlongRush,Protect,Earthquake|||F|||50|,,,,,Ghost]Torkoal||ChoiceSpecs|Drought|Eruption,WeatherBall,HeatWave,EarthPower|||F|||50|,,,,,Fire]Indeedee-F||PsychicSeed|PsychicSurge|FollowMe,TrickRoom,Psychic,HelpingHand|||F|||50|,,,,,Water]Hatterene||LifeOrb|MagicBounce|ExpandingForce,DazzlingGleam,TeraBlast,TrickRoom|||F|||50|,,,,,Fire]Maushold||WideLens|Technician|PopulationBomb,Taunt,FollowMe,Protect||||||50|,,,,,Poison
|showteam|p2|Kingambit||BlackGlasses|Defiant|KowtowCleave,SuckerPunch,SwordsDance,Protect|||M|||50|,,,,,Flying]Sneasler||FocusSash|Unburden|DireClaw,CloseCombat,Coaching,Protect|||M|||50|,,,,,Stellar]Electabuzz||Eviolite|VitalSpirit|Electroweb,Taunt,FollowMe,Protect|||M|||50|,,,,,Ghost]Dragonite||LoadedDice|Multiscale|ScaleShot,Tailwind,ExtremeSpeed,Protect|||F|||50|,,,,,Fairy]Rillaboom||AssaultVest|GrassySurge|WoodHammer,GrassyGlide,Uturn,FakeOut|||F|||50|,,,,,Fire]Volcarona||CovertCloak|FlameBody|QuiverDance,HeatWave,TeraBlast,Protect|||F|||50|,,,,,Fairy
|inactive|Battle timer is ON: inactive players will automatically lose when time's up. (requested by Liam Westland)
|
|t:|1755653500
|teamsize|p1|4
|teamsize|p2|4
|start
|switch|p1a: Indeedee|Indeedee-F, L50, F|100/100
|switch|p1b: Hatterene|Hatterene, L50, F|100/100
|switch|p2a: Electabuzz|Electabuzz, L50, M|100/100
|switch|p2b: Kingambit|Kingambit, L50, M|100/100
|-fieldstart|move: Psychic Terrain|[from] ability: Psychic Surge|[of] p1a: Indeedee
|-enditem|p1a: Indeedee|Psychic Seed
|-boost|p1a: Indeedee|spd|1|[from] item: Psychic Seed
|turn|1
|inactive|Liam Westland has 30 seconds left.
|inactive|Liam Westland has 20 seconds left.
|inactive|Liam Westland has 15 seconds left.
|inactive|Liam Westland has 10 seconds left.
|
|t:|1755653545
|switch|p1a: Ursaluna|Ursaluna, L50, F|100/100
|move|p2a: Electabuzz|Taunt|p1a: Ursaluna
|-start|p1a: Ursaluna|move: Taunt
|move|p2b: Kingambit|Swords Dance|p2b: Kingambit
|-boost|p2b: Kingambit|atk|2
|move|p1b: Hatterene|Trick Room|p1b: Hatterene
|-fieldstart|move: Trick Room|[of] p1b: Hatterene
|
|-status|p1a: Ursaluna|brn|[from] item: Flame Orb
|upkeep
|turn|2
|inactive|Liam Westland has 30 seconds left.
|inactive|glitchy_potat has 30 seconds left.
|inactive|Liam Westland has 20 seconds left.
|inactive|Liam Westland has 15 seconds left.
|inactive|Liam Westland has 10 seconds left.
|
|t:|1755653595
|switch|p2a: Rillaboom|Rillaboom, L50, F|100/100
|-fieldstart|move: Grassy Terrain|[from] ability: Grassy Surge|[of] p2a: Rillaboom
|move|p2b: Kingambit|Sucker Punch|p1a: Ursaluna
|-damage|p1a: Ursaluna|28/100 brn
|move|p1b: Hatterene|Dazzling Gleam|p2b: Kingambit|[spread] p2a,p2b
|-damage|p2a: Rillaboom|70/100
|-damage|p2b: Kingambit|55/100
|-damage|p1b: Hatterene|91/100|[from] item: Life Orb
|move|p1a: Ursaluna|Facade|p2b: Kingambit
|-resisted|p2b: Kingambit
|-damage|p2b: Kingambit|7/100
|
|-heal|p1b: Hatterene|97/100|[from] Grassy Terrain
|-heal|p1a: Ursaluna|34/100 brn|[from] Grassy Terrain
|-heal|p2b: Kingambit|13/100|[from] Grassy Terrain
|-heal|p2a: Rillaboom|75/100|[from] Grassy Terrain
|-damage|p1a: Ursaluna|28/100 brn|[from] brn
|upkeep
|turn|3
|inactive|glitchy_potat has 30 seconds left.
|
|t:|1755653624
|switch|p1a: Indeedee|Indeedee-F, L50, F|100/100
|-fieldstart|move: Psychic Terrain|[from] ability: Psychic Surge|[of] p1a: Indeedee
|move|p2b: Kingambit|Protect|p2b: Kingambit
|-singleturn|p2b: Kingambit|Protect
|move|p1b: Hatterene|Dazzling Gleam|p2a: Rillaboom|[spread] p2a
|-activate|p2b: Kingambit|move: Protect
|-damage|p2a: Rillaboom|43/100
|-damage|p1b: Hatterene|87/100|[from] item: Life Orb
|move|p2a: Rillaboom|U-turn|p1a: Indeedee
|-supereffective|p1a: Indeedee
|-damage|p1a: Indeedee|53/100
|
|t:|1755653644
|switch|p2a: Dragonite|Dragonite, L50, F|100/100|[from] U-turn
|
|upkeep
|turn|4
|inactive|glitchy_potat has 30 seconds left.
|inactive|glitchy_potat has 20 seconds left.
|
|t:|1755653684
|switch|p2b: Electabuzz|Electabuzz, L50, M|100/100
|-terastallize|p2a: Dragonite|Fairy
|move|p1a: Indeedee|Follow Me|p1a: Indeedee
|-singleturn|p1a: Indeedee|move: Follow Me
|move|p1b: Hatterene|Dazzling Gleam|p2b: Electabuzz|[spread] p2a,p2b
|-damage|p2a: Dragonite|76/100
|-damage|p2b: Electabuzz|67/100
|-damage|p1b: Hatterene|78/100|[from] item: Life Orb
|move|p2a: Dragonite|Scale Shot|p1a: Indeedee
|-crit|p1a: Indeedee
|-damage|p1a: Indeedee|33/100
|-damage|p1a: Indeedee|19/100
|-damage|p1a: Indeedee|4/100
|-damage|p1a: Indeedee|0 fnt
|faint|p1a: Indeedee
|-hitcount|p1: Indeedee|4
|-unboost|p2a: Dragonite|def|1
|-boost|p2a: Dragonite|spe|1
|
|upkeep
|
|t:|1755653709
|switch|p1a: Torkoal|Torkoal, L50, F|100/100
|-weather|SunnyDay|[from] ability: Drought|[of] p1a: Torkoal
|turn|5
|inactive|glitchy_potat has 30 seconds left.
|
|t:|1755653736
|move|p2a: Dragonite|Protect|p2a: Dragonite
|-singleturn|p2a: Dragonite|Protect
|move|p1a: Torkoal|Eruption|p2b: Electabuzz|[spread] p2b
|-activate|p2a: Dragonite|move: Protect
|-damage|p2b: Electabuzz|0 fnt
|faint|p2b: Electabuzz
|move|p1b: Hatterene|Dazzling Gleam|p2a: Dragonite
|-activate|p2a: Dragonite|move: Protect
|
|-weather|SunnyDay|[upkeep]
|-fieldend|move: Trick Room
|upkeep
|
|t:|1755653742
|switch|p2b: Kingambit|Kingambit, L50, M|13/100
|turn|6
|
|t:|1755653756
|move|p2a: Dragonite|Scale Shot|p1a: Torkoal|[miss]
|-miss|p2a: Dragonite|p1a: Torkoal
|move|p2b: Kingambit|Kowtow Cleave|p1a: Torkoal
|-crit|p1a: Torkoal
|-damage|p1a: Torkoal|38/100
|move|p1a: Torkoal|Eruption|p2a: Dragonite|[spread] p2a,p2b
|-supereffective|p2b: Kingambit
|-crit|p2b: Kingambit
|-damage|p2a: Dragonite|34/100
|-damage|p2b: Kingambit|0 fnt
|faint|p2b: Kingambit
|move|p1b: Hatterene|Trick Room|p1b: Hatterene
|-fieldstart|move: Trick Room|[of] p1b: Hatterene
|
|-weather|SunnyDay|[upkeep]
|upkeep
|
|t:|1755653765
|switch|p2b: Rillaboom|Rillaboom, L50, F|43/100
|-fieldstart|move: Grassy Terrain|[from] ability: Grassy Surge|[of] p2b: Rillaboom
|turn|7
|inactive|glitchy_potat has 30 seconds left.
|
|t:|1755653792
|-terastallize|p1b: Hatterene|Fire
|move|p2b: Rillaboom|Fake Out|p1b: Hatterene
|-damage|p1b: Hatterene|62/100
|move|p1a: Torkoal|Eruption|p2a: Dragonite|[spread] p2a,p2b
|-supereffective|p2b: Rillaboom
|-damage|p2a: Dragonite|0 fnt
|-damage|p2b: Rillaboom|0 fnt
|faint|p2a: Dragonite
|faint|p2b: Rillaboom
|
|win|Liam Westland
|raw|Liam Westland's rating: 1244 → 1275(+31 for winning)
|raw|glitchy_potat's rating: 1336 → 1311(-25 for losing)
