|j|☆purrplecolored
|j|☆beppeberlinoVGC
|html|purrplecoloredbeppeberlinoVGC    
|uhtml|bestof|Game 1 of a best-of-3
|t:|1757119664
|gametype|doubles
|player|p1|purrplecolored|rika|1077
|player|p2|beppeberlinoVGC|2|1111
|gen|9
|tier|[Gen 9] VGC 2025 Reg H (Bo3)
|rated|
|rule|Species Clause: Limit one of each Pokémon
|rule|Item Clause: Limit 1 of each item
|clearpoke
|poke|p1|Gholdengo, L50|
|poke|p1|Rillaboom, L50, F|
|poke|p1|Sneasler, L50, M|
|poke|p1|Maushold, L50|
|poke|p1|Dragonite, L50, M|
|poke|p1|Arcanine-Hisui, L50, F|
|poke|p2|Excadrill, L50, F|
|poke|p2|Tyranitar, L50, M|
|poke|p2|Braviary, L50, M|
|poke|p2|Gliscor, L50, M|
|poke|p2|Volcarona, L50, F|
|poke|p2|Hydreigon, L50, F|
|teampreview|4
|showteam|p1|Gholdengo||GrassySeed|GoodasGold|MakeItRain,ShadowBall,NastyPlot,Protect||||||50|,,,,,Water]Rillaboom||AssaultVest|GrassySurge|FakeOut,WoodHammer,HighHorsepower,GrassyGlide|||F|||50|,,,,,Fire]Sneasler||WhiteHerb|Unburden|FakeOut,CloseCombat,DireClaw,Protect|||M|||50|,,,,,Ghost]Maushold||SafetyGoggles|FriendGuard|FollowMe,SuperFang,Taunt,Protect||||||50|,,,,,Ghost]Dragonite||LoadedDice|Multiscale|ScaleShot,Haze,Tailwind,Protect|||M|||50|,,,,,Steel]Arcanine-Hisui||SitrusBerry|Intimidate|FlareBlitz,RockSlide,WillOWisp,Protect|||F|||50|,,,,,Water
|showteam|p2|Excadrill||LifeOrb|SandRush|Earthquake,RockSlide,IronHead,Protect|||F|||50|,,,,,Ghost]Tyranitar||AssaultVest|SandStream|RockSlide,Assurance,LowKick,TeraBlast|||M|||50|,,,,,Flying]Braviary||SafetyGoggles|Defiant|Superpower,BraveBird,Tailwind,Roost|||M|||50|,,,,,Stellar]Gliscor||BrightPowder|SandVeil|HighHorsepower,DualWingbeat,SwordsDance,Protect|||M|||50|,,,,,Water]Volcarona||RockyHelmet|FlameBody|FieryDance,RagePowder,StruggleBug,Protect|||F|||50|,,,,,Grass]Hydreigon||ChoiceSpecs|Levitate|DracoMeteor,DarkPulse,FlashCannon,HeatWave|||F|||50|,,,,,Steel
|
|t:|1757119710
|teamsize|p1|4
|teamsize|p2|4
|start
|switch|p1a: Smokebomb|Arcanine-Hisui, L50, F|100/100
|switch|p1b: Rillaboom|Rillaboom, L50, F|100/100
|switch|p2a: Hydreigon|Hydreigon, L50, F|100/100
|switch|p2b: Gliscor|Gliscor, L50, M|100/100
|-ability|p1a: Smokebomb|Intimidate|boost
|-unboost|p2a: Hydreigon|atk|1
|-unboost|p2b: Gliscor|atk|1
|-fieldstart|move: Grassy Terrain|[from] ability: Grassy Surge|[of] p1b: Rillaboom
|turn|1
|
|t:|1757119742
|switch|p2a: Tyranitar|Tyranitar, L50, M|100/100
|-weather|Sandstorm|[from] ability: Sand Stream|[of] p2a: Tyranitar
|move|p1b: Rillaboom|Fake Out|p2a: Tyranitar
|-resisted|p2a: Tyranitar
|-damage|p2a: Tyranitar|95/100
|move|p2b: Gliscor|Swords Dance|p2b: Gliscor
|-boost|p2b: Gliscor|atk|2
|move|p1a: Smokebomb|Rock Slide|p2b: Gliscor|[spread] p2a,p2b
|-damage|p2a: Tyranitar|73/100
|-damage|p2b: Gliscor|79/100
|
|-weather|Sandstorm|[upkeep]
|-damage|p1b: Rillaboom|94/100|[from] Sandstorm
|-heal|p1b: Rillaboom|100/100|[from] Grassy Terrain
|-heal|p2a: Tyranitar|79/100|[from] Grassy Terrain
|upkeep
|turn|2
|
|t:|1757119783
|-terastallize|p1a: Smokebomb|Water
|-terastallize|p2a: Tyranitar|Flying
|move|p2b: Gliscor|Swords Dance|p2b: Gliscor
|-boost|p2b: Gliscor|atk|2
|move|p1a: Smokebomb|Will-O-Wisp|p2b: Gliscor
|-status|p2b: Gliscor|brn
|move|p1b: Rillaboom|Wood Hammer|p2a: Tyranitar
|-resisted|p2a: Tyranitar
|-damage|p2a: Tyranitar|48/100
|-damage|p1b: Rillaboom|90/100|[from] Recoil
|move|p2a: Tyranitar|Tera Blast|p1b: Rillaboom|[anim] Tera Blast Flying
|-supereffective|p1b: Rillaboom
|-damage|p1b: Rillaboom|4/100
|
|-weather|Sandstorm|[upkeep]
|-damage|p1a: Smokebomb|94/100|[from] Sandstorm
|-damage|p1b: Rillaboom|0 fnt|[from] Sandstorm
|-damage|p2a: Tyranitar|43/100|[from] Sandstorm
|faint|p1b: Rillaboom
|-heal|p1a: Smokebomb|100/100|[from] Grassy Terrain
|-damage|p2b: Gliscor|73/100 brn|[from] brn
|upkeep
|
|t:|1757119803
|switch|p1b: SilverLining|Gholdengo, L50, shiny|100/100
|-enditem|p1b: SilverLining|Grassy Seed
|-boost|p1b: SilverLining|def|1|[from] item: Grassy Seed
|turn|3
|inactive|Battle timer is ON: inactive players will automatically lose when time's up. (requested by beppeberlinoVGC)
|
|t:|1757119842
|move|p1b: SilverLining|Protect|p1b: SilverLining
|-singleturn|p1b: SilverLining|Protect
|move|p2b: Gliscor|High Horsepower|p1b: SilverLining
|-activate|p1b: SilverLining|move: Protect
|move|p1a: Smokebomb|Rock Slide|p2b: Gliscor|[spread] p2b
|-miss|p1a: Smokebomb|p2a: Tyranitar
|-damage|p2b: Gliscor|51/100 brn
|move|p2a: Tyranitar|Assurance|p1b: SilverLining
|-activate|p1b: SilverLining|move: Protect
|
|-weather|Sandstorm|[upkeep]
|-damage|p1a: Smokebomb|94/100|[from] Sandstorm
|-damage|p2a: Tyranitar|37/100|[from] Sandstorm
|-heal|p1a: Smokebomb|100/100|[from] Grassy Terrain
|-damage|p2b: Gliscor|45/100 brn|[from] brn
|upkeep
|turn|4
|inactive|purrplecolored has 30 seconds left.
|inactive|purrplecolored has 20 seconds left.
|
|t:|1757119877
|switch|p1b: Dragonite|Dragonite, L50, M|100/100
|move|p2b: Gliscor|High Horsepower|p1b: Dragonite
|-immune|p1b: Dragonite
|move|p1a: Smokebomb|Rock Slide|p2a: Tyranitar|[spread] p2a,p2b
|-supereffective|p2a: Tyranitar
|-damage|p2a: Tyranitar|0 fnt
|-damage|p2b: Gliscor|24/100 brn
|faint|p2a: Tyranitar
|
|-weather|Sandstorm|[upkeep]
|-damage|p1b: Dragonite|95/100|[from] Sandstorm
|-damage|p1a: Smokebomb|94/100|[from] Sandstorm
|-heal|p1a: Smokebomb|100/100|[from] Grassy Terrain
|-damage|p2b: Gliscor|18/100 brn|[from] brn
|upkeep
|
|t:|1757119889
|switch|p2a: Excadrill|Excadrill, L50, F|100/100
|turn|5
|
|t:|1757119904
|move|p2a: Excadrill|Rock Slide|p1a: Smokebomb|[spread] p1a,p1b
|-supereffective|p1b: Dragonite
|-damage|p1a: Smokebomb|70/100
|-damage|p1b: Dragonite|32/100
|-damage|p2a: Excadrill|91/100|[from] item: Life Orb
|move|p1b: Dragonite|Haze|p1b: Dragonite
|-clearallboost
|move|p2b: Gliscor|Dual Wingbeat|p1b: Dragonite
|-damage|p1b: Dragonite|25/100
|-damage|p1b: Dragonite|17/100
|-hitcount|p1b: Dragonite|2
|move|p1a: Smokebomb|Will-O-Wisp|p2a: Excadrill
|-status|p2a: Excadrill|brn
|
|-weather|none
|-heal|p2a: Excadrill|97/100 brn|[from] Grassy Terrain
|-heal|p1a: Smokebomb|77/100|[from] Grassy Terrain
|-damage|p2a: Excadrill|91/100 brn|[from] brn
|-damage|p2b: Gliscor|11/100 brn|[from] brn
|-fieldend|move: Grassy Terrain
|upkeep
|turn|6
|inactive|purrplecolored has 30 seconds left.
|inactive|purrplecolored has 20 seconds left.
|inactive|purrplecolored has 15 seconds left.
|inactive|purrplecolored has 10 seconds left.
|
|t:|1757119950
|move|p1b: Dragonite|Tailwind|p1b: Dragonite
|-sidestart|p1: purrplecolored|move: Tailwind
|move|p1a: Smokebomb|Flare Blitz|p2a: Excadrill
|-supereffective|p2a: Excadrill
|-damage|p2a: Excadrill|0 fnt
|faint|p2a: Excadrill
|-damage|p1a: Smokebomb|47/100|[from] Recoil
|-enditem|p1a: Smokebomb|Sitrus Berry|[eat]
|-heal|p1a: Smokebomb|71/100|[from] item: Sitrus Berry
|move|p2b: Gliscor|Dual Wingbeat|p1a: Smokebomb
|-damage|p1a: Smokebomb|63/100
|-damage|p1a: Smokebomb|54/100
|-hitcount|p1a: Smokebomb|2
|
|-damage|p2b: Gliscor|5/100 brn|[from] brn
|upkeep
|
|t:|1757119963
|switch|p2a: Hydreigon|Hydreigon, L50, F|100/100
|turn|7
|
|t:|1757119977
|move|p1b: Dragonite|Scale Shot|p2a: Hydreigon
|-supereffective|p2a: Hydreigon
|-crit|p2a: Hydreigon
|-damage|p2a: Hydreigon|47/100
|-supereffective|p2a: Hydreigon
|-damage|p2a: Hydreigon|12/100
|-supereffective|p2a: Hydreigon
|-damage|p2a: Hydreigon|0 fnt
|faint|p2a: Hydreigon
|-hitcount|p2: Hydreigon|3
|-unboost|p1b: Dragonite|def|1
|-boost|p1b: Dragonite|spe|1
|move|p1a: Smokebomb|Rock Slide|p2b: Gliscor
|-damage|p2b: Gliscor|0 fnt
|faint|p2b: Gliscor
|
|win|purrplecolored
||beppeberlinoVGC is ready for game 2.
|inactive|purrplecolored has 30 seconds to confirm battle start!
