|j|☆s!dd_1
|j|☆Its Sushiii
|html|s!dd_1Its Sushiii    
|uhtml|bestof|Game 1 of a best-of-3
|t:|1783726532
|gametype|doubles
|player|p1|s!dd_1|flannery-gen6|1305
|player|p2|Its Sushiii|265|1389
|gen|9
|tier|[Gen 9 Champions] VGC 2026 Reg M-B (Bo3)
|rated|
|rule|Species Clause: Limit one of each Pokémon
|rule|Item Clause: Limit 1 of each item
|clearpoke
|poke|p1|Raichu, L50, F|
|poke|p1|Mamoswine, L50, M|
|poke|p1|Sinistcha, L50|
|poke|p1|Sylveon, L50, F|
|poke|p1|Arcanine-Hisui, L50, F|
|poke|p1|Kangaskhan, L50, F|
|poke|p2|Kingambit, L50, M|
|poke|p2|Charizard, L50, M|
|poke|p2|Aerodactyl, L50, M|
|poke|p2|Farigiraf, L50, M|
|poke|p2|Sylveon, L50, M|
|poke|p2|Greninja, L50, F|
|teampreview|4
|showteam|p1|Raichu||RaichuniteY|LightningRod|ZapCannon,FocusBlast,FakeOut,Protect|Timid||F|||50|]Mamoswine||LifeOrb|Oblivious|IcicleCrash,IceShard,HighHorsepower,Protect|Adamant||M|||50|]Sinistcha||ColburBerry|Hospitality|MatchaGotcha,RagePowder,Protect,TrickRoom|Bold|||||50|]Sylveon||FairyFeather|Pixilate|HyperVoice,HyperBeam,CalmMind,Detect|Modest||F|||50|]Arcanine-Hisui||FocusSash|Intimidate|FlareBlitz,RockSlide,Snarl,Protect|Adamant||F|||50|]Kangaskhan||SilkScarf|Scrappy|LastResort,FakeOut|Adamant||F|||50|
|showteam|p2|Kingambit||FocusSash|Defiant|KowtowCleave,IronHead,SuckerPunch,LowKick|Adamant||M|||50|]Charizard||CharizarditeY|Blaze|HeatWave,SolarBeam,WeatherBall,Protect|Modest||M|||50|]Aerodactyl||Aerodactylite|Unnerve|RockSlide,DualWingbeat,IceFang,Tailwind|Jolly||M|||50|]Farigiraf||SitrusBerry|ArmorTail|TwinBeam,Thunderbolt,TrickRoom,Protect|Bold||M|||50|]Sylveon||LifeOrb|Pixilate|HyperVoice,HyperBeam,QuickAttack,Detect|Modest||M|||50|]Greninja||ChoiceScarf|Protean|HydroPump,IcyWind,IceBeam,LowKick|Modest||F|||50|
|inactive|Battle timer is ON: inactive players will automatically lose when time's up. (requested by s!dd_1)
|inactive|s!dd_1 has 60 seconds left.
|inactive|Its Sushiii has 60 seconds left.
|inactive|s!dd_1 has 30 seconds left.
|inactive|s!dd_1 has 20 seconds left.
|inactive|s!dd_1 has 15 seconds left.
|inactive|s!dd_1 has 10 seconds left.
|inactive|s!dd_1 has 5 seconds left.
|
|t:|1783726622
|teamsize|p1|4
|teamsize|p2|4
|start
|switch|p1a: Gipsy|Raichu, L50, F|100/100
|switch|p1b: Sinistcha|Sinistcha, L50|100/100
|switch|p2a: Farigiraf|Farigiraf, L50, M|100/100
|switch|p2b: Sylveon|Sylveon, L50, M|100/100
|turn|1
|
|t:|1783726643
|detailschange|p1a: Gipsy|Raichu-Mega-Y, L50, F
|-mega|p1a: Gipsy|Raichu|Raichunite Y
|move|p1a: Gipsy|Zap Cannon|p2b: Sylveon
|-damage|p2b: Sylveon|54/100
|-status|p2b: Sylveon|par
|move|p1b: Sinistcha|Matcha Gotcha|p2b: Sylveon|[spread] p2a,p2b
|-damage|p2a: Farigiraf|78/100
|-damage|p2b: Sylveon|34/100 par
|-status|p2a: Farigiraf|brn
|move|p2b: Sylveon|Hyper Beam|p1a: Gipsy
|-damage|p1a: Gipsy|0 fnt
|-mustrecharge|p2b: Sylveon
|faint|p1a: Gipsy
|-damage|p2b: Sylveon|24/100 par|[from] item: Life Orb
|move|p2a: Farigiraf|Trick Room|p2a: Farigiraf
|-fieldstart|move: Trick Room|[of] p2a: Farigiraf
|
|-damage|p2a: Farigiraf|72/100 brn|[from] brn
|upkeep
|
|t:|1783726666
|switch|p1a: Vulcan|Sylveon, L50, F|100/100
|turn|2
|inactive|Its Sushiii has 30 seconds left.
|
|t:|1783726701
|cant|p2b: Sylveon|recharge
|move|p2a: Farigiraf|Twin Beam|p1a: Vulcan
|-damage|p1a: Vulcan|89/100
|-damage|p1a: Vulcan|78/100
|-hitcount|p1a: Vulcan|2
|move|p1a: Vulcan|Calm Mind|p1a: Vulcan
|-boost|p1a: Vulcan|spa|1
|-boost|p1a: Vulcan|spd|1
|move|p1b: Sinistcha|Matcha Gotcha|p2b: Sylveon|[spread] p2a,p2b
|-damage|p2a: Farigiraf|49/100 brn
|-damage|p2b: Sylveon|3/100 par
|-enditem|p2a: Farigiraf|Sitrus Berry|[eat]
|-heal|p2a: Farigiraf|74/100 brn|[from] item: Sitrus Berry
|
|-damage|p2a: Farigiraf|68/100 brn|[from] brn
|upkeep
|turn|3
|
|t:|1783726725
|switch|p1b: Arcanine|Arcanine-Hisui, L50, F|100/100
|-ability|p1b: Arcanine|Intimidate|boost
|-unboost|p2a: Farigiraf|atk|1
|-unboost|p2b: Sylveon|atk|1
|move|p2b: Sylveon|Hyper Beam|p1a: Vulcan
|-damage|p1a: Vulcan|18/100
|-mustrecharge|p2b: Sylveon
|-damage|p2b: Sylveon|0 fnt|[from] item: Life Orb
|faint|p2b: Sylveon
|move|p2a: Farigiraf|Twin Beam|p1a: Vulcan
|-damage|p1a: Vulcan|11/100
|-damage|p1a: Vulcan|3/100
|-hitcount|p1a: Vulcan|2
|move|p1a: Vulcan|Hyper Voice|p2a: Farigiraf
|-damage|p2a: Farigiraf|0 fnt
|faint|p2a: Farigiraf
|
|upkeep
|
|t:|1783726741
|switch|p2a: Charizard|Charizard, L50, M|100/100
|switch|p2b: Kingambit|Kingambit, L50, M|100/100
|turn|4
|inactive|s!dd_1 has 30 seconds left.
|inactive|Its Sushiii has 30 seconds left.
|inactive|s!dd_1 has 20 seconds left.
|inactive|Its Sushiii has 20 seconds left.
|inactive|s!dd_1 has 15 seconds left.
|inactive|Its Sushiii has 15 seconds left.
|inactive|s!dd_1 has 10 seconds left.
|inactive|Its Sushiii has 10 seconds left.
|inactive|s!dd_1 has 5 seconds left.
|
|t:|1783726792
|detailschange|p2a: Charizard|Charizard-Mega-Y, L50, M
|-mega|p2a: Charizard|Charizard|Charizardite Y
|-weather|SunnyDay|[from] ability: Drought|[of] p2a: Charizard
|move|p1a: Vulcan|Detect|p1a: Vulcan
|-singleturn|p1a: Vulcan|Protect
|move|p2b: Kingambit|Low Kick|p1b: Arcanine
|-supereffective|p1b: Arcanine|1
|-enditem|p1b: Arcanine|Focus Sash
|-damage|p1b: Arcanine|1/100
|move|p2a: Charizard|Solar Beam||[still]
|-prepare|p2a: Charizard|Solar Beam
|-anim|p2a: Charizard|Solar Beam|p1b: Arcanine
|-damage|p1b: Arcanine|0 fnt
|faint|p1b: Arcanine
|
|-weather|SunnyDay|[upkeep]
|upkeep
|
|t:|1783726803
|switch|p1b: Sinistcha|Sinistcha, L50|100/100
|-heal|p1a: Vulcan|28/100|[from] ability: Hospitality|[of] p1b: Sinistcha
|turn|5
|
|t:|1783726827
|move|p2b: Kingambit|Sucker Punch|p1a: Vulcan
|-resisted|p1a: Vulcan|1
|-damage|p1a: Vulcan|1/100
|move|p1a: Vulcan|Hyper Voice|p2b: Kingambit|[spread] p2a,p2b
|-resisted|p2a: Charizard|1
|-damage|p2a: Charizard|71/100
|-damage|p2b: Kingambit|13/100
|move|p1b: Sinistcha|Matcha Gotcha|p2b: Kingambit|[spread] p2b
|-miss|p1b: Sinistcha|p2a: Charizard
|-resisted|p2b: Kingambit|1
|-damage|p2b: Kingambit|0 fnt
|faint|p2b: Kingambit
|move|p2a: Charizard|Heat Wave|p1b: Sinistcha|[spread] p1a,p1b
|-supereffective|p1b: Sinistcha|1
|-damage|p1a: Vulcan|0 fnt
|-damage|p1b: Sinistcha|0 fnt
|faint|p1a: Vulcan
|faint|p1b: Sinistcha
|
|win|Its Sushiii
|inactive|s!dd_1 has 30 seconds to confirm battle start!
|inactive|Its Sushiii has 30 seconds to confirm battle start!
||Its Sushiii is ready for game 2.
|inactive|s!dd_1 has 20 seconds to confirm battle start!
||s!dd_1 is ready for game 2.
|uhtml|next|Next: Game 2 of 3
|l|☆s!dd_1
|player|p1|
