|j|☆Tulpeon
|j|☆Greenwl
|html|TulpeonGreenwl    
|uhtml|bestof|Game 2 of a best-of-3
|t:|1756248527
|gametype|doubles
|player|p1|Tulpeon|1|1000
|player|p2|Greenwl|1|1022
|gen|9
|tier|[Gen 9] VGC 2025 Reg H (Bo3)
|rated|
|rule|Species Clause: Limit one of each Pokémon
|rule|Item Clause: Limit 1 of each item
|clearpoke
|poke|p1|Archaludon, L50, F|
|poke|p1|Pelipper, L50, F|
|poke|p1|Grimmsnarl, L50, M|
|poke|p1|Amoonguss, L50, F|
|poke|p1|Basculegion, L50, M|
|poke|p1|Incineroar, L50, F|
|poke|p2|Farigiraf, L50, F|
|poke|p2|Rillaboom, L50, M|
|poke|p2|Ursaluna-Bloodmoon, L50, M|
|poke|p2|Dragapult, L50, F|
|poke|p2|Annihilape, L50, F|
|poke|p2|Amoonguss, L50, F|
|teampreview|4
|showteam|p1|Archaludon||AssaultVest|Stamina|ElectroShot,BodyPress,FlashCannon,DracoMeteor|||F|||50|,,,,,Flying]Pelipper||FocusSash|Drizzle|Tailwind,Hurricane,WeatherBall,Protect|||F|||50|,,,,,Ghost]Grimmsnarl||LightClay|Prankster|PartingShot,SpiritBreak,LightScreen,Reflect|||M|||50|,,,,,Steel]Amoonguss||RockyHelmet|Regenerator|PollenPuff,RagePowder,Spore,Protect|||F|||50|,,,,,Dark]Basculegion||ChoiceBand|Adaptability|WaveCrash,LastRespects,FlipTurn,TeraBlast|||M|||50|,,,,,Stellar]Incineroar||SafetyGoggles|Intimidate|FakeOut,PartingShot,KnockOff,FlareBlitz|||F|||50|,,,,,Ghost
|showteam|p2|Farigiraf||GrassySeed|ArmorTail|TrickRoom,Protect,HelpingHand,TwinBeam|||F|||50|,,,,,Water]Rillaboom||AssaultVest|GrassySurge|FakeOut,Uturn,WoodHammer,GrassyGlide|||M|||50|,,,,,Poison]Ursaluna-Bloodmoon||LifeOrb|MindsEye|Protect,BloodMoon,HyperVoice,EarthPower|||M|||50|,,,,,Normal]Dragapult||ChoiceBand|Infiltrator|TeraBlast,PhantomForce,DragonDarts,Uturn|||F|||50|,,,,,Ghost]Annihilape||ChoiceScarf|VitalSpirit|CloseCombat,ShadowClaw,Uturn,FinalGambit|||F|||50|,,,,,Fire]Amoonguss||SitrusBerry|Regenerator|Protect,Spore,RagePowder,SludgeBomb|||F|||50|,,,,,Water
|inactive|Battle timer is ON: inactive players will automatically lose when time's up. (requested by Greenwl)
|
|t:|1756248560
|teamsize|p1|4
|teamsize|p2|4
|start
|switch|p1a: Grimmsnarl|Grimmsnarl, L50, M|100/100
|switch|p1b: Amoonguss|Amoonguss, L50, F, shiny|100/100
|switch|p2a: Ursaluna|Ursaluna-Bloodmoon, L50, M|100/100
|switch|p2b: Rillaboom|Rillaboom, L50, M|100/100
|-fieldstart|move: Grassy Terrain|[from] ability: Grassy Surge|[of] p2b: Rillaboom
|turn|1
|
|t:|1756248574
|-terastallize|p2a: Ursaluna|Normal
|move|p2b: Rillaboom|Fake Out|p1b: Amoonguss
|-damage|p1b: Amoonguss|88/100
|-damage|p2b: Rillaboom|84/100|[from] item: Rocky Helmet|[of] p1b: Amoonguss
|move|p1a: Grimmsnarl|Light Screen|p1a: Grimmsnarl
|-sidestart|p1: Tulpeon|move: Light Screen
|move|p2a: Ursaluna|Blood Moon|p1a: Grimmsnarl
|-damage|p1a: Grimmsnarl|18/100
|-damage|p2a: Ursaluna|91/100|[from] item: Life Orb
|cant|p1b: Amoonguss|flinch
|
|-heal|p2b: Rillaboom|90/100|[from] Grassy Terrain
|-heal|p1a: Grimmsnarl|24/100|[from] Grassy Terrain
|-heal|p2a: Ursaluna|97/100|[from] Grassy Terrain
|-heal|p1b: Amoonguss|94/100|[from] Grassy Terrain
|upkeep
|turn|2
|inactive|Tulpeon has 30 seconds left.
|
|t:|1756248608
|switch|p2a: Amoonguss|Amoonguss, L50, F|100/100
|move|p1b: Amoonguss|Protect|p1b: Amoonguss
|-singleturn|p1b: Amoonguss|Protect
|move|p2b: Rillaboom|Grassy Glide|p1a: Grimmsnarl
|-damage|p1a: Grimmsnarl|0 fnt
|faint|p1a: Grimmsnarl
|
|-heal|p2b: Rillaboom|96/100|[from] Grassy Terrain
|-heal|p1b: Amoonguss|99/100|[from] Grassy Terrain
|upkeep
|
|t:|1756248618
|switch|p1a: la poste|Pelipper, L50, F|100/100
|-weather|RainDance|[from] ability: Drizzle|[of] p1a: la poste
|turn|3
|inactive|Tulpeon has 30 seconds left.
|inactive|Tulpeon has 20 seconds left.
|
|t:|1756248656
|move|p2a: Amoonguss|Protect|p2a: Amoonguss
|-singleturn|p2a: Amoonguss|Protect
|move|p1a: la poste|Hurricane|p2b: Rillaboom
|-supereffective|p2b: Rillaboom
|-damage|p2b: Rillaboom|15/100
|move|p2b: Rillaboom|Wood Hammer|p1a: la poste
|-enditem|p1a: la poste|Focus Sash
|-damage|p1a: la poste|1/100
|-damage|p2b: Rillaboom|0 fnt|[from] Recoil
|faint|p2b: Rillaboom
|move|p1b: Amoonguss|Pollen Puff|p2a: Amoonguss
|-activate|p2a: Amoonguss|move: Protect
|
|-weather|RainDance|[upkeep]
|-heal|p1b: Amoonguss|100/100|[from] Grassy Terrain
|upkeep
|
|t:|1756248666
|switch|p2b: Annihilape|Annihilape, L50, F|100/100
|turn|4
|inactive|Tulpeon has 30 seconds left.
|inactive|Greenwl has 30 seconds left.
|inactive|Tulpeon has 20 seconds left.
|
|t:|1756248703
|move|p2b: Annihilape|Final Gambit|p1b: Amoonguss
|-damage|p1b: Amoonguss|2/100
|faint|p2b: Annihilape
|move|p1a: la poste|Hurricane|p2a: Amoonguss
|-supereffective|p2a: Amoonguss
|-damage|p2a: Amoonguss|28/100
|-enditem|p2a: Amoonguss|Sitrus Berry|[eat]
|-heal|p2a: Amoonguss|53/100|[from] item: Sitrus Berry
|move|p1b: Amoonguss|Pollen Puff|p2a: Amoonguss
|-damage|p2a: Amoonguss|38/100
|move|p2a: Amoonguss|Sludge Bomb|p1a: la poste
|-damage|p1a: la poste|0 fnt
|faint|p1a: la poste
|
|-weather|RainDance|[upkeep]
|-heal|p1b: Amoonguss|8/100|[from] Grassy Terrain
|-heal|p2a: Amoonguss|44/100|[from] Grassy Terrain
|upkeep
|
|t:|1756248720
|switch|p2b: Ursaluna|Ursaluna-Bloodmoon, L50, M, tera:Normal|97/100
|switch|p1a: Basculegion|Basculegion, L50, M, shiny|100/100
|turn|5
|inactive|Tulpeon has 30 seconds left.
|inactive|Tulpeon has 20 seconds left.
|inactive|Tulpeon has 15 seconds left.
|inactive|Tulpeon has 10 seconds left.
|inactive|Tulpeon has 5 seconds left.
|inactive|Greenwl has 30 seconds left.
|
|t:|1756248776
|move|p2a: Amoonguss|Rage Powder|p2a: Amoonguss
|-singleturn|p2a: Amoonguss|move: Rage Powder
|move|p1a: Basculegion|Wave Crash|p2a: Amoonguss
|-resisted|p2a: Amoonguss
|-damage|p2a: Amoonguss|0 fnt
|faint|p2a: Amoonguss
|-damage|p1a: Basculegion|87/100|[from] Recoil
|move|p2b: Ursaluna|Hyper Voice|p1b: Amoonguss|[spread] p1a,p1b
|-damage|p1a: Basculegion|37/100
|-damage|p1b: Amoonguss|0 fnt
|faint|p1b: Amoonguss
|-damage|p2b: Ursaluna|87/100|[from] item: Life Orb
|
|-weather|RainDance|[upkeep]
|-heal|p1a: Basculegion|43/100|[from] Grassy Terrain
|-heal|p2b: Ursaluna|93/100|[from] Grassy Terrain
|-fieldend|move: Grassy Terrain
|upkeep
|turn|6
|
|t:|1756248790
|-terastallize|p1a: Basculegion|Stellar
|move|p2b: Ursaluna|Protect|p2b: Ursaluna
|-singleturn|p2b: Ursaluna|Protect
|move|p1a: Basculegion|Wave Crash|p2b: Ursaluna
|-activate|p2b: Ursaluna|move: Protect
|
|-weather|RainDance|[upkeep]
|upkeep
|turn|7
|
|t:|1756248800
|move|p2b: Ursaluna|Protect||[still]
|-fail|p2b: Ursaluna
|move|p1a: Basculegion|Wave Crash|p2b: Ursaluna
|-damage|p2b: Ursaluna|0 fnt
|faint|p2b: Ursaluna
|-damage|p1a: Basculegion|13/100|[from] Recoil
|
|win|Tulpeon
|raw|Tulpeon's rating: 1000 → 1043(+43 for winning)
|raw|Greenwl's rating: 1022 → 1008(-14 for losing)
|l|☆Greenwl
|player|p2|
|c|☆Tulpeon|ggs
