|j|☆Jeremii
|j|☆KNRayquaza
|html|JeremiiKNRayquaza    
|uhtml|bestof|Game 2 of a best-of-3
|t:|1783986573
|gametype|doubles
|player|p1|Jeremii|cress|1000
|player|p2|KNRayquaza|cynthia|1031
|gen|9
|tier|[Gen 9 Champions] VGC 2026 Reg M-B (Bo3)
|rated|
|rule|Species Clause: Limit one of each Pokémon
|rule|Item Clause: Limit 1 of each item
|clearpoke
|poke|p1|Drampa, L50, M|
|poke|p1|Alakazam, L50, M|
|poke|p1|Sinistcha-Masterpiece, L50|
|poke|p1|Pelipper, L50, M|
|poke|p1|Mawile, L50, F|
|poke|p1|Basculegion, L50, M|
|poke|p2|Staraptor, L50, M|
|poke|p2|Grimmsnarl, L50, M|
|poke|p2|Ceruledge, L50, M|
|poke|p2|Sinistcha, L50|
|poke|p2|Raichu, L50, F|
|poke|p2|Whimsicott, L50, M|
|teampreview|4
|showteam|p1|Drampa||Drampanite|Berserk|HyperVoice,EarthPower,Thunder,Hurricane|Modest||M|||50|]Alakazam||FocusSash|InnerFocus|Psychic,SpeedSwap,Reflect,LightScreen|Timid||M|||50|]Sinistcha-Masterpiece||SitrusBerry|Hospitality|MatchaGotcha,ShadowBall,RagePowder,LifeDew|Bold|||||50|]Pelipper||SharpBeak|Drizzle|WeatherBall,Hurricane,Protect,Tailwind|Bold||M|||50|]Mawile||Mawilite|Intimidate|IronHead,PlayRough,SuckerPunch,PsychicFangs|Adamant||F|||50|]Basculegion||LifeOrb|SwiftSwim|WaveCrash,LastRespects,HeadSmash,PsychicFangs|Adamant||M|||50|
|showteam|p2|Staraptor||Staraptite|Intimidate|CloseCombat,BraveBird,Roost,Protect|Adamant||M|||50|]Grimmsnarl||RoseliBerry|Prankster|ScaryFace,PowerSwap,Superpower,PartingShot|Careful||M|||50|]Ceruledge||ColburBerry|FlashFire|ShadowSneak,BitterBlade,BulkUp,Protect|Jolly||M|||50|]Sinistcha||KasibBerry|Hospitality|NastyPlot,MatchaGotcha,ShadowBall,RagePowder|Modest|||||50|]Raichu||RaichuniteY|LightningRod|ZapCannon,FocusBlast,FakeOut,Protect|Hasty||F|||50|]Whimsicott||FocusSash|Prankster|Moonblast,Charm,Tailwind,Encore|Bold||M|||50|
|inactive|Battle timer is ON: inactive players will automatically lose when time's up. (requested by KNRayquaza)
|
|t:|1783986584
|teamsize|p1|4
|teamsize|p2|4
|start
|switch|p1a: Alakazam|Alakazam, L50, M|100/100
|switch|p1b: Mawile|Mawile, L50, F|100/100
|switch|p2a: Raichu|Raichu, L50, F|100/100
|switch|p2b: Staraptor|Staraptor, L50, M|100/100
|-ability|p2b: Staraptor|Intimidate|boost
|-fail|p1a: Alakazam|unboost|Attack|[from] ability: Inner Focus|[of] p1a: Alakazam
|-unboost|p1b: Mawile|atk|1
|-ability|p1b: Mawile|Intimidate|boost
|-unboost|p2a: Raichu|atk|1
|-unboost|p2b: Staraptor|atk|1
|turn|1
|
|t:|1783986608
|detailschange|p1b: Mawile|Mawile-Mega, L50, F
|-mega|p1b: Mawile|Mawile|Mawilite
|move|p2a: Raichu|Fake Out|p1b: Mawile
|-resisted|p1b: Mawile|1
|-damage|p1b: Mawile|97/100
|move|p1a: Alakazam|Reflect|p1a: Alakazam
|-sidestart|p1: Jeremii|Reflect
|move|p2b: Staraptor|Brave Bird|p1a: Alakazam
|-damage|p1a: Alakazam|53/100
|-damage|p2b: Staraptor|86/100|[from] Recoil
|cant|p1b: Mawile|flinch
|
|upkeep
|turn|2
|
|t:|1783986624
|detailschange|p2a: Raichu|Raichu-Mega-Y, L50, F
|-mega|p2a: Raichu|Raichu|Raichunite Y
|move|p2a: Raichu|Zap Cannon|p1b: Mawile
|-damage|p1b: Mawile|7/100
|-status|p1b: Mawile|par
|move|p1a: Alakazam|Speed Swap|p1b: Mawile
|-activate|p1a: Alakazam|move: Speed Swap|[of] p1b: Mawile
|move|p2b: Staraptor|Close Combat|p1b: Mawile
|-damage|p1b: Mawile|0 fnt
|-unboost|p2b: Staraptor|def|1
|-unboost|p2b: Staraptor|spd|1
|faint|p1b: Mawile
|
|upkeep
|
|t:|1783986638
|switch|p1b: Sinistcha|Sinistcha-Masterpiece, L50|100/100
|-heal|p1a: Alakazam|78/100|[from] ability: Hospitality|[of] p1b: Sinistcha
|turn|3
|
|t:|1783986657
|move|p2a: Raichu|Zap Cannon|p1a: Alakazam
|-damage|p1a: Alakazam|0 fnt
|faint|p1a: Alakazam
|move|p2b: Staraptor|Brave Bird|p1b: Sinistcha
|-supereffective|p1b: Sinistcha|1
|-damage|p1b: Sinistcha|66/100
|-damage|p2b: Staraptor|76/100|[from] Recoil
|move|p1b: Sinistcha|Shadow Ball|p2a: Raichu
|-damage|p2a: Raichu|50/100g
|
|upkeep
|
|t:|1783986668
|switch|p1a: Basculegion|Basculegion, L50, M|100/100
|turn|4
|
|t:|1783986679
|switch|p2b: Whimsicott|Whimsicott, L50, M|100/100
|move|p2a: Raichu|Protect|p2a: Raichu
|-singleturn|p2a: Raichu|Protect
|move|p1a: Basculegion|Last Respects|p2a: Raichu
|-activate|p2a: Raichu|move: Protect
|move|p1b: Sinistcha|Life Dew||[still]|[spread] p1a,p1b
|-fail|p1a: Basculegion|heal
|-heal|p1b: Sinistcha|91/100
|
|upkeep
|turn|5
|
|t:|1783986696
|switch|p2a: Staraptor|Staraptor, L50, M|76/100
|-ability|p2a: Staraptor|Intimidate|boost
|-unboost|p1a: Basculegion|atk|1
|-unboost|p1b: Sinistcha|atk|1
|move|p1b: Sinistcha|Rage Powder|p1b: Sinistcha
|-singleturn|p1b: Sinistcha|move: Rage Powder
|move|p2b: Whimsicott|Charm|p1a: Basculegion
|-unboost|p1a: Basculegion|atk|2
|move|p1a: Basculegion|Last Respects|p2a: Staraptor
|-immune|p2a: Staraptor
|
|-sideend|p1: Jeremii|Reflect
|upkeep
|turn|6
|inactive|KNRayquaza has 30 seconds left.
|
|t:|1783986729
|move|p2b: Whimsicott|Encore|p1b: Sinistcha
|-start|p1b: Sinistcha|Encore
|move|p1b: Sinistcha|Rage Powder|p1b: Sinistcha
|-singleturn|p1b: Sinistcha|move: Rage Powder
|move|p2a: Staraptor|Brave Bird|p1b: Sinistcha
|-supereffective|p1b: Sinistcha|1
|-damage|p1b: Sinistcha|12/100
|-enditem|p1b: Sinistcha|Sitrus Berry|[eat]
|-heal|p1b: Sinistcha|37/100|[from] item: Sitrus Berry
|-damage|p2a: Staraptor|52/100|[from] Recoil
|move|p1a: Basculegion|Head Smash|p2a: Staraptor
|-supereffective|p2a: Staraptor|1
|-damage|p2a: Staraptor|0 fnt
|faint|p2a: Staraptor
|-damage|p1a: Basculegion|74/100|[from] Recoil
|-damage|p1a: Basculegion|64/100|[from] item: Life Orb
|
|upkeep
|
|t:|1783986744
|switch|p2a: Sinistcha|Sinistcha, L50|100/100
|turn|7
|
|t:|1783986756
|move|p1b: Sinistcha|Rage Powder|p1b: Sinistcha
|-singleturn|p1b: Sinistcha|move: Rage Powder
|move|p2b: Whimsicott|Encore|p1a: Basculegion
|-start|p1a: Basculegion|Encore
|move|p1a: Basculegion|Head Smash|p2b: Whimsicott|[miss]
|-miss|p1a: Basculegion|p2b: Whimsicott
|move|p2a: Sinistcha|Matcha Gotcha|p1a: Basculegion|[spread] p1b
|-miss|p2a: Sinistcha|p1a: Basculegion
|-resisted|p1b: Sinistcha|1
|-damage|p1b: Sinistcha|17/100
|
|upkeep
|turn|8
|
|t:|1783986771
|move|p1b: Sinistcha|Rage Powder|p1b: Sinistcha
|-singleturn|p1b: Sinistcha|move: Rage Powder
|move|p2b: Whimsicott|Moonblast|p1b: Sinistcha
|-damage|p1b: Sinistcha|0 fnt
|faint|p1b: Sinistcha
|move|p1a: Basculegion|Head Smash|p2b: Whimsicott|[miss]
|-miss|p1a: Basculegion|p2b: Whimsicott
|move|p2a: Sinistcha|Matcha Gotcha|p1a: Basculegion
|-supereffective|p1a: Basculegion|1
|-damage|p1a: Basculegion|0 fnt
|faint|p1a: Basculegion
|
|win|KNRayquaza
||KNRayquaza is ready for game 3.
|inactive|Jeremii has 30 seconds to confirm battle start!
||Jeremii is ready for game 3.
|uhtml|next|Next: Game 3 of 3
