|j|☆LyricSum
|j|☆monsoonisbest
|html|LyricSummonsoonisbest    
|uhtml|bestof|Game 1 of a best-of-3
|t:|1784478049
|gametype|doubles
|player|p1|LyricSum|veteran|1283
|player|p2|monsoonisbest|169|1274
|gen|9
|tier|[Gen 9 Champions] VGC 2026 Reg M-B (Bo3)
|rated|
|rule|Species Clause: Limit one of each Pokémon
|rule|Item Clause: Limit 1 of each item
|clearpoke
|poke|p1|Froslass, L50, F, shiny|
|poke|p1|Sneasler, L50, M, shiny|
|poke|p1|Lycanroc-Dusk, L50, M, shiny|
|poke|p1|Whimsicott, L50, F, shiny|
|poke|p1|Maushold-Four, L50, shiny|
|poke|p1|Rotom-Wash, L50, shiny|
|poke|p2|Gengar, L50, M|
|poke|p2|Swampert, L50, F|
|poke|p2|Incineroar, L50, F|
|poke|p2|Politoed, L50, F|
|poke|p2|Archaludon, L50, F|
|poke|p2|Vivillon-Monsoon, L50, F|
|teampreview|4
|showteam|p1|Froslass||Froslassite|CursedBody|NastyPlot,Blizzard,ShadowBall,Protect|Timid||F|||50|]Sneasler||WhiteHerb|Unburden|FakeOut,CloseCombat,DireClaw,QuickGuard|Adamant||M|||50|]Lycanroc-Dusk||FocusSash|ToughClaws|Accelerock,RockSlide,CloseCombat,Protect|Jolly||M|||50|]Whimsicott||FairyFeather|Prankster|Tailwind,Moonblast,Encore,Protect|Timid||F|||50|]Maushold-Four||ChopleBerry|FriendGuard|SuperFang,FollowMe,Taunt,Protect|Timid|||||50|]Rotom-Wash||ChoiceScarf|Levitate|VoltSwitch,HydroPump,Thunderbolt,Trick|Timid|||||50|
|showteam|p2|Gengar||Gengarite|CursedBody|ShadowBall,PerishSong,SludgeBomb,Protect|Timid||M|||50|]Swampert||Swampertite|Damp|WaveCrash,Earthquake,IcePunch,Protect|Adamant||F|||50|]Incineroar||PasshoBerry|Intimidate|ThroatChop,PartingShot,FakeOut,Protect|Sassy||F|||50|]Politoed||SitrusBerry|Drizzle|WeatherBall,PerishSong,Encore,Protect|Calm||F|||50|]Archaludon||Leftovers|Stamina|DragonPulse,FlashCannon,ElectroShot,Protect|Bold||F|||50|]Vivillon-Monsoon||FocusSash|CompoundEyes|Hurricane,SleepPowder,RagePowder,Protect|Timid||F|||50|
|inactive|Battle timer is ON: inactive players will automatically lose when time's up. (requested by LyricSum)
|inactive|monsoonisbest has 60 seconds left.
|inactive|LyricSum has 60 seconds left.
|
|t:|1784478089
|teamsize|p1|4
|teamsize|p2|4
|start
|switch|p1a: Dress2Impress|Froslass, L50, F, shiny|100/100
|switch|p1b: Mickey Mice|Maushold-Four, L50, shiny|100/100
|switch|p2a: Incineroar|Incineroar, L50, F|100/100
|switch|p2b: Gengar|Gengar, L50, M|100/100
|-ability|p2a: Incineroar|Intimidate|boost
|-unboost|p1a: Dress2Impress|atk|1
|-unboost|p1b: Mickey Mice|atk|1
|turn|1
|
|t:|1784478096
|detailschange|p1a: Dress2Impress|Froslass-Mega, L50, F, shiny
|-mega|p1a: Dress2Impress|Froslass|Froslassite
|-weather|Snowscape|[from] ability: Snow Warning|[of] p1a: Dress2Impress
|detailschange|p2b: Gengar|Gengar-Mega, L50, M
|-mega|p2b: Gengar|Gengar|Gengarite
|move|p2a: Incineroar|Fake Out|p1b: Mickey Mice
|-damage|p1b: Mickey Mice|86/100
|cant|p1b: Mickey Mice|flinch
|move|p1a: Dress2Impress|Shadow Ball|p2b: Gengar
|-supereffective|p2b: Gengar|1
|-damage|p2b: Gengar|12/100
|-unboost|p2b: Gengar|spd|1
|move|p2b: Gengar|Perish Song|p2b: Gengar
|-start|p1a: Dress2Impress|perish3|[silent]
|-start|p1b: Mickey Mice|perish3|[silent]
|-start|p2a: Incineroar|perish3|[silent]
|-start|p2b: Gengar|perish3|[silent]
|-fieldactivate|move: Perish Song
|
|-weather|Snowscape|[upkeep]
|-start|p1a: Dress2Impress|perish3
|-start|p2b: Gengar|perish3
|-start|p1b: Mickey Mice|perish3
|-start|p2a: Incineroar|perish3
|upkeep
|turn|2
|
|t:|1784478106
|move|p2b: Gengar|Protect|p2b: Gengar
|-singleturn|p2b: Gengar|Protect
|move|p1a: Dress2Impress|Blizzard|p2a: Incineroar|[spread] p2a
|-activate|p2b: Gengar|move: Protect
|-resisted|p2a: Incineroar|1
|-damage|p2a: Incineroar|85/100
|move|p1b: Mickey Mice|Taunt|p2a: Incineroar
|-start|p2a: Incineroar|move: Taunt
|move|p2a: Incineroar|Throat Chop|p1a: Dress2Impress
|-supereffective|p1a: Dress2Impress|1
|-damage|p1a: Dress2Impress|56/100
|-start|p1a: Dress2Impress|Throat Chop|[silent]
|
|-weather|Snowscape|[upkeep]
|-start|p1a: Dress2Impress|perish2
|-start|p2b: Gengar|perish2
|-start|p1b: Mickey Mice|perish2
|-start|p2a: Incineroar|perish2
|upkeep
|turn|3
|
|t:|1784478118
|switch|p2a: Politoed|Politoed, L50, F|100/100
|-weather|RainDance|[from] ability: Drizzle|[of] p2a: Politoed
|move|p1b: Mickey Mice|Follow Me|p1b: Mickey Mice
|-singleturn|p1b: Mickey Mice|move: Follow Me
|move|p1a: Dress2Impress|Blizzard|p2b: Gengar|[spread] p2a
|-miss|p1a: Dress2Impress|p2b: Gengar
|-resisted|p2a: Politoed|1
|-damage|p2a: Politoed|83/100
|move|p2b: Gengar|Shadow Ball|p1b: Mickey Mice
|-immune|p1b: Mickey Mice
|
|-weather|RainDance|[upkeep]
|-end|p1a: Dress2Impress|Throat Chop|[silent]
|-start|p1a: Dress2Impress|perish1
|-start|p2b: Gengar|perish1
|-start|p1b: Mickey Mice|perish1
|upkeep
|turn|4
|
|t:|1784478136
|switch|p1a: Not Washed|Rotom-Wash, L50, shiny|100/100
|switch|p2b: Incineroar|Incineroar, L50, F|85/100
|-ability|p2b: Incineroar|Intimidate|boost
|-unboost|p1a: Not Washed|atk|1
|-unboost|p1b: Mickey Mice|atk|1
|move|p2a: Politoed|Protect|p2a: Politoed
|-singleturn|p2a: Politoed|Protect
|move|p1b: Mickey Mice|Super Fang|p2b: Incineroar
|-damage|p2b: Incineroar|42/100
|
|-weather|RainDance|[upkeep]
|-start|p1b: Mickey Mice|perish0
|faint|p1b: Mickey Mice
|upkeep
|
|t:|1784478144
|switch|p1b: Haribo|Sneasler, L50, M, shiny|100/100
|turn|5
|
|t:|1784478159
|move|p1b: Haribo|Fake Out|p2b: Incineroar
|-damage|p2b: Incineroar|29/100
|move|p1a: Not Washed|Thunderbolt|p2a: Politoed
|-supereffective|p2a: Politoed|1
|-damage|p2a: Politoed|19/100
|-enditem|p2a: Politoed|Sitrus Berry|[eat]
|-heal|p2a: Politoed|44/100|[from] item: Sitrus Berry
|move|p2a: Politoed|Perish Song|p2a: Politoed
|-start|p1a: Not Washed|perish3|[silent]
|-start|p1b: Haribo|perish3|[silent]
|-start|p2a: Politoed|perish3|[silent]
|-start|p2b: Incineroar|perish3|[silent]
|-fieldactivate|move: Perish Song
|cant|p2b: Incineroar|flinch
|
|-weather|RainDance|[upkeep]
|-start|p1a: Not Washed|perish3
|-start|p1b: Haribo|perish3
|-start|p2a: Politoed|perish3
|-start|p2b: Incineroar|perish3
|upkeep
|turn|6
|
|t:|1784478168
|switch|p2a: Gengar|Gengar-Mega, L50, M|12/100
|move|p2b: Incineroar|Protect|p2b: Incineroar
|-singleturn|p2b: Incineroar|Protect
|move|p1a: Not Washed|Thunderbolt|p2a: Gengar
|-damage|p2a: Gengar|0 fnt
|faint|p2a: Gengar
|move|p1b: Haribo|Dire Claw|p2b: Incineroar
|-activate|p2b: Incineroar|move: Protect
|
|-weather|RainDance|[upkeep]
|-start|p1a: Not Washed|perish2
|-start|p1b: Haribo|perish2
|-start|p2b: Incineroar|perish2
|upkeep
|
|t:|1784478171
|switch|p2a: Vivillon|Vivillon-Monsoon, L50, F|100/100
|turn|7
|
|t:|1784478181
|move|p1a: Not Washed|Thunderbolt|p2a: Vivillon
|-supereffective|p2a: Vivillon|1
|-enditem|p2a: Vivillon|Focus Sash
|-damage|p2a: Vivillon|1/100
|-status|p2a: Vivillon|par
|move|p1b: Haribo|Close Combat|p2b: Incineroar
|-supereffective|p2b: Incineroar|1
|-damage|p2b: Incineroar|0 fnt
|-unboost|p1b: Haribo|def|1
|-unboost|p1b: Haribo|spd|1
|faint|p2b: Incineroar
|-enditem|p1b: Haribo|White Herb
|-clearnegativeboost|p1b: Haribo|[silent]
|cant|p2a: Vivillon|par
|
|-weather|none
|-start|p1b: Haribo|perish1
|-start|p1a: Not Washed|perish1
|upkeep
|
|t:|1784478190
|switch|p2b: Politoed|Politoed, L50, F|44/100
|-weather|RainDance|[from] ability: Drizzle|[of] p2b: Politoed
|turn|8
|
|t:|1784478197
|switch|p1b: Dress2Impress|Froslass-Mega, L50, F, shiny|56/100
|-weather|Snowscape|[from] ability: Snow Warning|[of] p1b: Dress2Impress
|move|p1a: Not Washed|Thunderbolt|p2b: Politoed
|-supereffective|p2b: Politoed|1
|-damage|p2b: Politoed|0 fnt
|faint|p2b: Politoed
|cant|p2a: Vivillon|par
|
|-weather|Snowscape|[upkeep]
|-start|p1a: Not Washed|perish0
|upkeep
|faint|p1a: Not Washed
|
|t:|1784478199
|switch|p1a: Haribo|Sneasler, L50, M, shiny|100/100
|turn|9
|
|t:|1784478204
|move|p1a: Haribo|Fake Out|p2a: Vivillon
|-damage|p2a: Vivillon|0 fnt
|faint|p2a: Vivillon
|
|win|LyricSum
