|j|☆The Chewer
|j|☆KevtroGameplays
|html|The ChewerKevtroGameplays    
|uhtml|bestof|Game 1 of a best-of-3
|t:|1756319082
|gametype|doubles
|player|p1|The Chewer|blaine|1004
|player|p2|KevtroGameplays|266|1027
|gen|9
|tier|[Gen 9] VGC 2025 Reg H (Bo3)
|rated|
|rule|Species Clause: Limit one of each Pokémon
|rule|Item Clause: Limit 1 of each item
|clearpoke
|poke|p1|Slaking, L50, M|
|poke|p1|Weezing, L50, F|
|poke|p1|Krookodile, L50, F|
|poke|p1|Klefki, L50, F|
|poke|p1|Sylveon, L50, F|
|poke|p1|Arcanine, L50, F|
|poke|p2|Ursaluna, L50, M|
|poke|p2|Torkoal, L50, M|
|poke|p2|Porygon2, L50|
|poke|p2|Charizard, L50, M|
|poke|p2|Jumpluff, L50, F|
|poke|p2|Incineroar, L50, M|
|teampreview|4
|showteam|p1|Slaking||ClearAmulet|Truant|Protect,SuckerPunch,DrainPunch,Facade|||M|||50|,,,,,Normal]Weezing||SitrusBerry|NeutralizingGas|Protect,Taunt,WillOWisp,AcidSpray|||F|||50|,,,,,Dark]Krookodile||AssaultVest|Moxie|HighHorsepower,KnockOff,RockSlide,GunkShot|||F|||50|,,,,,Poison]Klefki||LightClay|Prankster|FlashCannon,LightScreen,Reflect,ThunderWave|||F|||50|,,,,,Dark]Sylveon||WikiBerry|Pixilate|Protect,CalmMind,HyperVoice,DrainingKiss|||F|||50|,,,,,Fairy]Arcanine||SafetyGoggles|Intimidate|Protect,Howl,WillOWisp,FlareBlitz|||F|||50|,,,,,Water
|showteam|p2|Ursaluna||FlameOrb|Guts|HeadlongRush,Earthquake,Facade,Protect|||M|||50|,,,,,Ghost]Torkoal||EjectPack|Drought|Overheat,HeatWave,Protect,HelpingHand|||M|||50|,,,,,Fire]Porygon2||Eviolite|Download|TeraBlast,Recover,TrickRoom,IceBeam||||||50|,,,,,Fighting]Charizard||ChoiceSpecs|SolarPower|Overheat,HeatWave,AirSlash,WeatherBall|||M|||50|,,,,,Ghost]Jumpluff||CovertCloak|Chlorophyll|SleepPowder,SunnyDay,Tailwind,RagePowder|||F|||50|,,,,,Water]Incineroar||SitrusBerry|Intimidate|FakeOut,KnockOff,FlareBlitz,PartingShot|||M|||50|,,,,,Ghost
|inactive|Battle timer is ON: inactive players will automatically lose when time's up. (requested by The Chewer)
|
|t:|1756319111
|teamsize|p1|4
|teamsize|p2|4
|start
|switch|p1a: Slaking|Slaking, L50, M|100/100
|switch|p1b: Klefki|Klefki, L50, F|100/100
|switch|p2a: Charizard|Charizard, L50, M|100/100
|switch|p2b: Incineroar|Incineroar, L50, M|100/100
|-ability|p2b: Incineroar|Intimidate|boost
|-fail|p1a: Slaking|unboost|[from] item: Clear Amulet|[of] p1a: Slaking
|-unboost|p1b: Klefki|atk|1
|turn|1
|
|t:|1756319132
|move|p1a: Slaking|Protect|p1a: Slaking
|-singleturn|p1a: Slaking|Protect
|move|p1b: Klefki|Light Screen|p1b: Klefki
|-sidestart|p1: The Chewer|move: Light Screen
|move|p2a: Charizard|Heat Wave|p1a: Slaking|[spread] p1b
|-activate|p1a: Slaking|move: Protect
|-supereffective|p1b: Klefki
|-damage|p1b: Klefki|40/100
|move|p2b: Incineroar|Knock Off|p1a: Slaking
|-activate|p1a: Slaking|move: Protect
|
|upkeep
|turn|2
|inactive|The Chewer has 30 seconds left.
|inactive|KevtroGameplays has 30 seconds left.
|
|t:|1756319166
|switch|p2b: Jumpluff|Jumpluff, L50, F|100/100
|switch|p1b: Weezing|Weezing, L50, F|100/100
|-ability|p1b: Weezing|Neutralizing Gas
|move|p2a: Charizard|Heat Wave|p1a: Slaking|[spread] p1b
|-miss|p2a: Charizard|p1a: Slaking
|-damage|p1b: Weezing|67/100
|-status|p1b: Weezing|brn
|move|p1a: Slaking|Drain Punch|p2b: Jumpluff
|-resisted|p2b: Jumpluff
|-damage|p2b: Jumpluff|81/100
|
|-damage|p1b: Weezing|61/100 brn|[from] brn
|upkeep
|turn|3
|inactive|The Chewer has 30 seconds left.
|
|t:|1756319196
|switch|p2a: Ursaluna|Ursaluna, L50, M|100/100
|move|p1a: Slaking|Sucker Punch||[still]
|-fail|p1a: Slaking
|move|p2b: Jumpluff|Sleep Powder|p1a: Slaking
|-status|p1a: Slaking|slp|[from] move: Sleep Powder
|move|p1b: Weezing|Taunt|p2b: Jumpluff
|-start|p2b: Jumpluff|move: Taunt
|
|-damage|p1b: Weezing|55/100 brn|[from] brn
|-status|p2a: Ursaluna|brn|[from] item: Flame Orb
|upkeep
|turn|4
|inactive|KevtroGameplays has 30 seconds left.
|
|t:|1756319229
|switch|p2b: Incineroar|Incineroar, L50, M|100/100
|-end|p1b: Weezing|ability: Neutralizing Gas
|-ability|p2b: Incineroar|Intimidate|boost
|-fail|p1a: Slaking|unboost|[from] item: Clear Amulet|[of] p1a: Slaking
|-unboost|p1b: Weezing|atk|1
|switch|p1b: Klefki|Klefki, L50, F|40/100
|move|p2a: Ursaluna|Protect|p2a: Ursaluna
|-singleturn|p2a: Ursaluna|Protect
|cant|p1a: Slaking|slp
|
|-damage|p2a: Ursaluna|95/100 brn|[from] brn
|upkeep
|turn|5
|
|t:|1756319248
|cant|p1a: Slaking|slp
|move|p2b: Incineroar|Fake Out|p1b: Klefki
|-resisted|p1b: Klefki
|-damage|p1b: Klefki|33/100
|cant|p1b: Klefki|flinch
|move|p2a: Ursaluna|Facade|p1a: Slaking
|-damage|p1a: Slaking|11/100 slp
|
|-damage|p2a: Ursaluna|89/100 brn|[from] brn
|upkeep
|turn|6
|
|t:|1756319263
|switch|p2b: Charizard|Charizard, L50, M|100/100
|move|p1b: Klefki|Reflect|p1b: Klefki
|-sidestart|p1: The Chewer|Reflect
|-curestatus|p1a: Slaking|slp|[msg]
|move|p1a: Slaking|Drain Punch|p2b: Charizard
|-resisted|p2b: Charizard
|-damage|p2b: Charizard|77/100
|-heal|p1a: Slaking|19/100|[from] drain|[of] p2b: Charizard
|move|p2a: Ursaluna|Earthquake|p1b: Klefki|[spread] p1a,p1b
|-immune|p2b: Charizard
|-supereffective|p1b: Klefki
|-damage|p1a: Slaking|0 fnt
|-damage|p1b: Klefki|0 fnt
|faint|p1a: Slaking
|faint|p1b: Klefki
|
|-damage|p2a: Ursaluna|83/100 brn|[from] brn
|upkeep
|
|t:|1756319274
|switch|p1a: Krookodile|Krookodile, L50, F|100/100
|switch|p1b: Weezing|Weezing, L50, F|55/100 brn
|-ability|p1b: Weezing|Neutralizing Gas
|turn|7
|inactive|KevtroGameplays has 30 seconds left.
|
|t:|1756319305
|switch|p2b: Jumpluff|Jumpluff, L50, F|81/100
|switch|p2a: Incineroar|Incineroar, L50, M|100/100
|move|p1a: Krookodile|Rock Slide|p2b: Jumpluff|[spread] p2a,p2b
|-supereffective|p2a: Incineroar
|-supereffective|p2b: Jumpluff
|-damage|p2a: Incineroar|64/100
|-damage|p2b: Jumpluff|36/100
|move|p1b: Weezing|Taunt|p2a: Incineroar
|-start|p2a: Incineroar|move: Taunt
|
|-damage|p1b: Weezing|49/100 brn|[from] brn
|upkeep
|-enditem|p1b: Weezing|Sitrus Berry|[eat]
|-heal|p1b: Weezing|74/100 brn|[from] item: Sitrus Berry
|turn|8
|inactive|KevtroGameplays has 30 seconds left.
|
|t:|1756319330
|move|p2a: Incineroar|Fake Out|p1a: Krookodile
|-damage|p1a: Krookodile|92/100
|move|p2b: Jumpluff|Sunny Day|p2b: Jumpluff
|-weather|SunnyDay
|cant|p1a: Krookodile|flinch
|move|p1b: Weezing|Acid Spray|p2b: Jumpluff
|-supereffective|p2b: Jumpluff
|-damage|p2b: Jumpluff|5/100
|
|-weather|SunnyDay|[upkeep]
|-damage|p1b: Weezing|69/100 brn|[from] brn
|-sideend|p1: The Chewer|move: Light Screen
|upkeep
|turn|9
|inactive|KevtroGameplays has 30 seconds left.
|
|t:|1756319361
|move|p2b: Jumpluff|Sleep Powder|p1a: Krookodile|[miss]
|-miss|p2b: Jumpluff|p1a: Krookodile
|move|p1a: Krookodile|Rock Slide|p2b: Jumpluff|[spread] p2a,p2b
|-supereffective|p2a: Incineroar
|-supereffective|p2b: Jumpluff
|-damage|p2a: Incineroar|22/100
|-damage|p2b: Jumpluff|0 fnt
|-enditem|p2a: Incineroar|Sitrus Berry|[eat]
|-heal|p2a: Incineroar|47/100|[from] item: Sitrus Berry
|faint|p2b: Jumpluff
|cant|p2a: Incineroar|flinch
|move|p1b: Weezing|Acid Spray|p2a: Incineroar
|-damage|p2a: Incineroar|35/100
|-unboost|p2a: Incineroar|spd|2
|
|-weather|SunnyDay|[upkeep]
|-damage|p1b: Weezing|63/100 brn|[from] brn
|-end|p2a: Incineroar|move: Taunt
|upkeep
|
|t:|1756319380
|switch|p2b: Charizard|Charizard, L50, M|77/100
|turn|10
|
|t:|1756319405
|move|p2b: Charizard|Weather Ball|p1a: Krookodile
|-damage|p1a: Krookodile|10/100
|move|p1a: Krookodile|Rock Slide|p2b: Charizard|[spread] p2a,p2b
|-supereffective|p2a: Incineroar
|-supereffective|p2b: Charizard
|-damage|p2a: Incineroar|0 fnt
|-damage|p2b: Charizard|0 fnt
|faint|p2a: Incineroar
|faint|p2b: Charizard
|move|p1b: Weezing|Acid Spray|p2: Incineroar|[notarget]
|-fail|p1b: Weezing
|
|-weather|SunnyDay|[upkeep]
|-damage|p1b: Weezing|57/100 brn|[from] brn
|upkeep
|
|t:|1756319418
|switch|p2b: Ursaluna|Ursaluna, L50, M|83/100 brn
|turn|11
|inactive|The Chewer has 30 seconds left.
|
|t:|1756319453
|move|p1a: Krookodile|Knock Off|p2b: Ursaluna
|-damage|p2b: Ursaluna|44/100 brn
|-enditem|p2b: Ursaluna|Flame Orb|[from] move: Knock Off|[of] p1a: Krookodile
|move|p2b: Ursaluna|Earthquake|p1b: Weezing|[spread] p1a,p1b
|-supereffective|p1b: Weezing
|-damage|p1a: Krookodile|0 fnt
|-damage|p1b: Weezing|31/100 brn
|faint|p1a: Krookodile
|move|p1b: Weezing|Acid Spray|p2b: Ursaluna
|-resisted|p2b: Ursaluna
|-damage|p2b: Ursaluna|37/100 brn
|-unboost|p2b: Ursaluna|spd|2
|
|-weather|SunnyDay|[upkeep]
|-damage|p2b: Ursaluna|31/100 brn|[from] brn
|-damage|p1b: Weezing|25/100 brn|[from] brn
|upkeep
|turn|12
|
|t:|1756319468
|-terastallize|p1b: Weezing|Dark
|move|p2b: Ursaluna|Facade|p1b: Weezing
|-damage|p1b: Weezing|0 fnt
|faint|p1b: Weezing
|-end|p1b: Weezing|ability: Neutralizing Gas
|
|win|KevtroGameplays
|inactive|The Chewer has 30 seconds to confirm battle start!
|inactive|KevtroGameplays has 30 seconds to confirm battle start!
|l|☆The Chewer
|player|p1|
|inactive|The Chewer has 20 seconds to confirm battle start!
|inactive|KevtroGameplays has 20 seconds to confirm battle start!
||The Chewer is ready for game 2.
|inactive|KevtroGameplays has 10 seconds to confirm battle start!
||KevtroGameplays is ready for game 2.
|uhtml|next|Next: Game 2 of 3
