|j|☆JVoid
|j|☆purpen
|html|JVoidpurpen    
|uhtml|bestof|Game 3 of a best-of-3
|t:|1784591631
|gametype|doubles
|player|p1|JVoid|lucas-gen4pt|
|player|p2|purpen|2|
|gen|9
|tier|[Gen 9 Champions] VGC 2026 Reg M-B (Bo3)
|rule|Species Clause: Limit one of each Pokémon
|rule|Item Clause: Limit 1 of each item
|clearpoke
|poke|p1|Blastoise, L50, F|
|poke|p1|Politoed, L50, M|
|poke|p1|Glaceon, L50, M|
|poke|p1|Mr. Rime, L50, M|
|poke|p1|Ninetales-Alola, L50, F|
|poke|p1|Maushold, L50|
|poke|p2|Froslass, L50, F|
|poke|p2|Weavile, L50, F|
|poke|p2|Kommo-o, L50, M|
|poke|p2|Farigiraf, L50, M|
|poke|p2|Gengar, L50, M|
|poke|p2|Scovillain, L50, F|
|teampreview|4
|showteam|p1|Blastoise||Blastoisinite|Torrent|WaterPulse,DarkPulse,ShellSmash,Protect|Modest||F|||50|]Politoed||SitrusBerry|Drizzle|Protect,IceBeam,MuddyWater,HelpingHand|Bold||M|||50|]Glaceon||ChoiceScarf|IceBody|Blizzard,FreezeDry,WeatherBall,ShadowBall|Modest||M|||50|]Mr. Rime||MentalHerb|IceBody|TrickRoom,FakeOut,FreezeDry,ShadowBall|Bold||M|||50|]Ninetales-Alola||FocusSash|SnowWarning|AuroraVeil,HelpingHand,Protect,DazzlingGleam|Timid||F|||50|]Maushold||ChopleBerry|FriendGuard|Protect,FollowMe,SuperFang,Encore|Jolly|||||50|
|showteam|p2|Froslass||Froslassite|CursedBody|AuroraVeil,Blizzard,Protect,Taunt|Timid||F|||50|]Weavile||FocusSash|Pickpocket|FakeOut,IceSpinner,ThroatChop,Protect|Jolly||F|||50|]Kommo-o||Leftovers|Bulletproof|ClangorousSoul,ClangingScales,AuraSphere,Protect|Timid||M|||50|]Farigiraf||SitrusBerry|ArmorTail|TwinBeam,TrickRoom,AllySwitch,Protect|Sassy||M|||50|]Gengar||ChoiceScarf|CursedBody|Thunder,SludgeBomb,ShadowBall,Trick|Timid||M|||50|]Scovillain||Scovillainite|Moody|Protect,GigaDrain,RagePowder,LeechSeed|Calm||F|||50|
|j| rat2
|j| enzothegamer
|
|t:|1784591674
|teamsize|p1|4
|teamsize|p2|4
|start
|switch|p1a: Blastoise|Blastoise, L50, F|100/100
|switch|p1b: Politoed|Politoed, L50, M|100/100
|switch|p2a: Scovillain|Scovillain, L50, F|100/100
|switch|p2b: Kommo-o|Kommo-o, L50, M|100/100
|-weather|RainDance|[from] ability: Drizzle|[of] p1b: Politoed
|turn|1
|
|t:|1784591749
|detailschange|p1a: Blastoise|Blastoise-Mega, L50, F
|-mega|p1a: Blastoise|Blastoise|Blastoisinite
|detailschange|p2a: Scovillain|Scovillain-Mega, L50, F
|-mega|p2a: Scovillain|Scovillain|Scovillainite
|move|p2b: Kommo-o|Clangorous Soul|p2b: Kommo-o
|-boost|p2b: Kommo-o|atk|1
|-boost|p2b: Kommo-o|def|1
|-boost|p2b: Kommo-o|spa|1
|-boost|p2b: Kommo-o|spd|1
|-boost|p2b: Kommo-o|spe|1
|-damage|p2b: Kommo-o|67/100
|move|p1a: Blastoise|Water Pulse|p2a: Scovillain
|-damage|p2a: Scovillain|27/100
|-start|p2a: Scovillain|confusion
|-status|p1a: Blastoise|brn|[from] ability: Spicy Spray|[of] p2a: Scovillain
|-activate|p2a: Scovillain|confusion
|move|p2a: Scovillain|Leech Seed|p1b: Politoed
|-start|p1b: Politoed|move: Leech Seed
|move|p1b: Politoed|Ice Beam|p2b: Kommo-o
|-supereffective|p2b: Kommo-o|1
|-damage|p2b: Kommo-o|35/100
|
|-weather|RainDance|[upkeep]
|-heal|p2b: Kommo-o|41/100|[from] item: Leftovers
|-damage|p1b: Politoed|87/100|[from] Leech Seed|[of] p2a: Scovillain
|-heal|p2a: Scovillain|41/100|[silent]
|-damage|p1a: Blastoise|94/100 brn|[from] brn
|upkeep
|turn|2
|
|t:|1784591794
|move|p2b: Kommo-o|Protect|p2b: Kommo-o
|-singleturn|p2b: Kommo-o|Protect
|-activate|p2a: Scovillain|confusion
|move|p2a: Scovillain|Protect|p2a: Scovillain
|-singleturn|p2a: Scovillain|Protect
|move|p1a: Blastoise|Water Pulse|p2a: Scovillain
|-activate|p2a: Scovillain|move: Protect
|move|p1b: Politoed|Ice Beam|p2b: Kommo-o
|-activate|p2b: Kommo-o|move: Protect
|
|-weather|RainDance|[upkeep]
|-heal|p2b: Kommo-o|47/100|[from] item: Leftovers
|-damage|p1b: Politoed|75/100|[from] Leech Seed|[of] p2a: Scovillain
|-heal|p2a: Scovillain|55/100|[silent]
|-damage|p1a: Blastoise|88/100 brn|[from] brn
|upkeep
|turn|3
|
|t:|1784591837
|switch|p2a: Weavile|Weavile, L50, F|100/100
|move|p1a: Blastoise|Protect|p1a: Blastoise
|-singleturn|p1a: Blastoise|Protect
|move|p2b: Kommo-o|Clanging Scales|p1a: Blastoise|[spread] p1b
|-activate|p1a: Blastoise|move: Protect
|-damage|p1b: Politoed|35/100
|-enditem|p1b: Politoed|Sitrus Berry|[eat]
|-heal|p1b: Politoed|60/100|[from] item: Sitrus Berry
|-unboost|p2b: Kommo-o|def|1
|move|p1b: Politoed|Muddy Water|p2a: Weavile|[spread] p2a,p2b
|-resisted|p2b: Kommo-o|1
|-damage|p2a: Weavile|57/100
|-damage|p2b: Kommo-o|34/100
|-unboost|p2b: Kommo-o|accuracy|1
|
|-weather|RainDance|[upkeep]
|-heal|p2b: Kommo-o|40/100|[from] item: Leftovers
|-damage|p1b: Politoed|48/100|[from] Leech Seed|[of] p2a: Weavile
|-heal|p2a: Weavile|73/100|[silent]
|-damage|p1a: Blastoise|82/100 brn|[from] brn
|upkeep
|turn|4
|
|t:|1784591876
|move|p2b: Kommo-o|Clanging Scales|p1a: Blastoise|[spread] p1a,p1b
|-damage|p1a: Blastoise|28/100 brn
|-damage|p1b: Politoed|8/100
|-unboost|p2b: Kommo-o|def|1
|move|p2a: Weavile|Throat Chop|p1a: Blastoise
|-damage|p1a: Blastoise|0 fnt
|faint|p1a: Blastoise
|move|p1b: Politoed|Muddy Water|p2b: Kommo-o|[spread] p2a,p2b
|-resisted|p2b: Kommo-o|1
|-damage|p2a: Weavile|32/100
|-damage|p2b: Kommo-o|28/100
|
|-weather|RainDance|[upkeep]
|-heal|p2b: Kommo-o|34/100|[from] item: Leftovers
|-damage|p1b: Politoed|0 fnt|[from] Leech Seed|[of] p2a: Weavile
|-heal|p2a: Weavile|44/100|[silent]
|faint|p1b: Politoed
|upkeep
|
|t:|1784591891
|switch|p1a: Glaceon|Glaceon, L50, M|100/100
|switch|p1b: Ninetales|Ninetales-Alola, L50, F|100/100
|-weather|Snowscape|[from] ability: Snow Warning|[of] p1b: Ninetales
|turn|5
|l| rat2
|
|t:|1784591925
|switch|p2a: Scovillain|Scovillain-Mega, L50, F|55/100
|move|p2b: Kommo-o|Aura Sphere|p1a: Glaceon
|-supereffective|p1a: Glaceon|1
|-damage|p1a: Glaceon|0 fnt
|faint|p1a: Glaceon
|move|p1b: Ninetales|Dazzling Gleam|p2b: Kommo-o|[spread] p2a,p2b
|-resisted|p2a: Scovillain|1
|-supereffective|p2b: Kommo-o|2
|-damage|p2a: Scovillain|45/100
|-damage|p2b: Kommo-o|0 fnt
|-status|p1b: Ninetales|brn|[from] ability: Spicy Spray|[of] p2a: Scovillain
|faint|p2b: Kommo-o
|
|-weather|Snowscape|[upkeep]
|-damage|p1b: Ninetales|94/100 brn|[from] brn
|upkeep
|
|t:|1784591933
|switch|p2b: Gengar|Gengar, L50, M|100/100
|turn|6
|l| enzothegamer
|
|t:|1784591959
|move|p1b: Ninetales|Protect|p1b: Ninetales
|-singleturn|p1b: Ninetales|Protect
|move|p2b: Gengar|Sludge Bomb|p1b: Ninetales
|-activate|p1b: Ninetales|move: Protect
|move|p2a: Scovillain|Leech Seed|p1b: Ninetales
|-activate|p1b: Ninetales|move: Protect
|
|-weather|Snowscape|[upkeep]
|-damage|p1b: Ninetales|88/100 brn|[from] brn
|upkeep
|turn|7
|
|t:|1784591992
|move|p2b: Gengar|Sludge Bomb|p1b: Ninetales
|-supereffective|p1b: Ninetales|1
|-damage|p1b: Ninetales|0 fnt
|faint|p1b: Ninetales
|
|win|purpen
|c|☆JVoid|ggs
|c|☆purpen|ggs
