|j|☆glofer
|j|☆bancomat 2
|html|gloferbancomat 2    
|uhtml|bestof|Game 1 of a best-of-3
|t:|1783347222
|gametype|doubles
|player|p1|glofer|blackbelt|1099
|player|p2|bancomat 2|volkner|1063
|gen|9
|tier|[Gen 9 Champions] VGC 2026 Reg M-B (Bo3)
|rated|
|rule|Species Clause: Limit one of each Pokémon
|rule|Item Clause: Limit 1 of each item
|clearpoke
|poke|p1|Lopunny, L50, M|
|poke|p1|Kangaskhan, L50, F|
|poke|p1|Farigiraf, L50, F|
|poke|p1|Snorlax, L50, M|
|poke|p1|Drampa, L50, F|
|poke|p1|Maushold-Four, L50|
|poke|p2|Kingambit, L50, F, shiny|
|poke|p2|Charizard, L50, M, shiny|
|poke|p2|Floette-Eternal, L50, F|
|poke|p2|Whimsicott, L50, M|
|poke|p2|Garchomp, L50, M, shiny|
|poke|p2|Basculegion, L50, M|
|teampreview|4
|showteam|p1|Lopunny||Lopunnite|Limber|CloseCombat,MachPunch,SwordsDance,FakeOut|Jolly||M|||50|]Kangaskhan||Kangaskhanite|InnerFocus|DoubleEdge,SuckerPunch,Earthquake,Protect|Adamant||F|||50|]Farigiraf||SitrusBerry|ArmorTail|TwinBeam,HyperVoice,TrickRoom,CalmMind|Quiet||F|||50|]Snorlax||ChestoBerry|ThickFat|BodySlam,RockSlide,BellyDrum,Rest|Sassy||M|||50|]Drampa||LifeOrb|CloudNine|HyperBeam,DracoMeteor,Snarl,Protect|Modest||F|||50|]Maushold-Four||WideLens|FriendGuard|PopulationBomb,Encore,Taunt,Protect|Jolly|||||50|
|showteam|p2|Kingambit||BlackGlasses|Defiant|KowtowCleave,SuckerPunch,LowKick,Protect|Adamant||F|||50|]Charizard||CharizarditeY|SolarPower|HeatWave,WeatherBall,SolarBeam,Protect|Modest||M|||50|]Floette-Eternal||Floettite|FlowerVeil|Moonblast,DazzlingGleam,LightofRuin,Protect|Timid||F|||50|]Whimsicott||FocusSash|Prankster|Moonblast,Tailwind,Encore,Protect|Timid||M|||50|]Garchomp||LifeOrb|RoughSkin|Earthquake,DragonClaw,RockSlide,Protect|Jolly||M|||50|]Basculegion||MysticWater|Adaptability|WaveCrash,AquaJet,LastRespects,Protect|Adamant||M|||50|
|inactive|Battle timer is ON: inactive players will automatically lose when time's up. (requested by bancomat 2)
|
|t:|1783347260
|teamsize|p1|4
|teamsize|p2|4
|start
|switch|p1a: Lopunny|Lopunny, L50, M|100/100
|switch|p1b: Farigiraf|Farigiraf, L50, F|100/100
|switch|p2a: Floette|Floette-Eternal, L50, F|100/100
|switch|p2b: Whimsicott|Whimsicott, L50, M|100/100
|turn|1
|
|t:|1783347271
|switch|p2a: Kingambit|Kingambit, L50, F, shiny|100/100
|detailschange|p1a: Lopunny|Lopunny-Mega, L50, M
|-mega|p1a: Lopunny|Lopunny|Lopunnite
|move|p1a: Lopunny|Fake Out|p2a: Kingambit
|-resisted|p2a: Kingambit|1
|-damage|p2a: Kingambit|91/100
|move|p2b: Whimsicott|Moonblast|p1a: Lopunny
|-supereffective|p1a: Lopunny|1
|-damage|p1a: Lopunny|9/100
|move|p1b: Farigiraf|Trick Room|p1b: Farigiraf
|-fieldstart|move: Trick Room|[of] p1b: Farigiraf
|
|upkeep
|turn|2
|inactive|glofer has 30 seconds left.
|
|t:|1783347298
|switch|p1a: Snorlax|Snorlax, L50, M|100/100
|move|p2a: Kingambit|Protect|p2a: Kingambit
|-singleturn|p2a: Kingambit|Protect
|move|p1b: Farigiraf|Hyper Voice|p2a: Kingambit|[spread] p2b
|-activate|p2a: Kingambit|move: Protect
|-damage|p2b: Whimsicott|42/100
|move|p2b: Whimsicott|Moonblast|p1a: Snorlax
|-damage|p1a: Snorlax|79/100
|
|upkeep
|turn|3
|
|t:|1783347315
|switch|p2b: Basculegion|Basculegion, L50, M|100/100
|move|p1a: Snorlax|Belly Drum|p1a: Snorlax
|-damage|p1a: Snorlax|29/100
|-setboost|p1a: Snorlax|atk|6|[from] move: Belly Drum
|move|p2a: Kingambit|Low Kick|p1a: Snorlax
|-supereffective|p1a: Snorlax|1
|-damage|p1a: Snorlax|0 fnt
|faint|p1a: Snorlax
|move|p1b: Farigiraf|Hyper Voice|p2a: Kingambit|[spread] p2a
|-immune|p2b: Basculegion
|-resisted|p2a: Kingambit|1
|-damage|p2a: Kingambit|73/100
|
|upkeep
|
|t:|1783347320
|switch|p1a: Drampa|Drampa, L50, F|100/100
|-ability|p1a: Drampa|Cloud Nine
|turn|4
|
|t:|1783347332
|move|p1a: Drampa|Draco Meteor|p2a: Kingambit
|-resisted|p2a: Kingambit|1
|-damage|p2a: Kingambit|21/100
|-unboost|p1a: Drampa|spa|2
|-damage|p1a: Drampa|90/100|[from] item: Life Orb
|move|p2a: Kingambit|Kowtow Cleave|p1b: Farigiraf
|-supereffective|p1b: Farigiraf|1
|-damage|p1b: Farigiraf|0 fnt
|faint|p1b: Farigiraf
|move|p2b: Basculegion|Wave Crash|p1a: Drampa
|-resisted|p1a: Drampa|1
|-damage|p1a: Drampa|38/100
|-damage|p2b: Basculegion|85/100|[from] Recoil
|
|upkeep
|
|t:|1783347336
|switch|p1b: Lopunny|Lopunny-Mega, L50, M|9/100
|turn|5
|
|t:|1783347347
|move|p2a: Kingambit|Protect|p2a: Kingambit
|-singleturn|p2a: Kingambit|Protect
|move|p2b: Basculegion|Protect|p2b: Basculegion
|-singleturn|p2b: Basculegion|Protect
|move|p1b: Lopunny|Fake Out|p2b: Basculegion
|-activate|p2b: Basculegion|move: Protect
|move|p1a: Drampa|Draco Meteor|p2a: Kingambit
|-activate|p2a: Kingambit|move: Protect
|
|-fieldend|move: Trick Room
|upkeep
|turn|6
|
|t:|1783347355
|move|p1b: Lopunny|Mach Punch|p2a: Kingambit
|-supereffective|p2a: Kingambit|2
|-damage|p2a: Kingambit|0 fnt
|faint|p2a: Kingambit
|move|p2b: Basculegion|Aqua Jet|p1b: Lopunny
|-damage|p1b: Lopunny|0 fnt
|faint|p1b: Lopunny
|move|p1a: Drampa|Draco Meteor|p2b: Basculegion
|-damage|p2b: Basculegion|32/100
|-unboost|p1a: Drampa|spa|2
|-damage|p1a: Drampa|29/100|[from] item: Life Orb
|
|upkeep
|
|t:|1783347358
|switch|p2a: Whimsicott|Whimsicott, L50, M|42/100
|turn|7
|
|t:|1783347362
|move|p2a: Whimsicott|Moonblast|p1a: Drampa
|-supereffective|p1a: Drampa|1
|-damage|p1a: Drampa|0 fnt
|faint|p1a: Drampa
|
|win|bancomat 2
