|j|☆ghjk07
|j|‽redpkmntrainer14
|html|ghjk07redpkmntrainer14    
|uhtml|bestof|Game 1 of a best-of-3
|t:|1784195390
|gametype|doubles
|player|p1|ghjk07|170|1027
|player|p2|redpkmntrainer14|guitarist|1129
|gen|9
|tier|[Gen 9 Champions] VGC 2026 Reg M-B (Bo3)
|rated|
|rule|Species Clause: Limit one of each Pokémon
|rule|Item Clause: Limit 1 of each item
|clearpoke
|poke|p1|Tauros-Paldea-Blaze, L50, M|
|poke|p1|Meowscarada, L50, M|
|poke|p1|Glalie, L50, F|
|poke|p1|Whimsicott, L50, M|
|poke|p1|Pelipper, L50, F|
|poke|p1|Basculegion, L50, M|
|poke|p2|Charizard, L50, M|
|poke|p2|Sinistcha, L50|
|poke|p2|Sneasler, L50, M|
|poke|p2|Kingambit, L50, M|
|poke|p2|Scizor, L50, M, shiny|
|poke|p2|Glimmora, L50, M|
|teampreview|4
|showteam|p1|Tauros-Paldea-Blaze||ShucaBerry|AngerPoint|Earthquake,FlameCharge,RockSlide,Protect|Jolly||M|||50|]Meowscarada||ChoiceScarf|Protean|FlowerTrick,ThunderPunch,TripleAxel,Uturn|Timid||M|||50|]Glalie||Glalitite|InnerFocus|FrostBreath,Explosion,Protect,BodySlam|Adamant||F|||50|]Whimsicott||MentalHerb|Prankster|Moonblast,Tailwind,Encore,Protect|Bold||M|||50|]Pelipper||SitrusBerry|Drizzle|WeatherBall,Hurricane,Protect,Tailwind|Modest||F|||50|]Basculegion||FocusSash|Adaptability|AquaJet,FlipTurn,LastRespects,WaveCrash|Adamant||M|||50|
|showteam|p2|Charizard||CharizarditeX|Blaze|BellyDrum,BreakingSwipe,FlareBlitz,Protect|Jolly||M|||50|]Sinistcha||SitrusBerry|Hospitality|RagePowder,MatchaGotcha,LifeDew,StrengthSap|Modest|||||50|]Sneasler||FocusSash|PoisonTouch|DireClaw,Uturn,CloseCombat,FakeOut|Adamant||M|||50|]Kingambit||LifeOrb|SupremeOverlord|Protect,KowtowCleave,IronHead,SuckerPunch|Adamant||M|||50|]Scizor||Scizorite|Technician|BulletPunch,CloseCombat,SwordsDance,BugBite|Adamant||M|||50|]Glimmora||ShucaBerry|ToxicDebris|DazzlingGleam,EarthPower,PowerGem,SludgeBomb|Modest||M|||50|
|
|t:|1784195408
|teamsize|p1|4
|teamsize|p2|4
|start
|switch|p1a: Glalie|Glalie, L50, F|100/100
|switch|p1b: Whimsicott|Whimsicott, L50, M|100/100
|switch|p2a: Sneasler|Sneasler, L50, M|100/100
|switch|p2b: Charizard|Charizard, L50, M|100/100
|turn|1
|
|t:|1784195437
|detailschange|p2b: Charizard|Charizard-Mega-X, L50, M
|-mega|p2b: Charizard|Charizard|Charizardite X
|detailschange|p1a: Glalie|Glalie-Mega, L50, F
|-mega|p1a: Glalie|Glalie|Glalitite
|move|p1a: Glalie|Protect|p1a: Glalie
|-singleturn|p1a: Glalie|Protect
|move|p1b: Whimsicott|Tailwind|p1b: Whimsicott
|-sidestart|p1: ghjk07|move: Tailwind
|move|p2a: Sneasler|Close Combat|p1a: Glalie
|-activate|p1a: Glalie|move: Protect
|move|p2b: Charizard|Flare Blitz|p1b: Whimsicott
|-supereffective|p1b: Whimsicott|1
|-damage|p1b: Whimsicott|0 fnt
|faint|p1b: Whimsicott
|-damage|p2b: Charizard|64/100|[from] Recoil
|
|upkeep
|inactive|Battle timer is ON: inactive players will automatically lose when time's up. (requested by redpkmntrainer14)
|
|t:|1784195470
|switch|p1b: Tauros|Tauros-Paldea-Blaze, L50, M|100/100
|turn|2
|
|t:|1784195484
|move|p1b: Tauros|Protect|p1b: Tauros
|-singleturn|p1b: Tauros|Protect
|move|p2b: Charizard|Protect|p2b: Charizard
|-singleturn|p2b: Charizard|Protect
|move|p1a: Glalie|Explosion|p2b: Charizard|[spread] p2a
|-activate|p1b: Tauros|move: Protect
|-activate|p2b: Charizard|move: Protect
|-enditem|p2a: Sneasler|Focus Sash
|-damage|p2a: Sneasler|1/100
|faint|p1a: Glalie
|move|p2a: Sneasler|Close Combat|p1b: Tauros
|-activate|p1b: Tauros|move: Protect
|
|upkeep
|
|t:|1784195501
|switch|p1a: Meowscarada|Meowscarada, L50, M|100/100
|turn|3
|
|t:|1784195512
|switch|p2a: Sinistcha|Sinistcha, L50|100/100
|-heal|p2b: Charizard|88/100|[from] ability: Hospitality|[of] p2a: Sinistcha
|move|p1a: Meowscarada|Flower Trick|p1b: Tauros
|-start|p1a: Meowscarada|typechange|Grass|[from] ability: Protean
|-resisted|p1b: Tauros|1
|-crit|p1b: Tauros
|-damage|p1b: Tauros|80/100
|-setboost|p1b: Tauros|atk|6|[from] ability: Anger Point
|move|p1b: Tauros|Earthquake|p2b: Charizard|[spread] p1a,p2a,p2b
|-resisted|p1a: Meowscarada|1
|-resisted|p2a: Sinistcha|1
|-supereffective|p2b: Charizard|1
|-damage|p1a: Meowscarada|39/100
|-damage|p2a: Sinistcha|55/100
|-damage|p2b: Charizard|0 fnt
|faint|p2b: Charizard
|
|upkeep
|
|t:|1784195531
|switch|p2b: Sneasler|Sneasler, L50, M|1/100
|turn|4
|inactive|redpkmntrainer14 has 30 seconds left.
|
|t:|1784195563
|move|p2b: Sneasler|Fake Out|p1b: Tauros
|-damage|p1b: Tauros|63/100
|-status|p1b: Tauros|psn|[from] ability: Poison Touch|[of] p2b: Sneasler
|move|p1a: Meowscarada|Flower Trick|p2b: Sneasler
|-resisted|p2b: Sneasler|1
|-crit|p2b: Sneasler
|-damage|p2b: Sneasler|0 fnt
|faint|p2b: Sneasler
|cant|p1b: Tauros|flinch
|move|p2a: Sinistcha|Life Dew|p2a: Sinistcha
|-heal|p2a: Sinistcha|80/100
|
|-damage|p1b: Tauros|50/100g psn|[from] psn
|-sideend|p1: ghjk07|move: Tailwind
|upkeep
|
|t:|1784195569
|switch|p2b: Kingambit|Kingambit, L50, M|100/100
|-activate|p2b: Kingambit|ability: Supreme Overlord
|-start|p2b: Kingambit|fallen2|[silent]
|turn|5
|
|t:|1784195592
|move|p2b: Kingambit|Protect|p2b: Kingambit
|-singleturn|p2b: Kingambit|Protect
|move|p1a: Meowscarada|Flower Trick|p2a: Sinistcha
|-resisted|p2a: Sinistcha|1
|-crit|p2a: Sinistcha
|-damage|p2a: Sinistcha|64/100
|move|p1b: Tauros|Flame Charge|p2b: Kingambit
|-activate|p2b: Kingambit|move: Protect
|move|p2a: Sinistcha|Life Dew||[still]|[spread] p2a,p2b
|-heal|p2a: Sinistcha|89/100
|-fail|p2b: Kingambit|heal
|
|-damage|p1b: Tauros|38/100 psn|[from] psn
|upkeep
|turn|6
|
|t:|1784195612
|move|p2b: Kingambit|Sucker Punch|p1b: Tauros
|-resisted|p1b: Tauros|1
|-damage|p1b: Tauros|4/100 psn
|-damage|p2b: Kingambit|90/100|[from] item: Life Orb
|move|p1a: Meowscarada|Flower Trick|p2b: Kingambit
|-resisted|p2b: Kingambit|1
|-crit|p2b: Kingambit
|-damage|p2b: Kingambit|78/100
|move|p1b: Tauros|Flame Charge|p2b: Kingambit
|-supereffective|p2b: Kingambit|1
|-damage|p2b: Kingambit|0 fnt
|-boost|p1b: Tauros|spe|1
|faint|p2b: Kingambit
|-end|p2b: Kingambit|fallen2|[silent]
|move|p2a: Sinistcha|Matcha Gotcha|p1a: Meowscarada|[spread] p1a,p1b
|-resisted|p1a: Meowscarada|1
|-resisted|p1b: Tauros|1
|-damage|p1a: Meowscarada|22/100
|-heal|p2a: Sinistcha|100/100|[from] drain|[of] p1a: Meowscarada
|-damage|p1b: Tauros|0 fnt
|faint|p1b: Tauros
|
|upkeep
|turn|7
|
|t:|1784195635
|move|p1a: Meowscarada|Flower Trick|p2a: Sinistcha
|-resisted|p2a: Sinistcha|1
|-crit|p2a: Sinistcha
|-damage|p2a: Sinistcha|83/100
|move|p2a: Sinistcha|Matcha Gotcha|p1a: Meowscarada
|-resisted|p1a: Meowscarada|1
|-damage|p1a: Meowscarada|1/100
|-heal|p2a: Sinistcha|97/100|[from] drain|[of] p1a: Meowscarada
|
|upkeep
|turn|8
|
|t:|1784195648
|move|p1a: Meowscarada|Flower Trick|p2a: Sinistcha
|-resisted|p2a: Sinistcha|1
|-crit|p2a: Sinistcha
|-damage|p2a: Sinistcha|80/100
|move|p2a: Sinistcha|Matcha Gotcha|p1a: Meowscarada
|-resisted|p1a: Meowscarada|1
|-damage|p1a: Meowscarada|0 fnt
|-heal|p2a: Sinistcha|81/100|[from] drain|[of] p1a: Meowscarada
|faint|p1a: Meowscarada
|
|win|redpkmntrainer14
||redpkmntrainer14 is ready for game 2.
|l|‽redpkmntrainer14
|player|p2|
|inactive|ghjk07 has 30 seconds to confirm battle start!
