|j|☆RamiM50
|j|☆ttvmoxiie
|html|RamiM50ttvmoxiie    
|uhtml|bestof|Game 2 of a best-of-3
|t:|1757842664
|gametype|doubles
|player|p1|RamiM50|dragontamer|1235
|player|p2|ttvmoxiie|steven|1173
|gen|9
|tier|[Gen 9] VGC 2025 Reg H (Bo3)
|rated|
|rule|Species Clause: Limit one of each Pokémon
|rule|Item Clause: Limit 1 of each item
|clearpoke
|poke|p1|Rillaboom, L50, F|
|poke|p1|Primarina, L50, M|
|poke|p1|Incineroar, L50, M|
|poke|p1|Volcarona, L50, F|
|poke|p1|Zoroark-Hisui, L50, M|
|poke|p1|Sinistcha, L50|
|poke|p2|Dragonite, L50, F|
|poke|p2|Gholdengo, L50|
|poke|p2|Rillaboom, L50, F|
|poke|p2|Ursaluna-Bloodmoon, L50, M|
|poke|p2|Annihilape, L50, M|
|poke|p2|Maushold-Four, L50|
|teampreview|4
|showteam|p1|Rillaboom||FocusSash|GrassySurge|DrumBeating,GrassPledge,FakeOut,KnockOff|||F|||50|,,,,,Fire]Primarina||LifeOrb|LiquidVoice|Protect,HyperVoice,WaterPledge,Moonblast|||M|||50|,,,,,Poison]Incineroar||SafetyGoggles|Intimidate|KnockOff,FlareBlitz,FakeOut,PartingShot|||M|||50|,,,,,Ghost]Volcarona||GrassySeed|FlameBody|Protect,QuiverDance,FieryDance,GigaDrain|||F|||50|,,,,,Grass]Zoroark-Hisui||ChoiceSpecs|Illusion|HyperVoice,ShadowBall,TeraBlast,Psychic|||M|||50|,,,,,Fighting]Sinistcha||SitrusBerry|Hospitality|MatchaGotcha,TrickRoom,RagePowder,LifeDew||||||50|,,,,,Fire
|showteam|p2|Dragonite||LoadedDice|Multiscale|Haze,Protect,Tailwind,ScaleShot|||F|||50|,,,,,Fairy]Gholdengo||LifeOrb|GoodasGold|Protect,NastyPlot,MakeItRain,ShadowBall||||||50|,,,,,Water]Rillaboom||MiracleSeed|GrassySurge|GrassyGlide,WoodHammer,FakeOut,HighHorsepower|||F|||50|,,,,,Fire]Ursaluna-Bloodmoon||AssaultVest|MindsEye|BloodMoon,HyperVoice,EarthPower,VacuumWave|||M|||50|,,,,,Water]Annihilape||SitrusBerry|Defiant|RageFist,DrainPunch,BulkUp,Protect|||M|||50|,,,,,Fire]Maushold-Four||FocusSash|FriendGuard|SuperFang,FollowMe,BeatUp,Protect||||||50|,,,,,Ghost
|inactive|Battle timer is ON: inactive players will automatically lose when time's up. (requested by ttvmoxiie)
|
|t:|1757842690
|teamsize|p1|4
|teamsize|p2|4
|start
|switch|p1a: Rillaboom|Rillaboom, L50, F|100/100
|switch|p1b: Primarina|Primarina, L50, M|100/100
|switch|p2a: Annihilape|Annihilape, L50, M|100/100
|switch|p2b: Maushold|Maushold-Four, L50|100/100
|-fieldstart|move: Grassy Terrain|[from] ability: Grassy Surge|[of] p1a: Rillaboom
|turn|1
|inactive|ttvmoxiie has 30 seconds left.
|
|t:|1757842716
|-terastallize|p2b: Maushold|Ghost
|move|p1b: Primarina|Protect|p1b: Primarina
|-singleturn|p1b: Primarina|Protect
|move|p2b: Maushold|Beat Up|p2a: Annihilape
|-damage|p2a: Annihilape|98/100
|-damage|p2a: Annihilape|96/100
|-damage|p2a: Annihilape|94/100
|-damage|p2a: Annihilape|92/100
|-hitcount|p2a: Annihilape|4
|move|p2a: Annihilape|Bulk Up|p2a: Annihilape
|-boost|p2a: Annihilape|atk|1
|-boost|p2a: Annihilape|def|1
|move|p1a: Rillaboom|Drum Beating|p2a: Annihilape
|-damage|p2a: Annihilape|64/100
|-unboost|p2a: Annihilape|spe|1
|-ability|p2a: Annihilape|Defiant|boost
|-boost|p2a: Annihilape|atk|2
|
|-heal|p2a: Annihilape|71/100|[from] Grassy Terrain
|upkeep
|turn|2
|
|t:|1757842740
|move|p2b: Maushold|Follow Me|p2b: Maushold
|-singleturn|p2b: Maushold|move: Follow Me
|move|p1a: Rillaboom|Grass Pledge|p2b: Maushold
|-waiting|p1a: Rillaboom|p1b: Primarina
|move|p1b: Primarina|Water Pledge|p2b: Maushold|[from] move: Grass Pledge
|-combine
|-enditem|p2b: Maushold|Focus Sash
|-damage|p2b: Maushold|1/100
|-sidestart|p2: ttvmoxiie|Grass Pledge
|-damage|p1b: Primarina|91/100|[from] item: Life Orb
|move|p2a: Annihilape|Rage Fist|p1b: Primarina
|-damage|p1b: Primarina|0 fnt
|faint|p1b: Primarina
|
|-heal|p2b: Maushold|7/100|[from] Grassy Terrain
|-heal|p2a: Annihilape|77/100|[from] Grassy Terrain
|upkeep
|inactive|RamiM50 has 30 seconds left.
|inactive|RamiM50 has 20 seconds left.
|inactive|RamiM50 has 15 seconds left.
|
|t:|1757842780
|switch|p1b: Volcarona|Volcarona, L50, F|100/100
|-enditem|p1b: Volcarona|Grassy Seed
|-boost|p1b: Volcarona|def|1|[from] item: Grassy Seed
|turn|3
|
|t:|1757842794
|move|p1b: Volcarona|Protect|p1b: Volcarona
|-singleturn|p1b: Volcarona|Protect
|move|p2b: Maushold|Follow Me|p2b: Maushold
|-singleturn|p2b: Maushold|move: Follow Me
|move|p1a: Rillaboom|Knock Off|p2b: Maushold
|-supereffective|p2b: Maushold
|-damage|p2b: Maushold|0 fnt
|faint|p2b: Maushold
|move|p2a: Annihilape|Rage Fist|p1b: Volcarona
|-activate|p1b: Volcarona|move: Protect
|
|-heal|p2a: Annihilape|83/100|[from] Grassy Terrain
|upkeep
|
|t:|1757842806
|switch|p2b: Dragonite|Dragonite, L50, F|100/100
|turn|4
|
|t:|1757842814
|move|p1a: Rillaboom|Knock Off|p2a: Annihilape
|-damage|p2a: Annihilape|60/100
|-enditem|p2a: Annihilape|Sitrus Berry|[from] move: Knock Off|[of] p1a: Rillaboom
|move|p1b: Volcarona|Fiery Dance|p2a: Annihilape
|-damage|p2a: Annihilape|28/100
|-boost|p1b: Volcarona|spa|1
|move|p2b: Dragonite|Tailwind|p2b: Dragonite
|-sidestart|p2: ttvmoxiie|move: Tailwind
|move|p2a: Annihilape|Rage Fist|p1b: Volcarona
|-damage|p1b: Volcarona|0 fnt
|-status|p2a: Annihilape|brn|[from] ability: Flame Body|[of] p1b: Volcarona
|faint|p1b: Volcarona
|
|-heal|p2a: Annihilape|34/100 brn|[from] Grassy Terrain
|-damage|p2a: Annihilape|28/100 brn|[from] brn
|upkeep
|
|t:|1757842831
|switch|p1b: Incineroar|Incineroar, L50, M|100/100
|-ability|p1b: Incineroar|Intimidate|boost
|-unboost|p2a: Annihilape|atk|1
|-ability|p2a: Annihilape|Defiant|boost
|-boost|p2a: Annihilape|atk|2
|-unboost|p2b: Dragonite|atk|1
|turn|5
|
|t:|1757842849
|move|p1b: Incineroar|Fake Out|p2b: Dragonite
|-damage|p2b: Dragonite|96/100
|move|p1a: Rillaboom|Drum Beating|p2a: Annihilape
|-damage|p2a: Annihilape|0 fnt
|faint|p2a: Annihilape
|cant|p2b: Dragonite|flinch
|
|-sideend|p2: ttvmoxiie|Grass Pledge
|-fieldend|move: Grassy Terrain
|upkeep
|
|t:|1757842854
|switch|p2a: Ursaluna|Ursaluna-Bloodmoon, L50, M|100/100
|turn|6
|inactive|RamiM50 has 30 seconds left.
|
|t:|1757842887
|-terastallize|p1b: Incineroar|Ghost
|move|p2b: Dragonite|Scale Shot|p1a: Rillaboom
|-damage|p1a: Rillaboom|89/100
|-damage|p1a: Rillaboom|77/100
|-damage|p1a: Rillaboom|66/100
|-damage|p1a: Rillaboom|56/100
|-damage|p1a: Rillaboom|45/100
|-hitcount|p1a: Rillaboom|5
|-unboost|p2b: Dragonite|def|1
|-boost|p2b: Dragonite|spe|1
|move|p1a: Rillaboom|Drum Beating|p2a: Ursaluna
|-supereffective|p2a: Ursaluna
|-damage|p2a: Ursaluna|48/100
|-unboost|p2a: Ursaluna|spe|1
|move|p1b: Incineroar|Knock Off|p2a: Ursaluna
|-damage|p2a: Ursaluna|20/100
|-enditem|p2a: Ursaluna|Assault Vest|[from] move: Knock Off|[of] p1b: Incineroar
|move|p2a: Ursaluna|Earth Power|p1b: Incineroar
|-crit|p1b: Incineroar
|-damage|p1b: Incineroar|39/100
|
|upkeep
|turn|7
|inactive|RamiM50 has 30 seconds left.
|inactive|ttvmoxiie has 30 seconds left.
|inactive|RamiM50 has 20 seconds left.
|
|t:|1757842926
|move|p2b: Dragonite|Scale Shot|p1b: Incineroar
|-damage|p1b: Incineroar|29/100
|-damage|p1b: Incineroar|19/100
|-damage|p1b: Incineroar|10/100
|-damage|p1b: Incineroar|0 fnt
|faint|p1b: Incineroar
|-hitcount|p1: Incineroar|4
|-unboost|p2b: Dragonite|def|1
|-boost|p2b: Dragonite|spe|1
|move|p1a: Rillaboom|Drum Beating|p2a: Ursaluna
|-supereffective|p2a: Ursaluna
|-damage|p2a: Ursaluna|0 fnt
|faint|p2a: Ursaluna
|
|-sideend|p2: ttvmoxiie|move: Tailwind
|upkeep
|turn|8
|
|t:|1757842942
|move|p2b: Dragonite|Scale Shot|p1a: Rillaboom
|-damage|p1a: Rillaboom|33/100
|-damage|p1a: Rillaboom|21/100
|-damage|p1a: Rillaboom|10/100
|-damage|p1a: Rillaboom|0 fnt
|faint|p1a: Rillaboom
|-hitcount|p1: Rillaboom|4
|
|win|ttvmoxiie
