|j|☆d1mo22
|j|☆ultraclaw1
|html|d1mo22ultraclaw1    
|uhtml|bestof|Game 1 of a best-of-3
|t:|1785172877
|gametype|doubles
|player|p1|d1mo22|skier|1344
|player|p2|ultraclaw1|brycenman|1380
|gen|9
|tier|[Gen 9 Champions] VGC 2026 Reg M-B (Bo3)
|rated|
|rule|Species Clause: Limit one of each Pokémon
|rule|Item Clause: Limit 1 of each item
|clearpoke
|poke|p1|Raichu, L50, F|
|poke|p1|Gyarados, L50, M, shiny|
|poke|p1|Mamoswine, L50, M|
|poke|p1|Ceruledge, L50, F|
|poke|p1|Sinistcha, L50|
|poke|p1|Kingambit, L50, F, shiny|
|poke|p2|Maushold, L50|
|poke|p2|Kingambit, L50, M|
|poke|p2|Garchomp, L50, F|
|poke|p2|Basculegion, L50, M|
|poke|p2|Talonflame, L50, M|
|poke|p2|Floette-Eternal, L50, F|
|teampreview|4
|showteam|p1|Raichu||RaichuniteY|LightningRod|FakeOut,Encore,ZapCannon,FocusBlast|Timid||F|||50|]Gyarados||Gyaradosite|Intimidate|LashOut,Waterfall,DragonDance,Protect|Adamant||M|||50|]Mamoswine||LifeOrb|Oblivious|Protect,IcicleCrash,IceShard,HighHorsepower|Jolly||M|||50|]Ceruledge||ColburBerry|FlashFire|BitterBlade,ShadowSneak,BulkUp,Protect|Adamant||F|||50|]Sinistcha||SitrusBerry|Hospitality|Protect,RagePowder,MatchaGotcha,LifeDew|Bold|||||50|]Kingambit||FocusSash|Defiant|Protect,SuckerPunch,KowtowCleave,IronHead|Adamant||F|||50|
|showteam|p2|Maushold||FocusSash|FriendGuard|SuperFang,Taunt,FollowMe,Protect|Timid|||||50|]Kingambit||ChopleBerry|Defiant|KowtowCleave,SuckerPunch,LowKick,IronHead|Adamant||M|||50|]Garchomp||LifeOrb|RoughSkin|RockSlide,Earthquake,DragonClaw,Protect|Jolly||F|||50|]Basculegion||MysticWater|Adaptability|WaveCrash,LastRespects,AquaJet,Protect|Adamant||M|||50|]Talonflame||SharpBeak|GaleWings|QuickGuard,DualWingbeat,Tailwind,Protect|Jolly||M|||50|]Floette-Eternal||Floettite|FlowerVeil|LightofRuin,Protect,Moonblast,DazzlingGleam|Modest||F|||50|
|inactive|Battle timer is ON: inactive players will automatically lose when time's up. (requested by d1mo22)
|inactive|ultraclaw1 also wants the timer to be on.
|inactive|d1mo22 has 60 seconds left.
|inactive|d1mo22 has 30 seconds left.
|inactive|d1mo22 has 20 seconds left.
|
|t:|1785172949
|teamsize|p1|4
|teamsize|p2|4
|start
|switch|p1a: Gyarados|Gyarados, L50, M, shiny|100/100
|switch|p1b: Raichu|Raichu, L50, F|100/100
|switch|p2a: Floette|Floette-Eternal, L50, F|100/100
|switch|p2b: Talonflame|Talonflame, L50, M|100/100
|-ability|p1a: Gyarados|Intimidate|boost
|-unboost|p2a: Floette|atk|1
|-unboost|p2b: Talonflame|atk|1
|turn|1
|inactive|d1mo22 has 30 seconds left.
|inactive|ultraclaw1 has 30 seconds left.
|
|t:|1785172983
|move|p2b: Talonflame|Protect|p2b: Talonflame
|-singleturn|p2b: Talonflame|Protect
|move|p2a: Floette|Protect|p2a: Floette
|-singleturn|p2a: Floette|Protect
|move|p1b: Raichu|Fake Out|p2a: Floette
|-activate|p2a: Floette|move: Protect
|move|p1a: Gyarados|Dragon Dance|p1a: Gyarados
|-boost|p1a: Gyarados|atk|1
|-boost|p1a: Gyarados|spe|1
|
|upkeep
|turn|2
|inactive|d1mo22 has 30 seconds left.
|inactive|d1mo22 has 20 seconds left.
|inactive|d1mo22 has 15 seconds left.
|
|t:|1785173023
|detailschange|p2a: Floette|Floette-Mega, L50, F
|-mega|p2a: Floette|Floette|Floettite
|-ability|p2a: Floette|Fairy Aura
|move|p2b: Talonflame|Tailwind|p2b: Talonflame
|-sidestart|p2: ultraclaw1|move: Tailwind
|move|p2a: Floette|Moonblast|p1b: Raichu
|-damage|p1b: Raichu|0 fnt
|faint|p1b: Raichu
|move|p1a: Gyarados|Waterfall|p2b: Talonflame
|-supereffective|p2b: Talonflame|1
|-damage|p2b: Talonflame|0 fnt
|faint|p2b: Talonflame
|
|upkeep
|
|t:|1785173035
|switch|p2b: Basculegion|Basculegion, L50, M|100/100
|switch|p1b: Ceruledge|Ceruledge, L50, F|100/100
|turn|3
|inactive|d1mo22 has 30 seconds left.
|inactive|d1mo22 has 20 seconds left.
|
|t:|1785173072
|move|p1a: Gyarados|Protect|p1a: Gyarados
|-singleturn|p1a: Gyarados|Protect
|move|p1b: Ceruledge|Protect|p1b: Ceruledge
|-singleturn|p1b: Ceruledge|Protect
|move|p2a: Floette|Light of Ruin|p1a: Gyarados
|-activate|p1a: Gyarados|move: Protect
|move|p2b: Basculegion|Wave Crash|p1b: Ceruledge
|-activate|p1b: Ceruledge|move: Protect
|
|upkeep
|turn|4
|inactive|d1mo22 has 30 seconds left.
|
|t:|1785173101
|move|p1b: Ceruledge|Shadow Sneak|p2b: Basculegion
|-supereffective|p2b: Basculegion|1
|-damage|p2b: Basculegion|51/100
|move|p2a: Floette|Light of Ruin|p1a: Gyarados
|-damage|p1a: Gyarados|0 fnt
|faint|p1a: Gyarados
|-damage|p2a: Floette|33/100|[from] Recoil
|move|p2b: Basculegion|Wave Crash|p1b: Ceruledge
|-supereffective|p1b: Ceruledge|1
|-damage|p1b: Ceruledge|0 fnt
|faint|p1b: Ceruledge
|-damage|p2b: Basculegion|20/100y|[from] Recoil
|
|upkeep
|
|t:|1785173108
|switch|p1a: Mamoswine|Mamoswine, L50, M|100/100
|turn|5
|
|t:|1785173117
|move|p1a: Mamoswine|Protect|p1a: Mamoswine
|-singleturn|p1a: Mamoswine|Protect
|move|p2a: Floette|Moonblast|p1a: Mamoswine
|-activate|p1a: Mamoswine|move: Protect
|move|p2b: Basculegion|Wave Crash|p1a: Mamoswine
|-activate|p1a: Mamoswine|move: Protect
|
|-sideend|p2: ultraclaw1|move: Tailwind
|upkeep
|turn|6
|
|t:|1785173131
|move|p1a: Mamoswine|Ice Shard|p2a: Floette
|-damage|p2a: Floette|0 fnt
|faint|p2a: Floette
|-damage|p1a: Mamoswine|90/100|[from] item: Life Orb
|move|p2b: Basculegion|Wave Crash|p1a: Mamoswine
|-supereffective|p1a: Mamoswine|1
|-damage|p1a: Mamoswine|0 fnt
|faint|p1a: Mamoswine
|-damage|p2b: Basculegion|0 fnt|[from] Recoil
|faint|p2b: Basculegion
|
|win|ultraclaw1
||ultraclaw1 is ready for game 2.
|l|☆ultraclaw1
|player|p2|
|inactive|d1mo22 has 30 seconds to confirm battle start!
