|j|☆twilightgaming
|j|☆FruitloopsFL
|html|twilightgamingFruitloopsFL    
|uhtml|bestof|Game 2 of a best-of-3
|t:|1783531802
|gametype|doubles
|player|p1|twilightgaming|sabrina-masters|
|player|p2|FruitloopsFL|alder|
|gen|9
|tier|[Gen 9 Champions] VGC 2026 Reg M-B (Bo3)
|rule|Species Clause: Limit one of each Pokémon
|rule|Item Clause: Limit 1 of each item
|clearpoke
|poke|p1|Staraptor, L50, F, shiny|
|poke|p1|Mimikyu, L50, F|
|poke|p1|Whimsicott, L50, M|
|poke|p1|Sylveon, L50, F|
|poke|p1|Grimmsnarl, L50, M|
|poke|p1|Kingambit, L50, M, shiny|
|poke|p2|Toucannon, L50, F|
|poke|p2|Grimmsnarl, L50, M|
|poke|p2|Raichu, L50, M|
|poke|p2|Garchomp, L50, F|
|poke|p2|Annihilape, L50, M|
|poke|p2|Volcarona, L50, F|
|teampreview|4
|showteam|p1|Staraptor||Staraptite|Intimidate|BraveBird,CloseCombat,Roost,Protect|Timid||F|||50|]Mimikyu||SpellTag|Disguise|ShadowClaw,ShadowSneak,PlayRough,Protect|Adamant||F|||50|]Whimsicott||FocusSash|Prankster|Tailwind,Moonblast,Protect,Encore|Calm||M|||50|]Sylveon||Leftovers|Pixilate|HyperVoice,CalmMind,Wish,Protect|Bold||F|||50|]Grimmsnarl||RoseliBerry|Prankster|FakeOut,PartingShot,SpiritBreak,ScaryFace|Careful||M|||50|]Kingambit||ChopleBerry|Defiant|KowtowCleave,SuckerPunch,IronHead,Protect|Adamant||M|||50|
|showteam|p2|Toucannon||SilkScarf|SkillLink|Tailwind,BulletSeed,Boomburst,Protect|Impish||F|||50|]Grimmsnarl||LightClay|Prankster|FakeOut,PartingShot,Reflect,LightScreen|Careful||M|||50|]Raichu||RaichuniteY|LightningRod|FakeOut,GrassKnot,FocusBlast,ZapCannon|Hasty||M|||50|]Garchomp||LifeOrb|RoughSkin|RockSlide,Earthquake,DragonClaw,Protect|Jolly||F|||50|]Annihilape||Leftovers|Defiant|IcePunch,RageFist,DrainPunch,Protect|Adamant||M|||50|]Volcarona||ChartiBerry|FlameBody|RagePowder,MorningSun,WillOWisp,HeatWave|Calm||F|||50|
|c|☆FruitloopsFL|glhf
|
|t:|1783531858
|teamsize|p1|4
|teamsize|p2|4
|start
|switch|p1a: Grimmsnarl|Grimmsnarl, L50, M|100/100
|switch|p1b: Mimikyu|Mimikyu, L50, F|100/100
|switch|p2a: Grimmsnarl|Grimmsnarl, L50, M|100/100
|switch|p2b: Annihilape|Annihilape, L50, M|100/100
|turn|1
|
|t:|1783531907
|switch|p2b: Volcarona|Volcarona, L50, F|100/100
|move|p1b: Mimikyu|Protect|p1b: Mimikyu
|-singleturn|p1b: Mimikyu|Protect
|move|p1a: Grimmsnarl|Fake Out|p2a: Grimmsnarl
|-damage|p2a: Grimmsnarl|87/100
|cant|p2a: Grimmsnarl|flinch
|
|upkeep
|turn|2
|
|t:|1783531956
|move|p2a: Grimmsnarl|Reflect|p2a: Grimmsnarl
|-sidestart|p2: FruitloopsFL|Reflect
|move|p1a: Grimmsnarl|Scary Face|p2b: Volcarona
|-unboost|p2b: Volcarona|spe|2
|move|p1b: Mimikyu|Shadow Claw|p2b: Volcarona
|-damage|p2b: Volcarona|68/100
|move|p2b: Volcarona|Heat Wave|p1b: Mimikyu|[spread] p1a,p1b
|-damage|p1a: Grimmsnarl|70/100
|-activate|p1b: Mimikyu|ability: Disguise
|-damage|p1b: Mimikyu|100/100
|detailschange|p1b: Mimikyu|Mimikyu-Busted, L50, F
|-damage|p1b: Mimikyu|87/100|[from] pokemon: Mimikyu-Busted
|
|upkeep
|turn|3
|
|t:|1783532002
|move|p1b: Mimikyu|Protect|p1b: Mimikyu
|-singleturn|p1b: Mimikyu|Protect
|move|p2a: Grimmsnarl|Parting Shot|p1b: Mimikyu
|-activate|p1b: Mimikyu|move: Protect
|move|p1a: Grimmsnarl|Spirit Break|p2b: Volcarona
|-resisted|p2b: Volcarona|1
|-damage|p2b: Volcarona|54/100
|-unboost|p2b: Volcarona|spa|1
|move|p2b: Volcarona|Morning Sun|p2b: Volcarona
|-heal|p2b: Volcarona|100/100
|
|upkeep
|turn|4
|
|t:|1783532055
|move|p2a: Grimmsnarl|Parting Shot|p1b: Mimikyu
|-unboost|p1b: Mimikyu|atk|1
|-unboost|p1b: Mimikyu|spa|1
|
|t:|1783532069
|switch|p2a: Annihilape|Annihilape, L50, M|100/100|[from] Parting Shot
|move|p1b: Mimikyu|Shadow Claw|p2b: Volcarona
|-damage|p2b: Volcarona|79/100
|move|p1a: Grimmsnarl|Spirit Break|p2b: Volcarona
|-resisted|p2b: Volcarona|1
|-crit|p2b: Volcarona
|-damage|p2b: Volcarona|49/100
|-unboost|p2b: Volcarona|spa|1
|move|p2b: Volcarona|Heat Wave|p1b: Mimikyu|[spread] p1a,p1b
|-damage|p1a: Grimmsnarl|55/100
|-damage|p1b: Mimikyu|66/100
|
|upkeep
|turn|5
|
|t:|1783532129
|move|p1b: Mimikyu|Protect|p1b: Mimikyu
|-singleturn|p1b: Mimikyu|Protect
|move|p2a: Annihilape|Drain Punch|p1a: Grimmsnarl
|-damage|p1a: Grimmsnarl|16/100
|move|p1a: Grimmsnarl|Spirit Break|p2b: Volcarona
|-resisted|p2b: Volcarona|1
|-damage|p2b: Volcarona|35/100
|-unboost|p2b: Volcarona|spa|1
|move|p2b: Volcarona|Morning Sun|p2b: Volcarona
|-heal|p2b: Volcarona|85/100
|
|upkeep
|turn|6
|
|t:|1783532205
|move|p1b: Mimikyu|Shadow Sneak|p2a: Annihilape
|-supereffective|p2a: Annihilape|1
|-damage|p2a: Annihilape|81/100
|move|p1a: Grimmsnarl|Parting Shot|p2a: Annihilape
|-unboost|p2a: Annihilape|atk|1
|-ability|p2a: Annihilape|Defiant|boost
|-boost|p2a: Annihilape|atk|2
|-unboost|p2a: Annihilape|spa|1
|-ability|p2a: Annihilape|Defiant|boost
|-boost|p2a: Annihilape|atk|2
|
|t:|1783532239
|switch|p1a: Kingambit|Kingambit, L50, M, shiny|100/100|[from] Parting Shot
|move|p2a: Annihilape|Rage Fist|p1b: Mimikyu
|-supereffective|p1b: Mimikyu|1
|-damage|p1b: Mimikyu|0 fnt
|faint|p1b: Mimikyu
|move|p2b: Volcarona|Heat Wave|p1a: Kingambit
|-supereffective|p1a: Kingambit|1
|-damage|p1a: Kingambit|64/100
|-status|p1a: Kingambit|brn
|
|-heal|p2a: Annihilape|87/100|[from] item: Leftovers
|-damage|p1a: Kingambit|58/100 brn|[from] brn
|upkeep
|
|t:|1783532245
|switch|p1b: Grimmsnarl|Grimmsnarl, L50, M|16/100
|turn|7
|
|t:|1783532260
|move|p1b: Grimmsnarl|Fake Out|p2b: Volcarona
|-damage|p2b: Volcarona|76/100
|-status|p1b: Grimmsnarl|brn|[from] ability: Flame Body|[of] p2b: Volcarona
|cant|p2b: Volcarona|flinch
|move|p2a: Annihilape|Drain Punch|p1a: Kingambit
|-supereffective|p1a: Kingambit|2
|-enditem|p1a: Kingambit|Chople Berry|[eat]
|-enditem|p1a: Kingambit|Chople Berry|[weaken]
|-damage|p1a: Kingambit|0 fnt
|-heal|p2a: Annihilape|100/100|[from] drain|[of] p1a: Kingambit
|faint|p1a: Kingambit
|
|-damage|p1b: Grimmsnarl|10/100 brn|[from] brn
|upkeep
|
|t:|1783532264
|switch|p1a: Staraptor|Staraptor, L50, F, shiny|100/100
|-ability|p1a: Staraptor|Intimidate|boost
|-unboost|p2a: Annihilape|atk|1
|-ability|p2a: Annihilape|Defiant|boost
|-boost|p2a: Annihilape|atk|2
|-unboost|p2b: Volcarona|atk|1
|turn|8
|
|t:|1783532295
|detailschange|p1a: Staraptor|Staraptor-Mega, L50, F, shiny
|-mega|p1a: Staraptor|Staraptor|Staraptite
|move|p2b: Volcarona|Rage Powder|p2b: Volcarona
|-singleturn|p2b: Volcarona|move: Rage Powder
|move|p1a: Staraptor|Brave Bird|p2b: Volcarona
|-supereffective|p2b: Volcarona|1
|-damage|p2b: Volcarona|0 fnt
|faint|p2b: Volcarona
|-damage|p1a: Staraptor|75/100|[from] Recoil
|move|p2a: Annihilape|Ice Punch|p1a: Staraptor
|-supereffective|p1a: Staraptor|1
|-damage|p1a: Staraptor|0 fnt
|faint|p1a: Staraptor
|move|p1b: Grimmsnarl|Spirit Break|p2a: Annihilape
|-supereffective|p2a: Annihilape|1
|-damage|p2a: Annihilape|81/100
|-unboost|p2a: Annihilape|spa|1
|-ability|p2a: Annihilape|Defiant|boost
|-boost|p2a: Annihilape|atk|2
|
|-heal|p2a: Annihilape|87/100|[from] item: Leftovers
|-damage|p1b: Grimmsnarl|4/100 brn|[from] brn
|upkeep
|
|t:|1783532308
|switch|p2b: Raichu|Raichu, L50, M|100/100
|turn|9
|
|t:|1783532315
|detailschange|p2b: Raichu|Raichu-Mega-Y, L50, M
|-mega|p2b: Raichu|Raichu|Raichunite Y
|move|p2b: Raichu|Fake Out|p1b: Grimmsnarl
|-damage|p1b: Grimmsnarl|0 fnt
|faint|p1b: Grimmsnarl
|
|win|FruitloopsFL
|c|☆FruitloopsFL|gg
