|j|☆tessa scarlet
|j|☆bcoffey1010
|html|tessa scarletbcoffey1010    
|uhtml|bestof|Game 1 of a best-of-3
|t:|1756485028
|gametype|doubles
|player|p1|tessa scarlet|102|1336
|player|p2|bcoffey1010|266|1305
|gen|9
|tier|[Gen 9] VGC 2025 Reg H (Bo3)
|rated|
|rule|Species Clause: Limit one of each Pokémon
|rule|Item Clause: Limit 1 of each item
|clearpoke
|poke|p1|Gholdengo, L50|
|poke|p1|Sneasler, L50, M|
|poke|p1|Rillaboom, L50, M|
|poke|p1|Dragonite, L50, F|
|poke|p1|Ninetales-Alola, L50, M|
|poke|p1|Arcanine-Hisui, L50, M|
|poke|p2|Sneasler, L50, M|
|poke|p2|Indeedee, L50, M|
|poke|p2|Volcarona, L50, M|
|poke|p2|Ursaluna-Bloodmoon, L50, M|
|poke|p2|Annihilape, L50, F|
|poke|p2|Tyranitar, L50, M|
|teampreview|4
|showteam|p1|Gholdengo||GrassySeed|GoodasGold|NastyPlot,MakeItRain,ShadowBall,Protect||||||50|,,,,,Water]Sneasler||WhiteHerb|Unburden|CloseCombat,DireClaw,Coaching,Protect|||M|||50|,,,,,Ghost]Rillaboom||AssaultVest|GrassySurge|FakeOut,GrassyGlide,DrumBeating,HighHorsepower|||M|||50|,,,,,Fire]Dragonite||LoadedDice|Multiscale|ScaleShot,StompingTantrum,Tailwind,Protect|||F|||50|,,,,,Ground]Ninetales-Alola||FocusSash|SnowWarning|Blizzard,IcyWind,Encore,AuroraVeil|||M|||50|,,,,,Ghost]Arcanine-Hisui||ClearAmulet|Intimidate|RockSlide,FlareBlitz,ExtremeSpeed,Protect|||M|||50|,,,,,Water
|showteam|p2|Sneasler||PsychicSeed|Unburden|CloseCombat,DireClaw,ThroatChop,Protect|||M|||50|,,,,,Dark]Indeedee||ChoiceScarf|PsychicSurge|ExpandingForce,TeraBlast,Trick,Protect|||M|||50|,,,,,Psychic]Volcarona||SitrusBerry|FlameBody|Overheat,StruggleBug,RagePowder,Tailwind|||M|||50|,,,,,Grass]Ursaluna-Bloodmoon||LifeOrb|MindsEye|BloodMoon,HyperVoice,EarthPower,Protect|||M|||50|,,,,,Normal]Annihilape||SafetyGoggles|Defiant|CloseCombat,RageFist,Taunt,FinalGambit|||F|||50|,,,,,Fairy]Tyranitar||AssaultVest|SandStream|RockSlide,KnockOff,TeraBlast,LowKick|||M|||50|,,,,,Flying
|
|t:|1756485102
|teamsize|p1|4
|teamsize|p2|4
|start
|switch|p1a: Sneasler|Sneasler, L50, M|100/100
|switch|p1b: Dragonite|Dragonite, L50, F|100/100
|switch|p2a: Volcarona|Volcarona, L50, M|100/100
|switch|p2b: Ursaluna|Ursaluna-Bloodmoon, L50, M|100/100
|turn|1
|
|t:|1756485144
|move|p2a: Volcarona|Tailwind|p2a: Volcarona
|-sidestart|p2: bcoffey1010|move: Tailwind
|move|p2b: Ursaluna|Hyper Voice|p1a: Sneasler|[spread] p1a,p1b
|-damage|p1a: Sneasler|39/100
|-damage|p1b: Dragonite|74/100
|-damage|p2b: Ursaluna|91/100|[from] item: Life Orb
|move|p1a: Sneasler|Coaching|p1b: Dragonite
|-boost|p1b: Dragonite|atk|1
|-boost|p1b: Dragonite|def|1
|move|p1b: Dragonite|Scale Shot|p2a: Volcarona
|-damage|p2a: Volcarona|72/100
|-damage|p2a: Volcarona|44/100
|-enditem|p2a: Volcarona|Sitrus Berry|[eat]
|-heal|p2a: Volcarona|69/100|[from] item: Sitrus Berry
|-damage|p2a: Volcarona|40/100
|-damage|p2a: Volcarona|10/100
|-damage|p2a: Volcarona|0 fnt
|faint|p2a: Volcarona
|-hitcount|p2: Volcarona|5
|-unboost|p1b: Dragonite|def|1
|-boost|p1b: Dragonite|spe|1
|
|upkeep
|
|t:|1756485161
|switch|p2a: Sneasler|Sneasler, L50, M|100/100
|turn|2
|
|t:|1756485176
|switch|p1a: Rillaboom|Rillaboom, L50, M|100/100
|-fieldstart|move: Grassy Terrain|[from] ability: Grassy Surge|[of] p1a: Rillaboom
|-terastallize|p2b: Ursaluna|Normal
|move|p1b: Dragonite|Protect|p1b: Dragonite
|-singleturn|p1b: Dragonite|Protect
|move|p2a: Sneasler|Dire Claw|p1b: Dragonite
|-activate|p1b: Dragonite|move: Protect
|move|p2b: Ursaluna|Hyper Voice|p1a: Rillaboom|[spread] p1a
|-activate|p1b: Dragonite|move: Protect
|-damage|p1a: Rillaboom|43/100
|-damage|p2b: Ursaluna|81/100|[from] item: Life Orb
|
|-heal|p2b: Ursaluna|87/100|[from] Grassy Terrain
|-heal|p1a: Rillaboom|49/100|[from] Grassy Terrain
|upkeep
|turn|3
|
|t:|1756485221
|switch|p1b: Gholdengo|Gholdengo, L50|100/100
|-enditem|p1b: Gholdengo|Grassy Seed
|-boost|p1b: Gholdengo|def|1|[from] item: Grassy Seed
|switch|p1a: Sneasler|Sneasler, L50, M|39/100
|move|p2a: Sneasler|Dire Claw|p1b: Gholdengo
|-immune|p1b: Gholdengo
|move|p2b: Ursaluna|Hyper Voice|p1b: Gholdengo|[spread] p1a,p1b
|-resisted|p1b: Gholdengo
|-damage|p1a: Sneasler|0 fnt
|-damage|p1b: Gholdengo|65/100
|faint|p1a: Sneasler
|-damage|p2b: Ursaluna|78/100|[from] item: Life Orb
|
|-heal|p2b: Ursaluna|84/100|[from] Grassy Terrain
|-heal|p1b: Gholdengo|71/100|[from] Grassy Terrain
|upkeep
|
|t:|1756485228
|switch|p1a: Dragonite|Dragonite, L50, F|74/100
|turn|4
|
|t:|1756485257
|switch|p2b: Tyranitar|Tyranitar, L50, M|100/100
|-weather|Sandstorm|[from] ability: Sand Stream|[of] p2b: Tyranitar
|move|p1b: Gholdengo|Protect|p1b: Gholdengo
|-singleturn|p1b: Gholdengo|Protect
|move|p1a: Dragonite|Protect|p1a: Dragonite
|-singleturn|p1a: Dragonite|Protect
|move|p2a: Sneasler|Dire Claw|p1a: Dragonite
|-activate|p1a: Dragonite|move: Protect
|
|-weather|Sandstorm|[upkeep]
|-damage|p2a: Sneasler|95/100|[from] Sandstorm
|-damage|p1a: Dragonite|68/100|[from] Sandstorm
|-heal|p2a: Sneasler|100/100|[from] Grassy Terrain
|-heal|p1b: Gholdengo|77/100|[from] Grassy Terrain
|-sideend|p2: bcoffey1010|move: Tailwind
|upkeep
|turn|5
|
|t:|1756485314
|move|p2a: Sneasler|Dire Claw|p1a: Dragonite
|-damage|p1a: Dragonite|17/100
|-status|p1a: Dragonite|slp
|move|p1b: Gholdengo|Make It Rain|p2b: Tyranitar|[spread] p2a,p2b
|-supereffective|p2b: Tyranitar
|-damage|p2a: Sneasler|44/100
|-damage|p2b: Tyranitar|62/100
|-unboost|p1b: Gholdengo|spa|1
|cant|p1a: Dragonite|slp
|move|p2b: Tyranitar|Knock Off|p1a: Dragonite
|-damage|p1a: Dragonite|0 fnt
|-enditem|p1a: Dragonite|Loaded Dice|[from] move: Knock Off|[of] p2b: Tyranitar
|faint|p1a: Dragonite
|
|-weather|Sandstorm|[upkeep]
|-damage|p2a: Sneasler|38/100|[from] Sandstorm
|-heal|p2a: Sneasler|44/100|[from] Grassy Terrain
|-heal|p1b: Gholdengo|83/100|[from] Grassy Terrain
|-heal|p2b: Tyranitar|67/100|[from] Grassy Terrain
|upkeep
|
|t:|1756485319
|switch|p1a: Rillaboom|Rillaboom, L50, M|49/100
|turn|6
|
|t:|1756485333
|-terastallize|p1a: Rillaboom|Fire
|move|p2a: Sneasler|Protect|p2a: Sneasler
|-singleturn|p2a: Sneasler|Protect
|move|p1a: Rillaboom|Drum Beating|p2b: Tyranitar
|-supereffective|p2b: Tyranitar
|-damage|p2b: Tyranitar|0 fnt
|faint|p2b: Tyranitar
|move|p1b: Gholdengo|Make It Rain|p2a: Sneasler
|-activate|p2a: Sneasler|move: Protect
|
|-weather|Sandstorm|[upkeep]
|-damage|p2a: Sneasler|38/100|[from] Sandstorm
|-damage|p1a: Rillaboom|43/100|[from] Sandstorm
|-heal|p2a: Sneasler|44/100|[from] Grassy Terrain
|-heal|p1a: Rillaboom|49/100|[from] Grassy Terrain
|-heal|p1b: Gholdengo|90/100|[from] Grassy Terrain
|-fieldend|move: Grassy Terrain
|upkeep
|
|t:|1756485336
|switch|p2b: Ursaluna|Ursaluna-Bloodmoon, L50, M, tera:Normal|84/100
|turn|7
|
|t:|1756485348
|move|p2a: Sneasler|Close Combat|p1a: Rillaboom
|-damage|p1a: Rillaboom|0 fnt
|-unboost|p2a: Sneasler|def|1
|-unboost|p2a: Sneasler|spd|1
|faint|p1a: Rillaboom
|move|p1b: Gholdengo|Make It Rain|p2b: Ursaluna|[spread] p2a,p2b
|-damage|p2a: Sneasler|0 fnt
|-damage|p2b: Ursaluna|47/100
|-unboost|p1b: Gholdengo|spa|1
|faint|p2a: Sneasler
|move|p2b: Ursaluna|Earth Power|p1b: Gholdengo
|-supereffective|p1b: Gholdengo
|-damage|p1b: Gholdengo|0 fnt
|faint|p1b: Gholdengo
|-damage|p2b: Ursaluna|37/100|[from] item: Life Orb
|
|win|bcoffey1010
||tessa scarlet is ready for game 2.
||bcoffey1010 is ready for game 2.
|uhtml|next|Next: Game 2 of 3
