|j|☆Shaboogles
|j|☆SmolivStayStrong<3
|html|ShabooglesSmolivStayStrong<3    
|uhtml|bestof|Game 1 of a best-of-3
|t:|1783649130
|gametype|doubles
|player|p1|Shaboogles|rosa|
|player|p2|SmolivStayStrong<3|miku-flying|
|gen|9
|tier|[Gen 9 Champions] VGC 2026 Reg M-B (Bo3)
|rule|Species Clause: Limit one of each Pokémon
|rule|Item Clause: Limit 1 of each item
|clearpoke
|poke|p1|Chandelure, L50, F|
|poke|p1|Garganacl, L50, F|
|poke|p1|Greninja, L50, F|
|poke|p1|Rotom-Mow, L50|
|poke|p1|Krookodile, L50, F|
|poke|p1|Ariados, L50, F|
|poke|p2|Chesnaught, L50, F, shiny|
|poke|p2|Blastoise, L50, M|
|poke|p2|Chandelure, L50, F|
|poke|p2|Jolteon, L50, F|
|poke|p2|Floette-Eternal, L50, F|
|poke|p2|Klefki, L50, M, shiny|
|teampreview|4
|showteam|p1|Chandelure||Chandelurite|Infiltrator|HeatWave,ShadowBall,TrickRoom,Protect|Modest||F|||50|]Garganacl||Leftovers|PurifyingSalt|WideGuard,SaltCure,Recover,Protect|Sassy||F|||50|]Greninja||Greninjite|Torrent|IcyWind,Protect,HydroPump,DarkPulse|Timid||F|||50|]Rotom-Mow||ChoiceScarf|Levitate|Thunderbolt,LeafStorm,Electroweb,Trick|Timid|||||50|]Krookodile||PasshoBerry|Intimidate|Crunch,Taunt,Protect,HighHorsepower|Adamant||F|||50|]Ariados||ScopeLens|Sniper|CrossPoison,Protect,RagePowder,KnockOff|Impish||F|||50|
|showteam|p2|Chesnaught||Chesnaughtite|Bulletproof|BodyPress,SpikyShield,WideGuard,SeedBomb|Adamant||F|||50|]Blastoise||SitrusBerry|RainDish|FakeOut,WaveCrash,Yawn,FlipTurn|Adamant||M|||50|]Chandelure||FocusSash|FlashFire|HeatWave,ShadowBall,Protect,TrickRoom|Modest||F|||50|]Jolteon||ChoiceScarf|VoltAbsorb|VoltSwitch,Thunderbolt,Electroweb,AlluringVoice|Modest||F|||50|]Floette-Eternal||Leftovers|FlowerVeil|CalmMind,Moonblast,DazzlingGleam,Protect|Bold||F|||50|]Klefki||LightClay|Prankster|FlashCannon,ThunderWave,FoulPlay,LightScreen|Bold||M|||50|
|inactive|Battle timer is ON: inactive players will automatically lose when time's up. (requested by SmolivStayStrong<3)
|inactive|Shaboogles has 60 seconds left.
|inactive|SmolivStayStrong<3 has 60 seconds left.
|inactive|Shaboogles has 30 seconds left.
|inactive|Shaboogles has 20 seconds left.
|inactive|Shaboogles has 15 seconds left.
|
|t:|1783649209
|teamsize|p1|4
|teamsize|p2|4
|start
|switch|p1a: Garganacl|Garganacl, L50, F|100/100
|switch|p1b: Rotom|Rotom-Mow, L50|100/100
|switch|p2a: Chesnaught|Chesnaught, L50, F, shiny|100/100
|switch|p2b: Blastoise|Blastoise, L50, M|100/100
|turn|1
|inactiveoff|Battle timer is now OFF.
|
|t:|1783649239
|move|p1a: Garganacl|Protect|p1a: Garganacl
|-singleturn|p1a: Garganacl|Protect
|move|p2b: Blastoise|Fake Out|p1b: Rotom
|-damage|p1b: Rotom|85/100
|cant|p1b: Rotom|flinch
|move|p2a: Chesnaught|Seed Bomb|p1a: Garganacl
|-activate|p1a: Garganacl|move: Protect
|
|upkeep
|turn|2
|
|t:|1783649273
|switch|p2b: Klefki|Klefki, L50, M, shiny|100/100
|switch|p1a: Chandelure|Chandelure, L50, F|100/100
|move|p1b: Rotom|Leaf Storm|p2b: Klefki
|-resisted|p2b: Klefki|1
|-damage|p2b: Klefki|67/100
|-unboost|p1b: Rotom|spa|2
|move|p2a: Chesnaught|Body Press|p1b: Rotom
|-damage|p1b: Rotom|42/100
|
|upkeep
|turn|3
|c|☆SmolivStayStrong<3|oh
|c|☆SmolivStayStrong<3|mega
|c|☆SmolivStayStrong<3|i forgor
|
|t:|1783649300
|switch|p1b: Ariados|Ariados, L50, F|100/100
|detailschange|p1a: Chandelure|Chandelure-Mega, L50, F
|-mega|p1a: Chandelure|Chandelure|Chandelurite
|detailschange|p2a: Chesnaught|Chesnaught-Mega, L50, F, shiny
|-mega|p2a: Chesnaught|Chesnaught|Chesnaughtite
|move|p2a: Chesnaught|Wide Guard|p2a: Chesnaught
|-singleturn|p2a: Chesnaught|Wide Guard
|move|p1a: Chandelure|Heat Wave|p2a: Chesnaught|[spread] 
|-activate|p2a: Chesnaught|move: Wide Guard
|-activate|p2b: Klefki|move: Wide Guard
|move|p2b: Klefki|Foul Play|p1a: Chandelure
|-supereffective|p1a: Chandelure|1
|-damage|p1a: Chandelure|64/100
|
|upkeep
|turn|4
|
|t:|1783649328
|switch|p2a: Blastoise|Blastoise, L50, M|100/100
|move|p2b: Klefki|Light Screen|p2b: Klefki
|-sidestart|p2: SmolivStayStrong<3|move: Light Screen
|move|p1a: Chandelure|Heat Wave|p2b: Klefki|[spread] p2a,p2b
|-resisted|p2a: Blastoise|1
|-supereffective|p2b: Klefki|1
|-damage|p2a: Blastoise|75/100
|-damage|p2b: Klefki|0 fnt
|faint|p2b: Klefki
|move|p1b: Ariados|Cross Poison|p2a: Blastoise
|-damage|p2a: Blastoise|56/100
|
|upkeep
|
|t:|1783649338
|switch|p2b: Chandelure|Chandelure, L50, F|100/100
|turn|5
|
|t:|1783649355
|move|p1b: Ariados|Rage Powder|p1b: Ariados
|-singleturn|p1b: Ariados|move: Rage Powder
|move|p2b: Chandelure|Heat Wave|p1a: Chandelure|[spread] p1a,p1b
|-resisted|p1a: Chandelure|1
|-supereffective|p1b: Ariados|1
|-damage|p1a: Chandelure|43/100
|-damage|p1b: Ariados|1/100
|move|p1a: Chandelure|Shadow Ball|p2a: Blastoise
|-damage|p2a: Blastoise|7/100
|-enditem|p2a: Blastoise|Sitrus Berry|[eat]
|-heal|p2a: Blastoise|32/100|[from] item: Sitrus Berry
|move|p2a: Blastoise|Wave Crash|p1b: Ariados
|-damage|p1b: Ariados|0 fnt
|faint|p1b: Ariados
|-damage|p2a: Blastoise|31/100|[from] Recoil
|
|upkeep
|c|☆SmolivStayStrong<3|come ooooooooon
|
|t:|1783649367
|switch|p1b: Rotom|Rotom-Mow, L50|42/100
|turn|6
|c|☆SmolivStayStrong<3|natural focus sash
|
|t:|1783649400
|switch|p2a: Chesnaught|Chesnaught-Mega, L50, F, shiny|100/100
|move|p1b: Rotom|Electroweb|p2a: Chesnaught|[spread] p2a,p2b
|-resisted|p2a: Chesnaught|1
|-damage|p2a: Chesnaught|95/100
|-damage|p2b: Chandelure|85/100
|-unboost|p2a: Chesnaught|spe|1
|-unboost|p2b: Chandelure|spe|1
|move|p1a: Chandelure|Shadow Ball|p2b: Chandelure
|-supereffective|p2b: Chandelure|1
|-damage|p2b: Chandelure|0 fnt
|faint|p2b: Chandelure
|
|upkeep
|
|t:|1783649406
|switch|p2b: Blastoise|Blastoise, L50, M|31/100
|turn|7
|
|t:|1783649438
|switch|p1b: Garganacl|Garganacl, L50, F|100/100
|move|p1a: Chandelure|Protect|p1a: Chandelure
|-singleturn|p1a: Chandelure|Protect
|move|p2b: Blastoise|Fake Out|p1b: Garganacl
|-resisted|p1b: Garganacl|1
|-damage|p1b: Garganacl|96/100
|move|p2a: Chesnaught|Seed Bomb|p1a: Chandelure
|-activate|p1a: Chandelure|move: Protect
|
|-heal|p1b: Garganacl|100/100|[from] item: Leftovers
|upkeep
|turn|8
|
|t:|1783649452
|move|p1a: Chandelure|Shadow Ball|p2b: Blastoise
|-damage|p2b: Blastoise|0 fnt
|faint|p2b: Blastoise
|move|p1b: Garganacl|Salt Cure|p2a: Chesnaught
|-resisted|p2a: Chesnaught|1
|-damage|p2a: Chesnaught|90/100
|-start|p2a: Chesnaught|Salt Cure
|move|p2a: Chesnaught|Seed Bomb|p1a: Chandelure
|-resisted|p1a: Chandelure|1
|-damage|p1a: Chandelure|19/100
|
|-damage|p2a: Chesnaught|84/100|[from] Salt Cure
|upkeep
|turn|9
|-message|SmolivStayStrong<3 forfeited.
|
|win|Shaboogles
||SmolivStayStrong<3 is ready for game 2.
||Shaboogles is ready for game 2.
|uhtml|next|Next: Game 2 of 3
|l|☆Shaboogles
|player|p1|
|j|☆Shaboogles
|player|p1|Shaboogles|rosa|
