|j|вҳҶar1stoteles vgc
|j|вҳҶporygon-epilepz
|html|ar1stoteles vgcporygon-epilepz    
|uhtml|bestof|Game 2 of a best-of-3
|t:|1756299158
|gametype|doubles
|player|p1|ar1stoteles vgc|wallace|1171
|player|p2|porygon-epilepz|ghetsis-gen5bw|1091
|gen|9
|tier|[Gen 9] VGC 2025 Reg H (Bo3)
|rated|
|rule|Species Clause: Limit one of each PokГ©mon
|rule|Item Clause: Limit 1 of each item
|clearpoke
|poke|p1|Indeedee-F, L50, F|
|poke|p1|Hatterene, L50, F|
|poke|p1|Gallade, L50, M|
|poke|p1|Ursaluna, L50, M|
|poke|p1|Lilligant-Hisui, L50, F|
|poke|p1|Torkoal, L50, M|
|poke|p2|Farigiraf, L50, F|
|poke|p2|Incineroar, L50, M|
|poke|p2|Sneasler, L50, F|
|poke|p2|Pelipper, L50, F|
|poke|p2|Archaludon, L50, M|
|poke|p2|Porygon-Z, L50|
|teampreview|4
|showteam|p1|Indeedee-F||PsychicSeed|PsychicSurge|TrickRoom,FollowMe,HelpingHand,DazzlingGleam|||F|||50|,,,,,Fire]Hatterene||LifeOrb|MagicBounce|ExpandingForce,TrickRoom,DazzlingGleam,Protect|||F|||50|,,,,,Psychic]Gallade||ClearAmulet|Sharpness|PsychoCut,TrickRoom,SacredSword,WideGuard|||M|||50|,,,,,Grass]Ursaluna||FlameOrb|Guts|HeadlongRush,Facade,SwordsDance,Protect|||M|||50|,,,,,Ghost]Lilligant-Hisui||FocusSash|Chlorophyll|SolarBlade,SleepPowder,CloseCombat,AfterYou|||F|||50|,,,,,Ghost]Torkoal||ChoiceSpecs|Drought|Eruption,HeatWave,WeatherBall,EarthPower|||M|||50|,,,,,Fire
|showteam|p2|Farigiraf||ThroatSpray|ArmorTail|TrickRoom,HyperVoice,Psychic,HelpingHand|||F|||50|,,,,,Fairy]Incineroar||SafetyGoggles|Intimidate|FakeOut,KnockOff,PartingShot,Taunt|||M|||50|,,,,,Ghost]Sneasler||FocusSash|Unburden|DireClaw,CloseCombat,ThroatChop,FakeOut|||F|||50|,,,,,Dark]Pelipper||RockyHelmet|Drizzle|Hurricane,WeatherBall,Tailwind,Protect|||F|||50|,,,,,Grass]Archaludon||AssaultVest|Stamina|ElectroShot,FlashCannon,DracoMeteor,BodyPress|||M|||50|,,,,,Bug]Porygon-Z||ChoiceScarf|Adaptability|TeraBlast,HyperBeam,ShadowBall,Thunderbolt||||||50|,,,,,Fighting
|inactive|Battle timer is ON: inactive players will automatically lose when time's up. (requested by ar1stoteles vgc)
|j| P4sh1
|inactive|ar1stoteles vgc has 60 seconds left.
|
|t:|1756299194
|teamsize|p1|4
|teamsize|p2|4
|start
|switch|p1a: зҙ«з«Ҫи¶…еҸҜж„ӣ|Indeedee-F, L50, F, shiny|100/100
|switch|p1b: зҙ«з«Ҫж•ІеҸҜж„ӣ|Hatterene, L50, F, shiny|100/100
|switch|p2a: Sneasler|Sneasler, L50, F|100/100
|switch|p2b: Incineroar|Incineroar, L50, M|100/100
|-ability|p2b: Incineroar|Intimidate|boost
|-unboost|p1a: зҙ«з«Ҫи¶…еҸҜж„ӣ|atk|1
|-unboost|p1b: зҙ«з«Ҫж•ІеҸҜж„ӣ|atk|1
|-fieldstart|move: Psychic Terrain|[from] ability: Psychic Surge|[of] p1a: зҙ«з«Ҫи¶…еҸҜж„ӣ
|-enditem|p1a: зҙ«з«Ҫи¶…еҸҜж„ӣ|Psychic Seed
|-boost|p1a: зҙ«з«Ҫи¶…еҸҜж„ӣ|spd|1|[from] item: Psychic Seed
|turn|1
|
|t:|1756299205
|move|p1a: зҙ«з«Ҫи¶…еҸҜж„ӣ|Follow Me|p1a: зҙ«з«Ҫи¶…еҸҜж„ӣ
|-singleturn|p1a: зҙ«з«Ҫи¶…еҸҜж„ӣ|move: Follow Me
|move|p2a: Sneasler|Dire Claw|p1a: зҙ«з«Ҫи¶…еҸҜж„ӣ
|-damage|p1a: зҙ«з«Ҫи¶…еҸҜж„ӣ|60/100
|move|p2b: Incineroar|Taunt|p1a: зҙ«з«Ҫи¶…еҸҜж„ӣ
|-start|p1a: зҙ«з«Ҫи¶…еҸҜж„ӣ|move: Taunt
|move|p1b: зҙ«з«Ҫж•ІеҸҜж„ӣ|Trick Room|p1b: зҙ«з«Ҫж•ІеҸҜж„ӣ
|-fieldstart|move: Trick Room|[of] p1b: зҙ«з«Ҫж•ІеҸҜж„ӣ
|
|upkeep
|turn|2
|
|t:|1756299224
|switch|p1a: дёҖжӢіжңҲжңҲзҶҠ|Ursaluna, L50, M, shiny|100/100
|-terastallize|p2a: Sneasler|Dark
|move|p1b: зҙ«з«Ҫж•ІеҸҜж„ӣ|Protect|p1b: зҙ«з«Ҫж•ІеҸҜж„ӣ
|-singleturn|p1b: зҙ«з«Ҫж•ІеҸҜж„ӣ|Protect
|move|p2b: Incineroar|Knock Off|p1b: зҙ«з«Ҫж•ІеҸҜж„ӣ
|-activate|p1b: зҙ«з«Ҫж•ІеҸҜж„ӣ|move: Protect
|move|p2a: Sneasler|Throat Chop|p1a: дёҖжӢіжңҲжңҲзҶҠ
|-damage|p1a: дёҖжӢіжңҲжңҲзҶҠ|67/100
|-start|p1a: дёҖжӢіжңҲжңҲзҶҠ|Throat Chop|[silent]
|
|-status|p1a: дёҖжӢіжңҲжңҲзҶҠ|brn|[from] item: Flame Orb
|upkeep
|turn|3
|inactive|ar1stoteles vgc has 30 seconds left.
|inactive|porygon-epilepz has 30 seconds left.
|inactive|porygon-epilepz has 20 seconds left.
|inactive|porygon-epilepz has 15 seconds left.
|
|t:|1756299265
|switch|p2a: Archaludon|Archaludon, L50, M|100/100
|move|p1b: зҙ«з«Ҫж•ІеҸҜж„ӣ|Dazzling Gleam|p2b: Incineroar|[spread] p2a,p2b
|-damage|p2a: Archaludon|67/100
|-damage|p2b: Incineroar|62/100
|-ability|p2a: Archaludon|Stamina|boost
|-boost|p2a: Archaludon|def|1
|-damage|p1b: зҙ«з«Ҫж•ІеҸҜж„ӣ|91/100|[from] item: Life Orb
|move|p1a: дёҖжӢіжңҲжңҲзҶҠ|Facade|p2a: Archaludon
|-resisted|p2a: Archaludon
|-damage|p2a: Archaludon|37/100
|-ability|p2a: Archaludon|Stamina|boost
|-boost|p2a: Archaludon|def|1
|move|p2b: Incineroar|Parting Shot|p1a: дёҖжӢіжңҲжңҲзҶҠ
|-unboost|p1a: дёҖжӢіжңҲжңҲзҶҠ|atk|1
|-unboost|p1a: дёҖжӢіжңҲжңҲзҶҠ|spa|1
|
|t:|1756299279
|switch|p2b: Pelipper|Pelipper, L50, F|100/100|[from] Parting Shot
|-weather|RainDance|[from] ability: Drizzle|[of] p2b: Pelipper
|
|-weather|RainDance|[upkeep]
|-damage|p1a: дёҖжӢіжңҲжңҲзҶҠ|61/100 brn|[from] brn
|-end|p1a: дёҖжӢіжңҲжңҲзҶҠ|Throat Chop|[silent]
|upkeep
|turn|4
|
|t:|1756299292
|switch|p2a: Incineroar|Incineroar, L50, M|62/100
|-ability|p2a: Incineroar|Intimidate|boost
|-unboost|p1a: дёҖжӢіжңҲжңҲзҶҠ|atk|1
|-unboost|p1b: зҙ«з«Ҫж•ІеҸҜж„ӣ|atk|1
|-terastallize|p1b: зҙ«з«Ҫж•ІеҸҜж„ӣ|Psychic
|move|p1b: зҙ«з«Ҫж•ІеҸҜж„ӣ|Expanding Force|p2b: Pelipper|[spread] p2b
|-immune|p2a: Incineroar
|-damage|p2b: Pelipper|0 fnt
|faint|p2b: Pelipper
|-damage|p1b: зҙ«з«Ҫж•ІеҸҜж„ӣ|82/100|[from] item: Life Orb
|move|p1a: дёҖжӢіжңҲжңҲзҶҠ|Facade|p2a: Incineroar
|-damage|p2a: Incineroar|8/100
|
|-weather|RainDance|[upkeep]
|-damage|p1a: дёҖжӢіжңҲжңҲзҶҠ|55/100 brn|[from] brn
|upkeep
|
|t:|1756299308
|switch|p2b: Sneasler|Sneasler, L50, F, tera:Dark|100/100
|turn|5
|
|t:|1756299315
|move|p1b: зҙ«з«Ҫж•ІеҸҜж„ӣ|Protect|p1b: зҙ«з«Ҫж•ІеҸҜж„ӣ
|-singleturn|p1b: зҙ«з«Ҫж•ІеҸҜж„ӣ|Protect
|move|p1a: дёҖжӢіжңҲжңҲзҶҠ|Protect|p1a: дёҖжӢіжңҲжңҲзҶҠ
|-singleturn|p1a: дёҖжӢіжңҲжңҲзҶҠ|Protect
|move|p2a: Incineroar|Knock Off|p1a: дёҖжӢіжңҲжңҲзҶҠ
|-activate|p1a: дёҖжӢіжңҲжңҲзҶҠ|move: Protect
|move|p2b: Sneasler|Throat Chop|p1b: зҙ«з«Ҫж•ІеҸҜж„ӣ
|-activate|p1b: зҙ«з«Ҫж•ІеҸҜж„ӣ|move: Protect
|
|-weather|RainDance|[upkeep]
|-damage|p1a: дёҖжӢіжңҲжңҲзҶҠ|49/100 brn|[from] brn
|-fieldend|move: Trick Room
|-fieldend|move: Psychic Terrain
|upkeep
|turn|6
|inactive|ar1stoteles vgc has 30 seconds left.
|inactive|ar1stoteles vgc has 20 seconds left.
|
|t:|1756299352
|move|p2b: Sneasler|Close Combat|p1a: дёҖжӢіжңҲжңҲзҶҠ
|-supereffective|p1a: дёҖжӢіжңҲжңҲзҶҠ
|-damage|p1a: дёҖжӢіжңҲжңҲзҶҠ|0 fnt
|-unboost|p2b: Sneasler|def|1
|-unboost|p2b: Sneasler|spd|1
|faint|p1a: дёҖжӢіжңҲжңҲзҶҠ
|move|p2a: Incineroar|Knock Off|p1b: зҙ«з«Ҫж•ІеҸҜж„ӣ
|-supereffective|p1b: зҙ«з«Ҫж•ІеҸҜж„ӣ
|-damage|p1b: зҙ«з«Ҫж•ІеҸҜж„ӣ|0 fnt
|-enditem|p1b: зҙ«з«Ҫж•ІеҸҜж„ӣ|Life Orb|[from] move: Knock Off|[of] p2a: Incineroar
|faint|p1b: зҙ«з«Ҫж•ІеҸҜж„ӣ
|
|-weather|RainDance|[upkeep]
|upkeep
|
|t:|1756299356
|switch|p1a: зҙ«з«Ҫи¶…еҸҜж„ӣ|Indeedee-F, L50, F, shiny|60/100
|switch|p1b: еӨӘжЁӮе·ҙжҲҲж–Ҝ|Torkoal, L50, M, shiny|100/100
|-fieldstart|move: Psychic Terrain|[from] ability: Psychic Surge|[of] p1a: зҙ«з«Ҫи¶…еҸҜж„ӣ
|-weather|SunnyDay|[from] ability: Drought|[of] p1b: еӨӘжЁӮе·ҙжҲҲж–Ҝ
|turn|7
|inactive|porygon-epilepz has 30 seconds left.
|
|t:|1756299383
|move|p1a: зҙ«з«Ҫи¶…еҸҜж„ӣ|Follow Me|p1a: зҙ«з«Ҫи¶…еҸҜж„ӣ
|-singleturn|p1a: зҙ«з«Ҫи¶…еҸҜж„ӣ|move: Follow Me
|move|p2b: Sneasler|Throat Chop|p1a: зҙ«з«Ҫи¶…еҸҜж„ӣ
|-supereffective|p1a: зҙ«з«Ҫи¶…еҸҜж„ӣ
|-damage|p1a: зҙ«з«Ҫи¶…еҸҜж„ӣ|0 fnt
|faint|p1a: зҙ«з«Ҫи¶…еҸҜж„ӣ
|move|p2a: Incineroar|Knock Off|p1b: еӨӘжЁӮе·ҙжҲҲж–Ҝ
|-damage|p1b: еӨӘжЁӮе·ҙжҲҲж–Ҝ|73/100
|-enditem|p1b: еӨӘжЁӮе·ҙжҲҲж–Ҝ|Choice Specs|[from] move: Knock Off|[of] p2a: Incineroar
|move|p1b: еӨӘжЁӮе·ҙжҲҲж–Ҝ|Heat Wave|p2b: Sneasler|[spread] p2a,p2b
|-resisted|p2a: Incineroar
|-damage|p2a: Incineroar|0 fnt
|-damage|p2b: Sneasler|4/100
|faint|p2a: Incineroar
|
|-weather|SunnyDay|[upkeep]
|upkeep
|
|t:|1756299394
|switch|p2a: Archaludon|Archaludon, L50, M|37/100
|turn|8
|
|t:|1756299398
|move|p2b: Sneasler|Close Combat|p1b: еӨӘжЁӮе·ҙжҲҲж–Ҝ
|-damage|p1b: еӨӘжЁӮе·ҙжҲҲж–Ҝ|26/100
|-unboost|p2b: Sneasler|def|1
|-unboost|p2b: Sneasler|spd|1
|move|p2a: Archaludon|Draco Meteor|p1b: еӨӘжЁӮе·ҙжҲҲж–Ҝ
|-damage|p1b: еӨӘжЁӮе·ҙжҲҲж–Ҝ|0 fnt
|-unboost|p2a: Archaludon|spa|2
|faint|p1b: еӨӘжЁӮе·ҙжҲҲж–Ҝ
|
|win|porygon-epilepz
