|j|☆Lorido
|j|☆Gottkomplexe
|html|LoridoGottkomplexe    
|uhtml|bestof|Game 1 of a best-of-3
|t:|1785348395
|gametype|doubles
|player|p1|Lorido|170|
|player|p2|Gottkomplexe|ilima|
|gen|9
|tier|[Gen 9 Champions] VGC 2026 Reg M-B (Bo3)
|rule|Species Clause: Limit one of each Pokémon
|rule|Item Clause: Limit 1 of each item
|clearpoke
|poke|p1|Delphox, L50, F|
|poke|p1|Incineroar, L50, F|
|poke|p1|Floette-Eternal, L50, F|
|poke|p1|Kingambit, L50, F|
|poke|p1|Sinistcha, L50|
|poke|p1|Sneasler, L50, M|
|poke|p2|Staraptor, L50, M|
|poke|p2|Charizard, L50, M|
|poke|p2|Glimmora, L50, M|
|poke|p2|Whimsicott, L50, F|
|poke|p2|Basculegion, L50, M|
|poke|p2|Garchomp, L50, M|
|teampreview|4
|showteam|p1|Delphox||Delphoxite|Blaze|HeatWave,Psychic,NastyPlot,Protect|Timid||F|||50|]Incineroar||SitrusBerry|Intimidate|FlareBlitz,DarkestLariat,FakeOut,PartingShot|Careful||F|||50|]Floette-Eternal||Floettite|FlowerVeil|DazzlingGleam,DrainingKiss,CalmMind,Protect|Bold||F|||50|]Kingambit||BlackGlasses|Defiant|KowtowCleave,SuckerPunch,IronHead,Protect|Adamant||F|||50|]Sinistcha||OccaBerry|Hospitality|MatchaGotcha,RagePowder,TrickRoom,Protect|Bold|||||50|]Sneasler||FocusSash|PoisonTouch|CloseCombat,PoisonJab,FakeOut,QuickGuard|Jolly||M|||50|
|showteam|p2|Staraptor||Staraptite|Intimidate|DualWingbeat,CloseCombat,Tailwind,Protect|Jolly||M|||50|]Charizard||CharizarditeY|Blaze|HeatWave,SolarBeam,WeatherBall,Protect|Modest||M|||50|]Glimmora||FocusSash|ToxicDebris|PowerGem,SludgeBomb,EarthPower,SpikyShield|Modest||M|||50|]Whimsicott||LifeOrb|Prankster|Moonblast,Encore,Tailwind,Protect|Modest||F|||50|]Basculegion||ChoiceScarf|Adaptability|WaveCrash,LastRespects,AquaJet,FlipTurn|Jolly||M|||50|]Garchomp||SitrusBerry|RoughSkin|Earthquake,RockSlide,PoisonJab,Protect|Adamant||M|||50|
|inactive|Battle timer is ON: inactive players will automatically lose when time's up. (requested by Lorido)
|inactive|Gottkomplexe also wants the timer to be on.
|c|☆Gottkomplexe|gl hf
|c|☆Lorido|glhf!
|inactive|Lorido has 60 seconds left.
|inactive|Lorido has 30 seconds left.
|inactive|Lorido has 20 seconds left.
|inactive|Lorido has 15 seconds left.
|inactive|Lorido has 10 seconds left.
|
|t:|1785348475
|teamsize|p1|4
|teamsize|p2|4
|start
|switch|p1a: Floette|Floette-Eternal, L50, F|100/100
|switch|p1b: Sinistcha|Sinistcha, L50|100/100
|switch|p2a: Basculegion|Basculegion, L50, M|100/100
|switch|p2b: Glimmora|Glimmora, L50, M|100/100
|turn|1
|inactive|Lorido has 30 seconds left.
|
|t:|1785348508
|move|p1a: Floette|Protect|p1a: Floette
|-singleturn|p1a: Floette|Protect
|move|p2a: Basculegion|Flip Turn|p1b: Sinistcha
|-resisted|p1b: Sinistcha|1
|-crit|p1b: Sinistcha
|-damage|p1b: Sinistcha|76/100
|
|t:|1785348516
|switch|p2a: Whimsicott|Whimsicott, L50, F|100/100|[from] Flip Turn
|move|p2b: Glimmora|Sludge Bomb|p1a: Floette
|-activate|p1a: Floette|move: Protect
|move|p1b: Sinistcha|Trick Room|p1b: Sinistcha
|-fieldstart|move: Trick Room|[of] p1b: Sinistcha
|
|upkeep
|turn|2
|inactive|Lorido has 30 seconds left.
|inactive|Lorido has 20 seconds left.
|inactive|Lorido has 15 seconds left.
|
|t:|1785348559
|detailschange|p1a: Floette|Floette-Mega, L50, F
|-mega|p1a: Floette|Floette|Floettite
|-ability|p1a: Floette|Fairy Aura
|move|p2a: Whimsicott|Encore|p1b: Sinistcha
|-start|p1b: Sinistcha|Encore
|move|p1a: Floette|Calm Mind|p1a: Floette
|-boost|p1a: Floette|spa|1
|-boost|p1a: Floette|spd|1
|move|p2b: Glimmora|Earth Power|p1a: Floette
|-crit|p1a: Floette
|-damage|p1a: Floette|64/100
|move|p1b: Sinistcha|Trick Room|p1b: Sinistcha
|-fieldend|move: Trick Room
|
|upkeep
|turn|3
|
|t:|1785348578
|switch|p1b: Incineroar|Incineroar, L50, F|100/100
|-ability|p1b: Incineroar|Intimidate|boost
|-unboost|p2a: Whimsicott|atk|1
|-unboost|p2b: Glimmora|atk|1
|move|p1a: Floette|Protect|p1a: Floette
|-singleturn|p1a: Floette|Protect
|move|p2a: Whimsicott|Encore|p1a: Floette
|-activate|p1a: Floette|move: Protect
|move|p2b: Glimmora|Sludge Bomb|p1b: Incineroar
|-damage|p1b: Incineroar|60/100
|
|upkeep
|turn|4
|
|t:|1785348600
|move|p1b: Incineroar|Fake Out|p2a: Whimsicott
|-damage|p2a: Whimsicott|84/100
|cant|p2a: Whimsicott|flinch
|move|p2b: Glimmora|Sludge Bomb|p1a: Floette
|-supereffective|p1a: Floette|1
|-damage|p1a: Floette|13/100
|move|p1a: Floette|Draining Kiss|p2b: Glimmora
|-resisted|p2b: Glimmora|1
|-damage|p2b: Glimmora|64/100
|-heal|p1a: Floette|37/100|[from] drain|[of] p2b: Glimmora
|
|upkeep
|turn|5
|inactive|Lorido has 30 seconds left.
|inactive|Lorido has 20 seconds left.
|
|t:|1785348639
|move|p2a: Whimsicott|Moonblast|p1b: Incineroar
|-damage|p1b: Incineroar|12/100
|-enditem|p1b: Incineroar|Sitrus Berry|[eat]
|-heal|p1b: Incineroar|37/100|[from] item: Sitrus Berry
|-damage|p2a: Whimsicott|75/100|[from] item: Life Orb
|move|p2b: Glimmora|Power Gem|p1b: Incineroar
|-supereffective|p1b: Incineroar|1
|-damage|p1b: Incineroar|0 fnt
|faint|p1b: Incineroar
|move|p1a: Floette|Calm Mind|p1a: Floette
|-boost|p1a: Floette|spa|1
|-boost|p1a: Floette|spd|1
|
|upkeep
|
|t:|1785348647
|switch|p1b: Sinistcha|Sinistcha, L50|76/100
|-heal|p1a: Floette|62/100|[from] ability: Hospitality|[of] p1b: Sinistcha
|turn|6
|
|t:|1785348671
|move|p1a: Floette|Protect|p1a: Floette
|-singleturn|p1a: Floette|Protect
|move|p2a: Whimsicott|Encore|p1a: Floette
|-activate|p1a: Floette|move: Protect
|move|p2b: Glimmora|Sludge Bomb|p1b: Sinistcha
|-damage|p1b: Sinistcha|25/100
|move|p1b: Sinistcha|Trick Room|p1b: Sinistcha
|-fieldstart|move: Trick Room|[of] p1b: Sinistcha
|
|upkeep
|turn|7
|inactive|Lorido has 30 seconds left.
|
|t:|1785348696
|move|p2a: Whimsicott|Encore|p1a: Floette
|-start|p1a: Floette|Encore
|move|p1a: Floette|Protect||[still]
|-fail|p1a: Floette
|move|p1b: Sinistcha|Matcha Gotcha|p2b: Glimmora|[spread] p2a
|-miss|p1b: Sinistcha|p2b: Glimmora
|-resisted|p2a: Whimsicott|1
|-damage|p2a: Whimsicott|55/100
|-heal|p1b: Sinistcha|33/100|[from] drain|[of] p2a: Whimsicott
|-status|p2a: Whimsicott|brn
|move|p2b: Glimmora|Sludge Bomb|p1b: Sinistcha
|-damage|p1b: Sinistcha|0 fnt
|faint|p1b: Sinistcha
|
|-damage|p2a: Whimsicott|48/100 brn|[from] brn
|upkeep
|
|t:|1785348709
|switch|p1b: Sneasler|Sneasler, L50, M|100/100
|turn|8
|
|t:|1785348717
|switch|p2a: Basculegion|Basculegion, L50, M|100/100
|move|p1a: Floette|Protect|p1a: Floette
|-singleturn|p1a: Floette|Protect
|move|p2b: Glimmora|Spiky Shield|p2b: Glimmora
|-singleturn|p2b: Glimmora|move: Protect
|move|p1b: Sneasler|Close Combat|p2b: Glimmora
|-activate|p2b: Glimmora|move: Protect
|-damage|p1b: Sneasler|87/100|[from] Spiky Shield|[of] p2b: Glimmora
|
|upkeep
|turn|9
|
|t:|1785348727
|move|p1a: Floette|Protect|p1a: Floette
|-singleturn|p1a: Floette|Protect
|move|p2b: Glimmora|Sludge Bomb|p1a: Floette
|-activate|p1a: Floette|move: Protect
|move|p1b: Sneasler|Poison Jab|p2a: Basculegion
|-resisted|p2a: Basculegion|1
|-damage|p2a: Basculegion|74/100
|move|p2a: Basculegion|Wave Crash|p1a: Floette
|-activate|p1a: Floette|move: Protect
|
|-end|p1a: Floette|Encore
|upkeep
|turn|10
|
|t:|1785348746
|switch|p2a: Whimsicott|Whimsicott, L50, F|48/100 brn
|move|p2b: Glimmora|Spiky Shield|p2b: Glimmora
|-singleturn|p2b: Glimmora|move: Protect
|move|p1a: Floette|Draining Kiss|p2a: Whimsicott
|-damage|p2a: Whimsicott|0 fnt
|-heal|p1a: Floette|93/100|[from] drain|[of] p2a: Whimsicott
|faint|p2a: Whimsicott
|move|p1b: Sneasler|Close Combat|p2b: Glimmora
|-activate|p2b: Glimmora|move: Protect
|-damage|p1b: Sneasler|75/100|[from] Spiky Shield|[of] p2b: Glimmora
|
|-fieldend|move: Trick Room
|upkeep
|
|t:|1785348755
|switch|p2a: Basculegion|Basculegion, L50, M|74/100
|turn|11
|inactive|Lorido has 30 seconds left.
|
|t:|1785348781
|move|p2a: Basculegion|Wave Crash|p1b: Sneasler
|-damage|p1b: Sneasler|0 fnt
|faint|p1b: Sneasler
|-damage|p2a: Basculegion|54/100|[from] Recoil
|move|p2b: Glimmora|Sludge Bomb|p1a: Floette
|-supereffective|p1a: Floette|1
|-damage|p1a: Floette|58/100
|move|p1a: Floette|Dazzling Gleam|p2b: Glimmora|[spread] p2a,p2b
|-resisted|p2b: Glimmora|1
|-damage|p2a: Basculegion|0 fnt
|-damage|p2b: Glimmora|13/100
|faint|p2a: Basculegion
|
|upkeep
|
|t:|1785348791
|switch|p2a: Charizard|Charizard, L50, M|100/100
|turn|12
|inactive|Lorido has 30 seconds left.
|
|t:|1785348824
|detailschange|p2a: Charizard|Charizard-Mega-Y, L50, M
|-mega|p2a: Charizard|Charizard|Charizardite Y
|-weather|SunnyDay|[from] ability: Drought|[of] p2a: Charizard
|move|p2a: Charizard|Weather Ball|p1a: Floette
|-damage|p1a: Floette|26/100
|move|p2b: Glimmora|Sludge Bomb|p1a: Floette
|-supereffective|p1a: Floette|1
|-damage|p1a: Floette|0 fnt
|faint|p1a: Floette
|
|win|Gottkomplexe
