|j|☆3rdPlaceTennis
|j|☆yassineVGC
|html|3rdPlaceTennisyassineVGC    
|uhtml|bestof|Game 2 of a best-of-3
|t:|1756679899
|gametype|doubles
|player|p1|3rdPlaceTennis|bugcatcher-gen4dp|1117
|player|p2|yassineVGC|hilbert|1088
|gen|9
|tier|[Gen 9] VGC 2025 Reg H (Bo3)
|rated|
|rule|Species Clause: Limit one of each Pokémon
|rule|Item Clause: Limit 1 of each item
|clearpoke
|poke|p1|Dragonite, L50, M|
|poke|p1|Gholdengo, L50|
|poke|p1|Rillaboom, L50, F|
|poke|p1|Ursaluna-Bloodmoon, L50, M|
|poke|p1|Maushold-Four, L50|
|poke|p1|Annihilape, L50, M|
|poke|p2|Dragapult, L50, M|
|poke|p2|Sneasler, L50, F|
|poke|p2|Electabuzz, L50, M|
|poke|p2|Kingambit, L50, M|
|poke|p2|Rillaboom, L50, M|
|poke|p2|Primarina, L50, F|
|teampreview|4
|showteam|p1|Dragonite||LoadedDice|Multiscale|Tailwind,Haze,Protect,ScaleShot|||M|||50|,,,,,Fairy]Gholdengo||LifeOrb|GoodasGold|MakeItRain,ShadowBall,NastyPlot,Protect||||||50|,,,,,Water]Rillaboom||MiracleSeed|GrassySurge|WoodHammer,GrassyGlide,FakeOut,HighHorsepower|||F|||50|,,,,,Fire]Ursaluna-Bloodmoon||AssaultVest|MindsEye|BloodMoon,EarthPower,VacuumWave,HyperVoice|||M|||50|,,,,,Water]Maushold-Four||FocusSash|FriendGuard|SuperFang,FollowMe,BeatUp,Protect||||||50|,,,,,Ghost]Annihilape||SitrusBerry|Defiant|RageFist,DrainPunch,BulkUp,Protect|||M|||50|,,,,,Fire
|showteam|p2|Dragapult||ChoiceBand|ClearBody|DragonDarts,TeraBlast,PhantomForce,Uturn|||M|||50|,,,,,Ghost]Sneasler||FocusSash|Unburden|FakeOut,Protect,DireClaw,CloseCombat|||F|||50|,,,,,Stellar]Electabuzz||Eviolite|VitalSpirit|FollowMe,Protect,Electroweb,Taunt|||M|||50|,,,,,Ghost]Kingambit||BlackGlasses|Defiant|Protect,SwordsDance,SuckerPunch,KowtowCleave|||M|||50|,,,,,Ghost]Rillaboom||AssaultVest|GrassySurge|FakeOut,GrassyGlide,WoodHammer,HighHorsepower|||M|||50|,,,,,Fire]Primarina||SitrusBerry|LiquidVoice|Moonblast,HyperVoice,Protect,Haze|||F|||50|,,,,,Water
|inactive|Battle timer is ON: inactive players will automatically lose when time's up. (requested by yassineVGC)
|
|t:|1756679929
|teamsize|p1|4
|teamsize|p2|4
|start
|switch|p1a: Annihilape|Annihilape, L50, M|100/100
|switch|p1b: Maushold|Maushold-Four, L50|100/100
|switch|p2a: Dragapult|Dragapult, L50, M|100/100
|switch|p2b: Sneasler|Sneasler, L50, F|100/100
|turn|1
|inactive|3rdPlaceTennis has 30 seconds left.
|inactive|yassineVGC has 30 seconds left.
|
|t:|1756679962
|move|p1b: Maushold|Follow Me|p1b: Maushold
|-singleturn|p1b: Maushold|move: Follow Me
|move|p2a: Dragapult|Phantom Force||[still]
|-prepare|p2a: Dragapult|Phantom Force
|move|p2b: Sneasler|Close Combat|p1b: Maushold
|-supereffective|p1b: Maushold
|-enditem|p1b: Maushold|Focus Sash
|-damage|p1b: Maushold|1/100
|-unboost|p2b: Sneasler|def|1
|-unboost|p2b: Sneasler|spd|1
|move|p1a: Annihilape|Rage Fist|p2a: Dragapult|[miss]
|-miss|p1a: Annihilape|p2a: Dragapult
|
|upkeep
|turn|2
|inactive|yassineVGC has 30 seconds left.
|inactive|yassineVGC has 20 seconds left.
|
|t:|1756679997
|move|p1b: Maushold|Follow Me|p1b: Maushold
|-singleturn|p1b: Maushold|move: Follow Me
|move|p2a: Dragapult|Phantom Force|p1b: Maushold|[from] lockedmove
|-immune|p1b: Maushold
|move|p2b: Sneasler|Dire Claw|p1b: Maushold
|-damage|p1b: Maushold|0 fnt
|faint|p1b: Maushold
|move|p1a: Annihilape|Rage Fist|p2a: Dragapult
|-supereffective|p2a: Dragapult
|-damage|p2a: Dragapult|35/100
|
|upkeep
|
|t:|1756680008
|switch|p1b: Dragonite|Dragonite, L50, M|100/100
|turn|3
|
|t:|1756680025
|move|p2b: Sneasler|Protect|p2b: Sneasler
|-singleturn|p2b: Sneasler|Protect
|move|p2a: Dragapult|Phantom Force||[still]
|-prepare|p2a: Dragapult|Phantom Force
|move|p1a: Annihilape|Bulk Up|p1a: Annihilape
|-boost|p1a: Annihilape|atk|1
|-boost|p1a: Annihilape|def|1
|move|p1b: Dragonite|Scale Shot|p2b: Sneasler
|-activate|p2b: Sneasler|move: Protect
|
|upkeep
|turn|4
|inactive|3rdPlaceTennis has 30 seconds left.
|inactive|3rdPlaceTennis has 20 seconds left.
|
|t:|1756680063
|-terastallize|p1a: Annihilape|Fire
|move|p2a: Dragapult|Phantom Force|p1b: Dragonite|[from] lockedmove
|-damage|p1b: Dragonite|62/100
|move|p2b: Sneasler|Dire Claw|p1b: Dragonite
|-damage|p1b: Dragonite|11/100
|-status|p1b: Dragonite|slp
|move|p1a: Annihilape|Rage Fist|p2a: Dragapult
|-supereffective|p2a: Dragapult
|-damage|p2a: Dragapult|0 fnt
|faint|p2a: Dragapult
|cant|p1b: Dragonite|slp
|
|upkeep
|
|t:|1756680083
|switch|p2a: Electabuzz|Electabuzz, L50, M|100/100
|turn|5
|
|t:|1756680107
|move|p2a: Electabuzz|Follow Me|p2a: Electabuzz
|-singleturn|p2a: Electabuzz|move: Follow Me
|move|p2b: Sneasler|Close Combat|p1b: Dragonite
|-resisted|p1b: Dragonite
|-damage|p1b: Dragonite|0 fnt
|-unboost|p2b: Sneasler|def|1
|-unboost|p2b: Sneasler|spd|1
|faint|p1b: Dragonite
|move|p1a: Annihilape|Drain Punch|p2a: Electabuzz
|-damage|p2a: Electabuzz|62/100
|
|upkeep
|
|t:|1756680124
|switch|p1b: Ursaluna|Ursaluna-Bloodmoon, L50, M|100/100
|turn|6
|inactive|yassineVGC has 30 seconds left.
|
|t:|1756680154
|move|p2a: Electabuzz|Follow Me|p2a: Electabuzz
|-singleturn|p2a: Electabuzz|move: Follow Me
|move|p2b: Sneasler|Close Combat|p1b: Ursaluna
|-supereffective|p1b: Ursaluna
|-damage|p1b: Ursaluna|5/100
|-unboost|p2b: Sneasler|def|1
|-unboost|p2b: Sneasler|spd|1
|move|p1a: Annihilape|Bulk Up|p1a: Annihilape
|-boost|p1a: Annihilape|atk|1
|-boost|p1a: Annihilape|def|1
|move|p1b: Ursaluna|Hyper Voice|p2a: Electabuzz|[spread] p2a,p2b
|-damage|p2a: Electabuzz|34/100
|-enditem|p2b: Sneasler|Focus Sash
|-damage|p2b: Sneasler|1/100
|
|upkeep
|turn|7
|inactive|3rdPlaceTennis has 30 seconds left.
|inactive|3rdPlaceTennis has 20 seconds left.
|inactive|3rdPlaceTennis has 15 seconds left.
|inactive|3rdPlaceTennis has 10 seconds left.
|inactive|3rdPlaceTennis has 5 seconds left.
|
|t:|1756680209
|move|p2a: Electabuzz|Follow Me|p2a: Electabuzz
|-singleturn|p2a: Electabuzz|move: Follow Me
|move|p2b: Sneasler|Dire Claw|p1b: Ursaluna
|-resisted|p1b: Ursaluna
|-damage|p1b: Ursaluna|0 fnt
|faint|p1b: Ursaluna
|move|p1a: Annihilape|Rage Fist|p2a: Electabuzz
|-damage|p2a: Electabuzz|0 fnt
|faint|p2a: Electabuzz
|
|upkeep
|
|t:|1756680218
|switch|p2a: Kingambit|Kingambit, L50, M|100/100
|turn|8
|
|t:|1756680227
|move|p2a: Kingambit|Protect|p2a: Kingambit
|-singleturn|p2a: Kingambit|Protect
|move|p2b: Sneasler|Dire Claw|p1a: Annihilape
|-damage|p1a: Annihilape|78/100
|-status|p1a: Annihilape|psn
|move|p1a: Annihilape|Drain Punch|p2a: Kingambit
|-activate|p2a: Kingambit|move: Protect
|
|-damage|p1a: Annihilape|66/100 psn|[from] psn
|upkeep
|turn|9
|
|t:|1756680244
|-terastallize|p2a: Kingambit|Ghost
|move|p2b: Sneasler|Dire Claw|p1a: Annihilape
|-damage|p1a: Annihilape|43/100 psn
|-enditem|p1a: Annihilape|Sitrus Berry|[eat]
|-heal|p1a: Annihilape|68/100 psn|[from] item: Sitrus Berry
|move|p1a: Annihilape|Drain Punch|p2a: Kingambit
|-immune|p2a: Kingambit
|move|p2a: Kingambit|Kowtow Cleave|p1a: Annihilape
|-damage|p1a: Annihilape|38/100 psn
|
|-damage|p1a: Annihilape|25/100 psn|[from] psn
|upkeep
|turn|10
|
|t:|1756680264
|move|p2a: Kingambit|Sucker Punch|p1a: Annihilape
|-damage|p1a: Annihilape|0 fnt
|faint|p1a: Annihilape
|
|win|yassineVGC
|raw|3rdPlaceTennis's rating: 1117 → 1090(-27 for losing)
|raw|yassineVGC's rating: 1088 → 1117(+29 for winning)
