|j|☆ZephyrBreezy
|j|☆entei enthusiast
|html|ZephyrBreezyentei enthusiast    
|uhtml|bestof|Game 3 of a best-of-3
|t:|1783021719
|gametype|doubles
|player|p1|ZephyrBreezy|miku-water|1027
|player|p2|entei enthusiast|kamado-armor|1045
|gen|9
|tier|[Gen 9 Champions] VGC 2026 Reg M-B (Bo3)
|rated|
|rule|Species Clause: Limit one of each Pokémon
|rule|Item Clause: Limit 1 of each item
|clearpoke
|poke|p1|Chandelure, L50, M|
|poke|p1|Staraptor, L50, F|
|poke|p1|Annihilape, L50, M|
|poke|p1|Maushold, L50|
|poke|p1|Aerodactyl, L50, F|
|poke|p1|Farigiraf, L50, M|
|poke|p2|Gyarados, L50, F, shiny|
|poke|p2|Floette-Eternal, L50, F|
|poke|p2|Sneasler, L50, M|
|poke|p2|Sinistcha, L50|
|poke|p2|Garchomp, L50, F|
|poke|p2|Incineroar, L50, F|
|teampreview|4
|showteam|p1|Chandelure||Chandelurite|FlashFire|HeatWave,ShadowBall,CalmMind,Protect|Modest||M|||50|]Staraptor||ChoiceScarf|Intimidate|FinalGambit,BraveBird,CloseCombat,DoubleEdge|Jolly||F|||50|]Annihilape||Leftovers|Defiant|RageFist,DrainPunch,BulkUp,Protect|Adamant||M|||50|]Maushold||FocusSash|FriendGuard|FollowMe,HelpingHand,BeatUp,SuperFang|Jolly|||||50|]Aerodactyl||Aerodactylite|Unnerve|RockSlide,Tailwind,WideGuard,DualWingbeat|Jolly||F|||50|]Farigiraf||ColburBerry|ArmorTail|TwinBeam,TrickRoom,HelpingHand,HyperVoice|Modest||M|||50|
|showteam|p2|Gyarados||Gyaradosite|Intimidate|Waterfall,LashOut,DragonDance,Protect|Adamant||F|||50|]Floette-Eternal||Floettite|FlowerVeil|DrainingKiss,DazzlingGleam,CalmMind,Protect|Timid||F|||50|]Sneasler||FocusSash|PoisonTouch|CloseCombat,DireClaw,FakeOut,Coaching|Jolly||M|||50|]Sinistcha||SitrusBerry|Hospitality|MatchaGotcha,LifeDew,RagePowder,Protect|Calm|||||50|]Garchomp||LifeOrb|RoughSkin|DragonClaw,RockSlide,Earthquake,Protect|Jolly||F|||50|]Incineroar||PasshoBerry|Intimidate|FlareBlitz,FakeOut,PartingShot,Taunt|Careful||F|||50|
|inactive|Battle timer is ON: inactive players will automatically lose when time's up. (requested by ZephyrBreezy)
|inactive|entei enthusiast also wants the timer to be on.
|
|t:|1783021750
|teamsize|p1|4
|teamsize|p2|4
|start
|switch|p1a: Chandelure|Chandelure, L50, M|100/100
|switch|p1b: Staraptor|Staraptor, L50, F|100/100
|switch|p2a: Floette|Floette-Eternal, L50, F|100/100
|switch|p2b: Sneasler|Sneasler, L50, M|100/100
|-ability|p1b: Staraptor|Intimidate|boost
|-unboost|p2a: Floette|atk|1
|-unboost|p2b: Sneasler|atk|1
|turn|1
|
|t:|1783021773
|switch|p1b: Aerodactyl|Aerodactyl, L50, F|100/100
|-ability|p1b: Aerodactyl|Unnerve
|detailschange|p2a: Floette|Floette-Mega, L50, F
|-mega|p2a: Floette|Floette|Floettite
|-ability|p2a: Floette|Fairy Aura
|detailschange|p1a: Chandelure|Chandelure-Mega, L50, M
|-mega|p1a: Chandelure|Chandelure|Chandelurite
|move|p2b: Sneasler|Fake Out|p1b: Aerodactyl
|-resisted|p1b: Aerodactyl|1
|-damage|p1b: Aerodactyl|92/100
|move|p2a: Floette|Draining Kiss|p1b: Aerodactyl
|-damage|p1b: Aerodactyl|40/100
|move|p1a: Chandelure|Calm Mind|p1a: Chandelure
|-boost|p1a: Chandelure|spa|1
|-boost|p1a: Chandelure|spd|1
|
|upkeep
|turn|2
|
|t:|1783021797
|switch|p2b: Garchomp|Garchomp, L50, F|100/100
|move|p1b: Aerodactyl|Tailwind|p1b: Aerodactyl
|-sidestart|p1: ZephyrBreezy|move: Tailwind
|move|p1a: Chandelure|Heat Wave|p2b: Garchomp|[spread] p2b
|-miss|p1a: Chandelure|p2a: Floette
|-resisted|p2b: Garchomp|1
|-damage|p2b: Garchomp|61/100
|move|p2a: Floette|Calm Mind|p2a: Floette
|-boost|p2a: Floette|spa|1
|-boost|p2a: Floette|spd|1
|
|upkeep
|turn|3
|inactive|entei enthusiast has 30 seconds left.
|inactive|entei enthusiast has 20 seconds left.
|
|t:|1783021835
|move|p2a: Floette|Protect|p2a: Floette
|-singleturn|p2a: Floette|Protect
|move|p1b: Aerodactyl|Rock Slide|p2b: Garchomp|[spread] p2b
|-activate|p2a: Floette|move: Protect
|-resisted|p2b: Garchomp|1
|-damage|p2b: Garchomp|51/100
|move|p1a: Chandelure|Shadow Ball|p2b: Garchomp
|-damage|p2b: Garchomp|0 fnt
|faint|p2b: Garchomp
|
|upkeep
|
|t:|1783021844
|switch|p2b: Sneasler|Sneasler, L50, M|100/100
|turn|4
|
|t:|1783021857
|move|p2b: Sneasler|Fake Out|p1b: Aerodactyl
|-resisted|p1b: Aerodactyl|1
|-damage|p1b: Aerodactyl|29/100
|-status|p1b: Aerodactyl|psn|[from] ability: Poison Touch|[of] p2b: Sneasler
|cant|p1b: Aerodactyl|flinch
|move|p1a: Chandelure|Heat Wave|p2b: Sneasler|[spread] p2a,p2b
|-damage|p2a: Floette|67/100
|-enditem|p2b: Sneasler|Focus Sash
|-damage|p2b: Sneasler|1/100
|move|p2a: Floette|Calm Mind|p2a: Floette
|-boost|p2a: Floette|spa|1
|-boost|p2a: Floette|spd|1
|
|-damage|p1b: Aerodactyl|17/100 psn|[from] psn
|upkeep
|turn|5
|inactive|entei enthusiast has 30 seconds left.
|
|t:|1783021890
|switch|p2b: Sinistcha|Sinistcha, L50|100/100
|-heal|p2a: Floette|92/100|[from] ability: Hospitality|[of] p2b: Sinistcha
|move|p1b: Aerodactyl|Rock Slide|p2b: Sinistcha|[spread] p2a,p2b
|-crit|p2b: Sinistcha
|-damage|p2a: Floette|67/100
|-damage|p2b: Sinistcha|62/100
|move|p1a: Chandelure|Calm Mind|p1a: Chandelure
|-boost|p1a: Chandelure|spa|1
|-boost|p1a: Chandelure|spd|1
|move|p2a: Floette|Dazzling Gleam|p1b: Aerodactyl|[spread] p1a,p1b
|-resisted|p1a: Chandelure|1
|-damage|p1a: Chandelure|75/100
|-damage|p1b: Aerodactyl|0 fnt
|faint|p1b: Aerodactyl
|
|-sideend|p1: ZephyrBreezy|move: Tailwind
|upkeep
|
|t:|1783021907
|switch|p1b: Maushold|Maushold, L50|100/100
|turn|6
|
|t:|1783021930
|move|p1b: Maushold|Helping Hand|p1a: Chandelure
|-singleturn|p1a: Chandelure|Helping Hand|[of] p1b: Maushold
|move|p2b: Sinistcha|Protect|p2b: Sinistcha
|-singleturn|p2b: Sinistcha|Protect
|move|p2a: Floette|Draining Kiss|p1b: Maushold
|-damage|p1b: Maushold|9/100
|-heal|p2a: Floette|100/100|[from] drain|[of] p1b: Maushold
|move|p1a: Chandelure|Heat Wave|p2b: Sinistcha|[spread] p2a
|-activate|p2b: Sinistcha|move: Protect
|-damage|p2a: Floette|47/100
|
|upkeep
|turn|7
|inactive|entei enthusiast has 30 seconds left.
|inactive|entei enthusiast has 20 seconds left.
|inactive|entei enthusiast has 15 seconds left.
|inactive|entei enthusiast has 10 seconds left.
|
|t:|1783021977
|move|p1b: Maushold|Beat Up|p2b: Sinistcha
|-supereffective|p2b: Sinistcha|1
|-damage|p2b: Sinistcha|57/100
|-supereffective|p2b: Sinistcha|1
|-damage|p2b: Sinistcha|53/100
|-supereffective|p2b: Sinistcha|1
|-damage|p2b: Sinistcha|46/100
|-enditem|p2b: Sinistcha|Sitrus Berry|[eat]
|-heal|p2b: Sinistcha|71/100|[from] item: Sitrus Berry
|-hitcount|p2b: Sinistcha|3
|move|p2a: Floette|Draining Kiss|p1a: Chandelure
|-resisted|p1a: Chandelure|1
|-damage|p1a: Chandelure|61/100
|-heal|p2a: Floette|55/100|[from] drain|[of] p1a: Chandelure
|move|p1a: Chandelure|Calm Mind|p1a: Chandelure
|-boost|p1a: Chandelure|spa|1
|-boost|p1a: Chandelure|spd|1
|move|p2b: Sinistcha|Matcha Gotcha|p1b: Maushold|[spread] p1a
|-miss|p2b: Sinistcha|p1b: Maushold
|-resisted|p1a: Chandelure|1
|-damage|p1a: Chandelure|56/100
|-heal|p2b: Sinistcha|73/100|[from] drain|[of] p1a: Chandelure
|
|upkeep
|turn|8
|inactive|entei enthusiast has 30 seconds left.
|inactive|entei enthusiast has 20 seconds left.
|inactive|entei enthusiast has 15 seconds left.
|
|t:|1783022021
|switch|p2b: Sneasler|Sneasler, L50, M|1/100
|move|p1b: Maushold|Helping Hand|p1a: Chandelure
|-singleturn|p1a: Chandelure|Helping Hand|[of] p1b: Maushold
|move|p2a: Floette|Protect|p2a: Floette
|-singleturn|p2a: Floette|Protect
|move|p1a: Chandelure|Heat Wave|p2b: Sneasler|[spread] p2b
|-activate|p2a: Floette|move: Protect
|-damage|p2b: Sneasler|0 fnt
|faint|p2b: Sneasler
|
|upkeep
|
|t:|1783022022
|switch|p2b: Sinistcha|Sinistcha, L50|73/100
|-heal|p2a: Floette|80/100|[from] ability: Hospitality|[of] p2b: Sinistcha
|turn|9
|
|t:|1783022035
|move|p1b: Maushold|Helping Hand|p1a: Chandelure
|-singleturn|p1a: Chandelure|Helping Hand|[of] p1b: Maushold
|move|p2a: Floette|Dazzling Gleam|p1b: Maushold|[spread] p1a,p1b
|-resisted|p1a: Chandelure|1
|-damage|p1a: Chandelure|42/100
|-damage|p1b: Maushold|0 fnt
|faint|p1b: Maushold
|move|p1a: Chandelure|Heat Wave|p2b: Sinistcha|[spread] p2a,p2b
|-supereffective|p2b: Sinistcha|1
|-damage|p2a: Floette|22/100
|-damage|p2b: Sinistcha|0 fnt
|faint|p2b: Sinistcha
|
|upkeep
|-message|entei enthusiast forfeited.
|
|win|ZephyrBreezy
|raw|ZephyrBreezy's rating: 1027 → 1065(+38 for winning)
|raw|entei enthusiast's rating: 1045 → 1027(-18 for losing)
