|j|☆negaifreak
|j|‽Sawadaburner
|html|negaifreakSawadaburner    
|uhtml|bestof|Game 1 of a best-of-3
|t:|1756737484
|gametype|doubles
|player|p1|negaifreak|nate|1164
|player|p2|Sawadaburner|266|1254
|gen|9
|tier|[Gen 9] VGC 2025 Reg H (Bo3)
|rated|
|rule|Species Clause: Limit one of each Pokémon
|rule|Item Clause: Limit 1 of each item
|clearpoke
|poke|p1|Archaludon, L50, M|
|poke|p1|Pelipper, L50, F|
|poke|p1|Grimmsnarl, L50, M|
|poke|p1|Maushold-Four, L50|
|poke|p1|Sinistcha, L50|
|poke|p1|Annihilape, L50, F|
|poke|p2|Porygon2, L50|
|poke|p2|Incineroar, L50, F|
|poke|p2|Ursaluna, L50, F|
|poke|p2|Jumpluff, L50, M|
|poke|p2|Charizard, L50, F|
|poke|p2|Torkoal, L50, F|
|teampreview|4
|showteam|p1|Archaludon||AssaultVest|Stamina|ElectroShot,BodyPress,DragonPulse,FlashCannon|||M|||50|,,,,,Bug]Pelipper||FocusSash|Drizzle|Hurricane,Tailwind,WeatherBall,Protect|||F|||50|,,,,,Ghost]Grimmsnarl||LightClay|Prankster|SpiritBreak,LightScreen,Reflect,MistyTerrain|||M|||50|,,,,,Poison]Maushold-Four||SafetyGoggles|FriendGuard|Taunt,BeatUp,FollowMe,Protect||||||50|,,,,,Ghost]Sinistcha||SitrusBerry|Hospitality|MatchaGotcha,LifeDew,RagePowder,TrickRoom||||||50|,,,,,Fairy]Annihilape||Leftovers|Defiant|RageFist,DrainPunch,BulkUp,Protect|||F|||50|,,,,,Grass
|showteam|p2|Porygon2||Eviolite|Download|TeraBlast,IceBeam,TrickRoom,Recover||||||50|,,,,,Fighting]Incineroar||SitrusBerry|Intimidate|FakeOut,KnockOff,FlareBlitz,PartingShot|||F|||50|,,,,,Ghost]Ursaluna||FlameOrb|Guts|HeadlongRush,Facade,Earthquake,Protect|||F|||50|,,,,,Ghost]Jumpluff||CovertCloak|Chlorophyll|RagePowder,SunnyDay,Tailwind,SleepPowder|||M|||50|,,,,,Water]Charizard||ChoiceSpecs|SolarPower|HeatWave,Overheat,WeatherBall,AirSlash|||F|||50|,,,,,Ghost]Torkoal||EjectPack|Drought|Overheat,Eruption,HelpingHand,Protect|||F|||50|,,,,,Fire
|inactive|Battle timer is ON: inactive players will automatically lose when time's up. (requested by negaifreak)
|c|☆negaifreak|GLHF
|inactive|negaifreak has 60 seconds left.
|inactive|negaifreak has 30 seconds left.
|inactive|negaifreak has 20 seconds left.
|inactive|negaifreak has 15 seconds left.
|
|t:|1756737561
|teamsize|p1|4
|teamsize|p2|4
|start
|switch|p1a: Maushold|Maushold-Four, L50|100/100
|switch|p1b: Annihilape|Annihilape, L50, F|100/100
|switch|p2a: Charizard|Charizard, L50, F|100/100
|switch|p2b: Porygon2|Porygon2, L50|100/100
|-ability|p2b: Porygon2|Download|boost
|-boost|p2b: Porygon2|atk|1
|turn|1
|inactive|negaifreak has 30 seconds left.
|inactive|negaifreak has 20 seconds left.
|inactive|negaifreak has 15 seconds left.
|inactive|negaifreak has 10 seconds left.
|inactive|negaifreak has 5 seconds left.
|
|t:|1756737615
|switch|p2b: Torkoal|Torkoal, L50, F|100/100
|-weather|SunnyDay|[from] ability: Drought|[of] p2b: Torkoal
|-terastallize|p2a: Charizard|Ghost
|move|p1a: Maushold|Protect|p1a: Maushold
|-singleturn|p1a: Maushold|Protect
|move|p2a: Charizard|Weather Ball|p1a: Maushold
|-activate|p1a: Maushold|move: Protect
|move|p1b: Annihilape|Rage Fist|p2a: Charizard
|-supereffective|p2a: Charizard
|-damage|p2a: Charizard|42/100
|
|-weather|SunnyDay|[upkeep]
|-damage|p2a: Charizard|30/100|[from] ability: Solar Power|[of] p2a: Charizard
|upkeep
|turn|2
|inactive|negaifreak has 30 seconds left.
|inactive|negaifreak has 20 seconds left.
|inactive|negaifreak has 15 seconds left.
|inactive|negaifreak has 10 seconds left.
|
|t:|1756737661
|switch|p1a: Pelipper|Pelipper, L50, F|100/100
|-weather|RainDance|[from] ability: Drizzle|[of] p1a: Pelipper
|-terastallize|p1b: Annihilape|Grass
|move|p2a: Charizard|Weather Ball|p1a: Pelipper
|-resisted|p1a: Pelipper
|-damage|p1a: Pelipper|36/100
|move|p1b: Annihilape|Rage Fist|p2a: Charizard
|-supereffective|p2a: Charizard
|-crit|p2a: Charizard
|-damage|p2a: Charizard|0 fnt
|faint|p2a: Charizard
|move|p2b: Torkoal|Overheat|p1b: Annihilape
|-supereffective|p1b: Annihilape
|-damage|p1b: Annihilape|52/100
|-unboost|p2b: Torkoal|spa|2
|-enditem|p2b: Torkoal|Eject Pack
|
|t:|1756737667
|switch|p2b: Porygon2|Porygon2, L50|100/100
|-ability|p2b: Porygon2|Download|boost
|-boost|p2b: Porygon2|spa|1
|
|-weather|RainDance|[upkeep]
|-heal|p1b: Annihilape|58/100|[from] item: Leftovers
|upkeep
|
|t:|1756737672
|switch|p2a: Jumpluff|Jumpluff, L50, M|100/100
|turn|3
|inactive|negaifreak has 30 seconds left.
|
|t:|1756737704
|switch|p1a: Maushold|Maushold-Four, L50|100/100
|move|p2a: Jumpluff|Sleep Powder|p1a: Maushold
|-activate|p1a: Maushold|item: Safety Goggles|Sleep Powder
|move|p1b: Annihilape|Rage Fist|p2a: Jumpluff
|-damage|p2a: Jumpluff|55/100
|move|p2b: Porygon2|Ice Beam|p1b: Annihilape
|-supereffective|p1b: Annihilape
|-damage|p1b: Annihilape|5/100
|
|-weather|RainDance|[upkeep]
|-heal|p1b: Annihilape|11/100|[from] item: Leftovers
|upkeep
|turn|4
|inactive|negaifreak has 30 seconds left.
|inactive|Sawadaburner has 30 seconds left.
|inactive|negaifreak has 20 seconds left.
|
|t:|1756737741
|move|p1b: Annihilape|Protect|p1b: Annihilape
|-singleturn|p1b: Annihilape|Protect
|move|p1a: Maushold|Taunt|p2a: Jumpluff
|-start|p2a: Jumpluff|move: Taunt
|cant|p2a: Jumpluff|move: Taunt|Tailwind
|move|p2b: Porygon2|Tera Blast|p1b: Annihilape
|-activate|p1b: Annihilape|move: Protect
|
|-weather|RainDance|[upkeep]
|-heal|p1b: Annihilape|17/100|[from] item: Leftovers
|upkeep
|turn|5
|
|t:|1756737756
|switch|p2a: Torkoal|Torkoal, L50, F|100/100
|-weather|SunnyDay|[from] ability: Drought|[of] p2a: Torkoal
|move|p1a: Maushold|Follow Me|p1a: Maushold
|-singleturn|p1a: Maushold|move: Follow Me
|move|p1b: Annihilape|Drain Punch|p2b: Porygon2
|-supereffective|p2b: Porygon2
|-damage|p2b: Porygon2|62/100
|-heal|p1b: Annihilape|35/100|[from] drain|[of] p2b: Porygon2
|move|p2b: Porygon2|Ice Beam|p1a: Maushold
|-damage|p1a: Maushold|44/100
|
|-weather|SunnyDay|[upkeep]
|-heal|p1b: Annihilape|41/100|[from] item: Leftovers
|upkeep
|turn|6
|inactive|negaifreak has 30 seconds left.
|inactive|negaifreak has 20 seconds left.
|inactive|negaifreak has 15 seconds left.
|
|t:|1756737800
|switch|p1a: Pelipper|Pelipper, L50, F|36/100
|-weather|RainDance|[from] ability: Drizzle|[of] p1a: Pelipper
|move|p1b: Annihilape|Rage Fist|p2a: Torkoal
|-damage|p2a: Torkoal|54/100
|move|p2b: Porygon2|Ice Beam|p1b: Annihilape
|-supereffective|p1b: Annihilape
|-damage|p1b: Annihilape|0 fnt
|faint|p1b: Annihilape
|move|p2a: Torkoal|Eruption|p1a: Pelipper
|-resisted|p1a: Pelipper
|-damage|p1a: Pelipper|21/100
|
|-weather|RainDance|[upkeep]
|upkeep
|
|t:|1756737815
|switch|p1b: Archaludon|Archaludon, L50, M|100/100
|turn|7
|
|t:|1756737838
|switch|p2a: Jumpluff|Jumpluff, L50, M|55/100
|move|p1a: Pelipper|Hurricane|p2b: Porygon2
|-damage|p2b: Porygon2|29/100
|-start|p2b: Porygon2|confusion
|move|p1b: Archaludon|Electro Shot||[still]
|-prepare|p1b: Archaludon|Electro Shot
|-boost|p1b: Archaludon|spa|1
|-anim|p1b: Archaludon|Electro Shot|p2b: Porygon2
|-damage|p2b: Porygon2|0 fnt
|faint|p2b: Porygon2
|
|-weather|RainDance|[upkeep]
|upkeep
|
|t:|1756737843
|switch|p2b: Torkoal|Torkoal, L50, F|54/100
|-weather|SunnyDay|[from] ability: Drought|[of] p2b: Torkoal
|turn|8
|
|t:|1756737861
|move|p2a: Jumpluff|Sleep Powder|p1b: Archaludon
|-status|p1b: Archaludon|slp|[from] move: Sleep Powder
|move|p1a: Pelipper|Weather Ball|p2a: Jumpluff
|-supereffective|p2a: Jumpluff
|-damage|p2a: Jumpluff|0 fnt
|faint|p2a: Jumpluff
|cant|p1b: Archaludon|slp
|move|p2b: Torkoal|Eruption|p1b: Archaludon|[spread] p1a,p1b
|-resisted|p1a: Pelipper
|-crit|p1b: Archaludon
|-damage|p1a: Pelipper|0 fnt
|-damage|p1b: Archaludon|60/100 slp
|-ability|p1b: Archaludon|Stamina|boost
|-boost|p1b: Archaludon|def|1
|faint|p1a: Pelipper
|
|-weather|SunnyDay|[upkeep]
|upkeep
|
|t:|1756737876
|switch|p1a: Maushold|Maushold-Four, L50|44/100
|turn|9
|
|t:|1756737888
|move|p1a: Maushold|Protect|p1a: Maushold
|-singleturn|p1a: Maushold|Protect
|-curestatus|p1b: Archaludon|slp|[msg]
|move|p1b: Archaludon|Dragon Pulse|p2b: Torkoal
|-damage|p2b: Torkoal|0 fnt
|faint|p2b: Torkoal
|
|win|negaifreak
||Sawadaburner is ready for game 2.
|inactive|negaifreak has 30 seconds to confirm battle start!
|c|☆negaifreak|GG
||negaifreak is ready for game 2.
|uhtml|next|Next: Game 2 of 3
