|j|☆SongokuVG Fr
|j|☆icedoutobama
|html|SongokuVG Fricedoutobama    
|uhtml|bestof|Game 1 of a best-of-3
|t:|1757001376
|gametype|doubles
|player|p1|SongokuVG Fr|lucian|1171
|player|p2|icedoutobama|skier|1082
|gen|9
|tier|[Gen 9] VGC 2025 Reg H (Bo3)
|rated|
|rule|Species Clause: Limit one of each Pokémon
|rule|Item Clause: Limit 1 of each item
|clearpoke
|poke|p1|Excadrill, L50, F|
|poke|p1|Tyranitar, L50, M|
|poke|p1|Sneasler, L50, F|
|poke|p1|Indeedee, L50, M|
|poke|p1|Corviknight, L50, M|
|poke|p1|Annihilape, L50, M|
|poke|p2|Murkrow, L50, M|
|poke|p2|Abomasnow, L50, M|
|poke|p2|Indeedee, L50, M|
|poke|p2|Sneasler, L50, M|
|poke|p2|Gholdengo, L50|
|poke|p2|Basculegion, L50, M|
|teampreview|4
|showteam|p1|Excadrill||FocusSash|SandRush|IronHead,HighHorsepower,Earthquake,Protect|||F|||50|,,,,,Stellar]Tyranitar||AssaultVest|SandStream|RockSlide,KnockOff,TeraBlast,LowKick|||M|||50|,,,,,Flying]Sneasler||PsychicSeed|Unburden|DireClaw,CloseCombat,ThroatChop,Protect|||F|||50|,,,,,Dark]Indeedee||ChoiceScarf|PsychicSurge|ExpandingForce,TeraBlast,Protect,Trick|||M|||50|,,,,,Psychic]Corviknight||Leftovers|MirrorArmor|BraveBird,BulkUp,Roost,Tailwind|||M|||50|,,,,,Dragon]Annihilape||SafetyGoggles|Defiant|CloseCombat,FinalGambit,RageFist,Taunt|||M|||50|,,,,,Water
|showteam|p2|Murkrow||Eviolite|Prankster|FoulPlay,Tailwind,Haze,Protect|||M|||50|,,,,,Ghost]Abomasnow||AssaultVest|SnowWarning|Blizzard,LeafStorm,EarthPower,WeatherBall|||M|||50|,,,,,Fire]Indeedee||FocusSash|PsychicSurge|ExpandingForce,TeraBlast,Imprison,TrickRoom|||M|||50|,,,,,Fighting]Sneasler||PsychicSeed|Unburden|DireClaw,CloseCombat,ThroatChop,Protect|||M|||50|,,,,,Dark]Gholdengo||LifeOrb|GoodasGold|MakeItRain,ShadowBall,NastyPlot,Protect||||||50|,,,,,Steel]Basculegion||ChoiceScarf|Adaptability|WaveCrash,LastRespects,AquaJet,FlipTurn|||M|||50|,,,,,Grass
|inactive|Battle timer is ON: inactive players will automatically lose when time's up. (requested by icedoutobama)
|inactive|SongokuVG Fr has 60 seconds left.
|
|t:|1757001408
|teamsize|p1|4
|teamsize|p2|4
|start
|switch|p1a: Corviknight|Corviknight, L50, M|100/100
|switch|p1b: Sneasler|Sneasler, L50, F, shiny|100/100
|switch|p2a: Brynden Rivers|Murkrow, L50, M|100/100
|switch|p2b: MDD|Indeedee, L50, M, shiny|100/100
|-fieldstart|move: Psychic Terrain|[from] ability: Psychic Surge|[of] p2b: MDD
|-enditem|p1b: Sneasler|Psychic Seed
|-boost|p1b: Sneasler|spd|1|[from] item: Psychic Seed
|turn|1
|
|t:|1757001429
|switch|p2b: Longclaw|Sneasler, L50, M, shiny|100/100
|-enditem|p2b: Longclaw|Psychic Seed
|-boost|p2b: Longclaw|spd|1|[from] item: Psychic Seed
|move|p1b: Sneasler|Protect|p1b: Sneasler
|-singleturn|p1b: Sneasler|Protect
|move|p2a: Brynden Rivers|Foul Play|p1b: Sneasler
|-activate|p1b: Sneasler|move: Protect
|move|p1a: Corviknight|Tailwind|p1a: Corviknight
|-sidestart|p1: SongokuVG Fr|move: Tailwind
|
|upkeep
|turn|2
|
|t:|1757001444
|move|p2b: Longclaw|Protect|p2b: Longclaw
|-singleturn|p2b: Longclaw|Protect
|move|p1b: Sneasler|Dire Claw|p2b: Longclaw
|-activate|p2b: Longclaw|move: Protect
|move|p1a: Corviknight|Brave Bird|p2b: Longclaw
|-activate|p2b: Longclaw|move: Protect
|move|p2a: Brynden Rivers|Foul Play|p1b: Sneasler
|-resisted|p1b: Sneasler
|-damage|p1b: Sneasler|54/100
|
|upkeep
|turn|3
|
|t:|1757001460
|move|p1b: Sneasler|Protect|p1b: Sneasler
|-singleturn|p1b: Sneasler|Protect
|move|p2b: Longclaw|Close Combat|p1a: Corviknight
|-damage|p1a: Corviknight|43/100
|-unboost|p2b: Longclaw|def|1
|-unboost|p2b: Longclaw|spd|1
|move|p1a: Corviknight|Brave Bird|p2b: Longclaw
|-supereffective|p2b: Longclaw
|-damage|p2b: Longclaw|0 fnt
|faint|p2b: Longclaw
|-damage|p1a: Corviknight|19/100|[from] Recoil
|move|p2a: Brynden Rivers|Foul Play|p1b: Sneasler
|-activate|p1b: Sneasler|move: Protect
|
|-heal|p1a: Corviknight|24/100|[from] item: Leftovers
|upkeep
|inactive|icedoutobama has 30 seconds left.
|inactive|icedoutobama has 20 seconds left.
|
|t:|1757001496
|switch|p2b: MDD|Indeedee, L50, M, shiny|100/100
|turn|4
|
|t:|1757001503
|-terastallize|p1b: Sneasler|Dark
|move|p2a: Brynden Rivers|Tailwind|p2a: Brynden Rivers
|-sidestart|p2: icedoutobama|move: Tailwind
|move|p1b: Sneasler|Dire Claw|p2b: MDD
|-enditem|p2b: MDD|Focus Sash
|-damage|p2b: MDD|1/100
|-status|p2b: MDD|psn
|move|p2b: MDD|Expanding Force|p1a: Corviknight|[spread] p1a
|-immune|p1b: Sneasler
|-resisted|p1a: Corviknight
|-damage|p1a: Corviknight|1/100
|move|p1a: Corviknight|Roost|p1a: Corviknight
|-heal|p1a: Corviknight|51/100
|-singleturn|p1a: Corviknight|move: Roost
|
|-heal|p1a: Corviknight|57/100|[from] item: Leftovers
|-damage|p2b: MDD|0 fnt|[from] psn
|faint|p2b: MDD
|-sideend|p1: SongokuVG Fr|move: Tailwind
|upkeep
|
|t:|1757001511
|switch|p2b: Houndfish|Basculegion, L50, M, shiny|100/100
|turn|5
|
|t:|1757001528
|move|p1b: Sneasler|Protect|p1b: Sneasler
|-singleturn|p1b: Sneasler|Protect
|move|p2a: Brynden Rivers|Haze|p2a: Brynden Rivers
|-clearallboost
|move|p2b: Houndfish|Last Respects|p1a: Corviknight
|-damage|p1a: Corviknight|0 fnt
|faint|p1a: Corviknight
|
|-fieldend|move: Psychic Terrain
|upkeep
|
|t:|1757001538
|switch|p1a: Tyranitar|Tyranitar, L50, M, shiny|100/100
|-weather|Sandstorm|[from] ability: Sand Stream|[of] p1a: Tyranitar
|turn|6
|
|t:|1757001544
|-terastallize|p2b: Houndfish|Grass
|move|p2b: Houndfish|Last Respects|p1b: Sneasler
|-resisted|p1b: Sneasler
|-damage|p1b: Sneasler|0 fnt
|faint|p1b: Sneasler
|move|p2a: Brynden Rivers|Foul Play|p1a: Tyranitar
|-resisted|p1a: Tyranitar
|-damage|p1a: Tyranitar|77/100
|move|p1a: Tyranitar|Knock Off|p2b: Houndfish
|-damage|p2b: Houndfish|35/100
|-enditem|p2b: Houndfish|Choice Scarf|[from] move: Knock Off|[of] p1a: Tyranitar
|
|-weather|Sandstorm|[upkeep]
|-damage|p2b: Houndfish|28/100|[from] Sandstorm
|-damage|p2a: Brynden Rivers|94/100|[from] Sandstorm
|upkeep
|
|t:|1757001556
|switch|p1b: Excadrill|Excadrill, L50, F, shiny|100/100
|turn|7
|
|t:|1757001576
|move|p2b: Houndfish|Aqua Jet|p1a: Tyranitar
|-supereffective|p1a: Tyranitar
|-damage|p1a: Tyranitar|45/100
|move|p1b: Excadrill|Iron Head|p2b: Houndfish
|-damage|p2b: Houndfish|0 fnt
|faint|p2b: Houndfish
|move|p2a: Brynden Rivers|Foul Play|p1a: Tyranitar
|-resisted|p1a: Tyranitar
|-damage|p1a: Tyranitar|23/100
|move|p1a: Tyranitar|Rock Slide|p2a: Brynden Rivers
|-supereffective|p2a: Brynden Rivers
|-damage|p2a: Brynden Rivers|4/100
|
|-weather|Sandstorm|[upkeep]
|-damage|p2a: Brynden Rivers|0 fnt|[from] Sandstorm
|faint|p2a: Brynden Rivers
|
|win|SongokuVG Fr
