|j|ŌśåAzzy08
|j|ŌśåGummytime
|html|Azzy08Gummytime    
|uhtml|bestof|Game 2 of a best-of-3
|t:|1756404094
|gametype|doubles
|player|p1|Azzy08|bruno|1080
|player|p2|Gummytime|169|1000
|gen|9
|tier|[Gen 9] VGC 2025 Reg H (Bo3)
|rated|
|rule|Species Clause: Limit one of each Pok├®mon
|rule|Item Clause: Limit 1 of each item
|clearpoke
|poke|p1|Dragonite, L50, M|
|poke|p1|Dondozo, L50, M|
|poke|p1|Garchomp, L50, M|
|poke|p1|Ninetales-Alola, L50, F|
|poke|p1|Electabuzz, L50, M|
|poke|p1|Grimmsnarl, L50, M|
|poke|p2|Chandelure, L50, F|
|poke|p2|Whimsicott, L50, F|
|poke|p2|Pawmot, L50, F|
|poke|p2|Glimmora, L50, M|
|poke|p2|Farigiraf, L50, F|
|poke|p2|Incineroar, L50, F|
|teampreview|4
|showteam|p1|Dragonite||LumBerry|Multiscale|TeraBlast,ExtremeSpeed,LowKick,Protect|||M|||50|,,,,,Flying]Dondozo||Leftovers|Unaware|Liquidation,Fissure,Yawn,Protect|||M|||50|,,,,,Poison]Garchomp||LifeOrb|RoughSkin|Earthquake,StompingTantrum,DragonClaw,Protect|||M|||50|,,,,,Fire]Ninetales-Alola||ChoiceSpecs|SnowWarning|Blizzard,FreezeDry,Moonblast,IcyWind|||F|||50|,,,,,Ice]Electabuzz||Eviolite|VitalSpirit|FollowMe,Electroweb,Taunt,Protect|||M|||50|,,,,,Flying]Grimmsnarl||LightClay|Prankster|Reflect,LightScreen,FoulPlay,PartingShot|||M|||50|,,,,,Ghost
|showteam|p2|Chandelure||LifeOrb|FlashFire|WillOWisp,Protect,Flamethrower,ShadowBall|||F|||50|,,,,,Ghost]Whimsicott||CovertCloak|Prankster|Tailwind,Encore,Protect,Moonblast|||F|||50|,,,,,Steel]Pawmot||WhiteHerb|IronFist|IcePunch,DoubleShock,Protect,CloseCombat|||F|||50|,,,,,Stellar]Glimmora||PowerHerb|ToxicDebris|MeteorBeam,EarthPower,SludgeBomb,Protect|||M|||50|,,,,,Ground]Farigiraf||SitrusBerry|ArmorTail|TwinBeam,HelpingHand,Protect,HyperVoice|||F|||50|,,,,,Poison]Incineroar||SafetyGoggles|Intimidate|FakeOut,KnockOff,FlareBlitz,Protect|||F|||50|,,,,,Ghost
|inactive|Battle timer is ON: inactive players will automatically lose when time's up. (requested by Gummytime)
|
|t:|1756404142
|teamsize|p1|4
|teamsize|p2|4
|start
|switch|p1a: Dondozo|Dondozo, L50, M|100/100
|switch|p1b: Ninetales|Ninetales-Alola, L50, F|100/100
|switch|p2a: Glimmora|Glimmora, L50, M|100/100
|switch|p2b: Whimsicott|Whimsicott, L50, F|100/100
|-weather|Snowscape|[from] ability: Snow Warning|[of] p1b: Ninetales
|turn|1
|
|t:|1756404160
|move|p2a: Glimmora|Protect|p2a: Glimmora
|-singleturn|p2a: Glimmora|Protect
|move|p2b: Whimsicott|Tailwind|p2b: Whimsicott
|-sidestart|p2: Gummytime|move: Tailwind
|move|p1b: Ninetales|Blizzard|p2a: Glimmora|[spread] p2b
|-activate|p2a: Glimmora|move: Protect
|-supereffective|p2b: Whimsicott
|-damage|p2b: Whimsicott|0 fnt
|faint|p2b: Whimsicott
|move|p1a: Dondozo|Liquidation|p2a: Glimmora
|-activate|p2a: Glimmora|move: Protect
|
|-weather|Snowscape|[upkeep]
|upkeep
|
|t:|1756404172
|switch|p2b: Chandelure|Chandelure, L50, F|100/100
|turn|2
|
|t:|1756404187
|switch|p2a: Farigiraf|Farigiraf, L50, F|100/100
|move|p2b: Chandelure|Will-O-Wisp|p1a: Dondozo
|-status|p1a: Dondozo|brn
|move|p1b: Ninetales|Blizzard|p2a: Farigiraf|[spread] p2a,p2b
|-resisted|p2b: Chandelure
|-damage|p2a: Farigiraf|64/100
|-damage|p2b: Chandelure|71/100
|move|p1a: Dondozo|Liquidation|p2a: Farigiraf
|-damage|p2a: Farigiraf|47/100
|-enditem|p2a: Farigiraf|Sitrus Berry|[eat]
|-heal|p2a: Farigiraf|71/100|[from] item: Sitrus Berry
|
|-weather|Snowscape|[upkeep]
|-damage|p1a: Dondozo|94/100 brn|[from] brn
|upkeep
|turn|3
|c|ŌśåAzzy08|Why change
|c|ŌśåAzzy08|?
|c|ŌśåAzzy08|you had tailwind
|
|t:|1756404212
|move|p2b: Chandelure|Flamethrower|p1b: Ninetales
|-supereffective|p1b: Ninetales
|-damage|p1b: Ninetales|0 fnt
|faint|p1b: Ninetales
|-damage|p2b: Chandelure|61/100|[from] item: Life Orb
|move|p2a: Farigiraf|Hyper Voice|p1a: Dondozo
|-damage|p1a: Dondozo|64/100 brn
|move|p1a: Dondozo|Liquidation|p2b: Chandelure
|-supereffective|p2b: Chandelure
|-damage|p2b: Chandelure|10/100
|
|-weather|Snowscape|[upkeep]
|-heal|p1a: Dondozo|70/100 brn|[from] item: Leftovers
|-damage|p1a: Dondozo|64/100 brn|[from] brn
|upkeep
|
|t:|1756404230
|switch|p1b: Dragonite|Dragonite, L50, M|100/100
|turn|4
|
|t:|1756404246
|-terastallize|p2b: Chandelure|Ghost
|move|p2a: Farigiraf|Helping Hand|p2b: Chandelure
|-singleturn|p2b: Chandelure|Helping Hand|[of] p2a: Farigiraf
|move|p1b: Dragonite|Protect|p1b: Dragonite
|-singleturn|p1b: Dragonite|Protect
|move|p1a: Dondozo|Protect|p1a: Dondozo
|-singleturn|p1a: Dondozo|Protect
|move|p2b: Chandelure|Shadow Ball|p1a: Dondozo
|-activate|p1a: Dondozo|move: Protect
|
|-weather|Snowscape|[upkeep]
|-heal|p1a: Dondozo|70/100 brn|[from] item: Leftovers
|-damage|p1a: Dondozo|64/100 brn|[from] brn
|-sideend|p2: Gummytime|move: Tailwind
|upkeep
|turn|5
|inactive|Azzy08 has 30 seconds left.
|
|t:|1756404278
|-terastallize|p1b: Dragonite|Flying
|move|p2b: Chandelure|Protect|p2b: Chandelure
|-singleturn|p2b: Chandelure|Protect
|move|p1b: Dragonite|Tera Blast|p2b: Chandelure|[anim] Tera Blast Flying
|-activate|p2b: Chandelure|move: Protect
|move|p2a: Farigiraf|Hyper Voice|p1b: Dragonite|[spread] p1a,p1b
|-damage|p1a: Dondozo|41/100 brn
|-damage|p1b: Dragonite|86/100
|move|p1a: Dondozo|Fissure|p2a: Farigiraf|[miss]
|-miss|p1a: Dondozo|p2a: Farigiraf
|
|-weather|none
|-heal|p1a: Dondozo|47/100 brn|[from] item: Leftovers
|-damage|p1a: Dondozo|41/100 brn|[from] brn
|upkeep
|turn|6
|
|t:|1756404302
|switch|p2b: Glimmora|Glimmora, L50, M|100/100
|move|p1b: Dragonite|Tera Blast|p2b: Glimmora|[anim] Tera Blast Flying
|-resisted|p2b: Glimmora
|-damage|p2b: Glimmora|59/100
|-activate|p2b: Glimmora|ability: Toxic Debris
|-sidestart|p1: Azzy08|move: Toxic Spikes
|move|p2a: Farigiraf|Hyper Voice|p1a: Dondozo|[spread] p1a,p1b
|-damage|p1a: Dondozo|20/100 brn
|-damage|p1b: Dragonite|53/100
|move|p1a: Dondozo|Liquidation|p2b: Glimmora
|-supereffective|p2b: Glimmora
|-damage|p2b: Glimmora|13/100
|-activate|p2b: Glimmora|ability: Toxic Debris
|-sidestart|p1: Azzy08|move: Toxic Spikes
|
|-heal|p1a: Dondozo|27/100 brn|[from] item: Leftovers
|-damage|p1a: Dondozo|20/100 brn|[from] brn
|upkeep
|turn|7
|inactive|Azzy08 has 30 seconds left.
|
|t:|1756404327
|move|p2b: Glimmora|Protect|p2b: Glimmora
|-singleturn|p2b: Glimmora|Protect
|move|p1b: Dragonite|Protect|p1b: Dragonite
|-singleturn|p1b: Dragonite|Protect
|move|p2a: Farigiraf|Hyper Voice|p1a: Dondozo|[spread] p1a
|-activate|p1b: Dragonite|move: Protect
|-damage|p1a: Dondozo|0 fnt
|faint|p1a: Dondozo
|
|upkeep
|
|t:|1756404336
|switch|p1a: Garchomp|Garchomp, L50, M|100/100
|-status|p1a: Garchomp|tox
|turn|8
|
|t:|1756404354
|switch|p2b: Chandelure|Chandelure, L50, F, tera:Ghost|10/100
|move|p2a: Farigiraf|Protect|p2a: Farigiraf
|-singleturn|p2a: Farigiraf|Protect
|move|p1a: Garchomp|Earthquake|p2b: Chandelure|[spread] p2b
|-activate|p2a: Farigiraf|move: Protect
|-immune|p1b: Dragonite
|-damage|p2b: Chandelure|0 fnt
|faint|p2b: Chandelure
|-damage|p1a: Garchomp|91/100 tox|[from] item: Life Orb
|move|p1b: Dragonite|Tera Blast|p2a: Farigiraf|[anim] Tera Blast Flying
|-activate|p2a: Farigiraf|move: Protect
|
|-damage|p1a: Garchomp|85/100 tox|[from] psn
|upkeep
|
|t:|1756404369
|switch|p2b: Glimmora|Glimmora, L50, M|13/100
|turn|9
|
|t:|1756404385
|move|p2b: Glimmora|Protect|p2b: Glimmora
|-singleturn|p2b: Glimmora|Protect
|move|p1a: Garchomp|Earthquake|p2b: Glimmora|[spread] p2a
|-activate|p2b: Glimmora|move: Protect
|-immune|p1b: Dragonite
|-damage|p2a: Farigiraf|20/100
|-damage|p1a: Garchomp|75/100 tox|[from] item: Life Orb
|move|p1b: Dragonite|Tera Blast|p2a: Farigiraf|[anim] Tera Blast Flying
|-damage|p2a: Farigiraf|0 fnt
|faint|p2a: Farigiraf
|
|-damage|p1a: Garchomp|63/100 tox|[from] psn
|upkeep
|turn|10
|
|t:|1756404404
|move|p2b: Glimmora|Protect|p2b: Glimmora
|-singleturn|p2b: Glimmora|Protect
|move|p1b: Dragonite|Extreme Speed|p2b: Glimmora
|-activate|p2b: Glimmora|move: Protect
|move|p1a: Garchomp|Earthquake|p2b: Glimmora|[spread] 
|-activate|p2b: Glimmora|move: Protect
|-immune|p1b: Dragonite
|
|-damage|p1a: Garchomp|45/100 tox|[from] psn
|upkeep
|turn|11
|inactive|Gummytime has 30 seconds left.
|
|t:|1756404437
|move|p2b: Glimmora|Protect|p2b: Glimmora
|-singleturn|p2b: Glimmora|Protect
|move|p1b: Dragonite|Extreme Speed|p2b: Glimmora
|-activate|p2b: Glimmora|move: Protect
|move|p1a: Garchomp|Earthquake|p2b: Glimmora|[spread] 
|-activate|p2b: Glimmora|move: Protect
|-immune|p1b: Dragonite
|
|-damage|p1a: Garchomp|21/100 tox|[from] psn
|upkeep
|turn|12
|c|ŌśåAzzy08|Yo???
|c|ŌśåAzzy08|jajajaja
|c|ŌśåGummytime|gotta go for another lmao
|
|t:|1756404457
|move|p2b: Glimmora|Protect||[still]
|-fail|p2b: Glimmora
|move|p1b: Dragonite|Extreme Speed|p2b: Glimmora
|-resisted|p2b: Glimmora
|-damage|p2b: Glimmora|0 fnt
|faint|p2b: Glimmora
|
|win|Azzy08
|raw|Azzy08's rating: 1080 → 1102(+22 for winning)
|raw|Gummytime's rating: 1000 → 1000(+0 for losing)
|c|ŌśåAzzy08|XD
|c|ŌśåGummytime|sad
|l|ŌśåGummytime
|player|p2|
