|j|☆Gayangos
|j|☆BVSelf
|html|GayangosBVSelf    
|uhtml|bestof|Game 3 of a best-of-3
|t:|1783241022
|gametype|doubles
|player|p1|Gayangos|101|1365
|player|p2|BVSelf|juan|1337
|gen|9
|tier|[Gen 9 Champions] VGC 2026 Reg M-B (Bo3)
|rated|
|rule|Species Clause: Limit one of each Pokémon
|rule|Item Clause: Limit 1 of each item
|clearpoke
|poke|p1|Floette-Eternal, L50, F|
|poke|p1|Incineroar, L50, M|
|poke|p1|Sinistcha, L50|
|poke|p1|Milotic, L50, F|
|poke|p1|Ceruledge, L50, M|
|poke|p1|Hydreigon, L50, M|
|poke|p2|Torkoal, L50, M|
|poke|p2|Venusaur, L50, M|
|poke|p2|Farigiraf, L50, M|
|poke|p2|Scrafty, L50, M|
|poke|p2|Mamoswine, L50, M|
|poke|p2|Pyroar, L50, M|
|teampreview|4
|showteam|p1|Floette-Eternal||Floettite|FlowerVeil|DrainingKiss,DazzlingGleam,CalmMind,Protect|Timid||F|||50|]Incineroar||SitrusBerry|Intimidate|FakeOut,FlareBlitz,ThroatChop,PartingShot|Impish||M|||50|]Sinistcha||KasibBerry|Hospitality|MatchaGotcha,RagePowder,LifeDew,Protect|Relaxed|||||50|]Milotic||Leftovers|Competitive|MuddyWater,Coil,Hypnosis,Protect|Calm||F|||50|]Ceruledge||ColburBerry|FlashFire|BitterBlade,ShadowSneak,BulkUp,Protect|Adamant||M|||50|]Hydreigon||ChoiceScarf|Levitate|DracoMeteor,DarkPulse,EarthPower,Snarl|Modest||M|||50|
|showteam|p2|Torkoal||HeatRock|Drought|Eruption,WeatherBall,HelpingHand,Protect|Quiet||M|||50|]Venusaur||LifeOrb|Chlorophyll|EnergyBall,SludgeBomb,EarthPower,Protect|Modest||M|||50|]Farigiraf||SitrusBerry|ArmorTail|Psychic,Thunderbolt,TrickRoom,Protect|Quiet||M|||50|]Scrafty||Scraftinite|Intimidate|KnockOff,DrainPunch,IcePunch,FakeOut|Adamant||M|||50|]Mamoswine||FocusSash|Oblivious|HighHorsepower,RockSlide,IceShard,Protect|Adamant||M|||50|]Pyroar||Pyroarite|Unnerve|HeatWave,Overheat,Yawn,Protect|Timid||M|||50|
|
|t:|1783241049
|teamsize|p1|4
|teamsize|p2|4
|start
|switch|p1a: Hydreigon|Hydreigon, L50, M|100/100
|switch|p1b: Floette|Floette-Eternal, L50, F|100/100
|switch|p2a: Venusaur|Venusaur, L50, M|100/100
|switch|p2b: Torkoal|Torkoal, L50, M|100/100
|-weather|SunnyDay|[from] ability: Drought|[of] p2b: Torkoal
|turn|1
|inactive|Battle timer is ON: inactive players will automatically lose when time's up. (requested by Gayangos)
|inactive|BVSelf has 60 seconds left.
|
|t:|1783241108
|switch|p1b: Ceruledge|Ceruledge, L50, M|100/100
|move|p2b: Torkoal|Helping Hand|p2a: Venusaur
|-singleturn|p2a: Venusaur|Helping Hand|[of] p2b: Torkoal
|move|p2a: Venusaur|Sludge Bomb|p1a: Hydreigon
|-damage|p1a: Hydreigon|1/100
|-damage|p2a: Venusaur|90/100|[from] item: Life Orb
|move|p1a: Hydreigon|Snarl|p2a: Venusaur|[spread] p2a,p2b
|-crit|p2a: Venusaur
|-damage|p2a: Venusaur|54/100
|-damage|p2b: Torkoal|72/100
|-unboost|p2a: Venusaur|spa|1
|-unboost|p2b: Torkoal|spa|1
|
|-weather|SunnyDay|[upkeep]
|upkeep
|turn|2
|inactive|Gayangos has 30 seconds left.
|inactive|Gayangos has 20 seconds left.
|inactive|Gayangos has 15 seconds left.
|inactive|Gayangos has 10 seconds left.
|inactive|Gayangos has 5 seconds left.
|
|t:|1783241163
|switch|p2a: Scrafty|Scrafty, L50, M|100/100
|-ability|p2a: Scrafty|Intimidate|boost
|-unboost|p1a: Hydreigon|atk|1
|-unboost|p1b: Ceruledge|atk|1
|move|p1a: Hydreigon|Snarl|p2b: Torkoal|[spread] p2a,p2b
|-resisted|p2a: Scrafty|2
|-damage|p2a: Scrafty|95/100
|-damage|p2b: Torkoal|43/100
|-unboost|p2a: Scrafty|spa|1
|-unboost|p2b: Torkoal|spa|1
|move|p1b: Ceruledge|Bitter Blade|p2b: Torkoal
|-resisted|p2b: Torkoal|1
|-damage|p2b: Torkoal|23/100
|move|p2b: Torkoal|Weather Ball|p1a: Hydreigon
|-resisted|p1a: Hydreigon|1
|-damage|p1a: Hydreigon|0 fnt
|faint|p1a: Hydreigon
|
|-weather|SunnyDay|[upkeep]
|upkeep
|
|t:|1783241176
|switch|p1a: Incineroar|Incineroar, L50, M|100/100
|-ability|p1a: Incineroar|Intimidate|boost
|-unboost|p2a: Scrafty|atk|1
|-unboost|p2b: Torkoal|atk|1
|turn|3
|inactive|BVSelf has 30 seconds left.
|
|t:|1783241204
|switch|p1b: Floette|Floette-Eternal, L50, F|100/100
|switch|p2b: Mamoswine|Mamoswine, L50, M|100/100
|detailschange|p2a: Scrafty|Scrafty-Mega, L50, M
|-mega|p2a: Scrafty|Scrafty|Scraftinite
|-ability|p2a: Scrafty|Intimidate|boost
|-unboost|p1a: Incineroar|atk|1
|-unboost|p1b: Floette|atk|1
|move|p2a: Scrafty|Fake Out|p1a: Incineroar
|-damage|p1a: Incineroar|91/100
|cant|p1a: Incineroar|flinch
|
|-weather|SunnyDay|[upkeep]
|upkeep
|turn|4
|inactive|Gayangos has 30 seconds left.
|inactive|BVSelf has 30 seconds left.
|
|t:|1783241244
|switch|p2a: Torkoal|Torkoal, L50, M|23/100
|detailschange|p1b: Floette|Floette-Mega, L50, F
|-mega|p1b: Floette|Floette|Floettite
|-ability|p1b: Floette|Fairy Aura
|move|p1b: Floette|Dazzling Gleam|p2b: Mamoswine|[spread] p2a,p2b
|-resisted|p2a: Torkoal|1
|-damage|p2a: Torkoal|0 fnt
|-damage|p2b: Mamoswine|44/100
|faint|p2a: Torkoal
|move|p2b: Mamoswine|High Horsepower|p1a: Incineroar
|-supereffective|p1a: Incineroar|1
|-damage|p1a: Incineroar|16/100
|-enditem|p1a: Incineroar|Sitrus Berry|[eat]
|-heal|p1a: Incineroar|41/100|[from] item: Sitrus Berry
|move|p1a: Incineroar|Flare Blitz|p2b: Mamoswine
|-supereffective|p2b: Mamoswine|1
|-damage|p2b: Mamoswine|0 fnt
|faint|p2b: Mamoswine
|-damage|p1a: Incineroar|27/100|[from] Recoil
|
|-weather|SunnyDay|[upkeep]
|upkeep
|
|t:|1783241260
|switch|p2b: Venusaur|Venusaur, L50, M|54/100
|switch|p2a: Scrafty|Scrafty-Mega, L50, M|95/100
|-ability|p2a: Scrafty|Intimidate|boost
|-unboost|p1a: Incineroar|atk|1
|-unboost|p1b: Floette|atk|1
|turn|5
|
|t:|1783241284
|switch|p1a: Ceruledge|Ceruledge, L50, M|100/100
|move|p1b: Floette|Protect|p1b: Floette
|-singleturn|p1b: Floette|Protect
|move|p2a: Scrafty|Fake Out|p1a: Ceruledge
|-immune|p1a: Ceruledge
|move|p2b: Venusaur|Sludge Bomb|p1b: Floette
|-activate|p1b: Floette|move: Protect
|
|-weather|SunnyDay|[upkeep]
|upkeep
|turn|6
|inactive|Gayangos has 30 seconds left.
|inactive|Gayangos has 20 seconds left.
|inactive|BVSelf has 30 seconds left.
|inactive|Gayangos has 15 seconds left.
|
|t:|1783241328
|switch|p1b: Incineroar|Incineroar, L50, M|27/100
|-ability|p1b: Incineroar|Intimidate|boost
|-unboost|p2a: Scrafty|atk|1
|-unboost|p2b: Venusaur|atk|1
|move|p2b: Venusaur|Sludge Bomb|p1b: Incineroar
|-damage|p1b: Incineroar|0 fnt
|faint|p1b: Incineroar
|-damage|p2b: Venusaur|44/100|[from] item: Life Orb
|move|p1a: Ceruledge|Bitter Blade|p2b: Venusaur
|-supereffective|p2b: Venusaur|1
|-damage|p2b: Venusaur|0 fnt
|faint|p2b: Venusaur
|move|p2a: Scrafty|Knock Off|p1a: Ceruledge
|-supereffective|p1a: Ceruledge|1
|-enditem|p1a: Ceruledge|Colbur Berry|[eat]
|-enditem|p1a: Ceruledge|Colbur Berry|[weaken]
|-damage|p1a: Ceruledge|60/100
|
|-weather|SunnyDay|[upkeep]
|upkeep
|
|t:|1783241342
|switch|p1b: Floette|Floette-Mega, L50, F|100/100
|-ability|p1b: Floette|Fairy Aura
|turn|7
|-message|BVSelf forfeited.
|
|win|Gayangos
|raw|Gayangos's rating: 1365 → 1383(+18 for winning)
|raw|BVSelf's rating: 1337 → 1319(-18 for losing)
