|j|☆navicorrin
|j|☆eljugoaaron
|html|navicorrineljugoaaron    
|uhtml|bestof|Game 2 of a best-of-3
|t:|1757908953
|gametype|doubles
|player|p1|navicorrin|caitlin|1095
|player|p2|eljugoaaron|169|1071
|gen|9
|tier|[Gen 9] VGC 2025 Reg H (Bo3)
|rated|
|rule|Species Clause: Limit one of each Pokémon
|rule|Item Clause: Limit 1 of each item
|clearpoke
|poke|p1|Excadrill, L50, F|
|poke|p1|Tyranitar, L50, F|
|poke|p1|Indeedee-F, L50, F|
|poke|p1|Gallade, L50, M|
|poke|p1|Whimsicott, L50, M|
|poke|p1|Volcarona, L50, F|
|poke|p2|Indeedee, L50, M|
|poke|p2|Sneasler, L50, F|
|poke|p2|Excadrill, L50, F|
|poke|p2|Magmar, L50, M|
|poke|p2|Tyranitar, L50, M|
|poke|p2|Corviknight, L50, F|
|teampreview|4
|showteam|p1|Excadrill||ClearAmulet|SandRush|HighHorsepower,IronHead,TeraBlast,Protect|||F|||50|,,,,,Fairy]Tyranitar||AssaultVest|SandStream|KnockOff,RockSlide,TeraBlast,StompingTantrum|||F|||50|,,,,,Flying]Indeedee-F||SitrusBerry|PsychicSurge|Psychic,FollowMe,TrickRoom,HelpingHand|||F|||50|,,,,,Grass]Gallade||LifeOrb|Sharpness|SacredSword,PsychoCut,TrickRoom,Protect|||M|||50|,,,,,Steel]Whimsicott||CovertCloak|Prankster|Tailwind,Moonblast,LightScreen,HelpingHand|||M|||50|,,,,,Dark]Volcarona||SafetyGoggles|FlameBody|FieryDance,GigaDrain,WillOWisp,QuiverDance|||F|||50|,,,,,Water
|showteam|p2|Indeedee||ChoiceScarf|PsychicSurge|ExpandingForce,TeraBlast,Protect,Trick|||M|||50|,,,,,Fire]Sneasler||FocusSash|PoisonTouch|DireClaw,FakeOut,CloseCombat,Coaching|||F|||50|,,,,,Ghost]Excadrill||ClearAmulet|SandRush|Earthquake,IronHead,SwordsDance,Protect|||F|||50|,,,,,Ground]Magmar||Eviolite|VitalSpirit|HeatWave,FollowMe,HelpingHand,Protect|||M|||50|,,,,,Grass]Tyranitar||AssaultVest|SandStream|RockSlide,KnockOff,LowKick,TeraBlast|||M|||50|,,,,,Flying]Corviknight||PsychicSeed|MirrorArmor|BraveBird,BulkUp,PowerTrip,Roost|||F|||50|,,,,,Water
|
|t:|1757908980
|teamsize|p1|4
|teamsize|p2|4
|start
|switch|p1a: Volcarona|Volcarona, L50, F, shiny|100/100
|switch|p1b: Whimsicott|Whimsicott, L50, M, shiny|100/100
|switch|p2a: Excadrill|Excadrill, L50, F|100/100
|switch|p2b: Tyranitar|Tyranitar, L50, M|100/100
|-weather|Sandstorm|[from] ability: Sand Stream|[of] p2b: Tyranitar
|turn|1
|inactive|Battle timer is ON: inactive players will automatically lose when time's up. (requested by navicorrin)
|inactive|eljugoaaron has 60 seconds left.
|
|t:|1757909020
|-terastallize|p1a: Volcarona|Water
|-terastallize|p2b: Tyranitar|Flying
|move|p2a: Excadrill|Protect|p2a: Excadrill
|-singleturn|p2a: Excadrill|Protect
|move|p1b: Whimsicott|Tailwind|p1b: Whimsicott
|-sidestart|p1: navicorrin|move: Tailwind
|move|p1a: Volcarona|Will-O-Wisp|p2b: Tyranitar
|-status|p2b: Tyranitar|brn
|move|p2b: Tyranitar|Rock Slide|p1a: Volcarona|[spread] p1a,p1b
|-damage|p1a: Volcarona|82/100
|-damage|p1b: Whimsicott|90/100
|
|-weather|Sandstorm|[upkeep]
|-damage|p1b: Whimsicott|84/100|[from] Sandstorm
|-damage|p2b: Tyranitar|95/100 brn|[from] Sandstorm
|-damage|p2b: Tyranitar|89/100 brn|[from] brn
|upkeep
|turn|2
|inactive|navicorrin has 30 seconds left.
|
|t:|1757909052
|switch|p1b: Gallade|Gallade, L50, M, shiny|100/100
|move|p1a: Volcarona|Will-O-Wisp|p2a: Excadrill
|-status|p2a: Excadrill|brn
|move|p2a: Excadrill|Earthquake|p1b: Gallade|[spread] p1a,p1b
|-immune|p2b: Tyranitar
|-damage|p1a: Volcarona|49/100
|-damage|p1b: Gallade|71/100
|move|p2b: Tyranitar|Tera Blast|p1b: Gallade|[anim] Tera Blast Flying
|-supereffective|p1b: Gallade
|-damage|p1b: Gallade|23/100
|
|-weather|Sandstorm|[upkeep]
|-damage|p1b: Gallade|17/100|[from] Sandstorm
|-damage|p2b: Tyranitar|83/100 brn|[from] Sandstorm
|-damage|p2a: Excadrill|95/100 brn|[from] brn
|-damage|p2b: Tyranitar|77/100 brn|[from] brn
|upkeep
|turn|3
|
|t:|1757909076
|move|p1b: Gallade|Protect|p1b: Gallade
|-singleturn|p1b: Gallade|Protect
|move|p1a: Volcarona|Quiver Dance|p1a: Volcarona
|-boost|p1a: Volcarona|spa|1
|-boost|p1a: Volcarona|spd|1
|-boost|p1a: Volcarona|spe|1
|move|p2a: Excadrill|Earthquake|p1a: Volcarona|[spread] p1a
|-activate|p1b: Gallade|move: Protect
|-immune|p2b: Tyranitar
|-damage|p1a: Volcarona|19/100
|move|p2b: Tyranitar|Knock Off|p1a: Volcarona
|-damage|p1a: Volcarona|0 fnt
|-enditem|p1a: Volcarona|Safety Goggles|[from] move: Knock Off|[of] p2b: Tyranitar
|faint|p1a: Volcarona
|
|-weather|Sandstorm|[upkeep]
|-damage|p1b: Gallade|11/100|[from] Sandstorm
|-damage|p2b: Tyranitar|72/100 brn|[from] Sandstorm
|-damage|p2a: Excadrill|89/100 brn|[from] brn
|-damage|p2b: Tyranitar|66/100 brn|[from] brn
|upkeep
|
|t:|1757909090
|switch|p1a: Excadrill|Excadrill, L50, F, shiny|100/100
|turn|4
|
|t:|1757909100
|move|p2a: Excadrill|Protect|p2a: Excadrill
|-singleturn|p2a: Excadrill|Protect
|move|p1a: Excadrill|High Horsepower|p2a: Excadrill
|-activate|p2a: Excadrill|move: Protect
|move|p1b: Gallade|Psycho Cut|p2b: Tyranitar
|-damage|p2b: Tyranitar|20/100 brn
|-damage|p1b: Gallade|2/100|[from] item: Life Orb
|move|p2b: Tyranitar|Rock Slide|p1a: Excadrill|[spread] p1a,p1b
|-resisted|p1a: Excadrill
|-resisted|p1b: Gallade
|-damage|p1a: Excadrill|96/100
|-damage|p1b: Gallade|0 fnt
|faint|p1b: Gallade
|
|-weather|Sandstorm|[upkeep]
|-damage|p2b: Tyranitar|15/100 brn|[from] Sandstorm
|-damage|p2a: Excadrill|83/100 brn|[from] brn
|-damage|p2b: Tyranitar|9/100 brn|[from] brn
|-sideend|p1: navicorrin|move: Tailwind
|upkeep
|
|t:|1757909111
|switch|p1b: Whimsicott|Whimsicott, L50, M, shiny|84/100
|turn|5
|
|t:|1757909120
|move|p1b: Whimsicott|Tailwind|p1b: Whimsicott
|-sidestart|p1: navicorrin|move: Tailwind
|move|p1a: Excadrill|High Horsepower|p2a: Excadrill
|-supereffective|p2a: Excadrill
|-damage|p2a: Excadrill|0 fnt
|faint|p2a: Excadrill
|move|p2b: Tyranitar|Low Kick|p1a: Excadrill
|-supereffective|p1a: Excadrill
|-damage|p1a: Excadrill|75/100
|
|-weather|none
|-damage|p2b: Tyranitar|3/100 brn|[from] brn
|upkeep
|
|t:|1757909127
|switch|p2a: Corviknight|Corviknight, L50, F|100/100
|turn|6
|
|t:|1757909142
|switch|p2b: Indeedee|Indeedee, L50, M|100/100
|-fieldstart|move: Psychic Terrain|[from] ability: Psychic Surge|[of] p2b: Indeedee
|-enditem|p2a: Corviknight|Psychic Seed
|-boost|p2a: Corviknight|spd|1|[from] item: Psychic Seed
|move|p1b: Whimsicott|Helping Hand|p1a: Excadrill
|-singleturn|p1a: Excadrill|Helping Hand|[of] p1b: Whimsicott
|move|p1a: Excadrill|Iron Head|p2a: Corviknight
|-resisted|p2a: Corviknight
|-damage|p2a: Corviknight|72/100
|move|p2a: Corviknight|Bulk Up|p2a: Corviknight
|-boost|p2a: Corviknight|atk|1
|-boost|p2a: Corviknight|def|1
|
|upkeep
|turn|7
|-message|navicorrin forfeited.
|
|win|eljugoaaron
|raw|navicorrin's rating: 1095 → 1069(-26 for losing)
|raw|eljugoaaron's rating: 1071 → 1102(+31 for winning)
|l|☆navicorrin
|player|p1|
|l|☆eljugoaaron
|player|p2|
