|j|☆zzsachi
|j|☆Can I pet the dog?
|html|zzsachiCan I pet the dog?    
|uhtml|bestof|Game 2 of a best-of-3
|t:|1783088339
|gametype|doubles
|player|p1|zzsachi|artist-gen4|1195
|player|p2|Can I pet the dog?|yancy|1273
|gen|9
|tier|[Gen 9 Champions] VGC 2026 Reg M-B (Bo3)
|rated|
|rule|Species Clause: Limit one of each Pokémon
|rule|Item Clause: Limit 1 of each item
|clearpoke
|poke|p1|Blaziken, L50, M|
|poke|p1|Kingambit, L50, M|
|poke|p1|Basculegion, L50, M|
|poke|p1|Sylveon, L50, M|
|poke|p1|Torkoal, L50, M|
|poke|p1|Aerodactyl, L50, F|
|poke|p2|Sinistcha, L50|
|poke|p2|Incineroar, L50, F|
|poke|p2|Milotic, L50, F|
|poke|p2|Raichu, L50, F|
|poke|p2|Floette-Eternal, L50, F|
|poke|p2|Ceruledge, L50, M|
|teampreview|4
|showteam|p1|Blaziken||Blazikenite|SpeedBoost|FlareBlitz,CloseCombat,Protect,RockSlide|Adamant||M|||50|]Kingambit||LifeOrb|Defiant|KowtowCleave,Protect,IronHead,SuckerPunch|Adamant||M|||50|]Basculegion||FocusSash|Adaptability|Liquidation,Protect,LastRespects,AquaJet|Adamant||M|||50|]Sylveon||FairyFeather|Pixilate|HyperVoice,HyperBeam,QuickAttack,Detect|Modest||M|||50|]Torkoal||Leftovers|Drought|BurningJealousy,WeatherBall,Protect,Yawn|Relaxed||M|||50|]Aerodactyl||Aerodactylite|Unnerve|IceFang,RockSlide,Tailwind,DualWingbeat|Jolly||F|||50|
|showteam|p2|Sinistcha||KasibBerry|Hospitality|MatchaGotcha,LifeDew,RagePowder,Protect|Relaxed|||||50|]Incineroar||SitrusBerry|Intimidate|FlareBlitz,ThroatChop,FakeOut,PartingShot|Impish||F|||50|]Milotic||Leftovers|Competitive|MuddyWater,Coil,Hypnosis,Protect|Calm||F|||50|]Raichu||RaichuniteY|LightningRod|ZapCannon,FocusBlast,FakeOut,Protect|Timid||F|||50|]Floette-Eternal||Floettite|FlowerVeil|DazzlingGleam,DrainingKiss,CalmMind,Protect|Timid||F|||50|]Ceruledge||ColburBerry|FlashFire|BitterBlade,ShadowSneak,BulkUp,Protect|Adamant||M|||50|
|inactive|Battle timer is ON: inactive players will automatically lose when time's up. (requested by Can I pet the dog?)
|
|t:|1783088365
|teamsize|p1|4
|teamsize|p2|4
|start
|switch|p1a: Blaziken|Blaziken, L50, M|100/100
|switch|p1b: Kingambit|Kingambit, L50, M|100/100
|switch|p2a: Raichu|Raichu, L50, F|100/100
|switch|p2b: Ceruledge|Ceruledge, L50, M|100/100
|turn|1
|
|t:|1783088384
|detailschange|p2a: Raichu|Raichu-Mega-Y, L50, F
|-mega|p2a: Raichu|Raichu|Raichunite Y
|detailschange|p1a: Blaziken|Blaziken-Mega, L50, M
|-mega|p1a: Blaziken|Blaziken|Blazikenite
|move|p1a: Blaziken|Protect|p1a: Blaziken
|-singleturn|p1a: Blaziken|Protect
|move|p1b: Kingambit|Protect|p1b: Kingambit
|-singleturn|p1b: Kingambit|Protect
|move|p2a: Raichu|Zap Cannon|p1a: Blaziken
|-activate|p1a: Blaziken|move: Protect
|move|p2b: Ceruledge|Bulk Up|p2b: Ceruledge
|-boost|p2b: Ceruledge|atk|1
|-boost|p2b: Ceruledge|def|1
|
|-ability|p1a: Blaziken|Speed Boost|boost
|-boost|p1a: Blaziken|spe|1
|upkeep
|turn|2
|
|t:|1783088403
|switch|p2a: Incineroar|Incineroar, L50, F|100/100
|-ability|p2a: Incineroar|Intimidate|boost
|-unboost|p1a: Blaziken|atk|1
|-unboost|p1b: Kingambit|atk|1
|-ability|p1b: Kingambit|Defiant|boost
|-boost|p1b: Kingambit|atk|2
|move|p1b: Kingambit|Sucker Punch|p2b: Ceruledge
|-supereffective|p2b: Ceruledge|1
|-enditem|p2b: Ceruledge|Colbur Berry|[eat]
|-enditem|p2b: Ceruledge|Colbur Berry|[weaken]
|-damage|p2b: Ceruledge|39/100
|-damage|p1b: Kingambit|90/100|[from] item: Life Orb
|move|p1a: Blaziken|Rock Slide|p2a: Incineroar|[spread] p2a
|-miss|p1a: Blaziken|p2b: Ceruledge
|-supereffective|p2a: Incineroar|1
|-damage|p2a: Incineroar|74/100
|move|p2b: Ceruledge|Bitter Blade|p1b: Kingambit
|-supereffective|p1b: Kingambit|1
|-damage|p1b: Kingambit|0 fnt
|-heal|p2b: Ceruledge|88/100|[from] drain|[of] p1b: Kingambit
|faint|p1b: Kingambit
|
|-ability|p1a: Blaziken|Speed Boost|boost
|-boost|p1a: Blaziken|spe|1
|upkeep
|
|t:|1783088420
|switch|p1b: Basculegion|Basculegion, L50, M|100/100
|turn|3
|inactive|Can I pet the dog? has 30 seconds left.
|
|t:|1783088445
|switch|p1a: Sylveon|Sylveon, L50, M|100/100
|move|p2b: Ceruledge|Protect|p2b: Ceruledge
|-singleturn|p2b: Ceruledge|Protect
|move|p1b: Basculegion|Liquidation|p2a: Incineroar
|-supereffective|p2a: Incineroar|1
|-damage|p2a: Incineroar|0 fnt
|faint|p2a: Incineroar
|
|upkeep
|
|t:|1783088452
|switch|p2a: Raichu|Raichu-Mega-Y, L50, F|100/100
|turn|4
|inactive|Can I pet the dog? has 30 seconds left.
|inactive|Can I pet the dog? has 20 seconds left.
|inactive|Can I pet the dog? has 15 seconds left.
|inactive|Can I pet the dog? has 10 seconds left.
|inactive|Can I pet the dog? has 5 seconds left.
|
|t:|1783088503
|move|p1b: Basculegion|Protect|p1b: Basculegion
|-singleturn|p1b: Basculegion|Protect
|move|p2b: Ceruledge|Shadow Sneak|p1b: Basculegion
|-activate|p1b: Basculegion|move: Protect
|move|p2a: Raichu|Zap Cannon|p1a: Sylveon
|-damage|p1a: Sylveon|51/100
|-status|p1a: Sylveon|par
|move|p1a: Sylveon|Hyper Voice|p2a: Raichu|[spread] p2a,p2b
|-resisted|p2b: Ceruledge|1
|-damage|p2a: Raichu|39/100
|-damage|p2b: Ceruledge|65/100
|
|upkeep
|turn|5
|inactive|zzsachi has 30 seconds left.
|inactive|zzsachi has 20 seconds left.
|inactive|zzsachi has 15 seconds left.
|inactive|Can I pet the dog? has 30 seconds left.
|inactive|zzsachi has 10 seconds left.
|inactive|zzsachi has 5 seconds left.
|
|t:|1783088557
|switch|p2b: Sinistcha|Sinistcha, L50|100/100
|-heal|p2a: Raichu|64/100|[from] ability: Hospitality|[of] p2b: Sinistcha
|move|p1b: Basculegion|Aqua Jet|p2b: Sinistcha
|-resisted|p2b: Sinistcha|1
|-damage|p2b: Sinistcha|86/100
|move|p2a: Raichu|Zap Cannon|p1b: Basculegion
|-supereffective|p1b: Basculegion|1
|-enditem|p1b: Basculegion|Focus Sash
|-damage|p1b: Basculegion|1/100
|-status|p1b: Basculegion|par
|move|p1a: Sylveon|Hyper Voice|p2a: Raichu|[spread] p2a,p2b
|-damage|p2a: Raichu|5/100
|-damage|p2b: Sinistcha|39/100
|
|upkeep
|turn|6
|inactive|zzsachi has 30 seconds left.
|inactive|Can I pet the dog? has 30 seconds left.
|inactive|Can I pet the dog? has 20 seconds left.
|inactive|Can I pet the dog? has 15 seconds left.
|inactive|Can I pet the dog? has 10 seconds left.
|inactive|Can I pet the dog? has 5 seconds left.
|inactive|zzsachi has 20 seconds left.
|inactive|zzsachi has 15 seconds left.
|
|t:|1783088618
|move|p2a: Raichu|Protect|p2a: Raichu
|-singleturn|p2a: Raichu|Protect
|move|p1b: Basculegion|Aqua Jet|p2a: Raichu
|-activate|p2a: Raichu|move: Protect
|move|p2b: Sinistcha|Matcha Gotcha|p1a: Sylveon|[spread] p1a,p1b
|-supereffective|p1b: Basculegion|1
|-damage|p1a: Sylveon|31/100 par
|-heal|p2b: Sinistcha|49/100|[from] drain|[of] p1a: Sylveon
|-damage|p1b: Basculegion|0 fnt
|-heal|p2b: Sinistcha|50/100y|[from] drain|[of] p1b: Basculegion
|faint|p1b: Basculegion
|cant|p1a: Sylveon|par
|
|upkeep
|
|t:|1783088632
|switch|p1b: Blaziken|Blaziken-Mega, L50, M|100/100
|turn|7
|
|t:|1783088649
|switch|p2b: Ceruledge|Ceruledge, L50, M|65/100
|move|p1b: Blaziken|Protect|p1b: Blaziken
|-singleturn|p1b: Blaziken|Protect
|move|p1a: Sylveon|Detect|p1a: Sylveon
|-singleturn|p1a: Sylveon|Protect
|move|p2a: Raichu|Zap Cannon|p1a: Sylveon
|-activate|p1a: Sylveon|move: Protect
|
|-ability|p1b: Blaziken|Speed Boost|boost
|-boost|p1b: Blaziken|spe|1
|upkeep
|turn|8
|inactive|zzsachi has 30 seconds left.
|inactive|zzsachi has 20 seconds left.
|inactive|zzsachi has 15 seconds left.
|
|t:|1783088692
|switch|p2a: Sinistcha|Sinistcha, L50|50/100y
|-heal|p2b: Ceruledge|90/100|[from] ability: Hospitality|[of] p2a: Sinistcha
|move|p1a: Sylveon|Detect||[still]
|-fail|p1a: Sylveon
|move|p1b: Blaziken|Flare Blitz|p2a: Sinistcha
|-supereffective|p2a: Sinistcha|1
|-damage|p2a: Sinistcha|0 fnt
|faint|p2a: Sinistcha
|-damage|p1b: Blaziken|81/100|[from] Recoil
|move|p2b: Ceruledge|Bitter Blade|p1a: Sylveon
|-damage|p1a: Sylveon|0 fnt
|-heal|p2b: Ceruledge|100/100|[from] drain|[of] p1a: Sylveon
|faint|p1a: Sylveon
|
|-ability|p1b: Blaziken|Speed Boost|boost
|-boost|p1b: Blaziken|spe|1
|upkeep
|
|t:|1783088700
|switch|p2a: Raichu|Raichu-Mega-Y, L50, F|5/100
|turn|9
|
|t:|1783088708
|move|p1b: Blaziken|Protect|p1b: Blaziken
|-singleturn|p1b: Blaziken|Protect
|move|p2a: Raichu|Fake Out|p1b: Blaziken
|-activate|p1b: Blaziken|move: Protect
|move|p2b: Ceruledge|Bulk Up|p2b: Ceruledge
|-boost|p2b: Ceruledge|atk|1
|-boost|p2b: Ceruledge|def|1
|
|-ability|p1b: Blaziken|Speed Boost|boost
|-boost|p1b: Blaziken|spe|1
|upkeep
|turn|10
|
|t:|1783088717
|move|p2a: Raichu|Protect|p2a: Raichu
|-singleturn|p2a: Raichu|Protect
|move|p2b: Ceruledge|Shadow Sneak|p1b: Blaziken
|-damage|p1b: Blaziken|40/100
|move|p1b: Blaziken|Rock Slide|p2a: Raichu|[spread] p2b
|-activate|p2a: Raichu|move: Protect
|-supereffective|p2b: Ceruledge|1
|-damage|p2b: Ceruledge|63/100
|
|-ability|p1b: Blaziken|Speed Boost|boost
|-boost|p1b: Blaziken|spe|1
|upkeep
|turn|11
|
|t:|1783088728
|move|p2a: Raichu|Protect||[still]
|-fail|p2a: Raichu
|move|p2b: Ceruledge|Shadow Sneak|p1b: Blaziken
|-damage|p1b: Blaziken|0 fnt
|faint|p1b: Blaziken
|
|win|Can I pet the dog?
