|j|☆endershovel
|j|☆eggtart69
|html|endershoveleggtart69    
|uhtml|bestof|Game 1 of a best-of-3
|t:|1782980973
|gametype|doubles
|player|p1|endershovel|170|1306
|player|p2|eggtart69|266|1119
|gen|9
|tier|[Gen 9 Champions] VGC 2026 Reg M-B (Bo3)
|rated|
|rule|Species Clause: Limit one of each Pokémon
|rule|Item Clause: Limit 1 of each item
|clearpoke
|poke|p1|Starmie, L50, shiny|
|poke|p1|Sneasler, L50, F|
|poke|p1|Pelipper, L50, M|
|poke|p1|Archaludon, L50, F|
|poke|p1|Sinistcha-Masterpiece, L50|
|poke|p1|Kingambit, L50, M|
|poke|p2|Snorlax, L50, M|
|poke|p2|Clefable, L50, M|
|poke|p2|Starmie, L50|
|poke|p2|Sceptile, L50, M|
|poke|p2|Bellibolt, L50, M|
|poke|p2|Espathra, L50, M|
|teampreview|4
|showteam|p1|Starmie||Starminite|NaturalCure|Liquidation,ZenHeadbutt,AquaJet,Protect|Jolly|||||50|]Sneasler||WhiteHerb|Unburden|CloseCombat,DireClaw,Coaching,FakeOut|Adamant||F|||50|]Pelipper||SitrusBerry|Drizzle|Hurricane,WeatherBall,Tailwind,Protect|Modest||M|||50|]Archaludon||Leftovers|Stamina|ElectroShot,FlashCannon,DragonPulse,Protect|Modest||F|||50|]Sinistcha-Masterpiece||ColburBerry|Hospitality|MatchaGotcha,RagePowder,TrickRoom,Imprison|Calm|||||50|]Kingambit||ChopleBerry|Defiant|KowtowCleave,SuckerPunch,LowKick,Protect|Adamant||M|||50|
|showteam|p2|Snorlax||QuickClaw|ThickFat|SelfDestruct,BodySlam,Earthquake,IcePunch|Brave||M|||50|]Clefable||Leftovers|MagicGuard|FollowMe,Protect,Moonblast,ChillingWater|Calm||M|||50|]Starmie||Starminite|NaturalCure|Protect,Liquidation,SelfDestruct,PsychoCut|Jolly|||||50|]Sceptile||Sceptilite|Overgrow|EarthPower,EnergyBall,DragonPulse,Protect|Timid||M|||50|]Bellibolt||LifeOrb|Electromorphosis|ParabolicCharge,Protect,SlackOff,WeatherBall|Modest||M|||50|]Espathra||BrightPowder|SpeedBoost|DazzlingGleam,LuminaCrash,Protect,Psyshock|Modest||M|||50|
|inactive|Battle timer is ON: inactive players will automatically lose when time's up. (requested by eggtart69)
|
|t:|1782981072
|teamsize|p1|4
|teamsize|p2|4
|start
|switch|p1a: Pelipper|Pelipper, L50, M|100/100
|switch|p1b: Sneasler|Sneasler, L50, F|100/100
|switch|p2a: Sceptile|Sceptile, L50, M|100/100
|switch|p2b: Bellibolt|Bellibolt, L50, M|100/100
|-weather|RainDance|[from] ability: Drizzle|[of] p1a: Pelipper
|turn|1
|
|t:|1782981093
|detailschange|p2a: Sceptile|Sceptile-Mega, L50, M
|-mega|p2a: Sceptile|Sceptile|Sceptilite
|move|p1b: Sneasler|Fake Out|p2b: Bellibolt
|-damage|p2b: Bellibolt|85/100
|-start|p2b: Bellibolt|Charge|Fake Out|[from] ability: Electromorphosis
|move|p2a: Sceptile|Earth Power|p1b: Sneasler
|-supereffective|p1b: Sneasler|1
|-damage|p1b: Sneasler|17/100
|move|p1a: Pelipper|Tailwind|p1a: Pelipper
|-sidestart|p1: endershovel|move: Tailwind
|cant|p2b: Bellibolt|flinch
|-end|p2b: Bellibolt|Charge|[silent]
|
|-weather|RainDance|[upkeep]
|upkeep
|turn|2
|
|t:|1782981111
|move|p2a: Sceptile|Protect|p2a: Sceptile
|-singleturn|p2a: Sceptile|Protect
|move|p1b: Sneasler|Dire Claw|p2a: Sceptile
|-activate|p2a: Sceptile|move: Protect
|move|p1a: Pelipper|Hurricane|p2a: Sceptile
|-activate|p2a: Sceptile|move: Protect
|move|p2b: Bellibolt|Parabolic Charge|p1b: Sneasler|[spread] p1a,p1b
|-activate|p2a: Sceptile|move: Protect
|-supereffective|p1a: Pelipper|2
|-damage|p1a: Pelipper|0 fnt
|-heal|p2b: Bellibolt|100/100|[from] drain|[of] p1a: Pelipper
|-damage|p1b: Sneasler|0 fnt
|faint|p1a: Pelipper
|faint|p1b: Sneasler
|-damage|p2b: Bellibolt|90/100|[from] item: Life Orb
|
|-weather|RainDance|[upkeep]
|upkeep
|
|t:|1782981115
|switch|p1b: Kingambit|Kingambit, L50, M|100/100
|switch|p1a: Starmie|Starmie, L50, shiny|100/100
|turn|3
|
|t:|1782981140
|detailschange|p1a: Starmie|Starmie-Mega, L50, shiny
|-mega|p1a: Starmie|Starmie|Starminite
|move|p1b: Kingambit|Sucker Punch|p2a: Sceptile
|-damage|p2a: Sceptile|42/100
|move|p1a: Starmie|Zen Headbutt|p2a: Sceptile
|-damage|p2a: Sceptile|0 fnt
|faint|p2a: Sceptile
|move|p2b: Bellibolt|Parabolic Charge|p1a: Starmie|[spread] p1a,p1b
|-supereffective|p1a: Starmie|1
|-damage|p1a: Starmie|42/100
|-heal|p2b: Bellibolt|100/100|[from] drain|[of] p1a: Starmie
|-damage|p1b: Kingambit|68/100
|-damage|p2b: Bellibolt|90/100|[from] item: Life Orb
|
|-weather|RainDance|[upkeep]
|upkeep
|
|t:|1782981164
|switch|p2a: Snorlax|Snorlax, L50, M|100/100
|turn|4
|
|t:|1782981180
|move|p1a: Starmie|Protect|p1a: Starmie
|-singleturn|p1a: Starmie|Protect
|move|p1b: Kingambit|Protect|p1b: Kingambit
|-singleturn|p1b: Kingambit|Protect
|move|p2b: Bellibolt|Parabolic Charge|p1b: Kingambit|[spread] p2a
|-activate|p1a: Starmie|move: Protect
|-activate|p1b: Kingambit|move: Protect
|-damage|p2a: Snorlax|80/100
|-heal|p2b: Bellibolt|100/100|[from] drain|[of] p2a: Snorlax
|-damage|p2b: Bellibolt|90/100|[from] item: Life Orb
|move|p2a: Snorlax|Body Slam|p1b: Kingambit
|-activate|p1b: Kingambit|move: Protect
|
|-weather|RainDance|[upkeep]
|-sideend|p1: endershovel|move: Tailwind
|upkeep
|turn|5
|
|t:|1782981197
|move|p2b: Bellibolt|Protect|p2b: Bellibolt
|-singleturn|p2b: Bellibolt|Protect
|move|p1a: Starmie|Liquidation|p2b: Bellibolt
|-activate|p2b: Bellibolt|move: Protect
|move|p1b: Kingambit|Low Kick|p2a: Snorlax
|-supereffective|p2a: Snorlax|1
|-damage|p2a: Snorlax|0 fnt
|faint|p2a: Snorlax
|
|-weather|none
|upkeep
|
|t:|1782981208
|switch|p2a: Espathra|Espathra, L50, M|100/100
|turn|6
|
|t:|1782981221
|move|p2a: Espathra|Protect|p2a: Espathra
|-singleturn|p2a: Espathra|Protect
|move|p1b: Kingambit|Sucker Punch|p2b: Bellibolt
|-damage|p2b: Bellibolt|57/100
|-start|p2b: Bellibolt|Charge|Sucker Punch|[from] ability: Electromorphosis
|move|p1a: Starmie|Liquidation|p2b: Bellibolt
|-damage|p2b: Bellibolt|0 fnt
|faint|p2b: Bellibolt
|
|-ability|p2a: Espathra|Speed Boost|boost
|-boost|p2a: Espathra|spe|1
|upkeep
|turn|7
|
|t:|1782981234
|move|p1b: Kingambit|Sucker Punch|p2a: Espathra|[miss]
|-miss|p1b: Kingambit|p2a: Espathra
|move|p2a: Espathra|Dazzling Gleam|p1b: Kingambit|[spread] p1a,p1b
|-damage|p1a: Starmie|22/100
|-damage|p1b: Kingambit|49/100
|move|p1a: Starmie|Liquidation|p2a: Espathra
|-damage|p2a: Espathra|0 fnt
|faint|p2a: Espathra
|
|win|endershovel
||eggtart69 is ready for game 2.
