|j|☆NemoAK
|j|☆song0x00
|html|NemoAKsong0x00    
|uhtml|bestof|Game 2 of a best-of-3
|t:|1782571054
|gametype|doubles
|player|p1|NemoAK|265|1141
|player|p2|song0x00|drayton|1178
|gen|9
|tier|[Gen 9 Champions] VGC 2026 Reg M-B (Bo3)
|rated|
|rule|Species Clause: Limit one of each Pokémon
|rule|Item Clause: Limit 1 of each item
|clearpoke
|poke|p1|Charizard, L50, M|
|poke|p1|Whimsicott, L50, M|
|poke|p1|Basculegion, L50, M|
|poke|p1|Farigiraf, L50, M|
|poke|p1|Garchomp, L50, M|
|poke|p1|Crabominable, L50, M|
|poke|p2|Blaziken, L50, F, shiny|
|poke|p2|Kingambit, L50, F|
|poke|p2|Basculegion, L50, M|
|poke|p2|Ninetales-Alola, L50, F, shiny|
|poke|p2|Gengar, L50, F, shiny|
|poke|p2|Incineroar, L50, F, shiny|
|teampreview|4
|showteam|p1|Charizard||CharizarditeY|Blaze|HeatWave,WeatherBall,SolarBeam,Protect|Modest||M|||50|]Whimsicott||MentalHerb|Prankster|Moonblast,Tailwind,LightScreen,Encore|Bold||M|||50|]Basculegion||ChoiceScarf|Adaptability|LastRespects,WaveCrash,AquaJet,HeadSmash|Adamant||M|||50|]Farigiraf||SitrusBerry|ArmorTail|Psychic,HyperVoice,TrickRoom,HelpingHand|Quiet||M|||50|]Garchomp||LifeOrb|RoughSkin|Earthquake,RockSlide,ScaleShot,Protect|Jolly||M|||50|]Crabominable||Crabominite|HyperCutter|IceHammer,CloseCombat,KnockOff,Protect|Brave||M|||50|
|showteam|p2|Blaziken||Blazikenite|SpeedBoost|CloseCombat,RockSlide,FlareBlitz,Detect|Adamant||F|||50|]Kingambit||LifeOrb|Defiant|KowtowCleave,SuckerPunch,Protect,IronHead|Adamant||F|||50|]Basculegion||FocusSash|Adaptability|Liquidation,LastRespects,AquaJet,Protect|Adamant||M|||50|]Ninetales-Alola||NeverMeltIce|SnowWarning|Blizzard,FreezeDry,Encore,Protect|Timid||F|||50|]Gengar||Gengarite|CursedBody|ShadowBall,Disable,PerishSong,Protect|Modest||F|||50|]Incineroar||PasshoBerry|Intimidate|FakeOut,PartingShot,FlareBlitz,Protect|Relaxed||F|||50|
|inactive|Battle timer is ON: inactive players will automatically lose when time's up. (requested by NemoAK)
|inactive|song0x00 has 60 seconds left.
|
|t:|1782571108
|teamsize|p1|4
|teamsize|p2|4
|start
|switch|p1a: Charizard|Charizard, L50, M|100/100
|switch|p1b: Garchomp|Garchomp, L50, M|100/100
|switch|p2a: Selene|Blaziken, L50, F, shiny|100/100
|switch|p2b: Orpheus|Kingambit, L50, F|100/100
|turn|1
|
|t:|1782571123
|switch|p2b: Nyx|Incineroar, L50, F, shiny|100/100
|-ability|p2b: Nyx|Intimidate|boost
|-unboost|p1a: Charizard|atk|1
|-unboost|p1b: Garchomp|atk|1
|detailschange|p2a: Selene|Blaziken-Mega, L50, F, shiny
|-mega|p2a: Selene|Blaziken|Blazikenite
|detailschange|p1a: Charizard|Charizard-Mega-Y, L50, M
|-mega|p1a: Charizard|Charizard|Charizardite Y
|-weather|SunnyDay|[from] ability: Drought|[of] p1a: Charizard
|move|p2a: Selene|Detect|p2a: Selene
|-singleturn|p2a: Selene|Protect
|move|p1b: Garchomp|Earthquake|p2b: Nyx|[spread] p2b
|-activate|p2a: Selene|move: Protect
|-immune|p1a: Charizard
|-supereffective|p2b: Nyx|1
|-damage|p2b: Nyx|48/100
|-damage|p1b: Garchomp|90/100|[from] item: Life Orb
|move|p1a: Charizard|Heat Wave|p2a: Selene|[spread] p2b
|-activate|p2a: Selene|move: Protect
|-resisted|p2b: Nyx|1
|-damage|p2b: Nyx|22/100
|
|-weather|SunnyDay|[upkeep]
|-ability|p2a: Selene|Speed Boost|boost
|-boost|p2a: Selene|spe|1
|upkeep
|turn|2
|inactive|song0x00 has 30 seconds left.
|
|t:|1782571151
|switch|p1a: Farigiraf|Farigiraf, L50, M|100/100
|move|p2b: Nyx|Fake Out||[still]
|cant|p1a: Farigiraf|ability: Armor Tail|Fake Out|[of] p2b: Nyx
|move|p2a: Selene|Rock Slide|p1a: Farigiraf|[spread] p1a,p1b
|-resisted|p1b: Garchomp|1
|-damage|p1a: Farigiraf|76/100
|-damage|p1b: Garchomp|78/100
|cant|p1b: Garchomp|flinch
|
|-weather|SunnyDay|[upkeep]
|-ability|p2a: Selene|Speed Boost|boost
|-boost|p2a: Selene|spe|1
|upkeep
|turn|3
|
|t:|1782571171
|move|p2a: Selene|Close Combat|p1a: Farigiraf
|-damage|p1a: Farigiraf|7/100
|-unboost|p2a: Selene|def|1
|-unboost|p2a: Selene|spd|1
|-enditem|p1a: Farigiraf|Sitrus Berry|[eat]
|-heal|p1a: Farigiraf|32/100|[from] item: Sitrus Berry
|move|p1b: Garchomp|Scale Shot|p2b: Nyx
|-damage|p2b: Nyx|14/100
|-damage|p2b: Nyx|4/100
|-damage|p2b: Nyx|0 fnt
|faint|p2b: Nyx
|-hitcount|p2: Nyx|3
|-unboost|p1b: Garchomp|def|1
|-boost|p1b: Garchomp|spe|1
|-damage|p1b: Garchomp|69/100|[from] item: Life Orb
|move|p1a: Farigiraf|Psychic|p2a: Selene
|-supereffective|p2a: Selene|1
|-damage|p2a: Selene|0 fnt
|faint|p2a: Selene
|
|-weather|SunnyDay|[upkeep]
|upkeep
|
|t:|1782571190
|switch|p2a: Orpheus|Kingambit, L50, F|100/100
|switch|p2b: Aya|Ninetales-Alola, L50, F, shiny|100/100
|-weather|Snowscape|[from] ability: Snow Warning|[of] p2b: Aya
|turn|4
|inactive|NemoAK has 30 seconds left.
|
|t:|1782571218
|move|p1a: Farigiraf|Helping Hand|p1b: Garchomp
|-singleturn|p1b: Garchomp|Helping Hand|[of] p1a: Farigiraf
|move|p1b: Garchomp|Earthquake|p2b: Aya|[spread] p1a,p2a,p2b
|-supereffective|p2a: Orpheus|1
|-damage|p1a: Farigiraf|0 fnt
|-damage|p2a: Orpheus|25/100
|-damage|p2b: Aya|53/100
|faint|p1a: Farigiraf
|-damage|p1b: Garchomp|59/100|[from] item: Life Orb
|move|p2b: Aya|Freeze-Dry|p1b: Garchomp
|-supereffective|p1b: Garchomp|2
|-damage|p1b: Garchomp|0 fnt
|faint|p1b: Garchomp
|move|p2a: Orpheus|Kowtow Cleave|p1: Farigiraf|[notarget]
|-fail|p2a: Orpheus
|
|-weather|Snowscape|[upkeep]
|upkeep
|
|t:|1782571224
|switch|p1b: Basculegion|Basculegion, L50, M|100/100
|switch|p1a: Charizard|Charizard-Mega-Y, L50, M|100/100
|-weather|SunnyDay|[from] ability: Drought|[of] p1a: Charizard
|turn|5
|
|t:|1782571241
|move|p2b: Aya|Protect|p2b: Aya
|-singleturn|p2b: Aya|Protect
|move|p1b: Basculegion|Aqua Jet|p2b: Aya
|-activate|p2b: Aya|move: Protect
|move|p2a: Orpheus|Sucker Punch||[still]
|-fail|p2a: Orpheus
|move|p1a: Charizard|Heat Wave|p2b: Aya|[spread] p2a
|-activate|p2b: Aya|move: Protect
|-supereffective|p2a: Orpheus|1
|-damage|p2a: Orpheus|0 fnt
|faint|p2a: Orpheus
|
|-weather|SunnyDay|[upkeep]
|upkeep
|turn|6
|
|t:|1782571250
|move|p1a: Charizard|Protect|p1a: Charizard
|-singleturn|p1a: Charizard|Protect
|move|p1b: Basculegion|Aqua Jet|p2b: Aya
|-damage|p2b: Aya|37/100
|move|p2b: Aya|Freeze-Dry|p1b: Basculegion
|-supereffective|p1b: Basculegion|1
|-damage|p1b: Basculegion|35/100
|
|-weather|SunnyDay|[upkeep]
|upkeep
|turn|7
|
|t:|1782571259
|move|p1b: Basculegion|Aqua Jet|p2b: Aya
|-damage|p2b: Aya|21/100
|move|p2b: Aya|Encore|p1a: Charizard
|-start|p1a: Charizard|Encore
|move|p1a: Charizard|Protect||[still]
|-fail|p1a: Charizard
|
|-weather|SunnyDay|[upkeep]
|upkeep
|turn|8
|
|t:|1782571267
|move|p1a: Charizard|Protect|p1a: Charizard
|-singleturn|p1a: Charizard|Protect
|move|p1b: Basculegion|Aqua Jet|p2b: Aya
|-damage|p2b: Aya|2/100
|move|p2b: Aya|Freeze-Dry|p1b: Basculegion
|-supereffective|p1b: Basculegion|1
|-damage|p1b: Basculegion|0 fnt
|faint|p1b: Basculegion
|
|-weather|SunnyDay|[upkeep]
|upkeep
|turn|9
|c|☆NemoAK|I am actually stupid
|c|☆song0x00|LOL
|
|t:|1782571277
|move|p1a: Charizard|Protect||[still]
|-fail|p1a: Charizard
|move|p2b: Aya|Freeze-Dry|p1a: Charizard
|-damage|p1a: Charizard|72/100
|
|-weather|none
|-end|p1a: Charizard|Encore
|upkeep
|turn|10
|
|t:|1782571284
|move|p2b: Aya|Encore|p1a: Charizard
|-start|p1a: Charizard|Encore
|move|p1a: Charizard|Protect||[still]
|-fail|p1a: Charizard
|
|upkeep
|turn|11
|c|☆NemoAK|Fair play tho
|
|t:|1782571295
|move|p1a: Charizard|Protect|p1a: Charizard
|-singleturn|p1a: Charizard|Protect
|move|p2b: Aya|Freeze-Dry|p1a: Charizard
|-activate|p1a: Charizard|move: Protect
|
|upkeep
|turn|12
|c|☆song0x00|didnt even think of it
|
|t:|1782571301
|move|p1a: Charizard|Protect||[still]
|-fail|p1a: Charizard
|move|p2b: Aya|Freeze-Dry|p1a: Charizard
|-damage|p1a: Charizard|41/100
|
|-end|p1a: Charizard|Encore
|upkeep
|turn|13
|
|t:|1782571321
|move|p2b: Aya|Encore|p1a: Charizard
|-start|p1a: Charizard|Encore
|move|p1a: Charizard|Protect||[still]
|-fail|p1a: Charizard
|
|-end|p1a: Charizard|Encore
|upkeep
|turn|14
|
|t:|1782571328
|move|p2b: Aya|Freeze-Dry|p1a: Charizard
|-damage|p1a: Charizard|11/100
|move|p1a: Charizard|Weather Ball|p2b: Aya
|-damage|p2b: Aya|0 fnt
|faint|p2b: Aya
|
|win|NemoAK
|raw|NemoAK's rating: 1141 → 1169(+28 for winning)
|raw|song0x00's rating: 1178 → 1150(-28 for losing)
|c|☆song0x00|oh
|c|☆NemoAK|Gg
|c|☆song0x00|thats how that works
|c|☆song0x00|LOL gg
|c|☆NemoAK|Even if it didn’t struggle would ko
|c|☆NemoAK|Wp
|c|☆song0x00|yeah i figured
|c|☆song0x00|ggs
