|j|☆SeedDengoTesting
|j|☆marcosdeltasena31
|html|SeedDengoTestingmarcosdeltasena31    
|uhtml|bestof|Game 1 of a best-of-3
|t:|1757206240
|gametype|doubles
|player|p1|SeedDengoTesting|birdkeeper-gen4dp|1213
|player|p2|marcosdeltasena31|hilbert|1303
|gen|9
|tier|[Gen 9] VGC 2025 Reg H (Bo3)
|rated|
|rule|Species Clause: Limit one of each Pokémon
|rule|Item Clause: Limit 1 of each item
|clearpoke
|poke|p1|Gholdengo, L50|
|poke|p1|Sneasler, L50, M|
|poke|p1|Rillaboom, L50, F|
|poke|p1|Dragonite, L50, F|
|poke|p1|Ninetales-Alola, L50, F|
|poke|p1|Arcanine-Hisui, L50, F|
|poke|p2|Dragonite, L50, F|
|poke|p2|Sneasler, L50, F|
|poke|p2|Volcarona, L50, F|
|poke|p2|Rillaboom, L50, M|
|poke|p2|Kingambit, L50, F|
|poke|p2|Electabuzz, L50, F|
|teampreview|4
|showteam|p1|Gholdengo||GrassySeed|GoodasGold|NastyPlot,MakeItRain,ShadowBall,Protect||||||50|,,,,,Water]Sneasler||WhiteHerb|Unburden|CloseCombat,DireClaw,Coaching,Protect|||M|||50|,,,,,Ghost]Rillaboom||AssaultVest|GrassySurge|FakeOut,GrassyGlide,DrumBeating,HighHorsepower|||F|||50|,,,,,Fire]Dragonite||LoadedDice|Multiscale|ScaleShot,StompingTantrum,Tailwind,Protect|||F|||50|,,,,,Ground]Ninetales-Alola||FocusSash|SnowWarning|Blizzard,IcyWind,Encore,AuroraVeil|||F|||50|,,,,,Ghost]Arcanine-Hisui||ClearAmulet|Intimidate|RockSlide,FlareBlitz,ExtremeSpeed,Protect|||F|||50|,,,,,Water
|showteam|p2|Dragonite||LoadedDice|Multiscale|ScaleShot,ExtremeSpeed,Haze,Protect|||F|||50|,,,,,Fairy]Sneasler||FocusSash|PoisonTouch|DireClaw,CloseCombat,FakeOut,Coaching|||F|||50|,,,,,Ghost]Volcarona||CovertCloak|FlameBody|HeatWave,TeraBlast,QuiverDance,Protect|||F|||50|,,,,,Fairy]Rillaboom||AssaultVest|GrassySurge|WoodHammer,FakeOut,GrassyGlide,HighHorsepower|||M|||50|,,,,,Fire]Kingambit||BlackGlasses|Defiant|KowtowCleave,SwordsDance,SuckerPunch,Protect|||F|||50|,,,,,Dark]Electabuzz||Eviolite|VitalSpirit|Thunderbolt,FollowMe,Taunt,Protect|||F|||50|,,,,,Ghost
|
|t:|1757206304
|teamsize|p1|4
|teamsize|p2|4
|start
|switch|p1a: Sneasler|Sneasler, L50, M|100/100
|switch|p1b: Dragonite|Dragonite, L50, F|100/100
|switch|p2a: Dragonite|Dragonite, L50, F|100/100
|switch|p2b: Sneasler|Sneasler, L50, F|100/100
|turn|1
|
|t:|1757206328
|move|p2b: Sneasler|Fake Out|p1b: Dragonite
|-damage|p1b: Dragonite|92/100
|move|p1a: Sneasler|Coaching|p1b: Dragonite
|-boost|p1b: Dragonite|atk|1
|-boost|p1b: Dragonite|def|1
|cant|p1b: Dragonite|flinch
|move|p2a: Dragonite|Scale Shot|p1a: Sneasler
|-damage|p1a: Sneasler|83/100
|-damage|p1a: Sneasler|64/100
|-damage|p1a: Sneasler|45/100
|-damage|p1a: Sneasler|25/100
|-hitcount|p1a: Sneasler|4
|-unboost|p2a: Dragonite|def|1
|-boost|p2a: Dragonite|spe|1
|
|upkeep
|turn|2
|inactive|Battle timer is ON: inactive players will automatically lose when time's up. (requested by marcosdeltasena31)
|inactive|marcosdeltasena31 has 60 seconds left.
|
|t:|1757206373
|-terastallize|p2a: Dragonite|Fairy
|-terastallize|p1b: Dragonite|Ground
|move|p2a: Dragonite|Scale Shot|p1a: Sneasler
|-damage|p1a: Sneasler|4/100
|-damage|p1a: Sneasler|0 fnt
|faint|p1a: Sneasler
|-hitcount|p1: Sneasler|2
|-unboost|p2a: Dragonite|def|1
|-boost|p2a: Dragonite|spe|1
|move|p2b: Sneasler|Coaching|p2a: Dragonite
|-boost|p2a: Dragonite|atk|1
|-boost|p2a: Dragonite|def|1
|move|p1b: Dragonite|Scale Shot|p2b: Sneasler
|-damage|p2b: Sneasler|63/100
|-damage|p2b: Sneasler|27/100
|-damage|p2b: Sneasler|0 fnt
|faint|p2b: Sneasler
|-hitcount|p2: Sneasler|3
|-unboost|p1b: Dragonite|def|1
|-boost|p1b: Dragonite|spe|1
|
|upkeep
|
|t:|1757206393
|switch|p2b: Electabuzz|Electabuzz, L50, F|100/100
|switch|p1a: Gholdengo|Gholdengo, L50|100/100
|turn|3
|
|t:|1757206406
|move|p2a: Dragonite|Scale Shot|p1b: Dragonite
|-crit|p1b: Dragonite
|-damage|p1b: Dragonite|56/100
|-damage|p1b: Dragonite|32/100
|-damage|p1b: Dragonite|5/100
|-damage|p1b: Dragonite|0 fnt
|faint|p1b: Dragonite
|-hitcount|p1: Dragonite|4
|-unboost|p2a: Dragonite|def|1
|-boost|p2a: Dragonite|spe|1
|move|p2b: Electabuzz|Thunderbolt|p1a: Gholdengo
|-damage|p1a: Gholdengo|70/100
|move|p1a: Gholdengo|Nasty Plot|p1a: Gholdengo
|-boost|p1a: Gholdengo|spa|2
|
|upkeep
|
|t:|1757206419
|switch|p1b: Arcanine|Arcanine-Hisui, L50, F|100/100
|-ability|p1b: Arcanine|Intimidate|boost
|-unboost|p2a: Dragonite|atk|1
|-unboost|p2b: Electabuzz|atk|1
|turn|4
|
|t:|1757206428
|move|p2a: Dragonite|Protect|p2a: Dragonite
|-singleturn|p2a: Dragonite|Protect
|move|p1a: Gholdengo|Protect|p1a: Gholdengo
|-singleturn|p1a: Gholdengo|Protect
|move|p2b: Electabuzz|Protect|p2b: Electabuzz
|-singleturn|p2b: Electabuzz|Protect
|move|p1b: Arcanine|Rock Slide|p2a: Dragonite|[spread] 
|-activate|p2a: Dragonite|move: Protect
|-activate|p2b: Electabuzz|move: Protect
|
|upkeep
|turn|5
|
|t:|1757206444
|move|p1b: Arcanine|Extreme Speed|p2a: Dragonite
|-damage|p2a: Dragonite|72/100
|move|p2a: Dragonite|Scale Shot|p1b: Arcanine
|-damage|p1b: Arcanine|83/100
|-damage|p1b: Arcanine|64/100
|-damage|p1b: Arcanine|44/100
|-damage|p1b: Arcanine|25/100
|-damage|p1b: Arcanine|6/100
|-hitcount|p1b: Arcanine|5
|-unboost|p2a: Dragonite|def|1
|-boost|p2a: Dragonite|spe|1
|move|p1a: Gholdengo|Make It Rain|p2a: Dragonite|[spread] p2a,p2b
|-supereffective|p2a: Dragonite
|-resisted|p2b: Electabuzz
|-damage|p2a: Dragonite|0 fnt
|-damage|p2b: Electabuzz|64/100
|-unboost|p1a: Gholdengo|spa|1
|faint|p2a: Dragonite
|move|p2b: Electabuzz|Thunderbolt|p1b: Arcanine
|-damage|p1b: Arcanine|0 fnt
|faint|p1b: Arcanine
|
|upkeep
|
|t:|1757206460
|switch|p2a: Kingambit|Kingambit, L50, F|100/100
|turn|6
|-message|SeedDengoTesting forfeited.
|
|win|marcosdeltasena31
|l|☆SeedDengoTesting
|player|p1|
||SeedDengoTesting is ready for game 2.
