|j|☆ShrekBK
|j|☆caterleigh
|html|ShrekBKcaterleigh    
|uhtml|bestof|Game 2 of a best-of-3
|t:|1755391928
|gametype|doubles
|player|p1|ShrekBK|lucas|1285
|player|p2|caterleigh|waiter-gen4|1150
|gen|9
|tier|[Gen 9] VGC 2025 Reg H (Bo3)
|rated|
|rule|Species Clause: Limit one of each Pokémon
|rule|Item Clause: Limit 1 of each item
|clearpoke
|poke|p1|Kingambit, L50, F|
|poke|p1|Electabuzz, L50, F|
|poke|p1|Rillaboom, L50, F|
|poke|p1|Volcarona, L50, M|
|poke|p1|Sneasler, L50, M|
|poke|p1|Dragonite, L50, F|
|poke|p2|Indeedee, L50, M|
|poke|p2|Corviknight, L50, M|
|poke|p2|Annihilape, L50, F|
|poke|p2|Whimsicott, L50, F|
|poke|p2|Incineroar, L50, M|
|poke|p2|Electabuzz, L50, M|
|teampreview|4
|showteam|p1|Kingambit||SafetyGoggles|Defiant|KowtowCleave,SuckerPunch,SwordsDance,Protect|||F|||50|,,,,,Dark]Electabuzz||Eviolite|VitalSpirit|Thunderbolt,FollowMe,HelpingHand,Protect|||F|||50|,,,,,Dragon]Rillaboom||AssaultVest|GrassySurge|GrassyGlide,WoodHammer,FakeOut,HighHorsepower|||F|||50|,,,,,Fire]Volcarona||CovertCloak|FlameBody|HeatWave,TeraBlast,QuiverDance,Protect|||M|||50|,,,,,Fairy]Sneasler||FocusSash|Unburden|CloseCombat,DireClaw,Coaching,Protect|||M|||50|,,,,,Stellar]Dragonite||LoadedDice|Multiscale|ScaleShot,ExtremeSpeed,Haze,Protect|||F|||50|,,,,,Steel
|showteam|p2|Indeedee||LifeOrb|PsychicSurge|ExpandingForce,HyperVoice,TeraBlast,Protect|||M|||50|,,,,,Ground]Corviknight||PsychicSeed|MirrorArmor|BraveBird,BodyPress,BulkUp,Roost|||M|||50|,,,,,Fire]Annihilape||ChoiceScarf|Defiant|CloseCombat,RageFist,Coaching,FinalGambit|||F|||50|,,,,,Grass]Whimsicott||CovertCloak|Prankster|Moonblast,BeatUp,SunnyDay,Tailwind|||F|||50|,,,,,Water]Incineroar||AssaultVest|Intimidate|FlareBlitz,KnockOff,Uturn,FakeOut|||M|||50|,,,,,Bug]Electabuzz||Eviolite|VitalSpirit|Thunderbolt,Taunt,FollowMe,Protect|||M|||50|,,,,,Fairy
|
|t:|1755391967
|teamsize|p1|4
|teamsize|p2|4
|start
|switch|p1a: Volcarona|Volcarona, L50, M|100/100
|switch|p1b: Electabuzz|Electabuzz, L50, F|100/100
|switch|p2a: Annihilape|Annihilape, L50, F|100/100
|switch|p2b: Incineroar|Incineroar, L50, M|100/100
|-ability|p2b: Incineroar|Intimidate|boost
|-unboost|p1a: Volcarona|atk|1
|-unboost|p1b: Electabuzz|atk|1
|turn|1
|
|t:|1755391981
|move|p1a: Volcarona|Protect|p1a: Volcarona
|-singleturn|p1a: Volcarona|Protect
|move|p1b: Electabuzz|Protect|p1b: Electabuzz
|-singleturn|p1b: Electabuzz|Protect
|move|p2b: Incineroar|Fake Out|p1a: Volcarona
|-activate|p1a: Volcarona|move: Protect
|move|p2a: Annihilape|Coaching|p2b: Incineroar
|-boost|p2b: Incineroar|atk|1
|-boost|p2b: Incineroar|def|1
|
|upkeep
|turn|2
|
|t:|1755391993
|move|p1b: Electabuzz|Follow Me|p1b: Electabuzz
|-singleturn|p1b: Electabuzz|move: Follow Me
|move|p2a: Annihilape|Coaching|p2b: Incineroar
|-boost|p2b: Incineroar|atk|1
|-boost|p2b: Incineroar|def|1
|move|p1a: Volcarona|Quiver Dance|p1a: Volcarona
|-boost|p1a: Volcarona|spa|1
|-boost|p1a: Volcarona|spd|1
|-boost|p1a: Volcarona|spe|1
|move|p2b: Incineroar|Knock Off|p1b: Electabuzz
|-damage|p1b: Electabuzz|13/100
|-enditem|p1b: Electabuzz|Eviolite|[from] move: Knock Off|[of] p2b: Incineroar
|
|upkeep
|turn|3
|
|t:|1755392013
|move|p1b: Electabuzz|Follow Me|p1b: Electabuzz
|-singleturn|p1b: Electabuzz|move: Follow Me
|move|p1a: Volcarona|Quiver Dance|p1a: Volcarona
|-boost|p1a: Volcarona|spa|1
|-boost|p1a: Volcarona|spd|1
|-boost|p1a: Volcarona|spe|1
|move|p2a: Annihilape|Coaching|p2b: Incineroar
|-boost|p2b: Incineroar|atk|1
|-boost|p2b: Incineroar|def|1
|move|p2b: Incineroar|Knock Off|p1b: Electabuzz
|-damage|p1b: Electabuzz|0 fnt
|faint|p1b: Electabuzz
|
|upkeep
|
|t:|1755392021
|switch|p1b: Sneasler|Sneasler, L50, M|100/100
|turn|4
|
|t:|1755392037
|switch|p2a: Indeedee|Indeedee, L50, M|100/100
|-fieldstart|move: Psychic Terrain|[from] ability: Psychic Surge|[of] p2a: Indeedee
|move|p1a: Volcarona|Protect|p1a: Volcarona
|-singleturn|p1a: Volcarona|Protect
|move|p1b: Sneasler|Close Combat|p2b: Incineroar
|-supereffective|p2b: Incineroar
|-damage|p2b: Incineroar|56/100
|-unboost|p1b: Sneasler|def|1
|-unboost|p1b: Sneasler|spd|1
|move|p2b: Incineroar|Knock Off|p1a: Volcarona
|-activate|p1a: Volcarona|move: Protect
|
|upkeep
|turn|5
|
|t:|1755392063
|-terastallize|p1b: Sneasler|Stellar
|move|p1a: Volcarona|Heat Wave|p2a: Indeedee|[spread] p2a,p2b
|-resisted|p2b: Incineroar
|-damage|p2a: Indeedee|10/100
|-damage|p2b: Incineroar|35/100
|move|p1b: Sneasler|Close Combat|p2b: Incineroar
|-supereffective|p2b: Incineroar
|-damage|p2b: Incineroar|0 fnt
|-unboost|p1b: Sneasler|def|1
|-unboost|p1b: Sneasler|spd|1
|faint|p2b: Incineroar
|move|p2a: Indeedee|Expanding Force|p1a: Volcarona|[spread] p1a,p1b
|-supereffective|p1b: Sneasler
|-damage|p1a: Volcarona|66/100
|-enditem|p1b: Sneasler|Focus Sash
|-damage|p1b: Sneasler|1/100
|-damage|p2a: Indeedee|0 fnt|[from] item: Life Orb
|faint|p2a: Indeedee
|
|upkeep
|
|t:|1755392081
|switch|p2a: Corviknight|Corviknight, L50, M|100/100
|switch|p2b: Annihilape|Annihilape, L50, F|100/100
|-enditem|p2a: Corviknight|Psychic Seed
|-boost|p2a: Corviknight|spd|1|[from] item: Psychic Seed
|turn|6
|
|t:|1755392104
|-terastallize|p2a: Corviknight|Fire
|move|p1b: Sneasler|Dire Claw|p2b: Annihilape
|-resisted|p2b: Annihilape
|-damage|p2b: Annihilape|75/100
|-status|p2b: Annihilape|psn
|move|p1a: Volcarona|Heat Wave|p2a: Corviknight|[spread] p2a,p2b
|-resisted|p2a: Corviknight
|-damage|p2a: Corviknight|81/100
|-damage|p2b: Annihilape|10/100 psn
|move|p2b: Annihilape|Rage Fist|p1b: Sneasler
|-damage|p1b: Sneasler|0 fnt
|faint|p1b: Sneasler
|move|p2a: Corviknight|Brave Bird|p1a: Volcarona
|-supereffective|p1a: Volcarona
|-damage|p1a: Volcarona|0 fnt
|faint|p1a: Volcarona
|-damage|p2a: Corviknight|62/100|[from] Recoil
|
|-damage|p2b: Annihilape|0 fnt|[from] psn
|faint|p2b: Annihilape
|upkeep
|
|t:|1755392113
|switch|p1b: Rillaboom|Rillaboom, L50, F|100/100
|-fieldstart|move: Grassy Terrain|[from] ability: Grassy Surge|[of] p1b: Rillaboom
|turn|7
|
|t:|1755392131
|move|p1b: Rillaboom|High Horsepower|p2a: Corviknight
|-supereffective|p2a: Corviknight
|-damage|p2a: Corviknight|18/100
|move|p2a: Corviknight|Roost|p2a: Corviknight
|-heal|p2a: Corviknight|68/100
|
|-heal|p2a: Corviknight|74/100|[from] Grassy Terrain
|upkeep
|turn|8
|
|t:|1755392139
|move|p1b: Rillaboom|High Horsepower|p2a: Corviknight
|-supereffective|p2a: Corviknight
|-damage|p2a: Corviknight|29/100
|move|p2a: Corviknight|Roost|p2a: Corviknight
|-heal|p2a: Corviknight|79/100
|
|-heal|p2a: Corviknight|85/100|[from] Grassy Terrain
|upkeep
|turn|9
|
|t:|1755392148
|move|p1b: Rillaboom|High Horsepower|p2a: Corviknight
|-supereffective|p2a: Corviknight
|-damage|p2a: Corviknight|43/100
|move|p2a: Corviknight|Roost|p2a: Corviknight
|-heal|p2a: Corviknight|93/100
|
|-heal|p2a: Corviknight|99/100|[from] Grassy Terrain
|upkeep
|turn|10
|
|t:|1755392155
|move|p1b: Rillaboom|High Horsepower|p2a: Corviknight
|-supereffective|p2a: Corviknight
|-damage|p2a: Corviknight|55/100
|move|p2a: Corviknight|Bulk Up|p2a: Corviknight
|-boost|p2a: Corviknight|atk|1
|-boost|p2a: Corviknight|def|1
|
|-heal|p2a: Corviknight|61/100|[from] Grassy Terrain
|upkeep
|turn|11
|
|t:|1755392163
|move|p1b: Rillaboom|High Horsepower|p2a: Corviknight
|-supereffective|p2a: Corviknight
|-damage|p2a: Corviknight|28/100
|move|p2a: Corviknight|Roost|p2a: Corviknight
|-heal|p2a: Corviknight|78/100
|
|-heal|p2a: Corviknight|84/100|[from] Grassy Terrain
|-fieldend|move: Grassy Terrain
|upkeep
|turn|12
|
|t:|1755392174
|move|p1b: Rillaboom|High Horsepower|p2a: Corviknight
|-supereffective|p2a: Corviknight
|-damage|p2a: Corviknight|55/100
|move|p2a: Corviknight|Brave Bird|p1b: Rillaboom
|-supereffective|p1b: Rillaboom
|-damage|p1b: Rillaboom|0 fnt
|faint|p1b: Rillaboom
|-damage|p2a: Corviknight|22/100|[from] Recoil
|
|win|caterleigh
|raw|ShrekBK's rating: 1285 → 1251(-34 for losing)
|raw|caterleigh's rating: 1150 → 1184(+34 for winning)
|l|☆ShrekBK
|player|p1|
