|j|☆Lorido
|j|☆Gottkomplexe
|html|LoridoGottkomplexe    
|uhtml|bestof|Game 2 of a best-of-3
|t:|1785348837
|gametype|doubles
|player|p1|Lorido|170|
|player|p2|Gottkomplexe|ilima|
|gen|9
|tier|[Gen 9 Champions] VGC 2026 Reg M-B (Bo3)
|rule|Species Clause: Limit one of each Pokémon
|rule|Item Clause: Limit 1 of each item
|clearpoke
|poke|p1|Delphox, L50, F|
|poke|p1|Incineroar, L50, M|
|poke|p1|Floette-Eternal, L50, F|
|poke|p1|Kingambit, L50, M|
|poke|p1|Sinistcha, L50|
|poke|p1|Sneasler, L50, F|
|poke|p2|Staraptor, L50, M|
|poke|p2|Charizard, L50, M|
|poke|p2|Glimmora, L50, M|
|poke|p2|Whimsicott, L50, F|
|poke|p2|Basculegion, L50, M|
|poke|p2|Garchomp, L50, M|
|teampreview|4
|showteam|p1|Delphox||Delphoxite|Blaze|HeatWave,Psychic,NastyPlot,Protect|Timid||F|||50|]Incineroar||SitrusBerry|Intimidate|FlareBlitz,DarkestLariat,FakeOut,PartingShot|Careful||M|||50|]Floette-Eternal||Floettite|FlowerVeil|DazzlingGleam,DrainingKiss,CalmMind,Protect|Bold||F|||50|]Kingambit||BlackGlasses|Defiant|KowtowCleave,SuckerPunch,IronHead,Protect|Adamant||M|||50|]Sinistcha||OccaBerry|Hospitality|MatchaGotcha,RagePowder,TrickRoom,Protect|Bold|||||50|]Sneasler||FocusSash|PoisonTouch|CloseCombat,PoisonJab,FakeOut,QuickGuard|Jolly||F|||50|
|showteam|p2|Staraptor||Staraptite|Intimidate|DualWingbeat,CloseCombat,Tailwind,Protect|Jolly||M|||50|]Charizard||CharizarditeY|Blaze|HeatWave,SolarBeam,WeatherBall,Protect|Modest||M|||50|]Glimmora||FocusSash|ToxicDebris|PowerGem,SludgeBomb,EarthPower,SpikyShield|Modest||M|||50|]Whimsicott||LifeOrb|Prankster|Moonblast,Encore,Tailwind,Protect|Modest||F|||50|]Basculegion||ChoiceScarf|Adaptability|WaveCrash,LastRespects,AquaJet,FlipTurn|Jolly||M|||50|]Garchomp||SitrusBerry|RoughSkin|Earthquake,RockSlide,PoisonJab,Protect|Adamant||M|||50|
|inactive|Battle timer is ON: inactive players will automatically lose when time's up. (requested by Lorido)
|inactive|Gottkomplexe also wants the timer to be on.
|inactive|Gottkomplexe has 60 seconds left.
|
|t:|1785348893
|teamsize|p1|4
|teamsize|p2|4
|start
|switch|p1a: Incineroar|Incineroar, L50, M|100/100
|switch|p1b: Floette|Floette-Eternal, L50, F|100/100
|switch|p2a: Charizard|Charizard, L50, M|100/100
|switch|p2b: Glimmora|Glimmora, L50, M|100/100
|-ability|p1a: Incineroar|Intimidate|boost
|-unboost|p2a: Charizard|atk|1
|-unboost|p2b: Glimmora|atk|1
|turn|1
|inactive|Lorido has 30 seconds left.
|
|t:|1785348926
|switch|p2a: Whimsicott|Whimsicott, L50, F|100/100
|move|p1b: Floette|Protect|p1b: Floette
|-singleturn|p1b: Floette|Protect
|move|p2b: Glimmora|Sludge Bomb|p1b: Floette
|-activate|p1b: Floette|move: Protect
|move|p1a: Incineroar|Parting Shot|p2b: Glimmora
|-unboost|p2b: Glimmora|atk|1
|-unboost|p2b: Glimmora|spa|1
|
|t:|1785348936
|switch|p1a: Sneasler|Sneasler, L50, F|100/100|[from] Parting Shot
|
|upkeep
|turn|2
|inactive|Lorido has 30 seconds left.
|
|t:|1785348962
|detailschange|p1b: Floette|Floette-Mega, L50, F
|-mega|p1b: Floette|Floette|Floettite
|-ability|p1b: Floette|Fairy Aura
|move|p1a: Sneasler|Fake Out|p2a: Whimsicott
|-damage|p2a: Whimsicott|81/100
|cant|p2a: Whimsicott|flinch
|move|p2b: Glimmora|Sludge Bomb|p1b: Floette
|-supereffective|p1b: Floette|1
|-crit|p1b: Floette
|-damage|p1b: Floette|0 fnt
|faint|p1b: Floette
|
|upkeep
|c|☆Gottkomplexe|sorry
|
|t:|1785348974
|switch|p1b: Sinistcha|Sinistcha, L50|100/100
|turn|3
|
|t:|1785348990
|switch|p2b: Charizard|Charizard, L50, M|100/100
|move|p1b: Sinistcha|Rage Powder|p1b: Sinistcha
|-singleturn|p1b: Sinistcha|move: Rage Powder
|move|p2a: Whimsicott|Encore|p1a: Sneasler
|-start|p1a: Sneasler|Encore
|move|p1a: Sneasler|Fake Out||[still]
|-hint|Fake Out only works on your first turn out.
|-fail|p1a: Sneasler
|
|upkeep
|turn|4
|
|t:|1785349005
|switch|p1a: Incineroar|Incineroar, L50, M|100/100
|-ability|p1a: Incineroar|Intimidate|boost
|-unboost|p2a: Whimsicott|atk|1
|-unboost|p2b: Charizard|atk|1
|detailschange|p2b: Charizard|Charizard-Mega-Y, L50, M
|-mega|p2b: Charizard|Charizard|Charizardite Y
|-weather|SunnyDay|[from] ability: Drought|[of] p2b: Charizard
|move|p2a: Whimsicott|Moonblast|p1a: Incineroar
|-damage|p1a: Incineroar|60/100
|-damage|p2a: Whimsicott|71/100|[from] item: Life Orb
|move|p2b: Charizard|Weather Ball|p1a: Incineroar
|-resisted|p1a: Incineroar|1
|-damage|p1a: Incineroar|25/100
|-enditem|p1a: Incineroar|Sitrus Berry|[eat]
|-heal|p1a: Incineroar|50/100y|[from] item: Sitrus Berry
|move|p1b: Sinistcha|Trick Room|p1b: Sinistcha
|-fieldstart|move: Trick Room|[of] p1b: Sinistcha
|
|-weather|SunnyDay|[upkeep]
|upkeep
|turn|5
|inactive|Lorido has 30 seconds left.
|
|t:|1785349034
|switch|p2a: Glimmora|Glimmora, L50, M|100/100
|move|p1b: Sinistcha|Rage Powder|p1b: Sinistcha
|-singleturn|p1b: Sinistcha|move: Rage Powder
|move|p1a: Incineroar|Flare Blitz|p2a: Glimmora
|-resisted|p2a: Glimmora|1
|-damage|p2a: Glimmora|54/100
|-activate|p2a: Glimmora|ability: Toxic Debris
|-sidestart|p1: Lorido|move: Toxic Spikes
|-damage|p1a: Incineroar|38/100|[from] Recoil
|move|p2b: Charizard|Heat Wave|p1b: Sinistcha|[spread] p1a
|-miss|p2b: Charizard|p1b: Sinistcha
|-resisted|p1a: Incineroar|1
|-damage|p1a: Incineroar|11/100
|
|-weather|SunnyDay|[upkeep]
|upkeep
|turn|6
|
|t:|1785349053
|move|p1a: Incineroar|Parting Shot|p2b: Charizard
|-unboost|p2b: Charizard|atk|1
|-unboost|p2b: Charizard|spa|1
|
|t:|1785349056
|switch|p1a: Sneasler|Sneasler, L50, F|100/100|[from] Parting Shot
|-sideend|p1: Lorido|move: Toxic Spikes|[of] p1a: Sneasler
|move|p1b: Sinistcha|Matcha Gotcha|p2a: Glimmora|[spread] p2a,p2b
|-resisted|p2b: Charizard|2
|-damage|p2a: Glimmora|24/100
|-damage|p2b: Charizard|94/100
|move|p2a: Glimmora|Sludge Bomb|p1b: Sinistcha
|-damage|p1b: Sinistcha|48/100
|move|p2b: Charizard|Heat Wave|p1b: Sinistcha|[spread] p1b
|-miss|p2b: Charizard|p1a: Sneasler
|-supereffective|p1b: Sinistcha|1
|-crit|p1b: Sinistcha
|-enditem|p1b: Sinistcha|Occa Berry|[eat]
|-enditem|p1b: Sinistcha|Occa Berry|[weaken]
|-damage|p1b: Sinistcha|0 fnt
|faint|p1b: Sinistcha
|
|-weather|SunnyDay|[upkeep]
|upkeep
|
|t:|1785349071
|switch|p1b: Incineroar|Incineroar, L50, M|11/100
|-ability|p1b: Incineroar|Intimidate|boost
|-unboost|p2a: Glimmora|atk|1
|-unboost|p2b: Charizard|atk|1
|turn|7
|
|t:|1785349080
|switch|p2b: Whimsicott|Whimsicott, L50, F|71/100
|move|p2a: Glimmora|Spiky Shield|p2a: Glimmora
|-singleturn|p2a: Glimmora|move: Protect
|move|p1b: Incineroar|Darkest Lariat|p2a: Glimmora
|-activate|p2a: Glimmora|move: Protect
|-damage|p1b: Incineroar|0 fnt|[from] Spiky Shield|[of] p2a: Glimmora
|faint|p1b: Incineroar
|move|p1a: Sneasler|Poison Jab|p2b: Whimsicott
|-supereffective|p2b: Whimsicott|2
|-damage|p2b: Whimsicott|0 fnt
|faint|p2b: Whimsicott
|
|-weather|SunnyDay|[upkeep]
|upkeep
|
|t:|1785349090
|switch|p2b: Charizard|Charizard-Mega-Y, L50, M|94/100
|turn|8
|
|t:|1785349103
|move|p2a: Glimmora|Earth Power|p1a: Sneasler
|-supereffective|p1a: Sneasler|1
|-damage|p1a: Sneasler|5/100
|move|p2b: Charizard|Weather Ball|p1a: Sneasler
|-damage|p1a: Sneasler|0 fnt
|faint|p1a: Sneasler
|
|win|Gottkomplexe
