|j|☆beeetch
|j|☆enoelr
|html|beeetchenoelr    
|uhtml|bestof|Game 3 of a best-of-3
|t:|1755952808
|gametype|doubles
|player|p1|beeetch|beauty-gen4dp|1210
|player|p2|enoelr|leon|1199
|gen|9
|tier|[Gen 9] VGC 2025 Reg H (Bo3)
|rated|
|rule|Species Clause: Limit one of each Pokémon
|rule|Item Clause: Limit 1 of each item
|clearpoke
|poke|p1|Toedscruel, L50, F|
|poke|p1|Weezing-Galar, L50, M|
|poke|p1|Corviknight, L50, M|
|poke|p1|Pawmot, L50, M|
|poke|p1|Garchomp, L50, M|
|poke|p1|Typhlosion-Hisui, L50, M|
|poke|p2|Kingambit, L50, F|
|poke|p2|Primarina, L50, M|
|poke|p2|Sneasler, L50, F|
|poke|p2|Magmar, L50, M|
|poke|p2|Rillaboom, L50, F|
|poke|p2|Dragapult, L50, F|
|teampreview|4
|showteam|p1|Toedscruel||CovertCloak|MyceliumMight|Spore,EarthPower,AcidSpray,RagePowder|||F|||50|,,,,,Water]Weezing-Galar||ChoiceSpecs|NeutralizingGas|DazzlingGleam,SludgeBomb,StrangeSteam,Flamethrower|||M|||50|,,,,,Fire]Corviknight||SitrusBerry|MirrorArmor|Protect,Tailwind,Roost,BraveBird|||M|||50|,,,,,Dragon]Pawmot||FocusSash|NaturalCure|Protect,CloseCombat,DoubleShock,FakeOut|||M|||50|,,,,,Electric]Garchomp||LifeOrb|RoughSkin|Protect,Earthquake,DragonClaw,StompingTantrum|||M|||50|,,,,,Ground]Typhlosion-Hisui||ChoiceScarf|Blaze|Eruption,SleepTalk,HeatWave,ShadowBall|||M|||50|,,,,,Fire
|showteam|p2|Kingambit||BlackGlasses|Defiant|KowtowCleave,SuckerPunch,SwordsDance,Protect|||F|||50|,,,,,Dark]Primarina||SitrusBerry|LiquidVoice|HyperVoice,Moonblast,Haze,Protect|||M|||50|,,,,,Poison]Sneasler||FocusSash|PoisonTouch|CloseCombat,DireClaw,FakeOut,Protect|||F|||50|,,,,,Ghost]Magmar||Eviolite|VitalSpirit|Overheat,WillOWisp,FollowMe,Protect|||M|||50|,,,,,Ghost]Rillaboom||AssaultVest|GrassySurge|WoodHammer,GrassyGlide,HighHorsepower,FakeOut|||F|||50|,,,,,Fire]Dragapult||ChoiceBand|ClearBody|DragonDarts,PhantomForce,Outrage,Uturn|||F|||50|,,,,,Dragon
|inactive|Battle timer is ON: inactive players will automatically lose when time's up. (requested by enoelr)
|inactive|beeetch has 60 seconds left.
|
|t:|1755952840
|teamsize|p1|4
|teamsize|p2|4
|start
|switch|p1a: Weezing|Weezing-Galar, L50, M|100/100
|switch|p1b: Typhlosion|Typhlosion-Hisui, L50, M|100/100
|switch|p2a: Sneasler|Sneasler, L50, F|100/100
|switch|p2b: Dragapult|Dragapult, L50, F|100/100
|-ability|p1a: Weezing|Neutralizing Gas
|turn|1
|inactive|beeetch has 30 seconds left.
|inactive|enoelr has 30 seconds left.
|inactive|enoelr has 20 seconds left.
|
|t:|1755952878
|-end|p1a: Weezing|ability: Neutralizing Gas
|switch|p1a: Corviknight|Corviknight, L50, M|100/100
|-terastallize|p2b: Dragapult|Dragon
|move|p2a: Sneasler|Fake Out|p1a: Corviknight
|-resisted|p1a: Corviknight
|-damage|p1a: Corviknight|95/100
|move|p1b: Typhlosion|Shadow Ball|p2b: Dragapult
|-damage|p2b: Dragapult|47/100
|move|p2b: Dragapult|Dragon Darts|p1a: Corviknight
|-resisted|p1a: Corviknight
|-damage|p1a: Corviknight|71/100
|-anim|p2b: Dragapult|Dragon Darts|p1b: Typhlosion
|-damage|p1b: Typhlosion|16/100
|
|upkeep
|turn|2
|
|t:|1755952902
|switch|p2b: Kingambit|Kingambit, L50, F|100/100
|move|p1b: Typhlosion|Shadow Ball|p2b: Kingambit
|-resisted|p2b: Kingambit
|-damage|p2b: Kingambit|80/100
|-unboost|p2b: Kingambit|spd|1
|-ability|p2b: Kingambit|Defiant|boost
|-boost|p2b: Kingambit|atk|2
|move|p2a: Sneasler|Dire Claw|p1b: Typhlosion
|-resisted|p1b: Typhlosion
|-damage|p1b: Typhlosion|0 fnt
|faint|p1b: Typhlosion
|move|p1a: Corviknight|Tailwind|p1a: Corviknight
|-sidestart|p1: beeetch|move: Tailwind
|
|upkeep
|
|t:|1755952913
|switch|p1b: Weezing|Weezing-Galar, L50, M|100/100
|-ability|p1b: Weezing|Neutralizing Gas
|turn|3
|
|t:|1755952929
|move|p2a: Sneasler|Protect|p2a: Sneasler
|-singleturn|p2a: Sneasler|Protect
|move|p2b: Kingambit|Protect|p2b: Kingambit
|-singleturn|p2b: Kingambit|Protect
|move|p1a: Corviknight|Brave Bird|p2a: Sneasler
|-activate|p2a: Sneasler|move: Protect
|move|p1b: Weezing|Flamethrower|p2a: Sneasler
|-activate|p2a: Sneasler|move: Protect
|
|upkeep
|turn|4
|
|t:|1755952951
|move|p2b: Kingambit|Sucker Punch|p1a: Corviknight
|-damage|p1a: Corviknight|0 fnt
|faint|p1a: Corviknight
|move|p2a: Sneasler|Dire Claw|p1b: Weezing
|-damage|p1b: Weezing|62/100
|move|p1b: Weezing|Flamethrower|p2b: Kingambit
|-supereffective|p2b: Kingambit
|-damage|p2b: Kingambit|0 fnt
|faint|p2b: Kingambit
|
|upkeep
|
|t:|1755952964
|switch|p1a: Garchomp|Garchomp, L50, M|100/100
|switch|p2b: Primarina|Primarina, L50, M|100/100
|turn|5
|
|t:|1755952980
|-terastallize|p1a: Garchomp|Ground
|move|p2a: Sneasler|Protect|p2a: Sneasler
|-singleturn|p2a: Sneasler|Protect
|move|p2b: Primarina|Protect|p2b: Primarina
|-singleturn|p2b: Primarina|Protect
|move|p1a: Garchomp|Stomping Tantrum|p2b: Primarina
|-activate|p2b: Primarina|move: Protect
|move|p1b: Weezing|Flamethrower|p2a: Sneasler
|-activate|p2a: Sneasler|move: Protect
|
|-sideend|p1: beeetch|move: Tailwind
|upkeep
|turn|6
|
|t:|1755953000
|move|p2a: Sneasler|Dire Claw|p1b: Weezing
|-damage|p1b: Weezing|22/100
|move|p1a: Garchomp|Stomping Tantrum|p2b: Primarina
|-damage|p2b: Primarina|30/100
|-enditem|p2b: Primarina|Sitrus Berry|[eat]
|-heal|p2b: Primarina|55/100|[from] item: Sitrus Berry
|-damage|p1a: Garchomp|91/100|[from] item: Life Orb
|move|p1b: Weezing|Flamethrower|p2a: Sneasler
|-damage|p2a: Sneasler|52/100
|-status|p2a: Sneasler|brn
|move|p2b: Primarina|Hyper Voice|p1a: Garchomp|[spread] p1a,p1b
|-damage|p1a: Garchomp|65/100
|-damage|p1b: Weezing|0 fnt
|faint|p1b: Weezing
|-end|p1b: Weezing|ability: Neutralizing Gas
|
|-damage|p2a: Sneasler|46/100 brn|[from] brn
|upkeep
|turn|7
|
|t:|1755953017
|move|p2a: Sneasler|Close Combat|p1a: Garchomp
|-damage|p1a: Garchomp|33/100
|-unboost|p2a: Sneasler|def|1
|-unboost|p2a: Sneasler|spd|1
|-damage|p2a: Sneasler|34/100 brn|[from] ability: Rough Skin|[of] p1a: Garchomp
|-status|p1a: Garchomp|psn|[from] ability: Poison Touch|[of] p2a: Sneasler
|move|p1a: Garchomp|Earthquake|p2a: Sneasler|[spread] p2a,p2b
|-supereffective|p2a: Sneasler
|-damage|p2a: Sneasler|0 fnt
|-damage|p2b: Primarina|0 fnt
|faint|p2a: Sneasler
|faint|p2b: Primarina
|-damage|p1a: Garchomp|23/100 psn|[from] item: Life Orb
|
|-damage|p1a: Garchomp|11/100 psn|[from] psn
|upkeep
|
|t:|1755953023
|switch|p2b: Dragapult|Dragapult, L50, F, tera:Dragon|47/100
|turn|8
|
|t:|1755953031
|move|p2b: Dragapult|U-turn|p1a: Garchomp
|-damage|p1a: Garchomp|0 fnt
|-damage|p2b: Dragapult|35/100|[from] ability: Rough Skin|[of] p1a: Garchomp
|faint|p1a: Garchomp
|
|win|enoelr
|raw|beeetch's rating: 1210 → 1184(-26 for losing)
|raw|enoelr's rating: 1199 → 1225(+26 for winning)
