|j|☆asefito
|j|☆bearlover997
|html|asefitobearlover997    
|uhtml|bestof|Game 1 of a best-of-3
|t:|1783458463
|gametype|doubles
|player|p1|asefito|winona|1159
|player|p2|bearlover997|sage|1114
|gen|9
|tier|[Gen 9 Champions] VGC 2026 Reg M-B (Bo3)
|rated|
|rule|Species Clause: Limit one of each Pokémon
|rule|Item Clause: Limit 1 of each item
|clearpoke
|poke|p1|Incineroar, L50, F|
|poke|p1|Basculegion, L50, M|
|poke|p1|Tinkaton, L50, F|
|poke|p1|Floette-Eternal, L50, F|
|poke|p1|Kingambit, L50, M|
|poke|p1|Sneasler, L50, M|
|poke|p2|Dragalge, L50, F, shiny|
|poke|p2|Sinistcha, L50|
|poke|p2|Incineroar, L50, M|
|poke|p2|Grimmsnarl, L50, M|
|poke|p2|Lopunny, L50, F|
|poke|p2|Volcarona, L50, M|
|teampreview|4
|showteam|p1|Incineroar||SitrusBerry|Intimidate|FlareBlitz,DarkestLariat,PartingShot,FakeOut|Careful||F|||50|]Basculegion||ChoiceScarf|Adaptability|WaveCrash,LastRespects,FlipTurn,AquaJet|Jolly||M|||50|]Tinkaton||Leftovers|MoldBreaker|GigatonHammer,PlayRough,BrickBreak,FakeOut|Adamant||F|||50|]Floette-Eternal||Floettite|FlowerVeil|Moonblast,DazzlingGleam,CalmMind,Protect|Modest||F|||50|]Kingambit||LifeOrb|Defiant|KowtowCleave,SuckerPunch,SwordsDance,Protect|Adamant||M|||50|]Sneasler||FocusSash|PoisonTouch|CloseCombat,DireClaw,Feint,FakeOut|Jolly||M|||50|
|showteam|p2|Dragalge||Dragalgite|PoisonPoint|DracoMeteor,SludgeBomb,FlipTurn,Toxic|Calm||F|||50|]Sinistcha||ColburBerry|Hospitality|MatchaGotcha,StrengthSap,RagePowder,Protect|Bold|||||50|]Incineroar||SitrusBerry|Intimidate|FakeOut,PartingShot,WillOWisp,FlareBlitz|Adamant||M|||50|]Grimmsnarl||LightClay|Prankster|LightScreen,Reflect,PartingShot,SpiritBreak|Careful||M|||50|]Lopunny||Lopunnite|Limber|CloseCombat,Encore,FakeOut,Uturn|Jolly||F|||50|]Volcarona||Leftovers|FlameBody|StruggleBug,FieryDance,Protect,QuiverDance|Modest||M|||50|
|inactive|Battle timer is ON: inactive players will automatically lose when time's up. (requested by bearlover997)
|inactive|asefito also wants the timer to be on.
|inactive|asefito has 60 seconds left.
|
|t:|1783458504
|teamsize|p1|4
|teamsize|p2|4
|start
|switch|p1a: Sneasler|Sneasler, L50, M|100/100
|switch|p1b: Floette|Floette-Eternal, L50, F|100/100
|switch|p2a: Lopunny|Lopunny, L50, F|100/100
|switch|p2b: Volcarona|Volcarona, L50, M|100/100
|turn|1
|
|t:|1783458522
|switch|p1a: Incineroar|Incineroar, L50, F|100/100
|-ability|p1a: Incineroar|Intimidate|boost
|-unboost|p2a: Lopunny|atk|1
|-unboost|p2b: Volcarona|atk|1
|detailschange|p2a: Lopunny|Lopunny-Mega, L50, F
|-mega|p2a: Lopunny|Lopunny|Lopunnite
|detailschange|p1b: Floette|Floette-Mega, L50, F
|-mega|p1b: Floette|Floette|Floettite
|-ability|p1b: Floette|Fairy Aura
|move|p1b: Floette|Protect|p1b: Floette
|-singleturn|p1b: Floette|Protect
|move|p2a: Lopunny|Fake Out|p1b: Floette
|-activate|p1b: Floette|move: Protect
|move|p2b: Volcarona|Quiver Dance|p2b: Volcarona
|-boost|p2b: Volcarona|spa|1
|-boost|p2b: Volcarona|spd|1
|-boost|p2b: Volcarona|spe|1
|
|upkeep
|turn|2
|
|t:|1783458538
|switch|p2a: Incineroar|Incineroar, L50, M|100/100
|-ability|p2a: Incineroar|Intimidate|boost
|-unboost|p1a: Incineroar|atk|1
|-unboost|p1b: Floette|atk|1
|move|p1a: Incineroar|Fake Out|p2a: Incineroar
|-damage|p2a: Incineroar|93/100
|move|p2b: Volcarona|Struggle Bug|p1a: Incineroar|[spread] p1a,p1b
|-resisted|p1b: Floette|1
|-damage|p1a: Incineroar|75/100
|-damage|p1b: Floette|87/100
|-unboost|p1a: Incineroar|spa|1
|-unboost|p1b: Floette|spa|1
|move|p1b: Floette|Dazzling Gleam|p2b: Volcarona|[spread] p2a,p2b
|-resisted|p2b: Volcarona|1
|-damage|p2a: Incineroar|69/100
|-damage|p2b: Volcarona|90/100
|
|-heal|p2b: Volcarona|96/100|[from] item: Leftovers
|upkeep
|turn|3
|inactive|asefito has 30 seconds left.
|
|t:|1783458565
|switch|p1b: Basculegion|Basculegion, L50, M|100/100
|move|p2a: Incineroar|Fake Out|p1a: Incineroar
|-damage|p1a: Incineroar|66/100
|move|p2b: Volcarona|Fiery Dance|p1b: Basculegion
|-resisted|p1b: Basculegion|1
|-damage|p1b: Basculegion|57/100
|cant|p1a: Incineroar|flinch
|
|-heal|p2b: Volcarona|100/100|[from] item: Leftovers
|upkeep
|turn|4
|
|t:|1783458582
|move|p2b: Volcarona|Protect|p2b: Volcarona
|-singleturn|p2b: Volcarona|Protect
|move|p1b: Basculegion|Flip Turn|p2a: Incineroar
|-supereffective|p2a: Incineroar|1
|-damage|p2a: Incineroar|0 fnt
|faint|p2a: Incineroar
|
|t:|1783458590
|switch|p1b: Sneasler|Sneasler, L50, M|100/100|[from] Flip Turn
|move|p1a: Incineroar|Parting Shot|p2b: Volcarona
|-activate|p2b: Volcarona|move: Protect
|
|upkeep
|
|t:|1783458594
|switch|p2a: Lopunny|Lopunny-Mega, L50, F|100/100
|turn|5
|
|t:|1783458608
|switch|p1a: Basculegion|Basculegion, L50, M|57/100
|move|p2a: Lopunny|Fake Out|p1b: Sneasler
|-damage|p1b: Sneasler|64/100
|cant|p1b: Sneasler|flinch
|move|p2b: Volcarona|Fiery Dance|p1b: Sneasler
|-damage|p1b: Sneasler|0 fnt
|faint|p1b: Sneasler
|
|upkeep
|
|t:|1783458619
|switch|p1b: Incineroar|Incineroar, L50, F|66/100
|-ability|p1b: Incineroar|Intimidate|boost
|-fail|p2a: Lopunny|unboost|Attack|[from] ability: Scrappy|[of] p2a: Lopunny
|-unboost|p2b: Volcarona|atk|1
|turn|6
|
|t:|1783458639
|move|p1b: Incineroar|Fake Out|p2a: Lopunny
|-damage|p2a: Lopunny|85/100
|move|p1a: Basculegion|Wave Crash|p2b: Volcarona
|-supereffective|p2b: Volcarona|1
|-damage|p2b: Volcarona|0 fnt
|faint|p2b: Volcarona
|-damage|p1a: Basculegion|30/100|[from] Recoil
|cant|p2a: Lopunny|flinch
|
|upkeep
|
|t:|1783458647
|switch|p2b: Grimmsnarl|Grimmsnarl, L50, M|100/100
|turn|7
|
|t:|1783458661
|move|p1a: Basculegion|Wave Crash|p2a: Lopunny
|-damage|p2a: Lopunny|0 fnt
|faint|p2a: Lopunny
|-damage|p1a: Basculegion|10/100|[from] Recoil
|move|p1b: Incineroar|Flare Blitz|p2b: Grimmsnarl
|-damage|p2b: Grimmsnarl|46/100
|-damage|p1b: Incineroar|48/100|[from] Recoil
|-enditem|p1b: Incineroar|Sitrus Berry|[eat]
|-heal|p1b: Incineroar|73/100|[from] item: Sitrus Berry
|move|p2b: Grimmsnarl|Spirit Break|p1a: Basculegion
|-damage|p1a: Basculegion|0 fnt
|faint|p1a: Basculegion
|
|upkeep
|
|t:|1783458663
|switch|p1a: Floette|Floette-Mega, L50, F|87/100
|-ability|p1a: Floette|Fairy Aura
|turn|8
|
|t:|1783458672
|move|p1a: Floette|Moonblast|p2b: Grimmsnarl
|-supereffective|p2b: Grimmsnarl|1
|-damage|p2b: Grimmsnarl|0 fnt
|faint|p2b: Grimmsnarl
|
|win|asefito
