|j|☆Taste the raynbow
|j|☆misaos
|html|Taste the raynbowmisaos    
|uhtml|bestof|Game 1 of a best-of-3
|t:|1757904544
|gametype|doubles
|player|p1|Taste the raynbow|steven-masters2|1084
|player|p2|misaos|acetrainer-gen4dp|1000
|gen|9
|tier|[Gen 9] VGC 2025 Reg H (Bo3)
|rated|
|rule|Species Clause: Limit one of each Pokémon
|rule|Item Clause: Limit 1 of each item
|clearpoke
|poke|p1|Sableye, L50, M|
|poke|p1|Dragonite, L50, M|
|poke|p1|Annihilape, L50, F|
|poke|p1|Rillaboom, L50, M|
|poke|p1|Ursaluna-Bloodmoon, L50, M|
|poke|p1|Maushold-Four, L50|
|poke|p2|Dragonite, L50, M|
|poke|p2|Ursaluna-Bloodmoon, L50, M|
|poke|p2|Gholdengo, L50|
|poke|p2|Maushold-Four, L50|
|poke|p2|Annihilape, L50, M|
|poke|p2|Rillaboom, L50, F|
|teampreview|4
|showteam|p1|Sableye||LightClay|Prankster|Disable,Taunt,LightScreen,Reflect|||M|||50|,,,,,Grass]Dragonite||LoadedDice|Multiscale|ScaleShot,Haze,Tailwind,Protect|||M|||50|,,,,,Normal]Annihilape||SitrusBerry|Defiant|RageFist,DrainPunch,BulkUp,Protect|||F|||50|,,,,,Water]Rillaboom||MiracleSeed|GrassySurge|FakeOut,GrassyGlide,WoodHammer,HighHorsepower|||M|||50|,,,,,Water]Ursaluna-Bloodmoon||AssaultVest|MindsEye|BloodMoon,HyperVoice,EarthPower,VacuumWave|||M|||50|,,,,,Ghost]Maushold-Four||WideLens|FriendGuard|PopulationBomb,FollowMe,Encore,Protect||||||50|,,,,,Ghost
|showteam|p2|Dragonite||LoadedDice|Multiscale|ScaleShot,Tailwind,Haze,Protect|||M|||50|,,,,,Fairy]Ursaluna-Bloodmoon||AssaultVest|MindsEye|BloodMoon,EarthPower,HyperVoice,VacuumWave|||M|||50|,,,,,Water]Gholdengo||LifeOrb|GoodasGold|MakeItRain,ShadowBall,NastyPlot,Protect||||||50|,,,,,Water]Maushold-Four||FocusSash|FriendGuard|SuperFang,FollowMe,BeatUp,Protect||||||50|,,,,,Ghost]Annihilape||SitrusBerry|Defiant|RageFist,DrainPunch,BulkUp,Protect|||M|||50|,,,,,Fire]Rillaboom||MiracleSeed|GrassySurge|WoodHammer,GrassyGlide,HighHorsepower,FakeOut|||F|||50|,,,,,Fire
|
|t:|1757904604
|teamsize|p1|4
|teamsize|p2|4
|start
|switch|p1a: Sableye|Sableye, L50, M|100/100
|switch|p1b: Annihilape|Annihilape, L50, F|100/100
|switch|p2a: Annihilape|Annihilape, L50, M|100/100
|switch|p2b: Rillaboom|Rillaboom, L50, F|100/100
|-fieldstart|move: Grassy Terrain|[from] ability: Grassy Surge|[of] p2b: Rillaboom
|turn|1
|
|t:|1757904626
|switch|p2a: Gholdengo|Gholdengo, L50|100/100
|move|p1a: Sableye|Taunt|p2a: Gholdengo
|-immune|p2a: Gholdengo|[from] ability: Good as Gold
|move|p1b: Annihilape|Bulk Up|p1b: Annihilape
|-boost|p1b: Annihilape|atk|1
|-boost|p1b: Annihilape|def|1
|move|p2b: Rillaboom|Wood Hammer|p1a: Sableye
|-damage|p1a: Sableye|0 fnt
|faint|p1a: Sableye
|-damage|p2b: Rillaboom|74/100|[from] Recoil
|
|-heal|p2b: Rillaboom|80/100|[from] Grassy Terrain
|upkeep
|
|t:|1757904643
|switch|p1a: Ursaluna|Ursaluna-Bloodmoon, L50, M|100/100
|turn|2
|
|t:|1757904669
|switch|p2b: Annihilape|Annihilape, L50, M|100/100
|move|p2a: Gholdengo|Protect|p2a: Gholdengo
|-singleturn|p2a: Gholdengo|Protect
|move|p1b: Annihilape|Bulk Up|p1b: Annihilape
|-boost|p1b: Annihilape|atk|1
|-boost|p1b: Annihilape|def|1
|move|p1a: Ursaluna|Earth Power|p2a: Gholdengo
|-activate|p2a: Gholdengo|move: Protect
|
|upkeep
|turn|3
|
|t:|1757904695
|-terastallize|p2a: Gholdengo|Water
|move|p1a: Ursaluna|Vacuum Wave|p1b: Annihilape
|-damage|p1b: Annihilape|87/100
|move|p2b: Annihilape|Bulk Up|p2b: Annihilape
|-boost|p2b: Annihilape|atk|1
|-boost|p2b: Annihilape|def|1
|move|p1b: Annihilape|Rage Fist|p2a: Gholdengo
|-damage|p2a: Gholdengo|20/100
|move|p2a: Gholdengo|Shadow Ball|p1b: Annihilape
|-supereffective|p1b: Annihilape
|-damage|p1b: Annihilape|0 fnt
|faint|p1b: Annihilape
|-damage|p2a: Gholdengo|11/100|[from] item: Life Orb
|
|-heal|p2a: Gholdengo|16/100|[from] Grassy Terrain
|upkeep
|
|t:|1757904711
|switch|p1b: Maushold|Maushold-Four, L50|100/100
|turn|4
|
|t:|1757904747
|move|p1a: Ursaluna|Vacuum Wave|p2a: Gholdengo
|-damage|p2a: Gholdengo|0 fnt
|faint|p2a: Gholdengo
|move|p1b: Maushold|Encore|p2b: Annihilape
|-start|p2b: Annihilape|Encore
|move|p2b: Annihilape|Bulk Up|p2b: Annihilape
|-boost|p2b: Annihilape|atk|1
|-boost|p2b: Annihilape|def|1
|
|upkeep
|
|t:|1757904759
|switch|p2a: Rillaboom|Rillaboom, L50, F|80/100
|turn|5
|
|t:|1757904773
|switch|p2b: Ursaluna|Ursaluna-Bloodmoon, L50, M|100/100
|-terastallize|p1a: Ursaluna|Ghost
|move|p2a: Rillaboom|Fake Out|p1b: Maushold
|-damage|p1b: Maushold|80/100
|cant|p1b: Maushold|flinch
|move|p1a: Ursaluna|Blood Moon|p2b: Ursaluna
|-damage|p2b: Ursaluna|55/100
|
|-heal|p1b: Maushold|86/100|[from] Grassy Terrain
|-heal|p2a: Rillaboom|86/100|[from] Grassy Terrain
|-heal|p2b: Ursaluna|61/100|[from] Grassy Terrain
|-fieldend|move: Grassy Terrain
|upkeep
|turn|6
|
|t:|1757904821
|switch|p2b: Annihilape|Annihilape, L50, M|100/100
|move|p1b: Maushold|Population Bomb|p2b: Annihilape
|-immune|p2b: Annihilape
|move|p2a: Rillaboom|Wood Hammer|p1b: Maushold
|-damage|p1b: Maushold|0 fnt
|faint|p1b: Maushold
|-damage|p2a: Rillaboom|62/100|[from] Recoil
|move|p1a: Ursaluna|Earth Power|p2b: Annihilape
|-damage|p2b: Annihilape|57/100
|-unboost|p2b: Annihilape|spd|1
|-ability|p2b: Annihilape|Defiant|boost
|-boost|p2b: Annihilape|atk|2
|
|upkeep
|turn|7
|
|t:|1757904842
|switch|p2a: Ursaluna|Ursaluna-Bloodmoon, L50, M|61/100
|move|p2b: Annihilape|Rage Fist|p1a: Ursaluna
|-supereffective|p1a: Ursaluna
|-damage|p1a: Ursaluna|0 fnt
|faint|p1a: Ursaluna
|
|win|misaos
||Taste the raynbow is ready for game 2.
|inactive|misaos has 30 seconds to confirm battle start!
||misaos is ready for game 2.
|uhtml|next|Next: Game 2 of 3
|l|☆misaos
|player|p2|
