|j|☆shungung my wife
|j|☆138mysx
|html|shungung my wife138mysx    
|uhtml|bestof|Game 2 of a best-of-3
|t:|1786136306
|gametype|doubles
|player|p1|shungung my wife|2|
|player|p2|138mysx|266|
|gen|9
|tier|[Gen 9 Champions] VGC 2026 Reg M-B (Bo3)
|rule|Species Clause: Limit one of each Pokémon
|rule|Item Clause: Limit 1 of each item
|clearpoke
|poke|p1|Sneasler, L50, F|
|poke|p1|Ninetales, L50, M|
|poke|p1|Chandelure, L50, F|
|poke|p1|Whimsicott, L50, M|
|poke|p1|Basculegion, L50, M|
|poke|p1|Chimecho, L50, F|
|poke|p2|Scovillain, L50, M|
|poke|p2|Umbreon, L50, F|
|poke|p2|Gengar, L50, M|
|poke|p2|Blastoise, L50, F|
|poke|p2|Oranguru, L50, M|
|poke|p2|Kommo-o, L50, F|
|teampreview|4
|showteam|p1|Sneasler||WhiteHerb|Unburden|CloseCombat,DireClaw,Protect,FakeOut|Adamant||F|||50|]Ninetales||Charcoal|Drought|WeatherBall,Protect,SolarBeam,HelpingHand|Timid||M|||50|]Chandelure||Chandelurite|FlashFire|CalmMind,Protect,HeatWave,ShadowBall|Quiet||F|||50|]Whimsicott||FocusSash|Prankster|Moonblast,Protect,Encore,Tailwind|Bold||M|||50|]Basculegion||ChoiceScarf|Adaptability|WaveCrash,LastRespects,AquaJet,FlipTurn|Jolly||M|||50|]Chimecho||Chimechite|Levitate|Imprison,TrickRoom,Protect,Psychic|Sassy||F|||50|
|showteam|p2|Scovillain||ChoiceScarf|Chlorophyll|ZenHeadbutt,LeafStorm,Flamethrower,RagePowder|Modest||M|||50|]Umbreon||SitrusBerry|InnerFocus|BabyDollEyes,Snarl,HelpingHand,FoulPlay|Calm||F|||50|]Gengar||Gengarite|CursedBody|ShadowBall,SludgeBomb,Psychic,Protect|Timid||M|||50|]Blastoise||Blastoisinite|RainDish|FakeOut,WaterSpout,MuddyWater,DarkPulse|Quiet||F|||50|]Oranguru||MentalHerb|InnerFocus|RainDance,TrickRoom,Instruct,Thunder|Relaxed||M|||50|]Kommo-o||LifeOrb|Bulletproof|Earthquake,StompingTantrum,PoisonJab,Protect|Brave||F|||50|
|j| n8_dawgg
|j| ObiWon Kobe
|
|t:|1786136352
|teamsize|p1|4
|teamsize|p2|4
|start
|switch|p1a: Chimecho|Chimecho, L50, F|100/100
|switch|p1b: Basculegion|Basculegion, L50, M|100/100
|switch|p2a: Umbreon|Umbreon, L50, F|100/100
|switch|p2b: Scovillain|Scovillain, L50, M|100/100
|turn|1
|j| ssooner
|
|t:|1786136431
|switch|p1a: Whimsicott|Whimsicott, L50, M|100/100
|move|p2a: Umbreon|Baby-Doll Eyes|p1b: Basculegion
|-unboost|p1b: Basculegion|atk|1
|move|p1b: Basculegion|Flip Turn|p2b: Scovillain
|-damage|p2b: Scovillain|65/100
|
|t:|1786136439
|switch|p1b: Sneasler|Sneasler, L50, F|100/100|[from] Flip Turn
|move|p2b: Scovillain|Leaf Storm|p1b: Sneasler
|-resisted|p1b: Sneasler|1
|-damage|p1b: Sneasler|58/100
|-unboost|p2b: Scovillain|spa|2
|
|upkeep
|turn|2
|
|t:|1786136489
|switch|p2b: Fearless|Kommo-o, L50, F|100/100
|switch|p2a: Gengar|Gengar, L50, M|100/100
|move|p1b: Sneasler|Fake Out|p2a: Gengar
|-immune|p2a: Gengar
|move|p1a: Whimsicott|Tailwind|p1a: Whimsicott
|-sidestart|p1: shungung my wife|move: Tailwind
|
|upkeep
|turn|3
|j| JareMase
|
|t:|1786136530
|detailschange|p2a: Gengar|Gengar-Mega, L50, M
|-mega|p2a: Gengar|Gengar|Gengarite
|move|p1a: Whimsicott|Protect|p1a: Whimsicott
|-singleturn|p1a: Whimsicott|Protect
|move|p2b: Fearless|Protect|p2b: Fearless
|-singleturn|p2b: Fearless|Protect
|move|p1b: Sneasler|Dire Claw|p2b: Fearless
|-activate|p2b: Fearless|move: Protect
|move|p2a: Gengar|Shadow Ball|p1a: Whimsicott
|-activate|p1a: Whimsicott|move: Protect
|
|upkeep
|turn|4
|
|t:|1786136560
|move|p1b: Sneasler|Protect|p1b: Sneasler
|-singleturn|p1b: Sneasler|Protect
|move|p1a: Whimsicott|Moonblast|p2b: Fearless
|-supereffective|p2b: Fearless|2
|-damage|p2b: Fearless|0 fnt
|faint|p2b: Fearless
|move|p2a: Gengar|Sludge Bomb|p1a: Whimsicott
|-supereffective|p1a: Whimsicott|2
|-enditem|p1a: Whimsicott|Focus Sash
|-damage|p1a: Whimsicott|1/100
|
|upkeep
|
|t:|1786136572
|switch|p2b: Scovillain|Scovillain, L50, M|65/100
|turn|5
|
|t:|1786136606
|switch|p2b: Umbreon|Umbreon, L50, F|100/100
|move|p1a: Whimsicott|Protect|p1a: Whimsicott
|-singleturn|p1a: Whimsicott|Protect
|move|p1b: Sneasler|Dire Claw|p2b: Umbreon
|-damage|p2b: Umbreon|65/100
|move|p2a: Gengar|Sludge Bomb|p1a: Whimsicott
|-activate|p1a: Whimsicott|move: Protect
|
|-sideend|p1: shungung my wife|move: Tailwind
|upkeep
|turn|6
|
|t:|1786136661
|switch|p2b: Scovillain|Scovillain, L50, M|65/100
|move|p1a: Whimsicott|Tailwind|p1a: Whimsicott
|-sidestart|p1: shungung my wife|move: Tailwind
|move|p1b: Sneasler|Close Combat|p2b: Scovillain
|-damage|p2b: Scovillain|0 fnt
|-unboost|p1b: Sneasler|def|1
|-unboost|p1b: Sneasler|spd|1
|faint|p2b: Scovillain
|-enditem|p1b: Sneasler|White Herb
|-clearnegativeboost|p1b: Sneasler|[silent]
|move|p2a: Gengar|Sludge Bomb|p1a: Whimsicott
|-supereffective|p1a: Whimsicott|2
|-damage|p1a: Whimsicott|0 fnt
|faint|p1a: Whimsicott
|
|upkeep
|
|t:|1786136677
|switch|p1a: Chimecho|Chimecho, L50, F|100/100
|switch|p2b: Umbreon|Umbreon, L50, F|65/100
|turn|7
|
|t:|1786136697
|detailschange|p1a: Chimecho|Chimecho-Mega, L50, F
|-mega|p1a: Chimecho|Chimecho|Chimechite
|move|p1b: Sneasler|Close Combat|p2b: Umbreon
|-supereffective|p2b: Umbreon|1
|-damage|p2b: Umbreon|0 fnt
|-unboost|p1b: Sneasler|def|1
|-unboost|p1b: Sneasler|spd|1
|faint|p2b: Umbreon
|move|p2a: Gengar|Psychic|p1b: Sneasler
|-supereffective|p1b: Sneasler|2
|-damage|p1b: Sneasler|0 fnt
|faint|p1b: Sneasler
|move|p1a: Chimecho|Psychic|p2a: Gengar
|-supereffective|p2a: Gengar|1
|-damage|p2a: Gengar|1/100
|
|upkeep
|
|t:|1786136710
|switch|p1b: Basculegion|Basculegion, L50, M|100/100
|turn|8
|
|t:|1786136715
|move|p1a: Chimecho|Protect|p1a: Chimecho
|-singleturn|p1a: Chimecho|Protect
|move|p1b: Basculegion|Aqua Jet|p2a: Gengar
|-damage|p2a: Gengar|0 fnt
|faint|p2a: Gengar
|
|win|shungung my wife
