|j|☆Rock slap
|j|☆PigsPigsPigsPigs
|html|Rock slapPigsPigsPigsPigs    
|uhtml|bestof|Game 1 of a best-of-3
|t:|1757626199
|gametype|doubles
|player|p1|Rock slap|hiker-gen4|1219
|player|p2|PigsPigsPigsPigs|marley|1131
|gen|9
|tier|[Gen 9] VGC 2025 Reg H (Bo3)
|rated|
|rule|Species Clause: Limit one of each Pokémon
|rule|Item Clause: Limit 1 of each item
|clearpoke
|poke|p1|Kommo-o, L50, M|
|poke|p1|Incineroar, L50, F|
|poke|p1|Rillaboom, L50, F|
|poke|p1|Volcarona, L50, F|
|poke|p1|Electabuzz, L50, M|
|poke|p1|Golduck, L50, M|
|poke|p2|Indeedee-F, L50, F|
|poke|p2|Armarouge, L50, M|
|poke|p2|Ursaluna, L50, F|
|poke|p2|Gallade, L50, M|
|poke|p2|Incineroar, L50, F|
|poke|p2|Sneasler, L50, F|
|teampreview|4
|showteam|p1|Kommo-o||ThroatSpray|Soundproof|ClangingScales,FlashCannon,ClangorousSoul,Protect|||M|||50|,,,,,Steel]Incineroar||SafetyGoggles|Intimidate|FakeOut,KnockOff,PartingShot,FlareBlitz|||F|||50|,,,,,Ghost]Rillaboom||AssaultVest|GrassySurge|FakeOut,WoodHammer,HighHorsepower,GrassyGlide|||F|||50|,,,,,Water]Volcarona||SitrusBerry|FlameBody|QuiverDance,HeatWave,TeraBlast,Protect|||F|||50|,,,,,Fairy]Electabuzz||Eviolite|VitalSpirit|Protect,Electroweb,Taunt,FollowMe|||M|||50|,,,,,Fairy]Golduck||CovertCloak|CloudNine|IcyWind,SimpleBeam,HelpingHand,Encore|||M|||50|,,,,,Poison
|showteam|p2|Indeedee-F||FocusSash|PsychicSurge|FollowMe,TrickRoom,HelpingHand,Psychic|||F|||50|,,,,,Fairy]Armarouge||LifeOrb|FlashFire|ExpandingForce,ArmorCannon,TrickRoom,Protect|||M|||50|,,,,,Grass]Ursaluna||FlameOrb|Guts|Facade,Earthquake,HeadlongRush,Protect|||F|||50|,,,,,Ghost]Gallade||ClearAmulet|Sharpness|SacredSword,PsychoCut,TrickRoom,WideGuard|||M|||50|,,,,,Steel]Incineroar||SafetyGoggles|Intimidate|FakeOut,FlareBlitz,KnockOff,PartingShot|||F|||50|,,,,,Flying]Sneasler||PsychicSeed|Unburden|DireClaw,CloseCombat,ThroatChop,Protect|||F|||50|,,,,,Stellar
|inactive|Battle timer is ON: inactive players will automatically lose when time's up. (requested by Rock slap)
|
|t:|1757626252
|teamsize|p1|4
|teamsize|p2|4
|start
|switch|p1a: Kommo-o|Kommo-o, L50, M, shiny|100/100
|switch|p1b: Electabuzz|Electabuzz, L50, M, shiny|100/100
|switch|p2a: Pomni|Indeedee-F, L50, F|100/100
|switch|p2b: Zooble|Armarouge, L50, M|100/100
|-fieldstart|move: Psychic Terrain|[from] ability: Psychic Surge|[of] p2a: Pomni
|turn|1
|
|t:|1757626275
|switch|p1a: Incineroar|Incineroar, L50, F|100/100
|-ability|p1a: Incineroar|Intimidate|boost
|-unboost|p2a: Pomni|atk|1
|-unboost|p2b: Zooble|atk|1
|move|p2a: Pomni|Follow Me|p2a: Pomni
|-singleturn|p2a: Pomni|move: Follow Me
|move|p1b: Electabuzz|Taunt|p2a: Pomni
|-start|p2a: Pomni|move: Taunt
|move|p2b: Zooble|Trick Room|p2b: Zooble
|-fieldstart|move: Trick Room|[of] p2b: Zooble
|
|upkeep
|turn|2
|inactive|Rock slap has 30 seconds left.
|
|t:|1757626305
|switch|p2a: Mildenhall|Ursaluna, L50, F|100/100
|switch|p1b: Rillaboom|Rillaboom, L50, F|100/100
|-fieldstart|move: Grassy Terrain|[from] ability: Grassy Surge|[of] p1b: Rillaboom
|move|p2b: Zooble|Protect|p2b: Zooble
|-singleturn|p2b: Zooble|Protect
|move|p1a: Incineroar|Knock Off|p2b: Zooble
|-activate|p2b: Zooble|move: Protect
|
|-status|p2a: Mildenhall|brn|[from] item: Flame Orb
|upkeep
|turn|3
|inactive|Rock slap has 30 seconds left.
|inactive|Rock slap has 20 seconds left.
|
|t:|1757626343
|switch|p2b: Pomni|Indeedee-F, L50, F|100/100
|-fieldstart|move: Psychic Terrain|[from] ability: Psychic Surge|[of] p2b: Pomni
|switch|p1b: Electabuzz|Electabuzz, L50, M, shiny|100/100
|move|p2a: Mildenhall|Facade|p1b: Electabuzz
|-damage|p1b: Electabuzz|0 fnt
|faint|p1b: Electabuzz
|move|p1a: Incineroar|Knock Off|p2a: Mildenhall
|-damage|p2a: Mildenhall|71/100 brn
|-enditem|p2a: Mildenhall|Flame Orb|[from] move: Knock Off|[of] p1a: Incineroar
|
|-damage|p2a: Mildenhall|65/100 brn|[from] brn
|upkeep
|
|t:|1757626353
|switch|p1b: Rillaboom|Rillaboom, L50, F|100/100
|-fieldstart|move: Grassy Terrain|[from] ability: Grassy Surge|[of] p1b: Rillaboom
|turn|4
|
|t:|1757626362
|switch|p2b: Cain|Incineroar, L50, F|100/100
|-ability|p2b: Cain|Intimidate|boost
|-unboost|p1a: Incineroar|atk|1
|-unboost|p1b: Rillaboom|atk|1
|-terastallize|p1a: Incineroar|Ghost
|move|p2a: Mildenhall|Protect|p2a: Mildenhall
|-singleturn|p2a: Mildenhall|Protect
|move|p1b: Rillaboom|Fake Out|p2b: Cain
|-damage|p2b: Cain|91/100
|move|p1a: Incineroar|Flare Blitz|p2a: Mildenhall
|-activate|p2a: Mildenhall|move: Protect
|
|-heal|p2a: Mildenhall|71/100 brn|[from] Grassy Terrain
|-heal|p2b: Cain|96/100|[from] Grassy Terrain
|-damage|p2a: Mildenhall|65/100 brn|[from] brn
|upkeep
|turn|5
|inactive|PigsPigsPigsPigs has 30 seconds left.
|
|t:|1757626388
|-terastallize|p2a: Mildenhall|Ghost
|move|p1b: Rillaboom|Grassy Glide|p2a: Mildenhall
|-damage|p2a: Mildenhall|46/100 brn
|move|p2a: Mildenhall|Facade|p1b: Rillaboom
|-damage|p1b: Rillaboom|0 fnt
|faint|p1b: Rillaboom
|move|p2b: Cain|Parting Shot|p1a: Incineroar
|-unboost|p1a: Incineroar|atk|1
|-unboost|p1a: Incineroar|spa|1
|
|t:|1757626398
|switch|p2b: Pomni|Indeedee-F, L50, F|100/100|[from] Parting Shot
|-fieldstart|move: Psychic Terrain|[from] ability: Psychic Surge|[of] p2b: Pomni
|move|p1a: Incineroar|Parting Shot|p2a: Mildenhall
|-unboost|p2a: Mildenhall|atk|1
|-unboost|p2a: Mildenhall|spa|1
|
|t:|1757626405
|switch|p1a: Kommo-o|Kommo-o, L50, M, shiny|100/100|[from] Parting Shot
|
|-damage|p2a: Mildenhall|40/100 brn|[from] brn
|-fieldend|move: Trick Room
|upkeep
|
|t:|1757626406
|switch|p1b: Incineroar|Incineroar, L50, F, tera:Ghost|100/100
|-ability|p1b: Incineroar|Intimidate|boost
|-unboost|p2a: Mildenhall|atk|1
|-unboost|p2b: Pomni|atk|1
|turn|6
|
|t:|1757626413
|switch|p2a: Zooble|Armarouge, L50, M|100/100
|move|p1a: Kommo-o|Clanging Scales|p2a: Zooble|[spread] p2a,p2b
|-damage|p2a: Zooble|51/100
|-damage|p2b: Pomni|68/100
|-unboost|p1a: Kommo-o|def|1
|-enditem|p1a: Kommo-o|Throat Spray
|-boost|p1a: Kommo-o|spa|1|[from] item: Throat Spray
|move|p1b: Incineroar|Knock Off|p2b: Pomni
|-supereffective|p2b: Pomni
|-damage|p2b: Pomni|0 fnt
|-enditem|p2b: Pomni|Focus Sash|[from] move: Knock Off|[of] p1b: Incineroar
|faint|p2b: Pomni
|
|upkeep
|
|t:|1757626425
|switch|p2b: Mildenhall|Ursaluna, L50, F, tera:Ghost|40/100 brn
|turn|7
|
|t:|1757626439
|move|p1a: Kommo-o|Clanging Scales|p2b: Mildenhall|[spread] p2a,p2b
|-damage|p2a: Zooble|0 fnt
|-damage|p2b: Mildenhall|0 fnt
|faint|p2a: Zooble
|faint|p2b: Mildenhall
|-unboost|p1a: Kommo-o|def|1
|move|p1b: Incineroar|Knock Off|p2: Zooble|[notarget]
|-fail|p1b: Incineroar
|
|upkeep
|
|t:|1757626443
|switch|p2b: Cain|Incineroar, L50, F|96/100
|-ability|p2b: Cain|Intimidate|boost
|-unboost|p1a: Kommo-o|atk|1
|-unboost|p1b: Incineroar|atk|1
|turn|8
|
|t:|1757626467
|move|p1a: Kommo-o|Clanging Scales|p2b: Cain
|-damage|p2b: Cain|35/100
|-unboost|p1a: Kommo-o|def|1
|move|p1b: Incineroar|Knock Off|p2b: Cain
|-resisted|p2b: Cain
|-crit|p2b: Cain
|-damage|p2b: Cain|4/100
|-enditem|p2b: Cain|Safety Goggles|[from] move: Knock Off|[of] p1b: Incineroar
|move|p2b: Cain|Knock Off|p1b: Incineroar
|-supereffective|p1b: Incineroar
|-damage|p1b: Incineroar|11/100
|-enditem|p1b: Incineroar|Safety Goggles|[from] move: Knock Off|[of] p2b: Cain
|
|upkeep
|turn|9
|
|t:|1757626478
|move|p1a: Kommo-o|Clanging Scales|p2b: Cain
|-damage|p2b: Cain|0 fnt
|faint|p2b: Cain
|
|win|Rock slap
||PigsPigsPigsPigs is ready for game 2.
