|j|☆jaflako
|j|☆foiledfeline
|html|jaflakofoiledfeline    
|uhtml|bestof|Game 1 of a best-of-3
|t:|1756351905
|gametype|doubles
|player|p1|jaflako|barry|1055
|player|p2|foiledfeline|1|1112
|gen|9
|tier|[Gen 9] VGC 2025 Reg H (Bo3)
|rated|
|rule|Species Clause: Limit one of each Pokémon
|rule|Item Clause: Limit 1 of each item
|clearpoke
|poke|p1|Skeledirge, L50, M|
|poke|p1|Ninetales-Alola, L50, M|
|poke|p1|Sneasler, L50, F|
|poke|p1|Rillaboom, L50, F|
|poke|p1|Electabuzz, L50, M|
|poke|p1|Ribombee, L50, F|
|poke|p2|Delphox, L50, F|
|poke|p2|Sneasler, L50, M|
|poke|p2|Indeedee, L50, M|
|poke|p2|Whimsicott, L50, M|
|poke|p2|Annihilape, L50, M|
|poke|p2|Maushold-Four, L50|
|teampreview|4
|showteam|p1|Skeledirge||ThroatSpray|Unaware|HyperVoice,TorchSong,ShadowBall,Protect|||M|||50|,,,,,Normal]Ninetales-Alola||LightClay|SnowWarning|Blizzard,Protect,AuroraVeil,NastyPlot|||M|||50|,,,,,Ghost]Sneasler||FocusSash|Unburden|DireClaw,CloseCombat,Protect,FakeOut|||F|||50|,,,,,Dark]Rillaboom||AssaultVest|GrassySurge|Uturn,WoodHammer,FakeOut,HighHorsepower|||F|||50|,,,,,Fire]Electabuzz||Eviolite|VitalSpirit|FollowMe,VoltSwitch,Thunderbolt,KnockOff|||M|||50|,,,,,Dark]Ribombee||GrassySeed|SweetVeil|Protect,Trick,Tailwind,PollenPuff|||F|||50|,,,,,Water
|showteam|p2|Delphox||LifeOrb|Blaze|HeatWave,ExpandingForce,TeraBlast,Protect|||F|||50|,,,,,Fighting]Sneasler||PsychicSeed|Unburden|CloseCombat,DireClaw,ThroatChop,Protect|||M|||50|,,,,,Dark]Indeedee||FocusSash|PsychicSurge|ExpandingForce,TrickRoom,Protect,TeraBlast|||M|||50|,,,,,Fighting]Whimsicott||CovertCloak|Prankster|Tailwind,BeatUp,SunnyDay,Moonblast|||M|||50|,,,,,Water]Annihilape||SafetyGoggles|Defiant|CloseCombat,RageFist,Taunt,FinalGambit|||M|||50|,,,,,Fire]Maushold-Four||WideLens|Technician|Protect,PopulationBomb,BeatUp,FollowMe||||||50|,,,,,Normal
|inactive|Battle timer is ON: inactive players will automatically lose when time's up. (requested by jaflako)
|
|t:|1756351970
|teamsize|p1|4
|teamsize|p2|4
|start
|switch|p1a: Electabuzz|Electabuzz, L50, M|100/100
|switch|p1b: Skeledirge|Skeledirge, L50, M|100/100
|switch|p2a: Fluffy|Whimsicott, L50, M, shiny|100/100
|switch|p2b: Scary|Annihilape, L50, M, shiny|100/100
|turn|1
|inactive|jaflako has 30 seconds left.
|inactive|foiledfeline has 30 seconds left.
|
|t:|1756352004
|switch|p2a: Furry|Sneasler, L50, M|100/100
|-terastallize|p1b: Skeledirge|Normal
|move|p2b: Scary|Taunt|p1a: Electabuzz
|-start|p1a: Electabuzz|move: Taunt
|move|p1a: Electabuzz|Volt Switch|p2b: Scary
|-damage|p2b: Scary|77/100
|
|t:|1756352019
|switch|p1a: Ninetales|Ninetales-Alola, L50, M|100/100|[from] Volt Switch
|-weather|Snowscape|[from] ability: Snow Warning|[of] p1a: Ninetales
|move|p1b: Skeledirge|Torch Song|p2a: Furry
|-damage|p2a: Furry|43/100
|-boost|p1b: Skeledirge|spa|1
|-enditem|p1b: Skeledirge|Throat Spray
|-boost|p1b: Skeledirge|spa|1|[from] item: Throat Spray
|
|-weather|Snowscape|[upkeep]
|upkeep
|turn|2
|inactive|jaflako has 30 seconds left.
|inactive|foiledfeline has 30 seconds left.
|inactive|foiledfeline has 20 seconds left.
|inactive|foiledfeline has 15 seconds left.
|inactive|foiledfeline has 10 seconds left.
|
|t:|1756352067
|switch|p2b: ahem has horns|Indeedee, L50, M|100/100
|-fieldstart|move: Psychic Terrain|[from] ability: Psychic Surge|[of] p2b: ahem has horns
|-enditem|p2a: Furry|Psychic Seed
|-boost|p2a: Furry|spd|1|[from] item: Psychic Seed
|move|p2a: Furry|Close Combat|p1b: Skeledirge
|-supereffective|p1b: Skeledirge
|-damage|p1b: Skeledirge|0 fnt
|-unboost|p2a: Furry|def|1
|-unboost|p2a: Furry|spd|1
|faint|p1b: Skeledirge
|move|p1a: Ninetales|Aurora Veil|p1a: Ninetales
|-sidestart|p1: jaflako|move: Aurora Veil
|
|-weather|Snowscape|[upkeep]
|upkeep
|
|t:|1756352081
|switch|p1b: Sneasler|Sneasler, L50, F|100/100
|turn|3
|
|t:|1756352103
|move|p1b: Sneasler|Fake Out|p2a: Furry
|-activate|p2a: Furry|move: Psychic Terrain
|move|p2a: Furry|Dire Claw|p1b: Sneasler
|-resisted|p1b: Sneasler
|-damage|p1b: Sneasler|75/100
|-status|p1b: Sneasler|par
|move|p1a: Ninetales|Blizzard|p2a: Furry|[spread] p2a,p2b
|-damage|p2a: Furry|8/100
|-damage|p2b: ahem has horns|62/100
|move|p2b: ahem has horns|Expanding Force|p1b: Sneasler|[spread] p1a,p1b
|-supereffective|p1b: Sneasler
|-damage|p1a: Ninetales|56/100
|-damage|p1b: Sneasler|0 fnt
|faint|p1b: Sneasler
|
|-weather|Snowscape|[upkeep]
|upkeep
|
|t:|1756352119
|switch|p1b: Electabuzz|Electabuzz, L50, M|100/100
|turn|4
|
|t:|1756352127
|move|p2a: Furry|Dire Claw|p1a: Ninetales
|-supereffective|p1a: Ninetales
|-damage|p1a: Ninetales|12/100
|move|p1a: Ninetales|Blizzard|p2b: ahem has horns|[spread] p2a,p2b
|-damage|p2a: Furry|0 fnt
|-damage|p2b: ahem has horns|28/100
|faint|p2a: Furry
|move|p2b: ahem has horns|Expanding Force|p1b: Electabuzz|[spread] p1a,p1b
|-damage|p1a: Ninetales|0 fnt
|-damage|p1b: Electabuzz|73/100
|faint|p1a: Ninetales
|move|p1b: Electabuzz|Knock Off|p2b: ahem has horns
|-supereffective|p2b: ahem has horns
|-damage|p2b: ahem has horns|0 fnt
|-enditem|p2b: ahem has horns|Focus Sash|[from] move: Knock Off|[of] p1b: Electabuzz
|faint|p2b: ahem has horns
|
|-weather|Snowscape|[upkeep]
|upkeep
|
|t:|1756352142
|switch|p2a: Scary|Annihilape, L50, M, shiny|77/100
|switch|p2b: Fluffy|Whimsicott, L50, M, shiny|100/100
|turn|5
|
|t:|1756352154
|move|p2b: Fluffy|Beat Up|p2a: Scary
|-damage|p2a: Scary|74/100
|-damage|p2a: Scary|72/100
|-hitcount|p2a: Scary|2
|move|p2a: Scary|Rage Fist|p1b: Electabuzz
|-damage|p1b: Electabuzz|16/100
|move|p1b: Electabuzz|Thunderbolt|p2a: Scary
|-damage|p2a: Scary|45/100
|
|-weather|none
|upkeep
|turn|6
|
|t:|1756352167
|move|p2b: Fluffy|Moonblast|p1b: Electabuzz
|-damage|p1b: Electabuzz|3/100
|move|p2a: Scary|Rage Fist|p1b: Electabuzz
|-damage|p1b: Electabuzz|0 fnt
|faint|p1b: Electabuzz
|
|win|foiledfeline
||jaflako is ready for game 2.
||foiledfeline is ready for game 2.
|uhtml|next|Next: Game 2 of 3
|l|☆jaflako
|player|p1|
