|j|☆Jessditta
|j|☆MoodyMukVGC
|html|JessdittaMoodyMukVGC    
|uhtml|bestof|Game 1 of a best-of-3
|t:|1757815090
|gametype|doubles
|player|p1|Jessditta|hilda|1140
|player|p2|MoodyMukVGC|169|1136
|gen|9
|tier|[Gen 9] VGC 2025 Reg H (Bo3)
|rated|
|rule|Species Clause: Limit one of each Pokémon
|rule|Item Clause: Limit 1 of each item
|clearpoke
|poke|p1|Ninetales-Alola, L50, F|
|poke|p1|Rillaboom, L50, M|
|poke|p1|Volcarona, L50, F|
|poke|p1|Annihilape, L50, M|
|poke|p1|Salamence, L50, F|
|poke|p1|Sneasler, L50, M|
|poke|p2|Ursaluna, L50, M|
|poke|p2|Jumpluff, L50, M|
|poke|p2|Charizard, L50, M|
|poke|p2|Torkoal, L50, M|
|poke|p2|Incineroar, L50, M|
|poke|p2|Porygon2, L50|
|teampreview|4
|showteam|p1|Ninetales-Alola||LightClay|SnowWarning|Blizzard,IcicleSpear,AuroraVeil,FreezeDry|||F|||50|,,,,,Ghost]Rillaboom||AssaultVest|GrassySurge|FakeOut,WoodHammer,GrassyGlide,Uturn|||M|||50|,,,,,Fire]Volcarona||SitrusBerry|FlameBody|HeatWave,GigaDrain,QuiverDance,Protect|||F|||50|,,,,,Grass]Annihilape||Leftovers|Defiant|RageFist,DrainPunch,BulkUp,Protect|||M|||50|,,,,,Fire]Salamence||LifeOrb|Intimidate|AirSlash,DracoMeteor,Tailwind,Protect|||F|||50|,,,,,Flying]Sneasler||GrassySeed|Unburden|FakeOut,DireClaw,CloseCombat,Protect|||M|||50|,,,,,Fighting
|showteam|p2|Ursaluna||FlameOrb|Guts|HeadlongRush,Facade,Earthquake,Protect|||M|||50|,,,,,Ghost]Jumpluff||CovertCloak|Chlorophyll|SleepPowder,SunnyDay,Tailwind,RagePowder|||M|||50|,,,,,Water]Charizard||ChoiceSpecs|SolarPower|AirSlash,HeatWave,Overheat,WeatherBall|||M|||50|,,,,,Ghost]Torkoal||EjectPack|Drought|ClearSmog,Eruption,Overheat,Protect|||M|||50|,,,,,Fire]Incineroar||SafetyGoggles|Intimidate|FakeOut,FlareBlitz,KnockOff,PartingShot|||M|||50|,,,,,Ghost]Porygon2||Eviolite|Download|TeraBlast,IceBeam,Recover,TrickRoom||||||50|,,,,,Fighting
|inactive|Battle timer is ON: inactive players will automatically lose when time's up. (requested by Jessditta)
|inactive|MoodyMukVGC has 60 seconds left.
|
|t:|1757815215
|teamsize|p1|4
|teamsize|p2|4
|start
|switch|p1a: Ninetales|Ninetales-Alola, L50, F|100/100
|switch|p1b: Sneasler|Sneasler, L50, M|100/100
|switch|p2a: Jumpluff|Jumpluff, L50, M, shiny|100/100
|switch|p2b: Porygon2|Porygon2, L50, shiny|100/100
|-weather|Snowscape|[from] ability: Snow Warning|[of] p1a: Ninetales
|-ability|p2b: Porygon2|Download|boost
|-boost|p2b: Porygon2|atk|1
|turn|1
|
|t:|1757815228
|-terastallize|p2a: Jumpluff|Water
|move|p1b: Sneasler|Fake Out|p2b: Porygon2
|-damage|p2b: Porygon2|90/100
|move|p1a: Ninetales|Blizzard|p2b: Porygon2|[spread] p2a,p2b
|-resisted|p2a: Jumpluff
|-damage|p2a: Jumpluff|87/100
|-damage|p2b: Porygon2|75/100
|move|p2a: Jumpluff|Sleep Powder|p1a: Ninetales
|-status|p1a: Ninetales|slp|[from] move: Sleep Powder
|cant|p2b: Porygon2|flinch
|
|-weather|Snowscape|[upkeep]
|upkeep
|turn|2
|inactive|Jessditta has 30 seconds left.
|
|t:|1757815255
|move|p2a: Jumpluff|Rage Powder|p2a: Jumpluff
|-singleturn|p2a: Jumpluff|move: Rage Powder
|cant|p1a: Ninetales|slp
|move|p1b: Sneasler|Dire Claw|p2a: Jumpluff
|-damage|p2a: Jumpluff|39/100
|move|p2b: Porygon2|Trick Room|p2b: Porygon2
|-fieldstart|move: Trick Room|[of] p2b: Porygon2
|
|-weather|Snowscape|[upkeep]
|upkeep
|turn|3
|
|t:|1757815268
|switch|p1b: Annihilape|Annihilape, L50, M, shiny|100/100
|move|p2b: Porygon2|Tera Blast|p1a: Ninetales
|-damage|p1a: Ninetales|66/100 slp
|move|p2a: Jumpluff|Sleep Powder|p1b: Annihilape
|-status|p1b: Annihilape|slp|[from] move: Sleep Powder
|cant|p1a: Ninetales|slp
|
|-weather|Snowscape|[upkeep]
|upkeep
|turn|4
|
|t:|1757815279
|switch|p2a: Torkoal|Torkoal, L50, M, shiny|100/100
|-weather|SunnyDay|[from] ability: Drought|[of] p2a: Torkoal
|move|p2b: Porygon2|Tera Blast|p1a: Ninetales
|-damage|p1a: Ninetales|28/100 slp
|cant|p1b: Annihilape|slp
|-curestatus|p1a: Ninetales|slp|[msg]
|move|p1a: Ninetales|Blizzard|p2b: Porygon2|[spread] p2a,p2b
|-resisted|p2a: Torkoal
|-damage|p2a: Torkoal|84/100
|-damage|p2b: Porygon2|61/100
|
|-weather|SunnyDay|[upkeep]
|upkeep
|turn|5
|
|t:|1757815299
|switch|p1a: Volcarona|Volcarona, L50, F|100/100
|move|p2a: Torkoal|Eruption|p1b: Annihilape|[spread] p1a,p1b
|-damage|p1a: Volcarona|46/100
|-damage|p1b: Annihilape|46/100 slp
|-enditem|p1a: Volcarona|Sitrus Berry|[eat]
|-heal|p1a: Volcarona|71/100|[from] item: Sitrus Berry
|move|p2b: Porygon2|Tera Blast|p1b: Annihilape
|-immune|p1b: Annihilape
|cant|p1b: Annihilape|slp
|
|-weather|SunnyDay|[upkeep]
|-heal|p1b: Annihilape|52/100 slp|[from] item: Leftovers
|upkeep
|turn|6
|
|t:|1757815317
|-curestatus|p1b: Annihilape|slp|[msg]
|move|p1b: Annihilape|Protect|p1b: Annihilape
|-singleturn|p1b: Annihilape|Protect
|move|p1a: Volcarona|Protect|p1a: Volcarona
|-singleturn|p1a: Volcarona|Protect
|move|p2a: Torkoal|Overheat|p1b: Annihilape
|-activate|p1b: Annihilape|move: Protect
|move|p2b: Porygon2|Recover|p2b: Porygon2
|-heal|p2b: Porygon2|100/100
|
|-weather|SunnyDay|[upkeep]
|-heal|p1b: Annihilape|58/100|[from] item: Leftovers
|-fieldend|move: Trick Room
|upkeep
|turn|7
|
|t:|1757815329
|move|p1a: Volcarona|Heat Wave|p2b: Porygon2|[spread] p2a,p2b
|-resisted|p2a: Torkoal
|-damage|p2a: Torkoal|49/100
|-damage|p2b: Porygon2|67/100
|move|p1b: Annihilape|Drain Punch|p2b: Porygon2
|-supereffective|p2b: Porygon2
|-damage|p2b: Porygon2|20/100
|-heal|p1b: Annihilape|79/100|[from] drain|[of] p2b: Porygon2
|move|p2a: Torkoal|Overheat|p1a: Volcarona
|-damage|p1a: Volcarona|0 fnt
|-unboost|p2a: Torkoal|spa|2
|faint|p1a: Volcarona
|-enditem|p2a: Torkoal|Eject Pack
|
|t:|1757815343
|switch|p2a: Ursaluna|Ursaluna, L50, M, shiny|100/100
|move|p2b: Porygon2|Trick Room|p2b: Porygon2
|-fieldstart|move: Trick Room|[of] p2b: Porygon2
|
|-weather|SunnyDay|[upkeep]
|-heal|p1b: Annihilape|85/100|[from] item: Leftovers
|-status|p2a: Ursaluna|brn|[from] item: Flame Orb
|upkeep
|
|t:|1757815350
|switch|p1a: Sneasler|Sneasler, L50, M|100/100
|turn|8
|
|t:|1757815367
|move|p2a: Ursaluna|Protect|p2a: Ursaluna
|-singleturn|p2a: Ursaluna|Protect
|move|p1a: Sneasler|Fake Out|p2b: Porygon2
|-damage|p2b: Porygon2|10/100
|cant|p2b: Porygon2|flinch
|move|p1b: Annihilape|Rage Fist|p2a: Ursaluna
|-activate|p2a: Ursaluna|move: Protect
|
|-weather|none
|-heal|p1b: Annihilape|91/100|[from] item: Leftovers
|-damage|p2a: Ursaluna|94/100 brn|[from] brn
|upkeep
|turn|9
|
|t:|1757815386
|switch|p2b: Jumpluff|Jumpluff, L50, M, shiny, tera:Water|39/100
|move|p1a: Sneasler|Protect|p1a: Sneasler
|-singleturn|p1a: Sneasler|Protect
|move|p2a: Ursaluna|Earthquake|p1a: Sneasler|[spread] p2b,p1b
|-activate|p1a: Sneasler|move: Protect
|-damage|p2b: Jumpluff|0 fnt
|-damage|p1b: Annihilape|25/100
|faint|p2b: Jumpluff
|move|p1b: Annihilape|Bulk Up|p1b: Annihilape
|-boost|p1b: Annihilape|atk|1
|-boost|p1b: Annihilape|def|1
|
|-heal|p1b: Annihilape|31/100|[from] item: Leftovers
|-damage|p2a: Ursaluna|88/100 brn|[from] brn
|upkeep
|
|t:|1757815397
|switch|p2b: Porygon2|Porygon2, L50, shiny|10/100
|-ability|p2b: Porygon2|Download|boost
|-boost|p2b: Porygon2|spa|1
|turn|10
|
|t:|1757815412
|switch|p1a: Ninetales|Ninetales-Alola, L50, F|28/100
|-weather|Snowscape|[from] ability: Snow Warning|[of] p1a: Ninetales
|move|p1b: Annihilape|Protect|p1b: Annihilape
|-singleturn|p1b: Annihilape|Protect
|move|p2b: Porygon2|Ice Beam|p1b: Annihilape
|-activate|p1b: Annihilape|move: Protect
|move|p2a: Ursaluna|Facade|p1a: Ninetales
|-damage|p1a: Ninetales|0 fnt
|faint|p1a: Ninetales
|
|-weather|Snowscape|[upkeep]
|-heal|p1b: Annihilape|37/100|[from] item: Leftovers
|-damage|p2a: Ursaluna|82/100 brn|[from] brn
|upkeep
|
|t:|1757815427
|switch|p1a: Sneasler|Sneasler, L50, M|100/100
|turn|11
|
|t:|1757815450
|move|p2a: Ursaluna|Protect|p2a: Ursaluna
|-singleturn|p2a: Ursaluna|Protect
|move|p1a: Sneasler|Fake Out|p2a: Ursaluna
|-activate|p2a: Ursaluna|move: Protect
|move|p2b: Porygon2|Ice Beam|p1b: Annihilape
|-damage|p1b: Annihilape|3/100
|move|p1b: Annihilape|Drain Punch|p2b: Porygon2
|-supereffective|p2b: Porygon2
|-damage|p2b: Porygon2|0 fnt
|-heal|p1b: Annihilape|8/100|[from] drain|[of] p2b: Porygon2
|faint|p2b: Porygon2
|
|-weather|Snowscape|[upkeep]
|-heal|p1b: Annihilape|14/100|[from] item: Leftovers
|-damage|p2a: Ursaluna|76/100 brn|[from] brn
|-fieldend|move: Trick Room
|upkeep
|
|t:|1757815459
|switch|p2b: Torkoal|Torkoal, L50, M, shiny|49/100
|-weather|SunnyDay|[from] ability: Drought|[of] p2b: Torkoal
|turn|12
|
|t:|1757815482
|-terastallize|p1a: Sneasler|Fighting
|move|p1a: Sneasler|Close Combat|p2a: Ursaluna
|-supereffective|p2a: Ursaluna
|-damage|p2a: Ursaluna|0 fnt
|-unboost|p1a: Sneasler|def|1
|-unboost|p1a: Sneasler|spd|1
|faint|p2a: Ursaluna
|move|p1b: Annihilape|Rage Fist|p2b: Torkoal
|-damage|p2b: Torkoal|0 fnt
|faint|p2b: Torkoal
|
|win|Jessditta
||MoodyMukVGC is ready for game 2.
|inactive|Jessditta has 30 seconds to confirm battle start!
||Jessditta is ready for game 2.
|uhtml|next|Next: Game 2 of 3
