|j|☆thehorseking
|j|☆Jakobtc
|html|thehorsekingJakobtc    
|uhtml|bestof|Game 2 of a best-of-3
|t:|1757038854
|gametype|doubles
|player|p1|thehorseking|170|1082
|player|p2|Jakobtc|riley|1094
|gen|9
|tier|[Gen 9] VGC 2025 Reg H (Bo3)
|rated|
|rule|Species Clause: Limit one of each Pokémon
|rule|Item Clause: Limit 1 of each item
|clearpoke
|poke|p1|Gholdengo, L50|
|poke|p1|Sneasler, L50, M|
|poke|p1|Rillaboom, L50, M|
|poke|p1|Dragonite, L50, F|
|poke|p1|Ninetales-Alola, L50, F|
|poke|p1|Arcanine-Hisui, L50, F|
|poke|p2|Gholdengo, L50|
|poke|p2|Incineroar, L50, F|
|poke|p2|Rillaboom, L50, F|
|poke|p2|Dragonite, L50, M|
|poke|p2|Sneasler, L50, F|
|poke|p2|Electabuzz, L50, F|
|teampreview|4
|showteam|p1|Gholdengo||GrassySeed|GoodasGold|NastyPlot,MakeItRain,ShadowBall,Protect||||||50|,,,,,Water]Sneasler||WhiteHerb|Unburden|CloseCombat,DireClaw,Coaching,Protect|||M|||50|,,,,,Ghost]Rillaboom||AssaultVest|GrassySurge|FakeOut,GrassyGlide,DrumBeating,HighHorsepower|||M|||50|,,,,,Fire]Dragonite||LoadedDice|Multiscale|ScaleShot,StompingTantrum,Tailwind,Protect|||F|||50|,,,,,Ground]Ninetales-Alola||FocusSash|SnowWarning|Blizzard,IcyWind,Encore,AuroraVeil|||F|||50|,,,,,Ghost]Arcanine-Hisui||ClearAmulet|Intimidate|RockSlide,FlareBlitz,ExtremeSpeed,Protect|||F|||50|,,,,,Water
|showteam|p2|Gholdengo||LifeOrb|GoodasGold|MakeItRain,ShadowBall,NastyPlot,Protect||||||50|,,,,,Water]Incineroar||SafetyGoggles|Intimidate|FakeOut,FlareBlitz,KnockOff,PartingShot|||F|||50|,,,,,Bug]Rillaboom||AssaultVest|GrassySurge|FakeOut,GrassyGlide,WoodHammer,HighHorsepower|||F|||50|,,,,,Rock]Dragonite||LoadedDice|Multiscale|ScaleShot,TeraBlast,Tailwind,Protect|||M|||50|,,,,,Flying]Sneasler||FocusSash|Unburden|DireClaw,CloseCombat,Taunt,Protect|||F|||50|,,,,,Stellar]Electabuzz||Eviolite|VitalSpirit|FollowMe,Electroweb,VoltSwitch,Protect|||F|||50|,,,,,Fairy
|inactive|Battle timer is ON: inactive players will automatically lose when time's up. (requested by thehorseking)
|inactive|thehorseking has 60 seconds left.
|inactive|Jakobtc has 60 seconds left.
|
|t:|1757038910
|teamsize|p1|4
|teamsize|p2|4
|start
|switch|p1a: Gholdengo|Gholdengo, L50|100/100
|switch|p1b: Rillaboom|Rillaboom, L50, M|100/100
|switch|p2a: Gholdengo|Gholdengo, L50|100/100
|switch|p2b: Electabuzz|Electabuzz, L50, F|100/100
|-fieldstart|move: Grassy Terrain|[from] ability: Grassy Surge|[of] p1b: Rillaboom
|-enditem|p1a: Gholdengo|Grassy Seed
|-boost|p1a: Gholdengo|def|1|[from] item: Grassy Seed
|turn|1
|inactive|thehorseking has 30 seconds left.
|inactive|Jakobtc has 30 seconds left.
|inactive|thehorseking has 20 seconds left.
|inactive|thehorseking has 15 seconds left.
|inactive|Jakobtc has 20 seconds left.
|inactive|thehorseking has 10 seconds left.
|
|t:|1757038960
|move|p2a: Gholdengo|Protect|p2a: Gholdengo
|-singleturn|p2a: Gholdengo|Protect
|move|p1b: Rillaboom|High Horsepower|p2b: Electabuzz
|-supereffective|p2b: Electabuzz
|-damage|p2b: Electabuzz|49/100
|move|p2b: Electabuzz|Volt Switch|p1a: Gholdengo
|-damage|p1a: Gholdengo|75/100
|
|t:|1757038969
|switch|p2b: Incineroar|Incineroar, L50, F|100/100|[from] Volt Switch
|-ability|p2b: Incineroar|Intimidate|boost
|-unboost|p1a: Gholdengo|atk|1
|-unboost|p1b: Rillaboom|atk|1
|move|p1a: Gholdengo|Nasty Plot|p1a: Gholdengo
|-boost|p1a: Gholdengo|spa|2
|
|-heal|p1a: Gholdengo|81/100|[from] Grassy Terrain
|upkeep
|turn|2
|inactive|thehorseking has 30 seconds left.
|inactive|Jakobtc has 30 seconds left.
|inactive|thehorseking has 20 seconds left.
|inactive|thehorseking has 15 seconds left.
|
|t:|1757039012
|-terastallize|p2a: Gholdengo|Water
|move|p1a: Gholdengo|Protect|p1a: Gholdengo
|-singleturn|p1a: Gholdengo|Protect
|move|p1b: Rillaboom|High Horsepower|p2a: Gholdengo|[miss]
|-miss|p1b: Rillaboom|p2a: Gholdengo
|move|p2a: Gholdengo|Shadow Ball|p1b: Rillaboom
|-damage|p1b: Rillaboom|55/100
|-damage|p2a: Gholdengo|91/100|[from] item: Life Orb
|move|p2b: Incineroar|Parting Shot|p1b: Rillaboom
|-unboost|p1b: Rillaboom|atk|1
|-unboost|p1b: Rillaboom|spa|1
|
|t:|1757039024
|switch|p2b: Electabuzz|Electabuzz, L50, F|49/100|[from] Parting Shot
|
|-heal|p1b: Rillaboom|61/100|[from] Grassy Terrain
|-heal|p2a: Gholdengo|97/100|[from] Grassy Terrain
|-heal|p2b: Electabuzz|55/100|[from] Grassy Terrain
|-heal|p1a: Gholdengo|87/100|[from] Grassy Terrain
|upkeep
|turn|3
|inactive|thehorseking has 30 seconds left.
|inactive|Jakobtc has 30 seconds left.
|inactive|thehorseking has 20 seconds left.
|inactive|thehorseking has 15 seconds left.
|inactive|Jakobtc has 20 seconds left.
|inactive|thehorseking has 10 seconds left.
|inactive|thehorseking has 5 seconds left.
|
|t:|1757039077
|switch|p1b: Arcanine|Arcanine-Hisui, L50, F|100/100
|-ability|p1b: Arcanine|Intimidate|boost
|-unboost|p2a: Gholdengo|atk|1
|-unboost|p2b: Electabuzz|atk|1
|move|p2a: Gholdengo|Protect|p2a: Gholdengo
|-singleturn|p2a: Gholdengo|Protect
|move|p2b: Electabuzz|Electroweb|p1b: Arcanine|[spread] p1a,p1b
|-damage|p1a: Gholdengo|73/100
|-damage|p1b: Arcanine|83/100
|-unboost|p1a: Gholdengo|spe|1
|move|p1a: Gholdengo|Shadow Ball|p2b: Electabuzz
|-damage|p2b: Electabuzz|0 fnt
|faint|p2b: Electabuzz
|
|-heal|p1b: Arcanine|89/100|[from] Grassy Terrain
|-heal|p2a: Gholdengo|100/100|[from] Grassy Terrain
|-heal|p1a: Gholdengo|80/100|[from] Grassy Terrain
|upkeep
|
|t:|1757039091
|switch|p2b: Incineroar|Incineroar, L50, F|100/100
|-ability|p2b: Incineroar|Intimidate|boost
|-unboost|p1a: Gholdengo|atk|1
|-fail|p1b: Arcanine|unboost|[from] item: Clear Amulet|[of] p1b: Arcanine
|turn|4
|inactive|thehorseking has 30 seconds left.
|inactive|Jakobtc has 30 seconds left.
|inactive|thehorseking has 20 seconds left.
|inactive|Jakobtc has 20 seconds left.
|inactive|thehorseking has 15 seconds left.
|inactive|Jakobtc has 15 seconds left.
|inactive|Jakobtc has 10 seconds left.
|inactive|Jakobtc has 5 seconds left.
|
|t:|1757039144
|-terastallize|p1a: Gholdengo|Water
|move|p2b: Incineroar|Fake Out|p1a: Gholdengo
|-damage|p1a: Gholdengo|72/100
|move|p1b: Arcanine|Extreme Speed|p2a: Gholdengo
|-damage|p2a: Gholdengo|71/100
|move|p2a: Gholdengo|Shadow Ball|p1a: Gholdengo
|-damage|p1a: Gholdengo|22/100
|-unboost|p1a: Gholdengo|spd|1
|-damage|p2a: Gholdengo|62/100|[from] item: Life Orb
|cant|p1a: Gholdengo|flinch
|
|-heal|p1b: Arcanine|95/100|[from] Grassy Terrain
|-heal|p2a: Gholdengo|68/100|[from] Grassy Terrain
|-heal|p1a: Gholdengo|28/100|[from] Grassy Terrain
|upkeep
|turn|5
|inactive|thehorseking has 30 seconds left.
|inactive|Jakobtc has 30 seconds left.
|inactive|thehorseking has 20 seconds left.
|inactive|Jakobtc has 20 seconds left.
|inactive|thehorseking has 15 seconds left.
|inactive|Jakobtc has 15 seconds left.
|inactive|Jakobtc has 10 seconds left.
|
|t:|1757039194
|switch|p1a: Sneasler|Sneasler, L50, M|100/100
|move|p1b: Arcanine|Rock Slide|p2b: Incineroar|[spread] p2a,p2b
|-supereffective|p2b: Incineroar
|-damage|p2a: Gholdengo|41/100
|-damage|p2b: Incineroar|52/100
|move|p2a: Gholdengo|Shadow Ball|p1b: Arcanine
|-damage|p1b: Arcanine|34/100
|-damage|p2a: Gholdengo|32/100|[from] item: Life Orb
|cant|p2b: Incineroar|flinch
|
|-heal|p1b: Arcanine|40/100|[from] Grassy Terrain
|-heal|p2a: Gholdengo|38/100|[from] Grassy Terrain
|-heal|p2b: Incineroar|58/100|[from] Grassy Terrain
|-fieldend|move: Grassy Terrain
|upkeep
|turn|6
|inactive|thehorseking has 30 seconds left.
|inactive|Jakobtc has 30 seconds left.
|inactive|thehorseking has 20 seconds left.
|inactive|Jakobtc has 20 seconds left.
|inactive|thehorseking has 15 seconds left.
|inactive|thehorseking has 10 seconds left.
|
|t:|1757039240
|move|p2a: Gholdengo|Protect|p2a: Gholdengo
|-singleturn|p2a: Gholdengo|Protect
|move|p1a: Sneasler|Coaching|p1b: Arcanine
|-boost|p1b: Arcanine|atk|1
|-boost|p1b: Arcanine|def|1
|move|p1b: Arcanine|Rock Slide|p2a: Gholdengo|[spread] p2b
|-activate|p2a: Gholdengo|move: Protect
|-supereffective|p2b: Incineroar
|-damage|p2b: Incineroar|0 fnt
|faint|p2b: Incineroar
|
|upkeep
|
|t:|1757039250
|switch|p2b: Sneasler|Sneasler, L50, F|100/100
|turn|7
|inactive|Jakobtc has 30 seconds left.
|inactive|Jakobtc has 20 seconds left.
|
|t:|1757039287
|move|p1b: Arcanine|Protect|p1b: Arcanine
|-singleturn|p1b: Arcanine|Protect
|move|p2b: Sneasler|Close Combat|p1b: Arcanine
|-activate|p1b: Arcanine|move: Protect
|move|p1a: Sneasler|Close Combat|p2a: Gholdengo
|-damage|p2a: Gholdengo|0 fnt
|-unboost|p1a: Sneasler|def|1
|-unboost|p1a: Sneasler|spd|1
|faint|p2a: Gholdengo
|-enditem|p1a: Sneasler|White Herb
|-clearnegativeboost|p1a: Sneasler|[silent]
|
|upkeep
|turn|8
|
|t:|1757039307
|move|p1b: Arcanine|Protect||[still]
|-fail|p1b: Arcanine
|move|p1a: Sneasler|Coaching|p1b: Arcanine
|-boost|p1b: Arcanine|atk|1
|-boost|p1b: Arcanine|def|1
|move|p2b: Sneasler|Close Combat|p1b: Arcanine
|-supereffective|p1b: Arcanine
|-damage|p1b: Arcanine|0 fnt
|-unboost|p2b: Sneasler|def|1
|-unboost|p2b: Sneasler|spd|1
|faint|p1b: Arcanine
|
|upkeep
|c|☆thehorseking|misclick lol
|c|☆Jakobtc|lol
|
|t:|1757039322
|switch|p1b: Rillaboom|Rillaboom, L50, M|61/100
|-fieldstart|move: Grassy Terrain|[from] ability: Grassy Surge|[of] p1b: Rillaboom
|turn|9
|
|t:|1757039329
|move|p2b: Sneasler|Protect|p2b: Sneasler
|-singleturn|p2b: Sneasler|Protect
|move|p1b: Rillaboom|Fake Out|p2b: Sneasler
|-activate|p2b: Sneasler|move: Protect
|move|p1a: Sneasler|Dire Claw|p2b: Sneasler
|-activate|p2b: Sneasler|move: Protect
|
|-heal|p1b: Rillaboom|67/100|[from] Grassy Terrain
|upkeep
|turn|10
|
|t:|1757039347
|switch|p1b: Gholdengo|Gholdengo, L50, tera:Water|28/100
|move|p1a: Sneasler|Dire Claw|p2b: Sneasler
|-resisted|p2b: Sneasler
|-damage|p2b: Sneasler|45/100
|move|p2b: Sneasler|Dire Claw|p1b: Gholdengo
|-damage|p1b: Gholdengo|0 fnt
|faint|p1b: Gholdengo
|
|-heal|p2b: Sneasler|50/100|[from] Grassy Terrain
|upkeep
|
|t:|1757039356
|switch|p1b: Rillaboom|Rillaboom, L50, M|67/100
|turn|11
|
|t:|1757039369
|move|p2b: Sneasler|Protect|p2b: Sneasler
|-singleturn|p2b: Sneasler|Protect
|move|p1b: Rillaboom|Fake Out|p2b: Sneasler
|-activate|p2b: Sneasler|move: Protect
|move|p1a: Sneasler|Coaching|p1b: Rillaboom
|-boost|p1b: Rillaboom|atk|1
|-boost|p1b: Rillaboom|def|1
|
|-heal|p2b: Sneasler|56/100|[from] Grassy Terrain
|-heal|p1b: Rillaboom|72/100|[from] Grassy Terrain
|upkeep
|turn|12
|
|t:|1757039379
|move|p1b: Rillaboom|Grassy Glide|p2b: Sneasler
|-resisted|p2b: Sneasler
|-damage|p2b: Sneasler|0 fnt
|faint|p2b: Sneasler
|
|win|thehorseking
||thehorseking is ready for game 3.
