|j|☆dominikc
|j|☆AgentPotato69
|html|dominikcAgentPotato69    
|uhtml|bestof|Game 2 of a best-of-3
|t:|1757635374
|gametype|doubles
|player|p1|dominikc|policeman-gen4|1031
|player|p2|AgentPotato69|170|1046
|gen|9
|tier|[Gen 9] VGC 2025 Reg H (Bo3)
|rated|
|rule|Species Clause: Limit one of each Pokémon
|rule|Item Clause: Limit 1 of each item
|clearpoke
|poke|p1|Toxtricity-Low-Key, L50, F|
|poke|p1|Quaquaval, L50, F|
|poke|p1|Baxcalibur, L50, F|
|poke|p1|Ninetales-Alola, L50, F|
|poke|p1|Rillaboom, L50, M|
|poke|p1|Corviknight, L50, F|
|poke|p2|Gothitelle, L50, M|
|poke|p2|Politoed, L50, M|
|poke|p2|Kingdra, L50, F|
|poke|p2|Archaludon, L50, M|
|poke|p2|Amoonguss, L50, M|
|poke|p2|Incineroar, L50, M|
|teampreview|4
|showteam|p1|Toxtricity-Low-Key||ThroatSpray|PunkRock|Overdrive,SludgeBomb,Protect,Snarl|||F|||50|,,,,,Electric]Quaquaval||ClearAmulet|Moxie|AquaStep,CloseCombat,Protect,AquaJet|||F|||50|,,,,,Water]Baxcalibur||LifeOrb|ThermalExchange|IcicleCrash,GlaiveRush,Protect,TeraBlast|||F|||50|,,,,,Ground]Ninetales-Alola||FocusSash|SnowWarning|AuroraVeil,FreezeDry,Moonblast,Protect|||F|||50|,,,,,Ice]Rillaboom||Leftovers|GrassySurge|FakeOut,GrassyGlide,Protect,LeechSeed|||M|||50|,,,,,Water]Corviknight||RockyHelmet|MirrorArmor|BraveBird,Roost,Protect,Tailwind|||F|||50|,,,,,Flying
|showteam|p2|Gothitelle||Leftovers|ShadowTag|Psychic,Protect,FakeOut,Taunt|||M|||50|,,,,,Dark]Politoed||SitrusBerry|Drizzle|PerishSong,Protect,WeatherBall,Encore|||M|||50|,,,,,Grass]Kingdra||LifeOrb|SwiftSwim|DracoMeteor,WeatherBall,Protect,MuddyWater|||F|||50|,,,,,Water]Archaludon||PowerHerb|Sturdy|ElectroShot,Protect,DragonPulse,FlashCannon|||M|||50|,,,,,Grass]Amoonguss||EjectButton|Regenerator|Protect,Spore,RagePowder,PollenPuff|||M|||50|,,,,,Water]Incineroar||SafetyGoggles|Intimidate|Protect,FakeOut,PartingShot,KnockOff|||M|||50|,,,,,Ghost
|inactive|Battle timer is ON: inactive players will automatically lose when time's up. (requested by AgentPotato69)
|inactive|dominikc has 60 seconds left.
|
|t:|1757635406
|teamsize|p1|4
|teamsize|p2|4
|start
|switch|p1a: Corviknight|Corviknight, L50, F|100/100
|switch|p1b: Toxtricity|Toxtricity-Low-Key, L50, F|100/100
|switch|p2a: Politoed|Politoed, L50, M|100/100
|switch|p2b: Archaludon|Archaludon, L50, M|100/100
|-weather|RainDance|[from] ability: Drizzle|[of] p2a: Politoed
|turn|1
|inactive|AgentPotato69 has 30 seconds left.
|inactive|AgentPotato69 has 20 seconds left.
|inactive|AgentPotato69 has 15 seconds left.
|
|t:|1757635450
|switch|p2a: Gothitelle|Gothitelle, L50, M|100/100
|switch|p1a: Ninetales|Ninetales-Alola, L50, F|100/100
|-weather|Snowscape|[from] ability: Snow Warning|[of] p1a: Ninetales
|-terastallize|p1b: Toxtricity|Electric
|move|p2b: Archaludon|Flash Cannon|p1b: Toxtricity
|-resisted|p1b: Toxtricity
|-damage|p1b: Toxtricity|73/100
|move|p1b: Toxtricity|Overdrive|p2a: Gothitelle|[spread] p2a,p2b
|-resisted|p2b: Archaludon
|-damage|p2a: Gothitelle|59/100
|-damage|p2b: Archaludon|60/100
|-enditem|p1b: Toxtricity|Throat Spray
|-boost|p1b: Toxtricity|spa|1|[from] item: Throat Spray
|
|-weather|Snowscape|[upkeep]
|-heal|p2a: Gothitelle|65/100|[from] item: Leftovers
|upkeep
|turn|2
|inactive|AgentPotato69 has 30 seconds left.
|inactive|dominikc has 30 seconds left.
|inactive|AgentPotato69 has 20 seconds left.
|
|t:|1757635489
|move|p2a: Gothitelle|Fake Out|p1a: Ninetales
|-damage|p1a: Ninetales|94/100
|cant|p1a: Ninetales|flinch
|move|p2b: Archaludon|Flash Cannon|p1a: Ninetales
|-supereffective|p1a: Ninetales
|-damage|p1a: Ninetales|0 fnt
|faint|p1a: Ninetales
|move|p1b: Toxtricity|Snarl|p2a: Gothitelle|[spread] p2a,p2b
|-supereffective|p2a: Gothitelle
|-damage|p2a: Gothitelle|24/100
|-damage|p2b: Archaludon|17/100
|-unboost|p2a: Gothitelle|spa|1
|-unboost|p2b: Archaludon|spa|1
|
|-weather|Snowscape|[upkeep]
|-heal|p2a: Gothitelle|30/100|[from] item: Leftovers
|upkeep
|
|t:|1757635507
|switch|p1a: Quaquaval|Quaquaval, L50, F|100/100
|turn|3
|
|t:|1757635530
|switch|p2b: Incineroar|Incineroar, L50, M|100/100
|-ability|p2b: Incineroar|Intimidate|boost
|-fail|p1a: Quaquaval|unboost|[from] item: Clear Amulet|[of] p1a: Quaquaval
|-unboost|p1b: Toxtricity|atk|1
|move|p1a: Quaquaval|Protect|p1a: Quaquaval
|-singleturn|p1a: Quaquaval|Protect
|move|p2a: Gothitelle|Protect|p2a: Gothitelle
|-singleturn|p2a: Gothitelle|Protect
|move|p1b: Toxtricity|Overdrive|p2b: Incineroar|[spread] p2b
|-activate|p2a: Gothitelle|move: Protect
|-damage|p2b: Incineroar|46/100
|
|-weather|Snowscape|[upkeep]
|-heal|p2a: Gothitelle|37/100|[from] item: Leftovers
|upkeep
|turn|4
|inactive|AgentPotato69 has 30 seconds left.
|
|t:|1757635560
|move|p2b: Incineroar|Fake Out|p1b: Toxtricity
|-crit|p1b: Toxtricity
|-damage|p1b: Toxtricity|52/100
|move|p1a: Quaquaval|Aqua Step|p2b: Incineroar
|-supereffective|p2b: Incineroar
|-damage|p2b: Incineroar|0 fnt
|-boost|p1a: Quaquaval|spe|1
|faint|p2b: Incineroar
|-ability|p1a: Quaquaval|Moxie|boost
|-boost|p1a: Quaquaval|atk|1
|cant|p1b: Toxtricity|flinch
|move|p2a: Gothitelle|Psychic|p1a: Quaquaval
|-supereffective|p1a: Quaquaval
|-damage|p1a: Quaquaval|40/100
|
|-weather|Snowscape|[upkeep]
|-heal|p2a: Gothitelle|43/100|[from] item: Leftovers
|upkeep
|
|t:|1757635576
|switch|p2b: Politoed|Politoed, L50, M|100/100
|-weather|RainDance|[from] ability: Drizzle|[of] p2b: Politoed
|turn|5
|inactive|dominikc has 30 seconds left.
|inactive|AgentPotato69 has 30 seconds left.
|
|t:|1757635611
|-terastallize|p2b: Politoed|Grass
|move|p2a: Gothitelle|Protect|p2a: Gothitelle
|-singleturn|p2a: Gothitelle|Protect
|move|p1a: Quaquaval|Aqua Step|p2a: Gothitelle
|-activate|p2a: Gothitelle|move: Protect
|move|p2b: Politoed|Weather Ball|p1b: Toxtricity
|-damage|p1b: Toxtricity|0 fnt
|faint|p1b: Toxtricity
|
|-weather|RainDance|[upkeep]
|-heal|p2a: Gothitelle|49/100|[from] item: Leftovers
|upkeep
|
|t:|1757635627
|switch|p1b: Corviknight|Corviknight, L50, F|100/100
|turn|6
|inactive|AgentPotato69 has 30 seconds left.
|
|t:|1757635652
|switch|p2a: Archaludon|Archaludon, L50, M|17/100
|move|p1a: Quaquaval|Aqua Step|p2a: Archaludon
|-resisted|p2a: Archaludon
|-damage|p2a: Archaludon|0 fnt
|-boost|p1a: Quaquaval|spe|1
|faint|p2a: Archaludon
|-ability|p1a: Quaquaval|Moxie|boost
|-boost|p1a: Quaquaval|atk|1
|move|p2b: Politoed|Weather Ball|p1a: Quaquaval
|-resisted|p1a: Quaquaval
|-damage|p1a: Quaquaval|9/100
|move|p1b: Corviknight|Brave Bird|p2b: Politoed
|-supereffective|p2b: Politoed
|-damage|p2b: Politoed|26/100
|-enditem|p2b: Politoed|Sitrus Berry|[eat]
|-heal|p2b: Politoed|51/100|[from] item: Sitrus Berry
|-damage|p1b: Corviknight|77/100|[from] Recoil
|
|-weather|RainDance|[upkeep]
|upkeep
|
|t:|1757635663
|switch|p2a: Gothitelle|Gothitelle, L50, M|49/100
|turn|7
|
|t:|1757635685
|move|p1a: Quaquaval|Protect|p1a: Quaquaval
|-singleturn|p1a: Quaquaval|Protect
|move|p2a: Gothitelle|Fake Out|p1b: Corviknight
|-resisted|p1b: Corviknight
|-damage|p1b: Corviknight|75/100
|-damage|p2a: Gothitelle|33/100|[from] item: Rocky Helmet|[of] p1b: Corviknight
|move|p2b: Politoed|Weather Ball|p1b: Corviknight
|-damage|p1b: Corviknight|26/100
|cant|p1b: Corviknight|flinch
|
|-weather|RainDance|[upkeep]
|-heal|p2a: Gothitelle|39/100|[from] item: Leftovers
|upkeep
|turn|8
|
|t:|1757635708
|move|p1a: Quaquaval|Close Combat|p2b: Politoed
|-damage|p2b: Politoed|0 fnt
|-unboost|p1a: Quaquaval|def|1
|-unboost|p1a: Quaquaval|spd|1
|faint|p2b: Politoed
|-ability|p1a: Quaquaval|Moxie|boost
|-boost|p1a: Quaquaval|atk|1
|move|p1b: Corviknight|Roost|p1b: Corviknight
|-heal|p1b: Corviknight|76/100
|-singleturn|p1b: Corviknight|move: Roost
|move|p2a: Gothitelle|Psychic|p1a: Quaquaval
|-supereffective|p1a: Quaquaval
|-damage|p1a: Quaquaval|0 fnt
|faint|p1a: Quaquaval
|
|-weather|RainDance|[upkeep]
|-heal|p2a: Gothitelle|45/100|[from] item: Leftovers
|upkeep
|turn|9
|
|t:|1757635730
|move|p2a: Gothitelle|Protect|p2a: Gothitelle
|-singleturn|p2a: Gothitelle|Protect
|move|p1b: Corviknight|Brave Bird|p2a: Gothitelle
|-activate|p2a: Gothitelle|move: Protect
|
|-weather|none
|-heal|p2a: Gothitelle|51/100|[from] item: Leftovers
|upkeep
|turn|10
|
|t:|1757635741
|move|p1b: Corviknight|Brave Bird|p2a: Gothitelle
|-damage|p2a: Gothitelle|17/100
|-damage|p1b: Corviknight|67/100|[from] Recoil
|move|p2a: Gothitelle|Taunt|p1b: Corviknight
|-start|p1b: Corviknight|move: Taunt
|
|-heal|p2a: Gothitelle|24/100|[from] item: Leftovers
|upkeep
|turn|11
|
|t:|1757635753
|move|p2a: Gothitelle|Protect|p2a: Gothitelle
|-singleturn|p2a: Gothitelle|Protect
|move|p1b: Corviknight|Brave Bird|p2a: Gothitelle
|-activate|p2a: Gothitelle|move: Protect
|
|-heal|p2a: Gothitelle|30/100|[from] item: Leftovers
|upkeep
|turn|12
|
|t:|1757635763
|move|p1b: Corviknight|Brave Bird|p2a: Gothitelle
|-damage|p2a: Gothitelle|0 fnt
|faint|p2a: Gothitelle
|-damage|p1b: Corviknight|58/100|[from] Recoil
|
|win|dominikc
||dominikc is ready for game 3.
|inactive|AgentPotato69 has 30 seconds to confirm battle start!
||AgentPotato69 is ready for game 3.
|uhtml|next|Next: Game 3 of 3
