|j|☆chupete goat
|j|☆endk649
|html|chupete goatendk649    
|uhtml|bestof|Game 2 of a best-of-3
|t:|1756216127
|gametype|doubles
|player|p1|chupete goat|steven|1159
|player|p2|endk649|gambler|1170
|gen|9
|tier|[Gen 9] VGC 2025 Reg H (Bo3)
|rated|
|rule|Species Clause: Limit one of each Pokémon
|rule|Item Clause: Limit 1 of each item
|clearpoke
|poke|p1|Grimmsnarl, L50, M|
|poke|p1|Archaludon, L50, F|
|poke|p1|Sinistcha, L50|
|poke|p1|Pelipper, L50, F|
|poke|p1|Maushold, L50|
|poke|p1|Annihilape, L50, F|
|poke|p2|Feraligatr, L50, M|
|poke|p2|Gholdengo, L50|
|poke|p2|Pelipper, L50, M|
|poke|p2|Amoonguss, L50, F|
|poke|p2|Rillaboom, L50, M|
|poke|p2|Incineroar, L50, M|
|teampreview|4
|showteam|p1|Grimmsnarl||LightClay|Prankster|SpiritBreak,ThunderWave,Reflect,LightScreen|||M|||50|,,,,,Ghost]Archaludon||AssaultVest|Stamina|ElectroShot,FlashCannon,BodyPress,Snarl|||F|||50|,,,,,Grass]Sinistcha||SitrusBerry|Hospitality|MatchaGotcha,LifeDew,RagePowder,TrickRoom||||||50|,,,,,Dark]Pelipper||FocusSash|Drizzle|Hurricane,WeatherBall,Tailwind,Protect|||F|||50|,,,,,Ghost]Maushold||SafetyGoggles|FriendGuard|BeatUp,Taunt,FollowMe,Protect||||||50|,,,,,Ghost]Annihilape||Leftovers|Defiant|DrainPunch,RageFist,BulkUp,Protect|||F|||50|,,,,,Water
|showteam|p2|Feraligatr||LifeOrb|SheerForce|Liquidation,Crunch,DragonDance,Protect|||M|||50|,,,,,Dark]Gholdengo||Leftovers|GoodasGold|MakeItRain,ShadowBall,NastyPlot,Protect||||||50|,,,,,Water]Pelipper||FocusSash|Drizzle|WeatherBall,Hurricane,Tailwind,Protect|||M|||50|,,,,,Stellar]Amoonguss||CovertCloak|Regenerator|PollenPuff,Spore,RagePowder,Protect|||F|||50|,,,,,Water]Rillaboom||AssaultVest|GrassySurge|WoodHammer,GrassyGlide,FakeOut,Uturn|||M|||50|,,,,,Fire]Incineroar||SafetyGoggles|Intimidate|KnockOff,FakeOut,Taunt,PartingShot|||M|||50|,,,,,Ghost
|
|t:|1756216141
|teamsize|p1|4
|teamsize|p2|4
|start
|switch|p1a: Grimmsnarl|Grimmsnarl, L50, M|100/100
|switch|p1b: Archaludon|Archaludon, L50, F|100/100
|switch|p2a: Rillaboom|Rillaboom, L50, M, shiny|100/100
|switch|p2b: Gholdengo|Gholdengo, L50|100/100
|-fieldstart|move: Grassy Terrain|[from] ability: Grassy Surge|[of] p2a: Rillaboom
|turn|1
|
|t:|1756216166
|move|p1a: Grimmsnarl|Light Screen|p1a: Grimmsnarl
|-sidestart|p1: chupete goat|move: Light Screen
|move|p2b: Gholdengo|Nasty Plot|p2b: Gholdengo
|-boost|p2b: Gholdengo|spa|2
|move|p2a: Rillaboom|U-turn|p1a: Grimmsnarl
|-damage|p1a: Grimmsnarl|77/100
|
|t:|1756216168
|switch|p2a: Amoonguss|Amoonguss, L50, F, shiny|100/100|[from] U-turn
|move|p1b: Archaludon|Snarl|p2b: Gholdengo|[spread] p2a,p2b
|-supereffective|p2b: Gholdengo
|-damage|p2a: Amoonguss|90/100
|-damage|p2b: Gholdengo|73/100
|-unboost|p2b: Gholdengo|spa|1
|
|-heal|p2b: Gholdengo|79/100|[from] Grassy Terrain
|-heal|p2b: Gholdengo|86/100|[from] item: Leftovers
|-heal|p1a: Grimmsnarl|83/100|[from] Grassy Terrain
|-heal|p2a: Amoonguss|96/100|[from] Grassy Terrain
|upkeep
|turn|2
|inactive|Battle timer is ON: inactive players will automatically lose when time's up. (requested by endk649)
|
|t:|1756216192
|switch|p1a: Pelipper|Pelipper, L50, F|100/100
|-weather|RainDance|[from] ability: Drizzle|[of] p1a: Pelipper
|-terastallize|p1b: Archaludon|Grass
|move|p2b: Gholdengo|Nasty Plot|p2b: Gholdengo
|-boost|p2b: Gholdengo|spa|2
|move|p1b: Archaludon|Electro Shot||[still]
|-prepare|p1b: Archaludon|Electro Shot
|-boost|p1b: Archaludon|spa|1
|-anim|p1b: Archaludon|Electro Shot|p2b: Gholdengo
|-damage|p2b: Gholdengo|29/100
|move|p2a: Amoonguss|Spore|p1a: Pelipper
|-status|p1a: Pelipper|slp|[from] move: Spore
|
|-weather|RainDance|[upkeep]
|-heal|p2b: Gholdengo|35/100|[from] Grassy Terrain
|-heal|p2b: Gholdengo|41/100|[from] item: Leftovers
|-heal|p2a: Amoonguss|100/100|[from] Grassy Terrain
|upkeep
|turn|3
|
|t:|1756216216
|switch|p1a: Grimmsnarl|Grimmsnarl, L50, M|83/100
|switch|p2a: Rillaboom|Rillaboom, L50, M, shiny|100/100
|move|p2b: Gholdengo|Protect|p2b: Gholdengo
|-singleturn|p2b: Gholdengo|Protect
|move|p1b: Archaludon|Electro Shot||[still]
|-prepare|p1b: Archaludon|Electro Shot
|-boost|p1b: Archaludon|spa|1
|-anim|p1b: Archaludon|Electro Shot|p2b: Gholdengo
|-activate|p2b: Gholdengo|move: Protect
|
|-weather|RainDance|[upkeep]
|-heal|p2b: Gholdengo|48/100|[from] Grassy Terrain
|-heal|p2b: Gholdengo|54/100|[from] item: Leftovers
|-heal|p1a: Grimmsnarl|89/100|[from] Grassy Terrain
|upkeep
|turn|4
|
|t:|1756216228
|move|p2a: Rillaboom|Fake Out|p1b: Archaludon
|-damage|p1b: Archaludon|91/100
|-ability|p1b: Archaludon|Stamina|boost
|-boost|p1b: Archaludon|def|1
|move|p1a: Grimmsnarl|Thunder Wave|p2a: Rillaboom
|-status|p2a: Rillaboom|par
|move|p2b: Gholdengo|Nasty Plot|p2b: Gholdengo
|-boost|p2b: Gholdengo|spa|2
|cant|p1b: Archaludon|flinch
|
|-weather|RainDance|[upkeep]
|-heal|p2b: Gholdengo|60/100|[from] Grassy Terrain
|-heal|p2b: Gholdengo|66/100|[from] item: Leftovers
|-heal|p1b: Archaludon|97/100|[from] Grassy Terrain
|-heal|p1a: Grimmsnarl|95/100|[from] Grassy Terrain
|upkeep
|turn|5
|
|t:|1756216248
|switch|p1a: Pelipper|Pelipper, L50, F|100/100 slp
|switch|p2a: Amoonguss|Amoonguss, L50, F, shiny|100/100
|move|p2b: Gholdengo|Protect|p2b: Gholdengo
|-singleturn|p2b: Gholdengo|Protect
|move|p1b: Archaludon|Electro Shot||[still]
|-prepare|p1b: Archaludon|Electro Shot
|-boost|p1b: Archaludon|spa|1
|-anim|p1b: Archaludon|Electro Shot|p2b: Gholdengo
|-activate|p2b: Gholdengo|move: Protect
|
|-weather|RainDance|[upkeep]
|-heal|p2b: Gholdengo|73/100|[from] Grassy Terrain
|-heal|p2b: Gholdengo|79/100|[from] item: Leftovers
|-heal|p1b: Archaludon|100/100|[from] Grassy Terrain
|-fieldend|move: Grassy Terrain
|upkeep
|turn|6
|
|t:|1756216269
|move|p2b: Gholdengo|Make It Rain|p1a: Pelipper|[spread] p1a,p1b
|-resisted|p1a: Pelipper
|-damage|p1a: Pelipper|3/100 slp
|-damage|p1b: Archaludon|24/100
|-unboost|p2b: Gholdengo|spa|1
|-ability|p1b: Archaludon|Stamina|boost
|-boost|p1b: Archaludon|def|1
|cant|p1a: Pelipper|slp
|move|p1b: Archaludon|Electro Shot||[still]
|-prepare|p1b: Archaludon|Electro Shot
|-boost|p1b: Archaludon|spa|1
|-anim|p1b: Archaludon|Electro Shot|p2b: Gholdengo
|-damage|p2b: Gholdengo|0 fnt
|faint|p2b: Gholdengo
|move|p2a: Amoonguss|Pollen Puff|p1b: Archaludon
|-supereffective|p1b: Archaludon
|-damage|p1b: Archaludon|5/100
|-ability|p1b: Archaludon|Stamina|boost
|-boost|p1b: Archaludon|def|1
|
|-weather|none
|upkeep
|
|t:|1756216283
|switch|p2b: Rillaboom|Rillaboom, L50, M, shiny|100/100 par
|-fieldstart|move: Grassy Terrain|[from] ability: Grassy Surge|[of] p2b: Rillaboom
|turn|7
|
|t:|1756216301
|switch|p1a: Sinistcha|Sinistcha, L50|100/100
|-heal|p1b: Archaludon|30/100|[from] ability: Hospitality|[of] p1a: Sinistcha
|move|p1b: Archaludon|Body Press|p2b: Rillaboom
|-crit|p2b: Rillaboom
|-damage|p2b: Rillaboom|6/100 par
|move|p2b: Rillaboom|Wood Hammer|p1b: Archaludon
|-resisted|p1b: Archaludon
|-damage|p1b: Archaludon|20/100
|-ability|p1b: Archaludon|Stamina|boost
|-boost|p1b: Archaludon|def|1
|-damage|p2b: Rillaboom|3/100 par|[from] Recoil
|move|p2a: Amoonguss|Pollen Puff|p1b: Archaludon
|-supereffective|p1b: Archaludon
|-crit|p1b: Archaludon
|-damage|p1b: Archaludon|0 fnt
|faint|p1b: Archaludon
|
|-heal|p2b: Rillaboom|9/100 par|[from] Grassy Terrain
|upkeep
|
|t:|1756216319
|switch|p1b: Pelipper|Pelipper, L50, F|3/100 slp
|-weather|RainDance|[from] ability: Drizzle|[of] p1b: Pelipper
|turn|8
|
|t:|1756216330
|-curestatus|p1b: Pelipper|slp|[msg]
|move|p1b: Pelipper|Hurricane|p2a: Amoonguss
|-supereffective|p2a: Amoonguss
|-damage|p2a: Amoonguss|8/100
|move|p1a: Sinistcha|Matcha Gotcha|p2a: Amoonguss|[spread] p2a,p2b
|-resisted|p2a: Amoonguss
|-resisted|p2b: Rillaboom
|-damage|p2a: Amoonguss|1/100
|-damage|p2b: Rillaboom|0 fnt
|faint|p2b: Rillaboom
|move|p2a: Amoonguss|Pollen Puff|p1b: Pelipper
|-resisted|p1b: Pelipper
|-damage|p1b: Pelipper|0 fnt
|faint|p1b: Pelipper
|
|-weather|RainDance|[upkeep]
|-heal|p2a: Amoonguss|7/100|[from] Grassy Terrain
|-sideend|p1: chupete goat|move: Light Screen
|upkeep
|
|t:|1756216338
|switch|p1b: Grimmsnarl|Grimmsnarl, L50, M|95/100
|switch|p2b: Pelipper|Pelipper, L50, M, shiny|100/100
|turn|9
|
|t:|1756216355
|-terastallize|p2b: Pelipper|Stellar
|move|p1b: Grimmsnarl|Thunder Wave|p2b: Pelipper
|-status|p2b: Pelipper|par
|move|p1a: Sinistcha|Matcha Gotcha|p2a: Amoonguss|[spread] p2a
|-miss|p1a: Sinistcha|p2b: Pelipper
|-resisted|p2a: Amoonguss
|-damage|p2a: Amoonguss|0 fnt
|faint|p2a: Amoonguss
|move|p2b: Pelipper|Hurricane|p1a: Sinistcha
|-supereffective|p1a: Sinistcha
|-damage|p1a: Sinistcha|0 fnt
|faint|p1a: Sinistcha
|
|-weather|RainDance|[upkeep]
|-heal|p1b: Grimmsnarl|100/100|[from] Grassy Terrain
|upkeep
|turn|10
|
|t:|1756216368
|move|p1b: Grimmsnarl|Spirit Break|p2b: Pelipper
|-damage|p2b: Pelipper|60/100 par
|-unboost|p2b: Pelipper|spa|1
|cant|p2b: Pelipper|par
|
|-weather|RainDance|[upkeep]
|upkeep
|turn|11
|
|t:|1756216375
|move|p1b: Grimmsnarl|Spirit Break|p2b: Pelipper
|-damage|p2b: Pelipper|17/100 par
|-unboost|p2b: Pelipper|spa|1
|move|p2b: Pelipper|Weather Ball|p1b: Grimmsnarl
|-damage|p1b: Grimmsnarl|61/100
|
|-weather|RainDance|[upkeep]
|-heal|p1b: Grimmsnarl|67/100|[from] Grassy Terrain
|-fieldend|move: Grassy Terrain
|upkeep
|turn|12
|-message|endk649 forfeited.
|
|win|chupete goat
||endk649 is ready for game 3.
||chupete goat is ready for game 3.
|uhtml|next|Next: Game 3 of 3
|l|☆chupete goat
|player|p1|
