|j|☆tetris14
|j|☆HenriqueZVGC
|html|tetris14HenriqueZVGC    
|uhtml|bestof|Game 1 of a best-of-3
|t:|1784834086
|gametype|doubles
|player|p1|tetris14|brawly|1063
|player|p2|HenriqueZVGC|steven|1123
|gen|9
|tier|[Gen 9 Champions] VGC 2026 Reg M-B (Bo3)
|rated|
|rule|Species Clause: Limit one of each Pokémon
|rule|Item Clause: Limit 1 of each item
|clearpoke
|poke|p1|Froslass, L50, F|
|poke|p1|Ninetales-Alola, L50, F|
|poke|p1|Toxapex, L50, M|
|poke|p1|Chandelure, L50, M|
|poke|p1|Archaludon, L50, F|
|poke|p1|Incineroar, L50, M|
|poke|p2|Tyranitar, L50, M|
|poke|p2|Excadrill, L50, M|
|poke|p2|Milotic, L50, F|
|poke|p2|Sinistcha, L50|
|poke|p2|Staraptor, L50, F|
|poke|p2|Gholdengo, L50|
|teampreview|4
|showteam|p1|Froslass||Froslassite|SnowCloak|ShadowBall,WillOWisp,Blizzard,Protect|Timid||F|||50|]Ninetales-Alola||LightClay|SnowWarning|AuroraVeil,Protect,Blizzard,Moonblast|Timid||F|||50|]Toxapex||SitrusBerry|Regenerator|BanefulBunker,Infestation,Recover,Liquidation|Relaxed||M|||50|]Chandelure||Chandelurite|FlashFire|HeatWave,EnergyBall,ShadowBall,Protect|Timid||M|||50|]Archaludon||Leftovers|Stamina|ElectroShot,FlashCannon,Protect,DragonPulse|Timid||F|||50|]Incineroar||BrightPowder|Intimidate|FakeOut,FlareBlitz,DarkestLariat,PartingShot|Adamant||M|||50|
|showteam|p2|Tyranitar||Tyranitarite|SandStream|KnockOff,RockSlide,HighHorsepower,Protect|Jolly||M|||50|]Excadrill||FocusSash|SandRush|HighHorsepower,IronHead,RockSlide,Protect|Adamant||M|||50|]Milotic||SitrusBerry|Competitive|Scald,IcyWind,Haze,Protect|Calm||F|||50|]Sinistcha||ColburBerry|Hospitality|MatchaGotcha,ShadowBall,Protect,RagePowder|Bold|||||50|]Staraptor||Staraptite|Intimidate|CloseCombat,BraveBird,Tailwind,Protect|Jolly||F|||50|]Gholdengo||LifeOrb|GoodasGold|MakeItRain,ShadowBall,NastyPlot,Protect|Modest|||||50|
|inactive|Battle timer is ON: inactive players will automatically lose when time's up. (requested by HenriqueZVGC)
|inactive|HenriqueZVGC has 60 seconds left.
|
|t:|1784834136
|teamsize|p1|4
|teamsize|p2|4
|start
|switch|p1a: Ninetales|Ninetales-Alola, L50, F|100/100
|switch|p1b: Incineroar|Incineroar, L50, M|100/100
|switch|p2a: Tyranitar|Tyranitar, L50, M|100/100
|switch|p2b: Excadrill|Excadrill, L50, M|100/100
|-weather|Snowscape|[from] ability: Snow Warning|[of] p1a: Ninetales
|-weather|Sandstorm|[from] ability: Sand Stream|[of] p2a: Tyranitar
|-ability|p1b: Incineroar|Intimidate|boost
|-unboost|p2a: Tyranitar|atk|1
|-unboost|p2b: Excadrill|atk|1
|turn|1
|
|t:|1784834160
|switch|p1a: Archaludon|Archaludon, L50, F|100/100
|move|p1b: Incineroar|Fake Out|p2b: Excadrill
|-resisted|p2b: Excadrill|1
|-damage|p2b: Excadrill|90/100
|cant|p2b: Excadrill|flinch
|move|p2a: Tyranitar|Rock Slide|p1b: Incineroar|[spread] p1a,p1b
|-resisted|p1a: Archaludon|1
|-supereffective|p1b: Incineroar|1
|-damage|p1a: Archaludon|92/100
|-damage|p1b: Incineroar|64/100
|-ability|p1a: Archaludon|Stamina|boost
|-boost|p1a: Archaludon|def|1
|
|-weather|Sandstorm|[upkeep]
|-damage|p1b: Incineroar|58/100|[from] Sandstorm
|-heal|p1a: Archaludon|98/100|[from] item: Leftovers
|upkeep
|turn|2
|inactive|HenriqueZVGC has 30 seconds left.
|
|t:|1784834194
|switch|p2b: Gholdengo|Gholdengo, L50|100/100
|switch|p1b: Ninetales|Ninetales-Alola, L50, F|100/100
|-weather|Snowscape|[from] ability: Snow Warning|[of] p1b: Ninetales
|move|p1a: Archaludon|Protect|p1a: Archaludon
|-singleturn|p1a: Archaludon|Protect
|move|p2a: Tyranitar|Protect||[still]
|-fail|p2a: Tyranitar
|
|-weather|Snowscape|[upkeep]
|-heal|p1a: Archaludon|100/100|[from] item: Leftovers
|upkeep
|turn|3
|inactive|HenriqueZVGC has 30 seconds left.
|inactive|HenriqueZVGC has 20 seconds left.
|inactive|HenriqueZVGC has 15 seconds left.
|
|t:|1784834236
|switch|p1b: Incineroar|Incineroar, L50, M|58/100
|-ability|p1b: Incineroar|Intimidate|boost
|-unboost|p2a: Tyranitar|atk|1
|-unboost|p2b: Gholdengo|atk|1
|detailschange|p2a: Tyranitar|Tyranitar-Mega, L50, M
|-mega|p2a: Tyranitar|Tyranitar|Tyranitarite
|-weather|Sandstorm|[from] ability: Sand Stream|[of] p2a: Tyranitar
|move|p1a: Archaludon|Electro Shot||[still]
|-prepare|p1a: Archaludon|Electro Shot
|-boost|p1a: Archaludon|spa|1
|move|p2a: Tyranitar|High Horsepower|p1a: Archaludon
|-supereffective|p1a: Archaludon|1
|-damage|p1a: Archaludon|79/100
|-ability|p1a: Archaludon|Stamina|boost
|-boost|p1a: Archaludon|def|1
|move|p2b: Gholdengo|Shadow Ball|p1a: Archaludon
|-damage|p1a: Archaludon|0 fnt
|faint|p1a: Archaludon
|-damage|p2b: Gholdengo|90/100|[from] item: Life Orb
|
|-weather|Sandstorm|[upkeep]
|-damage|p1b: Incineroar|52/100|[from] Sandstorm
|upkeep
|
|t:|1784834255
|switch|p1a: Ninetales|Ninetales-Alola, L50, F|100/100
|-weather|Snowscape|[from] ability: Snow Warning|[of] p1a: Ninetales
|turn|4
|
|t:|1784834263
|move|p2b: Gholdengo|Protect|p2b: Gholdengo
|-singleturn|p2b: Gholdengo|Protect
|move|p1a: Ninetales|Aurora Veil|p1a: Ninetales
|-sidestart|p1: tetris14|move: Aurora Veil
|move|p2a: Tyranitar|Rock Slide|p1b: Incineroar|[spread] p1a,p1b
|-supereffective|p1a: Ninetales|1
|-supereffective|p1b: Incineroar|1
|-damage|p1a: Ninetales|77/100
|-damage|p1b: Incineroar|32/100
|cant|p1b: Incineroar|flinch
|
|-weather|Snowscape|[upkeep]
|upkeep
|turn|5
|
|t:|1784834275
|switch|p2b: Excadrill|Excadrill, L50, M|90/100
|move|p1a: Ninetales|Blizzard|p2a: Tyranitar|[spread] p2a,p2b
|-damage|p2a: Tyranitar|73/100
|-damage|p2b: Excadrill|48/100
|-status|p2a: Tyranitar|frz
|cant|p2a: Tyranitar|frz
|move|p1b: Incineroar|Darkest Lariat|p2b: Excadrill
|-damage|p2b: Excadrill|0 fnt
|faint|p2b: Excadrill
|
|-weather|Snowscape|[upkeep]
|upkeep
|
|t:|1784834286
|switch|p2b: Staraptor|Staraptor, L50, F|100/100
|-ability|p2b: Staraptor|Intimidate|boost
|-unboost|p1a: Ninetales|atk|1
|-unboost|p1b: Incineroar|atk|1
|turn|6
|
|t:|1784834297
|move|p1a: Ninetales|Blizzard|p2a: Tyranitar|[spread] p2a,p2b
|-supereffective|p2b: Staraptor|1
|-damage|p2a: Tyranitar|47/100 frz
|-damage|p2b: Staraptor|22/100
|move|p2b: Staraptor|Tailwind|p2b: Staraptor
|-sidestart|p2: HenriqueZVGC|move: Tailwind
|cant|p2a: Tyranitar|frz
|move|p1b: Incineroar|Parting Shot|p2b: Staraptor
|-unboost|p2b: Staraptor|atk|1
|-unboost|p2b: Staraptor|spa|1
|
|t:|1784834306
|switch|p1b: Chandelure|Chandelure, L50, M|100/100|[from] Parting Shot
|
|-weather|Snowscape|[upkeep]
|upkeep
|turn|7
|
|t:|1784834315
|detailschange|p1b: Chandelure|Chandelure-Mega, L50, M
|-mega|p1b: Chandelure|Chandelure|Chandelurite
|move|p2b: Staraptor|Protect|p2b: Staraptor
|-singleturn|p2b: Staraptor|Protect
|-curestatus|p2a: Tyranitar|frz|[msg]
|move|p2a: Tyranitar|Rock Slide|p1b: Chandelure|[spread] p1a,p1b
|-supereffective|p1a: Ninetales|1
|-supereffective|p1b: Chandelure|1
|-damage|p1a: Ninetales|55/100
|-damage|p1b: Chandelure|75/100
|move|p1a: Ninetales|Moonblast|p2a: Tyranitar
|-supereffective|p2a: Tyranitar|1
|-damage|p2a: Tyranitar|0 fnt
|faint|p2a: Tyranitar
|cant|p1b: Chandelure|flinch
|
|-weather|Snowscape|[upkeep]
|upkeep
|
|t:|1784834329
|switch|p2a: Gholdengo|Gholdengo, L50|90/100
|turn|8
|
|t:|1784834349
|move|p1a: Ninetales|Protect|p1a: Ninetales
|-singleturn|p1a: Ninetales|Protect
|move|p1b: Chandelure|Protect|p1b: Chandelure
|-singleturn|p1b: Chandelure|Protect
|move|p2b: Staraptor|Brave Bird|p1a: Ninetales
|-activate|p1a: Ninetales|move: Protect
|move|p2a: Gholdengo|Shadow Ball|p1b: Chandelure
|-activate|p1b: Chandelure|move: Protect
|
|-weather|none
|upkeep
|turn|9
|
|t:|1784834368
|switch|p1b: Incineroar|Incineroar, L50, M|32/100
|-ability|p1b: Incineroar|Intimidate|boost
|-unboost|p2a: Gholdengo|atk|1
|-unboost|p2b: Staraptor|atk|1
|move|p1a: Ninetales|Protect||[still]
|-fail|p1a: Ninetales
|move|p2b: Staraptor|Brave Bird|p1a: Ninetales
|-damage|p1a: Ninetales|32/100
|-damage|p2b: Staraptor|16/100|[from] Recoil
|move|p2a: Gholdengo|Shadow Ball|p1b: Incineroar
|-resisted|p1b: Incineroar|1
|-damage|p1b: Incineroar|15/100
|-damage|p2a: Gholdengo|80/100|[from] item: Life Orb
|
|-sideend|p2: HenriqueZVGC|move: Tailwind
|upkeep
|turn|10
|
|t:|1784834391
|switch|p1a: Chandelure|Chandelure-Mega, L50, M|75/100
|move|p2b: Staraptor|Protect|p2b: Staraptor
|-singleturn|p2b: Staraptor|Protect
|move|p2a: Gholdengo|Protect|p2a: Gholdengo
|-singleturn|p2a: Gholdengo|Protect
|move|p1b: Incineroar|Fake Out|p2b: Staraptor
|-activate|p2b: Staraptor|move: Protect
|
|upkeep
|turn|11
|
|t:|1784834411
|move|p2b: Staraptor|Tailwind|p2b: Staraptor
|-sidestart|p2: HenriqueZVGC|move: Tailwind
|move|p2a: Gholdengo|Shadow Ball|p1a: Chandelure
|-supereffective|p1a: Chandelure|1
|-damage|p1a: Chandelure|0 fnt
|faint|p1a: Chandelure
|-damage|p2a: Gholdengo|71/100|[from] item: Life Orb
|move|p1b: Incineroar|Flare Blitz|p2a: Gholdengo
|-supereffective|p2a: Gholdengo|1
|-damage|p2a: Gholdengo|0 fnt
|faint|p2a: Gholdengo
|-damage|p1b: Incineroar|0 fnt|[from] Recoil
|faint|p1b: Incineroar
|
|-sideend|p1: tetris14|move: Aurora Veil
|upkeep
|
|t:|1784834421
|switch|p1a: Ninetales|Ninetales-Alola, L50, F|32/100
|-weather|Snowscape|[from] ability: Snow Warning|[of] p1a: Ninetales
|turn|12
|inactive|HenriqueZVGC has 30 seconds left.
|inactive|HenriqueZVGC has 20 seconds left.
|
|t:|1784834457
|move|p2b: Staraptor|Brave Bird|p1a: Ninetales
|-damage|p1a: Ninetales|6/100
|-damage|p2b: Staraptor|10/100|[from] Recoil
|move|p1a: Ninetales|Blizzard|p2b: Staraptor
|-supereffective|p2b: Staraptor|1
|-damage|p2b: Staraptor|0 fnt
|faint|p2b: Staraptor
|
|win|tetris14
||HenriqueZVGC is ready for game 2.
||tetris14 is ready for game 2.
|uhtml|next|Next: Game 2 of 3
|l|☆tetris14
|player|p1|
