|j|☆aqoursfan1
|j|☆kyllerwhale
|html|aqoursfan1kyllerwhale    
|uhtml|bestof|Game 1 of a best-of-3
|t:|1785626884
|gametype|doubles
|player|p1|aqoursfan1|anabel-gen7|1207
|player|p2|kyllerwhale|swimmerf-gen4|1065
|gen|9
|tier|[Gen 9 Champions] VGC 2026 Reg M-B (Bo3)
|rated|
|rule|Species Clause: Limit one of each Pokémon
|rule|Item Clause: Limit 1 of each item
|clearpoke
|poke|p1|Raichu, L50, F|
|poke|p1|Gengar, L50, F|
|poke|p1|Incineroar, L50, F|
|poke|p1|Ninetales-Alola, L50, F, shiny|
|poke|p1|Volcarona, L50, F, shiny|
|poke|p1|Kommo-o, L50, F|
|poke|p2|Staraptor, L50, M|
|poke|p2|Klefki, L50, F|
|poke|p2|Garchomp, L50, M|
|poke|p2|Rotom-Wash, L50|
|poke|p2|Talonflame, L50, M|
|poke|p2|Basculegion, L50, M|
|teampreview|4
|showteam|p1|Raichu||RaichuniteX|LightningRod|VoltTackle,VoltSwitch,FakeOut,Protect|Jolly||F|||50|]Gengar||Gengarite|CursedBody|ShadowBall,SludgeBomb,Substitute,Protect|Modest||F|||50|]Incineroar||PasshoBerry|Intimidate|FlareBlitz,ThroatChop,PartingShot,FakeOut|Adamant||F|||50|]Ninetales-Alola||ChoiceScarf|SnowWarning|Blizzard,FreezeDry,IcyWind,Moonblast|Timid||F|||50|]Volcarona||SitrusBerry|FlameBody|Flamethrower,StruggleBug,RagePowder,Protect|Bold||F|||50|]Kommo-o||Leftovers|Soundproof|ClangingScales,AuraSphere,ClangorousSoul,Protect|Modest||F|||50|
|showteam|p2|Staraptor||Staraptite|Intimidate|DualWingbeat,CloseCombat,QuickAttack,Protect|Jolly||M|||50|]Klefki||Leftovers|Prankster|ThunderWave,DazzlingGleam,LightScreen,Reflect|Bold||F|||50|]Garchomp||LifeOrb|RoughSkin|Earthquake,DragonClaw,RockSlide,Protect|Jolly||M|||50|]Rotom-Wash||SitrusBerry|Levitate|Thunderbolt,WillOWisp,HydroPump,PainSplit|Bold|||||50|]Talonflame||FocusSash|GaleWings|Tailwind,Taunt,DualWingbeat,WillOWisp|Jolly||M|||50|]Basculegion||ChoiceScarf|Adaptability|FlipTurn,WaveCrash,LastRespects,AquaJet|Adamant||M|||50|
|inactive|Battle timer is ON: inactive players will automatically lose when time's up. (requested by aqoursfan1)
|inactive|aqoursfan1 has 60 seconds left.
|
|t:|1785626929
|teamsize|p1|4
|teamsize|p2|4
|start
|switch|p1a: Incineroar|Incineroar, L50, F|100/100
|switch|p1b: Raichu|Raichu, L50, F|100/100
|switch|p2a: Basculegion|Basculegion, L50, M|100/100
|switch|p2b: Rotom|Rotom-Wash, L50|100/100
|-ability|p1a: Incineroar|Intimidate|boost
|-unboost|p2a: Basculegion|atk|1
|-unboost|p2b: Rotom|atk|1
|turn|1
|inactive|aqoursfan1 has 30 seconds left.
|
|t:|1785626954
|detailschange|p1b: Raichu|Raichu-Mega-X, L50, F
|-mega|p1b: Raichu|Raichu|Raichunite X
|-fieldstart|move: Electric Terrain|[from] ability: Electric Surge|[of] p1b: Raichu
|move|p1b: Raichu|Fake Out|p2b: Rotom
|-damage|p2b: Rotom|86/100
|move|p2a: Basculegion|Flip Turn|p1a: Incineroar
|-supereffective|p1a: Incineroar|1
|-enditem|p1a: Incineroar|Passho Berry|[eat]
|-enditem|p1a: Incineroar|Passho Berry|[weaken]
|-damage|p1a: Incineroar|75/100
|
|t:|1785626963
|switch|p2a: Garchomp|Garchomp, L50, M|100/100|[from] Flip Turn
|cant|p2b: Rotom|flinch
|move|p1a: Incineroar|Parting Shot|p2a: Garchomp
|-unboost|p2a: Garchomp|atk|1
|-unboost|p2a: Garchomp|spa|1
|
|t:|1785626966
|switch|p1a: Ninetales|Ninetales-Alola, L50, F, shiny|100/100|[from] Parting Shot
|-weather|Snowscape|[from] ability: Snow Warning|[of] p1a: Ninetales
|
|-weather|Snowscape|[upkeep]
|upkeep
|turn|2
|
|t:|1785626990
|switch|p2b: Basculegion|Basculegion, L50, M|100/100
|move|p1a: Ninetales|Blizzard|p2a: Garchomp|[spread] p2a,p2b
|-supereffective|p2a: Garchomp|2
|-resisted|p2b: Basculegion|1
|-damage|p2a: Garchomp|0 fnt
|-damage|p2b: Basculegion|80/100
|faint|p2a: Garchomp
|move|p1b: Raichu|Volt Tackle|p2b: Basculegion
|-supereffective|p2b: Basculegion|1
|-damage|p2b: Basculegion|0 fnt
|faint|p2b: Basculegion
|-damage|p1b: Raichu|66/100|[from] Recoil
|
|-weather|Snowscape|[upkeep]
|upkeep
|
|t:|1785627003
|switch|p2a: Staraptor|Staraptor, L50, M|100/100
|switch|p2b: Rotom|Rotom-Wash, L50|86/100
|-ability|p2a: Staraptor|Intimidate|boost
|-unboost|p1a: Ninetales|atk|1
|-unboost|p1b: Raichu|atk|1
|turn|3
|
|t:|1785627018
|switch|p1a: Incineroar|Incineroar, L50, F|75/100
|-ability|p1a: Incineroar|Intimidate|boost
|-unboost|p2a: Staraptor|atk|1
|-unboost|p2b: Rotom|atk|1
|detailschange|p2a: Staraptor|Staraptor-Mega, L50, M
|-mega|p2a: Staraptor|Staraptor|Staraptite
|move|p2a: Staraptor|Close Combat|p1a: Incineroar
|-supereffective|p1a: Incineroar|1
|-damage|p1a: Incineroar|0 fnt
|-boost|p2a: Staraptor|def|1
|-boost|p2a: Staraptor|spd|1
|faint|p1a: Incineroar
|move|p1b: Raichu|Volt Tackle|p2a: Staraptor
|-supereffective|p2a: Staraptor|1
|-damage|p2a: Staraptor|21/100
|-damage|p1b: Raichu|38/100|[from] Recoil
|move|p2b: Rotom|Hydro Pump|p1b: Raichu
|-damage|p1b: Raichu|0 fnt
|faint|p1b: Raichu
|
|-weather|Snowscape|[upkeep]
|upkeep
|
|t:|1785627034
|switch|p1b: Volcarona|Volcarona, L50, F, shiny|100/100
|switch|p1a: Ninetales|Ninetales-Alola, L50, F, shiny|100/100
|turn|4
|
|t:|1785627049
|move|p1a: Ninetales|Moonblast|p2a: Staraptor
|-supereffective|p2a: Staraptor|1
|-damage|p2a: Staraptor|0 fnt
|faint|p2a: Staraptor
|move|p2b: Rotom|Hydro Pump|p1b: Volcarona
|-supereffective|p1b: Volcarona|1
|-damage|p1b: Volcarona|27/100
|-enditem|p1b: Volcarona|Sitrus Berry|[eat]
|-heal|p1b: Volcarona|52/100|[from] item: Sitrus Berry
|move|p1b: Volcarona|Struggle Bug|p2b: Rotom
|-damage|p2b: Rotom|61/100
|-unboost|p2b: Rotom|spa|1
|
|-weather|Snowscape|[upkeep]
|upkeep
|turn|5
|
|t:|1785627064
|move|p1b: Volcarona|Protect|p1b: Volcarona
|-singleturn|p1b: Volcarona|Protect
|move|p1a: Ninetales|Moonblast|p2b: Rotom
|-damage|p2b: Rotom|22/100
|-enditem|p2b: Rotom|Sitrus Berry|[eat]
|-heal|p2b: Rotom|47/100|[from] item: Sitrus Berry
|move|p2b: Rotom|Hydro Pump|p1b: Volcarona
|-activate|p1b: Volcarona|move: Protect
|
|-weather|none
|-fieldend|move: Electric Terrain
|upkeep
|turn|6
|
|t:|1785627079
|move|p1a: Ninetales|Moonblast|p2b: Rotom
|-damage|p2b: Rotom|8/100
|move|p2b: Rotom|Hydro Pump|p1b: Volcarona
|-supereffective|p1b: Volcarona|1
|-damage|p1b: Volcarona|1/100
|move|p1b: Volcarona|Struggle Bug|p2b: Rotom
|-damage|p2b: Rotom|0 fnt
|faint|p2b: Rotom
|
|win|aqoursfan1
