|j|☆That1Morpecko
|j|☆Tapferkeitsameise
|html|That1MorpeckoTapferkeitsameise    
|uhtml|bestof|Game 3 of a best-of-3
|t:|1782243484
|gametype|doubles
|player|p1|That1Morpecko|hiker-gen4|1127
|player|p2|Tapferkeitsameise|serena-masters3|1219
|gen|9
|tier|[Gen 9 Champions] VGC 2026 Reg M-B (Bo3)
|rated|
|rule|Species Clause: Limit one of each Pokémon
|rule|Item Clause: Limit 1 of each item
|clearpoke
|poke|p1|Grimmsnarl, L50, M|
|poke|p1|Swampert, L50, F|
|poke|p1|Pelipper, L50, M|
|poke|p1|Archaludon, L50, F|
|poke|p1|Sinistcha, L50|
|poke|p1|Floette-Eternal, L50, F|
|poke|p2|Sceptile, L50, M|
|poke|p2|Rotom-Wash, L50|
|poke|p2|Garchomp, L50, F|
|poke|p2|Whimsicott, L50, M|
|poke|p2|Incineroar, L50, M|
|poke|p2|Metagross, L50|
|teampreview|4
|showteam|p1|Grimmsnarl||LightClay|Prankster|FoulPlay,PartingShot,LightScreen,Reflect|Careful||M|||50|]Swampert||Swampertite|Torrent|WaveCrash,HighHorsepower,IcePunch,Protect|Adamant||F|||50|]Pelipper||SitrusBerry|Drizzle|Tailwind,Hurricane,WeatherBall,WideGuard|Modest||M|||50|]Archaludon||Leftovers|Stamina|ElectroShot,DragonPulse,FlashCannon,Protect|Modest||F|||50|]Sinistcha||CobaBerry|Hospitality|MatchaGotcha,RagePowder,LifeDew,Protect|Relaxed|||||50|]Floette-Eternal||Floettite|FlowerVeil|CalmMind,DazzlingGleam,Moonblast,Protect|Modest||F|||50|
|showteam|p2|Sceptile||Sceptilite|Overgrow|EnergyBall,DragonPulse,EarthPower,Detect|Modest||M|||50|]Rotom-Wash||ChoiceScarf|Levitate|HydroPump,Thunderbolt,Discharge,WillOWisp|Timid|||||50|]Garchomp||LifeOrb|RoughSkin|DragonClaw,Earthquake,RockSlide,Protect|Jolly||F|||50|]Whimsicott||FocusSash|Prankster|Protect,Moonblast,Encore,Tailwind|Modest||M|||50|]Incineroar||SitrusBerry|Intimidate|FakeOut,FlareBlitz,PartingShot,DarkestLariat|Adamant||M|||50|]Metagross||Metagrossite|ClearBody|MeteorMash,PsychicFangs,IcePunch,Protect|Jolly|||||50|
|inactive|Battle timer is ON: inactive players will automatically lose when time's up. (requested by Tapferkeitsameise)
|inactive|That1Morpecko also wants the timer to be on.
|
|t:|1782243508
|teamsize|p1|4
|teamsize|p2|4
|start
|switch|p1a: Swampert|Swampert, L50, F|100/100
|switch|p1b: Grimmsnarl|Grimmsnarl, L50, M|100/100
|switch|p2a: Whimsicott|Whimsicott, L50, M|100/100
|switch|p2b: Incineroar|Incineroar, L50, M|100/100
|-ability|p2b: Incineroar|Intimidate|boost
|-unboost|p1a: Swampert|atk|1
|-unboost|p1b: Grimmsnarl|atk|1
|turn|1
|
|t:|1782243522
|move|p1a: Swampert|Protect|p1a: Swampert
|-singleturn|p1a: Swampert|Protect
|move|p2b: Incineroar|Fake Out|p1b: Grimmsnarl
|-damage|p1b: Grimmsnarl|88/100
|cant|p1b: Grimmsnarl|flinch
|move|p2a: Whimsicott|Moonblast|p1b: Grimmsnarl
|-supereffective|p1b: Grimmsnarl|1
|-damage|p1b: Grimmsnarl|17/100
|
|upkeep
|turn|2
|
|t:|1782243538
|detailschange|p1a: Swampert|Swampert-Mega, L50, F
|-mega|p1a: Swampert|Swampert|Swampertite
|move|p2a: Whimsicott|Tailwind|p2a: Whimsicott
|-sidestart|p2: Tapferkeitsameise|move: Tailwind
|move|p1b: Grimmsnarl|Parting Shot|p2a: Whimsicott
|-unboost|p2a: Whimsicott|atk|1
|-unboost|p2a: Whimsicott|spa|1
|
|t:|1782243544
|switch|p1b: Pelipper|Pelipper, L50, M|100/100|[from] Parting Shot
|-weather|RainDance|[from] ability: Drizzle|[of] p1b: Pelipper
|move|p1a: Swampert|Wave Crash|p2b: Incineroar
|-supereffective|p2b: Incineroar|1
|-damage|p2b: Incineroar|0 fnt
|faint|p2b: Incineroar
|-damage|p1a: Swampert|64/100|[from] Recoil
|
|-weather|RainDance|[upkeep]
|upkeep
|
|t:|1782243552
|switch|p2b: Garchomp|Garchomp, L50, F|100/100
|turn|3
|
|t:|1782243567
|move|p2b: Garchomp|Protect|p2b: Garchomp
|-singleturn|p2b: Garchomp|Protect
|move|p2a: Whimsicott|Moonblast|p1a: Swampert
|-damage|p1a: Swampert|41/100
|move|p1a: Swampert|Ice Punch|p2b: Garchomp
|-activate|p2b: Garchomp|move: Protect
|move|p1b: Pelipper|Hurricane|p2a: Whimsicott
|-supereffective|p2a: Whimsicott|1
|-crit|p2a: Whimsicott
|-enditem|p2a: Whimsicott|Focus Sash
|-damage|p2a: Whimsicott|1/100
|
|-weather|RainDance|[upkeep]
|upkeep
|turn|4
|
|t:|1782243577
|switch|p2b: Metagross|Metagross, L50|100/100
|move|p1a: Swampert|Protect|p1a: Swampert
|-singleturn|p1a: Swampert|Protect
|move|p2a: Whimsicott|Encore|p1a: Swampert
|-activate|p1a: Swampert|move: Protect
|move|p1b: Pelipper|Hurricane|p2a: Whimsicott
|-supereffective|p2a: Whimsicott|1
|-damage|p2a: Whimsicott|0 fnt
|faint|p2a: Whimsicott
|
|-weather|RainDance|[upkeep]
|upkeep
|
|t:|1782243579
|switch|p2a: Garchomp|Garchomp, L50, F|100/100
|turn|5
|
|t:|1782243596
|detailschange|p2b: Metagross|Metagross-Mega, L50
|-mega|p2b: Metagross|Metagross|Metagrossite
|move|p2b: Metagross|Psychic Fangs|p1b: Pelipper
|-damage|p1b: Pelipper|32/100
|-enditem|p1b: Pelipper|Sitrus Berry|[eat]
|-heal|p1b: Pelipper|57/100|[from] item: Sitrus Berry
|move|p2a: Garchomp|Dragon Claw|p1a: Swampert
|-damage|p1a: Swampert|0 fnt
|faint|p1a: Swampert
|-damage|p2a: Garchomp|90/100|[from] item: Life Orb
|move|p1b: Pelipper|Weather Ball|p2a: Garchomp
|-damage|p2a: Garchomp|30/100
|
|-weather|RainDance|[upkeep]
|-sideend|p2: Tapferkeitsameise|move: Tailwind
|upkeep
|
|t:|1782243608
|switch|p1a: Archaludon|Archaludon, L50, F|100/100
|turn|6
|
|t:|1782243623
|move|p2a: Garchomp|Protect|p2a: Garchomp
|-singleturn|p2a: Garchomp|Protect
|move|p1b: Pelipper|Wide Guard|p1b: Pelipper
|-singleturn|p1b: Pelipper|Wide Guard
|move|p2b: Metagross|Psychic Fangs|p1b: Pelipper
|-damage|p1b: Pelipper|0 fnt
|faint|p1b: Pelipper
|move|p1a: Archaludon|Electro Shot||[still]
|-prepare|p1a: Archaludon|Electro Shot
|-boost|p1a: Archaludon|spa|1
|-anim|p1a: Archaludon|Electro Shot|p2b: Metagross
|-damage|p2b: Metagross|38/100
|
|-weather|none
|upkeep
|
|t:|1782243638
|switch|p1b: Grimmsnarl|Grimmsnarl, L50, M|17/100
|turn|7
|
|t:|1782243645
|move|p2b: Metagross|Protect|p2b: Metagross
|-singleturn|p2b: Metagross|Protect
|move|p1b: Grimmsnarl|Parting Shot|p2a: Garchomp
|-unboost|p2a: Garchomp|atk|1
|-unboost|p2a: Garchomp|spa|1
|move|p2a: Garchomp|Earthquake|p1b: Grimmsnarl|[spread] p1a,p1b
|-activate|p2b: Metagross|move: Protect
|-supereffective|p1a: Archaludon|1
|-damage|p1a: Archaludon|55/100
|-damage|p1b: Grimmsnarl|0 fnt
|-ability|p1a: Archaludon|Stamina|boost
|-boost|p1a: Archaludon|def|1
|faint|p1b: Grimmsnarl
|-damage|p2a: Garchomp|20/100y|[from] item: Life Orb
|move|p1a: Archaludon|Dragon Pulse|p2a: Garchomp
|-supereffective|p2a: Garchomp|1
|-damage|p2a: Garchomp|0 fnt
|faint|p2a: Garchomp
|
|-heal|p1a: Archaludon|61/100|[from] item: Leftovers
|upkeep
|turn|8
|
|t:|1782243663
|move|p1a: Archaludon|Protect|p1a: Archaludon
|-singleturn|p1a: Archaludon|Protect
|move|p2b: Metagross|Ice Punch|p1a: Archaludon
|-activate|p1a: Archaludon|move: Protect
|
|-heal|p1a: Archaludon|67/100|[from] item: Leftovers
|upkeep
|turn|9
|
|t:|1782243669
|move|p2b: Metagross|Ice Punch|p1a: Archaludon
|-damage|p1a: Archaludon|50/100g
|-ability|p1a: Archaludon|Stamina|boost
|-boost|p1a: Archaludon|def|1
|move|p1a: Archaludon|Dragon Pulse|p2b: Metagross
|-resisted|p2b: Metagross|1
|-damage|p2b: Metagross|12/100
|
|-heal|p1a: Archaludon|56/100|[from] item: Leftovers
|upkeep
|turn|10
|
|t:|1782243675
|move|p1a: Archaludon|Protect|p1a: Archaludon
|-singleturn|p1a: Archaludon|Protect
|move|p2b: Metagross|Ice Punch|p1a: Archaludon
|-activate|p1a: Archaludon|move: Protect
|
|-heal|p1a: Archaludon|62/100|[from] item: Leftovers
|upkeep
|turn|11
|c|☆Tapferkeitsameise|gg
|
|t:|1782243679
|move|p2b: Metagross|Ice Punch|p1a: Archaludon
|-damage|p1a: Archaludon|50/100g
|-ability|p1a: Archaludon|Stamina|boost
|-boost|p1a: Archaludon|def|1
|move|p1a: Archaludon|Dragon Pulse|p2b: Metagross
|-resisted|p2b: Metagross|1
|-damage|p2b: Metagross|0 fnt
|faint|p2b: Metagross
|
|win|That1Morpecko
|raw|That1Morpecko's rating: 1127 → 1158(+31 for winning)
|raw|Tapferkeitsameise's rating: 1219 → 1188(-31 for losing)
|l|☆Tapferkeitsameise
|player|p2|
