|j|☆Alviss Alfred 0108
|j|‽Juaner95
|html|Alviss Alfred 0108Juaner95    
|uhtml|bestof|Game 2 of a best-of-3
|t:|1784683423
|gametype|doubles
|player|p1|Alviss Alfred 0108|170|1163
|player|p2|Juaner95|ash-hoenn|1154
|gen|9
|tier|[Gen 9 Champions] VGC 2026 Reg M-B (Bo3)
|rated|
|rule|Species Clause: Limit one of each Pokémon
|rule|Item Clause: Limit 1 of each item
|clearpoke
|poke|p1|Mamoswine, L50, M|
|poke|p1|Toxapex, L50, M|
|poke|p1|Sneasler, L50, M|
|poke|p1|Hydreigon, L50, M, shiny|
|poke|p1|Charizard, L50, M|
|poke|p1|Incineroar, L50, M, shiny|
|poke|p2|Eelektross, L50, M|
|poke|p2|Ninetales-Alola, L50, F, shiny|
|poke|p2|Talonflame, L50, F|
|poke|p2|Garchomp, L50, M|
|poke|p2|Incineroar, L50, M, shiny|
|poke|p2|Kingambit, L50, M|
|teampreview|4
|showteam|p1|Mamoswine||FocusSash|Oblivious|Protect,IcicleCrash,Earthquake,IceShard|Adamant||M|||50|]Toxapex||Leftovers|Regenerator|BanefulBunker,Infestation,Toxic,WideGuard|Bold||M|||50|]Sneasler||WhiteHerb|Unburden|Protect,CloseCombat,FakeOut,DireClaw|Jolly||M|||50|]Hydreigon||ChoiceScarf|Levitate|DarkPulse,EarthPower,Snarl,DracoMeteor|Modest||M|||50|]Charizard||CharizarditeY|Blaze|Protect,HeatWave,SolarBeam,WeatherBall|Timid||M|||50|]Incineroar||SitrusBerry|Intimidate|FakeOut,PartingShot,FlareBlitz,ThroatChop|Careful||M|||50|
|showteam|p2|Eelektross||Eelektrossite|Levitate|SupercellSlam,DrainPunch,Coil,Protect|Adamant||M|||50|]Ninetales-Alola||ChoiceScarf|SnowWarning|Blizzard,FreezeDry,IcyWind,Moonblast|Modest||F|||50|]Talonflame||SharpBeak|GaleWings|BraveBird,FlareBlitz,Tailwind,Protect|Jolly||F|||50|]Garchomp||LifeOrb|RoughSkin|RockSlide,Earthquake,DragonClaw,Protect|Jolly||M|||50|]Incineroar||SitrusBerry|Intimidate|FlareBlitz,ThroatChop,PartingShot,FakeOut|Careful||M|||50|]Kingambit||FocusSash|Defiant|KowtowCleave,SuckerPunch,LowKick,Protect|Adamant||M|||50|
|inactive|Battle timer is ON: inactive players will automatically lose when time's up. (requested by Juaner95)
|inactive|Alviss Alfred 0108 has 60 seconds left.
|inactive|Juaner95 has 60 seconds left.
|inactive|Alviss Alfred 0108 has 30 seconds left.
|inactive|Juaner95 has 30 seconds left.
|inactive|Alviss Alfred 0108 has 20 seconds left.
|inactive|Juaner95 has 20 seconds left.
|inactive|Alviss Alfred 0108 has 15 seconds left.
|inactive|Alviss Alfred 0108 has 10 seconds left.
|inactive|Alviss Alfred 0108 has 5 seconds left.
|
|t:|1784683714
|teamsize|p1|4
|teamsize|p2|4
|start
|switch|p1a: Mamoswine|Mamoswine, L50, M|100/100
|switch|p1b: Toxapex|Toxapex, L50, M|100/100
|switch|p2a: Incineroar|Incineroar, L50, M, shiny|100/100
|switch|p2b: Talonflame|Talonflame, L50, F|100/100
|-ability|p2a: Incineroar|Intimidate|boost
|-fail|p1a: Mamoswine|unboost|Attack|[from] ability: Oblivious|[of] p1a: Mamoswine
|-unboost|p1b: Toxapex|atk|1
|turn|1
|inactive|Alviss Alfred 0108 has 30 seconds left.
|inactive|Alviss Alfred 0108 has 20 seconds left.
|inactive|Alviss Alfred 0108 has 15 seconds left.
|inactive|Alviss Alfred 0108 has 10 seconds left.
|inactive|Alviss Alfred 0108 has 5 seconds left.
|
|t:|1784683769
|move|p1a: Mamoswine|Protect|p1a: Mamoswine
|-singleturn|p1a: Mamoswine|Protect
|move|p1b: Toxapex|Baneful Bunker|p1b: Toxapex
|-singleturn|p1b: Toxapex|move: Protect
|move|p2a: Incineroar|Fake Out|p1a: Mamoswine
|-activate|p1a: Mamoswine|move: Protect
|move|p2b: Talonflame|Tailwind|p2b: Talonflame
|-sidestart|p2: Juaner95|move: Tailwind
|
|upkeep
|turn|2
|
|t:|1784683793
|move|p1b: Toxapex|Baneful Bunker||[still]
|-fail|p1b: Toxapex
|move|p2b: Talonflame|Flare Blitz|p1a: Mamoswine
|-supereffective|p1a: Mamoswine|1
|-enditem|p1a: Mamoswine|Focus Sash
|-damage|p1a: Mamoswine|1/100
|-damage|p2b: Talonflame|60/100|[from] Recoil
|move|p2a: Incineroar|Flare Blitz|p1a: Mamoswine
|-supereffective|p1a: Mamoswine|1
|-crit|p1a: Mamoswine
|-damage|p1a: Mamoswine|0 fnt
|faint|p1a: Mamoswine
|-damage|p2a: Incineroar|99/100|[from] Recoil
|
|upkeep
|
|t:|1784683810
|switch|p1a: Hydreigon|Hydreigon, L50, M, shiny|100/100
|turn|3
|
|t:|1784683831
|move|p2b: Talonflame|Brave Bird|p1b: Toxapex
|-damage|p1b: Toxapex|61/100
|-damage|p2b: Talonflame|47/100|[from] Recoil
|move|p1a: Hydreigon|Draco Meteor|p2b: Talonflame|[miss]
|-miss|p1a: Hydreigon|p2b: Talonflame
|move|p2a: Incineroar|Parting Shot|p1a: Hydreigon
|-unboost|p1a: Hydreigon|atk|1
|-unboost|p1a: Hydreigon|spa|1
|
|t:|1784683839
|switch|p2a: Ninetales|Ninetales-Alola, L50, F, shiny|100/100|[from] Parting Shot
|-weather|Snowscape|[from] ability: Snow Warning|[of] p2a: Ninetales
|move|p1b: Toxapex|Toxic|p2a: Ninetales
|-status|p2a: Ninetales|tox
|
|-weather|Snowscape|[upkeep]
|-heal|p1b: Toxapex|66/100|[from] item: Leftovers
|-damage|p2a: Ninetales|94/100 tox|[from] psn
|upkeep
|turn|4
|inactive|Alviss Alfred 0108 has 30 seconds left.
|
|t:|1784683865
|switch|p1a: Sneasler|Sneasler, L50, M|100/100
|move|p2b: Talonflame|Protect|p2b: Talonflame
|-singleturn|p2b: Talonflame|Protect
|move|p2a: Ninetales|Blizzard|p1a: Sneasler|[spread] p1a,p1b
|-crit|p1a: Sneasler
|-resisted|p1b: Toxapex|1
|-damage|p1a: Sneasler|33/100
|-damage|p1b: Toxapex|55/100
|move|p1b: Toxapex|Infestation|p2b: Talonflame
|-activate|p2b: Talonflame|move: Protect
|
|-weather|Snowscape|[upkeep]
|-heal|p1b: Toxapex|61/100|[from] item: Leftovers
|-damage|p2a: Ninetales|83/100 tox|[from] psn
|-sideend|p2: Juaner95|move: Tailwind
|upkeep
|turn|5
|
|t:|1784683881
|switch|p2a: Incineroar|Incineroar, L50, M, shiny|99/100
|-ability|p2a: Incineroar|Intimidate|boost
|-unboost|p1a: Sneasler|atk|1
|-unboost|p1b: Toxapex|atk|1
|-enditem|p1a: Sneasler|White Herb
|-clearnegativeboost|p1a: Sneasler|[silent]
|move|p1a: Sneasler|Protect|p1a: Sneasler
|-singleturn|p1a: Sneasler|Protect
|move|p2b: Talonflame|Tailwind|p2b: Talonflame
|-sidestart|p2: Juaner95|move: Tailwind
|move|p1b: Toxapex|Infestation|p2a: Incineroar
|-damage|p2a: Incineroar|96/100
|-activate|p2a: Incineroar|move: Infestation|[of] p1b: Toxapex
|
|-weather|Snowscape|[upkeep]
|-heal|p1b: Toxapex|66/100|[from] item: Leftovers
|-damage|p2a: Incineroar|84/100|[from] move: Infestation|[partiallytrapped]
|upkeep
|turn|6
|
|t:|1784683899
|move|p2a: Incineroar|Fake Out|p1a: Sneasler
|-damage|p1a: Sneasler|15/100
|move|p2b: Talonflame|Brave Bird|p1a: Sneasler
|-supereffective|p1a: Sneasler|1
|-damage|p1a: Sneasler|0 fnt
|faint|p1a: Sneasler
|-damage|p2b: Talonflame|42/100|[from] Recoil
|move|p1b: Toxapex|Infestation|p2b: Talonflame
|-resisted|p2b: Talonflame|2
|-damage|p2b: Talonflame|40/100
|-activate|p2b: Talonflame|move: Infestation|[of] p1b: Toxapex
|
|-weather|Snowscape|[upkeep]
|-heal|p1b: Toxapex|72/100|[from] item: Leftovers
|-damage|p2b: Talonflame|28/100|[from] move: Infestation|[partiallytrapped]
|-damage|p2a: Incineroar|72/100|[from] move: Infestation|[partiallytrapped]
|upkeep
|
|t:|1784683901
|switch|p1a: Hydreigon|Hydreigon, L50, M, shiny|100/100
|turn|7
|
|t:|1784683924
|move|p2b: Talonflame|Brave Bird|p1b: Toxapex
|-damage|p1b: Toxapex|33/100
|-damage|p2b: Talonflame|15/100|[from] Recoil
|move|p1a: Hydreigon|Dark Pulse|p2b: Talonflame
|-damage|p2b: Talonflame|0 fnt
|faint|p2b: Talonflame
|move|p2a: Incineroar|Parting Shot|p1a: Hydreigon
|-unboost|p1a: Hydreigon|atk|1
|-unboost|p1a: Hydreigon|spa|1
|
|t:|1784683934
|switch|p2a: Eelektross|Eelektross, L50, M|100/100|[from] Parting Shot
|move|p1b: Toxapex|Toxic|p2a: Eelektross
|-status|p2a: Eelektross|tox
|
|-weather|none
|-heal|p1b: Toxapex|39/100|[from] item: Leftovers
|-damage|p2a: Eelektross|94/100 tox|[from] psn
|upkeep
|
|t:|1784683937
|switch|p2b: Incineroar|Incineroar, L50, M, shiny|72/100
|-ability|p2b: Incineroar|Intimidate|boost
|-unboost|p1a: Hydreigon|atk|1
|-unboost|p1b: Toxapex|atk|1
|turn|8
|
|t:|1784683955
|detailschange|p2a: Eelektross|Eelektross-Mega, L50, M
|-mega|p2a: Eelektross|Eelektross|Eelektrossite
|move|p2b: Incineroar|Fake Out|p1a: Hydreigon
|-damage|p1a: Hydreigon|88/100
|move|p2a: Eelektross|Coil|p2a: Eelektross
|-boost|p2a: Eelektross|atk|1
|-boost|p2a: Eelektross|def|1
|-boost|p2a: Eelektross|accuracy|1
|cant|p1a: Hydreigon|flinch
|move|p1b: Toxapex|Toxic|p2b: Incineroar
|-status|p2b: Incineroar|tox
|
|-heal|p1b: Toxapex|45/100|[from] item: Leftovers
|-damage|p2a: Eelektross|82/100 tox|[from] psn
|-damage|p2b: Incineroar|66/100 tox|[from] psn
|-sideend|p2: Juaner95|move: Tailwind
|upkeep
|turn|9
|
|t:|1784683976
|move|p1a: Hydreigon|Dark Pulse|p2a: Eelektross
|-damage|p2a: Eelektross|52/100 tox
|move|p2a: Eelektross|Drain Punch|p1a: Hydreigon
|-supereffective|p1a: Hydreigon|1
|-damage|p1a: Hydreigon|0 fnt
|-heal|p2a: Eelektross|92/100 tox|[from] drain|[of] p1a: Hydreigon
|faint|p1a: Hydreigon
|-ability|p2a: Eelektross|Eelevate|boost
|-boost|p2a: Eelektross|atk|1
|move|p2b: Incineroar|Throat Chop|p1b: Toxapex
|-damage|p1b: Toxapex|23/100
|-start|p1b: Toxapex|Throat Chop|[silent]
|move|p1b: Toxapex|Infestation|p2b: Incineroar
|-damage|p2b: Incineroar|63/100 tox
|-activate|p2b: Incineroar|move: Infestation|[of] p1b: Toxapex
|
|-heal|p1b: Toxapex|29/100|[from] item: Leftovers
|-damage|p2a: Eelektross|74/100 tox|[from] psn
|-damage|p2b: Incineroar|51/100 tox|[from] psn
|-damage|p2b: Incineroar|39/100 tox|[from] move: Infestation|[partiallytrapped]
|upkeep
|-enditem|p2b: Incineroar|Sitrus Berry|[eat]
|-heal|p2b: Incineroar|64/100 tox|[from] item: Sitrus Berry
|turn|10
|inactive|Juaner95 has 30 seconds left.
|
|t:|1784684003
|move|p1b: Toxapex|Baneful Bunker|p1b: Toxapex
|-singleturn|p1b: Toxapex|move: Protect
|move|p2a: Eelektross|Coil|p2a: Eelektross
|-boost|p2a: Eelektross|atk|1
|-boost|p2a: Eelektross|def|1
|-boost|p2a: Eelektross|accuracy|1
|move|p2b: Incineroar|Parting Shot|p1b: Toxapex
|-activate|p1b: Toxapex|move: Protect
|
|-heal|p1b: Toxapex|35/100|[from] item: Leftovers
|-damage|p2a: Eelektross|51/100 tox|[from] psn
|-damage|p2b: Incineroar|46/100 tox|[from] psn
|-damage|p2b: Incineroar|34/100 tox|[from] move: Infestation|[partiallytrapped]
|-end|p1b: Toxapex|Throat Chop|[silent]
|upkeep
|turn|11
|
|t:|1784684014
|move|p2a: Eelektross|Supercell Slam|p1b: Toxapex
|-supereffective|p1b: Toxapex|1
|-crit|p1b: Toxapex
|-damage|p1b: Toxapex|0 fnt
|faint|p1b: Toxapex
|
|win|Juaner95
||Alviss Alfred 0108 is ready for game 3.
|inactive|Juaner95 has 30 seconds to confirm battle start!
|inactive|Juaner95 has 20 seconds to confirm battle start!
|inactive|Juaner95 has 10 seconds to confirm battle start!
|uhtml|next|Next: Game 3 of 3
