|j|☆Daniw9
|j|☆Monkeydes
|html|Daniw9Monkeydes    
|uhtml|bestof|Game 1 of a best-of-3
|t:|1756455091
|gametype|doubles
|player|p1|Daniw9|101|1174
|player|p2|Monkeydes|169|1087
|gen|9
|tier|[Gen 9] VGC 2025 Reg H (Bo3)
|rated|
|rule|Species Clause: Limit one of each Pokémon
|rule|Item Clause: Limit 1 of each item
|clearpoke
|poke|p1|Garchomp, L50, M|
|poke|p1|Tyranitar, L50, F|
|poke|p1|Delphox, L50, M|
|poke|p1|Indeedee-F, L50, F|
|poke|p1|Gallade, L50, M|
|poke|p1|Whimsicott, L50, M|
|poke|p2|Sneasler, L50, M|
|poke|p2|Dragapult, L50, F|
|poke|p2|Primarina, L50, F|
|poke|p2|Rillaboom, L50, F|
|poke|p2|Kingambit, L50, M|
|poke|p2|Magmar, L50, F|
|teampreview|4
|showteam|p1|Garchomp||LifeOrb|SandVeil|Earthquake,StompingTantrum,Protect,DragonClaw|||M|||50|,,,,,Steel]Tyranitar||AssaultVest|SandStream|RockSlide,TeraBlast,KnockOff,LowKick|||F|||50|,,,,,Flying]Delphox||PsychicSeed|Magician|ExpandingForce,HeatWave,TeraBlast,Protect|||M|||50|,,,,,Fairy]Indeedee-F||SafetyGoggles|PsychicSurge|DazzlingGleam,TrickRoom,FollowMe,HelpingHand|||F|||50|,,,,,Water]Gallade||ClearAmulet|Sharpness|SacredSword,PsychoCut,TrickRoom,Protect|||M|||50|,,,,,Grass]Whimsicott||CovertCloak|Prankster|Moonblast,Tailwind,Encore,Protect|||M|||50|,,,,,Ghost
|showteam|p2|Sneasler||FocusSash|PoisonTouch|CloseCombat,DireClaw,FakeOut,Protect|||M|||50|,,,,,Stellar]Dragapult||ChoiceBand|ClearBody|DragonDarts,TeraBlast,PhantomForce,Uturn|||F|||50|,,,,,Ghost]Primarina||SitrusBerry|LiquidVoice|HyperVoice,Moonblast,Haze,Protect|||F|||50|,,,,,Water]Rillaboom||AssaultVest|GrassySurge|WoodHammer,GrassyGlide,HighHorsepower,FakeOut|||F|||50|,,,,,Fire]Kingambit||BlackGlasses|Defiant|KowtowCleave,SuckerPunch,SwordsDance,Protect|||M|||50|,,,,,Ghost]Magmar||Eviolite|VitalSpirit|Overheat,WillOWisp,FollowMe,Protect|||F|||50|,,,,,Ghost
|inactive|Battle timer is ON: inactive players will automatically lose when time's up. (requested by Monkeydes)
|
|t:|1756455134
|teamsize|p1|4
|teamsize|p2|4
|start
|switch|p1a: Delphox|Delphox, L50, M|100/100
|switch|p1b: Indeedee|Indeedee-F, L50, F|100/100
|switch|p2a: Primarina|Primarina, L50, F|100/100
|switch|p2b: Magmar|Magmar, L50, F|100/100
|-fieldstart|move: Psychic Terrain|[from] ability: Psychic Surge|[of] p1b: Indeedee
|-enditem|p1a: Delphox|Psychic Seed
|-boost|p1a: Delphox|spd|1|[from] item: Psychic Seed
|turn|1
|
|t:|1756455156
|switch|p2b: Rillaboom|Rillaboom, L50, F|100/100
|-fieldstart|move: Grassy Terrain|[from] ability: Grassy Surge|[of] p2b: Rillaboom
|-terastallize|p1a: Delphox|Fairy
|-terastallize|p2a: Primarina|Water
|move|p1b: Indeedee|Helping Hand|p1a: Delphox
|-singleturn|p1a: Delphox|Helping Hand|[of] p1b: Indeedee
|move|p1a: Delphox|Expanding Force|p2b: Rillaboom
|-damage|p2b: Rillaboom|54/100
|-item|p1a: Delphox|Assault Vest|[from] ability: Magician|[of] p2b: Rillaboom
|move|p2a: Primarina|Hyper Voice|p1b: Indeedee|[spread] p1a,p1b
|-damage|p1a: Delphox|78/100
|-damage|p1b: Indeedee|61/100
|
|-heal|p1a: Delphox|84/100|[from] Grassy Terrain
|-heal|p2b: Rillaboom|60/100|[from] Grassy Terrain
|-heal|p1b: Indeedee|67/100|[from] Grassy Terrain
|upkeep
|turn|2
|inactive|Monkeydes has 30 seconds left.
|inactive|Monkeydes has 20 seconds left.
|inactive|Monkeydes has 15 seconds left.
|inactive|Monkeydes has 10 seconds left.
|
|t:|1756455202
|switch|p1b: Tyranitar|Tyranitar, L50, F|100/100
|-weather|Sandstorm|[from] ability: Sand Stream|[of] p1b: Tyranitar
|move|p2b: Rillaboom|Fake Out|p1a: Delphox
|-damage|p1a: Delphox|62/100
|cant|p1a: Delphox|flinch
|move|p2a: Primarina|Hyper Voice|p1a: Delphox|[spread] p1a,p1b
|-supereffective|p1b: Tyranitar
|-damage|p1a: Delphox|40/100
|-damage|p1b: Tyranitar|64/100
|
|-weather|Sandstorm|[upkeep]
|-damage|p1a: Delphox|34/100|[from] Sandstorm
|-damage|p2b: Rillaboom|54/100|[from] Sandstorm
|-damage|p2a: Primarina|95/100|[from] Sandstorm
|-heal|p1a: Delphox|40/100|[from] Grassy Terrain
|-heal|p2b: Rillaboom|60/100|[from] Grassy Terrain
|-heal|p1b: Tyranitar|69/100|[from] Grassy Terrain
|-heal|p2a: Primarina|100/100|[from] Grassy Terrain
|upkeep
|turn|3
|inactive|Monkeydes has 30 seconds left.
|inactive|Monkeydes has 20 seconds left.
|
|t:|1756455239
|switch|p1b: Indeedee|Indeedee-F, L50, F|67/100
|-fieldstart|move: Psychic Terrain|[from] ability: Psychic Surge|[of] p1b: Indeedee
|move|p1a: Delphox|Expanding Force|p2b: Rillaboom|[spread] p2a,p2b
|-damage|p2a: Primarina|55/100
|-damage|p2b: Rillaboom|0 fnt
|faint|p2b: Rillaboom
|move|p2a: Primarina|Hyper Voice|p1b: Indeedee|[spread] p1a,p1b
|-damage|p1a: Delphox|18/100
|-damage|p1b: Indeedee|26/100
|
|-weather|Sandstorm|[upkeep]
|-damage|p1a: Delphox|12/100|[from] Sandstorm
|-damage|p2a: Primarina|49/100|[from] Sandstorm
|-enditem|p2a: Primarina|Sitrus Berry|[eat]
|-heal|p2a: Primarina|74/100|[from] item: Sitrus Berry
|upkeep
|
|t:|1756455258
|switch|p2b: Kingambit|Kingambit, L50, M|100/100
|turn|4
|
|t:|1756455270
|move|p1b: Indeedee|Helping Hand|p1a: Delphox
|-singleturn|p1a: Delphox|Helping Hand|[of] p1b: Indeedee
|move|p1a: Delphox|Expanding Force|p2a: Primarina|[spread] p2a
|-immune|p2b: Kingambit
|-damage|p2a: Primarina|0 fnt
|faint|p2a: Primarina
|move|p2b: Kingambit|Swords Dance|p2b: Kingambit
|-boost|p2b: Kingambit|atk|2
|
|-weather|Sandstorm|[upkeep]
|-damage|p1a: Delphox|6/100|[from] Sandstorm
|upkeep
|
|t:|1756455278
|switch|p2a: Magmar|Magmar, L50, F|100/100
|turn|5
|
|t:|1756455289
|move|p1b: Indeedee|Helping Hand|p1a: Delphox
|-singleturn|p1a: Delphox|Helping Hand|[of] p1b: Indeedee
|move|p2a: Magmar|Protect|p2a: Magmar
|-singleturn|p2a: Magmar|Protect
|move|p1a: Delphox|Expanding Force|p2b: Kingambit|[spread] 
|-activate|p2a: Magmar|move: Protect
|-immune|p2b: Kingambit
|move|p2b: Kingambit|Kowtow Cleave|p1a: Delphox
|-resisted|p1a: Delphox
|-damage|p1a: Delphox|0 fnt
|faint|p1a: Delphox
|
|-weather|Sandstorm|[upkeep]
|-damage|p2a: Magmar|95/100|[from] Sandstorm
|upkeep
|
|t:|1756455300
|switch|p1a: Tyranitar|Tyranitar, L50, F|69/100
|turn|6
|
|t:|1756455309
|move|p2b: Kingambit|Protect|p2b: Kingambit
|-singleturn|p2b: Kingambit|Protect
|move|p1b: Indeedee|Follow Me|p1b: Indeedee
|-singleturn|p1b: Indeedee|move: Follow Me
|move|p2a: Magmar|Will-O-Wisp|p1b: Indeedee
|-status|p1b: Indeedee|brn
|move|p1a: Tyranitar|Low Kick|p2b: Kingambit
|-activate|p2b: Kingambit|move: Protect
|
|-weather|none
|-damage|p1b: Indeedee|20/100 brn|[from] brn
|upkeep
|turn|7
|
|t:|1756455334
|switch|p1b: Gallade|Gallade, L50, M|100/100
|move|p2a: Magmar|Follow Me|p2a: Magmar
|-singleturn|p2a: Magmar|move: Follow Me
|move|p1a: Tyranitar|Rock Slide|p2a: Magmar|[spread] p2a,p2b
|-supereffective|p2a: Magmar
|-resisted|p2b: Kingambit
|-damage|p2a: Magmar|42/100
|-damage|p2b: Kingambit|88/100
|move|p2b: Kingambit|Swords Dance|p2b: Kingambit
|-boost|p2b: Kingambit|atk|2
|
|-fieldend|move: Psychic Terrain
|upkeep
|turn|8
|
|t:|1756455359
|switch|p1b: Indeedee|Indeedee-F, L50, F|20/100 brn
|-fieldstart|move: Psychic Terrain|[from] ability: Psychic Surge|[of] p1b: Indeedee
|move|p2a: Magmar|Follow Me|p2a: Magmar
|-singleturn|p2a: Magmar|move: Follow Me
|move|p1a: Tyranitar|Rock Slide|p2b: Kingambit|[spread] p2a,p2b
|-supereffective|p2a: Magmar
|-resisted|p2b: Kingambit
|-damage|p2a: Magmar|0 fnt
|-damage|p2b: Kingambit|76/100
|faint|p2a: Magmar
|move|p2b: Kingambit|Kowtow Cleave|p1b: Indeedee
|-supereffective|p1b: Indeedee
|-damage|p1b: Indeedee|0 fnt
|faint|p1b: Indeedee
|
|upkeep
|
|t:|1756455369
|switch|p1b: Gallade|Gallade, L50, M|100/100
|turn|9
|
|t:|1756455374
|move|p2b: Kingambit|Protect|p2b: Kingambit
|-singleturn|p2b: Kingambit|Protect
|move|p1b: Gallade|Sacred Sword|p2b: Kingambit
|-activate|p2b: Kingambit|move: Protect
|move|p1a: Tyranitar|Low Kick|p2b: Kingambit
|-activate|p2b: Kingambit|move: Protect
|
|upkeep
|turn|10
|
|t:|1756455385
|move|p1b: Gallade|Sacred Sword|p2b: Kingambit
|-supereffective|p2b: Kingambit
|-damage|p2b: Kingambit|0 fnt
|faint|p2b: Kingambit
|
|win|Daniw9
||Daniw9 is ready for game 2.
||Monkeydes is ready for game 2.
|uhtml|next|Next: Game 2 of 3
