|j|☆mmmspicy69
|j|☆paperavgc
|html|mmmspicy69paperavgc    
|uhtml|bestof|Game 2 of a best-of-3
|t:|1785704774
|gametype|doubles
|player|p1|mmmspicy69|cynthia|1230
|player|p2|paperavgc|wallace|1155
|gen|9
|tier|[Gen 9 Champions] VGC 2026 Reg M-B (Bo3)
|rated|
|rule|Species Clause: Limit one of each Pokémon
|rule|Item Clause: Limit 1 of each item
|clearpoke
|poke|p1|Farigiraf, L50, F|
|poke|p1|Gardevoir, L50, F|
|poke|p1|Whimsicott, L50, F|
|poke|p1|Gallade, L50, M|
|poke|p1|Sinistcha-Masterpiece, L50|
|poke|p1|Blastoise, L50, F, shiny|
|poke|p2|Whimsicott, L50, F|
|poke|p2|Basculegion, L50, M|
|poke|p2|Kingambit, L50, F|
|poke|p2|Charizard, L50, M|
|poke|p2|Garchomp, L50, F|
|poke|p2|Floette-Eternal, L50, F|
|teampreview|4
|showteam|p1|Farigiraf||SitrusBerry|ArmorTail|PsychicTerrain,TrickRoom,HelpingHand,ExpandingForce|Bold||F|||50|]Gardevoir||Gardevoirite|Trace|HyperVoice,ExpandingForce,Protect,TrickRoom|Quiet||F|||50|]Whimsicott||FocusSash|Prankster|Moonblast,Tailwind,HelpingHand,Encore|Timid||F|||50|]Gallade||LifeOrb|Sharpness|PsychoCut,NightSlash,SacredSword,Protect|Adamant||M|||50|]Sinistcha-Masterpiece||OccaBerry|Hospitality|RagePowder,LifeDew,TrickRoom,MatchaGotcha|Modest|||||50|]Blastoise||Blastoisinite|Torrent|DarkPulse,AuraSphere,WaterSpout,FakeOut|Modest||F|||50|
|showteam|p2|Whimsicott||FocusSash|Prankster|Moonblast,Tailwind,Encore,Protect|Timid||F|||50|]Basculegion||MysticWater|Adaptability|WaveCrash,Protect,LastRespects,AquaJet|Adamant||M|||50|]Kingambit||ChopleBerry|Defiant|KowtowCleave,IronHead,SuckerPunch,Protect|Adamant||F|||50|]Charizard||CharizarditeY|SolarPower|HeatWave,WeatherBall,Protect,SolarBeam|Modest||M|||50|]Garchomp||LifeOrb|RoughSkin|RockSlide,Earthquake,DragonClaw,Protect|Adamant||F|||50|]Floette-Eternal||Floettite|FlowerVeil|Moonblast,DazzlingGleam,LightofRuin,Protect|Timid||F|||50|
|inactive|Battle timer is ON: inactive players will automatically lose when time's up. (requested by paperavgc)
|inactive|mmmspicy69 has 60 seconds left.
|inactive|paperavgc has 60 seconds left.
|
|t:|1785704813
|teamsize|p1|4
|teamsize|p2|4
|start
|switch|p1a: Diva|Whimsicott, L50, F|100/100
|switch|p1b: Sharp Kunt|Gallade, L50, M|100/100
|switch|p2a: Basculegion|Basculegion, L50, M|100/100
|switch|p2b: Floette|Floette-Eternal, L50, F|100/100
|turn|1
|
|t:|1785704825
|detailschange|p2b: Floette|Floette-Mega, L50, F
|-mega|p2b: Floette|Floette|Floettite
|-ability|p2b: Floette|Fairy Aura
|move|p1b: Sharp Kunt|Protect|p1b: Sharp Kunt
|-singleturn|p1b: Sharp Kunt|Protect
|move|p1a: Diva|Tailwind|p1a: Diva
|-sidestart|p1: mmmspicy69|move: Tailwind
|move|p2b: Floette|Dazzling Gleam|p1b: Sharp Kunt|[spread] p1a
|-activate|p1b: Sharp Kunt|move: Protect
|-damage|p1a: Diva|27/100
|move|p2a: Basculegion|Wave Crash|p1b: Sharp Kunt
|-activate|p1b: Sharp Kunt|move: Protect
|
|upkeep
|turn|2
|
|t:|1785704840
|move|p1a: Diva|Helping Hand|p1b: Sharp Kunt
|-singleturn|p1b: Sharp Kunt|Helping Hand|[of] p1a: Diva
|move|p1b: Sharp Kunt|Psycho Cut|p2b: Floette
|-crit|p2b: Floette
|-damage|p2b: Floette|0 fnt
|faint|p2b: Floette
|-damage|p1b: Sharp Kunt|90/100|[from] item: Life Orb
|move|p2a: Basculegion|Last Respects|p1b: Sharp Kunt
|-supereffective|p1b: Sharp Kunt|1
|-crit|p1b: Sharp Kunt
|-damage|p1b: Sharp Kunt|0 fnt
|faint|p1b: Sharp Kunt
|
|upkeep
|
|t:|1785704852
|switch|p2b: Charizard|Charizard, L50, M|100/100
|switch|p1b: Boss Girl|Blastoise, L50, F, shiny|100/100
|turn|3
|
|t:|1785704869
|switch|p1a: Baddie|Farigiraf, L50, F|100/100
|detailschange|p1b: Boss Girl|Blastoise-Mega, L50, F, shiny
|-mega|p1b: Boss Girl|Blastoise|Blastoisinite
|move|p1b: Boss Girl|Fake Out|p2b: Charizard
|-damage|p2b: Charizard|92/100
|cant|p2b: Charizard|flinch
|move|p2a: Basculegion|Last Respects|p1b: Boss Girl
|-damage|p1b: Boss Girl|45/100
|
|upkeep
|turn|4
|
|t:|1785704882
|move|p1a: Baddie|Helping Hand|p1b: Boss Girl
|-singleturn|p1b: Boss Girl|Helping Hand|[of] p1a: Baddie
|move|p1b: Boss Girl|Dark Pulse|p2a: Basculegion
|-supereffective|p2a: Basculegion|1
|-damage|p2a: Basculegion|0 fnt
|faint|p2a: Basculegion
|move|p2b: Charizard|Heat Wave|p1b: Boss Girl|[spread] p1a,p1b
|-resisted|p1b: Boss Girl|1
|-damage|p1a: Baddie|70/100
|-damage|p1b: Boss Girl|29/100
|
|-sideend|p1: mmmspicy69|move: Tailwind
|upkeep
|
|t:|1785704891
|switch|p2a: Garchomp|Garchomp, L50, F|100/100
|turn|5
|
|t:|1785704908
|move|p2a: Garchomp|Earthquake|p1b: Boss Girl|[spread] p1a,p1b
|-immune|p2b: Charizard
|-damage|p1a: Baddie|28/100
|-damage|p1b: Boss Girl|0 fnt
|-enditem|p1a: Baddie|Sitrus Berry|[eat]
|-heal|p1a: Baddie|52/100|[from] item: Sitrus Berry
|faint|p1b: Boss Girl
|-damage|p2a: Garchomp|90/100|[from] item: Life Orb
|move|p2b: Charizard|Heat Wave|p1a: Baddie
|-damage|p1a: Baddie|14/100
|move|p1a: Baddie|Trick Room|p1a: Baddie
|-fieldstart|move: Trick Room|[of] p1a: Baddie
|
|upkeep
|
|t:|1785704919
|switch|p1b: Diva|Whimsicott, L50, F|27/100
|turn|6
|
|t:|1785704929
|move|p1a: Baddie|Expanding Force|p2b: Charizard
|-damage|p2b: Charizard|53/100
|move|p2b: Charizard|Heat Wave|p1a: Baddie|[spread] p1b
|-miss|p2b: Charizard|p1a: Baddie
|-supereffective|p1b: Diva|1
|-damage|p1b: Diva|0 fnt
|faint|p1b: Diva
|move|p2a: Garchomp|Earthquake|p1a: Baddie|[spread] p1a
|-immune|p2b: Charizard
|-damage|p1a: Baddie|0 fnt
|faint|p1a: Baddie
|-damage|p2a: Garchomp|80/100|[from] item: Life Orb
|
|win|paperavgc
||paperavgc is ready for game 3.
||mmmspicy69 is ready for game 3.
|uhtml|next|Next: Game 3 of 3
|l|☆paperavgc
|player|p2|
