|j|☆Uncreative7452
|j|☆robertocc1515
|html|Uncreative7452robertocc1515    
|uhtml|bestof|Game 2 of a best-of-3
|t:|1756761208
|gametype|doubles
|player|p1|Uncreative7452|tuber|1102
|player|p2|robertocc1515|169|1000
|gen|9
|tier|[Gen 9] VGC 2025 Reg H (Bo3)
|rated|
|rule|Species Clause: Limit one of each Pokémon
|rule|Item Clause: Limit 1 of each item
|clearpoke
|poke|p1|Chesnaught, L50, M|
|poke|p1|Rillaboom, L50, M|
|poke|p1|Gallade, L50, M|
|poke|p1|Magmar, L50, F|
|poke|p1|Bronzong, L50|
|poke|p1|Primarina, L50, F|
|poke|p2|Rillaboom, L50, M|
|poke|p2|Kingambit, L50, M|
|poke|p2|Sneasler, L50, M|
|poke|p2|Dragonite, L50, M|
|poke|p2|Gastrodon, L50, M|
|poke|p2|Ceruledge, L50, M|
|teampreview|4
|showteam|p1|Chesnaught||Leftovers|Bulletproof|BellyDrum,GrassyGlide,DrainPunch,SpikyShield|||M|||50|,,,,,Fire]Rillaboom||AssaultVest|GrassySurge|GrassyGlide,WoodHammer,Uturn,FakeOut|||M|||50|,,,,,Fire]Gallade||LifeOrb|Sharpness|PsychoCut,SacredSword,WideGuard,TrickRoom|||M|||50|,,,,,Fire]Magmar||Eviolite|VitalSpirit|FollowMe,HeatWave,WillOWisp,Protect|||F|||50|,,,,,Ghost]Bronzong||MentalHerb|HeavyMetal|HeavySlam,TrickRoom,BodyPress,GyroBall||||||50|,,,,,Water]Primarina||ThroatSpray|LiquidVoice|HyperVoice,Moonblast,Protect,Encore|||F|||50|,,,,,Water
|showteam|p2|Rillaboom||MiracleSeed|GrassySurge|WoodHammer,GrassyGlide,FakeOut,HighHorsepower|||M|||50|,,,,,Fire]Kingambit||AssaultVest|Defiant|KowtowCleave,SuckerPunch,TeraBlast,IronHead|||M|||50|,,,,,Flying]Sneasler||FocusSash|Unburden|DireClaw,CloseCombat,Coaching,FakeOut|||M|||50|,,,,,Ghost]Dragonite||LoadedDice|Multiscale|ExtremeSpeed,ScaleShot,LowKick,Protect|||M|||50|,,,,,Fairy]Gastrodon||SitrusBerry|StormDrain|EarthPower,IceBeam,ClearSmog,Protect|||M|||50|,,,,,Poison]Ceruledge||Leftovers|FlashFire|BitterBlade,ShadowSneak,BulkUp,Protect|||M|||50|,,,,,Grass
|
|t:|1756761238
|teamsize|p1|4
|teamsize|p2|4
|start
|switch|p1a: Gallade|Gallade, L50, M|100/100
|switch|p1b: Magmar|Magmar, L50, F|100/100
|switch|p2a: Sneasler|Sneasler, L50, M|100/100
|switch|p2b: Ceruledge|Ceruledge, L50, M, shiny|100/100
|turn|1
|
|t:|1756761253
|-terastallize|p1a: Gallade|Fire
|move|p2a: Sneasler|Fake Out|p1a: Gallade
|-damage|p1a: Gallade|82/100
|move|p2b: Ceruledge|Bulk Up|p2b: Ceruledge
|-boost|p2b: Ceruledge|atk|1
|-boost|p2b: Ceruledge|def|1
|move|p1b: Magmar|Will-O-Wisp|p2a: Sneasler
|-status|p2a: Sneasler|brn
|cant|p1a: Gallade|flinch
|
|-damage|p2a: Sneasler|95/100 brn|[from] brn
|upkeep
|turn|2
|
|t:|1756761282
|move|p2b: Ceruledge|Protect|p2b: Ceruledge
|-singleturn|p2b: Ceruledge|Protect
|move|p1b: Magmar|Follow Me|p1b: Magmar
|-singleturn|p1b: Magmar|move: Follow Me
|move|p2a: Sneasler|Coaching|p2b: Ceruledge
|-boost|p2b: Ceruledge|atk|1
|-boost|p2b: Ceruledge|def|1
|move|p1a: Gallade|Trick Room|p1a: Gallade
|-fieldstart|move: Trick Room|[of] p1a: Gallade
|
|-damage|p2a: Sneasler|89/100 brn|[from] brn
|upkeep
|turn|3
|
|t:|1756761302
|switch|p2a: Dragonite|Dragonite, L50, M, shiny|100/100
|-terastallize|p2b: Ceruledge|Grass
|move|p1b: Magmar|Follow Me|p1b: Magmar
|-singleturn|p1b: Magmar|move: Follow Me
|move|p1a: Gallade|Psycho Cut|p2b: Ceruledge
|-damage|p2b: Ceruledge|60/100
|-damage|p1a: Gallade|72/100|[from] item: Life Orb
|move|p2b: Ceruledge|Bitter Blade|p1b: Magmar
|-resisted|p1b: Magmar
|-damage|p1b: Magmar|67/100
|-heal|p2b: Ceruledge|76/100|[from] drain|[of] p1b: Magmar
|
|-heal|p2b: Ceruledge|82/100|[from] item: Leftovers
|upkeep
|turn|4
|
|t:|1756761329
|move|p2b: Ceruledge|Protect|p2b: Ceruledge
|-singleturn|p2b: Ceruledge|Protect
|move|p2a: Dragonite|Protect|p2a: Dragonite
|-singleturn|p2a: Dragonite|Protect
|move|p1b: Magmar|Follow Me|p1b: Magmar
|-singleturn|p1b: Magmar|move: Follow Me
|move|p1a: Gallade|Sacred Sword|p2b: Ceruledge
|-activate|p2b: Ceruledge|move: Protect
|
|-heal|p2b: Ceruledge|88/100|[from] item: Leftovers
|upkeep
|turn|5
|
|t:|1756761354
|move|p1b: Magmar|Follow Me|p1b: Magmar
|-singleturn|p1b: Magmar|move: Follow Me
|move|p1a: Gallade|Sacred Sword|p2b: Ceruledge
|-damage|p2b: Ceruledge|0 fnt
|faint|p2b: Ceruledge
|-damage|p1a: Gallade|62/100|[from] item: Life Orb
|move|p2a: Dragonite|Scale Shot|p1b: Magmar|[miss]
|-miss|p2a: Dragonite|p1b: Magmar
|
|upkeep
|
|t:|1756761366
|switch|p2b: Sneasler|Sneasler, L50, M|89/100 brn
|turn|6
|
|t:|1756761387
|move|p2a: Dragonite|Protect|p2a: Dragonite
|-singleturn|p2a: Dragonite|Protect
|move|p2b: Sneasler|Fake Out|p1a: Gallade
|-damage|p1a: Gallade|52/100
|cant|p1a: Gallade|flinch
|move|p1b: Magmar|Will-O-Wisp|p2a: Dragonite
|-activate|p2a: Dragonite|move: Protect
|
|-damage|p2b: Sneasler|83/100 brn|[from] brn
|-fieldend|move: Trick Room
|upkeep
|turn|7
|
|t:|1756761408
|move|p2a: Dragonite|Extreme Speed|p1a: Gallade
|-damage|p1a: Gallade|7/100
|move|p1b: Magmar|Follow Me|p1b: Magmar
|-singleturn|p1b: Magmar|move: Follow Me
|move|p2b: Sneasler|Coaching|p2a: Dragonite
|-boost|p2a: Dragonite|atk|1
|-boost|p2a: Dragonite|def|1
|move|p1a: Gallade|Psycho Cut|p2b: Sneasler
|-supereffective|p2b: Sneasler
|-damage|p2b: Sneasler|0 fnt
|faint|p2b: Sneasler
|-damage|p1a: Gallade|0 fnt|[from] item: Life Orb
|faint|p1a: Gallade
|
|upkeep
|
|t:|1756761423
|switch|p2b: Kingambit|Kingambit, L50, M, shiny|100/100
|switch|p1a: Rillaboom|Rillaboom, L50, M|100/100
|-fieldstart|move: Grassy Terrain|[from] ability: Grassy Surge|[of] p1a: Rillaboom
|turn|8
|
|t:|1756761439
|move|p1a: Rillaboom|Fake Out|p2a: Dragonite
|-damage|p2a: Dragonite|96/100
|cant|p2a: Dragonite|flinch
|move|p1b: Magmar|Will-O-Wisp|p2b: Kingambit
|-status|p2b: Kingambit|brn
|move|p2b: Kingambit|Kowtow Cleave|p1b: Magmar
|-damage|p1b: Magmar|50/100
|
|-heal|p1b: Magmar|56/100|[from] Grassy Terrain
|-damage|p2b: Kingambit|95/100 brn|[from] brn
|upkeep
|turn|9
|-message|robertocc1515 forfeited.
|
|win|Uncreative7452
|l|☆robertocc1515
|player|p2|
|raw|Uncreative7452's rating: 1102 → 1120(+18 for winning)
|raw|robertocc1515's rating: 1000 → 1000(+0 for losing)
