|j|☆PokeMasterSteven5
|j|☆HeroOfHydrangea
|html|PokeMasterSteven5HeroOfHydrangea    
|uhtml|bestof|Game 2 of a best-of-3
|t:|1783614033
|gametype|doubles
|player|p1|PokeMasterSteven5|riley|1125
|player|p2|HeroOfHydrangea|2|1000
|gen|9
|tier|[Gen 9 Champions] VGC 2026 Reg M-B (Bo3)
|rated|
|rule|Species Clause: Limit one of each Pokémon
|rule|Item Clause: Limit 1 of each item
|clearpoke
|poke|p1|Delphox, L50, M, shiny|
|poke|p1|Dragonite, L50, M|
|poke|p1|Farigiraf, L50, M, shiny|
|poke|p1|Kingambit, L50, M, shiny|
|poke|p1|Sneasler, L50, M|
|poke|p1|Meowscarada, L50, F, shiny|
|poke|p2|Eelektross, L50, F|
|poke|p2|Espathra, L50, M|
|poke|p2|Incineroar, L50, M|
|poke|p2|Aerodactyl, L50, F|
|poke|p2|Mamoswine, L50, F|
|poke|p2|Maushold, L50|
|teampreview|4
|showteam|p1|Delphox||Delphoxite|Blaze|HeatWave,Psychic,Encore,Protect|Timid||M|||50|]Dragonite||Dragoninite|Multiscale|DracoMeteor,Thunder,Protect,Tailwind|Modest||M|||50|]Farigiraf||SitrusBerry|ArmorTail|Psychic,HelpingHand,TrickRoom,AllySwitch|Bold||M|||50|]Kingambit||OccaBerry|Defiant|KowtowCleave,SuckerPunch,IronHead,Protect|Adamant||M|||50|]Sneasler||WhiteHerb|Unburden|FakeOut,CloseCombat,DireClaw,Protect|Adamant||M|||50|]Meowscarada||ChoiceScarf|Protean|FlowerTrick,KnockOff,TripleAxel,LowKick|Adamant||F|||50|
|showteam|p2|Eelektross||Eelektrossite|Levitate|Thunderbolt,Flamethrower,GigaDrain,Protect|Modest||F|||50|]Espathra||MentalHerb|SpeedBoost|LuminaCrash,CalmMind,BatonPass,Protect|Timid||M|||50|]Incineroar||SitrusBerry|Intimidate|FakeOut,DarkestLariat,PartingShot,FlareBlitz|Careful||M|||50|]Aerodactyl||FocusSash|Unnerve|RockSlide,WideGuard,DualWingbeat,Tailwind|Jolly||F|||50|]Mamoswine||LifeOrb|Oblivious|IcicleSpear,IceShard,Earthquake,Protect|Adamant||F|||50|]Maushold||ChopleBerry|FriendGuard|SuperFang,FollowMe,Encore,Protect|Jolly|||||50|
|inactive|Battle timer is ON: inactive players will automatically lose when time's up. (requested by PokeMasterSteven5)
|inactive|HeroOfHydrangea has 60 seconds left.
|inactive|HeroOfHydrangea has 30 seconds left.
|
|t:|1783614105
|teamsize|p1|4
|teamsize|p2|4
|start
|switch|p1a: Sneasler|Sneasler, L50, M|100/100
|switch|p1b: Meowscarada|Meowscarada, L50, F, shiny|100/100
|switch|p2a: Espathra|Espathra, L50, M|100/100
|switch|p2b: Maushold|Maushold, L50|100/100
|turn|1
|
|t:|1783614125
|move|p2b: Maushold|Protect|p2b: Maushold
|-singleturn|p2b: Maushold|Protect
|move|p2a: Espathra|Protect|p2a: Espathra
|-singleturn|p2a: Espathra|Protect
|move|p1a: Sneasler|Fake Out|p2b: Maushold
|-activate|p2b: Maushold|move: Protect
|move|p1b: Meowscarada|Knock Off|p2a: Espathra
|-start|p1b: Meowscarada|typechange|Dark|[from] ability: Protean
|-activate|p2a: Espathra|move: Protect
|
|-ability|p2a: Espathra|Speed Boost|boost
|-boost|p2a: Espathra|spe|1
|upkeep
|turn|2
|inactive|HeroOfHydrangea has 30 seconds left.
|
|t:|1783614155
|switch|p1a: Farigiraf|Farigiraf, L50, M, shiny|100/100
|move|p2b: Maushold|Follow Me|p2b: Maushold
|-singleturn|p2b: Maushold|move: Follow Me
|move|p1b: Meowscarada|Knock Off|p2b: Maushold
|-damage|p2b: Maushold|38/100
|-enditem|p2b: Maushold|Chople Berry|[from] move: Knock Off|[of] p1b: Meowscarada
|move|p2a: Espathra|Calm Mind|p2a: Espathra
|-boost|p2a: Espathra|spa|1
|-boost|p2a: Espathra|spd|1
|
|-ability|p2a: Espathra|Speed Boost|boost
|-boost|p2a: Espathra|spe|1
|upkeep
|turn|3
|inactive|PokeMasterSteven5 has 30 seconds left.
|inactive|HeroOfHydrangea has 30 seconds left.
|
|t:|1783614189
|move|p2b: Maushold|Follow Me|p2b: Maushold
|-singleturn|p2b: Maushold|move: Follow Me
|move|p2a: Espathra|Calm Mind|p2a: Espathra
|-boost|p2a: Espathra|spa|1
|-boost|p2a: Espathra|spd|1
|move|p1b: Meowscarada|Knock Off|p2b: Maushold
|-damage|p2b: Maushold|0 fnt
|faint|p2b: Maushold
|move|p1a: Farigiraf|Trick Room|p1a: Farigiraf
|-fieldstart|move: Trick Room|[of] p1a: Farigiraf
|
|-ability|p2a: Espathra|Speed Boost|boost
|-boost|p2a: Espathra|spe|1
|upkeep
|
|t:|1783614204
|switch|p2b: Mamoswine|Mamoswine, L50, F|100/100
|turn|4
|
|t:|1783614218
|move|p2a: Espathra|Protect|p2a: Espathra
|-singleturn|p2a: Espathra|Protect
|move|p1a: Farigiraf|Ally Switch|p1a: Farigiraf
|swap|p1a: Farigiraf|1|[from] move: Ally Switch
|move|p2b: Mamoswine|Earthquake|p1b: Farigiraf|[spread] p1a,p1b
|-activate|p2a: Espathra|move: Protect
|-damage|p1a: Meowscarada|20/100y
|-damage|p1b: Farigiraf|59/100
|-damage|p2b: Mamoswine|90/100|[from] item: Life Orb
|move|p1a: Meowscarada|Knock Off|p2a: Espathra
|-activate|p2a: Espathra|move: Protect
|
|-ability|p2a: Espathra|Speed Boost|boost
|-boost|p2a: Espathra|spe|1
|upkeep
|turn|5
|
|t:|1783614241
|switch|p1a: Sneasler|Sneasler, L50, M|100/100
|move|p2b: Mamoswine|Ice Shard||[still]
|cant|p1b: Farigiraf|ability: Armor Tail|Ice Shard|[of] p2b: Mamoswine
|move|p1b: Farigiraf|Psychic|p2b: Mamoswine
|-damage|p2b: Mamoswine|42/100
|move|p2a: Espathra|Baton Pass|p2a: Espathra
|
|t:|1783614253
|switch|p2a: Eelektross|Eelektross, L50, F|100/100|[from] Baton Pass
|
|upkeep
|turn|6
|
|t:|1783614264
|detailschange|p2a: Eelektross|Eelektross-Mega, L50, F
|-mega|p2a: Eelektross|Eelektross|Eelektrossite
|move|p2b: Mamoswine|Protect|p2b: Mamoswine
|-singleturn|p2b: Mamoswine|Protect
|move|p1a: Sneasler|Protect|p1a: Sneasler
|-singleturn|p1a: Sneasler|Protect
|move|p2a: Eelektross|Protect|p2a: Eelektross
|-singleturn|p2a: Eelektross|Protect
|move|p1b: Farigiraf|Psychic|p2b: Mamoswine
|-activate|p2b: Mamoswine|move: Protect
|
|upkeep
|turn|7
|inactive|PokeMasterSteven5 has 30 seconds left.
|inactive|HeroOfHydrangea has 30 seconds left.
|inactive|HeroOfHydrangea has 20 seconds left.
|inactive|HeroOfHydrangea has 15 seconds left.
|
|t:|1783614307
|move|p1b: Farigiraf|Psychic|p2b: Mamoswine
|-damage|p2b: Mamoswine|0 fnt
|faint|p2b: Mamoswine
|move|p1a: Sneasler|Close Combat|p2a: Eelektross
|-damage|p2a: Eelektross|20/100y
|-unboost|p1a: Sneasler|def|1
|-unboost|p1a: Sneasler|spd|1
|-enditem|p1a: Sneasler|White Herb
|-clearnegativeboost|p1a: Sneasler|[silent]
|move|p2a: Eelektross|Thunderbolt|p1a: Sneasler
|-damage|p1a: Sneasler|0 fnt
|faint|p1a: Sneasler
|-ability|p2a: Eelektross|Eelevate|boost
|-boost|p2a: Eelektross|spa|1
|
|-fieldend|move: Trick Room
|upkeep
|
|t:|1783614321
|switch|p1a: Delphox|Delphox, L50, M, shiny|100/100
|switch|p2b: Espathra|Espathra, L50, M|100/100
|turn|8
|inactive|PokeMasterSteven5 has 30 seconds left.
|inactive|HeroOfHydrangea has 30 seconds left.
|inactive|HeroOfHydrangea has 20 seconds left.
|
|t:|1783614356
|detailschange|p1a: Delphox|Delphox-Mega, L50, M, shiny
|-mega|p1a: Delphox|Delphox|Delphoxite
|move|p1b: Farigiraf|Ally Switch|p1b: Farigiraf
|swap|p1b: Farigiraf|0|[from] move: Ally Switch
|move|p2a: Eelektross|Giga Drain|p1b: Delphox
|-resisted|p1b: Delphox|1
|-damage|p1b: Delphox|64/100
|-heal|p2a: Eelektross|36/100|[from] drain|[of] p1b: Delphox
|move|p1b: Delphox|Psychic|p2a: Eelektross
|-damage|p2a: Eelektross|6/100
|move|p2b: Espathra|Calm Mind|p2b: Espathra
|-boost|p2b: Espathra|spa|1
|-boost|p2b: Espathra|spd|1
|
|-ability|p2b: Espathra|Speed Boost|boost
|-boost|p2b: Espathra|spe|1
|upkeep
|turn|9
|inactive|PokeMasterSteven5 has 30 seconds left.
|
|t:|1783614389
|move|p2a: Eelektross|Protect|p2a: Eelektross
|-singleturn|p2a: Eelektross|Protect
|move|p1b: Delphox|Protect|p1b: Delphox
|-singleturn|p1b: Delphox|Protect
|move|p2b: Espathra|Lumina Crash|p1b: Delphox
|-activate|p1b: Delphox|move: Protect
|move|p1a: Farigiraf|Psychic|p2a: Eelektross
|-activate|p2a: Eelektross|move: Protect
|
|-ability|p2b: Espathra|Speed Boost|boost
|-boost|p2b: Espathra|spe|1
|upkeep
|turn|10
|
|t:|1783614404
|move|p1a: Farigiraf|Ally Switch|p1a: Farigiraf
|swap|p1a: Farigiraf|1|[from] move: Ally Switch
|move|p2a: Eelektross|Thunderbolt|p1a: Delphox
|-damage|p1a: Delphox|0 fnt
|faint|p1a: Delphox
|-ability|p2a: Eelektross|Eelevate|boost
|-boost|p2a: Eelektross|spa|1
|move|p2b: Espathra|Lumina Crash|p1b: Farigiraf
|-resisted|p1b: Farigiraf|1
|-damage|p1b: Farigiraf|41/100
|-unboost|p1b: Farigiraf|spd|2
|-enditem|p1b: Farigiraf|Sitrus Berry|[eat]
|-heal|p1b: Farigiraf|66/100|[from] item: Sitrus Berry
|
|-ability|p2b: Espathra|Speed Boost|boost
|-boost|p2b: Espathra|spe|1
|upkeep
|-message|PokeMasterSteven5 forfeited.
|
|win|HeroOfHydrangea
|l|☆PokeMasterSteven5
|player|p1|
||PokeMasterSteven5 is ready for game 3.
