|j|☆Terapapi_chulo
|j|☆Metallicmadness
|html|Terapapi_chuloMetallicmadness    
|uhtml|bestof|Game 2 of a best-of-3
|t:|1755191461
|gametype|doubles
|player|p1|Terapapi_chulo|266|1314
|player|p2|Metallicmadness|byron|1401
|gen|9
|tier|[Gen 9] VGC 2025 Reg H (Bo3)
|rated|
|rule|Species Clause: Limit one of each Pokémon
|rule|Item Clause: Limit 1 of each item
|clearpoke
|poke|p1|Annihilape, L50, M|
|poke|p1|Rillaboom, L50, M|
|poke|p1|Electabuzz, L50, F|
|poke|p1|Volcarona, L50, F|
|poke|p1|Dragonite, L50, F|
|poke|p1|Basculegion, L50, M|
|poke|p2|Volcarona, L50, M|
|poke|p2|Kilowattrel, L50, F|
|poke|p2|Politoed, L50, F|
|poke|p2|Rillaboom, L50, F|
|poke|p2|Archaludon, L50, M|
|poke|p2|Incineroar, L50, F|
|teampreview|4
|showteam|p1|Annihilape||FocusSash|Defiant|RageFist,CloseCombat,Taunt,FinalGambit|||M|||50|,,,,,Grass]Rillaboom||AssaultVest|GrassySurge|FakeOut,GrassyGlide,WoodHammer,Uturn|||M|||50|,,,,,Fire]Electabuzz||Eviolite|VitalSpirit|Protect,Taunt,FollowMe,Electroweb|||F|||50|,,,,,Bug]Volcarona||Leftovers|FlameBody|HeatWave,TeraBlast,QuiverDance,Protect|||F|||50|,,,,,Fairy]Dragonite||LoadedDice|Multiscale|ScaleShot,Tailwind,Haze,Protect|||F|||50|,,,,,Fairy]Basculegion||ChoiceScarf|Adaptability|WaveCrash,FlipTurn,LastRespects,AquaJet|||M|||50|,,,,,Grass
|showteam|p2|Volcarona||CovertCloak|FlameBody|HeatWave,QuiverDance,TeraBlast,RagePowder|||M|||50|,,,,,Fairy]Kilowattrel||FocusSash|Competitive|Hurricane,Tailwind,Discharge,Protect|||F|||50|,,,,,Electric]Politoed||SitrusBerry|Drizzle|MuddyWater,IceBeam,Protect,EarthPower|||F|||50|,,,,,Ground]Rillaboom||LoadedDice|GrassySurge|FakeOut,BulletSeed,HighHorsepower,GrassyGlide|||F|||50|,,,,,Stellar]Archaludon||AssaultVest|Stamina|BodyPress,DragonPulse,ElectroShot,FlashCannon|||M|||50|,,,,,Grass]Incineroar||SafetyGoggles|Intimidate|FakeOut,PartingShot,WillOWisp,KnockOff|||F|||50|,,,,,Ghost
|inactive|Battle timer is ON: inactive players will automatically lose when time's up. (requested by Metallicmadness)
|
|t:|1755191474
|teamsize|p1|4
|teamsize|p2|4
|start
|switch|p1a: Annihilape|Annihilape, L50, M|100/100
|switch|p1b: Volcarona|Volcarona, L50, F|100/100
|switch|p2a: Kilowattrel|Kilowattrel, L50, F|100/100
|switch|p2b: Rillaboom|Rillaboom, L50, F|100/100
|-fieldstart|move: Grassy Terrain|[from] ability: Grassy Surge|[of] p2b: Rillaboom
|turn|1
|inactive|Terapapi_chulo has 30 seconds left.
|
|t:|1755191505
|move|p1b: Volcarona|Protect|p1b: Volcarona
|-singleturn|p1b: Volcarona|Protect
|move|p2a: Kilowattrel|Tailwind|p2a: Kilowattrel
|-sidestart|p2: Metallicmadness|move: Tailwind
|move|p2b: Rillaboom|Bullet Seed|p1a: Annihilape
|-damage|p1a: Annihilape|79/100
|-damage|p1a: Annihilape|59/100
|-damage|p1a: Annihilape|37/100
|-damage|p1a: Annihilape|17/100
|-damage|p1a: Annihilape|0 fnt
|faint|p1a: Annihilape
|-hitcount|p1: Annihilape|5
|
|upkeep
|
|t:|1755191516
|switch|p1a: Electabuzz|Electabuzz, L50, F|100/100
|turn|2
|
|t:|1755191527
|move|p1a: Electabuzz|Follow Me|p1a: Electabuzz
|-singleturn|p1a: Electabuzz|move: Follow Me
|move|p2a: Kilowattrel|Hurricane|p1a: Electabuzz
|-resisted|p1a: Electabuzz
|-damage|p1a: Electabuzz|83/100
|-start|p1a: Electabuzz|confusion
|move|p2b: Rillaboom|Bullet Seed|p1a: Electabuzz
|-damage|p1a: Electabuzz|65/100
|-damage|p1a: Electabuzz|46/100
|-damage|p1a: Electabuzz|28/100
|-damage|p1a: Electabuzz|8/100
|-hitcount|p1a: Electabuzz|4
|move|p1b: Volcarona|Quiver Dance|p1b: Volcarona
|-boost|p1b: Volcarona|spa|1
|-boost|p1b: Volcarona|spd|1
|-boost|p1b: Volcarona|spe|1
|
|-heal|p1a: Electabuzz|14/100|[from] Grassy Terrain
|upkeep
|turn|3
|inactive|Terapapi_chulo has 30 seconds left.
|inactive|Metallicmadness has 30 seconds left.
|
|t:|1755191562
|switch|p2b: Politoed|Politoed, L50, F|100/100
|-weather|RainDance|[from] ability: Drizzle|[of] p2b: Politoed
|-activate|p1a: Electabuzz|confusion
|-damage|p1a: Electabuzz|6/100|[from] confusion
|move|p2a: Kilowattrel|Hurricane|p1a: Electabuzz
|-resisted|p1a: Electabuzz
|-damage|p1a: Electabuzz|0 fnt
|faint|p1a: Electabuzz
|move|p1b: Volcarona|Heat Wave|p2a: Kilowattrel|[spread] p2a,p2b
|-resisted|p2b: Politoed
|-damage|p2a: Kilowattrel|54/100
|-damage|p2b: Politoed|88/100
|
|-weather|RainDance|[upkeep]
|-heal|p2b: Politoed|94/100|[from] Grassy Terrain
|upkeep
|
|t:|1755191579
|switch|p1a: Dragonite|Dragonite, L50, F|100/100
|turn|4
|
|t:|1755191592
|-terastallize|p1b: Volcarona|Fairy
|-terastallize|p2b: Politoed|Ground
|move|p2a: Kilowattrel|Discharge|p1b: Volcarona|[spread] p1a,p1b
|-immune|p2b: Politoed
|-damage|p1a: Dragonite|87/100
|-damage|p1b: Volcarona|84/100
|-status|p1b: Volcarona|par
|move|p2b: Politoed|Ice Beam|p1a: Dragonite
|-supereffective|p1a: Dragonite
|-damage|p1a: Dragonite|0 fnt
|faint|p1a: Dragonite
|cant|p1b: Volcarona|par
|
|-weather|RainDance|[upkeep]
|-heal|p2b: Politoed|99/100|[from] Grassy Terrain
|-heal|p1b: Volcarona|91/100 par|[from] Grassy Terrain
|-heal|p1b: Volcarona|97/100 par|[from] item: Leftovers
|-sideend|p2: Metallicmadness|move: Tailwind
|upkeep
|turn|5
|
|t:|1755191611
|move|p2a: Kilowattrel|Tailwind|p2a: Kilowattrel
|-sidestart|p2: Metallicmadness|move: Tailwind
|move|p2b: Politoed|Muddy Water|p1b: Volcarona
|-damage|p1b: Volcarona|61/100 par
|move|p1b: Volcarona|Tera Blast|p2a: Kilowattrel|[anim] Tera Blast Fairy
|-damage|p2a: Kilowattrel|0 fnt
|faint|p2a: Kilowattrel
|
|-weather|RainDance|[upkeep]
|-heal|p2b: Politoed|100/100|[from] Grassy Terrain
|-heal|p1b: Volcarona|67/100 par|[from] Grassy Terrain
|-heal|p1b: Volcarona|73/100 par|[from] item: Leftovers
|-fieldend|move: Grassy Terrain
|upkeep
|
|t:|1755191618
|switch|p2a: Rillaboom|Rillaboom, L50, F|100/100
|-fieldstart|move: Grassy Terrain|[from] ability: Grassy Surge|[of] p2a: Rillaboom
|turn|6
|-message|Terapapi_chulo forfeited.
|
|win|Metallicmadness
|raw|Terapapi_chulo's rating: 1314 → 1299(-15 for losing)
|raw|Metallicmadness's rating: 1401 → 1416(+15 for winning)
|l|☆Terapapi_chulo
|player|p1|
|l|☆Metallicmadness
|player|p2|
|j|☆Terapapi_chulo
|player|p1|Terapapi_chulo|266|
