|j|☆duende tester
|j|☆jqrzzz
|html|duende testerjqrzzz    
|uhtml|bestof|Game 2 of a best-of-3
|t:|1782644911
|gametype|doubles
|player|p1|duende tester|266|1223
|player|p2|jqrzzz|266|1177
|gen|9
|tier|[Gen 9 Champions] VGC 2026 Reg M-B (Bo3)
|rated|
|rule|Species Clause: Limit one of each Pokémon
|rule|Item Clause: Limit 1 of each item
|clearpoke
|poke|p1|Staraptor, L50, M|
|poke|p1|Grimmsnarl, L50, M|
|poke|p1|Pelipper, L50, M|
|poke|p1|Archaludon, L50, F|
|poke|p1|Gholdengo, L50|
|poke|p1|Venusaur, L50, F|
|poke|p2|Raichu, L50, F, shiny|
|poke|p2|Whimsicott, L50, F|
|poke|p2|Tsareena, L50, F|
|poke|p2|Ceruledge, L50, F, shiny|
|poke|p2|Sinistcha, L50|
|poke|p2|Kingambit, L50, M, shiny|
|teampreview|4
|showteam|p1|Staraptor||Staraptite|Intimidate|BraveBird,CloseCombat,Roost,Protect|Adamant||M|||50|]Grimmsnarl||LightClay|Prankster|SpiritBreak,PartingShot,LightScreen,Reflect|Careful||M|||50|]Pelipper||FocusSash|Drizzle|Hurricane,WeatherBall,Tailwind,WideGuard|Modest||M|||50|]Archaludon||Leftovers|Stamina|ElectroShot,DragonPulse,FlashCannon,Protect|Modest||F|||50|]Gholdengo||ChoiceScarf|GoodasGold|MakeItRain,ShadowBall,PowerGem,Thunderbolt|Modest|||||50|]Venusaur||Venusaurite|Overgrow|SludgeBomb,EarthPower,GigaDrain,Protect|Modest||F|||50|
|showteam|p2|Raichu||RaichuniteY|LightningRod|ZapCannon,FocusBlast,Encore,Protect|Timid||F|||50|]Whimsicott||FairyFeather|Prankster|Moonblast,Encore,Tailwind,Protect|Modest||F|||50|]Tsareena||ChoiceScarf|QueenlyMajesty|Uturn,TripleAxel,KnockOff,PowerWhip|Adamant||F|||50|]Ceruledge||Leftovers|FlashFire|BitterBlade,ShadowSneak,BulkUp,Protect|Adamant||F|||50|]Sinistcha||SitrusBerry|Hospitality|MatchaGotcha,RagePowder,LifeDew,CalmMind|Relaxed|||||50|]Kingambit||FocusSash|Defiant|IronHead,KowtowCleave,SuckerPunch,LowKick|Adamant||M|||50|
|inactive|Battle timer is ON: inactive players will automatically lose when time's up. (requested by jqrzzz)
|
|t:|1782644936
|teamsize|p1|4
|teamsize|p2|4
|start
|switch|p1a: Grimmsnarl|Grimmsnarl, L50, M|100/100
|switch|p1b: Staraptor|Staraptor, L50, M|100/100
|switch|p2a: Raichu|Raichu, L50, F, shiny|100/100
|switch|p2b: Whimsicott|Whimsicott, L50, F|100/100
|-ability|p1b: Staraptor|Intimidate|boost
|-unboost|p2a: Raichu|atk|1
|-unboost|p2b: Whimsicott|atk|1
|turn|1
|inactive|duende tester has 30 seconds left.
|inactive|duende tester has 20 seconds left.
|
|t:|1782644972
|detailschange|p2a: Raichu|Raichu-Mega-Y, L50, F, shiny
|-mega|p2a: Raichu|Raichu|Raichunite Y
|move|p1b: Staraptor|Protect|p1b: Staraptor
|-singleturn|p1b: Staraptor|Protect
|move|p2a: Raichu|Zap Cannon|p1b: Staraptor
|-activate|p1b: Staraptor|move: Protect
|move|p2b: Whimsicott|Moonblast|p1a: Grimmsnarl
|-supereffective|p1a: Grimmsnarl|1
|-damage|p1a: Grimmsnarl|19/100
|move|p1a: Grimmsnarl|Spirit Break|p2a: Raichu
|-damage|p2a: Raichu|40/100
|-unboost|p2a: Raichu|spa|1
|
|upkeep
|turn|2
|inactive|jqrzzz has 30 seconds left.
|
|t:|1782645003
|switch|p1b: Venusaur|Venusaur, L50, F|100/100
|move|p2b: Whimsicott|Tailwind|p2b: Whimsicott
|-sidestart|p2: jqrzzz|move: Tailwind
|move|p1a: Grimmsnarl|Light Screen|p1a: Grimmsnarl
|-sidestart|p1: duende tester|move: Light Screen
|move|p2a: Raichu|Encore||[still]
|-fail|p2a: Raichu
|
|upkeep
|turn|3
|inactive|duende tester has 30 seconds left.
|inactive|jqrzzz has 30 seconds left.
|
|t:|1782645036
|switch|p2b: Sinistcha|Sinistcha, L50|100/100
|-heal|p2a: Raichu|64/100|[from] ability: Hospitality|[of] p2b: Sinistcha
|detailschange|p1b: Venusaur|Venusaur-Mega, L50, F
|-mega|p1b: Venusaur|Venusaur|Venusaurite
|move|p1a: Grimmsnarl|Light Screen||[still]
|-fail|p1a: Grimmsnarl
|move|p2a: Raichu|Zap Cannon|p1b: Venusaur
|-resisted|p1b: Venusaur|1
|-damage|p1b: Venusaur|84/100
|-status|p1b: Venusaur|par
|move|p1b: Venusaur|Earth Power|p2a: Raichu
|-supereffective|p2a: Raichu|1
|-damage|p2a: Raichu|0 fnt
|faint|p2a: Raichu
|
|upkeep
|
|t:|1782645052
|switch|p2a: Whimsicott|Whimsicott, L50, F|100/100
|turn|4
|
|t:|1782645072
|move|p2a: Whimsicott|Encore|p1b: Venusaur
|-start|p1b: Venusaur|Encore
|move|p1a: Grimmsnarl|Parting Shot|p2a: Whimsicott
|-unboost|p2a: Whimsicott|atk|1
|-unboost|p2a: Whimsicott|spa|1
|
|t:|1782645077
|switch|p1a: Gholdengo|Gholdengo, L50|100/100|[from] Parting Shot
|move|p2b: Sinistcha|Calm Mind|p2b: Sinistcha
|-boost|p2b: Sinistcha|spa|1
|-boost|p2b: Sinistcha|spd|1
|move|p1b: Venusaur|Earth Power|p2b: Sinistcha
|-resisted|p2b: Sinistcha|1
|-damage|p2b: Sinistcha|88/100
|
|upkeep
|turn|5
|
|t:|1782645101
|move|p2a: Whimsicott|Moonblast|p1a: Gholdengo
|-resisted|p1a: Gholdengo|1
|-damage|p1a: Gholdengo|89/100
|move|p1a: Gholdengo|Shadow Ball|p2a: Whimsicott
|-damage|p2a: Whimsicott|27/100
|move|p2b: Sinistcha|Calm Mind|p2b: Sinistcha
|-boost|p2b: Sinistcha|spa|1
|-boost|p2b: Sinistcha|spd|1
|move|p1b: Venusaur|Earth Power|p2a: Whimsicott
|-resisted|p2a: Whimsicott|1
|-damage|p2a: Whimsicott|0 fnt
|faint|p2a: Whimsicott
|
|-sideend|p2: jqrzzz|move: Tailwind
|upkeep
|
|t:|1782645111
|switch|p2a: Ceruledge|Ceruledge, L50, F, shiny|100/100
|turn|6
|
|t:|1782645130
|switch|p1b: Grimmsnarl|Grimmsnarl, L50, M|19/100
|move|p2b: Sinistcha|Rage Powder|p2b: Sinistcha
|-singleturn|p2b: Sinistcha|move: Rage Powder
|move|p1a: Gholdengo|Shadow Ball|p2b: Sinistcha
|-supereffective|p2b: Sinistcha|1
|-damage|p2b: Sinistcha|40/100
|-enditem|p2b: Sinistcha|Sitrus Berry|[eat]
|-heal|p2b: Sinistcha|65/100|[from] item: Sitrus Berry
|move|p2a: Ceruledge|Bulk Up|p2a: Ceruledge
|-boost|p2a: Ceruledge|atk|1
|-boost|p2a: Ceruledge|def|1
|
|upkeep
|turn|7
|
|t:|1782645146
|move|p2a: Ceruledge|Protect|p2a: Ceruledge
|-singleturn|p2a: Ceruledge|Protect
|move|p1b: Grimmsnarl|Reflect|p1b: Grimmsnarl
|-sidestart|p1: duende tester|Reflect
|move|p1a: Gholdengo|Shadow Ball|p2b: Sinistcha
|-supereffective|p2b: Sinistcha|1
|-damage|p2b: Sinistcha|21/100
|move|p2b: Sinistcha|Matcha Gotcha|p1b: Grimmsnarl|[spread] p1a,p1b
|-resisted|p1a: Gholdengo|1
|-damage|p1a: Gholdengo|72/100
|-heal|p2b: Sinistcha|29/100|[from] drain|[of] p1a: Gholdengo
|-damage|p1b: Grimmsnarl|0 fnt
|-heal|p2b: Sinistcha|40/100|[from] drain|[of] p1b: Grimmsnarl
|faint|p1b: Grimmsnarl
|
|upkeep
|
|t:|1782645169
|switch|p1b: Staraptor|Staraptor, L50, M|100/100
|-ability|p1b: Staraptor|Intimidate|boost
|-unboost|p2a: Ceruledge|atk|1
|-unboost|p2b: Sinistcha|atk|1
|turn|8
|
|t:|1782645184
|move|p1a: Gholdengo|Shadow Ball|p2b: Sinistcha
|-supereffective|p2b: Sinistcha|1
|-damage|p2b: Sinistcha|0 fnt
|faint|p2b: Sinistcha
|move|p1b: Staraptor|Brave Bird|p2a: Ceruledge
|-damage|p2a: Ceruledge|51/100
|-damage|p1b: Staraptor|81/100|[from] Recoil
|move|p2a: Ceruledge|Bitter Blade|p1a: Gholdengo
|-supereffective|p1a: Gholdengo|1
|-damage|p1a: Gholdengo|0 fnt
|-heal|p2a: Ceruledge|86/100|[from] drain|[of] p1a: Gholdengo
|faint|p1a: Gholdengo
|
|-heal|p2a: Ceruledge|92/100|[from] item: Leftovers
|upkeep
|
|t:|1782645197
|switch|p1a: Venusaur|Venusaur-Mega, L50, F|84/100 par
|turn|9
|
|t:|1782645209
|move|p2a: Ceruledge|Protect|p2a: Ceruledge
|-singleturn|p2a: Ceruledge|Protect
|move|p1b: Staraptor|Brave Bird|p2a: Ceruledge
|-activate|p2a: Ceruledge|move: Protect
|move|p1a: Venusaur|Earth Power|p2a: Ceruledge
|-activate|p2a: Ceruledge|move: Protect
|
|-heal|p2a: Ceruledge|98/100|[from] item: Leftovers
|-sideend|p1: duende tester|move: Light Screen
|upkeep
|turn|10
|
|t:|1782645223
|move|p1b: Staraptor|Brave Bird|p2a: Ceruledge
|-damage|p2a: Ceruledge|48/100
|-damage|p1b: Staraptor|63/100|[from] Recoil
|move|p2a: Ceruledge|Bitter Blade|p1b: Staraptor
|-damage|p1b: Staraptor|14/100
|-heal|p2a: Ceruledge|70/100|[from] drain|[of] p1b: Staraptor
|move|p1a: Venusaur|Earth Power|p2a: Ceruledge
|-supereffective|p2a: Ceruledge|1
|-damage|p2a: Ceruledge|1/100
|
|-heal|p2a: Ceruledge|7/100|[from] item: Leftovers
|upkeep
|turn|11
|
|t:|1782645243
|move|p2a: Ceruledge|Shadow Sneak|p1b: Staraptor
|-immune|p1b: Staraptor
|move|p1b: Staraptor|Brave Bird|p2a: Ceruledge
|-crit|p2a: Ceruledge
|-damage|p2a: Ceruledge|0 fnt
|faint|p2a: Ceruledge
|-damage|p1b: Staraptor|11/100|[from] Recoil
|
|win|duende tester
||jqrzzz is ready for game 3.
|l|☆jqrzzz
|player|p2|
|inactive|duende tester has 30 seconds to confirm battle start!
||duende tester is ready for game 3.
|uhtml|next|Next: Game 3 of 3
