|j|☆Snipershadow_27
|j|☆K-TrachoVgc2189
|html|Snipershadow_27K-TrachoVgc2189    
|uhtml|bestof|Game 2 of a best-of-3
|t:|1783187195
|gametype|doubles
|player|p1|Snipershadow_27|ghetsis|1000
|player|p2|K-TrachoVgc2189|101|1043
|gen|9
|tier|[Gen 9 Champions] VGC 2026 Reg M-B (Bo3)
|rated|
|rule|Species Clause: Limit one of each Pokémon
|rule|Item Clause: Limit 1 of each item
|clearpoke
|poke|p1|Pelipper, L50, M|
|poke|p1|Swampert, L50, M|
|poke|p1|Incineroar, L50, F|
|poke|p1|Floette-Eternal, L50, F|
|poke|p1|Sinistcha, L50|
|poke|p1|Sneasler, L50, F|
|poke|p2|Incineroar, L50, M|
|poke|p2|Farigiraf, L50, F|
|poke|p2|Torkoal, L50, F|
|poke|p2|Maushold, L50|
|poke|p2|Mawile, L50, M|
|poke|p2|Pyroar, L50, M|
|teampreview|4
|showteam|p1|Pelipper||FocusSash|Drizzle|Tailwind,Protect,Hurricane,KnockOff|Calm||M|||50|]Swampert||Swampertite|Torrent|WaveCrash,FlipTurn,Earthquake,Protect|Jolly||M|||50|]Incineroar||BrightPowder|Intimidate|FakeOut,FlareBlitz,PartingShot,DarkestLariat|Careful||F|||50|]Floette-Eternal||Floettite|FlowerVeil|LightofRuin,DazzlingGleam,CalmMind,GigaDrain|Modest||F|||50|]Sinistcha||SitrusBerry|Hospitality|MatchaGotcha,RagePowder,LifeDew,Protect|Calm|||||50|]Sneasler||WhiteHerb|Unburden|CloseCombat,DireClaw,FakeOut,Protect|Jolly||F|||50|
|showteam|p2|Incineroar||WhiteHerb|Intimidate|FakeOut,FlareBlitz,DarkestLariat,CloseCombat|Brave||M|||50|]Farigiraf||SitrusBerry|ArmorTail|TwinBeam,HelpingHand,TrickRoom,Protect|Bold||F|||50|]Torkoal||Charcoal|Drought|Eruption,WeatherBall,HelpingHand,Protect|Modest||F|||50|]Maushold||WideLens|Technician|PopulationBomb,Charm,FollowMe,Protect|Jolly|||||50|]Mawile||Mawilite|Intimidate|PlayRough,SuckerPunch,SwordsDance,Protect|Adamant||M|||50|]Pyroar||Pyroarite|Unnerve|Overheat,HeatWave,SolarBeam,Protect|Timid||M|||50|
|
|t:|1783187218
|teamsize|p1|4
|teamsize|p2|4
|start
|switch|p1a: Incineroar|Incineroar, L50, F|100/100
|switch|p1b: Sinistcha|Sinistcha, L50|100/100
|switch|p2a: Farigiraf|Farigiraf, L50, F|100/100
|switch|p2b: Maushold|Maushold, L50|100/100
|-ability|p1a: Incineroar|Intimidate|boost
|-unboost|p2a: Farigiraf|atk|1
|-unboost|p2b: Maushold|atk|1
|turn|1
|
|t:|1783187238
|move|p2a: Farigiraf|Helping Hand|p2b: Maushold
|-singleturn|p2b: Maushold|Helping Hand|[of] p2a: Farigiraf
|move|p2b: Maushold|Population Bomb|p1a: Incineroar
|-damage|p1a: Incineroar|88/100
|-damage|p1a: Incineroar|76/100
|-damage|p1a: Incineroar|64/100
|-damage|p1a: Incineroar|51/100
|-crit|p1a: Incineroar
|-damage|p1a: Incineroar|23/100
|-hitcount|p1a: Incineroar|5
|move|p1b: Sinistcha|Matcha Gotcha|p2a: Farigiraf|[spread] p2a,p2b
|-damage|p2a: Farigiraf|73/100
|-damage|p2b: Maushold|59/100
|move|p1a: Incineroar|Darkest Lariat|p2a: Farigiraf
|-supereffective|p2a: Farigiraf|1
|-damage|p2a: Farigiraf|18/100
|-enditem|p2a: Farigiraf|Sitrus Berry|[eat]
|-heal|p2a: Farigiraf|42/100|[from] item: Sitrus Berry
|
|upkeep
|turn|2
|
|t:|1783187267
|move|p2b: Maushold|Population Bomb|p1a: Incineroar
|-damage|p1a: Incineroar|14/100
|-hitcount|p1a: Incineroar|1
|move|p1b: Sinistcha|Life Dew||[still]|[spread] p1a,p1b
|-heal|p1a: Incineroar|40/100
|-fail|p1b: Sinistcha|heal
|move|p1a: Incineroar|Darkest Lariat|p2a: Farigiraf
|-supereffective|p2a: Farigiraf|1
|-damage|p2a: Farigiraf|0 fnt
|faint|p2a: Farigiraf
|
|upkeep
|
|t:|1783187277
|switch|p2a: Mawile|Mawile, L50, M|100/100
|-ability|p2a: Mawile|Intimidate|boost
|-unboost|p1a: Incineroar|atk|1
|-unboost|p1b: Sinistcha|atk|1
|turn|3
|
|t:|1783187289
|detailschange|p2a: Mawile|Mawile-Mega, L50, M
|-mega|p2a: Mawile|Mawile|Mawilite
|move|p1b: Sinistcha|Rage Powder|p1b: Sinistcha
|-singleturn|p1b: Sinistcha|move: Rage Powder
|move|p2b: Maushold|Population Bomb|p1b: Sinistcha
|-immune|p1b: Sinistcha
|move|p1a: Incineroar|Flare Blitz|p2a: Mawile
|-supereffective|p2a: Mawile|1
|-damage|p2a: Mawile|33/100
|-damage|p1a: Incineroar|22/100|[from] Recoil
|move|p2a: Mawile|Play Rough|p1b: Sinistcha
|-damage|p1b: Sinistcha|19/100
|-enditem|p1b: Sinistcha|Sitrus Berry|[eat]
|-heal|p1b: Sinistcha|44/100|[from] item: Sitrus Berry
|
|upkeep
|turn|4
|
|t:|1783187307
|move|p1b: Sinistcha|Protect|p1b: Sinistcha
|-singleturn|p1b: Sinistcha|Protect
|move|p2b: Maushold|Follow Me|p2b: Maushold
|-singleturn|p2b: Maushold|move: Follow Me
|move|p1a: Incineroar|Parting Shot|p2b: Maushold
|-unboost|p2b: Maushold|atk|1
|-unboost|p2b: Maushold|spa|1
|
|t:|1783187322
|switch|p1a: Pelipper|Pelipper, L50, M|100/100|[from] Parting Shot
|-weather|RainDance|[from] ability: Drizzle|[of] p1a: Pelipper
|move|p2a: Mawile|Swords Dance|p2a: Mawile
|-boost|p2a: Mawile|atk|2
|
|-weather|RainDance|[upkeep]
|upkeep
|turn|5
|inactive|Battle timer is ON: inactive players will automatically lose when time's up. (requested by Snipershadow_27)
|inactive|K-TrachoVgc2189 has 60 seconds left.
|
|t:|1783187410
|move|p1b: Sinistcha|Rage Powder|p1b: Sinistcha
|-singleturn|p1b: Sinistcha|move: Rage Powder
|move|p2b: Maushold|Population Bomb|p1b: Sinistcha
|-immune|p1b: Sinistcha
|move|p1a: Pelipper|Tailwind|p1a: Pelipper
|-sidestart|p1: Snipershadow_27|move: Tailwind
|move|p2a: Mawile|Play Rough|p1b: Sinistcha
|-damage|p1b: Sinistcha|0 fnt
|faint|p1b: Sinistcha
|
|-weather|RainDance|[upkeep]
|upkeep
|
|t:|1783187423
|switch|p1b: Swampert|Swampert, L50, M|100/100
|turn|6
|
|t:|1783187444
|detailschange|p1b: Swampert|Swampert-Mega, L50, M
|-mega|p1b: Swampert|Swampert|Swampertite
|move|p2b: Maushold|Follow Me|p2b: Maushold
|-singleturn|p2b: Maushold|move: Follow Me
|move|p2a: Mawile|Sucker Punch|p1b: Swampert
|-crit|p1b: Swampert
|-damage|p1b: Swampert|0 fnt
|faint|p1b: Swampert
|move|p1a: Pelipper|Knock Off|p2b: Maushold
|-damage|p2b: Maushold|39/100
|-enditem|p2b: Maushold|Wide Lens|[from] move: Knock Off|[of] p1a: Pelipper
|
|-weather|RainDance|[upkeep]
|upkeep
|inactive|Snipershadow_27 has 30 seconds left.
|
|t:|1783187471
|switch|p1b: Incineroar|Incineroar, L50, F|22/100
|-ability|p1b: Incineroar|Intimidate|boost
|-unboost|p2a: Mawile|atk|1
|-unboost|p2b: Maushold|atk|1
|turn|7
|
|t:|1783187482
|move|p1b: Incineroar|Fake Out|p2a: Mawile
|-resisted|p2a: Mawile|1
|-damage|p2a: Mawile|28/100
|move|p2b: Maushold|Follow Me|p2b: Maushold
|-singleturn|p2b: Maushold|move: Follow Me
|move|p1a: Pelipper|Hurricane|p2b: Maushold
|-damage|p2b: Maushold|0 fnt
|faint|p2b: Maushold
|cant|p2a: Mawile|flinch
|
|-weather|RainDance|[upkeep]
|upkeep
|
|t:|1783187497
|switch|p2b: Torkoal|Torkoal, L50, F|100/100
|-weather|SunnyDay|[from] ability: Drought|[of] p2b: Torkoal
|turn|8
|
|t:|1783187508
|move|p2a: Mawile|Sucker Punch|p1b: Incineroar
|-resisted|p1b: Incineroar|1
|-damage|p1b: Incineroar|0 fnt
|faint|p1b: Incineroar
|move|p1a: Pelipper|Knock Off|p2b: Torkoal
|-damage|p2b: Torkoal|90/100
|-enditem|p2b: Torkoal|Charcoal|[from] move: Knock Off|[of] p1a: Pelipper
|move|p2b: Torkoal|Weather Ball|p1a: Pelipper
|-resisted|p1a: Pelipper|1
|-crit|p1a: Pelipper
|-damage|p1a: Pelipper|45/100
|
|-weather|SunnyDay|[upkeep]
|-sideend|p1: Snipershadow_27|move: Tailwind
|upkeep
|turn|9
|-message|Snipershadow_27 forfeited.
|
|win|K-TrachoVgc2189
|raw|Snipershadow_27's rating: 1000 → 1000(+0 for losing)
|raw|K-TrachoVgc2189's rating: 1043 → 1072(+29 for winning)
|l|☆Snipershadow_27
|player|p1|
