|j|☆wenas noches 2
|j|☆caevz027
|html|wenas noches 2caevz027    
|uhtml|bestof|Game 1 of a best-of-3
|t:|1784924093
|gametype|doubles
|player|p1|wenas noches 2|101|1092
|player|p2|caevz027|1|1126
|gen|9
|tier|[Gen 9 Champions] VGC 2026 Reg M-B (Bo3)
|rated|
|rule|Species Clause: Limit one of each Pokémon
|rule|Item Clause: Limit 1 of each item
|clearpoke
|poke|p1|Gholdengo, L50|
|poke|p1|Milotic, L50, F|
|poke|p1|Farigiraf, L50, M|
|poke|p1|Whimsicott, L50, F|
|poke|p1|Garchomp, L50, F|
|poke|p1|Hawlucha, L50, M|
|poke|p2|Corviknight, L50, M|
|poke|p2|Garchomp, L50, F|
|poke|p2|Tyranitar, L50, M|
|poke|p2|Raichu, L50, F|
|poke|p2|Sylveon, L50, F|
|poke|p2|Sinistcha-Masterpiece, L50|
|teampreview|4
|showteam|p1|Gholdengo||LifeOrb|GoodasGold|Protect,NastyPlot,MakeItRain,ShadowBall|Bold|||||50|]Milotic||ChoiceScarf|Competitive|Scald,IcyWind,IceBeam,AlluringVoice|Timid||F|||50|]Farigiraf||SitrusBerry|ArmorTail|TwinBeam,AllySwitch,TrickRoom,HelpingHand|Relaxed||M|||50|]Whimsicott||FocusSash|Prankster|Tailwind,Moonblast,WorrySeed,FakeTears|Modest||F|||50|]Garchomp||WhiteHerb|RoughSkin|DragonClaw,StompingTantrum,Protect,RockSlide|Adamant||F|||50|]Hawlucha||Hawluchanite|Limber|RockSlide,DualWingbeat,CrossChop,Detect|Jolly||M|||50|
|showteam|p2|Corviknight||Leftovers|MirrorArmor|BraveBird,IronHead,Tailwind,Protect|Adamant||M|||50|]Garchomp||SitrusBerry|RoughSkin|DragonClaw,StompingTantrum,RockSlide,Protect|Adamant||F|||50|]Tyranitar||FocusSash|SandStream|RockSlide,KnockOff,LowKick,Protect|Adamant||M|||50|]Raichu||RaichuniteY|Static|ZapCannon,FocusBlast,FakeOut,Protect|Timid||F|||50|]Sylveon||FairyFeather|Pixilate|HyperVoice,Yawn,QuickAttack,Protect|Modest||F|||50|]Sinistcha-Masterpiece||KasibBerry|Hospitality|MatchaGotcha,ShadowBall,RagePowder,Protect|Modest|||||50|
|
|t:|1784924120
|teamsize|p1|4
|teamsize|p2|4
|start
|switch|p1a: Hawlucha|Hawlucha, L50, M|100/100
|switch|p1b: Garchomp|Garchomp, L50, F|100/100
|switch|p2a: Corviknight|Corviknight, L50, M|100/100
|switch|p2b: Raichu|Raichu, L50, F|100/100
|turn|1
|
|t:|1784924139
|switch|p2b: Garchomp|Garchomp, L50, F|100/100
|switch|p1b: Farigiraf|Farigiraf, L50, M|100/100
|detailschange|p1a: Hawlucha|Hawlucha-Mega, L50, M
|-mega|p1a: Hawlucha|Hawlucha|Hawluchanite
|move|p1a: Hawlucha|Cross Chop|p2b: Garchomp
|-damage|p2b: Garchomp|50/100g
|-damage|p1a: Hawlucha|87/100|[from] ability: Rough Skin|[of] p2b: Garchomp
|move|p2a: Corviknight|Tailwind|p2a: Corviknight
|-sidestart|p2: caevz027|move: Tailwind
|
|upkeep
|turn|2
|
|t:|1784924157
|move|p1a: Hawlucha|Detect|p1a: Hawlucha
|-singleturn|p1a: Hawlucha|Protect
|move|p2b: Garchomp|Dragon Claw|p1b: Farigiraf
|-damage|p1b: Farigiraf|68/100
|move|p2a: Corviknight|Brave Bird|p1b: Farigiraf
|-damage|p1b: Farigiraf|28/100
|-enditem|p1b: Farigiraf|Sitrus Berry|[eat]
|-heal|p1b: Farigiraf|53/100|[from] item: Sitrus Berry
|-damage|p2a: Corviknight|84/100|[from] Recoil
|move|p1b: Farigiraf|Trick Room|p1b: Farigiraf
|-fieldstart|move: Trick Room|[of] p1b: Farigiraf
|
|-heal|p2a: Corviknight|90/100|[from] item: Leftovers
|upkeep
|turn|3
|
|t:|1784924176
|switch|p1b: Garchomp|Garchomp, L50, F|100/100
|move|p2b: Garchomp|Protect|p2b: Garchomp
|-singleturn|p2b: Garchomp|Protect
|move|p1a: Hawlucha|Cross Chop|p2b: Garchomp
|-activate|p2b: Garchomp|move: Protect
|move|p2a: Corviknight|Brave Bird|p1a: Hawlucha
|-supereffective|p1a: Hawlucha|1
|-damage|p1a: Hawlucha|0 fnt
|faint|p1a: Hawlucha
|-damage|p2a: Corviknight|67/100|[from] Recoil
|
|-heal|p2a: Corviknight|73/100|[from] item: Leftovers
|upkeep
|
|t:|1784924184
|switch|p1a: Gholdengo|Gholdengo, L50|100/100
|turn|4
|
|t:|1784924195
|move|p1a: Gholdengo|Nasty Plot|p1a: Gholdengo
|-boost|p1a: Gholdengo|spa|2
|move|p1b: Garchomp|Dragon Claw|p2b: Garchomp
|-supereffective|p2b: Garchomp|1
|-damage|p2b: Garchomp|0 fnt
|-damage|p1b: Garchomp|87/100|[from] ability: Rough Skin|[of] p2b: Garchomp
|faint|p2b: Garchomp
|move|p2a: Corviknight|Iron Head|p1b: Garchomp
|-damage|p1b: Garchomp|55/100
|-damage|p2a: Corviknight|60/100|[from] ability: Rough Skin|[of] p1b: Garchomp
|
|-heal|p2a: Corviknight|67/100|[from] item: Leftovers
|-sideend|p2: caevz027|move: Tailwind
|upkeep
|
|t:|1784924208
|switch|p2b: Tyranitar|Tyranitar, L50, M|100/100
|-weather|Sandstorm|[from] ability: Sand Stream|[of] p2b: Tyranitar
|turn|5
|
|t:|1784924219
|move|p2a: Corviknight|Iron Head|p1b: Garchomp
|-damage|p1b: Garchomp|22/100
|-damage|p2a: Corviknight|54/100|[from] ability: Rough Skin|[of] p1b: Garchomp
|move|p1a: Gholdengo|Shadow Ball|p2a: Corviknight
|-damage|p2a: Corviknight|0 fnt
|faint|p2a: Corviknight
|-damage|p1a: Gholdengo|90/100|[from] item: Life Orb
|move|p2b: Tyranitar|Knock Off|p1b: Garchomp
|-damage|p1b: Garchomp|0 fnt
|-damage|p2b: Tyranitar|88/100|[from] ability: Rough Skin|[of] p1b: Garchomp
|-enditem|p1b: Garchomp|White Herb|[from] move: Knock Off|[of] p2b: Tyranitar
|faint|p1b: Garchomp
|
|-weather|Sandstorm|[upkeep]
|upkeep
|
|t:|1784924234
|switch|p2a: Raichu|Raichu, L50, F|100/100
|switch|p1b: Farigiraf|Farigiraf, L50, M|53/100
|turn|6
|
|t:|1784924256
|move|p2b: Tyranitar|Protect|p2b: Tyranitar
|-singleturn|p2b: Tyranitar|Protect
|move|p2a: Raichu|Protect|p2a: Raichu
|-singleturn|p2a: Raichu|Protect
|move|p1b: Farigiraf|Twin Beam|p2a: Raichu
|-activate|p2a: Raichu|move: Protect
|move|p1a: Gholdengo|Make It Rain|p2b: Tyranitar|[spread] 
|-activate|p2a: Raichu|move: Protect
|-activate|p2b: Tyranitar|move: Protect
|
|-weather|Sandstorm|[upkeep]
|-damage|p1b: Farigiraf|47/100|[from] Sandstorm
|-damage|p2a: Raichu|94/100|[from] Sandstorm
|-fieldend|move: Trick Room
|upkeep
|turn|7
|
|t:|1784924274
|detailschange|p2a: Raichu|Raichu-Mega-Y, L50, F
|-mega|p2a: Raichu|Raichu|Raichunite Y
|move|p1b: Farigiraf|Ally Switch|p1b: Farigiraf
|swap|p1b: Farigiraf|0|[from] move: Ally Switch
|move|p2a: Raichu|Zap Cannon|p1a: Farigiraf
|-damage|p1a: Farigiraf|0 fnt
|faint|p1a: Farigiraf
|move|p2b: Tyranitar|Knock Off|p1b: Gholdengo
|-supereffective|p1b: Gholdengo|1
|-damage|p1b: Gholdengo|0 fnt
|-enditem|p1b: Gholdengo|Life Orb|[from] move: Knock Off|[of] p2b: Tyranitar
|faint|p1b: Gholdengo
|
|win|caevz027
||wenas noches 2 is ready for game 2.
|inactive|caevz027 has 29 seconds to confirm battle start!
