|j|☆nagc_17
|j|☆Noyomi
|html|nagc_17Noyomi    
|uhtml|bestof|Game 1 of a best-of-3
|t:|1784253863
|gametype|doubles
|player|p1|nagc_17|scientist|
|player|p2|Noyomi|pokemonrangerf|
|gen|9
|tier|[Gen 9 Champions] VGC 2026 Reg M-B (Bo3)
|rule|Species Clause: Limit one of each Pokémon
|rule|Item Clause: Limit 1 of each item
|clearpoke
|poke|p1|Greninja, L50, F, shiny|
|poke|p1|Zoroark-Hisui, L50, M, shiny|
|poke|p1|Raichu-Alola, L50, M|
|poke|p1|Excadrill, L50, M|
|poke|p1|Corviknight, L50, F, shiny|
|poke|p1|Grimmsnarl, L50, M, shiny|
|poke|p2|Charizard, L50, M|
|poke|p2|Garchomp, L50, F|
|poke|p2|Sneasler, L50, M|
|poke|p2|Venusaur, L50, M|
|poke|p2|Milotic, L50, F|
|poke|p2|Ampharos, L50, M|
|teampreview|4
|showteam|p1|Greninja||Greninjite|Protean|HydroPump,DarkPulse,IceBeam,Protect|Timid||F|||50|]Zoroark-Hisui||ExpertBelt|Illusion|ShadowBall,HyperVoice,NastyPlot,Protect|Timid||M|||50|]Raichu-Alola||FocusSash|SurgeSurfer|FakeOut,Thunderbolt,Psychic,Protect|Timid||M|||50|]Excadrill||ShellBell|MoldBreaker|IronHead,HighHorsepower,RockSlide,Protect|Jolly||M|||50|]Corviknight||SitrusBerry|MirrorArmor|BraveBird,Tailwind,IronHead,Protect|Impish||F|||50|]Grimmsnarl|||Prankster|PlayRough,HammerArm,FoulPlay,BodySlam|Adamant||M|||50|
|showteam|p2|Charizard||CharizarditeY|Blaze|HeatWave,SolarBeam,Protect,ScorchingSands|Timid||M|||50|]Garchomp||SitrusBerry|RoughSkin|Earthquake,DragonClaw,Protect,RockSlide|Adamant||F|||50|]Sneasler||WhiteHerb|Unburden|CloseCombat,DireClaw,FakeOut,Protect|Adamant||M|||50|]Venusaur||FocusSash|Chlorophyll|SleepPowder,SludgeBomb,Protect,GigaDrain|Timid||M|||50|]Milotic||Leftovers|Competitive|Scald,IcyWind,Protect,LifeDew|Calm||F|||50|]Ampharos||Ampharosite|Static|DragonPulse,ParabolicCharge,Protect,HelpingHand|Modest||M|||50|
|
|t:|1784253907
|teamsize|p1|4
|teamsize|p2|4
|start
|switch|p1a: Corviknight|Corviknight, L50, F, shiny|100/100
|switch|p1b: Excadrill|Excadrill, L50, M|100/100
|switch|p2a: Milotic|Milotic, L50, F|100/100
|switch|p2b: Ampharos|Ampharos, L50, M|100/100
|-ability|p1b: Excadrill|Mold Breaker
|turn|1
|
|t:|1784253933
|detailschange|p2b: Ampharos|Ampharos-Mega, L50, M
|-mega|p2b: Ampharos|Ampharos|Ampharosite
|-ability|p2b: Ampharos|Mold Breaker
|move|p1b: Excadrill|High Horsepower|p2b: Ampharos
|-supereffective|p2b: Ampharos|1
|-damage|p2b: Ampharos|11/100
|move|p2a: Milotic|Scald|p1b: Excadrill
|-supereffective|p1b: Excadrill|1
|-damage|p1b: Excadrill|27/100
|move|p1a: Corviknight|Tailwind|p1a: Corviknight
|-sidestart|p1: nagc_17|move: Tailwind
|move|p2b: Ampharos|Dragon Pulse|p1a: Corviknight
|-resisted|p1a: Corviknight|1
|-damage|p1a: Corviknight|75/100
|
|upkeep
|turn|2
|
|t:|1784253964
|switch|p1a: Greninja|Greninja, L50, F, shiny|100/100
|move|p2a: Milotic|Protect|p2a: Milotic
|-singleturn|p2a: Milotic|Protect
|move|p1b: Excadrill|Rock Slide|p2b: Ampharos|[spread] p2b
|-activate|p2a: Milotic|move: Protect
|-damage|p2b: Ampharos|0 fnt
|faint|p2b: Ampharos
|-heal|p1b: Excadrill|28/100|[from] item: Shell Bell|[of] p2: Ampharos
|
|upkeep
|
|t:|1784253976
|switch|p2b: Garchomp|Garchomp, L50, F|100/100
|turn|3
|
|t:|1784253996
|move|p1a: Greninja|Nasty Plot|p1a: Greninja
|-boost|p1a: Greninja|spa|2
|move|p1b: Excadrill|High Horsepower|p2a: Milotic
|-damage|p2a: Milotic|55/100
|-heal|p1b: Excadrill|34/100|[from] item: Shell Bell|[of] p2a: Milotic
|move|p2b: Garchomp|Dragon Claw|p1a: Greninja
|-damage|p1a: Greninja|9/100
|replace|p1a: Zoroark|Zoroark-Hisui, L50, M, shiny
|-end|p1a: Zoroark|Illusion
|move|p2a: Milotic|Scald|p1b: Excadrill
|-supereffective|p1b: Excadrill|1
|-damage|p1b: Excadrill|0 fnt
|faint|p1b: Excadrill
|
|-heal|p2a: Milotic|61/100|[from] item: Leftovers
|upkeep
|
|t:|1784254017
|switch|p1b: Greninja|Greninja, L50, F, shiny|100/100
|turn|4
|
|t:|1784254037
|detailschange|p1b: Greninja|Greninja-Mega, L50, F, shiny
|-mega|p1b: Greninja|Greninja|Greninjite
|move|p1a: Zoroark|Protect|p1a: Zoroark
|-singleturn|p1a: Zoroark|Protect
|move|p2a: Milotic|Protect|p2a: Milotic
|-singleturn|p2a: Milotic|Protect
|move|p1b: Greninja|Ice Beam|p2b: Garchomp
|-start|p1b: Greninja|typechange|Ice|[from] ability: Protean
|-supereffective|p2b: Garchomp|2
|-damage|p2b: Garchomp|0 fnt
|faint|p2b: Garchomp
|
|-heal|p2a: Milotic|67/100|[from] item: Leftovers
|-sideend|p1: nagc_17|move: Tailwind
|upkeep
|
|t:|1784254051
|switch|p2b: Sneasler|Sneasler, L50, M|100/100
|turn|5
|
|t:|1784254124
|move|p1a: Zoroark|Protect|p1a: Zoroark
|-singleturn|p1a: Zoroark|Protect
|move|p2b: Sneasler|Fake Out|p1b: Greninja
|-crit|p1b: Greninja
|-damage|p1b: Greninja|65/100
|cant|p1b: Greninja|flinch
|move|p2a: Milotic|Scald|p1a: Zoroark
|-activate|p1a: Zoroark|move: Protect
|
|-heal|p2a: Milotic|73/100|[from] item: Leftovers
|upkeep
|turn|6
|
|t:|1784254143
|move|p1b: Greninja|Hydro Pump|p2b: Sneasler|[miss]
|-miss|p1b: Greninja|p2b: Sneasler
|move|p1a: Zoroark|Hyper Voice|p2b: Sneasler|[spread] p2a,p2b
|-damage|p2a: Milotic|28/100
|-damage|p2b: Sneasler|7/100
|move|p2b: Sneasler|Close Combat|p1b: Greninja
|-supereffective|p1b: Greninja|1
|-damage|p1b: Greninja|0 fnt
|-unboost|p2b: Sneasler|def|1
|-unboost|p2b: Sneasler|spd|1
|faint|p1b: Greninja
|-enditem|p2b: Sneasler|White Herb
|-clearnegativeboost|p2b: Sneasler|[silent]
|move|p2a: Milotic|Scald|p1a: Zoroark
|-damage|p1a: Zoroark|0 fnt
|faint|p1a: Zoroark
|
|-heal|p2a: Milotic|34/100|[from] item: Leftovers
|upkeep
|
|t:|1784254182
|switch|p1b: Corviknight|Corviknight, L50, F, shiny|75/100
|turn|7
|
|t:|1784254196
|move|p2b: Sneasler|Close Combat|p1b: Corviknight
|-crit|p1b: Corviknight
|-damage|p1b: Corviknight|15/100
|-unboost|p2b: Sneasler|def|1
|-unboost|p2b: Sneasler|spd|1
|-enditem|p1b: Corviknight|Sitrus Berry|[eat]
|-heal|p1b: Corviknight|40/100|[from] item: Sitrus Berry
|move|p2a: Milotic|Scald|p1b: Corviknight
|-damage|p1b: Corviknight|13/100
|move|p1b: Corviknight|Brave Bird|p2a: Milotic
|-damage|p2a: Milotic|2/100
|-damage|p1b: Corviknight|2/100|[from] Recoil
|
|-heal|p2a: Milotic|8/100|[from] item: Leftovers
|upkeep
|turn|8
|
|t:|1784254214
|move|p1b: Corviknight|Protect|p1b: Corviknight
|-singleturn|p1b: Corviknight|Protect
|move|p2b: Sneasler|Close Combat|p1b: Corviknight
|-activate|p1b: Corviknight|move: Protect
|move|p2a: Milotic|Scald|p1b: Corviknight
|-activate|p1b: Corviknight|move: Protect
|
|-heal|p2a: Milotic|14/100|[from] item: Leftovers
|upkeep
|turn|9
|
|t:|1784254226
|move|p1b: Corviknight|Protect||[still]
|-fail|p1b: Corviknight
|move|p2b: Sneasler|Close Combat|p1b: Corviknight
|-damage|p1b: Corviknight|0 fnt
|-unboost|p2b: Sneasler|def|1
|-unboost|p2b: Sneasler|spd|1
|faint|p1b: Corviknight
|
|win|Noyomi
