|j|☆edhen
|j|☆rickyicebeam
|html|edhenrickyicebeam    
|uhtml|bestof|Game 3 of a best-of-3
|t:|1756946382
|gametype|doubles
|player|p1|edhen|clair|1203
|player|p2|rickyicebeam|steven|1072
|gen|9
|tier|[Gen 9] VGC 2025 Reg H (Bo3)
|rated|
|rule|Species Clause: Limit one of each Pokémon
|rule|Item Clause: Limit 1 of each item
|clearpoke
|poke|p1|Pelipper, L50, F|
|poke|p1|Archaludon, L50, F|
|poke|p1|Comfey, L50, M|
|poke|p1|Rillaboom, L50, M|
|poke|p1|Dragonite, L50, M|
|poke|p1|Gholdengo, L50|
|poke|p2|Ursaluna-Bloodmoon, L50, M|
|poke|p2|Indeedee, L50, M|
|poke|p2|Talonflame, L50, F|
|poke|p2|Hawlucha, L50, M|
|poke|p2|Amoonguss, L50, F|
|poke|p2|Garchomp, L50, F|
|teampreview|4
|showteam|p1|Pelipper||FocusSash|Drizzle|WeatherBall,Hurricane,Tailwind,Protect|||F|||50|,,,,,Ghost]Archaludon||AssaultVest|Stamina|ElectroShot,BodyPress,FlashCannon,DragonPulse|||F|||50|,,,,,Grass]Comfey||WikiBerry|Triage|Protect,FloralHealing,DrainingKiss,Taunt|||M|||50|,,,,,Steel]Rillaboom||MiracleSeed|GrassySurge|BulletSeed,GrassyGlide,FakeOut,Uturn|||M|||50|,,,,,Fire]Dragonite||LoadedDice|Multiscale|Outrage,ExtremeSpeed,Haze,IceSpinner|||M|||50|,,,,,Fairy]Gholdengo||IronPlate|GoodasGold|MakeItRain,ShadowBall,NastyPlot,Protect||||||50|,,,,,Steel
|showteam|p2|Ursaluna-Bloodmoon||ThroatSpray|MindsEye|HyperVoice,BloodMoon,EarthPower,Protect|||M|||50|,,,,,Normal]Indeedee||FocusSash|PsychicSurge|ExpandingForce,HelpingHand,Protect,TrickRoom|||M|||50|,,,,,Psychic]Talonflame||CovertCloak|FlameBody|Tailwind,BraveBird,WillOWisp,Taunt|||F|||50|,,,,,Steel]Hawlucha||PsychicSeed|Unburden|Acrobatics,HighJumpKick,Detect,DualWingbeat|||M|||50|,,,,,Fire]Amoonguss||RockyHelmet|Regenerator|RagePowder,PollenPuff,Protect,Spore|||F|||50|,,,,,Water]Garchomp||LifeOrb|RoughSkin|Earthquake,DragonClaw,Protect,SwordsDance|||F|||50|,,,,,Ground
|inactive|Battle timer is ON: inactive players will automatically lose when time's up. (requested by rickyicebeam)
|inactive|edhen has 60 seconds left.
|
|t:|1756946436
|teamsize|p1|4
|teamsize|p2|4
|start
|switch|p1a: Dragonite|Dragonite, L50, M|100/100
|switch|p1b: Gholdengo|Gholdengo, L50|100/100
|switch|p2a: Talonflame|Talonflame, L50, F|100/100
|switch|p2b: Hawlucha|Hawlucha, L50, M|100/100
|turn|1
|inactive|rickyicebeam has 30 seconds left.
|
|t:|1756946466
|switch|p2b: Ursaluna|Ursaluna-Bloodmoon, L50, M|100/100
|move|p2a: Talonflame|Will-O-Wisp|p1a: Dragonite
|-status|p1a: Dragonite|brn
|move|p1b: Gholdengo|Make It Rain|p2b: Ursaluna|[spread] p2a,p2b
|-resisted|p2a: Talonflame
|-damage|p2a: Talonflame|65/100
|-damage|p2b: Ursaluna|40/100
|-unboost|p1b: Gholdengo|spa|1
|move|p1a: Dragonite|Outrage|p2a: Talonflame
|-damage|p2a: Talonflame|20/100
|
|-damage|p1a: Dragonite|95/100 brn|[from] brn
|upkeep
|turn|2
|inactive|edhen has 30 seconds left.
|inactive|rickyicebeam has 30 seconds left.
|inactive|edhen has 20 seconds left.
|inactive|edhen has 15 seconds left.
|inactive|edhen has 10 seconds left.
|
|t:|1756946513
|-terastallize|p1b: Gholdengo|Steel
|-terastallize|p2b: Ursaluna|Normal
|move|p2a: Talonflame|Tailwind|p2a: Talonflame
|-sidestart|p2: rickyicebeam|move: Tailwind
|move|p2b: Ursaluna|Hyper Voice|p1a: Dragonite|[spread] p1a,p1b
|-resisted|p1b: Gholdengo
|-damage|p1a: Dragonite|51/100 brn
|-damage|p1b: Gholdengo|80/100
|-enditem|p2b: Ursaluna|Throat Spray
|-boost|p2b: Ursaluna|spa|1|[from] item: Throat Spray
|move|p1b: Gholdengo|Make It Rain|p2a: Talonflame|[spread] p2a,p2b
|-resisted|p2a: Talonflame
|-damage|p2a: Talonflame|0 fnt
|-damage|p2b: Ursaluna|0 fnt
|-unboost|p1b: Gholdengo|spa|1
|faint|p2a: Talonflame
|faint|p2b: Ursaluna
|move|p1a: Dragonite|Outrage|p2: Talonflame|[from] lockedmove|[notarget]
|-fail|p1a: Dragonite
|
|-damage|p1a: Dragonite|45/100 brn|[from] brn
|upkeep
|
|t:|1756946533
|switch|p2a: Hawlucha|Hawlucha, L50, M|100/100
|switch|p2b: Indeedee|Indeedee, L50, M|100/100
|-fieldstart|move: Psychic Terrain|[from] ability: Psychic Surge|[of] p2b: Indeedee
|-enditem|p2a: Hawlucha|Psychic Seed
|-boost|p2a: Hawlucha|spd|1|[from] item: Psychic Seed
|turn|3
|
|t:|1756946556
|switch|p1a: Rillaboom|Rillaboom, L50, M|100/100
|-fieldstart|move: Grassy Terrain|[from] ability: Grassy Surge|[of] p1a: Rillaboom
|move|p2a: Hawlucha|Acrobatics|p1a: Rillaboom
|-supereffective|p1a: Rillaboom
|-damage|p1a: Rillaboom|19/100
|move|p2b: Indeedee|Expanding Force|p1a: Rillaboom
|-damage|p1a: Rillaboom|0 fnt
|faint|p1a: Rillaboom
|move|p1b: Gholdengo|Make It Rain|p2a: Hawlucha|[spread] p2a,p2b
|-damage|p2a: Hawlucha|66/100
|-damage|p2b: Indeedee|50/100
|-unboost|p1b: Gholdengo|spa|1
|
|-heal|p2b: Indeedee|56/100|[from] Grassy Terrain
|-heal|p1b: Gholdengo|86/100|[from] Grassy Terrain
|upkeep
|
|t:|1756946578
|switch|p1a: Pelipper|Pelipper, L50, F|100/100
|-weather|RainDance|[from] ability: Drizzle|[of] p1a: Pelipper
|turn|4
|
|t:|1756946598
|move|p2a: Hawlucha|Acrobatics|p1a: Pelipper
|-damage|p1a: Pelipper|42/100
|move|p2b: Indeedee|Expanding Force|p1a: Pelipper
|-damage|p1a: Pelipper|0 fnt
|faint|p1a: Pelipper
|move|p1b: Gholdengo|Make It Rain|p2b: Indeedee|[spread] p2a,p2b
|-damage|p2a: Hawlucha|35/100
|-damage|p2b: Indeedee|20/100
|-unboost|p1b: Gholdengo|spa|1
|
|-weather|RainDance|[upkeep]
|-heal|p2b: Indeedee|25/100|[from] Grassy Terrain
|-heal|p1b: Gholdengo|92/100|[from] Grassy Terrain
|upkeep
|
|t:|1756946603
|switch|p1a: Dragonite|Dragonite, L50, M|45/100 brn
|turn|5
|inactive|rickyicebeam has 30 seconds left.
|inactive|edhen has 30 seconds left.
|
|t:|1756946644
|move|p2b: Indeedee|Helping Hand|p2a: Hawlucha
|-singleturn|p2a: Hawlucha|Helping Hand|[of] p2b: Indeedee
|move|p1a: Dragonite|Extreme Speed|p2b: Indeedee
|-damage|p2b: Indeedee|0 fnt
|faint|p2b: Indeedee
|move|p2a: Hawlucha|Acrobatics|p1a: Dragonite
|-damage|p1a: Dragonite|0 fnt
|faint|p1a: Dragonite
|move|p1b: Gholdengo|Make It Rain|p2a: Hawlucha
|-damage|p2a: Hawlucha|2/100
|-unboost|p1b: Gholdengo|spa|1
|
|-weather|RainDance|[upkeep]
|-heal|p1b: Gholdengo|98/100|[from] Grassy Terrain
|-sideend|p2: rickyicebeam|move: Tailwind
|upkeep
|turn|6
|
|t:|1756946660
|move|p2a: Hawlucha|Detect|p2a: Hawlucha
|-singleturn|p2a: Hawlucha|Protect
|move|p1b: Gholdengo|Shadow Ball|p2a: Hawlucha
|-activate|p2a: Hawlucha|move: Protect
|
|-weather|RainDance|[upkeep]
|-heal|p1b: Gholdengo|100/100|[from] Grassy Terrain
|upkeep
|turn|7
|
|t:|1756946670
|move|p1b: Gholdengo|Protect|p1b: Gholdengo
|-singleturn|p1b: Gholdengo|Protect
|move|p2a: Hawlucha|High Jump Kick|p1b: Gholdengo
|-activate|p1b: Gholdengo|move: Protect
|-damage|p2a: Hawlucha|0 fnt|[from] highjumpkick
|faint|p2a: Hawlucha
|
|win|edhen
|raw|edhen's rating: 1203 → 1219(+16 for winning)
|raw|rickyicebeam's rating: 1072 → 1059(-13 for losing)
