|j|☆ScottyNZ
|j|☆LetherOCE
|html|ScottyNZLetherOCE    
|uhtml|bestof|Game 2 of a best-of-3
|t:|1757753648
|gametype|doubles
|player|p1|ScottyNZ|265|
|player|p2|LetherOCE|steven|
|gen|9
|tier|[Gen 9] VGC 2025 Reg H (Bo3)
|rule|Species Clause: Limit one of each Pokémon
|rule|Item Clause: Limit 1 of each item
|clearpoke
|poke|p1|Tatsugiri, L50, F|
|poke|p1|Dondozo, L50, M|
|poke|p1|Sneasler, L50, F|
|poke|p1|Indeedee, L50, M|
|poke|p1|Talonflame, L50, F|
|poke|p1|Glimmora, L50, M|
|poke|p2|Sneasler, L50, F|
|poke|p2|Garchomp, L50, F|
|poke|p2|Corviknight, L50, F|
|poke|p2|Volcarona, L50, F|
|poke|p2|Primarina, L50, M|
|poke|p2|Rillaboom, L50, M|
|teampreview|4
|showteam|p1|Tatsugiri||ChoiceScarf|Commander|MuddyWater,IcyWind,Taunt,DracoMeteor|||F|||50|,,,,,Steel]Dondozo||Leftovers|Unaware|Protect,Earthquake,OrderUp,WaveCrash|||M|||50|,,,,,Poison]Sneasler||PsychicSeed|Unburden|CloseCombat,DireClaw,Protect,ThroatChop|||F|||50|,,,,,Dark]Indeedee||FocusSash|PsychicSurge|Imprison,TrickRoom,ExpandingForce,Protect|||M|||50|,,,,,Psychic]Talonflame||CovertCloak|GaleWings|Tailwind,WillOWisp,FlareBlitz,DualWingbeat|||F|||50|,,,,,Steel]Glimmora||PowerHerb|ToxicDebris|EarthPower,SludgeBomb,SpikyShield,MeteorBeam|||M|||50|,,,,,Grass
|showteam|p2|Sneasler||FocusSash|PoisonTouch|FakeOut,DireClaw,CloseCombat,Coaching|||F|||50|,,,,,Ghost]Garchomp||LifeOrb|RoughSkin|Protect,SwordsDance,StompingTantrum,DragonClaw|||F|||50|,,,,,Fairy]Corviknight||Leftovers|MirrorArmor|BraveBird,BodyPress,BulkUp,Roost|||F|||50|,,,,,Dragon]Volcarona||SafetyGoggles|FlameBody|FieryDance,Tailwind,RagePowder,StruggleBug|||F|||50|,,,,,Steel]Primarina||SitrusBerry|LiquidVoice|Protect,HyperVoice,Moonblast,Haze|||M|||50|,,,,,Poison]Rillaboom||AssaultVest|GrassySurge|FakeOut,GrassyGlide,HighHorsepower,WoodHammer|||M|||50|,,,,,Fire
|inactive|Battle timer is ON: inactive players will automatically lose when time's up. (requested by ScottyNZ)
|j| arrascaxeira
|inactive|LetherOCE has 60 seconds left.
|
|t:|1757753700
|teamsize|p1|4
|teamsize|p2|4
|start
|switch|p1a: Talonflame|Talonflame, L50, F|100/100
|switch|p1b: Indeedee|Indeedee, L50, M|100/100
|switch|p2a: Garchomp|Garchomp, L50, F|100/100
|switch|p2b: Primarina|Primarina, L50, M|100/100
|-fieldstart|move: Psychic Terrain|[from] ability: Psychic Surge|[of] p1b: Indeedee
|turn|1
|
|t:|1757753715
|-terastallize|p1a: Talonflame|Steel
|move|p1a: Talonflame|Will-O-Wisp|p2a: Garchomp
|-status|p2a: Garchomp|brn
|move|p2a: Garchomp|Dragon Claw|p1b: Indeedee
|-damage|p1b: Indeedee|49/100
|-damage|p2a: Garchomp|91/100 brn|[from] item: Life Orb
|move|p1b: Indeedee|Expanding Force|p2a: Garchomp|[spread] p2a,p2b
|-damage|p2a: Garchomp|26/100 brn
|-damage|p2b: Primarina|55/100
|move|p2b: Primarina|Hyper Voice|p1a: Talonflame|[spread] p1a,p1b
|-crit|p1b: Indeedee
|-damage|p1a: Talonflame|46/100
|-damage|p1b: Indeedee|0 fnt
|faint|p1b: Indeedee
|
|-damage|p2a: Garchomp|20/100 brn|[from] brn
|upkeep
|
|t:|1757753731
|switch|p1b: Sneasler|Sneasler, L50, F|100/100
|-enditem|p1b: Sneasler|Psychic Seed
|-boost|p1b: Sneasler|spd|1|[from] item: Psychic Seed
|turn|2
|
|t:|1757753749
|move|p2b: Primarina|Protect|p2b: Primarina
|-singleturn|p2b: Primarina|Protect
|move|p1b: Sneasler|Dire Claw|p2a: Garchomp
|-resisted|p2a: Garchomp
|-damage|p2a: Garchomp|1/100 brn
|-damage|p1b: Sneasler|88/100|[from] ability: Rough Skin|[of] p2a: Garchomp
|move|p1a: Talonflame|Tailwind|p1a: Talonflame
|-sidestart|p1: ScottyNZ|move: Tailwind
|move|p2a: Garchomp|Stomping Tantrum|p1a: Talonflame
|-supereffective|p1a: Talonflame
|-damage|p1a: Talonflame|0 fnt
|faint|p1a: Talonflame
|-damage|p2a: Garchomp|0 fnt|[from] item: Life Orb
|faint|p2a: Garchomp
|
|upkeep
|
|t:|1757753767
|switch|p1a: Glimmora|Glimmora, L50, M|100/100
|switch|p2a: Corviknight|Corviknight, L50, F|100/100
|turn|3
|inactive|LetherOCE has 30 seconds left.
|inactive|LetherOCE has 20 seconds left.
|
|t:|1757753804
|move|p2b: Primarina|Protect|p2b: Primarina
|-singleturn|p2b: Primarina|Protect
|move|p1b: Sneasler|Dire Claw|p2b: Primarina
|-activate|p2b: Primarina|move: Protect
|move|p1a: Glimmora|Meteor Beam||[still]
|-prepare|p1a: Glimmora|Meteor Beam
|-boost|p1a: Glimmora|spa|1
|-enditem|p1a: Glimmora|Power Herb
|-anim|p1a: Glimmora|Meteor Beam|p2a: Corviknight
|-damage|p2a: Corviknight|18/100
|move|p2a: Corviknight|Brave Bird|p1b: Sneasler
|-supereffective|p1b: Sneasler
|-damage|p1b: Sneasler|0 fnt
|faint|p1b: Sneasler
|-damage|p2a: Corviknight|0 fnt|[from] Recoil
|faint|p2a: Corviknight
|
|upkeep
|
|t:|1757753819
|switch|p2a: Sneasler|Sneasler, L50, F|100/100
|turn|4
|inactive|LetherOCE has 30 seconds left.
|
|t:|1757753849
|-terastallize|p2b: Primarina|Poison
|move|p1a: Glimmora|Spiky Shield|p1a: Glimmora
|-singleturn|p1a: Glimmora|move: Protect
|move|p2a: Sneasler|Coaching|p2b: Primarina
|-boost|p2b: Primarina|atk|1
|-boost|p2b: Primarina|def|1
|move|p2b: Primarina|Hyper Voice|p1a: Glimmora
|-activate|p1a: Glimmora|move: Protect
|
|upkeep
|turn|5
|
|t:|1757753864
|move|p1a: Glimmora|Earth Power|p2b: Primarina
|-supereffective|p2b: Primarina
|-damage|p2b: Primarina|0 fnt
|faint|p2b: Primarina
|move|p2a: Sneasler|Close Combat|p1a: Glimmora
|-damage|p1a: Glimmora|27/100
|-unboost|p2a: Sneasler|def|1
|-unboost|p2a: Sneasler|spd|1
|-activate|p1a: Glimmora|ability: Toxic Debris
|-sidestart|p2: LetherOCE|move: Toxic Spikes
|
|-sideend|p1: ScottyNZ|move: Tailwind
|-fieldend|move: Psychic Terrain
|upkeep
|turn|6
|
|t:|1757753876
|move|p1a: Glimmora|Spiky Shield|p1a: Glimmora
|-singleturn|p1a: Glimmora|move: Protect
|move|p2a: Sneasler|Close Combat|p1a: Glimmora
|-activate|p1a: Glimmora|move: Protect
|-damage|p2a: Sneasler|88/100|[from] Spiky Shield|[of] p1a: Glimmora
|
|upkeep
|turn|7
|
|t:|1757753885
|move|p2a: Sneasler|Close Combat|p1a: Glimmora
|-damage|p1a: Glimmora|0 fnt
|-unboost|p2a: Sneasler|def|1
|-unboost|p2a: Sneasler|spd|1
|-activate|p1a: Glimmora|ability: Toxic Debris
|-sidestart|p2: LetherOCE|move: Toxic Spikes
|faint|p1a: Glimmora
|
|win|LetherOCE
|c|☆ScottyNZ|gg
|c|☆LetherOCE|ggwp
|c| arrascaxeira|Ggs
|c|☆ScottyNZ|well played
