|j|☆TheLeoj
|j|☆lexerthanatauros
|html|TheLeojlexerthanatauros    
|uhtml|bestof|Game 2 of a best-of-3
|t:|1784053449
|gametype|doubles
|player|p1|TheLeoj|265|1146
|player|p2|lexerthanatauros|lucas|1154
|gen|9
|tier|[Gen 9 Champions] VGC 2026 Reg M-B (Bo3)
|rated|
|rule|Species Clause: Limit one of each Pokémon
|rule|Item Clause: Limit 1 of each item
|clearpoke
|poke|p1|Raichu, L50, M, shiny|
|poke|p1|Primarina, L50, F, shiny|
|poke|p1|Kingambit, L50, M, shiny|
|poke|p1|Incineroar, L50, M, shiny|
|poke|p1|Ninetales-Alola, L50, F, shiny|
|poke|p1|Gengar, L50, F, shiny|
|poke|p2|Froslass, L50, F|
|poke|p2|Beartic, L50, M|
|poke|p2|Basculegion, L50, M|
|poke|p2|Incineroar, L50, M|
|poke|p2|Maushold-Four, L50|
|poke|p2|Gengar, L50, F|
|teampreview|4
|showteam|p1|Raichu||RaichuniteY|Static|ZapCannon,FocusBlast,FakeOut,Protect|Timid||M|||50|]Primarina||LifeOrb|LiquidVoice|HyperVoice,DazzlingGleam,Protect,Moonblast|Modest||F|||50|]Kingambit||BlackGlasses|Defiant|Protect,KowtowCleave,IronHead,SuckerPunch|Adamant||M|||50|]Incineroar||SitrusBerry|Intimidate|FakeOut,FlareBlitz,DarkestLariat,PartingShot|Adamant||M|||50|]Ninetales-Alola||LightClay|SnowWarning|Protect,Blizzard,AuroraVeil,FreezeDry|Timid||F|||50|]Gengar||Gengarite|CursedBody|Protect,ShadowBall,PerishSong,SludgeBomb|Timid||F|||50|
|showteam|p2|Froslass||Froslassite|SnowCloak|Blizzard,AuroraVeil,ShadowBall,Protect|Timid||F|||50|]Beartic||LifeOrb|SlushRush|CloseCombat,ThroatChop,IcicleCrash,Protect|Jolly||M|||50|]Basculegion||ChoiceScarf|Adaptability|PsychicFangs,LastRespects,WaveCrash,FlipTurn|Jolly||M|||50|]Incineroar||SitrusBerry|Intimidate|FakeOut,FlareBlitz,DarkestLariat,CloseCombat|Adamant||M|||50|]Maushold-Four||WideLens|FriendGuard|PopulationBomb,FollowMe,HelpingHand,Protect|Careful|||||50|]Gengar||FocusSash|CursedBody|ShadowBall,IcyWind,SludgeBomb,Protect|Timid||F|||50|
|inactive|Battle timer is ON: inactive players will automatically lose when time's up. (requested by TheLeoj)
|inactive|lexerthanatauros has 60 seconds left.
|inactive|TheLeoj has 60 seconds left.
|
|t:|1784053499
|teamsize|p1|4
|teamsize|p2|4
|start
|switch|p1a: Raichu|Raichu, L50, M, shiny|100/100
|switch|p1b: Ninetales|Ninetales-Alola, L50, F, shiny|100/100
|switch|p2a: Incineroar|Incineroar, L50, M|100/100
|switch|p2b: Beartic|Beartic, L50, M|100/100
|-weather|Snowscape|[from] ability: Snow Warning|[of] p1b: Ninetales
|-ability|p2a: Incineroar|Intimidate|boost
|-unboost|p1a: Raichu|atk|1
|-unboost|p1b: Ninetales|atk|1
|turn|1
|
|t:|1784053515
|detailschange|p1a: Raichu|Raichu-Mega-Y, L50, M, shiny
|-mega|p1a: Raichu|Raichu|Raichunite Y
|move|p1a: Raichu|Fake Out|p2a: Incineroar
|-damage|p2a: Incineroar|94/100
|move|p2b: Beartic|Icicle Crash|p1a: Raichu
|-damage|p1a: Raichu|19/100
|-damage|p2b: Beartic|90/100|[from] item: Life Orb
|move|p1b: Ninetales|Aurora Veil|p1b: Ninetales
|-sidestart|p1: TheLeoj|move: Aurora Veil
|cant|p2a: Incineroar|flinch
|
|-weather|Snowscape|[upkeep]
|upkeep
|turn|2
|
|t:|1784053539
|switch|p1b: Kingambit|Kingambit, L50, M, shiny|100/100
|move|p2b: Beartic|Close Combat|p1a: Raichu
|-damage|p1a: Raichu|0 fnt
|-unboost|p2b: Beartic|def|1
|-unboost|p2b: Beartic|spd|1
|faint|p1a: Raichu
|-damage|p2b: Beartic|80/100|[from] item: Life Orb
|move|p2a: Incineroar|Flare Blitz|p1b: Kingambit
|-supereffective|p1b: Kingambit|1
|-damage|p1b: Kingambit|49/100
|-damage|p2a: Incineroar|76/100|[from] Recoil
|
|-weather|Snowscape|[upkeep]
|upkeep
|
|t:|1784053547
|switch|p1a: Incineroar|Incineroar, L50, M, shiny|100/100
|-ability|p1a: Incineroar|Intimidate|boost
|-unboost|p2a: Incineroar|atk|1
|-unboost|p2b: Beartic|atk|1
|turn|3
|
|t:|1784053567
|move|p1a: Incineroar|Fake Out|p2a: Incineroar
|-damage|p2a: Incineroar|63/100
|move|p2b: Beartic|Close Combat|p1b: Kingambit
|-supereffective|p1b: Kingambit|2
|-damage|p1b: Kingambit|0 fnt
|-unboost|p2b: Beartic|def|1
|-unboost|p2b: Beartic|spd|1
|faint|p1b: Kingambit
|-damage|p2b: Beartic|70/100|[from] item: Life Orb
|cant|p2a: Incineroar|flinch
|
|-weather|Snowscape|[upkeep]
|upkeep
|
|t:|1784053573
|switch|p1b: Ninetales|Ninetales-Alola, L50, F, shiny|100/100
|turn|4
|
|t:|1784053578
|switch|p2b: Basculegion|Basculegion, L50, M|100/100
|move|p1b: Ninetales|Protect|p1b: Ninetales
|-singleturn|p1b: Ninetales|Protect
|move|p1a: Incineroar|Flare Blitz|p2b: Basculegion
|-resisted|p2b: Basculegion|1
|-damage|p2b: Basculegion|62/100
|-damage|p1a: Incineroar|87/100|[from] Recoil
|move|p2a: Incineroar|Flare Blitz|p1b: Ninetales
|-activate|p1b: Ninetales|move: Protect
|
|-weather|Snowscape|[upkeep]
|upkeep
|turn|5
|
|t:|1784053585
|move|p2b: Basculegion|Wave Crash|p1a: Incineroar
|-supereffective|p1a: Incineroar|1
|-damage|p1a: Incineroar|0 fnt
|faint|p1a: Incineroar
|-damage|p2b: Basculegion|35/100|[from] Recoil
|move|p1b: Ninetales|Blizzard|p2b: Basculegion|[spread] p2a,p2b
|-resisted|p2a: Incineroar|1
|-crit|p2a: Incineroar
|-resisted|p2b: Basculegion|1
|-damage|p2a: Incineroar|45/100
|-damage|p2b: Basculegion|18/100
|-enditem|p2a: Incineroar|Sitrus Berry|[eat]
|-heal|p2a: Incineroar|70/100|[from] item: Sitrus Berry
|move|p2a: Incineroar|Flare Blitz|p1b: Ninetales
|-supereffective|p1b: Ninetales|1
|-damage|p1b: Ninetales|57/100
|-damage|p2a: Incineroar|59/100|[from] Recoil
|
|-weather|none
|upkeep
|turn|6
|
|t:|1784053591
|move|p2b: Basculegion|Wave Crash|p1b: Ninetales
|-damage|p1b: Ninetales|0 fnt
|faint|p1b: Ninetales
|-damage|p2b: Basculegion|3/100|[from] Recoil
|
|win|lexerthanatauros
||TheLeoj is ready for game 3.
||lexerthanatauros is ready for game 3.
|uhtml|next|Next: Game 3 of 3
|l|☆lexerthanatauros
|player|p2|
