|j|☆rokotroko
|j|☆breloomb01
|html|rokotrokobreloomb01    
|uhtml|bestof|Game 1 of a best-of-3
|t:|1785447803
|gametype|doubles
|player|p1|rokotroko|266|1275
|player|p2|breloomb01|roughneck|1262
|gen|9
|tier|[Gen 9 Champions] VGC 2026 Reg M-B (Bo3)
|rated|
|rule|Species Clause: Limit one of each Pokémon
|rule|Item Clause: Limit 1 of each item
|clearpoke
|poke|p1|Charizard, L50, M|
|poke|p1|Whimsicott, L50, F|
|poke|p1|Zoroark-Hisui, L50, F|
|poke|p1|Sneasler, L50, F|
|poke|p1|Gardevoir, L50, M|
|poke|p1|Basculegion, L50, M|
|poke|p2|Floette-Eternal, L50, F|
|poke|p2|Incineroar, L50, M|
|poke|p2|Sinistcha, L50|
|poke|p2|Garchomp, L50, F|
|poke|p2|Sneasler, L50, M|
|poke|p2|Rotom-Wash, L50|
|teampreview|4
|showteam|p1|Charizard||CharizarditeY|Blaze|SolarBeam,WeatherBall,HeatWave,Protect|Timid||M|||50|]Whimsicott||FocusSash|Prankster|Moonblast,Encore,Tailwind,SunnyDay|Timid||F|||50|]Zoroark-Hisui||LifeOrb|Illusion|ShadowBall,Protect,Taunt,DarkPulse|Timid||F|||50|]Sneasler||WhiteHerb|Unburden|DireClaw,CloseCombat,Protect,QuickGuard|Jolly||F|||50|]Gardevoir||Gardevoirite|Synchronize|Psychic,HyperVoice,Moonblast,Protect|Modest||M|||50|]Basculegion||ChoiceScarf|Adaptability|LastRespects,WaveCrash,AquaJet,FlipTurn|Jolly||M|||50|
|showteam|p2|Floette-Eternal||Floettite|FlowerVeil|DrainingKiss,DazzlingGleam,CalmMind,Protect|Modest||F|||50|]Incineroar||SitrusBerry|Intimidate|FakeOut,FlareBlitz,ThroatChop,PartingShot|Careful||M|||50|]Sinistcha||KasibBerry|Hospitality|Protect,RagePowder,MatchaGotcha,TrickRoom|Calm|||||50|]Garchomp||LifeOrb|RoughSkin|Earthquake,DragonClaw,RockSlide,Protect|Jolly||F|||50|]Sneasler||FocusSash|PoisonTouch|FakeOut,DireClaw,CloseCombat,Protect|Jolly||M|||50|]Rotom-Wash||Leftovers|Levitate|HydroPump,Protect,WillOWisp,Electroweb|Bold|||||50|
|inactive|Battle timer is ON: inactive players will automatically lose when time's up. (requested by rokotroko)
|
|t:|1785447822
|teamsize|p1|4
|teamsize|p2|4
|start
|switch|p1a: Whimsicott|Whimsicott, L50, F|100/100
|switch|p1b: Gardevoir|Gardevoir, L50, M|100/100
|switch|p2a: Garchomp|Garchomp, L50, F|100/100
|switch|p2b: Rotom|Rotom-Wash, L50|100/100
|turn|1
|inactive|rokotroko has 30 seconds left.
|
|t:|1785447851
|switch|p2a: Incineroar|Incineroar, L50, M|100/100
|-ability|p2a: Incineroar|Intimidate|boost
|-unboost|p1a: Whimsicott|atk|1
|-unboost|p1b: Gardevoir|atk|1
|detailschange|p1b: Gardevoir|Gardevoir-Mega, L50, M
|-mega|p1b: Gardevoir|Gardevoir|Gardevoirite
|move|p1a: Whimsicott|Tailwind|p1a: Whimsicott
|-sidestart|p1: rokotroko|move: Tailwind
|move|p1b: Gardevoir|Hyper Voice|p2a: Incineroar|[spread] p2a,p2b
|-damage|p2a: Incineroar|59/100
|-damage|p2b: Rotom|42/100
|move|p2b: Rotom|Electroweb|p1b: Gardevoir|[spread] p1a,p1b
|-resisted|p1a: Whimsicott|1
|-damage|p1a: Whimsicott|89/100
|-damage|p1b: Gardevoir|87/100
|-unboost|p1a: Whimsicott|spe|1
|-unboost|p1b: Gardevoir|spe|1
|
|-heal|p2b: Rotom|48/100|[from] item: Leftovers
|upkeep
|turn|2
|
|t:|1785447873
|switch|p2b: Floette|Floette-Eternal, L50, F|100/100
|move|p1b: Gardevoir|Protect|p1b: Gardevoir
|-singleturn|p1b: Gardevoir|Protect
|move|p1a: Whimsicott|Moonblast|p2a: Incineroar
|-damage|p2a: Incineroar|34/100
|-enditem|p2a: Incineroar|Sitrus Berry|[eat]
|-heal|p2a: Incineroar|58/100|[from] item: Sitrus Berry
|move|p2a: Incineroar|Flare Blitz|p1a: Whimsicott
|-supereffective|p1a: Whimsicott|1
|-damage|p1a: Whimsicott|0 fnt
|faint|p1a: Whimsicott
|-damage|p2a: Incineroar|39/100|[from] Recoil
|
|upkeep
|
|t:|1785447891
|switch|p1a: Sneasler|Sneasler, L50, F|100/100
|turn|3
|
|t:|1785447899
|move|p2b: Floette|Protect|p2b: Floette
|-singleturn|p2b: Floette|Protect
|move|p1a: Sneasler|Dire Claw|p2b: Floette
|-activate|p2b: Floette|move: Protect
|move|p1b: Gardevoir|Hyper Voice|p2a: Incineroar|[spread] p2a
|-activate|p2b: Floette|move: Protect
|-damage|p2a: Incineroar|0 fnt
|faint|p2a: Incineroar
|
|upkeep
|
|t:|1785447903
|switch|p2a: Garchomp|Garchomp, L50, F|100/100
|turn|4
|
|t:|1785447918
|detailschange|p2b: Floette|Floette-Mega, L50, F
|-mega|p2b: Floette|Floette|Floettite
|-ability|p2b: Floette|Fairy Aura
|move|p2a: Garchomp|Protect|p2a: Garchomp
|-singleturn|p2a: Garchomp|Protect
|move|p1a: Sneasler|Dire Claw|p2b: Floette
|-supereffective|p2b: Floette|1
|-crit|p2b: Floette
|-damage|p2b: Floette|0 fnt
|faint|p2b: Floette
|move|p1b: Gardevoir|Hyper Voice|p2a: Garchomp
|-activate|p2a: Garchomp|move: Protect
|
|-sideend|p1: rokotroko|move: Tailwind
|upkeep
|
|t:|1785447922
|switch|p2b: Rotom|Rotom-Wash, L50|48/100
|turn|5
|
|t:|1785447940
|move|p2b: Rotom|Protect|p2b: Rotom
|-singleturn|p2b: Rotom|Protect
|move|p1a: Sneasler|Close Combat|p2b: Rotom
|-activate|p2b: Rotom|move: Protect
|move|p2a: Garchomp|Earthquake|p1b: Gardevoir|[spread] p1a,p1b
|-activate|p2b: Rotom|move: Protect
|-supereffective|p1a: Sneasler|1
|-damage|p1a: Sneasler|0 fnt
|-damage|p1b: Gardevoir|17/100
|faint|p1a: Sneasler
|-damage|p2a: Garchomp|90/100|[from] item: Life Orb
|move|p1b: Gardevoir|Hyper Voice|p2a: Garchomp|[spread] p2a
|-activate|p2b: Rotom|move: Protect
|-supereffective|p2a: Garchomp|1
|-damage|p2a: Garchomp|0 fnt
|faint|p2a: Garchomp
|
|-heal|p2b: Rotom|54/100|[from] item: Leftovers
|upkeep
|
|t:|1785447957
|switch|p1a: Basculegion|Basculegion, L50, M|100/100
|turn|6
|
|t:|1785447961
|move|p1a: Basculegion|Last Respects|p2b: Rotom
|-crit|p2b: Rotom
|-damage|p2b: Rotom|0 fnt
|faint|p2b: Rotom
|
|win|rokotroko
||breloomb01 is ready for game 2.
|inactive|rokotroko has 30 seconds to confirm battle start!
||rokotroko is ready for game 2.
|uhtml|next|Next: Game 2 of 3
|l|☆rokotroko
|player|p1|
