|j|☆yveltyy
|j|☆bananapotito
|html|yveltyybananapotito    
|uhtml|bestof|Game 3 of a best-of-3
|t:|1757842947
|gametype|doubles
|player|p1|yveltyy|plasmagruntf-gen5bw|1055
|player|p2|bananapotito|265|1070
|gen|9
|tier|[Gen 9] VGC 2025 Reg H (Bo3)
|rated|
|rule|Species Clause: Limit one of each Pokémon
|rule|Item Clause: Limit 1 of each item
|clearpoke
|poke|p1|Zoroark-Hisui, L50, F|
|poke|p1|Incineroar, L50, F|
|poke|p1|Maushold, L50|
|poke|p1|Annihilape, L50, F|
|poke|p1|Sinistcha, L50|
|poke|p1|Ursaluna-Bloodmoon, L50, M|
|poke|p2|Pelipper, L50, M|
|poke|p2|Gholdengo, L50|
|poke|p2|Electabuzz, L50, F|
|poke|p2|Sneasler, L50, F|
|poke|p2|Archaludon, L50, F|
|poke|p2|Basculegion, L50, M|
|teampreview|4
|showteam|p1|Zoroark-Hisui||FocusSash|Illusion|ShadowBall,Protect,HyperVoice,Taunt|||F|||50|,,,,,Normal]Incineroar||AssaultVest|Intimidate|FakeOut,KnockOff,FlareBlitz,Uturn|||F|||50|,,,,,Grass]Maushold||CovertCloak|FriendGuard|BeatUp,FollowMe,Taunt,Protect||||||50|,,,,,Ghost]Annihilape||Leftovers|Defiant|BulkUp,RageFist,DrainPunch,Protect|||F|||50|,,,,,Fire]Sinistcha||SitrusBerry|Hospitality|RagePowder,TrickRoom,MatchaGotcha,LifeDew||||||50|,,,,,Fire]Ursaluna-Bloodmoon||LifeOrb|MindsEye|HyperVoice,BloodMoon,EarthPower,Protect|||M|||50|,,,,,Normal
|showteam|p2|Pelipper||ChoiceScarf|Drizzle|Tailwind,IcyWind,Hurricane,WeatherBall|||M|||50|,,,,,Ghost]Gholdengo||LifeOrb|GoodasGold|MakeItRain,ShadowBall,NastyPlot,Protect||||||50|,,,,,Flying]Electabuzz||Eviolite|VitalSpirit|Thunderbolt,FollowMe,VoltSwitch,Protect|||F|||50|,,,,,Fairy]Sneasler||FocusSash|PoisonTouch|FakeOut,CloseCombat,DireClaw,Protect|||F|||50|,,,,,Stellar]Archaludon||AssaultVest|Stamina|ElectroShot,BodyPress,FlashCannon,DracoMeteor|||F|||50|,,,,,Bug]Basculegion||ChoiceBand|SwiftSwim|WaveCrash,AquaJet,LastRespects,GigaImpact|||M|||50|,,,,,Normal
|inactive|Battle timer is ON: inactive players will automatically lose when time's up. (requested by yveltyy)
|j| rika fanboy
|c|☆yveltyy|glhf
|j| wokefagrigus
|c| rika fanboy|blhf
|
|t:|1757842968
|teamsize|p1|4
|teamsize|p2|4
|start
|switch|p1a: Sinistcha|Sinistcha, L50|100/100
|switch|p1b: Ursaluna|Ursaluna-Bloodmoon, L50, M|100/100
|switch|p2a: Pelipper|Pelipper, L50, M|100/100
|switch|p2b: Sneasler|Sneasler, L50, F|100/100
|-weather|RainDance|[from] ability: Drizzle|[of] p2a: Pelipper
|turn|1
|l| wokefagrigus
|
|t:|1757842980
|switch|p1a: Incineroar|Incineroar, L50, F|100/100
|-ability|p1a: Incineroar|Intimidate|boost
|-unboost|p2a: Pelipper|atk|1
|-unboost|p2b: Sneasler|atk|1
|move|p2a: Pelipper|Weather Ball|p1b: Ursaluna
|-supereffective|p1b: Ursaluna
|-damage|p1b: Ursaluna|0 fnt
|faint|p1b: Ursaluna
|move|p2b: Sneasler|Dire Claw|p1a: Incineroar
|-damage|p1a: Incineroar|72/100
|-status|p1a: Incineroar|par
|
|-weather|RainDance|[upkeep]
|upkeep
|
|t:|1757842992
|switch|p1b: Sinistcha|Sinistcha, L50|100/100
|-heal|p1a: Incineroar|97/100 par|[from] ability: Hospitality|[of] p1b: Sinistcha
|turn|2
|c| rika fanboy|abandon ship
|j| wokefagrigus
|
|t:|1757843003
|switch|p2b: Archaludon|Archaludon, L50, F|100/100
|-terastallize|p2a: Pelipper|Ghost
|move|p1a: Incineroar|Fake Out|p2b: Archaludon
|-resisted|p2b: Archaludon
|-damage|p2b: Archaludon|96/100
|-ability|p2b: Archaludon|Stamina|boost
|-boost|p2b: Archaludon|def|1
|move|p2a: Pelipper|Weather Ball|p1a: Incineroar
|-supereffective|p1a: Incineroar
|-damage|p1a: Incineroar|16/100 par
|move|p1b: Sinistcha|Trick Room|p1b: Sinistcha
|-fieldstart|move: Trick Room|[of] p1b: Sinistcha
|
|-weather|RainDance|[upkeep]
|upkeep
|turn|3
|inactive|bananapotito has 30 seconds left.
|c| wokefagrigus|I disconnect one second and i return to this mess
|inactive|bananapotito has 20 seconds left.
|c|☆yveltyy|im trying my best
|
|t:|1757843041
|switch|p2a: Sneasler|Sneasler, L50, F|100/100
|move|p1a: Incineroar|Knock Off|p2a: Sneasler
|-resisted|p2a: Sneasler
|-damage|p2a: Sneasler|63/100
|-enditem|p2a: Sneasler|Focus Sash|[from] move: Knock Off|[of] p1a: Incineroar
|move|p1b: Sinistcha|Life Dew||[still]|[spread] p1a,p1b
|-heal|p1a: Incineroar|41/100 par
|-fail|p1b: Sinistcha|heal
|move|p2b: Archaludon|Body Press|p1a: Incineroar
|-supereffective|p1a: Incineroar
|-damage|p1a: Incineroar|0 fnt
|faint|p1a: Incineroar
|
|-weather|RainDance|[upkeep]
|upkeep
|
|t:|1757843052
|switch|p1a: Annihilape|Annihilape, L50, F|100/100
|turn|4
|c| rika fanboy|I need a hero
|c| wokefagrigus|I only say this because i believe in you but no you're not
|
|t:|1757843067
|move|p2a: Sneasler|Protect|p2a: Sneasler
|-singleturn|p2a: Sneasler|Protect
|move|p1b: Sinistcha|Rage Powder|p1b: Sinistcha
|-singleturn|p1b: Sinistcha|move: Rage Powder
|move|p2b: Archaludon|Electro Shot||[still]
|-prepare|p2b: Archaludon|Electro Shot
|-boost|p2b: Archaludon|spa|1
|-anim|p2b: Archaludon|Electro Shot|p1b: Sinistcha
|-resisted|p1b: Sinistcha
|-damage|p1b: Sinistcha|72/100
|move|p1a: Annihilape|Bulk Up|p1a: Annihilape
|-boost|p1a: Annihilape|atk|1
|-boost|p1a: Annihilape|def|1
|
|-weather|RainDance|[upkeep]
|upkeep
|turn|5
|inactive|yveltyy has 30 seconds left.
|c| wokefagrigus|Annihilape bullshit please pull us through
|
|t:|1757843101
|move|p1b: Sinistcha|Life Dew||[still]|[spread] p1a,p1b
|-fail|p1a: Annihilape|heal
|-heal|p1b: Sinistcha|98/100
|move|p2b: Archaludon|Electro Shot||[still]
|-prepare|p2b: Archaludon|Electro Shot
|-boost|p2b: Archaludon|spa|1
|-anim|p2b: Archaludon|Electro Shot|p1b: Sinistcha
|-resisted|p1b: Sinistcha
|-damage|p1b: Sinistcha|59/100
|move|p1a: Annihilape|Drain Punch|p2b: Archaludon
|-supereffective|p2b: Archaludon
|-damage|p2b: Archaludon|42/100
|-ability|p2b: Archaludon|Stamina|boost
|-boost|p2b: Archaludon|def|1
|move|p2a: Sneasler|Dire Claw|p1b: Sinistcha
|-damage|p1b: Sinistcha|18/100
|-status|p1b: Sinistcha|slp
|-enditem|p1b: Sinistcha|Sitrus Berry|[eat]
|-heal|p1b: Sinistcha|43/100 slp|[from] item: Sitrus Berry
|
|-weather|none
|upkeep
|turn|6
|c| rika fanboy|lollll
|inactive|yveltyy has 30 seconds left.
|inactive|bananapotito has 30 seconds left.
|c| wokefagrigus|Well that puts us in a
|c|☆yveltyy|pik respectfully shut up
|c| wokefagrigus|Dire situation
|inactive|yveltyy has 20 seconds left.
|c|☆yveltyy|sigh
|c| wokefagrigus|XDXDXD
|inactive|yveltyy has 15 seconds left.
|
|t:|1757843143
|move|p1a: Annihilape|Protect|p1a: Annihilape
|-singleturn|p1a: Annihilape|Protect
|cant|p1b: Sinistcha|slp
|move|p2b: Archaludon|Draco Meteor|p1a: Annihilape
|-activate|p1a: Annihilape|move: Protect
|move|p2a: Sneasler|Dire Claw|p1b: Sinistcha
|-damage|p1b: Sinistcha|4/100 slp
|
|-fieldend|move: Trick Room
|upkeep
|turn|7
|inactive|yveltyy has 30 seconds left.
|
|t:|1757843168
|cant|p1b: Sinistcha|slp
|move|p2a: Sneasler|Dire Claw|p1b: Sinistcha
|-crit|p1b: Sinistcha
|-damage|p1b: Sinistcha|0 fnt
|faint|p1b: Sinistcha
|move|p1a: Annihilape|Drain Punch|p2b: Archaludon
|-supereffective|p2b: Archaludon
|-damage|p2b: Archaludon|4/100
|-ability|p2b: Archaludon|Stamina|boost
|-boost|p2b: Archaludon|def|1
|move|p2b: Archaludon|Draco Meteor|p1a: Annihilape
|-damage|p1a: Annihilape|0 fnt
|-unboost|p2b: Archaludon|spa|2
|faint|p1a: Annihilape
|
|win|bananapotito
|raw|yveltyy's rating: 1055 → 1038(-17 for losing)
|raw|bananapotito's rating: 1070 → 1098(+28 for winning)
|c|☆yveltyy|gg
|c| rika fanboy|we're in a bit of a pickle
|c| wokefagrigus|Ggs
|l|☆bananapotito
|player|p2|
|c| wokefagrigus|Yv I'll tell you what you did wrong
