|j|☆luisecanonserna
|j|☆Dysarster
|html|luisecanonsernaDysarster    
|uhtml|bestof|Game 1 of a best-of-3
|t:|1756236525
|gametype|doubles
|player|p1|luisecanonserna|101|1111
|player|p2|Dysarster|swimmer-gen4dp|1000
|gen|9
|tier|[Gen 9] VGC 2025 Reg H (Bo3)
|rated|
|rule|Species Clause: Limit one of each Pokémon
|rule|Item Clause: Limit 1 of each item
|clearpoke
|poke|p1|Gholdengo, L50|
|poke|p1|Incineroar, L50, F|
|poke|p1|Amoonguss, L50, F|
|poke|p1|Dragonite, L50, M|
|poke|p1|Tyranitar, L50, M|
|poke|p1|Garchomp, L50, F|
|poke|p2|Glaceon, L50, M|
|poke|p2|Ninetales-Alola, L50, F|
|poke|p2|Arcanine-Hisui, L50, F|
|poke|p2|Amoonguss, L50, M|
|poke|p2|Salamence, L50, F|
|poke|p2|Indeedee-F, L50, F|
|teampreview|4
|showteam|p1|Gholdengo||LifeOrb|GoodasGold|MakeItRain,ShadowBall,NastyPlot,Protect||||||50|,,,,,Water]Incineroar||SafetyGoggles|Intimidate|FakeOut,KnockOff,PartingShot,FlareBlitz|||F|||50|,,,,,Ghost]Amoonguss||RockyHelmet|Regenerator|PollenPuff,RagePowder,Spore,Protect|||F|||50|,,,,,Dark]Dragonite||LoadedDice|Multiscale|ScaleShot,Tailwind,Haze,Protect|||M|||50|,,,,,Fairy]Tyranitar||AssaultVest|SandStream|RockSlide,LowKick,TeraBlast,Assurance|||M|||50|,,,,,Flying]Garchomp||ClearAmulet|RoughSkin|DragonClaw,Protect,StompingTantrum,Earthquake|||F|||50|,,,,,Fire
|showteam|p2|Glaceon||ChoiceSpecs|SnowCloak|FreezeDry,Blizzard,AlluringVoice,TeraBlast|||M|||50|,,,,,Ice]Ninetales-Alola||FocusSash|SnowWarning|AuroraVeil,IcyWind,Moonblast,HelpingHand|||F|||50|,,,,,Ghost]Arcanine-Hisui||ChoiceBand|Intimidate|FlareBlitz,RockSlide,PsychicFangs,ExtremeSpeed|||F|||50|,,,,,Ghost]Amoonguss||RockyHelmet|Regenerator|RagePowder,Spore,ClearSmog,Protect|||M|||50|,,,,,Water]Salamence||SafetyGoggles|Intimidate|DracoMeteor,DualWingbeat,Tailwind,Protect|||F|||50|,,,,,Steel]Indeedee-F||MentalHerb|PsychicSurge|FollowMe,DazzlingGleam,Imprison,TrickRoom|||F|||50|,,,,,Fairy
|inactive|Battle timer is ON: inactive players will automatically lose when time's up. (requested by Dysarster)
|inactive|luisecanonserna has 60 seconds left.
|
|t:|1756236575
|teamsize|p1|4
|teamsize|p2|4
|start
|switch|p1a: Incineroar|Incineroar, L50, F|100/100
|switch|p1b: Gholdengo|Gholdengo, L50|100/100
|switch|p2a: Salamence|Salamence, L50, F|100/100
|switch|p2b: Arcanine|Arcanine-Hisui, L50, F|100/100
|-ability|p2a: Salamence|Intimidate|boost
|-unboost|p1a: Incineroar|atk|1
|-unboost|p1b: Gholdengo|atk|1
|-ability|p2b: Arcanine|Intimidate|boost
|-unboost|p1a: Incineroar|atk|1
|-unboost|p1b: Gholdengo|atk|1
|-ability|p1a: Incineroar|Intimidate|boost
|-unboost|p2a: Salamence|atk|1
|-unboost|p2b: Arcanine|atk|1
|turn|1
|inactive|luisecanonserna has 30 seconds left.
|inactive|luisecanonserna has 20 seconds left.
|inactive|luisecanonserna has 15 seconds left.
|inactive|luisecanonserna has 10 seconds left.
|
|t:|1756236623
|move|p1a: Incineroar|Fake Out|p2a: Salamence
|-damage|p2a: Salamence|93/100
|cant|p2a: Salamence|flinch
|move|p1b: Gholdengo|Nasty Plot|p1b: Gholdengo
|-boost|p1b: Gholdengo|spa|2
|move|p2b: Arcanine|Flare Blitz|p1b: Gholdengo
|-supereffective|p1b: Gholdengo
|-damage|p1b: Gholdengo|0 fnt
|faint|p1b: Gholdengo
|-damage|p2b: Arcanine|69/100|[from] Recoil
|
|upkeep
|
|t:|1756236635
|switch|p1b: Tyranitar|Tyranitar, L50, M|100/100
|-weather|Sandstorm|[from] ability: Sand Stream|[of] p1b: Tyranitar
|turn|2
|
|t:|1756236649
|switch|p2b: Ninetales|Ninetales-Alola, L50, F|100/100
|-weather|Snowscape|[from] ability: Snow Warning|[of] p2b: Ninetales
|move|p2a: Salamence|Tailwind|p2a: Salamence
|-sidestart|p2: Dysarster|move: Tailwind
|move|p1a: Incineroar|Knock Off|p2a: Salamence
|-damage|p2a: Salamence|68/100
|-enditem|p2a: Salamence|Safety Goggles|[from] move: Knock Off|[of] p1a: Incineroar
|move|p1b: Tyranitar|Rock Slide|p2b: Ninetales|[spread] p2a,p2b
|-supereffective|p2a: Salamence
|-supereffective|p2b: Ninetales
|-damage|p2a: Salamence|0 fnt
|-damage|p2b: Ninetales|44/100
|faint|p2a: Salamence
|
|-weather|Snowscape|[upkeep]
|upkeep
|
|t:|1756236662
|switch|p2a: Glaceon|Glaceon, L50, M|100/100
|turn|3
|inactive|luisecanonserna has 30 seconds left.
|
|t:|1756236691
|-terastallize|p2a: Glaceon|Ice
|move|p2b: Ninetales|Aurora Veil|p2b: Ninetales
|-sidestart|p2: Dysarster|move: Aurora Veil
|move|p2a: Glaceon|Blizzard|p1b: Tyranitar|[spread] p1a,p1b
|-resisted|p1a: Incineroar
|-damage|p1a: Incineroar|58/100
|-damage|p1b: Tyranitar|42/100
|-status|p1a: Incineroar|frz
|cant|p1a: Incineroar|frz
|move|p1b: Tyranitar|Rock Slide|p2a: Glaceon|[spread] p2a,p2b
|-supereffective|p2a: Glaceon
|-supereffective|p2b: Ninetales
|-damage|p2a: Glaceon|75/100
|-damage|p2b: Ninetales|6/100
|
|-weather|Snowscape|[upkeep]
|upkeep
|turn|4
|
|t:|1756236709
|switch|p1b: Amoonguss|Amoonguss, L50, F|100/100
|move|p2b: Ninetales|Helping Hand|p2a: Glaceon
|-singleturn|p2a: Glaceon|Helping Hand|[of] p2b: Ninetales
|move|p2a: Glaceon|Blizzard|p1a: Incineroar|[spread] p1a,p1b
|-resisted|p1a: Incineroar
|-supereffective|p1b: Amoonguss
|-damage|p1a: Incineroar|0 fnt
|-damage|p1b: Amoonguss|0 fnt
|faint|p1a: Incineroar
|faint|p1b: Amoonguss
|
|-weather|Snowscape|[upkeep]
|upkeep
|
|t:|1756236720
|switch|p1a: Tyranitar|Tyranitar, L50, M|42/100
|-weather|Sandstorm|[from] ability: Sand Stream|[of] p1a: Tyranitar
|turn|5
|
|t:|1756236729
|move|p2b: Ninetales|Moonblast|p1a: Tyranitar
|-supereffective|p1a: Tyranitar
|-damage|p1a: Tyranitar|10/100
|-unboost|p1a: Tyranitar|spa|1
|move|p2a: Glaceon|Blizzard|p1a: Tyranitar|[miss]
|-miss|p2a: Glaceon|p1a: Tyranitar
|move|p1a: Tyranitar|Rock Slide|p2b: Ninetales|[spread] p2a,p2b
|-supereffective|p2a: Glaceon
|-supereffective|p2b: Ninetales
|-damage|p2a: Glaceon|42/100
|-damage|p2b: Ninetales|0 fnt
|faint|p2b: Ninetales
|
|-weather|Sandstorm|[upkeep]
|-damage|p2a: Glaceon|36/100|[from] Sandstorm
|-sideend|p2: Dysarster|move: Tailwind
|upkeep
|
|t:|1756236742
|switch|p2b: Arcanine|Arcanine-Hisui, L50, F|69/100
|-ability|p2b: Arcanine|Intimidate|boost
|-unboost|p1a: Tyranitar|atk|1
|turn|6
|
|t:|1756236748
|move|p2b: Arcanine|Extreme Speed|p1a: Tyranitar
|-resisted|p1a: Tyranitar
|-damage|p1a: Tyranitar|0 fnt
|faint|p1a: Tyranitar
|
|win|Dysarster
||luisecanonserna is ready for game 2.
||Dysarster is ready for game 2.
|uhtml|next|Next: Game 2 of 3
|l|☆Dysarster
|player|p2|
