|j|☆Sculked
|j|☆puffinbee
|html|Sculkedpuffinbee    
|uhtml|bestof|Game 2 of a best-of-3
|t:|1784398337
|gametype|doubles
|player|p1|Sculked|will|
|player|p2|puffinbee|1|
|gen|9
|tier|[Gen 9 Champions] VGC 2026 Reg M-B (Bo3)
|rule|Species Clause: Limit one of each Pokémon
|rule|Item Clause: Limit 1 of each item
|clearpoke
|poke|p1|Blastoise, L50, M|
|poke|p1|Meowstic, L50, M|
|poke|p1|Raichu, L50, M|
|poke|p1|Dragonite, L50, F|
|poke|p1|Farigiraf, L50, M, shiny|
|poke|p1|Staraptor, L50, F, shiny|
|poke|p2|Mawile, L50, M|
|poke|p2|Incineroar, L50, F|
|poke|p2|Staraptor, L50, F|
|poke|p2|Farigiraf, L50, M|
|poke|p2|Ampharos, L50, M|
|poke|p2|Basculegion, L50, M|
|teampreview|4
|showteam|p1|Blastoise||WhiteHerb|RainDish|ShellSmash,TerrainPulse,AuraSphere,Protect|Modest||M|||50|]Meowstic||BrightPowder|Prankster|PsychicTerrain,ExpandingForce,BatonPass,CalmMind|Modest||M|||50|]Raichu||RaichuniteY|LightningRod|ZapCannon,Discharge,Protect,FocusBlast|Bold||M|||50|]Dragonite||LifeOrb|Multiscale|IceSpinner,DragonDance,ExtremeSpeed,Earthquake|Jolly||F|||50|]Farigiraf||SitrusBerry|CudChew|PsychicTerrain,EnergyBall,ExpandingForce,Wish|Bold||M|||50|]Staraptor||BlackBelt|Intimidate|CloseCombat,Roost,SteelWing,BlazeKick|Jolly||F|||50|
|showteam|p2|Mawile||Mawilite|HyperCutter|IronHead,PlayRough,SuckerPunch,Protect|Brave||M|||50|]Incineroar||Charcoal|Intimidate|FlareBlitz,PartingShot,FakeOut,DarkestLariat|Adamant||F|||50|]Staraptor||ChoiceScarf|Intimidate|BraveBird,CloseCombat,Uturn,FinalGambit|Bashful||F|||50|]Farigiraf||SitrusBerry|ArmorTail|Psychic,GrassKnot,TrickRoom,HelpingHand|Quiet||M|||50|]Ampharos||Ampharosite|Static|Thunderbolt,DragonPulse,FocusBlast,Protect|Quiet||M|||50|]Basculegion||FocusSash|Adaptability|Liquidation,LastRespects,AquaJet,Protect|Adamant||M|||50|
|
|t:|1784398357
|teamsize|p1|4
|teamsize|p2|4
|start
|switch|p1a: Rhubarb|Farigiraf, L50, M, shiny|100/100
|switch|p1b: Mocha|Staraptor, L50, F, shiny|100/100
|switch|p2a: Staraptor|Staraptor, L50, F|100/100
|switch|p2b: Farigiraf|Farigiraf, L50, M|100/100
|-ability|p2a: Staraptor|Intimidate|boost
|-unboost|p1a: Rhubarb|atk|1
|-unboost|p1b: Mocha|atk|1
|-ability|p1b: Mocha|Intimidate|boost
|-unboost|p2a: Staraptor|atk|1
|-unboost|p2b: Farigiraf|atk|1
|turn|1
|j| M00ncell
|
|t:|1784398388
|move|p2a: Staraptor|Final Gambit|p1a: Rhubarb
|-damage|p1a: Rhubarb|15/100
|-enditem|p1a: Rhubarb|Sitrus Berry|[eat]
|-heal|p1a: Rhubarb|40/100|[from] item: Sitrus Berry
|faint|p2a: Staraptor
|move|p1b: Mocha|Close Combat|p2b: Farigiraf
|-damage|p2b: Farigiraf|71/100
|-unboost|p1b: Mocha|def|1
|-unboost|p1b: Mocha|spd|1
|move|p1a: Rhubarb|Wish|p1a: Rhubarb
|move|p2b: Farigiraf|Trick Room|p2b: Farigiraf
|-fieldstart|move: Trick Room|[of] p2b: Farigiraf
|
|upkeep
|
|t:|1784398402
|switch|p2a: Incineroar|Incineroar, L50, F|100/100
|-ability|p2a: Incineroar|Intimidate|boost
|-unboost|p1a: Rhubarb|atk|1
|-unboost|p1b: Mocha|atk|1
|turn|2
|
|t:|1784398419
|switch|p2b: Mawile|Mawile, L50, M|100/100
|move|p2a: Incineroar|Darkest Lariat|p1a: Rhubarb
|-supereffective|p1a: Rhubarb|1
|-damage|p1a: Rhubarb|0 fnt
|faint|p1a: Rhubarb
|move|p1b: Mocha|Close Combat|p2a: Incineroar
|-supereffective|p2a: Incineroar|1
|-damage|p2a: Incineroar|53/100
|-unboost|p1b: Mocha|def|1
|-unboost|p1b: Mocha|spd|1
|
|upkeep
|
|t:|1784398433
|switch|p1a: Maple|Raichu, L50, M|100/100
|turn|3
|
|t:|1784398445
|switch|p1b: Ryu|Blastoise, L50, M|100/100
|detailschange|p2b: Mawile|Mawile-Mega, L50, M
|-mega|p2b: Mawile|Mawile|Mawilite
|detailschange|p1a: Maple|Raichu-Mega-Y, L50, M
|-mega|p1a: Maple|Raichu|Raichunite Y
|move|p2b: Mawile|Play Rough|p1b: Ryu
|-crit|p1b: Ryu
|-damage|p1b: Ryu|0 fnt
|faint|p1b: Ryu
|move|p2a: Incineroar|Darkest Lariat|p1a: Maple
|-damage|p1a: Maple|50/100g
|move|p1a: Maple|Focus Blast|p2a: Incineroar
|-supereffective|p2a: Incineroar|1
|-damage|p2a: Incineroar|0 fnt
|faint|p2a: Incineroar
|
|upkeep
|
|t:|1784398459
|switch|p2a: Farigiraf|Farigiraf, L50, M|71/100
|switch|p1b: Mocha|Staraptor, L50, F, shiny|100/100
|-ability|p1b: Mocha|Intimidate|boost
|-unboost|p2a: Farigiraf|atk|1
|-unboost|p2b: Mawile|atk|1
|turn|4
|
|t:|1784398479
|move|p2a: Farigiraf|Helping Hand|p2b: Mawile
|-singleturn|p2b: Mawile|Helping Hand|[of] p2a: Farigiraf
|move|p2b: Mawile|Play Rough|p1b: Mocha
|-damage|p1b: Mocha|0 fnt
|faint|p1b: Mocha
|move|p1a: Maple|Zap Cannon|p2b: Mawile
|-damage|p2b: Mawile|27/100
|-status|p2b: Mawile|par
|
|upkeep
|turn|5
|
|t:|1784398501
|move|p2a: Farigiraf|Helping Hand|p2b: Mawile
|-singleturn|p2b: Mawile|Helping Hand|[of] p2a: Farigiraf
|move|p2b: Mawile|Play Rough|p1a: Maple
|-damage|p1a: Maple|0 fnt
|faint|p1a: Maple
|
|win|puffinbee
|c|☆puffinbee|gg
|c|☆Sculked|gg
|c|☆puffinbee|ill upload
|c|☆Sculked|ok ty
|l| M00ncell
