|j|â˜†2727i
|j|â˜†beastingfeasting7
|html|2727ibeastingfeasting7    
|uhtml|bestof|Game 2 of a best-of-3
|t:|1757137722
|gametype|doubles
|player|p1|2727i|steven|1000
|player|p2|beastingfeasting7|hilbert|1070
|gen|9
|tier|[Gen 9] VGC 2025 Reg H (Bo3)
|rated|
|rule|Species Clause: Limit one of each PokÃ©mon
|rule|Item Clause: Limit 1 of each item
|clearpoke
|poke|p1|Archaludon, L50, M|
|poke|p1|Maushold-Four, L50|
|poke|p1|Incineroar, L50, F|
|poke|p1|Amoonguss, L50, M|
|poke|p1|Ursaluna-Bloodmoon, L50, M|
|poke|p1|Indeedee-F, L50, F|
|poke|p2|Basculegion, L50, M|
|poke|p2|Archaludon, L50, M|
|poke|p2|Pelipper, L50, F|
|poke|p2|Sinistcha-Masterpiece, L50|
|poke|p2|Tauros-Paldea-Aqua, L50, M|
|poke|p2|Beartic, L50, M|
|teampreview|4
|showteam|p1|Archaludon||Leftovers|Stamina|BodyPress,ThunderWave,MeteorBeam,Protect|||M|||50|,,,,,Fairy]Maushold-Four||SafetyGoggles|FriendGuard|PopulationBomb,FollowMe,Protect,Taunt||||||50|,,,,,Steel]Incineroar||MentalHerb|Intimidate|FakeOut,Protect,PartingShot,KnockOff|||F|||50|,,,,,Grass]Amoonguss||RockyHelmet|Regenerator|Protect,Spore,GigaDrain,RagePowder|||M|||50|,,,,,Steel]Ursaluna-Bloodmoon||LifeOrb|MindsEye|BloodMoon,Protect,EarthPower,VacuumWave|||M|||50|,,,,,Ghost]Indeedee-F||FocusSash|OwnTempo|TrickRoom,HelpingHand,FollowMe,FakeOut|||F|||50|,,,,,Dragon
|showteam|p2|Basculegion||ChoiceBand|SwiftSwim|WaveCrash,LastRespects,FlipTurn,AquaJet|||M|||50|,,,,,Water]Archaludon||AssaultVest|Stamina|ElectroShot,DragonPulse,FlashCannon,BodyPress|||M|||50|,,,,,Electric]Pelipper||LifeOrb|Drizzle|IcyWind,WeatherBall,Hurricane,WideGuard|||F|||50|,,,,,Ghost]Sinistcha-Masterpiece||RockyHelmet|Hospitality|LifeDew,RagePowder,MatchaGotcha,ShadowBall||||||50|,,,,,Dark]Tauros-Paldea-Aqua||MarangaBerry|AngerPoint|Trailblaze,RagingBull,CloseCombat,Protect|||M|||50|,,,,,Steel]Beartic||LoadedDice|SwiftSwim|FrostBreath,IcicleSpear,Earthquake,Protect|||M|||50|,,,,,Ghost
|inactive|Battle timer is ON: inactive players will automatically lose when time's up. (requested by beastingfeasting7)
|
|t:|1757137743
|teamsize|p1|4
|teamsize|p2|4
|start
|switch|p1a: Incineroar|Incineroar, L50, F|100/100
|switch|p1b: Archaludon|Archaludon, L50, M, shiny|100/100
|switch|p2a: Pelipper|Pelipper, L50, F|100/100
|switch|p2b: Beartic|Beartic, L50, M, shiny|100/100
|-weather|RainDance|[from] ability: Drizzle|[of] p2a: Pelipper
|-ability|p1a: Incineroar|Intimidate|boost
|-unboost|p2a: Pelipper|atk|1
|-unboost|p2b: Beartic|atk|1
|turn|1
|inactive|beastingfeasting7 has 30 seconds left.
|
|t:|1757137777
|move|p1a: Incineroar|Fake Out|p2a: Pelipper
|-damage|p2a: Pelipper|86/100
|move|p2b: Beartic|Icicle Spear|p1b: Archaludon
|-damage|p1b: Archaludon|95/100
|-ability|p1b: Archaludon|Stamina|boost
|-boost|p1b: Archaludon|def|1
|-damage|p1b: Archaludon|92/100
|-ability|p1b: Archaludon|Stamina|boost
|-boost|p1b: Archaludon|def|1
|-damage|p1b: Archaludon|89/100
|-ability|p1b: Archaludon|Stamina|boost
|-boost|p1b: Archaludon|def|1
|-damage|p1b: Archaludon|87/100
|-ability|p1b: Archaludon|Stamina|boost
|-boost|p1b: Archaludon|def|1
|-hitcount|p1b: Archaludon|4
|cant|p2a: Pelipper|flinch
|move|p1b: Archaludon|Thunder Wave|p2b: Beartic
|-status|p2b: Beartic|par
|
|-weather|RainDance|[upkeep]
|-heal|p1b: Archaludon|93/100|[from] item: Leftovers
|upkeep
|turn|2
|c|â˜†beastingfeasting7|fuck I did not think that through
|inactive|2727i has 30 seconds left.
|inactive|beastingfeasting7 has 30 seconds left.
|inactive|beastingfeasting7 has 20 seconds left.
|inactive|beastingfeasting7 has 15 seconds left.
|
|t:|1757137818
|move|p2a: Pelipper|Weather Ball|p1a: Incineroar
|-supereffective|p1a: Incineroar
|-damage|p1a: Incineroar|0 fnt
|faint|p1a: Incineroar
|-damage|p2a: Pelipper|76/100|[from] item: Life Orb
|move|p1b: Archaludon|Body Press|p2b: Beartic
|-supereffective|p2b: Beartic
|-damage|p2b: Beartic|0 fnt
|faint|p2b: Beartic
|
|-weather|RainDance|[upkeep]
|-heal|p1b: Archaludon|99/100|[from] item: Leftovers
|upkeep
|
|t:|1757137842
|switch|p2b: Sinistcha|Sinistcha-Masterpiece, L50|100/100
|switch|p1a: Amoonguss|Amoonguss, L50, M|100/100
|-heal|p2a: Pelipper|100/100|[from] ability: Hospitality|[of] p2b: Sinistcha
|turn|3
|
|t:|1757137869
|move|p2b: Sinistcha|Rage Powder|p2b: Sinistcha
|-singleturn|p2b: Sinistcha|move: Rage Powder
|move|p2a: Pelipper|Hurricane|p1a: Amoonguss
|-supereffective|p1a: Amoonguss
|-damage|p1a: Amoonguss|26/100
|-start|p1a: Amoonguss|confusion
|-damage|p2a: Pelipper|91/100|[from] item: Life Orb
|move|p1b: Archaludon|Meteor Beam||[still]
|-prepare|p1b: Archaludon|Meteor Beam
|-boost|p1b: Archaludon|spa|1
|-activate|p1a: Amoonguss|confusion
|-damage|p1a: Amoonguss|20/100|[from] confusion
|
|-weather|RainDance|[upkeep]
|-heal|p1b: Archaludon|100/100|[from] item: Leftovers
|upkeep
|turn|4
|
|t:|1757137891
|switch|p1a: Ursaluna|Ursaluna-Bloodmoon, L50, M|100/100
|move|p2b: Sinistcha|Rage Powder|p2b: Sinistcha
|-singleturn|p2b: Sinistcha|move: Rage Powder
|move|p2a: Pelipper|Hurricane|p1a: Ursaluna
|-damage|p1a: Ursaluna|34/100
|-damage|p2a: Pelipper|81/100|[from] item: Life Orb
|move|p1b: Archaludon|Meteor Beam|p2b: Sinistcha|[from] lockedmove
|-damage|p2b: Sinistcha|58/100
|
|-weather|RainDance|[upkeep]
|upkeep
|turn|5
|inactive|2727i has 30 seconds left.
|
|t:|1757137921
|switch|p2a: Archaludon|Archaludon, L50, M, shiny|100/100
|-terastallize|p1b: Archaludon|Fairy
|move|p1b: Archaludon|Meteor Beam||[still]
|-prepare|p1b: Archaludon|Meteor Beam
|-boost|p1b: Archaludon|spa|1
|move|p2b: Sinistcha|Matcha Gotcha|p1b: Archaludon|[spread] p1a,p1b
|-supereffective|p1a: Ursaluna
|-damage|p1a: Ursaluna|0 fnt
|-heal|p2b: Sinistcha|79/100|[from] drain|[of] p1a: Ursaluna
|-damage|p1b: Archaludon|70/100
|-heal|p2b: Sinistcha|96/100|[from] drain|[of] p1b: Archaludon
|-ability|p1b: Archaludon|Stamina|boost
|-boost|p1b: Archaludon|def|1
|faint|p1a: Ursaluna
|
|-weather|none
|-heal|p1b: Archaludon|76/100|[from] item: Leftovers
|upkeep
|
|t:|1757137938
|switch|p1a: Amoonguss|Amoonguss, L50, M|53/100
|turn|6
|inactive|beastingfeasting7 has 30 seconds left.
|inactive|beastingfeasting7 has 20 seconds left.
|
|t:|1757137977
|move|p2a: Archaludon|Dragon Pulse|p1a: Amoonguss
|-damage|p1a: Amoonguss|28/100
|move|p1b: Archaludon|Meteor Beam|p2a: Archaludon|[from] lockedmove
|-resisted|p2a: Archaludon
|-damage|p2a: Archaludon|73/100
|-ability|p2a: Archaludon|Stamina|boost
|-boost|p2a: Archaludon|def|1
|move|p2b: Sinistcha|Matcha Gotcha|p1a: Amoonguss|[spread] p1a,p1b
|-resisted|p1a: Amoonguss
|-damage|p1a: Amoonguss|24/100
|-heal|p2b: Sinistcha|98/100|[from] drain|[of] p1a: Amoonguss
|-damage|p1b: Archaludon|47/100
|-heal|p2b: Sinistcha|100/100|[from] drain|[of] p1b: Archaludon
|-status|p1b: Archaludon|brn
|-ability|p1b: Archaludon|Stamina|boost
|-boost|p1b: Archaludon|def|1
|move|p1a: Amoonguss|Spore|p2a: Archaludon
|-status|p2a: Archaludon|slp|[from] move: Spore
|
|-heal|p1b: Archaludon|53/100 brn|[from] item: Leftovers
|-damage|p1b: Archaludon|47/100 brn|[from] brn
|upkeep
|turn|7
|inactive|2727i has 30 seconds left.
|inactive|beastingfeasting7 has 30 seconds left.
|
|t:|1757138007
|move|p1a: Amoonguss|Rage Powder|p1a: Amoonguss
|-singleturn|p1a: Amoonguss|move: Rage Powder
|cant|p2a: Archaludon|slp
|move|p1b: Archaludon|Body Press|p2a: Archaludon
|-supereffective|p2a: Archaludon
|-damage|p2a: Archaludon|21/100 slp
|-ability|p2a: Archaludon|Stamina|boost
|-boost|p2a: Archaludon|def|1
|move|p2b: Sinistcha|Shadow Ball|p1a: Amoonguss
|-crit|p1a: Amoonguss
|-damage|p1a: Amoonguss|0 fnt
|faint|p1a: Amoonguss
|
|-heal|p1b: Archaludon|53/100 brn|[from] item: Leftovers
|-damage|p1b: Archaludon|47/100 brn|[from] brn
|upkeep
|turn|8
|
|t:|1757138027
|move|p2b: Sinistcha|Rage Powder|p2b: Sinistcha
|-singleturn|p2b: Sinistcha|move: Rage Powder
|-curestatus|p2a: Archaludon|slp|[msg]
|move|p2a: Archaludon|Flash Cannon|p1b: Archaludon
|-supereffective|p1b: Archaludon
|-damage|p1b: Archaludon|0 fnt
|faint|p1b: Archaludon
|
|win|beastingfeasting7
|raw|2727i's rating: 1000 → 1000(+0 for losing)
|raw|beastingfeasting7's rating: 1070 → 1094(+24 for winning)
|l|â˜†2727i
|player|p1|
