|j|☆dondozo ate my son
|j|☆Gozante
|html|dondozo ate my sonGozante    
|uhtml|bestof|Game 1 of a best-of-3
|t:|1783647160
|gametype|doubles
|player|p1|dondozo ate my son|102|1289
|player|p2|Gozante|1|1463
|gen|9
|tier|[Gen 9 Champions] VGC 2026 Reg M-B (Bo3)
|rated|
|rule|Species Clause: Limit one of each Pokémon
|rule|Item Clause: Limit 1 of each item
|clearpoke
|poke|p1|Floette-Eternal, L50, F|
|poke|p1|Sneasler, L50, F|
|poke|p1|Incineroar, L50, M|
|poke|p1|Sinistcha, L50|
|poke|p1|Garchomp, L50, M|
|poke|p1|Kingambit, L50, F|
|poke|p2|Charizard, L50, M|
|poke|p2|Incineroar, L50, M|
|poke|p2|Sylveon, L50, F|
|poke|p2|Farigiraf, L50, F|
|poke|p2|Garchomp, L50, F|
|poke|p2|Aerodactyl, L50, M|
|teampreview|4
|showteam|p1|Floette-Eternal||Floettite|FlowerVeil|DazzlingGleam,DrainingKiss,Protect,CalmMind|Bold||F|||50|]Sneasler||FocusSash|PoisonTouch|FakeOut,PoisonJab,CloseCombat,Protect|Jolly||F|||50|]Incineroar||SitrusBerry|Intimidate|FakeOut,FlareBlitz,PartingShot,DarkestLariat|Careful||M|||50|]Sinistcha||Leftovers|Hospitality|MatchaGotcha,Protect,TrickRoom,RagePowder|Bold|||||50|]Garchomp||LifeOrb|RoughSkin|Protect,StompingTantrum,RockSlide,DragonClaw|Jolly||M|||50|]Kingambit||ChopleBerry|Defiant|KowtowCleave,SuckerPunch,IronHead,Protect|Adamant||F|||50|
|showteam|p2|Charizard||CharizarditeY|Blaze|HeatWave,WeatherBall,SolarBeam,Protect|Modest||M|||50|]Incineroar||Charcoal|Intimidate|FlareBlitz,DarkestLariat,FakeOut,PartingShot|Brave||M|||50|]Sylveon||FairyFeather|Pixilate|HyperVoice,Yawn,QuickAttack,Protect|Modest||F|||50|]Farigiraf||SitrusBerry|ArmorTail|Psychic,HelpingHand,TrickRoom,Protect|Calm||F|||50|]Garchomp||LifeOrb|RoughSkin|Earthquake,Protect,DragonClaw,StompingTantrum|Jolly||F|||50|]Aerodactyl||FocusSash|Unnerve|RockSlide,Tailwind,WideGuard,Protect|Jolly||M|||50|
|inactive|Battle timer is ON: inactive players will automatically lose when time's up. (requested by dondozo ate my son)
|
|t:|1783647208
|teamsize|p1|4
|teamsize|p2|4
|start
|switch|p1a: Incineroar|Incineroar, L50, M|100/100
|switch|p1b: Floette|Floette-Eternal, L50, F|100/100
|switch|p2a: Incineroar|Incineroar, L50, M|100/100
|switch|p2b: Charizard|Charizard, L50, M|100/100
|-ability|p1a: Incineroar|Intimidate|boost
|-unboost|p2a: Incineroar|atk|1
|-unboost|p2b: Charizard|atk|1
|-ability|p2a: Incineroar|Intimidate|boost
|-unboost|p1a: Incineroar|atk|1
|-unboost|p1b: Floette|atk|1
|turn|1
|
|t:|1783647218
|detailschange|p2b: Charizard|Charizard-Mega-Y, L50, M
|-mega|p2b: Charizard|Charizard|Charizardite Y
|-weather|SunnyDay|[from] ability: Drought|[of] p2b: Charizard
|detailschange|p1b: Floette|Floette-Mega, L50, F
|-mega|p1b: Floette|Floette|Floettite
|-ability|p1b: Floette|Fairy Aura
|move|p1b: Floette|Protect|p1b: Floette
|-singleturn|p1b: Floette|Protect
|move|p2a: Incineroar|Fake Out|p1b: Floette
|-activate|p1b: Floette|move: Protect
|move|p2b: Charizard|Weather Ball|p1b: Floette
|-activate|p1b: Floette|move: Protect
|move|p1a: Incineroar|Parting Shot|p2b: Charizard
|-unboost|p2b: Charizard|atk|1
|-unboost|p2b: Charizard|spa|1
|
|t:|1783647231
|switch|p1a: Garchomp|Garchomp, L50, M|100/100|[from] Parting Shot
|
|-weather|SunnyDay|[upkeep]
|upkeep
|turn|2
|
|t:|1783647236
|switch|p2b: Garchomp|Garchomp, L50, F|100/100
|move|p1a: Garchomp|Rock Slide|p2b: Garchomp|[spread] p2a,p2b
|-supereffective|p2a: Incineroar|1
|-resisted|p2b: Garchomp|1
|-damage|p2a: Incineroar|49/100
|-damage|p2b: Garchomp|87/100
|-damage|p1a: Garchomp|90/100|[from] item: Life Orb
|move|p1b: Floette|Calm Mind|p1b: Floette
|-boost|p1b: Floette|spa|1
|-boost|p1b: Floette|spd|1
|move|p2a: Incineroar|Flare Blitz|p1b: Floette
|-damage|p1b: Floette|37/100
|-damage|p2a: Incineroar|30/100|[from] Recoil
|
|-weather|SunnyDay|[upkeep]
|upkeep
|turn|3
|
|t:|1783647260
|switch|p1b: Incineroar|Incineroar, L50, M|100/100
|-ability|p1b: Incineroar|Intimidate|boost
|-unboost|p2a: Incineroar|atk|1
|-unboost|p2b: Garchomp|atk|1
|move|p2b: Garchomp|Protect|p2b: Garchomp
|-singleturn|p2b: Garchomp|Protect
|move|p1a: Garchomp|Dragon Claw|p2b: Garchomp
|-activate|p2b: Garchomp|move: Protect
|move|p2a: Incineroar|Parting Shot|p1a: Garchomp
|-unboost|p1a: Garchomp|atk|1
|-unboost|p1a: Garchomp|spa|1
|
|t:|1783647271
|switch|p2a: Sylveon|Sylveon, L50, F|100/100|[from] Parting Shot
|
|-weather|SunnyDay|[upkeep]
|upkeep
|turn|4
|
|t:|1783647280
|switch|p2b: Charizard|Charizard-Mega-Y, L50, M|100/100
|move|p2a: Sylveon|Protect|p2a: Sylveon
|-singleturn|p2a: Sylveon|Protect
|move|p1a: Garchomp|Stomping Tantrum|p2a: Sylveon
|-activate|p2a: Sylveon|move: Protect
|move|p1b: Incineroar|Flare Blitz|p2a: Sylveon
|-activate|p2a: Sylveon|move: Protect
|
|-weather|SunnyDay|[upkeep]
|upkeep
|turn|5
|
|t:|1783647298
|move|p1a: Garchomp|Rock Slide|p2a: Sylveon|[spread] p2a,p2b
|-supereffective|p2b: Charizard|2
|-damage|p2a: Sylveon|80/100
|-damage|p2b: Charizard|37/100
|-damage|p1a: Garchomp|80/100|[from] item: Life Orb
|move|p2b: Charizard|Weather Ball|p1b: Incineroar
|-resisted|p1b: Incineroar|1
|-crit|p1b: Incineroar
|-damage|p1b: Incineroar|47/100
|-enditem|p1b: Incineroar|Sitrus Berry|[eat]
|-heal|p1b: Incineroar|72/100|[from] item: Sitrus Berry
|cant|p2a: Sylveon|flinch
|move|p1b: Incineroar|Flare Blitz|p2b: Charizard
|-resisted|p2b: Charizard|1
|-damage|p2b: Charizard|6/100
|-damage|p1b: Incineroar|63/100|[from] Recoil
|
|-weather|none
|upkeep
|turn|6
|
|t:|1783647322
|move|p2b: Charizard|Protect|p2b: Charizard
|-singleturn|p2b: Charizard|Protect
|move|p1a: Garchomp|Rock Slide|p2a: Sylveon|[spread] p2a
|-activate|p2b: Charizard|move: Protect
|-damage|p2a: Sylveon|61/100
|-damage|p1a: Garchomp|70/100|[from] item: Life Orb
|move|p2a: Sylveon|Hyper Voice|p1a: Garchomp|[spread] p1a,p1b
|-supereffective|p1a: Garchomp|1
|-damage|p1a: Garchomp|0 fnt
|-damage|p1b: Incineroar|28/100
|faint|p1a: Garchomp
|move|p1b: Incineroar|Flare Blitz|p2a: Sylveon
|-damage|p2a: Sylveon|7/100
|-damage|p1b: Incineroar|12/100|[from] Recoil
|
|upkeep
|
|t:|1783647327
|switch|p1a: Kingambit|Kingambit, L50, F|100/100
|turn|7
|
|t:|1783647348
|move|p2a: Sylveon|Quick Attack|p1b: Incineroar
|-damage|p1b: Incineroar|1/100
|move|p1a: Kingambit|Sucker Punch|p2b: Charizard
|-damage|p2b: Charizard|0 fnt
|faint|p2b: Charizard
|move|p1b: Incineroar|Flare Blitz|p2a: Sylveon
|-damage|p2a: Sylveon|0 fnt
|faint|p2a: Sylveon
|-damage|p1b: Incineroar|0 fnt|[from] Recoil
|faint|p1b: Incineroar
|
|upkeep
|
|t:|1783647354
|switch|p2b: Garchomp|Garchomp, L50, F|87/100
|switch|p2a: Incineroar|Incineroar, L50, M|30/100
|switch|p1b: Floette|Floette-Mega, L50, F|37/100
|-ability|p1b: Floette|Fairy Aura
|-ability|p2a: Incineroar|Intimidate|boost
|-unboost|p1a: Kingambit|atk|1
|-ability|p1a: Kingambit|Defiant|boost
|-boost|p1a: Kingambit|atk|2
|-unboost|p1b: Floette|atk|1
|turn|8
|
|t:|1783647367
|move|p1b: Floette|Protect|p1b: Floette
|-singleturn|p1b: Floette|Protect
|move|p1a: Kingambit|Protect|p1a: Kingambit
|-singleturn|p1a: Kingambit|Protect
|move|p2a: Incineroar|Fake Out|p1a: Kingambit
|-activate|p1a: Kingambit|move: Protect
|move|p2b: Garchomp|Stomping Tantrum|p1b: Floette
|-activate|p1b: Floette|move: Protect
|
|upkeep
|turn|9
|
|t:|1783647388
|move|p1a: Kingambit|Sucker Punch|p2b: Garchomp
|-damage|p2b: Garchomp|31/100
|-damage|p1a: Kingambit|87/100|[from] ability: Rough Skin|[of] p2b: Garchomp
|move|p2b: Garchomp|Stomping Tantrum|p1b: Floette
|-damage|p1b: Floette|0 fnt
|faint|p1b: Floette
|-damage|p2b: Garchomp|21/100|[from] item: Life Orb
|move|p2a: Incineroar|Flare Blitz|p1a: Kingambit
|-supereffective|p1a: Kingambit|1
|-damage|p1a: Kingambit|0 fnt
|faint|p1a: Kingambit
|-damage|p2a: Incineroar|1/100|[from] Recoil
|
|win|Gozante
||Gozante is ready for game 2.
|inactive|dondozo ate my son has 30 seconds to confirm battle start!
