|j|☆ikerros2010
|j|☆rojo53
|html|ikerros2010rojo53    
|uhtml|bestof|Game 1 of a best-of-3
|t:|1783359105
|gametype|doubles
|player|p1|ikerros2010|benga|
|player|p2|rojo53|adaman|
|gen|9
|tier|[Gen 9 Champions] VGC 2026 Reg M-B (Bo3)
|rule|Species Clause: Limit one of each Pokémon
|rule|Item Clause: Limit 1 of each item
|clearpoke
|poke|p1|Delphox, L50, F|
|poke|p1|Sylveon, L50, M|
|poke|p1|Sneasler, L50, F|
|poke|p1|Incineroar, L50, F|
|poke|p1|Sinistcha-Masterpiece, L50|
|poke|p1|Kingambit, L50, M|
|poke|p2|Tyranitar, L50, M|
|poke|p2|Excadrill, L50, F|
|poke|p2|Gyarados, L50, F|
|poke|p2|Mimikyu, L50, F|
|poke|p2|Typhlosion-Hisui, L50, M|
|poke|p2|Kingambit, L50, M|
|teampreview|4
|showteam|p1|Delphox||Delphoxite|Blaze|HeatWave,Psychic,Protect,NastyPlot|Timid||F|||50|]Sylveon||FairyFeather|Pixilate|HyperBeam,HyperVoice,Protect,QuickAttack|Modest||M|||50|]Sneasler||FocusSash|PoisonTouch|CloseCombat,DireClaw,QuickGuard,FakeOut|Jolly||F|||50|]Incineroar||SitrusBerry|Intimidate|FakeOut,DarkestLariat,PartingShot,FlareBlitz|Impish||F|||50|]Sinistcha-Masterpiece||KasibBerry|Hospitality|MatchaGotcha,RagePowder,Protect,TrickRoom|Relaxed|||||50|]Kingambit||BlackGlasses|Defiant|KowtowCleave,SuckerPunch,SwordsDance,Protect|Adamant||M|||50|
|showteam|p2|Tyranitar||Tyranitarite|SandStream|RockSlide,KnockOff,DragonDance,Protect|Adamant||M|||50|]Excadrill||FocusSash|SandRush|RockSlide,HighHorsepower,IronHead,Protect|Adamant||F|||50|]Gyarados||SitrusBerry|Intimidate|Waterfall,IceFang,DragonDance,Protect|Adamant||F|||50|]Mimikyu||WhiteHerb|Disguise|PlayRough,ShadowSneak,ShadowClaw,Protect|Adamant||F|||50|]Typhlosion-Hisui||ChoiceScarf|Blaze|HeatWave,ShadowBall,Overheat,Eruption|Modest||M|||50|]Kingambit||BlackGlasses|Defiant|KowtowCleave,SuckerPunch,IronHead,Protect|Adamant||M|||50|
|c|☆rojo53|Empiezo con sun y luego con un sun
|c|☆rojo53|con sand*
|c|☆ikerros2010|okay
|inactive|Battle timer is ON: inactive players will automatically lose when time's up. (requested by ikerros2010)
|inactive|ikerros2010 has 60 seconds left.
|
|t:|1783359184
|teamsize|p1|4
|teamsize|p2|4
|start
|switch|p1a: Sneasler|Sneasler, L50, F|100/100
|switch|p1b: Kingambit|Kingambit, L50, M|100/100
|switch|p2a: Mimi|Mimikyu, L50, F|100/100
|switch|p2b: Typhlosion|Typhlosion-Hisui, L50, M|100/100
|turn|1
|
|t:|1783359204
|move|p1b: Kingambit|Protect|p1b: Kingambit
|-singleturn|p1b: Kingambit|Protect
|move|p2b: Typhlosion|Eruption|p1b: Kingambit|[spread] p1a
|-activate|p1b: Kingambit|move: Protect
|-damage|p1a: Sneasler|9/100
|move|p1a: Sneasler|Dire Claw|p2b: Typhlosion
|-resisted|p2b: Typhlosion|1
|-damage|p2b: Typhlosion|71/100
|move|p2a: Mimi|Play Rough|p1a: Sneasler
|-damage|p1a: Sneasler|0 fnt
|faint|p1a: Sneasler
|
|upkeep
|
|t:|1783359218
|switch|p1a: Sylveon|Sylveon, L50, M|100/100
|turn|2
|
|t:|1783359231
|move|p1b: Kingambit|Sucker Punch|p2b: Typhlosion
|-supereffective|p2b: Typhlosion|1
|-damage|p2b: Typhlosion|0 fnt
|faint|p2b: Typhlosion
|move|p2a: Mimi|Play Rough|p1a: Sylveon
|-damage|p1a: Sylveon|58/100
|move|p1a: Sylveon|Hyper Voice|p2a: Mimi
|-activate|p2a: Mimi|ability: Disguise
|-damage|p2a: Mimi|100/100
|detailschange|p2a: Mimi|Mimikyu-Busted, L50, F
|-damage|p2a: Mimi|87/100|[from] pokemon: Mimikyu-Busted
|
|upkeep
|
|t:|1783359240
|switch|p2b: Ratatopo|Excadrill, L50, F|100/100
|turn|3
|
|t:|1783359260
|switch|p2a: Tyranitar|Tyranitar, L50, M|100/100
|-weather|Sandstorm|[from] ability: Sand Stream|[of] p2a: Tyranitar
|move|p1a: Sylveon|Protect|p1a: Sylveon
|-singleturn|p1a: Sylveon|Protect
|move|p2b: Ratatopo|High Horsepower|p1b: Kingambit
|-supereffective|p1b: Kingambit|1
|-damage|p1b: Kingambit|15/100
|move|p1b: Kingambit|Kowtow Cleave|p2a: Tyranitar
|-resisted|p2a: Tyranitar|1
|-damage|p2a: Tyranitar|77/100
|
|-weather|Sandstorm|[upkeep]
|-damage|p1a: Sylveon|51/100|[from] Sandstorm
|upkeep
|turn|4
|
|t:|1783359278
|switch|p1b: Sinistcha|Sinistcha-Masterpiece, L50|100/100
|-heal|p1a: Sylveon|76/100|[from] ability: Hospitality|[of] p1b: Sinistcha
|move|p2b: Ratatopo|Rock Slide|p1a: Sylveon|[spread] p1a,p1b
|-damage|p1a: Sylveon|49/100
|-damage|p1b: Sinistcha|82/100
|move|p1a: Sylveon|Hyper Voice|p2b: Ratatopo|[spread] p2a,p2b
|-supereffective|p2a: Tyranitar|1
|-resisted|p2b: Ratatopo|1
|-damage|p2a: Tyranitar|19/100
|-damage|p2b: Ratatopo|66/100
|move|p2a: Tyranitar|Rock Slide|p1a: Sylveon|[spread] p1a,p1b
|-damage|p1a: Sylveon|11/100
|-damage|p1b: Sinistcha|55/100
|
|-weather|Sandstorm|[upkeep]
|-damage|p1a: Sylveon|5/100|[from] Sandstorm
|-damage|p1b: Sinistcha|49/100|[from] Sandstorm
|upkeep
|turn|5
|
|t:|1783359297
|switch|p1a: Kingambit|Kingambit, L50, M|15/100
|detailschange|p2a: Tyranitar|Tyranitar-Mega, L50, M
|-mega|p2a: Tyranitar|Tyranitar|Tyranitarite
|move|p2b: Ratatopo|Rock Slide|p1b: Sinistcha|[spread] p1a,p1b
|-resisted|p1a: Kingambit|1
|-damage|p1a: Kingambit|6/100
|-damage|p1b: Sinistcha|33/100
|move|p2a: Tyranitar|Knock Off|p1b: Sinistcha
|-supereffective|p1b: Sinistcha|1
|-damage|p1b: Sinistcha|0 fnt
|-enditem|p1b: Sinistcha|Kasib Berry|[from] move: Knock Off|[of] p2a: Tyranitar
|faint|p1b: Sinistcha
|
|-weather|Sandstorm|[upkeep]
|upkeep
|
|t:|1783359306
|switch|p1b: Sylveon|Sylveon, L50, M|5/100
|turn|6
|
|t:|1783359311
|switch|p2a: Mimi|Mimikyu-Busted, L50, F|87/100
|move|p1b: Sylveon|Quick Attack|p2a: Mimi
|-damage|p2a: Mimi|65/100
|move|p1a: Kingambit|Sucker Punch|p2b: Ratatopo
|-damage|p2b: Ratatopo|0 fnt
|faint|p2b: Ratatopo
|
|-weather|Sandstorm|[upkeep]
|-damage|p2a: Mimi|59/100|[from] Sandstorm
|-damage|p1b: Sylveon|0 fnt|[from] Sandstorm
|faint|p1b: Sylveon
|upkeep
|
|t:|1783359317
|switch|p2b: Tyranitar|Tyranitar-Mega, L50, M|19/100
|turn|7
|
|t:|1783359322
|move|p2a: Mimi|Shadow Sneak|p1a: Kingambit
|-resisted|p1a: Kingambit|1
|-damage|p1a: Kingambit|0 fnt
|faint|p1a: Kingambit
|
|win|rojo53
||ikerros2010 is ready for game 2.
||rojo53 is ready for game 2.
|uhtml|next|Next: Game 2 of 3
|l|☆ikerros2010
|player|p1|
|l|☆rojo53
|player|p2|
|j|☆rojo53
|player|p2|rojo53|adaman|
