|j|☆Pokemidevo1
|j|☆ZilverZurfer
|html|Pokemidevo1ZilverZurfer    
|uhtml|bestof|Game 1 of a best-of-3
|t:|1757628696
|gametype|doubles
|player|p1|Pokemidevo1|102|1052
|player|p2|ZilverZurfer|2|1147
|gen|9
|tier|[Gen 9] VGC 2025 Reg H (Bo3)
|rated|
|rule|Species Clause: Limit one of each Pokémon
|rule|Item Clause: Limit 1 of each item
|clearpoke
|poke|p1|Gholdengo, L50|
|poke|p1|Incineroar, L50, F|
|poke|p1|Amoonguss, L50, F|
|poke|p1|Garchomp, L50, M|
|poke|p1|Sneasler, L50, M|
|poke|p1|Porygon2, L50|
|poke|p2|Torkoal, L50, M|
|poke|p2|Lilligant-Hisui, L50, F|
|poke|p2|Indeedee-F, L50, F|
|poke|p2|Hatterene, L50, F|
|poke|p2|Gallade, L50, M|
|poke|p2|Ursaluna, L50, F|
|teampreview|4
|showteam|p1|Gholdengo||LifeOrb|GoodasGold|MakeItRain,ShadowBall,NastyPlot,Protect||||||50|,,,,,Water]Incineroar||SafetyGoggles|Intimidate|FakeOut,KnockOff,FlareBlitz,PartingShot|||F|||50|,,,,,Ghost]Amoonguss||SitrusBerry|Regenerator|RagePowder,PollenPuff,ClearSmog,Spore|||F|||50|,,,,,Water]Garchomp||ClearAmulet|RoughSkin|Earthquake,StompingTantrum,DragonClaw,Protect|||M|||50|,,,,,Fire]Sneasler||FocusSash|PoisonTouch|Coaching,CloseCombat,DireClaw,Protect|||M|||50|,,,,,Stellar]Porygon2||Eviolite|Download|TeraBlast,IceBeam,TrickRoom,Recover||||||50|,,,,,Ground
|showteam|p2|Torkoal||ChoiceSpecs|Drought|Eruption,HeatWave,EarthPower,WeatherBall|||M|||50|,,,,,Fire]Lilligant-Hisui||FocusSash|Chlorophyll|Protect,AfterYou,CloseCombat,SolarBlade|||F|||50|,,,,,Ghost]Indeedee-F||PsychicSeed|PsychicSurge|Psychic,HelpingHand,TrickRoom,FollowMe|||F|||50|,,,,,Water]Hatterene||LifeOrb|MagicBounce|Protect,ExpandingForce,DazzlingGleam,TrickRoom|||F|||50|,,,,,Fire]Gallade||ClearAmulet|Sharpness|SacredSword,PsychoCut,TrickRoom,WideGuard|||M|||50|,,,,,Grass]Ursaluna||FlameOrb|Guts|Protect,HeadlongRush,Earthquake,Facade|||F|||50|,,,,,Ghost
|inactive|Battle timer is ON: inactive players will automatically lose when time's up. (requested by ZilverZurfer)
|inactive|ZilverZurfer has 60 seconds left.
|
|t:|1757628748
|teamsize|p1|4
|teamsize|p2|4
|start
|switch|p1a: Gholdengo|Gholdengo, L50|100/100
|switch|p1b: Incineroar|Incineroar, L50, F|100/100
|switch|p2a: Torkoal|Torkoal, L50, M|100/100
|switch|p2b: Lilligant|Lilligant-Hisui, L50, F|100/100
|-ability|p1b: Incineroar|Intimidate|boost
|-unboost|p2a: Torkoal|atk|1
|-unboost|p2b: Lilligant|atk|1
|-weather|SunnyDay|[from] ability: Drought|[of] p2a: Torkoal
|turn|1
|inactive|Pokemidevo1 has 30 seconds left.
|inactive|ZilverZurfer has 30 seconds left.
|inactive|Pokemidevo1 has 20 seconds left.
|
|t:|1757628784
|switch|p2a: Ursaluna|Ursaluna, L50, F|100/100
|move|p1a: Gholdengo|Protect|p1a: Gholdengo
|-singleturn|p1a: Gholdengo|Protect
|move|p2b: Lilligant|Close Combat|p1b: Incineroar
|-supereffective|p1b: Incineroar
|-damage|p1b: Incineroar|46/100
|-unboost|p2b: Lilligant|def|1
|-unboost|p2b: Lilligant|spd|1
|move|p1b: Incineroar|Parting Shot|p2a: Ursaluna
|-unboost|p2a: Ursaluna|atk|1
|-unboost|p2a: Ursaluna|spa|1
|inactive|Pokemidevo1 has 30 seconds left.
|
|t:|1757628809
|switch|p1b: Amoonguss|Amoonguss, L50, F|100/100|[from] Parting Shot
|
|-weather|SunnyDay|[upkeep]
|-status|p2a: Ursaluna|brn|[from] item: Flame Orb
|upkeep
|turn|2
|
|t:|1757628829
|switch|p1a: Incineroar|Incineroar, L50, F|46/100
|-ability|p1a: Incineroar|Intimidate|boost
|-unboost|p2a: Ursaluna|atk|1
|-unboost|p2b: Lilligant|atk|1
|move|p2b: Lilligant|After You|p2a: Ursaluna
|-activate|p2a: Ursaluna|move: After You
|move|p2a: Ursaluna|Headlong Rush|p1a: Incineroar
|-supereffective|p1a: Incineroar
|-crit|p1a: Incineroar
|-damage|p1a: Incineroar|0 fnt
|-unboost|p2a: Ursaluna|def|1
|-unboost|p2a: Ursaluna|spd|1
|faint|p1a: Incineroar
|move|p1b: Amoonguss|Pollen Puff|p2b: Lilligant
|-damage|p2b: Lilligant|57/100
|
|-weather|SunnyDay|[upkeep]
|-damage|p2a: Ursaluna|94/100 brn|[from] brn
|upkeep
|
|t:|1757628846
|switch|p1a: Gholdengo|Gholdengo, L50|100/100
|turn|3
|inactive|Pokemidevo1 has 30 seconds left.
|
|t:|1757628880
|switch|p2a: Indeedee|Indeedee-F, L50, F|100/100
|-fieldstart|move: Psychic Terrain|[from] ability: Psychic Surge|[of] p2a: Indeedee
|-enditem|p2a: Indeedee|Psychic Seed
|-boost|p2a: Indeedee|spd|1|[from] item: Psychic Seed
|-terastallize|p1a: Gholdengo|Water
|move|p2b: Lilligant|Protect|p2b: Lilligant
|-singleturn|p2b: Lilligant|Protect
|move|p1a: Gholdengo|Make It Rain|p2b: Lilligant|[spread] p2a
|-activate|p2b: Lilligant|move: Protect
|-damage|p2a: Indeedee|62/100
|-unboost|p1a: Gholdengo|spa|1
|-damage|p1a: Gholdengo|91/100|[from] item: Life Orb
|move|p1b: Amoonguss|Pollen Puff|p1a: Gholdengo
|-heal|p1a: Gholdengo|100/100
|
|-weather|SunnyDay|[upkeep]
|upkeep
|turn|4
|inactive|ZilverZurfer has 30 seconds left.
|
|t:|1757628909
|switch|p1a: Porygon2|Porygon2, L50|100/100
|-ability|p1a: Porygon2|Download|boost
|-boost|p1a: Porygon2|atk|1
|move|p2b: Lilligant|After You|p2a: Indeedee
|-activate|p2a: Indeedee|move: After You
|move|p2a: Indeedee|Trick Room|p2a: Indeedee
|-fieldstart|move: Trick Room|[of] p2a: Indeedee
|move|p1b: Amoonguss|Spore|p2a: Indeedee
|-status|p2a: Indeedee|slp|[from] move: Spore
|
|-weather|SunnyDay|[upkeep]
|upkeep
|turn|5
|inactive|Pokemidevo1 has 30 seconds left.
|
|t:|1757628941
|switch|p2a: Ursaluna|Ursaluna, L50, F|94/100 brn
|move|p1b: Amoonguss|Pollen Puff|p2b: Lilligant
|-damage|p2b: Lilligant|11/100
|move|p2b: Lilligant|Close Combat|p1a: Porygon2
|-supereffective|p1a: Porygon2
|-damage|p1a: Porygon2|68/100
|-unboost|p2b: Lilligant|def|1
|-unboost|p2b: Lilligant|spd|1
|move|p1a: Porygon2|Trick Room|p1a: Porygon2
|-fieldend|move: Trick Room
|
|-weather|none
|-damage|p2a: Ursaluna|88/100 brn|[from] brn
|upkeep
|turn|6
|
|t:|1757628964
|move|p1b: Amoonguss|Rage Powder|p1b: Amoonguss
|-singleturn|p1b: Amoonguss|move: Rage Powder
|move|p2b: Lilligant|After You|p2a: Ursaluna
|-activate|p2a: Ursaluna|move: After You
|move|p2a: Ursaluna|Facade|p1b: Amoonguss
|-damage|p1b: Amoonguss|4/100
|-enditem|p1b: Amoonguss|Sitrus Berry|[eat]
|-heal|p1b: Amoonguss|29/100|[from] item: Sitrus Berry
|move|p1a: Porygon2|Ice Beam|p2a: Ursaluna
|-supereffective|p2a: Ursaluna
|-damage|p2a: Ursaluna|36/100 brn
|
|-damage|p2a: Ursaluna|29/100 brn|[from] brn
|upkeep
|turn|7
|inactive|ZilverZurfer has 30 seconds left.
|inactive|ZilverZurfer has 20 seconds left.
|inactive|ZilverZurfer has 15 seconds left.
|inactive|ZilverZurfer has 10 seconds left.
|
|t:|1757629013
|move|p1b: Amoonguss|Rage Powder|p1b: Amoonguss
|-singleturn|p1b: Amoonguss|move: Rage Powder
|move|p2b: Lilligant|Close Combat|p1a: Porygon2
|-supereffective|p1a: Porygon2
|-damage|p1a: Porygon2|36/100
|-unboost|p2b: Lilligant|def|1
|-unboost|p2b: Lilligant|spd|1
|move|p1a: Porygon2|Tera Blast|p2b: Lilligant
|-damage|p2b: Lilligant|0 fnt
|faint|p2b: Lilligant
|move|p2a: Ursaluna|Facade|p1b: Amoonguss
|-crit|p1b: Amoonguss
|-damage|p1b: Amoonguss|0 fnt
|faint|p1b: Amoonguss
|
|-damage|p2a: Ursaluna|23/100 brn|[from] brn
|-fieldend|move: Psychic Terrain
|upkeep
|
|t:|1757629036
|switch|p2b: Torkoal|Torkoal, L50, M|100/100
|switch|p1b: Gholdengo|Gholdengo, L50, tera:Water|100/100
|-weather|SunnyDay|[from] ability: Drought|[of] p2b: Torkoal
|turn|8
|inactive|Pokemidevo1 has 30 seconds left.
|inactive|ZilverZurfer has 30 seconds left.
|inactive|Pokemidevo1 has 20 seconds left.
|inactive|Pokemidevo1 has 15 seconds left.
|inactive|Pokemidevo1 has 10 seconds left.
|
|t:|1757629085
|switch|p2a: Indeedee|Indeedee-F, L50, F|62/100 slp
|-fieldstart|move: Psychic Terrain|[from] ability: Psychic Surge|[of] p2a: Indeedee
|-terastallize|p2b: Torkoal|Fire
|move|p1b: Gholdengo|Protect|p1b: Gholdengo
|-singleturn|p1b: Gholdengo|Protect
|move|p1a: Porygon2|Tera Blast|p2b: Torkoal
|-damage|p2b: Torkoal|50/100
|move|p2b: Torkoal|Heat Wave|p1b: Gholdengo|[spread] p1a
|-activate|p1b: Gholdengo|move: Protect
|-damage|p1a: Porygon2|0 fnt
|faint|p1a: Porygon2
|
|-weather|SunnyDay|[upkeep]
|upkeep
|turn|9
|
|t:|1757629103
|move|p1b: Gholdengo|Nasty Plot|p1b: Gholdengo
|-boost|p1b: Gholdengo|spa|2
|move|p2b: Torkoal|Heat Wave|p1b: Gholdengo
|-resisted|p1b: Gholdengo
|-damage|p1b: Gholdengo|36/100
|cant|p2a: Indeedee|slp
|
|-weather|SunnyDay|[upkeep]
|upkeep
|turn|10
|
|t:|1757629109
|move|p1b: Gholdengo|Make It Rain|p2b: Torkoal|[spread] p2a,p2b
|-resisted|p2b: Torkoal
|-damage|p2a: Indeedee|0 fnt
|-damage|p2b: Torkoal|0 fnt
|-unboost|p1b: Gholdengo|spa|1
|faint|p2a: Indeedee
|faint|p2b: Torkoal
|-damage|p1b: Gholdengo|26/100|[from] item: Life Orb
|
|-weather|SunnyDay|[upkeep]
|upkeep
|
|t:|1757629114
|switch|p2b: Ursaluna|Ursaluna, L50, F|23/100 brn
|turn|11
|-message|ZilverZurfer forfeited.
|
|win|Pokemidevo1
||ZilverZurfer is ready for game 2.
||Pokemidevo1 is ready for game 2.
|uhtml|next|Next: Game 2 of 3
