|j|☆Camerupt4Ever
|j|☆erarrr395
|html|Camerupt4Evererarrr395    
|uhtml|bestof|Game 2 of a best-of-3
|t:|1756652961
|gametype|doubles
|player|p1|Camerupt4Ever|flannery|1144
|player|p2|erarrr395|266|1078
|gen|9
|tier|[Gen 9] VGC 2025 Reg H (Bo3)
|rated|
|rule|Species Clause: Limit one of each Pokémon
|rule|Item Clause: Limit 1 of each item
|clearpoke
|poke|p1|Wyrdeer, L50, M|
|poke|p1|Indeedee-F, L50, F|
|poke|p1|Annihilape, L50, F|
|poke|p1|Torkoal, L50, F|
|poke|p1|Delphox, L50, F|
|poke|p1|Kingambit, L50, F|
|poke|p2|Archaludon, L50, M|
|poke|p2|Sableye, L50, F|
|poke|p2|Typhlosion-Hisui, L50, F|
|poke|p2|Venusaur, L50, F|
|poke|p2|Gastrodon, L50, M|
|poke|p2|Dragonite, L50, F|
|teampreview|4
|showteam|p1|Wyrdeer||Leftovers|Intimidate|Protect,TrickRoom,ExpandingForce,EarthPower|||M|||50|,,,,,Ground]Indeedee-F||RockyHelmet|PsychicSurge|Imprison,FollowMe,TrickRoom,Psychic|||F|||50|,,,,,Grass]Annihilape||SafetyGoggles|Defiant|DrainPunch,Taunt,RageFist,Protect|||F|||50|,,,,,Fire]Torkoal||Charcoal|Drought|Eruption,HelpingHand,Protect,WeatherBall|||F|||50|,,,,,Grass]Delphox||ChoiceScarf|Blaze|HeatWave,ExpandingForce,DazzlingGleam,Flamethrower|||F|||50|,,,,,Fairy]Kingambit||AssaultVest|Defiant|KowtowCleave,SuckerPunch,IronHead,LowKick|||F|||50|,,,,,Poison
|showteam|p2|Archaludon||PowerHerb|Stamina|ElectroShot,DracoMeteor,BodyPress,Protect|||M|||50|,,,,,Flying]Sableye||SitrusBerry|Prankster|FoulPlay,Recover,SunnyDay,RainDance|||F|||50|,,,,,Fire]Typhlosion-Hisui||ChoiceScarf|Frisk|Eruption,ShadowBall,HeatWave,InfernalParade|||F|||50|,,,,,Fire]Venusaur||OccaBerry|Chlorophyll|SleepPowder,SolarBeam,WeatherBall,SludgeBomb|||F|||50|,,,,,Water]Gastrodon||Leftovers|StormDrain|EarthPower,IceBeam,ClearSmog,Protect|||M|||50|,,,,,Poison]Dragonite||LoadedDice|Multiscale|Tailwind,Protect,ScaleShot,RockSlide|||F|||50|,,,,,Fairy
|
|t:|1756652995
|teamsize|p1|4
|teamsize|p2|4
|start
|switch|p1a: Wyrdeer|Wyrdeer, L50, M|100/100
|switch|p1b: Kingambit|Kingambit, L50, F|100/100
|switch|p2a: Sableye|Sableye, L50, F|100/100
|switch|p2b: Venusaur|Venusaur, L50, F|100/100
|-ability|p1a: Wyrdeer|Intimidate|boost
|-unboost|p2a: Sableye|atk|1
|-unboost|p2b: Venusaur|atk|1
|turn|1
|
|t:|1756653011
|switch|p1b: Annihilape|Annihilape, L50, F|100/100
|-terastallize|p2b: Venusaur|Water
|move|p2b: Venusaur|Sleep Powder|p1b: Annihilape
|-activate|p1b: Annihilape|item: Safety Goggles|Sleep Powder
|move|p2a: Sableye|Foul Play|p1a: Wyrdeer
|-supereffective|p1a: Wyrdeer
|-damage|p1a: Wyrdeer|31/100
|move|p1a: Wyrdeer|Trick Room|p1a: Wyrdeer
|-fieldstart|move: Trick Room|[of] p1a: Wyrdeer
|
|-heal|p1a: Wyrdeer|37/100|[from] item: Leftovers
|upkeep
|turn|2
|
|t:|1756653032
|move|p1a: Wyrdeer|Protect|p1a: Wyrdeer
|-singleturn|p1a: Wyrdeer|Protect
|move|p2a: Sableye|Rain Dance|p2a: Sableye
|-weather|RainDance
|move|p1b: Annihilape|Taunt|p2b: Venusaur
|-start|p2b: Venusaur|move: Taunt
|move|p2b: Venusaur|Weather Ball|p1b: Annihilape
|-damage|p1b: Annihilape|35/100
|
|-weather|RainDance|[upkeep]
|-heal|p1a: Wyrdeer|43/100|[from] item: Leftovers
|upkeep
|turn|3
|
|t:|1756653051
|switch|p1b: Indeedee|Indeedee-F, L50, F|100/100
|-fieldstart|move: Psychic Terrain|[from] ability: Psychic Surge|[of] p1b: Indeedee
|move|p1a: Wyrdeer|Expanding Force|p2b: Venusaur|[spread] p2b
|-immune|p2a: Sableye
|-damage|p2b: Venusaur|44/100
|move|p2a: Sableye|Foul Play|p1b: Indeedee
|-supereffective|p1b: Indeedee
|-damage|p1b: Indeedee|69/100
|-damage|p2a: Sableye|84/100|[from] item: Rocky Helmet|[of] p1b: Indeedee
|move|p2b: Venusaur|Weather Ball|p1a: Wyrdeer
|-damage|p1a: Wyrdeer|0 fnt
|faint|p1a: Wyrdeer
|
|-weather|RainDance|[upkeep]
|upkeep
|
|t:|1756653059
|switch|p1a: Annihilape|Annihilape, L50, F|35/100
|turn|4
|
|t:|1756653075
|move|p2a: Sableye|Foul Play|p1a: Annihilape
|-damage|p1a: Annihilape|0 fnt
|faint|p1a: Annihilape
|move|p1b: Indeedee|Psychic|p2b: Venusaur
|-damage|p2b: Venusaur|4/100
|-unboost|p2b: Venusaur|spd|1
|move|p2b: Venusaur|Weather Ball|p1b: Indeedee
|-damage|p1b: Indeedee|0 fnt
|faint|p1b: Indeedee
|
|-weather|RainDance|[upkeep]
|-end|p2b: Venusaur|move: Taunt
|upkeep
|
|t:|1756653086
|switch|p1a: Kingambit|Kingambit, L50, F|100/100
|turn|5
|
|t:|1756653098
|move|p1a: Kingambit|Kowtow Cleave|p2b: Venusaur
|-damage|p2b: Venusaur|0 fnt
|faint|p2b: Venusaur
|move|p2a: Sableye|Foul Play|p1a: Kingambit
|-resisted|p1a: Kingambit
|-damage|p1a: Kingambit|78/100
|
|-weather|RainDance|[upkeep]
|-fieldend|move: Trick Room
|upkeep
|
|t:|1756653106
|switch|p2b: Gastrodon|Gastrodon, L50, M|100/100
|turn|6
|
|t:|1756653117
|move|p2a: Sableye|Sunny Day|p2a: Sableye
|-weather|SunnyDay
|move|p1a: Kingambit|Kowtow Cleave|p2a: Sableye
|-crit|p2a: Sableye
|-damage|p2a: Sableye|0 fnt
|faint|p2a: Sableye
|move|p2b: Gastrodon|Earth Power|p1a: Kingambit
|-supereffective|p1a: Kingambit
|-damage|p1a: Kingambit|31/100
|
|-weather|SunnyDay|[upkeep]
|upkeep
|
|t:|1756653123
|switch|p2a: Typhlosion|Typhlosion-Hisui, L50, F|100/100
|-item|p1a: Kingambit|Assault Vest|[from] ability: Frisk|[of] p2a: Typhlosion
|turn|7
|
|t:|1756653136
|move|p2a: Typhlosion|Eruption|p1a: Kingambit
|-supereffective|p1a: Kingambit
|-damage|p1a: Kingambit|0 fnt
|faint|p1a: Kingambit
|
|win|erarrr395
|raw|Camerupt4Ever's rating: 1144 → 1114(-30 for losing)
|raw|erarrr395's rating: 1078 → 1112(+34 for winning)
