|j|☆Raichu y fan
|j|☆Kuronohwei
|html|Raichu y fanKuronohwei    
|uhtml|bestof|Game 2 of a best-of-3
|t:|1782320825
|gametype|doubles
|player|p1|Raichu y fan|101|
|player|p2|Kuronohwei|shauntal|
|gen|9
|tier|[Gen 9 Champions] VGC 2026 Reg M-B (Bo3)
|rule|Species Clause: Limit one of each Pokémon
|rule|Item Clause: Limit 1 of each item
|clearpoke
|poke|p1|Venusaur, L50, M|
|poke|p1|Incineroar, L50, M|
|poke|p1|Alcremie, L50, F|
|poke|p1|Kingambit, L50, M|
|poke|p1|Sinistcha, L50|
|poke|p1|Altaria, L50, M|
|poke|p2|Froslass, L50, F|
|poke|p2|Incineroar, L50, M|
|poke|p2|Gholdengo, L50|
|poke|p2|Basculegion, L50, M|
|poke|p2|Kingambit, L50, M|
|poke|p2|Arcanine-Hisui, L50, M|
|teampreview|4
|showteam|p1|Venusaur||Venusaurite|Chlorophyll|GigaDrain,EarthPower,SludgeBomb,Protect|Modest||M|||50|]Incineroar||SitrusBerry|Intimidate|FlareBlitz,FakeOut,BatonPass,Protect|Careful||M|||50|]Alcremie||KebiaBerry|AromaVeil|DazzlingGleam,Decorate,HelpingHand,Protect|Calm||F|||50|]Kingambit||Leftovers|Defiant|KowtowCleave,IronHead,SuckerPunch,Protect|Adamant||M|||50|]Sinistcha||CobaBerry|Hospitality|MatchaGotcha,RagePowder,TrickRoom,Protect|Relaxed|||||50|]Altaria||Altarianite|CloudNine|HyperVoice,Roost,PowerSwap,Protect|Calm||M|||50|
|showteam|p2|Froslass||Froslassite|CursedBody|Blizzard,ShadowBall,AuroraVeil,Protect|Timid||F|||50|]Incineroar||SitrusBerry|Intimidate|PartingShot,FakeOut,ThroatChop,FlareBlitz|Impish||M|||50|]Gholdengo||LifeOrb|GoodasGold|MakeItRain,ShadowBall,NastyPlot,Protect|Timid|||||50|]Basculegion||MysticWater|Adaptability|LastRespects,AquaJet,WaveCrash,Protect|Adamant||M|||50|]Kingambit||BlackGlasses|Defiant|KowtowCleave,SwordsDance,SuckerPunch,Protect|Adamant||M|||50|]Arcanine-Hisui||FocusSash|RockHead|RockSlide,HeadSmash,FlareBlitz,Protect|Jolly||M|||50|
|inactive|Battle timer is ON: inactive players will automatically lose when time's up. (requested by Kuronohwei)
|
|t:|1782320835
|teamsize|p1|4
|teamsize|p2|4
|start
|switch|p1a: Incineroar|Incineroar, L50, M|100/100
|switch|p1b: Alcremie|Alcremie, L50, F|100/100
|switch|p2a: Kingambit|Kingambit, L50, M|100/100
|switch|p2b: Arcanine|Arcanine-Hisui, L50, M|100/100
|-ability|p1a: Incineroar|Intimidate|boost
|-unboost|p2a: Kingambit|atk|1
|-ability|p2a: Kingambit|Defiant|boost
|-boost|p2a: Kingambit|atk|2
|-unboost|p2b: Arcanine|atk|1
|turn|1
|
|t:|1782320845
|switch|p2b: Incineroar|Incineroar, L50, M|100/100
|-ability|p2b: Incineroar|Intimidate|boost
|-unboost|p1a: Incineroar|atk|1
|-unboost|p1b: Alcremie|atk|1
|move|p2a: Kingambit|Protect|p2a: Kingambit
|-singleturn|p2a: Kingambit|Protect
|move|p1b: Alcremie|Decorate|p1a: Incineroar
|-boost|p1a: Incineroar|atk|2
|-boost|p1a: Incineroar|spa|2
|move|p1a: Incineroar|Flare Blitz|p2a: Kingambit
|-activate|p2a: Kingambit|move: Protect
|
|upkeep
|turn|2
|
|t:|1782320860
|move|p1b: Alcremie|Protect|p1b: Alcremie
|-singleturn|p1b: Alcremie|Protect
|move|p1a: Incineroar|Protect|p1a: Incineroar
|-singleturn|p1a: Incineroar|Protect
|move|p2b: Incineroar|Fake Out|p1a: Incineroar
|-activate|p1a: Incineroar|move: Protect
|move|p2a: Kingambit|Swords Dance|p2a: Kingambit
|-boost|p2a: Kingambit|atk|2
|
|upkeep
|turn|3
|
|t:|1782320869
|move|p2a: Kingambit|Protect|p2a: Kingambit
|-singleturn|p2a: Kingambit|Protect
|move|p2b: Incineroar|Parting Shot|p1a: Incineroar
|-unboost|p1a: Incineroar|atk|1
|-unboost|p1a: Incineroar|spa|1
|
|t:|1782320876
|switch|p2b: Arcanine|Arcanine-Hisui, L50, M|100/100|[from] Parting Shot
|move|p1b: Alcremie|Decorate|p1a: Incineroar
|-boost|p1a: Incineroar|atk|2
|-boost|p1a: Incineroar|spa|2
|move|p1a: Incineroar|Flare Blitz|p2a: Kingambit
|-activate|p2a: Kingambit|move: Protect
|
|upkeep
|turn|4
|
|t:|1782320885
|move|p1a: Incineroar|Protect|p1a: Incineroar
|-singleturn|p1a: Incineroar|Protect
|move|p2a: Kingambit|Sucker Punch||[still]
|-fail|p2a: Kingambit
|move|p2b: Arcanine|Rock Slide|p1b: Alcremie|[spread] 
|-activate|p1a: Incineroar|move: Protect
|-miss|p2b: Arcanine|p1b: Alcremie
|move|p1b: Alcremie|Dazzling Gleam|p2b: Arcanine|[spread] p2a,p2b
|-resisted|p2b: Arcanine|1
|-damage|p2a: Kingambit|76/100
|-damage|p2b: Arcanine|87/100
|
|upkeep
|turn|5
|
|t:|1782320903
|move|p2a: Kingambit|Sucker Punch||[still]
|-fail|p2a: Kingambit
|move|p2b: Arcanine|Head Smash|p1a: Incineroar|[miss]
|-miss|p2b: Arcanine|p1a: Incineroar
|move|p1b: Alcremie|Dazzling Gleam|p2a: Kingambit|[spread] p2a,p2b
|-resisted|p2b: Arcanine|1
|-damage|p2a: Kingambit|55/100
|-damage|p2b: Arcanine|75/100
|move|p1a: Incineroar|Baton Pass|p1a: Incineroar
|
|t:|1782320911
|switch|p1a: Kingambit|Kingambit, L50, M|100/100|[from] Baton Pass
|
|upkeep
|turn|6
|inactive|Raichu y fan has 30 seconds left.
|
|t:|1782320937
|move|p2b: Arcanine|Protect|p2b: Arcanine
|-singleturn|p2b: Arcanine|Protect
|move|p1a: Kingambit|Sucker Punch||[still]
|-fail|p1a: Kingambit
|move|p1b: Alcremie|Dazzling Gleam|p2a: Kingambit|[spread] p2a
|-activate|p2b: Arcanine|move: Protect
|-damage|p2a: Kingambit|33/100
|move|p2a: Kingambit|Kowtow Cleave|p1a: Kingambit
|-resisted|p1a: Kingambit|1
|-damage|p1a: Kingambit|46/100
|
|-heal|p1a: Kingambit|52/100|[from] item: Leftovers
|upkeep
|turn|7
|
|t:|1782320950
|switch|p1b: Incineroar|Incineroar, L50, M|100/100
|-ability|p1b: Incineroar|Intimidate|boost
|-unboost|p2a: Kingambit|atk|1
|-ability|p2a: Kingambit|Defiant|boost
|-boost|p2a: Kingambit|atk|2
|-unboost|p2b: Arcanine|atk|1
|move|p1a: Kingambit|Sucker Punch|p2a: Kingambit
|-resisted|p2a: Kingambit|1
|-damage|p2a: Kingambit|4/100
|move|p2b: Arcanine|Flare Blitz|p1a: Kingambit
|-supereffective|p1a: Kingambit|1
|-damage|p1a: Kingambit|0 fnt
|faint|p1a: Kingambit
|move|p2a: Kingambit|Kowtow Cleave|p1b: Incineroar
|-resisted|p1b: Incineroar|1
|-damage|p1b: Incineroar|27/100
|-enditem|p1b: Incineroar|Sitrus Berry|[eat]
|-heal|p1b: Incineroar|51/100|[from] item: Sitrus Berry
|
|upkeep
|
|t:|1782320962
|switch|p1a: Alcremie|Alcremie, L50, F|100/100
|turn|8
|
|t:|1782320980
|switch|p2b: Incineroar|Incineroar, L50, M|100/100
|-ability|p2b: Incineroar|Intimidate|boost
|-unboost|p1a: Alcremie|atk|1
|-unboost|p1b: Incineroar|atk|1
|switch|p1b: Venusaur|Venusaur, L50, M|100/100
|move|p2a: Kingambit|Protect|p2a: Kingambit
|-singleturn|p2a: Kingambit|Protect
|move|p1a: Alcremie|Decorate|p1b: Venusaur
|-boost|p1b: Venusaur|atk|2
|-boost|p1b: Venusaur|spa|2
|
|upkeep
|turn|9
|inactive|Raichu y fan has 30 seconds left.
|
|t:|1782321009
|detailschange|p1b: Venusaur|Venusaur-Mega, L50, M
|-mega|p1b: Venusaur|Venusaur|Venusaurite
|move|p2b: Incineroar|Fake Out|p1a: Alcremie
|-damage|p1a: Alcremie|88/100
|move|p2a: Kingambit|Sucker Punch|p1b: Venusaur
|-damage|p1b: Venusaur|0 fnt
|faint|p1b: Venusaur
|cant|p1a: Alcremie|flinch
|
|upkeep
|
|t:|1782321014
|switch|p1b: Incineroar|Incineroar, L50, M|51/100
|-ability|p1b: Incineroar|Intimidate|boost
|-unboost|p2a: Kingambit|atk|1
|-ability|p2a: Kingambit|Defiant|boost
|-boost|p2a: Kingambit|atk|2
|-unboost|p2b: Incineroar|atk|1
|turn|10
|
|t:|1782321024
|switch|p2b: Arcanine|Arcanine-Hisui, L50, M|75/100
|move|p2a: Kingambit|Protect|p2a: Kingambit
|-singleturn|p2a: Kingambit|Protect
|move|p1a: Alcremie|Decorate|p1b: Incineroar
|-boost|p1b: Incineroar|atk|2
|-boost|p1b: Incineroar|spa|2
|move|p1b: Incineroar|Flare Blitz|p2b: Arcanine
|-resisted|p2b: Arcanine|2
|-damage|p2b: Arcanine|43/100
|-damage|p1b: Incineroar|43/100|[from] Recoil
|
|upkeep
|turn|11
|
|t:|1782321035
|move|p1b: Incineroar|Protect|p1b: Incineroar
|-singleturn|p1b: Incineroar|Protect
|move|p2a: Kingambit|Sucker Punch||[still]
|-fail|p2a: Kingambit
|move|p2b: Arcanine|Flare Blitz|p1b: Incineroar
|-activate|p1b: Incineroar|move: Protect
|move|p1a: Alcremie|Dazzling Gleam|p2b: Arcanine|[spread] p2a,p2b
|-resisted|p2b: Arcanine|1
|-damage|p2a: Kingambit|0 fnt
|-damage|p2b: Arcanine|30/100
|faint|p2a: Kingambit
|
|upkeep
|
|t:|1782321039
|switch|p2a: Incineroar|Incineroar, L50, M|100/100
|-ability|p2a: Incineroar|Intimidate|boost
|-unboost|p1a: Alcremie|atk|1
|-unboost|p1b: Incineroar|atk|1
|turn|12
|
|t:|1782321053
|move|p2a: Incineroar|Fake Out|p1b: Incineroar
|-damage|p1b: Incineroar|34/100
|move|p2b: Arcanine|Rock Slide|p1a: Alcremie|[spread] p1a,p1b
|-supereffective|p1b: Incineroar|1
|-damage|p1a: Alcremie|59/100
|-damage|p1b: Incineroar|0 fnt
|faint|p1b: Incineroar
|move|p1a: Alcremie|Dazzling Gleam|p2a: Incineroar|[spread] p2a,p2b
|-resisted|p2b: Arcanine|1
|-damage|p2a: Incineroar|81/100
|-damage|p2b: Arcanine|16/100
|
|upkeep
|turn|13
|
|t:|1782321064
|move|p2b: Arcanine|Flare Blitz|p1a: Alcremie
|-damage|p1a: Alcremie|4/100
|move|p2a: Incineroar|Flare Blitz|p1a: Alcremie
|-damage|p1a: Alcremie|0 fnt
|faint|p1a: Alcremie
|-damage|p2a: Incineroar|80/100|[from] Recoil
|
|win|Kuronohwei
