|j|☆fcjavic01
|j|☆komsu
|html|fcjavic01komsu    
|uhtml|bestof|Game 1 of a best-of-3
|t:|1785158055
|gametype|doubles
|player|p1|fcjavic01|ninjaboy|1420
|player|p2|komsu|gambler|1326
|gen|9
|tier|[Gen 9 Champions] VGC 2026 Reg M-B (Bo3)
|rated|
|rule|Species Clause: Limit one of each Pokémon
|rule|Item Clause: Limit 1 of each item
|clearpoke
|poke|p1|Charizard, L50, M|
|poke|p1|Venusaur, L50, F|
|poke|p1|Sinistcha, L50|
|poke|p1|Incineroar, L50, M|
|poke|p1|Floette-Eternal, L50, F|
|poke|p1|Garchomp, L50, F|
|poke|p2|Tyranitar, L50, M|
|poke|p2|Excadrill, L50, F|
|poke|p2|Kommo-o, L50, F|
|poke|p2|Milotic, L50, F|
|poke|p2|Scizor, L50, M|
|poke|p2|Sinistcha-Masterpiece, L50|
|teampreview|4
|showteam|p1|Charizard||CharizarditeY|Blaze|Protect,HelpingHand,WeatherBall,HeatWave|Modest||M|||50|]Venusaur||FocusSash|Chlorophyll|SludgeBomb,LeafStorm,Protect,SleepPowder|Timid||F|||50|]Sinistcha||ColburBerry|Hospitality|TrickRoom,Protect,MatchaGotcha,RagePowder|Relaxed|||||50|]Incineroar||SitrusBerry|Intimidate|FakeOut,FlareBlitz,ThroatChop,PartingShot|Impish||M|||50|]Floette-Eternal||Floettite|FlowerVeil|DazzlingGleam,Protect,DrainingKiss,CalmMind|Modest||F|||50|]Garchomp||ChoiceScarf|RoughSkin|Earthquake,RockSlide,DragonClaw,StompingTantrum|Adamant||F|||50|
|showteam|p2|Tyranitar||Tyranitarite|SandStream|RockSlide,KnockOff,LowKick,Protect|Jolly||M|||50|]Excadrill||FocusSash|SandRush|HighHorsepower,IronHead,RockSlide,Protect|Adamant||F|||50|]Kommo-o||Leftovers|Overcoat|AuraSphere,ClangingScales,Protect,ClangorousSoul|Modest||F|||50|]Milotic||SitrusBerry|Competitive|Scald,IceBeam,Protect,IcyWind|Modest||F|||50|]Scizor||LifeOrb|Technician|BulletPunch,Assurance,DualWingbeat,Protect|Adamant||M|||50|]Sinistcha-Masterpiece||KasibBerry|Hospitality|MatchaGotcha,RagePowder,TrickRoom,Protect|Bold|||||50|
|inactive|Battle timer is ON: inactive players will automatically lose when time's up. (requested by fcjavic01)
|inactive|fcjavic01 has 60 seconds left.
|inactive|komsu has 60 seconds left.
|inactive|fcjavic01 has 30 seconds left.
|inactive|komsu has 30 seconds left.
|
|t:|1785158134
|teamsize|p1|4
|teamsize|p2|4
|start
|switch|p1a: Floette|Floette-Eternal, L50, F|100/100
|switch|p1b: Sinistcha|Sinistcha, L50|100/100
|switch|p2a: Kommo-o|Kommo-o, L50, F|100/100
|switch|p2b: Excadrill|Excadrill, L50, F|100/100
|turn|1
|
|t:|1785158155
|switch|p2a: Tyranitar|Tyranitar, L50, M|100/100
|-weather|Sandstorm|[from] ability: Sand Stream|[of] p2a: Tyranitar
|detailschange|p1a: Floette|Floette-Mega, L50, F
|-mega|p1a: Floette|Floette|Floettite
|-ability|p1a: Floette|Fairy Aura
|move|p1b: Sinistcha|Rage Powder|p1b: Sinistcha
|-singleturn|p1b: Sinistcha|move: Rage Powder
|move|p2b: Excadrill|Rock Slide|p1a: Floette|[spread] p1a,p1b
|-damage|p1a: Floette|72/100
|-damage|p1b: Sinistcha|82/100
|cant|p1a: Floette|flinch
|
|-weather|Sandstorm|[upkeep]
|-damage|p1a: Floette|66/100|[from] Sandstorm
|-damage|p1b: Sinistcha|76/100|[from] Sandstorm
|upkeep
|turn|2
|inactive|komsu has 30 seconds left.
|inactive|komsu has 20 seconds left.
|
|t:|1785158193
|switch|p1a: Incineroar|Incineroar, L50, M|100/100
|-ability|p1a: Incineroar|Intimidate|boost
|-unboost|p2a: Tyranitar|atk|1
|-unboost|p2b: Excadrill|atk|1
|detailschange|p2a: Tyranitar|Tyranitar-Mega, L50, M
|-mega|p2a: Tyranitar|Tyranitar|Tyranitarite
|move|p2b: Excadrill|Rock Slide|p1b: Sinistcha|[spread] p1a,p1b
|-supereffective|p1a: Incineroar|1
|-damage|p1a: Incineroar|78/100
|-damage|p1b: Sinistcha|63/100
|move|p2a: Tyranitar|Knock Off|p1b: Sinistcha
|-supereffective|p1b: Sinistcha|1
|-enditem|p1b: Sinistcha|Colbur Berry|[eat]
|-enditem|p1b: Sinistcha|Colbur Berry|[weaken]
|-damage|p1b: Sinistcha|33/100
|move|p1b: Sinistcha|Matcha Gotcha|p2b: Excadrill|[spread] p2a,p2b
|-supereffective|p2a: Tyranitar|1
|-damage|p2a: Tyranitar|73/100
|-heal|p1b: Sinistcha|47/100|[from] drain|[of] p2a: Tyranitar
|-damage|p2b: Excadrill|68/100
|-heal|p1b: Sinistcha|63/100|[from] drain|[of] p2b: Excadrill
|-status|p2b: Excadrill|brn
|
|-weather|Sandstorm|[upkeep]
|-damage|p1a: Incineroar|72/100|[from] Sandstorm
|-damage|p1b: Sinistcha|57/100|[from] Sandstorm
|-damage|p2b: Excadrill|62/100 brn|[from] brn
|upkeep
|turn|3
|inactive|fcjavic01 has 30 seconds left.
|
|t:|1785158220
|move|p1a: Incineroar|Fake Out|p2a: Tyranitar
|-resisted|p2a: Tyranitar|1
|-damage|p2a: Tyranitar|70/100
|move|p2b: Excadrill|Rock Slide|p1a: Incineroar|[spread] p1a,p1b
|-supereffective|p1a: Incineroar|1
|-damage|p1a: Incineroar|60/100
|-damage|p1b: Sinistcha|50/100g
|cant|p2a: Tyranitar|flinch
|cant|p1b: Sinistcha|flinch
|
|-weather|Sandstorm|[upkeep]
|-damage|p1a: Incineroar|54/100|[from] Sandstorm
|-damage|p1b: Sinistcha|44/100|[from] Sandstorm
|-damage|p2b: Excadrill|56/100 brn|[from] brn
|upkeep
|turn|4
|inactive|fcjavic01 has 30 seconds left.
|
|t:|1785158255
|switch|p2b: Milotic|Milotic, L50, F|100/100
|move|p1b: Sinistcha|Protect|p1b: Sinistcha
|-singleturn|p1b: Sinistcha|Protect
|move|p2a: Tyranitar|Rock Slide|p1b: Sinistcha|[spread] p1a
|-activate|p1b: Sinistcha|move: Protect
|-supereffective|p1a: Incineroar|1
|-damage|p1a: Incineroar|23/100
|-enditem|p1a: Incineroar|Sitrus Berry|[eat]
|-heal|p1a: Incineroar|48/100|[from] item: Sitrus Berry
|move|p1a: Incineroar|Parting Shot|p2b: Milotic
|-unboost|p2b: Milotic|atk|1
|-ability|p2b: Milotic|Competitive|boost
|-boost|p2b: Milotic|spa|2
|-unboost|p2b: Milotic|spa|1
|-ability|p2b: Milotic|Competitive|boost
|-boost|p2b: Milotic|spa|2
|
|t:|1785158259
|switch|p1a: Floette|Floette-Mega, L50, F|66/100|[from] Parting Shot
|-ability|p1a: Floette|Fairy Aura
|
|-weather|Sandstorm|[upkeep]
|-damage|p1a: Floette|60/100|[from] Sandstorm
|-damage|p2b: Milotic|94/100|[from] Sandstorm
|-damage|p1b: Sinistcha|38/100|[from] Sandstorm
|upkeep
|turn|5
|
|t:|1785158282
|move|p1a: Floette|Dazzling Gleam|p2a: Tyranitar|[spread] p2a,p2b
|-supereffective|p2a: Tyranitar|1
|-damage|p2a: Tyranitar|21/100
|-damage|p2b: Milotic|53/100
|move|p2a: Tyranitar|Knock Off|p1b: Sinistcha
|-supereffective|p1b: Sinistcha|1
|-damage|p1b: Sinistcha|0 fnt
|faint|p1b: Sinistcha
|move|p2b: Milotic|Scald|p1a: Floette
|-damage|p1a: Floette|0 fnt
|faint|p1a: Floette
|
|-weather|none
|upkeep
|
|t:|1785158295
|switch|p1a: Garchomp|Garchomp, L50, F|100/100
|switch|p1b: Incineroar|Incineroar, L50, M|48/100
|-ability|p1b: Incineroar|Intimidate|boost
|-unboost|p2a: Tyranitar|atk|1
|-unboost|p2b: Milotic|atk|1
|-ability|p2b: Milotic|Competitive|boost
|-boost|p2b: Milotic|spa|2
|turn|6
|
|t:|1785158312
|switch|p2a: Kommo-o|Kommo-o, L50, F|100/100
|move|p2b: Milotic|Protect|p2b: Milotic
|-singleturn|p2b: Milotic|Protect
|move|p1b: Incineroar|Fake Out|p2b: Milotic
|-activate|p2b: Milotic|move: Protect
|move|p1a: Garchomp|Dragon Claw|p2b: Milotic
|-activate|p2b: Milotic|move: Protect
|
|upkeep
|turn|7
|-message|fcjavic01 forfeited.
|
|win|komsu
|l|☆fcjavic01
|player|p1|
||fcjavic01 is ready for game 2.
||komsu is ready for game 2.
|uhtml|next|Next: Game 2 of 3
