|j|☆Ninjacoox
|j|☆bman3111
|html|Ninjacooxbman3111    
|uhtml|bestof|Game 1 of a best-of-3
|t:|1785365345
|gametype|doubles
|player|p1|Ninjacoox|rood|1173
|player|p2|bman3111|elesa-masters|1118
|gen|9
|tier|[Gen 9 Champions] VGC 2026 Reg M-B (Bo3)
|rated|
|rule|Species Clause: Limit one of each Pokémon
|rule|Item Clause: Limit 1 of each item
|clearpoke
|poke|p1|Staraptor, L50, F|
|poke|p1|Sinistcha, L50|
|poke|p1|Maushold, L50|
|poke|p1|Kingambit, L50, F|
|poke|p1|Sneasler, L50, F|
|poke|p1|Delphox, L50, M|
|poke|p2|Tyranitar, L50, F|
|poke|p2|Excadrill, L50, M|
|poke|p2|Milotic, L50, F|
|poke|p2|Sinistcha, L50|
|poke|p2|Staraptor, L50, F|
|poke|p2|Gholdengo, L50|
|teampreview|4
|showteam|p1|Staraptor||Staraptite|Intimidate|CloseCombat,BraveBird,Roost,Protect|Adamant||F|||50|]Sinistcha||SitrusBerry|Hospitality|RagePowder,MatchaGotcha,Protect,LifeDew|Calm|||||50|]Maushold||LumBerry|FriendGuard|Encore,Charm,FollowMe,Protect|Timid|||||50|]Kingambit||BlackGlasses|Defiant|KowtowCleave,SuckerPunch,SwordsDance,Protect|Adamant||F|||50|]Sneasler||WhiteHerb|Unburden|CloseCombat,DireClaw,FakeOut,Feint|Jolly||F|||50|]Delphox||Delphoxite|Blaze|HeatWave,Psyshock,NastyPlot,Protect|Timid||M|||50|
|showteam|p2|Tyranitar||Tyranitarite|SandStream|RockSlide,KnockOff,HighHorsepower,Protect|Jolly||F|||50|]Excadrill||FocusSash|SandRush|Earthquake,IronHead,RockSlide,Protect|Adamant||M|||50|]Milotic||SitrusBerry|Competitive|Scald,IcyWind,Haze,Protect|Calm||F|||50|]Sinistcha||ColburBerry|Hospitality|MatchaGotcha,ShadowBall,RagePowder,Protect|Bold|||||50|]Staraptor||Staraptite|Intimidate|CloseCombat,BraveBird,Tailwind,Protect|Jolly||F|||50|]Gholdengo||LifeOrb|GoodasGold|MakeItRain,ShadowBall,NastyPlot,Protect|Modest|||||50|
|inactive|Battle timer is ON: inactive players will automatically lose when time's up. (requested by bman3111)
|inactive|Ninjacoox also wants the timer to be on.
|inactive|Ninjacoox has 60 seconds left.
|inactive|bman3111 has 60 seconds left.
|
|t:|1785365395
|teamsize|p1|4
|teamsize|p2|4
|start
|switch|p1a: Delphox|Delphox, L50, M|100/100
|switch|p1b: Sneasler|Sneasler, L50, F|100/100
|switch|p2a: Staraptor|Staraptor, L50, F|100/100
|switch|p2b: Milotic|Milotic, L50, F|100/100
|-ability|p2a: Staraptor|Intimidate|boost
|-unboost|p1a: Delphox|atk|1
|-unboost|p1b: Sneasler|atk|1
|-enditem|p1b: Sneasler|White Herb
|-clearnegativeboost|p1b: Sneasler|[silent]
|turn|1
|
|t:|1785365410
|detailschange|p2a: Staraptor|Staraptor-Mega, L50, F
|-mega|p2a: Staraptor|Staraptor|Staraptite
|detailschange|p1a: Delphox|Delphox-Mega, L50, M
|-mega|p1a: Delphox|Delphox|Delphoxite
|move|p1b: Sneasler|Fake Out|p2a: Staraptor
|-damage|p2a: Staraptor|88/100
|move|p1a: Delphox|Nasty Plot|p1a: Delphox
|-boost|p1a: Delphox|spa|2
|cant|p2a: Staraptor|flinch
|move|p2b: Milotic|Scald|p1a: Delphox
|-supereffective|p1a: Delphox|1
|-damage|p1a: Delphox|47/100
|
|upkeep
|turn|2
|inactive|Ninjacoox has 30 seconds left.
|inactive|Ninjacoox has 20 seconds left.
|inactive|Ninjacoox has 15 seconds left.
|
|t:|1785365453
|move|p1a: Delphox|Protect|p1a: Delphox
|-singleturn|p1a: Delphox|Protect
|move|p2a: Staraptor|Protect|p2a: Staraptor
|-singleturn|p2a: Staraptor|Protect
|move|p1b: Sneasler|Dire Claw|p2b: Milotic
|-damage|p2b: Milotic|58/100
|move|p2b: Milotic|Icy Wind|p1a: Delphox|[spread] p1b
|-activate|p1a: Delphox|move: Protect
|-damage|p1b: Sneasler|87/100
|-unboost|p1b: Sneasler|spe|1
|
|upkeep
|turn|3
|
|t:|1785365475
|move|p1b: Sneasler|Close Combat|p2b: Milotic
|-damage|p2b: Milotic|5/100
|-unboost|p1b: Sneasler|def|1
|-unboost|p1b: Sneasler|spd|1
|-enditem|p2b: Milotic|Sitrus Berry|[eat]
|-heal|p2b: Milotic|30/100|[from] item: Sitrus Berry
|move|p1a: Delphox|Psyshock|p2a: Staraptor
|-supereffective|p2a: Staraptor|1
|-damage|p2a: Staraptor|0 fnt
|faint|p2a: Staraptor
|move|p2b: Milotic|Scald|p1a: Delphox
|-supereffective|p1a: Delphox|1
|-damage|p1a: Delphox|0 fnt
|faint|p1a: Delphox
|
|upkeep
|
|t:|1785365487
|switch|p1a: Kingambit|Kingambit, L50, F|100/100
|switch|p2a: Excadrill|Excadrill, L50, M|100/100
|turn|4
|
|t:|1785365508
|switch|p1b: Maushold|Maushold, L50|100/100
|switch|p2b: Tyranitar|Tyranitar, L50, F|100/100
|-weather|Sandstorm|[from] ability: Sand Stream|[of] p2b: Tyranitar
|move|p2a: Excadrill|Earthquake|p1a: Kingambit|[spread] p2b,p1a,p1b
|-supereffective|p2b: Tyranitar|1
|-supereffective|p1a: Kingambit|1
|-damage|p2b: Tyranitar|20/100y
|-damage|p1a: Kingambit|54/100
|-damage|p1b: Maushold|51/100
|move|p1a: Kingambit|Kowtow Cleave|p2a: Excadrill
|-damage|p2a: Excadrill|6/100
|
|-weather|Sandstorm|[upkeep]
|-damage|p1b: Maushold|45/100|[from] Sandstorm
|upkeep
|turn|5
|
|t:|1785365523
|switch|p2a: Milotic|Milotic, L50, F|30/100
|move|p1a: Kingambit|Sucker Punch||[still]
|-fail|p1a: Kingambit
|move|p1b: Maushold|Charm|p2b: Tyranitar
|-unboost|p2b: Tyranitar|atk|2
|move|p2b: Tyranitar|High Horsepower|p1a: Kingambit
|-supereffective|p1a: Kingambit|1
|-damage|p1a: Kingambit|38/100
|
|-weather|Sandstorm|[upkeep]
|-damage|p1b: Maushold|39/100|[from] Sandstorm
|-damage|p2a: Milotic|24/100|[from] Sandstorm
|upkeep
|turn|6
|
|t:|1785365547
|move|p1a: Kingambit|Sucker Punch|p2a: Milotic
|-damage|p2a: Milotic|0 fnt
|faint|p2a: Milotic
|move|p1b: Maushold|Charm|p2b: Tyranitar
|-unboost|p2b: Tyranitar|atk|2
|move|p2b: Tyranitar|Knock Off|p1b: Maushold
|-damage|p1b: Maushold|21/100
|-enditem|p1b: Maushold|Lum Berry|[from] move: Knock Off|[of] p2b: Tyranitar
|
|-weather|Sandstorm|[upkeep]
|-damage|p1b: Maushold|15/100|[from] Sandstorm
|upkeep
|
|t:|1785365549
|switch|p2a: Excadrill|Excadrill, L50, M|6/100
|turn|7
|
|t:|1785365562
|move|p1b: Maushold|Protect|p1b: Maushold
|-singleturn|p1b: Maushold|Protect
|move|p1a: Kingambit|Protect|p1a: Kingambit
|-singleturn|p1a: Kingambit|Protect
|move|p2a: Excadrill|Earthquake|p1b: Maushold|[spread] p2b
|-activate|p1a: Kingambit|move: Protect
|-activate|p1b: Maushold|move: Protect
|-supereffective|p2b: Tyranitar|1
|-damage|p2b: Tyranitar|0 fnt
|faint|p2b: Tyranitar
|
|-weather|Sandstorm|[upkeep]
|-damage|p1b: Maushold|9/100|[from] Sandstorm
|upkeep
|turn|8
|
|t:|1785365574
|move|p1a: Kingambit|Sucker Punch|p2a: Excadrill
|-damage|p2a: Excadrill|0 fnt
|faint|p2a: Excadrill
|
|win|Ninjacoox
||bman3111 is ready for game 2.
