|j|☆matteo2002
|j|☆ChrisJHall13
|html|matteo2002ChrisJHall13    
|uhtml|bestof|Game 2 of a best-of-3
|t:|1784730347
|gametype|doubles
|player|p1|matteo2002|266|1213
|player|p2|ChrisJHall13|1|1216
|gen|9
|tier|[Gen 9 Champions] VGC 2026 Reg M-B (Bo3)
|rated|
|rule|Species Clause: Limit one of each Pokémon
|rule|Item Clause: Limit 1 of each item
|clearpoke
|poke|p1|Charizard, L50, F|
|poke|p1|Venusaur, L50, M|
|poke|p1|Pelipper, L50, M|
|poke|p1|Archaludon, L50, F|
|poke|p1|Grimmsnarl, L50, M|
|poke|p1|Swampert, L50, M|
|poke|p2|Incineroar, L50, F|
|poke|p2|Ninetales-Alola, L50, M|
|poke|p2|Gengar, L50, F|
|poke|p2|Dragonite, L50, M|
|poke|p2|Snorlax, L50, M|
|poke|p2|Scrafty, L50, M|
|teampreview|4
|showteam|p1|Charizard||CharizarditeY|Blaze|HeatWave,WeatherBall,Protect,SolarBeam|Modest||F|||50|]Venusaur||FocusSash|Chlorophyll|SludgeBomb,SleepPowder,EarthPower,Protect|Modest||M|||50|]Pelipper||SitrusBerry|Drizzle|Hurricane,WeatherBall,Tailwind,WideGuard|Serious||M|||50|]Archaludon||Leftovers|Stamina|ElectroShot,DragonPulse,Protect,FlashCannon|Calm||F|||50|]Grimmsnarl||LightClay|Prankster|Reflect,LightScreen,PartingShot,SpiritBreak|Sassy||M|||50|]Swampert||Swampertite|Torrent|Earthquake,WaveCrash,IcePunch,Protect|Adamant||M|||50|
|showteam|p2|Incineroar||ShucaBerry|Intimidate|FakeOut,DarkestLariat,Protect,PartingShot|Careful||F|||50|]Ninetales-Alola||FocusSash|SnowWarning|Blizzard,Protect,Encore,Disable|Timid||M|||50|]Gengar||Gengarite|CursedBody|PerishSong,ShadowBall,Protect,SludgeBomb|Modest||F|||50|]Dragonite||LifeOrb|InnerFocus|DragonClaw,ExtremeSpeed,Protect,LowKick|Adamant||M|||50|]Snorlax||Leftovers|ThickFat|Yawn,Fissure,DoubleEdge,Protect|Relaxed||M|||50|]Scrafty||Scraftinite|Intimidate|CloseCombat,KnockOff,FakeOut,Protect|Adamant||M|||50|
|
|t:|1784730379
|teamsize|p1|4
|teamsize|p2|4
|start
|switch|p1a: Charizard|Charizard, L50, F|100/100
|switch|p1b: Venusaur|Venusaur, L50, M|100/100
|switch|p2a: Gengar|Gengar, L50, F|100/100
|switch|p2b: Snorlax|Snorlax, L50, M|100/100
|turn|1
|
|t:|1784730397
|detailschange|p2a: Gengar|Gengar-Mega, L50, F
|-mega|p2a: Gengar|Gengar|Gengarite
|detailschange|p1a: Charizard|Charizard-Mega-Y, L50, F
|-mega|p1a: Charizard|Charizard|Charizardite Y
|-weather|SunnyDay|[from] ability: Drought|[of] p1a: Charizard
|move|p2a: Gengar|Protect|p2a: Gengar
|-singleturn|p2a: Gengar|Protect
|move|p1b: Venusaur|Sleep Powder|p2b: Snorlax
|-status|p2b: Snorlax|slp|[from] move: Sleep Powder
|move|p1a: Charizard|Heat Wave|p2b: Snorlax|[spread] p2b
|-activate|p2a: Gengar|move: Protect
|-damage|p2b: Snorlax|83/100 slp
|cant|p2b: Snorlax|slp
|
|-weather|SunnyDay|[upkeep]
|-heal|p2b: Snorlax|89/100 slp|[from] item: Leftovers
|upkeep
|turn|2
|
|t:|1784730421
|switch|p2a: Incineroar|Incineroar, L50, F|100/100
|-ability|p2a: Incineroar|Intimidate|boost
|-unboost|p1a: Charizard|atk|1
|-unboost|p1b: Venusaur|atk|1
|move|p1b: Venusaur|Earth Power|p2a: Incineroar
|-supereffective|p2a: Incineroar|1
|-enditem|p2a: Incineroar|Shuca Berry|[eat]
|-enditem|p2a: Incineroar|Shuca Berry|[weaken]
|-damage|p2a: Incineroar|79/100
|move|p1a: Charizard|Heat Wave|p2b: Snorlax|[spread] p2a
|-miss|p1a: Charizard|p2b: Snorlax
|-resisted|p2a: Incineroar|1
|-damage|p2a: Incineroar|53/100
|-curestatus|p2b: Snorlax|slp|[msg]
|move|p2b: Snorlax|Yawn|p1b: Venusaur
|-start|p1b: Venusaur|move: Yawn|[of] p2b: Snorlax
|
|-weather|SunnyDay|[upkeep]
|-heal|p2b: Snorlax|95/100|[from] item: Leftovers
|upkeep
|turn|3
|
|t:|1784730450
|move|p1b: Venusaur|Earth Power|p2a: Incineroar
|-supereffective|p2a: Incineroar|1
|-damage|p2a: Incineroar|10/100
|move|p1a: Charizard|Heat Wave|p2a: Incineroar|[spread] p2a,p2b
|-resisted|p2a: Incineroar|1
|-damage|p2a: Incineroar|0 fnt
|-damage|p2b: Snorlax|77/100
|faint|p2a: Incineroar
|move|p2b: Snorlax|Yawn||[still]
|-fail|p2b: Snorlax
|
|-weather|SunnyDay|[upkeep]
|-heal|p2b: Snorlax|82/100|[from] item: Leftovers
|-end|p1b: Venusaur|move: Yawn|[silent]
|-status|p1b: Venusaur|slp
|upkeep
|
|t:|1784730476
|switch|p2a: Gengar|Gengar-Mega, L50, F|100/100
|turn|4
|
|t:|1784730487
|move|p2a: Gengar|Protect|p2a: Gengar
|-singleturn|p2a: Gengar|Protect
|cant|p1b: Venusaur|slp
|move|p1a: Charizard|Weather Ball|p2a: Gengar
|-activate|p2a: Gengar|move: Protect
|move|p2b: Snorlax|Double-Edge|p1a: Charizard
|-damage|p1a: Charizard|54/100
|-damage|p2b: Snorlax|71/100|[from] Recoil
|
|-weather|SunnyDay|[upkeep]
|-heal|p2b: Snorlax|77/100|[from] item: Leftovers
|upkeep
|turn|5
|
|t:|1784730510
|switch|p2b: Ninetales|Ninetales-Alola, L50, M|100/100
|-weather|Snowscape|[from] ability: Snow Warning|[of] p2b: Ninetales
|move|p2a: Gengar|Sludge Bomb|p1a: Charizard
|-damage|p1a: Charizard|4/100
|cant|p1b: Venusaur|slp
|move|p1a: Charizard|Heat Wave|p2b: Ninetales|[spread] p2a,p2b
|-supereffective|p2b: Ninetales|1
|-damage|p2a: Gengar|53/100
|-enditem|p2b: Ninetales|Focus Sash
|-damage|p2b: Ninetales|1/100
|
|-weather|Snowscape|[upkeep]
|upkeep
|turn|6
|
|t:|1784730535
|move|p2a: Gengar|Sludge Bomb|p1b: Venusaur
|-crit|p1b: Venusaur
|-damage|p1b: Venusaur|6/100 slp
|move|p2b: Ninetales|Blizzard|p1a: Charizard|[spread] p1a,p1b
|-supereffective|p1b: Venusaur|1
|-damage|p1a: Charizard|0 fnt
|-damage|p1b: Venusaur|0 fnt
|faint|p1a: Charizard
|faint|p1b: Venusaur
|
|-weather|Snowscape|[upkeep]
|upkeep
|
|t:|1784730544
|switch|p1b: Pelipper|Pelipper, L50, M|100/100
|switch|p1a: Archaludon|Archaludon, L50, F|100/100
|-weather|RainDance|[from] ability: Drizzle|[of] p1b: Pelipper
|turn|7
|inactive|Battle timer is ON: inactive players will automatically lose when time's up. (requested by ChrisJHall13)
|
|t:|1784730582
|switch|p2b: Snorlax|Snorlax, L50, M|77/100
|move|p2a: Gengar|Perish Song|p2a: Gengar
|-start|p1a: Archaludon|perish3|[silent]
|-start|p1b: Pelipper|perish3|[silent]
|-start|p2a: Gengar|perish3|[silent]
|-start|p2b: Snorlax|perish3|[silent]
|-fieldactivate|move: Perish Song
|move|p1a: Archaludon|Electro Shot||[still]
|-prepare|p1a: Archaludon|Electro Shot
|-boost|p1a: Archaludon|spa|1
|-anim|p1a: Archaludon|Electro Shot|p2a: Gengar
|-damage|p2a: Gengar|0 fnt
|faint|p2a: Gengar
|move|p1b: Pelipper|Tailwind|p1b: Pelipper
|-sidestart|p1: matteo2002|move: Tailwind
|
|-weather|RainDance|[upkeep]
|-heal|p2b: Snorlax|82/100|[from] item: Leftovers
|-start|p1a: Archaludon|perish3
|-start|p1b: Pelipper|perish3
|-start|p2b: Snorlax|perish3
|upkeep
|
|t:|1784730596
|switch|p2a: Ninetales|Ninetales-Alola, L50, M|1/100
|-weather|Snowscape|[from] ability: Snow Warning|[of] p2a: Ninetales
|turn|8
|
|t:|1784730613
|move|p2a: Ninetales|Protect|p2a: Ninetales
|-singleturn|p2a: Ninetales|Protect
|move|p2b: Snorlax|Protect|p2b: Snorlax
|-singleturn|p2b: Snorlax|Protect
|move|p1a: Archaludon|Flash Cannon|p2b: Snorlax
|-activate|p2b: Snorlax|move: Protect
|move|p1b: Pelipper|Weather Ball|p2a: Ninetales
|-activate|p2a: Ninetales|move: Protect
|
|-weather|Snowscape|[upkeep]
|-heal|p2b: Snorlax|88/100|[from] item: Leftovers
|-start|p1a: Archaludon|perish2
|-start|p1b: Pelipper|perish2
|-start|p2b: Snorlax|perish2
|upkeep
|turn|9
|
|t:|1784730631
|move|p1a: Archaludon|Flash Cannon|p2b: Snorlax
|-damage|p2b: Snorlax|61/100
|move|p1b: Pelipper|Weather Ball|p2a: Ninetales
|-resisted|p2a: Ninetales|1
|-damage|p2a: Ninetales|0 fnt
|faint|p2a: Ninetales
|move|p2b: Snorlax|Yawn|p1a: Archaludon
|-start|p1a: Archaludon|move: Yawn|[of] p2b: Snorlax
|
|-weather|Snowscape|[upkeep]
|-heal|p2b: Snorlax|67/100|[from] item: Leftovers
|-start|p1a: Archaludon|perish1
|-start|p1b: Pelipper|perish1
|-start|p2b: Snorlax|perish1
|upkeep
|turn|10
|-message|matteo2002 forfeited.
|
|win|ChrisJHall13
|raw|matteo2002's rating: 1213 → 1188(-25 for losing)
|raw|ChrisJHall13's rating: 1216 → 1241(+25 for winning)
|l|☆matteo2002
|player|p1|
