|j|☆avalos jr
|j|☆Divine Monkey King
|html|avalos jrDivine Monkey King    
|uhtml|bestof|Game 1 of a best-of-3
|t:|1783266579
|gametype|doubles
|player|p1|avalos jr|miku-ghost|1148
|player|p2|Divine Monkey King|2|1117
|gen|9
|tier|[Gen 9 Champions] VGC 2026 Reg M-B (Bo3)
|rated|
|rule|Species Clause: Limit one of each Pokémon
|rule|Item Clause: Limit 1 of each item
|clearpoke
|poke|p1|Floette-Eternal, L50, F|
|poke|p1|Incineroar, L50, M, shiny|
|poke|p1|Sinistcha, L50, shiny|
|poke|p1|Garchomp, L50, M, shiny|
|poke|p1|Whimsicott, L50, F, shiny|
|poke|p1|Delphox, L50, F, shiny|
|poke|p2|Tyranitar, L50, M, shiny|
|poke|p2|Aerodactyl, L50, M, shiny|
|poke|p2|Pelipper, L50, M, shiny|
|poke|p2|Basculegion, L50, M, shiny|
|poke|p2|Beedrill, L50, M, shiny|
|poke|p2|Annihilape, L50, M, shiny|
|teampreview|4
|showteam|p1|Floette-Eternal||Floettite|FlowerVeil|DrainingKiss,DazzlingGleam,CalmMind,Protect|Modest||F|||50|]Incineroar||Charcoal|Intimidate|FakeOut,ThroatChop,FlareBlitz,PartingShot|Adamant||M|||50|]Sinistcha||KasibBerry|Hospitality|MatchaGotcha,RagePowder,LifeDew,TrickRoom|Bold|||||50|]Garchomp||LifeOrb|RoughSkin|RockTomb,Earthquake,DragonClaw,Protect|Jolly||M|||50|]Whimsicott||FairyFeather|Prankster|Moonblast,Tailwind,Encore,Protect|Timid||F|||50|]Delphox||Delphoxite|Blaze|HeatWave,Psychic,NastyPlot,Protect|Timid||F|||50|
|showteam|p2|Tyranitar||Tyranitarite|SandStream|BrickBreak,KnockOff,Protect,RockSlide|Adamant||M|||50|]Aerodactyl||FocusSash|Unnerve|DualWingbeat,IronHead,Protect,Tailwind|Jolly||M|||50|]Pelipper||WacanBerry|Drizzle|Hurricane,IceBeam,Protect,WeatherBall|Calm||M|||50|]Basculegion||MysticWater|SwiftSwim|AquaJet,FlipTurn,LastRespects,Protect|Adamant||M|||50|]Beedrill||Beedrillite|Sniper|PoisonJab,Protect,Uturn,FellStinger|Jolly||M|||50|]Annihilape||Leftovers|Defiant|BulkUp,DrainPunch,FirePunch,ThunderPunch|Adamant||M|||50|
|inactive|Battle timer is ON: inactive players will automatically lose when time's up. (requested by avalos jr)
|inactive|avalos jr has 60 seconds left.
|inactive|Divine Monkey King has 60 seconds left.
|
|t:|1783266618
|teamsize|p1|4
|teamsize|p2|4
|start
|switch|p1a: Dandelion|Floette-Eternal, L50, F|100/100
|switch|p1b: Mr. Meow|Incineroar, L50, M, shiny|100/100
|switch|p2a: Annihilape|Annihilape, L50, M, shiny|100/100
|switch|p2b: Beedrill|Beedrill, L50, M, shiny|100/100
|-ability|p1b: Mr. Meow|Intimidate|boost
|-unboost|p2a: Annihilape|atk|1
|-ability|p2a: Annihilape|Defiant|boost
|-boost|p2a: Annihilape|atk|2
|-unboost|p2b: Beedrill|atk|1
|turn|1
|
|t:|1783266631
|detailschange|p1a: Dandelion|Floette-Mega, L50, F
|-mega|p1a: Dandelion|Floette|Floettite
|-ability|p1a: Dandelion|Fairy Aura
|move|p2b: Beedrill|Protect|p2b: Beedrill
|-singleturn|p2b: Beedrill|Protect
|move|p1b: Mr. Meow|Fake Out|p2b: Beedrill
|-activate|p2b: Beedrill|move: Protect
|move|p1a: Dandelion|Dazzling Gleam|p2a: Annihilape|[spread] p2a
|-activate|p2b: Beedrill|move: Protect
|-supereffective|p2a: Annihilape|1
|-damage|p2a: Annihilape|16/100
|move|p2a: Annihilape|Bulk Up|p2a: Annihilape
|-boost|p2a: Annihilape|atk|1
|-boost|p2a: Annihilape|def|1
|
|-heal|p2a: Annihilape|22/100|[from] item: Leftovers
|upkeep
|turn|2
|
|t:|1783266653
|switch|p1b: Beri|Sinistcha, L50, shiny|100/100
|detailschange|p2b: Beedrill|Beedrill-Mega, L50, M, shiny
|-mega|p2b: Beedrill|Beedrill|Beedrillite
|move|p1a: Dandelion|Protect|p1a: Dandelion
|-singleturn|p1a: Dandelion|Protect
|move|p2b: Beedrill|Poison Jab|p1a: Dandelion
|-activate|p1a: Dandelion|move: Protect
|move|p2a: Annihilape|Drain Punch|p1b: Beri
|-immune|p1b: Beri
|
|-heal|p2a: Annihilape|28/100|[from] item: Leftovers
|upkeep
|turn|3
|
|t:|1783266675
|move|p1b: Beri|Rage Powder|p1b: Beri
|-singleturn|p1b: Beri|move: Rage Powder
|move|p2b: Beedrill|U-turn|p1b: Beri
|-damage|p1b: Beri|73/100
|
|t:|1783266684
|switch|p2b: Pelipper|Pelipper, L50, M, shiny|100/100|[from] U-turn
|-weather|RainDance|[from] ability: Drizzle|[of] p2b: Pelipper
|move|p1a: Dandelion|Dazzling Gleam|p2b: Pelipper|[spread] p2a,p2b
|-supereffective|p2a: Annihilape|1
|-damage|p2a: Annihilape|0 fnt
|-damage|p2b: Pelipper|49/100
|faint|p2a: Annihilape
|
|-weather|RainDance|[upkeep]
|upkeep
|
|t:|1783266695
|switch|p2a: Aerodactyl|Aerodactyl, L50, M, shiny|100/100
|-ability|p2a: Aerodactyl|Unnerve
|turn|4
|
|t:|1783266701
|switch|p1b: Mr. Meow|Incineroar, L50, M, shiny|100/100
|-ability|p1b: Mr. Meow|Intimidate|boost
|-unboost|p2a: Aerodactyl|atk|1
|-unboost|p2b: Pelipper|atk|1
|move|p2b: Pelipper|Protect|p2b: Pelipper
|-singleturn|p2b: Pelipper|Protect
|move|p2a: Aerodactyl|Tailwind|p2a: Aerodactyl
|-sidestart|p2: Divine Monkey King|move: Tailwind
|move|p1a: Dandelion|Dazzling Gleam|p2a: Aerodactyl|[spread] p2a
|-activate|p2b: Pelipper|move: Protect
|-damage|p2a: Aerodactyl|35/100
|
|-weather|RainDance|[upkeep]
|upkeep
|turn|5
|
|t:|1783266717
|move|p1b: Mr. Meow|Fake Out|p2b: Pelipper
|-damage|p2b: Pelipper|33/100
|move|p2a: Aerodactyl|Iron Head|p1a: Dandelion
|-supereffective|p1a: Dandelion|1
|-damage|p1a: Dandelion|64/100
|cant|p2b: Pelipper|flinch
|move|p1a: Dandelion|Dazzling Gleam|p2a: Aerodactyl|[spread] p2a,p2b
|-damage|p2a: Aerodactyl|0 fnt
|-damage|p2b: Pelipper|0 fnt
|faint|p2a: Aerodactyl
|faint|p2b: Pelipper
|
|-weather|RainDance|[upkeep]
|upkeep
|
|t:|1783266723
|switch|p2b: Beedrill|Beedrill-Mega, L50, M, shiny|100/100
|turn|6
|
|t:|1783266730
|switch|p1b: Beri|Sinistcha, L50, shiny|73/100
|-heal|p1a: Dandelion|89/100|[from] ability: Hospitality|[of] p1b: Beri
|move|p1a: Dandelion|Protect|p1a: Dandelion
|-singleturn|p1a: Dandelion|Protect
|move|p2b: Beedrill|Poison Jab|p1a: Dandelion
|-activate|p1a: Dandelion|move: Protect
|
|-weather|RainDance|[upkeep]
|upkeep
|turn|7
|
|t:|1783266741
|move|p1b: Beri|Rage Powder|p1b: Beri
|-singleturn|p1b: Beri|move: Rage Powder
|move|p2b: Beedrill|Poison Jab|p1b: Beri
|-damage|p1b: Beri|28/100
|move|p1a: Dandelion|Dazzling Gleam|p2b: Beedrill
|-resisted|p2b: Beedrill|1
|-damage|p2b: Beedrill|57/100
|
|-weather|none
|-sideend|p2: Divine Monkey King|move: Tailwind
|upkeep
|turn|8
|
|t:|1783266748
|switch|p1b: Mr. Meow|Incineroar, L50, M, shiny|100/100
|-ability|p1b: Mr. Meow|Intimidate|boost
|-unboost|p2b: Beedrill|atk|1
|move|p2b: Beedrill|Fell Stinger|p1b: Mr. Meow
|-damage|p1b: Mr. Meow|74/100
|move|p1a: Dandelion|Dazzling Gleam|p2b: Beedrill
|-resisted|p2b: Beedrill|1
|-damage|p2b: Beedrill|15/100
|
|upkeep
|turn|9
|
|t:|1783266757
|move|p1b: Mr. Meow|Fake Out|p2b: Beedrill
|-damage|p2b: Beedrill|0 fnt
|faint|p2b: Beedrill
|
|win|avalos jr
||avalos jr is ready for game 2.
||Divine Monkey King is ready for game 2.
|uhtml|next|Next: Game 2 of 3
