|j|☆8OO8IES
|j|☆ben's last ride
|html|8OO8IESben's last ride    
|uhtml|bestof|Game 1 of a best-of-3
|t:|1785049891
|gametype|doubles
|player|p1|8OO8IES|backersf|1093
|player|p2|ben's last ride|265|1091
|gen|9
|tier|[Gen 9 Champions] VGC 2026 Reg M-B (Bo3)
|rated|
|rule|Species Clause: Limit one of each Pokémon
|rule|Item Clause: Limit 1 of each item
|clearpoke
|poke|p1|Zoroark-Hisui, L50, M, shiny|
|poke|p1|Gholdengo, L50, shiny|
|poke|p1|Whimsicott, L50, M, shiny|
|poke|p1|Incineroar, L50, M, shiny|
|poke|p1|Dragonite, L50, M, shiny|
|poke|p1|Drampa, L50, M, shiny|
|poke|p2|Charizard, L50, M|
|poke|p2|Venusaur, L50, F|
|poke|p2|Garchomp, L50, F|
|poke|p2|Mawile, L50, M, shiny|
|poke|p2|Farigiraf, L50, F, shiny|
|poke|p2|Incineroar, L50, M|
|teampreview|4
|showteam|p1|Zoroark-Hisui||FocusSash|Illusion|BitterMalice,IcyWind,Taunt,Protect|Timid||M|||50|]Gholdengo||MetalCoat|GoodasGold|MakeItRain,ShadowBall,NastyPlot,Protect|Modest|||||50|]Whimsicott||OccaBerry|Prankster|Moonblast,Tailwind,TrickRoom,Encore|Bold||M|||50|]Incineroar||SitrusBerry|Intimidate|FakeOut,ThroatChop,FlareBlitz,PartingShot|Careful||M|||50|]Dragonite||Dragoninite|Multiscale|HeatWave,Thunderbolt,DragonPulse,Protect|Modest||M|||50|]Drampa||Drampanite|CloudNine|HyperVoice,EarthPower,CalmMind,Protect|Modest||M|||50|
|showteam|p2|Charizard||CharizarditeY|Blaze|Protect,HeatWave,SolarBeam,WeatherBall|Modest||M|||50|]Venusaur||FocusSash|Chlorophyll|Protect,SleepPowder,SludgeBomb,EarthPower|Timid||F|||50|]Garchomp||LifeOrb|RoughSkin|DragonClaw,Earthquake,RockSlide,Protect|Jolly||F|||50|]Mawile||Mawilite|HyperCutter|Protect,PlayRough,SuckerPunch,RockSlide|Brave||M|||50|]Farigiraf||SitrusBerry|ArmorTail|Thunderbolt,Psychic,TrickRoom,HelpingHand|Calm||F|||50|]Incineroar||PasshoBerry|Intimidate|FlareBlitz,DarkestLariat,FakeOut,PartingShot|Careful||M|||50|
|inactive|Battle timer is ON: inactive players will automatically lose when time's up. (requested by ben's last ride)
|inactive|8OO8IES has 60 seconds left.
|inactive|ben's last ride has 60 seconds left.
|
|t:|1785049936
|teamsize|p1|4
|teamsize|p2|4
|start
|switch|p1a: Incineroar|Incineroar, L50, M, shiny|100/100
|switch|p1b: Whimsicott|Whimsicott, L50, M, shiny|100/100
|switch|p2a: Farigiraf|Farigiraf, L50, F, shiny|100/100
|switch|p2b: Incineroar|Incineroar, L50, M|100/100
|-ability|p1a: Incineroar|Intimidate|boost
|-unboost|p2a: Farigiraf|atk|1
|-unboost|p2b: Incineroar|atk|1
|-ability|p2b: Incineroar|Intimidate|boost
|-unboost|p1a: Incineroar|atk|1
|-unboost|p1b: Whimsicott|atk|1
|turn|1
|inactive|8OO8IES has 30 seconds left.
|inactive|8OO8IES has 20 seconds left.
|inactive|8OO8IES has 15 seconds left.
|inactive|8OO8IES has 10 seconds left.
|inactive|8OO8IES has 5 seconds left.
|
|t:|1785049987
|move|p1b: Whimsicott|Taunt|p2a: Farigiraf
|-start|p2a: Farigiraf|move: Taunt
|move|p1a: Incineroar|Throat Chop|p2a: Farigiraf
|-supereffective|p2a: Farigiraf|1
|-damage|p2a: Farigiraf|62/100
|-start|p2a: Farigiraf|Throat Chop|[silent]
|move|p2b: Incineroar|Flare Blitz|p1b: Whimsicott
|-damage|p1b: Whimsicott|36/100
|replace|p1b: Zoroark|Zoroark-Hisui, L50, M, shiny
|-end|p1b: Zoroark|Illusion
|-damage|p2b: Incineroar|86/100|[from] Recoil
|cant|p2a: Farigiraf|move: Taunt|Trick Room
|
|upkeep
|turn|2
|
|t:|1785050010
|switch|p2a: Garchomp|Garchomp, L50, F|100/100
|move|p1b: Zoroark|Bitter Malice|p2b: Incineroar
|-resisted|p2b: Incineroar|1
|-damage|p2b: Incineroar|71/100
|-unboost|p2b: Incineroar|atk|1
|move|p1a: Incineroar|Throat Chop|p2a: Garchomp
|-damage|p2a: Garchomp|78/100
|-start|p2a: Garchomp|Throat Chop|[silent]
|-damage|p1a: Incineroar|87/100|[from] ability: Rough Skin|[of] p2a: Garchomp
|move|p2b: Incineroar|Flare Blitz|p1b: Zoroark
|-damage|p1b: Zoroark|0 fnt
|faint|p1b: Zoroark
|-damage|p2b: Incineroar|63/100|[from] Recoil
|
|upkeep
|inactive|8OO8IES has 30 seconds left.
|l|☆ben's last ride
|inactive|ben's last ride disconnected and has a minute to reconnect!
|player|p2|
|j|☆ben's last ride
|inactive|ben's last ride reconnected.
|player|p2|ben's last ride|265|
|
|t:|1785050044
|switch|p1b: Drampa|Drampa, L50, M, shiny|100/100
|-ability|p1b: Drampa|Cloud Nine
|turn|3
|
|t:|1785050063
|detailschange|p1b: Drampa|Drampa-Mega, L50, M, shiny
|-mega|p1b: Drampa|Drampa|Drampanite
|move|p2a: Garchomp|Protect|p2a: Garchomp
|-singleturn|p2a: Garchomp|Protect
|move|p1a: Incineroar|Parting Shot|p2a: Garchomp
|-activate|p2a: Garchomp|move: Protect
|move|p2b: Incineroar|Parting Shot|p1a: Incineroar
|-unboost|p1a: Incineroar|atk|1
|-unboost|p1a: Incineroar|spa|1
|
|t:|1785050068
|switch|p2b: Mawile|Mawile, L50, M, shiny|100/100|[from] Parting Shot
|move|p1b: Drampa|Calm Mind|p1b: Drampa
|-boost|p1b: Drampa|spa|1
|-boost|p1b: Drampa|spd|1
|
|-end|p2a: Garchomp|Throat Chop|[silent]
|upkeep
|turn|4
|inactive|8OO8IES has 30 seconds left.
|
|t:|1785050100
|detailschange|p2b: Mawile|Mawile-Mega, L50, M, shiny
|-mega|p2b: Mawile|Mawile|Mawilite
|move|p1b: Drampa|Protect|p1b: Drampa
|-singleturn|p1b: Drampa|Protect
|move|p2a: Garchomp|Dragon Claw|p1b: Drampa
|-activate|p1b: Drampa|move: Protect
|move|p1a: Incineroar|Parting Shot|p2b: Mawile
|-unboost|p2b: Mawile|atk|1
|-unboost|p2b: Mawile|spa|1
|
|t:|1785050110
|switch|p1a: Whimsicott|Whimsicott, L50, M, shiny|100/100|[from] Parting Shot
|move|p2b: Mawile|Play Rough|p1a: Whimsicott
|-damage|p1a: Whimsicott|40/100
|
|upkeep
|turn|5
|-message|ben's last ride forfeited.
|
|win|8OO8IES
