|j|☆Prepucio Santos
|j|☆foshoow
|html|Prepucio Santosfoshoow    
|uhtml|bestof|Game 1 of a best-of-3
|t:|1783105437
|gametype|doubles
|player|p1|Prepucio Santos|striker|1103
|player|p2|foshoow|170|1073
|gen|9
|tier|[Gen 9 Champions] VGC 2026 Reg M-B (Bo3)
|rated|
|rule|Species Clause: Limit one of each Pokémon
|rule|Item Clause: Limit 1 of each item
|clearpoke
|poke|p1|Incineroar, L50, M|
|poke|p1|Sinistcha-Masterpiece, L50, shiny|
|poke|p1|Floette-Eternal, L50, F|
|poke|p1|Kingambit, L50, M|
|poke|p1|Sneasler, L50, F|
|poke|p1|Delphox, L50, M, shiny|
|poke|p2|Swampert, L50, F|
|poke|p2|Pelipper, L50, F|
|poke|p2|Archaludon, L50, M|
|poke|p2|Kangaskhan, L50, F|
|poke|p2|Meganium, L50, F|
|poke|p2|Mimikyu, L50, F|
|teampreview|4
|showteam|p1|Incineroar||SitrusBerry|Intimidate|FakeOut,PartingShot,ThroatChop,FlareBlitz|Careful||M|||50|]Sinistcha-Masterpiece||KasibBerry|Hospitality|MatchaGotcha,LifeDew,RagePowder,TrickRoom|Bold|||||50|]Floette-Eternal||Floettite|FlowerVeil|Moonblast,DazzlingGleam,CalmMind,Protect|Modest||F|||50|]Kingambit||BlackGlasses|Defiant|KowtowCleave,SuckerPunch,SwordsDance,Protect|Adamant||M|||50|]Sneasler||FocusSash|PoisonTouch|FakeOut,CloseCombat,DireClaw,QuickGuard|Jolly||F|||50|]Delphox||Delphoxite|Blaze|HeatWave,Psyshock,NastyPlot,Protect|Timid||M|||50|
|showteam|p2|Swampert||Swampertite|Torrent|Protect,WaveCrash,Earthquake,IcePunch|Adamant||F|||50|]Pelipper||FocusSash|Drizzle|Protect,Tailwind,IceBeam,Hurricane|Modest||F|||50|]Archaludon||Leftovers|Stamina|Protect,AuraSphere,ElectroShot,DragonPulse|Modest||M|||50|]Kangaskhan||LifeOrb|Scrappy|Protect,FakeOut,DoubleEdge,ShadowClaw|Adamant||F|||50|]Meganium||Meganiumite|Overgrow|Protect,SolarBeam,WeatherBall,DazzlingGleam|Modest||F|||50|]Mimikyu||SitrusBerry|Disguise|RainDance,TrickRoom,DestinyBond,WillOWisp|Adamant||F|||50|
|
|t:|1783105459
|teamsize|p1|4
|teamsize|p2|4
|start
|switch|p1a: Incineroar|Incineroar, L50, M|100/100
|switch|p1b: Floette|Floette-Eternal, L50, F|100/100
|switch|p2a: Kangaskhan|Kangaskhan, L50, F|100/100
|switch|p2b: Swampert|Swampert, L50, F|100/100
|-ability|p1a: Incineroar|Intimidate|boost
|-fail|p2a: Kangaskhan|unboost|Attack|[from] ability: Scrappy|[of] p2a: Kangaskhan
|-unboost|p2b: Swampert|atk|1
|turn|1
|inactive|Battle timer is ON: inactive players will automatically lose when time's up. (requested by Prepucio Santos)
|
|t:|1783105493
|detailschange|p1b: Floette|Floette-Mega, L50, F
|-mega|p1b: Floette|Floette|Floettite
|-ability|p1b: Floette|Fairy Aura
|detailschange|p2b: Swampert|Swampert-Mega, L50, F
|-mega|p2b: Swampert|Swampert|Swampertite
|move|p2a: Kangaskhan|Fake Out|p1a: Incineroar
|-damage|p1a: Incineroar|76/100
|-damage|p2a: Kangaskhan|90/100|[from] item: Life Orb
|cant|p1a: Incineroar|flinch
|move|p1b: Floette|Dazzling Gleam|p2a: Kangaskhan|[spread] p2a,p2b
|-damage|p2a: Kangaskhan|39/100
|-damage|p2b: Swampert|62/100
|move|p2b: Swampert|Wave Crash|p1b: Floette
|-damage|p1b: Floette|53/100
|-damage|p2b: Swampert|46/100|[from] Recoil
|
|upkeep
|turn|2
|inactive|foshoow has 30 seconds left.
|
|t:|1783105522
|switch|p2a: Pelipper|Pelipper, L50, F|100/100
|-weather|RainDance|[from] ability: Drizzle|[of] p2a: Pelipper
|switch|p1a: Sinistcha|Sinistcha-Masterpiece, L50, shiny|100/100
|-heal|p1b: Floette|78/100|[from] ability: Hospitality|[of] p1a: Sinistcha
|move|p1b: Floette|Protect|p1b: Floette
|-singleturn|p1b: Floette|Protect
|move|p2b: Swampert|Earthquake|p1b: Floette|[spread] p1a
|-activate|p1b: Floette|move: Protect
|-immune|p2a: Pelipper
|-resisted|p1a: Sinistcha|1
|-damage|p1a: Sinistcha|87/100
|
|-weather|RainDance|[upkeep]
|upkeep
|turn|3
|
|t:|1783105540
|switch|p1a: Incineroar|Incineroar, L50, M|76/100
|-ability|p1a: Incineroar|Intimidate|boost
|-unboost|p2a: Pelipper|atk|1
|-unboost|p2b: Swampert|atk|1
|move|p2b: Swampert|Protect|p2b: Swampert
|-singleturn|p2b: Swampert|Protect
|move|p1b: Floette|Dazzling Gleam|p2b: Swampert|[spread] p2a
|-activate|p2b: Swampert|move: Protect
|-crit|p2a: Pelipper
|-enditem|p2a: Pelipper|Focus Sash
|-damage|p2a: Pelipper|1/100
|move|p2a: Pelipper|Ice Beam|p1a: Incineroar
|-resisted|p1a: Incineroar|1
|-crit|p1a: Incineroar
|-damage|p1a: Incineroar|60/100
|
|-weather|RainDance|[upkeep]
|upkeep
|turn|4
|inactive|foshoow has 30 seconds left.
|
|t:|1783105575
|switch|p2b: Archaludon|Archaludon, L50, M|100/100
|move|p2a: Pelipper|Protect|p2a: Pelipper
|-singleturn|p2a: Pelipper|Protect
|move|p1a: Incineroar|Fake Out|p2b: Archaludon
|-resisted|p2b: Archaludon|1
|-damage|p2b: Archaludon|95/100
|-ability|p2b: Archaludon|Stamina|boost
|-boost|p2b: Archaludon|def|1
|move|p1b: Floette|Dazzling Gleam|p2b: Archaludon|[spread] p2b
|-activate|p2a: Pelipper|move: Protect
|-damage|p2b: Archaludon|40/100
|-ability|p2b: Archaludon|Stamina|boost
|-boost|p2b: Archaludon|def|1
|
|-weather|RainDance|[upkeep]
|-heal|p2b: Archaludon|46/100|[from] item: Leftovers
|upkeep
|turn|5
|inactive|foshoow has 30 seconds left.
|
|t:|1783105608
|switch|p1a: Sinistcha|Sinistcha-Masterpiece, L50, shiny|87/100
|-heal|p1b: Floette|100/100|[from] ability: Hospitality|[of] p1a: Sinistcha
|move|p1b: Floette|Dazzling Gleam|p2b: Archaludon|[spread] p2a,p2b
|-damage|p2a: Pelipper|0 fnt
|-damage|p2b: Archaludon|0 fnt
|faint|p2a: Pelipper
|faint|p2b: Archaludon
|
|-weather|RainDance|[upkeep]
|upkeep
|
|t:|1783105615
|switch|p2b: Swampert|Swampert-Mega, L50, F|46/100
|switch|p2a: Kangaskhan|Kangaskhan, L50, F|39/100
|turn|6
|
|t:|1783105625
|switch|p1a: Incineroar|Incineroar, L50, M|60/100
|-ability|p1a: Incineroar|Intimidate|boost
|-fail|p2a: Kangaskhan|unboost|Attack|[from] ability: Scrappy|[of] p2a: Kangaskhan
|-unboost|p2b: Swampert|atk|1
|move|p1b: Floette|Protect|p1b: Floette
|-singleturn|p1b: Floette|Protect
|move|p2b: Swampert|Ice Punch|p1a: Incineroar
|-resisted|p1a: Incineroar|1
|-damage|p1a: Incineroar|50/100g
|move|p2a: Kangaskhan|Shadow Claw|p1a: Incineroar
|-resisted|p1a: Incineroar|1
|-damage|p1a: Incineroar|37/100
|-enditem|p1a: Incineroar|Sitrus Berry|[eat]
|-heal|p1a: Incineroar|62/100|[from] item: Sitrus Berry
|-damage|p2a: Kangaskhan|29/100|[from] item: Life Orb
|
|-weather|none
|upkeep
|turn|7
|
|t:|1783105643
|move|p1a: Incineroar|Fake Out|p2a: Kangaskhan
|-damage|p2a: Kangaskhan|16/100
|cant|p2a: Kangaskhan|flinch
|move|p1b: Floette|Dazzling Gleam|p2a: Kangaskhan|[spread] p2a,p2b
|-crit|p2a: Kangaskhan
|-damage|p2a: Kangaskhan|0 fnt
|-damage|p2b: Swampert|12/100
|faint|p2a: Kangaskhan
|move|p2b: Swampert|Wave Crash|p1b: Floette
|-damage|p1b: Floette|53/100
|-damage|p2b: Swampert|0 fnt|[from] Recoil
|faint|p2b: Swampert
|
|win|Prepucio Santos
||foshoow is ready for game 2.
|inactive|Prepucio Santos has 30 seconds to confirm battle start!
||Prepucio Santos is ready for game 2.
|uhtml|next|Next: Game 2 of 3
