|j|☆mattf315
|j|☆raterrien
|html|mattf315raterrien    
|uhtml|bestof|Game 1 of a best-of-3
|t:|1756162283
|gametype|doubles
|player|p1|mattf315|169|1055
|player|p2|raterrien|101|1000
|gen|9
|tier|[Gen 9] VGC 2025 Reg H (Bo3)
|rated|
|rule|Species Clause: Limit one of each Pokémon
|rule|Item Clause: Limit 1 of each item
|clearpoke
|poke|p1|Gallade, L50, M|
|poke|p1|Amoonguss, L50, M|
|poke|p1|Indeedee-F, L50, F|
|poke|p1|Incineroar, L50, F|
|poke|p1|Ursaluna, L50, M|
|poke|p1|Sylveon, L50, M|
|poke|p2|Politoed, L50, F|
|poke|p2|Gothitelle, L50, M|
|poke|p2|Archaludon, L50, M|
|poke|p2|Maushold, L50|
|poke|p2|Annihilape, L50, M|
|poke|p2|Incineroar, L50, F|
|teampreview|4
|showteam|p1|Gallade||ScopeLens|Sharpness|PsychoCut,SacredSword,NightSlash,TrickRoom|||M|||50|,,,,,Dark]Amoonguss||RockyHelmet|Regenerator|PollenPuff,RagePowder,Spore,ClearSmog|||M|||50|,,,,,Water]Indeedee-F||PsychicSeed|PsychicSurge|Psychic,FollowMe,HelpingHand,TrickRoom|||F|||50|,,,,,Fairy]Incineroar||SafetyGoggles|Intimidate|FakeOut,FlareBlitz,KnockOff,PartingShot|||F|||50|,,,,,Ghost]Ursaluna||FlameOrb|Guts|Facade,HeadlongRush,BrickBreak,Protect|||M|||50|,,,,,Normal]Sylveon||ThroatSpray|Pixilate|HyperVoice,TeraBlast,CalmMind,Protect|||M|||50|,,,,,Water
|showteam|p2|Politoed||Leftovers|Drizzle|WeatherBall,PerishSong,Encore,Protect|||F|||50|,,,,,Grass]Gothitelle||SitrusBerry|ShadowTag|Psychic,FakeOut,TrickRoom,Protect|||M|||50|,,,,,Dark]Archaludon||PowerHerb|Stamina|ElectroShot,DragonPulse,FlashCannon,Protect|||M|||50|,,,,,Grass]Maushold||CovertCloak|FriendGuard|BeatUp,FollowMe,ThunderWave,Protect||||||50|,,,,,Dark]Annihilape||LifeOrb|Defiant|RageFist,CloseCombat,DrainPunch,Protect|||M|||50|,,,,,Normal]Incineroar||SafetyGoggles|Intimidate|FakeOut,PartingShot,KnockOff,Protect|||F|||50|,,,,,Ghost
|inactive|Battle timer is ON: inactive players will automatically lose when time's up. (requested by mattf315)
|
|t:|1756162390
|teamsize|p1|4
|teamsize|p2|4
|start
|switch|p1a: Indeedee|Indeedee-F, L50, F|100/100
|switch|p1b: Gallade|Gallade, L50, M|100/100
|switch|p2a: Annihilape|Annihilape, L50, M|100/100
|switch|p2b: Archaludon|Archaludon, L50, M|100/100
|-fieldstart|move: Psychic Terrain|[from] ability: Psychic Surge|[of] p1a: Indeedee
|-enditem|p1a: Indeedee|Psychic Seed
|-boost|p1a: Indeedee|spd|1|[from] item: Psychic Seed
|turn|1
|inactive|mattf315 has 30 seconds left.
|
|t:|1756162415
|move|p1a: Indeedee|Follow Me|p1a: Indeedee
|-singleturn|p1a: Indeedee|move: Follow Me
|move|p2a: Annihilape|Close Combat|p1a: Indeedee
|-damage|p1a: Indeedee|34/100
|-unboost|p2a: Annihilape|def|1
|-unboost|p2a: Annihilape|spd|1
|-damage|p2a: Annihilape|91/100|[from] item: Life Orb
|move|p2b: Archaludon|Electro Shot||[still]
|-prepare|p2b: Archaludon|Electro Shot
|-boost|p2b: Archaludon|spa|1
|-enditem|p2b: Archaludon|Power Herb
|-anim|p2b: Archaludon|Electro Shot|p1a: Indeedee
|-damage|p1a: Indeedee|0 fnt
|faint|p1a: Indeedee
|move|p1b: Gallade|Trick Room|p1b: Gallade
|-fieldstart|move: Trick Room|[of] p1b: Gallade
|
|upkeep
|
|t:|1756162430
|switch|p1a: Ursaluna|Ursaluna, L50, M|100/100
|turn|2
|inactive|raterrien has 30 seconds left.
|inactive|raterrien has 20 seconds left.
|inactive|raterrien has 15 seconds left.
|
|t:|1756162472
|switch|p2a: Incineroar|Incineroar, L50, F|100/100
|-ability|p2a: Incineroar|Intimidate|boost
|-unboost|p1a: Ursaluna|atk|1
|-unboost|p1b: Gallade|atk|1
|move|p1a: Ursaluna|Headlong Rush|p2a: Incineroar
|-supereffective|p2a: Incineroar
|-damage|p2a: Incineroar|10/100
|-unboost|p1a: Ursaluna|def|1
|-unboost|p1a: Ursaluna|spd|1
|move|p1b: Gallade|Sacred Sword|p2b: Archaludon
|-supereffective|p2b: Archaludon
|-damage|p2b: Archaludon|23/100
|-ability|p2b: Archaludon|Stamina|boost
|-boost|p2b: Archaludon|def|1
|move|p2b: Archaludon|Dragon Pulse|p1a: Ursaluna
|-damage|p1a: Ursaluna|19/100
|
|-status|p1a: Ursaluna|brn|[from] item: Flame Orb
|upkeep
|turn|3
|inactive|mattf315 has 30 seconds left.
|inactive|raterrien has 30 seconds left.
|inactive|mattf315 has 20 seconds left.
|inactive|mattf315 has 15 seconds left.
|inactive|mattf315 has 10 seconds left.
|
|t:|1756162520
|switch|p1a: Sylveon|Sylveon, L50, M|100/100
|move|p2a: Incineroar|Protect|p2a: Incineroar
|-singleturn|p2a: Incineroar|Protect
|move|p2b: Archaludon|Protect|p2b: Archaludon
|-singleturn|p2b: Archaludon|Protect
|move|p1b: Gallade|Sacred Sword|p2b: Archaludon
|-activate|p2b: Archaludon|move: Protect
|
|upkeep
|turn|4
|inactive|raterrien has 30 seconds left.
|
|t:|1756162551
|switch|p2a: Maushold|Maushold, L50|100/100
|switch|p2b: Annihilape|Annihilape, L50, M|91/100
|move|p1a: Sylveon|Hyper Voice|p2a: Maushold|[spread] p2a,p2b
|-supereffective|p2b: Annihilape
|-damage|p2a: Maushold|62/100
|-damage|p2b: Annihilape|36/100
|-enditem|p1a: Sylveon|Throat Spray
|-boost|p1a: Sylveon|spa|1|[from] item: Throat Spray
|move|p1b: Gallade|Sacred Sword|p2b: Annihilape
|-immune|p2b: Annihilape
|
|upkeep
|turn|5
|
|t:|1756162571
|switch|p1b: Ursaluna|Ursaluna, L50, M|19/100 brn
|move|p2b: Annihilape|Protect|p2b: Annihilape
|-singleturn|p2b: Annihilape|Protect
|move|p2a: Maushold|Protect|p2a: Maushold
|-singleturn|p2a: Maushold|Protect
|move|p1a: Sylveon|Calm Mind|p1a: Sylveon
|-boost|p1a: Sylveon|spa|1
|-boost|p1a: Sylveon|spd|1
|
|-damage|p1b: Ursaluna|13/100 brn|[from] brn
|-fieldend|move: Trick Room
|-fieldend|move: Psychic Terrain
|upkeep
|turn|6
|inactive|mattf315 has 30 seconds left.
|
|t:|1756162597
|move|p2a: Maushold|Thunder Wave|p1a: Sylveon
|-status|p1a: Sylveon|par
|move|p2b: Annihilape|Drain Punch|p1b: Ursaluna
|-supereffective|p1b: Ursaluna
|-damage|p1b: Ursaluna|0 fnt
|-heal|p2b: Annihilape|43/100|[from] drain|[of] p1b: Ursaluna
|faint|p1b: Ursaluna
|-damage|p2b: Annihilape|33/100|[from] item: Life Orb
|move|p1a: Sylveon|Hyper Voice|p2a: Maushold|[spread] p2a,p2b
|-supereffective|p2b: Annihilape
|-damage|p2a: Maushold|0 fnt
|-damage|p2b: Annihilape|0 fnt
|faint|p2a: Maushold
|faint|p2b: Annihilape
|
|upkeep
|
|t:|1756162610
|switch|p2a: Incineroar|Incineroar, L50, F|10/100
|switch|p2b: Archaludon|Archaludon, L50, M|23/100
|switch|p1b: Gallade|Gallade, L50, M|100/100
|-ability|p2a: Incineroar|Intimidate|boost
|-unboost|p1a: Sylveon|atk|1
|-unboost|p1b: Gallade|atk|1
|turn|7
|inactive|mattf315 has 30 seconds left.
|
|t:|1756162639
|-terastallize|p1b: Gallade|Dark
|cant|p1a: Sylveon|par
|move|p2a: Incineroar|Fake Out|p1b: Gallade
|-damage|p1b: Gallade|87/100
|move|p2b: Archaludon|Flash Cannon|p1a: Sylveon
|-supereffective|p1a: Sylveon
|-damage|p1a: Sylveon|61/100 par
|cant|p1b: Gallade|flinch
|
|upkeep
|turn|8
|inactive|raterrien has 30 seconds left.
|inactive|raterrien has 20 seconds left.
|
|t:|1756162676
|move|p2b: Archaludon|Flash Cannon|p1a: Sylveon
|-supereffective|p1a: Sylveon
|-damage|p1a: Sylveon|24/100 par
|move|p2a: Incineroar|Parting Shot|p1b: Gallade
|-unboost|p1b: Gallade|atk|1
|-unboost|p1b: Gallade|spa|1
|move|p1a: Sylveon|Hyper Voice|p2b: Archaludon|[spread] p2a,p2b
|-damage|p2a: Incineroar|0 fnt
|-damage|p2b: Archaludon|0 fnt
|faint|p2a: Incineroar
|faint|p2b: Archaludon
|
|win|mattf315
|inactive|mattf315 has 30 seconds to confirm battle start!
|inactive|raterrien has 30 seconds to confirm battle start!
