|j|☆Thinking Charizard
|j|☆bighamsterbaseball
|html|Thinking Charizardbighamsterbaseball    
|uhtml|bestof|Game 1 of a best-of-3
|t:|1784755883
|gametype|doubles
|player|p1|Thinking Charizard|colress|1176
|player|p2|bighamsterbaseball|pokemaniac|1264
|gen|9
|tier|[Gen 9 Champions] VGC 2026 Reg M-B (Bo3)
|rated|
|rule|Species Clause: Limit one of each Pokémon
|rule|Item Clause: Limit 1 of each item
|clearpoke
|poke|p1|Raichu, L50, M|
|poke|p1|Pelipper, L50, M|
|poke|p1|Archaludon, L50, M|
|poke|p1|Sinistcha, L50|
|poke|p1|Grimmsnarl, L50, M|
|poke|p1|Metagross, L50, shiny|
|poke|p2|Pyroar, L50, M|
|poke|p2|Scrafty, L50, F|
|poke|p2|Torkoal, L50, F|
|poke|p2|Venusaur, L50, M|
|poke|p2|Basculegion, L50, M|
|poke|p2|Malamar, L50, F|
|teampreview|4
|showteam|p1|Raichu||RaichuniteY|Static|ZapCannon,FocusBlast,FakeOut,Protect|Timid||M|||50|]Pelipper||SitrusBerry|Drizzle|Tailwind,WideGuard,WeatherBall,Hurricane|Modest||M|||50|]Archaludon||Leftovers|Stamina|ElectroShot,FlashCannon,DragonPulse,Protect|Calm||M|||50|]Sinistcha||ColburBerry|Hospitality|RagePowder,MatchaGotcha,TrickRoom,LifeDew|Calm|||||50|]Grimmsnarl||LightClay|Prankster|LightScreen,Reflect,PartingShot,SpiritBreak|Careful||M|||50|]Metagross||Metagrossite|ClearBody|IronHead,PsychicFangs,BodyPress,Protect|Jolly|||||50|
|showteam|p2|Pyroar||Pyroarite|Unnerve|HeatWave,Overheat,SolarBeam,Protect|Timid||M|||50|]Scrafty||Scraftinite|Intimidate|FakeOut,DrainPunch,KnockOff,IcePunch|Adamant||F|||50|]Torkoal||Leftovers|Drought|HeatWave,Yawn,HelpingHand,Protect|Relaxed||F|||50|]Venusaur||LifeOrb|Chlorophyll|LeafStorm,SludgeBomb,EarthPower,Protect|Modest||M|||50|]Basculegion||ChoiceScarf|Adaptability|WaveCrash,LastRespects,AquaJet,FlipTurn|Adamant||M|||50|]Malamar||SitrusBerry|Contrary|Superpower,RockSlide,TrickRoom,TopsyTurvy|Careful||F|||50|
|
|t:|1784755942
|teamsize|p1|4
|teamsize|p2|4
|start
|switch|p1a: Metagross|Metagross, L50, shiny|100/100
|switch|p1b: Grimmsnarl|Grimmsnarl, L50, M|100/100
|switch|p2a: Scrafty|Scrafty, L50, F|100/100
|switch|p2b: Malamar|Malamar, L50, F|100/100
|-ability|p2a: Scrafty|Intimidate|boost
|-fail|p1a: Metagross|unboost|[from] ability: Clear Body|[of] p1a: Metagross
|-unboost|p1b: Grimmsnarl|atk|1
|turn|1
|
|t:|1784755984
|detailschange|p2a: Scrafty|Scrafty-Mega, L50, F
|-mega|p2a: Scrafty|Scrafty|Scraftinite
|-ability|p2a: Scrafty|Intimidate|boost
|-fail|p1a: Metagross|unboost|[from] ability: Clear Body|[of] p1a: Metagross
|-unboost|p1b: Grimmsnarl|atk|1
|move|p1a: Metagross|Protect|p1a: Metagross
|-singleturn|p1a: Metagross|Protect
|move|p2a: Scrafty|Fake Out|p1b: Grimmsnarl
|-damage|p1b: Grimmsnarl|81/100
|cant|p1b: Grimmsnarl|flinch
|move|p2b: Malamar|Trick Room|p2b: Malamar
|-fieldstart|move: Trick Room|[of] p2b: Malamar
|
|upkeep
|turn|2
|inactive|Battle timer is ON: inactive players will automatically lose when time's up. (requested by bighamsterbaseball)
|
|t:|1784756039
|detailschange|p1a: Metagross|Metagross-Mega, L50, shiny
|-mega|p1a: Metagross|Metagross|Metagrossite
|move|p1b: Grimmsnarl|Reflect|p1b: Grimmsnarl
|-sidestart|p1: Thinking Charizard|Reflect
|move|p2b: Malamar|Superpower|p1a: Metagross
|-damage|p1a: Metagross|85/100
|-boost|p2b: Malamar|atk|1
|-boost|p2b: Malamar|def|1
|move|p2a: Scrafty|Knock Off|p1a: Metagross
|-supereffective|p1a: Metagross|1
|-crit|p1a: Metagross
|-damage|p1a: Metagross|0 fnt
|faint|p1a: Metagross
|
|upkeep
|l|☆bighamsterbaseball
|inactive|bighamsterbaseball disconnected and has a minute to reconnect!
|player|p2|
|j|☆bighamsterbaseball
|inactive|bighamsterbaseball reconnected.
|player|p2|bighamsterbaseball|pokemaniac|
|
|t:|1784756050
|switch|p1a: Archaludon|Archaludon, L50, M|100/100
|turn|3
|
|t:|1784756073
|move|p1a: Archaludon|Protect|p1a: Archaludon
|-singleturn|p1a: Archaludon|Protect
|move|p1b: Grimmsnarl|Spirit Break|p2a: Scrafty
|-supereffective|p2a: Scrafty|2
|-damage|p2a: Scrafty|40/100
|-unboost|p2a: Scrafty|spa|1
|move|p2b: Malamar|Superpower|p1a: Archaludon
|-activate|p1a: Archaludon|move: Protect
|move|p2a: Scrafty|Drain Punch|p1b: Grimmsnarl
|-damage|p1b: Grimmsnarl|44/100
|-heal|p2a: Scrafty|63/100|[from] drain|[of] p1b: Grimmsnarl
|
|upkeep
|turn|4
|inactive|Thinking Charizard has 30 seconds left.
|inactive|Thinking Charizard has 20 seconds left.
|inactive|Thinking Charizard has 15 seconds left.
|
|t:|1784756115
|switch|p1b: Pelipper|Pelipper, L50, M|100/100
|-weather|RainDance|[from] ability: Drizzle|[of] p1b: Pelipper
|move|p2b: Malamar|Superpower|p1b: Pelipper
|-resisted|p1b: Pelipper|1
|-damage|p1b: Pelipper|83/100
|-boost|p2b: Malamar|atk|1
|-boost|p2b: Malamar|def|1
|move|p2a: Scrafty|Drain Punch|p1b: Pelipper
|-resisted|p1b: Pelipper|1
|-damage|p1b: Pelipper|67/100
|-heal|p2a: Scrafty|71/100|[from] drain|[of] p1b: Pelipper
|move|p1a: Archaludon|Electro Shot||[still]
|-prepare|p1a: Archaludon|Electro Shot
|-boost|p1a: Archaludon|spa|1
|-anim|p1a: Archaludon|Electro Shot|p2b: Malamar
|-damage|p2b: Malamar|51/100
|
|-weather|RainDance|[upkeep]
|upkeep
|turn|5
|inactive|Thinking Charizard has 30 seconds left.
|
|t:|1784756147
|switch|p2a: Torkoal|Torkoal, L50, F|100/100
|-weather|SunnyDay|[from] ability: Drought|[of] p2a: Torkoal
|move|p1b: Pelipper|Hurricane|p2a: Torkoal
|-damage|p2a: Torkoal|42/100
|move|p2b: Malamar|Rock Slide|p1a: Archaludon|[spread] p1a,p1b
|-resisted|p1a: Archaludon|1
|-supereffective|p1b: Pelipper|1
|-damage|p1a: Archaludon|94/100
|-damage|p1b: Pelipper|26/100
|-ability|p1a: Archaludon|Stamina|boost
|-boost|p1a: Archaludon|def|1
|-enditem|p1b: Pelipper|Sitrus Berry|[eat]
|-heal|p1b: Pelipper|51/100|[from] item: Sitrus Berry
|move|p1a: Archaludon|Flash Cannon|p2a: Torkoal
|-resisted|p2a: Torkoal|1
|-damage|p2a: Torkoal|11/100
|
|-weather|SunnyDay|[upkeep]
|-heal|p2a: Torkoal|18/100|[from] item: Leftovers
|-heal|p1a: Archaludon|100/100|[from] item: Leftovers
|-fieldend|move: Trick Room
|upkeep
|turn|6
|inactive|bighamsterbaseball has 30 seconds left.
|
|t:|1784756175
|move|p2a: Torkoal|Protect|p2a: Torkoal
|-singleturn|p2a: Torkoal|Protect
|move|p1a: Archaludon|Flash Cannon|p2b: Malamar
|-damage|p2b: Malamar|9/100
|-enditem|p2b: Malamar|Sitrus Berry|[eat]
|-heal|p2b: Malamar|34/100|[from] item: Sitrus Berry
|move|p1b: Pelipper|Weather Ball|p2a: Torkoal
|-activate|p2a: Torkoal|move: Protect
|move|p2b: Malamar|Trick Room|p2b: Malamar
|-fieldstart|move: Trick Room|[of] p2b: Malamar
|
|-weather|SunnyDay|[upkeep]
|-heal|p2a: Torkoal|24/100|[from] item: Leftovers
|upkeep
|turn|7
|
|t:|1784756198
|switch|p2a: Scrafty|Scrafty-Mega, L50, F|71/100
|-ability|p2a: Scrafty|Intimidate|boost
|-unboost|p1a: Archaludon|atk|1
|-unboost|p1b: Pelipper|atk|1
|move|p1a: Archaludon|Protect|p1a: Archaludon
|-singleturn|p1a: Archaludon|Protect
|move|p1b: Pelipper|Weather Ball|p2a: Scrafty
|-damage|p2a: Scrafty|36/100
|move|p2b: Malamar|Rock Slide|p1b: Pelipper|[spread] p1b
|-activate|p1a: Archaludon|move: Protect
|-supereffective|p1b: Pelipper|1
|-damage|p1b: Pelipper|12/100
|
|-weather|SunnyDay|[upkeep]
|upkeep
|turn|8
|inactive|bighamsterbaseball has 30 seconds left.
|
|t:|1784756223
|switch|p1b: Grimmsnarl|Grimmsnarl, L50, M|44/100
|move|p2b: Malamar|Superpower|p1a: Archaludon
|-supereffective|p1a: Archaludon|1
|-damage|p1a: Archaludon|61/100
|-boost|p2b: Malamar|atk|1
|-boost|p2b: Malamar|def|1
|-ability|p1a: Archaludon|Stamina|boost
|-boost|p1a: Archaludon|def|1
|move|p2a: Scrafty|Knock Off|p1b: Grimmsnarl
|-resisted|p1b: Grimmsnarl|2
|-damage|p1b: Grimmsnarl|31/100
|-enditem|p1b: Grimmsnarl|Light Clay|[from] move: Knock Off|[of] p2a: Scrafty
|move|p1a: Archaludon|Flash Cannon|p2b: Malamar
|-damage|p2b: Malamar|0 fnt
|faint|p2b: Malamar
|
|-weather|SunnyDay|[upkeep]
|-heal|p1a: Archaludon|68/100|[from] item: Leftovers
|upkeep
|
|t:|1784756233
|switch|p2b: Torkoal|Torkoal, L50, F|24/100
|turn|9
|
|t:|1784756251
|move|p1a: Archaludon|Protect|p1a: Archaludon
|-singleturn|p1a: Archaludon|Protect
|move|p1b: Grimmsnarl|Light Screen|p1b: Grimmsnarl
|-sidestart|p1: Thinking Charizard|move: Light Screen
|move|p2b: Torkoal|Yawn|p1a: Archaludon
|-activate|p1a: Archaludon|move: Protect
|move|p2a: Scrafty|Drain Punch|p1b: Grimmsnarl
|-crit|p1b: Grimmsnarl
|-damage|p1b: Grimmsnarl|0 fnt
|-heal|p2a: Scrafty|55/100|[from] drain|[of] p1b: Grimmsnarl
|faint|p1b: Grimmsnarl
|
|-weather|none
|-heal|p2b: Torkoal|30/100|[from] item: Leftovers
|-heal|p1a: Archaludon|74/100|[from] item: Leftovers
|-sideend|p1: Thinking Charizard|Reflect
|upkeep
|
|t:|1784756261
|switch|p1b: Pelipper|Pelipper, L50, M|12/100
|-weather|RainDance|[from] ability: Drizzle|[of] p1b: Pelipper
|turn|10
|
|t:|1784756273
|move|p2b: Torkoal|Yawn|p1a: Archaludon
|-start|p1a: Archaludon|move: Yawn|[of] p2b: Torkoal
|move|p1b: Pelipper|Weather Ball|p2b: Torkoal
|-supereffective|p2b: Torkoal|1
|-damage|p2b: Torkoal|0 fnt
|faint|p2b: Torkoal
|move|p2a: Scrafty|Knock Off|p1b: Pelipper
|-damage|p1b: Pelipper|0 fnt
|faint|p1b: Pelipper
|move|p1a: Archaludon|Electro Shot||[still]
|-prepare|p1a: Archaludon|Electro Shot
|-boost|p1a: Archaludon|spa|1
|-anim|p1a: Archaludon|Electro Shot|p2a: Scrafty
|-damage|p2a: Scrafty|0 fnt
|faint|p2a: Scrafty
|
|-weather|RainDance|[upkeep]
|-heal|p1a: Archaludon|80/100|[from] item: Leftovers
|-fieldend|move: Trick Room
|upkeep
|
|t:|1784756279
|switch|p2b: Venusaur|Venusaur, L50, M|100/100
|turn|11
|
|t:|1784756297
|move|p2b: Venusaur|Protect|p2b: Venusaur
|-singleturn|p2b: Venusaur|Protect
|move|p1a: Archaludon|Dragon Pulse|p2b: Venusaur
|-activate|p2b: Venusaur|move: Protect
|
|-weather|RainDance|[upkeep]
|-heal|p1a: Archaludon|86/100|[from] item: Leftovers
|-end|p1a: Archaludon|move: Yawn|[silent]
|-status|p1a: Archaludon|slp
|upkeep
|turn|12
|
|t:|1784756302
|move|p2b: Venusaur|Earth Power|p1a: Archaludon
|-supereffective|p1a: Archaludon|1
|-damage|p1a: Archaludon|43/100 slp
|-ability|p1a: Archaludon|Stamina|boost
|-boost|p1a: Archaludon|def|1
|-damage|p2b: Venusaur|90/100|[from] item: Life Orb
|cant|p1a: Archaludon|slp
|
|-weather|RainDance|[upkeep]
|-heal|p1a: Archaludon|49/100 slp|[from] item: Leftovers
|upkeep
|turn|13
|
|t:|1784756312
|-curestatus|p1a: Archaludon|slp|[msg]
|move|p1a: Archaludon|Protect|p1a: Archaludon
|-singleturn|p1a: Archaludon|Protect
|move|p2b: Venusaur|Earth Power|p1a: Archaludon
|-activate|p1a: Archaludon|move: Protect
|
|-weather|RainDance|[upkeep]
|-heal|p1a: Archaludon|55/100|[from] item: Leftovers
|-sideend|p1: Thinking Charizard|move: Light Screen
|upkeep
|turn|14
|
|t:|1784756322
|move|p2b: Venusaur|Earth Power|p1a: Archaludon
|-supereffective|p1a: Archaludon|1
|-damage|p1a: Archaludon|0 fnt
|faint|p1a: Archaludon
|-damage|p2b: Venusaur|80/100|[from] item: Life Orb
|
|win|bighamsterbaseball
|c|☆Thinking Charizard|gg
||Thinking Charizard is ready for game 2.
|c|☆bighamsterbaseball|gg
||bighamsterbaseball is ready for game 2.
|uhtml|next|Next: Game 2 of 3
|l|☆bighamsterbaseball
|player|p2|
