|j|☆LuizVGC
|j|☆TRomo22
|html|LuizVGCTRomo22    
|uhtml|bestof|Game 2 of a best-of-3
|t:|1756768888
|gametype|doubles
|player|p1|LuizVGC|101|1063
|player|p2|TRomo22|lance|1148
|gen|9
|tier|[Gen 9] VGC 2025 Reg H (Bo3)
|rated|
|rule|Species Clause: Limit one of each Pokémon
|rule|Item Clause: Limit 1 of each item
|clearpoke
|poke|p1|Sneasler, L50, F|
|poke|p1|Indeedee, L50, M|
|poke|p1|Volcarona, L50, M|
|poke|p1|Ursaluna-Bloodmoon, L50, M|
|poke|p1|Annihilape, L50, M|
|poke|p1|Tyranitar, L50, M|
|poke|p2|Toedscruel, L50, M|
|poke|p2|Weezing-Galar, L50, F|
|poke|p2|Corviknight, L50, M|
|poke|p2|Garchomp, L50, F|
|poke|p2|Typhlosion-Hisui, L50, F|
|poke|p2|Kilowattrel, L50, M|
|teampreview|4
|showteam|p1|Sneasler||PsychicSeed|Unburden|CloseCombat,DireClaw,ThroatChop,Protect|||F|||50|,,,,,Dark]Indeedee||ChoiceScarf|PsychicSurge|ExpandingForce,TeraBlast,Trick,Protect|||M|||50|,,,,,Psychic]Volcarona||SitrusBerry|FlameBody|Overheat,StruggleBug,RagePowder,Tailwind|||M|||50|,,,,,Grass]Ursaluna-Bloodmoon||LifeOrb|MindsEye|BloodMoon,HyperVoice,EarthPower,Protect|||M|||50|,,,,,Normal]Annihilape||SafetyGoggles|Defiant|CloseCombat,RageFist,Taunt,FinalGambit|||M|||50|,,,,,Fairy]Tyranitar||AssaultVest|SandStream|RockSlide,KnockOff,TeraBlast,LowKick|||M|||50|,,,,,Flying
|showteam|p2|Toedscruel||CovertCloak|MyceliumMight|Spore,EarthPower,AcidSpray,RagePowder|||M|||50|,,,,,Water]Weezing-Galar||ChoiceSpecs|NeutralizingGas|DazzlingGleam,SludgeBomb,StrangeSteam,Flamethrower|||F|||50|,,,,,Flying]Corviknight||SitrusBerry|MirrorArmor|BulkUp,Tailwind,Roost,BraveBird|||M|||50|,,,,,Dragon]Garchomp||LifeOrb|RoughSkin|Protect,Earthquake,DragonClaw,StompingTantrum|||F|||50|,,,,,Ground]Typhlosion-Hisui||ChoiceScarf|Blaze|Eruption,WillOWisp,HeatWave,ShadowBall|||F|||50|,,,,,Fire]Kilowattrel||FocusSash|Competitive|Thunderbolt,AirSlash,Tailwind,Protect|||M|||50|,,,,,Ghost
|inactive|Battle timer is ON: inactive players will automatically lose when time's up. (requested by LuizVGC)
|
|t:|1756768928
|teamsize|p1|4
|teamsize|p2|4
|start
|switch|p1a: Volcarona|Volcarona, L50, M|100/100
|switch|p1b: Tyranitar|Tyranitar, L50, M|100/100
|switch|p2a: Weezing|Weezing-Galar, L50, F|100/100
|switch|p2b: Typhlosion|Typhlosion-Hisui, L50, F|100/100
|-ability|p2a: Weezing|Neutralizing Gas
|turn|1
|inactive|LuizVGC has 30 seconds left.
|
|t:|1756768957
|-terastallize|p2b: Typhlosion|Fire
|move|p1a: Volcarona|Rage Powder|p1a: Volcarona
|-singleturn|p1a: Volcarona|move: Rage Powder
|move|p2b: Typhlosion|Eruption|p1a: Volcarona|[spread] p1a,p1b
|-resisted|p1b: Tyranitar
|-damage|p1a: Volcarona|23/100
|-damage|p1b: Tyranitar|75/100
|-enditem|p1a: Volcarona|Sitrus Berry|[eat]
|-heal|p1a: Volcarona|48/100|[from] item: Sitrus Berry
|move|p1b: Tyranitar|Knock Off|p2b: Typhlosion
|-crit|p2b: Typhlosion
|-damage|p2b: Typhlosion|0 fnt
|-enditem|p2b: Typhlosion|Choice Scarf|[from] move: Knock Off|[of] p1b: Tyranitar
|faint|p2b: Typhlosion
|move|p2a: Weezing|Sludge Bomb|p1a: Volcarona
|-damage|p1a: Volcarona|0 fnt
|faint|p1a: Volcarona
|
|upkeep
|
|t:|1756768978
|switch|p1a: Sneasler|Sneasler, L50, F|100/100
|switch|p2b: Garchomp|Garchomp, L50, F|100/100
|turn|2
|
|t:|1756768994
|-end|p2a: Weezing|ability: Neutralizing Gas
|-weather|Sandstorm|[from] ability: Sand Stream|[of] p1b: Tyranitar
|switch|p2a: Corviknight|Corviknight, L50, M|100/100
|move|p1a: Sneasler|Protect|p1a: Sneasler
|-singleturn|p1a: Sneasler|Protect
|move|p2b: Garchomp|Earthquake|p1a: Sneasler|[spread] p1b
|-activate|p1a: Sneasler|move: Protect
|-immune|p2a: Corviknight
|-supereffective|p1b: Tyranitar
|-damage|p1b: Tyranitar|0 fnt
|faint|p1b: Tyranitar
|-damage|p2b: Garchomp|91/100|[from] item: Life Orb
|
|-weather|Sandstorm|[upkeep]
|-damage|p1a: Sneasler|95/100|[from] Sandstorm
|upkeep
|
|t:|1756769012
|switch|p1b: Indeedee|Indeedee, L50, M|100/100
|-fieldstart|move: Psychic Terrain|[from] ability: Psychic Surge|[of] p1b: Indeedee
|-enditem|p1a: Sneasler|Psychic Seed
|-boost|p1a: Sneasler|spd|1|[from] item: Psychic Seed
|turn|3
|
|t:|1756769029
|-terastallize|p1a: Sneasler|Dark
|move|p2b: Garchomp|Protect|p2b: Garchomp
|-singleturn|p2b: Garchomp|Protect
|move|p1a: Sneasler|Close Combat|p2b: Garchomp
|-activate|p2b: Garchomp|move: Protect
|move|p1b: Indeedee|Expanding Force|p2b: Garchomp|[spread] p2a
|-activate|p2b: Garchomp|move: Protect
|-resisted|p2a: Corviknight
|-damage|p2a: Corviknight|77/100
|move|p2a: Corviknight|Brave Bird|p1a: Sneasler
|-damage|p1a: Sneasler|19/100
|-damage|p2a: Corviknight|58/100|[from] Recoil
|
|-weather|Sandstorm|[upkeep]
|-damage|p1a: Sneasler|13/100|[from] Sandstorm
|-damage|p1b: Indeedee|95/100|[from] Sandstorm
|upkeep
|turn|4
|
|t:|1756769054
|move|p1a: Sneasler|Close Combat|p2b: Garchomp
|-damage|p2b: Garchomp|17/100
|-unboost|p1a: Sneasler|def|1
|-unboost|p1a: Sneasler|spd|1
|-damage|p1a: Sneasler|0 fnt|[from] ability: Rough Skin|[of] p2b: Garchomp
|faint|p1a: Sneasler
|move|p1b: Indeedee|Expanding Force|p2b: Garchomp|[spread] p2a,p2b
|-resisted|p2a: Corviknight
|-damage|p2a: Corviknight|33/100
|-damage|p2b: Garchomp|0 fnt
|-enditem|p2a: Corviknight|Sitrus Berry|[eat]
|-heal|p2a: Corviknight|58/100|[from] item: Sitrus Berry
|faint|p2b: Garchomp
|move|p2a: Corviknight|Bulk Up|p2a: Corviknight
|-boost|p2a: Corviknight|atk|1
|-boost|p2a: Corviknight|def|1
|
|-weather|Sandstorm|[upkeep]
|-damage|p1b: Indeedee|89/100|[from] Sandstorm
|upkeep
|
|t:|1756769071
|switch|p2b: Weezing|Weezing-Galar, L50, F|100/100
|-ability|p2b: Weezing|Neutralizing Gas
|turn|5
|
|t:|1756769088
|move|p1b: Indeedee|Expanding Force|p2b: Weezing|[spread] p2a,p2b
|-resisted|p2a: Corviknight
|-supereffective|p2b: Weezing
|-damage|p2a: Corviknight|32/100
|-damage|p2b: Weezing|0 fnt
|faint|p2b: Weezing
|-end|p2b: Weezing|ability: Neutralizing Gas
|move|p2a: Corviknight|Brave Bird|p1b: Indeedee
|-damage|p1b: Indeedee|0 fnt
|faint|p1b: Indeedee
|-damage|p2a: Corviknight|13/100|[from] Recoil
|
|win|TRomo22
|inactive|LuizVGC has 30 seconds to confirm battle start!
|inactive|TRomo22 has 30 seconds to confirm battle start!
