|j|☆rojasus
|j|☆chin.stinson
|html|rojasuschin.stinson    
|uhtml|bestof|Game 1 of a best-of-3
|t:|1786031208
|gametype|doubles
|player|p1|rojasus|ingo|1000
|player|p2|chin.stinson|266|1000
|gen|9
|tier|[Gen 9 Champions] VGC 2026 Reg M-B (Bo3)
|rated|
|rule|Species Clause: Limit one of each Pokémon
|rule|Item Clause: Limit 1 of each item
|clearpoke
|poke|p1|Charizard, L50, M|
|poke|p1|Sinistcha, L50|
|poke|p1|Sneasler, L50, F, shiny|
|poke|p1|Kingambit, L50, M, shiny|
|poke|p1|Sylveon, L50, F|
|poke|p1|Tauros-Paldea-Aqua, L50, M, shiny|
|poke|p2|Froslass, L50, F|
|poke|p2|Sneasler, L50, F|
|poke|p2|Kingambit, L50, F|
|poke|p2|Basculegion, L50, M|
|poke|p2|Scovillain, L50, F|
|poke|p2|Lycanroc-Dusk, L50, F|
|teampreview|4
|showteam|p1|Charizard||CharizarditeX|Blaze|DragonClaw,DragonDance,TemperFlare,Protect|Adamant||M|||50|]Sinistcha||ColburBerry|Hospitality|MatchaGotcha,RagePowder,TrickRoom,Protect|Calm|||||50|]Sneasler||FocusSash|Unburden|CloseCombat,DireClaw,Coaching,FakeOut|Jolly||F|||50|]Kingambit||ChopleBerry|Defiant|KowtowCleave,SuckerPunch,IronHead,Protect|Adamant||M|||50|]Sylveon||FairyFeather|Pixilate|HyperVoice,HyperBeam,CalmMind,Protect|Modest||F|||50|]Tauros-Paldea-Aqua||SitrusBerry|Intimidate|RagingBull,CloseCombat,AquaJet,Protect|Adamant||M|||50|
|showteam|p2|Froslass||Froslassite|CursedBody|Protect,Blizzard,AuroraVeil,ShadowBall|Modest||F|||50|]Sneasler||WhiteHerb|Unburden|Protect,CloseCombat,FakeOut,GunkShot|Adamant||F|||50|]Kingambit||BlackGlasses|Defiant|Protect,KowtowCleave,SwordsDance,SuckerPunch|Adamant||F|||50|]Basculegion||SitrusBerry|Adaptability|Protect,WaveCrash,LastRespects,AquaJet|Adamant||M|||50|]Scovillain||Scovillainite|Moody|Protect,GigaDrain,Overheat,RagePowder|Bold||F|||50|]Lycanroc-Dusk||FocusSash|ToughClaws|Protect,Accelerock,RockSlide,CloseCombat|Adamant||F|||50|
|inactive|Battle timer is ON: inactive players will automatically lose when time's up. (requested by rojasus)
|inactive|rojasus has 60 seconds left.
|
|t:|1786031247
|teamsize|p1|4
|teamsize|p2|4
|start
|switch|p1a: Kingambit|Kingambit, L50, M, shiny|100/100
|switch|p1b: Sneasler|Sneasler, L50, F, shiny|100/100
|switch|p2a: Sneasler|Sneasler, L50, F|100/100
|switch|p2b: Lycanroc|Lycanroc-Dusk, L50, F|100/100
|turn|1
|
|t:|1786031264
|move|p2b: Lycanroc|Protect|p2b: Lycanroc
|-singleturn|p2b: Lycanroc|Protect
|move|p2a: Sneasler|Protect|p2a: Sneasler
|-singleturn|p2a: Sneasler|Protect
|move|p1b: Sneasler|Fake Out|p2a: Sneasler
|-activate|p2a: Sneasler|move: Protect
|move|p1a: Kingambit|Iron Head|p2b: Lycanroc
|-activate|p2b: Lycanroc|move: Protect
|
|upkeep
|turn|2
|inactive|chin.stinson has 30 seconds left.
|
|t:|1786031291
|switch|p2b: Basculegion|Basculegion, L50, M|100/100
|switch|p1a: Sinistcha|Sinistcha, L50|100/100
|move|p1b: Sneasler|Close Combat|p2b: Basculegion
|-immune|p2b: Basculegion
|move|p2a: Sneasler|Close Combat|p1a: Sinistcha
|-immune|p1a: Sinistcha
|
|upkeep
|turn|3
|
|t:|1786031314
|switch|p1b: Kingambit|Kingambit, L50, M, shiny|100/100
|switch|p2a: Froslass|Froslass, L50, F|100/100
|move|p2b: Basculegion|Protect|p2b: Basculegion
|-singleturn|p2b: Basculegion|Protect
|move|p1a: Sinistcha|Matcha Gotcha|p2b: Basculegion|[spread] 
|-activate|p2b: Basculegion|move: Protect
|-miss|p1a: Sinistcha|p2a: Froslass
|
|upkeep
|turn|4
|
|t:|1786031338
|switch|p2b: Sneasler|Sneasler, L50, F|100/100
|detailschange|p2a: Froslass|Froslass-Mega, L50, F
|-mega|p2a: Froslass|Froslass|Froslassite
|-weather|Snowscape|[from] ability: Snow Warning|[of] p2a: Froslass
|move|p1b: Kingambit|Sucker Punch||[still]
|-fail|p1b: Kingambit
|move|p2a: Froslass|Aurora Veil|p2a: Froslass
|-sidestart|p2: chin.stinson|move: Aurora Veil
|move|p1a: Sinistcha|Trick Room|p1a: Sinistcha
|-fieldstart|move: Trick Room|[of] p1a: Sinistcha
|
|-weather|Snowscape|[upkeep]
|upkeep
|turn|5
|inactive|chin.stinson has 30 seconds left.
|
|t:|1786031369
|switch|p1a: Sylveon|Sylveon, L50, F|100/100
|move|p2b: Sneasler|Fake Out|p1b: Kingambit
|-resisted|p1b: Kingambit|1
|-damage|p1b: Kingambit|96/100
|cant|p1b: Kingambit|flinch
|move|p2a: Froslass|Blizzard|p1a: Sylveon|[spread] p1a,p1b
|-resisted|p1b: Kingambit|1
|-damage|p1a: Sylveon|69/100
|-damage|p1b: Kingambit|74/100
|
|-weather|Snowscape|[upkeep]
|upkeep
|turn|6
|
|t:|1786031393
|switch|p2a: Lycanroc|Lycanroc-Dusk, L50, F|100/100
|move|p1a: Sylveon|Protect|p1a: Sylveon
|-singleturn|p1a: Sylveon|Protect
|move|p1b: Kingambit|Iron Head|p2a: Lycanroc
|-supereffective|p2a: Lycanroc|1
|-damage|p2a: Lycanroc|3/100
|move|p2b: Sneasler|Gunk Shot|p1a: Sylveon
|-activate|p1a: Sylveon|move: Protect
|
|-weather|Snowscape|[upkeep]
|upkeep
|turn|7
|inactive|chin.stinson has 30 seconds left.
|
|t:|1786031420
|switch|p1b: Sinistcha|Sinistcha, L50|100/100
|-heal|p1a: Sylveon|94/100|[from] ability: Hospitality|[of] p1b: Sinistcha
|move|p2a: Lycanroc|Accelerock|p1a: Sylveon
|-damage|p1a: Sylveon|66/100
|move|p1a: Sylveon|Hyper Beam|p2b: Sneasler
|-damage|p2b: Sneasler|14/100
|-mustrecharge|p1a: Sylveon
|move|p2b: Sneasler|Gunk Shot|p1a: Sylveon
|-supereffective|p1a: Sylveon|1
|-damage|p1a: Sylveon|0 fnt
|faint|p1a: Sylveon
|
|-weather|Snowscape|[upkeep]
|upkeep
|
|t:|1786031434
|switch|p1a: Kingambit|Kingambit, L50, M, shiny|74/100
|turn|8
|inactive|rojasus has 30 seconds left.
|
|t:|1786031459
|switch|p1a: Sneasler|Sneasler, L50, F, shiny|100/100
|move|p2b: Sneasler|Protect|p2b: Sneasler
|-singleturn|p2b: Sneasler|Protect
|move|p2a: Lycanroc|Protect|p2a: Lycanroc
|-singleturn|p2a: Lycanroc|Protect
|move|p1b: Sinistcha|Matcha Gotcha|p2b: Sneasler|[spread] 
|-activate|p2a: Lycanroc|move: Protect
|-activate|p2b: Sneasler|move: Protect
|
|-weather|none
|-sideend|p2: chin.stinson|move: Aurora Veil
|-fieldend|move: Trick Room
|upkeep
|turn|9
|inactive|chin.stinson has 30 seconds left.
|
|t:|1786031487
|move|p1a: Sneasler|Fake Out|p2b: Sneasler
|-crit|p2b: Sneasler
|-damage|p2b: Sneasler|0 fnt
|faint|p2b: Sneasler
|move|p2a: Lycanroc|Rock Slide|p1b: Sinistcha|[spread] p1a,p1b
|-resisted|p1a: Sneasler|1
|-damage|p1a: Sneasler|72/100
|-damage|p1b: Sinistcha|74/100
|cant|p1b: Sinistcha|flinch
|
|upkeep
|
|t:|1786031500
|switch|p2b: Froslass|Froslass-Mega, L50, F|100/100
|-weather|Snowscape|[from] ability: Snow Warning|[of] p2b: Froslass
|turn|10
|inactive|rojasus has 30 seconds left.
|
|t:|1786031532
|switch|p1a: Kingambit|Kingambit, L50, M, shiny|74/100
|switch|p2a: Basculegion|Basculegion, L50, M|100/100
|move|p2b: Froslass|Blizzard|p1a: Kingambit|[spread] p1a,p1b
|-resisted|p1a: Kingambit|1
|-supereffective|p1b: Sinistcha|1
|-damage|p1a: Kingambit|51/100
|-damage|p1b: Sinistcha|2/100
|move|p1b: Sinistcha|Trick Room|p1b: Sinistcha
|-fieldstart|move: Trick Room|[of] p1b: Sinistcha
|
|-weather|Snowscape|[upkeep]
|upkeep
|turn|11
|
|t:|1786031551
|switch|p1b: Sneasler|Sneasler, L50, F, shiny|72/100
|move|p2b: Froslass|Protect|p2b: Froslass
|-singleturn|p2b: Froslass|Protect
|move|p2a: Basculegion|Aqua Jet|p1b: Sneasler
|-damage|p1b: Sneasler|31/100
|move|p1a: Kingambit|Kowtow Cleave|p2a: Basculegion
|-supereffective|p2a: Basculegion|1
|-damage|p2a: Basculegion|15/100
|-enditem|p2a: Basculegion|Sitrus Berry|[eat]
|-heal|p2a: Basculegion|39/100|[from] item: Sitrus Berry
|
|-weather|Snowscape|[upkeep]
|upkeep
|turn|12
|
|t:|1786031568
|move|p2a: Basculegion|Protect|p2a: Basculegion
|-singleturn|p2a: Basculegion|Protect
|move|p1a: Kingambit|Iron Head|p2b: Froslass
|-supereffective|p2b: Froslass|1
|-damage|p2b: Froslass|14/100
|move|p2b: Froslass|Blizzard|p1b: Sneasler|[spread] p1a,p1b
|-resisted|p1a: Kingambit|1
|-damage|p1a: Kingambit|30/100
|-damage|p1b: Sneasler|0 fnt
|faint|p1b: Sneasler
|
|-weather|Snowscape|[upkeep]
|upkeep
|
|t:|1786031575
|switch|p1b: Sinistcha|Sinistcha, L50|2/100
|-heal|p1a: Kingambit|55/100|[from] ability: Hospitality|[of] p1b: Sinistcha
|turn|13
|
|t:|1786031587
|move|p1b: Sinistcha|Protect|p1b: Sinistcha
|-singleturn|p1b: Sinistcha|Protect
|move|p2b: Froslass|Protect|p2b: Froslass
|-singleturn|p2b: Froslass|Protect
|move|p1a: Kingambit|Sucker Punch||[still]
|-fail|p1a: Kingambit
|move|p2a: Basculegion|Aqua Jet|p1b: Sinistcha
|-activate|p1b: Sinistcha|move: Protect
|
|-weather|Snowscape|[upkeep]
|upkeep
|turn|14
|inactive|chin.stinson has 30 seconds left.
|
|t:|1786031612
|move|p1a: Kingambit|Sucker Punch||[still]
|-fail|p1a: Kingambit
|move|p2a: Basculegion|Aqua Jet|p1b: Sinistcha
|-resisted|p1b: Sinistcha|1
|-damage|p1b: Sinistcha|0 fnt
|faint|p1b: Sinistcha
|move|p2b: Froslass|Aurora Veil|p2b: Froslass
|-sidestart|p2: chin.stinson|move: Aurora Veil
|
|-weather|none
|-fieldend|move: Trick Room
|upkeep
|turn|15
|
|t:|1786031631
|move|p2b: Froslass|Protect|p2b: Froslass
|-singleturn|p2b: Froslass|Protect
|move|p1a: Kingambit|Sucker Punch|p2a: Basculegion
|-supereffective|p2a: Basculegion|1
|-damage|p2a: Basculegion|0 fnt
|faint|p2a: Basculegion
|
|upkeep
|
|t:|1786031639
|switch|p2a: Lycanroc|Lycanroc-Dusk, L50, F|3/100
|turn|16
|
|t:|1786031661
|move|p2a: Lycanroc|Protect|p2a: Lycanroc
|-singleturn|p2a: Lycanroc|Protect
|move|p2b: Froslass|Shadow Ball|p1a: Kingambit
|-resisted|p1a: Kingambit|1
|-damage|p1a: Kingambit|35/100
|-unboost|p1a: Kingambit|spd|1
|-ability|p1a: Kingambit|Defiant|boost
|-boost|p1a: Kingambit|atk|2
|move|p1a: Kingambit|Kowtow Cleave|p2b: Froslass
|-supereffective|p2b: Froslass|1
|-damage|p2b: Froslass|0 fnt
|faint|p2b: Froslass
|
|upkeep
|turn|17
|
|t:|1786031678
|move|p2a: Lycanroc|Accelerock|p1a: Kingambit
|-resisted|p1a: Kingambit|1
|-damage|p1a: Kingambit|26/100
|move|p1a: Kingambit|Sucker Punch||[still]
|-fail|p1a: Kingambit
|
|upkeep
|turn|18
|
|t:|1786031689
|move|p2a: Lycanroc|Protect|p2a: Lycanroc
|-singleturn|p2a: Lycanroc|Protect
|move|p1a: Kingambit|Iron Head|p2a: Lycanroc
|-activate|p2a: Lycanroc|move: Protect
|
|-sideend|p2: chin.stinson|move: Aurora Veil
|upkeep
|turn|19
|
|t:|1786031698
|move|p2a: Lycanroc|Close Combat|p1a: Kingambit
|-supereffective|p1a: Kingambit|2
|-enditem|p1a: Kingambit|Chople Berry|[eat]
|-enditem|p1a: Kingambit|Chople Berry|[weaken]
|-damage|p1a: Kingambit|0 fnt
|-unboost|p2a: Lycanroc|def|1
|-unboost|p2a: Lycanroc|spd|1
|faint|p1a: Kingambit
|
|win|chin.stinson
|inactive|rojasus has 30 seconds to confirm battle start!
|inactive|chin.stinson has 30 seconds to confirm battle start!
|l|☆rojasus
|player|p1|
|l|☆chin.stinson
|player|p2|
|j|☆chin.stinson
|player|p2|chin.stinson|266|
||rojasus is ready for game 2.
|inactive|chin.stinson has 20 seconds to confirm battle start!
|inactive|chin.stinson has 10 seconds to confirm battle start!
|uhtml|next|Next: Game 2 of 3
|l|☆chin.stinson
|player|p2|
|j|☆rojasus
|player|p1|rojasus|ingo|
