|j|☆maish
|j|☆Stringskipper
|html|maishStringskipper    
|uhtml|bestof|Game 2 of a best-of-3
|t:|1756994139
|gametype|doubles
|player|p1|maish|roxie|1111
|player|p2|Stringskipper|benga|1035
|gen|9
|tier|[Gen 9] VGC 2025 Reg H (Bo3)
|rated|
|rule|Species Clause: Limit one of each Pokémon
|rule|Item Clause: Limit 1 of each item
|clearpoke
|poke|p1|Dragonite, L50, F|
|poke|p1|Gholdengo, L50|
|poke|p1|Rillaboom, L50, M|
|poke|p1|Arcanine-Hisui, L50, M|
|poke|p1|Annihilape, L50, F|
|poke|p1|Murkrow, L50, M|
|poke|p2|Charizard, L50, F|
|poke|p2|Ursaluna, L50, F|
|poke|p2|Torkoal, L50, M|
|poke|p2|Porygon2, L50|
|poke|p2|Incineroar, L50, F|
|poke|p2|Whimsicott, L50, M|
|teampreview|4
|showteam|p1|Dragonite||LoadedDice|Multiscale|Protect,ScaleShot,LowKick,ExtremeSpeed|||F|||50|,,,,,Fairy]Gholdengo||ChoiceSpecs|GoodasGold|Thunderbolt,PowerGem,MakeItRain,ShadowBall||||||50|,,,,,Steel]Rillaboom||AssaultVest|GrassySurge|FakeOut,HighHorsepower,WoodHammer,GrassyGlide|||M|||50|,,,,,Fire]Arcanine-Hisui||ClearAmulet|Intimidate|Protect,FlareBlitz,RockSlide,ExtremeSpeed|||M|||50|,,,,,Water]Annihilape||FocusSash|Defiant|Coaching,CloseCombat,RageFist,FinalGambit|||F|||50|,,,,,Stellar]Murkrow||Eviolite|Prankster|Haze,Tailwind,FoulPlay,Taunt|||M|||50|,,,,,Ghost
|showteam|p2|Charizard||ChoiceSpecs|SolarPower|HeatWave,Overheat,WeatherBall,AirSlash|||F|||50|,,,,,Ghost]Ursaluna||FlameOrb|Guts|HeadlongRush,Facade,Earthquake,Protect|||F|||50|,,,,,Ghost]Torkoal||EjectPack|Drought|Eruption,Overheat,HelpingHand,Protect|||M|||50|,,,,,Fire]Porygon2||Eviolite|Download|TeraBlast,IceBeam,Recover,TrickRoom||||||50|,,,,,Fighting]Incineroar||SitrusBerry|Intimidate|FlareBlitz,KnockOff,FakeOut,PartingShot|||F|||50|,,,,,Ghost]Whimsicott||CovertCloak|Prankster|Moonblast,Tailwind,Encore,SunnyDay|||M|||50|,,,,,Dark
|inactive|Battle timer is ON: inactive players will automatically lose when time's up. (requested by maish)
|inactive|maish has 60 seconds left.
|inactive|Stringskipper has 60 seconds left.
|inactive|Stringskipper has 30 seconds left.
|inactive|Stringskipper has 20 seconds left.
|inactive|Stringskipper has 15 seconds left.
|inactive|Stringskipper has 10 seconds left.
|
|t:|1756994234
|teamsize|p1|4
|teamsize|p2|4
|start
|switch|p1a: Arcanine|Arcanine-Hisui, L50, M|100/100
|switch|p1b: Annihilape|Annihilape, L50, F|100/100
|switch|p2a: Incineroar|Incineroar, L50, F|100/100
|switch|p2b: Whimsicott|Whimsicott, L50, M|100/100
|-ability|p1a: Arcanine|Intimidate|boost
|-unboost|p2a: Incineroar|atk|1
|-unboost|p2b: Whimsicott|atk|1
|-ability|p2a: Incineroar|Intimidate|boost
|-fail|p1a: Arcanine|unboost|[from] item: Clear Amulet|[of] p1a: Arcanine
|-unboost|p1b: Annihilape|atk|1
|-ability|p1b: Annihilape|Defiant|boost
|-boost|p1b: Annihilape|atk|2
|turn|1
|inactive|Stringskipper has 30 seconds left.
|
|t:|1756994268
|move|p2a: Incineroar|Fake Out|p1a: Arcanine
|-resisted|p1a: Arcanine
|-damage|p1a: Arcanine|95/100
|move|p2b: Whimsicott|Tailwind|p2b: Whimsicott
|-sidestart|p2: Stringskipper|move: Tailwind
|move|p1b: Annihilape|Coaching|p1a: Arcanine
|-boost|p1a: Arcanine|atk|1
|-boost|p1a: Arcanine|def|1
|cant|p1a: Arcanine|flinch
|
|upkeep
|turn|2
|inactive|maish has 30 seconds left.
|inactive|Stringskipper has 30 seconds left.
|inactive|maish has 20 seconds left.
|
|t:|1756994305
|move|p2b: Whimsicott|Encore|p1b: Annihilape
|-start|p1b: Annihilape|Encore
|move|p2a: Incineroar|Knock Off|p1a: Arcanine
|-damage|p1a: Arcanine|72/100
|-enditem|p1a: Arcanine|Clear Amulet|[from] move: Knock Off|[of] p2a: Incineroar
|move|p1b: Annihilape|Coaching|p1a: Arcanine
|-boost|p1a: Arcanine|atk|1
|-boost|p1a: Arcanine|def|1
|move|p1a: Arcanine|Rock Slide|p2b: Whimsicott|[spread] p2a,p2b
|-supereffective|p2a: Incineroar
|-damage|p2a: Incineroar|0 fnt
|-damage|p2b: Whimsicott|35/100
|faint|p2a: Incineroar
|
|upkeep
|
|t:|1756994320
|switch|p2a: Ursaluna|Ursaluna, L50, F|100/100
|turn|3
|
|t:|1756994339
|switch|p1b: Murkrow|Murkrow, L50, M, shiny|100/100
|move|p1a: Arcanine|Protect|p1a: Arcanine
|-singleturn|p1a: Arcanine|Protect
|move|p2b: Whimsicott|Moonblast|p1a: Arcanine
|-activate|p1a: Arcanine|move: Protect
|move|p2a: Ursaluna|Facade|p1a: Arcanine
|-activate|p1a: Arcanine|move: Protect
|
|-status|p2a: Ursaluna|brn|[from] item: Flame Orb
|upkeep
|turn|4
|inactive|maish has 30 seconds left.
|inactive|Stringskipper has 30 seconds left.
|
|t:|1756994379
|move|p2b: Whimsicott|Encore|p1a: Arcanine
|-start|p1a: Arcanine|Encore
|move|p1b: Murkrow|Tailwind|p1b: Murkrow
|-sidestart|p1: maish|move: Tailwind
|move|p1a: Arcanine|Protect||[still]
|-fail|p1a: Arcanine
|move|p2a: Ursaluna|Headlong Rush|p1a: Arcanine
|-supereffective|p1a: Arcanine
|-damage|p1a: Arcanine|0 fnt
|-unboost|p2a: Ursaluna|def|1
|-unboost|p2a: Ursaluna|spd|1
|faint|p1a: Arcanine
|
|-damage|p2a: Ursaluna|95/100 brn|[from] brn
|-sideend|p2: Stringskipper|move: Tailwind
|upkeep
|
|t:|1756994387
|switch|p1a: Gholdengo|Gholdengo, L50|100/100
|turn|5
|inactive|Stringskipper has 30 seconds left.
|inactive|Stringskipper has 20 seconds left.
|
|t:|1756994427
|-terastallize|p1a: Gholdengo|Steel
|-terastallize|p2b: Whimsicott|Dark
|move|p1b: Murkrow|Taunt|p2b: Whimsicott
|-hint|Since gen 7, Dark is immune to Prankster moves.
|-immune|p2b: Whimsicott
|move|p2b: Whimsicott|Tailwind|p2b: Whimsicott
|-sidestart|p2: Stringskipper|move: Tailwind
|move|p1a: Gholdengo|Make It Rain|p2b: Whimsicott|[spread] p2a,p2b
|-damage|p2a: Ursaluna|0 fnt
|-damage|p2b: Whimsicott|0 fnt
|-unboost|p1a: Gholdengo|spa|1
|faint|p2a: Ursaluna
|faint|p2b: Whimsicott
|
|upkeep
|
|t:|1756994439
|switch|p2a: Porygon2|Porygon2, L50|100/100
|-ability|p2a: Porygon2|Download|boost
|-boost|p2a: Porygon2|atk|1
|turn|6
|
|t:|1756994452
|move|p1b: Murkrow|Haze|p1b: Murkrow
|-clearallboost
|move|p1a: Gholdengo|Make It Rain|p2a: Porygon2
|-damage|p2a: Porygon2|27/100
|-unboost|p1a: Gholdengo|spa|1
|move|p2a: Porygon2|Tera Blast|p1a: Gholdengo
|-resisted|p1a: Gholdengo
|-damage|p1a: Gholdengo|81/100
|
|upkeep
|turn|7
|
|t:|1756994460
|move|p1b: Murkrow|Taunt|p2a: Porygon2
|-start|p2a: Porygon2|move: Taunt
|move|p1a: Gholdengo|Make It Rain|p2a: Porygon2
|-damage|p2a: Porygon2|0 fnt
|-unboost|p1a: Gholdengo|spa|1
|faint|p2a: Porygon2
|
|win|maish
|raw|maish's rating: 1111 → 1131(+20 for winning)
|raw|Stringskipper's rating: 1035 → 1023(-12 for losing)
