|j|☆SHLOK101
|j|☆natsukivgc
|html|SHLOK101natsukivgc    
|uhtml|bestof|Game 3 of a best-of-3
|t:|1785384633
|gametype|doubles
|player|p1|SHLOK101|cynthia-gen4|1205
|player|p2|natsukivgc|1|1214
|gen|9
|tier|[Gen 9 Champions] VGC 2026 Reg M-B (Bo3)
|rated|
|rule|Species Clause: Limit one of each Pokémon
|rule|Item Clause: Limit 1 of each item
|clearpoke
|poke|p1|Tyranitar, L50, M|
|poke|p1|Houndstone, L50, M|
|poke|p1|Blaziken, L50, M|
|poke|p1|Sinistcha, L50|
|poke|p1|Aggron, L50, F|
|poke|p1|Mamoswine, L50, F|
|poke|p2|Garchomp, L50, F|
|poke|p2|Venusaur, L50, F|
|poke|p2|Incineroar, L50, F|
|poke|p2|Charizard, L50, F|
|poke|p2|Toxapex, L50, F|
|poke|p2|Annihilape, L50, F|
|teampreview|4
|showteam|p1|Tyranitar||Tyranitarite|SandStream|RockSlide,KnockOff,DragonDance,Protect|Jolly||M|||50|]Houndstone||WideLens|SandRush|LastRespects,WillOWisp,Howl,Protect|Jolly||M|||50|]Blaziken||FocusSash|Blaze|HeatWave,AuraSphere,Coaching,Protect|Timid||M|||50|]Sinistcha||SitrusBerry|Hospitality|MatchaGotcha,TrickRoom,RagePowder,StrengthSap|Calm|||||50|]Aggron||Aggronite|Sturdy|HeavySlam,BodyPress,IronDefense,Protect|Careful||F|||50|]Mamoswine||LifeOrb|Oblivious|IcicleCrash,HighHorsepower,IceShard,Protect|Adamant||F|||50|
|showteam|p2|Garchomp||ChoiceScarf|RoughSkin|Earthquake,DragonClaw,StompingTantrum,RockSlide|Adamant||F|||50|]Venusaur||LifeOrb|Chlorophyll|SolarBeam,SludgeBomb,EarthPower,Protect|Modest||F|||50|]Incineroar||SitrusBerry|Intimidate|FlareBlitz,ThroatChop,FakeOut,PartingShot|Impish||F|||50|]Charizard||CharizarditeY|Blaze|HeatWave,WeatherBall,HelpingHand,Protect|Modest||F|||50|]Toxapex||Leftovers|Regenerator|Infestation,Toxic,WideGuard,BanefulBunker|Bold||F|||50|]Annihilape||FocusSash|Defiant|CloseCombat,PhantomForce,StealthRock,Protect|Jolly||F|||50|
|inactive|Battle timer is ON: inactive players will automatically lose when time's up. (requested by SHLOK101)
|
|t:|1785384656
|teamsize|p1|4
|teamsize|p2|4
|start
|switch|p1a: Blaziken|Blaziken, L50, M|100/100
|switch|p1b: Mamoswine|Mamoswine, L50, F|100/100
|switch|p2a: Annihilape|Annihilape, L50, F|100/100
|switch|p2b: Garchomp|Garchomp, L50, F|100/100
|turn|1
|inactive|natsukivgc has 30 seconds left.
|inactive|SHLOK101 has 30 seconds left.
|
|t:|1785384694
|move|p1b: Mamoswine|Protect|p1b: Mamoswine
|-singleturn|p1b: Mamoswine|Protect
|move|p2b: Garchomp|Stomping Tantrum|p1a: Blaziken
|-supereffective|p1a: Blaziken|1
|-enditem|p1a: Blaziken|Focus Sash
|-damage|p1a: Blaziken|1/100
|move|p2a: Annihilape|Close Combat|p1b: Mamoswine
|-activate|p1b: Mamoswine|move: Protect
|move|p1a: Blaziken|Coaching|p1b: Mamoswine
|-boost|p1b: Mamoswine|atk|1
|-boost|p1b: Mamoswine|def|1
|
|upkeep
|turn|2
|
|t:|1785384717
|switch|p2b: Incineroar|Incineroar, L50, F|100/100
|-ability|p2b: Incineroar|Intimidate|boost
|-unboost|p1a: Blaziken|atk|1
|-fail|p1b: Mamoswine|unboost|Attack|[from] ability: Oblivious|[of] p1b: Mamoswine
|move|p2a: Annihilape|Close Combat|p1b: Mamoswine
|-supereffective|p1b: Mamoswine|1
|-damage|p1b: Mamoswine|17/100
|-unboost|p2a: Annihilape|def|1
|-unboost|p2a: Annihilape|spd|1
|move|p1a: Blaziken|Coaching|p1b: Mamoswine
|-boost|p1b: Mamoswine|atk|1
|-boost|p1b: Mamoswine|def|1
|move|p1b: Mamoswine|High Horsepower|p2b: Incineroar
|-supereffective|p2b: Incineroar|1
|-damage|p2b: Incineroar|0 fnt
|faint|p2b: Incineroar
|-damage|p1b: Mamoswine|8/100|[from] item: Life Orb
|
|upkeep
|inactive|natsukivgc has 30 seconds left.
|
|t:|1785384742
|switch|p2b: Charizard|Charizard, L50, F|100/100
|turn|3
|inactive|natsukivgc has 30 seconds left.
|inactive|natsukivgc has 20 seconds left.
|
|t:|1785384778
|detailschange|p2b: Charizard|Charizard-Mega-Y, L50, F
|-mega|p2b: Charizard|Charizard|Charizardite Y
|-weather|SunnyDay|[from] ability: Drought|[of] p2b: Charizard
|move|p1b: Mamoswine|Protect|p1b: Mamoswine
|-singleturn|p1b: Mamoswine|Protect
|move|p2a: Annihilape|Close Combat|p1b: Mamoswine
|-activate|p1b: Mamoswine|move: Protect
|move|p1a: Blaziken|Heat Wave|p2b: Charizard|[spread] p2b
|-miss|p1a: Blaziken|p2a: Annihilape
|-resisted|p2b: Charizard|1
|-damage|p2b: Charizard|65/100
|move|p2b: Charizard|Weather Ball|p1a: Blaziken
|-resisted|p1a: Blaziken|1
|-damage|p1a: Blaziken|0 fnt
|faint|p1a: Blaziken
|
|-weather|SunnyDay|[upkeep]
|upkeep
|c|☆SHLOK101|ofc a miss
|
|t:|1785384795
|switch|p1a: Tyranitar|Tyranitar, L50, M|100/100
|-weather|Sandstorm|[from] ability: Sand Stream|[of] p1a: Tyranitar
|turn|4
|
|t:|1785384810
|switch|p2b: Garchomp|Garchomp, L50, F|100/100
|switch|p1a: Houndstone|Houndstone, L50, M|100/100
|move|p1b: Mamoswine|Ice Shard|p2a: Annihilape
|-enditem|p2a: Annihilape|Focus Sash
|-damage|p2a: Annihilape|1/100
|-damage|p1b: Mamoswine|0 fnt|[from] item: Life Orb
|faint|p1b: Mamoswine
|move|p2a: Annihilape|Close Combat|p1a: Houndstone
|-immune|p1a: Houndstone
|
|-weather|Sandstorm|[upkeep]
|-damage|p2a: Annihilape|0 fnt|[from] Sandstorm
|faint|p2a: Annihilape
|upkeep
|
|t:|1785384826
|switch|p2a: Charizard|Charizard-Mega-Y, L50, F|65/100
|switch|p1b: Tyranitar|Tyranitar, L50, M|100/100
|-weather|SunnyDay|[from] ability: Drought|[of] p2a: Charizard
|-weather|Sandstorm|[from] ability: Sand Stream|[of] p1b: Tyranitar
|turn|5
|inactive|natsukivgc has 30 seconds left.
|c|☆SHLOK101|ggs
|
|t:|1785384855
|move|p1a: Houndstone|Last Respects|p2a: Charizard
|-damage|p2a: Charizard|5/100
|move|p2b: Garchomp|Earthquake|p1b: Tyranitar|[spread] p1a,p1b
|-immune|p2a: Charizard
|-supereffective|p1b: Tyranitar|1
|-damage|p1a: Houndstone|55/100
|-damage|p1b: Tyranitar|23/100
|move|p2a: Charizard|Heat Wave|p1a: Houndstone|[spread] p1b
|-miss|p2a: Charizard|p1a: Houndstone
|-resisted|p1b: Tyranitar|1
|-damage|p1b: Tyranitar|9/100
|move|p1b: Tyranitar|Dragon Dance|p1b: Tyranitar
|-boost|p1b: Tyranitar|atk|1
|-boost|p1b: Tyranitar|spe|1
|
|-weather|Sandstorm|[upkeep]
|-damage|p2a: Charizard|0 fnt|[from] Sandstorm
|faint|p2a: Charizard
|upkeep
|turn|6
|
|t:|1785384876
|move|p1b: Tyranitar|Protect|p1b: Tyranitar
|-singleturn|p1b: Tyranitar|Protect
|move|p1a: Houndstone|Last Respects|p2b: Garchomp
|-damage|p2b: Garchomp|38/100
|move|p2b: Garchomp|Earthquake|p1a: Houndstone|[spread] p1a
|-activate|p1b: Tyranitar|move: Protect
|-damage|p1a: Houndstone|10/100
|
|-weather|Sandstorm|[upkeep]
|upkeep
|turn|7
|
|t:|1785384891
|move|p1a: Houndstone|Last Respects|p2b: Garchomp
|-damage|p2b: Garchomp|0 fnt
|faint|p2b: Garchomp
|
|win|SHLOK101
|raw|SHLOK101's rating: 1205 → 1231(+26 for winning)
|raw|natsukivgc's rating: 1214 → 1188(-26 for losing)
