|j|☆quain4
|j|☆washingtongargacha
|html|quain4washingtongargacha    
|uhtml|bestof|Game 3 of a best-of-3
|t:|1756981105
|gametype|doubles
|player|p1|quain4|101|1245
|player|p2|washingtongargacha|2|1204
|gen|9
|tier|[Gen 9] VGC 2025 Reg H (Bo3)
|rated|
|rule|Species Clause: Limit one of each Pokémon
|rule|Item Clause: Limit 1 of each item
|clearpoke
|poke|p1|Zoroark-Hisui, L50, F|
|poke|p1|Sneasler, L50, F|
|poke|p1|Perrserker, L50, M|
|poke|p1|Mandibuzz, L50, F|
|poke|p1|Scizor, L50, M|
|poke|p1|Archaludon, L50, F|
|poke|p2|Talonflame, L50, M|
|poke|p2|Gholdengo, L50|
|poke|p2|Dragonite, L50, F|
|poke|p2|Archaludon, L50, F|
|poke|p2|Tyranitar, L50, M|
|poke|p2|Garchomp, L50, M|
|teampreview|4
|showteam|p1|Zoroark-Hisui||FocusSash|Illusion|HyperVoice,NastyPlot,BitterMalice,Protect|||F|||50|,,,,,Normal]Sneasler||WhiteHerb|Unburden|FakeOut,DireClaw,CloseCombat,ThroatChop|||F|||50|,,,,,Dark]Perrserker||SafetyGoggles|SteelySpirit|FakeOut,IronHead,HelpingHand,Protect|||M|||50|,,,,,Flying]Mandibuzz||SitrusBerry|Overcoat|FoulPlay,Snarl,Roost,Tailwind|||F|||50|,,,,,Poison]Scizor||LifeOrb|Technician|BulletPunch,Protect,CloseCombat,Uturn|||M|||50|,,,,,Bug]Archaludon||PowerHerb|Sturdy|ElectroShot,Protect,DracoMeteor,FlashCannon|||F|||50|,,,,,Electric
|showteam|p2|Talonflame||CovertCloak|GaleWings|Tailwind,BraveBird,Taunt,WillOWisp|||M|||50|,,,,,Ghost]Gholdengo||ChoiceSpecs|GoodasGold|MakeItRain,SteelBeam,ShadowBall,PowerGem||||||50|,,,,,Steel]Dragonite||LoadedDice|Multiscale|ScaleShot,IceSpinner,Haze,Protect|||F|||50|,,,,,Steel]Archaludon||PowerHerb|Sturdy|FlashCannon,ElectroShot,DracoMeteor,Protect|||F|||50|,,,,,Flying]Tyranitar||AssaultVest|SandStream|KnockOff,RockSlide,TeraBlast,LowKick|||M|||50|,,,,,Flying]Garchomp||LifeOrb|RoughSkin|DragonClaw,StompingTantrum,Earthquake,Protect|||M|||50|,,,,,Steel
|inactive|Battle timer is ON: inactive players will automatically lose when time's up. (requested by quain4)
|inactive|quain4 has 60 seconds left.
|inactive|washingtongargacha has 60 seconds left.
|
|t:|1756981148
|teamsize|p1|4
|teamsize|p2|4
|start
|switch|p1a: Mandibuzz|Mandibuzz, L50, F|100/100
|switch|p1b: Archaludon|Archaludon, L50, F|100/100
|switch|p2a: Talonflame|Talonflame, L50, M|100/100
|switch|p2b: Garchomp|Garchomp, L50, M|100/100
|turn|1
|l|☆quain4
|inactive|quain4 disconnected and has a minute to reconnect!
|player|p1|
|inactive|quain4 has 30 seconds left.
|inactive|quain4 has 20 seconds left.
|inactive|quain4 has 15 seconds left.
|j|☆quain4
|inactive|quain4 reconnected and has 15 seconds left.
|player|p1|quain4|101|
|inactive|quain4 has 10 seconds left.
|
|t:|1756981197
|move|p1b: Archaludon|Protect|p1b: Archaludon
|-singleturn|p1b: Archaludon|Protect
|move|p2a: Talonflame|Taunt|p1a: Mandibuzz
|-start|p1a: Mandibuzz|move: Taunt
|move|p2b: Garchomp|Dragon Claw|p1b: Archaludon
|-activate|p1b: Archaludon|move: Protect
|cant|p1a: Mandibuzz|move: Taunt|Tailwind
|
|upkeep
|turn|2
|inactive|washingtongargacha has 30 seconds left.
|
|t:|1756981231
|-terastallize|p1b: Archaludon|Electric
|move|p2a: Talonflame|Tailwind|p2a: Talonflame
|-sidestart|p2: washingtongargacha|move: Tailwind
|move|p2b: Garchomp|Stomping Tantrum|p1b: Archaludon
|-supereffective|p1b: Archaludon
|-damage|p1b: Archaludon|9/100
|-damage|p2b: Garchomp|91/100|[from] item: Life Orb
|move|p1b: Archaludon|Electro Shot||[still]
|-prepare|p1b: Archaludon|Electro Shot
|-boost|p1b: Archaludon|spa|1
|-enditem|p1b: Archaludon|Power Herb
|-anim|p1b: Archaludon|Electro Shot|p2a: Talonflame
|-supereffective|p2a: Talonflame
|-damage|p2a: Talonflame|0 fnt
|faint|p2a: Talonflame
|move|p1a: Mandibuzz|Foul Play|p2b: Garchomp
|-damage|p2b: Garchomp|39/100
|-damage|p1a: Mandibuzz|88/100|[from] ability: Rough Skin|[of] p2b: Garchomp
|
|upkeep
|
|t:|1756981250
|switch|p2a: Gholdengo|Gholdengo, L50|100/100
|turn|3
|
|t:|1756981262
|switch|p1a: Perrserker|Perrserker, L50, M|100/100
|move|p1b: Archaludon|Protect|p1b: Archaludon
|-singleturn|p1b: Archaludon|Protect
|move|p2b: Garchomp|Dragon Claw|p1a: Perrserker
|-resisted|p1a: Perrserker
|-damage|p1a: Perrserker|73/100
|-damage|p2b: Garchomp|29/100|[from] item: Life Orb
|move|p2a: Gholdengo|Make It Rain|p1b: Archaludon|[spread] p1a
|-activate|p1b: Archaludon|move: Protect
|-resisted|p1a: Perrserker
|-damage|p1a: Perrserker|25/100
|-unboost|p2a: Gholdengo|spa|1
|
|upkeep
|turn|4
|inactive|quain4 has 30 seconds left.
|
|t:|1756981294
|move|p2b: Garchomp|Protect|p2b: Garchomp
|-singleturn|p2b: Garchomp|Protect
|move|p1a: Perrserker|Protect|p1a: Perrserker
|-singleturn|p1a: Perrserker|Protect
|move|p2a: Gholdengo|Make It Rain|p1a: Perrserker|[spread] p1b
|-activate|p1a: Perrserker|move: Protect
|-resisted|p1b: Archaludon
|-damage|p1b: Archaludon|0 fnt
|-unboost|p2a: Gholdengo|spa|1
|faint|p1b: Archaludon
|
|upkeep
|
|t:|1756981301
|switch|p1b: Scizor|Scizor, L50, M|100/100
|turn|5
|inactive|washingtongargacha has 30 seconds left.
|inactive|washingtongargacha has 20 seconds left.
|
|t:|1756981339
|-terastallize|p2a: Gholdengo|Steel
|move|p2b: Garchomp|Protect||[still]
|-fail|p2b: Garchomp
|move|p1b: Scizor|Bullet Punch|p2b: Garchomp
|-damage|p2b: Garchomp|0 fnt
|-damage|p1b: Scizor|88/100|[from] ability: Rough Skin|[of] p2b: Garchomp
|faint|p2b: Garchomp
|-damage|p1b: Scizor|78/100|[from] item: Life Orb
|move|p2a: Gholdengo|Make It Rain|p1b: Scizor|[spread] p1a,p1b
|-resisted|p1a: Perrserker
|-resisted|p1b: Scizor
|-damage|p1a: Perrserker|0 fnt
|-damage|p1b: Scizor|47/100
|-unboost|p2a: Gholdengo|spa|1
|faint|p1a: Perrserker
|
|-sideend|p2: washingtongargacha|move: Tailwind
|upkeep
|l|☆quain4
|inactive|quain4 disconnected and has a minute to reconnect!
|player|p1|
|inactive|quain4 has 30 seconds left.
|j|☆quain4
|inactive|quain4 reconnected and has 30 seconds left.
|player|p1|quain4|101|
|
|t:|1756981368
|switch|p2b: Dragonite|Dragonite, L50, F|100/100
|switch|p1a: Mandibuzz|Mandibuzz, L50, F|88/100
|turn|6
|
|t:|1756981389
|move|p1b: Scizor|Protect|p1b: Scizor
|-singleturn|p1b: Scizor|Protect
|move|p1a: Mandibuzz|Tailwind|p1a: Mandibuzz
|-sidestart|p1: quain4|move: Tailwind
|move|p2b: Dragonite|Scale Shot|p1b: Scizor
|-activate|p1b: Scizor|move: Protect
|move|p2a: Gholdengo|Make It Rain|p1b: Scizor|[spread] p1a
|-activate|p1b: Scizor|move: Protect
|-damage|p1a: Mandibuzz|56/100
|-unboost|p2a: Gholdengo|spa|1
|
|upkeep
|turn|7
|inactive|washingtongargacha has 30 seconds left.
|inactive|washingtongargacha has 20 seconds left.
|
|t:|1756981426
|move|p1a: Mandibuzz|Foul Play|p2b: Dragonite
|-damage|p2b: Dragonite|72/100
|move|p1b: Scizor|Close Combat|p2a: Gholdengo
|-supereffective|p2a: Gholdengo
|-damage|p2a: Gholdengo|0 fnt
|-unboost|p1b: Scizor|def|1
|-unboost|p1b: Scizor|spd|1
|faint|p2a: Gholdengo
|-damage|p1b: Scizor|38/100|[from] item: Life Orb
|move|p2b: Dragonite|Scale Shot|p1b: Scizor
|-resisted|p1b: Scizor
|-damage|p1b: Scizor|26/100
|-resisted|p1b: Scizor
|-damage|p1b: Scizor|15/100
|-resisted|p1b: Scizor
|-damage|p1b: Scizor|4/100
|-resisted|p1b: Scizor
|-damage|p1b: Scizor|0 fnt
|faint|p1b: Scizor
|-hitcount|p1: Scizor|4
|-unboost|p2b: Dragonite|def|1
|-boost|p2b: Dragonite|spe|1
|
|upkeep
|turn|8
|
|t:|1756981448
|move|p2b: Dragonite|Protect|p2b: Dragonite
|-singleturn|p2b: Dragonite|Protect
|move|p1a: Mandibuzz|Foul Play|p2b: Dragonite
|-activate|p2b: Dragonite|move: Protect
|
|upkeep
|turn|9
|
|t:|1756981454
|move|p1a: Mandibuzz|Foul Play|p2b: Dragonite
|-damage|p2b: Dragonite|0 fnt
|faint|p2b: Dragonite
|
|win|quain4
|raw|quain4's rating: 1245 → 1267(+22 for winning)
|raw|washingtongargacha's rating: 1204 → 1182(-22 for losing)
