|j|☆Chochito Pelao
|j|☆lanagram
|html|Chochito Pelaolanagram    
|uhtml|bestof|Game 1 of a best-of-3
|t:|1785058659
|gametype|doubles
|player|p1|Chochito Pelao|striker|1222
|player|p2|lanagram|170|1190
|gen|9
|tier|[Gen 9 Champions] VGC 2026 Reg M-B (Bo3)
|rated|
|rule|Species Clause: Limit one of each Pokémon
|rule|Item Clause: Limit 1 of each item
|clearpoke
|poke|p1|Incineroar, L50, F|
|poke|p1|Sinistcha-Masterpiece, L50, shiny|
|poke|p1|Floette-Eternal, L50, F|
|poke|p1|Kingambit, L50, M|
|poke|p1|Sneasler, L50, M|
|poke|p1|Delphox, L50, M, shiny|
|poke|p2|Metagross, L50|
|poke|p2|Sinistcha, L50|
|poke|p2|Archaludon, L50, M|
|poke|p2|Pelipper, L50, F|
|poke|p2|Annihilape, L50, M|
|poke|p2|Maushold-Four, L50|
|teampreview|4
|showteam|p1|Incineroar||SitrusBerry|Intimidate|FakeOut,PartingShot,ThroatChop,FlareBlitz|Careful||F|||50|]Sinistcha-Masterpiece||ColburBerry|Hospitality|MatchaGotcha,LifeDew,RagePowder,TrickRoom|Bold|||||50|]Floette-Eternal||Floettite|FlowerVeil|Moonblast,DazzlingGleam,CalmMind,Protect|Modest||F|||50|]Kingambit||BlackGlasses|Defiant|KowtowCleave,SuckerPunch,SwordsDance,Protect|Adamant||M|||50|]Sneasler||FocusSash|PoisonTouch|FakeOut,CloseCombat,DireClaw,QuickGuard|Jolly||M|||50|]Delphox||Delphoxite|Blaze|HeatWave,Psyshock,NastyPlot,Protect|Timid||M|||50|
|showteam|p2|Metagross||Metagrossite|ClearBody|PsychicFangs,StompingTantrum,IronHead,Protect|Jolly|||||50|]Sinistcha||KasibBerry|Hospitality|MatchaGotcha,ShadowBall,RagePowder,TrickRoom|Calm|||||50|]Archaludon||Leftovers|Stamina|ElectroShot,Snarl,FlashCannon,Protect|Modest||M|||50|]Pelipper||DampRock|Drizzle|Hurricane,Tailwind,WeatherBall,Protect|Modest||F|||50|]Annihilape||ChoiceScarf|Defiant|Coaching,CloseCombat,RageFist,Taunt|Jolly||M|||50|]Maushold-Four||FocusSash|FriendGuard|PopulationBomb,FollowMe,Encore,Protect|Jolly|||||50|
|
|t:|1785058719
|teamsize|p1|4
|teamsize|p2|4
|start
|switch|p1a: Sneasler|Sneasler, L50, M|100/100
|switch|p1b: Floette|Floette-Eternal, L50, F|100/100
|switch|p2a: Annihilape|Annihilape, L50, M|100/100
|switch|p2b: Maushold|Maushold-Four, L50|100/100
|turn|1
|
|t:|1785058740
|switch|p2b: Metagross|Metagross, L50|100/100
|detailschange|p1b: Floette|Floette-Mega, L50, F
|-mega|p1b: Floette|Floette|Floettite
|-ability|p1b: Floette|Fairy Aura
|move|p1a: Sneasler|Fake Out|p2b: Metagross
|-resisted|p2b: Metagross|1
|-damage|p2b: Metagross|94/100
|move|p2a: Annihilape|Coaching|p2b: Metagross
|-boost|p2b: Metagross|atk|1
|-boost|p2b: Metagross|def|1
|move|p1b: Floette|Dazzling Gleam|p2b: Metagross|[spread] p2a,p2b
|-supereffective|p2a: Annihilape|1
|-resisted|p2b: Metagross|1
|-damage|p2a: Annihilape|0 fnt
|-damage|p2b: Metagross|67/100
|faint|p2a: Annihilape
|
|upkeep
|
|t:|1785058764
|switch|p2a: Pelipper|Pelipper, L50, F|100/100
|-weather|RainDance|[from] ability: Drizzle|[of] p2a: Pelipper
|turn|2
|
|t:|1785058793
|detailschange|p2b: Metagross|Metagross-Mega, L50
|-mega|p2b: Metagross|Metagross|Metagrossite
|move|p1b: Floette|Protect|p1b: Floette
|-singleturn|p1b: Floette|Protect
|move|p1a: Sneasler|Dire Claw|p2a: Pelipper
|-damage|p2a: Pelipper|51/100
|move|p2b: Metagross|Iron Head|p1b: Floette
|-activate|p1b: Floette|move: Protect
|move|p2a: Pelipper|Tailwind|p2a: Pelipper
|-sidestart|p2: lanagram|move: Tailwind
|
|-weather|RainDance|[upkeep]
|upkeep
|turn|3
|
|t:|1785058817
|switch|p1b: Incineroar|Incineroar, L50, F|100/100
|-ability|p1b: Incineroar|Intimidate|boost
|-unboost|p2a: Pelipper|atk|1
|-unboost|p2b: Metagross|atk|1
|move|p2b: Metagross|Iron Head|p1b: Incineroar
|-resisted|p1b: Incineroar|1
|-damage|p1b: Incineroar|70/100
|move|p2a: Pelipper|Weather Ball|p1a: Sneasler
|-damage|p1a: Sneasler|17/100
|move|p1a: Sneasler|Dire Claw|p2a: Pelipper
|-damage|p2a: Pelipper|0 fnt
|faint|p2a: Pelipper
|
|-weather|RainDance|[upkeep]
|upkeep
|
|t:|1785058821
|switch|p2a: Maushold|Maushold-Four, L50|100/100
|turn|4
|
|t:|1785058846
|switch|p1a: Sinistcha|Sinistcha-Masterpiece, L50, shiny|100/100
|-heal|p1b: Incineroar|95/100|[from] ability: Hospitality|[of] p1a: Sinistcha
|move|p1b: Incineroar|Fake Out|p2a: Maushold
|-damage|p2a: Maushold|82/100
|cant|p2a: Maushold|flinch
|move|p2b: Metagross|Stomping Tantrum|p1b: Incineroar
|-supereffective|p1b: Incineroar|1
|-damage|p1b: Incineroar|34/100
|-enditem|p1b: Incineroar|Sitrus Berry|[eat]
|-heal|p1b: Incineroar|58/100|[from] item: Sitrus Berry
|
|-weather|RainDance|[upkeep]
|upkeep
|turn|5
|
|t:|1785058871
|move|p1a: Sinistcha|Rage Powder|p1a: Sinistcha
|-singleturn|p1a: Sinistcha|move: Rage Powder
|move|p2a: Maushold|Encore|p1a: Sinistcha
|-start|p1a: Sinistcha|Encore
|move|p2b: Metagross|Iron Head|p1a: Sinistcha
|-damage|p1a: Sinistcha|53/100
|move|p1b: Incineroar|Parting Shot|p2b: Metagross
|-unboost|p2b: Metagross|atk|1
|-unboost|p2b: Metagross|spa|1
|
|t:|1785058882
|switch|p1b: Sneasler|Sneasler, L50, M|17/100|[from] Parting Shot
|
|-weather|RainDance|[upkeep]
|-sideend|p2: lanagram|move: Tailwind
|upkeep
|turn|6
|-message|lanagram forfeited.
|
|win|Chochito Pelao
|l|☆lanagram
|player|p2|
||lanagram is ready for game 2.
||Chochito Pelao is ready for game 2.
|uhtml|next|Next: Game 2 of 3
