|j|ÔÿåWhitt8237
|j|Ôÿåfreudianbreath
|html|Whitt8237freudianbreath    
|uhtml|bestof|Game 1 of a best-of-3
|t:|1785653233
|gametype|doubles
|player|p1|Whitt8237|169|1000
|player|p2|freudianbreath|265|1035
|gen|9
|tier|[Gen 9 Champions] VGC 2026 Reg M-B (Bo3)
|rated|
|rule|Species Clause: Limit one of each Pok├®mon
|rule|Item Clause: Limit 1 of each item
|clearpoke
|poke|p1|Dragalge, L50, F|
|poke|p1|Milotic, L50, M|
|poke|p1|Sinistcha, L50|
|poke|p1|Incineroar, L50, F|
|poke|p1|Farigiraf, L50, F|
|poke|p1|Grimmsnarl, L50, M|
|poke|p2|Gholdengo, L50|
|poke|p2|Palafin, L50, M|
|poke|p2|Whimsicott, L50, M|
|poke|p2|Blastoise, L50, M|
|poke|p2|Mamoswine, L50, M|
|poke|p2|Incineroar, L50, M|
|teampreview|4
|showteam|p1|Dragalge||Dragalgite|PoisonPoint|FlipTurn,SludgeBomb,Protect,DragonPulse|Relaxed||F|||50|]Milotic||Leftovers|Competitive|FlipTurn,Protect,IceBeam,LifeDew|Sassy||M|||50|]Sinistcha||SitrusBerry|Hospitality|MatchaGotcha,TrickRoom,Protect,LifeDew|Sassy|||||50|]Incineroar||ShucaBerry|Blaze|PartingShot,FlareBlitz,FakeOut,Protect|Brave||F|||50|]Farigiraf||ColburBerry|ArmorTail|TrickRoom,HyperVoice,Protect,HelpingHand|Quiet||F|||50|]Grimmsnarl||MentalHerb|Prankster|LightScreen,PartingShot,Reflect,SuckerPunch|Relaxed||M|||50|
|showteam|p2|Gholdengo||ChoiceScarf|GoodasGold|Trick,MakeItRain,Thunderbolt,ShadowBall|Timid|||||50|]Palafin||MysticWater|ZerotoHero|FlipTurn,Protect,JetPunch,WaveCrash|Jolly||M|||50|]Whimsicott||FocusSash|Prankster|Moonblast,Encore,Tailwind,Protect|Timid||M|||50|]Blastoise||Blastoisinite|Torrent|MuddyWater,ShellSmash,DarkPulse,AuraSphere|Modest||M|||50|]Mamoswine||WhiteHerb|ThickFat|IceShard,IcicleCrash,Protect,HighHorsepower|Jolly||M|||50|]Incineroar||SitrusBerry|Intimidate|FakeOut,PartingShot,FlareBlitz,BrickBreak|Adamant||M|||50|
|inactive|Battle timer is ON: inactive players will automatically lose when time's up. (requested by Whitt8237)
|inactive|freudianbreath has 60 seconds left.
|
|t:|1785653370
|teamsize|p1|4
|teamsize|p2|4
|start
|switch|p1a: Milotic|Milotic, L50, M|100/100
|switch|p1b: Farigiraf|Farigiraf, L50, F|100/100
|switch|p2a: Gholdengo|Gholdengo, L50|100/100
|switch|p2b: Whimsicott|Whimsicott, L50, M|100/100
|turn|1
|inactive|freudianbreath has 30 seconds left.
|inactive|freudianbreath has 20 seconds left.
|
|t:|1785653408
|move|p2b: Whimsicott|Protect|p2b: Whimsicott
|-singleturn|p2b: Whimsicott|Protect
|move|p2a: Gholdengo|Trick|p1b: Farigiraf
|-activate|p2a: Gholdengo|move: Trick|[of] p1b: Farigiraf
|-item|p1b: Farigiraf|Choice Scarf|[from] move: Trick
|-item|p2a: Gholdengo|Colbur Berry|[from] move: Trick
|move|p1a: Milotic|Ice Beam|p2b: Whimsicott
|-activate|p2b: Whimsicott|move: Protect
|move|p1b: Farigiraf|Trick Room|p1b: Farigiraf
|-fieldstart|move: Trick Room|[of] p1b: Farigiraf
|
|upkeep
|turn|2
|inactive|Whitt8237 has 30 seconds left.
|inactive|freudianbreath has 30 seconds left.
|inactive|Whitt8237 has 20 seconds left.
|inactive|freudianbreath has 20 seconds left.
|
|t:|1785653447
|switch|p1b: Dragalge|Dragalge, L50, F|100/100
|switch|p2b: Blastoise|Blastoise, L50, M|100/100
|move|p1a: Milotic|Ice Beam|p2b: Blastoise
|-resisted|p2b: Blastoise|1
|-damage|p2b: Blastoise|88/100
|move|p2a: Gholdengo|Thunderbolt|p1a: Milotic
|-supereffective|p1a: Milotic|1
|-damage|p1a: Milotic|57/100
|
|-heal|p1a: Milotic|63/100|[from] item: Leftovers
|upkeep
|turn|3
|inactive|Whitt8237 has 30 seconds left.
|inactive|freudianbreath has 30 seconds left.
|inactive|Whitt8237 has 20 seconds left.
|inactive|freudianbreath has 20 seconds left.
|inactive|freudianbreath has 15 seconds left.
|inactive|freudianbreath has 10 seconds left.
|inactive|freudianbreath has 5 seconds left.
|
|t:|1785653501
|detailschange|p1b: Dragalge|Dragalge-Mega, L50, F
|-mega|p1b: Dragalge|Dragalge|Dragalgite
|move|p1b: Dragalge|Protect|p1b: Dragalge
|-singleturn|p1b: Dragalge|Protect
|move|p1a: Milotic|Flip Turn|p2a: Gholdengo
|-damage|p2a: Gholdengo|82/100
|
|t:|1785653511
|switch|p1a: Farigiraf|Farigiraf, L50, F|100/100|[from] Flip Turn
|move|p2b: Blastoise|Dark Pulse|p1a: Farigiraf
|-supereffective|p1a: Farigiraf|1
|-damage|p1a: Farigiraf|54/100
|move|p2a: Gholdengo|Make It Rain|p1a: Farigiraf|[spread] p1a
|-activate|p1b: Dragalge|move: Protect
|-damage|p1a: Farigiraf|6/100
|-unboost|p2a: Gholdengo|spa|2
|
|upkeep
|turn|4
|inactive|freudianbreath has 30 seconds left.
|inactive|freudianbreath has 20 seconds left.
|
|t:|1785653550
|switch|p1a: Milotic|Milotic, L50, M|63/100
|move|p1b: Dragalge|Sludge Bomb|p2b: Blastoise
|-damage|p2b: Blastoise|41/100
|move|p2b: Blastoise|Shell Smash|p2b: Blastoise
|-unboost|p2b: Blastoise|def|1
|-unboost|p2b: Blastoise|spd|1
|-boost|p2b: Blastoise|atk|2
|-boost|p2b: Blastoise|spa|2
|-boost|p2b: Blastoise|spe|2
|move|p2a: Gholdengo|Make It Rain|p1a: Milotic|[spread] p1a,p1b
|-resisted|p1a: Milotic|1
|-damage|p1a: Milotic|54/100
|-damage|p1b: Dragalge|84/100
|-unboost|p2a: Gholdengo|spa|2
|
|-heal|p1a: Milotic|60/100|[from] item: Leftovers
|upkeep
|turn|5
|inactive|Whitt8237 has 30 seconds left.
|inactive|freudianbreath has 30 seconds left.
|inactive|freudianbreath has 20 seconds left.
|inactive|freudianbreath has 15 seconds left.
|inactive|freudianbreath has 10 seconds left.
|inactive|freudianbreath has 5 seconds left.
|
|t:|1785653605
|-heal|p1b: Dragalge|100/100|[from] ability: Regenerator|[silent]
|switch|p1b: Farigiraf|Farigiraf, L50, F|6/100
|move|p1a: Milotic|Life Dew|p1a: Milotic|[spread] p1a,p1b
|-heal|p1a: Milotic|85/100
|-heal|p1b: Farigiraf|31/100
|move|p2a: Gholdengo|Trick|p1a: Milotic
|-activate|p2a: Gholdengo|move: Trick|[of] p1a: Milotic
|-item|p1a: Milotic|Colbur Berry|[from] move: Trick
|-item|p2a: Gholdengo|Leftovers|[from] move: Trick
|move|p2b: Blastoise|Muddy Water|p1b: Farigiraf|[spread] p1a,p1b
|-resisted|p1a: Milotic|1
|-damage|p1a: Milotic|68/100
|-damage|p1b: Farigiraf|0 fnt
|-unboost|p1a: Milotic|accuracy|1
|-ability|p1a: Milotic|Competitive|boost
|-boost|p1a: Milotic|spa|2
|faint|p1b: Farigiraf
|
|-heal|p2a: Gholdengo|89/100|[from] item: Leftovers
|-fieldend|move: Trick Room
|upkeep
|
|t:|1785653626
|switch|p1b: Sinistcha|Sinistcha, L50|100/100
|-heal|p1a: Milotic|93/100|[from] ability: Hospitality|[of] p1b: Sinistcha
|turn|6
|c|Ôÿåfreudianbreath|That was actually a misclick­ƒÿ¡
|inactive|freudianbreath has 30 seconds left.
|inactive|Whitt8237 has 30 seconds left.
|inactive|freudianbreath has 20 seconds left.
|inactive|freudianbreath has 15 seconds left.
|inactive|Whitt8237 has 20 seconds left.
|inactive|freudianbreath has 10 seconds left.
|inactive|freudianbreath has 5 seconds left.
|
|t:|1785653679
|detailschange|p2b: Blastoise|Blastoise-Mega, L50, M
|-mega|p2b: Blastoise|Blastoise|Blastoisinite
|move|p2b: Blastoise|Aura Sphere|p1a: Milotic
|-damage|p1a: Milotic|34/100
|move|p2a: Gholdengo|Shadow Ball|p1b: Sinistcha
|-supereffective|p1b: Sinistcha|1
|-crit|p1b: Sinistcha
|-damage|p1b: Sinistcha|0 fnt
|faint|p1b: Sinistcha
|move|p1a: Milotic|Ice Beam|p2a: Gholdengo
|-resisted|p2a: Gholdengo|1
|-damage|p2a: Gholdengo|64/100
|
|-heal|p2a: Gholdengo|70/100|[from] item: Leftovers
|upkeep
|
|t:|1785653691
|switch|p1b: Dragalge|Dragalge-Mega, L50, F|100/100
|turn|7
|inactive|freudianbreath has 30 seconds left.
|inactive|freudianbreath has 20 seconds left.
|-message|Whitt8237 forfeited.
|raw|Whitt8237's rating: 1000 → 1000(+0 for losing)
|raw|freudianbreath's rating: 1035 → 1066(+31 for winning)
|
|win|freudianbreath
|l|ÔÿåWhitt8237
|player|p1|
