|j|‽CaratroncoSun
|j|☆senzumi_here
|html|CaratroncoSunsenzumi_here    
|uhtml|bestof|Game 1 of a best-of-3
|t:|1782206398
|gametype|doubles
|player|p1|CaratroncoSun|juan|1144
|player|p2|senzumi_here|psychicf-gen4|1206
|gen|9
|tier|[Gen 9 Champions] VGC 2026 Reg M-B (Bo3)
|rated|
|rule|Species Clause: Limit one of each Pokémon
|rule|Item Clause: Limit 1 of each item
|clearpoke
|poke|p1|Overqwil, L50, F, shiny|
|poke|p1|Swampert, L50, M|
|poke|p1|Pelipper, L50, M|
|poke|p1|Metagross, L50, shiny|
|poke|p1|Sneasler, L50, M|
|poke|p1|Sinistcha-Masterpiece, L50|
|poke|p2|Froslass, L50, F|
|poke|p2|Scovillain, L50, M|
|poke|p2|Lycanroc-Dusk, L50, M|
|poke|p2|Sneasler, L50, F|
|poke|p2|Basculegion, L50, M, shiny|
|poke|p2|Kingambit, L50, M, shiny|
|teampreview|4
|showteam|p1|Overqwil||LifeOrb|SwiftSwim|Protect,PoisonJab,ThroatChop,Liquidation|Adamant||F|||50|]Swampert||Swampertite|Damp|Protect,WaveCrash,HighHorsepower,IcePunch|Adamant||M|||50|]Pelipper||FocusSash|Drizzle|Protect,Tailwind,Hurricane,WeatherBall|Modest||M|||50|]Metagross||Metagrossite|ClearBody|Protect,PsychicFangs,MeteorMash,IcePunch|Jolly|||||50|]Sneasler||WhiteHerb|Unburden|Coaching,FakeOut,DireClaw,CloseCombat|Jolly||M|||50|]Sinistcha-Masterpiece||SitrusBerry|Hospitality|MatchaGotcha,TrickRoom,LifeDew,RagePowder|Bold|||||50|
|showteam|p2|Froslass||Froslassite|CursedBody|Protect,Blizzard,ShadowBall,AuroraVeil|Timid||F|||50|]Scovillain||Scovillainite|Moody|Protect,Overheat,GigaDrain,RagePowder|Bold||M|||50|]Lycanroc-Dusk||FocusSash|ToughClaws|Protect,RockSlide,CloseCombat,Accelerock|Adamant||M|||50|]Sneasler||WhiteHerb|Unburden|Protect,GunkShot,CloseCombat,FakeOut|Jolly||F|||50|]Basculegion||SitrusBerry|Adaptability|Protect,WaveCrash,LastRespects,AquaJet|Adamant||M|||50|]Kingambit||BlackGlasses|Defiant|Protect,KowtowCleave,SuckerPunch,SwordsDance|Adamant||M|||50|
|
|t:|1782206478
|teamsize|p1|4
|teamsize|p2|4
|start
|switch|p1a: Overqwil|Overqwil, L50, F, shiny|100/100
|switch|p1b: Sneasler|Sneasler, L50, M|100/100
|switch|p2a: Basculegion|Basculegion, L50, M, shiny|100/100
|switch|p2b: Froslass|Froslass, L50, F|100/100
|turn|1
|
|t:|1782206527
|detailschange|p2b: Froslass|Froslass-Mega, L50, F
|-mega|p2b: Froslass|Froslass|Froslassite
|-weather|Snowscape|[from] ability: Snow Warning|[of] p2b: Froslass
|move|p2a: Basculegion|Protect|p2a: Basculegion
|-singleturn|p2a: Basculegion|Protect
|move|p1b: Sneasler|Coaching|p1a: Overqwil
|-boost|p1a: Overqwil|atk|1
|-boost|p1a: Overqwil|def|1
|move|p2b: Froslass|Aurora Veil|p2b: Froslass
|-sidestart|p2: senzumi_here|move: Aurora Veil
|move|p1a: Overqwil|Throat Chop|p2a: Basculegion
|-activate|p2a: Basculegion|move: Protect
|
|-weather|Snowscape|[upkeep]
|upkeep
|turn|2
|
|t:|1782206545
|switch|p2a: Kingambit|Kingambit, L50, M, shiny|100/100
|move|p1a: Overqwil|Protect|p1a: Overqwil
|-singleturn|p1a: Overqwil|Protect
|move|p1b: Sneasler|Coaching|p1a: Overqwil
|-boost|p1a: Overqwil|atk|1
|-boost|p1a: Overqwil|def|1
|move|p2b: Froslass|Blizzard|p1a: Overqwil|[spread] p1b
|-activate|p1a: Overqwil|move: Protect
|-damage|p1b: Sneasler|51/100
|
|-weather|Snowscape|[upkeep]
|upkeep
|turn|3
|
|t:|1782206580
|move|p2a: Kingambit|Protect|p2a: Kingambit
|-singleturn|p2a: Kingambit|Protect
|move|p1b: Sneasler|Close Combat|p2a: Kingambit
|-activate|p2a: Kingambit|move: Protect
|move|p2b: Froslass|Blizzard|p1a: Overqwil|[spread] p1a,p1b
|-damage|p1a: Overqwil|43/100
|-damage|p1b: Sneasler|0 fnt
|-status|p1a: Overqwil|frz
|faint|p1b: Sneasler
|cant|p1a: Overqwil|frz
|
|-weather|Snowscape|[upkeep]
|upkeep
|
|t:|1782206593
|switch|p1b: Pelipper|Pelipper, L50, M|100/100
|-weather|RainDance|[from] ability: Drizzle|[of] p1b: Pelipper
|turn|4
|
|t:|1782206603
|switch|p2b: Sneasler|Sneasler, L50, F|100/100
|-curestatus|p1a: Overqwil|frz|[msg]
|move|p1a: Overqwil|Throat Chop|p2b: Sneasler
|-resisted|p2b: Sneasler|1
|-damage|p2b: Sneasler|45/100
|-start|p2b: Sneasler|Throat Chop|[silent]
|-damage|p1a: Overqwil|33/100|[from] item: Life Orb
|move|p1b: Pelipper|Weather Ball|p2a: Kingambit
|-damage|p2a: Kingambit|50/100g
|move|p2a: Kingambit|Swords Dance|p2a: Kingambit
|-boost|p2a: Kingambit|atk|2
|
|-weather|RainDance|[upkeep]
|upkeep
|turn|5
|inactive|Battle timer is ON: inactive players will automatically lose when time's up. (requested by senzumi_here)
|
|t:|1782206630
|move|p2b: Sneasler|Fake Out|p1b: Pelipper
|-damage|p1b: Pelipper|82/100
|move|p2a: Kingambit|Sucker Punch|p1a: Overqwil
|-resisted|p1a: Overqwil|1
|-damage|p1a: Overqwil|5/100
|move|p1a: Overqwil|Liquidation|p2a: Kingambit
|-damage|p2a: Kingambit|0 fnt
|faint|p2a: Kingambit
|-damage|p1a: Overqwil|0 fnt|[from] item: Life Orb
|faint|p1a: Overqwil
|cant|p1b: Pelipper|flinch
|
|-weather|RainDance|[upkeep]
|-end|p2b: Sneasler|Throat Chop|[silent]
|-sideend|p2: senzumi_here|move: Aurora Veil
|upkeep
|
|t:|1782206642
|switch|p1a: Metagross|Metagross, L50, shiny|100/100
|switch|p2a: Froslass|Froslass-Mega, L50, F|100/100
|-weather|Snowscape|[from] ability: Snow Warning|[of] p2a: Froslass
|turn|6
|inactive|senzumi_here has 30 seconds left.
|
|t:|1782206671
|detailschange|p1a: Metagross|Metagross-Mega, L50, shiny
|-mega|p1a: Metagross|Metagross|Metagrossite
|move|p2b: Sneasler|Close Combat|p1a: Metagross
|-damage|p1a: Metagross|55/100
|-unboost|p2b: Sneasler|def|1
|-unboost|p2b: Sneasler|spd|1
|-enditem|p2b: Sneasler|White Herb
|-clearnegativeboost|p2b: Sneasler|[silent]
|move|p2a: Froslass|Shadow Ball|p1a: Metagross
|-supereffective|p1a: Metagross|1
|-damage|p1a: Metagross|0 fnt
|faint|p1a: Metagross
|move|p1b: Pelipper|Tailwind|p1b: Pelipper
|-sidestart|p1: CaratroncoSun|move: Tailwind
|
|-weather|Snowscape|[upkeep]
|upkeep
|turn|7
|
|t:|1782206685
|move|p2b: Sneasler|Protect|p2b: Sneasler
|-singleturn|p2b: Sneasler|Protect
|move|p1b: Pelipper|Weather Ball|p2b: Sneasler
|-activate|p2b: Sneasler|move: Protect
|move|p2a: Froslass|Blizzard|p1b: Pelipper
|-damage|p1b: Pelipper|0 fnt
|faint|p1b: Pelipper
|
|win|senzumi_here
