|j|ŌśåTimeforCHILLI
|j|ŌśåTimBomb
|html|TimeforCHILLITimBomb    
|uhtml|bestof|Game 3 of a best-of-3
|t:|1783664076
|gametype|doubles
|player|p1|TimeforCHILLI|caitlin|1051
|player|p2|TimBomb|palmer|1000
|gen|9
|tier|[Gen 9 Champions] VGC 2026 Reg M-B (Bo3)
|rated|
|rule|Species Clause: Limit one of each Pok├®mon
|rule|Item Clause: Limit 1 of each item
|clearpoke
|poke|p1|Staraptor, L50, F|
|poke|p1|Chandelure, L50, F|
|poke|p1|Grimmsnarl, L50, M|
|poke|p1|Vileplume, L50, F|
|poke|p1|Vanilluxe, L50, F|
|poke|p1|Mimikyu, L50, F|
|poke|p2|Jolteon, L50, M, shiny|
|poke|p2|Rotom-Frost, L50|
|poke|p2|Raichu, L50, F|
|poke|p2|Bellibolt, L50, M|
|poke|p2|Sinistcha, L50|
|poke|p2|Primarina, L50, F|
|teampreview|4
|showteam|p1|Staraptor||Staraptite|Intimidate|BraveBird,CloseCombat,Uturn,Protect|Jolly||F|||50|]Chandelure||Chandelurite|FlashFire|HeatWave,EnergyBall,TrickRoom,Protect|Modest||F|||50|]Grimmsnarl||LightClay|Prankster|SpiritBreak,Reflect,LightScreen,PartingShot|Careful||M|||50|]Vileplume||ExpertBelt|EffectSpore|GigaDrain,SludgeBomb,AfterYou,Charm|Quiet||F|||50|]Vanilluxe||ChoiceScarf|SnowWarning|Blizzard,FreezeDry,IcyWind,AuroraVeil|Timid||F|||50|]Mimikyu||MentalHerb|Disguise|SwordsDance,PlayRough,ShadowSneak,TrickRoom|Adamant||F|||50|
|showteam|p2|Jolteon||Magnet|VoltAbsorb|RisingVoltage,Discharge,Protect,AlluringVoice|Timid||M|||50|]Rotom-Frost||ChoiceScarf|Levitate|Blizzard,Electroweb,Discharge,ShadowBall|Timid|||||50|]Raichu||RaichuniteX|LightningRod|FakeOut,KnockOff,Discharge,Protect|Quiet||F|||50|]Bellibolt||Leftovers|Electromorphosis|ParabolicCharge,Soak,Protect,VoltSwitch|Modest||M|||50|]Sinistcha||BigRoot|Hospitality|MatchaGotcha,RagePowder,ShadowBall,NastyPlot|Sassy|||||50|]Primarina||MysticWater|LiquidVoice|HyperVoice,Moonblast,Protect,Snowscape|Quiet||F|||50|
|
|t:|1783664098
|teamsize|p1|4
|teamsize|p2|4
|start
|switch|p1a: Rinnosuke~|Grimmsnarl, L50, M|100/100
|switch|p1b: Anonymous M|Mimikyu, L50, F|100/100
|switch|p2a: Jolteon|Jolteon, L50, M, shiny|100/100
|switch|p2b: Raichu|Raichu, L50, F|100/100
|turn|1
|
|t:|1783664123
|move|p2b: Raichu|Fake Out|p1a: Rinnosuke~
|-damage|p1a: Rinnosuke~|90/100
|cant|p1a: Rinnosuke~|flinch
|move|p2a: Jolteon|Discharge|p1b: Anonymous M|[spread] p1a,p1b
|-ability|p2b: Raichu|Lightning Rod|boost
|-boost|p2b: Raichu|spa|1
|-damage|p1a: Rinnosuke~|63/100
|-activate|p1b: Anonymous M|ability: Disguise
|-damage|p1b: Anonymous M|100/100
|detailschange|p1b: Anonymous M|Mimikyu-Busted, L50, F
|-damage|p1b: Anonymous M|87/100|[from] pokemon: Mimikyu-Busted
|move|p1b: Anonymous M|Trick Room|p1b: Anonymous M
|-fieldstart|move: Trick Room|[of] p1b: Anonymous M
|
|upkeep
|turn|2
|
|t:|1783664153
|detailschange|p2b: Raichu|Raichu-Mega-X, L50, F
|-mega|p2b: Raichu|Raichu|Raichunite X
|-fieldstart|move: Electric Terrain|[from] ability: Electric Surge|[of] p2b: Raichu
|move|p1a: Rinnosuke~|Light Screen|p1a: Rinnosuke~
|-sidestart|p1: TimeforCHILLI|move: Light Screen
|move|p2b: Raichu|Discharge|p1a: Rinnosuke~|[spread] p1a,p1b
|-immune|p2a: Jolteon|[from] ability: Volt Absorb
|-damage|p1a: Rinnosuke~|30/100
|-damage|p1b: Anonymous M|51/100
|-status|p1b: Anonymous M|par
|move|p1b: Anonymous M|Play Rough|p2a: Jolteon
|-damage|p2a: Jolteon|35/100
|move|p2a: Jolteon|Rising Voltage|p1a: Rinnosuke~
|-hint|Rising Voltage's BP doubled on grounded target.
|-damage|p1a: Rinnosuke~|0 fnt
|faint|p1a: Rinnosuke~
|
|upkeep
|
|t:|1783664173
|switch|p1a: MedicineMelancholy|Vileplume, L50, F|100/100
|turn|3
|
|t:|1783664196
|move|p1b: Anonymous M|Play Rough|p2a: Jolteon
|-damage|p2a: Jolteon|0 fnt
|faint|p2a: Jolteon
|move|p1a: MedicineMelancholy|Sludge Bomb|p2b: Raichu
|-damage|p2b: Raichu|50/100g
|-status|p2b: Raichu|psn
|move|p2b: Raichu|Discharge|p1a: MedicineMelancholy|[spread] p1a,p1b
|-resisted|p1a: MedicineMelancholy|1
|-damage|p1a: MedicineMelancholy|80/100
|-damage|p1b: Anonymous M|18/100 par
|-status|p1a: MedicineMelancholy|par
|
|-damage|p2b: Raichu|38/100 psn|[from] psn
|upkeep
|
|t:|1783664213
|switch|p2a: Bellibolt|Bellibolt, L50, M|100/100
|turn|4
|
|t:|1783664250
|move|p2b: Raichu|Protect|p2b: Raichu
|-singleturn|p2b: Raichu|Protect
|move|p1a: MedicineMelancholy|Sludge Bomb|p2b: Raichu
|-activate|p2b: Raichu|move: Protect
|move|p1b: Anonymous M|Play Rough|p2a: Bellibolt
|-damage|p2a: Bellibolt|74/100
|-start|p2a: Bellibolt|Charge|Play Rough|[from] ability: Electromorphosis
|move|p2a: Bellibolt|Soak|p1a: MedicineMelancholy
|-start|p1a: MedicineMelancholy|typechange|Water
|
|-heal|p2a: Bellibolt|80/100|[from] item: Leftovers
|-damage|p2b: Raichu|26/100 psn|[from] psn
|upkeep
|turn|5
|
|t:|1783664280
|move|p1a: MedicineMelancholy|Sludge Bomb|p2a: Bellibolt
|-crit|p2a: Bellibolt
|-damage|p2a: Bellibolt|33/100
|-start|p2a: Bellibolt|Charge|Sludge Bomb|[from] ability: Electromorphosis
|move|p1b: Anonymous M|Play Rough|p2a: Bellibolt
|-damage|p2a: Bellibolt|6/100
|-start|p2a: Bellibolt|Charge|Play Rough|[from] ability: Electromorphosis
|move|p2a: Bellibolt|Parabolic Charge|p1a: MedicineMelancholy|[spread] p2b,p1a,p1b
|-resisted|p2b: Raichu|1
|-supereffective|p1a: MedicineMelancholy|1
|-damage|p2b: Raichu|0 fnt
|-heal|p2a: Bellibolt|17/100|[from] drain|[of] p2b: Raichu
|-damage|p1a: MedicineMelancholy|0 fnt
|-heal|p2a: Bellibolt|51/100|[from] drain|[of] p1a: MedicineMelancholy
|-damage|p1b: Anonymous M|0 fnt
|-heal|p2a: Bellibolt|58/100|[from] drain|[of] p1b: Anonymous M
|faint|p2b: Raichu
|faint|p1a: MedicineMelancholy
|faint|p1b: Anonymous M
|-end|p2a: Bellibolt|Charge|[silent]
|
|-heal|p2a: Bellibolt|64/100|[from] item: Leftovers
|-fieldend|move: Trick Room
|upkeep
|c|ŌśåTimBomb|That crit
|c|ŌśåTimeforCHILLI|Noooo
|c|ŌśåTimBomb|Nearly cost me
|
|t:|1783664304
|switch|p2b: Primarina|Primarina, L50, F|100/100
|switch|p1a: RemiliaScarlet~ŌØż’ĖÅ|Chandelure, L50, F|100/100
|turn|6
|c|ŌśåTimeforCHILLI|But Bellibolt is god
|
|t:|1783664331
|detailschange|p1a: RemiliaScarlet~ŌØż’ĖÅ|Chandelure-Mega, L50, F
|-mega|p1a: RemiliaScarlet~ŌØż’ĖÅ|Chandelure|Chandelurite
|move|p2b: Primarina|Protect|p2b: Primarina
|-singleturn|p2b: Primarina|Protect
|move|p1a: RemiliaScarlet~ŌØż’ĖÅ|Energy Ball|p2b: Primarina
|-activate|p2b: Primarina|move: Protect
|move|p2a: Bellibolt|Parabolic Charge|p1a: RemiliaScarlet~ŌØż’ĖÅ|[spread] p1a
|-activate|p2b: Primarina|move: Protect
|-damage|p1a: RemiliaScarlet~ŌØż’ĖÅ|83/100
|-heal|p2a: Bellibolt|71/100|[from] drain|[of] p1a: RemiliaScarlet~ŌØż’ĖÅ
|
|-heal|p2a: Bellibolt|77/100|[from] item: Leftovers
|-fieldend|move: Electric Terrain
|upkeep
|turn|7
|c|ŌśåTimBomb|My mistake leaving BB out last game
|
|t:|1783664349
|move|p1a: RemiliaScarlet~ŌØż’ĖÅ|Energy Ball|p2b: Primarina
|-supereffective|p2b: Primarina|1
|-damage|p2b: Primarina|32/100
|move|p2b: Primarina|Hyper Voice|p1a: RemiliaScarlet~ŌØż’ĖÅ
|-supereffective|p1a: RemiliaScarlet~ŌØż’ĖÅ|1
|-crit|p1a: RemiliaScarlet~ŌØż’ĖÅ
|-damage|p1a: RemiliaScarlet~ŌØż’ĖÅ|0 fnt
|faint|p1a: RemiliaScarlet~ŌØż’ĖÅ
|
|win|TimBomb
|raw|TimeforCHILLI's rating: 1051 → 1031(-20 for losing)
|raw|TimBomb's rating: 1000 → 1046(+46 for winning)
|c|ŌśåTimBomb|gg
|c|ŌśåTimeforCHILLI|Ggwp;)
|l|ŌśåTimBomb
|player|p2|
