|j|‽tskkds
|j|☆Dimitrievski78
|html|tskkdsDimitrievski78    
|uhtml|bestof|Game 2 of a best-of-3
|t:|1756258260
|gametype|doubles
|player|p1|tskkds|unknownf|1000
|player|p2|Dimitrievski78|1|1012
|gen|9
|tier|[Gen 9] VGC 2025 Reg H (Bo3)
|rated|
|rule|Species Clause: Limit one of each Pokémon
|rule|Item Clause: Limit 1 of each item
|clearpoke
|poke|p1|Amoonguss, L50, M|
|poke|p1|Archaludon, L50, M|
|poke|p1|Pelipper, L50, M|
|poke|p1|Basculegion, L50, M|
|poke|p1|Incineroar, L50, M|
|poke|p1|Gholdengo, L50|
|poke|p2|Kleavor, L50, F|
|poke|p2|Garchomp, L50, M|
|poke|p2|Ceruledge, L50, F|
|poke|p2|Rillaboom, L50, M|
|poke|p2|Lucario, L50, F|
|poke|p2|Blastoise, L50, F|
|teampreview|4
|showteam|p1|Amoonguss||SitrusBerry|Regenerator|PollenPuff,Spore,RagePowder,Protect|||M|||50|,,,,,Fairy]Archaludon||AssaultVest|Stamina|DragonPulse,ElectroShot,FlashCannon,BodyPress|||M|||50|,,,,,Bug]Pelipper||FocusSash|Drizzle|WeatherBall,Hurricane,Tailwind,Protect|||M|||50|,,,,,Ground]Basculegion||ChoiceBand|SwiftSwim|WaveCrash,FlipTurn,AquaJet,LastRespects|||M|||50|,,,,,Water]Incineroar||SafetyGoggles|Intimidate|KnockOff,Taunt,PartingShot,FakeOut|||M|||50|,,,,,Ghost]Gholdengo||LifeOrb|GoodasGold|MakeItRain,ShadowBall,NastyPlot,Protect||||||50|,,,,,Water
|showteam|p2|Kleavor||ClearAmulet|Sharpness|StoneAxe,XScissor,CloseCombat,QuickGuard|||F|||50|,,,,,Stellar]Garchomp||ChoiceBand|SandVeil|StompingTantrum,Earthquake,DragonRush,PoisonJab|||M|||50|,,,,,Fairy]Ceruledge||LifeOrb|FlashFire|BitterBlade,SwordsDance,NightSlash,ShadowClaw|||F|||50|,,,,,Grass]Rillaboom||MiracleSeed|GrassySurge|FakeOut,WoodHammer,GrassyGlide,Protect|||M|||50|,,,,,Fire]Lucario||FocusSash|InnerFocus|CloseCombat,MeteorMash,ExtremeSpeed,FocusBlast|||F|||50|,,,,,Fighting]Blastoise||ChoiceScarf|Torrent|WaterSpout,Blizzard,IceBeam,HydroPump|||F|||50|,,,,,Grass
|inactive|Battle timer is ON: inactive players will automatically lose when time's up. (requested by tskkds)
|
|t:|1756258290
|teamsize|p1|4
|teamsize|p2|4
|start
|switch|p1a: Incineroar|Incineroar, L50, M|100/100
|switch|p1b: Gholdengo|Gholdengo, L50|100/100
|switch|p2a: CRISTIANO RONALDO|Ceruledge, L50, F|100/100
|switch|p2b: Garchomp|Garchomp, L50, M|100/100
|-ability|p1a: Incineroar|Intimidate|boost
|-unboost|p2a: CRISTIANO RONALDO|atk|1
|-unboost|p2b: Garchomp|atk|1
|turn|1
|
|t:|1756258314
|-terastallize|p1b: Gholdengo|Water
|move|p1a: Incineroar|Fake Out|p2b: Garchomp
|-damage|p2b: Garchomp|88/100
|cant|p2b: Garchomp|flinch
|move|p1b: Gholdengo|Nasty Plot|p1b: Gholdengo
|-boost|p1b: Gholdengo|spa|2
|move|p2a: CRISTIANO RONALDO|Swords Dance|p2a: CRISTIANO RONALDO
|-boost|p2a: CRISTIANO RONALDO|atk|2
|
|upkeep
|turn|2
|inactive|Dimitrievski78 has 30 seconds left.
|
|t:|1756258341
|move|p2b: Garchomp|Dragon Rush|p1a: Incineroar
|-damage|p1a: Incineroar|53/100
|move|p1b: Gholdengo|Shadow Ball|p2a: CRISTIANO RONALDO
|-supereffective|p2a: CRISTIANO RONALDO
|-damage|p2a: CRISTIANO RONALDO|0 fnt
|faint|p2a: CRISTIANO RONALDO
|-damage|p1b: Gholdengo|91/100|[from] item: Life Orb
|move|p1a: Incineroar|Parting Shot|p2b: Garchomp
|-unboost|p2b: Garchomp|atk|1
|-unboost|p2b: Garchomp|spa|1
|
|t:|1756258347
|switch|p1a: Amoonguss|Amoonguss, L50, M|100/100|[from] Parting Shot
|
|upkeep
|
|t:|1756258356
|switch|p2a: RONALDO NAZARIO|Rillaboom, L50, M|100/100
|-fieldstart|move: Grassy Terrain|[from] ability: Grassy Surge|[of] p2a: RONALDO NAZARIO
|turn|3
|
|t:|1756258365
|switch|p2b: MBAPPE|Blastoise, L50, F|100/100
|move|p1b: Gholdengo|Protect|p1b: Gholdengo
|-singleturn|p1b: Gholdengo|Protect
|move|p1a: Amoonguss|Protect|p1a: Amoonguss
|-singleturn|p1a: Amoonguss|Protect
|move|p2a: RONALDO NAZARIO|Fake Out|p1a: Amoonguss
|-activate|p1a: Amoonguss|move: Protect
|
|-heal|p1b: Gholdengo|97/100|[from] Grassy Terrain
|upkeep
|turn|4
|
|t:|1756258384
|move|p1a: Amoonguss|Rage Powder|p1a: Amoonguss
|-singleturn|p1a: Amoonguss|move: Rage Powder
|move|p2b: MBAPPE|Water Spout|p1a: Amoonguss|[spread] p1a,p1b
|-resisted|p1a: Amoonguss
|-resisted|p1b: Gholdengo
|-damage|p1a: Amoonguss|78/100
|-damage|p1b: Gholdengo|72/100
|move|p2a: RONALDO NAZARIO|Wood Hammer|p1b: Gholdengo
|-supereffective|p1b: Gholdengo
|-crit|p1b: Gholdengo
|-damage|p1b: Gholdengo|0 fnt
|faint|p1b: Gholdengo
|-damage|p2a: RONALDO NAZARIO|76/100|[from] Recoil
|
|-heal|p2a: RONALDO NAZARIO|82/100|[from] Grassy Terrain
|-heal|p1a: Amoonguss|84/100|[from] Grassy Terrain
|upkeep
|
|t:|1756258392
|switch|p1b: Incineroar|Incineroar, L50, M|53/100
|-ability|p1b: Incineroar|Intimidate|boost
|-unboost|p2a: RONALDO NAZARIO|atk|1
|-unboost|p2b: MBAPPE|atk|1
|turn|5
|
|t:|1756258412
|move|p1b: Incineroar|Fake Out|p2b: MBAPPE
|-damage|p2b: MBAPPE|88/100
|cant|p2b: MBAPPE|flinch
|move|p2a: RONALDO NAZARIO|Wood Hammer|p1b: Incineroar
|-resisted|p1b: Incineroar
|-damage|p1b: Incineroar|24/100
|-damage|p2a: RONALDO NAZARIO|71/100|[from] Recoil
|move|p1a: Amoonguss|Spore|p2b: MBAPPE
|-status|p2b: MBAPPE|slp|[from] move: Spore
|
|-heal|p2b: MBAPPE|93/100 slp|[from] Grassy Terrain
|-heal|p2a: RONALDO NAZARIO|77/100|[from] Grassy Terrain
|-heal|p1b: Incineroar|30/100|[from] Grassy Terrain
|-heal|p1a: Amoonguss|90/100|[from] Grassy Terrain
|upkeep
|turn|6
|
|t:|1756258430
|move|p2a: RONALDO NAZARIO|Protect|p2a: RONALDO NAZARIO
|-singleturn|p2a: RONALDO NAZARIO|Protect
|cant|p2b: MBAPPE|slp
|move|p1b: Incineroar|Parting Shot|p2b: MBAPPE
|-unboost|p2b: MBAPPE|atk|1
|-unboost|p2b: MBAPPE|spa|1
|
|t:|1756258434
|switch|p1b: Pelipper|Pelipper, L50, M|100/100|[from] Parting Shot
|-weather|RainDance|[from] ability: Drizzle|[of] p1b: Pelipper
|move|p1a: Amoonguss|Pollen Puff|p2a: RONALDO NAZARIO
|-activate|p2a: RONALDO NAZARIO|move: Protect
|
|-weather|RainDance|[upkeep]
|-heal|p2b: MBAPPE|99/100 slp|[from] Grassy Terrain
|-heal|p2a: RONALDO NAZARIO|83/100|[from] Grassy Terrain
|-heal|p1a: Amoonguss|96/100|[from] Grassy Terrain
|upkeep
|turn|7
|
|t:|1756258449
|cant|p2b: MBAPPE|slp
|move|p2a: RONALDO NAZARIO|Wood Hammer|p1b: Pelipper
|-crit|p1b: Pelipper
|-enditem|p1b: Pelipper|Focus Sash
|-damage|p1b: Pelipper|1/100
|-damage|p2a: RONALDO NAZARIO|57/100|[from] Recoil
|move|p1b: Pelipper|Hurricane|p2b: MBAPPE
|-damage|p2b: MBAPPE|46/100 slp
|move|p1a: Amoonguss|Pollen Puff|p2a: RONALDO NAZARIO
|-supereffective|p2a: RONALDO NAZARIO
|-damage|p2a: RONALDO NAZARIO|4/100
|
|-weather|RainDance|[upkeep]
|-heal|p2b: MBAPPE|52/100 slp|[from] Grassy Terrain
|-heal|p2a: RONALDO NAZARIO|10/100|[from] Grassy Terrain
|-heal|p1a: Amoonguss|100/100|[from] Grassy Terrain
|-fieldend|move: Grassy Terrain
|upkeep
|turn|8
|-message|tskkds forfeited.
|
|win|Dimitrievski78
|l|‽tskkds
|player|p1|
||Dimitrievski78 is ready for game 3.
||tskkds is ready for game 3.
|uhtml|next|Next: Game 3 of 3
|l|☆Dimitrievski78
|player|p2|
|j|‽tskkds
|player|p1|tskkds|unknownf|
