|j|☆Basura2U
|j|☆darkzerocl
|html|Basura2Udarkzerocl    
|uhtml|bestof|Game 1 of a best-of-3
|t:|1757639256
|gametype|doubles
|player|p1|Basura2U|lucas|1066
|player|p2|darkzerocl|roughneck|1033
|gen|9
|tier|[Gen 9] VGC 2025 Reg H (Bo3)
|rated|
|rule|Species Clause: Limit one of each Pokémon
|rule|Item Clause: Limit 1 of each item
|clearpoke
|poke|p1|Talonflame, L50, M|
|poke|p1|Araquanid, L50, M|
|poke|p1|Toxicroak, L50, M|
|poke|p1|Gholdengo, L50|
|poke|p1|Electabuzz, L50, M|
|poke|p1|Rillaboom, L50, M|
|poke|p2|Gholdengo, L50|
|poke|p2|Amoonguss, L50, F|
|poke|p2|Ursaluna-Bloodmoon, L50, M|
|poke|p2|Sneasler, L50, F|
|poke|p2|Incineroar, L50, M|
|poke|p2|Dragonite, L50, M|
|teampreview|4
|showteam|p1|Talonflame|||GaleWings|Acrobatics,FlareBlitz,Tailwind,Protect|||M|||50|,,,,,Ghost]Araquanid||LumBerry|WaterBubble|PoisonJab,Liquidation,Lunge,Protect|||M|||50|,,,,,Steel]Toxicroak||AssaultVest|DrySkin|FakeOut,SuckerPunch,GunkShot,CloseCombat|||M|||50|,,,,,Poison]Gholdengo||MetalCoat|GoodasGold|MakeItRain,NastyPlot,ShadowBall,Protect||||||50|,,,,,Water]Electabuzz||Eviolite|VitalSpirit|FollowMe,Electroweb,Taunt,HelpingHand|||M|||50|,,,,,Dragon]Rillaboom||MiracleSeed|GrassySurge|GrassyGlide,Uturn,FakeOut,WoodHammer|||M|||50|,,,,,Fire
|showteam|p2|Gholdengo||LifeOrb|GoodasGold|MakeItRain,ShadowBall,NastyPlot,Protect||||||50|,,,,,Water]Amoonguss||SitrusBerry|Regenerator|PollenPuff,Spore,RagePowder,Protect|||F|||50|,,,,,Psychic]Ursaluna-Bloodmoon||AssaultVest|MindsEye|EarthPower,HyperVoice,BloodMoon,VacuumWave|||M|||50|,,,,,Water]Sneasler||FocusSash|Unburden|CloseCombat,DireClaw,ThroatChop,Protect|||F|||50|,,,,,Stellar]Incineroar||SafetyGoggles|Intimidate|FlareBlitz,KnockOff,PartingShot,FakeOut|||M|||50|,,,,,Ghost]Dragonite||LoadedDice|Multiscale|ScaleShot,Tailwind,Haze,Protect|||M|||50|,,,,,Fairy
|
|t:|1757639317
|teamsize|p1|4
|teamsize|p2|4
|start
|switch|p1a: Electabuzz|Electabuzz, L50, M|100/100
|switch|p1b: Gholdengo|Gholdengo, L50|100/100
|switch|p2a: Ursaluna|Ursaluna-Bloodmoon, L50, M|100/100
|switch|p2b: Dragonite|Dragonite, L50, M|100/100
|turn|1
|
|t:|1757639344
|-terastallize|p1b: Gholdengo|Water
|move|p1a: Electabuzz|Taunt|p2b: Dragonite
|-start|p2b: Dragonite|move: Taunt
|cant|p2b: Dragonite|move: Taunt|Tailwind
|move|p1b: Gholdengo|Nasty Plot|p1b: Gholdengo
|-boost|p1b: Gholdengo|spa|2
|move|p2a: Ursaluna|Earth Power|p1a: Electabuzz
|-supereffective|p1a: Electabuzz
|-damage|p1a: Electabuzz|17/100
|
|upkeep
|turn|2
|
|t:|1757639375
|switch|p2b: Amoonguss|Amoonguss, L50, F|100/100
|move|p1a: Electabuzz|Helping Hand|p1b: Gholdengo
|-immune|p1b: Gholdengo|[from] ability: Good as Gold
|move|p1b: Gholdengo|Make It Rain|p2a: Ursaluna|[spread] p2a,p2b
|-damage|p2a: Ursaluna|15/100
|-damage|p2b: Amoonguss|0 fnt
|-unboost|p1b: Gholdengo|spa|1
|faint|p2b: Amoonguss
|move|p2a: Ursaluna|Hyper Voice|p1b: Gholdengo|[spread] p1a,p1b
|-damage|p1a: Electabuzz|0 fnt
|-damage|p1b: Gholdengo|63/100
|faint|p1a: Electabuzz
|
|upkeep
|
|t:|1757639397
|switch|p1a: Araquanid|Araquanid, L50, M|100/100
|switch|p2b: Dragonite|Dragonite, L50, M|100/100
|turn|3
|inactive|Battle timer is ON: inactive players will automatically lose when time's up. (requested by Basura2U)
|
|t:|1757639450
|move|p1b: Gholdengo|Protect|p1b: Gholdengo
|-singleturn|p1b: Gholdengo|Protect
|move|p2a: Ursaluna|Vacuum Wave|p1b: Gholdengo
|-activate|p1b: Gholdengo|move: Protect
|move|p2b: Dragonite|Haze|p2b: Dragonite
|-clearallboost
|move|p1a: Araquanid|Lunge|p2b: Dragonite
|-resisted|p2b: Dragonite
|-damage|p2b: Dragonite|94/100
|-unboost|p2b: Dragonite|atk|1
|
|upkeep
|turn|4
|
|t:|1757639473
|move|p2b: Dragonite|Tailwind|p2b: Dragonite
|-sidestart|p2: darkzerocl|move: Tailwind
|move|p2a: Ursaluna|Blood Moon|p1b: Gholdengo
|-damage|p1b: Gholdengo|0 fnt
|faint|p1b: Gholdengo
|move|p1a: Araquanid|Lunge|p2b: Dragonite
|-resisted|p2b: Dragonite
|-crit|p2b: Dragonite
|-damage|p2b: Dragonite|72/100
|-unboost|p2b: Dragonite|atk|1
|
|upkeep
|
|t:|1757639479
|switch|p1b: Toxicroak|Toxicroak, L50, M|100/100
|turn|5
|inactive|darkzerocl has 30 seconds left.
|
|t:|1757639511
|move|p1b: Toxicroak|Sucker Punch|p2a: Ursaluna
|-damage|p2a: Ursaluna|1/100
|move|p2b: Dragonite|Scale Shot|p1b: Toxicroak
|-damage|p1b: Toxicroak|89/100
|-damage|p1b: Toxicroak|77/100
|-damage|p1b: Toxicroak|67/100
|-damage|p1b: Toxicroak|57/100
|-hitcount|p1b: Toxicroak|4
|-unboost|p2b: Dragonite|def|1
|-boost|p2b: Dragonite|spe|1
|move|p2a: Ursaluna|Earth Power|p1b: Toxicroak
|-supereffective|p1b: Toxicroak
|-damage|p1b: Toxicroak|0 fnt
|faint|p1b: Toxicroak
|move|p1a: Araquanid|Poison Jab|p2b: Dragonite
|-damage|p2b: Dragonite|42/100
|
|upkeep
|turn|6
|
|t:|1757639535
|move|p1a: Araquanid|Protect|p1a: Araquanid
|-singleturn|p1a: Araquanid|Protect
|move|p2b: Dragonite|Scale Shot|p1a: Araquanid
|-activate|p1a: Araquanid|move: Protect
|move|p2a: Ursaluna|Blood Moon|p1a: Araquanid
|-activate|p1a: Araquanid|move: Protect
|
|upkeep
|turn|7
|
|t:|1757639552
|move|p1a: Araquanid|Protect||[still]
|-fail|p1a: Araquanid
|move|p2b: Dragonite|Scale Shot|p1a: Araquanid
|-damage|p1a: Araquanid|92/100
|-damage|p1a: Araquanid|83/100
|-damage|p1a: Araquanid|75/100
|-damage|p1a: Araquanid|66/100
|-crit|p1a: Araquanid
|-damage|p1a: Araquanid|40/100
|-hitcount|p1a: Araquanid|5
|-unboost|p2b: Dragonite|def|1
|-boost|p2b: Dragonite|spe|1
|move|p2a: Ursaluna|Hyper Voice|p1a: Araquanid
|-damage|p1a: Araquanid|4/100
|
|-sideend|p2: darkzerocl|move: Tailwind
|upkeep
|turn|8
|-message|Basura2U forfeited.
|
|win|darkzerocl
||darkzerocl is ready for game 2.
||Basura2U is ready for game 2.
|uhtml|next|Next: Game 2 of 3
