|badge|p2|silver|gen9ou|30-6
|uhtml|medal-msg|Curious what those medals under the avatar are? PS now has Ladder Seasons! For more information, check out the thread on Smogon.
|j|☆UndeadParadox
|j|☆JackRG1
|html|UndeadParadoxJackRG1    
|uhtml|bestof|Game 1 of a best-of-3
|t:|1757739929
|gametype|doubles
|player|p1|UndeadParadox|guitarist|1240
|player|p2|JackRG1|dawn-gen4pt|1221
|gen|9
|tier|[Gen 9] VGC 2025 Reg H (Bo3)
|rated|
|rule|Species Clause: Limit one of each Pokémon
|rule|Item Clause: Limit 1 of each item
|clearpoke
|poke|p1|Sneasler, L50, F|
|poke|p1|Rillaboom, L50, M|
|poke|p1|Incineroar, L50, F|
|poke|p1|Gholdengo, L50|
|poke|p1|Ursaluna-Bloodmoon, L50, M|
|poke|p1|Electabuzz, L50, M|
|poke|p2|Tyranitar, L50, F|
|poke|p2|Excadrill, L50, F|
|poke|p2|Gastrodon-East, L50, F|
|poke|p2|Annihilape, L50, F|
|poke|p2|Grimmsnarl, L50, M|
|poke|p2|Corviknight, L50, F|
|teampreview|4
|showteam|p1|Sneasler||GrassySeed|Unburden|CloseCombat,DireClaw,Acrobatics,Protect|||F|||50|,,,,,Flying]Rillaboom||AssaultVest|GrassySurge|WoodHammer,GrassyGlide,FakeOut,HighHorsepower|||M|||50|,,,,,Fire]Incineroar||SafetyGoggles|Intimidate|FlareBlitz,KnockOff,PartingShot,FakeOut|||F|||50|,,,,,Ghost]Gholdengo||MetalCoat|GoodasGold|Protect,MakeItRain,ShadowBall,NastyPlot||||||50|,,,,,Water]Ursaluna-Bloodmoon||LifeOrb|MindsEye|Protect,BloodMoon,HyperVoice,EarthPower|||M|||50|,,,,,Normal]Electabuzz||Eviolite|VitalSpirit|Protect,Electroweb,Taunt,FollowMe|||M|||50|,,,,,Ghost
|showteam|p2|Tyranitar||AssaultVest|SandStream|RockSlide,KnockOff,TeraBlast,LowKick|||F|||50|,,,,,Flying]Excadrill||FocusSash|SandRush|Earthquake,HighHorsepower,IronHead,Protect|||F|||50|,,,,,Ground]Gastrodon-East||Leftovers|StormDrain|EarthPower,IcyWind,ClearSmog,Protect|||F|||50|,,,,,Poison]Annihilape||ChoiceScarf|Defiant|CloseCombat,Uturn,Coaching,FinalGambit|||F|||50|,,,,,Grass]Grimmsnarl||LightClay|Prankster|SpiritBreak,Reflect,LightScreen,MistyTerrain|||M|||50|,,,,,Ghost]Corviknight||CovertCloak|MirrorArmor|BraveBird,PowerTrip,BulkUp,Roost|||F|||50|,,,,,Dragon
|inactive|Battle timer is ON: inactive players will automatically lose when time's up. (requested by JackRG1)
|inactive|JackRG1 has 60 seconds left.
|
|t:|1757739967
|teamsize|p1|4
|teamsize|p2|4
|start
|switch|p1a: Sneasler|Sneasler, L50, F, shiny|100/100
|switch|p1b: Rillaboom|Rillaboom, L50, M|100/100
|switch|p2a: Corviknight|Corviknight, L50, F|100/100
|switch|p2b: Excadrill|Excadrill, L50, F|100/100
|-fieldstart|move: Grassy Terrain|[from] ability: Grassy Surge|[of] p1b: Rillaboom
|-enditem|p1a: Sneasler|Grassy Seed
|-boost|p1a: Sneasler|def|1|[from] item: Grassy Seed
|turn|1
|
|t:|1757739985
|switch|p1b: Gholdengo|Gholdengo, L50, shiny|100/100
|move|p2b: Excadrill|Protect|p2b: Excadrill
|-singleturn|p2b: Excadrill|Protect
|move|p1a: Sneasler|Close Combat|p2b: Excadrill
|-activate|p2b: Excadrill|move: Protect
|move|p2a: Corviknight|Bulk Up|p2a: Corviknight
|-boost|p2a: Corviknight|atk|1
|-boost|p2a: Corviknight|def|1
|
|upkeep
|turn|2
|
|t:|1757739996
|-terastallize|p1b: Gholdengo|Water
|move|p1a: Sneasler|Close Combat|p2b: Excadrill
|-supereffective|p2b: Excadrill
|-enditem|p2b: Excadrill|Focus Sash
|-damage|p2b: Excadrill|1/100
|-unboost|p1a: Sneasler|def|1
|-unboost|p1a: Sneasler|spd|1
|move|p2b: Excadrill|High Horsepower|p1b: Gholdengo
|-damage|p1b: Gholdengo|38/100
|move|p1b: Gholdengo|Nasty Plot|p1b: Gholdengo
|-boost|p1b: Gholdengo|spa|2
|move|p2a: Corviknight|Bulk Up|p2a: Corviknight
|-boost|p2a: Corviknight|atk|1
|-boost|p2a: Corviknight|def|1
|
|-heal|p2b: Excadrill|7/100|[from] Grassy Terrain
|-heal|p1b: Gholdengo|44/100|[from] Grassy Terrain
|upkeep
|turn|3
|
|t:|1757740013
|move|p1a: Sneasler|Close Combat|p2b: Excadrill
|-supereffective|p2b: Excadrill
|-damage|p2b: Excadrill|0 fnt
|-unboost|p1a: Sneasler|def|1
|-unboost|p1a: Sneasler|spd|1
|faint|p2b: Excadrill
|move|p1b: Gholdengo|Shadow Ball|p2a: Corviknight
|-damage|p2a: Corviknight|5/100
|move|p2a: Corviknight|Brave Bird|p1b: Gholdengo
|-damage|p1b: Gholdengo|0 fnt
|faint|p1b: Gholdengo
|-damage|p2a: Corviknight|0 fnt|[from] Recoil
|faint|p2a: Corviknight
|
|upkeep
|
|t:|1757740029
|switch|p2b: Grimmsnarl|Grimmsnarl, L50, M|100/100
|switch|p1b: Rillaboom|Rillaboom, L50, M|100/100
|switch|p2a: Tyranitar|Tyranitar, L50, F|100/100
|-weather|Sandstorm|[from] ability: Sand Stream|[of] p2a: Tyranitar
|turn|4
|
|t:|1757740056
|switch|p1a: Incineroar|Incineroar, L50, F, shiny|100/100
|-ability|p1a: Incineroar|Intimidate|boost
|-unboost|p2a: Tyranitar|atk|1
|-unboost|p2b: Grimmsnarl|atk|1
|-terastallize|p2a: Tyranitar|Flying
|move|p1b: Rillaboom|Fake Out|p2a: Tyranitar
|-damage|p2a: Tyranitar|87/100
|move|p2b: Grimmsnarl|Reflect|p2b: Grimmsnarl
|-sidestart|p2: JackRG1|Reflect
|cant|p2a: Tyranitar|flinch
|
|-weather|Sandstorm|[upkeep]
|-damage|p1b: Rillaboom|95/100|[from] Sandstorm
|-damage|p2a: Tyranitar|81/100|[from] Sandstorm
|-damage|p2b: Grimmsnarl|95/100|[from] Sandstorm
|-heal|p1b: Rillaboom|100/100|[from] Grassy Terrain
|-heal|p2b: Grimmsnarl|100/100|[from] Grassy Terrain
|upkeep
|turn|5
|
|t:|1757740072
|switch|p1b: Sneasler|Sneasler, L50, F, shiny|100/100
|move|p1a: Incineroar|Fake Out|p2a: Tyranitar
|-damage|p2a: Tyranitar|74/100
|cant|p2a: Tyranitar|flinch
|move|p2b: Grimmsnarl|Spirit Break|p1a: Incineroar
|-damage|p1a: Incineroar|81/100
|-unboost|p1a: Incineroar|spa|1
|
|-weather|Sandstorm|[upkeep]
|-damage|p1b: Sneasler|95/100|[from] Sandstorm
|-damage|p2a: Tyranitar|69/100|[from] Sandstorm
|-damage|p2b: Grimmsnarl|95/100|[from] Sandstorm
|-heal|p1b: Sneasler|100/100|[from] Grassy Terrain
|-heal|p1a: Incineroar|87/100|[from] Grassy Terrain
|-heal|p2b: Grimmsnarl|100/100|[from] Grassy Terrain
|-fieldend|move: Grassy Terrain
|upkeep
|turn|6
|
|t:|1757740087
|move|p1b: Sneasler|Protect|p1b: Sneasler
|-singleturn|p1b: Sneasler|Protect
|move|p2b: Grimmsnarl|Misty Terrain|p2b: Grimmsnarl
|-fieldstart|move: Misty Terrain
|move|p2a: Tyranitar|Tera Blast|p1b: Sneasler|[anim] Tera Blast Flying
|-activate|p1b: Sneasler|move: Protect
|move|p1a: Incineroar|Parting Shot|p2a: Tyranitar
|-unboost|p2a: Tyranitar|atk|1
|-unboost|p2a: Tyranitar|spa|1
|-message|JackRG1 forfeited.
|
|win|UndeadParadox
|l|☆JackRG1
|player|p2|
||UndeadParadox is ready for game 2.
||JackRG1 is ready for game 2.
|uhtml|next|Next: Game 2 of 3
|l|☆UndeadParadox
|player|p1|
