|j|☆Missed Ledgedash
|j|☆Ianthebluefishv2
|html|Missed LedgedashIanthebluefishv2    
|uhtml|bestof|Game 1 of a best-of-3
|t:|1782263305
|gametype|doubles
|player|p1|Missed Ledgedash|juan-gen3|1153
|player|p2|Ianthebluefishv2|janitor|1163
|gen|9
|tier|[Gen 9 Champions] VGC 2026 Reg M-B (Bo3)
|rated|
|rule|Species Clause: Limit one of each Pokémon
|rule|Item Clause: Limit 1 of each item
|clearpoke
|poke|p1|Incineroar, L50, F|
|poke|p1|Gengar, L50, M|
|poke|p1|Staraptor, L50, M|
|poke|p1|Basculegion, L50, M|
|poke|p1|Sneasler, L50, M|
|poke|p1|Kingambit, L50, F|
|poke|p2|Incineroar, L50, M|
|poke|p2|Farigiraf, L50, F|
|poke|p2|Kingambit, L50, F|
|poke|p2|Camerupt, L50, M|
|poke|p2|Abomasnow, L50, M|
|poke|p2|Gallade, L50, M|
|teampreview|4
|showteam|p1|Incineroar||SitrusBerry|Intimidate|Protect,FlareBlitz,PartingShot,FakeOut|Relaxed||F|||50|]Gengar||Gengarite|CursedBody|Protect,ShadowBall,SludgeBomb,PerishSong|Timid||M|||50|]Staraptor||Staraptite|Intimidate|Protect,CloseCombat,BraveBird,FinalGambit|Jolly||M|||50|]Basculegion||ChoiceScarf|Adaptability|FlipTurn,WaveCrash,LastRespects,AquaJet|Jolly||M|||50|]Sneasler||WhiteHerb|Unburden|Protect,CloseCombat,DireClaw,FakeOut|Adamant||M|||50|]Kingambit||ChopleBerry|Defiant|Protect,KowtowCleave,SuckerPunch,LowKick|Adamant||F|||50|
|showteam|p2|Incineroar||Charcoal|Intimidate|FakeOut,DarkestLariat,FlareBlitz,PartingShot|Brave||M|||50|]Farigiraf||ColburBerry|ArmorTail|Psychic,HelpingHand,TrickRoom,Protect|Quiet||F|||50|]Kingambit||LifeOrb|Defiant|IronHead,KowtowCleave,SuckerPunch,SwordsDance|Brave||F|||50|]Camerupt||Cameruptite|SolidRock|EarthPower,HeatWave,AncientPower,Protect|Quiet||M|||50|]Abomasnow||Abomasite|SnowWarning|Blizzard,EnergyBall,EarthPower,IceShard|Quiet||M|||50|]Gallade||ExpertBelt|Sharpness|SacredSword,PsychoCut,LeafBlade,TrickRoom|Adamant||M|||50|
|c|☆Ianthebluefishv2|Glhf
|
|t:|1782263378
|teamsize|p1|4
|teamsize|p2|4
|start
|switch|p1a: Staraptor|Staraptor, L50, M|100/100
|switch|p1b: Basculegion|Basculegion, L50, M|100/100
|switch|p2a: Farigiraf|Farigiraf, L50, F|100/100
|switch|p2b: Incineroar|Incineroar, L50, M|100/100
|-ability|p1a: Staraptor|Intimidate|boost
|-unboost|p2a: Farigiraf|atk|1
|-unboost|p2b: Incineroar|atk|1
|-ability|p2b: Incineroar|Intimidate|boost
|-unboost|p1a: Staraptor|atk|1
|-unboost|p1b: Basculegion|atk|1
|turn|1
|
|t:|1782263393
|switch|p1a: Kingambit|Kingambit, L50, F|100/100
|move|p2b: Incineroar|Fake Out|p1a: Kingambit
|-resisted|p1a: Kingambit|1
|-damage|p1a: Kingambit|96/100
|move|p1b: Basculegion|Flip Turn|p2b: Incineroar
|-supereffective|p2b: Incineroar|1
|-damage|p2b: Incineroar|56/100
|
|t:|1782263408
|switch|p1b: Staraptor|Staraptor, L50, M|100/100|[from] Flip Turn
|-ability|p1b: Staraptor|Intimidate|boost
|-unboost|p2a: Farigiraf|atk|1
|-unboost|p2b: Incineroar|atk|1
|move|p2a: Farigiraf|Trick Room|p2a: Farigiraf
|-fieldstart|move: Trick Room|[of] p2a: Farigiraf
|
|upkeep
|turn|2
|
|t:|1782263451
|switch|p2a: Camerupt|Camerupt, L50, M|100/100
|detailschange|p1b: Staraptor|Staraptor-Mega, L50, M
|-mega|p1b: Staraptor|Staraptor|Staraptite
|move|p1a: Kingambit|Kowtow Cleave|p2a: Camerupt
|-damage|p2a: Camerupt|32/100
|move|p2b: Incineroar|Flare Blitz|p1b: Staraptor
|-damage|p1b: Staraptor|60/100
|-damage|p2b: Incineroar|44/100|[from] Recoil
|move|p1b: Staraptor|Close Combat|p2a: Camerupt
|-damage|p2a: Camerupt|0 fnt
|-boost|p1b: Staraptor|def|1
|-boost|p1b: Staraptor|spd|1
|faint|p2a: Camerupt
|
|upkeep
|
|t:|1782263468
|switch|p2a: Gallade|Gallade, L50, M|100/100
|turn|3
|
|t:|1782263487
|move|p1a: Kingambit|Kowtow Cleave|p2a: Gallade
|-damage|p2a: Gallade|27/100
|move|p2b: Incineroar|Flare Blitz|p1a: Kingambit
|-supereffective|p1a: Kingambit|1
|-damage|p1a: Kingambit|42/100
|-damage|p2b: Incineroar|26/100|[from] Recoil
|move|p2a: Gallade|Psycho Cut|p1b: Staraptor
|-supereffective|p1b: Staraptor|1
|-damage|p1b: Staraptor|0 fnt
|faint|p1b: Staraptor
|
|upkeep
|
|t:|1782263503
|switch|p1b: Sneasler|Sneasler, L50, M|100/100
|turn|4
|
|t:|1782263511
|switch|p2a: Farigiraf|Farigiraf, L50, F|100/100
|move|p1a: Kingambit|Protect|p1a: Kingambit
|-singleturn|p1a: Kingambit|Protect
|move|p1b: Sneasler|Protect|p1b: Sneasler
|-singleturn|p1b: Sneasler|Protect
|move|p2b: Incineroar|Flare Blitz|p1a: Kingambit
|-activate|p1a: Kingambit|move: Protect
|
|upkeep
|turn|5
|
|t:|1782263549
|switch|p1b: Basculegion|Basculegion, L50, M|100/100
|move|p1a: Kingambit|Low Kick|p2b: Incineroar
|-supereffective|p2b: Incineroar|1
|-crit|p2b: Incineroar
|-damage|p2b: Incineroar|0 fnt
|faint|p2b: Incineroar
|move|p2a: Farigiraf|Psychic|p1b: Basculegion
|-damage|p1b: Basculegion|51/100
|
|-fieldend|move: Trick Room
|upkeep
|
|t:|1782263554
|switch|p2b: Gallade|Gallade, L50, M|27/100
|turn|6
|
|t:|1782263571
|move|p1b: Basculegion|Wave Crash|p2b: Gallade
|-damage|p2b: Gallade|0 fnt
|faint|p2b: Gallade
|-damage|p1b: Basculegion|43/100|[from] Recoil
|move|p1a: Kingambit|Kowtow Cleave|p2a: Farigiraf
|-supereffective|p2a: Farigiraf|1
|-enditem|p2a: Farigiraf|Colbur Berry|[eat]
|-enditem|p2a: Farigiraf|Colbur Berry|[weaken]
|-damage|p2a: Farigiraf|54/100
|move|p2a: Farigiraf|Trick Room|p2a: Farigiraf
|-fieldstart|move: Trick Room|[of] p2a: Farigiraf
|
|upkeep
|turn|7
|
|t:|1782263582
|move|p1a: Kingambit|Kowtow Cleave|p2a: Farigiraf
|-supereffective|p2a: Farigiraf|1
|-damage|p2a: Farigiraf|0 fnt
|faint|p2a: Farigiraf
|
|win|Missed Ledgedash
