|j|☆Osogressen
|j|☆natsukivgc
|html|Osogressennatsukivgc    
|uhtml|bestof|Game 3 of a best-of-3
|t:|1786035354
|gametype|doubles
|player|p1|Osogressen|102|1176
|player|p2|natsukivgc|101|1249
|gen|9
|tier|[Gen 9 Champions] VGC 2026 Reg M-B (Bo3)
|rated|
|rule|Species Clause: Limit one of each Pokémon
|rule|Item Clause: Limit 1 of each item
|clearpoke
|poke|p1|Whimsicott, L50, F, shiny|
|poke|p1|Sneasler, L50, F, shiny|
|poke|p1|Kingambit, L50, F|
|poke|p1|Garchomp, L50, M|
|poke|p1|Floette-Eternal, L50, F|
|poke|p1|Blastoise, L50, F, shiny|
|poke|p2|Garchomp, L50, F|
|poke|p2|Venusaur, L50, F|
|poke|p2|Incineroar, L50, M|
|poke|p2|Charizard, L50, M|
|poke|p2|Toxapex, L50, F|
|poke|p2|Annihilape, L50, M|
|teampreview|4
|showteam|p1|Whimsicott||FocusSash|Prankster|Tailwind,Moonblast,Encore,Protect|Timid||F|||50|]Sneasler||WhiteHerb|Unburden|FakeOut,DireClaw,CloseCombat,Protect|Adamant||F|||50|]Kingambit||BlackGlasses|Defiant|SuckerPunch,KowtowCleave,IronHead,Protect|Adamant||F|||50|]Garchomp||LifeOrb|RoughSkin|DragonClaw,StompingTantrum,RockSlide,Protect|Jolly||M|||50|]Floette-Eternal||Floettite|FlowerVeil|DazzlingGleam,LightofRuin,Moonblast,Protect|Modest||F|||50|]Blastoise||Blastoisinite|Torrent|WaterSpout,AuraSphere,DarkPulse,Protect|Modest||F|||50|
|showteam|p2|Garchomp||ChoiceScarf|RoughSkin|Earthquake,DragonClaw,StompingTantrum,RockSlide|Adamant||F|||50|]Venusaur||LifeOrb|Chlorophyll|SolarBeam,SludgeBomb,EarthPower,Protect|Modest||F|||50|]Incineroar||SitrusBerry|Intimidate|FlareBlitz,ThroatChop,FakeOut,PartingShot|Impish||M|||50|]Charizard||CharizarditeY|Blaze|HeatWave,WeatherBall,Protect,HelpingHand|Modest||M|||50|]Toxapex||Leftovers|Regenerator|Infestation,Toxic,WideGuard,BanefulBunker|Bold||F|||50|]Annihilape||FocusSash|Defiant|CloseCombat,PhantomForce,RockTomb,Protect|Jolly||M|||50|
|
|t:|1786035398
|teamsize|p1|4
|teamsize|p2|4
|start
|switch|p1a: Garchomp|Garchomp, L50, M|100/100
|switch|p1b: Blastoise|Blastoise, L50, F, shiny|100/100
|switch|p2a: Venusaur|Venusaur, L50, F|100/100
|switch|p2b: Charizard|Charizard, L50, M|100/100
|turn|1
|
|t:|1786035435
|switch|p1a: Whimsicott|Whimsicott, L50, F, shiny|100/100
|detailschange|p2b: Charizard|Charizard-Mega-Y, L50, M
|-mega|p2b: Charizard|Charizard|Charizardite Y
|-weather|SunnyDay|[from] ability: Drought|[of] p2b: Charizard
|detailschange|p1b: Blastoise|Blastoise-Mega, L50, F, shiny
|-mega|p1b: Blastoise|Blastoise|Blastoisinite
|move|p2b: Charizard|Protect|p2b: Charizard
|-singleturn|p2b: Charizard|Protect
|move|p2a: Venusaur|Solar Beam||[still]
|-prepare|p2a: Venusaur|Solar Beam
|-anim|p2a: Venusaur|Solar Beam|p1b: Blastoise
|-supereffective|p1b: Blastoise|1
|-damage|p1b: Blastoise|0 fnt
|faint|p1b: Blastoise
|-damage|p2a: Venusaur|90/100|[from] item: Life Orb
|
|-weather|SunnyDay|[upkeep]
|upkeep
|
|t:|1786035459
|switch|p1b: Garchomp|Garchomp, L50, M|100/100
|turn|2
|
|t:|1786035484
|move|p2b: Charizard|Helping Hand|p2a: Venusaur
|-singleturn|p2a: Venusaur|Helping Hand|[of] p2b: Charizard
|move|p1a: Whimsicott|Tailwind|p1a: Whimsicott
|-sidestart|p1: Osogressen|move: Tailwind
|move|p1b: Garchomp|Rock Slide|p2b: Charizard|[spread] p2a,p2b
|-supereffective|p2b: Charizard|2
|-damage|p2a: Venusaur|63/100
|-damage|p2b: Charizard|8/100
|-damage|p1b: Garchomp|90/100|[from] item: Life Orb
|move|p2a: Venusaur|Solar Beam||[still]
|-prepare|p2a: Venusaur|Solar Beam
|-anim|p2a: Venusaur|Solar Beam|p1b: Garchomp
|-damage|p1b: Garchomp|0 fnt
|faint|p1b: Garchomp
|-damage|p2a: Venusaur|54/100|[from] item: Life Orb
|
|-weather|SunnyDay|[upkeep]
|upkeep
|
|t:|1786035502
|switch|p1b: Sneasler|Sneasler, L50, F, shiny|100/100
|turn|3
|
|t:|1786035511
|move|p2a: Venusaur|Protect|p2a: Venusaur
|-singleturn|p2a: Venusaur|Protect
|move|p2b: Charizard|Protect|p2b: Charizard
|-singleturn|p2b: Charizard|Protect
|move|p1a: Whimsicott|Moonblast|p2b: Charizard
|-activate|p2b: Charizard|move: Protect
|move|p1b: Sneasler|Dire Claw|p2a: Venusaur
|-activate|p2a: Venusaur|move: Protect
|
|-weather|SunnyDay|[upkeep]
|upkeep
|turn|4
|
|t:|1786035538
|switch|p2a: Toxapex|Toxapex, L50, F|100/100
|switch|p2b: Incineroar|Incineroar, L50, M|100/100
|-ability|p2b: Incineroar|Intimidate|boost
|-unboost|p1a: Whimsicott|atk|1
|-unboost|p1b: Sneasler|atk|1
|-enditem|p1b: Sneasler|White Herb
|-clearnegativeboost|p1b: Sneasler|[silent]
|move|p1a: Whimsicott|Encore||[still]
|-fail|p1a: Whimsicott
|move|p1b: Sneasler|Close Combat|p2b: Incineroar
|-supereffective|p2b: Incineroar|1
|-damage|p2b: Incineroar|0 fnt
|-unboost|p1b: Sneasler|def|1
|-unboost|p1b: Sneasler|spd|1
|faint|p2b: Incineroar
|
|-weather|SunnyDay|[upkeep]
|upkeep
|
|t:|1786035555
|switch|p2b: Venusaur|Venusaur, L50, F|54/100
|turn|5
|
|t:|1786035571
|move|p1b: Sneasler|Dire Claw|p2b: Venusaur
|-damage|p2b: Venusaur|0 fnt
|faint|p2b: Venusaur
|move|p1a: Whimsicott|Moonblast|p2a: Toxapex
|-resisted|p2a: Toxapex|1
|-damage|p2a: Toxapex|85/100
|move|p2a: Toxapex|Infestation|p1a: Whimsicott
|-crit|p1a: Whimsicott
|-damage|p1a: Whimsicott|91/100
|-activate|p1a: Whimsicott|move: Infestation|[of] p2a: Toxapex
|
|-weather|none
|-heal|p2a: Toxapex|91/100|[from] item: Leftovers
|-damage|p1a: Whimsicott|80/100|[from] move: Infestation|[partiallytrapped]
|-sideend|p1: Osogressen|move: Tailwind
|upkeep
|
|t:|1786035583
|switch|p2b: Charizard|Charizard-Mega-Y, L50, M|8/100
|-weather|SunnyDay|[from] ability: Drought|[of] p2b: Charizard
|turn|6
|
|t:|1786035609
|move|p2b: Charizard|Protect|p2b: Charizard
|-singleturn|p2b: Charizard|Protect
|move|p1a: Whimsicott|Encore|p2a: Toxapex
|-start|p2a: Toxapex|Encore
|move|p1b: Sneasler|Dire Claw|p2b: Charizard
|-activate|p2b: Charizard|move: Protect
|move|p2a: Toxapex|Infestation|p1b: Sneasler
|-resisted|p1b: Sneasler|2
|-damage|p1b: Sneasler|98/100
|-activate|p1b: Sneasler|move: Infestation|[of] p2a: Toxapex
|
|-weather|SunnyDay|[upkeep]
|-heal|p2a: Toxapex|97/100|[from] item: Leftovers
|-damage|p1b: Sneasler|86/100|[from] move: Infestation|[partiallytrapped]
|-damage|p1a: Whimsicott|68/100|[from] move: Infestation|[partiallytrapped]
|upkeep
|turn|7
|
|t:|1786035631
|move|p1b: Sneasler|Dire Claw|p2b: Charizard
|-damage|p2b: Charizard|0 fnt
|faint|p2b: Charizard
|move|p1a: Whimsicott|Moonblast|p2a: Toxapex
|-resisted|p2a: Toxapex|1
|-damage|p2a: Toxapex|84/100
|move|p2a: Toxapex|Infestation|p1a: Whimsicott
|-damage|p1a: Whimsicott|62/100
|
|-weather|SunnyDay|[upkeep]
|-heal|p2a: Toxapex|89/100|[from] item: Leftovers
|-damage|p1b: Sneasler|74/100|[from] move: Infestation|[partiallytrapped]
|-damage|p1a: Whimsicott|51/100|[from] move: Infestation|[partiallytrapped]
|upkeep
|turn|8
|
|t:|1786035644
|move|p1b: Sneasler|Dire Claw|p2a: Toxapex
|-resisted|p2a: Toxapex|1
|-damage|p2a: Toxapex|74/100
|move|p1a: Whimsicott|Moonblast|p2a: Toxapex
|-resisted|p2a: Toxapex|1
|-damage|p2a: Toxapex|61/100
|-unboost|p2a: Toxapex|spa|1
|move|p2a: Toxapex|Infestation|p1a: Whimsicott
|-damage|p1a: Whimsicott|47/100
|
|-weather|SunnyDay|[upkeep]
|-heal|p2a: Toxapex|67/100|[from] item: Leftovers
|-damage|p1b: Sneasler|62/100|[from] move: Infestation|[partiallytrapped]
|-damage|p1a: Whimsicott|35/100|[from] move: Infestation|[partiallytrapped]
|-end|p2a: Toxapex|Encore
|upkeep
|turn|9
|
|t:|1786035671
|move|p1a: Whimsicott|Encore|p2a: Toxapex
|-start|p2a: Toxapex|Encore
|move|p1b: Sneasler|Dire Claw|p2a: Toxapex
|-resisted|p2a: Toxapex|1
|-damage|p2a: Toxapex|52/100
|-status|p2a: Toxapex|slp
|cant|p2a: Toxapex|slp
|
|-weather|SunnyDay|[upkeep]
|-heal|p2a: Toxapex|58/100 slp|[from] item: Leftovers
|-damage|p1b: Sneasler|50/100g|[from] move: Infestation|[partiallytrapped]
|-end|p1a: Whimsicott|Infestation|[partiallytrapped]
|upkeep
|turn|10
|
|t:|1786035683
|move|p1b: Sneasler|Dire Claw|p2a: Toxapex
|-resisted|p2a: Toxapex|1
|-damage|p2a: Toxapex|43/100 slp
|move|p1a: Whimsicott|Moonblast|p2a: Toxapex
|-resisted|p2a: Toxapex|1
|-damage|p2a: Toxapex|28/100 slp
|cant|p2a: Toxapex|slp
|
|-weather|none
|-heal|p2a: Toxapex|33/100 slp|[from] item: Leftovers
|-damage|p1b: Sneasler|38/100|[from] move: Infestation|[partiallytrapped]
|upkeep
|turn|11
|
|t:|1786035694
|move|p1b: Sneasler|Dire Claw|p2a: Toxapex
|-resisted|p2a: Toxapex|1
|-damage|p2a: Toxapex|19/100 slp
|move|p1a: Whimsicott|Moonblast|p2a: Toxapex
|-resisted|p2a: Toxapex|1
|-damage|p2a: Toxapex|5/100 slp
|-curestatus|p2a: Toxapex|slp|[msg]
|move|p2a: Toxapex|Infestation|p1a: Whimsicott
|-damage|p1a: Whimsicott|31/100
|-activate|p1a: Whimsicott|move: Infestation|[of] p2a: Toxapex
|
|-heal|p2a: Toxapex|10/100|[from] item: Leftovers
|-end|p1b: Sneasler|Infestation|[partiallytrapped]
|-damage|p1a: Whimsicott|20/100r|[from] move: Infestation|[partiallytrapped]
|-end|p2a: Toxapex|Encore
|upkeep
|turn|12
|
|t:|1786035708
|move|p2a: Toxapex|Baneful Bunker|p2a: Toxapex
|-singleturn|p2a: Toxapex|move: Protect
|move|p1a: Whimsicott|Encore|p2a: Toxapex
|-activate|p2a: Toxapex|move: Protect
|move|p1b: Sneasler|Dire Claw|p2a: Toxapex
|-activate|p2a: Toxapex|move: Protect
|
|-heal|p2a: Toxapex|16/100|[from] item: Leftovers
|-damage|p1a: Whimsicott|8/100|[from] move: Infestation|[partiallytrapped]
|upkeep
|turn|13
|
|t:|1786035718
|move|p2a: Toxapex|Baneful Bunker||[still]
|-fail|p2a: Toxapex
|move|p1a: Whimsicott|Encore|p2a: Toxapex
|-start|p2a: Toxapex|Encore
|move|p1b: Sneasler|Dire Claw|p2a: Toxapex
|-resisted|p2a: Toxapex|1
|-damage|p2a: Toxapex|1/100
|
|-heal|p2a: Toxapex|7/100|[from] item: Leftovers
|-damage|p1a: Whimsicott|0 fnt|[from] move: Infestation|[partiallytrapped]
|faint|p1a: Whimsicott
|upkeep
|turn|14
|
|t:|1786035728
|move|p2a: Toxapex|Baneful Bunker|p2a: Toxapex
|-singleturn|p2a: Toxapex|move: Protect
|move|p1b: Sneasler|Dire Claw|p2a: Toxapex
|-activate|p2a: Toxapex|move: Protect
|
|-heal|p2a: Toxapex|12/100|[from] item: Leftovers
|upkeep
|turn|15
|
|t:|1786035742
|move|p2a: Toxapex|Baneful Bunker||[still]
|-fail|p2a: Toxapex
|move|p1b: Sneasler|Dire Claw|p2a: Toxapex
|-resisted|p2a: Toxapex|1
|-damage|p2a: Toxapex|0 fnt
|faint|p2a: Toxapex
|
|win|Osogressen
|raw|Osogressen's rating: 1176 → 1206(+30 for winning)
|raw|natsukivgc's rating: 1249 → 1219(-30 for losing)
