|j|☆AntonioCartana
|j|☆sturmkitten69
|html|AntonioCartanasturmkitten69    
|uhtml|bestof|Game 1 of a best-of-3
|t:|1757150316
|gametype|doubles
|player|p1|AntonioCartana|bruno|1053
|player|p2|sturmkitten69|fisherman|1044
|gen|9
|tier|[Gen 9] VGC 2025 Reg H (Bo3)
|rated|
|rule|Species Clause: Limit one of each Pokémon
|rule|Item Clause: Limit 1 of each item
|clearpoke
|poke|p1|Indeedee-F, L50, F|
|poke|p1|Gallade, L50, M|
|poke|p1|Torkoal, L50, M|
|poke|p1|Ursaluna, L50, F|
|poke|p1|Exeggutor, L50, F|
|poke|p1|Zoroark-Hisui, L50, M|
|poke|p2|Ninetales-Alola, L50, M|
|poke|p2|Dragonite, L50, F|
|poke|p2|Rillaboom, L50, M|
|poke|p2|Ursaluna-Bloodmoon, L50, M|
|poke|p2|Porygon2, L50|
|poke|p2|Incineroar, L50, M|
|teampreview|4
|showteam|p1|Indeedee-F||RockyHelmet|PsychicSurge|Psychic,HelpingHand,FollowMe,TrickRoom|||F|||50|,,,,,Grass]Gallade||ScopeLens|Sharpness|SacredSword,PsychoCut,TrickRoom,WideGuard|||M|||50|,,,,,Grass]Torkoal||Charcoal|Drought|Eruption,WeatherBall,ClearSmog,Protect|||M|||50|,,,,,Fire]Ursaluna||FlameOrb|Guts|Facade,HeadlongRush,Earthquake,Protect|||F|||50|,,,,,Ghost]Exeggutor||FocusSash|Chlorophyll|ExpandingForce,LeafStorm,SleepPowder,TrickRoom|||F|||50|,,,,,Psychic]Zoroark-Hisui||ChoiceSpecs|Illusion|HyperBeam,HyperVoice,ShadowBall,Snarl|||M|||50|,,,,,Normal
|showteam|p2|Ninetales-Alola||FocusSash|SnowWarning|AuroraVeil,Moonblast,IcyWind,Protect|||M|||50|,,,,,Ghost]Dragonite||LoadedDice|Multiscale|ScaleShot,Protect,Tailwind,Haze|||F|||50|,,,,,Steel]Rillaboom||MiracleSeed|GrassySurge|BulletSeed,FakeOut,Uturn,GrassyGlide|||M|||50|,,,,,Grass]Ursaluna-Bloodmoon||AssaultVest|MindsEye|EarthPower,VacuumWave,HyperVoice,BloodMoon|||M|||50|,,,,,Ghost]Porygon2||Eviolite|Download|TrickRoom,IceBeam,TeraBlast,Recover||||||50|,,,,,Fighting]Incineroar||SafetyGoggles|Intimidate|FlareBlitz,KnockOff,FakeOut,Protect|||M|||50|,,,,,Ghost
|inactive|Battle timer is ON: inactive players will automatically lose when time's up. (requested by AntonioCartana)
|inactive|AntonioCartana has 60 seconds left.
|inactive|sturmkitten69 has 60 seconds left.
|
|t:|1757150363
|teamsize|p1|4
|teamsize|p2|4
|start
|switch|p1a: Gallade|Gallade, L50, M|100/100
|switch|p1b: Indeedee|Indeedee-F, L50, F|100/100
|switch|p2a: Dragonite|Dragonite, L50, F|100/100
|switch|p2b: Incineroar|Incineroar, L50, M|100/100
|-ability|p2b: Incineroar|Intimidate|boost
|-unboost|p1a: Gallade|atk|1
|-unboost|p1b: Indeedee|atk|1
|turn|1
|inactive|sturmkitten69 has 30 seconds left.
|inactive|sturmkitten69 has 20 seconds left.
|inactive|sturmkitten69 has 15 seconds left.
|inactive|sturmkitten69 has 10 seconds left.
|inactive|sturmkitten69 has 5 seconds left.
|
|t:|1757150418
|switch|p1a: Indeedee|Indeedee-F, L50, F|100/100
|-fieldstart|move: Psychic Terrain|[from] ability: Psychic Surge|[of] p1a: Indeedee
|-terastallize|p1b: Indeedee|Normal
|move|p1b: Indeedee|Hyper Beam|p2a: Dragonite
|-damage|p2a: Dragonite|25/100
|-mustrecharge|p1b: Indeedee
|move|p2a: Dragonite|Scale Shot|p1b: Indeedee
|-crit|p1b: Indeedee
|-damage|p1b: Indeedee|54/100
|replace|p1b: Zoroark|Zoroark-Hisui, L50, M
|-end|p1b: Zoroark|Illusion
|-damage|p1b: Zoroark|21/100
|-damage|p1b: Zoroark|0 fnt
|faint|p1b: Zoroark
|-hitcount|p1: Zoroark|3
|-unboost|p2a: Dragonite|def|1
|-boost|p2a: Dragonite|spe|1
|move|p2b: Incineroar|Flare Blitz|p1a: Indeedee
|-damage|p1a: Indeedee|46/100
|-damage|p2b: Incineroar|84/100|[from] item: Rocky Helmet|[of] p1a: Indeedee
|-damage|p2b: Incineroar|68/100|[from] Recoil
|
|upkeep
|
|t:|1757150430
|switch|p1b: Gallade|Gallade, L50, M|100/100
|turn|2
|inactive|sturmkitten69 has 30 seconds left.
|
|t:|1757150460
|switch|p2b: Ursaluna|Ursaluna-Bloodmoon, L50, M|100/100
|move|p1a: Indeedee|Follow Me|p1a: Indeedee
|-singleturn|p1a: Indeedee|move: Follow Me
|move|p2a: Dragonite|Scale Shot|p1a: Indeedee|[miss]
|-miss|p2a: Dragonite|p1a: Indeedee
|move|p1b: Gallade|Trick Room|p1b: Gallade
|-fieldstart|move: Trick Room|[of] p1b: Gallade
|
|upkeep
|turn|3
|inactive|sturmkitten69 has 30 seconds left.
|
|t:|1757150494
|switch|p2a: Incineroar|Incineroar, L50, M|68/100
|-ability|p2a: Incineroar|Intimidate|boost
|-unboost|p1a: Indeedee|atk|1
|-unboost|p1b: Gallade|atk|1
|-terastallize|p2b: Ursaluna|Ghost
|move|p1a: Indeedee|Helping Hand|p1b: Gallade
|-singleturn|p1b: Gallade|Helping Hand|[of] p1a: Indeedee
|move|p1b: Gallade|Sacred Sword|p2b: Ursaluna
|-immune|p2b: Ursaluna
|move|p2b: Ursaluna|Hyper Voice|p1b: Gallade|[spread] p1a,p1b
|-damage|p1a: Indeedee|7/100
|-damage|p1b: Gallade|68/100
|
|upkeep
|turn|4
|inactive|AntonioCartana has 30 seconds left.
|inactive|sturmkitten69 has 30 seconds left.
|
|t:|1757150525
|move|p2a: Incineroar|Protect|p2a: Incineroar
|-singleturn|p2a: Incineroar|Protect
|move|p1b: Gallade|Sacred Sword|p2a: Incineroar
|-activate|p2a: Incineroar|move: Protect
|move|p2b: Ursaluna|Hyper Voice|p1a: Indeedee|[spread] p1a,p1b
|-damage|p1a: Indeedee|0 fnt
|-damage|p1b: Gallade|31/100
|faint|p1a: Indeedee
|
|upkeep
|
|t:|1757150532
|switch|p1a: Torkoal|Torkoal, L50, M|100/100
|-weather|SunnyDay|[from] ability: Drought|[of] p1a: Torkoal
|turn|5
|
|t:|1757150555
|switch|p2a: Porygon2|Porygon2, L50|100/100
|-ability|p2a: Porygon2|Download|boost
|-boost|p2a: Porygon2|spa|1
|move|p1b: Gallade|Wide Guard|p1b: Gallade
|-singleturn|p1b: Gallade|Wide Guard
|move|p1a: Torkoal|Eruption|p2b: Ursaluna|[spread] p2a,p2b
|-damage|p2a: Porygon2|52/100
|-damage|p2b: Ursaluna|32/100
|move|p2b: Ursaluna|Earth Power|p1a: Torkoal
|-supereffective|p1a: Torkoal
|-damage|p1a: Torkoal|0 fnt
|faint|p1a: Torkoal
|
|-weather|SunnyDay|[upkeep]
|-fieldend|move: Psychic Terrain
|upkeep
|turn|6
|inactive|sturmkitten69 has 30 seconds left.
|
|t:|1757150588
|move|p2a: Porygon2|Recover|p2a: Porygon2
|-heal|p2a: Porygon2|100/100
|move|p1b: Gallade|Psycho Cut|p2b: Ursaluna
|-crit|p2b: Ursaluna
|-damage|p2b: Ursaluna|0 fnt
|faint|p2b: Ursaluna
|
|-weather|SunnyDay|[upkeep]
|-fieldend|move: Trick Room
|upkeep
|
|t:|1757150597
|switch|p2b: Dragonite|Dragonite, L50, F|25/100
|turn|7
|
|t:|1757150613
|move|p2b: Dragonite|Scale Shot|p1b: Gallade
|-damage|p1b: Gallade|11/100
|-damage|p1b: Gallade|0 fnt
|faint|p1b: Gallade
|-hitcount|p1: Gallade|2
|
|win|sturmkitten69
