|j|☆Cecho8
|j|☆CuboX11n
|html|Cecho8CuboX11n    
|uhtml|bestof|Game 1 of a best-of-3
|t:|1757767957
|gametype|doubles
|player|p1|Cecho8|shadowtriad|1346
|player|p2|CuboX11n|crasherwake|1320
|gen|9
|tier|[Gen 9] VGC 2025 Reg H (Bo3)
|rated|
|rule|Species Clause: Limit one of each Pokémon
|rule|Item Clause: Limit 1 of each item
|clearpoke
|poke|p1|Archaludon, L50, F|
|poke|p1|Pelipper, L50, F|
|poke|p1|Ursaluna, L50, M|
|poke|p1|Sinistcha, L50|
|poke|p1|Dragonite, L50, M|
|poke|p1|Gholdengo, L50|
|poke|p2|Hydreigon, L50, F|
|poke|p2|Magmar, L50, F|
|poke|p2|Rillaboom, L50, M|
|poke|p2|Tauros-Paldea-Aqua, L50, M|
|poke|p2|Ursaluna-Bloodmoon, L50, M|
|poke|p2|Sneasler, L50, F|
|teampreview|4
|showteam|p1|Archaludon||AssaultVest|Stamina|ElectroShot,DragonPulse,BodyPress,Snarl|||F|||50|,,,,,Bug]Pelipper||FocusSash|Drizzle|WeatherBall,Hurricane,Tailwind,Protect|||F|||50|,,,,,Ghost]Ursaluna||FlameOrb|Guts|HeadlongRush,Earthquake,Facade,Protect|||M|||50|,,,,,Ghost]Sinistcha||SitrusBerry|Hospitality|RagePowder,LifeDew,MatchaGotcha,TrickRoom||||||50|,,,,,Dark]Dragonite||LoadedDice|Multiscale|ScaleShot,Tailwind,Haze,Protect|||M|||50|,,,,,Fairy]Gholdengo||ChoiceScarf|GoodasGold|MakeItRain,ShadowBall,TeraBlast,Trick||||||50|,,,,,Water
|showteam|p2|Hydreigon||ScopeLens|Levitate|DracoMeteor,HeatWave,FocusEnergy,Protect|||F|||50|,,,,,Fire]Magmar||Eviolite|VitalSpirit|HeatWave,Taunt,FollowMe,Protect|||F|||50|,,,,,Ghost]Rillaboom||AssaultVest|GrassySurge|WoodHammer,GrassyGlide,Uturn,FakeOut|||M|||50|,,,,,Water]Tauros-Paldea-Aqua||MirrorHerb|Intimidate|WaveCrash,AquaJet,CloseCombat,Protect|||M|||50|,,,,,Water]Ursaluna-Bloodmoon||Leftovers|MindsEye|BloodMoon,EarthPower,CalmMind,Protect|||M|||50|,,,,,Poison]Sneasler||GrassySeed|Unburden|Coaching,FakeOut,CloseCombat,DireClaw|||F|||50|,,,,,Stellar
|
|t:|1757768020
|teamsize|p1|4
|teamsize|p2|4
|start
|switch|p1a: Dragonite|Dragonite, L50, M|100/100
|switch|p1b: Gholdengo|Gholdengo, L50|100/100
|switch|p2a: Ursaluna|Ursaluna-Bloodmoon, L50, M|100/100
|switch|p2b: Sneasler|Sneasler, L50, F|100/100
|turn|1
|inactive|Battle timer is ON: inactive players will automatically lose when time's up. (requested by CuboX11n)
|inactive|Cecho8 has 60 seconds left.
|
|t:|1757768053
|move|p1a: Dragonite|Protect|p1a: Dragonite
|-singleturn|p1a: Dragonite|Protect
|move|p2b: Sneasler|Fake Out|p1a: Dragonite
|-activate|p1a: Dragonite|move: Protect
|move|p1b: Gholdengo|Trick|p2b: Sneasler
|-activate|p1b: Gholdengo|move: Trick|[of] p2b: Sneasler
|-item|p2b: Sneasler|Choice Scarf|[from] move: Trick
|-item|p1b: Gholdengo|Grassy Seed|[from] move: Trick
|move|p2a: Ursaluna|Earth Power|p1b: Gholdengo
|-supereffective|p1b: Gholdengo
|-damage|p1b: Gholdengo|0 fnt
|faint|p1b: Gholdengo
|
|upkeep
|inactive|Cecho8 has 30 seconds left.
|
|t:|1757768086
|switch|p1b: Sinistcha|Sinistcha, L50|100/100
|turn|2
|
|t:|1757768097
|move|p2b: Sneasler|Dire Claw|p1a: Dragonite
|-damage|p1a: Dragonite|80/100
|-status|p1a: Dragonite|slp
|cant|p1a: Dragonite|slp
|move|p1b: Sinistcha|Matcha Gotcha|p2b: Sneasler|[spread] p2a,p2b
|-supereffective|p2a: Ursaluna
|-resisted|p2b: Sneasler
|-damage|p2a: Ursaluna|45/100
|-damage|p2b: Sneasler|86/100
|move|p2a: Ursaluna|Blood Moon|p1a: Dragonite
|-damage|p1a: Dragonite|0 fnt
|faint|p1a: Dragonite
|
|-heal|p2a: Ursaluna|51/100|[from] item: Leftovers
|upkeep
|
|t:|1757768103
|switch|p1a: Ursaluna|Ursaluna, L50, M|100/100
|turn|3
|
|t:|1757768115
|move|p1b: Sinistcha|Rage Powder|p1b: Sinistcha
|-singleturn|p1b: Sinistcha|move: Rage Powder
|move|p2b: Sneasler|Dire Claw|p1b: Sinistcha
|-crit|p1b: Sinistcha
|-damage|p1b: Sinistcha|53/100
|move|p1a: Ursaluna|Headlong Rush|p2a: Ursaluna
|-damage|p2a: Ursaluna|3/100
|-unboost|p1a: Ursaluna|def|1
|-unboost|p1a: Ursaluna|spd|1
|move|p2a: Ursaluna|Earth Power|p1b: Sinistcha
|-resisted|p1b: Sinistcha
|-damage|p1b: Sinistcha|31/100
|-enditem|p1b: Sinistcha|Sitrus Berry|[eat]
|-heal|p1b: Sinistcha|56/100|[from] item: Sitrus Berry
|
|-heal|p2a: Ursaluna|9/100|[from] item: Leftovers
|-status|p1a: Ursaluna|brn|[from] item: Flame Orb
|upkeep
|turn|4
|
|t:|1757768135
|move|p1a: Ursaluna|Protect|p1a: Ursaluna
|-singleturn|p1a: Ursaluna|Protect
|move|p2b: Sneasler|Dire Claw|p1b: Sinistcha
|-damage|p1b: Sinistcha|25/100
|-status|p1b: Sinistcha|par
|move|p2a: Ursaluna|Blood Moon|p1a: Ursaluna
|-activate|p1a: Ursaluna|move: Protect
|cant|p1b: Sinistcha|par
|
|-heal|p2a: Ursaluna|15/100|[from] item: Leftovers
|-damage|p1a: Ursaluna|94/100 brn|[from] brn
|upkeep
|turn|5
|
|t:|1757768148
|-terastallize|p1a: Ursaluna|Ghost
|move|p2b: Sneasler|Dire Claw|p1b: Sinistcha
|-damage|p1b: Sinistcha|0 fnt
|faint|p1b: Sinistcha
|move|p1a: Ursaluna|Earthquake|p2a: Ursaluna|[spread] p2a,p2b
|-supereffective|p2b: Sneasler
|-damage|p2a: Ursaluna|0 fnt
|-damage|p2b: Sneasler|0 fnt
|faint|p2a: Ursaluna
|faint|p2b: Sneasler
|
|-damage|p1a: Ursaluna|88/100 brn|[from] brn
|upkeep
|
|t:|1757768157
|switch|p2b: Rillaboom|Rillaboom, L50, M|100/100
|switch|p2a: Tauros|Tauros-Paldea-Aqua, L50, M|100/100
|-ability|p2a: Tauros|Intimidate|boost
|-unboost|p1a: Ursaluna|atk|1
|-fieldstart|move: Grassy Terrain|[from] ability: Grassy Surge|[of] p2b: Rillaboom
|turn|6
|
|t:|1757768164
|move|p2a: Tauros|Wave Crash|p1a: Ursaluna
|-damage|p1a: Ursaluna|19/100 brn
|-damage|p2a: Tauros|69/100|[from] Recoil
|move|p2b: Rillaboom|Wood Hammer|p1a: Ursaluna
|-damage|p1a: Ursaluna|0 fnt
|faint|p1a: Ursaluna
|-damage|p2b: Rillaboom|94/100|[from] Recoil
|
|win|CuboX11n
||Cecho8 is ready for game 2.
||CuboX11n is ready for game 2.
|uhtml|next|Next: Game 2 of 3
