|j|☆Kevin-V8
|j|☆pokeplaygg
|html|Kevin-V8pokeplaygg    
|uhtml|bestof|Game 1 of a best-of-3
|t:|1756258772
|gametype|doubles
|player|p1|Kevin-V8|ethan|1112
|player|p2|pokeplaygg|1|1199
|gen|9
|tier|[Gen 9] VGC 2025 Reg H (Bo3)
|rated|
|rule|Species Clause: Limit one of each Pokémon
|rule|Item Clause: Limit 1 of each item
|clearpoke
|poke|p1|Dragonite, L50, F|
|poke|p1|Ursaluna-Bloodmoon, L50, M|
|poke|p1|Archaludon, L50, F|
|poke|p1|Whimsicott, L50, F|
|poke|p1|Gholdengo, L50|
|poke|p1|Incineroar, L50, F|
|poke|p2|Amoonguss, L50, F|
|poke|p2|Annihilape, L50, M|
|poke|p2|Pelipper, L50, M|
|poke|p2|Maushold, L50|
|poke|p2|Basculegion, L50, M|
|poke|p2|Incineroar, L50, M|
|teampreview|4
|showteam|p1|Dragonite||LoadedDice|Multiscale|ScaleShot,ExtremeSpeed,IceSpinner,Protect|||F|||50|,,,,,Fairy]Ursaluna-Bloodmoon||AssaultVest|MindsEye|BloodMoon,HyperVoice,EarthPower,VacuumWave|||M|||50|,,,,,Water]Archaludon||PowerHerb|Sturdy|ElectroShot,FlashCannon,DracoMeteor,Protect|||F|||50|,,,,,Stellar]Whimsicott||CovertCloak|Prankster|FakeTears,Tailwind,Encore,Moonblast|||F|||50|,,,,,Poison]Gholdengo||ChoiceSpecs|GoodasGold|MakeItRain,ShadowBall,PowerGem,SteelBeam||||||50|,,,,,Steel]Incineroar||MirrorHerb|Intimidate|FakeOut,PartingShot,KnockOff,FlareBlitz|||F|||50|,,,,,Ghost
|showteam|p2|Amoonguss||RockyHelmet|Regenerator|ClearSmog,Spore,RagePowder,PollenPuff|||F|||50|,,,,,Water]Annihilape||Leftovers|Defiant|Protect,DrainPunch,BulkUp,RageFist|||M|||50|,,,,,Fire]Pelipper||FocusSash|Drizzle|WeatherBall,Protect,Hurricane,Tailwind|||M|||50|,,,,,Stellar]Maushold||SafetyGoggles|FriendGuard|FollowMe,BeatUp,Taunt,Protect||||||50|,,,,,Ghost]Basculegion||ChoiceBand|SwiftSwim|LastRespects,AquaJet,WaveCrash,FlipTurn|||M|||50|,,,,,Fire]Incineroar||AssaultVest|Intimidate|FakeOut,KnockOff,FlareBlitz,Uturn|||M|||50|,,,,,Ghost
|inactive|Battle timer is ON: inactive players will automatically lose when time's up. (requested by Kevin-V8)
|inactive|Kevin-V8 has 60 seconds left.
|inactive|pokeplaygg has 60 seconds left.
|j| teamthief420
|l| teamthief420
|inactive|Kevin-V8 has 30 seconds left.
|inactive|Kevin-V8 has 20 seconds left.
|inactive|Kevin-V8 has 15 seconds left.
|inactive|Kevin-V8 has 10 seconds left.
|inactive|Kevin-V8 has 5 seconds left.
|
|t:|1756258862
|teamsize|p1|4
|teamsize|p2|4
|start
|switch|p1a: Dragonite|Dragonite, L50, F|100/100
|switch|p1b: Ursaluna|Ursaluna-Bloodmoon, L50, M|100/100
|switch|p2a: Annihilape|Annihilape, L50, M|100/100
|switch|p2b: Maushold|Maushold, L50|100/100
|turn|1
|inactive|Kevin-V8 has 30 seconds left.
|inactive|pokeplaygg has 30 seconds left.
|inactive|Kevin-V8 has 20 seconds left.
|
|t:|1756258900
|switch|p1b: Archaludon|Archaludon, L50, F|100/100
|move|p2b: Maushold|Protect|p2b: Maushold
|-singleturn|p2b: Maushold|Protect
|move|p2a: Annihilape|Protect|p2a: Annihilape
|-singleturn|p2a: Annihilape|Protect
|move|p1a: Dragonite|Scale Shot|p2a: Annihilape
|-activate|p2a: Annihilape|move: Protect
|
|upkeep
|turn|2
|inactive|pokeplaygg has 30 seconds left.
|
|t:|1756258928
|-terastallize|p1b: Archaludon|Stellar
|move|p2b: Maushold|Beat Up|p1b: Archaludon
|-damage|p1b: Archaludon|98/100
|-damage|p1b: Archaludon|96/100
|-damage|p1b: Archaludon|94/100
|-damage|p1b: Archaludon|91/100
|-hitcount|p1b: Archaludon|4
|move|p1b: Archaludon|Electro Shot||[still]
|-prepare|p1b: Archaludon|Electro Shot
|-boost|p1b: Archaludon|spa|1
|-enditem|p1b: Archaludon|Power Herb
|-anim|p1b: Archaludon|Electro Shot|p2a: Annihilape
|-damage|p2a: Annihilape|45/100
|move|p2a: Annihilape|Rage Fist|p1b: Archaludon
|-damage|p1b: Archaludon|50/100
|move|p1a: Dragonite|Scale Shot|p2b: Maushold
|-damage|p2b: Maushold|80/100
|-damage|p2b: Maushold|60/100
|-damage|p2b: Maushold|39/100
|-damage|p2b: Maushold|19/100
|-hitcount|p2b: Maushold|4
|-unboost|p1a: Dragonite|def|1
|-boost|p1a: Dragonite|spe|1
|
|-heal|p2a: Annihilape|51/100|[from] item: Leftovers
|upkeep
|turn|3
|inactive|Kevin-V8 has 30 seconds left.
|inactive|pokeplaygg has 30 seconds left.
|inactive|pokeplaygg has 20 seconds left.
|inactive|pokeplaygg has 15 seconds left.
|
|t:|1756258973
|switch|p2b: Incineroar|Incineroar, L50, M|100/100
|-ability|p2b: Incineroar|Intimidate|boost
|-unboost|p1a: Dragonite|atk|1
|-unboost|p1b: Archaludon|atk|1
|move|p2a: Annihilape|Protect|p2a: Annihilape
|-singleturn|p2a: Annihilape|Protect
|move|p1a: Dragonite|Scale Shot|p2a: Annihilape
|-activate|p2a: Annihilape|move: Protect
|move|p1b: Archaludon|Flash Cannon|p2b: Incineroar
|-resisted|p2b: Incineroar
|-damage|p2b: Incineroar|71/100
|
|-heal|p2a: Annihilape|57/100|[from] item: Leftovers
|upkeep
|turn|4
|j| Trestkon
|l| Trestkon
|
|t:|1756258996
|move|p2b: Incineroar|Fake Out|p1b: Archaludon
|-resisted|p1b: Archaludon
|-damage|p1b: Archaludon|44/100
|move|p1a: Dragonite|Scale Shot|p2a: Annihilape
|-damage|p2a: Annihilape|47/100
|-damage|p2a: Annihilape|38/100
|-damage|p2a: Annihilape|29/100
|-crit|p2a: Annihilape
|-damage|p2a: Annihilape|6/100
|-hitcount|p2a: Annihilape|4
|-unboost|p1a: Dragonite|def|1
|-boost|p1a: Dragonite|spe|1
|cant|p1b: Archaludon|flinch
|move|p2a: Annihilape|Rage Fist|p1b: Archaludon
|-damage|p1b: Archaludon|0 fnt
|faint|p1b: Archaludon
|
|-heal|p2a: Annihilape|12/100|[from] item: Leftovers
|upkeep
|
|t:|1756259014
|switch|p1b: Whimsicott|Whimsicott, L50, F|100/100
|turn|5
|
|t:|1756259028
|switch|p2b: Amoonguss|Amoonguss, L50, F, shiny|100/100
|move|p2a: Annihilape|Protect|p2a: Annihilape
|-singleturn|p2a: Annihilape|Protect
|move|p1a: Dragonite|Scale Shot|p2a: Annihilape
|-activate|p2a: Annihilape|move: Protect
|move|p1b: Whimsicott|Moonblast|p2b: Amoonguss
|-resisted|p2b: Amoonguss
|-damage|p2b: Amoonguss|89/100
|-unboost|p2b: Amoonguss|spa|1
|
|-heal|p2a: Annihilape|18/100|[from] item: Leftovers
|upkeep
|turn|6
|
|t:|1756259047
|switch|p1a: Ursaluna|Ursaluna-Bloodmoon, L50, M|100/100
|switch|p2a: Incineroar|Incineroar, L50, M|71/100
|-ability|p2a: Incineroar|Intimidate|boost
|-unboost|p1a: Ursaluna|atk|1
|-unboost|p1b: Whimsicott|atk|1
|move|p1b: Whimsicott|Fake Tears|p2b: Amoonguss
|-unboost|p2b: Amoonguss|spd|2
|move|p2b: Amoonguss|Spore|p1a: Ursaluna
|-status|p1a: Ursaluna|slp|[from] move: Spore
|
|upkeep
|turn|7
|
|t:|1756259071
|move|p1b: Whimsicott|Moonblast|p2b: Amoonguss
|-resisted|p2b: Amoonguss
|-damage|p2b: Amoonguss|66/100
|cant|p1a: Ursaluna|slp
|move|p2a: Incineroar|Flare Blitz|p1b: Whimsicott
|-supereffective|p1b: Whimsicott
|-damage|p1b: Whimsicott|0 fnt
|faint|p1b: Whimsicott
|-damage|p2a: Incineroar|40/100|[from] Recoil
|move|p2b: Amoonguss|Spore|p1a: Ursaluna
|-fail|p1a: Ursaluna|slp
|
|upkeep
|
|t:|1756259082
|switch|p1b: Dragonite|Dragonite, L50, F|100/100
|turn|8
|
|t:|1756259098
|switch|p2b: Maushold|Maushold, L50|19/100
|move|p1b: Dragonite|Scale Shot|p2a: Incineroar
|-damage|p2a: Incineroar|29/100
|-damage|p2a: Incineroar|18/100
|-damage|p2a: Incineroar|7/100
|-damage|p2a: Incineroar|0 fnt
|faint|p2a: Incineroar
|-hitcount|p2: Incineroar|4
|-unboost|p1b: Dragonite|def|1
|-boost|p1b: Dragonite|spe|1
|cant|p1a: Ursaluna|slp
|
|upkeep
|
|t:|1756259110
|switch|p2a: Annihilape|Annihilape, L50, M|18/100
|turn|9
|
|t:|1756259124
|move|p2b: Maushold|Follow Me|p2b: Maushold
|-singleturn|p2b: Maushold|move: Follow Me
|-curestatus|p1a: Ursaluna|slp|[msg]
|move|p1a: Ursaluna|Vacuum Wave|p2b: Maushold
|-supereffective|p2b: Maushold
|-damage|p2b: Maushold|0 fnt
|faint|p2b: Maushold
|move|p1b: Dragonite|Scale Shot|p2a: Annihilape
|-damage|p2a: Annihilape|4/100
|-damage|p2a: Annihilape|0 fnt
|faint|p2a: Annihilape
|-hitcount|p2: Annihilape|2
|-unboost|p1b: Dragonite|def|1
|-boost|p1b: Dragonite|spe|1
|
|upkeep
|-message|pokeplaygg forfeited.
|
|win|Kevin-V8
|l|☆pokeplaygg
|player|p2|
||pokeplaygg is ready for game 2.
||Kevin-V8 is ready for game 2.
|uhtml|next|Next: Game 2 of 3
