|j|☆KodeBeast0526
|j|☆Siddharth42c
|html|KodeBeast0526Siddharth42c    
|uhtml|bestof|Game 1 of a best-of-3
|t:|1757681034
|gametype|doubles
|player|p1|KodeBeast0526|wattson|1233
|player|p2|Siddharth42c|2|1228
|gen|9
|tier|[Gen 9] VGC 2025 Reg H (Bo3)
|rated|
|rule|Species Clause: Limit one of each Pokémon
|rule|Item Clause: Limit 1 of each item
|clearpoke
|poke|p1|Excadrill, L50, M|
|poke|p1|Tyranitar, L50, F|
|poke|p1|Sneasler, L50, M|
|poke|p1|Indeedee, L50, M|
|poke|p1|Corviknight, L50, M|
|poke|p1|Annihilape, L50, M|
|poke|p2|Drifblim, L50, F|
|poke|p2|Indeedee, L50, M|
|poke|p2|Dondozo, L50, F|
|poke|p2|Tatsugiri, L50, F|
|poke|p2|Annihilape, L50, F|
|poke|p2|Ursaluna-Bloodmoon, L50, M|
|teampreview|4
|showteam|p1|Excadrill||FocusSash|SandRush|IronHead,HighHorsepower,Earthquake,Protect|||M|||50|,,,,,Stellar]Tyranitar||AssaultVest|SandStream|RockSlide,KnockOff,TeraBlast,LowKick|||F|||50|,,,,,Flying]Sneasler||PsychicSeed|Unburden|DireClaw,CloseCombat,ThroatChop,Protect|||M|||50|,,,,,Dark]Indeedee||ChoiceScarf|PsychicSurge|ExpandingForce,TeraBlast,Protect,Trick|||M|||50|,,,,,Psychic]Corviknight||Leftovers|MirrorArmor|BraveBird,BulkUp,Roost,Tailwind|||M|||50|,,,,,Dragon]Annihilape||SafetyGoggles|Defiant|CloseCombat,FinalGambit,RageFist,Taunt|||M|||50|,,,,,Water
|showteam|p2|Drifblim||PsychicSeed|Unburden|Tailwind,WillOWisp,HelpingHand,ShadowBall|||F|||50|,,,,,Grass]Indeedee||LifeOrb|PsychicSurge|ExpandingForce,TeraBlast,Protect,ShadowBall|||M|||50|,,,,,Fighting]Dondozo||Leftovers|Unaware|Protect,WaveCrash,Earthquake,OrderUp|||F|||50|,,,,,Steel]Tatsugiri||FocusSash|Commander|DracoMeteor,MuddyWater,IcyWind,DragonPulse|||F|||50|,,,,,Ghost]Annihilape||ChoiceScarf|Defiant|CloseCombat,FinalGambit,Uturn,Coaching|||F|||50|,,,,,Grass]Ursaluna-Bloodmoon||ThroatSpray|MindsEye|BloodMoon,HyperVoice,EarthPower,Protect|||M|||50|,,,,,Normal
|inactive|Battle timer is ON: inactive players will automatically lose when time's up. (requested by Siddharth42c)
|inactive|Siddharth42c has 60 seconds left.
|inactive|KodeBeast0526 has 60 seconds left.
|inactive|Siddharth42c has 30 seconds left.
|inactive|Siddharth42c has 20 seconds left.
|inactive|Siddharth42c has 15 seconds left.
|inactive|Siddharth42c has 10 seconds left.
|
|t:|1757681120
|teamsize|p1|4
|teamsize|p2|4
|start
|switch|p1a: Sneasler|Sneasler, L50, M, shiny|100/100
|switch|p1b: Indeedee|Indeedee, L50, M, shiny|100/100
|switch|p2a: Annihilape|Annihilape, L50, F|100/100
|switch|p2b: Indeedee|Indeedee, L50, M|100/100
|-fieldstart|move: Psychic Terrain|[from] ability: Psychic Surge|[of] p1b: Indeedee
|-enditem|p1a: Sneasler|Psychic Seed
|-boost|p1a: Sneasler|spd|1|[from] item: Psychic Seed
|turn|1
|inactive|KodeBeast0526 has 30 seconds left.
|inactive|Siddharth42c has 30 seconds left.
|inactive|KodeBeast0526 has 20 seconds left.
|inactive|Siddharth42c has 20 seconds left.
|inactive|KodeBeast0526 has 15 seconds left.
|
|t:|1757681163
|move|p1a: Sneasler|Dire Claw|p2a: Annihilape
|-resisted|p2a: Annihilape
|-damage|p2a: Annihilape|80/100
|move|p2a: Annihilape|U-turn|p1b: Indeedee
|-supereffective|p1b: Indeedee
|-damage|p1b: Indeedee|21/100
|
|t:|1757681173
|switch|p2a: Tatsugiri|Tatsugiri, L50, F|100/100|[from] U-turn
|move|p1b: Indeedee|Expanding Force|p2b: Indeedee|[spread] p2a,p2b
|-resisted|p2b: Indeedee
|-damage|p2a: Tatsugiri|23/100
|-damage|p2b: Indeedee|66/100
|move|p2b: Indeedee|Expanding Force|p1b: Indeedee|[spread] p1a,p1b
|-supereffective|p1a: Sneasler
|-resisted|p1b: Indeedee
|-damage|p1a: Sneasler|0 fnt
|-damage|p1b: Indeedee|0 fnt
|faint|p1a: Sneasler
|faint|p1b: Indeedee
|-damage|p2b: Indeedee|57/100|[from] item: Life Orb
|
|upkeep
|
|t:|1757681176
|switch|p1a: Excadrill|Excadrill, L50, M, shiny|100/100
|switch|p1b: Tyranitar|Tyranitar, L50, F, shiny|100/100
|-weather|Sandstorm|[from] ability: Sand Stream|[of] p1b: Tyranitar
|turn|2
|
|t:|1757681190
|switch|p2b: Dondozo|Dondozo, L50, F|100/100
|-activate|p2a: Tatsugiri|ability: Commander|[of] p2b: Dondozo
|-boost|p2b: Dondozo|atk|2
|-boost|p2b: Dondozo|spa|2
|-boost|p2b: Dondozo|spe|2
|-boost|p2b: Dondozo|def|2
|-boost|p2b: Dondozo|spd|2
|move|p1a: Excadrill|Iron Head|p2b: Dondozo
|-resisted|p2b: Dondozo
|-damage|p2b: Dondozo|92/100
|move|p1b: Tyranitar|Knock Off|p2b: Dondozo
|-damage|p2b: Dondozo|74/100
|-enditem|p2b: Dondozo|Leftovers|[from] move: Knock Off|[of] p1b: Tyranitar
|
|-weather|Sandstorm|[upkeep]
|-damage|p2b: Dondozo|68/100|[from] Sandstorm
|-damage|p2a: Tatsugiri|16/100|[from] Sandstorm
|upkeep
|turn|3
|
|t:|1757681212
|-terastallize|p1b: Tyranitar|Flying
|move|p1a: Excadrill|Iron Head|p2b: Dondozo
|-resisted|p2b: Dondozo
|-damage|p2b: Dondozo|59/100
|cant|p2b: Dondozo|flinch
|move|p1b: Tyranitar|Low Kick|p2b: Dondozo
|-damage|p2b: Dondozo|45/100
|
|-weather|Sandstorm|[upkeep]
|-damage|p2b: Dondozo|39/100|[from] Sandstorm
|-damage|p2a: Tatsugiri|10/100|[from] Sandstorm
|-damage|p1b: Tyranitar|95/100|[from] Sandstorm
|upkeep
|turn|4
|
|t:|1757681225
|move|p1a: Excadrill|Iron Head|p2b: Dondozo
|-resisted|p2b: Dondozo
|-damage|p2b: Dondozo|31/100
|cant|p2b: Dondozo|flinch
|move|p1b: Tyranitar|Low Kick|p2b: Dondozo
|-damage|p2b: Dondozo|15/100
|
|-weather|Sandstorm|[upkeep]
|-damage|p2b: Dondozo|9/100|[from] Sandstorm
|-damage|p2a: Tatsugiri|4/100|[from] Sandstorm
|-damage|p1b: Tyranitar|89/100|[from] Sandstorm
|upkeep
|turn|5
|c|☆Siddharth42c|lol
|
|t:|1757681241
|move|p1a: Excadrill|Iron Head|p2b: Dondozo
|-resisted|p2b: Dondozo
|-damage|p2b: Dondozo|0 fnt
|faint|p2b: Dondozo
|move|p1b: Tyranitar|Low Kick|p2a: Tatsugiri
|-damage|p2a: Tatsugiri|0 fnt
|faint|p2a: Tatsugiri
|
|-weather|Sandstorm|[upkeep]
|-damage|p1b: Tyranitar|83/100|[from] Sandstorm
|-fieldend|move: Psychic Terrain
|upkeep
|
|t:|1757681249
|switch|p2a: Annihilape|Annihilape, L50, F|80/100
|switch|p2b: Indeedee|Indeedee, L50, M|57/100
|-fieldstart|move: Psychic Terrain|[from] ability: Psychic Surge|[of] p2b: Indeedee
|turn|6
|c|☆KodeBeast0526|F dondozo lolol
|inactive|Siddharth42c has 30 seconds left.
|inactive|Siddharth42c has 20 seconds left.
|
|t:|1757681288
|move|p1a: Excadrill|Earthquake|p2a: Annihilape|[spread] p2a,p2b
|-immune|p1b: Tyranitar
|-damage|p2a: Annihilape|39/100
|-damage|p2b: Indeedee|0 fnt
|faint|p2b: Indeedee
|move|p2a: Annihilape|Close Combat|p1a: Excadrill
|-supereffective|p1a: Excadrill
|-enditem|p1a: Excadrill|Focus Sash
|-damage|p1a: Excadrill|1/100
|-unboost|p2a: Annihilape|def|1
|-unboost|p2a: Annihilape|spd|1
|move|p1b: Tyranitar|Tera Blast|p2a: Annihilape|[anim] Tera Blast Flying
|-supereffective|p2a: Annihilape
|-damage|p2a: Annihilape|0 fnt
|faint|p2a: Annihilape
|
|win|KodeBeast0526
||Siddharth42c is ready for game 2.
||KodeBeast0526 is ready for game 2.
|uhtml|next|Next: Game 2 of 3
|l|☆Siddharth42c
|player|p2|
