|j|☆flyingantsarmy
|j|☆Notaplaceofhonor
|html|flyingantsarmyNotaplaceofhonor    
|uhtml|bestof|Game 3 of a best-of-3
|t:|1755806520
|gametype|doubles
|player|p1|flyingantsarmy|rocketgrunt|1223
|player|p2|Notaplaceofhonor|juan-gen3|1202
|gen|9
|tier|[Gen 9] VGC 2025 Reg H (Bo3)
|rated|
|rule|Species Clause: Limit one of each Pokémon
|rule|Item Clause: Limit 1 of each item
|clearpoke
|poke|p1|Pelipper, L50, F|
|poke|p1|Basculegion, L50, M|
|poke|p1|Archaludon, L50, F|
|poke|p1|Rillaboom, L50, M|
|poke|p1|Kingambit, L50, M|
|poke|p1|Electabuzz, L50, M|
|poke|p2|Tyranitar, L50, F|
|poke|p2|Sneasler, L50, F|
|poke|p2|Gholdengo, L50|
|poke|p2|Talonflame, L50, M|
|poke|p2|Electabuzz, L50, F|
|poke|p2|Rillaboom, L50, F|
|teampreview|4
|showteam|p1|Pelipper||FocusSash|Drizzle|Hurricane,WeatherBall,Tailwind,Protect|||F|||50|,,,,,Ghost]Basculegion||LifeOrb|SwiftSwim|Protect,WaveCrash,AquaJet,LastRespects|||M|||50|,,,,,Water]Archaludon||AssaultVest|Stamina|ElectroShot,DragonPulse,FlashCannon,BodyPress|||F|||50|,,,,,Grass]Rillaboom||LoadedDice|GrassySurge|GrassyGlide,WoodHammer,BulletSeed,FakeOut|||M|||50|,,,,,Water]Kingambit||BlackGlasses|Defiant|KowtowCleave,SwordsDance,SuckerPunch,Protect|||M|||50|,,,,,Dark]Electabuzz||Eviolite|VitalSpirit|Electroweb,FollowMe,Taunt,Protect|||M|||50|,,,,,Ghost
|showteam|p2|Tyranitar||AssaultVest|SandStream|RockSlide,KnockOff,LowKick,TeraBlast|||F|||50|,,,,,Flying]Sneasler||FocusSash|Unburden|Protect,FakeOut,DireClaw,CloseCombat|||F|||50|,,,,,Stellar]Gholdengo||LifeOrb|GoodasGold|Protect,NastyPlot,MakeItRain,ShadowBall||||||50|,,,,,Water]Talonflame||SharpBeak|GaleWings|Protect,Tailwind,BraveBird,FlareBlitz|||M|||50|,,,,,Flying]Electabuzz||Eviolite|VitalSpirit|Protect,Electroweb,Taunt,FollowMe|||F|||50|,,,,,Ghost]Rillaboom||GrassySeed|GrassySurge|GrassyGlide,WoodHammer,FakeOut,HighHorsepower|||F|||50|,,,,,Fire
|inactive|Battle timer is ON: inactive players will automatically lose when time's up. (requested by flyingantsarmy)
|inactive|flyingantsarmy has 60 seconds left.
|
|t:|1755806578
|teamsize|p1|4
|teamsize|p2|4
|start
|switch|p1a: Basculegion|Basculegion, L50, M, shiny|100/100
|switch|p1b: Archaludon|Archaludon, L50, F, shiny|100/100
|switch|p2a: Sneasler|Sneasler, L50, F|100/100
|switch|p2b: Gholdengo|Gholdengo, L50|100/100
|turn|1
|inactive|flyingantsarmy has 30 seconds left.
|inactive|Notaplaceofhonor has 30 seconds left.
|inactive|flyingantsarmy has 20 seconds left.
|
|t:|1755806613
|switch|p1a: Pelipper|Pelipper, L50, F|100/100
|-weather|RainDance|[from] ability: Drizzle|[of] p1a: Pelipper
|-terastallize|p2b: Gholdengo|Water
|-terastallize|p1b: Archaludon|Grass
|move|p2a: Sneasler|Fake Out|p1b: Archaludon
|-damage|p1b: Archaludon|89/100
|-ability|p1b: Archaludon|Stamina|boost
|-boost|p1b: Archaludon|def|1
|move|p2b: Gholdengo|Nasty Plot|p2b: Gholdengo
|-boost|p2b: Gholdengo|spa|2
|cant|p1b: Archaludon|flinch
|
|-weather|RainDance|[upkeep]
|upkeep
|turn|2
|inactive|flyingantsarmy has 30 seconds left.
|
|t:|1755806645
|switch|p1b: Rillaboom|Rillaboom, L50, M|100/100
|-fieldstart|move: Grassy Terrain|[from] ability: Grassy Surge|[of] p1b: Rillaboom
|move|p2b: Gholdengo|Protect|p2b: Gholdengo
|-singleturn|p2b: Gholdengo|Protect
|move|p2a: Sneasler|Dire Claw|p1b: Rillaboom
|-supereffective|p1b: Rillaboom
|-crit|p1b: Rillaboom
|-damage|p1b: Rillaboom|0 fnt
|faint|p1b: Rillaboom
|move|p1a: Pelipper|Tailwind|p1a: Pelipper
|-sidestart|p1: flyingantsarmy|move: Tailwind
|
|-weather|RainDance|[upkeep]
|upkeep
|
|t:|1755806657
|switch|p1b: Archaludon|Archaludon, L50, F, shiny, tera:Grass|89/100
|turn|3
|
|t:|1755806663
|switch|p2a: Tyranitar|Tyranitar, L50, F|100/100
|-weather|Sandstorm|[from] ability: Sand Stream|[of] p2a: Tyranitar
|move|p1a: Pelipper|Hurricane|p2a: Tyranitar|[miss]
|-miss|p1a: Pelipper|p2a: Tyranitar
|move|p1b: Archaludon|Electro Shot||[still]
|-prepare|p1b: Archaludon|Electro Shot
|-boost|p1b: Archaludon|spa|1
|move|p2b: Gholdengo|Make It Rain|p1b: Archaludon|[spread] p1a,p1b
|-resisted|p1a: Pelipper
|-enditem|p1a: Pelipper|Focus Sash
|-damage|p1a: Pelipper|1/100
|-damage|p1b: Archaludon|10/100
|-unboost|p2b: Gholdengo|spa|1
|-ability|p1b: Archaludon|Stamina|boost
|-boost|p1b: Archaludon|def|1
|-damage|p2b: Gholdengo|91/100|[from] item: Life Orb
|
|-weather|Sandstorm|[upkeep]
|-damage|p1a: Pelipper|0 fnt|[from] Sandstorm
|-damage|p1b: Archaludon|4/100|[from] Sandstorm
|-damage|p2b: Gholdengo|84/100|[from] Sandstorm
|faint|p1a: Pelipper
|-heal|p1b: Archaludon|10/100|[from] Grassy Terrain
|-heal|p2b: Gholdengo|91/100|[from] Grassy Terrain
|upkeep
|
|t:|1755806683
|switch|p1a: Basculegion|Basculegion, L50, M, shiny|100/100
|turn|4
|
|t:|1755806701
|move|p2b: Gholdengo|Protect|p2b: Gholdengo
|-singleturn|p2b: Gholdengo|Protect
|move|p1a: Basculegion|Wave Crash|p2a: Tyranitar
|-supereffective|p2a: Tyranitar
|-damage|p2a: Tyranitar|0 fnt
|faint|p2a: Tyranitar
|-damage|p1a: Basculegion|66/100|[from] Recoil
|-damage|p1a: Basculegion|56/100|[from] item: Life Orb
|move|p1b: Archaludon|Electro Shot|p2b: Gholdengo|[from] lockedmove
|-activate|p2b: Gholdengo|move: Protect
|
|-weather|Sandstorm|[upkeep]
|-damage|p1a: Basculegion|50/100|[from] Sandstorm
|-damage|p1b: Archaludon|4/100|[from] Sandstorm
|-damage|p2b: Gholdengo|84/100|[from] Sandstorm
|-heal|p1a: Basculegion|56/100|[from] Grassy Terrain
|-heal|p1b: Archaludon|10/100|[from] Grassy Terrain
|-heal|p2b: Gholdengo|91/100|[from] Grassy Terrain
|upkeep
|inactive|Notaplaceofhonor has 30 seconds left.
|
|t:|1755806731
|switch|p2a: Sneasler|Sneasler, L50, F|100/100
|turn|5
|
|t:|1755806739
|move|p1a: Basculegion|Last Respects|p2b: Gholdengo
|-crit|p2b: Gholdengo
|-damage|p2b: Gholdengo|0 fnt
|faint|p2b: Gholdengo
|-damage|p1a: Basculegion|46/100|[from] item: Life Orb
|move|p1b: Archaludon|Dragon Pulse|p2a: Sneasler
|-damage|p2a: Sneasler|22/100
|move|p2a: Sneasler|Dire Claw|p1b: Archaludon
|-supereffective|p1b: Archaludon
|-damage|p1b: Archaludon|0 fnt
|faint|p1b: Archaludon
|
|-weather|Sandstorm|[upkeep]
|-damage|p1a: Basculegion|40/100|[from] Sandstorm
|-damage|p2a: Sneasler|17/100|[from] Sandstorm
|-heal|p1a: Basculegion|46/100|[from] Grassy Terrain
|-heal|p2a: Sneasler|22/100|[from] Grassy Terrain
|-sideend|p1: flyingantsarmy|move: Tailwind
|upkeep
|
|t:|1755806747
|switch|p2b: Talonflame|Talonflame, L50, M|100/100
|turn|6
|inactive|flyingantsarmy has 30 seconds left.
|
|t:|1755806778
|move|p1a: Basculegion|Protect|p1a: Basculegion
|-singleturn|p1a: Basculegion|Protect
|move|p2b: Talonflame|Brave Bird|p1a: Basculegion
|-activate|p1a: Basculegion|move: Protect
|move|p2a: Sneasler|Dire Claw|p1a: Basculegion
|-activate|p1a: Basculegion|move: Protect
|
|-weather|Sandstorm|[upkeep]
|-damage|p2a: Sneasler|17/100|[from] Sandstorm
|-damage|p2b: Talonflame|95/100|[from] Sandstorm
|-damage|p1a: Basculegion|40/100|[from] Sandstorm
|-heal|p2a: Sneasler|22/100|[from] Grassy Terrain
|-heal|p1a: Basculegion|46/100|[from] Grassy Terrain
|-fieldend|move: Grassy Terrain
|upkeep
|turn|7
|inactive|flyingantsarmy has 30 seconds left.
|
|t:|1755806813
|move|p1a: Basculegion|Aqua Jet|p2b: Talonflame
|-supereffective|p2b: Talonflame
|-damage|p2b: Talonflame|8/100
|-damage|p1a: Basculegion|36/100|[from] item: Life Orb
|move|p2a: Sneasler|Dire Claw|p1a: Basculegion
|-resisted|p1a: Basculegion
|-damage|p1a: Basculegion|9/100
|move|p2b: Talonflame|Brave Bird|p1a: Basculegion
|-damage|p1a: Basculegion|0 fnt
|faint|p1a: Basculegion
|-damage|p2b: Talonflame|4/100|[from] Recoil
|
|win|Notaplaceofhonor
|raw|flyingantsarmy's rating: 1223 → 1196(-27 for losing)
|raw|Notaplaceofhonor's rating: 1202 → 1229(+27 for winning)
