|j|☆RacallapoVGC
|j|☆Permasona
|html|RacallapoVGCPermasona    
|uhtml|bestof|Game 1 of a best-of-3
|t:|1757788861
|gametype|doubles
|player|p1|RacallapoVGC|ethan|1189
|player|p2|Permasona|sabrina|1184
|gen|9
|tier|[Gen 9] VGC 2025 Reg H (Bo3)
|rated|
|rule|Species Clause: Limit one of each Pokémon
|rule|Item Clause: Limit 1 of each item
|clearpoke
|poke|p1|Ursaluna, L50, F|
|poke|p1|Sinistcha, L50|
|poke|p1|Pelipper, L50, F|
|poke|p1|Archaludon, L50, F|
|poke|p1|Dragonite, L50, M|
|poke|p1|Basculegion, L50, M|
|poke|p2|Primarina, L50, F|
|poke|p2|Gothitelle, L50, F|
|poke|p2|Incineroar, L50, M|
|poke|p2|Ursaluna-Bloodmoon, L50, M|
|poke|p2|Gholdengo, L50|
|poke|p2|Electabuzz, L50, F|
|teampreview|4
|showteam|p1|Ursaluna||FlameOrb|Guts|HeadlongRush,Facade,Protect,Earthquake|||F|||50|,,,,,Ghost]Sinistcha||SitrusBerry|Hospitality|RagePowder,TrickRoom,LifeDew,MatchaGotcha||||||50|,,,,,Dark]Pelipper||FocusSash|Drizzle|Hurricane,Protect,WeatherBall,WideGuard|||F|||50|,,,,,Ghost]Archaludon||AssaultVest|Stamina|ElectroShot,FlashCannon,BodyPress,DracoMeteor|||F|||50|,,,,,Bug]Dragonite||LoadedDice|Multiscale|Protect,ScaleShot,Tailwind,Haze|||M|||50|,,,,,Steel]Basculegion||ChoiceBand|SwiftSwim|WaveCrash,FlipTurn,LastRespects,AquaJet|||M|||50|,,,,,Water
|showteam|p2|Primarina||RoomService|LiquidVoice|HyperVoice,Protect,Moonblast,PerishSong|||F|||50|,,,,,Poison]Gothitelle||SitrusBerry|ShadowTag|FakeOut,Protect,TrickRoom,Psychic|||F|||50|,,,,,Fairy]Incineroar||SafetyGoggles|Intimidate|Protect,FakeOut,PartingShot,FlareBlitz|||M|||50|,,,,,Ghost]Ursaluna-Bloodmoon||LifeOrb|MindsEye|EarthPower,BloodMoon,Protect,HyperVoice|||M|||50|,,,,,Ghost]Gholdengo||MetalCoat|GoodasGold|MakeItRain,Protect,NastyPlot,ShadowBall||||||50|,,,,,Water]Electabuzz||Eviolite|VitalSpirit|FollowMe,Taunt,Thunderbolt,Protect|||F|||50|,,,,,Ghost
|inactive|Battle timer is ON: inactive players will automatically lose when time's up. (requested by RacallapoVGC)
|inactive|RacallapoVGC has 60 seconds left.
|inactive|Permasona has 60 seconds left.
|inactive|Permasona has 30 seconds left.
|inactive|Permasona has 20 seconds left.
|inactive|Permasona has 15 seconds left.
|
|t:|1757788938
|teamsize|p1|4
|teamsize|p2|4
|start
|switch|p1a: Dragonite|Dragonite, L50, M|100/100
|switch|p1b: Ursaluna|Ursaluna, L50, F|100/100
|switch|p2a: Gothitelle|Gothitelle, L50, F|100/100
|switch|p2b: Electabuzz|Electabuzz, L50, F|100/100
|turn|1
|inactive|Permasona has 30 seconds left.
|inactive|Permasona has 20 seconds left.
|
|t:|1757788977
|move|p2a: Gothitelle|Fake Out|p1a: Dragonite
|-damage|p1a: Dragonite|98/100
|cant|p1a: Dragonite|flinch
|move|p2b: Electabuzz|Thunderbolt|p1a: Dragonite
|-damage|p1a: Dragonite|60/100
|move|p1b: Ursaluna|Earthquake|p2a: Gothitelle|[spread] p2a,p2b
|-immune|p1a: Dragonite
|-supereffective|p2b: Electabuzz
|-damage|p2a: Gothitelle|67/100
|-damage|p2b: Electabuzz|29/100
|
|-status|p1b: Ursaluna|brn|[from] item: Flame Orb
|upkeep
|turn|2
|inactive|Permasona has 30 seconds left.
|inactive|Permasona has 20 seconds left.
|inactive|Permasona has 15 seconds left.
|inactive|Permasona has 10 seconds left.
|inactive|Permasona has 5 seconds left.
|
|t:|1757789028
|-terastallize|p2a: Gothitelle|Fairy
|move|p1a: Dragonite|Scale Shot|p2a: Gothitelle
|-immune|p2a: Gothitelle
|move|p2b: Electabuzz|Thunderbolt|p1a: Dragonite
|-damage|p1a: Dragonite|25/100
|-status|p1a: Dragonite|par
|move|p1b: Ursaluna|Earthquake|p2a: Gothitelle|[spread] p2a,p2b
|-immune|p1a: Dragonite
|-supereffective|p2b: Electabuzz
|-damage|p2a: Gothitelle|13/100
|-damage|p2b: Electabuzz|0 fnt
|-enditem|p2a: Gothitelle|Sitrus Berry|[eat]
|-heal|p2a: Gothitelle|38/100|[from] item: Sitrus Berry
|faint|p2b: Electabuzz
|move|p2a: Gothitelle|Trick Room|p2a: Gothitelle
|-fieldstart|move: Trick Room|[of] p2a: Gothitelle
|
|-damage|p1b: Ursaluna|95/100 brn|[from] brn
|upkeep
|
|t:|1757789042
|switch|p2b: Ursaluna|Ursaluna-Bloodmoon, L50, M|100/100
|turn|3
|inactive|Permasona has 30 seconds left.
|
|t:|1757789072
|move|p1b: Ursaluna|Protect|p1b: Ursaluna
|-singleturn|p1b: Ursaluna|Protect
|move|p2a: Gothitelle|Protect|p2a: Gothitelle
|-singleturn|p2a: Gothitelle|Protect
|move|p2b: Ursaluna|Hyper Voice|p1b: Ursaluna|[spread] p1a
|-activate|p1b: Ursaluna|move: Protect
|-damage|p1a: Dragonite|0 fnt
|faint|p1a: Dragonite
|-damage|p2b: Ursaluna|91/100|[from] item: Life Orb
|
|-damage|p1b: Ursaluna|89/100 brn|[from] brn
|upkeep
|
|t:|1757789079
|switch|p1a: Sinistcha|Sinistcha, L50|100/100
|-heal|p1b: Ursaluna|100/100 brn|[from] ability: Hospitality|[of] p1a: Sinistcha
|turn|4
|
|t:|1757789094
|move|p1a: Sinistcha|Rage Powder|p1a: Sinistcha
|-singleturn|p1a: Sinistcha|move: Rage Powder
|move|p2b: Ursaluna|Blood Moon|p1a: Sinistcha
|-damage|p1a: Sinistcha|2/100
|-enditem|p1a: Sinistcha|Sitrus Berry|[eat]
|-heal|p1a: Sinistcha|27/100|[from] item: Sitrus Berry
|-damage|p2b: Ursaluna|81/100|[from] item: Life Orb
|move|p1b: Ursaluna|Facade|p2b: Ursaluna
|-damage|p2b: Ursaluna|0 fnt
|faint|p2b: Ursaluna
|move|p2a: Gothitelle|Psychic|p1a: Sinistcha
|-damage|p1a: Sinistcha|0 fnt
|faint|p1a: Sinistcha
|
|-damage|p1b: Ursaluna|95/100 brn|[from] brn
|upkeep
|
|t:|1757789107
|switch|p2b: Primarina|Primarina, L50, F|100/100
|switch|p1a: Archaludon|Archaludon, L50, F|100/100
|-enditem|p2b: Primarina|Room Service
|-unboost|p2b: Primarina|spe|1|[from] item: Room Service
|turn|5
|
|t:|1757789131
|-terastallize|p1b: Ursaluna|Ghost
|move|p2b: Primarina|Perish Song|p2b: Primarina
|-start|p1a: Archaludon|perish3|[silent]
|-start|p1b: Ursaluna|perish3|[silent]
|-start|p2a: Gothitelle|perish3|[silent]
|-start|p2b: Primarina|perish3|[silent]
|-fieldactivate|move: Perish Song
|move|p1b: Ursaluna|Facade|p2b: Primarina
|-damage|p2b: Primarina|0 fnt
|faint|p2b: Primarina
|move|p2a: Gothitelle|Psychic|p1a: Archaludon
|-resisted|p1a: Archaludon
|-damage|p1a: Archaludon|91/100
|-ability|p1a: Archaludon|Stamina|boost
|-boost|p1a: Archaludon|def|1
|move|p1a: Archaludon|Flash Cannon|p2a: Gothitelle
|-supereffective|p2a: Gothitelle
|-damage|p2a: Gothitelle|0 fnt
|faint|p2a: Gothitelle
|
|win|RacallapoVGC
|l|☆Permasona
|player|p2|
|inactive|RacallapoVGC has 30 seconds to confirm battle start!
|inactive|Permasona has 30 seconds to confirm battle start!
||RacallapoVGC is ready for game 2.
