|j|☆kojay
|j|☆Camilo997
|html|kojayCamilo997    
|uhtml|bestof|Game 2 of a best-of-3
|t:|1756828078
|gametype|doubles
|player|p1|kojay|kamado-armor|1065
|player|p2|Camilo997|169|1156
|gen|9
|tier|[Gen 9] VGC 2025 Reg H (Bo3)
|rated|
|rule|Species Clause: Limit one of each Pokémon
|rule|Item Clause: Limit 1 of each item
|clearpoke
|poke|p1|Sneasler, L50, F|
|poke|p1|Incineroar, L50, M|
|poke|p1|Dragonite, L50, M|
|poke|p1|Gholdengo, L50|
|poke|p1|Ursaluna, L50, F|
|poke|p1|Murkrow, L50, M|
|poke|p2|Dragonite, L50, M|
|poke|p2|Volcarona, L50, F|
|poke|p2|Sneasler, L50, M|
|poke|p2|Rillaboom, L50, M|
|poke|p2|Electabuzz, L50, M|
|poke|p2|Torkoal, L50, M|
|teampreview|4
|showteam|p1|Sneasler||WhiteHerb|Unburden|Coaching,Protect,DireClaw,CloseCombat|||F|||50|,,,,,Ghost]Incineroar||SafetyGoggles|Intimidate|FakeOut,FlareBlitz,KnockOff,PartingShot|||M|||50|,,,,,Ghost]Dragonite||LoadedDice|InnerFocus|TeraBlast,ScaleShot,Tailwind,Protect|||M|||50|,,,,,Flying]Gholdengo||ChoiceScarf|GoodasGold|MakeItRain,ShadowBall,Trick,Thunderbolt||||||50|,,,,,Steel]Ursaluna||FlameOrb|Guts|Facade,Earthquake,HeadlongRush,Protect|||F|||50|,,,,,Ghost]Murkrow||FocusSash|Prankster|Tailwind,Haze,BraveBird,SunnyDay|||M|||50|,,,,,Ghost
|showteam|p2|Dragonite||LoadedDice|Multiscale|ScaleShot,ExtremeSpeed,Haze,Protect|||M|||50|,,,,,Fairy]Volcarona||CovertCloak|FlameBody|FieryDance,TeraBlast,QuiverDance,Protect|||F|||50|,,,,,Dragon]Sneasler||WhiteHerb|Unburden|CloseCombat,DireClaw,Coaching,FakeOut|||M|||50|,,,,,Dark]Rillaboom||AssaultVest|GrassySurge|WoodHammer,GrassyGlide,HighHorsepower,FakeOut|||M|||50|,,,,,Water]Electabuzz||Eviolite|VitalSpirit|Thunderbolt,FollowMe,Taunt,Protect|||M|||50|,,,,,Ghost]Torkoal||Charcoal|Drought|Eruption,HeatWave,EarthPower,SolarBeam|||M|||50|,,,,,Fire
|
|t:|1756828093
|teamsize|p1|4
|teamsize|p2|4
|start
|switch|p1a: Murkrow|Murkrow, L50, M|100/100
|switch|p1b: Ursaluna|Ursaluna, L50, F|100/100
|switch|p2a: Volcarona|Volcarona, L50, F|100/100
|switch|p2b: Sneasler|Sneasler, L50, M|100/100
|turn|1
|
|t:|1756828118
|move|p1b: Ursaluna|Protect|p1b: Ursaluna
|-singleturn|p1b: Ursaluna|Protect
|move|p2b: Sneasler|Close Combat|p1b: Ursaluna
|-activate|p1b: Ursaluna|move: Protect
|move|p2a: Volcarona|Fiery Dance|p1a: Murkrow
|-damage|p1a: Murkrow|5/100
|move|p1a: Murkrow|Brave Bird|p2b: Sneasler
|-supereffective|p2b: Sneasler
|-crit|p2b: Sneasler
|-damage|p2b: Sneasler|0 fnt
|faint|p2b: Sneasler
|-damage|p1a: Murkrow|0 fnt|[from] Recoil
|faint|p1a: Murkrow
|
|-status|p1b: Ursaluna|brn|[from] item: Flame Orb
|upkeep
|
|t:|1756828129
|switch|p2b: Dragonite|Dragonite, L50, M|100/100
|switch|p1a: Gholdengo|Gholdengo, L50|100/100
|turn|2
|
|t:|1756828140
|move|p2a: Volcarona|Protect|p2a: Volcarona
|-singleturn|p2a: Volcarona|Protect
|move|p1a: Gholdengo|Trick|p1b: Ursaluna
|-activate|p1a: Gholdengo|move: Trick|[of] p1b: Ursaluna
|-item|p1b: Ursaluna|Choice Scarf|[from] move: Trick
|-item|p1a: Gholdengo|Flame Orb|[from] move: Trick
|move|p1b: Ursaluna|Facade|p2a: Volcarona
|-activate|p2a: Volcarona|move: Protect
|move|p2b: Dragonite|Scale Shot|p1b: Ursaluna|[miss]
|-miss|p2b: Dragonite|p1b: Ursaluna
|
|-damage|p1b: Ursaluna|95/100 brn|[from] brn
|-status|p1a: Gholdengo|brn|[from] item: Flame Orb
|upkeep
|turn|3
|
|t:|1756828158
|switch|p2a: Electabuzz|Electabuzz, L50, M|100/100
|move|p1b: Ursaluna|Facade|p2a: Electabuzz
|-damage|p2a: Electabuzz|5/100
|move|p1a: Gholdengo|Trick|p2b: Dragonite
|-activate|p1a: Gholdengo|move: Trick|[of] p2b: Dragonite
|-item|p2b: Dragonite|Flame Orb|[from] move: Trick
|-item|p1a: Gholdengo|Loaded Dice|[from] move: Trick
|move|p2b: Dragonite|Scale Shot|p1b: Ursaluna
|-damage|p1b: Ursaluna|83/100 brn
|-damage|p1b: Ursaluna|71/100 brn
|-damage|p1b: Ursaluna|60/100 brn
|-damage|p1b: Ursaluna|48/100 brn
|-hitcount|p1b: Ursaluna|4
|-unboost|p2b: Dragonite|def|1
|-boost|p2b: Dragonite|spe|1
|
|-damage|p1b: Ursaluna|42/100 brn|[from] brn
|-damage|p1a: Gholdengo|94/100 brn|[from] brn
|-status|p2b: Dragonite|brn|[from] item: Flame Orb
|upkeep
|turn|4
|
|t:|1756828187
|move|p2b: Dragonite|Scale Shot|p1b: Ursaluna
|-damage|p1b: Ursaluna|36/100 brn
|-damage|p1b: Ursaluna|30/100 brn
|-damage|p1b: Ursaluna|24/100 brn
|-hitcount|p1b: Ursaluna|3
|-unboost|p2b: Dragonite|def|1
|-boost|p2b: Dragonite|spe|1
|move|p1b: Ursaluna|Facade|p2b: Dragonite
|-damage|p2b: Dragonite|0 fnt
|faint|p2b: Dragonite
|move|p1a: Gholdengo|Make It Rain|p2a: Electabuzz
|-resisted|p2a: Electabuzz
|-crit|p2a: Electabuzz
|-damage|p2a: Electabuzz|0 fnt
|-unboost|p1a: Gholdengo|spa|1
|faint|p2a: Electabuzz
|
|-damage|p1b: Ursaluna|18/100 brn|[from] brn
|-damage|p1a: Gholdengo|88/100 brn|[from] brn
|upkeep
|
|t:|1756828202
|switch|p2a: Volcarona|Volcarona, L50, F|100/100
|turn|5
|
|t:|1756828208
|move|p2a: Volcarona|Fiery Dance|p1b: Ursaluna
|-damage|p1b: Ursaluna|0 fnt
|-boost|p2a: Volcarona|spa|1
|faint|p1b: Ursaluna
|move|p1a: Gholdengo|Shadow Ball|p2a: Volcarona
|-damage|p2a: Volcarona|70/100
|
|-damage|p1a: Gholdengo|82/100 brn|[from] brn
|upkeep
|
|t:|1756828210
|switch|p1b: Dragonite|Dragonite, L50, M, shiny|100/100
|turn|6
|
|t:|1756828219
|-terastallize|p1b: Dragonite|Flying
|move|p2a: Volcarona|Quiver Dance|p2a: Volcarona
|-boost|p2a: Volcarona|spa|1
|-boost|p2a: Volcarona|spd|1
|-boost|p2a: Volcarona|spe|1
|move|p1a: Gholdengo|Shadow Ball|p2a: Volcarona
|-damage|p2a: Volcarona|51/100
|move|p1b: Dragonite|Tera Blast|p2a: Volcarona|[anim] Tera Blast Flying
|-supereffective|p2a: Volcarona
|-damage|p2a: Volcarona|0 fnt
|faint|p2a: Volcarona
|
|win|kojay
|raw|kojay's rating: 1065 → 1103(+38 for winning)
|raw|Camilo997's rating: 1156 → 1125(-31 for losing)
