|j|☆Jj18697
|j|☆Diegoelsocorrista
|html|Jj18697Diegoelsocorrista    
|uhtml|bestof|Game 2 of a best-of-3
|t:|1756450926
|gametype|doubles
|player|p1|Jj18697|266|1082
|player|p2|Diegoelsocorrista|blaine-lgpe|1084
|gen|9
|tier|[Gen 9] VGC 2025 Reg H (Bo3)
|rated|
|rule|Species Clause: Limit one of each Pokémon
|rule|Item Clause: Limit 1 of each item
|clearpoke
|poke|p1|Gholdengo, L50|
|poke|p1|Dragonite, L50, M|
|poke|p1|Ninetales-Alola, L50, F|
|poke|p1|Rillaboom, L50, M|
|poke|p1|Magmar, L50, F|
|poke|p1|Ursaluna-Bloodmoon, L50, M|
|poke|p2|Archaludon, L50, M|
|poke|p2|Rillaboom, L50, M|
|poke|p2|Basculegion, L50, M|
|poke|p2|Kingambit, L50, M|
|poke|p2|Pelipper, L50, F|
|poke|p2|Electabuzz, L50, F|
|teampreview|4
|showteam|p1|Gholdengo||GrassySeed|GoodasGold|MakeItRain,ShadowBall,NastyPlot,Protect||||||50|,,,,,Water]Dragonite||LoadedDice|Multiscale|ScaleShot,Tailwind,LowKick,Protect|||M|||50|,,,,,Fairy]Ninetales-Alola||FocusSash|SnowWarning|AuroraVeil,IcyWind,FreezeDry,Encore|||F|||50|,,,,,Ghost]Rillaboom||AssaultVest|GrassySurge|FakeOut,WoodHammer,GrassyGlide,Uturn|||M|||50|,,,,,Fire]Magmar||Eviolite|FlameBody|HeatWave,FollowMe,Taunt,ClearSmog|||F|||50|,,,,,Ghost]Ursaluna-Bloodmoon||LifeOrb|MindsEye|BloodMoon,HyperVoice,EarthPower,Protect|||M|||50|,,,,,Normal
|showteam|p2|Archaludon||AssaultVest|Stamina|ElectroShot,DracoMeteor,FlashCannon,BodyPress|||M|||50|,,,,,Fairy]Rillaboom||LoadedDice|GrassySurge|BulletSeed,GrassyGlide,FakeOut,HighHorsepower|||M|||50|,,,,,Fire]Basculegion||ChoiceBand|SwiftSwim|WaveCrash,LastRespects,FlipTurn,AquaJet|||M|||50|,,,,,Grass]Kingambit||BlackGlasses|Defiant|KowtowCleave,SuckerPunch,SwordsDance,Protect|||M|||50|,,,,,Dark]Pelipper||FocusSash|Drizzle|WeatherBall,Hurricane,Tailwind,Protect|||F|||50|,,,,,Ghost]Electabuzz||Eviolite|VitalSpirit|Electroweb,Taunt,FollowMe,Protect|||F|||50|,,,,,Ghost
|inactive|Battle timer is ON: inactive players will automatically lose when time's up. (requested by Jj18697)
|inactive|Diegoelsocorrista has 60 seconds left.
|
|t:|1756450972
|teamsize|p1|4
|teamsize|p2|4
|start
|switch|p1a: Rillaboom|Rillaboom, L50, M, shiny|100/100
|switch|p1b: Dragonite|Dragonite, L50, M|100/100
|switch|p2a: Rillaboom|Rillaboom, L50, M|100/100
|switch|p2b: Archaludon|Archaludon, L50, M, shiny|100/100
|-fieldstart|move: Grassy Terrain|[from] ability: Grassy Surge|[of] p2a: Rillaboom
|turn|1
|inactive|Diegoelsocorrista has 30 seconds left.
|
|t:|1756451005
|-terastallize|p2b: Archaludon|Fairy
|move|p1b: Dragonite|Protect|p1b: Dragonite
|-singleturn|p1b: Dragonite|Protect
|move|p2a: Rillaboom|Fake Out|p1b: Dragonite
|-activate|p1b: Dragonite|move: Protect
|move|p2b: Archaludon|Draco Meteor|p1b: Dragonite
|-activate|p1b: Dragonite|move: Protect
|move|p1a: Rillaboom|U-turn|p2a: Rillaboom
|-supereffective|p2a: Rillaboom
|-damage|p2a: Rillaboom|52/100
|
|t:|1756451017
|switch|p1a: Magmar|Magmar, L50, F|100/100|[from] U-turn
|
|-heal|p2a: Rillaboom|58/100|[from] Grassy Terrain
|upkeep
|turn|2
|
|t:|1756451040
|switch|p2a: Pelipper|Pelipper, L50, F|100/100
|-weather|RainDance|[from] ability: Drizzle|[of] p2a: Pelipper
|switch|p1a: Rillaboom|Rillaboom, L50, M, shiny|100/100
|-terastallize|p1b: Dragonite|Fairy
|move|p1b: Dragonite|Scale Shot|p2a: Pelipper
|-damage|p2a: Pelipper|80/100
|-damage|p2a: Pelipper|62/100
|-damage|p2a: Pelipper|43/100
|-damage|p2a: Pelipper|23/100
|-hitcount|p2a: Pelipper|4
|-unboost|p1b: Dragonite|def|1
|-boost|p1b: Dragonite|spe|1
|move|p2b: Archaludon|Electro Shot||[still]
|-prepare|p2b: Archaludon|Electro Shot
|-boost|p2b: Archaludon|spa|1
|-anim|p2b: Archaludon|Electro Shot|p1b: Dragonite
|-damage|p1b: Dragonite|73/100
|
|-weather|RainDance|[upkeep]
|-heal|p1b: Dragonite|79/100|[from] Grassy Terrain
|upkeep
|turn|3
|inactive|Jj18697 has 30 seconds left.
|inactive|Diegoelsocorrista has 30 seconds left.
|inactive|Diegoelsocorrista has 20 seconds left.
|
|t:|1756451079
|move|p2a: Pelipper|Protect|p2a: Pelipper
|-singleturn|p2a: Pelipper|Protect
|move|p1a: Rillaboom|Fake Out|p2a: Pelipper
|-activate|p2a: Pelipper|move: Protect
|move|p1b: Dragonite|Tailwind|p1b: Dragonite
|-sidestart|p1: Jj18697|move: Tailwind
|move|p2b: Archaludon|Flash Cannon|p1b: Dragonite
|-supereffective|p1b: Dragonite
|-damage|p1b: Dragonite|0 fnt
|faint|p1b: Dragonite
|
|-weather|RainDance|[upkeep]
|upkeep
|
|t:|1756451085
|switch|p1b: Magmar|Magmar, L50, F|100/100
|turn|4
|
|t:|1756451103
|switch|p1a: Ninetales|Ninetales-Alola, L50, F|100/100
|-weather|Snowscape|[from] ability: Snow Warning|[of] p1a: Ninetales
|switch|p2a: Electabuzz|Electabuzz, L50, F|100/100
|move|p1b: Magmar|Heat Wave|p2b: Archaludon|[spread] p2a,p2b
|-damage|p2a: Electabuzz|81/100
|-damage|p2b: Archaludon|81/100
|-ability|p2b: Archaludon|Stamina|boost
|-boost|p2b: Archaludon|def|1
|move|p2b: Archaludon|Electro Shot||[still]
|-prepare|p2b: Archaludon|Electro Shot
|-boost|p2b: Archaludon|spa|1
|
|-weather|Snowscape|[upkeep]
|-heal|p2a: Electabuzz|86/100|[from] Grassy Terrain
|-heal|p2b: Archaludon|88/100|[from] Grassy Terrain
|upkeep
|turn|5
|
|t:|1756451123
|switch|p2a: Pelipper|Pelipper, L50, F|23/100
|-weather|RainDance|[from] ability: Drizzle|[of] p2a: Pelipper
|move|p1a: Ninetales|Freeze-Dry|p2b: Archaludon
|-damage|p2b: Archaludon|71/100
|-ability|p2b: Archaludon|Stamina|boost
|-boost|p2b: Archaludon|def|1
|move|p1b: Magmar|Heat Wave|p2a: Pelipper|[spread] p2b
|-miss|p1b: Magmar|p2a: Pelipper
|-damage|p2b: Archaludon|62/100
|-ability|p2b: Archaludon|Stamina|boost
|-boost|p2b: Archaludon|def|1
|move|p2b: Archaludon|Electro Shot|p1b: Magmar|[from] lockedmove
|-damage|p1b: Magmar|41/100
|
|-weather|RainDance|[upkeep]
|-heal|p1b: Magmar|46/100|[from] Grassy Terrain
|-heal|p2b: Archaludon|68/100|[from] Grassy Terrain
|-fieldend|move: Grassy Terrain
|upkeep
|turn|6
|inactive|Diegoelsocorrista has 30 seconds left.
|
|t:|1756451151
|switch|p1a: Rillaboom|Rillaboom, L50, M, shiny|100/100
|-fieldstart|move: Grassy Terrain|[from] ability: Grassy Surge|[of] p1a: Rillaboom
|move|p2a: Pelipper|Protect|p2a: Pelipper
|-singleturn|p2a: Pelipper|Protect
|move|p1b: Magmar|Clear Smog|p2b: Archaludon
|-supereffective|p2b: Archaludon
|-damage|p2b: Archaludon|50/100
|-clearboost|p2b: Archaludon
|-ability|p2b: Archaludon|Stamina|boost
|-boost|p2b: Archaludon|def|1
|move|p2b: Archaludon|Flash Cannon|p1a: Rillaboom
|-damage|p1a: Rillaboom|77/100
|
|-weather|RainDance|[upkeep]
|-heal|p1b: Magmar|52/100|[from] Grassy Terrain
|-heal|p1a: Rillaboom|83/100|[from] Grassy Terrain
|-heal|p2b: Archaludon|56/100|[from] Grassy Terrain
|-sideend|p1: Jj18697|move: Tailwind
|upkeep
|turn|7
|
|t:|1756451176
|switch|p2a: Electabuzz|Electabuzz, L50, F|86/100
|move|p1a: Rillaboom|Fake Out|p2a: Electabuzz
|-damage|p2a: Electabuzz|77/100
|move|p1b: Magmar|Clear Smog|p2b: Archaludon
|-supereffective|p2b: Archaludon
|-damage|p2b: Archaludon|38/100
|-clearboost|p2b: Archaludon
|-ability|p2b: Archaludon|Stamina|boost
|-boost|p2b: Archaludon|def|1
|move|p2b: Archaludon|Flash Cannon|p1a: Rillaboom
|-damage|p1a: Rillaboom|57/100
|-unboost|p1a: Rillaboom|spd|1
|
|-weather|RainDance|[upkeep]
|-heal|p2a: Electabuzz|82/100|[from] Grassy Terrain
|-heal|p2b: Archaludon|45/100|[from] Grassy Terrain
|-heal|p1b: Magmar|58/100|[from] Grassy Terrain
|-heal|p1a: Rillaboom|62/100|[from] Grassy Terrain
|upkeep
|turn|8
|inactive|Diegoelsocorrista has 30 seconds left.
|
|t:|1756451202
|move|p2a: Electabuzz|Follow Me|p2a: Electabuzz
|-singleturn|p2a: Electabuzz|move: Follow Me
|move|p1b: Magmar|Heat Wave|p2a: Electabuzz|[spread] p2a,p2b
|-damage|p2a: Electabuzz|74/100
|-damage|p2b: Archaludon|36/100
|-status|p2b: Archaludon|brn
|-ability|p2b: Archaludon|Stamina|boost
|-boost|p2b: Archaludon|def|1
|move|p2b: Archaludon|Flash Cannon|p1a: Rillaboom
|-damage|p1a: Rillaboom|25/100
|move|p1a: Rillaboom|U-turn|p2a: Electabuzz
|-damage|p2a: Electabuzz|55/100
|
|t:|1756451214
|switch|p1a: Ninetales|Ninetales-Alola, L50, F|100/100|[from] U-turn
|-weather|Snowscape|[from] ability: Snow Warning|[of] p1a: Ninetales
|
|-weather|Snowscape|[upkeep]
|-heal|p2a: Electabuzz|61/100|[from] Grassy Terrain
|-heal|p1b: Magmar|64/100|[from] Grassy Terrain
|-heal|p2b: Archaludon|42/100 brn|[from] Grassy Terrain
|-damage|p2b: Archaludon|36/100 brn|[from] brn
|upkeep
|turn|9
|
|t:|1756451228
|move|p2a: Electabuzz|Follow Me|p2a: Electabuzz
|-singleturn|p2a: Electabuzz|move: Follow Me
|move|p1a: Ninetales|Icy Wind|p2a: Electabuzz|[spread] p2a,p2b
|-damage|p2a: Electabuzz|51/100
|-damage|p2b: Archaludon|27/100 brn
|-unboost|p2a: Electabuzz|spe|1
|-unboost|p2b: Archaludon|spe|1
|-ability|p2b: Archaludon|Stamina|boost
|-boost|p2b: Archaludon|def|1
|move|p1b: Magmar|Clear Smog|p2a: Electabuzz
|-damage|p2a: Electabuzz|42/100
|-clearboost|p2a: Electabuzz
|move|p2b: Archaludon|Flash Cannon|p1a: Ninetales
|-supereffective|p1a: Ninetales
|-enditem|p1a: Ninetales|Focus Sash
|-damage|p1a: Ninetales|1/100
|
|-weather|Snowscape|[upkeep]
|-heal|p1a: Ninetales|7/100|[from] Grassy Terrain
|-heal|p2a: Electabuzz|48/100|[from] Grassy Terrain
|-heal|p1b: Magmar|70/100|[from] Grassy Terrain
|-heal|p2b: Archaludon|33/100 brn|[from] Grassy Terrain
|-damage|p2b: Archaludon|27/100 brn|[from] brn
|upkeep
|turn|10
|
|t:|1756451251
|switch|p1a: Rillaboom|Rillaboom, L50, M, shiny|25/100
|switch|p2b: Pelipper|Pelipper, L50, F|23/100
|-weather|RainDance|[from] ability: Drizzle|[of] p2b: Pelipper
|move|p1b: Magmar|Follow Me|p1b: Magmar
|-singleturn|p1b: Magmar|move: Follow Me
|move|p2a: Electabuzz|Electroweb|p1a: Rillaboom|[spread] p1a,p1b
|-resisted|p1a: Rillaboom
|-damage|p1a: Rillaboom|20/100
|-damage|p1b: Magmar|59/100
|-unboost|p1a: Rillaboom|spe|1
|-unboost|p1b: Magmar|spe|1
|
|-weather|RainDance|[upkeep]
|-heal|p2a: Electabuzz|54/100|[from] Grassy Terrain
|-heal|p1b: Magmar|64/100|[from] Grassy Terrain
|-heal|p1a: Rillaboom|26/100|[from] Grassy Terrain
|-fieldend|move: Grassy Terrain
|upkeep
|turn|11
|
|t:|1756451270
|switch|p2b: Archaludon|Archaludon, L50, M, shiny, tera:Fairy|27/100 brn
|move|p2a: Electabuzz|Protect|p2a: Electabuzz
|-singleturn|p2a: Electabuzz|Protect
|move|p1a: Rillaboom|Fake Out|p2b: Archaludon
|-damage|p2b: Archaludon|17/100 brn
|-ability|p2b: Archaludon|Stamina|boost
|-boost|p2b: Archaludon|def|1
|move|p1b: Magmar|Heat Wave|p2a: Electabuzz|[spread] p2b
|-activate|p2a: Electabuzz|move: Protect
|-damage|p2b: Archaludon|8/100 brn
|-ability|p2b: Archaludon|Stamina|boost
|-boost|p2b: Archaludon|def|1
|
|-weather|RainDance|[upkeep]
|-damage|p2b: Archaludon|2/100 brn|[from] brn
|upkeep
|turn|12
|
|t:|1756451293
|switch|p1a: Ninetales|Ninetales-Alola, L50, F|7/100
|-weather|Snowscape|[from] ability: Snow Warning|[of] p1a: Ninetales
|move|p2a: Electabuzz|Electroweb|p1b: Magmar|[spread] p1a,p1b
|-damage|p1a: Ninetales|0 fnt
|-damage|p1b: Magmar|54/100
|-unboost|p1b: Magmar|spe|1
|faint|p1a: Ninetales
|move|p2b: Archaludon|Body Press|p1b: Magmar
|-damage|p1b: Magmar|34/100
|move|p1b: Magmar|Heat Wave|p2b: Archaludon|[spread] p2a,p2b
|-damage|p2a: Electabuzz|33/100
|-damage|p2b: Archaludon|0 fnt
|-status|p2a: Electabuzz|brn
|faint|p2b: Archaludon
|
|-weather|Snowscape|[upkeep]
|-damage|p2a: Electabuzz|27/100 brn|[from] brn
|upkeep
|
|t:|1756451307
|switch|p1a: Rillaboom|Rillaboom, L50, M, shiny|26/100
|switch|p2b: Pelipper|Pelipper, L50, F|23/100
|-weather|RainDance|[from] ability: Drizzle|[of] p2b: Pelipper
|-fieldstart|move: Grassy Terrain|[from] ability: Grassy Surge|[of] p1a: Rillaboom
|turn|13
|
|t:|1756451328
|move|p2a: Electabuzz|Protect|p2a: Electabuzz
|-singleturn|p2a: Electabuzz|Protect
|move|p2b: Pelipper|Protect|p2b: Pelipper
|-singleturn|p2b: Pelipper|Protect
|move|p1a: Rillaboom|Fake Out|p2b: Pelipper
|-activate|p2b: Pelipper|move: Protect
|move|p1b: Magmar|Heat Wave|p2b: Pelipper|[spread] 
|-activate|p2a: Electabuzz|move: Protect
|-activate|p2b: Pelipper|move: Protect
|
|-weather|RainDance|[upkeep]
|-heal|p2a: Electabuzz|33/100 brn|[from] Grassy Terrain
|-heal|p1a: Rillaboom|31/100|[from] Grassy Terrain
|-heal|p1b: Magmar|39/100|[from] Grassy Terrain
|-damage|p2a: Electabuzz|27/100 brn|[from] brn
|upkeep
|turn|14
|
|t:|1756451347
|move|p2a: Electabuzz|Follow Me|p2a: Electabuzz
|-singleturn|p2a: Electabuzz|move: Follow Me
|move|p2b: Pelipper|Weather Ball|p1b: Magmar
|-supereffective|p1b: Magmar
|-damage|p1b: Magmar|0 fnt
|faint|p1b: Magmar
|move|p1a: Rillaboom|Wood Hammer|p2a: Electabuzz
|-damage|p2a: Electabuzz|0 fnt
|faint|p2a: Electabuzz
|-damage|p1a: Rillaboom|24/100|[from] Recoil
|
|-weather|RainDance|[upkeep]
|-heal|p1a: Rillaboom|30/100|[from] Grassy Terrain
|upkeep
|
|t:|1756451354
|switch|p2a: Rillaboom|Rillaboom, L50, M|58/100
|turn|15
|
|t:|1756451364
|move|p2a: Rillaboom|Fake Out|p1a: Rillaboom
|-damage|p1a: Rillaboom|18/100
|move|p2b: Pelipper|Hurricane|p1a: Rillaboom
|-supereffective|p1a: Rillaboom
|-damage|p1a: Rillaboom|0 fnt
|faint|p1a: Rillaboom
|
|win|Diegoelsocorrista
|raw|Jj18697's rating: 1082 → 1060(-22 for losing)
|raw|Diegoelsocorrista's rating: 1084 → 1111(+27 for winning)
