|j|☆SRareFox
|j|☆CCManny
|html|SRareFoxCCManny    
|uhtml|bestof|Game 2 of a best-of-3
|t:|1757673079
|gametype|doubles
|player|p1|SRareFox|170|1220
|player|p2|CCManny|101|1083
|gen|9
|tier|[Gen 9] VGC 2025 Reg H (Bo3)
|rated|
|rule|Species Clause: Limit one of each Pokémon
|rule|Item Clause: Limit 1 of each item
|clearpoke
|poke|p1|Indeedee-F, L50, F|
|poke|p1|Gallade, L50, M|
|poke|p1|Hatterene, L50, F|
|poke|p1|Ursaluna, L50, M|
|poke|p1|Torkoal, L50, F|
|poke|p1|Porygon2, L50|
|poke|p2|Ninetales-Alola, L50, F|
|poke|p2|Incineroar, L50, F|
|poke|p2|Corviknight, L50, F|
|poke|p2|Garchomp, L50, M|
|poke|p2|Flamigo, L50, M|
|poke|p2|Magmar, L50, F|
|teampreview|4
|showteam|p1|Indeedee-F||SafetyGoggles|PsychicSurge|Psychic,FollowMe,TrickRoom,HelpingHand|||F|||50|,,,,,Water]Gallade||ClearAmulet|Sharpness|PsychoCut,SacredSword,TrickRoom,WideGuard|||M|||50|,,,,,Grass]Hatterene||LifeOrb|MagicBounce|ExpandingForce,DazzlingGleam,TrickRoom,MysticalFire|||F|||50|,,,,,Fire]Ursaluna||FlameOrb|Guts|Facade,HeadlongRush,Earthquake,Protect|||M|||50|,,,,,Ghost]Torkoal||Charcoal|Drought|Eruption,WeatherBall,ClearSmog,Protect|||F|||50|,,,,,Fire]Porygon2||Eviolite|Download|IceBeam,TeraBlast,TrickRoom,Recover||||||50|,,,,,Flying
|showteam|p2|Ninetales-Alola||LightClay|SnowWarning|Blizzard,FreezeDry,AuroraVeil,Protect|||F|||50|,,,,,Ghost]Incineroar||AssaultVest|Intimidate|Snarl,FakeOut,Uturn,KnockOff|||F|||50|,,,,,Ghost]Corviknight||Leftovers|MirrorArmor|BraveBird,BulkUp,Tailwind,Roost|||F|||50|,,,,,Dragon]Garchomp||LifeOrb|RoughSkin|DragonClaw,Earthquake,SwordsDance,Protect|||M|||50|,,,,,Fire]Flamigo||FocusSash|Scrappy|CloseCombat,BraveBird,WideGuard,Protect|||M|||50|,,,,,Ghost]Magmar||Eviolite|VitalSpirit|Overheat,FollowMe,Taunt,Protect|||F|||50|,,,,,Flying
|inactive|Battle timer is ON: inactive players will automatically lose when time's up. (requested by SRareFox)
|inactive|SRareFox has 60 seconds left.
|
|t:|1757673115
|teamsize|p1|4
|teamsize|p2|4
|start
|switch|p1a: Indeedee|Indeedee-F, L50, F|100/100
|switch|p1b: Hatterene|Hatterene, L50, F|100/100
|switch|p2a: Ninetales|Ninetales-Alola, L50, F|100/100
|switch|p2b: Incineroar|Incineroar, L50, F|100/100
|-weather|Snowscape|[from] ability: Snow Warning|[of] p2a: Ninetales
|-ability|p2b: Incineroar|Intimidate|boost
|-unboost|p1a: Indeedee|atk|1
|-unboost|p1b: Hatterene|atk|1
|-fieldstart|move: Psychic Terrain|[from] ability: Psychic Surge|[of] p1a: Indeedee
|turn|1
|
|t:|1757673132
|switch|p1b: Torkoal|Torkoal, L50, F|100/100
|-weather|SunnyDay|[from] ability: Drought|[of] p1b: Torkoal
|-terastallize|p1a: Indeedee|Water
|move|p2a: Ninetales|Freeze-Dry|p1a: Indeedee
|-supereffective|p1a: Indeedee
|-damage|p1a: Indeedee|55/100
|move|p2b: Incineroar|Knock Off|p1a: Indeedee
|-damage|p1a: Indeedee|7/100
|-enditem|p1a: Indeedee|Safety Goggles|[from] move: Knock Off|[of] p2b: Incineroar
|move|p1a: Indeedee|Trick Room|p1a: Indeedee
|-fieldstart|move: Trick Room|[of] p1a: Indeedee
|
|-weather|SunnyDay|[upkeep]
|upkeep
|turn|2
|inactive|CCManny has 30 seconds left.
|
|t:|1757673159
|switch|p1a: Hatterene|Hatterene, L50, F|100/100
|move|p2a: Ninetales|Protect|p2a: Ninetales
|-singleturn|p2a: Ninetales|Protect
|move|p1b: Torkoal|Eruption|p2b: Incineroar|[spread] p2b
|-activate|p2a: Ninetales|move: Protect
|-resisted|p2b: Incineroar
|-damage|p2b: Incineroar|73/100
|move|p2b: Incineroar|Snarl|p1b: Torkoal|[spread] p1a,p1b
|-damage|p1a: Hatterene|89/100
|-damage|p1b: Torkoal|87/100
|-unboost|p1a: Hatterene|spa|1
|-unboost|p1b: Torkoal|spa|1
|
|-weather|SunnyDay|[upkeep]
|upkeep
|turn|3
|inactive|SRareFox has 30 seconds left.
|
|t:|1757673186
|move|p2a: Ninetales|Protect||[still]
|-fail|p2a: Ninetales
|move|p1b: Torkoal|Eruption|p2b: Incineroar|[spread] p2a,p2b
|-supereffective|p2a: Ninetales
|-resisted|p2b: Incineroar
|-damage|p2a: Ninetales|0 fnt
|-damage|p2b: Incineroar|56/100
|faint|p2a: Ninetales
|move|p1a: Hatterene|Dazzling Gleam|p2b: Incineroar
|-crit|p2b: Incineroar
|-damage|p2b: Incineroar|0 fnt
|faint|p2b: Incineroar
|-damage|p1a: Hatterene|79/100|[from] item: Life Orb
|
|-weather|SunnyDay|[upkeep]
|upkeep
|
|t:|1757673201
|switch|p2b: Flamigo|Flamigo, L50, M|100/100
|switch|p2a: Garchomp|Garchomp, L50, M|100/100
|turn|4
|
|t:|1757673226
|switch|p1a: Indeedee|Indeedee-F, L50, F, tera:Water|7/100
|-terastallize|p2a: Garchomp|Fire
|move|p2b: Flamigo|Protect|p2b: Flamigo
|-singleturn|p2b: Flamigo|Protect
|move|p1b: Torkoal|Weather Ball|p2b: Flamigo
|-activate|p2b: Flamigo|move: Protect
|move|p2a: Garchomp|Earthquake|p1a: Indeedee|[spread] p1a,p1b
|-activate|p2b: Flamigo|move: Protect
|-supereffective|p1b: Torkoal
|-damage|p1a: Indeedee|0 fnt
|-damage|p1b: Torkoal|15/100
|faint|p1a: Indeedee
|-damage|p2a: Garchomp|91/100|[from] item: Life Orb
|
|-weather|SunnyDay|[upkeep]
|upkeep
|
|t:|1757673237
|switch|p1a: Porygon2|Porygon2, L50|100/100
|-ability|p1a: Porygon2|Download|boost
|-boost|p1a: Porygon2|spa|1
|turn|5
|inactive|CCManny has 30 seconds left.
|inactive|CCManny has 20 seconds left.
|
|t:|1757673279
|move|p1b: Torkoal|Weather Ball|p2b: Flamigo
|-damage|p2b: Flamigo|20/100
|move|p1a: Porygon2|Ice Beam|p2b: Flamigo
|-supereffective|p2b: Flamigo
|-damage|p2b: Flamigo|0 fnt
|faint|p2b: Flamigo
|move|p2a: Garchomp|Swords Dance|p2a: Garchomp
|-boost|p2a: Garchomp|atk|2
|
|-weather|none
|-fieldend|move: Trick Room
|-fieldend|move: Psychic Terrain
|upkeep
|turn|6
|inactive|SRareFox has 30 seconds left.
|inactive|SRareFox has 20 seconds left.
|
|t:|1757673314
|move|p2a: Garchomp|Earthquake|p1a: Porygon2|[spread] p1a,p1b
|-supereffective|p1b: Torkoal
|-damage|p1a: Porygon2|37/100
|-damage|p1b: Torkoal|0 fnt
|faint|p1b: Torkoal
|-damage|p2a: Garchomp|81/100|[from] item: Life Orb
|move|p1a: Porygon2|Trick Room|p1a: Porygon2
|-fieldstart|move: Trick Room|[of] p1a: Porygon2
|
|upkeep
|
|t:|1757673321
|switch|p1b: Hatterene|Hatterene, L50, F|79/100
|turn|7
|
|t:|1757673330
|move|p1b: Hatterene|Expanding Force|p2a: Garchomp
|-damage|p2a: Garchomp|8/100
|-damage|p1b: Hatterene|69/100|[from] item: Life Orb
|move|p1a: Porygon2|Recover|p1a: Porygon2
|-heal|p1a: Porygon2|87/100
|move|p2a: Garchomp|Earthquake|p1a: Porygon2|[spread] p1a,p1b
|-damage|p1a: Porygon2|31/100
|-damage|p1b: Hatterene|0 fnt
|faint|p1b: Hatterene
|-damage|p2a: Garchomp|0 fnt|[from] item: Life Orb
|faint|p2a: Garchomp
|
|win|SRareFox
