|j|‽AIRegMB
|j|☆exessvgc
|html|AIRegMBexessvgc    
|uhtml|bestof|Game 2 of a best-of-3
|t:|1782378940
|gametype|doubles
|player|p1|AIRegMB|alec-anime|1224
|player|p2|exessvgc|lucas|1172
|gen|9
|tier|[Gen 9 Champions] VGC 2026 Reg M-B (Bo3)
|rated|
|rule|Species Clause: Limit one of each Pokémon
|rule|Item Clause: Limit 1 of each item
|clearpoke
|poke|p1|Sinistcha, L50|
|poke|p1|Ceruledge, L50, F|
|poke|p1|Incineroar, L50, F, shiny|
|poke|p1|Ninetales-Alola, L50, M|
|poke|p1|Annihilape, L50, F|
|poke|p1|Scovillain, L50, F|
|poke|p2|Charizard, L50, M|
|poke|p2|Sneasler, L50, F|
|poke|p2|Farigiraf, L50, F|
|poke|p2|Aerodactyl, L50, F|
|poke|p2|Kingambit, L50, F|
|poke|p2|Sylveon, L50, F|
|teampreview|4
|showteam|p1|Sinistcha||KasibBerry|Hospitality|RagePowder,MatchaGotcha,TrickRoom,Protect|Bold|||||50|]Ceruledge||ColburBerry|FlashFire|BulkUp,BitterBlade,ShadowSneak,Protect|Adamant||F|||50|]Incineroar||SitrusBerry|Intimidate|FakeOut,FlareBlitz,ThroatChop,PartingShot|Impish||F|||50|]Ninetales-Alola||NeverMeltIce|SnowWarning|Blizzard,FreezeDry,AuroraVeil,Protect|Timid||M|||50|]Annihilape||FocusSash|Defiant|RageFist,CloseCombat,Coaching,Taunt|Adamant||F|||50|]Scovillain||Scovillainite|Moody|RagePowder,GigaDrain,Overheat,Protect|Calm||F|||50|
|showteam|p2|Charizard||CharizarditeX|Blaze|DragonDance,DragonClaw,FlareBlitz,Protect|Jolly||M|||50|]Sneasler||WhiteHerb|Unburden|FakeOut,Protect,CloseCombat,DireClaw|Jolly||F|||50|]Farigiraf||SitrusBerry|ArmorTail|TrickRoom,Thunderbolt,HelpingHand,TwinBeam|Calm||F|||50|]Aerodactyl||FocusSash|Unnerve|RockSlide,Tailwind,DualWingbeat,Protect|Jolly||F|||50|]Kingambit||LifeOrb|Defiant|KowtowCleave,SuckerPunch,IronHead,Protect|Brave||F|||50|]Sylveon||FairyFeather|Pixilate|HyperVoice,HyperBeam,Protect,QuickAttack|Quiet||F|||50|
|inactive|Battle timer is ON: inactive players will automatically lose when time's up. (requested by exessvgc)
|inactive|AIRegMB has 60 seconds left.
|
|t:|1782379021
|teamsize|p1|4
|teamsize|p2|4
|start
|switch|p1a: Scovillain|Scovillain, L50, F|100/100
|switch|p1b: Ceruledge|Ceruledge, L50, F|100/100
|switch|p2a: DINOSAUVO|Aerodactyl, L50, F|100/100
|switch|p2b: LA GIRAFFA|Farigiraf, L50, F|100/100
|-ability|p2a: DINOSAUVO|Unnerve
|turn|1
|
|t:|1782379044
|switch|p1b: Incineroar|Incineroar, L50, F, shiny|100/100
|-ability|p1b: Incineroar|Intimidate|boost
|-unboost|p2a: DINOSAUVO|atk|1
|-unboost|p2b: LA GIRAFFA|atk|1
|detailschange|p1a: Scovillain|Scovillain-Mega, L50, F
|-mega|p1a: Scovillain|Scovillain|Scovillainite
|move|p2b: LA GIRAFFA|Helping Hand|p2a: DINOSAUVO
|-singleturn|p2a: DINOSAUVO|Helping Hand|[of] p2b: LA GIRAFFA
|move|p2a: DINOSAUVO|Rock Slide|p1b: Incineroar|[spread] p1a,p1b
|-supereffective|p1a: Scovillain|1
|-supereffective|p1b: Incineroar|1
|-damage|p1a: Scovillain|47/100
|-damage|p1b: Incineroar|63/100
|-status|p2a: DINOSAUVO|brn|[from] ability: Spicy Spray|[of] p1a: Scovillain
|move|p1a: Scovillain|Giga Drain|p2a: DINOSAUVO
|-damage|p2a: DINOSAUVO|49/100 brn
|-heal|p1a: Scovillain|70/100|[from] drain|[of] p2a: DINOSAUVO
|
|-damage|p2a: DINOSAUVO|43/100 brn|[from] brn
|upkeep
|turn|2
|
|t:|1782379064
|move|p2a: DINOSAUVO|Tailwind|p2a: DINOSAUVO
|-sidestart|p2: exessvgc|move: Tailwind
|move|p2b: LA GIRAFFA|Twin Beam|p1a: Scovillain
|-damage|p1a: Scovillain|54/100
|-status|p2b: LA GIRAFFA|brn|[from] ability: Spicy Spray|[of] p1a: Scovillain
|-damage|p1a: Scovillain|38/100
|-hitcount|p1a: Scovillain|2
|move|p1a: Scovillain|Giga Drain|p2a: DINOSAUVO
|-damage|p2a: DINOSAUVO|0 fnt
|-heal|p1a: Scovillain|59/100|[from] drain|[of] p2a: DINOSAUVO
|faint|p2a: DINOSAUVO
|move|p1b: Incineroar|Throat Chop|p2b: LA GIRAFFA
|-supereffective|p2b: LA GIRAFFA|1
|-damage|p2b: LA GIRAFFA|43/100 brn
|-start|p2b: LA GIRAFFA|Throat Chop|[silent]
|-enditem|p2b: LA GIRAFFA|Sitrus Berry|[eat]
|-heal|p2b: LA GIRAFFA|67/100 brn|[from] item: Sitrus Berry
|
|-damage|p2b: LA GIRAFFA|61/100 brn|[from] brn
|upkeep
|
|t:|1782379079
|switch|p2a: Sylveon|Sylveon, L50, F|100/100
|turn|3
|
|t:|1782379095
|switch|p2b: Kingambit|Kingambit, L50, F|100/100
|move|p1a: Scovillain|Protect|p1a: Scovillain
|-singleturn|p1a: Scovillain|Protect
|move|p2a: Sylveon|Hyper Beam|p1a: Scovillain
|-activate|p1a: Scovillain|move: Protect
|move|p1b: Incineroar|Throat Chop|p2b: Kingambit
|-resisted|p2b: Kingambit|1
|-damage|p2b: Kingambit|88/100
|-start|p2b: Kingambit|Throat Chop|[silent]
|
|upkeep
|turn|4
|inactive|AIRegMB has 30 seconds left.
|
|t:|1782379122
|switch|p2b: LA GIRAFFA|Farigiraf, L50, F|61/100 brn
|move|p2a: Sylveon|Hyper Beam|p1a: Scovillain
|-resisted|p1a: Scovillain|1
|-damage|p1a: Scovillain|6/100
|-mustrecharge|p2a: Sylveon
|-status|p2a: Sylveon|brn|[from] ability: Spicy Spray|[of] p1a: Scovillain
|move|p1a: Scovillain|Overheat|p2b: LA GIRAFFA
|-damage|p2b: LA GIRAFFA|13/100 brn
|-unboost|p1a: Scovillain|spa|2
|move|p1b: Incineroar|Flare Blitz|p2b: LA GIRAFFA
|-damage|p2b: LA GIRAFFA|0 fnt
|faint|p2b: LA GIRAFFA
|-damage|p1b: Incineroar|58/100|[from] Recoil
|
|-damage|p2a: Sylveon|94/100 brn|[from] brn
|upkeep
|
|t:|1782379135
|switch|p2b: Kingambit|Kingambit, L50, F|88/100
|turn|5
|
|t:|1782379151
|move|p2b: Kingambit|Protect|p2b: Kingambit
|-singleturn|p2b: Kingambit|Protect
|move|p1a: Scovillain|Rage Powder|p1a: Scovillain
|-singleturn|p1a: Scovillain|move: Rage Powder
|cant|p2a: Sylveon|recharge
|move|p1b: Incineroar|Flare Blitz|p2b: Kingambit
|-activate|p2b: Kingambit|move: Protect
|
|-damage|p2a: Sylveon|88/100 brn|[from] brn
|-sideend|p2: exessvgc|move: Tailwind
|upkeep
|turn|6
|inactive|exessvgc has 30 seconds left.
|
|t:|1782379181
|move|p2a: Sylveon|Quick Attack|p1a: Scovillain
|-resisted|p1a: Scovillain|1
|-damage|p1a: Scovillain|2/100
|move|p1a: Scovillain|Overheat|p2b: Kingambit
|-supereffective|p2b: Kingambit|1
|-damage|p2b: Kingambit|31/100
|-unboost|p1a: Scovillain|spa|2
|move|p1b: Incineroar|Flare Blitz|p2b: Kingambit
|-supereffective|p2b: Kingambit|1
|-damage|p2b: Kingambit|0 fnt
|faint|p2b: Kingambit
|-damage|p1b: Incineroar|49/100|[from] Recoil
|-enditem|p1b: Incineroar|Sitrus Berry|[eat]
|-heal|p1b: Incineroar|73/100|[from] item: Sitrus Berry
|
|-damage|p2a: Sylveon|82/100 brn|[from] brn
|upkeep
|turn|7
|-message|exessvgc forfeited.
|
|win|AIRegMB
|l|☆exessvgc
|player|p2|
||AIRegMB is ready for game 3.
|inactive|exessvgc has 30 seconds to confirm battle start!
||exessvgc is ready for game 3.
|uhtml|next|Next: Game 3 of 3
|l|‽AIRegMB
|player|p1|
|j|☆exessvgc
|player|p2|exessvgc|lucas|
