|j|☆iFHGAGFu
|j|☆musicismypassion
|html|iFHGAGFumusicismypassion    
|uhtml|bestof|Game 3 of a best-of-3
|t:|1756350991
|gametype|doubles
|player|p1|iFHGAGFu|ninjaboy|1099
|player|p2|musicismypassion|miku-fairy|1049
|gen|9
|tier|[Gen 9] VGC 2025 Reg H (Bo3)
|rated|
|rule|Species Clause: Limit one of each Pokémon
|rule|Item Clause: Limit 1 of each item
|clearpoke
|poke|p1|Pelipper, L50, M|
|poke|p1|Archaludon, L50, F|
|poke|p1|Incineroar, L50, M|
|poke|p1|Kingdra, L50, F|
|poke|p1|Amoonguss, L50, F|
|poke|p1|Rillaboom, L50, M|
|poke|p2|Annihilape, L50, M|
|poke|p2|Sinistcha, L50|
|poke|p2|Ursaluna-Bloodmoon, L50, M|
|poke|p2|Grimmsnarl, L50, M|
|poke|p2|Hydreigon, L50, M|
|poke|p2|Maushold-Four, L50|
|teampreview|4
|showteam|p1|Pelipper||FocusSash|Drizzle|Hurricane,WeatherBall,Tailwind,WideGuard|||M|||50|,,,,,Ground]Archaludon||AssaultVest|Stamina|ElectroShot,FlashCannon,DragonPulse,BodyPress|||F|||50|,,,,,Bug]Incineroar||SafetyGoggles|Intimidate|FlareBlitz,KnockOff,PartingShot,FakeOut|||M|||50|,,,,,Ghost]Kingdra||LifeOrb|SwiftSwim|DracoMeteor,WeatherBall,Protect,MuddyWater|||F|||50|,,,,,Stellar]Amoonguss||SitrusBerry|Regenerator|PollenPuff,Protect,RagePowder,Spore|||F|||50|,,,,,Water]Rillaboom||LoadedDice|GrassySurge|BulletSeed,GrassyGlide,FakeOut,HighHorsepower|||M|||50|,,,,,Water
|showteam|p2|Annihilape||LumBerry|Defiant|RageFist,DrainPunch,BulkUp,Protect|||M|||50|,,,,,Fire]Sinistcha||SitrusBerry|Hospitality|MatchaGotcha,RagePowder,GrassyTerrain,LifeDew||||||50|,,,,,Dark]Ursaluna-Bloodmoon||LifeOrb|MindsEye|BloodMoon,HyperVoice,EarthPower,Protect|||M|||50|,,,,,Normal]Grimmsnarl||CovertCloak|Prankster|LightScreen,Reflect,PartingShot,SpiritBreak|||M|||50|,,,,,Poison]Hydreigon||ChoiceSpecs|Levitate|DracoMeteor,DarkPulse,HeatWave,EarthPower|||M|||50|,,,,,Fire]Maushold-Four||SafetyGoggles|FriendGuard|FollowMe,BeatUp,Taunt,HelpingHand||||||50|,,,,,Ghost
|inactive|Battle timer is ON: inactive players will automatically lose when time's up. (requested by musicismypassion)
|
|t:|1756351012
|teamsize|p1|4
|teamsize|p2|4
|start
|switch|p1a: Amoonguss|Amoonguss, L50, F|100/100
|switch|p1b: Pelipper|Pelipper, L50, M|100/100
|switch|p2a: Midwest Emo|Ursaluna-Bloodmoon, L50, M|100/100
|switch|p2b: Metalcore|Grimmsnarl, L50, M|100/100
|-weather|RainDance|[from] ability: Drizzle|[of] p1b: Pelipper
|turn|1
|
|t:|1756351025
|move|p2a: Midwest Emo|Protect|p2a: Midwest Emo
|-singleturn|p2a: Midwest Emo|Protect
|move|p1a: Amoonguss|Protect|p1a: Amoonguss
|-singleturn|p1a: Amoonguss|Protect
|move|p2b: Metalcore|Light Screen|p2b: Metalcore
|-sidestart|p2: musicismypassion|move: Light Screen
|move|p1b: Pelipper|Weather Ball|p2b: Metalcore
|-damage|p2b: Metalcore|60/100
|
|-weather|RainDance|[upkeep]
|upkeep
|turn|2
|
|t:|1756351040
|-terastallize|p2a: Midwest Emo|Normal
|move|p1b: Pelipper|Tailwind|p1b: Pelipper
|-sidestart|p1: iFHGAGFu|move: Tailwind
|move|p2a: Midwest Emo|Blood Moon|p1a: Amoonguss
|-damage|p1a: Amoonguss|0 fnt
|faint|p1a: Amoonguss
|-damage|p2a: Midwest Emo|91/100|[from] item: Life Orb
|move|p2b: Metalcore|Spirit Break|p1b: Pelipper
|-crit|p1b: Pelipper
|-damage|p1b: Pelipper|42/100
|-unboost|p1b: Pelipper|spa|1
|
|-weather|RainDance|[upkeep]
|upkeep
|
|t:|1756351047
|switch|p1a: Kingdra|Kingdra, L50, F|100/100
|turn|3
|
|t:|1756351062
|-terastallize|p1a: Kingdra|Stellar
|move|p2a: Midwest Emo|Protect|p2a: Midwest Emo
|-singleturn|p2a: Midwest Emo|Protect
|move|p2b: Metalcore|Parting Shot|p1a: Kingdra
|-unboost|p1a: Kingdra|atk|1
|-unboost|p1a: Kingdra|spa|1
|
|t:|1756351068
|switch|p2b: Math Rock|Sinistcha, L50|100/100|[from] Parting Shot
|-heal|p2a: Midwest Emo|100/100|[from] ability: Hospitality|[of] p2b: Math Rock
|move|p1a: Kingdra|Muddy Water|p2a: Midwest Emo|[spread] 
|-activate|p2a: Midwest Emo|move: Protect
|-miss|p1a: Kingdra|p2b: Math Rock
|move|p1b: Pelipper|Hurricane|p2b: Math Rock
|-supereffective|p2b: Math Rock
|-damage|p2b: Math Rock|57/100
|
|-weather|RainDance|[upkeep]
|upkeep
|turn|4
|
|t:|1756351088
|move|p2b: Math Rock|Rage Powder|p2b: Math Rock
|-singleturn|p2b: Math Rock|move: Rage Powder
|move|p1a: Kingdra|Muddy Water|p2a: Midwest Emo|[spread] p2b
|-miss|p1a: Kingdra|p2a: Midwest Emo
|-resisted|p2b: Math Rock
|-damage|p2b: Math Rock|41/100
|-enditem|p2b: Math Rock|Sitrus Berry|[eat]
|-heal|p2b: Math Rock|66/100|[from] item: Sitrus Berry
|-damage|p1a: Kingdra|91/100|[from] item: Life Orb
|move|p1b: Pelipper|Hurricane|p2b: Math Rock
|-supereffective|p2b: Math Rock
|-damage|p2b: Math Rock|24/100
|-start|p2b: Math Rock|confusion
|move|p2a: Midwest Emo|Blood Moon|p1a: Kingdra
|-damage|p1a: Kingdra|0 fnt
|faint|p1a: Kingdra
|-damage|p2a: Midwest Emo|91/100|[from] item: Life Orb
|
|-weather|RainDance|[upkeep]
|upkeep
|
|t:|1756351093
|switch|p1a: Archaludon|Archaludon, L50, F|100/100
|turn|5
|
|t:|1756351113
|switch|p2b: Metalcore|Grimmsnarl, L50, M|60/100
|move|p1a: Archaludon|Electro Shot||[still]
|-prepare|p1a: Archaludon|Electro Shot
|-boost|p1a: Archaludon|spa|1
|-anim|p1a: Archaludon|Electro Shot|p2a: Midwest Emo
|-damage|p2a: Midwest Emo|39/100
|move|p1b: Pelipper|Weather Ball|p2a: Midwest Emo
|-damage|p2a: Midwest Emo|0 fnt
|faint|p2a: Midwest Emo
|
|-weather|none
|-sideend|p2: musicismypassion|move: Light Screen
|-sideend|p1: iFHGAGFu|move: Tailwind
|upkeep
|
|t:|1756351127
|switch|p2a: Shoegaze|Annihilape, L50, M|100/100
|turn|6
|
|t:|1756351147
|move|p2a: Shoegaze|Protect|p2a: Shoegaze
|-singleturn|p2a: Shoegaze|Protect
|move|p2b: Metalcore|Light Screen|p2b: Metalcore
|-sidestart|p2: musicismypassion|move: Light Screen
|move|p1a: Archaludon|Dragon Pulse|p2a: Shoegaze
|-activate|p2a: Shoegaze|move: Protect
|move|p1b: Pelipper|Hurricane|p2a: Shoegaze
|-activate|p2a: Shoegaze|move: Protect
|
|upkeep
|turn|7
|
|t:|1756351161
|move|p2a: Shoegaze|Bulk Up|p2a: Shoegaze
|-boost|p2a: Shoegaze|atk|1
|-boost|p2a: Shoegaze|def|1
|move|p1a: Archaludon|Dragon Pulse|p2a: Shoegaze
|-damage|p2a: Shoegaze|59/100
|move|p1b: Pelipper|Hurricane|p2a: Shoegaze
|-supereffective|p2a: Shoegaze
|-damage|p2a: Shoegaze|16/100
|move|p2b: Metalcore|Spirit Break|p1a: Archaludon
|-damage|p1a: Archaludon|79/100
|-unboost|p1a: Archaludon|spa|1
|-ability|p1a: Archaludon|Stamina|boost
|-boost|p1a: Archaludon|def|1
|
|upkeep
|turn|8
|
|t:|1756351185
|move|p2a: Shoegaze|Protect|p2a: Shoegaze
|-singleturn|p2a: Shoegaze|Protect
|move|p2b: Metalcore|Parting Shot|p1a: Archaludon
|-unboost|p1a: Archaludon|atk|1
|-unboost|p1a: Archaludon|spa|1
|
|t:|1756351191
|switch|p2b: Math Rock|Sinistcha, L50|24/100|[from] Parting Shot
|-heal|p2a: Shoegaze|41/100|[from] ability: Hospitality|[of] p2b: Math Rock
|move|p1a: Archaludon|Dragon Pulse|p2a: Shoegaze
|-activate|p2a: Shoegaze|move: Protect
|move|p1b: Pelipper|Tailwind|p1b: Pelipper
|-sidestart|p1: iFHGAGFu|move: Tailwind
|
|upkeep
|turn|9
|
|t:|1756351204
|move|p2b: Math Rock|Rage Powder|p2b: Math Rock
|-singleturn|p2b: Math Rock|move: Rage Powder
|move|p1a: Archaludon|Dragon Pulse|p2b: Math Rock
|-damage|p2b: Math Rock|8/100
|move|p1b: Pelipper|Hurricane|p2b: Math Rock
|-supereffective|p2b: Math Rock
|-damage|p2b: Math Rock|0 fnt
|faint|p2b: Math Rock
|move|p2a: Shoegaze|Drain Punch|p1a: Archaludon
|-supereffective|p1a: Archaludon
|-crit|p1a: Archaludon
|-damage|p1a: Archaludon|0 fnt
|-heal|p2a: Shoegaze|80/100|[from] drain|[of] p1a: Archaludon
|faint|p1a: Archaludon
|
|upkeep
|-message|iFHGAGFu forfeited.
|
|win|musicismypassion
|raw|iFHGAGFu's rating: 1099 → 1071(-28 for losing)
|raw|musicismypassion's rating: 1049 → 1086(+37 for winning)
|l|☆iFHGAGFu
|player|p1|
