|j|☆jay142
|j|☆exposniffer
|html|jay142exposniffer    
|uhtml|bestof|Game 2 of a best-of-3
|t:|1757121349
|gametype|doubles
|player|p1|jay142|266|1129
|player|p2|exposniffer|blue|1114
|gen|9
|tier|[Gen 9] VGC 2025 Reg H (Bo3)
|rated|
|rule|Species Clause: Limit one of each Pokémon
|rule|Item Clause: Limit 1 of each item
|clearpoke
|poke|p1|Kingambit, L50, F|
|poke|p1|Rillaboom, L50, F|
|poke|p1|Electabuzz, L50, M|
|poke|p1|Volcarona, L50, M|
|poke|p1|Sneasler, L50, F|
|poke|p1|Dragonite, L50, F|
|poke|p2|Gholdengo, L50|
|poke|p2|Dragonite, L50, M|
|poke|p2|Ursaluna-Bloodmoon, L50, M|
|poke|p2|Ninetales-Alola, L50, M|
|poke|p2|Annihilape, L50, M|
|poke|p2|Incineroar, L50, F|
|teampreview|4
|showteam|p1|Kingambit||BlackGlasses|Defiant|Protect,KowtowCleave,SuckerPunch,SwordsDance|||F|||50|,,,,,Dark]Rillaboom||AssaultVest|GrassySurge|WoodHammer,GrassyGlide,HighHorsepower,FakeOut|||F|||50|,,,,,Fire]Electabuzz||Eviolite|VitalSpirit|Protect,Thunderbolt,HelpingHand,FollowMe|||M|||50|,,,,,Ghost]Volcarona||CovertCloak|FlameBody|Protect,HeatWave,TeraBlast,QuiverDance|||M|||50|,,,,,Fairy]Sneasler||FocusSash|Unburden|CloseCombat,DireClaw,Coaching,FakeOut|||F|||50|,,,,,Stellar]Dragonite||LoadedDice|Multiscale|ScaleShot,Haze,ExtremeSpeed,Protect|||F|||50|,,,,,Fairy
|showteam|p2|Gholdengo||MetalCoat|GoodasGold|MakeItRain,ShadowBall,NastyPlot,Protect||||||50|,,,,,Water]Dragonite||LoadedDice|Multiscale|ScaleShot,ExtremeSpeed,Haze,Protect|||M|||50|,,,,,Steel]Ursaluna-Bloodmoon||AssaultVest|MindsEye|BloodMoon,HyperVoice,EarthPower,VacuumWave|||M|||50|,,,,,Water]Ninetales-Alola||FocusSash|SnowWarning|Blizzard,IcyWind,AuroraVeil,IcicleSpear|||M|||50|,,,,,Ghost]Annihilape||SafetyGoggles|Defiant|CloseCombat,RageFist,Coaching,Taunt|||M|||50|,,,,,Fire]Incineroar||RockyHelmet|Intimidate|KnockOff,FlareBlitz,PartingShot,FakeOut|||F|||50|,,,,,Ghost
|inactive|Battle timer is ON: inactive players will automatically lose when time's up. (requested by exposniffer)
|inactive|exposniffer has 60 seconds left.
|
|t:|1757121409
|teamsize|p1|4
|teamsize|p2|4
|start
|switch|p1a: Kudus|Sneasler, L50, F|100/100
|switch|p1b: Richi|Dragonite, L50, F|100/100
|switch|p2a: Ninetales|Ninetales-Alola, L50, M|100/100
|switch|p2b: Ursaluna|Ursaluna-Bloodmoon, L50, M|100/100
|-weather|Snowscape|[from] ability: Snow Warning|[of] p2a: Ninetales
|turn|1
|inactive|jay142 has 30 seconds left.
|inactive|exposniffer has 30 seconds left.
|inactive|jay142 has 20 seconds left.
|
|t:|1757121445
|switch|p2b: Gholdengo|Gholdengo, L50|100/100
|move|p1b: Richi|Protect|p1b: Richi
|-singleturn|p1b: Richi|Protect
|move|p1a: Kudus|Dire Claw|p2a: Ninetales
|-supereffective|p2a: Ninetales
|-damage|p2a: Ninetales|19/100
|-status|p2a: Ninetales|par
|move|p2a: Ninetales|Blizzard|p1b: Richi|[spread] p1a
|-activate|p1b: Richi|move: Protect
|-damage|p1a: Kudus|54/100
|
|-weather|Snowscape|[upkeep]
|upkeep
|turn|2
|inactive|exposniffer has 30 seconds left.
|
|t:|1757121472
|switch|p1b: Joao|Rillaboom, L50, F|100/100
|-fieldstart|move: Grassy Terrain|[from] ability: Grassy Surge|[of] p1b: Joao
|move|p1a: Kudus|Dire Claw|p2a: Ninetales
|-supereffective|p2a: Ninetales
|-damage|p2a: Ninetales|0 fnt
|faint|p2a: Ninetales
|move|p2b: Gholdengo|Nasty Plot|p2b: Gholdengo
|-boost|p2b: Gholdengo|spa|2
|
|-weather|Snowscape|[upkeep]
|-heal|p1a: Kudus|60/100|[from] Grassy Terrain
|upkeep
|
|t:|1757121484
|switch|p2a: Dragonite|Dragonite, L50, M|100/100
|turn|3
|
|t:|1757121498
|-terastallize|p2a: Dragonite|Steel
|move|p1a: Kudus|Coaching|p1b: Joao
|-boost|p1b: Joao|atk|1
|-boost|p1b: Joao|def|1
|move|p2b: Gholdengo|Make It Rain|p1a: Kudus|[spread] p1a,p1b
|-damage|p1a: Kudus|0 fnt
|-damage|p1b: Joao|15/100
|-unboost|p2b: Gholdengo|spa|1
|faint|p1a: Kudus
|move|p2a: Dragonite|Scale Shot|p1b: Joao
|-damage|p1b: Joao|4/100
|-damage|p1b: Joao|0 fnt
|faint|p1b: Joao
|-hitcount|p1: Joao|2
|-unboost|p2a: Dragonite|def|1
|-boost|p2a: Dragonite|spe|1
|
|-weather|Snowscape|[upkeep]
|upkeep
|
|t:|1757121507
|switch|p1a: Djed|Volcarona, L50, M|100/100
|switch|p1b: Richi|Dragonite, L50, F|100/100
|turn|4
|c|☆jay142|damn good read on the no FO
|c|☆exposniffer|had to gamble
|inactive|exposniffer has 30 seconds left.
|
|t:|1757121536
|move|p2a: Dragonite|Protect|p2a: Dragonite
|-singleturn|p2a: Dragonite|Protect
|move|p1a: Djed|Heat Wave|p2a: Dragonite|[spread] p2b
|-activate|p2a: Dragonite|move: Protect
|-supereffective|p2b: Gholdengo
|-damage|p2b: Gholdengo|29/100
|move|p2b: Gholdengo|Shadow Ball|p1a: Djed
|-damage|p1a: Djed|43/100
|move|p1b: Richi|Scale Shot|p2b: Gholdengo
|-resisted|p2b: Gholdengo
|-damage|p2b: Gholdengo|21/100
|-resisted|p2b: Gholdengo
|-damage|p2b: Gholdengo|12/100
|-resisted|p2b: Gholdengo
|-damage|p2b: Gholdengo|5/100
|-resisted|p2b: Gholdengo
|-damage|p2b: Gholdengo|0 fnt
|faint|p2b: Gholdengo
|-hitcount|p2: Gholdengo|4
|-unboost|p1b: Richi|def|1
|-boost|p1b: Richi|spe|1
|
|-weather|Snowscape|[upkeep]
|-heal|p1a: Djed|49/100|[from] Grassy Terrain
|upkeep
|
|t:|1757121546
|switch|p2b: Ursaluna|Ursaluna-Bloodmoon, L50, M|100/100
|turn|5
|c|☆jay142|i had to gamble there too lol
|
|t:|1757121559
|-terastallize|p1b: Richi|Fairy
|move|p1b: Richi|Scale Shot|p2b: Ursaluna
|-damage|p2b: Ursaluna|90/100
|-damage|p2b: Ursaluna|79/100
|-damage|p2b: Ursaluna|68/100
|-damage|p2b: Ursaluna|57/100
|-hitcount|p2b: Ursaluna|4
|-unboost|p1b: Richi|def|1
|-boost|p1b: Richi|spe|1
|move|p2a: Dragonite|Scale Shot|p1b: Richi
|-immune|p1b: Richi
|move|p1a: Djed|Heat Wave|p2b: Ursaluna|[spread] p2a,p2b
|-supereffective|p2a: Dragonite
|-crit|p2b: Ursaluna
|-damage|p2a: Dragonite|63/100
|-damage|p2b: Ursaluna|15/100
|-status|p2a: Dragonite|brn
|move|p2b: Ursaluna|Blood Moon|p1a: Djed
|-damage|p1a: Djed|0 fnt
|faint|p1a: Djed
|
|-weather|none
|-heal|p2a: Dragonite|69/100 brn|[from] Grassy Terrain
|-heal|p2b: Ursaluna|21/100|[from] Grassy Terrain
|-damage|p2a: Dragonite|63/100 brn|[from] brn
|upkeep
|turn|6
|
|t:|1757121578
|move|p1b: Richi|Extreme Speed|p2b: Ursaluna
|-damage|p2b: Ursaluna|0 fnt
|faint|p2b: Ursaluna
|move|p2a: Dragonite|Extreme Speed|p1b: Richi
|-damage|p1b: Richi|83/100
|
|-heal|p1b: Richi|89/100|[from] Grassy Terrain
|-heal|p2a: Dragonite|69/100 brn|[from] Grassy Terrain
|-damage|p2a: Dragonite|63/100 brn|[from] brn
|-fieldend|move: Grassy Terrain
|upkeep
|turn|7
|c|☆exposniffer|gg lmao
|
|t:|1757121587
|move|p1b: Richi|Protect|p1b: Richi
|-singleturn|p1b: Richi|Protect
|move|p2a: Dragonite|Extreme Speed|p1b: Richi
|-activate|p1b: Richi|move: Protect
|
|-damage|p2a: Dragonite|56/100 brn|[from] brn
|upkeep
|turn|8
|
|t:|1757121600
|move|p2a: Dragonite|Extreme Speed|p1b: Richi
|-damage|p1b: Richi|56/100
|move|p1b: Richi|Haze|p1b: Richi
|-clearallboost
|
|-damage|p2a: Dragonite|50/100 brn|[from] brn
|upkeep
|turn|9
|c|☆jay142|it'll be v v close
|inactive|exposniffer has 30 seconds left.
|
|t:|1757121626
|move|p1b: Richi|Protect|p1b: Richi
|-singleturn|p1b: Richi|Protect
|move|p2a: Dragonite|Extreme Speed|p1b: Richi
|-activate|p1b: Richi|move: Protect
|
|-damage|p2a: Dragonite|44/100 brn|[from] brn
|upkeep
|turn|10
|
|t:|1757121634
|move|p1b: Richi|Extreme Speed|p2a: Dragonite
|-resisted|p2a: Dragonite
|-crit|p2a: Dragonite
|-damage|p2a: Dragonite|21/100 brn
|move|p2a: Dragonite|Extreme Speed|p1b: Richi
|-damage|p1b: Richi|38/100
|
|-damage|p2a: Dragonite|15/100 brn|[from] brn
|upkeep
|turn|11
|
|t:|1757121644
|move|p1b: Richi|Protect|p1b: Richi
|-singleturn|p1b: Richi|Protect
|move|p2a: Dragonite|Extreme Speed|p1b: Richi
|-activate|p1b: Richi|move: Protect
|
|-damage|p2a: Dragonite|9/100 brn|[from] brn
|upkeep
|turn|12
|
|t:|1757121650
|move|p1b: Richi|Extreme Speed|p2a: Dragonite
|-resisted|p2a: Dragonite
|-damage|p2a: Dragonite|0 fnt
|faint|p2a: Dragonite
|
|win|jay142
||jay142 is ready for game 3.
|c|☆jay142|onto set 3
|inactive|exposniffer has 30 seconds to confirm battle start!
|c|☆exposniffer|lets goooo
||exposniffer is ready for game 3.
|uhtml|next|Next: Game 3 of 3
|l|☆jay142
|player|p1|
