|j|☆Kyoshi44
|j|☆Uncreative7452
|html|Kyoshi44Uncreative7452    
|uhtml|bestof|Game 1 of a best-of-3
|t:|1756168263
|gametype|doubles
|player|p1|Kyoshi44|dawn|1026
|player|p2|Uncreative7452|tuber|1079
|gen|9
|tier|[Gen 9] VGC 2025 Reg H (Bo3)
|rated|
|rule|Species Clause: Limit one of each Pokémon
|rule|Item Clause: Limit 1 of each item
|clearpoke
|poke|p1|Armarouge, L50, M|
|poke|p1|Primarina, L50, F|
|poke|p1|Sneasler, L50, M|
|poke|p1|Dragonite, L50, F|
|poke|p1|Amoonguss, L50, F|
|poke|p1|Incineroar, L50, M|
|poke|p2|Porygon2, L50|
|poke|p2|Kingambit, L50, M|
|poke|p2|Reuniclus, L50, F|
|poke|p2|Alcremie, L50, F|
|poke|p2|Pincurchin, L50, M|
|poke|p2|Chesnaught, L50, M|
|teampreview|4
|showteam|p1|Armarouge||WeaknessPolicy|WeakArmor|HeatWave,StoredPower,Protect,ExpandingForce|||M|||50|,,,,,Fire]Primarina||AssaultVest|LiquidVoice|HyperVoice,DazzlingGleam,EnergyBall,AquaJet|||F|||50|,,,,,Grass]Sneasler||FocusSash|Unburden|CloseCombat,DireClaw,Coaching,Protect|||M|||50|,,,,,Stellar]Dragonite||LoadedDice|Multiscale|ScaleShot,LowKick,ExtremeSpeed,Protect|||F|||50|,,,,,Fairy]Amoonguss||SitrusBerry|Regenerator|Spore,RagePowder,PollenPuff,Protect|||F|||50|,,,,,Water]Incineroar||SafetyGoggles|Intimidate|FakeOut,KnockOff,FlareBlitz,PartingShot|||M|||50|,,,,,Bug
|showteam|p2|Porygon2||Eviolite|Download|IceBeam,TeraBlast,TrickRoom,Recover||||||50|,,,,,Fighting]Kingambit||SafetyGoggles|Defiant|KowtowCleave,SuckerPunch,SwordsDance,Protect|||M|||50|,,,,,Dark]Reuniclus||CovertCloak|Overcoat|ExpandingForce,ShadowBall,TrickRoom,Protect|||F|||50|,,,,,Dark]Alcremie||RoomService|AromaVeil|AlluringVoice,Decorate,Protect,HelpingHand|||F|||50|,,,,,Steel]Pincurchin||FocusSash|ElectricSurge|SupercellSlam,ZingZap,Liquidation,Protect|||M|||50|,,,,,Electric]Chesnaught||ElectricSeed|Bulletproof|LeechSeed,WideGuard,BodyPress,SpikyShield|||M|||50|,,,,,Steel
|inactive|Battle timer is ON: inactive players will automatically lose when time's up. (requested by Kyoshi44)
|
|t:|1756168294
|teamsize|p1|4
|teamsize|p2|4
|start
|switch|p1a: Incineroar|Incineroar, L50, M|100/100
|switch|p1b: Sneasler|Sneasler, L50, M|100/100
|switch|p2a: Chesnaught|Chesnaught, L50, M|100/100
|switch|p2b: Pincurchin|Pincurchin, L50, M|100/100
|-ability|p1a: Incineroar|Intimidate|boost
|-unboost|p2a: Chesnaught|atk|1
|-unboost|p2b: Pincurchin|atk|1
|-fieldstart|move: Electric Terrain|[from] ability: Electric Surge|[of] p2b: Pincurchin
|-enditem|p2a: Chesnaught|Electric Seed
|-boost|p2a: Chesnaught|def|1|[from] item: Electric Seed
|turn|1
|
|t:|1756168312
|move|p2a: Chesnaught|Spiky Shield|p2a: Chesnaught
|-singleturn|p2a: Chesnaught|move: Protect
|move|p2b: Pincurchin|Protect|p2b: Pincurchin
|-singleturn|p2b: Pincurchin|Protect
|move|p1a: Incineroar|Fake Out|p2a: Chesnaught
|-activate|p2a: Chesnaught|move: Protect
|-damage|p1a: Incineroar|88/100|[from] Spiky Shield|[of] p2a: Chesnaught
|move|p1b: Sneasler|Dire Claw|p2a: Chesnaught
|-activate|p2a: Chesnaught|move: Protect
|-damage|p1b: Sneasler|88/100|[from] Spiky Shield|[of] p2a: Chesnaught
|
|upkeep
|turn|2
|
|t:|1756168328
|move|p1b: Sneasler|Close Combat|p2b: Pincurchin
|-damage|p2b: Pincurchin|22/100
|-unboost|p1b: Sneasler|def|1
|-unboost|p1b: Sneasler|spd|1
|move|p2a: Chesnaught|Body Press|p1a: Incineroar
|-supereffective|p1a: Incineroar
|-damage|p1a: Incineroar|0 fnt
|faint|p1a: Incineroar
|move|p2b: Pincurchin|Supercell Slam|p1b: Sneasler
|-damage|p1b: Sneasler|0 fnt
|faint|p1b: Sneasler
|
|upkeep
|
|t:|1756168334
|switch|p1b: Amoonguss|Amoonguss, L50, F|100/100
|switch|p1a: Dragonite|Dragonite, L50, F|100/100
|turn|3
|
|t:|1756168347
|move|p2b: Pincurchin|Protect|p2b: Pincurchin
|-singleturn|p2b: Pincurchin|Protect
|move|p1a: Dragonite|Extreme Speed|p2b: Pincurchin
|-activate|p2b: Pincurchin|move: Protect
|move|p2a: Chesnaught|Leech Seed|p1a: Dragonite
|-start|p1a: Dragonite|move: Leech Seed
|move|p1b: Amoonguss|Pollen Puff|p1a: Dragonite
|
|-damage|p1a: Dragonite|88/100|[from] Leech Seed|[of] p2a: Chesnaught
|upkeep
|turn|4
|inactive|Uncreative7452 has 30 seconds left.
|
|t:|1756168374
|move|p1a: Dragonite|Scale Shot|p2b: Pincurchin
|-damage|p2b: Pincurchin|3/100
|-damage|p2b: Pincurchin|0 fnt
|faint|p2b: Pincurchin
|-hitcount|p2: Pincurchin|2
|-unboost|p1a: Dragonite|def|1
|-boost|p1a: Dragonite|spe|1
|move|p2a: Chesnaught|Body Press|p1a: Dragonite
|-resisted|p1a: Dragonite
|-damage|p1a: Dragonite|44/100
|move|p1b: Amoonguss|Pollen Puff|p1a: Dragonite
|-heal|p1a: Dragonite|94/100
|
|-damage|p1a: Dragonite|81/100|[from] Leech Seed|[of] p2a: Chesnaught
|upkeep
|
|t:|1756168386
|switch|p2b: Porygon2|Porygon2, L50|100/100
|-ability|p2b: Porygon2|Download|boost
|-boost|p2b: Porygon2|atk|1
|turn|5
|
|t:|1756168395
|move|p1b: Amoonguss|Rage Powder|p1b: Amoonguss
|-singleturn|p1b: Amoonguss|move: Rage Powder
|move|p1a: Dragonite|Low Kick|p2b: Porygon2
|-supereffective|p2b: Porygon2
|-damage|p2b: Porygon2|70/100
|move|p2a: Chesnaught|Body Press|p1a: Dragonite
|-resisted|p1a: Dragonite
|-damage|p1a: Dragonite|38/100
|move|p2b: Porygon2|Ice Beam|p1b: Amoonguss
|-supereffective|p1b: Amoonguss
|-damage|p1b: Amoonguss|61/100
|-status|p1b: Amoonguss|frz
|
|-damage|p1a: Dragonite|25/100|[from] Leech Seed|[of] p2a: Chesnaught
|-fieldend|move: Electric Terrain
|upkeep
|turn|6
|-message|Kyoshi44 forfeited.
|
|win|Uncreative7452
|l|☆Kyoshi44
|player|p1|
||Uncreative7452 is ready for game 2.
||Kyoshi44 is ready for game 2.
|uhtml|next|Next: Game 2 of 3
