|j|☆TeyOnTheRox
|j|☆That_Leek
|html|TeyOnTheRoxThat_Leek    
|uhtml|bestof|Game 2 of a best-of-3
|t:|1757920068
|gametype|doubles
|player|p1|TeyOnTheRox|benga|1318
|player|p2|That_Leek|blue-masters|1364
|gen|9
|tier|[Gen 9] VGC 2025 Reg H (Bo3)
|rated|
|rule|Species Clause: Limit one of each Pokémon
|rule|Item Clause: Limit 1 of each item
|clearpoke
|poke|p1|Tyranitar, L50, F|
|poke|p1|Excadrill, L50, M|
|poke|p1|Sneasler, L50, F|
|poke|p1|Indeedee, L50, M|
|poke|p1|Corviknight, L50, M|
|poke|p1|Annihilape, L50, M|
|poke|p2|Incineroar, L50, F|
|poke|p2|Gholdengo, L50|
|poke|p2|Dragonite, L50, M|
|poke|p2|Amoonguss, L50, M|
|poke|p2|Ursaluna-Bloodmoon, L50, M|
|poke|p2|Gallade, L50, M|
|teampreview|4
|showteam|p1|Tyranitar||AssaultVest|SandStream|RockSlide,KnockOff,TeraBlast,LowKick|||F|||50|,,,,,Flying]Excadrill||FocusSash|SandRush|IronHead,HighHorsepower,Earthquake,Protect|||M|||50|,,,,,Stellar]Sneasler||PsychicSeed|Unburden|DireClaw,CloseCombat,ThroatChop,Protect|||F|||50|,,,,,Dark]Indeedee||ChoiceScarf|PsychicSurge|ExpandingForce,TeraBlast,Protect,Trick|||M|||50|,,,,,Psychic]Corviknight||Leftovers|MirrorArmor|BraveBird,BulkUp,Roost,Tailwind|||M|||50|,,,,,Dragon]Annihilape||SafetyGoggles|Defiant|CloseCombat,FinalGambit,RageFist,Taunt|||M|||50|,,,,,Water
|showteam|p2|Incineroar||SafetyGoggles|Intimidate|FakeOut,FlareBlitz,KnockOff,PartingShot|||F|||50|,,,,,Water]Gholdengo||LifeOrb|GoodasGold|MakeItRain,ShadowBall,NastyPlot,Protect||||||50|,,,,,Dragon]Dragonite||LoadedDice|Multiscale|Tailwind,StompingTantrum,ScaleShot,Protect|||M|||50|,,,,,Fairy]Amoonguss||SitrusBerry|Regenerator|PollenPuff,Spore,RagePowder,Protect|||M|||50|,,,,,Fairy]Ursaluna-Bloodmoon||AssaultVest|MindsEye|VacuumWave,BloodMoon,HyperVoice,EarthPower|||M|||50|,,,,,Ghost]Gallade||FocusSash|Sharpness|TrickRoom,SacredSword,WideGuard,PsychoCut|||M|||50|,,,,,Fairy
|
|t:|1757920104
|teamsize|p1|4
|teamsize|p2|4
|start
|switch|p1a: Lightnin'|Sneasler, L50, F|100/100
|switch|p1b: Filmore|Indeedee, L50, M, shiny|100/100
|switch|p2a: Amoonguss|Amoonguss, L50, M|100/100
|switch|p2b: Gallade|Gallade, L50, M|100/100
|-fieldstart|move: Psychic Terrain|[from] ability: Psychic Surge|[of] p1b: Filmore
|-enditem|p1a: Lightnin'|Psychic Seed
|-boost|p1a: Lightnin'|spd|1|[from] item: Psychic Seed
|turn|1
|
|t:|1757920123
|-terastallize|p1b: Filmore|Psychic
|move|p2b: Gallade|Wide Guard|p2b: Gallade
|-singleturn|p2b: Gallade|Wide Guard
|move|p1a: Lightnin'|Dire Claw|p2b: Gallade
|-damage|p2b: Gallade|25/100
|-status|p2b: Gallade|par
|move|p1b: Filmore|Tera Blast|p2b: Gallade|[anim] Tera Blast Psychic
|-damage|p2b: Gallade|0 fnt
|faint|p2b: Gallade
|move|p2a: Amoonguss|Spore|p1b: Filmore
|-status|p1b: Filmore|slp|[from] move: Spore
|
|upkeep
|
|t:|1757920134
|switch|p2b: Incineroar|Incineroar, L50, F|100/100
|-ability|p2b: Incineroar|Intimidate|boost
|-unboost|p1a: Lightnin'|atk|1
|-unboost|p1b: Filmore|atk|1
|turn|2
|
|t:|1757920152
|switch|p1a: Chicks Hicks|Annihilape, L50, M|100/100
|move|p2a: Amoonguss|Rage Powder|p2a: Amoonguss
|-singleturn|p2a: Amoonguss|move: Rage Powder
|cant|p1b: Filmore|slp
|move|p2b: Incineroar|Knock Off|p1b: Filmore
|-supereffective|p1b: Filmore
|-damage|p1b: Filmore|0 fnt
|-enditem|p1b: Filmore|Choice Scarf|[from] move: Knock Off|[of] p2b: Incineroar
|faint|p1b: Filmore
|
|upkeep
|
|t:|1757920173
|switch|p1b: Mack|Corviknight, L50, M|100/100
|turn|3
|
|t:|1757920188
|switch|p2a: Gholdengo|Gholdengo, L50|100/100
|move|p1a: Chicks Hicks|Taunt|p2a: Gholdengo
|-immune|p2a: Gholdengo|[from] ability: Good as Gold
|move|p1b: Mack|Bulk Up|p1b: Mack
|-boost|p1b: Mack|atk|1
|-boost|p1b: Mack|def|1
|move|p2b: Incineroar|Flare Blitz|p1b: Mack
|-supereffective|p1b: Mack
|-damage|p1b: Mack|46/100
|-damage|p2b: Incineroar|82/100|[from] Recoil
|
|-heal|p1b: Mack|52/100|[from] item: Leftovers
|upkeep
|turn|4
|
|t:|1757920213
|move|p1a: Chicks Hicks|Rage Fist|p2a: Gholdengo
|-supereffective|p2a: Gholdengo
|-damage|p2a: Gholdengo|60/100
|move|p2a: Gholdengo|Shadow Ball|p1a: Chicks Hicks
|-supereffective|p1a: Chicks Hicks
|-damage|p1a: Chicks Hicks|0 fnt
|faint|p1a: Chicks Hicks
|-damage|p2a: Gholdengo|51/100|[from] item: Life Orb
|move|p1b: Mack|Brave Bird|p2b: Incineroar
|-damage|p2b: Incineroar|12/100
|-damage|p1b: Mack|28/100|[from] Recoil
|move|p2b: Incineroar|Knock Off|p1b: Mack
|-damage|p1b: Mack|3/100
|-enditem|p1b: Mack|Leftovers|[from] move: Knock Off|[of] p2b: Incineroar
|
|upkeep
|
|t:|1757920227
|switch|p1a: Lightnin'|Sneasler, L50, F|100/100
|turn|5
|
|t:|1757920241
|switch|p2b: Amoonguss|Amoonguss, L50, M|100/100
|move|p2a: Gholdengo|Protect|p2a: Gholdengo
|-singleturn|p2a: Gholdengo|Protect
|move|p1a: Lightnin'|Throat Chop|p2a: Gholdengo
|-activate|p2a: Gholdengo|move: Protect
|move|p1b: Mack|Roost|p1b: Mack
|-heal|p1b: Mack|53/100
|-singleturn|p1b: Mack|move: Roost
|
|-fieldend|move: Psychic Terrain
|upkeep
|turn|6
|
|t:|1757920265
|move|p2b: Amoonguss|Rage Powder|p2b: Amoonguss
|-singleturn|p2b: Amoonguss|move: Rage Powder
|move|p1a: Lightnin'|Dire Claw|p2b: Amoonguss
|-damage|p2b: Amoonguss|60/100
|move|p2a: Gholdengo|Shadow Ball|p1b: Mack
|-damage|p1b: Mack|0 fnt
|faint|p1b: Mack
|-damage|p2a: Gholdengo|41/100|[from] item: Life Orb
|
|upkeep
|turn|7
|-message|TeyOnTheRox forfeited.
|
|win|That_Leek
|raw|TeyOnTheRox's rating: 1318 → 1301(-17 for losing)
|raw|That_Leek's rating: 1364 → 1381(+17 for winning)
