|j|☆LaF101
|j|☆arkjsmith
|html|LaF101arkjsmith    
|uhtml|bestof|Game 1 of a best-of-3
|t:|1756959226
|gametype|doubles
|player|p1|LaF101|rood|1185
|player|p2|arkjsmith|roxie|1291
|gen|9
|tier|[Gen 9] VGC 2025 Reg H (Bo3)
|rated|
|rule|Species Clause: Limit one of each Pokémon
|rule|Item Clause: Limit 1 of each item
|clearpoke
|poke|p1|Pelipper, L50, F|
|poke|p1|Archaludon, L50, F|
|poke|p1|Annihilape, L50, M|
|poke|p1|Maushold, L50|
|poke|p1|Sinistcha, L50|
|poke|p1|Dragonite, L50, F|
|poke|p2|Dragonite, L50, M|
|poke|p2|Ninetales-Alola, L50, M|
|poke|p2|Annihilape, L50, F|
|poke|p2|Rillaboom, L50, M|
|poke|p2|Gholdengo, L50|
|poke|p2|Ursaluna-Bloodmoon, L50, M|
|teampreview|4
|showteam|p1|Pelipper||FocusSash|Drizzle|WeatherBall,Hurricane,Tailwind,Protect|||F|||50|,,,,,Ghost]Archaludon||AssaultVest|Stamina|ElectroShot,BodyPress,FlashCannon,Snarl|||F|||50|,,,,,Bug]Annihilape||Leftovers|Defiant|RageFist,DrainPunch,BulkUp,Protect|||M|||50|,,,,,Water]Maushold||RockyHelmet|FriendGuard|FollowMe,BeatUp,Encore,Protect||||||50|,,,,,Grass]Sinistcha||SitrusBerry|Hospitality|MatchaGotcha,RagePowder,Curse,LifeDew||||||50|,,,,,Water]Dragonite||LoadedDice|Multiscale|ScaleShot,ExtremeSpeed,Haze,Protect|||F|||50|,,,,,Steel
|showteam|p2|Dragonite||LoadedDice|Multiscale|ScaleShot,ExtremeSpeed,Tailwind,Protect|||M|||50|,,,,,Fairy]Ninetales-Alola||LightClay|SnowWarning|IcicleSpear,AuroraVeil,Blizzard,IcyWind|||M|||50|,,,,,Ghost]Annihilape||SafetyGoggles|Defiant|RageFist,DrainPunch,BulkUp,Protect|||F|||50|,,,,,Fire]Rillaboom||MiracleSeed|GrassySurge|WoodHammer,GrassyGlide,FakeOut,Protect|||M|||50|,,,,,Grass]Gholdengo||LifeOrb|GoodasGold|MakeItRain,ShadowBall,NastyPlot,Protect||||||50|,,,,,Water]Ursaluna-Bloodmoon||AssaultVest|MindsEye|BloodMoon,HyperVoice,EarthPower,VacuumWave|||M|||50|,,,,,Ghost
|inactive|Battle timer is ON: inactive players will automatically lose when time's up. (requested by arkjsmith)
|inactive|LaF101 also wants the timer to be on.
|inactive|arkjsmith has 60 seconds left.
|
|t:|1756959281
|teamsize|p1|4
|teamsize|p2|4
|start
|switch|p1a: Archaludon|Archaludon, L50, F|100/100
|switch|p1b: Maushold|Maushold, L50|100/100
|switch|p2a: Air Cstcher|Dragonite, L50, M, shiny|100/100
|switch|p2b: Indigo|Annihilape, L50, F, shiny|100/100
|turn|1
|
|t:|1756959302
|move|p1b: Maushold|Beat Up|p1a: Archaludon
|-damage|p1a: Archaludon|99/100
|-ability|p1a: Archaludon|Stamina|boost
|-boost|p1a: Archaludon|def|1
|-damage|p1a: Archaludon|98/100
|-ability|p1a: Archaludon|Stamina|boost
|-boost|p1a: Archaludon|def|1
|-damage|p1a: Archaludon|97/100
|-ability|p1a: Archaludon|Stamina|boost
|-boost|p1a: Archaludon|def|1
|-damage|p1a: Archaludon|97/100
|-ability|p1a: Archaludon|Stamina|boost
|-boost|p1a: Archaludon|def|1
|-hitcount|p1a: Archaludon|4
|move|p2b: Indigo|Bulk Up|p2b: Indigo
|-boost|p2b: Indigo|atk|1
|-boost|p2b: Indigo|def|1
|move|p2a: Air Cstcher|Scale Shot|p1b: Maushold
|-damage|p1b: Maushold|81/100
|-damage|p1b: Maushold|60/100
|-damage|p1b: Maushold|40/100
|-damage|p1b: Maushold|19/100
|-hitcount|p1b: Maushold|4
|-unboost|p2a: Air Cstcher|def|1
|-boost|p2a: Air Cstcher|spe|1
|move|p1a: Archaludon|Body Press|p2a: Air Cstcher
|-resisted|p2a: Air Cstcher
|-damage|p2a: Air Cstcher|67/100
|
|upkeep
|turn|2
|inactive|LaF101 has 30 seconds left.
|inactive|LaF101 has 20 seconds left.
|
|t:|1756959340
|switch|p1b: Pelipper|Pelipper, L50, F|100/100
|-weather|RainDance|[from] ability: Drizzle|[of] p1b: Pelipper
|move|p2b: Indigo|Protect|p2b: Indigo
|-singleturn|p2b: Indigo|Protect
|move|p2a: Air Cstcher|Tailwind|p2a: Air Cstcher
|-sidestart|p2: arkjsmith|move: Tailwind
|move|p1a: Archaludon|Electro Shot||[still]
|-prepare|p1a: Archaludon|Electro Shot
|-boost|p1a: Archaludon|spa|1
|-anim|p1a: Archaludon|Electro Shot|p2a: Air Cstcher
|-damage|p2a: Air Cstcher|13/100
|
|-weather|RainDance|[upkeep]
|upkeep
|turn|3
|
|t:|1756959362
|switch|p2a: Ninetales|Ninetales-Alola, L50, M|100/100
|-weather|Snowscape|[from] ability: Snow Warning|[of] p2a: Ninetales
|-terastallize|p2b: Indigo|Fire
|move|p2b: Indigo|Bulk Up|p2b: Indigo
|-boost|p2b: Indigo|atk|1
|-boost|p2b: Indigo|def|1
|move|p1b: Pelipper|Hurricane|p2b: Indigo
|-damage|p2b: Indigo|51/100
|move|p1a: Archaludon|Electro Shot||[still]
|-prepare|p1a: Archaludon|Electro Shot
|-boost|p1a: Archaludon|spa|1
|
|-weather|Snowscape|[upkeep]
|upkeep
|turn|4
|inactive|LaF101 has 30 seconds left.
|inactive|arkjsmith has 30 seconds left.
|inactive|LaF101 has 20 seconds left.
|
|t:|1756959397
|switch|p1b: Maushold|Maushold, L50|19/100
|move|p2a: Ninetales|Aurora Veil|p2a: Ninetales
|-sidestart|p2: arkjsmith|move: Aurora Veil
|move|p2b: Indigo|Drain Punch|p1a: Archaludon
|-supereffective|p1a: Archaludon
|-damage|p1a: Archaludon|78/100
|-heal|p2b: Indigo|61/100|[from] drain|[of] p1a: Archaludon
|-ability|p1a: Archaludon|Stamina|boost
|-boost|p1a: Archaludon|def|1
|move|p1a: Archaludon|Electro Shot|p2a: Ninetales|[from] lockedmove
|-damage|p2a: Ninetales|52/100
|
|-weather|Snowscape|[upkeep]
|upkeep
|turn|5
|
|t:|1756959422
|move|p2b: Indigo|Protect|p2b: Indigo
|-singleturn|p2b: Indigo|Protect
|move|p2a: Ninetales|Blizzard|p1b: Maushold|[spread] p1a,p1b
|-damage|p1a: Archaludon|66/100
|-damage|p1b: Maushold|0 fnt
|-ability|p1a: Archaludon|Stamina|boost
|-boost|p1a: Archaludon|def|1
|faint|p1b: Maushold
|move|p1a: Archaludon|Body Press|p2b: Indigo
|-activate|p2b: Indigo|move: Protect
|
|-weather|Snowscape|[upkeep]
|-sideend|p2: arkjsmith|move: Tailwind
|upkeep
|
|t:|1756959427
|switch|p1b: Pelipper|Pelipper, L50, F|100/100
|-weather|RainDance|[from] ability: Drizzle|[of] p1b: Pelipper
|turn|6
|
|t:|1756959444
|move|p2a: Ninetales|Blizzard|p1b: Pelipper|[spread] p1a,p1b
|-damage|p1a: Archaludon|51/100
|-damage|p1b: Pelipper|61/100
|move|p2b: Indigo|Drain Punch|p1a: Archaludon
|-supereffective|p1a: Archaludon
|-damage|p1a: Archaludon|27/100
|-heal|p2b: Indigo|72/100|[from] drain|[of] p1a: Archaludon
|move|p1b: Pelipper|Tailwind|p1b: Pelipper
|-sidestart|p1: LaF101|move: Tailwind
|move|p1a: Archaludon|Body Press|p2b: Indigo
|-damage|p2b: Indigo|38/100
|
|-weather|RainDance|[upkeep]
|upkeep
|turn|7
|
|t:|1756959463
|switch|p1b: Sinistcha|Sinistcha, L50|100/100
|-heal|p1a: Archaludon|52/100|[from] ability: Hospitality|[of] p1b: Sinistcha
|move|p2b: Indigo|Protect|p2b: Indigo
|-singleturn|p2b: Indigo|Protect
|move|p1a: Archaludon|Body Press|p2b: Indigo
|-activate|p2b: Indigo|move: Protect
|move|p2a: Ninetales|Icy Wind|p1a: Archaludon|[spread] p1a,p1b
|-supereffective|p1b: Sinistcha
|-damage|p1a: Archaludon|43/100
|-damage|p1b: Sinistcha|77/100
|-unboost|p1a: Archaludon|spe|1
|-unboost|p1b: Sinistcha|spe|1
|
|-weather|RainDance|[upkeep]
|upkeep
|turn|8
|
|t:|1756959482
|move|p2a: Ninetales|Icy Wind|p1b: Sinistcha|[spread] p1a,p1b
|-supereffective|p1b: Sinistcha
|-damage|p1a: Archaludon|34/100
|-damage|p1b: Sinistcha|56/100
|-unboost|p1a: Archaludon|spe|1
|-unboost|p1b: Sinistcha|spe|1
|move|p2b: Indigo|Rage Fist|p1b: Sinistcha
|-supereffective|p1b: Sinistcha
|-damage|p1b: Sinistcha|0 fnt
|faint|p1b: Sinistcha
|move|p1a: Archaludon|Flash Cannon|p2a: Ninetales
|-supereffective|p2a: Ninetales
|-damage|p2a: Ninetales|0 fnt
|faint|p2a: Ninetales
|
|-weather|RainDance|[upkeep]
|upkeep
|
|t:|1756959496
|switch|p2a: Air Cstcher|Dragonite, L50, M, shiny|13/100
|switch|p1b: Pelipper|Pelipper, L50, F|61/100
|turn|9
|
|t:|1756959502
|move|p2b: Indigo|Protect|p2b: Indigo
|-singleturn|p2b: Indigo|Protect
|move|p2a: Air Cstcher|Protect|p2a: Air Cstcher
|-singleturn|p2a: Air Cstcher|Protect
|move|p1b: Pelipper|Weather Ball|p2b: Indigo
|-activate|p2b: Indigo|move: Protect
|move|p1a: Archaludon|Electro Shot||[still]
|-prepare|p1a: Archaludon|Electro Shot
|-boost|p1a: Archaludon|spa|1
|-anim|p1a: Archaludon|Electro Shot|p2a: Air Cstcher
|-activate|p2a: Air Cstcher|move: Protect
|
|-weather|RainDance|[upkeep]
|-sideend|p1: LaF101|move: Tailwind
|upkeep
|turn|10
|
|t:|1756959515
|move|p2b: Indigo|Drain Punch|p1a: Archaludon
|-supereffective|p1a: Archaludon
|-damage|p1a: Archaludon|15/100
|-heal|p2b: Indigo|47/100|[from] drain|[of] p1a: Archaludon
|move|p2a: Air Cstcher|Tailwind|p2a: Air Cstcher
|-sidestart|p2: arkjsmith|move: Tailwind
|move|p1b: Pelipper|Weather Ball|p2b: Indigo
|-supereffective|p2b: Indigo
|-damage|p2b: Indigo|0 fnt
|faint|p2b: Indigo
|move|p1a: Archaludon|Electro Shot||[still]
|-prepare|p1a: Archaludon|Electro Shot
|-boost|p1a: Archaludon|spa|1
|-anim|p1a: Archaludon|Electro Shot|p2a: Air Cstcher
|-damage|p2a: Air Cstcher|0 fnt
|faint|p2a: Air Cstcher
|
|-weather|none
|upkeep
|
|t:|1756959525
|switch|p2a: Lavish|Gholdengo, L50|100/100
|turn|11
|
|t:|1756959534
|move|p2a: Lavish|Shadow Ball|p1a: Archaludon
|-damage|p1a: Archaludon|0 fnt
|faint|p1a: Archaludon
|-damage|p2a: Lavish|91/100|[from] item: Life Orb
|move|p1b: Pelipper|Hurricane|p2a: Lavish
|-resisted|p2a: Lavish
|-damage|p2a: Lavish|71/100
|
|-sideend|p2: arkjsmith|move: Aurora Veil
|upkeep
|turn|12
|
|t:|1756959548
|move|p2a: Lavish|Shadow Ball|p1b: Pelipper
|-crit|p1b: Pelipper
|-damage|p1b: Pelipper|0 fnt
|faint|p1b: Pelipper
|-damage|p2a: Lavish|61/100|[from] item: Life Orb
|
|win|arkjsmith
|l|☆LaF101
|player|p1|
