|j|☆aydenmills12
|j|☆outrage20100
|html|aydenmills12outrage20100    
|uhtml|bestof|Game 1 of a best-of-3
|t:|1757636964
|gametype|doubles
|player|p1|aydenmills12|n-masters3|
|player|p2|outrage20100|ghetsis|
|gen|9
|tier|[Gen 9] VGC 2025 Reg H (Bo3)
|rule|Species Clause: Limit one of each Pokémon
|rule|Item Clause: Limit 1 of each item
|clearpoke
|poke|p1|Dragapult, L50, F|
|poke|p1|Primarina, L50, F|
|poke|p1|Rillaboom, L50, F|
|poke|p1|Gholdengo, L50|
|poke|p1|Talonflame, L50, F|
|poke|p1|Krookodile, L50, M|
|poke|p2|Annihilape, L50, F|
|poke|p2|Whimsicott, L50, M|
|poke|p2|Flapple, L50, F|
|poke|p2|Meowstic, L50, M|
|poke|p2|Clefairy, L50, F|
|poke|p2|Lucario, L50, F|
|teampreview|4
|showteam|p1|Dragapult||LifeOrb|ClearBody|PhantomForce,DragonDarts,DragonDance,Protect|||F|||50|,,,,,Dragon]Primarina||ThroatSpray|LiquidVoice|HyperVoice,DazzlingGleam,Moonblast,Protect|||F|||50|,,,,,Grass]Rillaboom||AssaultVest|GrassySurge|GrassyGlide,FakeOut,KnockOff,Uturn|||F|||50|,,,,,Grass]Gholdengo||FocusSash|GoodasGold|MakeItRain,ShadowBall,Protect,NastyPlot||||||50|,,,,,Steel]Talonflame||CovertCloak|GaleWings|FlareBlitz,BraveBird,Tailwind,Protect|||F|||50|,,,,,Water]Krookodile||SitrusBerry|Intimidate|StompingTantrum,RockSlide,KnockOff,Protect|||M|||50|,,,,,Dragon
|showteam|p2|Annihilape||Leftovers|InnerFocus|RageFist,DrainPunch,Uturn,IcePunch|||F|||50|,,,,,Stellar]Whimsicott||FocusSash|Prankster|Tailwind,HelpingHand,DazzlingGleam,Protect|||M|||50|,,,,,Grass]Flapple||ChoiceBand|Hustle|Outrage,GravApple,Uturn,Facade|||F|||50|,,,,,Grass]Meowstic||SitrusBerry|Prankster|Gravity,HelpingHand,Yawn,Trick|||M|||50|,,,,,Psychic]Clefairy||Eviolite|MagicGuard|FollowMe,HelpingHand,LifeDew,Encore|||F|||50|,,,,,Fairy]Lucario||ClearAmulet|InnerFocus|AuraSphere,FlashCannon,Psychic,ShadowBall|||F|||50|,,,,,Fighting
|inactive|Battle timer is ON: inactive players will automatically lose when time's up. (requested by aydenmills12)
|inactive|aydenmills12 has 60 seconds left.
|
|t:|1757637019
|teamsize|p1|4
|teamsize|p2|4
|start
|switch|p1a: Krookodile|Krookodile, L50, M|100/100
|switch|p1b: Rillaboom|Rillaboom, L50, F|100/100
|switch|p2a: Annihilape|Annihilape, L50, F|100/100
|switch|p2b: Meowstic|Meowstic, L50, M|100/100
|-ability|p1a: Krookodile|Intimidate|boost
|-fail|p2a: Annihilape|unboost|Attack|[from] ability: Inner Focus|[of] p2a: Annihilape
|-unboost|p2b: Meowstic|atk|1
|-fieldstart|move: Grassy Terrain|[from] ability: Grassy Surge|[of] p1b: Rillaboom
|turn|1
|inactive|aydenmills12 has 30 seconds left.
|inactive|outrage20100 has 30 seconds left.
|inactive|aydenmills12 has 20 seconds left.
|inactive|aydenmills12 has 15 seconds left.
|inactive|aydenmills12 has 10 seconds left.
|
|t:|1757637066
|move|p2b: Meowstic|Gravity|p2b: Meowstic
|-fieldstart|move: Gravity
|move|p2a: Annihilape|U-turn|p1b: Rillaboom
|-supereffective|p1b: Rillaboom
|-damage|p1b: Rillaboom|57/100
|
|t:|1757637070
|switch|p2a: :)|Flapple, L50, F|100/100|[from] U-turn
|move|p1a: Krookodile|Knock Off|p2b: Meowstic
|-supereffective|p2b: Meowstic
|-damage|p2b: Meowstic|23/100
|-enditem|p2b: Meowstic|Sitrus Berry|[from] move: Knock Off|[of] p1a: Krookodile
|move|p1b: Rillaboom|Knock Off|p2a: :)
|-damage|p2a: :)|48/100
|-enditem|p2a: :)|Choice Band|[from] move: Knock Off|[of] p1b: Rillaboom
|
|-heal|p2b: Meowstic|29/100|[from] Grassy Terrain
|-heal|p2a: :)|55/100|[from] Grassy Terrain
|-heal|p1b: Rillaboom|63/100|[from] Grassy Terrain
|upkeep
|turn|2
|inactive|outrage20100 has 30 seconds left.
|inactive|outrage20100 has 20 seconds left.
|inactive|outrage20100 has 15 seconds left.
|inactive|outrage20100 has 10 seconds left.
|
|t:|1757637118
|move|p2b: Meowstic|Helping Hand|p2a: :)
|-singleturn|p2a: :)|Helping Hand|[of] p2b: Meowstic
|move|p1a: Krookodile|Rock Slide|p2a: :)|[spread] p2a,p2b
|-damage|p2a: :)|30/100
|-damage|p2b: Meowstic|13/100
|move|p2a: :)|Grav Apple|p1a: Krookodile
|-supereffective|p1a: Krookodile
|-damage|p1a: Krookodile|0 fnt
|faint|p1a: Krookodile
|move|p1b: Rillaboom|U-turn|p2a: :)
|-supereffective|p2a: :)
|-damage|p2a: :)|0 fnt
|faint|p2a: :)
|
|t:|1757637133
|switch|p1b: Dragapult|Dragapult, L50, F, shiny|100/100|[from] U-turn
|
|-heal|p2b: Meowstic|19/100|[from] Grassy Terrain
|upkeep
|
|t:|1757637141
|switch|p1a: Primarina|Primarina, L50, F, shiny|100/100
|switch|p2a: Annihilape|Annihilape, L50, F|100/100
|turn|3
|inactive|outrage20100 has 30 seconds left.
|inactive|outrage20100 has 20 seconds left.
|inactive|outrage20100 has 15 seconds left.
|inactive|outrage20100 has 10 seconds left.
|
|t:|1757637189
|-terastallize|p2a: Annihilape|Stellar
|move|p2b: Meowstic|Helping Hand|p2a: Annihilape
|-singleturn|p2a: Annihilape|Helping Hand|[of] p2b: Meowstic
|move|p1b: Dragapult|Dragon Darts|p2a: Annihilape
|-damage|p2a: Annihilape|58/100
|-anim|p1b: Dragapult|Dragon Darts|p2b: Meowstic
|-damage|p2b: Meowstic|0 fnt
|faint|p2b: Meowstic
|-damage|p1b: Dragapult|91/100|[from] item: Life Orb
|move|p2a: Annihilape|Drain Punch|p1a: Primarina
|-resisted|p1a: Primarina
|-damage|p1a: Primarina|58/100
|-heal|p2a: Annihilape|77/100|[from] drain|[of] p1a: Primarina
|move|p1a: Primarina|Hyper Voice|p2a: Annihilape
|-damage|p2a: Annihilape|32/100
|-enditem|p1a: Primarina|Throat Spray
|-boost|p1a: Primarina|spa|1|[from] item: Throat Spray
|
|-heal|p1b: Dragapult|97/100|[from] Grassy Terrain
|-heal|p2a: Annihilape|38/100|[from] Grassy Terrain
|-heal|p2a: Annihilape|44/100|[from] item: Leftovers
|-heal|p1a: Primarina|64/100|[from] Grassy Terrain
|upkeep
|
|t:|1757637210
|switch|p2b: Whimsicott|Whimsicott, L50, M|100/100
|turn|4
|
|t:|1757637223
|move|p2b: Whimsicott|Tailwind|p2b: Whimsicott
|-sidestart|p2: outrage20100|move: Tailwind
|move|p2a: Annihilape|Rage Fist|p1b: Dragapult
|-supereffective|p1b: Dragapult
|-damage|p1b: Dragapult|0 fnt
|faint|p1b: Dragapult
|move|p1a: Primarina|Dazzling Gleam|p2a: Annihilape|[spread] p2a,p2b
|-supereffective|p2a: Annihilape
|-damage|p2a: Annihilape|0 fnt
|-damage|p2b: Whimsicott|61/100
|faint|p2a: Annihilape
|
|-heal|p2b: Whimsicott|67/100|[from] Grassy Terrain
|-heal|p1a: Primarina|70/100|[from] Grassy Terrain
|upkeep
|
|t:|1757637234
|switch|p1b: Rillaboom|Rillaboom, L50, F|63/100
|turn|5
|
|t:|1757637241
|move|p2b: Whimsicott|Dazzling Gleam|p1a: Primarina|[spread] p1a,p1b
|-damage|p1a: Primarina|54/100
|-damage|p1b: Rillaboom|51/100
|move|p1b: Rillaboom|U-turn|p2b: Whimsicott
|-damage|p2b: Whimsicott|36/100
|move|p1a: Primarina|Moonblast|p2b: Whimsicott
|-damage|p2b: Whimsicott|0 fnt
|faint|p2b: Whimsicott
|
|win|aydenmills12
|inactive|aydenmills12 has 30 seconds to confirm battle start!
|inactive|outrage20100 has 30 seconds to confirm battle start!
||aydenmills12 is ready for game 2.
||outrage20100 is ready for game 2.
|uhtml|next|Next: Game 2 of 3
