|j|☆MeerMika
|j|☆Majene
|html|MeerMikaMajene    
|uhtml|bestof|Game 2 of a best-of-3
|t:|1782560629
|gametype|doubles
|player|p1|MeerMika|neroli|
|player|p2|Majene|medium|
|gen|9
|tier|[Gen 9 Champions] VGC 2026 Reg M-B (Bo3)
|rule|Species Clause: Limit one of each Pokémon
|rule|Item Clause: Limit 1 of each item
|clearpoke
|poke|p1|Blaziken, L50, M, shiny|
|poke|p1|Kingambit, L50, F|
|poke|p1|Basculegion, L50, M|
|poke|p1|Whimsicott, L50, M|
|poke|p1|Torkoal, L50, M|
|poke|p1|Raichu, L50, M|
|poke|p2|Annihilape, L50, M|
|poke|p2|Maushold-Four, L50|
|poke|p2|Dragalge, L50, M|
|poke|p2|Incineroar, L50, M|
|poke|p2|Farigiraf, L50, F|
|poke|p2|Mawile, L50, M|
|teampreview|4
|showteam|p1|Blaziken||Blazikenite|SpeedBoost|FlareBlitz,CloseCombat,Protect,RockSlide|Adamant||M|||50|]Kingambit||ChopleBerry|Defiant|KowtowCleave,SuckerPunch,IronHead,Protect|Adamant||F|||50|]Basculegion||LifeOrb|Adaptability|WaveCrash,AquaJet,LastRespects,Protect|Adamant||M|||50|]Whimsicott||FocusSash|Prankster|Moonblast,Tailwind,Encore,Protect|Modest||M|||50|]Torkoal||Leftovers|Drought|BurningJealousy,Protect,Yawn,WeatherBall|Relaxed||M|||50|]Raichu||RaichuniteY|LightningRod|ZapCannon,FocusBlast,GrassKnot,Protect|Modest||M|||50|
|showteam|p2|Annihilape||Leftovers|Defiant|BulkUp,Protect,RageFist,CloseCombat|Adamant||M|||50|]Maushold-Four||WideLens|Technician|PopulationBomb,Protect,Encore,FollowMe|Jolly|||||50|]Dragalge||Dragalgite|Adaptability|DragonPulse,Protect,FlipTurn,SludgeBomb|Quiet||M|||50|]Incineroar||SitrusBerry|Intimidate|FakeOut,DarkestLariat,WillOWisp,PartingShot|Careful||M|||50|]Farigiraf||ColburBerry|ArmorTail|TrickRoom,Protect,TwinBeam,HelpingHand|Sassy||F|||50|]Mawile||Mawilite|Intimidate|IronHead,Protect,PlayRough,BrickBreak|Adamant||M|||50|
|inactive|Battle timer is ON: inactive players will automatically lose when time's up. (requested by MeerMika)
|j| robbie0301
|
|t:|1782560648
|teamsize|p1|4
|teamsize|p2|4
|start
|switch|p1a: Kingambit|Kingambit, L50, F|100/100
|switch|p1b: Blaziken|Blaziken, L50, M, shiny|100/100
|switch|p2a: Annihilape|Annihilape, L50, M|100/100
|switch|p2b: Maushold|Maushold-Four, L50|100/100
|turn|1
|
|t:|1782560667
|detailschange|p1b: Blaziken|Blaziken-Mega, L50, M, shiny
|-mega|p1b: Blaziken|Blaziken|Blazikenite
|move|p2b: Maushold|Population Bomb|p1b: Blaziken
|-damage|p1b: Blaziken|84/100
|-damage|p1b: Blaziken|70/100
|-damage|p1b: Blaziken|54/100
|-damage|p1b: Blaziken|38/100
|-damage|p1b: Blaziken|24/100
|-damage|p1b: Blaziken|9/100
|-damage|p1b: Blaziken|0 fnt
|faint|p1b: Blaziken
|-hitcount|p1: Blaziken|7
|move|p2a: Annihilape|Bulk Up|p2a: Annihilape
|-boost|p2a: Annihilape|atk|1
|-boost|p2a: Annihilape|def|1
|move|p1a: Kingambit|Kowtow Cleave|p2a: Annihilape
|-crit|p2a: Annihilape
|-damage|p2a: Annihilape|31/100
|
|-heal|p2a: Annihilape|37/100|[from] item: Leftovers
|upkeep
|
|t:|1782560674
|switch|p1b: Torkoal|Torkoal, L50, M|100/100
|-weather|SunnyDay|[from] ability: Drought|[of] p1b: Torkoal
|turn|2
|inactive|Majene has 30 seconds left.
|inactive|Majene has 20 seconds left.
|inactive|Majene has 15 seconds left.
|inactive|Majene has 10 seconds left.
|
|t:|1782560720
|move|p1a: Kingambit|Protect|p1a: Kingambit
|-singleturn|p1a: Kingambit|Protect
|move|p2b: Maushold|Follow Me|p2b: Maushold
|-singleturn|p2b: Maushold|move: Follow Me
|move|p2a: Annihilape|Close Combat|p1b: Torkoal
|-damage|p1b: Torkoal|40/100
|-unboost|p2a: Annihilape|def|1
|-unboost|p2a: Annihilape|spd|1
|move|p1b: Torkoal|Weather Ball|p2b: Maushold
|-damage|p2b: Maushold|26/100
|
|-weather|SunnyDay|[upkeep]
|-heal|p2a: Annihilape|43/100|[from] item: Leftovers
|-heal|p1b: Torkoal|46/100|[from] item: Leftovers
|upkeep
|turn|3
|
|t:|1782560736
|move|p2b: Maushold|Encore|p1a: Kingambit
|-start|p1a: Kingambit|Encore
|move|p1a: Kingambit|Protect|p1a: Kingambit
|-singleturn|p1a: Kingambit|Protect
|move|p2a: Annihilape|Close Combat|p1a: Kingambit
|-activate|p1a: Kingambit|move: Protect
|move|p1b: Torkoal|Weather Ball|p2a: Annihilape
|-damage|p2a: Annihilape|0 fnt
|faint|p2a: Annihilape
|
|-weather|SunnyDay|[upkeep]
|-heal|p1b: Torkoal|52/100|[from] item: Leftovers
|upkeep
|
|t:|1782560749
|switch|p2a: Mawile|Mawile, L50, M|100/100
|-ability|p2a: Mawile|Intimidate|boost
|-unboost|p1a: Kingambit|atk|1
|-ability|p1a: Kingambit|Defiant|boost
|-boost|p1a: Kingambit|atk|2
|-unboost|p1b: Torkoal|atk|1
|turn|4
|j| LivioVGC
|
|t:|1782560761
|switch|p1a: Basculegion|Basculegion, L50, M|100/100
|detailschange|p2a: Mawile|Mawile-Mega, L50, M
|-mega|p2a: Mawile|Mawile|Mawilite
|move|p2b: Maushold|Population Bomb|p1b: Torkoal
|-damage|p1b: Torkoal|45/100
|-damage|p1b: Torkoal|36/100
|-damage|p1b: Torkoal|29/100
|-damage|p1b: Torkoal|22/100
|-hitcount|p1b: Torkoal|4
|move|p2a: Mawile|Brick Break|p1a: Basculegion
|-immune|p1a: Basculegion
|move|p1b: Torkoal|Weather Ball|p2a: Mawile
|-supereffective|p2a: Mawile|1
|-damage|p2a: Mawile|0 fnt
|faint|p2a: Mawile
|
|-weather|SunnyDay|[upkeep]
|-heal|p1b: Torkoal|28/100|[from] item: Leftovers
|upkeep
|j| GurbederBeste
|l| LivioVGC
|
|t:|1782560783
|switch|p2a: Farigiraf|Farigiraf, L50, F|100/100
|turn|5
|
|t:|1782560807
|move|p2b: Maushold|Population Bomb|p1b: Torkoal
|-damage|p1b: Torkoal|21/100
|-damage|p1b: Torkoal|12/100
|-damage|p1b: Torkoal|5/100
|-damage|p1b: Torkoal|0 fnt
|faint|p1b: Torkoal
|-hitcount|p1: Torkoal|4
|move|p1a: Basculegion|Wave Crash|p2a: Farigiraf
|-damage|p2a: Farigiraf|44/100
|-damage|p1a: Basculegion|78/100|[from] Recoil
|-damage|p1a: Basculegion|69/100|[from] item: Life Orb
|move|p2a: Farigiraf|Twin Beam|p1a: Basculegion
|-damage|p1a: Basculegion|51/100
|-damage|p1a: Basculegion|34/100
|-hitcount|p1a: Basculegion|2
|
|-weather|SunnyDay|[upkeep]
|upkeep
|
|t:|1782560811
|switch|p1b: Kingambit|Kingambit, L50, F|100/100
|turn|6
|
|t:|1782560829
|move|p1a: Basculegion|Protect|p1a: Basculegion
|-singleturn|p1a: Basculegion|Protect
|move|p2b: Maushold|Population Bomb|p1b: Kingambit
|-resisted|p1b: Kingambit|1
|-damage|p1b: Kingambit|95/100
|-resisted|p1b: Kingambit|1
|-damage|p1b: Kingambit|91/100
|-resisted|p1b: Kingambit|1
|-damage|p1b: Kingambit|87/100
|-resisted|p1b: Kingambit|1
|-damage|p1b: Kingambit|83/100
|-resisted|p1b: Kingambit|1
|-damage|p1b: Kingambit|78/100
|-resisted|p1b: Kingambit|1
|-damage|p1b: Kingambit|74/100
|-resisted|p1b: Kingambit|1
|-damage|p1b: Kingambit|70/100
|-resisted|p1b: Kingambit|1
|-damage|p1b: Kingambit|66/100
|-resisted|p1b: Kingambit|1
|-damage|p1b: Kingambit|62/100
|-resisted|p1b: Kingambit|1
|-damage|p1b: Kingambit|58/100
|-hitcount|p1b: Kingambit|10
|move|p1b: Kingambit|Kowtow Cleave|p2b: Maushold
|-damage|p2b: Maushold|0 fnt
|faint|p2b: Maushold
|move|p2a: Farigiraf|Twin Beam|p1a: Basculegion
|-activate|p1a: Basculegion|move: Protect
|
|-weather|none
|upkeep
|turn|7
|-message|Majene forfeited.
|
|win|MeerMika
|c|☆Majene|ggs
|l| GurbederBeste
|c|☆MeerMika|GG
|l| robbie0301
|c|☆Majene|die dubble protect was zwaar kut
|j| Dijkbewaker
