|j|☆WhatAreWorms
|j|☆Luisnm01
|html|WhatAreWormsLuisnm01    
|uhtml|bestof|Game 2 of a best-of-3
|t:|1786036991
|gametype|doubles
|player|p1|WhatAreWorms|170|1080
|player|p2|Luisnm01|1|1115
|gen|9
|tier|[Gen 9 Champions] VGC 2026 Reg M-B (Bo3)
|rated|
|rule|Species Clause: Limit one of each Pokémon
|rule|Item Clause: Limit 1 of each item
|clearpoke
|poke|p1|Froslass, L50, F|
|poke|p1|Sneasler, L50, F|
|poke|p1|Kingambit, L50, M|
|poke|p1|Arcanine-Hisui, L50, M|
|poke|p1|Scolipede, L50, F|
|poke|p1|Whimsicott, L50, F|
|poke|p2|Archaludon, L50, F|
|poke|p2|Pelipper, L50, F|
|poke|p2|Basculegion, L50, M|
|poke|p2|Sinistcha, L50|
|poke|p2|Sableye, L50, M|
|poke|p2|Meganium, L50, M|
|teampreview|4
|showteam|p1|Froslass||Froslassite|CursedBody|Blizzard,ShadowBall,AuroraVeil,Protect|Modest||F|||50|]Sneasler||WhiteHerb|Unburden|CloseCombat,DireClaw,FakeOut,Protect|Adamant||F|||50|]Kingambit||BlackGlasses|SupremeOverlord|SuckerPunch,KowtowCleave,IronHead,SwordsDance|Adamant||M|||50|]Arcanine-Hisui||WideLens|RockHead|HeadSmash,RockSlide,FlareBlitz,Protect|Jolly||M|||50|]Scolipede||Leftovers|SpeedBoost|Protect,LeechLife,RockSlide,GunkShot|Adamant||F|||50|]Whimsicott||FocusSash|Prankster|Tailwind,Moonblast,Encore,EnergyBall|Timid||F|||50|
|showteam|p2|Archaludon||Leftovers|Stamina|Protect,ElectroShot,FlashCannon,DragonPulse|Modest||F|||50|]Pelipper||LifeOrb|Drizzle|Protect,Hurricane,WeatherBall,Tailwind|Timid||F|||50|]Basculegion||ChoiceScarf|Adaptability|LastRespects,AquaJet,WaveCrash,FlipTurn|Jolly||M|||50|]Sinistcha||KasibBerry|Hospitality|RagePowder,MatchaGotcha,LifeDew,TrickRoom|Bold|||||50|]Sableye||LightClay|Prankster|LightScreen,Reflect,RainDance,Encore|Calm||M|||50|]Meganium||Meganiumite|Overgrow|SolarBeam,Protect,DazzlingGleam,WeatherBall|Modest||M|||50|
|inactive|Battle timer is ON: inactive players will automatically lose when time's up. (requested by Luisnm01)
|c|☆WhatAreWorms|good round!
|c|☆Luisnm01|u"
|c|☆Luisnm01|u2*
|inactive|Luisnm01 has 60 seconds left.
|
|t:|1786037041
|teamsize|p1|4
|teamsize|p2|4
|start
|switch|p1a: Arcanine|Arcanine-Hisui, L50, M|100/100
|switch|p1b: Sneasler|Sneasler, L50, F|100/100
|switch|p2a: Sableye|Sableye, L50, M|100/100
|switch|p2b: Basculegion|Basculegion, L50, M|100/100
|turn|1
|inactive|WhatAreWorms has 30 seconds left.
|inactive|WhatAreWorms has 20 seconds left.
|
|t:|1786037077
|switch|p1a: Kingambit|Kingambit, L50, M|100/100
|move|p2a: Sableye|Reflect|p2a: Sableye
|-sidestart|p2: Luisnm01|Reflect
|move|p2b: Basculegion|Flip Turn|p1a: Kingambit
|-damage|p1a: Kingambit|70/100
|
|t:|1786037083
|switch|p2b: Pelipper|Pelipper, L50, F|100/100|[from] Flip Turn
|-weather|RainDance|[from] ability: Drizzle|[of] p2b: Pelipper
|move|p1b: Sneasler|Dire Claw|p2a: Sableye
|-resisted|p2a: Sableye|1
|-damage|p2a: Sableye|78/100
|-status|p2a: Sableye|psn
|
|-weather|RainDance|[upkeep]
|-damage|p2a: Sableye|66/100 psn|[from] psn
|upkeep
|turn|2
|inactive|WhatAreWorms has 30 seconds left.
|inactive|Luisnm01 has 30 seconds left.
|inactive|WhatAreWorms has 20 seconds left.
|inactive|Luisnm01 has 20 seconds left.
|
|t:|1786037122
|switch|p2a: Archaludon|Archaludon, L50, F|100/100
|move|p1b: Sneasler|Dire Claw|p2b: Pelipper
|-damage|p2b: Pelipper|61/100
|-status|p2b: Pelipper|par
|move|p1a: Kingambit|Swords Dance|p1a: Kingambit
|-boost|p1a: Kingambit|atk|2
|move|p2b: Pelipper|Weather Ball|p1a: Kingambit
|-damage|p1a: Kingambit|0 fnt
|faint|p1a: Kingambit
|-end|p1a: Kingambit|fallenundefined|[silent]
|-damage|p2b: Pelipper|51/100 par|[from] item: Life Orb
|
|-weather|RainDance|[upkeep]
|upkeep
|
|t:|1786037138
|switch|p1a: Arcanine|Arcanine-Hisui, L50, M|100/100
|turn|3
|inactive|WhatAreWorms has 30 seconds left.
|
|t:|1786037166
|switch|p2a: Basculegion|Basculegion, L50, M|100/100
|move|p1b: Sneasler|Close Combat|p2a: Basculegion
|-immune|p2a: Basculegion
|move|p1a: Arcanine|Head Smash|p2b: Pelipper
|-supereffective|p2b: Pelipper|1
|-damage|p2b: Pelipper|0 fnt
|faint|p2b: Pelipper
|
|-weather|RainDance|[upkeep]
|upkeep
|
|t:|1786037189
|switch|p2b: Sableye|Sableye, L50, M|66/100 psn
|turn|4
|
|t:|1786037208
|switch|p1a: Froslass|Froslass, L50, F|100/100
|move|p1b: Sneasler|Protect|p1b: Sneasler
|-singleturn|p1b: Sneasler|Protect
|move|p2b: Sableye|Encore|p1b: Sneasler
|-activate|p1b: Sneasler|move: Protect
|move|p2a: Basculegion|Wave Crash|p1a: Froslass
|-damage|p1a: Froslass|0 fnt
|faint|p1a: Froslass
|-damage|p2a: Basculegion|75/100|[from] Recoil
|
|-weather|RainDance|[upkeep]
|-damage|p2b: Sableye|54/100 psn|[from] psn
|upkeep
|
|t:|1786037220
|switch|p1a: Arcanine|Arcanine-Hisui, L50, M|100/100
|turn|5
|
|t:|1786037245
|move|p2b: Sableye|Encore|p1b: Sneasler
|-start|p1b: Sneasler|Encore
|move|p1b: Sneasler|Protect||[still]
|-fail|p1b: Sneasler
|move|p2a: Basculegion|Wave Crash|p1a: Arcanine
|-supereffective|p1a: Arcanine|2
|-damage|p1a: Arcanine|0 fnt
|faint|p1a: Arcanine
|-damage|p2a: Basculegion|46/100|[from] Recoil
|
|-weather|none
|-damage|p2b: Sableye|42/100 psn|[from] psn
|upkeep
|turn|6
|
|t:|1786037263
|move|p1b: Sneasler|Protect|p1b: Sneasler
|-singleturn|p1b: Sneasler|Protect
|move|p2b: Sableye|Rain Dance|p2b: Sableye
|-weather|RainDance
|move|p2a: Basculegion|Wave Crash|p1b: Sneasler
|-activate|p1b: Sneasler|move: Protect
|
|-weather|RainDance|[upkeep]
|-damage|p2b: Sableye|30/100 psn|[from] psn
|upkeep
|turn|7
|
|t:|1786037274
|switch|p2b: Archaludon|Archaludon, L50, F|100/100
|move|p1b: Sneasler|Protect||[still]
|-fail|p1b: Sneasler
|move|p2a: Basculegion|Wave Crash|p1b: Sneasler
|-damage|p1b: Sneasler|0 fnt
|faint|p1b: Sneasler
|-damage|p2a: Basculegion|20/100y|[from] Recoil
|
|win|Luisnm01
|raw|WhatAreWorms's rating: 1080 → 1060(-20 for losing)
|raw|Luisnm01's rating: 1115 → 1137(+22 for winning)
|c|☆WhatAreWorms|gg
|c|☆Luisnm01|gg
|l|☆WhatAreWorms
|player|p1|
