|j|☆mackerjuan
|j|☆STEFANO CALDAIA
|html|mackerjuanSTEFANO CALDAIA    
|uhtml|bestof|Game 3 of a best-of-3
|t:|1755529631
|gametype|doubles
|player|p1|mackerjuan|1|1287
|player|p2|STEFANO CALDAIA|lusamine|1219
|gen|9
|tier|[Gen 9] VGC 2025 Reg H (Bo3)
|rated|
|rule|Species Clause: Limit one of each Pokémon
|rule|Item Clause: Limit 1 of each item
|clearpoke
|poke|p1|Annihilape, L50, F|
|poke|p1|Maushold, L50|
|poke|p1|Pelipper, L50, F|
|poke|p1|Archaludon, L50, F|
|poke|p1|Sinistcha, L50|
|poke|p1|Basculegion, L50, M|
|poke|p2|Dragonite, L50, F|
|poke|p2|Incineroar, L50, F|
|poke|p2|Sneasler, L50, F|
|poke|p2|Rillaboom, L50, M|
|poke|p2|Electabuzz, L50, M|
|poke|p2|Sylveon, L50, F|
|teampreview|4
|showteam|p1|Annihilape||SpellTag|Defiant|BulkUp,Protect,DrainPunch,RageFist|||F|||50|,,,,,Water]Maushold||SafetyGoggles|FriendGuard|BeatUp,Taunt,FollowMe,Protect||||||50|,,,,,Ghost]Pelipper||FocusSash|Drizzle|Hurricane,WeatherBall,Tailwind,Protect|||F|||50|,,,,,Stellar]Archaludon||AssaultVest|Stamina|ElectroShot,DracoMeteor,Snarl,BodyPress|||F|||50|,,,,,Grass]Sinistcha||SitrusBerry|Hospitality|LifeDew,TrickRoom,StrengthSap,MatchaGotcha||||||50|,,,,,Water]Basculegion||LifeOrb|SwiftSwim|AquaJet,WaveCrash,LastRespects,Protect|||M|||50|,,,,,Water
|showteam|p2|Dragonite||LoadedDice|Multiscale|ScaleShot,Haze,Tailwind,Protect|||F|||50|,,,,,Fairy]Incineroar||SafetyGoggles|Intimidate|FlareBlitz,KnockOff,FakeOut,PartingShot|||F|||50|,,,,,Ghost]Sneasler||FocusSash|Unburden|CloseCombat,DireClaw,FakeOut,Protect|||F|||50|,,,,,Stellar]Rillaboom||AssaultVest|GrassySurge|GrassyGlide,WoodHammer,FakeOut,Uturn|||M|||50|,,,,,Fire]Electabuzz||Eviolite|VitalSpirit|FollowMe,Protect,Electroweb,EerieImpulse|||M|||50|,,,,,Ghost]Sylveon||PixiePlate|Pixilate|HyperVoice,TeraBlast,CalmMind,Protect|||F|||50|,,,,,Water
|inactive|Battle timer is ON: inactive players will automatically lose when time's up. (requested by mackerjuan)
|inactive|mackerjuan has 60 seconds left.
|
|t:|1755529670
|teamsize|p1|4
|teamsize|p2|4
|start
|switch|p1a: Pelipper|Pelipper, L50, F|100/100
|switch|p1b: Archaludon|Archaludon, L50, F|100/100
|switch|p2a: Sylveon|Sylveon, L50, F|100/100
|switch|p2b: Rillaboom|Rillaboom, L50, M|100/100
|-weather|RainDance|[from] ability: Drizzle|[of] p1a: Pelipper
|-fieldstart|move: Grassy Terrain|[from] ability: Grassy Surge|[of] p2b: Rillaboom
|turn|1
|inactive|mackerjuan has 30 seconds left.
|
|t:|1755529697
|move|p2b: Rillaboom|Fake Out|p1b: Archaludon
|-resisted|p1b: Archaludon
|-damage|p1b: Archaludon|96/100
|-ability|p1b: Archaludon|Stamina|boost
|-boost|p1b: Archaludon|def|1
|move|p1a: Pelipper|Hurricane|p2a: Sylveon
|-damage|p2a: Sylveon|63/100
|cant|p1b: Archaludon|flinch
|move|p2a: Sylveon|Calm Mind|p2a: Sylveon
|-boost|p2a: Sylveon|spa|1
|-boost|p2a: Sylveon|spd|1
|
|-weather|RainDance|[upkeep]
|-heal|p1b: Archaludon|100/100|[from] Grassy Terrain
|-heal|p2a: Sylveon|69/100|[from] Grassy Terrain
|upkeep
|turn|2
|
|t:|1755529720
|-terastallize|p1a: Pelipper|Stellar
|move|p2a: Sylveon|Protect|p2a: Sylveon
|-singleturn|p2a: Sylveon|Protect
|move|p1a: Pelipper|Hurricane|p2b: Rillaboom
|-supereffective|p2b: Rillaboom
|-damage|p2b: Rillaboom|2/100
|move|p2b: Rillaboom|U-turn|p1a: Pelipper
|-resisted|p1a: Pelipper
|-damage|p1a: Pelipper|86/100
|
|t:|1755529724
|switch|p2b: Electabuzz|Electabuzz, L50, M|100/100|[from] U-turn
|move|p1b: Archaludon|Electro Shot||[still]
|-prepare|p1b: Archaludon|Electro Shot
|-boost|p1b: Archaludon|spa|1
|-anim|p1b: Archaludon|Electro Shot|p2a: Sylveon
|-activate|p2a: Sylveon|move: Protect
|
|-weather|RainDance|[upkeep]
|-heal|p2a: Sylveon|74/100|[from] Grassy Terrain
|upkeep
|turn|3
|inactive|mackerjuan has 30 seconds left.
|
|t:|1755529751
|move|p1a: Pelipper|Protect|p1a: Pelipper
|-singleturn|p1a: Pelipper|Protect
|move|p2b: Electabuzz|Follow Me|p2b: Electabuzz
|-singleturn|p2b: Electabuzz|move: Follow Me
|move|p1b: Archaludon|Electro Shot||[still]
|-prepare|p1b: Archaludon|Electro Shot
|-boost|p1b: Archaludon|spa|1
|-anim|p1b: Archaludon|Electro Shot|p2b: Electabuzz
|-resisted|p2b: Electabuzz
|-damage|p2b: Electabuzz|70/100
|move|p2a: Sylveon|Hyper Voice|p1b: Archaludon|[spread] p1b
|-activate|p1a: Pelipper|move: Protect
|-damage|p1b: Archaludon|55/100
|-ability|p1b: Archaludon|Stamina|boost
|-boost|p1b: Archaludon|def|1
|
|-weather|RainDance|[upkeep]
|-heal|p2b: Electabuzz|76/100|[from] Grassy Terrain
|-heal|p1b: Archaludon|61/100|[from] Grassy Terrain
|-heal|p2a: Sylveon|80/100|[from] Grassy Terrain
|upkeep
|turn|4
|inactive|mackerjuan has 30 seconds left.
|
|t:|1755529779
|switch|p1a: Sinistcha|Sinistcha, L50|100/100
|-heal|p1b: Archaludon|86/100|[from] ability: Hospitality|[of] p1a: Sinistcha
|move|p2b: Electabuzz|Follow Me|p2b: Electabuzz
|-singleturn|p2b: Electabuzz|move: Follow Me
|move|p1b: Archaludon|Draco Meteor|p2b: Electabuzz
|-damage|p2b: Electabuzz|0 fnt
|-unboost|p1b: Archaludon|spa|2
|faint|p2b: Electabuzz
|move|p2a: Sylveon|Hyper Voice|p1b: Archaludon|[spread] p1a,p1b
|-damage|p1a: Sinistcha|36/100
|-damage|p1b: Archaludon|36/100
|-ability|p1b: Archaludon|Stamina|boost
|-boost|p1b: Archaludon|def|1
|-enditem|p1a: Sinistcha|Sitrus Berry|[eat]
|-heal|p1a: Sinistcha|61/100|[from] item: Sitrus Berry
|
|-weather|RainDance|[upkeep]
|-heal|p1b: Archaludon|42/100|[from] Grassy Terrain
|-heal|p2a: Sylveon|86/100|[from] Grassy Terrain
|-heal|p1a: Sinistcha|67/100|[from] Grassy Terrain
|upkeep
|
|t:|1755529788
|switch|p2b: Dragonite|Dragonite, L50, F|100/100
|turn|5
|inactive|mackerjuan has 30 seconds left.
|inactive|mackerjuan has 20 seconds left.
|inactive|mackerjuan has 15 seconds left.
|inactive|mackerjuan has 10 seconds left.
|inactive|mackerjuan has 5 seconds left.
|
|t:|1755529839
|move|p2b: Dragonite|Tailwind|p2b: Dragonite
|-sidestart|p2: STEFANO CALDAIA|move: Tailwind
|move|p2a: Sylveon|Hyper Voice|p1b: Archaludon|[spread] p1a,p1b
|-damage|p1a: Sinistcha|4/100
|-damage|p1b: Archaludon|0 fnt
|faint|p1b: Archaludon
|move|p1a: Sinistcha|Strength Sap|p2b: Dragonite
|-unboost|p2b: Dragonite|atk|1
|-heal|p1a: Sinistcha|100/100
|
|-weather|none
|-heal|p2a: Sylveon|92/100|[from] Grassy Terrain
|-fieldend|move: Grassy Terrain
|upkeep
|
|t:|1755529853
|switch|p1b: Pelipper|Pelipper, L50, F, tera:Stellar|86/100
|-weather|RainDance|[from] ability: Drizzle|[of] p1b: Pelipper
|turn|6
|
|t:|1755529861
|move|p1b: Pelipper|Protect|p1b: Pelipper
|-singleturn|p1b: Pelipper|Protect
|move|p2b: Dragonite|Scale Shot|p1a: Sinistcha
|-damage|p1a: Sinistcha|90/100
|-damage|p1a: Sinistcha|81/100
|-damage|p1a: Sinistcha|71/100
|-damage|p1a: Sinistcha|61/100
|-hitcount|p1a: Sinistcha|4
|-unboost|p2b: Dragonite|def|1
|-boost|p2b: Dragonite|spe|1
|move|p2a: Sylveon|Hyper Voice|p1b: Pelipper|[spread] p1a
|-activate|p1b: Pelipper|move: Protect
|-damage|p1a: Sinistcha|0 fnt
|faint|p1a: Sinistcha
|
|-weather|RainDance|[upkeep]
|upkeep
|
|t:|1755529866
|switch|p1a: Annihilape|Annihilape, L50, F|100/100
|turn|7
|-message|mackerjuan forfeited.
|
|win|STEFANO CALDAIA
|raw|mackerjuan's rating: 1287 → 1257(-30 for losing)
|raw|STEFANO CALDAIA's rating: 1219 → 1249(+30 for winning)
