|j|☆HikariRock
|j|☆janbenet
|html|HikariRockjanbenet    
|uhtml|bestof|Game 2 of a best-of-3
|t:|1783530873
|gametype|doubles
|player|p1|HikariRock|riley|1213
|player|p2|janbenet|101|1297
|gen|9
|tier|[Gen 9 Champions] VGC 2026 Reg M-B (Bo3)
|rated|
|rule|Species Clause: Limit one of each Pokémon
|rule|Item Clause: Limit 1 of each item
|clearpoke
|poke|p1|Tyranitar, L50, F|
|poke|p1|Excadrill, L50, F|
|poke|p1|Staraptor, L50, M|
|poke|p1|Sylveon, L50, M|
|poke|p1|Sinistcha, L50|
|poke|p1|Rotom-Wash, L50|
|poke|p2|Kingambit, L50, F|
|poke|p2|Charizard, L50, M|
|poke|p2|Aerodactyl, L50, M|
|poke|p2|Farigiraf, L50, F|
|poke|p2|Garchomp, L50, M|
|poke|p2|Sylveon, L50, F|
|teampreview|4
|showteam|p1|Tyranitar||Tyranitarite|SandStream|RockSlide,KnockOff,LowKick,Protect|Adamant||F|||50|]Excadrill||FocusSash|SandRush|Earthquake,IronHead,RockSlide,Protect|Adamant||F|||50|]Staraptor||Staraptite|Intimidate|BraveBird,CloseCombat,Tailwind,Protect|Jolly||M|||50|]Sylveon||LifeOrb|Pixilate|HyperBeam,HyperVoice,QuickAttack,Detect|Modest||M|||50|]Sinistcha||KasibBerry|Hospitality|MatchaGotcha,TrickRoom,Protect,RagePowder|Bold|||||50|]Rotom-Wash||SitrusBerry|Levitate|HydroPump,Thunderbolt,WillOWisp,Protect|Modest|||||50|
|showteam|p2|Kingambit||FocusSash|Defiant|KowtowCleave,IronHead,SuckerPunch,LowKick|Adamant||F|||50|]Charizard||CharizarditeY|SolarPower|Protect,HeatWave,WeatherBall,SolarBeam|Modest||M|||50|]Aerodactyl||Aerodactylite|Unnerve|RockSlide,DualWingbeat,Tailwind,IceFang|Jolly||M|||50|]Farigiraf||SitrusBerry|ArmorTail|Psychic,Thunderbolt,TrickRoom,Roar|Bold||F|||50|]Garchomp||LifeOrb|RoughSkin|Earthquake,StompingTantrum,DragonClaw,Protect|Jolly||M|||50|]Sylveon||FairyFeather|Pixilate|HyperVoice,HyperBeam,QuickAttack,Detect|Modest||F|||50|
|inactive|Battle timer is ON: inactive players will automatically lose when time's up. (requested by janbenet)
|
|t:|1783530897
|teamsize|p1|4
|teamsize|p2|4
|start
|switch|p1a: Staraptor|Staraptor, L50, M|100/100
|switch|p1b: Rotom|Rotom-Wash, L50|100/100
|switch|p2a: Garchomp|Garchomp, L50, M|100/100
|switch|p2b: Kingambit|Kingambit, L50, F|100/100
|-ability|p1a: Staraptor|Intimidate|boost
|-unboost|p2a: Garchomp|atk|1
|-unboost|p2b: Kingambit|atk|1
|-ability|p2b: Kingambit|Defiant|boost
|-boost|p2b: Kingambit|atk|2
|turn|1
|
|t:|1783530913
|switch|p2a: Sylveon|Sylveon, L50, F|100/100
|detailschange|p1a: Staraptor|Staraptor-Mega, L50, M
|-mega|p1a: Staraptor|Staraptor|Staraptite
|move|p1a: Staraptor|Tailwind|p1a: Staraptor
|-sidestart|p1: HikariRock|move: Tailwind
|move|p1b: Rotom|Will-O-Wisp|p2b: Kingambit
|-status|p2b: Kingambit|brn
|move|p2b: Kingambit|Kowtow Cleave|p1b: Rotom
|-damage|p1b: Rotom|57/100
|
|-damage|p2b: Kingambit|93/100 brn|[from] brn
|upkeep
|turn|2
|
|t:|1783530926
|move|p1a: Staraptor|Brave Bird|p2a: Sylveon
|-damage|p2a: Sylveon|24/100
|-damage|p1a: Staraptor|72/100|[from] Recoil
|move|p1b: Rotom|Hydro Pump|p2a: Sylveon
|-damage|p2a: Sylveon|0 fnt
|faint|p2a: Sylveon
|move|p2b: Kingambit|Kowtow Cleave|p1b: Rotom
|-damage|p1b: Rotom|16/100
|-enditem|p1b: Rotom|Sitrus Berry|[eat]
|-heal|p1b: Rotom|41/100|[from] item: Sitrus Berry
|
|-damage|p2b: Kingambit|87/100 brn|[from] brn
|upkeep
|
|t:|1783530934
|switch|p2a: Aerodactyl|Aerodactyl, L50, M|100/100
|-ability|p2a: Aerodactyl|Unnerve
|turn|3
|
|t:|1783530941
|detailschange|p2a: Aerodactyl|Aerodactyl-Mega, L50, M
|-mega|p2a: Aerodactyl|Aerodactyl|Aerodactylite
|move|p2b: Kingambit|Sucker Punch|p1b: Rotom
|-damage|p1b: Rotom|12/100
|move|p1a: Staraptor|Close Combat|p2b: Kingambit
|-supereffective|p2b: Kingambit|2
|-damage|p2b: Kingambit|0 fnt
|-boost|p1a: Staraptor|def|1
|-boost|p1a: Staraptor|spd|1
|faint|p2b: Kingambit
|move|p1b: Rotom|Thunderbolt|p2a: Aerodactyl
|-supereffective|p2a: Aerodactyl|1
|-damage|p2a: Aerodactyl|17/100
|move|p2a: Aerodactyl|Rock Slide|p1a: Staraptor|[spread] p1a
|-miss|p2a: Aerodactyl|p1b: Rotom
|-damage|p1a: Staraptor|54/100
|
|upkeep
|
|t:|1783530948
|switch|p2b: Garchomp|Garchomp, L50, M|100/100
|turn|4
|
|t:|1783530958
|move|p1a: Staraptor|Close Combat|p2b: Garchomp
|-damage|p2b: Garchomp|41/100
|-boost|p1a: Staraptor|def|1
|-boost|p1a: Staraptor|spd|1
|-damage|p1a: Staraptor|42/100|[from] ability: Rough Skin|[of] p2b: Garchomp
|move|p1b: Rotom|Thunderbolt|p2a: Aerodactyl
|-supereffective|p2a: Aerodactyl|1
|-damage|p2a: Aerodactyl|0 fnt
|faint|p2a: Aerodactyl
|move|p2b: Garchomp|Dragon Claw|p1a: Staraptor
|-damage|p1a: Staraptor|13/100
|-damage|p2b: Garchomp|31/100|[from] item: Life Orb
|
|-sideend|p1: HikariRock|move: Tailwind
|upkeep
|turn|5
|-message|janbenet forfeited.
|
|win|HikariRock
|raw|HikariRock's rating: 1213 → 1244(+31 for winning)
|raw|janbenet's rating: 1297 → 1266(-31 for losing)
|l|☆HikariRock
|player|p1|
