|j|☆farmingsim2421
|j|☆geardox
|html|farmingsim2421geardox    
|uhtml|bestof|Game 2 of a best-of-3
|t:|1756158363
|gametype|doubles
|player|p1|farmingsim2421|elesa|1135
|player|p2|geardox|cyclist|1117
|gen|9
|tier|[Gen 9] VGC 2025 Reg H (Bo3)
|rated|
|rule|Species Clause: Limit one of each Pokémon
|rule|Item Clause: Limit 1 of each item
|clearpoke
|poke|p1|Archaludon, L50, F|
|poke|p1|Basculegion, L50, M|
|poke|p1|Pelipper, L50, M|
|poke|p1|Amoonguss, L50, M|
|poke|p1|Incineroar, L50, F|
|poke|p1|Gholdengo, L50|
|poke|p2|Sneasler, L50, M|
|poke|p2|Garchomp, L50, M|
|poke|p2|Corviknight, L50, F|
|poke|p2|Archaludon, L50, M|
|poke|p2|Amoonguss, L50, F|
|poke|p2|Incineroar, L50, F|
|teampreview|4
|showteam|p1|Archaludon||AssaultVest|Stamina|ElectroShot,AuraSphere,FlashCannon,DracoMeteor|||F|||50|,,,,,Grass]Basculegion||SafetyGoggles|SwiftSwim|Protect,WaveCrash,AquaJet,LastRespects|||M|||50|,,,,,Dark]Pelipper||FocusSash|Drizzle|Hurricane,WeatherBall,Tailwind,Protect|||M|||50|,,,,,Ghost]Amoonguss||SitrusBerry|Regenerator|Spore,RagePowder,PollenPuff,SludgeBomb|||M|||50|,,,,,Water]Incineroar||CovertCloak|Intimidate|FakeOut,FlareBlitz,KnockOff,PartingShot|||F|||50|,,,,,Ghost]Gholdengo||LifeOrb|GoodasGold|NastyPlot,Protect,MakeItRain,ShadowBall||||||50|,,,,,Fairy
|showteam|p2|Sneasler||FocusSash|Unburden|DireClaw,CloseCombat,Taunt,Coaching|||M|||50|,,,,,Ghost]Garchomp||LifeOrb|RoughSkin|Protect,Earthquake,DragonClaw,StompingTantrum|||M|||50|,,,,,Ground]Corviknight||SitrusBerry|MirrorArmor|BraveBird,Tailwind,Roost,RainDance|||F|||50|,,,,,Fire]Archaludon||PowerHerb|Stamina|Protect,DracoMeteor,FlashCannon,ElectroShot|||M|||50|,,,,,Dragon]Amoonguss||RockyHelmet|Regenerator|Protect,RagePowder,Spore,PollenPuff|||F|||50|,,,,,Water]Incineroar||AssaultVest|Intimidate|KnockOff,FlareBlitz,FakeOut,Uturn|||F|||50|,,,,,Ghost
|
|t:|1756158392
|teamsize|p1|4
|teamsize|p2|4
|start
|switch|p1a: Wingman|Pelipper, L50, M, shiny|100/100
|switch|p1b: Wailord :(|Archaludon, L50, F|100/100
|switch|p2a: Stinky Pete|Garchomp, L50, M|100/100
|switch|p2b: Riku|Sneasler, L50, M|100/100
|-weather|RainDance|[from] ability: Drizzle|[of] p1a: Wingman
|turn|1
|
|t:|1756158410
|switch|p1b: Dead Fish|Basculegion, L50, M|100/100
|-terastallize|p2a: Stinky Pete|Ground
|move|p2b: Riku|Coaching|p2a: Stinky Pete
|-boost|p2a: Stinky Pete|atk|1
|-boost|p2a: Stinky Pete|def|1
|move|p2a: Stinky Pete|Earthquake|p1b: Dead Fish|[spread] p2b,p1b
|-immune|p1a: Wingman
|-supereffective|p2b: Riku
|-enditem|p2b: Riku|Focus Sash
|-damage|p2b: Riku|1/100
|-damage|p1b: Dead Fish|0 fnt
|faint|p1b: Dead Fish
|-damage|p2a: Stinky Pete|91/100|[from] item: Life Orb
|move|p1a: Wingman|Tailwind|p1a: Wingman
|-sidestart|p1: farmingsim2421|move: Tailwind
|
|-weather|RainDance|[upkeep]
|upkeep
|
|t:|1756158441
|switch|p1b: Wailord :(|Archaludon, L50, F|100/100
|turn|2
|
|t:|1756158460
|switch|p2b: Chica|Corviknight, L50, F|100/100
|-terastallize|p1b: Wailord :(|Grass
|move|p1a: Wingman|Hurricane|p2b: Chica
|-resisted|p2b: Chica
|-damage|p2b: Chica|81/100
|-start|p2b: Chica|confusion
|move|p1b: Wailord :(|Flash Cannon|p2a: Stinky Pete
|-damage|p2a: Stinky Pete|46/100
|move|p2a: Stinky Pete|Stomping Tantrum|p1b: Wailord :(
|-resisted|p1b: Wailord :(
|-damage|p1b: Wailord :(|65/100
|-ability|p1b: Wailord :(|Stamina|boost
|-boost|p1b: Wailord :(|def|1
|-damage|p2a: Stinky Pete|36/100|[from] item: Life Orb
|
|-weather|RainDance|[upkeep]
|upkeep
|turn|3
|
|t:|1756158484
|move|p2a: Stinky Pete|Protect|p2a: Stinky Pete
|-singleturn|p2a: Stinky Pete|Protect
|move|p1a: Wingman|Weather Ball|p2a: Stinky Pete
|-activate|p2a: Stinky Pete|move: Protect
|move|p1b: Wailord :(|Electro Shot||[still]
|-prepare|p1b: Wailord :(|Electro Shot
|-boost|p1b: Wailord :(|spa|1
|-anim|p1b: Wailord :(|Electro Shot|p2b: Chica
|-supereffective|p2b: Chica
|-damage|p2b: Chica|0 fnt
|faint|p2b: Chica
|
|-weather|RainDance|[upkeep]
|upkeep
|
|t:|1756158497
|switch|p2b: Riku|Sneasler, L50, M|1/100
|turn|4
|
|t:|1756158512
|switch|p2a: Big Mo|Archaludon, L50, M|100/100
|move|p1a: Wingman|Weather Ball|p2a: Big Mo
|-resisted|p2a: Big Mo
|-damage|p2a: Big Mo|54/100
|-ability|p2a: Big Mo|Stamina|boost
|-boost|p2a: Big Mo|def|1
|move|p1b: Wailord :(|Aura Sphere|p2b: Riku
|-resisted|p2b: Riku
|-damage|p2b: Riku|0 fnt
|faint|p2b: Riku
|
|-weather|RainDance|[upkeep]
|-sideend|p1: farmingsim2421|move: Tailwind
|upkeep
|
|t:|1756158523
|switch|p2b: Stinky Pete|Garchomp, L50, M, tera:Ground|36/100
|turn|5
|
|t:|1756158540
|move|p2b: Stinky Pete|Dragon Claw|p1a: Wingman
|-damage|p1a: Wingman|24/100
|-damage|p2b: Stinky Pete|26/100|[from] item: Life Orb
|move|p2a: Big Mo|Electro Shot||[still]
|-prepare|p2a: Big Mo|Electro Shot
|-boost|p2a: Big Mo|spa|1
|-anim|p2a: Big Mo|Electro Shot|p1a: Wingman
|-supereffective|p1a: Wingman
|-damage|p1a: Wingman|0 fnt
|faint|p1a: Wingman
|move|p1b: Wailord :(|Aura Sphere|p2a: Big Mo
|-supereffective|p2a: Big Mo
|-damage|p2a: Big Mo|0 fnt
|faint|p2a: Big Mo
|
|-weather|none
|upkeep
|
|t:|1756158556
|switch|p1a: RealWolfeyVGC|Incineroar, L50, F|100/100
|-ability|p1a: RealWolfeyVGC|Intimidate|boost
|-unboost|p2b: Stinky Pete|atk|1
|turn|6
|inactive|Battle timer is ON: inactive players will automatically lose when time's up. (requested by geardox)
|
|t:|1756158564
|move|p2b: Stinky Pete|Protect|p2b: Stinky Pete
|-singleturn|p2b: Stinky Pete|Protect
|move|p1a: RealWolfeyVGC|Fake Out|p2b: Stinky Pete
|-activate|p2b: Stinky Pete|move: Protect
|move|p1b: Wailord :(|Flash Cannon|p2b: Stinky Pete
|-activate|p2b: Stinky Pete|move: Protect
|
|upkeep
|turn|7
|c|☆geardox|gg
|
|t:|1756158574
|move|p2b: Stinky Pete|Earthquake|p1b: Wailord :(|[spread] p1a,p1b
|-supereffective|p1a: RealWolfeyVGC
|-resisted|p1b: Wailord :(
|-damage|p1a: RealWolfeyVGC|7/100
|-damage|p1b: Wailord :(|53/100
|-ability|p1b: Wailord :(|Stamina|boost
|-boost|p1b: Wailord :(|def|1
|-damage|p2b: Stinky Pete|16/100|[from] item: Life Orb
|move|p1b: Wailord :(|Flash Cannon|p2b: Stinky Pete
|-damage|p2b: Stinky Pete|0 fnt
|faint|p2b: Stinky Pete
|
|win|farmingsim2421
|raw|farmingsim2421's rating: 1135 → 1159(+24 for winning)
|raw|geardox's rating: 1117 → 1093(-24 for losing)
|c|☆farmingsim2421|ggs
