|j|☆LightJKookie
|j|☆babydimelavelda
|html|LightJKookiebabydimelavelda    
|uhtml|bestof|Game 2 of a best-of-3
|t:|1785199033
|gametype|doubles
|player|p1|LightJKookie|brycen|1105
|player|p2|babydimelavelda|265|1198
|gen|9
|tier|[Gen 9 Champions] VGC 2026 Reg M-B (Bo3)
|rated|
|rule|Species Clause: Limit one of each Pokémon
|rule|Item Clause: Limit 1 of each item
|clearpoke
|poke|p1|Gallade, L50, M, shiny|
|poke|p1|Gardevoir, L50, F, shiny|
|poke|p1|Incineroar, L50, M|
|poke|p1|Garchomp, L50, F|
|poke|p1|Kingambit, L50, F, shiny|
|poke|p1|Aerodactyl, L50, M|
|poke|p2|Mawile, L50, F|
|poke|p2|Farigiraf, L50, M|
|poke|p2|Milotic, L50, F|
|poke|p2|Incineroar, L50, M|
|poke|p2|Garchomp, L50, M|
|poke|p2|Aerodactyl, L50, F|
|teampreview|4
|showteam|p1|Gallade||Galladite|Sharpness|Protect,CloseCombat,KnockOff,IcePunch|Jolly||M|||50|]Gardevoir||Gardevoirite|Telepathy|Protect,Psyshock,TrickRoom,HyperVoice|Modest||F|||50|]Incineroar||SitrusBerry|Intimidate|HelpingHand,FakeOut,FlareBlitz,PartingShot|Adamant||M|||50|]Garchomp||LifeOrb|RoughSkin|DragonClaw,RockSlide,Earthquake,Protect|Jolly||F|||50|]Kingambit||BlackGlasses|Defiant|SuckerPunch,KowtowCleave,IronHead,LowKick|Adamant||F|||50|]Aerodactyl||FocusSash|Unnerve|RockSlide,WideGuard,Protect,Tailwind|Jolly||M|||50|
|showteam|p2|Mawile||Mawilite|HyperCutter|Protect,BrickBreak,PlayRough,RockSlide|Brave||F|||50|]Farigiraf||ColburBerry|ArmorTail|TrickRoom,TwinBeam,Protect,GrassKnot|Bold||M|||50|]Milotic||Leftovers|MarvelScale|Scald,IceBeam,Haze,Protect|Modest||F|||50|]Incineroar||SitrusBerry|Intimidate|FlareBlitz,DarkestLariat,FakeOut,PartingShot|Adamant||M|||50|]Garchomp||LifeOrb|RoughSkin|Earthquake,DragonClaw,RockSlide,Protect|Jolly||M|||50|]Aerodactyl||Aerodactylite|Unnerve|RockSlide,DualWingbeat,Tailwind,Protect|Adamant||F|||50|
|inactive|Battle timer is ON: inactive players will automatically lose when time's up. (requested by LightJKookie)
|inactive|LightJKookie has 60 seconds left.
|inactive|babydimelavelda has 60 seconds left.
|inactive|LightJKookie has 30 seconds left.
|inactive|LightJKookie has 20 seconds left.
|
|t:|1785199106
|teamsize|p1|4
|teamsize|p2|4
|start
|switch|p1a: Gardevoir|Gardevoir, L50, F, shiny|100/100
|switch|p1b: Incineroar|Incineroar, L50, M|100/100
|switch|p2a: Farigiraf|Farigiraf, L50, M|100/100
|switch|p2b: Mawile|Mawile, L50, F|100/100
|-ability|p1b: Incineroar|Intimidate|boost
|-unboost|p2a: Farigiraf|atk|1
|-fail|p2b: Mawile|unboost|Attack|[from] ability: Hyper Cutter|[of] p2b: Mawile
|turn|1
|inactive|babydimelavelda has 30 seconds left.
|inactive|babydimelavelda has 20 seconds left.
|inactive|babydimelavelda has 15 seconds left.
|inactive|babydimelavelda has 10 seconds left.
|
|t:|1785199155
|switch|p2b: Incineroar|Incineroar, L50, M|100/100
|-ability|p2b: Incineroar|Intimidate|boost
|-unboost|p1a: Gardevoir|atk|1
|-unboost|p1b: Incineroar|atk|1
|detailschange|p1a: Gardevoir|Gardevoir-Mega, L50, F, shiny
|-mega|p1a: Gardevoir|Gardevoir|Gardevoirite
|move|p2a: Farigiraf|Protect|p2a: Farigiraf
|-singleturn|p2a: Farigiraf|Protect
|move|p1a: Gardevoir|Hyper Voice|p2a: Farigiraf|[spread] p2b
|-activate|p2a: Farigiraf|move: Protect
|-damage|p2b: Incineroar|56/100
|move|p1b: Incineroar|Flare Blitz|p2b: Incineroar
|-resisted|p2b: Incineroar|1
|-damage|p2b: Incineroar|39/100
|-enditem|p2b: Incineroar|Sitrus Berry|[eat]
|-heal|p2b: Incineroar|63/100|[from] item: Sitrus Berry
|-damage|p1b: Incineroar|94/100|[from] Recoil
|
|upkeep
|turn|2
|inactive|babydimelavelda has 30 seconds left.
|
|t:|1785199184
|move|p1a: Gardevoir|Protect|p1a: Gardevoir
|-singleturn|p1a: Gardevoir|Protect
|move|p2b: Incineroar|Parting Shot|p1a: Gardevoir
|-activate|p1a: Gardevoir|move: Protect
|move|p1b: Incineroar|Parting Shot|p2b: Incineroar
|-unboost|p2b: Incineroar|atk|1
|-unboost|p2b: Incineroar|spa|1
|
|t:|1785199192
|switch|p1b: Garchomp|Garchomp, L50, F|100/100|[from] Parting Shot
|move|p2a: Farigiraf|Trick Room|p2a: Farigiraf
|-fieldstart|move: Trick Room|[of] p2a: Farigiraf
|
|upkeep
|turn|3
|
|t:|1785199200
|switch|p1b: Incineroar|Incineroar, L50, M|94/100
|-ability|p1b: Incineroar|Intimidate|boost
|-unboost|p2a: Farigiraf|atk|1
|-unboost|p2b: Incineroar|atk|1
|move|p2a: Farigiraf|Grass Knot|p1a: Gardevoir
|-damage|p1a: Gardevoir|88/100
|move|p2b: Incineroar|Flare Blitz|p1a: Gardevoir
|-damage|p1a: Gardevoir|48/100
|-damage|p2b: Incineroar|52/100|[from] Recoil
|move|p1a: Gardevoir|Hyper Voice|p2a: Farigiraf|[spread] p2a,p2b
|-damage|p2a: Farigiraf|48/100
|-damage|p2b: Incineroar|8/100
|
|upkeep
|turn|4
|inactive|LightJKookie has 30 seconds left.
|
|t:|1785199229
|move|p1a: Gardevoir|Protect|p1a: Gardevoir
|-singleturn|p1a: Gardevoir|Protect
|move|p2a: Farigiraf|Twin Beam|p1a: Gardevoir
|-activate|p1a: Gardevoir|move: Protect
|move|p2b: Incineroar|Flare Blitz|p1a: Gardevoir
|-activate|p1a: Gardevoir|move: Protect
|move|p1b: Incineroar|Flare Blitz|p2b: Incineroar
|-resisted|p2b: Incineroar|1
|-damage|p2b: Incineroar|0 fnt
|faint|p2b: Incineroar
|-damage|p1b: Incineroar|91/100|[from] Recoil
|
|upkeep
|
|t:|1785199236
|switch|p2b: Mawile|Mawile, L50, F|100/100
|turn|5
|inactive|LightJKookie has 30 seconds left.
|
|t:|1785199267
|switch|p2a: Garchomp|Garchomp, L50, M|100/100
|switch|p1a: Garchomp|Garchomp, L50, F|100/100
|detailschange|p2b: Mawile|Mawile-Mega, L50, F
|-mega|p2b: Mawile|Mawile|Mawilite
|move|p2b: Mawile|Brick Break|p1a: Garchomp
|-damage|p1a: Garchomp|49/100
|-damage|p2b: Mawile|87/100|[from] ability: Rough Skin|[of] p1a: Garchomp
|move|p1b: Incineroar|Flare Blitz|p2b: Mawile
|-supereffective|p2b: Mawile|1
|-damage|p2b: Mawile|0 fnt
|faint|p2b: Mawile
|-damage|p1b: Incineroar|68/100|[from] Recoil
|
|upkeep
|-message|babydimelavelda forfeited.
|
|win|LightJKookie
|raw|LightJKookie's rating: 1105 → 1137(+32 for winning)
|raw|babydimelavelda's rating: 1198 → 1166(-32 for losing)
|l|☆babydimelavelda
|player|p2|
