|j|☆bujero
|j|☆dabicho
|html|bujerodabicho    
|uhtml|bestof|Game 2 of a best-of-3
|t:|1757747823
|gametype|doubles
|player|p1|bujero|gentleman-gen4dp|
|player|p2|dabicho|tuber|
|gen|9
|tier|[Gen 9] VGC 2025 Reg H (Bo3)
|rule|Species Clause: Limit one of each Pokémon
|rule|Item Clause: Limit 1 of each item
|clearpoke
|poke|p1|Rillaboom, L50, M|
|poke|p1|Kingambit, L50, M|
|poke|p1|Sneasler, L50, M|
|poke|p1|Electabuzz, L50, M|
|poke|p1|Dragonite, L50, M|
|poke|p1|Volcarona, L50, F|
|poke|p2|Muk-Alola, L50, F|
|poke|p2|Smeargle, L50, F|
|poke|p2|Flamigo, L50, F|
|poke|p2|Sinistcha, L50|
|poke|p2|Dondozo, L50, M|
|poke|p2|Tatsugiri, L50, F|
|teampreview|4
|showteam|p1|Rillaboom||AssaultVest|GrassySurge|FakeOut,WoodHammer,HighHorsepower,GrassyGlide|||M|||50|,,,,,Fire]Kingambit||BlackGlasses|Defiant|KowtowCleave,SuckerPunch,SwordsDance,Protect|||M|||50|,,,,,Dark]Sneasler||GrassySeed|Unburden|CloseCombat,DireClaw,Protect,Coaching|||M|||50|,,,,,Stellar]Electabuzz||Eviolite|VitalSpirit|Electroweb,Taunt,FollowMe,Protect|||M|||50|,,,,,Dragon]Dragonite||LoadedDice|Multiscale|ScaleShot,Tailwind,Protect,Haze|||M|||50|,,,,,Fairy]Volcarona||CovertCloak|FlameBody|QuiverDance,TeraBlast,HeatWave,Protect|||F|||50|,,,,,Fairy
|showteam|p2|Muk-Alola||Leftovers|PowerofAlchemy|KnockOff,Minimize,Substitute,Protect|||F|||50|,,,,,Ghost]Smeargle||FocusSash|Moody|FollowMe,Spore,WideGuard,SpikyShield|||F|||50|,,,,,Grass]Flamigo||WhiteHerb|Costar|CloseCombat,WideGuard,BraveBird,Protect|||F|||50|,,,,,Stellar]Sinistcha||RockyHelmet|Hospitality|MatchaGotcha,StrengthSap,RagePowder,LifeDew||||||50|,,,,,Steel]Dondozo||SafetyGoggles|Unaware|WaveCrash,Fissure,Yawn,Protect|||M|||50|,,,,,Poison]Tatsugiri||ChoiceScarf|Commander|DracoMeteor,MuddyWater,IcyWind,SleepTalk|||F|||50|,,,,,Steel
|inactive|Battle timer is ON: inactive players will automatically lose when time's up. (requested by bujero)
|inactive|dabicho has 60 seconds left.
|inactive|dabicho has 30 seconds left.
|inactive|dabicho has 20 seconds left.
|inactive|dabicho has 15 seconds left.
|
|t:|1757747937
|teamsize|p1|4
|teamsize|p2|4
|start
|switch|p1a: Rillaboom|Rillaboom, L50, M, shiny|100/100
|switch|p1b: Electabuzz|Electabuzz, L50, M, shiny|100/100
|switch|p2a: Muk|Muk-Alola, L50, F|100/100
|switch|p2b: Dondozo|Dondozo, L50, M|100/100
|-fieldstart|move: Grassy Terrain|[from] ability: Grassy Surge|[of] p1a: Rillaboom
|turn|1
|inactive|dabicho has 30 seconds left.
|inactive|dabicho has 20 seconds left.
|
|t:|1757747974
|move|p2b: Dondozo|Protect|p2b: Dondozo
|-singleturn|p2b: Dondozo|Protect
|move|p1a: Rillaboom|Fake Out|p2b: Dondozo
|-activate|p2b: Dondozo|move: Protect
|move|p1b: Electabuzz|Taunt|p2a: Muk
|-start|p2a: Muk|move: Taunt
|cant|p2a: Muk|move: Taunt|Minimize
|
|upkeep
|turn|2
|inactive|dabicho has 30 seconds left.
|inactive|dabicho has 20 seconds left.
|inactive|dabicho has 15 seconds left.
|
|t:|1757748015
|-terastallize|p2b: Dondozo|Poison
|move|p1b: Electabuzz|Electroweb|p2a: Muk|[spread] p2a,p2b
|-damage|p2a: Muk|89/100
|-damage|p2b: Dondozo|90/100
|-unboost|p2a: Muk|spe|1
|-unboost|p2b: Dondozo|spe|1
|move|p1a: Rillaboom|Wood Hammer|p2b: Dondozo
|-resisted|p2b: Dondozo
|-damage|p2b: Dondozo|68/100
|-damage|p1a: Rillaboom|91/100|[from] Recoil
|move|p2a: Muk|Knock Off|p1a: Rillaboom
|-damage|p1a: Rillaboom|56/100
|-enditem|p1a: Rillaboom|Assault Vest|[from] move: Knock Off|[of] p2a: Muk
|move|p2b: Dondozo|Fissure|p1b: Electabuzz
|-damage|p1b: Electabuzz|0 fnt
|faint|p1b: Electabuzz
|-ohko
|
|-heal|p1a: Rillaboom|62/100|[from] Grassy Terrain
|-heal|p2a: Muk|95/100|[from] Grassy Terrain
|-heal|p2a: Muk|100/100|[from] item: Leftovers
|-heal|p2b: Dondozo|74/100|[from] Grassy Terrain
|upkeep
|c|☆bujero|Joder
|inactive|bujero has 30 seconds left.
|
|t:|1757748045
|switch|p1b: Dragonite|Dragonite, L50, M, shiny|100/100
|turn|3
|inactive|dabicho has 30 seconds left.
|inactive|dabicho has 20 seconds left.
|
|t:|1757748080
|move|p1b: Dragonite|Scale Shot|p2a: Muk
|-damage|p2a: Muk|89/100
|-damage|p2a: Muk|76/100
|-damage|p2a: Muk|63/100
|-damage|p2a: Muk|51/100
|-damage|p2a: Muk|39/100
|-hitcount|p2a: Muk|5
|-unboost|p1b: Dragonite|def|1
|-boost|p1b: Dragonite|spe|1
|move|p1a: Rillaboom|High Horsepower|p2b: Dondozo
|-supereffective|p2b: Dondozo
|-damage|p2b: Dondozo|35/100
|move|p2a: Muk|Knock Off|p1a: Rillaboom
|-damage|p1a: Rillaboom|41/100
|move|p2b: Dondozo|Yawn|p1b: Dragonite
|-start|p1b: Dragonite|move: Yawn|[of] p2b: Dondozo
|
|-heal|p1a: Rillaboom|47/100|[from] Grassy Terrain
|-heal|p2a: Muk|45/100|[from] Grassy Terrain
|-heal|p2a: Muk|52/100|[from] item: Leftovers
|-heal|p2b: Dondozo|41/100|[from] Grassy Terrain
|-end|p2a: Muk|move: Taunt
|upkeep
|turn|4
|l|☆bujero
|inactive|bujero disconnected and has 300 seconds to reconnect!
|player|p1|
|inactive|dabicho has 30 seconds left.
|j|☆bujero
|inactive|bujero reconnected and has 35 seconds left.
|player|p1|bujero|gentleman-gen4dp|
|inactive|bujero has 30 seconds left.
|inactive|dabicho has 20 seconds left.
|
|t:|1757748120
|switch|p1b: Volcarona|Volcarona, L50, F|100/100
|switch|p2a: Tatsugiri|Tatsugiri, L50, F|100/100
|-activate|p2a: Tatsugiri|ability: Commander|[of] p2b: Dondozo
|-boost|p2b: Dondozo|atk|2
|-boost|p2b: Dondozo|spa|2
|-boost|p2b: Dondozo|spe|2
|-boost|p2b: Dondozo|def|2
|-boost|p2b: Dondozo|spd|2
|move|p1a: Rillaboom|High Horsepower|p2a: Tatsugiri|[miss]
|-miss|p1a: Rillaboom|p2a: Tatsugiri
|move|p2b: Dondozo|Wave Crash|p1b: Volcarona
|-supereffective|p1b: Volcarona
|-damage|p1b: Volcarona|0 fnt
|-status|p2b: Dondozo|brn|[from] ability: Flame Body|[of] p1b: Volcarona
|faint|p1b: Volcarona
|-damage|p2b: Dondozo|17/100 brn|[from] Recoil
|
|-heal|p1a: Rillaboom|53/100|[from] Grassy Terrain
|-heal|p2b: Dondozo|23/100 brn|[from] Grassy Terrain
|-damage|p2b: Dondozo|17/100 brn|[from] brn
|upkeep
|
|t:|1757748134
|switch|p1b: Dragonite|Dragonite, L50, M, shiny|100/100
|turn|5
|
|t:|1757748156
|move|p1a: Rillaboom|Grassy Glide|p2b: Dondozo
|-resisted|p2b: Dondozo
|-crit|p2b: Dondozo
|-damage|p2b: Dondozo|0 fnt
|faint|p2b: Dondozo
|move|p1b: Dragonite|Scale Shot|p2a: Tatsugiri
|-supereffective|p2a: Tatsugiri
|-damage|p2a: Tatsugiri|49/100
|-supereffective|p2a: Tatsugiri
|-damage|p2a: Tatsugiri|0 fnt
|faint|p2a: Tatsugiri
|-hitcount|p2: Tatsugiri|2
|-unboost|p1b: Dragonite|def|1
|-boost|p1b: Dragonite|spe|1
|
|-heal|p1a: Rillaboom|59/100|[from] Grassy Terrain
|-fieldend|move: Grassy Terrain
|upkeep
|
|t:|1757748169
|switch|p2a: Muk|Muk-Alola, L50, F|52/100
|switch|p2b: Flamigo|Flamigo, L50, F|100/100
|-copyboost|p2b: Flamigo|p2a: Muk|[from] ability: Costar
|turn|6
|inactive|bujero has 30 seconds left.
|inactive|dabicho has 30 seconds left.
|inactive|dabicho has 20 seconds left.
|
|t:|1757748207
|-terastallize|p1a: Rillaboom|Fire
|move|p1b: Dragonite|Scale Shot|p2b: Flamigo
|-damage|p2b: Flamigo|79/100
|-damage|p2b: Flamigo|57/100
|-damage|p2b: Flamigo|37/100
|-damage|p2b: Flamigo|14/100
|-damage|p2b: Flamigo|0 fnt
|faint|p2b: Flamigo
|-ability|p2a: Muk|Costar|Power of Alchemy|[from] ability: Power of Alchemy|[of] p2b: Flamigo
|-hitcount|p2: Flamigo|5
|-unboost|p1b: Dragonite|def|1
|-boost|p1b: Dragonite|spe|1
|move|p1a: Rillaboom|High Horsepower|p2a: Muk
|-supereffective|p2a: Muk
|-damage|p2a: Muk|0 fnt
|faint|p2a: Muk
|
|win|bujero
|c|☆bujero|Gg
