|j|☆bonomia
|j|☆Daniw9
|html|bonomiaDaniw9    
|uhtml|bestof|Game 2 of a best-of-3
|t:|1756486807
|gametype|doubles
|player|p1|bonomia|tourist|1222
|player|p2|Daniw9|2|1222
|gen|9
|tier|[Gen 9] VGC 2025 Reg H (Bo3)
|rated|
|rule|Species Clause: Limit one of each Pokémon
|rule|Item Clause: Limit 1 of each item
|clearpoke
|poke|p1|Gholdengo, L50|
|poke|p1|Electabuzz, L50, F|
|poke|p1|Ursaluna-Bloodmoon, L50, M|
|poke|p1|Sneasler, L50, M|
|poke|p1|Dragonite, L50, F|
|poke|p1|Dondozo, L50, M|
|poke|p2|Garchomp, L50, F|
|poke|p2|Tyranitar, L50, F|
|poke|p2|Delphox, L50, F|
|poke|p2|Indeedee-F, L50, F|
|poke|p2|Gallade, L50, M|
|poke|p2|Whimsicott, L50, F|
|teampreview|4
|showteam|p1|Gholdengo||LifeOrb|GoodasGold|Protect,MakeItRain,ShadowBall,NastyPlot||||||50|,,,,,Water]Electabuzz||Eviolite|VitalSpirit|Protect,FollowMe,Electroweb,LightScreen|||F|||50|,,,,,Fairy]Ursaluna-Bloodmoon||AssaultVest|MindsEye|HyperVoice,EarthPower,BloodMoon,VacuumWave|||M|||50|,,,,,Normal]Sneasler||WhiteHerb|Unburden|CloseCombat,DireClaw,ThroatChop,Coaching|||M|||50|,,,,,Stellar]Dragonite||LoadedDice|Multiscale|Protect,ScaleShot,ExtremeSpeed,Haze|||F|||50|,,,,,Fairy]Dondozo||Leftovers|Unaware|Protect,Liquidation,Yawn,Fissure|||M|||50|,,,,,Electric
|showteam|p2|Garchomp||LifeOrb|SandVeil|Earthquake,StompingTantrum,Protect,DragonClaw|||F|||50|,,,,,Steel]Tyranitar||AssaultVest|SandStream|RockSlide,TeraBlast,KnockOff,LowKick|||F|||50|,,,,,Flying]Delphox||PsychicSeed|Magician|ExpandingForce,HeatWave,TeraBlast,Protect|||F|||50|,,,,,Fairy]Indeedee-F||SafetyGoggles|PsychicSurge|DazzlingGleam,TrickRoom,FollowMe,HelpingHand|||F|||50|,,,,,Water]Gallade||ClearAmulet|Sharpness|SacredSword,PsychoCut,TrickRoom,Protect|||M|||50|,,,,,Grass]Whimsicott||CovertCloak|Prankster|Moonblast,Tailwind,Encore,Protect|||F|||50|,,,,,Ghost
|inactive|Battle timer is ON: inactive players will automatically lose when time's up. (requested by bonomia)
|
|t:|1756486844
|teamsize|p1|4
|teamsize|p2|4
|start
|switch|p1a: Electabuzz|Electabuzz, L50, F|100/100
|switch|p1b: Ursaluna|Ursaluna-Bloodmoon, L50, M|100/100
|switch|p2a: Whimsicott|Whimsicott, L50, F|100/100
|switch|p2b: Delphox|Delphox, L50, F|100/100
|turn|1
|inactive|bonomia has 30 seconds left.
|inactive|bonomia has 20 seconds left.
|inactive|bonomia has 15 seconds left.
|inactive|bonomia has 10 seconds left.
|
|t:|1756486893
|-terastallize|p1b: Ursaluna|Normal
|move|p2a: Whimsicott|Tailwind|p2a: Whimsicott
|-sidestart|p2: Daniw9|move: Tailwind
|move|p2b: Delphox|Heat Wave|p1a: Electabuzz|[spread] p1a,p1b
|-damage|p1a: Electabuzz|76/100
|-damage|p1b: Ursaluna|77/100
|move|p1a: Electabuzz|Light Screen|p1a: Electabuzz
|-sidestart|p1: bonomia|move: Light Screen
|move|p1b: Ursaluna|Hyper Voice|p2a: Whimsicott|[spread] p2a,p2b
|-damage|p2a: Whimsicott|31/100
|-damage|p2b: Delphox|40/100
|
|upkeep
|turn|2
|inactive|bonomia has 30 seconds left.
|
|t:|1756486921
|move|p2b: Delphox|Protect|p2b: Delphox
|-singleturn|p2b: Delphox|Protect
|move|p1a: Electabuzz|Protect|p1a: Electabuzz
|-singleturn|p1a: Electabuzz|Protect
|move|p2a: Whimsicott|Moonblast|p1b: Ursaluna
|-damage|p1b: Ursaluna|64/100
|-unboost|p1b: Ursaluna|spa|1
|move|p1b: Ursaluna|Hyper Voice|p2b: Delphox|[spread] p2a
|-activate|p2b: Delphox|move: Protect
|-damage|p2a: Whimsicott|0 fnt
|faint|p2a: Whimsicott
|
|upkeep
|
|t:|1756486931
|switch|p2a: Indeedee|Indeedee-F, L50, F|100/100
|-fieldstart|move: Psychic Terrain|[from] ability: Psychic Surge|[of] p2a: Indeedee
|-enditem|p2b: Delphox|Psychic Seed
|-boost|p2b: Delphox|spd|1|[from] item: Psychic Seed
|turn|3
|
|t:|1756486949
|move|p2a: Indeedee|Helping Hand|p2b: Delphox
|-singleturn|p2b: Delphox|Helping Hand|[of] p2a: Indeedee
|move|p2b: Delphox|Expanding Force|p1a: Electabuzz|[spread] p1a,p1b
|-damage|p1a: Electabuzz|33/100
|-damage|p1b: Ursaluna|26/100
|-item|p2b: Delphox|Eviolite|[from] ability: Magician|[of] p1a: Electabuzz
|move|p1a: Electabuzz|Electroweb|p2b: Delphox|[spread] p2a,p2b
|-damage|p2a: Indeedee|87/100
|-damage|p2b: Delphox|27/100
|-unboost|p2a: Indeedee|spe|1
|-unboost|p2b: Delphox|spe|1
|move|p1b: Ursaluna|Hyper Voice|p2b: Delphox|[spread] p2a,p2b
|-damage|p2a: Indeedee|55/100
|-damage|p2b: Delphox|4/100
|
|upkeep
|turn|4
|inactive|bonomia has 30 seconds left.
|
|t:|1756486982
|move|p1a: Electabuzz|Protect|p1a: Electabuzz
|-singleturn|p1a: Electabuzz|Protect
|move|p2b: Delphox|Expanding Force|p1a: Electabuzz|[spread] p1b
|-activate|p1a: Electabuzz|move: Protect
|-damage|p1b: Ursaluna|2/100
|move|p1b: Ursaluna|Hyper Voice|p2b: Delphox|[spread] p2a,p2b
|-damage|p2a: Indeedee|25/100
|-damage|p2b: Delphox|0 fnt
|faint|p2b: Delphox
|move|p2a: Indeedee|Trick Room|p2a: Indeedee
|-fieldstart|move: Trick Room|[of] p2a: Indeedee
|
|-sideend|p2: Daniw9|move: Tailwind
|upkeep
|
|t:|1756486991
|switch|p2b: Gallade|Gallade, L50, M|100/100
|turn|5
|
|t:|1756487005
|move|p1a: Electabuzz|Follow Me|p1a: Electabuzz
|-singleturn|p1a: Electabuzz|move: Follow Me
|move|p2a: Indeedee|Dazzling Gleam|p1a: Electabuzz|[spread] p1a,p1b
|-damage|p1a: Electabuzz|24/100
|-damage|p1b: Ursaluna|0 fnt
|faint|p1b: Ursaluna
|move|p2b: Gallade|Sacred Sword|p1a: Electabuzz
|-damage|p1a: Electabuzz|0 fnt
|faint|p1a: Electabuzz
|
|-sideend|p1: bonomia|move: Light Screen
|upkeep
|
|t:|1756487012
|switch|p1b: Dondozo|Dondozo, L50, M|100/100
|switch|p1a: Dragonite|Dragonite, L50, F|100/100
|turn|6
|
|t:|1756487032
|-terastallize|p2b: Gallade|Grass
|move|p1b: Dondozo|Protect|p1b: Dondozo
|-singleturn|p1b: Dondozo|Protect
|move|p1a: Dragonite|Protect|p1a: Dragonite
|-singleturn|p1a: Dragonite|Protect
|move|p2a: Indeedee|Dazzling Gleam|p1a: Dragonite|[spread] 
|-activate|p1a: Dragonite|move: Protect
|-activate|p1b: Dondozo|move: Protect
|move|p2b: Gallade|Psycho Cut|p1a: Dragonite
|-activate|p1a: Dragonite|move: Protect
|
|upkeep
|turn|7
|inactive|bonomia has 30 seconds left.
|
|t:|1756487063
|move|p2a: Indeedee|Dazzling Gleam|p1a: Dragonite|[spread] p1a,p1b
|-supereffective|p1a: Dragonite
|-damage|p1a: Dragonite|87/100
|-damage|p1b: Dondozo|90/100
|move|p1b: Dondozo|Liquidation|p2a: Indeedee
|-damage|p2a: Indeedee|0 fnt
|faint|p2a: Indeedee
|move|p2b: Gallade|Psycho Cut|p1a: Dragonite
|-damage|p1a: Dragonite|0 fnt
|faint|p1a: Dragonite
|
|-heal|p1b: Dondozo|96/100|[from] item: Leftovers
|-fieldend|move: Psychic Terrain
|upkeep
|turn|8
|
|t:|1756487085
|move|p1b: Dondozo|Yawn|p2b: Gallade
|-start|p2b: Gallade|move: Yawn|[of] p1b: Dondozo
|move|p2b: Gallade|Psycho Cut|p1b: Dondozo
|-damage|p1b: Dondozo|65/100
|
|-heal|p1b: Dondozo|72/100|[from] item: Leftovers
|-fieldend|move: Trick Room
|upkeep
|turn|9
|
|t:|1756487093
|move|p1b: Dondozo|Protect|p1b: Dondozo
|-singleturn|p1b: Dondozo|Protect
|move|p2b: Gallade|Psycho Cut|p1b: Dondozo
|-activate|p1b: Dondozo|move: Protect
|
|-heal|p1b: Dondozo|78/100|[from] item: Leftovers
|-end|p2b: Gallade|move: Yawn|[silent]
|-status|p2b: Gallade|slp
|upkeep
|turn|10
|
|t:|1756487098
|cant|p2b: Gallade|slp
|move|p1b: Dondozo|Fissure|p2b: Gallade|[miss]
|-miss|p1b: Dondozo|p2b: Gallade
|
|-heal|p1b: Dondozo|84/100|[from] item: Leftovers
|upkeep
|turn|11
|
|t:|1756487105
|cant|p2b: Gallade|slp
|move|p1b: Dondozo|Fissure|p2b: Gallade|[miss]
|-miss|p1b: Dondozo|p2b: Gallade
|
|-heal|p1b: Dondozo|90/100|[from] item: Leftovers
|upkeep
|turn|12
|
|t:|1756487111
|cant|p2b: Gallade|slp
|move|p1b: Dondozo|Fissure|p2b: Gallade|[miss]
|-miss|p1b: Dondozo|p2b: Gallade
|
|-heal|p1b: Dondozo|97/100|[from] item: Leftovers
|upkeep
|turn|13
|
|t:|1756487116
|-curestatus|p2b: Gallade|slp|[msg]
|move|p2b: Gallade|Sacred Sword|p1b: Dondozo
|-damage|p1b: Dondozo|55/100
|move|p1b: Dondozo|Yawn|p2b: Gallade
|-start|p2b: Gallade|move: Yawn|[of] p1b: Dondozo
|
|-heal|p1b: Dondozo|61/100|[from] item: Leftovers
|upkeep
|turn|14
|
|t:|1756487126
|move|p1b: Dondozo|Protect|p1b: Dondozo
|-singleturn|p1b: Dondozo|Protect
|move|p2b: Gallade|Sacred Sword|p1b: Dondozo
|-activate|p1b: Dondozo|move: Protect
|
|-heal|p1b: Dondozo|68/100|[from] item: Leftovers
|-end|p2b: Gallade|move: Yawn|[silent]
|-status|p2b: Gallade|slp
|upkeep
|turn|15
|
|t:|1756487136
|cant|p2b: Gallade|slp
|move|p1b: Dondozo|Fissure|p2b: Gallade
|-damage|p2b: Gallade|0 fnt
|faint|p2b: Gallade
|-ohko
|
|win|bonomia
|raw|bonomia's rating: 1222 → 1247(+25 for winning)
|raw|Daniw9's rating: 1222 → 1197(-25 for losing)
|c|☆bonomia|gg
