|j|Ōśånatsukivgc
|j|Ōśåjavi fuego
|html|natsukivgcjavi fuego    
|uhtml|bestof|Game 3 of a best-of-3
|t:|1785763140
|gametype|doubles
|player|p1|natsukivgc|102|1250
|player|p2|javi fuego|265|1317
|gen|9
|tier|[Gen 9 Champions] VGC 2026 Reg M-B (Bo3)
|rated|
|rule|Species Clause: Limit one of each Pok├®mon
|rule|Item Clause: Limit 1 of each item
|clearpoke
|poke|p1|Garchomp, L50, M|
|poke|p1|Charizard, L50, M|
|poke|p1|Kingambit, L50, M|
|poke|p1|Basculegion, L50, M|
|poke|p1|Whimsicott, L50, F|
|poke|p1|Floette-Eternal, L50, F|
|poke|p2|Raichu, L50, M|
|poke|p2|Floette-Eternal, L50, F|
|poke|p2|Sinistcha, L50|
|poke|p2|Ceruledge, L50, F|
|poke|p2|Milotic, L50, M|
|poke|p2|Incineroar, L50, M|
|teampreview|4
|showteam|p1|Garchomp||SitrusBerry|RoughSkin|RockSlide,DragonTail,StompingTantrum,PoisonJab|Adamant||M|||50|]Charizard||CharizarditeY|Blaze|HeatWave,SolarBeam,WeatherBall,Protect|Modest||M|||50|]Kingambit||LifeOrb|Defiant|KowtowCleave,IronHead,SuckerPunch,LowKick|Adamant||M|||50|]Basculegion||ChoiceScarf|Adaptability|LastRespects,WaveCrash,FlipTurn,AquaJet|Jolly||M|||50|]Whimsicott||FocusSash|Prankster|Tailwind,Moonblast,Encore,Protect|Timid||F|||50|]Floette-Eternal||Floettite|FlowerVeil|DazzlingGleam,Moonblast,LightofRuin,Protect|Modest||F|||50|
|showteam|p2|Raichu||RaichuniteY|LightningRod|ZapCannon,FocusBlast,FakeOut,Protect|Timid||M|||50|]Floette-Eternal||Floettite|FlowerVeil|CalmMind,DazzlingGleam,DrainingKiss,Protect|Timid||F|||50|]Sinistcha||KasibBerry|Hospitality|MatchaGotcha,LifeDew,RagePowder,Protect|Relaxed|||||50|]Ceruledge||ColburBerry|FlashFire|BitterBlade,ShadowSneak,BulkUp,Protect|Adamant||F|||50|]Milotic||Leftovers|Competitive|MuddyWater,Coil,Hypnosis,Protect|Calm||M|||50|]Incineroar||SitrusBerry|Intimidate|FlareBlitz,ThroatChop,FakeOut,PartingShot|Impish||M|||50|
|c|Ōśånatsukivgc|glhf game 3
|inactive|Battle timer is ON: inactive players will automatically lose when time's up. (requested by javi fuego)
|
|t:|1785763160
|teamsize|p1|4
|teamsize|p2|4
|start
|switch|p1a: Garchomp|Garchomp, L50, M|100/100
|switch|p1b: Whimsicott|Whimsicott, L50, F|100/100
|switch|p2a: Floette|Floette-Eternal, L50, F|100/100
|switch|p2b: Incineroar|Incineroar, L50, M|100/100
|-ability|p2b: Incineroar|Intimidate|boost
|-unboost|p1a: Garchomp|atk|1
|-unboost|p1b: Whimsicott|atk|1
|turn|1
|c|Ōśåjavi fuego|U2
|inactive|natsukivgc has 30 seconds left.
|inactive|natsukivgc has 20 seconds left.
|inactive|natsukivgc has 15 seconds left.
|
|t:|1785763202
|switch|p1a: Basculegion|Basculegion, L50, M|100/100
|detailschange|p2a: Floette|Floette-Mega, L50, F
|-mega|p2a: Floette|Floette|Floettite
|-ability|p2a: Floette|Fairy Aura
|move|p1b: Whimsicott|Protect|p1b: Whimsicott
|-singleturn|p1b: Whimsicott|Protect
|move|p2b: Incineroar|Fake Out|p1a: Basculegion
|-immune|p1a: Basculegion
|move|p2a: Floette|Dazzling Gleam|p1a: Basculegion|[spread] p1a
|-activate|p1b: Whimsicott|move: Protect
|-damage|p1a: Basculegion|56/100
|
|upkeep
|turn|2
|inactive|natsukivgc has 30 seconds left.
|
|t:|1785763229
|switch|p2a: Milotic|Milotic, L50, M|100/100
|switch|p2b: Sinistcha|Sinistcha, L50|100/100
|move|p1b: Whimsicott|Tailwind|p1b: Whimsicott
|-sidestart|p1: natsukivgc|move: Tailwind
|move|p1a: Basculegion|Flip Turn|p2b: Sinistcha
|-resisted|p2b: Sinistcha|1
|-damage|p2b: Sinistcha|83/100
|inactive|natsukivgc has 30 seconds left.
|
|t:|1785763261
|switch|p1a: Floette|Floette-Eternal, L50, F|100/100|[from] Flip Turn
|
|upkeep
|turn|3
|
|t:|1785763278
|switch|p2b: Incineroar|Incineroar, L50, M|100/100
|-ability|p2b: Incineroar|Intimidate|boost
|-unboost|p1a: Floette|atk|1
|-block|p1b: Whimsicott|ability: Flower Veil|[of] p1a: Floette
|detailschange|p1a: Floette|Floette-Mega, L50, F
|-mega|p1a: Floette|Floette|Floettite
|-ability|p1a: Floette|Fairy Aura
|move|p1b: Whimsicott|Moonblast|p2b: Incineroar
|-damage|p2b: Incineroar|57/100
|move|p1a: Floette|Dazzling Gleam|p2b: Incineroar|[spread] p2a,p2b
|-damage|p2a: Milotic|70/100
|-damage|p2b: Incineroar|17/100
|-enditem|p2b: Incineroar|Sitrus Berry|[eat]
|-heal|p2b: Incineroar|42/100|[from] item: Sitrus Berry
|move|p2a: Milotic|Coil|p2a: Milotic
|-boost|p2a: Milotic|atk|1
|-boost|p2a: Milotic|def|1
|-boost|p2a: Milotic|accuracy|1
|
|-heal|p2a: Milotic|76/100|[from] item: Leftovers
|upkeep
|turn|4
|inactive|natsukivgc has 30 seconds left.
|inactive|natsukivgc has 20 seconds left.
|
|t:|1785763315
|move|p2b: Incineroar|Fake Out|p1b: Whimsicott
|-damage|p1b: Whimsicott|82/100
|cant|p1b: Whimsicott|flinch
|move|p1a: Floette|Light of Ruin|p2a: Milotic
|-crit|p2a: Milotic
|-damage|p2a: Milotic|0 fnt
|faint|p2a: Milotic
|-damage|p1a: Floette|51/100|[from] Recoil
|
|upkeep
|
|t:|1785763329
|switch|p2a: Floette|Floette-Mega, L50, F|100/100
|-ability|p2a: Floette|Fairy Aura
|turn|5
|
|t:|1785763341
|move|p1b: Whimsicott|Moonblast|p2b: Incineroar
|-damage|p2b: Incineroar|1/100
|move|p1a: Floette|Light of Ruin|p2a: Floette
|-damage|p2a: Floette|19/100
|-damage|p1a: Floette|11/100|[from] Recoil
|move|p2a: Floette|Dazzling Gleam|p1a: Floette|[spread] p1a,p1b
|-damage|p1a: Floette|0 fnt
|-damage|p1b: Whimsicott|15/100
|faint|p1a: Floette
|move|p2b: Incineroar|Parting Shot|p1b: Whimsicott
|-unboost|p1b: Whimsicott|atk|1
|-unboost|p1b: Whimsicott|spa|1
|
|t:|1785763347
|switch|p2b: Sinistcha|Sinistcha, L50|83/100|[from] Parting Shot
|-heal|p2a: Floette|44/100|[from] ability: Hospitality|[of] p2b: Sinistcha
|
|-sideend|p1: natsukivgc|move: Tailwind
|upkeep
|inactive|natsukivgc has 30 seconds left.
|
|t:|1785763374
|switch|p1a: Basculegion|Basculegion, L50, M|56/100
|turn|6
|
|t:|1785763381
|switch|p2a: Incineroar|Incineroar, L50, M|1/100
|-ability|p2a: Incineroar|Intimidate|boost
|-unboost|p1a: Basculegion|atk|1
|-unboost|p1b: Whimsicott|atk|1
|move|p1b: Whimsicott|Tailwind|p1b: Whimsicott
|-sidestart|p1: natsukivgc|move: Tailwind
|move|p1a: Basculegion|Last Respects|p2a: Incineroar
|-resisted|p2a: Incineroar|1
|-damage|p2a: Incineroar|0 fnt
|faint|p2a: Incineroar
|move|p2b: Sinistcha|Matcha Gotcha|p1b: Whimsicott|[spread] p1a,p1b
|-supereffective|p1a: Basculegion|1
|-resisted|p1b: Whimsicott|1
|-damage|p1a: Basculegion|3/100
|-heal|p2b: Sinistcha|100/100|[from] drain|[of] p1a: Basculegion
|-damage|p1b: Whimsicott|0 fnt
|-status|p1a: Basculegion|brn
|faint|p1b: Whimsicott
|
|-damage|p1a: Basculegion|0 fnt|[from] brn
|faint|p1a: Basculegion
|upkeep
|inactive|natsukivgc has 30 seconds left.
|c|Ōśånatsukivgc|wp
|c|Ōśånatsukivgc|fun set
|
|t:|1785763409
|switch|p1a: Garchomp|Garchomp, L50, M|100/100
|switch|p2a: Floette|Floette-Mega, L50, F|44/100
|-ability|p2a: Floette|Fairy Aura
|turn|7
|c|Ōśåjavi fuego|Yep!
|
|t:|1785763426
|move|p2a: Floette|Protect|p2a: Floette
|-singleturn|p2a: Floette|Protect
|move|p1a: Garchomp|Rock Slide|p2b: Sinistcha|[spread] p2b
|-activate|p2a: Floette|move: Protect
|-damage|p2b: Sinistcha|82/100
|cant|p2b: Sinistcha|flinch
|
|upkeep
|turn|8
|
|t:|1785763437
|move|p1a: Garchomp|Rock Slide|p2a: Floette|[spread] p2a,p2b
|-damage|p2a: Floette|22/100
|-damage|p2b: Sinistcha|65/100
|move|p2a: Floette|Draining Kiss|p1a: Garchomp
|-supereffective|p1a: Garchomp|1
|-damage|p1a: Garchomp|37/100
|-heal|p2a: Floette|87/100|[from] drain|[of] p1a: Garchomp
|-damage|p2a: Floette|75/100|[from] ability: Rough Skin|[of] p1a: Garchomp
|-enditem|p1a: Garchomp|Sitrus Berry|[eat]
|-heal|p1a: Garchomp|62/100|[from] item: Sitrus Berry
|cant|p2b: Sinistcha|flinch
|
|upkeep
|turn|9
|
|t:|1785763452
|move|p1a: Garchomp|Poison Jab|p2a: Floette
|-supereffective|p2a: Floette|1
|-damage|p2a: Floette|19/100
|-status|p2a: Floette|psn
|move|p2a: Floette|Dazzling Gleam|p1a: Garchomp
|-supereffective|p1a: Garchomp|1
|-damage|p1a: Garchomp|0 fnt
|faint|p1a: Garchomp
|
|win|javi fuego
|raw|natsukivgc's rating: 1250 → 1230(-20 for losing)
|raw|javi fuego's rating: 1317 → 1333(+16 for winning)
|c|Ōśånatsukivgc|ggs
|l|Ōśånatsukivgc
|player|p1|
