|j|☆cowking1736
|j|☆Belinvgc
|html|cowking1736Belinvgc    
|uhtml|bestof|Game 3 of a best-of-3
|t:|1784137211
|gametype|doubles
|player|p1|cowking1736|ethan|
|player|p2|Belinvgc|265|
|gen|9
|tier|[Gen 9 Champions] VGC 2026 Reg M-B (Bo3)
|rule|Species Clause: Limit one of each Pokémon
|rule|Item Clause: Limit 1 of each item
|clearpoke
|poke|p1|Weavile, L50, M|
|poke|p1|Raichu, L50, F|
|poke|p1|Ceruledge, L50, F|
|poke|p1|Milotic, L50, F|
|poke|p1|Sinistcha, L50|
|poke|p1|Skarmory, L50, F|
|poke|p2|Blastoise, L50, F|
|poke|p2|Incineroar, L50, F|
|poke|p2|Sinistcha, L50|
|poke|p2|Floette-Eternal, L50, F|
|poke|p2|Sneasler, L50, F|
|poke|p2|Maushold, L50|
|teampreview|4
|showteam|p1|Weavile||FocusSash|Pickpocket|FakeOut,TripleAxel,KnockOff,LowKick|Jolly||M|||50|]Raichu||RaichuniteY|LightningRod|Protect,FakeOut,ZapCannon,FocusBlast|Timid||F|||50|]Ceruledge||ColburBerry|FlashFire|Protect,BulkUp,ShadowSneak,BitterBlade|Adamant||F|||50|]Milotic||Leftovers|Competitive|MuddyWater,Coil,Hypnosis,Protect|Calm||F|||50|]Sinistcha||KasibBerry|Hospitality|MatchaGotcha,LifeDew,Protect,RagePowder|Relaxed|||||50|]Skarmory||Skarmorite|Sturdy|Protect,SwordsDance,BraveBird,IronHead|Jolly||F|||50|
|showteam|p2|Blastoise||Blastoisinite|RainDish|WaterSpout,DarkPulse,ShellSmash,Protect|Modest||F|||50|]Incineroar||SitrusBerry|Intimidate|FlareBlitz,FakeOut,PartingShot,HelpingHand|Impish||F|||50|]Sinistcha||OccaBerry|Hospitality|MatchaGotcha,RagePowder,TrickRoom,Protect|Relaxed|||||50|]Floette-Eternal||Floettite|FlowerVeil|DazzlingGleam,DrainingKiss,CalmMind,Protect|Modest||F|||50|]Sneasler||FocusSash|PoisonTouch|DireClaw,CloseCombat,FakeOut,QuickGuard|Jolly||F|||50|]Maushold||LumBerry|FriendGuard|SuperFang,FollowMe,Feint,Protect|Timid|||||50|
|
|t:|1784137242
|teamsize|p1|4
|teamsize|p2|4
|start
|switch|p1a: Weavile|Weavile, L50, M|100/100
|switch|p1b: Raichu|Raichu, L50, F|100/100
|switch|p2a: Blastoise|Blastoise, L50, F|100/100
|switch|p2b: Maushold|Maushold, L50|100/100
|turn|1
|
|t:|1784137257
|detailschange|p2a: Blastoise|Blastoise-Mega, L50, F
|-mega|p2a: Blastoise|Blastoise|Blastoisinite
|move|p2b: Maushold|Protect|p2b: Maushold
|-singleturn|p2b: Maushold|Protect
|move|p2a: Blastoise|Protect|p2a: Blastoise
|-singleturn|p2a: Blastoise|Protect
|move|p1b: Raichu|Fake Out|p2a: Blastoise
|-activate|p2a: Blastoise|move: Protect
|move|p1a: Weavile|Triple Axel|p2b: Maushold
|-activate|p2b: Maushold|move: Protect
|
|upkeep
|turn|2
|
|t:|1784137278
|detailschange|p1b: Raichu|Raichu-Mega-Y, L50, F
|-mega|p1b: Raichu|Raichu|Raichunite Y
|move|p2b: Maushold|Follow Me|p2b: Maushold
|-singleturn|p2b: Maushold|move: Follow Me
|move|p1a: Weavile|Triple Axel|p2b: Maushold
|-damage|p2b: Maushold|87/100
|-hitcount|p2b: Maushold|1
|move|p1b: Raichu|Zap Cannon|p2b: Maushold
|-damage|p2b: Maushold|11/100
|-status|p2b: Maushold|par
|-enditem|p2b: Maushold|Lum Berry|[eat]
|-curestatus|p2b: Maushold|par|[msg]
|move|p2a: Blastoise|Shell Smash|p2a: Blastoise
|-unboost|p2a: Blastoise|def|1
|-unboost|p2a: Blastoise|spd|1
|-boost|p2a: Blastoise|atk|2
|-boost|p2a: Blastoise|spa|2
|-boost|p2a: Blastoise|spe|2
|
|upkeep
|turn|3
|
|t:|1784137342
|switch|p1a: Sinistcha|Sinistcha, L50|100/100
|move|p1b: Raichu|Protect|p1b: Raichu
|-singleturn|p1b: Raichu|Protect
|move|p2b: Maushold|Follow Me|p2b: Maushold
|-singleturn|p2b: Maushold|move: Follow Me
|move|p2a: Blastoise|Water Spout|p1b: Raichu|[spread] p1a
|-activate|p1b: Raichu|move: Protect
|-resisted|p1a: Sinistcha|1
|-damage|p1a: Sinistcha|39/100
|
|upkeep
|turn|4
|
|t:|1784137389
|switch|p1b: Milotic|Milotic, L50, F|100/100
|move|p2b: Maushold|Follow Me|p2b: Maushold
|-singleturn|p2b: Maushold|move: Follow Me
|move|p2a: Blastoise|Water Spout|p1a: Sinistcha|[spread] p1a,p1b
|-resisted|p1a: Sinistcha|1
|-resisted|p1b: Milotic|1
|-damage|p1a: Sinistcha|0 fnt
|-damage|p1b: Milotic|56/100
|faint|p1a: Sinistcha
|
|-heal|p1b: Milotic|62/100|[from] item: Leftovers
|upkeep
|
|t:|1784137408
|switch|p1a: Weavile|Weavile, L50, M|100/100
|turn|5
|
|t:|1784137432
|move|p2a: Blastoise|Protect|p2a: Blastoise
|-singleturn|p2a: Blastoise|Protect
|move|p2b: Maushold|Protect|p2b: Maushold
|-singleturn|p2b: Maushold|Protect
|move|p1a: Weavile|Fake Out|p2a: Blastoise
|-activate|p2a: Blastoise|move: Protect
|move|p1b: Milotic|Coil|p1b: Milotic
|-boost|p1b: Milotic|atk|1
|-boost|p1b: Milotic|def|1
|-boost|p1b: Milotic|accuracy|1
|
|-heal|p1b: Milotic|68/100|[from] item: Leftovers
|upkeep
|turn|6
|
|t:|1784137479
|move|p2b: Maushold|Follow Me|p2b: Maushold
|-singleturn|p2b: Maushold|move: Follow Me
|move|p2a: Blastoise|Dark Pulse|p1b: Milotic
|-damage|p1b: Milotic|9/100
|move|p1a: Weavile|Triple Axel|p2b: Maushold|[miss]
|-miss|p1a: Weavile|p2b: Maushold
|move|p1b: Milotic|Hypnosis|p2b: Maushold
|-status|p2b: Maushold|slp|[from] move: Hypnosis
|
|-heal|p1b: Milotic|15/100|[from] item: Leftovers
|upkeep
|turn|7
|
|t:|1784137519
|move|p1b: Milotic|Protect|p1b: Milotic
|-singleturn|p1b: Milotic|Protect
|cant|p2b: Maushold|slp
|move|p2a: Blastoise|Water Spout|p1b: Milotic|[spread] p1a
|-activate|p1b: Milotic|move: Protect
|-enditem|p1a: Weavile|Focus Sash
|-damage|p1a: Weavile|1/100
|move|p1a: Weavile|Knock Off|p2a: Blastoise
|-damage|p2a: Blastoise|64/100
|
|-heal|p1b: Milotic|21/100|[from] item: Leftovers
|upkeep
|turn|8
|
|t:|1784137553
|switch|p2b: Sinistcha|Sinistcha, L50|100/100
|-heal|p2a: Blastoise|88/100|[from] ability: Hospitality|[of] p2b: Sinistcha
|move|p2a: Blastoise|Water Spout|p1a: Weavile|[spread] p1a,p1b
|-resisted|p1b: Milotic|1
|-damage|p1a: Weavile|0 fnt
|-damage|p1b: Milotic|0 fnt
|faint|p1a: Weavile
|faint|p1b: Milotic
|
|upkeep
|
|t:|1784137564
|switch|p1a: Raichu|Raichu-Mega-Y, L50, F|100/100
|turn|9
|
|t:|1784137569
|move|p2b: Sinistcha|Rage Powder|p2b: Sinistcha
|-singleturn|p2b: Sinistcha|move: Rage Powder
|move|p2a: Blastoise|Water Spout|p1a: Raichu
|-damage|p1a: Raichu|0 fnt
|faint|p1a: Raichu
|
|win|Belinvgc
|c|☆cowking1736|gg
|l|☆cowking1736
|player|p1|
