|j|☆kkplaysaligi
|j|☆repo2
|html|kkplaysaligirepo2    
|uhtml|bestof|Game 2 of a best-of-3
|t:|1785772435
|gametype|doubles
|player|p1|kkplaysaligi|psychic|1000
|player|p2|repo2|pokemonrangerf|1042
|gen|9
|tier|[Gen 9 Champions] VGC 2026 Reg M-B (Bo3)
|rated|
|rule|Species Clause: Limit one of each Pokémon
|rule|Item Clause: Limit 1 of each item
|clearpoke
|poke|p1|Politoed, L50, M, shiny|
|poke|p1|Basculegion, L50, M|
|poke|p1|Archaludon, L50, F|
|poke|p1|Pidgeot, L50, M|
|poke|p1|Incineroar, L50, F|
|poke|p1|Maushold-Four, L50|
|poke|p2|Staraptor, L50, F|
|poke|p2|Farigiraf, L50, F|
|poke|p2|Incineroar, L50, F|
|poke|p2|Floette-Eternal, L50, F|
|poke|p2|Excadrill, L50, F|
|poke|p2|Milotic, L50, M|
|teampreview|4
|showteam|p1|Politoed||MysticWater|Drizzle|IceBeam,WeatherBall,HydroPump,EarthPower|Modest||M|||50|]Basculegion||ChoiceScarf|SwiftSwim|WaveCrash,LastRespects,Liquidation,PsychicFangs|Adamant||M|||50|]Archaludon||LifeOrb|Stamina|ElectroShot,FlashCannon,DracoMeteor,Snarl|Timid||F|||50|]Pidgeot||Pidgeotite|BigPecks|Hurricane,HeatWave,Tailwind,Protect|Timid||M|||50|]Incineroar||SitrusBerry|Intimidate|FakeOut,FlareBlitz,PartingShot,CloseCombat|Adamant||F|||50|]Maushold-Four||ZoomLens|Technician|FollowMe,PopulationBomb,PlayRough,HelpingHand|Jolly|||||50|
|showteam|p2|Staraptor||ChoiceScarf|Intimidate|FinalGambit,CloseCombat,Uturn,BraveBird|Jolly||F|||50|]Farigiraf||SitrusBerry|ArmorTail|TrickRoom,Psychic,Thunderbolt,HelpingHand|Bold||F|||50|]Incineroar||FocusSash|Intimidate|FakeOut,PartingShot,FlareBlitz,ThroatChop|Adamant||F|||50|]Floette-Eternal||Floettite|FlowerVeil|DazzlingGleam,Protect,CalmMind,DrainingKiss|Modest||F|||50|]Excadrill||LifeOrb|MoldBreaker|IronHead,HighHorsepower,Protect,RockSlide|Jolly||F|||50|]Milotic||Leftovers|Competitive|MuddyWater,Hypnosis,Coil,Recover|Calm||M|||50|
|inactive|Battle timer is ON: inactive players will automatically lose when time's up. (requested by repo2)
|
|t:|1785772454
|teamsize|p1|4
|teamsize|p2|4
|start
|switch|p1a: Maushold|Maushold-Four, L50|100/100
|switch|p1b: Incineroar|Incineroar, L50, F|100/100
|switch|p2a: Incineroar|Incineroar, L50, F|100/100
|switch|p2b: Floette|Floette-Eternal, L50, F|100/100
|-ability|p2a: Incineroar|Intimidate|boost
|-unboost|p1a: Maushold|atk|1
|-unboost|p1b: Incineroar|atk|1
|-ability|p1b: Incineroar|Intimidate|boost
|-unboost|p2a: Incineroar|atk|1
|-unboost|p2b: Floette|atk|1
|turn|1
|
|t:|1785772472
|detailschange|p2b: Floette|Floette-Mega, L50, F
|-mega|p2b: Floette|Floette|Floettite
|-ability|p2b: Floette|Fairy Aura
|move|p2a: Incineroar|Fake Out|p1b: Incineroar
|-damage|p1b: Incineroar|90/100
|cant|p1b: Incineroar|flinch
|move|p1a: Maushold|Population Bomb|p2b: Floette
|-damage|p2b: Floette|92/100
|-damage|p2b: Floette|86/100
|-damage|p2b: Floette|79/100
|-damage|p2b: Floette|71/100
|-damage|p2b: Floette|65/100
|-damage|p2b: Floette|58/100
|-damage|p2b: Floette|51/100
|-crit|p2b: Floette
|-damage|p2b: Floette|34/100
|-damage|p2b: Floette|27/100
|-damage|p2b: Floette|19/100
|-hitcount|p2b: Floette|10
|move|p2b: Floette|Calm Mind|p2b: Floette
|-boost|p2b: Floette|spa|1
|-boost|p2b: Floette|spd|1
|
|upkeep
|turn|2
|inactive|kkplaysaligi has 30 seconds left.
|
|t:|1785772499
|move|p2b: Floette|Protect|p2b: Floette
|-singleturn|p2b: Floette|Protect
|move|p1a: Maushold|Follow Me|p1a: Maushold
|-singleturn|p1a: Maushold|move: Follow Me
|move|p2a: Incineroar|Parting Shot|p1a: Maushold
|-unboost|p1a: Maushold|atk|1
|-unboost|p1a: Maushold|spa|1
|
|t:|1785772503
|switch|p2a: Staraptor|Staraptor, L50, F|100/100|[from] Parting Shot
|-ability|p2a: Staraptor|Intimidate|boost
|-unboost|p1a: Maushold|atk|1
|-unboost|p1b: Incineroar|atk|1
|move|p1b: Incineroar|Flare Blitz|p2b: Floette
|-activate|p2b: Floette|move: Protect
|
|upkeep
|turn|3
|
|t:|1785772515
|move|p1a: Maushold|Follow Me|p1a: Maushold
|-singleturn|p1a: Maushold|move: Follow Me
|move|p2a: Staraptor|Close Combat|p1a: Maushold
|-supereffective|p1a: Maushold|1
|-damage|p1a: Maushold|0 fnt
|-unboost|p2a: Staraptor|def|1
|-unboost|p2a: Staraptor|spd|1
|faint|p1a: Maushold
|move|p2b: Floette|Draining Kiss|p1b: Incineroar
|-damage|p1b: Incineroar|45/100
|-heal|p2b: Floette|57/100|[from] drain|[of] p1b: Incineroar
|-enditem|p1b: Incineroar|Sitrus Berry|[eat]
|-heal|p1b: Incineroar|69/100|[from] item: Sitrus Berry
|move|p1b: Incineroar|Flare Blitz|p2b: Floette
|-damage|p2b: Floette|25/100
|-damage|p1b: Incineroar|60/100|[from] Recoil
|
|upkeep
|
|t:|1785772530
|switch|p1a: Politoed|Politoed, L50, M, shiny|100/100
|-weather|RainDance|[from] ability: Drizzle|[of] p1a: Politoed
|turn|4
|
|t:|1785772539
|move|p2a: Staraptor|Close Combat|p1b: Incineroar
|-supereffective|p1b: Incineroar|1
|-damage|p1b: Incineroar|0 fnt
|-unboost|p2a: Staraptor|def|1
|-unboost|p2a: Staraptor|spd|1
|faint|p1b: Incineroar
|move|p2b: Floette|Draining Kiss|p1a: Politoed
|-damage|p1a: Politoed|50/100g
|-heal|p2b: Floette|66/100|[from] drain|[of] p1a: Politoed
|move|p1a: Politoed|Ice Beam|p2b: Floette
|-damage|p2b: Floette|53/100
|
|-weather|RainDance|[upkeep]
|upkeep
|
|t:|1785772543
|switch|p1b: Basculegion|Basculegion, L50, M|100/100
|turn|5
|
|t:|1785772555
|switch|p2a: Incineroar|Incineroar, L50, F|100/100
|-ability|p2a: Incineroar|Intimidate|boost
|-unboost|p1a: Politoed|atk|1
|-unboost|p1b: Basculegion|atk|1
|move|p2b: Floette|Protect|p2b: Floette
|-singleturn|p2b: Floette|Protect
|move|p1b: Basculegion|Last Respects|p2b: Floette
|-activate|p2b: Floette|move: Protect
|move|p1a: Politoed|Ice Beam|p2a: Incineroar
|-resisted|p2a: Incineroar|1
|-damage|p2a: Incineroar|86/100
|
|-weather|RainDance|[upkeep]
|upkeep
|turn|6
|
|t:|1785772567
|switch|p2a: Staraptor|Staraptor, L50, F|100/100
|-ability|p2a: Staraptor|Intimidate|boost
|-unboost|p1a: Politoed|atk|1
|-unboost|p1b: Basculegion|atk|1
|move|p1b: Basculegion|Last Respects|p2b: Floette
|-damage|p2b: Floette|19/100
|move|p2b: Floette|Draining Kiss|p1b: Basculegion
|-damage|p1b: Basculegion|36/100
|-heal|p2b: Floette|71/100|[from] drain|[of] p1b: Basculegion
|move|p1a: Politoed|Weather Ball|p2a: Staraptor
|-damage|p2a: Staraptor|0 fnt
|faint|p2a: Staraptor
|
|-weather|RainDance|[upkeep]
|upkeep
|
|t:|1785772571
|switch|p2a: Incineroar|Incineroar, L50, F|86/100
|-ability|p2a: Incineroar|Intimidate|boost
|-unboost|p1a: Politoed|atk|1
|-unboost|p1b: Basculegion|atk|1
|turn|7
|
|t:|1785772584
|move|p1b: Basculegion|Last Respects|p2b: Floette
|-damage|p2b: Floette|40/100
|move|p2b: Floette|Draining Kiss|p1a: Politoed
|-damage|p1a: Politoed|1/100
|-heal|p2b: Floette|80/100|[from] drain|[of] p1a: Politoed
|move|p2a: Incineroar|Parting Shot|p1b: Basculegion
|-unboost|p1b: Basculegion|atk|1
|-unboost|p1b: Basculegion|spa|1
|
|t:|1785772588
|switch|p2a: Farigiraf|Farigiraf, L50, F|100/100|[from] Parting Shot
|move|p1a: Politoed|Hydro Pump|p2a: Farigiraf
|-damage|p2a: Farigiraf|14/100
|-enditem|p2a: Farigiraf|Sitrus Berry|[eat]
|-heal|p2a: Farigiraf|39/100|[from] item: Sitrus Berry
|
|-weather|RainDance|[upkeep]
|upkeep
|turn|8
|c|☆kkplaysaligi|bro
|-message|kkplaysaligi forfeited.
|
|win|repo2
|l|☆kkplaysaligi
|player|p1|
||repo2 is ready for game 3.
|l|☆repo2
|player|p2|
||kkplaysaligi is ready for game 3.
|uhtml|next|Next: Game 3 of 3
|j|☆repo2
|player|p2|repo2|pokemonrangerf|
