|j|☆NewTrainaOnDaBlock
|j|☆SlobCat47
|html|NewTrainaOnDaBlockSlobCat47    
|uhtml|bestof|Game 2 of a best-of-3
|t:|1783638322
|gametype|doubles
|player|p1|NewTrainaOnDaBlock|102|
|player|p2|SlobCat47|101|
|gen|9
|tier|[Gen 9 Champions] VGC 2026 Reg M-B (Bo3)
|rule|Species Clause: Limit one of each Pokémon
|rule|Item Clause: Limit 1 of each item
|clearpoke
|poke|p1|Swampert, L50, M, shiny|
|poke|p1|Pelipper, L50, F|
|poke|p1|Heracross, L50, M, shiny|
|poke|p1|Sneasler, L50, F|
|poke|p1|Meowstic, L50, M|
|poke|p1|Kingambit, L50, F, shiny|
|poke|p2|Lucario, L50, F|
|poke|p2|Garchomp, L50, F|
|poke|p2|Talonflame, L50, M|
|poke|p2|Serperior, L50, F|
|poke|p2|Manectric, L50, F|
|poke|p2|Ninetales-Alola, L50, F|
|teampreview|4
|showteam|p1|Swampert||Swampertite|Torrent|IcePunch,WaveCrash,Earthquake,Protect|Jolly||M|||50|]Pelipper||SitrusBerry|Drizzle|Hurricane,Protect,Tailwind,WeatherBall|Bold||F|||50|]Heracross||Heracronite|Moxie|Detect,RockBlast,PinMissile,BrickBreak|Adamant||M|||50|]Sneasler||WhiteHerb|Unburden|DireClaw,CloseCombat,Protect,FakeOut|Adamant||F|||50|]Meowstic||LightClay|Prankster|Reflect,LightScreen,Thunderbolt,Psychic|Timid||M|||50|]Kingambit||Leftovers|SupremeOverlord|SuckerPunch,Protect,KowtowCleave,IronHead|Adamant||F|||50|
|showteam|p2|Lucario||Lucarionite|InnerFocus|Detect,AuraSphere,FlashCannon,VacuumWave|Timid||F|||50|]Garchomp||LifeOrb|RoughSkin|DragonClaw,Crunch,Earthquake,Protect|Jolly||F|||50|]Talonflame|||GaleWings|Acrobatics,FlareBlitz,Tailwind,Protect|Jolly||M|||50|]Serperior||BrightPowder|Contrary|LeafStorm,GigaDrain,Protect,HelpingHand|Timid||F|||50|]Manectric||Manectite|Static|Thunder,VoltSwitch,Protect,Flamethrower|Timid||F|||50|]Ninetales-Alola||Leftovers|SnowWarning|AuroraVeil,FreezeDry,Extrasensory,Psyshock|Timid||F|||50|
|j| PJG4487
|
|t:|1783638437
|teamsize|p1|4
|teamsize|p2|4
|start
|switch|p1a: Duke|Swampert, L50, M, shiny|100/100
|switch|p1b: Savanna|Pelipper, L50, F|100/100
|switch|p2a: Talonflame|Talonflame, L50, M|100/100
|switch|p2b: Serperior|Serperior, L50, F|100/100
|-weather|RainDance|[from] ability: Drizzle|[of] p1b: Savanna
|turn|1
|
|t:|1783638479
|detailschange|p1a: Duke|Swampert-Mega, L50, M, shiny
|-mega|p1a: Duke|Swampert|Swampertite
|move|p2a: Talonflame|Tailwind|p2a: Talonflame
|-sidestart|p2: SlobCat47|move: Tailwind
|move|p2b: Serperior|Leaf Storm|p1a: Duke
|-supereffective|p1a: Duke|2
|-damage|p1a: Duke|0 fnt
|-boost|p2b: Serperior|spa|2
|faint|p1a: Duke
|move|p1b: Savanna|Hurricane|p2b: Serperior
|-supereffective|p2b: Serperior|1
|-crit|p2b: Serperior
|-damage|p2b: Serperior|0 fnt
|faint|p2b: Serperior
|
|-weather|RainDance|[upkeep]
|upkeep
|
|t:|1783638503
|switch|p2b: Lucario|Lucario, L50, F|100/100
|switch|p1a: Winston|Meowstic, L50, M|100/100
|turn|2
|
|t:|1783638542
|detailschange|p2b: Lucario|Lucario-Mega, L50, F
|-mega|p2b: Lucario|Lucario|Lucarionite
|move|p2a: Talonflame|Acrobatics|p1b: Savanna
|-damage|p1b: Savanna|67/100
|move|p1a: Winston|Light Screen|p1a: Winston
|-sidestart|p1: NewTrainaOnDaBlock|move: Light Screen
|move|p2b: Lucario|Flash Cannon|p1a: Winston
|-damage|p1a: Winston|47/100
|move|p1b: Savanna|Hurricane|p2b: Lucario
|-damage|p2b: Lucario|42/100
|-start|p2b: Lucario|confusion
|
|-weather|RainDance|[upkeep]
|upkeep
|turn|3
|
|t:|1783638571
|move|p2a: Talonflame|Protect|p2a: Talonflame
|-singleturn|p2a: Talonflame|Protect
|move|p1a: Winston|Reflect|p1a: Winston
|-sidestart|p1: NewTrainaOnDaBlock|Reflect
|-activate|p2b: Lucario|confusion
|move|p2b: Lucario|Flash Cannon|p1a: Winston
|-damage|p1a: Winston|0 fnt
|faint|p1a: Winston
|move|p1b: Savanna|Hurricane|p2b: Lucario
|-damage|p2b: Lucario|0 fnt
|faint|p2b: Lucario
|
|-weather|RainDance|[upkeep]
|upkeep
|
|t:|1783638584
|switch|p2b: Garchomp|Garchomp, L50, F|100/100
|switch|p1a: Ouch|Heracross, L50, M, shiny|100/100
|turn|4
|
|t:|1783638619
|move|p1a: Ouch|Detect|p1a: Ouch
|-singleturn|p1a: Ouch|Protect
|move|p2a: Talonflame|Flare Blitz|p1a: Ouch
|-activate|p1a: Ouch|move: Protect
|move|p2b: Garchomp|Crunch|p1b: Savanna
|-damage|p1b: Savanna|48/100
|-enditem|p1b: Savanna|Sitrus Berry|[eat]
|-heal|p1b: Savanna|73/100|[from] item: Sitrus Berry
|-damage|p2b: Garchomp|90/100|[from] item: Life Orb
|move|p1b: Savanna|Tailwind|p1b: Savanna
|-sidestart|p1: NewTrainaOnDaBlock|move: Tailwind
|
|-weather|RainDance|[upkeep]
|-sideend|p2: SlobCat47|move: Tailwind
|upkeep
|turn|5
|
|t:|1783638681
|move|p1a: Ouch|Rock Blast|p2a: Talonflame
|-supereffective|p2a: Talonflame|2
|-damage|p2a: Talonflame|45/100
|-supereffective|p2a: Talonflame|2
|-damage|p2a: Talonflame|0 fnt
|faint|p2a: Talonflame
|-ability|p1a: Ouch|Moxie|boost
|-boost|p1a: Ouch|atk|1
|-hitcount|p2: Talonflame|2
|move|p1b: Savanna|Weather Ball|p2b: Garchomp
|-damage|p2b: Garchomp|36/100
|move|p2b: Garchomp|Crunch|p1b: Savanna
|-damage|p1b: Savanna|54/100
|-damage|p2b: Garchomp|27/100|[from] item: Life Orb
|
|-weather|none
|upkeep
|turn|6
|
|t:|1783638714
|move|p1a: Ouch|Brick Break|p2b: Garchomp
|-damage|p2b: Garchomp|0 fnt
|-damage|p1a: Ouch|87/100|[from] ability: Rough Skin|[of] p2b: Garchomp
|faint|p2b: Garchomp
|
|win|NewTrainaOnDaBlock
