|j|☆gundot
|j|☆thebeast4895
|html|gundotthebeast4895    
|uhtml|bestof|Game 2 of a best-of-3
|t:|1784304329
|gametype|doubles
|player|p1|gundot|ethan-gen2|1269
|player|p2|thebeast4895|102|1228
|gen|9
|tier|[Gen 9 Champions] VGC 2026 Reg M-B (Bo3)
|rated|
|rule|Species Clause: Limit one of each Pokémon
|rule|Item Clause: Limit 1 of each item
|clearpoke
|poke|p1|Charizard, L50, F, shiny|
|poke|p1|Whimsicott, L50, F|
|poke|p1|Mawile, L50, F, shiny|
|poke|p1|Garchomp, L50, M|
|poke|p1|Farigiraf, L50, F|
|poke|p1|Basculegion, L50, M, shiny|
|poke|p2|Kingambit, L50, M, shiny|
|poke|p2|Froslass, L50, F|
|poke|p2|Farigiraf, L50, F|
|poke|p2|Blaziken, L50, F|
|poke|p2|Kleavor, L50, M, shiny|
|poke|p2|Whimsicott, L50, F|
|teampreview|4
|showteam|p1|Charizard||CharizarditeY|SolarPower|HeatWave,WeatherBall,SolarBeam,Protect|Modest||F|||50|]Whimsicott||FocusSash|Prankster|Moonblast,Tailwind,Encore,Protect|Timid||F|||50|]Mawile||Mawilite|Intimidate|PlayRough,IronHead,RockSlide,SuckerPunch|Adamant||F|||50|]Garchomp||LifeOrb|RoughSkin|Earthquake,DragonClaw,RockSlide,Protect|Jolly||M|||50|]Farigiraf||SitrusBerry|ArmorTail|Psychic,Thunderbolt,TrickRoom,HelpingHand|Modest||F|||50|]Basculegion||MysticWater|Adaptability|WaveCrash,AquaJet,LastRespects,Protect|Adamant||M|||50|
|showteam|p2|Kingambit||ChopleBerry|Defiant|LowKick,IronHead,KowtowCleave,SuckerPunch|Adamant||M|||50|]Froslass||Froslassite|CursedBody|Protect,AuroraVeil,ShadowBall,Blizzard|Timid||F|||50|]Farigiraf||ColburBerry|ArmorTail|Protect,Psychic,HelpingHand,TrickRoom|Bold||F|||50|]Blaziken||Blazikenite|SpeedBoost|Detect,CloseCombat,FlareBlitz,RockSlide|Adamant||F|||50|]Kleavor||ChoiceScarf|Sharpness|Uturn,StoneAxe,CloseCombat,XScissor|Jolly||M|||50|]Whimsicott||FocusSash|Prankster|Protect,Moonblast,Tailwind,Encore|Timid||F|||50|
|inactive|Battle timer is ON: inactive players will automatically lose when time's up. (requested by gundot)
|
|t:|1784304351
|teamsize|p1|4
|teamsize|p2|4
|start
|switch|p1a: Charizard|Charizard, L50, F, shiny|100/100
|switch|p1b: Whimsicott|Whimsicott, L50, F|100/100
|switch|p2a: Kleavor|Kleavor, L50, M, shiny|100/100
|switch|p2b: Kingambit|Kingambit, L50, M, shiny|100/100
|turn|1
|inactive|thebeast4895 has 30 seconds left.
|
|t:|1784304377
|switch|p2b: Blaziken|Blaziken, L50, F|100/100
|detailschange|p1a: Charizard|Charizard-Mega-Y, L50, F, shiny
|-mega|p1a: Charizard|Charizard|Charizardite Y
|-weather|SunnyDay|[from] ability: Drought|[of] p1a: Charizard
|move|p1b: Whimsicott|Tailwind|p1b: Whimsicott
|-sidestart|p1: gundot|move: Tailwind
|move|p1a: Charizard|Heat Wave|p2a: Kleavor|[spread] p2a,p2b
|-resisted|p2b: Blaziken|1
|-damage|p2a: Kleavor|0 fnt
|-damage|p2b: Blaziken|58/100
|faint|p2a: Kleavor
|
|-weather|SunnyDay|[upkeep]
|upkeep
|
|t:|1784304385
|switch|p2a: Whimsicott|Whimsicott, L50, F|100/100
|turn|2
|
|t:|1784304400
|detailschange|p2b: Blaziken|Blaziken-Mega, L50, F
|-mega|p2b: Blaziken|Blaziken|Blazikenite
|move|p2a: Whimsicott|Tailwind|p2a: Whimsicott
|-sidestart|p2: thebeast4895|move: Tailwind
|move|p1b: Whimsicott|Moonblast|p2a: Whimsicott
|-crit|p2a: Whimsicott
|-damage|p2a: Whimsicott|12/100
|move|p2b: Blaziken|Rock Slide|p1a: Charizard|[spread] p1b
|-miss|p2b: Blaziken|p1a: Charizard
|-damage|p1b: Whimsicott|65/100
|move|p1a: Charizard|Heat Wave|p2b: Blaziken|[spread] p2b
|-miss|p1a: Charizard|p2a: Whimsicott
|-resisted|p2b: Blaziken|1
|-damage|p2b: Blaziken|18/100
|
|-weather|SunnyDay|[upkeep]
|-ability|p2b: Blaziken|Speed Boost|boost
|-boost|p2b: Blaziken|spe|1
|upkeep
|turn|3
|inactive|gundot has 30 seconds left.
|
|t:|1784304432
|move|p2b: Blaziken|Rock Slide|p1a: Charizard|[spread] p1a,p1b
|-supereffective|p1a: Charizard|2
|-damage|p1a: Charizard|12/100
|-damage|p1b: Whimsicott|25/100
|move|p2a: Whimsicott|Moonblast|p1b: Whimsicott
|-damage|p1b: Whimsicott|0 fnt
|faint|p1b: Whimsicott
|cant|p1a: Charizard|flinch
|
|-weather|SunnyDay|[upkeep]
|-ability|p2b: Blaziken|Speed Boost|boost
|-boost|p2b: Blaziken|spe|1
|upkeep
|
|t:|1784304440
|switch|p1b: Garchomp|Garchomp, L50, M|100/100
|turn|4
|
|t:|1784304447
|move|p1a: Charizard|Protect|p1a: Charizard
|-singleturn|p1a: Charizard|Protect
|move|p2b: Blaziken|Rock Slide|p1a: Charizard|[spread] p1b
|-activate|p1a: Charizard|move: Protect
|-resisted|p1b: Garchomp|1
|-damage|p1b: Garchomp|88/100
|move|p2a: Whimsicott|Moonblast|p1b: Garchomp
|-supereffective|p1b: Garchomp|1
|-damage|p1b: Garchomp|11/100
|-unboost|p1b: Garchomp|spa|1
|cant|p1b: Garchomp|flinch
|
|-weather|SunnyDay|[upkeep]
|-sideend|p1: gundot|move: Tailwind
|-ability|p2b: Blaziken|Speed Boost|boost
|-boost|p2b: Blaziken|spe|1
|upkeep
|turn|5
|inactive|thebeast4895 has 30 seconds left.
|
|t:|1784304473
|switch|p1a: Farigiraf|Farigiraf, L50, F|100/100
|move|p1b: Garchomp|Protect|p1b: Garchomp
|-singleturn|p1b: Garchomp|Protect
|move|p2b: Blaziken|Flare Blitz|p1a: Farigiraf
|-damage|p1a: Farigiraf|0 fnt
|faint|p1a: Farigiraf
|-damage|p2b: Blaziken|0 fnt|[from] Recoil
|faint|p2b: Blaziken
|move|p2a: Whimsicott|Moonblast|p1b: Garchomp
|-activate|p1b: Garchomp|move: Protect
|
|-weather|none
|-sideend|p2: thebeast4895|move: Tailwind
|upkeep
|
|t:|1784304479
|switch|p2b: Kingambit|Kingambit, L50, M, shiny|100/100
|switch|p1a: Charizard|Charizard-Mega-Y, L50, F, shiny|12/100
|-weather|SunnyDay|[from] ability: Drought|[of] p1a: Charizard
|turn|6
|
|t:|1784304486
|move|p2b: Kingambit|Sucker Punch|p1a: Charizard
|-damage|p1a: Charizard|0 fnt
|faint|p1a: Charizard
|move|p2a: Whimsicott|Moonblast|p1b: Garchomp
|-supereffective|p1b: Garchomp|1
|-damage|p1b: Garchomp|0 fnt
|faint|p1b: Garchomp
|
|win|thebeast4895
