|j|☆higidybigidy
|j|☆icemonggs
|html|higidybigidyicemonggs    
|uhtml|bestof|Game 2 of a best-of-3
|t:|1784999539
|gametype|doubles
|player|p1|higidybigidy|chuck|1124
|player|p2|icemonggs|cilan|1040
|gen|9
|tier|[Gen 9 Champions] VGC 2026 Reg M-B (Bo3)
|rated|
|rule|Species Clause: Limit one of each Pokémon
|rule|Item Clause: Limit 1 of each item
|clearpoke
|poke|p1|Floette-Eternal, L50, F|
|poke|p1|Raichu, L50, M, shiny|
|poke|p1|Gholdengo, L50, shiny|
|poke|p1|Whimsicott, L50, F, shiny|
|poke|p1|Garchomp, L50, F|
|poke|p1|Basculegion, L50, M, shiny|
|poke|p2|Dragonite, L50, M, shiny|
|poke|p2|Toxapex, L50, M, shiny|
|poke|p2|Sneasler, L50, M|
|poke|p2|Kingambit, L50, M, shiny|
|poke|p2|Charizard, L50, M, shiny|
|poke|p2|Froslass, L50, F, shiny|
|teampreview|4
|showteam|p1|Floette-Eternal||Floettite|FlowerVeil|LightofRuin,Protect,DazzlingGleam,Moonblast|Modest||F|||50|]Raichu||RaichuniteY|LightningRod|FakeOut,Protect,FocusBlast,ZapCannon|Modest||M|||50|]Gholdengo||LifeOrb|GoodasGold|NastyPlot,MakeItRain,Protect,ShadowBall|Modest|||||50|]Whimsicott||FocusSash|Prankster|Moonblast,Tailwind,Encore,Protect|Timid||F|||50|]Garchomp||SitrusBerry|RoughSkin|RockSlide,StompingTantrum,Protect,DragonClaw|Adamant||F|||50|]Basculegion||MysticWater|Adaptability|Protect,WaveCrash,LastRespects,AquaJet|Adamant||M|||50|
|showteam|p2|Dragonite||LifeOrb|InnerFocus|DragonClaw,ExtremeSpeed,LowKick,Protect|Adamant||M|||50|]Toxapex||Leftovers|Regenerator|Infestation,Toxic,WideGuard,BanefulBunker|Bold||M|||50|]Sneasler||FocusSash|PoisonTouch|CloseCombat,PoisonJab,FakeOut,Protect|Jolly||M|||50|]Kingambit||BlackGlasses|Defiant|KowtowCleave,SwordsDance,SuckerPunch,Protect|Adamant||M|||50|]Charizard||CharizarditeY|Blaze|HeatWave,WeatherBall,SolarBeam,Protect|Modest||M|||50|]Froslass||Froslassite|CursedBody|Blizzard,ShadowBall,AuroraVeil,Protect|Modest||F|||50|
|inactive|Battle timer is ON: inactive players will automatically lose when time's up. (requested by higidybigidy)
|
|t:|1784999549
|teamsize|p1|4
|teamsize|p2|4
|start
|switch|p1a: Twink flower|Floette-Eternal, L50, F|100/100
|switch|p1b: Whimsymaxxer|Whimsicott, L50, F, shiny|100/100
|switch|p2a: Sneasler|Sneasler, L50, M|100/100
|switch|p2b: Froslass|Froslass, L50, F, shiny|100/100
|turn|1
|
|t:|1784999562
|detailschange|p2b: Froslass|Froslass-Mega, L50, F, shiny
|-mega|p2b: Froslass|Froslass|Froslassite
|-weather|Snowscape|[from] ability: Snow Warning|[of] p2b: Froslass
|detailschange|p1a: Twink flower|Floette-Mega, L50, F
|-mega|p1a: Twink flower|Floette|Floettite
|-ability|p1a: Twink flower|Fairy Aura
|move|p1b: Whimsymaxxer|Protect|p1b: Whimsymaxxer
|-singleturn|p1b: Whimsymaxxer|Protect
|move|p2a: Sneasler|Poison Jab|p1b: Whimsymaxxer
|-activate|p1b: Whimsymaxxer|move: Protect
|move|p2b: Froslass|Aurora Veil|p2b: Froslass
|-sidestart|p2: icemonggs|move: Aurora Veil
|move|p1a: Twink flower|Dazzling Gleam|p2b: Froslass|[spread] p2a,p2b
|-damage|p2a: Sneasler|50/100g
|-damage|p2b: Froslass|64/100
|
|-weather|Snowscape|[upkeep]
|upkeep
|turn|2
|
|t:|1784999578
|move|p1a: Twink flower|Protect|p1a: Twink flower
|-singleturn|p1a: Twink flower|Protect
|move|p1b: Whimsymaxxer|Tailwind|p1b: Whimsymaxxer
|-sidestart|p1: higidybigidy|move: Tailwind
|move|p2a: Sneasler|Poison Jab|p1a: Twink flower
|-activate|p1a: Twink flower|move: Protect
|move|p2b: Froslass|Blizzard|p1a: Twink flower|[spread] p1b
|-activate|p1a: Twink flower|move: Protect
|-supereffective|p1b: Whimsymaxxer|1
|-enditem|p1b: Whimsymaxxer|Focus Sash
|-damage|p1b: Whimsymaxxer|1/100
|
|-weather|Snowscape|[upkeep]
|upkeep
|turn|3
|
|t:|1784999595
|move|p2a: Sneasler|Protect|p2a: Sneasler
|-singleturn|p2a: Sneasler|Protect
|move|p1b: Whimsymaxxer|Moonblast|p2b: Froslass
|-damage|p2b: Froslass|30/100
|move|p1a: Twink flower|Dazzling Gleam|p2a: Sneasler|[spread] p2b
|-activate|p2a: Sneasler|move: Protect
|-damage|p2b: Froslass|0 fnt
|faint|p2b: Froslass
|
|-weather|Snowscape|[upkeep]
|upkeep
|
|t:|1784999600
|switch|p2b: Kingambit|Kingambit, L50, M, shiny|100/100
|turn|4
|
|t:|1784999607
|move|p1b: Whimsymaxxer|Moonblast|p2a: Sneasler
|-damage|p2a: Sneasler|7/100
|move|p1a: Twink flower|Dazzling Gleam|p2b: Kingambit|[spread] p2a,p2b
|-damage|p2a: Sneasler|0 fnt
|-damage|p2b: Kingambit|63/100
|faint|p2a: Sneasler
|move|p2b: Kingambit|Swords Dance|p2b: Kingambit
|-boost|p2b: Kingambit|atk|2
|
|-weather|Snowscape|[upkeep]
|upkeep
|
|t:|1784999611
|switch|p2a: Dragonite|Dragonite, L50, M, shiny|100/100
|turn|5
|
|t:|1784999622
|move|p2a: Dragonite|Extreme Speed|p1a: Twink flower
|-damage|p1a: Twink flower|46/100
|-damage|p2a: Dragonite|90/100|[from] item: Life Orb
|move|p2b: Kingambit|Sucker Punch|p1a: Twink flower
|-resisted|p1a: Twink flower|1
|-damage|p1a: Twink flower|0 fnt
|faint|p1a: Twink flower
|move|p1b: Whimsymaxxer|Moonblast|p2b: Kingambit
|-damage|p2b: Kingambit|40/100
|
|-weather|none
|-sideend|p1: higidybigidy|move: Tailwind
|-sideend|p2: icemonggs|move: Aurora Veil
|upkeep
|
|t:|1784999626
|switch|p1a: Sole eater|Basculegion, L50, M, shiny|100/100
|turn|6
|
|t:|1784999633
|move|p2a: Dragonite|Extreme Speed|p1b: Whimsymaxxer
|-damage|p1b: Whimsymaxxer|0 fnt
|faint|p1b: Whimsymaxxer
|-damage|p2a: Dragonite|80/100|[from] item: Life Orb
|move|p1a: Sole eater|Aqua Jet|p2b: Kingambit
|-damage|p2b: Kingambit|14/100
|move|p2b: Kingambit|Kowtow Cleave|p1a: Sole eater
|-supereffective|p1a: Sole eater|1
|-damage|p1a: Sole eater|0 fnt
|faint|p1a: Sole eater
|
|upkeep
|
|t:|1784999638
|switch|p1a: Elon Musk|Gholdengo, L50, shiny|100/100
|turn|7
|
|t:|1784999643
|move|p2b: Kingambit|Sucker Punch||[still]
|-fail|p2b: Kingambit
|move|p1a: Elon Musk|Nasty Plot|p1a: Elon Musk
|-boost|p1a: Elon Musk|spa|2
|move|p2a: Dragonite|Dragon Claw|p1a: Elon Musk
|-resisted|p1a: Elon Musk|1
|-damage|p1a: Elon Musk|70/100
|-damage|p2a: Dragonite|71/100|[from] item: Life Orb
|
|upkeep
|turn|8
|
|t:|1784999652
|move|p2b: Kingambit|Sucker Punch|p1a: Elon Musk
|-supereffective|p1a: Elon Musk|1
|-damage|p1a: Elon Musk|0 fnt
|faint|p1a: Elon Musk
|
|win|icemonggs
|raw|higidybigidy's rating: 1124 → 1093(-31 for losing)
|raw|icemonggs's rating: 1040 → 1082(+42 for winning)
|l|☆higidybigidy
|player|p1|
