|j|☆stanhoff
|j|☆bajjidjdj
|html|stanhoffbajjidjdj    
|uhtml|bestof|Game 2 of a best-of-3
|t:|1757735403
|gametype|doubles
|player|p1|stanhoff|falkner|1072
|player|p2|bajjidjdj|sabrina|1000
|gen|9
|tier|[Gen 9] VGC 2025 Reg H (Bo3)
|rated|
|rule|Species Clause: Limit one of each Pokémon
|rule|Item Clause: Limit 1 of each item
|clearpoke
|poke|p1|Hatterene, L50, F|
|poke|p1|Indeedee-F, L50, F|
|poke|p1|Sneasler, L50, F|
|poke|p1|Excadrill, L50, M|
|poke|p1|Tyranitar, L50, F|
|poke|p1|Amoonguss, L50, F|
|poke|p2|Whimsicott, L50, F|
|poke|p2|Annihilape, L50, F|
|poke|p2|Incineroar, L50, F|
|poke|p2|Gholdengo, L50|
|poke|p2|Dragapult, L50, M|
|poke|p2|Farigiraf, L50, M|
|teampreview|4
|showteam|p1|Hatterene||LifeOrb|MagicBounce|Protect,TrickRoom,ExpandingForce,DazzlingGleam|||F|||50|,,,,,Psychic]Indeedee-F||SafetyGoggles|PsychicSurge|FollowMe,HelpingHand,Psychic,TrickRoom|||F|||50|,,,,,Fairy]Sneasler||PsychicSeed|Unburden|DireClaw,CloseCombat,ThroatChop,Protect|||F|||50|,,,,,Dark]Excadrill||FocusSash|SandRush|Earthquake,IronHead,DrillRun,Protect|||M|||50|,,,,,Ground]Tyranitar||AirBalloon|SandStream|RockSlide,TeraBlast,KnockOff,Protect|||F|||50|,,,,,Flying]Amoonguss||RockyHelmet|Regenerator|Spore,RagePowder,SludgeBomb,ClearSmog|||F|||50|,,,,,Water
|showteam|p2|Whimsicott||CovertCloak|Prankster|Taunt,Tailwind,Encore,Moonblast|||F|||50|,,,,,Rock]Annihilape||SitrusBerry|Defiant|Protect,BulkUp,DrainPunch,RageFist|||F|||50|,,,,,Water]Incineroar||AssaultVest|Intimidate|FakeOut,KnockOff,Uturn,FlareBlitz|||F|||50|,,,,,Ghost]Gholdengo||Leftovers|GoodasGold|Protect,NastyPlot,ShadowBall,MakeItRain||||||50|,,,,,Steel]Dragapult||FocusSash|ClearBody|DragonDarts,Protect,Uturn,PhantomForce|||M|||50|,,,,,Dragon]Farigiraf||SafetyGoggles|ArmorTail|Imprison,Protect,TrickRoom,Psychic|||M|||50|,,,,,Fairy
|inactive|Battle timer is ON: inactive players will automatically lose when time's up. (requested by stanhoff)
|inactive|stanhoff has 60 seconds left.
|inactive|bajjidjdj has 60 seconds left.
|
|t:|1757735445
|teamsize|p1|4
|teamsize|p2|4
|start
|switch|p1a: Indeedee|Indeedee-F, L50, F|100/100
|switch|p1b: Excadrill|Excadrill, L50, M|100/100
|switch|p2a: Farigiraf|Farigiraf, L50, M|100/100
|switch|p2b: Incineroar|Incineroar, L50, F|100/100
|-fieldstart|move: Psychic Terrain|[from] ability: Psychic Surge|[of] p1a: Indeedee
|-ability|p2b: Incineroar|Intimidate|boost
|-unboost|p1a: Indeedee|atk|1
|-unboost|p1b: Excadrill|atk|1
|turn|1
|
|t:|1757735466
|-terastallize|p1b: Excadrill|Ground
|move|p1a: Indeedee|Helping Hand|p1b: Excadrill
|-singleturn|p1b: Excadrill|Helping Hand|[of] p1a: Indeedee
|move|p1b: Excadrill|Earthquake|p2a: Farigiraf|[spread] p1a,p2a,p2b
|-supereffective|p2b: Incineroar
|-damage|p1a: Indeedee|44/100
|-damage|p2a: Farigiraf|49/100
|-damage|p2b: Incineroar|7/100
|move|p2b: Incineroar|Knock Off|p1a: Indeedee
|-supereffective|p1a: Indeedee
|-damage|p1a: Indeedee|0 fnt
|-enditem|p1a: Indeedee|Safety Goggles|[from] move: Knock Off|[of] p2b: Incineroar
|faint|p1a: Indeedee
|move|p2a: Farigiraf|Imprison|p2a: Farigiraf
|-start|p2a: Farigiraf|move: Imprison
|
|upkeep
|
|t:|1757735479
|switch|p1a: Tyranitar|Tyranitar, L50, F|100/100
|-weather|Sandstorm|[from] ability: Sand Stream|[of] p1a: Tyranitar
|-item|p1a: Tyranitar|Air Balloon
|turn|2
|
|t:|1757735492
|switch|p2b: Annihilape|Annihilape, L50, F|100/100
|move|p2a: Farigiraf|Protect|p2a: Farigiraf
|-singleturn|p2a: Farigiraf|Protect
|move|p1b: Excadrill|Drill Run|p2a: Farigiraf
|-activate|p2a: Farigiraf|move: Protect
|move|p1a: Tyranitar|Rock Slide|p2b: Annihilape|[spread] p2b
|-activate|p2a: Farigiraf|move: Protect
|-resisted|p2b: Annihilape
|-damage|p2b: Annihilape|85/100
|
|-weather|Sandstorm|[upkeep]
|-damage|p2b: Annihilape|78/100|[from] Sandstorm
|upkeep
|turn|3
|
|t:|1757735509
|switch|p1b: Sneasler|Sneasler, L50, F|100/100
|-enditem|p1b: Sneasler|Psychic Seed
|-boost|p1b: Sneasler|spd|1|[from] item: Psychic Seed
|switch|p2a: Incineroar|Incineroar, L50, F|7/100
|-ability|p2a: Incineroar|Intimidate|boost
|-unboost|p1a: Tyranitar|atk|1
|-unboost|p1b: Sneasler|atk|1
|move|p2b: Annihilape|Bulk Up|p2b: Annihilape
|-boost|p2b: Annihilape|atk|1
|-boost|p2b: Annihilape|def|1
|move|p1a: Tyranitar|Knock Off|p2b: Annihilape
|-damage|p2b: Annihilape|55/100
|-enditem|p2b: Annihilape|Sitrus Berry|[from] move: Knock Off|[of] p1a: Tyranitar
|
|-weather|Sandstorm|[upkeep]
|-damage|p1b: Sneasler|95/100|[from] Sandstorm
|-damage|p2b: Annihilape|49/100|[from] Sandstorm
|-damage|p2a: Incineroar|1/100|[from] Sandstorm
|upkeep
|turn|4
|inactive|bajjidjdj has 30 seconds left.
|
|t:|1757735544
|move|p1b: Sneasler|Protect|p1b: Sneasler
|-singleturn|p1b: Sneasler|Protect
|move|p1a: Tyranitar|Protect|p1a: Tyranitar
|-singleturn|p1a: Tyranitar|Protect
|move|p2b: Annihilape|Drain Punch|p1a: Tyranitar
|-activate|p1a: Tyranitar|move: Protect
|move|p2a: Incineroar|Flare Blitz|p1b: Sneasler
|-activate|p1b: Sneasler|move: Protect
|
|-weather|Sandstorm|[upkeep]
|-damage|p1b: Sneasler|89/100|[from] Sandstorm
|-damage|p2b: Annihilape|42/100|[from] Sandstorm
|-damage|p2a: Incineroar|0 fnt|[from] Sandstorm
|faint|p2a: Incineroar
|upkeep
|
|t:|1757735550
|switch|p2a: Gholdengo|Gholdengo, L50|100/100
|turn|5
|
|t:|1757735574
|move|p2a: Gholdengo|Protect|p2a: Gholdengo
|-singleturn|p2a: Gholdengo|Protect
|move|p1b: Sneasler|Throat Chop|p2b: Annihilape
|-damage|p2b: Annihilape|29/100
|-start|p2b: Annihilape|Throat Chop|[silent]
|move|p2b: Annihilape|Bulk Up|p2b: Annihilape
|-boost|p2b: Annihilape|atk|1
|-boost|p2b: Annihilape|def|1
|move|p1a: Tyranitar|Knock Off|p2a: Gholdengo
|-activate|p2a: Gholdengo|move: Protect
|
|-weather|Sandstorm|[upkeep]
|-damage|p1b: Sneasler|83/100|[from] Sandstorm
|-damage|p2b: Annihilape|23/100|[from] Sandstorm
|-fieldend|move: Psychic Terrain
|upkeep
|turn|6
|inactive|stanhoff has 30 seconds left.
|
|t:|1757735601
|switch|p1a: Excadrill|Excadrill, L50, M, tera:Ground|100/100
|-terastallize|p2a: Gholdengo|Steel
|move|p2b: Annihilape|Protect|p2b: Annihilape
|-singleturn|p2b: Annihilape|Protect
|move|p1b: Sneasler|Dire Claw|p2b: Annihilape
|-activate|p2b: Annihilape|move: Protect
|move|p2a: Gholdengo|Make It Rain|p1a: Excadrill|[spread] p1a,p1b
|-crit|p1a: Excadrill
|-enditem|p1a: Excadrill|Focus Sash
|-damage|p1a: Excadrill|1/100
|-damage|p1b: Sneasler|28/100
|-unboost|p2a: Gholdengo|spa|1
|
|-weather|none
|-end|p2b: Annihilape|Throat Chop|[silent]
|upkeep
|turn|7
|inactive|stanhoff has 30 seconds left.
|inactive|bajjidjdj has 30 seconds left.
|
|t:|1757735636
|switch|p1b: Tyranitar|Tyranitar, L50, F|100/100
|-weather|Sandstorm|[from] ability: Sand Stream|[of] p1b: Tyranitar
|-item|p1b: Tyranitar|Air Balloon
|move|p1a: Excadrill|Drill Run|p2b: Annihilape
|-damage|p2b: Annihilape|0 fnt
|faint|p2b: Annihilape
|move|p2a: Gholdengo|Shadow Ball|p1a: Excadrill
|-damage|p1a: Excadrill|0 fnt
|faint|p1a: Excadrill
|
|-weather|Sandstorm|[upkeep]
|upkeep
|
|t:|1757735645
|switch|p2b: Farigiraf|Farigiraf, L50, M|49/100
|switch|p1a: Sneasler|Sneasler, L50, F|28/100
|turn|8
|inactive|bajjidjdj has 30 seconds left.
|
|t:|1757735671
|move|p2a: Gholdengo|Protect|p2a: Gholdengo
|-singleturn|p2a: Gholdengo|Protect
|move|p1a: Sneasler|Close Combat|p2a: Gholdengo
|-activate|p2a: Gholdengo|move: Protect
|move|p1b: Tyranitar|Knock Off|p2b: Farigiraf
|-supereffective|p2b: Farigiraf
|-damage|p2b: Farigiraf|0 fnt
|-enditem|p2b: Farigiraf|Safety Goggles|[from] move: Knock Off|[of] p1b: Tyranitar
|faint|p2b: Farigiraf
|
|-weather|Sandstorm|[upkeep]
|-damage|p1a: Sneasler|22/100|[from] Sandstorm
|upkeep
|turn|9
|
|t:|1757735689
|move|p1a: Sneasler|Close Combat|p2a: Gholdengo
|-supereffective|p2a: Gholdengo
|-damage|p2a: Gholdengo|0 fnt
|-unboost|p1a: Sneasler|def|1
|-unboost|p1a: Sneasler|spd|1
|faint|p2a: Gholdengo
|
|win|stanhoff
|raw|stanhoff's rating: 1072 → 1095(+23 for winning)
|raw|bajjidjdj's rating: 1000 → 1000(+0 for losing)
|l|☆bajjidjdj
|player|p2|
