|j|☆jonen
|j|☆elbarto95
|html|jonenelbarto95    
|uhtml|bestof|Game 1 of a best-of-3
|t:|1756648717
|gametype|doubles
|player|p1|jonen|ruinmaniac|1168
|player|p2|elbarto95|camper|1082
|gen|9
|tier|[Gen 9] VGC 2025 Reg H (Bo3)
|rated|
|rule|Species Clause: Limit one of each Pokémon
|rule|Item Clause: Limit 1 of each item
|clearpoke
|poke|p1|Garchomp, L50, M|
|poke|p1|Weezing-Galar, L50, M|
|poke|p1|Archaludon, L50, F|
|poke|p1|Gholdengo, L50|
|poke|p1|Talonflame, L50, F|
|poke|p1|Annihilape, L50, F|
|poke|p2|Porygon2, L50|
|poke|p2|Ursaluna, L50, F|
|poke|p2|Grimmsnarl, L50, M|
|poke|p2|Volcarona, L50, M|
|poke|p2|Gholdengo, L50|
|poke|p2|Tyranitar, L50, M|
|teampreview|4
|showteam|p1|Garchomp||LifeOrb|RoughSkin|DragonClaw,Earthquake,StompingTantrum,Protect|||M|||50|,,,,,Ground]Weezing-Galar||FocusSash|NeutralizingGas|Protect,SludgeBomb,Taunt,StrangeSteam|||M|||50|,,,,,Flying]Archaludon||PowerHerb|Sturdy|ElectroShot,Thunderbolt,DracoMeteor,Protect|||F|||50|,,,,,Electric]Gholdengo||ChoiceSpecs|GoodasGold|ShadowBall,DazzlingGleam,PowerGem,MakeItRain||||||50|,,,,,Fairy]Talonflame||CovertCloak|GaleWings|Tailwind,DualWingbeat,UpperHand,FlareBlitz|||F|||50|,,,,,Fairy]Annihilape||AssaultVest|Defiant|CloseCombat,RageFist,FinalGambit,IcePunch|||F|||50|,,,,,Grass
|showteam|p2|Porygon2||Eviolite|Download|IceBeam,TrickRoom,TeraBlast,Recover||||||50|,,,,,Fighting]Ursaluna||FlameOrb|Guts|HeadlongRush,Earthquake,Facade,Protect|||F|||50|,,,,,Ghost]Grimmsnarl||LightClay|Prankster|SpiritBreak,Reflect,LightScreen,Taunt|||M|||50|,,,,,Ghost]Volcarona||Leftovers|FlameBody|StruggleBug,Overheat,RagePowder,WillOWisp|||M|||50|,,,,,Grass]Gholdengo||LifeOrb|GoodasGold|NastyPlot,Protect,MakeItRain,ShadowBall||||||50|,,,,,Water]Tyranitar||AssaultVest|SandStream|KnockOff,LowKick,RockSlide,TeraBlast|||M|||50|,,,,,Flying
|inactive|Battle timer is ON: inactive players will automatically lose when time's up. (requested by jonen)
|
|t:|1756648808
|teamsize|p1|4
|teamsize|p2|4
|start
|switch|p1a: Weezing|Weezing-Galar, L50, M|100/100
|switch|p1b: Annihilape|Annihilape, L50, F|100/100
|switch|p2a: Grimmsnarl|Grimmsnarl, L50, M|100/100
|switch|p2b: Ursaluna|Ursaluna, L50, F|100/100
|-ability|p1a: Weezing|Neutralizing Gas
|turn|1
|
|t:|1756648830
|move|p2b: Ursaluna|Protect|p2b: Ursaluna
|-singleturn|p2b: Ursaluna|Protect
|move|p1b: Annihilape|Close Combat|p2b: Ursaluna
|-activate|p2b: Ursaluna|move: Protect
|move|p1a: Weezing|Taunt|p2a: Grimmsnarl
|-start|p2a: Grimmsnarl|move: Taunt
|cant|p2a: Grimmsnarl|move: Taunt|Taunt
|
|-status|p2b: Ursaluna|brn|[from] item: Flame Orb
|upkeep
|turn|2
|inactive|elbarto95 has 30 seconds left.
|
|t:|1756648859
|-terastallize|p2b: Ursaluna|Ghost
|move|p1a: Weezing|Protect|p1a: Weezing
|-singleturn|p1a: Weezing|Protect
|move|p1b: Annihilape|Final Gambit|p2b: Ursaluna
|-immune|p2b: Ursaluna
|move|p2a: Grimmsnarl|Spirit Break|p1a: Weezing
|-activate|p1a: Weezing|move: Protect
|move|p2b: Ursaluna|Earthquake|p1a: Weezing|[spread] p2a,p1b
|-activate|p1a: Weezing|move: Protect
|-crit|p2a: Grimmsnarl
|-damage|p2a: Grimmsnarl|69/100
|-damage|p1b: Annihilape|76/100
|
|-damage|p2b: Ursaluna|95/100 brn|[from] brn
|upkeep
|turn|3
|
|t:|1756648883
|switch|p2a: Porygon2|Porygon2, L50|100/100
|move|p2b: Ursaluna|Protect|p2b: Ursaluna
|-singleturn|p2b: Ursaluna|Protect
|move|p1b: Annihilape|Rage Fist|p2b: Ursaluna
|-activate|p2b: Ursaluna|move: Protect
|move|p1a: Weezing|Sludge Bomb|p2a: Porygon2
|-damage|p2a: Porygon2|78/100
|
|-damage|p2b: Ursaluna|89/100 brn|[from] brn
|upkeep
|turn|4
|
|t:|1756648900
|switch|p2b: Grimmsnarl|Grimmsnarl, L50, M|69/100
|move|p1b: Annihilape|Rage Fist|p2b: Grimmsnarl
|-resisted|p2b: Grimmsnarl
|-damage|p2b: Grimmsnarl|46/100
|move|p1a: Weezing|Taunt|p2a: Porygon2
|-start|p2a: Porygon2|move: Taunt
|cant|p2a: Porygon2|move: Taunt|Trick Room
|
|upkeep
|turn|5
|
|t:|1756648925
|move|p1b: Annihilape|Close Combat|p2a: Porygon2
|-supereffective|p2a: Porygon2
|-damage|p2a: Porygon2|7/100
|-unboost|p1b: Annihilape|def|1
|-unboost|p1b: Annihilape|spd|1
|move|p1a: Weezing|Sludge Bomb|p2b: Grimmsnarl
|-supereffective|p2b: Grimmsnarl
|-damage|p2b: Grimmsnarl|0 fnt
|faint|p2b: Grimmsnarl
|move|p2a: Porygon2|Ice Beam|p1a: Weezing
|-damage|p1a: Weezing|61/100
|
|upkeep
|
|t:|1756648939
|switch|p2b: Ursaluna|Ursaluna, L50, F, tera:Ghost|89/100 brn
|turn|6
|
|t:|1756648953
|move|p1b: Annihilape|Rage Fist|p2b: Ursaluna
|-supereffective|p2b: Ursaluna
|-damage|p2b: Ursaluna|25/100 brn
|move|p1a: Weezing|Sludge Bomb|p2a: Porygon2
|-damage|p2a: Porygon2|0 fnt
|faint|p2a: Porygon2
|move|p2b: Ursaluna|Earthquake|p1b: Annihilape|[spread] p1a,p1b
|-supereffective|p1a: Weezing
|-damage|p1a: Weezing|12/100
|-damage|p1b: Annihilape|40/100
|
|-damage|p2b: Ursaluna|19/100 brn|[from] brn
|upkeep
|
|t:|1756648968
|switch|p2a: Tyranitar|Tyranitar, L50, M|100/100
|turn|7
|
|t:|1756648975
|move|p1a: Weezing|Protect|p1a: Weezing
|-singleturn|p1a: Weezing|Protect
|move|p2b: Ursaluna|Protect|p2b: Ursaluna
|-singleturn|p2b: Ursaluna|Protect
|move|p1b: Annihilape|Close Combat|p2a: Tyranitar
|-supereffective|p2a: Tyranitar
|-damage|p2a: Tyranitar|0 fnt
|-unboost|p1b: Annihilape|def|1
|-unboost|p1b: Annihilape|spd|1
|faint|p2a: Tyranitar
|
|-damage|p2b: Ursaluna|14/100 brn|[from] brn
|upkeep
|turn|8
|-message|elbarto95 forfeited.
|
|win|jonen
