|j|☆wodaiogien
|j|☆Carlo31
|html|wodaiogienCarlo31    
|uhtml|bestof|Game 1 of a best-of-3
|t:|1782320488
|gametype|doubles
|player|p1|wodaiogien|170|1110
|player|p2|Carlo31|169|1018
|gen|9
|tier|[Gen 9 Champions] VGC 2026 Reg M-B (Bo3)
|rated|
|rule|Species Clause: Limit one of each Pokémon
|rule|Item Clause: Limit 1 of each item
|clearpoke
|poke|p1|Talonflame, L50, M|
|poke|p1|Tsareena, L50, F|
|poke|p1|Raichu, L50, F|
|poke|p1|Basculegion, L50, M|
|poke|p1|Kingambit, L50, F|
|poke|p1|Sneasler, L50, M|
|poke|p2|Staraptor, L50, M, shiny|
|poke|p2|Sylveon, L50, F, shiny|
|poke|p2|Sinistcha, L50, shiny|
|poke|p2|Gholdengo, L50|
|poke|p2|Garchomp, L50, F|
|poke|p2|Grimmsnarl, L50, M, shiny|
|teampreview|4
|showteam|p1|Talonflame||FocusSash|GaleWings|DualWingbeat,Tailwind,FlareBlitz,Protect|Jolly||M|||50|]Tsareena||WideLens|QueenlyMajesty|TripleAxel,SeedBomb,HighJumpKick,Protect|Adamant||F|||50|]Raichu||RaichuniteY|LightningRod|ZapCannon,FocusBlast,FakeOut,Protect|Timid||F|||50|]Basculegion||LifeOrb|Adaptability|WaveCrash,AquaJet,LastRespects,Protect|Adamant||M|||50|]Kingambit||ChopleBerry|Defiant|KowtowCleave,SuckerPunch,IronHead,Protect|Adamant||F|||50|]Sneasler||WhiteHerb|Unburden|Protect,DireClaw,CloseCombat,FakeOut|Adamant||M|||50|
|showteam|p2|Staraptor||Staraptite|Intimidate|BraveBird,CloseCombat,Roost,Protect|Jolly||M|||50|]Sylveon||FairyFeather|Pixilate|HyperBeam,HyperVoice,BabyDollEyes,Detect|Modest||F|||50|]Sinistcha||KasibBerry|Hospitality|MatchaGotcha,RagePowder,StrengthSap,Protect|Bold|||||50|]Gholdengo||LifeOrb|GoodasGold|MakeItRain,ShadowBall,Protect,NastyPlot|Timid|||||50|]Garchomp||ChoiceScarf|RoughSkin|Earthquake,StompingTantrum,DragonClaw,RockTomb|Adamant||F|||50|]Grimmsnarl||LightClay|Prankster|PartingShot,LightScreen,Reflect,FoulPlay|Careful||M|||50|
|inactive|Battle timer is ON: inactive players will automatically lose when time's up. (requested by wodaiogien)
|
|t:|1782320532
|teamsize|p1|4
|teamsize|p2|4
|start
|switch|p1a: Talonflame|Talonflame, L50, M|100/100
|switch|p1b: Raichu|Raichu, L50, F|100/100
|switch|p2a: Staraptor|Staraptor, L50, M, shiny|100/100
|switch|p2b: Grimmsnarl|Grimmsnarl, L50, M, shiny|100/100
|-ability|p2a: Staraptor|Intimidate|boost
|-unboost|p1a: Talonflame|atk|1
|-unboost|p1b: Raichu|atk|1
|turn|1
|
|t:|1782320555
|detailschange|p1b: Raichu|Raichu-Mega-Y, L50, F
|-mega|p1b: Raichu|Raichu|Raichunite Y
|detailschange|p2a: Staraptor|Staraptor-Mega, L50, M, shiny
|-mega|p2a: Staraptor|Staraptor|Staraptite
|move|p2a: Staraptor|Protect|p2a: Staraptor
|-singleturn|p2a: Staraptor|Protect
|move|p1b: Raichu|Fake Out|p2b: Grimmsnarl
|-damage|p2b: Grimmsnarl|93/100
|move|p1a: Talonflame|Tailwind|p1a: Talonflame
|-sidestart|p1: wodaiogien|move: Tailwind
|cant|p2b: Grimmsnarl|flinch
|
|upkeep
|turn|2
|
|t:|1782320579
|switch|p1a: Tsareena|Tsareena, L50, F|100/100
|switch|p2a: Garchomp|Garchomp, L50, F|100/100
|move|p2b: Grimmsnarl|Reflect|p2b: Grimmsnarl
|-sidestart|p2: Carlo31|Reflect
|move|p1b: Raichu|Zap Cannon|p2a: Garchomp
|-immune|p2a: Garchomp
|
|upkeep
|turn|3
|inactive|Carlo31 has 30 seconds left.
|inactive|Carlo31 has 20 seconds left.
|
|t:|1782320617
|switch|p2a: Gholdengo|Gholdengo, L50|100/100
|move|p2b: Grimmsnarl|Parting Shot||[still]
|cant|p1a: Tsareena|ability: Queenly Majesty|Parting Shot|[of] p2b: Grimmsnarl
|move|p1b: Raichu|Zap Cannon|p2b: Grimmsnarl
|-damage|p2b: Grimmsnarl|42/100
|-status|p2b: Grimmsnarl|par
|move|p1a: Tsareena|Triple Axel|p2a: Gholdengo
|-resisted|p2a: Gholdengo|1
|-damage|p2a: Gholdengo|97/100
|-resisted|p2a: Gholdengo|1
|-damage|p2a: Gholdengo|92/100
|-resisted|p2a: Gholdengo|1
|-damage|p2a: Gholdengo|84/100
|-hitcount|p2a: Gholdengo|3
|
|upkeep
|turn|4
|inactive|Carlo31 has 30 seconds left.
|inactive|wodaiogien has 30 seconds left.
|
|t:|1782320653
|move|p2b: Grimmsnarl|Parting Shot||[still]
|cant|p1a: Tsareena|ability: Queenly Majesty|Parting Shot|[of] p2b: Grimmsnarl
|move|p1b: Raichu|Focus Blast|p2b: Grimmsnarl
|-damage|p2b: Grimmsnarl|9/100 par
|move|p1a: Tsareena|Triple Axel|p2a: Gholdengo
|-resisted|p2a: Gholdengo|1
|-damage|p2a: Gholdengo|82/100
|-resisted|p2a: Gholdengo|1
|-damage|p2a: Gholdengo|76/100
|-resisted|p2a: Gholdengo|1
|-damage|p2a: Gholdengo|69/100
|-hitcount|p2a: Gholdengo|3
|move|p2a: Gholdengo|Nasty Plot|p2a: Gholdengo
|-boost|p2a: Gholdengo|spa|2
|
|-sideend|p1: wodaiogien|move: Tailwind
|upkeep
|turn|5
|
|t:|1782320677
|move|p1a: Tsareena|Protect|p1a: Tsareena
|-singleturn|p1a: Tsareena|Protect
|move|p1b: Raichu|Zap Cannon|p2a: Gholdengo
|-damage|p2a: Gholdengo|3/100
|-status|p2a: Gholdengo|par
|move|p2a: Gholdengo|Nasty Plot|p2a: Gholdengo
|-boost|p2a: Gholdengo|spa|2
|move|p2b: Grimmsnarl|Foul Play|p1a: Tsareena
|-activate|p1a: Tsareena|move: Protect
|
|upkeep
|turn|6
|inactive|Carlo31 has 30 seconds left.
|
|t:|1782320708
|switch|p2b: Staraptor|Staraptor-Mega, L50, M, shiny|100/100
|move|p2a: Gholdengo|Protect|p2a: Gholdengo
|-singleturn|p2a: Gholdengo|Protect
|move|p1b: Raichu|Zap Cannon|p2a: Gholdengo
|-activate|p2a: Gholdengo|move: Protect
|move|p1a: Tsareena|Triple Axel|p2a: Gholdengo
|-activate|p2a: Gholdengo|move: Protect
|
|upkeep
|turn|7
|
|t:|1782320726
|move|p1b: Raichu|Zap Cannon|p2b: Staraptor
|-supereffective|p2b: Staraptor|1
|-crit|p2b: Staraptor
|-damage|p2b: Staraptor|0 fnt
|faint|p2b: Staraptor
|move|p1a: Tsareena|Triple Axel|p2a: Gholdengo
|-resisted|p2a: Gholdengo|1
|-damage|p2a: Gholdengo|1/100 par
|-resisted|p2a: Gholdengo|1
|-damage|p2a: Gholdengo|0 fnt
|faint|p2a: Gholdengo
|-hitcount|p2: Gholdengo|2
|
|upkeep
|-message|Carlo31 forfeited.
|
|win|wodaiogien
|l|☆Carlo31
|player|p2|
|raw|wodaiogien's rating: 1110 → 1129(+19 for winning)
|raw|Carlo31's rating: 1018 → 1009(-9 for losing)
