|j|☆FunkleVGC
|j|☆KingCorba
|html|FunkleVGCKingCorba    
|uhtml|bestof|Game 1 of a best-of-3
|t:|1782739169
|gametype|doubles
|player|p1|FunkleVGC|fisherman-gen4|1275
|player|p2|KingCorba|170|1377
|gen|9
|tier|[Gen 9 Champions] VGC 2026 Reg M-B (Bo3)
|rated|
|rule|Species Clause: Limit one of each Pokémon
|rule|Item Clause: Limit 1 of each item
|clearpoke
|poke|p1|Froslass, L50, F, shiny|
|poke|p1|Scovillain, L50, M, shiny|
|poke|p1|Lycanroc-Dusk, L50, M, shiny|
|poke|p1|Kingambit, L50, F, shiny|
|poke|p1|Basculegion, L50, M, shiny|
|poke|p1|Sneasler, L50, M, shiny|
|poke|p2|Pelipper, L50, F|
|poke|p2|Archaludon, L50, M|
|poke|p2|Grimmsnarl, L50, M|
|poke|p2|Venusaur, L50, F|
|poke|p2|Swampert, L50, F|
|poke|p2|Zoroark-Hisui, L50, M|
|teampreview|4
|showteam|p1|Froslass||Froslassite|CursedBody|Blizzard,ShadowBall,AuroraVeil,Protect|Modest||F|||50|]Scovillain||Scovillainite|Moody|Overheat,GigaDrain,RagePowder,Protect|Bold||M|||50|]Lycanroc-Dusk||FocusSash|ToughClaws|RockSlide,CloseCombat,Accelerock,Protect|Jolly||M|||50|]Kingambit||BlackGlasses|Defiant|KowtowCleave,SuckerPunch,SwordsDance,Protect|Adamant||F|||50|]Basculegion||SitrusBerry|Adaptability|WaveCrash,LastRespects,AquaJet,Protect|Adamant||M|||50|]Sneasler||WhiteHerb|Unburden|DireClaw,CloseCombat,FakeOut,Protect|Adamant||M|||50|
|showteam|p2|Pelipper||SitrusBerry|Drizzle|Hurricane,WeatherBall,Tailwind,WideGuard|Modest||F|||50|]Archaludon||Leftovers|Stamina|ElectroShot,DragonPulse,FlashCannon,Protect|Modest||M|||50|]Grimmsnarl||LightClay|Prankster|FoulPlay,Reflect,LightScreen,PartingShot|Careful||M|||50|]Venusaur||Venusaurite|Chlorophyll|GigaDrain,SludgeBomb,EarthPower,Protect|Modest||F|||50|]Swampert||Swampertite|Damp|WaveCrash,Earthquake,IcePunch,Protect|Adamant||F|||50|]Zoroark-Hisui||FocusSash|Illusion|ShadowBall,Psychic,WillOWisp,RainDance|Modest||M|||50|
|inactive|Battle timer is ON: inactive players will automatically lose when time's up. (requested by KingCorba)
|
|t:|1782739219
|teamsize|p1|4
|teamsize|p2|4
|start
|switch|p1a: Sneasler|Sneasler, L50, M, shiny|100/100
|switch|p1b: Kingambit|Kingambit, L50, F, shiny|100/100
|switch|p2a: Venusaur|Venusaur, L50, F|100/100
|switch|p2b: Grimmsnarl|Grimmsnarl, L50, M|100/100
|turn|1
|inactive|FunkleVGC has 30 seconds left.
|inactive|KingCorba has 30 seconds left.
|
|t:|1782739246
|switch|p2a: Archaludon|Archaludon, L50, M|100/100
|move|p1a: Sneasler|Fake Out|p2a: Archaludon
|-resisted|p2a: Archaludon|1
|-damage|p2a: Archaludon|95/100
|-ability|p2a: Archaludon|Stamina|boost
|-boost|p2a: Archaludon|def|1
|move|p2b: Grimmsnarl|Reflect|p2b: Grimmsnarl
|-sidestart|p2: KingCorba|Reflect
|move|p1b: Kingambit|Swords Dance|p1b: Kingambit
|-boost|p1b: Kingambit|atk|2
|
|-heal|p2a: Archaludon|100/100|[from] item: Leftovers
|upkeep
|turn|2
|inactive|KingCorba has 30 seconds left.
|inactive|KingCorba has 20 seconds left.
|inactive|KingCorba has 15 seconds left.
|
|t:|1782739289
|move|p2a: Archaludon|Protect|p2a: Archaludon
|-singleturn|p2a: Archaludon|Protect
|move|p2b: Grimmsnarl|Parting Shot|p1a: Sneasler
|-unboost|p1a: Sneasler|atk|1
|-unboost|p1a: Sneasler|spa|1
|
|t:|1782739303
|switch|p2b: Pelipper|Pelipper, L50, F|100/100|[from] Parting Shot
|-enditem|p1a: Sneasler|White Herb
|-clearnegativeboost|p1a: Sneasler|[silent]
|-weather|RainDance|[from] ability: Drizzle|[of] p2b: Pelipper
|move|p1a: Sneasler|Close Combat|p2a: Archaludon
|-activate|p2a: Archaludon|move: Protect
|move|p1b: Kingambit|Kowtow Cleave|p2a: Archaludon
|-activate|p2a: Archaludon|move: Protect
|
|-weather|RainDance|[upkeep]
|upkeep
|turn|3
|inactive|KingCorba has 30 seconds left.
|
|t:|1782739330
|move|p1b: Kingambit|Sucker Punch|p2b: Pelipper
|-damage|p2b: Pelipper|26/100
|-enditem|p2b: Pelipper|Sitrus Berry|[eat]
|-heal|p2b: Pelipper|50/100g|[from] item: Sitrus Berry
|move|p1a: Sneasler|Close Combat|p2a: Archaludon
|-supereffective|p2a: Archaludon|1
|-damage|p2a: Archaludon|58/100
|-unboost|p1a: Sneasler|def|1
|-unboost|p1a: Sneasler|spd|1
|-ability|p2a: Archaludon|Stamina|boost
|-boost|p2a: Archaludon|def|1
|move|p2a: Archaludon|Electro Shot||[still]
|-prepare|p2a: Archaludon|Electro Shot
|-boost|p2a: Archaludon|spa|1
|-anim|p2a: Archaludon|Electro Shot|p1b: Kingambit
|-damage|p1b: Kingambit|43/100
|move|p2b: Pelipper|Hurricane|p1a: Sneasler
|-supereffective|p1a: Sneasler|1
|-damage|p1a: Sneasler|0 fnt
|faint|p1a: Sneasler
|
|-weather|RainDance|[upkeep]
|-heal|p2a: Archaludon|64/100|[from] item: Leftovers
|upkeep
|
|t:|1782739346
|switch|p1a: Froslass|Froslass, L50, F, shiny|100/100
|turn|4
|
|t:|1782739357
|switch|p2b: Grimmsnarl|Grimmsnarl, L50, M|100/100
|detailschange|p1a: Froslass|Froslass-Mega, L50, F, shiny
|-mega|p1a: Froslass|Froslass|Froslassite
|-weather|Snowscape|[from] ability: Snow Warning|[of] p1a: Froslass
|move|p2a: Archaludon|Protect|p2a: Archaludon
|-singleturn|p2a: Archaludon|Protect
|move|p1a: Froslass|Aurora Veil|p1a: Froslass
|-sidestart|p1: FunkleVGC|move: Aurora Veil
|move|p1b: Kingambit|Kowtow Cleave|p2a: Archaludon
|-activate|p2a: Archaludon|move: Protect
|
|-weather|Snowscape|[upkeep]
|-heal|p2a: Archaludon|71/100|[from] item: Leftovers
|upkeep
|turn|5
|inactive|FunkleVGC has 30 seconds left.
|inactive|KingCorba has 30 seconds left.
|
|t:|1782739385
|move|p2b: Grimmsnarl|Parting Shot|p1a: Froslass
|-unboost|p1a: Froslass|atk|1
|-unboost|p1a: Froslass|spa|1
|
|t:|1782739389
|switch|p2b: Pelipper|Pelipper, L50, F|50/100g|[from] Parting Shot
|-weather|RainDance|[from] ability: Drizzle|[of] p2b: Pelipper
|move|p1a: Froslass|Blizzard|p2a: Archaludon|[spread] p2a
|-miss|p1a: Froslass|p2b: Pelipper
|-damage|p2a: Archaludon|40/100
|-ability|p2a: Archaludon|Stamina|boost
|-boost|p2a: Archaludon|def|1
|move|p2a: Archaludon|Electro Shot||[still]
|-prepare|p2a: Archaludon|Electro Shot
|-boost|p2a: Archaludon|spa|1
|-anim|p2a: Archaludon|Electro Shot|p1b: Kingambit
|-damage|p1b: Kingambit|0 fnt
|faint|p1b: Kingambit
|
|-weather|RainDance|[upkeep]
|-heal|p2a: Archaludon|46/100|[from] item: Leftovers
|upkeep
|-message|FunkleVGC forfeited.
|
|win|KingCorba
