|j|☆akakafalls
|j|☆owbd
|html|akakafallsowbd    
|uhtml|bestof|Game 2 of a best-of-3
|t:|1785228328
|gametype|doubles
|player|p1|akakafalls|2|1115
|player|p2|owbd|cynthia-gen4|1206
|gen|9
|tier|[Gen 9 Champions] VGC 2026 Reg M-B (Bo3)
|rated|
|rule|Species Clause: Limit one of each Pokémon
|rule|Item Clause: Limit 1 of each item
|clearpoke
|poke|p1|Venusaur, L50, M|
|poke|p1|Charizard, L50, M|
|poke|p1|Incineroar, L50, M|
|poke|p1|Garchomp, L50, F|
|poke|p1|Annihilape, L50, M|
|poke|p1|Toxapex, L50, M|
|poke|p2|Charizard, L50, M, shiny|
|poke|p2|Floette-Eternal, L50, F|
|poke|p2|Kingambit, L50, M, shiny|
|poke|p2|Garchomp, L50, M, shiny|
|poke|p2|Basculegion, L50, M|
|poke|p2|Whimsicott, L50, F, shiny|
|teampreview|4
|showteam|p1|Venusaur||LifeOrb|Chlorophyll|Protect,SolarBeam,EarthPower,SludgeBomb|Modest||M|||50|]Charizard||CharizarditeY|Blaze|Protect,HeatWave,WeatherBall,HelpingHand|Modest||M|||50|]Incineroar||SitrusBerry|Intimidate|FakeOut,PartingShot,FlareBlitz,ThroatChop|Impish||M|||50|]Garchomp||ChoiceScarf|RoughSkin|DragonClaw,Earthquake,RockSlide,StompingTantrum|Adamant||F|||50|]Annihilape||FocusSash|Defiant|Protect,PhantomForce,CloseCombat,ThunderPunch|Jolly||M|||50|]Toxapex||Leftovers|Regenerator|BanefulBunker,WideGuard,Toxic,Infestation|Bold||M|||50|
|showteam|p2|Charizard||CharizarditeY|Blaze|HeatWave,WeatherBall,SolarBeam,Protect|Modest||M|||50|]Floette-Eternal||Floettite|FlowerVeil|Moonblast,DazzlingGleam,LightofRuin,Protect|Modest||F|||50|]Kingambit||BlackGlasses|Defiant|IronHead,KowtowCleave,SuckerPunch,Protect|Adamant||M|||50|]Garchomp||LifeOrb|RoughSkin|RockSlide,DragonClaw,Earthquake,Protect|Jolly||M|||50|]Basculegion||MysticWater|Adaptability|WaveCrash,LastRespects,AquaJet,Protect|Adamant||M|||50|]Whimsicott||FocusSash|Prankster|Moonblast,Encore,Tailwind,Protect|Timid||F|||50|
|inactive|Battle timer is ON: inactive players will automatically lose when time's up. (requested by owbd)
|inactive|akakafalls has 60 seconds left.
|
|t:|1785228375
|teamsize|p1|4
|teamsize|p2|4
|start
|switch|p1a: Incineroar|Incineroar, L50, M|100/100
|switch|p1b: Toxapex|Toxapex, L50, M|100/100
|switch|p2a: Basculegion|Basculegion, L50, M|100/100
|switch|p2b: Garchomp|Garchomp, L50, M, shiny|100/100
|-ability|p1a: Incineroar|Intimidate|boost
|-unboost|p2a: Basculegion|atk|1
|-unboost|p2b: Garchomp|atk|1
|turn|1
|
|t:|1785228399
|move|p1a: Incineroar|Fake Out|p2b: Garchomp
|-damage|p2b: Garchomp|89/100
|-damage|p1a: Incineroar|87/100|[from] ability: Rough Skin|[of] p2b: Garchomp
|cant|p2b: Garchomp|flinch
|move|p2a: Basculegion|Wave Crash|p1a: Incineroar
|-supereffective|p1a: Incineroar|1
|-damage|p1a: Incineroar|0 fnt
|faint|p1a: Incineroar
|-damage|p2a: Basculegion|70/100|[from] Recoil
|move|p1b: Toxapex|Toxic|p2a: Basculegion
|-status|p2a: Basculegion|tox
|
|-damage|p2a: Basculegion|64/100 tox|[from] psn
|upkeep
|
|t:|1785228409
|switch|p1a: Charizard|Charizard, L50, M|100/100
|turn|2
|inactive|akakafalls has 30 seconds left.
|
|t:|1785228439
|detailschange|p1a: Charizard|Charizard-Mega-Y, L50, M
|-mega|p1a: Charizard|Charizard|Charizardite Y
|-weather|SunnyDay|[from] ability: Drought|[of] p1a: Charizard
|move|p1a: Charizard|Protect|p1a: Charizard
|-singleturn|p1a: Charizard|Protect
|move|p2b: Garchomp|Rock Slide|p1b: Toxapex|[spread] p1b
|-activate|p1a: Charizard|move: Protect
|-damage|p1b: Toxapex|87/100
|-damage|p2b: Garchomp|79/100|[from] item: Life Orb
|move|p2a: Basculegion|Wave Crash|p1a: Charizard
|-activate|p1a: Charizard|move: Protect
|move|p1b: Toxapex|Toxic|p2b: Garchomp
|-status|p2b: Garchomp|tox
|
|-weather|SunnyDay|[upkeep]
|-heal|p1b: Toxapex|93/100|[from] item: Leftovers
|-damage|p2b: Garchomp|73/100 tox|[from] psn
|-damage|p2a: Basculegion|52/100 tox|[from] psn
|upkeep
|turn|3
|inactive|akakafalls has 30 seconds left.
|inactive|akakafalls has 20 seconds left.
|inactive|akakafalls has 15 seconds left.
|
|t:|1785228482
|switch|p1a: Venusaur|Venusaur, L50, M|100/100
|move|p1b: Toxapex|Wide Guard|p1b: Toxapex
|-singleturn|p1b: Toxapex|Wide Guard
|move|p2b: Garchomp|Rock Slide|p1a: Venusaur|[spread] 
|-activate|p1a: Venusaur|move: Wide Guard
|-activate|p1b: Toxapex|move: Wide Guard
|move|p2a: Basculegion|Wave Crash|p1a: Venusaur
|-resisted|p1a: Venusaur|1
|-damage|p1a: Venusaur|79/100
|-damage|p2a: Basculegion|46/100 tox|[from] Recoil
|
|-weather|SunnyDay|[upkeep]
|-heal|p1b: Toxapex|99/100|[from] item: Leftovers
|-damage|p2b: Garchomp|61/100 tox|[from] psn
|-damage|p2a: Basculegion|28/100 tox|[from] psn
|upkeep
|turn|4
|
|t:|1785228503
|move|p1a: Venusaur|Solar Beam||[still]
|-prepare|p1a: Venusaur|Solar Beam
|-anim|p1a: Venusaur|Solar Beam|p2a: Basculegion
|-supereffective|p2a: Basculegion|1
|-damage|p2a: Basculegion|0 fnt
|faint|p2a: Basculegion
|-damage|p1a: Venusaur|70/100|[from] item: Life Orb
|move|p2b: Garchomp|Dragon Claw|p1a: Venusaur
|-damage|p1a: Venusaur|27/100
|-damage|p2b: Garchomp|52/100 tox|[from] item: Life Orb
|move|p1b: Toxapex|Infestation|p2b: Garchomp
|-damage|p2b: Garchomp|48/100 tox
|-activate|p2b: Garchomp|move: Infestation|[of] p1b: Toxapex
|-damage|p1b: Toxapex|87/100|[from] ability: Rough Skin|[of] p2b: Garchomp
|
|-weather|SunnyDay|[upkeep]
|-heal|p1b: Toxapex|92/100|[from] item: Leftovers
|-damage|p2b: Garchomp|30/100 tox|[from] psn
|-damage|p2b: Garchomp|17/100 tox|[from] move: Infestation|[partiallytrapped]
|upkeep
|
|t:|1785228522
|switch|p2a: Kingambit|Kingambit, L50, M, shiny|100/100
|turn|5
|
|t:|1785228533
|switch|p1a: Charizard|Charizard-Mega-Y, L50, M|100/100
|move|p1b: Toxapex|Wide Guard|p1b: Toxapex
|-singleturn|p1b: Toxapex|Wide Guard
|move|p2a: Kingambit|Sucker Punch||[still]
|-fail|p2a: Kingambit
|move|p2b: Garchomp|Dragon Claw|p1a: Charizard
|-damage|p1a: Charizard|65/100
|-damage|p2b: Garchomp|8/100 tox|[from] item: Life Orb
|
|-weather|SunnyDay|[upkeep]
|-heal|p1b: Toxapex|98/100|[from] item: Leftovers
|-damage|p2b: Garchomp|0 fnt|[from] psn
|faint|p2b: Garchomp
|upkeep
|
|t:|1785228546
|switch|p2b: Charizard|Charizard, L50, M, shiny|100/100
|turn|6
|inactive|akakafalls has 30 seconds left.
|inactive|akakafalls has 20 seconds left.
|
|t:|1785228582
|detailschange|p2b: Charizard|Charizard-Mega-Y, L50, M, shiny
|-mega|p2b: Charizard|Charizard|Charizardite Y
|move|p1a: Charizard|Protect|p1a: Charizard
|-singleturn|p1a: Charizard|Protect
|move|p2a: Kingambit|Sucker Punch||[still]
|-fail|p2a: Kingambit
|move|p2b: Charizard|Solar Beam||[still]
|-prepare|p2b: Charizard|Solar Beam
|-anim|p2b: Charizard|Solar Beam|p1b: Toxapex
|-damage|p1b: Toxapex|59/100
|move|p1b: Toxapex|Toxic|p2b: Charizard
|-status|p2b: Charizard|tox
|
|-weather|none
|-heal|p1b: Toxapex|64/100|[from] item: Leftovers
|-damage|p2b: Charizard|94/100 tox|[from] psn
|upkeep
|turn|7
|inactive|akakafalls has 30 seconds left.
|inactive|owbd has 30 seconds left.
|
|t:|1785228612
|-heal|p1b: Toxapex|98/100|[from] ability: Regenerator|[silent]
|switch|p1b: Venusaur|Venusaur, L50, M|27/100
|move|p1a: Charizard|Protect||[still]
|-fail|p1a: Charizard
|move|p2b: Charizard|Solar Beam||[still]
|-prepare|p2b: Charizard|Solar Beam
|move|p2a: Kingambit|Iron Head|p1a: Charizard
|-resisted|p1a: Charizard|1
|-damage|p1a: Charizard|44/100
|
|-damage|p2b: Charizard|82/100 tox|[from] psn
|upkeep
|turn|8
|inactive|owbd has 30 seconds left.
|inactive|owbd has 20 seconds left.
|
|t:|1785228648
|switch|p1a: Toxapex|Toxapex, L50, M|98/100
|move|p1b: Venusaur|Protect|p1b: Venusaur
|-singleturn|p1b: Venusaur|Protect
|move|p2b: Charizard|Solar Beam|p1b: Venusaur|[from] lockedmove
|-activate|p1b: Venusaur|move: Protect
|move|p2a: Kingambit|Kowtow Cleave|p1a: Toxapex
|-damage|p1a: Toxapex|59/100
|
|-heal|p1a: Toxapex|64/100|[from] item: Leftovers
|-damage|p2b: Charizard|64/100 tox|[from] psn
|upkeep
|turn|9
|inactive|akakafalls has 30 seconds left.
|
|t:|1785228681
|switch|p1b: Charizard|Charizard-Mega-Y, L50, M|44/100
|-weather|SunnyDay|[from] ability: Drought|[of] p1b: Charizard
|move|p2a: Kingambit|Sucker Punch||[still]
|-fail|p2a: Kingambit
|move|p2b: Charizard|Solar Beam||[still]
|-prepare|p2b: Charizard|Solar Beam
|-anim|p2b: Charizard|Solar Beam|p1a: Toxapex
|-damage|p1a: Toxapex|31/100
|move|p1a: Toxapex|Infestation|p2b: Charizard
|-resisted|p2b: Charizard|2
|-damage|p2b: Charizard|63/100 tox
|-activate|p2b: Charizard|move: Infestation|[of] p1a: Toxapex
|
|-weather|SunnyDay|[upkeep]
|-heal|p1a: Toxapex|37/100|[from] item: Leftovers
|-damage|p2b: Charizard|40/100 tox|[from] psn
|-damage|p2b: Charizard|27/100 tox|[from] move: Infestation|[partiallytrapped]
|upkeep
|turn|10
|
|t:|1785228706
|move|p1b: Charizard|Protect|p1b: Charizard
|-singleturn|p1b: Charizard|Protect
|move|p2a: Kingambit|Sucker Punch||[still]
|-fail|p2a: Kingambit
|move|p2b: Charizard|Solar Beam||[still]
|-prepare|p2b: Charizard|Solar Beam
|-anim|p2b: Charizard|Solar Beam|p1a: Toxapex
|-damage|p1a: Toxapex|0 fnt
|faint|p1a: Toxapex
|
|-weather|SunnyDay|[upkeep]
|-damage|p2b: Charizard|0 fnt|[from] psn
|faint|p2b: Charizard
|upkeep
|
|t:|1785228717
|switch|p1a: Venusaur|Venusaur, L50, M|27/100
|turn|11
|
|t:|1785228727
|move|p2a: Kingambit|Sucker Punch|p1b: Charizard
|-damage|p1b: Charizard|0 fnt
|faint|p1b: Charizard
|move|p1a: Venusaur|Earth Power|p2a: Kingambit
|-supereffective|p2a: Kingambit|1
|-damage|p2a: Kingambit|19/100
|-damage|p1a: Venusaur|18/100|[from] item: Life Orb
|
|-weather|SunnyDay|[upkeep]
|upkeep
|turn|12
|
|t:|1785228737
|move|p2a: Kingambit|Sucker Punch|p1a: Venusaur
|-damage|p1a: Venusaur|0 fnt
|faint|p1a: Venusaur
|
|win|owbd
|raw|akakafalls's rating: 1115 → 1096(-19 for losing)
|raw|owbd's rating: 1206 → 1225(+19 for winning)
