|j|☆Obello
|j|☆teyvgc
|html|Obelloteyvgc    
|uhtml|bestof|Game 1 of a best-of-3
|t:|1782363103
|gametype|doubles
|player|p1|Obello|ingo|1140
|player|p2|teyvgc|rood|1096
|gen|9
|tier|[Gen 9 Champions] VGC 2026 Reg M-B (Bo3)
|rated|
|rule|Species Clause: Limit one of each Pokémon
|rule|Item Clause: Limit 1 of each item
|clearpoke
|poke|p1|Glimmora, L50, M|
|poke|p1|Charizard, L50, F|
|poke|p1|Whimsicott, L50, M|
|poke|p1|Typhlosion-Hisui, L50, M|
|poke|p1|Sneasler, L50, F|
|poke|p1|Kingambit, L50, M|
|poke|p2|Blaziken, L50, M|
|poke|p2|Kingambit, L50, M|
|poke|p2|Metagross, L50|
|poke|p2|Whimsicott, L50, F|
|poke|p2|Basculegion, L50, M|
|poke|p2|Hydreigon, L50, F|
|teampreview|4
|showteam|p1|Glimmora||Glimmoranite|ToxicDebris|DazzlingGleam,SpikyShield,PowerGem,SludgeBomb|Timid||M|||50|]Charizard||CharizarditeY|Blaze|AirSlash,HeatWave,SolarBeam,Protect|Timid||F|||50|]Whimsicott||FocusSash|Prankster|Tailwind,SunnyDay,Encore,Moonblast|Bold||M|||50|]Typhlosion-Hisui||ChoiceScarf|Blaze|Eruption,ShadowBall,SolarBeam,Extrasensory|Modest||M|||50|]Sneasler||WhiteHerb|Unburden|CloseCombat,FakeOut,ThroatChop,DireClaw|Adamant||F|||50|]Kingambit||BlackGlasses|Defiant|KowtowCleave,LowKick,SuckerPunch,IronHead|Adamant||M|||50|
|showteam|p2|Blaziken||Blazikenite|SpeedBoost|CloseCombat,FlareBlitz,Protect,SwordsDance|Adamant||M|||50|]Kingambit||LifeOrb|Defiant|KowtowCleave,IronHead,SuckerPunch,Protect|Adamant||M|||50|]Metagross||Metagrossite|ClearBody|IronHead,PsychicFangs,BulletPunch,Protect|Jolly|||||50|]Whimsicott||FocusSash|Prankster|Tailwind,Moonblast,Encore,HelpingHand|Timid||F|||50|]Basculegion||MysticWater|Adaptability|WaveCrash,LastRespects,AquaJet,Protect|Adamant||M|||50|]Hydreigon||ChoiceScarf|Levitate|DarkPulse,DracoMeteor,EarthPower,FocusBlast|Modest||F|||50|
|inactive|Battle timer is ON: inactive players will automatically lose when time's up. (requested by Obello)
|j| Lilli3_79
|inactive|Obello has 60 seconds left.
|inactive|teyvgc has 60 seconds left.
|inactive|Obello has 30 seconds left.
|inactive|teyvgc has 30 seconds left.
|
|t:|1782363168
|teamsize|p1|4
|teamsize|p2|4
|start
|switch|p1a: Typhlosion|Typhlosion-Hisui, L50, M|100/100
|switch|p1b: Charizard|Charizard, L50, F|100/100
|switch|p2a: Hydreigon|Hydreigon, L50, F|100/100
|switch|p2b: Blaziken|Blaziken, L50, M|100/100
|turn|1
|inactive|teyvgc has 30 seconds left.
|inactive|teyvgc has 20 seconds left.
|inactive|teyvgc has 15 seconds left.
|inactive|teyvgc has 10 seconds left.
|
|t:|1782363215
|detailschange|p1b: Charizard|Charizard-Mega-Y, L50, F
|-mega|p1b: Charizard|Charizard|Charizardite Y
|-weather|SunnyDay|[from] ability: Drought|[of] p1b: Charizard
|move|p2b: Blaziken|Protect|p2b: Blaziken
|-singleturn|p2b: Blaziken|Protect
|move|p2a: Hydreigon|Dark Pulse|p1a: Typhlosion
|-supereffective|p1a: Typhlosion|1
|-damage|p1a: Typhlosion|0 fnt
|faint|p1a: Typhlosion
|move|p1b: Charizard|Heat Wave|p2b: Blaziken|[spread] p2a
|-activate|p2b: Blaziken|move: Protect
|-resisted|p2a: Hydreigon|1
|-crit|p2a: Hydreigon
|-damage|p2a: Hydreigon|44/100
|
|-weather|SunnyDay|[upkeep]
|-ability|p2b: Blaziken|Speed Boost|boost
|-boost|p2b: Blaziken|spe|1
|upkeep
|
|t:|1782363224
|switch|p1a: Whimsicott|Whimsicott, L50, M|100/100
|turn|2
|
|t:|1782363235
|switch|p2b: Basculegion|Basculegion, L50, M|100/100
|move|p1a: Whimsicott|Tailwind|p1a: Whimsicott
|-sidestart|p1: Obello|move: Tailwind
|move|p1b: Charizard|Air Slash|p2b: Basculegion
|-damage|p2b: Basculegion|46/100
|move|p2a: Hydreigon|Dark Pulse|p1b: Charizard
|-damage|p1b: Charizard|55/100
|
|-weather|SunnyDay|[upkeep]
|upkeep
|turn|3
|inactive|Obello has 30 seconds left.
|inactive|teyvgc has 30 seconds left.
|
|t:|1782363269
|switch|p2a: Kingambit|Kingambit, L50, M|100/100
|move|p2b: Basculegion|Protect|p2b: Basculegion
|-singleturn|p2b: Basculegion|Protect
|move|p1b: Charizard|Air Slash|p2b: Basculegion
|-activate|p2b: Basculegion|move: Protect
|move|p1a: Whimsicott|Moonblast|p2a: Kingambit
|-damage|p2a: Kingambit|72/100
|
|-weather|SunnyDay|[upkeep]
|upkeep
|turn|4
|inactive|Obello has 30 seconds left.
|inactive|Obello has 20 seconds left.
|inactive|Obello has 15 seconds left.
|
|t:|1782363314
|switch|p1b: Sneasler|Sneasler, L50, F|100/100
|move|p1a: Whimsicott|Encore|p2b: Basculegion
|-start|p2b: Basculegion|Encore
|move|p2b: Basculegion|Protect|p2b: Basculegion
|-singleturn|p2b: Basculegion|Protect
|move|p2a: Kingambit|Sucker Punch||[still]
|-fail|p2a: Kingambit
|
|-weather|SunnyDay|[upkeep]
|upkeep
|turn|5
|inactive|teyvgc has 30 seconds left.
|inactive|teyvgc has 20 seconds left.
|inactive|teyvgc has 15 seconds left.
|inactive|teyvgc has 10 seconds left.
|inactive|teyvgc has 5 seconds left.
|
|t:|1782363365
|switch|p2b: Hydreigon|Hydreigon, L50, F|44/100
|move|p2a: Kingambit|Protect|p2a: Kingambit
|-singleturn|p2a: Kingambit|Protect
|move|p1a: Whimsicott|Tailwind||[still]
|-fail|p1a: Whimsicott
|move|p1b: Sneasler|Close Combat|p2b: Hydreigon
|-supereffective|p2b: Hydreigon|1
|-damage|p2b: Hydreigon|0 fnt
|-unboost|p1b: Sneasler|def|1
|-unboost|p1b: Sneasler|spd|1
|faint|p2b: Hydreigon
|-enditem|p1b: Sneasler|White Herb
|-clearnegativeboost|p1b: Sneasler|[silent]
|
|-weather|none
|-sideend|p1: Obello|move: Tailwind
|upkeep
|
|t:|1782363386
|switch|p2b: Blaziken|Blaziken, L50, M|100/100
|turn|6
|
|t:|1782363402
|move|p1a: Whimsicott|Tailwind|p1a: Whimsicott
|-sidestart|p1: Obello|move: Tailwind
|move|p1b: Sneasler|Close Combat|p2a: Kingambit
|-supereffective|p2a: Kingambit|2
|-damage|p2a: Kingambit|0 fnt
|-unboost|p1b: Sneasler|def|1
|-unboost|p1b: Sneasler|spd|1
|faint|p2a: Kingambit
|move|p2b: Blaziken|Flare Blitz|p1a: Whimsicott
|-supereffective|p1a: Whimsicott|1
|-enditem|p1a: Whimsicott|Focus Sash
|-damage|p1a: Whimsicott|1/100
|-damage|p2b: Blaziken|64/100|[from] Recoil
|
|-ability|p2b: Blaziken|Speed Boost|boost
|-boost|p2b: Blaziken|spe|1
|upkeep
|
|t:|1782363408
|switch|p2a: Basculegion|Basculegion, L50, M|46/100
|turn|7
|inactive|Obello has 30 seconds left.
|
|t:|1782363441
|detailschange|p2b: Blaziken|Blaziken-Mega, L50, M
|-mega|p2b: Blaziken|Blaziken|Blazikenite
|move|p2b: Blaziken|Protect|p2b: Blaziken
|-singleturn|p2b: Blaziken|Protect
|move|p2a: Basculegion|Aqua Jet|p1b: Sneasler
|-damage|p1b: Sneasler|21/100
|move|p1b: Sneasler|Throat Chop|p2a: Basculegion
|-supereffective|p2a: Basculegion|1
|-damage|p2a: Basculegion|0 fnt
|faint|p2a: Basculegion
|move|p1a: Whimsicott|Moonblast|p2b: Blaziken
|-activate|p2b: Blaziken|move: Protect
|
|-ability|p2b: Blaziken|Speed Boost|boost
|-boost|p2b: Blaziken|spe|1
|upkeep
|turn|8
|inactive|Obello has 30 seconds left.
|inactive|teyvgc has 30 seconds left.
|-message|teyvgc forfeited.
|
|win|Obello
