|j|☆FIREB7798
|j|☆edhen
|html|FIREB7798edhen    
|uhtml|bestof|Game 3 of a best-of-3
|t:|1756834358
|gametype|doubles
|player|p1|FIREB7798|clerkf|1138
|player|p2|edhen|clair|1231
|gen|9
|tier|[Gen 9] VGC 2025 Reg H (Bo3)
|rated|
|rule|Species Clause: Limit one of each Pokémon
|rule|Item Clause: Limit 1 of each item
|clearpoke
|poke|p1|Meowstic, L50, M|
|poke|p1|Volcarona, L50, F|
|poke|p1|Electabuzz, L50, F|
|poke|p1|Garchomp, L50, M|
|poke|p1|Primarina, L50, F|
|poke|p1|Gholdengo, L50|
|poke|p2|Politoed, L50, F|
|poke|p2|Archaludon, L50, F|
|poke|p2|Comfey, L50, M|
|poke|p2|Rillaboom, L50, M|
|poke|p2|Basculegion, L50, M|
|poke|p2|Kilowattrel, L50, F|
|teampreview|4
|showteam|p1|Meowstic||EjectButton|Prankster|FakeOut,LightScreen,Reflect,SunnyDay|||M|||50|,,,,,Dark]Volcarona||SitrusBerry|FlameBody|HeatWave,BugBuzz,Protect,QuiverDance|||F|||50|,,,,,Water]Electabuzz||Eviolite|VitalSpirit|Protect,Electroweb,Thunderbolt,FollowMe|||F|||50|,,,,,Ghost]Garchomp||ClearAmulet|RoughSkin|DragonClaw,RockSlide,StompingTantrum,Protect|||M|||50|,,,,,Steel]Primarina||LifeOrb|LiquidVoice|Moonblast,HyperVoice,Protect,Haze|||F|||50|,,,,,Poison]Gholdengo||ChoiceScarf|GoodasGold|MakeItRain,ShadowBall,Trick,Thunderbolt||||||50|,,,,,Steel
|showteam|p2|Politoed||CovertCloak|Drizzle|Protect,MuddyWater,PerishSong,Haze|||F|||50|,,,,,Poison]Archaludon||AssaultVest|Stamina|ElectroShot,BodyPress,FlashCannon,DragonPulse|||F|||50|,,,,,Grass]Comfey||WikiBerry|Triage|Protect,FloralHealing,DrainingKiss,Taunt|||M|||50|,,,,,Steel]Rillaboom||LoadedDice|GrassySurge|BulletSeed,GrassyGlide,FakeOut,HighHorsepower|||M|||50|,,,,,Water]Basculegion||ChoiceBand|SwiftSwim|LastRespects,WaveCrash,AquaJet,FlipTurn|||M|||50|,,,,,Water]Kilowattrel||FocusSash|WindPower|Tailwind,Protect,Hurricane,VoltSwitch|||F|||50|,,,,,Electric
|
|t:|1756834388
|teamsize|p1|4
|teamsize|p2|4
|start
|switch|p1a: Gholdengo|Gholdengo, L50|100/100
|switch|p1b: Meowstic|Meowstic, L50, M|100/100
|switch|p2a: Basculegion|Basculegion, L50, M|100/100
|switch|p2b: Kilowattrel|Kilowattrel, L50, F|100/100
|turn|1
|inactive|Battle timer is ON: inactive players will automatically lose when time's up. (requested by FIREB7798)
|
|t:|1756834459
|switch|p2b: Politoed|Politoed, L50, F|100/100
|-weather|RainDance|[from] ability: Drizzle|[of] p2b: Politoed
|-terastallize|p2a: Basculegion|Water
|move|p1b: Meowstic|Sunny Day|p1b: Meowstic
|-weather|SunnyDay
|move|p1a: Gholdengo|Shadow Ball|p2a: Basculegion
|-damage|p2a: Basculegion|52/100
|move|p2a: Basculegion|Wave Crash|p1b: Meowstic
|-damage|p1b: Meowstic|29/100
|-damage|p2a: Basculegion|30/100|[from] Recoil
|-enditem|p1b: Meowstic|Eject Button
|
|t:|1756834479
|switch|p1b: Garchomp|Garchomp, L50, M|100/100
|
|-weather|SunnyDay|[upkeep]
|upkeep
|turn|2
|
|t:|1756834497
|switch|p2a: Kilowattrel|Kilowattrel, L50, F|100/100
|move|p1a: Gholdengo|Shadow Ball|p2a: Kilowattrel
|-damage|p2a: Kilowattrel|30/100
|move|p1b: Garchomp|Stomping Tantrum|p2b: Politoed
|-damage|p2b: Politoed|65/100
|move|p2b: Politoed|Muddy Water|p1a: Gholdengo|[spread] p1a
|-miss|p2b: Politoed|p1b: Garchomp
|-damage|p1a: Gholdengo|89/100
|
|-weather|SunnyDay|[upkeep]
|upkeep
|turn|3
|
|t:|1756834514
|switch|p2b: Archaludon|Archaludon, L50, F|100/100
|move|p1a: Gholdengo|Shadow Ball|p2a: Kilowattrel
|-damage|p2a: Kilowattrel|0 fnt
|faint|p2a: Kilowattrel
|move|p1b: Garchomp|Stomping Tantrum|p2b: Archaludon
|-supereffective|p2b: Archaludon
|-damage|p2b: Archaludon|45/100
|-ability|p2b: Archaludon|Stamina|boost
|-boost|p2b: Archaludon|def|1
|
|-weather|SunnyDay|[upkeep]
|upkeep
|
|t:|1756834527
|switch|p2a: Basculegion|Basculegion, L50, M, tera:Water|30/100
|turn|4
|inactive|FIREB7798 has 30 seconds left.
|inactive|edhen has 30 seconds left.
|
|t:|1756834556
|switch|p2b: Politoed|Politoed, L50, F|65/100
|-weather|RainDance|[from] ability: Drizzle|[of] p2b: Politoed
|-terastallize|p1b: Garchomp|Steel
|move|p2a: Basculegion|Last Respects|p1a: Gholdengo
|-supereffective|p1a: Gholdengo
|-damage|p1a: Gholdengo|0 fnt
|faint|p1a: Gholdengo
|move|p1b: Garchomp|Stomping Tantrum|p2a: Basculegion
|-damage|p2a: Basculegion|0 fnt
|faint|p2a: Basculegion
|
|-weather|RainDance|[upkeep]
|upkeep
|
|t:|1756834568
|switch|p1a: Meowstic|Meowstic, L50, M|29/100
|switch|p2a: Archaludon|Archaludon, L50, F|45/100
|turn|5
|
|t:|1756834590
|move|p1a: Meowstic|Fake Out|p2b: Politoed
|-damage|p2b: Politoed|60/100
|move|p1b: Garchomp|Stomping Tantrum|p2a: Archaludon
|-supereffective|p2a: Archaludon
|-damage|p2a: Archaludon|0 fnt
|faint|p2a: Archaludon
|move|p2b: Politoed|Muddy Water|p1b: Garchomp|[spread] p1a,p1b
|-damage|p1a: Meowstic|0 fnt
|-damage|p1b: Garchomp|66/100
|faint|p1a: Meowstic
|
|-weather|RainDance|[upkeep]
|upkeep
|
|t:|1756834599
|switch|p1a: Volcarona|Volcarona, L50, F|100/100
|turn|6
|
|t:|1756834604
|move|p1b: Garchomp|Stomping Tantrum|p2b: Politoed
|-damage|p2b: Politoed|24/100
|move|p1a: Volcarona|Bug Buzz|p2b: Politoed
|-damage|p2b: Politoed|0 fnt
|faint|p2b: Politoed
|
|win|FIREB7798
|raw|FIREB7798's rating: 1138 → 1170(+32 for winning)
|raw|edhen's rating: 1231 → 1199(-32 for losing)
|l|☆FIREB7798
|player|p1|
|j|☆FIREB7798
|player|p1|FIREB7798|clerkf|
