|j|☆pepafrib
|j|☆ddojemane47
|html|pepafribddojemane47    
|uhtml|bestof|Game 2 of a best-of-3
|t:|1757679356
|gametype|doubles
|player|p1|pepafrib|265|1133
|player|p2|ddojemane47|266|1170
|gen|9
|tier|[Gen 9] VGC 2025 Reg H (Bo3)
|rated|
|rule|Species Clause: Limit one of each Pokémon
|rule|Item Clause: Limit 1 of each item
|clearpoke
|poke|p1|Indeedee-F, L50, F|
|poke|p1|Gallade, L50, M|
|poke|p1|Torkoal, L50, M|
|poke|p1|Ursaluna, L50, F|
|poke|p1|Hatterene, L50, F|
|poke|p1|Zoroark-Hisui, L50, F|
|poke|p2|Dragonite, L50, F|
|poke|p2|Gholdengo, L50|
|poke|p2|Ursaluna-Bloodmoon, L50, M|
|poke|p2|Annihilape, L50, M|
|poke|p2|Maushold-Four, L50|
|poke|p2|Rillaboom, L50, F|
|teampreview|4
|showteam|p1|Indeedee-F||RockyHelmet|PsychicSurge|Psychic,HelpingHand,FollowMe,TrickRoom|||F|||50|,,,,,Grass]Gallade||ClearAmulet|Sharpness|SacredSword,PsychoCut,TrickRoom,WideGuard|||M|||50|,,,,,Grass]Torkoal||Charcoal|Drought|Eruption,WeatherBall,EarthPower,Protect|||M|||50|,,,,,Fire]Ursaluna||FlameOrb|Guts|Facade,HeadlongRush,Earthquake,Protect|||F|||50|,,,,,Ghost]Hatterene||LifeOrb|MagicBounce|DazzlingGleam,ExpandingForce,Protect,TrickRoom|||F|||50|,,,,,Fire]Zoroark-Hisui||ChoiceSpecs|Illusion|HyperBeam,HyperVoice,ShadowBall,FocusBlast|||F|||50|,,,,,Normal
|showteam|p2|Dragonite||LoadedDice|Multiscale|ScaleShot,Tailwind,Haze,Protect|||F|||50|,,,,,Fairy]Gholdengo||LifeOrb|GoodasGold|MakeItRain,ShadowBall,NastyPlot,Protect||||||50|,,,,,Water]Ursaluna-Bloodmoon||AssaultVest|MindsEye|BloodMoon,EarthPower,HyperVoice,VacuumWave|||M|||50|,,,,,Water]Annihilape||SitrusBerry|Defiant|DrainPunch,RageFist,BulkUp,Protect|||M|||50|,,,,,Fire]Maushold-Four||FocusSash|FriendGuard|SuperFang,BeatUp,FollowMe,Protect||||||50|,,,,,Ghost]Rillaboom||MiracleSeed|GrassySurge|WoodHammer,GrassyGlide,HighHorsepower,FakeOut|||F|||50|,,,,,Fire
|inactive|Battle timer is ON: inactive players will automatically lose when time's up. (requested by ddojemane47)
|
|t:|1757679391
|teamsize|p1|4
|teamsize|p2|4
|start
|switch|p1a: Indeedee|Indeedee-F, L50, F|100/100
|switch|p1b: Gallade|Gallade, L50, M|100/100
|switch|p2a: Maushold|Maushold-Four, L50|100/100
|switch|p2b: Ursaluna|Ursaluna-Bloodmoon, L50, M|100/100
|-fieldstart|move: Psychic Terrain|[from] ability: Psychic Surge|[of] p1a: Indeedee
|turn|1
|inactive|pepafrib has 30 seconds left.
|inactive|ddojemane47 has 30 seconds left.
|inactive|ddojemane47 has 20 seconds left.
|inactive|ddojemane47 has 15 seconds left.
|inactive|ddojemane47 has 10 seconds left.
|inactive|ddojemane47 has 5 seconds left.
|
|t:|1757679443
|move|p1a: Indeedee|Follow Me|p1a: Indeedee
|-singleturn|p1a: Indeedee|move: Follow Me
|move|p2a: Maushold|Super Fang|p1a: Indeedee
|-damage|p1a: Indeedee|51/100
|-damage|p2a: Maushold|84/100|[from] item: Rocky Helmet|[of] p1a: Indeedee
|move|p2b: Ursaluna|Blood Moon|p1a: Indeedee
|-damage|p1a: Indeedee|0 fnt
|faint|p1a: Indeedee
|move|p1b: Gallade|Trick Room|p1b: Gallade
|-fieldstart|move: Trick Room|[of] p1b: Gallade
|
|upkeep
|
|t:|1757679455
|switch|p1a: Torkoal|Torkoal, L50, M|100/100
|-weather|SunnyDay|[from] ability: Drought|[of] p1a: Torkoal
|turn|2
|inactive|pepafrib has 30 seconds left.
|inactive|ddojemane47 has 30 seconds left.
|inactive|ddojemane47 has 20 seconds left.
|inactive|ddojemane47 has 15 seconds left.
|inactive|ddojemane47 has 10 seconds left.
|
|t:|1757679501
|-terastallize|p1a: Torkoal|Fire
|-terastallize|p2b: Ursaluna|Water
|move|p2a: Maushold|Protect|p2a: Maushold
|-singleturn|p2a: Maushold|Protect
|move|p1a: Torkoal|Eruption|p2b: Ursaluna|[spread] p2b
|-activate|p2a: Maushold|move: Protect
|-resisted|p2b: Ursaluna
|-damage|p2b: Ursaluna|68/100
|move|p2b: Ursaluna|Earth Power|p1a: Torkoal
|-supereffective|p1a: Torkoal
|-damage|p1a: Torkoal|0 fnt
|faint|p1a: Torkoal
|move|p1b: Gallade|Psycho Cut|p2b: Ursaluna
|-damage|p2b: Ursaluna|30/100
|
|-weather|SunnyDay|[upkeep]
|upkeep
|
|t:|1757679519
|switch|p1a: Ursaluna|Ursaluna, L50, F|100/100
|turn|3
|inactive|pepafrib has 30 seconds left.
|inactive|pepafrib has 20 seconds left.
|
|t:|1757679557
|switch|p2b: Rillaboom|Rillaboom, L50, F|100/100
|-fieldstart|move: Grassy Terrain|[from] ability: Grassy Surge|[of] p2b: Rillaboom
|move|p1a: Ursaluna|Protect|p1a: Ursaluna
|-singleturn|p1a: Ursaluna|Protect
|move|p1b: Gallade|Psycho Cut|p2a: Maushold
|-damage|p2a: Maushold|8/100
|move|p2a: Maushold|Super Fang|p1a: Ursaluna
|-activate|p1a: Ursaluna|move: Protect
|
|-weather|SunnyDay|[upkeep]
|-heal|p2a: Maushold|14/100|[from] Grassy Terrain
|-status|p1a: Ursaluna|brn|[from] item: Flame Orb
|upkeep
|turn|4
|inactive|pepafrib has 30 seconds left.
|inactive|ddojemane47 has 30 seconds left.
|
|t:|1757679585
|switch|p2a: Gholdengo|Gholdengo, L50|100/100
|move|p1a: Ursaluna|Protect||[still]
|-fail|p1a: Ursaluna
|move|p2b: Rillaboom|Fake Out|p1a: Ursaluna
|-damage|p1a: Ursaluna|90/100 brn
|move|p1b: Gallade|Sacred Sword|p2b: Rillaboom
|-damage|p2b: Rillaboom|28/100
|
|-weather|SunnyDay|[upkeep]
|-heal|p1a: Ursaluna|95/100 brn|[from] Grassy Terrain
|-heal|p2b: Rillaboom|34/100|[from] Grassy Terrain
|-damage|p1a: Ursaluna|90/100 brn|[from] brn
|upkeep
|turn|5
|inactive|pepafrib has 30 seconds left.
|
|t:|1757679614
|switch|p2b: Maushold|Maushold-Four, L50|14/100
|move|p2a: Gholdengo|Protect|p2a: Gholdengo
|-singleturn|p2a: Gholdengo|Protect
|move|p1b: Gallade|Wide Guard|p1b: Gallade
|-singleturn|p1b: Gallade|Wide Guard
|move|p1a: Ursaluna|Earthquake|p2a: Gholdengo|[spread] p2b
|-activate|p1b: Gallade|move: Wide Guard
|-activate|p2a: Gholdengo|move: Protect
|-damage|p2b: Maushold|0 fnt
|faint|p2b: Maushold
|
|-weather|SunnyDay|[upkeep]
|-heal|p1a: Ursaluna|95/100 brn|[from] Grassy Terrain
|-damage|p1a: Ursaluna|90/100 brn|[from] brn
|-fieldend|move: Trick Room
|upkeep
|
|t:|1757679627
|switch|p2b: Rillaboom|Rillaboom, L50, F|34/100
|turn|6
|
|t:|1757679652
|move|p2a: Gholdengo|Shadow Ball|p1b: Gallade
|-supereffective|p1b: Gallade
|-damage|p1b: Gallade|10/100
|-damage|p2a: Gholdengo|91/100|[from] item: Life Orb
|move|p2b: Rillaboom|Wood Hammer|p1b: Gallade
|-damage|p1b: Gallade|0 fnt
|faint|p1b: Gallade
|-damage|p2b: Rillaboom|32/100|[from] Recoil
|move|p1a: Ursaluna|Earthquake|p2a: Gholdengo|[spread] p2a,p2b
|-supereffective|p2a: Gholdengo
|-resisted|p2b: Rillaboom
|-damage|p2a: Gholdengo|23/100
|-damage|p2b: Rillaboom|15/100
|
|-weather|none
|-heal|p2a: Gholdengo|29/100|[from] Grassy Terrain
|-heal|p2b: Rillaboom|21/100|[from] Grassy Terrain
|-heal|p1a: Ursaluna|95/100 brn|[from] Grassy Terrain
|-damage|p1a: Ursaluna|90/100 brn|[from] brn
|upkeep
|turn|7
|
|t:|1757679667
|move|p2a: Gholdengo|Make It Rain|p1a: Ursaluna
|-damage|p1a: Ursaluna|22/100 brn
|-unboost|p2a: Gholdengo|spa|1
|-damage|p2a: Gholdengo|20/100|[from] item: Life Orb
|move|p2b: Rillaboom|Wood Hammer|p1a: Ursaluna
|-supereffective|p1a: Ursaluna
|-damage|p1a: Ursaluna|0 fnt
|faint|p1a: Ursaluna
|-damage|p2b: Rillaboom|13/100|[from] Recoil
|
|win|ddojemane47
|raw|pepafrib's rating: 1133 → 1111(-22 for losing)
|raw|ddojemane47's rating: 1170 → 1192(+22 for winning)
