|j|☆starlight74
|j|☆marcosdeltasena31
|html|starlight74marcosdeltasena31    
|uhtml|bestof|Game 2 of a best-of-3
|t:|1784237315
|gametype|doubles
|player|p1|starlight74|anabel-gen7|1451
|player|p2|marcosdeltasena31|hilbert|1498
|gen|9
|tier|[Gen 9 Champions] VGC 2026 Reg M-B (Bo3)
|rated|
|rule|Species Clause: Limit one of each Pokémon
|rule|Item Clause: Limit 1 of each item
|clearpoke
|poke|p1|Metagross, L50, shiny|
|poke|p1|Sneasler, L50, F|
|poke|p1|Incineroar, L50, M|
|poke|p1|Lycanroc-Dusk, L50, M|
|poke|p1|Hydreigon, L50, M|
|poke|p1|Floette-Eternal, L50, F|
|poke|p2|Charizard, L50, M, shiny|
|poke|p2|Venusaur, L50, M|
|poke|p2|Garchomp, L50, M|
|poke|p2|Incineroar, L50, F|
|poke|p2|Toxapex, L50, F|
|poke|p2|Annihilape, L50, F|
|teampreview|4
|showteam|p1|Metagross||Metagrossite|ClearBody|PsychicFangs,BulletPunch,Substitute,Protect|Jolly|||||50|]Sneasler||WhiteHerb|Unburden|CloseCombat,DireClaw,FakeOut,Protect|Jolly||F|||50|]Incineroar||SitrusBerry|Intimidate|FlareBlitz,PartingShot,HelpingHand,FakeOut|Impish||M|||50|]Lycanroc-Dusk||FocusSash|ToughClaws|Accelerock,CloseCombat,RockSlide,Protect|Jolly||M|||50|]Hydreigon||ChoiceScarf|Levitate|DarkPulse,DracoMeteor,HeatWave,Snarl|Timid||M|||50|]Floette-Eternal||Floettite|FlowerVeil|DazzlingGleam,DrainingKiss,CalmMind,Protect|Timid||F|||50|
|showteam|p2|Charizard||CharizarditeY|Blaze|HeatWave,WeatherBall,Protect,HelpingHand|Modest||M|||50|]Venusaur||LifeOrb|Chlorophyll|SludgeBomb,SolarBeam,EarthPower,Protect|Modest||M|||50|]Garchomp||ChoiceScarf|RoughSkin|Earthquake,RockSlide,DragonClaw,StompingTantrum|Adamant||M|||50|]Incineroar||SitrusBerry|Intimidate|FakeOut,FlareBlitz,ThroatChop,PartingShot|Impish||F|||50|]Toxapex||Leftovers|Regenerator|Infestation,Toxic,WideGuard,BanefulBunker|Impish||F|||50|]Annihilape||FocusSash|Defiant|CloseCombat,PhantomForce,RockTomb,Protect|Jolly||F|||50|
|inactive|Battle timer is ON: inactive players will automatically lose when time's up. (requested by starlight74)
|
|t:|1784237337
|teamsize|p1|4
|teamsize|p2|4
|start
|switch|p1a: Lycanroc|Lycanroc-Dusk, L50, M|100/100
|switch|p1b: Sneasler|Sneasler, L50, F|100/100
|switch|p2a: Toxapex|Toxapex, L50, F|100/100
|switch|p2b: Incineroar|Incineroar, L50, F|100/100
|-ability|p2b: Incineroar|Intimidate|boost
|-unboost|p1a: Lycanroc|atk|1
|-unboost|p1b: Sneasler|atk|1
|-enditem|p1b: Sneasler|White Herb
|-clearnegativeboost|p1b: Sneasler|[silent]
|turn|1
|
|t:|1784237360
|switch|p1a: Metagross|Metagross, L50, shiny|100/100
|switch|p2b: Garchomp|Garchomp, L50, M|100/100
|move|p1b: Sneasler|Fake Out|p2a: Toxapex
|-crit|p2a: Toxapex
|-damage|p2a: Toxapex|85/100
|cant|p2a: Toxapex|flinch
|
|-heal|p2a: Toxapex|91/100|[from] item: Leftovers
|upkeep
|turn|2
|inactive|starlight74 has 30 seconds left.
|inactive|marcosdeltasena31 has 30 seconds left.
|
|t:|1784237389
|switch|p1b: Hydreigon|Hydreigon, L50, M|100/100
|-heal|p2a: Toxapex|100/100|[from] ability: Regenerator|[silent]
|switch|p2a: Incineroar|Incineroar, L50, F|100/100
|-ability|p2a: Incineroar|Intimidate|boost
|-fail|p1a: Metagross|unboost|[from] ability: Clear Body|[of] p1a: Metagross
|-unboost|p1b: Hydreigon|atk|1
|move|p1a: Metagross|Protect|p1a: Metagross
|-singleturn|p1a: Metagross|Protect
|move|p2b: Garchomp|Stomping Tantrum|p1b: Hydreigon
|-immune|p1b: Hydreigon|[from] ability: Levitate
|
|upkeep
|turn|3
|
|t:|1784237411
|switch|p1a: Lycanroc|Lycanroc-Dusk, L50, M|100/100
|move|p2a: Incineroar|Fake Out|p1b: Hydreigon
|-damage|p1b: Hydreigon|88/100
|cant|p1b: Hydreigon|flinch
|move|p2b: Garchomp|Stomping Tantrum|p1a: Lycanroc
|-supereffective|p1a: Lycanroc|1
|-enditem|p1a: Lycanroc|Focus Sash
|-damage|p1a: Lycanroc|1/100
|
|upkeep
|turn|4
|
|t:|1784237423
|switch|p2b: Toxapex|Toxapex, L50, F|100/100
|move|p1b: Hydreigon|Draco Meteor|p2b: Toxapex
|-damage|p2b: Toxapex|52/100
|-unboost|p1b: Hydreigon|spa|2
|move|p1a: Lycanroc|Close Combat|p2a: Incineroar
|-supereffective|p2a: Incineroar|1
|-damage|p2a: Incineroar|24/100
|-unboost|p1a: Lycanroc|def|1
|-unboost|p1a: Lycanroc|spd|1
|-enditem|p2a: Incineroar|Sitrus Berry|[eat]
|-heal|p2a: Incineroar|49/100|[from] item: Sitrus Berry
|move|p2a: Incineroar|Parting Shot|p1b: Hydreigon
|-unboost|p1b: Hydreigon|atk|1
|-unboost|p1b: Hydreigon|spa|1
|
|t:|1784237436
|switch|p2a: Garchomp|Garchomp, L50, M|100/100|[from] Parting Shot
|
|-heal|p2b: Toxapex|57/100|[from] item: Leftovers
|upkeep
|turn|5
|
|t:|1784237446
|switch|p1b: Metagross|Metagross, L50, shiny|100/100
|move|p1a: Lycanroc|Protect|p1a: Lycanroc
|-singleturn|p1a: Lycanroc|Protect
|move|p2a: Garchomp|Dragon Claw|p1b: Metagross
|-resisted|p1b: Metagross|1
|-damage|p1b: Metagross|81/100
|move|p2b: Toxapex|Toxic|p1a: Lycanroc
|-activate|p1a: Lycanroc|move: Protect
|
|-heal|p2b: Toxapex|63/100|[from] item: Leftovers
|upkeep
|turn|6
|
|t:|1784237457
|switch|p1a: Sneasler|Sneasler, L50, F|100/100
|-heal|p2b: Toxapex|96/100|[from] ability: Regenerator|[silent]
|switch|p2b: Incineroar|Incineroar, L50, F|49/100
|-ability|p2b: Incineroar|Intimidate|boost
|-unboost|p1a: Sneasler|atk|1
|-fail|p1b: Metagross|unboost|[from] ability: Clear Body|[of] p1b: Metagross
|move|p2a: Garchomp|Dragon Claw|p1a: Sneasler
|-damage|p1a: Sneasler|41/100
|move|p1b: Metagross|Substitute|p1b: Metagross
|-start|p1b: Metagross|Substitute
|-damage|p1b: Metagross|57/100
|
|upkeep
|turn|7
|inactive|marcosdeltasena31 has 30 seconds left.
|
|t:|1784237483
|switch|p2a: Toxapex|Toxapex, L50, F|96/100
|detailschange|p1b: Metagross|Metagross-Mega, L50, shiny
|-mega|p1b: Metagross|Metagross|Metagrossite
|move|p1a: Sneasler|Fake Out|p2a: Toxapex
|-damage|p2a: Toxapex|90/100
|move|p1b: Metagross|Psychic Fangs|p2a: Toxapex
|-supereffective|p2a: Toxapex|1
|-damage|p2a: Toxapex|6/100
|move|p2b: Incineroar|Flare Blitz|p1b: Metagross
|-supereffective|p1b: Metagross|1
|-end|p1b: Metagross|Substitute
|-damage|p2b: Incineroar|42/100|[from] Recoil
|
|-heal|p2a: Toxapex|12/100|[from] item: Leftovers
|upkeep
|turn|8
|
|t:|1784237496
|switch|p2b: Garchomp|Garchomp, L50, M|100/100
|move|p1b: Metagross|Substitute|p1b: Metagross
|-start|p1b: Metagross|Substitute
|-damage|p1b: Metagross|32/100
|move|p1a: Sneasler|Close Combat|p2b: Garchomp
|-damage|p2b: Garchomp|61/100
|-unboost|p1a: Sneasler|def|1
|-unboost|p1a: Sneasler|spd|1
|-damage|p1a: Sneasler|29/100|[from] ability: Rough Skin|[of] p2b: Garchomp
|move|p2a: Toxapex|Infestation|p1b: Metagross
|-activate|p1b: Metagross|move: Substitute|[damage]
|
|-heal|p2a: Toxapex|17/100|[from] item: Leftovers
|upkeep
|turn|9
|
|t:|1784237515
|move|p1a: Sneasler|Protect|p1a: Sneasler
|-singleturn|p1a: Sneasler|Protect
|move|p2b: Garchomp|Stomping Tantrum|p1a: Sneasler
|-activate|p1a: Sneasler|move: Protect
|move|p1b: Metagross|Psychic Fangs|p2b: Garchomp
|-damage|p2b: Garchomp|3/100
|-damage|p1b: Metagross|20/100r|[from] ability: Rough Skin|[of] p2b: Garchomp
|move|p2a: Toxapex|Infestation|p1b: Metagross
|-activate|p1b: Metagross|move: Substitute|[damage]
|
|-heal|p2a: Toxapex|23/100|[from] item: Leftovers
|upkeep
|turn|10
|
|t:|1784237530
|switch|p2b: Incineroar|Incineroar, L50, F|42/100
|-ability|p2b: Incineroar|Intimidate|boost
|-unboost|p1a: Sneasler|atk|1
|-immune|p1b: Metagross
|switch|p1a: Hydreigon|Hydreigon, L50, M|88/100
|move|p1b: Metagross|Psychic Fangs|p2a: Toxapex
|-supereffective|p2a: Toxapex|1
|-damage|p2a: Toxapex|0 fnt
|faint|p2a: Toxapex
|
|upkeep
|
|t:|1784237542
|switch|p2a: Charizard|Charizard, L50, M, shiny|100/100
|turn|11
|
|t:|1784237552
|detailschange|p2a: Charizard|Charizard-Mega-Y, L50, M, shiny
|-mega|p2a: Charizard|Charizard|Charizardite Y
|-weather|SunnyDay|[from] ability: Drought|[of] p2a: Charizard
|move|p1b: Metagross|Protect|p1b: Metagross
|-singleturn|p1b: Metagross|Protect
|move|p2b: Incineroar|Fake Out|p1a: Hydreigon
|-damage|p1a: Hydreigon|77/100
|cant|p1a: Hydreigon|flinch
|move|p2a: Charizard|Heat Wave|p1a: Hydreigon|[spread] p1a
|-activate|p1b: Metagross|move: Protect
|-resisted|p1a: Hydreigon|1
|-damage|p1a: Hydreigon|40/100
|
|-weather|SunnyDay|[upkeep]
|upkeep
|turn|12
|
|t:|1784237567
|move|p2a: Charizard|Protect|p2a: Charizard
|-singleturn|p2a: Charizard|Protect
|move|p1a: Hydreigon|Draco Meteor|p2b: Incineroar
|-damage|p2b: Incineroar|0 fnt
|-unboost|p1a: Hydreigon|spa|2
|faint|p2b: Incineroar
|move|p1b: Metagross|Psychic Fangs|p2a: Charizard
|-activate|p2a: Charizard|move: Protect
|
|-weather|SunnyDay|[upkeep]
|upkeep
|
|t:|1784237573
|switch|p2b: Garchomp|Garchomp, L50, M|3/100
|turn|13
|
|t:|1784237584
|move|p1b: Metagross|Protect|p1b: Metagross
|-singleturn|p1b: Metagross|Protect
|move|p1a: Hydreigon|Draco Meteor|p2b: Garchomp
|-supereffective|p2b: Garchomp|1
|-damage|p2b: Garchomp|0 fnt
|-unboost|p1a: Hydreigon|spa|2
|faint|p2b: Garchomp
|move|p2a: Charizard|Heat Wave|p1a: Hydreigon|[spread] p1a
|-activate|p1b: Metagross|move: Protect
|-resisted|p1a: Hydreigon|1
|-damage|p1a: Hydreigon|5/100
|-status|p1a: Hydreigon|brn
|
|-weather|SunnyDay|[upkeep]
|-damage|p1a: Hydreigon|0 fnt|[from] brn
|faint|p1a: Hydreigon
|upkeep
|
|t:|1784237590
|switch|p1a: Lycanroc|Lycanroc-Dusk, L50, M|1/100
|turn|14
|
|t:|1784237593
|move|p1a: Lycanroc|Accelerock|p2a: Charizard
|-supereffective|p2a: Charizard|2
|-damage|p2a: Charizard|1/100
|move|p1b: Metagross|Psychic Fangs|p2a: Charizard
|-damage|p2a: Charizard|0 fnt
|faint|p2a: Charizard
|
|win|starlight74
