|j|☆oinninhu
|j|☆viatles
|html|oinninhuviatles    
|uhtml|bestof|Game 2 of a best-of-3
|t:|1757793473
|gametype|doubles
|player|p1|oinninhu|169|1080
|player|p2|viatles|hiker|1053
|gen|9
|tier|[Gen 9] VGC 2025 Reg H (Bo3)
|rated|
|rule|Species Clause: Limit one of each Pokémon
|rule|Item Clause: Limit 1 of each item
|clearpoke
|poke|p1|Ursaluna, L50, F|
|poke|p1|Whimsicott, L50, F|
|poke|p1|Farigiraf, L50, M|
|poke|p1|Amoonguss, L50, M|
|poke|p1|Rillaboom, L50, M|
|poke|p1|Volcarona, L50, F|
|poke|p2|Scizor, L50, F|
|poke|p2|Talonflame, L50, F|
|poke|p2|Rillaboom, L50, M|
|poke|p2|Garchomp, L50, M|
|poke|p2|Kilowattrel, L50, M|
|poke|p2|Garganacl, L50, M|
|teampreview|4
|showteam|p1|Ursaluna||FlameOrb|Guts|Earthquake,Facade,HeadlongRush,Protect|||F|||50|,,,,,Normal]Whimsicott||FocusSash|Prankster|Moonblast,Encore,Taunt,Tailwind|||F|||50|,,,,,Ghost]Farigiraf||Leftovers|ArmorTail|TrickRoom,HelpingHand,FoulPlay,Protect|||M|||50|,,,,,Dragon]Amoonguss||SitrusBerry|Regenerator|PollenPuff,Protect,Spore,RagePowder|||M|||50|,,,,,Dark]Rillaboom||AssaultVest|GrassySurge|DrumBeating,HighHorsepower,FakeOut,Uturn|||M|||50|,,,,,Fire]Volcarona||GrassySeed|FlameBody|QuiverDance,BugBuzz,GigaDrain,HeatWave|||F|||50|,,,,,Fairy
|showteam|p2|Scizor||LifeOrb|Technician|BulletPunch,BugBite,DualWingbeat,Protect|||F|||50|,,,,,Fire]Talonflame||CovertCloak|GaleWings|DualWingbeat,Tailwind,Taunt,FlareBlitz|||F|||50|,,,,,Flying]Rillaboom||AssaultVest|GrassySurge|FakeOut,GrassyGlide,Uturn,WoodHammer|||M|||50|,,,,,Fairy]Garchomp||ClearAmulet|RoughSkin|IronHead,Earthquake,DragonClaw,Protect|||M|||50|,,,,,Steel]Kilowattrel||FocusSash|Competitive|Discharge,AirSlash,Tailwind,Protect|||M|||50|,,,,,Fairy]Garganacl||Leftovers|PurifyingSalt|SaltCure,Recover,Protect,RockSlide|||M|||50|,,,,,Grass
|inactive|Battle timer is ON: inactive players will automatically lose when time's up. (requested by viatles)
|
|t:|1757793497
|teamsize|p1|4
|teamsize|p2|4
|start
|switch|p1a: Rillaboom|Rillaboom, L50, M|100/100
|switch|p1b: Farigiraf|Farigiraf, L50, M, shiny|100/100
|switch|p2a: Scizor|Scizor, L50, F|100/100
|switch|p2b: Kilowattrel|Kilowattrel, L50, M|100/100
|-fieldstart|move: Grassy Terrain|[from] ability: Grassy Surge|[of] p1a: Rillaboom
|turn|1
|
|t:|1757793521
|move|p1a: Rillaboom|Fake Out|p2b: Kilowattrel
|-damage|p2b: Kilowattrel|76/100
|cant|p2b: Kilowattrel|flinch
|move|p2a: Scizor|Bug Bite|p1a: Rillaboom
|-supereffective|p1a: Rillaboom
|-damage|p1a: Rillaboom|0 fnt
|faint|p1a: Rillaboom
|-damage|p2a: Scizor|91/100|[from] item: Life Orb
|move|p1b: Farigiraf|Trick Room|p1b: Farigiraf
|-fieldstart|move: Trick Room|[of] p1b: Farigiraf
|
|-heal|p2a: Scizor|97/100|[from] Grassy Terrain
|upkeep
|
|t:|1757793532
|switch|p1a: Ursaluna|Ursaluna, L50, F, shiny|100/100
|turn|2
|
|t:|1757793542
|-terastallize|p1a: Ursaluna|Normal
|move|p1b: Farigiraf|Helping Hand|p1a: Ursaluna
|-singleturn|p1a: Ursaluna|Helping Hand|[of] p1b: Farigiraf
|move|p2a: Scizor|Protect|p2a: Scizor
|-singleturn|p2a: Scizor|Protect
|move|p1a: Ursaluna|Facade|p2b: Kilowattrel
|-damage|p2b: Kilowattrel|0 fnt
|faint|p2b: Kilowattrel
|
|-heal|p2a: Scizor|100/100|[from] Grassy Terrain
|-status|p1a: Ursaluna|brn|[from] item: Flame Orb
|upkeep
|
|t:|1757793556
|switch|p2b: Garganacl|Garganacl, L50, M|100/100
|turn|3
|
|t:|1757793567
|move|p1b: Farigiraf|Helping Hand|p1a: Ursaluna
|-singleturn|p1a: Ursaluna|Helping Hand|[of] p1b: Farigiraf
|move|p2b: Garganacl|Salt Cure|p1a: Ursaluna
|-damage|p1a: Ursaluna|89/100 brn
|-start|p1a: Ursaluna|Salt Cure
|move|p1a: Ursaluna|Facade|p2a: Scizor
|-resisted|p2a: Scizor
|-damage|p2a: Scizor|0 fnt
|faint|p2a: Scizor
|
|-heal|p1a: Ursaluna|95/100 brn|[from] Grassy Terrain
|-damage|p1a: Ursaluna|89/100 brn|[from] brn
|-damage|p1a: Ursaluna|77/100 brn|[from] Salt Cure
|upkeep
|
|t:|1757793579
|switch|p2a: Talonflame|Talonflame, L50, F|100/100
|turn|4
|
|t:|1757793595
|move|p1b: Farigiraf|Helping Hand|p1a: Ursaluna
|-singleturn|p1a: Ursaluna|Helping Hand|[of] p1b: Farigiraf
|move|p2b: Garganacl|Protect|p2b: Garganacl
|-singleturn|p2b: Garganacl|Protect
|move|p1a: Ursaluna|Facade|p2a: Talonflame
|-damage|p2a: Talonflame|0 fnt
|faint|p2a: Talonflame
|
|-heal|p1a: Ursaluna|82/100 brn|[from] Grassy Terrain
|-damage|p1a: Ursaluna|77/100 brn|[from] brn
|-damage|p1a: Ursaluna|64/100 brn|[from] Salt Cure
|upkeep
|turn|5
|
|t:|1757793617
|-terastallize|p2b: Garganacl|Grass
|move|p1b: Farigiraf|Helping Hand|p1a: Ursaluna
|-singleturn|p1a: Ursaluna|Helping Hand|[of] p1b: Farigiraf
|move|p2b: Garganacl|Rock Slide|p1b: Farigiraf|[spread] p1a,p1b
|-damage|p1a: Ursaluna|48/100 brn
|-damage|p1b: Farigiraf|83/100
|move|p1a: Ursaluna|Facade|p2b: Garganacl
|-damage|p2b: Garganacl|0 fnt
|faint|p2b: Garganacl
|
|win|oinninhu
