|j|☆GetaJobApplication
|j|☆panqueca25
|html|GetaJobApplicationpanqueca25    
|uhtml|bestof|Game 1 of a best-of-3
|t:|1757683347
|gametype|doubles
|player|p1|GetaJobApplication|cynthia-gen4|1350
|player|p2|panqueca25|101|1335
|gen|9
|tier|[Gen 9] VGC 2025 Reg H (Bo3)
|rated|
|rule|Species Clause: Limit one of each Pokémon
|rule|Item Clause: Limit 1 of each item
|clearpoke
|poke|p1|Incineroar, L50, F|
|poke|p1|Indeedee, L50, M|
|poke|p1|Kommo-o, L50, M|
|poke|p1|Amoonguss, L50, F|
|poke|p1|Gholdengo, L50|
|poke|p1|Sneasler, L50, M|
|poke|p2|Murkrow, L50, F|
|poke|p2|Gholdengo, L50|
|poke|p2|Dondozo, L50, F|
|poke|p2|Tatsugiri, L50, M|
|poke|p2|Clefable, L50, F|
|poke|p2|Incineroar, L50, F|
|teampreview|4
|showteam|p1|Incineroar||AssaultVest|Intimidate|FakeOut,KnockOff,Uturn,FlareBlitz|||F|||50|,,,,,Bug]Indeedee||ChoiceScarf|PsychicSurge|ExpandingForce,Trick,HelpingHand,DazzlingGleam|||M|||50|,,,,,Psychic]Kommo-o||ThroatSpray|Overcoat|ClangorousSoul,ClangingScales,Protect,Flamethrower|||M|||50|,,,,,Fire]Amoonguss||SitrusBerry|Regenerator|Spore,RagePowder,PollenPuff,Protect|||F|||50|,,,,,Water]Gholdengo||LifeOrb|GoodasGold|MakeItRain,ShadowBall,NastyPlot,Protect||||||50|,,,,,Steel]Sneasler||PsychicSeed|Unburden|DireClaw,CloseCombat,ThroatChop,Protect|||M|||50|,,,,,Dark
|showteam|p2|Murkrow||Eviolite|Prankster|Tailwind,FoulPlay,Taunt,Haze|||F|||50|,,,,,Ghost]Gholdengo||ChoiceSpecs|GoodasGold|MakeItRain,PowerGem,ShadowBall,Thunderbolt||||||50|,,,,,Steel]Dondozo||Leftovers|Unaware|WaveCrash,Earthquake,OrderUp,Protect|||F|||50|,,,,,Grass]Tatsugiri||FocusSash|Commander|DracoMeteor,IcyWind,MuddyWater,Protect|||M|||50|,,,,,Stellar]Clefable||RockyHelmet|Unaware|Moonblast,FollowMe,Encore,Protect|||F|||50|,,,,,Ghost]Incineroar||SafetyGoggles|Intimidate|FlareBlitz,KnockOff,PartingShot,FakeOut|||F|||50|,,,,,Ghost
|inactive|Battle timer is ON: inactive players will automatically lose when time's up. (requested by panqueca25)
|
|t:|1757683370
|teamsize|p1|4
|teamsize|p2|4
|start
|switch|p1a: Amoonguss|Amoonguss, L50, F|100/100
|switch|p1b: Incineroar|Incineroar, L50, F|100/100
|switch|p2a: Clefable|Clefable, L50, F|100/100
|switch|p2b: Gholdengo|Gholdengo, L50|100/100
|-ability|p1b: Incineroar|Intimidate|boost
|-unboost|p2a: Clefable|atk|1
|-unboost|p2b: Gholdengo|atk|1
|turn|1
|
|t:|1757683381
|move|p2a: Clefable|Protect|p2a: Clefable
|-singleturn|p2a: Clefable|Protect
|move|p2b: Gholdengo|Power Gem|p1b: Incineroar
|-supereffective|p1b: Incineroar
|-damage|p1b: Incineroar|38/100
|move|p1b: Incineroar|Knock Off|p2b: Gholdengo
|-supereffective|p2b: Gholdengo
|-damage|p2b: Gholdengo|0 fnt
|-enditem|p2b: Gholdengo|Choice Specs|[from] move: Knock Off|[of] p1b: Incineroar
|faint|p2b: Gholdengo
|move|p1a: Amoonguss|Spore|p2a: Clefable
|-activate|p2a: Clefable|move: Protect
|
|upkeep
|
|t:|1757683389
|switch|p2b: Dondozo|Dondozo, L50, F|100/100
|turn|2
|
|t:|1757683398
|switch|p1b: Sneasler|Sneasler, L50, M|100/100
|switch|p2a: Tatsugiri|Tatsugiri, L50, M|100/100
|-activate|p2a: Tatsugiri|ability: Commander|[of] p2b: Dondozo
|-boost|p2b: Dondozo|atk|2
|-boost|p2b: Dondozo|spa|2
|-boost|p2b: Dondozo|spe|2
|-boost|p2b: Dondozo|def|2
|-boost|p2b: Dondozo|spd|2
|-terastallize|p2b: Dondozo|Grass
|move|p2b: Dondozo|Wave Crash|p1b: Sneasler
|-damage|p1b: Sneasler|0 fnt
|faint|p1b: Sneasler
|-damage|p2b: Dondozo|78/100|[from] Recoil
|move|p1a: Amoonguss|Spore|p2b: Dondozo
|-immune|p2b: Dondozo
|
|-heal|p2b: Dondozo|84/100|[from] item: Leftovers
|upkeep
|
|t:|1757683405
|switch|p1b: Indeedee|Indeedee, L50, M|100/100
|-fieldstart|move: Psychic Terrain|[from] ability: Psychic Surge|[of] p1b: Indeedee
|turn|3
|
|t:|1757683412
|switch|p1a: Incineroar|Incineroar, L50, F|38/100
|-ability|p1a: Incineroar|Intimidate|boost
|-unboost|p2a: Tatsugiri|atk|1
|-unboost|p2b: Dondozo|atk|1
|-terastallize|p1b: Indeedee|Psychic
|move|p1b: Indeedee|Expanding Force|p2b: Dondozo|[spread] p2b
|-miss|p1b: Indeedee|p2a: Tatsugiri
|-damage|p2b: Dondozo|45/100
|move|p2b: Dondozo|Order Up|p1b: Indeedee
|-damage|p1b: Indeedee|26/100
|-boost|p2b: Dondozo|atk|1
|
|-heal|p2b: Dondozo|51/100|[from] item: Leftovers
|upkeep
|turn|4
|
|t:|1757683431
|switch|p1a: Amoonguss|Amoonguss, L50, F|100/100
|move|p1b: Indeedee|Expanding Force|p2a: Tatsugiri|[spread] p2b
|-miss|p1b: Indeedee|p2a: Tatsugiri
|-damage|p2b: Dondozo|8/100
|move|p2b: Dondozo|Earthquake|p1a: Amoonguss|[spread] p1a,p1b
|-miss|p2b: Dondozo|p2a: Tatsugiri
|-damage|p1a: Amoonguss|64/100
|-damage|p1b: Indeedee|0 fnt
|faint|p1b: Indeedee
|
|-heal|p2b: Dondozo|15/100|[from] item: Leftovers
|upkeep
|
|t:|1757683437
|switch|p1b: Incineroar|Incineroar, L50, F|38/100
|-ability|p1b: Incineroar|Intimidate|boost
|-unboost|p2a: Tatsugiri|atk|1
|-unboost|p2b: Dondozo|atk|1
|turn|5
|
|t:|1757683442
|move|p2b: Dondozo|Earthquake|p1b: Incineroar|[spread] p1a,p1b
|-miss|p2b: Dondozo|p2a: Tatsugiri
|-crit|p1a: Amoonguss
|-supereffective|p1b: Incineroar
|-damage|p1a: Amoonguss|24/100
|-damage|p1b: Incineroar|0 fnt
|-enditem|p1a: Amoonguss|Sitrus Berry|[eat]
|-heal|p1a: Amoonguss|49/100|[from] item: Sitrus Berry
|faint|p1b: Incineroar
|move|p1a: Amoonguss|Pollen Puff|p2b: Dondozo
|-supereffective|p2b: Dondozo
|-damage|p2b: Dondozo|0 fnt
|faint|p2b: Dondozo
|
|upkeep
|
|t:|1757683444
|switch|p2b: Clefable|Clefable, L50, F|100/100
|turn|6
|
|t:|1757683466
|move|p2b: Clefable|Follow Me|p2b: Clefable
|-singleturn|p2b: Clefable|move: Follow Me
|move|p2a: Tatsugiri|Draco Meteor|p1a: Amoonguss
|-damage|p1a: Amoonguss|0 fnt
|-unboost|p2a: Tatsugiri|spa|2
|faint|p1a: Amoonguss
|
|win|panqueca25
||GetaJobApplication is ready for game 2.
||panqueca25 is ready for game 2.
|uhtml|next|Next: Game 2 of 3
