|j|☆archaludon_enjoyer
|j|☆Nero1694
|html|archaludon_enjoyerNero1694    
|uhtml|bestof|Game 1 of a best-of-3
|t:|1756180394
|gametype|doubles
|player|p1|archaludon_enjoyer|170|1185
|player|p2|Nero1694|n|1156
|gen|9
|tier|[Gen 9] VGC 2025 Reg H (Bo3)
|rated|
|rule|Species Clause: Limit one of each Pokémon
|rule|Item Clause: Limit 1 of each item
|clearpoke
|poke|p1|Electabuzz, L50, M|
|poke|p1|Basculegion, L50, M|
|poke|p1|Rillaboom, L50, M|
|poke|p1|Kingambit, L50, M|
|poke|p1|Archaludon, L50, M|
|poke|p1|Pelipper, L50, M|
|poke|p2|Tyranitar, L50, F|
|poke|p2|Garchomp, L50, F|
|poke|p2|Salamence, L50, M|
|poke|p2|Incineroar, L50, F|
|poke|p2|Sinistcha-Masterpiece, L50|
|poke|p2|Primarina, L50, F|
|teampreview|4
|showteam|p1|Electabuzz||Eviolite|VitalSpirit|Electroweb,FollowMe,Protect,Taunt|||M|||50|,,,,,Ghost]Basculegion||ChoiceBand|SwiftSwim|WaveCrash,FlipTurn,AquaJet,LastRespects|||M|||50|,,,,,Grass]Rillaboom||LoadedDice|GrassySurge|BulletSeed,HighHorsepower,GrassyGlide,FakeOut|||M|||50|,,,,,Fire]Kingambit||BlackGlasses|Defiant|Protect,KowtowCleave,SwordsDance,SuckerPunch|||M|||50|,,,,,Dark]Archaludon||AssaultVest|Stamina|ElectroShot,BodyPress,FlashCannon,DracoMeteor|||M|||50|,,,,,Fairy]Pelipper||FocusSash|Drizzle|WeatherBall,Hurricane,Protect,Tailwind|||M|||50|,,,,,Ghost
|showteam|p2|Tyranitar||AssaultVest|SandStream|RockSlide,KnockOff,TeraBlast,LowKick|||F|||50|,,,,,Flying]Garchomp||ClearAmulet|RoughSkin|StompingTantrum,DragonClaw,SwordsDance,Protect|||F|||50|,,,,,Fire]Salamence||FocusSash|Intimidate|DracoMeteor,HeatWave,Protect,Tailwind|||M|||50|,,,,,Fire]Incineroar||SafetyGoggles|Intimidate|FlareBlitz,Taunt,PartingShot,FakeOut|||F|||50|,,,,,Ghost]Sinistcha-Masterpiece||SitrusBerry|Hospitality|MatchaGotcha,ShadowBall,RagePowder,TrickRoom||||||50|,,,,,Fairy]Primarina||ThroatSpray|LiquidVoice|HyperVoice,Moonblast,Haze,Protect|||F|||50|,,,,,Poison
|inactive|Battle timer is ON: inactive players will automatically lose when time's up. (requested by Nero1694)
|inactive|archaludon_enjoyer has 60 seconds left.
|
|t:|1756180454
|teamsize|p1|4
|teamsize|p2|4
|start
|switch|p1a: Archaludon|Archaludon, L50, M, shiny|100/100
|switch|p1b: Rillaboom|Rillaboom, L50, M, shiny|100/100
|switch|p2a: Sinistcha|Sinistcha-Masterpiece, L50, shiny|100/100
|switch|p2b: Primarina|Primarina, L50, F, shiny|100/100
|-fieldstart|move: Grassy Terrain|[from] ability: Grassy Surge|[of] p1b: Rillaboom
|turn|1
|inactive|archaludon_enjoyer has 30 seconds left.
|inactive|Nero1694 has 30 seconds left.
|inactive|archaludon_enjoyer has 20 seconds left.
|inactive|Nero1694 has 20 seconds left.
|inactive|Nero1694 has 15 seconds left.
|inactive|Nero1694 has 10 seconds left.
|inactive|Nero1694 has 5 seconds left.
|
|t:|1756180508
|move|p2b: Primarina|Protect|p2b: Primarina
|-singleturn|p2b: Primarina|Protect
|move|p1b: Rillaboom|Grassy Glide|p2b: Primarina
|-activate|p2b: Primarina|move: Protect
|move|p1a: Archaludon|Flash Cannon|p2b: Primarina
|-activate|p2b: Primarina|move: Protect
|move|p2a: Sinistcha|Shadow Ball|p1a: Archaludon
|-damage|p1a: Archaludon|77/100
|-ability|p1a: Archaludon|Stamina|boost
|-boost|p1a: Archaludon|def|1
|
|-heal|p1a: Archaludon|83/100|[from] Grassy Terrain
|upkeep
|turn|2
|inactive|Nero1694 has 30 seconds left.
|
|t:|1756180545
|-terastallize|p2b: Primarina|Poison
|move|p1b: Rillaboom|Bullet Seed|p1a: Archaludon
|-resisted|p1a: Archaludon
|-damage|p1a: Archaludon|81/100
|-ability|p1a: Archaludon|Stamina|boost
|-boost|p1a: Archaludon|def|1
|-resisted|p1a: Archaludon
|-damage|p1a: Archaludon|80/100
|-ability|p1a: Archaludon|Stamina|boost
|-boost|p1a: Archaludon|def|1
|-resisted|p1a: Archaludon
|-damage|p1a: Archaludon|79/100
|-ability|p1a: Archaludon|Stamina|boost
|-boost|p1a: Archaludon|def|1
|-resisted|p1a: Archaludon
|-damage|p1a: Archaludon|78/100
|-ability|p1a: Archaludon|Stamina|boost
|-boost|p1a: Archaludon|def|1
|-hitcount|p1a: Archaludon|4
|move|p1a: Archaludon|Body Press|p2b: Primarina
|-resisted|p2b: Primarina
|-crit|p2b: Primarina
|-damage|p2b: Primarina|34/100
|move|p2a: Sinistcha|Shadow Ball|p1a: Archaludon
|-damage|p1a: Archaludon|53/100
|-ability|p1a: Archaludon|Stamina|boost
|-boost|p1a: Archaludon|def|1
|move|p2b: Primarina|Moonblast|p1a: Archaludon
|-damage|p1a: Archaludon|24/100
|
|-heal|p1a: Archaludon|31/100|[from] Grassy Terrain
|-heal|p2b: Primarina|40/100|[from] Grassy Terrain
|upkeep
|turn|3
|inactive|archaludon_enjoyer has 30 seconds left.
|inactive|Nero1694 has 30 seconds left.
|inactive|archaludon_enjoyer has 20 seconds left.
|
|t:|1756180584
|move|p2b: Primarina|Protect|p2b: Primarina
|-singleturn|p2b: Primarina|Protect
|move|p1b: Rillaboom|High Horsepower|p2b: Primarina
|-activate|p2b: Primarina|move: Protect
|move|p1a: Archaludon|Draco Meteor|p2a: Sinistcha
|-damage|p2a: Sinistcha|34/100
|-unboost|p1a: Archaludon|spa|2
|-enditem|p2a: Sinistcha|Sitrus Berry|[eat]
|-heal|p2a: Sinistcha|59/100|[from] item: Sitrus Berry
|move|p2a: Sinistcha|Trick Room|p2a: Sinistcha
|-fieldstart|move: Trick Room|[of] p2a: Sinistcha
|
|-heal|p2b: Primarina|46/100|[from] Grassy Terrain
|-heal|p2a: Sinistcha|65/100|[from] Grassy Terrain
|-heal|p1a: Archaludon|37/100|[from] Grassy Terrain
|upkeep
|turn|4
|inactive|Nero1694 has 30 seconds left.
|inactive|Nero1694 has 20 seconds left.
|j| teamthief420
|
|t:|1756180623
|switch|p1b: Pelipper|Pelipper, L50, M|100/100
|-weather|RainDance|[from] ability: Drizzle|[of] p1b: Pelipper
|move|p2b: Primarina|Moonblast|p1a: Archaludon
|-damage|p1a: Archaludon|6/100
|move|p2a: Sinistcha|Shadow Ball|p1a: Archaludon
|-crit|p1a: Archaludon
|-damage|p1a: Archaludon|0 fnt
|faint|p1a: Archaludon
|
|-weather|RainDance|[upkeep]
|-heal|p2b: Primarina|52/100|[from] Grassy Terrain
|-heal|p2a: Sinistcha|71/100|[from] Grassy Terrain
|upkeep
|
|t:|1756180634
|switch|p1a: Rillaboom|Rillaboom, L50, M, shiny|100/100
|turn|5
|
|t:|1756180653
|switch|p2b: Godzilla|Tyranitar, L50, F, shiny|100/100
|-weather|Sandstorm|[from] ability: Sand Stream|[of] p2b: Godzilla
|switch|p1b: Basculegion|Basculegion, L50, M, shiny|100/100
|move|p2a: Sinistcha|Matcha Gotcha|p1b: Basculegion|[spread] p1a,p1b
|-resisted|p1a: Rillaboom
|-supereffective|p1b: Basculegion
|-damage|p1a: Rillaboom|83/100
|-heal|p2a: Sinistcha|81/100|[from] drain|[of] p1a: Rillaboom
|-damage|p1b: Basculegion|30/100
|-heal|p2a: Sinistcha|100/100|[from] drain|[of] p1b: Basculegion
|-status|p1b: Basculegion|brn
|move|p1a: Rillaboom|High Horsepower|p2b: Godzilla
|-supereffective|p2b: Godzilla
|-damage|p2b: Godzilla|45/100
|
|-weather|Sandstorm|[upkeep]
|-damage|p2a: Sinistcha|94/100|[from] Sandstorm
|-damage|p1a: Rillaboom|77/100|[from] Sandstorm
|-damage|p1b: Basculegion|24/100 brn|[from] Sandstorm
|-heal|p2a: Sinistcha|100/100|[from] Grassy Terrain
|-heal|p2b: Godzilla|51/100|[from] Grassy Terrain
|-heal|p1a: Rillaboom|83/100|[from] Grassy Terrain
|-heal|p1b: Basculegion|30/100 brn|[from] Grassy Terrain
|-damage|p1b: Basculegion|24/100 brn|[from] brn
|-fieldend|move: Grassy Terrain
|upkeep
|turn|6
|inactive|archaludon_enjoyer has 30 seconds left.
|inactive|Nero1694 has 30 seconds left.
|
|t:|1756180683
|move|p1b: Basculegion|Aqua Jet|p2b: Godzilla
|-supereffective|p2b: Godzilla
|-damage|p2b: Godzilla|22/100
|move|p2a: Sinistcha|Matcha Gotcha|p1a: Rillaboom|[spread] p1a,p1b
|-resisted|p1a: Rillaboom
|-supereffective|p1b: Basculegion
|-damage|p1a: Rillaboom|69/100
|-damage|p1b: Basculegion|0 fnt
|-status|p1a: Rillaboom|brn
|faint|p1b: Basculegion
|move|p2b: Godzilla|Knock Off|p1a: Rillaboom
|-damage|p1a: Rillaboom|12/100 brn
|-enditem|p1a: Rillaboom|Loaded Dice|[from] move: Knock Off|[of] p2b: Godzilla
|move|p1a: Rillaboom|Grassy Glide|p2b: Godzilla
|-supereffective|p2b: Godzilla
|-damage|p2b: Godzilla|0 fnt
|faint|p2b: Godzilla
|
|-weather|Sandstorm|[upkeep]
|-damage|p2a: Sinistcha|94/100|[from] Sandstorm
|-damage|p1a: Rillaboom|6/100 brn|[from] Sandstorm
|-damage|p1a: Rillaboom|0 fnt|[from] brn
|faint|p1a: Rillaboom
|upkeep
|-message|archaludon_enjoyer forfeited.
|
|win|Nero1694
||archaludon_enjoyer is ready for game 2.
||Nero1694 is ready for game 2.
|uhtml|next|Next: Game 2 of 3
|l| teamthief420
|l|☆Nero1694
|player|p2|
