|j|☆precisiondepicasso
|j|☆Aeon_Twins
|html|precisiondepicassoAeon_Twins    
|uhtml|bestof|Game 1 of a best-of-3
|t:|1782418740
|gametype|doubles
|player|p1|precisiondepicasso|cyclistf-gen4|1195
|player|p2|Aeon_Twins|n|1270
|gen|9
|tier|[Gen 9 Champions] VGC 2026 Reg M-B (Bo3)
|rated|
|rule|Species Clause: Limit one of each Pokémon
|rule|Item Clause: Limit 1 of each item
|clearpoke
|poke|p1|Aerodactyl, L50, M|
|poke|p1|Garchomp, L50, F|
|poke|p1|Kingambit, L50, F|
|poke|p1|Charizard, L50, M|
|poke|p1|Sylveon, L50, M|
|poke|p1|Farigiraf, L50, F|
|poke|p2|Raichu, L50, M|
|poke|p2|Mawile, L50, F|
|poke|p2|Sinistcha, L50|
|poke|p2|Ceruledge, L50, M|
|poke|p2|Milotic, L50, F|
|poke|p2|Incineroar, L50, M|
|teampreview|4
|showteam|p1|Aerodactyl||Aerodactylite|Unnerve|IceFang,RockSlide,Tailwind,DualWingbeat|Jolly||M|||50|]Garchomp||LifeOrb|RoughSkin|DragonClaw,StompingTantrum,Earthquake,Protect|Jolly||F|||50|]Kingambit||FocusSash|Defiant|SuckerPunch,KowtowCleave,IronHead,LowKick|Adamant||F|||50|]Charizard||CharizarditeY|Blaze|Protect,WeatherBall,HeatWave,SolarBeam|Modest||M|||50|]Sylveon||FairyFeather|Pixilate|Protect,HyperVoice,HyperBeam,QuickAttack|Modest||M|||50|]Farigiraf||SitrusBerry|ArmorTail|TrickRoom,Thunderbolt,Roar,TwinBeam|Bold||F|||50|
|showteam|p2|Raichu||RaichuniteY|LightningRod|ZapCannon,FocusBlast,FakeOut,Protect|Timid||M|||50|]Mawile||Mawilite|HyperCutter|PlayRough,SuckerPunch,SwordsDance,Protect|Adamant||F|||50|]Sinistcha||KasibBerry|Hospitality|MatchaGotcha,LifeDew,RagePowder,Protect|Relaxed|||||50|]Ceruledge||ColburBerry|FlashFire|BitterBlade,ShadowSneak,BulkUp,Protect|Adamant||M|||50|]Milotic||Leftovers|Competitive|MuddyWater,Coil,Hypnosis,Protect|Calm||F|||50|]Incineroar||SitrusBerry|Intimidate|FlareBlitz,ThroatChop,FakeOut,PartingShot|Impish||M|||50|
|inactive|Battle timer is ON: inactive players will automatically lose when time's up. (requested by precisiondepicasso)
|c|☆precisiondepicasso|please these mathcup not again
|c|☆precisiondepicasso|i started with other account to avoid it and i found it again
|c|☆precisiondepicasso|hahahaha
|inactive|precisiondepicasso has 60 seconds left.
|inactive|Aeon_Twins has 60 seconds left.
|inactive|Aeon_Twins has 30 seconds left.
|c|☆Aeon_Twins|i start to use this team 1 hour ago, don't panick ahahahahahah
|inactive|Aeon_Twins has 20 seconds left.
|inactive|Aeon_Twins has 15 seconds left.
|inactive|Aeon_Twins has 10 seconds left.
|inactive|Aeon_Twins has 5 seconds left.
|
|t:|1782418829
|teamsize|p1|4
|teamsize|p2|4
|start
|switch|p1a: Aerodactyl|Aerodactyl, L50, M|100/100
|switch|p1b: Kingambit|Kingambit, L50, F|100/100
|switch|p2a: Ceruledge|Ceruledge, L50, M|100/100
|switch|p2b: Milotic|Milotic, L50, F|100/100
|-ability|p1a: Aerodactyl|Unnerve
|turn|1
|c|☆precisiondepicasso|the other one was worst because had meowscarada scarf
|inactive|precisiondepicasso has 30 seconds left.
|
|t:|1782418855
|detailschange|p1a: Aerodactyl|Aerodactyl-Mega, L50, M
|-mega|p1a: Aerodactyl|Aerodactyl|Aerodactylite
|move|p2a: Ceruledge|Protect|p2a: Ceruledge
|-singleturn|p2a: Ceruledge|Protect
|move|p1a: Aerodactyl|Tailwind|p1a: Aerodactyl
|-sidestart|p1: precisiondepicasso|move: Tailwind
|move|p1b: Kingambit|Kowtow Cleave|p2a: Ceruledge
|-activate|p2a: Ceruledge|move: Protect
|move|p2b: Milotic|Coil|p2b: Milotic
|-boost|p2b: Milotic|atk|1
|-boost|p2b: Milotic|def|1
|-boost|p2b: Milotic|accuracy|1
|
|upkeep
|turn|2
|
|t:|1782418879
|switch|p2a: Sinistcha|Sinistcha, L50|100/100
|move|p1a: Aerodactyl|Rock Slide|p2b: Milotic|[spread] p2b
|-miss|p1a: Aerodactyl|p2a: Sinistcha
|-damage|p2b: Milotic|84/100
|move|p1b: Kingambit|Kowtow Cleave|p2a: Sinistcha
|-supereffective|p2a: Sinistcha|1
|-damage|p2a: Sinistcha|15/100
|move|p2b: Milotic|Coil|p2b: Milotic
|-boost|p2b: Milotic|atk|1
|-boost|p2b: Milotic|def|1
|-boost|p2b: Milotic|accuracy|1
|
|-heal|p2b: Milotic|90/100|[from] item: Leftovers
|upkeep
|turn|3
|inactive|precisiondepicasso has 30 seconds left.
|
|t:|1782418914
|move|p2a: Sinistcha|Protect|p2a: Sinistcha
|-singleturn|p2a: Sinistcha|Protect
|move|p1a: Aerodactyl|Rock Slide|p2b: Milotic|[spread] p2b
|-activate|p2a: Sinistcha|move: Protect
|-damage|p2b: Milotic|78/100
|move|p1b: Kingambit|Iron Head|p2b: Milotic
|-resisted|p2b: Milotic|1
|-damage|p2b: Milotic|67/100
|move|p2b: Milotic|Hypnosis|p1b: Kingambit
|-status|p1b: Kingambit|slp|[from] move: Hypnosis
|
|-heal|p2b: Milotic|73/100|[from] item: Leftovers
|upkeep
|turn|4
|
|t:|1782418932
|switch|p2a: Raichu|Raichu, L50, M|100/100
|move|p1a: Aerodactyl|Rock Slide|p2b: Milotic|[spread] p2a,p2b
|-damage|p2a: Raichu|63/100
|-damage|p2b: Milotic|62/100
|cant|p1b: Kingambit|slp
|cant|p2b: Milotic|flinch
|
|-heal|p2b: Milotic|68/100|[from] item: Leftovers
|-sideend|p1: precisiondepicasso|move: Tailwind
|upkeep
|turn|5
|
|t:|1782418952
|switch|p1a: Farigiraf|Farigiraf, L50, F|100/100
|detailschange|p2a: Raichu|Raichu-Mega-Y, L50, M
|-mega|p2a: Raichu|Raichu|Raichunite Y
|move|p2a: Raichu|Focus Blast|p1b: Kingambit
|-supereffective|p1b: Kingambit|2
|-enditem|p1b: Kingambit|Focus Sash
|-damage|p1b: Kingambit|1/100 slp
|move|p2b: Milotic|Muddy Water|p1a: Farigiraf|[spread] p1a,p1b
|-damage|p1a: Farigiraf|76/100
|-damage|p1b: Kingambit|0 fnt
|faint|p1b: Kingambit
|
|-heal|p2b: Milotic|74/100|[from] item: Leftovers
|upkeep
|
|t:|1782418966
|switch|p1b: Aerodactyl|Aerodactyl-Mega, L50, M|100/100
|turn|6
|
|t:|1782418978
|move|p1b: Aerodactyl|Tailwind|p1b: Aerodactyl
|-sidestart|p1: precisiondepicasso|move: Tailwind
|move|p2a: Raichu|Zap Cannon|p1b: Aerodactyl
|-supereffective|p1b: Aerodactyl|1
|-crit|p1b: Aerodactyl
|-damage|p1b: Aerodactyl|0 fnt
|faint|p1b: Aerodactyl
|move|p1a: Farigiraf|Thunderbolt|p2b: Milotic
|-supereffective|p2b: Milotic|1
|-damage|p2b: Milotic|46/100
|move|p2b: Milotic|Muddy Water|p1a: Farigiraf
|-damage|p1a: Farigiraf|45/100
|-unboost|p1a: Farigiraf|accuracy|1
|-enditem|p1a: Farigiraf|Sitrus Berry|[eat]
|-heal|p1a: Farigiraf|70/100|[from] item: Sitrus Berry
|
|-heal|p2b: Milotic|51/100|[from] item: Leftovers
|upkeep
|
|t:|1782418995
|switch|p1b: Garchomp|Garchomp, L50, F|100/100
|turn|7
|
|t:|1782419013
|switch|p2a: Sinistcha|Sinistcha, L50|15/100
|-heal|p2b: Milotic|76/100|[from] ability: Hospitality|[of] p2a: Sinistcha
|move|p1b: Garchomp|Dragon Claw|p2b: Milotic
|-damage|p2b: Milotic|55/100
|-damage|p1b: Garchomp|90/100|[from] item: Life Orb
|move|p1a: Farigiraf|Thunderbolt|p2b: Milotic
|-supereffective|p2b: Milotic|1
|-damage|p2b: Milotic|23/100
|move|p2b: Milotic|Hypnosis|p1a: Farigiraf
|-status|p1a: Farigiraf|slp|[from] move: Hypnosis
|
|-heal|p2b: Milotic|29/100|[from] item: Leftovers
|upkeep
|turn|8
|inactive|precisiondepicasso has 30 seconds left.
|
|t:|1782419043
|move|p1b: Garchomp|Stomping Tantrum|p2a: Sinistcha
|-resisted|p2a: Sinistcha|1
|-damage|p2a: Sinistcha|0 fnt
|faint|p2a: Sinistcha
|-damage|p1b: Garchomp|80/100|[from] item: Life Orb
|cant|p1a: Farigiraf|slp
|move|p2b: Milotic|Muddy Water|p1a: Farigiraf|[spread] p1a,p1b
|-damage|p1a: Farigiraf|48/100 slp
|-damage|p1b: Garchomp|56/100
|
|-heal|p2b: Milotic|35/100|[from] item: Leftovers
|upkeep
|
|t:|1782419051
|switch|p2a: Ceruledge|Ceruledge, L50, M|100/100
|turn|9
|
|t:|1782419059
|move|p2a: Ceruledge|Protect|p2a: Ceruledge
|-singleturn|p2a: Ceruledge|Protect
|move|p1b: Garchomp|Stomping Tantrum|p2a: Ceruledge
|-activate|p2a: Ceruledge|move: Protect
|cant|p1a: Farigiraf|slp
|move|p2b: Milotic|Muddy Water|p1a: Farigiraf|[spread] p1a,p1b
|-damage|p1a: Farigiraf|26/100 slp
|-damage|p1b: Garchomp|30/100
|
|-heal|p2b: Milotic|41/100|[from] item: Leftovers
|-sideend|p1: precisiondepicasso|move: Tailwind
|upkeep
|turn|10
|
|t:|1782419071
|move|p1b: Garchomp|Stomping Tantrum|p2a: Ceruledge
|-supereffective|p2a: Ceruledge|1
|-damage|p2a: Ceruledge|0 fnt
|faint|p2a: Ceruledge
|-damage|p1b: Garchomp|21/100|[from] item: Life Orb
|move|p2b: Milotic|Muddy Water|p1b: Garchomp|[spread] p1a,p1b
|-damage|p1a: Farigiraf|3/100 slp
|-damage|p1b: Garchomp|0 fnt
|faint|p1b: Garchomp
|-curestatus|p1a: Farigiraf|slp|[msg]
|move|p1a: Farigiraf|Thunderbolt|p2b: Milotic|[miss]
|-miss|p1a: Farigiraf|p2b: Milotic
|
|-heal|p2b: Milotic|47/100|[from] item: Leftovers
|upkeep
|
|t:|1782419075
|switch|p2a: Raichu|Raichu-Mega-Y, L50, M|63/100
|turn|11
|-message|precisiondepicasso forfeited.
|
|win|Aeon_Twins
||Aeon_Twins is ready for game 2.
||precisiondepicasso is ready for game 2.
|uhtml|next|Next: Game 2 of 3
|l|☆Aeon_Twins
|player|p2|
