|j|☆gundi8
|j|☆Sapillo
|html|gundi8Sapillo    
|uhtml|bestof|Game 1 of a best-of-3
|t:|1756245315
|gametype|doubles
|player|p1|gundi8|ethan-gen2|1163
|player|p2|Sapillo|1|1203
|gen|9
|tier|[Gen 9] VGC 2025 Reg H (Bo3)
|rated|
|rule|Species Clause: Limit one of each Pokémon
|rule|Item Clause: Limit 1 of each item
|clearpoke
|poke|p1|Garchomp, L50, M|
|poke|p1|Jumpluff, L50, F|
|poke|p1|Torkoal, L50, M|
|poke|p1|Dragonite, L50, F|
|poke|p1|Kingambit, L50, F|
|poke|p1|Typhlosion-Hisui, L50, M|
|poke|p2|Tyranitar, L50, M|
|poke|p2|Excadrill, L50, F|
|poke|p2|Dragonite, L50, F|
|poke|p2|Incineroar, L50, F|
|poke|p2|Amoonguss, L50, M|
|poke|p2|Primarina, L50, M|
|teampreview|4
|showteam|p1|Garchomp||LifeOrb|RoughSkin|DragonClaw,StompingTantrum,Earthquake,Protect|||M|||50|,,,,,Fire]Jumpluff||CovertCloak|Chlorophyll|LeafStorm,SleepPowder,Encore,Tailwind|||F|||50|,,,,,Dark]Torkoal||EjectPack|Drought|Overheat,BurningJealousy,HelpingHand,Protect|||M|||50|,,,,,Flying]Dragonite||LoadedDice|Multiscale|ScaleShot,ExtremeSpeed,Haze,Protect|||F|||50|,,,,,Fairy]Kingambit||AssaultVest|Defiant|IronHead,SuckerPunch,Assurance,LowKick|||F|||50|,,,,,Flying]Typhlosion-Hisui||ChoiceSpecs|Blaze|Eruption,ShadowBall,HeatWave,Overheat|||M|||50|,,,,,Fire
|showteam|p2|Tyranitar||AssaultVest|SandStream|RockSlide,KnockOff,LowKick,TeraBlast|||M|||50|,,,,,Flying]Excadrill||ClearAmulet|SandRush|IronHead,HighHorsepower,Earthquake,Protect|||F|||50|,,,,,Stellar]Dragonite||LoadedDice|Multiscale|ScaleShot,Haze,Tailwind,Protect|||F|||50|,,,,,Fairy]Incineroar||SafetyGoggles|Intimidate|FakeOut,KnockOff,Taunt,PartingShot|||F|||50|,,,,,Ghost]Amoonguss||SitrusBerry|Regenerator|GigaDrain,Spore,RagePowder,Protect|||M|||50|,,,,,Water]Primarina||ChoiceSpecs|LiquidVoice|Moonblast,HyperVoice,DazzlingGleam,IcyWind|||M|||50|,,,,,Poison
|inactive|Battle timer is ON: inactive players will automatically lose when time's up. (requested by gundi8)
|inactive|gundi8 has 60 seconds left.
|inactive|Sapillo has 60 seconds left.
|inactive|Sapillo has 30 seconds left.
|inactive|Sapillo has 20 seconds left.
|inactive|Sapillo has 15 seconds left.
|inactive|Sapillo has 10 seconds left.
|
|t:|1756245400
|teamsize|p1|4
|teamsize|p2|4
|start
|switch|p1a: Kingambit|Kingambit, L50, F|100/100
|switch|p1b: Jumpluff|Jumpluff, L50, F|100/100
|switch|p2a: Primarina|Primarina, L50, M|100/100
|switch|p2b: Dragonite|Dragonite, L50, F|100/100
|turn|1
|
|t:|1756245422
|move|p1b: Jumpluff|Tailwind|p1b: Jumpluff
|-sidestart|p1: gundi8|move: Tailwind
|move|p1a: Kingambit|Iron Head|p2a: Primarina
|-damage|p2a: Primarina|33/100
|move|p2b: Dragonite|Tailwind|p2b: Dragonite
|-sidestart|p2: Sapillo|move: Tailwind
|move|p2a: Primarina|Moonblast|p1b: Jumpluff
|-damage|p1b: Jumpluff|32/100
|
|upkeep
|turn|2
|
|t:|1756245438
|move|p1b: Jumpluff|Sleep Powder|p2b: Dragonite
|-status|p2b: Dragonite|slp|[from] move: Sleep Powder
|cant|p2b: Dragonite|slp
|move|p2a: Primarina|Moonblast|p1a: Kingambit
|-damage|p1a: Kingambit|54/100
|move|p1a: Kingambit|Iron Head|p2a: Primarina
|-damage|p2a: Primarina|0 fnt
|faint|p2a: Primarina
|
|upkeep
|
|t:|1756245449
|switch|p2a: Tyranitar|Tyranitar, L50, M|100/100
|-weather|Sandstorm|[from] ability: Sand Stream|[of] p2a: Tyranitar
|turn|3
|
|t:|1756245467
|-terastallize|p2a: Tyranitar|Flying
|move|p1b: Jumpluff|Encore|p2b: Dragonite
|-start|p2b: Dragonite|Encore
|cant|p2b: Dragonite|slp
|move|p1a: Kingambit|Low Kick|p2a: Tyranitar
|-resisted|p2a: Tyranitar
|-damage|p2a: Tyranitar|83/100
|move|p2a: Tyranitar|Low Kick|p1a: Kingambit
|-supereffective|p1a: Kingambit
|-damage|p1a: Kingambit|0 fnt
|faint|p1a: Kingambit
|
|-weather|Sandstorm|[upkeep]
|-damage|p1b: Jumpluff|26/100|[from] Sandstorm
|-damage|p2b: Dragonite|95/100 slp|[from] Sandstorm
|-damage|p2a: Tyranitar|77/100|[from] Sandstorm
|upkeep
|
|t:|1756245478
|switch|p1a: Garchomp|Garchomp, L50, M|100/100
|turn|4
|
|t:|1756245485
|switch|p2b: Incineroar|Incineroar, L50, F|100/100
|-ability|p2b: Incineroar|Intimidate|boost
|-unboost|p1a: Garchomp|atk|1
|-unboost|p1b: Jumpluff|atk|1
|move|p1a: Garchomp|Dragon Claw|p2b: Incineroar
|-damage|p2b: Incineroar|72/100
|-damage|p1a: Garchomp|91/100|[from] item: Life Orb
|move|p1b: Jumpluff|Sleep Powder|p2a: Tyranitar
|-status|p2a: Tyranitar|slp|[from] move: Sleep Powder
|cant|p2a: Tyranitar|slp
|
|-weather|Sandstorm|[upkeep]
|-damage|p1b: Jumpluff|20/100|[from] Sandstorm
|-damage|p2a: Tyranitar|72/100 slp|[from] Sandstorm
|-sideend|p2: Sapillo|move: Tailwind
|-sideend|p1: gundi8|move: Tailwind
|upkeep
|turn|5
|
|t:|1756245505
|switch|p1a: Torkoal|Torkoal, L50, M, shiny|100/100
|-weather|SunnyDay|[from] ability: Drought|[of] p1a: Torkoal
|move|p2b: Incineroar|Fake Out|p1b: Jumpluff
|-damage|p1b: Jumpluff|7/100
|move|p1b: Jumpluff|Encore|p2b: Incineroar
|-start|p2b: Incineroar|Encore
|cant|p2a: Tyranitar|slp
|
|-weather|SunnyDay|[upkeep]
|upkeep
|turn|6
|
|t:|1756245525
|switch|p2b: Dragonite|Dragonite, L50, F|95/100 slp
|move|p1b: Jumpluff|Tailwind|p1b: Jumpluff
|-sidestart|p1: gundi8|move: Tailwind
|cant|p2a: Tyranitar|slp
|move|p1a: Torkoal|Overheat|p2a: Tyranitar|[miss]
|-miss|p1a: Torkoal|p2a: Tyranitar
|
|-weather|SunnyDay|[upkeep]
|upkeep
|turn|7
|
|t:|1756245546
|switch|p2a: Incineroar|Incineroar, L50, F|72/100
|-ability|p2a: Incineroar|Intimidate|boost
|-unboost|p1a: Torkoal|atk|1
|-unboost|p1b: Jumpluff|atk|1
|-enditem|p1a: Torkoal|Eject Pack
|
|t:|1756245549
|switch|p1a: Garchomp|Garchomp, L50, M|91/100
|move|p1b: Jumpluff|Leaf Storm|p2a: Incineroar|[miss]
|-miss|p1b: Jumpluff|p2a: Incineroar
|cant|p2b: Dragonite|slp
|
|-weather|SunnyDay|[upkeep]
|upkeep
|turn|8
|
|t:|1756245571
|move|p1a: Garchomp|Protect|p1a: Garchomp
|-singleturn|p1a: Garchomp|Protect
|move|p2a: Incineroar|Fake Out|p1a: Garchomp
|-activate|p1a: Garchomp|move: Protect
|move|p1b: Jumpluff|Encore|p2a: Incineroar
|-start|p2a: Incineroar|Encore
|-curestatus|p2b: Dragonite|slp|[msg]
|move|p2b: Dragonite|Scale Shot|p1b: Jumpluff
|-damage|p1b: Jumpluff|0 fnt
|faint|p1b: Jumpluff
|-hitcount|p1: Jumpluff|1
|-unboost|p2b: Dragonite|def|1
|-boost|p2b: Dragonite|spe|1
|
|-weather|SunnyDay|[upkeep]
|upkeep
|
|t:|1756245573
|switch|p1b: Torkoal|Torkoal, L50, M, shiny|100/100
|turn|9
|
|t:|1756245588
|switch|p2a: Tyranitar|Tyranitar, L50, M, tera:Flying|72/100 slp
|-weather|Sandstorm|[from] ability: Sand Stream|[of] p2a: Tyranitar
|move|p1b: Torkoal|Helping Hand|p1a: Garchomp
|-singleturn|p1a: Garchomp|Helping Hand|[of] p1b: Torkoal
|move|p2b: Dragonite|Protect|p2b: Dragonite
|-singleturn|p2b: Dragonite|Protect
|move|p1a: Garchomp|Dragon Claw|p2b: Dragonite
|-activate|p2b: Dragonite|move: Protect
|
|-weather|Sandstorm|[upkeep]
|-damage|p2b: Dragonite|89/100|[from] Sandstorm
|-damage|p2a: Tyranitar|66/100 slp|[from] Sandstorm
|-damage|p1b: Torkoal|95/100|[from] Sandstorm
|-sideend|p1: gundi8|move: Tailwind
|upkeep
|turn|10
|
|t:|1756245604
|move|p1b: Torkoal|Helping Hand|p1a: Garchomp
|-singleturn|p1a: Garchomp|Helping Hand|[of] p1b: Torkoal
|move|p2b: Dragonite|Scale Shot|p1a: Garchomp
|-supereffective|p1a: Garchomp
|-damage|p1a: Garchomp|60/100
|-supereffective|p1a: Garchomp
|-damage|p1a: Garchomp|29/100
|-supereffective|p1a: Garchomp
|-damage|p1a: Garchomp|0 fnt
|faint|p1a: Garchomp
|-hitcount|p1: Garchomp|3
|-unboost|p2b: Dragonite|def|1
|-boost|p2b: Dragonite|spe|1
|-curestatus|p2a: Tyranitar|slp|[msg]
|move|p2a: Tyranitar|Rock Slide|p1b: Torkoal
|-supereffective|p1b: Torkoal
|-damage|p1b: Torkoal|32/100
|
|-weather|Sandstorm|[upkeep]
|-damage|p2b: Dragonite|83/100|[from] Sandstorm
|-damage|p2a: Tyranitar|60/100|[from] Sandstorm
|-damage|p1b: Torkoal|26/100|[from] Sandstorm
|upkeep
|turn|11
|-message|gundi8 forfeited.
|
|win|Sapillo
||Sapillo is ready for game 2.
