|j|‚ėÜRegionalModeSlow
|j|‚ėÜivanthesaxophonist
|html|RegionalModeSlowivanthesaxophonist    
|uhtml|bestof|Game 3 of a best-of-3
|t:|1756353247
|gametype|doubles
|player|p1|RegionalModeSlow|birdkeeper-gen4dp|1164
|player|p2|ivanthesaxophonist|acetrainer-gen4dp|1076
|gen|9
|tier|[Gen 9] VGC 2025 Reg H (Bo3)
|rated|
|rule|Species Clause: Limit one of each Pok√©mon
|rule|Item Clause: Limit 1 of each item
|clearpoke
|poke|p1|Noivern, L50, M|
|poke|p1|Weezing-Galar, L50, M|
|poke|p1|Gholdengo, L50|
|poke|p1|Garchomp, L50, M|
|poke|p1|Annihilape, L50, M|
|poke|p1|Magmar, L50, M|
|poke|p2|Incineroar, L50, F|
|poke|p2|Rillaboom, L50, M|
|poke|p2|Milotic, L50, M|
|poke|p2|Gholdengo, L50|
|poke|p2|Grimmsnarl, L50, M|
|poke|p2|Dragonite, L50, M|
|teampreview|4
|showteam|p1|Noivern||CovertCloak|Telepathy|AirSlash,SuperFang,Tailwind,Taunt|||M|||50|,,,,,Steel]Weezing-Galar||ChoiceSpecs|NeutralizingGas|DazzlingGleam,SludgeBomb,StrangeSteam,Flamethrower|||M|||50|,,,,,Flying]Gholdengo||MetalCoat|GoodasGold|MakeItRain,ShadowBall,NastyPlot,Protect||||||50|,,,,,Flying]Garchomp||LifeOrb|RoughSkin|DragonClaw,Earthquake,StompingTantrum,Protect|||M|||50|,,,,,Ground]Annihilape||AssaultVest|Defiant|CloseCombat,ShadowClaw,FinalGambit,Uturn|||M|||50|,,,,,Stellar]Magmar||Eviolite|VitalSpirit|HeatWave,WillOWisp,FollowMe,Protect|||M|||50|,,,,,Ghost
|showteam|p2|Incineroar||SafetyGoggles|Intimidate|FlareBlitz,KnockOff,FakeOut,PartingShot|||F|||50|,,,,,Ghost]Rillaboom||AssaultVest|GrassySurge|FakeOut,GrassyGlide,WoodHammer,HighHorsepower|||M|||50|,,,,,Water]Milotic||Leftovers|Competitive|Scald,IcyWind,AlluringVoice,Protect|||M|||50|,,,,,Grass]Gholdengo||LifeOrb|GoodasGold|ShadowBall,MakeItRain,NastyPlot,Protect||||||50|,,,,,Water]Grimmsnarl||LightClay|Prankster|SpiritBreak,ThroatChop,LightScreen,Reflect|||M|||50|,,,,,Ghost]Dragonite||LoadedDice|Multiscale|ExtremeSpeed,ScaleShot,Tailwind,Protect|||M|||50|,,,,,Steel
|inactive|Battle timer is ON: inactive players will automatically lose when time's up. (requested by ivanthesaxophonist)
|inactive|RegionalModeSlow has 60 seconds left.
|
|t:|1756353297
|teamsize|p1|4
|teamsize|p2|4
|start
|switch|p1a: V√§in√§m√∂inen|Annihilape, L50, M, shiny|100/100
|switch|p1b: Ozzy|Noivern, L50, M|100/100
|switch|p2a: Grimmsnarl|Grimmsnarl, L50, M|100/100
|switch|p2b: Gholdengo|Gholdengo, L50|100/100
|turn|1
|
|t:|1756353321
|switch|p2b: Rillaboom|Rillaboom, L50, M|100/100
|-fieldstart|move: Grassy Terrain|[from] ability: Grassy Surge|[of] p2b: Rillaboom
|move|p2a: Grimmsnarl|Reflect|p2a: Grimmsnarl
|-sidestart|p2: ivanthesaxophonist|Reflect
|move|p1b: Ozzy|Taunt|p2a: Grimmsnarl
|-start|p2a: Grimmsnarl|move: Taunt
|move|p1a: V√§in√§m√∂inen|Final Gambit|p2b: Rillaboom
|-damage|p2b: Rillaboom|0 fnt
|faint|p1a: V√§in√§m√∂inen
|faint|p2b: Rillaboom
|
|upkeep
|
|t:|1756353335
|switch|p1a: Bl√•haj|Garchomp, L50, M|100/100
|switch|p2b: Gholdengo|Gholdengo, L50|100/100
|turn|2
|inactive|ivanthesaxophonist has 30 seconds left.
|
|t:|1756353363
|switch|p2b: Milotic|Milotic, L50, M|100/100
|-terastallize|p1a: Bl√•haj|Ground
|move|p1b: Ozzy|Super Fang|p2b: Milotic
|-damage|p2b: Milotic|50/100
|move|p1a: Bl√•haj|Stomping Tantrum|p2b: Milotic
|-damage|p2b: Milotic|13/100
|-damage|p1a: Bl√•haj|91/100|[from] item: Life Orb
|move|p2a: Grimmsnarl|Spirit Break|p1a: Bl√•haj
|-crit|p1a: Bl√•haj
|-damage|p1a: Bl√•haj|33/100
|-unboost|p1a: Bl√•haj|spa|1
|-damage|p2a: Grimmsnarl|88/100|[from] ability: Rough Skin|[of] p1a: Bl√•haj
|
|-heal|p1a: Bl√•haj|39/100|[from] Grassy Terrain
|-heal|p2b: Milotic|19/100|[from] Grassy Terrain
|-heal|p2b: Milotic|25/100|[from] item: Leftovers
|-heal|p2a: Grimmsnarl|94/100|[from] Grassy Terrain
|upkeep
|turn|3
|inactive|ivanthesaxophonist has 30 seconds left.
|
|t:|1756353389
|switch|p1a: PurpleūüíúHaze|Weezing-Galar, L50, M|100/100
|-ability|p1a: PurpleūüíúHaze|Neutralizing Gas
|move|p2b: Milotic|Protect|p2b: Milotic
|-singleturn|p2b: Milotic|Protect
|move|p1b: Ozzy|Tailwind|p1b: Ozzy
|-sidestart|p1: RegionalModeSlow|move: Tailwind
|move|p2a: Grimmsnarl|Throat Chop|p1a: PurpleūüíúHaze
|-resisted|p1a: PurpleūüíúHaze
|-damage|p1a: PurpleūüíúHaze|80/100
|-start|p1a: PurpleūüíúHaze|Throat Chop|[silent]
|
|-heal|p1a: PurpleūüíúHaze|86/100|[from] Grassy Terrain
|-heal|p2b: Milotic|31/100|[from] Grassy Terrain
|-heal|p2b: Milotic|37/100|[from] item: Leftovers
|-heal|p2a: Grimmsnarl|99/100|[from] Grassy Terrain
|upkeep
|turn|4
|inactive|ivanthesaxophonist has 30 seconds left.
|
|t:|1756353415
|move|p1b: Ozzy|Super Fang|p2b: Milotic
|-damage|p2b: Milotic|19/100
|move|p1a: PurpleūüíúHaze|Dazzling Gleam|p2b: Milotic|[spread] p2a,p2b
|-supereffective|p2a: Grimmsnarl
|-damage|p2a: Grimmsnarl|17/100
|-damage|p2b: Milotic|0 fnt
|faint|p2b: Milotic
|move|p2a: Grimmsnarl|Spirit Break|p1b: Ozzy
|-supereffective|p1b: Ozzy
|-damage|p1b: Ozzy|14/100
|
|-heal|p1a: PurpleūüíúHaze|91/100|[from] Grassy Terrain
|-heal|p2a: Grimmsnarl|23/100|[from] Grassy Terrain
|-end|p2a: Grimmsnarl|move: Taunt
|-end|p1a: PurpleūüíúHaze|Throat Chop|[silent]
|upkeep
|
|t:|1756353427
|switch|p2b: Gholdengo|Gholdengo, L50|100/100
|turn|5
|
|t:|1756353436
|move|p1b: Ozzy|Air Slash|p2b: Gholdengo
|-resisted|p2b: Gholdengo
|-damage|p2b: Gholdengo|86/100
|move|p1a: PurpleūüíúHaze|Dazzling Gleam|p2b: Gholdengo|[spread] p2a,p2b
|-supereffective|p2a: Grimmsnarl
|-resisted|p2b: Gholdengo
|-damage|p2a: Grimmsnarl|0 fnt
|-damage|p2b: Gholdengo|64/100
|faint|p2a: Grimmsnarl
|move|p2b: Gholdengo|Make It Rain|p1b: Ozzy|[spread] p1a,p1b
|-supereffective|p1a: PurpleūüíúHaze
|-damage|p1a: PurpleūüíúHaze|0 fnt
|-damage|p1b: Ozzy|0 fnt
|-unboost|p2b: Gholdengo|spa|1
|faint|p1a: PurpleūüíúHaze
|-end|p1a: PurpleūüíúHaze|ability: Neutralizing Gas
|faint|p1b: Ozzy
|-damage|p2b: Gholdengo|54/100|[from] item: Life Orb
|
|-heal|p2b: Gholdengo|60/100|[from] Grassy Terrain
|-fieldend|move: Grassy Terrain
|upkeep
|
|t:|1756353439
|switch|p1b: Bl√•haj|Garchomp, L50, M, tera:Ground|39/100
|turn|6
|
|t:|1756353454
|move|p2b: Gholdengo|Protect|p2b: Gholdengo
|-singleturn|p2b: Gholdengo|Protect
|move|p1b: Bl√•haj|Earthquake|p2b: Gholdengo
|-activate|p2b: Gholdengo|move: Protect
|
|-sideend|p1: RegionalModeSlow|move: Tailwind
|upkeep
|turn|7
|
|t:|1756353463
|-terastallize|p2b: Gholdengo|Water
|move|p1b: Bl√•haj|Earthquake|p2b: Gholdengo
|-damage|p2b: Gholdengo|0 fnt
|faint|p2b: Gholdengo
|-damage|p1b: Bl√•haj|30/100|[from] item: Life Orb
|
|win|RegionalModeSlow
|raw|RegionalModeSlow's rating: 1164 → 1183(+19 for winning)
|raw|ivanthesaxophonist's rating: 1076 → 1060(-16 for losing)
|l|‚ėÜivanthesaxophonist
|player|p2|
