|j|☆MidoMidori
|j|☆MatteoMabl
|html|MidoMidoriMatteoMabl    
|uhtml|bestof|Game 1 of a best-of-3
|t:|1756215299
|gametype|doubles
|player|p1|MidoMidori|roxanne-gen6|1264
|player|p2|MatteoMabl|101|1148
|gen|9
|tier|[Gen 9] VGC 2025 Reg H (Bo3)
|rated|
|rule|Species Clause: Limit one of each Pokémon
|rule|Item Clause: Limit 1 of each item
|clearpoke
|poke|p1|Sneasler, L50, M|
|poke|p1|Indeedee, L50, M|
|poke|p1|Volcarona, L50, M|
|poke|p1|Ursaluna-Bloodmoon, L50, M|
|poke|p1|Annihilape, L50, M|
|poke|p1|Tyranitar, L50, M|
|poke|p2|Indeedee, L50, M|
|poke|p2|Talonflame, L50, M|
|poke|p2|Ursaluna-Bloodmoon, L50, M|
|poke|p2|Sneasler, L50, M|
|poke|p2|Chandelure, L50, F|
|poke|p2|Electabuzz, L50, F|
|teampreview|4
|showteam|p1|Sneasler||PsychicSeed|Unburden|CloseCombat,DireClaw,ThroatChop,Protect|||M|||50|,,,,,Dark]Indeedee||ChoiceScarf|PsychicSurge|ExpandingForce,TeraBlast,Trick,Protect|||M|||50|,,,,,Psychic]Volcarona||SitrusBerry|FlameBody|Overheat,StruggleBug,RagePowder,Tailwind|||M|||50|,,,,,Grass]Ursaluna-Bloodmoon||LifeOrb|MindsEye|BloodMoon,HyperVoice,EarthPower,Protect|||M|||50|,,,,,Normal]Annihilape||SafetyGoggles|Defiant|CloseCombat,RageFist,Taunt,FinalGambit|||M|||50|,,,,,Fairy]Tyranitar||AssaultVest|SandStream|RockSlide,KnockOff,TeraBlast,LowKick|||M|||50|,,,,,Flying
|showteam|p2|Indeedee||FocusSash|PsychicSurge|ExpandingForce,Protect,HelpingHand,TrickRoom|||M|||50|,,,,,Psychic]Talonflame||CovertCloak|GaleWings|DualWingbeat,FlareBlitz,Tailwind,WillOWisp|||M|||50|,,,,,Stellar]Ursaluna-Bloodmoon||LifeOrb|MindsEye|BloodMoon,HyperVoice,EarthPower,Protect|||M|||50|,,,,,Normal]Sneasler||PsychicSeed|Unburden|DireClaw,CloseCombat,ThroatChop,Protect|||M|||50|,,,,,Dark]Chandelure||Charcoal|FlashFire|HeatWave,ShadowBall,Haze,TrickRoom|||F|||50|,,,,,Grass]Electabuzz||Eviolite|VitalSpirit|Electroweb,Protect,Taunt,FollowMe|||F|||50|,,,,,Fairy
|
|t:|1756215386
|teamsize|p1|4
|teamsize|p2|4
|start
|switch|p1a: Ursaluna|Ursaluna-Bloodmoon, L50, M|100/100
|switch|p1b: Volcarona|Volcarona, L50, M|100/100
|switch|p2a: Sneasler|Sneasler, L50, M|100/100
|switch|p2b: Electabuzz|Electabuzz, L50, F|100/100
|turn|1
|inactive|Battle timer is ON: inactive players will automatically lose when time's up. (requested by MatteoMabl)
|inactive|MidoMidori has 60 seconds left.
|
|t:|1756215422
|move|p2a: Sneasler|Protect|p2a: Sneasler
|-singleturn|p2a: Sneasler|Protect
|move|p1b: Volcarona|Rage Powder|p1b: Volcarona
|-singleturn|p1b: Volcarona|move: Rage Powder
|move|p2b: Electabuzz|Taunt|p1b: Volcarona
|-start|p1b: Volcarona|move: Taunt
|move|p1a: Ursaluna|Earth Power|p2b: Electabuzz
|-supereffective|p2b: Electabuzz
|-damage|p2b: Electabuzz|0 fnt
|faint|p2b: Electabuzz
|-damage|p1a: Ursaluna|91/100|[from] item: Life Orb
|
|upkeep
|
|t:|1756215437
|switch|p2b: Talonflame|Talonflame, L50, M|100/100
|turn|2
|
|t:|1756215458
|switch|p1a: Indeedee|Indeedee, L50, M|100/100
|-fieldstart|move: Psychic Terrain|[from] ability: Psychic Surge|[of] p1a: Indeedee
|-enditem|p2a: Sneasler|Psychic Seed
|-boost|p2a: Sneasler|spd|1|[from] item: Psychic Seed
|move|p2b: Talonflame|Dual Wingbeat|p1b: Volcarona
|-activate|p1b: Volcarona|move: Psychic Terrain
|move|p2a: Sneasler|Close Combat|p1a: Indeedee
|-damage|p1a: Indeedee|0 fnt
|-unboost|p2a: Sneasler|def|1
|-unboost|p2a: Sneasler|spd|1
|faint|p1a: Indeedee
|move|p1b: Volcarona|Overheat|p2a: Sneasler
|-damage|p2a: Sneasler|17/100
|-unboost|p1b: Volcarona|spa|2
|
|upkeep
|
|t:|1756215463
|switch|p1a: Sneasler|Sneasler, L50, M|100/100
|-enditem|p1a: Sneasler|Psychic Seed
|-boost|p1a: Sneasler|spd|1|[from] item: Psychic Seed
|turn|3
|inactive|MatteoMabl has 30 seconds left.
|
|t:|1756215488
|move|p2a: Sneasler|Protect|p2a: Sneasler
|-singleturn|p2a: Sneasler|Protect
|move|p1a: Sneasler|Dire Claw|p2a: Sneasler
|-activate|p2a: Sneasler|move: Protect
|move|p2b: Talonflame|Will-O-Wisp|p1a: Sneasler
|-status|p1a: Sneasler|brn
|move|p1b: Volcarona|Overheat|p2a: Sneasler
|-activate|p2a: Sneasler|move: Protect
|
|-damage|p1a: Sneasler|95/100 brn|[from] brn
|upkeep
|turn|4
|inactive|MatteoMabl has 30 seconds left.
|
|t:|1756215518
|move|p1a: Sneasler|Protect|p1a: Sneasler
|-singleturn|p1a: Sneasler|Protect
|move|p2b: Talonflame|Tailwind|p2b: Talonflame
|-sidestart|p2: MatteoMabl|move: Tailwind
|move|p2a: Sneasler|Dire Claw|p1a: Sneasler
|-activate|p1a: Sneasler|move: Protect
|move|p1b: Volcarona|Overheat|p2a: Sneasler
|-damage|p2a: Sneasler|0 fnt
|-unboost|p1b: Volcarona|spa|2
|faint|p2a: Sneasler
|
|-damage|p1a: Sneasler|89/100 brn|[from] brn
|-end|p1b: Volcarona|move: Taunt
|upkeep
|
|t:|1756215529
|switch|p2a: Ursaluna|Ursaluna-Bloodmoon, L50, M|100/100
|turn|5
|inactive|MatteoMabl has 30 seconds left.
|
|t:|1756215556
|-terastallize|p2a: Ursaluna|Normal
|move|p2b: Talonflame|Flare Blitz|p1b: Volcarona
|-damage|p1b: Volcarona|38/100
|-enditem|p1b: Volcarona|Sitrus Berry|[eat]
|-heal|p1b: Volcarona|63/100|[from] item: Sitrus Berry
|-damage|p2b: Talonflame|76/100|[from] Recoil
|move|p1a: Sneasler|Close Combat|p2a: Ursaluna
|-supereffective|p2a: Ursaluna
|-damage|p2a: Ursaluna|46/100
|-unboost|p1a: Sneasler|def|1
|-unboost|p1a: Sneasler|spd|1
|move|p1b: Volcarona|Tailwind|p1b: Volcarona
|-sidestart|p1: MidoMidori|move: Tailwind
|move|p2a: Ursaluna|Hyper Voice|p1b: Volcarona|[spread] p1a,p1b
|-damage|p1a: Sneasler|0 fnt
|-damage|p1b: Volcarona|0 fnt
|faint|p1a: Sneasler
|faint|p1b: Volcarona
|-damage|p2a: Ursaluna|36/100|[from] item: Life Orb
|
|upkeep
|
|t:|1756215567
|switch|p1b: Ursaluna|Ursaluna-Bloodmoon, L50, M|91/100
|turn|6
|inactive|MatteoMabl has 30 seconds left.
|
|t:|1756215599
|-terastallize|p1b: Ursaluna|Normal
|move|p2b: Talonflame|Flare Blitz|p1b: Ursaluna
|-damage|p1b: Ursaluna|54/100
|-damage|p2b: Talonflame|62/100|[from] Recoil
|move|p1b: Ursaluna|Hyper Voice|p2b: Talonflame|[spread] p2a,p2b
|-damage|p2a: Ursaluna|0 fnt
|-damage|p2b: Talonflame|0 fnt
|faint|p2a: Ursaluna
|faint|p2b: Talonflame
|-damage|p1b: Ursaluna|45/100|[from] item: Life Orb
|
|win|MidoMidori
||MidoMidori is ready for game 2.
|inactive|MatteoMabl has 30 seconds to confirm battle start!
||MatteoMabl is ready for game 2.
|uhtml|next|Next: Game 2 of 3
|l|☆MatteoMabl
|player|p2|
