|j|☆pikatrod
|j|☆mrs. playrough
|html|pikatrodmrs. playrough    
|uhtml|bestof|Game 1 of a best-of-3
|t:|1757015594
|gametype|doubles
|player|p1|pikatrod|101|1498
|player|p2|mrs. playrough|lady-gen4|1519
|gen|9
|tier|[Gen 9] VGC 2025 Reg H (Bo3)
|rated|
|rule|Species Clause: Limit one of each Pokémon
|rule|Item Clause: Limit 1 of each item
|clearpoke
|poke|p1|Kingambit, L50, M|
|poke|p1|Primarina, L50, M|
|poke|p1|Sneasler, L50, M|
|poke|p1|Magmar, L50, M|
|poke|p1|Rillaboom, L50, F|
|poke|p1|Dragapult, L50, M|
|poke|p2|Corviknight, L50, M|
|poke|p2|Garchomp, L50, M|
|poke|p2|Tyranitar, L50, M|
|poke|p2|Gholdengo, L50|
|poke|p2|Sneasler, L50, M|
|poke|p2|Incineroar, L50, M|
|teampreview|4
|showteam|p1|Kingambit||BlackGlasses|Defiant|KowtowCleave,SuckerPunch,SwordsDance,Protect|||M|||50|,,,,,Dark]Primarina||SitrusBerry|LiquidVoice|HyperVoice,Moonblast,Haze,Protect|||M|||50|,,,,,Water]Sneasler||FocusSash|Unburden|DireClaw,CloseCombat,FakeOut,Protect|||M|||50|,,,,,Stellar]Magmar||Eviolite|VitalSpirit|Overheat,WillOWisp,FollowMe,Protect|||M|||50|,,,,,Ghost]Rillaboom||AssaultVest|GrassySurge|WoodHammer,GrassyGlide,HighHorsepower,FakeOut|||F|||50|,,,,,Fire]Dragapult||ChoiceBand|ClearBody|DragonDarts,PhantomForce,Outrage,Uturn|||M|||50|,,,,,Dragon
|showteam|p2|Corviknight||CovertCloak|MirrorArmor|BraveBird,Taunt,Roost,Tailwind|||M|||50|,,,,,Dragon]Garchomp||ClearAmulet|RoughSkin|Earthquake,DragonClaw,StompingTantrum,Protect|||M|||50|,,,,,Fire]Tyranitar||AssaultVest|SandStream|RockSlide,KnockOff,TeraBlast,LowKick|||M|||50|,,,,,Flying]Gholdengo||LifeOrb|GoodasGold|MakeItRain,ShadowBall,NastyPlot,Protect||||||50|,,,,,Flying]Sneasler||AirBalloon|Unburden|DireClaw,CloseCombat,Coaching,Protect|||M|||50|,,,,,Ghost]Incineroar||SafetyGoggles|Intimidate|FlareBlitz,WillOWisp,PartingShot,FakeOut|||M|||50|,,,,,Ghost
|inactive|Battle timer is ON: inactive players will automatically lose when time's up. (requested by pikatrod)
|
|t:|1757015688
|teamsize|p1|4
|teamsize|p2|4
|start
|switch|p1a: Magmar|Magmar, L50, M|100/100
|switch|p1b: Dragapult|Dragapult, L50, M|100/100
|switch|p2a: Corviknight|Corviknight, L50, M, shiny|100/100
|switch|p2b: Tyranitar|Tyranitar, L50, M|100/100
|-weather|Sandstorm|[from] ability: Sand Stream|[of] p2b: Tyranitar
|turn|1
|inactive|pikatrod has 30 seconds left.
|inactive|mrs. playrough has 30 seconds left.
|inactive|mrs. playrough has 20 seconds left.
|inactive|mrs. playrough has 15 seconds left.
|
|t:|1757015728
|switch|p2a: Garchomp|Garchomp, L50, M|100/100
|move|p1b: Dragapult|U-turn|p2b: Tyranitar
|-supereffective|p2b: Tyranitar
|-damage|p2b: Tyranitar|31/100
|
|t:|1757015733
|switch|p1b: Primarina|Primarina, L50, M|100/100|[from] U-turn
|move|p1a: Magmar|Will-O-Wisp|p2b: Tyranitar
|-status|p2b: Tyranitar|brn
|move|p2b: Tyranitar|Knock Off|p1a: Magmar
|-damage|p1a: Magmar|77/100
|-enditem|p1a: Magmar|Eviolite|[from] move: Knock Off|[of] p2b: Tyranitar
|
|-weather|Sandstorm|[upkeep]
|-damage|p1a: Magmar|71/100|[from] Sandstorm
|-damage|p1b: Primarina|95/100|[from] Sandstorm
|-damage|p2b: Tyranitar|25/100 brn|[from] brn
|upkeep
|turn|2
|l|☆pikatrod
|inactive|pikatrod disconnected and has a minute to reconnect!
|player|p1|
|j|☆pikatrod
|inactive|pikatrod reconnected and has 35 seconds left.
|player|p1|pikatrod|101|
|inactive|pikatrod has 30 seconds left.
|inactive|mrs. playrough has 30 seconds left.
|inactive|mrs. playrough has 20 seconds left.
|inactive|pikatrod has 20 seconds left.
|inactive|mrs. playrough has 15 seconds left.
|inactive|mrs. playrough has 10 seconds left.
|
|t:|1757015783
|move|p2a: Garchomp|Protect|p2a: Garchomp
|-singleturn|p2a: Garchomp|Protect
|move|p1a: Magmar|Protect|p1a: Magmar
|-singleturn|p1a: Magmar|Protect
|move|p2b: Tyranitar|Knock Off|p1b: Primarina
|-resisted|p1b: Primarina
|-damage|p1b: Primarina|81/100
|-enditem|p1b: Primarina|Sitrus Berry|[from] move: Knock Off|[of] p2b: Tyranitar
|move|p1b: Primarina|Hyper Voice|p2a: Garchomp|[spread] p2b
|-activate|p2a: Garchomp|move: Protect
|-supereffective|p2b: Tyranitar
|-damage|p2b: Tyranitar|0 fnt
|faint|p2b: Tyranitar
|
|-weather|Sandstorm|[upkeep]
|-damage|p1a: Magmar|66/100|[from] Sandstorm
|-damage|p1b: Primarina|75/100|[from] Sandstorm
|upkeep
|inactive|mrs. playrough has 30 seconds left.
|inactive|mrs. playrough has 20 seconds left.
|
|t:|1757015819
|switch|p2b: Corviknight|Corviknight, L50, M, shiny|100/100
|turn|3
|
|t:|1757015834
|switch|p1a: Dragapult|Dragapult, L50, M|100/100
|move|p2a: Garchomp|Earthquake|p1b: Primarina|[spread] p1a,p1b
|-immune|p2b: Corviknight
|-damage|p1a: Dragapult|49/100
|-damage|p1b: Primarina|40/100
|move|p2b: Corviknight|Tailwind|p2b: Corviknight
|-sidestart|p2: mrs. playrough|move: Tailwind
|move|p1b: Primarina|Moonblast|p2a: Garchomp
|-supereffective|p2a: Garchomp
|-damage|p2a: Garchomp|2/100
|
|-weather|Sandstorm|[upkeep]
|-damage|p1a: Dragapult|43/100|[from] Sandstorm
|-damage|p1b: Primarina|34/100|[from] Sandstorm
|upkeep
|turn|4
|inactive|pikatrod has 30 seconds left.
|inactive|mrs. playrough has 30 seconds left.
|inactive|pikatrod has 20 seconds left.
|inactive|mrs. playrough has 20 seconds left.
|inactive|mrs. playrough has 15 seconds left.
|
|t:|1757015876
|switch|p2b: Sneasler|Sneasler, L50, M|100/100
|-item|p2b: Sneasler|Air Balloon
|move|p1b: Primarina|Protect|p1b: Primarina
|-singleturn|p1b: Primarina|Protect
|move|p2a: Garchomp|Earthquake|p1b: Primarina|[spread] p1a
|-activate|p1b: Primarina|move: Protect
|-immune|p2b: Sneasler
|-damage|p1a: Dragapult|0 fnt
|faint|p1a: Dragapult
|
|-weather|Sandstorm|[upkeep]
|-damage|p2b: Sneasler|95/100|[from] Sandstorm
|-damage|p1b: Primarina|28/100|[from] Sandstorm
|upkeep
|
|t:|1757015886
|switch|p1a: Kingambit|Kingambit, L50, M|100/100
|turn|5
|inactive|mrs. playrough has 30 seconds left.
|
|t:|1757015915
|-terastallize|p1b: Primarina|Water
|move|p1a: Kingambit|Sucker Punch|p2a: Garchomp
|-damage|p2a: Garchomp|0 fnt
|-damage|p1a: Kingambit|88/100|[from] ability: Rough Skin|[of] p2a: Garchomp
|faint|p2a: Garchomp
|move|p2b: Sneasler|Dire Claw|p1b: Primarina
|-damage|p1b: Primarina|0 fnt
|faint|p1b: Primarina
|
|-weather|none
|upkeep
|
|t:|1757015928
|switch|p2a: Corviknight|Corviknight, L50, M, shiny|100/100
|switch|p1b: Magmar|Magmar, L50, M|66/100
|turn|6
|inactive|mrs. playrough has 30 seconds left.
|
|t:|1757015958
|move|p1a: Kingambit|Protect|p1a: Kingambit
|-singleturn|p1a: Kingambit|Protect
|move|p2b: Sneasler|Close Combat|p1b: Magmar
|-damage|p1b: Magmar|0 fnt
|-unboost|p2b: Sneasler|def|1
|-unboost|p2b: Sneasler|spd|1
|faint|p1b: Magmar
|move|p2a: Corviknight|Taunt|p1a: Kingambit
|-activate|p1a: Kingambit|move: Protect
|
|-sideend|p2: mrs. playrough|move: Tailwind
|upkeep
|turn|7
|
|t:|1757015979
|move|p1a: Kingambit|Sucker Punch|p2b: Sneasler
|-resisted|p2b: Sneasler
|-crit|p2b: Sneasler
|-damage|p2b: Sneasler|6/100
|-enditem|p2b: Sneasler|Air Balloon
|move|p2b: Sneasler|Close Combat|p1a: Kingambit
|-supereffective|p1a: Kingambit
|-damage|p1a: Kingambit|0 fnt
|-unboost|p2b: Sneasler|def|1
|-unboost|p2b: Sneasler|spd|1
|faint|p1a: Kingambit
|
|win|mrs. playrough
||pikatrod is ready for game 2.
|inactive|mrs. playrough has 30 seconds to confirm battle start!
||mrs. playrough is ready for game 2.
|uhtml|next|Next: Game 2 of 3
