|j|☆rainisgame
|j|☆lordtentacle69
|html|rainisgamelordtentacle69    
|uhtml|bestof|Game 2 of a best-of-3
|t:|1784880048
|gametype|doubles
|player|p1|rainisgame|266|1419
|player|p2|lordtentacle69|corbeau|1339
|gen|9
|tier|[Gen 9 Champions] VGC 2026 Reg M-B (Bo3)
|rated|
|rule|Species Clause: Limit one of each Pokémon
|rule|Item Clause: Limit 1 of each item
|clearpoke
|poke|p1|Charizard, L50, F|
|poke|p1|Venusaur, L50, F|
|poke|p1|Grimmsnarl, L50, M|
|poke|p1|Basculegion, L50, M|
|poke|p1|Pelipper, L50, M|
|poke|p1|Archaludon, L50, F|
|poke|p2|Delphox, L50, M|
|poke|p2|Incineroar, L50, M|
|poke|p2|Maushold-Four, L50|
|poke|p2|Sinistcha, L50|
|poke|p2|Sneasler, L50, F|
|poke|p2|Blastoise, L50, M|
|teampreview|4
|showteam|p1|Charizard||CharizarditeY|Blaze|HeatWave,SolarBeam,WeatherBall,Protect|Modest||F|||50|]Venusaur||FocusSash|Chlorophyll|EarthPower,SludgeBomb,SleepPowder,Protect|Timid||F|||50|]Grimmsnarl||LightClay|Prankster|SpiritBreak,PartingShot,LightScreen,Reflect|Sassy||M|||50|]Basculegion||ChoiceScarf|Adaptability|WaveCrash,LastRespects,FlipTurn,AquaJet|Jolly||M|||50|]Pelipper||SitrusBerry|Drizzle|WeatherBall,Hurricane,Tailwind,WideGuard|Modest||M|||50|]Archaludon||Leftovers|Stamina|ElectroShot,DragonPulse,FlashCannon,Protect|Calm||F|||50|
|showteam|p2|Delphox||Delphoxite|Blaze|HeatWave,Psychic,NastyPlot,Protect|Timid||M|||50|]Incineroar||SitrusBerry|Intimidate|FakeOut,PartingShot,FlareBlitz,ThroatChop|Impish||M|||50|]Maushold-Four||ChopleBerry|FriendGuard|Feint,HelpingHand,Protect,FollowMe|Impish|||||50|]Sinistcha||ColburBerry|Hospitality|Protect,MatchaGotcha,TrickRoom,RagePowder|Bold|||||50|]Sneasler||FocusSash|PoisonTouch|CloseCombat,PoisonJab,QuickGuard,FakeOut|Adamant||F|||50|]Blastoise||Blastoisinite|RainDish|Protect,WaterSpout,DarkPulse,ShellSmash|Timid||M|||50|
|
|t:|1784880059
|teamsize|p1|4
|teamsize|p2|4
|start
|switch|p1a: Charizard|Charizard, L50, F|100/100
|switch|p1b: Basculegion|Basculegion, L50, M|100/100
|switch|p2a: Mbappe|Blastoise, L50, M|100/100
|switch|p2b: Gochujang|Incineroar, L50, M|100/100
|-ability|p2b: Gochujang|Intimidate|boost
|-unboost|p1a: Charizard|atk|1
|-unboost|p1b: Basculegion|atk|1
|turn|1
|
|t:|1784880078
|detailschange|p2a: Mbappe|Blastoise-Mega, L50, M
|-mega|p2a: Mbappe|Blastoise|Blastoisinite
|detailschange|p1a: Charizard|Charizard-Mega-Y, L50, F
|-mega|p1a: Charizard|Charizard|Charizardite Y
|-weather|SunnyDay|[from] ability: Drought|[of] p1a: Charizard
|move|p2b: Gochujang|Fake Out|p1a: Charizard
|-crit|p1a: Charizard
|-damage|p1a: Charizard|80/100
|move|p1b: Basculegion|Flip Turn|p2b: Gochujang
|-supereffective|p2b: Gochujang|1
|-damage|p2b: Gochujang|84/100
|
|t:|1784880083
|switch|p1b: Venusaur|Venusaur, L50, F|100/100|[from] Flip Turn
|move|p2a: Mbappe|Shell Smash|p2a: Mbappe
|-unboost|p2a: Mbappe|def|1
|-unboost|p2a: Mbappe|spd|1
|-boost|p2a: Mbappe|atk|2
|-boost|p2a: Mbappe|spa|2
|-boost|p2a: Mbappe|spe|2
|cant|p1a: Charizard|flinch
|
|-weather|SunnyDay|[upkeep]
|upkeep
|turn|2
|
|t:|1784880109
|move|p1b: Venusaur|Sleep Powder|p2b: Gochujang|[miss]
|-miss|p1b: Venusaur|p2b: Gochujang
|move|p2a: Mbappe|Water Spout|p1a: Charizard|[spread] p1a,p1b
|-supereffective|p1a: Charizard|1
|-resisted|p1b: Venusaur|1
|-damage|p1a: Charizard|0 fnt
|-damage|p1b: Venusaur|65/100
|faint|p1a: Charizard
|move|p2b: Gochujang|Parting Shot|p1b: Venusaur
|-unboost|p1b: Venusaur|atk|1
|-unboost|p1b: Venusaur|spa|1
|
|t:|1784880119
|switch|p2b: MMCH|Maushold-Four, L50|100/100|[from] Parting Shot
|
|-weather|SunnyDay|[upkeep]
|upkeep
|
|t:|1784880121
|switch|p1a: Basculegion|Basculegion, L50, M|100/100
|turn|3
|
|t:|1784880133
|move|p2b: MMCH|Follow Me|p2b: MMCH
|-singleturn|p2b: MMCH|move: Follow Me
|move|p1b: Venusaur|Sleep Powder|p2b: MMCH
|-status|p2b: MMCH|slp|[from] move: Sleep Powder
|move|p2a: Mbappe|Dark Pulse|p1b: Venusaur
|-damage|p1b: Venusaur|0 fnt
|faint|p1b: Venusaur
|move|p1a: Basculegion|Flip Turn|p2b: MMCH
|-damage|p2b: MMCH|83/100 slp
|
|t:|1784880135
|switch|p1a: Pelipper|Pelipper, L50, M|100/100|[from] Flip Turn
|-weather|RainDance|[from] ability: Drizzle|[of] p1a: Pelipper
|
|-weather|RainDance|[upkeep]
|upkeep
|
|t:|1784880137
|switch|p1b: Basculegion|Basculegion, L50, M|100/100
|turn|4
|
|t:|1784880168
|switch|p2b: Gochujang|Incineroar, L50, M|84/100
|-ability|p2b: Gochujang|Intimidate|boost
|-unboost|p1a: Pelipper|atk|1
|-unboost|p1b: Basculegion|atk|1
|move|p2a: Mbappe|Protect|p2a: Mbappe
|-singleturn|p2a: Mbappe|Protect
|move|p1b: Basculegion|Wave Crash|p2b: Gochujang
|-supereffective|p2b: Gochujang|1
|-damage|p2b: Gochujang|0 fnt
|faint|p2b: Gochujang
|-damage|p1b: Basculegion|73/100|[from] Recoil
|move|p1a: Pelipper|Hurricane|p2a: Mbappe
|-activate|p2a: Mbappe|move: Protect
|
|-weather|RainDance|[upkeep]
|upkeep
|
|t:|1784880182
|switch|p2b: Green Day|Sinistcha, L50|100/100
|turn|5
|
|t:|1784880186
|move|p2b: Green Day|Rage Powder|p2b: Green Day
|-singleturn|p2b: Green Day|move: Rage Powder
|move|p2a: Mbappe|Dark Pulse|p1b: Basculegion
|-supereffective|p1b: Basculegion|1
|-damage|p1b: Basculegion|0 fnt
|faint|p1b: Basculegion
|move|p1a: Pelipper|Hurricane|p2b: Green Day
|-supereffective|p2b: Green Day|1
|-damage|p2b: Green Day|7/100
|-start|p2b: Green Day|confusion
|
|-weather|RainDance|[upkeep]
|upkeep
|turn|6
|
|t:|1784880195
|-activate|p2b: Green Day|confusion
|-damage|p2b: Green Day|2/100|[from] confusion
|move|p2a: Mbappe|Dark Pulse|p1a: Pelipper
|-damage|p1a: Pelipper|0 fnt
|faint|p1a: Pelipper
|
|win|lordtentacle69
||rainisgame is ready for game 3.
||lordtentacle69 is ready for game 3.
|uhtml|next|Next: Game 3 of 3
|l|☆rainisgame
|player|p1|
