|j|☆itssobeak
|j|☆s4m1_jaw3d
|html|itssobeaks4m1_jaw3d    
|uhtml|bestof|Game 2 of a best-of-3
|t:|1784649035
|gametype|doubles
|player|p1|itssobeak|birdkeeper|1194
|player|p2|s4m1_jaw3d|volkner|1172
|gen|9
|tier|[Gen 9 Champions] VGC 2026 Reg M-B (Bo3)
|rated|
|rule|Species Clause: Limit one of each Pokémon
|rule|Item Clause: Limit 1 of each item
|clearpoke
|poke|p1|Staraptor, L50, F|
|poke|p1|Weavile, L50, F|
|poke|p1|Whimsicott, L50, F|
|poke|p1|Glimmora, L50, M|
|poke|p1|Kingambit, L50, M|
|poke|p1|Sinistcha, L50|
|poke|p2|Glimmora, L50, F|
|poke|p2|Grimmsnarl, L50, M|
|poke|p2|Tyranitar, L50, F|
|poke|p2|Whimsicott, L50, F|
|poke|p2|Staraptor, L50, M|
|poke|p2|Rotom-Wash, L50|
|teampreview|4
|showteam|p1|Staraptor||Staraptite|Intimidate|BraveBird,CloseCombat,Uturn,Protect|Jolly||F|||50|]Weavile||WideLens|Pressure|KnockOff,TripleAxel,Taunt,FakeOut|Jolly||F|||50|]Whimsicott||FocusSash|Prankster|Moonblast,Tailwind,Encore,Tickle|Timid||F|||50|]Glimmora||Glimmoranite|ToxicDebris|PowerGem,SludgeBomb,EarthPower,SpikyShield|Timid||M|||50|]Kingambit||BlackGlasses|Defiant|KowtowCleave,SuckerPunch,SwordsDance,Protect|Adamant||M|||50|]Sinistcha||CobaBerry|Hospitality|MatchaGotcha,RagePowder,LifeDew,Protect|Bold|||||50|
|showteam|p2|Glimmora||Glimmoranite|ToxicDebris|SpikyShield,PowerGem,SludgeBomb,EarthPower|Timid||F|||50|]Grimmsnarl||LightClay|Prankster|LightScreen,Reflect,PartingShot,FoulPlay|Calm||M|||50|]Tyranitar||ExpertBelt|SandStream|Protect,LowKick,KnockOff,RockSlide|Adamant||F|||50|]Whimsicott||FocusSash|Prankster|Tailwind,Encore,Moonblast,Protect|Timid||F|||50|]Staraptor||Staraptite|Intimidate|CloseCombat,Roost,Protect,BraveBird|Jolly||M|||50|]Rotom-Wash||ChoiceScarf|Levitate|Trick,HydroPump,Thunderbolt,VoltSwitch|Timid|||||50|
|inactive|Battle timer is ON: inactive players will automatically lose when time's up. (requested by itssobeak)
|inactive|itssobeak has 60 seconds left.
|
|t:|1784649078
|teamsize|p1|4
|teamsize|p2|4
|start
|switch|p1a: Staraptor|Staraptor, L50, F|100/100
|switch|p1b: Whimsicott|Whimsicott, L50, F|100/100
|switch|p2a: Whimsicott|Whimsicott, L50, F|100/100
|switch|p2b: Glimmora|Glimmora, L50, F|100/100
|-ability|p1a: Staraptor|Intimidate|boost
|-unboost|p2a: Whimsicott|atk|1
|-unboost|p2b: Glimmora|atk|1
|turn|1
|
|t:|1784649101
|detailschange|p2b: Glimmora|Glimmora-Mega, L50, F
|-mega|p2b: Glimmora|Glimmora|Glimmoranite
|move|p2a: Whimsicott|Tailwind|p2a: Whimsicott
|-sidestart|p2: s4m1_jaw3d|move: Tailwind
|move|p1b: Whimsicott|Tailwind|p1b: Whimsicott
|-sidestart|p1: itssobeak|move: Tailwind
|move|p2b: Glimmora|Power Gem|p1a: Staraptor
|-supereffective|p1a: Staraptor|1
|-damage|p1a: Staraptor|0 fnt
|faint|p1a: Staraptor
|
|upkeep
|
|t:|1784649110
|switch|p1a: Weavile|Weavile, L50, F|100/100
|-ability|p1a: Weavile|Pressure
|turn|2
|
|t:|1784649125
|move|p2a: Whimsicott|Protect|p2a: Whimsicott
|-singleturn|p2a: Whimsicott|Protect
|move|p2b: Glimmora|Spiky Shield|p2b: Glimmora
|-singleturn|p2b: Glimmora|move: Protect
|move|p1b: Whimsicott|Tickle|p2b: Glimmora
|-activate|p2b: Glimmora|move: Protect
|move|p1a: Weavile|Triple Axel|p2b: Glimmora
|-activate|p2b: Glimmora|move: Protect
|-damage|p1a: Weavile|87/100|[from] Spiky Shield|[of] p2b: Glimmora
|
|upkeep
|turn|3
|
|t:|1784649149
|switch|p2b: Tyranitar|Tyranitar, L50, F|100/100
|-weather|Sandstorm|[from] ability: Sand Stream|[of] p2b: Tyranitar
|move|p1b: Whimsicott|Encore|p2b: Tyranitar
|-hint|Since gen 7, Dark is immune to Prankster moves.
|-immune|p2b: Tyranitar
|move|p1a: Weavile|Triple Axel|p2a: Whimsicott
|-supereffective|p2a: Whimsicott|1
|-crit|p2a: Whimsicott
|-damage|p2a: Whimsicott|47/100
|-supereffective|p2a: Whimsicott|1
|-damage|p2a: Whimsicott|0 fnt
|faint|p2a: Whimsicott
|-hitcount|p2: Whimsicott|2
|
|-weather|Sandstorm|[upkeep]
|-damage|p1a: Weavile|81/100|[from] Sandstorm
|-damage|p1b: Whimsicott|94/100|[from] Sandstorm
|upkeep
|
|t:|1784649163
|switch|p2a: Rotom|Rotom-Wash, L50|100/100
|turn|4
|
|t:|1784649176
|switch|p1a: Sinistcha|Sinistcha, L50|100/100
|-heal|p1b: Whimsicott|100/100|[from] ability: Hospitality|[of] p1a: Sinistcha
|move|p2a: Rotom|Trick|p1b: Whimsicott
|-activate|p2a: Rotom|move: Trick|[of] p1b: Whimsicott
|-item|p1b: Whimsicott|Choice Scarf|[from] move: Trick
|-item|p2a: Rotom|Focus Sash|[from] move: Trick
|move|p1b: Whimsicott|Moonblast|p2b: Tyranitar
|-supereffective|p2b: Tyranitar|1
|-damage|p2b: Tyranitar|54/100
|move|p2b: Tyranitar|Rock Slide|p1a: Sinistcha|[spread] p1a,p1b
|-damage|p1a: Sinistcha|74/100
|-damage|p1b: Whimsicott|49/100
|
|-weather|Sandstorm|[upkeep]
|-damage|p1b: Whimsicott|43/100|[from] Sandstorm
|-damage|p2a: Rotom|94/100|[from] Sandstorm
|-damage|p1a: Sinistcha|67/100|[from] Sandstorm
|-sideend|p2: s4m1_jaw3d|move: Tailwind
|-sideend|p1: itssobeak|move: Tailwind
|upkeep
|turn|5
|inactive|s4m1_jaw3d has 30 seconds left.
|
|t:|1784649206
|move|p1b: Whimsicott|Moonblast|p2b: Tyranitar
|-supereffective|p2b: Tyranitar|1
|-damage|p2b: Tyranitar|9/100
|move|p2a: Rotom|Volt Switch|p1b: Whimsicott
|-resisted|p1b: Whimsicott|1
|-damage|p1b: Whimsicott|18/100
|
|t:|1784649211
|switch|p2a: Glimmora|Glimmora-Mega, L50, F|100/100|[from] Volt Switch
|move|p1a: Sinistcha|Matcha Gotcha|p2a: Glimmora|[spread] p2a,p2b
|-supereffective|p2b: Tyranitar|1
|-damage|p2a: Glimmora|82/100
|-heal|p1a: Sinistcha|75/100|[from] drain|[of] p2a: Glimmora
|-damage|p2b: Tyranitar|0 fnt
|-heal|p1a: Sinistcha|80/100|[from] drain|[of] p2b: Tyranitar
|faint|p2b: Tyranitar
|
|-weather|Sandstorm|[upkeep]
|-damage|p1b: Whimsicott|12/100|[from] Sandstorm
|-damage|p1a: Sinistcha|74/100|[from] Sandstorm
|upkeep
|
|t:|1784649224
|switch|p2b: Rotom|Rotom-Wash, L50|94/100
|turn|6
|
|t:|1784649235
|move|p1a: Sinistcha|Protect|p1a: Sinistcha
|-singleturn|p1a: Sinistcha|Protect
|move|p1b: Whimsicott|Moonblast|p2b: Rotom
|-damage|p2b: Rotom|46/100
|move|p2a: Glimmora|Sludge Bomb|p1a: Sinistcha
|-activate|p1a: Sinistcha|move: Protect
|move|p2b: Rotom|Thunderbolt|p1a: Sinistcha
|-activate|p1a: Sinistcha|move: Protect
|
|-weather|Sandstorm|[upkeep]
|-damage|p1b: Whimsicott|6/100|[from] Sandstorm
|-damage|p2b: Rotom|40/100|[from] Sandstorm
|-damage|p1a: Sinistcha|68/100|[from] Sandstorm
|upkeep
|turn|7
|inactive|itssobeak has 30 seconds left.
|
|t:|1784649270
|move|p1b: Whimsicott|Moonblast|p2b: Rotom
|-damage|p2b: Rotom|0 fnt
|faint|p2b: Rotom
|move|p2a: Glimmora|Sludge Bomb|p1b: Whimsicott
|-supereffective|p1b: Whimsicott|2
|-damage|p1b: Whimsicott|0 fnt
|faint|p1b: Whimsicott
|move|p1a: Sinistcha|Matcha Gotcha|p2a: Glimmora
|-damage|p2a: Glimmora|55/100
|-heal|p1a: Sinistcha|80/100|[from] drain|[of] p2a: Glimmora
|
|-weather|none
|upkeep
|
|t:|1784649274
|switch|p1b: Weavile|Weavile, L50, F|81/100
|-ability|p1b: Weavile|Pressure
|turn|8
|
|t:|1784649279
|move|p2a: Glimmora|Spiky Shield|p2a: Glimmora
|-singleturn|p2a: Glimmora|move: Protect
|move|p1b: Weavile|Fake Out|p2a: Glimmora
|-activate|p2a: Glimmora|move: Protect
|-damage|p1b: Weavile|69/100|[from] Spiky Shield|[of] p2a: Glimmora
|move|p1a: Sinistcha|Life Dew|p1a: Sinistcha|[spread] p1a,p1b
|-heal|p1a: Sinistcha|100/100
|-heal|p1b: Weavile|94/100
|
|upkeep
|turn|9
|
|t:|1784649291
|move|p1a: Sinistcha|Rage Powder|p1a: Sinistcha
|-singleturn|p1a: Sinistcha|move: Rage Powder
|move|p1b: Weavile|Triple Axel|p2a: Glimmora
|-damage|p2a: Glimmora|42/100
|-damage|p2a: Glimmora|19/100
|-damage|p2a: Glimmora|0 fnt
|faint|p2a: Glimmora
|-hitcount|p2: Glimmora|3
|
|win|itssobeak
|raw|itssobeak's rating: 1194 → 1217(+23 for winning)
|raw|s4m1_jaw3d's rating: 1172 → 1149(-23 for losing)
