|j|☆ZeraXx
|j|☆lucasmalt
|html|ZeraXxlucasmalt    
|uhtml|bestof|Game 2 of a best-of-3
|t:|1785318222
|gametype|doubles
|player|p1|ZeraXx|102|1328
|player|p2|lucasmalt|1|1454
|gen|9
|tier|[Gen 9 Champions] VGC 2026 Reg M-B (Bo3)
|rated|
|rule|Species Clause: Limit one of each Pokémon
|rule|Item Clause: Limit 1 of each item
|clearpoke
|poke|p1|Swampert, L50, M|
|poke|p1|Pelipper, L50, F|
|poke|p1|Archaludon, L50, F|
|poke|p1|Sableye, L50, F|
|poke|p1|Sinistcha-Masterpiece, L50|
|poke|p1|Metagross, L50|
|poke|p2|Blaziken, L50, F, shiny|
|poke|p2|Incineroar, L50, F, shiny|
|poke|p2|Sinistcha, L50|
|poke|p2|Milotic, L50, M, shiny|
|poke|p2|Hydreigon, L50, M|
|poke|p2|Gardevoir, L50, F, shiny|
|teampreview|4
|showteam|p1|Swampert||Swampertite|Torrent|WaveCrash,HighHorsepower,Protect,IcePunch|Adamant||M|||50|]Pelipper||FocusSash|Drizzle|Tailwind,WeatherBall,Hurricane,WideGuard|Modest||F|||50|]Archaludon||Leftovers|Stamina|DragonPulse,ElectroShot,FlashCannon,Protect|Modest||F|||50|]Sableye||LightClay|Prankster|RainDance,FoulPlay,Reflect,LightScreen|Impish||F|||50|]Sinistcha-Masterpiece||SitrusBerry|Hospitality|MatchaGotcha,RagePowder,LifeDew,Protect|Bold|||||50|]Metagross||Metagrossite|ClearBody|MeteorMash,PsychicFangs,IcePunch,Protect|Jolly|||||50|
|showteam|p2|Blaziken||Blazikenite|SpeedBoost|FlareBlitz,CloseCombat,RockSlide,Detect|Adamant||F|||50|]Incineroar||SitrusBerry|Intimidate|FakeOut,FlareBlitz,DarkestLariat,PartingShot|Careful||F|||50|]Sinistcha||KasibBerry|Hospitality|MatchaGotcha,RagePowder,TrickRoom,Protect|Bold|||||50|]Milotic||Leftovers|Competitive|MuddyWater,Coil,Hypnosis,Recover|Calm||M|||50|]Hydreigon||ChoiceScarf|Levitate|Snarl,DracoMeteor,DarkPulse,EarthPower|Modest||M|||50|]Gardevoir||Gardevoirite|Trace|HyperVoice,Psyshock,TrickRoom,Protect|Modest||F|||50|
|inactive|Battle timer is ON: inactive players will automatically lose when time's up. (requested by lucasmalt)
|
|t:|1785318254
|teamsize|p1|4
|teamsize|p2|4
|start
|switch|p1a: Swampert|Swampert, L50, M|100/100
|switch|p1b: Pelipper|Pelipper, L50, F|100/100
|switch|p2a: Sinistcha|Sinistcha, L50|100/100
|switch|p2b: Gardevoir|Gardevoir, L50, F, shiny|100/100
|-ability|p2b: Gardevoir|Drizzle|Trace|[from] ability: Trace|[of] p1b: Pelipper
|-weather|RainDance|[from] ability: Drizzle|[of] p2b: Gardevoir
|turn|1
|
|t:|1785318278
|switch|p2a: Incineroar|Incineroar, L50, F, shiny|100/100
|-ability|p2a: Incineroar|Intimidate|boost
|-unboost|p1a: Swampert|atk|1
|-unboost|p1b: Pelipper|atk|1
|detailschange|p2b: Gardevoir|Gardevoir-Mega, L50, F, shiny
|-mega|p2b: Gardevoir|Gardevoir|Gardevoirite
|detailschange|p1a: Swampert|Swampert-Mega, L50, M
|-mega|p1a: Swampert|Swampert|Swampertite
|move|p2b: Gardevoir|Protect|p2b: Gardevoir
|-singleturn|p2b: Gardevoir|Protect
|move|p1b: Pelipper|Wide Guard|p1b: Pelipper
|-singleturn|p1b: Pelipper|Wide Guard
|move|p1a: Swampert|Wave Crash|p2b: Gardevoir
|-activate|p2b: Gardevoir|move: Protect
|
|-weather|RainDance|[upkeep]
|upkeep
|turn|2
|
|t:|1785318302
|move|p2a: Incineroar|Fake Out|p1a: Swampert
|-damage|p1a: Swampert|90/100
|cant|p1a: Swampert|flinch
|move|p2b: Gardevoir|Psyshock|p1b: Pelipper
|-damage|p1b: Pelipper|33/100
|move|p1b: Pelipper|Weather Ball|p2a: Incineroar
|-supereffective|p2a: Incineroar|1
|-damage|p2a: Incineroar|0 fnt
|faint|p2a: Incineroar
|
|-weather|RainDance|[upkeep]
|upkeep
|
|t:|1785318326
|switch|p2a: Sinistcha|Sinistcha, L50|100/100
|turn|3
|inactive|ZeraXx has 30 seconds left.
|
|t:|1785318354
|move|p2a: Sinistcha|Rage Powder|p2a: Sinistcha
|-singleturn|p2a: Sinistcha|move: Rage Powder
|move|p1a: Swampert|Ice Punch|p2a: Sinistcha
|-supereffective|p2a: Sinistcha|1
|-damage|p2a: Sinistcha|67/100
|move|p2b: Gardevoir|Hyper Voice|p1b: Pelipper|[spread] p1a,p1b
|-damage|p1a: Swampert|53/100
|-damage|p1b: Pelipper|0 fnt
|faint|p1b: Pelipper
|
|-weather|RainDance|[upkeep]
|upkeep
|
|t:|1785318361
|switch|p1b: Archaludon|Archaludon, L50, F|100/100
|turn|4
|
|t:|1785318375
|move|p2b: Gardevoir|Protect|p2b: Gardevoir
|-singleturn|p2b: Gardevoir|Protect
|move|p1a: Swampert|Ice Punch|p2a: Sinistcha
|-supereffective|p2a: Sinistcha|1
|-damage|p2a: Sinistcha|35/100
|move|p1b: Archaludon|Electro Shot||[still]
|-prepare|p1b: Archaludon|Electro Shot
|-boost|p1b: Archaludon|spa|1
|-anim|p1b: Archaludon|Electro Shot|p2a: Sinistcha
|-resisted|p2a: Sinistcha|1
|-damage|p2a: Sinistcha|6/100
|move|p2a: Sinistcha|Matcha Gotcha|p1b: Archaludon|[spread] p1b
|-miss|p2a: Sinistcha|p1a: Swampert
|-resisted|p1b: Archaludon|2
|-damage|p1b: Archaludon|94/100
|-heal|p2a: Sinistcha|9/100|[from] drain|[of] p1b: Archaludon
|-ability|p1b: Archaludon|Stamina|boost
|-boost|p1b: Archaludon|def|1
|
|-weather|RainDance|[upkeep]
|-heal|p1b: Archaludon|100/100|[from] item: Leftovers
|upkeep
|turn|5
|
|t:|1785318400
|move|p2a: Sinistcha|Rage Powder|p2a: Sinistcha
|-singleturn|p2a: Sinistcha|move: Rage Powder
|move|p1a: Swampert|Ice Punch|p2a: Sinistcha
|-supereffective|p2a: Sinistcha|1
|-damage|p2a: Sinistcha|0 fnt
|faint|p2a: Sinistcha
|move|p2b: Gardevoir|Hyper Voice|p1a: Swampert|[spread] p1a,p1b
|-damage|p1a: Swampert|13/100
|-damage|p1b: Archaludon|55/100
|-ability|p1b: Archaludon|Stamina|boost
|-boost|p1b: Archaludon|def|1
|move|p1b: Archaludon|Flash Cannon|p2b: Gardevoir
|-supereffective|p2b: Gardevoir|1
|-damage|p2b: Gardevoir|9/100
|
|-weather|none
|-heal|p1b: Archaludon|61/100|[from] item: Leftovers
|upkeep
|
|t:|1785318413
|switch|p2a: Hydreigon|Hydreigon, L50, M|100/100
|turn|6
|
|t:|1785318427
|switch|p1a: Sinistcha|Sinistcha-Masterpiece, L50|100/100
|-heal|p1b: Archaludon|86/100|[from] ability: Hospitality|[of] p1a: Sinistcha
|move|p1b: Archaludon|Protect|p1b: Archaludon
|-singleturn|p1b: Archaludon|Protect
|move|p2a: Hydreigon|Earth Power|p1b: Archaludon
|-activate|p1b: Archaludon|move: Protect
|move|p2b: Gardevoir|Hyper Voice|p1b: Archaludon|[spread] p1a
|-activate|p1b: Archaludon|move: Protect
|-damage|p1a: Sinistcha|53/100
|
|-heal|p1b: Archaludon|92/100|[from] item: Leftovers
|upkeep
|turn|7
|
|t:|1785318436
|move|p2a: Hydreigon|Earth Power|p1b: Archaludon
|-supereffective|p1b: Archaludon|1
|-damage|p1b: Archaludon|29/100
|-unboost|p1b: Archaludon|spd|1
|-ability|p1b: Archaludon|Stamina|boost
|-boost|p1b: Archaludon|def|1
|move|p2b: Gardevoir|Hyper Voice|p1b: Archaludon|[spread] p1a,p1b
|-damage|p1a: Sinistcha|8/100
|-damage|p1b: Archaludon|0 fnt
|-enditem|p1a: Sinistcha|Sitrus Berry|[eat]
|-heal|p1a: Sinistcha|33/100|[from] item: Sitrus Berry
|faint|p1b: Archaludon
|move|p1a: Sinistcha|Matcha Gotcha|p2b: Gardevoir|[spread] p2a,p2b
|-resisted|p2a: Hydreigon|1
|-damage|p2a: Hydreigon|85/100
|-heal|p1a: Sinistcha|39/100|[from] drain|[of] p2a: Hydreigon
|-damage|p2b: Gardevoir|0 fnt
|-heal|p1a: Sinistcha|44/100|[from] drain|[of] p2b: Gardevoir
|-status|p2a: Hydreigon|brn
|faint|p2b: Gardevoir
|
|-damage|p2a: Hydreigon|79/100 brn|[from] brn
|upkeep
|
|t:|1785318454
|switch|p1b: Swampert|Swampert-Mega, L50, M|13/100
|turn|8
|
|t:|1785318460
|move|p1a: Sinistcha|Rage Powder|p1a: Sinistcha
|-singleturn|p1a: Sinistcha|move: Rage Powder
|move|p2a: Hydreigon|Earth Power|p1a: Sinistcha
|-resisted|p1a: Sinistcha|1
|-damage|p1a: Sinistcha|29/100
|move|p1b: Swampert|Ice Punch|p2a: Hydreigon
|-supereffective|p2a: Hydreigon|1
|-damage|p2a: Hydreigon|1/100 brn
|
|-damage|p2a: Hydreigon|0 fnt|[from] brn
|faint|p2a: Hydreigon
|
|win|ZeraXx
