|j|☆lux raymundi
|j|☆Hawk2ua
|html|lux raymundiHawk2ua    
|uhtml|bestof|Game 1 of a best-of-3
|t:|1782234809
|gametype|doubles
|player|p1|lux raymundi|169|1134
|player|p2|Hawk2ua|cynthia-gen4|1047
|gen|9
|tier|[Gen 9 Champions] VGC 2026 Reg M-B (Bo3)
|rated|
|rule|Species Clause: Limit one of each Pokémon
|rule|Item Clause: Limit 1 of each item
|clearpoke
|poke|p1|Whimsicott, L50, M|
|poke|p1|Staraptor, L50, M|
|poke|p1|Garchomp, L50, M|
|poke|p1|Gholdengo, L50|
|poke|p1|Basculegion, L50, M|
|poke|p1|Typhlosion-Hisui, L50, F|
|poke|p2|Chesnaught, L50, M|
|poke|p2|Farigiraf, L50, M|
|poke|p2|Primarina, L50, M|
|poke|p2|Raichu, L50, F|
|poke|p2|Incineroar, L50, M|
|poke|p2|Scizor, L50, F|
|teampreview|4
|showteam|p1|Whimsicott||FocusSash|Prankster|Tickle,Tailwind,Moonblast,FakeTears|Timid||M|||50|]Staraptor||Staraptite|Intimidate|BraveBird,CloseCombat,Roost,Protect|Jolly||M|||50|]Garchomp||RoseliBerry|RoughSkin|DragonClaw,StompingTantrum,RockTomb,PoisonJab|Jolly||M|||50|]Gholdengo||LifeOrb|GoodasGold|MakeItRain,ShadowBall,PowerGem,Protect|Modest|||||50|]Basculegion||MysticWater|Adaptability|WaveCrash,LastRespects,AquaJet,Protect|Adamant||M|||50|]Typhlosion-Hisui||ChoiceScarf|Frisk|Eruption,HeatWave,BurnUp,ShadowBall|Modest||F|||50|
|showteam|p2|Chesnaught||Chesnaughtite|Bulletproof|HammerArm,SeedBomb,RockSlide,Protect|Brave||M|||50|]Farigiraf||SitrusBerry|ArmorTail|TrickRoom,HelpingHand,HyperVoice,TwinBeam|Bold||M|||50|]Primarina||LifeOrb|LiquidVoice|HyperVoice,Moonblast,HelpingHand,Protect|Modest||M|||50|]Raichu||RaichuniteY|LightningRod|ZapCannon,FocusBlast,FakeOut,Protect|Timid||F|||50|]Incineroar||Leftovers|Intimidate|FakeOut,PartingShot,FlareBlitz,DarkestLariat|Adamant||M|||50|]Scizor||OccaBerry|Technician|Tailwind,BulletPunch,BrutalSwing,BugBite|Adamant||F|||50|
|
|t:|1782234859
|teamsize|p1|4
|teamsize|p2|4
|start
|switch|p1a: Whimsicott|Whimsicott, L50, M|100/100
|switch|p1b: Staraptor|Staraptor, L50, M|100/100
|switch|p2a: Raichu|Raichu, L50, F|100/100
|switch|p2b: Incineroar|Incineroar, L50, M|100/100
|-ability|p1b: Staraptor|Intimidate|boost
|-unboost|p2a: Raichu|atk|1
|-unboost|p2b: Incineroar|atk|1
|-ability|p2b: Incineroar|Intimidate|boost
|-unboost|p1a: Whimsicott|atk|1
|-unboost|p1b: Staraptor|atk|1
|turn|1
|
|t:|1782234884
|detailschange|p2a: Raichu|Raichu-Mega-Y, L50, F
|-mega|p2a: Raichu|Raichu|Raichunite Y
|detailschange|p1b: Staraptor|Staraptor-Mega, L50, M
|-mega|p1b: Staraptor|Staraptor|Staraptite
|move|p1b: Staraptor|Protect|p1b: Staraptor
|-singleturn|p1b: Staraptor|Protect
|move|p2b: Incineroar|Fake Out|p1a: Whimsicott
|-damage|p1a: Whimsicott|86/100
|cant|p1a: Whimsicott|flinch
|move|p2a: Raichu|Zap Cannon|p1b: Staraptor
|-activate|p1b: Staraptor|move: Protect
|
|upkeep
|turn|2
|
|t:|1782234913
|switch|p2a: Primarina|Primarina, L50, M|100/100
|switch|p1b: Garchomp|Garchomp, L50, M|100/100
|move|p1a: Whimsicott|Tailwind|p1a: Whimsicott
|-sidestart|p1: lux raymundi|move: Tailwind
|move|p2b: Incineroar|Flare Blitz|p1a: Whimsicott
|-supereffective|p1a: Whimsicott|1
|-damage|p1a: Whimsicott|0 fnt
|faint|p1a: Whimsicott
|-damage|p2b: Incineroar|80/100|[from] Recoil
|
|-heal|p2b: Incineroar|86/100|[from] item: Leftovers
|upkeep
|
|t:|1782234935
|switch|p1a: Staraptor|Staraptor-Mega, L50, M|100/100
|turn|3
|
|t:|1782234941
|move|p1a: Staraptor|Brave Bird|p2a: Primarina
|-damage|p2a: Primarina|17/100
|-damage|p1a: Staraptor|68/100|[from] Recoil
|move|p1b: Garchomp|Poison Jab|p2a: Primarina
|-supereffective|p2a: Primarina|1
|-damage|p2a: Primarina|0 fnt
|faint|p2a: Primarina
|move|p2b: Incineroar|Parting Shot|p1b: Garchomp
|-unboost|p1b: Garchomp|atk|1
|-unboost|p1b: Garchomp|spa|1
|
|t:|1782234955
|switch|p2b: Scizor|Scizor, L50, F|100/100|[from] Parting Shot
|
|upkeep
|
|t:|1782234958
|switch|p2a: Raichu|Raichu-Mega-Y, L50, F|100/100
|turn|4
|
|t:|1782234970
|switch|p1b: Typhlosion|Typhlosion-Hisui, L50, F|100/100
|-item|p2a: Raichu|Raichunite Y|[from] ability: Frisk|[of] p1b: Typhlosion
|-item|p2b: Scizor|Occa Berry|[from] ability: Frisk|[of] p1b: Typhlosion
|move|p1a: Staraptor|Protect|p1a: Staraptor
|-singleturn|p1a: Staraptor|Protect
|move|p2a: Raichu|Fake Out|p1b: Typhlosion
|-immune|p1b: Typhlosion
|move|p2b: Scizor|Bullet Punch|p1a: Staraptor
|-activate|p1a: Staraptor|move: Protect
|
|upkeep
|turn|5
|
|t:|1782234991
|switch|p2a: Incineroar|Incineroar, L50, M|86/100
|-ability|p2a: Incineroar|Intimidate|boost
|-boost|p1a: Staraptor|atk|1
|-unboost|p1b: Typhlosion|atk|1
|move|p2b: Scizor|Bullet Punch|p1a: Staraptor
|-damage|p1a: Staraptor|31/100
|move|p1b: Typhlosion|Eruption|p2a: Incineroar|[spread] p2a,p2b
|-resisted|p2a: Incineroar|1
|-supereffective|p2b: Scizor|2
|-enditem|p2b: Scizor|Occa Berry|[eat]
|-enditem|p2b: Scizor|Occa Berry|[weaken]
|-damage|p2a: Incineroar|56/100
|-damage|p2b: Scizor|0 fnt
|faint|p2b: Scizor
|move|p1a: Staraptor|Close Combat|p2a: Incineroar
|-supereffective|p2a: Incineroar|1
|-damage|p2a: Incineroar|0 fnt
|-boost|p1a: Staraptor|def|1
|-boost|p1a: Staraptor|spd|1
|faint|p2a: Incineroar
|
|-sideend|p1: lux raymundi|move: Tailwind
|upkeep
|
|t:|1782234999
|switch|p2b: Raichu|Raichu-Mega-Y, L50, F|100/100
|turn|6
|
|t:|1782235005
|move|p1a: Staraptor|Protect|p1a: Staraptor
|-singleturn|p1a: Staraptor|Protect
|move|p1b: Typhlosion|Eruption|p2b: Raichu
|-damage|p2b: Raichu|0 fnt
|faint|p2b: Raichu
|
|win|lux raymundi
