|j|☆the-vsc
|j|☆rknsx17
|html|the-vscrknsx17    
|uhtml|bestof|Game 1 of a best-of-3
|t:|1783467298
|gametype|doubles
|player|p1|the-vsc|red|1013
|player|p2|rknsx17|steven|1051
|gen|9
|tier|[Gen 9 Champions] VGC 2026 Reg M-B (Bo3)
|rated|
|rule|Species Clause: Limit one of each Pokémon
|rule|Item Clause: Limit 1 of each item
|clearpoke
|poke|p1|Sinistcha, L50|
|poke|p1|Incineroar, L50, F|
|poke|p1|Aerodactyl, L50, F|
|poke|p1|Scrafty, L50, M|
|poke|p1|Gholdengo, L50|
|poke|p1|Alcremie-Mint-Cream, L50, F|
|poke|p2|Blaziken, L50, M|
|poke|p2|Kingambit, L50, F|
|poke|p2|Torkoal, L50, F|
|poke|p2|Aerodactyl, L50, M|
|poke|p2|Primarina, L50, M|
|poke|p2|Scizor, L50, M|
|teampreview|4
|showteam|p1|Sinistcha||BigRoot|Hospitality|MatchaGotcha,ShadowBall,TrickRoom,RagePowder|Quiet|||||50|]Incineroar||SitrusBerry|Intimidate|FakeOut,PartingShot,ThroatChop,FlareBlitz|Adamant||F|||50|]Aerodactyl||Aerodactylite|Unnerve|RockSlide,DualWingbeat,Tailwind,Protect|Adamant||F|||50|]Scrafty||Scraftinite|Intimidate|FakeOut,KnockOff,CloseCombat,Protect|Adamant||M|||50|]Gholdengo||LifeOrb|GoodasGold|MakeItRain,Thunderbolt,DazzlingGleam,Protect|Modest|||||50|]Alcremie-Mint-Cream||FocusSash|AromaVeil|AlluringVoice,Psychic,HelpingHand,Protect|Quiet||F|||50|
|showteam|p2|Blaziken||Blazikenite|SpeedBoost|FlareBlitz,CloseCombat,RockSlide,Protect|Adamant||M|||50|]Kingambit||LifeOrb|Defiant|KowtowCleave,IronHead,LowKick,SuckerPunch|Adamant||F|||50|]Torkoal||Leftovers|Drought|BurningJealousy,Yawn,WeatherBall,Protect|Relaxed||F|||50|]Aerodactyl||FocusSash|Unnerve|DualWingbeat,WideGuard,Tailwind,RockSlide|Jolly||M|||50|]Primarina||ExpertBelt|LiquidVoice|CalmMind,HyperVoice,Moonblast,Protect|Modest||M|||50|]Scizor||Scizorite|Technician|BulletPunch,BugBite,SwordsDance,Protect|Adamant||M|||50|
|inactive|Battle timer is ON: inactive players will automatically lose when time's up. (requested by rknsx17)
|inactive|the-vsc has 60 seconds left.
|
|t:|1783467370
|teamsize|p1|4
|teamsize|p2|4
|start
|switch|p1a: Incineroar|Incineroar, L50, F|100/100
|switch|p1b: Aerodactyl|Aerodactyl, L50, F|100/100
|switch|p2a: Kingambit|Kingambit, L50, F|100/100
|switch|p2b: Aerodactyl|Aerodactyl, L50, M|100/100
|-ability|p2b: Aerodactyl|Unnerve
|-ability|p1b: Aerodactyl|Unnerve
|-ability|p1a: Incineroar|Intimidate|boost
|-unboost|p2a: Kingambit|atk|1
|-ability|p2a: Kingambit|Defiant|boost
|-boost|p2a: Kingambit|atk|2
|-unboost|p2b: Aerodactyl|atk|1
|turn|1
|inactive|the-vsc has 30 seconds left.
|inactive|rknsx17 has 30 seconds left.
|inactive|rknsx17 has 20 seconds left.
|
|t:|1783467406
|detailschange|p1b: Aerodactyl|Aerodactyl-Mega, L50, F
|-mega|p1b: Aerodactyl|Aerodactyl|Aerodactylite
|move|p1a: Incineroar|Fake Out|p2a: Kingambit
|-resisted|p2a: Kingambit|1
|-damage|p2a: Kingambit|94/100
|move|p1b: Aerodactyl|Rock Slide|p2b: Aerodactyl|[spread] p2a,p2b
|-resisted|p2a: Kingambit|1
|-supereffective|p2b: Aerodactyl|1
|-damage|p2a: Kingambit|81/100
|-damage|p2b: Aerodactyl|4/100
|cant|p2b: Aerodactyl|flinch
|cant|p2a: Kingambit|flinch
|
|upkeep
|turn|2
|
|t:|1783467425
|move|p2b: Aerodactyl|Wide Guard|p2b: Aerodactyl
|-singleturn|p2b: Aerodactyl|Wide Guard
|move|p1b: Aerodactyl|Rock Slide|p2a: Kingambit|[spread] 
|-activate|p2a: Kingambit|move: Wide Guard
|-activate|p2b: Aerodactyl|move: Wide Guard
|move|p1a: Incineroar|Flare Blitz|p2a: Kingambit
|-supereffective|p2a: Kingambit|1
|-crit|p2a: Kingambit
|-damage|p2a: Kingambit|0 fnt
|faint|p2a: Kingambit
|-damage|p1a: Incineroar|68/100|[from] Recoil
|
|upkeep
|
|t:|1783467434
|switch|p2a: Primarina|Primarina, L50, M|100/100
|turn|3
|inactive|the-vsc has 30 seconds left.
|
|t:|1783467462
|move|p1b: Aerodactyl|Rock Slide|p2b: Aerodactyl|[spread] p2a
|-miss|p1b: Aerodactyl|p2b: Aerodactyl
|-damage|p2a: Primarina|59/100
|move|p2b: Aerodactyl|Tailwind|p2b: Aerodactyl
|-sidestart|p2: rknsx17|move: Tailwind
|move|p2a: Primarina|Hyper Voice|p1a: Incineroar|[spread] p1a,p1b
|-supereffective|p1a: Incineroar|1
|-supereffective|p1b: Aerodactyl|1
|-damage|p1a: Incineroar|0 fnt
|-damage|p1b: Aerodactyl|0 fnt
|faint|p1a: Incineroar
|faint|p1b: Aerodactyl
|
|upkeep
|
|t:|1783467473
|switch|p1b: Scrafty|Scrafty, L50, M|100/100
|switch|p1a: Gholdengo|Gholdengo, L50|100/100
|-ability|p1b: Scrafty|Intimidate|boost
|-unboost|p2a: Primarina|atk|1
|-unboost|p2b: Aerodactyl|atk|1
|turn|4
|inactive|the-vsc has 30 seconds left.
|
|t:|1783467505
|move|p2b: Aerodactyl|Wide Guard|p2b: Aerodactyl
|-singleturn|p2b: Aerodactyl|Wide Guard
|move|p1b: Scrafty|Fake Out|p2a: Primarina
|-damage|p2a: Primarina|46/100
|cant|p2a: Primarina|flinch
|move|p1a: Gholdengo|Dazzling Gleam|p2a: Primarina|[spread] 
|-activate|p2a: Primarina|move: Wide Guard
|-activate|p2b: Aerodactyl|move: Wide Guard
|
|upkeep
|turn|5
|
|t:|1783467523
|move|p1b: Scrafty|Protect|p1b: Scrafty
|-singleturn|p1b: Scrafty|Protect
|move|p2b: Aerodactyl|Wide Guard|p2b: Aerodactyl
|-singleturn|p2b: Aerodactyl|Wide Guard
|move|p2a: Primarina|Moonblast|p1b: Scrafty
|-activate|p1b: Scrafty|move: Protect
|move|p1a: Gholdengo|Thunderbolt|p2a: Primarina
|-supereffective|p2a: Primarina|1
|-damage|p2a: Primarina|0 fnt
|faint|p2a: Primarina
|-damage|p1a: Gholdengo|90/100|[from] item: Life Orb
|
|upkeep
|
|t:|1783467530
|switch|p2a: Blaziken|Blaziken, L50, M|100/100
|turn|6
|inactive|the-vsc has 30 seconds left.
|inactive|rknsx17 has 30 seconds left.
|
|t:|1783467563
|detailschange|p2a: Blaziken|Blaziken-Mega, L50, M
|-mega|p2a: Blaziken|Blaziken|Blazikenite
|move|p2b: Aerodactyl|Wide Guard|p2b: Aerodactyl
|-singleturn|p2b: Aerodactyl|Wide Guard
|move|p2a: Blaziken|Close Combat|p1b: Scrafty
|-supereffective|p1b: Scrafty|1
|-damage|p1b: Scrafty|0 fnt
|-unboost|p2a: Blaziken|def|1
|-unboost|p2a: Blaziken|spd|1
|faint|p1b: Scrafty
|move|p1a: Gholdengo|Thunderbolt|p2a: Blaziken
|-damage|p2a: Blaziken|3/100
|-damage|p1a: Gholdengo|80/100|[from] item: Life Orb
|
|-sideend|p2: rknsx17|move: Tailwind
|-ability|p2a: Blaziken|Speed Boost|boost
|-boost|p2a: Blaziken|spe|1
|upkeep
|turn|7
|
|t:|1783467585
|move|p2a: Blaziken|Flare Blitz|p1a: Gholdengo
|-supereffective|p1a: Gholdengo|1
|-damage|p1a: Gholdengo|0 fnt
|faint|p1a: Gholdengo
|-damage|p2a: Blaziken|0 fnt|[from] Recoil
|faint|p2a: Blaziken
|
|win|rknsx17
||rknsx17 is ready for game 2.
||the-vsc is ready for game 2.
|uhtml|next|Next: Game 2 of 3
|l|☆rknsx17
|player|p2|
|l|☆the-vsc
|player|p1|
|j|☆rknsx17
|player|p2|rknsx17|steven|
