|j|☆pgoiko
|j|☆chocokoala vgc
|html|pgoikochocokoala vgc    
|uhtml|bestof|Game 2 of a best-of-3
|t:|1784110143
|gametype|doubles
|player|p1|pgoiko|1|1201
|player|p2|chocokoala vgc|benga|1233
|gen|9
|tier|[Gen 9 Champions] VGC 2026 Reg M-B (Bo3)
|rated|
|rule|Species Clause: Limit one of each Pokémon
|rule|Item Clause: Limit 1 of each item
|clearpoke
|poke|p1|Aerodactyl, L50, M|
|poke|p1|Garchomp, L50, M|
|poke|p1|Kingambit, L50, M|
|poke|p1|Charizard, L50, F|
|poke|p1|Sylveon, L50, M|
|poke|p1|Farigiraf, L50, M|
|poke|p2|Slowbro, L50, F|
|poke|p2|Appletun, L50, F|
|poke|p2|Incineroar, L50, F|
|poke|p2|Glimmora, L50, F|
|poke|p2|Ninetales-Alola, L50, F|
|poke|p2|Conkeldurr, L50, F|
|teampreview|4
|showteam|p1|Aerodactyl||Aerodactylite|Unnerve|IceFang,RockSlide,Tailwind,DualWingbeat|Jolly||M|||50|]Garchomp||LifeOrb|RoughSkin|DragonClaw,StompingTantrum,Earthquake,Protect|Jolly||M|||50|]Kingambit||FocusSash|Defiant|SuckerPunch,KowtowCleave,IronHead,LowKick|Adamant||M|||50|]Charizard||CharizarditeY|Blaze|Protect,WeatherBall,HeatWave,SolarBeam|Modest||F|||50|]Sylveon||FairyFeather|Pixilate|Protect,HyperVoice,HyperBeam,QuickAttack|Modest||M|||50|]Farigiraf||SitrusBerry|ArmorTail|TrickRoom,Thunderbolt,Roar,TwinBeam|Bold||M|||50|
|showteam|p2|Slowbro||Slowbronite|Regenerator|Psychic,Scald,Protect,TrickRoom|Modest||F|||50|]Appletun||Leftovers|ThickFat|AppleAcid,DragonPulse,Protect,LeechSeed|Sassy||F|||50|]Incineroar||SitrusBerry|Intimidate|FakeOut,PartingShot,FlareBlitz,DarkestLariat|Careful||F|||50|]Glimmora||Glimmoranite|ToxicDebris|PowerGem,SludgeBomb,SpikyShield,EarthPower|Timid||F|||50|]Ninetales-Alola||LightClay|SnowWarning|Blizzard,Moonblast,Protect,AuroraVeil|Timid||F|||50|]Conkeldurr||LifeOrb|IronFist|MachPunch,DrainPunch,Protect,KnockOff|Brave||F|||50|
|inactive|Battle timer is ON: inactive players will automatically lose when time's up. (requested by chocokoala vgc)
|
|t:|1784110165
|teamsize|p1|4
|teamsize|p2|4
|start
|switch|p1a: Garchomp|Garchomp, L50, M|100/100
|switch|p1b: Kingambit|Kingambit, L50, M|100/100
|switch|p2a: Incineroar|Incineroar, L50, F|100/100
|switch|p2b: Ninetales|Ninetales-Alola, L50, F|100/100
|-weather|Snowscape|[from] ability: Snow Warning|[of] p2b: Ninetales
|-ability|p2a: Incineroar|Intimidate|boost
|-unboost|p1a: Garchomp|atk|1
|-unboost|p1b: Kingambit|atk|1
|-ability|p1b: Kingambit|Defiant|boost
|-boost|p1b: Kingambit|atk|2
|turn|1
|
|t:|1784110182
|switch|p1a: Charizard|Charizard, L50, F|100/100
|move|p2a: Incineroar|Fake Out|p1b: Kingambit
|-resisted|p1b: Kingambit|1
|-damage|p1b: Kingambit|95/100
|move|p2b: Ninetales|Moonblast|p1b: Kingambit
|-damage|p1b: Kingambit|51/100
|-unboost|p1b: Kingambit|spa|1
|-ability|p1b: Kingambit|Defiant|boost
|-boost|p1b: Kingambit|atk|2
|cant|p1b: Kingambit|flinch
|
|-weather|Snowscape|[upkeep]
|upkeep
|turn|2
|
|t:|1784110198
|detailschange|p1a: Charizard|Charizard-Mega-Y, L50, F
|-mega|p1a: Charizard|Charizard|Charizardite Y
|-weather|SunnyDay|[from] ability: Drought|[of] p1a: Charizard
|move|p2b: Ninetales|Protect|p2b: Ninetales
|-singleturn|p2b: Ninetales|Protect
|move|p1a: Charizard|Heat Wave|p2b: Ninetales|[spread] p2a
|-activate|p2b: Ninetales|move: Protect
|-resisted|p2a: Incineroar|1
|-damage|p2a: Incineroar|76/100
|move|p1b: Kingambit|Low Kick|p2a: Incineroar
|-supereffective|p2a: Incineroar|1
|-damage|p2a: Incineroar|0 fnt
|faint|p2a: Incineroar
|
|-weather|SunnyDay|[upkeep]
|upkeep
|
|t:|1784110209
|switch|p2a: Conkeldurr|Conkeldurr, L50, F|100/100
|turn|3
|
|t:|1784110219
|switch|p2b: Glimmora|Glimmora, L50, F|100/100
|move|p1b: Kingambit|Sucker Punch|p2a: Conkeldurr
|-resisted|p2a: Conkeldurr|1
|-damage|p2a: Conkeldurr|52/100
|move|p2a: Conkeldurr|Mach Punch|p1b: Kingambit
|-supereffective|p1b: Kingambit|2
|-damage|p1b: Kingambit|0 fnt
|faint|p1b: Kingambit
|-damage|p2a: Conkeldurr|42/100|[from] item: Life Orb
|move|p1a: Charizard|Heat Wave|p2a: Conkeldurr|[spread] p2a,p2b
|-resisted|p2b: Glimmora|1
|-damage|p2a: Conkeldurr|0 fnt
|-damage|p2b: Glimmora|62/100
|faint|p2a: Conkeldurr
|
|-weather|SunnyDay|[upkeep]
|upkeep
|
|t:|1784110232
|switch|p1b: Garchomp|Garchomp, L50, M|100/100
|switch|p2a: Ninetales|Ninetales-Alola, L50, F|100/100
|-weather|Snowscape|[from] ability: Snow Warning|[of] p2a: Ninetales
|turn|4
|
|t:|1784110245
|switch|p1a: Sylveon|Sylveon, L50, M|100/100
|detailschange|p2b: Glimmora|Glimmora-Mega, L50, F
|-mega|p2b: Glimmora|Glimmora|Glimmoranite
|move|p2a: Ninetales|Blizzard|p1a: Sylveon|[spread] p1a,p1b
|-supereffective|p1b: Garchomp|2
|-damage|p1a: Sylveon|76/100
|-damage|p1b: Garchomp|0 fnt
|faint|p1b: Garchomp
|move|p2b: Glimmora|Power Gem|p1a: Sylveon
|-damage|p1a: Sylveon|25/100
|
|-weather|Snowscape|[upkeep]
|upkeep
|
|t:|1784110253
|switch|p1b: Charizard|Charizard-Mega-Y, L50, F|100/100
|-weather|SunnyDay|[from] ability: Drought|[of] p1b: Charizard
|turn|5
|
|t:|1784110270
|move|p2b: Glimmora|Spiky Shield|p2b: Glimmora
|-singleturn|p2b: Glimmora|move: Protect
|move|p2a: Ninetales|Moonblast|p1a: Sylveon
|-crit|p1a: Sylveon
|-damage|p1a: Sylveon|0 fnt
|faint|p1a: Sylveon
|move|p1b: Charizard|Solar Beam||[still]
|-prepare|p1b: Charizard|Solar Beam
|-anim|p1b: Charizard|Solar Beam|p2b: Glimmora
|-activate|p2b: Glimmora|move: Protect
|
|-weather|SunnyDay|[upkeep]
|upkeep
|turn|6
|
|t:|1784110282
|move|p2a: Ninetales|Protect|p2a: Ninetales
|-singleturn|p2a: Ninetales|Protect
|move|p2b: Glimmora|Power Gem|p1b: Charizard
|-supereffective|p1b: Charizard|2
|-damage|p1b: Charizard|0 fnt
|faint|p1b: Charizard
|
|win|chocokoala vgc
|raw|pgoiko's rating: 1201 → 1178(-23 for losing)
|raw|chocokoala vgc's rating: 1233 → 1256(+23 for winning)
