|j|☆TetheredAvian74
|j|☆platanoso
|html|TetheredAvian74platanoso    
|uhtml|bestof|Game 1 of a best-of-3
|t:|1785874131
|gametype|doubles
|player|p1|TetheredAvian74|170|1172
|player|p2|platanoso|madame-gen4|1215
|gen|9
|tier|[Gen 9 Champions] VGC 2026 Reg M-B (Bo3)
|rated|
|rule|Species Clause: Limit one of each Pokémon
|rule|Item Clause: Limit 1 of each item
|clearpoke
|poke|p1|Pelipper, L50, F|
|poke|p1|Scizor, L50, F|
|poke|p1|Sinistcha, L50|
|poke|p1|Blastoise, L50, M|
|poke|p1|Archaludon, L50, M|
|poke|p1|Raichu, L50, F|
|poke|p2|Floette-Eternal, L50, F|
|poke|p2|Sneasler, L50, F|
|poke|p2|Incineroar, L50, F|
|poke|p2|Sinistcha, L50|
|poke|p2|Delphox, L50, F|
|poke|p2|Garchomp, L50, F|
|teampreview|4
|showteam|p1|Pelipper||WacanBerry|Drizzle|Tailwind,WideGuard,Hurricane,WeatherBall|Modest||F|||50|]Scizor||ExpertBelt|Technician|Feint,BulletPunch,DualWingbeat,Protect|Adamant||F|||50|]Sinistcha||SitrusBerry|Hospitality|RagePowder,LifeDew,MatchaGotcha,Protect|Calm|||||50|]Blastoise||Blastoisinite|RainDish|ShellSmash,WaterSpout,DarkPulse,Protect|Modest||M|||50|]Archaludon||Leftovers|Stamina|ElectroShot,DragonPulse,AuraSphere,Protect|Calm||M|||50|]Raichu||RaichuniteX|LightningRod|FakeOut,VoltTackle,KnockOff,BrickBreak|Jolly||F|||50|
|showteam|p2|Floette-Eternal||Floettite|FlowerVeil|DazzlingGleam,DrainingKiss,CalmMind,Protect|Modest||F|||50|]Sneasler||FocusSash|PoisonTouch|CloseCombat,PoisonJab,FakeOut,Protect|Jolly||F|||50|]Incineroar||SitrusBerry|Intimidate|FlareBlitz,DarkestLariat,PartingShot,FakeOut|Impish||F|||50|]Sinistcha||OccaBerry|Hospitality|MatchaGotcha,RagePowder,TrickRoom,Protect|Bold|||||50|]Delphox||Delphoxite|Blaze|HeatWave,Psychic,NastyPlot,Protect|Modest||F|||50|]Garchomp||ChoiceScarf|RoughSkin|DragonClaw,StompingTantrum,Earthquake,RockSlide|Adamant||F|||50|
|inactive|Battle timer is ON: inactive players will automatically lose when time's up. (requested by TetheredAvian74)
|inactive|TetheredAvian74 has 60 seconds left.
|inactive|platanoso has 60 seconds left.
|inactive|platanoso has 30 seconds left.
|inactive|platanoso has 20 seconds left.
|inactive|platanoso has 15 seconds left.
|inactive|platanoso has 10 seconds left.
|inactive|platanoso has 5 seconds left.
|
|t:|1785874219
|teamsize|p1|4
|teamsize|p2|4
|start
|switch|p1a: Raichu|Raichu, L50, F|100/100
|switch|p1b: Archaludon|Archaludon, L50, M|100/100
|switch|p2a: Sinistcha|Sinistcha, L50|100/100
|switch|p2b: Floette|Floette-Eternal, L50, F|100/100
|turn|1
|inactive|TetheredAvian74 has 30 seconds left.
|inactive|platanoso has 30 seconds left.
|inactive|TetheredAvian74 has 20 seconds left.
|inactive|platanoso has 20 seconds left.
|inactive|TetheredAvian74 has 15 seconds left.
|inactive|platanoso has 15 seconds left.
|
|t:|1785874261
|switch|p1b: Pelipper|Pelipper, L50, F|100/100
|-weather|RainDance|[from] ability: Drizzle|[of] p1b: Pelipper
|detailschange|p1a: Raichu|Raichu-Mega-X, L50, F
|-mega|p1a: Raichu|Raichu|Raichunite X
|-fieldstart|move: Electric Terrain|[from] ability: Electric Surge|[of] p1a: Raichu
|move|p2b: Floette|Protect|p2b: Floette
|-singleturn|p2b: Floette|Protect
|move|p2a: Sinistcha|Protect|p2a: Sinistcha
|-singleturn|p2a: Sinistcha|Protect
|move|p1a: Raichu|Fake Out|p2b: Floette
|-activate|p2b: Floette|move: Protect
|
|-weather|RainDance|[upkeep]
|upkeep
|turn|2
|
|t:|1785874285
|detailschange|p2b: Floette|Floette-Mega, L50, F
|-mega|p2b: Floette|Floette|Floettite
|-ability|p2b: Floette|Fairy Aura
|move|p2a: Sinistcha|Rage Powder|p2a: Sinistcha
|-singleturn|p2a: Sinistcha|move: Rage Powder
|move|p1a: Raichu|Knock Off|p2a: Sinistcha
|-supereffective|p2a: Sinistcha|1
|-damage|p2a: Sinistcha|49/100
|-enditem|p2a: Sinistcha|Occa Berry|[from] move: Knock Off|[of] p1a: Raichu
|move|p2b: Floette|Calm Mind|p2b: Floette
|-boost|p2b: Floette|spa|1
|-boost|p2b: Floette|spd|1
|move|p1b: Pelipper|Hurricane|p2a: Sinistcha
|-supereffective|p2a: Sinistcha|1
|-damage|p2a: Sinistcha|0 fnt
|faint|p2a: Sinistcha
|
|-weather|RainDance|[upkeep]
|upkeep
|
|t:|1785874308
|switch|p2a: Sneasler|Sneasler, L50, F|100/100
|turn|3
|
|t:|1785874326
|move|p2a: Sneasler|Fake Out|p1b: Pelipper
|-damage|p1b: Pelipper|85/100
|-status|p1b: Pelipper|psn|[from] ability: Poison Touch|[of] p2a: Sneasler
|move|p1a: Raichu|Volt Tackle|p2b: Floette
|-damage|p2b: Floette|18/100
|-damage|p1a: Raichu|68/100|[from] Recoil
|move|p2b: Floette|Draining Kiss|p1a: Raichu
|-damage|p1a: Raichu|0 fnt
|-heal|p2b: Floette|63/100|[from] drain|[of] p1a: Raichu
|faint|p1a: Raichu
|cant|p1b: Pelipper|flinch
|
|-weather|RainDance|[upkeep]
|-damage|p1b: Pelipper|73/100 psn|[from] psn
|upkeep
|inactive|TetheredAvian74 has 30 seconds left.
|
|t:|1785874360
|switch|p1a: Sinistcha|Sinistcha, L50|100/100
|-heal|p1b: Pelipper|97/100 psn|[from] ability: Hospitality|[of] p1a: Sinistcha
|turn|4
|
|t:|1785874378
|move|p1a: Sinistcha|Rage Powder|p1a: Sinistcha
|-singleturn|p1a: Sinistcha|move: Rage Powder
|move|p2a: Sneasler|Poison Jab|p1a: Sinistcha
|-damage|p1a: Sinistcha|62/100
|-status|p1a: Sinistcha|psn|[from] ability: Poison Touch|[of] p2a: Sneasler
|move|p2b: Floette|Draining Kiss|p1a: Sinistcha
|-damage|p1a: Sinistcha|18/100 psn
|-heal|p2b: Floette|100/100|[from] drain|[of] p1a: Sinistcha
|-enditem|p1a: Sinistcha|Sitrus Berry|[eat]
|-heal|p1a: Sinistcha|43/100 psn|[from] item: Sitrus Berry
|move|p1b: Pelipper|Tailwind|p1b: Pelipper
|-sidestart|p1: TetheredAvian74|move: Tailwind
|
|-weather|RainDance|[upkeep]
|-damage|p1b: Pelipper|85/100 psn|[from] psn
|-damage|p1a: Sinistcha|30/100 psn|[from] psn
|upkeep
|turn|5
|
|t:|1785874400
|move|p2a: Sneasler|Protect|p2a: Sneasler
|-singleturn|p2a: Sneasler|Protect
|move|p1b: Pelipper|Hurricane|p2a: Sneasler
|-activate|p2a: Sneasler|move: Protect
|move|p1a: Sinistcha|Matcha Gotcha|p2a: Sneasler|[spread] p2b
|-activate|p2a: Sneasler|move: Protect
|-damage|p2b: Floette|86/100
|-heal|p1a: Sinistcha|37/100 psn|[from] drain|[of] p2b: Floette
|move|p2b: Floette|Draining Kiss|p1b: Pelipper
|-damage|p1b: Pelipper|14/100 psn
|-heal|p2b: Floette|100/100|[from] drain|[of] p1b: Pelipper
|
|-weather|none
|-damage|p1b: Pelipper|2/100 psn|[from] psn
|-damage|p1a: Sinistcha|24/100 psn|[from] psn
|-fieldend|move: Electric Terrain
|upkeep
|turn|6
|inactive|platanoso has 30 seconds left.
|
|t:|1785874432
|switch|p1b: Archaludon|Archaludon, L50, M|100/100
|move|p2b: Floette|Protect|p2b: Floette
|-singleturn|p2b: Floette|Protect
|move|p2a: Sneasler|Close Combat|p1b: Archaludon
|-supereffective|p1b: Archaludon|1
|-damage|p1b: Archaludon|2/100
|-unboost|p2a: Sneasler|def|1
|-unboost|p2a: Sneasler|spd|1
|-ability|p1b: Archaludon|Stamina|boost
|-boost|p1b: Archaludon|def|1
|move|p1a: Sinistcha|Matcha Gotcha|p2a: Sneasler|[spread] 
|-activate|p2b: Floette|move: Protect
|-miss|p1a: Sinistcha|p2a: Sneasler
|
|-heal|p1b: Archaludon|8/100|[from] item: Leftovers
|-damage|p1a: Sinistcha|12/100 psn|[from] psn
|upkeep
|turn|7
|inactive|TetheredAvian74 has 30 seconds left.
|
|t:|1785874465
|switch|p1a: Pelipper|Pelipper, L50, F|2/100 psn
|-weather|RainDance|[from] ability: Drizzle|[of] p1a: Pelipper
|move|p1b: Archaludon|Protect|p1b: Archaludon
|-singleturn|p1b: Archaludon|Protect
|move|p2a: Sneasler|Protect|p2a: Sneasler
|-singleturn|p2a: Sneasler|Protect
|move|p2b: Floette|Dazzling Gleam|p1b: Archaludon|[spread] p1a
|-activate|p1b: Archaludon|move: Protect
|-damage|p1a: Pelipper|0 fnt
|faint|p1a: Pelipper
|
|-weather|RainDance|[upkeep]
|-heal|p1b: Archaludon|14/100|[from] item: Leftovers
|-sideend|p1: TetheredAvian74|move: Tailwind
|upkeep
|
|t:|1785874467
|switch|p1a: Sinistcha|Sinistcha, L50|12/100 psn
|-heal|p1b: Archaludon|39/100|[from] ability: Hospitality|[of] p1a: Sinistcha
|turn|8
|
|t:|1785874485
|switch|p2a: Garchomp|Garchomp, L50, F|100/100
|move|p1a: Sinistcha|Rage Powder|p1a: Sinistcha
|-singleturn|p1a: Sinistcha|move: Rage Powder
|move|p2b: Floette|Dazzling Gleam|p1a: Sinistcha|[spread] p1a,p1b
|-damage|p1a: Sinistcha|0 fnt
|-damage|p1b: Archaludon|0 fnt
|faint|p1a: Sinistcha
|faint|p1b: Archaludon
|
|win|platanoso
||TetheredAvian74 is ready for game 2.
|inactive|platanoso has 30 seconds to confirm battle start!
||platanoso is ready for game 2.
|uhtml|next|Next: Game 2 of 3
