|j|☆f snorlaxative
|j|☆spricatto
|html|f snorlaxativespricatto    
|uhtml|bestof|Game 1 of a best-of-3
|t:|1783573372
|gametype|doubles
|player|p1|f snorlaxative|pokemonrangerf-gen4|1000
|player|p2|spricatto|169|1045
|gen|9
|tier|[Gen 9 Champions] VGC 2026 Reg M-B (Bo3)
|rated|
|rule|Species Clause: Limit one of each Pokémon
|rule|Item Clause: Limit 1 of each item
|clearpoke
|poke|p1|Tyranitar, L50, M|
|poke|p1|Houndstone, L50, F|
|poke|p1|Excadrill, L50, F|
|poke|p1|Venusaur, L50, M|
|poke|p1|Staraptor, L50, F|
|poke|p1|Rotom-Wash, L50|
|poke|p2|Staraptor, L50, M|
|poke|p2|Whimsicott, L50, M|
|poke|p2|Garchomp, L50, M|
|poke|p2|Grimmsnarl, L50, M|
|poke|p2|Sinistcha, L50|
|poke|p2|Floette-Eternal, L50, F|
|teampreview|4
|showteam|p1|Tyranitar||ChoiceScarf|SandStream|RockSlide,KnockOff,IcePunch,LowKick|Jolly||M|||50|]Houndstone||SitrusBerry|SandRush|LastRespects,WillOWisp,AllySwitch,Protect|Adamant||F|||50|]Excadrill||FocusSash|SandRush|Earthquake,IronHead,RockSlide,Protect|Adamant||F|||50|]Venusaur||Venusaurite|Overgrow|SludgeBomb,EarthPower,SleepPowder,Protect|Modest||M|||50|]Staraptor||Staraptite|Intimidate|BraveBird,CloseCombat,Tailwind,Protect|Jolly||F|||50|]Rotom-Wash||Magnet|Levitate|HydroPump,Thunderbolt,VoltSwitch,Protect|Modest|||||50|
|showteam|p2|Staraptor||Staraptite|Intimidate|CloseCombat,BraveBird,Protect,Roost|Jolly||M|||50|]Whimsicott||FocusSash|Prankster|Tailwind,Charm,Moonblast,Encore|Timid||M|||50|]Garchomp||ChoiceScarf|RoughSkin|Earthquake,RockSlide,DragonClaw,IronHead|Adamant||M|||50|]Grimmsnarl||LightClay|Prankster|LightScreen,Reflect,PartingShot,FakeOut|Careful||M|||50|]Sinistcha||OccaBerry|Hospitality|TrickRoom,LifeDew,RagePowder,MatchaGotcha|Relaxed|||||50|]Floette-Eternal||Floettite|FlowerVeil|DazzlingGleam,Moonblast,CalmMind,Protect|Modest||F|||50|
|inactive|Battle timer is ON: inactive players will automatically lose when time's up. (requested by f snorlaxative)
|inactive|f snorlaxative has 60 seconds left.
|inactive|spricatto has 60 seconds left.
|
|t:|1783573407
|teamsize|p1|4
|teamsize|p2|4
|start
|switch|p1a: Tyranitar|Tyranitar, L50, M|100/100
|switch|p1b: Excadrill|Excadrill, L50, F|100/100
|switch|p2a: Staraptor|Staraptor, L50, M|100/100
|switch|p2b: Whimsicott|Whimsicott, L50, M|100/100
|-weather|Sandstorm|[from] ability: Sand Stream|[of] p1a: Tyranitar
|-ability|p2a: Staraptor|Intimidate|boost
|-unboost|p1a: Tyranitar|atk|1
|-unboost|p1b: Excadrill|atk|1
|turn|1
|
|t:|1783573429
|switch|p1a: Staraptor|Staraptor, L50, F|100/100
|-ability|p1a: Staraptor|Intimidate|boost
|-unboost|p2a: Staraptor|atk|1
|-unboost|p2b: Whimsicott|atk|1
|detailschange|p2a: Staraptor|Staraptor-Mega, L50, M
|-mega|p2a: Staraptor|Staraptor|Staraptite
|move|p2b: Whimsicott|Tailwind|p2b: Whimsicott
|-sidestart|p2: spricatto|move: Tailwind
|move|p2a: Staraptor|Close Combat|p1a: Staraptor
|-damage|p1a: Staraptor|46/100
|-boost|p2a: Staraptor|def|1
|-boost|p2a: Staraptor|spd|1
|move|p1b: Excadrill|Iron Head|p2b: Whimsicott
|-supereffective|p2b: Whimsicott|1
|-damage|p2b: Whimsicott|9/100
|
|-weather|Sandstorm|[upkeep]
|-damage|p2b: Whimsicott|3/100|[from] Sandstorm
|-damage|p2a: Staraptor|94/100|[from] Sandstorm
|-damage|p1a: Staraptor|40/100|[from] Sandstorm
|upkeep
|turn|2
|
|t:|1783573453
|switch|p1b: Houndstone|Houndstone, L50, F|100/100
|detailschange|p1a: Staraptor|Staraptor-Mega, L50, F
|-mega|p1a: Staraptor|Staraptor|Staraptite
|move|p1a: Staraptor|Protect|p1a: Staraptor
|-singleturn|p1a: Staraptor|Protect
|move|p2b: Whimsicott|Charm|p2a: Staraptor
|-boost|p2a: Staraptor|atk|2
|move|p2a: Staraptor|Close Combat|p1a: Staraptor
|-activate|p1a: Staraptor|move: Protect
|
|-weather|Sandstorm|[upkeep]
|-damage|p2b: Whimsicott|0 fnt|[from] Sandstorm
|-damage|p2a: Staraptor|88/100|[from] Sandstorm
|-damage|p1a: Staraptor|34/100|[from] Sandstorm
|faint|p2b: Whimsicott
|upkeep
|
|t:|1783573464
|switch|p2b: Grimmsnarl|Grimmsnarl, L50, M|100/100
|turn|3
|
|t:|1783573474
|move|p1b: Houndstone|Ally Switch|p1b: Houndstone
|swap|p1b: Houndstone|0|[from] move: Ally Switch
|move|p2b: Grimmsnarl|Reflect|p2b: Grimmsnarl
|-sidestart|p2: spricatto|Reflect
|move|p2a: Staraptor|Close Combat|p1a: Houndstone
|-immune|p1a: Houndstone
|move|p1b: Staraptor|Brave Bird|p2a: Staraptor
|-supereffective|p2a: Staraptor|1
|-damage|p2a: Staraptor|32/100
|-damage|p1b: Staraptor|17/100|[from] Recoil
|
|-weather|Sandstorm|[upkeep]
|-damage|p2a: Staraptor|26/100|[from] Sandstorm
|-damage|p1b: Staraptor|12/100|[from] Sandstorm
|-damage|p2b: Grimmsnarl|94/100|[from] Sandstorm
|upkeep
|turn|4
|
|t:|1783573493
|move|p2b: Grimmsnarl|Parting Shot|p1a: Houndstone
|-unboost|p1a: Houndstone|atk|1
|-unboost|p1a: Houndstone|spa|1
|
|t:|1783573496
|switch|p2b: Sinistcha|Sinistcha, L50|100/100|[from] Parting Shot
|-heal|p2a: Staraptor|50/100g|[from] ability: Hospitality|[of] p2b: Sinistcha
|move|p2a: Staraptor|Brave Bird|p1b: Staraptor
|-supereffective|p1b: Staraptor|1
|-damage|p1b: Staraptor|0 fnt
|faint|p1b: Staraptor
|-damage|p2a: Staraptor|46/100|[from] Recoil
|move|p1a: Houndstone|Last Respects|p2a: Staraptor
|-damage|p2a: Staraptor|31/100
|
|-weather|Sandstorm|[upkeep]
|-damage|p2a: Staraptor|25/100|[from] Sandstorm
|-damage|p2b: Sinistcha|93/100|[from] Sandstorm
|-sideend|p2: spricatto|move: Tailwind
|upkeep
|
|t:|1783573511
|switch|p1b: Excadrill|Excadrill, L50, F|100/100
|turn|5
|
|t:|1783573523
|move|p2a: Staraptor|Protect|p2a: Staraptor
|-singleturn|p2a: Staraptor|Protect
|move|p1b: Excadrill|Rock Slide|p2b: Sinistcha|[spread] p2b
|-activate|p2a: Staraptor|move: Protect
|-damage|p2b: Sinistcha|81/100
|move|p1a: Houndstone|Will-O-Wisp|p2a: Staraptor
|-activate|p2a: Staraptor|move: Protect
|move|p2b: Sinistcha|Life Dew|p2b: Sinistcha|[spread] p2a,p2b
|-heal|p2a: Staraptor|50/100g
|-heal|p2b: Sinistcha|100/100
|
|-weather|none
|upkeep
|turn|6
|inactive|f snorlaxative has 30 seconds left.
|inactive|f snorlaxative has 20 seconds left.
|
|t:|1783573559
|move|p1b: Excadrill|Protect|p1b: Excadrill
|-singleturn|p1b: Excadrill|Protect
|move|p2b: Sinistcha|Rage Powder|p2b: Sinistcha
|-singleturn|p2b: Sinistcha|move: Rage Powder
|move|p2a: Staraptor|Close Combat|p1b: Excadrill
|-activate|p1b: Excadrill|move: Protect
|move|p1a: Houndstone|Will-O-Wisp|p2b: Sinistcha
|-status|p2b: Sinistcha|brn
|
|-damage|p2b: Sinistcha|93/100 brn|[from] brn
|upkeep
|turn|7
|
|t:|1783573573
|switch|p1a: Tyranitar|Tyranitar, L50, M|100/100
|-weather|Sandstorm|[from] ability: Sand Stream|[of] p1a: Tyranitar
|move|p1b: Excadrill|Rock Slide|p2a: Staraptor|[spread] p2a
|-miss|p1b: Excadrill|p2b: Sinistcha
|-damage|p2a: Staraptor|40/100
|cant|p2a: Staraptor|flinch
|move|p2b: Sinistcha|Matcha Gotcha|p1b: Excadrill|[spread] p1a,p1b
|-supereffective|p1a: Tyranitar|1
|-damage|p1a: Tyranitar|68/100
|-heal|p2b: Sinistcha|100/100 brn|[from] drain|[of] p1a: Tyranitar
|-damage|p1b: Excadrill|67/100
|
|-weather|Sandstorm|[upkeep]
|-damage|p2a: Staraptor|34/100|[from] Sandstorm
|-damage|p2b: Sinistcha|93/100 brn|[from] Sandstorm
|-damage|p2b: Sinistcha|87/100 brn|[from] brn
|upkeep
|turn|8
|
|t:|1783573597
|move|p2a: Staraptor|Protect|p2a: Staraptor
|-singleturn|p2a: Staraptor|Protect
|move|p1b: Excadrill|Rock Slide|p2a: Staraptor|[spread] p2b
|-activate|p2a: Staraptor|move: Protect
|-damage|p2b: Sinistcha|74/100 brn
|move|p1a: Tyranitar|Rock Slide|p2b: Sinistcha|[spread] 
|-activate|p2a: Staraptor|move: Protect
|-miss|p1a: Tyranitar|p2b: Sinistcha
|move|p2b: Sinistcha|Trick Room|p2b: Sinistcha
|-fieldstart|move: Trick Room|[of] p2b: Sinistcha
|
|-weather|Sandstorm|[upkeep]
|-damage|p2b: Sinistcha|68/100 brn|[from] Sandstorm
|-damage|p2a: Staraptor|28/100|[from] Sandstorm
|-damage|p2b: Sinistcha|62/100 brn|[from] brn
|upkeep
|turn|9
|
|t:|1783573619
|switch|p1a: Houndstone|Houndstone, L50, F|100/100
|move|p1b: Excadrill|Protect|p1b: Excadrill
|-singleturn|p1b: Excadrill|Protect
|move|p2b: Sinistcha|Life Dew|p2b: Sinistcha|[spread] p2a,p2b
|-heal|p2a: Staraptor|53/100
|-heal|p2b: Sinistcha|87/100 brn
|move|p2a: Staraptor|Close Combat|p1b: Excadrill
|-activate|p1b: Excadrill|move: Protect
|
|-weather|Sandstorm|[upkeep]
|-damage|p2b: Sinistcha|81/100 brn|[from] Sandstorm
|-damage|p2a: Staraptor|47/100|[from] Sandstorm
|-damage|p2b: Sinistcha|75/100 brn|[from] brn
|upkeep
|turn|10
|
|t:|1783573637
|move|p2b: Sinistcha|Rage Powder|p2b: Sinistcha
|-singleturn|p2b: Sinistcha|move: Rage Powder
|move|p2a: Staraptor|Close Combat|p1b: Excadrill
|-supereffective|p1b: Excadrill|1
|-damage|p1b: Excadrill|0 fnt
|-boost|p2a: Staraptor|def|1
|-boost|p2a: Staraptor|spd|1
|faint|p1b: Excadrill
|move|p1a: Houndstone|Last Respects|p2b: Sinistcha
|-supereffective|p2b: Sinistcha|1
|-damage|p2b: Sinistcha|1/100 brn
|
|-weather|Sandstorm|[upkeep]
|-damage|p2b: Sinistcha|0 fnt|[from] Sandstorm
|-damage|p2a: Staraptor|41/100|[from] Sandstorm
|faint|p2b: Sinistcha
|-sideend|p2: spricatto|Reflect
|upkeep
|
|t:|1783573650
|switch|p2b: Grimmsnarl|Grimmsnarl, L50, M|94/100
|switch|p1b: Tyranitar|Tyranitar, L50, M|68/100
|turn|11
|
|t:|1783573664
|move|p2b: Grimmsnarl|Fake Out|p1b: Tyranitar
|-resisted|p1b: Tyranitar|1
|-damage|p1b: Tyranitar|62/100
|move|p1a: Houndstone|Ally Switch|p1a: Houndstone
|swap|p1a: Houndstone|1|[from] move: Ally Switch
|move|p2a: Staraptor|Close Combat|p1b: Houndstone
|-immune|p1b: Houndstone
|cant|p1a: Tyranitar|flinch
|
|-weather|none
|upkeep
|turn|12
|
|t:|1783573679
|move|p2b: Grimmsnarl|Reflect|p2b: Grimmsnarl
|-sidestart|p2: spricatto|Reflect
|move|p1b: Houndstone|Last Respects|p2a: Staraptor
|-damage|p2a: Staraptor|19/100
|move|p2a: Staraptor|Close Combat|p1a: Tyranitar
|-supereffective|p1a: Tyranitar|2
|-damage|p1a: Tyranitar|0 fnt
|-boost|p2a: Staraptor|def|1
|-boost|p2a: Staraptor|spd|1
|faint|p1a: Tyranitar
|
|-fieldend|move: Trick Room
|upkeep
|turn|13
|
|t:|1783573694
|move|p2b: Grimmsnarl|Parting Shot|p1b: Houndstone
|-unboost|p1b: Houndstone|atk|1
|-unboost|p1b: Houndstone|spa|1
|move|p2a: Staraptor|Roost|p2a: Staraptor
|-heal|p2a: Staraptor|69/100
|-singleturn|p2a: Staraptor|move: Roost
|move|p1b: Houndstone|Last Respects|p2a: Staraptor
|-damage|p2a: Staraptor|54/100
|
|upkeep
|turn|14
|
|t:|1783573705
|move|p2b: Grimmsnarl|Parting Shot|p1b: Houndstone
|-unboost|p1b: Houndstone|atk|1
|-unboost|p1b: Houndstone|spa|1
|move|p2a: Staraptor|Brave Bird|p1b: Houndstone
|-damage|p1b: Houndstone|3/100
|-enditem|p1b: Houndstone|Sitrus Berry|[eat]
|-heal|p1b: Houndstone|28/100|[from] item: Sitrus Berry
|-damage|p2a: Staraptor|20/100y|[from] Recoil
|move|p1b: Houndstone|Last Respects|p2b: Grimmsnarl
|-resisted|p2b: Grimmsnarl|1
|-damage|p2b: Grimmsnarl|81/100
|
|upkeep
|turn|15
|-message|f snorlaxative forfeited.
|
|win|spricatto
|l|☆f snorlaxative
|player|p1|
|raw|f snorlaxative's rating: 1000 → 1000(+0 for losing)
|raw|spricatto's rating: 1045 → 1074(+29 for winning)
