|j|☆test220102
|j|☆14#coder9
|html|test22010214#coder9    
|uhtml|bestof|Game 2 of a best-of-3
|t:|1756842975
|gametype|doubles
|player|p1|test220102|1|1009
|player|p2|14#coder9|unknown|1137
|gen|9
|tier|[Gen 9] VGC 2025 Reg H (Bo3)
|rated|
|rule|Species Clause: Limit one of each Pokémon
|rule|Item Clause: Limit 1 of each item
|clearpoke
|poke|p1|Incineroar, L50, M|
|poke|p1|Sinistcha, L50|
|poke|p1|Ursaluna-Bloodmoon, L50, M|
|poke|p1|Primarina, L50, M|
|poke|p1|Ribombee, L50, M|
|poke|p1|Archaludon, L50, M|
|poke|p2|Kingambit, L50, F|
|poke|p2|Electabuzz, L50, M|
|poke|p2|Dragapult, L50, M|
|poke|p2|Volcarona, L50, M|
|poke|p2|Rillaboom, L50, F|
|poke|p2|Ninetales-Alola, L50, M|
|teampreview|4
|showteam|p1|Incineroar||AssaultVest|Intimidate|FakeOut,Uturn,KnockOff,FlareBlitz|||M|||50|,,,,,Ghost]Sinistcha||RockyHelmet|Hospitality|Protect,RagePowder,ShadowBall,StrengthSap||||||50|,,,,,Water]Ursaluna-Bloodmoon||SilkScarf|MindsEye|Protect,BloodMoon,HyperVoice,EarthPower|||M|||50|,,,,,Ghost]Primarina||SitrusBerry|LiquidVoice|Protect,HyperVoice,Moonblast,Haze|||M|||50|,,,,,Steel]Ribombee||FocusSash|ShieldDust|Tailwind,PollenPuff,Moonblast,HelpingHand|||M|||50|,,,,,Water]Archaludon|||Sturdy|Protect,FlashCannon,DragonPulse|||M|||50|,,,,,Ghost
|showteam|p2|Kingambit||BlackGlasses|Defiant|Protect,KowtowCleave,SuckerPunch,SwordsDance|||F|||50|,,,,,Dark]Electabuzz||Eviolite|VitalSpirit|Protect,Thunderbolt,HelpingHand,FollowMe|||M|||50|,,,,,Ghost]Dragapult||ChoiceSpecs|Infiltrator|DracoMeteor,ShadowBall,FireBlast,Uturn|||M|||50|,,,,,Steel]Volcarona||CovertCloak|FlameBody|Protect,HeatWave,GigaDrain,QuiverDance|||M|||50|,,,,,Fairy]Rillaboom||AssaultVest|GrassySurge|WoodHammer,GrassyGlide,Uturn,FakeOut|||F|||50|,,,,,Fire]Ninetales-Alola||LightClay|SnowWarning|FreezeDry,Moonblast,AuroraVeil,Protect|||M|||50|,,,,,Fire
|inactive|Battle timer is ON: inactive players will automatically lose when time's up. (requested by test220102)
|inactive|14#coder9 has 60 seconds left.
|
|t:|1756843026
|teamsize|p1|4
|teamsize|p2|4
|start
|switch|p1a: Ursaluna|Ursaluna-Bloodmoon, L50, M|100/100
|switch|p1b: Ribombee|Ribombee, L50, M|100/100
|switch|p2a: Volcarona|Volcarona, L50, M, shiny|100/100
|switch|p2b: Electabuzz|Electabuzz, L50, M|100/100
|turn|1
|
|t:|1756843043
|switch|p1b: Primarina|Primarina, L50, M|100/100
|move|p2b: Electabuzz|Follow Me|p2b: Electabuzz
|-singleturn|p2b: Electabuzz|move: Follow Me
|move|p2a: Volcarona|Quiver Dance|p2a: Volcarona
|-boost|p2a: Volcarona|spa|1
|-boost|p2a: Volcarona|spd|1
|-boost|p2a: Volcarona|spe|1
|move|p1a: Ursaluna|Earth Power|p2b: Electabuzz
|-supereffective|p2b: Electabuzz
|-damage|p2b: Electabuzz|8/100
|
|upkeep
|turn|2
|inactive|14#coder9 has 30 seconds left.
|
|t:|1756843077
|-terastallize|p2a: Volcarona|Fairy
|-terastallize|p1b: Primarina|Steel
|move|p2b: Electabuzz|Helping Hand|p2a: Volcarona
|-singleturn|p2a: Volcarona|Helping Hand|[of] p2b: Electabuzz
|move|p2a: Volcarona|Giga Drain|p1a: Ursaluna
|-supereffective|p1a: Ursaluna
|-damage|p1a: Ursaluna|0 fnt
|faint|p1a: Ursaluna
|move|p1b: Primarina|Haze|p1b: Primarina
|-clearallboost
|
|upkeep
|
|t:|1756843093
|switch|p1a: Ribombee|Ribombee, L50, M|100/100
|turn|3
|
|t:|1756843103
|move|p2b: Electabuzz|Helping Hand|p2a: Volcarona
|-singleturn|p2a: Volcarona|Helping Hand|[of] p2b: Electabuzz
|move|p1a: Ribombee|Tailwind|p1a: Ribombee
|-sidestart|p1: test220102|move: Tailwind
|move|p1b: Primarina|Hyper Voice|p2b: Electabuzz|[spread] p2a,p2b
|-crit|p2a: Volcarona
|-damage|p2a: Volcarona|48/100
|-damage|p2b: Electabuzz|0 fnt
|faint|p2b: Electabuzz
|move|p2a: Volcarona|Heat Wave|p1a: Ribombee|[spread] p1a,p1b
|-supereffective|p1a: Ribombee
|-supereffective|p1b: Primarina
|-enditem|p1a: Ribombee|Focus Sash
|-damage|p1a: Ribombee|1/100
|-damage|p1b: Primarina|8/100
|-enditem|p1b: Primarina|Sitrus Berry|[eat]
|-heal|p1b: Primarina|33/100|[from] item: Sitrus Berry
|
|upkeep
|
|t:|1756843117
|switch|p2b: Kingambit|Kingambit, L50, F|100/100
|turn|4
|
|t:|1756843129
|switch|p1a: Sinistcha|Sinistcha, L50|100/100
|-heal|p1b: Primarina|58/100|[from] ability: Hospitality|[of] p1a: Sinistcha
|move|p2b: Kingambit|Sucker Punch|p1b: Primarina
|-damage|p1b: Primarina|1/100
|move|p1b: Primarina|Moonblast|p2a: Volcarona
|-damage|p2a: Volcarona|5/100
|move|p2a: Volcarona|Heat Wave|p1a: Sinistcha|[spread] p1a,p1b
|-supereffective|p1a: Sinistcha
|-supereffective|p1b: Primarina
|-damage|p1a: Sinistcha|1/100
|-damage|p1b: Primarina|0 fnt
|faint|p1b: Primarina
|
|upkeep
|
|t:|1756843136
|switch|p1b: Ribombee|Ribombee, L50, M|1/100
|turn|5
|
|t:|1756843153
|move|p2a: Volcarona|Protect|p2a: Volcarona
|-singleturn|p2a: Volcarona|Protect
|move|p2b: Kingambit|Protect|p2b: Kingambit
|-singleturn|p2b: Kingambit|Protect
|move|p1a: Sinistcha|Rage Powder|p1a: Sinistcha
|-singleturn|p1a: Sinistcha|move: Rage Powder
|move|p1b: Ribombee|Moonblast|p2a: Volcarona
|-activate|p2a: Volcarona|move: Protect
|
|upkeep
|turn|6
|inactive|test220102 has 30 seconds left.
|inactive|14#coder9 has 30 seconds left.
|
|t:|1756843184
|switch|p2a: Ninetales|Ninetales-Alola, L50, M|100/100
|-weather|Snowscape|[from] ability: Snow Warning|[of] p2a: Ninetales
|move|p1b: Ribombee|Moonblast|p2a: Ninetales
|-damage|p2a: Ninetales|60/100
|move|p1a: Sinistcha|Shadow Ball|p2a: Ninetales
|-damage|p2a: Ninetales|12/100
|move|p2b: Kingambit|Kowtow Cleave|p1a: Sinistcha
|-supereffective|p1a: Sinistcha
|-damage|p1a: Sinistcha|0 fnt
|-damage|p2b: Kingambit|84/100|[from] item: Rocky Helmet|[of] p1a: Sinistcha
|faint|p1a: Sinistcha
|
|-weather|Snowscape|[upkeep]
|-sideend|p1: test220102|move: Tailwind
|upkeep
|turn|7
|-message|test220102 forfeited.
|
|win|14#coder9
|l|☆test220102
|player|p1|
||test220102 is ready for game 3.
|inactive|14#coder9 has 30 seconds to confirm battle start!
|inactive|14#coder9 has 20 seconds to confirm battle start!
||14#coder9 is ready for game 3.
|uhtml|next|Next: Game 3 of 3
