|j|☆shaboogles
|j|☆3Soul3
|html|shaboogles3Soul3    
|uhtml|bestof|Game 1 of a best-of-3
|t:|1784027666
|gametype|doubles
|player|p1|shaboogles|rosa|
|player|p2|3Soul3|iris-gen5bw2|
|gen|9
|tier|[Gen 9 Champions] VGC 2026 Reg M-B (Bo3)
|rule|Species Clause: Limit one of each Pokémon
|rule|Item Clause: Limit 1 of each item
|clearpoke
|poke|p1|Chandelure, L50, M|
|poke|p1|Chesnaught, L50, M|
|poke|p1|Greninja, L50, M|
|poke|p1|Rotom-Mow, L50|
|poke|p1|Krookodile, L50, F|
|poke|p1|Ariados, L50, F|
|poke|p2|Floette-Eternal, L50, F|
|poke|p2|Scovillain, L50, F|
|poke|p2|Ampharos, L50, M|
|poke|p2|Hawlucha, L50, M|
|poke|p2|Salazzle, L50, F|
|poke|p2|Absol, L50, F|
|teampreview|4
|showteam|p1|Chandelure||Chandelurite|Infiltrator|HeatWave,ShadowBall,TrickRoom,Protect|Modest||M|||50|]Chesnaught||RoseliBerry|Bulletproof|WoodHammer,SpikyShield,HammerArm,WideGuard|Adamant||M|||50|]Greninja||Greninjite|Torrent|IcyWind,Protect,HydroPump,DarkPulse|Timid||M|||50|]Rotom-Mow||ChoiceScarf|Levitate|Thunderbolt,LeafStorm,Electroweb,VoltSwitch|Timid|||||50|]Krookodile||PasshoBerry|Intimidate|Crunch,Taunt,Protect,HighHorsepower|Adamant||F|||50|]Ariados||ScopeLens|Sniper|CrossPoison,Protect,RagePowder|Impish||F|||50|
|showteam|p2|Floette-Eternal||FairyFeather|FlowerVeil|CalmMind,DazzlingGleam,Moonblast,Protect|Modest||F|||50|]Scovillain||FocusSash|Moody|RagePowder,HelpingHand,Flamethrower,Protect|Serious||F|||50|]Ampharos||Ampharosite|Static|Discharge,Thunderbolt,DragonPulse,Protect|Quiet||M|||50|]Hawlucha||Hawluchanite|MoldBreaker|FlyingPress,Encore,Detect,BulkUp|Jolly||M|||50|]Salazzle||SitrusBerry|Oblivious|WillOWisp,HelpingHand,FakeOut,Flamethrower|Timid||F|||50|]Absol||ChoiceScarf|SuperLuck|NightSlash,CloseCombat,PsychoCut,Megahorn|Jolly||F|||50|
|c|☆shaboogles|glhf goat!
|c|☆3Soul3|Glhf!!!!
|
|t:|1784027738
|teamsize|p1|4
|teamsize|p2|4
|start
|switch|p1a: Greninja|Greninja, L50, M|100/100
|switch|p1b: Chandelure|Chandelure, L50, M|100/100
|switch|p2a: Salazzle|Salazzle, L50, F|100/100
|switch|p2b: Absol|Absol, L50, F|100/100
|turn|1
|
|t:|1784027782
|switch|p2a: Floette|Floette-Eternal, L50, F|100/100
|switch|p1b: Ariados|Ariados, L50, F|100/100
|move|p1a: Greninja|Protect|p1a: Greninja
|-singleturn|p1a: Greninja|Protect
|move|p2b: Absol|Night Slash|p1b: Ariados
|-crit|p1b: Ariados
|-damage|p1b: Ariados|38/100
|
|upkeep
|turn|2
|
|t:|1784027821
|detailschange|p1a: Greninja|Greninja-Mega, L50, M
|-mega|p1a: Greninja|Greninja|Greninjite
|move|p1a: Greninja|Icy Wind|p2b: Absol|[spread] p2a,p2b
|-start|p1a: Greninja|typechange|Ice|[from] ability: Protean
|-damage|p2a: Floette|80/100
|-damage|p2b: Absol|57/100
|-unboost|p2a: Floette|spe|1
|-unboost|p2b: Absol|spe|1
|move|p2b: Absol|Night Slash|p1b: Ariados
|-crit|p1b: Ariados
|-damage|p1b: Ariados|0 fnt
|faint|p1b: Ariados
|move|p2a: Floette|Moonblast|p1a: Greninja
|-damage|p1a: Greninja|18/100
|
|upkeep
|
|t:|1784027831
|switch|p1b: Chandelure|Chandelure, L50, M|100/100
|turn|3
|
|t:|1784027871
|move|p1a: Greninja|Hydro Pump|p2b: Absol
|-damage|p2b: Absol|0 fnt
|faint|p2b: Absol
|move|p2a: Floette|Dazzling Gleam|p1a: Greninja|[spread] p1a,p1b
|-crit|p1a: Greninja
|-resisted|p1b: Chandelure|1
|-damage|p1a: Greninja|0 fnt
|-damage|p1b: Chandelure|77/100
|faint|p1a: Greninja
|move|p1b: Chandelure|Trick Room|p1b: Chandelure
|-fieldstart|move: Trick Room|[of] p1b: Chandelure
|
|upkeep
|
|t:|1784027891
|switch|p2b: Hawlucha|Hawlucha, L50, M|100/100
|switch|p1a: Krookodile|Krookodile, L50, F|100/100
|-ability|p1a: Krookodile|Intimidate|boost
|-unboost|p2a: Floette|atk|1
|-unboost|p2b: Hawlucha|atk|1
|-ability|p2b: Hawlucha|Mold Breaker
|turn|4
|
|t:|1784027930
|move|p2a: Floette|Protect|p2a: Floette
|-singleturn|p2a: Floette|Protect
|move|p2b: Hawlucha|Detect|p2b: Hawlucha
|-singleturn|p2b: Hawlucha|Protect
|move|p1b: Chandelure|Heat Wave|p2a: Floette|[spread] 
|-activate|p2a: Floette|move: Protect
|-activate|p2b: Hawlucha|move: Protect
|move|p1a: Krookodile|High Horsepower|p2a: Floette
|-activate|p2a: Floette|move: Protect
|
|upkeep
|turn|5
|
|t:|1784027952
|detailschange|p2b: Hawlucha|Hawlucha-Mega, L50, M
|-mega|p2b: Hawlucha|Hawlucha|Hawluchanite
|move|p2a: Floette|Moonblast|p1a: Krookodile
|-supereffective|p1a: Krookodile|1
|-damage|p1a: Krookodile|0 fnt
|faint|p1a: Krookodile
|move|p1b: Chandelure|Heat Wave|p2a: Floette|[spread] p2a,p2b
|-damage|p2a: Floette|43/100
|-damage|p2b: Hawlucha|45/100
|move|p2b: Hawlucha|Flying Press|p1b: Chandelure
|-immune|p1b: Chandelure
|
|upkeep
|turn|6
|
|t:|1784027995
|move|p2a: Floette|Moonblast|p1b: Chandelure
|-resisted|p1b: Chandelure|1
|-damage|p1b: Chandelure|42/100
|-unboost|p1b: Chandelure|spa|1
|move|p1b: Chandelure|Heat Wave|p2b: Hawlucha|[spread] p2a,p2b
|-damage|p2a: Floette|18/100
|-damage|p2b: Hawlucha|13/100
|move|p2b: Hawlucha|Encore|p1b: Chandelure
|-start|p1b: Chandelure|Encore
|
|upkeep
|turn|7
|
|t:|1784028012
|move|p2a: Floette|Moonblast|p1b: Chandelure
|-resisted|p1b: Chandelure|1
|-damage|p1b: Chandelure|7/100
|move|p1b: Chandelure|Heat Wave|p2a: Floette|[spread] p2a,p2b
|-damage|p2a: Floette|0 fnt
|-damage|p2b: Hawlucha|0 fnt
|faint|p2a: Floette
|faint|p2b: Hawlucha
|
|-fieldend|move: Trick Room
|upkeep
|
|t:|1784028029
|switch|p2a: Salazzle|Salazzle, L50, F|100/100
|turn|8
|
|t:|1784028035
|move|p2a: Salazzle|Flamethrower|p1b: Chandelure
|-resisted|p1b: Chandelure|1
|-damage|p1b: Chandelure|0 fnt
|faint|p1b: Chandelure
|
|win|3Soul3
||shaboogles is ready for game 2.
||3Soul3 is ready for game 2.
|uhtml|next|Next: Game 2 of 3
|l|☆3Soul3
|player|p2|
