|j|☆failandimprove3
|j|☆sadnessvgc
|html|failandimprove3sadnessvgc    
|uhtml|bestof|Game 3 of a best-of-3
|t:|1784028418
|gametype|doubles
|player|p1|failandimprove3|2|1421
|player|p2|sadnessvgc|agatha-gen1rb|1372
|gen|9
|tier|[Gen 9 Champions] VGC 2026 Reg M-B (Bo3)
|rated|
|rule|Species Clause: Limit one of each Pokémon
|rule|Item Clause: Limit 1 of each item
|clearpoke
|poke|p1|Charizard, L50, M|
|poke|p1|Floette-Eternal, L50, F|
|poke|p1|Garchomp, L50, F|
|poke|p1|Kingambit, L50, M|
|poke|p1|Basculegion, L50, M|
|poke|p1|Whimsicott, L50, M|
|poke|p2|Charizard, L50, F, shiny|
|poke|p2|Grimmsnarl, L50, M, shiny|
|poke|p2|Pelipper, L50, F, shiny|
|poke|p2|Archaludon, L50, F, shiny|
|poke|p2|Basculegion, L50, M, shiny|
|poke|p2|Venusaur, L50, M, shiny|
|teampreview|4
|showteam|p1|Charizard||CharizarditeY|Blaze|HeatWave,WeatherBall,SolarBeam,Protect|Modest||M|||50|]Floette-Eternal||Floettite|FlowerVeil|Moonblast,DazzlingGleam,LightofRuin,Protect|Timid||F|||50|]Garchomp||LifeOrb|RoughSkin|Earthquake,DragonClaw,RockSlide,Protect|Jolly||F|||50|]Kingambit||OccaBerry|Defiant|KowtowCleave,SuckerPunch,IronHead,LowKick|Adamant||M|||50|]Basculegion||MysticWater|Adaptability|WaveCrash,LastRespects,AquaJet,Protect|Adamant||M|||50|]Whimsicott||FocusSash|Prankster|Moonblast,Tailwind,Encore,Protect|Timid||M|||50|
|showteam|p2|Charizard||CharizarditeY|Blaze|HeatWave,WeatherBall,SolarBeam,Protect|Modest||F|||50|]Grimmsnarl||LightClay|Prankster|SpiritBreak,Reflect,LightScreen,PartingShot|Sassy||M|||50|]Pelipper||SitrusBerry|Drizzle|WeatherBall,Hurricane,Tailwind,WideGuard|Modest||F|||50|]Archaludon||Leftovers|Stamina|FlashCannon,DragonPulse,ElectroShot,Protect|Calm||F|||50|]Basculegion||ChoiceScarf|Adaptability|WaveCrash,AquaJet,LastRespects,FlipTurn|Jolly||M|||50|]Venusaur||FocusSash|Chlorophyll|SludgeBomb,EarthPower,SleepPowder,Protect|Modest||M|||50|
|inactive|Battle timer is ON: inactive players will automatically lose when time's up. (requested by failandimprove3)
|inactive|failandimprove3 has 60 seconds left.
|inactive|sadnessvgc has 60 seconds left.
|inactive|failandimprove3 has 30 seconds left.
|
|t:|1784028482
|teamsize|p1|4
|teamsize|p2|4
|start
|switch|p1a: Kingambit|Kingambit, L50, M|100/100
|switch|p1b: Whimsicott|Whimsicott, L50, M|100/100
|switch|p2a: Grimmsnarl|Grimmsnarl, L50, M, shiny|100/100
|switch|p2b: Basculegion|Basculegion, L50, M, shiny|100/100
|turn|1
|
|t:|1784028501
|move|p2a: Grimmsnarl|Reflect|p2a: Grimmsnarl
|-sidestart|p2: sadnessvgc|Reflect
|move|p2b: Basculegion|Wave Crash|p1a: Kingambit
|-damage|p1a: Kingambit|45/100
|-damage|p2b: Basculegion|81/100|[from] Recoil
|move|p1b: Whimsicott|Moonblast|p2a: Grimmsnarl
|-supereffective|p2a: Grimmsnarl|1
|-damage|p2a: Grimmsnarl|40/100
|move|p1a: Kingambit|Iron Head|p2a: Grimmsnarl
|-supereffective|p2a: Grimmsnarl|1
|-damage|p2a: Grimmsnarl|0 fnt
|faint|p2a: Grimmsnarl
|
|upkeep
|
|t:|1784028514
|switch|p2a: Charizard|Charizard, L50, F, shiny|100/100
|turn|2
|inactive|failandimprove3 has 30 seconds left.
|inactive|failandimprove3 has 20 seconds left.
|inactive|failandimprove3 has 15 seconds left.
|
|t:|1784028555
|move|p1b: Whimsicott|Tailwind|p1b: Whimsicott
|-sidestart|p1: failandimprove3|move: Tailwind
|move|p2b: Basculegion|Wave Crash|p1b: Whimsicott
|-resisted|p1b: Whimsicott|1
|-damage|p1b: Whimsicott|46/100
|-damage|p2b: Basculegion|68/100|[from] Recoil
|move|p1a: Kingambit|Kowtow Cleave|p2a: Charizard
|-damage|p2a: Charizard|69/100
|move|p2a: Charizard|Heat Wave|p1a: Kingambit|[spread] p1a,p1b
|-supereffective|p1a: Kingambit|1
|-enditem|p1a: Kingambit|Occa Berry|[eat]
|-enditem|p1a: Kingambit|Occa Berry|[weaken]
|-supereffective|p1b: Whimsicott|1
|-damage|p1a: Kingambit|19/100
|-damage|p1b: Whimsicott|0 fnt
|faint|p1b: Whimsicott
|
|upkeep
|
|t:|1784028570
|switch|p1b: Garchomp|Garchomp, L50, F|100/100
|turn|3
|
|t:|1784028584
|switch|p2b: Pelipper|Pelipper, L50, F, shiny|100/100
|-weather|RainDance|[from] ability: Drizzle|[of] p2b: Pelipper
|switch|p1a: Charizard|Charizard, L50, M|100/100
|move|p2a: Charizard|Protect|p2a: Charizard
|-singleturn|p2a: Charizard|Protect
|move|p1b: Garchomp|Rock Slide|p2a: Charizard|[spread] p2b
|-activate|p2a: Charizard|move: Protect
|-supereffective|p2b: Pelipper|1
|-damage|p2b: Pelipper|67/100
|-damage|p1b: Garchomp|90/100|[from] item: Life Orb
|
|-weather|RainDance|[upkeep]
|upkeep
|turn|4
|inactive|sadnessvgc has 30 seconds left.
|inactive|failandimprove3 has 30 seconds left.
|inactive|sadnessvgc has 20 seconds left.
|inactive|failandimprove3 has 20 seconds left.
|inactive|sadnessvgc has 15 seconds left.
|inactive|failandimprove3 has 15 seconds left.
|
|t:|1784028634
|detailschange|p1a: Charizard|Charizard-Mega-Y, L50, M
|-mega|p1a: Charizard|Charizard|Charizardite Y
|-weather|SunnyDay|[from] ability: Drought|[of] p1a: Charizard
|detailschange|p2a: Charizard|Charizard-Mega-Y, L50, F, shiny
|-mega|p2a: Charizard|Charizard|Charizardite Y
|move|p1b: Garchomp|Dragon Claw|p2b: Pelipper
|-damage|p2b: Pelipper|29/100
|-enditem|p2b: Pelipper|Sitrus Berry|[eat]
|-heal|p2b: Pelipper|54/100|[from] item: Sitrus Berry
|-damage|p1b: Garchomp|80/100|[from] item: Life Orb
|move|p1a: Charizard|Solar Beam||[still]
|-prepare|p1a: Charizard|Solar Beam
|-anim|p1a: Charizard|Solar Beam|p2b: Pelipper
|-damage|p2b: Pelipper|0 fnt
|faint|p2b: Pelipper
|move|p2a: Charizard|Heat Wave|p1a: Charizard|[spread] p1a,p1b
|-resisted|p1a: Charizard|1
|-resisted|p1b: Garchomp|1
|-crit|p1b: Garchomp
|-damage|p1a: Charizard|72/100
|-damage|p1b: Garchomp|27/100
|
|-weather|SunnyDay|[upkeep]
|upkeep
|
|t:|1784028654
|switch|p2b: Basculegion|Basculegion, L50, M, shiny|68/100
|turn|5
|
|t:|1784028669
|move|p1b: Garchomp|Dragon Claw|p2a: Charizard
|-crit|p2a: Charizard
|-damage|p2a: Charizard|0 fnt
|faint|p2a: Charizard
|-damage|p1b: Garchomp|17/100|[from] item: Life Orb
|move|p1a: Charizard|Solar Beam||[still]
|-prepare|p1a: Charizard|Solar Beam
|-anim|p1a: Charizard|Solar Beam|p2b: Basculegion
|-supereffective|p2b: Basculegion|1
|-damage|p2b: Basculegion|0 fnt
|faint|p2b: Basculegion
|
|win|failandimprove3
|raw|failandimprove3's rating: 1421 → 1438(+17 for winning)
|raw|sadnessvgc's rating: 1372 → 1355(-17 for losing)
