|j|☆kirkin07
|j|☆vilan333
|html|kirkin07vilan333    
|uhtml|bestof|Game 1 of a best-of-3
|t:|1782366053
|gametype|doubles
|player|p1|kirkin07|169|1185
|player|p2|vilan333|marshal|1138
|gen|9
|tier|[Gen 9 Champions] VGC 2026 Reg M-B (Bo3)
|rated|
|rule|Species Clause: Limit one of each Pokémon
|rule|Item Clause: Limit 1 of each item
|clearpoke
|poke|p1|Blaziken, L50, F|
|poke|p1|Basculegion, L50, M|
|poke|p1|Hydreigon, L50, F|
|poke|p1|Farigiraf, L50, F|
|poke|p1|Metagross, L50|
|poke|p1|Whimsicott, L50, F|
|poke|p2|Farigiraf, L50, M|
|poke|p2|Torkoal, L50, M|
|poke|p2|Pyroar, L50, F|
|poke|p2|Basculegion, L50, M|
|poke|p2|Floette-Eternal, L50, F|
|poke|p2|Whimsicott, L50, M|
|teampreview|4
|showteam|p1|Blaziken||Blazikenite|SpeedBoost|FlareBlitz,CloseCombat,Detect,RockSlide|Adamant||F|||50|]Basculegion||LifeOrb|Adaptability|AquaJet,LastRespects,WaveCrash,Protect|Adamant||M|||50|]Hydreigon||ChoiceScarf|Levitate|EarthPower,DracoMeteor,DarkPulse,Snarl|Modest||F|||50|]Farigiraf||SitrusBerry|ArmorTail|Thunderbolt,Psychic,TrickRoom,Roar|Bold||F|||50|]Metagross||Metagrossite|ClearBody|IcePunch,PsychicFangs,Protect,IronHead|Jolly|||||50|]Whimsicott||FocusSash|Prankster|EnergyBall,Moonblast,Tailwind,Protect|Timid||F|||50|
|showteam|p2|Farigiraf||ColburBerry|ArmorTail|Psychic,TrickRoom,Thunderbolt,HelpingHand|Quiet||M|||50|]Torkoal||Charcoal|Drought|Eruption,HeatWave,EarthPower,Protect|Quiet||M|||50|]Pyroar||Pyroarite|Unnerve|HeatWave,Overheat,Protect,SolarBeam|Timid||F|||50|]Basculegion||LifeOrb|Adaptability|AquaJet,Liquidation,Protect,LastRespects|Adamant||M|||50|]Floette-Eternal||Floettite|FlowerVeil|DazzlingGleam,Moonblast,Protect,LightofRuin|Modest||F|||50|]Whimsicott||FocusSash|Prankster|Tailwind,SunnyDay,Moonblast,Encore|Serious||M|||50|
|inactive|Battle timer is ON: inactive players will automatically lose when time's up. (requested by kirkin07)
|inactive|kirkin07 has 60 seconds left.
|
|t:|1782366113
|teamsize|p1|4
|teamsize|p2|4
|start
|switch|p1a: Blaziken|Blaziken, L50, F|100/100
|switch|p1b: Hydreigon|Hydreigon, L50, F|100/100
|switch|p2a: Whimsicott|Whimsicott, L50, M|100/100
|switch|p2b: Floette|Floette-Eternal, L50, F|100/100
|turn|1
|inactive|kirkin07 has 30 seconds left.
|
|t:|1782366144
|switch|p1b: Farigiraf|Farigiraf, L50, F|100/100
|detailschange|p1a: Blaziken|Blaziken-Mega, L50, F
|-mega|p1a: Blaziken|Blaziken|Blazikenite
|detailschange|p2b: Floette|Floette-Mega, L50, F
|-mega|p2b: Floette|Floette|Floettite
|-ability|p2b: Floette|Fairy Aura
|move|p2a: Whimsicott|Tailwind|p2a: Whimsicott
|-sidestart|p2: vilan333|move: Tailwind
|move|p2b: Floette|Dazzling Gleam|p1b: Farigiraf|[spread] p1a,p1b
|-damage|p1a: Blaziken|33/100
|-damage|p1b: Farigiraf|54/100
|move|p1a: Blaziken|Flare Blitz|p2b: Floette
|-damage|p2b: Floette|13/100
|-damage|p1a: Blaziken|1/100|[from] Recoil
|
|-ability|p1a: Blaziken|Speed Boost|boost
|-boost|p1a: Blaziken|spe|1
|upkeep
|turn|2
|inactive|kirkin07 has 30 seconds left.
|inactive|vilan333 has 30 seconds left.
|inactive|kirkin07 has 20 seconds left.
|inactive|kirkin07 has 15 seconds left.
|
|t:|1782366186
|move|p1a: Blaziken|Detect|p1a: Blaziken
|-singleturn|p1a: Blaziken|Protect
|move|p2a: Whimsicott|Moonblast|p1b: Farigiraf
|-damage|p1b: Farigiraf|13/100
|-enditem|p1b: Farigiraf|Sitrus Berry|[eat]
|-heal|p1b: Farigiraf|38/100|[from] item: Sitrus Berry
|move|p2b: Floette|Dazzling Gleam|p1b: Farigiraf|[spread] p1b
|-activate|p1a: Blaziken|move: Protect
|-damage|p1b: Farigiraf|0 fnt
|faint|p1b: Farigiraf
|
|-ability|p1a: Blaziken|Speed Boost|boost
|-boost|p1a: Blaziken|spe|1
|upkeep
|
|t:|1782366199
|switch|p1b: Basculegion|Basculegion, L50, M|100/100
|turn|3
|
|t:|1782366206
|switch|p1a: Hydreigon|Hydreigon, L50, F|100/100
|move|p2b: Floette|Protect|p2b: Floette
|-singleturn|p2b: Floette|Protect
|move|p2a: Whimsicott|Encore|p1a: Hydreigon
|-hint|Since gen 7, Dark is immune to Prankster moves.
|-immune|p1a: Hydreigon
|move|p1b: Basculegion|Aqua Jet|p2b: Floette
|-activate|p2b: Floette|move: Protect
|
|upkeep
|turn|4
|inactive|kirkin07 has 30 seconds left.
|
|t:|1782366234
|switch|p2a: Umezawa II|Farigiraf, L50, M|100/100
|move|p1b: Basculegion|Aqua Jet||[still]
|cant|p2a: Umezawa II|ability: Armor Tail|Aqua Jet|[of] p1b: Basculegion
|move|p2b: Floette|Dazzling Gleam|p1b: Basculegion|[spread] p1a,p1b
|-supereffective|p1a: Hydreigon|2
|-damage|p1a: Hydreigon|0 fnt
|-damage|p1b: Basculegion|41/100
|faint|p1a: Hydreigon
|
|-sideend|p2: vilan333|move: Tailwind
|upkeep
|
|t:|1782366239
|switch|p1a: Blaziken|Blaziken-Mega, L50, F|1/100
|turn|5
|
|t:|1782366259
|move|p2a: Umezawa II|Helping Hand|p2b: Floette
|-singleturn|p2b: Floette|Helping Hand|[of] p2a: Umezawa II
|move|p1a: Blaziken|Detect|p1a: Blaziken
|-singleturn|p1a: Blaziken|Protect
|move|p1b: Basculegion|Protect|p1b: Basculegion
|-singleturn|p1b: Basculegion|Protect
|move|p2b: Floette|Dazzling Gleam|p1a: Blaziken|[spread] 
|-activate|p1a: Blaziken|move: Protect
|-activate|p1b: Basculegion|move: Protect
|
|-ability|p1a: Blaziken|Speed Boost|boost
|-boost|p1a: Blaziken|spe|1
|upkeep
|turn|6
|
|t:|1782366275
|move|p2b: Floette|Protect|p2b: Floette
|-singleturn|p2b: Floette|Protect
|move|p1a: Blaziken|Rock Slide|p2b: Floette|[spread] p2a
|-activate|p2b: Floette|move: Protect
|-damage|p2a: Umezawa II|75/100
|move|p1b: Basculegion|Wave Crash|p2a: Umezawa II
|-damage|p2a: Umezawa II|0 fnt
|faint|p2a: Umezawa II
|-damage|p1b: Basculegion|14/100|[from] Recoil
|-damage|p1b: Basculegion|5/100|[from] item: Life Orb
|
|-ability|p1a: Blaziken|Speed Boost|boost
|-boost|p1a: Blaziken|spe|1
|upkeep
|
|t:|1782366291
|switch|p2a: Red Fish|Basculegion, L50, M|100/100
|turn|7
|
|t:|1782366314
|move|p2a: Red Fish|Aqua Jet|p1b: Basculegion
|-resisted|p1b: Basculegion|1
|-damage|p1b: Basculegion|0 fnt
|faint|p1b: Basculegion
|-damage|p2a: Red Fish|90/100|[from] item: Life Orb
|move|p1a: Blaziken|Rock Slide|p2b: Floette|[spread] p2a,p2b
|-damage|p2a: Red Fish|60/100
|-damage|p2b: Floette|0 fnt
|faint|p2b: Floette
|
|-ability|p1a: Blaziken|Speed Boost|boost
|-boost|p1a: Blaziken|spe|1
|upkeep
|-message|kirkin07 forfeited.
|
|win|vilan333
|l|☆kirkin07
|player|p1|
||kirkin07 is ready for game 2.
