|j|☆thymianthorsten
|j|☆amaryllisvgc
|html|thymianthorstenamaryllisvgc    
|uhtml|bestof|Game 2 of a best-of-3
|t:|1755092543
|gametype|doubles
|player|p1|thymianthorsten|1|1210
|player|p2|amaryllisvgc|265|1259
|gen|9
|tier|[Gen 9] VGC 2025 Reg H (Bo3)
|rated|
|rule|Species Clause: Limit one of each Pokémon
|rule|Item Clause: Limit 1 of each item
|clearpoke
|poke|p1|Gholdengo, L50|
|poke|p1|Sneasler, L50, M|
|poke|p1|Rillaboom, L50, F|
|poke|p1|Dragonite, L50, M|
|poke|p1|Ninetales-Alola, L50, M|
|poke|p1|Arcanine-Hisui, L50, M|
|poke|p2|Corviknight, L50, M|
|poke|p2|Annihilape, L50, M|
|poke|p2|Dragonite, L50, M|
|poke|p2|Indeedee, L50, M|
|poke|p2|Magmar, L50, F|
|poke|p2|Ursaluna-Bloodmoon, L50, M|
|teampreview|4
|showteam|p1|Gholdengo||GrassySeed|GoodasGold|NastyPlot,MakeItRain,ShadowBall,Protect||||||50|,,,,,Water]Sneasler||WhiteHerb|Unburden|CloseCombat,DireClaw,Coaching,Protect|||M|||50|,,,,,Ghost]Rillaboom||AssaultVest|GrassySurge|FakeOut,GrassyGlide,DrumBeating,HighHorsepower|||F|||50|,,,,,Fire]Dragonite||LoadedDice|Multiscale|ScaleShot,StompingTantrum,Tailwind,Protect|||M|||50|,,,,,Ground]Ninetales-Alola||FocusSash|SnowWarning|Blizzard,IcyWind,Encore,AuroraVeil|||M|||50|,,,,,Ghost]Arcanine-Hisui||ClearAmulet|Intimidate|RockSlide,FlareBlitz,ExtremeSpeed,Protect|||M|||50|,,,,,Water
|showteam|p2|Corviknight||PsychicSeed|MirrorArmor|BraveBird,PowerTrip,BulkUp,Roost|||M|||50|,,,,,Water]Annihilape||FocusSash|Defiant|CloseCombat,RageFist,Taunt,Coaching|||M|||50|,,,,,Steel]Dragonite||LoadedDice|Multiscale|ScaleShot,StompingTantrum,Tailwind,Protect|||M|||50|,,,,,Steel]Indeedee||ChoiceScarf|PsychicSurge|ExpandingForce,TeraBlast,Trick,Protect|||M|||50|,,,,,Fairy]Magmar||Eviolite|VitalSpirit|Overheat,FollowMe,WillOWisp,Protect|||F|||50|,,,,,Ghost]Ursaluna-Bloodmoon||AssaultVest|MindsEye|BloodMoon,HyperVoice,EarthPower,VacuumWave|||M|||50|,,,,,Electric
|inactive|Battle timer is ON: inactive players will automatically lose when time's up. (requested by thymianthorsten)
|
|t:|1755092584
|teamsize|p1|4
|teamsize|p2|4
|start
|switch|p1a: Dragonite|Dragonite, L50, M|100/100
|switch|p1b: Ninetales|Ninetales-Alola, L50, M|100/100
|switch|p2a: Magmar|Magmar, L50, F|100/100
|switch|p2b: Corviknight|Corviknight, L50, M|100/100
|-weather|Snowscape|[from] ability: Snow Warning|[of] p1b: Ninetales
|turn|1
|
|t:|1755092605
|switch|p1a: Arcanine|Arcanine-Hisui, L50, M|100/100
|-ability|p1a: Arcanine|Intimidate|boost
|-unboost|p2a: Magmar|atk|1
|-ability|p2b: Corviknight|Mirror Armor
|-fail|p1a: Arcanine|unboost|[from] item: Clear Amulet|[of] p1a: Arcanine
|move|p1b: Ninetales|Blizzard|p2a: Magmar|[spread] p2a,p2b
|-resisted|p2a: Magmar
|-damage|p2a: Magmar|88/100
|-damage|p2b: Corviknight|74/100
|move|p2a: Magmar|Overheat|p1b: Ninetales
|-supereffective|p1b: Ninetales
|-enditem|p1b: Ninetales|Focus Sash
|-damage|p1b: Ninetales|1/100
|-unboost|p2a: Magmar|spa|2
|move|p2b: Corviknight|Brave Bird|p1b: Ninetales
|-damage|p1b: Ninetales|0 fnt
|faint|p1b: Ninetales
|-damage|p2b: Corviknight|74/100|[from] Recoil
|
|-weather|Snowscape|[upkeep]
|upkeep
|
|t:|1755092625
|switch|p1b: Rillaboom|Rillaboom, L50, F|100/100
|-fieldstart|move: Grassy Terrain|[from] ability: Grassy Surge|[of] p1b: Rillaboom
|turn|2
|inactive|amaryllisvgc has 30 seconds left.
|
|t:|1755092654
|move|p2a: Magmar|Protect|p2a: Magmar
|-singleturn|p2a: Magmar|Protect
|move|p1b: Rillaboom|Fake Out|p2a: Magmar
|-activate|p2a: Magmar|move: Protect
|move|p1a: Arcanine|Flare Blitz|p2b: Corviknight
|-supereffective|p2b: Corviknight
|-damage|p2b: Corviknight|0 fnt
|faint|p2b: Corviknight
|-damage|p1a: Arcanine|71/100|[from] Recoil
|
|-weather|Snowscape|[upkeep]
|-heal|p1a: Arcanine|77/100|[from] Grassy Terrain
|-heal|p2a: Magmar|94/100|[from] Grassy Terrain
|upkeep
|
|t:|1755092662
|switch|p2b: Indeedee|Indeedee, L50, M|100/100
|-fieldstart|move: Psychic Terrain|[from] ability: Psychic Surge|[of] p2b: Indeedee
|turn|3
|
|t:|1755092678
|switch|p1b: Dragonite|Dragonite, L50, M|100/100
|move|p1a: Arcanine|Protect|p1a: Arcanine
|-singleturn|p1a: Arcanine|Protect
|move|p2b: Indeedee|Expanding Force|p1a: Arcanine|[spread] p1b
|-activate|p1a: Arcanine|move: Protect
|-damage|p1b: Dragonite|69/100
|move|p2a: Magmar|Will-O-Wisp|p1b: Dragonite
|-status|p1b: Dragonite|brn
|
|-weather|Snowscape|[upkeep]
|-damage|p1b: Dragonite|63/100 brn|[from] brn
|upkeep
|turn|4
|
|t:|1755092693
|switch|p1b: Rillaboom|Rillaboom, L50, F|100/100
|-fieldstart|move: Grassy Terrain|[from] ability: Grassy Surge|[of] p1b: Rillaboom
|switch|p2a: Ursaluna|Ursaluna-Bloodmoon, L50, M|100/100
|move|p2b: Indeedee|Expanding Force|p1b: Rillaboom
|-damage|p1b: Rillaboom|67/100
|move|p1a: Arcanine|Rock Slide|p2a: Ursaluna|[spread] p2a,p2b
|-resisted|p2a: Ursaluna
|-damage|p2a: Ursaluna|92/100
|-damage|p2b: Indeedee|39/100
|
|-weather|Snowscape|[upkeep]
|-heal|p2b: Indeedee|45/100|[from] Grassy Terrain
|-heal|p1a: Arcanine|83/100|[from] Grassy Terrain
|-heal|p1b: Rillaboom|73/100|[from] Grassy Terrain
|-heal|p2a: Ursaluna|98/100|[from] Grassy Terrain
|upkeep
|turn|5
|inactive|amaryllisvgc has 30 seconds left.
|inactive|amaryllisvgc has 20 seconds left.
|inactive|amaryllisvgc has 15 seconds left.
|inactive|amaryllisvgc has 10 seconds left.
|inactive|amaryllisvgc has 5 seconds left.
|
|t:|1755092745
|switch|p2b: Magmar|Magmar, L50, F|94/100
|-terastallize|p2a: Ursaluna|Electric
|move|p1b: Rillaboom|Fake Out|p2a: Ursaluna
|-damage|p2a: Ursaluna|89/100
|move|p1a: Arcanine|Rock Slide|p2b: Magmar|[spread] p2a
|-miss|p1a: Arcanine|p2b: Magmar
|-damage|p2a: Ursaluna|70/100
|cant|p2a: Ursaluna|flinch
|
|-weather|none
|-heal|p1a: Arcanine|89/100|[from] Grassy Terrain
|-heal|p1b: Rillaboom|79/100|[from] Grassy Terrain
|-heal|p2b: Magmar|99/100|[from] Grassy Terrain
|-heal|p2a: Ursaluna|76/100|[from] Grassy Terrain
|upkeep
|turn|6
|
|t:|1755092764
|switch|p1b: Dragonite|Dragonite, L50, M|63/100 brn
|move|p1a: Arcanine|Protect|p1a: Arcanine
|-singleturn|p1a: Arcanine|Protect
|move|p2b: Magmar|Follow Me|p2b: Magmar
|-singleturn|p2b: Magmar|move: Follow Me
|move|p2a: Ursaluna|Earth Power|p1a: Arcanine
|-activate|p1a: Arcanine|move: Protect
|
|-heal|p1a: Arcanine|95/100|[from] Grassy Terrain
|-heal|p2b: Magmar|100/100|[from] Grassy Terrain
|-heal|p2a: Ursaluna|82/100|[from] Grassy Terrain
|-damage|p1b: Dragonite|57/100 brn|[from] brn
|upkeep
|turn|7
|
|t:|1755092783
|-terastallize|p1a: Arcanine|Water
|move|p2b: Magmar|Follow Me|p2b: Magmar
|-singleturn|p2b: Magmar|move: Follow Me
|move|p1a: Arcanine|Rock Slide|p2a: Ursaluna|[spread] p2a,p2b
|-supereffective|p2b: Magmar
|-crit|p2b: Magmar
|-damage|p2a: Ursaluna|65/100
|-damage|p2b: Magmar|44/100
|move|p1b: Dragonite|Scale Shot|p2b: Magmar
|-damage|p2b: Magmar|39/100
|-damage|p2b: Magmar|34/100
|-damage|p2b: Magmar|29/100
|-damage|p2b: Magmar|23/100
|-hitcount|p2b: Magmar|4
|-unboost|p1b: Dragonite|def|1
|-boost|p1b: Dragonite|spe|1
|cant|p2a: Ursaluna|flinch
|
|-heal|p1a: Arcanine|100/100|[from] Grassy Terrain
|-heal|p2b: Magmar|29/100|[from] Grassy Terrain
|-heal|p2a: Ursaluna|70/100|[from] Grassy Terrain
|-damage|p1b: Dragonite|51/100 brn|[from] brn
|upkeep
|turn|8
|
|t:|1755092806
|move|p1b: Dragonite|Stomping Tantrum|p2a: Ursaluna
|-supereffective|p2a: Ursaluna
|-damage|p2a: Ursaluna|52/100
|move|p1a: Arcanine|Rock Slide|p2a: Ursaluna|[spread] p2a,p2b
|-supereffective|p2b: Magmar
|-damage|p2a: Ursaluna|32/100
|-damage|p2b: Magmar|0 fnt
|faint|p2b: Magmar
|cant|p2a: Ursaluna|flinch
|
|-heal|p2a: Ursaluna|38/100|[from] Grassy Terrain
|-damage|p1b: Dragonite|45/100 brn|[from] brn
|-fieldend|move: Grassy Terrain
|upkeep
|
|t:|1755092813
|switch|p2b: Indeedee|Indeedee, L50, M|45/100
|-fieldstart|move: Psychic Terrain|[from] ability: Psychic Surge|[of] p2b: Indeedee
|turn|9
|
|t:|1755092822
|switch|p1b: Rillaboom|Rillaboom, L50, F|79/100
|-fieldstart|move: Grassy Terrain|[from] ability: Grassy Surge|[of] p1b: Rillaboom
|move|p2b: Indeedee|Expanding Force|p1a: Arcanine
|-damage|p1a: Arcanine|51/100
|move|p1a: Arcanine|Rock Slide|p2b: Indeedee|[spread] p2a,p2b
|-damage|p2a: Ursaluna|21/100
|-damage|p2b: Indeedee|0 fnt
|faint|p2b: Indeedee
|cant|p2a: Ursaluna|flinch
|
|-heal|p1a: Arcanine|57/100|[from] Grassy Terrain
|-heal|p1b: Rillaboom|85/100|[from] Grassy Terrain
|-heal|p2a: Ursaluna|27/100|[from] Grassy Terrain
|upkeep
|turn|10
|c|☆amaryllisvgc|I gotta get me one of those
|inactive|amaryllisvgc has 30 seconds left.
|
|t:|1755092851
|move|p1a: Arcanine|Flare Blitz|p2a: Ursaluna
|-damage|p2a: Ursaluna|0 fnt
|faint|p2a: Ursaluna
|-damage|p1a: Arcanine|46/100|[from] Recoil
|
|win|thymianthorsten
|raw|thymianthorsten's rating: 1210 → 1239(+29 for winning)
|raw|amaryllisvgc's rating: 1259 → 1230(-29 for losing)
|l|☆thymianthorsten
|player|p1|
