|j|☆Karwyn
|j|☆rizzlerfrogg
|html|Karwynrizzlerfrogg    
|uhtml|bestof|Game 3 of a best-of-3
|t:|1783254361
|gametype|doubles
|player|p1|Karwyn|cynthia-gen4|
|player|p2|rizzlerfrogg|101|
|gen|9
|tier|[Gen 9 Champions] VGC 2026 Reg M-B (Bo3)
|rule|Species Clause: Limit one of each Pokémon
|rule|Item Clause: Limit 1 of each item
|clearpoke
|poke|p1|Floette-Eternal, L50, F|
|poke|p1|Aerodactyl, L50, F|
|poke|p1|Incineroar, L50, F|
|poke|p1|Garchomp, L50, M|
|poke|p1|Sneasler, L50, M|
|poke|p1|Basculegion, L50, M|
|poke|p2|Espathra, L50, M|
|poke|p2|Sylveon, L50, M|
|poke|p2|Charizard, L50, F|
|poke|p2|Maushold-Four, L50|
|poke|p2|Basculegion, L50, M|
|poke|p2|Whimsicott, L50, M|
|teampreview|4
|showteam|p1|Floette-Eternal||Floettite|FlowerVeil|LightofRuin,DazzlingGleam,Moonblast,Protect|Modest||F|||50|]Aerodactyl||FocusSash|Unnerve|DualWingbeat,RockSlide,Tailwind,Protect|Jolly||F|||50|]Incineroar||SitrusBerry|Intimidate|FlareBlitz,FakeOut,HelpingHand,PartingShot|Careful||F|||50|]Garchomp||LifeOrb|RoughSkin|Earthquake,DragonClaw,RockSlide,Protect|Jolly||M|||50|]Sneasler||WhiteHerb|Unburden|CloseCombat,DireClaw,RockSlide,Protect|Adamant||M|||50|]Basculegion||ChoiceScarf|Adaptability|WaveCrash,LastRespects,FlipTurn,AquaJet|Jolly||M|||50|
|showteam|p2|Espathra||QuickClaw|SpeedBoost|BatonPass,CalmMind,LuminaCrash,Substitute|Timid||M|||50|]Sylveon||FairyFeather|Pixilate|HyperVoice,Protect,Substitute,CalmMind|Modest||M|||50|]Charizard||CharizarditeY|Blaze|HeatWave,WeatherBall,Roost,SolarBeam|Timid||F|||50|]Maushold-Four||KingsRock|Technician|SuperFang,TidyUp,HelpingHand,FollowMe|Adamant|||||50|]Basculegion||ChoiceScarf|Adaptability|WaveCrash,LastRespects,AquaJet,FlipTurn|Adamant||M|||50|]Whimsicott||FocusSash|Prankster|Tailwind,Moonblast,Encore,WorrySeed|Bold||M|||50|
|
|t:|1783254375
|teamsize|p1|4
|teamsize|p2|4
|start
|switch|p1a: Sneasler|Sneasler, L50, M|100/100
|switch|p1b: Aerodactyl|Aerodactyl, L50, F|100/100
|switch|p2a: Joyful Family|Maushold-Four, L50|100/100
|switch|p2b: Plant|Whimsicott, L50, M|100/100
|-ability|p1b: Aerodactyl|Unnerve
|turn|1
|
|t:|1783254387
|move|p2b: Plant|Tailwind|p2b: Plant
|-sidestart|p2: rizzlerfrogg|move: Tailwind
|move|p2a: Joyful Family|Super Fang|p1b: Aerodactyl|[miss]
|-miss|p2a: Joyful Family|p1b: Aerodactyl
|move|p1b: Aerodactyl|Rock Slide|p2a: Joyful Family|[spread] p2a,p2b
|-damage|p2a: Joyful Family|66/100
|-damage|p2b: Plant|75/100
|move|p1a: Sneasler|Dire Claw|p2b: Plant
|-supereffective|p2b: Plant|2
|-damage|p2b: Plant|0 fnt
|faint|p2b: Plant
|
|upkeep
|
|t:|1783254397
|switch|p2b: Spiky Dragon|Charizard, L50, F|100/100
|turn|2
|
|t:|1783254406
|detailschange|p2b: Spiky Dragon|Charizard-Mega-Y, L50, F
|-mega|p2b: Spiky Dragon|Charizard|Charizardite Y
|-weather|SunnyDay|[from] ability: Drought|[of] p2b: Spiky Dragon
|move|p2b: Spiky Dragon|Heat Wave|p1a: Sneasler|[spread] p1a,p1b
|-resisted|p1b: Aerodactyl|1
|-damage|p1a: Sneasler|5/100
|-damage|p1b: Aerodactyl|51/100
|move|p2a: Joyful Family|Super Fang|p1b: Aerodactyl
|-damage|p1b: Aerodactyl|25/100
|move|p1b: Aerodactyl|Rock Slide|p2b: Spiky Dragon|[spread] p2b
|-miss|p1b: Aerodactyl|p2a: Joyful Family
|-supereffective|p2b: Spiky Dragon|2
|-damage|p2b: Spiky Dragon|0 fnt
|faint|p2b: Spiky Dragon
|move|p1a: Sneasler|Rock Slide|p2a: Joyful Family|[miss]
|-miss|p1a: Sneasler|p2a: Joyful Family
|
|-weather|SunnyDay|[upkeep]
|upkeep
|
|t:|1783254421
|switch|p2b: Fat Fish|Basculegion, L50, M|100/100
|turn|3
|
|t:|1783254437
|move|p2a: Joyful Family|Helping Hand|p2b: Fat Fish
|-singleturn|p2b: Fat Fish|Helping Hand|[of] p2a: Joyful Family
|move|p1b: Aerodactyl|Protect|p1b: Aerodactyl
|-singleturn|p1b: Aerodactyl|Protect
|move|p2b: Fat Fish|Last Respects|p1b: Aerodactyl
|-activate|p1b: Aerodactyl|move: Protect
|move|p1a: Sneasler|Close Combat|p2a: Joyful Family
|-supereffective|p2a: Joyful Family|1
|-damage|p2a: Joyful Family|0 fnt
|-unboost|p1a: Sneasler|def|1
|-unboost|p1a: Sneasler|spd|1
|faint|p2a: Joyful Family
|-enditem|p1a: Sneasler|White Herb
|-clearnegativeboost|p1a: Sneasler|[silent]
|
|-weather|SunnyDay|[upkeep]
|upkeep
|turn|4
|
|t:|1783254454
|move|p2b: Fat Fish|Last Respects|p1b: Aerodactyl
|-damage|p1b: Aerodactyl|0 fnt
|faint|p1b: Aerodactyl
|move|p1a: Sneasler|Dire Claw|p2b: Fat Fish
|-resisted|p2b: Fat Fish|1
|-crit|p2b: Fat Fish
|-damage|p2b: Fat Fish|53/100
|
|-weather|SunnyDay|[upkeep]
|-sideend|p2: rizzlerfrogg|move: Tailwind
|upkeep
|
|t:|1783254462
|switch|p1b: Floette|Floette-Eternal, L50, F|100/100
|turn|5
|
|t:|1783254470
|detailschange|p1b: Floette|Floette-Mega, L50, F
|-mega|p1b: Floette|Floette|Floettite
|-ability|p1b: Floette|Fairy Aura
|move|p1a: Sneasler|Dire Claw|p2b: Fat Fish
|-resisted|p2b: Fat Fish|1
|-damage|p2b: Fat Fish|22/100
|move|p2b: Fat Fish|Last Respects|p1b: Floette
|-damage|p1b: Floette|0 fnt
|faint|p1b: Floette
|
|-weather|SunnyDay|[upkeep]
|upkeep
|
|t:|1783254480
|switch|p1b: Basculegion|Basculegion, L50, M|100/100
|turn|6
|
|t:|1783254584
|move|p1a: Sneasler|Dire Claw|p2b: Fat Fish
|-resisted|p2b: Fat Fish|1
|-damage|p2b: Fat Fish|0 fnt
|faint|p2b: Fat Fish
|
|win|Karwyn
|l|☆rizzlerfrogg
|player|p2|
