|j|☆tempestuwumeow
|j|☆tobyga
|html|tempestuwumeowtobyga    
|uhtml|bestof|Game 1 of a best-of-3
|t:|1786164454
|gametype|doubles
|player|p1|tempestuwumeow|170|
|player|p2|tobyga|miku-flying|
|gen|9
|tier|[Gen 9 Champions] VGC 2026 Reg M-B (Bo3)
|rule|Species Clause: Limit one of each Pokémon
|rule|Item Clause: Limit 1 of each item
|clearpoke
|poke|p1|Delphox, L50, M|
|poke|p1|Whimsicott, L50, F|
|poke|p1|Basculegion, L50, M|
|poke|p1|Garchomp, L50, M|
|poke|p1|Reuniclus, L50, F|
|poke|p1|Vileplume, L50, F|
|poke|p2|Avalugg, L50, F|
|poke|p2|Charizard, L50, M|
|poke|p2|Venusaur, L50, F|
|poke|p2|Farigiraf, L50, F|
|poke|p2|Barbaracle, L50, F|
|poke|p2|Ariados, L50, F|
|teampreview|4
|showteam|p1|Delphox||Delphoxite|Blaze|Protect,HeatWave,Psychic,NastyPlot|Modest||M|||50|]Whimsicott||FocusSash|Chlorophyll|Tailwind,Taunt,Moonblast,Protect|Timid||F|||50|]Basculegion||SpellTag|Adaptability|WaveCrash,Protect,AquaJet,LastRespects|Jolly||M|||50|]Garchomp||ChoiceScarf|RoughSkin|Earthquake,RockSlide,DragonClaw,Outrage|Jolly||M|||50|]Reuniclus||LifeOrb|Overcoat|RockSlide,Imprison,TrickRoom,Psychic|Brave||F|||50|]Vileplume||OccaBerry|Chlorophyll|SleepPowder,SludgeBomb,Protect,WeatherBall|Bold||F|||50|
|showteam|p2|Avalugg||Leftovers|Sturdy|WideGuard,IcicleCrash,Crunch,Protect|Brave||F|||50|]Charizard||CharizarditeY|Blaze|HeatWave,WeatherBall,Protect,DragonPulse|Modest||M|||50|]Venusaur||FocusSash|Chlorophyll|AcidSpray,SleepPowder,EarthPower,GigaDrain|Timid||F|||50|]Farigiraf||SitrusBerry|ArmorTail|TrickRoom,Psychic,ThunderWave,FoulPlay|Sassy||F|||50|]Barbaracle||WhiteHerb|ToughClaws|ShellSmash,NightSlash,Liquidation,RockSlide|Adamant||F|||50|]Ariados||OccaBerry|Insomnia|RagePowder,Protect,StringShot,Megahorn|Careful||F|||50|
|j| PuffTheCutie
|j| Potatomonstr
|j| Peppersalt1
|j| falba
|j| andorite2
|inactive|Battle timer is ON: inactive players will automatically lose when time's up. (requested by tobyga)
|
|t:|1786164557
|teamsize|p1|4
|teamsize|p2|4
|start
|switch|p1a: Delphox|Delphox, L50, M|100/100
|switch|p1b: Reuniclus|Reuniclus, L50, F|100/100
|switch|p2a: Arctic Table|Avalugg, L50, F|100/100
|switch|p2b: Wanna See A Trick?|Farigiraf, L50, F|100/100
|turn|1
|inactive|tempestuwumeow has 30 seconds left.
|inactive|tobyga has 30 seconds left.
|
|t:|1786164592
|detailschange|p1a: Delphox|Delphox-Mega, L50, M
|-mega|p1a: Delphox|Delphox|Delphoxite
|move|p2a: Arctic Table|Protect|p2a: Arctic Table
|-singleturn|p2a: Arctic Table|Protect
|move|p1a: Delphox|Nasty Plot|p1a: Delphox
|-boost|p1a: Delphox|spa|2
|move|p2b: Wanna See A Trick?|Thunder Wave|p1a: Delphox
|-status|p1a: Delphox|par
|move|p1b: Reuniclus|Imprison|p1b: Reuniclus
|-start|p1b: Reuniclus|move: Imprison
|
|upkeep
|turn|2
|inactive|tobyga has 30 seconds left.
|
|t:|1786164617
|move|p2a: Arctic Table|Wide Guard|p2a: Arctic Table
|-singleturn|p2a: Arctic Table|Wide Guard
|move|p1a: Delphox|Psychic|p2a: Arctic Table
|-ability|p2a: Arctic Table|Sturdy
|-damage|p2a: Arctic Table|1/100
|move|p2b: Wanna See A Trick?|Foul Play|p1a: Delphox
|-supereffective|p1a: Delphox|1
|-damage|p1a: Delphox|52/100 par
|move|p1b: Reuniclus|Rock Slide|p2b: Wanna See A Trick?|[spread] 
|-activate|p2a: Arctic Table|move: Wide Guard
|-activate|p2b: Wanna See A Trick?|move: Wide Guard
|
|-heal|p2a: Arctic Table|6/100|[from] item: Leftovers
|upkeep
|turn|3
|inactive|tempestuwumeow has 30 seconds left.
|inactive|tobyga has 30 seconds left.
|
|t:|1786164650
|move|p1a: Delphox|Protect|p1a: Delphox
|-singleturn|p1a: Delphox|Protect
|move|p2b: Wanna See A Trick?|Thunder Wave|p1b: Reuniclus
|-status|p1b: Reuniclus|par
|move|p2a: Arctic Table|Crunch|p1a: Delphox
|-activate|p1a: Delphox|move: Protect
|move|p1b: Reuniclus|Psychic|p2a: Arctic Table
|-damage|p2a: Arctic Table|0 fnt
|faint|p2a: Arctic Table
|-damage|p1b: Reuniclus|90/100 par|[from] item: Life Orb
|
|upkeep
|
|t:|1786164672
|switch|p2a: Squidward's Cousin|Barbaracle, L50, F|100/100
|turn|4
|j| azileme
|inactive|tempestuwumeow has 30 seconds left.
|
|t:|1786164703
|move|p2a: Squidward's Cousin|Liquidation|p1a: Delphox
|-supereffective|p1a: Delphox|1
|-damage|p1a: Delphox|0 fnt
|faint|p1a: Delphox
|move|p2b: Wanna See A Trick?|Foul Play|p1b: Reuniclus
|-supereffective|p1b: Reuniclus|1
|-damage|p1b: Reuniclus|53/100 par
|move|p1b: Reuniclus|Rock Slide|p2b: Wanna See A Trick?|[spread] p2a,p2b
|-damage|p2a: Squidward's Cousin|86/100
|-damage|p2b: Wanna See A Trick?|86/100
|-damage|p1b: Reuniclus|43/100 par|[from] item: Life Orb
|
|upkeep
|inactive|tempestuwumeow has 30 seconds left.
|inactive|tempestuwumeow has 20 seconds left.
|inactive|tempestuwumeow has 15 seconds left.
|inactive|tempestuwumeow has 10 seconds left.
|
|t:|1786164751
|switch|p1a: Garchomp|Garchomp, L50, M|100/100
|turn|5
|inactive|tobyga has 30 seconds left.
|inactive|tobyga has 20 seconds left.
|inactive|tobyga has 15 seconds left.
|inactive|tobyga has 10 seconds left.
|
|t:|1786164801
|move|p1a: Garchomp|Earthquake|p2b: Wanna See A Trick?|[spread] p1b,p2a,p2b
|-supereffective|p2a: Squidward's Cousin|1
|-damage|p1b: Reuniclus|1/100 par
|-damage|p2a: Squidward's Cousin|10/100
|-damage|p2b: Wanna See A Trick?|44/100
|-enditem|p2b: Wanna See A Trick?|Sitrus Berry|[eat]
|-heal|p2b: Wanna See A Trick?|68/100|[from] item: Sitrus Berry
|move|p2a: Squidward's Cousin|Liquidation|p1a: Garchomp
|-damage|p1a: Garchomp|39/100
|-damage|p2a: Squidward's Cousin|0 fnt|[from] ability: Rough Skin|[of] p1a: Garchomp
|faint|p2a: Squidward's Cousin
|move|p2b: Wanna See A Trick?|Foul Play|p1a: Garchomp
|-damage|p1a: Garchomp|8/100
|-damage|p2b: Wanna See A Trick?|56/100|[from] ability: Rough Skin|[of] p1a: Garchomp
|move|p1b: Reuniclus|Rock Slide|p2b: Wanna See A Trick?
|-damage|p2b: Wanna See A Trick?|37/100
|-damage|p1b: Reuniclus|0 fnt|[from] item: Life Orb
|faint|p1b: Reuniclus
|
|upkeep
|
|t:|1786164818
|switch|p2a: Dragon Wannabe|Charizard, L50, M|100/100
|switch|p1b: Vileplume|Vileplume, L50, F|100/100
|turn|6
|inactive|tobyga has 30 seconds left.
|inactive|tobyga has 20 seconds left.
|inactive|tobyga has 15 seconds left.
|inactive|tobyga has 10 seconds left.
|
|t:|1786164866
|move|p1a: Garchomp|Earthquake|p2a: Dragon Wannabe|[spread] p1b,p2b
|-immune|p2a: Dragon Wannabe
|-damage|p1b: Vileplume|60/100
|-damage|p2b: Wanna See A Trick?|0 fnt
|faint|p2b: Wanna See A Trick?
|move|p2a: Dragon Wannabe|Heat Wave|p1a: Garchomp|[spread] p1a,p1b
|-resisted|p1a: Garchomp|1
|-supereffective|p1b: Vileplume|1
|-enditem|p1b: Vileplume|Occa Berry|[eat]
|-enditem|p1b: Vileplume|Occa Berry|[weaken]
|-damage|p1a: Garchomp|0 fnt
|-damage|p1b: Vileplume|29/100
|faint|p1a: Garchomp
|move|p1b: Vileplume|Sleep Powder|p2a: Dragon Wannabe|[miss]
|-miss|p1b: Vileplume|p2a: Dragon Wannabe
|
|upkeep
|turn|7
|c| andorite2|rip that needed to sleep
|inactive|tempestuwumeow has 30 seconds left.
|
|t:|1786164896
|move|p2a: Dragon Wannabe|Heat Wave|p1b: Vileplume|[miss]
|-miss|p2a: Dragon Wannabe|p1b: Vileplume
|move|p1b: Vileplume|Sleep Powder|p2a: Dragon Wannabe
|-status|p2a: Dragon Wannabe|slp|[from] move: Sleep Powder
|
|upkeep
|turn|8
|
|t:|1786164911
|cant|p2a: Dragon Wannabe|slp
|move|p1b: Vileplume|Sludge Bomb|p2a: Dragon Wannabe
|-damage|p2a: Dragon Wannabe|57/100 slp
|
|upkeep
|turn|9
|
|t:|1786164917
|cant|p2a: Dragon Wannabe|slp
|move|p1b: Vileplume|Sludge Bomb|p2a: Dragon Wannabe
|-damage|p2a: Dragon Wannabe|13/100 slp
|
|upkeep
|turn|10
|
|t:|1786164927
|-curestatus|p2a: Dragon Wannabe|slp|[msg]
|move|p2a: Dragon Wannabe|Protect|p2a: Dragon Wannabe
|-singleturn|p2a: Dragon Wannabe|Protect
|move|p1b: Vileplume|Sludge Bomb|p2a: Dragon Wannabe
|-activate|p2a: Dragon Wannabe|move: Protect
|
|upkeep
|turn|11
|
|t:|1786164933
|move|p2a: Dragon Wannabe|Heat Wave|p1b: Vileplume
|-supereffective|p1b: Vileplume|1
|-damage|p1b: Vileplume|0 fnt
|faint|p1b: Vileplume
|
|win|tobyga
||tempestuwumeow is ready for game 2.
||tobyga is ready for game 2.
|uhtml|next|Next: Game 2 of 3
