|j|☆powergo
|j|☆runeking6573
|html|powergoruneking6573    
|uhtml|bestof|Game 1 of a best-of-3
|t:|1784657236
|gametype|doubles
|player|p1|powergo|hassel|
|player|p2|runeking6573|bugcatcher-gen4dp|
|gen|9
|tier|[Gen 9 Champions] VGC 2026 Reg M-B (Bo3)
|rule|Species Clause: Limit one of each Pokémon
|rule|Item Clause: Limit 1 of each item
|clearpoke
|poke|p1|Gengar, L50, M|
|poke|p1|Archaludon, L50, M, shiny|
|poke|p1|Politoed, L50, F|
|poke|p1|Swampert, L50, M|
|poke|p1|Vivillon-Marine, L50, F|
|poke|p1|Incineroar, L50, M, shiny|
|poke|p2|Excadrill, L50, M|
|poke|p2|Tyranitar, L50, M|
|poke|p2|Staraptor, L50, F|
|poke|p2|Milotic, L50, M|
|poke|p2|Sinistcha, L50|
|poke|p2|Gholdengo, L50|
|teampreview|4
|showteam|p1|Gengar||Gengarite|CursedBody|ShadowBall,SludgeBomb,PerishSong,Protect|Modest||M|||50|]Archaludon||Leftovers|Stamina|ElectroShot,DragonPulse,FlashCannon,Protect|Bold||M|||50|]Politoed||SitrusBerry|Drizzle|WeatherBall,Hypnosis,PerishSong,Protect|Calm||F|||50|]Swampert||Swampertite|Torrent|WaveCrash,Earthquake,IcePunch,Protect|Adamant||M|||50|]Vivillon-Marine||FocusSash|CompoundEyes|Hurricane,RagePowder,SleepPowder,Protect|Timid||F|||50|]Incineroar||PasshoBerry|Intimidate|ThroatChop,FakeOut,PartingShot,Protect|Impish||M|||50|
|showteam|p2|Excadrill||FocusSash|SandRush|Earthquake,IronHead,RockSlide,Protect|Adamant||M|||50|]Tyranitar||Tyranitarite|SandStream|RockSlide,KnockOff,HighHorsepower,Protect|Adamant||M|||50|]Staraptor||Staraptite|Intimidate|Protect,BraveBird,CloseCombat,Tailwind|Jolly||F|||50|]Milotic||SitrusBerry|Competitive|Protect,Haze,IcyWind,Scald|Calm||M|||50|]Sinistcha||ColburBerry|Hospitality|Protect,RagePowder,MatchaGotcha,ShadowBall|Bold|||||50|]Gholdengo||LifeOrb|GoodasGold|Protect,ShadowBall,MakeItRain,NastyPlot|Modest|||||50|
|inactive|Battle timer is ON: inactive players will automatically lose when time's up. (requested by runeking6573)
|c|☆powergo|glhf
|c|☆runeking6573|u 2!
|j| The_AG_Is_Real
|inactive|powergo has 60 seconds left.
|inactive|runeking6573 has 60 seconds left.
|inactive|powergo has 30 seconds left.
|
|t:|1784657301
|teamsize|p1|4
|teamsize|p2|4
|start
|switch|p1a: Archaludon|Archaludon, L50, M, shiny|100/100
|switch|p1b: Swampert|Swampert, L50, M|100/100
|switch|p2a: Staraptor|Staraptor, L50, F|100/100
|switch|p2b: Milotic|Milotic, L50, M|100/100
|-ability|p2a: Staraptor|Intimidate|boost
|-unboost|p1a: Archaludon|atk|1
|-unboost|p1b: Swampert|atk|1
|turn|1
|inactive|powergo has 30 seconds left.
|inactive|powergo has 20 seconds left.
|inactive|powergo has 15 seconds left.
|j| iiFWM
|
|t:|1784657344
|switch|p1b: Politoed|Politoed, L50, F|100/100
|-weather|RainDance|[from] ability: Drizzle|[of] p1b: Politoed
|detailschange|p2a: Staraptor|Staraptor-Mega, L50, F
|-mega|p2a: Staraptor|Staraptor|Staraptite
|move|p2a: Staraptor|Close Combat|p1a: Archaludon
|-supereffective|p1a: Archaludon|1
|-damage|p1a: Archaludon|5/100
|-boost|p2a: Staraptor|def|1
|-boost|p2a: Staraptor|spd|1
|-ability|p1a: Archaludon|Stamina|boost
|-boost|p1a: Archaludon|def|1
|move|p1a: Archaludon|Electro Shot||[still]
|-prepare|p1a: Archaludon|Electro Shot
|-boost|p1a: Archaludon|spa|1
|-anim|p1a: Archaludon|Electro Shot|p2b: Milotic
|-supereffective|p2b: Milotic|1
|-damage|p2b: Milotic|21/100
|-enditem|p2b: Milotic|Sitrus Berry|[eat]
|-heal|p2b: Milotic|46/100|[from] item: Sitrus Berry
|move|p2b: Milotic|Icy Wind|p1b: Politoed|[spread] p1a,p1b
|-resisted|p1b: Politoed|1
|-damage|p1a: Archaludon|0 fnt
|-damage|p1b: Politoed|96/100
|-unboost|p1b: Politoed|spe|1
|faint|p1a: Archaludon
|
|-weather|RainDance|[upkeep]
|upkeep
|l| The_AG_Is_Real
|j| The_AG_Is_Real
|inactive|powergo has 30 seconds left.
|
|t:|1784657370
|switch|p1a: Swampert|Swampert, L50, M|100/100
|turn|2
|j| KrisKiwii
|
|t:|1784657388
|switch|p2b: Sinistcha|Sinistcha, L50|100/100
|detailschange|p1a: Swampert|Swampert-Mega, L50, M
|-mega|p1a: Swampert|Swampert|Swampertite
|move|p1b: Politoed|Protect|p1b: Politoed
|-singleturn|p1b: Politoed|Protect
|move|p1a: Swampert|Wave Crash|p2a: Staraptor
|-damage|p2a: Staraptor|14/100
|-damage|p1a: Swampert|74/100|[from] Recoil
|move|p2a: Staraptor|Close Combat|p1a: Swampert
|-damage|p1a: Swampert|17/100
|-boost|p2a: Staraptor|def|1
|-boost|p2a: Staraptor|spd|1
|
|-weather|RainDance|[upkeep]
|upkeep
|turn|3
|inactive|powergo has 30 seconds left.
|
|t:|1784657420
|move|p1a: Swampert|Ice Punch|p2a: Staraptor
|-supereffective|p2a: Staraptor|1
|-damage|p2a: Staraptor|0 fnt
|faint|p2a: Staraptor
|move|p2b: Sinistcha|Matcha Gotcha|p1a: Swampert|[spread] p1a,p1b
|-supereffective|p1a: Swampert|2
|-supereffective|p1b: Politoed|1
|-damage|p1a: Swampert|0 fnt
|-damage|p1b: Politoed|59/100
|-status|p1b: Politoed|brn
|faint|p1a: Swampert
|move|p1b: Politoed|Hypnosis|p2b: Sinistcha|[miss]
|-miss|p1b: Politoed|p2b: Sinistcha
|
|-weather|RainDance|[upkeep]
|-damage|p1b: Politoed|53/100 brn|[from] brn
|upkeep
|
|t:|1784657437
|switch|p2a: Milotic|Milotic, L50, M|46/100
|switch|p1a: Incineroar|Incineroar, L50, M, shiny|100/100
|-ability|p1a: Incineroar|Intimidate|boost
|-unboost|p2a: Milotic|atk|1
|-ability|p2a: Milotic|Competitive|boost
|-boost|p2a: Milotic|spa|2
|-unboost|p2b: Sinistcha|atk|1
|turn|4
|inactive|powergo has 30 seconds left.
|inactive|powergo has 20 seconds left.
|inactive|powergo has 15 seconds left.
|inactive|powergo has 10 seconds left.
|
|t:|1784657484
|move|p2a: Milotic|Protect|p2a: Milotic
|-singleturn|p2a: Milotic|Protect
|move|p2b: Sinistcha|Protect|p2b: Sinistcha
|-singleturn|p2b: Sinistcha|Protect
|move|p1a: Incineroar|Fake Out|p2a: Milotic
|-activate|p2a: Milotic|move: Protect
|move|p1b: Politoed|Hypnosis|p2a: Milotic
|-activate|p2a: Milotic|move: Protect
|
|-weather|RainDance|[upkeep]
|-damage|p1b: Politoed|47/100 brn|[from] brn
|upkeep
|-enditem|p1b: Politoed|Sitrus Berry|[eat]
|-heal|p1b: Politoed|72/100 brn|[from] item: Sitrus Berry
|turn|5
|
|t:|1784657505
|move|p2b: Sinistcha|Rage Powder|p2b: Sinistcha
|-singleturn|p2b: Sinistcha|move: Rage Powder
|move|p2a: Milotic|Scald|p1a: Incineroar
|-supereffective|p1a: Incineroar|1
|-enditem|p1a: Incineroar|Passho Berry|[eat]
|-enditem|p1a: Incineroar|Passho Berry|[weaken]
|-damage|p1a: Incineroar|31/100
|move|p1a: Incineroar|Throat Chop|p2b: Sinistcha
|-supereffective|p2b: Sinistcha|1
|-enditem|p2b: Sinistcha|Colbur Berry|[eat]
|-enditem|p2b: Sinistcha|Colbur Berry|[weaken]
|-damage|p2b: Sinistcha|76/100
|-start|p2b: Sinistcha|Throat Chop|[silent]
|move|p1b: Politoed|Weather Ball|p2b: Sinistcha
|-resisted|p2b: Sinistcha|1
|-damage|p2b: Sinistcha|52/100
|
|-weather|none
|-damage|p1b: Politoed|66/100 brn|[from] brn
|upkeep
|turn|6
|
|t:|1784657528
|move|p2a: Milotic|Scald|p1a: Incineroar
|-supereffective|p1a: Incineroar|1
|-damage|p1a: Incineroar|0 fnt
|faint|p1a: Incineroar
|move|p2b: Sinistcha|Matcha Gotcha|p1b: Politoed
|-supereffective|p1b: Politoed|1
|-crit|p1b: Politoed
|-damage|p1b: Politoed|0 fnt
|-heal|p2b: Sinistcha|89/100|[from] drain|[of] p1b: Politoed
|faint|p1b: Politoed
|
|win|runeking6573
|inactive|powergo has 30 seconds to confirm battle start!
|inactive|runeking6573 has 30 seconds to confirm battle start!
||runeking6573 is ready for game 2.
||powergo is ready for game 2.
|uhtml|next|Next: Game 2 of 3
|l| The_AG_Is_Real
|l|☆runeking6573
|player|p2|
