|j|☆Slowjow
|j|☆washingtongargacha
|html|Slowjowwashingtongargacha    
|uhtml|bestof|Game 3 of a best-of-3
|t:|1757725414
|gametype|doubles
|player|p1|Slowjow|1|1195
|player|p2|washingtongargacha|101|1154
|gen|9
|tier|[Gen 9] VGC 2025 Reg H (Bo3)
|rated|
|rule|Species Clause: Limit one of each Pokémon
|rule|Item Clause: Limit 1 of each item
|clearpoke
|poke|p1|Gliscor, L50, M|
|poke|p1|Electabuzz, L50, F|
|poke|p1|Tauros-Paldea-Blaze, L50, M|
|poke|p1|Gastrodon, L50, M|
|poke|p1|Kingambit, L50, M|
|poke|p1|Ninetales-Alola, L50, F|
|poke|p2|Talonflame, L50, M|
|poke|p2|Gholdengo, L50|
|poke|p2|Dragonite, L50, M|
|poke|p2|Archaludon, L50, M|
|poke|p2|Tyranitar, L50, F|
|poke|p2|Garchomp, L50, M|
|teampreview|4
|showteam|p1|Gliscor||ToxicOrb|PoisonHeal|HighHorsepower,DualWingbeat,SwordsDance,Protect|||M|||50|,,,,,Water]Electabuzz||Eviolite|VitalSpirit|Electroweb,Taunt,FollowMe,Protect|||F|||50|,,,,,Ghost]Tauros-Paldea-Blaze||MirrorHerb|Intimidate|RagingBull,CloseCombat,WillOWisp,Protect|||M|||50|,,,,,Grass]Gastrodon||Leftovers|StormDrain|MuddyWater,ClearSmog,Yawn,Protect|||M|||50|,,,,,Fire]Kingambit||BlackGlasses|Defiant|KowtowCleave,SuckerPunch,SwordsDance,Protect|||M|||50|,,,,,Dark]Ninetales-Alola||LightClay|SnowWarning|AuroraVeil,FreezeDry,Encore,Protect|||F|||50|,,,,,Water
|showteam|p2|Talonflame||CovertCloak|GaleWings|Tailwind,DualWingbeat,Taunt,FlareBlitz|||M|||50|,,,,,Stellar]Gholdengo||LifeOrb|GoodasGold|MakeItRain,NastyPlot,ShadowBall,Protect||||||50|,,,,,Steel]Dragonite||LoadedDice|Multiscale|ScaleShot,IceSpinner,Haze,Protect|||M|||50|,,,,,Steel]Archaludon||PowerHerb|Sturdy|FlashCannon,ElectroShot,DracoMeteor,Protect|||M|||50|,,,,,Flying]Tyranitar||AssaultVest|SandStream|KnockOff,RockSlide,TeraBlast,LowKick|||F|||50|,,,,,Flying]Garchomp||ClearAmulet|RoughSkin|DragonClaw,StompingTantrum,Earthquake,Protect|||M|||50|,,,,,Steel
|inactive|Battle timer is ON: inactive players will automatically lose when time's up. (requested by Slowjow)
|
|t:|1757725449
|teamsize|p1|4
|teamsize|p2|4
|start
|switch|p1a: Gastrodon|Gastrodon, L50, M|100/100
|switch|p1b: Kingambit|Kingambit, L50, M|100/100
|switch|p2a: Dragonite|Dragonite, L50, M|100/100
|switch|p2b: Garchomp|Garchomp, L50, M|100/100
|turn|1
|
|t:|1757725468
|switch|p1b: Gliscor|Gliscor, L50, M|100/100
|move|p2b: Garchomp|Earthquake|p1a: Gastrodon|[spread] p1a
|-immune|p2a: Dragonite
|-immune|p1b: Gliscor
|-damage|p1a: Gastrodon|68/100
|move|p2a: Dragonite|Ice Spinner|p1b: Gliscor
|-supereffective|p1b: Gliscor
|-damage|p1b: Gliscor|0 fnt
|faint|p1b: Gliscor
|move|p1a: Gastrodon|Yawn|p2a: Dragonite
|-start|p2a: Dragonite|move: Yawn|[of] p1a: Gastrodon
|
|-heal|p1a: Gastrodon|74/100|[from] item: Leftovers
|upkeep
|
|t:|1757725487
|switch|p1b: Kingambit|Kingambit, L50, M|100/100
|turn|2
|inactive|washingtongargacha has 30 seconds left.
|
|t:|1757725519
|switch|p2a: Archaludon|Archaludon, L50, M|100/100
|move|p2b: Garchomp|Stomping Tantrum|p1b: Kingambit
|-supereffective|p1b: Kingambit
|-damage|p1b: Kingambit|47/100
|move|p1b: Kingambit|Swords Dance|p1b: Kingambit
|-boost|p1b: Kingambit|atk|2
|move|p1a: Gastrodon|Muddy Water|p2a: Archaludon|[spread] p2a,p2b
|-resisted|p2a: Archaludon
|-damage|p2a: Archaludon|82/100
|-damage|p2b: Garchomp|74/100
|
|-heal|p1a: Gastrodon|80/100|[from] item: Leftovers
|upkeep
|turn|3
|inactive|washingtongargacha has 30 seconds left.
|
|t:|1757725550
|move|p1b: Kingambit|Protect|p1b: Kingambit
|-singleturn|p1b: Kingambit|Protect
|move|p2b: Garchomp|Earthquake|p1a: Gastrodon|[spread] p2a,p1a
|-activate|p1b: Kingambit|move: Protect
|-supereffective|p2a: Archaludon
|-damage|p2a: Archaludon|17/100
|-damage|p1a: Gastrodon|48/100
|move|p2a: Archaludon|Draco Meteor|p1a: Gastrodon
|-damage|p1a: Gastrodon|0 fnt
|-unboost|p2a: Archaludon|spa|2
|faint|p1a: Gastrodon
|
|upkeep
|
|t:|1757725563
|switch|p1a: Tauros|Tauros-Paldea-Blaze, L50, M|100/100
|-ability|p1a: Tauros|Intimidate|boost
|-unboost|p2a: Archaludon|atk|1
|-fail|p2b: Garchomp|unboost|[from] item: Clear Amulet|[of] p2b: Garchomp
|turn|4
|
|t:|1757725576
|switch|p2a: Dragonite|Dragonite, L50, M|100/100
|-terastallize|p1b: Kingambit|Dark
|move|p2b: Garchomp|Protect|p2b: Garchomp
|-singleturn|p2b: Garchomp|Protect
|move|p1b: Kingambit|Sucker Punch||[still]
|-fail|p1b: Kingambit
|move|p1a: Tauros|Raging Bull|p2a: Dragonite
|-resisted|p2a: Dragonite
|-damage|p2a: Dragonite|89/100
|
|upkeep
|turn|5
|
|t:|1757725603
|move|p1b: Kingambit|Sucker Punch|p2b: Garchomp
|-damage|p2b: Garchomp|0 fnt
|-damage|p1b: Kingambit|35/100|[from] ability: Rough Skin|[of] p2b: Garchomp
|faint|p2b: Garchomp
|move|p1a: Tauros|Will-O-Wisp|p2a: Dragonite
|-status|p2a: Dragonite|brn
|move|p2a: Dragonite|Scale Shot|p1b: Kingambit
|-damage|p1b: Kingambit|29/100
|-damage|p1b: Kingambit|24/100
|-damage|p1b: Kingambit|18/100
|-damage|p1b: Kingambit|13/100
|-damage|p1b: Kingambit|7/100
|-hitcount|p1b: Kingambit|5
|-unboost|p2a: Dragonite|def|1
|-boost|p2a: Dragonite|spe|1
|-enditem|p1a: Tauros|Mirror Herb
|-boost|p1a: Tauros|spe|1|[from] item: Mirror Herb
|
|-damage|p2a: Dragonite|83/100 brn|[from] brn
|upkeep
|inactive|washingtongargacha has 30 seconds left.
|
|t:|1757725635
|switch|p2b: Archaludon|Archaludon, L50, M|17/100
|turn|6
|inactive|washingtongargacha has 30 seconds left.
|
|t:|1757725666
|move|p2a: Dragonite|Protect|p2a: Dragonite
|-singleturn|p2a: Dragonite|Protect
|move|p2b: Archaludon|Protect|p2b: Archaludon
|-singleturn|p2b: Archaludon|Protect
|move|p1b: Kingambit|Sucker Punch||[still]
|-fail|p1b: Kingambit
|move|p1a: Tauros|Raging Bull|p2b: Archaludon
|-activate|p2b: Archaludon|move: Protect
|
|-damage|p2a: Dragonite|77/100 brn|[from] brn
|upkeep
|turn|7
|
|t:|1757725690
|switch|p2a: Tyranitar|Tyranitar, L50, F|100/100
|-weather|Sandstorm|[from] ability: Sand Stream|[of] p2a: Tyranitar
|move|p1a: Tauros|Raging Bull|p2b: Archaludon
|-damage|p2b: Archaludon|0 fnt
|faint|p2b: Archaludon
|move|p1b: Kingambit|Kowtow Cleave|p2a: Tyranitar
|-resisted|p2a: Tyranitar
|-damage|p2a: Tyranitar|29/100
|
|-weather|Sandstorm|[upkeep]
|-damage|p1a: Tauros|94/100|[from] Sandstorm
|-damage|p1b: Kingambit|1/100|[from] Sandstorm
|upkeep
|
|t:|1757725701
|switch|p2b: Dragonite|Dragonite, L50, M|77/100 brn
|turn|8
|
|t:|1757725726
|move|p2b: Dragonite|Protect|p2b: Dragonite
|-singleturn|p2b: Dragonite|Protect
|move|p1b: Kingambit|Sucker Punch|p2a: Tyranitar
|-resisted|p2a: Tyranitar
|-damage|p2a: Tyranitar|0 fnt
|faint|p2a: Tyranitar
|move|p1a: Tauros|Raging Bull|p2b: Dragonite
|-activate|p2b: Dragonite|move: Protect
|
|-weather|Sandstorm|[upkeep]
|-damage|p1a: Tauros|88/100|[from] Sandstorm
|-damage|p2b: Dragonite|71/100 brn|[from] Sandstorm
|-damage|p1b: Kingambit|0 fnt|[from] Sandstorm
|faint|p1b: Kingambit
|-damage|p2b: Dragonite|65/100 brn|[from] brn
|upkeep
|turn|9
|
|t:|1757725746
|move|p1a: Tauros|Raging Bull|p2b: Dragonite
|-resisted|p2b: Dragonite
|-damage|p2b: Dragonite|44/100 brn
|move|p2b: Dragonite|Scale Shot|p1a: Tauros
|-damage|p1a: Tauros|80/100
|-damage|p1a: Tauros|72/100
|-damage|p1a: Tauros|64/100
|-damage|p1a: Tauros|55/100
|-damage|p1a: Tauros|48/100
|-hitcount|p1a: Tauros|5
|-unboost|p2b: Dragonite|def|1
|-boost|p2b: Dragonite|spe|1
|
|-weather|Sandstorm|[upkeep]
|-damage|p1a: Tauros|42/100|[from] Sandstorm
|-damage|p2b: Dragonite|38/100 brn|[from] Sandstorm
|-damage|p2b: Dragonite|32/100 brn|[from] brn
|upkeep
|turn|10
|
|t:|1757725764
|-terastallize|p2b: Dragonite|Steel
|move|p1a: Tauros|Protect|p1a: Tauros
|-singleturn|p1a: Tauros|Protect
|move|p2b: Dragonite|Scale Shot|p1a: Tauros
|-activate|p1a: Tauros|move: Protect
|
|-weather|Sandstorm|[upkeep]
|-damage|p1a: Tauros|35/100|[from] Sandstorm
|-damage|p2b: Dragonite|26/100 brn|[from] brn
|upkeep
|turn|11
|
|t:|1757725775
|move|p1a: Tauros|Raging Bull|p2b: Dragonite
|-supereffective|p2b: Dragonite
|-damage|p2b: Dragonite|0 fnt
|faint|p2b: Dragonite
|
|win|Slowjow
|raw|Slowjow's rating: 1195 → 1217(+22 for winning)
|raw|washingtongargacha's rating: 1154 → 1132(-22 for losing)
