|j|☆beast656545
|j|☆jajahyr
|html|beast656545jajahyr    
|uhtml|bestof|Game 1 of a best-of-3
|t:|1782956227
|gametype|doubles
|player|p1|beast656545|firebreather|1068
|player|p2|jajahyr|1|1000
|gen|9
|tier|[Gen 9 Champions] VGC 2026 Reg M-B (Bo3)
|rated|
|rule|Species Clause: Limit one of each Pokémon
|rule|Item Clause: Limit 1 of each item
|clearpoke
|poke|p1|Tinkaton, L50, F|
|poke|p1|Gholdengo, L50|
|poke|p1|Dragonite, L50, F|
|poke|p1|Aerodactyl, L50, F|
|poke|p1|Grimmsnarl, L50, M|
|poke|p1|Rotom-Wash, L50|
|poke|p2|Farigiraf, L50, M, shiny|
|poke|p2|Sylveon, L50, F, shiny|
|poke|p2|Pyroar, L50, F, shiny|
|poke|p2|Ninetales, L50, F, shiny|
|poke|p2|Venusaur, L50, M, shiny|
|poke|p2|Scrafty, L50, M, shiny|
|teampreview|4
|showteam|p1|Tinkaton||SitrusBerry|MoldBreaker|PlayRough,GigatonHammer,HelpingHand,FakeOut|Impish||F|||50|]Gholdengo||ChoiceScarf|GoodasGold|PowerGem,ShadowBall,MakeItRain,Thunderbolt|Modest|||||50|]Dragonite||Dragoninite|Multiscale|DracoMeteor,Tailwind,Haze,Thunderbolt|Modest||F|||50|]Aerodactyl||Aerodactylite|RockHead|Tailwind,DualWingbeat,RockSlide,Protect|Jolly||F|||50|]Grimmsnarl||LightClay|Prankster|LightScreen,Reflect,PartingShot,SpiritBreak|Careful||M|||50|]Rotom-Wash||Leftovers|Levitate|FoulPlay,HydroPump,Protect,WillOWisp|Calm|||||50|
|showteam|p2|Farigiraf||SitrusBerry|ArmorTail|TrickRoom,Psychic,Imprison,HelpingHand|Bold||M|||50|]Sylveon||FairyFeather|Pixilate|HyperBeam,HyperVoice,QuickAttack,Detect|Modest||F|||50|]Pyroar||Pyroarite|Moxie|HeatWave,Protect,SolarBeam,ScorchingSands|Timid||F|||50|]Ninetales||ChoiceScarf|Drought|HeatWave,SolarBeam,Overheat,FakeTears|Modest||F|||50|]Venusaur||LifeOrb|Chlorophyll|SludgeBomb,Protect,GigaDrain,SleepPowder|Modest||M|||50|]Scrafty||Scraftinite|Intimidate|KnockOff,FakeOut,DrainPunch,IcePunch|Adamant||M|||50|
|
|t:|1782956284
|teamsize|p1|4
|teamsize|p2|4
|start
|switch|p1a: Dragonite|Dragonite, L50, F|100/100
|switch|p1b: Gholdengo|Gholdengo, L50|100/100
|switch|p2a: Farigiraf|Farigiraf, L50, M, shiny|100/100
|switch|p2b: Ninetales|Ninetales, L50, F, shiny|100/100
|-weather|SunnyDay|[from] ability: Drought|[of] p2b: Ninetales
|turn|1
|
|t:|1782956343
|switch|p1b: Rotom|Rotom-Wash, L50|100/100
|detailschange|p1a: Dragonite|Dragonite-Mega, L50, F
|-mega|p1a: Dragonite|Dragonite|Dragoninite
|move|p2a: Farigiraf|Helping Hand|p2b: Ninetales
|-singleturn|p2b: Ninetales|Helping Hand|[of] p2a: Farigiraf
|move|p2b: Ninetales|Heat Wave|p1a: Dragonite|[spread] p1a,p1b
|-resisted|p1a: Dragonite|1
|-resisted|p1b: Rotom|1
|-damage|p1a: Dragonite|87/100
|-damage|p1b: Rotom|72/100
|-status|p1b: Rotom|brn
|move|p1a: Dragonite|Draco Meteor|p2b: Ninetales
|-damage|p2b: Ninetales|10/100
|-unboost|p1a: Dragonite|spa|2
|
|-weather|SunnyDay|[upkeep]
|-heal|p1b: Rotom|78/100 brn|[from] item: Leftovers
|-damage|p1b: Rotom|72/100 brn|[from] brn
|upkeep
|turn|2
|
|t:|1782956373
|switch|p2b: Sylveon|Sylveon, L50, F, shiny|100/100
|move|p1a: Dragonite|Haze|p1a: Dragonite
|-clearallboost
|move|p1b: Rotom|Hydro Pump|p2b: Sylveon
|-damage|p2b: Sylveon|86/100
|move|p2a: Farigiraf|Psychic|p1a: Dragonite
|-damage|p1a: Dragonite|61/100
|
|-weather|SunnyDay|[upkeep]
|-heal|p1b: Rotom|78/100 brn|[from] item: Leftovers
|-damage|p1b: Rotom|72/100 brn|[from] brn
|upkeep
|turn|3
|
|t:|1782956400
|switch|p1a: Gholdengo|Gholdengo, L50|100/100
|switch|p1b: Tinkaton|Tinkaton, L50, F|100/100
|-ability|p1b: Tinkaton|Mold Breaker
|move|p2a: Farigiraf|Psychic|p1b: Tinkaton
|-resisted|p1b: Tinkaton|1
|-damage|p1b: Tinkaton|84/100
|move|p2b: Sylveon|Hyper Voice|p1b: Tinkaton|[spread] p1a,p1b
|-resisted|p1a: Gholdengo|1
|-crit|p1a: Gholdengo
|-resisted|p1b: Tinkaton|1
|-damage|p1a: Gholdengo|54/100
|-damage|p1b: Tinkaton|64/100
|
|-weather|SunnyDay|[upkeep]
|upkeep
|turn|4
|
|t:|1782956417
|move|p2a: Farigiraf|Helping Hand|p2b: Sylveon
|-singleturn|p2b: Sylveon|Helping Hand|[of] p2a: Farigiraf
|move|p1b: Tinkaton|Fake Out|p2a: Farigiraf
|-damage|p2a: Farigiraf|92/100
|move|p1a: Gholdengo|Make It Rain|p2a: Farigiraf|[spread] p2a,p2b
|-supereffective|p2b: Sylveon|1
|-damage|p2a: Farigiraf|48/100
|-damage|p2b: Sylveon|9/100
|-unboost|p1a: Gholdengo|spa|2
|-enditem|p2a: Farigiraf|Sitrus Berry|[eat]
|-heal|p2a: Farigiraf|73/100|[from] item: Sitrus Berry
|move|p2b: Sylveon|Hyper Voice|p1a: Gholdengo|[spread] p1a,p1b
|-resisted|p1a: Gholdengo|1
|-resisted|p1b: Tinkaton|1
|-damage|p1a: Gholdengo|14/100
|-damage|p1b: Tinkaton|28/100
|-enditem|p1b: Tinkaton|Sitrus Berry|[eat]
|-heal|p1b: Tinkaton|53/100|[from] item: Sitrus Berry
|
|-weather|SunnyDay|[upkeep]
|upkeep
|turn|5
|
|t:|1782956440
|move|p1b: Tinkaton|Helping Hand|p1a: Gholdengo
|-singleturn|p1a: Gholdengo|Helping Hand|[of] p1b: Tinkaton
|move|p2b: Sylveon|Detect|p2b: Sylveon
|-singleturn|p2b: Sylveon|Protect
|move|p1a: Gholdengo|Make It Rain|p2a: Farigiraf|[spread] 
|-activate|p2b: Sylveon|move: Protect
|-miss|p1a: Gholdengo|p2a: Farigiraf
|move|p2a: Farigiraf|Psychic|p1a: Gholdengo
|-resisted|p1a: Gholdengo|1
|-crit|p1a: Gholdengo
|-damage|p1a: Gholdengo|0 fnt
|faint|p1a: Gholdengo
|
|-weather|none
|upkeep
|
|t:|1782956455
|switch|p1a: Dragonite|Dragonite-Mega, L50, F|61/100
|turn|6
|
|t:|1782956463
|move|p2a: Farigiraf|Helping Hand|p2b: Sylveon
|-singleturn|p2b: Sylveon|Helping Hand|[of] p2a: Farigiraf
|move|p2b: Sylveon|Quick Attack|p1a: Dragonite
|-supereffective|p1a: Dragonite|1
|-damage|p1a: Dragonite|28/100
|move|p1b: Tinkaton|Gigaton Hammer|p2a: Farigiraf
|-damage|p2a: Farigiraf|34/100
|move|p1a: Dragonite|Thunderbolt|p2b: Sylveon
|-damage|p2b: Sylveon|0 fnt
|faint|p2b: Sylveon
|
|upkeep
|
|t:|1782956472
|switch|p2b: Ninetales|Ninetales, L50, F, shiny|10/100
|-weather|SunnyDay|[from] ability: Drought|[of] p2b: Ninetales
|turn|7
|
|t:|1782956482
|switch|p1a: Rotom|Rotom-Wash, L50|72/100 brn
|move|p2a: Farigiraf|Helping Hand|p2b: Ninetales
|-singleturn|p2b: Ninetales|Helping Hand|[of] p2a: Farigiraf
|move|p2b: Ninetales|Heat Wave|p1b: Tinkaton|[spread] p1b
|-miss|p2b: Ninetales|p1a: Rotom
|-supereffective|p1b: Tinkaton|1
|-damage|p1b: Tinkaton|0 fnt
|faint|p1b: Tinkaton
|
|-weather|SunnyDay|[upkeep]
|-heal|p1a: Rotom|78/100 brn|[from] item: Leftovers
|-damage|p1a: Rotom|72/100 brn|[from] brn
|upkeep
|
|t:|1782956494
|switch|p1b: Dragonite|Dragonite-Mega, L50, F|28/100
|turn|8
|
|t:|1782956502
|move|p2a: Farigiraf|Helping Hand|p2b: Ninetales
|-singleturn|p2b: Ninetales|Helping Hand|[of] p2a: Farigiraf
|move|p2b: Ninetales|Heat Wave|p1b: Dragonite|[spread] p1a,p1b
|-resisted|p1a: Rotom|1
|-resisted|p1b: Dragonite|1
|-damage|p1a: Rotom|44/100 brn
|-damage|p1b: Dragonite|2/100
|move|p1b: Dragonite|Thunderbolt|p2a: Farigiraf
|-damage|p2a: Farigiraf|1/100
|move|p1a: Rotom|Hydro Pump|p2b: Ninetales
|-supereffective|p2b: Ninetales|1
|-damage|p2b: Ninetales|0 fnt
|faint|p2b: Ninetales
|
|-weather|SunnyDay|[upkeep]
|-heal|p1a: Rotom|50/100g brn|[from] item: Leftovers
|-damage|p1a: Rotom|44/100 brn|[from] brn
|upkeep
|
|t:|1782956507
|switch|p2b: Pyroar|Pyroar, L50, F, shiny|100/100
|turn|9
|
|t:|1782956526
|detailschange|p2b: Pyroar|Pyroar-Mega, L50, F, shiny
|-mega|p2b: Pyroar|Pyroar|Pyroarite
|move|p2a: Farigiraf|Helping Hand|p2b: Pyroar
|-singleturn|p2b: Pyroar|Helping Hand|[of] p2a: Farigiraf
|move|p2b: Pyroar|Solar Beam||[still]
|-prepare|p2b: Pyroar|Solar Beam
|-anim|p2b: Pyroar|Solar Beam|p1a: Rotom
|-supereffective|p1a: Rotom|1
|-damage|p1a: Rotom|0 fnt
|faint|p1a: Rotom
|move|p1b: Dragonite|Draco Meteor|p2b: Pyroar
|-damage|p2b: Pyroar|5/100
|-unboost|p1b: Dragonite|spa|2
|
|-weather|SunnyDay|[upkeep]
|upkeep
|turn|10
|
|t:|1782956540
|move|p2b: Pyroar|Heat Wave|p1b: Dragonite
|-resisted|p1b: Dragonite|1
|-damage|p1b: Dragonite|0 fnt
|faint|p1b: Dragonite
|
|win|jajahyr
||jajahyr is ready for game 2.
||beast656545 is ready for game 2.
|uhtml|next|Next: Game 2 of 3
|l|☆jajahyr
|player|p2|
