|j|☆BigfootBender
|j|‽BurnStatists
|html|BigfootBenderBurnStatists    
|uhtml|bestof|Game 1 of a best-of-3
|t:|1757727205
|gametype|doubles
|player|p1|BigfootBender|rocketgruntf|1038
|player|p2|BurnStatists|alder|1034
|gen|9
|tier|[Gen 9] VGC 2025 Reg H (Bo3)
|rated|
|rule|Species Clause: Limit one of each Pokémon
|rule|Item Clause: Limit 1 of each item
|clearpoke
|poke|p1|Gholdengo, L50|
|poke|p1|Maushold-Four, L50|
|poke|p1|Annihilape, L50, F|
|poke|p1|Salamence, L50, M|
|poke|p1|Whimsicott, L50, F|
|poke|p1|Archaludon, L50, M|
|poke|p2|Blaziken, L50, M|
|poke|p2|Honchkrow, L50, M|
|poke|p2|Tyranitar, L50, M|
|poke|p2|Gyarados, L50, F|
|poke|p2|Gholdengo, L50|
|poke|p2|Archaludon, L50, F|
|teampreview|4
|showteam|p1|Gholdengo||ChoiceScarf|GoodasGold|ShadowBall,MakeItRain,Thunderbolt,TeraBlast||||||50|,,,,,Stellar]Maushold-Four||SafetyGoggles|FriendGuard|BeatUp,FollowMe,HelpingHand,PopulationBomb||||||50|,,,,,Flying]Annihilape||Leftovers|Defiant|Protect,RageFist,CloseCombat,Earthquake|||F|||50|,,,,,Ground]Salamence||AssaultVest|Intimidate|RockSlide,DracoMeteor,Hurricane,HeatWave|||M|||50|,,,,,Fire]Whimsicott||CovertCloak|Prankster|MistyTerrain,Tailwind,Moonblast,Encore|||F|||50|,,,,,Dark]Archaludon||PowerHerb|Stamina|ElectroShot,DracoMeteor,BodyPress,Protect|||M|||50|,,,,,Steel
|showteam|p2|Blaziken||FocusSash|SpeedBoost|BlazeKick,CloseCombat,UpperHand,RockSlide|||M|||50|,,,,,Rock]Honchkrow||ScopeLens|SuperLuck|SuckerPunch,NightSlash,BraveBird,TeraBlast|||M|||50|,,,,,Ground]Tyranitar||AssaultVest|SandStream|IronHead,RockSlide,HighHorsepower,KnockOff|||M|||50|,,,,,Ghost]Gyarados||ClearAmulet|Moxie|DragonDance,Waterfall,Earthquake,IceFang|||F|||50|,,,,,Ground]Gholdengo||MetalCoat|GoodasGold|NastyPlot,MakeItRain,ShadowBall,Protect||||||50|,,,,,Steel]Archaludon||PowerHerb|Stamina|ElectroShot,DragonPulse,FlashCannon,Thunderbolt|||F|||50|,,,,,Electric
|inactive|Battle timer is ON: inactive players will automatically lose when time's up. (requested by BigfootBender)
|inactive|BigfootBender has 60 seconds left.
|
|t:|1757727250
|teamsize|p1|4
|teamsize|p2|4
|start
|switch|p1a: Maushold|Maushold-Four, L50|100/100
|switch|p1b: Annihilape|Annihilape, L50, F|100/100
|switch|p2a: Blaziken|Blaziken, L50, M|100/100
|switch|p2b: Honchkrow|Honchkrow, L50, M|100/100
|turn|1
|inactive|BigfootBender has 30 seconds left.
|
|t:|1757727277
|-terastallize|p1b: Annihilape|Ground
|move|p1a: Maushold|Beat Up|p1b: Annihilape
|-damage|p1b: Annihilape|98/100
|-damage|p1b: Annihilape|96/100
|-damage|p1b: Annihilape|92/100
|-crit|p1b: Annihilape
|-damage|p1b: Annihilape|90/100
|-hitcount|p1b: Annihilape|4
|move|p2a: Blaziken|Close Combat|p1a: Maushold
|-supereffective|p1a: Maushold
|-damage|p1a: Maushold|0 fnt
|-unboost|p2a: Blaziken|def|1
|-unboost|p2a: Blaziken|spd|1
|faint|p1a: Maushold
|move|p1b: Annihilape|Rage Fist|p2a: Blaziken
|-enditem|p2a: Blaziken|Focus Sash
|-damage|p2a: Blaziken|1/100
|move|p2b: Honchkrow|Night Slash|p1b: Annihilape
|-crit|p1b: Annihilape
|-damage|p1b: Annihilape|18/100
|
|-heal|p1b: Annihilape|24/100|[from] item: Leftovers
|-ability|p2a: Blaziken|Speed Boost|boost
|-boost|p2a: Blaziken|spe|1
|upkeep
|inactive|BigfootBender has 30 seconds left.
|
|t:|1757727305
|switch|p1a: Whimsicott|Whimsicott, L50, F|100/100
|turn|2
|
|t:|1757727317
|move|p1b: Annihilape|Protect|p1b: Annihilape
|-singleturn|p1b: Annihilape|Protect
|move|p1a: Whimsicott|Tailwind|p1a: Whimsicott
|-sidestart|p1: BigfootBender|move: Tailwind
|move|p2b: Honchkrow|Sucker Punch||[still]
|-fail|p2b: Honchkrow
|move|p2a: Blaziken|Blaze Kick|p1a: Whimsicott
|-supereffective|p1a: Whimsicott
|-damage|p1a: Whimsicott|0 fnt
|faint|p1a: Whimsicott
|
|-heal|p1b: Annihilape|30/100|[from] item: Leftovers
|-ability|p2a: Blaziken|Speed Boost|boost
|-boost|p2a: Blaziken|spe|1
|upkeep
|
|t:|1757727330
|switch|p1a: Salamence|Salamence, L50, M|100/100
|-ability|p1a: Salamence|Intimidate|boost
|-unboost|p2a: Blaziken|atk|1
|-unboost|p2b: Honchkrow|atk|1
|turn|3
|
|t:|1757727346
|move|p1b: Annihilape|Protect|p1b: Annihilape
|-singleturn|p1b: Annihilape|Protect
|move|p2b: Honchkrow|Sucker Punch||[still]
|-fail|p2b: Honchkrow
|move|p1a: Salamence|Heat Wave|p2b: Honchkrow|[spread] p2a,p2b
|-resisted|p2a: Blaziken
|-damage|p2a: Blaziken|0 fnt
|-damage|p2b: Honchkrow|71/100
|faint|p2a: Blaziken
|
|-heal|p1b: Annihilape|36/100|[from] item: Leftovers
|upkeep
|
|t:|1757727368
|switch|p2a: Gyarados|Gyarados, L50, F|100/100
|turn|4
|inactive|BigfootBender has 30 seconds left.
|
|t:|1757727402
|move|p2b: Honchkrow|Sucker Punch|p1b: Annihilape
|-damage|p1b: Annihilape|3/100
|move|p1a: Salamence|Rock Slide|p2a: Gyarados|[spread] p2a,p2b
|-supereffective|p2a: Gyarados
|-supereffective|p2b: Honchkrow
|-damage|p2a: Gyarados|64/100
|-damage|p2b: Honchkrow|25/100
|move|p1b: Annihilape|Rage Fist|p2a: Gyarados
|-damage|p2a: Gyarados|0 fnt
|faint|p2a: Gyarados
|
|-heal|p1b: Annihilape|9/100|[from] item: Leftovers
|upkeep
|
|t:|1757727417
|switch|p2a: Tyranitar|Tyranitar, L50, M|100/100
|-weather|Sandstorm|[from] ability: Sand Stream|[of] p2a: Tyranitar
|turn|5
|
|t:|1757727436
|-terastallize|p2b: Honchkrow|Ground
|move|p1b: Annihilape|Protect|p1b: Annihilape
|-singleturn|p1b: Annihilape|Protect
|move|p2b: Honchkrow|Sucker Punch||[still]
|-fail|p2b: Honchkrow
|move|p1a: Salamence|Rock Slide|p2b: Honchkrow|[spread] p2a,p2b
|-resisted|p2b: Honchkrow
|-damage|p2a: Tyranitar|86/100
|-damage|p2b: Honchkrow|14/100
|move|p2a: Tyranitar|Rock Slide|p1b: Annihilape|[spread] p1a
|-activate|p1b: Annihilape|move: Protect
|-supereffective|p1a: Salamence
|-damage|p1a: Salamence|26/100
|
|-weather|Sandstorm|[upkeep]
|-damage|p1a: Salamence|20/100|[from] Sandstorm
|-heal|p1b: Annihilape|15/100|[from] item: Leftovers
|-sideend|p1: BigfootBender|move: Tailwind
|upkeep
|turn|6
|inactive|BigfootBender has 30 seconds left.
|
|t:|1757727463
|move|p1b: Annihilape|Protect||[still]
|-fail|p1b: Annihilape
|move|p2b: Honchkrow|Sucker Punch||[still]
|-fail|p2b: Honchkrow
|move|p1a: Salamence|Rock Slide|p2b: Honchkrow|[spread] p2a,p2b
|-resisted|p2b: Honchkrow
|-damage|p2a: Tyranitar|72/100
|-damage|p2b: Honchkrow|3/100
|move|p2a: Tyranitar|Rock Slide|p1a: Salamence|[spread] p1a,p1b
|-supereffective|p1a: Salamence
|-resisted|p1b: Annihilape
|-damage|p1a: Salamence|0 fnt
|-damage|p1b: Annihilape|0 fnt
|faint|p1a: Salamence
|faint|p1b: Annihilape
|
|win|BurnStatists
||BigfootBender is ready for game 2.
|inactive|BurnStatists has 30 seconds to confirm battle start!
|l|☆BigfootBender
|player|p1|
|l|‽BurnStatists
|player|p2|
|inactive|BurnStatists has 20 seconds to confirm battle start!
||BurnStatists is ready for game 2.
|uhtml|next|Next: Game 2 of 3
