|j|☆Ziik
|j|☆ChrixsVGC
|html|ZiikChrixsVGC    
|uhtml|bestof|Game 2 of a best-of-3
|t:|1756327219
|gametype|doubles
|player|p1|Ziik|170|1129
|player|p2|ChrixsVGC|veteran|1147
|gen|9
|tier|[Gen 9] VGC 2025 Reg H (Bo3)
|rated|
|rule|Species Clause: Limit one of each Pokémon
|rule|Item Clause: Limit 1 of each item
|clearpoke
|poke|p1|Amoonguss, L50, M|
|poke|p1|Archaludon, L50, M|
|poke|p1|Basculegion, L50, M|
|poke|p1|Pelipper, L50, F|
|poke|p1|Rillaboom, L50, F|
|poke|p1|Maushold-Four, L50|
|poke|p2|Dondozo, L50, F|
|poke|p2|Tatsugiri, L50, M|
|poke|p2|Maushold-Four, L50|
|poke|p2|Annihilape, L50, M|
|poke|p2|Whimsicott, L50, F|
|poke|p2|Typhlosion-Hisui, L50, M|
|teampreview|4
|showteam|p1|Amoonguss||SitrusBerry|Regenerator|RagePowder,Spore,PollenPuff,ClearSmog|||M|||50|,,,,,Fire]Archaludon||AssaultVest|Stamina|ElectroShot,FlashCannon,DracoMeteor,BodyPress|||M|||50|,,,,,Bug]Basculegion||LifeOrb|SwiftSwim|WaveCrash,LastRespects,AquaJet,FlipTurn|||M|||50|,,,,,Water]Pelipper||FocusSash|Drizzle|Protect,WeatherBall,Hurricane,Tailwind|||F|||50|,,,,,Steel]Rillaboom||MiracleSeed|GrassySurge|FakeOut,GrassyGlide,WoodHammer,Uturn|||F|||50|,,,,,Fire]Maushold-Four||WideLens|FriendGuard|Protect,FollowMe,Taunt,PopulationBomb||||||50|,,,,,Grass
|showteam|p2|Dondozo||Leftovers|Unaware|WaveCrash,Earthquake,OrderUp,Protect|||F|||50|,,,,,Dragon]Tatsugiri||SitrusBerry|Commander|DracoMeteor,MuddyWater,HelpingHand,Protect|||M|||50|,,,,,Steel]Maushold-Four||WideLens|Technician|PopulationBomb,Crunch,FollowMe,Protect||||||50|,,,,,Normal]Annihilape||ChoiceScarf|Defiant|ShadowClaw,CloseCombat,FinalGambit,Uturn|||M|||50|,,,,,Fighting]Whimsicott||CovertCloak|Prankster|Tailwind,SunnyDay,Moonblast,Encore|||F|||50|,,,,,Rock]Typhlosion-Hisui||Charcoal|Frisk|Eruption,HeatWave,ShadowBall,Protect|||M|||50|,,,,,Fairy
|j| nico the ram
|l| nico the ram
|
|t:|1756327300
|teamsize|p1|4
|teamsize|p2|4
|start
|switch|p1a: Maushold|Maushold-Four, L50|100/100
|switch|p1b: Amoonguss|Amoonguss, L50, M|100/100
|switch|p2a: Whimsicott|Whimsicott, L50, F|100/100
|switch|p2b: Typhlosion|Typhlosion-Hisui, L50, M|100/100
|-item|p1a: Maushold|Wide Lens|[from] ability: Frisk|[of] p2b: Typhlosion
|-item|p1b: Amoonguss|Sitrus Berry|[from] ability: Frisk|[of] p2b: Typhlosion
|turn|1
|
|t:|1756327320
|-terastallize|p1b: Amoonguss|Fire
|move|p2b: Typhlosion|Protect|p2b: Typhlosion
|-singleturn|p2b: Typhlosion|Protect
|move|p2a: Whimsicott|Moonblast|p1a: Maushold
|-damage|p1a: Maushold|68/100
|-unboost|p1a: Maushold|spa|1
|move|p1a: Maushold|Taunt|p2a: Whimsicott
|-start|p2a: Whimsicott|move: Taunt
|move|p1b: Amoonguss|Spore|p2b: Typhlosion
|-activate|p2b: Typhlosion|move: Protect
|
|upkeep
|turn|2
|
|t:|1756327347
|switch|p1a: Pelipper|Pelipper, L50, F|100/100
|-weather|RainDance|[from] ability: Drizzle|[of] p1a: Pelipper
|move|p2a: Whimsicott|Moonblast|p1b: Amoonguss
|-resisted|p1b: Amoonguss
|-damage|p1b: Amoonguss|89/100
|move|p2b: Typhlosion|Eruption|p1b: Amoonguss|[spread] p1a,p1b
|-resisted|p1a: Pelipper
|-resisted|p1b: Amoonguss
|-damage|p1a: Pelipper|73/100
|-damage|p1b: Amoonguss|75/100
|move|p1b: Amoonguss|Clear Smog|p2a: Whimsicott
|-supereffective|p2a: Whimsicott
|-damage|p2a: Whimsicott|14/100
|-clearboost|p2a: Whimsicott
|
|-weather|RainDance|[upkeep]
|upkeep
|turn|3
|
|t:|1756327374
|move|p2a: Whimsicott|Moonblast|p1b: Amoonguss
|-resisted|p1b: Amoonguss
|-damage|p1b: Amoonguss|65/100
|move|p2b: Typhlosion|Shadow Ball|p1b: Amoonguss
|-damage|p1b: Amoonguss|34/100
|-enditem|p1b: Amoonguss|Sitrus Berry|[eat]
|-heal|p1b: Amoonguss|59/100|[from] item: Sitrus Berry
|move|p1a: Pelipper|Tailwind|p1a: Pelipper
|-sidestart|p1: Ziik|move: Tailwind
|move|p1b: Amoonguss|Spore|p2b: Typhlosion
|-status|p2b: Typhlosion|slp|[from] move: Spore
|
|-weather|RainDance|[upkeep]
|upkeep
|turn|4
|
|t:|1756327396
|switch|p1b: Maushold|Maushold-Four, L50|68/100
|move|p1a: Pelipper|Hurricane|p2a: Whimsicott
|-supereffective|p2a: Whimsicott
|-damage|p2a: Whimsicott|0 fnt
|faint|p2a: Whimsicott
|cant|p2b: Typhlosion|slp
|
|-weather|RainDance|[upkeep]
|upkeep
|
|t:|1756327406
|switch|p2a: Maushold|Maushold-Four, L50|100/100
|turn|5
|
|t:|1756327425
|switch|p1a: Archaludon|Archaludon, L50, M|100/100
|-terastallize|p2b: Typhlosion|Fairy
|move|p2a: Maushold|Protect|p2a: Maushold
|-singleturn|p2a: Maushold|Protect
|move|p1b: Maushold|Population Bomb|p2a: Maushold
|-activate|p2a: Maushold|move: Protect
|cant|p2b: Typhlosion|slp
|
|-weather|RainDance|[upkeep]
|upkeep
|turn|6
|
|t:|1756327450
|switch|p1b: Amoonguss|Amoonguss, L50, M, tera:Fire|92/100
|switch|p2b: Annihilape|Annihilape, L50, M|100/100
|move|p2a: Maushold|Protect||[still]
|-fail|p2a: Maushold
|move|p1a: Archaludon|Electro Shot||[still]
|-prepare|p1a: Archaludon|Electro Shot
|-boost|p1a: Archaludon|spa|1
|-anim|p1a: Archaludon|Electro Shot|p2b: Annihilape
|-damage|p2b: Annihilape|49/100
|
|-weather|none
|-sideend|p1: Ziik|move: Tailwind
|upkeep
|turn|7
|
|t:|1756327478
|move|p1b: Amoonguss|Rage Powder|p1b: Amoonguss
|-singleturn|p1b: Amoonguss|move: Rage Powder
|move|p2b: Annihilape|Close Combat|p1b: Amoonguss
|-damage|p1b: Amoonguss|50/100
|-unboost|p2b: Annihilape|def|1
|-unboost|p2b: Annihilape|spd|1
|move|p2a: Maushold|Population Bomb|p1b: Amoonguss
|-damage|p1b: Amoonguss|40/100
|-damage|p1b: Amoonguss|31/100
|-damage|p1b: Amoonguss|20/100
|-damage|p1b: Amoonguss|10/100
|-crit|p1b: Amoonguss
|-damage|p1b: Amoonguss|0 fnt
|faint|p1b: Amoonguss
|-hitcount|p1: Amoonguss|5
|move|p1a: Archaludon|Draco Meteor|p2b: Annihilape
|-damage|p2b: Annihilape|0 fnt
|-unboost|p1a: Archaludon|spa|2
|faint|p2b: Annihilape
|
|upkeep
|
|t:|1756327501
|switch|p2b: Typhlosion|Typhlosion-Hisui, L50, M, tera:Fairy|100/100 slp
|switch|p1b: Pelipper|Pelipper, L50, F|73/100
|-item|p1a: Archaludon|Assault Vest|[from] ability: Frisk|[of] p2b: Typhlosion
|-item|p1b: Pelipper|Focus Sash|[from] ability: Frisk|[of] p2b: Typhlosion
|-weather|RainDance|[from] ability: Drizzle|[of] p1b: Pelipper
|turn|8
|
|t:|1756327515
|move|p2a: Maushold|Population Bomb|p1b: Pelipper
|-damage|p1b: Pelipper|59/100
|-damage|p1b: Pelipper|45/100
|-damage|p1b: Pelipper|31/100
|-damage|p1b: Pelipper|16/100
|-damage|p1b: Pelipper|0 fnt
|faint|p1b: Pelipper
|-hitcount|p1: Pelipper|5
|cant|p2b: Typhlosion|slp
|move|p1a: Archaludon|Flash Cannon|p2b: Typhlosion
|-supereffective|p2b: Typhlosion
|-damage|p2b: Typhlosion|32/100 slp
|
|-weather|RainDance|[upkeep]
|upkeep
|
|t:|1756327531
|switch|p1b: Maushold|Maushold-Four, L50|68/100
|turn|9
|
|t:|1756327542
|-curestatus|p2b: Typhlosion|slp|[msg]
|move|p2b: Typhlosion|Protect|p2b: Typhlosion
|-singleturn|p2b: Typhlosion|Protect
|move|p1b: Maushold|Protect|p1b: Maushold
|-singleturn|p1b: Maushold|Protect
|move|p2a: Maushold|Population Bomb|p1b: Maushold
|-activate|p1b: Maushold|move: Protect
|move|p1a: Archaludon|Flash Cannon|p2b: Typhlosion
|-activate|p2b: Typhlosion|move: Protect
|
|-weather|RainDance|[upkeep]
|upkeep
|turn|10
|
|t:|1756327564
|move|p2b: Typhlosion|Protect||[still]
|-fail|p2b: Typhlosion
|move|p2a: Maushold|Population Bomb|p1b: Maushold
|-damage|p1b: Maushold|57/100
|-damage|p1b: Maushold|48/100
|-damage|p1b: Maushold|37/100
|-damage|p1b: Maushold|26/100
|-damage|p1b: Maushold|15/100
|-damage|p1b: Maushold|3/100
|-damage|p1b: Maushold|0 fnt
|faint|p1b: Maushold
|-hitcount|p1: Maushold|7
|move|p1a: Archaludon|Flash Cannon|p2b: Typhlosion
|-supereffective|p2b: Typhlosion
|-damage|p2b: Typhlosion|0 fnt
|faint|p2b: Typhlosion
|
|-weather|RainDance|[upkeep]
|upkeep
|turn|11
|-message|ChrixsVGC forfeited.
|
|win|Ziik
|l|☆ChrixsVGC
|player|p2|
||ChrixsVGC is ready for game 3.
||Ziik is ready for game 3.
|uhtml|next|Next: Game 3 of 3
