|j|☆epic17x
|j|☆RustyTacos27
|html|epic17xRustyTacos27    
|uhtml|bestof|Game 2 of a best-of-3
|t:|1756741754
|gametype|doubles
|player|p1|epic17x|steven|1319
|player|p2|RustyTacos27|266|1222
|gen|9
|tier|[Gen 9] VGC 2025 Reg H (Bo3)
|rated|
|rule|Species Clause: Limit one of each Pokémon
|rule|Item Clause: Limit 1 of each item
|clearpoke
|poke|p1|Ninetales-Alola, L50, M|
|poke|p1|Rillaboom, L50, M|
|poke|p1|Magmar, L50, F|
|poke|p1|Sneasler, L50, M|
|poke|p1|Kingambit, L50, F|
|poke|p1|Basculegion, L50, M|
|poke|p2|Ursaluna-Bloodmoon, L50, M|
|poke|p2|Grimmsnarl, L50, M|
|poke|p2|Archaludon, L50, M|
|poke|p2|Salamence, L50, M|
|poke|p2|Volcarona, L50, F|
|poke|p2|Basculegion, L50, M|
|teampreview|4
|showteam|p1|Ninetales-Alola||NeverMeltIce|SnowWarning|Blizzard,FreezeDry,Encore,Protect|||M|||50|,,,,,Ghost]Rillaboom||AssaultVest|GrassySurge|WoodHammer,FakeOut,Uturn,GrassyGlide|||M|||50|,,,,,Ghost]Magmar||Eviolite|VitalSpirit|Protect,HeatWave,WillOWisp,FollowMe|||F|||50|,,,,,Ghost]Sneasler||FocusSash|PoisonTouch|FakeOut,DireClaw,CloseCombat,Protect|||M|||50|,,,,,Ghost]Kingambit||BlackGlasses|Defiant|KowtowCleave,SwordsDance,SuckerPunch,Protect|||F|||50|,,,,,Fire]Basculegion||ChoiceScarf|Adaptability|WaveCrash,FlipTurn,TeraBlast,LastRespects|||M|||50|,,,,,Fighting
|showteam|p2|Ursaluna-Bloodmoon||LifeOrb|MindsEye|BloodMoon,HyperVoice,EarthPower,Protect|||M|||50|,,,,,Normal]Grimmsnarl||LightClay|Prankster|SpiritBreak,LightScreen,Reflect,ThunderWave|||M|||50|,,,,,Ghost]Archaludon||AssaultVest|Stamina|DracoMeteor,FlashCannon,BodyPress,Snarl|||M|||50|,,,,,Water]Salamence||LumBerry|Intimidate|DualWingbeat,RockSlide,Tailwind,Protect|||M|||50|,,,,,Steel]Volcarona||SafetyGoggles|FlameBody|RagePowder,WillOWisp,HeatWave,Protect|||F|||50|,,,,,Dragon]Basculegion||ChoiceScarf|Adaptability|WaveCrash,AquaJet,LastRespects,FlipTurn|||M|||50|,,,,,Grass
|inactive|Battle timer is ON: inactive players will automatically lose when time's up. (requested by epic17x)
|
|t:|1756741770
|teamsize|p1|4
|teamsize|p2|4
|start
|switch|p1a: Magmar|Magmar, L50, F|100/100
|switch|p1b: Kingambit|Kingambit, L50, F|100/100
|switch|p2a: Grimmsnarl|Grimmsnarl, L50, M|100/100
|switch|p2b: Volcarona|Volcarona, L50, F|100/100
|turn|1
|
|t:|1756741783
|-terastallize|p1b: Kingambit|Fire
|move|p2a: Grimmsnarl|Thunder Wave|p1a: Magmar
|-status|p1a: Magmar|par
|move|p2b: Volcarona|Heat Wave|p1a: Magmar|[spread] p1a,p1b
|-resisted|p1a: Magmar
|-resisted|p1b: Kingambit
|-damage|p1a: Magmar|88/100 par
|-damage|p1b: Kingambit|82/100
|move|p1b: Kingambit|Swords Dance|p1b: Kingambit
|-boost|p1b: Kingambit|atk|2
|move|p1a: Magmar|Heat Wave|p2a: Grimmsnarl|[spread] p2a,p2b
|-damage|p2a: Grimmsnarl|76/100
|-damage|p2b: Volcarona|80/100
|
|upkeep
|turn|2
|
|t:|1756741801
|move|p2a: Grimmsnarl|Reflect|p2a: Grimmsnarl
|-sidestart|p2: RustyTacos27|Reflect
|move|p2b: Volcarona|Heat Wave|p1b: Kingambit|[spread] p1a,p1b
|-resisted|p1a: Magmar
|-resisted|p1b: Kingambit
|-damage|p1a: Magmar|75/100 par
|-damage|p1b: Kingambit|66/100
|move|p1b: Kingambit|Kowtow Cleave|p2b: Volcarona
|-damage|p2b: Volcarona|13/100
|move|p1a: Magmar|Will-O-Wisp|p2a: Grimmsnarl
|-status|p2a: Grimmsnarl|brn
|
|-damage|p2a: Grimmsnarl|70/100 brn|[from] brn
|upkeep
|turn|3
|
|t:|1756741812
|switch|p2b: Archaludon|Archaludon, L50, M|100/100
|move|p1b: Kingambit|Sucker Punch||[still]
|-fail|p1b: Kingambit
|move|p2a: Grimmsnarl|Thunder Wave|p1b: Kingambit
|-status|p1b: Kingambit|par
|move|p1a: Magmar|Heat Wave|p2a: Grimmsnarl|[spread] p2b
|-miss|p1a: Magmar|p2a: Grimmsnarl
|-damage|p2b: Archaludon|82/100
|-ability|p2b: Archaludon|Stamina|boost
|-boost|p2b: Archaludon|def|1
|
|-damage|p2a: Grimmsnarl|64/100 brn|[from] brn
|upkeep
|turn|4
|
|t:|1756741829
|cant|p1a: Magmar|par
|move|p2a: Grimmsnarl|Light Screen|p2a: Grimmsnarl
|-sidestart|p2: RustyTacos27|move: Light Screen
|move|p2b: Archaludon|Body Press|p1b: Kingambit
|-damage|p1b: Kingambit|39/100 par
|move|p1b: Kingambit|Kowtow Cleave|p2b: Archaludon
|-damage|p2b: Archaludon|44/100
|-ability|p2b: Archaludon|Stamina|boost
|-boost|p2b: Archaludon|def|1
|
|-damage|p2a: Grimmsnarl|58/100 brn|[from] brn
|upkeep
|turn|5
|
|t:|1756741841
|move|p1a: Magmar|Follow Me|p1a: Magmar
|-singleturn|p1a: Magmar|move: Follow Me
|move|p2b: Archaludon|Body Press|p1a: Magmar
|-damage|p1a: Magmar|41/100 par
|move|p2a: Grimmsnarl|Spirit Break|p1a: Magmar
|-resisted|p1a: Magmar
|-damage|p1a: Magmar|35/100 par
|-unboost|p1a: Magmar|spa|1
|move|p1b: Kingambit|Kowtow Cleave|p2b: Archaludon
|-damage|p2b: Archaludon|14/100
|-ability|p2b: Archaludon|Stamina|boost
|-boost|p2b: Archaludon|def|1
|
|-damage|p2a: Grimmsnarl|52/100 brn|[from] brn
|upkeep
|turn|6
|
|t:|1756741866
|cant|p1b: Kingambit|par
|move|p2b: Archaludon|Body Press|p1a: Magmar
|-damage|p1a: Magmar|0 fnt
|faint|p1a: Magmar
|move|p2a: Grimmsnarl|Spirit Break|p1b: Kingambit
|-resisted|p1b: Kingambit
|-damage|p1b: Kingambit|33/100 par
|-unboost|p1b: Kingambit|spa|1
|-ability|p1b: Kingambit|Defiant|boost
|-boost|p1b: Kingambit|atk|2
|
|-damage|p2a: Grimmsnarl|47/100 brn|[from] brn
|upkeep
|
|t:|1756741872
|switch|p1a: Sneasler|Sneasler, L50, M|100/100
|turn|7
|
|t:|1756741880
|move|p2a: Grimmsnarl|Thunder Wave|p1a: Sneasler
|-status|p1a: Sneasler|par
|move|p1b: Kingambit|Sucker Punch|p2b: Archaludon
|-damage|p2b: Archaludon|0 fnt
|faint|p2b: Archaludon
|move|p1a: Sneasler|Dire Claw|p2a: Grimmsnarl
|-supereffective|p2a: Grimmsnarl
|-damage|p2a: Grimmsnarl|0 fnt
|faint|p2a: Grimmsnarl
|
|upkeep
|
|t:|1756741888
|switch|p2b: Ursaluna|Ursaluna-Bloodmoon, L50, M|100/100
|switch|p2a: Volcarona|Volcarona, L50, F|13/100
|turn|8
|
|t:|1756741896
|-terastallize|p2b: Ursaluna|Normal
|move|p1b: Kingambit|Protect|p1b: Kingambit
|-singleturn|p1b: Kingambit|Protect
|move|p2a: Volcarona|Rage Powder|p2a: Volcarona
|-singleturn|p2a: Volcarona|move: Rage Powder
|move|p2b: Ursaluna|Hyper Voice|p1a: Sneasler|[spread] p1a
|-activate|p1b: Kingambit|move: Protect
|-enditem|p1a: Sneasler|Focus Sash
|-damage|p1a: Sneasler|1/100 par
|-damage|p2b: Ursaluna|91/100|[from] item: Life Orb
|move|p1a: Sneasler|Dire Claw|p2a: Volcarona
|-damage|p2a: Volcarona|0 fnt
|faint|p2a: Volcarona
|
|upkeep
|turn|9
|
|t:|1756741911
|move|p1b: Kingambit|Sucker Punch|p2b: Ursaluna
|-damage|p2b: Ursaluna|8/100
|move|p2b: Ursaluna|Hyper Voice|p1b: Kingambit|[spread] p1a,p1b
|-damage|p1a: Sneasler|0 fnt
|-damage|p1b: Kingambit|0 fnt
|faint|p1a: Sneasler
|faint|p1b: Kingambit
|-damage|p2b: Ursaluna|0 fnt|[from] item: Life Orb
|faint|p2b: Ursaluna
|
|win|epic17x
|raw|epic17x's rating: 1319 → 1334(+15 for winning)
|raw|RustyTacos27's rating: 1222 → 1204(-18 for losing)
