|j|☆Hanlau
|j|☆Durugista
|html|HanlauDurugista    
|uhtml|bestof|Game 1 of a best-of-3
|t:|1783344873
|gametype|doubles
|player|p1|Hanlau|unknown|
|player|p2|Durugista|169|
|gen|9
|tier|[Gen 9 Champions] VGC 2026 Reg M-B (Bo3)
|rule|Species Clause: Limit one of each Pokémon
|rule|Item Clause: Limit 1 of each item
|clearpoke
|poke|p1|Gengar, L50, M|
|poke|p1|Incineroar, L50, M|
|poke|p1|Scrafty, L50, F|
|poke|p1|Dragonite, L50, M|
|poke|p1|Snorlax, L50, M|
|poke|p1|Ninetales-Alola, L50, F|
|poke|p2|Staraptor, L50, M, shiny|
|poke|p2|Whimsicott, L50, M, shiny|
|poke|p2|Basculegion, L50, M|
|poke|p2|Archaludon, L50, F|
|poke|p2|Pelipper, L50, F|
|poke|p2|Kingambit, L50, M|
|teampreview|4
|showteam|p1|Gengar||Gengarite|CursedBody|ShadowBall,SludgeBomb,PerishSong,Protect|Modest||M|||50|]Incineroar||PasshoBerry|Intimidate|FlareBlitz,FakeOut,PartingShot,Protect|Relaxed||M|||50|]Scrafty||Scraftinite|Intimidate|CloseCombat,KnockOff,FakeOut,Protect|Careful||F|||50|]Dragonite||DragonFang|Multiscale|DragonClaw,LowKick,ExtremeSpeed,Protect|Adamant||M|||50|]Snorlax||Leftovers|ThickFat|Fissure,Yawn,Encore,Protect|Relaxed||M|||50|]Ninetales-Alola||FocusSash|SnowWarning|Blizzard,FreezeDry,Disable,Protect|Timid||F|||50|
|showteam|p2|Staraptor||Staraptite|Intimidate|CloseCombat,BraveBird,Roost,Protect|Adamant||M|||50|]Whimsicott||OccaBerry|Prankster|Tailwind,Encore,Charm,FakeTears|Calm||M|||50|]Basculegion||ChoiceScarf|Adaptability|LastRespects,WaveCrash,AquaJet,FlipTurn|Adamant||M|||50|]Archaludon||Magnet|Sturdy|ElectroShot,DracoMeteor,Protect,FlashCannon|Modest||F|||50|]Pelipper||FocusSash|Drizzle|WeatherBall,Protect,Hurricane,Tailwind|Modest||F|||50|]Kingambit||LifeOrb|Defiant|SuckerPunch,KowtowCleave,Protect,IronHead|Adamant||M|||50|
|inactive|Battle timer is ON: inactive players will automatically lose when time's up. (requested by Durugista)
|inactive|Hanlau has 60 seconds left.
|inactive|Durugista has 60 seconds left.
|
|t:|1783344924
|teamsize|p1|4
|teamsize|p2|4
|start
|switch|p1a: Gengar|Gengar, L50, M|100/100
|switch|p1b: Incineroar|Incineroar, L50, M|100/100
|switch|p2a: Kingambit|Kingambit, L50, M|100/100
|switch|p2b: Basculegion|Basculegion, L50, M|100/100
|-ability|p1b: Incineroar|Intimidate|boost
|-unboost|p2a: Kingambit|atk|1
|-ability|p2a: Kingambit|Defiant|boost
|-boost|p2a: Kingambit|atk|2
|-unboost|p2b: Basculegion|atk|1
|turn|1
|
|t:|1783344946
|switch|p2a: Pelipper|Pelipper, L50, F|100/100
|-weather|RainDance|[from] ability: Drizzle|[of] p2a: Pelipper
|detailschange|p1a: Gengar|Gengar-Mega, L50, M
|-mega|p1a: Gengar|Gengar|Gengarite
|move|p1a: Gengar|Protect|p1a: Gengar
|-singleturn|p1a: Gengar|Protect
|move|p2b: Basculegion|Wave Crash|p1a: Gengar
|-activate|p1a: Gengar|move: Protect
|move|p1b: Incineroar|Flare Blitz|p2a: Pelipper
|-resisted|p2a: Pelipper|1
|-damage|p2a: Pelipper|86/100
|-damage|p1b: Incineroar|97/100|[from] Recoil
|
|-weather|RainDance|[upkeep]
|upkeep
|turn|2
|inactive|Durugista has 30 seconds left.
|
|t:|1783344977
|switch|p1b: Scrafty|Scrafty, L50, F|100/100
|-ability|p1b: Scrafty|Intimidate|boost
|-unboost|p2a: Pelipper|atk|1
|-unboost|p2b: Basculegion|atk|1
|move|p2b: Basculegion|Wave Crash|p1a: Gengar
|-damage|p1a: Gengar|27/100
|-damage|p2b: Basculegion|79/100|[from] Recoil
|move|p1a: Gengar|Shadow Ball|p2b: Basculegion
|-supereffective|p2b: Basculegion|1
|-damage|p2b: Basculegion|0 fnt
|faint|p2b: Basculegion
|move|p2a: Pelipper|Hurricane|p1b: Scrafty
|-supereffective|p1b: Scrafty|1
|-damage|p1b: Scrafty|23/100
|
|-weather|RainDance|[upkeep]
|upkeep
|
|t:|1783344996
|switch|p2b: Kingambit|Kingambit, L50, M|100/100
|turn|3
|inactive|Hanlau has 30 seconds left.
|inactive|Durugista has 30 seconds left.
|inactive|Hanlau has 20 seconds left.
|
|t:|1783345034
|move|p1b: Scrafty|Protect|p1b: Scrafty
|-singleturn|p1b: Scrafty|Protect
|move|p2b: Kingambit|Protect|p2b: Kingambit
|-singleturn|p2b: Kingambit|Protect
|move|p1a: Gengar|Perish Song|p1a: Gengar
|-start|p1a: Gengar|perish3|[silent]
|-start|p1b: Scrafty|perish3|[silent]
|-start|p2a: Pelipper|perish3|[silent]
|-start|p2b: Kingambit|perish3|[silent]
|-fieldactivate|move: Perish Song
|move|p2a: Pelipper|Hurricane|p1b: Scrafty
|-activate|p1b: Scrafty|move: Protect
|
|-weather|RainDance|[upkeep]
|-start|p1a: Gengar|perish3
|-start|p2a: Pelipper|perish3
|-start|p1b: Scrafty|perish3
|-start|p2b: Kingambit|perish3
|upkeep
|turn|4
|inactive|Hanlau has 30 seconds left.
|inactive|Hanlau has 20 seconds left.
|inactive|Hanlau has 15 seconds left.
|inactive|Hanlau has 10 seconds left.
|inactive|Hanlau has 5 seconds left.
|
|t:|1783345087
|move|p1a: Gengar|Shadow Ball|p2a: Pelipper
|-damage|p2a: Pelipper|0 fnt
|faint|p2a: Pelipper
|move|p1b: Scrafty|Close Combat|p2b: Kingambit
|-supereffective|p2b: Kingambit|2
|-damage|p2b: Kingambit|0 fnt
|-unboost|p1b: Scrafty|def|1
|-unboost|p1b: Scrafty|spd|1
|faint|p2b: Kingambit
|
|-weather|RainDance|[upkeep]
|-start|p1a: Gengar|perish2
|-start|p1b: Scrafty|perish2
|upkeep
|
|t:|1783345101
|switch|p2a: Archaludon|Archaludon, L50, F|100/100
|turn|5
|
|t:|1783345112
|switch|p1b: Incineroar|Incineroar, L50, M|97/100
|-ability|p1b: Incineroar|Intimidate|boost
|-unboost|p2a: Archaludon|atk|1
|move|p1a: Gengar|Perish Song|p1a: Gengar
|-start|p1b: Incineroar|perish3|[silent]
|-start|p2a: Archaludon|perish3|[silent]
|-fieldactivate|move: Perish Song
|move|p2a: Archaludon|Electro Shot||[still]
|-prepare|p2a: Archaludon|Electro Shot
|-boost|p2a: Archaludon|spa|1
|-anim|p2a: Archaludon|Electro Shot|p1b: Incineroar
|-damage|p1b: Incineroar|27/100
|
|-weather|none
|-start|p1a: Gengar|perish1
|-start|p2a: Archaludon|perish3
|-start|p1b: Incineroar|perish3
|upkeep
|turn|6
|inactive|Durugista has 30 seconds left.
|
|t:|1783345143
|switch|p1a: Scrafty|Scrafty, L50, F|23/100
|-ability|p1a: Scrafty|Intimidate|boost
|-unboost|p2a: Archaludon|atk|1
|move|p1b: Incineroar|Fake Out|p2a: Archaludon
|-resisted|p2a: Archaludon|1
|-damage|p2a: Archaludon|95/100
|cant|p2a: Archaludon|flinch
|
|-start|p2a: Archaludon|perish2
|-start|p1b: Incineroar|perish2
|upkeep
|turn|7
|
|t:|1783345156
|switch|p1b: Dragonite|Dragonite, L50, M|100/100
|move|p1a: Scrafty|Fake Out|p2a: Archaludon
|-resisted|p2a: Archaludon|1
|-damage|p2a: Archaludon|92/100
|cant|p2a: Archaludon|flinch
|
|-start|p2a: Archaludon|perish1
|upkeep
|turn|8
|
|t:|1783345166
|move|p1b: Dragonite|Protect|p1b: Dragonite
|-singleturn|p1b: Dragonite|Protect
|move|p1a: Scrafty|Protect|p1a: Scrafty
|-singleturn|p1a: Scrafty|Protect
|move|p2a: Archaludon|Flash Cannon|p1a: Scrafty
|-activate|p1a: Scrafty|move: Protect
|
|-start|p2a: Archaludon|perish0
|faint|p2a: Archaludon
|
|win|Hanlau
||Durugista is ready for game 2.
|inactive|Hanlau has 30 seconds to confirm battle start!
||Hanlau is ready for game 2.
|uhtml|next|Next: Game 2 of 3
