|j|☆OkarunConBolas
|j|☆bosilek
|html|OkarunConBolasbosilek    
|uhtml|bestof|Game 2 of a best-of-3
|t:|1756331112
|gametype|doubles
|player|p1|OkarunConBolas|schoolkid-gen4|1104
|player|p2|bosilek|hilbert-wonderlauncher|1174
|gen|9
|tier|[Gen 9] VGC 2025 Reg H (Bo3)
|rated|
|rule|Species Clause: Limit one of each Pokémon
|rule|Item Clause: Limit 1 of each item
|clearpoke
|poke|p1|Kingambit, L50, F|
|poke|p1|Rillaboom, L50, F|
|poke|p1|Volcarona, L50, F|
|poke|p1|Electabuzz, L50, F|
|poke|p1|Sneasler, L50, M|
|poke|p1|Dragonite, L50, F|
|poke|p2|Garchomp, L50, M|
|poke|p2|Talonflame, L50, F|
|poke|p2|Gholdengo, L50|
|poke|p2|Ninetales-Alola, L50, M|
|poke|p2|Hydreigon, L50, F|
|poke|p2|Annihilape, L50, F|
|teampreview|4
|showteam|p1|Kingambit||BlackGlasses|Defiant|KowtowCleave,SuckerPunch,SwordsDance,Protect|||F|||50|,,,,,Dark]Rillaboom||AssaultVest|GrassySurge|WoodHammer,HighHorsepower,GrassyGlide,FakeOut|||F|||50|,,,,,Fire]Volcarona||CovertCloak|FlameBody|HeatWave,TeraBlast,QuiverDance,Protect|||F|||50|,,,,,Fairy]Electabuzz||Eviolite|VitalSpirit|Electroweb,Taunt,FollowMe,Protect|||F|||50|,,,,,Dragon]Sneasler||FocusSash|Unburden|CloseCombat,DireClaw,FakeOut,Coaching|||M|||50|,,,,,Ghost]Dragonite||LoadedDice|Multiscale|ScaleShot,ExtremeSpeed,Haze,Protect|||F|||50|,,,,,Fairy
|showteam|p2|Garchomp||LifeOrb|RoughSkin|Protect,Earthquake,DragonClaw,StompingTantrum|||M|||50|,,,,,Steel]Talonflame||CovertCloak|GaleWings|BraveBird,Taunt,WillOWisp,Tailwind|||F|||50|,,,,,Grass]Gholdengo||MetalCoat|GoodasGold|MakeItRain,ShadowBall,Protect,NastyPlot||||||50|,,,,,Water]Ninetales-Alola||FocusSash|SnowWarning|Blizzard,FreezeDry,Encore,Protect|||M|||50|,,,,,Water]Hydreigon||ChoiceSpecs|Levitate|HeatWave,Snarl,EarthPower,DragonPulse|||F|||50|,,,,,Fire]Annihilape||SafetyGoggles|Defiant|FinalGambit,RageFist,CloseCombat,Protect|||F|||50|,,,,,Fire
|inactive|Battle timer is ON: inactive players will automatically lose when time's up. (requested by OkarunConBolas)
|
|t:|1756331184
|teamsize|p1|4
|teamsize|p2|4
|start
|switch|p1a: Kingambit|Kingambit, L50, F|100/100
|switch|p1b: Electabuzz|Electabuzz, L50, F|100/100
|switch|p2a: Talonflame|Talonflame, L50, F|100/100
|switch|p2b: Garchomp|Garchomp, L50, M|100/100
|turn|1
|inactive|OkarunConBolas has 30 seconds left.
|inactive|OkarunConBolas has 20 seconds left.
|inactive|OkarunConBolas has 15 seconds left.
|
|t:|1756331224
|-terastallize|p1a: Kingambit|Dark
|move|p2a: Talonflame|Taunt|p1a: Kingambit
|-start|p1a: Kingambit|move: Taunt
|move|p2b: Garchomp|Earthquake|p1b: Electabuzz|[spread] p1a,p1b
|-immune|p2a: Talonflame
|-supereffective|p1b: Electabuzz
|-damage|p1a: Kingambit|64/100
|-damage|p1b: Electabuzz|29/100
|-damage|p2b: Garchomp|91/100|[from] item: Life Orb
|move|p1b: Electabuzz|Electroweb|p2a: Talonflame|[spread] p2a
|-immune|p2b: Garchomp
|-supereffective|p2a: Talonflame
|-damage|p2a: Talonflame|54/100
|move|p1a: Kingambit|Kowtow Cleave|p2b: Garchomp
|-damage|p2b: Garchomp|9/100
|-damage|p1a: Kingambit|51/100|[from] ability: Rough Skin|[of] p2b: Garchomp
|
|upkeep
|turn|2
|inactive|bosilek has 30 seconds left.
|inactive|bosilek has 20 seconds left.
|
|t:|1756331261
|switch|p2b: Annihilape|Annihilape, L50, F|100/100
|move|p1b: Electabuzz|Follow Me|p1b: Electabuzz
|-singleturn|p1b: Electabuzz|move: Follow Me
|move|p1a: Kingambit|Sucker Punch||[still]
|-fail|p1a: Kingambit
|move|p2a: Talonflame|Tailwind|p2a: Talonflame
|-sidestart|p2: bosilek|move: Tailwind
|
|upkeep
|turn|3
|
|t:|1756331284
|switch|p1b: Dragonite|Dragonite, L50, F|100/100
|move|p1a: Kingambit|Sucker Punch|p2b: Annihilape
|-damage|p2b: Annihilape|33/100
|move|p2a: Talonflame|Brave Bird|p1b: Dragonite
|-damage|p1b: Dragonite|73/100
|-damage|p2a: Talonflame|44/100|[from] Recoil
|move|p2b: Annihilape|Close Combat|p1a: Kingambit
|-supereffective|p1a: Kingambit
|-crit|p1a: Kingambit
|-damage|p1a: Kingambit|0 fnt
|-unboost|p2b: Annihilape|def|1
|-unboost|p2b: Annihilape|spd|1
|faint|p1a: Kingambit
|
|upkeep
|
|t:|1756331307
|switch|p1a: Electabuzz|Electabuzz, L50, F|29/100
|turn|4
|
|t:|1756331324
|move|p1a: Electabuzz|Follow Me|p1a: Electabuzz
|-singleturn|p1a: Electabuzz|move: Follow Me
|move|p2a: Talonflame|Will-O-Wisp|p1a: Electabuzz
|-status|p1a: Electabuzz|brn
|move|p2b: Annihilape|Rage Fist|p1a: Electabuzz
|-damage|p1a: Electabuzz|0 fnt
|faint|p1a: Electabuzz
|move|p1b: Dragonite|Scale Shot|p2b: Annihilape|[miss]
|-miss|p1b: Dragonite|p2b: Annihilape
|
|upkeep
|
|t:|1756331335
|switch|p1a: Sneasler|Sneasler, L50, M|100/100
|turn|5
|inactive|bosilek has 30 seconds left.
|
|t:|1756331365
|move|p2a: Talonflame|Will-O-Wisp|p1b: Dragonite
|-status|p1b: Dragonite|brn
|move|p2b: Annihilape|Close Combat|p1a: Sneasler
|-resisted|p1a: Sneasler
|-damage|p1a: Sneasler|57/100
|-unboost|p2b: Annihilape|def|1
|-unboost|p2b: Annihilape|spd|1
|move|p1a: Sneasler|Coaching|p1b: Dragonite
|-boost|p1b: Dragonite|atk|1
|-boost|p1b: Dragonite|def|1
|move|p1b: Dragonite|Scale Shot|p2a: Talonflame
|-damage|p2a: Talonflame|28/100
|-damage|p2a: Talonflame|10/100
|-damage|p2a: Talonflame|0 fnt
|faint|p2a: Talonflame
|-hitcount|p2: Talonflame|3
|-unboost|p1b: Dragonite|def|1
|-boost|p1b: Dragonite|spe|1
|
|-damage|p1b: Dragonite|67/100 brn|[from] brn
|-sideend|p2: bosilek|move: Tailwind
|upkeep
|
|t:|1756331381
|switch|p2a: Hydreigon|Hydreigon, L50, F|100/100
|turn|6
|
|t:|1756331405
|-terastallize|p2a: Hydreigon|Fire
|move|p1b: Dragonite|Scale Shot|p2a: Hydreigon
|-damage|p2a: Hydreigon|88/100
|-damage|p2a: Hydreigon|76/100
|-damage|p2a: Hydreigon|62/100
|-damage|p2a: Hydreigon|50/100
|-hitcount|p2a: Hydreigon|4
|-unboost|p1b: Dragonite|def|1
|-boost|p1b: Dragonite|spe|1
|move|p1a: Sneasler|Close Combat|p2a: Hydreigon
|-damage|p2a: Hydreigon|0 fnt
|-unboost|p1a: Sneasler|def|1
|-unboost|p1a: Sneasler|spd|1
|faint|p2a: Hydreigon
|move|p2b: Annihilape|Rage Fist|p1b: Dragonite
|-damage|p1b: Dragonite|4/100 brn
|
|-damage|p1b: Dragonite|0 fnt|[from] brn
|faint|p1b: Dragonite
|upkeep
|
|t:|1756331424
|switch|p2a: Garchomp|Garchomp, L50, M|9/100
|turn|7
|inactive|bosilek has 30 seconds left.
|inactive|bosilek has 20 seconds left.
|inactive|bosilek has 15 seconds left.
|inactive|bosilek has 10 seconds left.
|
|t:|1756331472
|move|p2a: Garchomp|Protect|p2a: Garchomp
|-singleturn|p2a: Garchomp|Protect
|move|p1a: Sneasler|Dire Claw|p2b: Annihilape
|-resisted|p2b: Annihilape
|-damage|p2b: Annihilape|0 fnt
|faint|p2b: Annihilape
|
|upkeep
|turn|8
|
|t:|1756331480
|move|p1a: Sneasler|Close Combat|p2a: Garchomp
|-damage|p2a: Garchomp|0 fnt
|-unboost|p1a: Sneasler|def|1
|-unboost|p1a: Sneasler|spd|1
|-damage|p1a: Sneasler|45/100|[from] ability: Rough Skin|[of] p2a: Garchomp
|faint|p2a: Garchomp
|
|win|OkarunConBolas
|raw|OkarunConBolas's rating: 1104 → 1134(+30 for winning)
|raw|bosilek's rating: 1174 → 1144(-30 for losing)
|c|☆bosilek|god dammit
|c|☆bosilek|gg
|c|☆OkarunConBolas|double attack
|c|☆OkarunConBolas|always
|c|☆OkarunConBolas|never protect in a situation like that
|c|☆bosilek|if I didn't OHKO with rage fist then I would have lost
|c|☆bosilek|so I tried reading
|c|☆OkarunConBolas|na men
|c|☆bosilek|I'm so annoyed
|c|☆OkarunConBolas|is not tha
|c|☆OkarunConBolas|final gambit
|c|☆OkarunConBolas|and dragon
|c|☆OkarunConBolas|gg
|c|☆OkarunConBolas|dont be hard on you
|c|☆bosilek|final wouldn't have gotten the kill
|c|☆OkarunConBolas|u play good the match
|c|☆bosilek|you were like 19 hp too high
|c|☆OkarunConBolas|u sure
|c|☆bosilek|yeah I was at 70, you were probably around 89
|c|☆OkarunConBolas|either u have rage fist and dragon C
|c|☆OkarunConBolas|men im a snasler in -1 defence
|c|☆OkarunConBolas|u sure kill me
|c|☆bosilek|yeah I should of, I just overthought it
|c|☆bosilek|ugh
|c|☆OkarunConBolas|dont worry men
|c|☆OkarunConBolas|have a nice day
|c|☆OkarunConBolas|u play wall
|c|☆bosilek|you too
|c|☆OkarunConBolas|well*
|c|☆bosilek|gg and thank you
|c|☆OkarunConBolas|gg men
|c|☆OkarunConBolas|keep it up
|c|☆OkarunConBolas|u got this
|c|☆bosilek|thank you
|l|☆bosilek
|player|p2|
