|j|☆storyswaphermanos
|j|☆signordog
|html|storyswaphermanossignordog    
|uhtml|bestof|Game 1 of a best-of-3
|t:|1782983741
|gametype|doubles
|player|p1|storyswaphermanos|102|1159
|player|p2|signordog|266|1129
|gen|9
|tier|[Gen 9 Champions] VGC 2026 Reg M-B (Bo3)
|rated|
|rule|Species Clause: Limit one of each Pokémon
|rule|Item Clause: Limit 1 of each item
|clearpoke
|poke|p1|Rotom-Heat, L50|
|poke|p1|Araquanid, L50, F|
|poke|p1|Dragalge, L50, M|
|poke|p1|Sinistcha, L50|
|poke|p1|Grimmsnarl, L50, M|
|poke|p1|Kingambit, L50, F|
|poke|p2|Incineroar, L50, M|
|poke|p2|Farigiraf, L50, M|
|poke|p2|Gallade, L50, M|
|poke|p2|Torkoal, L50, M|
|poke|p2|Mawile, L50, F|
|poke|p2|Abomasnow, L50, F|
|teampreview|4
|showteam|p1|Rotom-Heat||SitrusBerry|Levitate|Overheat,Thunderbolt,NastyPlot,Protect|Modest|||||50|]Araquanid||MysticWater|WaterBubble|Liquidation,MirrorCoat,WideGuard,Protect|Adamant||F|||50|]Dragalge||Dragalgite|Adaptability|SludgeBomb,DracoMeteor,Thunderbolt,Protect|Bold||M|||50|]Sinistcha||Leftovers|Hospitality|MatchaGotcha,ShadowBall,RagePowder,TrickRoom|Calm|||||50|]Grimmsnarl||LightClay|Prankster|Reflect,LightScreen,PartingShot,FoulPlay|Careful||M|||50|]Kingambit||BlackGlasses|Defiant|IronHead,KowtowCleave,SuckerPunch,Protect|Adamant||F|||50|
|showteam|p2|Incineroar||LifeOrb|Intimidate|FakeOut,FlareBlitz,ThroatChop,CloseCombat|Brave||M|||50|]Farigiraf||ColburBerry|ArmorTail|Psychic,Thunderbolt,TrickRoom,Protect|Modest||M|||50|]Gallade||CobaBerry|Sharpness|SacredSword,LeafBlade,PsychoCut,TrickRoom|Brave||M|||50|]Torkoal||Charcoal|Drought|Eruption,WeatherBall,EarthPower,Protect|Quiet||M|||50|]Mawile||Mawilite|HyperCutter|PlayRough,SuckerPunch,RockSlide,SwordsDance|Adamant||F|||50|]Abomasnow||Abomasite|SnowWarning|Blizzard,EnergyBall,EarthPower,IceShard|Quiet||F|||50|
|
|t:|1782983804
|teamsize|p1|4
|teamsize|p2|4
|start
|switch|p1a: Rotom|Rotom-Heat, L50|100/100
|switch|p1b: Grimmsnarl|Grimmsnarl, L50, M|100/100
|switch|p2a: Incineroar|Incineroar, L50, M|100/100
|switch|p2b: Farigiraf|Farigiraf, L50, M|100/100
|-ability|p2a: Incineroar|Intimidate|boost
|-unboost|p1a: Rotom|atk|1
|-unboost|p1b: Grimmsnarl|atk|1
|turn|1
|
|t:|1782983839
|switch|p1a: Araquanid|Araquanid, L50, F|100/100
|move|p2a: Incineroar|Fake Out|p1b: Grimmsnarl
|-damage|p1b: Grimmsnarl|80/100
|-damage|p2a: Incineroar|90/100|[from] item: Life Orb
|cant|p1b: Grimmsnarl|flinch
|move|p2b: Farigiraf|Trick Room|p2b: Farigiraf
|-fieldstart|move: Trick Room|[of] p2b: Farigiraf
|
|upkeep
|turn|2
|
|t:|1782983865
|switch|p2a: Gallade|Gallade, L50, M|100/100
|move|p1b: Grimmsnarl|Reflect|p1b: Grimmsnarl
|-sidestart|p1: storyswaphermanos|Reflect
|move|p1a: Araquanid|Liquidation|p2a: Gallade
|-damage|p2a: Gallade|7/100
|-unboost|p2a: Gallade|def|1
|move|p2b: Farigiraf|Thunderbolt|p1a: Araquanid
|-supereffective|p1a: Araquanid|1
|-damage|p1a: Araquanid|57/100
|
|upkeep
|turn|3
|
|t:|1782983905
|move|p1b: Grimmsnarl|Light Screen|p1b: Grimmsnarl
|-sidestart|p1: storyswaphermanos|move: Light Screen
|move|p1a: Araquanid|Liquidation|p2a: Gallade
|-damage|p2a: Gallade|0 fnt
|faint|p2a: Gallade
|move|p2b: Farigiraf|Psychic|p1a: Araquanid
|-damage|p1a: Araquanid|35/100
|-unboost|p1a: Araquanid|spd|1
|
|upkeep
|
|t:|1782983916
|switch|p2a: Mawile|Mawile, L50, F|100/100
|turn|4
|
|t:|1782983955
|detailschange|p2a: Mawile|Mawile-Mega, L50, F
|-mega|p2a: Mawile|Mawile|Mawilite
|move|p1a: Araquanid|Liquidation|p2a: Mawile
|-damage|p2a: Mawile|34/100
|-unboost|p2a: Mawile|def|1
|move|p2a: Mawile|Rock Slide|p1a: Araquanid|[spread] p1a,p1b
|-supereffective|p1a: Araquanid|1
|-damage|p1a: Araquanid|0 fnt
|-damage|p1b: Grimmsnarl|53/100
|faint|p1a: Araquanid
|cant|p1b: Grimmsnarl|flinch
|move|p2b: Farigiraf|Thunderbolt|p1b: Grimmsnarl
|-damage|p1b: Grimmsnarl|39/100
|
|upkeep
|
|t:|1782983975
|switch|p1a: Rotom|Rotom-Heat, L50|100/100
|turn|5
|
|t:|1782983987
|switch|p2a: Incineroar|Incineroar, L50, M|90/100
|-ability|p2a: Incineroar|Intimidate|boost
|-unboost|p1a: Rotom|atk|1
|-unboost|p1b: Grimmsnarl|atk|1
|move|p1a: Rotom|Protect|p1a: Rotom
|-singleturn|p1a: Rotom|Protect
|move|p2b: Farigiraf|Psychic|p1a: Rotom
|-activate|p1a: Rotom|move: Protect
|move|p1b: Grimmsnarl|Foul Play|p2a: Incineroar
|-resisted|p2a: Incineroar|1
|-damage|p2a: Incineroar|66/100
|
|-fieldend|move: Trick Room
|upkeep
|turn|6
|
|t:|1782984003
|move|p2a: Incineroar|Fake Out|p1a: Rotom
|-damage|p1a: Rotom|87/100
|-damage|p2a: Incineroar|56/100|[from] item: Life Orb
|cant|p1a: Rotom|flinch
|move|p1b: Grimmsnarl|Foul Play|p2b: Farigiraf
|-supereffective|p2b: Farigiraf|1
|-enditem|p2b: Farigiraf|Colbur Berry|[eat]
|-enditem|p2b: Farigiraf|Colbur Berry|[weaken]
|-damage|p2b: Farigiraf|74/100
|move|p2b: Farigiraf|Trick Room|p2b: Farigiraf
|-fieldstart|move: Trick Room|[of] p2b: Farigiraf
|
|upkeep
|turn|7
|
|t:|1782984026
|move|p2a: Incineroar|Close Combat|p1a: Rotom
|-damage|p1a: Rotom|48/100
|-unboost|p2a: Incineroar|def|1
|-unboost|p2a: Incineroar|spd|1
|-enditem|p1a: Rotom|Sitrus Berry|[eat]
|-heal|p1a: Rotom|73/100|[from] item: Sitrus Berry
|-damage|p2a: Incineroar|46/100|[from] item: Life Orb
|move|p2b: Farigiraf|Thunderbolt|p1b: Grimmsnarl
|-damage|p1b: Grimmsnarl|24/100
|-status|p1b: Grimmsnarl|par
|move|p1b: Grimmsnarl|Foul Play|p2b: Farigiraf
|-supereffective|p2b: Farigiraf|1
|-damage|p2b: Farigiraf|27/100
|move|p1a: Rotom|Thunderbolt|p2b: Farigiraf
|-damage|p2b: Farigiraf|0 fnt
|faint|p2b: Farigiraf
|
|upkeep
|
|t:|1782984044
|switch|p2b: Mawile|Mawile-Mega, L50, F|34/100
|turn|8
|
|t:|1782984074
|move|p1a: Rotom|Protect|p1a: Rotom
|-singleturn|p1a: Rotom|Protect
|move|p1b: Grimmsnarl|Parting Shot|p2b: Mawile
|-unboost|p2b: Mawile|atk|1
|-unboost|p2b: Mawile|spa|1
|
|t:|1782984091
|switch|p1b: Dragalge|Dragalge, L50, M|100/100|[from] Parting Shot
|move|p2b: Mawile|Rock Slide|p1a: Rotom|[spread] p1b
|-activate|p1a: Rotom|move: Protect
|-damage|p1b: Dragalge|85/100
|move|p2a: Incineroar|Close Combat|p1a: Rotom
|-activate|p1a: Rotom|move: Protect
|
|upkeep
|turn|9
|
|t:|1782984135
|detailschange|p1b: Dragalge|Dragalge-Mega, L50, M
|-mega|p1b: Dragalge|Dragalge|Dragalgite
|move|p1b: Dragalge|Thunderbolt|p2b: Mawile
|-damage|p2b: Mawile|5/100
|move|p2b: Mawile|Rock Slide|p1a: Rotom|[spread] p1a,p1b
|-supereffective|p1a: Rotom|1
|-damage|p1a: Rotom|39/100
|-damage|p1b: Dragalge|71/100
|move|p2a: Incineroar|Flare Blitz|p1b: Dragalge
|-resisted|p1b: Dragalge|1
|-damage|p1b: Dragalge|50/100g
|-damage|p2a: Incineroar|40/100|[from] Recoil
|-damage|p2a: Incineroar|30/100|[from] item: Life Orb
|move|p1a: Rotom|Overheat|p2b: Mawile|[miss]
|-miss|p1a: Rotom|p2b: Mawile
|
|-sideend|p1: storyswaphermanos|Reflect
|upkeep
|turn|10
|
|t:|1782984168
|move|p2b: Mawile|Sucker Punch||[still]
|-fail|p2b: Mawile
|move|p1b: Dragalge|Thunderbolt|p2b: Mawile
|-damage|p2b: Mawile|0 fnt
|faint|p2b: Mawile
|move|p2a: Incineroar|Flare Blitz|p1b: Dragalge
|-resisted|p1b: Dragalge|1
|-damage|p1b: Dragalge|15/100
|-damage|p2a: Incineroar|20/100y|[from] Recoil
|-damage|p2a: Incineroar|10/100|[from] item: Life Orb
|move|p1a: Rotom|Nasty Plot|p1a: Rotom
|-boost|p1a: Rotom|spa|2
|
|-sideend|p1: storyswaphermanos|move: Light Screen
|-fieldend|move: Trick Room
|upkeep
|turn|11
|
|t:|1782984192
|move|p1a: Rotom|Thunderbolt|p2a: Incineroar
|-damage|p2a: Incineroar|0 fnt
|faint|p2a: Incineroar
|
|win|storyswaphermanos
||storyswaphermanos is ready for game 2.
|inactive|signordog has 30 seconds to confirm battle start!
|inactive|signordog has 20 seconds to confirm battle start!
