|j|☆VenusaurBot
|j|☆Patrat King
|html|VenusaurBotPatrat King    
|uhtml|bestof|Game 1 of a best-of-3
|t:|1784358555
|gametype|doubles
|player|p1|VenusaurBot|koga|1204
|player|p2|Patrat King|170|1163
|gen|9
|tier|[Gen 9 Champions] VGC 2026 Reg M-B (Bo3)
|rated|
|rule|Species Clause: Limit one of each Pokémon
|rule|Item Clause: Limit 1 of each item
|clearpoke
|poke|p1|Blaziken, L50, M|
|poke|p1|Venusaur, L50, F|
|poke|p1|Ninetales-Alola, L50, F|
|poke|p1|Dragonite, L50, F|
|poke|p1|Kingambit, L50, M|
|poke|p1|Basculegion, L50, M|
|poke|p2|Watchog, L50, F|
|poke|p2|Garchomp, L50, M|
|poke|p2|Charizard, L50, M|
|poke|p2|Alcremie, L50, F|
|poke|p2|Farigiraf, L50, F|
|poke|p2|Venusaur, L50, M|
|teampreview|4
|showteam|p1|Blaziken||Blazikenite|SpeedBoost|Protect,FlareBlitz,CloseCombat,RockSlide|Adamant||M|||50|]Venusaur||Venusaurite|Chlorophyll|Protect,EarthPower,SludgeBomb,GigaDrain|Modest||F|||50|]Ninetales-Alola||NeverMeltIce|SnowWarning|Protect,Blizzard,FreezeDry,Encore|Timid||F|||50|]Dragonite||LifeOrb|InnerFocus|Protect,ExtremeSpeed,DragonClaw,LowKick|Adamant||F|||50|]Kingambit||BlackGlasses|Defiant|Protect,KowtowCleave,SuckerPunch,IronHead|Adamant||M|||50|]Basculegion||ChoiceScarf|Adaptability|WaveCrash,FlipTurn,AquaJet,LastRespects|Jolly||M|||50|
|showteam|p2|Watchog||ChopleBerry|Analytic|LowKick,IcePunch,Hypnosis,Detect|Impish||F|||50|]Garchomp||ChoiceScarf|RoughSkin|DragonClaw,RockSlide,StompingTantrum,Earthquake|Adamant||M|||50|]Charizard||CharizarditeY|Blaze|AncientPower,HeatWave,FocusBlast,Protect|Modest||M|||50|]Alcremie||KebiaBerry|SweetVeil|Decorate,Encore,MysticalFire,DazzlingGleam|Calm||F|||50|]Farigiraf||SilkScarf|ArmorTail|Psychic,TrickRoom,Imprison,HyperVoice|Modest||F|||50|]Venusaur||FocusSash|Chlorophyll|SleepPowder,SludgeBomb,Protect,EnergyBall|Timid||M|||50|
|inactive|Battle timer is ON: inactive players will automatically lose when time's up. (requested by VenusaurBot)
|inactive|VenusaurBot has 60 seconds left.
|inactive|Patrat King has 60 seconds left.
|c|☆Patrat King|Glhf!
|inactive|VenusaurBot has 30 seconds left.
|inactive|VenusaurBot has 20 seconds left.
|inactive|VenusaurBot has 15 seconds left.
|inactive|VenusaurBot has 10 seconds left.
|
|t:|1784358641
|teamsize|p1|4
|teamsize|p2|4
|start
|switch|p1a: Blaziken|Blaziken, L50, M|100/100
|switch|p1b: Kingambit|Kingambit, L50, M|100/100
|switch|p2a: Charizard|Charizard, L50, M|100/100
|switch|p2b: Venusaur|Venusaur, L50, M|100/100
|turn|1
|
|t:|1784358661
|detailschange|p1a: Blaziken|Blaziken-Mega, L50, M
|-mega|p1a: Blaziken|Blaziken|Blazikenite
|move|p2a: Charizard|Protect|p2a: Charizard
|-singleturn|p2a: Charizard|Protect
|move|p1a: Blaziken|Protect|p1a: Blaziken
|-singleturn|p1a: Blaziken|Protect
|move|p1b: Kingambit|Sucker Punch||[still]
|-fail|p1b: Kingambit
|move|p2b: Venusaur|Sleep Powder|p1b: Kingambit|[miss]
|-miss|p2b: Venusaur|p1b: Kingambit
|
|-ability|p1a: Blaziken|Speed Boost|boost
|-boost|p1a: Blaziken|spe|1
|upkeep
|turn|2
|
|t:|1784358679
|detailschange|p2a: Charizard|Charizard-Mega-Y, L50, M
|-mega|p2a: Charizard|Charizard|Charizardite Y
|-weather|SunnyDay|[from] ability: Drought|[of] p2a: Charizard
|move|p2b: Venusaur|Sleep Powder|p1a: Blaziken
|-status|p1a: Blaziken|slp|[from] move: Sleep Powder
|cant|p1a: Blaziken|slp
|move|p2a: Charizard|Heat Wave|p1b: Kingambit|[spread] p1a,p1b
|-resisted|p1a: Blaziken|1
|-supereffective|p1b: Kingambit|1
|-damage|p1a: Blaziken|53/100 slp
|-damage|p1b: Kingambit|0 fnt
|faint|p1b: Kingambit
|
|-weather|SunnyDay|[upkeep]
|-ability|p1a: Blaziken|Speed Boost|boost
|-boost|p1a: Blaziken|spe|1
|upkeep
|
|t:|1784358696
|switch|p1b: Dragonite|Dragonite, L50, F|100/100
|turn|3
|
|t:|1784358705
|cant|p1a: Blaziken|slp
|move|p2b: Venusaur|Sludge Bomb|p1a: Blaziken
|-damage|p1a: Blaziken|1/100 slp
|move|p2a: Charizard|Heat Wave|p1a: Blaziken|[spread] p1a,p1b
|-resisted|p1a: Blaziken|1
|-resisted|p1b: Dragonite|1
|-damage|p1a: Blaziken|0 fnt
|-damage|p1b: Dragonite|59/100
|faint|p1a: Blaziken
|move|p1b: Dragonite|Dragon Claw|p2a: Charizard
|-damage|p2a: Charizard|13/100
|-damage|p1b: Dragonite|50/100y|[from] item: Life Orb
|
|-weather|SunnyDay|[upkeep]
|upkeep
|
|t:|1784358716
|switch|p1a: Basculegion|Basculegion, L50, M|100/100
|turn|4
|
|t:|1784358732
|switch|p2a: Farigiraf|Farigiraf, L50, F|100/100
|move|p1b: Dragonite|Extreme Speed||[still]
|cant|p2a: Farigiraf|ability: Armor Tail|Extreme Speed|[of] p1b: Dragonite
|move|p2b: Venusaur|Sleep Powder|p1b: Dragonite
|-status|p1b: Dragonite|slp|[from] move: Sleep Powder
|move|p1a: Basculegion|Last Respects|p2b: Venusaur
|-enditem|p2b: Venusaur|Focus Sash
|-damage|p2b: Venusaur|1/100
|
|-weather|SunnyDay|[upkeep]
|upkeep
|turn|5
|
|t:|1784358747
|move|p2b: Venusaur|Sleep Powder|p1a: Basculegion|[miss]
|-miss|p2b: Venusaur|p1a: Basculegion
|move|p1a: Basculegion|Last Respects|p2b: Venusaur
|-damage|p2b: Venusaur|0 fnt
|faint|p2b: Venusaur
|cant|p1b: Dragonite|slp
|move|p2a: Farigiraf|Hyper Voice|p1b: Dragonite|[spread] p1b
|-immune|p1a: Basculegion
|-damage|p1b: Dragonite|6/100 slp
|
|-weather|SunnyDay|[upkeep]
|upkeep
|
|t:|1784358750
|switch|p2b: Garchomp|Garchomp, L50, M|100/100
|turn|6
|
|t:|1784358762
|move|p2b: Garchomp|Rock Slide|p1a: Basculegion|[spread] p1a,p1b
|-supereffective|p1b: Dragonite|1
|-damage|p1a: Basculegion|74/100
|-damage|p1b: Dragonite|0 fnt
|faint|p1b: Dragonite
|move|p1a: Basculegion|Last Respects|p2b: Garchomp
|-damage|p2b: Garchomp|0 fnt
|faint|p2b: Garchomp
|move|p2a: Farigiraf|Psychic|p1a: Basculegion
|-damage|p1a: Basculegion|18/100
|
|-weather|none
|upkeep
|-message|VenusaurBot forfeited.
|
|win|Patrat King
||VenusaurBot is ready for game 2.
||Patrat King is ready for game 2.
|uhtml|next|Next: Game 2 of 3
