|j|☆Cyclondo3
|j|☆kommoneitor
|html|Cyclondo3kommoneitor    
|uhtml|bestof|Game 1 of a best-of-3
|t:|1757785081
|gametype|doubles
|player|p1|Cyclondo3|hilbert|1055
|player|p2|kommoneitor|266|1120
|gen|9
|tier|[Gen 9] VGC 2025 Reg H (Bo3)
|rated|
|rule|Species Clause: Limit one of each Pokémon
|rule|Item Clause: Limit 1 of each item
|clearpoke
|poke|p1|Sableye, L50, M|
|poke|p1|Vivillon, L50, F|
|poke|p1|Rillaboom, L50, M|
|poke|p1|Jolteon, L50, M|
|poke|p1|Sneasler, L50, F|
|poke|p1|Pelipper, L50, M|
|poke|p2|Electabuzz, L50, F|
|poke|p2|Kingambit, L50, F|
|poke|p2|Basculegion, L50, M|
|poke|p2|Ninetales-Alola, L50, F|
|poke|p2|Rillaboom, L50, F|
|poke|p2|Kommo-o, L50, M|
|teampreview|4
|showteam|p1|Sableye||SafetyGoggles|Prankster|Protect,Gravity,Disable,Encore|||M|||50|,,,,,Dark]Vivillon||FocusSash|CompoundEyes|Protect,SleepPowder,StruggleBug,Hurricane|||F|||50|,,,,,Grass]Rillaboom||AssaultVest|GrassySurge|Uturn,FakeOut,KnockOff,GrassyGlide|||M|||50|,,,,,Fire]Jolteon||LifeOrb|QuickFeet|Protect,VoltSwitch,Thunderbolt,TeraBlast|||M|||50|,,,,,Ice]Sneasler||ChestoBerry|Unburden|Protect,FakeOut,CloseCombat,DireClaw|||F|||50|,,,,,Dark]Pelipper||CovertCloak|Drizzle|WideGuard,Tailwind,Hurricane,WeatherBall|||M|||50|,,,,,Water
|showteam|p2|Electabuzz||Eviolite|VitalSpirit|Protect,Electroweb,Taunt,FollowMe|||F|||50|,,,,,Ghost]Kingambit||AssaultVest|Defiant|KowtowCleave,IronHead,SuckerPunch,LowKick|||F|||50|,,,,,Fire]Basculegion||ChoiceScarf|Adaptability|WaveCrash,LastRespects,AquaJet,FlipTurn|||M|||50|,,,,,Water]Ninetales-Alola||FocusSash|SnowWarning|Protect,Blizzard,AuroraVeil,Encore|||F|||50|,,,,,Ice]Rillaboom||MiracleSeed|GrassySurge|Protect,WoodHammer,GrassyGlide,FakeOut|||F|||50|,,,,,Grass]Kommo-o||ThroatSpray|Soundproof|Protect,ClangingScales,Flamethrower,ClangorousSoul|||M|||50|,,,,,Fire
|c|☆Cyclondo3|Glhf
|inactive|Battle timer is ON: inactive players will automatically lose when time's up. (requested by Cyclondo3)
|inactive|kommoneitor has 60 seconds left.
|
|t:|1757785130
|teamsize|p1|4
|teamsize|p2|4
|start
|switch|p1a: Sneasler|Sneasler, L50, F|100/100
|switch|p1b: Rillaboom|Rillaboom, L50, M|100/100
|switch|p2a: Kommo-o|Kommo-o, L50, M|100/100
|switch|p2b: Ninetales|Ninetales-Alola, L50, F|100/100
|-weather|Snowscape|[from] ability: Snow Warning|[of] p2b: Ninetales
|-fieldstart|move: Grassy Terrain|[from] ability: Grassy Surge|[of] p1b: Rillaboom
|turn|1
|inactive|Cyclondo3 has 30 seconds left.
|inactive|Cyclondo3 has 20 seconds left.
|
|t:|1757785169
|move|p2b: Ninetales|Protect|p2b: Ninetales
|-singleturn|p2b: Ninetales|Protect
|move|p2a: Kommo-o|Protect|p2a: Kommo-o
|-singleturn|p2a: Kommo-o|Protect
|move|p1a: Sneasler|Dire Claw|p2b: Ninetales
|-activate|p2b: Ninetales|move: Protect
|move|p1b: Rillaboom|Knock Off|p2a: Kommo-o
|-activate|p2a: Kommo-o|move: Protect
|
|-weather|Snowscape|[upkeep]
|upkeep
|turn|2
|inactive|kommoneitor has 30 seconds left.
|
|t:|1757785196
|move|p1a: Sneasler|Dire Claw|p2b: Ninetales
|-supereffective|p2b: Ninetales
|-damage|p2b: Ninetales|19/100
|-status|p2b: Ninetales|slp
|cant|p2b: Ninetales|slp
|move|p2a: Kommo-o|Clanging Scales|p1b: Rillaboom|[spread] p1a,p1b
|-damage|p1a: Sneasler|44/100
|-damage|p1b: Rillaboom|72/100
|-unboost|p2a: Kommo-o|def|1
|-enditem|p2a: Kommo-o|Throat Spray
|-boost|p2a: Kommo-o|spa|1|[from] item: Throat Spray
|move|p1b: Rillaboom|U-turn|p2b: Ninetales
|-resisted|p2b: Ninetales
|-damage|p2b: Ninetales|5/100 slp
|
|t:|1757785218
|switch|p1b: Vivillon|Vivillon, L50, F|100/100|[from] U-turn
|
|-weather|Snowscape|[upkeep]
|-heal|p1a: Sneasler|50/100|[from] Grassy Terrain
|-heal|p2b: Ninetales|11/100 slp|[from] Grassy Terrain
|upkeep
|turn|3
|
|t:|1757785239
|-curestatus|p2b: Ninetales|slp|[msg]
|move|p2b: Ninetales|Protect|p2b: Ninetales
|-singleturn|p2b: Ninetales|Protect
|move|p1a: Sneasler|Dire Claw|p2a: Kommo-o
|-damage|p2a: Kommo-o|35/100
|-status|p2a: Kommo-o|psn
|move|p1b: Vivillon|Sleep Powder||[still]
|-fail|p1b: Vivillon
|move|p2a: Kommo-o|Clanging Scales|p1b: Vivillon|[spread] p1a,p1b
|-damage|p1a: Sneasler|0 fnt
|-enditem|p1b: Vivillon|Focus Sash
|-damage|p1b: Vivillon|1/100
|faint|p1a: Sneasler
|-unboost|p2a: Kommo-o|def|1
|
|-weather|Snowscape|[upkeep]
|-heal|p2b: Ninetales|17/100|[from] Grassy Terrain
|-heal|p2a: Kommo-o|41/100 psn|[from] Grassy Terrain
|-damage|p2a: Kommo-o|29/100 psn|[from] psn
|upkeep
|
|t:|1757785252
|switch|p1a: Rillaboom|Rillaboom, L50, M|72/100
|turn|4
|
|t:|1757785266
|switch|p2b: Rillaboom|Rillaboom, L50, F|100/100
|move|p2a: Kommo-o|Protect|p2a: Kommo-o
|-singleturn|p2a: Kommo-o|Protect
|move|p1a: Rillaboom|Grassy Glide|p2b: Rillaboom
|-resisted|p2b: Rillaboom
|-damage|p2b: Rillaboom|80/100
|move|p1b: Vivillon|Hurricane|p2a: Kommo-o
|-activate|p2a: Kommo-o|move: Protect
|
|-weather|Snowscape|[upkeep]
|-heal|p2a: Kommo-o|35/100 psn|[from] Grassy Terrain
|-heal|p2b: Rillaboom|86/100|[from] Grassy Terrain
|-heal|p1a: Rillaboom|78/100|[from] Grassy Terrain
|-damage|p2a: Kommo-o|23/100 psn|[from] psn
|upkeep
|turn|5
|
|t:|1757785289
|move|p1b: Vivillon|Protect|p1b: Vivillon
|-singleturn|p1b: Vivillon|Protect
|move|p2b: Rillaboom|Fake Out|p1a: Rillaboom
|-damage|p1a: Rillaboom|64/100
|cant|p1a: Rillaboom|flinch
|move|p2a: Kommo-o|Clanging Scales|p1b: Vivillon|[spread] p1a
|-activate|p1b: Vivillon|move: Protect
|-damage|p1a: Rillaboom|22/100
|-unboost|p2a: Kommo-o|def|1
|
|-weather|none
|-heal|p2a: Kommo-o|29/100 psn|[from] Grassy Terrain
|-heal|p2b: Rillaboom|93/100|[from] Grassy Terrain
|-heal|p1a: Rillaboom|28/100|[from] Grassy Terrain
|-damage|p2a: Kommo-o|17/100 psn|[from] psn
|-fieldend|move: Grassy Terrain
|upkeep
|turn|6
|inactive|kommoneitor has 30 seconds left.
|
|t:|1757785322
|switch|p1a: Sableye|Sableye, L50, M|100/100
|-terastallize|p2a: Kommo-o|Fire
|move|p1b: Vivillon|Hurricane|p2b: Rillaboom
|-supereffective|p2b: Rillaboom
|-damage|p2b: Rillaboom|0 fnt
|faint|p2b: Rillaboom
|move|p2a: Kommo-o|Flamethrower|p1a: Sableye
|-damage|p1a: Sableye|5/100
|
|-damage|p2a: Kommo-o|5/100 psn|[from] psn
|upkeep
|
|t:|1757785338
|switch|p2b: Ninetales|Ninetales-Alola, L50, F|17/100
|-weather|Snowscape|[from] ability: Snow Warning|[of] p2b: Ninetales
|turn|7
|
|t:|1757785362
|move|p1a: Sableye|Protect|p1a: Sableye
|-singleturn|p1a: Sableye|Protect
|move|p2b: Ninetales|Blizzard|p1a: Sableye|[spread] p1b
|-activate|p1a: Sableye|move: Protect
|-supereffective|p1b: Vivillon
|-damage|p1b: Vivillon|0 fnt
|faint|p1b: Vivillon
|move|p2a: Kommo-o|Clanging Scales|p1a: Sableye
|-activate|p1a: Sableye|move: Protect
|
|-weather|Snowscape|[upkeep]
|-damage|p2a: Kommo-o|0 fnt|[from] psn
|faint|p2a: Kommo-o
|upkeep
|
|t:|1757785374
|switch|p1b: Rillaboom|Rillaboom, L50, M|28/100
|switch|p2a: Basculegion|Basculegion, L50, M|100/100
|-fieldstart|move: Grassy Terrain|[from] ability: Grassy Surge|[of] p1b: Rillaboom
|turn|8
|inactive|kommoneitor has 30 seconds left.
|
|t:|1757785403
|-terastallize|p1b: Rillaboom|Fire
|move|p1a: Sableye|Protect||[still]
|-fail|p1a: Sableye
|move|p1b: Rillaboom|Grassy Glide|p2a: Basculegion
|-supereffective|p2a: Basculegion
|-damage|p2a: Basculegion|0 fnt
|faint|p2a: Basculegion
|move|p2b: Ninetales|Blizzard|p1a: Sableye|[spread] p1a,p1b
|-resisted|p1b: Rillaboom
|-damage|p1a: Sableye|0 fnt
|-damage|p1b: Rillaboom|16/100
|faint|p1a: Sableye
|
|-weather|Snowscape|[upkeep]
|-heal|p2b: Ninetales|23/100|[from] Grassy Terrain
|-heal|p1b: Rillaboom|22/100|[from] Grassy Terrain
|upkeep
|turn|9
|
|t:|1757785422
|move|p1b: Rillaboom|Grassy Glide|p2b: Ninetales
|-damage|p2b: Ninetales|0 fnt
|faint|p2b: Ninetales
|
|win|Cyclondo3
||kommoneitor is ready for game 2.
||Cyclondo3 is ready for game 2.
|uhtml|next|Next: Game 2 of 3
