|j|☆BrutalBjoern
|j|☆BenniBenBau
|html|BrutalBjoernBenniBenBau    
|uhtml|bestof|Game 3 of a best-of-3
|t:|1756408034
|gametype|doubles
|player|p1|BrutalBjoern|lady-gen4|
|player|p2|BenniBenBau|brycen|
|gen|9
|tier|[Gen 9] VGC 2025 Reg H (Bo3)
|rule|Species Clause: Limit one of each Pokémon
|rule|Item Clause: Limit 1 of each item
|clearpoke
|poke|p1|Serperior, L50, M|
|poke|p1|Grimmsnarl, L50, M|
|poke|p1|Sneasler, L50, F|
|poke|p1|Volcarona, L50, M|
|poke|p1|Dragapult, L50, M|
|poke|p1|Primarina, L50, F|
|poke|p2|Politoed, L50, M|
|poke|p2|Archaludon, L50, F|
|poke|p2|Kingdra, L50, F|
|poke|p2|Incineroar, L50, M|
|poke|p2|Amoonguss, L50, M|
|poke|p2|Gothitelle, L50, M|
|teampreview|4
|showteam|p1|Serperior||Leftovers|Contrary|LeafStorm,TeraBlast,Protect,GrassPledge|||M|||50|,,,,,Stellar]Grimmsnarl||LightClay|Prankster|LightScreen,Reflect,ScaryFace,Assurance|||M|||50|,,,,,Ghost]Sneasler||FocusSash|Unburden|DireClaw,CloseCombat,FakeOut,Taunt|||F|||50|,,,,,Stellar]Volcarona||RockyHelmet|FlameBody|RagePowder,WillOWisp,Tailwind,FieryDance|||M|||50|,,,,,Grass]Dragapult||ChoiceBand|ClearBody|PhantomForce,DragonDarts,TeraBlast,SuckerPunch|||M|||50|,,,,,Ghost]Primarina||LifeOrb|LiquidVoice|WaterPledge,Moonblast,HyperVoice,Protect|||F|||50|,,,,,Poison
|showteam|p2|Politoed||Leftovers|Drizzle|Protect,WeatherBall,PerishSong,Encore|||M|||50|,,,,,Grass]Archaludon||PowerHerb|Sturdy|Protect,ElectroShot,FlashCannon,DragonPulse|||F|||50|,,,,,Electric]Kingdra||LifeOrb|SwiftSwim|Protect,DracoMeteor,WeatherBall,MuddyWater|||F|||50|,,,,,Stellar]Incineroar||SafetyGoggles|Intimidate|FakeOut,KnockOff,PartingShot,Protect|||M|||50|,,,,,Ghost]Amoonguss||EjectButton|Regenerator|Protect,RagePowder,Spore,PollenPuff|||M|||50|,,,,,Fairy]Gothitelle||SitrusBerry|ShadowTag|Protect,Psychic,FakeOut,TrickRoom|||M|||50|,,,,,Dark
|
|t:|1756408065
|teamsize|p1|4
|teamsize|p2|4
|start
|switch|p1a: Dragapult|Dragapult, L50, M|100/100
|switch|p1b: Sneasler|Sneasler, L50, F|100/100
|switch|p2a: Gothitelle|Gothitelle, L50, M|100/100
|switch|p2b: Kingdra|Kingdra, L50, F|100/100
|turn|1
|
|t:|1756408097
|switch|p1a: Primarina|Primarina, L50, F|100/100
|switch|p2b: Amoonguss|Amoonguss, L50, M|100/100
|move|p1b: Sneasler|Taunt|p2a: Gothitelle
|-start|p2a: Gothitelle|move: Taunt
|move|p2a: Gothitelle|Psychic|p1b: Sneasler
|-supereffective|p1b: Sneasler
|-enditem|p1b: Sneasler|Focus Sash
|-damage|p1b: Sneasler|1/100
|
|upkeep
|turn|2
|
|t:|1756408131
|move|p1b: Sneasler|Dire Claw|p2b: Amoonguss
|-damage|p2b: Amoonguss|66/100
|-enditem|p2b: Amoonguss|Eject Button
|
|t:|1756408135
|switch|p2b: Kingdra|Kingdra, L50, F|100/100
|move|p1a: Primarina|Hyper Voice|p2b: Kingdra|[spread] p2a,p2b
|-resisted|p2b: Kingdra
|-damage|p2a: Gothitelle|65/100
|-damage|p2b: Kingdra|85/100
|-damage|p1a: Primarina|91/100|[from] item: Life Orb
|move|p2a: Gothitelle|Psychic|p1b: Sneasler
|-supereffective|p1b: Sneasler
|-damage|p1b: Sneasler|0 fnt
|faint|p1b: Sneasler
|
|upkeep
|
|t:|1756408150
|switch|p1b: Serperior|Serperior, L50, M|100/100
|turn|3
|
|t:|1756408163
|switch|p2a: Politoed|Politoed, L50, M|100/100
|-weather|RainDance|[from] ability: Drizzle|[of] p2a: Politoed
|-terastallize|p2b: Kingdra|Stellar
|move|p2b: Kingdra|Draco Meteor|p1b: Serperior
|-damage|p1b: Serperior|0 fnt
|-unboost|p2b: Kingdra|spa|2
|faint|p1b: Serperior
|-damage|p2b: Kingdra|75/100|[from] item: Life Orb
|move|p1a: Primarina|Moonblast|p2b: Kingdra
|-supereffective|p2b: Kingdra
|-damage|p2b: Kingdra|0 fnt
|faint|p2b: Kingdra
|-damage|p1a: Primarina|81/100|[from] item: Life Orb
|
|-weather|RainDance|[upkeep]
|upkeep
|
|t:|1756408180
|switch|p1b: Dragapult|Dragapult, L50, M|100/100
|switch|p2b: Gothitelle|Gothitelle, L50, M|65/100
|turn|4
|
|t:|1756408191
|-terastallize|p1b: Dragapult|Ghost
|move|p2b: Gothitelle|Fake Out|p1a: Primarina
|-damage|p1a: Primarina|73/100
|move|p1b: Dragapult|Tera Blast|p2a: Politoed|[anim] Tera Blast Ghost
|-damage|p2a: Politoed|12/100
|move|p2a: Politoed|Perish Song|p2a: Politoed
|-start|p1a: Primarina|perish3|[silent]
|-start|p1b: Dragapult|perish3|[silent]
|-start|p2a: Politoed|perish3|[silent]
|-start|p2b: Gothitelle|perish3|[silent]
|-fieldactivate|move: Perish Song
|cant|p1a: Primarina|flinch
|
|-weather|RainDance|[upkeep]
|-heal|p2a: Politoed|18/100|[from] item: Leftovers
|-start|p1b: Dragapult|perish3
|-start|p2a: Politoed|perish3
|-start|p1a: Primarina|perish3
|-start|p2b: Gothitelle|perish3
|upkeep
|turn|5
|c|☆BrutalBjoern|ggs
|
|t:|1756408211
|move|p2a: Politoed|Protect|p2a: Politoed
|-singleturn|p2a: Politoed|Protect
|move|p2b: Gothitelle|Protect|p2b: Gothitelle
|-singleturn|p2b: Gothitelle|Protect
|move|p1b: Dragapult|Tera Blast|p2a: Politoed|[anim] Tera Blast Ghost
|-activate|p2a: Politoed|move: Protect
|move|p1a: Primarina|Hyper Voice|p2a: Politoed|[spread] 
|-activate|p2a: Politoed|move: Protect
|-activate|p2b: Gothitelle|move: Protect
|
|-weather|RainDance|[upkeep]
|-heal|p2a: Politoed|24/100|[from] item: Leftovers
|-start|p1b: Dragapult|perish2
|-start|p2a: Politoed|perish2
|-start|p1a: Primarina|perish2
|-start|p2b: Gothitelle|perish2
|upkeep
|turn|6
|
|t:|1756408237
|move|p1b: Dragapult|Tera Blast|p2b: Gothitelle|[anim] Tera Blast Ghost
|-supereffective|p2b: Gothitelle
|-damage|p2b: Gothitelle|0 fnt
|faint|p2b: Gothitelle
|move|p2a: Politoed|Weather Ball|p1b: Dragapult
|-damage|p1b: Dragapult|33/100
|move|p1a: Primarina|Hyper Voice|p2a: Politoed
|-resisted|p2a: Politoed
|-crit|p2a: Politoed
|-damage|p2a: Politoed|0 fnt
|faint|p2a: Politoed
|-damage|p1a: Primarina|64/100|[from] item: Life Orb
|
|-weather|RainDance|[upkeep]
|-start|p1b: Dragapult|perish1
|-start|p1a: Primarina|perish1
|upkeep
|
|t:|1756408252
|switch|p2a: Amoonguss|Amoonguss, L50, M|99/100
|turn|7
|
|t:|1756408257
|move|p2a: Amoonguss|Protect|p2a: Amoonguss
|-singleturn|p2a: Amoonguss|Protect
|move|p1b: Dragapult|Tera Blast|p2a: Amoonguss|[anim] Tera Blast Ghost
|-activate|p2a: Amoonguss|move: Protect
|move|p1a: Primarina|Hyper Voice|p2a: Amoonguss
|-activate|p2a: Amoonguss|move: Protect
|
|-weather|none
|-start|p1b: Dragapult|perish0
|-start|p1a: Primarina|perish0
|faint|p1b: Dragapult
|faint|p1a: Primarina
|
|win|BenniBenBau
