|j|☆dolphin629
|j|☆francoilforteprep
|html|dolphin629francoilforteprep    
|uhtml|bestof|Game 2 of a best-of-3
|t:|1756243358
|gametype|doubles
|player|p1|dolphin629|ballguy|1054
|player|p2|francoilforteprep|266|1000
|gen|9
|tier|[Gen 9] VGC 2025 Reg H (Bo3)
|rated|
|rule|Species Clause: Limit one of each Pokémon
|rule|Item Clause: Limit 1 of each item
|clearpoke
|poke|p1|Pelipper, L50, M|
|poke|p1|Palafin, L50, F|
|poke|p1|Amoonguss, L50, F|
|poke|p1|Gholdengo, L50|
|poke|p1|Incineroar, L50, M|
|poke|p1|Dragonite, L50, M|
|poke|p2|Toxapex, L50, F|
|poke|p2|Chesnaught, L50, M|
|poke|p2|Grimmsnarl, L50, M|
|poke|p2|Incineroar, L50, M|
|poke|p2|Sinistcha, L50|
|poke|p2|Tyranitar, L50, F|
|teampreview|4
|showteam|p1|Pelipper||FocusSash|Drizzle|Hurricane,WeatherBall,Tailwind,Protect|||M|||50|,,,,,Stellar]Palafin||MysticWater|ZerotoHero|WaveCrash,JetPunch,Protect,FlipTurn|||F|||50|,,,,,Water]Amoonguss||SitrusBerry|Regenerator|Spore,SludgeBomb,RagePowder,Protect|||F|||50|,,,,,Water]Gholdengo||LifeOrb|GoodasGold|NastyPlot,MakeItRain,ShadowBall,Protect||||||50|,,,,,Water]Incineroar||SafetyGoggles|Intimidate|FakeOut,PartingShot,KnockOff,WillOWisp|||M|||50|,,,,,Ghost]Dragonite||LoadedDice|Multiscale|Tailwind,ScaleShot,Haze,Protect|||M|||50|,,,,,Fairy
|showteam|p2|Toxapex||BlackSludge|Regenerator|Toxic,BanefulBunker,Haze,Recover|||F|||50|,,,,,Ghost]Chesnaught||Leftovers|Bulletproof|SpikyShield,LeechSeed,SuperFang,GigaDrain|||M|||50|,,,,,Water]Grimmsnarl||LightClay|Prankster|PartingShot,LightScreen,Reflect,SpiritBreak|||M|||50|,,,,,Ghost]Incineroar||SafetyGoggles|Intimidate|FlareBlitz,KnockOff,FakeOut,PartingShot|||M|||50|,,,,,Ghost]Sinistcha||SitrusBerry|Hospitality|LifeDew,RagePowder,StrengthSap,ShadowBall||||||50|,,,,,Dragon]Tyranitar||AssaultVest|SandStream|Snarl,RockSlide,KnockOff,LowKick|||F|||50|,,,,,Flying
|inactive|Battle timer is ON: inactive players will automatically lose when time's up. (requested by dolphin629)
|
|t:|1756243388
|teamsize|p1|4
|teamsize|p2|4
|start
|switch|p1a: Amoonguss|Amoonguss, L50, F|100/100
|switch|p1b: Palafin|Palafin, L50, F|100/100
|switch|p2a: Grimmsnarl|Grimmsnarl, L50, M|100/100
|switch|p2b: Incineroar|Incineroar, L50, M|100/100
|-ability|p2b: Incineroar|Intimidate|boost
|-unboost|p1a: Amoonguss|atk|1
|-unboost|p1b: Palafin|atk|1
|turn|1
|
|t:|1756243408
|switch|p1a: Gholdengo|Gholdengo, L50|100/100
|move|p2b: Incineroar|Fake Out|p1a: Gholdengo
|-immune|p1a: Gholdengo
|move|p2a: Grimmsnarl|Reflect|p2a: Grimmsnarl
|-sidestart|p2: francoilforteprep|Reflect
|move|p1b: Palafin|Flip Turn|p2b: Incineroar
|-supereffective|p2b: Incineroar
|-damage|p2b: Incineroar|78/100
|
|t:|1756243416
|detailschange|p1b: Palafin|Palafin-Hero, L50, F
|switch|p1b: Amoonguss|Amoonguss, L50, F|100/100|[from] Flip Turn
|
|upkeep
|turn|2
|inactive|francoilforteprep has 30 seconds left.
|
|t:|1756243443
|move|p1a: Gholdengo|Protect|p1a: Gholdengo
|-singleturn|p1a: Gholdengo|Protect
|move|p2a: Grimmsnarl|Light Screen|p2a: Grimmsnarl
|-sidestart|p2: francoilforteprep|move: Light Screen
|move|p2b: Incineroar|Knock Off|p1b: Amoonguss
|-damage|p1b: Amoonguss|65/100
|-enditem|p1b: Amoonguss|Sitrus Berry|[from] move: Knock Off|[of] p2b: Incineroar
|move|p1b: Amoonguss|Spore|p2a: Grimmsnarl
|-status|p2a: Grimmsnarl|slp|[from] move: Spore
|
|upkeep
|turn|3
|inactive|dolphin629 has 30 seconds left.
|
|t:|1756243474
|switch|p1a: Pelipper|Pelipper, L50, M|100/100
|-weather|RainDance|[from] ability: Drizzle|[of] p1a: Pelipper
|switch|p2a: Chesnaught|Chesnaught, L50, M|100/100
|move|p2b: Incineroar|Knock Off|p1a: Pelipper
|-damage|p1a: Pelipper|47/100
|-enditem|p1a: Pelipper|Focus Sash|[from] move: Knock Off|[of] p2b: Incineroar
|move|p1b: Amoonguss|Sludge Bomb|p2a: Chesnaught
|-immune|p2a: Chesnaught|[from] ability: Bulletproof
|
|-weather|RainDance|[upkeep]
|upkeep
|turn|4
|inactive|francoilforteprep has 30 seconds left.
|
|t:|1756243502
|-terastallize|p1a: Pelipper|Stellar
|-terastallize|p2a: Chesnaught|Water
|move|p1a: Pelipper|Weather Ball|p2b: Incineroar
|-supereffective|p2b: Incineroar
|-damage|p2b: Incineroar|0 fnt
|faint|p2b: Incineroar
|move|p2a: Chesnaught|Leech Seed|p1a: Pelipper
|-start|p1a: Pelipper|move: Leech Seed
|move|p1b: Amoonguss|Sludge Bomb|p2a: Chesnaught
|-immune|p2a: Chesnaught|[from] ability: Bulletproof
|
|-weather|RainDance|[upkeep]
|-damage|p1a: Pelipper|34/100|[from] Leech Seed|[of] p2a: Chesnaught
|upkeep
|
|t:|1756243516
|switch|p2b: Tyranitar|Tyranitar, L50, F|100/100
|-weather|Sandstorm|[from] ability: Sand Stream|[of] p2b: Tyranitar
|turn|5
|inactive|francoilforteprep has 30 seconds left.
|
|t:|1756243547
|move|p1a: Pelipper|Protect|p1a: Pelipper
|-singleturn|p1a: Pelipper|Protect
|move|p2a: Chesnaught|Super Fang|p1b: Amoonguss
|-damage|p1b: Amoonguss|33/100
|move|p2b: Tyranitar|Rock Slide|p1a: Pelipper|[spread] p1b
|-activate|p1a: Pelipper|move: Protect
|-damage|p1b: Amoonguss|11/100
|move|p1b: Amoonguss|Spore|p2b: Tyranitar
|-status|p2b: Tyranitar|slp|[from] move: Spore
|
|-weather|Sandstorm|[upkeep]
|-damage|p1a: Pelipper|28/100|[from] Sandstorm
|-damage|p2a: Chesnaught|94/100|[from] Sandstorm
|-damage|p1b: Amoonguss|5/100|[from] Sandstorm
|-heal|p2a: Chesnaught|100/100|[from] item: Leftovers
|-damage|p1a: Pelipper|16/100|[from] Leech Seed|[of] p2a: Chesnaught
|upkeep
|turn|6
|
|t:|1756243565
|switch|p1a: Gholdengo|Gholdengo, L50|100/100
|move|p2a: Chesnaught|Giga Drain|p1b: Amoonguss
|-resisted|p1b: Amoonguss
|-damage|p1b: Amoonguss|1/100
|cant|p2b: Tyranitar|slp
|move|p1b: Amoonguss|Spore|p2a: Chesnaught
|-status|p2a: Chesnaught|slp|[from] move: Spore
|
|-weather|Sandstorm|[upkeep]
|-damage|p2a: Chesnaught|94/100 slp|[from] Sandstorm
|-damage|p1b: Amoonguss|0 fnt|[from] Sandstorm
|faint|p1b: Amoonguss
|-heal|p2a: Chesnaught|100/100 slp|[from] item: Leftovers
|upkeep
|
|t:|1756243575
|switch|p1b: Palafin|Palafin-Hero, L50, F|100/100
|-activate|p1b: Palafin|ability: Zero to Hero
|turn|7
|inactive|francoilforteprep has 30 seconds left.
|
|t:|1756243605
|move|p1b: Palafin|Wave Crash|p2b: Tyranitar
|-supereffective|p2b: Tyranitar
|-damage|p2b: Tyranitar|23/100 slp
|-damage|p1b: Palafin|73/100|[from] Recoil
|move|p1a: Gholdengo|Nasty Plot|p1a: Gholdengo
|-boost|p1a: Gholdengo|spa|2
|cant|p2a: Chesnaught|slp
|cant|p2b: Tyranitar|slp
|
|-weather|Sandstorm|[upkeep]
|-damage|p1b: Palafin|67/100|[from] Sandstorm
|-damage|p2a: Chesnaught|94/100 slp|[from] Sandstorm
|-heal|p2a: Chesnaught|100/100 slp|[from] item: Leftovers
|upkeep
|turn|8
|inactive|francoilforteprep has 30 seconds left.
|
|t:|1756243635
|cant|p2a: Chesnaught|slp
|move|p1b: Palafin|Wave Crash|p2a: Chesnaught
|-resisted|p2a: Chesnaught
|-damage|p2a: Chesnaught|78/100 slp
|-damage|p1b: Palafin|59/100|[from] Recoil
|move|p1a: Gholdengo|Make It Rain|p2b: Tyranitar|[spread] p2a,p2b
|-resisted|p2a: Chesnaught
|-supereffective|p2b: Tyranitar
|-damage|p2a: Chesnaught|45/100 slp
|-damage|p2b: Tyranitar|0 fnt
|-unboost|p1a: Gholdengo|spa|1
|faint|p2b: Tyranitar
|-damage|p1a: Gholdengo|91/100|[from] item: Life Orb
|
|-weather|Sandstorm|[upkeep]
|-damage|p1b: Palafin|53/100|[from] Sandstorm
|-damage|p2a: Chesnaught|39/100 slp|[from] Sandstorm
|-heal|p2a: Chesnaught|45/100 slp|[from] item: Leftovers
|-sideend|p2: francoilforteprep|Reflect
|upkeep
|
|t:|1756243644
|switch|p2b: Grimmsnarl|Grimmsnarl, L50, M|100/100 slp
|turn|9
|
|t:|1756243660
|-curestatus|p2a: Chesnaught|slp|[msg]
|move|p2a: Chesnaught|Spiky Shield|p2a: Chesnaught
|-singleturn|p2a: Chesnaught|move: Protect
|cant|p2b: Grimmsnarl|slp
|move|p1b: Palafin|Wave Crash|p2b: Grimmsnarl
|-damage|p2b: Grimmsnarl|13/100 slp
|-damage|p1b: Palafin|22/100|[from] Recoil
|move|p1a: Gholdengo|Make It Rain|p2a: Chesnaught|[spread] p2b
|-activate|p2a: Chesnaught|move: Protect
|-supereffective|p2b: Grimmsnarl
|-damage|p2b: Grimmsnarl|0 fnt
|-unboost|p1a: Gholdengo|spa|1
|faint|p2b: Grimmsnarl
|-damage|p1a: Gholdengo|82/100|[from] item: Life Orb
|
|-weather|none
|-heal|p2a: Chesnaught|51/100|[from] item: Leftovers
|-sideend|p2: francoilforteprep|move: Light Screen
|upkeep
|turn|10
|inactive|francoilforteprep has 30 seconds left.
|
|t:|1756243686
|move|p1b: Palafin|Wave Crash|p2a: Chesnaught
|-resisted|p2a: Chesnaught
|-crit|p2a: Chesnaught
|-damage|p2a: Chesnaught|3/100
|-damage|p1b: Palafin|6/100|[from] Recoil
|move|p1a: Gholdengo|Nasty Plot|p1a: Gholdengo
|-boost|p1a: Gholdengo|spa|2
|move|p2a: Chesnaught|Giga Drain|p1b: Palafin
|-supereffective|p1b: Palafin
|-damage|p1b: Palafin|0 fnt
|-heal|p2a: Chesnaught|6/100|[from] drain|[of] p1b: Palafin
|faint|p1b: Palafin
|
|-heal|p2a: Chesnaught|12/100|[from] item: Leftovers
|upkeep
|
|t:|1756243691
|switch|p1b: Pelipper|Pelipper, L50, M, tera:Stellar|16/100
|-weather|RainDance|[from] ability: Drizzle|[of] p1b: Pelipper
|turn|11
|
|t:|1756243698
|move|p2a: Chesnaught|Spiky Shield|p2a: Chesnaught
|-singleturn|p2a: Chesnaught|move: Protect
|move|p1a: Gholdengo|Make It Rain|p2a: Chesnaught
|-activate|p2a: Chesnaught|move: Protect
|move|p1b: Pelipper|Weather Ball|p2a: Chesnaught
|-activate|p2a: Chesnaught|move: Protect
|
|-weather|RainDance|[upkeep]
|-heal|p2a: Chesnaught|18/100|[from] item: Leftovers
|upkeep
|turn|12
|
|t:|1756243707
|move|p1a: Gholdengo|Make It Rain|p2a: Chesnaught
|-resisted|p2a: Chesnaught
|-crit|p2a: Chesnaught
|-damage|p2a: Chesnaught|0 fnt
|-unboost|p1a: Gholdengo|spa|1
|faint|p2a: Chesnaught
|-damage|p1a: Gholdengo|72/100|[from] item: Life Orb
|
|win|dolphin629
|raw|dolphin629's rating: 1054 → 1081(+27 for winning)
|raw|francoilforteprep's rating: 1000 → 1000(+0 for losing)
