|j|☆angusgrind13
|j|☆gordon1357924681
|html|angusgrind13gordon1357924681    
|uhtml|bestof|Game 3 of a best-of-3
|t:|1784814129
|gametype|doubles
|player|p1|angusgrind13|steven|1107
|player|p2|gordon1357924681|idol|1058
|gen|9
|tier|[Gen 9 Champions] VGC 2026 Reg M-B (Bo3)
|rated|
|rule|Species Clause: Limit one of each Pokémon
|rule|Item Clause: Limit 1 of each item
|clearpoke
|poke|p1|Primarina, L50, F|
|poke|p1|Kingambit, L50, M|
|poke|p1|Froslass, L50, F|
|poke|p1|Sneasler, L50, F|
|poke|p1|Lycanroc-Dusk, L50, F|
|poke|p1|Dragonite, L50, M|
|poke|p2|Politoed, L50, F|
|poke|p2|Gengar, L50, M|
|poke|p2|Incineroar, L50, M|
|poke|p2|Sinistcha, L50|
|poke|p2|Blastoise, L50, M|
|poke|p2|Sneasler, L50, F, shiny|
|teampreview|4
|showteam|p1|Primarina||LifeOrb|LiquidVoice|HyperVoice,Moonblast,Haze,Protect|Modest||F|||50|]Kingambit||BlackGlasses|Defiant|KowtowCleave,SuckerPunch,SwordsDance,Protect|Adamant||M|||50|]Froslass||Froslassite|CursedBody|Blizzard,ShadowBall,AuroraVeil,Protect|Timid||F|||50|]Sneasler||WhiteHerb|Unburden|GunkShot,CloseCombat,FakeOut,Protect|Adamant||F|||50|]Lycanroc-Dusk||FocusSash|ToughClaws|RockSlide,Accelerock,CloseCombat,Protect|Adamant||F|||50|]Dragonite||Dragoninite|Multiscale|DragonPulse,Flamethrower,Tailwind,Protect|Modest||M|||50|
|showteam|p2|Politoed||SitrusBerry|Drizzle|Protect,PerishSong,WeatherBall,Encore|Bold||F|||50|]Gengar||Gengarite|CursedBody|PerishSong,Protect,ShadowBall,Disable|Timid||M|||50|]Incineroar||PasshoBerry|Intimidate|Protect,PartingShot,DarkestLariat,FakeOut|Bold||M|||50|]Sinistcha||ColburBerry|Hospitality|MatchaGotcha,Protect,RagePowder,TrickRoom|Calm|||||50|]Blastoise||Blastoisinite|RainDish|WaterSpout,DarkPulse,ShellSmash,Protect|Modest||M|||50|]Sneasler||FocusSash|PoisonTouch|CloseCombat,PoisonJab,FakeOut,Protect|Jolly||F|||50|
|
|t:|1784814176
|teamsize|p1|4
|teamsize|p2|4
|start
|switch|p1a: Froslass|Froslass, L50, F|100/100
|switch|p1b: Kingambit|Kingambit, L50, M|100/100
|switch|p2a: Blastoise|Blastoise, L50, M|100/100
|switch|p2b: Sinistcha|Sinistcha, L50|100/100
|turn|1
|
|t:|1784814212
|switch|p2b: Sneasler|Sneasler, L50, F, shiny|100/100
|detailschange|p1a: Froslass|Froslass-Mega, L50, F
|-mega|p1a: Froslass|Froslass|Froslassite
|-weather|Snowscape|[from] ability: Snow Warning|[of] p1a: Froslass
|detailschange|p2a: Blastoise|Blastoise-Mega, L50, M
|-mega|p2a: Blastoise|Blastoise|Blastoisinite
|move|p2a: Blastoise|Protect|p2a: Blastoise
|-singleturn|p2a: Blastoise|Protect
|move|p1a: Froslass|Blizzard|p2a: Blastoise|[spread] p2b
|-activate|p2a: Blastoise|move: Protect
|-damage|p2b: Sneasler|42/100
|move|p1b: Kingambit|Swords Dance|p1b: Kingambit
|-boost|p1b: Kingambit|atk|2
|
|-weather|Snowscape|[upkeep]
|upkeep
|turn|2
|
|t:|1784814248
|move|p2b: Sneasler|Fake Out|p1b: Kingambit
|-resisted|p1b: Kingambit|1
|-damage|p1b: Kingambit|95/100
|cant|p1b: Kingambit|flinch
|move|p1a: Froslass|Shadow Ball|p2a: Blastoise
|-damage|p2a: Blastoise|60/100
|move|p2a: Blastoise|Shell Smash|p2a: Blastoise
|-unboost|p2a: Blastoise|def|1
|-unboost|p2a: Blastoise|spd|1
|-boost|p2a: Blastoise|atk|2
|-boost|p2a: Blastoise|spa|2
|-boost|p2a: Blastoise|spe|2
|
|-weather|Snowscape|[upkeep]
|upkeep
|turn|3
|
|t:|1784814270
|move|p2a: Blastoise|Protect|p2a: Blastoise
|-singleturn|p2a: Blastoise|Protect
|move|p1b: Kingambit|Protect|p1b: Kingambit
|-singleturn|p1b: Kingambit|Protect
|move|p1a: Froslass|Blizzard|p2a: Blastoise|[spread] p2b
|-activate|p2a: Blastoise|move: Protect
|-damage|p2b: Sneasler|0 fnt
|faint|p2b: Sneasler
|
|-weather|Snowscape|[upkeep]
|upkeep
|
|t:|1784814283
|switch|p2b: Sinistcha|Sinistcha, L50|100/100
|-heal|p2a: Blastoise|85/100|[from] ability: Hospitality|[of] p2b: Sinistcha
|turn|4
|
|t:|1784814298
|move|p2b: Sinistcha|Rage Powder|p2b: Sinistcha
|-singleturn|p2b: Sinistcha|move: Rage Powder
|move|p1b: Kingambit|Sucker Punch||[still]
|-fail|p1b: Kingambit
|move|p2a: Blastoise|Water Spout|p1b: Kingambit|[spread] p1a,p1b
|-damage|p1a: Froslass|0 fnt
|-damage|p1b: Kingambit|0 fnt
|faint|p1a: Froslass
|faint|p1b: Kingambit
|
|-weather|Snowscape|[upkeep]
|upkeep
|
|t:|1784814306
|switch|p1a: Sneasler|Sneasler, L50, F|100/100
|switch|p1b: Primarina|Primarina, L50, F|100/100
|turn|5
|
|t:|1784814322
|switch|p2b: Incineroar|Incineroar, L50, M|100/100
|-ability|p2b: Incineroar|Intimidate|boost
|-unboost|p1a: Sneasler|atk|1
|-unboost|p1b: Primarina|atk|1
|-enditem|p1a: Sneasler|White Herb
|-clearnegativeboost|p1a: Sneasler|[silent]
|move|p2a: Blastoise|Protect|p2a: Blastoise
|-singleturn|p2a: Blastoise|Protect
|move|p1a: Sneasler|Fake Out|p2a: Blastoise
|-activate|p2a: Blastoise|move: Protect
|move|p1b: Primarina|Haze|p1b: Primarina
|-clearallboost
|
|-weather|none
|upkeep
|turn|6
|
|t:|1784814344
|move|p2b: Incineroar|Fake Out|p1a: Sneasler
|-crit|p1a: Sneasler
|-damage|p1a: Sneasler|81/100
|cant|p1a: Sneasler|flinch
|move|p2a: Blastoise|Water Spout|p1a: Sneasler|[spread] p1a,p1b
|-resisted|p1b: Primarina|1
|-damage|p1a: Sneasler|19/100
|-damage|p1b: Primarina|73/100
|move|p1b: Primarina|Moonblast|p2a: Blastoise
|-damage|p2a: Blastoise|15/100
|-damage|p1b: Primarina|63/100|[from] item: Life Orb
|
|upkeep
|turn|7
|
|t:|1784814365
|switch|p2b: Sinistcha|Sinistcha, L50|100/100
|-heal|p2a: Blastoise|40/100|[from] ability: Hospitality|[of] p2b: Sinistcha
|move|p1a: Sneasler|Protect|p1a: Sneasler
|-singleturn|p1a: Sneasler|Protect
|move|p2a: Blastoise|Protect|p2a: Blastoise
|-singleturn|p2a: Blastoise|Protect
|move|p1b: Primarina|Hyper Voice|p2a: Blastoise|[spread] p2b
|-activate|p2a: Blastoise|move: Protect
|-resisted|p2b: Sinistcha|1
|-crit|p2b: Sinistcha
|-damage|p2b: Sinistcha|65/100
|-damage|p1b: Primarina|54/100|[from] item: Life Orb
|
|upkeep
|turn|8
|
|t:|1784814399
|move|p2b: Sinistcha|Rage Powder|p2b: Sinistcha
|-singleturn|p2b: Sinistcha|move: Rage Powder
|move|p1a: Sneasler|Gunk Shot|p2b: Sinistcha
|-damage|p2b: Sinistcha|12/100
|move|p2a: Blastoise|Water Spout|p1a: Sneasler|[spread] p1a,p1b
|-resisted|p1b: Primarina|1
|-damage|p1a: Sneasler|0 fnt
|-damage|p1b: Primarina|40/100
|faint|p1a: Sneasler
|move|p1b: Primarina|Moonblast|p2b: Sinistcha
|-damage|p2b: Sinistcha|0 fnt
|faint|p2b: Sinistcha
|-damage|p1b: Primarina|30/100|[from] item: Life Orb
|
|upkeep
|
|t:|1784814414
|switch|p2b: Incineroar|Incineroar, L50, M|100/100
|-ability|p2b: Incineroar|Intimidate|boost
|-unboost|p1b: Primarina|atk|1
|turn|9
|
|t:|1784814439
|move|p1b: Primarina|Protect|p1b: Primarina
|-singleturn|p1b: Primarina|Protect
|move|p2b: Incineroar|Fake Out|p1b: Primarina
|-activate|p1b: Primarina|move: Protect
|move|p2a: Blastoise|Shell Smash|p2a: Blastoise
|-unboost|p2a: Blastoise|def|1
|-unboost|p2a: Blastoise|spd|1
|-boost|p2a: Blastoise|atk|2
|-boost|p2a: Blastoise|spa|2
|-boost|p2a: Blastoise|spe|2
|
|upkeep
|turn|10
|inactive|Battle timer is ON: inactive players will automatically lose when time's up. (requested by angusgrind13)
|
|t:|1784814463
|move|p2a: Blastoise|Dark Pulse|p1b: Primarina
|-resisted|p1b: Primarina|1
|-damage|p1b: Primarina|0 fnt
|faint|p1b: Primarina
|
|win|gordon1357924681
|raw|angusgrind13's rating: 1107 → 1078(-29 for losing)
|raw|gordon1357924681's rating: 1058 → 1094(+36 for winning)
