|j|☆BestDefense
|j|☆lettitripppp
|html|BestDefenselettitripppp    
|uhtml|bestof|Game 2 of a best-of-3
|t:|1784771031
|gametype|doubles
|player|p1|BestDefense|170|1207
|player|p2|lettitripppp|lucas|1229
|gen|9
|tier|[Gen 9 Champions] VGC 2026 Reg M-B (Bo3)
|rated|
|rule|Species Clause: Limit one of each Pokémon
|rule|Item Clause: Limit 1 of each item
|clearpoke
|poke|p1|Banette, L50, M, shiny|
|poke|p1|Blastoise, L50, M, shiny|
|poke|p1|Incineroar, L50, M, shiny|
|poke|p1|Farigiraf, L50, F, shiny|
|poke|p1|Kommo-o, L50, F, shiny|
|poke|p1|Whimsicott, L50, M, shiny|
|poke|p2|Charizard, L50, F, shiny|
|poke|p2|Basculegion, L50, M, shiny|
|poke|p2|Pelipper, L50, M|
|poke|p2|Venusaur, L50, M|
|poke|p2|Archaludon, L50, F|
|poke|p2|Grimmsnarl, L50, M, shiny|
|teampreview|4
|showteam|p1|Banette||Banettite|Insomnia|GunkShot,PhantomForce,PsychUp,ScaryFace|Impish||M|||50|]Blastoise||Blastoisinite|Torrent|WaterSpout,AuraSphere,IceBeam,Protect|Modest||M|||50|]Incineroar||SitrusBerry|Intimidate|FakeOut,FlareBlitz,DarkestLariat,PartingShot|Careful||M|||50|]Farigiraf||ColburBerry|ArmorTail|TwinBeam,Thunderbolt,TrickRoom,Imprison|Modest||F|||50|]Kommo-o||Leftovers|Soundproof|AuraSphere,FlashCannon,ClangorousSoul,Protect|Modest||F|||50|]Whimsicott||FocusSash|Prankster|GigaDrain,Moonblast,Tailwind,Encore|Timid||M|||50|
|showteam|p2|Charizard||CharizarditeY|Blaze|WeatherBall,SolarBeam,HeatWave,Protect|Modest||F|||50|]Basculegion||ChoiceScarf|Adaptability|LastRespects,WaveCrash,FlipTurn,AquaJet|Jolly||M|||50|]Pelipper||SitrusBerry|Drizzle|WeatherBall,WideGuard,Hurricane,Tailwind|Modest||M|||50|]Venusaur||FocusSash|Chlorophyll|SleepPowder,SludgeBomb,EarthPower,Protect|Modest||M|||50|]Archaludon||Leftovers|Stamina|FlashCannon,DragonPulse,ElectroShot,Protect|Calm||F|||50|]Grimmsnarl||LightClay|Prankster|PartingShot,LightScreen,SpiritBreak,Reflect|Relaxed||M|||50|
|inactive|Battle timer is ON: inactive players will automatically lose when time's up. (requested by lettitripppp)
|inactive|BestDefense also wants the timer to be on.
|
|t:|1784771052
|teamsize|p1|4
|teamsize|p2|4
|start
|switch|p1a: Kommo-o|Kommo-o, L50, F, shiny|100/100
|switch|p1b: Incineroar|Incineroar, L50, M, shiny|100/100
|switch|p2a: AGNI|Charizard, L50, F, shiny|100/100
|switch|p2b: SOFT-SLEEP|Venusaur, L50, M|100/100
|-ability|p1b: Incineroar|Intimidate|boost
|-unboost|p2a: AGNI|atk|1
|-unboost|p2b: SOFT-SLEEP|atk|1
|turn|1
|
|t:|1784771076
|detailschange|p2a: AGNI|Charizard-Mega-Y, L50, F, shiny
|-mega|p2a: AGNI|Charizard|Charizardite Y
|-weather|SunnyDay|[from] ability: Drought|[of] p2a: AGNI
|move|p1b: Incineroar|Fake Out|p2b: SOFT-SLEEP
|-damage|p2b: SOFT-SLEEP|85/100
|cant|p2b: SOFT-SLEEP|flinch
|move|p2a: AGNI|Weather Ball|p1a: Kommo-o
|-resisted|p1a: Kommo-o|1
|-damage|p1a: Kommo-o|60/100
|move|p1a: Kommo-o|Clangorous Soul|p1a: Kommo-o
|-boost|p1a: Kommo-o|atk|1
|-boost|p1a: Kommo-o|def|1
|-boost|p1a: Kommo-o|spa|1
|-boost|p1a: Kommo-o|spd|1
|-boost|p1a: Kommo-o|spe|1
|-damage|p1a: Kommo-o|27/100
|
|-weather|SunnyDay|[upkeep]
|-heal|p1a: Kommo-o|34/100|[from] item: Leftovers
|upkeep
|turn|2
|
|t:|1784771098
|move|p1a: Kommo-o|Protect|p1a: Kommo-o
|-singleturn|p1a: Kommo-o|Protect
|move|p2a: AGNI|Protect|p2a: AGNI
|-singleturn|p2a: AGNI|Protect
|move|p2b: SOFT-SLEEP|Sleep Powder|p1b: Incineroar
|-status|p1b: Incineroar|slp|[from] move: Sleep Powder
|cant|p1b: Incineroar|slp
|
|-weather|SunnyDay|[upkeep]
|-heal|p1a: Kommo-o|40/100|[from] item: Leftovers
|upkeep
|turn|3
|
|t:|1784771123
|move|p2b: SOFT-SLEEP|Sludge Bomb|p1a: Kommo-o
|-damage|p1a: Kommo-o|13/100
|move|p1a: Kommo-o|Flash Cannon|p2b: SOFT-SLEEP
|-damage|p2b: SOFT-SLEEP|46/100
|move|p2a: AGNI|Weather Ball|p1a: Kommo-o
|-resisted|p1a: Kommo-o|1
|-damage|p1a: Kommo-o|0 fnt
|faint|p1a: Kommo-o
|-curestatus|p1b: Incineroar|slp|[msg]
|move|p1b: Incineroar|Flare Blitz|p2b: SOFT-SLEEP
|-supereffective|p2b: SOFT-SLEEP|1
|-damage|p2b: SOFT-SLEEP|0 fnt
|faint|p2b: SOFT-SLEEP
|-damage|p1b: Incineroar|88/100|[from] Recoil
|
|-weather|SunnyDay|[upkeep]
|upkeep
|
|t:|1784771140
|switch|p2b: GHOSTWAVE|Basculegion, L50, M, shiny|100/100
|switch|p1a: Banette|Banette, L50, M, shiny|100/100
|turn|4
|inactive|BestDefense has 30 seconds left.
|
|t:|1784771174
|switch|p1a: Farigiraf|Farigiraf, L50, F, shiny|100/100
|move|p2a: AGNI|Protect|p2a: AGNI
|-singleturn|p2a: AGNI|Protect
|move|p2b: GHOSTWAVE|Flip Turn|p1b: Incineroar
|-supereffective|p1b: Incineroar|1
|-damage|p1b: Incineroar|56/100
|
|t:|1784771181
|switch|p2b: GO JOHAN|Grimmsnarl, L50, M, shiny|100/100|[from] Flip Turn
|move|p1b: Incineroar|Parting Shot|p2a: AGNI
|-activate|p2a: AGNI|move: Protect
|
|-weather|SunnyDay|[upkeep]
|upkeep
|turn|5
|
|t:|1784771201
|move|p2a: AGNI|Weather Ball|p1a: Farigiraf
|-damage|p1a: Farigiraf|14/100
|move|p1b: Incineroar|Flare Blitz|p2b: GO JOHAN
|-damage|p2b: GO JOHAN|28/100
|-damage|p1b: Incineroar|32/100|[from] Recoil
|-enditem|p1b: Incineroar|Sitrus Berry|[eat]
|-heal|p1b: Incineroar|57/100|[from] item: Sitrus Berry
|move|p2b: GO JOHAN|Spirit Break|p1a: Farigiraf
|-damage|p1a: Farigiraf|0 fnt
|faint|p1a: Farigiraf
|
|-weather|none
|upkeep
|
|t:|1784771210
|switch|p1a: Banette|Banette, L50, M, shiny|100/100
|turn|6
|
|t:|1784771227
|switch|p2a: GHOSTWAVE|Basculegion, L50, M, shiny|100/100
|detailschange|p1a: Banette|Banette-Mega, L50, M, shiny
|-mega|p1a: Banette|Banette|Banettite
|move|p2b: GO JOHAN|Reflect|p2b: GO JOHAN
|-sidestart|p2: lettitripppp|Reflect
|move|p1a: Banette|Gunk Shot|p2b: GO JOHAN
|-supereffective|p2b: GO JOHAN|1
|-damage|p2b: GO JOHAN|0 fnt
|faint|p2b: GO JOHAN
|move|p1b: Incineroar|Darkest Lariat|p2a: GHOSTWAVE
|-supereffective|p2a: GHOSTWAVE|1
|-damage|p2a: GHOSTWAVE|44/100
|
|upkeep
|
|t:|1784771237
|switch|p2b: AGNI|Charizard-Mega-Y, L50, F, shiny|100/100
|-weather|SunnyDay|[from] ability: Drought|[of] p2b: AGNI
|turn|7
|
|t:|1784771245
|move|p1a: Banette|Scary Face|p2a: GHOSTWAVE
|-unboost|p2a: GHOSTWAVE|spe|2
|move|p2b: AGNI|Weather Ball|p1b: Incineroar
|-resisted|p1b: Incineroar|1
|-damage|p1b: Incineroar|25/100
|move|p2a: GHOSTWAVE|Last Respects|p1a: Banette
|-supereffective|p1a: Banette|1
|-damage|p1a: Banette|0 fnt
|faint|p1a: Banette
|move|p1b: Incineroar|Darkest Lariat|p2a: GHOSTWAVE
|-supereffective|p2a: GHOSTWAVE|1
|-damage|p2a: GHOSTWAVE|0 fnt
|faint|p2a: GHOSTWAVE
|
|-weather|SunnyDay|[upkeep]
|upkeep
|turn|8
|
|t:|1784771259
|move|p2b: AGNI|Weather Ball|p1b: Incineroar
|-resisted|p1b: Incineroar|1
|-damage|p1b: Incineroar|0 fnt
|faint|p1b: Incineroar
|
|win|lettitripppp
||BestDefense is ready for game 3.
