|j|☆Zacharykeith
|j|☆ilhanwinner
|html|Zacharykeithilhanwinner    
|uhtml|bestof|Game 2 of a best-of-3
|t:|1757082213
|gametype|doubles
|player|p1|Zacharykeith|fisherman-gen4|1130
|player|p2|ilhanwinner|2|1107
|gen|9
|tier|[Gen 9] VGC 2025 Reg H (Bo3)
|rated|
|rule|Species Clause: Limit one of each Pokémon
|rule|Item Clause: Limit 1 of each item
|clearpoke
|poke|p1|Ursaluna, L50, M|
|poke|p1|Porygon2, L50|
|poke|p1|Incineroar, L50, F|
|poke|p1|Amoonguss, L50, M|
|poke|p1|Gholdengo, L50|
|poke|p1|Tyranitar, L50, M|
|poke|p2|Politoed, L50, F|
|poke|p2|Gothitelle, L50, F|
|poke|p2|Incineroar, L50, M|
|poke|p2|Amoonguss, L50, M|
|poke|p2|Kingdra, L50, M|
|poke|p2|Archaludon, L50, F|
|teampreview|4
|showteam|p1|Ursaluna||FlameOrb|Guts|Facade,HeadlongRush,Earthquake,Protect|||M|||50|,,,,,Ghost]Porygon2||Eviolite|Download|TeraBlast,IceBeam,TrickRoom,Recover||||||50|,,,,,Fighting]Incineroar||SafetyGoggles|Intimidate|FakeOut,PartingShot,KnockOff,FlareBlitz|||F|||50|,,,,,Ghost]Amoonguss||SitrusBerry|Regenerator|Spore,RagePowder,ClearSmog,Protect|||M|||50|,,,,,Water]Gholdengo||LifeOrb|GoodasGold|MakeItRain,ShadowBall,NastyPlot,Protect||||||50|,,,,,Water]Tyranitar||AssaultVest|SandStream|RockSlide,KnockOff,TeraBlast,LowKick|||M|||50|,,,,,Flying
|showteam|p2|Politoed||Leftovers|Drizzle|Protect,WeatherBall,PerishSong,Encore|||F|||50|,,,,,Grass]Gothitelle||SitrusBerry|ShadowTag|Protect,Psychic,FakeOut,TrickRoom|||F|||50|,,,,,Dark]Incineroar||SafetyGoggles|Intimidate|Protect,KnockOff,FakeOut,PartingShot|||M|||50|,,,,,Ghost]Amoonguss||EjectButton|Regenerator|Protect,RagePowder,PollenPuff,Spore|||M|||50|,,,,,Fairy]Kingdra||LifeOrb|SwiftSwim|Protect,WeatherBall,DracoMeteor,MuddyWater|||M|||50|,,,,,Stellar]Archaludon||PowerHerb|Sturdy|Protect,ElectroShot,DragonPulse,FlashCannon|||F|||50|,,,,,Electric
|inactive|Battle timer is ON: inactive players will automatically lose when time's up. (requested by ilhanwinner)
|
|t:|1757082240
|teamsize|p1|4
|teamsize|p2|4
|start
|switch|p1a: Fire Kitty|Incineroar, L50, F|100/100
|switch|p1b: String Cheese|Gholdengo, L50|100/100
|switch|p2a: Kingdra|Kingdra, L50, M|100/100
|switch|p2b: Archaludon|Archaludon, L50, F|100/100
|-ability|p1a: Fire Kitty|Intimidate|boost
|-unboost|p2a: Kingdra|atk|1
|-unboost|p2b: Archaludon|atk|1
|turn|1
|
|t:|1757082264
|-terastallize|p2b: Archaludon|Electric
|move|p2b: Archaludon|Electro Shot||[still]
|-prepare|p2b: Archaludon|Electro Shot
|-boost|p2b: Archaludon|spa|1
|-enditem|p2b: Archaludon|Power Herb
|-anim|p2b: Archaludon|Electro Shot|p1b: String Cheese
|-damage|p1b: String Cheese|0 fnt
|faint|p1b: String Cheese
|move|p2a: Kingdra|Muddy Water|p1a: Fire Kitty
|-supereffective|p1a: Fire Kitty
|-damage|p1a: Fire Kitty|5/100
|-damage|p2a: Kingdra|91/100|[from] item: Life Orb
|move|p1a: Fire Kitty|Parting Shot|p2a: Kingdra
|-unboost|p2a: Kingdra|atk|1
|-unboost|p2a: Kingdra|spa|1
|
|t:|1757082278
|switch|p1a: Big dino|Tyranitar, L50, M|100/100|[from] Parting Shot
|-weather|Sandstorm|[from] ability: Sand Stream|[of] p1a: Big dino
|
|-weather|Sandstorm|[upkeep]
|-damage|p2b: Archaludon|94/100|[from] Sandstorm
|-damage|p2a: Kingdra|85/100|[from] Sandstorm
|upkeep
|
|t:|1757082284
|switch|p1b: Fire Kitty|Incineroar, L50, F|5/100
|-ability|p1b: Fire Kitty|Intimidate|boost
|-unboost|p2a: Kingdra|atk|1
|-unboost|p2b: Archaludon|atk|1
|turn|2
|
|t:|1757082295
|move|p1b: Fire Kitty|Fake Out|p2b: Archaludon
|-damage|p2b: Archaludon|84/100
|cant|p2b: Archaludon|flinch
|move|p2a: Kingdra|Weather Ball|p1a: Big dino
|-damage|p1a: Big dino|90/100
|-damage|p2a: Kingdra|75/100|[from] item: Life Orb
|move|p1a: Big dino|Rock Slide|p2a: Kingdra|[spread] p2a,p2b
|-damage|p2a: Kingdra|38/100
|-damage|p2b: Archaludon|58/100
|
|-weather|Sandstorm|[upkeep]
|-damage|p2b: Archaludon|52/100|[from] Sandstorm
|-damage|p2a: Kingdra|32/100|[from] Sandstorm
|upkeep
|turn|3
|
|t:|1757082314
|switch|p2b: Politoed|Politoed, L50, F|100/100
|-weather|RainDance|[from] ability: Drizzle|[of] p2b: Politoed
|move|p2a: Kingdra|Weather Ball|p1a: Big dino
|-supereffective|p1a: Big dino
|-damage|p1a: Big dino|23/100
|-damage|p2a: Kingdra|22/100|[from] item: Life Orb
|move|p1b: Fire Kitty|Flare Blitz|p2b: Politoed
|-resisted|p2b: Politoed
|-damage|p2b: Politoed|87/100
|-damage|p1b: Fire Kitty|0 fnt|[from] Recoil
|faint|p1b: Fire Kitty
|move|p1a: Big dino|Rock Slide|p2b: Politoed|[spread] p2a,p2b
|-damage|p2a: Kingdra|0 fnt
|-damage|p2b: Politoed|51/100
|faint|p2a: Kingdra
|
|-weather|RainDance|[upkeep]
|-heal|p2b: Politoed|57/100|[from] item: Leftovers
|upkeep
|
|t:|1757082329
|switch|p2a: Amoonguss|Amoonguss, L50, M|100/100
|switch|p1b: Sussy Mushroom|Amoonguss, L50, M|100/100
|turn|4
|
|t:|1757082338
|-terastallize|p1a: Big dino|Flying
|move|p1b: Sussy Mushroom|Rage Powder|p1b: Sussy Mushroom
|-singleturn|p1b: Sussy Mushroom|move: Rage Powder
|move|p2a: Amoonguss|Rage Powder|p2a: Amoonguss
|-singleturn|p2a: Amoonguss|move: Rage Powder
|move|p2b: Politoed|Perish Song|p2b: Politoed
|-start|p1a: Big dino|perish3|[silent]
|-start|p1b: Sussy Mushroom|perish3|[silent]
|-start|p2a: Amoonguss|perish3|[silent]
|-start|p2b: Politoed|perish3|[silent]
|-fieldactivate|move: Perish Song
|move|p1a: Big dino|Tera Blast|p2a: Amoonguss|[anim] Tera Blast Flying
|-supereffective|p2a: Amoonguss
|-damage|p2a: Amoonguss|32/100
|-enditem|p2a: Amoonguss|Eject Button
|
|t:|1757082348
|switch|p2a: Archaludon|Archaludon, L50, F, tera:Electric|52/100
|
|-weather|RainDance|[upkeep]
|-heal|p2b: Politoed|63/100|[from] item: Leftovers
|-start|p2b: Politoed|perish3
|-start|p1a: Big dino|perish3
|-start|p1b: Sussy Mushroom|perish3
|upkeep
|turn|5
|
|t:|1757082363
|move|p2a: Archaludon|Protect|p2a: Archaludon
|-singleturn|p2a: Archaludon|Protect
|move|p2b: Politoed|Protect|p2b: Politoed
|-singleturn|p2b: Politoed|Protect
|move|p1b: Sussy Mushroom|Rage Powder|p1b: Sussy Mushroom
|-singleturn|p1b: Sussy Mushroom|move: Rage Powder
|move|p1a: Big dino|Rock Slide|p2a: Archaludon|[spread] 
|-activate|p2a: Archaludon|move: Protect
|-activate|p2b: Politoed|move: Protect
|
|-weather|RainDance|[upkeep]
|-heal|p2b: Politoed|70/100|[from] item: Leftovers
|-start|p2b: Politoed|perish2
|-start|p1a: Big dino|perish2
|-start|p1b: Sussy Mushroom|perish2
|upkeep
|turn|6
|
|t:|1757082376
|move|p2a: Archaludon|Protect||[still]
|-fail|p2a: Archaludon
|move|p2b: Politoed|Protect||[still]
|-fail|p2b: Politoed
|move|p1b: Sussy Mushroom|Rage Powder|p1b: Sussy Mushroom
|-singleturn|p1b: Sussy Mushroom|move: Rage Powder
|move|p1a: Big dino|Rock Slide|p2a: Archaludon|[spread] p2a,p2b
|-damage|p2a: Archaludon|25/100
|-damage|p2b: Politoed|39/100
|
|-weather|RainDance|[upkeep]
|-heal|p2b: Politoed|45/100|[from] item: Leftovers
|-start|p2b: Politoed|perish1
|-start|p1a: Big dino|perish1
|-start|p1b: Sussy Mushroom|perish1
|upkeep
|turn|7
|-message|Zacharykeith forfeited.
|
|win|ilhanwinner
