|j|☆Nero1694
|j|☆bignucks
|html|Nero1694bignucks    
|uhtml|bestof|Game 3 of a best-of-3
|t:|1756075805
|gametype|doubles
|player|p1|Nero1694|n|1156
|player|p2|bignucks|cheren|1242
|gen|9
|tier|[Gen 9] VGC 2025 Reg H (Bo3)
|rated|
|rule|Species Clause: Limit one of each Pokémon
|rule|Item Clause: Limit 1 of each item
|clearpoke
|poke|p1|Tyranitar, L50, F|
|poke|p1|Garchomp, L50, F|
|poke|p1|Salamence, L50, F|
|poke|p1|Incineroar, L50, M|
|poke|p1|Sinistcha-Masterpiece, L50|
|poke|p1|Primarina, L50, M|
|poke|p2|Sneasler, L50, M|
|poke|p2|Indeedee, L50, M|
|poke|p2|Typhlosion-Hisui, L50, M|
|poke|p2|Dragapult, L50, M|
|poke|p2|Whimsicott, L50, F|
|poke|p2|Electabuzz, L50, F|
|teampreview|4
|showteam|p1|Tyranitar||AssaultVest|SandStream|RockSlide,KnockOff,TeraBlast,LowKick|||F|||50|,,,,,Flying]Garchomp||ClearAmulet|RoughSkin|StompingTantrum,DragonClaw,SwordsDance,Protect|||F|||50|,,,,,Fire]Salamence||FocusSash|Intimidate|DracoMeteor,HeatWave,Protect,Tailwind|||F|||50|,,,,,Fire]Incineroar||SafetyGoggles|Intimidate|FlareBlitz,Taunt,PartingShot,FakeOut|||M|||50|,,,,,Ghost]Sinistcha-Masterpiece||SitrusBerry|Hospitality|MatchaGotcha,ShadowBall,RagePowder,TrickRoom||||||50|,,,,,Fairy]Primarina||ThroatSpray|LiquidVoice|HyperVoice,Moonblast,Haze,Protect|||M|||50|,,,,,Poison
|showteam|p2|Sneasler||PsychicSeed|Unburden|DireClaw,CloseCombat,ThroatChop,Protect|||M|||50|,,,,,Dark]Indeedee||FocusSash|PsychicSurge|ExpandingForce,TeraBlast,Imprison,TrickRoom|||M|||50|,,,,,Fighting]Typhlosion-Hisui||ChoiceSpecs|Blaze|Eruption,HeatWave,Overheat,ShadowBall|||M|||50|,,,,,Fire]Dragapult||ChoiceBand|ClearBody|DragonDarts,PhantomForce,PsychicFangs,Uturn|||M|||50|,,,,,Dragon]Whimsicott||CovertCloak|Prankster|Tailwind,Moonblast,SunnyDay,Encore|||F|||50|,,,,,Water]Electabuzz||Eviolite|VitalSpirit|FollowMe,Electroweb,Taunt,Protect|||F|||50|,,,,,Dragon
|inactive|Battle timer is ON: inactive players will automatically lose when time's up. (requested by Nero1694)
|inactive|bignucks has 60 seconds left.
|
|t:|1756075847
|teamsize|p1|4
|teamsize|p2|4
|start
|switch|p1a: Street Shark|Garchomp, L50, F|100/100
|switch|p1b: Sinistcha|Sinistcha-Masterpiece, L50, shiny|100/100
|switch|p2a: Electabuzz|Electabuzz, L50, F|100/100
|switch|p2b: Sneasler|Sneasler, L50, M|100/100
|turn|1
|
|t:|1756075868
|switch|p1b: Felinferno|Incineroar, L50, M|100/100
|-ability|p1b: Felinferno|Intimidate|boost
|-unboost|p2a: Electabuzz|atk|1
|-unboost|p2b: Sneasler|atk|1
|move|p2b: Sneasler|Dire Claw|p1a: Street Shark
|-resisted|p1a: Street Shark
|-damage|p1a: Street Shark|84/100
|-damage|p2b: Sneasler|88/100|[from] ability: Rough Skin|[of] p1a: Street Shark
|move|p2a: Electabuzz|Taunt|p1b: Felinferno
|-start|p1b: Felinferno|move: Taunt
|move|p1a: Street Shark|Swords Dance|p1a: Street Shark
|-boost|p1a: Street Shark|atk|2
|
|upkeep
|turn|2
|inactive|Nero1694 has 30 seconds left.
|inactive|bignucks has 30 seconds left.
|
|t:|1756075899
|switch|p2b: Whimsicott|Whimsicott, L50, F|100/100
|switch|p1b: Sinistcha|Sinistcha-Masterpiece, L50, shiny|100/100
|-heal|p1a: Street Shark|100/100|[from] ability: Hospitality|[of] p1b: Sinistcha
|move|p2a: Electabuzz|Protect|p2a: Electabuzz
|-singleturn|p2a: Electabuzz|Protect
|move|p1a: Street Shark|Stomping Tantrum|p2b: Whimsicott
|-resisted|p2b: Whimsicott
|-damage|p2b: Whimsicott|55/100
|
|upkeep
|turn|3
|inactive|Nero1694 has 30 seconds left.
|
|t:|1756075929
|-terastallize|p1a: Street Shark|Fire
|move|p2a: Electabuzz|Taunt|p1b: Sinistcha
|-start|p1b: Sinistcha|move: Taunt
|move|p1a: Street Shark|Stomping Tantrum|p2a: Electabuzz
|-supereffective|p2a: Electabuzz
|-damage|p2a: Electabuzz|0 fnt
|faint|p2a: Electabuzz
|move|p2b: Whimsicott|Moonblast|p1a: Street Shark
|-resisted|p1a: Street Shark
|-damage|p1a: Street Shark|84/100
|move|p1b: Sinistcha|Matcha Gotcha|p2b: Whimsicott
|-resisted|p2b: Whimsicott
|-damage|p2b: Whimsicott|39/100
|
|upkeep
|
|t:|1756075944
|switch|p2a: Indeedee|Indeedee, L50, M|100/100
|-fieldstart|move: Psychic Terrain|[from] ability: Psychic Surge|[of] p2a: Indeedee
|turn|4
|
|t:|1756075955
|switch|p1b: Felinferno|Incineroar, L50, M|100/100
|-ability|p1b: Felinferno|Intimidate|boost
|-unboost|p2a: Indeedee|atk|1
|-unboost|p2b: Whimsicott|atk|1
|move|p1a: Street Shark|Protect|p1a: Street Shark
|-singleturn|p1a: Street Shark|Protect
|move|p2b: Whimsicott|Tailwind|p2b: Whimsicott
|-sidestart|p2: bignucks|move: Tailwind
|move|p2a: Indeedee|Expanding Force|p1b: Felinferno|[spread] 
|-activate|p1a: Street Shark|move: Protect
|-immune|p1b: Felinferno
|
|upkeep
|turn|5
|inactive|Nero1694 has 30 seconds left.
|inactive|bignucks has 30 seconds left.
|inactive|Nero1694 has 20 seconds left.
|inactive|Nero1694 has 15 seconds left.
|
|t:|1756075996
|switch|p1a: Primarina|Primarina, L50, M, shiny|100/100
|move|p2b: Whimsicott|Moonblast|p1a: Primarina
|-crit|p1a: Primarina
|-damage|p1a: Primarina|68/100
|-unboost|p1a: Primarina|spa|1
|move|p2a: Indeedee|Expanding Force|p1b: Felinferno|[spread] p1a
|-immune|p1b: Felinferno
|-damage|p1a: Primarina|28/100
|move|p1b: Felinferno|Parting Shot|p2a: Indeedee
|-unboost|p2a: Indeedee|atk|1
|-unboost|p2a: Indeedee|spa|1
|
|t:|1756076009
|switch|p1b: Sinistcha|Sinistcha-Masterpiece, L50, shiny|100/100|[from] Parting Shot
|-heal|p1a: Primarina|53/100|[from] ability: Hospitality|[of] p1b: Sinistcha
|
|upkeep
|turn|6
|inactive|Nero1694 has 30 seconds left.
|inactive|Nero1694 has 20 seconds left.
|inactive|Nero1694 has 15 seconds left.
|
|t:|1756076049
|switch|p1a: Felinferno|Incineroar, L50, M|100/100
|-ability|p1a: Felinferno|Intimidate|boost
|-unboost|p2a: Indeedee|atk|1
|-unboost|p2b: Whimsicott|atk|1
|move|p2b: Whimsicott|Moonblast|p1a: Felinferno
|-damage|p1a: Felinferno|82/100
|move|p2a: Indeedee|Imprison|p2a: Indeedee
|-start|p2a: Indeedee|move: Imprison
|move|p1b: Sinistcha|Matcha Gotcha|p2b: Whimsicott|[spread] p2a
|-miss|p1b: Sinistcha|p2b: Whimsicott
|-damage|p2a: Indeedee|69/100
|
|upkeep
|turn|7
|inactive|Nero1694 has 30 seconds left.
|inactive|bignucks has 30 seconds left.
|
|t:|1756076078
|switch|p2a: Sneasler|Sneasler, L50, M|88/100
|-enditem|p2a: Sneasler|Psychic Seed
|-boost|p2a: Sneasler|spd|1|[from] item: Psychic Seed
|switch|p1b: Primarina|Primarina, L50, M, shiny|53/100
|move|p2b: Whimsicott|Moonblast|p1a: Felinferno
|-damage|p1a: Felinferno|63/100
|move|p1a: Felinferno|Parting Shot|p2a: Sneasler
|-unboost|p2a: Sneasler|atk|1
|-unboost|p2a: Sneasler|spa|1
|
|t:|1756076087
|switch|p1a: Sinistcha|Sinistcha-Masterpiece, L50, shiny|100/100|[from] Parting Shot
|-heal|p1b: Primarina|77/100|[from] ability: Hospitality|[of] p1a: Sinistcha
|
|-sideend|p2: bignucks|move: Tailwind
|upkeep
|turn|8
|inactive|bignucks has 30 seconds left.
|inactive|Nero1694 has 30 seconds left.
|inactive|bignucks has 20 seconds left.
|
|t:|1756076124
|switch|p1b: Felinferno|Incineroar, L50, M|63/100
|-ability|p1b: Felinferno|Intimidate|boost
|-unboost|p2a: Sneasler|atk|1
|-unboost|p2b: Whimsicott|atk|1
|-terastallize|p2a: Sneasler|Dark
|move|p2a: Sneasler|Throat Chop|p1a: Sinistcha
|-supereffective|p1a: Sinistcha
|-damage|p1a: Sinistcha|67/100
|-start|p1a: Sinistcha|Throat Chop|[silent]
|move|p2b: Whimsicott|Moonblast|p1a: Sinistcha
|-damage|p1a: Sinistcha|36/100
|-unboost|p1a: Sinistcha|spa|1
|-enditem|p1a: Sinistcha|Sitrus Berry|[eat]
|-heal|p1a: Sinistcha|61/100|[from] item: Sitrus Berry
|move|p1a: Sinistcha|Trick Room|p1a: Sinistcha
|-fieldstart|move: Trick Room|[of] p1a: Sinistcha
|
|-fieldend|move: Psychic Terrain
|upkeep
|turn|9
|
|t:|1756076145
|switch|p2a: Indeedee|Indeedee, L50, M|69/100
|-fieldstart|move: Psychic Terrain|[from] ability: Psychic Surge|[of] p2a: Indeedee
|move|p2b: Whimsicott|Encore|p1a: Sinistcha
|-activate|p1a: Sinistcha|move: Psychic Terrain
|move|p1b: Felinferno|Flare Blitz|p2b: Whimsicott
|-supereffective|p2b: Whimsicott
|-damage|p2b: Whimsicott|0 fnt
|faint|p2b: Whimsicott
|-damage|p1b: Felinferno|53/100|[from] Recoil
|move|p1a: Sinistcha|Matcha Gotcha|p2a: Indeedee
|-damage|p2a: Indeedee|40/100
|-heal|p1a: Sinistcha|72/100|[from] drain|[of] p2a: Indeedee
|
|-end|p1a: Sinistcha|Throat Chop|[silent]
|upkeep
|c|☆bignucks|oops
|-message|bignucks forfeited.
|raw|Nero1694's rating: 1156 → 1187(+31 for winning)
|raw|bignucks's rating: 1242 → 1211(-31 for losing)
|
|win|Nero1694
|c|☆Nero1694|Thanks
|l|☆bignucks
|player|p2|
|c|☆Nero1694|Tha helps
