|j|☆TCM Zaukepoo
|j|☆tulaptor
|html|TCM Zaukepootulaptor    
|uhtml|bestof|Game 2 of a best-of-3
|t:|1756697364
|gametype|doubles
|player|p1|TCM Zaukepoo|101|1130
|player|p2|tulaptor|2|1000
|gen|9
|tier|[Gen 9] VGC 2025 Reg H (Bo3)
|rated|
|rule|Species Clause: Limit one of each Pokémon
|rule|Item Clause: Limit 1 of each item
|clearpoke
|poke|p1|Tyranitar, L50, F|
|poke|p1|Volcarona, L50, M|
|poke|p1|Ursaluna, L50, F|
|poke|p1|Dragonite, L50, M|
|poke|p1|Incineroar, L50, F|
|poke|p1|Gholdengo, L50|
|poke|p2|Porygon2, L50|
|poke|p2|Hydreigon, L50, F|
|poke|p2|Incineroar, L50, F|
|poke|p2|Garchomp, L50, M|
|poke|p2|Amoonguss, L50, F|
|poke|p2|Gholdengo, L50|
|teampreview|4
|showteam|p1|Tyranitar||AssaultVest|SandStream|RockSlide,KnockOff,TeraBlast,LowKick|||F|||50|,,,,,Flying]Volcarona||CovertCloak|FlameBody|HeatWave,GigaDrain,QuiverDance,Protect|||M|||50|,,,,,Grass]Ursaluna||FlameOrb|Guts|HeadlongRush,Facade,Earthquake,Protect|||F|||50|,,,,,Ghost]Dragonite||LoadedDice|InnerFocus|ScaleShot,ExtremeSpeed,StompingTantrum,Tailwind|||M|||50|,,,,,Steel]Incineroar||SafetyGoggles|Intimidate|FakeOut,KnockOff,PartingShot,FlareBlitz|||F|||50|,,,,,Ghost]Gholdengo||LifeOrb|GoodasGold|NastyPlot,ShadowBall,MakeItRain,Protect||||||50|,,,,,Water
|showteam|p2|Porygon2||Eviolite|Download|TeraBlast,IceBeam,TrickRoom,Recover||||||50|,,,,,Fighting]Hydreigon||SafetyGoggles|Levitate|Snarl,DracoMeteor,Tailwind,Protect|||F|||50|,,,,,Ghost]Incineroar||SitrusBerry|Intimidate|FlareBlitz,KnockOff,PartingShot,FakeOut|||F|||50|,,,,,Grass]Garchomp||LoadedDice|RoughSkin|ScaleShot,Earthquake,StompingTantrum,Protect|||M|||50|,,,,,Fire]Amoonguss||CovertCloak|Regenerator|PollenPuff,Spore,RagePowder,Protect|||F|||50|,,,,,Fire]Gholdengo||MetalCoat|GoodasGold|MakeItRain,ShadowBall,NastyPlot,Protect||||||50|,,,,,Flying
|inactive|Battle timer is ON: inactive players will automatically lose when time's up. (requested by TCM Zaukepoo)
|inactive|tulaptor has 60 seconds left.
|
|t:|1756697398
|teamsize|p1|4
|teamsize|p2|4
|start
|switch|p1a: Incineroar|Incineroar, L50, F|100/100
|switch|p1b: Volcarona|Volcarona, L50, M|100/100
|switch|p2a: Incineroar|Incineroar, L50, F, shiny|100/100
|switch|p2b: Gholdengo|Gholdengo, L50, shiny|100/100
|-ability|p2a: Incineroar|Intimidate|boost
|-unboost|p1a: Incineroar|atk|1
|-unboost|p1b: Volcarona|atk|1
|-ability|p1a: Incineroar|Intimidate|boost
|-unboost|p2a: Incineroar|atk|1
|-unboost|p2b: Gholdengo|atk|1
|turn|1
|inactive|tulaptor has 30 seconds left.
|inactive|TCM Zaukepoo has 30 seconds left.
|inactive|tulaptor has 20 seconds left.
|
|t:|1756697435
|switch|p2b: Hydreigon|Hydreigon, L50, F, shiny|100/100
|switch|p1a: Gholdengo|Gholdengo, L50|100/100
|move|p2a: Incineroar|Fake Out|p1b: Volcarona
|-damage|p1b: Volcarona|91/100
|move|p1b: Volcarona|Quiver Dance|p1b: Volcarona
|-boost|p1b: Volcarona|spa|1
|-boost|p1b: Volcarona|spd|1
|-boost|p1b: Volcarona|spe|1
|
|upkeep
|turn|2
|
|t:|1756697457
|switch|p1a: Incineroar|Incineroar, L50, F|100/100
|-ability|p1a: Incineroar|Intimidate|boost
|-unboost|p2a: Incineroar|atk|1
|-unboost|p2b: Hydreigon|atk|1
|move|p1b: Volcarona|Quiver Dance|p1b: Volcarona
|-boost|p1b: Volcarona|spa|1
|-boost|p1b: Volcarona|spd|1
|-boost|p1b: Volcarona|spe|1
|move|p2b: Hydreigon|Snarl|p1b: Volcarona|[spread] p1a,p1b
|-resisted|p1a: Incineroar
|-damage|p1a: Incineroar|92/100
|-damage|p1b: Volcarona|81/100
|-unboost|p1a: Incineroar|spa|1
|move|p2a: Incineroar|Parting Shot|p1b: Volcarona
|-unboost|p1b: Volcarona|atk|1
|-unboost|p1b: Volcarona|spa|1
|inactive|tulaptor has 30 seconds left.
|inactive|tulaptor has 20 seconds left.
|
|t:|1756697497
|switch|p2a: Garchomp|Garchomp, L50, M, shiny|100/100|[from] Parting Shot
|
|upkeep
|turn|3
|
|t:|1756697504
|move|p2b: Hydreigon|Protect|p2b: Hydreigon
|-singleturn|p2b: Hydreigon|Protect
|move|p2a: Garchomp|Protect|p2a: Garchomp
|-singleturn|p2a: Garchomp|Protect
|move|p1a: Incineroar|Fake Out|p2a: Garchomp
|-activate|p2a: Garchomp|move: Protect
|move|p1b: Volcarona|Quiver Dance|p1b: Volcarona
|-boost|p1b: Volcarona|spa|1
|-boost|p1b: Volcarona|spd|1
|-boost|p1b: Volcarona|spe|1
|
|upkeep
|turn|4
|
|t:|1756697527
|-terastallize|p1b: Volcarona|Grass
|-terastallize|p2a: Garchomp|Fire
|move|p1b: Volcarona|Heat Wave|p2a: Garchomp|[spread] p2a,p2b
|-resisted|p2a: Garchomp
|-resisted|p2b: Hydreigon
|-damage|p2a: Garchomp|55/100
|-damage|p2b: Hydreigon|59/100
|move|p2b: Hydreigon|Tailwind|p2b: Hydreigon
|-sidestart|p2: tulaptor|move: Tailwind
|move|p2a: Garchomp|Scale Shot|p1b: Volcarona|[miss]
|-miss|p2a: Garchomp|p1b: Volcarona
|move|p1a: Incineroar|Parting Shot|p2a: Garchomp
|-unboost|p2a: Garchomp|atk|1
|-unboost|p2a: Garchomp|spa|1
|
|t:|1756697543
|switch|p1a: Gholdengo|Gholdengo, L50|100/100|[from] Parting Shot
|
|upkeep
|turn|5
|inactive|tulaptor has 30 seconds left.
|inactive|tulaptor has 20 seconds left.
|inactive|tulaptor has 15 seconds left.
|inactive|tulaptor has 10 seconds left.
|inactive|tulaptor has 5 seconds left.
|
|t:|1756697596
|switch|p1a: Incineroar|Incineroar, L50, F|92/100
|-ability|p1a: Incineroar|Intimidate|boost
|-unboost|p2a: Garchomp|atk|1
|-unboost|p2b: Hydreigon|atk|1
|move|p2b: Hydreigon|Draco Meteor|p1b: Volcarona|[miss]
|-miss|p2b: Hydreigon|p1b: Volcarona
|move|p2a: Garchomp|Scale Shot|p1b: Volcarona
|-damage|p1b: Volcarona|71/100
|-damage|p1b: Volcarona|61/100
|-damage|p1b: Volcarona|52/100
|-damage|p1b: Volcarona|43/100
|-damage|p1b: Volcarona|35/100
|-hitcount|p1b: Volcarona|5
|-unboost|p2a: Garchomp|def|1
|-boost|p2a: Garchomp|spe|1
|move|p1b: Volcarona|Heat Wave|p2b: Hydreigon|[spread] p2a,p2b
|-resisted|p2a: Garchomp
|-resisted|p2b: Hydreigon
|-damage|p2a: Garchomp|10/100
|-damage|p2b: Hydreigon|12/100
|
|upkeep
|turn|6
|
|t:|1756697613
|switch|p2a: Incineroar|Incineroar, L50, F, shiny|100/100
|-ability|p2a: Incineroar|Intimidate|boost
|-unboost|p1a: Incineroar|atk|1
|-unboost|p1b: Volcarona|atk|1
|switch|p2b: Gholdengo|Gholdengo, L50, shiny|100/100
|move|p1b: Volcarona|Protect|p1b: Volcarona
|-singleturn|p1b: Volcarona|Protect
|move|p1a: Incineroar|Parting Shot|p2a: Incineroar
|-unboost|p2a: Incineroar|atk|1
|-unboost|p2a: Incineroar|spa|1
|
|t:|1756697619
|switch|p1a: Ursaluna|Ursaluna, L50, F|100/100|[from] Parting Shot
|
|-status|p1a: Ursaluna|brn|[from] item: Flame Orb
|upkeep
|turn|7
|inactive|tulaptor has 30 seconds left.
|inactive|TCM Zaukepoo has 30 seconds left.
|
|t:|1756697660
|move|p1b: Volcarona|Heat Wave|p2a: Incineroar|[spread] p2a
|-miss|p1b: Volcarona|p2b: Gholdengo
|-resisted|p2a: Incineroar
|-damage|p2a: Incineroar|57/100
|move|p2a: Incineroar|Flare Blitz|p1b: Volcarona
|-supereffective|p1b: Volcarona
|-damage|p1b: Volcarona|0 fnt
|faint|p1b: Volcarona
|-damage|p2a: Incineroar|48/100|[from] Recoil
|-enditem|p2a: Incineroar|Sitrus Berry|[eat]
|-heal|p2a: Incineroar|73/100|[from] item: Sitrus Berry
|move|p2b: Gholdengo|Make It Rain|p1a: Ursaluna
|-damage|p1a: Ursaluna|26/100 brn
|-unboost|p2b: Gholdengo|spa|1
|move|p1a: Ursaluna|Headlong Rush|p2a: Incineroar
|-supereffective|p2a: Incineroar
|-damage|p2a: Incineroar|0 fnt
|-unboost|p1a: Ursaluna|def|1
|-unboost|p1a: Ursaluna|spd|1
|faint|p2a: Incineroar
|
|-damage|p1a: Ursaluna|20/100 brn|[from] brn
|-sideend|p2: tulaptor|move: Tailwind
|upkeep
|inactive|tulaptor has 30 seconds left.
|
|t:|1756697694
|switch|p1b: Incineroar|Incineroar, L50, F|92/100
|switch|p2a: Hydreigon|Hydreigon, L50, F, shiny|12/100
|-ability|p1b: Incineroar|Intimidate|boost
|-unboost|p2a: Hydreigon|atk|1
|-unboost|p2b: Gholdengo|atk|1
|turn|8
|
|t:|1756697709
|move|p2a: Hydreigon|Protect|p2a: Hydreigon
|-singleturn|p2a: Hydreigon|Protect
|move|p2b: Gholdengo|Protect|p2b: Gholdengo
|-singleturn|p2b: Gholdengo|Protect
|move|p1b: Incineroar|Flare Blitz|p2b: Gholdengo
|-activate|p2b: Gholdengo|move: Protect
|move|p1a: Ursaluna|Facade|p2a: Hydreigon
|-activate|p2a: Hydreigon|move: Protect
|
|-damage|p1a: Ursaluna|14/100 brn|[from] brn
|upkeep
|turn|9
|inactive|tulaptor has 30 seconds left.
|
|t:|1756697738
|move|p2a: Hydreigon|Draco Meteor|p1b: Incineroar|[miss]
|-miss|p2a: Hydreigon|p1b: Incineroar
|move|p2b: Gholdengo|Make It Rain|p1b: Incineroar|[spread] p1a,p1b
|-resisted|p1b: Incineroar
|-damage|p1a: Ursaluna|0 fnt
|-damage|p1b: Incineroar|75/100
|-unboost|p2b: Gholdengo|spa|1
|faint|p1a: Ursaluna
|move|p1b: Incineroar|Knock Off|p2b: Gholdengo
|-supereffective|p2b: Gholdengo
|-damage|p2b: Gholdengo|0 fnt
|-enditem|p2b: Gholdengo|Metal Coat|[from] move: Knock Off|[of] p1b: Incineroar
|faint|p2b: Gholdengo
|
|upkeep
|
|t:|1756697753
|switch|p2b: Garchomp|Garchomp, L50, M, shiny, tera:Fire|10/100
|switch|p1a: Gholdengo|Gholdengo, L50|100/100
|turn|10
|
|t:|1756697776
|move|p2a: Hydreigon|Protect|p2a: Hydreigon
|-singleturn|p2a: Hydreigon|Protect
|move|p2b: Garchomp|Protect|p2b: Garchomp
|-singleturn|p2b: Garchomp|Protect
|move|p1a: Gholdengo|Make It Rain|p2b: Garchomp|[spread] 
|-activate|p2a: Hydreigon|move: Protect
|-activate|p2b: Garchomp|move: Protect
|move|p1b: Incineroar|Knock Off|p2b: Garchomp
|-activate|p2b: Garchomp|move: Protect
|
|upkeep
|turn|11
|inactive|tulaptor has 30 seconds left.
|
|t:|1756697807
|move|p2a: Hydreigon|Draco Meteor|p1b: Incineroar
|-damage|p1b: Incineroar|18/100
|-unboost|p2a: Hydreigon|spa|2
|move|p2b: Garchomp|Earthquake|p1a: Gholdengo|[spread] p1a,p1b
|-immune|p2a: Hydreigon|[from] ability: Levitate
|-supereffective|p1a: Gholdengo
|-supereffective|p1b: Incineroar
|-damage|p1a: Gholdengo|0 fnt
|-damage|p1b: Incineroar|0 fnt
|faint|p1a: Gholdengo
|faint|p1b: Incineroar
|
|win|tulaptor
||TCM Zaukepoo is ready for game 3.
|inactive|tulaptor has 30 seconds to confirm battle start!
|l|☆TCM Zaukepoo
|player|p1|
|inactive|tulaptor has 20 seconds to confirm battle start!
|inactive|tulaptor has 10 seconds to confirm battle start!
||tulaptor is ready for game 3.
|uhtml|next|Next: Game 3 of 3
|l|☆tulaptor
|player|p2|
|j|☆tulaptor
|player|p2|tulaptor|2|
