|j|☆dimitry_vgc
|j|☆csh72c
|html|dimitry_vgccsh72c    
|uhtml|bestof|Game 3 of a best-of-3
|t:|1782269486
|gametype|doubles
|player|p1|dimitry_vgc|pokemonbreederf-gen4|1000
|player|p2|csh72c|cynthia|1041
|gen|9
|tier|[Gen 9 Champions] VGC 2026 Reg M-B (Bo3)
|rated|
|rule|Species Clause: Limit one of each Pokémon
|rule|Item Clause: Limit 1 of each item
|clearpoke
|poke|p1|Pelipper, L50, M|
|poke|p1|Archaludon, L50, M, shiny|
|poke|p1|Sinistcha, L50, shiny|
|poke|p1|Swampert, L50, M|
|poke|p1|Maushold-Four, L50|
|poke|p1|Mawile, L50, F, shiny|
|poke|p2|Raichu, L50, M|
|poke|p2|Whimsicott, L50, M|
|poke|p2|Toxapex, L50, F|
|poke|p2|Gallade, L50, M|
|poke|p2|Maushold-Four, L50|
|poke|p2|Floette-Eternal, L50, F|
|teampreview|4
|showteam|p1|Pelipper||SitrusBerry|Drizzle|WeatherBall,Hurricane,Tailwind,WideGuard|Modest||M|||50|]Archaludon||Leftovers|Stamina|ElectroShot,DragonPulse,FlashCannon,Protect|Modest||M|||50|]Sinistcha||CobaBerry|Hospitality|MatchaGotcha,RagePowder,Protect,TrickRoom|Bold|||||50|]Swampert||Swampertite|Torrent|WaveCrash,Earthquake,IcePunch,Protect|Jolly||M|||50|]Maushold-Four||ChopleBerry|FriendGuard|FollowMe,SuperFang,Protect,RainDance|Jolly|||||50|]Mawile||Mawilite|HyperCutter|PlayRough,IronHead,SuckerPunch,Protect|Adamant||F|||50|
|showteam|p2|Raichu||RaichuniteY|LightningRod|FakeOut,ZapCannon,FocusBlast,Protect|Mild||M|||50|]Whimsicott||FocusSash|Prankster|Tailwind,Encore,Endeavor,Moonblast|Timid||M|||50|]Toxapex||Leftovers|Regenerator|BanefulBunker,Haze,Infestation,Toxic|Bold||F|||50|]Gallade||LifeOrb|Sharpness|AirSlash,Protect,PsychoCut,SacredSword|Serious||M|||50|]Maushold-Four||WideLens|Technician|FollowMe,Protect,PopulationBomb,BulletSeed|Adamant|||||50|]Floette-Eternal||Floettite|FlowerVeil|Protect,CalmMind,DrainingKiss,DazzlingGleam|Modest||F|||50|
|inactive|Battle timer is ON: inactive players will automatically lose when time's up. (requested by csh72c)
|
|t:|1782269508
|teamsize|p1|4
|teamsize|p2|4
|start
|switch|p1a: Pelipper|Pelipper, L50, M|100/100
|switch|p1b: Swampert|Swampert, L50, M|100/100
|switch|p2a: Whimsicott|Whimsicott, L50, M|100/100
|switch|p2b: Toxapex|Toxapex, L50, F|100/100
|-weather|RainDance|[from] ability: Drizzle|[of] p1a: Pelipper
|turn|1
|
|t:|1782269532
|detailschange|p1b: Swampert|Swampert-Mega, L50, M
|-mega|p1b: Swampert|Swampert|Swampertite
|move|p2a: Whimsicott|Tailwind|p2a: Whimsicott
|-sidestart|p2: csh72c|move: Tailwind
|move|p1b: Swampert|Ice Punch|p2a: Whimsicott
|-supereffective|p2a: Whimsicott|1
|-damage|p2a: Whimsicott|8/100
|move|p2b: Toxapex|Infestation|p1b: Swampert
|-damage|p1b: Swampert|97/100
|-activate|p1b: Swampert|move: Infestation|[of] p2b: Toxapex
|move|p1a: Pelipper|Hurricane|p2b: Toxapex
|-damage|p2b: Toxapex|64/100
|
|-weather|RainDance|[upkeep]
|-heal|p2b: Toxapex|70/100|[from] item: Leftovers
|-damage|p1b: Swampert|85/100|[from] move: Infestation|[partiallytrapped]
|upkeep
|turn|2
|inactive|dimitry_vgc has 30 seconds left.
|
|t:|1782269559
|switch|p1a: Sinistcha|Sinistcha, L50, shiny|100/100
|-heal|p1b: Swampert|100/100|[from] ability: Hospitality|[of] p1a: Sinistcha
|move|p2a: Whimsicott|Endeavor|p1b: Swampert
|-damage|p1b: Swampert|5/100
|move|p1b: Swampert|Ice Punch|p2a: Whimsicott
|-supereffective|p2a: Whimsicott|1
|-damage|p2a: Whimsicott|0 fnt
|faint|p2a: Whimsicott
|move|p2b: Toxapex|Toxic|p1a: Sinistcha
|-status|p1a: Sinistcha|tox
|
|-weather|RainDance|[upkeep]
|-heal|p2b: Toxapex|75/100|[from] item: Leftovers
|-damage|p1a: Sinistcha|93/100 tox|[from] psn
|-damage|p1b: Swampert|0 fnt|[from] move: Infestation|[partiallytrapped]
|faint|p1b: Swampert
|upkeep
|
|t:|1782269579
|switch|p2a: Raichu|Raichu, L50, M|100/100
|switch|p1b: Archaludon|Archaludon, L50, M, shiny|100/100
|turn|3
|
|t:|1782269593
|detailschange|p2a: Raichu|Raichu-Mega-Y, L50, M
|-mega|p2a: Raichu|Raichu|Raichunite Y
|move|p1b: Archaludon|Protect|p1b: Archaludon
|-singleturn|p1b: Archaludon|Protect
|move|p2a: Raichu|Focus Blast|p1b: Archaludon
|-activate|p1b: Archaludon|move: Protect
|move|p2b: Toxapex|Infestation|p1a: Sinistcha
|-damage|p1a: Sinistcha|91/100 tox
|-activate|p1a: Sinistcha|move: Infestation|[of] p2b: Toxapex
|move|p1a: Sinistcha|Matcha Gotcha|p2b: Toxapex|[spread] p2a,p2b
|-damage|p2a: Raichu|64/100
|-heal|p1a: Sinistcha|100/100 tox|[from] drain|[of] p2a: Raichu
|-damage|p2b: Toxapex|55/100
|
|-weather|RainDance|[upkeep]
|-heal|p2b: Toxapex|61/100|[from] item: Leftovers
|-damage|p1a: Sinistcha|87/100 tox|[from] psn
|-damage|p1a: Sinistcha|75/100 tox|[from] move: Infestation|[partiallytrapped]
|upkeep
|turn|4
|
|t:|1782269614
|move|p1a: Sinistcha|Rage Powder|p1a: Sinistcha
|-singleturn|p1a: Sinistcha|move: Rage Powder
|move|p2a: Raichu|Focus Blast|p1a: Sinistcha
|-immune|p1a: Sinistcha
|move|p1b: Archaludon|Electro Shot||[still]
|-prepare|p1b: Archaludon|Electro Shot
|-boost|p1b: Archaludon|spa|1
|-anim|p1b: Archaludon|Electro Shot|p2b: Toxapex
|-supereffective|p2b: Toxapex|1
|-damage|p2b: Toxapex|0 fnt
|faint|p2b: Toxapex
|
|-weather|RainDance|[upkeep]
|-damage|p1a: Sinistcha|56/100 tox|[from] psn
|-end|p1a: Sinistcha|Infestation|[partiallytrapped]|[silent]
|-sideend|p2: csh72c|move: Tailwind
|upkeep
|
|t:|1782269619
|switch|p2b: Gallade|Gallade, L50, M|100/100
|turn|5
|
|t:|1782269637
|move|p2a: Raichu|Protect|p2a: Raichu
|-singleturn|p2a: Raichu|Protect
|move|p1a: Sinistcha|Rage Powder|p1a: Sinistcha
|-singleturn|p1a: Sinistcha|move: Rage Powder
|move|p2b: Gallade|Air Slash|p1a: Sinistcha
|-supereffective|p1a: Sinistcha|1
|-enditem|p1a: Sinistcha|Coba Berry|[eat]
|-enditem|p1a: Sinistcha|Coba Berry|[weaken]
|-damage|p1a: Sinistcha|33/100 tox
|-damage|p2b: Gallade|90/100|[from] item: Life Orb
|move|p1b: Archaludon|Electro Shot||[still]
|-prepare|p1b: Archaludon|Electro Shot
|-boost|p1b: Archaludon|spa|1
|-anim|p1b: Archaludon|Electro Shot|p2b: Gallade
|-damage|p2b: Gallade|0 fnt
|faint|p2b: Gallade
|
|-weather|none
|-damage|p1a: Sinistcha|8/100 tox|[from] psn
|upkeep
|turn|6
|
|t:|1782269661
|move|p2a: Raichu|Protect|p2a: Raichu
|-singleturn|p2a: Raichu|Protect
|move|p1a: Sinistcha|Rage Powder|p1a: Sinistcha
|-singleturn|p1a: Sinistcha|move: Rage Powder
|move|p1b: Archaludon|Dragon Pulse|p2a: Raichu
|-activate|p2a: Raichu|move: Protect
|
|-damage|p1a: Sinistcha|0 fnt|[from] psn
|faint|p1a: Sinistcha
|upkeep
|
|t:|1782269663
|switch|p1a: Pelipper|Pelipper, L50, M|100/100
|-weather|RainDance|[from] ability: Drizzle|[of] p1a: Pelipper
|turn|7
|
|t:|1782269674
|move|p2a: Raichu|Focus Blast|p1b: Archaludon
|-supereffective|p1b: Archaludon|1
|-damage|p1b: Archaludon|0 fnt
|faint|p1b: Archaludon
|move|p1a: Pelipper|Tailwind|p1a: Pelipper
|-sidestart|p1: dimitry_vgc|move: Tailwind
|
|-weather|RainDance|[upkeep]
|upkeep
|turn|8
|
|t:|1782269684
|move|p1a: Pelipper|Weather Ball|p2a: Raichu
|-damage|p2a: Raichu|0 fnt
|faint|p2a: Raichu
|
|win|dimitry_vgc
|raw|dimitry_vgc's rating: 1000 → 1045(+45 for winning)
|raw|csh72c's rating: 1041 → 1023(-18 for losing)
|c|☆csh72c|Ggs
|l|☆csh72c
|player|p2|
