|j|☆dreamsWGH
|j|☆lukashz
|html|dreamsWGHlukashz    
|uhtml|bestof|Game 1 of a best-of-3
|t:|1782961782
|gametype|doubles
|player|p1|dreamsWGH|lenora|1132
|player|p2|lukashz|elesa|1260
|gen|9
|tier|[Gen 9 Champions] VGC 2026 Reg M-B (Bo3)
|rated|
|rule|Species Clause: Limit one of each Pokémon
|rule|Item Clause: Limit 1 of each item
|clearpoke
|poke|p1|Farigiraf, L50, M|
|poke|p1|Mawile, L50, F|
|poke|p1|Incineroar, L50, M|
|poke|p1|Charizard, L50, F|
|poke|p1|Aerodactyl, L50, F|
|poke|p1|Garchomp, L50, M|
|poke|p2|Chandelure, L50, M|
|poke|p2|Kangaskhan, L50, F|
|poke|p2|Basculegion, L50, M|
|poke|p2|Sylveon, L50, F|
|poke|p2|Kingambit, L50, F|
|poke|p2|Sneasler, L50, F|
|teampreview|4
|showteam|p1|Farigiraf||SitrusBerry|ArmorTail|PsychicNoise,Thunderbolt,HelpingHand,TrickRoom|Relaxed||M|||50|]Mawile||Mawilite|HyperCutter|SuckerPunch,PlayRough,SwordsDance,Protect|Brave||F|||50|]Incineroar||WhiteHerb|Intimidate|FlareBlitz,FakeOut,DarkestLariat,CloseCombat|Adamant||M|||50|]Charizard||CharizarditeY|Blaze|HeatWave,WeatherBall,SolarBeam,Protect|Modest||F|||50|]Aerodactyl||FocusSash|Unnerve|DualWingbeat,RockSlide,WideGuard,Tailwind|Jolly||F|||50|]Garchomp||LifeOrb|RoughSkin|Earthquake,RockSlide,DragonClaw,Protect|Jolly||M|||50|
|showteam|p2|Chandelure||FocusSash|FlashFire|HeatWave,ShadowBall,TrickRoom,Taunt|Quiet||M|||50|]Kangaskhan||Kangaskhanite|InnerFocus|FakeOut,IcyWind,DoubleEdge,SuckerPunch|Brave||F|||50|]Basculegion||MysticWater|Adaptability|WaveCrash,LastRespects,AquaJet,Protect|Brave||M|||50|]Sylveon||FairyFeather|Pixilate|HyperVoice,Protect,HyperBeam,QuickAttack|Quiet||F|||50|]Kingambit||BlackGlasses|Defiant|KowtowCleave,SuckerPunch,IronHead,LowKick|Brave||F|||50|]Sneasler||MentalHerb|Unburden|FakeOut,Coaching,CloseCombat,DireClaw|Jolly||F|||50|
|inactive|Battle timer is ON: inactive players will automatically lose when time's up. (requested by lukashz)
|
|t:|1782961839
|teamsize|p1|4
|teamsize|p2|4
|start
|switch|p1a: Aerodactyl|Aerodactyl, L50, F|100/100
|switch|p1b: Garchomp|Garchomp, L50, M|100/100
|switch|p2a: Kangaskhan|Kangaskhan, L50, F|100/100
|switch|p2b: Sneasler|Sneasler, L50, F|100/100
|-ability|p1a: Aerodactyl|Unnerve
|turn|1
|inactive|lukashz has 30 seconds left.
|inactive|lukashz has 20 seconds left.
|inactive|lukashz has 15 seconds left.
|inactive|lukashz has 10 seconds left.
|inactive|lukashz has 5 seconds left.
|c|☆dreamsWGH|why mental herb?
|
|t:|1782961893
|move|p1b: Garchomp|Protect|p1b: Garchomp
|-singleturn|p1b: Garchomp|Protect
|move|p2b: Sneasler|Fake Out|p1a: Aerodactyl
|-resisted|p1a: Aerodactyl|1
|-damage|p1a: Aerodactyl|91/100
|cant|p1a: Aerodactyl|flinch
|move|p2a: Kangaskhan|Icy Wind|p1b: Garchomp|[spread] p1a
|-activate|p1b: Garchomp|move: Protect
|-supereffective|p1a: Aerodactyl|1
|-damage|p1a: Aerodactyl|77/100
|-unboost|p1a: Aerodactyl|spe|1
|
|upkeep
|turn|2
|inactive|dreamsWGH has 30 seconds left.
|inactive|dreamsWGH has 20 seconds left.
|inactive|lukashz has 30 seconds left.
|inactive|dreamsWGH has 15 seconds left.
|inactive|dreamsWGH has 10 seconds left.
|
|t:|1782961942
|detailschange|p2a: Kangaskhan|Kangaskhan-Mega, L50, F
|-mega|p2a: Kangaskhan|Kangaskhan|Kangaskhanite
|move|p2b: Sneasler|Coaching|p2a: Kangaskhan
|-boost|p2a: Kangaskhan|atk|1
|-boost|p2a: Kangaskhan|def|1
|move|p1b: Garchomp|Earthquake|p2b: Sneasler|[spread] p2a,p2b
|-immune|p1a: Aerodactyl
|-supereffective|p2b: Sneasler|1
|-damage|p2a: Kangaskhan|72/100
|-damage|p2b: Sneasler|0 fnt
|faint|p2b: Sneasler
|-damage|p1b: Garchomp|90/100|[from] item: Life Orb
|move|p1a: Aerodactyl|Dual Wingbeat|p2a: Kangaskhan|[miss]
|-miss|p1a: Aerodactyl|p2a: Kangaskhan
|move|p2a: Kangaskhan|Icy Wind|p1a: Aerodactyl|[spread] p1a,p1b
|-supereffective|p1a: Aerodactyl|1
|-supereffective|p1b: Garchomp|2
|-damage|p1a: Aerodactyl|57/100
|-damage|p1b: Garchomp|63/100
|-unboost|p1a: Aerodactyl|spe|1
|-unboost|p1b: Garchomp|spe|1
|
|upkeep
|inactive|lukashz has 30 seconds left.
|inactive|lukashz has 20 seconds left.
|inactive|lukashz has 15 seconds left.
|inactive|lukashz has 10 seconds left.
|
|t:|1782961988
|switch|p2b: Kingambit|Kingambit, L50, F|100/100
|turn|3
|
|t:|1782962003
|move|p1b: Garchomp|Earthquake|p2a: Kangaskhan|[spread] p2a,p2b
|-immune|p1a: Aerodactyl
|-supereffective|p2b: Kingambit|1
|-damage|p2a: Kangaskhan|48/100
|-damage|p2b: Kingambit|27/100
|-damage|p1b: Garchomp|53/100|[from] item: Life Orb
|move|p2a: Kangaskhan|Double-Edge|p1b: Garchomp
|-damage|p1b: Garchomp|0 fnt
|-damage|p2a: Kangaskhan|35/100|[from] ability: Rough Skin|[of] p1b: Garchomp
|faint|p1b: Garchomp
|-damage|p2a: Kangaskhan|19/100|[from] Recoil
|move|p1a: Aerodactyl|Tailwind|p1a: Aerodactyl
|-sidestart|p1: dreamsWGH|move: Tailwind
|move|p2b: Kingambit|Iron Head|p1a: Aerodactyl
|-supereffective|p1a: Aerodactyl|1
|-damage|p1a: Aerodactyl|0 fnt
|faint|p1a: Aerodactyl
|
|upkeep
|
|t:|1782962019
|switch|p1a: Incineroar|Incineroar, L50, M|100/100
|switch|p1b: Mawile|Mawile, L50, F|100/100
|-ability|p1a: Incineroar|Intimidate|boost
|-unboost|p2a: Kangaskhan|atk|1
|-unboost|p2b: Kingambit|atk|1
|-ability|p2b: Kingambit|Defiant|boost
|-boost|p2b: Kingambit|atk|2
|turn|4
|inactive|lukashz has 30 seconds left.
|
|t:|1782962051
|switch|p2b: Chandelure|Chandelure, L50, M|100/100
|detailschange|p1b: Mawile|Mawile-Mega, L50, F
|-mega|p1b: Mawile|Mawile|Mawilite
|move|p1a: Incineroar|Flare Blitz|p2b: Chandelure
|-start|p2b: Chandelure|ability: Flash Fire
|move|p1b: Mawile|Swords Dance|p1b: Mawile
|-boost|p1b: Mawile|atk|2
|move|p2a: Kangaskhan|Double-Edge|p1a: Incineroar
|-damage|p1a: Incineroar|35/100
|-damage|p1a: Incineroar|20/100y
|-hitcount|p1a: Incineroar|2
|-damage|p2a: Kangaskhan|0 fnt|[from] Recoil
|faint|p2a: Kangaskhan
|
|upkeep
|
|t:|1782962064
|switch|p2a: Kingambit|Kingambit, L50, F|27/100
|turn|5
|inactive|lukashz has 30 seconds left.
|
|t:|1782962092
|move|p1a: Incineroar|Darkest Lariat|p2b: Chandelure
|-supereffective|p2b: Chandelure|1
|-enditem|p2b: Chandelure|Focus Sash
|-damage|p2b: Chandelure|1/100
|move|p1b: Mawile|Play Rough|p2a: Kingambit
|-damage|p2a: Kingambit|0 fnt
|faint|p2a: Kingambit
|move|p2b: Chandelure|Heat Wave|p1a: Incineroar|[spread] p1a,p1b
|-resisted|p1a: Incineroar|1
|-supereffective|p1b: Mawile|1
|-damage|p1a: Incineroar|0 fnt
|-damage|p1b: Mawile|0 fnt
|faint|p1a: Incineroar
|faint|p1b: Mawile
|
|win|lukashz
|inactive|dreamsWGH has 30 seconds to confirm battle start!
|inactive|lukashz has 30 seconds to confirm battle start!
||lukashz is ready for game 2.
|inactive|dreamsWGH has 20 seconds to confirm battle start!
||dreamsWGH is ready for game 2.
|uhtml|next|Next: Game 2 of 3
