|j|☆Jimboslice149
|j|☆NEZK025
|html|Jimboslice149NEZK025    
|uhtml|bestof|Game 3 of a best-of-3
|t:|1783694982
|gametype|doubles
|player|p1|Jimboslice149|2|1200
|player|p2|NEZK025|nate|1224
|gen|9
|tier|[Gen 9 Champions] VGC 2026 Reg M-B (Bo3)
|rated|
|rule|Species Clause: Limit one of each Pokémon
|rule|Item Clause: Limit 1 of each item
|clearpoke
|poke|p1|Sneasler, L50, F|
|poke|p1|Delphox, L50, M|
|poke|p1|Meowstic, L50, M|
|poke|p1|Klefki, L50, F|
|poke|p1|Sableye, L50, M|
|poke|p1|Overqwil, L50, M|
|poke|p2|Excadrill, L50, M|
|poke|p2|Tyranitar, L50, M|
|poke|p2|Corviknight, L50, M|
|poke|p2|Hydreigon, L50, M|
|poke|p2|Rotom-Wash, L50|
|poke|p2|Mimikyu, L50, M|
|teampreview|4
|showteam|p1|Sneasler||FocusSash|Unburden|FakeOut,PoisonJab,CloseCombat,QuickGuard|Adamant||F|||50|]Delphox||Delphoxite|Blaze|StoredPower,HeatWave,Substitute,PsychUp|Timid||M|||50|]Meowstic||BrightPowder|Prankster|Yawn,FakeOut,SkillSwap,SunnyDay|Careful||M|||50|]Klefki||SitrusBerry|Prankster|PsychUp,CalmMind,Substitute,DrainingKiss|Bold||F|||50|]Sableye||Sablenite|Prankster|FoulPlay,WillOWisp,PsychUp,PainSplit|Calm||M|||50|]Overqwil||Leftovers|Intimidate|BarbBarrage,Protect,Minimize,Stockpile|Careful||M|||50|
|showteam|p2|Excadrill||FocusSash|SandRush|Protect,Earthquake,IronHead,RockTomb|Adamant||M|||50|]Tyranitar||Tyranitarite|SandStream|Protect,RockSlide,KnockOff,LowKick|Adamant||M|||50|]Corviknight||Leftovers|MirrorArmor|Roost,BraveBird,Tailwind,BulkUp|Careful||M|||50|]Hydreigon||ChoiceScarf|Levitate|DragonPulse,DarkPulse,Snarl,EarthPower|Modest||M|||50|]Rotom-Wash||SitrusBerry|Levitate|Protect,Thunderbolt,HydroPump,Reflect|Modest|||||50|]Mimikyu||FairyFeather|Disguise|Protect,PlayRough,ShadowClaw,ShadowSneak|Adamant||M|||50|
|inactive|Battle timer is ON: inactive players will automatically lose when time's up. (requested by Jimboslice149)
|
|t:|1783695006
|teamsize|p1|4
|teamsize|p2|4
|start
|switch|p1a: Overqwil|Overqwil, L50, M|100/100
|switch|p1b: Meowstic|Meowstic, L50, M|100/100
|switch|p2a: Excadrill|Excadrill, L50, M|100/100
|switch|p2b: Tyranitar|Tyranitar, L50, M|100/100
|-ability|p1a: Overqwil|Intimidate|boost
|-unboost|p2a: Excadrill|atk|1
|-unboost|p2b: Tyranitar|atk|1
|-weather|Sandstorm|[from] ability: Sand Stream|[of] p2b: Tyranitar
|turn|1
|
|t:|1783695022
|switch|p2a: Corviknight|Corviknight, L50, M|100/100
|move|p1b: Meowstic|Fake Out|p2a: Corviknight
|-resisted|p2a: Corviknight|1
|-damage|p2a: Corviknight|98/100
|move|p1a: Overqwil|Minimize|p1a: Overqwil
|-boost|p1a: Overqwil|evasion|2
|move|p2b: Tyranitar|Knock Off|p1a: Overqwil
|-resisted|p1a: Overqwil|1
|-damage|p1a: Overqwil|82/100
|-enditem|p1a: Overqwil|Leftovers|[from] move: Knock Off|[of] p2b: Tyranitar
|
|-weather|Sandstorm|[upkeep]
|-damage|p1b: Meowstic|93/100|[from] Sandstorm
|-damage|p1a: Overqwil|76/100|[from] Sandstorm
|-heal|p2a: Corviknight|100/100|[from] item: Leftovers
|upkeep
|turn|2
|
|t:|1783695038
|switch|p2b: Hydreigon|Hydreigon, L50, M|100/100
|move|p1b: Meowstic|Skill Swap|p1a: Overqwil
|-activate|p1b: Meowstic|Skill Swap|||[of] p1a: Overqwil
|-ability|p1b: Meowstic|Intimidate|boost
|-ability|p2a: Corviknight|Mirror Armor
|-unboost|p1b: Meowstic|atk|1
|-unboost|p2b: Hydreigon|atk|1
|move|p1a: Overqwil|Minimize|p1a: Overqwil
|-boost|p1a: Overqwil|evasion|2
|move|p2a: Corviknight|Brave Bird|p1b: Meowstic
|-damage|p1b: Meowstic|47/100
|-damage|p2a: Corviknight|86/100|[from] Recoil
|
|-weather|Sandstorm|[upkeep]
|-damage|p2b: Hydreigon|94/100|[from] Sandstorm
|-damage|p1b: Meowstic|41/100|[from] Sandstorm
|-damage|p1a: Overqwil|69/100|[from] Sandstorm
|-heal|p2a: Corviknight|92/100|[from] item: Leftovers
|upkeep
|turn|3
|
|t:|1783695059
|switch|p2b: Excadrill|Excadrill, L50, M|100/100
|move|p1a: Overqwil|Minimize|p1a: Overqwil
|-boost|p1a: Overqwil|evasion|2
|move|p1b: Meowstic|Sunny Day|p1b: Meowstic
|-weather|SunnyDay
|move|p2a: Corviknight|Bulk Up|p2a: Corviknight
|-boost|p2a: Corviknight|atk|1
|-boost|p2a: Corviknight|def|1
|
|-weather|SunnyDay|[upkeep]
|-heal|p2a: Corviknight|98/100|[from] item: Leftovers
|upkeep
|turn|4
|
|t:|1783695074
|switch|p2b: Tyranitar|Tyranitar, L50, M|100/100
|-weather|Sandstorm|[from] ability: Sand Stream|[of] p2b: Tyranitar
|move|p1a: Overqwil|Stockpile|p1a: Overqwil
|-start|p1a: Overqwil|stockpile1
|-boost|p1a: Overqwil|def|1
|-boost|p1a: Overqwil|spd|1
|move|p1b: Meowstic|Yawn|p2a: Corviknight
|-start|p2a: Corviknight|move: Yawn|[of] p1b: Meowstic
|move|p2a: Corviknight|Brave Bird|p1a: Overqwil
|-damage|p1a: Overqwil|32/100
|-damage|p2a: Corviknight|86/100|[from] Recoil
|
|-weather|Sandstorm|[upkeep]
|-damage|p1b: Meowstic|35/100|[from] Sandstorm
|-damage|p1a: Overqwil|26/100|[from] Sandstorm
|-heal|p2a: Corviknight|92/100|[from] item: Leftovers
|upkeep
|turn|5
|
|t:|1783695096
|switch|p1b: Klefki|Klefki, L50, F|100/100
|switch|p2a: Excadrill|Excadrill, L50, M|100/100
|move|p1a: Overqwil|Stockpile|p1a: Overqwil
|-start|p1a: Overqwil|stockpile2
|-boost|p1a: Overqwil|def|1
|-boost|p1a: Overqwil|spd|1
|move|p2b: Tyranitar|Rock Slide|p1a: Overqwil|[spread] p1a,p1b
|-crit|p1a: Overqwil
|-resisted|p1b: Klefki|1
|-damage|p1a: Overqwil|0 fnt
|-damage|p1b: Klefki|88/100
|faint|p1a: Overqwil
|
|-weather|Sandstorm|[upkeep]
|upkeep
|c|☆Jimboslice149|lucky
|-message|Jimboslice149 forfeited.
|
|win|NEZK025
|raw|Jimboslice149's rating: 1200 → 1177(-23 for losing)
|raw|NEZK025's rating: 1224 → 1247(+23 for winning)
|l|☆Jimboslice149
|player|p1|
