|j|☆Bananadiabla
|j|☆tavinn_n
|html|Bananadiablatavinn_n    
|uhtml|bestof|Game 2 of a best-of-3
|t:|1786194644
|gametype|doubles
|player|p1|Bananadiabla|170|1292
|player|p2|tavinn_n|ghetsis|1359
|gen|9
|tier|[Gen 9 Champions] VGC 2026 Reg M-B (Bo3)
|rated|
|rule|Species Clause: Limit one of each Pokémon
|rule|Item Clause: Limit 1 of each item
|clearpoke
|poke|p1|Talonflame, L50, M|
|poke|p1|Annihilape, L50, F|
|poke|p1|Kingambit, L50, M|
|poke|p1|Basculegion, L50, M|
|poke|p1|Maushold, L50|
|poke|p1|Gardevoir, L50, M|
|poke|p2|Staraptor, L50, F|
|poke|p2|Delphox, L50, F|
|poke|p2|Whimsicott, L50, M|
|poke|p2|Glimmora, L50, M|
|poke|p2|Garchomp, L50, M|
|poke|p2|Kingambit, L50, M|
|teampreview|4
|showteam|p1|Talonflame||SharpBeak|GaleWings|DualWingbeat,FlareBlitz,Tailwind,Protect|Jolly||M|||50|]Annihilape||LifeOrb|InnerFocus|RageFist,DrainPunch,BulkUp,Protect|Jolly||F|||50|]Kingambit||BlackGlasses|Defiant|KowtowCleave,SuckerPunch,Protect,SwordsDance|Adamant||M|||50|]Basculegion||ChoiceScarf|Adaptability|WaveCrash,FlipTurn,AquaJet,LastRespects|Jolly||M|||50|]Maushold||FocusSash|FriendGuard|FollowMe,SuperFang,Feint,Protect|Jolly|||||50|]Gardevoir||Gardevoirite|Trace|HyperVoice,Psyshock,TrickRoom,Protect|Modest||M|||50|
|showteam|p2|Staraptor||Staraptite|Intimidate|Protect,Roost,BraveBird,CloseCombat|Jolly||F|||50|]Delphox||Delphoxite|Blaze|Protect,Encore,HeatWave,Psychic|Timid||F|||50|]Whimsicott||OccaBerry|Prankster|Tailwind,Charm,Moonblast,LightScreen|Bold||M|||50|]Glimmora||FocusSash|ToxicDebris|SpikyShield,PowerGem,EarthPower,SludgeBomb|Timid||M|||50|]Garchomp||ChoiceScarf|RoughSkin|RockSlide,Earthquake,StompingTantrum,DragonClaw|Jolly||M|||50|]Kingambit||ChopleBerry|Defiant|IronHead,LowKick,SuckerPunch,KowtowCleave|Adamant||M|||50|
|inactive|Battle timer is ON: inactive players will automatically lose when time's up. (requested by tavinn_n)
|inactive|Bananadiabla has 60 seconds left.
|
|t:|1786194688
|teamsize|p1|4
|teamsize|p2|4
|start
|switch|p1a: Gardevoir|Gardevoir, L50, M|100/100
|switch|p1b: Maushold|Maushold, L50|100/100
|switch|p2a: Glimmora|Glimmora, L50, M|100/100
|switch|p2b: Whimsicott|Whimsicott, L50, M|100/100
|-ability|p1a: Gardevoir|Toxic Debris|Trace|[from] ability: Trace|[of] p2a: Glimmora
|turn|1
|
|t:|1786194713
|detailschange|p1a: Gardevoir|Gardevoir-Mega, L50, M
|-mega|p1a: Gardevoir|Gardevoir|Gardevoirite
|move|p1b: Maushold|Follow Me|p1b: Maushold
|-singleturn|p1b: Maushold|move: Follow Me
|move|p2b: Whimsicott|Light Screen|p2b: Whimsicott
|-sidestart|p2: tavinn_n|move: Light Screen
|move|p2a: Glimmora|Sludge Bomb|p1b: Maushold
|-damage|p1b: Maushold|36/100
|move|p1a: Gardevoir|Trick Room|p1a: Gardevoir
|-fieldstart|move: Trick Room|[of] p1a: Gardevoir
|
|upkeep
|turn|2
|
|t:|1786194729
|move|p2a: Glimmora|Spiky Shield|p2a: Glimmora
|-singleturn|p2a: Glimmora|move: Protect
|move|p1b: Maushold|Feint|p2a: Glimmora
|-activate|p2a: Glimmora|move: Feint
|-resisted|p2a: Glimmora|1
|-damage|p2a: Glimmora|94/100
|-activate|p2a: Glimmora|ability: Toxic Debris
|-sidestart|p1: Bananadiabla|move: Toxic Spikes
|move|p1a: Gardevoir|Psyshock|p2a: Glimmora
|-supereffective|p2a: Glimmora|1
|-damage|p2a: Glimmora|3/100
|move|p2b: Whimsicott|Moonblast|p1b: Maushold
|-damage|p1b: Maushold|2/100
|-unboost|p1b: Maushold|spa|1
|
|upkeep
|turn|3
|inactive|Bananadiabla has 30 seconds left.
|
|t:|1786194758
|switch|p1b: Kingambit|Kingambit, L50, M|100/100
|move|p1a: Gardevoir|Hyper Voice|p2b: Whimsicott|[spread] p2a,p2b
|-resisted|p2a: Glimmora|1
|-crit|p2b: Whimsicott
|-damage|p2a: Glimmora|0 fnt
|-damage|p2b: Whimsicott|0 fnt
|faint|p2a: Glimmora
|faint|p2b: Whimsicott
|
|upkeep
|
|t:|1786194770
|switch|p2b: Kingambit|Kingambit, L50, M|100/100
|switch|p2a: Staraptor|Staraptor, L50, F|100/100
|-ability|p2a: Staraptor|Intimidate|boost
|-unboost|p1a: Gardevoir|atk|1
|-unboost|p1b: Kingambit|atk|1
|-ability|p1b: Kingambit|Defiant|boost
|-boost|p1b: Kingambit|atk|2
|turn|4
|inactive|Bananadiabla has 30 seconds left.
|
|t:|1786194803
|move|p2a: Staraptor|Protect|p2a: Staraptor
|-singleturn|p2a: Staraptor|Protect
|move|p2b: Kingambit|Low Kick|p1b: Kingambit
|-supereffective|p1b: Kingambit|2
|-damage|p1b: Kingambit|0 fnt
|faint|p1b: Kingambit
|move|p1a: Gardevoir|Hyper Voice|p2b: Kingambit|[spread] p2b
|-activate|p2a: Staraptor|move: Protect
|-damage|p2b: Kingambit|65/100
|
|upkeep
|
|t:|1786194813
|switch|p1b: Maushold|Maushold, L50|2/100
|-status|p1b: Maushold|psn
|turn|5
|
|t:|1786194827
|move|p2a: Staraptor|Protect||[still]
|-fail|p2a: Staraptor
|move|p1b: Maushold|Follow Me|p1b: Maushold
|-singleturn|p1b: Maushold|move: Follow Me
|move|p2b: Kingambit|Iron Head|p1b: Maushold
|-damage|p1b: Maushold|0 fnt
|faint|p1b: Maushold
|move|p1a: Gardevoir|Hyper Voice|p2a: Staraptor|[spread] p2a,p2b
|-damage|p2a: Staraptor|53/100
|-damage|p2b: Kingambit|32/100
|
|-sideend|p2: tavinn_n|move: Light Screen
|-fieldend|move: Trick Room
|upkeep
|
|t:|1786194833
|switch|p1b: Basculegion|Basculegion, L50, M|100/100
|-status|p1b: Basculegion|psn
|turn|6
|
|t:|1786194849
|detailschange|p2a: Staraptor|Staraptor-Mega, L50, F
|-mega|p2a: Staraptor|Staraptor|Staraptite
|move|p2b: Kingambit|Sucker Punch|p1b: Basculegion
|-supereffective|p1b: Basculegion|1
|-damage|p1b: Basculegion|9/100 psn
|move|p1b: Basculegion|Last Respects|p2a: Staraptor
|-damage|p2a: Staraptor|0 fnt
|faint|p2a: Staraptor
|move|p1a: Gardevoir|Hyper Voice|p2b: Kingambit
|-damage|p2b: Kingambit|0 fnt
|faint|p2b: Kingambit
|
|win|Bananadiabla
|raw|Bananadiabla's rating: 1292 → 1322(+30 for winning)
|raw|tavinn_n's rating: 1359 → 1335(-24 for losing)
