|j|☆mikodex
|j|☆WASHINGTONGARGACHA
|html|mikodexWASHINGTONGARGACHA    
|uhtml|bestof|Game 2 of a best-of-3
|t:|1756604443
|gametype|doubles
|player|p1|mikodex|2|1060
|player|p2|WASHINGTONGARGACHA|170|1147
|gen|9
|tier|[Gen 9] VGC 2025 Reg H (Bo3)
|rated|
|rule|Species Clause: Limit one of each Pokémon
|rule|Item Clause: Limit 1 of each item
|clearpoke
|poke|p1|Ninetales-Alola, L50, F|
|poke|p1|Sneasler, L50, M|
|poke|p1|Kingambit, L50, M|
|poke|p1|Amoonguss, L50, M|
|poke|p1|Garchomp, L50, F|
|poke|p1|Incineroar, L50, F|
|poke|p2|Gholdengo, L50|
|poke|p2|Ursaluna, L50, F|
|poke|p2|Archaludon, L50, M|
|poke|p2|Murkrow, L50, M|
|poke|p2|Farigiraf, L50, M|
|poke|p2|Palafin, L50, F|
|teampreview|4
|showteam|p1|Ninetales-Alola||LightClay|SnowWarning|Blizzard,Moonblast,AuroraVeil,Protect|||F|||50|,,,,,Ghost]Sneasler||FocusSash|PoisonTouch|DireClaw,CloseCombat,Coaching,FakeOut|||M|||50|,,,,,Flying]Kingambit||BlackGlasses|Defiant|KowtowCleave,Protect,SuckerPunch,TeraBlast|||M|||50|,,,,,Flying]Amoonguss||CovertCloak|Regenerator|PollenPuff,Protect,RagePowder,Spore|||M|||50|,,,,,Dark]Garchomp||LifeOrb|RoughSkin|StompingTantrum,Earthquake,DragonClaw,Protect|||F|||50|,,,,,Steel]Incineroar||AssaultVest|Intimidate|KnockOff,FakeOut,FlareBlitz,Uturn|||F|||50|,,,,,Bug
|showteam|p2|Gholdengo||LifeOrb|GoodasGold|ShadowBall,MakeItRain,NastyPlot,Protect||||||50|,,,,,Water]Ursaluna||FlameOrb|Guts|Facade,Earthquake,Protect,HeadlongRush|||F|||50|,,,,,Ghost]Archaludon||PowerHerb|Stamina|ElectroShot,FlashCannon,DracoMeteor,Protect|||M|||50|,,,,,Grass]Murkrow||Eviolite|Prankster|Tailwind,RainDance,FoulPlay,Haze|||M|||50|,,,,,Dark]Farigiraf||ThroatSpray|ArmorTail|HyperVoice,TrickRoom,Psychic,Protect|||M|||50|,,,,,Fairy]Palafin||ChoiceBand|ZerotoHero|FlipTurn,CloseCombat,JetPunch,WaveCrash|||F|||50|,,,,,Water
|inactive|Battle timer is ON: inactive players will automatically lose when time's up. (requested by mikodex)
|inactive|mikodex has 60 seconds left.
|
|t:|1756604495
|teamsize|p1|4
|teamsize|p2|4
|start
|switch|p1a: serapina|Sneasler, L50, M|100/100
|switch|p1b: icela|Ninetales-Alola, L50, F|100/100
|switch|p2a: Murkrow|Murkrow, L50, M|100/100
|switch|p2b: Gholdengo|Gholdengo, L50|100/100
|-weather|Snowscape|[from] ability: Snow Warning|[of] p1b: icela
|turn|1
|inactive|mikodex has 30 seconds left.
|inactive|mikodex has 20 seconds left.
|
|t:|1756604534
|switch|p1a: Incineroar|Incineroar, L50, F|100/100
|-ability|p1a: Incineroar|Intimidate|boost
|-unboost|p2a: Murkrow|atk|1
|-unboost|p2b: Gholdengo|atk|1
|switch|p1b: knox|Kingambit, L50, M|100/100
|switch|p2a: Archaludon|Archaludon, L50, M|100/100
|move|p2b: Gholdengo|Make It Rain|p1b: knox|[spread] p1a,p1b
|-resisted|p1a: Incineroar
|-resisted|p1b: knox
|-damage|p1a: Incineroar|80/100
|-damage|p1b: knox|71/100
|-unboost|p2b: Gholdengo|spa|1
|-damage|p2b: Gholdengo|91/100|[from] item: Life Orb
|
|-weather|Snowscape|[upkeep]
|upkeep
|turn|2
|inactive|mikodex has 30 seconds left.
|inactive|WASHINGTONGARGACHA has 30 seconds left.
|inactive|mikodex has 20 seconds left.
|inactive|WASHINGTONGARGACHA has 20 seconds left.
|inactive|mikodex has 15 seconds left.
|inactive|WASHINGTONGARGACHA has 15 seconds left.
|inactive|mikodex has 10 seconds left.
|inactive|WASHINGTONGARGACHA has 10 seconds left.
|inactive|WASHINGTONGARGACHA has 5 seconds left.
|
|t:|1756604584
|move|p2a: Archaludon|Protect|p2a: Archaludon
|-singleturn|p2a: Archaludon|Protect
|move|p2b: Gholdengo|Protect|p2b: Gholdengo
|-singleturn|p2b: Gholdengo|Protect
|move|p1a: Incineroar|Knock Off|p2b: Gholdengo
|-activate|p2b: Gholdengo|move: Protect
|move|p1b: knox|Kowtow Cleave|p2a: Archaludon
|-activate|p2a: Archaludon|move: Protect
|
|-weather|Snowscape|[upkeep]
|upkeep
|turn|3
|inactive|mikodex has 30 seconds left.
|
|t:|1756604611
|switch|p2b: Murkrow|Murkrow, L50, M|100/100
|switch|p1b: serapina|Sneasler, L50, M|100/100
|move|p2a: Archaludon|Electro Shot||[still]
|-prepare|p2a: Archaludon|Electro Shot
|-boost|p2a: Archaludon|spa|1
|-enditem|p2a: Archaludon|Power Herb
|-anim|p2a: Archaludon|Electro Shot|p1b: serapina
|-damage|p1b: serapina|2/100
|move|p1a: Incineroar|Knock Off|p2b: Murkrow
|-resisted|p2b: Murkrow
|-damage|p2b: Murkrow|68/100
|-enditem|p2b: Murkrow|Eviolite|[from] move: Knock Off|[of] p1a: Incineroar
|
|-weather|Snowscape|[upkeep]
|upkeep
|turn|4
|inactive|mikodex has 30 seconds left.
|inactive|WASHINGTONGARGACHA has 30 seconds left.
|inactive|mikodex has 20 seconds left.
|inactive|mikodex has 15 seconds left.
|inactive|mikodex has 10 seconds left.
|inactive|mikodex has 5 seconds left.
|
|t:|1756604664
|switch|p1b: icela|Ninetales-Alola, L50, F|100/100
|switch|p2b: Gholdengo|Gholdengo, L50|91/100
|move|p2a: Archaludon|Flash Cannon|p1b: icela
|-supereffective|p1b: icela
|-damage|p1b: icela|0 fnt
|faint|p1b: icela
|move|p1a: Incineroar|Flare Blitz|p2b: Gholdengo
|-supereffective|p2b: Gholdengo
|-damage|p2b: Gholdengo|0 fnt
|faint|p2b: Gholdengo
|-damage|p1a: Incineroar|55/100|[from] Recoil
|
|-weather|Snowscape|[upkeep]
|upkeep
|
|t:|1756604681
|switch|p1b: serapina|Sneasler, L50, M|2/100
|switch|p2b: Murkrow|Murkrow, L50, M|68/100
|turn|5
|inactive|WASHINGTONGARGACHA has 30 seconds left.
|inactive|WASHINGTONGARGACHA has 20 seconds left.
|inactive|WASHINGTONGARGACHA has 15 seconds left.
|inactive|WASHINGTONGARGACHA has 10 seconds left.
|inactive|WASHINGTONGARGACHA has 5 seconds left.
|
|t:|1756604734
|-terastallize|p2a: Archaludon|Grass
|move|p1b: serapina|Fake Out|p2a: Archaludon
|-damage|p2a: Archaludon|88/100
|-ability|p2a: Archaludon|Stamina|boost
|-boost|p2a: Archaludon|def|1
|-status|p2a: Archaludon|psn|[from] ability: Poison Touch|[of] p1b: serapina
|move|p2b: Murkrow|Rain Dance|p2b: Murkrow
|-weather|RainDance
|cant|p2a: Archaludon|flinch
|move|p1a: Incineroar|Flare Blitz|p2b: Murkrow
|-damage|p2b: Murkrow|9/100
|-damage|p1a: Incineroar|38/100|[from] Recoil
|
|-weather|RainDance|[upkeep]
|-damage|p2a: Archaludon|76/100 psn|[from] psn
|upkeep
|turn|6
|inactive|mikodex has 30 seconds left.
|inactive|mikodex has 20 seconds left.
|inactive|mikodex has 15 seconds left.
|inactive|WASHINGTONGARGACHA has 30 seconds left.
|inactive|WASHINGTONGARGACHA has 20 seconds left.
|inactive|WASHINGTONGARGACHA has 15 seconds left.
|inactive|WASHINGTONGARGACHA has 10 seconds left.
|inactive|WASHINGTONGARGACHA has 5 seconds left.
|
|t:|1756604802
|switch|p1a: knox|Kingambit, L50, M|71/100
|move|p2a: Archaludon|Protect|p2a: Archaludon
|-singleturn|p2a: Archaludon|Protect
|move|p2b: Murkrow|Tailwind|p2b: Murkrow
|-sidestart|p2: WASHINGTONGARGACHA|move: Tailwind
|move|p1b: serapina|Dire Claw|p2a: Archaludon
|-activate|p2a: Archaludon|move: Protect
|
|-weather|RainDance|[upkeep]
|-damage|p2a: Archaludon|64/100 psn|[from] psn
|upkeep
|turn|7
|inactive|mikodex has 30 seconds left.
|inactive|WASHINGTONGARGACHA has 30 seconds left.
|inactive|WASHINGTONGARGACHA has 20 seconds left.
|inactive|WASHINGTONGARGACHA has 15 seconds left.
|inactive|WASHINGTONGARGACHA has 10 seconds left.
|
|t:|1756604847
|switch|p2a: Ursaluna|Ursaluna, L50, F|100/100
|switch|p1b: Incineroar|Incineroar, L50, F|38/100
|-ability|p1b: Incineroar|Intimidate|boost
|-unboost|p2a: Ursaluna|atk|1
|-unboost|p2b: Murkrow|atk|1
|move|p1a: knox|Protect|p1a: knox
|-singleturn|p1a: knox|Protect
|move|p2b: Murkrow|Foul Play|p1b: Incineroar
|-resisted|p1b: Incineroar
|-damage|p1b: Incineroar|15/100
|
|-weather|RainDance|[upkeep]
|-status|p2a: Ursaluna|brn|[from] item: Flame Orb
|upkeep
|turn|8
|inactive|mikodex has 30 seconds left.
|inactive|WASHINGTONGARGACHA has 30 seconds left.
|
|t:|1756604875
|move|p2a: Ursaluna|Protect|p2a: Ursaluna
|-singleturn|p2a: Ursaluna|Protect
|move|p1b: Incineroar|Fake Out|p2a: Ursaluna
|-activate|p2a: Ursaluna|move: Protect
|move|p2b: Murkrow|Haze|p2b: Murkrow
|-clearallboost
|move|p1a: knox|Kowtow Cleave|p2b: Murkrow
|-resisted|p2b: Murkrow
|-damage|p2b: Murkrow|0 fnt
|faint|p2b: Murkrow
|
|-weather|RainDance|[upkeep]
|-damage|p2a: Ursaluna|94/100 brn|[from] brn
|upkeep
|
|t:|1756604888
|switch|p2b: Archaludon|Archaludon, L50, M, tera:Grass|64/100 psn
|turn|9
|inactive|mikodex has 30 seconds left.
|
|t:|1756604917
|move|p2b: Archaludon|Protect|p2b: Archaludon
|-singleturn|p2b: Archaludon|Protect
|move|p1a: knox|Protect|p1a: knox
|-singleturn|p1a: knox|Protect
|move|p2a: Ursaluna|Earthquake|p1a: knox|[spread] p1b
|-activate|p2b: Archaludon|move: Protect
|-activate|p1a: knox|move: Protect
|-supereffective|p1b: Incineroar
|-damage|p1b: Incineroar|0 fnt
|faint|p1b: Incineroar
|
|-weather|none
|-damage|p2b: Archaludon|52/100 psn|[from] psn
|-damage|p2a: Ursaluna|88/100 brn|[from] brn
|-sideend|p2: WASHINGTONGARGACHA|move: Tailwind
|upkeep
|
|t:|1756604933
|switch|p1b: serapina|Sneasler, L50, M|2/100
|turn|10
|inactive|WASHINGTONGARGACHA has 30 seconds left.
|inactive|WASHINGTONGARGACHA has 20 seconds left.
|
|t:|1756604971
|-terastallize|p1a: knox|Flying
|move|p1a: knox|Sucker Punch|p2a: Ursaluna
|-damage|p2a: Ursaluna|50/100 brn
|move|p1b: serapina|Dire Claw|p2b: Archaludon
|-supereffective|p2b: Archaludon
|-damage|p2b: Archaludon|0 fnt
|faint|p2b: Archaludon
|move|p2a: Ursaluna|Earthquake|p1a: knox|[spread] p1b
|-immune|p1a: knox
|-supereffective|p1b: serapina
|-damage|p1b: serapina|0 fnt
|faint|p1b: serapina
|
|-damage|p2a: Ursaluna|44/100 brn|[from] brn
|upkeep
|turn|11
|
|t:|1756604994
|move|p1a: knox|Sucker Punch|p2a: Ursaluna
|-damage|p2a: Ursaluna|3/100 brn
|move|p2a: Ursaluna|Facade|p1a: knox
|-damage|p1a: knox|0 fnt
|faint|p1a: knox
|
|win|WASHINGTONGARGACHA
|raw|mikodex's rating: 1060 → 1046(-14 for losing)
|raw|WASHINGTONGARGACHA's rating: 1147 → 1166(+19 for winning)
