|j|â˜†spratznacken
|j|â˜†marcoslegui
|html|spratznackenmarcoslegui    
|uhtml|bestof|Game 3 of a best-of-3
|t:|1756387459
|gametype|doubles
|player|p1|spratznacken|265|1160
|player|p2|marcoslegui|pokekid|1180
|gen|9
|tier|[Gen 9] VGC 2025 Reg H (Bo3)
|rated|
|rule|Species Clause: Limit one of each PokÃ©mon
|rule|Item Clause: Limit 1 of each item
|clearpoke
|poke|p1|Indeedee, L50, M|
|poke|p1|Tatsugiri, L50, M|
|poke|p1|Ursaluna-Bloodmoon, L50, M|
|poke|p1|Sneasler, L50, F|
|poke|p1|Dondozo, L50, F|
|poke|p1|Talonflame, L50, M|
|poke|p2|Sneasler, L50, F|
|poke|p2|Volcarona, L50, M|
|poke|p2|Kingambit, L50, M|
|poke|p2|Baxcalibur, L50, F|
|poke|p2|Basculegion, L50, M|
|poke|p2|Rillaboom, L50, M|
|teampreview|4
|showteam|p1|Indeedee||FocusSash|PsychicSurge|ExpandingForce,HelpingHand,TrickRoom,Protect|||M|||50|,,,,,Psychic]Tatsugiri||ChoiceScarf|Commander|MuddyWater,IcyWind,DracoMeteor,DragonPulse|||M|||50|,,,,,Ghost]Ursaluna-Bloodmoon||LifeOrb|MindsEye|BloodMoon,HyperVoice,EarthPower,Protect|||M|||50|,,,,,Normal]Sneasler||PsychicSeed|Unburden|DireClaw,CloseCombat,ThroatChop,Protect|||F|||50|,,,,,Dark]Dondozo||Leftovers|Unaware|WaveCrash,OrderUp,Earthquake,Protect|||F|||50|,,,,,Grass]Talonflame||CovertCloak|GaleWings|DualWingbeat,FlareBlitz,Tailwind,WillOWisp|||M|||50|,,,,,Stellar
|showteam|p2|Sneasler||FocusSash|Unburden|DireClaw,CloseCombat,Protect,Coaching|||F|||50|,,,,,Stellar]Volcarona||CovertCloak|FlameBody|HeatWave,TeraBlast,QuiverDance,Protect|||M|||50|,,,,,Fairy]Kingambit||AssaultVest|Defiant|KowtowCleave,SuckerPunch,IronHead,LowKick|||M|||50|,,,,,Ghost]Baxcalibur||LoadedDice|ThermalExchange|IcicleSpear,ScaleShot,IceShard,Protect|||F|||50|,,,,,Ghost]Basculegion||ChoiceScarf|Adaptability|WaveCrash,FlipTurn,LastRespects,TeraBlast|||M|||50|,,,,,Fairy]Rillaboom||MiracleSeed|GrassySurge|WoodHammer,GrassyGlide,HighHorsepower,FakeOut|||M|||50|,,,,,Fire
|inactive|Battle timer is ON: inactive players will automatically lose when time's up. (requested by spratznacken)
|inactive|marcoslegui has 60 seconds left.
|
|t:|1756387507
|teamsize|p1|4
|teamsize|p2|4
|start
|switch|p1a: Talonflame|Talonflame, L50, M|100/100
|switch|p1b: Ursaluna|Ursaluna-Bloodmoon, L50, M|100/100
|switch|p2a: Rillaboom|Rillaboom, L50, M|100/100
|switch|p2b: Baxcalibur|Baxcalibur, L50, F|100/100
|-fieldstart|move: Grassy Terrain|[from] ability: Grassy Surge|[of] p2a: Rillaboom
|turn|1
|l|â˜†spratznacken
|inactive|spratznacken disconnected and has a minute to reconnect!
|player|p1|
|j|â˜†spratznacken
|inactive|spratznacken reconnected and has 35 seconds left.
|player|p1|spratznacken|265|
|inactive|spratznacken has 30 seconds left.
|inactive|spratznacken has 20 seconds left.
|
|t:|1756387546
|-terastallize|p1b: Ursaluna|Normal
|move|p2a: Rillaboom|Fake Out|p1b: Ursaluna
|-damage|p1b: Ursaluna|89/100
|move|p1a: Talonflame|Tailwind|p1a: Talonflame
|-sidestart|p1: spratznacken|move: Tailwind
|cant|p1b: Ursaluna|flinch
|move|p2b: Baxcalibur|Scale Shot|p1a: Talonflame
|-damage|p1a: Talonflame|81/100
|-damage|p1a: Talonflame|61/100
|-damage|p1a: Talonflame|37/100
|-damage|p1a: Talonflame|16/100
|-crit|p1a: Talonflame
|-damage|p1a: Talonflame|0 fnt
|faint|p1a: Talonflame
|-hitcount|p1: Talonflame|5
|-unboost|p2b: Baxcalibur|def|1
|-boost|p2b: Baxcalibur|spe|1
|
|-heal|p1b: Ursaluna|95/100|[from] Grassy Terrain
|upkeep
|
|t:|1756387554
|switch|p1a: Indeedee|Indeedee, L50, M|100/100
|-fieldstart|move: Psychic Terrain|[from] ability: Psychic Surge|[of] p1a: Indeedee
|turn|2
|
|t:|1756387576
|switch|p2a: Sneasler|Sneasler, L50, F|100/100
|move|p2b: Baxcalibur|Protect|p2b: Baxcalibur
|-singleturn|p2b: Baxcalibur|Protect
|move|p1a: Indeedee|Expanding Force|p2a: Sneasler|[spread] p2a
|-activate|p2b: Baxcalibur|move: Protect
|-supereffective|p2a: Sneasler
|-enditem|p2a: Sneasler|Focus Sash
|-damage|p2a: Sneasler|1/100
|move|p1b: Ursaluna|Hyper Voice|p2a: Sneasler|[spread] p2a
|-activate|p2b: Baxcalibur|move: Protect
|-damage|p2a: Sneasler|0 fnt
|faint|p2a: Sneasler
|-damage|p1b: Ursaluna|85/100|[from] item: Life Orb
|
|upkeep
|
|t:|1756387589
|switch|p2a: Rillaboom|Rillaboom, L50, M|100/100
|-fieldstart|move: Grassy Terrain|[from] ability: Grassy Surge|[of] p2a: Rillaboom
|turn|3
|inactive|spratznacken has 30 seconds left.
|
|t:|1756387619
|switch|p1a: Sneasler|Sneasler, L50, F|100/100
|move|p1b: Ursaluna|Protect|p1b: Ursaluna
|-singleturn|p1b: Ursaluna|Protect
|move|p2a: Rillaboom|Fake Out|p1b: Ursaluna
|-activate|p1b: Ursaluna|move: Protect
|move|p2b: Baxcalibur|Scale Shot|p1b: Ursaluna
|-activate|p1b: Ursaluna|move: Protect
|
|-heal|p1b: Ursaluna|91/100|[from] Grassy Terrain
|upkeep
|turn|4
|l|â˜†spratznacken
|inactive|spratznacken disconnected and has a minute to reconnect!
|player|p1|
|inactive|spratznacken has 30 seconds left.
|j|â˜†spratznacken
|inactive|spratznacken reconnected and has 30 seconds left.
|player|p1|spratznacken|265|
|
|t:|1756387654
|move|p2b: Baxcalibur|Protect|p2b: Baxcalibur
|-singleturn|p2b: Baxcalibur|Protect
|move|p1a: Sneasler|Dire Claw|p2a: Rillaboom
|-supereffective|p2a: Rillaboom
|-damage|p2a: Rillaboom|4/100
|move|p1b: Ursaluna|Blood Moon|p2a: Rillaboom
|-damage|p2a: Rillaboom|0 fnt
|faint|p2a: Rillaboom
|-damage|p1b: Ursaluna|81/100|[from] item: Life Orb
|
|-heal|p1b: Ursaluna|87/100|[from] Grassy Terrain
|-sideend|p1: spratznacken|move: Tailwind
|upkeep
|
|t:|1756387664
|switch|p2a: Basculegion|Basculegion, L50, M|100/100
|turn|5
|
|t:|1756387685
|move|p1a: Sneasler|Protect|p1a: Sneasler
|-singleturn|p1a: Sneasler|Protect
|move|p2a: Basculegion|Wave Crash|p1b: Ursaluna
|-damage|p1b: Ursaluna|27/100
|-damage|p2a: Basculegion|81/100|[from] Recoil
|move|p2b: Baxcalibur|Scale Shot|p1a: Sneasler
|-activate|p1a: Sneasler|move: Protect
|move|p1b: Ursaluna|Hyper Voice|p2b: Baxcalibur|[spread] p2a,p2b
|-damage|p2a: Basculegion|15/100
|-damage|p2b: Baxcalibur|40/100
|-damage|p1b: Ursaluna|17/100|[from] item: Life Orb
|
|-heal|p2a: Basculegion|21/100|[from] Grassy Terrain
|-heal|p2b: Baxcalibur|46/100|[from] Grassy Terrain
|-heal|p1b: Ursaluna|23/100|[from] Grassy Terrain
|upkeep
|turn|6
|
|t:|1756387710
|switch|p1b: Indeedee|Indeedee, L50, M|100/100
|-fieldstart|move: Psychic Terrain|[from] ability: Psychic Surge|[of] p1b: Indeedee
|-enditem|p1a: Sneasler|Psychic Seed
|-boost|p1a: Sneasler|spd|1|[from] item: Psychic Seed
|-terastallize|p2b: Baxcalibur|Ghost
|move|p1a: Sneasler|Dire Claw|p2a: Basculegion
|-resisted|p2a: Basculegion
|-damage|p2a: Basculegion|0 fnt
|faint|p2a: Basculegion
|move|p2b: Baxcalibur|Scale Shot|p1a: Sneasler
|-damage|p1a: Sneasler|77/100
|-damage|p1a: Sneasler|53/100
|-damage|p1a: Sneasler|27/100
|-damage|p1a: Sneasler|2/100
|-damage|p1a: Sneasler|0 fnt
|faint|p1a: Sneasler
|-hitcount|p1: Sneasler|5
|-unboost|p2b: Baxcalibur|def|1
|-boost|p2b: Baxcalibur|spe|1
|
|upkeep
|
|t:|1756387728
|switch|p1a: Ursaluna|Ursaluna-Bloodmoon, L50, M, tera:Normal|23/100
|turn|7
|
|t:|1756387741
|move|p2b: Baxcalibur|Icicle Spear|p1a: Ursaluna
|-damage|p1a: Ursaluna|12/100
|-damage|p1a: Ursaluna|0 fnt
|faint|p1a: Ursaluna
|-hitcount|p1: Ursaluna|2
|move|p1b: Indeedee|Expanding Force|p2b: Baxcalibur
|-damage|p2b: Baxcalibur|0 fnt
|faint|p2b: Baxcalibur
|
|win|spratznacken
|raw|spratznacken's rating: 1160 → 1186(+26 for winning)
|raw|marcoslegui's rating: 1180 → 1154(-26 for losing)
