|j|☆Yoshi Jan
|j|☆eltx
|html|Yoshi Janeltx    
|uhtml|bestof|Game 1 of a best-of-3
|t:|1783173752
|gametype|doubles
|player|p1|Yoshi Jan|pokemaniac|1079
|player|p2|eltx|archie-gen6|1058
|gen|9
|tier|[Gen 9 Champions] VGC 2026 Reg M-B (Bo3)
|rated|
|rule|Species Clause: Limit one of each Pokémon
|rule|Item Clause: Limit 1 of each item
|clearpoke
|poke|p1|Abomasnow, L50, M|
|poke|p1|Camerupt, L50, F|
|poke|p1|Farigiraf, L50, M|
|poke|p1|Oranguru, L50, M|
|poke|p1|Kingambit, L50, F|
|poke|p1|Decidueye-Hisui, L50, M|
|poke|p2|Grimmsnarl, L50, M|
|poke|p2|Metagross, L50|
|poke|p2|Primarina, L50, F|
|poke|p2|Pelipper, L50, F|
|poke|p2|Araquanid, L50, F|
|poke|p2|Swampert, L50, F|
|teampreview|4
|showteam|p1|Abomasnow||Abomasite|Soundproof|Blizzard,EnergyBall,IceShard,Protect|Quiet||M|||50|]Camerupt||Cameruptite|SolidRock|HeatWave,EarthPower,AncientPower,Protect|Quiet||F|||50|]Farigiraf||ColburBerry|ArmorTail|Thunderbolt,HelpingHand,SunnyDay,TrickRoom|Relaxed||M|||50|]Oranguru||Leftovers|InnerFocus|Instruct,Encore,SunnyDay,TrickRoom|Sassy||M|||50|]Kingambit||BlackGlasses|SupremeOverlord|IronHead,SuckerPunch,LowKick,Protect|Brave||F|||50|]Decidueye-Hisui||LifeOrb|Scrappy|TripleArrows,LeafBlade,SuckerPunch,Protect|Brave||M|||50|
|showteam|p2|Grimmsnarl||LightClay|Prankster|LightScreen,Reflect,FakeOut,PartingShot|Careful||M|||50|]Metagross||Metagrossite|ClearBody|PsychicFangs,IronHead,Protect,StompingTantrum|Jolly|||||50|]Primarina||LifeOrb|LiquidVoice|HyperVoice,Moonblast,Protect,EnergyBall|Modest||F|||50|]Pelipper||DampRock|Drizzle|Protect,WeatherBall,Uturn,IceBeam|Bold||F|||50|]Araquanid||SitrusBerry|WaterBubble|Liquidation,Lunge,IronDefense,PoisonJab|Adamant||F|||50|]Swampert||Swampertite|Damp|WaveCrash,Earthquake,FlipTurn,RockSlide|Adamant||F|||50|
|inactive|Battle timer is ON: inactive players will automatically lose when time's up. (requested by Yoshi Jan)
|
|t:|1783173780
|teamsize|p1|4
|teamsize|p2|4
|start
|switch|p1a: Abomasnow|Abomasnow, L50, M|100/100
|switch|p1b: Oranguru|Oranguru, L50, M|100/100
|switch|p2a: Araquanid|Araquanid, L50, F|100/100
|switch|p2b: Primarina|Primarina, L50, F|100/100
|turn|1
|
|t:|1783173805
|switch|p2b: Grimmsnarl|Grimmsnarl, L50, M|100/100
|detailschange|p1a: Abomasnow|Abomasnow-Mega, L50, M
|-mega|p1a: Abomasnow|Abomasnow|Abomasite
|-weather|Snowscape|[from] ability: Snow Warning|[of] p1a: Abomasnow
|move|p2a: Araquanid|Lunge|p1a: Abomasnow
|-supereffective|p1a: Abomasnow|1
|-damage|p1a: Abomasnow|60/100
|-unboost|p1a: Abomasnow|atk|1
|move|p1a: Abomasnow|Energy Ball|p2b: Grimmsnarl
|-damage|p2b: Grimmsnarl|60/100
|move|p1b: Oranguru|Trick Room|p1b: Oranguru
|-fieldstart|move: Trick Room|[of] p1b: Oranguru
|
|-weather|Snowscape|[upkeep]
|upkeep
|turn|2
|
|t:|1783173824
|move|p2b: Grimmsnarl|Fake Out|p1a: Abomasnow
|-damage|p1a: Abomasnow|53/100
|cant|p1a: Abomasnow|flinch
|move|p2a: Araquanid|Lunge|p1a: Abomasnow
|-supereffective|p1a: Abomasnow|1
|-damage|p1a: Abomasnow|15/100
|-unboost|p1a: Abomasnow|atk|1
|move|p1b: Oranguru|Instruct|p1a: Abomasnow
|-singleturn|p1a: Abomasnow|move: Instruct|[of] p1b: Oranguru
|cant|p1a: Abomasnow|flinch
|
|-weather|Snowscape|[upkeep]
|upkeep
|turn|3
|
|t:|1783173840
|move|p2b: Grimmsnarl|Light Screen|p2b: Grimmsnarl
|-sidestart|p2: eltx|move: Light Screen
|move|p1a: Abomasnow|Blizzard|p2b: Grimmsnarl|[spread] p2a,p2b
|-resisted|p2a: Araquanid|1
|-damage|p2a: Araquanid|86/100
|-damage|p2b: Grimmsnarl|35/100
|move|p2a: Araquanid|Lunge|p1a: Abomasnow
|-supereffective|p1a: Abomasnow|1
|-damage|p1a: Abomasnow|0 fnt
|faint|p1a: Abomasnow
|move|p1b: Oranguru|Encore|p2b: Grimmsnarl
|-start|p2b: Grimmsnarl|Encore
|
|-weather|Snowscape|[upkeep]
|upkeep
|
|t:|1783173846
|switch|p1a: Decidueye|Decidueye-Hisui, L50, M|100/100
|turn|4
|
|t:|1783173862
|switch|p2b: Metagross|Metagross, L50|100/100
|move|p2a: Araquanid|Iron Defense|p2a: Araquanid
|-boost|p2a: Araquanid|def|2
|move|p1a: Decidueye|Leaf Blade|p2a: Araquanid
|-damage|p2a: Araquanid|52/100
|-damage|p1a: Decidueye|90/100|[from] item: Life Orb
|move|p1b: Oranguru|Instruct|p1a: Decidueye
|-singleturn|p1a: Decidueye|move: Instruct|[of] p1b: Oranguru
|move|p1a: Decidueye|Leaf Blade|p2a: Araquanid
|-damage|p2a: Araquanid|20/100y
|-enditem|p2a: Araquanid|Sitrus Berry|[eat]
|-heal|p2a: Araquanid|45/100|[from] item: Sitrus Berry
|-damage|p1a: Decidueye|80/100|[from] item: Life Orb
|
|-weather|Snowscape|[upkeep]
|upkeep
|turn|5
|
|t:|1783173886
|detailschange|p2b: Metagross|Metagross-Mega, L50
|-mega|p2b: Metagross|Metagross|Metagrossite
|move|p1a: Decidueye|Sucker Punch|p2b: Metagross
|-supereffective|p2b: Metagross|1
|-damage|p2b: Metagross|47/100
|-damage|p1a: Decidueye|70/100|[from] item: Life Orb
|move|p2a: Araquanid|Liquidation|p1b: Oranguru
|-damage|p1b: Oranguru|30/100
|-unboost|p1b: Oranguru|def|1
|move|p1b: Oranguru|Instruct|p1a: Decidueye
|-singleturn|p1a: Decidueye|move: Instruct|[of] p1b: Oranguru
|move|p1a: Decidueye|Sucker Punch|p2b: Metagross
|-supereffective|p2b: Metagross|1
|-damage|p2b: Metagross|0 fnt
|faint|p2b: Metagross
|-damage|p1a: Decidueye|61/100|[from] item: Life Orb
|
|-weather|none
|-heal|p1b: Oranguru|36/100|[from] item: Leftovers
|-fieldend|move: Trick Room
|upkeep
|
|t:|1783173901
|switch|p2b: Grimmsnarl|Grimmsnarl, L50, M|35/100
|turn|6
|
|t:|1783173914
|move|p2b: Grimmsnarl|Fake Out|p1a: Decidueye
|-damage|p1a: Decidueye|49/100
|cant|p1a: Decidueye|flinch
|move|p2a: Araquanid|Poison Jab|p1a: Decidueye
|-supereffective|p1a: Decidueye|1
|-damage|p1a: Decidueye|5/100
|move|p1b: Oranguru|Trick Room|p1b: Oranguru
|-fieldstart|move: Trick Room|[of] p1b: Oranguru
|
|-heal|p1b: Oranguru|42/100|[from] item: Leftovers
|upkeep
|turn|7
|
|t:|1783173934
|move|p2b: Grimmsnarl|Reflect|p2b: Grimmsnarl
|-sidestart|p2: eltx|Reflect
|move|p2a: Araquanid|Lunge|p1a: Decidueye
|-damage|p1a: Decidueye|0 fnt
|faint|p1a: Decidueye
|move|p1b: Oranguru|Encore|p2a: Araquanid
|-start|p2a: Araquanid|Encore
|
|-heal|p1b: Oranguru|48/100|[from] item: Leftovers
|upkeep
|
|t:|1783173939
|switch|p1a: Kingambit|Kingambit, L50, F|100/100
|-activate|p1a: Kingambit|ability: Supreme Overlord
|-start|p1a: Kingambit|fallen2|[silent]
|turn|8
|
|t:|1783173957
|move|p1a: Kingambit|Sucker Punch|p2a: Araquanid
|-damage|p2a: Araquanid|24/100
|move|p2b: Grimmsnarl|Parting Shot|p1b: Oranguru
|-unboost|p1b: Oranguru|atk|1
|-unboost|p1b: Oranguru|spa|1
|
|t:|1783173963
|switch|p2b: Primarina|Primarina, L50, F|100/100|[from] Parting Shot
|move|p2a: Araquanid|Lunge|p1b: Oranguru
|-supereffective|p1b: Oranguru|1
|-damage|p1b: Oranguru|0 fnt
|faint|p1b: Oranguru
|
|upkeep
|turn|9
|
|t:|1783173973
|move|p2a: Araquanid|Lunge|p1a: Kingambit
|-damage|p1a: Kingambit|77/100
|-unboost|p1a: Kingambit|atk|1
|move|p1a: Kingambit|Iron Head|p2b: Primarina
|-damage|p2b: Primarina|70/100
|cant|p2b: Primarina|flinch
|
|upkeep
|turn|10
|-message|Yoshi Jan forfeited.
|raw|Yoshi Jan's rating: 1101 → 1073(-28 for losing)
|raw|eltx's rating: 1058 → 1093(+35 for winning)
|
|win|eltx
|c|☆eltx|lol gg
