|j|☆Abhirup Basak
|j|☆AbadanRiyi92
|html|Abhirup BasakAbadanRiyi92    
|uhtml|bestof|Game 2 of a best-of-3
|t:|1785178870
|gametype|doubles
|player|p1|Abhirup Basak|265|1144
|player|p2|AbadanRiyi92|colress|1127
|gen|9
|tier|[Gen 9 Champions] VGC 2026 Reg M-B (Bo3)
|rated|
|rule|Species Clause: Limit one of each Pokémon
|rule|Item Clause: Limit 1 of each item
|clearpoke
|poke|p1|Annihilape, L50, F|
|poke|p1|Incineroar, L50, M|
|poke|p1|Kingambit, L50, F|
|poke|p1|Toxapex, L50, F|
|poke|p1|Staraptor, L50, F|
|poke|p1|Gholdengo, L50|
|poke|p2|Gengar, L50, F, shiny|
|poke|p2|Maushold-Four, L50|
|poke|p2|Annihilape, L50, F|
|poke|p2|Incineroar, L50, F|
|poke|p2|Politoed, L50, M, shiny|
|poke|p2|Archaludon, L50, M|
|teampreview|4
|showteam|p1|Annihilape||BlackBelt|InnerFocus|DrainPunch,RageFist,BulkUp,Protect|Adamant||F|||50|]Incineroar||SitrusBerry|Intimidate|PartingShot,FakeOut,DarkestLariat,CrossChop|Careful||M|||50|]Kingambit||BlackGlasses|SupremeOverlord|BrickBreak,SwordsDance,SuckerPunch,KowtowCleave|Adamant||F|||50|]Toxapex||Leftovers|Regenerator|Haze,BanefulBunker,Toxic,Recover|Impish||F|||50|]Staraptor||Staraptite|Intimidate|BraveBird,CloseCombat,Protect,Tailwind|Jolly||F|||50|]Gholdengo||LifeOrb|GoodasGold|NastyPlot,MakeItRain,ShadowBall,Protect|Modest|||||50|
|showteam|p2|Gengar||Gengarite|CursedBody|ShadowBall,Disable,PerishSong,Protect|Timid||F|||50|]Maushold-Four||FocusSash|FriendGuard|FollowMe,Encore,BeatUp,Protect|Jolly|||||50|]Annihilape||RoseliBerry|Defiant|RageFist,DrainPunch,BulkUp,Protect|Adamant||F|||50|]Incineroar||PasshoBerry|Intimidate|PartingShot,ThroatChop,Protect,FakeOut|Sassy||F|||50|]Politoed||SitrusBerry|Drizzle|WeatherBall,Encore,PerishSong,Protect|Calm||M|||50|]Archaludon||Leftovers|Stamina|DragonPulse,FlashCannon,ElectroShot,Protect|Bold||M|||50|
|
|t:|1785178949
|teamsize|p1|4
|teamsize|p2|4
|start
|switch|p1a: Annihilape|Annihilape, L50, F|100/100
|switch|p1b: Toxapex|Toxapex, L50, F|100/100
|switch|p2a: Archaludon|Archaludon, L50, M|100/100
|switch|p2b: Maushold|Maushold-Four, L50|100/100
|turn|1
|inactive|Battle timer is ON: inactive players will automatically lose when time's up. (requested by AbadanRiyi92)
|
|t:|1785178980
|switch|p2a: Gengar|Gengar, L50, F, shiny|100/100
|move|p2b: Maushold|Protect|p2b: Maushold
|-singleturn|p2b: Maushold|Protect
|move|p1a: Annihilape|Bulk Up|p1a: Annihilape
|-boost|p1a: Annihilape|atk|1
|-boost|p1a: Annihilape|def|1
|move|p1b: Toxapex|Toxic|p2b: Maushold
|-activate|p2b: Maushold|move: Protect
|
|upkeep
|turn|2
|inactive|Abhirup Basak has 30 seconds left.
|inactive|AbadanRiyi92 has 30 seconds left.
|
|t:|1785179015
|switch|p1b: Staraptor|Staraptor, L50, F|100/100
|-ability|p1b: Staraptor|Intimidate|boost
|-unboost|p2a: Gengar|atk|1
|-unboost|p2b: Maushold|atk|1
|detailschange|p2a: Gengar|Gengar-Mega, L50, F, shiny
|-mega|p2a: Gengar|Gengar|Gengarite
|move|p1a: Annihilape|Protect|p1a: Annihilape
|-singleturn|p1a: Annihilape|Protect
|move|p2b: Maushold|Encore|p1a: Annihilape
|-activate|p1a: Annihilape|move: Protect
|move|p2a: Gengar|Disable||[still]
|-fail|p2a: Gengar
|
|upkeep
|turn|3
|
|t:|1785179037
|switch|p2a: Incineroar|Incineroar, L50, F|100/100
|-ability|p2a: Incineroar|Intimidate|boost
|-fail|p1a: Annihilape|unboost|Attack|[from] ability: Inner Focus|[of] p1a: Annihilape
|-unboost|p1b: Staraptor|atk|1
|switch|p1a: Toxapex|Toxapex, L50, F|100/100
|detailschange|p1b: Staraptor|Staraptor-Mega, L50, F
|-mega|p1b: Staraptor|Staraptor|Staraptite
|move|p2b: Maushold|Encore||[still]
|-fail|p2b: Maushold
|move|p1b: Staraptor|Close Combat|p2b: Maushold
|-supereffective|p2b: Maushold|1
|-enditem|p2b: Maushold|Focus Sash
|-damage|p2b: Maushold|1/100
|-boost|p1b: Staraptor|def|1
|-boost|p1b: Staraptor|spd|1
|
|upkeep
|turn|4
|inactive|AbadanRiyi92 has 30 seconds left.
|
|t:|1785179071
|move|p2a: Incineroar|Fake Out|p1a: Toxapex
|-damage|p1a: Toxapex|92/100
|move|p2b: Maushold|Encore|p1b: Staraptor
|-start|p1b: Staraptor|Encore
|move|p1b: Staraptor|Close Combat|p2a: Incineroar
|-supereffective|p2a: Incineroar|1
|-damage|p2a: Incineroar|41/100
|-boost|p1b: Staraptor|def|1
|-boost|p1b: Staraptor|spd|1
|cant|p1a: Toxapex|flinch
|
|-heal|p1a: Toxapex|98/100|[from] item: Leftovers
|upkeep
|turn|5
|inactive|Abhirup Basak has 30 seconds left.
|
|t:|1785179098
|switch|p2b: Gengar|Gengar-Mega, L50, F, shiny|100/100
|move|p2a: Incineroar|Protect|p2a: Incineroar
|-singleturn|p2a: Incineroar|Protect
|move|p1b: Staraptor|Close Combat|p2a: Incineroar
|-activate|p2a: Incineroar|move: Protect
|move|p1a: Toxapex|Toxic|p2b: Gengar
|-immune|p2b: Gengar
|
|-heal|p1a: Toxapex|100/100|[from] item: Leftovers
|upkeep
|turn|6
|inactive|Abhirup Basak has 30 seconds left.
|
|t:|1785179126
|switch|p2a: Maushold|Maushold-Four, L50|1/100
|move|p1b: Staraptor|Close Combat|p2a: Maushold
|-supereffective|p2a: Maushold|1
|-damage|p2a: Maushold|0 fnt
|-boost|p1b: Staraptor|def|1
|-boost|p1b: Staraptor|spd|1
|faint|p2a: Maushold
|move|p2b: Gengar|Disable|p1b: Staraptor
|-start|p1b: Staraptor|Disable|Close Combat
|move|p1a: Toxapex|Recover||[still]
|-fail|p1a: Toxapex|heal
|
|-end|p1b: Staraptor|Encore
|upkeep
|
|t:|1785179145
|switch|p2a: Archaludon|Archaludon, L50, M|100/100
|turn|7
|
|t:|1785179160
|move|p1b: Staraptor|Brave Bird|p2a: Archaludon
|-resisted|p2a: Archaludon|1
|-damage|p2a: Archaludon|86/100
|-ability|p2a: Archaludon|Stamina|boost
|-boost|p2a: Archaludon|def|1
|-damage|p1b: Staraptor|94/100|[from] Recoil
|move|p2b: Gengar|Perish Song|p2b: Gengar
|-start|p1a: Toxapex|perish3|[silent]
|-start|p1b: Staraptor|perish3|[silent]
|-start|p2a: Archaludon|perish3|[silent]
|-start|p2b: Gengar|perish3|[silent]
|-fieldactivate|move: Perish Song
|move|p2a: Archaludon|Dragon Pulse|p1a: Toxapex
|-damage|p1a: Toxapex|72/100
|move|p1a: Toxapex|Recover|p1a: Toxapex
|-heal|p1a: Toxapex|100/100
|
|-heal|p2a: Archaludon|92/100|[from] item: Leftovers
|-start|p1b: Staraptor|perish3
|-start|p2b: Gengar|perish3
|-start|p2a: Archaludon|perish3
|-start|p1a: Toxapex|perish3
|upkeep
|turn|8
|inactive|Abhirup Basak has 30 seconds left.
|inactive|AbadanRiyi92 has 30 seconds left.
|inactive|AbadanRiyi92 has 20 seconds left.
|inactive|AbadanRiyi92 has 15 seconds left.
|inactive|AbadanRiyi92 has 10 seconds left.
|
|t:|1785179207
|switch|p2a: Incineroar|Incineroar, L50, F|41/100
|-ability|p2a: Incineroar|Intimidate|boost
|-unboost|p1a: Toxapex|atk|1
|-boost|p1b: Staraptor|atk|1
|move|p2b: Gengar|Protect|p2b: Gengar
|-singleturn|p2b: Gengar|Protect
|move|p1b: Staraptor|Tailwind|p1b: Staraptor
|-sidestart|p1: Abhirup Basak|move: Tailwind
|move|p1a: Toxapex|Recover||[still]
|-fail|p1a: Toxapex|heal
|
|-start|p1b: Staraptor|perish2
|-start|p2b: Gengar|perish2
|-start|p1a: Toxapex|perish2
|upkeep
|turn|9
|inactive|AbadanRiyi92 has 30 seconds left.
|
|t:|1785179237
|move|p2a: Incineroar|Fake Out|p1b: Staraptor
|-damage|p1b: Staraptor|89/100
|cant|p1b: Staraptor|flinch
|move|p2b: Gengar|Shadow Ball|p1a: Toxapex
|-damage|p1a: Toxapex|64/100
|move|p1a: Toxapex|Recover|p1a: Toxapex
|-heal|p1a: Toxapex|100/100
|
|-start|p1b: Staraptor|perish1
|-start|p2b: Gengar|perish1
|-start|p1a: Toxapex|perish1
|upkeep
|turn|10
|inactive|Abhirup Basak has 30 seconds left.
|inactive|Abhirup Basak has 20 seconds left.
|inactive|Abhirup Basak has 15 seconds left.
|
|t:|1785179280
|switch|p2b: Archaludon|Archaludon, L50, M|92/100
|move|p2a: Incineroar|Protect|p2a: Incineroar
|-singleturn|p2a: Incineroar|Protect
|move|p1b: Staraptor|Brave Bird|p2a: Incineroar
|-activate|p2a: Incineroar|move: Protect
|move|p1a: Toxapex|Recover||[still]
|-fail|p1a: Toxapex|heal
|
|-heal|p2b: Archaludon|98/100|[from] item: Leftovers
|-end|p1b: Staraptor|Disable
|-start|p1b: Staraptor|perish0
|-start|p1a: Toxapex|perish0
|faint|p1b: Staraptor
|faint|p1a: Toxapex
|upkeep
|
|t:|1785179296
|switch|p1b: Gholdengo|Gholdengo, L50|100/100
|switch|p1a: Annihilape|Annihilape, L50, F|100/100
|turn|11
|inactive|AbadanRiyi92 has 30 seconds left.
|
|t:|1785179324
|move|p2b: Archaludon|Protect|p2b: Archaludon
|-singleturn|p2b: Archaludon|Protect
|move|p1a: Annihilape|Drain Punch|p2a: Incineroar
|-supereffective|p2a: Incineroar|1
|-damage|p2a: Incineroar|0 fnt
|faint|p2a: Incineroar
|move|p1b: Gholdengo|Shadow Ball|p2b: Archaludon
|-activate|p2b: Archaludon|move: Protect
|
|-heal|p2b: Archaludon|100/100|[from] item: Leftovers
|-sideend|p1: Abhirup Basak|move: Tailwind
|upkeep
|
|t:|1785179336
|switch|p2a: Gengar|Gengar-Mega, L50, F, shiny|100/100
|turn|12
|inactive|AbadanRiyi92 has 30 seconds left.
|inactive|AbadanRiyi92 has 20 seconds left.
|
|t:|1785179373
|move|p2a: Gengar|Shadow Ball|p1a: Annihilape
|-supereffective|p1a: Annihilape|1
|-damage|p1a: Annihilape|17/100
|move|p1a: Annihilape|Drain Punch|p2b: Archaludon
|-supereffective|p2b: Archaludon|1
|-damage|p2b: Archaludon|48/100
|-heal|p1a: Annihilape|45/100|[from] drain|[of] p2b: Archaludon
|-ability|p2b: Archaludon|Stamina|boost
|-boost|p2b: Archaludon|def|1
|move|p2b: Archaludon|Dragon Pulse|p1b: Gholdengo
|-resisted|p1b: Gholdengo|1
|-damage|p1b: Gholdengo|83/100
|move|p1b: Gholdengo|Shadow Ball|p2a: Gengar
|-supereffective|p2a: Gengar|1
|-damage|p2a: Gengar|0 fnt
|faint|p2a: Gengar
|-damage|p1b: Gholdengo|73/100|[from] item: Life Orb
|
|-heal|p2b: Archaludon|54/100|[from] item: Leftovers
|upkeep
|turn|13
|-message|AbadanRiyi92 forfeited.
|
|win|Abhirup Basak
|raw|Abhirup Basak's rating: 1144 → 1168(+24 for winning)
|raw|AbadanRiyi92's rating: 1127 → 1103(-24 for losing)
