|j|☆Wearevilepersons
|j|‽mackerjuan
|html|Wearevilepersonsmackerjuan    
|uhtml|bestof|Game 3 of a best-of-3
|t:|1755192663
|gametype|doubles
|player|p1|Wearevilepersons|169|1170
|player|p2|mackerjuan|101|1221
|gen|9
|tier|[Gen 9] VGC 2025 Reg H (Bo3)
|rated|
|rule|Species Clause: Limit one of each Pokémon
|rule|Item Clause: Limit 1 of each item
|clearpoke
|poke|p1|Archaludon, L50, M|
|poke|p1|Talonflame, L50, M|
|poke|p1|Pelipper, L50, M|
|poke|p1|Annihilape, L50, M|
|poke|p1|Amoonguss, L50, M|
|poke|p1|Weavile, L50, M|
|poke|p2|Annihilape, L50, M|
|poke|p2|Maushold, L50|
|poke|p2|Pelipper, L50, M|
|poke|p2|Archaludon, L50, M|
|poke|p2|Sinistcha, L50|
|poke|p2|Basculegion, L50, M|
|teampreview|4
|showteam|p1|Archaludon||AssaultVest|Stamina|ElectroShot,DracoMeteor,BodyPress,Snarl|||M|||50|,,,,,Bug]Talonflame||CovertCloak|GaleWings|DualWingbeat,Taunt,RainDance,Tailwind|||M|||50|,,,,,Grass]Pelipper||MysticWater|Drizzle|WeatherBall,Hurricane,WideGuard,Protect|||M|||50|,,,,,Stellar]Annihilape||SafetyGoggles|Defiant|RageFist,DrainPunch,BulkUp,Protect|||M|||50|,,,,,Fire]Amoonguss||SitrusBerry|Regenerator|Spore,PollenPuff,RagePowder,ClearSmog|||M|||50|,,,,,Psychic]Weavile||FocusSash|Pickpocket|KnockOff,TripleAxel,BeatUp,FakeOut|||M|||50|,,,,,Ghost
|showteam|p2|Annihilape||SpellTag|Defiant|BulkUp,Protect,DrainPunch,RageFist|||M|||50|,,,,,Water]Maushold||SafetyGoggles|FriendGuard|BeatUp,Taunt,FollowMe,Protect||||||50|,,,,,Ghost]Pelipper||FocusSash|Drizzle|Hurricane,WeatherBall,Tailwind,Protect|||M|||50|,,,,,Stellar]Archaludon||AssaultVest|Stamina|ElectroShot,DracoMeteor,Snarl,BodyPress|||M|||50|,,,,,Grass]Sinistcha||SitrusBerry|Hospitality|LifeDew,TrickRoom,StrengthSap,MatchaGotcha||||||50|,,,,,Water]Basculegion||LifeOrb|SwiftSwim|AquaJet,WaveCrash,LastRespects,Protect|||M|||50|,,,,,Water
|inactive|Battle timer is ON: inactive players will automatically lose when time's up. (requested by mackerjuan)
|
|t:|1755192690
|teamsize|p1|4
|teamsize|p2|4
|start
|switch|p1a: Weavile|Weavile, L50, M|100/100
|switch|p1b: Amoonguss|Amoonguss, L50, M, shiny|100/100
|switch|p2a: Archaludon|Archaludon, L50, M|100/100
|switch|p2b: Maushold|Maushold, L50, shiny|100/100
|turn|1
|
|t:|1755192709
|move|p1b: Amoonguss|Rage Powder|p1b: Amoonguss
|-singleturn|p1b: Amoonguss|move: Rage Powder
|move|p1a: Weavile|Knock Off|p2b: Maushold
|-crit|p2b: Maushold
|-damage|p2b: Maushold|1/100
|-enditem|p2b: Maushold|Safety Goggles|[from] move: Knock Off|[of] p1a: Weavile
|move|p2b: Maushold|Taunt|p1b: Amoonguss
|-start|p1b: Amoonguss|move: Taunt
|move|p2a: Archaludon|Snarl|p1b: Amoonguss|[spread] p1a,p1b
|-resisted|p1a: Weavile
|-damage|p1a: Weavile|92/100
|-damage|p1b: Amoonguss|89/100
|-unboost|p1a: Weavile|spa|1
|-unboost|p1b: Amoonguss|spa|1
|
|upkeep
|turn|2
|
|t:|1755192733
|switch|p2b: Pelipper|Pelipper, L50, M|100/100
|-weather|RainDance|[from] ability: Drizzle|[of] p2b: Pelipper
|switch|p1b: Archaludon|Archaludon, L50, M, shiny|100/100
|-terastallize|p1a: Weavile|Ghost
|move|p1a: Weavile|Knock Off|p2b: Pelipper
|-damage|p2b: Pelipper|31/100
|-enditem|p2b: Pelipper|Focus Sash|[from] move: Knock Off|[of] p1a: Weavile
|move|p2a: Archaludon|Electro Shot||[still]
|-prepare|p2a: Archaludon|Electro Shot
|-boost|p2a: Archaludon|spa|1
|-anim|p2a: Archaludon|Electro Shot|p1a: Weavile
|-damage|p1a: Weavile|5/100
|
|-weather|RainDance|[upkeep]
|upkeep
|turn|3
|inactive|Wearevilepersons has 30 seconds left.
|inactive|mackerjuan has 30 seconds left.
|inactive|mackerjuan has 20 seconds left.
|inactive|Wearevilepersons has 20 seconds left.
|inactive|mackerjuan has 15 seconds left.
|inactive|Wearevilepersons has 15 seconds left.
|
|t:|1755192781
|switch|p2b: Maushold|Maushold, L50, shiny|1/100
|move|p1a: Weavile|Knock Off|p2a: Archaludon
|-damage|p2a: Archaludon|74/100
|-ability|p2a: Archaludon|Stamina|boost
|-boost|p2a: Archaludon|def|1
|-enditem|p2a: Archaludon|Assault Vest|[from] move: Knock Off|[of] p1a: Weavile
|move|p1b: Archaludon|Draco Meteor|p2a: Archaludon|[miss]
|-miss|p1b: Archaludon|p2a: Archaludon
|move|p2a: Archaludon|Snarl|p1b: Archaludon|[spread] p1a,p1b
|-supereffective|p1a: Weavile
|-damage|p1a: Weavile|0 fnt
|-damage|p1b: Archaludon|87/100
|-unboost|p1b: Archaludon|spa|1
|-ability|p1b: Archaludon|Stamina|boost
|-boost|p1b: Archaludon|def|1
|faint|p1a: Weavile
|
|-weather|RainDance|[upkeep]
|upkeep
|
|t:|1755192797
|switch|p1a: Amoonguss|Amoonguss, L50, M, shiny|100/100
|turn|4
|inactive|mackerjuan has 30 seconds left.
|inactive|mackerjuan has 20 seconds left.
|inactive|mackerjuan has 15 seconds left.
|
|t:|1755192838
|-terastallize|p2a: Archaludon|Grass
|move|p2b: Maushold|Follow Me|p2b: Maushold
|-singleturn|p2b: Maushold|move: Follow Me
|move|p1b: Archaludon|Snarl|p2b: Maushold|[spread] p2a,p2b
|-damage|p2a: Archaludon|68/100
|-damage|p2b: Maushold|0 fnt
|-unboost|p2a: Archaludon|spa|1
|-ability|p2a: Archaludon|Stamina|boost
|-boost|p2a: Archaludon|def|1
|faint|p2b: Maushold
|move|p2a: Archaludon|Draco Meteor|p1b: Archaludon
|-damage|p1b: Archaludon|45/100
|-unboost|p2a: Archaludon|spa|2
|-ability|p1b: Archaludon|Stamina|boost
|-boost|p1b: Archaludon|def|1
|move|p1a: Amoonguss|Pollen Puff|p1b: Archaludon
|-heal|p1b: Archaludon|95/100
|
|-weather|RainDance|[upkeep]
|upkeep
|
|t:|1755192860
|switch|p2b: Sinistcha|Sinistcha, L50|100/100
|-heal|p2a: Archaludon|92/100|[from] ability: Hospitality|[of] p2b: Sinistcha
|turn|5
|inactive|mackerjuan has 30 seconds left.
|inactive|mackerjuan has 20 seconds left.
|inactive|mackerjuan has 15 seconds left.
|inactive|mackerjuan has 10 seconds left.
|
|t:|1755192910
|move|p1b: Archaludon|Electro Shot||[still]
|-prepare|p1b: Archaludon|Electro Shot
|-boost|p1b: Archaludon|spa|1
|-anim|p1b: Archaludon|Electro Shot|p2b: Sinistcha
|-resisted|p2b: Sinistcha
|-damage|p2b: Sinistcha|84/100
|move|p2a: Archaludon|Electro Shot||[still]
|-prepare|p2a: Archaludon|Electro Shot
|-boost|p2a: Archaludon|spa|1
|-anim|p2a: Archaludon|Electro Shot|p1a: Amoonguss
|-resisted|p1a: Amoonguss
|-damage|p1a: Amoonguss|88/100
|move|p2b: Sinistcha|Matcha Gotcha|p1a: Amoonguss|[spread] p1a,p1b
|-resisted|p1a: Amoonguss
|-resisted|p1b: Archaludon
|-damage|p1a: Amoonguss|83/100
|-heal|p2b: Sinistcha|86/100|[from] drain|[of] p1a: Amoonguss
|-damage|p1b: Archaludon|91/100
|-heal|p2b: Sinistcha|89/100|[from] drain|[of] p1b: Archaludon
|-ability|p1b: Archaludon|Stamina|boost
|-boost|p1b: Archaludon|def|1
|move|p1a: Amoonguss|Pollen Puff|p1b: Archaludon
|-heal|p1b: Archaludon|100/100
|
|-weather|RainDance|[upkeep]
|upkeep
|turn|6
|inactive|mackerjuan has 30 seconds left.
|
|t:|1755192940
|move|p1b: Archaludon|Electro Shot||[still]
|-prepare|p1b: Archaludon|Electro Shot
|-boost|p1b: Archaludon|spa|1
|-anim|p1b: Archaludon|Electro Shot|p2b: Sinistcha
|-resisted|p2b: Sinistcha
|-crit|p2b: Sinistcha
|-damage|p2b: Sinistcha|52/100
|move|p2a: Archaludon|Snarl|p1b: Archaludon|[spread] p1b
|-miss|p2a: Archaludon|p1a: Amoonguss
|-damage|p1b: Archaludon|94/100
|-unboost|p1b: Archaludon|spa|1
|-ability|p1b: Archaludon|Stamina|boost
|-boost|p1b: Archaludon|def|1
|move|p2b: Sinistcha|Matcha Gotcha|p1a: Amoonguss|[spread] p1a,p1b
|-resisted|p1a: Amoonguss
|-resisted|p1b: Archaludon
|-damage|p1a: Amoonguss|78/100
|-heal|p2b: Sinistcha|55/100|[from] drain|[of] p1a: Amoonguss
|-damage|p1b: Archaludon|90/100
|-heal|p2b: Sinistcha|57/100|[from] drain|[of] p1b: Archaludon
|-ability|p1b: Archaludon|Stamina|boost
|-boost|p1b: Archaludon|def|1
|move|p1a: Amoonguss|Clear Smog|p2a: Archaludon
|-supereffective|p2a: Archaludon
|-damage|p2a: Archaludon|61/100
|-clearboost|p2a: Archaludon
|-ability|p2a: Archaludon|Stamina|boost
|-boost|p2a: Archaludon|def|1
|
|-weather|none
|upkeep
|turn|7
|inactive|Wearevilepersons has 30 seconds left.
|inactive|mackerjuan has 30 seconds left.
|inactive|Wearevilepersons has 20 seconds left.
|inactive|mackerjuan has 20 seconds left.
|inactive|Wearevilepersons has 15 seconds left.
|inactive|mackerjuan has 15 seconds left.
|inactive|mackerjuan has 10 seconds left.
|
|t:|1755192988
|move|p1b: Archaludon|Draco Meteor|p2a: Archaludon|[miss]
|-miss|p1b: Archaludon|p2a: Archaludon
|move|p2a: Archaludon|Draco Meteor|p1b: Archaludon
|-damage|p1b: Archaludon|49/100
|-unboost|p2a: Archaludon|spa|2
|-ability|p1b: Archaludon|Stamina|boost
|-boost|p1b: Archaludon|def|1
|move|p2b: Sinistcha|Life Dew|p2b: Sinistcha|[spread] p2a,p2b
|-heal|p2a: Archaludon|86/100
|-heal|p2b: Sinistcha|83/100
|move|p1a: Amoonguss|Pollen Puff|p2a: Archaludon
|-supereffective|p2a: Archaludon
|-damage|p2a: Archaludon|50/100
|-ability|p2a: Archaludon|Stamina|boost
|-boost|p2a: Archaludon|def|1
|
|upkeep
|turn|8
|
|t:|1755193013
|move|p1b: Archaludon|Draco Meteor|p2a: Archaludon
|-damage|p2a: Archaludon|0 fnt
|-unboost|p1b: Archaludon|spa|2
|faint|p2a: Archaludon
|move|p2b: Sinistcha|Matcha Gotcha|p1b: Archaludon|[spread] p1a,p1b
|-resisted|p1a: Amoonguss
|-resisted|p1b: Archaludon
|-damage|p1a: Amoonguss|73/100
|-heal|p2b: Sinistcha|85/100|[from] drain|[of] p1a: Amoonguss
|-damage|p1b: Archaludon|45/100
|-heal|p2b: Sinistcha|88/100|[from] drain|[of] p1b: Archaludon
|move|p1a: Amoonguss|Pollen Puff|p1b: Archaludon
|-heal|p1b: Archaludon|95/100
|
|upkeep
|
|t:|1755193028
|switch|p2a: Pelipper|Pelipper, L50, M|31/100
|-weather|RainDance|[from] ability: Drizzle|[of] p2a: Pelipper
|turn|9
|
|t:|1755193035
|move|p2a: Pelipper|Hurricane|p1a: Amoonguss
|-supereffective|p1a: Amoonguss
|-damage|p1a: Amoonguss|0 fnt
|faint|p1a: Amoonguss
|move|p1b: Archaludon|Electro Shot||[still]
|-prepare|p1b: Archaludon|Electro Shot
|-boost|p1b: Archaludon|spa|1
|-anim|p1b: Archaludon|Electro Shot|p2a: Pelipper
|-supereffective|p2a: Pelipper
|-damage|p2a: Pelipper|0 fnt
|faint|p2a: Pelipper
|move|p2b: Sinistcha|Matcha Gotcha|p1b: Archaludon
|-resisted|p1b: Archaludon
|-damage|p1b: Archaludon|89/100
|-heal|p2b: Sinistcha|91/100|[from] drain|[of] p1b: Archaludon
|
|-weather|RainDance|[upkeep]
|upkeep
|
|t:|1755193044
|switch|p1a: Pelipper|Pelipper, L50, M, shiny|100/100
|turn|10
|inactive|mackerjuan has 30 seconds left.
|inactive|mackerjuan has 20 seconds left.
|inactive|mackerjuan has 15 seconds left.
|inactive|mackerjuan has 10 seconds left.
|inactive|mackerjuan has 5 seconds left.
|
|t:|1755193099
|move|p1b: Archaludon|Electro Shot||[still]
|-prepare|p1b: Archaludon|Electro Shot
|-boost|p1b: Archaludon|spa|1
|-anim|p1b: Archaludon|Electro Shot|p2b: Sinistcha
|-resisted|p2b: Sinistcha
|-damage|p2b: Sinistcha|72/100
|move|p1a: Pelipper|Hurricane|p2b: Sinistcha
|-supereffective|p2b: Sinistcha
|-damage|p2b: Sinistcha|0 fnt
|faint|p2b: Sinistcha
|
|win|Wearevilepersons
|raw|Wearevilepersons's rating: 1170 → 1199(+29 for winning)
|raw|mackerjuan's rating: 1221 → 1192(-29 for losing)
|l|☆Wearevilepersons
|player|p1|
|l|‽mackerjuan
|player|p2|
|j|‽mackerjuan
|player|p2|mackerjuan|101|
|n|‽mackerjuan|mackerjuan
