|j|☆Dragayu
|j|☆breloomb01
|html|Dragayubreloomb01    
|uhtml|bestof|Game 1 of a best-of-3
|t:|1783649947
|gametype|doubles
|player|p1|Dragayu|265|1111
|player|p2|breloomb01|roughneck|1200
|gen|9
|tier|[Gen 9 Champions] VGC 2026 Reg M-B (Bo3)
|rated|
|rule|Species Clause: Limit one of each Pokémon
|rule|Item Clause: Limit 1 of each item
|clearpoke
|poke|p1|Gholdengo, L50|
|poke|p1|Whimsicott, L50, M|
|poke|p1|Garchomp, L50, M|
|poke|p1|Kingambit, L50, F|
|poke|p1|Ceruledge, L50, F|
|poke|p1|Staraptor, L50, F|
|poke|p2|Gengar, L50, M|
|poke|p2|Swampert, L50, F|
|poke|p2|Incineroar, L50, M|
|poke|p2|Politoed, L50, F|
|poke|p2|Archaludon, L50, M|
|poke|p2|Vivillon, L50, F|
|teampreview|4
|showteam|p1|Gholdengo||SpellTag|GoodasGold|Protect,NastyPlot,MakeItRain,ShadowBall|Modest|||||50|]Whimsicott||FocusSash|Prankster|Moonblast,Protect,Tailwind,Charm|Timid||M|||50|]Garchomp||LifeOrb|SandVeil|DragonClaw,RockSlide,Protect,Earthquake|Jolly||M|||50|]Kingambit||OccaBerry|Defiant|LowKick,KowtowCleave,IronHead,SuckerPunch|Adamant||F|||50|]Ceruledge||ColburBerry|FlashFire|BulkUp,BitterBlade,ShadowSneak,Protect|Adamant||F|||50|]Staraptor||Staraptite|Intimidate|BraveBird,CloseCombat,Protect,Roost|Jolly||F|||50|
|showteam|p2|Gengar||Gengarite|CursedBody|ShadowBall,PerishSong,SludgeBomb,Protect|Timid||M|||50|]Swampert||Swampertite|Torrent|WaveCrash,Earthquake,IcePunch,Protect|Adamant||F|||50|]Incineroar||PasshoBerry|Intimidate|ThroatChop,PartingShot,FakeOut,Protect|Sassy||M|||50|]Politoed||SitrusBerry|Drizzle|WeatherBall,PerishSong,Encore,Protect|Calm||F|||50|]Archaludon||Leftovers|Stamina|DragonPulse,FlashCannon,ElectroShot,Protect|Bold||M|||50|]Vivillon||FocusSash|CompoundEyes|Hurricane,SleepPowder,RagePowder,Protect|Timid||F|||50|
|
|t:|1783649984
|teamsize|p1|4
|teamsize|p2|4
|start
|switch|p1a: Gholdengo|Gholdengo, L50|100/100
|switch|p1b: Whimsicott|Whimsicott, L50, M|100/100
|switch|p2a: Swampert|Swampert, L50, F|100/100
|switch|p2b: Vivillon|Vivillon, L50, F|100/100
|turn|1
|
|t:|1783650002
|switch|p1a: Staraptor|Staraptor, L50, F|100/100
|-ability|p1a: Staraptor|Intimidate|boost
|-unboost|p2a: Swampert|atk|1
|-unboost|p2b: Vivillon|atk|1
|detailschange|p2a: Swampert|Swampert-Mega, L50, F
|-mega|p2a: Swampert|Swampert|Swampertite
|move|p1b: Whimsicott|Moonblast|p2b: Vivillon
|-damage|p2b: Vivillon|31/100
|move|p2b: Vivillon|Hurricane|p1b: Whimsicott
|-supereffective|p1b: Whimsicott|1
|-enditem|p1b: Whimsicott|Focus Sash
|-damage|p1b: Whimsicott|1/100
|move|p2a: Swampert|Earthquake|p1b: Whimsicott|[spread] p1b
|-immune|p2b: Vivillon
|-immune|p1a: Staraptor
|-resisted|p1b: Whimsicott|1
|-damage|p1b: Whimsicott|0 fnt
|faint|p1b: Whimsicott
|
|upkeep
|
|t:|1783650018
|switch|p1b: Garchomp|Garchomp, L50, M|100/100
|turn|2
|
|t:|1783650027
|switch|p2b: Politoed|Politoed, L50, F|100/100
|-weather|RainDance|[from] ability: Drizzle|[of] p2b: Politoed
|detailschange|p1a: Staraptor|Staraptor-Mega, L50, F
|-mega|p1a: Staraptor|Staraptor|Staraptite
|move|p1a: Staraptor|Protect|p1a: Staraptor
|-singleturn|p1a: Staraptor|Protect
|move|p2a: Swampert|Ice Punch|p1b: Garchomp
|-supereffective|p1b: Garchomp|2
|-damage|p1b: Garchomp|15/100
|-status|p1b: Garchomp|frz
|cant|p1b: Garchomp|frz
|
|-weather|RainDance|[upkeep]
|upkeep
|turn|3
|
|t:|1783650050
|move|p2a: Swampert|Wave Crash|p1a: Staraptor
|-damage|p1a: Staraptor|23/100
|-damage|p2a: Swampert|73/100|[from] Recoil
|move|p1a: Staraptor|Close Combat|p2b: Politoed
|-damage|p2b: Politoed|42/100
|-boost|p1a: Staraptor|def|1
|-boost|p1a: Staraptor|spd|1
|-enditem|p2b: Politoed|Sitrus Berry|[eat]
|-heal|p2b: Politoed|67/100|[from] item: Sitrus Berry
|cant|p1b: Garchomp|frz
|move|p2b: Politoed|Weather Ball|p1b: Garchomp
|-damage|p1b: Garchomp|0 fnt
|faint|p1b: Garchomp
|
|-weather|RainDance|[upkeep]
|upkeep
|
|t:|1783650063
|switch|p1b: Gholdengo|Gholdengo, L50|100/100
|turn|4
|
|t:|1783650069
|move|p1b: Gholdengo|Protect|p1b: Gholdengo
|-singleturn|p1b: Gholdengo|Protect
|move|p2a: Swampert|Wave Crash|p1a: Staraptor
|-damage|p1a: Staraptor|0 fnt
|faint|p1a: Staraptor
|-damage|p2a: Swampert|65/100|[from] Recoil
|move|p2b: Politoed|Weather Ball|p1b: Gholdengo
|-activate|p1b: Gholdengo|move: Protect
|
|-weather|RainDance|[upkeep]
|upkeep
|turn|5
|-message|Dragayu forfeited.
|
|win|breloomb01
|l|☆Dragayu
|player|p1|
||Dragayu is ready for game 2.
||breloomb01 is ready for game 2.
|uhtml|next|Next: Game 2 of 3
|j|☆Dragayu
|player|p1|Dragayu|265|
