|j|Ōśåpay_now$
|j|ŌśåTntforgotpassword
|html|pay_now$Tntforgotpassword    
|uhtml|bestof|Game 1 of a best-of-3
|t:|1757087763
|gametype|doubles
|player|p1|pay_now$|hilbert|1000
|player|p2|Tntforgotpassword|caitlin|1063
|gen|9
|tier|[Gen 9] VGC 2025 Reg H (Bo3)
|rated|
|rule|Species Clause: Limit one of each Pok├®mon
|rule|Item Clause: Limit 1 of each item
|clearpoke
|poke|p1|Incineroar, L50, F|
|poke|p1|Garchomp, L50, M|
|poke|p1|Decidueye-Hisui, L50, M|
|poke|p1|Porygon2, L50|
|poke|p1|Rillaboom, L50, M|
|poke|p1|Whimsicott, L50, M|
|poke|p2|Volcarona, L50, F|
|poke|p2|Rillaboom, L50, F|
|poke|p2|Incineroar, L50, F|
|poke|p2|Sneasler, L50, M|
|poke|p2|Palafin, L50, F|
|poke|p2|Archaludon, L50, F|
|teampreview|4
|showteam|p1|Incineroar||RockyHelmet|Intimidate|PartingShot,FakeOut,KnockOff,FlareBlitz|||F|||50|,,,,,Water]Garchomp||ClearAmulet|RoughSkin|Earthquake,Outrage,Surf,ThunderFang|||M|||50|,,,,,Fairy]Decidueye-Hisui||SitrusBerry|Scrappy|TripleArrows,LeafBlade,Protect,AirSlash|||M|||50|,,,,,Rock]Porygon2||Eviolite|Download|TriAttack,Recover,IceBeam,ThunderWave||||||50|,,,,,Fairy]Rillaboom||Leftovers|GrassySurge|FakeOut,GrassyGlide,KnockOff,HammerArm|||M|||50|,,,,,Grass]Whimsicott||CovertCloak|Prankster|Tailwind,DazzlingGleam,PoisonPowder,LightScreen|||M|||50|,,,,,Grass
|showteam|p2|Volcarona||GrassySeed|FlameBody|QuiverDance,HeatWave,TeraBlast,Protect|||F|||50|,,,,,Fairy]Rillaboom||AssaultVest|GrassySurge|FakeOut,WoodHammer,Uturn,GrassyGlide|||F|||50|,,,,,Rock]Incineroar||SafetyGoggles|Intimidate|FakeOut,PartingShot,KnockOff,FlareBlitz|||F|||50|,,,,,Ghost]Sneasler||FocusSash|Unburden|GunkShot,ShadowClaw,CloseCombat,Protect|||M|||50|,,,,,Stellar]Palafin||Leftovers|ZerotoHero|Haze,JetPunch,WaveCrash,Protect|||F|||50|,,,,,Water]Archaludon||ChoiceSpecs|Sturdy|DracoMeteor,DragonPulse,AuraSphere,FlashCannon|||F|||50|,,,,,Grass
|inactive|Battle timer is ON: inactive players will automatically lose when time's up. (requested by pay_now$)
|inactive|pay_now$ has 60 seconds left.
|inactive|Tntforgotpassword has 60 seconds left.
|
|t:|1757087804
|teamsize|p1|4
|teamsize|p2|4
|start
|switch|p1a: Decidueye|Decidueye-Hisui, L50, M, shiny|100/100
|switch|p1b: Rillaboom|Rillaboom, L50, M|100/100
|switch|p2a: Volcarona|Volcarona, L50, F|100/100
|switch|p2b: Sneasler|Sneasler, L50, M|100/100
|-fieldstart|move: Grassy Terrain|[from] ability: Grassy Surge|[of] p1b: Rillaboom
|-enditem|p2a: Volcarona|Grassy Seed
|-boost|p2a: Volcarona|def|1|[from] item: Grassy Seed
|turn|1
|inactive|pay_now$ has 30 seconds left.
|
|t:|1757087833
|move|p1a: Decidueye|Protect|p1a: Decidueye
|-singleturn|p1a: Decidueye|Protect
|move|p1b: Rillaboom|Fake Out|p2a: Volcarona
|-damage|p2a: Volcarona|89/100
|move|p2b: Sneasler|Gunk Shot|p1a: Decidueye
|-activate|p1a: Decidueye|move: Protect
|cant|p2a: Volcarona|flinch
|
|-heal|p2a: Volcarona|95/100|[from] Grassy Terrain
|upkeep
|turn|2
|
|t:|1757087852
|switch|p1a: Porygon2|Porygon2, L50|100/100
|-ability|p1a: Porygon2|Download|boost
|-boost|p1a: Porygon2|atk|1
|move|p1b: Rillaboom|Grassy Glide|p2a: Volcarona
|-resisted|p2a: Volcarona
|-damage|p2a: Volcarona|88/100
|-status|p1b: Rillaboom|brn|[from] ability: Flame Body|[of] p2a: Volcarona
|move|p2b: Sneasler|Gunk Shot|p1a: Porygon2
|-damage|p1a: Porygon2|57/100
|move|p2a: Volcarona|Quiver Dance|p2a: Volcarona
|-boost|p2a: Volcarona|spa|1
|-boost|p2a: Volcarona|spd|1
|-boost|p2a: Volcarona|spe|1
|
|-heal|p2a: Volcarona|94/100|[from] Grassy Terrain
|-heal|p1a: Porygon2|62/100|[from] Grassy Terrain
|-damage|p1b: Rillaboom|95/100 brn|[from] brn
|upkeep
|turn|3
|inactive|pay_now$ has 30 seconds left.
|
|t:|1757087883
|switch|p2b: Rillaboom|Rillaboom, L50, F|100/100
|move|p2a: Volcarona|Protect|p2a: Volcarona
|-singleturn|p2a: Volcarona|Protect
|move|p1b: Rillaboom|Grassy Glide|p2b: Rillaboom
|-resisted|p2b: Rillaboom
|-damage|p2b: Rillaboom|93/100
|move|p1a: Porygon2|Thunder Wave|p2a: Volcarona
|-activate|p2a: Volcarona|move: Protect
|
|-heal|p2a: Volcarona|100/100|[from] Grassy Terrain
|-heal|p1b: Rillaboom|100/100 brn|[from] Grassy Terrain
|-heal|p2b: Rillaboom|99/100|[from] Grassy Terrain
|-heal|p1a: Porygon2|68/100|[from] Grassy Terrain
|-damage|p1b: Rillaboom|95/100 brn|[from] brn
|upkeep
|turn|4
|inactive|pay_now$ has 30 seconds left.
|
|t:|1757087908
|move|p2b: Rillaboom|Fake Out|p1a: Porygon2
|-damage|p1a: Porygon2|59/100
|move|p2a: Volcarona|Quiver Dance|p2a: Volcarona
|-boost|p2a: Volcarona|spa|1
|-boost|p2a: Volcarona|spd|1
|-boost|p2a: Volcarona|spe|1
|move|p1b: Rillaboom|Knock Off|p2b: Rillaboom
|-damage|p2b: Rillaboom|85/100
|-enditem|p2b: Rillaboom|Assault Vest|[from] move: Knock Off|[of] p1b: Rillaboom
|cant|p1a: Porygon2|flinch
|
|-heal|p1b: Rillaboom|100/100 brn|[from] Grassy Terrain
|-heal|p2b: Rillaboom|90/100|[from] Grassy Terrain
|-heal|p1a: Porygon2|64/100|[from] Grassy Terrain
|-damage|p1b: Rillaboom|95/100 brn|[from] brn
|upkeep
|turn|5
|inactive|pay_now$ has 30 seconds left.
|
|t:|1757087935
|switch|p1b: Whimsicott|Whimsicott, L50, M|100/100
|move|p2a: Volcarona|Heat Wave|p1b: Whimsicott|[spread] p1b
|-miss|p2a: Volcarona|p1a: Porygon2
|-supereffective|p1b: Whimsicott
|-damage|p1b: Whimsicott|0 fnt
|faint|p1b: Whimsicott
|move|p2b: Rillaboom|Wood Hammer|p1a: Porygon2
|-damage|p1a: Porygon2|10/100
|-damage|p2b: Rillaboom|74/100|[from] Recoil
|move|p1a: Porygon2|Thunder Wave|p2a: Volcarona
|-status|p2a: Volcarona|par
|
|-heal|p2b: Rillaboom|80/100|[from] Grassy Terrain
|-heal|p1a: Porygon2|16/100|[from] Grassy Terrain
|-fieldend|move: Grassy Terrain
|upkeep
|
|t:|1757087952
|switch|p1b: Decidueye|Decidueye-Hisui, L50, M, shiny|100/100
|turn|6
|
|t:|1757087960
|switch|p1a: Rillaboom|Rillaboom, L50, M|95/100 brn
|-fieldstart|move: Grassy Terrain|[from] ability: Grassy Surge|[of] p1a: Rillaboom
|move|p1b: Decidueye|Protect|p1b: Decidueye
|-singleturn|p1b: Decidueye|Protect
|cant|p2a: Volcarona|par
|move|p2b: Rillaboom|Wood Hammer|p1a: Rillaboom
|-resisted|p1a: Rillaboom
|-damage|p1a: Rillaboom|53/100 brn
|-damage|p2b: Rillaboom|68/100|[from] Recoil
|
|-heal|p1a: Rillaboom|59/100 brn|[from] Grassy Terrain
|-heal|p1a: Rillaboom|64/100 brn|[from] item: Leftovers
|-heal|p2b: Rillaboom|74/100|[from] Grassy Terrain
|-damage|p1a: Rillaboom|59/100 brn|[from] brn
|upkeep
|turn|7
|inactive|pay_now$ has 30 seconds left.
|
|t:|1757087993
|move|p1a: Rillaboom|Fake Out|p2b: Rillaboom
|-damage|p2b: Rillaboom|68/100
|cant|p2a: Volcarona|par
|cant|p2b: Rillaboom|flinch
|move|p1b: Decidueye|Air Slash|p2a: Volcarona
|-supereffective|p2a: Volcarona
|-damage|p2a: Volcarona|84/100 par
|
|-heal|p1a: Rillaboom|64/100 brn|[from] Grassy Terrain
|-heal|p1a: Rillaboom|70/100 brn|[from] item: Leftovers
|-heal|p2a: Volcarona|90/100 par|[from] Grassy Terrain
|-heal|p2b: Rillaboom|73/100|[from] Grassy Terrain
|-damage|p1a: Rillaboom|64/100 brn|[from] brn
|upkeep
|turn|8
|
|t:|1757088015
|move|p1a: Rillaboom|Grassy Glide|p2a: Volcarona
|-resisted|p2a: Volcarona
|-damage|p2a: Volcarona|86/100 par
|move|p2a: Volcarona|Heat Wave|p1a: Rillaboom|[spread] p1a,p1b
|-supereffective|p1a: Rillaboom
|-supereffective|p1b: Decidueye
|-damage|p1a: Rillaboom|0 fnt
|-damage|p1b: Decidueye|0 fnt
|faint|p1a: Rillaboom
|faint|p1b: Decidueye
|move|p2b: Rillaboom|U-turn|p1: Rillaboom|[notarget]
|-fail|p2b: Rillaboom
|
|-heal|p2a: Volcarona|93/100 par|[from] Grassy Terrain
|-heal|p2b: Rillaboom|79/100|[from] Grassy Terrain
|upkeep
|
|t:|1757088030
|switch|p1a: Porygon2|Porygon2, L50|16/100
|-ability|p1a: Porygon2|Download|boost
|-boost|p1a: Porygon2|atk|1
|turn|9
|
|t:|1757088037
|move|p2b: Rillaboom|Grassy Glide|p1a: Porygon2
|-damage|p1a: Porygon2|0 fnt
|faint|p1a: Porygon2
|
|win|Tntforgotpassword
||Tntforgotpassword is ready for game 2.
||pay_now$ is ready for game 2.
|uhtml|next|Next: Game 2 of 3
|l|Ōśåpay_now$
|player|p1|
