|j|Ōśålarpnoahc17
|j|ŌśåMeriwis
|html|larpnoahc17Meriwis    
|uhtml|bestof|Game 1 of a best-of-3
|t:|1785024036
|gametype|doubles
|player|p1|larpnoahc17|miku-flying|
|player|p2|Meriwis|aquasuit|
|gen|9
|tier|[Gen 9 Champions] VGC 2026 Reg M-B (Bo3)
|rule|Species Clause: Limit one of each Pok├®mon
|rule|Item Clause: Limit 1 of each item
|clearpoke
|poke|p1|Glimmora, L50, F, shiny|
|poke|p1|Ninetales-Alola, L50, F, shiny|
|poke|p1|Talonflame, L50, M, shiny|
|poke|p1|Basculegion, L50, M, shiny|
|poke|p1|Kommo-o, L50, M, shiny|
|poke|p1|Kingambit, L50, M, shiny|
|poke|p2|Floette-Eternal, L50, F|
|poke|p2|Sneasler, L50, F|
|poke|p2|Pelipper, L50, F|
|poke|p2|Lycanroc-Dusk, L50, M, shiny|
|poke|p2|Archaludon, L50, F|
|poke|p2|Venusaur, L50, F|
|teampreview|4
|showteam|p1|Glimmora||Glimmoranite|ToxicDebris|PowerGem,SludgeBomb,EarthPower,SpikyShield|Modest||F|||50|]Ninetales-Alola||NeverMeltIce|SnowWarning|Blizzard,FreezeDry,Encore,Protect|Timid||F|||50|]Talonflame||SharpBeak|GaleWings|DualWingbeat,FlareBlitz,Tailwind,Protect|Jolly||M|||50|]Basculegion||ChoiceScarf|Adaptability|WaveCrash,AquaJet,FlipTurn,LastRespects|Jolly||M|||50|]Kommo-o||LifeOrb|Soundproof|ClangingScales,DracoMeteor,AuraSphere,Protect|Modest||M|||50|]Kingambit||FocusSash|Defiant|SuckerPunch,KowtowCleave,IronHead,LowKick|Adamant||M|||50|
|showteam|p2|Floette-Eternal||Floettite|FlowerVeil|LightofRuin,DazzlingGleam,Moonblast,Protect|Modest||F|||50|]Sneasler||WhiteHerb|Unburden|CloseCombat,DireClaw,FakeOut,Protect|Jolly||F|||50|]Pelipper||SitrusBerry|Drizzle|Hurricane,WeatherBall,Tailwind,Protect|Bold||F|||50|]Lycanroc-Dusk||FocusSash|ToughClaws|Accelerock,CloseCombat,RockSlide,Protect|Adamant||M|||50|]Archaludon||Leftovers|Stamina|ElectroShot,DragonPulse,FlashCannon,Protect|Modest||F|||50|]Venusaur||Venusaurite|Chlorophyll|GigaDrain,EarthPower,SludgeBomb,Protect|Modest||F|||50|
|c|Ōśålarpnoahc17|one sec my brother said I need to do smth
|c|ŌśåMeriwis|is he cute
|c|Ōśålarpnoahc17|3more mins
|c|ŌśåMeriwis|duuude
|c|Ōśålarpnoahc17|hi
|c|Ōśålarpnoahc17|idk if he's cute I'm too straight
|
|t:|1785024501
|teamsize|p1|4
|teamsize|p2|4
|start
|switch|p1a: BIRDDD|Talonflame, L50, M, shiny|100/100
|switch|p1b: Cringegambit|Kingambit, L50, M, shiny|100/100
|switch|p2a: Sneasler|Sneasler, L50, F|100/100
|switch|p2b: Pelipper|Pelipper, L50, F|100/100
|-weather|RainDance|[from] ability: Drizzle|[of] p2b: Pelipper
|turn|1
|
|t:|1785024516
|move|p2a: Sneasler|Fake Out|p1a: BIRDDD
|-damage|p1a: BIRDDD|80/100
|cant|p1a: BIRDDD|flinch
|move|p1b: Cringegambit|Kowtow Cleave|p2b: Pelipper
|-damage|p2b: Pelipper|47/100
|-enditem|p2b: Pelipper|Sitrus Berry|[eat]
|-heal|p2b: Pelipper|72/100|[from] item: Sitrus Berry
|move|p2b: Pelipper|Weather Ball|p1a: BIRDDD
|-supereffective|p1a: BIRDDD|1
|-damage|p1a: BIRDDD|0 fnt
|faint|p1a: BIRDDD
|
|-weather|RainDance|[upkeep]
|upkeep
|c|Ōśålarpnoahc17|ur crazy
|
|t:|1785024534
|switch|p1a: Komm-OH-NOOO|Kommo-o, L50, M, shiny|100/100
|turn|2
|
|t:|1785024543
|move|p2a: Sneasler|Dire Claw|p1a: Komm-OH-NOOO
|-damage|p1a: Komm-OH-NOOO|66/100
|move|p1a: Komm-OH-NOOO|Clanging Scales|p2b: Pelipper|[spread] p2a,p2b
|-crit|p2b: Pelipper
|-damage|p2a: Sneasler|34/100
|-damage|p2b: Pelipper|0 fnt
|faint|p2b: Pelipper
|-unboost|p1a: Komm-OH-NOOO|def|1
|-damage|p1a: Komm-OH-NOOO|56/100|[from] item: Life Orb
|move|p1b: Cringegambit|Iron Head|p2a: Sneasler
|-damage|p2a: Sneasler|0 fnt
|faint|p2a: Sneasler
|
|-weather|RainDance|[upkeep]
|upkeep
|
|t:|1785024553
|switch|p2a: Archaludon|Archaludon, L50, F|100/100
|switch|p2b: Venusaur|Venusaur, L50, F|100/100
|turn|3
|
|t:|1785024566
|detailschange|p2b: Venusaur|Venusaur-Mega, L50, F
|-mega|p2b: Venusaur|Venusaur|Venusaurite
|move|p1a: Komm-OH-NOOO|Protect|p1a: Komm-OH-NOOO
|-singleturn|p1a: Komm-OH-NOOO|Protect
|move|p2b: Venusaur|Earth Power|p1b: Cringegambit
|-supereffective|p1b: Cringegambit|1
|-damage|p1b: Cringegambit|29/100
|move|p2a: Archaludon|Electro Shot||[still]
|-prepare|p2a: Archaludon|Electro Shot
|-boost|p2a: Archaludon|spa|1
|-anim|p2a: Archaludon|Electro Shot|p1b: Cringegambit
|-damage|p1b: Cringegambit|0 fnt
|faint|p1b: Cringegambit
|
|-weather|RainDance|[upkeep]
|upkeep
|c|ŌśåMeriwis|that crit won you the game btw
|
|t:|1785024576
|switch|p1b: Nuke.|Glimmora, L50, F, shiny|100/100
|turn|4
|
|t:|1785024593
|detailschange|p1b: Nuke.|Glimmora-Mega, L50, F, shiny
|-mega|p1b: Nuke.|Glimmora|Glimmoranite
|move|p1b: Nuke.|Sludge Bomb|p2b: Venusaur
|-damage|p2b: Venusaur|42/100
|move|p1a: Komm-OH-NOOO|Clanging Scales|p2a: Archaludon|[spread] p2a,p2b
|-damage|p2a: Archaludon|53/100
|-damage|p2b: Venusaur|0 fnt
|-ability|p2a: Archaludon|Stamina|boost
|-boost|p2a: Archaludon|def|1
|faint|p2b: Venusaur
|-unboost|p1a: Komm-OH-NOOO|def|1
|-damage|p1a: Komm-OH-NOOO|47/100|[from] item: Life Orb
|move|p2a: Archaludon|Dragon Pulse|p1a: Komm-OH-NOOO
|-supereffective|p1a: Komm-OH-NOOO|1
|-damage|p1a: Komm-OH-NOOO|0 fnt
|faint|p1a: Komm-OH-NOOO
|
|-weather|RainDance|[upkeep]
|-heal|p2a: Archaludon|59/100|[from] item: Leftovers
|upkeep
|turn|5
|c|Ōśålarpnoahc17|nah you died anyway
|
|t:|1785024610
|move|p1b: Nuke.|Earth Power|p2a: Archaludon
|-supereffective|p2a: Archaludon|1
|-damage|p2a: Archaludon|0 fnt
|faint|p2a: Archaludon
|
|win|larpnoahc17
||Meriwis is ready for game 2.
||larpnoahc17 is ready for game 2.
|uhtml|next|Next: Game 2 of 3
