|j|☆DrakyPana
|j|☆DonVGC
|html|DrakyPanaDonVGC    
|uhtml|bestof|Game 1 of a best-of-3
|t:|1757646309
|gametype|doubles
|player|p1|DrakyPana|266|
|player|p2|DonVGC|265|
|gen|9
|tier|[Gen 9] VGC 2025 Reg H (Bo3)
|rule|Species Clause: Limit one of each Pokémon
|rule|Item Clause: Limit 1 of each item
|clearpoke
|poke|p1|Porygon2, L50|
|poke|p1|Incineroar, L50, F|
|poke|p1|Ursaluna, L50, M|
|poke|p1|Amoonguss, L50, F|
|poke|p1|Gholdengo, L50|
|poke|p1|Dragonite, L50, F|
|poke|p2|Clodsire, L50, M|
|poke|p2|Rillaboom, L50, F|
|poke|p2|Pelipper, L50, M|
|poke|p2|Archaludon, L50, M|
|poke|p2|Talonflame, L50, F|
|poke|p2|Kingdra, L50, F|
|teampreview|4
|showteam|p1|Porygon2||Eviolite|Download|TeraBlast,IceBeam,Recover,TrickRoom||||||50|,,,,,Fighting]Incineroar||SafetyGoggles|Intimidate|FlareBlitz,FakeOut,KnockOff,PartingShot|||F|||50|,,,,,Ghost]Ursaluna||FlameOrb|Guts|HeadlongRush,Facade,Earthquake,Protect|||M|||50|,,,,,Ghost]Amoonguss||SitrusBerry|Regenerator|PollenPuff,Spore,RagePowder,Protect|||F|||50|,,,,,Water]Gholdengo||LifeOrb|GoodasGold|MakeItRain,ShadowBall,NastyPlot,Protect||||||50|,,,,,Water]Dragonite||LoadedDice|Multiscale|ScaleShot,Haze,Tailwind,Protect|||F|||50|,,,,,Steel
|showteam|p2|Clodsire||FigyBerry|WaterAbsorb|Yawn,HighHorsepower,HelpingHand,Recover|||M|||50|,,,,,Grass]Rillaboom||AssaultVest|GrassySurge|FakeOut,HammerArm,GrassyGlide,WoodHammer|||F|||50|,,,,,Grass]Pelipper||FocusSash|Drizzle|Protect,Tailwind,Hurricane,WeatherBall|||M|||50|,,,,,Flying]Archaludon||PowerHerb|Stamina|AuraSphere,ElectroShot,FlashCannon,DracoMeteor|||M|||50|,,,,,Fighting]Talonflame||ChoiceBand|GaleWings|BraveBird,Uturn,FlareBlitz,Feint|||F|||50|,,,,,Flying]Kingdra||LifeOrb|SwiftSwim|MuddyWater,WeatherBall,Protect,DracoMeteor|||F|||50|,,,,,Water
|j| Cyan_Streamz
|inactive|Battle timer is ON: inactive players will automatically lose when time's up. (requested by DrakyPana)
|c|☆DrakyPana|glhf
|j| Ragnix
|inactive|DrakyPana has 60 seconds left.
|
|t:|1757646352
|teamsize|p1|4
|teamsize|p2|4
|start
|switch|p1a: Incineroar|Incineroar, L50, F|100/100
|switch|p1b: Porygon2|Porygon2, L50|100/100
|switch|p2a: Pelipper|Pelipper, L50, M|100/100
|switch|p2b: Kingdra|Kingdra, L50, F|100/100
|-weather|RainDance|[from] ability: Drizzle|[of] p2a: Pelipper
|-ability|p1b: Porygon2|Download|boost
|-boost|p1b: Porygon2|spa|1
|-ability|p1a: Incineroar|Intimidate|boost
|-unboost|p2a: Pelipper|atk|1
|-unboost|p2b: Kingdra|atk|1
|turn|1
|c| Ragnix|VAMOOOOOOOOOOOOOOOOOOOOOOOOOOOOOOOOOOO JUANPIIIIIIIIIIIIIIIIIIIIIIIIIIIIIIIIIIIIIIIII
|inactive|DonVGC has 30 seconds left.
|
|t:|1757646384
|switch|p2a: Archaludon|Archaludon, L50, M|100/100
|move|p1a: Incineroar|Fake Out|p2b: Kingdra
|-damage|p2b: Kingdra|88/100
|cant|p2b: Kingdra|flinch
|move|p1b: Porygon2|Trick Room|p1b: Porygon2
|-fieldstart|move: Trick Room|[of] p1b: Porygon2
|
|-weather|RainDance|[upkeep]
|upkeep
|turn|2
|inactive|DrakyPana has 30 seconds left.
|inactive|DonVGC has 30 seconds left.
|
|t:|1757646416
|-terastallize|p1b: Porygon2|Fighting
|move|p1a: Incineroar|Knock Off|p2b: Kingdra
|-damage|p2b: Kingdra|43/100
|-enditem|p2b: Kingdra|Life Orb|[from] move: Knock Off|[of] p1a: Incineroar
|move|p1b: Porygon2|Tera Blast|p2a: Archaludon|[anim] Tera Blast Fighting
|-supereffective|p2a: Archaludon
|-damage|p2a: Archaludon|0 fnt
|faint|p2a: Archaludon
|move|p2b: Kingdra|Muddy Water|p1a: Incineroar|[spread] p1a,p1b
|-supereffective|p1a: Incineroar
|-damage|p1a: Incineroar|20/100
|-damage|p1b: Porygon2|75/100
|
|-weather|RainDance|[upkeep]
|upkeep
|
|t:|1757646430
|switch|p2a: Rillaboom|Rillaboom, L50, F|100/100
|-fieldstart|move: Grassy Terrain|[from] ability: Grassy Surge|[of] p2a: Rillaboom
|turn|3
|
|t:|1757646448
|move|p2a: Rillaboom|Fake Out|p1b: Porygon2
|-damage|p1b: Porygon2|66/100
|move|p1a: Incineroar|Parting Shot|p2a: Rillaboom
|-unboost|p2a: Rillaboom|atk|1
|-unboost|p2a: Rillaboom|spa|1
|
|t:|1757646455
|switch|p1a: Gholdengo|Gholdengo, L50|100/100|[from] Parting Shot
|cant|p1b: Porygon2|flinch
|move|p2b: Kingdra|Muddy Water|p1a: Gholdengo|[spread] p1a,p1b
|-damage|p1a: Gholdengo|49/100
|-damage|p1b: Porygon2|35/100
|
|-weather|RainDance|[upkeep]
|-heal|p1b: Porygon2|42/100|[from] Grassy Terrain
|-heal|p1a: Gholdengo|55/100|[from] Grassy Terrain
|-heal|p2b: Kingdra|48/100|[from] Grassy Terrain
|upkeep
|turn|4
|inactive|DonVGC has 30 seconds left.
|inactive|DonVGC has 20 seconds left.
|inactive|DonVGC has 15 seconds left.
|inactive|DonVGC has 10 seconds left.
|inactive|DrakyPana has 30 seconds left.
|
|t:|1757646508
|switch|p2a: Pelipper|Pelipper, L50, M|100/100
|move|p2b: Kingdra|Protect|p2b: Kingdra
|-singleturn|p2b: Kingdra|Protect
|move|p1b: Porygon2|Recover|p1b: Porygon2
|-heal|p1b: Porygon2|92/100
|move|p1a: Gholdengo|Make It Rain|p2a: Pelipper|[spread] p2a
|-activate|p2b: Kingdra|move: Protect
|-resisted|p2a: Pelipper
|-damage|p2a: Pelipper|58/100
|-unboost|p1a: Gholdengo|spa|1
|-damage|p1a: Gholdengo|45/100|[from] item: Life Orb
|
|-weather|RainDance|[upkeep]
|-heal|p1b: Porygon2|98/100|[from] Grassy Terrain
|-heal|p1a: Gholdengo|51/100|[from] Grassy Terrain
|-heal|p2b: Kingdra|54/100|[from] Grassy Terrain
|upkeep
|turn|5
|inactive|DonVGC has 30 seconds left.
|inactive|DonVGC has 20 seconds left.
|
|t:|1757646546
|move|p1b: Porygon2|Tera Blast|p2b: Kingdra|[anim] Tera Blast Fighting
|-damage|p2b: Kingdra|0 fnt
|faint|p2b: Kingdra
|move|p2a: Pelipper|Weather Ball|p1a: Gholdengo
|-damage|p1a: Gholdengo|0 fnt
|faint|p1a: Gholdengo
|
|-weather|none
|-heal|p1b: Porygon2|100/100|[from] Grassy Terrain
|-fieldend|move: Trick Room
|upkeep
|
|t:|1757646559
|switch|p1a: Ursaluna|Ursaluna, L50, M|100/100
|switch|p2b: Rillaboom|Rillaboom, L50, F|100/100
|turn|6
|inactive|DonVGC has 30 seconds left.
|inactive|DonVGC has 20 seconds left.
|
|t:|1757646598
|switch|p1a: Incineroar|Incineroar, L50, F|20/100
|-ability|p1a: Incineroar|Intimidate|boost
|-unboost|p2a: Pelipper|atk|1
|-unboost|p2b: Rillaboom|atk|1
|move|p2b: Rillaboom|Hammer Arm|p1b: Porygon2
|-crit|p1b: Porygon2
|-damage|p1b: Porygon2|67/100
|-unboost|p2b: Rillaboom|spe|1
|move|p2a: Pelipper|Hurricane|p1b: Porygon2|[miss]
|-miss|p2a: Pelipper|p1b: Porygon2
|move|p1b: Porygon2|Trick Room|p1b: Porygon2
|-fieldstart|move: Trick Room|[of] p1b: Porygon2
|
|-heal|p1a: Incineroar|26/100|[from] Grassy Terrain
|-heal|p1b: Porygon2|73/100|[from] Grassy Terrain
|upkeep
|turn|7
|inactive|DrakyPana has 30 seconds left.
|inactive|DrakyPana has 20 seconds left.
|
|t:|1757646637
|move|p2b: Rillaboom|Hammer Arm|p1a: Incineroar
|-supereffective|p1a: Incineroar
|-damage|p1a: Incineroar|0 fnt
|-unboost|p2b: Rillaboom|spe|1
|faint|p1a: Incineroar
|move|p1b: Porygon2|Ice Beam|p2b: Rillaboom
|-supereffective|p2b: Rillaboom
|-damage|p2b: Rillaboom|41/100
|move|p2a: Pelipper|Hurricane|p1b: Porygon2
|-supereffective|p1b: Porygon2
|-crit|p1b: Porygon2
|-damage|p1b: Porygon2|0 fnt
|faint|p1b: Porygon2
|
|-heal|p2b: Rillaboom|47/100|[from] Grassy Terrain
|-fieldend|move: Grassy Terrain
|upkeep
|
|t:|1757646644
|switch|p1b: Ursaluna|Ursaluna, L50, M|100/100
|turn|8
|
|t:|1757646667
|-terastallize|p2b: Rillaboom|Grass
|move|p2b: Rillaboom|Wood Hammer|p1b: Ursaluna
|-supereffective|p1b: Ursaluna
|-damage|p1b: Ursaluna|5/100
|-damage|p2b: Rillaboom|10/100|[from] Recoil
|move|p1b: Ursaluna|Facade|p2b: Rillaboom
|-damage|p2b: Rillaboom|0 fnt
|faint|p2b: Rillaboom
|move|p2a: Pelipper|Hurricane|p1b: Ursaluna
|-damage|p1b: Ursaluna|0 fnt
|faint|p1b: Ursaluna
|
|win|DonVGC
||DrakyPana is ready for game 2.
|l|☆DrakyPana
|player|p1|
|inactive|DonVGC has 30 seconds to confirm battle start!
||DonVGC is ready for game 2.
|uhtml|next|Next: Game 2 of 3
|l| Ragnix
