|j|☆swooshcel
|j|☆Zephrhills
|html|swooshcelZephrhills    
|uhtml|bestof|Game 3 of a best-of-3
|t:|1784512138
|gametype|doubles
|player|p1|swooshcel|101|
|player|p2|Zephrhills|miku-ghost|
|gen|9
|tier|[Gen 9 Champions] VGC 2026 Reg M-B (Bo3)
|rule|Species Clause: Limit one of each Pokémon
|rule|Item Clause: Limit 1 of each item
|clearpoke
|poke|p1|Sinistcha-Masterpiece, L50|
|poke|p1|Basculegion, L50, M|
|poke|p1|Corviknight, L50, M|
|poke|p1|Glimmora, L50, F|
|poke|p1|Aurorus, L50, F|
|poke|p1|Froslass, L50, F|
|poke|p2|Tyranitar, L50, M, shiny|
|poke|p2|Greninja, L50, F, shiny|
|poke|p2|Blaziken, L50, F|
|poke|p2|Dragapult, L50, M|
|poke|p2|Scizor, L50, M|
|poke|p2|Florges-White, L50, F, shiny|
|teampreview|4
|showteam|p1|Sinistcha-Masterpiece||SitrusBerry|Hospitality|MatchaGotcha,LifeDew,ShadowBall,RagePowder|Timid|||||50|]Basculegion||ChoiceScarf|Adaptability|PsychicFangs,WaveCrash,LastRespects,FlipTurn|Jolly||M|||50|]Corviknight||FocusSash|Pressure|BraveBird,BodyPress,Tailwind,IronDefense|Impish||M|||50|]Glimmora||Glimmoranite|ToxicDebris|PowerGem,Protect,SludgeWave,MudShot|Modest||F|||50|]Aurorus||LightClay|SnowWarning|AuroraVeil,Blizzard,FlashCannon,Encore|Bold||F|||50|]Froslass||Froslassite|SnowCloak|Blizzard,Protect,NastyPlot,ShadowBall|Modest||F|||50|
|showteam|p2|Tyranitar||ExpertBelt|SandStream|ThunderWave,Protect,PowerGem,Thunderbolt|Quiet||M|||50|]Greninja||LifeOrb|Protean|GrassKnot,DarkPulse,Extrasensory,Blizzard|Modest||F|||50|]Blaziken||Blazikenite|SpeedBoost|Detect,Overheat,ThunderPunch,CloseCombat|Adamant||F|||50|]Dragapult||ChoiceScarf|Infiltrator|DracoMeteor,Uturn,Flamethrower,ShadowBall|Modest||M|||50|]Scizor||SitrusBerry|Technician|BulletPunch,KnockOff,Tailwind,Protect|Careful||M|||50|]Florges-White||Leftovers|Symbiosis|DrainingKiss,Wish,Protect,HelpingHand|Bold||F|||50|
|
|t:|1784512244
|teamsize|p1|4
|teamsize|p2|4
|start
|switch|p1a: tailwind slave|Corviknight, L50, M|100/100
|switch|p1b: train neck|Glimmora, L50, F|100/100
|switch|p2a: Scizor|Scizor, L50, M|100/100
|switch|p2b: Dragapult|Dragapult, L50, M|100/100
|-ability|p1a: tailwind slave|Pressure
|turn|1
|
|t:|1784512265
|switch|p1b: roland|Basculegion, L50, M|100/100
|move|p2a: Scizor|Bullet Punch|p1b: roland
|-resisted|p1b: roland|1
|-damage|p1b: roland|82/100
|move|p2b: Dragapult|Flamethrower|p1a: tailwind slave
|-supereffective|p1a: tailwind slave|1
|-damage|p1a: tailwind slave|39/100
|move|p1a: tailwind slave|Tailwind|p1a: tailwind slave
|-sidestart|p1: swooshcel|move: Tailwind
|
|upkeep
|turn|2
|
|t:|1784512291
|switch|p2b: Florges|Florges-White, L50, F, shiny|100/100
|move|p1b: roland|Last Respects|p2b: Florges
|-damage|p2b: Florges|68/100
|move|p1a: tailwind slave|Iron Defense|p1a: tailwind slave
|-boost|p1a: tailwind slave|def|2
|move|p2a: Scizor|Tailwind|p2a: Scizor
|-sidestart|p2: Zephrhills|move: Tailwind
|
|-heal|p2b: Florges|75/100|[from] item: Leftovers
|upkeep
|turn|3
|
|t:|1784512320
|switch|p1b: train neck|Glimmora, L50, F|100/100
|move|p2b: Florges|Helping Hand|p2a: Scizor
|-singleturn|p2a: Scizor|Helping Hand|[of] p2b: Florges
|move|p1a: tailwind slave|Iron Defense|p1a: tailwind slave
|-boost|p1a: tailwind slave|def|2
|move|p2a: Scizor|Knock Off|p1b: train neck
|-damage|p1b: train neck|71/100
|-activate|p1b: train neck|ability: Toxic Debris
|-sidestart|p2: Zephrhills|move: Toxic Spikes
|
|-heal|p2b: Florges|81/100|[from] item: Leftovers
|upkeep
|turn|4
|
|t:|1784512342
|move|p2b: Florges|Helping Hand|p2a: Scizor
|-singleturn|p2a: Scizor|Helping Hand|[of] p2b: Florges
|move|p2a: Scizor|Bullet Punch|p1b: train neck
|-supereffective|p1b: train neck|1
|-damage|p1b: train neck|0 fnt
|-activate|p1b: train neck|ability: Toxic Debris
|-sidestart|p2: Zephrhills|move: Toxic Spikes
|faint|p1b: train neck
|move|p1a: tailwind slave|Body Press|p2a: Scizor
|-crit|p2a: Scizor
|-damage|p2a: Scizor|0 fnt
|faint|p2a: Scizor
|
|-heal|p2b: Florges|87/100|[from] item: Leftovers
|-sideend|p1: swooshcel|move: Tailwind
|upkeep
|
|t:|1784512357
|switch|p1b: roland|Basculegion, L50, M|82/100
|switch|p2a: Blaziken|Blaziken, L50, F|100/100
|-status|p2a: Blaziken|tox
|turn|5
|
|t:|1784512398
|detailschange|p2a: Blaziken|Blaziken-Mega, L50, F
|-mega|p2a: Blaziken|Blaziken|Blazikenite
|move|p2a: Blaziken|Detect|p2a: Blaziken
|-singleturn|p2a: Blaziken|Protect
|move|p1b: roland|Wave Crash|p2a: Blaziken
|-activate|p2a: Blaziken|move: Protect
|move|p2b: Florges|Wish|p2b: Florges
|move|p1a: tailwind slave|Body Press|p2a: Blaziken
|-activate|p2a: Blaziken|move: Protect
|
|-heal|p2b: Florges|93/100|[from] item: Leftovers
|-damage|p2a: Blaziken|93/100 tox|[from] psn
|-sideend|p2: Zephrhills|move: Tailwind
|-ability|p2a: Blaziken|Speed Boost|boost
|-boost|p2a: Blaziken|spe|1
|upkeep
|turn|6
|
|t:|1784512427
|switch|p2a: Dragapult|Dragapult, L50, M|100/100
|-status|p2a: Dragapult|tox
|move|p1b: roland|Wave Crash|p2a: Dragapult
|-resisted|p2a: Dragapult|1
|-damage|p2a: Dragapult|47/100 tox
|-damage|p1b: roland|68/100|[from] Recoil
|move|p2b: Florges|Draining Kiss|p1b: roland
|-damage|p1b: roland|43/100
|-heal|p2b: Florges|100/100|[from] drain|[of] p1b: roland
|move|p1a: tailwind slave|Brave Bird|p2a: Dragapult
|-damage|p2a: Dragapult|0 fnt
|faint|p2a: Dragapult
|-damage|p1a: tailwind slave|26/100|[from] Recoil
|
|upkeep
|
|t:|1784512441
|switch|p2a: Blaziken|Blaziken-Mega, L50, F|93/100 tox
|turn|7
|
|t:|1784512451
|move|p2a: Blaziken|Detect|p2a: Blaziken
|-singleturn|p2a: Blaziken|Protect
|move|p1b: roland|Wave Crash|p2a: Blaziken
|-activate|p2a: Blaziken|move: Protect
|move|p2b: Florges|Draining Kiss|p1b: roland
|-damage|p1b: roland|21/100
|move|p1a: tailwind slave|Body Press|p2a: Blaziken
|-activate|p2a: Blaziken|move: Protect
|
|-damage|p2a: Blaziken|87/100 tox|[from] psn
|-ability|p2a: Blaziken|Speed Boost|boost
|-boost|p2a: Blaziken|spe|1
|upkeep
|turn|8
|
|t:|1784512474
|move|p1b: roland|Wave Crash|p2a: Blaziken
|-supereffective|p2a: Blaziken|1
|-damage|p2a: Blaziken|0 fnt
|faint|p2a: Blaziken
|-damage|p1b: roland|0 fnt|[from] Recoil
|faint|p1b: roland
|move|p2b: Florges|Draining Kiss|p1a: tailwind slave
|-resisted|p1a: tailwind slave|1
|-damage|p1a: tailwind slave|16/100
|move|p1a: tailwind slave|Brave Bird|p2b: Florges
|-damage|p2b: Florges|66/100
|-damage|p1a: tailwind slave|6/100|[from] Recoil
|
|-heal|p2b: Florges|72/100|[from] item: Leftovers
|upkeep
|
|t:|1784512486
|switch|p1b: rime shank|Froslass, L50, F|100/100
|turn|9
|
|t:|1784512493
|detailschange|p1b: rime shank|Froslass-Mega, L50, F
|-mega|p1b: rime shank|Froslass|Froslassite
|-weather|Snowscape|[from] ability: Snow Warning|[of] p1b: rime shank
|move|p1b: rime shank|Shadow Ball|p2b: Florges
|-damage|p2b: Florges|39/100
|move|p2b: Florges|Wish|p2b: Florges
|move|p1a: tailwind slave|Body Press|p2b: Florges
|-resisted|p2b: Florges|1
|-damage|p2b: Florges|0 fnt
|faint|p2b: Florges
|
|win|swooshcel
|l|☆Zephrhills
|player|p2|
