|j|☆atxflyer
|j|☆Phonyy1
|html|atxflyerPhonyy1    
|uhtml|bestof|Game 3 of a best-of-3
|t:|1756862359
|gametype|doubles
|player|p1|atxflyer|alder|1000
|player|p2|Phonyy1|n|1052
|gen|9
|tier|[Gen 9] VGC 2025 Reg H (Bo3)
|rated|
|rule|Species Clause: Limit one of each Pokémon
|rule|Item Clause: Limit 1 of each item
|clearpoke
|poke|p1|Dragonite, L50, M|
|poke|p1|Gholdengo, L50|
|poke|p1|Rillaboom, L50, M|
|poke|p1|Ursaluna-Bloodmoon, L50, M|
|poke|p1|Maushold-Four, L50|
|poke|p1|Annihilape, L50, M|
|poke|p2|Rillaboom, L50, M|
|poke|p2|Incineroar, L50, M|
|poke|p2|Archaludon, L50, M|
|poke|p2|Amoonguss, L50, M|
|poke|p2|Basculegion, L50, M|
|poke|p2|Politoed, L50, F|
|teampreview|4
|showteam|p1|Dragonite||LoadedDice|Multiscale|ScaleShot,Tailwind,Haze,Protect|||M|||50|,,,,,Fairy]Gholdengo||LifeOrb|GoodasGold|MakeItRain,ShadowBall,NastyPlot,Protect||||||50|,,,,,Flying]Rillaboom||MiracleSeed|GrassySurge|WoodHammer,GrassyGlide,HighHorsepower,FakeOut|||M|||50|,,,,,Fire]Ursaluna-Bloodmoon||AssaultVest|MindsEye|BloodMoon,EarthPower,HyperVoice,VacuumWave|||M|||50|,,,,,Water]Maushold-Four||FocusSash|FriendGuard|SuperFang,FollowMe,BeatUp,Protect||||||50|,,,,,Ghost]Annihilape||SitrusBerry|Defiant|DrainPunch,RageFist,BulkUp,Protect|||M|||50|,,,,,Water
|showteam|p2|Rillaboom||AssaultVest|GrassySurge|WoodHammer,Uturn,GrassyGlide,FakeOut|||M|||50|,,,,,Fire]Incineroar||SafetyGoggles|Intimidate|FakeOut,PartingShot,FlareBlitz,KnockOff|||M|||50|,,,,,Water]Archaludon||ClearAmulet|Stamina|ElectroShot,FlashCannon,Protect,DragonPulse|||M|||50|,,,,,Grass]Amoonguss||RockyHelmet|Regenerator|Spore,RagePowder,SludgeBomb,PollenPuff|||M|||50|,,,,,Ground]Basculegion||ChoiceScarf|Adaptability|FlipTurn,LastRespects,WaveCrash,IceFang|||M|||50|,,,,,Water]Politoed||Leftovers|Drizzle|WeatherBall,Protect,Encore,ChillingWater|||F|||50|,,,,,Steel
|
|t:|1756862402
|teamsize|p1|4
|teamsize|p2|4
|start
|switch|p1a: Rillaboom|Rillaboom, L50, M|100/100
|switch|p1b: Annihilape|Annihilape, L50, M, shiny|100/100
|switch|p2a: Bull|Politoed, L50, F|100/100
|switch|p2b: Golden Gate|Archaludon, L50, M|100/100
|-fieldstart|move: Grassy Terrain|[from] ability: Grassy Surge|[of] p1a: Rillaboom
|-weather|RainDance|[from] ability: Drizzle|[of] p2a: Bull
|turn|1
|
|t:|1756862430
|move|p1a: Rillaboom|Fake Out|p2a: Bull
|-damage|p2a: Bull|84/100
|move|p1b: Annihilape|Bulk Up|p1b: Annihilape
|-boost|p1b: Annihilape|atk|1
|-boost|p1b: Annihilape|def|1
|move|p2b: Golden Gate|Electro Shot||[still]
|-prepare|p2b: Golden Gate|Electro Shot
|-boost|p2b: Golden Gate|spa|1
|-anim|p2b: Golden Gate|Electro Shot|p1b: Annihilape
|-damage|p1b: Annihilape|38/100
|-enditem|p1b: Annihilape|Sitrus Berry|[eat]
|-heal|p1b: Annihilape|63/100|[from] item: Sitrus Berry
|cant|p2a: Bull|flinch
|
|-weather|RainDance|[upkeep]
|-heal|p1b: Annihilape|70/100|[from] Grassy Terrain
|-heal|p2a: Bull|90/100|[from] Grassy Terrain
|-heal|p2a: Bull|96/100|[from] item: Leftovers
|upkeep
|turn|2
|
|t:|1756862478
|switch|p2a: 100v1|Rillaboom, L50, M|100/100
|move|p2b: Golden Gate|Protect|p2b: Golden Gate
|-singleturn|p2b: Golden Gate|Protect
|move|p1b: Annihilape|Rage Fist|p2b: Golden Gate
|-activate|p2b: Golden Gate|move: Protect
|move|p1a: Rillaboom|High Horsepower|p2a: 100v1
|-resisted|p2a: 100v1
|-damage|p2a: 100v1|84/100
|
|-weather|RainDance|[upkeep]
|-heal|p1b: Annihilape|76/100|[from] Grassy Terrain
|-heal|p2a: 100v1|89/100|[from] Grassy Terrain
|upkeep
|turn|3
|
|t:|1756862519
|switch|p1a: Gholdengo|Gholdengo, L50|100/100
|move|p2a: 100v1|Grassy Glide|p1b: Annihilape
|-damage|p1b: Annihilape|52/100
|move|p1b: Annihilape|Rage Fist|p2b: Golden Gate
|-damage|p2b: Golden Gate|25/100
|-ability|p2b: Golden Gate|Stamina|boost
|-boost|p2b: Golden Gate|def|1
|move|p2b: Golden Gate|Electro Shot||[still]
|-prepare|p2b: Golden Gate|Electro Shot
|-boost|p2b: Golden Gate|spa|1
|-anim|p2b: Golden Gate|Electro Shot|p1b: Annihilape
|-damage|p1b: Annihilape|0 fnt
|faint|p1b: Annihilape
|
|-weather|RainDance|[upkeep]
|-heal|p2b: Golden Gate|31/100|[from] Grassy Terrain
|-heal|p2a: 100v1|95/100|[from] Grassy Terrain
|upkeep
|
|t:|1756862537
|switch|p1b: Rillaboom|Rillaboom, L50, M|100/100
|turn|4
|
|t:|1756862580
|move|p2b: Golden Gate|Protect|p2b: Golden Gate
|-singleturn|p2b: Golden Gate|Protect
|move|p1b: Rillaboom|Fake Out|p2a: 100v1
|-crit|p2a: 100v1
|-damage|p2a: 100v1|75/100
|move|p1a: Gholdengo|Shadow Ball|p2b: Golden Gate
|-activate|p2b: Golden Gate|move: Protect
|cant|p2a: 100v1|flinch
|
|-weather|RainDance|[upkeep]
|-heal|p2b: Golden Gate|37/100|[from] Grassy Terrain
|-heal|p2a: 100v1|80/100|[from] Grassy Terrain
|upkeep
|turn|5
|
|t:|1756862627
|switch|p2b: Karp|Basculegion, L50, M|100/100
|move|p2a: 100v1|Grassy Glide|p1a: Gholdengo
|-resisted|p1a: Gholdengo
|-damage|p1a: Gholdengo|80/100
|move|p1a: Gholdengo|Shadow Ball|p2b: Karp
|-supereffective|p2b: Karp
|-damage|p2b: Karp|0 fnt
|faint|p2b: Karp
|-damage|p1a: Gholdengo|71/100|[from] item: Life Orb
|move|p1b: Rillaboom|Wood Hammer|p2a: 100v1
|-resisted|p2a: 100v1
|-damage|p2a: 100v1|30/100
|-damage|p1b: Rillaboom|85/100|[from] Recoil
|
|-weather|none
|-heal|p1a: Gholdengo|77/100|[from] Grassy Terrain
|-heal|p1b: Rillaboom|91/100|[from] Grassy Terrain
|-heal|p2a: 100v1|36/100|[from] Grassy Terrain
|-fieldend|move: Grassy Terrain
|upkeep
|
|t:|1756862644
|switch|p2b: Bull|Politoed, L50, F|96/100
|-weather|RainDance|[from] ability: Drizzle|[of] p2b: Bull
|turn|6
|
|t:|1756862674
|move|p2b: Bull|Protect|p2b: Bull
|-singleturn|p2b: Bull|Protect
|move|p1a: Gholdengo|Nasty Plot|p1a: Gholdengo
|-boost|p1a: Gholdengo|spa|2
|move|p1b: Rillaboom|Grassy Glide|p2b: Bull
|-activate|p2b: Bull|move: Protect
|move|p2a: 100v1|U-turn|p1b: Rillaboom
|-supereffective|p1b: Rillaboom
|-damage|p1b: Rillaboom|42/100
|
|t:|1756862684
|switch|p2a: Golden Gate|Archaludon, L50, M|37/100|[from] U-turn
|
|-weather|RainDance|[upkeep]
|-heal|p2b: Bull|100/100|[from] item: Leftovers
|upkeep
|turn|7
|inactive|Battle timer is ON: inactive players will automatically lose when time's up. (requested by Phonyy1)
|
|t:|1756862734
|switch|p1b: Ursaluna|Ursaluna-Bloodmoon, L50, M|100/100
|move|p1a: Gholdengo|Protect|p1a: Gholdengo
|-singleturn|p1a: Gholdengo|Protect
|move|p2a: Golden Gate|Protect|p2a: Golden Gate
|-singleturn|p2a: Golden Gate|Protect
|move|p2b: Bull|Weather Ball|p1a: Gholdengo
|-activate|p1a: Gholdengo|move: Protect
|
|-weather|RainDance|[upkeep]
|upkeep
|turn|8
|inactive|atxflyer has 30 seconds left.
|
|t:|1756862763
|switch|p2a: 100v1|Rillaboom, L50, M|36/100
|-fieldstart|move: Grassy Terrain|[from] ability: Grassy Surge|[of] p2a: 100v1
|move|p1a: Gholdengo|Shadow Ball|p2a: 100v1
|-damage|p2a: 100v1|0 fnt
|faint|p2a: 100v1
|-damage|p1a: Gholdengo|67/100|[from] item: Life Orb
|move|p2b: Bull|Weather Ball|p1a: Gholdengo
|-damage|p1a: Gholdengo|9/100
|move|p1b: Ursaluna|Blood Moon|p2b: Bull
|-damage|p2b: Bull|44/100
|
|-weather|RainDance|[upkeep]
|-heal|p1a: Gholdengo|15/100|[from] Grassy Terrain
|-heal|p2b: Bull|50/100|[from] Grassy Terrain
|-heal|p2b: Bull|56/100|[from] item: Leftovers
|upkeep
|
|t:|1756862780
|switch|p2a: Golden Gate|Archaludon, L50, M|37/100
|turn|9
|
|t:|1756862800
|-terastallize|p2a: Golden Gate|Grass
|move|p1a: Gholdengo|Protect|p1a: Gholdengo
|-singleturn|p1a: Gholdengo|Protect
|move|p2a: Golden Gate|Dragon Pulse|p1b: Ursaluna
|-damage|p1b: Ursaluna|69/100
|move|p2b: Bull|Weather Ball|p1a: Gholdengo
|-activate|p1a: Gholdengo|move: Protect
|move|p1b: Ursaluna|Hyper Voice|p2b: Bull|[spread] p2a,p2b
|-damage|p2a: Golden Gate|0 fnt
|-damage|p2b: Bull|31/100
|faint|p2a: Golden Gate
|
|-weather|RainDance|[upkeep]
|-heal|p1a: Gholdengo|21/100|[from] Grassy Terrain
|-heal|p2b: Bull|38/100|[from] Grassy Terrain
|-heal|p2b: Bull|44/100|[from] item: Leftovers
|-heal|p1b: Ursaluna|75/100|[from] Grassy Terrain
|upkeep
|turn|10
|-message|Phonyy1 forfeited.
|
|win|atxflyer
|raw|atxflyer's rating: 1000 → 1046(+46 for winning)
|raw|Phonyy1's rating: 1052 → 1032(-20 for losing)
|l|☆Phonyy1
|player|p2|
|l|☆atxflyer
|player|p1|
|j|☆atxflyer
|player|p1|atxflyer|alder|
