|j|☆Irthal
|j|☆sopa de moscas
|html|Irthalsopa de moscas    
|uhtml|bestof|Game 1 of a best-of-3
|t:|1783519884
|gametype|doubles
|player|p1|Irthal|265|1174
|player|p2|sopa de moscas|miku-ghost|1379
|gen|9
|tier|[Gen 9 Champions] VGC 2026 Reg M-B (Bo3)
|rated|
|rule|Species Clause: Limit one of each Pokémon
|rule|Item Clause: Limit 1 of each item
|clearpoke
|poke|p1|Blastoise, L50, M|
|poke|p1|Sinistcha, L50|
|poke|p1|Delphox, L50, M|
|poke|p1|Incineroar, L50, M|
|poke|p1|Sneasler, L50, F|
|poke|p1|Kingambit, L50, F|
|poke|p2|Incineroar, L50, F|
|poke|p2|Farigiraf, L50, F|
|poke|p2|Torkoal, L50, M|
|poke|p2|Floette-Eternal, L50, F|
|poke|p2|Maushold-Four, L50|
|poke|p2|Golurk, L50|
|teampreview|4
|showteam|p1|Blastoise||Blastoisinite|RainDish|WaterSpout,DarkPulse,ShellSmash,Protect|Modest||M|||50|]Sinistcha||OccaBerry|Hospitality|RagePowder,MatchaGotcha,TrickRoom,Protect|Bold|||||50|]Delphox||Delphoxite|Blaze|HeatWave,NastyPlot,Psychic,Protect|Timid||M|||50|]Incineroar||SitrusBerry|Intimidate|FakeOut,FlareBlitz,HelpingHand,PartingShot|Impish||M|||50|]Sneasler||FocusSash|PoisonTouch|CloseCombat,DireClaw,QuickGuard,FakeOut|Jolly||F|||50|]Kingambit||BlackGlasses|Defiant|SuckerPunch,KowtowCleave,SwordsDance,Protect|Adamant||F|||50|
|showteam|p2|Incineroar||ChopleBerry|Intimidate|ThroatChop,FakeOut,FlareBlitz,PartingShot|Careful||F|||50|]Farigiraf||SitrusBerry|ArmorTail|Thunderbolt,Psychic,TrickRoom,Protect|Sassy||F|||50|]Torkoal||Charcoal|Drought|Eruption,HeatWave,WeatherBall,Protect|Quiet||M|||50|]Floette-Eternal||Floettite|FlowerVeil|Moonblast,DazzlingGleam,LightofRuin,Protect|Modest||F|||50|]Maushold-Four||WideLens|Technician|PopulationBomb,FollowMe,HelpingHand,Protect|Jolly|||||50|]Golurk||LifeOrb|NoGuard|HeadlongRush,Poltergeist,Protect,StoneEdge|Brave|||||50|
|inactive|Battle timer is ON: inactive players will automatically lose when time's up. (requested by sopa de moscas)
|inactive|Irthal has 60 seconds left.
|
|t:|1783519950
|teamsize|p1|4
|teamsize|p2|4
|start
|switch|p1a: Delphox|Delphox, L50, M|100/100
|switch|p1b: Incineroar|Incineroar, L50, M|100/100
|switch|p2a: Floette|Floette-Eternal, L50, F|100/100
|switch|p2b: Farigiraf|Farigiraf, L50, F|100/100
|-ability|p1b: Incineroar|Intimidate|boost
|-unboost|p2a: Floette|atk|1
|-unboost|p2b: Farigiraf|atk|1
|turn|1
|
|t:|1783519973
|detailschange|p1a: Delphox|Delphox-Mega, L50, M
|-mega|p1a: Delphox|Delphox|Delphoxite
|detailschange|p2a: Floette|Floette-Mega, L50, F
|-mega|p2a: Floette|Floette|Floettite
|-ability|p2a: Floette|Fairy Aura
|move|p1a: Delphox|Nasty Plot|p1a: Delphox
|-boost|p1a: Delphox|spa|2
|move|p2a: Floette|Dazzling Gleam|p1a: Delphox|[spread] p1a,p1b
|-resisted|p1a: Delphox|1
|-damage|p1a: Delphox|76/100
|-damage|p1b: Incineroar|49/100
|-enditem|p1b: Incineroar|Sitrus Berry|[eat]
|-heal|p1b: Incineroar|74/100|[from] item: Sitrus Berry
|move|p1b: Incineroar|Parting Shot|p2a: Floette
|-unboost|p2a: Floette|atk|1
|-unboost|p2a: Floette|spa|1
|
|t:|1783519990
|switch|p1b: Sinistcha|Sinistcha, L50|100/100|[from] Parting Shot
|-heal|p1a: Delphox|100/100|[from] ability: Hospitality|[of] p1b: Sinistcha
|move|p2b: Farigiraf|Trick Room|p2b: Farigiraf
|-fieldstart|move: Trick Room|[of] p2b: Farigiraf
|
|upkeep
|turn|2
|
|t:|1783520008
|move|p1a: Delphox|Protect|p1a: Delphox
|-singleturn|p1a: Delphox|Protect
|move|p2b: Farigiraf|Psychic|p1b: Sinistcha
|-damage|p1b: Sinistcha|62/100
|move|p2a: Floette|Light of Ruin|p1b: Sinistcha|[miss]
|-miss|p2a: Floette|p1b: Sinistcha
|move|p1b: Sinistcha|Trick Room|p1b: Sinistcha
|-fieldend|move: Trick Room
|
|upkeep
|turn|3
|
|t:|1783520029
|move|p1a: Delphox|Heat Wave|p2b: Farigiraf|[spread] p2a,p2b
|-damage|p2a: Floette|37/100
|-damage|p2b: Farigiraf|32/100
|-enditem|p2b: Farigiraf|Sitrus Berry|[eat]
|-heal|p2b: Farigiraf|56/100|[from] item: Sitrus Berry
|move|p2a: Floette|Light of Ruin|p1b: Sinistcha
|-damage|p1b: Sinistcha|0 fnt
|faint|p1b: Sinistcha
|-damage|p2a: Floette|6/100|[from] Recoil
|move|p2b: Farigiraf|Trick Room|p2b: Farigiraf
|-fieldstart|move: Trick Room|[of] p2b: Farigiraf
|
|upkeep
|
|t:|1783520043
|switch|p1b: Incineroar|Incineroar, L50, M|74/100
|-ability|p1b: Incineroar|Intimidate|boost
|-unboost|p2a: Floette|atk|1
|-unboost|p2b: Farigiraf|atk|1
|turn|4
|
|t:|1783520067
|move|p2b: Farigiraf|Protect|p2b: Farigiraf
|-singleturn|p2b: Farigiraf|Protect
|move|p1b: Incineroar|Flare Blitz|p2a: Floette
|-damage|p2a: Floette|0 fnt
|faint|p2a: Floette
|-damage|p1b: Incineroar|72/100|[from] Recoil
|move|p1a: Delphox|Heat Wave|p2b: Farigiraf
|-activate|p2b: Farigiraf|move: Protect
|
|upkeep
|
|t:|1783520078
|switch|p2a: Incineroar|Incineroar, L50, F|100/100
|-ability|p2a: Incineroar|Intimidate|boost
|-unboost|p1a: Delphox|atk|1
|-unboost|p1b: Incineroar|atk|1
|turn|5
|
|t:|1783520093
|switch|p2b: Torkoal|Torkoal, L50, M|100/100
|-weather|SunnyDay|[from] ability: Drought|[of] p2b: Torkoal
|move|p1a: Delphox|Protect|p1a: Delphox
|-singleturn|p1a: Delphox|Protect
|move|p2a: Incineroar|Fake Out|p1b: Incineroar
|-damage|p1b: Incineroar|63/100
|cant|p1b: Incineroar|flinch
|
|-weather|SunnyDay|[upkeep]
|upkeep
|turn|6
|inactive|Irthal has 30 seconds left.
|inactive|Irthal has 20 seconds left.
|inactive|Irthal has 15 seconds left.
|inactive|Irthal has 10 seconds left.
|
|t:|1783520139
|switch|p1a: Sneasler|Sneasler, L50, F|100/100
|move|p2b: Torkoal|Eruption|p1b: Incineroar|[spread] p1a,p1b
|-resisted|p1b: Incineroar|1
|-crit|p1b: Incineroar
|-enditem|p1a: Sneasler|Focus Sash
|-damage|p1a: Sneasler|1/100
|-damage|p1b: Incineroar|0 fnt
|faint|p1b: Incineroar
|move|p2a: Incineroar|Throat Chop|p1a: Sneasler
|-resisted|p1a: Sneasler|1
|-damage|p1a: Sneasler|0 fnt
|faint|p1a: Sneasler
|
|-weather|SunnyDay|[upkeep]
|upkeep
|
|t:|1783520158
|switch|p1b: Delphox|Delphox-Mega, L50, M|100/100
|turn|7
|
|t:|1783520162
|move|p1b: Delphox|Protect|p1b: Delphox
|-singleturn|p1b: Delphox|Protect
|move|p2b: Torkoal|Eruption|p1b: Delphox
|-activate|p1b: Delphox|move: Protect
|move|p2a: Incineroar|Throat Chop|p1b: Delphox
|-activate|p1b: Delphox|move: Protect
|
|-weather|SunnyDay|[upkeep]
|-fieldend|move: Trick Room
|upkeep
|turn|8
|inactive|Irthal has 30 seconds left.
|
|t:|1783520193
|move|p1b: Delphox|Heat Wave|p2b: Torkoal|[spread] p2b
|-miss|p1b: Delphox|p2a: Incineroar
|-resisted|p2b: Torkoal|1
|-damage|p2b: Torkoal|59/100
|move|p2a: Incineroar|Throat Chop|p1b: Delphox
|-supereffective|p1b: Delphox|1
|-damage|p1b: Delphox|13/100
|-start|p1b: Delphox|Throat Chop|[silent]
|move|p2b: Torkoal|Weather Ball|p1b: Delphox
|-resisted|p1b: Delphox|1
|-damage|p1b: Delphox|0 fnt
|faint|p1b: Delphox
|
|win|sopa de moscas
||sopa de moscas is ready for game 2.
|inactive|Irthal has 30 seconds to confirm battle start!
||Irthal is ready for game 2.
|uhtml|next|Next: Game 2 of 3
|l|☆Irthal
|player|p1|
