|j|☆Wesrui
|j|☆Sizzle2466
|html|WesruiSizzle2466    
|uhtml|bestof|Game 1 of a best-of-3
|t:|1757804276
|gametype|doubles
|player|p1|Wesrui|silver|1034
|player|p2|Sizzle2466|102|1088
|gen|9
|tier|[Gen 9] VGC 2025 Reg H (Bo3)
|rated|
|rule|Species Clause: Limit one of each Pokémon
|rule|Item Clause: Limit 1 of each item
|clearpoke
|poke|p1|Ninetales-Alola, L50, M|
|poke|p1|Kommo-o, L50, F|
|poke|p1|Arcanine-Hisui, L50, F|
|poke|p1|Basculegion, L50, M|
|poke|p1|Kingambit, L50, F|
|poke|p1|Rillaboom, L50, F|
|poke|p2|Galvantula, L50, M|
|poke|p2|Incineroar, L50, F|
|poke|p2|Amoonguss, L50, M|
|poke|p2|Gholdengo, L50|
|poke|p2|Palafin, L50, F|
|poke|p2|Flamigo, L50, M|
|teampreview|4
|showteam|p1|Ninetales-Alola||FocusSash|SnowWarning|Blizzard,Encore,IcyWind,AuroraVeil|||M|||50|,,,,,Ghost]Kommo-o||ThroatSpray|Overcoat|ClangingScales,Flamethrower,ClangorousSoul,Protect|||F|||50|,,,,,Fire]Arcanine-Hisui||ChoiceBand|Intimidate|FlareBlitz,RockSlide,ExtremeSpeed,HeadSmash|||F|||50|,,,,,Ghost]Basculegion||ChoiceScarf|Adaptability|WaveCrash,LastRespects,FlipTurn,AquaJet|||M|||50|,,,,,Water]Kingambit||AssaultVest|Defiant|SuckerPunch,KowtowCleave,LowKick,IronHead|||F|||50|,,,,,Water]Rillaboom||MiracleSeed|GrassySurge|GrassyGlide,WoodHammer,FakeOut,Taunt|||F|||50|,,,,,Grass
|showteam|p2|Galvantula||AssaultVest|CompoundEyes|Electroweb,BugBuzz,Thunderbolt,VoltSwitch|||M|||50|,,,,,Electric]Incineroar||SafetyGoggles|Intimidate|FakeOut,FlareBlitz,KnockOff,PartingShot|||F|||50|,,,,,Ghost]Amoonguss||CovertCloak|Regenerator|Spore,RagePowder,SludgeBomb,PollenPuff|||M|||50|,,,,,Ghost]Gholdengo||SitrusBerry|GoodasGold|NastyPlot,MakeItRain,ShadowBall,Protect||||||50|,,,,,Dragon]Palafin||MysticWater|ZerotoHero|JetPunch,WaveCrash,Protect,FlipTurn|||F|||50|,,,,,Water]Flamigo||LifeOrb|Scrappy|BraveBird,CloseCombat,Detect,Tailwind|||M|||50|,,,,,Stellar
|inactive|Battle timer is ON: inactive players will automatically lose when time's up. (requested by Wesrui)
|inactive|Wesrui has 60 seconds left.
|inactive|Sizzle2466 has 60 seconds left.
|
|t:|1757804328
|teamsize|p1|4
|teamsize|p2|4
|start
|switch|p1a: Arcanine|Arcanine-Hisui, L50, F|100/100
|switch|p1b: Rillaboom|Rillaboom, L50, F|100/100
|switch|p2a: Amoonguss|Amoonguss, L50, M|100/100
|switch|p2b: Gholdengo|Gholdengo, L50|100/100
|-ability|p1a: Arcanine|Intimidate|boost
|-unboost|p2a: Amoonguss|atk|1
|-unboost|p2b: Gholdengo|atk|1
|-fieldstart|move: Grassy Terrain|[from] ability: Grassy Surge|[of] p1b: Rillaboom
|turn|1
|inactive|Sizzle2466 has 30 seconds left.
|inactive|Wesrui has 30 seconds left.
|inactive|Sizzle2466 has 20 seconds left.
|inactive|Wesrui has 20 seconds left.
|inactive|Wesrui has 15 seconds left.
|inactive|Wesrui has 10 seconds left.
|
|t:|1757804380
|switch|p1a: Kingambit|Kingambit, L50, F, shiny|100/100
|move|p2b: Gholdengo|Protect|p2b: Gholdengo
|-singleturn|p2b: Gholdengo|Protect
|move|p1b: Rillaboom|Taunt|p2a: Amoonguss
|-start|p2a: Amoonguss|move: Taunt
|cant|p2a: Amoonguss|move: Taunt|Spore
|
|upkeep
|turn|2
|inactive|Wesrui has 30 seconds left.
|inactive|Wesrui has 20 seconds left.
|inactive|Wesrui has 15 seconds left.
|
|t:|1757804422
|switch|p1b: Arcanine|Arcanine-Hisui, L50, F|100/100
|-ability|p1b: Arcanine|Intimidate|boost
|-unboost|p2a: Amoonguss|atk|1
|-unboost|p2b: Gholdengo|atk|1
|switch|p2a: Flamigo|Flamigo, L50, M|100/100
|-terastallize|p2b: Gholdengo|Dragon
|move|p2b: Gholdengo|Nasty Plot|p2b: Gholdengo
|-boost|p2b: Gholdengo|spa|2
|move|p1a: Kingambit|Kowtow Cleave|p2b: Gholdengo
|-damage|p2b: Gholdengo|60/100
|
|-heal|p2b: Gholdengo|66/100|[from] Grassy Terrain
|upkeep
|turn|3
|inactive|Wesrui has 30 seconds left.
|inactive|Wesrui has 20 seconds left.
|inactive|Wesrui has 15 seconds left.
|inactive|Wesrui has 10 seconds left.
|inactive|Wesrui has 5 seconds left.
|
|t:|1757804477
|move|p1a: Kingambit|Sucker Punch|p2b: Gholdengo
|-damage|p2b: Gholdengo|27/100
|-enditem|p2b: Gholdengo|Sitrus Berry|[eat]
|-heal|p2b: Gholdengo|52/100|[from] item: Sitrus Berry
|move|p2a: Flamigo|Close Combat|p1b: Arcanine
|-supereffective|p1b: Arcanine
|-damage|p1b: Arcanine|0 fnt
|-unboost|p2a: Flamigo|def|1
|-unboost|p2a: Flamigo|spd|1
|faint|p1b: Arcanine
|-damage|p2a: Flamigo|91/100|[from] item: Life Orb
|move|p2b: Gholdengo|Shadow Ball|p1a: Kingambit
|-resisted|p1a: Kingambit
|-damage|p1a: Kingambit|71/100
|
|-heal|p2b: Gholdengo|58/100|[from] Grassy Terrain
|-heal|p1a: Kingambit|77/100|[from] Grassy Terrain
|upkeep
|
|t:|1757804499
|switch|p1b: Rillaboom|Rillaboom, L50, F|100/100
|turn|4
|
|t:|1757804508
|switch|p2a: Amoonguss|Amoonguss, L50, M|100/100
|-terastallize|p1a: Kingambit|Water
|move|p2b: Gholdengo|Protect|p2b: Gholdengo
|-singleturn|p2b: Gholdengo|Protect
|move|p1b: Rillaboom|Fake Out|p2a: Amoonguss
|-damage|p2a: Amoonguss|86/100
|move|p1a: Kingambit|Kowtow Cleave|p2b: Gholdengo
|-activate|p2b: Gholdengo|move: Protect
|
|-heal|p2b: Gholdengo|64/100|[from] Grassy Terrain
|-heal|p1a: Kingambit|83/100|[from] Grassy Terrain
|-heal|p2a: Amoonguss|92/100|[from] Grassy Terrain
|upkeep
|turn|5
|
|t:|1757804522
|move|p1b: Rillaboom|Taunt|p2a: Amoonguss
|-start|p2a: Amoonguss|move: Taunt
|move|p2b: Gholdengo|Shadow Ball|p1a: Kingambit
|-damage|p1a: Kingambit|29/100
|move|p1a: Kingambit|Kowtow Cleave|p2b: Gholdengo
|-damage|p2b: Gholdengo|19/100
|move|p2a: Amoonguss|Pollen Puff|p2b: Gholdengo
|-heal|p2b: Gholdengo|69/100
|
|-heal|p2b: Gholdengo|75/100|[from] Grassy Terrain
|-heal|p1a: Kingambit|35/100|[from] Grassy Terrain
|-heal|p2a: Amoonguss|98/100|[from] Grassy Terrain
|-fieldend|move: Grassy Terrain
|upkeep
|turn|6
|inactive|Wesrui has 30 seconds left.
|
|t:|1757804548
|switch|p1b: Kommo-o|Kommo-o, L50, F|100/100
|move|p1a: Kingambit|Sucker Punch|p2b: Gholdengo
|-damage|p2b: Gholdengo|41/100
|move|p2b: Gholdengo|Shadow Ball|p1a: Kingambit
|-damage|p1a: Kingambit|0 fnt
|faint|p1a: Kingambit
|move|p2a: Amoonguss|Sludge Bomb|p1b: Kommo-o
|-damage|p1b: Kommo-o|64/100
|
|upkeep
|
|t:|1757804556
|switch|p1a: Rillaboom|Rillaboom, L50, F|100/100
|-fieldstart|move: Grassy Terrain|[from] ability: Grassy Surge|[of] p1a: Rillaboom
|turn|7
|inactive|Sizzle2466 has 30 seconds left.
|
|t:|1757804581
|move|p1a: Rillaboom|Fake Out|p2b: Gholdengo
|-damage|p2b: Gholdengo|28/100
|move|p1b: Kommo-o|Clangorous Soul|p1b: Kommo-o
|-boost|p1b: Kommo-o|atk|1
|-boost|p1b: Kommo-o|def|1
|-boost|p1b: Kommo-o|spa|1
|-boost|p1b: Kommo-o|spd|1
|-boost|p1b: Kommo-o|spe|1
|-damage|p1b: Kommo-o|32/100
|-enditem|p1b: Kommo-o|Throat Spray
|-boost|p1b: Kommo-o|spa|1|[from] item: Throat Spray
|cant|p2b: Gholdengo|flinch
|move|p2a: Amoonguss|Sludge Bomb|p1b: Kommo-o
|-damage|p1b: Kommo-o|8/100
|
|-heal|p1b: Kommo-o|14/100|[from] Grassy Terrain
|-heal|p2b: Gholdengo|34/100|[from] Grassy Terrain
|-heal|p2a: Amoonguss|100/100|[from] Grassy Terrain
|-end|p2a: Amoonguss|move: Taunt
|upkeep
|turn|8
|inactive|Wesrui has 30 seconds left.
|
|t:|1757804608
|move|p2b: Gholdengo|Protect|p2b: Gholdengo
|-singleturn|p2b: Gholdengo|Protect
|move|p1b: Kommo-o|Clanging Scales|p2a: Amoonguss|[spread] p2a
|-activate|p2b: Gholdengo|move: Protect
|-damage|p2a: Amoonguss|30/100
|-unboost|p1b: Kommo-o|def|1
|move|p1a: Rillaboom|Wood Hammer|p2a: Amoonguss
|-resisted|p2a: Amoonguss
|-damage|p2a: Amoonguss|8/100
|-damage|p1a: Rillaboom|92/100|[from] Recoil
|move|p2a: Amoonguss|Sludge Bomb|p1b: Kommo-o
|-damage|p1b: Kommo-o|0 fnt
|faint|p1b: Kommo-o
|
|-heal|p1a: Rillaboom|98/100|[from] Grassy Terrain
|-heal|p2b: Gholdengo|40/100|[from] Grassy Terrain
|-heal|p2a: Amoonguss|14/100|[from] Grassy Terrain
|upkeep
|turn|9
|
|t:|1757804630
|switch|p2a: Incineroar|Incineroar, L50, F|100/100
|-ability|p2a: Incineroar|Intimidate|boost
|-unboost|p1a: Rillaboom|atk|1
|move|p1a: Rillaboom|Wood Hammer|p2a: Incineroar
|-resisted|p2a: Incineroar
|-damage|p2a: Incineroar|65/100
|-damage|p1a: Rillaboom|86/100|[from] Recoil
|move|p2b: Gholdengo|Make It Rain|p1a: Rillaboom
|-damage|p1a: Rillaboom|0 fnt
|-unboost|p2b: Gholdengo|spa|1
|faint|p1a: Rillaboom
|
|win|Sizzle2466
||Wesrui is ready for game 2.
|inactive|Sizzle2466 has 30 seconds to confirm battle start!
||Sizzle2466 is ready for game 2.
|uhtml|next|Next: Game 2 of 3
|l|☆Wesrui
|player|p1|
