|j|☆joe lord of stuff
|j|☆ferchoxx
|html|joe lord of stuffferchoxx    
|uhtml|bestof|Game 1 of a best-of-3
|t:|1785207847
|gametype|doubles
|player|p1|joe lord of stuff|102|1146
|player|p2|ferchoxx|ghetsis|1222
|gen|9
|tier|[Gen 9 Champions] VGC 2026 Reg M-B (Bo3)
|rated|
|rule|Species Clause: Limit one of each Pokémon
|rule|Item Clause: Limit 1 of each item
|clearpoke
|poke|p1|Beedrill, L50, M, shiny|
|poke|p1|Sableye, L50, F|
|poke|p1|Dragapult, L50, M|
|poke|p1|Milotic, L50, F|
|poke|p1|Volcarona, L50, M|
|poke|p1|Sneasler, L50, M|
|poke|p2|Tyranitar, L50, F|
|poke|p2|Staraptor, L50, M|
|poke|p2|Excadrill, L50, F|
|poke|p2|Gholdengo, L50|
|poke|p2|Milotic, L50, F|
|poke|p2|Sinistcha, L50|
|teampreview|4
|showteam|p1|Beedrill||Beedrillite|Sniper|PoisonJab,Protect,Uturn,DualWingbeat|Adamant||M|||50|]Sableye||RoseliBerry|Prankster|Encore,Quash,RainDance,Disable|Careful||F|||50|]Dragapult||FocusSash|ClearBody|DracoMeteor,ShadowBall,LightScreen,Protect|Modest||M|||50|]Milotic||SitrusBerry|Competitive|Scald,Hypnosis,Protect,Coil|Modest||F|||50|]Volcarona||LifeOrb|FlameBody|HeatWave,GigaDrain,QuiverDance,Protect|Modest||M|||50|]Sneasler||WhiteHerb|Unburden|FakeOut,Protect,CloseCombat,DireClaw|Adamant||M|||50|
|showteam|p2|Tyranitar||Tyranitarite|SandStream|RockSlide,KnockOff,HighHorsepower,Protect|Adamant||F|||50|]Staraptor||Staraptite|Intimidate|BraveBird,CloseCombat,Tailwind,Protect|Jolly||M|||50|]Excadrill||FocusSash|SandRush|HighHorsepower,IronHead,RockSlide,Protect|Jolly||F|||50|]Gholdengo||LifeOrb|GoodasGold|MakeItRain,ShadowBall,NastyPlot,Protect|Timid|||||50|]Milotic||SitrusBerry|Competitive|Protect,IceBeam,Scald,IcyWind|Bold||F|||50|]Sinistcha||ColburBerry|Hospitality|MatchaGotcha,RagePowder,TrickRoom,Protect|Bold|||||50|
|inactive|Battle timer is ON: inactive players will automatically lose when time's up. (requested by ferchoxx)
|inactive|ferchoxx has 60 seconds left.
|inactive|ferchoxx has 30 seconds left.
|inactive|ferchoxx has 20 seconds left.
|inactive|ferchoxx has 15 seconds left.
|inactive|ferchoxx has 10 seconds left.
|
|t:|1785207952
|teamsize|p1|4
|teamsize|p2|4
|start
|switch|p1a: Sneasler|Sneasler, L50, M|100/100
|switch|p1b: Milotic|Milotic, L50, F|100/100
|switch|p2a: Tyranitar|Tyranitar, L50, F|100/100
|switch|p2b: Gholdengo|Gholdengo, L50|100/100
|-weather|Sandstorm|[from] ability: Sand Stream|[of] p2a: Tyranitar
|turn|1
|inactive|joe lord of stuff has 30 seconds left.
|inactive|ferchoxx has 30 seconds left.
|inactive|joe lord of stuff has 20 seconds left.
|
|t:|1785207991
|detailschange|p2a: Tyranitar|Tyranitar-Mega, L50, F
|-mega|p2a: Tyranitar|Tyranitar|Tyranitarite
|move|p1a: Sneasler|Protect|p1a: Sneasler
|-singleturn|p1a: Sneasler|Protect
|move|p2a: Tyranitar|Protect|p2a: Tyranitar
|-singleturn|p2a: Tyranitar|Protect
|move|p2b: Gholdengo|Nasty Plot|p2b: Gholdengo
|-boost|p2b: Gholdengo|spa|2
|move|p1b: Milotic|Coil|p1b: Milotic
|-boost|p1b: Milotic|atk|1
|-boost|p1b: Milotic|def|1
|-boost|p1b: Milotic|accuracy|1
|
|-weather|Sandstorm|[upkeep]
|-damage|p1a: Sneasler|93/100|[from] Sandstorm
|-damage|p1b: Milotic|94/100|[from] Sandstorm
|upkeep
|turn|2
|inactive|joe lord of stuff has 30 seconds left.
|inactive|joe lord of stuff has 20 seconds left.
|inactive|joe lord of stuff has 15 seconds left.
|
|t:|1785208036
|switch|p2a: Milotic|Milotic, L50, F|100/100
|move|p1a: Sneasler|Close Combat|p2a: Milotic
|-damage|p2a: Milotic|51/100
|-unboost|p1a: Sneasler|def|1
|-unboost|p1a: Sneasler|spd|1
|-enditem|p1a: Sneasler|White Herb
|-clearnegativeboost|p1a: Sneasler|[silent]
|move|p2b: Gholdengo|Make It Rain|p1a: Sneasler|[spread] p1a,p1b
|-resisted|p1b: Milotic|1
|-crit|p1b: Milotic
|-damage|p1a: Sneasler|0 fnt
|-damage|p1b: Milotic|30/100
|-unboost|p2b: Gholdengo|spa|2
|-enditem|p1b: Milotic|Sitrus Berry|[eat]
|-heal|p1b: Milotic|54/100|[from] item: Sitrus Berry
|faint|p1a: Sneasler
|-damage|p2b: Gholdengo|90/100|[from] item: Life Orb
|move|p1b: Milotic|Hypnosis|p2a: Milotic
|-status|p2a: Milotic|slp|[from] move: Hypnosis
|
|-weather|Sandstorm|[upkeep]
|-damage|p2a: Milotic|45/100 slp|[from] Sandstorm
|-damage|p1b: Milotic|49/100|[from] Sandstorm
|-enditem|p2a: Milotic|Sitrus Berry|[eat]
|-heal|p2a: Milotic|70/100 slp|[from] item: Sitrus Berry
|upkeep
|inactive|joe lord of stuff has 30 seconds left.
|
|t:|1785208062
|switch|p1a: Dragapult|Dragapult, L50, M|100/100
|turn|3
|
|t:|1785208077
|move|p2b: Gholdengo|Protect|p2b: Gholdengo
|-singleturn|p2b: Gholdengo|Protect
|move|p1a: Dragapult|Shadow Ball|p2b: Gholdengo
|-activate|p2b: Gholdengo|move: Protect
|cant|p2a: Milotic|slp
|move|p1b: Milotic|Coil|p1b: Milotic
|-boost|p1b: Milotic|atk|1
|-boost|p1b: Milotic|def|1
|-boost|p1b: Milotic|accuracy|1
|
|-weather|Sandstorm|[upkeep]
|-damage|p1a: Dragapult|93/100|[from] Sandstorm
|-damage|p2a: Milotic|64/100 slp|[from] Sandstorm
|-damage|p1b: Milotic|43/100|[from] Sandstorm
|upkeep
|turn|4
|inactive|ferchoxx has 30 seconds left.
|inactive|ferchoxx has 20 seconds left.
|
|t:|1785208113
|move|p1a: Dragapult|Shadow Ball|p2b: Gholdengo
|-supereffective|p2b: Gholdengo|1
|-damage|p2b: Gholdengo|5/100
|move|p2b: Gholdengo|Shadow Ball|p1a: Dragapult
|-supereffective|p1a: Dragapult|1
|-damage|p1a: Dragapult|0 fnt
|faint|p1a: Dragapult
|-damage|p2b: Gholdengo|0 fnt|[from] item: Life Orb
|faint|p2b: Gholdengo
|-curestatus|p2a: Milotic|slp|[msg]
|move|p2a: Milotic|Ice Beam|p1b: Milotic
|-resisted|p1b: Milotic|1
|-damage|p1b: Milotic|35/100
|-status|p1b: Milotic|frz
|-curestatus|p1b: Milotic|frz|[from] move: Scald
|move|p1b: Milotic|Scald|p2a: Milotic
|-resisted|p2a: Milotic|1
|-damage|p2a: Milotic|49/100
|
|-weather|Sandstorm|[upkeep]
|-damage|p2a: Milotic|43/100|[from] Sandstorm
|-damage|p1b: Milotic|29/100|[from] Sandstorm
|upkeep
|
|t:|1785208137
|switch|p1a: Green buge|Beedrill, L50, M, shiny|100/100
|switch|p2b: Excadrill|Excadrill, L50, F|100/100
|turn|5
|
|t:|1785208151
|detailschange|p1a: Green buge|Beedrill-Mega, L50, M, shiny
|-mega|p1a: Green buge|Beedrill|Beedrillite
|move|p2b: Excadrill|Protect|p2b: Excadrill
|-singleturn|p2b: Excadrill|Protect
|move|p1a: Green buge|Protect|p1a: Green buge
|-singleturn|p1a: Green buge|Protect
|move|p2a: Milotic|Scald|p1b: Milotic
|-resisted|p1b: Milotic|1
|-damage|p1b: Milotic|17/100
|move|p1b: Milotic|Scald|p2b: Excadrill
|-activate|p2b: Excadrill|move: Protect
|
|-weather|none
|upkeep
|turn|6
|inactive|joe lord of stuff has 30 seconds left.
|
|t:|1785208180
|switch|p2a: Tyranitar|Tyranitar-Mega, L50, F|100/100
|-weather|Sandstorm|[from] ability: Sand Stream|[of] p2a: Tyranitar
|move|p2b: Excadrill|Rock Slide|p1a: Green buge|[spread] p1a,p1b
|-supereffective|p1a: Green buge|1
|-damage|p1a: Green buge|0 fnt
|-damage|p1b: Milotic|7/100
|faint|p1a: Green buge
|move|p1b: Milotic|Scald|p2b: Excadrill
|-supereffective|p2b: Excadrill|1
|-enditem|p2b: Excadrill|Focus Sash
|-damage|p2b: Excadrill|1/100
|-status|p2b: Excadrill|brn
|
|-weather|Sandstorm|[upkeep]
|-damage|p1b: Milotic|1/100|[from] Sandstorm
|-damage|p2b: Excadrill|0 fnt|[from] brn
|faint|p2b: Excadrill
|upkeep
|
|t:|1785208197
|switch|p2b: Milotic|Milotic, L50, F|43/100
|turn|7
|
|t:|1785208203
|move|p2a: Tyranitar|Knock Off|p1b: Milotic
|-damage|p1b: Milotic|0 fnt
|faint|p1b: Milotic
|
|win|ferchoxx
|l|☆joe lord of stuff
|player|p1|
