|j|☆qmi
|j|☆3ChrisTresTigres
|html|qmi3ChrisTresTigres    
|uhtml|bestof|Game 1 of a best-of-3
|t:|1784201021
|gametype|doubles
|player|p1|qmi|medium|1106
|player|p2|3ChrisTresTigres|flannery|1189
|gen|9
|tier|[Gen 9 Champions] VGC 2026 Reg M-B (Bo3)
|rated|
|rule|Species Clause: Limit one of each Pokémon
|rule|Item Clause: Limit 1 of each item
|clearpoke
|poke|p1|Pelipper, L50, F|
|poke|p1|Archaludon, L50, M|
|poke|p1|Basculegion, L50, M|
|poke|p1|Ceruledge, L50, F|
|poke|p1|Rotom-Wash, L50|
|poke|p1|Sceptile, L50, F|
|poke|p2|Blastoise, L50, M|
|poke|p2|Delphox, L50, M, shiny|
|poke|p2|Incineroar, L50, M|
|poke|p2|Sneasler, L50, M|
|poke|p2|Sinistcha, L50|
|poke|p2|Kingambit, L50, M|
|teampreview|4
|showteam|p1|Pelipper||FocusSash|Drizzle|Protect,Hurricane,WeatherBall,Tailwind|Timid||F|||50|]Archaludon||Leftovers|Stamina|ElectroShot,Protect,DracoMeteor,FlashCannon|Modest||M|||50|]Basculegion||LifeOrb|Adaptability|Protect,WaveCrash,LastRespects,AquaJet|Adamant||M|||50|]Ceruledge||ExpertBelt|FlashFire|BitterBlade,ShadowSneak,Protect,BulkUp|Jolly||F|||50|]Rotom-Wash||ChoiceScarf|Levitate|Discharge,Electroweb,VoltSwitch,HydroPump|Modest|||||50|]Sceptile||Sceptilite|Overgrow|DragonPulse,EarthPower,Protect,EnergyBall|Timid||F|||50|
|showteam|p2|Blastoise||Blastoisinite|RainDish|WaterSpout,DarkPulse,ShellSmash,Protect|Modest||M|||50|]Delphox||Delphoxite|Blaze|HeatWave,Psyshock,NastyPlot,Protect|Timid||M|||50|]Incineroar||SitrusBerry|Intimidate|FakeOut,FlareBlitz,ThroatChop,PartingShot|Impish||M|||50|]Sneasler||FocusSash|PoisonTouch|FakeOut,CloseCombat,DireClaw,QuickGuard|Jolly||M|||50|]Sinistcha||KasibBerry|Hospitality|MatchaGotcha,LifeDew,RagePowder,Protect|Bold|||||50|]Kingambit||BlackGlasses|Defiant|KowtowCleave,SuckerPunch,LowSweep,IronHead|Adamant||M|||50|
|inactive|Battle timer is ON: inactive players will automatically lose when time's up. (requested by qmi)
|
|t:|1784201049
|teamsize|p1|4
|teamsize|p2|4
|start
|switch|p1a: Basculegion|Basculegion, L50, M|100/100
|switch|p1b: Ceruledge|Ceruledge, L50, F|100/100
|switch|p2a: Delphox|Delphox, L50, M, shiny|100/100
|switch|p2b: Incineroar|Incineroar, L50, M|100/100
|-ability|p2b: Incineroar|Intimidate|boost
|-unboost|p1a: Basculegion|atk|1
|-unboost|p1b: Ceruledge|atk|1
|turn|1
|
|t:|1784201066
|switch|p2a: Kingambit|Kingambit, L50, M|100/100
|move|p1a: Basculegion|Wave Crash|p2a: Kingambit
|-damage|p2a: Kingambit|51/100
|-damage|p1a: Basculegion|83/100|[from] Recoil
|-damage|p1a: Basculegion|73/100|[from] item: Life Orb
|move|p1b: Ceruledge|Bulk Up|p1b: Ceruledge
|-boost|p1b: Ceruledge|atk|1
|-boost|p1b: Ceruledge|def|1
|move|p2b: Incineroar|Parting Shot|p1b: Ceruledge
|-unboost|p1b: Ceruledge|atk|1
|-unboost|p1b: Ceruledge|spa|1
|
|t:|1784201084
|switch|p2b: Sinistcha|Sinistcha, L50|100/100|[from] Parting Shot
|-heal|p2a: Kingambit|75/100|[from] ability: Hospitality|[of] p2b: Sinistcha
|
|upkeep
|turn|2
|
|t:|1784201108
|switch|p1a: Rotom|Rotom-Wash, L50|100/100
|switch|p2b: Incineroar|Incineroar, L50, M|100/100
|-ability|p2b: Incineroar|Intimidate|boost
|-unboost|p1a: Rotom|atk|1
|-unboost|p1b: Ceruledge|atk|1
|move|p1b: Ceruledge|Bitter Blade|p2a: Kingambit
|-supereffective|p2a: Kingambit|1
|-damage|p2a: Kingambit|37/100
|move|p2a: Kingambit|Kowtow Cleave|p1b: Ceruledge
|-supereffective|p1b: Ceruledge|1
|-damage|p1b: Ceruledge|0 fnt
|faint|p1b: Ceruledge
|
|upkeep
|
|t:|1784201117
|switch|p1b: Sceptile|Sceptile, L50, F|100/100
|turn|3
|
|t:|1784201137
|move|p1b: Sceptile|Protect|p1b: Sceptile
|-singleturn|p1b: Sceptile|Protect
|move|p2a: Kingambit|Sucker Punch||[still]
|-fail|p2a: Kingambit
|move|p1a: Rotom|Discharge|p2b: Incineroar|[spread] p2a,p2b
|-activate|p1b: Sceptile|move: Protect
|-damage|p2a: Kingambit|8/100
|-damage|p2b: Incineroar|74/100
|-status|p2a: Kingambit|par
|move|p2b: Incineroar|Parting Shot|p1b: Sceptile
|-activate|p1b: Sceptile|move: Protect
|
|upkeep
|turn|4
|
|t:|1784201153
|detailschange|p1b: Sceptile|Sceptile-Mega, L50, F
|-mega|p1b: Sceptile|Sceptile|Sceptilite
|move|p2a: Kingambit|Sucker Punch|p1b: Sceptile
|-damage|p1b: Sceptile|40/100
|move|p1a: Rotom|Discharge|p2b: Incineroar|[spread] p2a,p2b
|-ability|p1b: Sceptile|Lightning Rod|boost
|-boost|p1b: Sceptile|spa|1
|-damage|p2a: Kingambit|0 fnt
|-damage|p2b: Incineroar|46/100
|-status|p2b: Incineroar|par
|-enditem|p2b: Incineroar|Sitrus Berry|[eat]
|-heal|p2b: Incineroar|71/100 par|[from] item: Sitrus Berry
|faint|p2a: Kingambit
|move|p1b: Sceptile|Earth Power|p2b: Incineroar
|-supereffective|p2b: Incineroar|1
|-damage|p2b: Incineroar|0 fnt
|faint|p2b: Incineroar
|
|upkeep
|
|t:|1784201172
|switch|p2b: Sinistcha|Sinistcha, L50|100/100
|switch|p2a: Delphox|Delphox, L50, M, shiny|100/100
|turn|5
|
|t:|1784201186
|detailschange|p2a: Delphox|Delphox-Mega, L50, M, shiny
|-mega|p2a: Delphox|Delphox|Delphoxite
|move|p1a: Rotom|Discharge|p2b: Sinistcha|[spread] p2a,p2b
|-ability|p1b: Sceptile|Lightning Rod|boost
|-boost|p1b: Sceptile|spa|1
|-resisted|p2b: Sinistcha|1
|-damage|p2a: Delphox|74/100
|-damage|p2b: Sinistcha|84/100
|-status|p2a: Delphox|par
|-status|p2b: Sinistcha|par
|move|p1b: Sceptile|Dragon Pulse|p2a: Delphox
|-damage|p2a: Delphox|0 fnt
|faint|p2a: Delphox
|move|p2b: Sinistcha|Matcha Gotcha|p1a: Rotom|[spread] p1a,p1b
|-supereffective|p1a: Rotom|1
|-resisted|p1b: Sceptile|2
|-damage|p1a: Rotom|37/100
|-heal|p2b: Sinistcha|100/100 par|[from] drain|[of] p1a: Rotom
|-damage|p1b: Sceptile|33/100
|
|upkeep
|turn|6
|
|t:|1784201204
|move|p1a: Rotom|Discharge|p2b: Sinistcha|[spread] p2b
|-ability|p1b: Sceptile|Lightning Rod|boost
|-boost|p1b: Sceptile|spa|1
|-resisted|p2b: Sinistcha|1
|-damage|p2b: Sinistcha|85/100 par
|move|p1b: Sceptile|Dragon Pulse|p2b: Sinistcha
|-damage|p2b: Sinistcha|0 fnt
|faint|p2b: Sinistcha
|
|win|qmi
||qmi is ready for game 2.
|l|☆qmi
|player|p1|
||3ChrisTresTigres is ready for game 2.
|uhtml|next|Next: Game 2 of 3
