|j|☆wond3ricey
|j|☆kryOOOOO
|html|wond3riceykryOOOOO    
|uhtml|bestof|Game 2 of a best-of-3
|t:|1785110932
|gametype|doubles
|player|p1|wond3ricey|lady|
|player|p2|kryOOOOO|265|
|gen|9
|tier|[Gen 9 Champions] VGC 2026 Reg M-B (Bo3)
|rule|Species Clause: Limit one of each Pokémon
|rule|Item Clause: Limit 1 of each item
|clearpoke
|poke|p1|Archaludon, L50, F|
|poke|p1|Swampert, L50, F, shiny|
|poke|p1|Raichu, L50, M, shiny|
|poke|p1|Klefki, L50, M|
|poke|p1|Rotom-Mow, L50|
|poke|p1|Dragonite, L50, M|
|poke|p2|Floette-Eternal, L50, F|
|poke|p2|Venusaur, L50, M|
|poke|p2|Tyranitar, L50, F|
|poke|p2|Corviknight, L50, M|
|poke|p2|Trevenant, L50, M|
|poke|p2|Rotom-Heat, L50|
|teampreview|4
|showteam|p1|Archaludon||Leftovers|Stamina|ElectroShot,DracoMeteor,FlashCannon,Protect|Timid||F|||50|]Swampert||Swampertite|Torrent|WaveCrash,Earthquake,IcePunch,FlipTurn|Adamant||F|||50|]Raichu||DampRock|LightningRod|FakeOut,RainDance,VoltSwitch,Thunder|Hasty||M|||50|]Klefki||MentalHerb|Prankster|LightScreen,Reflect,ThunderWave,RainDance|Bold||M|||50|]Rotom-Mow||ChoiceScarf|Levitate|Thunderbolt,VoltSwitch,Trick,LeafStorm|Timid|||||50|]Dragonite||SitrusBerry|Multiscale|Hurricane,Thunderbolt,Roost,Tailwind|Modest||M|||50|
|showteam|p2|Floette-Eternal||Floettite|FlowerVeil|CalmMind,Protect,DazzlingGleam,Moonblast|Bold||F|||50|]Venusaur||FocusSash|Overgrow|GigaDrain,SludgeBomb,LeechSeed,Protect|Quiet||M|||50|]Tyranitar||Tyranitarite|SandStream|Protect,Earthquake,KnockOff,RockSlide|Brave||F|||50|]Corviknight||Leftovers|Pressure|Protect,BulkUp,BodyPress,Roost|Bold||M|||50|]Trevenant||SitrusBerry|Harvest|TrickRoom,LeechSeed,Protect,Poltergeist|Impish||M|||50|]Rotom-Heat||Charcoal|Levitate|Protect,WillOWisp,NastyPlot,Overheat|Quiet|||||50|
|j| robbie0301
|
|t:|1785110964
|teamsize|p1|4
|teamsize|p2|4
|start
|switch|p1a: Dragonite|Dragonite, L50, M|100/100
|switch|p1b: Raichu|Raichu, L50, M, shiny|100/100
|switch|p2a: Trevenant|Trevenant, L50, M|100/100
|switch|p2b: Corviknight|Corviknight, L50, M|100/100
|-ability|p2b: Corviknight|Pressure
|turn|1
|
|t:|1785110988
|move|p1b: Raichu|Rain Dance|p1b: Raichu
|-weather|RainDance
|move|p1a: Dragonite|Hurricane|p2a: Trevenant
|-supereffective|p2a: Trevenant|1
|-damage|p2a: Trevenant|0 fnt
|faint|p2a: Trevenant
|move|p2b: Corviknight|Bulk Up|p2b: Corviknight
|-boost|p2b: Corviknight|atk|1
|-boost|p2b: Corviknight|def|1
|
|-weather|RainDance|[upkeep]
|upkeep
|inactive|Battle timer is ON: inactive players will automatically lose when time's up. (requested by wond3ricey)
|
|t:|1785111012
|switch|p2a: Tyranitar|Tyranitar, L50, F|100/100
|-weather|Sandstorm|[from] ability: Sand Stream|[of] p2a: Tyranitar
|turn|2
|inactive|wond3ricey has 30 seconds left.
|
|t:|1785111044
|detailschange|p2a: Tyranitar|Tyranitar-Mega, L50, F
|-mega|p2a: Tyranitar|Tyranitar|Tyranitarite
|move|p1b: Raichu|Rain Dance|p1b: Raichu
|-weather|RainDance
|move|p1a: Dragonite|Thunderbolt|p1b: Raichu
|-activate|p1b: Raichu|ability: Lightning Rod
|-ability|p1b: Raichu|Lightning Rod|boost
|-boost|p1b: Raichu|spa|1
|move|p2b: Corviknight|Body Press|p1a: Dragonite
|-resisted|p1a: Dragonite|1
|-damage|p1a: Dragonite|90/100
|move|p2a: Tyranitar|Rock Slide|p1a: Dragonite|[spread] p1a,p1b
|-supereffective|p1a: Dragonite|1
|-damage|p1a: Dragonite|27/100
|-damage|p1b: Raichu|28/100
|-enditem|p1a: Dragonite|Sitrus Berry|[eat]
|-heal|p1a: Dragonite|52/100|[from] item: Sitrus Berry
|
|-weather|RainDance|[upkeep]
|upkeep
|turn|3
|
|t:|1785111067
|move|p1b: Raichu|Volt Switch|p2b: Corviknight
|-supereffective|p2b: Corviknight|1
|-damage|p2b: Corviknight|22/100
|
|t:|1785111075
|switch|p1b: Swampert|Swampert, L50, F, shiny|100/100|[from] Volt Switch
|move|p1a: Dragonite|Roost|p1a: Dragonite
|-heal|p1a: Dragonite|100/100
|-singleturn|p1a: Dragonite|move: Roost
|move|p2b: Corviknight|Body Press|p1a: Dragonite
|-damage|p1a: Dragonite|83/100
|move|p2a: Tyranitar|Rock Slide|p1a: Dragonite|[spread] p1a,p1b
|-resisted|p1b: Swampert|1
|-damage|p1a: Dragonite|53/100
|-damage|p1b: Swampert|83/100
|
|-weather|RainDance|[upkeep]
|-heal|p2b: Corviknight|28/100|[from] item: Leftovers
|upkeep
|turn|4
|inactive|wond3ricey has 30 seconds left.
|
|t:|1785111101
|detailschange|p1b: Swampert|Swampert-Mega, L50, F, shiny
|-mega|p1b: Swampert|Swampert|Swampertite
|move|p2a: Tyranitar|Protect|p2a: Tyranitar
|-singleturn|p2a: Tyranitar|Protect
|move|p1b: Swampert|Flip Turn|p2a: Tyranitar
|-activate|p2a: Tyranitar|move: Protect
|move|p1a: Dragonite|Tailwind|p1a: Dragonite
|-sidestart|p1: wond3ricey|move: Tailwind
|move|p2b: Corviknight|Body Press|p1b: Swampert
|-damage|p1b: Swampert|52/100
|
|-weather|RainDance|[upkeep]
|-heal|p2b: Corviknight|34/100|[from] item: Leftovers
|upkeep
|turn|5
|
|t:|1785111124
|switch|p2a: Venusaur|Venusaur, L50, M|100/100
|move|p1b: Swampert|Wave Crash|p2a: Venusaur
|-resisted|p2a: Venusaur|1
|-damage|p2a: Venusaur|39/100
|-damage|p1b: Swampert|31/100|[from] Recoil
|move|p1a: Dragonite|Thunderbolt|p2b: Corviknight
|-supereffective|p2b: Corviknight|1
|-damage|p2b: Corviknight|0 fnt
|faint|p2b: Corviknight
|
|-weather|RainDance|[upkeep]
|upkeep
|
|t:|1785111135
|switch|p2b: Tyranitar|Tyranitar-Mega, L50, F|100/100
|-weather|Sandstorm|[from] ability: Sand Stream|[of] p2b: Tyranitar
|turn|6
|
|t:|1785111144
|move|p1b: Swampert|Ice Punch|p2a: Venusaur
|-supereffective|p2a: Venusaur|1
|-damage|p2a: Venusaur|0 fnt
|faint|p2a: Venusaur
|move|p1a: Dragonite|Roost|p1a: Dragonite
|-heal|p1a: Dragonite|100/100
|-singleturn|p1a: Dragonite|move: Roost
|move|p2b: Tyranitar|Rock Slide|p1b: Swampert|[spread] 
|-miss|p2b: Tyranitar|p1a: Dragonite
|-miss|p2b: Tyranitar|p1b: Swampert
|
|-weather|Sandstorm|[upkeep]
|-damage|p1a: Dragonite|93/100|[from] Sandstorm
|upkeep
|turn|7
|
|t:|1785111157
|move|p1b: Swampert|Wave Crash|p2b: Tyranitar
|-supereffective|p2b: Tyranitar|1
|-damage|p2b: Tyranitar|15/100
|-damage|p1b: Swampert|0 fnt|[from] Recoil
|faint|p1b: Swampert
|move|p1a: Dragonite|Thunderbolt|p2b: Tyranitar
|-damage|p2b: Tyranitar|1/100
|move|p2b: Tyranitar|Rock Slide|p1a: Dragonite
|-supereffective|p1a: Dragonite|1
|-damage|p1a: Dragonite|9/100
|
|-weather|Sandstorm|[upkeep]
|-damage|p1a: Dragonite|3/100|[from] Sandstorm
|-sideend|p1: wond3ricey|move: Tailwind
|upkeep
|
|t:|1785111164
|switch|p1b: Archaludon|Archaludon, L50, F|100/100
|turn|8
|-message|kryOOOOO forfeited.
|
|win|wond3ricey
||kryOOOOO is ready for game 3.
||wond3ricey is ready for game 3.
|uhtml|next|Next: Game 3 of 3
|l|☆kryOOOOO
|player|p2|
|l| robbie0301
