|j|☆PenguimSAL
|j|☆spacesnake11
|html|PenguimSALspacesnake11    
|uhtml|bestof|Game 2 of a best-of-3
|t:|1785857092
|gametype|doubles
|player|p1|PenguimSAL|265|1195
|player|p2|spacesnake11|ghetsis|1205
|gen|9
|tier|[Gen 9 Champions] VGC 2026 Reg M-B (Bo3)
|rated|
|rule|Species Clause: Limit one of each Pokémon
|rule|Item Clause: Limit 1 of each item
|clearpoke
|poke|p1|Charizard, L50, F|
|poke|p1|Venusaur, L50, F|
|poke|p1|Garchomp, L50, M|
|poke|p1|Incineroar, L50, F|
|poke|p1|Toxapex, L50, F|
|poke|p1|Sylveon, L50, F|
|poke|p2|Delphox, L50, M|
|poke|p2|Blastoise, L50, M|
|poke|p2|Incineroar, L50, F|
|poke|p2|Sinistcha-Masterpiece, L50|
|poke|p2|Sneasler, L50, F|
|poke|p2|Kingambit, L50, F|
|teampreview|4
|showteam|p1|Charizard||CharizarditeY|Blaze|HeatWave,WeatherBall,AncientPower,Protect|Modest||F|||50|]Venusaur||LifeOrb|Chlorophyll|SolarBeam,SludgeBomb,EarthPower,Protect|Modest||F|||50|]Garchomp||ChoiceScarf|RoughSkin|DragonClaw,Earthquake,RockSlide,StompingTantrum|Adamant||M|||50|]Incineroar||SitrusBerry|Intimidate|FlareBlitz,ThroatChop,PartingShot,FakeOut|Impish||F|||50|]Toxapex||Leftovers|Regenerator|Toxic,Infestation,WideGuard,BanefulBunker|Bold||F|||50|]Sylveon||FairyFeather|Pixilate|HyperVoice,Yawn,Detect,QuickAttack|Modest||F|||50|
|showteam|p2|Delphox||Delphoxite|Blaze|HeatWave,Psyshock,NastyPlot,Protect|Timid||M|||50|]Blastoise||Blastoisinite|Torrent|WaterSpout,DarkPulse,ShellSmash,Protect|Modest||M|||50|]Incineroar||SitrusBerry|Intimidate|FakeOut,FlareBlitz,ThroatChop,PartingShot|Impish||F|||50|]Sinistcha-Masterpiece||OccaBerry|Hospitality|MatchaGotcha,RagePowder,TrickRoom,Protect|Bold|||||50|]Sneasler||FocusSash|PoisonTouch|FakeOut,PoisonJab,CloseCombat,QuickGuard|Jolly||F|||50|]Kingambit||LifeOrb|Defiant|KowtowCleave,SuckerPunch,SwordsDance,Protect|Adamant||F|||50|
|inactive|Battle timer is ON: inactive players will automatically lose when time's up. (requested by spacesnake11)
|
|t:|1785857132
|teamsize|p1|4
|teamsize|p2|4
|start
|switch|p1a: Toxapex|Toxapex, L50, F|100/100
|switch|p1b: Charizard|Charizard, L50, F|100/100
|switch|p2a: Kingambit|Kingambit, L50, F|100/100
|switch|p2b: Delphox|Delphox, L50, M|100/100
|turn|1
|inactive|spacesnake11 has 30 seconds left.
|
|t:|1785857162
|detailschange|p2b: Delphox|Delphox-Mega, L50, M
|-mega|p2b: Delphox|Delphox|Delphoxite
|detailschange|p1b: Charizard|Charizard-Mega-Y, L50, F
|-mega|p1b: Charizard|Charizard|Charizardite Y
|-weather|SunnyDay|[from] ability: Drought|[of] p1b: Charizard
|move|p2a: Kingambit|Sucker Punch|p1b: Charizard
|-damage|p1b: Charizard|54/100
|-damage|p2a: Kingambit|90/100|[from] item: Life Orb
|move|p2b: Delphox|Psyshock|p1b: Charizard
|-damage|p1b: Charizard|9/100
|move|p1b: Charizard|Heat Wave|p2b: Delphox|[spread] p2a,p2b
|-supereffective|p2a: Kingambit|1
|-resisted|p2b: Delphox|1
|-damage|p2a: Kingambit|0 fnt
|-damage|p2b: Delphox|69/100
|faint|p2a: Kingambit
|move|p1a: Toxapex|Toxic|p2b: Delphox
|-status|p2b: Delphox|tox
|
|-weather|SunnyDay|[upkeep]
|-damage|p2b: Delphox|63/100 tox|[from] psn
|upkeep
|
|t:|1785857177
|switch|p2a: Sinistcha|Sinistcha-Masterpiece, L50|100/100
|-heal|p2b: Delphox|88/100 tox|[from] ability: Hospitality|[of] p2a: Sinistcha
|turn|2
|
|t:|1785857201
|switch|p1b: Garchomp|Garchomp, L50, M|100/100
|move|p2b: Delphox|Psyshock|p1a: Toxapex
|-supereffective|p1a: Toxapex|1
|-damage|p1a: Toxapex|42/100
|move|p2a: Sinistcha|Matcha Gotcha|p1b: Garchomp|[spread] p1a,p1b
|-damage|p1a: Toxapex|24/100
|-damage|p1b: Garchomp|74/100
|-status|p1b: Garchomp|brn
|move|p1a: Toxapex|Infestation|p2b: Delphox
|-damage|p2b: Delphox|85/100 tox
|-activate|p2b: Delphox|move: Infestation|[of] p1a: Toxapex
|
|-weather|SunnyDay|[upkeep]
|-heal|p1a: Toxapex|30/100|[from] item: Leftovers
|-damage|p2b: Delphox|72/100 tox|[from] psn
|-damage|p1b: Garchomp|68/100 brn|[from] brn
|-damage|p2b: Delphox|60/100 tox|[from] move: Infestation|[partiallytrapped]
|upkeep
|turn|3
|inactive|spacesnake11 has 30 seconds left.
|inactive|spacesnake11 has 20 seconds left.
|
|t:|1785857239
|move|p1a: Toxapex|Baneful Bunker|p1a: Toxapex
|-singleturn|p1a: Toxapex|move: Protect
|move|p1b: Garchomp|Rock Slide|p2a: Sinistcha|[spread] p2a,p2b
|-supereffective|p2b: Delphox|1
|-damage|p2a: Sinistcha|91/100
|-damage|p2b: Delphox|29/100 tox
|move|p2b: Delphox|Psyshock|p1b: Garchomp
|-damage|p1b: Garchomp|22/100 brn
|move|p2a: Sinistcha|Matcha Gotcha|p1b: Garchomp|[spread] p1b
|-activate|p1a: Toxapex|move: Protect
|-damage|p1b: Garchomp|0 fnt
|-heal|p2a: Sinistcha|100/100|[from] drain|[of] p1b: Garchomp
|faint|p1b: Garchomp
|
|-weather|SunnyDay|[upkeep]
|-heal|p1a: Toxapex|36/100|[from] item: Leftovers
|-damage|p2b: Delphox|10/100 tox|[from] psn
|-damage|p2b: Delphox|0 fnt|[from] move: Infestation|[partiallytrapped]
|faint|p2b: Delphox
|upkeep
|
|t:|1785857257
|switch|p2b: Incineroar|Incineroar, L50, F|100/100
|switch|p1b: Charizard|Charizard-Mega-Y, L50, F|9/100
|-ability|p2b: Incineroar|Intimidate|boost
|-unboost|p1a: Toxapex|atk|1
|-unboost|p1b: Charizard|atk|1
|turn|4
|
|t:|1785857274
|switch|p1b: Incineroar|Incineroar, L50, F|100/100
|-ability|p1b: Incineroar|Intimidate|boost
|-unboost|p2a: Sinistcha|atk|1
|-unboost|p2b: Incineroar|atk|1
|move|p2b: Incineroar|Fake Out|p1a: Toxapex
|-damage|p1a: Toxapex|30/100
|cant|p1a: Toxapex|flinch
|move|p2a: Sinistcha|Trick Room|p2a: Sinistcha
|-fieldstart|move: Trick Room|[of] p2a: Sinistcha
|
|-weather|SunnyDay|[upkeep]
|-heal|p1a: Toxapex|36/100|[from] item: Leftovers
|upkeep
|turn|5
|
|t:|1785857290
|move|p1b: Incineroar|Fake Out|p2b: Incineroar
|-damage|p2b: Incineroar|92/100
|move|p1a: Toxapex|Toxic|p2b: Incineroar
|-status|p2b: Incineroar|tox
|cant|p2b: Incineroar|flinch
|move|p2a: Sinistcha|Matcha Gotcha|p1b: Incineroar|[spread] p1a,p1b
|-resisted|p1b: Incineroar|1
|-damage|p1a: Toxapex|15/100
|-damage|p1b: Incineroar|90/100
|
|-weather|none
|-heal|p1a: Toxapex|21/100|[from] item: Leftovers
|-damage|p2b: Incineroar|86/100 tox|[from] psn
|upkeep
|turn|6
|-message|spacesnake11 forfeited.
|
|win|PenguimSAL
|raw|PenguimSAL's rating: 1195 → 1221(+26 for winning)
|raw|spacesnake11's rating: 1205 → 1179(-26 for losing)
|l|☆spacesnake11
|player|p2|
