|j|☆Bouloukos
|j|☆RICK HAMSTERMAN
|html|BouloukosRICK HAMSTERMAN    
|uhtml|bestof|Game 2 of a best-of-3
|t:|1783360913
|gametype|doubles
|player|p1|Bouloukos|bugcatcher-gen4dp|1215
|player|p2|RICK HAMSTERMAN|n|1143
|gen|9
|tier|[Gen 9 Champions] VGC 2026 Reg M-B (Bo3)
|rated|
|rule|Species Clause: Limit one of each Pokémon
|rule|Item Clause: Limit 1 of each item
|clearpoke
|poke|p1|Blaziken, L50, M|
|poke|p1|Metagross, L50|
|poke|p1|Kingambit, L50, F|
|poke|p1|Basculegion, L50, M|
|poke|p1|Ninetales-Alola, L50, M|
|poke|p1|Dragonite, L50, F|
|poke|p2|Charizard, L50, M|
|poke|p2|Whimsicott, L50, M|
|poke|p2|Kingambit, L50, M|
|poke|p2|Basculegion, L50, M|
|poke|p2|Garchomp, L50, F|
|poke|p2|Floette-Eternal, L50, F|
|teampreview|4
|showteam|p1|Blaziken||FocusSash|SpeedBoost|Detect,Overheat,AuraSphere,Coaching|Timid||M|||50|]Metagross||Metagrossite|ClearBody|Protect,IronHead,PsychicFangs,BodyPress|Jolly|||||50|]Kingambit||BlackGlasses|Defiant|Protect,KowtowCleave,SuckerPunch,IronHead|Adamant||F|||50|]Basculegion||ChoiceScarf|Adaptability|WaveCrash,LastRespects,AquaJet,FlipTurn|Jolly||M|||50|]Ninetales-Alola||LifeOrb|SnowWarning|Protect,Blizzard,Moonblast,FreezeDry|Timid||M|||50|]Dragonite||LumBerry|Multiscale|Protect,DragonClaw,FirePunch,ExtremeSpeed|Adamant||F|||50|
|showteam|p2|Charizard||CharizarditeY|Blaze|HeatWave,SolarBeam,WeatherBall,Protect|Modest||M|||50|]Whimsicott||FocusSash|Prankster|Moonblast,Tailwind,Encore,Protect|Timid||M|||50|]Kingambit||ChopleBerry|Defiant|KowtowCleave,LowKick,SuckerPunch,Protect|Adamant||M|||50|]Basculegion||MysticWater|Adaptability|WaveCrash,LastRespects,AquaJet,Protect|Adamant||M|||50|]Garchomp||LifeOrb|RoughSkin|DragonClaw,Earthquake,RockSlide,PoisonJab|Jolly||F|||50|]Floette-Eternal||Floettite|FlowerVeil|DazzlingGleam,Protect,LightofRuin,Moonblast|Timid||F|||50|
|inactive|Battle timer is ON: inactive players will automatically lose when time's up. (requested by RICK HAMSTERMAN)
|
|t:|1783360948
|teamsize|p1|4
|teamsize|p2|4
|start
|switch|p1a: Blaziken|Blaziken, L50, M|100/100
|switch|p1b: Dragonite|Dragonite, L50, F|100/100
|switch|p2a: Garchomp|Garchomp, L50, F|100/100
|switch|p2b: Whimsicott|Whimsicott, L50, M|100/100
|turn|1
|inactive|Bouloukos has 30 seconds left.
|
|t:|1783360980
|move|p1b: Dragonite|Protect|p1b: Dragonite
|-singleturn|p1b: Dragonite|Protect
|move|p2b: Whimsicott|Tailwind|p2b: Whimsicott
|-sidestart|p2: RICK HAMSTERMAN|move: Tailwind
|move|p2a: Garchomp|Rock Slide|p1a: Blaziken|[spread] p1a
|-activate|p1b: Dragonite|move: Protect
|-damage|p1a: Blaziken|60/100
|-damage|p2a: Garchomp|90/100|[from] item: Life Orb
|move|p1a: Blaziken|Coaching|p1b: Dragonite
|-boost|p1b: Dragonite|atk|1
|-boost|p1b: Dragonite|def|1
|
|-ability|p1a: Blaziken|Speed Boost|boost
|-boost|p1a: Blaziken|spe|1
|upkeep
|turn|2
|inactive|Bouloukos has 30 seconds left.
|
|t:|1783361009
|move|p1b: Dragonite|Extreme Speed|p2b: Whimsicott
|-damage|p2b: Whimsicott|30/100
|move|p2b: Whimsicott|Encore|p1b: Dragonite
|-start|p1b: Dragonite|Encore
|move|p2a: Garchomp|Rock Slide|p1b: Dragonite|[spread] p1a,p1b
|-supereffective|p1b: Dragonite|1
|-damage|p1a: Blaziken|23/100
|-damage|p1b: Dragonite|82/100
|-damage|p2a: Garchomp|80/100|[from] item: Life Orb
|move|p1a: Blaziken|Coaching|p1b: Dragonite
|-boost|p1b: Dragonite|atk|1
|-boost|p1b: Dragonite|def|1
|
|-ability|p1a: Blaziken|Speed Boost|boost
|-boost|p1a: Blaziken|spe|1
|upkeep
|turn|3
|inactive|Bouloukos has 30 seconds left.
|
|t:|1783361037
|switch|p2b: Basculegion|Basculegion, L50, M|100/100
|move|p1a: Blaziken|Detect|p1a: Blaziken
|-singleturn|p1a: Blaziken|Protect
|move|p1b: Dragonite|Extreme Speed|p2a: Garchomp
|-damage|p2a: Garchomp|18/100
|-damage|p1b: Dragonite|69/100|[from] ability: Rough Skin|[of] p2a: Garchomp
|move|p2a: Garchomp|Rock Slide|p1b: Dragonite|[spread] p1b
|-activate|p1a: Blaziken|move: Protect
|-supereffective|p1b: Dragonite|1
|-damage|p1b: Dragonite|38/100
|-damage|p2a: Garchomp|8/100|[from] item: Life Orb
|
|-ability|p1a: Blaziken|Speed Boost|boost
|-boost|p1a: Blaziken|spe|1
|upkeep
|turn|4
|
|t:|1783361055
|switch|p1a: Basculegion|Basculegion, L50, M|100/100
|move|p1b: Dragonite|Extreme Speed|p2a: Garchomp
|-damage|p2a: Garchomp|0 fnt
|-damage|p1b: Dragonite|26/100|[from] ability: Rough Skin|[of] p2a: Garchomp
|faint|p2a: Garchomp
|move|p2b: Basculegion|Wave Crash|p1b: Dragonite
|-resisted|p1b: Dragonite|1
|-damage|p1b: Dragonite|0 fnt
|faint|p1b: Dragonite
|-damage|p2b: Basculegion|92/100|[from] Recoil
|
|-sideend|p2: RICK HAMSTERMAN|move: Tailwind
|upkeep
|
|t:|1783361065
|switch|p2a: Whimsicott|Whimsicott, L50, M|30/100
|switch|p1b: Ninetales|Ninetales-Alola, L50, M|100/100
|-weather|Snowscape|[from] ability: Snow Warning|[of] p1b: Ninetales
|turn|5
|
|t:|1783361086
|switch|p1a: Blaziken|Blaziken, L50, M|23/100
|move|p2a: Whimsicott|Tailwind|p2a: Whimsicott
|-sidestart|p2: RICK HAMSTERMAN|move: Tailwind
|move|p2b: Basculegion|Last Respects|p1a: Blaziken
|-damage|p1a: Blaziken|0 fnt
|faint|p1a: Blaziken
|move|p1b: Ninetales|Freeze-Dry|p2b: Basculegion
|-supereffective|p2b: Basculegion|1
|-damage|p2b: Basculegion|8/100
|-damage|p1b: Ninetales|90/100|[from] item: Life Orb
|
|-weather|Snowscape|[upkeep]
|upkeep
|
|t:|1783361093
|switch|p1a: Basculegion|Basculegion, L50, M|100/100
|turn|6
|
|t:|1783361103
|move|p2a: Whimsicott|Encore|p1b: Ninetales
|-start|p1b: Ninetales|Encore
|move|p1a: Basculegion|Aqua Jet|p2b: Basculegion
|-resisted|p2b: Basculegion|1
|-damage|p2b: Basculegion|0 fnt
|faint|p2b: Basculegion
|move|p1b: Ninetales|Freeze-Dry|p2a: Whimsicott
|-supereffective|p2a: Whimsicott|1
|-damage|p2a: Whimsicott|0 fnt
|faint|p2a: Whimsicott
|-damage|p1b: Ninetales|80/100|[from] item: Life Orb
|
|-weather|Snowscape|[upkeep]
|upkeep
|
|t:|1783361107
|switch|p2b: Floette|Floette-Eternal, L50, F|100/100
|turn|7
|
|t:|1783361116
|detailschange|p2b: Floette|Floette-Mega, L50, F
|-mega|p2b: Floette|Floette|Floettite
|-ability|p2b: Floette|Fairy Aura
|move|p1a: Basculegion|Aqua Jet|p2b: Floette
|-damage|p2b: Floette|69/100
|move|p2b: Floette|Moonblast|p1b: Ninetales
|-damage|p1b: Ninetales|0 fnt
|faint|p1b: Ninetales
|
|-weather|Snowscape|[upkeep]
|upkeep
|turn|8
|
|t:|1783361125
|move|p1a: Basculegion|Aqua Jet|p2b: Floette
|-damage|p2b: Floette|36/100
|move|p2b: Floette|Light of Ruin|p1a: Basculegion
|-damage|p1a: Basculegion|0 fnt
|faint|p1a: Basculegion
|-damage|p2b: Floette|0 fnt|[from] Recoil
|faint|p2b: Floette
|
|win|RICK HAMSTERMAN
||Bouloukos is ready for game 3.
||RICK HAMSTERMAN is ready for game 3.
|uhtml|next|Next: Game 3 of 3
|l|☆RICK HAMSTERMAN
|player|p2|
