|j|☆I am the Sweeper
|j|☆Pukeej
|html|I am the SweeperPukeej    
|uhtml|bestof|Game 1 of a best-of-3
|t:|1756372568
|gametype|doubles
|player|p1|I am the Sweeper|janitor|1129
|player|p2|Pukeej|wattson|1188
|gen|9
|tier|[Gen 9] VGC 2025 Reg H (Bo3)
|rated|
|rule|Species Clause: Limit one of each Pokémon
|rule|Item Clause: Limit 1 of each item
|clearpoke
|poke|p1|Garganacl, L50, M|
|poke|p1|Dondozo, L50, M|
|poke|p1|Sneasler, L50, M|
|poke|p1|Gholdengo, L50|
|poke|p1|Ninetales-Alola, L50, M|
|poke|p1|Incineroar, L50, F|
|poke|p2|Garchomp, L50, F|
|poke|p2|Hydreigon, L50, F|
|poke|p2|Gholdengo, L50|
|poke|p2|Electabuzz, L50, M|
|poke|p2|Incineroar, L50, F|
|poke|p2|Sneasler, L50, F|
|teampreview|4
|showteam|p1|Garganacl||MarangaBerry|PurifyingSalt|SaltCure,StealthRock,Protect,Recover|||M|||50|,,,,,Flying]Dondozo||Leftovers|Unaware|Liquidation,Yawn,Curse,Protect|||M|||50|,,,,,Poison]Sneasler||FocusSash|PoisonTouch|DireClaw,CloseCombat,Coaching,Protect|||M|||50|,,,,,Ghost]Gholdengo||ChoiceScarf|GoodasGold|MakeItRain,ShadowBall,Trick,PowerGem||||||50|,,,,,Steel]Ninetales-Alola||NeverMeltIce|SnowWarning|Blizzard,FreezeDry,Protect,AuroraVeil|||M|||50|,,,,,Ice]Incineroar||AssaultVest|Intimidate|FlareBlitz,KnockOff,FakeOut,DrainPunch|||F|||50|,,,,,Grass
|showteam|p2|Garchomp||LifeOrb|RoughSkin|Earthquake,StompingTantrum,DragonClaw,Protect|||F|||50|,,,,,Ground]Hydreigon||CovertCloak|Levitate|DracoMeteor,Snarl,Tailwind,Protect|||F|||50|,,,,,Fire]Gholdengo||Leftovers|GoodasGold|MakeItRain,ShadowBall,NastyPlot,Protect||||||50|,,,,,Flying]Electabuzz||Eviolite|VitalSpirit|Electroweb,FollowMe,Taunt,Protect|||M|||50|,,,,,Ghost]Incineroar||SafetyGoggles|Intimidate|FakeOut,KnockOff,FlareBlitz,PartingShot|||F|||50|,,,,,Ghost]Sneasler||ClearAmulet|PoisonTouch|CloseCombat,DireClaw,Coaching,Protect|||F|||50|,,,,,Stellar
|inactive|Battle timer is ON: inactive players will automatically lose when time's up. (requested by Pukeej)
|inactive|I am the Sweeper has 60 seconds left.
|inactive|Pukeej has 60 seconds left.
|inactive|Pukeej has 30 seconds left.
|inactive|Pukeej has 20 seconds left.
|inactive|Pukeej has 15 seconds left.
|
|t:|1756372648
|teamsize|p1|4
|teamsize|p2|4
|start
|switch|p1a: Garganacl|Garganacl, L50, M|100/100
|switch|p1b: Incineroar|Incineroar, L50, F|100/100
|switch|p2a: Incineroar|Incineroar, L50, F|100/100
|switch|p2b: Gholdengo|Gholdengo, L50|100/100
|-ability|p1b: Incineroar|Intimidate|boost
|-unboost|p2a: Incineroar|atk|1
|-unboost|p2b: Gholdengo|atk|1
|-ability|p2a: Incineroar|Intimidate|boost
|-unboost|p1a: Garganacl|atk|1
|-unboost|p1b: Incineroar|atk|1
|turn|1
|inactive|I am the Sweeper has 30 seconds left.
|inactive|I am the Sweeper has 20 seconds left.
|
|t:|1756372685
|-terastallize|p1a: Garganacl|Flying
|move|p1b: Incineroar|Fake Out|p2a: Incineroar
|-damage|p2a: Incineroar|93/100
|cant|p2a: Incineroar|flinch
|move|p2b: Gholdengo|Nasty Plot|p2b: Gholdengo
|-boost|p2b: Gholdengo|spa|2
|move|p1a: Garganacl|Salt Cure|p2b: Gholdengo
|-resisted|p2b: Gholdengo
|-damage|p2b: Gholdengo|95/100
|-start|p2b: Gholdengo|Salt Cure
|
|-heal|p2b: Gholdengo|100/100|[from] item: Leftovers
|-damage|p2b: Gholdengo|75/100|[from] Salt Cure
|upkeep
|turn|2
|inactive|I am the Sweeper has 30 seconds left.
|inactive|Pukeej has 30 seconds left.
|inactive|I am the Sweeper has 20 seconds left.
|inactive|I am the Sweeper has 15 seconds left.
|inactive|I am the Sweeper has 10 seconds left.
|inactive|I am the Sweeper has 5 seconds left.
|
|t:|1756372736
|switch|p2a: Electabuzz|Electabuzz, L50, M|100/100
|move|p2b: Gholdengo|Protect|p2b: Gholdengo
|-singleturn|p2b: Gholdengo|Protect
|move|p1a: Garganacl|Protect|p1a: Garganacl
|-singleturn|p1a: Garganacl|Protect
|move|p1b: Incineroar|Knock Off|p2a: Electabuzz
|-damage|p2a: Electabuzz|72/100
|-enditem|p2a: Electabuzz|Eviolite|[from] move: Knock Off|[of] p1b: Incineroar
|
|-heal|p2b: Gholdengo|82/100|[from] item: Leftovers
|-damage|p2b: Gholdengo|57/100|[from] Salt Cure
|upkeep
|turn|3
|inactive|I am the Sweeper has 30 seconds left.
|inactive|I am the Sweeper has 20 seconds left.
|inactive|I am the Sweeper has 15 seconds left.
|inactive|I am the Sweeper has 10 seconds left.
|inactive|I am the Sweeper has 5 seconds left.
|
|t:|1756372789
|move|p2a: Electabuzz|Follow Me|p2a: Electabuzz
|-singleturn|p2a: Electabuzz|move: Follow Me
|move|p2b: Gholdengo|Make It Rain|p1a: Garganacl|[spread] p1a,p1b
|-resisted|p1b: Incineroar
|-damage|p1a: Garganacl|34/100
|-damage|p1b: Incineroar|68/100
|-unboost|p2b: Gholdengo|spa|1
|-enditem|p1a: Garganacl|Maranga Berry|[eat]
|-boost|p1a: Garganacl|spd|1|[from] item: Maranga Berry
|move|p1b: Incineroar|Flare Blitz|p2a: Electabuzz
|-damage|p2a: Electabuzz|23/100
|-damage|p1b: Incineroar|54/100|[from] Recoil
|move|p1a: Garganacl|Salt Cure|p2a: Electabuzz
|-damage|p2a: Electabuzz|12/100
|-start|p2a: Electabuzz|Salt Cure
|
|-heal|p2b: Gholdengo|63/100|[from] item: Leftovers
|-damage|p2a: Electabuzz|0 fnt|[from] Salt Cure
|faint|p2a: Electabuzz
|-damage|p2b: Gholdengo|38/100|[from] Salt Cure
|upkeep
|
|t:|1756372801
|switch|p2a: Sneasler|Sneasler, L50, F|100/100
|turn|4
|inactive|I am the Sweeper has 30 seconds left.
|inactive|Pukeej has 30 seconds left.
|inactive|I am the Sweeper has 20 seconds left.
|inactive|I am the Sweeper has 15 seconds left.
|inactive|I am the Sweeper has 10 seconds left.
|inactive|I am the Sweeper has 5 seconds left.
|
|t:|1756372854
|switch|p1b: Gholdengo|Gholdengo, L50|100/100
|move|p2a: Sneasler|Close Combat|p1b: Gholdengo
|-immune|p1b: Gholdengo
|move|p2b: Gholdengo|Shadow Ball|p1a: Garganacl
|-damage|p1a: Garganacl|20/100
|-unboost|p1a: Garganacl|spd|1
|move|p1a: Garganacl|Recover|p1a: Garganacl
|-heal|p1a: Garganacl|71/100
|
|-heal|p2b: Gholdengo|44/100|[from] item: Leftovers
|-damage|p2b: Gholdengo|19/100|[from] Salt Cure
|upkeep
|turn|5
|inactive|I am the Sweeper has 30 seconds left.
|inactive|I am the Sweeper has 20 seconds left.
|inactive|I am the Sweeper has 15 seconds left.
|inactive|I am the Sweeper has 10 seconds left.
|inactive|I am the Sweeper has 5 seconds left.
|
|t:|1756372908
|switch|p2b: Incineroar|Incineroar, L50, F|93/100
|-ability|p2b: Incineroar|Intimidate|boost
|-unboost|p1a: Garganacl|atk|1
|-unboost|p1b: Gholdengo|atk|1
|move|p1b: Gholdengo|Make It Rain|p2a: Sneasler|[spread] p2a,p2b
|-resisted|p2b: Incineroar
|-damage|p2a: Sneasler|42/100
|-damage|p2b: Incineroar|73/100
|-unboost|p1b: Gholdengo|spa|1
|move|p2a: Sneasler|Dire Claw|p1a: Garganacl
|-damage|p1a: Garganacl|42/100
|move|p1a: Garganacl|Salt Cure|p2a: Sneasler
|-resisted|p2a: Sneasler
|-damage|p2a: Sneasler|37/100
|-start|p2a: Sneasler|Salt Cure
|
|-damage|p2a: Sneasler|25/100|[from] Salt Cure
|upkeep
|turn|6
|inactive|I am the Sweeper has 30 seconds left.
|
|t:|1756372934
|move|p2a: Sneasler|Protect|p2a: Sneasler
|-singleturn|p2a: Sneasler|Protect
|move|p1a: Garganacl|Protect|p1a: Garganacl
|-singleturn|p1a: Garganacl|Protect
|move|p1b: Gholdengo|Make It Rain|p2a: Sneasler|[spread] p2b
|-activate|p2a: Sneasler|move: Protect
|-resisted|p2b: Incineroar
|-damage|p2b: Incineroar|58/100
|-unboost|p1b: Gholdengo|spa|1
|move|p2b: Incineroar|Flare Blitz|p1b: Gholdengo
|-supereffective|p1b: Gholdengo
|-damage|p1b: Gholdengo|0 fnt
|faint|p1b: Gholdengo
|-damage|p2b: Incineroar|30/100|[from] Recoil
|
|-damage|p2a: Sneasler|13/100|[from] Salt Cure
|upkeep
|
|t:|1756372952
|switch|p1b: Incineroar|Incineroar, L50, F|54/100
|-ability|p1b: Incineroar|Intimidate|boost
|-fail|p2a: Sneasler|unboost|[from] item: Clear Amulet|[of] p2a: Sneasler
|-unboost|p2b: Incineroar|atk|1
|turn|7
|inactive|I am the Sweeper has 30 seconds left.
|
|t:|1756372979
|switch|p2a: Gholdengo|Gholdengo, L50|19/100
|move|p1b: Incineroar|Fake Out|p2a: Gholdengo
|-immune|p2a: Gholdengo
|move|p2b: Incineroar|Parting Shot|p1b: Incineroar
|-unboost|p1b: Incineroar|atk|1
|-unboost|p1b: Incineroar|spa|1
|
|t:|1756372987
|switch|p2b: Sneasler|Sneasler, L50, F|13/100|[from] Parting Shot
|move|p1a: Garganacl|Recover|p1a: Garganacl
|-heal|p1a: Garganacl|92/100
|
|-heal|p2a: Gholdengo|25/100|[from] item: Leftovers
|upkeep
|turn|8
|
|t:|1756373007
|move|p2b: Sneasler|Close Combat|p1b: Incineroar
|-supereffective|p1b: Incineroar
|-damage|p1b: Incineroar|0 fnt
|-unboost|p2b: Sneasler|def|1
|-unboost|p2b: Sneasler|spd|1
|faint|p1b: Incineroar
|move|p2a: Gholdengo|Make It Rain|p1a: Garganacl
|-damage|p1a: Garganacl|46/100
|-unboost|p2a: Gholdengo|spa|1
|move|p1a: Garganacl|Salt Cure|p2a: Gholdengo
|-resisted|p2a: Gholdengo
|-damage|p2a: Gholdengo|22/100
|-start|p2a: Gholdengo|Salt Cure
|
|-heal|p2a: Gholdengo|28/100|[from] item: Leftovers
|-damage|p2a: Gholdengo|3/100|[from] Salt Cure
|upkeep
|
|t:|1756373023
|switch|p1b: Sneasler|Sneasler, L50, M|100/100
|turn|9
|inactive|I am the Sweeper has 30 seconds left.
|inactive|I am the Sweeper has 20 seconds left.
|inactive|I am the Sweeper has 15 seconds left.
|inactive|I am the Sweeper has 10 seconds left.
|inactive|I am the Sweeper has 5 seconds left.
|
|t:|1756373076
|move|p2b: Sneasler|Protect|p2b: Sneasler
|-singleturn|p2b: Sneasler|Protect
|move|p1b: Sneasler|Dire Claw|p2b: Sneasler
|-activate|p2b: Sneasler|move: Protect
|move|p2a: Gholdengo|Make It Rain|p1a: Garganacl|[spread] p1a,p1b
|-damage|p1a: Garganacl|24/100
|-damage|p1b: Sneasler|55/100
|-unboost|p2a: Gholdengo|spa|1
|move|p1a: Garganacl|Salt Cure|p2a: Gholdengo
|-resisted|p2a: Gholdengo
|-damage|p2a: Gholdengo|0 fnt
|faint|p2a: Gholdengo
|
|upkeep
|
|t:|1756373089
|switch|p2a: Incineroar|Incineroar, L50, F|30/100
|-ability|p2a: Incineroar|Intimidate|boost
|-unboost|p1a: Garganacl|atk|1
|-unboost|p1b: Sneasler|atk|1
|turn|10
|inactive|I am the Sweeper has 30 seconds left.
|
|t:|1756373113
|move|p1b: Sneasler|Protect|p1b: Sneasler
|-singleturn|p1b: Sneasler|Protect
|move|p1a: Garganacl|Protect|p1a: Garganacl
|-singleturn|p1a: Garganacl|Protect
|move|p2a: Incineroar|Fake Out|p1b: Sneasler
|-activate|p1b: Sneasler|move: Protect
|move|p2b: Sneasler|Dire Claw|p1a: Garganacl
|-activate|p1a: Garganacl|move: Protect
|
|upkeep
|turn|11
|inactive|I am the Sweeper has 25 seconds left this turn.
|inactive|I am the Sweeper has 20 seconds left.
|inactive|I am the Sweeper has 15 seconds left.
|inactive|I am the Sweeper has 10 seconds left.
|inactive|I am the Sweeper has 5 seconds left.
|-message|I am the Sweeper lost due to inactivity.
|
|win|Pukeej
||Pukeej is ready for game 2.
||I am the Sweeper is ready for game 2.
|uhtml|next|Next: Game 2 of 3
|l|☆Pukeej
|player|p2|
