|j|☆Diriana
|j|☆justPiplup
|html|DirianajustPiplup    
|uhtml|bestof|Game 2 of a best-of-3
|t:|1786013607
|gametype|doubles
|player|p1|Diriana|miku-flying|
|player|p2|justPiplup|misty|
|gen|9
|tier|[Gen 9 Champions] VGC 2026 Reg M-B (Bo3)
|rule|Species Clause: Limit one of each Pokémon
|rule|Item Clause: Limit 1 of each item
|clearpoke
|poke|p1|Emboar, L50, M, shiny|
|poke|p1|Kleavor, L50, M|
|poke|p1|Tinkaton, L50, F|
|poke|p1|Sableye, L50, M|
|poke|p1|Slowbro, L50, M|
|poke|p1|Zoroark, L50, M|
|poke|p2|Heliolisk, L50, M, shiny|
|poke|p2|Zoroark, L50, M|
|poke|p2|Runerigus, L50, M, shiny|
|poke|p2|Garbodor, L50, F|
|poke|p2|Simisear, L50, F|
|poke|p2|Slowbro, L50, M|
|teampreview|4
|showteam|p1|Emboar||Emboarite|Blaze|DrainPunch,FirePunch,BulkUp,Protect|Adamant||M|||50|]Kleavor||FocusSash|Sharpness|StoneAxe,BrickBreak,Tailwind,Protect|Jolly||M|||50|]Tinkaton||Leftovers|OwnTempo|GigatonHammer,FakeOut,Encore,Protect|Careful||F|||50|]Sableye||LightClay|Prankster|Quash,Reflect,LightScreen,Encore|Bold||M|||50|]Slowbro||Slowbronite|Oblivious|Scald,Psychic,SlackOff,Protect|Relaxed||M|||50|]Zoroark||LifeOrb|Illusion|DarkPulse,Flamethrower,Psychic,Protect|Timid||M|||50|
|showteam|p2|Heliolisk||Magnet|DrySkin|Thunderbolt,GrassKnot,Protect,Electrify|Timid||M|||50|]Zoroark||FocusSash|Illusion|NastyPlot,NightDaze,Flamethrower,HyperVoice|Timid||M|||50|]Runerigus||Leftovers|WanderingSpirit|BodyPress,IronDefense,Amnesia,TrickRoom|Impish||M|||50|]Garbodor||ChoiceScarf|Stench|Explosion,StompingTantrum,PoisonJab,SeedBomb|Adamant||F|||50|]Simisear||MuscleBand|Blaze|FakeOut,RockSlide,FlareBlitz,Protect|Jolly||F|||50|]Slowbro||Slowbronite|Oblivious|BodyPress,IronDefense,Scald,SlackOff|Relaxed||M|||50|
|
|t:|1786013670
|teamsize|p1|4
|teamsize|p2|4
|start
|switch|p1a: Gem Hunt|Sableye, L50, M|100/100
|switch|p1b: Pork Chop|Emboar, L50, M, shiny|100/100
|switch|p2a: ewww|Simisear, L50, F|100/100
|switch|p2b: sunburn|Heliolisk, L50, M, shiny|100/100
|turn|1
|
|t:|1786013713
|move|p1b: Pork Chop|Protect|p1b: Pork Chop
|-singleturn|p1b: Pork Chop|Protect
|move|p1a: Gem Hunt|Light Screen|p1a: Gem Hunt
|-sidestart|p1: Diriana|move: Light Screen
|move|p2b: sunburn|Thunderbolt|p1a: Gem Hunt
|-damage|p1a: Gem Hunt|55/100
|move|p2a: ewww|Flare Blitz|p1a: Gem Hunt
|-damage|p1a: Gem Hunt|3/100
|-damage|p2a: ewww|82/100|[from] Recoil
|
|upkeep
|turn|2
|
|t:|1786013748
|switch|p2b: spoooky|Runerigus, L50, M, shiny|100/100
|detailschange|p1b: Pork Chop|Emboar-Mega, L50, M, shiny
|-mega|p1b: Pork Chop|Emboar|Emboarite
|-ability|p1b: Pork Chop|Mold Breaker
|move|p1a: Gem Hunt|Quash||[still]
|-fail|p1a: Gem Hunt
|move|p2a: ewww|Rock Slide|p1a: Gem Hunt|[spread] p1a,p1b
|-damage|p1a: Gem Hunt|0 fnt
|-damage|p1b: Pork Chop|82/100
|faint|p1a: Gem Hunt
|move|p1b: Pork Chop|Drain Punch|p2b: spoooky
|-immune|p2b: spoooky
|
|upkeep
|
|t:|1786013751
|switch|p1a: Girls Band|Tinkaton, L50, F|100/100
|turn|3
|
|t:|1786013811
|move|p1a: Girls Band|Dark Pulse|p2b: spoooky
|-supereffective|p2b: spoooky|1
|-damage|p2b: spoooky|18/100
|-damage|p1a: Girls Band|90/100|[from] item: Life Orb
|move|p2a: ewww|Flare Blitz|p1a: Girls Band
|-damage|p1a: Girls Band|0 fnt
|replace|p1a: Joker|Zoroark, L50, M
|-end|p1a: Joker|Illusion
|faint|p1a: Joker
|-damage|p2a: ewww|55/100|[from] Recoil
|move|p1b: Pork Chop|Bulk Up|p1b: Pork Chop
|-boost|p1b: Pork Chop|atk|1
|-boost|p1b: Pork Chop|def|1
|move|p2b: spoooky|Iron Defense|p2b: spoooky
|-boost|p2b: spoooky|def|2
|
|-heal|p2b: spoooky|24/100|[from] item: Leftovers
|upkeep
|
|t:|1786013827
|switch|p1a: Girls Band|Tinkaton, L50, F|100/100
|turn|4
|
|t:|1786013865
|switch|p2a: brotha|Slowbro, L50, M|100/100
|move|p1a: Girls Band|Fake Out|p2a: brotha
|-crit|p2a: brotha
|-damage|p2a: brotha|88/100
|move|p1b: Pork Chop|Fire Punch|p2b: spoooky
|-damage|p2b: spoooky|1/100
|-status|p2b: spoooky|brn
|-activate|p1b: Pork Chop|Skill Swap|Wandering Spirit|Mold Breaker|[of] p2b: spoooky
|-ability|p2b: spoooky|Mold Breaker
|move|p2b: spoooky|Body Press|p1a: Girls Band
|-damage|p1a: Girls Band|67/100
|
|-heal|p1a: Girls Band|73/100|[from] item: Leftovers
|-heal|p2b: spoooky|7/100 brn|[from] item: Leftovers
|-damage|p2b: spoooky|1/100 brn|[from] brn
|upkeep
|turn|5
|
|t:|1786013919
|detailschange|p2a: brotha|Slowbro-Mega, L50, M
|-mega|p2a: brotha|Slowbro|Slowbronite
|move|p1a: Girls Band|Gigaton Hammer|p2a: brotha
|-resisted|p2a: brotha|1
|-damage|p2a: brotha|75/100
|move|p1b: Pork Chop|Drain Punch|p2a: brotha
|-resisted|p2a: brotha|1
|-damage|p2a: brotha|61/100
|-heal|p1b: Pork Chop|88/100|[from] drain|[of] p2a: brotha
|move|p2a: brotha|Iron Defense|p2a: brotha
|-boost|p2a: brotha|def|2
|move|p2b: spoooky|Trick Room|p2b: spoooky
|-fieldstart|move: Trick Room|[of] p2b: spoooky
|
|-heal|p2b: spoooky|7/100 brn|[from] item: Leftovers
|-heal|p1a: Girls Band|79/100|[from] item: Leftovers
|-damage|p2b: spoooky|1/100 brn|[from] brn
|upkeep
|turn|6
|-message|Diriana forfeited.
|
|win|justPiplup
