|j|☆PreparationHHH
|j|☆lol lol lol blue
|html|PreparationHHHlol lol lol blue    
|uhtml|bestof|Game 2 of a best-of-3
|t:|1757853729
|gametype|doubles
|player|p1|PreparationHHH|zinzolin|1086
|player|p2|lol lol lol blue|gentleman-gen4|1142
|gen|9
|tier|[Gen 9] VGC 2025 Reg H (Bo3)
|rated|
|rule|Species Clause: Limit one of each Pokémon
|rule|Item Clause: Limit 1 of each item
|clearpoke
|poke|p1|Toedscruel, L50, F|
|poke|p1|Weezing-Galar, L50, F|
|poke|p1|Pelipper, L50, M|
|poke|p1|Archaludon, L50, F|
|poke|p1|Comfey, L50, M|
|poke|p1|Kingdra, L50, M|
|poke|p2|Gholdengo, L50|
|poke|p2|Magmar, L50, F|
|poke|p2|Dragonite, L50, M|
|poke|p2|Sneasler, L50, M|
|poke|p2|Ursaluna-Bloodmoon, L50, M|
|poke|p2|Farigiraf, L50, M|
|teampreview|4
|showteam|p1|Toedscruel||CovertCloak|MyceliumMight|Spore,BulletSeed,Protect,EarthPower|||F|||50|,,,,,Water]Weezing-Galar||SitrusBerry|NeutralizingGas|Taunt,SludgeBomb,Protect,DazzlingGleam|||F|||50|,,,,,Ghost]Pelipper||ChoiceScarf|Drizzle|WeatherBall,Hurricane,Tailwind,Uturn|||M|||50|,,,,,Ghost]Archaludon||AssaultVest|Stamina|ElectroShot,Snarl,BodyPress,FlashCannon|||F|||50|,,,,,Grass]Comfey||SafetyGoggles|Triage|DrainingKiss,FloralHealing,LightScreen,Protect|||M|||50|,,,,,Steel]Kingdra||LifeOrb|SwiftSwim|WeatherBall,Surf,DracoMeteor,Protect|||M|||50|,,,,,Steel
|showteam|p2|Gholdengo||ChoiceScarf|GoodasGold|MakeItRain,ShadowBall,Trick,TeraBlast||||||50|,,,,,Water]Magmar||Eviolite|VitalSpirit|FollowMe,Protect,Flamethrower,WillOWisp|||F|||50|,,,,,Fairy]Dragonite||LoadedDice|Multiscale|ScaleShot,Protect,Tailwind,Haze|||M|||50|,,,,,Fairy]Sneasler||FocusSash|Unburden|ThroatChop,DireClaw,CloseCombat,Protect|||M|||50|,,,,,Stellar]Ursaluna-Bloodmoon||LifeOrb|MindsEye|BloodMoon,Protect,EarthPower,HyperVoice|||M|||50|,,,,,Normal]Farigiraf||SitrusBerry|ArmorTail|TrickRoom,HelpingHand,Psychic,Protect|||M|||50|,,,,,Water
|
|t:|1757853756
|teamsize|p1|4
|teamsize|p2|4
|start
|switch|p1a: Pelipper|Pelipper, L50, M|100/100
|switch|p1b: Kingdra|Kingdra, L50, M|100/100
|switch|p2a: Farigiraf|Farigiraf, L50, M|100/100
|switch|p2b: Magmar|Magmar, L50, F, shiny|100/100
|-weather|RainDance|[from] ability: Drizzle|[of] p1a: Pelipper
|turn|1
|
|t:|1757853786
|switch|p1a: Archaludon|Archaludon, L50, F|100/100
|move|p2b: Magmar|Follow Me|p2b: Magmar
|-singleturn|p2b: Magmar|move: Follow Me
|move|p1b: Kingdra|Surf|p2a: Farigiraf|[spread] p1a,p2a,p2b
|-resisted|p1a: Archaludon
|-supereffective|p2b: Magmar
|-damage|p1a: Archaludon|81/100
|-damage|p2a: Farigiraf|58/100
|-damage|p2b: Magmar|31/100
|-ability|p1a: Archaludon|Stamina|boost
|-boost|p1a: Archaludon|def|1
|-damage|p1b: Kingdra|91/100|[from] item: Life Orb
|move|p2a: Farigiraf|Trick Room|p2a: Farigiraf
|-fieldstart|move: Trick Room|[of] p2a: Farigiraf
|
|-weather|RainDance|[upkeep]
|upkeep
|turn|2
|
|t:|1757853804
|switch|p1b: Comfey|Comfey, L50, M|100/100
|move|p2a: Farigiraf|Protect|p2a: Farigiraf
|-singleturn|p2a: Farigiraf|Protect
|move|p2b: Magmar|Will-O-Wisp|p1a: Archaludon
|-status|p1a: Archaludon|brn
|move|p1a: Archaludon|Snarl|p2b: Magmar|[spread] p2b
|-activate|p2a: Farigiraf|move: Protect
|-damage|p2b: Magmar|21/100
|-unboost|p2b: Magmar|spa|1
|
|-weather|RainDance|[upkeep]
|-damage|p1a: Archaludon|75/100 brn|[from] brn
|upkeep
|turn|3
|
|t:|1757853825
|move|p2a: Farigiraf|Psychic|p1b: Comfey
|-damage|p1b: Comfey|66/100
|move|p2b: Magmar|Flamethrower|p1b: Comfey
|-damage|p1b: Comfey|56/100
|move|p1a: Archaludon|Electro Shot||[still]
|-prepare|p1a: Archaludon|Electro Shot
|-boost|p1a: Archaludon|spa|1
|-anim|p1a: Archaludon|Electro Shot|p2a: Farigiraf
|-damage|p2a: Farigiraf|12/100
|-enditem|p2a: Farigiraf|Sitrus Berry|[eat]
|-heal|p2a: Farigiraf|37/100|[from] item: Sitrus Berry
|move|p1b: Comfey|Light Screen|p1b: Comfey
|-sidestart|p1: PreparationHHH|move: Light Screen
|
|-weather|RainDance|[upkeep]
|-damage|p1a: Archaludon|69/100 brn|[from] brn
|upkeep
|turn|4
|
|t:|1757853854
|move|p1b: Comfey|Floral Healing|p1a: Archaludon
|-heal|p1a: Archaludon|100/100 brn
|move|p2b: Magmar|Follow Me|p2b: Magmar
|-singleturn|p2b: Magmar|move: Follow Me
|move|p2a: Farigiraf|Psychic|p1b: Comfey
|-damage|p1b: Comfey|33/100
|move|p1a: Archaludon|Snarl|p2b: Magmar|[spread] p2a,p2b
|-supereffective|p2a: Farigiraf
|-damage|p2a: Farigiraf|3/100
|-damage|p2b: Magmar|8/100
|-unboost|p2a: Farigiraf|spa|1
|-unboost|p2b: Magmar|spa|1
|
|-weather|RainDance|[upkeep]
|-damage|p1a: Archaludon|94/100 brn|[from] brn
|upkeep
|turn|5
|
|t:|1757853886
|move|p2b: Magmar|Protect|p2b: Magmar
|-singleturn|p2b: Magmar|Protect
|move|p1b: Comfey|Protect|p1b: Comfey
|-singleturn|p1b: Comfey|Protect
|move|p2a: Farigiraf|Psychic|p1b: Comfey
|-activate|p1b: Comfey|move: Protect
|move|p1a: Archaludon|Snarl|p2a: Farigiraf|[spread] p2a
|-activate|p2b: Magmar|move: Protect
|-supereffective|p2a: Farigiraf
|-crit|p2a: Farigiraf
|-damage|p2a: Farigiraf|0 fnt
|faint|p2a: Farigiraf
|
|-weather|none
|-damage|p1a: Archaludon|88/100 brn|[from] brn
|-fieldend|move: Trick Room
|upkeep
|
|t:|1757853910
|switch|p2a: Sneasler|Sneasler, L50, M|100/100
|turn|6
|
|t:|1757853930
|move|p1b: Comfey|Draining Kiss|p2a: Sneasler
|-damage|p2a: Sneasler|81/100
|-heal|p1b: Comfey|47/100|[from] drain|[of] p2a: Sneasler
|move|p2a: Sneasler|Dire Claw|p1b: Comfey
|-supereffective|p1b: Comfey
|-damage|p1b: Comfey|0 fnt
|faint|p1b: Comfey
|move|p1a: Archaludon|Flash Cannon|p2b: Magmar
|-resisted|p2b: Magmar
|-damage|p2b: Magmar|0 fnt
|faint|p2b: Magmar
|
|-damage|p1a: Archaludon|82/100 brn|[from] brn
|upkeep
|
|t:|1757853945
|switch|p1b: Pelipper|Pelipper, L50, M|100/100
|switch|p2b: Ursaluna|Ursaluna-Bloodmoon, L50, M|100/100
|-weather|RainDance|[from] ability: Drizzle|[of] p1b: Pelipper
|turn|7
|
|t:|1757853984
|-terastallize|p2b: Ursaluna|Normal
|move|p2a: Sneasler|Protect|p2a: Sneasler
|-singleturn|p2a: Sneasler|Protect
|move|p1b: Pelipper|Hurricane|p2a: Sneasler
|-activate|p2a: Sneasler|move: Protect
|move|p1a: Archaludon|Snarl|p2a: Sneasler|[spread] p2b
|-activate|p2a: Sneasler|move: Protect
|-damage|p2b: Ursaluna|77/100
|-unboost|p2b: Ursaluna|spa|1
|move|p2b: Ursaluna|Blood Moon|p1b: Pelipper
|-damage|p1b: Pelipper|0 fnt
|faint|p1b: Pelipper
|-damage|p2b: Ursaluna|67/100|[from] item: Life Orb
|
|-weather|RainDance|[upkeep]
|-damage|p1a: Archaludon|76/100 brn|[from] brn
|-sideend|p1: PreparationHHH|move: Light Screen
|upkeep
|
|t:|1757854003
|switch|p1b: Kingdra|Kingdra, L50, M|91/100
|turn|8
|
|t:|1757854017
|move|p2a: Sneasler|Protect||[still]
|-fail|p2a: Sneasler
|move|p1b: Kingdra|Weather Ball|p2a: Sneasler
|-damage|p2a: Sneasler|0 fnt
|faint|p2a: Sneasler
|-damage|p1b: Kingdra|82/100|[from] item: Life Orb
|move|p1a: Archaludon|Snarl|p2b: Ursaluna
|-damage|p2b: Ursaluna|35/100
|-unboost|p2b: Ursaluna|spa|1
|move|p2b: Ursaluna|Earth Power|p1a: Archaludon
|-supereffective|p1a: Archaludon
|-damage|p1a: Archaludon|27/100 brn
|-ability|p1a: Archaludon|Stamina|boost
|-boost|p1a: Archaludon|def|1
|-damage|p2b: Ursaluna|25/100|[from] item: Life Orb
|
|-weather|RainDance|[upkeep]
|-damage|p1a: Archaludon|21/100 brn|[from] brn
|upkeep
|turn|9
|
|t:|1757854042
|move|p1b: Kingdra|Weather Ball|p2b: Ursaluna
|-damage|p2b: Ursaluna|0 fnt
|faint|p2b: Ursaluna
|-damage|p1b: Kingdra|72/100|[from] item: Life Orb
|
|win|PreparationHHH
|raw|PreparationHHH's rating: 1086 → 1117(+31 for winning)
|raw|lol lol lol blue's rating: 1142 → 1113(-29 for losing)
