|j|☆shaboogles
|j|☆mikewww
|html|shabooglesmikewww    
|uhtml|bestof|Game 1 of a best-of-3
|t:|1784066363
|gametype|doubles
|player|p1|shaboogles|rosa|
|player|p2|mikewww|swimmer-gen4dp|
|gen|9
|tier|[Gen 9 Champions] VGC 2026 Reg M-B (Bo3)
|rule|Species Clause: Limit one of each Pokémon
|rule|Item Clause: Limit 1 of each item
|clearpoke
|poke|p1|Chandelure, L50, M|
|poke|p1|Chesnaught, L50, M|
|poke|p1|Greninja, L50, F|
|poke|p1|Rotom-Mow, L50|
|poke|p1|Krookodile, L50, M|
|poke|p1|Ariados, L50, M|
|poke|p2|Ariados, L50, F|
|poke|p2|Liepard, L50, M|
|poke|p2|Chandelure, L50, M|
|poke|p2|Krookodile, L50, M|
|poke|p2|Gardevoir, L50, M|
|poke|p2|Barbaracle, L50, M|
|teampreview|4
|showteam|p1|Chandelure||Chandelurite|Infiltrator|HeatWave,ShadowBall,TrickRoom,Protect|Modest||M|||50|]Chesnaught||RoseliBerry|Bulletproof|WoodHammer,SpikyShield,HammerArm,WideGuard|Adamant||M|||50|]Greninja||Greninjite|Torrent|IcyWind,Protect,HydroPump,DarkPulse|Timid||F|||50|]Rotom-Mow||ChoiceScarf|Levitate|Thunderbolt,LeafStorm,Electroweb,WillOWisp|Timid|||||50|]Krookodile||PasshoBerry|Intimidate|Crunch,Taunt,Protect,HighHorsepower|Adamant||M|||50|]Ariados||ScopeLens|Sniper|CrossPoison,Protect,RagePowder,KnockOff|Impish||M|||50|
|showteam|p2|Ariados||PayapaBerry|Insomnia|Protect,PoisonJab,StruggleBug,RagePowder|Impish||F|||50|]Liepard||FocusSash|Prankster|KnockOff,SunnyDay,Encore,FakeOut|Jolly||M|||50|]Chandelure||ShucaBerry|FlashFire|Protect,HeatWave,ShadowBall,TrickRoom|Modest||M|||50|]Krookodile||ChoiceScarf|Intimidate|HighHorsepower,Earthquake,KnockOff,GunkShot|Adamant||M|||50|]Gardevoir||FairyFeather|Telepathy|Protect,DazzlingGleam,Moonblast,Psychic|Modest||M|||50|]Barbaracle||Barbaracite|ToughClaws|Protect,RockSlide,CloseCombat,ShellSmash|Adamant||M|||50|
|inactive|Battle timer is ON: inactive players will automatically lose when time's up. (requested by mikewww)
|c|☆mikewww|glhf!!!!
|c|☆shaboogles|GLHF MIKE WWW GOAT
|inactive|shaboogles has 60 seconds left.
|inactive|mikewww has 60 seconds left.
|
|t:|1784066422
|teamsize|p1|4
|teamsize|p2|4
|start
|switch|p1a: Chesnaught|Chesnaught, L50, M|100/100
|switch|p1b: Krookodile|Krookodile, L50, M|100/100
|switch|p2a: Liepard|Liepard, L50, M|100/100
|switch|p2b: Krookodile|Krookodile, L50, M|100/100
|-ability|p2b: Krookodile|Intimidate|boost
|-unboost|p1a: Chesnaught|atk|1
|-unboost|p1b: Krookodile|atk|1
|-ability|p1b: Krookodile|Intimidate|boost
|-unboost|p2a: Liepard|atk|1
|-unboost|p2b: Krookodile|atk|1
|turn|1
|
|t:|1784066443
|move|p2a: Liepard|Fake Out|p1b: Krookodile
|-crit|p1b: Krookodile
|-damage|p1b: Krookodile|80/100
|move|p2b: Krookodile|Gunk Shot|p1a: Chesnaught
|-supereffective|p1a: Chesnaught|1
|-damage|p1a: Chesnaught|57/100
|cant|p1b: Krookodile|flinch
|move|p1a: Chesnaught|Wood Hammer|p2b: Krookodile
|-supereffective|p2b: Krookodile|1
|-damage|p2b: Krookodile|11/100
|-damage|p1a: Chesnaught|29/100|[from] Recoil
|
|upkeep
|turn|2
|inactive|shaboogles has 30 seconds left.
|inactive|mikewww has 30 seconds left.
|inactive|shaboogles has 20 seconds left.
|
|t:|1784066479
|switch|p1a: Chandelure|Chandelure, L50, M|100/100
|move|p2b: Krookodile|Gunk Shot|p1a: Chandelure
|-resisted|p1a: Chandelure|1
|-damage|p1a: Chandelure|83/100
|move|p2a: Liepard|Knock Off|p1a: Chandelure
|-supereffective|p1a: Chandelure|1
|-damage|p1a: Chandelure|39/100
|move|p1b: Krookodile|Crunch|p2b: Krookodile
|-resisted|p2b: Krookodile|1
|-damage|p2b: Krookodile|0 fnt
|faint|p2b: Krookodile
|
|upkeep
|
|t:|1784066494
|switch|p2b: Gardevoir|Gardevoir, L50, M|100/100
|turn|3
|
|t:|1784066512
|switch|p1a: Chesnaught|Chesnaught, L50, M|29/100
|move|p2a: Liepard|Knock Off|p1a: Chesnaught
|-resisted|p1a: Chesnaught|1
|-damage|p1a: Chesnaught|17/100
|-enditem|p1a: Chesnaught|Roseli Berry|[from] move: Knock Off|[of] p2a: Liepard
|move|p1b: Krookodile|High Horsepower|p2b: Gardevoir
|-damage|p2b: Gardevoir|57/100
|move|p2b: Gardevoir|Dazzling Gleam|p1b: Krookodile|[spread] p1a,p1b
|-supereffective|p1a: Chesnaught|1
|-supereffective|p1b: Krookodile|1
|-damage|p1a: Chesnaught|0 fnt
|-damage|p1b: Krookodile|4/100
|faint|p1a: Chesnaught
|
|upkeep
|
|t:|1784066517
|switch|p1a: Rotom|Rotom-Mow, L50|100/100
|turn|4
|inactive|mikewww has 30 seconds left.
|
|t:|1784066546
|move|p2b: Gardevoir|Protect|p2b: Gardevoir
|-singleturn|p2b: Gardevoir|Protect
|move|p1a: Rotom|Electroweb|p2a: Liepard|[spread] p2a
|-activate|p2b: Gardevoir|move: Protect
|-damage|p2a: Liepard|61/100
|-unboost|p2a: Liepard|spe|1
|move|p1b: Krookodile|High Horsepower|p2a: Liepard
|-damage|p2a: Liepard|0 fnt
|faint|p2a: Liepard
|
|upkeep
|
|t:|1784066555
|switch|p2a: Chandelure|Chandelure, L50, M|100/100
|turn|5
|
|t:|1784066570
|move|p1a: Rotom|Electroweb|p2b: Gardevoir|[spread] p2a,p2b
|-damage|p2a: Chandelure|74/100
|-damage|p2b: Gardevoir|38/100
|-unboost|p2a: Chandelure|spe|1
|-unboost|p2b: Gardevoir|spe|1
|move|p1b: Krookodile|High Horsepower|p2a: Chandelure
|-supereffective|p2a: Chandelure|1
|-enditem|p2a: Chandelure|Shuca Berry|[eat]
|-enditem|p2a: Chandelure|Shuca Berry|[weaken]
|-damage|p2a: Chandelure|34/100
|move|p2a: Chandelure|Heat Wave|p1a: Rotom|[spread] p1a,p1b
|-supereffective|p1a: Rotom|1
|-damage|p1a: Rotom|0 fnt
|-damage|p1b: Krookodile|0 fnt
|faint|p1a: Rotom
|faint|p1b: Krookodile
|move|p2b: Gardevoir|Dazzling Gleam|p1: Rotom|[notarget]
|-fail|p2b: Gardevoir
|
|upkeep
|
|t:|1784066574
|switch|p1b: Chandelure|Chandelure, L50, M|39/100
|turn|6
|inactive|shaboogles has 30 seconds left.
|
|t:|1784066600
|detailschange|p1b: Chandelure|Chandelure-Mega, L50, M
|-mega|p1b: Chandelure|Chandelure|Chandelurite
|move|p1b: Chandelure|Shadow Ball|p2a: Chandelure
|-supereffective|p2a: Chandelure|1
|-damage|p2a: Chandelure|0 fnt
|faint|p2a: Chandelure
|move|p2b: Gardevoir|Psychic|p1b: Chandelure
|-damage|p1b: Chandelure|0 fnt
|faint|p1b: Chandelure
|
|win|mikewww
||shaboogles is ready for game 2.
||mikewww is ready for game 2.
|uhtml|next|Next: Game 2 of 3
