|j|☆mynamegrassgreen
|j|☆erp_01
|html|mynamegrassgreenerp_01    
|uhtml|bestof|Game 3 of a best-of-3
|t:|1785699520
|gametype|doubles
|player|p1|mynamegrassgreen|ingo-masters|1187
|player|p2|erp_01|roy|1283
|gen|9
|tier|[Gen 9 Champions] VGC 2026 Reg M-B (Bo3)
|rated|
|rule|Species Clause: Limit one of each Pokémon
|rule|Item Clause: Limit 1 of each item
|clearpoke
|poke|p1|Gengar, L50, F|
|poke|p1|Incineroar, L50, M|
|poke|p1|Ninetales-Alola, L50, F, shiny|
|poke|p1|Basculegion, L50, M|
|poke|p1|Kingambit, L50, M|
|poke|p1|Blaziken, L50, M|
|poke|p2|Froslass, L50, F|
|poke|p2|Sneasler, L50, F|
|poke|p2|Milotic, L50, F|
|poke|p2|Charizard, L50, F|
|poke|p2|Kingambit, L50, M, shiny|
|poke|p2|Sinistcha-Masterpiece, L50|
|teampreview|4
|showteam|p1|Gengar||Gengarite|CursedBody|ShadowBall,Disable,PerishSong,Protect|Timid||F|||50|]Incineroar||PasshoBerry|Intimidate|FakeOut,FlareBlitz,PartingShot,Protect|Impish||M|||50|]Ninetales-Alola||NeverMeltIce|SnowWarning|Blizzard,FreezeDry,Encore,Protect|Timid||F|||50|]Basculegion||ChoiceScarf|Adaptability|WaveCrash,LastRespects,AquaJet,FlipTurn|Jolly||M|||50|]Kingambit||FocusSash|Defiant|KowtowCleave,SuckerPunch,IronHead,Protect|Adamant||M|||50|]Blaziken||Blazikenite|SpeedBoost|CloseCombat,FlareBlitz,RockSlide,Detect|Adamant||M|||50|
|showteam|p2|Froslass||Froslassite|SnowCloak|Blizzard,AuroraVeil,ShadowBall,Protect|Timid||F|||50|]Sneasler||FocusSash|PoisonTouch|CloseCombat,PoisonJab,Coaching,FakeOut|Jolly||F|||50|]Milotic||Leftovers|Competitive|Scald,IcyWind,Recover,Protect|Calm||F|||50|]Charizard||CharizarditeX|SolarPower|FlareBlitz,DragonClaw,DragonDance,Protect|Adamant||F|||50|]Kingambit||BlackGlasses|Defiant|KowtowCleave,SuckerPunch,SwordsDance,Protect|Adamant||M|||50|]Sinistcha-Masterpiece||ColburBerry|Hospitality|MatchaGotcha,TrickRoom,RagePowder,Protect|Bold|||||50|
|
|t:|1785699541
|teamsize|p1|4
|teamsize|p2|4
|start
|switch|p1a: Spirits Ablaze!|Blaziken, L50, M|100/100
|switch|p1b: Snowgrave|Ninetales-Alola, L50, F, shiny|100/100
|switch|p2a: Kingambit|Kingambit, L50, M, shiny|100/100
|switch|p2b: Milotic|Milotic, L50, F|100/100
|-weather|Snowscape|[from] ability: Snow Warning|[of] p1b: Snowgrave
|turn|1
|inactive|Battle timer is ON: inactive players will automatically lose when time's up. (requested by mynamegrassgreen)
|
|t:|1785699561
|detailschange|p1a: Spirits Ablaze!|Blaziken-Mega, L50, M
|-mega|p1a: Spirits Ablaze!|Blaziken|Blazikenite
|move|p1b: Snowgrave|Freeze-Dry|p2b: Milotic
|-supereffective|p2b: Milotic|1
|-damage|p2b: Milotic|60/100
|move|p1a: Spirits Ablaze!|Close Combat|p2a: Kingambit
|-supereffective|p2a: Kingambit|2
|-damage|p2a: Kingambit|0 fnt
|-unboost|p1a: Spirits Ablaze!|def|1
|-unboost|p1a: Spirits Ablaze!|spd|1
|faint|p2a: Kingambit
|move|p2b: Milotic|Scald|p1a: Spirits Ablaze!
|-supereffective|p1a: Spirits Ablaze!|1
|-damage|p1a: Spirits Ablaze!|0 fnt
|faint|p1a: Spirits Ablaze!
|
|-weather|Snowscape|[upkeep]
|-heal|p2b: Milotic|66/100|[from] item: Leftovers
|upkeep
|
|t:|1785699571
|switch|p1a: BLOOD FISH|Basculegion, L50, M|100/100
|switch|p2a: Charizard|Charizard, L50, F|100/100
|turn|2
|
|t:|1785699586
|detailschange|p2a: Charizard|Charizard-Mega-X, L50, F
|-mega|p2a: Charizard|Charizard|Charizardite X
|move|p2b: Milotic|Protect|p2b: Milotic
|-singleturn|p2b: Milotic|Protect
|move|p1a: BLOOD FISH|Last Respects|p2b: Milotic
|-activate|p2b: Milotic|move: Protect
|move|p1b: Snowgrave|Freeze-Dry|p2b: Milotic
|-activate|p2b: Milotic|move: Protect
|move|p2a: Charizard|Dragon Dance|p2a: Charizard
|-boost|p2a: Charizard|atk|1
|-boost|p2a: Charizard|spe|1
|
|-weather|Snowscape|[upkeep]
|-heal|p2b: Milotic|72/100|[from] item: Leftovers
|upkeep
|turn|3
|
|t:|1785699597
|switch|p1a: >:3|Incineroar, L50, M|100/100
|-ability|p1a: >:3|Intimidate|boost
|-unboost|p2a: Charizard|atk|1
|-unboost|p2b: Milotic|atk|1
|-ability|p2b: Milotic|Competitive|boost
|-boost|p2b: Milotic|spa|2
|move|p2a: Charizard|Flare Blitz|p1b: Snowgrave
|-supereffective|p1b: Snowgrave|1
|-damage|p1b: Snowgrave|0 fnt
|faint|p1b: Snowgrave
|-damage|p2a: Charizard|64/100|[from] Recoil
|move|p2b: Milotic|Scald|p1a: >:3
|-supereffective|p1a: >:3|1
|-enditem|p1a: >:3|Passho Berry|[eat]
|-enditem|p1a: >:3|Passho Berry|[weaken]
|-damage|p1a: >:3|48/100
|
|-weather|Snowscape|[upkeep]
|-heal|p2b: Milotic|78/100|[from] item: Leftovers
|upkeep
|
|t:|1785699601
|switch|p1b: BLOOD FISH|Basculegion, L50, M|100/100
|turn|4
|
|t:|1785699618
|move|p2a: Charizard|Protect|p2a: Charizard
|-singleturn|p2a: Charizard|Protect
|move|p2b: Milotic|Protect|p2b: Milotic
|-singleturn|p2b: Milotic|Protect
|move|p1a: >:3|Fake Out|p2a: Charizard
|-activate|p2a: Charizard|move: Protect
|move|p1b: BLOOD FISH|Last Respects|p2a: Charizard
|-activate|p2a: Charizard|move: Protect
|
|-weather|Snowscape|[upkeep]
|-heal|p2b: Milotic|84/100|[from] item: Leftovers
|upkeep
|turn|5
|
|t:|1785699625
|move|p1a: >:3|Protect|p1a: >:3
|-singleturn|p1a: >:3|Protect
|move|p2a: Charizard|Dragon Claw|p1a: >:3
|-activate|p1a: >:3|move: Protect
|move|p1b: BLOOD FISH|Last Respects|p2a: Charizard
|-damage|p2a: Charizard|0 fnt
|faint|p2a: Charizard
|move|p2b: Milotic|Scald|p1a: >:3
|-activate|p1a: >:3|move: Protect
|
|-weather|none
|-heal|p2b: Milotic|90/100|[from] item: Leftovers
|upkeep
|
|t:|1785699627
|switch|p2a: Sinistcha|Sinistcha-Masterpiece, L50|100/100
|-heal|p2b: Milotic|100/100|[from] ability: Hospitality|[of] p2a: Sinistcha
|turn|6
|
|t:|1785699634
|move|p2a: Sinistcha|Protect|p2a: Sinistcha
|-singleturn|p2a: Sinistcha|Protect
|move|p1b: BLOOD FISH|Last Respects|p2b: Milotic
|-damage|p2b: Milotic|8/100
|move|p2b: Milotic|Scald|p1a: >:3
|-supereffective|p1a: >:3|1
|-damage|p1a: >:3|0 fnt
|faint|p1a: >:3
|
|-heal|p2b: Milotic|14/100|[from] item: Leftovers
|upkeep
|turn|7
|
|t:|1785699654
|move|p2b: Milotic|Protect|p2b: Milotic
|-singleturn|p2b: Milotic|Protect
|move|p1b: BLOOD FISH|Last Respects|p2a: Sinistcha
|-supereffective|p2a: Sinistcha|1
|-damage|p2a: Sinistcha|0 fnt
|faint|p2a: Sinistcha
|
|-heal|p2b: Milotic|20/100y|[from] item: Leftovers
|upkeep
|turn|8
|
|t:|1785699657
|move|p1b: BLOOD FISH|Last Respects|p2b: Milotic
|-damage|p2b: Milotic|0 fnt
|faint|p2b: Milotic
|
|win|mynamegrassgreen
|raw|mynamegrassgreen's rating: 1187 → 1219(+32 for winning)
|raw|erp_01's rating: 1283 → 1251(-32 for losing)
|l|☆erp_01
|player|p2|
