|j|☆0rion1798
|j|☆Realfrytki
|html|0rion1798Realfrytki    
|uhtml|bestof|Game 2 of a best-of-3
|t:|1755292405
|gametype|doubles
|player|p1|0rion1798|clair|1196
|player|p2|Realfrytki|veteranf|1377
|gen|9
|tier|[Gen 9] VGC 2025 Reg H (Bo3)
|rated|
|rule|Species Clause: Limit one of each Pokémon
|rule|Item Clause: Limit 1 of each item
|clearpoke
|poke|p1|Sneasler, L50, F|
|poke|p1|Indeedee, L50, M|
|poke|p1|Ursaluna-Bloodmoon, L50, M|
|poke|p1|Electabuzz, L50, F|
|poke|p1|Incineroar, L50, F|
|poke|p1|Dragonite, L50, F|
|poke|p2|Volcarona, L50, M|
|poke|p2|Rillaboom, L50, M|
|poke|p2|Dragonite, L50, M|
|poke|p2|Kingambit, L50, F|
|poke|p2|Sneasler, L50, F|
|poke|p2|Gastrodon, L50, M|
|teampreview|4
|showteam|p1|Sneasler||PsychicSeed|Unburden|CloseCombat,DireClaw,ThroatChop,Protect|||F|||50|,,,,,Dark]Indeedee||FocusSash|PsychicSurge|ExpandingForce,TrickRoom,HelpingHand,Protect|||M|||50|,,,,,Psychic]Ursaluna-Bloodmoon||LifeOrb|MindsEye|BloodMoon,HyperVoice,EarthPower,Protect|||M|||50|,,,,,Normal]Electabuzz||Eviolite|VitalSpirit|Electroweb,FollowMe,Taunt,Protect|||F|||50|,,,,,Dragon]Incineroar||SafetyGoggles|Intimidate|FlareBlitz,KnockOff,PartingShot,FakeOut|||F|||50|,,,,,Ghost]Dragonite||LoadedDice|Multiscale|ScaleShot,Tailwind,Haze,Protect|||F|||50|,,,,,Fairy
|showteam|p2|Volcarona||Leftovers|FlameBody|HeatWave,TeraBlast,QuiverDance,Protect|||M|||50|,,,,,Fairy]Rillaboom||MiracleSeed|GrassySurge|WoodHammer,GrassyGlide,FakeOut,Protect|||M|||50|,,,,,Fire]Dragonite||LoadedDice|Multiscale|ScaleShot,ExtremeSpeed,Haze,Protect|||M|||50|,,,,,Steel]Kingambit||AssaultVest|Defiant|KowtowCleave,SuckerPunch,IronHead,TeraBlast|||F|||50|,,,,,Flying]Sneasler||FocusSash|Unburden|CloseCombat,DireClaw,Coaching,FakeOut|||F|||50|,,,,,Stellar]Gastrodon||SitrusBerry|StormDrain|EarthPower,IceBeam,Yawn,Protect|||M|||50|,,,,,Poison
|inactive|Battle timer is ON: inactive players will automatically lose when time's up. (requested by 0rion1798)
|
|t:|1755292426
|teamsize|p1|4
|teamsize|p2|4
|start
|switch|p1a: Dragonite|Dragonite, L50, F|100/100
|switch|p1b: Ursaluna|Ursaluna-Bloodmoon, L50, M|100/100
|switch|p2a: Sneasler|Sneasler, L50, F|100/100
|switch|p2b: Dragonite|Dragonite, L50, M|100/100
|turn|1
|
|t:|1755292447
|switch|p1b: Indeedee|Indeedee, L50, M|100/100
|-fieldstart|move: Psychic Terrain|[from] ability: Psychic Surge|[of] p1b: Indeedee
|-terastallize|p1a: Dragonite|Fairy
|move|p2a: Sneasler|Fake Out|p1a: Dragonite
|-activate|p1a: Dragonite|move: Psychic Terrain
|move|p2b: Dragonite|Scale Shot|p1b: Indeedee
|-damage|p1b: Indeedee|69/100
|-damage|p1b: Indeedee|38/100
|-damage|p1b: Indeedee|7/100
|-damage|p1b: Indeedee|0 fnt
|faint|p1b: Indeedee
|-hitcount|p1: Indeedee|4
|-unboost|p2b: Dragonite|def|1
|-boost|p2b: Dragonite|spe|1
|move|p1a: Dragonite|Scale Shot|p2a: Sneasler
|-damage|p2a: Sneasler|77/100
|-damage|p2a: Sneasler|53/100
|-damage|p2a: Sneasler|30/100
|-damage|p2a: Sneasler|5/100
|-hitcount|p2a: Sneasler|4
|-unboost|p1a: Dragonite|def|1
|-boost|p1a: Dragonite|spe|1
|
|upkeep
|
|t:|1755292467
|switch|p1b: Ursaluna|Ursaluna-Bloodmoon, L50, M|100/100
|turn|2
|
|t:|1755292488
|move|p1a: Dragonite|Scale Shot|p2a: Sneasler
|-damage|p2a: Sneasler|0 fnt
|faint|p2a: Sneasler
|-hitcount|p2: Sneasler|1
|-unboost|p1a: Dragonite|def|1
|-boost|p1a: Dragonite|spe|1
|move|p2b: Dragonite|Scale Shot|p1b: Ursaluna
|-damage|p1b: Ursaluna|88/100
|-damage|p1b: Ursaluna|76/100
|-crit|p1b: Ursaluna
|-damage|p1b: Ursaluna|59/100
|-damage|p1b: Ursaluna|45/100
|-damage|p1b: Ursaluna|34/100
|-hitcount|p1b: Ursaluna|5
|-unboost|p2b: Dragonite|def|1
|-boost|p2b: Dragonite|spe|1
|move|p1b: Ursaluna|Blood Moon|p2b: Dragonite
|-damage|p2b: Dragonite|44/100
|-damage|p1b: Ursaluna|24/100|[from] item: Life Orb
|
|upkeep
|
|t:|1755292512
|switch|p2a: Rillaboom|Rillaboom, L50, M|100/100
|-fieldstart|move: Grassy Terrain|[from] ability: Grassy Surge|[of] p2a: Rillaboom
|turn|3
|
|t:|1755292526
|move|p2a: Rillaboom|Fake Out|p1a: Dragonite
|-crit|p1a: Dragonite
|-damage|p1a: Dragonite|76/100
|move|p2b: Dragonite|Extreme Speed|p1b: Ursaluna
|-damage|p1b: Ursaluna|0 fnt
|faint|p1b: Ursaluna
|cant|p1a: Dragonite|flinch
|
|-heal|p1a: Dragonite|82/100|[from] Grassy Terrain
|upkeep
|
|t:|1755292528
|switch|p1b: Sneasler|Sneasler, L50, F|100/100
|turn|4
|
|t:|1755292543
|move|p1a: Dragonite|Protect|p1a: Dragonite
|-singleturn|p1a: Dragonite|Protect
|move|p2b: Dragonite|Scale Shot|p1b: Sneasler
|-damage|p1b: Sneasler|73/100
|-damage|p1b: Sneasler|48/100
|-damage|p1b: Sneasler|21/100
|-damage|p1b: Sneasler|0 fnt
|faint|p1b: Sneasler
|-hitcount|p1: Sneasler|4
|-unboost|p2b: Dragonite|def|1
|-boost|p2b: Dragonite|spe|1
|move|p2a: Rillaboom|Wood Hammer|p1a: Dragonite
|-activate|p1a: Dragonite|move: Protect
|
|-heal|p1a: Dragonite|88/100|[from] Grassy Terrain
|upkeep
|turn|5
|-message|0rion1798 forfeited.
|
|win|Realfrytki
|raw|0rion1798's rating: 1196 → 1183(-13 for losing)
|raw|Realfrytki's rating: 1377 → 1387(+10 for winning)
|l|☆Realfrytki
|player|p2|
