|j|☆VinlandLagann
|j|☆vamioli
|html|VinlandLagannvamioli    
|uhtml|bestof|Game 2 of a best-of-3
|t:|1782289850
|gametype|doubles
|player|p1|VinlandLagann|veteran|1000
|player|p2|vamioli|102|1140
|gen|9
|tier|[Gen 9 Champions] VGC 2026 Reg M-B (Bo3)
|rated|
|rule|Species Clause: Limit one of each Pokémon
|rule|Item Clause: Limit 1 of each item
|clearpoke
|poke|p1|Gyarados, L50, F|
|poke|p1|Sneasler, L50, M|
|poke|p1|Garchomp, L50, F|
|poke|p1|Kingambit, L50, F|
|poke|p1|Milotic, L50, F|
|poke|p1|Blaziken, L50, F|
|poke|p2|Annihilape, L50, M|
|poke|p2|Gholdengo, L50|
|poke|p2|Whimsicott, L50, M|
|poke|p2|Sinistcha, L50|
|poke|p2|Excadrill, L50, M|
|poke|p2|Tyranitar, L50, F|
|teampreview|4
|showteam|p1|Gyarados||Gyaradosite|Intimidate|Waterfall,Crunch,DragonDance,Protect|Jolly||F|||50|]Sneasler||MentalHerb|Unburden|CloseCombat,DireClaw,FakeOut,Protect|Jolly||M|||50|]Garchomp||ChoiceScarf|RoughSkin|DragonClaw,Earthquake,StompingTantrum,RockSlide|Adamant||F|||50|]Kingambit||FocusSash|Defiant|SuckerPunch,IronHead,LowKick,Protect|Adamant||F|||50|]Milotic||Leftovers|Competitive|Scald,IcyWind,Recover,Protect|Bold||F|||50|]Blaziken||Blazikenite|SpeedBoost|FlareBlitz,LowKick,SwordsDance,Protect|Jolly||F|||50|
|showteam|p2|Annihilape||Leftovers|Defiant|Protect,RageFist,DrainPunch,BulkUp|Adamant||M|||50|]Gholdengo||ChoiceScarf|GoodasGold|ShadowBall,MakeItRain,Thunderbolt,DazzlingGleam|Modest|||||50|]Whimsicott||FocusSash|Prankster|GigaDrain,Moonblast,Encore,Protect|Timid||M|||50|]Sinistcha||SitrusBerry|Hospitality|RagePowder,MatchaGotcha,Protect,TrickRoom|Bold|||||50|]Excadrill||LifeOrb|SandRush|IronHead,HighHorsepower,Protect,RockSlide|Adamant||M|||50|]Tyranitar||Tyranitarite|SandStream|DragonDance,KnockOff,RockSlide,Protect|Adamant||F|||50|
|
|t:|1782289876
|teamsize|p1|4
|teamsize|p2|4
|start
|switch|p1a: Blaziken|Blaziken, L50, F|100/100
|switch|p1b: Milotic|Milotic, L50, F|100/100
|switch|p2a: Sinistcha|Sinistcha, L50|100/100
|switch|p2b: Whimsicott|Whimsicott, L50, M|100/100
|turn|1
|
|t:|1782289890
|move|p2b: Whimsicott|Protect|p2b: Whimsicott
|-singleturn|p2b: Whimsicott|Protect
|move|p1a: Blaziken|Swords Dance|p1a: Blaziken
|-boost|p1a: Blaziken|atk|2
|move|p1b: Milotic|Icy Wind|p2b: Whimsicott|[spread] p2a
|-activate|p2b: Whimsicott|move: Protect
|-supereffective|p2a: Sinistcha|1
|-damage|p2a: Sinistcha|80/100
|-unboost|p2a: Sinistcha|spe|1
|move|p2a: Sinistcha|Trick Room|p2a: Sinistcha
|-fieldstart|move: Trick Room|[of] p2a: Sinistcha
|
|-ability|p1a: Blaziken|Speed Boost|boost
|-boost|p1a: Blaziken|spe|1
|upkeep
|turn|2
|
|t:|1782289915
|switch|p1b: Kingambit|Kingambit, L50, F|100/100
|switch|p2b: Tyranitar|Tyranitar, L50, F|100/100
|-weather|Sandstorm|[from] ability: Sand Stream|[of] p2b: Tyranitar
|detailschange|p1a: Blaziken|Blaziken-Mega, L50, F
|-mega|p1a: Blaziken|Blaziken|Blazikenite
|move|p2a: Sinistcha|Protect|p2a: Sinistcha
|-singleturn|p2a: Sinistcha|Protect
|move|p1a: Blaziken|Flare Blitz|p2a: Sinistcha
|-activate|p2a: Sinistcha|move: Protect
|
|-weather|Sandstorm|[upkeep]
|-damage|p2a: Sinistcha|74/100|[from] Sandstorm
|-damage|p1a: Blaziken|94/100|[from] Sandstorm
|-ability|p1a: Blaziken|Speed Boost|boost
|-boost|p1a: Blaziken|spe|1
|upkeep
|turn|3
|
|t:|1782289954
|switch|p2b: Annihilape|Annihilape, L50, M|100/100
|move|p1b: Kingambit|Protect|p1b: Kingambit
|-singleturn|p1b: Kingambit|Protect
|move|p1a: Blaziken|Protect|p1a: Blaziken
|-singleturn|p1a: Blaziken|Protect
|move|p2a: Sinistcha|Matcha Gotcha|p1b: Kingambit|[spread] 
|-activate|p1a: Blaziken|move: Protect
|-activate|p1b: Kingambit|move: Protect
|
|-weather|Sandstorm|[upkeep]
|-damage|p2a: Sinistcha|68/100|[from] Sandstorm
|-damage|p2b: Annihilape|94/100|[from] Sandstorm
|-damage|p1a: Blaziken|88/100|[from] Sandstorm
|-heal|p2b: Annihilape|100/100|[from] item: Leftovers
|-ability|p1a: Blaziken|Speed Boost|boost
|-boost|p1a: Blaziken|spe|1
|upkeep
|turn|4
|
|t:|1782289986
|move|p2a: Sinistcha|Protect|p2a: Sinistcha
|-singleturn|p2a: Sinistcha|Protect
|move|p1b: Kingambit|Sucker Punch||[still]
|-fail|p1b: Kingambit
|move|p2b: Annihilape|Bulk Up|p2b: Annihilape
|-boost|p2b: Annihilape|atk|1
|-boost|p2b: Annihilape|def|1
|move|p1a: Blaziken|Flare Blitz|p2b: Annihilape
|-crit|p2b: Annihilape
|-damage|p2b: Annihilape|0 fnt
|faint|p2b: Annihilape
|-damage|p1a: Blaziken|42/100|[from] Recoil
|
|-weather|Sandstorm|[upkeep]
|-damage|p2a: Sinistcha|62/100|[from] Sandstorm
|-damage|p1a: Blaziken|36/100|[from] Sandstorm
|-ability|p1a: Blaziken|Speed Boost|boost
|-boost|p1a: Blaziken|spe|1
|upkeep
|
|t:|1782290005
|switch|p2b: Whimsicott|Whimsicott, L50, M|100/100
|turn|5
|-message|vamioli forfeited.
|
|win|VinlandLagann
|raw|VinlandLagann's rating: 1000 → 1055(+55 for winning)
|raw|vamioli's rating: 1140 → 1105(-35 for losing)
|l|☆vamioli
|player|p2|
|c|☆VinlandLagann|gg
