|j|☆TheLeoj
|j|☆subhamcheee
|html|TheLeojsubhamcheee    
|uhtml|bestof|Game 1 of a best-of-3
|t:|1783956825
|gametype|doubles
|player|p1|TheLeoj|1|1158
|player|p2|subhamcheee|cynthia|1205
|gen|9
|tier|[Gen 9 Champions] VGC 2026 Reg M-B (Bo3)
|rated|
|rule|Species Clause: Limit one of each Pokémon
|rule|Item Clause: Limit 1 of each item
|clearpoke
|poke|p1|Politoed, L50, M, shiny|
|poke|p1|Incineroar, L50, M, shiny|
|poke|p1|Gengar, L50, M, shiny|
|poke|p1|Archaludon, L50, M, shiny|
|poke|p1|Swampert, L50, F, shiny|
|poke|p1|Vivillon-Elegant, L50, M, shiny|
|poke|p2|Gardevoir, L50, F|
|poke|p2|Gholdengo, L50|
|poke|p2|Incineroar, L50, M|
|poke|p2|Whimsicott, L50, M|
|poke|p2|Politoed, L50, M|
|poke|p2|Sneasler, L50, F|
|teampreview|4
|showteam|p1|Politoed||SitrusBerry|Drizzle|WeatherBall,Encore,PerishSong,Protect|Calm||M|||50|]Incineroar||PasshoBerry|Intimidate|ThroatChop,FakeOut,PartingShot,Protect|Sassy||M|||50|]Gengar||Gengarite|CursedBody|ShadowBall,SludgeBomb,PerishSong,Protect|Timid||M|||50|]Archaludon||Leftovers|Stamina|ElectroShot,FlashCannon,DragonPulse,Protect|Bold||M|||50|]Swampert||Swampertite|Torrent|WaveCrash,Earthquake,IcePunch,Protect|Adamant||F|||50|]Vivillon-Elegant||FocusSash|CompoundEyes|Hurricane,SleepPowder,RagePowder,Protect|Timid||M|||50|
|showteam|p2|Gardevoir||Gardevoirite|Trace|Protect,CalmMind,DrainingKiss,HyperVoice|Modest||F|||50|]Gholdengo||MetalCoat|GoodasGold|Protect,NastyPlot,ShadowBall,MakeItRain|Modest|||||50|]Incineroar||SitrusBerry|Intimidate|FakeOut,PartingShot,DarkestLariat,FlareBlitz|Careful||M|||50|]Whimsicott||FocusSash|Prankster|Protect,Encore,Tailwind,Moonblast|Timid||M|||50|]Politoed||ChoiceScarf|Drizzle|WeatherBall,IcyWind,HelpingHand,ChillingWater|Timid||M|||50|]Sneasler||WhiteHerb|PoisonTouch|FakeOut,AcidSpray,PoisonJab,CloseCombat|Jolly||F|||50|
|inactive|Battle timer is ON: inactive players will automatically lose when time's up. (requested by TheLeoj)
|inactive|TheLeoj has 60 seconds left.
|inactive|subhamcheee has 60 seconds left.
|inactive|TheLeoj has 30 seconds left.
|
|t:|1783956893
|teamsize|p1|4
|teamsize|p2|4
|start
|switch|p1a: Vivillon|Vivillon-Elegant, L50, M, shiny|100/100
|switch|p1b: Incineroar|Incineroar, L50, M, shiny|100/100
|switch|p2a: Politoed|Politoed, L50, M|100/100
|switch|p2b: Gardevoir|Gardevoir, L50, F|100/100
|-weather|RainDance|[from] ability: Drizzle|[of] p2a: Politoed
|-ability|p2b: Gardevoir|Compound Eyes|Trace|[from] ability: Trace|[of] p1a: Vivillon
|-ability|p1b: Incineroar|Intimidate|boost
|-unboost|p2a: Politoed|atk|1
|-unboost|p2b: Gardevoir|atk|1
|turn|1
|inactive|subhamcheee has 30 seconds left.
|
|t:|1783956919
|switch|p2a: Incineroar|Incineroar, L50, M|100/100
|-ability|p2a: Incineroar|Intimidate|boost
|-unboost|p1a: Vivillon|atk|1
|-unboost|p1b: Incineroar|atk|1
|detailschange|p2b: Gardevoir|Gardevoir-Mega, L50, F
|-mega|p2b: Gardevoir|Gardevoir|Gardevoirite
|move|p2b: Gardevoir|Protect|p2b: Gardevoir
|-singleturn|p2b: Gardevoir|Protect
|move|p1b: Incineroar|Fake Out|p2a: Incineroar
|-damage|p2a: Incineroar|94/100
|move|p1a: Vivillon|Sleep Powder|p2b: Gardevoir
|-activate|p2b: Gardevoir|move: Protect
|
|-weather|RainDance|[upkeep]
|upkeep
|turn|2
|
|t:|1783956942
|switch|p2a: Politoed|Politoed, L50, M|100/100
|move|p1a: Vivillon|Protect|p1a: Vivillon
|-singleturn|p1a: Vivillon|Protect
|move|p1b: Incineroar|Protect|p1b: Incineroar
|-singleturn|p1b: Incineroar|Protect
|move|p2b: Gardevoir|Hyper Voice|p1a: Vivillon|[spread] 
|-activate|p1a: Vivillon|move: Protect
|-activate|p1b: Incineroar|move: Protect
|
|-weather|RainDance|[upkeep]
|upkeep
|turn|3
|
|t:|1783956963
|switch|p1b: Swampert|Swampert, L50, F, shiny|100/100
|move|p2a: Politoed|Icy Wind|p1b: Swampert|[spread] p1a
|-miss|p2a: Politoed|p1b: Swampert
|-supereffective|p1a: Vivillon|1
|-damage|p1a: Vivillon|57/100
|-unboost|p1a: Vivillon|spe|1
|move|p2b: Gardevoir|Hyper Voice|p1a: Vivillon|[spread] p1a,p1b
|-damage|p1a: Vivillon|0 fnt
|-damage|p1b: Swampert|55/100
|faint|p1a: Vivillon
|
|-weather|RainDance|[upkeep]
|upkeep
|
|t:|1783956981
|switch|p1a: Incineroar|Incineroar, L50, M, shiny|100/100
|-ability|p1a: Incineroar|Intimidate|boost
|-unboost|p2a: Politoed|atk|1
|-unboost|p2b: Gardevoir|atk|1
|turn|4
|
|t:|1783957001
|switch|p2a: Incineroar|Incineroar, L50, M|94/100
|-ability|p2a: Incineroar|Intimidate|boost
|-unboost|p1a: Incineroar|atk|1
|-unboost|p1b: Swampert|atk|1
|move|p2b: Gardevoir|Protect|p2b: Gardevoir
|-singleturn|p2b: Gardevoir|Protect
|move|p1a: Incineroar|Fake Out|p2a: Incineroar
|-damage|p2a: Incineroar|88/100
|move|p1b: Swampert|Wave Crash|p2b: Gardevoir
|-activate|p2b: Gardevoir|move: Protect
|
|-weather|RainDance|[upkeep]
|upkeep
|turn|5
|
|t:|1783957021
|detailschange|p1b: Swampert|Swampert-Mega, L50, F, shiny
|-mega|p1b: Swampert|Swampert|Swampertite
|move|p1b: Swampert|Protect|p1b: Swampert
|-singleturn|p1b: Swampert|Protect
|move|p1a: Incineroar|Protect|p1a: Incineroar
|-singleturn|p1a: Incineroar|Protect
|move|p2a: Incineroar|Fake Out|p1a: Incineroar
|-activate|p1a: Incineroar|move: Protect
|move|p2b: Gardevoir|Calm Mind|p2b: Gardevoir
|-boost|p2b: Gardevoir|spa|1
|-boost|p2b: Gardevoir|spd|1
|
|-weather|none
|upkeep
|turn|6
|
|t:|1783957038
|switch|p1a: Politoed|Politoed, L50, M, shiny|100/100
|-weather|RainDance|[from] ability: Drizzle|[of] p1a: Politoed
|move|p2b: Gardevoir|Protect|p2b: Gardevoir
|-singleturn|p2b: Gardevoir|Protect
|move|p1b: Swampert|Earthquake|p2a: Incineroar|[spread] p1a,p2a
|-activate|p2b: Gardevoir|move: Protect
|-supereffective|p2a: Incineroar|1
|-damage|p1a: Politoed|70/100
|-damage|p2a: Incineroar|37/100
|-enditem|p2a: Incineroar|Sitrus Berry|[eat]
|-heal|p2a: Incineroar|61/100|[from] item: Sitrus Berry
|move|p2a: Incineroar|Parting Shot|p1b: Swampert
|-unboost|p1b: Swampert|atk|1
|-unboost|p1b: Swampert|spa|1
|
|t:|1783957061
|switch|p2a: Whimsicott|Whimsicott, L50, M|100/100|[from] Parting Shot
|
|-weather|RainDance|[upkeep]
|upkeep
|turn|7
|
|t:|1783957082
|move|p2a: Whimsicott|Tailwind|p2a: Whimsicott
|-sidestart|p2: subhamcheee|move: Tailwind
|move|p2b: Gardevoir|Hyper Voice|p1a: Politoed|[spread] p1a,p1b
|-damage|p1a: Politoed|14/100
|-damage|p1b: Swampert|0 fnt
|-enditem|p1a: Politoed|Sitrus Berry|[eat]
|-heal|p1a: Politoed|39/100|[from] item: Sitrus Berry
|faint|p1b: Swampert
|move|p1a: Politoed|Encore|p2a: Whimsicott
|-start|p2a: Whimsicott|Encore
|
|-weather|RainDance|[upkeep]
|upkeep
|
|t:|1783957089
|switch|p1b: Incineroar|Incineroar, L50, M, shiny|100/100
|-ability|p1b: Incineroar|Intimidate|boost
|-unboost|p2a: Whimsicott|atk|1
|-unboost|p2b: Gardevoir|atk|1
|turn|8
|-message|TheLeoj forfeited.
|raw|TheLeoj's rating: 1158 → 1136(-22 for losing)
|raw|subhamcheee's rating: 1205 → 1227(+22 for winning)
|
|win|subhamcheee
