|j|☆immmcanadian
|j|☆Joey Snowball
|html|immmcanadianJoey Snowball    
|uhtml|bestof|Game 2 of a best-of-3
|t:|1783788227
|gametype|doubles
|player|p1|immmcanadian|170|
|player|p2|Joey Snowball|266|
|gen|9
|tier|[Gen 9 Champions] VGC 2026 Reg M-B (Bo3)
|rule|Species Clause: Limit one of each Pokémon
|rule|Item Clause: Limit 1 of each item
|clearpoke
|poke|p1|Skeledirge, L50, M, shiny|
|poke|p1|Gholdengo, L50|
|poke|p1|Froslass, L50, F, shiny|
|poke|p1|Archaludon, L50, M|
|poke|p1|Gallade, L50, M|
|poke|p1|Scrafty, L50, F|
|poke|p2|Basculegion-F, L50, F|
|poke|p2|Sinistcha, L50|
|poke|p2|Wyrdeer, L50, M|
|poke|p2|Gyarados, L50, M|
|poke|p2|Blaziken, L50, F|
|poke|p2|Lycanroc-Dusk, L50, M|
|teampreview|4
|showteam|p1|Skeledirge||SitrusBerry|Blaze|TorchSong,Yawn,Protect,Overheat|Modest||M|||50|]Gholdengo||LifeOrb|GoodasGold|MakeItRain,NastyPlot,Surf,Recover|Bold|||||50|]Froslass||Froslassite|SnowCloak|Blizzard,Protect,WillOWisp,Thunderbolt|Gentle||F|||50|]Archaludon||Leftovers|Stamina|ElectroShot,Protect,FlashCannon,DragonTail|Relaxed||M|||50|]Gallade||ChoiceScarf|Sharpness|SacredSword,AerialAce,SolarBlade,ZenHeadbutt|Adamant||M|||50|]Scrafty||Scraftinite|Intimidate|KnockOff,DrainPunch,FoulPlay,HeadSmash|Jolly||F|||50|
|showteam|p2|Basculegion-F||ChoiceScarf|Adaptability|ShadowBall,MuddyWater,Surf,Blizzard|Mild||F|||50|]Sinistcha||QuickClaw|Hospitality|MatchaGotcha,NastyPlot,TrickRoom,ShadowBall|Modest|||||50|]Wyrdeer||SilkScarf|Frisk|PsyshieldBash,GigaImpact,Thrash,ThroatChop|Adamant||M|||50|]Gyarados||Gyaradosite|Intimidate|Waterfall,StoneEdge,Protect,PowerWhip|Relaxed||M|||50|]Blaziken||Blazikenite|Blaze|CloseCombat,FlareBlitz,KnockOff,Protect|Adamant||F|||50|]Lycanroc-Dusk||FocusSash|ToughClaws|RockSlide,Protect,LastResort,SuckerPunch|Adamant||M|||50|
|j| prophetcassandra
|inactive|Battle timer is ON: inactive players will automatically lose when time's up. (requested by Joey Snowball)
|
|t:|1783788272
|teamsize|p1|4
|teamsize|p2|4
|start
|switch|p1a: Scrafty|Scrafty, L50, F|100/100
|switch|p1b: Froslass|Froslass, L50, F, shiny|100/100
|switch|p2a: matcha at home|Sinistcha, L50|100/100
|switch|p2b: Not in Uber|Blaziken, L50, F|100/100
|-ability|p1a: Scrafty|Intimidate|boost
|-unboost|p2a: matcha at home|atk|1
|-unboost|p2b: Not in Uber|atk|1
|turn|1
|inactive|immmcanadian has 30 seconds left.
|inactive|Joey Snowball has 30 seconds left.
|inactive|immmcanadian has 20 seconds left.
|inactive|Joey Snowball has 20 seconds left.
|inactive|immmcanadian has 15 seconds left.
|inactive|Joey Snowball has 15 seconds left.
|inactive|immmcanadian has 10 seconds left.
|inactive|Joey Snowball has 10 seconds left.
|inactive|immmcanadian has 5 seconds left.
|
|t:|1783788324
|switch|p2a: mega moxie|Gyarados, L50, M|100/100
|-ability|p2a: mega moxie|Intimidate|boost
|-unboost|p1a: Scrafty|atk|1
|-unboost|p1b: Froslass|atk|1
|detailschange|p1a: Scrafty|Scrafty-Mega, L50, F
|-mega|p1a: Scrafty|Scrafty|Scraftinite
|-ability|p1a: Scrafty|Intimidate|boost
|-unboost|p2a: mega moxie|atk|1
|-unboost|p2b: Not in Uber|atk|1
|detailschange|p2b: Not in Uber|Blaziken-Mega, L50, F
|-mega|p2b: Not in Uber|Blaziken|Blazikenite
|move|p1a: Scrafty|Knock Off|p2a: mega moxie
|-damage|p2a: mega moxie|78/100
|move|p1b: Froslass|Blizzard|p2b: Not in Uber|[spread] 
|-miss|p1b: Froslass|p2a: mega moxie
|-miss|p1b: Froslass|p2b: Not in Uber
|move|p2b: Not in Uber|Close Combat|p1a: Scrafty
|-supereffective|p1a: Scrafty|1
|-damage|p1a: Scrafty|18/100
|-unboost|p2b: Not in Uber|def|1
|-unboost|p2b: Not in Uber|spd|1
|
|-ability|p2b: Not in Uber|Speed Boost|boost
|-boost|p2b: Not in Uber|spe|1
|upkeep
|turn|2
|inactive|immmcanadian has 30 seconds left.
|inactive|Joey Snowball has 30 seconds left.
|inactive|immmcanadian has 20 seconds left.
|
|t:|1783788362
|switch|p2a: Good ol reliable|Basculegion-F, L50, F|100/100
|move|p2b: Not in Uber|Protect|p2b: Not in Uber
|-singleturn|p2b: Not in Uber|Protect
|move|p1a: Scrafty|Head Smash|p2a: Good ol reliable
|-damage|p2a: Good ol reliable|46/100
|-damage|p1a: Scrafty|0 fnt|[from] Recoil
|faint|p1a: Scrafty
|move|p1b: Froslass|Thunderbolt|p2a: Good ol reliable
|-supereffective|p2a: Good ol reliable|1
|-damage|p2a: Good ol reliable|4/100
|
|-ability|p2b: Not in Uber|Speed Boost|boost
|-boost|p2b: Not in Uber|spe|1
|upkeep
|inactive|immmcanadian has 30 seconds left.
|inactive|immmcanadian has 20 seconds left.
|inactive|immmcanadian has 15 seconds left.
|inactive|immmcanadian has 10 seconds left.
|
|t:|1783788410
|switch|p1a: Gallade|Gallade, L50, M|100/100
|turn|3
|inactive|immmcanadian has 30 seconds left.
|inactive|Joey Snowball has 30 seconds left.
|inactive|Joey Snowball has 20 seconds left.
|inactive|Joey Snowball has 15 seconds left.
|
|t:|1783788452
|move|p1b: Froslass|Protect|p1b: Froslass
|-singleturn|p1b: Froslass|Protect
|move|p2b: Not in Uber|Knock Off|p1a: Gallade
|-damage|p1a: Gallade|64/100
|-enditem|p1a: Gallade|Choice Scarf|[from] move: Knock Off|[of] p2b: Not in Uber
|move|p2a: Good ol reliable|Shadow Ball|p1a: Gallade
|-supereffective|p1a: Gallade|1
|-damage|p1a: Gallade|0 fnt
|faint|p1a: Gallade
|
|-ability|p2b: Not in Uber|Speed Boost|boost
|-boost|p2b: Not in Uber|spe|1
|upkeep
|
|t:|1783788463
|switch|p1a: Skeledirge|Skeledirge, L50, M, shiny|100/100
|turn|4
|c| prophetcassandra|insane
|
|t:|1783788474
|move|p2b: Not in Uber|Knock Off|p1a: Skeledirge
|-supereffective|p1a: Skeledirge|1
|-damage|p1a: Skeledirge|53/100
|-enditem|p1a: Skeledirge|Sitrus Berry|[from] move: Knock Off|[of] p2b: Not in Uber
|move|p2a: Good ol reliable|Shadow Ball|p1b: Froslass
|-supereffective|p1b: Froslass|1
|-damage|p1b: Froslass|0 fnt
|faint|p1b: Froslass
|move|p1a: Skeledirge|Yawn|p2b: Not in Uber
|-start|p2b: Not in Uber|move: Yawn|[of] p1a: Skeledirge
|
|-ability|p2b: Not in Uber|Speed Boost|boost
|-boost|p2b: Not in Uber|spe|1
|upkeep
|turn|5
|
|t:|1783788488
|move|p1a: Skeledirge|Protect|p1a: Skeledirge
|-singleturn|p1a: Skeledirge|Protect
|move|p2b: Not in Uber|Knock Off|p1a: Skeledirge
|-activate|p1a: Skeledirge|move: Protect
|move|p2a: Good ol reliable|Shadow Ball|p1a: Skeledirge
|-activate|p1a: Skeledirge|move: Protect
|
|-end|p2b: Not in Uber|move: Yawn|[silent]
|-status|p2b: Not in Uber|slp
|-ability|p2b: Not in Uber|Speed Boost|boost
|-boost|p2b: Not in Uber|spe|1
|upkeep
|turn|6
|
|t:|1783788509
|cant|p2b: Not in Uber|slp
|move|p2a: Good ol reliable|Shadow Ball|p1a: Skeledirge
|-supereffective|p1a: Skeledirge|1
|-damage|p1a: Skeledirge|0 fnt
|faint|p1a: Skeledirge
|
|win|Joey Snowball
