|j|☆turbogoddi
|j|☆Graygak
|html|turbogoddiGraygak    
|uhtml|bestof|Game 3 of a best-of-3
|t:|1757176644
|gametype|doubles
|player|p1|turbogoddi|102|1150
|player|p2|Graygak|flannery|1174
|gen|9
|tier|[Gen 9] VGC 2025 Reg H (Bo3)
|rated|
|rule|Species Clause: Limit one of each Pokémon
|rule|Item Clause: Limit 1 of each item
|clearpoke
|poke|p1|Dondozo, L50, M|
|poke|p1|Tatsugiri-Droopy, L50, F|
|poke|p1|Ursaluna-Bloodmoon, L50, M|
|poke|p1|Rillaboom, L50, M|
|poke|p1|Electabuzz, L50, M|
|poke|p1|Garchomp, L50, M|
|poke|p2|Wyrdeer, L50, M|
|poke|p2|Indeedee-F, L50, F|
|poke|p2|Annihilape, L50, F|
|poke|p2|Torkoal, L50, F|
|poke|p2|Delphox, L50, F|
|poke|p2|Kingambit, L50, F|
|teampreview|4
|showteam|p1|Dondozo||Leftovers|Unaware|HeavySlam,OrderUp,BodyPress,Substitute|||M|||50|,,,,,Steel]Tatsugiri-Droopy||FocusSash|Commander|DragonPulse,IcyWind,Taunt,Protect|||F|||50|,,,,,Dragon]Ursaluna-Bloodmoon||LifeOrb|MindsEye|EarthPower,HyperVoice,BloodMoon,Protect|||M|||50|,,,,,Normal]Rillaboom||MiracleSeed|GrassySurge|GrassyGlide,WoodHammer,FakeOut,Uturn|||M|||50|,,,,,Grass]Electabuzz||Eviolite|VitalSpirit|Electroweb,FollowMe,Taunt,Protect|||M|||50|,,,,,Ghost]Garchomp||ClearAmulet|RoughSkin|StompingTantrum,IronHead,Protect,DragonClaw|||M|||50|,,,,,Steel
|showteam|p2|Wyrdeer||LifeOrb|Intimidate|Protect,TrickRoom,ExpandingForce,EarthPower|||M|||50|,,,,,Ground]Indeedee-F||RockyHelmet|PsychicSurge|Imprison,FollowMe,TrickRoom,Psychic|||F|||50|,,,,,Grass]Annihilape||SafetyGoggles|Defiant|DrainPunch,ThroatChop,RageFist,Protect|||F|||50|,,,,,Fire]Torkoal||Charcoal|Drought|Eruption,HelpingHand,Protect,WeatherBall|||F|||50|,,,,,Grass]Delphox||ChoiceScarf|Blaze|HeatWave,ExpandingForce,DazzlingGleam,Flamethrower|||F|||50|,,,,,Fairy]Kingambit||AssaultVest|Defiant|KowtowCleave,SuckerPunch,PoisonJab,LowKick|||F|||50|,,,,,Poison
|inactive|Battle timer is ON: inactive players will automatically lose when time's up. (requested by turbogoddi)
|
|t:|1757176664
|teamsize|p1|4
|teamsize|p2|4
|start
|switch|p1a: Electabuzz|Electabuzz, L50, M, shiny|100/100
|switch|p1b: Ursaluna|Ursaluna-Bloodmoon, L50, M|100/100
|switch|p2a: Wyrdeer|Wyrdeer, L50, M|100/100
|switch|p2b: Indeedee|Indeedee-F, L50, F|100/100
|-fieldstart|move: Psychic Terrain|[from] ability: Psychic Surge|[of] p2b: Indeedee
|-ability|p2a: Wyrdeer|Intimidate|boost
|-unboost|p1a: Electabuzz|atk|1
|-unboost|p1b: Ursaluna|atk|1
|turn|1
|inactive|turbogoddi has 30 seconds left.
|j| underaged guy
|inactive|turbogoddi has 20 seconds left.
|inactive|turbogoddi has 15 seconds left.
|l| underaged guy
|inactive|turbogoddi has 10 seconds left.
|inactive|turbogoddi has 5 seconds left.
|
|t:|1757176715
|-terastallize|p1b: Ursaluna|Normal
|move|p2b: Indeedee|Follow Me|p2b: Indeedee
|-singleturn|p2b: Indeedee|move: Follow Me
|move|p1a: Electabuzz|Taunt|p2b: Indeedee
|-start|p2b: Indeedee|move: Taunt
|move|p1b: Ursaluna|Hyper Voice|p2a: Wyrdeer|[spread] p2a,p2b
|-crit|p2b: Indeedee
|-damage|p2a: Wyrdeer|32/100
|-damage|p2b: Indeedee|11/100
|-damage|p1b: Ursaluna|91/100|[from] item: Life Orb
|move|p2a: Wyrdeer|Trick Room|p2a: Wyrdeer
|-fieldstart|move: Trick Room|[of] p2a: Wyrdeer
|
|upkeep
|turn|2
|
|t:|1757176738
|move|p1b: Ursaluna|Protect|p1b: Ursaluna
|-singleturn|p1b: Ursaluna|Protect
|move|p2a: Wyrdeer|Expanding Force|p1a: Electabuzz|[spread] p1a
|-activate|p1b: Ursaluna|move: Protect
|-damage|p1a: Electabuzz|23/100
|-damage|p2a: Wyrdeer|22/100|[from] item: Life Orb
|move|p2b: Indeedee|Psychic|p1b: Ursaluna
|-activate|p1b: Ursaluna|move: Protect
|move|p1a: Electabuzz|Electroweb|p2a: Wyrdeer|[spread] p2a,p2b
|-crit|p2b: Indeedee
|-damage|p2a: Wyrdeer|7/100
|-damage|p2b: Indeedee|0 fnt
|-unboost|p2a: Wyrdeer|spe|1
|faint|p2b: Indeedee
|
|upkeep
|
|t:|1757176751
|switch|p2b: Torkoal|Torkoal, L50, F|100/100
|-weather|SunnyDay|[from] ability: Drought|[of] p2b: Torkoal
|turn|3
|
|t:|1757176767
|switch|p1b: Dondozo|Dondozo, L50, M, shiny|100/100
|switch|p1a: Tatsugiri|Tatsugiri-Droopy, L50, F|100/100
|-activate|p1a: Tatsugiri|ability: Commander|[of] p1b: Dondozo
|-boost|p1b: Dondozo|atk|2
|-boost|p1b: Dondozo|spa|2
|-boost|p1b: Dondozo|spe|2
|-boost|p1b: Dondozo|def|2
|-boost|p1b: Dondozo|spd|2
|move|p2b: Torkoal|Eruption|p1a: Tatsugiri|[spread] p1b
|-miss|p2b: Torkoal|p1a: Tatsugiri
|-resisted|p1b: Dondozo
|-crit|p1b: Dondozo
|-damage|p1b: Dondozo|32/100
|move|p2a: Wyrdeer|Expanding Force|p1b: Dondozo|[spread] p1b
|-miss|p2a: Wyrdeer|p1a: Tatsugiri
|-damage|p1b: Dondozo|0 fnt
|faint|p1b: Dondozo
|-damage|p2a: Wyrdeer|0 fnt|[from] item: Life Orb
|faint|p2a: Wyrdeer
|
|-weather|SunnyDay|[upkeep]
|upkeep
|
|t:|1757176789
|switch|p1b: Electabuzz|Electabuzz, L50, M, shiny|23/100
|switch|p2a: Annihilape|Annihilape, L50, F|100/100
|turn|4
|
|t:|1757176801
|move|p1a: Tatsugiri|Protect|p1a: Tatsugiri
|-singleturn|p1a: Tatsugiri|Protect
|move|p1b: Electabuzz|Protect|p1b: Electabuzz
|-singleturn|p1b: Electabuzz|Protect
|move|p2b: Torkoal|Eruption|p1b: Electabuzz|[spread] 
|-activate|p1a: Tatsugiri|move: Protect
|-activate|p1b: Electabuzz|move: Protect
|move|p2a: Annihilape|Rage Fist|p1a: Tatsugiri
|-activate|p1a: Tatsugiri|move: Protect
|
|-weather|SunnyDay|[upkeep]
|upkeep
|turn|5
|
|t:|1757176824
|move|p1a: Tatsugiri|Protect||[still]
|-fail|p1a: Tatsugiri
|move|p1b: Electabuzz|Protect|p1b: Electabuzz
|-singleturn|p1b: Electabuzz|Protect
|move|p2b: Torkoal|Eruption|p1a: Tatsugiri|[spread] p1a
|-activate|p1b: Electabuzz|move: Protect
|-resisted|p1a: Tatsugiri
|-damage|p1a: Tatsugiri|75/100
|move|p2a: Annihilape|Rage Fist|p1a: Tatsugiri
|-crit|p1a: Tatsugiri
|-damage|p1a: Tatsugiri|0 fnt
|faint|p1a: Tatsugiri
|
|-weather|SunnyDay|[upkeep]
|-fieldend|move: Trick Room
|-fieldend|move: Psychic Terrain
|upkeep
|
|t:|1757176826
|switch|p1a: Ursaluna|Ursaluna-Bloodmoon, L50, M, tera:Normal|91/100
|turn|6
|
|t:|1757176850
|-terastallize|p2b: Torkoal|Grass
|move|p1b: Electabuzz|Electroweb|p2a: Annihilape|[spread] p2a,p2b
|-resisted|p2b: Torkoal
|-damage|p2a: Annihilape|88/100
|-damage|p2b: Torkoal|92/100
|-unboost|p2a: Annihilape|spe|1
|-ability|p2a: Annihilape|Defiant|boost
|-boost|p2a: Annihilape|atk|2
|-unboost|p2b: Torkoal|spe|1
|move|p1a: Ursaluna|Hyper Voice|p2a: Annihilape|[spread] p2a,p2b
|-damage|p2a: Annihilape|34/100
|-damage|p2b: Torkoal|12/100
|-damage|p1a: Ursaluna|81/100|[from] item: Life Orb
|move|p2a: Annihilape|Drain Punch|p1b: Electabuzz
|-damage|p1b: Electabuzz|0 fnt
|-heal|p2a: Annihilape|41/100|[from] drain|[of] p1b: Electabuzz
|faint|p1b: Electabuzz
|move|p2b: Torkoal|Weather Ball|p1a: Ursaluna
|-crit|p1a: Ursaluna
|-damage|p1a: Ursaluna|0 fnt
|faint|p1a: Ursaluna
|
|win|Graygak
|raw|turbogoddi's rating: 1150 → 1127(-23 for losing)
|raw|Graygak's rating: 1174 → 1197(+23 for winning)
