|j|☆FALL3N_DWN
|j|☆sp3x
|html|FALL3N_DWNsp3x    
|uhtml|bestof|Game 2 of a best-of-3
|t:|1757626011
|gametype|doubles
|player|p1|FALL3N_DWN|carmine-festival|1211
|player|p2|sp3x|unknownf|1159
|gen|9
|tier|[Gen 9] VGC 2025 Reg H (Bo3)
|rated|
|rule|Species Clause: Limit one of each Pokémon
|rule|Item Clause: Limit 1 of each item
|clearpoke
|poke|p1|Gholdengo, L50|
|poke|p1|Amoonguss, L50, M|
|poke|p1|Basculegion, L50, M|
|poke|p1|Pelipper, L50, F|
|poke|p1|Incineroar, L50, F|
|poke|p1|Archaludon, L50, M|
|poke|p2|Garchomp, L50, M|
|poke|p2|Pawmot, L50, M|
|poke|p2|Corviknight, L50, M|
|poke|p2|Toedscruel, L50, M|
|poke|p2|Weezing-Galar, L50, M|
|poke|p2|Typhlosion-Hisui, L50, M|
|teampreview|4
|showteam|p1|Gholdengo||LifeOrb|GoodasGold|MakeItRain,ShadowBall,NastyPlot,Protect||||||50|,,,,,Water]Amoonguss||SitrusBerry|Regenerator|Spore,RagePowder,PollenPuff,Protect|||M|||50|,,,,,Psychic]Basculegion||ChoiceBand|SwiftSwim|WaveCrash,FlipTurn,LastRespects,AquaJet|||M|||50|,,,,,Water]Pelipper||FocusSash|Drizzle|WeatherBall,Hurricane,Tailwind,Protect|||F|||50|,,,,,Ground]Incineroar||SafetyGoggles|Intimidate|FlareBlitz,KnockOff,PartingShot,FakeOut|||F|||50|,,,,,Ghost]Archaludon||AssaultVest|Stamina|ElectroShot,FlashCannon,DracoMeteor,BodyPress|||M|||50|,,,,,Bug
|showteam|p2|Garchomp||LifeOrb|RoughSkin|Earthquake,StompingTantrum,Protect,DragonClaw|||M|||50|,,,,,Fairy]Pawmot||FocusSash|NaturalCure|Protect,CloseCombat,DoubleShock,FakeOut|||M|||50|,,,,,Electric]Corviknight||SitrusBerry|MirrorArmor|BraveBird,Tailwind,Protect,Roost|||M|||50|,,,,,Water]Toedscruel||CovertCloak|MyceliumMight|RagePowder,Spore,AcidSpray,EarthPower|||M|||50|,,,,,Water]Weezing-Galar||ChoiceSpecs|NeutralizingGas|StrangeSteam,DazzlingGleam,Flamethrower,SludgeBomb|||M|||50|,,,,,Fire]Typhlosion-Hisui||ChoiceScarf|Blaze|HeatWave,Eruption,ShadowBall,SleepTalk|||M|||50|,,,,,Fire
|inactive|Battle timer is ON: inactive players will automatically lose when time's up. (requested by sp3x)
|
|t:|1757626057
|teamsize|p1|4
|teamsize|p2|4
|start
|switch|p1a: Gholdengo|Gholdengo, L50|100/100
|switch|p1b: Archaludon|Archaludon, L50, M|100/100
|switch|p2a: Weezing|Weezing-Galar, L50, M|100/100
|switch|p2b: Toedscruel|Toedscruel, L50, M|100/100
|-ability|p2a: Weezing|Neutralizing Gas
|turn|1
|inactive|FALL3N_DWN has 30 seconds left.
|inactive|sp3x has 30 seconds left.
|inactive|FALL3N_DWN has 20 seconds left.
|
|t:|1757626093
|switch|p1b: Incineroar|Incineroar, L50, F|100/100
|-terastallize|p1a: Gholdengo|Water
|move|p2b: Toedscruel|Spore|p1b: Incineroar
|-activate|p1b: Incineroar|item: Safety Goggles|Spore
|move|p1a: Gholdengo|Nasty Plot|p1a: Gholdengo
|-boost|p1a: Gholdengo|spa|2
|move|p2a: Weezing|Strange Steam|p1a: Gholdengo
|-damage|p1a: Gholdengo|35/100
|
|upkeep
|turn|2
|inactive|FALL3N_DWN has 30 seconds left.
|
|t:|1757626125
|-end|p2a: Weezing|ability: Neutralizing Gas
|-ability|p1b: Incineroar|Intimidate|boost
|-unboost|p2a: Weezing|atk|1
|-unboost|p2b: Toedscruel|atk|1
|switch|p2a: Pawmot|Pawmot, L50, M, shiny|100/100
|move|p1b: Incineroar|Fake Out|p2a: Pawmot
|-damage|p2a: Pawmot|80/100
|move|p2b: Toedscruel|Acid Spray|p1b: Incineroar
|-damage|p1b: Incineroar|94/100
|-unboost|p1b: Incineroar|spd|2
|move|p1a: Gholdengo|Shadow Ball|p2b: Toedscruel
|-damage|p2b: Toedscruel|9/100
|-damage|p1a: Gholdengo|25/100|[from] item: Life Orb
|
|upkeep
|turn|3
|inactive|FALL3N_DWN has 30 seconds left.
|inactive|FALL3N_DWN has 20 seconds left.
|inactive|FALL3N_DWN has 15 seconds left.
|
|t:|1757626166
|move|p1a: Gholdengo|Protect|p1a: Gholdengo
|-singleturn|p1a: Gholdengo|Protect
|move|p2a: Pawmot|Double Shock|p1a: Gholdengo
|-activate|p1a: Gholdengo|move: Protect
|move|p2b: Toedscruel|Earth Power|p1b: Incineroar
|-supereffective|p1b: Incineroar
|-damage|p1b: Incineroar|5/100
|move|p1b: Incineroar|Flare Blitz|p2b: Toedscruel
|-supereffective|p2b: Toedscruel
|-damage|p2b: Toedscruel|0 fnt
|faint|p2b: Toedscruel
|-damage|p1b: Incineroar|2/100|[from] Recoil
|
|upkeep
|
|t:|1757626179
|switch|p2b: Typhlosion|Typhlosion-Hisui, L50, M|100/100
|turn|4
|inactive|FALL3N_DWN has 30 seconds left.
|inactive|FALL3N_DWN has 20 seconds left.
|
|t:|1757626219
|switch|p2a: Weezing|Weezing-Galar, L50, M|100/100
|-ability|p2a: Weezing|Neutralizing Gas
|move|p2b: Typhlosion|Eruption|p1b: Incineroar|[spread] p1a,p1b
|-resisted|p1a: Gholdengo
|-resisted|p1b: Incineroar
|-damage|p1a: Gholdengo|0 fnt
|-damage|p1b: Incineroar|0 fnt
|faint|p1a: Gholdengo
|faint|p1b: Incineroar
|
|upkeep
|
|t:|1757626226
|switch|p1a: Pelipper|Pelipper, L50, F|100/100
|switch|p1b: Archaludon|Archaludon, L50, M|100/100
|turn|5
|
|t:|1757626241
|-terastallize|p2b: Typhlosion|Fire
|move|p2b: Typhlosion|Eruption|p1b: Archaludon|[spread] p1a,p1b
|-resisted|p1a: Pelipper
|-damage|p1a: Pelipper|31/100
|-damage|p1b: Archaludon|45/100
|move|p1b: Archaludon|Flash Cannon|p2a: Weezing
|-supereffective|p2a: Weezing
|-damage|p2a: Weezing|6/100
|move|p1a: Pelipper|Hurricane|p2b: Typhlosion|[miss]
|-miss|p1a: Pelipper|p2b: Typhlosion
|move|p2a: Weezing|Dazzling Gleam|p1a: Pelipper|[spread] p1a,p1b
|-damage|p1a: Pelipper|0 fnt
|-damage|p1b: Archaludon|19/100
|faint|p1a: Pelipper
|
|upkeep
|turn|6
|-message|FALL3N_DWN forfeited.
|
|win|sp3x
||sp3x is ready for game 3.
||FALL3N_DWN is ready for game 3.
|uhtml|next|Next: Game 3 of 3
|l|☆sp3x
|player|p2|
