|j|☆lillyrosethedemon
|j|☆gundnub
|html|lillyrosethedemongundnub    
|uhtml|bestof|Game 1 of a best-of-3
|t:|1783357202
|gametype|doubles
|player|p1|lillyrosethedemon|madame|
|player|p2|gundnub|pokemonranger-gen4|
|gen|9
|tier|[Gen 9 Champions] VGC 2026 Reg M-B (Bo3)
|rule|Species Clause: Limit one of each Pokémon
|rule|Item Clause: Limit 1 of each item
|clearpoke
|poke|p1|Rhyperior, L50, M|
|poke|p1|Ariados, L50, F|
|poke|p1|Houndoom, L50, F|
|poke|p1|Feraligatr, L50, F|
|poke|p1|Florges, L50, F|
|poke|p1|Banette, L50, M|
|poke|p2|Pidgeot, L50, F|
|poke|p2|Krookodile, L50, M|
|poke|p2|Floette-Eternal, L50, F|
|poke|p2|Toxicroak, L50, F|
|poke|p2|Chandelure, L50, F|
|poke|p2|Abomasnow, L50, M|
|teampreview|4
|showteam|p1|Rhyperior||PasshoBerry|SolidRock|RockSlide,HighHorsepower,Protect,HeatCrash|Brave||M|||50|]Ariados||SitrusBerry|Insomnia|RagePowder,KnockOff,ToxicThread,Protect|Careful||F|||50|]Houndoom||FocusSash|FlashFire|Snarl,DarkPulse,HeatWave,Protect|Timid||F|||50|]Feraligatr||LifeOrb|SheerForce|DragonDance,Liquidation,IcePunch,Protect|Adamant||F|||50|]Florges||ChoiceScarf|FlowerVeil|Moonblast,DazzlingGleam,Trick,Psychic|Timid||F|||50|]Banette||Banettite|Insomnia|WillOWisp,Encore,TrickRoom,Poltergeist|Brave||M|||50|
|showteam|p2|Pidgeot||Pidgeotite|BigPecks|Protect,Hurricane,HeatWave,Tailwind|Timid||F|||50|]Krookodile||PasshoBerry|Intimidate|Protect,HighHorsepower,LashOut,Earthquake|Adamant||M|||50|]Floette-Eternal||LifeOrb|FlowerVeil|Protect,Moonblast,DazzlingGleam,LightofRuin|Modest||F|||50|]Toxicroak||WhiteHerb|DrySkin|Protect,PoisonJab,CloseCombat,FakeOut|Jolly||F|||50|]Chandelure||Chandelurite|FlashFire|Protect,HeatWave,ShadowBall,TrickRoom|Modest||F|||50|]Abomasnow||FocusSash|SnowWarning|Protect,Blizzard,EnergyBall,EarthPower|Modest||M|||50|
|inactive|Battle timer is ON: inactive players will automatically lose when time's up. (requested by gundnub)
|c|☆lillyrosethedemon|glhf
|c|☆gundnub|glhf
|inactive|lillyrosethedemon has 60 seconds left.
|inactive|gundnub has 60 seconds left.
|inactive|lillyrosethedemon has 30 seconds left.
|inactive|gundnub has 30 seconds left.
|inactive|lillyrosethedemon has 20 seconds left.
|
|t:|1783357273
|teamsize|p1|4
|teamsize|p2|4
|start
|switch|p1a: Florges|Florges, L50, F|100/100
|switch|p1b: Houndoom|Houndoom, L50, F|100/100
|switch|p2a: Pidgeot|Pidgeot, L50, F|100/100
|switch|p2b: Abomasnow|Abomasnow, L50, M|100/100
|-weather|Snowscape|[from] ability: Snow Warning|[of] p2b: Abomasnow
|turn|1
|
|t:|1783357295
|detailschange|p2a: Pidgeot|Pidgeot-Mega, L50, F
|-mega|p2a: Pidgeot|Pidgeot|Pidgeotite
|move|p1a: Florges|Dazzling Gleam|p2a: Pidgeot|[spread] p2a,p2b
|-damage|p2a: Pidgeot|66/100
|-damage|p2b: Abomasnow|68/100
|move|p2a: Pidgeot|Tailwind|p2a: Pidgeot
|-sidestart|p2: gundnub|move: Tailwind
|move|p2b: Abomasnow|Blizzard|p1b: Houndoom|[spread] p1a,p1b
|-resisted|p1b: Houndoom|1
|-damage|p1a: Florges|70/100
|-damage|p1b: Houndoom|74/100
|move|p1b: Houndoom|Heat Wave|p2b: Abomasnow|[spread] p2a,p2b
|-supereffective|p2b: Abomasnow|2
|-damage|p2a: Pidgeot|30/100
|-damage|p2b: Abomasnow|0 fnt
|faint|p2b: Abomasnow
|
|-weather|Snowscape|[upkeep]
|upkeep
|
|t:|1783357306
|switch|p2b: Floette|Floette-Eternal, L50, F|100/100
|turn|2
|inactive|gundnub has 30 seconds left.
|inactive|gundnub has 20 seconds left.
|inactive|gundnub has 15 seconds left.
|inactive|gundnub has 10 seconds left.
|
|t:|1783357351
|move|p1b: Houndoom|Protect|p1b: Houndoom
|-singleturn|p1b: Houndoom|Protect
|move|p2a: Pidgeot|Hurricane|p1a: Florges
|-damage|p1a: Florges|31/100
|move|p2b: Floette|Moonblast|p1b: Houndoom
|-activate|p1b: Houndoom|move: Protect
|move|p1a: Florges|Dazzling Gleam|p2b: Floette|[spread] p2a,p2b
|-damage|p2a: Pidgeot|0 fnt
|-damage|p2b: Floette|74/100
|faint|p2a: Pidgeot
|
|-weather|Snowscape|[upkeep]
|upkeep
|
|t:|1783357353
|switch|p2a: Krookodile|Krookodile, L50, M|100/100
|-ability|p2a: Krookodile|Intimidate|boost
|-unboost|p1a: Florges|atk|1
|-unboost|p1b: Houndoom|atk|1
|turn|3
|
|t:|1783357377
|switch|p1a: Banette|Banette, L50, M|100/100
|move|p2b: Floette|Moonblast|p1a: Banette
|-damage|p1a: Banette|16/100
|-damage|p2b: Floette|65/100|[from] item: Life Orb
|move|p2a: Krookodile|High Horsepower|p1b: Houndoom
|-supereffective|p1b: Houndoom|1
|-damage|p1b: Houndoom|0 fnt
|faint|p1b: Houndoom
|
|-weather|Snowscape|[upkeep]
|upkeep
|
|t:|1783357390
|switch|p1b: Feraligatr|Feraligatr, L50, F|100/100
|turn|4
|
|t:|1783357414
|detailschange|p1a: Banette|Banette-Mega, L50, M
|-mega|p1a: Banette|Banette|Banettite
|move|p1b: Feraligatr|Protect|p1b: Feraligatr
|-singleturn|p1b: Feraligatr|Protect
|move|p1a: Banette|Encore|p2b: Floette
|-start|p2b: Floette|Encore
|move|p2b: Floette|Moonblast|p1b: Feraligatr
|-activate|p1b: Feraligatr|move: Protect
|move|p2a: Krookodile|High Horsepower|p1a: Banette
|-damage|p1a: Banette|0 fnt
|faint|p1a: Banette
|
|-weather|Snowscape|[upkeep]
|-sideend|p2: gundnub|move: Tailwind
|upkeep
|
|t:|1783357426
|switch|p1a: Florges|Florges, L50, F|31/100
|turn|5
|
|t:|1783357441
|move|p1a: Florges|Moonblast|p2a: Krookodile
|-supereffective|p2a: Krookodile|1
|-damage|p2a: Krookodile|0 fnt
|faint|p2a: Krookodile
|move|p2b: Floette|Moonblast|p1b: Feraligatr
|-damage|p1b: Feraligatr|32/100
|-damage|p2b: Floette|55/100|[from] item: Life Orb
|move|p1b: Feraligatr|Dragon Dance|p1b: Feraligatr
|-boost|p1b: Feraligatr|atk|1
|-boost|p1b: Feraligatr|spe|1
|
|-weather|none
|upkeep
|turn|6
|
|t:|1783357455
|move|p1a: Florges|Moonblast|p2b: Floette
|-damage|p2b: Floette|18/100
|move|p1b: Feraligatr|Liquidation|p2b: Floette
|-damage|p2b: Floette|0 fnt
|faint|p2b: Floette
|
|win|lillyrosethedemon
