|j|☆teyvgc
|j|☆Giraldo567
|html|teyvgcGiraldo567    
|uhtml|bestof|Game 1 of a best-of-3
|t:|1785890338
|gametype|doubles
|player|p1|teyvgc|rood|1210
|player|p2|Giraldo567|1|1148
|gen|9
|tier|[Gen 9 Champions] VGC 2026 Reg M-B (Bo3)
|rated|
|rule|Species Clause: Limit one of each Pokémon
|rule|Item Clause: Limit 1 of each item
|clearpoke
|poke|p1|Staraptor, L50, M|
|poke|p1|Metagross, L50|
|poke|p1|Farigiraf, L50, F|
|poke|p1|Whimsicott, L50, F|
|poke|p1|Garchomp, L50, F|
|poke|p1|Ceruledge, L50, M|
|poke|p2|Milotic, L50, F|
|poke|p2|Kingambit, L50, M|
|poke|p2|Clefable, L50, F|
|poke|p2|Incineroar, L50, F|
|poke|p2|Aerodactyl, L50, M|
|poke|p2|Charizard, L50, F|
|teampreview|4
|showteam|p1|Staraptor||Staraptite|Intimidate|Protect,CloseCombat,BraveBird,Roost|Jolly||M|||50|]Metagross||Metagrossite|ClearBody|Protect,IronHead,PsychicFangs,StompingTantrum|Adamant|||||50|]Farigiraf||SitrusBerry|ArmorTail|HelpingHand,Psychic,Thunderbolt,TrickRoom|Calm||F|||50|]Whimsicott||FocusSash|Prankster|Moonblast,Tailwind,Charm,Encore|Timid||F|||50|]Garchomp||LifeOrb|RoughSkin|Protect,StompingTantrum,RockSlide,DragonClaw|Jolly||F|||50|]Ceruledge||ColburBerry|FlashFire|Protect,ShadowSneak,BulkUp,BitterBlade|Adamant||M|||50|
|showteam|p2|Milotic||Leftovers|Competitive|Coil,Hypnosis,Protect,MuddyWater|Calm||F|||50|]Kingambit||BlackGlasses|Defiant|SuckerPunch,LowKick,KowtowCleave,IronHead|Careful||M|||50|]Clefable||SitrusBerry|Unaware|FollowMe,DazzlingGleam,Protect,LifeDew|Calm||F|||50|]Incineroar||ColburBerry|Intimidate|FakeOut,FlareBlitz,PartingShot,DarkestLariat|Adamant||F|||50|]Aerodactyl||Aerodactylite|RockHead|RockSlide,DualWingbeat,Tailwind,Protect|Jolly||M|||50|]Charizard||CharizarditeY|Blaze|HeatWave,WeatherBall,Protect,SolarBeam|Modest||F|||50|
|inactive|Battle timer is ON: inactive players will automatically lose when time's up. (requested by Giraldo567)
|inactive|teyvgc has 60 seconds left.
|inactive|teyvgc has 30 seconds left.
|inactive|teyvgc has 20 seconds left.
|inactive|teyvgc has 15 seconds left.
|inactive|teyvgc has 10 seconds left.
|inactive|teyvgc has 5 seconds left.
|
|t:|1785890444
|teamsize|p1|4
|teamsize|p2|4
|start
|switch|p1a: Smart Iron Brick|Metagross, L50|100/100
|switch|p1b: SwagTastic|Ceruledge, L50, M|100/100
|switch|p2a: Mbappe|Milotic, L50, F|100/100
|switch|p2b: Charizard|Charizard, L50, F|100/100
|turn|1
|inactive|teyvgc has 30 seconds left.
|
|t:|1785890473
|switch|p1a: No Hands|Garchomp, L50, F|100/100
|detailschange|p2b: Charizard|Charizard-Mega-Y, L50, F
|-mega|p2b: Charizard|Charizard|Charizardite Y
|-weather|SunnyDay|[from] ability: Drought|[of] p2b: Charizard
|move|p2b: Charizard|Weather Ball|p1a: No Hands
|-resisted|p1a: No Hands|1
|-damage|p1a: No Hands|42/100
|move|p1b: SwagTastic|Bulk Up|p1b: SwagTastic
|-boost|p1b: SwagTastic|atk|1
|-boost|p1b: SwagTastic|def|1
|move|p2a: Mbappe|Coil|p2a: Mbappe
|-boost|p2a: Mbappe|atk|1
|-boost|p2a: Mbappe|def|1
|-boost|p2a: Mbappe|accuracy|1
|
|-weather|SunnyDay|[upkeep]
|upkeep
|turn|2
|
|t:|1785890496
|move|p2b: Charizard|Protect|p2b: Charizard
|-singleturn|p2b: Charizard|Protect
|move|p1a: No Hands|Dragon Claw|p2a: Mbappe
|-crit|p2a: Mbappe
|-damage|p2a: Mbappe|20/100y
|-damage|p1a: No Hands|32/100|[from] item: Life Orb
|move|p1b: SwagTastic|Bitter Blade|p2a: Mbappe
|-resisted|p2a: Mbappe|1
|-damage|p2a: Mbappe|0 fnt
|faint|p2a: Mbappe
|
|-weather|SunnyDay|[upkeep]
|upkeep
|
|t:|1785890507
|switch|p2a: Incineroar|Incineroar, L50, F|100/100
|-ability|p2a: Incineroar|Intimidate|boost
|-unboost|p1a: No Hands|atk|1
|-unboost|p1b: SwagTastic|atk|1
|turn|3
|
|t:|1785890523
|switch|p2b: Kingambit|Kingambit, L50, M|100/100
|move|p1a: No Hands|Protect|p1a: No Hands
|-singleturn|p1a: No Hands|Protect
|move|p1b: SwagTastic|Protect|p1b: SwagTastic
|-singleturn|p1b: SwagTastic|Protect
|move|p2a: Incineroar|Darkest Lariat|p1b: SwagTastic
|-activate|p1b: SwagTastic|move: Protect
|
|-weather|SunnyDay|[upkeep]
|upkeep
|turn|4
|
|t:|1785890546
|switch|p1a: Trick Room Hater|Whimsicott, L50, F|100/100
|switch|p2b: Charizard|Charizard-Mega-Y, L50, F|100/100
|move|p1b: SwagTastic|Bitter Blade|p2b: Charizard
|-resisted|p2b: Charizard|1
|-damage|p2b: Charizard|48/100
|move|p2a: Incineroar|Darkest Lariat|p1b: SwagTastic
|-supereffective|p1b: SwagTastic|1
|-enditem|p1b: SwagTastic|Colbur Berry|[eat]
|-enditem|p1b: SwagTastic|Colbur Berry|[weaken]
|-damage|p1b: SwagTastic|48/100
|
|-weather|SunnyDay|[upkeep]
|upkeep
|turn|5
|
|t:|1785890571
|move|p1b: SwagTastic|Protect|p1b: SwagTastic
|-singleturn|p1b: SwagTastic|Protect
|move|p1a: Trick Room Hater|Tailwind|p1a: Trick Room Hater
|-sidestart|p1: teyvgc|move: Tailwind
|move|p2b: Charizard|Heat Wave|p1b: SwagTastic|[spread] p1a
|-activate|p1b: SwagTastic|move: Protect
|-supereffective|p1a: Trick Room Hater|1
|-enditem|p1a: Trick Room Hater|Focus Sash
|-damage|p1a: Trick Room Hater|1/100
|move|p2a: Incineroar|Darkest Lariat|p1b: SwagTastic
|-activate|p1b: SwagTastic|move: Protect
|
|-weather|none
|upkeep
|turn|6
|inactive|teyvgc has 30 seconds left.
|
|t:|1785890601
|move|p2b: Charizard|Protect|p2b: Charizard
|-singleturn|p2b: Charizard|Protect
|move|p1a: Trick Room Hater|Moonblast|p2a: Incineroar
|-damage|p2a: Incineroar|66/100
|move|p1b: SwagTastic|Bitter Blade|p2a: Incineroar
|-resisted|p2a: Incineroar|1
|-damage|p2a: Incineroar|45/100
|-heal|p1b: SwagTastic|60/100|[from] drain|[of] p2a: Incineroar
|move|p2a: Incineroar|Darkest Lariat|p1b: SwagTastic
|-supereffective|p1b: SwagTastic|1
|-crit|p1b: SwagTastic
|-damage|p1b: SwagTastic|0 fnt
|faint|p1b: SwagTastic
|
|upkeep
|
|t:|1785890612
|switch|p1b: Smart Iron Brick|Metagross, L50|100/100
|turn|7
|
|t:|1785890629
|switch|p2b: Kingambit|Kingambit, L50, M|100/100
|detailschange|p1b: Smart Iron Brick|Metagross-Mega, L50
|-mega|p1b: Smart Iron Brick|Metagross|Metagrossite
|move|p1a: Trick Room Hater|Encore|p2b: Kingambit
|-hint|Since gen 7, Dark is immune to Prankster moves.
|-immune|p2b: Kingambit
|move|p1b: Smart Iron Brick|Stomping Tantrum|p2a: Incineroar
|-supereffective|p2a: Incineroar|1
|-damage|p2a: Incineroar|0 fnt
|faint|p2a: Incineroar
|
|upkeep
|
|t:|1785890638
|switch|p2a: Charizard|Charizard-Mega-Y, L50, F|48/100
|-weather|SunnyDay|[from] ability: Drought|[of] p2a: Charizard
|turn|8
|inactive|teyvgc has 30 seconds left.
|inactive|teyvgc has 20 seconds left.
|inactive|teyvgc has 15 seconds left.
|inactive|teyvgc has 10 seconds left.
|inactive|teyvgc has 5 seconds left.
|
|t:|1785890690
|move|p2b: Kingambit|Sucker Punch|p1b: Smart Iron Brick
|-supereffective|p1b: Smart Iron Brick|1
|-damage|p1b: Smart Iron Brick|39/100
|move|p1a: Trick Room Hater|Moonblast|p2b: Kingambit
|-damage|p2b: Kingambit|73/100
|move|p1b: Smart Iron Brick|Stomping Tantrum|p2b: Kingambit
|-supereffective|p2b: Kingambit|1
|-damage|p2b: Kingambit|11/100
|move|p2a: Charizard|Heat Wave|p1b: Smart Iron Brick|[spread] p1b
|-miss|p2a: Charizard|p1a: Trick Room Hater
|-supereffective|p1b: Smart Iron Brick|1
|-damage|p1b: Smart Iron Brick|0 fnt
|faint|p1b: Smart Iron Brick
|
|-weather|SunnyDay|[upkeep]
|-sideend|p1: teyvgc|move: Tailwind
|upkeep
|
|t:|1785890697
|switch|p1b: No Hands|Garchomp, L50, F|32/100
|turn|9
|inactive|teyvgc has 30 seconds left.
|inactive|Giraldo567 has 30 seconds left.
|
|t:|1785890734
|move|p1b: No Hands|Protect|p1b: No Hands
|-singleturn|p1b: No Hands|Protect
|move|p2b: Kingambit|Sucker Punch||[still]
|-fail|p2b: Kingambit
|move|p1a: Trick Room Hater|Moonblast|p2b: Kingambit
|-damage|p2b: Kingambit|0 fnt
|faint|p2b: Kingambit
|move|p2a: Charizard|Heat Wave|p1a: Trick Room Hater|[spread] p1a
|-activate|p1b: No Hands|move: Protect
|-supereffective|p1a: Trick Room Hater|1
|-damage|p1a: Trick Room Hater|0 fnt
|faint|p1a: Trick Room Hater
|
|-weather|SunnyDay|[upkeep]
|upkeep
|turn|10
|
|t:|1785890744
|move|p1b: No Hands|Rock Slide|p2a: Charizard
|-supereffective|p2a: Charizard|2
|-damage|p2a: Charizard|0 fnt
|faint|p2a: Charizard
|-damage|p1b: No Hands|22/100|[from] item: Life Orb
|
|win|teyvgc
