|j|☆dolphin629
|j|☆francoilforteprep
|html|dolphin629francoilforteprep    
|uhtml|bestof|Game 1 of a best-of-3
|t:|1756243092
|gametype|doubles
|player|p1|dolphin629|ballguy|1054
|player|p2|francoilforteprep|266|1000
|gen|9
|tier|[Gen 9] VGC 2025 Reg H (Bo3)
|rated|
|rule|Species Clause: Limit one of each Pokémon
|rule|Item Clause: Limit 1 of each item
|clearpoke
|poke|p1|Pelipper, L50, M|
|poke|p1|Palafin, L50, F|
|poke|p1|Amoonguss, L50, F|
|poke|p1|Gholdengo, L50|
|poke|p1|Incineroar, L50, M|
|poke|p1|Dragonite, L50, M|
|poke|p2|Toxapex, L50, F|
|poke|p2|Chesnaught, L50, M|
|poke|p2|Grimmsnarl, L50, M|
|poke|p2|Incineroar, L50, M|
|poke|p2|Sinistcha, L50|
|poke|p2|Tyranitar, L50, F|
|teampreview|4
|showteam|p1|Pelipper||FocusSash|Drizzle|Hurricane,WeatherBall,Tailwind,Protect|||M|||50|,,,,,Stellar]Palafin||MysticWater|ZerotoHero|WaveCrash,JetPunch,Protect,FlipTurn|||F|||50|,,,,,Water]Amoonguss||SitrusBerry|Regenerator|Spore,SludgeBomb,RagePowder,Protect|||F|||50|,,,,,Water]Gholdengo||LifeOrb|GoodasGold|NastyPlot,MakeItRain,ShadowBall,Protect||||||50|,,,,,Water]Incineroar||SafetyGoggles|Intimidate|FakeOut,PartingShot,KnockOff,WillOWisp|||M|||50|,,,,,Ghost]Dragonite||LoadedDice|Multiscale|Tailwind,ScaleShot,Haze,Protect|||M|||50|,,,,,Fairy
|showteam|p2|Toxapex||BlackSludge|Regenerator|Toxic,BanefulBunker,Haze,Recover|||F|||50|,,,,,Ghost]Chesnaught||Leftovers|Bulletproof|SpikyShield,LeechSeed,SuperFang,GigaDrain|||M|||50|,,,,,Water]Grimmsnarl||LightClay|Prankster|PartingShot,LightScreen,Reflect,SpiritBreak|||M|||50|,,,,,Ghost]Incineroar||SafetyGoggles|Intimidate|FlareBlitz,KnockOff,FakeOut,PartingShot|||M|||50|,,,,,Ghost]Sinistcha||SitrusBerry|Hospitality|LifeDew,RagePowder,StrengthSap,ShadowBall||||||50|,,,,,Dragon]Tyranitar||AssaultVest|SandStream|Snarl,RockSlide,KnockOff,LowKick|||F|||50|,,,,,Flying
|
|t:|1756243129
|teamsize|p1|4
|teamsize|p2|4
|start
|switch|p1a: Amoonguss|Amoonguss, L50, F|100/100
|switch|p1b: Palafin|Palafin, L50, F|100/100
|switch|p2a: Grimmsnarl|Grimmsnarl, L50, M|100/100
|switch|p2b: Toxapex|Toxapex, L50, F|100/100
|turn|1
|
|t:|1756243194
|move|p1b: Palafin|Protect|p1b: Palafin
|-singleturn|p1b: Palafin|Protect
|move|p2a: Grimmsnarl|Light Screen|p2a: Grimmsnarl
|-sidestart|p2: francoilforteprep|move: Light Screen
|move|p2b: Toxapex|Toxic|p1b: Palafin
|-activate|p1b: Palafin|move: Protect
|move|p1a: Amoonguss|Spore|p2a: Grimmsnarl
|-status|p2a: Grimmsnarl|slp|[from] move: Spore
|
|upkeep
|turn|2
|
|t:|1756243230
|switch|p2a: Tyranitar|Tyranitar, L50, F|100/100
|-weather|Sandstorm|[from] ability: Sand Stream|[of] p2a: Tyranitar
|move|p2b: Toxapex|Baneful Bunker|p2b: Toxapex
|-singleturn|p2b: Toxapex|move: Protect
|move|p1b: Palafin|Flip Turn|p2a: Tyranitar
|-supereffective|p2a: Tyranitar
|-damage|p2a: Tyranitar|66/100
|
|t:|1756243238
|detailschange|p1b: Palafin|Palafin-Hero, L50, F
|switch|p1b: Gholdengo|Gholdengo, L50|100/100|[from] Flip Turn
|move|p1a: Amoonguss|Spore|p2b: Toxapex
|-activate|p2b: Toxapex|move: Protect
|
|-weather|Sandstorm|[upkeep]
|-damage|p2b: Toxapex|95/100|[from] Sandstorm
|-damage|p1a: Amoonguss|95/100|[from] Sandstorm
|-heal|p2b: Toxapex|100/100|[from] item: Black Sludge
|upkeep
|turn|3
|
|t:|1756243282
|switch|p2b: Grimmsnarl|Grimmsnarl, L50, M|100/100 slp
|-terastallize|p2a: Tyranitar|Flying
|move|p1b: Gholdengo|Protect|p1b: Gholdengo
|-singleturn|p1b: Gholdengo|Protect
|move|p2a: Tyranitar|Snarl|p1b: Gholdengo|[spread] p1a
|-activate|p1b: Gholdengo|move: Protect
|-damage|p1a: Amoonguss|85/100
|-unboost|p1a: Amoonguss|spa|1
|move|p1a: Amoonguss|Spore|p2a: Tyranitar
|-status|p2a: Tyranitar|slp|[from] move: Spore
|
|-weather|Sandstorm|[upkeep]
|-damage|p2b: Grimmsnarl|95/100 slp|[from] Sandstorm
|-damage|p2a: Tyranitar|60/100 slp|[from] Sandstorm
|-damage|p1a: Amoonguss|79/100|[from] Sandstorm
|upkeep
|turn|4
|
|t:|1756243314
|move|p1b: Gholdengo|Nasty Plot|p1b: Gholdengo
|-boost|p1b: Gholdengo|spa|2
|cant|p2b: Grimmsnarl|slp
|cant|p2a: Tyranitar|slp
|move|p1a: Amoonguss|Sludge Bomb|p2b: Grimmsnarl
|-supereffective|p2b: Grimmsnarl
|-damage|p2b: Grimmsnarl|74/100 slp
|
|-weather|Sandstorm|[upkeep]
|-damage|p2b: Grimmsnarl|68/100 slp|[from] Sandstorm
|-damage|p2a: Tyranitar|54/100 slp|[from] Sandstorm
|-damage|p1a: Amoonguss|73/100|[from] Sandstorm
|upkeep
|turn|5
|
|t:|1756243326
|move|p1b: Gholdengo|Make It Rain|p2a: Tyranitar|[spread] p2a,p2b
|-supereffective|p2b: Grimmsnarl
|-damage|p2a: Tyranitar|10/100 slp
|-damage|p2b: Grimmsnarl|0 fnt
|-unboost|p1b: Gholdengo|spa|1
|faint|p2b: Grimmsnarl
|-damage|p1b: Gholdengo|91/100|[from] item: Life Orb
|cant|p2a: Tyranitar|slp
|move|p1a: Amoonguss|Sludge Bomb|p2a: Tyranitar
|-damage|p2a: Tyranitar|3/100 slp
|
|-weather|Sandstorm|[upkeep]
|-damage|p2a: Tyranitar|0 fnt|[from] Sandstorm
|-damage|p1a: Amoonguss|67/100|[from] Sandstorm
|faint|p2a: Tyranitar
|upkeep
|
|t:|1756243334
|switch|p2b: Toxapex|Toxapex, L50, F|100/100
|switch|p2a: Chesnaught|Chesnaught, L50, M|100/100
|turn|6
|-message|francoilforteprep forfeited.
|
|win|dolphin629
