|j|☆vamioli
|j|☆Anitasalad
|html|vamioliAnitasalad    
|uhtml|bestof|Game 3 of a best-of-3
|t:|1785420875
|gametype|doubles
|player|p1|vamioli|102|
|player|p2|Anitasalad|265|
|gen|9
|tier|[Gen 9 Champions] VGC 2026 Reg M-B (Bo3)
|rule|Species Clause: Limit one of each Pokémon
|rule|Item Clause: Limit 1 of each item
|clearpoke
|poke|p1|Gholdengo, L50|
|poke|p1|Corviknight, L50, F|
|poke|p1|Whimsicott, L50, M|
|poke|p1|Sinistcha, L50|
|poke|p1|Excadrill, L50, F|
|poke|p1|Tyranitar, L50, M|
|poke|p2|Froslass, L50, F|
|poke|p2|Scovillain, L50, F|
|poke|p2|Basculegion, L50, M|
|poke|p2|Kingambit, L50, F|
|poke|p2|Sneasler, L50, F|
|poke|p2|Lycanroc-Dusk, L50, F|
|teampreview|4
|showteam|p1|Gholdengo||LifeOrb|GoodasGold|ShadowBall,MakeItRain,NastyPlot,Protect|Timid|||||50|]Corviknight||SharpBeak|MirrorArmor|Roost,Tailwind,BodyPress,BraveBird|Impish||F|||50|]Whimsicott||CobaBerry|Prankster|Moonblast,Protect,Tailwind,Encore|Timid||M|||50|]Sinistcha||SitrusBerry|Hospitality|RagePowder,MatchaGotcha,Protect,TrickRoom|Bold|||||50|]Excadrill||FocusSash|SandRush|IronHead,HighHorsepower,Protect,RockSlide|Adamant||F|||50|]Tyranitar||Tyranitarite|SandStream|DragonDance,KnockOff,RockSlide,Protect|Adamant||M|||50|
|showteam|p2|Froslass||Froslassite|SnowCloak|Blizzard,ShadowBall,AuroraVeil,Protect|Timid||F|||50|]Scovillain||Scovillainite|Moody|Overheat,SuperFang,RagePowder,Protect|Calm||F|||50|]Basculegion||SitrusBerry|Adaptability|WaveCrash,LastRespects,AquaJet,Protect|Adamant||M|||50|]Kingambit||LifeOrb|Defiant|KowtowCleave,SuckerPunch,SwordsDance,Protect|Adamant||F|||50|]Sneasler||WhiteHerb|Unburden|CloseCombat,GunkShot,FakeOut,Protect|Adamant||F|||50|]Lycanroc-Dusk||FocusSash|ToughClaws|RockSlide,CloseCombat,Accelerock,Protect|Jolly||F|||50|
|inactive|Battle timer is ON: inactive players will automatically lose when time's up. (requested by Anitasalad)
|j| ncs12345
|inactive|vamioli has 60 seconds left.
|inactive|Anitasalad has 60 seconds left.
|inactive|vamioli has 30 seconds left.
|inactive|vamioli has 20 seconds left.
|
|t:|1785420948
|teamsize|p1|4
|teamsize|p2|4
|start
|switch|p1a: Gholdengo|Gholdengo, L50|100/100
|switch|p1b: Whimsicott|Whimsicott, L50, M|100/100
|switch|p2a: Scovillain|Scovillain, L50, F|100/100
|switch|p2b: Froslass|Froslass, L50, F|100/100
|turn|1
|inactive|vamioli has 30 seconds left.
|
|t:|1785420974
|move|p1b: Whimsicott|Protect|p1b: Whimsicott
|-singleturn|p1b: Whimsicott|Protect
|move|p2b: Froslass|Protect|p2b: Froslass
|-singleturn|p2b: Froslass|Protect
|move|p1a: Gholdengo|Protect|p1a: Gholdengo
|-singleturn|p1a: Gholdengo|Protect
|move|p2a: Scovillain|Overheat|p1a: Gholdengo
|-activate|p1a: Gholdengo|move: Protect
|
|-ability|p2a: Scovillain|Moody|boost
|-boost|p2a: Scovillain|spe|2
|-unboost|p2a: Scovillain|spa|1
|upkeep
|turn|2
|inactive|vamioli has 30 seconds left.
|inactive|Anitasalad has 30 seconds left.
|
|t:|1785421008
|switch|p2b: Basculegion|Basculegion, L50, M|100/100
|move|p1b: Whimsicott|Encore||[still]
|-fail|p1b: Whimsicott
|move|p2a: Scovillain|Overheat|p1a: Gholdengo
|-supereffective|p1a: Gholdengo|1
|-damage|p1a: Gholdengo|26/100
|-unboost|p2a: Scovillain|spa|2
|move|p1a: Gholdengo|Shadow Ball|p2b: Basculegion
|-supereffective|p2b: Basculegion|1
|-damage|p2b: Basculegion|0 fnt
|faint|p2b: Basculegion
|-damage|p1a: Gholdengo|17/100|[from] item: Life Orb
|
|-ability|p2a: Scovillain|Moody|boost
|-boost|p2a: Scovillain|def|2
|-unboost|p2a: Scovillain|spa|1
|upkeep
|
|t:|1785421026
|switch|p2b: Froslass|Froslass, L50, F|100/100
|turn|3
|inactive|Anitasalad has 30 seconds left.
|
|t:|1785421054
|move|p2b: Froslass|Protect|p2b: Froslass
|-singleturn|p2b: Froslass|Protect
|move|p1a: Gholdengo|Protect|p1a: Gholdengo
|-singleturn|p1a: Gholdengo|Protect
|move|p1b: Whimsicott|Tailwind|p1b: Whimsicott
|-sidestart|p1: vamioli|move: Tailwind
|move|p2a: Scovillain|Overheat|p1a: Gholdengo
|-activate|p1a: Gholdengo|move: Protect
|
|-ability|p2a: Scovillain|Moody|boost
|-boost|p2a: Scovillain|def|2
|-unboost|p2a: Scovillain|spa|1
|upkeep
|turn|4
|
|t:|1785421079
|switch|p2b: Sneasler|Sneasler, L50, F|100/100
|move|p1b: Whimsicott|Encore|p2a: Scovillain
|-start|p2a: Scovillain|Encore
|move|p1a: Gholdengo|Make It Rain|p2a: Scovillain|[spread] p2a,p2b
|-resisted|p2a: Scovillain|1
|-damage|p2a: Scovillain|71/100
|-damage|p2b: Sneasler|20/100y
|-unboost|p1a: Gholdengo|spa|2
|-damage|p1a: Gholdengo|7/100|[from] item: Life Orb
|move|p2a: Scovillain|Overheat|p1a: Gholdengo
|-supereffective|p1a: Gholdengo|1
|-damage|p1a: Gholdengo|0 fnt
|-unboost|p2a: Scovillain|spa|1
|faint|p1a: Gholdengo
|
|-ability|p2a: Scovillain|Moody|boost
|-boost|p2a: Scovillain|spe|2
|-unboost|p2a: Scovillain|atk|1
|upkeep
|
|t:|1785421097
|switch|p1a: Excadrill|Excadrill, L50, F|100/100
|turn|5
|c|☆vamioli|i feel like im making a mistake.
|
|t:|1785421121
|move|p1a: Excadrill|Protect|p1a: Excadrill
|-singleturn|p1a: Excadrill|Protect
|move|p2b: Sneasler|Fake Out|p1a: Excadrill
|-activate|p1a: Excadrill|move: Protect
|move|p1b: Whimsicott|Moonblast|p2b: Sneasler
|-damage|p2b: Sneasler|0 fnt
|faint|p2b: Sneasler
|move|p2a: Scovillain|Overheat|p1a: Excadrill
|-activate|p1a: Excadrill|move: Protect
|
|-ability|p2a: Scovillain|Moody|boost
|-boost|p2a: Scovillain|spa|2
|-unboost|p2a: Scovillain|spe|1
|upkeep
|
|t:|1785421124
|switch|p2b: Froslass|Froslass, L50, F|100/100
|turn|6
|c|☆Anitasalad|ooh i think its over for me lmao
|inactive|vamioli has 30 seconds left.
|
|t:|1785421151
|detailschange|p2b: Froslass|Froslass-Mega, L50, F
|-mega|p2b: Froslass|Froslass|Froslassite
|-weather|Snowscape|[from] ability: Snow Warning|[of] p2b: Froslass
|move|p1b: Whimsicott|Protect|p1b: Whimsicott
|-singleturn|p1b: Whimsicott|Protect
|move|p1a: Excadrill|Iron Head|p2b: Froslass
|-supereffective|p2b: Froslass|1
|-damage|p2b: Froslass|0 fnt
|faint|p2b: Froslass
|move|p2a: Scovillain|Overheat|p1b: Whimsicott
|-activate|p1b: Whimsicott|move: Protect
|
|-weather|Snowscape|[upkeep]
|-end|p2a: Scovillain|Encore
|-sideend|p1: vamioli|move: Tailwind
|-ability|p2a: Scovillain|Moody|boost
|-boost|p2a: Scovillain|spe|2
|-unboost|p2a: Scovillain|spd|1
|upkeep
|turn|7
|c|☆vamioli|I HOPE IT IS
|
|t:|1785421166
|move|p1b: Whimsicott|Encore|p2a: Scovillain
|-start|p2a: Scovillain|Encore
|move|p2a: Scovillain|Overheat|p1a: Excadrill
|-supereffective|p1a: Excadrill|1
|-damage|p1a: Excadrill|58/100
|-unboost|p2a: Scovillain|spa|2
|move|p1a: Excadrill|Rock Slide|p2a: Scovillain
|-supereffective|p2a: Scovillain|1
|-damage|p2a: Scovillain|42/100
|
|-weather|Snowscape|[upkeep]
|-ability|p2a: Scovillain|Moody|boost
|-boost|p2a: Scovillain|def|2
|-unboost|p2a: Scovillain|spd|1
|upkeep
|turn|8
|c|☆vamioli|oh it is
|
|t:|1785421178
|move|p2a: Scovillain|Overheat|p1a: Excadrill|[miss]
|-miss|p2a: Scovillain|p1a: Excadrill
|move|p1b: Whimsicott|Moonblast|p2a: Scovillain
|-resisted|p2a: Scovillain|1
|-damage|p2a: Scovillain|4/100
|move|p1a: Excadrill|High Horsepower|p2a: Scovillain
|-damage|p2a: Scovillain|0 fnt
|faint|p2a: Scovillain
|
|win|vamioli
|c|☆vamioli|i was getting really scared of that thing.
