|j|☆niziulove
|j|☆Nails
|html|niziuloveNails    
|uhtml|bestof|Game 2 of a best-of-3
|t:|1783726117
|gametype|doubles
|player|p1|niziulove|nessa-masters|
|player|p2|Nails|#scl2terrors|
|gen|9
|tier|[Gen 9 Champions] VGC 2026 Reg M-B (Bo3)
|rule|Species Clause: Limit one of each Pokémon
|rule|Item Clause: Limit 1 of each item
|clearpoke
|poke|p1|Incineroar, L50, F, shiny|
|poke|p1|Sinistcha, L50|
|poke|p1|Malamar, L50, F, shiny|
|poke|p1|Maushold-Four, L50|
|poke|p1|Vivillon-Fancy, L50, M, shiny|
|poke|p1|Toxapex, L50, F, shiny|
|poke|p2|Sinistcha, L50|
|poke|p2|Floette-Eternal, L50, F|
|poke|p2|Sneasler, L50, M|
|poke|p2|Incineroar, L50, M|
|poke|p2|Blastoise, L50, M|
|poke|p2|Kingambit, L50, M|
|teampreview|4
|showteam|p1|Incineroar||SitrusBerry|Intimidate|FakeOut,FlareBlitz,ThroatChop,PartingShot|Careful||F|||50|]Sinistcha||KasibBerry|Hospitality|Protect,MatchaGotcha,RagePowder,LifeDew|Bold|||||50|]Malamar||Malamarite|Contrary|Superpower,StoredPower,Protect,Rest|Quiet||F|||50|]Maushold-Four||FocusSash|FriendGuard|FollowMe,Protect,Tickle,FakeTears|Jolly|||||50|]Vivillon-Fancy||ChoiceScarf|CompoundEyes|SleepPowder,Hurricane,Tailwind,PollenPuff|Timid||M|||50|]Toxapex||Leftovers|Regenerator|Toxic,Infestation,WideGuard,BanefulBunker|Bold||F|||50|
|showteam|p2|Sinistcha||OccaBerry|Hospitality|MatchaGotcha,TrickRoom,RagePowder,Protect|Relaxed|||||50|]Floette-Eternal||Floettite|FlowerVeil|DazzlingGleam,DrainingKiss,CalmMind,Protect|Modest||F|||50|]Sneasler||FocusSash|PoisonTouch|CloseCombat,DireClaw,FakeOut,Protect|Jolly||M|||50|]Incineroar||SitrusBerry|Intimidate|FlareBlitz,FakeOut,HelpingHand,PartingShot|Impish||M|||50|]Blastoise||Blastoisinite|RainDish|WaterSpout,DarkPulse,ShellSmash,Protect|Modest||M|||50|]Kingambit||LifeOrb|Defiant|KowtowCleave,SuckerPunch,SwordsDance,Protect|Adamant||M|||50|
|j| SeaWolfMikes
|j| K0nqueror
|j| dangernoodlevgc
|j| kiwigal
|j| NJ11VGC
|j| CarrotsAreVeryPog
|j| thacrow
|j| EGAHydreigons
|j| RK_pocoyo
|j| YOASOBI stan
|j|+Howkings
|j| mbladderisdead
|j| W SMOKING
|j| Um Dafuq
|j| Feyette
|j| Vikram chan
|l| K0nqueror
|j| Mogo
|j| Galahad Excalibur
|j| s!dd_1
|j| FBIsurveillanceman
|j| vrocehpalon
|j| minamisimp
|j| ally switch andy
|j|+Radio Free C-Side
|j| Finabas
|l| Galahad Excalibur
|l| FBIsurveillanceman
|l| Finabas
|j| kunal
|j| TabuVGC
|j| kidturtle
|j| repeatt
|j| baaaaat_
|j| K0nqueror
|j| chien pao master
|l| K0nqueror
|
|t:|1783726210
|teamsize|p1|4
|teamsize|p2|4
|start
|switch|p1a: Incineroar|Incineroar, L50, F, shiny|100/100
|switch|p1b: Toxapex|Toxapex, L50, F, shiny|100/100
|switch|p2a: Blastoise|Blastoise, L50, M|100/100
|switch|p2b: Sneasler|Sneasler, L50, M|100/100
|-ability|p1a: Incineroar|Intimidate|boost
|-unboost|p2a: Blastoise|atk|1
|-unboost|p2b: Sneasler|atk|1
|turn|1
|l| NJ11VGC
|j| K0nqueror
|l| K0nqueror
|j| FBIsurveillanceman
|j| K0nqueror
|l| Feyette
|j| Feyette
|j| Finabas
|
|t:|1783726274
|detailschange|p2a: Blastoise|Blastoise-Mega, L50, M
|-mega|p2a: Blastoise|Blastoise|Blastoisinite
|move|p2b: Sneasler|Fake Out|p1a: Incineroar
|-damage|p1a: Incineroar|91/100
|cant|p1a: Incineroar|flinch
|move|p2a: Blastoise|Shell Smash|p2a: Blastoise
|-unboost|p2a: Blastoise|def|1
|-unboost|p2a: Blastoise|spd|1
|-boost|p2a: Blastoise|atk|2
|-boost|p2a: Blastoise|spa|2
|-boost|p2a: Blastoise|spe|2
|move|p1b: Toxapex|Infestation|p2a: Blastoise
|-damage|p2a: Blastoise|94/100
|-activate|p2a: Blastoise|move: Infestation|[of] p1b: Toxapex
|
|-damage|p2a: Blastoise|82/100|[from] move: Infestation|[partiallytrapped]
|upkeep
|turn|2
|l| K0nqueror
|j| danielmarcelo
|j| K0nqueror
|j| MichaelderBeste2
|l| MichaelderBeste2
|l| K0nqueror
|l| Finabas
|
|t:|1783726346
|move|p1b: Toxapex|Wide Guard|p1b: Toxapex
|-singleturn|p1b: Toxapex|Wide Guard
|move|p2a: Blastoise|Dark Pulse|p1a: Incineroar
|-resisted|p1a: Incineroar|1
|-damage|p1a: Incineroar|48/100
|-enditem|p1a: Incineroar|Sitrus Berry|[eat]
|-heal|p1a: Incineroar|73/100|[from] item: Sitrus Berry
|move|p2b: Sneasler|Close Combat|p1a: Incineroar
|-supereffective|p1a: Incineroar|1
|-damage|p1a: Incineroar|0 fnt
|-unboost|p2b: Sneasler|def|1
|-unboost|p2b: Sneasler|spd|1
|faint|p1a: Incineroar
|
|-damage|p2a: Blastoise|70/100|[from] move: Infestation|[partiallytrapped]
|upkeep
|j| K0nqueror
|l| FBIsurveillanceman
|j| FBIsurveillanceman
|l| FBIsurveillanceman
|
|t:|1783726380
|switch|p1a: Malamar|Malamar, L50, F, shiny|100/100
|turn|3
|j| Finabas
|j| FBIsurveillanceman
|l| Finabas
|l| K0nqueror
|
|t:|1783726413
|detailschange|p1a: Malamar|Malamar-Mega, L50, F, shiny
|-mega|p1a: Malamar|Malamar|Malamarite
|move|p2a: Blastoise|Dark Pulse|p1a: Malamar
|-damage|p1a: Malamar|26/100
|move|p2b: Sneasler|Close Combat|p1a: Malamar
|-damage|p1a: Malamar|0 fnt
|-unboost|p2b: Sneasler|def|1
|-unboost|p2b: Sneasler|spd|1
|faint|p1a: Malamar
|move|p1b: Toxapex|Infestation|p2b: Sneasler
|-resisted|p2b: Sneasler|2
|-damage|p2b: Sneasler|98/100
|-activate|p2b: Sneasler|move: Infestation|[of] p1b: Toxapex
|
|-damage|p2a: Blastoise|58/100|[from] move: Infestation|[partiallytrapped]
|-damage|p2b: Sneasler|85/100|[from] move: Infestation|[partiallytrapped]
|upkeep
|
|t:|1783726418
|switch|p1a: Vivillon|Vivillon-Fancy, L50, M, shiny|100/100
|turn|4
|j| NJ11VGC
|j| K0nqueror
|l| repeatt
|l| FBIsurveillanceman
|l| YOASOBI stan
|
|t:|1783726444
|move|p2a: Blastoise|Dark Pulse|p1a: Vivillon
|-damage|p1a: Vivillon|0 fnt
|faint|p1a: Vivillon
|move|p2b: Sneasler|Dire Claw|p1b: Toxapex
|-resisted|p1b: Toxapex|1
|-damage|p1b: Toxapex|90/100
|move|p1b: Toxapex|Toxic|p2a: Blastoise
|-status|p2a: Blastoise|tox
|
|-heal|p1b: Toxapex|96/100|[from] item: Leftovers
|-damage|p2a: Blastoise|52/100 tox|[from] psn
|-damage|p2a: Blastoise|40/100 tox|[from] move: Infestation|[partiallytrapped]
|-damage|p2b: Sneasler|73/100|[from] move: Infestation|[partiallytrapped]
|upkeep
|turn|5
|j| FBIsurveillanceman
|
|t:|1783726459
|move|p1b: Toxapex|Baneful Bunker|p1b: Toxapex
|-singleturn|p1b: Toxapex|move: Protect
|move|p2a: Blastoise|Dark Pulse|p2b: Sneasler
|-resisted|p2b: Sneasler|1
|-crit|p2b: Sneasler
|-damage|p2b: Sneasler|0 fnt
|faint|p2b: Sneasler
|
|-heal|p1b: Toxapex|100/100|[from] item: Leftovers
|-damage|p2a: Blastoise|28/100 tox|[from] psn
|-end|p2a: Blastoise|Infestation|[partiallytrapped]
|upkeep
|j| Finabas
|l| FBIsurveillanceman
|
|t:|1783726461
|switch|p2b: Sinistcha|Sinistcha, L50|100/100
|-heal|p2a: Blastoise|52/100 tox|[from] ability: Hospitality|[of] p2b: Sinistcha
|turn|6
|j| FBIsurveillanceman
|l| danielmarcelo
|l| K0nqueror
|j| tung cubed
|
|t:|1783726488
|switch|p2b: Kingambit|Kingambit, L50, M|100/100
|move|p2a: Blastoise|Dark Pulse|p1b: Toxapex
|-damage|p1b: Toxapex|29/100
|move|p1b: Toxapex|Toxic|p2b: Kingambit
|-immune|p2b: Kingambit
|
|-heal|p1b: Toxapex|35/100|[from] item: Leftovers
|-damage|p2a: Blastoise|35/100 tox|[from] psn
|upkeep
|turn|7
|j| tzarii
|l| tzarii
|c|☆Nails|ggs
|j| K0nqueror
|-message|niziulove forfeited.
|
|win|Nails
|l| kiwigal
|l| K0nqueror
|l| RK_pocoyo
|c|☆niziulove|ggwp!
|l| dangernoodlevgc
|l| Mogo
|l| Finabas
|l| NJ11VGC
|l| tung cubed
