|j|☆luckyross
|j|☆Sedrav
|html|luckyrossSedrav    
|uhtml|bestof|Game 1 of a best-of-3
|t:|1756948868
|gametype|doubles
|player|p1|luckyross|fisherman-gen4|1141
|player|p2|Sedrav|265|1185
|gen|9
|tier|[Gen 9] VGC 2025 Reg H (Bo3)
|rated|
|rule|Species Clause: Limit one of each Pokémon
|rule|Item Clause: Limit 1 of each item
|clearpoke
|poke|p1|Tyranitar, L50, M|
|poke|p1|Excadrill, L50, F|
|poke|p1|Indeedee, L50, M|
|poke|p1|Sneasler, L50, F|
|poke|p1|Corviknight, L50, M|
|poke|p1|Hydreigon, L50, F|
|poke|p2|Garchomp, L50, M|
|poke|p2|Talonflame, L50, M|
|poke|p2|Gholdengo, L50|
|poke|p2|Tyranitar, L50, F|
|poke|p2|Amoonguss, L50, M|
|poke|p2|Milotic, L50, F|
|teampreview|4
|showteam|p1|Tyranitar||AssaultVest|SandStream|KnockOff,RockSlide,TeraBlast,LowKick|||M|||50|,,,,,Flying]Excadrill||FocusSash|SandRush|Earthquake,IronHead,HighHorsepower,Protect|||F|||50|,,,,,Stellar]Indeedee||ChoiceScarf|PsychicSurge|ExpandingForce,TeraBlast,Trick,Protect|||M|||50|,,,,,Psychic]Sneasler||WhiteHerb|Unburden|DireClaw,CloseCombat,Coaching,FakeOut|||F|||50|,,,,,Stellar]Corviknight||PsychicSeed|MirrorArmor|BraveBird,PowerTrip,BulkUp,Roost|||M|||50|,,,,,Water]Hydreigon||LifeOrb|Levitate|DracoMeteor,DarkPulse,Protect,Tailwind|||F|||50|,,,,,Ghost
|showteam|p2|Garchomp||LifeOrb|RoughSkin|DragonClaw,StompingTantrum,Earthquake,Protect|||M|||50|,,,,,Fairy]Talonflame||CovertCloak|GaleWings|BraveBird,Tailwind,WillOWisp,Taunt|||M|||50|,,,,,Grass]Gholdengo||MetalCoat|GoodasGold|MakeItRain,ShadowBall,NastyPlot,Protect||||||50|,,,,,Flying]Tyranitar||AssaultVest|SandStream|RockSlide,KnockOff,LowKick,TeraBlast|||F|||50|,,,,,Flying]Amoonguss||SitrusBerry|Regenerator|Spore,RagePowder,PollenPuff,Protect|||M|||50|,,,,,Water]Milotic||SafetyGoggles|Competitive|Scald,IcyWind,Haze,Protect|||F|||50|,,,,,Dragon
|inactive|Battle timer is ON: inactive players will automatically lose when time's up. (requested by Sedrav)
|inactive|luckyross has 60 seconds left.
|inactive|Sedrav has 60 seconds left.
|
|t:|1756948917
|teamsize|p1|4
|teamsize|p2|4
|start
|switch|p1a: My Goat|Hydreigon, L50, F|100/100
|switch|p1b: Excadrill|Excadrill, L50, F|100/100
|switch|p2a: Talonflame|Talonflame, L50, M|100/100
|switch|p2b: Milotic|Milotic, L50, F|100/100
|turn|1
|inactive|luckyross has 30 seconds left.
|inactive|Sedrav has 30 seconds left.
|inactive|Sedrav has 20 seconds left.
|
|t:|1756948956
|move|p2a: Talonflame|Taunt|p1a: My Goat
|-start|p1a: My Goat|move: Taunt
|cant|p1a: My Goat|move: Taunt|Tailwind
|move|p1b: Excadrill|Iron Head|p2a: Talonflame
|-resisted|p2a: Talonflame
|-damage|p2a: Talonflame|69/100
|move|p2b: Milotic|Icy Wind|p1b: Excadrill|[spread] p1a,p1b
|-supereffective|p1a: My Goat
|-damage|p1a: My Goat|78/100
|-damage|p1b: Excadrill|86/100
|-unboost|p1a: My Goat|spe|1
|-unboost|p1b: Excadrill|spe|1
|
|upkeep
|turn|2
|inactive|Sedrav has 30 seconds left.
|inactive|Sedrav has 20 seconds left.
|inactive|Sedrav has 15 seconds left.
|
|t:|1756949008
|switch|p1b: Tyranitar|Tyranitar, L50, M|100/100
|-weather|Sandstorm|[from] ability: Sand Stream|[of] p1b: Tyranitar
|move|p2a: Talonflame|Tailwind|p2a: Talonflame
|-sidestart|p2: Sedrav|move: Tailwind
|move|p2b: Milotic|Icy Wind|p1b: Tyranitar|[spread] p1a,p1b
|-supereffective|p1a: My Goat
|-damage|p1a: My Goat|53/100
|-damage|p1b: Tyranitar|96/100
|-unboost|p1a: My Goat|spe|1
|-unboost|p1b: Tyranitar|spe|1
|move|p1a: My Goat|Dark Pulse|p2a: Talonflame
|-damage|p2a: Talonflame|0 fnt
|faint|p2a: Talonflame
|-damage|p1a: My Goat|44/100|[from] item: Life Orb
|
|-weather|Sandstorm|[upkeep]
|-damage|p1a: My Goat|38/100|[from] Sandstorm
|upkeep
|
|t:|1756949033
|switch|p2a: Gholdengo|Gholdengo, L50|100/100
|turn|3
|
|t:|1756949056
|switch|p1a: Excadrill|Excadrill, L50, F|86/100
|-terastallize|p2a: Gholdengo|Flying
|move|p2a: Gholdengo|Make It Rain|p1b: Tyranitar|[spread] p1a,p1b
|-resisted|p1a: Excadrill
|-supereffective|p1b: Tyranitar
|-damage|p1a: Excadrill|50/100
|-damage|p1b: Tyranitar|54/100
|-unboost|p2a: Gholdengo|spa|1
|move|p2b: Milotic|Scald|p1b: Tyranitar
|-supereffective|p1b: Tyranitar
|-damage|p1b: Tyranitar|31/100
|move|p1b: Tyranitar|Knock Off|p2a: Gholdengo
|-damage|p2a: Gholdengo|43/100
|-enditem|p2a: Gholdengo|Metal Coat|[from] move: Knock Off|[of] p1b: Tyranitar
|
|-weather|Sandstorm|[upkeep]
|-damage|p2a: Gholdengo|37/100|[from] Sandstorm
|upkeep
|turn|4
|inactive|luckyross has 30 seconds left.
|inactive|Sedrav has 30 seconds left.
|
|t:|1756949089
|move|p1a: Excadrill|Iron Head|p2a: Gholdengo
|-damage|p2a: Gholdengo|0 fnt
|faint|p2a: Gholdengo
|move|p2b: Milotic|Scald|p1b: Tyranitar
|-supereffective|p1b: Tyranitar
|-damage|p1b: Tyranitar|8/100
|move|p1b: Tyranitar|Knock Off|p2b: Milotic
|-damage|p2b: Milotic|59/100
|-enditem|p2b: Milotic|Safety Goggles|[from] move: Knock Off|[of] p1b: Tyranitar
|
|-weather|Sandstorm|[upkeep]
|-damage|p2b: Milotic|53/100|[from] Sandstorm
|upkeep
|
|t:|1756949100
|switch|p2a: Tyranitar|Tyranitar, L50, F|100/100
|turn|5
|
|t:|1756949114
|switch|p1b: My Goat|Hydreigon, L50, F|38/100
|-terastallize|p1a: Excadrill|Stellar
|move|p1a: Excadrill|Earthquake|p2a: Tyranitar|[spread] p2a,p2b
|-immune|p1b: My Goat|[from] ability: Levitate
|-supereffective|p2a: Tyranitar
|-damage|p2a: Tyranitar|21/100
|-damage|p2b: Milotic|13/100
|move|p2b: Milotic|Icy Wind|p1b: My Goat|[spread] p1a
|-miss|p2b: Milotic|p1b: My Goat
|-damage|p1a: Excadrill|36/100
|-unboost|p1a: Excadrill|spe|1
|move|p2a: Tyranitar|Rock Slide|p1b: My Goat|[spread] p1a,p1b
|-resisted|p1a: Excadrill
|-damage|p1a: Excadrill|25/100
|-damage|p1b: My Goat|2/100
|
|-weather|Sandstorm|[upkeep]
|-damage|p2b: Milotic|7/100|[from] Sandstorm
|-damage|p1b: My Goat|0 fnt|[from] Sandstorm
|faint|p1b: My Goat
|-sideend|p2: Sedrav|move: Tailwind
|upkeep
|
|t:|1756949133
|switch|p1b: Go to sleep|Sneasler, L50, F|100/100
|turn|6
|
|t:|1756949139
|move|p1a: Excadrill|Iron Head|p2a: Tyranitar
|-supereffective|p2a: Tyranitar
|-damage|p2a: Tyranitar|0 fnt
|faint|p2a: Tyranitar
|move|p1b: Go to sleep|Dire Claw|p2b: Milotic
|-damage|p2b: Milotic|0 fnt
|faint|p2b: Milotic
|
|win|luckyross
