|j|☆Delta-Scorch
|j|☆ItzS1N
|html|Delta-ScorchItzS1N    
|uhtml|bestof|Game 2 of a best-of-3
|t:|1784395863
|gametype|doubles
|player|p1|Delta-Scorch|worker|
|player|p2|ItzS1N|lucas-gen4pt|
|gen|9
|tier|[Gen 9 Champions] VGC 2026 Reg M-B (Bo3)
|rule|Species Clause: Limit one of each Pokémon
|rule|Item Clause: Limit 1 of each item
|clearpoke
|poke|p1|Noivern, L50, M|
|poke|p1|Swampert, L50, F|
|poke|p1|Sableye, L50, M|
|poke|p1|Bellibolt, L50, F|
|poke|p1|Metagross, L50|
|poke|p1|Meganium, L50, F|
|poke|p2|Venusaur, L50, M|
|poke|p2|Ariados, L50, M|
|poke|p2|Tinkaton, L50, F|
|poke|p2|Espathra, L50, F|
|poke|p2|Liepard, L50, F|
|poke|p2|Typhlosion-Hisui, L50, F|
|teampreview|4
|showteam|p1|Noivern||WiseGlasses|Telepathy|Tailwind,SuperFang,DracoMeteor,Hurricane|Serious||M|||50|]Swampert||Swampertite|Torrent|Waterfall,RockSlide,Earthquake,Protect|Serious||F|||50|]Sableye||MentalHerb|Prankster|FoulPlay,ThunderWave,Encore,RainDance|Serious||M|||50|]Bellibolt||Leftovers|Electromorphosis|ParabolicCharge,Soak,HyperVoice,Protect|Serious||F|||50|]Metagross||LumBerry|ClearBody|IcePunch,MeteorMash,PsychicFangs,Explosion|Jolly|||||50|]Meganium||Meganiumite|Overgrow|DazzlingGleam,SolarBeam,WeatherBall,Protect|Quiet||F|||50|
|showteam|p2|Venusaur||Venusaurite|Chlorophyll|GigaDrain,SludgeBomb,EarthPower,Protect|Modest||M|||50|]Ariados||FocusSash|Insomnia|StringShot,StickyWeb,RagePowder,Infestation|Bold||M|||50|]Tinkaton||Leftovers|OwnTempo|FakeOut,KnockOff,GigatonHammer,Protect|Adamant||F|||50|]Espathra||LifeOrb|SpeedBoost|LuminaCrash,FlashCannon,DazzlingGleam,Protect|Modest||F|||50|]Liepard||MentalHerb|Prankster|Encore,SunnyDay,Taunt,FakeOut|Impish||F|||50|]Typhlosion-Hisui||ChoiceScarf|Frisk|Eruption,HeatWave,Flamethrower,ShadowBall|Timid||F|||50|
|
|t:|1784395901
|teamsize|p1|4
|teamsize|p2|4
|start
|switch|p1a: Sableye|Sableye, L50, M|100/100
|switch|p1b: Swampert|Swampert, L50, F|100/100
|switch|p2a: Liepard|Liepard, L50, F|100/100
|switch|p2b: Typhlosion|Typhlosion-Hisui, L50, F|100/100
|-item|p1a: Sableye|Mental Herb|[from] ability: Frisk|[of] p2b: Typhlosion
|-item|p1b: Swampert|Swampertite|[from] ability: Frisk|[of] p2b: Typhlosion
|turn|1
|
|t:|1784395955
|detailschange|p1b: Swampert|Swampert-Mega, L50, F
|-mega|p1b: Swampert|Swampert|Swampertite
|move|p1b: Swampert|Protect|p1b: Swampert
|-singleturn|p1b: Swampert|Protect
|move|p2a: Liepard|Fake Out|p1b: Swampert
|-activate|p1b: Swampert|move: Protect
|move|p1a: Sableye|Thunder Wave|p2b: Typhlosion
|-status|p2b: Typhlosion|par
|move|p2b: Typhlosion|Shadow Ball|p1a: Sableye
|-damage|p1a: Sableye|55/100
|
|upkeep
|turn|2
|
|t:|1784395986
|move|p2a: Liepard|Encore|p1b: Swampert
|-start|p1b: Swampert|Encore
|move|p1b: Swampert|Protect||[still]
|-fail|p1b: Swampert
|move|p1a: Sableye|Rain Dance|p1a: Sableye
|-weather|RainDance
|move|p2b: Typhlosion|Shadow Ball|p1a: Sableye
|-damage|p1a: Sableye|8/100
|
|-weather|RainDance|[upkeep]
|upkeep
|turn|3
|c|☆Delta-Scorch|forgot about that part
|
|t:|1784396016
|switch|p1a: Meganium|Meganium, L50, F|100/100
|move|p1b: Swampert|Protect|p1b: Swampert
|-singleturn|p1b: Swampert|Protect
|move|p2a: Liepard|Sunny Day|p2a: Liepard
|-weather|SunnyDay
|move|p2b: Typhlosion|Shadow Ball|p1a: Meganium
|-damage|p1a: Meganium|52/100
|
|-weather|SunnyDay|[upkeep]
|upkeep
|turn|4
|c|☆Delta-Scorch|ah I messed up this one
|j| Beembuh
|
|t:|1784396064
|switch|p1b: Noivern|Noivern, L50, M|100/100
|switch|p2b: Espathra|Espathra, L50, F|100/100
|move|p2a: Liepard|Taunt|p1a: Meganium
|-start|p1a: Meganium|move: Taunt
|move|p1a: Meganium|Dazzling Gleam|p2a: Liepard|[spread] p2a,p2b
|-supereffective|p2a: Liepard|1
|-damage|p2a: Liepard|45/100
|-damage|p2b: Espathra|71/100
|
|-weather|SunnyDay|[upkeep]
|upkeep
|turn|5
|
|t:|1784396097
|move|p2a: Liepard|Taunt|p1b: Noivern
|-start|p1b: Noivern|move: Taunt
|cant|p1b: Noivern|move: Taunt|Tailwind
|move|p2b: Espathra|Dazzling Gleam|p1b: Noivern|[spread] p1a,p1b
|-supereffective|p1b: Noivern|1
|-damage|p1a: Meganium|23/100
|-damage|p1b: Noivern|41/100
|-damage|p2b: Espathra|61/100|[from] item: Life Orb
|move|p1a: Meganium|Dazzling Gleam|p2b: Espathra|[spread] p2a,p2b
|-supereffective|p2a: Liepard|1
|-damage|p2a: Liepard|0 fnt
|-damage|p2b: Espathra|33/100
|faint|p2a: Liepard
|
|-weather|SunnyDay|[upkeep]
|-ability|p2b: Espathra|Speed Boost|boost
|-boost|p2b: Espathra|spe|1
|upkeep
|
|t:|1784396115
|switch|p2a: Venusaur|Venusaur, L50, M|100/100
|turn|6
|
|t:|1784396135
|detailschange|p2a: Venusaur|Venusaur-Mega, L50, M
|-mega|p2a: Venusaur|Venusaur|Venusaurite
|move|p2b: Espathra|Dazzling Gleam|p1a: Meganium|[spread] p1a,p1b
|-supereffective|p1b: Noivern|1
|-damage|p1a: Meganium|0 fnt
|-damage|p1b: Noivern|0 fnt
|faint|p1a: Meganium
|faint|p1b: Noivern
|-damage|p2b: Espathra|23/100|[from] item: Life Orb
|move|p2a: Venusaur|Sludge Bomb|p1: Meganium|[notarget]
|-fail|p2a: Venusaur
|
|-weather|SunnyDay|[upkeep]
|-ability|p2b: Espathra|Speed Boost|boost
|-boost|p2b: Espathra|spe|1
|upkeep
|
|t:|1784396139
|switch|p1b: Sableye|Sableye, L50, M|8/100
|switch|p1a: Swampert|Swampert-Mega, L50, F|100/100
|turn|7
|
|t:|1784396156
|move|p1b: Sableye|Encore|p2a: Venusaur
|-start|p2a: Venusaur|Encore
|move|p2b: Espathra|Dazzling Gleam|p1b: Sableye|[spread] p1a,p1b
|-supereffective|p1b: Sableye|1
|-crit|p1b: Sableye
|-damage|p1a: Swampert|77/100
|-damage|p1b: Sableye|0 fnt
|faint|p1b: Sableye
|-damage|p2b: Espathra|13/100|[from] item: Life Orb
|move|p1a: Swampert|Rock Slide|p2a: Venusaur|[spread] p2a,p2b
|-damage|p2a: Venusaur|80/100
|-damage|p2b: Espathra|0 fnt
|faint|p2b: Espathra
|move|p2a: Venusaur|Sludge Bomb|p1a: Swampert
|-resisted|p1a: Swampert|1
|-damage|p1a: Swampert|52/100
|
|-weather|none
|upkeep
|
|t:|1784396171
|switch|p2b: Typhlosion|Typhlosion-Hisui, L50, F|100/100 par
|-item|p1a: Swampert|Swampertite|[from] ability: Frisk|[of] p2b: Typhlosion
|turn|8
|
|t:|1784396179
|move|p1a: Swampert|Earthquake|p2b: Typhlosion|[spread] p2a,p2b
|-supereffective|p2b: Typhlosion|1
|-damage|p2a: Venusaur|46/100
|-damage|p2b: Typhlosion|0 fnt
|faint|p2b: Typhlosion
|move|p2a: Venusaur|Sludge Bomb|p1a: Swampert
|-resisted|p1a: Swampert|1
|-damage|p1a: Swampert|28/100
|
|upkeep
|turn|9
|
|t:|1784396192
|move|p1a: Swampert|Earthquake|p2a: Venusaur
|-damage|p2a: Venusaur|0 fnt
|faint|p2a: Venusaur
|
|win|Delta-Scorch
|c|☆Delta-Scorch|gg!
|c|☆ItzS1N|gg's
|l| Beembuh
