|j|☆palle synchro
|j|☆fpahstkxkd
|html|palle synchrofpahstkxkd    
|uhtml|bestof|Game 3 of a best-of-3
|t:|1785851923
|gametype|doubles
|player|p1|palle synchro|ethan|1450
|player|p2|fpahstkxkd|101|1311
|gen|9
|tier|[Gen 9 Champions] VGC 2026 Reg M-B (Bo3)
|rated|
|rule|Species Clause: Limit one of each Pokémon
|rule|Item Clause: Limit 1 of each item
|clearpoke
|poke|p1|Whimsicott, L50, F|
|poke|p1|Basculegion, L50, M|
|poke|p1|Kingambit, L50, F|
|poke|p1|Floette-Eternal, L50, F|
|poke|p1|Garchomp, L50, M|
|poke|p1|Charizard, L50, M|
|poke|p2|Staraptor, L50, M|
|poke|p2|Garchomp, L50, M|
|poke|p2|Whimsicott, L50, M|
|poke|p2|Delphox, L50, M|
|poke|p2|Glimmora, L50, M|
|poke|p2|Kingambit, L50, M|
|teampreview|4
|showteam|p1|Whimsicott||FocusSash|Prankster|Protect,Moonblast,Tailwind,Encore|Timid||F|||50|]Basculegion||MysticWater|Adaptability|WaveCrash,Protect,LastRespects,AquaJet|Adamant||M|||50|]Kingambit||ChopleBerry|Defiant|KowtowCleave,LowKick,SuckerPunch,IronHead|Adamant||F|||50|]Floette-Eternal||Floettite|FlowerVeil|Moonblast,DazzlingGleam,LightofRuin,Protect|Modest||F|||50|]Garchomp||LifeOrb|RoughSkin|Protect,StompingTantrum,DragonClaw,RockSlide|Jolly||M|||50|]Charizard||CharizarditeY|Blaze|HeatWave,SolarBeam,WeatherBall,Protect|Modest||M|||50|
|showteam|p2|Staraptor||Staraptite|Intimidate|Protect,Roost,CloseCombat,BraveBird|Jolly||M|||50|]Garchomp||LifeOrb|RoughSkin|Protect,RockSlide,Earthquake,DragonClaw|Jolly||M|||50|]Whimsicott||OccaBerry|Prankster|Moonblast,Tailwind,Charm,LightScreen|Timid||M|||50|]Delphox||Delphoxite|Magician|Protect,Psychic,HeatWave,Substitute|Timid||M|||50|]Glimmora||FocusSash|ToxicDebris|SpikyShield,SludgeBomb,EarthPower,PowerGem|Timid||M|||50|]Kingambit||ChopleBerry|Defiant|SuckerPunch,LowKick,IronHead,KowtowCleave|Adamant||M|||50|
|inactive|Battle timer is ON: inactive players will automatically lose when time's up. (requested by fpahstkxkd)
|inactive|palle synchro also wants the timer to be on.
|
|t:|1785851943
|teamsize|p1|4
|teamsize|p2|4
|start
|switch|p1a: Kingambit|Kingambit, L50, F|100/100
|switch|p1b: Floette|Floette-Eternal, L50, F|100/100
|switch|p2a: Glimmora|Glimmora, L50, M|100/100
|switch|p2b: Whimsicott|Whimsicott, L50, M|100/100
|turn|1
|
|t:|1785851953
|detailschange|p1b: Floette|Floette-Mega, L50, F
|-mega|p1b: Floette|Floette|Floettite
|-ability|p1b: Floette|Fairy Aura
|move|p2b: Whimsicott|Light Screen|p2b: Whimsicott
|-sidestart|p2: fpahstkxkd|move: Light Screen
|move|p1b: Floette|Moonblast|p2b: Whimsicott
|-damage|p2b: Whimsicott|14/100
|move|p2a: Glimmora|Sludge Bomb|p1b: Floette
|-supereffective|p1b: Floette|1
|-damage|p1b: Floette|16/100
|move|p1a: Kingambit|Iron Head|p2a: Glimmora
|-supereffective|p2a: Glimmora|1
|-damage|p2a: Glimmora|4/100
|-activate|p2a: Glimmora|ability: Toxic Debris
|-sidestart|p1: palle synchro|move: Toxic Spikes
|
|upkeep
|turn|2
|inactive|palle synchro has 30 seconds left.
|
|t:|1785851986
|move|p1b: Floette|Protect|p1b: Floette
|-singleturn|p1b: Floette|Protect
|move|p1a: Kingambit|Sucker Punch|p2b: Whimsicott
|-resisted|p2b: Whimsicott|1
|-damage|p2b: Whimsicott|0 fnt
|faint|p2b: Whimsicott
|move|p2a: Glimmora|Earth Power|p1a: Kingambit
|-supereffective|p1a: Kingambit|1
|-damage|p1a: Kingambit|45/100
|
|upkeep
|
|t:|1785851996
|switch|p2b: Staraptor|Staraptor, L50, M|100/100
|-ability|p2b: Staraptor|Intimidate|boost
|-unboost|p1a: Kingambit|atk|1
|-ability|p1a: Kingambit|Defiant|boost
|-boost|p1a: Kingambit|atk|2
|-unboost|p1b: Floette|atk|1
|turn|3
|
|t:|1785852019
|switch|p2a: Garchomp|Garchomp, L50, M|100/100
|detailschange|p2b: Staraptor|Staraptor-Mega, L50, M
|-mega|p2b: Staraptor|Staraptor|Staraptite
|move|p1b: Floette|Protect||[still]
|-fail|p1b: Floette
|move|p1a: Kingambit|Sucker Punch||[still]
|-fail|p1a: Kingambit
|move|p2b: Staraptor|Close Combat|p1b: Floette
|-resisted|p1b: Floette|1
|-damage|p1b: Floette|0 fnt
|-boost|p2b: Staraptor|def|1
|-boost|p2b: Staraptor|spd|1
|faint|p1b: Floette
|
|upkeep
|
|t:|1785852030
|switch|p1b: Whimsicott|Whimsicott, L50, F|100/100
|-status|p1b: Whimsicott|psn
|turn|4
|
|t:|1785852043
|move|p1a: Kingambit|Sucker Punch|p2a: Garchomp
|-damage|p2a: Garchomp|49/100
|-damage|p1a: Kingambit|32/100|[from] ability: Rough Skin|[of] p2a: Garchomp
|move|p1b: Whimsicott|Moonblast|p2a: Garchomp
|-supereffective|p2a: Garchomp|1
|-damage|p2a: Garchomp|1/100
|move|p2b: Staraptor|Brave Bird|p1b: Whimsicott
|-supereffective|p1b: Whimsicott|1
|-enditem|p1b: Whimsicott|Focus Sash
|-damage|p1b: Whimsicott|1/100 psn
|-damage|p2b: Staraptor|76/100|[from] Recoil
|move|p2a: Garchomp|Earthquake|p1b: Whimsicott|[spread] p1a,p1b
|-immune|p2b: Staraptor
|-supereffective|p1a: Kingambit|1
|-resisted|p1b: Whimsicott|1
|-crit|p1b: Whimsicott
|-damage|p1a: Kingambit|0 fnt
|-damage|p1b: Whimsicott|0 fnt
|faint|p1a: Kingambit
|faint|p1b: Whimsicott
|-damage|p2a: Garchomp|0 fnt|[from] item: Life Orb
|faint|p2a: Garchomp
|
|upkeep
|
|t:|1785852052
|switch|p1b: Basculegion|Basculegion, L50, M|100/100
|switch|p2a: Glimmora|Glimmora, L50, M|4/100
|-status|p1b: Basculegion|psn
|turn|5
|
|t:|1785852060
|move|p2b: Staraptor|Protect|p2b: Staraptor
|-singleturn|p2b: Staraptor|Protect
|move|p2a: Glimmora|Spiky Shield|p2a: Glimmora
|-singleturn|p2a: Glimmora|move: Protect
|move|p1b: Basculegion|Aqua Jet|p2a: Glimmora
|-activate|p2a: Glimmora|move: Protect
|-damage|p1b: Basculegion|87/100 psn|[from] Spiky Shield|[of] p2a: Glimmora
|
|-damage|p1b: Basculegion|75/100 psn|[from] psn
|-sideend|p2: fpahstkxkd|move: Light Screen
|upkeep
|turn|6
|-message|palle synchro forfeited.
|
|win|fpahstkxkd
|raw|palle synchro's rating: 1450 → 1422(-28 for losing)
|raw|fpahstkxkd's rating: 1311 → 1339(+28 for winning)
