|j|☆Herefei
|j|☆RegiSIXSEVEN
|html|HerefeiRegiSIXSEVEN    
|uhtml|bestof|Game 1 of a best-of-3
|t:|1782370151
|gametype|doubles
|player|p1|Herefei|101|1000
|player|p2|RegiSIXSEVEN|steven|1136
|gen|9
|tier|[Gen 9 Champions] VGC 2026 Reg M-B (Bo3)
|rated|
|rule|Species Clause: Limit one of each Pokémon
|rule|Item Clause: Limit 1 of each item
|clearpoke
|poke|p1|Mimikyu, L50, M|
|poke|p1|Dragonite, L50, F|
|poke|p1|Garchomp, L50, M|
|poke|p1|Sneasler, L50, M|
|poke|p1|Froslass, L50, F|
|poke|p1|Volcarona, L50, F|
|poke|p2|Blaziken, L50, F, shiny|
|poke|p2|Kingambit, L50, M, shiny|
|poke|p2|Froslass, L50, F, shiny|
|poke|p2|Aerodactyl, L50, F, shiny|
|poke|p2|Sinistcha, L50, shiny|
|poke|p2|Garchomp, L50, M, shiny|
|teampreview|4
|showteam|p1|Mimikyu||FairyFeather|Disguise|ShadowClaw,ShadowSneak,PlayRough,SwordsDance|Jolly||M|||50|]Dragonite||LumBerry|Multiscale|Earthquake,Outrage,Roost,DragonDance|Adamant||F|||50|]Garchomp||FocusSash|RoughSkin|Earthquake,ScaleShot,RockTomb,StealthRock|Jolly||M|||50|]Sneasler||SitrusBerry|Unburden|NightSlash,DireClaw,CloseCombat,SwordsDance|Adamant||M|||50|]Froslass||Froslassite|CursedBody|Blizzard,AuroraVeil,ShadowBall,IceBeam|Timid||F|||50|]Volcarona||Leftovers|FlameBody|FieryDance,Psychic,QuiverDance,GigaDrain|Modest||F|||50|
|showteam|p2|Blaziken||FocusSash|SpeedBoost|HeatWave,AuraSphere,Coaching,Protect|Jolly||F|||50|]Kingambit||ChopleBerry|Defiant|SuckerPunch,KowtowCleave,IronHead,Protect|Adamant||M|||50|]Froslass||Froslassite|SnowCloak|Blizzard,ShadowBall,AuroraVeil,Protect|Timid||F|||50|]Aerodactyl||Aerodactylite|RockHead|RockSlide,DualWingbeat,Tailwind,WideGuard|Jolly||F|||50|]Sinistcha||KasibBerry|Hospitality|MatchaGotcha,RagePowder,TrickRoom,Protect|Bold|||||50|]Garchomp||LifeOrb|RoughSkin|DragonClaw,StompingTantrum,RockSlide,Protect|Jolly||M|||50|
|inactive|Battle timer is ON: inactive players will automatically lose when time's up. (requested by RegiSIXSEVEN)
|inactive|Herefei has 60 seconds left.
|inactive|RegiSIXSEVEN has 60 seconds left.
|
|t:|1782370191
|teamsize|p1|4
|teamsize|p2|4
|start
|switch|p1a: Froslass|Froslass, L50, F|100/100
|switch|p1b: Mimikyu|Mimikyu, L50, M|100/100
|switch|p2a: Froslass|Froslass, L50, F, shiny|100/100
|switch|p2b: Garchomp|Garchomp, L50, M, shiny|100/100
|turn|1
|
|t:|1782370208
|switch|p2b: Blaziken|Blaziken, L50, F, shiny|100/100
|detailschange|p1a: Froslass|Froslass-Mega, L50, F
|-mega|p1a: Froslass|Froslass|Froslassite
|-weather|Snowscape|[from] ability: Snow Warning|[of] p1a: Froslass
|detailschange|p2a: Froslass|Froslass-Mega, L50, F, shiny
|-mega|p2a: Froslass|Froslass|Froslassite
|move|p1a: Froslass|Aurora Veil|p1a: Froslass
|-sidestart|p1: Herefei|move: Aurora Veil
|move|p2a: Froslass|Blizzard|p1a: Froslass|[spread] p1a,p1b
|-resisted|p1a: Froslass|1
|-damage|p1a: Froslass|82/100
|-activate|p1b: Mimikyu|ability: Disguise
|-damage|p1b: Mimikyu|100/100
|detailschange|p1b: Mimikyu|Mimikyu-Busted, L50, M
|-damage|p1b: Mimikyu|87/100|[from] pokemon: Mimikyu-Busted
|move|p1b: Mimikyu|Play Rough|p2b: Blaziken
|-damage|p2b: Blaziken|34/100
|
|-weather|Snowscape|[upkeep]
|upkeep
|turn|2
|inactive|Herefei has 30 seconds left.
|inactive|RegiSIXSEVEN has 30 seconds left.
|
|t:|1782370239
|move|p1b: Mimikyu|Shadow Sneak|p2b: Blaziken
|-damage|p2b: Blaziken|9/100
|move|p1a: Froslass|Blizzard|p2a: Froslass|[spread] p2a,p2b
|-resisted|p2a: Froslass|1
|-resisted|p2b: Blaziken|1
|-damage|p2a: Froslass|77/100
|-damage|p2b: Blaziken|0 fnt
|faint|p2b: Blaziken
|move|p2a: Froslass|Aurora Veil|p2a: Froslass
|-sidestart|p2: RegiSIXSEVEN|move: Aurora Veil
|
|-weather|Snowscape|[upkeep]
|upkeep
|
|t:|1782370249
|switch|p2b: Kingambit|Kingambit, L50, M, shiny|100/100
|turn|3
|
|t:|1782370266
|switch|p1a: Dragonite|Dragonite, L50, F|100/100
|move|p2a: Froslass|Shadow Ball|p1b: Mimikyu
|-supereffective|p1b: Mimikyu|1
|-damage|p1b: Mimikyu|21/100
|move|p1b: Mimikyu|Swords Dance|p1b: Mimikyu
|-boost|p1b: Mimikyu|atk|2
|move|p2b: Kingambit|Kowtow Cleave|p1a: Dragonite
|-damage|p1a: Dragonite|82/100
|
|-weather|Snowscape|[upkeep]
|upkeep
|turn|4
|
|t:|1782370289
|move|p1b: Mimikyu|Shadow Sneak|p2a: Froslass
|-supereffective|p2a: Froslass|1
|-damage|p2a: Froslass|39/100
|move|p2a: Froslass|Blizzard|p1b: Mimikyu|[spread] p1a,p1b
|-supereffective|p1a: Dragonite|2
|-crit|p1a: Dragonite
|-damage|p1a: Dragonite|0 fnt
|-damage|p1b: Mimikyu|0 fnt
|faint|p1a: Dragonite
|faint|p1b: Mimikyu
|move|p2b: Kingambit|Kowtow Cleave|p1: Dragonite|[notarget]
|-fail|p2b: Kingambit
|
|-weather|Snowscape|[upkeep]
|upkeep
|
|t:|1782370299
|switch|p1b: Froslass|Froslass-Mega, L50, F|82/100
|switch|p1a: Garchomp|Garchomp, L50, M|100/100
|turn|5
|
|t:|1782370320
|move|p2a: Froslass|Protect|p2a: Froslass
|-singleturn|p2a: Froslass|Protect
|move|p2b: Kingambit|Protect|p2b: Kingambit
|-singleturn|p2b: Kingambit|Protect
|move|p1b: Froslass|Shadow Ball|p2a: Froslass
|-activate|p2a: Froslass|move: Protect
|move|p1a: Garchomp|Earthquake|p2b: Kingambit|[spread] p1b
|-activate|p2a: Froslass|move: Protect
|-activate|p2b: Kingambit|move: Protect
|-damage|p1b: Froslass|53/100
|
|-weather|none
|-sideend|p1: Herefei|move: Aurora Veil
|upkeep
|turn|6
|
|t:|1782370330
|move|p2b: Kingambit|Sucker Punch|p1b: Froslass
|-supereffective|p1b: Froslass|1
|-damage|p1b: Froslass|0 fnt
|faint|p1b: Froslass
|move|p2a: Froslass|Blizzard|p1a: Garchomp|[miss]
|-miss|p2a: Froslass|p1a: Garchomp
|move|p1a: Garchomp|Earthquake|p2b: Kingambit|[spread] p2a,p2b
|-supereffective|p2b: Kingambit|1
|-damage|p2a: Froslass|5/100
|-damage|p2b: Kingambit|65/100
|
|-sideend|p2: RegiSIXSEVEN|move: Aurora Veil
|upkeep
|turn|7
|-message|Herefei forfeited.
|raw|Herefei's rating: 1000 → 1000(+0 for losing)
|raw|RegiSIXSEVEN's rating: 1136 → 1152(+16 for winning)
|
|win|RegiSIXSEVEN
