|j|☆Drmwvr
|j|☆paperclip007
|html|Drmwvrpaperclip007    
|uhtml|bestof|Game 3 of a best-of-3
|t:|1757632735
|gametype|doubles
|player|p1|Drmwvr|nemona-s|
|player|p2|paperclip007|rocketgruntf|
|gen|9
|tier|[Gen 9] VGC 2025 Reg H (Bo3)
|rule|Species Clause: Limit one of each Pokémon
|rule|Item Clause: Limit 1 of each item
|clearpoke
|poke|p1|Dragonite, L50, M|
|poke|p1|Gholdengo, L50|
|poke|p1|Amoonguss, L50, M|
|poke|p1|Incineroar, L50, M|
|poke|p1|Sneasler, L50, M|
|poke|p1|Archaludon, L50, M|
|poke|p2|Torkoal, L50, F|
|poke|p2|Ursaluna, L50, F|
|poke|p2|Lilligant-Hisui, L50, F|
|poke|p2|Delphox, L50, M|
|poke|p2|Indeedee-F, L50, F|
|poke|p2|Toxapex, L50, M|
|teampreview|4
|showteam|p1|Dragonite||LoadedDice|Multiscale|ScaleShot,ExtremeSpeed,Tailwind,Protect|||M|||50|,,,,,Fairy]Gholdengo||ChoiceSpecs|GoodasGold|MakeItRain,ShadowBall,Thunderbolt,Trick||||||50|,,,,,Dragon]Amoonguss||SitrusBerry|Regenerator|Spore,RagePowder,SludgeBomb,Protect|||M|||50|,,,,,Psychic]Incineroar||RockyHelmet|Intimidate|FlareBlitz,KnockOff,PartingShot,FakeOut|||M|||50|,,,,,Grass]Sneasler||FocusSash|Unburden|CloseCombat,DireClaw,FakeOut,Protect|||M|||50|,,,,,Dark]Archaludon||AssaultVest|Stamina|FlashCannon,DracoMeteor,Snarl,BodyPress|||M|||50|,,,,,Water
|showteam|p2|Torkoal||Charcoal|Drought|Eruption,ClearSmog,WeatherBall,Protect|||F|||50|,,,,,Water]Ursaluna||FlameOrb|Guts|Facade,HeadlongRush,PlayRough,Protect|||F|||50|,,,,,Fairy]Lilligant-Hisui||FocusSash|Chlorophyll|AfterYou,SleepPowder,CloseCombat,Encore|||F|||50|,,,,,Ghost]Delphox||LifeOrb|Blaze|ExpandingForce,DazzlingGleam,FireBlast,Protect|||M|||50|,,,,,Fairy]Indeedee-F||PsychicSeed|PsychicSurge|FollowMe,TrickRoom,Psychic,HelpingHand|||F|||50|,,,,,Dark]Toxapex||Leftovers|Regenerator|BanefulBunker,WideGuard,Infestation,Toxic|||M|||50|,,,,,Grass
|j| jscullan
|
|t:|1757632784
|teamsize|p1|4
|teamsize|p2|4
|start
|switch|p1a: Gholdengo|Gholdengo, L50|100/100
|switch|p1b: Sneasler|Sneasler, L50, M|100/100
|switch|p2a: Indeedee|Indeedee-F, L50, F|100/100
|switch|p2b: Delphox|Delphox, L50, M|100/100
|-fieldstart|move: Psychic Terrain|[from] ability: Psychic Surge|[of] p2a: Indeedee
|-enditem|p2a: Indeedee|Psychic Seed
|-boost|p2a: Indeedee|spd|1|[from] item: Psychic Seed
|turn|1
|
|t:|1757632860
|-terastallize|p1a: Gholdengo|Dragon
|move|p1b: Sneasler|Dire Claw|p2b: Delphox
|-damage|p2b: Delphox|34/100
|-status|p2b: Delphox|par
|move|p1a: Gholdengo|Make It Rain|p2b: Delphox|[spread] p2a,p2b
|-resisted|p2b: Delphox
|-damage|p2a: Indeedee|54/100
|-damage|p2b: Delphox|0 fnt
|-unboost|p1a: Gholdengo|spa|1
|faint|p2b: Delphox
|move|p2a: Indeedee|Trick Room|p2a: Indeedee
|-fieldstart|move: Trick Room|[of] p2a: Indeedee
|
|upkeep
|
|t:|1757632879
|switch|p2b: Torkoal|Torkoal, L50, F|100/100
|-weather|SunnyDay|[from] ability: Drought|[of] p2b: Torkoal
|turn|2
|
|t:|1757632902
|switch|p1a: Incineroar|Incineroar, L50, M|100/100
|-ability|p1a: Incineroar|Intimidate|boost
|-unboost|p2a: Indeedee|atk|1
|-unboost|p2b: Torkoal|atk|1
|move|p1b: Sneasler|Protect|p1b: Sneasler
|-singleturn|p1b: Sneasler|Protect
|move|p2b: Torkoal|Eruption|p1a: Incineroar|[spread] p1a
|-activate|p1b: Sneasler|move: Protect
|-resisted|p1a: Incineroar
|-damage|p1a: Incineroar|71/100
|move|p2a: Indeedee|Psychic|p1b: Sneasler
|-activate|p1b: Sneasler|move: Protect
|
|-weather|SunnyDay|[upkeep]
|upkeep
|turn|3
|j| drillcurlsaresexy
|
|t:|1757632937
|switch|p1b: Gholdengo|Gholdengo, L50, tera:Dragon|100/100
|move|p2b: Torkoal|Eruption|p1b: Gholdengo|[spread] p1a,p1b
|-resisted|p1a: Incineroar
|-resisted|p1b: Gholdengo
|-damage|p1a: Incineroar|41/100
|-damage|p1b: Gholdengo|55/100
|move|p1a: Incineroar|Knock Off|p2b: Torkoal
|-damage|p2b: Torkoal|71/100
|-enditem|p2b: Torkoal|Charcoal|[from] move: Knock Off|[of] p1a: Incineroar
|move|p2a: Indeedee|Psychic|p1b: Gholdengo
|-damage|p1b: Gholdengo|11/100
|
|-weather|SunnyDay|[upkeep]
|upkeep
|turn|4
|
|t:|1757632976
|move|p2b: Torkoal|Weather Ball|p1a: Incineroar
|-resisted|p1a: Incineroar
|-damage|p1a: Incineroar|18/100
|move|p1a: Incineroar|Knock Off|p2a: Indeedee
|-supereffective|p2a: Indeedee
|-damage|p2a: Indeedee|0 fnt
|faint|p2a: Indeedee
|move|p1b: Gholdengo|Make It Rain|p2b: Torkoal
|-resisted|p2b: Torkoal
|-damage|p2b: Torkoal|10/100
|-unboost|p1b: Gholdengo|spa|1
|
|-weather|SunnyDay|[upkeep]
|upkeep
|
|t:|1757632987
|switch|p2a: Ursaluna|Ursaluna, L50, F|100/100
|turn|5
|
|t:|1757633031
|switch|p1b: Amoonguss|Amoonguss, L50, M|100/100
|-terastallize|p2a: Ursaluna|Fairy
|move|p2b: Torkoal|Weather Ball|p1a: Incineroar
|-resisted|p1a: Incineroar
|-damage|p1a: Incineroar|0 fnt
|faint|p1a: Incineroar
|move|p2a: Ursaluna|Play Rough|p1b: Amoonguss
|-resisted|p1b: Amoonguss
|-damage|p1b: Amoonguss|79/100
|
|-weather|SunnyDay|[upkeep]
|-fieldend|move: Trick Room
|-fieldend|move: Psychic Terrain
|-status|p2a: Ursaluna|brn|[from] item: Flame Orb
|upkeep
|
|t:|1757633049
|switch|p1a: Sneasler|Sneasler, L50, M|100/100
|turn|6
|
|t:|1757633070
|move|p1a: Sneasler|Fake Out|p2b: Torkoal
|-damage|p2b: Torkoal|0 fnt
|faint|p2b: Torkoal
|move|p2a: Ursaluna|Facade|p1a: Sneasler
|-enditem|p1a: Sneasler|Focus Sash
|-damage|p1a: Sneasler|1/100
|move|p1b: Amoonguss|Sludge Bomb|p2a: Ursaluna
|-supereffective|p2a: Ursaluna
|-damage|p2a: Ursaluna|52/100 brn
|
|-weather|none
|-damage|p2a: Ursaluna|46/100 brn|[from] brn
|upkeep
|turn|7
|
|t:|1757633096
|move|p1b: Amoonguss|Rage Powder|p1b: Amoonguss
|-singleturn|p1b: Amoonguss|move: Rage Powder
|move|p1a: Sneasler|Dire Claw|p2a: Ursaluna
|-supereffective|p2a: Ursaluna
|-damage|p2a: Ursaluna|0 fnt
|faint|p2a: Ursaluna
|
|win|Drmwvr
|l|☆paperclip007
|player|p2|
|l| jscullan
|l|☆Drmwvr
|player|p1|
|j|☆Drmwvr
|player|p1|Drmwvr|nemona-s|
