|j|☆Como Se Dice Ben
|j|☆SlaymonSays
|html|Como Se Dice BenSlaymonSays    
|uhtml|bestof|Game 1 of a best-of-3
|t:|1757728038
|gametype|doubles
|player|p1|Como Se Dice Ben|benga|1292
|player|p2|SlaymonSays|101|1341
|gen|9
|tier|[Gen 9] VGC 2025 Reg H (Bo3)
|rated|
|rule|Species Clause: Limit one of each Pokémon
|rule|Item Clause: Limit 1 of each item
|clearpoke
|poke|p1|Baxcalibur, L50, M|
|poke|p1|Weezing-Galar, L50, F|
|poke|p1|Corviknight, L50, M|
|poke|p1|Typhlosion-Hisui, L50, M|
|poke|p1|Toedscruel, L50, F|
|poke|p1|Annihilape, L50, F|
|poke|p2|Dragonite, L50, F|
|poke|p2|Ursaluna-Bloodmoon, L50, M|
|poke|p2|Ninetales-Alola, L50, F|
|poke|p2|Rillaboom, L50, F|
|poke|p2|Incineroar, L50, F|
|poke|p2|Gholdengo, L50|
|teampreview|4
|showteam|p1|Baxcalibur||LifeOrb|ThermalExchange|GlaiveRush,IcicleCrash,IceShard,Protect|||M|||50|,,,,,Water]Weezing-Galar||ChoiceSpecs|NeutralizingGas|DazzlingGleam,SludgeBomb,StrangeSteam,Flamethrower|||F|||50|,,,,,Fire]Corviknight||SitrusBerry|MirrorArmor|BraveBird,Tailwind,Roost,Protect|||M|||50|,,,,,Dragon]Typhlosion-Hisui||ChoiceScarf|Blaze|Eruption,HeatWave,SleepTalk,ShadowBall|||M|||50|,,,,,Fire]Toedscruel||CovertCloak|MyceliumMight|Spore,AcidSpray,EarthPower,BulletSeed|||F|||50|,,,,,Poison]Annihilape||SafetyGoggles|Defiant|RageFist,CloseCombat,Coaching,Protect|||F|||50|,,,,,Stellar
|showteam|p2|Dragonite||LoadedDice|InnerFocus|ScaleShot,Haze,Tailwind,Protect|||F|||50|,,,,,Grass]Ursaluna-Bloodmoon||LifeOrb|MindsEye|BloodMoon,HyperVoice,EarthPower,Protect|||M|||50|,,,,,Normal]Ninetales-Alola||CovertCloak|SnowWarning|Blizzard,IcyWind,AuroraVeil,Encore|||F|||50|,,,,,Fire]Rillaboom||AssaultVest|GrassySurge|FakeOut,GrassyGlide,WoodHammer,HighHorsepower|||F|||50|,,,,,Fire]Incineroar||SafetyGoggles|Intimidate|FakeOut,FlareBlitz,KnockOff,WillOWisp|||F|||50|,,,,,Ghost]Gholdengo||Leftovers|GoodasGold|MakeItRain,ShadowBall,NastyPlot,Protect||||||50|,,,,,Water
|inactive|Battle timer is ON: inactive players will automatically lose when time's up. (requested by SlaymonSays)
|
|t:|1757728140
|teamsize|p1|4
|teamsize|p2|4
|start
|switch|p1a: Martin|Corviknight, L50, M|100/100
|switch|p1b: NoEnemies|Annihilape, L50, F|100/100
|switch|p2a: Rillaboom|Rillaboom, L50, F|100/100
|switch|p2b: Ninetales|Ninetales-Alola, L50, F|100/100
|-weather|Snowscape|[from] ability: Snow Warning|[of] p2b: Ninetales
|-fieldstart|move: Grassy Terrain|[from] ability: Grassy Surge|[of] p2a: Rillaboom
|turn|1
|inactive|Como Se Dice Ben has 30 seconds left.
|inactive|SlaymonSays has 30 seconds left.
|
|t:|1757728168
|move|p2b: Ninetales|Aurora Veil|p2b: Ninetales
|-sidestart|p2: SlaymonSays|move: Aurora Veil
|move|p1b: NoEnemies|Coaching|p1a: Martin
|-boost|p1a: Martin|atk|1
|-boost|p1a: Martin|def|1
|move|p2a: Rillaboom|Wood Hammer|p1b: NoEnemies
|-damage|p1b: NoEnemies|0 fnt
|faint|p1b: NoEnemies
|-damage|p2a: Rillaboom|66/100|[from] Recoil
|move|p1a: Martin|Tailwind|p1a: Martin
|-sidestart|p1: Como Se Dice Ben|move: Tailwind
|
|-weather|Snowscape|[upkeep]
|-heal|p2a: Rillaboom|72/100|[from] Grassy Terrain
|upkeep
|inactive|Como Se Dice Ben has 30 seconds left.
|
|t:|1757728201
|switch|p1b: Wagwan|Typhlosion-Hisui, L50, M, shiny|100/100
|turn|2
|inactive|SlaymonSays has 30 seconds left.
|
|t:|1757728231
|switch|p2b: Incineroar|Incineroar, L50, F|100/100
|-ability|p2b: Incineroar|Intimidate|boost
|-ability|p1a: Martin|Mirror Armor
|-unboost|p2b: Incineroar|atk|1
|-unboost|p1b: Wagwan|atk|1
|move|p2a: Rillaboom|Grassy Glide|p1b: Wagwan
|-resisted|p1b: Wagwan
|-damage|p1b: Wagwan|73/100
|move|p1b: Wagwan|Eruption|p2a: Rillaboom|[spread] p2a,p2b
|-supereffective|p2a: Rillaboom
|-resisted|p2b: Incineroar
|-damage|p2a: Rillaboom|22/100
|-damage|p2b: Incineroar|89/100
|move|p1a: Martin|Brave Bird|p2a: Rillaboom
|-supereffective|p2a: Rillaboom
|-damage|p2a: Rillaboom|0 fnt
|faint|p2a: Rillaboom
|-damage|p1a: Martin|94/100|[from] Recoil
|
|-weather|Snowscape|[upkeep]
|-heal|p1b: Wagwan|79/100|[from] Grassy Terrain
|-heal|p2b: Incineroar|95/100|[from] Grassy Terrain
|upkeep
|
|t:|1757728246
|switch|p2a: Gholdengo|Gholdengo, L50|100/100
|turn|3
|
|t:|1757728270
|-terastallize|p1b: Wagwan|Fire
|-terastallize|p2a: Gholdengo|Water
|move|p1b: Wagwan|Eruption|p2a: Gholdengo|[spread] p2a,p2b
|-resisted|p2a: Gholdengo
|-resisted|p2b: Incineroar
|-damage|p2a: Gholdengo|83/100
|-damage|p2b: Incineroar|78/100
|move|p1a: Martin|Brave Bird|p2a: Gholdengo
|-damage|p2a: Gholdengo|38/100
|-damage|p1a: Martin|80/100|[from] Recoil
|move|p2a: Gholdengo|Nasty Plot|p2a: Gholdengo
|-boost|p2a: Gholdengo|spa|2
|move|p2b: Incineroar|Knock Off|p1b: Wagwan
|-damage|p1b: Wagwan|36/100
|-enditem|p1b: Wagwan|Choice Scarf|[from] move: Knock Off|[of] p2b: Incineroar
|
|-weather|Snowscape|[upkeep]
|-heal|p1b: Wagwan|42/100|[from] Grassy Terrain
|-heal|p2a: Gholdengo|44/100|[from] Grassy Terrain
|-heal|p2a: Gholdengo|50/100|[from] item: Leftovers
|-heal|p2b: Incineroar|84/100|[from] Grassy Terrain
|upkeep
|turn|4
|inactive|Como Se Dice Ben has 30 seconds left.
|
|t:|1757728303
|switch|p1b: SDIYBT|Baxcalibur, L50, M, shiny|100/100
|move|p1a: Martin|Brave Bird|p2b: Incineroar
|-damage|p2b: Incineroar|41/100
|-damage|p1a: Martin|66/100|[from] Recoil
|move|p2a: Gholdengo|Shadow Ball|p1a: Martin
|-damage|p1a: Martin|0 fnt
|faint|p1a: Martin
|move|p2b: Incineroar|Will-O-Wisp|p1b: SDIYBT
|-immune|p1b: SDIYBT|[from] ability: Thermal Exchange
|
|-weather|Snowscape|[upkeep]
|-heal|p2a: Gholdengo|56/100|[from] Grassy Terrain
|-heal|p2a: Gholdengo|61/100|[from] item: Leftovers
|-heal|p2b: Incineroar|47/100|[from] Grassy Terrain
|-sideend|p1: Como Se Dice Ben|move: Tailwind
|upkeep
|
|t:|1757728320
|switch|p1a: Wagwan|Typhlosion-Hisui, L50, M, shiny, tera:Fire|42/100
|turn|5
|
|t:|1757728337
|move|p1a: Wagwan|Heat Wave|p2a: Gholdengo|[spread] p2a,p2b
|-resisted|p2a: Gholdengo
|-resisted|p2b: Incineroar
|-damage|p2a: Gholdengo|45/100
|-damage|p2b: Incineroar|34/100
|move|p1b: SDIYBT|Glaive Rush|p2a: Gholdengo
|-damage|p2a: Gholdengo|0 fnt
|-singlemove|p1b: SDIYBT|Glaive Rush|[silent]
|faint|p2a: Gholdengo
|-damage|p1b: SDIYBT|90/100|[from] item: Life Orb
|move|p2b: Incineroar|Knock Off|p1a: Wagwan
|-damage|p1a: Wagwan|13/100
|
|-weather|none
|-heal|p1a: Wagwan|19/100|[from] Grassy Terrain
|-heal|p1b: SDIYBT|96/100|[from] Grassy Terrain
|-heal|p2b: Incineroar|40/100|[from] Grassy Terrain
|-sideend|p2: SlaymonSays|move: Aurora Veil
|-fieldend|move: Grassy Terrain
|upkeep
|
|t:|1757728346
|switch|p2a: Ninetales|Ninetales-Alola, L50, F|100/100
|-weather|Snowscape|[from] ability: Snow Warning|[of] p2a: Ninetales
|turn|6
|
|t:|1757728365
|move|p2a: Ninetales|Icy Wind|p1a: Wagwan|[spread] p1b
|-miss|p2a: Ninetales|p1a: Wagwan
|-damage|p1b: SDIYBT|60/100
|-unboost|p1b: SDIYBT|spe|1
|move|p1a: Wagwan|Heat Wave|p2b: Incineroar|[spread] p2a,p2b
|-supereffective|p2a: Ninetales
|-resisted|p2b: Incineroar
|-damage|p2a: Ninetales|0 fnt
|-damage|p2b: Incineroar|8/100
|faint|p2a: Ninetales
|move|p1b: SDIYBT|Glaive Rush|p2b: Incineroar
|-crit|p2b: Incineroar
|-damage|p2b: Incineroar|0 fnt
|-singlemove|p1b: SDIYBT|Glaive Rush|[silent]
|faint|p2b: Incineroar
|-damage|p1b: SDIYBT|50/100|[from] item: Life Orb
|
|win|Como Se Dice Ben
||SlaymonSays is ready for game 2.
|inactive|Como Se Dice Ben has 30 seconds to confirm battle start!
||Como Se Dice Ben is ready for game 2.
|uhtml|next|Next: Game 2 of 3
|l|☆SlaymonSays
|player|p2|
