|j|☆boykie629
|j|☆Sedrav
|html|boykie629Sedrav    
|uhtml|bestof|Game 1 of a best-of-3
|t:|1756939382
|gametype|doubles
|player|p1|boykie629|102|1122
|player|p2|Sedrav|265|1213
|gen|9
|tier|[Gen 9] VGC 2025 Reg H (Bo3)
|rated|
|rule|Species Clause: Limit one of each Pokémon
|rule|Item Clause: Limit 1 of each item
|clearpoke
|poke|p1|Pelipper, L50, F|
|poke|p1|Palafin, L50, F|
|poke|p1|Archaludon, L50, F|
|poke|p1|Gholdengo, L50|
|poke|p1|Rillaboom, L50, M|
|poke|p1|Incineroar, L50, M|
|poke|p2|Garchomp, L50, F|
|poke|p2|Talonflame, L50, F|
|poke|p2|Gholdengo, L50|
|poke|p2|Tyranitar, L50, M|
|poke|p2|Amoonguss, L50, M|
|poke|p2|Milotic, L50, M|
|teampreview|4
|showteam|p1|Pelipper||FocusSash|Drizzle|Hurricane,WeatherBall,Tailwind,Protect|||F|||50|,,,,,Stellar]Palafin||MysticWater|ZerotoHero|JetPunch,WaveCrash,Haze,Protect|||F|||50|,,,,,Water]Archaludon||AssaultVest|Stamina|FlashCannon,DracoMeteor,ElectroShot,BodyPress|||F|||50|,,,,,Bug]Gholdengo||GrassySeed|GoodasGold|MakeItRain,ShadowBall,NastyPlot,Protect||||||50|,,,,,Water]Rillaboom||LoadedDice|GrassySurge|BulletSeed,GrassyGlide,Uturn,FakeOut|||M|||50|,,,,,Water]Incineroar||SafetyGoggles|Intimidate|FlareBlitz,PartingShot,KnockOff,FakeOut|||M|||50|,,,,,Ghost
|showteam|p2|Garchomp||LifeOrb|RoughSkin|DragonClaw,StompingTantrum,Earthquake,Protect|||F|||50|,,,,,Fairy]Talonflame||CovertCloak|GaleWings|BraveBird,Tailwind,WillOWisp,Taunt|||F|||50|,,,,,Grass]Gholdengo||MetalCoat|GoodasGold|MakeItRain,ShadowBall,NastyPlot,Protect||||||50|,,,,,Flying]Tyranitar||AssaultVest|SandStream|RockSlide,KnockOff,LowKick,TeraBlast|||M|||50|,,,,,Flying]Amoonguss||SitrusBerry|Regenerator|Spore,RagePowder,PollenPuff,Protect|||M|||50|,,,,,Water]Milotic||SafetyGoggles|Competitive|Scald,IcyWind,Haze,Protect|||M|||50|,,,,,Dragon
|inactive|Battle timer is ON: inactive players will automatically lose when time's up. (requested by Sedrav)
|inactive|Sedrav has 60 seconds left.
|
|t:|1756939432
|teamsize|p1|4
|teamsize|p2|4
|start
|switch|p1a: Palafin|Palafin, L50, F|100/100
|switch|p1b: Rillaboom|Rillaboom, L50, M|100/100
|switch|p2a: Milotic|Milotic, L50, M|100/100
|switch|p2b: Talonflame|Talonflame, L50, F|100/100
|-fieldstart|move: Grassy Terrain|[from] ability: Grassy Surge|[of] p1b: Rillaboom
|turn|1
|inactive|boykie629 has 30 seconds left.
|inactive|Sedrav has 30 seconds left.
|
|t:|1756939464
|switch|p2b: Amoonguss|Amoonguss, L50, M|100/100
|detailschange|p1a: Palafin|Palafin-Hero, L50, F
|switch|p1a: Gholdengo|Gholdengo, L50|100/100
|-enditem|p1a: Gholdengo|Grassy Seed
|-boost|p1a: Gholdengo|def|1|[from] item: Grassy Seed
|-terastallize|p2a: Milotic|Dragon
|move|p1b: Rillaboom|Bullet Seed|p2a: Milotic
|-resisted|p2a: Milotic
|-damage|p2a: Milotic|94/100
|-resisted|p2a: Milotic
|-damage|p2a: Milotic|88/100
|-resisted|p2a: Milotic
|-damage|p2a: Milotic|80/100
|-resisted|p2a: Milotic
|-damage|p2a: Milotic|73/100
|-hitcount|p2a: Milotic|4
|move|p2a: Milotic|Icy Wind|p1b: Rillaboom|[spread] p1a,p1b
|-resisted|p1a: Gholdengo
|-supereffective|p1b: Rillaboom
|-damage|p1a: Gholdengo|94/100
|-damage|p1b: Rillaboom|79/100
|-unboost|p1a: Gholdengo|spe|1
|-unboost|p1b: Rillaboom|spe|1
|
|-heal|p2a: Milotic|79/100|[from] Grassy Terrain
|-heal|p1a: Gholdengo|100/100|[from] Grassy Terrain
|-heal|p1b: Rillaboom|85/100|[from] Grassy Terrain
|upkeep
|turn|2
|inactive|Sedrav has 30 seconds left.
|
|t:|1756939498
|move|p2a: Milotic|Icy Wind|p1b: Rillaboom|[spread] p1a,p1b
|-resisted|p1a: Gholdengo
|-supereffective|p1b: Rillaboom
|-damage|p1a: Gholdengo|95/100
|-damage|p1b: Rillaboom|64/100
|-unboost|p1a: Gholdengo|spe|1
|-unboost|p1b: Rillaboom|spe|1
|move|p1a: Gholdengo|Nasty Plot|p1a: Gholdengo
|-boost|p1a: Gholdengo|spa|2
|move|p1b: Rillaboom|U-turn|p2a: Milotic
|-damage|p2a: Milotic|59/100
|
|t:|1756939509
|switch|p1b: Palafin|Palafin-Hero, L50, F|100/100|[from] U-turn
|-activate|p1b: Palafin|ability: Zero to Hero
|move|p2b: Amoonguss|Pollen Puff|p2a: Milotic
|-heal|p2a: Milotic|100/100
|
|-heal|p1a: Gholdengo|100/100|[from] Grassy Terrain
|upkeep
|turn|3
|inactive|Sedrav has 30 seconds left.
|
|t:|1756939540
|move|p1b: Palafin|Protect|p1b: Palafin
|-singleturn|p1b: Palafin|Protect
|move|p2a: Milotic|Haze|p2a: Milotic
|-clearallboost
|move|p1a: Gholdengo|Make It Rain|p2a: Milotic|[spread] p2a,p2b
|-damage|p2a: Milotic|66/100
|-damage|p2b: Amoonguss|65/100
|-unboost|p1a: Gholdengo|spa|1
|move|p2b: Amoonguss|Spore|p1b: Palafin
|-activate|p1b: Palafin|move: Protect
|
|-heal|p2a: Milotic|72/100|[from] Grassy Terrain
|-heal|p2b: Amoonguss|71/100|[from] Grassy Terrain
|upkeep
|turn|4
|
|t:|1756939561
|switch|p1b: Rillaboom|Rillaboom, L50, M|64/100
|move|p1a: Gholdengo|Nasty Plot|p1a: Gholdengo
|-boost|p1a: Gholdengo|spa|2
|move|p2a: Milotic|Icy Wind|p1b: Rillaboom|[spread] p1a,p1b
|-resisted|p1a: Gholdengo
|-supereffective|p1b: Rillaboom
|-damage|p1a: Gholdengo|95/100
|-damage|p1b: Rillaboom|43/100
|-unboost|p1a: Gholdengo|spe|1
|-unboost|p1b: Rillaboom|spe|1
|move|p2b: Amoonguss|Pollen Puff|p2a: Milotic
|-heal|p2a: Milotic|100/100
|
|-heal|p1a: Gholdengo|100/100|[from] Grassy Terrain
|-heal|p1b: Rillaboom|48/100|[from] Grassy Terrain
|-heal|p2b: Amoonguss|77/100|[from] Grassy Terrain
|upkeep
|turn|5
|inactive|Sedrav has 30 seconds left.
|inactive|Sedrav has 20 seconds left.
|inactive|Sedrav has 15 seconds left.
|inactive|Sedrav has 10 seconds left.
|inactive|Sedrav has 5 seconds left.
|
|t:|1756939615
|switch|p2b: Tyranitar|Tyranitar, L50, M|100/100
|-weather|Sandstorm|[from] ability: Sand Stream|[of] p2b: Tyranitar
|move|p1b: Rillaboom|Fake Out|p2a: Milotic
|-damage|p2a: Milotic|89/100
|cant|p2a: Milotic|flinch
|move|p1a: Gholdengo|Nasty Plot|p1a: Gholdengo
|-boost|p1a: Gholdengo|spa|2
|
|-weather|Sandstorm|[upkeep]
|-damage|p1b: Rillaboom|43/100|[from] Sandstorm
|-heal|p2a: Milotic|95/100|[from] Grassy Terrain
|-heal|p1b: Rillaboom|48/100|[from] Grassy Terrain
|-fieldend|move: Grassy Terrain
|upkeep
|turn|6
|inactive|Sedrav has 30 seconds left.
|
|t:|1756939648
|switch|p1b: Pelipper|Pelipper, L50, F|100/100
|-weather|RainDance|[from] ability: Drizzle|[of] p1b: Pelipper
|move|p2a: Milotic|Haze|p2a: Milotic
|-clearallboost
|move|p1a: Gholdengo|Make It Rain|p2b: Tyranitar|[spread] p2a,p2b
|-supereffective|p2b: Tyranitar
|-damage|p2a: Milotic|65/100
|-damage|p2b: Tyranitar|51/100
|-unboost|p1a: Gholdengo|spa|1
|move|p2b: Tyranitar|Knock Off|p1a: Gholdengo
|-supereffective|p1a: Gholdengo
|-damage|p1a: Gholdengo|25/100
|
|-weather|RainDance|[upkeep]
|upkeep
|turn|7
|
|t:|1756939672
|move|p1a: Gholdengo|Protect|p1a: Gholdengo
|-singleturn|p1a: Gholdengo|Protect
|move|p1b: Pelipper|Tailwind|p1b: Pelipper
|-sidestart|p1: boykie629|move: Tailwind
|move|p2a: Milotic|Scald|p1a: Gholdengo
|-activate|p1a: Gholdengo|move: Protect
|move|p2b: Tyranitar|Rock Slide|p1a: Gholdengo|[spread] p1b
|-activate|p1a: Gholdengo|move: Protect
|-supereffective|p1b: Pelipper
|-damage|p1b: Pelipper|25/100
|
|-weather|RainDance|[upkeep]
|upkeep
|turn|8
|inactive|Sedrav has 30 seconds left.
|
|t:|1756939699
|switch|p2b: Amoonguss|Amoonguss, L50, M|100/100
|move|p1a: Gholdengo|Nasty Plot|p1a: Gholdengo
|-boost|p1a: Gholdengo|spa|2
|move|p1b: Pelipper|Hurricane|p2b: Amoonguss
|-supereffective|p2b: Amoonguss
|-damage|p2b: Amoonguss|17/100
|-start|p2b: Amoonguss|confusion
|-enditem|p2b: Amoonguss|Sitrus Berry|[eat]
|-heal|p2b: Amoonguss|42/100|[from] item: Sitrus Berry
|move|p2a: Milotic|Haze|p2a: Milotic
|-clearallboost
|
|-weather|RainDance|[upkeep]
|upkeep
|turn|9
|inactive|Sedrav has 30 seconds left.
|inactive|Sedrav has 20 seconds left.
|inactive|boykie629 has 30 seconds left.
|inactive|Sedrav has 15 seconds left.
|inactive|Sedrav has 10 seconds left.
|
|t:|1756939747
|switch|p1b: Rillaboom|Rillaboom, L50, M|48/100
|-fieldstart|move: Grassy Terrain|[from] ability: Grassy Surge|[of] p1b: Rillaboom
|move|p1a: Gholdengo|Nasty Plot|p1a: Gholdengo
|-boost|p1a: Gholdengo|spa|2
|move|p2a: Milotic|Scald|p1a: Gholdengo
|-damage|p1a: Gholdengo|0 fnt
|faint|p1a: Gholdengo
|-activate|p2b: Amoonguss|confusion
|move|p2b: Amoonguss|Pollen Puff|p2a: Milotic
|-heal|p2a: Milotic|100/100
|
|-weather|RainDance|[upkeep]
|-heal|p1b: Rillaboom|54/100|[from] Grassy Terrain
|-heal|p2b: Amoonguss|48/100|[from] Grassy Terrain
|upkeep
|
|t:|1756939751
|switch|p1a: Palafin|Palafin-Hero, L50, F|100/100
|turn|10
|inactive|Sedrav has 30 seconds left.
|inactive|Sedrav has 20 seconds left.
|
|t:|1756939786
|-terastallize|p1a: Palafin|Water
|-activate|p2b: Amoonguss|confusion
|move|p2b: Amoonguss|Protect|p2b: Amoonguss
|-singleturn|p2b: Amoonguss|Protect
|move|p1b: Rillaboom|Fake Out|p2b: Amoonguss
|-activate|p2b: Amoonguss|move: Protect
|move|p1a: Palafin|Wave Crash|p2a: Milotic
|-resisted|p2a: Milotic
|-damage|p2a: Milotic|25/100
|-damage|p1a: Palafin|74/100|[from] Recoil
|move|p2a: Milotic|Icy Wind|p1a: Palafin|[spread] p1a,p1b
|-resisted|p1a: Palafin
|-supereffective|p1b: Rillaboom
|-damage|p1a: Palafin|69/100
|-damage|p1b: Rillaboom|32/100
|-unboost|p1a: Palafin|spe|1
|-unboost|p1b: Rillaboom|spe|1
|
|-weather|none
|-heal|p1a: Palafin|75/100|[from] Grassy Terrain
|-heal|p1b: Rillaboom|38/100|[from] Grassy Terrain
|-heal|p2a: Milotic|31/100|[from] Grassy Terrain
|-heal|p2b: Amoonguss|54/100|[from] Grassy Terrain
|-sideend|p1: boykie629|move: Tailwind
|upkeep
|turn|11
|inactive|Sedrav has 30 seconds left.
|
|t:|1756939820
|switch|p1b: Pelipper|Pelipper, L50, F|25/100
|-weather|RainDance|[from] ability: Drizzle|[of] p1b: Pelipper
|move|p1a: Palafin|Jet Punch|p2a: Milotic
|-resisted|p2a: Milotic
|-damage|p2a: Milotic|0 fnt
|faint|p2a: Milotic
|-end|p2b: Amoonguss|confusion
|move|p2b: Amoonguss|Spore|p1a: Palafin
|-status|p1a: Palafin|slp|[from] move: Spore
|
|-weather|RainDance|[upkeep]
|-heal|p1a: Palafin|81/100 slp|[from] Grassy Terrain
|-heal|p2b: Amoonguss|60/100|[from] Grassy Terrain
|upkeep
|
|t:|1756939839
|switch|p2a: Tyranitar|Tyranitar, L50, M|51/100
|-weather|Sandstorm|[from] ability: Sand Stream|[of] p2a: Tyranitar
|turn|12
|
|t:|1756939850
|move|p1b: Pelipper|Hurricane|p2b: Amoonguss
|-supereffective|p2b: Amoonguss
|-damage|p2b: Amoonguss|0 fnt
|faint|p2b: Amoonguss
|move|p2a: Tyranitar|Knock Off|p1a: Palafin
|-damage|p1a: Palafin|30/100 slp
|-enditem|p1a: Palafin|Mystic Water|[from] move: Knock Off|[of] p2a: Tyranitar
|cant|p1a: Palafin|slp
|
|-weather|Sandstorm|[upkeep]
|-damage|p1b: Pelipper|19/100|[from] Sandstorm
|-damage|p1a: Palafin|23/100 slp|[from] Sandstorm
|-heal|p2a: Tyranitar|57/100|[from] Grassy Terrain
|-heal|p1a: Palafin|30/100 slp|[from] Grassy Terrain
|upkeep
|
|t:|1756939862
|switch|p2b: Talonflame|Talonflame, L50, F|100/100
|turn|13
|inactive|Sedrav has 30 seconds left.
|
|t:|1756939882
|move|p2b: Talonflame|Tailwind|p2b: Talonflame
|-sidestart|p2: Sedrav|move: Tailwind
|-curestatus|p1a: Palafin|slp|[msg]
|move|p1a: Palafin|Jet Punch|p2a: Tyranitar
|-supereffective|p2a: Tyranitar
|-damage|p2a: Tyranitar|0 fnt
|faint|p2a: Tyranitar
|move|p1b: Pelipper|Weather Ball|p2b: Talonflame
|-supereffective|p2b: Talonflame
|-damage|p2b: Talonflame|0 fnt
|faint|p2b: Talonflame
|
|win|boykie629
|inactive|boykie629 has 30 seconds to confirm battle start!
|inactive|Sedrav has 30 seconds to confirm battle start!
||Sedrav is ready for game 2.
|l|☆boykie629
|player|p1|
