|j|☆Lstdnce
|j|☆SlaymonSays
|html|LstdnceSlaymonSays    
|uhtml|bestof|Game 1 of a best-of-3
|t:|1757664494
|gametype|doubles
|player|p1|Lstdnce|101|1316
|player|p2|SlaymonSays|266|1333
|gen|9
|tier|[Gen 9] VGC 2025 Reg H (Bo3)
|rated|
|rule|Species Clause: Limit one of each Pokémon
|rule|Item Clause: Limit 1 of each item
|clearpoke
|poke|p1|Ninetales-Alola, L50, F|
|poke|p1|Garchomp, L50, F|
|poke|p1|Incineroar, L50, M|
|poke|p1|Gholdengo, L50|
|poke|p1|Amoonguss, L50, M|
|poke|p1|Flamigo, L50, F|
|poke|p2|Ursaluna-Bloodmoon, L50, M|
|poke|p2|Dragonite, L50, F|
|poke|p2|Gholdengo, L50|
|poke|p2|Rillaboom, L50, M|
|poke|p2|Incineroar, L50, M|
|poke|p2|Ninetales-Alola, L50, F|
|teampreview|4
|showteam|p1|Ninetales-Alola||ChoiceScarf|SnowWarning|FreezeDry,Blizzard,Moonblast,IcyWind|||F|||50|,,,,,Ice]Garchomp||LifeOrb|RoughSkin|Protect,Earthquake,StompingTantrum,DragonClaw|||F|||50|,,,,,Fire]Incineroar||SafetyGoggles|Intimidate|FakeOut,FlareBlitz,KnockOff,PartingShot|||M|||50|,,,,,Grass]Gholdengo||CovertCloak|GoodasGold|Protect,MakeItRain,ShadowBall,NastyPlot||||||50|,,,,,Water]Amoonguss||SitrusBerry|Regenerator|Protect,PollenPuff,Spore,RagePowder|||M|||50|,,,,,Dark]Flamigo||FocusSash|Scrappy|CloseCombat,DualWingbeat,Detect,WideGuard|||F|||50|,,,,,Ghost
|showteam|p2|Ursaluna-Bloodmoon||LifeOrb|MindsEye|BloodMoon,HyperVoice,EarthPower,Protect|||M|||50|,,,,,Normal]Dragonite||LoadedDice|InnerFocus|ScaleShot,Haze,Tailwind,Protect|||F|||50|,,,,,Fairy]Gholdengo||Leftovers|GoodasGold|MakeItRain,ShadowBall,NastyPlot,Protect||||||50|,,,,,Water]Rillaboom||AssaultVest|GrassySurge|FakeOut,GrassyGlide,WoodHammer,HighHorsepower|||M|||50|,,,,,Fire]Incineroar||SafetyGoggles|Intimidate|FakeOut,FlareBlitz,KnockOff,PartingShot|||M|||50|,,,,,Ghost]Ninetales-Alola||CovertCloak|SnowWarning|Blizzard,IcyWind,AuroraVeil,Encore|||F|||50|,,,,,Fire
|inactive|Battle timer is ON: inactive players will automatically lose when time's up. (requested by Lstdnce)
|
|t:|1757664525
|teamsize|p1|4
|teamsize|p2|4
|start
|switch|p1a: Garchomp|Garchomp, L50, F|100/100
|switch|p1b: Flamigo|Flamigo, L50, F|100/100
|switch|p2a: Ninetales|Ninetales-Alola, L50, F|100/100
|switch|p2b: Gholdengo|Gholdengo, L50|100/100
|-weather|Snowscape|[from] ability: Snow Warning|[of] p2a: Ninetales
|turn|1
|
|t:|1757664548
|-terastallize|p1a: Garchomp|Fire
|-terastallize|p2b: Gholdengo|Water
|move|p2a: Ninetales|Aurora Veil|p2a: Ninetales
|-sidestart|p2: SlaymonSays|move: Aurora Veil
|move|p1a: Garchomp|Earthquake|p2b: Gholdengo|[spread] p2a,p2b
|-immune|p1b: Flamigo
|-damage|p2a: Ninetales|64/100
|-damage|p2b: Gholdengo|71/100
|-damage|p1a: Garchomp|91/100|[from] item: Life Orb
|move|p1b: Flamigo|Dual Wingbeat|p2a: Ninetales
|-damage|p2a: Ninetales|49/100
|-damage|p2a: Ninetales|35/100
|-hitcount|p2a: Ninetales|2
|move|p2b: Gholdengo|Nasty Plot|p2b: Gholdengo
|-boost|p2b: Gholdengo|spa|2
|
|-weather|Snowscape|[upkeep]
|-heal|p2b: Gholdengo|77/100|[from] item: Leftovers
|upkeep
|turn|2
|inactive|Lstdnce has 30 seconds left.
|inactive|SlaymonSays has 30 seconds left.
|
|t:|1757664580
|move|p1b: Flamigo|Wide Guard|p1b: Flamigo
|-singleturn|p1b: Flamigo|Wide Guard
|move|p2a: Ninetales|Encore|p1b: Flamigo
|-start|p1b: Flamigo|Encore
|move|p1a: Garchomp|Earthquake|p2b: Gholdengo|[spread] p2a,p2b
|-activate|p1b: Flamigo|move: Wide Guard
|-damage|p2a: Ninetales|3/100
|-damage|p2b: Gholdengo|46/100
|-damage|p1a: Garchomp|81/100|[from] item: Life Orb
|move|p2b: Gholdengo|Shadow Ball|p1a: Garchomp
|-damage|p1a: Garchomp|0 fnt
|faint|p1a: Garchomp
|
|-weather|Snowscape|[upkeep]
|-heal|p2b: Gholdengo|52/100|[from] item: Leftovers
|upkeep
|
|t:|1757664598
|switch|p1a: Ninetales|Ninetales-Alola, L50, F|100/100
|turn|3
|
|t:|1757664607
|switch|p2a: Incineroar|Incineroar, L50, M|100/100
|-ability|p2a: Incineroar|Intimidate|boost
|-unboost|p1a: Ninetales|atk|1
|-fail|p1b: Flamigo|unboost|Attack|[from] ability: Scrappy|[of] p1b: Flamigo
|move|p1b: Flamigo|Wide Guard|p1b: Flamigo
|-singleturn|p1b: Flamigo|Wide Guard
|move|p1a: Ninetales|Freeze-Dry|p2b: Gholdengo
|-supereffective|p2b: Gholdengo
|-crit|p2b: Gholdengo
|-damage|p2b: Gholdengo|0 fnt
|faint|p2b: Gholdengo
|
|-weather|Snowscape|[upkeep]
|upkeep
|
|t:|1757664618
|switch|p2b: Ursaluna|Ursaluna-Bloodmoon, L50, M|100/100
|turn|4
|
|t:|1757664629
|switch|p1b: Incineroar|Incineroar, L50, M|100/100
|-ability|p1b: Incineroar|Intimidate|boost
|-unboost|p2a: Incineroar|atk|1
|-unboost|p2b: Ursaluna|atk|1
|move|p1a: Ninetales|Freeze-Dry|p2b: Ursaluna
|-supereffective|p2b: Ursaluna
|-damage|p2b: Ursaluna|60/100
|move|p2b: Ursaluna|Blood Moon|p1b: Incineroar
|-damage|p1b: Incineroar|8/100
|-damage|p2b: Ursaluna|50/100|[from] item: Life Orb
|move|p2a: Incineroar|Flare Blitz|p1b: Incineroar
|-resisted|p1b: Incineroar
|-damage|p1b: Incineroar|0 fnt
|faint|p1b: Incineroar
|-damage|p2a: Incineroar|98/100|[from] Recoil
|
|-weather|Snowscape|[upkeep]
|upkeep
|
|t:|1757664644
|switch|p1b: Flamigo|Flamigo, L50, F|100/100
|turn|5
|
|t:|1757664661
|move|p1a: Ninetales|Freeze-Dry|p2a: Incineroar
|-resisted|p2a: Incineroar
|-damage|p2a: Incineroar|90/100
|move|p1b: Flamigo|Close Combat|p2a: Incineroar
|-supereffective|p2a: Incineroar
|-damage|p2a: Incineroar|12/100
|-unboost|p1b: Flamigo|def|1
|-unboost|p1b: Flamigo|spd|1
|move|p2b: Ursaluna|Hyper Voice|p1b: Flamigo|[spread] p1a,p1b
|-damage|p1a: Ninetales|44/100
|-enditem|p1b: Flamigo|Focus Sash
|-damage|p1b: Flamigo|1/100
|-damage|p2b: Ursaluna|41/100|[from] item: Life Orb
|move|p2a: Incineroar|Flare Blitz|p1a: Ninetales
|-supereffective|p1a: Ninetales
|-damage|p1a: Ninetales|0 fnt
|faint|p1a: Ninetales
|-damage|p2a: Incineroar|1/100|[from] Recoil
|
|-weather|none
|-sideend|p2: SlaymonSays|move: Aurora Veil
|upkeep
|turn|6
|-message|Lstdnce forfeited.
|
|win|SlaymonSays
||SlaymonSays is ready for game 2.
||Lstdnce is ready for game 2.
|uhtml|next|Next: Game 2 of 3
|l|☆Lstdnce
|player|p1|
