|j|☆dubbies
|j|☆davirru5
|html|dubbiesdavirru5    
|uhtml|bestof|Game 2 of a best-of-3
|t:|1756650585
|gametype|doubles
|player|p1|dubbies|hoopster|1072
|player|p2|davirru5|ghetsis|1136
|gen|9
|tier|[Gen 9] VGC 2025 Reg H (Bo3)
|rated|
|rule|Species Clause: Limit one of each Pokémon
|rule|Item Clause: Limit 1 of each item
|clearpoke
|poke|p1|Gholdengo, L50|
|poke|p1|Grimmsnarl, L50, M|
|poke|p1|Maushold, L50|
|poke|p1|Dragonite, L50, M|
|poke|p1|Pelipper, L50, M|
|poke|p1|Archaludon, L50, M|
|poke|p2|Annihilape, L50, F|
|poke|p2|Maushold-Four, L50|
|poke|p2|Incineroar, L50, M|
|poke|p2|Ninetales-Alola, L50, M|
|poke|p2|Ursaluna-Bloodmoon, L50, M|
|poke|p2|Sinistcha, L50|
|teampreview|4
|showteam|p1|Gholdengo||LifeOrb|GoodasGold|MakeItRain,ShadowBall,NastyPlot,Protect||||||50|,,,,,Water]Grimmsnarl||LightClay|Prankster|FoulPlay,LightScreen,Reflect,ThunderWave|||M|||50|,,,,,Ghost]Maushold||SafetyGoggles|FriendGuard|Protect,SuperFang,FollowMe,BeatUp||||||50|,,,,,Ghost]Dragonite||LoadedDice|Multiscale|Protect,ScaleShot,ExtremeSpeed,Tailwind|||M|||50|,,,,,Steel]Pelipper||FocusSash|Drizzle|Protect,MuddyWater,Hurricane,Tailwind|||M|||50|,,,,,Ground]Archaludon||AssaultVest|Stamina|DracoMeteor,ElectroShot,BodyPress,Snarl|||M|||50|,,,,,Bug
|showteam|p2|Annihilape||Leftovers|Defiant|DrainPunch,RageFist,BulkUp,Protect|||F|||50|,,,,,Fire]Maushold-Four||SafetyGoggles|FriendGuard|FollowMe,BeatUp,Taunt,Protect||||||50|,,,,,Ghost]Incineroar||RockyHelmet|Intimidate|FakeOut,FlareBlitz,KnockOff,PartingShot|||M|||50|,,,,,Grass]Ninetales-Alola||FocusSash|SnowWarning|Blizzard,FreezeDry,Encore,Protect|||M|||50|,,,,,Ghost]Ursaluna-Bloodmoon||AssaultVest|MindsEye|EarthPower,BloodMoon,HyperVoice,VacuumWave|||M|||50|,,,,,Water]Sinistcha||SitrusBerry|Hospitality|MatchaGotcha,RagePowder,LifeDew,TrickRoom||||||50|,,,,,Dark
|inactive|Battle timer is ON: inactive players will automatically lose when time's up. (requested by dubbies)
|inactive|davirru5 also wants the timer to be on.
|inactive|dubbies has 60 seconds left.
|
|t:|1756650642
|teamsize|p1|4
|teamsize|p2|4
|start
|switch|p1a: Gholdengo|Gholdengo, L50|100/100
|switch|p1b: Pelipper|Pelipper, L50, M, shiny|100/100
|switch|p2a: Maushold|Maushold-Four, L50|100/100
|switch|p2b: Annihilape|Annihilape, L50, F|100/100
|-weather|RainDance|[from] ability: Drizzle|[of] p1b: Pelipper
|turn|1
|
|t:|1756650658
|switch|p2a: Ninetales|Ninetales-Alola, L50, M|100/100
|-weather|Snowscape|[from] ability: Snow Warning|[of] p2a: Ninetales
|-terastallize|p2b: Annihilape|Fire
|move|p1a: Gholdengo|Make It Rain|p2a: Ninetales|[spread] p2a,p2b
|-supereffective|p2a: Ninetales
|-resisted|p2b: Annihilape
|-enditem|p2a: Ninetales|Focus Sash
|-damage|p2a: Ninetales|1/100
|-damage|p2b: Annihilape|75/100
|-unboost|p1a: Gholdengo|spa|1
|-damage|p1a: Gholdengo|91/100|[from] item: Life Orb
|move|p2b: Annihilape|Bulk Up|p2b: Annihilape
|-boost|p2b: Annihilape|atk|1
|-boost|p2b: Annihilape|def|1
|move|p1b: Pelipper|Hurricane|p2b: Annihilape
|-crit|p2b: Annihilape
|-damage|p2b: Annihilape|15/100
|
|-weather|Snowscape|[upkeep]
|-heal|p2b: Annihilape|22/100|[from] item: Leftovers
|upkeep
|turn|2
|inactive|dubbies has 30 seconds left.
|inactive|davirru5 has 30 seconds left.
|inactive|dubbies has 20 seconds left.
|
|t:|1756650694
|move|p1b: Pelipper|Protect|p1b: Pelipper
|-singleturn|p1b: Pelipper|Protect
|move|p2a: Ninetales|Freeze-Dry|p1b: Pelipper
|-activate|p1b: Pelipper|move: Protect
|move|p1a: Gholdengo|Make It Rain|p2b: Annihilape|[spread] p2a,p2b
|-supereffective|p2a: Ninetales
|-resisted|p2b: Annihilape
|-damage|p2a: Ninetales|0 fnt
|-damage|p2b: Annihilape|4/100
|-unboost|p1a: Gholdengo|spa|1
|faint|p2a: Ninetales
|-damage|p1a: Gholdengo|82/100|[from] item: Life Orb
|move|p2b: Annihilape|Drain Punch|p1b: Pelipper
|-activate|p1b: Pelipper|move: Protect
|
|-weather|Snowscape|[upkeep]
|-heal|p2b: Annihilape|11/100|[from] item: Leftovers
|upkeep
|
|t:|1756650699
|switch|p2a: Maushold|Maushold-Four, L50|100/100
|turn|3
|
|t:|1756650707
|switch|p1a: Maushold|Maushold, L50, shiny|100/100
|move|p2a: Maushold|Beat Up|p1b: Pelipper
|-damage|p1b: Pelipper|98/100
|-damage|p1b: Pelipper|95/100
|-damage|p1b: Pelipper|92/100
|-hitcount|p1b: Pelipper|3
|move|p2b: Annihilape|Rage Fist|p1b: Pelipper
|-damage|p1b: Pelipper|0 fnt
|faint|p1b: Pelipper
|
|-weather|Snowscape|[upkeep]
|-heal|p2b: Annihilape|17/100|[from] item: Leftovers
|upkeep
|
|t:|1756650725
|switch|p1b: Archaludon|Archaludon, L50, M, shiny|100/100
|turn|4
|
|t:|1756650744
|-terastallize|p1a: Maushold|Ghost
|move|p2b: Annihilape|Protect|p2b: Annihilape
|-singleturn|p2b: Annihilape|Protect
|move|p1a: Maushold|Follow Me|p1a: Maushold
|-singleturn|p1a: Maushold|move: Follow Me
|move|p2a: Maushold|Taunt|p1a: Maushold
|-start|p1a: Maushold|move: Taunt
|move|p1b: Archaludon|Body Press|p2b: Annihilape
|-activate|p2b: Annihilape|move: Protect
|
|-weather|Snowscape|[upkeep]
|-heal|p2b: Annihilape|23/100|[from] item: Leftovers
|upkeep
|turn|5
|inactive|davirru5 has 30 seconds left.
|
|t:|1756650772
|move|p2a: Maushold|Follow Me|p2a: Maushold
|-singleturn|p2a: Maushold|move: Follow Me
|move|p1a: Maushold|Super Fang|p2a: Maushold
|-damage|p2a: Maushold|51/100
|move|p1b: Archaludon|Draco Meteor|p2a: Maushold
|-damage|p2a: Maushold|0 fnt
|-unboost|p1b: Archaludon|spa|2
|faint|p2a: Maushold
|move|p2b: Annihilape|Drain Punch|p1b: Archaludon
|-supereffective|p1b: Archaludon
|-damage|p1b: Archaludon|46/100
|-heal|p2b: Annihilape|47/100|[from] drain|[of] p1b: Archaludon
|-ability|p1b: Archaludon|Stamina|boost
|-boost|p1b: Archaludon|def|1
|
|-weather|none
|-heal|p2b: Annihilape|53/100|[from] item: Leftovers
|upkeep
|
|t:|1756650778
|switch|p2a: Ursaluna|Ursaluna-Bloodmoon, L50, M|100/100
|turn|6
|
|t:|1756650799
|move|p1a: Maushold|Super Fang|p2a: Ursaluna|[miss]
|-miss|p1a: Maushold|p2a: Ursaluna
|move|p1b: Archaludon|Body Press|p2a: Ursaluna
|-supereffective|p2a: Ursaluna
|-damage|p2a: Ursaluna|45/100
|move|p2b: Annihilape|Rage Fist|p1a: Maushold
|-supereffective|p1a: Maushold
|-crit|p1a: Maushold
|-damage|p1a: Maushold|0 fnt
|faint|p1a: Maushold
|move|p2a: Ursaluna|Earth Power|p1b: Archaludon
|-supereffective|p1b: Archaludon
|-damage|p1b: Archaludon|0 fnt
|faint|p1b: Archaludon
|
|-heal|p2b: Annihilape|60/100|[from] item: Leftovers
|upkeep
|
|t:|1756650806
|switch|p1b: Gholdengo|Gholdengo, L50|82/100
|turn|7
|
|t:|1756650826
|move|p1b: Gholdengo|Make It Rain|p2b: Annihilape|[spread] p2a,p2b
|-resisted|p2b: Annihilape
|-damage|p2a: Ursaluna|0 fnt
|-damage|p2b: Annihilape|33/100
|-unboost|p1b: Gholdengo|spa|1
|faint|p2a: Ursaluna
|-damage|p1b: Gholdengo|72/100|[from] item: Life Orb
|move|p2b: Annihilape|Rage Fist|p1b: Gholdengo
|-supereffective|p1b: Gholdengo
|-damage|p1b: Gholdengo|0 fnt
|faint|p1b: Gholdengo
|
|win|davirru5
|raw|dubbies's rating: 1072 → 1055(-17 for losing)
|raw|davirru5's rating: 1136 → 1156(+20 for winning)
|c|☆dubbies|ggs
