|j|☆palle synchro
|j|☆greenwolf0808
|html|palle synchrogreenwolf0808    
|uhtml|bestof|Game 2 of a best-of-3
|t:|1783375331
|gametype|doubles
|player|p1|palle synchro|volkner|1192
|player|p2|greenwolf0808|skier|1179
|gen|9
|tier|[Gen 9 Champions] VGC 2026 Reg M-B (Bo3)
|rated|
|rule|Species Clause: Limit one of each Pokémon
|rule|Item Clause: Limit 1 of each item
|clearpoke
|poke|p1|Swampert, L50, F|
|poke|p1|Pelipper, L50, F|
|poke|p1|Archaludon, L50, F|
|poke|p1|Venusaur, L50, F|
|poke|p1|Maushold-Four, L50|
|poke|p1|Gholdengo, L50|
|poke|p2|Pelipper, L50, F|
|poke|p2|Archaludon, L50, F|
|poke|p2|Swampert, L50, M|
|poke|p2|Sinistcha, L50|
|poke|p2|Metagross, L50|
|poke|p2|Grimmsnarl, L50, M|
|teampreview|4
|showteam|p1|Swampert||Swampertite|Torrent|WaveCrash,HighHorsepower,IcePunch,Protect|Adamant||F|||50|]Pelipper||SitrusBerry|Drizzle|WeatherBall,Hurricane,Tailwind,WideGuard|Modest||F|||50|]Archaludon||Leftovers|Stamina|ElectroShot,DragonPulse,FlashCannon,Protect|Calm||F|||50|]Venusaur||Venusaurite|Chlorophyll|GigaDrain,EarthPower,SludgeBomb,Protect|Modest||F|||50|]Maushold-Four||FocusSash|FriendGuard|FollowMe,SuperFang,RainDance,Protect|Timid|||||50|]Gholdengo||LifeOrb|GoodasGold|MakeItRain,ShadowBall,NastyPlot,Protect|Modest|||||50|
|showteam|p2|Pelipper||SitrusBerry|Drizzle|Hurricane,Tailwind,WideGuard,WeatherBall|Timid||F|||50|]Archaludon||Leftovers|Stamina|ElectroShot,FlashCannon,Protect,DragonPulse|Modest||F|||50|]Swampert||Swampertite|Damp|IcePunch,WaveCrash,Protect,HighHorsepower|Adamant||M|||50|]Sinistcha||CobaBerry|Hospitality|TrickRoom,Protect,MatchaGotcha,RagePowder|Relaxed|||||50|]Metagross||Metagrossite|ClearBody|IronHead,PsychicFangs,BodyPress,Protect|Jolly|||||50|]Grimmsnarl||LightClay|Prankster|PartingShot,FoulPlay,LightScreen,Reflect|Calm||M|||50|
|inactive|Battle timer is ON: inactive players will automatically lose when time's up. (requested by palle synchro)
|inactive|palle synchro has 60 seconds left.
|inactive|greenwolf0808 has 60 seconds left.
|
|t:|1783375386
|teamsize|p1|4
|teamsize|p2|4
|start
|switch|p1a: Gold&go|Gholdengo, L50|100/100
|switch|p1b: Maushold|Maushold-Four, L50|100/100
|switch|p2a: Metagross|Metagross, L50|100/100
|switch|p2b: Grimmsnarl|Grimmsnarl, L50, M|100/100
|turn|1
|
|t:|1783375404
|detailschange|p2a: Metagross|Metagross-Mega, L50
|-mega|p2a: Metagross|Metagross|Metagrossite
|move|p1b: Maushold|Protect|p1b: Maushold
|-singleturn|p1b: Maushold|Protect
|move|p2a: Metagross|Body Press|p1b: Maushold
|-activate|p1b: Maushold|move: Protect
|move|p1a: Gold&go|Nasty Plot|p1a: Gold&go
|-boost|p1a: Gold&go|spa|2
|move|p2b: Grimmsnarl|Foul Play|p1a: Gold&go
|-supereffective|p1a: Gold&go|1
|-damage|p1a: Gold&go|69/100
|
|upkeep
|turn|2
|
|t:|1783375424
|switch|p2a: Archaludon|Archaludon, L50, F|100/100
|move|p1b: Maushold|Follow Me|p1b: Maushold
|-singleturn|p1b: Maushold|move: Follow Me
|move|p2b: Grimmsnarl|Light Screen|p2b: Grimmsnarl
|-sidestart|p2: greenwolf0808|move: Light Screen
|move|p1a: Gold&go|Shadow Ball|p2a: Archaludon
|-damage|p2a: Archaludon|33/100
|-ability|p2a: Archaludon|Stamina|boost
|-boost|p2a: Archaludon|def|1
|-damage|p1a: Gold&go|60/100|[from] item: Life Orb
|
|-heal|p2a: Archaludon|39/100|[from] item: Leftovers
|upkeep
|turn|3
|
|t:|1783375443
|switch|p2b: Sinistcha|Sinistcha, L50|100/100
|-heal|p2a: Archaludon|64/100|[from] ability: Hospitality|[of] p2b: Sinistcha
|move|p2a: Archaludon|Protect|p2a: Archaludon
|-singleturn|p2a: Archaludon|Protect
|move|p1b: Maushold|Super Fang|p2b: Sinistcha
|-immune|p2b: Sinistcha
|move|p1a: Gold&go|Make It Rain|p2b: Sinistcha|[spread] p2b
|-activate|p2a: Archaludon|move: Protect
|-damage|p2b: Sinistcha|26/100
|-unboost|p1a: Gold&go|spa|2
|-damage|p1a: Gold&go|50/100g|[from] item: Life Orb
|
|-heal|p2a: Archaludon|70/100|[from] item: Leftovers
|upkeep
|turn|4
|
|t:|1783375464
|move|p1b: Maushold|Protect|p1b: Maushold
|-singleturn|p1b: Maushold|Protect
|move|p1a: Gold&go|Nasty Plot|p1a: Gold&go
|-boost|p1a: Gold&go|spa|2
|move|p2a: Archaludon|Dragon Pulse|p1a: Gold&go
|-resisted|p1a: Gold&go|1
|-damage|p1a: Gold&go|35/100
|move|p2b: Sinistcha|Matcha Gotcha|p1a: Gold&go|[spread] p1a
|-activate|p1b: Maushold|move: Protect
|-resisted|p1a: Gold&go|1
|-damage|p1a: Gold&go|25/100
|-heal|p2b: Sinistcha|32/100|[from] drain|[of] p1a: Gold&go
|
|-heal|p2a: Archaludon|76/100|[from] item: Leftovers
|upkeep
|turn|5
|
|t:|1783375485
|move|p2a: Archaludon|Protect|p2a: Archaludon
|-singleturn|p2a: Archaludon|Protect
|move|p2b: Sinistcha|Protect|p2b: Sinistcha
|-singleturn|p2b: Sinistcha|Protect
|move|p1b: Maushold|Follow Me|p1b: Maushold
|-singleturn|p1b: Maushold|move: Follow Me
|move|p1a: Gold&go|Shadow Ball|p2b: Sinistcha
|-activate|p2b: Sinistcha|move: Protect
|
|-heal|p2a: Archaludon|82/100|[from] item: Leftovers
|upkeep
|turn|6
|
|t:|1783375508
|switch|p2b: Grimmsnarl|Grimmsnarl, L50, M|100/100
|move|p1b: Maushold|Super Fang|p2a: Archaludon
|-damage|p2a: Archaludon|41/100
|-ability|p2a: Archaludon|Stamina|boost
|-boost|p2a: Archaludon|def|1
|move|p1a: Gold&go|Make It Rain|p2a: Archaludon|[spread] p2a,p2b
|-resisted|p2a: Archaludon|1
|-supereffective|p2b: Grimmsnarl|1
|-damage|p2a: Archaludon|3/100
|-damage|p2b: Grimmsnarl|0 fnt
|-unboost|p1a: Gold&go|spa|2
|-ability|p2a: Archaludon|Stamina|boost
|-boost|p2a: Archaludon|def|1
|faint|p2b: Grimmsnarl
|-damage|p1a: Gold&go|16/100|[from] item: Life Orb
|move|p2a: Archaludon|Flash Cannon|p1a: Gold&go
|-resisted|p1a: Gold&go|1
|-damage|p1a: Gold&go|1/100
|
|-heal|p2a: Archaludon|9/100|[from] item: Leftovers
|upkeep
|
|t:|1783375527
|switch|p2b: Sinistcha|Sinistcha, L50|32/100
|-heal|p2a: Archaludon|34/100|[from] ability: Hospitality|[of] p2b: Sinistcha
|turn|7
|
|t:|1783375537
|move|p1b: Maushold|Super Fang|p2a: Archaludon
|-damage|p2a: Archaludon|17/100
|-ability|p2a: Archaludon|Stamina|boost
|-boost|p2a: Archaludon|def|1
|move|p1a: Gold&go|Shadow Ball|p2a: Archaludon
|-damage|p2a: Archaludon|0 fnt
|faint|p2a: Archaludon
|-damage|p1a: Gold&go|0 fnt|[from] item: Life Orb
|faint|p1a: Gold&go
|move|p2b: Sinistcha|Matcha Gotcha|p1b: Maushold
|-damage|p1b: Maushold|56/100
|-heal|p2b: Sinistcha|54/100|[from] drain|[of] p1b: Maushold
|
|upkeep
|
|t:|1783375550
|switch|p1a: Archaludon|Archaludon, L50, F|100/100
|switch|p2a: Metagross|Metagross-Mega, L50|100/100
|turn|8
|inactive|palle synchro has 30 seconds left.
|
|t:|1783375576
|move|p2b: Sinistcha|Rage Powder|p2b: Sinistcha
|-singleturn|p2b: Sinistcha|move: Rage Powder
|move|p1b: Maushold|Rain Dance|p1b: Maushold
|-weather|RainDance
|move|p2a: Metagross|Body Press|p1b: Maushold
|-supereffective|p1b: Maushold|1
|-damage|p1b: Maushold|0 fnt
|faint|p1b: Maushold
|move|p1a: Archaludon|Electro Shot||[still]
|-prepare|p1a: Archaludon|Electro Shot
|-boost|p1a: Archaludon|spa|1
|-anim|p1a: Archaludon|Electro Shot|p2b: Sinistcha
|-resisted|p2b: Sinistcha|1
|-damage|p2b: Sinistcha|36/100
|
|-weather|RainDance|[upkeep]
|upkeep
|
|t:|1783375582
|switch|p1b: Venusaur|Venusaur, L50, F|100/100
|turn|9
|
|t:|1783375593
|detailschange|p1b: Venusaur|Venusaur-Mega, L50, F
|-mega|p1b: Venusaur|Venusaur|Venusaurite
|move|p2a: Metagross|Protect|p2a: Metagross
|-singleturn|p2a: Metagross|Protect
|move|p1b: Venusaur|Protect|p1b: Venusaur
|-singleturn|p1b: Venusaur|Protect
|move|p1a: Archaludon|Dragon Pulse|p2b: Sinistcha
|-damage|p2b: Sinistcha|4/100
|move|p2b: Sinistcha|Matcha Gotcha|p1b: Venusaur|[spread] p1a
|-activate|p1b: Venusaur|move: Protect
|-resisted|p1a: Archaludon|2
|-damage|p1a: Archaludon|94/100
|-heal|p2b: Sinistcha|7/100|[from] drain|[of] p1a: Archaludon
|-ability|p1a: Archaludon|Stamina|boost
|-boost|p1a: Archaludon|def|1
|
|-weather|RainDance|[upkeep]
|-heal|p1a: Archaludon|100/100|[from] item: Leftovers
|-sideend|p2: greenwolf0808|move: Light Screen
|upkeep
|turn|10
|-message|greenwolf0808 forfeited.
|
|win|palle synchro
|raw|palle synchro's rating: 1192 → 1216(+24 for winning)
|raw|greenwolf0808's rating: 1179 → 1155(-24 for losing)
|l|☆greenwolf0808
|player|p2|
