|j|☆Chaos16
|j|☆dragonite fraude
|html|Chaos16dragonite fraude    
|uhtml|bestof|Game 1 of a best-of-3
|t:|1757931717
|gametype|doubles
|player|p1|Chaos16|skyla|1171
|player|p2|dragonite fraude|1|1192
|gen|9
|tier|[Gen 9] VGC 2025 Reg H (Bo3)
|rated|
|rule|Species Clause: Limit one of each Pokémon
|rule|Item Clause: Limit 1 of each item
|clearpoke
|poke|p1|Ursaluna-Bloodmoon, L50, M|
|poke|p1|Farigiraf, L50, M|
|poke|p1|Sneasler, L50, M|
|poke|p1|Whimsicott, L50, M|
|poke|p1|Annihilape, L50, M|
|poke|p1|Incineroar, L50, F|
|poke|p2|Maushold-Four, L50|
|poke|p2|Gholdengo, L50|
|poke|p2|Dragonite, L50, M|
|poke|p2|Annihilape, L50, M|
|poke|p2|Rillaboom, L50, M|
|poke|p2|Ursaluna-Bloodmoon, L50, M|
|teampreview|4
|showteam|p1|Ursaluna-Bloodmoon||ThroatSpray|MindsEye|Protect,HyperVoice,BloodMoon,EarthPower|||M|||50|,,,,,Normal]Farigiraf||SitrusBerry|ArmorTail|TrickRoom,Psychic,Protect,HelpingHand|||M|||50|,,,,,Grass]Sneasler||NormalGem|Unburden|FakeOut,DireClaw,CloseCombat,Protect|||M|||50|,,,,,Dark]Whimsicott||FocusSash|Prankster|Tailwind,Encore,Moonblast,Taunt|||M|||50|,,,,,Steel]Annihilape||Leftovers|Defiant|RageFist,DrainPunch,BulkUp,Protect|||M|||50|,,,,,Water]Incineroar||SafetyGoggles|Intimidate|FakeOut,FlareBlitz,KnockOff,PartingShot|||F|||50|,,,,,Ghost
|showteam|p2|Maushold-Four||FocusSash|FriendGuard|SuperFang,BeatUp,FollowMe,Protect||||||50|,,,,,Ghost]Gholdengo||LifeOrb|GoodasGold|MakeItRain,ShadowBall,NastyPlot,Protect||||||50|,,,,,Water]Dragonite||LoadedDice|Multiscale|ScaleShot,Tailwind,Haze,Protect|||M|||50|,,,,,Fairy]Annihilape||SitrusBerry|Defiant|DrainPunch,RageFist,BulkUp,Protect|||M|||50|,,,,,Fire]Rillaboom||MiracleSeed|GrassySurge|WoodHammer,GrassyGlide,HighHorsepower,FakeOut|||M|||50|,,,,,Fire]Ursaluna-Bloodmoon||AssaultVest|MindsEye|BloodMoon,EarthPower,HyperVoice,VacuumWave|||M|||50|,,,,,Water
|inactive|Battle timer is ON: inactive players will automatically lose when time's up. (requested by dragonite fraude)
|
|t:|1757931751
|teamsize|p1|4
|teamsize|p2|4
|start
|switch|p1a: Farigiraf|Farigiraf, L50, M, shiny|100/100
|switch|p1b: Ursaluna|Ursaluna-Bloodmoon, L50, M|100/100
|switch|p2a: Maushold|Maushold-Four, L50|100/100
|switch|p2b: Ursaluna|Ursaluna-Bloodmoon, L50, M|100/100
|turn|1
|inactive|Chaos16 has 30 seconds left.
|inactive|dragonite fraude has 30 seconds left.
|
|t:|1757931786
|move|p2a: Maushold|Super Fang|p1a: Farigiraf
|-damage|p1a: Farigiraf|51/100
|move|p2b: Ursaluna|Blood Moon|p1b: Ursaluna
|-damage|p1b: Ursaluna|1/100
|move|p1b: Ursaluna|Hyper Voice|p2b: Ursaluna|[spread] p2a,p2b
|-damage|p2a: Maushold|51/100
|-damage|p2b: Ursaluna|80/100
|-enditem|p1b: Ursaluna|Throat Spray
|-boost|p1b: Ursaluna|spa|1|[from] item: Throat Spray
|move|p1a: Farigiraf|Trick Room|p1a: Farigiraf
|-fieldstart|move: Trick Room|[of] p1a: Farigiraf
|
|upkeep
|turn|2
|inactive|Chaos16 has 30 seconds left.
|
|t:|1757931815
|-terastallize|p1b: Ursaluna|Normal
|move|p1a: Farigiraf|Helping Hand|p1b: Ursaluna
|-singleturn|p1b: Ursaluna|Helping Hand|[of] p1a: Farigiraf
|move|p2a: Maushold|Protect|p2a: Maushold
|-singleturn|p2a: Maushold|Protect
|move|p1b: Ursaluna|Hyper Voice|p2a: Maushold|[spread] p2b
|-activate|p2a: Maushold|move: Protect
|-damage|p2b: Ursaluna|24/100
|move|p2b: Ursaluna|Hyper Voice|p1b: Ursaluna|[spread] p1a,p1b
|-damage|p1a: Farigiraf|24/100
|-damage|p1b: Ursaluna|0 fnt
|-enditem|p1a: Farigiraf|Sitrus Berry|[eat]
|-heal|p1a: Farigiraf|49/100|[from] item: Sitrus Berry
|faint|p1b: Ursaluna
|
|upkeep
|
|t:|1757931837
|switch|p1b: Incineroar|Incineroar, L50, F, shiny|100/100
|-ability|p1b: Incineroar|Intimidate|boost
|-unboost|p2a: Maushold|atk|1
|-unboost|p2b: Ursaluna|atk|1
|turn|3
|
|t:|1757931850
|move|p1b: Incineroar|Fake Out|p2b: Ursaluna
|-damage|p2b: Ursaluna|18/100
|move|p2a: Maushold|Follow Me|p2a: Maushold
|-singleturn|p2a: Maushold|move: Follow Me
|move|p1a: Farigiraf|Psychic|p2a: Maushold
|-damage|p2a: Maushold|11/100
|-unboost|p2a: Maushold|spd|1
|cant|p2b: Ursaluna|flinch
|
|upkeep
|turn|4
|inactive|Chaos16 has 30 seconds left.
|
|t:|1757931885
|move|p2a: Maushold|Follow Me|p2a: Maushold
|-singleturn|p2a: Maushold|move: Follow Me
|move|p1a: Farigiraf|Psychic|p2a: Maushold
|-damage|p2a: Maushold|0 fnt
|faint|p2a: Maushold
|move|p1b: Incineroar|Flare Blitz|p2b: Ursaluna
|-damage|p2b: Ursaluna|0 fnt
|faint|p2b: Ursaluna
|-damage|p1b: Incineroar|94/100|[from] Recoil
|
|upkeep
|
|t:|1757931894
|switch|p2b: Gholdengo|Gholdengo, L50|100/100
|switch|p2a: Dragonite|Dragonite, L50, M|100/100
|turn|5
|
|t:|1757931916
|move|p2a: Dragonite|Protect|p2a: Dragonite
|-singleturn|p2a: Dragonite|Protect
|move|p2b: Gholdengo|Protect|p2b: Gholdengo
|-singleturn|p2b: Gholdengo|Protect
|move|p1a: Farigiraf|Psychic|p2a: Dragonite
|-activate|p2a: Dragonite|move: Protect
|move|p1b: Incineroar|Knock Off|p2b: Gholdengo
|-activate|p2b: Gholdengo|move: Protect
|
|-fieldend|move: Trick Room
|upkeep
|turn|6
|inactive|Chaos16 has 30 seconds left.
|
|t:|1757931949
|switch|p1b: Annihilape|Annihilape, L50, M|100/100
|-terastallize|p2b: Gholdengo|Water
|move|p2b: Gholdengo|Make It Rain|p1a: Farigiraf|[spread] p1a,p1b
|-damage|p1a: Farigiraf|12/100
|-damage|p1b: Annihilape|57/100
|-unboost|p2b: Gholdengo|spa|1
|-damage|p2b: Gholdengo|91/100|[from] item: Life Orb
|move|p2a: Dragonite|Scale Shot|p1a: Farigiraf
|-damage|p1a: Farigiraf|0 fnt
|faint|p1a: Farigiraf
|-hitcount|p1: Farigiraf|1
|-unboost|p2a: Dragonite|def|1
|-boost|p2a: Dragonite|spe|1
|
|-heal|p1b: Annihilape|63/100|[from] item: Leftovers
|upkeep
|
|t:|1757931965
|switch|p1a: Incineroar|Incineroar, L50, F, shiny|94/100
|-ability|p1a: Incineroar|Intimidate|boost
|-unboost|p2a: Dragonite|atk|1
|-unboost|p2b: Gholdengo|atk|1
|turn|7
|
|t:|1757931987
|move|p1a: Incineroar|Fake Out|p2a: Dragonite
|-damage|p2a: Dragonite|92/100
|cant|p2a: Dragonite|flinch
|move|p2b: Gholdengo|Shadow Ball|p1b: Annihilape
|-supereffective|p1b: Annihilape
|-damage|p1b: Annihilape|7/100
|-unboost|p1b: Annihilape|spd|1
|-ability|p1b: Annihilape|Defiant|boost
|-boost|p1b: Annihilape|atk|2
|-damage|p2b: Gholdengo|81/100|[from] item: Life Orb
|move|p1b: Annihilape|Rage Fist|p2b: Gholdengo
|-damage|p2b: Gholdengo|0 fnt
|faint|p2b: Gholdengo
|
|-heal|p1b: Annihilape|13/100|[from] item: Leftovers
|upkeep
|turn|8
|
|t:|1757932007
|move|p2a: Dragonite|Protect|p2a: Dragonite
|-singleturn|p2a: Dragonite|Protect
|move|p1b: Annihilape|Protect|p1b: Annihilape
|-singleturn|p1b: Annihilape|Protect
|move|p1a: Incineroar|Knock Off|p2a: Dragonite
|-activate|p2a: Dragonite|move: Protect
|
|-heal|p1b: Annihilape|19/100|[from] item: Leftovers
|upkeep
|turn|9
|
|t:|1757932017
|move|p2a: Dragonite|Scale Shot|p1b: Annihilape
|-damage|p1b: Annihilape|10/100
|-crit|p1b: Annihilape
|-damage|p1b: Annihilape|0 fnt
|faint|p1b: Annihilape
|-hitcount|p1: Annihilape|2
|-unboost|p2a: Dragonite|def|1
|-boost|p2a: Dragonite|spe|1
|move|p1a: Incineroar|Knock Off|p2a: Dragonite
|-damage|p2a: Dragonite|0 fnt
|-enditem|p2a: Dragonite|Loaded Dice|[from] move: Knock Off|[of] p1a: Incineroar
|faint|p2a: Dragonite
|
|win|Chaos16
||dragonite fraude is ready for game 2.
||Chaos16 is ready for game 2.
|uhtml|next|Next: Game 2 of 3
|l|☆Chaos16
|player|p1|
