|j|☆ShadowOfAMan
|j|☆Shalude
|html|ShadowOfAManShalude    
|uhtml|bestof|Game 1 of a best-of-3
|t:|1756811154
|gametype|doubles
|player|p1|ShadowOfAMan|elio-usum|1193
|player|p2|Shalude|bugcatcher-gen4dp|1175
|gen|9
|tier|[Gen 9] VGC 2025 Reg H (Bo3)
|rated|
|rule|Species Clause: Limit one of each Pokémon
|rule|Item Clause: Limit 1 of each item
|clearpoke
|poke|p1|Politoed, L50, F|
|poke|p1|Gothitelle, L50, M|
|poke|p1|Archaludon, L50, F|
|poke|p1|Incineroar, L50, F|
|poke|p1|Amoonguss, L50, F|
|poke|p1|Kingdra, L50, F|
|poke|p2|Rillaboom, L50, M|
|poke|p2|Gholdengo, L50|
|poke|p2|Incineroar, L50, F|
|poke|p2|Annihilape, L50, M|
|poke|p2|Tyranitar, L50, F|
|poke|p2|Electabuzz, L50, M|
|teampreview|4
|showteam|p1|Politoed||Leftovers|Drizzle|WeatherBall,Encore,PerishSong,Protect|||F|||50|,,,,,Grass]Gothitelle||SitrusBerry|ShadowTag|FakeOut,Psychic,TrickRoom,Protect|||M|||50|,,,,,Dark]Archaludon||PowerHerb|Sturdy|ElectroShot,DragonPulse,FlashCannon,Protect|||F|||50|,,,,,Electric]Incineroar||SafetyGoggles|Intimidate|FakeOut,PartingShot,KnockOff,Protect|||F|||50|,,,,,Ghost]Amoonguss||EjectButton|Regenerator|PollenPuff,Spore,RagePowder,Protect|||F|||50|,,,,,Fairy]Kingdra||LifeOrb|SwiftSwim|MuddyWater,WeatherBall,DracoMeteor,Protect|||F|||50|,,,,,Stellar
|showteam|p2|Rillaboom||AssaultVest|GrassySurge|GrassyGlide,WoodHammer,FakeOut,Uturn|||M|||50|,,,,,Fire]Gholdengo||GrassySeed|GoodasGold|MakeItRain,ShadowBall,NastyPlot,Protect||||||50|,,,,,Water]Incineroar||SitrusBerry|Intimidate|FakeOut,KnockOff,FlareBlitz,PartingShot|||F|||50|,,,,,Ghost]Annihilape||ChoiceScarf|Defiant|RageFist,FinalGambit,CloseCombat,Coaching|||M|||50|,,,,,Stellar]Tyranitar||ChoiceBand|SandStream|TeraBlast,RockSlide,KnockOff,LowKick|||F|||50|,,,,,Flying]Electabuzz||Eviolite|VitalSpirit|FollowMe,Protect,Taunt,Electroweb|||M|||50|,,,,,Ghost
|inactive|Battle timer is ON: inactive players will automatically lose when time's up. (requested by Shalude)
|inactive|ShadowOfAMan has 60 seconds left.
|inactive|Shalude has 60 seconds left.
|inactive|ShadowOfAMan has 30 seconds left.
|inactive|Shalude has 30 seconds left.
|inactive|Shalude has 20 seconds left.
|inactive|Shalude has 15 seconds left.
|inactive|Shalude has 10 seconds left.
|
|t:|1756811240
|teamsize|p1|4
|teamsize|p2|4
|start
|switch|p1a: Amoonguss|Amoonguss, L50, F|100/100
|switch|p1b: Nizo|Incineroar, L50, F|100/100
|switch|p2a: Annihilape|Annihilape, L50, M, shiny|100/100
|switch|p2b: Gholdengo|Gholdengo, L50|100/100
|-ability|p1b: Nizo|Intimidate|boost
|-unboost|p2a: Annihilape|atk|1
|-ability|p2a: Annihilape|Defiant|boost
|-boost|p2a: Annihilape|atk|2
|-unboost|p2b: Gholdengo|atk|1
|turn|1
|inactive|ShadowOfAMan has 30 seconds left.
|inactive|Shalude has 30 seconds left.
|
|t:|1756811269
|move|p1a: Amoonguss|Rage Powder|p1a: Amoonguss
|-singleturn|p1a: Amoonguss|move: Rage Powder
|move|p2a: Annihilape|Close Combat|p1a: Amoonguss
|-resisted|p1a: Amoonguss
|-damage|p1a: Amoonguss|71/100
|-unboost|p2a: Annihilape|def|1
|-unboost|p2a: Annihilape|spd|1
|-enditem|p1a: Amoonguss|Eject Button
|
|t:|1756811284
|switch|p1a: Politoed|Politoed, L50, F|100/100
|-weather|RainDance|[from] ability: Drizzle|[of] p1a: Politoed
|move|p2b: Gholdengo|Nasty Plot|p2b: Gholdengo
|-boost|p2b: Gholdengo|spa|2
|move|p1b: Nizo|Knock Off|p2b: Gholdengo
|-supereffective|p2b: Gholdengo
|-damage|p2b: Gholdengo|28/100
|-enditem|p2b: Gholdengo|Grassy Seed|[from] move: Knock Off|[of] p1b: Nizo
|
|-weather|RainDance|[upkeep]
|upkeep
|turn|2
|inactive|ShadowOfAMan has 30 seconds left.
|inactive|ShadowOfAMan has 20 seconds left.
|inactive|ShadowOfAMan has 15 seconds left.
|inactive|ShadowOfAMan has 10 seconds left.
|
|t:|1756811334
|switch|p1a: Amoonguss|Amoonguss, L50, F|100/100
|-terastallize|p1b: Nizo|Ghost
|move|p2a: Annihilape|Close Combat|p1a: Amoonguss
|-resisted|p1a: Amoonguss
|-damage|p1a: Amoonguss|72/100
|-unboost|p2a: Annihilape|def|1
|-unboost|p2a: Annihilape|spd|1
|move|p2b: Gholdengo|Shadow Ball|p1a: Amoonguss
|-damage|p1a: Amoonguss|5/100
|-unboost|p1a: Amoonguss|spd|1
|move|p1b: Nizo|Knock Off|p2b: Gholdengo
|-supereffective|p2b: Gholdengo
|-damage|p2b: Gholdengo|0 fnt
|faint|p2b: Gholdengo
|
|-weather|RainDance|[upkeep]
|upkeep
|
|t:|1756811348
|switch|p2b: Tyranitar|Tyranitar, L50, F, shiny|100/100
|-weather|Sandstorm|[from] ability: Sand Stream|[of] p2b: Tyranitar
|turn|3
|
|t:|1756811365
|switch|p1a: Gothitelle|Gothitelle, L50, M|100/100
|move|p2a: Annihilape|Close Combat|p1a: Gothitelle
|-resisted|p1a: Gothitelle
|-crit|p1a: Gothitelle
|-damage|p1a: Gothitelle|48/100
|-unboost|p2a: Annihilape|def|1
|-unboost|p2a: Annihilape|spd|1
|-enditem|p1a: Gothitelle|Sitrus Berry|[eat]
|-heal|p1a: Gothitelle|73/100|[from] item: Sitrus Berry
|move|p2b: Tyranitar|Knock Off|p1b: Nizo
|-supereffective|p1b: Nizo
|-damage|p1b: Nizo|0 fnt
|-enditem|p1b: Nizo|Safety Goggles|[from] move: Knock Off|[of] p2b: Tyranitar
|faint|p1b: Nizo
|
|-weather|Sandstorm|[upkeep]
|-damage|p2a: Annihilape|95/100|[from] Sandstorm
|-damage|p1a: Gothitelle|67/100|[from] Sandstorm
|upkeep
|
|t:|1756811376
|switch|p1b: Politoed|Politoed, L50, F|100/100
|-weather|RainDance|[from] ability: Drizzle|[of] p1b: Politoed
|turn|4
|
|t:|1756811391
|-terastallize|p2a: Annihilape|Stellar
|move|p1a: Gothitelle|Fake Out|p2b: Tyranitar
|-resisted|p2b: Tyranitar
|-damage|p2b: Tyranitar|98/100
|move|p2a: Annihilape|Close Combat|p1b: Politoed
|-damage|p1b: Politoed|0 fnt
|-unboost|p2a: Annihilape|def|1
|-unboost|p2a: Annihilape|spd|1
|faint|p1b: Politoed
|cant|p2b: Tyranitar|flinch
|
|-weather|RainDance|[upkeep]
|upkeep
|
|t:|1756811397
|switch|p1b: Amoonguss|Amoonguss, L50, F|38/100
|turn|5
|-message|ShadowOfAMan forfeited.
|
|win|Shalude
||Shalude is ready for game 2.
||ShadowOfAMan is ready for game 2.
|uhtml|next|Next: Game 2 of 3
|l|☆Shalude
|player|p2|
