|j|☆pfedd
|j|☆FoodiniVGC
|html|pfeddFoodiniVGC    
|uhtml|bestof|Game 1 of a best-of-3
|t:|1757128965
|gametype|doubles
|player|p1|pfedd|benga|1141
|player|p2|FoodiniVGC|169|1120
|gen|9
|tier|[Gen 9] VGC 2025 Reg H (Bo3)
|rated|
|rule|Species Clause: Limit one of each Pokémon
|rule|Item Clause: Limit 1 of each item
|clearpoke
|poke|p1|Indeedee, L50, M|
|poke|p1|Archaludon, L50, F|
|poke|p1|Amoonguss, L50, F|
|poke|p1|Pelipper, L50, F|
|poke|p1|Sneasler, L50, F|
|poke|p1|Gholdengo, L50|
|poke|p2|Amoonguss, L50, F|
|poke|p2|Sneasler, L50, F|
|poke|p2|Gholdengo, L50|
|poke|p2|Incineroar, L50, M|
|poke|p2|Ursaluna-Bloodmoon, L50, M|
|poke|p2|Dragonite, L50, M|
|teampreview|4
|showteam|p1|Indeedee||FocusSash|PsychicSurge|ExpandingForce,TrickRoom,HelpingHand,Protect|||M|||50|,,,,,Fairy]Archaludon||AssaultVest|Stamina|ElectroShot,DracoMeteor,FlashCannon,BodyPress|||F|||50|,,,,,Steel]Amoonguss||RockyHelmet|Regenerator|Spore,RagePowder,PollenPuff,Protect|||F|||50|,,,,,Water]Pelipper||CovertCloak|Drizzle|Tailwind,Hurricane,WeatherBall,Protect|||F|||50|,,,,,Grass]Sneasler||PsychicSeed|Unburden|CloseCombat,DireClaw,ThroatChop,Protect|||F|||50|,,,,,Grass]Gholdengo||LifeOrb|GoodasGold|MakeItRain,NastyPlot,ShadowBall,Protect||||||50|,,,,,Steel
|showteam|p2|Amoonguss||SitrusBerry|Regenerator|RagePowder,Spore,PollenPuff,Protect|||F|||50|,,,,,Psychic]Sneasler||FocusSash|Unburden|Protect,DireClaw,CloseCombat,ThroatChop|||F|||50|,,,,,Stellar]Gholdengo||LifeOrb|GoodasGold|Protect,MakeItRain,ShadowBall,NastyPlot||||||50|,,,,,Water]Incineroar||SafetyGoggles|Intimidate|KnockOff,PartingShot,FlareBlitz,FakeOut|||M|||50|,,,,,Ghost]Ursaluna-Bloodmoon||AssaultVest|MindsEye|BloodMoon,EarthPower,VacuumWave,HyperVoice|||M|||50|,,,,,Water]Dragonite||LoadedDice|Multiscale|ScaleShot,Tailwind,Haze,Protect|||M|||50|,,,,,Fairy
|inactive|Battle timer is ON: inactive players will automatically lose when time's up. (requested by pfedd)
|inactive|pfedd has 60 seconds left.
|
|t:|1757129004
|teamsize|p1|4
|teamsize|p2|4
|start
|switch|p1a: Indeedee|Indeedee, L50, M|100/100
|switch|p1b: Sneasler|Sneasler, L50, F|100/100
|switch|p2a: Dragonite|Dragonite, L50, M|100/100
|switch|p2b: Gholdengo|Gholdengo, L50|100/100
|-fieldstart|move: Psychic Terrain|[from] ability: Psychic Surge|[of] p1a: Indeedee
|-enditem|p1b: Sneasler|Psychic Seed
|-boost|p1b: Sneasler|spd|1|[from] item: Psychic Seed
|turn|1
|
|t:|1757129023
|move|p2b: Gholdengo|Protect|p2b: Gholdengo
|-singleturn|p2b: Gholdengo|Protect
|move|p1b: Sneasler|Throat Chop|p2b: Gholdengo
|-activate|p2b: Gholdengo|move: Protect
|move|p2a: Dragonite|Tailwind|p2a: Dragonite
|-sidestart|p2: FoodiniVGC|move: Tailwind
|move|p1a: Indeedee|Expanding Force|p2a: Dragonite|[spread] p2a
|-activate|p2b: Gholdengo|move: Protect
|-damage|p2a: Dragonite|78/100
|
|upkeep
|turn|2
|
|t:|1757129048
|-terastallize|p2b: Gholdengo|Water
|-terastallize|p1a: Indeedee|Fairy
|move|p1b: Sneasler|Protect|p1b: Sneasler
|-singleturn|p1b: Sneasler|Protect
|move|p2b: Gholdengo|Make It Rain|p1a: Indeedee|[spread] p1a
|-activate|p1b: Sneasler|move: Protect
|-supereffective|p1a: Indeedee
|-enditem|p1a: Indeedee|Focus Sash
|-damage|p1a: Indeedee|1/100
|-unboost|p2b: Gholdengo|spa|1
|-damage|p2b: Gholdengo|91/100|[from] item: Life Orb
|move|p2a: Dragonite|Scale Shot|p1a: Indeedee
|-immune|p1a: Indeedee
|move|p1a: Indeedee|Trick Room|p1a: Indeedee
|-fieldstart|move: Trick Room|[of] p1a: Indeedee
|
|upkeep
|turn|3
|inactive|FoodiniVGC has 30 seconds left.
|
|t:|1757129075
|switch|p2a: Incineroar|Incineroar, L50, M|100/100
|-ability|p2a: Incineroar|Intimidate|boost
|-unboost|p1a: Indeedee|atk|1
|-unboost|p1b: Sneasler|atk|1
|move|p1a: Indeedee|Expanding Force|p2b: Gholdengo|[spread] p2b
|-immune|p2a: Incineroar
|-damage|p2b: Gholdengo|45/100
|move|p2b: Gholdengo|Make It Rain|p1b: Sneasler|[spread] p1a,p1b
|-supereffective|p1a: Indeedee
|-crit|p1a: Indeedee
|-damage|p1a: Indeedee|0 fnt
|-damage|p1b: Sneasler|65/100
|-unboost|p2b: Gholdengo|spa|1
|faint|p1a: Indeedee
|-damage|p2b: Gholdengo|36/100|[from] item: Life Orb
|move|p1b: Sneasler|Close Combat|p2b: Gholdengo
|-damage|p2b: Gholdengo|0 fnt
|-unboost|p1b: Sneasler|def|1
|-unboost|p1b: Sneasler|spd|1
|faint|p2b: Gholdengo
|
|upkeep
|
|t:|1757129098
|switch|p1a: Pelipper|Pelipper, L50, F|100/100
|switch|p2b: Dragonite|Dragonite, L50, M|78/100
|-weather|RainDance|[from] ability: Drizzle|[of] p1a: Pelipper
|turn|4
|
|t:|1757129115
|switch|p2a: Ursaluna|Ursaluna-Bloodmoon, L50, M|100/100
|move|p1b: Sneasler|Protect|p1b: Sneasler
|-singleturn|p1b: Sneasler|Protect
|move|p1a: Pelipper|Weather Ball|p2a: Ursaluna
|-supereffective|p2a: Ursaluna
|-damage|p2a: Ursaluna|10/100
|move|p2b: Dragonite|Scale Shot|p1b: Sneasler
|-activate|p1b: Sneasler|move: Protect
|
|-weather|RainDance|[upkeep]
|-sideend|p2: FoodiniVGC|move: Tailwind
|upkeep
|turn|5
|inactive|pfedd has 30 seconds left.
|
|t:|1757129145
|switch|p1b: Gholdengo|Gholdengo, L50|100/100
|move|p2a: Ursaluna|Blood Moon|p1a: Pelipper
|-damage|p1a: Pelipper|0 fnt
|faint|p1a: Pelipper
|move|p2b: Dragonite|Scale Shot|p1b: Gholdengo
|-resisted|p1b: Gholdengo
|-damage|p1b: Gholdengo|91/100
|-resisted|p1b: Gholdengo
|-damage|p1b: Gholdengo|83/100
|-resisted|p1b: Gholdengo
|-damage|p1b: Gholdengo|74/100
|-resisted|p1b: Gholdengo
|-damage|p1b: Gholdengo|65/100
|-hitcount|p1b: Gholdengo|4
|-unboost|p2b: Dragonite|def|1
|-boost|p2b: Dragonite|spe|1
|
|-weather|RainDance|[upkeep]
|-fieldend|move: Psychic Terrain
|upkeep
|
|t:|1757129155
|switch|p1a: Sneasler|Sneasler, L50, F|65/100
|turn|6
|
|t:|1757129175
|move|p1b: Gholdengo|Protect|p1b: Gholdengo
|-singleturn|p1b: Gholdengo|Protect
|move|p2a: Ursaluna|Hyper Voice|p1a: Sneasler|[spread] p1a
|-activate|p1b: Gholdengo|move: Protect
|-damage|p1a: Sneasler|16/100
|move|p1a: Sneasler|Close Combat|p2a: Ursaluna
|-supereffective|p2a: Ursaluna
|-damage|p2a: Ursaluna|0 fnt
|-unboost|p1a: Sneasler|def|1
|-unboost|p1a: Sneasler|spd|1
|faint|p2a: Ursaluna
|move|p2b: Dragonite|Tailwind|p2b: Dragonite
|-sidestart|p2: FoodiniVGC|move: Tailwind
|
|-weather|RainDance|[upkeep]
|-fieldend|move: Trick Room
|upkeep
|
|t:|1757129188
|switch|p2a: Incineroar|Incineroar, L50, M|100/100
|-ability|p2a: Incineroar|Intimidate|boost
|-unboost|p1a: Sneasler|atk|1
|-unboost|p1b: Gholdengo|atk|1
|turn|7
|
|t:|1757129203
|move|p2b: Dragonite|Scale Shot|p1a: Sneasler
|-damage|p1a: Sneasler|0 fnt
|faint|p1a: Sneasler
|-hitcount|p1: Sneasler|1
|-unboost|p2b: Dragonite|def|1
|-boost|p2b: Dragonite|spe|1
|move|p2a: Incineroar|Knock Off|p1b: Gholdengo
|-supereffective|p1b: Gholdengo
|-damage|p1b: Gholdengo|0 fnt
|-enditem|p1b: Gholdengo|Life Orb|[from] move: Knock Off|[of] p2a: Incineroar
|faint|p1b: Gholdengo
|
|win|FoodiniVGC
||pfedd is ready for game 2.
||FoodiniVGC is ready for game 2.
|uhtml|next|Next: Game 2 of 3
