|j|☆Mr James Freak
|j|☆Missed Ledgedash
|html|Mr James FreakMissed Ledgedash    
|uhtml|bestof|Game 1 of a best-of-3
|t:|1782262571
|gametype|doubles
|player|p1|Mr James Freak|scientist|1211
|player|p2|Missed Ledgedash|juan-gen3|1175
|gen|9
|tier|[Gen 9 Champions] VGC 2026 Reg M-B (Bo3)
|rated|
|rule|Species Clause: Limit one of each Pokémon
|rule|Item Clause: Limit 1 of each item
|clearpoke
|poke|p1|Tyranitar, L50, F, shiny|
|poke|p1|Metagross, L50, shiny|
|poke|p1|Sinistcha-Masterpiece, L50|
|poke|p1|Rotom-Wash, L50, shiny|
|poke|p1|Garchomp, L50, F, shiny|
|poke|p1|Incineroar, L50, M, shiny|
|poke|p2|Incineroar, L50, M|
|poke|p2|Gengar, L50, M|
|poke|p2|Staraptor, L50, M|
|poke|p2|Basculegion, L50, M|
|poke|p2|Sneasler, L50, M|
|poke|p2|Kingambit, L50, F|
|teampreview|4
|showteam|p1|Tyranitar||Tyranitarite|SandStream|RockSlide,KnockOff,DragonDance,Protect|Adamant||F|||50|]Metagross||Metagrossite|ClearBody|IronHead,PsychicFangs,BodyPress,Protect|Jolly|||||50|]Sinistcha-Masterpiece||SitrusBerry|Hospitality|MatchaGotcha,RagePowder,LifeDew,Protect|Bold|||||50|]Rotom-Wash||Leftovers|Levitate|Electroweb,HydroPump,WillOWisp,Protect|Calm|||||50|]Garchomp||LifeOrb|RoughSkin|Earthquake,RockSlide,ScaleShot,Protect|Jolly||F|||50|]Incineroar||PasshoBerry|Intimidate|FakeOut,PartingShot,FlareBlitz,ThroatChop|Adamant||M|||50|
|showteam|p2|Incineroar||SitrusBerry|Intimidate|Protect,FlareBlitz,PartingShot,FakeOut|Relaxed||M|||50|]Gengar||Gengarite|CursedBody|Protect,ShadowBall,SludgeBomb,PerishSong|Timid||M|||50|]Staraptor||Staraptite|Intimidate|Protect,CloseCombat,BraveBird,FinalGambit|Jolly||M|||50|]Basculegion||MysticWater|Adaptability|Protect,WaveCrash,LastRespects,AquaJet|Jolly||M|||50|]Sneasler||WhiteHerb|Unburden|Protect,CloseCombat,DireClaw,FakeOut|Adamant||M|||50|]Kingambit||ChopleBerry|Defiant|Protect,KowtowCleave,SuckerPunch,LowKick|Adamant||F|||50|
|
|t:|1782262618
|teamsize|p1|4
|teamsize|p2|4
|start
|switch|p1a: Metagross|Metagross, L50, shiny|100/100
|switch|p1b: Rotom|Rotom-Wash, L50, shiny|100/100
|switch|p2a: Staraptor|Staraptor, L50, M|100/100
|switch|p2b: Basculegion|Basculegion, L50, M|100/100
|-ability|p2a: Staraptor|Intimidate|boost
|-fail|p1a: Metagross|unboost|[from] ability: Clear Body|[of] p1a: Metagross
|-unboost|p1b: Rotom|atk|1
|turn|1
|
|t:|1782262641
|switch|p2b: Kingambit|Kingambit, L50, F|100/100
|detailschange|p1a: Metagross|Metagross-Mega, L50, shiny
|-mega|p1a: Metagross|Metagross|Metagrossite
|move|p1a: Metagross|Psychic Fangs|p2a: Staraptor
|-crit|p2a: Staraptor
|-damage|p2a: Staraptor|0 fnt
|faint|p2a: Staraptor
|move|p1b: Rotom|Will-O-Wisp|p2b: Kingambit
|-status|p2b: Kingambit|brn
|
|-damage|p2b: Kingambit|94/100 brn|[from] brn
|upkeep
|
|t:|1782262662
|switch|p2a: Incineroar|Incineroar, L50, M|100/100
|-ability|p2a: Incineroar|Intimidate|boost
|-unboost|p1a: Metagross|atk|1
|-unboost|p1b: Rotom|atk|1
|turn|2
|
|t:|1782262671
|switch|p1a: Garchomp|Garchomp, L50, F, shiny|100/100
|move|p1b: Rotom|Hydro Pump|p2a: Incineroar|[miss]
|-miss|p1b: Rotom|p2a: Incineroar
|move|p2a: Incineroar|Parting Shot|p1b: Rotom
|-unboost|p1b: Rotom|atk|1
|-unboost|p1b: Rotom|spa|1
|
|t:|1782262678
|switch|p2a: Basculegion|Basculegion, L50, M|100/100|[from] Parting Shot
|move|p2b: Kingambit|Kowtow Cleave|p1a: Garchomp
|-damage|p1a: Garchomp|77/100
|-damage|p2b: Kingambit|82/100 brn|[from] ability: Rough Skin|[of] p1a: Garchomp
|
|-damage|p2b: Kingambit|76/100 brn|[from] brn
|upkeep
|turn|3
|
|t:|1782262689
|move|p1a: Garchomp|Earthquake|p2a: Basculegion|[spread] p2a,p2b
|-immune|p1b: Rotom|[from] ability: Levitate
|-supereffective|p2b: Kingambit|1
|-damage|p2a: Basculegion|38/100
|-damage|p2b: Kingambit|14/100 brn
|-damage|p1a: Garchomp|67/100|[from] item: Life Orb
|move|p2a: Basculegion|Last Respects|p1b: Rotom
|-damage|p1b: Rotom|34/100
|move|p1b: Rotom|Will-O-Wisp|p2a: Basculegion
|-status|p2a: Basculegion|brn
|move|p2b: Kingambit|Kowtow Cleave|p1a: Garchomp
|-damage|p1a: Garchomp|46/100
|-damage|p2b: Kingambit|2/100 brn|[from] ability: Rough Skin|[of] p1a: Garchomp
|
|-heal|p1b: Rotom|40/100|[from] item: Leftovers
|-damage|p2a: Basculegion|31/100 brn|[from] brn
|-damage|p2b: Kingambit|0 fnt|[from] brn
|faint|p2b: Kingambit
|upkeep
|
|t:|1782262699
|switch|p2b: Incineroar|Incineroar, L50, M|100/100
|-ability|p2b: Incineroar|Intimidate|boost
|-unboost|p1a: Garchomp|atk|1
|-unboost|p1b: Rotom|atk|1
|turn|4
|
|t:|1782262714
|switch|p1a: Sinistcha|Sinistcha-Masterpiece, L50|100/100
|-heal|p1b: Rotom|65/100|[from] ability: Hospitality|[of] p1a: Sinistcha
|move|p1b: Rotom|Protect|p1b: Rotom
|-singleturn|p1b: Rotom|Protect
|move|p2b: Incineroar|Fake Out|p1a: Sinistcha
|-immune|p1a: Sinistcha
|move|p2a: Basculegion|Last Respects|p1b: Rotom
|-activate|p1b: Rotom|move: Protect
|
|-heal|p1b: Rotom|72/100|[from] item: Leftovers
|-damage|p2a: Basculegion|25/100 brn|[from] brn
|upkeep
|turn|5
|
|t:|1782262730
|move|p1a: Sinistcha|Rage Powder|p1a: Sinistcha
|-singleturn|p1a: Sinistcha|move: Rage Powder
|move|p2a: Basculegion|Last Respects|p1a: Sinistcha
|-supereffective|p1a: Sinistcha|1
|-damage|p1a: Sinistcha|25/100
|-enditem|p1a: Sinistcha|Sitrus Berry|[eat]
|-heal|p1a: Sinistcha|50/100g|[from] item: Sitrus Berry
|move|p1b: Rotom|Electroweb|p2b: Incineroar|[spread] p2a,p2b
|-supereffective|p2a: Basculegion|1
|-damage|p2a: Basculegion|3/100 brn
|-damage|p2b: Incineroar|90/100
|-unboost|p2a: Basculegion|spe|1
|-unboost|p2b: Incineroar|spe|1
|move|p2b: Incineroar|Flare Blitz|p1a: Sinistcha
|-supereffective|p1a: Sinistcha|1
|-damage|p1a: Sinistcha|0 fnt
|faint|p1a: Sinistcha
|-damage|p2b: Incineroar|76/100|[from] Recoil
|
|-heal|p1b: Rotom|78/100|[from] item: Leftovers
|-damage|p2a: Basculegion|0 fnt|[from] brn
|faint|p2a: Basculegion
|upkeep
|
|t:|1782262745
|switch|p1a: Garchomp|Garchomp, L50, F, shiny|46/100
|turn|6
|
|t:|1782262749
|move|p1a: Garchomp|Earthquake|p2b: Incineroar|[spread] p2b
|-immune|p1b: Rotom|[from] ability: Levitate
|-supereffective|p2b: Incineroar|1
|-damage|p2b: Incineroar|10/100
|-enditem|p2b: Incineroar|Sitrus Berry|[eat]
|-heal|p2b: Incineroar|35/100|[from] item: Sitrus Berry
|-damage|p1a: Garchomp|37/100|[from] item: Life Orb
|move|p1b: Rotom|Hydro Pump|p2b: Incineroar|[miss]
|-miss|p1b: Rotom|p2b: Incineroar
|move|p2b: Incineroar|Flare Blitz|p1a: Garchomp
|-resisted|p1a: Garchomp|1
|-damage|p1a: Garchomp|16/100
|-damage|p2b: Incineroar|22/100|[from] ability: Rough Skin|[of] p1a: Garchomp
|-damage|p2b: Incineroar|15/100|[from] Recoil
|
|-heal|p1b: Rotom|84/100|[from] item: Leftovers
|upkeep
|turn|7
|
|t:|1782262764
|move|p1a: Garchomp|Earthquake|p2b: Incineroar|[spread] p2b
|-immune|p1b: Rotom|[from] ability: Levitate
|-supereffective|p2b: Incineroar|1
|-damage|p2b: Incineroar|0 fnt
|faint|p2b: Incineroar
|-damage|p1a: Garchomp|7/100|[from] item: Life Orb
|
|win|Mr James Freak
