|j|☆uioyhgtz
|j|☆wpnxemcail
|html|uioyhgtzwpnxemcail    
|uhtml|bestof|Game 1 of a best-of-3
|t:|1757820617
|gametype|doubles
|player|p1|uioyhgtz|hiker-gen4|1040
|player|p2|wpnxemcail|101|1031
|gen|9
|tier|[Gen 9] VGC 2025 Reg H (Bo3)
|rated|
|rule|Species Clause: Limit one of each Pokémon
|rule|Item Clause: Limit 1 of each item
|clearpoke
|poke|p1|Dondozo, L50, F|
|poke|p1|Medicham, L50, F|
|poke|p1|Tatsugiri, L50, F|
|poke|p1|Baxcalibur, L50, F|
|poke|p1|Volcarona, L50, F|
|poke|p2|Sneasler, L50, M|
|poke|p2|Indeedee, L50, M|
|poke|p2|Torkoal, L50, F|
|poke|p2|Ursaluna, L50, F|
|poke|p2|Lilligant-Hisui, L50, F|
|poke|p2|Archaludon, L50, M|
|teampreview|4
|showteam|p1|Dondozo||LifeOrb|Unaware|WaveCrash,OrderUp,Earthquake,Protect|||F|||50|,,,,,Dragon]Medicham||FocusSash|Telepathy|FakeOut,CloseCombat,SkillSwap,Protect|||F|||50|,,,,,Ghost]Tatsugiri||ChoiceScarf|Commander|DracoMeteor,MuddyWater,DragonPulse,IcyWind|||F|||50|,,,,,Dragon]Baxcalibur||LoadedDice|ThermalExchange|ScaleShot,IcicleSpear,SwordsDance,Protect|||F|||50|,,,,,Fire]Volcarona||CovertCloak|FlameBody|Overheat,StruggleBug,RagePowder,Tailwind|||F|||50|,,,,,Water
|showteam|p2|Sneasler||PsychicSeed|Unburden|Protect,ThroatChop,CloseCombat,DireClaw|||M|||50|,,,,,Dark]Indeedee||RockyHelmet|PsychicSurge|HelpingHand,ExpandingForce,TrickRoom,Imprison|||M|||50|,,,,,Psychic]Torkoal||Charcoal|Drought|Eruption,Overheat,Protect,EarthPower|||F|||50|,,,,,Fire]Ursaluna||FlameOrb|Guts|Protect,HeadlongRush,Facade,Earthquake|||F|||50|,,,,,Ghost]Lilligant-Hisui||FocusSash|Chlorophyll|CloseCombat,LeafBlade,AfterYou,SleepPowder|||F|||50|,,,,,Ghost]Archaludon||AssaultVest|Stamina|Snarl,ElectroShot,BodyPress,FlashCannon|||M|||50|,,,,,Fairy
|c|☆uioyhgtz|glhf!
|c|☆wpnxemcail|u 2
|c|☆uioyhgtz|thanks!
|inactive|Battle timer is ON: inactive players will automatically lose when time's up. (requested by uioyhgtz)
|inactive|wpnxemcail has 60 seconds left.
|
|t:|1757820668
|teamsize|p1|4
|teamsize|p2|4
|start
|switch|p1a: Baxcalibur|Baxcalibur, L50, F|100/100
|switch|p1b: Volcarona|Volcarona, L50, F|100/100
|switch|p2a: Ursaluna|Ursaluna, L50, F|100/100
|switch|p2b: Archaludon|Archaludon, L50, M, shiny|100/100
|turn|1
|
|t:|1757820691
|-terastallize|p2b: Archaludon|Fairy
|move|p2a: Ursaluna|Protect|p2a: Ursaluna
|-singleturn|p2a: Ursaluna|Protect
|move|p1b: Volcarona|Rage Powder|p1b: Volcarona
|-singleturn|p1b: Volcarona|move: Rage Powder
|move|p1a: Baxcalibur|Swords Dance|p1a: Baxcalibur
|-boost|p1a: Baxcalibur|atk|2
|move|p2b: Archaludon|Snarl|p1a: Baxcalibur|[spread] p1a,p1b
|-damage|p1a: Baxcalibur|84/100
|-damage|p1b: Volcarona|86/100
|-unboost|p1a: Baxcalibur|spa|1
|
|-status|p2a: Ursaluna|brn|[from] item: Flame Orb
|upkeep
|turn|2
|inactive|wpnxemcail has 30 seconds left.
|
|t:|1757820717
|move|p1b: Volcarona|Rage Powder|p1b: Volcarona
|-singleturn|p1b: Volcarona|move: Rage Powder
|move|p1a: Baxcalibur|Icicle Spear|p2a: Ursaluna
|-supereffective|p2a: Ursaluna
|-damage|p2a: Ursaluna|63/100 brn
|-supereffective|p2a: Ursaluna
|-damage|p2a: Ursaluna|21/100 brn
|-supereffective|p2a: Ursaluna
|-damage|p2a: Ursaluna|0 fnt
|faint|p2a: Ursaluna
|-hitcount|p2: Ursaluna|3
|move|p2b: Archaludon|Snarl|p1b: Volcarona|[spread] p1a,p1b
|-damage|p1a: Baxcalibur|67/100
|-damage|p1b: Volcarona|70/100
|-unboost|p1a: Baxcalibur|spa|1
|
|upkeep
|
|t:|1757820730
|switch|p2a: Indeedee|Indeedee, L50, M, shiny|100/100
|-fieldstart|move: Psychic Terrain|[from] ability: Psychic Surge|[of] p2a: Indeedee
|turn|3
|
|t:|1757820737
|move|p2a: Indeedee|Helping Hand|p2b: Archaludon
|-singleturn|p2b: Archaludon|Helping Hand|[of] p2a: Indeedee
|move|p1a: Baxcalibur|Protect|p1a: Baxcalibur
|-singleturn|p1a: Baxcalibur|Protect
|move|p1b: Volcarona|Tailwind|p1b: Volcarona
|-sidestart|p1: uioyhgtz|move: Tailwind
|move|p2b: Archaludon|Flash Cannon|p1a: Baxcalibur
|-activate|p1a: Baxcalibur|move: Protect
|
|upkeep
|turn|4
|
|t:|1757820752
|move|p1b: Volcarona|Rage Powder|p1b: Volcarona
|-singleturn|p1b: Volcarona|move: Rage Powder
|move|p1a: Baxcalibur|Icicle Spear|p2a: Indeedee
|-damage|p2a: Indeedee|41/100
|-damage|p2a: Indeedee|0 fnt
|faint|p2a: Indeedee
|-hitcount|p2: Indeedee|2
|move|p2b: Archaludon|Flash Cannon|p1b: Volcarona
|-resisted|p1b: Volcarona
|-damage|p1b: Volcarona|47/100
|
|upkeep
|
|t:|1757820761
|switch|p2a: Sneasler|Sneasler, L50, M, shiny|100/100
|-enditem|p2a: Sneasler|Psychic Seed
|-boost|p2a: Sneasler|spd|1|[from] item: Psychic Seed
|turn|5
|
|t:|1757820772
|move|p2a: Sneasler|Protect|p2a: Sneasler
|-singleturn|p2a: Sneasler|Protect
|move|p1b: Volcarona|Rage Powder|p1b: Volcarona
|-singleturn|p1b: Volcarona|move: Rage Powder
|move|p1a: Baxcalibur|Icicle Spear|p2a: Sneasler
|-activate|p2a: Sneasler|move: Protect
|move|p2b: Archaludon|Electro Shot||[still]
|-prepare|p2b: Archaludon|Electro Shot
|-boost|p2b: Archaludon|spa|1
|
|upkeep
|turn|6
|
|t:|1757820784
|move|p1b: Volcarona|Rage Powder|p1b: Volcarona
|-singleturn|p1b: Volcarona|move: Rage Powder
|move|p2a: Sneasler|Dire Claw|p1b: Volcarona
|-damage|p1b: Volcarona|1/100
|move|p1a: Baxcalibur|Icicle Spear|p2a: Sneasler
|-damage|p2a: Sneasler|50/100
|-damage|p2a: Sneasler|0 fnt
|faint|p2a: Sneasler
|-hitcount|p2: Sneasler|2
|move|p2b: Archaludon|Electro Shot|p1b: Volcarona|[from] lockedmove
|-damage|p1b: Volcarona|0 fnt
|faint|p1b: Volcarona
|
|-sideend|p1: uioyhgtz|move: Tailwind
|upkeep
|
|t:|1757820803
|switch|p1b: Dondozo|Dondozo, L50, F|100/100
|turn|7
|
|t:|1757820821
|-terastallize|p1a: Baxcalibur|Fire
|move|p1b: Dondozo|Protect|p1b: Dondozo
|-singleturn|p1b: Dondozo|Protect
|move|p1a: Baxcalibur|Swords Dance|p1a: Baxcalibur
|-boost|p1a: Baxcalibur|atk|2
|move|p2b: Archaludon|Snarl|p1b: Dondozo|[spread] p1a
|-activate|p1b: Dondozo|move: Protect
|-damage|p1a: Baxcalibur|44/100
|-unboost|p1a: Baxcalibur|spa|1
|
|-fieldend|move: Psychic Terrain
|upkeep
|turn|8
|c|☆uioyhgtz|ggs wp!
|c|☆uioyhgtz|respect
|
|t:|1757820841
|move|p1a: Baxcalibur|Icicle Spear|p2b: Archaludon
|-damage|p2b: Archaludon|68/100
|-ability|p2b: Archaludon|Stamina|boost
|-boost|p2b: Archaludon|def|1
|-damage|p2b: Archaludon|48/100
|-ability|p2b: Archaludon|Stamina|boost
|-boost|p2b: Archaludon|def|1
|-damage|p2b: Archaludon|32/100
|-ability|p2b: Archaludon|Stamina|boost
|-boost|p2b: Archaludon|def|1
|-damage|p2b: Archaludon|18/100
|-ability|p2b: Archaludon|Stamina|boost
|-boost|p2b: Archaludon|def|1
|-damage|p2b: Archaludon|8/100
|-ability|p2b: Archaludon|Stamina|boost
|-boost|p2b: Archaludon|def|1
|-hitcount|p2b: Archaludon|5
|move|p2b: Archaludon|Body Press|p1a: Baxcalibur
|-damage|p1a: Baxcalibur|0 fnt
|faint|p1a: Baxcalibur
|move|p1b: Dondozo|Wave Crash|p2b: Archaludon
|-damage|p2b: Archaludon|0 fnt
|faint|p2b: Archaludon
|-damage|p1b: Dondozo|98/100|[from] Recoil
|-damage|p1b: Dondozo|88/100|[from] item: Life Orb
|
|win|uioyhgtz
||uioyhgtz is ready for game 2.
|inactive|wpnxemcail has 30 seconds to confirm battle start!
||wpnxemcail is ready for game 2.
|uhtml|next|Next: Game 2 of 3
|l|☆wpnxemcail
|player|p2|
|l|☆uioyhgtz
|player|p1|
