|j|☆gg4g3
|j|☆magicalarcher57
|html|gg4g3magicalarcher57    
|uhtml|bestof|Game 1 of a best-of-3
|t:|1784597527
|gametype|doubles
|player|p1|gg4g3|miku-ghost|1309
|player|p2|magicalarcher57|diantha|1311
|gen|9
|tier|[Gen 9 Champions] VGC 2026 Reg M-B (Bo3)
|rated|
|rule|Species Clause: Limit one of each Pokémon
|rule|Item Clause: Limit 1 of each item
|clearpoke
|poke|p1|Charizard, L50, F|
|poke|p1|Incineroar, L50, M|
|poke|p1|Aerodactyl, L50, F|
|poke|p1|Sylveon, L50, M|
|poke|p1|Garchomp, L50, M|
|poke|p1|Farigiraf, L50, F|
|poke|p2|Delphox, L50, F|
|poke|p2|Sneasler, L50, M|
|poke|p2|Garchomp, L50, F|
|poke|p2|Kingambit, L50, F|
|poke|p2|Whimsicott, L50, M|
|poke|p2|Milotic, L50, F|
|teampreview|4
|showteam|p1|Charizard||CharizarditeY|Blaze|HeatWave,SolarBeam,WeatherBall,Protect|Timid||F|||50|]Incineroar||ChopleBerry|Intimidate|FakeOut,PartingShot,FlareBlitz,ThroatChop|Careful||M|||50|]Aerodactyl||Aerodactylite|Unnerve|RockSlide,DualWingbeat,Tailwind,Protect|Jolly||F|||50|]Sylveon||FairyFeather|Pixilate|HyperVoice,HyperBeam,QuickAttack,Detect|Modest||M|||50|]Garchomp||LifeOrb|RoughSkin|Earthquake,DragonClaw,RockSlide,Protect|Jolly||M|||50|]Farigiraf||SitrusBerry|ArmorTail|Psychic,TrickRoom,HelpingHand,Protect|Sassy||F|||50|
|showteam|p2|Delphox||Delphoxite|Blaze|HeatWave,Psyshock,NastyPlot,Protect|Timid||F|||50|]Sneasler||WhiteHerb|Unburden|FakeOut,DireClaw,CloseCombat,Protect|Adamant||M|||50|]Garchomp||LifeOrb|RoughSkin|Earthquake,DragonClaw,StompingTantrum,Protect|Jolly||F|||50|]Kingambit||BlackGlasses|Defiant|IronHead,KowtowCleave,SuckerPunch,Protect|Adamant||F|||50|]Whimsicott||FocusSash|Prankster|Tailwind,Moonblast,Encore,Protect|Timid||M|||50|]Milotic||Leftovers|Competitive|MuddyWater,Coil,Recover,Hypnosis|Calm||F|||50|
|inactive|Battle timer is ON: inactive players will automatically lose when time's up. (requested by magicalarcher57)
|inactive|gg4g3 also wants the timer to be on.
|inactive|gg4g3 has 60 seconds left.
|inactive|magicalarcher57 has 60 seconds left.
|
|t:|1784597573
|teamsize|p1|4
|teamsize|p2|4
|start
|switch|p1a: Farigiraf|Farigiraf, L50, F|100/100
|switch|p1b: Charizard|Charizard, L50, F|100/100
|switch|p2a: Milotic|Milotic, L50, F|100/100
|switch|p2b: Whimsicott|Whimsicott, L50, M|100/100
|turn|1
|
|t:|1784597597
|detailschange|p1b: Charizard|Charizard-Mega-Y, L50, F
|-mega|p1b: Charizard|Charizard|Charizardite Y
|-weather|SunnyDay|[from] ability: Drought|[of] p1b: Charizard
|move|p1a: Farigiraf|Helping Hand|p1b: Charizard
|-singleturn|p1b: Charizard|Helping Hand|[of] p1a: Farigiraf
|move|p2b: Whimsicott|Moonblast|p1a: Farigiraf
|-damage|p1a: Farigiraf|73/100
|move|p1b: Charizard|Solar Beam||[still]
|-prepare|p1b: Charizard|Solar Beam
|-anim|p1b: Charizard|Solar Beam|p2a: Milotic
|-supereffective|p2a: Milotic|1
|-damage|p2a: Milotic|7/100
|move|p2a: Milotic|Muddy Water|p1a: Farigiraf|[spread] p1a,p1b
|-supereffective|p1b: Charizard|1
|-damage|p1a: Farigiraf|63/100
|-damage|p1b: Charizard|72/100
|-unboost|p1b: Charizard|accuracy|1
|
|-weather|SunnyDay|[upkeep]
|-heal|p2a: Milotic|13/100|[from] item: Leftovers
|upkeep
|turn|2
|
|t:|1784597611
|move|p2b: Whimsicott|Tailwind|p2b: Whimsicott
|-sidestart|p2: magicalarcher57|move: Tailwind
|move|p2a: Milotic|Muddy Water|p1b: Charizard|[spread] p1a,p1b
|-supereffective|p1b: Charizard|1
|-damage|p1a: Farigiraf|52/100
|-damage|p1b: Charizard|48/100
|-unboost|p1b: Charizard|accuracy|1
|move|p1b: Charizard|Heat Wave|p2b: Whimsicott|[spread] p2a,p2b
|-resisted|p2a: Milotic|1
|-supereffective|p2b: Whimsicott|1
|-damage|p2a: Milotic|0 fnt
|-enditem|p2b: Whimsicott|Focus Sash
|-damage|p2b: Whimsicott|1/100
|faint|p2a: Milotic
|move|p1a: Farigiraf|Trick Room|p1a: Farigiraf
|-fieldstart|move: Trick Room|[of] p1a: Farigiraf
|
|-weather|SunnyDay|[upkeep]
|upkeep
|
|t:|1784597624
|switch|p2a: Garchomp|Garchomp, L50, F|100/100
|turn|3
|
|t:|1784597647
|switch|p1b: Garchomp|Garchomp, L50, M|100/100
|move|p2b: Whimsicott|Protect|p2b: Whimsicott
|-singleturn|p2b: Whimsicott|Protect
|move|p1a: Farigiraf|Psychic|p2a: Garchomp
|-damage|p2a: Garchomp|63/100
|move|p2a: Garchomp|Earthquake|p1b: Garchomp|[spread] p1a,p1b
|-activate|p2b: Whimsicott|move: Protect
|-damage|p1a: Farigiraf|6/100
|-damage|p1b: Garchomp|46/100
|-enditem|p1a: Farigiraf|Sitrus Berry|[eat]
|-heal|p1a: Farigiraf|30/100|[from] item: Sitrus Berry
|-damage|p2a: Garchomp|54/100|[from] item: Life Orb
|
|-weather|SunnyDay|[upkeep]
|upkeep
|turn|4
|inactive|magicalarcher57 has 30 seconds left.
|
|t:|1784597676
|move|p1a: Farigiraf|Helping Hand|p1b: Garchomp
|-singleturn|p1b: Garchomp|Helping Hand|[of] p1a: Farigiraf
|move|p2a: Garchomp|Protect|p2a: Garchomp
|-singleturn|p2a: Garchomp|Protect
|move|p1b: Garchomp|Earthquake|p2b: Whimsicott|[spread] p1a,p2b
|-activate|p2a: Garchomp|move: Protect
|-resisted|p2b: Whimsicott|1
|-damage|p1a: Farigiraf|0 fnt
|-damage|p2b: Whimsicott|0 fnt
|faint|p1a: Farigiraf
|faint|p2b: Whimsicott
|-damage|p1b: Garchomp|36/100|[from] item: Life Orb
|
|-weather|SunnyDay|[upkeep]
|upkeep
|
|t:|1784597685
|switch|p1a: Sylveon|Sylveon, L50, M|100/100
|switch|p2b: Sneasler|Sneasler, L50, M|100/100
|turn|5
|
|t:|1784597692
|move|p2b: Sneasler|Fake Out|p1a: Sylveon
|-crit|p1a: Sylveon
|-damage|p1a: Sylveon|74/100
|cant|p1a: Sylveon|flinch
|move|p1b: Garchomp|Dragon Claw|p2a: Garchomp
|-supereffective|p2a: Garchomp|1
|-crit|p2a: Garchomp
|-damage|p2a: Garchomp|0 fnt
|-damage|p1b: Garchomp|24/100|[from] ability: Rough Skin|[of] p2a: Garchomp
|faint|p2a: Garchomp
|-damage|p1b: Garchomp|14/100|[from] item: Life Orb
|
|-weather|none
|-sideend|p2: magicalarcher57|move: Tailwind
|upkeep
|turn|6
|-message|magicalarcher57 forfeited.
|
|win|gg4g3
|l|☆magicalarcher57
|player|p2|
||magicalarcher57 is ready for game 2.
||gg4g3 is ready for game 2.
|uhtml|next|Next: Game 2 of 3
|l|☆gg4g3
|player|p1|
|j|☆gg4g3
|player|p1|gg4g3|miku-ghost|
