|j|☆Al Karpone
|j|☆ApostrofoRosaVGC
|html|Al KarponeApostrofoRosaVGC    
|uhtml|bestof|Game 3 of a best-of-3
|t:|1755863440
|gametype|doubles
|player|p1|Al Karpone|chili|1137
|player|p2|ApostrofoRosaVGC|102|1267
|gen|9
|tier|[Gen 9] VGC 2025 Reg H (Bo3)
|rated|
|rule|Species Clause: Limit one of each Pokémon
|rule|Item Clause: Limit 1 of each item
|clearpoke
|poke|p1|Salazzle, L50, F|
|poke|p1|Hydreigon, L50, F|
|poke|p1|Gholdengo, L50|
|poke|p1|Rillaboom, L50, F|
|poke|p1|Primarina, L50, F|
|poke|p1|Baxcalibur, L50, M|
|poke|p2|Gholdengo, L50|
|poke|p2|Archaludon, L50, M|
|poke|p2|Dragonite, L50, M|
|poke|p2|Pelipper, L50, M|
|poke|p2|Maushold-Four, L50|
|poke|p2|Grimmsnarl, L50, M|
|teampreview|4
|showteam|p1|Salazzle||FocusSash|Oblivious|FakeOut,Flamethrower,SludgeBomb,DragonCheer|||F|||50|,,,,,Ghost]Hydreigon||ScopeLens|Levitate|DracoMeteor,DarkPulse,Tailwind,Protect|||F|||50|,,,,,Poison]Gholdengo||ChoiceScarf|GoodasGold|MakeItRain,ShadowBall,Thunderbolt,Trick||||||50|,,,,,Steel]Rillaboom||AssaultVest|Overgrow|FakeOut,WoodHammer,GrassPledge,Uturn|||F|||50|,,,,,Grass]Primarina||ThroatSpray|LiquidVoice|HyperVoice,Moonblast,WaterPledge,Protect|||F|||50|,,,,,Water]Baxcalibur||LoadedDice|ThermalExchange|IceShard,IcicleSpear,ScaleShot,Protect|||M|||50|,,,,,Water
|showteam|p2|Gholdengo||LifeOrb|GoodasGold|MakeItRain,ShadowBall,NastyPlot,Protect||||||50|,,,,,Water]Archaludon||AssaultVest|Stamina|DragonPulse,ElectroShot,BodyPress,Snarl|||M|||50|,,,,,Bug]Dragonite||LoadedDice|Multiscale|ScaleShot,ExtremeSpeed,Tailwind,Protect|||M|||50|,,,,,Steel]Pelipper||FocusSash|Drizzle|WeatherBall,Hurricane,Tailwind,Protect|||M|||50|,,,,,Ground]Maushold-Four||SafetyGoggles|FriendGuard|BeatUp,Taunt,FollowMe,Protect||||||50|,,,,,Ghost]Grimmsnarl||LightClay|Prankster|SpiritBreak,ThunderWave,Reflect,LightScreen|||M|||50|,,,,,Ghost
|inactive|Battle timer is ON: inactive players will automatically lose when time's up. (requested by Al Karpone)
|inactive|Al Karpone has 60 seconds left.
|
|t:|1755863480
|teamsize|p1|4
|teamsize|p2|4
|start
|switch|p1a: Rillaboom|Rillaboom, L50, F|100/100
|switch|p1b: Primarina|Primarina, L50, F|100/100
|switch|p2a: Pelipper|Pelipper, L50, M|100/100
|switch|p2b: Archaludon|Archaludon, L50, M|100/100
|-weather|RainDance|[from] ability: Drizzle|[of] p2a: Pelipper
|turn|1
|
|t:|1755863499
|move|p2a: Pelipper|Protect|p2a: Pelipper
|-singleturn|p2a: Pelipper|Protect
|move|p1a: Rillaboom|Fake Out|p2b: Archaludon
|-resisted|p2b: Archaludon
|-damage|p2b: Archaludon|96/100
|-ability|p2b: Archaludon|Stamina|boost
|-boost|p2b: Archaludon|def|1
|cant|p2b: Archaludon|flinch
|move|p1b: Primarina|Hyper Voice|p2b: Archaludon|[spread] p2b
|-activate|p2a: Pelipper|move: Protect
|-resisted|p2b: Archaludon
|-damage|p2b: Archaludon|77/100
|-ability|p2b: Archaludon|Stamina|boost
|-boost|p2b: Archaludon|def|1
|-enditem|p1b: Primarina|Throat Spray
|-boost|p1b: Primarina|spa|1|[from] item: Throat Spray
|
|-weather|RainDance|[upkeep]
|upkeep
|turn|2
|
|t:|1755863520
|switch|p2a: Gholdengo|Gholdengo, L50|100/100
|move|p1b: Primarina|Protect|p1b: Primarina
|-singleturn|p1b: Primarina|Protect
|move|p1a: Rillaboom|U-turn|p2a: Gholdengo
|-resisted|p2a: Gholdengo
|-damage|p2a: Gholdengo|95/100
|
|t:|1755863530
|switch|p1a: Salazzle|Salazzle, L50, F|100/100|[from] U-turn
|move|p2b: Archaludon|Electro Shot||[still]
|-prepare|p2b: Archaludon|Electro Shot
|-boost|p2b: Archaludon|spa|1
|-anim|p2b: Archaludon|Electro Shot|p1b: Primarina
|-activate|p1b: Primarina|move: Protect
|
|-weather|RainDance|[upkeep]
|upkeep
|turn|3
|
|t:|1755863547
|-terastallize|p2a: Gholdengo|Water
|-terastallize|p1b: Primarina|Water
|move|p1a: Salazzle|Fake Out|p2b: Archaludon
|-resisted|p2b: Archaludon
|-damage|p2b: Archaludon|76/100
|-ability|p2b: Archaludon|Stamina|boost
|-boost|p2b: Archaludon|def|1
|move|p2a: Gholdengo|Make It Rain|p1a: Salazzle|[spread] p1a,p1b
|-resisted|p1a: Salazzle
|-resisted|p1b: Primarina
|-damage|p1a: Salazzle|48/100
|-damage|p1b: Primarina|77/100
|-unboost|p2a: Gholdengo|spa|1
|-damage|p2a: Gholdengo|85/100|[from] item: Life Orb
|cant|p2b: Archaludon|flinch
|move|p1b: Primarina|Hyper Voice|p2a: Gholdengo|[spread] p2a,p2b
|-resisted|p2a: Gholdengo
|-resisted|p2b: Archaludon
|-damage|p2a: Gholdengo|22/100
|-damage|p2b: Archaludon|36/100
|-ability|p2b: Archaludon|Stamina|boost
|-boost|p2b: Archaludon|def|1
|
|-weather|RainDance|[upkeep]
|upkeep
|turn|4
|inactive|ApostrofoRosaVGC has 30 seconds left.
|
|t:|1755863574
|switch|p2a: Maushold|Maushold-Four, L50|100/100
|move|p1b: Primarina|Protect|p1b: Primarina
|-singleturn|p1b: Primarina|Protect
|move|p1a: Salazzle|Sludge Bomb|p2a: Maushold
|-damage|p2a: Maushold|46/100
|move|p2b: Archaludon|Electro Shot||[still]
|-prepare|p2b: Archaludon|Electro Shot
|-boost|p2b: Archaludon|spa|1
|-anim|p2b: Archaludon|Electro Shot|p1b: Primarina
|-activate|p1b: Primarina|move: Protect
|
|-weather|RainDance|[upkeep]
|upkeep
|turn|5
|
|t:|1755863591
|move|p2a: Maushold|Follow Me|p2a: Maushold
|-singleturn|p2a: Maushold|move: Follow Me
|move|p1a: Salazzle|Sludge Bomb|p2a: Maushold
|-damage|p2a: Maushold|0 fnt
|faint|p2a: Maushold
|move|p2b: Archaludon|Electro Shot||[still]
|-prepare|p2b: Archaludon|Electro Shot
|-boost|p2b: Archaludon|spa|1
|-anim|p2b: Archaludon|Electro Shot|p1b: Primarina
|-supereffective|p1b: Primarina
|-damage|p1b: Primarina|0 fnt
|faint|p1b: Primarina
|
|-weather|none
|upkeep
|
|t:|1755863601
|switch|p2a: Pelipper|Pelipper, L50, M|100/100
|switch|p1b: Hydreigon|Hydreigon, L50, F|100/100
|-weather|RainDance|[from] ability: Drizzle|[of] p2a: Pelipper
|turn|6
|
|t:|1755863626
|move|p1a: Salazzle|Dragon Cheer|p1b: Hydreigon
|-start|p1b: Hydreigon|move: Dragon Cheer
|move|p1b: Hydreigon|Dark Pulse|p2b: Archaludon
|-crit|p2b: Archaludon
|-damage|p2b: Archaludon|0 fnt
|faint|p2b: Archaludon
|move|p2a: Pelipper|Hurricane|p1b: Hydreigon
|-damage|p1b: Hydreigon|55/100
|
|-weather|RainDance|[upkeep]
|upkeep
|
|t:|1755863632
|switch|p2b: Gholdengo|Gholdengo, L50, tera:Water|22/100
|turn|7
|
|t:|1755863645
|move|p2a: Pelipper|Protect|p2a: Pelipper
|-singleturn|p2a: Pelipper|Protect
|move|p1a: Salazzle|Sludge Bomb|p2b: Gholdengo
|-damage|p2b: Gholdengo|0 fnt
|faint|p2b: Gholdengo
|move|p1b: Hydreigon|Dark Pulse|p2a: Pelipper
|-activate|p2a: Pelipper|move: Protect
|
|-weather|RainDance|[upkeep]
|upkeep
|turn|8
|
|t:|1755863657
|move|p1a: Salazzle|Sludge Bomb|p2a: Pelipper
|-damage|p2a: Pelipper|21/100
|move|p1b: Hydreigon|Dark Pulse|p2a: Pelipper
|-crit|p2a: Pelipper
|-damage|p2a: Pelipper|0 fnt
|faint|p2a: Pelipper
|
|win|Al Karpone
|raw|Al Karpone's rating: 1137 → 1171(+34 for winning)
|raw|ApostrofoRosaVGC's rating: 1267 → 1233(-34 for losing)
|c|☆Al Karpone|ggs
