|j|☆robirobo
|j|☆Av3z
|html|robiroboAv3z    
|uhtml|bestof|Game 2 of a best-of-3
|t:|1756495405
|gametype|doubles
|player|p1|robirobo|101|1112
|player|p2|Av3z|steven|1045
|gen|9
|tier|[Gen 9] VGC 2025 Reg H (Bo3)
|rated|
|rule|Species Clause: Limit one of each Pokémon
|rule|Item Clause: Limit 1 of each item
|clearpoke
|poke|p1|Gallade, L50, M|
|poke|p1|Ursaluna, L50, F|
|poke|p1|Torkoal, L50, M|
|poke|p1|Indeedee-F, L50, F|
|poke|p1|Hatterene, L50, F|
|poke|p1|Maushold, L50|
|poke|p2|Weezing-Galar, L50, M|
|poke|p2|Toedscruel, L50, M|
|poke|p2|Pawmot, L50, M|
|poke|p2|Corviknight, L50, F|
|poke|p2|Typhlosion-Hisui, L50, F|
|poke|p2|Garchomp, L50, F|
|teampreview|4
|showteam|p1|Gallade||ClearAmulet|Sharpness|SacredSword,PsychoCut,WideGuard,TrickRoom|||M|||50|,,,,,Grass]Ursaluna||FlameOrb|Guts|Facade,HeadlongRush,Protect,Earthquake|||F|||50|,,,,,Ghost]Torkoal||ChoiceSpecs|Drought|Eruption,WeatherBall,HeatWave,EarthPower|||M|||50|,,,,,Fire]Indeedee-F||PsychicSeed|PsychicSurge|FollowMe,TrickRoom,Psychic,HelpingHand|||F|||50|,,,,,Water]Hatterene||LifeOrb|MagicBounce|ExpandingForce,DazzlingGleam,TeraBlast,TrickRoom|||F|||50|,,,,,Fire]Maushold||WideLens|Technician|PopulationBomb,Taunt,FollowMe,Protect||||||50|,,,,,Poison
|showteam|p2|Weezing-Galar||ChoiceSpecs|NeutralizingGas|StrangeSteam,SludgeBomb,DazzlingGleam,Flamethrower|||M|||50|,,,,,Fire]Toedscruel||CovertCloak|MyceliumMight|RagePowder,Spore,EarthPower,AcidSpray|||M|||50|,,,,,Water]Pawmot||FocusSash|NaturalCure|CloseCombat,DoubleShock,Protect,FakeOut|||M|||50|,,,,,Electric]Corviknight||SitrusBerry|MirrorArmor|Roost,Tailwind,BraveBird,Protect|||F|||50|,,,,,Dragon]Typhlosion-Hisui||ChoiceScarf|Blaze|Eruption,HeatWave,ShadowBall,SleepTalk|||F|||50|,,,,,Fire]Garchomp||LifeOrb|RoughSkin|Earthquake,StompingTantrum,DragonClaw,Protect|||F|||50|,,,,,Ground
|inactive|Battle timer is ON: inactive players will automatically lose when time's up. (requested by Av3z)
|inactive|robirobo has 60 seconds left.
|inactive|Av3z has 60 seconds left.
|inactive|Av3z has 30 seconds left.
|
|t:|1756495471
|teamsize|p1|4
|teamsize|p2|4
|start
|switch|p1a: Maushold|Maushold, L50|100/100
|switch|p1b: Gallade|Gallade, L50, M|100/100
|switch|p2a: Paul Heyman|Weezing-Galar, L50, M|100/100
|switch|p2b: Tatum Paxley|Typhlosion-Hisui, L50, F|100/100
|-ability|p2a: Paul Heyman|Neutralizing Gas
|turn|1
|inactive|robirobo has 30 seconds left.
|inactive|Av3z has 30 seconds left.
|inactive|robirobo has 20 seconds left.
|inactive|robirobo has 15 seconds left.
|inactive|robirobo has 10 seconds left.
|inactive|robirobo has 5 seconds left.
|
|t:|1756495521
|-terastallize|p2b: Tatum Paxley|Fire
|move|p1b: Gallade|Wide Guard|p1b: Gallade
|-singleturn|p1b: Gallade|Wide Guard
|move|p2b: Tatum Paxley|Eruption|p1a: Maushold|[spread] 
|-activate|p1a: Maushold|move: Wide Guard
|-activate|p1b: Gallade|move: Wide Guard
|move|p1a: Maushold|Population Bomb|p2b: Tatum Paxley
|-damage|p2b: Tatum Paxley|88/100
|-damage|p2b: Tatum Paxley|74/100
|-damage|p2b: Tatum Paxley|62/100
|-damage|p2b: Tatum Paxley|49/100
|-damage|p2b: Tatum Paxley|37/100
|-damage|p2b: Tatum Paxley|24/100
|-damage|p2b: Tatum Paxley|12/100
|-damage|p2b: Tatum Paxley|0 fnt
|faint|p2b: Tatum Paxley
|-hitcount|p2: Tatum Paxley|8
|move|p2a: Paul Heyman|Dazzling Gleam|p1b: Gallade|[spread] 
|-activate|p1a: Maushold|move: Wide Guard
|-activate|p1b: Gallade|move: Wide Guard
|
|upkeep
|
|t:|1756495544
|switch|p2b: CM Punk|Pawmot, L50, M|100/100
|turn|2
|
|t:|1756495563
|move|p1a: Maushold|Population Bomb|p2a: Paul Heyman
|-damage|p2a: Paul Heyman|93/100
|-damage|p2a: Paul Heyman|84/100
|-damage|p2a: Paul Heyman|77/100
|-damage|p2a: Paul Heyman|68/100
|-damage|p2a: Paul Heyman|60/100
|-damage|p2a: Paul Heyman|51/100
|-damage|p2a: Paul Heyman|43/100
|-damage|p2a: Paul Heyman|35/100
|-damage|p2a: Paul Heyman|26/100
|-damage|p2a: Paul Heyman|19/100
|-hitcount|p2a: Paul Heyman|10
|move|p2b: CM Punk|Close Combat|p1a: Maushold
|-supereffective|p1a: Maushold
|-damage|p1a: Maushold|0 fnt
|-unboost|p2b: CM Punk|def|1
|-unboost|p2b: CM Punk|spd|1
|faint|p1a: Maushold
|move|p2a: Paul Heyman|Dazzling Gleam|p1b: Gallade
|-supereffective|p1b: Gallade
|-damage|p1b: Gallade|12/100
|move|p1b: Gallade|Sacred Sword|p2a: Paul Heyman
|-resisted|p2a: Paul Heyman
|-damage|p2a: Paul Heyman|6/100
|
|upkeep
|
|t:|1756495587
|switch|p1a: Indeedee|Indeedee-F, L50, F|100/100
|turn|3
|
|t:|1756495599
|move|p1b: Gallade|Wide Guard|p1b: Gallade
|-singleturn|p1b: Gallade|Wide Guard
|move|p2b: CM Punk|Close Combat|p1a: Indeedee
|-damage|p1a: Indeedee|43/100
|-unboost|p2b: CM Punk|def|1
|-unboost|p2b: CM Punk|spd|1
|move|p2a: Paul Heyman|Dazzling Gleam|p1b: Gallade|[spread] 
|-activate|p1a: Indeedee|move: Wide Guard
|-activate|p1b: Gallade|move: Wide Guard
|move|p1a: Indeedee|Trick Room|p1a: Indeedee
|-fieldstart|move: Trick Room|[of] p1a: Indeedee
|
|upkeep
|turn|4
|inactive|robirobo has 30 seconds left.
|inactive|robirobo has 20 seconds left.
|
|t:|1756495634
|move|p1b: Gallade|Psycho Cut|p2a: Paul Heyman
|-supereffective|p2a: Paul Heyman
|-damage|p2a: Paul Heyman|0 fnt
|faint|p2a: Paul Heyman
|-end|p2a: Paul Heyman|ability: Neutralizing Gas
|-fieldstart|move: Psychic Terrain|[from] ability: Psychic Surge|[of] p1a: Indeedee
|-enditem|p1a: Indeedee|Psychic Seed
|-boost|p1a: Indeedee|spd|1|[from] item: Psychic Seed
|move|p1a: Indeedee|Psychic|p2b: CM Punk
|-supereffective|p2b: CM Punk
|-enditem|p2b: CM Punk|Focus Sash
|-damage|p2b: CM Punk|1/100
|move|p2b: CM Punk|Close Combat|p1a: Indeedee
|-damage|p1a: Indeedee|0 fnt
|-unboost|p2b: CM Punk|def|1
|-unboost|p2b: CM Punk|spd|1
|faint|p1a: Indeedee
|
|upkeep
|
|t:|1756495650
|switch|p1a: Torkoal|Torkoal, L50, M|100/100
|switch|p2a: Solo Sikoa|Toedscruel, L50, M|100/100
|-weather|SunnyDay|[from] ability: Drought|[of] p1a: Torkoal
|turn|5
|
|t:|1756495666
|-terastallize|p1b: Gallade|Grass
|move|p1a: Torkoal|Eruption|p2a: Solo Sikoa|[spread] p2a,p2b
|-supereffective|p2a: Solo Sikoa
|-damage|p2a: Solo Sikoa|0 fnt
|-damage|p2b: CM Punk|0 fnt
|faint|p2a: Solo Sikoa
|faint|p2b: CM Punk
|
|win|robirobo
||robirobo is ready for game 3.
||Av3z is ready for game 3.
|uhtml|next|Next: Game 3 of 3
