|j|☆Tickle monster vgc
|j|☆fookinraw42
|html|Tickle monster vgcfookinraw42    
|uhtml|bestof|Game 2 of a best-of-3
|t:|1756226862
|gametype|doubles
|player|p1|Tickle monster vgc|hilbert|
|player|p2|fookinraw42|flannery|
|gen|9
|tier|[Gen 9] VGC 2025 Reg H (Bo3)
|rule|Species Clause: Limit one of each Pokémon
|rule|Item Clause: Limit 1 of each item
|clearpoke
|poke|p1|Toedscruel, L50, M|
|poke|p1|Weezing-Galar, L50, F|
|poke|p1|Porygon-Z, L50|
|poke|p1|Garchomp, L50, M|
|poke|p1|Talonflame, L50, M|
|poke|p1|Typhlosion-Hisui, L50, F|
|poke|p2|Gholdengo, L50|
|poke|p2|Amoonguss, L50, F|
|poke|p2|Basculegion, L50, M|
|poke|p2|Incineroar, L50, F|
|poke|p2|Archaludon, L50, M|
|poke|p2|Pelipper, L50, F|
|teampreview|4
|showteam|p1|Toedscruel||CovertCloak|MyceliumMight|AcidSpray,Spore,EarthPower,RagePowder|||M|||50|,,,,,Water]Weezing-Galar||ChoiceSpecs|NeutralizingGas|DazzlingGleam,Flamethrower,StrangeSteam,SludgeBomb|||F|||50|,,,,,Ghost]Porygon-Z||FocusSash|Download|IceBeam,ShadowBall,TeraBlast,Protect||||||50|,,,,,Fighting]Garchomp||LifeOrb|RoughSkin|Earthquake,StompingTantrum,DragonClaw,Protect|||M|||50|,,,,,Ground]Talonflame||SharpBeak|GaleWings|Protect,BraveBird,FlareBlitz,Tailwind|||M|||50|,,,,,Flying]Typhlosion-Hisui||ChoiceScarf|Blaze|Eruption,HeatWave,ShadowBall,SleepTalk|||F|||50|,,,,,Fire
|showteam|p2|Gholdengo||LifeOrb|GoodasGold|MakeItRain,ShadowBall,NastyPlot,Protect||||||50|,,,,,Water]Amoonguss||SitrusBerry|Regenerator|Spore,RagePowder,PollenPuff,Protect|||F|||50|,,,,,Psychic]Basculegion||ChoiceBand|SwiftSwim|WaveCrash,FlipTurn,AquaJet,LastRespects|||M|||50|,,,,,Water]Incineroar||SafetyGoggles|Intimidate|KnockOff,PartingShot,WillOWisp,FakeOut|||F|||50|,,,,,Ghost]Archaludon||AssaultVest|Stamina|FlashCannon,DracoMeteor,ElectroShot,BodyPress|||M|||50|,,,,,Bug]Pelipper||CovertCloak|Drizzle|WeatherBall,Hurricane,Tailwind,Protect|||F|||50|,,,,,Dragon
|inactive|Battle timer is ON: inactive players will automatically lose when time's up. (requested by fookinraw42)
|j| penjamin calling
|j| roundybout
|inactive|fookinraw42 has 60 seconds left.
|
|t:|1756226912
|teamsize|p1|4
|teamsize|p2|4
|start
|switch|p1a: Toedscruel|Toedscruel, L50, M, shiny|100/100
|switch|p1b: Weezing|Weezing-Galar, L50, F, shiny|100/100
|switch|p2a: Gholdengo|Gholdengo, L50|100/100
|switch|p2b: Basculegion|Basculegion, L50, M|100/100
|-ability|p1b: Weezing|Neutralizing Gas
|turn|1
|inactive|Tickle monster vgc has 30 seconds left.
|
|t:|1756226942
|-terastallize|p1b: Weezing|Ghost
|move|p1a: Toedscruel|Spore|p2b: Basculegion
|-status|p2b: Basculegion|slp|[from] move: Spore
|move|p2a: Gholdengo|Make It Rain|p1b: Weezing|[spread] p1a,p1b
|-damage|p1a: Toedscruel|47/100
|-damage|p1b: Weezing|5/100
|-unboost|p2a: Gholdengo|spa|1
|-damage|p2a: Gholdengo|91/100|[from] item: Life Orb
|cant|p2b: Basculegion|slp
|move|p1b: Weezing|Dazzling Gleam|p2a: Gholdengo|[spread] p2a,p2b
|-resisted|p2a: Gholdengo
|-damage|p2a: Gholdengo|69/100
|-damage|p2b: Basculegion|58/100 slp
|
|upkeep
|turn|2
|j| azubbang
|
|t:|1756226965
|switch|p2b: Archaludon|Archaludon, L50, M|100/100
|move|p2a: Gholdengo|Protect|p2a: Gholdengo
|-singleturn|p2a: Gholdengo|Protect
|move|p1a: Toedscruel|Acid Spray|p2b: Archaludon
|-immune|p2b: Archaludon
|move|p1b: Weezing|Dazzling Gleam|p2b: Archaludon|[spread] p2b
|-activate|p2a: Gholdengo|move: Protect
|-damage|p2b: Archaludon|73/100
|
|upkeep
|turn|3
|
|t:|1756226986
|-end|p1b: Weezing|ability: Neutralizing Gas
|switch|p1b: Garchomp|Garchomp, L50, M|100/100
|move|p1a: Toedscruel|Spore|p2b: Archaludon
|-status|p2b: Archaludon|slp|[from] move: Spore
|move|p2a: Gholdengo|Make It Rain|p1b: Garchomp|[spread] p1a,p1b
|-damage|p1a: Toedscruel|14/100
|-damage|p1b: Garchomp|58/100
|-unboost|p2a: Gholdengo|spa|1
|-damage|p2a: Gholdengo|60/100|[from] item: Life Orb
|cant|p2b: Archaludon|slp
|
|upkeep
|turn|4
|inactive|Tickle monster vgc has 30 seconds left.
|
|t:|1756227017
|switch|p2a: Pelipper|Pelipper, L50, F|100/100
|-weather|RainDance|[from] ability: Drizzle|[of] p2a: Pelipper
|-terastallize|p2b: Archaludon|Bug
|move|p1a: Toedscruel|Earth Power|p2b: Archaludon
|-resisted|p2b: Archaludon
|-damage|p2b: Archaludon|62/100 slp
|-ability|p2b: Archaludon|Stamina|boost
|-boost|p2b: Archaludon|def|1
|move|p1b: Garchomp|Dragon Claw|p2b: Archaludon
|-damage|p2b: Archaludon|32/100 slp
|-ability|p2b: Archaludon|Stamina|boost
|-boost|p2b: Archaludon|def|1
|-damage|p1b: Garchomp|48/100|[from] item: Life Orb
|-curestatus|p2b: Archaludon|slp|[msg]
|move|p2b: Archaludon|Flash Cannon|p1a: Toedscruel
|-damage|p1a: Toedscruel|0 fnt
|faint|p1a: Toedscruel
|
|-weather|RainDance|[upkeep]
|upkeep
|l| azubbang
|
|t:|1756227032
|switch|p1a: Talonflame|Talonflame, L50, M|100/100
|turn|5
|inactive|fookinraw42 has 30 seconds left.
|inactive|fookinraw42 has 20 seconds left.
|
|t:|1756227071
|move|p1a: Talonflame|Brave Bird|p2b: Archaludon
|-supereffective|p2b: Archaludon
|-damage|p2b: Archaludon|0 fnt
|faint|p2b: Archaludon
|-damage|p1a: Talonflame|88/100|[from] Recoil
|move|p1b: Garchomp|Dragon Claw|p2a: Pelipper
|-damage|p2a: Pelipper|48/100
|-damage|p1b: Garchomp|39/100|[from] item: Life Orb
|move|p2a: Pelipper|Hurricane|p1b: Garchomp
|-damage|p1b: Garchomp|0 fnt
|faint|p1b: Garchomp
|
|-weather|RainDance|[upkeep]
|upkeep
|
|t:|1756227086
|switch|p1b: Weezing|Weezing-Galar, L50, F, shiny, tera:Ghost|5/100
|switch|p2b: Gholdengo|Gholdengo, L50|60/100
|-ability|p1b: Weezing|Neutralizing Gas
|turn|6
|
|t:|1756227107
|move|p2b: Gholdengo|Protect|p2b: Gholdengo
|-singleturn|p2b: Gholdengo|Protect
|move|p1a: Talonflame|Tailwind|p1a: Talonflame
|-sidestart|p1: Tickle monster vgc|move: Tailwind
|move|p1b: Weezing|Strange Steam|p2a: Pelipper
|-damage|p2a: Pelipper|0 fnt
|faint|p2a: Pelipper
|
|-weather|RainDance|[upkeep]
|upkeep
|
|t:|1756227115
|switch|p2a: Basculegion|Basculegion, L50, M|58/100 slp
|turn|7
|
|t:|1756227127
|move|p1a: Talonflame|Protect|p1a: Talonflame
|-singleturn|p1a: Talonflame|Protect
|move|p1b: Weezing|Strange Steam|p2a: Basculegion
|-damage|p2a: Basculegion|0 fnt
|faint|p2a: Basculegion
|move|p2b: Gholdengo|Shadow Ball|p1b: Weezing
|-supereffective|p1b: Weezing
|-damage|p1b: Weezing|0 fnt
|faint|p1b: Weezing
|-end|p1b: Weezing|ability: Neutralizing Gas
|-damage|p2b: Gholdengo|50/100|[from] item: Life Orb
|
|-weather|RainDance|[upkeep]
|upkeep
|turn|8
|
|t:|1756227141
|move|p1a: Talonflame|Protect||[still]
|-fail|p1a: Talonflame
|move|p2b: Gholdengo|Shadow Ball|p1a: Talonflame
|-damage|p1a: Talonflame|1/100
|-unboost|p1a: Talonflame|spd|1
|-damage|p2b: Gholdengo|41/100|[from] item: Life Orb
|
|-weather|none
|upkeep
|turn|9
|c| penjamin calling|OH MY GOD
|
|t:|1756227151
|move|p1a: Talonflame|Flare Blitz|p2b: Gholdengo
|-supereffective|p2b: Gholdengo
|-damage|p2b: Gholdengo|0 fnt
|faint|p2b: Gholdengo
|-damage|p1a: Talonflame|0 fnt|[from] Recoil
|faint|p1a: Talonflame
|
|win|Tickle monster vgc
|c|☆Tickle monster vgc|TALONNNN
|c|☆fookinraw42|riiiiiiiiip
|c| penjamin calling|SQWAAAAA
|c|☆Tickle monster vgc|Kms in style
|c|☆fookinraw42|real shit
|c|☆fookinraw42|ggs
|c|☆Tickle monster vgc|Ggs wp
|l| penjamin calling
|c|☆fookinraw42|imma move to the post-match chat
|c|☆Tickle monster vgc|Bet I’ll post these
