|j|☆Luckstat10
|j|☆Hackervgc
|html|Luckstat10Hackervgc    
|uhtml|bestof|Game 2 of a best-of-3
|t:|1756490625
|gametype|doubles
|player|p1|Luckstat10|1|1153
|player|p2|Hackervgc|gentleman-gen4|1168
|gen|9
|tier|[Gen 9] VGC 2025 Reg H (Bo3)
|rated|
|rule|Species Clause: Limit one of each Pokémon
|rule|Item Clause: Limit 1 of each item
|clearpoke
|poke|p1|Typhlosion-Hisui, L50, M|
|poke|p1|Jumpluff, L50, F|
|poke|p1|Torkoal, L50, M|
|poke|p1|Porygon2, L50|
|poke|p1|Ursaluna, L50, M|
|poke|p1|Mienshao, L50, F|
|poke|p2|Kingambit, L50, F|
|poke|p2|Magmar, L50, M|
|poke|p2|Dragonite, L50, F|
|poke|p2|Sneasler, L50, M|
|poke|p2|Ursaluna-Bloodmoon, L50, M|
|poke|p2|Farigiraf, L50, M|
|teampreview|4
|showteam|p1|Typhlosion-Hisui||ChoiceSpecs|Blaze|Eruption,HeatWave,ShadowBall,Overheat|||M|||50|,,,,,Fire]Jumpluff||CovertCloak|Chlorophyll|Tailwind,SleepPowder,RagePowder,SunnyDay|||F|||50|,,,,,Dark]Torkoal||EjectButton|Drought|Eruption,HeatWave,HelpingHand,Protect|||M|||50|,,,,,Fire]Porygon2||Eviolite|Download|TrickRoom,TeraBlast,IceBeam,Recover||||||50|,,,,,Fighting]Ursaluna||FlameOrb|Guts|Facade,HeadlongRush,Earthquake,Protect|||M|||50|,,,,,Ghost]Mienshao||FocusSash|InnerFocus|FakeOut,Feint,CloseCombat,Protect|||F|||50|,,,,,Fighting
|showteam|p2|Kingambit||AssaultVest|Defiant|KowtowCleave,SuckerPunch,LowKick,TeraBlast|||F|||50|,,,,,Flying]Magmar||Eviolite|VitalSpirit|FollowMe,Protect,Flamethrower,WillOWisp|||M|||50|,,,,,Grass]Dragonite||LoadedDice|Multiscale|ScaleShot,Protect,Haze,Tailwind|||F|||50|,,,,,Fairy]Sneasler||FocusSash|Unburden|ThroatChop,DireClaw,CloseCombat,Protect|||M|||50|,,,,,Stellar]Ursaluna-Bloodmoon||LifeOrb|MindsEye|BloodMoon,Protect,EarthPower,HyperVoice|||M|||50|,,,,,Normal]Farigiraf||SitrusBerry|ArmorTail|TrickRoom,HelpingHand,Psychic,Protect|||M|||50|,,,,,Water
|
|t:|1756490654
|teamsize|p1|4
|teamsize|p2|4
|start
|switch|p1a: Jumpluff|Jumpluff, L50, F, shiny|100/100
|switch|p1b: Typhlosion|Typhlosion-Hisui, L50, M|100/100
|switch|p2a: Dragonita|Dragonite, L50, F|100/100
|switch|p2b: Magmar|Magmar, L50, M|100/100
|turn|1
|
|t:|1756490684
|move|p1a: Jumpluff|Rage Powder|p1a: Jumpluff
|-singleturn|p1a: Jumpluff|move: Rage Powder
|move|p1b: Typhlosion|Eruption|p2a: Dragonita|[spread] p2a,p2b
|-resisted|p2a: Dragonita
|-resisted|p2b: Magmar
|-damage|p2a: Dragonita|79/100
|-damage|p2b: Magmar|70/100
|move|p2a: Dragonita|Scale Shot|p1a: Jumpluff
|-damage|p1a: Jumpluff|84/100
|-damage|p1a: Jumpluff|66/100
|-damage|p1a: Jumpluff|48/100
|-damage|p1a: Jumpluff|30/100
|-hitcount|p1a: Jumpluff|4
|-unboost|p2a: Dragonita|def|1
|-boost|p2a: Dragonita|spe|1
|move|p2b: Magmar|Flamethrower|p1a: Jumpluff
|-supereffective|p1a: Jumpluff
|-damage|p1a: Jumpluff|0 fnt
|faint|p1a: Jumpluff
|
|upkeep
|
|t:|1756490691
|switch|p1a: Porygon2|Porygon2, L50|100/100
|-ability|p1a: Porygon2|Download|boost
|-boost|p1a: Porygon2|atk|1
|turn|2
|
|t:|1756490701
|switch|p1b: Ursaluna|Ursaluna, L50, M, shiny|100/100
|switch|p2b: Kingambit|Kingambit, L50, F|100/100
|move|p2a: Dragonita|Scale Shot|p1b: Ursaluna
|-damage|p1b: Ursaluna|91/100
|-damage|p1b: Ursaluna|82/100
|-damage|p1b: Ursaluna|72/100
|-damage|p1b: Ursaluna|63/100
|-hitcount|p1b: Ursaluna|4
|-unboost|p2a: Dragonita|def|1
|-boost|p2a: Dragonita|spe|1
|move|p1a: Porygon2|Trick Room|p1a: Porygon2
|-fieldstart|move: Trick Room|[of] p1a: Porygon2
|
|-status|p1b: Ursaluna|brn|[from] item: Flame Orb
|upkeep
|turn|3
|
|t:|1756490730
|-terastallize|p1a: Porygon2|Fighting
|-terastallize|p2b: Kingambit|Flying
|move|p1b: Ursaluna|Facade|p2a: Dragonita
|-damage|p2a: Dragonita|0 fnt
|faint|p2a: Dragonita
|move|p1a: Porygon2|Tera Blast|p2b: Kingambit|[anim] Tera Blast Fighting
|-resisted|p2b: Kingambit
|-damage|p2b: Kingambit|89/100
|move|p2b: Kingambit|Low Kick|p1b: Ursaluna
|-supereffective|p1b: Ursaluna
|-damage|p1b: Ursaluna|2/100 brn
|
|-damage|p1b: Ursaluna|0 fnt|[from] brn
|faint|p1b: Ursaluna
|upkeep
|
|t:|1756490743
|switch|p1b: Typhlosion|Typhlosion-Hisui, L50, M|100/100
|switch|p2a: Sneasler|Sneasler, L50, M|100/100
|turn|4
|
|t:|1756490753
|move|p1a: Porygon2|Ice Beam|p2b: Kingambit
|-supereffective|p2b: Kingambit
|-damage|p2b: Kingambit|58/100
|move|p2b: Kingambit|Kowtow Cleave|p1b: Typhlosion
|-supereffective|p1b: Typhlosion
|-damage|p1b: Typhlosion|0 fnt
|faint|p1b: Typhlosion
|move|p2a: Sneasler|Dire Claw|p1a: Porygon2
|-damage|p1a: Porygon2|77/100
|
|upkeep
|turn|5
|
|t:|1756490770
|move|p1a: Porygon2|Ice Beam|p2b: Kingambit
|-supereffective|p2b: Kingambit
|-damage|p2b: Kingambit|27/100
|-status|p2b: Kingambit|frz
|cant|p2b: Kingambit|frz
|move|p2a: Sneasler|Close Combat|p1a: Porygon2
|-damage|p1a: Porygon2|45/100
|-unboost|p2a: Sneasler|def|1
|-unboost|p2a: Sneasler|spd|1
|
|upkeep
|turn|6
|
|t:|1756490790
|switch|p2b: Magmar|Magmar, L50, M|70/100
|move|p1a: Porygon2|Tera Blast|p2a: Sneasler|[anim] Tera Blast Fighting
|-resisted|p2a: Sneasler
|-damage|p2a: Sneasler|56/100
|move|p2a: Sneasler|Close Combat|p1a: Porygon2
|-damage|p1a: Porygon2|14/100
|-unboost|p2a: Sneasler|def|1
|-unboost|p2a: Sneasler|spd|1
|
|-fieldend|move: Trick Room
|upkeep
|turn|7
|
|t:|1756490798
|switch|p2a: Kingambit|Kingambit, L50, F, tera:Flying|27/100 frz
|move|p2b: Magmar|Flamethrower|p1a: Porygon2
|-damage|p1a: Porygon2|0 fnt
|faint|p1a: Porygon2
|
|win|Hackervgc
||Luckstat10 is ready for game 3.
||Hackervgc is ready for game 3.
|uhtml|next|Next: Game 3 of 3
|l|☆Luckstat10
|player|p1|
