|j|☆Klakierowski
|j|☆kojay
|html|Klakierowskikojay    
|uhtml|bestof|Game 1 of a best-of-3
|t:|1756835111
|gametype|doubles
|player|p1|Klakierowski|bugcatcher-gen4dp|1093
|player|p2|kojay|kamado-armor|1184
|gen|9
|tier|[Gen 9] VGC 2025 Reg H (Bo3)
|rated|
|rule|Species Clause: Limit one of each Pokémon
|rule|Item Clause: Limit 1 of each item
|clearpoke
|poke|p1|Poliwrath, L50, F|
|poke|p1|Politoed, L50, F|
|poke|p1|Basculegion, L50, M|
|poke|p1|Amoonguss, L50, F|
|poke|p1|Annihilape, L50, F|
|poke|p1|Hitmontop, L50, M|
|poke|p2|Garchomp, L50, M|
|poke|p2|Sneasler, L50, M|
|poke|p2|Incineroar, L50, M|
|poke|p2|Dragonite, L50, M|
|poke|p2|Gholdengo, L50|
|poke|p2|Talonflame, L50, M|
|teampreview|4
|showteam|p1|Poliwrath||CovertCloak|SwiftSwim|Coaching,Encore,HelpingHand,KnockOff|||F|||50|,,,,,Steel]Politoed||SitrusBerry|Drizzle|IcyWind,Encore,Protect,WeatherBall|||F|||50|,,,,,Grass]Basculegion||LifeOrb|SwiftSwim|WaveCrash,ZenHeadbutt,Crunch,FlipTurn|||M|||50|,,,,,Steel]Amoonguss||Leftovers|Regenerator|PollenPuff,RagePowder,Spore,SludgeBomb|||F|||50|,,,,,Dark]Annihilape||SafetyGoggles|Defiant|CloseCombat,DrainPunch,FinalGambit,RageFist|||F|||50|,,,,,Water]Hitmontop||FocusSash|Intimidate|FakeOut,BrickBreak,Detect,Endeavor|||M|||50|,,,,,Dark
|showteam|p2|Garchomp||LifeOrb|RoughSkin|Earthquake,DragonClaw,StompingTantrum,Protect|||M|||50|,,,,,Ground]Sneasler||WhiteHerb|Unburden|Coaching,Protect,DireClaw,CloseCombat|||M|||50|,,,,,Ghost]Incineroar||SafetyGoggles|Intimidate|FakeOut,FlareBlitz,KnockOff,PartingShot|||M|||50|,,,,,Ghost]Dragonite||LoadedDice|InnerFocus|TeraBlast,ScaleShot,Tailwind,Protect|||M|||50|,,,,,Flying]Gholdengo||ChoiceScarf|GoodasGold|MakeItRain,ShadowBall,Trick,Thunderbolt||||||50|,,,,,Steel]Talonflame||CovertCloak|GaleWings|Tailwind,BraveBird,Taunt,Feint|||M|||50|,,,,,Flying
|inactive|Battle timer is ON: inactive players will automatically lose when time's up. (requested by Klakierowski)
|inactive|kojay has 60 seconds left.
|
|t:|1756835198
|teamsize|p1|4
|teamsize|p2|4
|start
|switch|p1a: Politoed|Politoed, L50, F|100/100
|switch|p1b: Poliwrath|Poliwrath, L50, F|100/100
|switch|p2a: Talonflame|Talonflame, L50, M, shiny|100/100
|switch|p2b: Dragonite|Dragonite, L50, M, shiny|100/100
|-weather|RainDance|[from] ability: Drizzle|[of] p1a: Politoed
|turn|1
|inactive|Klakierowski has 30 seconds left.
|inactive|kojay has 30 seconds left.
|inactive|kojay has 20 seconds left.
|inactive|Klakierowski has 20 seconds left.
|inactive|kojay has 15 seconds left.
|
|t:|1756835238
|switch|p1b: Basculegion|Basculegion, L50, M|100/100
|move|p2a: Talonflame|Tailwind|p2a: Talonflame
|-sidestart|p2: kojay|move: Tailwind
|move|p2b: Dragonite|Scale Shot|p1a: Politoed
|-damage|p1a: Politoed|82/100
|-damage|p1a: Politoed|65/100
|-damage|p1a: Politoed|47/100
|-enditem|p1a: Politoed|Sitrus Berry|[eat]
|-heal|p1a: Politoed|72/100|[from] item: Sitrus Berry
|-damage|p1a: Politoed|56/100
|-hitcount|p1a: Politoed|4
|-unboost|p2b: Dragonite|def|1
|-boost|p2b: Dragonite|spe|1
|move|p1a: Politoed|Weather Ball|p2a: Talonflame
|-supereffective|p2a: Talonflame
|-damage|p2a: Talonflame|0 fnt
|faint|p2a: Talonflame
|
|-weather|RainDance|[upkeep]
|upkeep
|inactive|kojay has 30 seconds left.
|inactive|kojay has 20 seconds left.
|inactive|kojay has 15 seconds left.
|inactive|kojay has 10 seconds left.
|
|t:|1756835284
|switch|p2a: Gholdengo|Gholdengo, L50|100/100
|turn|2
|
|t:|1756835308
|-terastallize|p1b: Basculegion|Steel
|move|p2a: Gholdengo|Shadow Ball|p1b: Basculegion
|-damage|p1b: Basculegion|50/100
|move|p2b: Dragonite|Scale Shot|p1b: Basculegion
|-resisted|p1b: Basculegion
|-damage|p1b: Basculegion|40/100
|-resisted|p1b: Basculegion
|-damage|p1b: Basculegion|30/100
|-resisted|p1b: Basculegion
|-damage|p1b: Basculegion|20/100
|-resisted|p1b: Basculegion
|-damage|p1b: Basculegion|11/100
|-hitcount|p1b: Basculegion|4
|-unboost|p2b: Dragonite|def|1
|-boost|p2b: Dragonite|spe|1
|move|p1b: Basculegion|Crunch|p2a: Gholdengo
|-supereffective|p2a: Gholdengo
|-damage|p2a: Gholdengo|13/100
|-damage|p1b: Basculegion|1/100|[from] item: Life Orb
|move|p1a: Politoed|Icy Wind|p2b: Dragonite|[spread] p2a,p2b
|-resisted|p2a: Gholdengo
|-supereffective|p2b: Dragonite
|-damage|p2a: Gholdengo|8/100
|-damage|p2b: Dragonite|62/100
|-unboost|p2a: Gholdengo|spe|1
|-unboost|p2b: Dragonite|spe|1
|
|-weather|RainDance|[upkeep]
|upkeep
|turn|3
|inactive|Klakierowski has 30 seconds left.
|inactive|kojay has 30 seconds left.
|
|t:|1756835344
|switch|p1b: Amoonguss|Amoonguss, L50, F|100/100
|move|p2b: Dragonite|Scale Shot|p1a: Politoed
|-damage|p1a: Politoed|39/100
|-damage|p1a: Politoed|21/100
|-damage|p1a: Politoed|4/100
|-damage|p1a: Politoed|0 fnt
|faint|p1a: Politoed
|-hitcount|p1: Politoed|4
|-unboost|p2b: Dragonite|def|1
|-boost|p2b: Dragonite|spe|1
|move|p2a: Gholdengo|Shadow Ball|p1b: Amoonguss
|-damage|p1b: Amoonguss|67/100
|-unboost|p1b: Amoonguss|spd|1
|
|-weather|RainDance|[upkeep]
|-heal|p1b: Amoonguss|73/100|[from] item: Leftovers
|upkeep
|
|t:|1756835352
|switch|p1a: Basculegion|Basculegion, L50, M, tera:Steel|1/100
|turn|4
|
|t:|1756835365
|-terastallize|p2b: Dragonite|Flying
|move|p2b: Dragonite|Tera Blast|p1b: Amoonguss|[anim] Tera Blast Flying
|-supereffective|p1b: Amoonguss
|-damage|p1b: Amoonguss|0 fnt
|faint|p1b: Amoonguss
|move|p2a: Gholdengo|Shadow Ball|p1a: Basculegion
|-damage|p1a: Basculegion|0 fnt
|faint|p1a: Basculegion
|
|-weather|RainDance|[upkeep]
|-sideend|p2: kojay|move: Tailwind
|upkeep
|
|t:|1756835370
|switch|p1b: Poliwrath|Poliwrath, L50, F|100/100
|turn|5
|-message|Klakierowski forfeited.
|
|win|kojay
