|j|☆elektrosteff
|j|☆HalcyonJon
|html|elektrosteffHalcyonJon    
|uhtml|bestof|Game 1 of a best-of-3
|t:|1757924434
|gametype|doubles
|player|p1|elektrosteff|265|1152
|player|p2|HalcyonJon|pokemonbreeder|1255
|gen|9
|tier|[Gen 9] VGC 2025 Reg H (Bo3)
|rated|
|rule|Species Clause: Limit one of each Pokémon
|rule|Item Clause: Limit 1 of each item
|clearpoke
|poke|p1|Ursaluna-Bloodmoon, L50, M|
|poke|p1|Rillaboom, L50, F|
|poke|p1|Sneasler, L50, F|
|poke|p1|Grimmsnarl, L50, M|
|poke|p1|Incineroar, L50, M|
|poke|p1|Sinistcha, L50|
|poke|p2|Meowstic-F, L50, F|
|poke|p2|Indeedee-F, L50, F|
|poke|p2|Decidueye-Hisui, L50, M|
|poke|p2|Sneasler, L50, F|
|poke|p2|Tyranitar, L50, M|
|poke|p2|Exeggutor-Alola, L50, F|
|teampreview|4
|showteam|p1|Ursaluna-Bloodmoon||Leftovers|MindsEye|BloodMoon,EarthPower,CalmMind,Protect|||M|||50|,,,,,Electric]Rillaboom||LifeOrb|GrassySurge|FakeOut,GrassyGlide,StompingTantrum,WoodHammer|||F|||50|,,,,,Fire]Sneasler||GrassySeed|Unburden|DireClaw,CloseCombat,ThroatChop,Protect|||F|||50|,,,,,Dark]Grimmsnarl||CovertCloak|Prankster|SpiritBreak,Reflect,LightScreen,ThunderWave|||M|||50|,,,,,Steel]Incineroar||RockyHelmet|Intimidate|KnockOff,FakeOut,WillOWisp,PartingShot|||M|||50|,,,,,Grass]Sinistcha||SitrusBerry|Hospitality|MatchaGotcha,RagePowder,StrengthSap,TrickRoom||||||50|,,,,,Water
|showteam|p2|Meowstic-F||FocusSash|Competitive|ExpandingForce,TeraBlast,NastyPlot,Protect|||F|||50|,,,,,Ground]Indeedee-F||RockyHelmet|PsychicSurge|Psychic,FollowMe,HelpingHand,TrickRoom|||F|||50|,,,,,Fairy]Decidueye-Hisui||ScopeLens|Scrappy|TripleArrows,LeafBlade,Haze,Tailwind|||M|||50|,,,,,Rock]Sneasler||PsychicSeed|Unburden|CloseCombat,DireClaw,SwordsDance,Protect|||F|||50|,,,,,Rock]Tyranitar||AssaultVest|SandStream|KnockOff,RockSlide,TeraBlast,LowKick|||M|||50|,,,,,Flying]Exeggutor-Alola||SitrusBerry|Harvest|DracoMeteor,EnergyBall,Flamethrower,TrickRoom|||F|||50|,,,,,Fire
|
|t:|1757924490
|teamsize|p1|4
|teamsize|p2|4
|start
|switch|p1a: Sneasler|Sneasler, L50, F|100/100
|switch|p1b: Grimmsnarl|Grimmsnarl, L50, M|100/100
|switch|p2a: Meowstic|Meowstic-F, L50, F|100/100
|switch|p2b: Indeedee|Indeedee-F, L50, F|100/100
|-fieldstart|move: Psychic Terrain|[from] ability: Psychic Surge|[of] p2b: Indeedee
|turn|1
|
|t:|1757924522
|-terastallize|p1a: Sneasler|Dark
|move|p2b: Indeedee|Follow Me|p2b: Indeedee
|-singleturn|p2b: Indeedee|move: Follow Me
|move|p1a: Sneasler|Throat Chop|p2b: Indeedee
|-supereffective|p2b: Indeedee
|-damage|p2b: Indeedee|11/100
|-start|p2b: Indeedee|Throat Chop|[silent]
|-damage|p1a: Sneasler|84/100|[from] item: Rocky Helmet|[of] p2b: Indeedee
|move|p2a: Meowstic|Nasty Plot|p2a: Meowstic
|-boost|p2a: Meowstic|spa|2
|move|p1b: Grimmsnarl|Spirit Break|p2b: Indeedee
|-damage|p2b: Indeedee|0 fnt
|-damage|p1b: Grimmsnarl|84/100|[from] item: Rocky Helmet|[of] p2b: Indeedee
|faint|p2b: Indeedee
|
|upkeep
|
|t:|1757924541
|switch|p2b: Sneasler|Sneasler, L50, F|100/100
|-enditem|p2b: Sneasler|Psychic Seed
|-boost|p2b: Sneasler|spd|1|[from] item: Psychic Seed
|turn|2
|
|t:|1757924555
|switch|p1a: Rillaboom|Rillaboom, L50, F|100/100
|-fieldstart|move: Grassy Terrain|[from] ability: Grassy Surge|[of] p1a: Rillaboom
|-terastallize|p2a: Meowstic|Ground
|move|p1b: Grimmsnarl|Thunder Wave|p2b: Sneasler|[miss]
|-miss|p1b: Grimmsnarl|p2b: Sneasler
|move|p2b: Sneasler|Close Combat|p1a: Rillaboom
|-damage|p1a: Rillaboom|31/100
|-unboost|p2b: Sneasler|def|1
|-unboost|p2b: Sneasler|spd|1
|move|p2a: Meowstic|Tera Blast|p1b: Grimmsnarl|[anim] Tera Blast Ground
|-damage|p1b: Grimmsnarl|31/100
|
|-heal|p1a: Rillaboom|37/100|[from] Grassy Terrain
|-heal|p1b: Grimmsnarl|37/100|[from] Grassy Terrain
|upkeep
|turn|3
|
|t:|1757924581
|move|p2a: Meowstic|Protect|p2a: Meowstic
|-singleturn|p2a: Meowstic|Protect
|move|p1b: Grimmsnarl|Thunder Wave|p2b: Sneasler
|-status|p2b: Sneasler|par
|cant|p2b: Sneasler|par
|move|p1a: Rillaboom|Stomping Tantrum|p2b: Sneasler
|-supereffective|p2b: Sneasler
|-damage|p2b: Sneasler|0 fnt
|faint|p2b: Sneasler
|-damage|p1a: Rillaboom|27/100|[from] item: Life Orb
|
|-heal|p1a: Rillaboom|33/100|[from] Grassy Terrain
|-heal|p1b: Grimmsnarl|43/100|[from] Grassy Terrain
|upkeep
|
|t:|1757924594
|switch|p2b: Decidueye|Decidueye-Hisui, L50, M|100/100
|turn|4
|
|t:|1757924612
|move|p1a: Rillaboom|Grassy Glide|p2a: Meowstic
|-supereffective|p2a: Meowstic
|-enditem|p2a: Meowstic|Focus Sash
|-damage|p2a: Meowstic|1/100
|-damage|p1a: Rillaboom|24/100|[from] item: Life Orb
|move|p1b: Grimmsnarl|Reflect|p1b: Grimmsnarl
|-sidestart|p1: elektrosteff|Reflect
|move|p2a: Meowstic|Tera Blast|p1b: Grimmsnarl|[anim] Tera Blast Ground
|-damage|p1b: Grimmsnarl|0 fnt
|faint|p1b: Grimmsnarl
|move|p2b: Decidueye|Triple Arrows|p1a: Rillaboom
|-damage|p1a: Rillaboom|0 fnt
|faint|p1a: Rillaboom
|
|-heal|p2a: Meowstic|7/100|[from] Grassy Terrain
|upkeep
|
|t:|1757924628
|switch|p1a: Incineroar|Incineroar, L50, M|100/100
|switch|p1b: Sneasler|Sneasler, L50, F, tera:Dark|84/100
|-ability|p1a: Incineroar|Intimidate|boost
|-unboost|p2a: Meowstic|atk|1
|-ability|p2a: Meowstic|Competitive|boost
|-boost|p2a: Meowstic|spa|2
|-fail|p2b: Decidueye|unboost|Attack|[from] ability: Scrappy|[of] p2b: Decidueye
|-enditem|p1b: Sneasler|Grassy Seed
|-boost|p1b: Sneasler|def|1|[from] item: Grassy Seed
|turn|5
|
|t:|1757924651
|move|p2a: Meowstic|Protect|p2a: Meowstic
|-singleturn|p2a: Meowstic|Protect
|move|p1a: Incineroar|Fake Out|p2b: Decidueye
|-damage|p2b: Decidueye|92/100
|move|p1b: Sneasler|Dire Claw|p2b: Decidueye
|-supereffective|p2b: Decidueye
|-damage|p2b: Decidueye|12/100
|-status|p2b: Decidueye|psn
|cant|p2b: Decidueye|flinch
|
|-heal|p1b: Sneasler|90/100|[from] Grassy Terrain
|-heal|p2a: Meowstic|13/100|[from] Grassy Terrain
|-heal|p2b: Decidueye|18/100 psn|[from] Grassy Terrain
|-damage|p2b: Decidueye|6/100 psn|[from] psn
|upkeep
|turn|6
|
|t:|1757924682
|move|p1b: Sneasler|Protect|p1b: Sneasler
|-singleturn|p1b: Sneasler|Protect
|move|p2a: Meowstic|Tera Blast|p1a: Incineroar|[anim] Tera Blast Ground
|-supereffective|p1a: Incineroar
|-damage|p1a: Incineroar|0 fnt
|faint|p1a: Incineroar
|move|p2b: Decidueye|Triple Arrows|p1b: Sneasler
|-activate|p1b: Sneasler|move: Protect
|
|-heal|p1b: Sneasler|95/100|[from] Grassy Terrain
|-heal|p2a: Meowstic|19/100|[from] Grassy Terrain
|-heal|p2b: Decidueye|12/100 psn|[from] Grassy Terrain
|-damage|p2b: Decidueye|0 fnt|[from] psn
|faint|p2b: Decidueye
|-fieldend|move: Grassy Terrain
|upkeep
|turn|7
|-message|HalcyonJon forfeited.
|
|win|elektrosteff
||HalcyonJon is ready for game 2.
||elektrosteff is ready for game 2.
|uhtml|next|Next: Game 2 of 3
