|j|☆Shabalako
|j|☆ErTest25
|html|ShabalakoErTest25    
|uhtml|bestof|Game 3 of a best-of-3
|t:|1756757888
|gametype|doubles
|player|p1|Shabalako|102|1069
|player|p2|ErTest25|infielder|1000
|gen|9
|tier|[Gen 9] VGC 2025 Reg H (Bo3)
|rated|
|rule|Species Clause: Limit one of each Pokémon
|rule|Item Clause: Limit 1 of each item
|clearpoke
|poke|p1|Dachsbun, L50, M|
|poke|p1|Torkoal, L50, M|
|poke|p1|Typhlosion-Hisui, L50, M|
|poke|p1|Kingambit, L50, F|
|poke|p1|Rillaboom, L50, M|
|poke|p1|Zoroark-Hisui, L50, M|
|poke|p2|Archaludon, L50, F|
|poke|p2|Gholdengo, L50|
|poke|p2|Ursaluna, L50, M|
|poke|p2|Pelipper, L50, F|
|poke|p2|Sinistcha-Masterpiece, L50|
|poke|p2|Dragonite, L50, F|
|teampreview|4
|showteam|p1|Dachsbun||Leftovers|WellBakedBody|BodyPress,Snarl,Rest,Yawn|||M|||50|,,,,,Steel]Torkoal||SitrusBerry|Drought|WeatherBall,Eruption,LavaPlume,Protect|||M|||50|,,,,,Dragon]Typhlosion-Hisui||ChoiceScarf|Blaze|Eruption,ShadowBall,LavaPlume,Overheat|||M|||50|,,,,,Dark]Kingambit||SafetyGoggles|Defiant|SuckerPunch,Assurance,Protect,SwordsDance|||F|||50|,,,,,Dark]Rillaboom||AssaultVest|GrassySurge|FakeOut,GrassyGlide,WoodHammer,Uturn|||M|||50|,,,,,Grass]Zoroark-Hisui||ChoiceSpecs|Illusion|Snarl,BitterMalice,HyperVoice,HyperBeam|||M|||50|,,,,,Normal
|showteam|p2|Archaludon||AssaultVest|Stamina|FlashCannon,ElectroShot,BodyPress,Snarl|||F|||50|,,,,,Fighting]Gholdengo||ChoiceScarf|GoodasGold|MakeItRain,ShadowBall,PowerGem,Trick||||||50|,,,,,Flying]Ursaluna||FlameOrb|Guts|HeadlongRush,Facade,Earthquake,Protect|||M|||50|,,,,,Water]Pelipper||SafetyGoggles|Drizzle|MuddyWater,Hurricane,Tailwind,Protect|||F|||50|,,,,,Steel]Sinistcha-Masterpiece||SitrusBerry|Hospitality|MatchaGotcha,LifeDew,RagePowder,TrickRoom||||||50|,,,,,Grass]Dragonite||LoadedDice|Multiscale|ScaleShot,Tailwind,Haze,Protect|||F|||50|,,,,,Dragon
|
|t:|1756757948
|teamsize|p1|4
|teamsize|p2|4
|start
|switch|p1a: Typhlosion|Typhlosion-Hisui, L50, M|100/100
|switch|p1b: Kingambit|Kingambit, L50, F, shiny|100/100
|switch|p2a: Ursaluna|Ursaluna, L50, M|100/100
|switch|p2b: Dragonite|Dragonite, L50, F|100/100
|turn|1
|inactive|Battle timer is ON: inactive players will automatically lose when time's up. (requested by Shabalako)
|
|t:|1756757977
|switch|p1a: Rillaboom|Rillaboom, L50, M, shiny|100/100
|-fieldstart|move: Grassy Terrain|[from] ability: Grassy Surge|[of] p1a: Rillaboom
|-terastallize|p2a: Ursaluna|Water
|-terastallize|p1b: Kingambit|Dark
|move|p2b: Dragonite|Tailwind|p2b: Dragonite
|-sidestart|p2: ErTest25|move: Tailwind
|move|p2a: Ursaluna|Earthquake|p1b: Kingambit|[spread] p1a,p1b
|-immune|p2b: Dragonite
|-resisted|p1a: Rillaboom
|-damage|p1a: Rillaboom|90/100
|-damage|p1b: Kingambit|83/100
|move|p1b: Kingambit|Swords Dance|p1b: Kingambit
|-boost|p1b: Kingambit|atk|2
|
|-heal|p1a: Rillaboom|96/100|[from] Grassy Terrain
|-heal|p1b: Kingambit|88/100|[from] Grassy Terrain
|-status|p2a: Ursaluna|brn|[from] item: Flame Orb
|upkeep
|turn|2
|inactive|Shabalako has 30 seconds left.
|inactive|ErTest25 has 30 seconds left.
|
|t:|1756758015
|move|p1a: Rillaboom|Grassy Glide|p2a: Ursaluna
|-supereffective|p2a: Ursaluna
|-damage|p2a: Ursaluna|40/100 brn
|move|p2b: Dragonite|Scale Shot|p1b: Kingambit
|-damage|p1b: Kingambit|79/100
|-damage|p1b: Kingambit|69/100
|-damage|p1b: Kingambit|60/100
|-damage|p1b: Kingambit|51/100
|-damage|p1b: Kingambit|42/100
|-hitcount|p1b: Kingambit|5
|-unboost|p2b: Dragonite|def|1
|-boost|p2b: Dragonite|spe|1
|move|p2a: Ursaluna|Facade|p1b: Kingambit
|-damage|p1b: Kingambit|0 fnt
|faint|p1b: Kingambit
|
|-heal|p2a: Ursaluna|46/100 brn|[from] Grassy Terrain
|-heal|p1a: Rillaboom|100/100|[from] Grassy Terrain
|-damage|p2a: Ursaluna|40/100 brn|[from] brn
|upkeep
|inactive|Shabalako has 30 seconds left.
|
|t:|1756758041
|switch|p1b: Typhlosion|Typhlosion-Hisui, L50, M|100/100
|turn|3
|
|t:|1756758062
|switch|p2a: Pelipper|Pelipper, L50, F|100/100
|-weather|RainDance|[from] ability: Drizzle|[of] p2a: Pelipper
|move|p2b: Dragonite|Scale Shot|p1b: Typhlosion|[miss]
|-miss|p2b: Dragonite|p1b: Typhlosion
|move|p1b: Typhlosion|Shadow Ball|p2b: Dragonite
|-damage|p2b: Dragonite|82/100
|move|p1a: Rillaboom|Wood Hammer|p2b: Dragonite
|-resisted|p2b: Dragonite
|-crit|p2b: Dragonite
|-damage|p2b: Dragonite|40/100
|-damage|p1a: Rillaboom|87/100|[from] Recoil
|
|-weather|RainDance|[upkeep]
|-heal|p1a: Rillaboom|93/100|[from] Grassy Terrain
|upkeep
|turn|4
|inactive|Shabalako has 30 seconds left.
|inactive|Shabalako has 20 seconds left.
|
|t:|1756758098
|switch|p1a: Torkoal|Torkoal, L50, M|100/100
|-weather|SunnyDay|[from] ability: Drought|[of] p1a: Torkoal
|move|p2b: Dragonite|Scale Shot|p1b: Typhlosion
|-damage|p1b: Typhlosion|82/100
|-damage|p1b: Typhlosion|64/100
|-damage|p1b: Typhlosion|47/100
|-damage|p1b: Typhlosion|31/100
|-hitcount|p1b: Typhlosion|4
|-unboost|p2b: Dragonite|def|1
|-boost|p2b: Dragonite|spe|1
|move|p2a: Pelipper|Muddy Water|p1a: Torkoal|[spread] p1a,p1b
|-supereffective|p1a: Torkoal
|-supereffective|p1b: Typhlosion
|-damage|p1a: Torkoal|62/100
|-damage|p1b: Typhlosion|0 fnt
|faint|p1b: Typhlosion
|
|-weather|SunnyDay|[upkeep]
|-heal|p1a: Torkoal|68/100|[from] Grassy Terrain
|-sideend|p2: ErTest25|move: Tailwind
|upkeep
|
|t:|1756758112
|switch|p1b: Rillaboom|Rillaboom, L50, M, shiny|93/100
|turn|5
|
|t:|1756758123
|switch|p2a: Gholdengo|Gholdengo, L50|100/100
|move|p2b: Dragonite|Protect|p2b: Dragonite
|-singleturn|p2b: Dragonite|Protect
|move|p1b: Rillaboom|Wood Hammer|p2a: Gholdengo
|-resisted|p2a: Gholdengo
|-damage|p2a: Gholdengo|50/100
|-damage|p1b: Rillaboom|80/100|[from] Recoil
|move|p1a: Torkoal|Weather Ball|p2b: Dragonite
|-activate|p2b: Dragonite|move: Protect
|
|-weather|SunnyDay|[upkeep]
|-heal|p2a: Gholdengo|56/100|[from] Grassy Terrain
|-heal|p1b: Rillaboom|85/100|[from] Grassy Terrain
|-heal|p1a: Torkoal|75/100|[from] Grassy Terrain
|-fieldend|move: Grassy Terrain
|upkeep
|turn|6
|inactive|ErTest25 has 30 seconds left.
|
|t:|1756758151
|move|p2b: Dragonite|Scale Shot|p1b: Rillaboom
|-damage|p1b: Rillaboom|74/100
|-damage|p1b: Rillaboom|62/100
|-damage|p1b: Rillaboom|50/100
|-damage|p1b: Rillaboom|36/100
|-damage|p1b: Rillaboom|24/100
|-hitcount|p1b: Rillaboom|5
|-unboost|p2b: Dragonite|def|1
|-boost|p2b: Dragonite|spe|1
|move|p2a: Gholdengo|Shadow Ball|p1b: Rillaboom
|-damage|p1b: Rillaboom|0 fnt
|faint|p1b: Rillaboom
|move|p1a: Torkoal|Weather Ball|p2a: Gholdengo
|-supereffective|p2a: Gholdengo
|-damage|p2a: Gholdengo|0 fnt
|faint|p2a: Gholdengo
|
|-weather|SunnyDay|[upkeep]
|upkeep
|
|t:|1756758166
|switch|p2a: Pelipper|Pelipper, L50, F|100/100
|-weather|RainDance|[from] ability: Drizzle|[of] p2a: Pelipper
|turn|7
|-message|Shabalako forfeited.
|raw|Shabalako's rating: 1069 → 1045(-24 for losing)
|raw|ErTest25's rating: 1000 → 1048(+48 for winning)
|
|win|ErTest25
