|j|☆UraniumVGC
|j|☆Prepucio Santos
|html|UraniumVGCPrepucio Santos    
|uhtml|bestof|Game 2 of a best-of-3
|t:|1784629054
|gametype|doubles
|player|p1|UraniumVGC|aaron|1152
|player|p2|Prepucio Santos|striker|1270
|gen|9
|tier|[Gen 9 Champions] VGC 2026 Reg M-B (Bo3)
|rated|
|rule|Species Clause: Limit one of each Pokémon
|rule|Item Clause: Limit 1 of each item
|clearpoke
|poke|p1|Garchomp, L50, F|
|poke|p1|Delphox, L50, M|
|poke|p1|Sinistcha, L50|
|poke|p1|Whimsicott, L50, F|
|poke|p1|Toxapex, L50, M|
|poke|p1|Grimmsnarl, L50, M|
|poke|p2|Incineroar, L50, M|
|poke|p2|Maushold, L50|
|poke|p2|Sinistcha, L50|
|poke|p2|Sneasler, L50, M|
|poke|p2|Blastoise, L50, F|
|poke|p2|Delphox, L50, M|
|teampreview|4
|showteam|p1|Garchomp||LifeOrb|RoughSkin|Earthquake,RockSlide,DragonClaw,Protect|Adamant||F|||50|]Delphox||Delphoxite|Blaze|Protect,HeatWave,Psyshock,NastyPlot|Bold||M|||50|]Sinistcha||SitrusBerry|Hospitality|TrickRoom,MatchaGotcha,RagePowder,Protect|Bold|||||50|]Whimsicott||FocusSash|Prankster|Tailwind,SunnyDay,Moonblast,Protect|Modest||F|||50|]Toxapex||Leftovers|Regenerator|Toxic,Infestation,BanefulBunker,PainSplit|Bold||M|||50|]Grimmsnarl||LightClay|Prankster|PartingShot,LightScreen,Reflect,FakeOut|Careful||M|||50|
|showteam|p2|Incineroar||SitrusBerry|Intimidate|FakeOut,FlareBlitz,ThroatChop,PartingShot|Impish||M|||50|]Maushold||ChopleBerry|FriendGuard|SuperFang,Feint,FollowMe,Protect|Impish|||||50|]Sinistcha||KasibBerry|Hospitality|MatchaGotcha,LifeDew,RagePowder,TrickRoom|Bold|||||50|]Sneasler||FocusSash|PoisonTouch|FakeOut,CloseCombat,DireClaw,QuickGuard|Jolly||M|||50|]Blastoise||Blastoisinite|RainDish|WaterSpout,DarkPulse,ShellSmash,Protect|Modest||F|||50|]Delphox||Delphoxite|Blaze|HeatWave,Psyshock,NastyPlot,Protect|Timid||M|||50|
|inactive|Battle timer is ON: inactive players will automatically lose when time's up. (requested by UraniumVGC)
|inactive|Prepucio Santos has 60 seconds left.
|inactive|Prepucio Santos has 30 seconds left.
|inactive|Prepucio Santos has 20 seconds left.
|inactive|Prepucio Santos has 15 seconds left.
|inactive|Prepucio Santos has 10 seconds left.
|
|t:|1784629185
|teamsize|p1|4
|teamsize|p2|4
|start
|switch|p1a: Grimmsnarl|Grimmsnarl, L50, M|100/100
|switch|p1b: Whimsicott|Whimsicott, L50, F|100/100
|switch|p2a: Maushold|Maushold, L50|100/100
|switch|p2b: Delphox|Delphox, L50, M|100/100
|turn|1
|
|t:|1784629200
|detailschange|p2b: Delphox|Delphox-Mega, L50, M
|-mega|p2b: Delphox|Delphox|Delphoxite
|move|p1a: Grimmsnarl|Fake Out|p2b: Delphox
|-damage|p2b: Delphox|88/100
|move|p1b: Whimsicott|Tailwind|p1b: Whimsicott
|-sidestart|p1: UraniumVGC|move: Tailwind
|cant|p2b: Delphox|flinch
|move|p2a: Maushold|Super Fang|p1a: Grimmsnarl
|-damage|p1a: Grimmsnarl|50/100y
|
|upkeep
|turn|2
|
|t:|1784629215
|move|p2a: Maushold|Follow Me|p2a: Maushold
|-singleturn|p2a: Maushold|move: Follow Me
|move|p1a: Grimmsnarl|Light Screen|p1a: Grimmsnarl
|-sidestart|p1: UraniumVGC|move: Light Screen
|move|p1b: Whimsicott|Moonblast|p2a: Maushold
|-damage|p2a: Maushold|55/100
|move|p2b: Delphox|Heat Wave|p1b: Whimsicott|[spread] p1a,p1b
|-supereffective|p1b: Whimsicott|1
|-damage|p1a: Grimmsnarl|29/100
|-damage|p1b: Whimsicott|25/100
|
|upkeep
|turn|3
|
|t:|1784629226
|move|p2a: Maushold|Feint|p1b: Whimsicott
|-damage|p1b: Whimsicott|13/100
|move|p1a: Grimmsnarl|Parting Shot|p2a: Maushold
|-unboost|p2a: Maushold|atk|1
|-unboost|p2a: Maushold|spa|1
|
|t:|1784629231
|switch|p1a: Toxapex|Toxapex, L50, M|100/100|[from] Parting Shot
|move|p1b: Whimsicott|Moonblast|p2a: Maushold
|-damage|p2a: Maushold|13/100
|move|p2b: Delphox|Heat Wave|p1b: Whimsicott|[spread] p1a,p1b
|-resisted|p1a: Toxapex|1
|-supereffective|p1b: Whimsicott|1
|-damage|p1a: Toxapex|89/100
|-damage|p1b: Whimsicott|0 fnt
|faint|p1b: Whimsicott
|
|-heal|p1a: Toxapex|95/100|[from] item: Leftovers
|upkeep
|
|t:|1784629240
|switch|p1b: Garchomp|Garchomp, L50, F|100/100
|turn|4
|
|t:|1784629248
|switch|p2a: Incineroar|Incineroar, L50, M|100/100
|-ability|p2a: Incineroar|Intimidate|boost
|-unboost|p1a: Toxapex|atk|1
|-unboost|p1b: Garchomp|atk|1
|move|p2b: Delphox|Protect|p2b: Delphox
|-singleturn|p2b: Delphox|Protect
|move|p1b: Garchomp|Rock Slide|p2b: Delphox|[spread] p2a
|-activate|p2b: Delphox|move: Protect
|-supereffective|p2a: Incineroar|1
|-damage|p2a: Incineroar|71/100
|-damage|p1b: Garchomp|90/100|[from] item: Life Orb
|move|p1a: Toxapex|Toxic|p2b: Delphox
|-activate|p2b: Delphox|move: Protect
|
|-heal|p1a: Toxapex|100/100|[from] item: Leftovers
|-sideend|p1: UraniumVGC|move: Tailwind
|upkeep
|turn|5
|
|t:|1784629262
|switch|p2b: Sinistcha|Sinistcha, L50|100/100
|-heal|p2a: Incineroar|96/100|[from] ability: Hospitality|[of] p2b: Sinistcha
|move|p1b: Garchomp|Protect|p1b: Garchomp
|-singleturn|p1b: Garchomp|Protect
|move|p1a: Toxapex|Baneful Bunker|p1a: Toxapex
|-singleturn|p1a: Toxapex|move: Protect
|move|p2a: Incineroar|Fake Out|p1a: Toxapex
|-activate|p1a: Toxapex|move: Protect
|-status|p2a: Incineroar|psn
|
|-damage|p2a: Incineroar|84/100 psn|[from] psn
|upkeep
|turn|6
|
|t:|1784629279
|move|p1b: Garchomp|Earthquake|p2b: Sinistcha|[spread] p1a,p2a,p2b
|-supereffective|p1a: Toxapex|1
|-supereffective|p2a: Incineroar|1
|-resisted|p2b: Sinistcha|1
|-damage|p1a: Toxapex|58/100
|-damage|p2a: Incineroar|28/100 psn
|-damage|p2b: Sinistcha|84/100
|-enditem|p2a: Incineroar|Sitrus Berry|[eat]
|-heal|p2a: Incineroar|53/100 psn|[from] item: Sitrus Berry
|-damage|p1b: Garchomp|80/100|[from] item: Life Orb
|move|p2b: Sinistcha|Matcha Gotcha|p1a: Toxapex|[spread] p1a,p1b
|-damage|p1a: Toxapex|45/100
|-heal|p2b: Sinistcha|91/100|[from] drain|[of] p1a: Toxapex
|-damage|p1b: Garchomp|62/100
|-heal|p2b: Sinistcha|100/100|[from] drain|[of] p1b: Garchomp
|-status|p1a: Toxapex|brn
|move|p2a: Incineroar|Parting Shot|p1b: Garchomp
|-unboost|p1b: Garchomp|atk|1
|-unboost|p1b: Garchomp|spa|1
|
|t:|1784629296
|switch|p2a: Delphox|Delphox-Mega, L50, M|88/100|[from] Parting Shot
|move|p1a: Toxapex|Infestation|p2b: Sinistcha
|-damage|p2b: Sinistcha|97/100
|-activate|p2b: Sinistcha|move: Infestation|[of] p1a: Toxapex
|
|-heal|p1a: Toxapex|50/100g brn|[from] item: Leftovers
|-damage|p1a: Toxapex|45/100 brn|[from] brn
|-damage|p2b: Sinistcha|84/100|[from] move: Infestation|[partiallytrapped]
|upkeep
|turn|7
|
|t:|1784629310
|switch|p1b: Grimmsnarl|Grimmsnarl, L50, M|29/100
|move|p2a: Delphox|Psyshock|p1a: Toxapex
|-supereffective|p1a: Toxapex|1
|-damage|p1a: Toxapex|7/100 brn
|move|p2b: Sinistcha|Matcha Gotcha|p1a: Toxapex|[spread] p1a,p1b
|-damage|p1a: Toxapex|0 fnt
|-heal|p2b: Sinistcha|88/100|[from] drain|[of] p1a: Toxapex
|-damage|p1b: Grimmsnarl|16/100
|-heal|p2b: Sinistcha|95/100|[from] drain|[of] p1b: Grimmsnarl
|faint|p1a: Toxapex
|
|-end|p2b: Sinistcha|Infestation|[partiallytrapped]|[silent]
|upkeep
|-message|UraniumVGC forfeited.
|
|win|Prepucio Santos
