|j|☆Tuqueque
|j|☆Magicalarcher57
|html|TuquequeMagicalarcher57    
|uhtml|bestof|Game 1 of a best-of-3
|t:|1782444200
|gametype|doubles
|player|p1|Tuqueque|266|1102
|player|p2|Magicalarcher57|diantha|1106
|gen|9
|tier|[Gen 9 Champions] VGC 2026 Reg M-B (Bo3)
|rated|
|rule|Species Clause: Limit one of each Pokémon
|rule|Item Clause: Limit 1 of each item
|clearpoke
|poke|p1|Pelipper, L50, F|
|poke|p1|Swampert, L50, M|
|poke|p1|Archaludon, L50, M|
|poke|p1|Sableye, L50, F|
|poke|p1|Kingambit, L50, M|
|poke|p1|Sylveon, L50, F|
|poke|p2|Raichu, L50, F, shiny|
|poke|p2|Charizard, L50, M, shiny|
|poke|p2|Garchomp, L50, F, shiny|
|poke|p2|Whimsicott, L50, M, shiny|
|poke|p2|Kingambit, L50, F, shiny|
|poke|p2|Gholdengo, L50, shiny|
|teampreview|4
|showteam|p1|Pelipper||DampRock|Drizzle|Hurricane,WeatherBall,Tailwind,WideGuard|Modest||F|||50|]Swampert||Swampertite|Torrent|WaveCrash,Earthquake,RockTomb,Protect|Adamant||M|||50|]Archaludon||Leftovers|Stamina|ElectroShot,DragonPulse,FlashCannon,Protect|Modest||M|||50|]Sableye||LightClay|Prankster|WillOWisp,RainDance,Reflect,LightScreen|Careful||F|||50|]Kingambit||FocusSash|Defiant|KowtowCleave,SuckerPunch,IronHead,LowKick|Adamant||M|||50|]Sylveon||FairyFeather|Pixilate|HyperVoice,HyperBeam,Yawn,Protect|Modest||F|||50|
|showteam|p2|Raichu||RaichuniteY|LightningRod|FakeOut,FocusBlast,ZapCannon,Protect|Timid||F|||50|]Charizard||CharizarditeY|Blaze|WeatherBall,SolarBeam,HeatWave,Protect|Modest||M|||50|]Garchomp||LifeOrb|RoughSkin|DragonClaw,Earthquake,StompingTantrum,Protect|Jolly||F|||50|]Whimsicott||FocusSash|Prankster|Moonblast,Tailwind,SunnyDay,Encore|Timid||M|||50|]Kingambit||BlackGlasses|Defiant|SuckerPunch,KowtowCleave,IronHead,Protect|Adamant||F|||50|]Gholdengo||MetalCoat|GoodasGold|MakeItRain,ShadowBall,NastyPlot,Protect|Modest|||||50|
|inactive|Battle timer is ON: inactive players will automatically lose when time's up. (requested by Magicalarcher57)
|inactive|Tuqueque has 60 seconds left.
|inactive|Magicalarcher57 has 60 seconds left.
|
|t:|1782444252
|teamsize|p1|4
|teamsize|p2|4
|start
|switch|p1a: Sableye|Sableye, L50, F|100/100
|switch|p1b: Swampert|Swampert, L50, M|100/100
|switch|p2a: Whimsicott|Whimsicott, L50, M, shiny|100/100
|switch|p2b: Charizard|Charizard, L50, M, shiny|100/100
|turn|1
|inactive|Magicalarcher57 has 30 seconds left.
|inactive|Magicalarcher57 has 20 seconds left.
|
|t:|1782444292
|detailschange|p1b: Swampert|Swampert-Mega, L50, M
|-mega|p1b: Swampert|Swampert|Swampertite
|move|p2b: Charizard|Protect|p2b: Charizard
|-singleturn|p2b: Charizard|Protect
|move|p1a: Sableye|Rain Dance|p1a: Sableye
|-weather|RainDance
|move|p1b: Swampert|Wave Crash|p2b: Charizard
|-activate|p2b: Charizard|move: Protect
|move|p2a: Whimsicott|Moonblast|p1a: Sableye
|-supereffective|p1a: Sableye|1
|-damage|p1a: Sableye|19/100
|
|-weather|RainDance|[upkeep]
|upkeep
|turn|2
|inactive|Magicalarcher57 has 30 seconds left.
|inactive|Magicalarcher57 has 20 seconds left.
|
|t:|1782444328
|switch|p2b: Garchomp|Garchomp, L50, F, shiny|100/100
|move|p2a: Whimsicott|Tailwind|p2a: Whimsicott
|-sidestart|p2: Magicalarcher57|move: Tailwind
|move|p1a: Sableye|Rain Dance||[still]
|-fail|p1a: Sableye
|move|p1b: Swampert|Wave Crash|p2b: Garchomp
|-damage|p2b: Garchomp|0 fnt
|-damage|p1b: Swampert|87/100|[from] ability: Rough Skin|[of] p2b: Garchomp
|faint|p2b: Garchomp
|-damage|p1b: Swampert|55/100|[from] Recoil
|
|-weather|RainDance|[upkeep]
|upkeep
|
|t:|1782444331
|switch|p2b: Charizard|Charizard, L50, M, shiny|100/100
|turn|3
|inactive|Tuqueque has 30 seconds left.
|inactive|Tuqueque has 20 seconds left.
|inactive|Tuqueque has 15 seconds left.
|inactive|Tuqueque has 10 seconds left.
|inactive|Tuqueque has 5 seconds left.
|
|t:|1782444384
|switch|p1a: Sylveon|Sylveon, L50, F|100/100
|detailschange|p2b: Charizard|Charizard-Mega-Y, L50, M, shiny
|-mega|p2b: Charizard|Charizard|Charizardite Y
|-weather|SunnyDay|[from] ability: Drought|[of] p2b: Charizard
|move|p2a: Whimsicott|Moonblast|p1b: Swampert
|-damage|p1b: Swampert|21/100
|-unboost|p1b: Swampert|spa|1
|move|p2b: Charizard|Heat Wave|p1a: Sylveon|[spread] p1a,p1b
|-resisted|p1b: Swampert|1
|-damage|p1a: Sylveon|40/100
|-damage|p1b: Swampert|0 fnt
|faint|p1b: Swampert
|
|-weather|SunnyDay|[upkeep]
|upkeep
|
|t:|1782444395
|switch|p1b: Sableye|Sableye, L50, F|19/100
|turn|4
|
|t:|1782444409
|move|p1b: Sableye|Rain Dance|p1b: Sableye
|-weather|RainDance
|move|p2a: Whimsicott|Moonblast|p1a: Sylveon
|-damage|p1a: Sylveon|15/100
|move|p2b: Charizard|Heat Wave|p1a: Sylveon|[spread] p1a
|-miss|p2b: Charizard|p1b: Sableye
|-damage|p1a: Sylveon|0 fnt
|faint|p1a: Sylveon
|
|-weather|RainDance|[upkeep]
|upkeep
|
|t:|1782444416
|switch|p1a: Archaludon|Archaludon, L50, M|100/100
|turn|5
|
|t:|1782444426
|switch|p2b: Kingambit|Kingambit, L50, F, shiny|100/100
|move|p1b: Sableye|Rain Dance||[still]
|-fail|p1b: Sableye
|move|p2a: Whimsicott|Moonblast|p1b: Sableye
|-supereffective|p1b: Sableye|1
|-damage|p1b: Sableye|0 fnt
|faint|p1b: Sableye
|move|p1a: Archaludon|Electro Shot||[still]
|-prepare|p1a: Archaludon|Electro Shot
|-boost|p1a: Archaludon|spa|1
|-anim|p1a: Archaludon|Electro Shot|p2b: Kingambit
|-damage|p2b: Kingambit|43/100
|
|-weather|RainDance|[upkeep]
|-sideend|p2: Magicalarcher57|move: Tailwind
|upkeep
|turn|6
|
|t:|1782444438
|switch|p2b: Charizard|Charizard-Mega-Y, L50, M, shiny|100/100
|-weather|SunnyDay|[from] ability: Drought|[of] p2b: Charizard
|move|p2a: Whimsicott|Encore|p1a: Archaludon
|-start|p1a: Archaludon|Encore
|move|p1a: Archaludon|Electro Shot||[still]
|-prepare|p1a: Archaludon|Electro Shot
|-boost|p1a: Archaludon|spa|1
|
|-weather|SunnyDay|[upkeep]
|upkeep
|turn|7
|
|t:|1782444443
|move|p2a: Whimsicott|Moonblast|p1a: Archaludon
|-damage|p1a: Archaludon|66/100
|-ability|p1a: Archaludon|Stamina|boost
|-boost|p1a: Archaludon|def|1
|move|p2b: Charizard|Weather Ball|p1a: Archaludon
|-damage|p1a: Archaludon|0 fnt
|faint|p1a: Archaludon
|
|win|Magicalarcher57
