|j|☆WattyVGC
|j|☆bidoof0908
|html|WattyVGCbidoof0908    
|uhtml|bestof|Game 3 of a best-of-3
|t:|1785514056
|gametype|doubles
|player|p1|WattyVGC|102|1040
|player|p2|bidoof0908|265|1029
|gen|9
|tier|[Gen 9 Champions] VGC 2026 Reg M-B (Bo3)
|rated|
|rule|Species Clause: Limit one of each Pokémon
|rule|Item Clause: Limit 1 of each item
|clearpoke
|poke|p1|Scovillain, L50, F, shiny|
|poke|p1|Toxapex, L50, F, shiny|
|poke|p1|Rotom-Wash, L50, shiny|
|poke|p1|Grimmsnarl, L50, M, shiny|
|poke|p1|Drampa, L50, M, shiny|
|poke|p1|Farigiraf, L50, M, shiny|
|poke|p2|Raichu, L50, F|
|poke|p2|Whimsicott, L50, M|
|poke|p2|Sableye, L50, M|
|poke|p2|Milotic, L50, M|
|poke|p2|Meowscarada, L50, M|
|poke|p2|Lucario, L50, F|
|teampreview|4
|showteam|p1|Scovillain||Scovillainite|Chlorophyll|Protect,LeechSeed,GigaDrain,RagePowder|Calm||F|||50|]Toxapex||Leftovers|Regenerator|BanefulBunker,Infestation,Toxic,WideGuard|Bold||F|||50|]Rotom-Wash||ChoiceScarf|Levitate|VoltSwitch,HydroPump,Hex,Trick|Timid|||||50|]Grimmsnarl||LightClay|Prankster|LightScreen,Reflect,PartingShot,SpiritBreak|Careful||M|||50|]Drampa||LifeOrb|CloudNine|IceBeam,DragonPulse,EarthPower,Protect|Modest||M|||50|]Farigiraf||SitrusBerry|ArmorTail|TrickRoom,TwinBeam,Imprison,HelpingHand|Bold||M|||50|
|showteam|p2|Raichu||RaichuniteY|LightningRod|ZapCannon,FocusBlast,FakeOut,Protect|Hasty||F|||50|]Whimsicott||FocusSash|Prankster|Tailwind,Moonblast,Taunt,Encore|Timid||M|||50|]Sableye||RoseliBerry|Prankster|FakeOut,WillOWisp,KnockOff,Quash|Serious||M|||50|]Milotic||Leftovers|Competitive|Coil,LifeDew,Hypnosis,MuddyWater|Modest||M|||50|]Meowscarada||ChoiceScarf|Protean|FlowerTrick,SuckerPunch,Uturn,PlayRough|Adamant||M|||50|]Lucario||Lucarionite|Steadfast|FlashCannon,VacuumWave,AuraSphere,Protect|Timid||F|||50|
|inactive|Battle timer is ON: inactive players will automatically lose when time's up. (requested by bidoof0908)
|j| Eviovulpix
|
|t:|1785514074
|teamsize|p1|4
|teamsize|p2|4
|start
|switch|p1a: NDujotta|Scovillain, L50, F, shiny|100/100
|switch|p1b: Ilary blasi|Farigiraf, L50, M, shiny|100/100
|switch|p2a: Meowscarada|Meowscarada, L50, M|100/100
|switch|p2b: Raichu|Raichu, L50, F|100/100
|turn|1
|
|t:|1785514090
|detailschange|p2b: Raichu|Raichu-Mega-Y, L50, F
|-mega|p2b: Raichu|Raichu|Raichunite Y
|detailschange|p1a: NDujotta|Scovillain-Mega, L50, F, shiny
|-mega|p1a: NDujotta|Scovillain|Scovillainite
|move|p1a: NDujotta|Rage Powder|p1a: NDujotta
|-singleturn|p1a: NDujotta|move: Rage Powder
|move|p2a: Meowscarada|U-turn|p1b: Ilary blasi
|-start|p2a: Meowscarada|typechange|Bug|[from] ability: Protean
|-supereffective|p1b: Ilary blasi|1
|-damage|p1b: Ilary blasi|35/100
|-enditem|p1b: Ilary blasi|Sitrus Berry|[eat]
|-heal|p1b: Ilary blasi|60/100|[from] item: Sitrus Berry
|
|t:|1785514092
|switch|p2a: Sableye|Sableye, L50, M|100/100|[from] U-turn
|move|p2b: Raichu|Zap Cannon|p1a: NDujotta
|-resisted|p1a: NDujotta|1
|-damage|p1a: NDujotta|64/100
|-status|p1a: NDujotta|par
|-status|p2b: Raichu|brn|[from] ability: Spicy Spray|[of] p1a: NDujotta
|move|p1b: Ilary blasi|Trick Room|p1b: Ilary blasi
|-fieldstart|move: Trick Room|[of] p1b: Ilary blasi
|
|-damage|p2b: Raichu|94/100 brn|[from] brn
|upkeep
|turn|2
|inactive|WattyVGC has 30 seconds left.
|
|t:|1785514120
|switch|p2b: Meowscarada|Meowscarada, L50, M|100/100
|move|p1a: NDujotta|Leech Seed|p2a: Sableye
|-start|p2a: Sableye|move: Leech Seed
|move|p2a: Sableye|Knock Off|p1b: Ilary blasi
|-supereffective|p1b: Ilary blasi|1
|-damage|p1b: Ilary blasi|29/100
|move|p1b: Ilary blasi|Twin Beam|p2b: Meowscarada
|-immune|p2b: Meowscarada
|
|-damage|p2a: Sableye|87/100|[from] Leech Seed|[of] p1a: NDujotta
|-heal|p1a: NDujotta|75/100 par|[silent]
|upkeep
|turn|3
|
|t:|1785514140
|switch|p2a: Raichu|Raichu-Mega-Y, L50, F|94/100 brn
|switch|p1b: LaMussa|Toxapex, L50, F, shiny|100/100
|move|p1a: NDujotta|Giga Drain|p2a: Raichu
|-damage|p2a: Raichu|40/100 brn
|-heal|p1a: NDujotta|96/100 par|[from] drain|[of] p2a: Raichu
|move|p2b: Meowscarada|U-turn|p1b: LaMussa
|-start|p2b: Meowscarada|typechange|Bug|[from] ability: Protean
|-resisted|p1b: LaMussa|1
|-damage|p1b: LaMussa|88/100
|
|t:|1785514147
|switch|p2b: Sableye|Sableye, L50, M|87/100|[from] U-turn
|
|-heal|p1b: LaMussa|94/100|[from] item: Leftovers
|-damage|p2a: Raichu|34/100 brn|[from] brn
|upkeep
|turn|4
|
|t:|1785514169
|move|p1b: LaMussa|Baneful Bunker|p1b: LaMussa
|-singleturn|p1b: LaMussa|move: Protect
|move|p2a: Raichu|Protect|p2a: Raichu
|-singleturn|p2a: Raichu|Protect
|move|p2b: Sableye|Fake Out|p1b: LaMussa
|-activate|p1b: LaMussa|move: Protect
|-status|p2b: Sableye|psn
|move|p1a: NDujotta|Leech Seed|p2b: Sableye
|-start|p2b: Sableye|move: Leech Seed
|
|-heal|p1b: LaMussa|100/100|[from] item: Leftovers
|-damage|p2b: Sableye|75/100 psn|[from] Leech Seed|[of] p1a: NDujotta
|-heal|p1a: NDujotta|100/100 par|[silent]
|-damage|p2b: Sableye|62/100 psn|[from] psn
|-damage|p2a: Raichu|28/100 brn|[from] brn
|upkeep
|turn|5
|
|t:|1785514194
|move|p2b: Sableye|Quash|p1a: NDujotta
|-activate|p1a: NDujotta|move: Quash
|move|p1b: LaMussa|Infestation|p2b: Sableye
|-damage|p2b: Sableye|58/100 psn
|-activate|p2b: Sableye|move: Infestation|[of] p1b: LaMussa
|move|p2a: Raichu|Zap Cannon|p1b: LaMussa
|-supereffective|p1b: LaMussa|1
|-damage|p1b: LaMussa|0 fnt
|faint|p1b: LaMussa
|move|p1a: NDujotta|Leech Seed|p2a: Raichu
|-start|p2a: Raichu|move: Leech Seed
|
|-damage|p2b: Sableye|46/100 psn|[from] Leech Seed|[of] p1a: NDujotta
|-damage|p2a: Raichu|17/100 brn|[from] Leech Seed|[of] p1a: NDujotta
|-damage|p2b: Sableye|33/100 psn|[from] psn
|-damage|p2a: Raichu|11/100 brn|[from] brn
|-end|p2b: Sableye|Infestation|[partiallytrapped]|[silent]
|-fieldend|move: Trick Room
|upkeep
|
|t:|1785514213
|switch|p1b: Ilary blasi|Farigiraf, L50, M, shiny|29/100
|turn|6
|
|t:|1785514219
|move|p1a: NDujotta|Rage Powder|p1a: NDujotta
|-singleturn|p1a: NDujotta|move: Rage Powder
|move|p2a: Raichu|Focus Blast|p1a: NDujotta
|-damage|p1a: NDujotta|54/100 par
|move|p2b: Sableye|Knock Off|p1a: NDujotta
|-damage|p1a: NDujotta|37/100 par
|move|p1b: Ilary blasi|Trick Room|p1b: Ilary blasi
|-fieldstart|move: Trick Room|[of] p1b: Ilary blasi
|
|-damage|p2b: Sableye|21/100 psn|[from] Leech Seed|[of] p1a: NDujotta
|-heal|p1a: NDujotta|48/100 par|[silent]
|-damage|p2a: Raichu|0 fnt|[from] Leech Seed|[of] p1a: NDujotta
|-heal|p1a: NDujotta|56/100 par|[silent]
|faint|p2a: Raichu
|-damage|p2b: Sableye|8/100 psn|[from] psn
|upkeep
|
|t:|1785514222
|switch|p2a: Milotic|Milotic, L50, M|100/100
|turn|7
|inactive|WattyVGC has 30 seconds left.
|
|t:|1785514247
|switch|p2b: Meowscarada|Meowscarada, L50, M|100/100
|move|p1a: NDujotta|Giga Drain|p2a: Milotic
|-supereffective|p2a: Milotic|1
|-damage|p2a: Milotic|50/100g
|-heal|p1a: NDujotta|84/100 par|[from] drain|[of] p2a: Milotic
|move|p1b: Ilary blasi|Twin Beam|p2a: Milotic
|-damage|p2a: Milotic|38/100
|-damage|p2a: Milotic|26/100
|-hitcount|p2a: Milotic|2
|move|p2a: Milotic|Muddy Water|p1a: NDujotta|[spread] p1a,p1b
|-damage|p1a: NDujotta|56/100 par
|-damage|p1b: Ilary blasi|4/100
|-unboost|p1a: NDujotta|accuracy|1
|-unboost|p1b: Ilary blasi|accuracy|1
|-status|p2a: Milotic|brn|[from] ability: Spicy Spray|[of] p1a: NDujotta
|
|-heal|p2a: Milotic|32/100 brn|[from] item: Leftovers
|-damage|p2a: Milotic|26/100 brn|[from] brn
|upkeep
|turn|8
|inactive|WattyVGC has 30 seconds left.
|inactive|WattyVGC has 20 seconds left.
|
|t:|1785514283
|switch|p1a: SashaGray|Rotom-Wash, L50, shiny|100/100
|switch|p2a: Sableye|Sableye, L50, M|8/100 psn
|move|p1b: Ilary blasi|Twin Beam|p2a: Sableye
|-immune|p2a: Sableye
|move|p2b: Meowscarada|U-turn|p1b: Ilary blasi
|-start|p2b: Meowscarada|typechange|Bug|[from] ability: Protean
|-supereffective|p1b: Ilary blasi|1
|-damage|p1b: Ilary blasi|0 fnt
|faint|p1b: Ilary blasi
|
|t:|1785514286
|switch|p2b: Milotic|Milotic, L50, M|26/100 brn|[from] U-turn
|
|-heal|p2b: Milotic|32/100 brn|[from] item: Leftovers
|-damage|p2a: Sableye|0 fnt|[from] psn
|faint|p2a: Sableye
|-damage|p2b: Milotic|26/100 brn|[from] brn
|upkeep
|
|t:|1785514306
|switch|p2a: Meowscarada|Meowscarada, L50, M|100/100
|switch|p1b: NDujotta|Scovillain-Mega, L50, F, shiny|56/100 par
|turn|9
|
|t:|1785514333
|cant|p1b: NDujotta|par
|move|p2b: Milotic|Life Dew||[still]|[spread] p2a,p2b
|-fail|p2a: Meowscarada|heal
|-heal|p2b: Milotic|52/100 brn
|move|p1a: SashaGray|Trick|p2b: Milotic
|-activate|p1a: SashaGray|move: Trick|[of] p2b: Milotic
|-item|p2b: Milotic|Choice Scarf|[from] move: Trick
|-item|p1a: SashaGray|Leftovers|[from] move: Trick
|move|p2a: Meowscarada|Play Rough|p1a: SashaGray
|-start|p2a: Meowscarada|typechange|Fairy|[from] ability: Protean
|-damage|p1a: SashaGray|39/100
|-unboost|p1a: SashaGray|atk|1
|
|-heal|p1a: SashaGray|45/100|[from] item: Leftovers
|-damage|p2b: Milotic|45/100 brn|[from] brn
|upkeep
|turn|10
|inactive|WattyVGC has 30 seconds left.
|inactive|bidoof0908 has 30 seconds left.
|
|t:|1785514363
|move|p1b: NDujotta|Rage Powder|p1b: NDujotta
|-singleturn|p1b: NDujotta|move: Rage Powder
|move|p1a: SashaGray|Hex|p2b: Milotic
|-damage|p2b: Milotic|18/100 brn
|move|p2b: Milotic|Life Dew||[still]|[spread] p2a,p2b
|-fail|p2a: Meowscarada|heal
|-heal|p2b: Milotic|43/100 brn
|move|p2a: Meowscarada|Play Rough|p1b: NDujotta
|-resisted|p1b: NDujotta|1
|-damage|p1b: NDujotta|32/100 par
|-status|p2a: Meowscarada|brn|[from] ability: Spicy Spray|[of] p1b: NDujotta
|
|-heal|p1a: SashaGray|51/100|[from] item: Leftovers
|-damage|p2b: Milotic|37/100 brn|[from] brn
|-damage|p2a: Meowscarada|94/100 brn|[from] brn
|-fieldend|move: Trick Room
|upkeep
|turn|11
|inactive|WattyVGC has 30 seconds left.
|inactive|WattyVGC has 20 seconds left.
|inactive|WattyVGC has 15 seconds left.
|inactive|WattyVGC has 10 seconds left.
|
|t:|1785514411
|move|p2a: Meowscarada|Play Rough|p1b: NDujotta
|-resisted|p1b: NDujotta|1
|-damage|p1b: NDujotta|19/100 par
|move|p2b: Milotic|Life Dew|p2b: Milotic|[spread] p2a,p2b
|-heal|p2a: Meowscarada|100/100 brn
|-heal|p2b: Milotic|62/100 brn
|move|p1a: SashaGray|Volt Switch|p2b: Milotic
|-supereffective|p2b: Milotic|1
|-damage|p2b: Milotic|22/100 brn
|move|p1b: NDujotta|Giga Drain|p2b: Milotic
|-supereffective|p2b: Milotic|1
|-damage|p2b: Milotic|0 fnt
|-heal|p1b: NDujotta|32/100 par|[from] drain|[of] p2b: Milotic
|faint|p2b: Milotic
|
|-heal|p1a: SashaGray|58/100|[from] item: Leftovers
|-damage|p2a: Meowscarada|94/100 brn|[from] brn
|upkeep
|turn|12
|-message|bidoof0908 forfeited.
|
|win|WattyVGC
|raw|WattyVGC's rating: 1040 → 1073(+33 for winning)
|raw|bidoof0908's rating: 1029 → 1015(-14 for losing)
|l|☆bidoof0908
|player|p2|
