|j|☆cerson
|j|☆DevinL32
|html|cersonDevinL32    
|uhtml|bestof|Game 2 of a best-of-3
|t:|1785192913
|gametype|doubles
|player|p1|cerson|265|
|player|p2|DevinL32|102|
|gen|9
|tier|[Gen 9 Champions] VGC 2026 Reg M-B (Bo3)
|rule|Species Clause: Limit one of each Pokémon
|rule|Item Clause: Limit 1 of each item
|clearpoke
|poke|p1|Aerodactyl, L50, F|
|poke|p1|Krookodile, L50, F|
|poke|p1|Clefable, L50, M|
|poke|p1|Staraptor, L50, M, shiny|
|poke|p1|Venusaur, L50, M|
|poke|p1|Skarmory, L50, M, shiny|
|poke|p2|Swampert, L50, M|
|poke|p2|Pelipper, L50, F|
|poke|p2|Ampharos, L50, M|
|poke|p2|Oranguru, L50, F|
|poke|p2|Clawitzer, L50, F|
|poke|p2|Mamoswine, L50, F|
|teampreview|4
|showteam|p1|Aerodactyl||FocusSash|Unnerve|ThunderFang,Tailwind,Earthquake,DualWingbeat|Jolly||F|||50|]Krookodile||LifeOrb|Intimidate|Protect,KnockOff,HighHorsepower,RockSlide|Jolly||F|||50|]Clefable||SitrusBerry|Unaware|FollowMe,Moonblast,HelpingHand,Protect|Calm||M|||50|]Staraptor||Staraptite|Intimidate|CloseCombat,BraveBird,Protect,Roost|Adamant||M|||50|]Venusaur||WideLens|Chlorophyll|GigaDrain,SleepPowder,EarthPower,Protect|Modest||M|||50|]Skarmory||Leftovers|Sturdy|BodyPress,IronDefense,Roost,BraveBird|Impish||M|||50|
|showteam|p2|Swampert||Swampertite|Torrent|Earthquake,IcePunch,RockSlide,WaveCrash|Adamant||M|||50|]Pelipper||SitrusBerry|Drizzle|Hurricane,Tailwind,WeatherBall,Protect|Modest||F|||50|]Ampharos||Ampharosite|Static|Discharge,VoltSwitch,CottonGuard,Protect|Quiet||M|||50|]Oranguru||FocusSash|Telepathy|Psychic,Instruct,Protect,TrickRoom|Sassy||F|||50|]Clawitzer||LifeOrb|MegaLauncher|AuraSphere,WaterPulse,HealPulse,SludgeBomb|Modest||F|||50|]Mamoswine||Leftovers|ThickFat|Earthquake,IceShard,IcicleCrash,Protect|Adamant||F|||50|
|j| pks lunaflame
|c| pks lunaflame|you two don't need to play with open team sheet...
|c| pks lunaflame|on champions its not open team sheet
|c|☆cerson|k
|
|t:|1785193019
|teamsize|p1|4
|teamsize|p2|4
|start
|switch|p1a: Aerodactyl|Aerodactyl, L50, F|100/100
|switch|p1b: Krookodile|Krookodile, L50, F|100/100
|switch|p2a: Pelipper|Pelipper, L50, F|100/100
|switch|p2b: Swampert|Swampert, L50, M|100/100
|-ability|p1a: Aerodactyl|Unnerve
|-ability|p1b: Krookodile|Intimidate|boost
|-unboost|p2a: Pelipper|atk|1
|-unboost|p2b: Swampert|atk|1
|-weather|RainDance|[from] ability: Drizzle|[of] p2a: Pelipper
|turn|1
|
|t:|1785193048
|detailschange|p2b: Swampert|Swampert-Mega, L50, M
|-mega|p2b: Swampert|Swampert|Swampertite
|move|p1b: Krookodile|Protect|p1b: Krookodile
|-singleturn|p1b: Krookodile|Protect
|move|p1a: Aerodactyl|Thunder Fang|p2a: Pelipper
|-supereffective|p2a: Pelipper|2
|-damage|p2a: Pelipper|20/100y
|move|p2b: Swampert|Ice Punch|p1a: Aerodactyl
|-supereffective|p1a: Aerodactyl|1
|-crit|p1a: Aerodactyl
|-enditem|p1a: Aerodactyl|Focus Sash
|-damage|p1a: Aerodactyl|1/100
|move|p2a: Pelipper|Weather Ball|p1b: Krookodile
|-activate|p1b: Krookodile|move: Protect
|
|-weather|RainDance|[upkeep]
|upkeep
|turn|2
|
|t:|1785193099
|switch|p1b: Venusaur|Venusaur, L50, M|100/100
|move|p1a: Aerodactyl|Thunder Fang|p2a: Pelipper
|-supereffective|p2a: Pelipper|2
|-damage|p2a: Pelipper|0 fnt
|faint|p2a: Pelipper
|move|p2b: Swampert|Rock Slide|p1b: Venusaur|[spread] p1b
|-miss|p2b: Swampert|p1a: Aerodactyl
|-damage|p1b: Venusaur|77/100
|
|-weather|RainDance|[upkeep]
|upkeep
|
|t:|1785193114
|switch|p2a: Oranguru|Oranguru, L50, F|100/100
|turn|3
|
|t:|1785193132
|move|p1a: Aerodactyl|Tailwind|p1a: Aerodactyl
|-sidestart|p1: cerson|move: Tailwind
|move|p1b: Venusaur|Giga Drain|p2b: Swampert
|-supereffective|p2b: Swampert|2
|-damage|p2b: Swampert|0 fnt
|-heal|p1b: Venusaur|100/100|[from] drain|[of] p2b: Swampert
|faint|p2b: Swampert
|move|p2a: Oranguru|Psychic|p1b: Venusaur
|-supereffective|p1b: Venusaur|1
|-damage|p1b: Venusaur|27/100
|
|-weather|RainDance|[upkeep]
|upkeep
|
|t:|1785193141
|switch|p2b: Ampharos|Ampharos, L50, M|100/100
|turn|4
|
|t:|1785193151
|switch|p1b: Staraptor|Staraptor, L50, M, shiny|100/100
|-ability|p1b: Staraptor|Intimidate|boost
|-unboost|p2a: Oranguru|atk|1
|-unboost|p2b: Ampharos|atk|1
|move|p1a: Aerodactyl|Earthquake|p2b: Ampharos|[spread] p2a,p2b
|-immune|p1b: Staraptor
|-supereffective|p2b: Ampharos|1
|-damage|p2a: Oranguru|75/100
|-damage|p2b: Ampharos|58/100
|move|p2a: Oranguru|Psychic|p1b: Staraptor
|-damage|p1b: Staraptor|59/100
|move|p2b: Ampharos|Discharge|p1b: Staraptor|[spread] p1a,p1b
|-activate|p2a: Oranguru|ability: Telepathy
|-supereffective|p1a: Aerodactyl|1
|-supereffective|p1b: Staraptor|1
|-damage|p1a: Aerodactyl|0 fnt
|-damage|p1b: Staraptor|0 fnt
|faint|p1a: Aerodactyl
|faint|p1b: Staraptor
|
|-weather|RainDance|[upkeep]
|upkeep
|
|t:|1785193169
|switch|p1a: Krookodile|Krookodile, L50, F|100/100
|switch|p1b: Venusaur|Venusaur, L50, M|27/100
|-ability|p1a: Krookodile|Intimidate|boost
|-unboost|p2a: Oranguru|atk|1
|-unboost|p2b: Ampharos|atk|1
|turn|5
|
|t:|1785193193
|move|p1a: Krookodile|Knock Off|p2a: Oranguru
|-supereffective|p2a: Oranguru|1
|-damage|p2a: Oranguru|0 fnt
|-enditem|p2a: Oranguru|Focus Sash|[from] move: Knock Off|[of] p1a: Krookodile
|faint|p2a: Oranguru
|-damage|p1a: Krookodile|90/100|[from] item: Life Orb
|move|p1b: Venusaur|Earth Power|p2b: Ampharos
|-supereffective|p2b: Ampharos|1
|-damage|p2b: Ampharos|1/100
|move|p2b: Ampharos|Discharge|p1b: Venusaur|[spread] p1b
|-immune|p1a: Krookodile
|-resisted|p1b: Venusaur|1
|-damage|p1b: Venusaur|9/100
|
|-weather|none
|upkeep
|turn|6
|
|t:|1785193216
|move|p1a: Krookodile|Knock Off|p2b: Ampharos
|-damage|p2b: Ampharos|0 fnt
|faint|p2b: Ampharos
|-damage|p1a: Krookodile|80/100|[from] item: Life Orb
|
|win|cerson
|c|☆cerson|gg
|l|☆DevinL32
|player|p2|
