|j|☆james de la jungla
|j|☆lox1sm
|html|james de la junglalox1sm    
|uhtml|bestof|Game 3 of a best-of-3
|t:|1782581580
|gametype|doubles
|player|p1|james de la jungla|170|1175
|player|p2|lox1sm|veteran|1187
|gen|9
|tier|[Gen 9 Champions] VGC 2026 Reg M-B (Bo3)
|rated|
|rule|Species Clause: Limit one of each Pokémon
|rule|Item Clause: Limit 1 of each item
|clearpoke
|poke|p1|Umbreon, L50, M|
|poke|p1|Kingambit, L50, F|
|poke|p1|Raichu, L50, M|
|poke|p1|Talonflame, L50, F|
|poke|p1|Mamoswine, L50, M|
|poke|p1|Lycanroc-Dusk, L50, F|
|poke|p2|Charizard, L50, M|
|poke|p2|Metagross, L50|
|poke|p2|Aerodactyl, L50, F|
|poke|p2|Garchomp, L50, M|
|poke|p2|Kingambit, L50, F|
|poke|p2|Farigiraf, L50, M|
|teampreview|4
|showteam|p1|Umbreon||SitrusBerry|InnerFocus|Protect,HelpingHand,FoulPlay,Taunt|Bold||M|||50|]Kingambit||LifeOrb|Defiant|Protect,KowtowCleave,IronHead,SuckerPunch|Adamant||F|||50|]Raichu||RaichuniteY|LightningRod|Protect,GrassKnot,ZapCannon,FocusBlast|Timid||M|||50|]Talonflame|||GaleWings|Protect,Tailwind,Acrobatics,SunnyDay|Jolly||F|||50|]Mamoswine||NeverMeltIce|Oblivious|Protect,IcicleCrash,IceShard,StompingTantrum|Adamant||M|||50|]Lycanroc-Dusk||FocusSash|ToughClaws|RockSlide,Accelerock,CloseCombat,Protect|Adamant||F|||50|
|showteam|p2|Charizard||CharizarditeY|Blaze|HeatWave,WeatherBall,SolarBeam,Protect|Modest||M|||50|]Metagross||Metagrossite|ClearBody|IronHead,PsychicFangs,StompingTantrum,Protect|Jolly|||||50|]Aerodactyl||SitrusBerry|Unnerve|RockSlide,IceFang,Tailwind,Protect|Jolly||F|||50|]Garchomp||LifeOrb|RoughSkin|DragonClaw,Earthquake,RockSlide,Protect|Jolly||M|||50|]Kingambit||FocusSash|Defiant|KowtowCleave,SuckerPunch,IronHead,LowKick|Adamant||F|||50|]Farigiraf||ExpertBelt|ArmorTail|Psychic,DazzlingGleam,Thunderbolt,TrickRoom|Modest||M|||50|
|inactive|Battle timer is ON: inactive players will automatically lose when time's up. (requested by lox1sm)
|
|t:|1782581617
|teamsize|p1|4
|teamsize|p2|4
|start
|switch|p1a: Talonflame|Talonflame, L50, F|100/100
|switch|p1b: Raichu|Raichu, L50, M|100/100
|switch|p2a: Aerodactyl|Aerodactyl, L50, F|100/100
|switch|p2b: Garchomp|Garchomp, L50, M|100/100
|-ability|p2a: Aerodactyl|Unnerve
|turn|1
|inactive|james de la jungla has 30 seconds left.
|
|t:|1782581647
|detailschange|p1b: Raichu|Raichu-Mega-Y, L50, M
|-mega|p1b: Raichu|Raichu|Raichunite Y
|move|p2a: Aerodactyl|Protect|p2a: Aerodactyl
|-singleturn|p2a: Aerodactyl|Protect
|move|p1b: Raichu|Protect|p1b: Raichu
|-singleturn|p1b: Raichu|Protect
|move|p1a: Talonflame|Tailwind|p1a: Talonflame
|-sidestart|p1: james de la jungla|move: Tailwind
|move|p2b: Garchomp|Earthquake|p1b: Raichu|[spread] 
|-activate|p2a: Aerodactyl|move: Protect
|-activate|p1b: Raichu|move: Protect
|-immune|p1a: Talonflame
|
|upkeep
|turn|2
|inactive|james de la jungla has 30 seconds left.
|
|t:|1782581678
|switch|p2a: Farigiraf|Farigiraf, L50, M|100/100
|move|p1a: Talonflame|Acrobatics||[still]
|cant|p2a: Farigiraf|ability: Armor Tail|Acrobatics|[of] p1a: Talonflame
|move|p1b: Raichu|Zap Cannon|p2a: Farigiraf
|-damage|p2a: Farigiraf|21/100
|-status|p2a: Farigiraf|par
|move|p2b: Garchomp|Earthquake|p1a: Talonflame|[spread] p2a,p1b
|-immune|p1a: Talonflame
|-supereffective|p1b: Raichu|1
|-damage|p2a: Farigiraf|0 fnt
|-damage|p1b: Raichu|0 fnt
|faint|p2a: Farigiraf
|faint|p1b: Raichu
|-damage|p2b: Garchomp|90/100|[from] item: Life Orb
|
|upkeep
|
|t:|1782581701
|switch|p1b: Mamoswine|Mamoswine, L50, M|100/100
|switch|p2a: Aerodactyl|Aerodactyl, L50, F|100/100
|-ability|p2a: Aerodactyl|Unnerve
|turn|3
|
|t:|1782581717
|switch|p2b: Charizard|Charizard, L50, M|100/100
|move|p1a: Talonflame|Acrobatics|p2a: Aerodactyl
|-resisted|p2a: Aerodactyl|1
|-damage|p2a: Aerodactyl|75/100
|move|p1b: Mamoswine|Icicle Crash|p2a: Aerodactyl
|-supereffective|p2a: Aerodactyl|1
|-damage|p2a: Aerodactyl|0 fnt
|faint|p2a: Aerodactyl
|
|upkeep
|
|t:|1782581726
|switch|p2a: Garchomp|Garchomp, L50, M|90/100
|turn|4
|
|t:|1782581744
|detailschange|p2b: Charizard|Charizard-Mega-Y, L50, M
|-mega|p2b: Charizard|Charizard|Charizardite Y
|-weather|SunnyDay|[from] ability: Drought|[of] p2b: Charizard
|move|p2a: Garchomp|Protect|p2a: Garchomp
|-singleturn|p2a: Garchomp|Protect
|move|p1a: Talonflame|Acrobatics|p2b: Charizard
|-damage|p2b: Charizard|52/100
|move|p1b: Mamoswine|Icicle Crash|p2b: Charizard
|-damage|p2b: Charizard|0 fnt
|faint|p2b: Charizard
|
|-weather|SunnyDay|[upkeep]
|-sideend|p1: james de la jungla|move: Tailwind
|upkeep
|turn|5
|-message|lox1sm forfeited.
|
|win|james de la jungla
|raw|james de la jungla's rating: 1175 → 1201(+26 for winning)
|raw|lox1sm's rating: 1187 → 1161(-26 for losing)
