|j|☆elytsujuw
|j|☆Frakub
|html|elytsujuwFrakub    
|uhtml|bestof|Game 3 of a best-of-3
|t:|1754849059
|gametype|doubles
|player|p1|elytsujuw|266|1180
|player|p2|Frakub|acetrainer-gen4dp|1157
|gen|9
|tier|[Gen 9] VGC 2025 Reg H (Bo3)
|rated|
|rule|Species Clause: Limit one of each Pokémon
|rule|Item Clause: Limit 1 of each item
|clearpoke
|poke|p1|Dragapult, L50, F|
|poke|p1|Electabuzz, L50, F|
|poke|p1|Rillaboom, L50, M|
|poke|p1|Primarina, L50, F|
|poke|p1|Volcarona, L50, M|
|poke|p1|Sneasler, L50, M|
|poke|p2|Kingambit, L50, F|
|poke|p2|Rillaboom, L50, F|
|poke|p2|Electabuzz, L50, F|
|poke|p2|Incineroar, L50, F|
|poke|p2|Ninetales-Alola, L50, F|
|poke|p2|Dragonite, L50, M|
|teampreview|4
|showteam|p1|Dragapult||ChoiceBand|ClearBody|DragonDarts,PhantomForce,Outrage,Uturn|||F|||50|,,,,,Dragon]Electabuzz||Eviolite|VitalSpirit|Electroweb,FollowMe,HelpingHand,Protect|||F|||50|,,,,,Fairy]Rillaboom||AssaultVest|GrassySurge|GrassyGlide,WoodHammer,FakeOut,Uturn|||M|||50|,,,,,Fire]Primarina||ThroatSpray|LiquidVoice|Moonblast,HyperVoice,Protect,Haze|||F|||50|,,,,,Steel]Volcarona||Leftovers|FlameBody|Flamethrower,GigaDrain,QuiverDance,Protect|||M|||50|,,,,,Grass]Sneasler||FocusSash|PoisonTouch|CloseCombat,DireClaw,FakeOut,Protect|||M|||50|,,,,,Stellar
|showteam|p2|Kingambit||BlackGlasses|Defiant|KowtowCleave,SuckerPunch,SwordsDance,Protect|||F|||50|,,,,,Dark]Rillaboom||AssaultVest|GrassySurge|WoodHammer,GrassyGlide,Uturn,FakeOut|||F|||50|,,,,,Fire]Electabuzz||Eviolite|VitalSpirit|Electroweb,FollowMe,Taunt,Protect|||F|||50|,,,,,Ghost]Incineroar||SafetyGoggles|Intimidate|FakeOut,PartingShot,KnockOff,FlareBlitz|||F|||50|,,,,,Ghost]Ninetales-Alola||NeverMeltIce|SnowWarning|Blizzard,FreezeDry,Protect,Encore|||F|||50|,,,,,Ghost]Dragonite||LoadedDice|Multiscale|ScaleShot,Tailwind,Haze,Protect|||M|||50|,,,,,Steel
|inactive|Battle timer is ON: inactive players will automatically lose when time's up. (requested by Frakub)
|inactive|elytsujuw also wants the timer to be on.
|inactive|elytsujuw has 60 seconds left.
|inactive|Frakub has 60 seconds left.
|inactive|elytsujuw has 30 seconds left.
|inactive|elytsujuw has 20 seconds left.
|
|t:|1754849132
|teamsize|p1|4
|teamsize|p2|4
|start
|switch|p1a: Primarina|Primarina, L50, F|100/100
|switch|p1b: Sneasler|Sneasler, L50, M|100/100
|switch|p2a: Kingambit|Kingambit, L50, F|100/100
|switch|p2b: Electabuzz|Electabuzz, L50, F|100/100
|turn|1
|
|t:|1754849144
|move|p2b: Electabuzz|Protect|p2b: Electabuzz
|-singleturn|p2b: Electabuzz|Protect
|move|p2a: Kingambit|Protect|p2a: Kingambit
|-singleturn|p2a: Kingambit|Protect
|move|p1b: Sneasler|Fake Out|p2a: Kingambit
|-activate|p2a: Kingambit|move: Protect
|move|p1a: Primarina|Hyper Voice|p2b: Electabuzz|[spread] 
|-activate|p2a: Kingambit|move: Protect
|-activate|p2b: Electabuzz|move: Protect
|
|upkeep
|turn|2
|inactive|Frakub has 30 seconds left.
|
|t:|1754849170
|move|p2b: Electabuzz|Follow Me|p2b: Electabuzz
|-singleturn|p2b: Electabuzz|move: Follow Me
|move|p1b: Sneasler|Dire Claw|p2b: Electabuzz
|-damage|p2b: Electabuzz|63/100
|move|p1a: Primarina|Hyper Voice|p2a: Kingambit|[spread] p2a,p2b
|-damage|p2a: Kingambit|66/100
|-damage|p2b: Electabuzz|35/100
|-enditem|p1a: Primarina|Throat Spray
|-boost|p1a: Primarina|spa|1|[from] item: Throat Spray
|move|p2a: Kingambit|Kowtow Cleave|p1a: Primarina
|-resisted|p1a: Primarina
|-damage|p1a: Primarina|66/100
|
|upkeep
|turn|3
|
|t:|1754849190
|move|p2a: Kingambit|Protect|p2a: Kingambit
|-singleturn|p2a: Kingambit|Protect
|move|p1b: Sneasler|Close Combat|p2a: Kingambit
|-activate|p2a: Kingambit|move: Protect
|move|p2b: Electabuzz|Electroweb|p1b: Sneasler|[spread] p1a,p1b
|-supereffective|p1a: Primarina
|-damage|p1a: Primarina|42/100
|-damage|p1b: Sneasler|82/100
|-unboost|p1a: Primarina|spe|1
|-unboost|p1b: Sneasler|spe|1
|move|p1a: Primarina|Hyper Voice|p2a: Kingambit|[spread] p2b
|-activate|p2a: Kingambit|move: Protect
|-damage|p2b: Electabuzz|0 fnt
|faint|p2b: Electabuzz
|
|upkeep
|
|t:|1754849204
|switch|p2b: Dragonite|Dragonite, L50, M|100/100
|turn|4
|inactive|elytsujuw has 30 seconds left.
|
|t:|1754849239
|-terastallize|p2a: Kingambit|Dark
|move|p2b: Dragonite|Scale Shot|p1b: Sneasler
|-damage|p1b: Sneasler|57/100
|-damage|p1b: Sneasler|28/100
|-damage|p1b: Sneasler|3/100
|-damage|p1b: Sneasler|0 fnt
|faint|p1b: Sneasler
|-hitcount|p1: Sneasler|4
|-unboost|p2b: Dragonite|def|1
|-boost|p2b: Dragonite|spe|1
|move|p2a: Kingambit|Kowtow Cleave|p1a: Primarina
|-resisted|p1a: Primarina
|-damage|p1a: Primarina|0 fnt
|faint|p1a: Primarina
|
|upkeep
|
|t:|1754849242
|switch|p1b: Volcarona|Volcarona, L50, M|100/100
|switch|p1a: Electabuzz|Electabuzz, L50, F|100/100
|turn|5
|inactive|Frakub has 30 seconds left.
|inactive|Frakub has 20 seconds left.
|
|t:|1754849280
|-terastallize|p1a: Electabuzz|Fairy
|move|p1a: Electabuzz|Follow Me|p1a: Electabuzz
|-singleturn|p1a: Electabuzz|move: Follow Me
|move|p2b: Dragonite|Scale Shot|p1a: Electabuzz
|-immune|p1a: Electabuzz
|move|p1b: Volcarona|Flamethrower|p2a: Kingambit
|-damage|p2a: Kingambit|10/100
|move|p2a: Kingambit|Kowtow Cleave|p1a: Electabuzz
|-resisted|p1a: Electabuzz
|-damage|p1a: Electabuzz|73/100
|
|upkeep
|turn|6
|
|t:|1754849298
|switch|p2a: Incineroar|Incineroar, L50, F|100/100
|-ability|p2a: Incineroar|Intimidate|boost
|-unboost|p1a: Electabuzz|atk|1
|-unboost|p1b: Volcarona|atk|1
|move|p1a: Electabuzz|Follow Me|p1a: Electabuzz
|-singleturn|p1a: Electabuzz|move: Follow Me
|move|p2b: Dragonite|Tailwind|p2b: Dragonite
|-sidestart|p2: Frakub|move: Tailwind
|move|p1b: Volcarona|Flamethrower|p2a: Incineroar
|-resisted|p2a: Incineroar
|-damage|p2a: Incineroar|77/100
|
|upkeep
|turn|7
|
|t:|1754849307
|move|p1a: Electabuzz|Protect|p1a: Electabuzz
|-singleturn|p1a: Electabuzz|Protect
|move|p2a: Incineroar|Fake Out|p1a: Electabuzz
|-activate|p1a: Electabuzz|move: Protect
|move|p2b: Dragonite|Scale Shot|p1b: Volcarona
|-damage|p1b: Volcarona|81/100
|-damage|p1b: Volcarona|63/100
|-damage|p1b: Volcarona|44/100
|-damage|p1b: Volcarona|25/100
|-hitcount|p1b: Volcarona|4
|-unboost|p2b: Dragonite|def|1
|-boost|p2b: Dragonite|spe|1
|move|p1b: Volcarona|Quiver Dance|p1b: Volcarona
|-boost|p1b: Volcarona|spa|1
|-boost|p1b: Volcarona|spd|1
|-boost|p1b: Volcarona|spe|1
|
|-heal|p1b: Volcarona|31/100|[from] item: Leftovers
|upkeep
|turn|8
|
|t:|1754849320
|move|p2b: Dragonite|Protect|p2b: Dragonite
|-singleturn|p2b: Dragonite|Protect
|move|p1a: Electabuzz|Follow Me|p1a: Electabuzz
|-singleturn|p1a: Electabuzz|move: Follow Me
|move|p1b: Volcarona|Flamethrower|p2a: Incineroar
|-resisted|p2a: Incineroar
|-damage|p2a: Incineroar|42/100
|move|p2a: Incineroar|Flare Blitz|p1a: Electabuzz
|-damage|p1a: Electabuzz|38/100
|-damage|p2a: Incineroar|32/100|[from] Recoil
|
|-heal|p1b: Volcarona|38/100|[from] item: Leftovers
|upkeep
|turn|9
|inactive|Frakub has 30 seconds left.
|
|t:|1754849353
|switch|p2a: Kingambit|Kingambit, L50, F, tera:Dark|10/100
|move|p1a: Electabuzz|Follow Me|p1a: Electabuzz
|-singleturn|p1a: Electabuzz|move: Follow Me
|move|p2b: Dragonite|Haze|p2b: Dragonite
|-clearallboost
|move|p1b: Volcarona|Flamethrower|p2a: Kingambit
|-damage|p2a: Kingambit|0 fnt
|faint|p2a: Kingambit
|
|-heal|p1b: Volcarona|44/100|[from] item: Leftovers
|-sideend|p2: Frakub|move: Tailwind
|upkeep
|
|t:|1754849355
|switch|p2a: Incineroar|Incineroar, L50, F|32/100
|-ability|p2a: Incineroar|Intimidate|boost
|-unboost|p1a: Electabuzz|atk|1
|-unboost|p1b: Volcarona|atk|1
|turn|10
|
|t:|1754849366
|move|p1b: Volcarona|Protect|p1b: Volcarona
|-singleturn|p1b: Volcarona|Protect
|move|p1a: Electabuzz|Protect|p1a: Electabuzz
|-singleturn|p1a: Electabuzz|Protect
|move|p2a: Incineroar|Fake Out|p1b: Volcarona
|-activate|p1b: Volcarona|move: Protect
|move|p2b: Dragonite|Tailwind|p2b: Dragonite
|-sidestart|p2: Frakub|move: Tailwind
|
|-heal|p1b: Volcarona|50/100|[from] item: Leftovers
|upkeep
|turn|11
|inactive|elytsujuw has 30 seconds left.
|inactive|Frakub has 30 seconds left.
|inactive|elytsujuw has 20 seconds left.
|inactive|elytsujuw has 15 seconds left.
|inactive|elytsujuw has 10 seconds left.
|inactive|elytsujuw has 5 seconds left.
|
|t:|1754849418
|move|p1a: Electabuzz|Follow Me|p1a: Electabuzz
|-singleturn|p1a: Electabuzz|move: Follow Me
|move|p2b: Dragonite|Scale Shot|p1a: Electabuzz
|-immune|p1a: Electabuzz
|move|p2a: Incineroar|Flare Blitz|p1a: Electabuzz
|-damage|p1a: Electabuzz|5/100
|-damage|p2a: Incineroar|22/100|[from] Recoil
|move|p1b: Volcarona|Giga Drain|p2a: Incineroar
|-resisted|p2a: Incineroar
|-damage|p2a: Incineroar|9/100
|-heal|p1b: Volcarona|58/100|[from] drain|[of] p2a: Incineroar
|
|-heal|p1b: Volcarona|64/100|[from] item: Leftovers
|upkeep
|turn|12
|
|t:|1754849435
|move|p2b: Dragonite|Protect|p2b: Dragonite
|-singleturn|p2b: Dragonite|Protect
|move|p1b: Volcarona|Protect|p1b: Volcarona
|-singleturn|p1b: Volcarona|Protect
|move|p1a: Electabuzz|Protect|p1a: Electabuzz
|-singleturn|p1a: Electabuzz|Protect
|move|p2a: Incineroar|Flare Blitz|p1a: Electabuzz
|-activate|p1a: Electabuzz|move: Protect
|
|-heal|p1b: Volcarona|70/100|[from] item: Leftovers
|upkeep
|turn|13
|
|t:|1754849456
|move|p1a: Electabuzz|Protect|p1a: Electabuzz
|-singleturn|p1a: Electabuzz|Protect
|move|p2b: Dragonite|Scale Shot|p1b: Volcarona
|-damage|p1b: Volcarona|51/100
|-damage|p1b: Volcarona|34/100
|-damage|p1b: Volcarona|17/100
|-damage|p1b: Volcarona|0 fnt
|faint|p1b: Volcarona
|-hitcount|p1: Volcarona|4
|-unboost|p2b: Dragonite|def|1
|-boost|p2b: Dragonite|spe|1
|move|p2a: Incineroar|Flare Blitz|p1a: Electabuzz
|-activate|p1a: Electabuzz|move: Protect
|
|-sideend|p2: Frakub|move: Tailwind
|upkeep
|turn|14
|inactive|elytsujuw has 30 seconds left.
|inactive|Frakub has 30 seconds left.
|-message|elytsujuw forfeited.
|
|win|Frakub
|raw|elytsujuw's rating: 1180 → 1153(-27 for losing)
|raw|Frakub's rating: 1157 → 1184(+27 for winning)
|l|☆elytsujuw
|player|p1|
|c|☆Frakub|gg
