|j|☆Beeetch
|j|☆mike6972
|html|Beeetchmike6972    
|uhtml|bestof|Game 2 of a best-of-3
|t:|1756861054
|gametype|doubles
|player|p1|Beeetch|beauty-gen4dp|1203
|player|p2|mike6972|170|1120
|gen|9
|tier|[Gen 9] VGC 2025 Reg H (Bo3)
|rated|
|rule|Species Clause: Limit one of each Pokémon
|rule|Item Clause: Limit 1 of each item
|clearpoke
|poke|p1|Excadrill, L50, M|
|poke|p1|Tyranitar, L50, M|
|poke|p1|Sneasler, L50, F|
|poke|p1|Indeedee, L50, M|
|poke|p1|Corviknight, L50, M|
|poke|p1|Annihilape, L50, F|
|poke|p2|Basculegion, L50, M|
|poke|p2|Archaludon, L50, F|
|poke|p2|Pelipper, L50, M|
|poke|p2|Dragonite, L50, F|
|poke|p2|Gholdengo, L50|
|poke|p2|Incineroar, L50, M|
|teampreview|4
|showteam|p1|Excadrill||FocusSash|SandRush|IronHead,HighHorsepower,Earthquake,Protect|||M|||50|,,,,,Stellar]Tyranitar||AssaultVest|SandStream|RockSlide,KnockOff,TeraBlast,LowKick|||M|||50|,,,,,Flying]Sneasler||PsychicSeed|Unburden|DireClaw,CloseCombat,ThroatChop,Protect|||F|||50|,,,,,Dark]Indeedee||ChoiceScarf|PsychicSurge|ExpandingForce,TeraBlast,Protect,Trick|||M|||50|,,,,,Psychic]Corviknight||Leftovers|MirrorArmor|BraveBird,BulkUp,Roost,Tailwind|||M|||50|,,,,,Dragon]Annihilape||SafetyGoggles|Defiant|CloseCombat,FinalGambit,RageFist,Taunt|||F|||50|,,,,,Water
|showteam|p2|Basculegion||LifeOrb|SwiftSwim|AquaJet,WaveCrash,LastRespects,Protect|||M|||50|,,,,,Water]Archaludon||AssaultVest|Stamina|DracoMeteor,ElectroShot,Snarl,BodyPress|||F|||50|,,,,,Grass]Pelipper||FocusSash|Drizzle|Protect,Tailwind,WeatherBall,Hurricane|||M|||50|,,,,,Ghost]Dragonite||LoadedDice|Multiscale|Haze,Protect,ScaleShot,ExtremeSpeed|||F|||50|,,,,,Fairy]Gholdengo||MetalCoat|GoodasGold|NastyPlot,ShadowBall,MakeItRain,Protect||||||50|,,,,,Dragon]Incineroar||SafetyGoggles|Intimidate|FakeOut,KnockOff,Taunt,PartingShot|||M|||50|,,,,,Ghost
|
|t:|1756861084
|teamsize|p1|4
|teamsize|p2|4
|start
|switch|p1a: Annihilape|Annihilape, L50, F|100/100
|switch|p1b: Corviknight|Corviknight, L50, M|100/100
|switch|p2a: Pelipper|Pelipper, L50, M|100/100
|switch|p2b: Dragonite|Dragonite, L50, F|100/100
|-weather|RainDance|[from] ability: Drizzle|[of] p2a: Pelipper
|turn|1
|
|t:|1756861106
|switch|p1a: Tyranitar|Tyranitar, L50, M, shiny|100/100
|-weather|Sandstorm|[from] ability: Sand Stream|[of] p1a: Tyranitar
|move|p2b: Dragonite|Scale Shot|p1b: Corviknight
|-resisted|p1b: Corviknight
|-damage|p1b: Corviknight|94/100
|-resisted|p1b: Corviknight
|-damage|p1b: Corviknight|88/100
|-resisted|p1b: Corviknight
|-damage|p1b: Corviknight|81/100
|-resisted|p1b: Corviknight
|-damage|p1b: Corviknight|75/100
|-resisted|p1b: Corviknight
|-damage|p1b: Corviknight|68/100
|-hitcount|p1b: Corviknight|5
|-unboost|p2b: Dragonite|def|1
|-boost|p2b: Dragonite|spe|1
|move|p2a: Pelipper|Tailwind|p2a: Pelipper
|-sidestart|p2: mike6972|move: Tailwind
|move|p1b: Corviknight|Tailwind|p1b: Corviknight
|-sidestart|p1: Beeetch|move: Tailwind
|
|-weather|Sandstorm|[upkeep]
|-damage|p2b: Dragonite|95/100|[from] Sandstorm
|-damage|p2a: Pelipper|95/100|[from] Sandstorm
|-heal|p1b: Corviknight|75/100|[from] item: Leftovers
|upkeep
|turn|2
|
|t:|1756861138
|switch|p2a: Incineroar|Incineroar, L50, M|100/100
|-ability|p2a: Incineroar|Intimidate|boost
|-unboost|p1a: Tyranitar|atk|1
|-ability|p1b: Corviknight|Mirror Armor
|-unboost|p2a: Incineroar|atk|1
|move|p2b: Dragonite|Protect|p2b: Dragonite
|-singleturn|p2b: Dragonite|Protect
|move|p1a: Tyranitar|Rock Slide|p2b: Dragonite|[spread] p2a
|-activate|p2b: Dragonite|move: Protect
|-supereffective|p2a: Incineroar
|-damage|p2a: Incineroar|65/100
|move|p1b: Corviknight|Brave Bird|p2b: Dragonite
|-activate|p2b: Dragonite|move: Protect
|
|-weather|Sandstorm|[upkeep]
|-damage|p2b: Dragonite|89/100|[from] Sandstorm
|-heal|p1b: Corviknight|81/100|[from] item: Leftovers
|upkeep
|turn|3
|
|t:|1756861183
|move|p2b: Dragonite|Scale Shot|p1a: Tyranitar
|-damage|p1a: Tyranitar|87/100
|-damage|p1a: Tyranitar|74/100
|-damage|p1a: Tyranitar|60/100
|-damage|p1a: Tyranitar|47/100
|-damage|p1a: Tyranitar|33/100
|-hitcount|p1a: Tyranitar|5
|-unboost|p2b: Dragonite|def|1
|-boost|p2b: Dragonite|spe|1
|move|p1a: Tyranitar|Rock Slide|p2b: Dragonite|[spread] p2a,p2b
|-supereffective|p2a: Incineroar
|-supereffective|p2b: Dragonite
|-damage|p2a: Incineroar|28/100
|-damage|p2b: Dragonite|0 fnt
|faint|p2b: Dragonite
|move|p1b: Corviknight|Brave Bird|p2a: Incineroar
|-damage|p2a: Incineroar|0 fnt
|faint|p2a: Incineroar
|-damage|p1b: Corviknight|71/100|[from] Recoil
|
|-weather|Sandstorm|[upkeep]
|-heal|p1b: Corviknight|78/100|[from] item: Leftovers
|upkeep
|
|t:|1756861189
|switch|p2b: Pelipper|Pelipper, L50, M|95/100
|switch|p2a: Basculegion|Basculegion, L50, M|100/100
|-weather|RainDance|[from] ability: Drizzle|[of] p2b: Pelipper
|turn|4
|
|t:|1756861225
|switch|p1a: Indeedee|Indeedee, L50, M, shiny|100/100
|-fieldstart|move: Psychic Terrain|[from] ability: Psychic Surge|[of] p1a: Indeedee
|move|p2a: Basculegion|Last Respects|p1b: Corviknight
|-damage|p1b: Corviknight|0 fnt
|faint|p1b: Corviknight
|-damage|p2a: Basculegion|91/100|[from] item: Life Orb
|move|p2b: Pelipper|Weather Ball|p1a: Indeedee
|-damage|p1a: Indeedee|23/100
|
|-weather|RainDance|[upkeep]
|-sideend|p2: mike6972|move: Tailwind
|-sideend|p1: Beeetch|move: Tailwind
|upkeep
|
|t:|1756861239
|switch|p1b: Tyranitar|Tyranitar, L50, M, shiny|33/100
|-weather|Sandstorm|[from] ability: Sand Stream|[of] p1b: Tyranitar
|turn|5
|
|t:|1756861260
|-terastallize|p1a: Indeedee|Psychic
|move|p1a: Indeedee|Expanding Force|p2b: Pelipper|[spread] p2a,p2b
|-damage|p2a: Basculegion|0 fnt
|-damage|p2b: Pelipper|0 fnt
|faint|p2a: Basculegion
|faint|p2b: Pelipper
|
|win|Beeetch
|raw|Beeetch's rating: 1203 → 1222(+19 for winning)
|raw|mike6972's rating: 1120 → 1101(-19 for losing)
