|j|☆TheMismatcher
|j|☆farmingsim2421
|html|TheMismatcherfarmingsim2421    
|uhtml|bestof|Game 1 of a best-of-3
|t:|1756246945
|gametype|doubles
|player|p1|TheMismatcher|1|1376
|player|p2|farmingsim2421|elesa|1195
|gen|9
|tier|[Gen 9] VGC 2025 Reg H (Bo3)
|rated|
|rule|Species Clause: Limit one of each Pokémon
|rule|Item Clause: Limit 1 of each item
|clearpoke
|poke|p1|Pelipper, L50, M|
|poke|p1|Basculegion, L50, M|
|poke|p1|Amoonguss, L50, F|
|poke|p1|Archaludon, L50, M|
|poke|p1|Greninja-*, L50, M|
|poke|p1|Annihilape, L50, M|
|poke|p2|Archaludon, L50, M|
|poke|p2|Basculegion, L50, M|
|poke|p2|Pelipper, L50, F|
|poke|p2|Amoonguss, L50, M|
|poke|p2|Incineroar, L50, F|
|poke|p2|Gholdengo, L50|
|teampreview|4
|showteam|p1|Pelipper||FocusSash|Drizzle|WeatherBall,Hurricane,Tailwind,WideGuard|||M|||50|,,,,,Stellar]Basculegion||ChoiceBand|SwiftSwim|WaveCrash,FlipTurn,LastRespects,AquaJet|||M|||50|,,,,,Grass]Amoonguss||SitrusBerry|Regenerator|Spore,RagePowder,PollenPuff,ClearSmog|||F|||50|,,,,,Dark]Archaludon||AssaultVest|Stamina|DragonPulse,FlashCannon,ElectroShot,BodyPress|||M|||50|,,,,,Grass]Greninja||LoadedDice|Torrent|WaterShuriken,Protect,Taunt,RainDance|||M|||50|,,,,,Ghost]Annihilape||ChoiceScarf|Defiant|CloseCombat,RageFist,Uturn,FinalGambit|||M|||50|,,,,,Grass
|showteam|p2|Archaludon||AssaultVest|Stamina|ElectroShot,BodyPress,FlashCannon,DracoMeteor|||M|||50|,,,,,Grass]Basculegion||LifeOrb|SwiftSwim|Protect,WaveCrash,AquaJet,LastRespects|||M|||50|,,,,,Dark]Pelipper||FocusSash|Drizzle|Hurricane,WeatherBall,Tailwind,Protect|||F|||50|,,,,,Ghost]Amoonguss||SitrusBerry|Regenerator|Spore,RagePowder,PollenPuff,BulletSeed|||M|||50|,,,,,Water]Incineroar||CovertCloak|Intimidate|FakeOut,FlareBlitz,KnockOff,PartingShot|||F|||50|,,,,,Flying]Gholdengo||MetalCoat|GoodasGold|NastyPlot,Protect,MakeItRain,ShadowBall||||||50|,,,,,Fairy
|
|t:|1756246976
|teamsize|p1|4
|teamsize|p2|4
|start
|switch|p1a: Greninja|Greninja, L50, M|100/100
|switch|p1b: Annihilape|Annihilape, L50, M|100/100
|switch|p2a: Wailord :(|Archaludon, L50, M|100/100
|switch|p2b: Wingman|Pelipper, L50, F, shiny|100/100
|-weather|RainDance|[from] ability: Drizzle|[of] p2b: Wingman
|turn|1
|
|t:|1756247007
|-terastallize|p2a: Wailord :(|Grass
|move|p2b: Wingman|Protect|p2b: Wingman
|-singleturn|p2b: Wingman|Protect
|move|p1a: Greninja|Water Shuriken|p1b: Annihilape
|-damage|p1b: Annihilape|92/100
|-damage|p1b: Annihilape|83/100
|-damage|p1b: Annihilape|75/100
|-damage|p1b: Annihilape|67/100
|-hitcount|p1b: Annihilape|4
|move|p1b: Annihilape|Rage Fist|p2a: Wailord :(
|-damage|p2a: Wailord :(|25/100
|-ability|p2a: Wailord :(|Stamina|boost
|-boost|p2a: Wailord :(|def|1
|move|p2a: Wailord :(|Electro Shot||[still]
|-prepare|p2a: Wailord :(|Electro Shot
|-boost|p2a: Wailord :(|spa|1
|-anim|p2a: Wailord :(|Electro Shot|p1a: Greninja
|-supereffective|p1a: Greninja
|-damage|p1a: Greninja|0 fnt
|faint|p1a: Greninja
|
|-weather|RainDance|[upkeep]
|upkeep
|
|t:|1756247021
|switch|p1a: Archaludon|Archaludon, L50, M|100/100
|turn|2
|
|t:|1756247050
|move|p1b: Annihilape|Rage Fist|p2a: Wailord :(
|-crit|p2a: Wailord :(
|-damage|p2a: Wailord :(|0 fnt
|faint|p2a: Wailord :(
|move|p2b: Wingman|Hurricane|p1b: Annihilape
|-supereffective|p1b: Annihilape
|-damage|p1b: Annihilape|0 fnt
|faint|p1b: Annihilape
|move|p1a: Archaludon|Electro Shot||[still]
|-prepare|p1a: Archaludon|Electro Shot
|-boost|p1a: Archaludon|spa|1
|-anim|p1a: Archaludon|Electro Shot|p2b: Wingman
|-supereffective|p2b: Wingman
|-enditem|p2b: Wingman|Focus Sash
|-damage|p2b: Wingman|1/100
|
|-weather|RainDance|[upkeep]
|upkeep
|
|t:|1756247086
|switch|p1b: Basculegion|Basculegion, L50, M|100/100
|switch|p2a: Pac-Man Fever|Gholdengo, L50|100/100
|turn|3
|
|t:|1756247106
|-terastallize|p1b: Basculegion|Grass
|move|p2b: Wingman|Protect|p2b: Wingman
|-singleturn|p2b: Wingman|Protect
|move|p1b: Basculegion|Last Respects|p2b: Wingman
|-activate|p2b: Wingman|move: Protect
|move|p2a: Pac-Man Fever|Shadow Ball|p1b: Basculegion
|-damage|p1b: Basculegion|48/100
|move|p1a: Archaludon|Electro Shot||[still]
|-prepare|p1a: Archaludon|Electro Shot
|-boost|p1a: Archaludon|spa|1
|-anim|p1a: Archaludon|Electro Shot|p2a: Pac-Man Fever
|-damage|p2a: Pac-Man Fever|14/100
|
|-weather|RainDance|[upkeep]
|upkeep
|turn|4
|
|t:|1756247130
|move|p1b: Basculegion|Last Respects|p2b: Wingman
|-damage|p2b: Wingman|0 fnt
|faint|p2b: Wingman
|move|p2a: Pac-Man Fever|Make It Rain|p1b: Basculegion|[spread] p1a,p1b
|-resisted|p1a: Archaludon
|-damage|p1a: Archaludon|79/100
|-damage|p1b: Basculegion|0 fnt
|-unboost|p2a: Pac-Man Fever|spa|1
|-ability|p1a: Archaludon|Stamina|boost
|-boost|p1a: Archaludon|def|1
|faint|p1b: Basculegion
|move|p1a: Archaludon|Electro Shot||[still]
|-prepare|p1a: Archaludon|Electro Shot
|-boost|p1a: Archaludon|spa|1
|-anim|p1a: Archaludon|Electro Shot|p2a: Pac-Man Fever
|-damage|p2a: Pac-Man Fever|0 fnt
|faint|p2a: Pac-Man Fever
|
|-weather|RainDance|[upkeep]
|upkeep
|
|t:|1756247147
|switch|p2b: Dead Fish|Basculegion, L50, M|100/100
|turn|5
|
|t:|1756247157
|move|p2b: Dead Fish|Last Respects|p1a: Archaludon
|-damage|p1a: Archaludon|17/100
|-ability|p1a: Archaludon|Stamina|boost
|-boost|p1a: Archaludon|def|1
|-damage|p2b: Dead Fish|91/100|[from] item: Life Orb
|move|p1a: Archaludon|Electro Shot||[still]
|-prepare|p1a: Archaludon|Electro Shot
|-boost|p1a: Archaludon|spa|1
|-anim|p1a: Archaludon|Electro Shot|p2b: Dead Fish
|-supereffective|p2b: Dead Fish
|-damage|p2b: Dead Fish|0 fnt
|faint|p2b: Dead Fish
|
|win|TheMismatcher
|inactive|TheMismatcher has 30 seconds to confirm battle start!
|inactive|farmingsim2421 has 30 seconds to confirm battle start!
||farmingsim2421 is ready for game 2.
||TheMismatcher is ready for game 2.
|uhtml|next|Next: Game 2 of 3
|l|☆farmingsim2421
|player|p2|
