|j|☆Refanner
|j|☆K1rbyChaos
|html|RefannerK1rbyChaos    
|uhtml|bestof|Game 3 of a best-of-3
|t:|1756738463
|gametype|doubles
|player|p1|Refanner|102|1172
|player|p2|K1rbyChaos|n|1089
|gen|9
|tier|[Gen 9] VGC 2025 Reg H (Bo3)
|rated|
|rule|Species Clause: Limit one of each Pokémon
|rule|Item Clause: Limit 1 of each item
|clearpoke
|poke|p1|Garchomp, L50, F|
|poke|p1|Incineroar, L50, M|
|poke|p1|Tyranitar, L50, M|
|poke|p1|Gholdengo, L50|
|poke|p1|Primarina, L50, F|
|poke|p1|Talonflame, L50, F|
|poke|p2|Gyarados, L50, M|
|poke|p2|Garchomp, L50, M|
|poke|p2|Annihilape, L50, M|
|poke|p2|Magmar, L50, F|
|poke|p2|Rillaboom, L50, M|
|poke|p2|Gardevoir, L50, F|
|teampreview|4
|showteam|p1|Garchomp||LifeOrb|RoughSkin|Earthquake,DragonClaw,StompingTantrum,Protect|||F|||50|,,,,,Fire]Incineroar||SitrusBerry|Intimidate|FlareBlitz,KnockOff,PartingShot,FakeOut|||M|||50|,,,,,Grass]Tyranitar||AssaultVest|SandStream|KnockOff,RockSlide,TeraBlast,LowKick|||M|||50|,,,,,Flying]Gholdengo||Leftovers|GoodasGold|MakeItRain,ShadowBall,NastyPlot,Protect||||||50|,,,,,Flying]Primarina||MagoBerry|LiquidVoice|HyperVoice,Moonblast,CalmMind,Protect|||F|||50|,,,,,Poison]Talonflame||CovertCloak|GaleWings|BraveBird,Tailwind,WillOWisp,Taunt|||F|||50|,,,,,Flying
|showteam|p2|Gyarados||SitrusBerry|Intimidate|Crunch,Protect,Waterfall,DragonDance|||M|||50|,,,,,Dark]Garchomp||ClearAmulet|RoughSkin|Earthquake,DragonClaw,StompingTantrum,Protect|||M|||50|,,,,,Fire]Annihilape||ChoiceScarf|Defiant|ShadowClaw,SmackDown,CloseCombat,FinalGambit|||M|||50|,,,,,Grass]Magmar||Eviolite|FlameBody|FollowMe,BurningJealousy,Protect,HelpingHand|||F|||50|,,,,,Ghost]Rillaboom||AssaultVest|GrassySurge|FakeOut,HighHorsepower,WoodHammer,GrassyGlide|||M|||50|,,,,,Fire]Gardevoir||ChoiceSpecs|Telepathy|DazzlingGleam,Psychic,Moonblast,MysticalFire|||F|||50|,,,,,Fire
|inactive|Battle timer is ON: inactive players will automatically lose when time's up. (requested by K1rbyChaos)
|inactive|Refanner has 60 seconds left.
|
|t:|1756738510
|teamsize|p1|4
|teamsize|p2|4
|start
|switch|p1a: Talonflame|Talonflame, L50, F|100/100
|switch|p1b: Gholdengo|Gholdengo, L50|100/100
|switch|p2a: Annihilape|Annihilape, L50, M|100/100
|switch|p2b: Rillaboom|Rillaboom, L50, M|100/100
|-fieldstart|move: Grassy Terrain|[from] ability: Grassy Surge|[of] p2b: Rillaboom
|turn|1
|inactive|Refanner has 30 seconds left.
|inactive|K1rbyChaos has 30 seconds left.
|inactive|Refanner has 20 seconds left.
|inactive|Refanner has 15 seconds left.
|inactive|Refanner has 10 seconds left.
|inactive|Refanner has 5 seconds left.
|
|t:|1756738560
|switch|p1a: Tyranitar|Tyranitar, L50, M|100/100
|-weather|Sandstorm|[from] ability: Sand Stream|[of] p1a: Tyranitar
|move|p1b: Gholdengo|Protect|p1b: Gholdengo
|-singleturn|p1b: Gholdengo|Protect
|move|p2b: Rillaboom|Fake Out|p1a: Tyranitar
|-resisted|p1a: Tyranitar
|-damage|p1a: Tyranitar|95/100
|move|p2a: Annihilape|Smack Down|p1a: Tyranitar
|-crit|p1a: Tyranitar
|-damage|p1a: Tyranitar|75/100
|
|-weather|Sandstorm|[upkeep]
|-damage|p2a: Annihilape|95/100|[from] Sandstorm
|-damage|p2b: Rillaboom|95/100|[from] Sandstorm
|-heal|p2a: Annihilape|100/100|[from] Grassy Terrain
|-heal|p2b: Rillaboom|100/100|[from] Grassy Terrain
|-heal|p1a: Tyranitar|81/100|[from] Grassy Terrain
|upkeep
|turn|2
|inactive|Refanner has 30 seconds left.
|
|t:|1756738586
|move|p2a: Annihilape|Smack Down|p1a: Tyranitar
|-damage|p1a: Tyranitar|70/100
|move|p1b: Gholdengo|Nasty Plot|p1b: Gholdengo
|-boost|p1b: Gholdengo|spa|2
|move|p2b: Rillaboom|Wood Hammer|p1a: Tyranitar
|-supereffective|p1a: Tyranitar
|-damage|p1a: Tyranitar|0 fnt
|faint|p1a: Tyranitar
|-damage|p2b: Rillaboom|79/100|[from] Recoil
|
|-weather|Sandstorm|[upkeep]
|-damage|p2a: Annihilape|95/100|[from] Sandstorm
|-damage|p2b: Rillaboom|73/100|[from] Sandstorm
|-heal|p2a: Annihilape|100/100|[from] Grassy Terrain
|-heal|p2b: Rillaboom|79/100|[from] Grassy Terrain
|upkeep
|
|t:|1756738599
|switch|p1a: Talonflame|Talonflame, L50, F|100/100
|turn|3
|
|t:|1756738624
|switch|p2a: Gyarados|Gyarados, L50, M|100/100
|-ability|p2a: Gyarados|Intimidate|boost
|-unboost|p1a: Talonflame|atk|1
|-unboost|p1b: Gholdengo|atk|1
|move|p1a: Talonflame|Tailwind|p1a: Talonflame
|-sidestart|p1: Refanner|move: Tailwind
|move|p1b: Gholdengo|Shadow Ball|p2a: Gyarados
|-damage|p2a: Gyarados|46/100
|-enditem|p2a: Gyarados|Sitrus Berry|[eat]
|-heal|p2a: Gyarados|70/100|[from] item: Sitrus Berry
|move|p2b: Rillaboom|High Horsepower|p1b: Gholdengo
|-supereffective|p1b: Gholdengo
|-damage|p1b: Gholdengo|47/100
|
|-weather|Sandstorm|[upkeep]
|-damage|p1a: Talonflame|95/100|[from] Sandstorm
|-damage|p2a: Gyarados|64/100|[from] Sandstorm
|-damage|p2b: Rillaboom|73/100|[from] Sandstorm
|-heal|p1b: Gholdengo|54/100|[from] Grassy Terrain
|-heal|p1b: Gholdengo|60/100|[from] item: Leftovers
|-heal|p2b: Rillaboom|79/100|[from] Grassy Terrain
|upkeep
|turn|4
|inactive|Refanner has 30 seconds left.
|inactive|K1rbyChaos has 30 seconds left.
|inactive|Refanner has 20 seconds left.
|inactive|Refanner has 15 seconds left.
|inactive|K1rbyChaos has 20 seconds left.
|inactive|K1rbyChaos has 15 seconds left.
|inactive|K1rbyChaos has 10 seconds left.
|
|t:|1756738674
|move|p1a: Talonflame|Brave Bird|p2b: Rillaboom
|-supereffective|p2b: Rillaboom
|-damage|p2b: Rillaboom|26/100
|-damage|p1a: Talonflame|71/100|[from] Recoil
|move|p1b: Gholdengo|Make It Rain|p2a: Gyarados|[spread] p2a,p2b
|-resisted|p2a: Gyarados
|-damage|p2a: Gyarados|31/100
|-damage|p2b: Rillaboom|0 fnt
|-unboost|p1b: Gholdengo|spa|1
|faint|p2b: Rillaboom
|move|p2a: Gyarados|Waterfall|p1a: Talonflame
|-supereffective|p1a: Talonflame
|-damage|p1a: Talonflame|0 fnt
|faint|p1a: Talonflame
|
|-weather|Sandstorm|[upkeep]
|-damage|p2a: Gyarados|26/100|[from] Sandstorm
|-heal|p1b: Gholdengo|66/100|[from] Grassy Terrain
|-heal|p1b: Gholdengo|72/100|[from] item: Leftovers
|upkeep
|
|t:|1756738690
|switch|p1a: Primarina|Primarina, L50, F|100/100
|switch|p2b: Garchomp|Garchomp, L50, M|100/100
|turn|5
|
|t:|1756738712
|move|p1b: Gholdengo|Make It Rain|p2b: Garchomp|[spread] p2a,p2b
|-resisted|p2a: Gyarados
|-crit|p2a: Gyarados
|-damage|p2a: Gyarados|0 fnt
|-damage|p2b: Garchomp|28/100
|-unboost|p1b: Gholdengo|spa|1
|faint|p2a: Gyarados
|move|p1a: Primarina|Moonblast|p2b: Garchomp
|-supereffective|p2b: Garchomp
|-damage|p2b: Garchomp|0 fnt
|faint|p2b: Garchomp
|
|-weather|none
|-heal|p1b: Gholdengo|79/100|[from] Grassy Terrain
|-heal|p1b: Gholdengo|85/100|[from] item: Leftovers
|-fieldend|move: Grassy Terrain
|upkeep
|-message|K1rbyChaos forfeited.
|
|win|Refanner
|raw|Refanner's rating: 1172 → 1191(+19 for winning)
|raw|K1rbyChaos's rating: 1089 → 1071(-18 for losing)
|l|☆K1rbyChaos
|player|p2|
