|j|☆causatorres
|j|☆Jadedragon61
|html|causatorresJadedragon61    
|uhtml|bestof|Game 1 of a best-of-3
|t:|1756220777
|gametype|doubles
|player|p1|causatorres|colress|1115
|player|p2|Jadedragon61|beni-ninja|1000
|gen|9
|tier|[Gen 9] VGC 2025 Reg H (Bo3)
|rated|
|rule|Species Clause: Limit one of each Pokémon
|rule|Item Clause: Limit 1 of each item
|clearpoke
|poke|p1|Torkoal, L50, M|
|poke|p1|Farigiraf, L50, F|
|poke|p1|Lilligant-Hisui, L50, F|
|poke|p1|Hitmontop, L50, M|
|poke|p1|Rampardos, L50, M|
|poke|p1|Ursaluna-Bloodmoon, L50, M|
|poke|p2|Porygon2, L50|
|poke|p2|Ursaluna, L50, M|
|poke|p2|Archaludon, L50, F|
|poke|p2|Pelipper, L50, F|
|poke|p2|Amoonguss, L50, F|
|poke|p2|Incineroar, L50, F|
|teampreview|4
|showteam|p1|Torkoal||ChoiceSpecs|Drought|Eruption,HeatWave,SolarBeam,WeatherBall|||M|||50|,,,,,Fire]Farigiraf||SitrusBerry|ArmorTail|Psyshock,HelpingHand,FoulPlay,TrickRoom|||F|||50|,,,,,Dark]Lilligant-Hisui||FocusSash|Chlorophyll|TripleAxel,CloseCombat,AfterYou,LeafBlade|||F|||50|,,,,,Ghost]Hitmontop||EjectButton|Intimidate|SuckerPunch,IceSpinner,FakeOut,WideGuard|||M|||50|,,,,,Dark]Rampardos||ClearAmulet|MoldBreaker|RockSlide,IronHead,SunnyDay,Protect|||M|||50|,,,,,Rock]Ursaluna-Bloodmoon||LifeOrb|MindsEye|HyperVoice,EarthPower,BloodMoon,Protect|||M|||50|,,,,,Ghost
|showteam|p2|Porygon2||Eviolite|Download|TeraBlast,IceBeam,Recover,TrickRoom||||||50|,,,,,Fighting]Ursaluna||FlameOrb|Guts|Facade,HeadlongRush,Earthquake,Protect|||M|||50|,,,,,Ghost]Archaludon||AssaultVest|Stamina|FlashCannon,DragonPulse,ElectroShot,BodyPress|||F|||50|,,,,,Grass]Pelipper||FocusSash|Drizzle|Hurricane,WeatherBall,Tailwind,Protect|||F|||50|,,,,,Ghost]Amoonguss||CovertCloak|Regenerator|RagePowder,PollenPuff,Spore,Protect|||F|||50|,,,,,Water]Incineroar||SafetyGoggles|Intimidate|FakeOut,KnockOff,WillOWisp,PartingShot|||F|||50|,,,,,Ghost
|inactive|Battle timer is ON: inactive players will automatically lose when time's up. (requested by Jadedragon61)
|
|t:|1756220809
|teamsize|p1|4
|teamsize|p2|4
|start
|switch|p1a: Farigiraf|Farigiraf, L50, F|100/100
|switch|p1b: Torkoal|Torkoal, L50, M|100/100
|switch|p2a: Hazel|Incineroar, L50, F, shiny|100/100
|switch|p2b: Bridge|Archaludon, L50, F, shiny|100/100
|-ability|p2a: Hazel|Intimidate|boost
|-unboost|p1a: Farigiraf|atk|1
|-unboost|p1b: Torkoal|atk|1
|-weather|SunnyDay|[from] ability: Drought|[of] p1b: Torkoal
|turn|1
|
|t:|1756220823
|switch|p1b: Hitmontop|Hitmontop, L50, M|100/100
|-ability|p1b: Hitmontop|Intimidate|boost
|-unboost|p2a: Hazel|atk|1
|-unboost|p2b: Bridge|atk|1
|move|p2a: Hazel|Parting Shot|p1b: Hitmontop
|-unboost|p1b: Hitmontop|atk|1
|-unboost|p1b: Hitmontop|spa|1
|
|t:|1756220834
|switch|p2a: Toilet|Pelipper, L50, F, shiny|100/100|[from] Parting Shot
|-weather|RainDance|[from] ability: Drizzle|[of] p2a: Toilet
|move|p2b: Bridge|Electro Shot||[still]
|-prepare|p2b: Bridge|Electro Shot
|-boost|p2b: Bridge|spa|1
|-anim|p2b: Bridge|Electro Shot|p1a: Farigiraf
|-damage|p1a: Farigiraf|27/100
|-enditem|p1a: Farigiraf|Sitrus Berry|[eat]
|-heal|p1a: Farigiraf|52/100|[from] item: Sitrus Berry
|move|p1a: Farigiraf|Trick Room|p1a: Farigiraf
|-fieldstart|move: Trick Room|[of] p1a: Farigiraf
|
|-weather|RainDance|[upkeep]
|upkeep
|turn|2
|inactive|causatorres has 30 seconds left.
|inactive|Jadedragon61 has 30 seconds left.
|inactive|Jadedragon61 has 20 seconds left.
|inactive|Jadedragon61 has 15 seconds left.
|inactive|Jadedragon61 has 10 seconds left.
|
|t:|1756220881
|switch|p1a: Torkoal|Torkoal, L50, M|100/100
|-weather|SunnyDay|[from] ability: Drought|[of] p1a: Torkoal
|switch|p2a: Rampage|Ursaluna, L50, M|100/100
|move|p1b: Hitmontop|Fake Out|p2a: Rampage
|-crit|p2a: Rampage
|-damage|p2a: Rampage|90/100
|move|p2b: Bridge|Dragon Pulse|p1a: Torkoal
|-damage|p1a: Torkoal|3/100
|
|-weather|SunnyDay|[upkeep]
|-status|p2a: Rampage|brn|[from] item: Flame Orb
|upkeep
|turn|3
|inactive|causatorres has 30 seconds left.
|inactive|causatorres has 20 seconds left.
|inactive|causatorres has 15 seconds left.
|
|t:|1756220925
|switch|p1b: Farigiraf|Farigiraf, L50, F|52/100
|switch|p2b: Toilet|Pelipper, L50, F, shiny|100/100
|-weather|RainDance|[from] ability: Drizzle|[of] p2b: Toilet
|-terastallize|p1a: Torkoal|Fire
|move|p1a: Torkoal|Heat Wave|p2b: Toilet|[spread] p2a,p2b
|-resisted|p2b: Toilet
|-damage|p2a: Rampage|63/100 brn
|-damage|p2b: Toilet|75/100
|move|p2a: Rampage|Earthquake|p1a: Torkoal|[spread] p1a,p1b
|-immune|p2b: Toilet
|-supereffective|p1a: Torkoal
|-damage|p1a: Torkoal|0 fnt
|-damage|p1b: Farigiraf|7/100
|faint|p1a: Torkoal
|
|-weather|RainDance|[upkeep]
|-damage|p2a: Rampage|57/100 brn|[from] brn
|upkeep
|
|t:|1756220933
|switch|p1a: Hitmontop|Hitmontop, L50, M|100/100
|-ability|p1a: Hitmontop|Intimidate|boost
|-unboost|p2a: Rampage|atk|1
|-unboost|p2b: Toilet|atk|1
|turn|4
|
|t:|1756220944
|switch|p2a: Hazel|Incineroar, L50, F, shiny|100/100
|-ability|p2a: Hazel|Intimidate|boost
|-unboost|p1a: Hitmontop|atk|1
|-unboost|p1b: Farigiraf|atk|1
|move|p1a: Hitmontop|Fake Out|p2a: Hazel
|-damage|p2a: Hazel|94/100
|move|p1b: Farigiraf|Psyshock|p2b: Toilet
|-damage|p2b: Toilet|35/100
|move|p2b: Toilet|Hurricane|p1a: Hitmontop
|-supereffective|p1a: Hitmontop
|-damage|p1a: Hitmontop|27/100
|-enditem|p1a: Hitmontop|Eject Button
|
|t:|1756220948
|switch|p1a: Lilligant|Lilligant-Hisui, L50, F|100/100
|
|-weather|RainDance|[upkeep]
|upkeep
|turn|5
|
|t:|1756220968
|switch|p2b: Bridge|Archaludon, L50, F, shiny|100/100
|switch|p1a: Hitmontop|Hitmontop, L50, M|27/100
|-ability|p1a: Hitmontop|Intimidate|boost
|-unboost|p2a: Hazel|atk|1
|-unboost|p2b: Bridge|atk|1
|move|p1b: Farigiraf|Psyshock|p2b: Bridge
|-resisted|p2b: Bridge
|-damage|p2b: Bridge|88/100
|-ability|p2b: Bridge|Stamina|boost
|-boost|p2b: Bridge|def|1
|move|p2a: Hazel|Will-O-Wisp|p2b: Bridge
|-status|p2b: Bridge|brn
|
|-weather|RainDance|[upkeep]
|-damage|p2b: Bridge|82/100 brn|[from] brn
|-fieldend|move: Trick Room
|upkeep
|turn|6
|inactive|causatorres has 30 seconds left.
|
|t:|1756220995
|move|p1a: Hitmontop|Fake Out|p2b: Bridge
|-resisted|p2b: Bridge
|-damage|p2b: Bridge|80/100 brn
|-ability|p2b: Bridge|Stamina|boost
|-boost|p2b: Bridge|def|1
|move|p2a: Hazel|Knock Off|p1b: Farigiraf
|-supereffective|p1b: Farigiraf
|-crit|p1b: Farigiraf
|-damage|p1b: Farigiraf|0 fnt
|faint|p1b: Farigiraf
|cant|p2b: Bridge|flinch
|
|-weather|RainDance|[upkeep]
|-damage|p2b: Bridge|74/100 brn|[from] brn
|upkeep
|
|t:|1756220998
|switch|p1b: Lilligant|Lilligant-Hisui, L50, F|100/100
|turn|7
|inactive|Jadedragon61 has 30 seconds left.
|
|t:|1756221025
|move|p1a: Hitmontop|Sucker Punch||[still]
|-fail|p1a: Hitmontop
|move|p1b: Lilligant|Close Combat|p2a: Hazel
|-supereffective|p2a: Hazel
|-damage|p2a: Hazel|0 fnt
|-unboost|p1b: Lilligant|def|1
|-unboost|p1b: Lilligant|spd|1
|faint|p2a: Hazel
|move|p2b: Bridge|Electro Shot||[still]
|-prepare|p2b: Bridge|Electro Shot
|-boost|p2b: Bridge|spa|1
|-anim|p2b: Bridge|Electro Shot|p1a: Hitmontop
|-damage|p1a: Hitmontop|0 fnt
|faint|p1a: Hitmontop
|
|-weather|none
|-damage|p2b: Bridge|68/100 brn|[from] brn
|upkeep
|
|t:|1756221039
|switch|p2a: Toilet|Pelipper, L50, F, shiny|35/100
|-weather|RainDance|[from] ability: Drizzle|[of] p2a: Toilet
|turn|8
|
|t:|1756221058
|move|p1b: Lilligant|Leaf Blade|p2a: Toilet
|-damage|p2a: Toilet|0 fnt
|faint|p2a: Toilet
|move|p2b: Bridge|Electro Shot||[still]
|-prepare|p2b: Bridge|Electro Shot
|-boost|p2b: Bridge|spa|1
|-anim|p2b: Bridge|Electro Shot|p1b: Lilligant
|-resisted|p1b: Lilligant
|-enditem|p1b: Lilligant|Focus Sash
|-damage|p1b: Lilligant|1/100
|
|-weather|RainDance|[upkeep]
|-damage|p2b: Bridge|62/100 brn|[from] brn
|upkeep
|
|t:|1756221063
|switch|p2a: Rampage|Ursaluna, L50, M|57/100 brn
|turn|9
|
|t:|1756221070
|-terastallize|p2a: Rampage|Ghost
|move|p1b: Lilligant|Leaf Blade|p2a: Rampage
|-damage|p2a: Rampage|22/100 brn
|move|p2b: Bridge|Electro Shot||[still]
|-prepare|p2b: Bridge|Electro Shot
|-boost|p2b: Bridge|spa|1
|-anim|p2b: Bridge|Electro Shot|p1b: Lilligant
|-resisted|p1b: Lilligant
|-damage|p1b: Lilligant|0 fnt
|faint|p1b: Lilligant
|
|win|Jadedragon61
||causatorres is ready for game 2.
