|j|☆abgesaftet
|j|☆squalogni
|html|abgesaftetsqualogni    
|uhtml|bestof|Game 1 of a best-of-3
|t:|1785769087
|gametype|doubles
|player|p1|abgesaftet|ballguy|1308
|player|p2|squalogni|102|1216
|gen|9
|tier|[Gen 9 Champions] VGC 2026 Reg M-B (Bo3)
|rated|
|rule|Species Clause: Limit one of each Pokémon
|rule|Item Clause: Limit 1 of each item
|clearpoke
|poke|p1|Sneasler, L50, F|
|poke|p1|Sinistcha, L50|
|poke|p1|Incineroar, L50, F|
|poke|p1|Kingambit, L50, M|
|poke|p1|Delphox, L50, F|
|poke|p1|Blastoise, L50, M|
|poke|p2|Garchomp, L50, F|
|poke|p2|Charizard, L50, M|
|poke|p2|Floette-Eternal, L50, F|
|poke|p2|Basculegion, L50, M|
|poke|p2|Whimsicott, L50, M|
|poke|p2|Kingambit, L50, F|
|teampreview|4
|showteam|p1|Sneasler||FocusSash|PoisonTouch|FakeOut,CloseCombat,PoisonJab,QuickGuard|Jolly||F|||50|]Sinistcha||OccaBerry|Hospitality|MatchaGotcha,RagePowder,TrickRoom,Protect|Bold|||||50|]Incineroar||SitrusBerry|Intimidate|FakeOut,FlareBlitz,ThroatChop,PartingShot|Careful||F|||50|]Kingambit||LifeOrb|Defiant|KowtowCleave,SuckerPunch,SwordsDance,Protect|Adamant||M|||50|]Delphox||Delphoxite|Blaze|HeatWave,Psychic,NastyPlot,Protect|Timid||F|||50|]Blastoise||Blastoisinite|RainDish|WaterSpout,DarkPulse,ShellSmash,Protect|Modest||M|||50|
|showteam|p2|Garchomp||LifeOrb|RoughSkin|RockSlide,Earthquake,DragonClaw,Protect|Jolly||F|||50|]Charizard||CharizarditeY|SolarPower|SolarBeam,HeatWave,WeatherBall,Protect|Timid||M|||50|]Floette-Eternal||Floettite|Symbiosis|DazzlingGleam,Moonblast,LightofRuin,Protect|Timid||F|||50|]Basculegion||SitrusBerry|Adaptability|AquaJet,WaveCrash,LastRespects,Protect|Adamant||M|||50|]Whimsicott||FocusSash|Prankster|Tailwind,Encore,Moonblast,Protect|Timid||M|||50|]Kingambit||ChopleBerry|Defiant|KowtowCleave,SuckerPunch,LowKick,IronHead|Adamant||F|||50|
|inactive|Battle timer is ON: inactive players will automatically lose when time's up. (requested by abgesaftet)
|inactive|squalogni has 60 seconds left.
|inactive|squalogni has 30 seconds left.
|inactive|squalogni has 20 seconds left.
|inactive|squalogni has 15 seconds left.
|inactive|squalogni has 10 seconds left.
|
|t:|1785769204
|teamsize|p1|4
|teamsize|p2|4
|start
|switch|p1a: Delphox|Delphox, L50, F|100/100
|switch|p1b: Sneasler|Sneasler, L50, F|100/100
|switch|p2a: Whimsicott|Whimsicott, L50, M|100/100
|switch|p2b: Charizard|Charizard, L50, M|100/100
|turn|1
|
|t:|1785769223
|detailschange|p1a: Delphox|Delphox-Mega, L50, F
|-mega|p1a: Delphox|Delphox|Delphoxite
|move|p2a: Whimsicott|Protect|p2a: Whimsicott
|-singleturn|p2a: Whimsicott|Protect
|move|p2b: Charizard|Protect|p2b: Charizard
|-singleturn|p2b: Charizard|Protect
|move|p1a: Delphox|Nasty Plot|p1a: Delphox
|-boost|p1a: Delphox|spa|2
|move|p1b: Sneasler|Poison Jab|p2a: Whimsicott
|-activate|p2a: Whimsicott|move: Protect
|
|upkeep
|turn|2
|inactive|squalogni has 30 seconds left.
|inactive|squalogni has 20 seconds left.
|inactive|squalogni has 15 seconds left.
|inactive|squalogni has 10 seconds left.
|inactive|squalogni has 5 seconds left.
|
|t:|1785769278
|move|p1a: Delphox|Protect|p1a: Delphox
|-singleturn|p1a: Delphox|Protect
|move|p2a: Whimsicott|Tailwind|p2a: Whimsicott
|-sidestart|p2: squalogni|move: Tailwind
|move|p2b: Charizard|Solar Beam||[still]
|-prepare|p2b: Charizard|Solar Beam
|move|p1b: Sneasler|Poison Jab|p2a: Whimsicott
|-supereffective|p2a: Whimsicott|2
|-enditem|p2a: Whimsicott|Focus Sash
|-damage|p2a: Whimsicott|1/100
|
|upkeep
|turn|3
|inactive|squalogni has 30 seconds left.
|
|t:|1785769306
|move|p2a: Whimsicott|Encore|p1a: Delphox
|-start|p1a: Delphox|Encore
|move|p1a: Delphox|Protect|p1a: Delphox
|-singleturn|p1a: Delphox|Protect
|move|p2b: Charizard|Solar Beam|p1a: Delphox|[from] lockedmove
|-activate|p1a: Delphox|move: Protect
|move|p1b: Sneasler|Poison Jab|p2b: Charizard
|-damage|p2b: Charizard|51/100
|
|upkeep
|turn|4
|
|t:|1785769322
|detailschange|p2b: Charizard|Charizard-Mega-Y, L50, M
|-mega|p2b: Charizard|Charizard|Charizardite Y
|-weather|SunnyDay|[from] ability: Drought|[of] p2b: Charizard
|move|p1a: Delphox|Protect|p1a: Delphox
|-singleturn|p1a: Delphox|Protect
|move|p2a: Whimsicott|Moonblast|p1b: Sneasler
|-damage|p1b: Sneasler|51/100
|move|p2b: Charizard|Heat Wave|p1b: Sneasler|[spread] 
|-activate|p1a: Delphox|move: Protect
|-miss|p2b: Charizard|p1b: Sneasler
|move|p1b: Sneasler|Poison Jab|p2a: Whimsicott
|-supereffective|p2a: Whimsicott|2
|-damage|p2a: Whimsicott|0 fnt
|faint|p2a: Whimsicott
|
|-weather|SunnyDay|[upkeep]
|upkeep
|
|t:|1785769332
|switch|p2a: Garchomp|Garchomp, L50, F|100/100
|turn|5
|
|t:|1785769341
|switch|p1b: Incineroar|Incineroar, L50, F|100/100
|-ability|p1b: Incineroar|Intimidate|boost
|-unboost|p2a: Garchomp|atk|1
|-unboost|p2b: Charizard|atk|1
|move|p1a: Delphox|Protect||[still]
|-fail|p1a: Delphox
|move|p2a: Garchomp|Rock Slide|p1a: Delphox|[spread] p1a
|-miss|p2a: Garchomp|p1b: Incineroar
|-supereffective|p1a: Delphox|1
|-damage|p1a: Delphox|56/100
|-damage|p2a: Garchomp|90/100|[from] item: Life Orb
|move|p2b: Charizard|Heat Wave|p1a: Delphox|[spread] p1a,p1b
|-resisted|p1a: Delphox|1
|-resisted|p1b: Incineroar|1
|-damage|p1a: Delphox|27/100
|-damage|p1b: Incineroar|73/100
|
|-weather|SunnyDay|[upkeep]
|-end|p1a: Delphox|Encore
|-sideend|p2: squalogni|move: Tailwind
|upkeep
|turn|6
|
|t:|1785769359
|switch|p1b: Sinistcha|Sinistcha, L50|100/100
|-heal|p1a: Delphox|52/100|[from] ability: Hospitality|[of] p1b: Sinistcha
|move|p2a: Garchomp|Protect|p2a: Garchomp
|-singleturn|p2a: Garchomp|Protect
|move|p2b: Charizard|Protect|p2b: Charizard
|-singleturn|p2b: Charizard|Protect
|move|p1a: Delphox|Psychic|p2a: Garchomp
|-activate|p2a: Garchomp|move: Protect
|
|-weather|SunnyDay|[upkeep]
|upkeep
|turn|7
|inactive|abgesaftet has 30 seconds left.
|
|t:|1785769385
|switch|p1b: Incineroar|Incineroar, L50, F|73/100
|-ability|p1b: Incineroar|Intimidate|boost
|-unboost|p2a: Garchomp|atk|1
|-unboost|p2b: Charizard|atk|1
|move|p1a: Delphox|Psychic|p2a: Garchomp
|-damage|p2a: Garchomp|0 fnt
|faint|p2a: Garchomp
|move|p2b: Charizard|Heat Wave|p1a: Delphox|[spread] p1a,p1b
|-resisted|p1a: Delphox|1
|-resisted|p1b: Incineroar|1
|-damage|p1a: Delphox|24/100
|-damage|p1b: Incineroar|47/100
|-enditem|p1b: Incineroar|Sitrus Berry|[eat]
|-heal|p1b: Incineroar|72/100|[from] item: Sitrus Berry
|
|-weather|SunnyDay|[upkeep]
|upkeep
|
|t:|1785769388
|switch|p2a: Basculegion|Basculegion, L50, M|100/100
|turn|8
|-message|squalogni forfeited.
|
|win|abgesaftet
|l|☆squalogni
|player|p2|
||abgesaftet is ready for game 2.
||squalogni is ready for game 2.
|uhtml|next|Next: Game 2 of 3
