|j|☆minecraftaviral
|j|☆momsaidso
|html|minecraftaviralmomsaidso    
|uhtml|bestof|Game 3 of a best-of-3
|t:|1785302567
|gametype|doubles
|player|p1|minecraftaviral|170|
|player|p2|momsaidso|101|
|gen|9
|tier|[Gen 9 Champions] VGC 2026 Reg M-B (Bo3)
|rule|Species Clause: Limit one of each Pokémon
|rule|Item Clause: Limit 1 of each item
|clearpoke
|poke|p1|Malamar, L50, M|
|poke|p1|Maushold, L50|
|poke|p1|Mawile, L50, F|
|poke|p1|Sinistcha, L50|
|poke|p1|Whimsicott, L50, M|
|poke|p1|Incineroar, L50, M|
|poke|p2|Charizard, L50, M, shiny|
|poke|p2|Incineroar, L50, M, shiny|
|poke|p2|Whimsicott, L50, F, shiny|
|poke|p2|Kingambit, L50, F, shiny|
|poke|p2|Sinistcha, L50, shiny|
|poke|p2|Garchomp, L50, M, shiny|
|teampreview|4
|showteam|p1|Malamar||Malamarite|Contrary|Superpower,KnockOff,TrickRoom,Protect|Adamant||M|||50|]Maushold||WideLens|Technician|PopulationBomb,FollowMe,Feint,Protect|Jolly|||||50|]Mawile||Mawilite|HyperCutter|PlayRough,RockSlide,SuckerPunch,Protect|Brave||F|||50|]Sinistcha||ColburBerry|Hospitality|MatchaGotcha,LifeDew,RagePowder,Protect|Calm|||||50|]Whimsicott||FocusSash|Prankster|Moonblast,Tailwind,Charm,FakeTears|Modest||M|||50|]Incineroar||LifeOrb|Intimidate|FlareBlitz,DarkestLariat,PartingShot,FakeOut|Brave||M|||50|
|showteam|p2|Charizard||CharizarditeY|Blaze|HeatWave,SolarBeam,Protect,Overheat|Timid||M|||50|]Incineroar||SitrusBerry|Intimidate|FakeOut,PartingShot,FlareBlitz,ThroatChop|Adamant||M|||50|]Whimsicott||FocusSash|Prankster|Tailwind,Moonblast,Encore,Protect|Timid||F|||50|]Kingambit||BlackGlasses|SupremeOverlord|KowtowCleave,IronHead,SuckerPunch,Protect|Adamant||F|||50|]Sinistcha||Leftovers|Hospitality|MatchaGotcha,RagePowder,StrengthSap,Protect|Bold|||||50|]Garchomp||LumBerry|RoughSkin|Earthquake,DragonClaw,RockSlide,Protect|Jolly||M|||50|
|
|t:|1785302591
|teamsize|p1|4
|teamsize|p2|4
|start
|switch|p1a: Whimsicott|Whimsicott, L50, M|100/100
|switch|p1b: Malamar|Malamar, L50, M|100/100
|switch|p2a: Charizard|Charizard, L50, M, shiny|100/100
|switch|p2b: Incineroar|Incineroar, L50, M, shiny|100/100
|-ability|p2b: Incineroar|Intimidate|boost
|-unboost|p1a: Whimsicott|atk|1
|-boost|p1b: Malamar|atk|1
|turn|1
|
|t:|1785302639
|switch|p1a: Incineroar|Incineroar, L50, M|100/100
|-ability|p1a: Incineroar|Intimidate|boost
|-unboost|p2a: Charizard|atk|1
|-unboost|p2b: Incineroar|atk|1
|move|p1b: Malamar|Protect|p1b: Malamar
|-singleturn|p1b: Malamar|Protect
|move|p2b: Incineroar|Fake Out|p1b: Malamar
|-activate|p1b: Malamar|move: Protect
|move|p2a: Charizard|Heat Wave|p1b: Malamar|[spread] p1a
|-activate|p1b: Malamar|move: Protect
|-resisted|p1a: Incineroar|1
|-damage|p1a: Incineroar|82/100
|
|upkeep
|turn|2
|
|t:|1785302679
|detailschange|p2a: Charizard|Charizard-Mega-Y, L50, M, shiny
|-mega|p2a: Charizard|Charizard|Charizardite Y
|-weather|SunnyDay|[from] ability: Drought|[of] p2a: Charizard
|detailschange|p1b: Malamar|Malamar-Mega, L50, M
|-mega|p1b: Malamar|Malamar|Malamarite
|move|p1a: Incineroar|Fake Out|p2a: Charizard
|-damage|p2a: Charizard|74/100
|-damage|p1a: Incineroar|73/100|[from] item: Life Orb
|cant|p2a: Charizard|flinch
|move|p1b: Malamar|Superpower|p2b: Incineroar
|-supereffective|p2b: Incineroar|1
|-damage|p2b: Incineroar|0 fnt
|-boost|p1b: Malamar|atk|1
|-boost|p1b: Malamar|def|1
|faint|p2b: Incineroar
|
|-weather|SunnyDay|[upkeep]
|upkeep
|
|t:|1785302705
|switch|p2b: Sinistcha|Sinistcha, L50, shiny|100/100
|-heal|p2a: Charizard|98/100|[from] ability: Hospitality|[of] p2b: Sinistcha
|turn|3
|
|t:|1785302722
|move|p1b: Malamar|Protect|p1b: Malamar
|-singleturn|p1b: Malamar|Protect
|move|p2a: Charizard|Heat Wave|p1a: Incineroar|[spread] p1a
|-activate|p1b: Malamar|move: Protect
|-resisted|p1a: Incineroar|1
|-damage|p1a: Incineroar|43/100
|move|p2b: Sinistcha|Matcha Gotcha|p1a: Incineroar|[spread] p1a
|-activate|p1b: Malamar|move: Protect
|-resisted|p1a: Incineroar|1
|-crit|p1a: Incineroar
|-damage|p1a: Incineroar|24/100
|move|p1a: Incineroar|Flare Blitz|p2b: Sinistcha
|-supereffective|p2b: Sinistcha|1
|-damage|p2b: Sinistcha|0 fnt
|faint|p2b: Sinistcha
|-damage|p1a: Incineroar|0 fnt|[from] Recoil
|faint|p1a: Incineroar
|
|-weather|SunnyDay|[upkeep]
|upkeep
|
|t:|1785302754
|switch|p2b: Garchomp|Garchomp, L50, M, shiny|100/100
|switch|p1a: Maushold|Maushold, L50|100/100
|turn|4
|
|t:|1785302779
|move|p1a: Maushold|Population Bomb|p2a: Charizard
|-damage|p2a: Charizard|83/100
|-damage|p2a: Charizard|67/100
|-damage|p2a: Charizard|50/100g
|-damage|p2a: Charizard|33/100
|-damage|p2a: Charizard|17/100
|-damage|p2a: Charizard|1/100
|-damage|p2a: Charizard|0 fnt
|faint|p2a: Charizard
|-hitcount|p2: Charizard|7
|move|p2b: Garchomp|Earthquake|p1b: Malamar|[spread] p1a,p1b
|-damage|p1a: Maushold|41/100
|-damage|p1b: Malamar|72/100
|move|p1b: Malamar|Knock Off|p2b: Garchomp
|-damage|p2b: Garchomp|7/100
|-damage|p1b: Malamar|60/100|[from] ability: Rough Skin|[of] p2b: Garchomp
|-enditem|p2b: Garchomp|Lum Berry|[from] move: Knock Off|[of] p1b: Malamar
|
|-weather|SunnyDay|[upkeep]
|upkeep
|turn|5
|
|t:|1785302813
|move|p1a: Maushold|Feint|p2b: Garchomp
|-damage|p2b: Garchomp|0 fnt
|faint|p2b: Garchomp
|
|win|minecraftaviral
|c|☆minecraftaviral|Ggnice math
|c|☆minecraftaviral|Match
