|j|☆viatles
|j|☆Jadyeetus
|html|viatlesJadyeetus    
|uhtml|bestof|Game 1 of a best-of-3
|t:|1783450529
|gametype|doubles
|player|p1|viatles|hiker|1128
|player|p2|Jadyeetus|linebacker|1033
|gen|9
|tier|[Gen 9 Champions] VGC 2026 Reg M-B (Bo3)
|rated|
|rule|Species Clause: Limit one of each Pokémon
|rule|Item Clause: Limit 1 of each item
|clearpoke
|poke|p1|Beedrill, L50, F, shiny|
|poke|p1|Milotic, L50, F, shiny|
|poke|p1|Farigiraf, L50, M|
|poke|p1|Sinistcha, L50|
|poke|p1|Kingambit, L50, F|
|poke|p1|Ceruledge, L50, M|
|poke|p2|Staraptor, L50, M|
|poke|p2|Excadrill, L50, M, shiny|
|poke|p2|Rotom-Heat, L50, shiny|
|poke|p2|Sceptile, L50, M, shiny|
|poke|p2|Whimsicott, L50, F|
|poke|p2|Toxapex, L50, F, shiny|
|teampreview|4
|showteam|p1|Beedrill||Beedrillite|Swarm|Uturn,DrillRun,PoisonJab,Protect|Jolly||F|||50|]Milotic||Leftovers|Competitive|Scald,IcyWind,Protect,LifeDew|Bold||F|||50|]Farigiraf||ColburBerry|ArmorTail|TrickRoom,Thunderbolt,TwinBeam,HelpingHand|Bold||M|||50|]Sinistcha||SitrusBerry|Hospitality|MatchaGotcha,RagePowder,Imprison,TrickRoom|Bold|||||50|]Kingambit||BlackGlasses|Defiant|SuckerPunch,Protect,KowtowCleave,LowKick|Adamant||F|||50|]Ceruledge||WhiteHerb|FlashFire|ShadowSneak,BitterBlade,CloseCombat,Protect|Serious||M|||50|
|showteam|p2|Staraptor||Staraptite|Intimidate|CloseCombat,BraveBird,Protect,Roost|Jolly||M|||50|]Excadrill||ChoiceScarf|MoldBreaker|HighHorsepower,RockSlide,ThroatChop,IronHead|Jolly||M|||50|]Rotom-Heat||Leftovers|Levitate|Discharge,Overheat,DarkPulse,Protect|Timid|||||50|]Sceptile||Sceptilite|Overgrow|EarthPower,GigaDrain,Protect,DragonPulse|Timid||M|||50|]Whimsicott||FocusSash|Prankster|Charm,Tailwind,Moonblast,Encore|Timid||F|||50|]Toxapex||ShucaBerry|Regenerator|Recover,BanefulBunker,ChillingWater,SludgeWave|Calm||F|||50|
|inactive|Battle timer is ON: inactive players will automatically lose when time's up. (requested by Jadyeetus)
|c|☆viatles|gl hf
|inactive|viatles has 60 seconds left.
|
|t:|1783450560
|teamsize|p1|4
|teamsize|p2|4
|start
|switch|p1a: Ceruledge|Ceruledge, L50, M|100/100
|switch|p1b: Farigiraf|Farigiraf, L50, M|100/100
|switch|p2a: Unhand me|Excadrill, L50, M, shiny|100/100
|switch|p2b: Microwave|Rotom-Heat, L50, shiny|100/100
|-ability|p2a: Unhand me|Mold Breaker
|turn|1
|
|t:|1783450583
|move|p1a: Ceruledge|Protect|p1a: Ceruledge
|-singleturn|p1a: Ceruledge|Protect
|move|p2a: Unhand me|Throat Chop|p1b: Farigiraf
|-supereffective|p1b: Farigiraf|1
|-enditem|p1b: Farigiraf|Colbur Berry|[eat]
|-enditem|p1b: Farigiraf|Colbur Berry|[weaken]
|-damage|p1b: Farigiraf|79/100
|-start|p1b: Farigiraf|Throat Chop|[silent]
|move|p2b: Microwave|Dark Pulse|p1b: Farigiraf
|-supereffective|p1b: Farigiraf|1
|-damage|p1b: Farigiraf|33/100
|move|p1b: Farigiraf|Trick Room|p1b: Farigiraf
|-fieldstart|move: Trick Room|[of] p1b: Farigiraf
|
|upkeep
|turn|2
|
|t:|1783450606
|switch|p2a: Whimsy|Whimsicott, L50, F|100/100
|move|p1b: Farigiraf|Twin Beam|p2a: Whimsy
|-damage|p2a: Whimsy|72/100
|-damage|p2a: Whimsy|47/100
|-hitcount|p2a: Whimsy|2
|move|p1a: Ceruledge|Bitter Blade|p2a: Whimsy
|-supereffective|p2a: Whimsy|1
|-damage|p2a: Whimsy|0 fnt
|faint|p2a: Whimsy
|move|p2b: Microwave|Dark Pulse|p1b: Farigiraf
|-supereffective|p1b: Farigiraf|1
|-damage|p1b: Farigiraf|0 fnt
|faint|p1b: Farigiraf
|
|upkeep
|
|t:|1783450621
|switch|p1b: Milotic|Milotic, L50, F, shiny|100/100
|switch|p2a: Santa|Sceptile, L50, M, shiny|100/100
|turn|3
|
|t:|1783450632
|move|p2a: Santa|Protect|p2a: Santa
|-singleturn|p2a: Santa|Protect
|move|p1b: Milotic|Scald|p2b: Microwave
|-supereffective|p2b: Microwave|1
|-damage|p2b: Microwave|19/100
|move|p1a: Ceruledge|Bitter Blade|p2a: Santa
|-activate|p2a: Santa|move: Protect
|move|p2b: Microwave|Dark Pulse|p1a: Ceruledge
|-supereffective|p1a: Ceruledge|1
|-damage|p1a: Ceruledge|50/100g
|
|-heal|p2b: Microwave|25/100|[from] item: Leftovers
|upkeep
|turn|4
|
|t:|1783450651
|switch|p2a: Unhand me|Excadrill, L50, M, shiny|100/100
|-ability|p2a: Unhand me|Mold Breaker
|move|p2b: Microwave|Protect|p2b: Microwave
|-singleturn|p2b: Microwave|Protect
|move|p1b: Milotic|Scald|p2b: Microwave
|-activate|p2b: Microwave|move: Protect
|move|p1a: Ceruledge|Bitter Blade|p2a: Unhand me
|-supereffective|p2a: Unhand me|1
|-damage|p2a: Unhand me|0 fnt
|-heal|p1a: Ceruledge|100/100|[from] drain|[of] p2a: Unhand me
|faint|p2a: Unhand me
|
|-heal|p2b: Microwave|30/100|[from] item: Leftovers
|upkeep
|
|t:|1783450663
|switch|p2a: Santa|Sceptile, L50, M, shiny|100/100
|turn|5
|
|t:|1783450685
|move|p2a: Santa|Protect|p2a: Santa
|-singleturn|p2a: Santa|Protect
|move|p1b: Milotic|Icy Wind|p2a: Santa|[spread] p2b
|-activate|p2a: Santa|move: Protect
|-resisted|p2b: Microwave|1
|-damage|p2b: Microwave|24/100
|-unboost|p2b: Microwave|spe|1
|move|p2b: Microwave|Discharge|p1b: Milotic|[spread] p1a,p1b
|-activate|p2a: Santa|move: Protect
|-supereffective|p1b: Milotic|1
|-damage|p1a: Ceruledge|75/100
|-damage|p1b: Milotic|58/100
|-status|p1a: Ceruledge|par
|move|p1a: Ceruledge|Bitter Blade|p2b: Microwave
|-resisted|p2b: Microwave|1
|-damage|p2b: Microwave|0 fnt
|-heal|p1a: Ceruledge|84/100 par|[from] drain|[of] p2b: Microwave
|faint|p2b: Microwave
|
|-heal|p1b: Milotic|64/100|[from] item: Leftovers
|-fieldend|move: Trick Room
|upkeep
|turn|6
|
|t:|1783450707
|detailschange|p2a: Santa|Sceptile-Mega, L50, M, shiny
|-mega|p2a: Santa|Sceptile|Sceptilite
|move|p1b: Milotic|Protect|p1b: Milotic
|-singleturn|p1b: Milotic|Protect
|move|p2a: Santa|Earth Power|p1a: Ceruledge
|-supereffective|p1a: Ceruledge|1
|-damage|p1a: Ceruledge|13/100 par
|move|p1a: Ceruledge|Bitter Blade|p2a: Santa
|-damage|p2a: Santa|29/100
|-heal|p1a: Ceruledge|42/100 par|[from] drain|[of] p2a: Santa
|
|-heal|p1b: Milotic|70/100|[from] item: Leftovers
|upkeep
|turn|7
|inactive|viatles has 30 seconds left.
|
|t:|1783450734
|move|p2a: Santa|Giga Drain|p1b: Milotic
|-supereffective|p1b: Milotic|1
|-damage|p1b: Milotic|4/100
|-heal|p2a: Santa|73/100|[from] drain|[of] p1b: Milotic
|move|p1b: Milotic|Icy Wind|p2a: Santa
|-supereffective|p2a: Santa|2
|-damage|p2a: Santa|0 fnt
|faint|p2a: Santa
|
|win|viatles
