|j|☆othunder21
|j|☆zen077
|html|othunder21zen077    
|uhtml|bestof|Game 2 of a best-of-3
|t:|1784753622
|gametype|doubles
|player|p1|othunder21|nate|
|player|p2|zen077|266|
|gen|9
|tier|[Gen 9 Champions] VGC 2026 Reg M-B (Bo3)
|rule|Species Clause: Limit one of each Pokémon
|rule|Item Clause: Limit 1 of each item
|clearpoke
|poke|p1|Charizard, L50, M|
|poke|p1|Sylveon, L50, M|
|poke|p1|Farigiraf, L50, F|
|poke|p1|Aerodactyl, L50, F|
|poke|p1|Kingambit, L50, M|
|poke|p1|Garchomp, L50, M|
|poke|p2|Basculegion, L50, M|
|poke|p2|Sneasler, L50, M|
|poke|p2|Meganium, L50, M|
|poke|p2|Aerodactyl, L50, F|
|poke|p2|Kingambit, L50, M|
|poke|p2|Farigiraf, L50, F|
|teampreview|4
|showteam|p1|Charizard||CharizarditeY|SolarPower|Protect,WeatherBall,SolarBeam,HeatWave|Modest||M|||50|]Sylveon||FairyFeather|Pixilate|Detect,HyperVoice,QuickAttack,HyperBeam|Modest||M|||50|]Farigiraf||SitrusBerry|ArmorTail|Thunderbolt,TwinBeam,Roar,TrickRoom|Bold||F|||50|]Aerodactyl||Aerodactylite|Unnerve|RockSlide,DualWingbeat,IceFang,Tailwind|Jolly||F|||50|]Kingambit||FocusSash|Defiant|KowtowCleave,SuckerPunch,IronHead,LowKick|Adamant||M|||50|]Garchomp||LifeOrb|RoughSkin|Earthquake,StompingTantrum,DragonClaw,Protect|Jolly||M|||50|
|showteam|p2|Basculegion||ChoiceScarf|Adaptability|WaveCrash,LastRespects,FlipTurn,AquaJet|Jolly||M|||50|]Sneasler||WhiteHerb|Unburden|Protect,FakeOut,CloseCombat,DireClaw|Adamant||M|||50|]Meganium||Meganiumite|LeafGuard|Protect,SolarBeam,DazzlingGleam,WeatherBall|Modest||M|||50|]Aerodactyl||FocusSash|Unnerve|Protect,RockSlide,DualWingbeat,Tailwind|Jolly||F|||50|]Kingambit||ChopleBerry|Defiant|LowKick,IronHead,KowtowCleave,SuckerPunch|Adamant||M|||50|]Farigiraf||SitrusBerry|ArmorTail|TrickRoom,AllySwitch,Psychic,HyperVoice|Quiet||F|||50|
|inactive|Battle timer is ON: inactive players will automatically lose when time's up. (requested by zen077)
|inactive|othunder21 also wants the timer to be on.
|inactive|zen077 has 60 seconds left.
|inactive|zen077 has 30 seconds left.
|inactive|zen077 has 20 seconds left.
|
|t:|1784753695
|teamsize|p1|4
|teamsize|p2|4
|start
|switch|p1a: Aerodactyl|Aerodactyl, L50, F|100/100
|switch|p1b: Kingambit|Kingambit, L50, M|100/100
|switch|p2a: Aerodactyl|Aerodactyl, L50, F|100/100
|switch|p2b: Meganium|Meganium, L50, M|100/100
|-ability|p2a: Aerodactyl|Unnerve
|-ability|p1a: Aerodactyl|Unnerve
|turn|1
|inactive|othunder21 has 30 seconds left.
|
|t:|1784753730
|detailschange|p1a: Aerodactyl|Aerodactyl-Mega, L50, F
|-mega|p1a: Aerodactyl|Aerodactyl|Aerodactylite
|detailschange|p2b: Meganium|Meganium-Mega, L50, M
|-mega|p2b: Meganium|Meganium|Meganiumite
|move|p1a: Aerodactyl|Rock Slide|p2a: Aerodactyl|[spread] p2a,p2b
|-supereffective|p2a: Aerodactyl|1
|-damage|p2a: Aerodactyl|19/100
|-damage|p2b: Meganium|78/100
|move|p2a: Aerodactyl|Tailwind|p2a: Aerodactyl
|-sidestart|p2: zen077|move: Tailwind
|move|p2b: Meganium|Dazzling Gleam|p1a: Aerodactyl|[spread] p1a,p1b
|-damage|p1a: Aerodactyl|62/100
|-damage|p1b: Kingambit|55/100
|move|p1b: Kingambit|Iron Head|p2b: Meganium
|-supereffective|p2b: Meganium|1
|-damage|p2b: Meganium|3/100
|
|upkeep
|turn|2
|inactive|zen077 has 30 seconds left.
|inactive|zen077 has 20 seconds left.
|inactive|zen077 has 15 seconds left.
|
|t:|1784753773
|move|p1b: Kingambit|Sucker Punch|p2a: Aerodactyl
|-damage|p2a: Aerodactyl|0 fnt
|faint|p2a: Aerodactyl
|move|p1a: Aerodactyl|Tailwind|p1a: Aerodactyl
|-sidestart|p1: othunder21|move: Tailwind
|move|p2b: Meganium|Dazzling Gleam|p1b: Kingambit|[spread] p1a,p1b
|-damage|p1a: Aerodactyl|24/100
|-damage|p1b: Kingambit|15/100
|
|upkeep
|
|t:|1784753786
|switch|p2a: Kingambit|Kingambit, L50, M|100/100
|turn|3
|
|t:|1784753809
|move|p2b: Meganium|Protect|p2b: Meganium
|-singleturn|p2b: Meganium|Protect
|move|p1b: Kingambit|Sucker Punch||[still]
|-fail|p1b: Kingambit
|move|p1a: Aerodactyl|Rock Slide|p2b: Meganium|[spread] p2a
|-activate|p2b: Meganium|move: Protect
|-resisted|p2a: Kingambit|1
|-damage|p2a: Kingambit|89/100
|move|p2a: Kingambit|Low Kick|p1b: Kingambit
|-supereffective|p1b: Kingambit|2
|-damage|p1b: Kingambit|0 fnt
|faint|p1b: Kingambit
|
|upkeep
|
|t:|1784753822
|switch|p1b: Sylveon|Sylveon, L50, M|100/100
|turn|4
|inactive|othunder21 has 30 seconds left.
|inactive|zen077 has 30 seconds left.
|inactive|othunder21 has 20 seconds left.
|inactive|othunder21 has 15 seconds left.
|
|t:|1784753863
|switch|p1a: Farigiraf|Farigiraf, L50, F|100/100
|switch|p2b: Farigiraf|Farigiraf, L50, F|100/100
|move|p1b: Sylveon|Hyper Voice|p2a: Kingambit|[spread] p2a,p2b
|-damage|p2a: Kingambit|41/100
|-damage|p2b: Farigiraf|57/100
|move|p2a: Kingambit|Iron Head|p1b: Sylveon
|-supereffective|p1b: Sylveon|1
|-damage|p1b: Sylveon|0 fnt
|faint|p1b: Sylveon
|
|-sideend|p2: zen077|move: Tailwind
|upkeep
|
|t:|1784753873
|switch|p1b: Aerodactyl|Aerodactyl-Mega, L50, F|24/100
|turn|5
|inactive|zen077 has 30 seconds left.
|
|t:|1784753907
|move|p2b: Farigiraf|Ally Switch|p2b: Farigiraf
|swap|p2b: Farigiraf|0|[from] move: Ally Switch
|move|p1b: Aerodactyl|Rock Slide|p2b: Kingambit|[spread] p2a,p2b
|-resisted|p2b: Kingambit|1
|-damage|p2a: Farigiraf|31/100
|-damage|p2b: Kingambit|31/100
|-enditem|p2a: Farigiraf|Sitrus Berry|[eat]
|-heal|p2a: Farigiraf|56/100|[from] item: Sitrus Berry
|move|p1a: Farigiraf|Thunderbolt|p2a: Farigiraf
|-damage|p2a: Farigiraf|37/100
|move|p2b: Kingambit|Kowtow Cleave|p1b: Aerodactyl
|-damage|p1b: Aerodactyl|0 fnt
|faint|p1b: Aerodactyl
|
|-sideend|p1: othunder21|move: Tailwind
|upkeep
|turn|6
|
|t:|1784753931
|move|p1a: Farigiraf|Thunderbolt|p2b: Kingambit
|-damage|p2b: Kingambit|10/100
|move|p2a: Farigiraf|Hyper Voice|p1a: Farigiraf
|-damage|p1a: Farigiraf|63/100
|move|p2b: Kingambit|Kowtow Cleave|p1a: Farigiraf
|-supereffective|p1a: Farigiraf|1
|-damage|p1a: Farigiraf|0 fnt
|faint|p1a: Farigiraf
|
|win|zen077
