|j|☆Arnauz10
|j|☆Jjayy09
|html|Arnauz10Jjayy09    
|uhtml|bestof|Game 1 of a best-of-3
|t:|1756213658
|gametype|doubles
|player|p1|Arnauz10|ghetsis|1091
|player|p2|Jjayy09|lady-gen4|1150
|gen|9
|tier|[Gen 9] VGC 2025 Reg H (Bo3)
|rated|
|rule|Species Clause: Limit one of each Pokémon
|rule|Item Clause: Limit 1 of each item
|clearpoke
|poke|p1|Annihilape, L50, F|
|poke|p1|Dragonite, L50, M|
|poke|p1|Gholdengo, L50|
|poke|p1|Porygon2, L50|
|poke|p1|Ursaluna, L50, F|
|poke|p1|Incineroar, L50, M|
|poke|p2|Garchomp, L50, M|
|poke|p2|Weezing-Galar, L50, M|
|poke|p2|Archaludon, L50, M|
|poke|p2|Gholdengo, L50|
|poke|p2|Talonflame, L50, M|
|poke|p2|Annihilape, L50, F|
|teampreview|4
|showteam|p1|Annihilape||FocusSash|Defiant|RageFist,CloseCombat,Coaching,Taunt|||F|||50|,,,,,Stellar]Dragonite||LoadedDice|Multiscale|ScaleShot,Haze,Tailwind,Protect|||M|||50|,,,,,Fairy]Gholdengo||LifeOrb|GoodasGold|ShadowBall,MakeItRain,NastyPlot,Protect||||||50|,,,,,Water]Porygon2||Eviolite|Download|IceBeam,TeraBlast,Recover,TrickRoom||||||50|,,,,,Fighting]Ursaluna||FlameOrb|Guts|Facade,Earthquake,HeadlongRush,Protect|||F|||50|,,,,,Ghost]Incineroar||SafetyGoggles|Intimidate|FakeOut,KnockOff,FlareBlitz,PartingShot|||M|||50|,,,,,Ghost
|showteam|p2|Garchomp||LifeOrb|RoughSkin|DragonClaw,Earthquake,StompingTantrum,Protect|||M|||50|,,,,,Ground]Weezing-Galar||FocusSash|NeutralizingGas|Protect,SludgeBomb,Taunt,StrangeSteam|||M|||50|,,,,,Flying]Archaludon||PowerHerb|Sturdy|ElectroShot,Thunderbolt,DracoMeteor,Protect|||M|||50|,,,,,Electric]Gholdengo||ChoiceSpecs|GoodasGold|ShadowBall,DazzlingGleam,PowerGem,MakeItRain||||||50|,,,,,Fairy]Talonflame||CovertCloak|GaleWings|Tailwind,DualWingbeat,WillOWisp,FlareBlitz|||M|||50|,,,,,Fairy]Annihilape||AssaultVest|Defiant|CloseCombat,RageFist,FinalGambit,IcePunch|||F|||50|,,,,,Grass
|inactive|Battle timer is ON: inactive players will automatically lose when time's up. (requested by Arnauz10)
|inactive|Jjayy09 has 60 seconds left.
|
|t:|1756213737
|teamsize|p1|4
|teamsize|p2|4
|start
|switch|p1a: Gholdengo|Gholdengo, L50|100/100
|switch|p1b: Annihilape|Annihilape, L50, F|100/100
|switch|p2a: Weezing|Weezing-Galar, L50, M|100/100
|switch|p2b: Talonflame|Talonflame, L50, M|100/100
|-ability|p2a: Weezing|Neutralizing Gas
|turn|1
|inactive|Jjayy09 has 30 seconds left.
|
|t:|1756213769
|-end|p2a: Weezing|ability: Neutralizing Gas
|switch|p2a: Gholdengo|Gholdengo, L50|100/100
|-terastallize|p1a: Gholdengo|Water
|move|p2b: Talonflame|Flare Blitz|p1a: Gholdengo
|-resisted|p1a: Gholdengo
|-damage|p1a: Gholdengo|80/100
|-damage|p2b: Talonflame|92/100|[from] Recoil
|move|p1b: Annihilape|Taunt|p2b: Talonflame
|-start|p2b: Talonflame|move: Taunt
|move|p1a: Gholdengo|Make It Rain|p2a: Gholdengo|[spread] p2a,p2b
|-resisted|p2a: Gholdengo
|-resisted|p2b: Talonflame
|-damage|p2a: Gholdengo|69/100
|-damage|p2b: Talonflame|42/100
|-unboost|p1a: Gholdengo|spa|1
|-damage|p1a: Gholdengo|71/100|[from] item: Life Orb
|
|upkeep
|turn|2
|inactive|Arnauz10 has 30 seconds left.
|inactive|Jjayy09 has 30 seconds left.
|inactive|Arnauz10 has 20 seconds left.
|inactive|Arnauz10 has 15 seconds left.
|
|t:|1756213811
|switch|p1b: Porygon2|Porygon2, L50|100/100
|-ability|p1b: Porygon2|Download|boost
|-boost|p1b: Porygon2|spa|1
|-terastallize|p2a: Gholdengo|Fairy
|move|p1a: Gholdengo|Protect|p1a: Gholdengo
|-singleturn|p1a: Gholdengo|Protect
|move|p2b: Talonflame|Dual Wingbeat|p1a: Gholdengo
|-activate|p1a: Gholdengo|move: Protect
|move|p2a: Gholdengo|Dazzling Gleam|p1b: Porygon2|[spread] p1b
|-activate|p1a: Gholdengo|move: Protect
|-damage|p1b: Porygon2|72/100
|
|upkeep
|turn|3
|inactive|Arnauz10 has 30 seconds left.
|inactive|Arnauz10 has 20 seconds left.
|inactive|Arnauz10 has 15 seconds left.
|
|t:|1756213853
|switch|p1a: Annihilape|Annihilape, L50, F|100/100
|move|p2b: Talonflame|Dual Wingbeat|p1a: Annihilape
|-supereffective|p1a: Annihilape
|-damage|p1a: Annihilape|63/100
|-supereffective|p1a: Annihilape
|-damage|p1a: Annihilape|29/100
|-hitcount|p1a: Annihilape|2
|move|p2a: Gholdengo|Dazzling Gleam|p1b: Porygon2|[spread] p1a,p1b
|-supereffective|p1a: Annihilape
|-damage|p1a: Annihilape|0 fnt
|-damage|p1b: Porygon2|44/100
|faint|p1a: Annihilape
|move|p1b: Porygon2|Trick Room|p1b: Porygon2
|-fieldstart|move: Trick Room|[of] p1b: Porygon2
|
|upkeep
|
|t:|1756213864
|switch|p1a: Gholdengo|Gholdengo, L50, tera:Water|71/100
|turn|4
|
|t:|1756213880
|move|p1b: Porygon2|Recover|p1b: Porygon2
|-heal|p1b: Porygon2|94/100
|move|p1a: Gholdengo|Make It Rain|p2b: Talonflame|[spread] p2a,p2b
|-supereffective|p2a: Gholdengo
|-resisted|p2b: Talonflame
|-damage|p2a: Gholdengo|0 fnt
|-damage|p2b: Talonflame|0 fnt
|-unboost|p1a: Gholdengo|spa|1
|faint|p2a: Gholdengo
|faint|p2b: Talonflame
|-damage|p1a: Gholdengo|61/100|[from] item: Life Orb
|
|upkeep
|
|t:|1756213887
|switch|p2a: Weezing|Weezing-Galar, L50, M|100/100
|switch|p2b: Garchomp|Garchomp, L50, M|100/100
|-ability|p2a: Weezing|Neutralizing Gas
|turn|5
|
|t:|1756213908
|move|p2b: Garchomp|Protect|p2b: Garchomp
|-singleturn|p2b: Garchomp|Protect
|move|p1b: Porygon2|Ice Beam|p2b: Garchomp
|-activate|p2b: Garchomp|move: Protect
|move|p2a: Weezing|Strange Steam|p1b: Porygon2
|-damage|p1b: Porygon2|69/100
|-start|p1b: Porygon2|confusion
|move|p1a: Gholdengo|Make It Rain|p2a: Weezing|[spread] p2a
|-activate|p2b: Garchomp|move: Protect
|-supereffective|p2a: Weezing
|-enditem|p2a: Weezing|Focus Sash
|-damage|p2a: Weezing|1/100
|-unboost|p1a: Gholdengo|spa|1
|-damage|p1a: Gholdengo|51/100|[from] item: Life Orb
|
|upkeep
|turn|6
|
|t:|1756213929
|move|p1a: Gholdengo|Protect|p1a: Gholdengo
|-singleturn|p1a: Gholdengo|Protect
|-activate|p1b: Porygon2|confusion
|move|p1b: Porygon2|Ice Beam|p2b: Garchomp
|-supereffective|p2b: Garchomp
|-damage|p2b: Garchomp|0 fnt
|faint|p2b: Garchomp
|move|p2a: Weezing|Sludge Bomb|p1b: Porygon2
|-damage|p1b: Porygon2|45/100
|
|upkeep
|turn|7
|-message|Jjayy09 forfeited.
|
|win|Arnauz10
