|j|‽AIRegMB
|j|☆Andrea Pirlo 2
|html|AIRegMBAndrea Pirlo 2    
|uhtml|bestof|Game 2 of a best-of-3
|t:|1782485525
|gametype|doubles
|player|p1|AIRegMB|alec-anime|1390
|player|p2|Andrea Pirlo 2|volkner|1406
|gen|9
|tier|[Gen 9 Champions] VGC 2026 Reg M-B (Bo3)
|rated|
|rule|Species Clause: Limit one of each Pokémon
|rule|Item Clause: Limit 1 of each item
|clearpoke
|poke|p1|Sinistcha, L50|
|poke|p1|Ceruledge, L50, M|
|poke|p1|Ninetales-Alola, L50, F|
|poke|p1|Scovillain, L50, M|
|poke|p1|Annihilape, L50, F|
|poke|p1|Incineroar, L50, F, shiny|
|poke|p2|Swampert, L50, M|
|poke|p2|Pelipper, L50, M|
|poke|p2|Archaludon, L50, F|
|poke|p2|Sneasler, L50, F|
|poke|p2|Gholdengo, L50|
|poke|p2|Sableye, L50, F|
|teampreview|4
|showteam|p1|Sinistcha||KasibBerry|Hospitality|RagePowder,MatchaGotcha,TrickRoom,Protect|Bold|||||50|]Ceruledge||ColburBerry|FlashFire|BulkUp,BitterBlade,ShadowSneak,Protect|Adamant||M|||50|]Ninetales-Alola||NeverMeltIce|SnowWarning|Blizzard,FreezeDry,AuroraVeil,Protect|Timid||F|||50|]Scovillain||Scovillainite|Moody|RagePowder,GigaDrain,Overheat,Protect|Calm||M|||50|]Annihilape||FocusSash|Defiant|RageFist,CloseCombat,Coaching,Protect|Adamant||F|||50|]Incineroar||SitrusBerry|Intimidate|FakeOut,FlareBlitz,ThroatChop,PartingShot|Careful||F|||50|
|showteam|p2|Swampert||Swampertite|Torrent|HighHorsepower,WaveCrash,IcePunch,Protect|Adamant||M|||50|]Pelipper||LifeOrb|Drizzle|WeatherBall,Hurricane,Tailwind,Protect|Modest||M|||50|]Archaludon||Leftovers|Stamina|ElectroShot,DragonPulse,FlashCannon,Protect|Modest||F|||50|]Sneasler||FocusSash|Unburden|CloseCombat,DireClaw,FakeOut,Protect|Jolly||F|||50|]Gholdengo||MetalCoat|GoodasGold|MakeItRain,ShadowBall,NastyPlot,Protect|Timid|||||50|]Sableye||RoseliBerry|Prankster|Encore,WillOWisp,LightScreen,RainDance|Calm||F|||50|
|inactive|Battle timer is ON: inactive players will automatically lose when time's up. (requested by Andrea Pirlo 2)
|inactive|AIRegMB has 60 seconds left.
|inactive|AIRegMB has 30 seconds left.
|
|t:|1782485592
|teamsize|p1|4
|teamsize|p2|4
|start
|switch|p1a: Annihilape|Annihilape, L50, F|100/100
|switch|p1b: Ninetales|Ninetales-Alola, L50, F|100/100
|switch|p2a: Swampert|Swampert, L50, M|100/100
|switch|p2b: Sableye|Sableye, L50, F|100/100
|-weather|Snowscape|[from] ability: Snow Warning|[of] p1b: Ninetales
|turn|1
|
|t:|1782485605
|detailschange|p2a: Swampert|Swampert-Mega, L50, M
|-mega|p2a: Swampert|Swampert|Swampertite
|move|p1b: Ninetales|Protect|p1b: Ninetales
|-singleturn|p1b: Ninetales|Protect
|move|p2b: Sableye|Rain Dance|p2b: Sableye
|-weather|RainDance
|move|p2a: Swampert|Wave Crash|p1b: Ninetales
|-activate|p1b: Ninetales|move: Protect
|move|p1a: Annihilape|Close Combat|p2a: Swampert
|-damage|p2a: Swampert|44/100
|-unboost|p1a: Annihilape|def|1
|-unboost|p1a: Annihilape|spd|1
|
|-weather|RainDance|[upkeep]
|upkeep
|turn|2
|
|t:|1782485617
|switch|p1b: Ceruledge|Ceruledge, L50, M|100/100
|move|p2b: Sableye|Will-O-Wisp|p1a: Annihilape
|-status|p1a: Annihilape|brn
|move|p2a: Swampert|Wave Crash|p1b: Ceruledge
|-supereffective|p1b: Ceruledge|1
|-damage|p1b: Ceruledge|0 fnt
|faint|p1b: Ceruledge
|-damage|p2a: Swampert|12/100|[from] Recoil
|move|p1a: Annihilape|Close Combat|p2a: Swampert
|-damage|p2a: Swampert|0 fnt
|-unboost|p1a: Annihilape|def|1
|-unboost|p1a: Annihilape|spd|1
|faint|p2a: Swampert
|
|-weather|RainDance|[upkeep]
|-damage|p1a: Annihilape|94/100 brn|[from] brn
|upkeep
|
|t:|1782485630
|switch|p2a: Archaludon|Archaludon, L50, F|100/100
|switch|p1b: Ninetales|Ninetales-Alola, L50, F|100/100
|-weather|Snowscape|[from] ability: Snow Warning|[of] p1b: Ninetales
|turn|3
|
|t:|1782485652
|switch|p1b: Scovillain|Scovillain, L50, M|100/100
|move|p2b: Sableye|Light Screen|p2b: Sableye
|-sidestart|p2: Andrea Pirlo 2|move: Light Screen
|move|p1a: Annihilape|Close Combat|p2a: Archaludon
|-supereffective|p2a: Archaludon|1
|-damage|p2a: Archaludon|49/100
|-unboost|p1a: Annihilape|def|1
|-unboost|p1a: Annihilape|spd|1
|-ability|p2a: Archaludon|Stamina|boost
|-boost|p2a: Archaludon|def|1
|move|p2a: Archaludon|Flash Cannon|p1b: Scovillain
|-resisted|p1b: Scovillain|1
|-damage|p1b: Scovillain|78/100
|
|-weather|Snowscape|[upkeep]
|-heal|p2a: Archaludon|55/100|[from] item: Leftovers
|-damage|p1a: Annihilape|88/100 brn|[from] brn
|-ability|p1b: Scovillain|Moody|boost
|-boost|p1b: Scovillain|spa|2
|-unboost|p1b: Scovillain|spd|1
|upkeep
|turn|4
|
|t:|1782485675
|detailschange|p1b: Scovillain|Scovillain-Mega, L50, M
|-mega|p1b: Scovillain|Scovillain|Scovillainite
|move|p2b: Sableye|Rain Dance|p2b: Sableye
|-weather|RainDance
|move|p1a: Annihilape|Close Combat|p2a: Archaludon
|-supereffective|p2a: Archaludon|1
|-damage|p2a: Archaludon|21/100
|-unboost|p1a: Annihilape|def|1
|-unboost|p1a: Annihilape|spd|1
|-ability|p2a: Archaludon|Stamina|boost
|-boost|p2a: Archaludon|def|1
|move|p2a: Archaludon|Electro Shot||[still]
|-prepare|p2a: Archaludon|Electro Shot
|-boost|p2a: Archaludon|spa|1
|-anim|p2a: Archaludon|Electro Shot|p1a: Annihilape
|-damage|p1a: Annihilape|0 fnt
|faint|p1a: Annihilape
|move|p1b: Scovillain|Giga Drain|p2b: Sableye
|-damage|p2b: Sableye|50/100g
|-heal|p1b: Scovillain|100/100|[from] drain|[of] p2b: Sableye
|
|-weather|RainDance|[upkeep]
|-heal|p2a: Archaludon|27/100|[from] item: Leftovers
|upkeep
|
|t:|1782485687
|switch|p1a: Ninetales|Ninetales-Alola, L50, F|100/100
|-weather|Snowscape|[from] ability: Snow Warning|[of] p1a: Ninetales
|turn|5
|
|t:|1782485702
|move|p1a: Ninetales|Protect|p1a: Ninetales
|-singleturn|p1a: Ninetales|Protect
|move|p2a: Archaludon|Protect|p2a: Archaludon
|-singleturn|p2a: Archaludon|Protect
|move|p2b: Sableye|Encore|p1b: Scovillain
|-start|p1b: Scovillain|Encore
|move|p1b: Scovillain|Giga Drain|p2a: Archaludon
|-activate|p2a: Archaludon|move: Protect
|
|-weather|Snowscape|[upkeep]
|-heal|p2a: Archaludon|33/100|[from] item: Leftovers
|upkeep
|turn|6
|
|t:|1782485724
|move|p2b: Sableye|Encore|p1a: Ninetales
|-start|p1a: Ninetales|Encore
|move|p1a: Ninetales|Protect||[still]
|-fail|p1a: Ninetales
|move|p2a: Archaludon|Dragon Pulse|p1b: Scovillain
|-damage|p1b: Scovillain|12/100
|-status|p2a: Archaludon|brn|[from] ability: Spicy Spray|[of] p1b: Scovillain
|move|p1b: Scovillain|Giga Drain|p2b: Sableye
|-crit|p2b: Sableye
|-damage|p2b: Sableye|0 fnt
|-heal|p1b: Scovillain|36/100|[from] drain|[of] p2b: Sableye
|faint|p2b: Sableye
|
|-weather|Snowscape|[upkeep]
|-heal|p2a: Archaludon|40/100 brn|[from] item: Leftovers
|-damage|p2a: Archaludon|33/100 brn|[from] brn
|upkeep
|
|t:|1782485731
|switch|p2b: Pelipper|Pelipper, L50, M|100/100
|-weather|RainDance|[from] ability: Drizzle|[of] p2b: Pelipper
|turn|7
|
|t:|1782485739
|move|p1a: Ninetales|Protect|p1a: Ninetales
|-singleturn|p1a: Ninetales|Protect
|move|p2a: Archaludon|Dragon Pulse|p1b: Scovillain
|-damage|p1b: Scovillain|0 fnt
|faint|p1b: Scovillain
|move|p2b: Pelipper|Tailwind|p2b: Pelipper
|-sidestart|p2: Andrea Pirlo 2|move: Tailwind
|
|-weather|RainDance|[upkeep]
|-heal|p2a: Archaludon|40/100 brn|[from] item: Leftovers
|-damage|p2a: Archaludon|33/100 brn|[from] brn
|-sideend|p2: Andrea Pirlo 2|move: Light Screen
|upkeep
|turn|8
|
|t:|1782485745
|move|p1a: Ninetales|Protect||[still]
|-fail|p1a: Ninetales
|move|p2a: Archaludon|Flash Cannon|p1a: Ninetales
|-supereffective|p1a: Ninetales|2
|-damage|p1a: Ninetales|0 fnt
|faint|p1a: Ninetales
|
|win|Andrea Pirlo 2
|raw|AIRegMB's rating: 1390 → 1371(-19 for losing)
|raw|Andrea Pirlo 2's rating: 1406 → 1425(+19 for winning)
