|j|☆FunkleVGC
|j|☆bcam1
|html|FunkleVGCbcam1    
|uhtml|bestof|Game 2 of a best-of-3
|t:|1784143578
|gametype|doubles
|player|p1|FunkleVGC|fisherman-gen4|1108
|player|p2|bcam1|102|1053
|gen|9
|tier|[Gen 9 Champions] VGC 2026 Reg M-B (Bo3)
|rated|
|rule|Species Clause: Limit one of each Pokémon
|rule|Item Clause: Limit 1 of each item
|clearpoke
|poke|p1|Gardevoir, L50, M, shiny|
|poke|p1|Talonflame, L50, M, shiny|
|poke|p1|Kingambit, L50, M, shiny|
|poke|p1|Maushold, L50|
|poke|p1|Kommo-o, L50, F, shiny|
|poke|p1|Basculegion, L50, M, shiny|
|poke|p2|Staraptor, L50, M|
|poke|p2|Farigiraf, L50, F|
|poke|p2|Garchomp, L50, F|
|poke|p2|Metagross, L50|
|poke|p2|Whimsicott, L50, F|
|poke|p2|Ceruledge, L50, M|
|teampreview|4
|showteam|p1|Gardevoir||Gardevoirite|Synchronize|Protect,HyperVoice,TrickRoom,Psychic|Modest||M|||50|]Talonflame||SharpBeak|GaleWings|Tailwind,Protect,FlareBlitz,DualWingbeat|Jolly||M|||50|]Kingambit||LifeOrb|Defiant|KowtowCleave,SuckerPunch,IronHead,Protect|Adamant||M|||50|]Maushold||FocusSash|FriendGuard|SuperFang,Feint,FollowMe,Protect|Jolly|||||50|]Kommo-o||DragonFang|Soundproof|ClangingScales,DracoMeteor,AuraSphere,Protect|Modest||F|||50|]Basculegion||ChoiceScarf|Adaptability|WaveCrash,LastRespects,FlipTurn,AquaJet|Jolly||M|||50|
|showteam|p2|Staraptor||Staraptite|Intimidate|Protect,CloseCombat,BraveBird,Roost|Jolly||M|||50|]Farigiraf||SitrusBerry|ArmorTail|HelpingHand,Psychic,Thunderbolt,TrickRoom|Calm||F|||50|]Garchomp||LifeOrb|RoughSkin|Protect,StompingTantrum,RockSlide,DragonClaw|Jolly||F|||50|]Metagross||Metagrossite|ClearBody|Protect,IronHead,PsychicFangs,StompingTantrum|Adamant|||||50|]Whimsicott||FocusSash|Prankster|Moonblast,Tailwind,Charm,Encore|Timid||F|||50|]Ceruledge||ColburBerry|FlashFire|Protect,ShadowSneak,BitterBlade,BulkUp|Adamant||M|||50|
|inactive|Battle timer is ON: inactive players will automatically lose when time's up. (requested by bcam1)
|
|t:|1784143607
|teamsize|p1|4
|teamsize|p2|4
|start
|switch|p1a: Talonflame|Talonflame, L50, M, shiny|100/100
|switch|p1b: Basculegion|Basculegion, L50, M, shiny|100/100
|switch|p2a: Ceruledge|Ceruledge, L50, M|100/100
|switch|p2b: Whimsicott|Whimsicott, L50, F|100/100
|turn|1
|
|t:|1784143618
|switch|p2b: Metagross|Metagross, L50|100/100
|move|p2a: Ceruledge|Protect|p2a: Ceruledge
|-singleturn|p2a: Ceruledge|Protect
|move|p1a: Talonflame|Tailwind|p1a: Talonflame
|-sidestart|p1: FunkleVGC|move: Tailwind
|move|p1b: Basculegion|Wave Crash|p2a: Ceruledge
|-activate|p2a: Ceruledge|move: Protect
|
|upkeep
|turn|2
|
|t:|1784143629
|switch|p2a: Whimsicott|Whimsicott, L50, F|100/100
|detailschange|p2b: Metagross|Metagross-Mega, L50
|-mega|p2b: Metagross|Metagross|Metagrossite
|move|p1b: Basculegion|Wave Crash|p2a: Whimsicott
|-resisted|p2a: Whimsicott|1
|-damage|p2a: Whimsicott|43/100
|-damage|p1b: Basculegion|87/100|[from] Recoil
|move|p1a: Talonflame|Flare Blitz|p2b: Metagross
|-supereffective|p2b: Metagross|1
|-damage|p2b: Metagross|36/100
|-damage|p1a: Talonflame|76/100|[from] Recoil
|move|p2b: Metagross|Psychic Fangs|p1a: Talonflame
|-damage|p1a: Talonflame|0 fnt
|faint|p1a: Talonflame
|
|upkeep
|
|t:|1784143644
|switch|p1a: Gardevoir|Gardevoir, L50, M, shiny|100/100
|turn|3
|
|t:|1784143656
|detailschange|p1a: Gardevoir|Gardevoir-Mega, L50, M, shiny
|-mega|p1a: Gardevoir|Gardevoir|Gardevoirite
|move|p2a: Whimsicott|Tailwind|p2a: Whimsicott
|-sidestart|p2: bcam1|move: Tailwind
|move|p1b: Basculegion|Wave Crash|p2b: Metagross
|-damage|p2b: Metagross|0 fnt
|faint|p2b: Metagross
|-damage|p1b: Basculegion|76/100|[from] Recoil
|move|p1a: Gardevoir|Hyper Voice|p2a: Whimsicott
|-damage|p2a: Whimsicott|0 fnt
|faint|p2a: Whimsicott
|
|upkeep
|
|t:|1784143661
|switch|p2a: Garchomp|Garchomp, L50, F|100/100
|switch|p2b: Ceruledge|Ceruledge, L50, M|100/100
|turn|4
|
|t:|1784143684
|move|p2a: Garchomp|Protect|p2a: Garchomp
|-singleturn|p2a: Garchomp|Protect
|move|p2b: Ceruledge|Protect|p2b: Ceruledge
|-singleturn|p2b: Ceruledge|Protect
|move|p1b: Basculegion|Wave Crash|p2b: Ceruledge
|-activate|p2b: Ceruledge|move: Protect
|move|p1a: Gardevoir|Trick Room|p1a: Gardevoir
|-fieldstart|move: Trick Room|[of] p1a: Gardevoir
|
|-sideend|p1: FunkleVGC|move: Tailwind
|upkeep
|turn|5
|
|t:|1784143703
|switch|p1b: Maushold|Maushold, L50|100/100
|move|p2b: Ceruledge|Shadow Sneak|p1b: Maushold
|-immune|p1b: Maushold
|move|p1a: Gardevoir|Hyper Voice|p2a: Garchomp|[spread] p2a,p2b
|-supereffective|p2a: Garchomp|1
|-resisted|p2b: Ceruledge|1
|-damage|p2a: Garchomp|0 fnt
|-damage|p2b: Ceruledge|76/100
|faint|p2a: Garchomp
|
|upkeep
|turn|6
|
|t:|1784143716
|move|p1b: Maushold|Follow Me|p1b: Maushold
|-singleturn|p1b: Maushold|move: Follow Me
|move|p1a: Gardevoir|Psychic|p2b: Ceruledge
|-damage|p2b: Ceruledge|22/100
|move|p2b: Ceruledge|Bitter Blade|p1b: Maushold
|-damage|p1b: Maushold|28/100
|-heal|p2b: Ceruledge|52/100|[from] drain|[of] p1b: Maushold
|
|-sideend|p2: bcam1|move: Tailwind
|upkeep
|turn|7
|
|t:|1784143732
|move|p1b: Maushold|Protect|p1b: Maushold
|-singleturn|p1b: Maushold|Protect
|move|p2b: Ceruledge|Bitter Blade|p1a: Gardevoir
|-damage|p1a: Gardevoir|53/100
|-heal|p2b: Ceruledge|72/100|[from] drain|[of] p1a: Gardevoir
|move|p1a: Gardevoir|Psychic|p2b: Ceruledge
|-damage|p2b: Ceruledge|20/100y
|
|upkeep
|turn|8
|
|t:|1784143743
|switch|p1a: Basculegion|Basculegion, L50, M, shiny|76/100
|move|p2b: Ceruledge|Shadow Sneak|p1a: Basculegion
|-supereffective|p1a: Basculegion|1
|-damage|p1a: Basculegion|35/100
|move|p1b: Maushold|Super Fang|p2b: Ceruledge
|-immune|p2b: Ceruledge
|
|-fieldend|move: Trick Room
|upkeep
|turn|9
|
|t:|1784143757
|move|p1b: Maushold|Protect|p1b: Maushold
|-singleturn|p1b: Maushold|Protect
|move|p1a: Basculegion|Aqua Jet|p2b: Ceruledge
|-supereffective|p2b: Ceruledge|1
|-damage|p2b: Ceruledge|0 fnt
|faint|p2b: Ceruledge
|
|win|FunkleVGC
|raw|FunkleVGC's rating: 1108 → 1129(+21 for winning)
|raw|bcam1's rating: 1053 → 1038(-15 for losing)
