|j|☆s4m1_jaw3d
|j|☆kDreamzzz
|html|s4m1_jaw3dkDreamzzz    
|uhtml|bestof|Game 1 of a best-of-3
|t:|1784146232
|gametype|doubles
|player|p1|s4m1_jaw3d|volkner|
|player|p2|kDreamzzz|1|
|gen|9
|tier|[Gen 9 Champions] VGC 2026 Reg M-B (Bo3)
|rule|Species Clause: Limit one of each Pokémon
|rule|Item Clause: Limit 1 of each item
|clearpoke
|poke|p1|Grimmsnarl, L50, M|
|poke|p1|Archaludon, L50, F|
|poke|p1|Venusaur, L50, F|
|poke|p1|Medicham, L50, M|
|poke|p1|Pelipper, L50, M|
|poke|p1|Beartic, L50, M|
|poke|p2|Swampert, L50, M|
|poke|p2|Sableye, L50, F|
|poke|p2|Politoed, L50, F|
|poke|p2|Dragonite, L50, F|
|poke|p2|Tsareena, L50, F|
|poke|p2|Corviknight, L50, M|
|teampreview|4
|showteam|p1|Grimmsnarl||LightClay|Prankster|Reflect,PartingShot,LightScreen,FoulPlay|Adamant||M|||50|]Archaludon||Leftovers|Stamina|Protect,ElectroShot,DragonPulse,FlashCannon|Modest||F|||50|]Venusaur||Venusaurite|Overgrow|GigaDrain,LeechSeed,Protect,SludgeBomb|Serious||F|||50|]Medicham||Medichamite|PurePower|FakeOut,CloseCombat,IcePunch,Protect|Jolly||M|||50|]Pelipper||FocusSash|Drizzle|Protect,Tailwind,Hurricane,WeatherBall|Timid||M|||50|]Beartic||ExpertBelt|SwiftSwim|GrassKnot,IcicleCrash,Protect,IcyWind|Rash||M|||50|
|showteam|p2|Swampert||Swampertite|Damp|HighHorsepower,WaveCrash,Earthquake,Protect|Adamant||M|||50|]Sableye||LightClay|Prankster|Encore,Quash,FoulPlay,LightScreen|Sassy||F|||50|]Politoed||SitrusBerry|Drizzle|HelpingHand,WeatherBall,Haze,IceBeam|Modest||F|||50|]Dragonite||Dragoninite|Multiscale|Protect,Hurricane,DracoMeteor,Thunder|Modest||F|||50|]Tsareena||WideLens|QueenlyMajesty|TropKick,LowKick,TripleAxel,Protect|Adamant||F|||50|]Corviknight||Leftovers|Unnerve|IronHead,BraveBird,Roost,Tailwind|Impish||M|||50|
|c|☆s4m1_jaw3d|Glhf
|
|t:|1784146263
|teamsize|p1|4
|teamsize|p2|4
|start
|switch|p1a: Medicham|Medicham, L50, M|100/100
|switch|p1b: Pelipper|Pelipper, L50, M|100/100
|switch|p2a: Dragonite|Dragonite, L50, F|100/100
|switch|p2b: Politoed|Politoed, L50, F|100/100
|-weather|RainDance|[from] ability: Drizzle|[of] p1b: Pelipper
|turn|1
|
|t:|1784146289
|detailschange|p1a: Medicham|Medicham-Mega, L50, M
|-mega|p1a: Medicham|Medicham|Medichamite
|detailschange|p2a: Dragonite|Dragonite-Mega, L50, F
|-mega|p2a: Dragonite|Dragonite|Dragoninite
|move|p1a: Medicham|Close Combat|p2b: Politoed
|-damage|p2b: Politoed|0 fnt
|-unboost|p1a: Medicham|def|1
|-unboost|p1a: Medicham|spd|1
|faint|p2b: Politoed
|move|p1b: Pelipper|Tailwind|p1b: Pelipper
|-sidestart|p1: s4m1_jaw3d|move: Tailwind
|move|p2a: Dragonite|Hurricane|p1a: Medicham
|-supereffective|p1a: Medicham|1
|-damage|p1a: Medicham|0 fnt
|faint|p1a: Medicham
|
|-weather|RainDance|[upkeep]
|upkeep
|inactive|Battle timer is ON: inactive players will automatically lose when time's up. (requested by s4m1_jaw3d)
|
|t:|1784146305
|switch|p1a: Beartic|Beartic, L50, M|100/100
|switch|p2b: Corviknight|Corviknight, L50, M|100/100
|-ability|p2b: Corviknight|Unnerve
|turn|2
|
|t:|1784146325
|move|p2a: Dragonite|Protect|p2a: Dragonite
|-singleturn|p2a: Dragonite|Protect
|move|p1a: Beartic|Icicle Crash|p2b: Corviknight
|-damage|p2b: Corviknight|76/100
|move|p1b: Pelipper|Weather Ball|p2b: Corviknight
|-damage|p2b: Corviknight|15/100
|move|p2b: Corviknight|Tailwind|p2b: Corviknight
|-sidestart|p2: kDreamzzz|move: Tailwind
|
|-weather|RainDance|[upkeep]
|-heal|p2b: Corviknight|21/100|[from] item: Leftovers
|upkeep
|turn|3
|
|t:|1784146352
|move|p1a: Beartic|Icy Wind|p2b: Corviknight|[spread] p2a,p2b
|-supereffective|p2a: Dragonite|2
|-damage|p2a: Dragonite|69/100
|-damage|p2b: Corviknight|4/100
|-unboost|p2a: Dragonite|spe|1
|-unboost|p2b: Corviknight|spe|1
|move|p1b: Pelipper|Weather Ball|p2b: Corviknight
|-damage|p2b: Corviknight|0 fnt
|faint|p2b: Corviknight
|move|p2a: Dragonite|Thunder|p1b: Pelipper
|-supereffective|p1b: Pelipper|2
|-enditem|p1b: Pelipper|Focus Sash
|-damage|p1b: Pelipper|1/100
|
|-weather|RainDance|[upkeep]
|upkeep
|
|t:|1784146365
|switch|p2b: Swampert|Swampert, L50, M|100/100
|turn|4
|
|t:|1784146385
|move|p1a: Beartic|Grass Knot|p2b: Swampert
|-supereffective|p2b: Swampert|2
|-damage|p2b: Swampert|0 fnt
|faint|p2b: Swampert
|move|p1b: Pelipper|Hurricane|p2a: Dragonite
|-damage|p2a: Dragonite|37/100
|move|p2a: Dragonite|Hurricane|p1b: Pelipper
|-damage|p1b: Pelipper|0 fnt
|faint|p1b: Pelipper
|
|-weather|RainDance|[upkeep]
|-sideend|p1: s4m1_jaw3d|move: Tailwind
|upkeep
|
|t:|1784146388
|switch|p1b: Archaludon|Archaludon, L50, F|100/100
|turn|5
|
|t:|1784146406
|move|p1a: Beartic|Icicle Crash|p2a: Dragonite
|-supereffective|p2a: Dragonite|2
|-damage|p2a: Dragonite|0 fnt
|faint|p2a: Dragonite
|
|win|s4m1_jaw3d
||s4m1_jaw3d is ready for game 2.
||kDreamzzz is ready for game 2.
|uhtml|next|Next: Game 2 of 3
|l|☆s4m1_jaw3d
|player|p1|
