|j|☆sassyblackpegasus
|j|☆freudianbreath
|html|sassyblackpegasusfreudianbreath    
|uhtml|bestof|Game 3 of a best-of-3
|t:|1785270786
|gametype|doubles
|player|p1|sassyblackpegasus|cynthia|1049
|player|p2|freudianbreath|170|1089
|gen|9
|tier|[Gen 9 Champions] VGC 2026 Reg M-B (Bo3)
|rated|
|rule|Species Clause: Limit one of each Pokémon
|rule|Item Clause: Limit 1 of each item
|clearpoke
|poke|p1|Garchomp, L50, M|
|poke|p1|Milotic, L50, M|
|poke|p1|Lucario, L50, M|
|poke|p1|Spiritomb, L50, M|
|poke|p1|Glaceon, L50, M|
|poke|p1|Arcanine-Hisui, L50, F|
|poke|p2|Whimsicott, L50, F|
|poke|p2|Tyranitar, L50, F|
|poke|p2|Grimmsnarl, L50, M|
|poke|p2|Kingambit, L50, M|
|poke|p2|Farigiraf, L50, F|
|poke|p2|Pelipper, L50, F|
|teampreview|4
|showteam|p1|Garchomp||YacheBerry|RoughSkin|ScaleShot,StealthRock,Earthquake,Protect|Jolly||M|||50|]Milotic||SitrusBerry|Competitive|IceBeam,AlluringVoice,Recover,MuddyWater|Modest||M|||50|]Lucario||Lucarionite|InnerFocus|AuraSphere,ExtremeSpeed,MeteorMash,CloseCombat|Hasty||M|||50|]Spiritomb||Leftovers|Infiltrator|DestinyBond,SuckerPunch,WillOWisp,ShadowBall|Sassy||M|||50|]Glaceon||ZoomLens|SnowCloak|Snowscape,Blizzard,Protect,CalmMind|Bold||M|||50|]Arcanine-Hisui||ChoiceScarf|Intimidate|HeatWave,PowerGem,ScorchingSands,Roar|Timid||F|||50|
|showteam|p2|Whimsicott||SitrusBerry|Prankster|Moonblast,Encore,Tailwind,Protect|Bold||F|||50|]Tyranitar||Tyranitarite|SandStream|DragonDance,LowKick,Crunch,RockSlide|Adamant||F|||50|]Grimmsnarl||LightClay|Prankster|Reflect,LightScreen,SpiritBreak,BrickBreak|Adamant||M|||50|]Kingambit||OccaBerry|Defiant|KowtowCleave,SwordsDance,SuckerPunch,Protect|Adamant||M|||50|]Farigiraf||ColburBerry|ArmorTail|HelpingHand,TrickRoom,Psychic,Thunderbolt|Relaxed||F|||50|]Pelipper||LifeOrb|Drizzle|Tailwind,Hurricane,WeatherBall,HydroPump|Modest||F|||50|
|inactive|Battle timer is ON: inactive players will automatically lose when time's up. (requested by sassyblackpegasus)
|inactive|freudianbreath has 60 seconds left.
|inactive|freudianbreath has 30 seconds left.
|inactive|freudianbreath has 20 seconds left.
|inactive|freudianbreath has 15 seconds left.
|inactive|freudianbreath has 10 seconds left.
|inactive|freudianbreath has 5 seconds left.
|
|t:|1785270948
|teamsize|p1|4
|teamsize|p2|4
|start
|switch|p1a: Lucario|Lucario, L50, M|100/100
|switch|p1b: Spiritomb|Spiritomb, L50, M|100/100
|switch|p2a: Whimsicott|Whimsicott, L50, F|100/100
|switch|p2b: Tyranitar|Tyranitar, L50, F|100/100
|-weather|Sandstorm|[from] ability: Sand Stream|[of] p2b: Tyranitar
|turn|1
|inactive|sassyblackpegasus has 30 seconds left.
|inactive|freudianbreath has 30 seconds left.
|inactive|sassyblackpegasus has 20 seconds left.
|inactive|freudianbreath has 20 seconds left.
|inactive|freudianbreath has 15 seconds left.
|inactive|freudianbreath has 10 seconds left.
|inactive|freudianbreath has 5 seconds left.
|
|t:|1785271003
|detailschange|p1a: Lucario|Lucario-Mega, L50, M
|-mega|p1a: Lucario|Lucario|Lucarionite
|move|p1a: Lucario|Aura Sphere|p2b: Tyranitar
|-supereffective|p2b: Tyranitar|2
|-damage|p2b: Tyranitar|0 fnt
|faint|p2b: Tyranitar
|move|p2a: Whimsicott|Moonblast|p1a: Lucario
|-damage|p1a: Lucario|56/100
|-unboost|p1a: Lucario|spa|1
|move|p1b: Spiritomb|Will-O-Wisp|p2a: Whimsicott
|-status|p2a: Whimsicott|brn
|
|-weather|Sandstorm|[upkeep]
|-damage|p2a: Whimsicott|94/100 brn|[from] Sandstorm
|-damage|p1b: Spiritomb|94/100|[from] Sandstorm
|-heal|p1b: Spiritomb|100/100|[from] item: Leftovers
|-damage|p2a: Whimsicott|88/100 brn|[from] brn
|upkeep
|inactive|freudianbreath has 30 seconds left.
|inactive|freudianbreath has 20 seconds left.
|inactive|freudianbreath has 15 seconds left.
|inactive|freudianbreath has 10 seconds left.
|
|t:|1785271050
|switch|p2b: Grimmsnarl|Grimmsnarl, L50, M|100/100
|turn|2
|inactive|sassyblackpegasus has 30 seconds left.
|inactive|freudianbreath has 30 seconds left.
|
|t:|1785271078
|switch|p1a: Milotic|Milotic, L50, M|100/100
|move|p2b: Grimmsnarl|Reflect|p2b: Grimmsnarl
|-sidestart|p2: freudianbreath|Reflect
|move|p2a: Whimsicott|Moonblast|p1b: Spiritomb
|-supereffective|p1b: Spiritomb|1
|-damage|p1b: Spiritomb|56/100
|move|p1b: Spiritomb|Will-O-Wisp|p2b: Grimmsnarl|[miss]
|-miss|p1b: Spiritomb|p2b: Grimmsnarl
|
|-weather|Sandstorm|[upkeep]
|-damage|p2a: Whimsicott|82/100 brn|[from] Sandstorm
|-damage|p1a: Milotic|94/100|[from] Sandstorm
|-damage|p2b: Grimmsnarl|94/100|[from] Sandstorm
|-damage|p1b: Spiritomb|50/100g|[from] Sandstorm
|-heal|p1b: Spiritomb|56/100|[from] item: Leftovers
|-damage|p2a: Whimsicott|76/100 brn|[from] brn
|upkeep
|turn|3
|
|t:|1785271098
|move|p2b: Grimmsnarl|Light Screen|p2b: Grimmsnarl
|-sidestart|p2: freudianbreath|move: Light Screen
|move|p2a: Whimsicott|Moonblast|p1b: Spiritomb
|-supereffective|p1b: Spiritomb|1
|-damage|p1b: Spiritomb|17/100
|move|p1a: Milotic|Ice Beam|p2a: Whimsicott
|-supereffective|p2a: Whimsicott|1
|-damage|p2a: Whimsicott|28/100 brn
|-enditem|p2a: Whimsicott|Sitrus Berry|[eat]
|-heal|p2a: Whimsicott|53/100 brn|[from] item: Sitrus Berry
|move|p1b: Spiritomb|Will-O-Wisp|p2b: Grimmsnarl
|-status|p2b: Grimmsnarl|brn
|
|-weather|Sandstorm|[upkeep]
|-damage|p2a: Whimsicott|47/100 brn|[from] Sandstorm
|-damage|p1a: Milotic|88/100|[from] Sandstorm
|-damage|p2b: Grimmsnarl|88/100 brn|[from] Sandstorm
|-damage|p1b: Spiritomb|11/100|[from] Sandstorm
|-heal|p1b: Spiritomb|17/100|[from] item: Leftovers
|-damage|p2a: Whimsicott|41/100 brn|[from] brn
|-damage|p2b: Grimmsnarl|82/100 brn|[from] brn
|upkeep
|turn|4
|inactive|sassyblackpegasus has 30 seconds left.
|inactive|freudianbreath has 30 seconds left.
|inactive|freudianbreath has 20 seconds left.
|inactive|freudianbreath has 15 seconds left.
|
|t:|1785271143
|move|p2a: Whimsicott|Protect|p2a: Whimsicott
|-singleturn|p2a: Whimsicott|Protect
|move|p1b: Spiritomb|Sucker Punch||[still]
|-fail|p1b: Spiritomb
|move|p1a: Milotic|Muddy Water|p2a: Whimsicott|[spread] p2b
|-activate|p2a: Whimsicott|move: Protect
|-damage|p2b: Grimmsnarl|57/100 brn
|move|p2b: Grimmsnarl|Spirit Break|p1b: Spiritomb
|-supereffective|p1b: Spiritomb|1
|-damage|p1b: Spiritomb|0 fnt
|faint|p1b: Spiritomb
|
|-weather|Sandstorm|[upkeep]
|-damage|p2a: Whimsicott|35/100 brn|[from] Sandstorm
|-damage|p1a: Milotic|82/100|[from] Sandstorm
|-damage|p2b: Grimmsnarl|51/100 brn|[from] Sandstorm
|-damage|p2a: Whimsicott|29/100 brn|[from] brn
|-damage|p2b: Grimmsnarl|46/100 brn|[from] brn
|upkeep
|
|t:|1785271159
|switch|p1b: Garchomp|Garchomp, L50, M|100/100
|turn|5
|inactive|freudianbreath has 30 seconds left.
|inactive|freudianbreath has 20 seconds left.
|inactive|freudianbreath has 15 seconds left.
|inactive|freudianbreath has 10 seconds left.
|inactive|freudianbreath has 5 seconds left.
|
|t:|1785271209
|move|p1b: Garchomp|Protect|p1b: Garchomp
|-singleturn|p1b: Garchomp|Protect
|move|p2a: Whimsicott|Encore|p1a: Milotic
|-start|p1a: Milotic|Encore
|move|p1a: Milotic|Muddy Water|p2a: Whimsicott|[spread] p2a,p2b
|-resisted|p2a: Whimsicott|1
|-damage|p2a: Whimsicott|17/100 brn
|-damage|p2b: Grimmsnarl|23/100 brn
|move|p2b: Grimmsnarl|Spirit Break|p1b: Garchomp
|-activate|p1b: Garchomp|move: Protect
|
|-weather|none
|-damage|p2a: Whimsicott|11/100 brn|[from] brn
|-damage|p2b: Grimmsnarl|17/100 brn|[from] brn
|upkeep
|turn|6
|inactive|freudianbreath has 30 seconds left.
|inactive|freudianbreath has 20 seconds left.
|
|t:|1785271248
|switch|p1b: Lucario|Lucario-Mega, L50, M|56/100
|switch|p2a: Kingambit|Kingambit, L50, M|100/100
|move|p1a: Milotic|Muddy Water|p2a: Kingambit|[spread] p2a,p2b
|-damage|p2a: Kingambit|80/100
|-damage|p2b: Grimmsnarl|0 fnt
|faint|p2b: Grimmsnarl
|
|upkeep
|
|t:|1785271250
|switch|p2b: Whimsicott|Whimsicott, L50, F|11/100 brn
|turn|7
|inactive|freudianbreath has 30 seconds left.
|inactive|freudianbreath has 20 seconds left.
|inactive|freudianbreath has 15 seconds left.
|inactive|freudianbreath has 10 seconds left.
|inactive|freudianbreath has 5 seconds left.
|
|t:|1785271304
|move|p1b: Lucario|Extreme Speed|p2b: Whimsicott
|-damage|p2b: Whimsicott|0 fnt
|faint|p2b: Whimsicott
|move|p2a: Kingambit|Sucker Punch||[still]
|-fail|p2a: Kingambit
|move|p1a: Milotic|Muddy Water|p2a: Kingambit
|-damage|p2a: Kingambit|53/100
|
|-end|p1a: Milotic|Encore
|upkeep
|turn|8
|
|t:|1785271328
|move|p2a: Kingambit|Protect|p2a: Kingambit
|-singleturn|p2a: Kingambit|Protect
|move|p1b: Lucario|Aura Sphere|p2a: Kingambit
|-activate|p2a: Kingambit|move: Protect
|move|p1a: Milotic|Muddy Water|p2a: Kingambit
|-activate|p2a: Kingambit|move: Protect
|
|upkeep
|turn|9
|
|t:|1785271336
|move|p2a: Kingambit|Sucker Punch|p1b: Lucario
|-resisted|p1b: Lucario|1
|-damage|p1b: Lucario|24/100
|move|p1b: Lucario|Aura Sphere|p2a: Kingambit
|-supereffective|p2a: Kingambit|2
|-damage|p2a: Kingambit|0 fnt
|faint|p2a: Kingambit
|
|win|sassyblackpegasus
|raw|sassyblackpegasus's rating: 1049 → 1085(+36 for winning)
|raw|freudianbreath's rating: 1089 → 1063(-26 for losing)
|l|☆sassyblackpegasus
|player|p1|
