|j|☆thedelybird
|j|☆redemption22
|html|thedelybirdredemption22    
|uhtml|bestof|Game 1 of a best-of-3
|t:|1756734951
|gametype|doubles
|player|p1|thedelybird|blue-masters|1269
|player|p2|redemption22|101|1404
|gen|9
|tier|[Gen 9] VGC 2025 Reg H (Bo3)
|rated|
|rule|Species Clause: Limit one of each Pokémon
|rule|Item Clause: Limit 1 of each item
|clearpoke
|poke|p1|Basculegion, L50, M|
|poke|p1|Pelipper, L50, M|
|poke|p1|Archaludon, L50, M|
|poke|p1|Gholdengo, L50|
|poke|p1|Amoonguss, L50, F|
|poke|p1|Incineroar, L50, M|
|poke|p2|Dondozo, L50, M|
|poke|p2|Tatsugiri-Droopy, L50, M|
|poke|p2|Gholdengo, L50|
|poke|p2|Dragonite, L50, M|
|poke|p2|Talonflame, L50, M|
|poke|p2|Sneasler, L50, M|
|teampreview|4
|showteam|p1|Basculegion||ChoiceBand|SwiftSwim|LastRespects,WaveCrash,AquaJet,FlipTurn|||M|||50|,,,,,Grass]Pelipper||FocusSash|Drizzle|Hurricane,WeatherBall,Protect,Tailwind|||M|||50|,,,,,Ghost]Archaludon||AssaultVest|Stamina|ElectroShot,BodyPress,DracoMeteor,FlashCannon|||M|||50|,,,,,Fairy]Gholdengo||MetalCoat|GoodasGold|MakeItRain,ShadowBall,NastyPlot,Protect||||||50|,,,,,Water]Amoonguss||SitrusBerry|EffectSpore|Protect,Spore,RagePowder,PollenPuff|||F|||50|,,,,,Water]Incineroar||SafetyGoggles|Intimidate|FakeOut,FlareBlitz,KnockOff,PartingShot|||M|||50|,,,,,Ghost
|showteam|p2|Dondozo||Leftovers|Unaware|Protect,OrderUp,Earthquake,BodyPress|||M|||50|,,,,,Grass]Tatsugiri-Droopy||ChoiceScarf|Commander|DracoMeteor,MuddyWater,IcyWind,DragonPulse|||M|||50|,,,,,Steel]Gholdengo||ChoiceSpecs|GoodasGold|Thunderbolt,ShadowBall,MakeItRain,PowerGem||||||50|,,,,,Steel]Dragonite||ChoiceBand|InnerFocus|ExtremeSpeed,StompingTantrum,Outrage,IceSpinner|||M|||50|,,,,,Normal]Talonflame||CovertCloak|GaleWings|DualWingbeat,Tailwind,Taunt,FlareBlitz|||M|||50|,,,,,Ghost]Sneasler||FocusSash|PoisonTouch|CloseCombat,FakeOut,DireClaw,ThroatChop|||M|||50|,,,,,Fairy
|inactive|Battle timer is ON: inactive players will automatically lose when time's up. (requested by redemption22)
|
|t:|1756734992
|teamsize|p1|4
|teamsize|p2|4
|start
|switch|p1a: Pelipper|Pelipper, L50, M|100/100
|switch|p1b: Basculegion|Basculegion, L50, M|100/100
|switch|p2a: Gholdengo|Gholdengo, L50|100/100
|switch|p2b: Sneasler|Sneasler, L50, M|100/100
|-weather|RainDance|[from] ability: Drizzle|[of] p1a: Pelipper
|turn|1
|
|t:|1756735012
|-terastallize|p1a: Pelipper|Ghost
|move|p1b: Basculegion|Flip Turn|p2b: Sneasler
|-enditem|p2b: Sneasler|Focus Sash
|-damage|p2b: Sneasler|1/100
|
|t:|1756735018
|switch|p1b: Archaludon|Archaludon, L50, M|100/100|[from] Flip Turn
|move|p2b: Sneasler|Dire Claw|p1a: Pelipper
|-resisted|p1a: Pelipper
|-damage|p1a: Pelipper|73/100
|-status|p1a: Pelipper|psn|[from] ability: Poison Touch|[of] p2b: Sneasler
|move|p2a: Gholdengo|Make It Rain|p1a: Pelipper|[spread] p1a,p1b
|-resisted|p1b: Archaludon
|-damage|p1a: Pelipper|0 fnt
|-damage|p1b: Archaludon|74/100
|-unboost|p2a: Gholdengo|spa|1
|-ability|p1b: Archaludon|Stamina|boost
|-boost|p1b: Archaludon|def|1
|faint|p1a: Pelipper
|
|-weather|RainDance|[upkeep]
|upkeep
|
|t:|1756735028
|switch|p1a: Basculegion|Basculegion, L50, M|100/100
|turn|2
|
|t:|1756735046
|move|p1a: Basculegion|Flip Turn|p2b: Sneasler
|-crit|p2b: Sneasler
|-damage|p2b: Sneasler|0 fnt
|faint|p2b: Sneasler
|
|t:|1756735050
|switch|p1a: Amoonguss|Amoonguss, L50, F|100/100|[from] Flip Turn
|move|p2a: Gholdengo|Make It Rain|p1a: Amoonguss|[spread] p1a,p1b
|-resisted|p1b: Archaludon
|-damage|p1a: Amoonguss|62/100
|-damage|p1b: Archaludon|55/100
|-unboost|p2a: Gholdengo|spa|1
|-ability|p1b: Archaludon|Stamina|boost
|-boost|p1b: Archaludon|def|1
|move|p1b: Archaludon|Electro Shot||[still]
|-prepare|p1b: Archaludon|Electro Shot
|-boost|p1b: Archaludon|spa|1
|-anim|p1b: Archaludon|Electro Shot|p2a: Gholdengo
|-crit|p2a: Gholdengo
|-damage|p2a: Gholdengo|0 fnt
|faint|p2a: Gholdengo
|
|-weather|RainDance|[upkeep]
|upkeep
|
|t:|1756735066
|switch|p2b: Tatsugiri|Tatsugiri-Droopy, L50, M|100/100
|switch|p2a: Dondozo|Dondozo, L50, M|100/100
|-activate|p2b: Tatsugiri|ability: Commander|[of] p2a: Dondozo
|-boost|p2a: Dondozo|atk|2
|-boost|p2a: Dondozo|spa|2
|-boost|p2a: Dondozo|spe|2
|-boost|p2a: Dondozo|def|2
|-boost|p2a: Dondozo|spd|2
|turn|3
|
|t:|1756735071
|-terastallize|p2a: Dondozo|Grass
|move|p2a: Dondozo|Order Up|p1a: Amoonguss
|-damage|p1a: Amoonguss|29/100
|-enditem|p1a: Amoonguss|Sitrus Berry|[eat]
|-heal|p1a: Amoonguss|54/100|[from] item: Sitrus Berry
|-boost|p2a: Dondozo|def|1
|move|p1b: Archaludon|Electro Shot||[still]
|-prepare|p1b: Archaludon|Electro Shot
|-boost|p1b: Archaludon|spa|1
|-anim|p1b: Archaludon|Electro Shot|p2a: Dondozo
|-resisted|p2a: Dondozo
|-damage|p2a: Dondozo|92/100
|move|p1a: Amoonguss|Pollen Puff|p1b: Archaludon
|-heal|p1b: Archaludon|100/100
|
|-weather|RainDance|[upkeep]
|-heal|p2a: Dondozo|98/100|[from] item: Leftovers
|upkeep
|turn|4
|
|t:|1756735087
|move|p1a: Amoonguss|Protect|p1a: Amoonguss
|-singleturn|p1a: Amoonguss|Protect
|move|p2a: Dondozo|Order Up|p1a: Amoonguss
|-activate|p1a: Amoonguss|move: Protect
|move|p1b: Archaludon|Draco Meteor|p2a: Dondozo
|-damage|p2a: Dondozo|71/100
|-unboost|p1b: Archaludon|spa|2
|
|-weather|RainDance|[upkeep]
|-heal|p2a: Dondozo|78/100|[from] item: Leftovers
|upkeep
|turn|5
|
|t:|1756735104
|move|p2a: Dondozo|Order Up|p1a: Amoonguss
|-damage|p1a: Amoonguss|21/100
|-boost|p2a: Dondozo|def|1
|move|p1b: Archaludon|Draco Meteor|p2a: Dondozo
|-damage|p2a: Dondozo|52/100
|-unboost|p1b: Archaludon|spa|2
|move|p1a: Amoonguss|Pollen Puff|p2a: Dondozo
|-supereffective|p2a: Dondozo
|-damage|p2a: Dondozo|37/100
|
|-weather|none
|-heal|p2a: Dondozo|43/100|[from] item: Leftovers
|upkeep
|turn|6
|
|t:|1756735114
|switch|p1a: Basculegion|Basculegion, L50, M|100/100
|move|p2a: Dondozo|Order Up|p1a: Basculegion
|-damage|p1a: Basculegion|50/100
|-boost|p2a: Dondozo|def|1
|move|p1b: Archaludon|Draco Meteor|p2a: Dondozo
|-damage|p2a: Dondozo|18/100
|-unboost|p1b: Archaludon|spa|2
|
|-heal|p2a: Dondozo|24/100|[from] item: Leftovers
|upkeep
|turn|7
|
|t:|1756735135
|move|p2a: Dondozo|Body Press|p1b: Archaludon
|-supereffective|p1b: Archaludon
|-damage|p1b: Archaludon|0 fnt
|faint|p1b: Archaludon
|move|p1a: Basculegion|Last Respects|p2a: Dondozo
|-damage|p2a: Dondozo|3/100
|
|-heal|p2a: Dondozo|9/100|[from] item: Leftovers
|upkeep
|
|t:|1756735142
|switch|p1b: Amoonguss|Amoonguss, L50, F|21/100
|turn|8
|
|t:|1756735148
|move|p2a: Dondozo|Order Up|p1b: Amoonguss
|-damage|p1b: Amoonguss|0 fnt
|faint|p1b: Amoonguss
|-boost|p2a: Dondozo|def|1
|move|p1a: Basculegion|Last Respects|p2a: Dondozo
|-damage|p2a: Dondozo|0 fnt
|faint|p2a: Dondozo
|
|upkeep
|turn|9
|
|t:|1756735164
|move|p2b: Tatsugiri|Draco Meteor|p1a: Basculegion
|-damage|p1a: Basculegion|0 fnt
|-unboost|p2b: Tatsugiri|spa|2
|faint|p1a: Basculegion
|
|win|redemption22
||thedelybird is ready for game 2.
||redemption22 is ready for game 2.
|uhtml|next|Next: Game 2 of 3
