|j|☆Drakengor
|j|☆Eidrius
|html|DrakengorEidrius    
|uhtml|bestof|Game 1 of a best-of-3
|t:|1785175124
|gametype|doubles
|player|p1|Drakengor|ethan|
|player|p2|Eidrius|firebreather|
|gen|9
|tier|[Gen 9 Champions] VGC 2026 Reg M-B (Bo3)
|rule|Species Clause: Limit one of each Pokémon
|rule|Item Clause: Limit 1 of each item
|clearpoke
|poke|p1|Charizard, L50, M|
|poke|p1|Archaludon, L50, F, shiny|
|poke|p1|Swampert, L50, F, shiny|
|poke|p1|Venusaur, L50, F, shiny|
|poke|p1|Pelipper, L50, M, shiny|
|poke|p1|Grimmsnarl, L50, M, shiny|
|poke|p2|Archaludon, L50, M|
|poke|p2|Pelipper, L50, M|
|poke|p2|Swampert, L50, F|
|poke|p2|Grimmsnarl, L50, M|
|poke|p2|Charizard, L50, M|
|poke|p2|Venusaur, L50, F|
|teampreview|4
|showteam|p1|Charizard||CharizarditeY|Blaze|Protect,HeatWave,WeatherBall,SolarBeam|Modest||M|||50|]Archaludon||Leftovers|Stamina|Protect,DragonPulse,FlashCannon,ElectroShot|Modest||F|||50|]Swampert||Swampertite|Torrent|Protect,WaveCrash,Earthquake,IcePunch|Adamant||F|||50|]Venusaur||FocusSash|Chlorophyll|Protect,SleepPowder,SludgeBomb,EarthPower|Modest||F|||50|]Pelipper||SitrusBerry|Drizzle|WideGuard,Tailwind,WeatherBall,Hurricane|Modest||M|||50|]Grimmsnarl||LightClay|Prankster|PartingShot,Reflect,LightScreen,FoulPlay|Sassy||M|||50|
|showteam|p2|Archaludon||Leftovers|Stamina|Protect,DragonPulse,FlashCannon,ElectroShot|Modest||M|||50|]Pelipper||SitrusBerry|Drizzle|WeatherBall,Hurricane,WideGuard,Tailwind|Modest||M|||50|]Swampert||Swampertite|Damp|Protect,WaveCrash,Earthquake,IcePunch|Adamant||F|||50|]Grimmsnarl||LightClay|Prankster|SpiritBreak,PartingShot,Reflect,LightScreen|Sassy||M|||50|]Charizard||CharizarditeY|Blaze|Protect,WeatherBall,HeatWave,SolarBeam|Modest||M|||50|]Venusaur||FocusSash|Chlorophyll|SleepPowder,SludgeBomb,EarthPower,Protect|Modest||F|||50|
|inactive|Battle timer is ON: inactive players will automatically lose when time's up. (requested by Eidrius)
|inactive|Drakengor also wants the timer to be on.
|inactive|Drakengor has 60 seconds left.
|inactive|Eidrius has 60 seconds left.
|j| MrSidi
|inactive|Drakengor has 30 seconds left.
|c| MrSidi|Mucha suerte a los 2
|
|t:|1785175193
|teamsize|p1|4
|teamsize|p2|4
|start
|switch|p1a: Grimmsnarl|Grimmsnarl, L50, M, shiny|100/100
|switch|p1b: Archaludon|Archaludon, L50, F, shiny|100/100
|switch|p2a: Swampert|Swampert, L50, F|100/100
|switch|p2b: Grimmsnarl|Grimmsnarl, L50, M|100/100
|turn|1
|inactive|Eidrius has 30 seconds left.
|inactive|Drakengor has 30 seconds left.
|inactive|Eidrius has 20 seconds left.
|
|t:|1785175234
|move|p2a: Swampert|Protect|p2a: Swampert
|-singleturn|p2a: Swampert|Protect
|move|p1a: Grimmsnarl|Parting Shot|p2a: Swampert
|-activate|p2a: Swampert|move: Protect
|move|p2b: Grimmsnarl|Light Screen|p2b: Grimmsnarl
|-sidestart|p2: Eidrius|move: Light Screen
|move|p1b: Archaludon|Electro Shot||[still]
|-prepare|p1b: Archaludon|Electro Shot
|-boost|p1b: Archaludon|spa|1
|
|upkeep
|turn|2
|inactive|Eidrius has 30 seconds left.
|inactive|Eidrius has 20 seconds left.
|inactive|Eidrius has 15 seconds left.
|inactive|Eidrius has 10 seconds left.
|inactive|Eidrius has 5 seconds left.
|
|t:|1785175289
|move|p2a: Swampert|Protect||[still]
|-fail|p2a: Swampert
|move|p1a: Grimmsnarl|Reflect|p1a: Grimmsnarl
|-sidestart|p1: Drakengor|Reflect
|move|p1b: Archaludon|Electro Shot|p2b: Grimmsnarl|[from] lockedmove
|-crit|p2b: Grimmsnarl
|-damage|p2b: Grimmsnarl|27/100
|move|p2b: Grimmsnarl|Spirit Break|p1a: Grimmsnarl
|-supereffective|p1a: Grimmsnarl|1
|-damage|p1a: Grimmsnarl|53/100
|-unboost|p1a: Grimmsnarl|spa|1
|
|upkeep
|turn|3
|inactive|Drakengor has 30 seconds left.
|inactive|Eidrius has 30 seconds left.
|
|t:|1785175324
|switch|p1a: Pelipper|Pelipper, L50, M, shiny|100/100
|-weather|RainDance|[from] ability: Drizzle|[of] p1a: Pelipper
|detailschange|p2a: Swampert|Swampert-Mega, L50, F
|-mega|p2a: Swampert|Swampert|Swampertite
|move|p2b: Grimmsnarl|Parting Shot|p1b: Archaludon
|-unboost|p1b: Archaludon|atk|1
|-unboost|p1b: Archaludon|spa|1
|
|t:|1785175332
|switch|p2b: Archaludon|Archaludon, L50, M|100/100|[from] Parting Shot
|move|p2a: Swampert|Earthquake|p1a: Pelipper|[spread] p2b,p1b
|-immune|p1a: Pelipper
|-supereffective|p2b: Archaludon|1
|-supereffective|p1b: Archaludon|1
|-damage|p2b: Archaludon|29/100
|-damage|p1b: Archaludon|60/100
|-ability|p2b: Archaludon|Stamina|boost
|-boost|p2b: Archaludon|def|1
|-ability|p1b: Archaludon|Stamina|boost
|-boost|p1b: Archaludon|def|1
|move|p1b: Archaludon|Electro Shot||[still]
|-prepare|p1b: Archaludon|Electro Shot
|-boost|p1b: Archaludon|spa|1
|-anim|p1b: Archaludon|Electro Shot|p2b: Archaludon
|-resisted|p2b: Archaludon|1
|-damage|p2b: Archaludon|12/100
|-ability|p2b: Archaludon|Stamina|boost
|-boost|p2b: Archaludon|def|1
|
|-weather|RainDance|[upkeep]
|-heal|p2b: Archaludon|18/100|[from] item: Leftovers
|-heal|p1b: Archaludon|67/100|[from] item: Leftovers
|upkeep
|turn|4
|inactive|Drakengor has 30 seconds left.
|inactive|Eidrius has 30 seconds left.
|inactive|Eidrius has 20 seconds left.
|inactive|Eidrius has 15 seconds left.
|inactive|Eidrius has 10 seconds left.
|
|t:|1785175381
|move|p1a: Pelipper|Wide Guard|p1a: Pelipper
|-singleturn|p1a: Pelipper|Wide Guard
|move|p2a: Swampert|Wave Crash|p1b: Archaludon
|-resisted|p1b: Archaludon|1
|-damage|p1b: Archaludon|50/100g
|-ability|p1b: Archaludon|Stamina|boost
|-boost|p1b: Archaludon|def|1
|-damage|p2a: Swampert|94/100|[from] Recoil
|move|p1b: Archaludon|Dragon Pulse|p2b: Archaludon
|-damage|p2b: Archaludon|0 fnt
|faint|p2b: Archaludon
|
|-weather|RainDance|[upkeep]
|-heal|p1b: Archaludon|56/100|[from] item: Leftovers
|upkeep
|
|t:|1785175394
|switch|p2b: Grimmsnarl|Grimmsnarl, L50, M|27/100
|turn|5
|inactive|Eidrius has 30 seconds left.
|
|t:|1785175423
|move|p2a: Swampert|Wave Crash|p1a: Pelipper
|-resisted|p1a: Pelipper|1
|-damage|p1a: Pelipper|59/100
|-damage|p2a: Swampert|82/100|[from] Recoil
|move|p1b: Archaludon|Flash Cannon|p2b: Grimmsnarl
|-supereffective|p2b: Grimmsnarl|1
|-damage|p2b: Grimmsnarl|0 fnt
|faint|p2b: Grimmsnarl
|move|p1a: Pelipper|Hurricane|p2a: Swampert
|-damage|p2a: Swampert|60/100
|-start|p2a: Swampert|confusion
|
|-weather|RainDance|[upkeep]
|-heal|p1b: Archaludon|62/100|[from] item: Leftovers
|upkeep
|
|t:|1785175435
|switch|p2b: Pelipper|Pelipper, L50, M|100/100
|turn|6
|
|t:|1785175454
|move|p1a: Pelipper|Wide Guard|p1a: Pelipper
|-singleturn|p1a: Pelipper|Wide Guard
|-activate|p2a: Swampert|confusion
|move|p2a: Swampert|Wave Crash|p1a: Pelipper
|-resisted|p1a: Pelipper|1
|-damage|p1a: Pelipper|21/100
|-enditem|p1a: Pelipper|Sitrus Berry|[eat]
|-heal|p1a: Pelipper|46/100|[from] item: Sitrus Berry
|-damage|p2a: Swampert|50/100g|[from] Recoil
|move|p1b: Archaludon|Electro Shot||[still]
|-prepare|p1b: Archaludon|Electro Shot
|-boost|p1b: Archaludon|spa|1
|-anim|p1b: Archaludon|Electro Shot|p2b: Pelipper
|-supereffective|p2b: Pelipper|2
|-damage|p2b: Pelipper|0 fnt
|faint|p2b: Pelipper
|
|-weather|RainDance|[upkeep]
|-heal|p1b: Archaludon|69/100|[from] item: Leftovers
|upkeep
|turn|7
|
|t:|1785175476
|-end|p2a: Swampert|confusion
|move|p2a: Swampert|Wave Crash|p1a: Pelipper
|-resisted|p1a: Pelipper|1
|-crit|p1a: Pelipper
|-damage|p1a: Pelipper|0 fnt
|faint|p1a: Pelipper
|-damage|p2a: Swampert|36/100|[from] Recoil
|move|p1b: Archaludon|Dragon Pulse|p2a: Swampert
|-damage|p2a: Swampert|0 fnt
|faint|p2a: Swampert
|
|win|Drakengor
||Eidrius is ready for game 2.
||Drakengor is ready for game 2.
|uhtml|next|Next: Game 2 of 3
|l| MrSidi
|j| MrSidi
|l|☆Drakengor
|player|p1|
|l| MrSidi
