|j|☆hkings234
|j|☆kyromax777
|html|hkings234kyromax777    
|uhtml|bestof|Game 1 of a best-of-3
|t:|1785481799
|gametype|doubles
|player|p1|hkings234|170|1045
|player|p2|kyromax777|102|1088
|gen|9
|tier|[Gen 9 Champions] VGC 2026 Reg M-B (Bo3)
|rated|
|rule|Species Clause: Limit one of each Pokémon
|rule|Item Clause: Limit 1 of each item
|clearpoke
|poke|p1|Raichu, L50, F|
|poke|p1|Heliolisk, L50, F|
|poke|p1|Garchomp, L50, M|
|poke|p1|Tyranitar, L50, F|
|poke|p1|Whimsicott, L50, F|
|poke|p1|Corviknight, L50, F|
|poke|p2|Ninetales, L50, F|
|poke|p2|Venusaur, L50, M|
|poke|p2|Pyroar, L50, M|
|poke|p2|Rhyperior, L50, F|
|poke|p2|Oranguru, L50, F|
|poke|p2|Eelektross, L50, F|
|teampreview|4
|showteam|p1|Raichu||RaichuniteY|LightningRod|ZapCannon,FakeOut,FocusBlast,Protect|Hasty||F|||50|]Heliolisk||FocusSash|SandVeil|Discharge,Electroweb,Protect,WeatherBall|Timid||F|||50|]Garchomp||Garchompite|RoughSkin|DragonClaw,Earthquake,Protect,RockSlide|Jolly||M|||50|]Tyranitar||SitrusBerry|SandStream|DragonDance,KnockOff,RockSlide,Protect|Adamant||F|||50|]Whimsicott||FairyFeather|Prankster|Tailwind,Moonblast,Encore,StunSpore|Bold||F|||50|]Corviknight||Leftovers|MirrorArmor|BulkUp,BodyPress,Roost,BraveBird|Careful||F|||50|
|showteam|p2|Ninetales||Charcoal|Drought|WeatherBall,Encore,HelpingHand,Protect|Timid||F|||50|]Venusaur||FocusSash|Chlorophyll|SludgeBomb,GigaDrain,SleepPowder,Protect|Modest||M|||50|]Pyroar||Pyroarite|Rivalry|HeatWave,Overheat,SolarBeam,Protect|Timid||M|||50|]Rhyperior||LifeOrb|SolidRock|Earthquake,RockSlide,HeavySlam,Protect|Brave||F|||50|]Oranguru||MentalHerb|Telepathy|Psychic,Instruct,TrickRoom,Protect|Relaxed||F|||50|]Eelektross||Eelektrossite|Levitate|Discharge,Flamethrower,DragonPulse,Protect|Modest||F|||50|
|
|t:|1785481841
|teamsize|p1|4
|teamsize|p2|4
|start
|switch|p1a: Raichu|Raichu, L50, F|100/100
|switch|p1b: Tyranitar|Tyranitar, L50, F|100/100
|switch|p2a: Rhyperior|Rhyperior, L50, F|100/100
|switch|p2b: Pyroar|Pyroar, L50, M|100/100
|-weather|Sandstorm|[from] ability: Sand Stream|[of] p1b: Tyranitar
|turn|1
|
|t:|1785481861
|detailschange|p2b: Pyroar|Pyroar-Mega, L50, M
|-mega|p2b: Pyroar|Pyroar|Pyroarite
|move|p2b: Pyroar|Protect|p2b: Pyroar
|-singleturn|p2b: Pyroar|Protect
|move|p1a: Raichu|Fake Out|p2a: Rhyperior
|-resisted|p2a: Rhyperior|1
|-damage|p2a: Rhyperior|96/100
|move|p1b: Tyranitar|Dragon Dance|p1b: Tyranitar
|-boost|p1b: Tyranitar|atk|1
|-boost|p1b: Tyranitar|spe|1
|cant|p2a: Rhyperior|flinch
|
|-weather|Sandstorm|[upkeep]
|-damage|p2b: Pyroar|93/100|[from] Sandstorm
|-damage|p1a: Raichu|94/100|[from] Sandstorm
|upkeep
|turn|2
|
|t:|1785481885
|switch|p2a: Ninetales|Ninetales, L50, F|100/100
|-weather|SunnyDay|[from] ability: Drought|[of] p2a: Ninetales
|detailschange|p1a: Raichu|Raichu-Mega-Y, L50, F
|-mega|p1a: Raichu|Raichu|Raichunite Y
|move|p1a: Raichu|Focus Blast|p2a: Ninetales
|-crit|p2a: Ninetales
|-damage|p2a: Ninetales|27/100
|-unboost|p2a: Ninetales|spd|1
|move|p2b: Pyroar|Solar Beam||[still]
|-prepare|p2b: Pyroar|Solar Beam
|-anim|p2b: Pyroar|Solar Beam|p1b: Tyranitar
|-supereffective|p1b: Tyranitar|1
|-damage|p1b: Tyranitar|22/100
|-enditem|p1b: Tyranitar|Sitrus Berry|[eat]
|-heal|p1b: Tyranitar|46/100|[from] item: Sitrus Berry
|move|p1b: Tyranitar|Rock Slide|p2a: Ninetales|[spread] p2a,p2b
|-supereffective|p2a: Ninetales|1
|-supereffective|p2b: Pyroar|1
|-damage|p2a: Ninetales|0 fnt
|-damage|p2b: Pyroar|0 fnt
|faint|p2a: Ninetales
|faint|p2b: Pyroar
|
|-weather|SunnyDay|[upkeep]
|upkeep
|
|t:|1785481909
|switch|p2b: Venusaur|Venusaur, L50, M|100/100
|switch|p2a: Rhyperior|Rhyperior, L50, F|96/100
|turn|3
|
|t:|1785481929
|move|p2b: Venusaur|Sleep Powder|p1a: Raichu
|-status|p1a: Raichu|slp|[from] move: Sleep Powder
|cant|p1a: Raichu|slp
|move|p1b: Tyranitar|Knock Off|p2a: Rhyperior
|-damage|p2a: Rhyperior|42/100
|-enditem|p2a: Rhyperior|Life Orb|[from] move: Knock Off|[of] p1b: Tyranitar
|move|p2a: Rhyperior|Heavy Slam|p1b: Tyranitar
|-supereffective|p1b: Tyranitar|1
|-damage|p1b: Tyranitar|15/100
|
|-weather|SunnyDay|[upkeep]
|upkeep
|turn|4
|
|t:|1785481945
|cant|p1a: Raichu|slp
|move|p1b: Tyranitar|Protect|p1b: Tyranitar
|-singleturn|p1b: Tyranitar|Protect
|move|p2b: Venusaur|Sleep Powder|p1b: Tyranitar
|-activate|p1b: Tyranitar|move: Protect
|move|p2a: Rhyperior|Rock Slide|p1b: Tyranitar|[spread] p1a
|-activate|p1b: Tyranitar|move: Protect
|-damage|p1a: Raichu|11/100 slp
|
|-weather|SunnyDay|[upkeep]
|upkeep
|turn|5
|
|t:|1785481961
|switch|p1b: Whimsicott|Whimsicott, L50, F|100/100
|move|p2b: Venusaur|Protect|p2b: Venusaur
|-singleturn|p2b: Venusaur|Protect
|move|p2a: Rhyperior|Protect|p2a: Rhyperior
|-singleturn|p2a: Rhyperior|Protect
|-curestatus|p1a: Raichu|slp|[msg]
|move|p1a: Raichu|Focus Blast|p2a: Rhyperior
|-activate|p2a: Rhyperior|move: Protect
|
|-weather|SunnyDay|[upkeep]
|upkeep
|turn|6
|
|t:|1785481978
|move|p1b: Whimsicott|Encore|p2b: Venusaur
|-start|p2b: Venusaur|Encore
|move|p2b: Venusaur|Protect||[still]
|-fail|p2b: Venusaur
|move|p1a: Raichu|Focus Blast|p2a: Rhyperior
|-supereffective|p2a: Rhyperior|1
|-damage|p2a: Rhyperior|0 fnt
|faint|p2a: Rhyperior
|
|-weather|none
|upkeep
|turn|7
|-message|kyromax777 forfeited.
|raw|hkings234's rating: 1045 → 1082(+37 for winning)
|raw|kyromax777's rating: 1088 → 1062(-26 for losing)
|
|win|hkings234
|l|☆kyromax777
|player|p2|
