|j|☆VGChris6
|j|☆D10_O1
|html|VGChris6D10_O1    
|uhtml|bestof|Game 2 of a best-of-3
|t:|1757196087
|gametype|doubles
|player|p1|VGChris6|169|1103
|player|p2|D10_O1|1|1161
|gen|9
|tier|[Gen 9] VGC 2025 Reg H (Bo3)
|rated|
|rule|Species Clause: Limit one of each Pokémon
|rule|Item Clause: Limit 1 of each item
|clearpoke
|poke|p1|Archaludon, L50, F|
|poke|p1|Pelipper, L50, F|
|poke|p1|Basculegion, L50, M|
|poke|p1|Annihilape, L50, F|
|poke|p1|Whimsicott, L50, M|
|poke|p1|Ursaluna-Bloodmoon, L50, M|
|poke|p2|Typhlosion-Hisui, L50, M|
|poke|p2|Whimsicott, L50, M|
|poke|p2|Amoonguss, L50, F|
|poke|p2|Garchomp, L50, M|
|poke|p2|Incineroar, L50, F|
|poke|p2|Rillaboom, L50, M|
|teampreview|4
|showteam|p1|Archaludon||PowerHerb|Sturdy|ElectroShot,DragonPulse,FlashCannon,Protect|||F|||50|,,,,,Ghost]Pelipper||FocusSash|Drizzle|Tailwind,WeatherBall,Hurricane,WideGuard|||F|||50|,,,,,Ghost]Basculegion||ChoiceScarf|Adaptability|LastRespects,FlipTurn,WaveCrash,AquaJet|||M|||50|,,,,,Dark]Annihilape||SitrusBerry|Defiant|DrainPunch,Protect,RageFist,BulkUp|||F|||50|,,,,,Steel]Whimsicott||CovertCloak|Prankster|Taunt,Tailwind,Encore,Moonblast|||M|||50|,,,,,Dark]Ursaluna-Bloodmoon||AssaultVest|MindsEye|HyperVoice,BloodMoon,EarthPower,VacuumWave|||M|||50|,,,,,Ghost
|showteam|p2|Typhlosion-Hisui||ChoiceSpecs|Blaze|Eruption,HeatWave,ShadowBall,SleepTalk|||M|||50|,,,,,Fire]Whimsicott||CovertCloak|Prankster|SunnyDay,Taunt,Encore,Tailwind|||M|||50|,,,,,Water]Amoonguss||MentalHerb|Regenerator|Spore,RagePowder,Protect,SludgeBomb|||F|||50|,,,,,Fire]Garchomp||LoadedDice|RoughSkin|StompingTantrum,IronHead,Protect,ScaleShot|||M|||50|,,,,,Steel]Incineroar||SafetyGoggles|Intimidate|FakeOut,FlareBlitz,KnockOff,PartingShot|||F|||50|,,,,,Ghost]Rillaboom||MiracleSeed|GrassySurge|WoodHammer,GrassyGlide,FakeOut,Taunt|||M|||50|,,,,,Fire
|inactive|Battle timer is ON: inactive players will automatically lose when time's up. (requested by VGChris6)
|inactive|VGChris6 has 60 seconds left.
|inactive|D10_O1 has 60 seconds left.
|
|t:|1757196132
|teamsize|p1|4
|teamsize|p2|4
|start
|switch|p1a: Basculegion|Basculegion, L50, M|100/100
|switch|p1b: Whimsicott|Whimsicott, L50, M|100/100
|switch|p2a: Typhlosion|Typhlosion-Hisui, L50, M|100/100
|switch|p2b: Whimsicott|Whimsicott, L50, M|100/100
|turn|1
|inactive|D10_O1 has 30 seconds left.
|
|t:|1757196164
|switch|p2a: Homophobia|Rillaboom, L50, M|100/100
|-fieldstart|move: Grassy Terrain|[from] ability: Grassy Surge|[of] p2a: Homophobia
|move|p1b: Whimsicott|Taunt|p2b: Whimsicott
|-start|p2b: Whimsicott|move: Taunt
|cant|p2b: Whimsicott|move: Taunt|Taunt
|move|p1a: Basculegion|Flip Turn|p2a: Homophobia
|-resisted|p2a: Homophobia
|-damage|p2a: Homophobia|79/100
|
|t:|1757196176
|switch|p1a: Archaludon|Archaludon, L50, F|100/100|[from] Flip Turn
|
|-heal|p2a: Homophobia|85/100|[from] Grassy Terrain
|upkeep
|turn|2
|inactive|D10_O1 has 30 seconds left.
|
|t:|1757196209
|switch|p2b: Big Dawg|Garchomp, L50, M|100/100
|move|p2a: Homophobia|Fake Out|p1a: Archaludon
|-resisted|p1a: Archaludon
|-damage|p1a: Archaludon|94/100
|move|p1b: Whimsicott|Encore|p2a: Homophobia
|-start|p2a: Homophobia|Encore
|cant|p1a: Archaludon|flinch
|
|-heal|p1a: Archaludon|100/100|[from] Grassy Terrain
|-heal|p2a: Homophobia|91/100|[from] Grassy Terrain
|upkeep
|turn|3
|
|t:|1757196234
|switch|p2a: Typhlosion|Typhlosion-Hisui, L50, M|100/100
|-terastallize|p2b: Big Dawg|Steel
|move|p1b: Whimsicott|Moonblast|p2b: Big Dawg
|-resisted|p2b: Big Dawg
|-damage|p2b: Big Dawg|83/100
|move|p2b: Big Dawg|Scale Shot|p1a: Archaludon
|-damage|p1a: Archaludon|88/100
|-damage|p1a: Archaludon|76/100
|-damage|p1a: Archaludon|65/100
|-damage|p1a: Archaludon|52/100
|-damage|p1a: Archaludon|40/100
|-hitcount|p1a: Archaludon|5
|-unboost|p2b: Big Dawg|def|1
|-boost|p2b: Big Dawg|spe|1
|move|p1a: Archaludon|Electro Shot||[still]
|-prepare|p1a: Archaludon|Electro Shot
|-boost|p1a: Archaludon|spa|1
|-enditem|p1a: Archaludon|Power Herb
|-anim|p1a: Archaludon|Electro Shot|p2a: Typhlosion
|-damage|p2a: Typhlosion|0 fnt
|faint|p2a: Typhlosion
|
|-heal|p2b: Big Dawg|89/100|[from] Grassy Terrain
|-heal|p1a: Archaludon|46/100|[from] Grassy Terrain
|upkeep
|
|t:|1757196241
|switch|p2a: Homophobia|Rillaboom, L50, M|91/100
|turn|4
|inactive|VGChris6 has 30 seconds left.
|inactive|VGChris6 has 20 seconds left.
|inactive|VGChris6 has 15 seconds left.
|
|t:|1757196282
|move|p1b: Whimsicott|Tailwind|p1b: Whimsicott
|-sidestart|p1: VGChris6|move: Tailwind
|move|p1a: Archaludon|Dragon Pulse|p2a: Homophobia
|-damage|p2a: Homophobia|4/100
|move|p2b: Big Dawg|Scale Shot|p1a: Archaludon
|-damage|p1a: Archaludon|33/100
|-damage|p1a: Archaludon|22/100
|-damage|p1a: Archaludon|9/100
|-damage|p1a: Archaludon|0 fnt
|faint|p1a: Archaludon
|-hitcount|p1: Archaludon|4
|-unboost|p2b: Big Dawg|def|1
|-boost|p2b: Big Dawg|spe|1
|move|p2a: Homophobia|Taunt|p1b: Whimsicott
|-start|p1b: Whimsicott|move: Taunt
|
|-heal|p2b: Big Dawg|95/100|[from] Grassy Terrain
|-heal|p2a: Homophobia|10/100|[from] Grassy Terrain
|upkeep
|
|t:|1757196306
|switch|p1a: Annihilape|Annihilape, L50, F|100/100
|turn|5
|
|t:|1757196321
|move|p2a: Homophobia|Grassy Glide|p1a: Annihilape
|-damage|p1a: Annihilape|69/100
|move|p1b: Whimsicott|Moonblast|p2a: Homophobia
|-damage|p2a: Homophobia|0 fnt
|faint|p2a: Homophobia
|move|p2b: Big Dawg|Scale Shot|p1a: Annihilape
|-damage|p1a: Annihilape|59/100
|-damage|p1a: Annihilape|48/100
|-enditem|p1a: Annihilape|Sitrus Berry|[eat]
|-heal|p1a: Annihilape|73/100|[from] item: Sitrus Berry
|-damage|p1a: Annihilape|63/100
|-damage|p1a: Annihilape|53/100
|-hitcount|p1a: Annihilape|4
|-unboost|p2b: Big Dawg|def|1
|-boost|p2b: Big Dawg|spe|1
|move|p1a: Annihilape|Drain Punch|p2b: Big Dawg
|-supereffective|p2b: Big Dawg
|-damage|p2b: Big Dawg|0 fnt
|-heal|p1a: Annihilape|94/100|[from] drain|[of] p2b: Big Dawg
|-damage|p1a: Annihilape|81/100|[from] ability: Rough Skin|[of] p2b: Big Dawg
|faint|p2b: Big Dawg
|
|-heal|p1a: Annihilape|87/100|[from] Grassy Terrain
|-fieldend|move: Grassy Terrain
|upkeep
|-message|D10_O1 forfeited.
|
|win|VGChris6
