|j|☆RinnyRooVGC
|j|☆freudianbreath
|html|RinnyRooVGCfreudianbreath    
|uhtml|bestof|Game 1 of a best-of-3
|t:|1756780048
|gametype|doubles
|player|p1|RinnyRooVGC|265|1097
|player|p2|freudianbreath|169|1031
|gen|9
|tier|[Gen 9] VGC 2025 Reg H (Bo3)
|rated|
|rule|Species Clause: Limit one of each Pokémon
|rule|Item Clause: Limit 1 of each item
|clearpoke
|poke|p1|Porygon2, L50|
|poke|p1|Sneasler, L50, F|
|poke|p1|Gholdengo, L50|
|poke|p1|Amoonguss, L50, M|
|poke|p1|Garchomp, L50, M|
|poke|p1|Incineroar, L50, M|
|poke|p2|Whimsicott, L50, F|
|poke|p2|Gholdengo, L50|
|poke|p2|Dragonite, L50, M|
|poke|p2|Rillaboom, L50, F|
|poke|p2|Incineroar, L50, F|
|poke|p2|Magmar, L50, F|
|teampreview|4
|showteam|p1|Porygon2||Eviolite|Download|TeraBlast,IceBeam,Recover,TrickRoom||||||50|,,,,,Ground]Sneasler||FocusSash|PoisonTouch|CloseCombat,DireClaw,Coaching,Protect|||F|||50|,,,,,Flying]Gholdengo||LifeOrb|GoodasGold|MakeItRain,ShadowBall,NastyPlot,Protect||||||50|,,,,,Water]Amoonguss||SitrusBerry|Regenerator|PollenPuff,Spore,RagePowder,Protect|||M|||50|,,,,,Fairy]Garchomp||ClearAmulet|RoughSkin|Earthquake,StompingTantrum,DragonClaw,Protect|||M|||50|,,,,,Fire]Incineroar||SafetyGoggles|Intimidate|FlareBlitz,KnockOff,FakeOut,PartingShot|||M|||50|,,,,,Ghost
|showteam|p2|Whimsicott||CovertCloak|Prankster|Tailwind,Moonblast,Encore,HelpingHand|||F|||50|,,,,,Water]Gholdengo||ChoiceSpecs|GoodasGold|MakeItRain,ShadowBall,Thunderbolt,Trick||||||50|,,,,,Steel]Dragonite||ChoiceBand|InnerFocus|ExtremeSpeed,IceSpinner,Outrage,StompingTantrum|||M|||50|,,,,,Normal]Rillaboom||AssaultVest|GrassySurge|WoodHammer,GrassyGlide,FakeOut,HighHorsepower|||F|||50|,,,,,Fire]Incineroar||SitrusBerry|Intimidate|FakeOut,KnockOff,FlareBlitz,WillOWisp|||F|||50|,,,,,Grass]Magmar||Eviolite|FlameBody|Overheat,WillOWisp,FollowMe,Protect|||F|||50|,,,,,Ghost
|inactive|Battle timer is ON: inactive players will automatically lose when time's up. (requested by RinnyRooVGC)
|
|t:|1756780198
|teamsize|p1|4
|teamsize|p2|4
|start
|switch|p1a: Porygon2|Porygon2, L50|100/100
|switch|p1b: Amoonguss|Amoonguss, L50, M|100/100
|switch|p2a: Rillaboom|Rillaboom, L50, F|100/100
|switch|p2b: Dragonite|Dragonite, L50, M|100/100
|-fieldstart|move: Grassy Terrain|[from] ability: Grassy Surge|[of] p2a: Rillaboom
|-ability|p1a: Porygon2|Download|boost
|-boost|p1a: Porygon2|spa|1
|turn|1
|inactive|freudianbreath has 30 seconds left.
|inactive|RinnyRooVGC has 30 seconds left.
|inactive|RinnyRooVGC has 20 seconds left.
|inactive|RinnyRooVGC has 15 seconds left.
|inactive|RinnyRooVGC has 10 seconds left.
|
|t:|1756780256
|switch|p1a: Incineroar|Incineroar, L50, M|100/100
|-ability|p1a: Incineroar|Intimidate|boost
|-unboost|p2a: Rillaboom|atk|1
|-fail|p2b: Dragonite|unboost|Attack|[from] ability: Inner Focus|[of] p2b: Dragonite
|move|p2a: Rillaboom|Fake Out|p1a: Incineroar
|-damage|p1a: Incineroar|93/100
|move|p2b: Dragonite|Outrage|p1b: Amoonguss
|-damage|p1b: Amoonguss|16/100
|-enditem|p1b: Amoonguss|Sitrus Berry|[eat]
|-heal|p1b: Amoonguss|41/100|[from] item: Sitrus Berry
|move|p1b: Amoonguss|Spore|p2b: Dragonite
|-status|p2b: Dragonite|slp|[from] move: Spore
|
|-heal|p1a: Incineroar|99/100|[from] Grassy Terrain
|-heal|p1b: Amoonguss|47/100|[from] Grassy Terrain
|upkeep
|turn|2
|inactive|RinnyRooVGC has 30 seconds left.
|inactive|freudianbreath has 30 seconds left.
|inactive|freudianbreath has 20 seconds left.
|inactive|freudianbreath has 15 seconds left.
|inactive|freudianbreath has 10 seconds left.
|
|t:|1756780302
|switch|p1b: Porygon2|Porygon2, L50|100/100
|-ability|p1b: Porygon2|Download|boost
|-boost|p1b: Porygon2|spa|1
|move|p2a: Rillaboom|High Horsepower|p1b: Porygon2
|-damage|p1b: Porygon2|87/100
|cant|p2b: Dragonite|slp
|move|p1a: Incineroar|Knock Off|p2b: Dragonite
|-damage|p2b: Dragonite|60/100 slp
|-enditem|p2b: Dragonite|Choice Band|[from] move: Knock Off|[of] p1a: Incineroar
|
|-heal|p1b: Porygon2|94/100|[from] Grassy Terrain
|-heal|p1a: Incineroar|100/100|[from] Grassy Terrain
|upkeep
|turn|3
|inactive|freudianbreath has 30 seconds left.
|inactive|freudianbreath has 20 seconds left.
|inactive|freudianbreath has 15 seconds left.
|inactive|freudianbreath has 10 seconds left.
|inactive|freudianbreath has 5 seconds left.
|
|t:|1756780355
|switch|p2b: Gholdengo|Gholdengo, L50|100/100
|move|p2a: Rillaboom|Wood Hammer|p1b: Porygon2
|-damage|p1b: Porygon2|60/100
|-damage|p2a: Rillaboom|90/100|[from] Recoil
|move|p1b: Porygon2|Ice Beam|p2b: Gholdengo
|-resisted|p2b: Gholdengo
|-damage|p2b: Gholdengo|77/100
|move|p1a: Incineroar|Flare Blitz|p2a: Rillaboom
|-supereffective|p2a: Rillaboom
|-damage|p2a: Rillaboom|0 fnt
|faint|p2a: Rillaboom
|-damage|p1a: Incineroar|70/100|[from] Recoil
|
|-heal|p2b: Gholdengo|83/100|[from] Grassy Terrain
|-heal|p1b: Porygon2|67/100|[from] Grassy Terrain
|-heal|p1a: Incineroar|76/100|[from] Grassy Terrain
|upkeep
|
|t:|1756780374
|switch|p2a: Magmar|Magmar, L50, F|100/100
|turn|4
|inactive|freudianbreath has 30 seconds left.
|inactive|RinnyRooVGC has 30 seconds left.
|inactive|freudianbreath has 20 seconds left.
|inactive|RinnyRooVGC has 20 seconds left.
|
|t:|1756780417
|move|p2a: Magmar|Follow Me|p2a: Magmar
|-singleturn|p2a: Magmar|move: Follow Me
|move|p2b: Gholdengo|Make It Rain|p1b: Porygon2|[spread] p1a,p1b
|-resisted|p1a: Incineroar
|-damage|p1a: Incineroar|42/100
|-damage|p1b: Porygon2|16/100
|-unboost|p2b: Gholdengo|spa|1
|move|p1a: Incineroar|Knock Off|p2a: Magmar
|-damage|p2a: Magmar|69/100
|-enditem|p2a: Magmar|Eviolite|[from] move: Knock Off|[of] p1a: Incineroar
|move|p1b: Porygon2|Trick Room|p1b: Porygon2
|-fieldstart|move: Trick Room|[of] p1b: Porygon2
|
|-heal|p1a: Incineroar|48/100|[from] Grassy Terrain
|-heal|p1b: Porygon2|22/100|[from] Grassy Terrain
|-heal|p2a: Magmar|75/100|[from] Grassy Terrain
|-heal|p2b: Gholdengo|89/100|[from] Grassy Terrain
|upkeep
|turn|5
|inactive|RinnyRooVGC has 30 seconds left.
|inactive|freudianbreath has 30 seconds left.
|inactive|freudianbreath has 20 seconds left.
|inactive|freudianbreath has 15 seconds left.
|
|t:|1756780459
|switch|p2b: Dragonite|Dragonite, L50, M|60/100 slp
|move|p2a: Magmar|Follow Me|p2a: Magmar
|-singleturn|p2a: Magmar|move: Follow Me
|move|p1a: Incineroar|Parting Shot|p2a: Magmar
|-unboost|p2a: Magmar|atk|1
|-unboost|p2a: Magmar|spa|1
|
|t:|1756780466
|switch|p1a: Amoonguss|Amoonguss, L50, M|80/100|[from] Parting Shot
|move|p1b: Porygon2|Recover|p1b: Porygon2
|-heal|p1b: Porygon2|72/100
|
|-heal|p1a: Amoonguss|86/100|[from] Grassy Terrain
|-heal|p1b: Porygon2|79/100|[from] Grassy Terrain
|-heal|p2a: Magmar|81/100|[from] Grassy Terrain
|-fieldend|move: Grassy Terrain
|upkeep
|turn|6
|inactive|freudianbreath has 30 seconds left.
|
|t:|1756780494
|move|p2a: Magmar|Follow Me|p2a: Magmar
|-singleturn|p2a: Magmar|move: Follow Me
|move|p1a: Amoonguss|Spore|p2a: Magmar
|-status|p2a: Magmar|slp|[from] move: Spore
|move|p1b: Porygon2|Tera Blast|p2a: Magmar
|-damage|p2a: Magmar|23/100 slp
|-curestatus|p2b: Dragonite|slp|[msg]
|move|p2b: Dragonite|Ice Spinner|p1a: Amoonguss
|-supereffective|p1a: Amoonguss
|-damage|p1a: Amoonguss|34/100
|
|upkeep
|turn|7
|inactive|freudianbreath has 30 seconds left.
|inactive|RinnyRooVGC has 30 seconds left.
|inactive|freudianbreath has 20 seconds left.
|
|t:|1756780532
|switch|p1a: Gholdengo|Gholdengo, L50|100/100
|-terastallize|p2b: Dragonite|Normal
|move|p2b: Dragonite|Extreme Speed|p1a: Gholdengo
|-immune|p1a: Gholdengo
|move|p1b: Porygon2|Ice Beam|p2b: Dragonite
|-damage|p2b: Dragonite|21/100
|cant|p2a: Magmar|slp
|
|upkeep
|turn|8
|inactive|RinnyRooVGC has 30 seconds left.
|inactive|freudianbreath has 30 seconds left.
|inactive|freudianbreath has 20 seconds left.
|
|t:|1756780570
|move|p1b: Porygon2|Ice Beam|p2b: Dragonite
|-damage|p2b: Dragonite|0 fnt
|faint|p2b: Dragonite
|move|p1a: Gholdengo|Shadow Ball|p2a: Magmar
|-damage|p2a: Magmar|0 fnt
|faint|p2a: Magmar
|-damage|p1a: Gholdengo|91/100|[from] item: Life Orb
|
|-fieldend|move: Trick Room
|upkeep
|-message|freudianbreath forfeited.
|
|win|RinnyRooVGC
