|j|☆munchlaxfortnite
|j|☆wizzcoaster
|html|munchlaxfortnitewizzcoaster    
|uhtml|bestof|Game 3 of a best-of-3
|t:|1784427732
|gametype|doubles
|player|p1|munchlaxfortnite|1|1132
|player|p2|wizzcoaster|adaman-masters|1252
|gen|9
|tier|[Gen 9 Champions] VGC 2026 Reg M-B (Bo3)
|rated|
|rule|Species Clause: Limit one of each Pokémon
|rule|Item Clause: Limit 1 of each item
|clearpoke
|poke|p1|Froslass, L50, F|
|poke|p1|Scovillain, L50, M|
|poke|p1|Lycanroc-Dusk, L50, F|
|poke|p1|Kingambit, L50, M|
|poke|p1|Sneasler, L50, F|
|poke|p1|Basculegion, L50, M|
|poke|p2|Froslass, L50, F|
|poke|p2|Toxapex, L50, M|
|poke|p2|Kingambit, L50, F|
|poke|p2|Blaziken, L50, F|
|poke|p2|Hydreigon, L50, F|
|poke|p2|Floette-Eternal, L50, F|
|teampreview|4
|showteam|p1|Froslass||Froslassite|CursedBody|Blizzard,ShadowBall,Thunderbolt,AuroraVeil|Modest||F|||50|]Scovillain||Scovillainite|Moody|Overheat,GigaDrain,RagePowder,Protect|Modest||M|||50|]Lycanroc-Dusk||FocusSash|ToughClaws|RockSlide,CloseCombat,Accelerock,Protect|Adamant||F|||50|]Kingambit||BlackGlasses|Defiant|KowtowCleave,SuckerPunch,SwordsDance,Protect|Adamant||M|||50|]Sneasler||WhiteHerb|Unburden|GunkShot,CloseCombat,RockSlide,FakeOut|Jolly||F|||50|]Basculegion||SitrusBerry|Adaptability|WaveCrash,LastRespects,AquaJet,Protect|Adamant||M|||50|
|showteam|p2|Froslass||Froslassite|CursedBody|Blizzard,ShadowBall,AuroraVeil,Protect|Timid||F|||50|]Toxapex||Leftovers|Regenerator|Infestation,Toxic,WideGuard,BanefulBunker|Bold||M|||50|]Kingambit||BlackGlasses|Defiant|KowtowCleave,IronHead,SuckerPunch,Protect|Adamant||F|||50|]Blaziken||Blazikenite|SpeedBoost|CloseCombat,FlareBlitz,RockSlide,Protect|Adamant||F|||50|]Hydreigon||RoseliBerry|Levitate|Snarl,DracoMeteor,DarkPulse,Protect|Modest||F|||50|]Floette-Eternal||ChoiceScarf|FlowerVeil|Moonblast,DazzlingGleam,GrassKnot,Psychic|Modest||F|||50|
|
|t:|1784427832
|teamsize|p1|4
|teamsize|p2|4
|start
|switch|p1a: Sneasler|Sneasler, L50, F|100/100
|switch|p1b: Basculegion|Basculegion, L50, M|100/100
|switch|p2a: Blaziken|Blaziken, L50, F|100/100
|switch|p2b: Floette|Floette-Eternal, L50, F|100/100
|turn|1
|
|t:|1784427850
|switch|p2b: Kingambit|Kingambit, L50, F|100/100
|detailschange|p2a: Blaziken|Blaziken-Mega, L50, F
|-mega|p2a: Blaziken|Blaziken|Blazikenite
|move|p1a: Sneasler|Gunk Shot|p2b: Kingambit
|-immune|p2b: Kingambit
|move|p2a: Blaziken|Flare Blitz|p1a: Sneasler
|-damage|p1a: Sneasler|0 fnt
|faint|p1a: Sneasler
|-damage|p2a: Blaziken|68/100|[from] Recoil
|move|p1b: Basculegion|Wave Crash|p2a: Blaziken
|-supereffective|p2a: Blaziken|1
|-damage|p2a: Blaziken|0 fnt
|faint|p2a: Blaziken
|-damage|p1b: Basculegion|80/100|[from] Recoil
|
|upkeep
|inactive|Battle timer is ON: inactive players will automatically lose when time's up. (requested by munchlaxfortnite)
|
|t:|1784427889
|switch|p1a: Froslass|Froslass, L50, F|100/100
|switch|p2a: Hydreigon|Hydreigon, L50, F|100/100
|turn|2
|inactive|munchlaxfortnite has 30 seconds left.
|inactive|wizzcoaster has 30 seconds left.
|inactive|wizzcoaster has 20 seconds left.
|inactive|wizzcoaster has 15 seconds left.
|inactive|wizzcoaster has 10 seconds left.
|inactive|wizzcoaster has 5 seconds left.
|
|t:|1784427944
|detailschange|p1a: Froslass|Froslass-Mega, L50, F
|-mega|p1a: Froslass|Froslass|Froslassite
|-weather|Snowscape|[from] ability: Snow Warning|[of] p1a: Froslass
|move|p1b: Basculegion|Protect|p1b: Basculegion
|-singleturn|p1b: Basculegion|Protect
|move|p1a: Froslass|Aurora Veil|p1a: Froslass
|-sidestart|p1: munchlaxfortnite|move: Aurora Veil
|move|p2a: Hydreigon|Snarl|p1a: Froslass|[spread] p1a
|-activate|p1b: Basculegion|move: Protect
|-supereffective|p1a: Froslass|1
|-damage|p1a: Froslass|67/100
|-unboost|p1a: Froslass|spa|1
|move|p2b: Kingambit|Kowtow Cleave|p1b: Basculegion
|-activate|p1b: Basculegion|move: Protect
|
|-weather|Snowscape|[upkeep]
|upkeep
|turn|3
|inactive|wizzcoaster has 30 seconds left.
|
|t:|1784427975
|move|p1a: Froslass|Blizzard|p2b: Kingambit|[spread] p2a,p2b
|-supereffective|p2a: Hydreigon|1
|-resisted|p2b: Kingambit|1
|-damage|p2a: Hydreigon|36/100
|-damage|p2b: Kingambit|85/100
|move|p2a: Hydreigon|Snarl|p1b: Basculegion|[spread] p1a,p1b
|-supereffective|p1a: Froslass|1
|-supereffective|p1b: Basculegion|1
|-damage|p1a: Froslass|36/100
|-damage|p1b: Basculegion|48/100
|-unboost|p1a: Froslass|spa|1
|-unboost|p1b: Basculegion|spa|1
|-enditem|p1b: Basculegion|Sitrus Berry|[eat]
|-heal|p1b: Basculegion|73/100|[from] item: Sitrus Berry
|move|p1b: Basculegion|Wave Crash|p2b: Kingambit
|-damage|p2b: Kingambit|36/100
|-damage|p1b: Basculegion|56/100|[from] Recoil
|move|p2b: Kingambit|Kowtow Cleave|p1b: Basculegion
|-supereffective|p1b: Basculegion|1
|-damage|p1b: Basculegion|0 fnt
|faint|p1b: Basculegion
|
|-weather|Snowscape|[upkeep]
|upkeep
|
|t:|1784427994
|switch|p1b: Kingambit|Kingambit, L50, M|100/100
|turn|4
|
|t:|1784428010
|move|p1b: Kingambit|Sucker Punch|p2b: Kingambit
|-resisted|p2b: Kingambit|1
|-damage|p2b: Kingambit|17/100
|move|p1a: Froslass|Blizzard|p2a: Hydreigon|[spread] p2a,p2b
|-supereffective|p2a: Hydreigon|1
|-resisted|p2b: Kingambit|1
|-damage|p2a: Hydreigon|0 fnt
|-damage|p2b: Kingambit|5/100
|faint|p2a: Hydreigon
|move|p2b: Kingambit|Kowtow Cleave|p1b: Kingambit
|-resisted|p1b: Kingambit|1
|-damage|p1b: Kingambit|85/100
|
|-weather|Snowscape|[upkeep]
|upkeep
|
|t:|1784428016
|switch|p2a: Floette|Floette-Eternal, L50, F|100/100
|turn|5
|
|t:|1784428030
|move|p2b: Kingambit|Protect|p2b: Kingambit
|-singleturn|p2b: Kingambit|Protect
|move|p2a: Floette|Moonblast|p1a: Froslass
|-crit|p1a: Froslass
|-damage|p1a: Froslass|0 fnt
|faint|p1a: Froslass
|move|p1b: Kingambit|Kowtow Cleave|p2a: Floette
|-resisted|p2a: Floette|1
|-damage|p2a: Floette|48/100
|
|-weather|Snowscape|[upkeep]
|upkeep
|turn|6
|
|t:|1784428047
|move|p1b: Kingambit|Sucker Punch|p2b: Kingambit
|-resisted|p2b: Kingambit|1
|-damage|p2b: Kingambit|0 fnt
|faint|p2b: Kingambit
|move|p2a: Floette|Moonblast|p1b: Kingambit
|-damage|p1b: Kingambit|50/100g
|
|-weather|none
|-sideend|p1: munchlaxfortnite|move: Aurora Veil
|upkeep
|turn|7
|
|t:|1784428063
|move|p1b: Kingambit|Sucker Punch|p2a: Floette
|-resisted|p2a: Floette|1
|-damage|p2a: Floette|8/100
|move|p2a: Floette|Moonblast|p1b: Kingambit
|-damage|p1b: Kingambit|0 fnt
|faint|p1b: Kingambit
|
|win|wizzcoaster
|raw|munchlaxfortnite's rating: 1132 → 1115(-17 for losing)
|raw|wizzcoaster's rating: 1252 → 1269(+17 for winning)
