|j|☆tbpgerard
|j|☆ApeEnjoyerr
|html|tbpgerardApeEnjoyerr    
|uhtml|bestof|Game 3 of a best-of-3
|t:|1757638201
|gametype|doubles
|player|p1|tbpgerard|guitarist|1110
|player|p2|ApeEnjoyerr|li|1156
|gen|9
|tier|[Gen 9] VGC 2025 Reg H (Bo3)
|rated|
|rule|Species Clause: Limit one of each Pokémon
|rule|Item Clause: Limit 1 of each item
|clearpoke
|poke|p1|Indeedee-F, L50, F|
|poke|p1|Hatterene, L50, F|
|poke|p1|Gallade, L50, M|
|poke|p1|Ursaluna, L50, M|
|poke|p1|Lilligant-Hisui, L50, F|
|poke|p1|Torkoal, L50, M|
|poke|p2|Pelipper, L50, F|
|poke|p2|Basculegion, L50, M|
|poke|p2|Incineroar, L50, M|
|poke|p2|Archaludon, L50, F|
|poke|p2|Sinistcha, L50|
|poke|p2|Ursaluna, L50, M|
|teampreview|4
|showteam|p1|Indeedee-F||SafetyGoggles|PsychicSurge|DazzlingGleam,FollowMe,HelpingHand,TrickRoom|||F|||50|,,,,,Fairy]Hatterene||LifeOrb|MagicBounce|ExpandingForce,DazzlingGleam,Protect,TrickRoom|||F|||50|,,,,,Water]Gallade||ClearAmulet|Sharpness|SacredSword,PsychoCut,WideGuard,TrickRoom|||M|||50|,,,,,Grass]Ursaluna||FlameOrb|Guts|Facade,HeadlongRush,Substitute,Protect|||M|||50|,,,,,Ghost]Lilligant-Hisui||FocusSash|Chlorophyll|CloseCombat,LeafBlade,SleepPowder,AfterYou|||F|||50|,,,,,Ghost]Torkoal||ChoiceSpecs|Drought|Eruption,HeatWave,Flamethrower,ClearSmog|||M|||50|,,,,,Fire
|showteam|p2|Pelipper||FocusSash|Drizzle|Hurricane,WeatherBall,Tailwind,Protect|||F|||50|,,,,,Stellar]Basculegion||ChoiceBand|SwiftSwim|WaveCrash,LastRespects,AquaJet,FlipTurn|||M|||50|,,,,,Water]Incineroar||SafetyGoggles|Intimidate|KnockOff,FakeOut,Taunt,PartingShot|||M|||50|,,,,,Flying]Archaludon||AssaultVest|Stamina|ElectroShot,DragonPulse,FlashCannon,BodyPress|||F|||50|,,,,,Grass]Sinistcha||SitrusBerry|Hospitality|MatchaGotcha,RagePowder,LifeDew,TrickRoom||||||50|,,,,,Water]Ursaluna||FlameOrb|Guts|HeadlongRush,Facade,Earthquake,Protect|||M|||50|,,,,,Ghost
|inactive|Battle timer is ON: inactive players will automatically lose when time's up. (requested by ApeEnjoyerr)
|inactive|tbpgerard has 60 seconds left.
|
|t:|1757638290
|teamsize|p1|4
|teamsize|p2|4
|start
|switch|p1a: labubu|Indeedee-F, L50, F|100/100
|switch|p1b: clairo|Hatterene, L50, F, shiny|100/100
|switch|p2a: Basculegion|Basculegion, L50, M|100/100
|switch|p2b: Incineroar|Incineroar, L50, M|100/100
|-ability|p2b: Incineroar|Intimidate|boost
|-unboost|p1a: labubu|atk|1
|-unboost|p1b: clairo|atk|1
|-fieldstart|move: Psychic Terrain|[from] ability: Psychic Surge|[of] p1a: labubu
|turn|1
|inactive|tbpgerard has 30 seconds left.
|inactive|tbpgerard has 20 seconds left.
|
|t:|1757638329
|switch|p1b: fem lit|Torkoal, L50, M|100/100
|-weather|SunnyDay|[from] ability: Drought|[of] p1b: fem lit
|-terastallize|p2a: Basculegion|Water
|move|p2a: Basculegion|Wave Crash|p1a: labubu
|-damage|p1a: labubu|39/100
|-damage|p2a: Basculegion|82/100|[from] Recoil
|move|p2b: Incineroar|Parting Shot|p1b: fem lit
|-unboost|p1b: fem lit|atk|1
|-unboost|p1b: fem lit|spa|1
|
|t:|1757638345
|switch|p2b: Pelipper|Pelipper, L50, F|100/100|[from] Parting Shot
|-weather|RainDance|[from] ability: Drizzle|[of] p2b: Pelipper
|move|p1a: labubu|Trick Room|p1a: labubu
|-fieldstart|move: Trick Room|[of] p1a: labubu
|
|-weather|RainDance|[upkeep]
|upkeep
|turn|2
|
|t:|1757638366
|move|p1b: fem lit|Heat Wave|p2a: Basculegion|[spread] p2a,p2b
|-resisted|p2a: Basculegion
|-resisted|p2b: Pelipper
|-damage|p2a: Basculegion|73/100
|-damage|p2b: Pelipper|88/100
|-status|p2a: Basculegion|brn
|move|p1a: labubu|Dazzling Gleam|p2a: Basculegion|[spread] p2a,p2b
|-damage|p2a: Basculegion|58/100 brn
|-damage|p2b: Pelipper|64/100
|move|p2b: Pelipper|Weather Ball|p1a: labubu
|-damage|p1a: labubu|0 fnt
|faint|p1a: labubu
|move|p2a: Basculegion|Wave Crash|p1b: fem lit
|-supereffective|p1b: fem lit
|-damage|p1b: fem lit|0 fnt
|faint|p1b: fem lit
|-damage|p2a: Basculegion|29/100 brn|[from] Recoil
|
|-weather|RainDance|[upkeep]
|-damage|p2a: Basculegion|23/100 brn|[from] brn
|upkeep
|
|t:|1757638375
|switch|p1b: clairo|Hatterene, L50, F, shiny|100/100
|switch|p1a: matcha|Gallade, L50, M|100/100
|turn|3
|inactive|ApeEnjoyerr has 30 seconds left.
|
|t:|1757638400
|move|p2b: Pelipper|Protect|p2b: Pelipper
|-singleturn|p2b: Pelipper|Protect
|move|p1b: clairo|Expanding Force|p2a: Basculegion|[spread] p2a
|-activate|p2b: Pelipper|move: Protect
|-damage|p2a: Basculegion|0 fnt
|faint|p2a: Basculegion
|-damage|p1b: clairo|91/100|[from] item: Life Orb
|move|p1a: matcha|Sacred Sword|p2b: Pelipper
|-activate|p2b: Pelipper|move: Protect
|
|-weather|RainDance|[upkeep]
|upkeep
|
|t:|1757638416
|switch|p2a: Incineroar|Incineroar, L50, M|100/100
|-ability|p2a: Incineroar|Intimidate|boost
|-fail|p1a: matcha|unboost|[from] item: Clear Amulet|[of] p1a: matcha
|-unboost|p1b: clairo|atk|1
|turn|4
|inactive|ApeEnjoyerr has 30 seconds left.
|inactive|ApeEnjoyerr has 20 seconds left.
|inactive|ApeEnjoyerr has 15 seconds left.
|
|t:|1757638458
|switch|p2b: Ursaluna|Ursaluna, L50, M|100/100
|-terastallize|p1b: clairo|Water
|move|p1b: clairo|Expanding Force|p2b: Ursaluna|[spread] p2b
|-immune|p2a: Incineroar
|-damage|p2b: Ursaluna|15/100
|-damage|p1b: clairo|82/100|[from] item: Life Orb
|move|p1a: matcha|Sacred Sword|p2a: Incineroar
|-supereffective|p2a: Incineroar
|-crit|p2a: Incineroar
|-damage|p2a: Incineroar|0 fnt
|faint|p2a: Incineroar
|
|-weather|RainDance|[upkeep]
|-status|p2b: Ursaluna|brn|[from] item: Flame Orb
|upkeep
|
|t:|1757638473
|switch|p2a: Pelipper|Pelipper, L50, F|64/100
|turn|5
|inactive|ApeEnjoyerr has 30 seconds left.
|inactive|ApeEnjoyerr has 20 seconds left.
|inactive|ApeEnjoyerr has 15 seconds left.
|
|t:|1757638513
|move|p2b: Ursaluna|Protect|p2b: Ursaluna
|-singleturn|p2b: Ursaluna|Protect
|move|p2a: Pelipper|Protect|p2a: Pelipper
|-singleturn|p2a: Pelipper|Protect
|move|p1b: clairo|Expanding Force|p2a: Pelipper|[spread] 
|-activate|p2a: Pelipper|move: Protect
|-activate|p2b: Ursaluna|move: Protect
|move|p1a: matcha|Psycho Cut|p2a: Pelipper
|-activate|p2a: Pelipper|move: Protect
|
|-weather|none
|-damage|p2b: Ursaluna|9/100 brn|[from] brn
|-fieldend|move: Trick Room
|-fieldend|move: Psychic Terrain
|upkeep
|turn|6
|inactive|tbpgerard has 30 seconds left.
|inactive|ApeEnjoyerr has 30 seconds left.
|inactive|ApeEnjoyerr has 20 seconds left.
|inactive|tbpgerard has 20 seconds left.
|inactive|ApeEnjoyerr has 15 seconds left.
|inactive|ApeEnjoyerr has 10 seconds left.
|
|t:|1757638561
|move|p1b: clairo|Protect|p1b: clairo
|-singleturn|p1b: clairo|Protect
|move|p2a: Pelipper|Hurricane|p1a: matcha|[miss]
|-miss|p2a: Pelipper|p1a: matcha
|move|p2b: Ursaluna|Facade|p1a: matcha
|-damage|p1a: matcha|0 fnt
|faint|p1a: matcha
|
|-damage|p2b: Ursaluna|3/100 brn|[from] brn
|upkeep
|turn|7
|
|t:|1757638585
|move|p1b: clairo|Protect||[still]
|-fail|p1b: clairo
|move|p2a: Pelipper|Hurricane|p1b: clairo
|-damage|p1b: clairo|29/100
|-start|p1b: clairo|confusion
|move|p2b: Ursaluna|Facade|p1b: clairo
|-damage|p1b: clairo|0 fnt
|faint|p1b: clairo
|
|win|ApeEnjoyerr
|raw|tbpgerard's rating: 1110 → 1088(-22 for losing)
|raw|ApeEnjoyerr's rating: 1156 → 1178(+22 for winning)
|l|☆ApeEnjoyerr
|player|p2|
