|j|☆parmesanlugubre206
|j|☆Marvcolor
|html|parmesanlugubre206Marvcolor    
|uhtml|bestof|Game 3 of a best-of-3
|t:|1784219194
|gametype|doubles
|player|p1|parmesanlugubre206|ethan|1203
|player|p2|Marvcolor|giovanni|1319
|gen|9
|tier|[Gen 9 Champions] VGC 2026 Reg M-B (Bo3)
|rated|
|rule|Species Clause: Limit one of each Pokémon
|rule|Item Clause: Limit 1 of each item
|clearpoke
|poke|p1|Pelipper, L50, M|
|poke|p1|Archaludon, L50, M|
|poke|p1|Alakazam, L50, M|
|poke|p1|Basculegion, L50, M|
|poke|p1|Swampert, L50, F|
|poke|p1|Meowscarada, L50, F|
|poke|p2|Gengar, L50, F, shiny|
|poke|p2|Politoed, L50, M, shiny|
|poke|p2|Archaludon, L50, M, shiny|
|poke|p2|Swampert, L50, F, shiny|
|poke|p2|Incineroar, L50, F, shiny|
|poke|p2|Vivillon, L50, M, shiny|
|teampreview|4
|showteam|p1|Pelipper||LifeOrb|Drizzle|WeatherBall,Hurricane,Tailwind,WideGuard|Modest||M|||50|]Archaludon||Leftovers|Stamina|ElectroShot,Snarl,DragonPulse,Protect|Modest||M|||50|]Alakazam||Alakazite|InnerFocus|Psychic,RainDance,SpeedSwap,LightScreen|Timid||M|||50|]Basculegion||MysticWater|Adaptability|WaveCrash,LastRespects,AquaJet,Protect|Adamant||M|||50|]Swampert||Swampertite|Torrent|WaveCrash,Earthquake,IcePunch,Protect|Adamant||F|||50|]Meowscarada||ChoiceScarf|Protean|FlowerTrick,KnockOff,TripleAxel,Uturn|Jolly||F|||50|
|showteam|p2|Gengar||Gengarite|CursedBody|ShadowBall,SludgeBomb,PerishSong,Protect|Modest||F|||50|]Politoed||SitrusBerry|Drizzle|WeatherBall,PerishSong,Encore,Protect|Calm||M|||50|]Archaludon||Leftovers|Stamina|ElectroShot,DragonPulse,FlashCannon,Protect|Bold||M|||50|]Swampert||Swampertite|Damp|WaveCrash,Earthquake,IcePunch,Protect|Adamant||F|||50|]Incineroar||PasshoBerry|Intimidate|ThroatChop,PartingShot,Protect,FakeOut|Sassy||F|||50|]Vivillon||FocusSash|CompoundEyes|Hurricane,SleepPowder,RagePowder,Protect|Timid||M|||50|
|inactive|Battle timer is ON: inactive players will automatically lose when time's up. (requested by Marvcolor)
|inactive|parmesanlugubre206 also wants the timer to be on.
|
|t:|1784219210
|teamsize|p1|4
|teamsize|p2|4
|start
|switch|p1a: Alakazam|Alakazam, L50, M|100/100
|switch|p1b: Archaludon|Archaludon, L50, M|100/100
|switch|p2a: Mishra|Gengar, L50, F, shiny|100/100
|switch|p2b: Mankira|Incineroar, L50, F, shiny|100/100
|-ability|p2b: Mankira|Intimidate|boost
|-fail|p1a: Alakazam|unboost|Attack|[from] ability: Inner Focus|[of] p1a: Alakazam
|-unboost|p1b: Archaludon|atk|1
|turn|1
|
|t:|1784219221
|switch|p1b: Pelipper|Pelipper, L50, M|100/100
|-weather|RainDance|[from] ability: Drizzle|[of] p1b: Pelipper
|detailschange|p2a: Mishra|Gengar-Mega, L50, F, shiny
|-mega|p2a: Mishra|Gengar|Gengarite
|move|p2b: Mankira|Fake Out|p1a: Alakazam
|-damage|p1a: Alakazam|75/100
|move|p1a: Alakazam|Psychic|p2a: Mishra
|-supereffective|p2a: Mishra|1
|-damage|p2a: Mishra|7/100
|move|p2a: Mishra|Perish Song|p2a: Mishra
|-start|p1a: Alakazam|perish3|[silent]
|-start|p1b: Pelipper|perish3|[silent]
|-start|p2a: Mishra|perish3|[silent]
|-start|p2b: Mankira|perish3|[silent]
|-fieldactivate|move: Perish Song
|
|-weather|RainDance|[upkeep]
|-start|p1a: Alakazam|perish3
|-start|p2a: Mishra|perish3
|-start|p1b: Pelipper|perish3
|-start|p2b: Mankira|perish3
|upkeep
|turn|2
|
|t:|1784219239
|move|p2a: Mishra|Protect|p2a: Mishra
|-singleturn|p2a: Mishra|Protect
|move|p2b: Mankira|Protect|p2b: Mankira
|-singleturn|p2b: Mankira|Protect
|move|p1a: Alakazam|Speed Swap|p1b: Pelipper
|-activate|p1a: Alakazam|move: Speed Swap|[of] p1b: Pelipper
|move|p1b: Pelipper|Weather Ball|p2b: Mankira
|-activate|p2b: Mankira|move: Protect
|
|-weather|RainDance|[upkeep]
|-start|p1b: Pelipper|perish2
|-start|p2a: Mishra|perish2
|-start|p1a: Alakazam|perish2
|-start|p2b: Mankira|perish2
|upkeep
|turn|3
|
|t:|1784219256
|switch|p2a: Centralian|Archaludon, L50, M, shiny|100/100
|detailschange|p1a: Alakazam|Alakazam-Mega, L50, M
|-mega|p1a: Alakazam|Alakazam|Alakazite
|-ability|p1a: Alakazam|Stamina|Trace|[from] ability: Trace|[of] p2a: Centralian
|move|p1a: Alakazam|Psychic|p2a: Centralian
|-resisted|p2a: Centralian|1
|-damage|p2a: Centralian|73/100
|-ability|p2a: Centralian|Stamina|boost
|-boost|p2a: Centralian|def|1
|move|p1b: Pelipper|Weather Ball|p2a: Centralian
|-resisted|p2a: Centralian|1
|-damage|p2a: Centralian|28/100
|-ability|p2a: Centralian|Stamina|boost
|-boost|p2a: Centralian|def|1
|-damage|p1b: Pelipper|90/100|[from] item: Life Orb
|move|p2b: Mankira|Parting Shot|p1a: Alakazam
|-unboost|p1a: Alakazam|atk|1
|-unboost|p1a: Alakazam|spa|1
|
|t:|1784219272
|switch|p2b: Mishra|Gengar-Mega, L50, F, shiny|7/100|[from] Parting Shot
|
|-weather|RainDance|[upkeep]
|-heal|p2a: Centralian|34/100|[from] item: Leftovers
|-start|p1a: Alakazam|perish1
|-start|p1b: Pelipper|perish1
|upkeep
|turn|4
|
|t:|1784219279
|switch|p2a: Mankira|Incineroar, L50, F, shiny|100/100
|-ability|p2a: Mankira|Intimidate|boost
|-unboost|p1a: Alakazam|atk|1
|-unboost|p1b: Pelipper|atk|1
|move|p2b: Mishra|Protect|p2b: Mishra
|-singleturn|p2b: Mishra|Protect
|move|p1a: Alakazam|Light Screen|p1a: Alakazam
|-sidestart|p1: parmesanlugubre206|move: Light Screen
|move|p1b: Pelipper|Tailwind|p1b: Pelipper
|-sidestart|p1: parmesanlugubre206|move: Tailwind
|
|-weather|RainDance|[upkeep]
|-start|p1a: Alakazam|perish0
|-start|p1b: Pelipper|perish0
|faint|p1a: Alakazam
|faint|p1b: Pelipper
|upkeep
|
|t:|1784219282
|switch|p1a: Archaludon|Archaludon, L50, M|100/100
|switch|p1b: Meowscarada|Meowscarada, L50, F|100/100
|turn|5
|inactive|Marvcolor has 30 seconds left.
|
|t:|1784219313
|switch|p2b: Time Walk|Vivillon, L50, M, shiny|100/100
|move|p2a: Mankira|Fake Out|p1a: Archaludon
|-resisted|p1a: Archaludon|1
|-damage|p1a: Archaludon|96/100
|-ability|p1a: Archaludon|Stamina|boost
|-boost|p1a: Archaludon|def|1
|move|p1b: Meowscarada|Flower Trick|p2b: Time Walk
|-start|p1b: Meowscarada|typechange|Grass|[from] ability: Protean
|-resisted|p2b: Time Walk|2
|-crit|p2b: Time Walk
|-damage|p2b: Time Walk|74/100
|cant|p1a: Archaludon|flinch
|
|-weather|none
|-heal|p1a: Archaludon|100/100|[from] item: Leftovers
|upkeep
|turn|6
|
|t:|1784219337
|move|p1b: Meowscarada|Flower Trick|p2a: Mankira
|-resisted|p2a: Mankira|1
|-crit|p2a: Mankira
|-damage|p2a: Mankira|79/100
|move|p1a: Archaludon|Electro Shot||[still]
|-prepare|p1a: Archaludon|Electro Shot
|-boost|p1a: Archaludon|spa|1
|move|p2b: Time Walk|Sleep Powder|p1a: Archaludon
|-status|p1a: Archaludon|slp|[from] move: Sleep Powder
|move|p2a: Mankira|Parting Shot|p1a: Archaludon
|-unboost|p1a: Archaludon|atk|1
|-unboost|p1a: Archaludon|spa|1
|-message|parmesanlugubre206 forfeited.
|
|win|Marvcolor
|raw|parmesanlugubre206's rating: 1203 → 1186(-17 for losing)
|raw|Marvcolor's rating: 1319 → 1333(+14 for winning)
|l|☆parmesanlugubre206
|player|p1|
