|j|☆veryreally
|j|☆FastForwardMyGame
|html|veryreallyFastForwardMyGame    
|uhtml|bestof|Game 2 of a best-of-3
|t:|1756897827
|gametype|doubles
|player|p1|veryreally|266|1147
|player|p2|FastForwardMyGame|cyclist|1097
|gen|9
|tier|[Gen 9] VGC 2025 Reg H (Bo3)
|rated|
|rule|Species Clause: Limit one of each Pokémon
|rule|Item Clause: Limit 1 of each item
|clearpoke
|poke|p1|Baxcalibur, L50, F|
|poke|p1|Dondozo, L50, M|
|poke|p1|Kingambit, L50, M|
|poke|p1|Rillaboom, L50, M|
|poke|p1|Sneasler, L50, F|
|poke|p1|Volcarona, L50, M|
|poke|p2|Sunflora, L50, M|
|poke|p2|Indeedee-F, L50, F|
|poke|p2|Torkoal, L50, M|
|poke|p2|Gallade, L50, M|
|poke|p2|Ursaluna, L50, F|
|poke|p2|Hatterene, L50, F|
|teampreview|4
|showteam|p1|Baxcalibur||LoadedDice|ThermalExchange|IcicleSpear,ScaleShot,Protect,IceShard|||F|||50|,,,,,Ghost]Dondozo||Leftovers|Unaware|Liquidation,Fissure,Protect,Yawn|||M|||50|,,,,,Bug]Kingambit||SafetyGoggles|Defiant|KowtowCleave,SuckerPunch,Protect,SwordsDance|||M|||50|,,,,,Dark]Rillaboom||AssaultVest|GrassySurge|FakeOut,GrassyGlide,HighHorsepower,WoodHammer|||M|||50|,,,,,Water]Sneasler||FocusSash|Unburden|DireClaw,CloseCombat,Protect,Coaching|||F|||50|,,,,,Stellar]Volcarona||CovertCloak|FlameBody|HeatWave,TeraBlast,RagePowder,QuiverDance|||M|||50|,,,,,Fairy
|showteam|p2|Sunflora||LifeOrb|SolarPower|EarthPower,WeatherBall,EnergyBall,Protect|||M|||50|,,,,,Fire]Indeedee-F||EjectButton|PsychicSurge|FollowMe,HelpingHand,TrickRoom,TeraBlast|||F|||50|,,,,,Dark]Torkoal||EjectPack|Drought|Eruption,HelpingHand,SunnyDay,Overheat|||M|||50|,,,,,Grass]Gallade||PsychicSeed|Sharpness|TrickRoom,SacredSword,PsychoCut,WideGuard|||M|||50|,,,,,Fire]Ursaluna||FlameOrb|Guts|Facade,HeadlongRush,Protect,Crunch|||F|||50|,,,,,Ghost]Hatterene||CovertCloak|MagicBounce|TrickRoom,ExpandingForce,DazzlingGleam,MagicPowder|||F|||50|,,,,,Water
|inactive|Battle timer is ON: inactive players will automatically lose when time's up. (requested by FastForwardMyGame)
|inactive|veryreally also wants the timer to be on.
|
|t:|1756897837
|teamsize|p1|4
|teamsize|p2|4
|start
|switch|p1a: Sneasler|Sneasler, L50, F|100/100
|switch|p1b: Baxcalibur|Baxcalibur, L50, F|100/100
|switch|p2a: Amiable|Indeedee-F, L50, F|100/100
|switch|p2b: Queen Virgo|Hatterene, L50, F, shiny|100/100
|-fieldstart|move: Psychic Terrain|[from] ability: Psychic Surge|[of] p2a: Amiable
|turn|1
|inactive|FastForwardMyGame has 30 seconds left.
|
|t:|1756897868
|-terastallize|p2b: Queen Virgo|Water
|move|p2a: Amiable|Follow Me|p2a: Amiable
|-singleturn|p2a: Amiable|move: Follow Me
|move|p1a: Sneasler|Dire Claw|p2a: Amiable
|-damage|p2a: Amiable|63/100
|-enditem|p2a: Amiable|Eject Button
|
|t:|1756897874
|switch|p2a: Anger|Torkoal, L50, M|100/100
|-weather|SunnyDay|[from] ability: Drought|[of] p2a: Anger
|move|p1b: Baxcalibur|Icicle Spear|p2b: Queen Virgo
|-resisted|p2b: Queen Virgo
|-damage|p2b: Queen Virgo|93/100
|-resisted|p2b: Queen Virgo
|-damage|p2b: Queen Virgo|84/100
|-resisted|p2b: Queen Virgo
|-damage|p2b: Queen Virgo|75/100
|-resisted|p2b: Queen Virgo
|-damage|p2b: Queen Virgo|68/100
|-resisted|p2b: Queen Virgo
|-damage|p2b: Queen Virgo|60/100
|-hitcount|p2b: Queen Virgo|5
|move|p2b: Queen Virgo|Trick Room|p2b: Queen Virgo
|-fieldstart|move: Trick Room|[of] p2b: Queen Virgo
|
|-weather|SunnyDay|[upkeep]
|upkeep
|turn|2
|
|t:|1756897896
|move|p1b: Baxcalibur|Protect|p1b: Baxcalibur
|-singleturn|p1b: Baxcalibur|Protect
|move|p1a: Sneasler|Protect|p1a: Sneasler
|-singleturn|p1a: Sneasler|Protect
|move|p2a: Anger|Eruption|p1b: Baxcalibur|[spread] 
|-activate|p1a: Sneasler|move: Protect
|-activate|p1b: Baxcalibur|move: Protect
|move|p2b: Queen Virgo|Expanding Force|p1a: Sneasler|[spread] 
|-activate|p1a: Sneasler|move: Protect
|-activate|p1b: Baxcalibur|move: Protect
|
|-weather|SunnyDay|[upkeep]
|upkeep
|turn|3
|
|t:|1756897911
|move|p2a: Anger|Eruption|p1a: Sneasler|[spread] p1a,p1b
|-enditem|p1a: Sneasler|Focus Sash
|-damage|p1a: Sneasler|1/100
|-damage|p1b: Baxcalibur|28/100
|-ability|p1b: Baxcalibur|Thermal Exchange|boost
|-boost|p1b: Baxcalibur|atk|1
|move|p2b: Queen Virgo|Expanding Force|p1b: Baxcalibur|[spread] p1a,p1b
|-supereffective|p1a: Sneasler
|-damage|p1a: Sneasler|0 fnt
|-damage|p1b: Baxcalibur|0 fnt
|faint|p1a: Sneasler
|faint|p1b: Baxcalibur
|
|-weather|SunnyDay|[upkeep]
|upkeep
|
|t:|1756897914
|switch|p1b: Dondozo|Dondozo, L50, M|100/100
|switch|p1a: Rillaboom|Rillaboom, L50, M|100/100
|-fieldstart|move: Grassy Terrain|[from] ability: Grassy Surge|[of] p1a: Rillaboom
|turn|4
|c|☆FastForwardMyGame|i thought themral exchange was an imunity
|inactive|FastForwardMyGame has 30 seconds left.
|
|t:|1756897940
|switch|p2b: Amiable|Indeedee-F, L50, F|63/100
|-fieldstart|move: Psychic Terrain|[from] ability: Psychic Surge|[of] p2b: Amiable
|-terastallize|p1a: Rillaboom|Water
|move|p2a: Anger|Overheat|p1a: Rillaboom
|-resisted|p1a: Rillaboom
|-damage|p1a: Rillaboom|71/100
|-unboost|p2a: Anger|spa|2
|-enditem|p2a: Anger|Eject Pack
|
|t:|1756897949
|switch|p2a: Queen Virgo|Hatterene, L50, F, shiny, tera:Water|60/100
|move|p1b: Dondozo|Yawn|p2a: Queen Virgo
|move|p2a: Queen Virgo|Yawn|p1b: Dondozo|[from] ability: Magic Bounce
|-start|p1b: Dondozo|move: Yawn|[of] p2a: Queen Virgo
|move|p1a: Rillaboom|Wood Hammer|p2b: Amiable
|-damage|p2b: Amiable|4/100
|-damage|p1a: Rillaboom|53/100|[from] Recoil
|
|-weather|SunnyDay|[upkeep]
|upkeep
|turn|5
|
|t:|1756897963
|move|p2b: Amiable|Helping Hand|p2a: Queen Virgo
|-singleturn|p2a: Queen Virgo|Helping Hand|[of] p2b: Amiable
|move|p2a: Queen Virgo|Expanding Force|p1a: Rillaboom|[spread] p1a,p1b
|-damage|p1a: Rillaboom|5/100
|-damage|p1b: Dondozo|49/100
|move|p1b: Dondozo|Liquidation|p2b: Amiable
|-damage|p2b: Amiable|0 fnt
|faint|p2b: Amiable
|move|p1a: Rillaboom|High Horsepower|p2a: Queen Virgo
|-damage|p2a: Queen Virgo|25/100
|
|-weather|none
|-heal|p1b: Dondozo|55/100|[from] item: Leftovers
|-end|p1b: Dondozo|move: Yawn|[silent]
|-status|p1b: Dondozo|slp
|-fieldend|move: Trick Room
|upkeep
|-message|veryreally forfeited.
|
|win|FastForwardMyGame
|raw|veryreally's rating: 1147 → 1118(-29 for losing)
|raw|FastForwardMyGame's rating: 1097 → 1126(+29 for winning)
|l|☆veryreally
|player|p1|
