|j|☆Caporosso74
|j|☆Daniw9
|html|Caporosso74Daniw9    
|uhtml|bestof|Game 1 of a best-of-3
|t:|1756453719
|gametype|doubles
|player|p1|Caporosso74|101|1039
|player|p2|Daniw9|101|1126
|gen|9
|tier|[Gen 9] VGC 2025 Reg H (Bo3)
|rated|
|rule|Species Clause: Limit one of each Pokémon
|rule|Item Clause: Limit 1 of each item
|clearpoke
|poke|p1|Pelipper, L50, F|
|poke|p1|Basculegion, L50, M|
|poke|p1|Archaludon, L50, F|
|poke|p1|Rillaboom, L50, M|
|poke|p1|Dragonite, L50, F|
|poke|p1|Gholdengo, L50|
|poke|p2|Garchomp, L50, F|
|poke|p2|Tyranitar, L50, M|
|poke|p2|Delphox, L50, M|
|poke|p2|Indeedee-F, L50, F|
|poke|p2|Gallade, L50, M|
|poke|p2|Whimsicott, L50, F|
|teampreview|4
|showteam|p1|Pelipper||CovertCloak|Drizzle|Hurricane,Protect,WeatherBall,Tailwind|||F|||50|,,,,,Flying]Basculegion||LifeOrb|SwiftSwim|LastRespects,AquaJet,WaveCrash,PsychicFangs|||M|||50|,,,,,Water]Archaludon||SafetyGoggles|Stamina|DragonPulse,ElectroShot,FlashCannon,Protect|||F|||50|,,,,,Electric]Rillaboom||AssaultVest|GrassySurge|FakeOut,WoodHammer,GrassyGlide,Uturn|||M|||50|,,,,,Water]Dragonite||ChoiceBand|Multiscale|IceSpinner,ExtremeSpeed,LowKick,StompingTantrum|||F|||50|,,,,,Normal]Gholdengo||FocusSash|GoodasGold|Protect,ShadowBall,MakeItRain,NastyPlot||||||50|,,,,,Steel
|showteam|p2|Garchomp||LifeOrb|SandVeil|Earthquake,StompingTantrum,Protect,DragonClaw|||F|||50|,,,,,Steel]Tyranitar||AssaultVest|SandStream|RockSlide,TeraBlast,KnockOff,LowKick|||M|||50|,,,,,Flying]Delphox||PsychicSeed|Magician|ExpandingForce,HeatWave,TeraBlast,Protect|||M|||50|,,,,,Fairy]Indeedee-F||SafetyGoggles|PsychicSurge|DazzlingGleam,TrickRoom,FollowMe,HelpingHand|||F|||50|,,,,,Water]Gallade||ClearAmulet|Sharpness|SacredSword,PsychoCut,TrickRoom,Protect|||M|||50|,,,,,Grass]Whimsicott||CovertCloak|Prankster|Moonblast,Tailwind,Encore,Protect|||F|||50|,,,,,Ghost
|
|t:|1756453773
|teamsize|p1|4
|teamsize|p2|4
|start
|switch|p1a: Dragonite|Dragonite, L50, F|100/100
|switch|p1b: Pelipper|Pelipper, L50, F|100/100
|switch|p2a: Indeedee|Indeedee-F, L50, F|100/100
|switch|p2b: Gallade|Gallade, L50, M|100/100
|-weather|RainDance|[from] ability: Drizzle|[of] p1b: Pelipper
|-fieldstart|move: Psychic Terrain|[from] ability: Psychic Surge|[of] p2a: Indeedee
|turn|1
|
|t:|1756453798
|switch|p2a: Tyranitar|Tyranitar, L50, M|100/100
|-weather|Sandstorm|[from] ability: Sand Stream|[of] p2a: Tyranitar
|move|p1a: Dragonite|Ice Spinner|p2a: Tyranitar
|-damage|p2a: Tyranitar|70/100
|-fieldend|move: Psychic Terrain
|move|p1b: Pelipper|Hurricane|p2b: Gallade
|-supereffective|p2b: Gallade
|-damage|p2b: Gallade|12/100
|move|p2b: Gallade|Trick Room|p2b: Gallade
|-fieldstart|move: Trick Room|[of] p2b: Gallade
|
|-weather|Sandstorm|[upkeep]
|-damage|p1b: Pelipper|95/100|[from] Sandstorm
|-damage|p2b: Gallade|6/100|[from] Sandstorm
|-damage|p1a: Dragonite|94/100|[from] Sandstorm
|upkeep
|turn|2
|
|t:|1756453822
|switch|p1a: Rillaboom|Rillaboom, L50, M|100/100
|-fieldstart|move: Grassy Terrain|[from] ability: Grassy Surge|[of] p1a: Rillaboom
|move|p1b: Pelipper|Protect|p1b: Pelipper
|-singleturn|p1b: Pelipper|Protect
|move|p2a: Tyranitar|Rock Slide|p1b: Pelipper|[spread] p1a
|-activate|p1b: Pelipper|move: Protect
|-damage|p1a: Rillaboom|67/100
|move|p2b: Gallade|Psycho Cut|p1a: Rillaboom
|-damage|p1a: Rillaboom|7/100
|
|-weather|Sandstorm|[upkeep]
|-damage|p1b: Pelipper|89/100|[from] Sandstorm
|-damage|p2b: Gallade|0 fnt|[from] Sandstorm
|-damage|p1a: Rillaboom|2/100|[from] Sandstorm
|faint|p2b: Gallade
|-heal|p2a: Tyranitar|76/100|[from] Grassy Terrain
|-heal|p1a: Rillaboom|7/100|[from] Grassy Terrain
|upkeep
|
|t:|1756453838
|switch|p2b: Indeedee|Indeedee-F, L50, F|100/100
|-fieldstart|move: Psychic Terrain|[from] ability: Psychic Surge|[of] p2b: Indeedee
|turn|3
|
|t:|1756453859
|switch|p1b: Archaludon|Archaludon, L50, F|100/100
|switch|p1a: Dragonite|Dragonite, L50, F|94/100
|move|p2b: Indeedee|Dazzling Gleam|p1a: Dragonite|[spread] p1a,p1b
|-supereffective|p1a: Dragonite
|-damage|p1a: Dragonite|68/100
|-damage|p1b: Archaludon|79/100
|-ability|p1b: Archaludon|Stamina|boost
|-boost|p1b: Archaludon|def|1
|move|p2a: Tyranitar|Knock Off|p1b: Archaludon
|-damage|p1b: Archaludon|48/100
|-ability|p1b: Archaludon|Stamina|boost
|-boost|p1b: Archaludon|def|1
|-enditem|p1b: Archaludon|Safety Goggles|[from] move: Knock Off|[of] p2a: Tyranitar
|
|-weather|Sandstorm|[upkeep]
|-damage|p1a: Dragonite|62/100|[from] Sandstorm
|upkeep
|turn|4
|
|t:|1756453876
|-terastallize|p2a: Tyranitar|Flying
|move|p2b: Indeedee|Dazzling Gleam|p1b: Archaludon|[spread] p1a,p1b
|-supereffective|p1a: Dragonite
|-crit|p1b: Archaludon
|-damage|p1a: Dragonite|35/100
|-damage|p1b: Archaludon|16/100
|-ability|p1b: Archaludon|Stamina|boost
|-boost|p1b: Archaludon|def|1
|move|p2a: Tyranitar|Rock Slide|p1b: Archaludon|[spread] p1b
|-miss|p2a: Tyranitar|p1a: Dragonite
|-resisted|p1b: Archaludon
|-damage|p1b: Archaludon|10/100
|-ability|p1b: Archaludon|Stamina|boost
|-boost|p1b: Archaludon|def|1
|move|p1b: Archaludon|Flash Cannon|p2a: Tyranitar
|-damage|p2a: Tyranitar|49/100
|move|p1a: Dragonite|Ice Spinner|p2b: Indeedee
|-damage|p2b: Indeedee|63/100
|-fieldend|move: Psychic Terrain
|
|-weather|Sandstorm|[upkeep]
|-damage|p2a: Tyranitar|43/100|[from] Sandstorm
|-damage|p1a: Dragonite|29/100|[from] Sandstorm
|upkeep
|turn|5
|
|t:|1756453908
|switch|p2a: Garchomp|Garchomp, L50, F|100/100
|switch|p1a: Rillaboom|Rillaboom, L50, M|7/100
|-fieldstart|move: Grassy Terrain|[from] ability: Grassy Surge|[of] p1a: Rillaboom
|move|p1b: Archaludon|Protect|p1b: Archaludon
|-singleturn|p1b: Archaludon|Protect
|move|p2b: Indeedee|Follow Me|p2b: Indeedee
|-singleturn|p2b: Indeedee|move: Follow Me
|
|-weather|none
|-heal|p2b: Indeedee|69/100|[from] Grassy Terrain
|-heal|p1b: Archaludon|16/100|[from] Grassy Terrain
|-heal|p1a: Rillaboom|13/100|[from] Grassy Terrain
|-fieldend|move: Trick Room
|upkeep
|turn|6
|
|t:|1756453923
|switch|p2b: Tyranitar|Tyranitar, L50, M, tera:Flying|43/100
|-weather|Sandstorm|[from] ability: Sand Stream|[of] p2b: Tyranitar
|move|p2a: Garchomp|Protect|p2a: Garchomp
|-singleturn|p2a: Garchomp|Protect
|move|p1a: Rillaboom|Fake Out|p2b: Tyranitar
|-damage|p2b: Tyranitar|33/100
|move|p1b: Archaludon|Dragon Pulse|p2a: Garchomp
|-activate|p2a: Garchomp|move: Protect
|
|-weather|Sandstorm|[upkeep]
|-damage|p1a: Rillaboom|7/100|[from] Sandstorm
|-damage|p2b: Tyranitar|27/100|[from] Sandstorm
|-heal|p1a: Rillaboom|13/100|[from] Grassy Terrain
|-heal|p1b: Archaludon|22/100|[from] Grassy Terrain
|upkeep
|turn|7
|
|t:|1756453945
|switch|p2b: Indeedee|Indeedee-F, L50, F|69/100
|-fieldstart|move: Psychic Terrain|[from] ability: Psychic Surge|[of] p2b: Indeedee
|move|p2a: Garchomp|Earthquake|p1b: Archaludon|[spread] p2b,p1a,p1b
|-resisted|p1a: Rillaboom
|-supereffective|p1b: Archaludon
|-damage|p2b: Indeedee|20/100
|-damage|p1a: Rillaboom|0 fnt
|-damage|p1b: Archaludon|0 fnt
|faint|p1a: Rillaboom
|faint|p1b: Archaludon
|-damage|p2a: Garchomp|91/100|[from] item: Life Orb
|
|-weather|Sandstorm|[upkeep]
|upkeep
|
|t:|1756453954
|switch|p1a: Dragonite|Dragonite, L50, F|29/100
|switch|p1b: Pelipper|Pelipper, L50, F|89/100
|-weather|RainDance|[from] ability: Drizzle|[of] p1b: Pelipper
|turn|8
|
|t:|1756453968
|switch|p2b: Tyranitar|Tyranitar, L50, M, tera:Flying|27/100
|-weather|Sandstorm|[from] ability: Sand Stream|[of] p2b: Tyranitar
|move|p2a: Garchomp|Dragon Claw|p1a: Dragonite
|-supereffective|p1a: Dragonite
|-damage|p1a: Dragonite|0 fnt
|faint|p1a: Dragonite
|-damage|p2a: Garchomp|81/100|[from] item: Life Orb
|move|p1b: Pelipper|Weather Ball|p2b: Tyranitar
|-supereffective|p2b: Tyranitar
|-damage|p2b: Tyranitar|0 fnt
|faint|p2b: Tyranitar
|
|-weather|Sandstorm|[upkeep]
|-damage|p1b: Pelipper|83/100|[from] Sandstorm
|upkeep
|
|t:|1756453979
|switch|p2b: Indeedee|Indeedee-F, L50, F|20/100
|turn|9
|
|t:|1756453984
|move|p2b: Indeedee|Helping Hand|p2a: Garchomp
|-singleturn|p2a: Garchomp|Helping Hand|[of] p2b: Indeedee
|move|p2a: Garchomp|Dragon Claw|p1b: Pelipper
|-damage|p1b: Pelipper|0 fnt
|faint|p1b: Pelipper
|-damage|p2a: Garchomp|71/100|[from] item: Life Orb
|
|win|Daniw9
||Caporosso74 is ready for game 2.
||Daniw9 is ready for game 2.
|uhtml|next|Next: Game 2 of 3
