|j|☆yenjang
|j|☆bearlover997
|html|yenjangbearlover997    
|uhtml|bestof|Game 2 of a best-of-3
|t:|1786187034
|gametype|doubles
|player|p1|yenjang|cynthia-gen4|1156
|player|p2|bearlover997|sage|1093
|gen|9
|tier|[Gen 9 Champions] VGC 2026 Reg M-B (Bo3)
|rated|
|rule|Species Clause: Limit one of each Pokémon
|rule|Item Clause: Limit 1 of each item
|clearpoke
|poke|p1|Raichu, L50, M, shiny|
|poke|p1|Sylveon, L50, F, shiny|
|poke|p1|Arcanine-Hisui, L50, M, shiny|
|poke|p1|Kingambit, L50, M, shiny|
|poke|p1|Farigiraf, L50, F, shiny|
|poke|p1|Staraptor, L50, M, shiny|
|poke|p2|Dragalge, L50, M, shiny|
|poke|p2|Sinistcha, L50|
|poke|p2|Incineroar, L50, M|
|poke|p2|Grimmsnarl, L50, M|
|poke|p2|Lopunny, L50, F, shiny|
|poke|p2|Tyrantrum, L50, M, shiny|
|teampreview|4
|showteam|p1|Raichu||RaichuniteY|LightningRod|ZapCannon,FocusBlast,Protect,FakeOut|Timid||M|||50|]Sylveon||FairyFeather|Pixilate|HyperVoice,HyperBeam,Detect,QuickAttack|Modest||F|||50|]Arcanine-Hisui||FocusSash|RockHead|HeadSmash,FlareBlitz,Protect,ExtremeSpeed|Jolly||M|||50|]Kingambit||LifeOrb|Defiant|SuckerPunch,KowtowCleave,LowKick,Protect|Adamant||M|||50|]Farigiraf||SitrusBerry|ArmorTail|Thunderbolt,Psychic,HelpingHand,TrickRoom|Calm||F|||50|]Staraptor||Staraptite|Intimidate|CloseCombat,DualWingbeat,Protect,Tailwind|Jolly||M|||50|
|showteam|p2|Dragalge||Dragalgite|PoisonPoint|DracoMeteor,SludgeBomb,FlipTurn,Toxic|Calm||M|||50|]Sinistcha||ColburBerry|Hospitality|MatchaGotcha,StrengthSap,RagePowder,Protect|Bold|||||50|]Incineroar||SitrusBerry|Intimidate|FakeOut,PartingShot,WillOWisp,FlareBlitz|Adamant||M|||50|]Grimmsnarl||LightClay|Prankster|LightScreen,Reflect,PartingShot,SpiritBreak|Careful||M|||50|]Lopunny||Lopunnite|Limber|CloseCombat,Encore,FakeOut,Uturn|Jolly||F|||50|]Tyrantrum||LifeOrb|RockHead|HeadSmash,DragonDance,DragonClaw,Protect|Adamant||M|||50|
|inactive|Battle timer is ON: inactive players will automatically lose when time's up. (requested by bearlover997)
|inactive|yenjang has 60 seconds left.
|inactive|yenjang has 30 seconds left.
|
|t:|1786187099
|teamsize|p1|4
|teamsize|p2|4
|start
|switch|p1a: Raichu|Raichu, L50, M, shiny|100/100
|switch|p1b: Staraptor|Staraptor, L50, M, shiny|100/100
|switch|p2a: Lopunny|Lopunny, L50, F, shiny|100/100
|switch|p2b: Grimmsnarl|Grimmsnarl, L50, M|100/100
|-ability|p1b: Staraptor|Intimidate|boost
|-unboost|p2a: Lopunny|atk|1
|-unboost|p2b: Grimmsnarl|atk|1
|turn|1
|inactive|yenjang has 30 seconds left.
|
|t:|1786187130
|switch|p2a: Sinistcha|Sinistcha, L50|100/100
|move|p1a: Raichu|Fake Out|p2a: Sinistcha
|-immune|p2a: Sinistcha
|move|p1b: Staraptor|Tailwind|p1b: Staraptor
|-sidestart|p1: yenjang|move: Tailwind
|move|p2b: Grimmsnarl|Spirit Break|p1a: Raichu
|-damage|p1a: Raichu|67/100
|-unboost|p1a: Raichu|spa|1
|
|upkeep
|turn|2
|inactive|yenjang has 30 seconds left.
|
|t:|1786187164
|switch|p1a: Kingambit|Kingambit, L50, M, shiny|100/100
|detailschange|p1b: Staraptor|Staraptor-Mega, L50, M, shiny
|-mega|p1b: Staraptor|Staraptor|Staraptite
|move|p2b: Grimmsnarl|Reflect|p2b: Grimmsnarl
|-sidestart|p2: bearlover997|Reflect
|move|p1b: Staraptor|Dual Wingbeat|p2a: Sinistcha
|-supereffective|p2a: Sinistcha|1
|-damage|p2a: Sinistcha|82/100
|-supereffective|p2a: Sinistcha|1
|-damage|p2a: Sinistcha|64/100
|-hitcount|p2a: Sinistcha|2
|move|p2a: Sinistcha|Matcha Gotcha|p1b: Staraptor|[spread] p1a,p1b
|-resisted|p1a: Kingambit|1
|-resisted|p1b: Staraptor|1
|-damage|p1a: Kingambit|89/100
|-heal|p2a: Sinistcha|70/100|[from] drain|[of] p1a: Kingambit
|-damage|p1b: Staraptor|87/100
|-heal|p2a: Sinistcha|76/100|[from] drain|[of] p1b: Staraptor
|-status|p1a: Kingambit|brn
|
|-damage|p1a: Kingambit|84/100 brn|[from] brn
|upkeep
|turn|3
|inactive|yenjang has 30 seconds left.
|inactive|bearlover997 has 30 seconds left.
|inactive|yenjang has 20 seconds left.
|inactive|bearlover997 has 20 seconds left.
|inactive|yenjang has 15 seconds left.
|
|t:|1786187209
|switch|p2b: Lopunny|Lopunny, L50, F, shiny|100/100
|move|p2a: Sinistcha|Protect|p2a: Sinistcha
|-singleturn|p2a: Sinistcha|Protect
|move|p1b: Staraptor|Close Combat|p2b: Lopunny
|-supereffective|p2b: Lopunny|1
|-damage|p2b: Lopunny|1/100
|-boost|p1b: Staraptor|def|1
|-boost|p1b: Staraptor|spd|1
|move|p1a: Kingambit|Kowtow Cleave|p2a: Sinistcha
|-activate|p2a: Sinistcha|move: Protect
|
|-damage|p1a: Kingambit|78/100 brn|[from] brn
|upkeep
|turn|4
|inactive|bearlover997 has 30 seconds left.
|
|t:|1786187235
|detailschange|p2b: Lopunny|Lopunny-Mega, L50, F, shiny
|-mega|p2b: Lopunny|Lopunny|Lopunnite
|move|p2b: Lopunny|Fake Out|p1b: Staraptor
|-damage|p1b: Staraptor|74/100
|move|p1a: Kingambit|Sucker Punch||[still]
|-fail|p1a: Kingambit
|cant|p1b: Staraptor|flinch
|move|p2a: Sinistcha|Matcha Gotcha|p1a: Kingambit|[spread] p1a
|-miss|p2a: Sinistcha|p1b: Staraptor
|-resisted|p1a: Kingambit|1
|-damage|p1a: Kingambit|68/100 brn
|-heal|p2a: Sinistcha|83/100|[from] drain|[of] p1a: Kingambit
|
|-damage|p1a: Kingambit|62/100 brn|[from] brn
|-sideend|p1: yenjang|move: Tailwind
|upkeep
|turn|5
|inactive|yenjang has 30 seconds left.
|inactive|bearlover997 has 30 seconds left.
|inactive|yenjang has 20 seconds left.
|inactive|yenjang has 15 seconds left.
|inactive|yenjang has 10 seconds left.
|inactive|bearlover997 has 20 seconds left.
|
|t:|1786187285
|switch|p2a: Tyrantrum|Tyrantrum, L50, M, shiny|100/100
|move|p1a: Kingambit|Sucker Punch|p2b: Lopunny
|-resisted|p2b: Lopunny|1
|-damage|p2b: Lopunny|0 fnt
|faint|p2b: Lopunny
|-damage|p1a: Kingambit|52/100 brn|[from] item: Life Orb
|move|p1b: Staraptor|Dual Wingbeat|p2a: Tyrantrum|[miss]
|-miss|p1b: Staraptor|p2a: Tyrantrum
|
|-damage|p1a: Kingambit|46/100 brn|[from] brn
|upkeep
|
|t:|1786187296
|switch|p2b: Sinistcha|Sinistcha, L50|83/100
|turn|6
|inactive|yenjang has 30 seconds left.
|
|t:|1786187323
|move|p2b: Sinistcha|Rage Powder|p2b: Sinistcha
|-singleturn|p2b: Sinistcha|move: Rage Powder
|move|p1b: Staraptor|Dual Wingbeat|p2b: Sinistcha
|-supereffective|p2b: Sinistcha|1
|-damage|p2b: Sinistcha|64/100
|-supereffective|p2b: Sinistcha|1
|-damage|p2b: Sinistcha|46/100
|-hitcount|p2b: Sinistcha|2
|move|p2a: Tyrantrum|Head Smash|p1b: Staraptor
|-damage|p1b: Staraptor|10/100
|-damage|p2a: Tyrantrum|90/100|[from] item: Life Orb
|move|p1a: Kingambit|Kowtow Cleave|p2b: Sinistcha
|-supereffective|p2b: Sinistcha|1
|-enditem|p2b: Sinistcha|Colbur Berry|[eat]
|-enditem|p2b: Sinistcha|Colbur Berry|[weaken]
|-damage|p2b: Sinistcha|32/100
|-damage|p1a: Kingambit|37/100 brn|[from] item: Life Orb
|
|-damage|p1a: Kingambit|31/100 brn|[from] brn
|upkeep
|turn|7
|inactive|yenjang has 30 seconds left.
|inactive|yenjang has 20 seconds left.
|inactive|yenjang has 15 seconds left.
|
|t:|1786187368
|move|p2a: Tyrantrum|Protect|p2a: Tyrantrum
|-singleturn|p2a: Tyrantrum|Protect
|move|p1a: Kingambit|Sucker Punch||[still]
|-fail|p1a: Kingambit
|move|p1b: Staraptor|Close Combat|p2a: Tyrantrum
|-activate|p2a: Tyrantrum|move: Protect
|move|p2b: Sinistcha|Matcha Gotcha|p1a: Kingambit|[spread] p1a,p1b
|-resisted|p1a: Kingambit|1
|-resisted|p1b: Staraptor|1
|-damage|p1a: Kingambit|22/100 brn
|-heal|p2b: Sinistcha|37/100|[from] drain|[of] p1a: Kingambit
|-damage|p1b: Staraptor|2/100
|-heal|p2b: Sinistcha|42/100|[from] drain|[of] p1b: Staraptor
|
|-damage|p1a: Kingambit|16/100 brn|[from] brn
|upkeep
|turn|8
|
|t:|1786187392
|switch|p2a: Grimmsnarl|Grimmsnarl, L50, M|100/100
|move|p1a: Kingambit|Sucker Punch||[still]
|-fail|p1a: Kingambit
|move|p1b: Staraptor|Close Combat|p2a: Grimmsnarl
|-damage|p2a: Grimmsnarl|51/100
|-boost|p1b: Staraptor|def|1
|-boost|p1b: Staraptor|spd|1
|move|p2b: Sinistcha|Strength Sap|p2a: Grimmsnarl
|-unboost|p2a: Grimmsnarl|atk|1
|-heal|p2b: Sinistcha|100/100
|
|-damage|p1a: Kingambit|11/100 brn|[from] brn
|upkeep
|turn|9
|inactive|yenjang has 30 seconds left.
|
|t:|1786187423
|move|p1b: Staraptor|Close Combat|p2a: Grimmsnarl
|-damage|p2a: Grimmsnarl|7/100
|-boost|p1b: Staraptor|def|1
|-boost|p1b: Staraptor|spd|1
|move|p2b: Sinistcha|Matcha Gotcha|p1b: Staraptor|[spread] p1a
|-miss|p2b: Sinistcha|p1b: Staraptor
|-resisted|p1a: Kingambit|1
|-damage|p1a: Kingambit|2/100 brn
|move|p2a: Grimmsnarl|Spirit Break|p1b: Staraptor
|-supereffective|p1b: Staraptor|1
|-damage|p1b: Staraptor|0 fnt
|faint|p1b: Staraptor
|move|p1a: Kingambit|Kowtow Cleave|p2b: Sinistcha
|-supereffective|p2b: Sinistcha|1
|-damage|p2b: Sinistcha|71/100
|-damage|p1a: Kingambit|0 fnt|[from] item: Life Orb
|faint|p1a: Kingambit
|
|-sideend|p2: bearlover997|Reflect
|upkeep
|inactive|yenjang has 30 seconds left.
|
|t:|1786187452
|switch|p1b: Raichu|Raichu, L50, M, shiny|67/100
|switch|p1a: Arcanine|Arcanine-Hisui, L50, M, shiny|100/100
|turn|10
|inactive|bearlover997 has 30 seconds left.
|
|t:|1786187485
|switch|p2a: Tyrantrum|Tyrantrum, L50, M, shiny|90/100
|move|p1b: Raichu|Fake Out|p2a: Tyrantrum
|-resisted|p2a: Tyrantrum|1
|-damage|p2a: Tyrantrum|86/100
|move|p1a: Arcanine|Flare Blitz|p2b: Sinistcha
|-supereffective|p2b: Sinistcha|1
|-damage|p2b: Sinistcha|0 fnt
|faint|p2b: Sinistcha
|
|upkeep
|
|t:|1786187495
|switch|p2b: Grimmsnarl|Grimmsnarl, L50, M|7/100
|turn|11
|
|t:|1786187503
|move|p1b: Raichu|Protect|p1b: Raichu
|-singleturn|p1b: Raichu|Protect
|move|p1a: Arcanine|Protect|p1a: Arcanine
|-singleturn|p1a: Arcanine|Protect
|move|p2b: Grimmsnarl|Light Screen|p2b: Grimmsnarl
|-sidestart|p2: bearlover997|move: Light Screen
|move|p2a: Tyrantrum|Head Smash|p1a: Arcanine
|-activate|p1a: Arcanine|move: Protect
|
|upkeep
|turn|12
|
|t:|1786187525
|move|p1a: Arcanine|Extreme Speed|p2b: Grimmsnarl
|-damage|p2b: Grimmsnarl|0 fnt
|faint|p2b: Grimmsnarl
|move|p1b: Raichu|Focus Blast|p2a: Tyrantrum
|-supereffective|p2a: Tyrantrum|1
|-damage|p2a: Tyrantrum|26/100
|move|p2a: Tyrantrum|Head Smash|p1b: Raichu
|-crit|p1b: Raichu
|-damage|p1b: Raichu|0 fnt
|faint|p1b: Raichu
|-damage|p2a: Tyrantrum|16/100|[from] item: Life Orb
|
|upkeep
|turn|13
|
|t:|1786187543
|move|p1a: Arcanine|Protect|p1a: Arcanine
|-singleturn|p1a: Arcanine|Protect
|move|p2a: Tyrantrum|Head Smash|p1a: Arcanine
|-activate|p1a: Arcanine|move: Protect
|
|upkeep
|turn|14
|
|t:|1786187557
|move|p1a: Arcanine|Flare Blitz|p2a: Tyrantrum
|-resisted|p2a: Tyrantrum|2
|-damage|p2a: Tyrantrum|2/100
|move|p2a: Tyrantrum|Head Smash|p1a: Arcanine
|-supereffective|p1a: Arcanine|1
|-enditem|p1a: Arcanine|Focus Sash
|-damage|p1a: Arcanine|1/100
|-damage|p2a: Tyrantrum|0 fnt|[from] item: Life Orb
|faint|p2a: Tyrantrum
|
|win|yenjang
|raw|yenjang's rating: 1156 → 1177(+21 for winning)
|raw|bearlover997's rating: 1093 → 1073(-20 for losing)
