|j|☆iLouca
|j|☆ZeGaboVGC
|html|iLoucaZeGaboVGC    
|uhtml|bestof|Game 2 of a best-of-3
|t:|1756565998
|gametype|doubles
|player|p1|iLouca|acetrainer|1201
|player|p2|ZeGaboVGC|benga|1177
|gen|9
|tier|[Gen 9] VGC 2025 Reg H (Bo3)
|rated|
|rule|Species Clause: Limit one of each Pokémon
|rule|Item Clause: Limit 1 of each item
|clearpoke
|poke|p1|Charizard, L50, M|
|poke|p1|Dragapult, L50, M|
|poke|p1|Ursaluna, L50, M|
|poke|p1|Hydreigon, L50, M|
|poke|p1|Whimsicott, L50, F|
|poke|p1|Torkoal, L50, M|
|poke|p2|Incineroar, L50, M|
|poke|p2|Amoonguss, L50, F|
|poke|p2|Ursaluna-Bloodmoon, L50, M|
|poke|p2|Sneasler, L50, F|
|poke|p2|Gholdengo, L50|
|poke|p2|Dragonite, L50, F|
|teampreview|4
|showteam|p1|Charizard||ChoiceSpecs|SolarPower|HeatWave,Overheat,AirSlash,SolarBeam|||M|||50|,,,,,Ghost]Dragapult||ChoiceBand|ClearBody|DragonDarts,PhantomForce,PsychicFangs,Uturn|||M|||50|,,,,,Dragon]Ursaluna||FlameOrb|Guts|Facade,HeadlongRush,Earthquake,Protect|||M|||50|,,,,,Ghost]Hydreigon||CovertCloak|Levitate|DracoMeteor,DarkPulse,HeatWave,Tailwind|||M|||50|,,,,,Fire]Whimsicott||FocusSash|Prankster|Moonblast,SunnyDay,Tailwind,TrickRoom|||F|||50|,,,,,Ghost]Torkoal||EjectPack|Drought|Eruption,Overheat,HelpingHand,Protect|||M|||50|,,,,,Fire
|showteam|p2|Incineroar||SafetyGoggles|Intimidate|FlareBlitz,KnockOff,PartingShot,FakeOut|||M|||50|,,,,,Ghost]Amoonguss||SitrusBerry|Regenerator|Spore,RagePowder,PollenPuff,Protect|||F|||50|,,,,,Dark]Ursaluna-Bloodmoon||AssaultVest|MindsEye|HyperVoice,BloodMoon,EarthPower,VacuumWave|||M|||50|,,,,,Water]Sneasler||FocusSash|Unburden|CloseCombat,DireClaw,ThroatChop,Protect|||F|||50|,,,,,Stellar]Gholdengo||LifeOrb|GoodasGold|MakeItRain,ShadowBall,NastyPlot,Protect||||||50|,,,,,Water]Dragonite||LoadedDice|Multiscale|ScaleShot,Tailwind,Haze,Protect|||F|||50|,,,,,Fairy
|inactive|Battle timer is ON: inactive players will automatically lose when time's up. (requested by ZeGaboVGC)
|
|t:|1756566016
|teamsize|p1|4
|teamsize|p2|4
|start
|switch|p1a: Hydreigon|Hydreigon, L50, M|100/100
|switch|p1b: Dragapult|Dragapult, L50, M|100/100
|switch|p2a: Incineroar|Incineroar, L50, M|100/100
|switch|p2b: Dragonite|Dragonite, L50, F|100/100
|-ability|p2a: Incineroar|Intimidate|boost
|-unboost|p1a: Hydreigon|atk|1
|-fail|p1b: Dragapult|unboost|[from] ability: Clear Body|[of] p1b: Dragapult
|turn|1
|inactive|ZeGaboVGC has 30 seconds left.
|
|t:|1756566048
|-terastallize|p1a: Hydreigon|Fire
|-terastallize|p2b: Dragonite|Fairy
|move|p1b: Dragapult|Dragon Darts|p2a: Incineroar
|-damage|p2a: Incineroar|66/100
|-anim|p1b: Dragapult|Dragon Darts|p2a: Incineroar
|-damage|p2a: Incineroar|33/100
|move|p1a: Hydreigon|Heat Wave|p2b: Dragonite|[spread] p2a,p2b
|-resisted|p2a: Incineroar
|-damage|p2a: Incineroar|19/100
|-damage|p2b: Dragonite|82/100
|move|p2b: Dragonite|Tailwind|p2b: Dragonite
|-sidestart|p2: ZeGaboVGC|move: Tailwind
|move|p2a: Incineroar|Parting Shot|p1b: Dragapult
|-fail|p1b: Dragapult|unboost|[from] ability: Clear Body|[of] p1b: Dragapult
|
|upkeep
|turn|2
|inactive|iLouca has 30 seconds left.
|
|t:|1756566074
|switch|p2a: Ursaluna|Ursaluna-Bloodmoon, L50, M|100/100
|move|p2b: Dragonite|Scale Shot|p1b: Dragapult
|-supereffective|p1b: Dragapult
|-damage|p1b: Dragapult|57/100
|-supereffective|p1b: Dragapult
|-damage|p1b: Dragapult|19/100
|-supereffective|p1b: Dragapult
|-damage|p1b: Dragapult|0 fnt
|faint|p1b: Dragapult
|-hitcount|p1: Dragapult|3
|-unboost|p2b: Dragonite|def|1
|-boost|p2b: Dragonite|spe|1
|move|p1a: Hydreigon|Tailwind|p1a: Hydreigon
|-sidestart|p1: iLouca|move: Tailwind
|
|upkeep
|
|t:|1756566091
|switch|p1b: Ursaluna|Ursaluna, L50, M|100/100
|turn|3
|
|t:|1756566102
|switch|p2a: Incineroar|Incineroar, L50, M|19/100
|-ability|p2a: Incineroar|Intimidate|boost
|-unboost|p1a: Hydreigon|atk|1
|-unboost|p1b: Ursaluna|atk|1
|move|p2b: Dragonite|Scale Shot|p1a: Hydreigon
|-damage|p1a: Hydreigon|83/100
|-damage|p1a: Hydreigon|67/100
|-damage|p1a: Hydreigon|50/100
|-damage|p1a: Hydreigon|32/100
|-hitcount|p1a: Hydreigon|4
|-unboost|p2b: Dragonite|def|1
|-boost|p2b: Dragonite|spe|1
|move|p1a: Hydreigon|Draco Meteor|p2a: Incineroar
|-damage|p2a: Incineroar|0 fnt
|-unboost|p1a: Hydreigon|spa|2
|faint|p2a: Incineroar
|move|p1b: Ursaluna|Earthquake|p2b: Dragonite|[spread] p2b
|-immune|p1a: Hydreigon|[from] ability: Levitate
|-damage|p2b: Dragonite|15/100
|
|-status|p1b: Ursaluna|brn|[from] item: Flame Orb
|upkeep
|
|t:|1756566117
|switch|p2a: Sneasler|Sneasler, L50, F|100/100
|turn|4
|
|t:|1756566130
|move|p2b: Dragonite|Scale Shot|p1a: Hydreigon
|-crit|p1a: Hydreigon
|-damage|p1a: Hydreigon|6/100
|-damage|p1a: Hydreigon|0 fnt
|faint|p1a: Hydreigon
|-hitcount|p1: Hydreigon|2
|-unboost|p2b: Dragonite|def|1
|-boost|p2b: Dragonite|spe|1
|move|p2a: Sneasler|Close Combat|p1b: Ursaluna
|-supereffective|p1b: Ursaluna
|-damage|p1b: Ursaluna|4/100 brn
|-unboost|p2a: Sneasler|def|1
|-unboost|p2a: Sneasler|spd|1
|move|p1b: Ursaluna|Earthquake|p2a: Sneasler|[spread] p2a,p2b
|-supereffective|p2a: Sneasler
|-enditem|p2a: Sneasler|Focus Sash
|-damage|p2a: Sneasler|1/100
|-damage|p2b: Dragonite|0 fnt
|faint|p2b: Dragonite
|
|-damage|p1b: Ursaluna|0 fnt|[from] brn
|faint|p1b: Ursaluna
|-sideend|p2: ZeGaboVGC|move: Tailwind
|upkeep
|inactive|iLouca has 30 seconds left.
|
|t:|1756566160
|switch|p2b: Ursaluna|Ursaluna-Bloodmoon, L50, M|100/100
|switch|p1b: Charizard|Charizard, L50, M|100/100
|turn|5
|
|t:|1756566172
|move|p2a: Sneasler|Protect|p2a: Sneasler
|-singleturn|p2a: Sneasler|Protect
|move|p1b: Charizard|Heat Wave|p2a: Sneasler|[spread] p2b
|-activate|p2a: Sneasler|move: Protect
|-damage|p2b: Ursaluna|68/100
|move|p2b: Ursaluna|Blood Moon|p1b: Charizard
|-damage|p1b: Charizard|0 fnt
|faint|p1b: Charizard
|
|win|ZeGaboVGC
|raw|iLouca's rating: 1201 → 1174(-27 for losing)
|raw|ZeGaboVGC's rating: 1177 → 1204(+27 for winning)
