|j|☆jeanryupr
|j|☆dlynch_45
|html|jeanryuprdlynch_45    
|uhtml|bestof|Game 1 of a best-of-3
|t:|1785705669
|gametype|doubles
|player|p1|jeanryupr|101|1181
|player|p2|dlynch_45|2|1040
|gen|9
|tier|[Gen 9 Champions] VGC 2026 Reg M-B (Bo3)
|rated|
|rule|Species Clause: Limit one of each Pokémon
|rule|Item Clause: Limit 1 of each item
|clearpoke
|poke|p1|Charizard, L50, M|
|poke|p1|Floette-Eternal, L50, F|
|poke|p1|Whimsicott, L50, F|
|poke|p1|Kingambit, L50, F|
|poke|p1|Basculegion, L50, M|
|poke|p1|Garchomp, L50, F|
|poke|p2|Gengar, L50, F|
|poke|p2|Politoed, L50, M|
|poke|p2|Dragonite, L50, F|
|poke|p2|Scrafty, L50, F|
|poke|p2|Tinkaton, L50, F|
|poke|p2|Vivillon, L50, F|
|teampreview|4
|showteam|p1|Charizard||CharizarditeY|Blaze|HeatWave,WeatherBall,SolarBeam,Protect|Modest||M|||50|]Floette-Eternal||Floettite|FlowerVeil|Moonblast,DazzlingGleam,LightofRuin,Protect|Timid||F|||50|]Whimsicott||FocusSash|Prankster|Moonblast,Tailwind,Encore,Protect|Timid||F|||50|]Kingambit||ChopleBerry|Defiant|KowtowCleave,SuckerPunch,IronHead,LowKick|Adamant||F|||50|]Basculegion||LifeOrb|Adaptability|WaveCrash,LastRespects,AquaJet,Protect|Adamant||M|||50|]Garchomp||SitrusBerry|RoughSkin|DragonClaw,Earthquake,RockSlide,Protect|Adamant||F|||50|
|showteam|p2|Gengar||Gengarite|CursedBody|ShadowBall,SludgeBomb,Protect,Taunt|Timid||F|||50|]Politoed||SitrusBerry|Drizzle|PerishSong,IcyWind,HelpingHand,Protect|Calm||M|||50|]Dragonite||DragonFang|Multiscale|ExtremeSpeed,StompingTantrum,Protect,DragonClaw|Serious||F|||50|]Scrafty||LumBerry|Intimidate|FakeOut,KnockOff,CloseCombat,IcePunch|Adamant||F|||50|]Tinkaton||MetalCoat|MoldBreaker|GigatonHammer,FakeOut,ThunderWave,Protect|Jolly||F|||50|]Vivillon||FocusSash|CompoundEyes|SleepPowder,Hurricane,Protect,Tailwind|Timid||F|||50|
|
|t:|1785705717
|teamsize|p1|4
|teamsize|p2|4
|start
|switch|p1a: Whimsicott|Whimsicott, L50, F|100/100
|switch|p1b: Basculegion|Basculegion, L50, M|100/100
|switch|p2a: Gengar|Gengar, L50, F|100/100
|switch|p2b: Vivillon|Vivillon, L50, F|100/100
|turn|1
|
|t:|1785705740
|detailschange|p2a: Gengar|Gengar-Mega, L50, F
|-mega|p2a: Gengar|Gengar|Gengarite
|move|p1b: Basculegion|Protect|p1b: Basculegion
|-singleturn|p1b: Basculegion|Protect
|move|p2a: Gengar|Shadow Ball|p1b: Basculegion
|-activate|p1b: Basculegion|move: Protect
|move|p1a: Whimsicott|Moonblast|p2b: Vivillon
|-damage|p2b: Vivillon|29/100
|move|p2b: Vivillon|Tailwind|p2b: Vivillon
|-sidestart|p2: dlynch_45|move: Tailwind
|
|upkeep
|turn|2
|
|t:|1785705762
|move|p2b: Vivillon|Protect|p2b: Vivillon
|-singleturn|p2b: Vivillon|Protect
|move|p1a: Whimsicott|Encore|p2a: Gengar
|-start|p2a: Gengar|Encore
|move|p1b: Basculegion|Aqua Jet|p2b: Vivillon
|-activate|p2b: Vivillon|move: Protect
|move|p2a: Gengar|Shadow Ball|p1b: Basculegion
|-supereffective|p1b: Basculegion|1
|-damage|p1b: Basculegion|0 fnt
|faint|p1b: Basculegion
|
|upkeep
|
|t:|1785705768
|switch|p1b: Floette|Floette-Eternal, L50, F|100/100
|turn|3
|
|t:|1785705787
|detailschange|p1b: Floette|Floette-Mega, L50, F
|-mega|p1b: Floette|Floette|Floettite
|-ability|p1b: Floette|Fairy Aura
|move|p1a: Whimsicott|Tailwind|p1a: Whimsicott
|-sidestart|p1: jeanryupr|move: Tailwind
|move|p2a: Gengar|Shadow Ball|p1a: Whimsicott
|-damage|p1a: Whimsicott|20/100y
|move|p1b: Floette|Dazzling Gleam|p2a: Gengar|[spread] p2a,p2b
|-resisted|p2a: Gengar|1
|-damage|p2a: Gengar|70/100
|-damage|p2b: Vivillon|0 fnt
|faint|p2b: Vivillon
|
|upkeep
|
|t:|1785705802
|switch|p2b: Politoed|Politoed, L50, M|100/100
|-weather|RainDance|[from] ability: Drizzle|[of] p2b: Politoed
|turn|4
|
|t:|1785705820
|move|p1a: Whimsicott|Protect|p1a: Whimsicott
|-singleturn|p1a: Whimsicott|Protect
|move|p2b: Politoed|Protect|p2b: Politoed
|-singleturn|p2b: Politoed|Protect
|move|p2a: Gengar|Shadow Ball|p1a: Whimsicott
|-activate|p1a: Whimsicott|move: Protect
|move|p1b: Floette|Dazzling Gleam|p2a: Gengar|[spread] p2a
|-activate|p2b: Politoed|move: Protect
|-resisted|p2a: Gengar|1
|-damage|p2a: Gengar|38/100
|
|-weather|RainDance|[upkeep]
|-end|p2a: Gengar|Encore
|-sideend|p2: dlynch_45|move: Tailwind
|upkeep
|turn|5
|
|t:|1785705839
|move|p1a: Whimsicott|Encore|p2b: Politoed
|-start|p2b: Politoed|Encore
|move|p2b: Politoed|Protect||[still]
|-fail|p2b: Politoed
|move|p1b: Floette|Dazzling Gleam|p2a: Gengar|[spread] p2a,p2b
|-resisted|p2a: Gengar|1
|-crit|p2a: Gengar
|-damage|p2a: Gengar|0 fnt
|-damage|p2b: Politoed|65/100
|faint|p2a: Gengar
|
|-weather|RainDance|[upkeep]
|upkeep
|
|t:|1785705848
|switch|p2a: Dragonite|Dragonite, L50, F|100/100
|turn|6
|
|t:|1785705864
|move|p2b: Politoed|Protect|p2b: Politoed
|-singleturn|p2b: Politoed|Protect
|move|p2a: Dragonite|Extreme Speed|p1a: Whimsicott
|-damage|p1a: Whimsicott|0 fnt
|faint|p1a: Whimsicott
|move|p1b: Floette|Dazzling Gleam|p2b: Politoed|[spread] p2a
|-activate|p2b: Politoed|move: Protect
|-supereffective|p2a: Dragonite|1
|-damage|p2a: Dragonite|50/100g
|
|-weather|RainDance|[upkeep]
|-sideend|p1: jeanryupr|move: Tailwind
|upkeep
|
|t:|1785705874
|switch|p1a: Kingambit|Kingambit, L50, F|100/100
|turn|7
|
|t:|1785705881
|move|p2b: Politoed|Protect||[still]
|-fail|p2b: Politoed
|move|p1b: Floette|Dazzling Gleam|p2a: Dragonite|[spread] p2a,p2b
|-supereffective|p2a: Dragonite|1
|-damage|p2a: Dragonite|0 fnt
|-damage|p2b: Politoed|29/100
|-enditem|p2b: Politoed|Sitrus Berry|[eat]
|-heal|p2b: Politoed|54/100|[from] item: Sitrus Berry
|faint|p2a: Dragonite
|move|p1a: Kingambit|Kowtow Cleave|p2b: Politoed
|-damage|p2b: Politoed|5/100
|
|-weather|RainDance|[upkeep]
|-end|p2b: Politoed|Encore
|upkeep
|turn|8
|
|t:|1785705896
|move|p1a: Kingambit|Sucker Punch|p2b: Politoed
|-crit|p2b: Politoed
|-damage|p2b: Politoed|0 fnt
|faint|p2b: Politoed
|
|win|jeanryupr
||jeanryupr is ready for game 2.
||dlynch_45 is ready for game 2.
|uhtml|next|Next: Game 2 of 3
|l|☆dlynch_45
|player|p2|
