|j|☆CrayolaEater27
|j|☆xongog
|html|CrayolaEater27xongog    
|uhtml|bestof|Game 2 of a best-of-3
|t:|1783620224
|gametype|doubles
|player|p1|CrayolaEater27|101|
|player|p2|xongog|265|
|gen|9
|tier|[Gen 9 Champions] VGC 2026 Reg M-B (Bo3)
|rule|Species Clause: Limit one of each Pokémon
|rule|Item Clause: Limit 1 of each item
|clearpoke
|poke|p1|Charizard, L50, F|
|poke|p1|Sylveon, L50, M|
|poke|p1|Typhlosion-Hisui, L50, F|
|poke|p1|Rotom-Wash, L50|
|poke|p1|Mimikyu, L50, M|
|poke|p1|Lycanroc, L50, M|
|poke|p2|Archaludon, L50, F|
|poke|p2|Dragonite, L50, F|
|poke|p2|Politoed, L50, F|
|poke|p2|Swampert, L50, M|
|poke|p2|Overqwil, L50, F|
|poke|p2|Heliolisk, L50, F|
|teampreview|4
|showteam|p1|Charizard||CharizarditeY|Blaze|Protect,HeatWave,SolarBeam,WeatherBall|Timid||F|||50|]Sylveon||FairyFeather|Pixilate|HyperVoice,QuickAttack,HyperBeam,Detect|Modest||M|||50|]Typhlosion-Hisui||ChoiceScarf|Frisk|Eruption,ShadowBall,HeatWave,Overheat|Modest||F|||50|]Rotom-Wash||SitrusBerry|Levitate|HydroPump,WillOWisp,Thunderbolt,Protect|Modest|||||50|]Mimikyu||LifeOrb|Disguise|PlayRough,ShadowSneak,ShadowClaw,SwordsDance|Jolly||M|||50|]Lycanroc||FocusSash|Steadfast|Protect,CloseCombat,RockSlide,Accelerock|Adamant||M|||50|
|showteam|p2|Archaludon||Leftovers|Stamina|FlashCannon,ElectroShot,Protect,AuraSphere|Timid||F|||50|]Dragonite||Dragoninite|Multiscale|Thunder,Surf,Hurricane,Protect|Modest||F|||50|]Politoed||SitrusBerry|Drizzle|MuddyWater,Protect,PerishSong,Encore|Calm||F|||50|]Swampert||Swampertite|Torrent|WaveCrash,HighHorsepower,Protect,RockSlide|Adamant||M|||50|]Overqwil||LifeOrb|Intimidate|Liquidation,ThroatChop,BarbBarrage,Protect|Jolly||F|||50|]Heliolisk||ChoiceScarf|DrySkin|VoltSwitch,Surf,DarkPulse,HyperVoice|Modest||F|||50|
|inactive|Battle timer is ON: inactive players will automatically lose when time's up. (requested by CrayolaEater27)
|j| quasmosis
|j| brtsz
|inactive|xongog has 60 seconds left.
|j| mythhops
|
|t:|1783620266
|teamsize|p1|4
|teamsize|p2|4
|start
|switch|p1a: Lycanroc|Lycanroc, L50, M|100/100
|switch|p1b: Charizard|Charizard, L50, F|100/100
|switch|p2a: Archaludon|Archaludon, L50, F|100/100
|switch|p2b: Heliolisk|Heliolisk, L50, F|100/100
|turn|1
|c| brtsz|nawww not the open team sheets again
|inactive|CrayolaEater27 has 30 seconds left.
|
|t:|1783620299
|detailschange|p1b: Charizard|Charizard-Mega-Y, L50, F
|-mega|p1b: Charizard|Charizard|Charizardite Y
|-weather|SunnyDay|[from] ability: Drought|[of] p1b: Charizard
|move|p2b: Heliolisk|Volt Switch|p1a: Lycanroc
|-damage|p1a: Lycanroc|36/100
|
|t:|1783620306
|switch|p2b: Politoed|Politoed, L50, F|100/100|[from] Volt Switch
|-weather|RainDance|[from] ability: Drizzle|[of] p2b: Politoed
|move|p1b: Charizard|Weather Ball|p2a: Archaludon
|-resisted|p2a: Archaludon|1
|-damage|p2a: Archaludon|50/100g
|-ability|p2a: Archaludon|Stamina|boost
|-boost|p2a: Archaludon|def|1
|move|p1a: Lycanroc|Close Combat|p2b: Politoed
|-damage|p2b: Politoed|53/100
|-unboost|p1a: Lycanroc|def|1
|-unboost|p1a: Lycanroc|spd|1
|move|p2a: Archaludon|Flash Cannon|p1a: Lycanroc
|-supereffective|p1a: Lycanroc|1
|-damage|p1a: Lycanroc|0 fnt
|faint|p1a: Lycanroc
|
|-weather|RainDance|[upkeep]
|-heal|p2a: Archaludon|56/100|[from] item: Leftovers
|upkeep
|
|t:|1783620325
|switch|p1a: Sylveon|Sylveon, L50, M|100/100
|turn|2
|
|t:|1783620341
|move|p1b: Charizard|Protect|p1b: Charizard
|-singleturn|p1b: Charizard|Protect
|move|p2a: Archaludon|Electro Shot||[still]
|-prepare|p2a: Archaludon|Electro Shot
|-boost|p2a: Archaludon|spa|1
|-anim|p2a: Archaludon|Electro Shot|p1b: Charizard
|-activate|p1b: Charizard|move: Protect
|move|p2b: Politoed|Perish Song|p2b: Politoed
|-start|p1a: Sylveon|perish3|[silent]
|-start|p1b: Charizard|perish3|[silent]
|-start|p2a: Archaludon|perish3|[silent]
|-start|p2b: Politoed|perish3|[silent]
|-fieldactivate|move: Perish Song
|move|p1a: Sylveon|Hyper Voice|p2a: Archaludon|[spread] p2a,p2b
|-damage|p2a: Archaludon|0 fnt
|-damage|p2b: Politoed|24/100
|-enditem|p2b: Politoed|Sitrus Berry|[eat]
|-heal|p2b: Politoed|49/100|[from] item: Sitrus Berry
|faint|p2a: Archaludon
|
|-weather|RainDance|[upkeep]
|-start|p1b: Charizard|perish3
|-start|p2b: Politoed|perish3
|-start|p1a: Sylveon|perish3
|upkeep
|
|t:|1783620349
|switch|p2a: Swampert|Swampert, L50, M|100/100
|turn|3
|
|t:|1783620370
|detailschange|p2a: Swampert|Swampert-Mega, L50, M
|-mega|p2a: Swampert|Swampert|Swampertite
|move|p2a: Swampert|Wave Crash|p1b: Charizard
|-supereffective|p1b: Charizard|1
|-crit|p1b: Charizard
|-damage|p1b: Charizard|0 fnt
|faint|p1b: Charizard
|-damage|p2a: Swampert|75/100|[from] Recoil
|move|p2b: Politoed|Muddy Water|p1a: Sylveon
|-damage|p1a: Sylveon|67/100
|-unboost|p1a: Sylveon|accuracy|1
|move|p1a: Sylveon|Hyper Voice|p2a: Swampert|[spread] p2a,p2b
|-damage|p2a: Swampert|37/100
|-damage|p2b: Politoed|18/100
|
|-weather|RainDance|[upkeep]
|-start|p2b: Politoed|perish2
|-start|p1a: Sylveon|perish2
|upkeep
|
|t:|1783620386
|switch|p1b: Typhlosion|Typhlosion-Hisui, L50, F|100/100
|-item|p2a: Swampert|Swampertite|[from] ability: Frisk|[of] p1b: Typhlosion
|turn|4
|inactive|CrayolaEater27 has 30 seconds left.
|inactive|xongog has 30 seconds left.
|
|t:|1783620414
|move|p2a: Swampert|Protect|p2a: Swampert
|-singleturn|p2a: Swampert|Protect
|move|p1b: Typhlosion|Heat Wave|p2b: Politoed|[spread] p2b
|-activate|p2a: Swampert|move: Protect
|-resisted|p2b: Politoed|1
|-damage|p2b: Politoed|12/100
|move|p2b: Politoed|Muddy Water|p1a: Sylveon|[spread] p1a,p1b
|-supereffective|p1b: Typhlosion|1
|-damage|p1a: Sylveon|40/100
|-damage|p1b: Typhlosion|8/100
|-unboost|p1b: Typhlosion|accuracy|1
|move|p1a: Sylveon|Hyper Voice|p2b: Politoed|[spread] p2b
|-activate|p2a: Swampert|move: Protect
|-damage|p2b: Politoed|0 fnt
|faint|p2b: Politoed
|
|-weather|RainDance|[upkeep]
|-start|p1a: Sylveon|perish1
|upkeep
|
|t:|1783620427
|switch|p2b: Heliolisk|Heliolisk, L50, F|100/100
|turn|5
|
|t:|1783620443
|move|p2b: Heliolisk|Volt Switch|p1b: Typhlosion
|-damage|p1b: Typhlosion|0 fnt
|faint|p1b: Typhlosion
|move|p2a: Swampert|Wave Crash|p1a: Sylveon
|-damage|p1a: Sylveon|0 fnt
|faint|p1a: Sylveon
|-damage|p2a: Swampert|26/100|[from] Recoil
|
|win|xongog
|c|☆xongog|gg
|c|☆CrayolaEater27|gg
