|j|☆lorenzopoke
|j|☆trtjsrtjr
|html|lorenzopoketrtjsrtjr    
|uhtml|bestof|Game 1 of a best-of-3
|t:|1784662124
|gametype|doubles
|player|p1|lorenzopoke|red|1046
|player|p2|trtjsrtjr|101|1000
|gen|9
|tier|[Gen 9 Champions] VGC 2026 Reg M-B (Bo3)
|rated|
|rule|Species Clause: Limit one of each Pokémon
|rule|Item Clause: Limit 1 of each item
|clearpoke
|poke|p1|Staraptor, L50, F|
|poke|p1|Farigiraf, L50, M|
|poke|p1|Sylveon, L50, F|
|poke|p1|Torkoal, L50, F|
|poke|p1|Ampharos, L50, F|
|poke|p1|Kangaskhan, L50, F|
|poke|p2|Charizard, L50, F|
|poke|p2|Incineroar, L50, F|
|poke|p2|Toxapex, L50, M, shiny|
|poke|p2|Venusaur, L50, M|
|poke|p2|Garchomp, L50, F|
|poke|p2|Annihilape, L50, M|
|teampreview|4
|showteam|p1|Staraptor||ChoiceScarf|Intimidate|BraveBird,CloseCombat,Uturn,FinalGambit|Jolly||F|||50|]Farigiraf||SitrusBerry|ArmorTail|HelpingHand,TwinBeam,Thunderbolt,TrickRoom|Sassy||M|||50|]Sylveon||FairyFeather|Pixilate|HyperVoice,QuickAttack,HyperBeam,Detect|Quiet||F|||50|]Torkoal||Charcoal|Drought|Eruption,WeatherBall,HeatWave,Protect|Quiet||F|||50|]Ampharos||Ampharosite|Static|Thunderbolt,DragonPulse,PowerGem,Protect|Quiet||F|||50|]Kangaskhan||Kangaskhanite|Scrappy|HammerArm,FakeOut,DoubleEdge,RockTomb|Adamant||F|||50|
|showteam|p2|Charizard||CharizarditeY|Blaze|HelpingHand,WeatherBall,HeatWave,Protect|Modest||F|||50|]Incineroar||SitrusBerry|Intimidate|PartingShot,ThroatChop,FlareBlitz,FakeOut|Impish||F|||50|]Toxapex||Leftovers|Regenerator|WideGuard,Infestation,Toxic,BanefulBunker|Bold||M|||50|]Venusaur||LifeOrb|Overgrow|SludgeBomb,EarthPower,SolarBeam,Protect|Modest||M|||50|]Garchomp||ChoiceScarf|RoughSkin|StompingTantrum,DragonClaw,Earthquake,RockSlide|Adamant||F|||50|]Annihilape||FocusSash|Defiant|PhantomForce,CloseCombat,RockTomb,Protect|Jolly||M|||50|
|inactive|Battle timer is ON: inactive players will automatically lose when time's up. (requested by lorenzopoke)
|
|t:|1784662169
|teamsize|p1|4
|teamsize|p2|4
|start
|switch|p1a: Staraptor|Staraptor, L50, F|100/100
|switch|p1b: Farigiraf|Farigiraf, L50, M|100/100
|switch|p2a: Incineroar|Incineroar, L50, F|100/100
|switch|p2b: Garchomp|Garchomp, L50, F|100/100
|-ability|p1a: Staraptor|Intimidate|boost
|-unboost|p2a: Incineroar|atk|1
|-unboost|p2b: Garchomp|atk|1
|-ability|p2a: Incineroar|Intimidate|boost
|-unboost|p1a: Staraptor|atk|1
|-unboost|p1b: Farigiraf|atk|1
|turn|1
|
|t:|1784662188
|move|p1a: Staraptor|Final Gambit|p2a: Incineroar
|-damage|p2a: Incineroar|4/100
|-enditem|p2a: Incineroar|Sitrus Berry|[eat]
|-heal|p2a: Incineroar|29/100|[from] item: Sitrus Berry
|faint|p1a: Staraptor
|move|p2b: Garchomp|Dragon Claw|p1b: Farigiraf
|-damage|p1b: Farigiraf|71/100
|move|p2a: Incineroar|Throat Chop|p1b: Farigiraf
|-supereffective|p1b: Farigiraf|1
|-damage|p1b: Farigiraf|33/100
|-start|p1b: Farigiraf|Throat Chop|[silent]
|-enditem|p1b: Farigiraf|Sitrus Berry|[eat]
|-heal|p1b: Farigiraf|58/100|[from] item: Sitrus Berry
|move|p1b: Farigiraf|Trick Room|p1b: Farigiraf
|-fieldstart|move: Trick Room|[of] p1b: Farigiraf
|
|upkeep
|
|t:|1784662203
|switch|p1a: Torkoal|Torkoal, L50, F|100/100
|-weather|SunnyDay|[from] ability: Drought|[of] p1a: Torkoal
|turn|2
|
|t:|1784662217
|move|p1a: Torkoal|Eruption|p2a: Incineroar|[spread] p2a,p2b
|-resisted|p2a: Incineroar|1
|-resisted|p2b: Garchomp|1
|-damage|p2a: Incineroar|0 fnt
|-damage|p2b: Garchomp|57/100
|faint|p2a: Incineroar
|move|p1b: Farigiraf|Twin Beam|p2b: Garchomp
|-damage|p2b: Garchomp|41/100
|-damage|p2b: Garchomp|27/100
|-hitcount|p2b: Garchomp|2
|move|p2b: Garchomp|Dragon Claw|p1a: Torkoal
|-damage|p1a: Torkoal|77/100
|
|-weather|SunnyDay|[upkeep]
|-end|p1b: Farigiraf|Throat Chop|[silent]
|upkeep
|
|t:|1784662225
|switch|p2a: Toxapex|Toxapex, L50, M, shiny|100/100
|turn|3
|
|t:|1784662235
|move|p1a: Torkoal|Eruption|p2b: Garchomp|[spread] p2a,p2b
|-resisted|p2a: Toxapex|1
|-resisted|p2b: Garchomp|1
|-damage|p2a: Toxapex|73/100
|-damage|p2b: Garchomp|0 fnt
|faint|p2b: Garchomp
|move|p2a: Toxapex|Infestation|p1b: Farigiraf
|-supereffective|p1b: Farigiraf|1
|-damage|p1b: Farigiraf|53/100
|-activate|p1b: Farigiraf|move: Infestation|[of] p2a: Toxapex
|move|p1b: Farigiraf|Twin Beam|p2a: Toxapex
|-supereffective|p2a: Toxapex|1
|-damage|p2a: Toxapex|49/100
|-supereffective|p2a: Toxapex|1
|-damage|p2a: Toxapex|26/100
|-hitcount|p2a: Toxapex|2
|
|-weather|SunnyDay|[upkeep]
|-heal|p2a: Toxapex|32/100|[from] item: Leftovers
|-damage|p1b: Farigiraf|40/100|[from] move: Infestation|[partiallytrapped]
|upkeep
|
|t:|1784662240
|switch|p2b: Charizard|Charizard, L50, F|100/100
|turn|4
|inactive|lorenzopoke has 30 seconds left.
|
|t:|1784662274
|detailschange|p2b: Charizard|Charizard-Mega-Y, L50, F
|-mega|p2b: Charizard|Charizard|Charizardite Y
|move|p2a: Toxapex|Baneful Bunker|p2a: Toxapex
|-singleturn|p2a: Toxapex|move: Protect
|move|p1a: Torkoal|Eruption|p2a: Toxapex|[spread] p2b
|-activate|p2a: Toxapex|move: Protect
|-resisted|p2b: Charizard|1
|-damage|p2b: Charizard|71/100
|move|p1b: Farigiraf|Twin Beam|p2a: Toxapex
|-activate|p2a: Toxapex|move: Protect
|move|p2b: Charizard|Heat Wave|p1b: Farigiraf|[spread] p1a,p1b
|-resisted|p1a: Torkoal|1
|-damage|p1a: Torkoal|40/100
|-damage|p1b: Farigiraf|0 fnt
|faint|p1b: Farigiraf
|
|-weather|SunnyDay|[upkeep]
|-heal|p2a: Toxapex|38/100|[from] item: Leftovers
|upkeep
|
|t:|1784662290
|switch|p1b: Ampharos|Ampharos, L50, F|100/100
|turn|5
|
|t:|1784662299
|detailschange|p1b: Ampharos|Ampharos-Mega, L50, F
|-mega|p1b: Ampharos|Ampharos|Ampharosite
|-ability|p1b: Ampharos|Mold Breaker
|move|p2b: Charizard|Protect|p2b: Charizard
|-singleturn|p2b: Charizard|Protect
|move|p1a: Torkoal|Eruption|p2a: Toxapex|[spread] p2a
|-activate|p2b: Charizard|move: Protect
|-resisted|p2a: Toxapex|1
|-damage|p2a: Toxapex|24/100
|move|p2a: Toxapex|Infestation|p1b: Ampharos
|-damage|p1b: Ampharos|97/100
|-activate|p1b: Ampharos|move: Infestation|[of] p2a: Toxapex
|move|p1b: Ampharos|Thunderbolt|p2b: Charizard
|-activate|p2b: Charizard|move: Protect
|
|-weather|SunnyDay|[upkeep]
|-heal|p2a: Toxapex|30/100|[from] item: Leftovers
|-damage|p1b: Ampharos|85/100|[from] move: Infestation|[partiallytrapped]
|-fieldend|move: Trick Room
|upkeep
|turn|6
|
|t:|1784662319
|move|p2b: Charizard|Heat Wave|p1b: Ampharos|[spread] p1a,p1b
|-resisted|p1a: Torkoal|1
|-resisted|p1b: Ampharos|1
|-damage|p1a: Torkoal|0 fnt
|-damage|p1b: Ampharos|61/100
|faint|p1a: Torkoal
|move|p1b: Ampharos|Power Gem|p2b: Charizard
|-supereffective|p2b: Charizard|2
|-damage|p2b: Charizard|0 fnt
|faint|p2b: Charizard
|move|p2a: Toxapex|Toxic|p1b: Ampharos
|-status|p1b: Ampharos|tox
|
|-weather|none
|-heal|p2a: Toxapex|36/100|[from] item: Leftovers
|-damage|p1b: Ampharos|55/100 tox|[from] psn
|-damage|p1b: Ampharos|43/100 tox|[from] move: Infestation|[partiallytrapped]
|upkeep
|turn|7
|
|t:|1784662327
|move|p2a: Toxapex|Baneful Bunker|p2a: Toxapex
|-singleturn|p2a: Toxapex|move: Protect
|move|p1b: Ampharos|Thunderbolt|p2a: Toxapex
|-activate|p2a: Toxapex|move: Protect
|
|-heal|p2a: Toxapex|42/100|[from] item: Leftovers
|-damage|p1b: Ampharos|30/100 tox|[from] psn
|-damage|p1b: Ampharos|18/100 tox|[from] move: Infestation|[partiallytrapped]
|upkeep
|turn|8
|
|t:|1784662333
|move|p2a: Toxapex|Baneful Bunker|p2a: Toxapex
|-singleturn|p2a: Toxapex|move: Protect
|move|p1b: Ampharos|Thunderbolt|p2a: Toxapex
|-activate|p2a: Toxapex|move: Protect
|
|-heal|p2a: Toxapex|47/100|[from] item: Leftovers
|-damage|p1b: Ampharos|1/100 tox|[from] psn
|-damage|p1b: Ampharos|0 fnt|[from] move: Infestation|[partiallytrapped]
|faint|p1b: Ampharos
|
|win|trtjsrtjr
