|j|☆poison mouse
|j|☆new mental
|html|poison mousenew mental    
|uhtml|bestof|Game 2 of a best-of-3
|t:|1784885611
|gametype|doubles
|player|p1|poison mouse|tate|1433
|player|p2|new mental|volkner|1348
|gen|9
|tier|[Gen 9 Champions] VGC 2026 Reg M-B (Bo3)
|rated|
|rule|Species Clause: Limit one of each Pokémon
|rule|Item Clause: Limit 1 of each item
|clearpoke
|poke|p1|Tyranitar, L50, F|
|poke|p1|Excadrill, L50, M|
|poke|p1|Milotic, L50, M|
|poke|p1|Sinistcha, L50|
|poke|p1|Staraptor, L50, F|
|poke|p1|Gholdengo, L50|
|poke|p2|Charizard, L50, M|
|poke|p2|Garchomp, L50, F|
|poke|p2|Incineroar, L50, M|
|poke|p2|Venusaur, L50, M|
|poke|p2|Toxapex, L50, F|
|poke|p2|Sylveon, L50, M|
|teampreview|4
|showteam|p1|Tyranitar||Tyranitarite|SandStream|KnockOff,RockSlide,LowKick,Protect|Jolly||F|||50|]Excadrill||FocusSash|SandRush|Earthquake,IronHead,RockSlide,Protect|Adamant||M|||50|]Milotic||SitrusBerry|Competitive|Scald,IcyWind,IceBeam,Protect|Calm||M|||50|]Sinistcha||ColburBerry|Hospitality|MatchaGotcha,ShadowBall,Protect,RagePowder|Bold|||||50|]Staraptor||Staraptite|Intimidate|CloseCombat,BraveBird,Tailwind,Protect|Jolly||F|||50|]Gholdengo||LifeOrb|GoodasGold|MakeItRain,ShadowBall,NastyPlot,Protect|Modest|||||50|
|showteam|p2|Charizard||CharizarditeY|SolarPower|WeatherBall,HeatWave,AncientPower,Protect|Modest||M|||50|]Garchomp||ChoiceScarf|RoughSkin|RockSlide,DragonClaw,Earthquake,StompingTantrum|Adamant||F|||50|]Incineroar||SitrusBerry|Intimidate|FlareBlitz,FakeOut,DarkestLariat,PartingShot|Impish||M|||50|]Venusaur||LifeOrb|Chlorophyll|SludgeBomb,LeafStorm,EarthPower,Protect|Modest||M|||50|]Toxapex||Leftovers|Regenerator|Infestation,Toxic,WideGuard,BanefulBunker|Bold||F|||50|]Sylveon||FairyFeather|Pixilate|HyperVoice,QuickAttack,Yawn,Detect|Modest||M|||50|
|inactive|Battle timer is ON: inactive players will automatically lose when time's up. (requested by poison mouse)
|
|t:|1784885653
|teamsize|p1|4
|teamsize|p2|4
|start
|switch|p1a: Milotic|Milotic, L50, M|100/100
|switch|p1b: Staraptor|Staraptor, L50, F|100/100
|switch|p2a: Charizard|Charizard, L50, M|100/100
|switch|p2b: Venusaur|Venusaur, L50, M|100/100
|-ability|p1b: Staraptor|Intimidate|boost
|-unboost|p2a: Charizard|atk|1
|-unboost|p2b: Venusaur|atk|1
|turn|1
|
|t:|1784885679
|detailschange|p1b: Staraptor|Staraptor-Mega, L50, F
|-mega|p1b: Staraptor|Staraptor|Staraptite
|detailschange|p2a: Charizard|Charizard-Mega-Y, L50, M
|-mega|p2a: Charizard|Charizard|Charizardite Y
|-weather|SunnyDay|[from] ability: Drought|[of] p2a: Charizard
|move|p1b: Staraptor|Protect|p1b: Staraptor
|-singleturn|p1b: Staraptor|Protect
|move|p1a: Milotic|Protect|p1a: Milotic
|-singleturn|p1a: Milotic|Protect
|move|p2b: Venusaur|Leaf Storm|p1a: Milotic
|-activate|p1a: Milotic|move: Protect
|move|p2a: Charizard|Heat Wave|p1a: Milotic|[spread] 
|-activate|p1a: Milotic|move: Protect
|-activate|p1b: Staraptor|move: Protect
|
|-weather|SunnyDay|[upkeep]
|upkeep
|turn|2
|
|t:|1784885691
|switch|p2b: Toxapex|Toxapex, L50, F|100/100
|switch|p1a: Tyranitar|Tyranitar, L50, F|100/100
|-weather|Sandstorm|[from] ability: Sand Stream|[of] p1a: Tyranitar
|move|p1b: Staraptor|Brave Bird|p2b: Toxapex
|-crit|p2b: Toxapex
|-damage|p2b: Toxapex|42/100
|-damage|p1b: Staraptor|84/100|[from] Recoil
|move|p2a: Charizard|Weather Ball|p1b: Staraptor
|-damage|p1b: Staraptor|48/100
|
|-weather|Sandstorm|[upkeep]
|-damage|p1b: Staraptor|42/100|[from] Sandstorm
|-damage|p2a: Charizard|94/100|[from] Sandstorm
|-damage|p2b: Toxapex|36/100|[from] Sandstorm
|-heal|p2b: Toxapex|42/100|[from] item: Leftovers
|upkeep
|turn|3
|
|t:|1784885711
|switch|p1b: Milotic|Milotic, L50, M|100/100
|switch|p2a: Venusaur|Venusaur, L50, M|100/100
|-heal|p2b: Toxapex|75/100|[from] ability: Regenerator|[silent]
|switch|p2b: Sylveon|Sylveon, L50, M|100/100
|move|p1a: Tyranitar|Rock Slide|p2a: Venusaur|[spread] p2a,p2b
|-damage|p2a: Venusaur|67/100
|-damage|p2b: Sylveon|72/100
|
|-weather|Sandstorm|[upkeep]
|-damage|p2a: Venusaur|62/100|[from] Sandstorm
|-damage|p1b: Milotic|94/100|[from] Sandstorm
|-damage|p2b: Sylveon|66/100|[from] Sandstorm
|upkeep
|turn|4
|inactive|poison mouse has 30 seconds left.
|
|t:|1784885739
|switch|p1a: Gholdengo|Gholdengo, L50|100/100
|move|p1b: Milotic|Protect|p1b: Milotic
|-singleturn|p1b: Milotic|Protect
|move|p2a: Venusaur|Leaf Storm|p1b: Milotic
|-activate|p1b: Milotic|move: Protect
|move|p2b: Sylveon|Hyper Voice|p1b: Milotic|[spread] p1a
|-activate|p1b: Milotic|move: Protect
|-resisted|p1a: Gholdengo|1
|-damage|p1a: Gholdengo|79/100
|
|-weather|Sandstorm|[upkeep]
|-damage|p2a: Venusaur|56/100|[from] Sandstorm
|-damage|p1b: Milotic|88/100|[from] Sandstorm
|-damage|p2b: Sylveon|60/100|[from] Sandstorm
|upkeep
|turn|5
|
|t:|1784885754
|switch|p2b: Charizard|Charizard-Mega-Y, L50, M|94/100
|-weather|SunnyDay|[from] ability: Drought|[of] p2b: Charizard
|move|p2a: Venusaur|Earth Power|p1a: Gholdengo
|-supereffective|p1a: Gholdengo|1
|-damage|p1a: Gholdengo|13/100
|-damage|p2a: Venusaur|47/100|[from] item: Life Orb
|move|p1b: Milotic|Icy Wind|p2a: Venusaur|[spread] p2a,p2b
|-supereffective|p2a: Venusaur|1
|-damage|p2a: Venusaur|25/100
|-damage|p2b: Charizard|84/100
|-unboost|p2a: Venusaur|spe|1
|-unboost|p2b: Charizard|spe|1
|move|p1a: Gholdengo|Make It Rain|p2b: Charizard|[spread] p2a,p2b
|-resisted|p2b: Charizard|1
|-damage|p2a: Venusaur|0 fnt
|-damage|p2b: Charizard|60/100
|-unboost|p1a: Gholdengo|spa|2
|faint|p2a: Venusaur
|-damage|p1a: Gholdengo|3/100|[from] item: Life Orb
|
|-weather|SunnyDay|[upkeep]
|upkeep
|
|t:|1784885757
|switch|p2a: Toxapex|Toxapex, L50, F|75/100
|turn|6
|
|t:|1784885778
|switch|p1a: Tyranitar|Tyranitar, L50, F|100/100
|-weather|Sandstorm|[from] ability: Sand Stream|[of] p1a: Tyranitar
|switch|p2b: Sylveon|Sylveon, L50, M|60/100
|move|p1b: Milotic|Scald|p2b: Sylveon
|-damage|p2b: Sylveon|38/100
|move|p2a: Toxapex|Infestation|p1a: Tyranitar
|-supereffective|p1a: Tyranitar|1
|-damage|p1a: Tyranitar|95/100
|-activate|p1a: Tyranitar|move: Infestation|[of] p2a: Toxapex
|
|-weather|Sandstorm|[upkeep]
|-damage|p1b: Milotic|82/100|[from] Sandstorm
|-damage|p2b: Sylveon|32/100|[from] Sandstorm
|-damage|p2a: Toxapex|70/100|[from] Sandstorm
|-heal|p2a: Toxapex|75/100|[from] item: Leftovers
|-damage|p1a: Tyranitar|83/100|[from] move: Infestation|[partiallytrapped]
|upkeep
|turn|7
|
|t:|1784885795
|move|p2b: Sylveon|Detect|p2b: Sylveon
|-singleturn|p2b: Sylveon|Protect
|move|p1a: Tyranitar|Knock Off|p2a: Toxapex
|-damage|p2a: Toxapex|44/100
|-enditem|p2a: Toxapex|Leftovers|[from] move: Knock Off|[of] p1a: Tyranitar
|move|p1b: Milotic|Scald|p2b: Sylveon
|-activate|p2b: Sylveon|move: Protect
|move|p2a: Toxapex|Infestation|p1b: Milotic
|-damage|p1b: Milotic|80/100
|-activate|p1b: Milotic|move: Infestation|[of] p2a: Toxapex
|
|-weather|Sandstorm|[upkeep]
|-damage|p1b: Milotic|74/100|[from] Sandstorm
|-damage|p2b: Sylveon|26/100|[from] Sandstorm
|-damage|p2a: Toxapex|38/100|[from] Sandstorm
|-damage|p1a: Tyranitar|70/100|[from] move: Infestation|[partiallytrapped]
|-damage|p1b: Milotic|62/100|[from] move: Infestation|[partiallytrapped]
|upkeep
|turn|8
|
|t:|1784885807
|switch|p2b: Charizard|Charizard-Mega-Y, L50, M|60/100
|-weather|SunnyDay|[from] ability: Drought|[of] p2b: Charizard
|move|p1a: Tyranitar|Protect|p1a: Tyranitar
|-singleturn|p1a: Tyranitar|Protect
|move|p1b: Milotic|Scald|p2b: Charizard
|-supereffective|p2b: Charizard|1
|-damage|p2b: Charizard|37/100
|move|p2a: Toxapex|Toxic|p1a: Tyranitar
|-activate|p1a: Tyranitar|move: Protect
|
|-weather|SunnyDay|[upkeep]
|-damage|p1a: Tyranitar|58/100|[from] move: Infestation|[partiallytrapped]
|-damage|p1b: Milotic|50/100g|[from] move: Infestation|[partiallytrapped]
|upkeep
|turn|9
|
|t:|1784885824
|move|p2a: Toxapex|Wide Guard|p2a: Toxapex
|-singleturn|p2a: Toxapex|Wide Guard
|move|p1a: Tyranitar|Knock Off|p2b: Charizard
|-damage|p2b: Charizard|6/100
|move|p2b: Charizard|Heat Wave|p1a: Tyranitar|[spread] p1a,p1b
|-resisted|p1a: Tyranitar|1
|-resisted|p1b: Milotic|1
|-damage|p1a: Tyranitar|29/100
|-damage|p1b: Milotic|28/100
|-enditem|p1b: Milotic|Sitrus Berry|[eat]
|-heal|p1b: Milotic|53/100|[from] item: Sitrus Berry
|move|p1b: Milotic|Icy Wind|p2b: Charizard|[spread] 
|-activate|p2a: Toxapex|move: Wide Guard
|-activate|p2b: Charizard|move: Wide Guard
|
|-weather|SunnyDay|[upkeep]
|-damage|p1a: Tyranitar|16/100|[from] move: Infestation|[partiallytrapped]
|-damage|p1b: Milotic|41/100|[from] move: Infestation|[partiallytrapped]
|upkeep
|turn|10
|
|t:|1784885839
|-heal|p2a: Toxapex|71/100|[from] ability: Regenerator|[silent]
|switch|p2a: Sylveon|Sylveon, L50, M|26/100
|move|p2b: Charizard|Protect|p2b: Charizard
|-singleturn|p2b: Charizard|Protect
|move|p1a: Tyranitar|Knock Off|p2b: Charizard
|-activate|p2b: Charizard|move: Protect
|move|p1b: Milotic|Scald|p2a: Sylveon
|-damage|p2a: Sylveon|15/100
|-status|p2a: Sylveon|brn
|
|-weather|SunnyDay|[upkeep]
|-damage|p2a: Sylveon|9/100 brn|[from] brn
|-end|p1a: Tyranitar|Infestation|[partiallytrapped]
|-end|p1b: Milotic|Infestation|[partiallytrapped]|[silent]
|upkeep
|turn|11
|
|t:|1784885854
|switch|p1a: Gholdengo|Gholdengo, L50|3/100
|switch|p2b: Toxapex|Toxapex, L50, F|71/100
|move|p1b: Milotic|Protect|p1b: Milotic
|-singleturn|p1b: Milotic|Protect
|move|p2a: Sylveon|Detect||[still]
|-fail|p2a: Sylveon
|
|-weather|SunnyDay|[upkeep]
|-damage|p2a: Sylveon|3/100 brn|[from] brn
|upkeep
|turn|12
|
|t:|1784885868
|move|p2a: Sylveon|Quick Attack|p1a: Gholdengo
|-resisted|p1a: Gholdengo|1
|-damage|p1a: Gholdengo|1/100
|move|p1b: Milotic|Scald|p2a: Sylveon
|-damage|p2a: Sylveon|0 fnt
|faint|p2a: Sylveon
|move|p1a: Gholdengo|Shadow Ball|p2b: Toxapex
|-damage|p2b: Toxapex|32/100
|-damage|p1a: Gholdengo|0 fnt|[from] item: Life Orb
|faint|p1a: Gholdengo
|move|p2b: Toxapex|Infestation|p1b: Milotic
|-damage|p1b: Milotic|39/100
|-activate|p1b: Milotic|move: Infestation|[of] p2b: Toxapex
|
|-weather|none
|-damage|p1b: Milotic|27/100|[from] move: Infestation|[partiallytrapped]
|upkeep
|
|t:|1784885878
|switch|p1a: Staraptor|Staraptor-Mega, L50, F|42/100
|switch|p2a: Charizard|Charizard-Mega-Y, L50, M|6/100
|-weather|SunnyDay|[from] ability: Drought|[of] p2a: Charizard
|turn|13
|
|t:|1784885885
|move|p1a: Staraptor|Close Combat|p2a: Charizard
|-resisted|p2a: Charizard|1
|-damage|p2a: Charizard|0 fnt
|-boost|p1a: Staraptor|def|1
|-boost|p1a: Staraptor|spd|1
|faint|p2a: Charizard
|move|p1b: Milotic|Scald|p2b: Toxapex
|-resisted|p2b: Toxapex|1
|-damage|p2b: Toxapex|26/100
|move|p2b: Toxapex|Toxic|p1a: Staraptor
|-status|p1a: Staraptor|tox
|
|-weather|SunnyDay|[upkeep]
|-damage|p1a: Staraptor|37/100 tox|[from] psn
|-damage|p1b: Milotic|15/100|[from] move: Infestation|[partiallytrapped]
|upkeep
|turn|14
|
|t:|1784885894
|move|p2b: Toxapex|Baneful Bunker|p2b: Toxapex
|-singleturn|p2b: Toxapex|move: Protect
|move|p1a: Staraptor|Close Combat|p2b: Toxapex
|-activate|p2b: Toxapex|move: Protect
|move|p1b: Milotic|Scald|p2b: Toxapex
|-activate|p2b: Toxapex|move: Protect
|
|-weather|SunnyDay|[upkeep]
|-damage|p1a: Staraptor|25/100 tox|[from] psn
|-damage|p1b: Milotic|3/100|[from] move: Infestation|[partiallytrapped]
|upkeep
|turn|15
|
|t:|1784885906
|move|p1a: Staraptor|Brave Bird|p2b: Toxapex
|-damage|p2b: Toxapex|0 fnt
|faint|p2b: Toxapex
|-damage|p1a: Staraptor|17/100 tox|[from] Recoil
|
|win|poison mouse
||new mental is ready for game 3.
||new mental is ready for game 3.
||poison mouse is ready for game 3.
|uhtml|next|Next: Game 3 of 3
|l|☆new mental
|player|p2|
