|j|☆SunshineTufo
|j|☆dirt_goop
|html|SunshineTufodirt_goop    
|uhtml|bestof|Game 3 of a best-of-3
|t:|1784808449
|gametype|doubles
|player|p1|SunshineTufo|li|1330
|player|p2|dirt_goop|iris-gen5bw2|1162
|gen|9
|tier|[Gen 9 Champions] VGC 2026 Reg M-B (Bo3)
|rated|
|rule|Species Clause: Limit one of each Pokémon
|rule|Item Clause: Limit 1 of each item
|clearpoke
|poke|p1|Charizard, L50, M, shiny|
|poke|p1|Incineroar, L50, M, shiny|
|poke|p1|Sylveon, L50, M, shiny|
|poke|p1|Aerodactyl, L50, M, shiny|
|poke|p1|Garchomp, L50, M, shiny|
|poke|p1|Farigiraf, L50, M, shiny|
|poke|p2|Archaludon, L50, M|
|poke|p2|Pelipper, L50, M|
|poke|p2|Charizard, L50, F|
|poke|p2|Venusaur, L50, F|
|poke|p2|Mamoswine, L50, M|
|poke|p2|Grimmsnarl, L50, M|
|teampreview|4
|showteam|p1|Charizard||CharizarditeY|SolarPower|HeatWave,WeatherBall,SolarBeam,Protect|Modest||M|||50|]Incineroar||Charcoal|Intimidate|FlareBlitz,DarkestLariat,FakeOut,PartingShot|Brave||M|||50|]Sylveon||FairyFeather|Pixilate|HyperVoice,QuickAttack,HyperBeam,Detect|Modest||M|||50|]Aerodactyl||Aerodactylite|Unnerve|WideGuard,RockSlide,DualWingbeat,Tailwind|Jolly||M|||50|]Garchomp||LifeOrb|RoughSkin|Protect,StompingTantrum,DragonClaw,Earthquake|Adamant||M|||50|]Farigiraf||SitrusBerry|ArmorTail|SunnyDay,PsychicFangs,Thunderbolt,TrickRoom|Relaxed||M|||50|
|showteam|p2|Archaludon||Leftovers|Stamina|ElectroShot,FlashCannon,DracoMeteor,Protect|Modest||M|||50|]Pelipper||SitrusBerry|Drizzle|Tailwind,WideGuard,Hurricane,WeatherBall|Timid||M|||50|]Charizard||CharizarditeY|Blaze|WeatherBall,HeatWave,Protect,SolarBeam|Modest||F|||50|]Venusaur||FocusSash|Chlorophyll|EarthPower,SludgeBomb,Protect,SleepPowder|Modest||F|||50|]Mamoswine||LifeOrb|Oblivious|IceShard,Earthquake,RockSlide,Protect|Adamant||M|||50|]Grimmsnarl||LightClay|Prankster|SpiritBreak,Reflect,LightScreen,PartingShot|Careful||M|||50|
|inactive|Battle timer is ON: inactive players will automatically lose when time's up. (requested by SunshineTufo)
|inactive|dirt_goop also wants the timer to be on.
|inactive|dirt_goop has 60 seconds left.
|
|t:|1784808505
|teamsize|p1|4
|teamsize|p2|4
|start
|switch|p1a: Incineroar|Incineroar, L50, M, shiny|100/100
|switch|p1b: Farigiraf|Farigiraf, L50, M, shiny|100/100
|switch|p2a: Mamoswine|Mamoswine, L50, M|100/100
|switch|p2b: Charizard|Charizard, L50, F|100/100
|-ability|p1a: Incineroar|Intimidate|boost
|-fail|p2a: Mamoswine|unboost|Attack|[from] ability: Oblivious|[of] p2a: Mamoswine
|-unboost|p2b: Charizard|atk|1
|turn|1
|
|t:|1784808526
|detailschange|p2b: Charizard|Charizard-Mega-Y, L50, F
|-mega|p2b: Charizard|Charizard|Charizardite Y
|-weather|SunnyDay|[from] ability: Drought|[of] p2b: Charizard
|move|p1a: Incineroar|Fake Out|p2a: Mamoswine
|-damage|p2a: Mamoswine|83/100
|move|p2b: Charizard|Weather Ball|p1b: Farigiraf
|-damage|p1b: Farigiraf|19/100
|-enditem|p1b: Farigiraf|Sitrus Berry|[eat]
|-heal|p1b: Farigiraf|44/100|[from] item: Sitrus Berry
|cant|p2a: Mamoswine|flinch
|move|p1b: Farigiraf|Trick Room|p1b: Farigiraf
|-fieldstart|move: Trick Room|[of] p1b: Farigiraf
|
|-weather|SunnyDay|[upkeep]
|upkeep
|turn|2
|
|t:|1784808541
|switch|p2a: Grimmsnarl|Grimmsnarl, L50, M|100/100
|move|p2b: Charizard|Protect|p2b: Charizard
|-singleturn|p2b: Charizard|Protect
|move|p1b: Farigiraf|Thunderbolt|p2b: Charizard
|-activate|p2b: Charizard|move: Protect
|move|p1a: Incineroar|Flare Blitz|p2a: Grimmsnarl
|-damage|p2a: Grimmsnarl|0 fnt
|faint|p2a: Grimmsnarl
|-damage|p1a: Incineroar|66/100|[from] Recoil
|
|-weather|SunnyDay|[upkeep]
|upkeep
|
|t:|1784808553
|switch|p2a: Pelipper|Pelipper, L50, M|100/100
|-weather|RainDance|[from] ability: Drizzle|[of] p2a: Pelipper
|turn|3
|
|t:|1784808565
|switch|p2a: Mamoswine|Mamoswine, L50, M|83/100
|move|p1b: Farigiraf|Thunderbolt|p2a: Mamoswine
|-immune|p2a: Mamoswine
|move|p1a: Incineroar|Flare Blitz|p2a: Mamoswine
|-supereffective|p2a: Mamoswine|1
|-damage|p2a: Mamoswine|12/100
|-damage|p1a: Incineroar|44/100|[from] Recoil
|move|p2b: Charizard|Weather Ball|p1b: Farigiraf
|-damage|p1b: Farigiraf|0 fnt
|faint|p1b: Farigiraf
|
|-weather|RainDance|[upkeep]
|upkeep
|
|t:|1784808571
|switch|p1b: Charizard|Charizard, L50, M, shiny|100/100
|turn|4
|
|t:|1784808586
|switch|p2a: Pelipper|Pelipper, L50, M|100/100
|move|p2b: Charizard|Protect|p2b: Charizard
|-singleturn|p2b: Charizard|Protect
|move|p1a: Incineroar|Darkest Lariat|p2a: Pelipper
|-damage|p2a: Pelipper|62/100
|move|p1b: Charizard|Weather Ball|p2b: Charizard
|-activate|p2b: Charizard|move: Protect
|
|-weather|RainDance|[upkeep]
|upkeep
|turn|5
|
|t:|1784808611
|move|p2a: Pelipper|Wide Guard|p2a: Pelipper
|-singleturn|p2a: Pelipper|Wide Guard
|move|p1a: Incineroar|Parting Shot|p2a: Pelipper
|-unboost|p2a: Pelipper|atk|1
|-unboost|p2a: Pelipper|spa|1
|
|t:|1784808615
|switch|p1a: Sylveon|Sylveon, L50, M, shiny|100/100|[from] Parting Shot
|move|p1b: Charizard|Weather Ball|p2b: Charizard
|-supereffective|p2b: Charizard|1
|-damage|p2b: Charizard|27/100
|move|p2b: Charizard|Heat Wave|p1a: Sylveon|[spread] p1a,p1b
|-resisted|p1b: Charizard|1
|-damage|p1a: Sylveon|82/100
|-damage|p1b: Charizard|88/100
|
|-weather|RainDance|[upkeep]
|-fieldend|move: Trick Room
|upkeep
|turn|6
|-message|dirt_goop forfeited.
|
|win|SunshineTufo
|raw|SunshineTufo's rating: 1330 → 1341(+11 for winning)
|raw|dirt_goop's rating: 1162 → 1148(-14 for losing)
|l|☆dirt_goop
|player|p2|
