|j|☆bassacucina777
|j|☆luriss
|html|bassacucina777luriss    
|uhtml|bestof|Game 1 of a best-of-3
|t:|1756581041
|gametype|doubles
|player|p1|bassacucina777|1|1172
|player|p2|luriss|ltsurge|1079
|gen|9
|tier|[Gen 9] VGC 2025 Reg H (Bo3)
|rated|
|rule|Species Clause: Limit one of each Pokémon
|rule|Item Clause: Limit 1 of each item
|clearpoke
|poke|p1|Ceruledge, L50, F|
|poke|p1|Sneasler, L50, M|
|poke|p1|Rillaboom, L50, M|
|poke|p1|Electabuzz, L50, F|
|poke|p1|Ursaluna-Bloodmoon, L50, M|
|poke|p1|Ninetales-Alola, L50, F|
|poke|p2|Sneasler, L50, M|
|poke|p2|Indeedee, L50, M|
|poke|p2|Volcarona, L50, M|
|poke|p2|Ursaluna-Bloodmoon, L50, M|
|poke|p2|Annihilape, L50, M|
|poke|p2|Tyranitar, L50, M|
|teampreview|4
|showteam|p1|Ceruledge||GrassySeed|FlashFire|BitterBlade,ShadowSneak,SwordsDance,Protect|||F|||50|,,,,,Grass]Sneasler||FocusSash|Unburden|CloseCombat,DireClaw,Coaching,Protect|||M|||50|,,,,,Stellar]Rillaboom||AssaultVest|GrassySurge|FakeOut,WoodHammer,HighHorsepower,GrassyGlide|||M|||50|,,,,,Fire]Electabuzz||Eviolite|VitalSpirit|Electroweb,Taunt,FollowMe,Protect|||F|||50|,,,,,Dragon]Ursaluna-Bloodmoon||LifeOrb|MindsEye|BloodMoon,HyperVoice,EarthPower,Protect|||M|||50|,,,,,Normal]Ninetales-Alola||CovertCloak|SnowWarning|Blizzard,AuroraVeil,Encore,Protect|||F|||50|,,,,,Water
|showteam|p2|Sneasler||PsychicSeed|Unburden|CloseCombat,DireClaw,ThroatChop,Protect|||M|||50|,,,,,Dark]Indeedee||ChoiceScarf|PsychicSurge|ExpandingForce,TeraBlast,Trick,Protect|||M|||50|,,,,,Psychic]Volcarona||SitrusBerry|FlameBody|Overheat,StruggleBug,RagePowder,Tailwind|||M|||50|,,,,,Grass]Ursaluna-Bloodmoon||LifeOrb|MindsEye|BloodMoon,HyperVoice,EarthPower,Protect|||M|||50|,,,,,Normal]Annihilape||SafetyGoggles|Defiant|CloseCombat,RageFist,Taunt,FinalGambit|||M|||50|,,,,,Fairy]Tyranitar||AssaultVest|SandStream|RockSlide,KnockOff,TeraBlast,LowKick|||M|||50|,,,,,Flying
|
|t:|1756581111
|teamsize|p1|4
|teamsize|p2|4
|start
|switch|p1a: Electabuzz|Electabuzz, L50, F|100/100
|switch|p1b: Ursaluna|Ursaluna-Bloodmoon, L50, M|100/100
|switch|p2a: Tyranitar|Tyranitar, L50, M|100/100
|switch|p2b: Indeedee|Indeedee, L50, M|100/100
|-fieldstart|move: Psychic Terrain|[from] ability: Psychic Surge|[of] p2b: Indeedee
|-weather|Sandstorm|[from] ability: Sand Stream|[of] p2a: Tyranitar
|turn|1
|
|t:|1756581168
|switch|p1a: Rillaboom|Rillaboom, L50, M|100/100
|-fieldstart|move: Grassy Terrain|[from] ability: Grassy Surge|[of] p1a: Rillaboom
|move|p2b: Indeedee|Expanding Force|p1b: Ursaluna
|-damage|p1b: Ursaluna|45/100
|move|p2a: Tyranitar|Rock Slide|p1b: Ursaluna|[spread] p1a,p1b
|-resisted|p1b: Ursaluna
|-damage|p1a: Rillaboom|73/100
|-damage|p1b: Ursaluna|32/100
|move|p1b: Ursaluna|Blood Moon|p2b: Indeedee
|-damage|p2b: Indeedee|0 fnt
|faint|p2b: Indeedee
|-damage|p1b: Ursaluna|22/100|[from] item: Life Orb
|
|-weather|Sandstorm|[upkeep]
|-damage|p1a: Rillaboom|67/100|[from] Sandstorm
|-heal|p1a: Rillaboom|73/100|[from] Grassy Terrain
|-heal|p1b: Ursaluna|28/100|[from] Grassy Terrain
|upkeep
|inactive|Battle timer is ON: inactive players will automatically lose when time's up. (requested by luriss)
|
|t:|1756581189
|switch|p2b: Volcarona|Volcarona, L50, M|100/100
|turn|2
|inactive|luriss has 30 seconds left.
|
|t:|1756581216
|switch|p1a: Ceruledge|Ceruledge, L50, F|100/100
|-enditem|p1a: Ceruledge|Grassy Seed
|-boost|p1a: Ceruledge|def|1|[from] item: Grassy Seed
|-terastallize|p2a: Tyranitar|Flying
|move|p1b: Ursaluna|Protect|p1b: Ursaluna
|-singleturn|p1b: Ursaluna|Protect
|move|p2b: Volcarona|Tailwind|p2b: Volcarona
|-sidestart|p2: luriss|move: Tailwind
|move|p2a: Tyranitar|Tera Blast|p1a: Ceruledge|[anim] Tera Blast Flying
|-damage|p1a: Ceruledge|72/100
|
|-weather|Sandstorm|[upkeep]
|-damage|p2b: Volcarona|94/100|[from] Sandstorm
|-damage|p2a: Tyranitar|95/100|[from] Sandstorm
|-damage|p1a: Ceruledge|66/100|[from] Sandstorm
|-heal|p2b: Volcarona|100/100|[from] Grassy Terrain
|-heal|p1a: Ceruledge|72/100|[from] Grassy Terrain
|-heal|p1b: Ursaluna|34/100|[from] Grassy Terrain
|upkeep
|turn|3
|inactive|bassacucina777 has 30 seconds left.
|inactive|bassacucina777 has 20 seconds left.
|inactive|bassacucina777 has 15 seconds left.
|
|t:|1756581259
|move|p1a: Ceruledge|Protect|p1a: Ceruledge
|-singleturn|p1a: Ceruledge|Protect
|move|p2b: Volcarona|Struggle Bug|p1b: Ursaluna|[spread] p1b
|-activate|p1a: Ceruledge|move: Protect
|-damage|p1b: Ursaluna|11/100
|-unboost|p1b: Ursaluna|spa|1
|move|p2a: Tyranitar|Rock Slide|p1b: Ursaluna|[spread] p1b
|-activate|p1a: Ceruledge|move: Protect
|-resisted|p1b: Ursaluna
|-damage|p1b: Ursaluna|0 fnt
|faint|p1b: Ursaluna
|
|-weather|Sandstorm|[upkeep]
|-damage|p2b: Volcarona|94/100|[from] Sandstorm
|-damage|p2a: Tyranitar|89/100|[from] Sandstorm
|-damage|p1a: Ceruledge|66/100|[from] Sandstorm
|-heal|p2b: Volcarona|100/100|[from] Grassy Terrain
|-heal|p1a: Ceruledge|72/100|[from] Grassy Terrain
|upkeep
|
|t:|1756581272
|switch|p1b: Electabuzz|Electabuzz, L50, F|100/100
|turn|4
|inactive|bassacucina777 has 30 seconds left.
|
|t:|1756581297
|move|p1b: Electabuzz|Follow Me|p1b: Electabuzz
|-singleturn|p1b: Electabuzz|move: Follow Me
|move|p2b: Volcarona|Struggle Bug|p1a: Ceruledge|[spread] p1a,p1b
|-resisted|p1a: Ceruledge
|-damage|p1a: Ceruledge|69/100
|-damage|p1b: Electabuzz|87/100
|-unboost|p1a: Ceruledge|spa|1
|-unboost|p1b: Electabuzz|spa|1
|move|p2a: Tyranitar|Rock Slide|p1b: Electabuzz|[spread] p1a,p1b
|-supereffective|p1a: Ceruledge
|-damage|p1a: Ceruledge|32/100
|-damage|p1b: Electabuzz|66/100
|move|p1a: Ceruledge|Swords Dance|p1a: Ceruledge
|-boost|p1a: Ceruledge|atk|2
|
|-weather|Sandstorm|[upkeep]
|-damage|p2b: Volcarona|94/100|[from] Sandstorm
|-damage|p2a: Tyranitar|83/100|[from] Sandstorm
|-damage|p1b: Electabuzz|60/100|[from] Sandstorm
|-damage|p1a: Ceruledge|26/100|[from] Sandstorm
|-heal|p2b: Volcarona|100/100|[from] Grassy Terrain
|-heal|p1b: Electabuzz|66/100|[from] Grassy Terrain
|-heal|p1a: Ceruledge|32/100|[from] Grassy Terrain
|upkeep
|turn|5
|inactive|luriss has 30 seconds left.
|
|t:|1756581326
|switch|p2a: Sneasler|Sneasler, L50, M|100/100
|move|p1a: Ceruledge|Protect|p1a: Ceruledge
|-singleturn|p1a: Ceruledge|Protect
|move|p2b: Volcarona|Struggle Bug|p1a: Ceruledge|[spread] p1b
|-activate|p1a: Ceruledge|move: Protect
|-damage|p1b: Electabuzz|52/100
|-unboost|p1b: Electabuzz|spa|1
|move|p1b: Electabuzz|Electroweb|p2b: Volcarona|[spread] p2a,p2b
|-damage|p2a: Sneasler|91/100
|-damage|p2b: Volcarona|95/100
|-unboost|p2a: Sneasler|spe|1
|-unboost|p2b: Volcarona|spe|1
|
|-weather|none
|-heal|p2a: Sneasler|97/100|[from] Grassy Terrain
|-heal|p2b: Volcarona|100/100|[from] Grassy Terrain
|-heal|p1b: Electabuzz|57/100|[from] Grassy Terrain
|-heal|p1a: Ceruledge|38/100|[from] Grassy Terrain
|-sideend|p2: luriss|move: Tailwind
|-fieldend|move: Grassy Terrain
|upkeep
|turn|6
|inactive|bassacucina777 has 30 seconds left.
|inactive|bassacucina777 has 20 seconds left.
|
|t:|1756581365
|move|p1b: Electabuzz|Follow Me|p1b: Electabuzz
|-singleturn|p1b: Electabuzz|move: Follow Me
|move|p2a: Sneasler|Dire Claw|p1b: Electabuzz
|-damage|p1b: Electabuzz|27/100
|move|p2b: Volcarona|Tailwind|p2b: Volcarona
|-sidestart|p2: luriss|move: Tailwind
|move|p1a: Ceruledge|Bitter Blade|p2a: Sneasler
|-damage|p2a: Sneasler|0 fnt
|-heal|p1a: Ceruledge|80/100|[from] drain|[of] p2a: Sneasler
|faint|p2a: Sneasler
|
|upkeep
|
|t:|1756581374
|switch|p2a: Tyranitar|Tyranitar, L50, M, tera:Flying|83/100
|-weather|Sandstorm|[from] ability: Sand Stream|[of] p2a: Tyranitar
|turn|7
|inactive|bassacucina777 has 30 seconds left.
|inactive|bassacucina777 has 20 seconds left.
|
|t:|1756581409
|move|p1b: Electabuzz|Protect|p1b: Electabuzz
|-singleturn|p1b: Electabuzz|Protect
|move|p2b: Volcarona|Rage Powder|p2b: Volcarona
|-singleturn|p2b: Volcarona|move: Rage Powder
|move|p2a: Tyranitar|Rock Slide|p1b: Electabuzz|[spread] p1a
|-activate|p1b: Electabuzz|move: Protect
|-supereffective|p1a: Ceruledge
|-damage|p1a: Ceruledge|43/100
|cant|p1a: Ceruledge|flinch
|
|-weather|Sandstorm|[upkeep]
|-damage|p2b: Volcarona|94/100|[from] Sandstorm
|-damage|p2a: Tyranitar|77/100|[from] Sandstorm
|-damage|p1b: Electabuzz|21/100|[from] Sandstorm
|-damage|p1a: Ceruledge|37/100|[from] Sandstorm
|upkeep
|turn|8
|
|t:|1756581431
|move|p1b: Electabuzz|Follow Me|p1b: Electabuzz
|-singleturn|p1b: Electabuzz|move: Follow Me
|move|p2b: Volcarona|Struggle Bug|p1b: Electabuzz|[spread] p1a,p1b
|-resisted|p1a: Ceruledge
|-damage|p1a: Ceruledge|33/100
|-damage|p1b: Electabuzz|7/100
|-unboost|p1a: Ceruledge|spa|1
|-unboost|p1b: Electabuzz|spa|1
|move|p2a: Tyranitar|Rock Slide|p1b: Electabuzz|[spread] p1a,p1b
|-supereffective|p1a: Ceruledge
|-damage|p1a: Ceruledge|0 fnt
|-damage|p1b: Electabuzz|0 fnt
|faint|p1a: Ceruledge
|faint|p1b: Electabuzz
|
|-weather|Sandstorm|[upkeep]
|-damage|p2b: Volcarona|88/100|[from] Sandstorm
|-damage|p2a: Tyranitar|72/100|[from] Sandstorm
|upkeep
|-message|bassacucina777 forfeited.
|
|win|luriss
