|j|Ōśårod rei delas
|j|ŌśåFxTT
|html|rod rei delasFxTT    
|uhtml|bestof|Game 1 of a best-of-3
|t:|1783397603
|gametype|doubles
|player|p1|rod rei delas|acetrainerf|
|player|p2|FxTT|266|
|gen|9
|tier|[Gen 9 Champions] VGC 2026 Reg M-B (Bo3)
|rule|Species Clause: Limit one of each Pok├®mon
|rule|Item Clause: Limit 1 of each item
|clearpoke
|poke|p1|Gardevoir, L50, M, shiny|
|poke|p1|Maushold-Four, L50, shiny|
|poke|p1|Grimmsnarl, L50, M, shiny|
|poke|p1|Talonflame, L50, M, shiny|
|poke|p1|Kingambit, L50, M, shiny|
|poke|p1|Garchomp, L50, F, shiny|
|poke|p2|Mawile, L50, F, shiny|
|poke|p2|Basculegion-F, L50, F, shiny|
|poke|p2|Pelipper, L50, F, shiny|
|poke|p2|Archaludon, L50, M|
|poke|p2|Sinistcha, L50|
|poke|p2|Incineroar, L50, M, shiny|
|teampreview|4
|showteam|p1|Gardevoir||Gardevoirite|Telepathy|HyperVoice,Psyshock,Protect,VacuumWave|Modest||M|||50|]Maushold-Four||ChopleBerry|FriendGuard|Feint,Taunt,FollowMe,Protect|Careful|||||50|]Grimmsnarl||RoseliBerry|Prankster|FoulPlay,PartingShot,ScaryFace,FakeOut|Careful||M|||50|]Talonflame||SharpBeak|GaleWings|FlareBlitz,DualWingbeat,Tailwind,QuickGuard|Jolly||M|||50|]Kingambit||FocusSash|Defiant|KowtowCleave,SuckerPunch,IronHead,Protect|Adamant||M|||50|]Garchomp||ChoiceScarf|RoughSkin|DragonClaw,Earthquake,StompingTantrum,RockSlide|Adamant||F|||50|
|showteam|p2|Mawile||Mawilite|Intimidate|PlayRough,RockSlide,SuckerPunch,Protect|Adamant||F|||50|]Basculegion-F||LifeOrb|SwiftSwim|MuddyWater,ShadowBall,IceBeam,Protect|Modest||F|||50|]Pelipper||ChoiceScarf|Drizzle|MuddyWater,Hurricane,WeatherBall,IceBeam|Timid||F|||50|]Archaludon||Leftovers|Stamina|DragonPulse,FlashCannon,ElectroShot,Protect|Modest||M|||50|]Sinistcha||SitrusBerry|Hospitality|MatchaGotcha,ShadowBall,RagePowder,TrickRoom|Calm|||||50|]Incineroar||ShucaBerry|Intimidate|FlareBlitz,ThroatChop,PartingShot,FakeOut|Adamant||M|||50|
|c|Ōśårod rei delas|vai morrer
|c|ŌśåFxTT|chupa penis
|c|Ōśårod rei delas|vc
|
|t:|1783397685
|teamsize|p1|4
|teamsize|p2|4
|start
|switch|p1a: Kingambit|Kingambit, L50, M, shiny|100/100
|switch|p1b: Garchomp|Garchomp, L50, F, shiny|100/100
|switch|p2a: rodrod|Sinistcha, L50|100/100
|switch|p2b: rodshawty|Incineroar, L50, M, shiny|100/100
|-ability|p2b: rodshawty|Intimidate|boost
|-unboost|p1a: Kingambit|atk|1
|-ability|p1a: Kingambit|Defiant|boost
|-boost|p1a: Kingambit|atk|2
|-unboost|p1b: Garchomp|atk|1
|turn|1
|
|t:|1783397766
|move|p2b: rodshawty|Fake Out|p1b: Garchomp
|-damage|p1b: Garchomp|88/100
|-damage|p2b: rodshawty|87/100|[from] ability: Rough Skin|[of] p1b: Garchomp
|move|p2a: rodrod|Rage Powder|p2a: rodrod
|-singleturn|p2a: rodrod|move: Rage Powder
|cant|p1b: Garchomp|flinch
|move|p1a: Kingambit|Kowtow Cleave|p2a: rodrod
|-supereffective|p2a: rodrod|1
|-damage|p2a: rodrod|0 fnt
|faint|p2a: rodrod
|
|upkeep
|c|Ōśårod rei delas|chupa
|c|ŌśåFxTT|lol
|
|t:|1783397788
|switch|p2a: come josue|Mawile, L50, F, shiny|100/100
|-ability|p2a: come josue|Intimidate|boost
|-unboost|p1a: Kingambit|atk|1
|-ability|p1a: Kingambit|Defiant|boost
|-boost|p1a: Kingambit|atk|2
|-unboost|p1b: Garchomp|atk|1
|turn|2
|
|t:|1783397816
|detailschange|p2a: come josue|Mawile-Mega, L50, F, shiny
|-mega|p2a: come josue|Mawile|Mawilite
|move|p1a: Kingambit|Protect|p1a: Kingambit
|-singleturn|p1a: Kingambit|Protect
|move|p1b: Garchomp|Earthquake|p2b: rodshawty|[spread] p2a,p2b
|-activate|p1a: Kingambit|move: Protect
|-supereffective|p2a: come josue|1
|-supereffective|p2b: rodshawty|1
|-enditem|p2b: rodshawty|Shuca Berry|[eat]
|-enditem|p2b: rodshawty|Shuca Berry|[weaken]
|-damage|p2a: come josue|56/100
|-damage|p2b: rodshawty|66/100
|move|p2b: rodshawty|Flare Blitz|p1a: Kingambit
|-activate|p1a: Kingambit|move: Protect
|move|p2a: come josue|Play Rough|p1b: Garchomp
|-supereffective|p1b: Garchomp|1
|-damage|p1b: Garchomp|0 fnt
|-damage|p2a: come josue|44/100|[from] ability: Rough Skin|[of] p1b: Garchomp
|faint|p1b: Garchomp
|
|upkeep
|
|t:|1783397849
|switch|p1b: Maushold|Maushold-Four, L50, shiny|100/100
|turn|3
|
|t:|1783397900
|move|p1b: Maushold|Follow Me|p1b: Maushold
|-singleturn|p1b: Maushold|move: Follow Me
|move|p1a: Kingambit|Iron Head|p2a: come josue
|-damage|p2a: come josue|0 fnt
|faint|p2a: come josue
|move|p2b: rodshawty|Parting Shot|p1b: Maushold
|-unboost|p1b: Maushold|atk|1
|-unboost|p1b: Maushold|spa|1
|
|t:|1783397907
|switch|p2b: jojo|Archaludon, L50, M|100/100|[from] Parting Shot
|
|upkeep
|
|t:|1783397910
|switch|p2a: rodshawty|Incineroar, L50, M, shiny|66/100
|-ability|p2a: rodshawty|Intimidate|boost
|-unboost|p1a: Kingambit|atk|1
|-ability|p1a: Kingambit|Defiant|boost
|-boost|p1a: Kingambit|atk|2
|-unboost|p1b: Maushold|atk|1
|turn|4
|c|ŌśåFxTT|doeu mais q era p doer
|c|Ōśårod rei delas|fdp ta bom seu time
|c|ŌśåFxTT|cabra sabe de nada
|c|ŌśåFxTT|e ta falando
|c|ŌśåFxTT|sua sorte
|c|ŌśåFxTT|├® que eu sei o mesmo nada
|
|t:|1783397948
|move|p1b: Maushold|Follow Me|p1b: Maushold
|-singleturn|p1b: Maushold|move: Follow Me
|move|p2b: jojo|Dragon Pulse|p1b: Maushold
|-damage|p1b: Maushold|57/100
|move|p1a: Kingambit|Kowtow Cleave|p2b: jojo
|-damage|p2b: jojo|8/100
|-ability|p2b: jojo|Stamina|boost
|-boost|p2b: jojo|def|1
|move|p2a: rodshawty|Flare Blitz|p1b: Maushold
|-damage|p1b: Maushold|0 fnt
|faint|p1b: Maushold
|-damage|p2a: rodshawty|50/100g|[from] Recoil
|
|-heal|p2b: jojo|14/100|[from] item: Leftovers
|upkeep
|c|ŌśåFxTT|cag├Żo
|c|Ōśårod rei delas|0+0=0
|
|t:|1783397962
|switch|p1b: Gardevoir|Gardevoir, L50, M, shiny|100/100
|turn|5
|c|ŌśåFxTT|achando que aq ├® gg
|c|Ōśårod rei delas|se pa
|c|Ōśårod rei delas|o henriq falou q eu jogo bem
|c|Ōśårod rei delas|falou q sou tipo o ashe
|c|Ōśårod rei delas|da nova gera├¦ao
|c|Ōśårod rei delas|ele nem ajudou em nada
|c|ŌśåFxTT|so o riq falando o qvc faz
|c|Ōśårod rei delas|eu so li e fui
|c|ŌśåFxTT|ai ├® favil
|
|t:|1783398037
|detailschange|p1b: Gardevoir|Gardevoir-Mega, L50, M, shiny
|-mega|p1b: Gardevoir|Gardevoir|Gardevoirite
|move|p1b: Gardevoir|Vacuum Wave|p2a: rodshawty
|-supereffective|p2a: rodshawty|1
|-damage|p2a: rodshawty|21/100
|move|p1a: Kingambit|Sucker Punch|p2b: jojo
|-damage|p2b: jojo|0 fnt
|faint|p2b: jojo
|move|p2a: rodshawty|Flare Blitz|p1a: Kingambit
|-supereffective|p1a: Kingambit|1
|-damage|p1a: Kingambit|3/100
|-damage|p2a: rodshawty|0 fnt|[from] Recoil
|faint|p2a: rodshawty
|
|win|rod rei delas
|inactive|rod rei delas has 30 seconds to confirm battle start!
|inactive|FxTT has 30 seconds to confirm battle start!
|c|ŌśåFxTT|wp
|c|Ōśårod rei delas|ggwp
|l|ŌśåFxTT
|player|p2|
|inactive|rod rei delas has 20 seconds to confirm battle start!
|inactive|FxTT has 20 seconds to confirm battle start!
|inactive|rod rei delas has 10 seconds to confirm battle start!
|inactive|FxTT has 10 seconds to confirm battle start!
||FxTT is ready for game 2.
|uhtml|next|Next: Game 2 of 3
|j|ŌśåFxTT
|player|p2|FxTT|266|
