|j|☆Quinten165
|j|☆Wavelet
|html|Quinten165Wavelet    
|uhtml|bestof|Game 1 of a best-of-3
|t:|1785600969
|gametype|doubles
|player|p1|Quinten165|265|1173
|player|p2|Wavelet|red-masters|1060
|gen|9
|tier|[Gen 9 Champions] VGC 2026 Reg M-B (Bo3)
|rated|
|rule|Species Clause: Limit one of each Pokémon
|rule|Item Clause: Limit 1 of each item
|clearpoke
|poke|p1|Blaziken, L50, M|
|poke|p1|Kingambit, L50, M|
|poke|p1|Ninetales-Alola, L50, F|
|poke|p1|Basculegion, L50, M|
|poke|p1|Venusaur, L50, F|
|poke|p1|Lycanroc-Dusk, L50, F|
|poke|p2|Gengar, L50, M|
|poke|p2|Incineroar, L50, M|
|poke|p2|Politoed, L50, M|
|poke|p2|Archaludon, L50, M|
|poke|p2|Vivillon-Pokeball, L50, F|
|poke|p2|Swampert, L50, F|
|teampreview|4
|showteam|p1|Blaziken||Blazikenite|SpeedBoost|FlareBlitz,CloseCombat,RockSlide,Protect|Adamant||M|||50|]Kingambit||ChopleBerry|Defiant|KowtowCleave,SuckerPunch,IronHead,Protect|Adamant||M|||50|]Ninetales-Alola||NeverMeltIce|SnowWarning|Blizzard,FreezeDry,Encore,Protect|Timid||F|||50|]Basculegion||ChoiceScarf|Adaptability|WaveCrash,LastRespects,AquaJet,FlipTurn|Adamant||M|||50|]Venusaur||Venusaurite|Overgrow|GigaDrain,SludgeBomb,EarthPower,Protect|Modest||F|||50|]Lycanroc-Dusk||FocusSash|ToughClaws|Accelerock,RockSlide,CloseCombat,Protect|Adamant||F|||50|
|showteam|p2|Gengar||Gengarite|CursedBody|PerishSong,ShadowBall,Protect,SludgeBomb|Timid||M|||50|]Incineroar||PasshoBerry|Intimidate|PartingShot,ThroatChop,FakeOut,Protect|Careful||M|||50|]Politoed||SitrusBerry|Drizzle|PerishSong,Encore,MuddyWater,Protect|Calm||M|||50|]Archaludon||Leftovers|Stamina|ElectroShot,FlashCannon,Protect,DragonPulse|Timid||M|||50|]Vivillon-Pokeball||FocusSash|CompoundEyes|SleepPowder,RagePowder,Protect,Hurricane|Timid||F|||50|]Swampert||Swampertite|Torrent|WaveCrash,Earthquake,Protect,KnockOff|Adamant||F|||50|
|inactive|Battle timer is ON: inactive players will automatically lose when time's up. (requested by Quinten165)
|
|t:|1785601002
|teamsize|p1|4
|teamsize|p2|4
|start
|switch|p1a: Kingambit|Kingambit, L50, M|100/100
|switch|p1b: Basculegion|Basculegion, L50, M|100/100
|switch|p2a: Gengar|Gengar, L50, M|100/100
|switch|p2b: Vivillon|Vivillon-Pokeball, L50, F|100/100
|turn|1
|
|t:|1785601026
|detailschange|p2a: Gengar|Gengar-Mega, L50, M
|-mega|p2a: Gengar|Gengar|Gengarite
|move|p2a: Gengar|Protect|p2a: Gengar
|-singleturn|p2a: Gengar|Protect
|move|p1b: Basculegion|Wave Crash|p2a: Gengar
|-activate|p2a: Gengar|move: Protect
|move|p2b: Vivillon|Sleep Powder|p1b: Basculegion
|-status|p1b: Basculegion|slp|[from] move: Sleep Powder
|move|p1a: Kingambit|Kowtow Cleave|p2b: Vivillon
|-damage|p2b: Vivillon|3/100
|
|upkeep
|turn|2
|
|t:|1785601047
|move|p1a: Kingambit|Protect|p1a: Kingambit
|-singleturn|p1a: Kingambit|Protect
|move|p2a: Gengar|Shadow Ball|p1b: Basculegion
|-supereffective|p1b: Basculegion|1
|-damage|p1b: Basculegion|0 fnt
|faint|p1b: Basculegion
|move|p2b: Vivillon|Sleep Powder|p1a: Kingambit
|-activate|p1a: Kingambit|move: Protect
|
|upkeep
|
|t:|1785601062
|switch|p1b: Ninetales|Ninetales-Alola, L50, F|100/100
|-weather|Snowscape|[from] ability: Snow Warning|[of] p1b: Ninetales
|turn|3
|
|t:|1785601073
|move|p1a: Kingambit|Sucker Punch||[still]
|-fail|p1a: Kingambit
|move|p2a: Gengar|Perish Song|p2a: Gengar
|-start|p1a: Kingambit|perish3|[silent]
|-start|p1b: Ninetales|perish3|[silent]
|-start|p2a: Gengar|perish3|[silent]
|-start|p2b: Vivillon|perish3|[silent]
|-fieldactivate|move: Perish Song
|move|p1b: Ninetales|Blizzard|p2a: Gengar|[spread] p2a,p2b
|-supereffective|p2b: Vivillon|1
|-damage|p2a: Gengar|47/100
|-damage|p2b: Vivillon|0 fnt
|faint|p2b: Vivillon
|
|-weather|Snowscape|[upkeep]
|-start|p2a: Gengar|perish3
|-start|p1b: Ninetales|perish3
|-start|p1a: Kingambit|perish3
|upkeep
|
|t:|1785601081
|switch|p2b: Politoed|Politoed, L50, M|100/100
|-weather|RainDance|[from] ability: Drizzle|[of] p2b: Politoed
|turn|4
|
|t:|1785601106
|move|p2a: Gengar|Protect|p2a: Gengar
|-singleturn|p2a: Gengar|Protect
|move|p1b: Ninetales|Freeze-Dry|p2b: Politoed
|-supereffective|p2b: Politoed|1
|-damage|p2b: Politoed|60/100
|move|p2b: Politoed|Encore|p1a: Kingambit
|-start|p1a: Kingambit|Encore
|move|p1a: Kingambit|Sucker Punch||[still]
|-fail|p1a: Kingambit
|
|-weather|RainDance|[upkeep]
|-start|p2a: Gengar|perish2
|-start|p1b: Ninetales|perish2
|-start|p1a: Kingambit|perish2
|upkeep
|turn|5
|
|t:|1785601129
|move|p2a: Gengar|Protect||[still]
|-fail|p2a: Gengar
|move|p1a: Kingambit|Sucker Punch||[still]
|-fail|p1a: Kingambit
|move|p1b: Ninetales|Blizzard|p2b: Politoed|[spread] p2a,p2b
|-resisted|p2b: Politoed|1
|-damage|p2a: Gengar|0 fnt
|-damage|p2b: Politoed|47/100
|-status|p2b: Politoed|frz
|-enditem|p2b: Politoed|Sitrus Berry|[eat]
|-heal|p2b: Politoed|72/100 frz|[from] item: Sitrus Berry
|faint|p2a: Gengar
|cant|p2b: Politoed|frz
|
|-weather|RainDance|[upkeep]
|-start|p1b: Ninetales|perish1
|-start|p1a: Kingambit|perish1
|upkeep
|
|t:|1785601136
|switch|p2a: Swampert|Swampert, L50, F|100/100
|turn|6
|-message|Wavelet forfeited.
|
|win|Quinten165
|l|☆Wavelet
|player|p2|
|raw|Quinten165's rating: 1173 → 1190(+17 for winning)
|raw|Wavelet's rating: 1060 → 1047(-13 for losing)
