|j|☆King_shuckle17
|j|☆Rockslap
|html|King_shuckle17Rockslap    
|uhtml|bestof|Game 3 of a best-of-3
|t:|1757046289
|gametype|doubles
|player|p1|King_shuckle17|lusamine-masters|1181
|player|p2|Rockslap|101|1284
|gen|9
|tier|[Gen 9] VGC 2025 Reg H (Bo3)
|rated|
|rule|Species Clause: Limit one of each Pokémon
|rule|Item Clause: Limit 1 of each item
|clearpoke
|poke|p1|Pelipper, L50, F|
|poke|p1|Archaludon, L50, M|
|poke|p1|Grimmsnarl, L50, M|
|poke|p1|Overqwil, L50, F|
|poke|p1|Sinistcha, L50|
|poke|p1|Annihilape, L50, F|
|poke|p2|Kommo-o, L50, M|
|poke|p2|Incineroar, L50, F|
|poke|p2|Rillaboom, L50, F|
|poke|p2|Volcarona, L50, M|
|poke|p2|Electabuzz, L50, M|
|poke|p2|Golduck, L50, M|
|teampreview|4
|showteam|p1|Pelipper||FocusSash|Drizzle|Hurricane,WeatherBall,Tailwind,Protect|||F|||50|,,,,,Ghost]Archaludon||AssaultVest|Stamina|ElectroShot,DragonPulse,FlashCannon,BodyPress|||M|||50|,,,,,Fairy]Grimmsnarl||LightClay|Prankster|LightScreen,Reflect,SpiritBreak,SuckerPunch|||M|||50|,,,,,Ghost]Overqwil||LifeOrb|SwiftSwim|PoisonJab,Crunch,Haze,Protect|||F|||50|,,,,,Grass]Sinistcha||SitrusBerry|Hospitality|MatchaGotcha,RagePowder,StrengthSap,Protect||||||50|,,,,,Dark]Annihilape||SafetyGoggles|Defiant|RageFist,DrainPunch,BulkUp,Protect|||F|||50|,,,,,Fire
|showteam|p2|Kommo-o||ThroatSpray|Soundproof|ClangingScales,FlashCannon,ClangorousSoul,Protect|||M|||50|,,,,,Steel]Incineroar||SafetyGoggles|Intimidate|FakeOut,KnockOff,PartingShot,FlareBlitz|||F|||50|,,,,,Bug]Rillaboom||AssaultVest|GrassySurge|FakeOut,WoodHammer,HighHorsepower,GrassyGlide|||F|||50|,,,,,Water]Volcarona||SitrusBerry|FlameBody|QuiverDance,HeatWave,TeraBlast,Protect|||M|||50|,,,,,Fairy]Electabuzz||Eviolite|VitalSpirit|Protect,Electroweb,Taunt,FollowMe|||M|||50|,,,,,Fairy]Golduck||CovertCloak|CloudNine|IcyWind,SimpleBeam,HelpingHand,Encore|||M|||50|,,,,,Poison
|inactive|Battle timer is ON: inactive players will automatically lose when time's up. (requested by King_shuckle17)
|inactive|Rockslap has 60 seconds left.
|inactive|Rockslap has 30 seconds left.
|j| teamthief420
|inactive|Rockslap has 20 seconds left.
|inactive|Rockslap has 15 seconds left.
|inactive|Rockslap has 10 seconds left.
|inactive|Rockslap has 5 seconds left.
|
|t:|1757046379
|teamsize|p1|4
|teamsize|p2|4
|start
|switch|p1a: Grimmsnarl|Grimmsnarl, L50, M|100/100
|switch|p1b: Overqwil|Overqwil, L50, F|100/100
|switch|p2a: Kommo-o|Kommo-o, L50, M, shiny|100/100
|switch|p2b: Electabuzz|Electabuzz, L50, M, shiny|100/100
|turn|1
|
|t:|1757046396
|switch|p1b: Annihilape|Annihilape, L50, F|100/100
|-terastallize|p2a: Kommo-o|Steel
|move|p2b: Electabuzz|Taunt|p1a: Grimmsnarl
|-start|p1a: Grimmsnarl|move: Taunt
|move|p2a: Kommo-o|Flash Cannon|p1a: Grimmsnarl
|-supereffective|p1a: Grimmsnarl
|-damage|p1a: Grimmsnarl|23/100
|move|p1a: Grimmsnarl|Spirit Break|p2b: Electabuzz
|-damage|p2b: Electabuzz|73/100
|-unboost|p2b: Electabuzz|spa|1
|
|upkeep
|turn|2
|
|t:|1757046415
|switch|p1a: Overqwil|Overqwil, L50, F|100/100
|move|p2b: Electabuzz|Follow Me|p2b: Electabuzz
|-singleturn|p2b: Electabuzz|move: Follow Me
|move|p2a: Kommo-o|Clangorous Soul|p2a: Kommo-o
|-boost|p2a: Kommo-o|atk|1
|-boost|p2a: Kommo-o|def|1
|-boost|p2a: Kommo-o|spa|1
|-boost|p2a: Kommo-o|spd|1
|-boost|p2a: Kommo-o|spe|1
|-damage|p2a: Kommo-o|68/100
|-enditem|p2a: Kommo-o|Throat Spray
|-boost|p2a: Kommo-o|spa|1|[from] item: Throat Spray
|move|p1b: Annihilape|Bulk Up|p1b: Annihilape
|-boost|p1b: Annihilape|atk|1
|-boost|p1b: Annihilape|def|1
|
|upkeep
|turn|3
|
|t:|1757046424
|switch|p1b: Pelipper|Pelipper, L50, F|100/100
|-weather|RainDance|[from] ability: Drizzle|[of] p1b: Pelipper
|move|p2a: Kommo-o|Protect|p2a: Kommo-o
|-singleturn|p2a: Kommo-o|Protect
|move|p1a: Overqwil|Haze|p1a: Overqwil
|-clearallboost
|move|p2b: Electabuzz|Taunt|p1a: Overqwil
|-start|p1a: Overqwil|move: Taunt
|
|-weather|RainDance|[upkeep]
|upkeep
|turn|4
|
|t:|1757046434
|switch|p2b: Golduck|Golduck, L50, M|100/100
|-ability|p2b: Golduck|Cloud Nine
|move|p2a: Kommo-o|Clanging Scales|p1a: Overqwil|[spread] p1a,p1b
|-damage|p1a: Overqwil|50/100
|-damage|p1b: Pelipper|35/100
|-unboost|p2a: Kommo-o|def|1
|move|p1b: Pelipper|Tailwind|p1b: Pelipper
|-sidestart|p1: King_shuckle17|move: Tailwind
|move|p1a: Overqwil|Poison Jab|p2b: Golduck
|-damage|p2b: Golduck|41/100
|-damage|p1a: Overqwil|40/100|[from] item: Life Orb
|
|-weather|RainDance|[upkeep]
|upkeep
|turn|5
|
|t:|1757046443
|switch|p1b: Annihilape|Annihilape, L50, F|100/100
|switch|p2b: Electabuzz|Electabuzz, L50, M, shiny|73/100
|move|p2a: Kommo-o|Protect|p2a: Kommo-o
|-singleturn|p2a: Kommo-o|Protect
|move|p1a: Overqwil|Poison Jab|p2b: Electabuzz
|-damage|p2b: Electabuzz|23/100
|-damage|p1a: Overqwil|31/100|[from] item: Life Orb
|
|-weather|RainDance|[upkeep]
|upkeep
|turn|6
|
|t:|1757046451
|move|p2b: Electabuzz|Follow Me|p2b: Electabuzz
|-singleturn|p2b: Electabuzz|move: Follow Me
|move|p1a: Overqwil|Poison Jab|p2b: Electabuzz
|-damage|p2b: Electabuzz|0 fnt
|faint|p2b: Electabuzz
|-damage|p1a: Overqwil|21/100|[from] item: Life Orb
|move|p1b: Annihilape|Drain Punch|p2a: Kommo-o
|-supereffective|p2a: Kommo-o
|-damage|p2a: Kommo-o|0 fnt
|faint|p2a: Kommo-o
|
|-weather|RainDance|[upkeep]
|-end|p1a: Overqwil|move: Taunt
|upkeep
|
|t:|1757046454
|switch|p2b: Volcarona|Volcarona, L50, M, shiny|100/100
|switch|p2a: Golduck|Golduck, L50, M|41/100
|-ability|p2a: Golduck|Cloud Nine
|turn|7
|
|t:|1757046466
|-terastallize|p1b: Annihilape|Fire
|move|p2a: Golduck|Helping Hand|p2b: Volcarona
|-singleturn|p2b: Volcarona|Helping Hand|[of] p2a: Golduck
|move|p1b: Annihilape|Drain Punch|p2a: Golduck
|-damage|p2a: Golduck|2/100
|move|p1a: Overqwil|Crunch|p2a: Golduck
|-damage|p2a: Golduck|0 fnt
|faint|p2a: Golduck
|-damage|p1a: Overqwil|11/100|[from] item: Life Orb
|move|p2b: Volcarona|Heat Wave|p1b: Annihilape|[spread] p1a,p1b
|-resisted|p1b: Annihilape
|-damage|p1a: Overqwil|0 fnt
|-damage|p1b: Annihilape|88/100
|faint|p1a: Overqwil
|
|-weather|none
|-sideend|p1: King_shuckle17|move: Tailwind
|upkeep
|
|t:|1757046468
|switch|p1a: Pelipper|Pelipper, L50, F|35/100
|-weather|RainDance|[from] ability: Drizzle|[of] p1a: Pelipper
|turn|8
|
|t:|1757046473
|move|p2b: Volcarona|Tera Blast|p1a: Pelipper
|-damage|p1a: Pelipper|0 fnt
|faint|p1a: Pelipper
|move|p1b: Annihilape|Bulk Up|p1b: Annihilape
|-boost|p1b: Annihilape|atk|1
|-boost|p1b: Annihilape|def|1
|
|-weather|RainDance|[upkeep]
|upkeep
|
|t:|1757046475
|switch|p1a: Grimmsnarl|Grimmsnarl, L50, M|23/100
|turn|9
|
|t:|1757046480
|move|p1a: Grimmsnarl|Light Screen|p1a: Grimmsnarl
|-sidestart|p1: King_shuckle17|move: Light Screen
|move|p2b: Volcarona|Quiver Dance|p2b: Volcarona
|-boost|p2b: Volcarona|spa|1
|-boost|p2b: Volcarona|spd|1
|-boost|p2b: Volcarona|spe|1
|move|p1b: Annihilape|Rage Fist|p2b: Volcarona
|-damage|p2b: Volcarona|8/100
|-enditem|p2b: Volcarona|Sitrus Berry|[eat]
|-heal|p2b: Volcarona|33/100|[from] item: Sitrus Berry
|
|-weather|RainDance|[upkeep]
|upkeep
|turn|10
|
|t:|1757046484
|move|p1a: Grimmsnarl|Sucker Punch|p2b: Volcarona
|-damage|p2b: Volcarona|0 fnt
|-status|p1a: Grimmsnarl|brn|[from] ability: Flame Body|[of] p2b: Volcarona
|faint|p2b: Volcarona
|
|win|King_shuckle17
|raw|King_shuckle17's rating: 1181 → 1213(+32 for winning)
|raw|Rockslap's rating: 1284 → 1252(-32 for losing)
|c|☆King_shuckle17|ggs
|l|☆Rockslap
|player|p2|
|l| teamthief420
