|j|☆spacetarts
|j|☆FireBoyJ
|html|spacetartsFireBoyJ    
|uhtml|bestof|Game 2 of a best-of-3
|t:|1784374949
|gametype|doubles
|player|p1|spacetarts|265|
|player|p2|FireBoyJ|2|
|gen|9
|tier|[Gen 9 Champions] VGC 2026 Reg M-B (Bo3)
|rule|Species Clause: Limit one of each Pokémon
|rule|Item Clause: Limit 1 of each item
|clearpoke
|poke|p1|Golurk, L50|
|poke|p1|Goodra, L50, F, shiny|
|poke|p1|Runerigus, L50, F|
|poke|p1|Liepard, L50, M|
|poke|p1|Mawile, L50, F|
|poke|p1|Chandelure, L50, M|
|poke|p2|Manectric, L50, F|
|poke|p2|Liepard, L50, M|
|poke|p2|Floette-Eternal, L50, F|
|poke|p2|Serperior, L50, F|
|poke|p2|Tauros-Paldea-Aqua, L50, M|
|poke|p2|Gardevoir, L50, F|
|teampreview|4
|showteam|p1|Golurk||Golurkite|IronFist|HeadlongRush,HammerArm,RockSlide,Protect|Adamant|||||50|]Goodra||Leftovers|Gooey|LifeDew,GigaDrain,DragonPulse,Feint|Bold||F|||50|]Runerigus||SitrusBerry|WanderingSpirit|TrickRoom,AllySwitch,ShadowClaw,WillOWisp|Sassy||F|||50|]Liepard||ChopleBerry|Prankster|Yawn,FakeOut,SunnyDay,KnockOff|Adamant||M|||50|]Mawile||LifeOrb|Intimidate|KnockOff,Protect,PlayRough,IronHead|Impish||F|||50|]Chandelure||FocusSash|FlashFire|ShadowBall,HeatWave,TrickRoom,Protect|Quiet||M|||50|
|showteam|p2|Manectric||Manectite|LightningRod|Thunderbolt,Snarl,VoltSwitch,Protect|Timid||F|||50|]Liepard||FocusSash|Prankster|KnockOff,FakeOut,Taunt,ThunderWave|Jolly||M|||50|]Floette-Eternal||Leftovers|FlowerVeil|Moonblast,DazzlingGleam,CalmMind,Protect|Modest||F|||50|]Serperior||LightClay|Contrary|LeafStorm,Glare,LightScreen,Reflect|Timid||F|||50|]Tauros-Paldea-Aqua||SitrusBerry|Intimidate|WaveCrash,CloseCombat,AquaJet,Protect|Adamant||M|||50|]Gardevoir||ChoiceScarf|Trace|Moonblast,Psyshock,IcyWind,DazzlingGleam|Modest||F|||50|
|
|t:|1784375013
|teamsize|p1|4
|teamsize|p2|4
|start
|switch|p1a: Mawile|Mawile, L50, F|100/100
|switch|p1b: Liepard|Liepard, L50, M|100/100
|switch|p2a: Liepard|Liepard, L50, M|100/100
|switch|p2b: Tauros|Tauros-Paldea-Aqua, L50, M|100/100
|-ability|p2b: Tauros|Intimidate|boost
|-unboost|p1a: Mawile|atk|1
|-unboost|p1b: Liepard|atk|1
|-ability|p1a: Mawile|Intimidate|boost
|-unboost|p2a: Liepard|atk|1
|-unboost|p2b: Tauros|atk|1
|turn|1
|c|☆spacetarts|glad we're doing this - just caught a teamsheet error lol
|
|t:|1784375080
|move|p1a: Mawile|Protect|p1a: Mawile
|-singleturn|p1a: Mawile|Protect
|move|p2a: Liepard|Fake Out|p1a: Mawile
|-activate|p1a: Mawile|move: Protect
|move|p1b: Liepard|Yawn|p2b: Tauros
|-start|p2b: Tauros|move: Yawn|[of] p1b: Liepard
|move|p2b: Tauros|Wave Crash|p1b: Liepard
|-damage|p1b: Liepard|33/100
|-damage|p2b: Tauros|79/100|[from] Recoil
|
|upkeep
|turn|2
|
|t:|1784375115
|move|p2a: Liepard|Knock Off|p1a: Mawile
|-resisted|p1a: Mawile|1
|-damage|p1a: Mawile|84/100
|-enditem|p1a: Mawile|Life Orb|[from] move: Knock Off|[of] p2a: Liepard
|move|p2b: Tauros|Wave Crash|p1b: Liepard
|-damage|p1b: Liepard|0 fnt
|faint|p1b: Liepard
|-damage|p2b: Tauros|68/100|[from] Recoil
|move|p1a: Mawile|Play Rough|p2a: Liepard
|-supereffective|p2a: Liepard|1
|-enditem|p2a: Liepard|Focus Sash
|-damage|p2a: Liepard|1/100
|
|-end|p2b: Tauros|move: Yawn|[silent]
|-status|p2b: Tauros|slp
|upkeep
|
|t:|1784375130
|switch|p1b: Chandelure|Chandelure, L50, M|100/100
|turn|3
|
|t:|1784375153
|cant|p2b: Tauros|slp
|move|p1a: Mawile|Protect|p1a: Mawile
|-singleturn|p1a: Mawile|Protect
|move|p2a: Liepard|Knock Off|p1b: Chandelure
|-supereffective|p1b: Chandelure|1
|-damage|p1b: Chandelure|34/100
|-enditem|p1b: Chandelure|Focus Sash|[from] move: Knock Off|[of] p2a: Liepard
|move|p1b: Chandelure|Heat Wave|p2b: Tauros|[spread] p2a,p2b
|-resisted|p2b: Tauros|1
|-damage|p2a: Liepard|0 fnt
|-damage|p2b: Tauros|43/100 slp
|-enditem|p2b: Tauros|Sitrus Berry|[eat]
|-heal|p2b: Tauros|68/100 slp|[from] item: Sitrus Berry
|faint|p2a: Liepard
|
|upkeep
|
|t:|1784375203
|switch|p2a: Floette|Floette-Eternal, L50, F|100/100
|turn|4
|
|t:|1784375218
|move|p2a: Floette|Protect|p2a: Floette
|-singleturn|p2a: Floette|Protect
|cant|p2b: Tauros|slp
|move|p1a: Mawile|Iron Head|p2a: Floette
|-activate|p2a: Floette|move: Protect
|move|p1b: Chandelure|Trick Room|p1b: Chandelure
|-fieldstart|move: Trick Room|[of] p1b: Chandelure
|
|upkeep
|turn|5
|
|t:|1784375252
|switch|p2a: Serperior|Serperior, L50, F|100/100
|move|p1b: Chandelure|Protect|p1b: Chandelure
|-singleturn|p1b: Chandelure|Protect
|-curestatus|p2b: Tauros|slp|[msg]
|move|p2b: Tauros|Aqua Jet|p1b: Chandelure
|-activate|p1b: Chandelure|move: Protect
|move|p1a: Mawile|Iron Head|p2a: Serperior
|-damage|p2a: Serperior|79/100
|
|upkeep
|turn|6
|
|t:|1784375303
|switch|p1b: Runerigus|Runerigus, L50, F|100/100
|move|p2b: Tauros|Aqua Jet|p1b: Runerigus
|-supereffective|p1b: Runerigus|1
|-damage|p1b: Runerigus|81/100
|-activate|p2b: Tauros|Skill Swap|Wandering Spirit|Intimidate|[of] p1b: Runerigus
|-ability|p1b: Runerigus|Intimidate|boost
|-boost|p2a: Serperior|atk|1
|-unboost|p2b: Tauros|atk|1
|move|p1a: Mawile|Play Rough|p2b: Tauros
|-supereffective|p2b: Tauros|1
|-damage|p2b: Tauros|21/100
|-activate|p1a: Mawile|Skill Swap|Wandering Spirit|Intimidate|[of] p2b: Tauros
|-ability|p2b: Tauros|Intimidate|boost
|-unboost|p1a: Mawile|atk|1
|-unboost|p1b: Runerigus|atk|1
|move|p2a: Serperior|Reflect|p2a: Serperior
|-sidestart|p2: FireBoyJ|Reflect
|
|upkeep
|turn|7
|
|t:|1784375341
|switch|p1a: Chandelure|Chandelure, L50, M|34/100
|move|p2b: Tauros|Protect|p2b: Tauros
|-singleturn|p2b: Tauros|Protect
|move|p1b: Runerigus|Will-O-Wisp|p2b: Tauros
|-activate|p2b: Tauros|move: Protect
|move|p2a: Serperior|Leaf Storm|p1b: Runerigus
|-supereffective|p1b: Runerigus|1
|-damage|p1b: Runerigus|16/100
|-boost|p2a: Serperior|spa|2
|-enditem|p1b: Runerigus|Sitrus Berry|[eat]
|-heal|p1b: Runerigus|41/100|[from] item: Sitrus Berry
|
|upkeep
|turn|8
|
|t:|1784375366
|move|p1b: Runerigus|Ally Switch|p1b: Runerigus
|swap|p1b: Runerigus|0|[from] move: Ally Switch
|move|p2b: Tauros|Aqua Jet|p1a: Runerigus
|-supereffective|p1a: Runerigus|1
|-damage|p1a: Runerigus|26/100
|move|p1b: Chandelure|Heat Wave|p2a: Serperior|[spread] p2a,p2b
|-supereffective|p2a: Serperior|1
|-resisted|p2b: Tauros|1
|-damage|p2a: Serperior|0 fnt
|-damage|p2b: Tauros|0 fnt
|faint|p2a: Serperior
|faint|p2b: Tauros
|
|-fieldend|move: Trick Room
|upkeep
|
|t:|1784375380
|switch|p2b: Floette|Floette-Eternal, L50, F|100/100
|turn|9
|
|t:|1784375394
|move|p1b: Chandelure|Protect|p1b: Chandelure
|-singleturn|p1b: Chandelure|Protect
|move|p2b: Floette|Calm Mind|p2b: Floette
|-boost|p2b: Floette|spa|1
|-boost|p2b: Floette|spd|1
|move|p1a: Runerigus|Trick Room|p1a: Runerigus
|-fieldstart|move: Trick Room|[of] p1a: Runerigus
|
|upkeep
|turn|10
|
|t:|1784375410
|move|p2b: Floette|Protect|p2b: Floette
|-singleturn|p2b: Floette|Protect
|move|p1a: Runerigus|Shadow Claw|p2b: Floette
|-activate|p2b: Floette|move: Protect
|move|p1b: Chandelure|Shadow Ball|p2b: Floette
|-activate|p2b: Floette|move: Protect
|
|upkeep
|turn|11
|
|t:|1784375423
|move|p1a: Runerigus|Shadow Claw|p2b: Floette
|-crit|p2b: Floette
|-damage|p2b: Floette|58/100
|move|p1b: Chandelure|Shadow Ball|p2b: Floette
|-damage|p2b: Floette|31/100
|move|p2b: Floette|Dazzling Gleam|p1b: Chandelure|[spread] p1a,p1b
|-resisted|p1b: Chandelure|1
|-damage|p1a: Runerigus|0 fnt
|-damage|p1b: Chandelure|8/100
|faint|p1a: Runerigus
|
|-heal|p2b: Floette|37/100|[from] item: Leftovers
|upkeep
|
|t:|1784375434
|switch|p1a: Mawile|Mawile, L50, F|84/100
|-ability|p1a: Mawile|Intimidate|boost
|-unboost|p2b: Floette|atk|1
|turn|12
|
|t:|1784375443
|move|p2b: Floette|Protect|p2b: Floette
|-singleturn|p2b: Floette|Protect
|move|p1a: Mawile|Iron Head|p2b: Floette
|-activate|p2b: Floette|move: Protect
|move|p1b: Chandelure|Shadow Ball|p2b: Floette
|-activate|p2b: Floette|move: Protect
|
|-heal|p2b: Floette|43/100|[from] item: Leftovers
|upkeep
|turn|13
|
|t:|1784375456
|move|p2b: Floette|Protect|p2b: Floette
|-singleturn|p2b: Floette|Protect
|move|p1a: Mawile|Iron Head|p2b: Floette
|-activate|p2b: Floette|move: Protect
|move|p1b: Chandelure|Shadow Ball|p2b: Floette
|-activate|p2b: Floette|move: Protect
|
|-heal|p2b: Floette|49/100|[from] item: Leftovers
|-sideend|p2: FireBoyJ|Reflect
|-fieldend|move: Trick Room
|upkeep
|turn|14
|
|t:|1784375479
|move|p1b: Chandelure|Protect|p1b: Chandelure
|-singleturn|p1b: Chandelure|Protect
|move|p2b: Floette|Dazzling Gleam|p1a: Mawile|[spread] p1a
|-activate|p1b: Chandelure|move: Protect
|-resisted|p1a: Mawile|1
|-damage|p1a: Mawile|33/100
|move|p1a: Mawile|Iron Head|p2b: Floette
|-supereffective|p2b: Floette|1
|-damage|p2b: Floette|0 fnt
|faint|p2b: Floette
|
|win|spacetarts
|inactive|spacetarts has 30 seconds to confirm battle start!
|inactive|FireBoyJ has 30 seconds to confirm battle start!
||FireBoyJ is ready for game 3.
||spacetarts is ready for game 3.
|uhtml|next|Next: Game 3 of 3
|l|☆spacetarts
|player|p1|
