|j|☆csemideia2
|j|☆ReggioVGC
|html|csemideia2ReggioVGC    
|uhtml|bestof|Game 1 of a best-of-3
|t:|1756895382
|gametype|doubles
|player|p1|csemideia2|cynthia-gen4|1089
|player|p2|ReggioVGC|lucas|1096
|gen|9
|tier|[Gen 9] VGC 2025 Reg H (Bo3)
|rated|
|rule|Species Clause: Limit one of each Pokémon
|rule|Item Clause: Limit 1 of each item
|clearpoke
|poke|p1|Ninetales-Alola, L50, M|
|poke|p1|Garchomp, L50, M|
|poke|p1|Dragonite, L50, M|
|poke|p1|Sneasler, L50, F|
|poke|p1|Kingambit, L50, F|
|poke|p1|Amoonguss, L50, F|
|poke|p2|Ursaluna, L50, F|
|poke|p2|Kilowattrel, L50, F|
|poke|p2|Gholdengo, L50|
|poke|p2|Incineroar, L50, F|
|poke|p2|Amoonguss, L50, F|
|poke|p2|Porygon2, L50|
|teampreview|4
|showteam|p1|Ninetales-Alola||ChoiceSpecs|SnowWarning|Blizzard,Moonblast,FreezeDry,IcyWind|||M|||50|,,,,,Ice]Garchomp||LifeOrb|RoughSkin|StompingTantrum,Earthquake,DragonClaw,Protect|||M|||50|,,,,,Steel]Dragonite||LumBerry|Multiscale|TeraBlast,ExtremeSpeed,LowKick,Protect|||M|||50|,,,,,Flying]Sneasler||FocusSash|PoisonTouch|DireClaw,CloseCombat,Coaching,FakeOut|||F|||50|,,,,,Ghost]Kingambit||AssaultVest|Defiant|KowtowCleave,IronHead,SuckerPunch,LowKick|||F|||50|,,,,,Water]Amoonguss||CovertCloak|Regenerator|PollenPuff,ClearSmog,RagePowder,Spore|||F|||50|,,,,,Fairy
|showteam|p2|Ursaluna||FlameOrb|Guts|Facade,HeadlongRush,Earthquake,Protect|||F|||50|,,,,,Fairy]Kilowattrel||FocusSash|Competitive|Thunderbolt,AirSlash,Tailwind,Protect|||F|||50|,,,,,Ghost]Gholdengo||LifeOrb|GoodasGold|MakeItRain,ShadowBall,NastyPlot,Protect||||||50|,,,,,Flying]Incineroar||AssaultVest|Intimidate|KnockOff,FlareBlitz,Uturn,FakeOut|||F|||50|,,,,,Grass]Amoonguss||SitrusBerry|Regenerator|Spore,RagePowder,SludgeBomb,Protect|||F|||50|,,,,,Water]Porygon2||Eviolite|Download|TeraBlast,IceBeam,Recover,TrickRoom||||||50|,,,,,Fighting
|inactive|Battle timer is ON: inactive players will automatically lose when time's up. (requested by csemideia2)
|inactive|ReggioVGC has 60 seconds left.
|inactive|ReggioVGC has 30 seconds left.
|inactive|ReggioVGC has 20 seconds left.
|inactive|ReggioVGC has 15 seconds left.
|inactive|ReggioVGC has 10 seconds left.
|
|t:|1756895466
|teamsize|p1|4
|teamsize|p2|4
|start
|switch|p1a: Garchomp|Garchomp, L50, M|100/100
|switch|p1b: Sneasler|Sneasler, L50, F|100/100
|switch|p2a: Big Bird|Kilowattrel, L50, F|100/100
|switch|p2b: Mr Worldwide|Gholdengo, L50|100/100
|turn|1
|inactive|csemideia2 has 30 seconds left.
|inactive|ReggioVGC has 30 seconds left.
|inactive|csemideia2 has 20 seconds left.
|inactive|csemideia2 has 15 seconds left.
|inactive|csemideia2 has 10 seconds left.
|
|t:|1756895513
|-terastallize|p2a: Big Bird|Ghost
|move|p1a: Garchomp|Protect|p1a: Garchomp
|-singleturn|p1a: Garchomp|Protect
|move|p1b: Sneasler|Fake Out|p2a: Big Bird
|-immune|p2a: Big Bird
|move|p2a: Big Bird|Tailwind|p2a: Big Bird
|-sidestart|p2: ReggioVGC|move: Tailwind
|move|p2b: Mr Worldwide|Make It Rain|p1a: Garchomp|[spread] p1b
|-activate|p1a: Garchomp|move: Protect
|-damage|p1b: Sneasler|20/100
|-unboost|p2b: Mr Worldwide|spa|1
|-damage|p2b: Mr Worldwide|91/100|[from] item: Life Orb
|
|upkeep
|turn|2
|inactive|csemideia2 has 30 seconds left.
|inactive|csemideia2 has 20 seconds left.
|inactive|csemideia2 has 15 seconds left.
|inactive|csemideia2 has 10 seconds left.
|
|t:|1756895561
|switch|p2b: Pumpy the Grumpy|Incineroar, L50, F, shiny|100/100
|-ability|p2b: Pumpy the Grumpy|Intimidate|boost
|-unboost|p1a: Garchomp|atk|1
|-unboost|p1b: Sneasler|atk|1
|switch|p1b: Dragonite|Dragonite, L50, M|100/100
|-terastallize|p1a: Garchomp|Steel
|move|p2a: Big Bird|Air Slash|p1b: Dragonite
|-damage|p1b: Dragonite|83/100
|move|p1a: Garchomp|Earthquake|p2a: Big Bird|[spread] p2a,p2b
|-immune|p1b: Dragonite
|-supereffective|p2b: Pumpy the Grumpy
|-damage|p2a: Big Bird|43/100
|-damage|p2b: Pumpy the Grumpy|31/100
|-damage|p1a: Garchomp|91/100|[from] item: Life Orb
|
|upkeep
|turn|3
|inactive|ReggioVGC has 30 seconds left.
|inactive|csemideia2 has 30 seconds left.
|inactive|ReggioVGC has 20 seconds left.
|
|t:|1756895598
|move|p1a: Garchomp|Protect|p1a: Garchomp
|-singleturn|p1a: Garchomp|Protect
|move|p2a: Big Bird|Thunderbolt|p1b: Dragonite
|-damage|p1b: Dragonite|38/100
|move|p2b: Pumpy the Grumpy|Flare Blitz|p1a: Garchomp
|-activate|p1a: Garchomp|move: Protect
|move|p1b: Dragonite|Low Kick|p2b: Pumpy the Grumpy
|-supereffective|p2b: Pumpy the Grumpy
|-damage|p2b: Pumpy the Grumpy|0 fnt
|faint|p2b: Pumpy the Grumpy
|
|upkeep
|
|t:|1756895607
|switch|p2b: Dinko|Ursaluna, L50, F|100/100
|turn|4
|
|t:|1756895619
|switch|p1a: Sneasler|Sneasler, L50, F|20/100
|switch|p1b: Amoonguss|Amoonguss, L50, F|100/100
|move|p2a: Big Bird|Protect|p2a: Big Bird
|-singleturn|p2a: Big Bird|Protect
|move|p2b: Dinko|Protect||[still]
|-fail|p2b: Dinko
|
|-sideend|p2: ReggioVGC|move: Tailwind
|-status|p2b: Dinko|brn|[from] item: Flame Orb
|upkeep
|turn|5
|inactive|csemideia2 has 30 seconds left.
|inactive|ReggioVGC has 30 seconds left.
|inactive|csemideia2 has 20 seconds left.
|inactive|ReggioVGC has 20 seconds left.
|inactive|ReggioVGC has 15 seconds left.
|inactive|ReggioVGC has 10 seconds left.
|
|t:|1756895666
|switch|p2b: Mr Worldwide|Gholdengo, L50|91/100
|move|p1b: Amoonguss|Rage Powder|p1b: Amoonguss
|-singleturn|p1b: Amoonguss|move: Rage Powder
|move|p2a: Big Bird|Tailwind|p2a: Big Bird
|-sidestart|p2: ReggioVGC|move: Tailwind
|move|p1a: Sneasler|Dire Claw|p2a: Big Bird
|-resisted|p2a: Big Bird
|-damage|p2a: Big Bird|7/100
|
|upkeep
|turn|6
|inactive|csemideia2 has 30 seconds left.
|
|t:|1756895699
|move|p2a: Big Bird|Air Slash|p1a: Sneasler
|-supereffective|p1a: Sneasler
|-damage|p1a: Sneasler|0 fnt
|faint|p1a: Sneasler
|move|p2b: Mr Worldwide|Nasty Plot|p2b: Mr Worldwide
|-boost|p2b: Mr Worldwide|spa|2
|move|p1b: Amoonguss|Pollen Puff|p2a: Big Bird
|-resisted|p2a: Big Bird
|-damage|p2a: Big Bird|0 fnt
|faint|p2a: Big Bird
|
|upkeep
|
|t:|1756895712
|switch|p2a: Dinko|Ursaluna, L50, F|100/100 brn
|switch|p1a: Garchomp|Garchomp, L50, M, tera:Steel|91/100
|turn|7
|
|t:|1756895733
|move|p2b: Mr Worldwide|Protect|p2b: Mr Worldwide
|-singleturn|p2b: Mr Worldwide|Protect
|move|p1a: Garchomp|Protect|p1a: Garchomp
|-singleturn|p1a: Garchomp|Protect
|move|p2a: Dinko|Earthquake|p1b: Amoonguss|[spread] p1b
|-activate|p2b: Mr Worldwide|move: Protect
|-activate|p1a: Garchomp|move: Protect
|-damage|p1b: Amoonguss|51/100
|move|p1b: Amoonguss|Pollen Puff|p2a: Dinko
|-damage|p2a: Dinko|81/100 brn
|
|-damage|p2a: Dinko|75/100 brn|[from] brn
|upkeep
|turn|8
|inactive|csemideia2 has 30 seconds left.
|inactive|ReggioVGC has 30 seconds left.
|inactive|csemideia2 has 20 seconds left.
|inactive|ReggioVGC has 20 seconds left.
|inactive|csemideia2 has 15 seconds left.
|inactive|csemideia2 has 10 seconds left.
|
|t:|1756895782
|move|p1a: Garchomp|Protect|p1a: Garchomp
|-singleturn|p1a: Garchomp|Protect
|move|p2b: Mr Worldwide|Shadow Ball|p1b: Amoonguss
|-damage|p1b: Amoonguss|0 fnt
|faint|p1b: Amoonguss
|-damage|p2b: Mr Worldwide|82/100|[from] item: Life Orb
|move|p2a: Dinko|Headlong Rush|p1a: Garchomp
|-activate|p1a: Garchomp|move: Protect
|
|-damage|p2a: Dinko|69/100 brn|[from] brn
|-sideend|p2: ReggioVGC|move: Tailwind
|upkeep
|
|t:|1756895788
|switch|p1b: Dragonite|Dragonite, L50, M|38/100
|turn|9
|inactive|ReggioVGC has 30 seconds left.
|inactive|ReggioVGC has 20 seconds left.
|
|t:|1756895826
|move|p2b: Mr Worldwide|Protect|p2b: Mr Worldwide
|-singleturn|p2b: Mr Worldwide|Protect
|move|p1a: Garchomp|Earthquake|p2a: Dinko|[spread] p2a
|-activate|p2b: Mr Worldwide|move: Protect
|-immune|p1b: Dragonite
|-damage|p2a: Dinko|25/100 brn
|-damage|p1a: Garchomp|81/100|[from] item: Life Orb
|move|p1b: Dragonite|Low Kick|p2a: Dinko
|-supereffective|p2a: Dinko
|-damage|p2a: Dinko|0 fnt
|faint|p2a: Dinko
|
|upkeep
|turn|10
|-message|ReggioVGC forfeited.
|
|win|csemideia2
||csemideia2 is ready for game 2.
