|j|☆glubglobs
|j|☆Rosarino
|html|glubglobsRosarino    
|uhtml|bestof|Game 3 of a best-of-3
|t:|1756217410
|gametype|doubles
|player|p1|glubglobs|cynthia|1092
|player|p2|Rosarino|drayden|1002
|gen|9
|tier|[Gen 9] VGC 2025 Reg H (Bo3)
|rated|
|rule|Species Clause: Limit one of each Pokémon
|rule|Item Clause: Limit 1 of each item
|clearpoke
|poke|p1|Primarina, L50, F|
|poke|p1|Sneasler, L50, F|
|poke|p1|Electabuzz, L50, F|
|poke|p1|Kingambit, L50, F|
|poke|p1|Dragapult, L50, M|
|poke|p1|Rillaboom, L50, F|
|poke|p2|Ribombee, L50, F|
|poke|p2|Incineroar, L50, M|
|poke|p2|Rillaboom, L50, M|
|poke|p2|Arcanine-Hisui, L50, M|
|poke|p2|Sinistcha, L50|
|poke|p2|Slowbro, L50, F|
|teampreview|4
|showteam|p1|Primarina||ThroatSpray|LiquidVoice|Protect,Haze,HyperVoice,Moonblast|||F|||50|,,,,,Poison]Sneasler||FocusSash|PoisonTouch|Protect,NightSlash,DireClaw,CloseCombat|||F|||50|,,,,,Stellar]Electabuzz||Eviolite|VitalSpirit|Protect,FollowMe,Taunt,Electroweb|||F|||50|,,,,,Fairy]Kingambit||BlackGlasses|Defiant|Protect,SwordsDance,SuckerPunch,KowtowCleave|||F|||50|,,,,,Dark]Dragapult||ChoiceBand|ClearBody|Uturn,DragonDarts,PhantomForce,Outrage|||M|||50|,,,,,Dragon]Rillaboom||AssaultVest|GrassySurge|FakeOut,Uturn,GrassyGlide,WoodHammer|||F|||50|,,,,,Fire
|showteam|p2|Ribombee||FocusSash|SweetVeil|DazzlingGleam,QuiverDance,Protect,StunSpore|||F|||50|,,,,,Water]Incineroar||RockyHelmet|Intimidate|FakeOut,KnockOff,PartingShot,FlareBlitz|||M|||50|,,,,,Grass]Rillaboom||AssaultVest|GrassySurge|FakeOut,Uturn,WoodHammer,GrassyGlide|||M|||50|,,,,,Poison]Arcanine-Hisui||LifeOrb|RockHead|FlareBlitz,Protect,RockSlide,WillOWisp|||M|||50|,,,,,Grass]Sinistcha||SitrusBerry|Hospitality|MatchaGotcha,LifeDew,RagePowder,TrickRoom||||||50|,,,,,Grass]Slowbro||Leftovers|Oblivious|Scald,TrickRoom,Protect,Psychic|||F|||50|,,,,,Dragon
|inactive|Battle timer is ON: inactive players will automatically lose when time's up. (requested by glubglobs)
|inactive|glubglobs has 60 seconds left.
|
|t:|1756217466
|teamsize|p1|4
|teamsize|p2|4
|start
|switch|p1a: Kingambit|Kingambit, L50, F|100/100
|switch|p1b: Sneasler|Sneasler, L50, F|100/100
|switch|p2a: Arcanine|Arcanine-Hisui, L50, M|100/100
|switch|p2b: Slowbro|Slowbro, L50, F|100/100
|turn|1
|inactive|glubglobs has 30 seconds left.
|inactive|glubglobs has 20 seconds left.
|inactive|Rosarino has 30 seconds left.
|
|t:|1756217502
|-terastallize|p1a: Kingambit|Dark
|-terastallize|p2b: Slowbro|Dragon
|move|p1b: Sneasler|Protect|p1b: Sneasler
|-singleturn|p1b: Sneasler|Protect
|move|p2a: Arcanine|Protect|p2a: Arcanine
|-singleturn|p2a: Arcanine|Protect
|move|p1a: Kingambit|Kowtow Cleave|p2b: Slowbro
|-damage|p2b: Slowbro|19/100
|move|p2b: Slowbro|Psychic|p1b: Sneasler
|-activate|p1b: Sneasler|move: Protect
|
|-heal|p2b: Slowbro|25/100|[from] item: Leftovers
|upkeep
|turn|2
|
|t:|1756217521
|switch|p2b: Ribombee|Ribombee, L50, F|100/100
|move|p1b: Sneasler|Close Combat|p2a: Arcanine
|-supereffective|p2a: Arcanine
|-damage|p2a: Arcanine|0 fnt
|-unboost|p1b: Sneasler|def|1
|-unboost|p1b: Sneasler|spd|1
|faint|p2a: Arcanine
|move|p1a: Kingambit|Kowtow Cleave|p2b: Ribombee
|-resisted|p2b: Ribombee
|-damage|p2b: Ribombee|26/100
|
|upkeep
|
|t:|1756217535
|switch|p2a: Sinistcha|Sinistcha, L50|100/100
|-heal|p2b: Ribombee|50/100|[from] ability: Hospitality|[of] p2a: Sinistcha
|turn|3
|
|t:|1756217545
|move|p2a: Sinistcha|Rage Powder|p2a: Sinistcha
|-singleturn|p2a: Sinistcha|move: Rage Powder
|move|p2b: Ribombee|Dazzling Gleam|p1a: Kingambit|[spread] p1a,p1b
|-supereffective|p1a: Kingambit
|-crit|p1a: Kingambit
|-damage|p1a: Kingambit|16/100
|-damage|p1b: Sneasler|42/100
|move|p1b: Sneasler|Dire Claw|p2a: Sinistcha
|-damage|p2a: Sinistcha|46/100
|-enditem|p2a: Sinistcha|Sitrus Berry|[eat]
|-heal|p2a: Sinistcha|71/100|[from] item: Sitrus Berry
|move|p1a: Kingambit|Kowtow Cleave|p2a: Sinistcha
|-supereffective|p2a: Sinistcha
|-crit|p2a: Sinistcha
|-damage|p2a: Sinistcha|0 fnt
|faint|p2a: Sinistcha
|
|upkeep
|
|t:|1756217561
|switch|p2a: Slowbro|Slowbro, L50, F, tera:Dragon|25/100
|turn|4
|
|t:|1756217578
|move|p1b: Sneasler|Protect|p1b: Sneasler
|-singleturn|p1b: Sneasler|Protect
|move|p1a: Kingambit|Sucker Punch|p2a: Slowbro
|-crit|p2a: Slowbro
|-damage|p2a: Slowbro|0 fnt
|faint|p2a: Slowbro
|move|p2b: Ribombee|Dazzling Gleam|p1a: Kingambit|[spread] p1a
|-activate|p1b: Sneasler|move: Protect
|-supereffective|p1a: Kingambit
|-damage|p1a: Kingambit|0 fnt
|faint|p1a: Kingambit
|
|upkeep
|
|t:|1756217593
|switch|p1a: Dragapult|Dragapult, L50, M|100/100
|turn|5
|
|t:|1756217602
|move|p1a: Dragapult|Phantom Force||[still]
|-prepare|p1a: Dragapult|Phantom Force
|move|p2b: Ribombee|Dazzling Gleam|p1b: Sneasler|[spread] p1b
|-miss|p2b: Ribombee|p1a: Dragapult
|-damage|p1b: Sneasler|0 fnt
|faint|p1b: Sneasler
|
|upkeep
|
|t:|1756217608
|switch|p1b: Primarina|Primarina, L50, F|100/100
|turn|6
|
|t:|1756217613
|move|p1a: Dragapult|Phantom Force|p2b: Ribombee|[from] lockedmove
|-damage|p2b: Ribombee|0 fnt
|faint|p2b: Ribombee
|
|win|glubglobs
|raw|glubglobs's rating: 1092 → 1112(+20 for winning)
|raw|Rosarino's rating: 1002 → 1000(-2 for losing)
|l|☆glubglobs
|player|p1|
|j|☆glubglobs
|player|p1|glubglobs|cynthia|
