|j|☆endras125
|j|☆JedMaldro
|html|endras125JedMaldro    
|uhtml|bestof|Game 2 of a best-of-3
|t:|1785283911
|gametype|doubles
|player|p1|endras125|102|
|player|p2|JedMaldro|fisherman-gen4|
|gen|9
|tier|[Gen 9 Champions] VGC 2026 Reg M-B (Bo3)
|rule|Species Clause: Limit one of each Pokémon
|rule|Item Clause: Limit 1 of each item
|clearpoke
|poke|p1|Froslass, L50, F|
|poke|p1|Whimsicott, L50, M|
|poke|p1|Sneasler, L50, M|
|poke|p1|Empoleon, L50, M|
|poke|p1|Mr. Rime, L50, M|
|poke|p1|Toxapex, L50, M|
|poke|p2|Basculegion, L50, M, shiny|
|poke|p2|Politoed, L50, F|
|poke|p2|Archaludon, L50, M|
|poke|p2|Audino, L50, M, shiny|
|poke|p2|Bellibolt, L50, M, shiny|
|poke|p2|Gliscor, L50, F|
|teampreview|4
|showteam|p1|Froslass||Froslassite|SnowCloak|Blizzard,IcyWind,AuroraVeil,Protect|Timid||F|||50|]Whimsicott||FocusSash|Prankster|Moonblast,Tailwind,Encore,Protect|Timid||M|||50|]Sneasler||WhiteHerb|Unburden|FakeOut,CloseCombat,DireClaw,GunkShot|Jolly||M|||50|]Empoleon||SitrusBerry|Competitive|HydroPump,FlashCannon,GrassKnot,Protect|Modest||M|||50|]Mr. Rime||NeverMeltIce|IceBody|FakeOut,FreezeDry,IcyWind,TrickRoom|Modest||M|||50|]Toxapex||Leftovers|Regenerator|WideGuard,Toxic,ChillingWater,Recover|Impish||M|||50|
|showteam|p2|Basculegion||ChoiceScarf|SwiftSwim|AquaJet,FlipTurn,LastRespects,Protect|Adamant||M|||50|]Politoed||RindoBerry|Drizzle|Encore,Protect,PerishSong,Psychic|Calm||F|||50|]Archaludon||Leftovers|Stamina|Protect,DarkPulse,FlashCannon,ElectroShot|Bold||M|||50|]Audino||ChopleBerry|Regenerator|LifeDew,Encore,TrickRoom,Psyshock|Relaxed||M|||50|]Bellibolt||LightClay|Electromorphosis|Reflect,LightScreen,Discharge,Protect|Bold||M|||50|]Gliscor||FocusSash|HyperCutter|PoisonJab,Tailwind,Protect,PsychicFangs|Jolly||F|||50|
|j| mrpokemon33
|
|t:|1785283946
|teamsize|p1|4
|teamsize|p2|4
|start
|switch|p1a: Froslass|Froslass, L50, F|100/100
|switch|p1b: Whimsicott|Whimsicott, L50, M|100/100
|switch|p2a: Politoed|Politoed, L50, F|100/100
|switch|p2b: Archaludon|Archaludon, L50, M|100/100
|-weather|RainDance|[from] ability: Drizzle|[of] p2a: Politoed
|turn|1
|
|t:|1785283991
|detailschange|p1a: Froslass|Froslass-Mega, L50, F
|-mega|p1a: Froslass|Froslass|Froslassite
|-weather|Snowscape|[from] ability: Snow Warning|[of] p1a: Froslass
|move|p1b: Whimsicott|Tailwind|p1b: Whimsicott
|-sidestart|p1: endras125|move: Tailwind
|move|p1a: Froslass|Aurora Veil|p1a: Froslass
|-sidestart|p1: endras125|move: Aurora Veil
|move|p2b: Archaludon|Dark Pulse|p1a: Froslass
|-supereffective|p1a: Froslass|1
|-damage|p1a: Froslass|54/100
|move|p2a: Politoed|Encore|p1b: Whimsicott
|-start|p1b: Whimsicott|Encore
|
|-weather|Snowscape|[upkeep]
|upkeep
|turn|2
|
|t:|1785284042
|switch|p1b: Mr. Rime|Mr. Rime, L50, M|100/100
|switch|p2a: Gliscor|Gliscor, L50, F|100/100
|move|p1a: Froslass|Protect|p1a: Froslass
|-singleturn|p1a: Froslass|Protect
|move|p2b: Archaludon|Dark Pulse|p1b: Mr. Rime
|-supereffective|p1b: Mr. Rime|1
|-damage|p1b: Mr. Rime|63/100
|
|-weather|Snowscape|[upkeep]
|-heal|p1b: Mr. Rime|68/100|[from] ability: Ice Body
|upkeep
|turn|3
|
|t:|1785284088
|move|p1b: Mr. Rime|Fake Out|p2b: Archaludon
|-resisted|p2b: Archaludon|1
|-damage|p2b: Archaludon|97/100
|-ability|p2b: Archaludon|Stamina|boost
|-boost|p2b: Archaludon|def|1
|move|p1a: Froslass|Blizzard|p2a: Gliscor|[spread] p2a,p2b
|-supereffective|p2a: Gliscor|2
|-enditem|p2a: Gliscor|Focus Sash
|-damage|p2a: Gliscor|1/100
|-damage|p2b: Archaludon|32/100
|-ability|p2b: Archaludon|Stamina|boost
|-boost|p2b: Archaludon|def|1
|move|p2a: Gliscor|Tailwind|p2a: Gliscor
|-sidestart|p2: JedMaldro|move: Tailwind
|cant|p2b: Archaludon|flinch
|
|-weather|Snowscape|[upkeep]
|-heal|p1b: Mr. Rime|74/100|[from] ability: Ice Body
|-heal|p2b: Archaludon|38/100|[from] item: Leftovers
|upkeep
|turn|4
|
|t:|1785284140
|switch|p2a: Politoed|Politoed, L50, F|100/100
|-weather|RainDance|[from] ability: Drizzle|[of] p2a: Politoed
|move|p1a: Froslass|Blizzard|p2b: Archaludon|[spread] p2a,p2b
|-resisted|p2a: Politoed|1
|-damage|p2a: Politoed|85/100
|-damage|p2b: Archaludon|0 fnt
|faint|p2b: Archaludon
|move|p1b: Mr. Rime|Freeze-Dry|p2a: Politoed
|-supereffective|p2a: Politoed|1
|-damage|p2a: Politoed|27/100
|
|-weather|RainDance|[upkeep]
|-sideend|p1: endras125|move: Tailwind
|upkeep
|
|t:|1785284151
|switch|p2b: Bellibolt|Bellibolt, L50, M, shiny|100/100
|turn|5
|
|t:|1785284190
|switch|p1a: Whimsicott|Whimsicott, L50, M|100/100
|move|p2a: Politoed|Psychic|p1b: Mr. Rime
|-resisted|p1b: Mr. Rime|1
|-damage|p1b: Mr. Rime|68/100
|move|p2b: Bellibolt|Light Screen|p2b: Bellibolt
|-sidestart|p2: JedMaldro|move: Light Screen
|move|p1b: Mr. Rime|Freeze-Dry|p2a: Politoed
|-supereffective|p2a: Politoed|1
|-damage|p2a: Politoed|0 fnt
|faint|p2a: Politoed
|
|-weather|RainDance|[upkeep]
|-sideend|p1: endras125|move: Aurora Veil
|upkeep
|
|t:|1785284201
|switch|p2a: Gliscor|Gliscor, L50, F|1/100
|turn|6
|
|t:|1785284241
|move|p2b: Bellibolt|Protect|p2b: Bellibolt
|-singleturn|p2b: Bellibolt|Protect
|move|p1a: Whimsicott|Encore|p2b: Bellibolt
|-activate|p2b: Bellibolt|move: Protect
|move|p2a: Gliscor|Poison Jab|p1a: Whimsicott
|-supereffective|p1a: Whimsicott|2
|-enditem|p1a: Whimsicott|Focus Sash
|-damage|p1a: Whimsicott|1/100
|-status|p1a: Whimsicott|psn
|move|p1b: Mr. Rime|Icy Wind|p2b: Bellibolt|[spread] p2a
|-activate|p2b: Bellibolt|move: Protect
|-supereffective|p2a: Gliscor|2
|-damage|p2a: Gliscor|0 fnt
|faint|p2a: Gliscor
|
|-weather|RainDance|[upkeep]
|-damage|p1a: Whimsicott|0 fnt|[from] psn
|faint|p1a: Whimsicott
|-sideend|p2: JedMaldro|move: Tailwind
|upkeep
|
|t:|1785284267
|switch|p1a: Froslass|Froslass-Mega, L50, F|54/100
|-weather|Snowscape|[from] ability: Snow Warning|[of] p1a: Froslass
|turn|7
|
|t:|1785284282
|move|p1a: Froslass|Blizzard|p2b: Bellibolt
|-damage|p2b: Bellibolt|60/100
|-start|p2b: Bellibolt|Charge|Blizzard|[from] ability: Electromorphosis
|move|p1b: Mr. Rime|Icy Wind|p2b: Bellibolt
|-crit|p2b: Bellibolt
|-damage|p2b: Bellibolt|9/100
|-unboost|p2b: Bellibolt|spe|1
|-start|p2b: Bellibolt|Charge|Icy Wind|[from] ability: Electromorphosis
|move|p2b: Bellibolt|Discharge|p1a: Froslass|[spread] p1a,p1b
|-damage|p1a: Froslass|4/100
|-damage|p1b: Mr. Rime|32/100
|-end|p2b: Bellibolt|Charge|[silent]
|
|-weather|Snowscape|[upkeep]
|-heal|p1b: Mr. Rime|37/100|[from] ability: Ice Body
|upkeep
|turn|8
|
|t:|1785284310
|move|p2b: Bellibolt|Protect|p2b: Bellibolt
|-singleturn|p2b: Bellibolt|Protect
|move|p1a: Froslass|Blizzard|p2b: Bellibolt
|-activate|p2b: Bellibolt|move: Protect
|move|p1b: Mr. Rime|Freeze-Dry|p2b: Bellibolt
|-activate|p2b: Bellibolt|move: Protect
|
|-weather|Snowscape|[upkeep]
|-heal|p1b: Mr. Rime|43/100|[from] ability: Ice Body
|upkeep
|turn|9
|
|t:|1785284325
|move|p1a: Froslass|Blizzard|p2b: Bellibolt
|-damage|p2b: Bellibolt|0 fnt
|faint|p2b: Bellibolt
|
|win|endras125
