|j|☆Thinking Charizard
|j|☆probandoteammvp
|html|Thinking Charizardprobandoteammvp    
|uhtml|bestof|Game 1 of a best-of-3
|t:|1785007917
|gametype|doubles
|player|p1|Thinking Charizard|colress|1328
|player|p2|probandoteammvp|hilbert|1386
|gen|9
|tier|[Gen 9 Champions] VGC 2026 Reg M-B (Bo3)
|rated|
|rule|Species Clause: Limit one of each Pokémon
|rule|Item Clause: Limit 1 of each item
|clearpoke
|poke|p1|Charizard, L50, F|
|poke|p1|Ninetales-Alola, L50, F|
|poke|p1|Whimsicott, L50, F|
|poke|p1|Kingambit, L50, M|
|poke|p1|Farigiraf, L50, F|
|poke|p1|Lycanroc-Dusk, L50, F|
|poke|p2|Blastoise, L50, M, shiny|
|poke|p2|Vivillon-Fancy, L50, F, shiny|
|poke|p2|Sinistcha, L50, shiny|
|poke|p2|Farigiraf, L50, F, shiny|
|poke|p2|Sylveon, L50, F, shiny|
|poke|p2|Pelipper, L50, M, shiny|
|teampreview|4
|showteam|p1|Charizard||CharizarditeY|Blaze|HeatWave,SolarBeam,WeatherBall,Protect|Modest||F|||50|]Ninetales-Alola||NeverMeltIce|SnowWarning|Blizzard,FreezeDry,Moonblast,Protect|Timid||F|||50|]Whimsicott||FocusSash|Prankster|Tailwind,Moonblast,Encore,Protect|Timid||F|||50|]Kingambit||ChopleBerry|Defiant|KowtowCleave,SuckerPunch,IronHead,LowKick|Adamant||M|||50|]Farigiraf||SitrusBerry|ArmorTail|Roar,Thunderbolt,TwinBeam,Protect|Calm||F|||50|]Lycanroc-Dusk||ShucaBerry|ToughClaws|Accelerock,RockSlide,CloseCombat,Protect|Jolly||F|||50|
|showteam|p2|Blastoise||Blastoisinite|RainDish|WaterSpout,DarkPulse,ShellSmash,Protect|Modest||M|||50|]Vivillon-Fancy||ChoiceScarf|CompoundEyes|Hurricane,PollenPuff,SleepPowder,RagePowder|Timid||F|||50|]Sinistcha||ColburBerry|Hospitality|RagePowder,MatchaGotcha,TrickRoom,Protect|Relaxed|||||50|]Farigiraf||SitrusBerry|ArmorTail|TwinBeam,HelpingHand,TrickRoom,Protect|Quiet||F|||50|]Sylveon||FairyFeather|Pixilate|HyperVoice,HyperBeam,Moonblast,Protect|Modest||F|||50|]Pelipper||FocusSash|Drizzle|Hurricane,Tailwind,HelpingHand,Protect|Timid||M|||50|
|c|☆Thinking Charizard|glhf
|
|t:|1785007974
|teamsize|p1|4
|teamsize|p2|4
|start
|switch|p1a: Lycanroc|Lycanroc-Dusk, L50, F|100/100
|switch|p1b: Ninetales|Ninetales-Alola, L50, F|100/100
|switch|p2a: Tortugueitor|Blastoise, L50, M, shiny|100/100
|switch|p2b: Jirafona|Farigiraf, L50, F, shiny|100/100
|-weather|Snowscape|[from] ability: Snow Warning|[of] p1b: Ninetales
|turn|1
|inactive|Battle timer is ON: inactive players will automatically lose when time's up. (requested by probandoteammvp)
|
|t:|1785007989
|move|p2a: Tortugueitor|Protect|p2a: Tortugueitor
|-singleturn|p2a: Tortugueitor|Protect
|move|p1b: Ninetales|Blizzard|p2a: Tortugueitor|[spread] p2b
|-activate|p2a: Tortugueitor|move: Protect
|-crit|p2b: Jirafona
|-damage|p2b: Jirafona|53/100
|move|p1a: Lycanroc|Rock Slide|p2b: Jirafona|[spread] p2b
|-activate|p2a: Tortugueitor|move: Protect
|-damage|p2b: Jirafona|28/100
|-enditem|p2b: Jirafona|Sitrus Berry|[eat]
|-heal|p2b: Jirafona|53/100|[from] item: Sitrus Berry
|move|p2b: Jirafona|Trick Room|p2b: Jirafona
|-fieldstart|move: Trick Room|[of] p2b: Jirafona
|
|-weather|Snowscape|[upkeep]
|upkeep
|turn|2
|
|t:|1785008012
|detailschange|p2a: Tortugueitor|Blastoise-Mega, L50, M, shiny
|-mega|p2a: Tortugueitor|Blastoise|Blastoisinite
|move|p2b: Jirafona|Helping Hand|p2a: Tortugueitor
|-singleturn|p2a: Tortugueitor|Helping Hand|[of] p2b: Jirafona
|move|p1a: Lycanroc|Protect|p1a: Lycanroc
|-singleturn|p1a: Lycanroc|Protect
|move|p2a: Tortugueitor|Water Spout|p1b: Ninetales|[spread] p1b
|-activate|p1a: Lycanroc|move: Protect
|-damage|p1b: Ninetales|0 fnt
|faint|p1b: Ninetales
|
|-weather|Snowscape|[upkeep]
|upkeep
|
|t:|1785008022
|switch|p1b: Kingambit|Kingambit, L50, M|100/100
|turn|3
|
|t:|1785008043
|move|p1b: Kingambit|Kowtow Cleave|p2a: Tortugueitor
|-damage|p2a: Tortugueitor|46/100
|move|p2a: Tortugueitor|Shell Smash|p2a: Tortugueitor
|-unboost|p2a: Tortugueitor|def|1
|-unboost|p2a: Tortugueitor|spd|1
|-boost|p2a: Tortugueitor|atk|2
|-boost|p2a: Tortugueitor|spa|2
|-boost|p2a: Tortugueitor|spe|2
|move|p1a: Lycanroc|Rock Slide|p2a: Tortugueitor|[spread] p2a,p2b
|-damage|p2a: Tortugueitor|5/100
|-damage|p2b: Jirafona|27/100
|cant|p2b: Jirafona|flinch
|
|-weather|Snowscape|[upkeep]
|upkeep
|turn|4
|
|t:|1785008065
|move|p2a: Tortugueitor|Protect|p2a: Tortugueitor
|-singleturn|p2a: Tortugueitor|Protect
|move|p1b: Kingambit|Kowtow Cleave|p2a: Tortugueitor
|-activate|p2a: Tortugueitor|move: Protect
|move|p1a: Lycanroc|Rock Slide|p2b: Jirafona|[spread] p2b
|-activate|p2a: Tortugueitor|move: Protect
|-damage|p2b: Jirafona|1/100
|move|p2b: Jirafona|Trick Room|p2b: Jirafona
|-fieldend|move: Trick Room
|
|-weather|Snowscape|[upkeep]
|upkeep
|turn|5
|inactive|Thinking Charizard has 30 seconds left.
|
|t:|1785008091
|move|p2b: Jirafona|Protect|p2b: Jirafona
|-singleturn|p2b: Jirafona|Protect
|move|p1a: Lycanroc|Accelerock||[still]
|cant|p2b: Jirafona|ability: Armor Tail|Accelerock|[of] p1a: Lycanroc
|move|p2a: Tortugueitor|Dark Pulse|p1a: Lycanroc
|-damage|p1a: Lycanroc|0 fnt
|faint|p1a: Lycanroc
|move|p1b: Kingambit|Kowtow Cleave|p2b: Jirafona
|-activate|p2b: Jirafona|move: Protect
|
|-weather|none
|upkeep
|
|t:|1785008095
|switch|p1a: Charizard|Charizard, L50, F|100/100
|turn|6
|inactive|probandoteammvp has 30 seconds left.
|
|t:|1785008128
|detailschange|p1a: Charizard|Charizard-Mega-Y, L50, F
|-mega|p1a: Charizard|Charizard|Charizardite Y
|-weather|SunnyDay|[from] ability: Drought|[of] p1a: Charizard
|move|p2b: Jirafona|Protect||[still]
|-fail|p2b: Jirafona
|move|p2a: Tortugueitor|Dark Pulse|p1a: Charizard
|-damage|p1a: Charizard|15/100
|cant|p1a: Charizard|flinch
|move|p1b: Kingambit|Kowtow Cleave|p2a: Tortugueitor
|-damage|p2a: Tortugueitor|0 fnt
|faint|p2a: Tortugueitor
|
|-weather|SunnyDay|[upkeep]
|upkeep
|
|t:|1785008138
|switch|p2a: El tucanazo|Pelipper, L50, M, shiny|100/100
|-weather|RainDance|[from] ability: Drizzle|[of] p2a: El tucanazo
|turn|7
|
|t:|1785008168
|move|p2b: Jirafona|Protect|p2b: Jirafona
|-singleturn|p2b: Jirafona|Protect
|move|p1a: Charizard|Weather Ball|p2b: Jirafona
|-activate|p2b: Jirafona|move: Protect
|move|p2a: El tucanazo|Hurricane|p1a: Charizard
|-damage|p1a: Charizard|0 fnt
|faint|p1a: Charizard
|move|p1b: Kingambit|Kowtow Cleave|p2a: El tucanazo
|-damage|p2a: El tucanazo|37/100
|
|-weather|RainDance|[upkeep]
|upkeep
|turn|8
|inactive|Thinking Charizard has 30 seconds left.
|
|t:|1785008200
|move|p2b: Jirafona|Helping Hand|p2a: El tucanazo
|-singleturn|p2a: El tucanazo|Helping Hand|[of] p2b: Jirafona
|move|p2a: El tucanazo|Hurricane|p1b: Kingambit
|-resisted|p1b: Kingambit|1
|-damage|p1b: Kingambit|64/100
|-start|p1b: Kingambit|confusion
|-activate|p1b: Kingambit|confusion
|-damage|p1b: Kingambit|50/100g|[from] confusion
|
|-weather|RainDance|[upkeep]
|upkeep
|turn|9
|
|t:|1785008214
|move|p2b: Jirafona|Helping Hand|p2a: El tucanazo
|-singleturn|p2a: El tucanazo|Helping Hand|[of] p2b: Jirafona
|move|p2a: El tucanazo|Hurricane|p1b: Kingambit
|-resisted|p1b: Kingambit|1
|-damage|p1b: Kingambit|12/100
|-end|p1b: Kingambit|confusion
|move|p1b: Kingambit|Kowtow Cleave|p2a: El tucanazo
|-crit|p2a: El tucanazo
|-damage|p2a: El tucanazo|0 fnt
|faint|p2a: El tucanazo
|
|-weather|RainDance|[upkeep]
|upkeep
|
|t:|1785008216
|switch|p2a: Mr Ribbons|Sylveon, L50, F, shiny|100/100
|turn|10
|
|t:|1785008238
|move|p2b: Jirafona|Helping Hand|p2a: Mr Ribbons
|-singleturn|p2a: Mr Ribbons|Helping Hand|[of] p2b: Jirafona
|move|p1b: Kingambit|Iron Head|p2a: Mr Ribbons
|-supereffective|p2a: Mr Ribbons|1
|-damage|p2a: Mr Ribbons|0 fnt
|faint|p2a: Mr Ribbons
|
|-weather|RainDance|[upkeep]
|upkeep
|turn|11
|c|☆Thinking Charizard|gg
|
|t:|1785008247
|move|p1b: Kingambit|Kowtow Cleave|p2b: Jirafona
|-supereffective|p2b: Jirafona|1
|-damage|p2b: Jirafona|0 fnt
|faint|p2b: Jirafona
|
|win|Thinking Charizard
||probandoteammvp is ready for game 2.
|inactive|Thinking Charizard has 30 seconds to confirm battle start!
|inactive|Thinking Charizard has 20 seconds to confirm battle start!
|inactive|Thinking Charizard has 10 seconds to confirm battle start!
|uhtml|next|Next: Game 2 of 3
