|j|☆Welwitchia
|j|☆5017E4
|html|Welwitchia5017E4    
|uhtml|bestof|Game 2 of a best-of-3
|t:|1784723615
|gametype|doubles
|player|p1|Welwitchia|pokemonbreeder-gen4|1018
|player|p2|5017E4|swimmer-gen4dp|1000
|gen|9
|tier|[Gen 9 Champions] VGC 2026 Reg M-B (Bo3)
|rated|
|rule|Species Clause: Limit one of each Pokémon
|rule|Item Clause: Limit 1 of each item
|clearpoke
|poke|p1|Spiritomb, L50, F, shiny|
|poke|p1|Corviknight, L50, M|
|poke|p1|Pyroar, L50, F, shiny|
|poke|p1|Meganium, L50, M|
|poke|p1|Clawitzer, L50, F, shiny|
|poke|p1|Slowking-Galar, L50, M|
|poke|p2|Slowbro, L50, M|
|poke|p2|Torkoal, L50, F|
|poke|p2|Kangaskhan, L50, F|
|poke|p2|Sylveon, L50, F|
|poke|p2|Mudsdale, L50, M|
|poke|p2|Kingambit, L50, M|
|teampreview|4
|showteam|p1|Spiritomb||LeppaBerry|Pressure|Curse,PainSplit,Spite,FoulPlay|Calm||F|||50|]Corviknight||Leftovers|Pressure|Spite,IronHead,Roost,Protect|Impish||M|||50|]Pyroar||Pyroarite|Rivalry|Trailblaze,MudSlap,Entrainment,Flamethrower|Timid||F|||50|]Meganium||Meganiumite|LeafGuard|LeechSeed,Counter,WeatherBall,SolarBeam|Timid||M|||50|]Clawitzer||MysticWater|MegaLauncher|HealPulse,AuraSphere,Protect,WaterPulse|Calm||F|||50|]Slowking-Galar||ColburBerry|CuriousMedicine|SkillSwap,ThunderWave,EerieSpell,TrickRoom|Sassy||M|||50|
|showteam|p2|Slowbro||Slowbronite|Oblivious|Psychic,HydroPump,CalmMind,TrickRoom|Quiet||M|||50|]Torkoal||Charcoal|Drought|Eruption,WeatherBall,SolarBeam,Protect|Quiet||F|||50|]Kangaskhan||SilkScarf|Scrappy|FakeOut,LastResort|Brave||F|||50|]Sylveon||FairyFeather|Pixilate|HyperVoice,HyperBeam,QuickAttack,Detect|Quiet||F|||50|]Mudsdale||LifeOrb|InnerFocus|HighHorsepower,CloseCombat,RockSlide,HeavySlam|Brave||M|||50|]Kingambit||FocusSash|Defiant|KowtowCleave,IronHead,SuckerPunch,LowKick|Brave||M|||50|
|inactive|Battle timer is ON: inactive players will automatically lose when time's up. (requested by 5017E4)
|l|☆Welwitchia
|inactive|Welwitchia disconnected and has a minute to reconnect!
|player|p1|
|j|☆Welwitchia
|inactive|Welwitchia reconnected and has 70 seconds left.
|player|p1|Welwitchia|pokemonbreeder-gen4|
|inactive|Welwitchia has 60 seconds left.
|inactive|5017E4 has 60 seconds left.
|inactive|Welwitchia has 30 seconds left.
|
|t:|1784723682
|teamsize|p1|4
|teamsize|p2|4
|start
|switch|p1a: Corviknight|Corviknight, L50, M|100/100
|switch|p1b: Pyroar|Pyroar, L50, F, shiny|100/100
|switch|p2a: Slowbro|Slowbro, L50, M|100/100
|switch|p2b: Kingambit|Kingambit, L50, M|100/100
|-ability|p1a: Corviknight|Pressure
|turn|1
|inactive|5017E4 has 30 seconds left.
|
|t:|1784723714
|switch|p2b: Torkoal|Torkoal, L50, F|100/100
|-weather|SunnyDay|[from] ability: Drought|[of] p2b: Torkoal
|detailschange|p2a: Slowbro|Slowbro-Mega, L50, M
|-mega|p2a: Slowbro|Slowbro|Slowbronite
|move|p1a: Corviknight|Protect|p1a: Corviknight
|-singleturn|p1a: Corviknight|Protect
|move|p1b: Pyroar|Entrainment|p2a: Slowbro
|-ability|p2a: Slowbro|Rivalry|Shell Armor|[from] move: Entrainment|[of] p1b: Pyroar
|move|p2a: Slowbro|Trick Room|p2a: Slowbro
|-fieldstart|move: Trick Room|[of] p2a: Slowbro
|
|-weather|SunnyDay|[upkeep]
|upkeep
|turn|2
|inactive|Welwitchia has 30 seconds left.
|
|t:|1784723742
|switch|p1a: Slowking|Slowking-Galar, L50, M|100/100
|-clearboost|p1b: Pyroar|[from] ability: Curious Medicine|[of] p1a: Slowking
|move|p2b: Torkoal|Eruption|p1b: Pyroar|[spread] p1a,p1b
|-resisted|p1b: Pyroar|1
|-damage|p1a: Slowking|45/100
|-damage|p1b: Pyroar|41/100
|move|p2a: Slowbro|Hydro Pump|p1b: Pyroar
|-supereffective|p1b: Pyroar|1
|-damage|p1b: Pyroar|0 fnt
|faint|p1b: Pyroar
|
|-weather|SunnyDay|[upkeep]
|upkeep
|
|t:|1784723757
|switch|p1b: Clawitzer|Clawitzer, L50, F, shiny|100/100
|turn|3
|
|t:|1784723773
|move|p2b: Torkoal|Solar Beam||[still]
|-prepare|p2b: Torkoal|Solar Beam
|-anim|p2b: Torkoal|Solar Beam|p1b: Clawitzer
|-supereffective|p1b: Clawitzer|1
|-damage|p1b: Clawitzer|40/100
|move|p1a: Slowking|Eerie Spell|p2b: Torkoal
|-damage|p2b: Torkoal|62/100
|-activate|p2b: Torkoal|move: Eerie Spell|Solar Beam|3
|move|p2a: Slowbro|Psychic|p1a: Slowking
|-damage|p1a: Slowking|12/100
|move|p1b: Clawitzer|Heal Pulse|p1a: Slowking
|-heal|p1a: Slowking|87/100
|
|-weather|SunnyDay|[upkeep]
|upkeep
|turn|4
|l|☆Welwitchia
|inactive|Welwitchia disconnected and has a minute to reconnect!
|player|p1|
|inactive|Welwitchia has 30 seconds left.
|inactive|Welwitchia has 20 seconds left.
|j|☆Welwitchia
|inactive|Welwitchia reconnected and has 20 seconds left.
|player|p1|Welwitchia|pokemonbreeder-gen4|
|inactive|Welwitchia has 15 seconds left.
|inactive|Welwitchia has 10 seconds left.
|
|t:|1784723823
|move|p1b: Clawitzer|Protect|p1b: Clawitzer
|-singleturn|p1b: Clawitzer|Protect
|move|p2b: Torkoal|Solar Beam||[still]
|-prepare|p2b: Torkoal|Solar Beam
|-anim|p2b: Torkoal|Solar Beam|p1b: Clawitzer
|-activate|p1b: Clawitzer|move: Protect
|move|p1a: Slowking|Eerie Spell|p2b: Torkoal
|-damage|p2b: Torkoal|23/100
|-activate|p2b: Torkoal|move: Eerie Spell|Solar Beam|3
|move|p2a: Slowbro|Calm Mind|p2a: Slowbro
|-boost|p2a: Slowbro|spa|1
|-boost|p2a: Slowbro|spd|1
|
|-weather|SunnyDay|[upkeep]
|upkeep
|turn|5
|inactive|Welwitchia has 30 seconds left.
|inactive|5017E4 has 30 seconds left.
|
|t:|1784723857
|move|p2b: Torkoal|Weather Ball|p1a: Slowking
|-damage|p1a: Slowking|38/100
|move|p1a: Slowking|Skill Swap|p2b: Torkoal
|-activate|p1a: Slowking|Skill Swap|Drought|Curious Medicine|[of] p2b: Torkoal
|-clearboost|p2a: Slowbro|[from] ability: Curious Medicine|[of] p2b: Torkoal
|move|p2a: Slowbro|Psychic|p1b: Clawitzer
|-damage|p1b: Clawitzer|15/100
|move|p1b: Clawitzer|Water Pulse|p2b: Torkoal
|-supereffective|p2b: Torkoal|1
|-damage|p2b: Torkoal|0 fnt
|faint|p2b: Torkoal
|
|-weather|none
|-fieldend|move: Trick Room
|upkeep
|
|t:|1784723875
|switch|p2b: Sylveon|Sylveon, L50, F|100/100
|turn|6
|
|t:|1784723891
|switch|p1a: Corviknight|Corviknight, L50, M|100/100
|-ability|p1a: Corviknight|Pressure
|move|p1b: Clawitzer|Water Pulse|p2b: Sylveon
|-damage|p2b: Sylveon|66/100
|move|p2b: Sylveon|Hyper Voice|p1a: Corviknight|[spread] p1a,p1b
|-resisted|p1a: Corviknight|1
|-damage|p1a: Corviknight|76/100
|-damage|p1b: Clawitzer|0 fnt
|faint|p1b: Clawitzer
|move|p2a: Slowbro|Calm Mind|p2a: Slowbro
|-boost|p2a: Slowbro|spa|1
|-boost|p2a: Slowbro|spd|1
|
|-heal|p1a: Corviknight|82/100|[from] item: Leftovers
|upkeep
|
|t:|1784723901
|switch|p1b: Slowking|Slowking-Galar, L50, M|38/100
|-clearboost|p1a: Corviknight|[from] ability: Curious Medicine|[of] p1b: Slowking
|turn|7
|inactive|5017E4 has 30 seconds left.
|
|t:|1784723930
|move|p2b: Sylveon|Detect|p2b: Sylveon
|-singleturn|p2b: Sylveon|Protect
|move|p1a: Corviknight|Spite|p2b: Sylveon
|-activate|p2b: Sylveon|move: Protect
|move|p1b: Slowking|Skill Swap|p2b: Sylveon
|-activate|p2b: Sylveon|move: Protect
|move|p2a: Slowbro|Trick Room|p2a: Slowbro
|-fieldstart|move: Trick Room|[of] p2a: Slowbro
|
|-heal|p1a: Corviknight|88/100|[from] item: Leftovers
|upkeep
|turn|8
|inactive|Welwitchia has 30 seconds left.
|inactive|5017E4 has 30 seconds left.
|
|t:|1784723966
|move|p2a: Slowbro|Hydro Pump|p1a: Corviknight|[miss]
|-miss|p2a: Slowbro|p1a: Corviknight
|move|p1b: Slowking|Skill Swap|p2b: Sylveon
|-activate|p1b: Slowking|Skill Swap|Pixilate|Curious Medicine|[of] p2b: Sylveon
|-clearboost|p2a: Slowbro|[from] ability: Curious Medicine|[of] p2b: Sylveon
|move|p2b: Sylveon|Hyper Voice|p1a: Corviknight|[spread] p1a,p1b
|-resisted|p1a: Corviknight|1
|-damage|p1a: Corviknight|77/100
|-damage|p1b: Slowking|23/100
|move|p1a: Corviknight|Spite|p2a: Slowbro
|-activate|p2a: Slowbro|move: Spite|Hydro Pump|4
|
|-heal|p1a: Corviknight|82/100|[from] item: Leftovers
|upkeep
|turn|9
|
|t:|1784723990
|switch|p2b: Kingambit|Kingambit, L50, M|100/100
|move|p1b: Slowking|Skill Swap|p2a: Slowbro
|-activate|p1b: Slowking|Skill Swap|Rivalry|Pixilate|[of] p2a: Slowbro
|move|p2a: Slowbro|Hydro Pump|p1a: Corviknight
|-damage|p1a: Corviknight|21/100
|move|p1a: Corviknight|Iron Head|p2b: Kingambit
|-resisted|p2b: Kingambit|1
|-damage|p2b: Kingambit|91/100
|
|-heal|p1a: Corviknight|27/100|[from] item: Leftovers
|upkeep
|turn|10
|
|t:|1784724012
|move|p2b: Kingambit|Sucker Punch||[still]
|-fail|p2b: Kingambit
|move|p2a: Slowbro|Psychic|p1a: Corviknight
|-resisted|p1a: Corviknight|1
|-damage|p1a: Corviknight|3/100
|move|p1b: Slowking|Thunder Wave|p2b: Kingambit
|-status|p2b: Kingambit|par
|move|p1a: Corviknight|Roost|p1a: Corviknight
|-heal|p1a: Corviknight|53/100
|-singleturn|p1a: Corviknight|move: Roost
|
|-heal|p1a: Corviknight|59/100|[from] item: Leftovers
|upkeep
|turn|11
|inactive|Welwitchia has 30 seconds left.
|inactive|5017E4 has 30 seconds left.
|
|t:|1784724039
|cant|p2b: Kingambit|par
|move|p1b: Slowking|Thunder Wave|p2a: Slowbro
|-status|p2a: Slowbro|par
|move|p2a: Slowbro|Psychic|p1b: Slowking
|-damage|p1b: Slowking|0 fnt
|faint|p1b: Slowking
|move|p1a: Corviknight|Roost|p1a: Corviknight
|-heal|p1a: Corviknight|100/100
|-singleturn|p1a: Corviknight|move: Roost
|
|-fieldend|move: Trick Room
|upkeep
|turn|12
|inactive|5017E4 has 30 seconds left.
|
|t:|1784724067
|move|p1a: Corviknight|Protect|p1a: Corviknight
|-singleturn|p1a: Corviknight|Protect
|move|p2b: Kingambit|Kowtow Cleave|p1a: Corviknight
|-activate|p1a: Corviknight|move: Protect
|move|p2a: Slowbro|Calm Mind|p2a: Slowbro
|-boost|p2a: Slowbro|spa|1
|-boost|p2a: Slowbro|spd|1
|
|upkeep
|turn|13
|
|t:|1784724085
|move|p1a: Corviknight|Spite|p2b: Kingambit
|-activate|p2b: Kingambit|move: Spite|Kowtow Cleave|4
|move|p2b: Kingambit|Kowtow Cleave|p1a: Corviknight
|-damage|p1a: Corviknight|68/100
|move|p2a: Slowbro|Calm Mind|p2a: Slowbro
|-boost|p2a: Slowbro|spa|1
|-boost|p2a: Slowbro|spd|1
|
|-heal|p1a: Corviknight|74/100|[from] item: Leftovers
|upkeep
|turn|14
|inactive|5017E4 has 30 seconds left.
|
|t:|1784724112
|move|p1a: Corviknight|Spite|p2b: Kingambit
|-activate|p2b: Kingambit|move: Spite|Kowtow Cleave|4
|move|p2b: Kingambit|Low Kick|p1a: Corviknight
|-damage|p1a: Corviknight|54/100
|move|p2a: Slowbro|Psychic|p1a: Corviknight
|-resisted|p1a: Corviknight|1
|-crit|p1a: Corviknight
|-damage|p1a: Corviknight|0 fnt
|faint|p1a: Corviknight
|
|win|5017E4
|raw|Welwitchia's rating: 1018 → 1005(-13 for losing)
|raw|5017E4's rating: 1000 → 1042(+42 for winning)
