|j|☆Blackbird230
|j|☆snailboss
|html|Blackbird230snailboss    
|uhtml|bestof|Game 2 of a best-of-3
|t:|1756495281
|gametype|doubles
|player|p1|Blackbird230|170|1216
|player|p2|snailboss|hilda-wonderlauncher|1166
|gen|9
|tier|[Gen 9] VGC 2025 Reg H (Bo3)
|rated|
|rule|Species Clause: Limit one of each Pokémon
|rule|Item Clause: Limit 1 of each item
|clearpoke
|poke|p1|Charizard, L50, F|
|poke|p1|Garchomp, L50, F|
|poke|p1|Rillaboom, L50, F|
|poke|p1|Archaludon, L50, M|
|poke|p1|Annihilape, L50, M|
|poke|p1|Murkrow, L50, M|
|poke|p2|Tyranitar, L50, M|
|poke|p2|Excadrill, L50, F|
|poke|p2|Indeedee-F, L50, F|
|poke|p2|Zoroark-Hisui, L50, M|
|poke|p2|Corviknight, L50, F|
|poke|p2|Amoonguss, L50, F|
|teampreview|4
|showteam|p1|Charizard||ChoiceSpecs|SolarPower|HeatWave,Overheat,Hurricane,WeatherBall|||F|||50|,,,,,Fire]Garchomp||ClearAmulet|RoughSkin|Earthquake,StompingTantrum,DragonClaw,Protect|||F|||50|,,,,,Ground]Rillaboom||AssaultVest|GrassySurge|FakeOut,WoodHammer,GrassyGlide,Uturn|||F|||50|,,,,,Fire]Archaludon||PowerHerb|Sturdy|ElectroShot,DracoMeteor,FlashCannon,Protect|||M|||50|,,,,,Electric]Annihilape||SafetyGoggles|Defiant|FinalGambit,RageFist,DrainPunch,Protect|||M|||50|,,,,,Fighting]Murkrow||Eviolite|Prankster|Tailwind,SunnyDay,Taunt,BraveBird|||M|||50|,,,,,Ghost
|showteam|p2|Tyranitar||AssaultVest|SandStream|RockSlide,KnockOff,LowKick,TeraBlast|||M|||50|,,,,,Flying]Excadrill||FocusSash|SandRush|IronHead,Protect,SwordsDance,Earthquake|||F|||50|,,,,,Ground]Indeedee-F||SafetyGoggles|PsychicSurge|TrickRoom,FollowMe,Psychic,HelpingHand|||F|||50|,,,,,Fairy]Zoroark-Hisui||ChoiceSpecs|Illusion|HyperVoice,ShadowBall,HyperBeam,Flamethrower|||M|||50|,,,,,Normal]Corviknight||PsychicSeed|MirrorArmor|BraveBird,PowerTrip,BulkUp,Roost|||F|||50|,,,,,Rock]Amoonguss||SitrusBerry|Regenerator|Spore,RagePowder,Protect,ClearSmog|||F|||50|,,,,,Water
|
|t:|1756495300
|teamsize|p1|4
|teamsize|p2|4
|start
|switch|p1a: Murkrow|Murkrow, L50, M|100/100
|switch|p1b: Garchomp|Garchomp, L50, F|100/100
|switch|p2a: Corviknight|Corviknight, L50, F|100/100
|switch|p2b: Tyranitar|Tyranitar, L50, M|100/100
|-weather|Sandstorm|[from] ability: Sand Stream|[of] p2b: Tyranitar
|turn|1
|
|t:|1756495317
|-terastallize|p2b: Tyranitar|Flying
|move|p1b: Garchomp|Protect|p1b: Garchomp
|-singleturn|p1b: Garchomp|Protect
|move|p1a: Murkrow|Taunt|p2a: Corviknight
|-start|p2a: Corviknight|move: Taunt
|move|p2b: Tyranitar|Rock Slide|p1b: Garchomp|[spread] p1a
|-activate|p1b: Garchomp|move: Protect
|-supereffective|p1a: Murkrow
|-crit|p1a: Murkrow
|-damage|p1a: Murkrow|0 fnt
|faint|p1a: Murkrow
|cant|p2a: Corviknight|move: Taunt|Bulk Up
|
|-weather|Sandstorm|[upkeep]
|-damage|p2b: Tyranitar|95/100|[from] Sandstorm
|upkeep
|
|t:|1756495321
|switch|p1a: Archaludon|Archaludon, L50, M|100/100
|turn|2
|
|t:|1756495337
|switch|p1b: Charizard|Charizard, L50, F|100/100
|-terastallize|p1a: Archaludon|Electric
|move|p1a: Archaludon|Electro Shot||[still]
|-prepare|p1a: Archaludon|Electro Shot
|-boost|p1a: Archaludon|spa|1
|-enditem|p1a: Archaludon|Power Herb
|-anim|p1a: Archaludon|Electro Shot|p2b: Tyranitar
|-supereffective|p2b: Tyranitar
|-damage|p2b: Tyranitar|0 fnt
|faint|p2b: Tyranitar
|move|p2a: Corviknight|Brave Bird|p1b: Charizard
|-damage|p1b: Charizard|44/100
|-damage|p2a: Corviknight|86/100|[from] Recoil
|
|-weather|Sandstorm|[upkeep]
|-damage|p1b: Charizard|38/100|[from] Sandstorm
|-damage|p1a: Archaludon|94/100|[from] Sandstorm
|upkeep
|
|t:|1756495352
|switch|p2b: Indeedee|Indeedee-F, L50, F|100/100
|-fieldstart|move: Psychic Terrain|[from] ability: Psychic Surge|[of] p2b: Indeedee
|-enditem|p2a: Corviknight|Psychic Seed
|-boost|p2a: Corviknight|spd|1|[from] item: Psychic Seed
|turn|3
|
|t:|1756495366
|move|p1b: Charizard|Heat Wave|p2b: Indeedee|[spread] p2a,p2b
|-supereffective|p2a: Corviknight
|-damage|p2a: Corviknight|21/100
|-damage|p2b: Indeedee|49/100
|move|p1a: Archaludon|Flash Cannon|p2b: Indeedee
|-damage|p2b: Indeedee|0 fnt
|faint|p2b: Indeedee
|move|p2a: Corviknight|Brave Bird|p1b: Charizard
|-damage|p1b: Charizard|0 fnt
|faint|p1b: Charizard
|-damage|p2a: Corviknight|12/100|[from] Recoil
|
|-weather|Sandstorm|[upkeep]
|-damage|p1a: Archaludon|88/100|[from] Sandstorm
|-end|p2a: Corviknight|move: Taunt
|upkeep
|
|t:|1756495376
|switch|p1b: Garchomp|Garchomp, L50, F|100/100
|switch|p2b: Excadrill|Excadrill, L50, F|100/100
|turn|4
|
|t:|1756495402
|move|p2b: Excadrill|Protect|p2b: Excadrill
|-singleturn|p2b: Excadrill|Protect
|move|p1a: Archaludon|Protect|p1a: Archaludon
|-singleturn|p1a: Archaludon|Protect
|move|p1b: Garchomp|Stomping Tantrum|p2b: Excadrill
|-activate|p2b: Excadrill|move: Protect
|move|p2a: Corviknight|Roost|p2a: Corviknight
|-heal|p2a: Corviknight|62/100
|-singleturn|p2a: Corviknight|move: Roost
|
|-weather|Sandstorm|[upkeep]
|-damage|p1a: Archaludon|82/100|[from] Sandstorm
|upkeep
|turn|5
|
|t:|1756495419
|move|p1a: Archaludon|Protect||[still]
|-fail|p1a: Archaludon
|move|p2b: Excadrill|Earthquake|p1b: Garchomp|[spread] p1a,p1b
|-immune|p2a: Corviknight
|-supereffective|p1a: Archaludon
|-damage|p1a: Archaludon|3/100
|-damage|p1b: Garchomp|59/100
|move|p1b: Garchomp|Earthquake|p2a: Corviknight|[spread] p1a,p2b
|-immune|p2a: Corviknight
|-supereffective|p1a: Archaludon
|-supereffective|p2b: Excadrill
|-damage|p1a: Archaludon|0 fnt
|-enditem|p2b: Excadrill|Focus Sash
|-damage|p2b: Excadrill|1/100
|faint|p1a: Archaludon
|move|p2a: Corviknight|Bulk Up|p2a: Corviknight
|-boost|p2a: Corviknight|atk|1
|-boost|p2a: Corviknight|def|1
|
|-weather|none
|upkeep
|turn|6
|
|t:|1756495440
|move|p1b: Garchomp|Dragon Claw|p2b: Excadrill
|-resisted|p2b: Excadrill
|-damage|p2b: Excadrill|0 fnt
|faint|p2b: Excadrill
|move|p2a: Corviknight|Brave Bird|p1b: Garchomp
|-damage|p1b: Garchomp|0 fnt
|-damage|p2a: Corviknight|50/100|[from] ability: Rough Skin|[of] p1b: Garchomp
|faint|p1b: Garchomp
|-damage|p2a: Corviknight|33/100|[from] Recoil
|
|win|snailboss
|raw|Blackbird230's rating: 1216 → 1187(-29 for losing)
|raw|snailboss's rating: 1166 → 1195(+29 for winning)
|l|☆Blackbird230
|player|p1|
