|j|☆Milanmirchandani
|j|☆Truevillany123
|html|MilanmirchandaniTruevillany123    
|uhtml|bestof|Game 1 of a best-of-3
|t:|1757725648
|gametype|doubles
|player|p1|Milanmirchandani|101|1175
|player|p2|Truevillany123|266|1089
|gen|9
|tier|[Gen 9] VGC 2025 Reg H (Bo3)
|rated|
|rule|Species Clause: Limit one of each Pokémon
|rule|Item Clause: Limit 1 of each item
|clearpoke
|poke|p1|Incineroar, L50, M|
|poke|p1|Murkrow, L50, M|
|poke|p1|Garchomp, L50, F|
|poke|p1|Gholdengo, L50|
|poke|p1|Volcarona, L50, F|
|poke|p1|Maushold, L50|
|poke|p2|Dragonite, L50, M|
|poke|p2|Ursaluna-Bloodmoon, L50, M|
|poke|p2|Gholdengo, L50|
|poke|p2|Annihilape, L50, M|
|poke|p2|Ninetales-Alola, L50, M|
|poke|p2|Rillaboom, L50, F|
|teampreview|4
|showteam|p1|Incineroar||SafetyGoggles|Intimidate|FakeOut,PartingShot,KnockOff,FlareBlitz|||M|||50|,,,,,Ghost]Murkrow||Eviolite|Prankster|Tailwind,FoulPlay,SunnyDay,Protect|||M|||50|,,,,,Steel]Garchomp||ClearAmulet|RoughSkin|Earthquake,RockSlide,DragonClaw,Protect|||F|||50|,,,,,Steel]Gholdengo||LifeOrb|GoodasGold|MakeItRain,ShadowBall,NastyPlot,Protect||||||50|,,,,,Water]Volcarona||Charcoal|FlameBody|Flamethrower,HeatWave,Overheat,Protect|||F|||50|,,,,,Fire]Maushold||WideLens|FriendGuard|FollowMe,PopulationBomb,Protect,Encore||||||50|,,,,,Ghost
|showteam|p2|Dragonite||LoadedDice|Multiscale|ScaleShot,Protect,Haze,Tailwind|||M|||50|,,,,,Fairy]Ursaluna-Bloodmoon||LifeOrb|MindsEye|BloodMoon,HyperVoice,EarthPower,Protect|||M|||50|,,,,,Normal]Gholdengo||ChoiceSpecs|GoodasGold|MakeItRain,ShadowBall,Protect,NastyPlot||||||50|,,,,,Water]Annihilape||SafetyGoggles|Defiant|DrainPunch,RageFist,Protect,BulkUp|||M|||50|,,,,,Fire]Ninetales-Alola||FocusSash|SnowWarning|FreezeDry,AuroraVeil,Encore,IcicleSpear|||M|||50|,,,,,Ghost]Rillaboom||AssaultVest|GrassySurge|FakeOut,WoodHammer,HighHorsepower,Uturn|||F|||50|,,,,,Fire
|inactive|Battle timer is ON: inactive players will automatically lose when time's up. (requested by Milanmirchandani)
|inactive|Milanmirchandani has 60 seconds left.
|inactive|Truevillany123 has 60 seconds left.
|
|t:|1757725720
|teamsize|p1|4
|teamsize|p2|4
|start
|switch|p1a: Murkrow|Murkrow, L50, M|100/100
|switch|p1b: Gholdengo|Gholdengo, L50|100/100
|switch|p2a: Dragonite|Dragonite, L50, M, shiny|100/100
|switch|p2b: Ninetales|Ninetales-Alola, L50, M|100/100
|-weather|Snowscape|[from] ability: Snow Warning|[of] p2b: Ninetales
|turn|1
|inactive|Milanmirchandani has 30 seconds left.
|inactive|Milanmirchandani has 20 seconds left.
|inactive|Milanmirchandani has 15 seconds left.
|inactive|Truevillany123 has 30 seconds left.
|
|t:|1757725766
|-terastallize|p1a: Murkrow|Steel
|move|p2b: Ninetales|Encore||[still]
|-fail|p2b: Ninetales
|move|p1b: Gholdengo|Make It Rain|p2a: Dragonite|[spread] p2a,p2b
|-supereffective|p2b: Ninetales
|-damage|p2a: Dragonite|68/100
|-enditem|p2b: Ninetales|Focus Sash
|-damage|p2b: Ninetales|1/100
|-unboost|p1b: Gholdengo|spa|1
|-damage|p1b: Gholdengo|91/100|[from] item: Life Orb
|move|p2a: Dragonite|Haze|p2a: Dragonite
|-clearallboost
|move|p1a: Murkrow|Foul Play|p2b: Ninetales
|-resisted|p2b: Ninetales
|-damage|p2b: Ninetales|0 fnt
|faint|p2b: Ninetales
|
|-weather|Snowscape|[upkeep]
|upkeep
|c|☆Truevillany123|gg
|inactive|Truevillany123 has 30 seconds left.
|
|t:|1757725791
|switch|p2b: Rillaboom|Rillaboom, L50, F|100/100
|-fieldstart|move: Grassy Terrain|[from] ability: Grassy Surge|[of] p2b: Rillaboom
|turn|2
|inactive|Milanmirchandani has 30 seconds left.
|
|t:|1757725818
|move|p2b: Rillaboom|Fake Out|p1a: Murkrow
|-resisted|p1a: Murkrow
|-damage|p1a: Murkrow|93/100
|cant|p1a: Murkrow|flinch
|move|p1b: Gholdengo|Make It Rain|p2b: Rillaboom|[spread] p2a,p2b
|-damage|p2a: Dragonite|2/100
|-damage|p2b: Rillaboom|43/100
|-unboost|p1b: Gholdengo|spa|1
|-damage|p1b: Gholdengo|81/100|[from] item: Life Orb
|move|p2a: Dragonite|Scale Shot|p1b: Gholdengo|[miss]
|-miss|p2a: Dragonite|p1b: Gholdengo
|
|-weather|Snowscape|[upkeep]
|-heal|p1b: Gholdengo|87/100|[from] Grassy Terrain
|-heal|p2b: Rillaboom|49/100|[from] Grassy Terrain
|-heal|p1a: Murkrow|99/100|[from] Grassy Terrain
|upkeep
|turn|3
|inactive|Milanmirchandani has 30 seconds left.
|
|t:|1757725844
|-terastallize|p2b: Rillaboom|Fire
|move|p1b: Gholdengo|Make It Rain|p2a: Dragonite|[spread] p2a,p2b
|-resisted|p2b: Rillaboom
|-damage|p2a: Dragonite|0 fnt
|-damage|p2b: Rillaboom|31/100
|-unboost|p1b: Gholdengo|spa|1
|faint|p2a: Dragonite
|-damage|p1b: Gholdengo|77/100|[from] item: Life Orb
|move|p2b: Rillaboom|High Horsepower|p1b: Gholdengo
|-supereffective|p1b: Gholdengo
|-damage|p1b: Gholdengo|0 fnt
|faint|p1b: Gholdengo
|move|p1a: Murkrow|Foul Play|p2b: Rillaboom
|-damage|p2b: Rillaboom|0 fnt
|faint|p2b: Rillaboom
|
|-weather|Snowscape|[upkeep]
|-heal|p1a: Murkrow|100/100|[from] Grassy Terrain
|upkeep
|
|t:|1757725859
|switch|p1b: Volcarona|Volcarona, L50, F|100/100
|switch|p2b: Annihilape|Annihilape, L50, M|100/100
|turn|4
|
|t:|1757725878
|move|p1a: Murkrow|Tailwind|p1a: Murkrow
|-sidestart|p1: Milanmirchandani|move: Tailwind
|move|p1b: Volcarona|Flamethrower|p2b: Annihilape
|-damage|p2b: Annihilape|46/100
|move|p2b: Annihilape|Drain Punch|p1a: Murkrow
|-supereffective|p1a: Murkrow
|-damage|p1a: Murkrow|36/100
|-heal|p2b: Annihilape|72/100|[from] drain|[of] p1a: Murkrow
|
|-weather|Snowscape|[upkeep]
|-heal|p1a: Murkrow|42/100|[from] Grassy Terrain
|-heal|p2b: Annihilape|78/100|[from] Grassy Terrain
|upkeep
|turn|5
|
|t:|1757725893
|move|p1b: Volcarona|Flamethrower|p2b: Annihilape
|-damage|p2b: Annihilape|18/100
|move|p1a: Murkrow|Foul Play|p2b: Annihilape
|-damage|p2b: Annihilape|0 fnt
|faint|p2b: Annihilape
|
|win|Milanmirchandani
