|j|☆Karissel
|j|☆DINOLONK
|html|KarisselDINOLONK    
|uhtml|bestof|Game 2 of a best-of-3
|t:|1782508268
|gametype|doubles
|player|p1|Karissel|miku-ground|1232
|player|p2|DINOLONK|parasollady-gen4|1164
|gen|9
|tier|[Gen 9 Champions] VGC 2026 Reg M-B (Bo3)
|rated|
|rule|Species Clause: Limit one of each Pokémon
|rule|Item Clause: Limit 1 of each item
|clearpoke
|poke|p1|Pyroar, L50, M, shiny|
|poke|p1|Torkoal, L50, M, shiny|
|poke|p1|Farigiraf, L50, M|
|poke|p1|Vileplume, L50, M|
|poke|p1|Incineroar, L50, F|
|poke|p1|Floette-Eternal, L50, F|
|poke|p2|Hydreigon, L50, F|
|poke|p2|Garchomp, L50, F|
|poke|p2|Metagross, L50|
|poke|p2|Charizard, L50, F|
|poke|p2|Grimmsnarl, L50, M|
|poke|p2|Toxapex, L50, F|
|teampreview|4
|showteam|p1|Pyroar||Pyroarite|Unnerve|Protect,Overheat,HeatWave,SolarBeam|Timid||M|||50|]Torkoal||Charcoal|Drought|Protect,HelpingHand,Eruption,WeatherBall|Quiet||M|||50|]Farigiraf||SitrusBerry|ArmorTail|HelpingHand,TrickRoom,Psychic,Thunderbolt|Relaxed||M|||50|]Vileplume||FocusSash|Chlorophyll|SleepPowder,AfterYou,SludgeBomb,SolarBeam|Timid||M|||50|]Incineroar||WhiteHerb|Intimidate|FakeOut,FlareBlitz,DarkestLariat,CloseCombat|Brave||F|||50|]Floette-Eternal||Floettite|FlowerVeil|Protect,CalmMind,Moonblast,DrainingKiss|Modest||F|||50|
|showteam|p2|Hydreigon||ChoiceScarf|Levitate|HeatWave,DarkPulse,DracoMeteor,Snarl|Modest||F|||50|]Garchomp||SitrusBerry|RoughSkin|Earthquake,RockSlide,DragonClaw,Protect|Adamant||F|||50|]Metagross||Metagrossite|ClearBody|IronHead,HammerArm,BulletPunch,Protect|Adamant|||||50|]Charizard||CharizarditeY|Blaze|Protect,HeatWave,SolarBeam,WeatherBall|Timid||F|||50|]Grimmsnarl||RoseliBerry|Prankster|FakeOut,FoulPlay,Reflect,PartingShot|Sassy||M|||50|]Toxapex||Leftovers|Regenerator|Infestation,Toxic,BanefulBunker,WideGuard|Bold||F|||50|
|inactive|Battle timer is ON: inactive players will automatically lose when time's up. (requested by Karissel)
|inactive|DINOLONK also wants the timer to be on.
|
|t:|1782508285
|teamsize|p1|4
|teamsize|p2|4
|start
|switch|p1a: Vileplume|Vileplume, L50, M|100/100
|switch|p1b: Torkoal|Torkoal, L50, M, shiny|100/100
|switch|p2a: Garchomp|Garchomp, L50, F|100/100
|switch|p2b: Toxapex|Toxapex, L50, F|100/100
|-weather|SunnyDay|[from] ability: Drought|[of] p1b: Torkoal
|turn|1
|inactive|Karissel has 30 seconds left.
|inactive|Karissel has 20 seconds left.
|inactive|Karissel has 15 seconds left.
|
|t:|1782508327
|move|p2a: Garchomp|Protect|p2a: Garchomp
|-singleturn|p2a: Garchomp|Protect
|move|p1b: Torkoal|Protect|p1b: Torkoal
|-singleturn|p1b: Torkoal|Protect
|move|p1a: Vileplume|Sleep Powder|p2b: Toxapex
|-status|p2b: Toxapex|slp|[from] move: Sleep Powder
|cant|p2b: Toxapex|slp
|
|-weather|SunnyDay|[upkeep]
|upkeep
|turn|2
|
|t:|1782508341
|move|p1b: Torkoal|Helping Hand|p1a: Vileplume
|-singleturn|p1a: Vileplume|Helping Hand|[of] p1b: Torkoal
|move|p1a: Vileplume|Solar Beam||[still]
|-prepare|p1a: Vileplume|Solar Beam
|-anim|p1a: Vileplume|Solar Beam|p2a: Garchomp
|-damage|p2a: Garchomp|25/100
|-enditem|p2a: Garchomp|Sitrus Berry|[eat]
|-heal|p2a: Garchomp|50/100g|[from] item: Sitrus Berry
|move|p2a: Garchomp|Earthquake|p1b: Torkoal|[spread] p2b,p1a,p1b
|-supereffective|p2b: Toxapex|1
|-supereffective|p1b: Torkoal|1
|-damage|p2b: Toxapex|52/100 slp
|-damage|p1a: Vileplume|46/100
|-damage|p1b: Torkoal|35/100
|cant|p2b: Toxapex|slp
|
|-weather|SunnyDay|[upkeep]
|-heal|p2b: Toxapex|58/100 slp|[from] item: Leftovers
|upkeep
|turn|3
|
|t:|1782508359
|move|p1b: Torkoal|Helping Hand|p1a: Vileplume
|-singleturn|p1a: Vileplume|Helping Hand|[of] p1b: Torkoal
|move|p2a: Garchomp|Protect|p2a: Garchomp
|-singleturn|p2a: Garchomp|Protect
|move|p1a: Vileplume|Solar Beam||[still]
|-prepare|p1a: Vileplume|Solar Beam
|-anim|p1a: Vileplume|Solar Beam|p2b: Toxapex
|-damage|p2b: Toxapex|0 fnt
|faint|p2b: Toxapex
|
|-weather|SunnyDay|[upkeep]
|upkeep
|
|t:|1782508368
|switch|p2b: Hydreigon|Hydreigon, L50, F|100/100
|turn|4
|inactive|Karissel has 30 seconds left.
|
|t:|1782508399
|move|p1b: Torkoal|Protect|p1b: Torkoal
|-singleturn|p1b: Torkoal|Protect
|move|p2b: Hydreigon|Heat Wave|p1b: Torkoal|[spread] p1a
|-activate|p1b: Torkoal|move: Protect
|-supereffective|p1a: Vileplume|1
|-damage|p1a: Vileplume|0 fnt
|faint|p1a: Vileplume
|move|p2a: Garchomp|Earthquake|p1b: Torkoal|[spread] 
|-activate|p1b: Torkoal|move: Protect
|-immune|p2b: Hydreigon|[from] ability: Levitate
|
|-weather|SunnyDay|[upkeep]
|upkeep
|
|t:|1782508408
|switch|p1a: Floette|Floette-Eternal, L50, F|100/100
|turn|5
|
|t:|1782508413
|switch|p1b: Incineroar|Incineroar, L50, F|100/100
|-ability|p1b: Incineroar|Intimidate|boost
|-unboost|p2a: Garchomp|atk|1
|-unboost|p2b: Hydreigon|atk|1
|detailschange|p1a: Floette|Floette-Mega, L50, F
|-mega|p1a: Floette|Floette|Floettite
|-ability|p1a: Floette|Fairy Aura
|move|p2b: Hydreigon|Heat Wave|p1a: Floette|[spread] p1a,p1b
|-resisted|p1b: Incineroar|1
|-damage|p1a: Floette|73/100
|-damage|p1b: Incineroar|82/100
|move|p1a: Floette|Calm Mind|p1a: Floette
|-boost|p1a: Floette|spa|1
|-boost|p1a: Floette|spd|1
|move|p2a: Garchomp|Earthquake|p1b: Incineroar|[spread] p1a,p1b
|-immune|p2b: Hydreigon|[from] ability: Levitate
|-supereffective|p1b: Incineroar|1
|-damage|p1a: Floette|41/100
|-damage|p1b: Incineroar|35/100
|
|-weather|none
|upkeep
|turn|6
|
|t:|1782508437
|switch|p2b: Charizard|Charizard, L50, F|100/100
|move|p1b: Incineroar|Fake Out|p2a: Garchomp
|-damage|p2a: Garchomp|38/100
|-damage|p1b: Incineroar|22/100|[from] ability: Rough Skin|[of] p2a: Garchomp
|move|p1a: Floette|Draining Kiss|p2b: Charizard
|-resisted|p2b: Charizard|1
|-damage|p2b: Charizard|66/100
|-heal|p1a: Floette|65/100|[from] drain|[of] p2b: Charizard
|cant|p2a: Garchomp|flinch
|
|upkeep
|turn|7
|
|t:|1782508461
|switch|p1b: Torkoal|Torkoal, L50, M, shiny|35/100
|-weather|SunnyDay|[from] ability: Drought|[of] p1b: Torkoal
|detailschange|p2b: Charizard|Charizard-Mega-Y, L50, F
|-mega|p2b: Charizard|Charizard|Charizardite Y
|move|p1a: Floette|Protect|p1a: Floette
|-singleturn|p1a: Floette|Protect
|move|p2b: Charizard|Heat Wave|p1a: Floette|[spread] p1b
|-activate|p1a: Floette|move: Protect
|-resisted|p1b: Torkoal|1
|-damage|p1b: Torkoal|0 fnt
|faint|p1b: Torkoal
|move|p2a: Garchomp|Earthquake|p1a: Floette|[spread] 
|-activate|p1a: Floette|move: Protect
|-immune|p2b: Charizard
|
|-weather|SunnyDay|[upkeep]
|upkeep
|
|t:|1782508463
|switch|p1b: Incineroar|Incineroar, L50, F|22/100
|-ability|p1b: Incineroar|Intimidate|boost
|-unboost|p2a: Garchomp|atk|1
|-unboost|p2b: Charizard|atk|1
|turn|8
|
|t:|1782508476
|move|p2b: Charizard|Protect|p2b: Charizard
|-singleturn|p2b: Charizard|Protect
|move|p2a: Garchomp|Protect|p2a: Garchomp
|-singleturn|p2a: Garchomp|Protect
|move|p1b: Incineroar|Fake Out|p2b: Charizard
|-activate|p2b: Charizard|move: Protect
|move|p1a: Floette|Calm Mind|p1a: Floette
|-boost|p1a: Floette|spa|1
|-boost|p1a: Floette|spd|1
|
|-weather|SunnyDay|[upkeep]
|upkeep
|turn|9
|
|t:|1782508494
|move|p2b: Charizard|Heat Wave|p1b: Incineroar|[spread] p1a,p1b
|-resisted|p1b: Incineroar|1
|-damage|p1a: Floette|46/100
|-damage|p1b: Incineroar|0 fnt
|-status|p1a: Floette|brn
|faint|p1b: Incineroar
|move|p1a: Floette|Draining Kiss|p2b: Charizard
|-resisted|p2b: Charizard|1
|-damage|p2b: Charizard|33/100
|-heal|p1a: Floette|70/100 brn|[from] drain|[of] p2b: Charizard
|move|p2a: Garchomp|Earthquake|p1a: Floette|[spread] p1a
|-immune|p2b: Charizard
|-damage|p1a: Floette|48/100 brn
|
|-weather|SunnyDay|[upkeep]
|-damage|p1a: Floette|42/100 brn|[from] brn
|upkeep
|turn|10
|inactive|DINOLONK has 30 seconds left.
|
|t:|1782508520
|move|p2b: Charizard|Weather Ball|p1a: Floette
|-damage|p1a: Floette|12/100 brn
|move|p1a: Floette|Draining Kiss|p2b: Charizard
|-resisted|p2b: Charizard|1
|-damage|p2b: Charizard|0 fnt
|-heal|p1a: Floette|37/100 brn|[from] drain|[of] p2b: Charizard
|faint|p2b: Charizard
|move|p2a: Garchomp|Earthquake|p1a: Floette
|-damage|p1a: Floette|6/100 brn
|
|-weather|SunnyDay|[upkeep]
|-damage|p1a: Floette|0 fnt|[from] brn
|faint|p1a: Floette
|
|win|DINOLONK
|raw|Karissel's rating: 1232 → 1202(-30 for losing)
|raw|DINOLONK's rating: 1164 → 1194(+30 for winning)
