|j|☆Alysa Liu
|j|☆T-block
|html|Alysa LiuT-block    
|uhtml|bestof|Game 1 of a best-of-3
|t:|1756673159
|gametype|doubles
|player|p1|Alysa Liu|lady|1462
|player|p2|T-block|170|1426
|gen|9
|tier|[Gen 9] VGC 2025 Reg H (Bo3)
|rated|
|rule|Species Clause: Limit one of each Pokémon
|rule|Item Clause: Limit 1 of each item
|clearpoke
|poke|p1|Dachsbun, L50, F|
|poke|p1|Typhlosion-Hisui, L50, F|
|poke|p1|Kingambit, L50, M|
|poke|p1|Jumpluff, L50, M|
|poke|p1|Rillaboom, L50, M|
|poke|p1|Torkoal, L50, F|
|poke|p2|Rillaboom, L50, M|
|poke|p2|Ninetales-Alola, L50, M|
|poke|p2|Gholdengo, L50|
|poke|p2|Garchomp, L50, M|
|poke|p2|Incineroar, L50, M|
|poke|p2|Dragonite, L50, F|
|teampreview|4
|showteam|p1|Dachsbun||Leftovers|WellBakedBody|BodyPress,Snarl,HelpingHand,Protect|||F|||50|,,,,,Steel]Typhlosion-Hisui||ChoiceSpecs|Blaze|Eruption,LavaPlume,Overheat,ShadowBall|||F|||50|,,,,,Fire]Kingambit||SafetyGoggles|Defiant|Protect,KowtowCleave,SuckerPunch,SwordsDance|||M|||50|,,,,,Dark]Jumpluff||CovertCloak|Chlorophyll|SleepPowder,SunnyDay,RagePowder,Tailwind|||M|||50|,,,,,Water]Rillaboom||AssaultVest|GrassySurge|WoodHammer,GrassyGlide,FakeOut,HighHorsepower|||M|||50|,,,,,Water]Torkoal||SitrusBerry|Drought|HeatWave,LavaPlume,ClearSmog,Protect|||F|||50|,,,,,Fairy
|showteam|p2|Rillaboom||AssaultVest|GrassySurge|GrassyGlide,WoodHammer,FakeOut,HighHorsepower|||M|||50|,,,,,Fire]Ninetales-Alola||FocusSash|SnowWarning|Blizzard,IcyWind,Encore,AuroraVeil|||M|||50|,,,,,Ghost]Gholdengo||GrassySeed|GoodasGold|NastyPlot,MakeItRain,ShadowBall,Protect||||||50|,,,,,Water]Garchomp||LifeOrb|RoughSkin|StompingTantrum,RockSlide,DragonClaw,Protect|||M|||50|,,,,,Fire]Incineroar||SitrusBerry|Intimidate|FlareBlitz,KnockOff,FakeOut,PartingShot|||M|||50|,,,,,Water]Dragonite||LoadedDice|Multiscale|ScaleShot,Haze,Tailwind,Protect|||F|||50|,,,,,Fairy
|inactive|Battle timer is ON: inactive players will automatically lose when time's up. (requested by Alysa Liu)
|inactive|Alysa Liu has 60 seconds left.
|inactive|T-block has 60 seconds left.
|inactive|T-block has 30 seconds left.
|
|t:|1756673229
|teamsize|p1|4
|teamsize|p2|4
|start
|switch|p1a: Rillaboom|Rillaboom, L50, M|100/100
|switch|p1b: Torkoal|Torkoal, L50, F|100/100
|switch|p2a: Garchomp|Garchomp, L50, M|100/100
|switch|p2b: Gholdengo|Gholdengo, L50|100/100
|-fieldstart|move: Grassy Terrain|[from] ability: Grassy Surge|[of] p1a: Rillaboom
|-enditem|p2b: Gholdengo|Grassy Seed
|-boost|p2b: Gholdengo|def|1|[from] item: Grassy Seed
|-weather|SunnyDay|[from] ability: Drought|[of] p1b: Torkoal
|turn|1
|inactive|T-block has 30 seconds left.
|inactive|T-block has 20 seconds left.
|inactive|Alysa Liu has 30 seconds left.
|
|t:|1756673274
|switch|p2a: Incineroar|Incineroar, L50, M|100/100
|-ability|p2a: Incineroar|Intimidate|boost
|-unboost|p1a: Rillaboom|atk|1
|-unboost|p1b: Torkoal|atk|1
|move|p2b: Gholdengo|Protect|p2b: Gholdengo
|-singleturn|p2b: Gholdengo|Protect
|move|p1a: Rillaboom|High Horsepower|p2a: Incineroar
|-supereffective|p2a: Incineroar
|-damage|p2a: Incineroar|54/100
|move|p1b: Torkoal|Heat Wave|p2a: Incineroar|[spread] p2a
|-activate|p2b: Gholdengo|move: Protect
|-resisted|p2a: Incineroar
|-damage|p2a: Incineroar|39/100
|-enditem|p2a: Incineroar|Sitrus Berry|[eat]
|-heal|p2a: Incineroar|64/100|[from] item: Sitrus Berry
|
|-weather|SunnyDay|[upkeep]
|-heal|p2a: Incineroar|70/100|[from] Grassy Terrain
|upkeep
|turn|2
|inactive|T-block has 30 seconds left.
|
|t:|1756673299
|switch|p1a: Typhlosion|Typhlosion-Hisui, L50, F|100/100
|-terastallize|p2b: Gholdengo|Water
|move|p2a: Incineroar|Fake Out|p1a: Typhlosion
|-immune|p1a: Typhlosion
|move|p2b: Gholdengo|Nasty Plot|p2b: Gholdengo
|-boost|p2b: Gholdengo|spa|2
|move|p1b: Torkoal|Heat Wave|p2b: Gholdengo|[spread] p2a,p2b
|-resisted|p2a: Incineroar
|-resisted|p2b: Gholdengo
|-damage|p2a: Incineroar|54/100
|-damage|p2b: Gholdengo|83/100
|
|-weather|SunnyDay|[upkeep]
|-heal|p2b: Gholdengo|90/100|[from] Grassy Terrain
|-heal|p2a: Incineroar|60/100|[from] Grassy Terrain
|upkeep
|turn|3
|inactive|T-block has 30 seconds left.
|
|t:|1756673332
|switch|p1b: Rillaboom|Rillaboom, L50, M|100/100
|-terastallize|p1a: Typhlosion|Fire
|move|p1a: Typhlosion|Eruption|p2b: Gholdengo|[spread] p2a,p2b
|-resisted|p2a: Incineroar
|-resisted|p2b: Gholdengo
|-damage|p2a: Incineroar|0 fnt
|-damage|p2b: Gholdengo|14/100
|faint|p2a: Incineroar
|move|p2b: Gholdengo|Shadow Ball|p1b: Rillaboom
|-damage|p1b: Rillaboom|47/100
|
|-weather|SunnyDay|[upkeep]
|-heal|p2b: Gholdengo|20/100|[from] Grassy Terrain
|-heal|p1b: Rillaboom|53/100|[from] Grassy Terrain
|upkeep
|
|t:|1756673345
|switch|p2a: Dragonite|Dragonite, L50, F|100/100
|turn|4
|inactive|T-block has 30 seconds left.
|
|t:|1756673379
|move|p2a: Dragonite|Protect|p2a: Dragonite
|-singleturn|p2a: Dragonite|Protect
|move|p1b: Rillaboom|Fake Out|p2a: Dragonite
|-activate|p2a: Dragonite|move: Protect
|move|p1a: Typhlosion|Eruption|p2a: Dragonite|[spread] p2b
|-activate|p2a: Dragonite|move: Protect
|-resisted|p2b: Gholdengo
|-damage|p2b: Gholdengo|0 fnt
|faint|p2b: Gholdengo
|
|-weather|SunnyDay|[upkeep]
|-heal|p1b: Rillaboom|59/100|[from] Grassy Terrain
|upkeep
|
|t:|1756673383
|switch|p2b: Garchomp|Garchomp, L50, M|100/100
|turn|5
|
|t:|1756673399
|move|p1b: Rillaboom|Grassy Glide|p2a: Dragonite
|-resisted|p2a: Dragonite
|-damage|p2a: Dragonite|96/100
|move|p2b: Garchomp|Stomping Tantrum|p1a: Typhlosion
|-supereffective|p1a: Typhlosion
|-damage|p1a: Typhlosion|0 fnt
|faint|p1a: Typhlosion
|-damage|p2b: Garchomp|91/100|[from] item: Life Orb
|move|p2a: Dragonite|Scale Shot|p1b: Rillaboom
|-damage|p1b: Rillaboom|44/100
|-damage|p1b: Rillaboom|29/100
|-damage|p1b: Rillaboom|14/100
|-damage|p1b: Rillaboom|0 fnt
|faint|p1b: Rillaboom
|-hitcount|p1: Rillaboom|4
|-unboost|p2a: Dragonite|def|1
|-boost|p2a: Dragonite|spe|1
|
|-weather|none
|-heal|p2b: Garchomp|97/100|[from] Grassy Terrain
|-fieldend|move: Grassy Terrain
|upkeep
|
|t:|1756673407
|switch|p1a: Dachsbun|Dachsbun, L50, F|100/100
|switch|p1b: Torkoal|Torkoal, L50, F|100/100
|-weather|SunnyDay|[from] ability: Drought|[of] p1b: Torkoal
|turn|6
|inactive|T-block has 30 seconds left.
|inactive|T-block has 20 seconds left.
|
|t:|1756673446
|move|p1b: Torkoal|Protect|p1b: Torkoal
|-singleturn|p1b: Torkoal|Protect
|move|p2a: Dragonite|Scale Shot|p1b: Torkoal
|-activate|p1b: Torkoal|move: Protect
|move|p2b: Garchomp|Stomping Tantrum|p1b: Torkoal
|-activate|p1b: Torkoal|move: Protect
|move|p1a: Dachsbun|Body Press|p2b: Garchomp
|-damage|p2b: Garchomp|71/100
|-damage|p1a: Dachsbun|88/100|[from] ability: Rough Skin|[of] p2b: Garchomp
|
|-weather|SunnyDay|[upkeep]
|-heal|p1a: Dachsbun|94/100|[from] item: Leftovers
|upkeep
|turn|7
|
|t:|1756673456
|move|p2a: Dragonite|Scale Shot|p1b: Torkoal
|-damage|p1b: Torkoal|90/100
|-damage|p1b: Torkoal|79/100
|-damage|p1b: Torkoal|69/100
|-damage|p1b: Torkoal|58/100
|-hitcount|p1b: Torkoal|4
|-unboost|p2a: Dragonite|def|1
|-boost|p2a: Dragonite|spe|1
|move|p2b: Garchomp|Stomping Tantrum|p1b: Torkoal
|-supereffective|p1b: Torkoal
|-damage|p1b: Torkoal|0 fnt
|faint|p1b: Torkoal
|-damage|p2b: Garchomp|61/100|[from] item: Life Orb
|move|p1a: Dachsbun|Body Press|p2b: Garchomp
|-damage|p2b: Garchomp|32/100
|-damage|p1a: Dachsbun|82/100|[from] ability: Rough Skin|[of] p2b: Garchomp
|
|-weather|SunnyDay|[upkeep]
|-heal|p1a: Dachsbun|88/100|[from] item: Leftovers
|upkeep
|turn|8
|inactive|T-block has 30 seconds left.
|inactive|T-block has 20 seconds left.
|
|t:|1756673493
|move|p2b: Garchomp|Protect|p2b: Garchomp
|-singleturn|p2b: Garchomp|Protect
|move|p2a: Dragonite|Tailwind|p2a: Dragonite
|-sidestart|p2: T-block|move: Tailwind
|move|p1a: Dachsbun|Body Press|p2b: Garchomp
|-activate|p2b: Garchomp|move: Protect
|
|-weather|SunnyDay|[upkeep]
|-heal|p1a: Dachsbun|94/100|[from] item: Leftovers
|upkeep
|turn|9
|
|t:|1756673506
|move|p1a: Dachsbun|Protect|p1a: Dachsbun
|-singleturn|p1a: Dachsbun|Protect
|move|p2a: Dragonite|Scale Shot|p1a: Dachsbun
|-activate|p1a: Dachsbun|move: Protect
|move|p2b: Garchomp|Stomping Tantrum|p1a: Dachsbun
|-activate|p1a: Dachsbun|move: Protect
|
|-weather|SunnyDay|[upkeep]
|-heal|p1a: Dachsbun|100/100|[from] item: Leftovers
|upkeep
|turn|10
|
|t:|1756673513
|move|p2a: Dragonite|Scale Shot|p1a: Dachsbun
|-immune|p1a: Dachsbun
|move|p2b: Garchomp|Stomping Tantrum|p1a: Dachsbun
|-damage|p1a: Dachsbun|64/100
|-damage|p2b: Garchomp|22/100|[from] item: Life Orb
|move|p1a: Dachsbun|Body Press|p2b: Garchomp
|-damage|p2b: Garchomp|0 fnt
|-damage|p1a: Dachsbun|52/100|[from] ability: Rough Skin|[of] p2b: Garchomp
|faint|p2b: Garchomp
|
|-weather|none
|-heal|p1a: Dachsbun|58/100|[from] item: Leftovers
|upkeep
|turn|11
|-message|T-block forfeited.
|
|win|Alysa Liu
