|j|☆thisisaladderteam
|j|☆uui89
|html|thisisaladderteamuui89    
|uhtml|bestof|Game 1 of a best-of-3
|t:|1782457549
|gametype|doubles
|player|p1|thisisaladderteam|guzma|1241
|player|p2|uui89|pokemonbreeder-gen4|1170
|gen|9
|tier|[Gen 9 Champions] VGC 2026 Reg M-B (Bo3)
|rated|
|rule|Species Clause: Limit one of each Pokémon
|rule|Item Clause: Limit 1 of each item
|clearpoke
|poke|p1|Sceptile, L50, M, shiny|
|poke|p1|Rotom-Heat, L50, shiny|
|poke|p1|Toxapex, L50, F, shiny|
|poke|p1|Incineroar, L50, M, shiny|
|poke|p1|Garchomp, L50, F|
|poke|p1|Gholdengo, L50|
|poke|p2|Raichu, L50, M|
|poke|p2|Kingambit, L50, F|
|poke|p2|Venusaur, L50, M|
|poke|p2|Ninetales-Alola, L50, F|
|poke|p2|Talonflame, L50, F|
|poke|p2|Garchomp, L50, F|
|teampreview|4
|showteam|p1|Sceptile||Sceptilite|Overgrow|Detect,EnergyBall,DragonPulse,EarthPower|Timid||M|||50|]Rotom-Heat||ChoiceScarf|Levitate|Discharge,Electroweb,Overheat,WillOWisp|Timid|||||50|]Toxapex||Leftovers|Regenerator|BanefulBunker,Infestation,Toxic,WideGuard|Bold||F|||50|]Incineroar||SitrusBerry|Intimidate|FakeOut,PartingShot,ThroatChop,FlareBlitz|Careful||M|||50|]Garchomp||LifeOrb|RoughSkin|Protect,RockSlide,Earthquake,DragonClaw|Jolly||F|||50|]Gholdengo||KasibBerry|GoodasGold|Protect,NastyPlot,ShadowBall,MakeItRain|Modest|||||50|
|showteam|p2|Raichu||RaichuniteX|Static|FakeOut,VoltTackle,Encore,Protect|Jolly||M|||50|]Kingambit||BlackGlasses|Defiant|KowtowCleave,SuckerPunch,SwordsDance,Protect|Adamant||F|||50|]Venusaur||Venusaurite|Overgrow|GigaDrain,SludgeBomb,EarthPower,Protect|Modest||M|||50|]Ninetales-Alola||NeverMeltIce|SnowWarning|Protect,Blizzard,FreezeDry,AuroraVeil|Timid||F|||50|]Talonflame||SharpBeak|GaleWings|DualWingbeat,FlareBlitz,Tailwind,Protect|Jolly||F|||50|]Garchomp||LifeOrb|RoughSkin|Earthquake,RockSlide,DragonClaw,Protect|Jolly||F|||50|
|inactive|Battle timer is ON: inactive players will automatically lose when time's up. (requested by thisisaladderteam)
|inactive|thisisaladderteam has 60 seconds left.
|inactive|uui89 has 60 seconds left.
|
|t:|1782457602
|teamsize|p1|4
|teamsize|p2|4
|start
|switch|p1a: Sceptile|Sceptile, L50, M, shiny|100/100
|switch|p1b: Gholdengo|Gholdengo, L50|100/100
|switch|p2a: Talonflame|Talonflame, L50, F|100/100
|switch|p2b: Venusaur|Venusaur, L50, M|100/100
|turn|1
|
|t:|1782457616
|switch|p1a: Rotom|Rotom-Heat, L50, shiny|100/100
|detailschange|p2b: Venusaur|Venusaur-Mega, L50, M
|-mega|p2b: Venusaur|Venusaur|Venusaurite
|move|p2a: Talonflame|Tailwind|p2a: Talonflame
|-sidestart|p2: uui89|move: Tailwind
|move|p2b: Venusaur|Earth Power|p1b: Gholdengo
|-supereffective|p1b: Gholdengo|1
|-damage|p1b: Gholdengo|37/100
|move|p1b: Gholdengo|Make It Rain|p2a: Talonflame|[spread] p2a,p2b
|-resisted|p2a: Talonflame|1
|-damage|p2a: Talonflame|59/100
|-damage|p2b: Venusaur|56/100
|-unboost|p1b: Gholdengo|spa|2
|
|upkeep
|turn|2
|
|t:|1782457637
|switch|p2a: Garchomp|Garchomp, L50, F|100/100
|switch|p1b: Garchomp|Garchomp, L50, F|100/100
|move|p2b: Venusaur|Sludge Bomb|p1a: Rotom
|-damage|p1a: Rotom|41/100
|-status|p1a: Rotom|psn
|move|p1a: Rotom|Electroweb|p2a: Garchomp|[spread] p2b
|-immune|p2a: Garchomp
|-resisted|p2b: Venusaur|1
|-damage|p2b: Venusaur|49/100
|-unboost|p2b: Venusaur|spe|1
|
|-damage|p1a: Rotom|29/100 psn|[from] psn
|upkeep
|turn|3
|
|t:|1782457657
|switch|p1a: Gholdengo|Gholdengo, L50|37/100
|move|p1b: Garchomp|Protect|p1b: Garchomp
|-singleturn|p1b: Garchomp|Protect
|move|p2a: Garchomp|Dragon Claw|p1b: Garchomp
|-activate|p1b: Garchomp|move: Protect
|move|p2b: Venusaur|Earth Power|p1a: Gholdengo
|-supereffective|p1a: Gholdengo|1
|-crit|p1a: Gholdengo
|-damage|p1a: Gholdengo|0 fnt
|faint|p1a: Gholdengo
|
|upkeep
|
|t:|1782457666
|switch|p1a: Sceptile|Sceptile, L50, M, shiny|100/100
|turn|4
|inactive|uui89 has 30 seconds left.
|
|t:|1782457694
|switch|p2a: Talonflame|Talonflame, L50, F|59/100
|switch|p1b: Rotom|Rotom-Heat, L50, shiny|29/100 psn
|detailschange|p1a: Sceptile|Sceptile-Mega, L50, M, shiny
|-mega|p1a: Sceptile|Sceptile|Sceptilite
|move|p1a: Sceptile|Detect|p1a: Sceptile
|-singleturn|p1a: Sceptile|Protect
|move|p2b: Venusaur|Sludge Bomb|p1a: Sceptile
|-activate|p1a: Sceptile|move: Protect
|
|-damage|p1b: Rotom|17/100 psn|[from] psn
|-sideend|p2: uui89|move: Tailwind
|upkeep
|turn|5
|inactive|uui89 has 30 seconds left.
|inactive|uui89 has 20 seconds left.
|inactive|uui89 has 15 seconds left.
|inactive|uui89 has 10 seconds left.
|
|t:|1782457742
|move|p1b: Rotom|Discharge|p2b: Venusaur|[spread] p2a,p2b
|-ability|p1a: Sceptile|Lightning Rod|boost
|-boost|p1a: Sceptile|spa|1
|-supereffective|p2a: Talonflame|1
|-resisted|p2b: Venusaur|1
|-damage|p2a: Talonflame|0 fnt
|-damage|p2b: Venusaur|39/100
|faint|p2a: Talonflame
|move|p1a: Sceptile|Dragon Pulse|p2b: Venusaur
|-damage|p2b: Venusaur|0 fnt
|faint|p2b: Venusaur
|
|-damage|p1b: Rotom|5/100 psn|[from] psn
|upkeep
|
|t:|1782457747
|switch|p2a: Garchomp|Garchomp, L50, F|100/100
|switch|p2b: Kingambit|Kingambit, L50, F|100/100
|turn|6
|
|t:|1782457762
|move|p1b: Rotom|Discharge|p2b: Kingambit|[spread] p2b
|-ability|p1a: Sceptile|Lightning Rod|boost
|-boost|p1a: Sceptile|spa|1
|-immune|p2a: Garchomp
|-damage|p2b: Kingambit|75/100
|-status|p2b: Kingambit|par
|move|p1a: Sceptile|Dragon Pulse|p2a: Garchomp
|-supereffective|p2a: Garchomp|1
|-damage|p2a: Garchomp|0 fnt
|faint|p2a: Garchomp
|move|p2b: Kingambit|Swords Dance|p2b: Kingambit
|-boost|p2b: Kingambit|atk|2
|
|-damage|p1b: Rotom|0 fnt|[from] psn
|faint|p1b: Rotom
|upkeep
|
|t:|1782457772
|switch|p1b: Garchomp|Garchomp, L50, F|100/100
|turn|7
|
|t:|1782457780
|cant|p2b: Kingambit|par
|move|p1a: Sceptile|Earth Power|p2b: Kingambit
|-supereffective|p2b: Kingambit|1
|-damage|p2b: Kingambit|0 fnt
|faint|p2b: Kingambit
|
|win|thisisaladderteam
