|j|☆Lethal09
|j|☆gluttorn
|html|Lethal09gluttorn    
|uhtml|bestof|Game 2 of a best-of-3
|t:|1782485085
|gametype|doubles
|player|p1|Lethal09|101|1000
|player|p2|gluttorn|266|1071
|gen|9
|tier|[Gen 9 Champions] VGC 2026 Reg M-B (Bo3)
|rated|
|rule|Species Clause: Limit one of each Pokémon
|rule|Item Clause: Limit 1 of each item
|clearpoke
|poke|p1|Infernape, L50, M|
|poke|p1|Meowstic, L50, M|
|poke|p1|Alcremie, L50, F|
|poke|p1|Alakazam, L50, M|
|poke|p1|Orthworm, L50, F|
|poke|p1|Diggersby, L50, F|
|poke|p2|Scrafty, L50, F|
|poke|p2|Torkoal, L50, F|
|poke|p2|Farigiraf, L50, F|
|poke|p2|Hatterene, L50, F|
|poke|p2|Vileplume, L50, M|
|poke|p2|Archaludon, L50, F|
|teampreview|4
|showteam|p1|Infernape||FocusSash|IronFist|FirePunch,MachPunch,CloseCombat,ThunderPunch|Jolly||M|||50|]Meowstic||ColburBerry|Prankster|ExpandingForce,Gravity,TrickRoom,PsychicTerrain|Bold||M|||50|]Alcremie||SitrusBerry|AromaVeil|DazzlingGleam,HelpingHand,Decorate,PsychUp|Bold||F|||50|]Alakazam||Alakazite|InnerFocus|Protect,ExpandingForce,FocusBlast,ShadowBall|Timid||M|||50|]Orthworm||OccaBerry|EarthEater|HelpingHand,IronDefense,BodyPress,ShedTail|Impish||F|||50|]Diggersby||ChoiceScarf|HugePower|Earthquake,RockSlide,BodySlam,Uturn|Jolly||F|||50|
|showteam|p2|Scrafty||Scraftinite|Intimidate|FakeOut,KnockOff,DrainPunch,RockSlide|Brave||F|||50|]Torkoal||Charcoal|Drought|EarthPower,HeatWave,Eruption,Protect|Quiet||F|||50|]Farigiraf||MentalHerb|ArmorTail|Protect,HelpingHand,TrickRoom,Psychic|Calm||F|||50|]Hatterene||LifeOrb|MagicBounce|DazzlingGleam,Psychic,TrickRoom,Protect|Modest||F|||50|]Vileplume||FocusSash|Chlorophyll|AfterYou,Protect,EnergyBall,SludgeBomb|Timid||M|||50|]Archaludon||ChoiceScarf|Sturdy|Thunderbolt,DragonPulse,FlashCannon,BrickBreak|Timid||F|||50|
|inactive|Battle timer is ON: inactive players will automatically lose when time's up. (requested by gluttorn)
|
|t:|1782485117
|teamsize|p1|4
|teamsize|p2|4
|start
|switch|p1a: Diggersby|Diggersby, L50, F|100/100
|switch|p1b: Meowstic|Meowstic, L50, M|100/100
|switch|p2a: Scrafty|Scrafty, L50, F|100/100
|switch|p2b: Farigiraf|Farigiraf, L50, F|100/100
|-ability|p2a: Scrafty|Intimidate|boost
|-unboost|p1a: Diggersby|atk|1
|-unboost|p1b: Meowstic|atk|1
|turn|1
|
|t:|1782485139
|detailschange|p2a: Scrafty|Scrafty-Mega, L50, F
|-mega|p2a: Scrafty|Scrafty|Scraftinite
|-ability|p2a: Scrafty|Intimidate|boost
|-unboost|p1a: Diggersby|atk|1
|-unboost|p1b: Meowstic|atk|1
|move|p2a: Scrafty|Fake Out|p1b: Meowstic
|-damage|p1b: Meowstic|79/100
|move|p1a: Diggersby|U-turn|p2b: Farigiraf
|-supereffective|p2b: Farigiraf|1
|-damage|p2b: Farigiraf|82/100
|
|t:|1782485154
|switch|p1a: Infernape|Infernape, L50, M|100/100|[from] U-turn
|cant|p1b: Meowstic|flinch
|move|p2b: Farigiraf|Trick Room|p2b: Farigiraf
|-fieldstart|move: Trick Room|[of] p2b: Farigiraf
|
|upkeep
|turn|2
|
|t:|1782485171
|move|p1b: Meowstic|Psychic Terrain|p1b: Meowstic
|-fieldstart|move: Psychic Terrain
|move|p2a: Scrafty|Knock Off|p1b: Meowstic
|-supereffective|p1b: Meowstic|1
|-enditem|p1b: Meowstic|Colbur Berry|[eat]
|-enditem|p1b: Meowstic|Colbur Berry|[weaken]
|-damage|p1b: Meowstic|6/100
|move|p2b: Farigiraf|Psychic|p1a: Infernape
|-supereffective|p1a: Infernape|1
|-enditem|p1a: Infernape|Focus Sash
|-damage|p1a: Infernape|1/100
|move|p1a: Infernape|Close Combat|p2a: Scrafty
|-supereffective|p2a: Scrafty|1
|-damage|p2a: Scrafty|30/100
|-unboost|p1a: Infernape|def|1
|-unboost|p1a: Infernape|spd|1
|
|upkeep
|turn|3
|inactive|gluttorn has 30 seconds left.
|inactive|gluttorn has 20 seconds left.
|inactive|gluttorn has 15 seconds left.
|inactive|gluttorn has 10 seconds left.
|
|t:|1782485220
|switch|p2a: Torkoal|Torkoal, L50, F|100/100
|-weather|SunnyDay|[from] ability: Drought|[of] p2a: Torkoal
|switch|p1b: Alakazam|Alakazam, L50, M|100/100
|move|p2b: Farigiraf|Psychic|p1b: Alakazam
|-resisted|p1b: Alakazam|1
|-damage|p1b: Alakazam|66/100
|move|p1a: Infernape|Close Combat|p2a: Torkoal
|-damage|p2a: Torkoal|67/100
|-unboost|p1a: Infernape|def|1
|-unboost|p1a: Infernape|spd|1
|
|-weather|SunnyDay|[upkeep]
|upkeep
|turn|4
|inactive|gluttorn has 30 seconds left.
|
|t:|1782485247
|switch|p2b: Scrafty|Scrafty-Mega, L50, F|30/100
|-ability|p2b: Scrafty|Intimidate|boost
|-unboost|p1a: Infernape|atk|1
|-fail|p1b: Alakazam|unboost|Attack|[from] ability: Inner Focus|[of] p1b: Alakazam
|move|p1b: Alakazam|Protect|p1b: Alakazam
|-singleturn|p1b: Alakazam|Protect
|move|p2a: Torkoal|Heat Wave|p1a: Infernape|[spread] p1a
|-activate|p1b: Alakazam|move: Protect
|-resisted|p1a: Infernape|1
|-damage|p1a: Infernape|0 fnt
|faint|p1a: Infernape
|
|-weather|SunnyDay|[upkeep]
|upkeep
|
|t:|1782485259
|switch|p1a: Meowstic|Meowstic, L50, M|6/100
|turn|5
|
|t:|1782485271
|move|p2b: Scrafty|Fake Out|p1a: Meowstic
|-activate|p1a: Meowstic|move: Psychic Terrain
|move|p1a: Meowstic|Psychic Terrain||[still]
|-fail|p1a: Meowstic
|move|p2a: Torkoal|Earth Power|p1b: Alakazam
|-damage|p1b: Alakazam|27/100
|move|p1b: Alakazam|Focus Blast|p2b: Scrafty
|-supereffective|p2b: Scrafty|1
|-damage|p2b: Scrafty|0 fnt
|faint|p2b: Scrafty
|
|-weather|SunnyDay|[upkeep]
|-fieldend|move: Trick Room
|upkeep
|
|t:|1782485285
|switch|p2b: Farigiraf|Farigiraf, L50, F|82/100
|turn|6
|
|t:|1782485291
|move|p1b: Alakazam|Protect|p1b: Alakazam
|-singleturn|p1b: Alakazam|Protect
|move|p1a: Meowstic|Psychic Terrain||[still]
|-fail|p1a: Meowstic
|move|p2a: Torkoal|Eruption|p1a: Meowstic|[spread] p1a
|-activate|p1b: Alakazam|move: Protect
|-damage|p1a: Meowstic|0 fnt
|faint|p1a: Meowstic
|move|p2b: Farigiraf|Trick Room|p2b: Farigiraf
|-fieldstart|move: Trick Room|[of] p2b: Farigiraf
|
|-weather|SunnyDay|[upkeep]
|-fieldend|move: Psychic Terrain
|upkeep
|
|t:|1782485301
|switch|p1a: Diggersby|Diggersby, L50, F|100/100
|turn|7
|
|t:|1782485320
|move|p2b: Farigiraf|Helping Hand|p2a: Torkoal
|-singleturn|p2a: Torkoal|Helping Hand|[of] p2b: Farigiraf
|move|p2a: Torkoal|Heat Wave|p1b: Alakazam|[spread] p1a,p1b
|-damage|p1a: Diggersby|0 fnt
|-damage|p1b: Alakazam|0 fnt
|faint|p1a: Diggersby
|faint|p1b: Alakazam
|
|win|gluttorn
|raw|Lethal09's rating: 1000 → 1000(+0 for losing)
|raw|gluttorn's rating: 1071 → 1094(+23 for winning)
