|j|☆NegaiFreak
|j|☆rotomliker
|html|NegaiFreakrotomliker    
|uhtml|bestof|Game 2 of a best-of-3
|t:|1756226571
|gametype|doubles
|player|p1|NegaiFreak|170|1112
|player|p2|rotomliker|102|1084
|gen|9
|tier|[Gen 9] VGC 2025 Reg H (Bo3)
|rated|
|rule|Species Clause: Limit one of each Pokémon
|rule|Item Clause: Limit 1 of each item
|clearpoke
|poke|p1|Ceruledge, L50, F|
|poke|p1|Sneasler, L50, F|
|poke|p1|Rillaboom, L50, M|
|poke|p1|Salamence, L50, M|
|poke|p1|Milotic, L50, F|
|poke|p1|Ninetales-Alola, L50, F|
|poke|p2|Basculegion-F, L50, F|
|poke|p2|Pelipper, L50, F|
|poke|p2|Farigiraf, L50, M|
|poke|p2|Rillaboom, L50, F|
|poke|p2|Kingambit, L50, F|
|poke|p2|Clefairy, L50, F|
|teampreview|4
|showteam|p1|Ceruledge||ClearAmulet|FlashFire|BitterBlade,ShadowSneak,BulkUp,Protect|||F|||50|,,,,,Grass]Sneasler||GrassySeed|Unburden|DireClaw,CloseCombat,Coaching,Protect|||F|||50|,,,,,Stellar]Rillaboom||AssaultVest|GrassySurge|FakeOut,GrassyGlide,WoodHammer,HighHorsepower|||M|||50|,,,,,Fire]Salamence||LifeOrb|Intimidate|AirSlash,DracoMeteor,Tailwind,Protect|||M|||50|,,,,,Steel]Milotic||Leftovers|Competitive|Scald,IceBeam,Haze,Protect|||F|||50|,,,,,Dragon]Ninetales-Alola||FocusSash|SnowWarning|FreezeDry,Moonblast,AuroraVeil,Protect|||F|||50|,,,,,Ice
|showteam|p2|Basculegion-F||LifeOrb|SwiftSwim|MuddyWater,HydroPump,IceBeam,Protect|||F|||50|,,,,,Water]Pelipper||FocusSash|Drizzle|WeatherBall,Hurricane,WideGuard,Protect|||F|||50|,,,,,Stellar]Farigiraf||GrassySeed|ArmorTail|TrickRoom,HelpingHand,HyperVoice,PsychicNoise|||M|||50|,,,,,Fairy]Rillaboom||AssaultVest|GrassySurge|FakeOut,Uturn,WoodHammer,GrassyGlide|||F|||50|,,,,,Fire]Kingambit||SafetyGoggles|Defiant|SwordsDance,Protect,KowtowCleave,SuckerPunch|||F|||50|,,,,,Ghost]Clefairy||Eviolite|FriendGuard|FollowMe,AfterYou,HelpingHand,Moonblast|||F|||50|,,,,,Grass
|
|t:|1756226605
|teamsize|p1|4
|teamsize|p2|4
|start
|switch|p1a: Sneasler|Sneasler, L50, F|100/100
|switch|p1b: Rillaboom|Rillaboom, L50, M|100/100
|switch|p2a: Clefairy|Clefairy, L50, F|100/100
|switch|p2b: Kingambit|Kingambit, L50, F, shiny|100/100
|-fieldstart|move: Grassy Terrain|[from] ability: Grassy Surge|[of] p1b: Rillaboom
|-enditem|p1a: Sneasler|Grassy Seed
|-boost|p1a: Sneasler|def|1|[from] item: Grassy Seed
|turn|1
|
|t:|1756226637
|-terastallize|p2b: Kingambit|Ghost
|move|p1b: Rillaboom|Fake Out|p2b: Kingambit
|-immune|p2b: Kingambit
|move|p1a: Sneasler|Dire Claw|p2a: Clefairy
|-supereffective|p2a: Clefairy
|-damage|p2a: Clefairy|18/100
|-status|p2a: Clefairy|psn
|move|p2b: Kingambit|Swords Dance|p2b: Kingambit
|-boost|p2b: Kingambit|atk|2
|move|p2a: Clefairy|Moonblast|p1a: Sneasler
|-damage|p1a: Sneasler|68/100
|
|-heal|p1a: Sneasler|74/100|[from] Grassy Terrain
|-heal|p2a: Clefairy|24/100 psn|[from] Grassy Terrain
|-damage|p2a: Clefairy|12/100 psn|[from] psn
|upkeep
|turn|2
|
|t:|1756226668
|move|p2a: Clefairy|Helping Hand|p2b: Kingambit
|-singleturn|p2b: Kingambit|Helping Hand|[of] p2a: Clefairy
|move|p2b: Kingambit|Sucker Punch||[still]
|-fail|p2b: Kingambit
|move|p1a: Sneasler|Coaching|p1b: Rillaboom
|-boost|p1b: Rillaboom|atk|1
|-boost|p1b: Rillaboom|def|1
|move|p1b: Rillaboom|Wood Hammer|p2b: Kingambit
|-damage|p2b: Kingambit|32/100
|-damage|p1b: Rillaboom|75/100|[from] Recoil
|
|-heal|p1a: Sneasler|79/100|[from] Grassy Terrain
|-heal|p1b: Rillaboom|81/100|[from] Grassy Terrain
|-heal|p2b: Kingambit|38/100|[from] Grassy Terrain
|-heal|p2a: Clefairy|18/100 psn|[from] Grassy Terrain
|-damage|p2a: Clefairy|6/100 psn|[from] psn
|upkeep
|turn|3
|
|t:|1756226692
|move|p1a: Sneasler|Protect|p1a: Sneasler
|-singleturn|p1a: Sneasler|Protect
|move|p2a: Clefairy|Follow Me|p2a: Clefairy
|-singleturn|p2a: Clefairy|move: Follow Me
|move|p1b: Rillaboom|Grassy Glide|p2a: Clefairy
|-damage|p2a: Clefairy|0 fnt
|faint|p2a: Clefairy
|move|p2b: Kingambit|Sucker Punch||[still]
|-fail|p2b: Kingambit
|
|-heal|p1a: Sneasler|85/100|[from] Grassy Terrain
|-heal|p1b: Rillaboom|87/100|[from] Grassy Terrain
|-heal|p2b: Kingambit|44/100|[from] Grassy Terrain
|upkeep
|
|t:|1756226705
|switch|p2a: Pelipper|Pelipper, L50, F|100/100
|-weather|RainDance|[from] ability: Drizzle|[of] p2a: Pelipper
|turn|4
|
|t:|1756226732
|move|p1b: Rillaboom|Grassy Glide|p2b: Kingambit
|-damage|p2b: Kingambit|0 fnt
|faint|p2b: Kingambit
|move|p1a: Sneasler|Coaching|p1b: Rillaboom
|-boost|p1b: Rillaboom|atk|1
|-boost|p1b: Rillaboom|def|1
|move|p2a: Pelipper|Hurricane|p1b: Rillaboom
|-supereffective|p1b: Rillaboom
|-damage|p1b: Rillaboom|18/100
|
|-weather|RainDance|[upkeep]
|-heal|p1a: Sneasler|91/100|[from] Grassy Terrain
|-heal|p1b: Rillaboom|24/100|[from] Grassy Terrain
|upkeep
|
|t:|1756226744
|switch|p2b: Basculegion|Basculegion-F, L50, F|100/100
|turn|5
|
|t:|1756226758
|move|p2b: Basculegion|Protect|p2b: Basculegion
|-singleturn|p2b: Basculegion|Protect
|move|p1b: Rillaboom|Grassy Glide|p2b: Basculegion
|-activate|p2b: Basculegion|move: Protect
|move|p1a: Sneasler|Dire Claw|p2a: Pelipper
|-damage|p2a: Pelipper|34/100
|-status|p2a: Pelipper|par
|cant|p2a: Pelipper|par
|
|-weather|RainDance|[upkeep]
|-heal|p1a: Sneasler|97/100|[from] Grassy Terrain
|-heal|p1b: Rillaboom|30/100|[from] Grassy Terrain
|-fieldend|move: Grassy Terrain
|upkeep
|turn|6
|
|t:|1756226781
|switch|p1b: Ninetales|Ninetales-Alola, L50, F|100/100
|-weather|Snowscape|[from] ability: Snow Warning|[of] p1b: Ninetales
|move|p1a: Sneasler|Dire Claw|p2b: Basculegion
|-resisted|p2b: Basculegion
|-damage|p2b: Basculegion|74/100
|-status|p2b: Basculegion|slp
|cant|p2b: Basculegion|slp
|move|p2a: Pelipper|Hurricane|p1b: Ninetales|[miss]
|-miss|p2a: Pelipper|p1b: Ninetales
|
|-weather|Snowscape|[upkeep]
|upkeep
|turn|7
|
|t:|1756226801
|-terastallize|p1b: Ninetales|Ice
|move|p1a: Sneasler|Dire Claw|p2a: Pelipper
|-damage|p2a: Pelipper|0 fnt
|faint|p2a: Pelipper
|move|p1b: Ninetales|Freeze-Dry|p2b: Basculegion
|-supereffective|p2b: Basculegion
|-damage|p2b: Basculegion|3/100 slp
|-curestatus|p2b: Basculegion|slp|[msg]
|move|p2b: Basculegion|Muddy Water|p1a: Sneasler|[spread] p1a,p1b
|-crit|p1a: Sneasler
|-damage|p1a: Sneasler|6/100
|-damage|p1b: Ninetales|53/100
|-unboost|p1b: Ninetales|accuracy|1
|-damage|p2b: Basculegion|0 fnt|[from] item: Life Orb
|faint|p2b: Basculegion
|
|win|NegaiFreak
|raw|NegaiFreak's rating: 1112 → 1135(+23 for winning)
|raw|rotomliker's rating: 1084 → 1063(-21 for losing)
|c|☆NegaiFreak|GG, WP
|c|☆rotomliker|gg
|l|☆rotomliker
|player|p2|
