|j|☆bever13
|j|☆DonpiDavs
|html|bever13DonpiDavs    
|uhtml|bestof|Game 2 of a best-of-3
|t:|1785176870
|gametype|doubles
|player|p1|bever13|pryce|1272
|player|p2|DonpiDavs|1|1291
|gen|9
|tier|[Gen 9 Champions] VGC 2026 Reg M-B (Bo3)
|rated|
|rule|Species Clause: Limit one of each Pokémon
|rule|Item Clause: Limit 1 of each item
|clearpoke
|poke|p1|Swampert, L50, M|
|poke|p1|Venusaur, L50, F, shiny|
|poke|p1|Typhlosion, L50, F|
|poke|p1|Ditto, L50, shiny|
|poke|p1|Zoroark-Hisui, L50, M|
|poke|p1|Floette-Eternal, L50, F|
|poke|p2|Froslass, L50, F|
|poke|p2|Sneasler, L50, M|
|poke|p2|Kingambit, L50, M|
|poke|p2|Basculegion, L50, M|
|poke|p2|Scovillain, L50, F|
|poke|p2|Lycanroc-Dusk, L50, F|
|teampreview|4
|showteam|p1|Swampert||Swampertite|Torrent|WaveCrash,IcePunch,Earthquake,Protect|Adamant||M|||50|]Venusaur||WideLens|Chlorophyll|GigaDrain,WeatherBall,SleepPowder,SludgeBomb|Modest||F|||50|]Typhlosion||ChoiceScarf|FlashFire|Eruption,HeatWave,FocusBlast,ShadowBall|Modest||F|||50|]Ditto||SitrusBerry|Imposter|Transform|Serious|||||50|]Zoroark-Hisui||FocusSash|Illusion|BitterMalice,HyperVoice,IcyWind,WillOWisp|Timid||M|||50|]Floette-Eternal||Floettite|FlowerVeil|CalmMind,DrainingKiss,Psychic,Protect|Timid||F|||50|
|showteam|p2|Froslass||Froslassite|CursedBody|Protect,Blizzard,AuroraVeil,ShadowBall|Modest||F|||50|]Sneasler||WhiteHerb|Unburden|Protect,CloseCombat,FakeOut,GunkShot|Adamant||M|||50|]Kingambit||BlackGlasses|Defiant|Protect,KowtowCleave,SwordsDance,SuckerPunch|Adamant||M|||50|]Basculegion||SitrusBerry|Adaptability|Protect,WaveCrash,LastRespects,AquaJet|Adamant||M|||50|]Scovillain||Scovillainite|Moody|Protect,GigaDrain,Overheat,RagePowder|Bold||F|||50|]Lycanroc-Dusk||FocusSash|ToughClaws|Protect,Accelerock,RockSlide,CloseCombat|Adamant||F|||50|
|
|t:|1785176893
|teamsize|p1|4
|teamsize|p2|4
|start
|switch|p1a: Typhlosion|Typhlosion, L50, F|100/100
|switch|p1b: Swampert|Swampert, L50, M|100/100
|switch|p2a: Froslass|Froslass, L50, F|100/100
|switch|p2b: Sneasler|Sneasler, L50, M|100/100
|turn|1
|
|t:|1785176923
|detailschange|p2a: Froslass|Froslass-Mega, L50, F
|-mega|p2a: Froslass|Froslass|Froslassite
|-weather|Snowscape|[from] ability: Snow Warning|[of] p2a: Froslass
|move|p2a: Froslass|Protect|p2a: Froslass
|-singleturn|p2a: Froslass|Protect
|move|p1b: Swampert|Protect|p1b: Swampert
|-singleturn|p1b: Swampert|Protect
|move|p1a: Typhlosion|Will-O-Wisp|p2b: Sneasler|[miss]
|-miss|p1a: Typhlosion|p2b: Sneasler
|move|p2b: Sneasler|Close Combat|p1b: Swampert
|-activate|p1b: Swampert|move: Protect
|
|-weather|Snowscape|[upkeep]
|upkeep
|turn|2
|
|t:|1785176950
|detailschange|p1b: Swampert|Swampert-Mega, L50, M
|-mega|p1b: Swampert|Swampert|Swampertite
|move|p1a: Typhlosion|Icy Wind|p2a: Froslass|[spread] p2a,p2b
|-resisted|p2a: Froslass|1
|-crit|p2b: Sneasler
|-damage|p2a: Froslass|92/100
|-damage|p2b: Sneasler|71/100
|-unboost|p2a: Froslass|spe|1
|-unboost|p2b: Sneasler|spe|1
|-enditem|p2b: Sneasler|White Herb
|-clearnegativeboost|p2b: Sneasler|[silent]
|move|p2b: Sneasler|Gunk Shot|p1a: Typhlosion
|-resisted|p1a: Typhlosion|1
|-damage|p1a: Typhlosion|45/100
|replace|p1a: Zoroark|Zoroark-Hisui, L50, M
|-end|p1a: Zoroark|Illusion
|move|p2a: Froslass|Blizzard|p1a: Zoroark|[spread] p1a,p1b
|-damage|p1a: Zoroark|0 fnt
|-damage|p1b: Swampert|65/100
|faint|p1a: Zoroark
|move|p1b: Swampert|Wave Crash|p2a: Froslass
|-damage|p2a: Froslass|20/100y
|-damage|p1b: Swampert|42/100|[from] Recoil
|
|-weather|Snowscape|[upkeep]
|upkeep
|
|t:|1785176968
|switch|p1a: Typhlosion|Typhlosion, L50, F|100/100
|turn|3
|
|t:|1785176987
|move|p2b: Sneasler|Gunk Shot|p1a: Typhlosion
|-damage|p1a: Typhlosion|20/100y
|-status|p1a: Typhlosion|psn
|move|p1a: Typhlosion|Heat Wave|p2a: Froslass|[spread] p2a,p2b
|-supereffective|p2a: Froslass|1
|-damage|p2a: Froslass|0 fnt
|-damage|p2b: Sneasler|26/100
|faint|p2a: Froslass
|move|p1b: Swampert|Wave Crash|p2b: Sneasler
|-damage|p2b: Sneasler|0 fnt
|faint|p2b: Sneasler
|-damage|p1b: Swampert|34/100|[from] Recoil
|
|-weather|Snowscape|[upkeep]
|-damage|p1a: Typhlosion|8/100 psn|[from] psn
|upkeep
|
|t:|1785176997
|switch|p2a: Basculegion|Basculegion, L50, M|100/100
|switch|p2b: Kingambit|Kingambit, L50, M|100/100
|turn|4
|
|t:|1785177016
|move|p2a: Basculegion|Aqua Jet|p1a: Typhlosion
|-supereffective|p1a: Typhlosion|1
|-crit|p1a: Typhlosion
|-damage|p1a: Typhlosion|0 fnt
|faint|p1a: Typhlosion
|move|p2b: Kingambit|Sucker Punch|p1b: Swampert
|-damage|p1b: Swampert|0 fnt
|faint|p1b: Swampert
|
|-weather|Snowscape|[upkeep]
|upkeep
|j| tedidn
|
|t:|1785177022
|switch|p1a: Ditto|Ditto, L50, shiny|100/100
|-transform|p1a: Ditto|p2b: Kingambit|[from] ability: Imposter
|turn|5
|
|t:|1785177034
|move|p2a: Basculegion|Wave Crash|p1a: Ditto
|-damage|p1a: Ditto|22/100
|-enditem|p1a: Ditto|Sitrus Berry|[eat]
|-heal|p1a: Ditto|47/100|[from] item: Sitrus Berry
|-damage|p2a: Basculegion|81/100|[from] Recoil
|move|p2b: Kingambit|Swords Dance|p2b: Kingambit
|-boost|p2b: Kingambit|atk|2
|move|p1a: Ditto|Swords Dance|p1a: Ditto
|-boost|p1a: Ditto|atk|2
|
|-weather|none
|upkeep
|turn|6
|
|t:|1785177047
|move|p1a: Ditto|Protect|p1a: Ditto
|-singleturn|p1a: Ditto|Protect
|move|p2a: Basculegion|Aqua Jet|p1a: Ditto
|-activate|p1a: Ditto|move: Protect
|move|p2b: Kingambit|Kowtow Cleave|p1a: Ditto
|-activate|p1a: Ditto|move: Protect
|
|upkeep
|turn|7
|
|t:|1785177058
|move|p2a: Basculegion|Wave Crash|p1a: Ditto
|-damage|p1a: Ditto|0 fnt
|faint|p1a: Ditto
|-damage|p2a: Basculegion|70/100|[from] Recoil
|
|win|DonpiDavs
|raw|bever13's rating: 1272 → 1248(-24 for losing)
|raw|DonpiDavs's rating: 1291 → 1315(+24 for winning)
