|j|☆Antboy12
|j|☆AustinMcballs
|html|Antboy12AustinMcballs    
|uhtml|bestof|Game 1 of a best-of-3
|t:|1786120322
|gametype|doubles
|player|p1|Antboy12|drayton|
|player|p2|AustinMcballs|ortega|
|gen|9
|tier|[Gen 9 Champions] VGC 2026 Reg M-B (Bo3)
|rule|Species Clause: Limit one of each Pokémon
|rule|Item Clause: Limit 1 of each item
|clearpoke
|poke|p1|Floette-Eternal, L50, F|
|poke|p1|Sneasler, L50, F, shiny|
|poke|p1|Sinistcha, L50|
|poke|p1|Kingambit, L50, M, shiny|
|poke|p1|Garchomp, L50, M, shiny|
|poke|p1|Arcanine-Hisui, L50, F, shiny|
|poke|p2|Raichu, L50, M|
|poke|p2|Ninetales-Alola, L50, M|
|poke|p2|Kingambit, L50, M, shiny|
|poke|p2|Garchomp, L50, M|
|poke|p2|Sinistcha, L50|
|poke|p2|Aerodactyl, L50, M|
|teampreview|4
|showteam|p1|Floette-Eternal||Floettite|FlowerVeil|Moonblast,DazzlingGleam,Substitute,Protect|Timid||F|||50|]Sneasler||FocusSash|Unburden|DireClaw,CloseCombat,Taunt,Protect|Jolly||F|||50|]Sinistcha||SitrusBerry|Hospitality|MatchaGotcha,RagePowder,LifeDew,StrengthSap|Calm|||||50|]Kingambit||BlackGlasses|Defiant|ThroatChop,SuckerPunch,IronHead,Protect|Adamant||M|||50|]Garchomp||LifeOrb|RoughSkin|DragonClaw,StompingTantrum,RockSlide,Protect|Jolly||M|||50|]Arcanine-Hisui||ChoiceScarf|Intimidate|FlareBlitz,RockSlide,WildCharge,PsychicFangs|Jolly||F|||50|
|showteam|p2|Raichu||RaichuniteY|LightningRod|ZapCannon,FocusBlast,FakeOut,Protect|Timid||M|||50|]Ninetales-Alola||LifeOrb|SnowWarning|Moonblast,Blizzard,Encore,Protect|Timid||M|||50|]Kingambit||BlackGlasses|Defiant|KowtowCleave,SuckerPunch,IronHead,Protect|Adamant||M|||50|]Garchomp||SitrusBerry|RoughSkin|StompingTantrum,DragonClaw,SwordsDance,Protect|Adamant||M|||50|]Sinistcha||FocusSash|Hospitality|MatchaGotcha,ShadowBall,RagePowder,Protect|Modest|||||50|]Aerodactyl||Aerodactylite|Unnerve|RockSlide,DualWingbeat,Tailwind,Protect|Jolly||M|||50|
|inactive|Battle timer is ON: inactive players will automatically lose when time's up. (requested by AustinMcballs)
|c|☆AustinMcballs|glhf
|c|☆Antboy12|u2
|inactive|Antboy12 has 60 seconds left.
|inactive|AustinMcballs has 60 seconds left.
|
|t:|1786120373
|teamsize|p1|4
|teamsize|p2|4
|start
|switch|p1a: Bailey|Arcanine-Hisui, L50, F, shiny|100/100
|switch|p1b: Winged King Choso|Garchomp, L50, M, shiny|100/100
|switch|p2a: Kingambit|Kingambit, L50, M, shiny|100/100
|switch|p2b: Aerodactyl|Aerodactyl, L50, M|100/100
|-ability|p2b: Aerodactyl|Unnerve
|-ability|p1a: Bailey|Intimidate|boost
|-unboost|p2a: Kingambit|atk|1
|-ability|p2a: Kingambit|Defiant|boost
|-boost|p2a: Kingambit|atk|2
|-unboost|p2b: Aerodactyl|atk|1
|turn|1
|inactive|AustinMcballs has 30 seconds left.
|
|t:|1786120406
|switch|p2b: Garchomp|Garchomp, L50, M|100/100
|move|p2a: Kingambit|Protect|p2a: Kingambit
|-singleturn|p2a: Kingambit|Protect
|move|p1a: Bailey|Rock Slide|p2b: Garchomp|[spread] p2b
|-activate|p2a: Kingambit|move: Protect
|-resisted|p2b: Garchomp|1
|-damage|p2b: Garchomp|88/100
|move|p1b: Winged King Choso|Stomping Tantrum|p2a: Kingambit
|-activate|p2a: Kingambit|move: Protect
|
|upkeep
|turn|2
|inactive|AustinMcballs has 30 seconds left.
|
|t:|1786120440
|switch|p1a: A-Z's Daughter|Floette-Eternal, L50, F|100/100
|move|p1b: Winged King Choso|Stomping Tantrum|p2a: Kingambit
|-supereffective|p2a: Kingambit|1
|-damage|p2a: Kingambit|19/100
|-damage|p1b: Winged King Choso|90/100|[from] item: Life Orb
|move|p2b: Garchomp|Swords Dance|p2b: Garchomp
|-boost|p2b: Garchomp|atk|2
|move|p2a: Kingambit|Kowtow Cleave|p1b: Winged King Choso
|-crit|p1b: Winged King Choso
|-damage|p1b: Winged King Choso|0 fnt
|-damage|p2a: Kingambit|7/100|[from] ability: Rough Skin|[of] p1b: Winged King Choso
|faint|p1b: Winged King Choso
|
|upkeep
|
|t:|1786120464
|switch|p1b: Bailey|Arcanine-Hisui, L50, F, shiny|100/100
|-ability|p1b: Bailey|Intimidate|boost
|-unboost|p2a: Kingambit|atk|1
|-ability|p2a: Kingambit|Defiant|boost
|-boost|p2a: Kingambit|atk|2
|-unboost|p2b: Garchomp|atk|1
|turn|3
|
|t:|1786120473
|detailschange|p1a: A-Z's Daughter|Floette-Mega, L50, F
|-mega|p1a: A-Z's Daughter|Floette|Floettite
|-ability|p1a: A-Z's Daughter|Fairy Aura
|move|p2b: Garchomp|Protect|p2b: Garchomp
|-singleturn|p2b: Garchomp|Protect
|move|p2a: Kingambit|Sucker Punch|p1b: Bailey
|-damage|p1b: Bailey|0 fnt
|faint|p1b: Bailey
|move|p1a: A-Z's Daughter|Substitute|p1a: A-Z's Daughter
|-start|p1a: A-Z's Daughter|Substitute
|-damage|p1a: A-Z's Daughter|75/100
|
|upkeep
|
|t:|1786120484
|switch|p1b: Catwoman|Sneasler, L50, F, shiny|100/100
|turn|4
|
|t:|1786120493
|move|p1b: Catwoman|Protect|p1b: Catwoman
|-singleturn|p1b: Catwoman|Protect
|move|p2a: Kingambit|Protect|p2a: Kingambit
|-singleturn|p2a: Kingambit|Protect
|move|p1a: A-Z's Daughter|Dazzling Gleam|p2a: Kingambit|[spread] p2b
|-activate|p2a: Kingambit|move: Protect
|-supereffective|p2b: Garchomp|1
|-damage|p2b: Garchomp|0 fnt
|faint|p2b: Garchomp
|
|upkeep
|
|t:|1786120502
|switch|p2b: Aerodactyl|Aerodactyl, L50, M|100/100
|-ability|p2b: Aerodactyl|Unnerve
|turn|5
|
|t:|1786120515
|detailschange|p2b: Aerodactyl|Aerodactyl-Mega, L50, M
|-mega|p2b: Aerodactyl|Aerodactyl|Aerodactylite
|move|p2a: Kingambit|Sucker Punch|p1a: A-Z's Daughter
|-resisted|p1a: A-Z's Daughter|1
|-end|p1a: A-Z's Daughter|Substitute
|move|p2b: Aerodactyl|Dual Wingbeat|p1b: Catwoman
|-supereffective|p1b: Catwoman|1
|-damage|p1b: Catwoman|3/100
|-supereffective|p1b: Catwoman|1
|-damage|p1b: Catwoman|0 fnt
|faint|p1b: Catwoman
|-hitcount|p1: Catwoman|2
|move|p1a: A-Z's Daughter|Dazzling Gleam|p2a: Kingambit|[spread] p2a,p2b
|-damage|p2a: Kingambit|0 fnt
|-damage|p2b: Aerodactyl|46/100
|faint|p2a: Kingambit
|
|upkeep
|
|t:|1786120526
|switch|p2a: Ninetales|Ninetales-Alola, L50, M|100/100
|-weather|Snowscape|[from] ability: Snow Warning|[of] p2a: Ninetales
|turn|6
|
|t:|1786120543
|move|p2b: Aerodactyl|Dual Wingbeat|p1a: A-Z's Daughter
|-damage|p1a: A-Z's Daughter|37/100
|-damage|p1a: A-Z's Daughter|1/100
|-hitcount|p1a: A-Z's Daughter|2
|move|p2a: Ninetales|Moonblast|p1a: A-Z's Daughter
|-damage|p1a: A-Z's Daughter|0 fnt
|faint|p1a: A-Z's Daughter
|-damage|p2a: Ninetales|90/100|[from] item: Life Orb
|
|win|AustinMcballs
|c|☆Antboy12|gg
|c|☆AustinMcballs|gg
||Antboy12 is ready for game 2.
||AustinMcballs is ready for game 2.
|uhtml|next|Next: Game 2 of 3
