|j|☆Bob Ravioli
|j|☆hexagonfoot
|html|Bob Raviolihexagonfoot    
|uhtml|bestof|Game 3 of a best-of-3
|t:|1756604010
|gametype|doubles
|player|p1|Bob Ravioli|steven|1141
|player|p2|hexagonfoot|caitlin|1210
|gen|9
|tier|[Gen 9] VGC 2025 Reg H (Bo3)
|rated|
|rule|Species Clause: Limit one of each Pokémon
|rule|Item Clause: Limit 1 of each item
|clearpoke
|poke|p1|Sneasler, L50, F|
|poke|p1|Indeedee, L50, M|
|poke|p1|Volcarona, L50, F|
|poke|p1|Ursaluna-Bloodmoon, L50, M|
|poke|p1|Annihilape, L50, F|
|poke|p1|Tyranitar, L50, M|
|poke|p2|Kingambit, L50, F|
|poke|p2|Primarina, L50, M|
|poke|p2|Sneasler, L50, M|
|poke|p2|Magmar, L50, F|
|poke|p2|Rillaboom, L50, M|
|poke|p2|Dragapult, L50, M|
|teampreview|4
|showteam|p1|Sneasler||PsychicSeed|Unburden|CloseCombat,DireClaw,ThroatChop,Protect|||F|||50|,,,,,Dark]Indeedee||ChoiceScarf|PsychicSurge|ExpandingForce,TeraBlast,Trick,Protect|||M|||50|,,,,,Psychic]Volcarona||SitrusBerry|FlameBody|Overheat,StruggleBug,RagePowder,Tailwind|||F|||50|,,,,,Grass]Ursaluna-Bloodmoon||LifeOrb|MindsEye|BloodMoon,HyperVoice,EarthPower,Protect|||M|||50|,,,,,Normal]Annihilape||SafetyGoggles|Defiant|CloseCombat,RageFist,Taunt,FinalGambit|||F|||50|,,,,,Fairy]Tyranitar||AssaultVest|SandStream|RockSlide,KnockOff,TeraBlast,LowKick|||M|||50|,,,,,Flying
|showteam|p2|Kingambit||BlackGlasses|Defiant|KowtowCleave,SuckerPunch,SwordsDance,Protect|||F|||50|,,,,,Ghost]Primarina||SitrusBerry|LiquidVoice|HyperVoice,Moonblast,Haze,Protect|||M|||50|,,,,,Water]Sneasler||FocusSash|PoisonTouch|CloseCombat,DireClaw,FakeOut,Protect|||M|||50|,,,,,Stellar]Magmar||Eviolite|VitalSpirit|Overheat,WillOWisp,FollowMe,Protect|||F|||50|,,,,,Ghost]Rillaboom||AssaultVest|GrassySurge|WoodHammer,GrassyGlide,HighHorsepower,FakeOut|||M|||50|,,,,,Fire]Dragapult||ChoiceBand|ClearBody|DragonDarts,PhantomForce,TeraBlast,Uturn|||M|||50|,,,,,Ghost
|inactive|Battle timer is ON: inactive players will automatically lose when time's up. (requested by Bob Ravioli)
|inactive|Bob Ravioli has 60 seconds left.
|inactive|hexagonfoot has 60 seconds left.
|inactive|hexagonfoot has 30 seconds left.
|
|t:|1756604072
|teamsize|p1|4
|teamsize|p2|4
|start
|switch|p1a: Volcarona|Volcarona, L50, F|100/100
|switch|p1b: Ursaluna|Ursaluna-Bloodmoon, L50, M|100/100
|switch|p2a: Primarina|Primarina, L50, M|100/100
|switch|p2b: Dragapult|Dragapult, L50, M|100/100
|turn|1
|inactive|Bob Ravioli has 30 seconds left.
|inactive|hexagonfoot has 30 seconds left.
|
|t:|1756604106
|-terastallize|p1b: Ursaluna|Normal
|move|p2b: Dragapult|Dragon Darts|p1a: Volcarona
|-damage|p1a: Volcarona|54/100
|-anim|p2b: Dragapult|Dragon Darts|p1b: Ursaluna
|-damage|p1b: Ursaluna|67/100
|move|p1a: Volcarona|Tailwind|p1a: Volcarona
|-sidestart|p1: Bob Ravioli|move: Tailwind
|move|p1b: Ursaluna|Blood Moon|p2b: Dragapult
|-damage|p2b: Dragapult|0 fnt
|faint|p2b: Dragapult
|-damage|p1b: Ursaluna|58/100|[from] item: Life Orb
|move|p2a: Primarina|Hyper Voice|p1a: Volcarona|[spread] p1a,p1b
|-supereffective|p1a: Volcarona
|-damage|p1a: Volcarona|0 fnt
|-damage|p1b: Ursaluna|17/100
|faint|p1a: Volcarona
|
|upkeep
|
|t:|1756604126
|switch|p2b: Magmar|Magmar, L50, F|100/100
|switch|p1a: Sneasler|Sneasler, L50, F|100/100
|turn|2
|inactive|Bob Ravioli has 30 seconds left.
|inactive|Bob Ravioli has 20 seconds left.
|inactive|Bob Ravioli has 15 seconds left.
|inactive|Bob Ravioli has 10 seconds left.
|
|t:|1756604176
|move|p1b: Ursaluna|Protect|p1b: Ursaluna
|-singleturn|p1b: Ursaluna|Protect
|move|p2a: Primarina|Protect|p2a: Primarina
|-singleturn|p2a: Primarina|Protect
|move|p1a: Sneasler|Dire Claw|p2a: Primarina
|-activate|p2a: Primarina|move: Protect
|move|p2b: Magmar|Will-O-Wisp|p1a: Sneasler
|-status|p1a: Sneasler|brn
|
|-damage|p1a: Sneasler|95/100 brn|[from] brn
|upkeep
|turn|3
|inactive|Bob Ravioli has 30 seconds left.
|
|t:|1756604206
|-terastallize|p2a: Primarina|Water
|move|p2b: Magmar|Follow Me|p2b: Magmar
|-singleturn|p2b: Magmar|move: Follow Me
|move|p1a: Sneasler|Dire Claw|p2b: Magmar
|-damage|p2b: Magmar|82/100
|move|p1b: Ursaluna|Hyper Voice|p2b: Magmar|[spread] p2a,p2b
|-damage|p2a: Primarina|46/100
|-damage|p2b: Magmar|31/100
|-enditem|p2a: Primarina|Sitrus Berry|[eat]
|-heal|p2a: Primarina|71/100|[from] item: Sitrus Berry
|-damage|p1b: Ursaluna|8/100|[from] item: Life Orb
|move|p2a: Primarina|Hyper Voice|p1b: Ursaluna|[spread] p1a,p1b
|-damage|p1a: Sneasler|37/100 brn
|-damage|p1b: Ursaluna|0 fnt
|faint|p1b: Ursaluna
|
|-damage|p1a: Sneasler|31/100 brn|[from] brn
|upkeep
|
|t:|1756604218
|switch|p1b: Indeedee|Indeedee, L50, M|100/100
|-fieldstart|move: Psychic Terrain|[from] ability: Psychic Surge|[of] p1b: Indeedee
|-enditem|p1a: Sneasler|Psychic Seed
|-boost|p1a: Sneasler|spd|1|[from] item: Psychic Seed
|turn|4
|inactive|Bob Ravioli has 30 seconds left.
|inactive|hexagonfoot has 30 seconds left.
|
|t:|1756604246
|move|p2b: Magmar|Protect|p2b: Magmar
|-singleturn|p2b: Magmar|Protect
|move|p2a: Primarina|Protect|p2a: Primarina
|-singleturn|p2a: Primarina|Protect
|move|p1a: Sneasler|Dire Claw|p2a: Primarina
|-activate|p2a: Primarina|move: Protect
|move|p1b: Indeedee|Expanding Force|p2a: Primarina|[spread] 
|-activate|p2a: Primarina|move: Protect
|-activate|p2b: Magmar|move: Protect
|
|-damage|p1a: Sneasler|25/100 brn|[from] brn
|-sideend|p1: Bob Ravioli|move: Tailwind
|upkeep
|turn|5
|
|t:|1756604266
|switch|p2b: Rillaboom|Rillaboom, L50, M|100/100
|-fieldstart|move: Grassy Terrain|[from] ability: Grassy Surge|[of] p2b: Rillaboom
|move|p1a: Sneasler|Dire Claw|p2a: Primarina
|-damage|p2a: Primarina|47/100
|move|p1b: Indeedee|Expanding Force|p2a: Primarina
|-damage|p2a: Primarina|15/100
|move|p2a: Primarina|Hyper Voice|p1b: Indeedee|[spread] p1a,p1b
|-damage|p1a: Sneasler|0 fnt
|-damage|p1b: Indeedee|45/100
|faint|p1a: Sneasler
|
|-heal|p1b: Indeedee|50/100|[from] Grassy Terrain
|-heal|p2a: Primarina|21/100|[from] Grassy Terrain
|upkeep
|turn|6
|-message|Bob Ravioli forfeited.
|
|win|hexagonfoot
|raw|Bob Ravioli's rating: 1141 → 1121(-20 for losing)
|raw|hexagonfoot's rating: 1210 → 1230(+20 for winning)
|l|☆Bob Ravioli
|player|p1|
