|j|☆stormyrat
|j|☆Mr James Freak
|html|stormyratMr James Freak    
|uhtml|bestof|Game 1 of a best-of-3
|t:|1782185077
|gametype|doubles
|player|p1|stormyrat|265|1078
|player|p2|Mr James Freak|scientist|1119
|gen|9
|tier|[Gen 9 Champions] VGC 2026 Reg M-B (Bo3)
|rated|
|rule|Species Clause: Limit one of each Pokémon
|rule|Item Clause: Limit 1 of each item
|clearpoke
|poke|p1|Floette-Eternal, L50, F|
|poke|p1|Gholdengo, L50|
|poke|p1|Aerodactyl, L50, M|
|poke|p1|Incineroar, L50, F|
|poke|p1|Basculegion, L50, M|
|poke|p1|Rotom-Mow, L50|
|poke|p2|Tyranitar, L50, F, shiny|
|poke|p2|Metagross, L50, shiny|
|poke|p2|Sinistcha-Masterpiece, L50|
|poke|p2|Rotom-Wash, L50, shiny|
|poke|p2|Garchomp, L50, M, shiny|
|poke|p2|Incineroar, L50, F, shiny|
|teampreview|4
|showteam|p1|Floette-Eternal||Floettite|FlowerVeil|Moonblast,LightofRuin,DazzlingGleam,Protect|Modest||F|||50|]Gholdengo||LifeOrb|GoodasGold|NastyPlot,ShadowBall,MakeItRain,Protect|Modest|||||50|]Aerodactyl||FocusSash|Unnerve|DualWingbeat,RockSlide,Tailwind,WideGuard|Jolly||M|||50|]Incineroar||SitrusBerry|Intimidate|FakeOut,PartingShot,DarkestLariat,FlareBlitz|Impish||F|||50|]Basculegion||MysticWater|Adaptability|Protect,WaveCrash,LastRespects,AquaJet|Jolly||M|||50|]Rotom-Mow||WideLens|Levitate|LeafStorm,Electroweb,VoltSwitch,Protect|Timid|||||50|
|showteam|p2|Tyranitar||Tyranitarite|SandStream|RockSlide,KnockOff,DragonDance,Protect|Adamant||F|||50|]Metagross||Metagrossite|ClearBody|IronHead,PsychicFangs,BodyPress,Protect|Jolly|||||50|]Sinistcha-Masterpiece||SitrusBerry|Hospitality|MatchaGotcha,RagePowder,LifeDew,Protect|Bold|||||50|]Rotom-Wash||Leftovers|Levitate|Electroweb,HydroPump,WillOWisp,Protect|Calm|||||50|]Garchomp||LifeOrb|RoughSkin|Earthquake,RockSlide,ScaleShot,Protect|Jolly||M|||50|]Incineroar||PasshoBerry|Intimidate|FakeOut,PartingShot,FlareBlitz,ThroatChop|Careful||F|||50|
|inactive|Battle timer is ON: inactive players will automatically lose when time's up. (requested by stormyrat)
|inactive|stormyrat has 60 seconds left.
|inactive|Mr James Freak has 60 seconds left.
|inactive|stormyrat has 30 seconds left.
|
|t:|1782185144
|teamsize|p1|4
|teamsize|p2|4
|start
|switch|p1a: Incineroar|Incineroar, L50, F|100/100
|switch|p1b: Gholdengo|Gholdengo, L50|100/100
|switch|p2a: Incineroar|Incineroar, L50, F, shiny|100/100
|switch|p2b: Metagross|Metagross, L50, shiny|100/100
|-ability|p2a: Incineroar|Intimidate|boost
|-unboost|p1a: Incineroar|atk|1
|-unboost|p1b: Gholdengo|atk|1
|-ability|p1a: Incineroar|Intimidate|boost
|-unboost|p2a: Incineroar|atk|1
|-fail|p2b: Metagross|unboost|[from] ability: Clear Body|[of] p2b: Metagross
|turn|1
|
|t:|1782185167
|switch|p2b: Rotom|Rotom-Wash, L50, shiny|100/100
|move|p1a: Incineroar|Fake Out|p2b: Rotom
|-damage|p2b: Rotom|91/100
|move|p1b: Gholdengo|Nasty Plot|p1b: Gholdengo
|-boost|p1b: Gholdengo|spa|2
|move|p2a: Incineroar|Flare Blitz|p1b: Gholdengo
|-supereffective|p1b: Gholdengo|1
|-damage|p1b: Gholdengo|35/100
|-damage|p2a: Incineroar|79/100|[from] Recoil
|
|-heal|p2b: Rotom|97/100|[from] item: Leftovers
|upkeep
|turn|2
|
|t:|1782185187
|move|p1b: Gholdengo|Protect|p1b: Gholdengo
|-singleturn|p1b: Gholdengo|Protect
|move|p2b: Rotom|Hydro Pump|p1a: Incineroar
|-supereffective|p1a: Incineroar|1
|-damage|p1a: Incineroar|28/100
|-enditem|p1a: Incineroar|Sitrus Berry|[eat]
|-heal|p1a: Incineroar|53/100|[from] item: Sitrus Berry
|move|p2a: Incineroar|Flare Blitz|p1b: Gholdengo
|-activate|p1b: Gholdengo|move: Protect
|move|p1a: Incineroar|Parting Shot|p2b: Rotom
|-unboost|p2b: Rotom|atk|1
|-unboost|p2b: Rotom|spa|1
|
|t:|1782185202
|switch|p1a: Basculegion|Basculegion, L50, M|100/100|[from] Parting Shot
|
|-heal|p2b: Rotom|100/100|[from] item: Leftovers
|upkeep
|turn|3
|
|t:|1782185219
|move|p1a: Basculegion|Wave Crash|p2a: Incineroar
|-supereffective|p2a: Incineroar|1
|-enditem|p2a: Incineroar|Passho Berry|[eat]
|-enditem|p2a: Incineroar|Passho Berry|[weaken]
|-damage|p2a: Incineroar|0 fnt
|faint|p2a: Incineroar
|-damage|p1a: Basculegion|73/100|[from] Recoil
|move|p2b: Rotom|Electroweb|p1b: Gholdengo|[spread] p1a,p1b
|-supereffective|p1a: Basculegion|1
|-damage|p1a: Basculegion|49/100
|-damage|p1b: Gholdengo|25/100
|-unboost|p1a: Basculegion|spe|1
|-unboost|p1b: Gholdengo|spe|1
|move|p1b: Gholdengo|Shadow Ball|p2b: Rotom
|-damage|p2b: Rotom|0 fnt
|faint|p2b: Rotom
|-damage|p1b: Gholdengo|15/100|[from] item: Life Orb
|
|upkeep
|
|t:|1782185234
|switch|p2b: Metagross|Metagross, L50, shiny|100/100
|switch|p2a: Garchomp|Garchomp, L50, M, shiny|100/100
|turn|4
|
|t:|1782185255
|detailschange|p2b: Metagross|Metagross-Mega, L50, shiny
|-mega|p2b: Metagross|Metagross|Metagrossite
|move|p2b: Metagross|Protect|p2b: Metagross
|-singleturn|p2b: Metagross|Protect
|move|p1a: Basculegion|Protect|p1a: Basculegion
|-singleturn|p1a: Basculegion|Protect
|move|p2a: Garchomp|Earthquake|p1a: Basculegion|[spread] p1b
|-activate|p2b: Metagross|move: Protect
|-activate|p1a: Basculegion|move: Protect
|-supereffective|p1b: Gholdengo|1
|-damage|p1b: Gholdengo|0 fnt
|faint|p1b: Gholdengo
|-damage|p2a: Garchomp|90/100|[from] item: Life Orb
|
|upkeep
|
|t:|1782185265
|switch|p1b: Incineroar|Incineroar, L50, F|53/100
|-ability|p1b: Incineroar|Intimidate|boost
|-unboost|p2a: Garchomp|atk|1
|-unboost|p2b: Metagross|atk|1
|turn|5
|
|t:|1782185288
|move|p1b: Incineroar|Fake Out|p2a: Garchomp
|-damage|p2a: Garchomp|81/100
|-damage|p1b: Incineroar|41/100|[from] ability: Rough Skin|[of] p2a: Garchomp
|move|p2b: Metagross|Psychic Fangs|p1a: Basculegion
|-damage|p1a: Basculegion|3/100
|cant|p2a: Garchomp|flinch
|move|p1a: Basculegion|Last Respects|p2b: Metagross
|-supereffective|p2b: Metagross|1
|-damage|p2b: Metagross|11/100
|
|upkeep
|turn|6
|
|t:|1782185303
|move|p2b: Metagross|Protect|p2b: Metagross
|-singleturn|p2b: Metagross|Protect
|move|p2a: Garchomp|Earthquake|p1a: Basculegion|[spread] p1a,p1b
|-activate|p2b: Metagross|move: Protect
|-supereffective|p1b: Incineroar|1
|-damage|p1a: Basculegion|0 fnt
|-damage|p1b: Incineroar|0 fnt
|faint|p1a: Basculegion
|faint|p1b: Incineroar
|-damage|p2a: Garchomp|71/100|[from] item: Life Orb
|
|upkeep
|
|t:|1782185306
|switch|p1b: Floette|Floette-Eternal, L50, F|100/100
|turn|7
|
|t:|1782185312
|detailschange|p1b: Floette|Floette-Mega, L50, F
|-mega|p1b: Floette|Floette|Floettite
|-ability|p1b: Floette|Fairy Aura
|move|p2b: Metagross|Iron Head|p1b: Floette
|-supereffective|p1b: Floette|1
|-damage|p1b: Floette|18/100
|move|p2a: Garchomp|Rock Slide|p1b: Floette
|-damage|p1b: Floette|0 fnt
|faint|p1b: Floette
|-damage|p2a: Garchomp|61/100|[from] item: Life Orb
|
|win|Mr James Freak
||Mr James Freak is ready for game 2.
|inactive|stormyrat has 30 seconds to confirm battle start!
||stormyrat is ready for game 2.
|uhtml|next|Next: Game 2 of 3
