|j|☆redrog1
|j|☆endK649
|html|redrog1endK649    
|uhtml|bestof|Game 2 of a best-of-3
|t:|1756656923
|gametype|doubles
|player|p1|redrog1|dancer|1124
|player|p2|endK649|gambler|1203
|gen|9
|tier|[Gen 9] VGC 2025 Reg H (Bo3)
|rated|
|rule|Species Clause: Limit one of each Pokémon
|rule|Item Clause: Limit 1 of each item
|clearpoke
|poke|p1|Electabuzz, L50, M|
|poke|p1|Kingambit, L50, F|
|poke|p1|Volcarona, L50, M|
|poke|p1|Sneasler, L50, F|
|poke|p1|Primarina, L50, M|
|poke|p1|Amoonguss, L50, F|
|poke|p2|Feraligatr, L50, M|
|poke|p2|Kommo-o, L50, F|
|poke|p2|Politoed, L50, M|
|poke|p2|Rillaboom, L50, F|
|poke|p2|Incineroar, L50, F|
|poke|p2|Amoonguss, L50, M|
|teampreview|4
|showteam|p1|Electabuzz||Eviolite|VitalSpirit|Taunt,Electroweb,FollowMe,Protect|||M|||50|,,,,,Ghost]Kingambit||BlackGlasses|Defiant|KowtowCleave,Protect,SwordsDance,SuckerPunch|||F|||50|,,,,,Dark]Volcarona||CovertCloak|FlameBody|HeatWave,Protect,GigaDrain,QuiverDance|||M|||50|,,,,,Grass]Sneasler||FocusSash|Unburden|DireClaw,CloseCombat,Protect,FakeOut|||F|||50|,,,,,Stellar]Primarina||ThroatSpray|LiquidVoice|HyperVoice,Moonblast,HelpingHand,Protect|||M|||50|,,,,,Steel]Amoonguss||SitrusBerry|Regenerator|Spore,RagePowder,PollenPuff,Protect|||F|||50|,,,,,Water
|showteam|p2|Feraligatr||LifeOrb|SheerForce|Liquidation,Crunch,DragonDance,Protect|||M|||50|,,,,,Dark]Kommo-o||ThroatSpray|Overcoat|ClangingScales,AuraSphere,ClangorousSoul,Protect|||F|||50|,,,,,Fairy]Politoed||SitrusBerry|Drizzle|WeatherBall,IcyWind,Haze,Protect|||M|||50|,,,,,Grass]Rillaboom||AssaultVest|GrassySurge|WoodHammer,GrassyGlide,FakeOut,Uturn|||F|||50|,,,,,Fire]Incineroar||SafetyGoggles|Intimidate|KnockOff,FakeOut,Taunt,PartingShot|||F|||50|,,,,,Ghost]Amoonguss||CovertCloak|Regenerator|PollenPuff,Spore,RagePowder,Protect|||M|||50|,,,,,Water
|
|t:|1756656949
|teamsize|p1|4
|teamsize|p2|4
|start
|switch|p1a: Volcarona|Volcarona, L50, M|100/100
|switch|p1b: Electabuzz|Electabuzz, L50, M|100/100
|switch|p2a: Kommo-o|Kommo-o, L50, F|100/100
|switch|p2b: Amoonguss|Amoonguss, L50, M, shiny|100/100
|turn|1
|inactive|Battle timer is ON: inactive players will automatically lose when time's up. (requested by redrog1)
|
|t:|1756656955
|move|p1a: Volcarona|Protect|p1a: Volcarona
|-singleturn|p1a: Volcarona|Protect
|move|p2b: Amoonguss|Rage Powder|p2b: Amoonguss
|-singleturn|p2b: Amoonguss|move: Rage Powder
|move|p1b: Electabuzz|Taunt|p2b: Amoonguss
|-start|p2b: Amoonguss|move: Taunt
|move|p2a: Kommo-o|Clangorous Soul|p2a: Kommo-o
|-boost|p2a: Kommo-o|atk|1
|-boost|p2a: Kommo-o|def|1
|-boost|p2a: Kommo-o|spa|1
|-boost|p2a: Kommo-o|spd|1
|-boost|p2a: Kommo-o|spe|1
|-damage|p2a: Kommo-o|68/100
|-enditem|p2a: Kommo-o|Throat Spray
|-boost|p2a: Kommo-o|spa|1|[from] item: Throat Spray
|
|upkeep
|turn|2
|
|t:|1756656969
|move|p1b: Electabuzz|Follow Me|p1b: Electabuzz
|-singleturn|p1b: Electabuzz|move: Follow Me
|move|p2a: Kommo-o|Clanging Scales|p1a: Volcarona|[spread] p1a,p1b
|-damage|p1a: Volcarona|23/100
|-damage|p1b: Electabuzz|48/100
|-unboost|p2a: Kommo-o|def|1
|move|p1a: Volcarona|Quiver Dance|p1a: Volcarona
|-boost|p1a: Volcarona|spa|1
|-boost|p1a: Volcarona|spd|1
|-boost|p1a: Volcarona|spe|1
|move|p2b: Amoonguss|Pollen Puff|p1b: Electabuzz
|-damage|p1b: Electabuzz|32/100
|
|upkeep
|turn|3
|inactive|endK649 has 30 seconds left.
|
|t:|1756656998
|move|p1a: Volcarona|Protect|p1a: Volcarona
|-singleturn|p1a: Volcarona|Protect
|move|p2a: Kommo-o|Clanging Scales|p1b: Electabuzz|[spread] p1b
|-activate|p1a: Volcarona|move: Protect
|-damage|p1b: Electabuzz|0 fnt
|faint|p1b: Electabuzz
|-unboost|p2a: Kommo-o|def|1
|move|p2b: Amoonguss|Pollen Puff|p2a: Kommo-o
|-heal|p2a: Kommo-o|100/100
|
|upkeep
|
|t:|1756657004
|switch|p1b: Sneasler|Sneasler, L50, F|100/100
|turn|4
|
|t:|1756657018
|move|p2a: Kommo-o|Protect|p2a: Kommo-o
|-singleturn|p2a: Kommo-o|Protect
|move|p1b: Sneasler|Fake Out|p2a: Kommo-o
|-activate|p2a: Kommo-o|move: Protect
|move|p1a: Volcarona|Heat Wave|p2b: Amoonguss|[spread] 
|-activate|p2a: Kommo-o|move: Protect
|-miss|p1a: Volcarona|p2b: Amoonguss
|move|p2b: Amoonguss|Pollen Puff|p1b: Sneasler
|-resisted|p1b: Sneasler
|-damage|p1b: Sneasler|95/100
|
|-end|p2b: Amoonguss|move: Taunt
|upkeep
|turn|5
|
|t:|1756657032
|move|p2b: Amoonguss|Rage Powder|p2b: Amoonguss
|-singleturn|p2b: Amoonguss|move: Rage Powder
|move|p1a: Volcarona|Heat Wave|p2a: Kommo-o|[spread] p2a,p2b
|-resisted|p2a: Kommo-o
|-supereffective|p2b: Amoonguss
|-damage|p2a: Kommo-o|78/100
|-damage|p2b: Amoonguss|0 fnt
|faint|p2b: Amoonguss
|move|p2a: Kommo-o|Clanging Scales|p1b: Sneasler|[spread] p1a,p1b
|-damage|p1a: Volcarona|0 fnt
|-damage|p1b: Sneasler|0 fnt
|faint|p1a: Volcarona
|faint|p1b: Sneasler
|-unboost|p2a: Kommo-o|def|1
|
|upkeep
|-message|redrog1 forfeited.
|
|win|endK649
|l|☆redrog1
|player|p1|
||endK649 is ready for game 3.
|inactive|redrog1 has 30 seconds to confirm battle start!
||redrog1 is ready for game 3.
|uhtml|next|Next: Game 3 of 3
