|j|☆sorecruiser
|j|☆Ark 64
|html|sorecruiserArk 64    
|uhtml|bestof|Game 1 of a best-of-3
|t:|1756947352
|gametype|doubles
|player|p1|sorecruiser|furisodegirl-black|1049
|player|p2|Ark 64|102|1037
|gen|9
|tier|[Gen 9] VGC 2025 Reg H (Bo3)
|rated|
|rule|Species Clause: Limit one of each Pokémon
|rule|Item Clause: Limit 1 of each item
|clearpoke
|poke|p1|Gholdengo, L50|
|poke|p1|Whimsicott, L50, M|
|poke|p1|Sneasler, L50, F|
|poke|p1|Basculegion, L50, M|
|poke|p1|Hydreigon, L50, F|
|poke|p1|Magmar, L50, F|
|poke|p2|Charizard, L50, F|
|poke|p2|Torkoal, L50, M|
|poke|p2|Porygon2, L50|
|poke|p2|Incineroar, L50, M|
|poke|p2|Jumpluff, L50, M|
|poke|p2|Ursaluna, L50, F|
|teampreview|4
|showteam|p1|Gholdengo||MetalCoat|GoodasGold|MakeItRain,ShadowBall,NastyPlot,Protect||||||50|,,,,,Steel]Whimsicott||CovertCloak|Prankster|Tailwind,Encore,FakeTears,Moonblast|||M|||50|,,,,,Dark]Sneasler||FocusSash|PoisonTouch|Protect,CloseCombat,DireClaw,ThroatChop|||F|||50|,,,,,Dark]Basculegion||ChoiceScarf|Adaptability|LastRespects,WaveCrash,AquaJet,FlipTurn|||M|||50|,,,,,Ghost]Hydreigon||ChoiceSpecs|Levitate|DarkPulse,DracoMeteor,Snarl,HeatWave|||F|||50|,,,,,Fire]Magmar||Eviolite|VitalSpirit|Protect,FollowMe,HeatWave,Taunt|||F|||50|,,,,,Ghost
|showteam|p2|Charizard||ChoiceSpecs|SolarPower|HeatWave,Overheat,WeatherBall,AirSlash|||F|||50|,,,,,Ghost]Torkoal||EjectPack|Drought|Eruption,Overheat,HelpingHand,Protect|||M|||50|,,,,,Fire]Porygon2||Eviolite|Download|IceBeam,TeraBlast,TrickRoom,Recover||||||50|,,,,,Fighting]Incineroar||SitrusBerry|Intimidate|FlareBlitz,KnockOff,FakeOut,PartingShot|||M|||50|,,,,,Ghost]Jumpluff||CovertCloak|Chlorophyll|SleepPowder,SunnyDay,RagePowder,Tailwind|||M|||50|,,,,,Water]Ursaluna||FlameOrb|Guts|HeadlongRush,Facade,Earthquake,Protect|||F|||50|,,,,,Ghost
|inactive|Battle timer is ON: inactive players will automatically lose when time's up. (requested by Ark 64)
|
|t:|1756947434
|teamsize|p1|4
|teamsize|p2|4
|start
|switch|p1a: Basculegion|Basculegion, L50, M|100/100
|switch|p1b: Magmar|Magmar, L50, F|100/100
|switch|p2a: Torkoal|Torkoal, L50, M|100/100
|switch|p2b: Jumpluff|Jumpluff, L50, M|100/100
|-weather|SunnyDay|[from] ability: Drought|[of] p2a: Torkoal
|turn|1
|
|t:|1756947450
|move|p2a: Torkoal|Protect|p2a: Torkoal
|-singleturn|p2a: Torkoal|Protect
|move|p1b: Magmar|Follow Me|p1b: Magmar
|-singleturn|p1b: Magmar|move: Follow Me
|move|p2b: Jumpluff|Tailwind|p2b: Jumpluff
|-sidestart|p2: Ark 64|move: Tailwind
|move|p1a: Basculegion|Flip Turn|p2a: Torkoal
|-activate|p2a: Torkoal|move: Protect
|
|-weather|SunnyDay|[upkeep]
|upkeep
|turn|2
|
|t:|1756947468
|switch|p2a: Charizard|Charizard, L50, F|100/100
|move|p2b: Jumpluff|Rage Powder|p2b: Jumpluff
|-singleturn|p2b: Jumpluff|move: Rage Powder
|move|p1b: Magmar|Follow Me|p1b: Magmar
|-singleturn|p1b: Magmar|move: Follow Me
|move|p1a: Basculegion|Flip Turn|p2b: Jumpluff
|-resisted|p2b: Jumpluff
|-damage|p2b: Jumpluff|89/100
|
|t:|1756947486
|switch|p1a: Sneasler|Sneasler, L50, F|100/100|[from] Flip Turn
|
|-weather|SunnyDay|[upkeep]
|-damage|p2a: Charizard|88/100|[from] ability: Solar Power|[of] p2a: Charizard
|upkeep
|turn|3
|
|t:|1756947502
|-terastallize|p2a: Charizard|Ghost
|move|p1b: Magmar|Follow Me|p1b: Magmar
|-singleturn|p1b: Magmar|move: Follow Me
|move|p2b: Jumpluff|Sleep Powder|p1b: Magmar|[miss]
|-miss|p2b: Jumpluff|p1b: Magmar
|move|p2a: Charizard|Heat Wave|p1a: Sneasler|[spread] p1a,p1b
|-resisted|p1b: Magmar
|-enditem|p1a: Sneasler|Focus Sash
|-damage|p1a: Sneasler|1/100
|-damage|p1b: Magmar|58/100
|move|p1a: Sneasler|Dire Claw|p2b: Jumpluff
|-supereffective|p2b: Jumpluff
|-damage|p2b: Jumpluff|0 fnt
|faint|p2b: Jumpluff
|
|-weather|SunnyDay|[upkeep]
|-damage|p2a: Charizard|76/100|[from] ability: Solar Power|[of] p2a: Charizard
|upkeep
|
|t:|1756947514
|switch|p2b: Incineroar|Incineroar, L50, M|100/100
|-ability|p2b: Incineroar|Intimidate|boost
|-unboost|p1a: Sneasler|atk|1
|-unboost|p1b: Magmar|atk|1
|turn|4
|
|t:|1756947530
|move|p1a: Sneasler|Protect|p1a: Sneasler
|-singleturn|p1a: Sneasler|Protect
|move|p2b: Incineroar|Fake Out|p1a: Sneasler
|-activate|p1a: Sneasler|move: Protect
|move|p2a: Charizard|Heat Wave|p1b: Magmar|[spread] p1b
|-activate|p1a: Sneasler|move: Protect
|-resisted|p1b: Magmar
|-damage|p1b: Magmar|12/100
|move|p1b: Magmar|Heat Wave|p2b: Incineroar|[spread] p2a,p2b
|-resisted|p2b: Incineroar
|-damage|p2a: Charizard|31/100
|-damage|p2b: Incineroar|84/100
|
|-weather|SunnyDay|[upkeep]
|-damage|p2a: Charizard|18/100|[from] ability: Solar Power|[of] p2a: Charizard
|-sideend|p2: Ark 64|move: Tailwind
|upkeep
|turn|5
|
|t:|1756947548
|switch|p2a: Torkoal|Torkoal, L50, M|100/100
|move|p1a: Sneasler|Close Combat|p2b: Incineroar
|-supereffective|p2b: Incineroar
|-damage|p2b: Incineroar|1/100
|-unboost|p1a: Sneasler|def|1
|-unboost|p1a: Sneasler|spd|1
|-enditem|p2b: Incineroar|Sitrus Berry|[eat]
|-heal|p2b: Incineroar|26/100|[from] item: Sitrus Berry
|move|p1b: Magmar|Heat Wave|p2b: Incineroar|[spread] p2a,p2b
|-resisted|p2a: Torkoal
|-resisted|p2b: Incineroar
|-damage|p2a: Torkoal|75/100
|-damage|p2b: Incineroar|9/100
|move|p2b: Incineroar|Knock Off|p1a: Sneasler
|-resisted|p1a: Sneasler
|-damage|p1a: Sneasler|0 fnt
|faint|p1a: Sneasler
|
|-weather|none
|upkeep
|
|t:|1756947567
|switch|p1a: Hydreigon|Hydreigon, L50, F|100/100
|turn|6
|
|t:|1756947590
|switch|p2a: Charizard|Charizard, L50, F, tera:Ghost|18/100
|-terastallize|p1a: Hydreigon|Fire
|move|p1a: Hydreigon|Heat Wave|p2b: Incineroar|[spread] p2a,p2b
|-resisted|p2b: Incineroar
|-crit|p2b: Incineroar
|-damage|p2a: Charizard|0 fnt
|-damage|p2b: Incineroar|0 fnt
|faint|p2a: Charizard
|faint|p2b: Incineroar
|move|p1b: Magmar|Heat Wave|p2: Charizard|[notarget]
|-fail|p1b: Magmar
|
|upkeep
|
|t:|1756947600
|switch|p2b: Torkoal|Torkoal, L50, M|75/100
|-weather|SunnyDay|[from] ability: Drought|[of] p2b: Torkoal
|turn|7
|
|t:|1756947606
|move|p1a: Hydreigon|Heat Wave|p2b: Torkoal
|-resisted|p2b: Torkoal
|-damage|p2b: Torkoal|0 fnt
|faint|p2b: Torkoal
|
|win|sorecruiser
|l|☆Ark 64
|player|p2|
|raw|sorecruiser's rating: 1049 → 1081(+32 for winning)
|raw|Ark 64's rating: 1037 → 1022(-15 for losing)
