|j|☆yurinasaan
|j|☆trevyah
|html|yurinasaantrevyah    
|uhtml|bestof|Game 2 of a best-of-3
|t:|1785252686
|gametype|doubles
|player|p1|yurinasaan|101|1425
|player|p2|trevyah|trevor|1376
|gen|9
|tier|[Gen 9 Champions] VGC 2026 Reg M-B (Bo3)
|rated|
|rule|Species Clause: Limit one of each Pokémon
|rule|Item Clause: Limit 1 of each item
|clearpoke
|poke|p1|Staraptor, L50, M|
|poke|p1|Arcanine-Hisui, L50, M|
|poke|p1|Kingambit, L50, F|
|poke|p1|Raichu, L50, F|
|poke|p1|Farigiraf, L50, M|
|poke|p1|Sylveon, L50, F|
|poke|p2|Blaziken, L50, M, shiny|
|poke|p2|Kingambit, L50, F, shiny|
|poke|p2|Dragonite, L50, F, shiny|
|poke|p2|Ninetales-Alola, L50, M, shiny|
|poke|p2|Gengar, L50, M, shiny|
|poke|p2|Incineroar, L50, M, shiny|
|teampreview|4
|showteam|p1|Staraptor||Staraptite|Intimidate|DualWingbeat,CloseCombat,Tailwind,Protect|Jolly||M|||50|]Arcanine-Hisui||FocusSash|RockHead|FlareBlitz,HeadSmash,ExtremeSpeed,Protect|Jolly||M|||50|]Kingambit||LifeOrb|Defiant|KowtowCleave,SuckerPunch,SwordsDance,Protect|Adamant||F|||50|]Raichu||RaichuniteY|Static|ZapCannon,FocusBlast,FakeOut,Protect|Timid||F|||50|]Farigiraf||SitrusBerry|ArmorTail|Psychic,HelpingHand,TrickRoom,Protect|Calm||M|||50|]Sylveon||FairyFeather|Pixilate|HyperVoice,HyperBeam,QuickAttack,Detect|Modest||F|||50|
|showteam|p2|Blaziken||Blazikenite|SpeedBoost|CloseCombat,RockSlide,FlareBlitz,Detect|Adamant||M|||50|]Kingambit||LifeOrb|Defiant|KowtowCleave,IronHead,SuckerPunch,Protect|Adamant||F|||50|]Dragonite||LumBerry|InnerFocus|DragonClaw,LowKick,ExtremeSpeed,Protect|Adamant||F|||50|]Ninetales-Alola||FocusSash|SnowWarning|Blizzard,FreezeDry,Encore,Protect|Timid||M|||50|]Gengar||Gengarite|CursedBody|ShadowBall,SludgeBomb,PerishSong,Protect|Modest||M|||50|]Incineroar||SitrusBerry|Intimidate|FlareBlitz,PartingShot,FakeOut,Protect|Relaxed||M|||50|
|inactive|Battle timer is ON: inactive players will automatically lose when time's up. (requested by trevyah)
|
|t:|1785252715
|teamsize|p1|4
|teamsize|p2|4
|start
|switch|p1a: Raichu|Raichu, L50, F|100/100
|switch|p1b: Arcanine|Arcanine-Hisui, L50, M|100/100
|switch|p2a: less|Dragonite, L50, F, shiny|100/100
|switch|p2b: Expectations|Gengar, L50, M, shiny|100/100
|turn|1
|
|t:|1785252731
|detailschange|p1a: Raichu|Raichu-Mega-Y, L50, F
|-mega|p1a: Raichu|Raichu|Raichunite Y
|detailschange|p2b: Expectations|Gengar-Mega, L50, M, shiny
|-mega|p2b: Expectations|Gengar|Gengarite
|move|p2b: Expectations|Protect|p2b: Expectations
|-singleturn|p2b: Expectations|Protect
|move|p2a: less|Extreme Speed|p1a: Raichu
|-damage|p1a: Raichu|44/100
|move|p1a: Raichu|Zap Cannon|p2b: Expectations
|-activate|p2b: Expectations|move: Protect
|move|p1b: Arcanine|Head Smash|p2a: less
|-supereffective|p2a: less|1
|-damage|p2a: less|0 fnt
|faint|p2a: less
|
|upkeep
|
|t:|1785252742
|switch|p2a: Drop Dead|Kingambit, L50, F, shiny|100/100
|turn|2
|
|t:|1785252761
|move|p2a: Drop Dead|Sucker Punch|p1b: Arcanine
|-damage|p1b: Arcanine|33/100
|-damage|p2a: Drop Dead|90/100|[from] item: Life Orb
|move|p1a: Raichu|Zap Cannon|p2b: Expectations
|-damage|p2b: Expectations|36/100
|-status|p2b: Expectations|par
|move|p1b: Arcanine|Flare Blitz|p2a: Drop Dead
|-supereffective|p2a: Drop Dead|1
|-damage|p2a: Drop Dead|1/100
|move|p2b: Expectations|Shadow Ball|p1b: Arcanine
|-damage|p1b: Arcanine|0 fnt
|faint|p1b: Arcanine
|
|upkeep
|
|t:|1785252780
|switch|p1b: Kingambit|Kingambit, L50, F|100/100
|turn|3
|
|t:|1785252795
|move|p2a: Drop Dead|Sucker Punch|p1a: Raichu
|-damage|p1a: Raichu|0 fnt
|faint|p1a: Raichu
|-damage|p2a: Drop Dead|0 fnt|[from] item: Life Orb
|faint|p2a: Drop Dead
|move|p2b: Expectations|Perish Song|p2b: Expectations
|-start|p1b: Kingambit|perish3|[silent]
|-start|p2b: Expectations|perish3|[silent]
|-fieldactivate|move: Perish Song
|move|p1b: Kingambit|Kowtow Cleave|p2b: Expectations
|-supereffective|p2b: Expectations|1
|-damage|p2b: Expectations|0 fnt
|faint|p2b: Expectations
|-damage|p1b: Kingambit|90/100|[from] item: Life Orb
|
|-start|p1b: Kingambit|perish3
|upkeep
|
|t:|1785252805
|switch|p1a: Sylveon|Sylveon, L50, F|100/100
|switch|p2b: my way|Blaziken, L50, M, shiny|100/100
|turn|4
|
|t:|1785252821
|move|p2b: my way|Detect|p2b: my way
|-singleturn|p2b: my way|Protect
|move|p1a: Sylveon|Hyper Voice|p2b: my way
|-activate|p2b: my way|move: Protect
|move|p1b: Kingambit|Swords Dance|p1b: Kingambit
|-boost|p1b: Kingambit|atk|2
|
|-start|p1b: Kingambit|perish2
|-ability|p2b: my way|Speed Boost|boost
|-boost|p2b: my way|spe|1
|upkeep
|turn|5
|
|t:|1785252833
|move|p2b: my way|Rock Slide|p1a: Sylveon|[spread] p1a,p1b
|-resisted|p1b: Kingambit|1
|-damage|p1a: Sylveon|78/100
|-damage|p1b: Kingambit|82/100
|move|p1a: Sylveon|Hyper Voice|p2b: my way
|-damage|p2b: my way|2/100
|move|p1b: Kingambit|Kowtow Cleave|p2b: my way
|-resisted|p2b: my way|1
|-crit|p2b: my way
|-damage|p2b: my way|0 fnt
|faint|p2b: my way
|-damage|p1b: Kingambit|72/100|[from] item: Life Orb
|
|win|yurinasaan
|raw|yurinasaan's rating: 1425 → 1442(+17 for winning)
|raw|trevyah's rating: 1376 → 1359(-17 for losing)
|l|☆trevyah
|player|p2|
