|j|☆manhho75
|j|☆icanttext
|html|manhho75icanttext    
|uhtml|bestof|Game 1 of a best-of-3
|t:|1783246308
|gametype|doubles
|player|p1|manhho75|170|1000
|player|p2|icanttext|265|1016
|gen|9
|tier|[Gen 9 Champions] VGC 2026 Reg M-B (Bo3)
|rated|
|rule|Species Clause: Limit one of each Pokémon
|rule|Item Clause: Limit 1 of each item
|clearpoke
|poke|p1|Whimsicott, L50, F, shiny|
|poke|p1|Charizard, L50, M, shiny|
|poke|p1|Sneasler, L50, M, shiny|
|poke|p1|Garchomp, L50, M, shiny|
|poke|p1|Sylveon, L50, F|
|poke|p1|Aerodactyl, L50, M|
|poke|p2|Garchomp, L50, M|
|poke|p2|Aerodactyl, L50, F|
|poke|p2|Incineroar, L50, F|
|poke|p2|Rotom-Wash, L50|
|poke|p2|Sneasler, L50, M|
|poke|p2|Meganium, L50, F|
|teampreview|4
|showteam|p1|Whimsicott||FocusSash|Prankster|Tailwind,Moonblast,Encore,FakeTears|Timid||F|||50|]Charizard||CharizarditeY|Blaze|HeatWave,Protect,Hurricane,SolarBeam|Timid||M|||50|]Sneasler||WhiteHerb|PoisonTouch|FakeOut,Taunt,DireClaw,CloseCombat|Jolly||M|||50|]Garchomp||LifeOrb|RoughSkin|Earthquake,RockSlide,PoisonJab,Protect|Jolly||M|||50|]Sylveon||FairyFeather|Pixilate|HyperVoice,HyperBeam,Protect,PsychUp|Modest||F|||50|]Aerodactyl||SitrusBerry|Unnerve|Protect,Taunt,DualWingbeat,WideGuard|Jolly||M|||50|
|showteam|p2|Garchomp||Garchompite|RoughSkin|Earthquake,RockSlide,DragonClaw,Protect|Adamant||M|||50|]Aerodactyl||Aerodactylite|Unnerve|RockSlide,Tailwind,Taunt,Protect|Jolly||F|||50|]Incineroar||ShucaBerry|Intimidate|FakeOut,FlareBlitz,PartingShot,Snarl|Adamant||F|||50|]Rotom-Wash||LifeOrb|Levitate|Thunderbolt,VoltSwitch,HydroPump,Protect|Modest|||||50|]Sneasler||PoisonBarb|PoisonTouch|FakeOut,DireClaw,BrickBreak,Protect|Jolly||M|||50|]Meganium||Meganiumite|Overgrow|EnergyBall,DazzlingGleam,WeatherBall,Protect|Modest||F|||50|
|inactive|Battle timer is ON: inactive players will automatically lose when time's up. (requested by icanttext)
|inactive|icanttext has 60 seconds left.
|
|t:|1783246372
|teamsize|p1|4
|teamsize|p2|4
|start
|switch|p1a: Whimsicott|Whimsicott, L50, F, shiny|100/100
|switch|p1b: Sneasler|Sneasler, L50, M, shiny|100/100
|switch|p2a: Aerodactyl|Aerodactyl, L50, F|100/100
|switch|p2b: Incineroar|Incineroar, L50, F|100/100
|-ability|p2a: Aerodactyl|Unnerve
|-ability|p2b: Incineroar|Intimidate|boost
|-unboost|p1a: Whimsicott|atk|1
|-unboost|p1b: Sneasler|atk|1
|-enditem|p1b: Sneasler|White Herb
|-clearnegativeboost|p1b: Sneasler|[silent]
|turn|1
|
|t:|1783246382
|move|p1b: Sneasler|Fake Out|p2a: Aerodactyl
|-resisted|p2a: Aerodactyl|1
|-damage|p2a: Aerodactyl|89/100
|move|p2b: Incineroar|Fake Out|p1a: Whimsicott
|-damage|p1a: Whimsicott|79/100
|cant|p1a: Whimsicott|flinch
|cant|p2a: Aerodactyl|flinch
|
|upkeep
|turn|2
|
|t:|1783246399
|move|p1a: Whimsicott|Tailwind|p1a: Whimsicott
|-sidestart|p1: manhho75|move: Tailwind
|move|p1b: Sneasler|Close Combat|p2a: Aerodactyl
|-damage|p2a: Aerodactyl|0 fnt
|-unboost|p1b: Sneasler|def|1
|-unboost|p1b: Sneasler|spd|1
|faint|p2a: Aerodactyl
|move|p2b: Incineroar|Parting Shot|p1b: Sneasler
|-unboost|p1b: Sneasler|atk|1
|-unboost|p1b: Sneasler|spa|1
|
|t:|1783246410
|switch|p2b: Garchomp|Garchomp, L50, M|100/100|[from] Parting Shot
|
|upkeep
|
|t:|1783246425
|switch|p2a: Incineroar|Incineroar, L50, F|100/100
|-ability|p2a: Incineroar|Intimidate|boost
|-unboost|p1a: Whimsicott|atk|1
|-unboost|p1b: Sneasler|atk|1
|turn|3
|inactive|manhho75 has 30 seconds left.
|
|t:|1783246453
|detailschange|p2b: Garchomp|Garchomp-Mega, L50, M
|-mega|p2b: Garchomp|Garchomp|Garchompite
|move|p2a: Incineroar|Fake Out|p1a: Whimsicott
|-damage|p1a: Whimsicott|57/100
|move|p1b: Sneasler|Close Combat|p2a: Incineroar
|-supereffective|p2a: Incineroar|1
|-damage|p2a: Incineroar|34/100
|-unboost|p1b: Sneasler|def|1
|-unboost|p1b: Sneasler|spd|1
|cant|p1a: Whimsicott|flinch
|move|p2b: Garchomp|Rock Slide|p1b: Sneasler|[spread] p1a,p1b
|-resisted|p1b: Sneasler|1
|-damage|p1a: Whimsicott|18/100
|-damage|p1b: Sneasler|56/100
|
|upkeep
|turn|4
|
|t:|1783246474
|switch|p2a: Rotom|Rotom-Wash, L50|100/100
|move|p1b: Sneasler|Close Combat|p2a: Rotom
|-damage|p2a: Rotom|66/100
|-unboost|p1b: Sneasler|def|1
|-unboost|p1b: Sneasler|spd|1
|move|p1a: Whimsicott|Moonblast|p2b: Garchomp
|-supereffective|p2b: Garchomp|1
|-damage|p2b: Garchomp|33/100
|move|p2b: Garchomp|Earthquake|p1a: Whimsicott|[spread] p1a,p1b
|-immune|p2a: Rotom|[from] ability: Levitate
|-resisted|p1a: Whimsicott|1
|-supereffective|p1b: Sneasler|1
|-damage|p1a: Whimsicott|0 fnt
|-damage|p1b: Sneasler|0 fnt
|faint|p1a: Whimsicott
|faint|p1b: Sneasler
|
|upkeep
|
|t:|1783246492
|switch|p1b: Garchomp|Garchomp, L50, M, shiny|100/100
|switch|p1a: Charizard|Charizard, L50, M, shiny|100/100
|turn|5
|
|t:|1783246509
|detailschange|p1a: Charizard|Charizard-Mega-Y, L50, M, shiny
|-mega|p1a: Charizard|Charizard|Charizardite Y
|-weather|SunnyDay|[from] ability: Drought|[of] p1a: Charizard
|move|p2b: Garchomp|Protect|p2b: Garchomp
|-singleturn|p2b: Garchomp|Protect
|move|p2a: Rotom|Protect|p2a: Rotom
|-singleturn|p2a: Rotom|Protect
|move|p1b: Garchomp|Earthquake|p2b: Garchomp|[spread] 
|-activate|p2a: Rotom|move: Protect
|-activate|p2b: Garchomp|move: Protect
|-immune|p1a: Charizard
|move|p1a: Charizard|Solar Beam||[still]
|-prepare|p1a: Charizard|Solar Beam
|-anim|p1a: Charizard|Solar Beam|p2a: Rotom
|-activate|p2a: Rotom|move: Protect
|
|-weather|SunnyDay|[upkeep]
|-sideend|p1: manhho75|move: Tailwind
|upkeep
|turn|6
|inactive|icanttext has 30 seconds left.
|inactive|icanttext has 20 seconds left.
|inactive|icanttext has 15 seconds left.
|
|t:|1783246553
|switch|p2a: Incineroar|Incineroar, L50, F|34/100
|-ability|p2a: Incineroar|Intimidate|boost
|-unboost|p1a: Charizard|atk|1
|-unboost|p1b: Garchomp|atk|1
|move|p1b: Garchomp|Earthquake|p2b: Garchomp|[spread] p2a,p2b
|-immune|p1a: Charizard
|-supereffective|p2a: Incineroar|1
|-enditem|p2a: Incineroar|Shuca Berry|[eat]
|-enditem|p2a: Incineroar|Shuca Berry|[weaken]
|-damage|p2a: Incineroar|3/100
|-damage|p2b: Garchomp|9/100
|-damage|p1b: Garchomp|90/100|[from] item: Life Orb
|move|p1a: Charizard|Solar Beam||[still]
|-prepare|p1a: Charizard|Solar Beam
|-anim|p1a: Charizard|Solar Beam|p2a: Incineroar
|-resisted|p2a: Incineroar|1
|-damage|p2a: Incineroar|0 fnt
|faint|p2a: Incineroar
|move|p2b: Garchomp|Rock Slide|p1b: Garchomp|[spread] p1a,p1b
|-supereffective|p1a: Charizard|2
|-resisted|p1b: Garchomp|1
|-damage|p1a: Charizard|0 fnt
|-damage|p1b: Garchomp|77/100
|faint|p1a: Charizard
|
|-weather|SunnyDay|[upkeep]
|upkeep
|
|t:|1783246572
|switch|p2a: Rotom|Rotom-Wash, L50|66/100
|turn|7
|
|t:|1783246584
|move|p1b: Garchomp|Rock Slide|p2b: Garchomp|[spread] p2a,p2b
|-resisted|p2b: Garchomp|1
|-damage|p2a: Rotom|47/100
|-damage|p2b: Garchomp|2/100
|-damage|p1b: Garchomp|67/100|[from] item: Life Orb
|move|p2b: Garchomp|Dragon Claw|p1b: Garchomp
|-supereffective|p1b: Garchomp|1
|-damage|p1b: Garchomp|0 fnt
|-damage|p2b: Garchomp|0 fnt|[from] ability: Rough Skin|[of] p1b: Garchomp
|faint|p1b: Garchomp
|faint|p2b: Garchomp
|
|win|icanttext
|inactive|manhho75 has 30 seconds to confirm battle start!
|inactive|icanttext has 30 seconds to confirm battle start!
