|j|☆dmac55
|j|☆breloomb01
|html|dmac55breloomb01    
|uhtml|bestof|Game 3 of a best-of-3
|t:|1785873467
|gametype|doubles
|player|p1|dmac55|2|1256
|player|p2|breloomb01|roughneck|1331
|gen|9
|tier|[Gen 9 Champions] VGC 2026 Reg M-B (Bo3)
|rated|
|rule|Species Clause: Limit one of each Pokémon
|rule|Item Clause: Limit 1 of each item
|clearpoke
|poke|p1|Vanilluxe, L50, M|
|poke|p1|Kingambit, L50, M|
|poke|p1|Raichu, L50, M|
|poke|p1|Basculegion, L50, M|
|poke|p1|Volcarona, L50, F|
|poke|p1|Garchomp, L50, F|
|poke|p2|Floette-Eternal, L50, F|
|poke|p2|Incineroar, L50, M|
|poke|p2|Sinistcha, L50|
|poke|p2|Garchomp, L50, M|
|poke|p2|Sneasler, L50, F|
|poke|p2|Rotom-Wash, L50|
|teampreview|4
|showteam|p1|Vanilluxe||NeverMeltIce|SnowWarning|Blizzard,FreezeDry,IceShard,Protect|Modest||M|||50|]Kingambit||BlackGlasses|Defiant|KowtowCleave,SuckerPunch,IronHead,Protect|Adamant||M|||50|]Raichu||RaichuniteY|LightningRod|FakeOut,ZapCannon,FocusBlast,Protect|Timid||M|||50|]Basculegion||ChoiceScarf|Adaptability|LastRespects,WaveCrash,AquaJet,FlipTurn|Jolly||M|||50|]Volcarona||SitrusBerry|FlameBody|Tailwind,RagePowder,HeatWave,AirSlash|Bold||F|||50|]Garchomp||LifeOrb|RoughSkin|DragonClaw,StompingTantrum,RockSlide,Protect|Jolly||F|||50|
|showteam|p2|Floette-Eternal||Floettite|FlowerVeil|DrainingKiss,DazzlingGleam,CalmMind,Protect|Modest||F|||50|]Incineroar||SitrusBerry|Intimidate|FakeOut,FlareBlitz,ThroatChop,PartingShot|Careful||M|||50|]Sinistcha||KasibBerry|Hospitality|Protect,RagePowder,MatchaGotcha,TrickRoom|Calm|||||50|]Garchomp||LifeOrb|RoughSkin|Earthquake,DragonClaw,RockSlide,Protect|Jolly||M|||50|]Sneasler||WhiteHerb|Unburden|FakeOut,DireClaw,CloseCombat,Protect|Jolly||F|||50|]Rotom-Wash||Leftovers|Levitate|HydroPump,Protect,WillOWisp,Electroweb|Bold|||||50|
|
|t:|1785873488
|teamsize|p1|4
|teamsize|p2|4
|start
|switch|p1a: Raichu|Raichu, L50, M|100/100
|switch|p1b: Vanilluxe|Vanilluxe, L50, M|100/100
|switch|p2a: Garchomp|Garchomp, L50, M|100/100
|switch|p2b: Rotom|Rotom-Wash, L50|100/100
|-weather|Snowscape|[from] ability: Snow Warning|[of] p1b: Vanilluxe
|turn|1
|
|t:|1785873516
|switch|p2b: Incineroar|Incineroar, L50, M|100/100
|-ability|p2b: Incineroar|Intimidate|boost
|-unboost|p1a: Raichu|atk|1
|-unboost|p1b: Vanilluxe|atk|1
|detailschange|p1a: Raichu|Raichu-Mega-Y, L50, M
|-mega|p1a: Raichu|Raichu|Raichunite Y
|move|p2a: Garchomp|Protect|p2a: Garchomp
|-singleturn|p2a: Garchomp|Protect
|move|p1a: Raichu|Fake Out|p2a: Garchomp
|-activate|p2a: Garchomp|move: Protect
|move|p1b: Vanilluxe|Blizzard|p2a: Garchomp|[spread] p2b
|-activate|p2a: Garchomp|move: Protect
|-resisted|p2b: Incineroar|1
|-damage|p2b: Incineroar|80/100
|
|-weather|Snowscape|[upkeep]
|upkeep
|turn|2
|
|t:|1785873560
|switch|p1a: Basculegion|Basculegion, L50, M|100/100
|switch|p2a: Rotom|Rotom-Wash, L50|100/100
|move|p2b: Incineroar|Fake Out|p1a: Basculegion
|-immune|p1a: Basculegion
|move|p1b: Vanilluxe|Blizzard|p2a: Rotom|[spread] p2a,p2b
|-resisted|p2a: Rotom|1
|-resisted|p2b: Incineroar|1
|-damage|p2a: Rotom|77/100
|-damage|p2b: Incineroar|61/100
|
|-weather|Snowscape|[upkeep]
|-heal|p2a: Rotom|83/100|[from] item: Leftovers
|upkeep
|turn|3
|
|t:|1785873600
|switch|p2b: Garchomp|Garchomp, L50, M|100/100
|move|p1a: Basculegion|Wave Crash|p2b: Garchomp
|-damage|p2b: Garchomp|16/100
|-damage|p1a: Basculegion|87/100|[from] ability: Rough Skin|[of] p2b: Garchomp
|-damage|p1a: Basculegion|62/100|[from] Recoil
|move|p2a: Rotom|Will-O-Wisp|p1a: Basculegion
|-status|p1a: Basculegion|brn
|move|p1b: Vanilluxe|Freeze-Dry|p2a: Rotom
|-supereffective|p2a: Rotom|1
|-damage|p2a: Rotom|0 fnt
|faint|p2a: Rotom
|
|-weather|Snowscape|[upkeep]
|-damage|p1a: Basculegion|56/100 brn|[from] brn
|upkeep
|
|t:|1785873614
|switch|p2a: Incineroar|Incineroar, L50, M|61/100
|-ability|p2a: Incineroar|Intimidate|boost
|-unboost|p1a: Basculegion|atk|1
|-unboost|p1b: Vanilluxe|atk|1
|turn|4
|
|t:|1785873631
|switch|p2b: Floette|Floette-Eternal, L50, F|100/100
|switch|p1b: Raichu|Raichu-Mega-Y, L50, M|100/100
|move|p1a: Basculegion|Wave Crash|p2b: Floette
|-damage|p2b: Floette|67/100
|-damage|p1a: Basculegion|47/100 brn|[from] Recoil
|move|p2a: Incineroar|Parting Shot|p1b: Raichu
|-unboost|p1b: Raichu|atk|1
|-unboost|p1b: Raichu|spa|1
|
|t:|1785873636
|switch|p2a: Garchomp|Garchomp, L50, M|16/100|[from] Parting Shot
|
|-weather|Snowscape|[upkeep]
|-damage|p1a: Basculegion|41/100 brn|[from] brn
|upkeep
|turn|5
|
|t:|1785873650
|switch|p2a: Incineroar|Incineroar, L50, M|61/100
|-ability|p2a: Incineroar|Intimidate|boost
|-unboost|p1a: Basculegion|atk|1
|-unboost|p1b: Raichu|atk|1
|detailschange|p2b: Floette|Floette-Mega, L50, F
|-mega|p2b: Floette|Floette|Floettite
|-ability|p2b: Floette|Fairy Aura
|move|p1b: Raichu|Fake Out|p2b: Floette
|-damage|p2b: Floette|62/100
|move|p1a: Basculegion|Wave Crash|p2a: Incineroar
|-supereffective|p2a: Incineroar|1
|-damage|p2a: Incineroar|26/100
|-enditem|p2a: Incineroar|Sitrus Berry|[eat]
|-heal|p2a: Incineroar|51/100|[from] item: Sitrus Berry
|-damage|p1a: Basculegion|30/100 brn|[from] Recoil
|cant|p2b: Floette|flinch
|
|-weather|none
|-damage|p1a: Basculegion|24/100 brn|[from] brn
|upkeep
|turn|6
|
|t:|1785873692
|switch|p1a: Kingambit|Kingambit, L50, M|100/100
|move|p1b: Raichu|Protect|p1b: Raichu
|-singleturn|p1b: Raichu|Protect
|move|p2a: Incineroar|Fake Out|p1b: Raichu
|-activate|p1b: Raichu|move: Protect
|move|p2b: Floette|Draining Kiss|p1a: Kingambit
|-damage|p1a: Kingambit|54/100
|-heal|p2b: Floette|100/100|[from] drain|[of] p1a: Kingambit
|
|upkeep
|turn|7
|
|t:|1785873710
|move|p1b: Raichu|Zap Cannon|p2b: Floette
|-damage|p2b: Floette|69/100
|-status|p2b: Floette|par
|move|p1a: Kingambit|Iron Head|p2b: Floette
|-supereffective|p2b: Floette|1
|-damage|p2b: Floette|0 fnt
|faint|p2b: Floette
|move|p2a: Incineroar|Flare Blitz|p1a: Kingambit
|-supereffective|p1a: Kingambit|1
|-damage|p1a: Kingambit|0 fnt
|faint|p1a: Kingambit
|-damage|p2a: Incineroar|34/100|[from] Recoil
|
|upkeep
|-message|breloomb01 forfeited.
|
|win|dmac55
|raw|dmac55's rating: 1256 → 1286(+30 for winning)
|raw|breloomb01's rating: 1331 → 1307(-24 for losing)
