|j|☆beeetch
|j|☆Sonja Hilmer
|html|beeetchSonja Hilmer    
|uhtml|bestof|Game 3 of a best-of-3
|t:|1756213745
|gametype|doubles
|player|p1|beeetch|beauty-gen4dp|1305
|player|p2|Sonja Hilmer|lady|1349
|gen|9
|tier|[Gen 9] VGC 2025 Reg H (Bo3)
|rated|
|rule|Species Clause: Limit one of each Pokémon
|rule|Item Clause: Limit 1 of each item
|clearpoke
|poke|p1|Toedscruel, L50, F|
|poke|p1|Weezing-Galar, L50, M|
|poke|p1|Corviknight, L50, F|
|poke|p1|Pawmot, L50, F|
|poke|p1|Garchomp, L50, F|
|poke|p1|Typhlosion-Hisui, L50, F|
|poke|p2|Dachsbun, L50, M|
|poke|p2|Typhlosion-Hisui, L50, F|
|poke|p2|Kingambit, L50, M|
|poke|p2|Jumpluff, L50, M|
|poke|p2|Rillaboom, L50, M|
|poke|p2|Torkoal, L50, M|
|teampreview|4
|showteam|p1|Toedscruel||CovertCloak|MyceliumMight|Spore,EarthPower,AcidSpray,RagePowder|||F|||50|,,,,,Water]Weezing-Galar||ChoiceSpecs|NeutralizingGas|DazzlingGleam,SludgeBomb,StrangeSteam,Flamethrower|||M|||50|,,,,,Flying]Corviknight||SitrusBerry|MirrorArmor|Protect,Tailwind,Roost,BraveBird|||F|||50|,,,,,Dragon]Pawmot||FocusSash|NaturalCure|Protect,CloseCombat,DoubleShock,FakeOut|||F|||50|,,,,,Electric]Garchomp||LifeOrb|RoughSkin|Protect,Earthquake,DragonClaw,StompingTantrum|||F|||50|,,,,,Ground]Typhlosion-Hisui||ChoiceScarf|Blaze|Eruption,SleepTalk,HeatWave,ShadowBall|||F|||50|,,,,,Fire
|showteam|p2|Dachsbun||Leftovers|WellBakedBody|BodyPress,Snarl,HelpingHand,Protect|||M|||50|,,,,,Steel]Typhlosion-Hisui||ChoiceSpecs|Blaze|Eruption,LavaPlume,Overheat,ShadowBall|||F|||50|,,,,,Fire]Kingambit||SafetyGoggles|Defiant|Protect,KowtowCleave,SuckerPunch,SwordsDance|||M|||50|,,,,,Dark]Jumpluff||CovertCloak|Chlorophyll|SleepPowder,SunnyDay,RagePowder,Tailwind|||M|||50|,,,,,Water]Rillaboom||AssaultVest|GrassySurge|WoodHammer,GrassyGlide,FakeOut,HighHorsepower|||M|||50|,,,,,Water]Torkoal||SitrusBerry|Drought|HeatWave,LavaPlume,ClearSmog,Protect|||M|||50|,,,,,Fairy
|inactive|Battle timer is ON: inactive players will automatically lose when time's up. (requested by Sonja Hilmer)
|
|t:|1756213774
|teamsize|p1|4
|teamsize|p2|4
|start
|switch|p1a: Weezing|Weezing-Galar, L50, M|100/100
|switch|p1b: Typhlosion|Typhlosion-Hisui, L50, F|100/100
|switch|p2a: Typhlosion|Typhlosion-Hisui, L50, F|100/100
|switch|p2b: Rillaboom|Rillaboom, L50, M|100/100
|-ability|p1a: Weezing|Neutralizing Gas
|turn|1
|inactive|beeetch has 30 seconds left.
|
|t:|1756213806
|-terastallize|p2a: Typhlosion|Fire
|-terastallize|p1a: Weezing|Flying
|move|p1b: Typhlosion|Shadow Ball|p2a: Typhlosion
|-damage|p2a: Typhlosion|38/100
|-unboost|p2a: Typhlosion|spd|1
|move|p2a: Typhlosion|Eruption|p1a: Weezing|[spread] p1a,p1b
|-resisted|p1b: Typhlosion
|-damage|p1a: Weezing|42/100
|-damage|p1b: Typhlosion|72/100
|move|p2b: Rillaboom|High Horsepower|p1b: Typhlosion
|-supereffective|p1b: Typhlosion
|-damage|p1b: Typhlosion|0 fnt
|faint|p1b: Typhlosion
|move|p1a: Weezing|Flamethrower|p2b: Rillaboom
|-supereffective|p2b: Rillaboom
|-damage|p2b: Rillaboom|50/100
|
|upkeep
|
|t:|1756213819
|switch|p1b: Garchomp|Garchomp, L50, F|100/100
|turn|2
|inactive|Sonja Hilmer has 30 seconds left.
|
|t:|1756213852
|switch|p2a: Dachsbun|Dachsbun, L50, M|100/100
|move|p1b: Garchomp|Earthquake|p2a: Dachsbun|[spread] p2a,p2b
|-immune|p1a: Weezing
|-resisted|p2b: Rillaboom
|-damage|p2a: Dachsbun|66/100
|-damage|p2b: Rillaboom|26/100
|-damage|p1b: Garchomp|91/100|[from] item: Life Orb
|move|p2b: Rillaboom|Wood Hammer|p1b: Garchomp
|-damage|p1b: Garchomp|30/100
|-damage|p2b: Rillaboom|8/100|[from] Recoil
|move|p1a: Weezing|Flamethrower|p2b: Rillaboom
|-supereffective|p2b: Rillaboom
|-damage|p2b: Rillaboom|0 fnt
|faint|p2b: Rillaboom
|
|-heal|p2a: Dachsbun|72/100|[from] item: Leftovers
|upkeep
|
|t:|1756213866
|switch|p2b: Kingambit|Kingambit, L50, M|100/100
|turn|3
|
|t:|1756213882
|move|p2b: Kingambit|Sucker Punch|p1a: Weezing
|-damage|p1a: Weezing|1/100
|move|p1b: Garchomp|Earthquake|p2a: Dachsbun|[spread] p2a,p2b
|-immune|p1a: Weezing
|-supereffective|p2b: Kingambit
|-damage|p2a: Dachsbun|37/100
|-damage|p2b: Kingambit|23/100
|-damage|p1b: Garchomp|21/100|[from] item: Life Orb
|move|p2a: Dachsbun|Body Press|p1a: Weezing
|-resisted|p1a: Weezing
|-damage|p1a: Weezing|0 fnt
|faint|p1a: Weezing
|-end|p1a: Weezing|ability: Neutralizing Gas
|
|-heal|p2a: Dachsbun|43/100|[from] item: Leftovers
|upkeep
|
|t:|1756213892
|switch|p1a: Corviknight|Corviknight, L50, F|100/100
|turn|4
|
|t:|1756213902
|move|p1b: Garchomp|Protect|p1b: Garchomp
|-singleturn|p1b: Garchomp|Protect
|move|p2a: Dachsbun|Protect|p2a: Dachsbun
|-singleturn|p2a: Dachsbun|Protect
|move|p2b: Kingambit|Protect|p2b: Kingambit
|-singleturn|p2b: Kingambit|Protect
|move|p1a: Corviknight|Brave Bird|p2b: Kingambit
|-activate|p2b: Kingambit|move: Protect
|
|-heal|p2a: Dachsbun|49/100|[from] item: Leftovers
|upkeep
|turn|5
|
|t:|1756213913
|move|p1b: Garchomp|Protect||[still]
|-fail|p1b: Garchomp
|move|p2b: Kingambit|Sucker Punch||[still]
|-fail|p2b: Kingambit
|move|p2a: Dachsbun|Body Press|p1b: Garchomp
|-damage|p1b: Garchomp|0 fnt
|-damage|p2a: Dachsbun|37/100|[from] ability: Rough Skin|[of] p1b: Garchomp
|faint|p1b: Garchomp
|move|p1a: Corviknight|Brave Bird|p2b: Kingambit
|-resisted|p2b: Kingambit
|-damage|p2b: Kingambit|4/100
|-damage|p1a: Corviknight|95/100|[from] Recoil
|
|-heal|p2a: Dachsbun|43/100|[from] item: Leftovers
|upkeep
|turn|6
|
|t:|1756213927
|move|p2a: Dachsbun|Body Press|p1a: Corviknight
|-damage|p1a: Corviknight|74/100
|move|p1a: Corviknight|Brave Bird|p2a: Dachsbun
|-crit|p2a: Dachsbun
|-damage|p2a: Dachsbun|0 fnt
|faint|p2a: Dachsbun
|-damage|p1a: Corviknight|62/100|[from] Recoil
|move|p2b: Kingambit|Swords Dance|p2b: Kingambit
|-boost|p2b: Kingambit|atk|2
|
|upkeep
|
|t:|1756213933
|switch|p2a: Typhlosion|Typhlosion-Hisui, L50, F, tera:Fire|38/100
|turn|7
|
|t:|1756213943
|move|p2b: Kingambit|Protect|p2b: Kingambit
|-singleturn|p2b: Kingambit|Protect
|move|p2a: Typhlosion|Lava Plume|p1a: Corviknight|[spread] p1a
|-activate|p2b: Kingambit|move: Protect
|-supereffective|p1a: Corviknight
|-crit|p1a: Corviknight
|-damage|p1a: Corviknight|0 fnt
|faint|p1a: Corviknight
|
|win|Sonja Hilmer
|raw|beeetch's rating: 1305 → 1288(-17 for losing)
|raw|Sonja Hilmer's rating: 1349 → 1366(+17 for winning)
|l|☆Sonja Hilmer
|player|p2|
