|j|☆zephnix
|j|☆cuquabu
|html|zephnixcuquabu    
|uhtml|bestof|Game 1 of a best-of-3
|t:|1784899994
|gametype|doubles
|player|p1|zephnix|lucas-gen4pt|
|player|p2|cuquabu|lucas|
|gen|9
|tier|[Gen 9 Champions] VGC 2026 Reg M-B (Bo3)
|rule|Species Clause: Limit one of each Pokémon
|rule|Item Clause: Limit 1 of each item
|clearpoke
|poke|p1|Gallade, L50, M, shiny|
|poke|p1|Maushold-Four, L50|
|poke|p1|Basculegion, L50, M|
|poke|p1|Archaludon, L50, M|
|poke|p1|Pelipper, L50, M|
|poke|p1|Sinistcha, L50|
|poke|p2|Sneasler, L50, M, shiny|
|poke|p2|Blastoise, L50, M, shiny|
|poke|p2|Kingambit, L50, M, shiny|
|poke|p2|Incineroar, L50, M, shiny|
|poke|p2|Delphox, L50, F, shiny|
|poke|p2|Sinistcha, L50, shiny|
|teampreview|4
|showteam|p1|Gallade||Galladite|Justified|ShadowSneak,StoneEdge,Protect,DrainPunch|Jolly||M|||50|]Maushold-Four||Leftovers|FriendGuard|FollowMe,SuperFang,Protect,BeatUp|Timid|||||50|]Basculegion||MysticWater|SwiftSwim|AquaJet,WaveCrash,Protect,LastRespects|Serious||M|||50|]Archaludon||DragonFang|Sturdy|FlashCannon,DracoMeteor,Protect,ElectroShot|Serious||M|||50|]Pelipper||FocusSash|Drizzle|Hurricane,WeatherBall,Protect,Tailwind|Serious||M|||50|]Sinistcha||SitrusBerry|Hospitality|MatchaGotcha,RagePowder,ShadowBall,LifeDew|Serious|||||50|
|showteam|p2|Sneasler||FocusSash|PoisonTouch|PoisonJab,CloseCombat,FakeOut,QuickGuard|Jolly||M|||50|]Blastoise||Blastoisinite|RainDish|DarkPulse,WaterSpout,ShellSmash,Protect|Modest||M|||50|]Kingambit||BlackGlasses|Defiant|KowtowCleave,SuckerPunch,SwordsDance,Protect|Adamant||M|||50|]Incineroar||SitrusBerry|Intimidate|FlareBlitz,HelpingHand,PartingShot,FakeOut|Careful||M|||50|]Delphox||Delphoxite|Blaze|HeatWave,NastyPlot,Psyshock,Protect|Modest||F|||50|]Sinistcha||KasibBerry|Hospitality|MatchaGotcha,RagePowder,TrickRoom,Protect|Bold|||||50|
|inactive|Battle timer is ON: inactive players will automatically lose when time's up. (requested by cuquabu)
|inactive|zephnix has 60 seconds left.
|inactive|cuquabu has 60 seconds left.
|
|t:|1784900041
|teamsize|p1|4
|teamsize|p2|4
|start
|switch|p1a: Basculegion|Basculegion, L50, M|100/100
|switch|p1b: Sinistcha|Sinistcha, L50|100/100
|switch|p2a: Blastoise|Blastoise, L50, M, shiny|100/100
|switch|p2b: Incineroar|Incineroar, L50, M, shiny|100/100
|-ability|p2b: Incineroar|Intimidate|boost
|-unboost|p1a: Basculegion|atk|1
|-unboost|p1b: Sinistcha|atk|1
|turn|1
|inactive|cuquabu has 30 seconds left.
|
|t:|1784900067
|switch|p2b: Sinistcha|Sinistcha, L50, shiny|100/100
|switch|p1b: Pelipper|Pelipper, L50, M|100/100
|-weather|RainDance|[from] ability: Drizzle|[of] p1b: Pelipper
|move|p2a: Blastoise|Protect|p2a: Blastoise
|-singleturn|p2a: Blastoise|Protect
|move|p1a: Basculegion|Wave Crash|p2b: Sinistcha
|-resisted|p2b: Sinistcha|1
|-damage|p2b: Sinistcha|72/100
|-damage|p1a: Basculegion|92/100|[from] Recoil
|
|-weather|RainDance|[upkeep]
|upkeep
|turn|2
|
|t:|1784900086
|switch|p1a: Sinistcha|Sinistcha, L50|100/100
|move|p2b: Sinistcha|Rage Powder|p2b: Sinistcha
|-singleturn|p2b: Sinistcha|move: Rage Powder
|move|p2a: Blastoise|Shell Smash|p2a: Blastoise
|-unboost|p2a: Blastoise|def|1
|-unboost|p2a: Blastoise|spd|1
|-boost|p2a: Blastoise|atk|2
|-boost|p2a: Blastoise|spa|2
|-boost|p2a: Blastoise|spe|2
|move|p1b: Pelipper|Hurricane|p2b: Sinistcha
|-supereffective|p2b: Sinistcha|1
|-damage|p2b: Sinistcha|0 fnt
|faint|p2b: Sinistcha
|
|-weather|RainDance|[upkeep]
|upkeep
|
|t:|1784900102
|switch|p2b: Sneasler|Sneasler, L50, M, shiny|100/100
|turn|3
|
|t:|1784900118
|move|p1b: Pelipper|Protect|p1b: Pelipper
|-singleturn|p1b: Pelipper|Protect
|move|p2b: Sneasler|Fake Out|p1b: Pelipper
|-activate|p1b: Pelipper|move: Protect
|move|p2a: Blastoise|Dark Pulse|p1a: Sinistcha
|-supereffective|p1a: Sinistcha|1
|-damage|p1a: Sinistcha|0 fnt
|faint|p1a: Sinistcha
|
|-weather|RainDance|[upkeep]
|upkeep
|
|t:|1784900132
|switch|p1a: Archaludon|Archaludon, L50, M|100/100
|turn|4
|inactive|cuquabu has 30 seconds left.
|
|t:|1784900167
|detailschange|p2a: Blastoise|Blastoise-Mega, L50, M, shiny
|-mega|p2a: Blastoise|Blastoise|Blastoisinite
|move|p2a: Blastoise|Water Spout|p1b: Pelipper|[spread] p1a,p1b
|-resisted|p1a: Archaludon|1
|-resisted|p1b: Pelipper|1
|-ability|p1a: Archaludon|Sturdy
|-damage|p1a: Archaludon|1/100
|-enditem|p1b: Pelipper|Focus Sash
|-damage|p1b: Pelipper|1/100
|move|p2b: Sneasler|Poison Jab|p1b: Pelipper
|-damage|p1b: Pelipper|0 fnt
|faint|p1b: Pelipper
|move|p1a: Archaludon|Electro Shot||[still]
|-prepare|p1a: Archaludon|Electro Shot
|-boost|p1a: Archaludon|spa|1
|-anim|p1a: Archaludon|Electro Shot|p2a: Blastoise
|-supereffective|p2a: Blastoise|1
|-damage|p2a: Blastoise|0 fnt
|faint|p2a: Blastoise
|
|-weather|RainDance|[upkeep]
|upkeep
|
|t:|1784900187
|switch|p2a: Incineroar|Incineroar, L50, M, shiny|100/100
|switch|p1b: Basculegion|Basculegion, L50, M|92/100
|-ability|p2a: Incineroar|Intimidate|boost
|-unboost|p1a: Archaludon|atk|1
|-unboost|p1b: Basculegion|atk|1
|turn|5
|
|t:|1784900198
|move|p1a: Archaludon|Protect|p1a: Archaludon
|-singleturn|p1a: Archaludon|Protect
|move|p2a: Incineroar|Fake Out|p1a: Archaludon
|-activate|p1a: Archaludon|move: Protect
|move|p1b: Basculegion|Wave Crash|p2a: Incineroar
|-supereffective|p2a: Incineroar|1
|-damage|p2a: Incineroar|0 fnt
|faint|p2a: Incineroar
|-damage|p1b: Basculegion|59/100|[from] Recoil
|move|p2b: Sneasler|Poison Jab|p1b: Basculegion
|-resisted|p1b: Basculegion|1
|-damage|p1b: Basculegion|37/100
|
|-weather|none
|upkeep
|turn|6
|
|t:|1784900217
|move|p2b: Sneasler|Close Combat|p1a: Archaludon
|-supereffective|p1a: Archaludon|1
|-damage|p1a: Archaludon|0 fnt
|-unboost|p2b: Sneasler|def|1
|-unboost|p2b: Sneasler|spd|1
|faint|p1a: Archaludon
|move|p1b: Basculegion|Wave Crash|p2b: Sneasler
|-enditem|p2b: Sneasler|Focus Sash
|-damage|p2b: Sneasler|1/100
|-damage|p1b: Basculegion|12/100|[from] Recoil
|
|upkeep
|turn|7
|
|t:|1784900229
|move|p2b: Sneasler|Quick Guard|p2b: Sneasler
|-singleturn|p2b: Sneasler|Quick Guard
|move|p1b: Basculegion|Aqua Jet|p2b: Sneasler
|-activate|p2b: Sneasler|move: Quick Guard
|
|upkeep
|turn|8
|
|t:|1784900236
|move|p2b: Sneasler|Quick Guard|p2b: Sneasler
|-singleturn|p2b: Sneasler|Quick Guard
|move|p1b: Basculegion|Aqua Jet|p2b: Sneasler
|-activate|p2b: Sneasler|move: Quick Guard
|
|upkeep
|turn|9
|
|t:|1784900243
|move|p2b: Sneasler|Quick Guard|p2b: Sneasler
|-singleturn|p2b: Sneasler|Quick Guard
|move|p1b: Basculegion|Aqua Jet|p2b: Sneasler
|-activate|p2b: Sneasler|move: Quick Guard
|
|upkeep
|turn|10
|c|☆zephnix|I can do this all day
|
|t:|1784900251
|move|p2b: Sneasler|Quick Guard|p2b: Sneasler
|-singleturn|p2b: Sneasler|Quick Guard
|move|p1b: Basculegion|Aqua Jet|p2b: Sneasler
|-activate|p2b: Sneasler|move: Quick Guard
|
|upkeep
|turn|11
|c|☆cuquabu|nice cap
|
|t:|1784900260
|move|p1b: Basculegion|Aqua Jet|p2b: Sneasler
|-damage|p2b: Sneasler|0 fnt
|faint|p2b: Sneasler
|
|win|zephnix
||cuquabu is ready for game 2.
||zephnix is ready for game 2.
|uhtml|next|Next: Game 2 of 3
|l|☆cuquabu
|player|p2|
