|j|☆n3ogotmyback
|j|☆katydidnt
|html|n3ogotmybackkatydidnt    
|uhtml|bestof|Game 2 of a best-of-3
|t:|1782249603
|gametype|doubles
|player|p1|n3ogotmyback|brycenman|
|player|p2|katydidnt|170|
|gen|9
|tier|[Gen 9 Champions] VGC 2026 Reg M-B (Bo3)
|rule|Species Clause: Limit one of each Pokémon
|rule|Item Clause: Limit 1 of each item
|clearpoke
|poke|p1|Swampert, L50, M|
|poke|p1|Raichu, L50, M|
|poke|p1|Pelipper, L50, F|
|poke|p1|Basculegion, L50, M|
|poke|p1|Garchomp, L50, F|
|poke|p1|Metagross, L50|
|poke|p2|Staraptor, L50, M|
|poke|p2|Incineroar, L50, M|
|poke|p2|Dragalge, L50, M|
|poke|p2|Hydreigon, L50, M|
|poke|p2|Sinistcha, L50|
|poke|p2|Kingambit, L50, F|
|teampreview|4
|showteam|p1|Swampert||Swampertite|Torrent|WaveCrash,HighHorsepower,IcePunch,Protect|Adamant||M|||50|]Raichu||FocusSash|LightningRod|Discharge,VoltSwitch,FakeOut,FocusBlast|Timid||M|||50|]Pelipper||SitrusBerry|Drizzle|Hurricane,Tailwind,WeatherBall,Protect|Bold||F|||50|]Basculegion||ChoiceScarf|Adaptability|WaveCrash,FlipTurn,LastRespects,AquaJet|Jolly||M|||50|]Garchomp||LifeOrb|RoughSkin|DragonClaw,Earthquake,RockSlide,Protect|Adamant||F|||50|]Metagross||Metagrossite|ClearBody|Protect,MeteorMash,PsychicFangs,IcePunch|Jolly|||||50|
|showteam|p2|Staraptor||Staraptite|Intimidate|CloseCombat,BraveBird,Roost,Protect|Jolly||M|||50|]Incineroar||SitrusBerry|Intimidate|FakeOut,PartingShot,FlareBlitz,ThroatChop|Careful||M|||50|]Dragalge||Dragalgite|Adaptability|DracoMeteor,SludgeBomb,Toxic,Protect|Calm||M|||50|]Hydreigon||ChoiceScarf|Levitate|DracoMeteor,Snarl,DarkPulse,EarthPower|Modest||M|||50|]Sinistcha||KasibBerry|Hospitality|MatchaGotcha,RagePowder,LifeDew,TrickRoom|Calm|||||50|]Kingambit||ChopleBerry|Defiant|KowtowCleave,SuckerPunch,LowKick,Protect|Adamant||F|||50|
|
|t:|1782249646
|teamsize|p1|4
|teamsize|p2|4
|start
|switch|p1a: Pelipper|Pelipper, L50, F|100/100
|switch|p1b: Swampert|Swampert, L50, M|100/100
|switch|p2a: Hydreigon|Hydreigon, L50, M|100/100
|switch|p2b: Sinistcha|Sinistcha, L50|100/100
|-weather|RainDance|[from] ability: Drizzle|[of] p1a: Pelipper
|turn|1
|
|t:|1782249665
|detailschange|p1b: Swampert|Swampert-Mega, L50, M
|-mega|p1b: Swampert|Swampert|Swampertite
|move|p2a: Hydreigon|Snarl|p1a: Pelipper|[spread] p1a,p1b
|-damage|p1a: Pelipper|68/100
|-damage|p1b: Swampert|79/100
|-unboost|p1a: Pelipper|spa|1
|-unboost|p1b: Swampert|spa|1
|move|p1b: Swampert|Ice Punch|p2a: Hydreigon
|-supereffective|p2a: Hydreigon|1
|-damage|p2a: Hydreigon|21/100
|move|p2b: Sinistcha|Matcha Gotcha|p1a: Pelipper|[spread] p1b
|-miss|p2b: Sinistcha|p1a: Pelipper
|-supereffective|p1b: Swampert|2
|-damage|p1b: Swampert|0 fnt
|faint|p1b: Swampert
|move|p1a: Pelipper|Hurricane|p2b: Sinistcha
|-supereffective|p2b: Sinistcha|1
|-damage|p2b: Sinistcha|51/100
|
|-weather|RainDance|[upkeep]
|upkeep
|
|t:|1782249681
|switch|p1b: Basculegion|Basculegion, L50, M|100/100
|turn|2
|
|t:|1782249693
|switch|p2a: Incineroar|Incineroar, L50, M|100/100
|-ability|p2a: Incineroar|Intimidate|boost
|-unboost|p1a: Pelipper|atk|1
|-unboost|p1b: Basculegion|atk|1
|move|p1b: Basculegion|Last Respects|p2b: Sinistcha
|-supereffective|p2b: Sinistcha|1
|-enditem|p2b: Sinistcha|Kasib Berry|[eat]
|-enditem|p2b: Sinistcha|Kasib Berry|[weaken]
|-damage|p2b: Sinistcha|16/100
|move|p2b: Sinistcha|Matcha Gotcha|p1b: Basculegion|[spread] p1a,p1b
|-supereffective|p1b: Basculegion|1
|-damage|p1a: Pelipper|35/100
|-heal|p2b: Sinistcha|32/100|[from] drain|[of] p1a: Pelipper
|-damage|p1b: Basculegion|44/100
|-heal|p2b: Sinistcha|63/100|[from] drain|[of] p1b: Basculegion
|-enditem|p1a: Pelipper|Sitrus Berry|[eat]
|-heal|p1a: Pelipper|60/100|[from] item: Sitrus Berry
|move|p1a: Pelipper|Weather Ball|p2a: Incineroar
|-supereffective|p2a: Incineroar|1
|-damage|p2a: Incineroar|51/100
|
|-weather|RainDance|[upkeep]
|upkeep
|turn|3
|
|t:|1782249722
|move|p1a: Pelipper|Protect|p1a: Pelipper
|-singleturn|p1a: Pelipper|Protect
|move|p2a: Incineroar|Fake Out|p1a: Pelipper
|-activate|p1a: Pelipper|move: Protect
|move|p1b: Basculegion|Last Respects|p2b: Sinistcha
|-supereffective|p2b: Sinistcha|1
|-damage|p2b: Sinistcha|0 fnt
|faint|p2b: Sinistcha
|
|-weather|RainDance|[upkeep]
|upkeep
|
|t:|1782249732
|switch|p2b: Hydreigon|Hydreigon, L50, M|21/100
|turn|4
|
|t:|1782249758
|switch|p1b: Garchomp|Garchomp, L50, F|100/100
|move|p2b: Hydreigon|Snarl|p1b: Garchomp|[spread] p1a,p1b
|-damage|p1a: Pelipper|26/100
|-damage|p1b: Garchomp|78/100
|-unboost|p1a: Pelipper|spa|1
|-unboost|p1b: Garchomp|spa|1
|move|p1a: Pelipper|Hurricane|p2b: Hydreigon
|-damage|p2b: Hydreigon|0 fnt
|faint|p2b: Hydreigon
|move|p2a: Incineroar|Parting Shot|p1a: Pelipper
|-unboost|p1a: Pelipper|atk|1
|-unboost|p1a: Pelipper|spa|1
|
|t:|1782249771
|switch|p2a: Staraptor|Staraptor, L50, M|100/100|[from] Parting Shot
|-ability|p2a: Staraptor|Intimidate|boost
|-unboost|p1a: Pelipper|atk|1
|-unboost|p1b: Garchomp|atk|1
|
|-weather|RainDance|[upkeep]
|upkeep
|
|t:|1782249777
|switch|p2b: Incineroar|Incineroar, L50, M|51/100
|-ability|p2b: Incineroar|Intimidate|boost
|-unboost|p1a: Pelipper|atk|1
|-unboost|p1b: Garchomp|atk|1
|turn|5
|
|t:|1782249796
|detailschange|p2a: Staraptor|Staraptor-Mega, L50, M
|-mega|p2a: Staraptor|Staraptor|Staraptite
|move|p1b: Garchomp|Protect|p1b: Garchomp
|-singleturn|p1b: Garchomp|Protect
|move|p2a: Staraptor|Close Combat|p1b: Garchomp
|-activate|p1b: Garchomp|move: Protect
|move|p1a: Pelipper|Tailwind|p1a: Pelipper
|-sidestart|p1: n3ogotmyback|move: Tailwind
|move|p2b: Incineroar|Throat Chop|p1a: Pelipper
|-damage|p1a: Pelipper|4/100
|-start|p1a: Pelipper|Throat Chop|[silent]
|
|-weather|none
|upkeep
|turn|6
|
|t:|1782249824
|switch|p1b: Basculegion|Basculegion, L50, M|44/100
|move|p2a: Staraptor|Close Combat|p1a: Pelipper
|-resisted|p1a: Pelipper|1
|-damage|p1a: Pelipper|0 fnt
|-boost|p2a: Staraptor|def|1
|-boost|p2a: Staraptor|spd|1
|faint|p1a: Pelipper
|move|p2b: Incineroar|Throat Chop|p1b: Basculegion
|-supereffective|p1b: Basculegion|1
|-damage|p1b: Basculegion|0 fnt
|faint|p1b: Basculegion
|
|upkeep
|
|t:|1782249830
|switch|p1b: Garchomp|Garchomp, L50, F|78/100
|turn|7
|
|t:|1782249844
|move|p2a: Staraptor|Protect|p2a: Staraptor
|-singleturn|p2a: Staraptor|Protect
|move|p1b: Garchomp|Rock Slide|p2b: Incineroar|[spread] p2b
|-activate|p2a: Staraptor|move: Protect
|-supereffective|p2b: Incineroar|1
|-damage|p2b: Incineroar|3/100
|-enditem|p2b: Incineroar|Sitrus Berry|[eat]
|-heal|p2b: Incineroar|28/100|[from] item: Sitrus Berry
|-damage|p1b: Garchomp|68/100|[from] item: Life Orb
|move|p2b: Incineroar|Parting Shot|p1b: Garchomp
|-unboost|p1b: Garchomp|atk|1
|-unboost|p1b: Garchomp|spa|1
|
|upkeep
|turn|8
|
|t:|1782249861
|move|p1b: Garchomp|Rock Slide|p2a: Staraptor|[spread] p2a,p2b
|-supereffective|p2b: Incineroar|1
|-damage|p2a: Staraptor|88/100
|-damage|p2b: Incineroar|0 fnt
|faint|p2b: Incineroar
|-damage|p1b: Garchomp|59/100|[from] item: Life Orb
|cant|p2a: Staraptor|flinch
|
|-sideend|p1: n3ogotmyback|move: Tailwind
|upkeep
|turn|9
|
|t:|1782249871
|move|p2a: Staraptor|Close Combat|p1b: Garchomp
|-crit|p1b: Garchomp
|-damage|p1b: Garchomp|0 fnt
|-boost|p2a: Staraptor|def|1
|-boost|p2a: Staraptor|spd|1
|-damage|p2a: Staraptor|76/100|[from] ability: Rough Skin|[of] p1b: Garchomp
|faint|p1b: Garchomp
|
|win|katydidnt
|c|☆n3ogotmyback|ggs
|c|☆katydidnt|ggs
|c|☆katydidnt|i was really surprised in g1 that you let me have the trick room for free
|c|☆katydidnt|fake out gambit + ice punch sinistcha gets you some damage at least
|c|☆n3ogotmyback|I mean I had no way to stop you getting it
|c|☆n3ogotmyback|I dont think
|c|☆katydidnt|i think i still got it but would've been less healthy!
|c|☆n3ogotmyback|thats true
|c|☆katydidnt|g2 i think we were both surprised sinistcha was faster than pelipper
|c|☆katydidnt|i forget if it has any speed investment?
|c|☆n3ogotmyback|my team lacks a lot of sinistcha answers but maybe i need to be more diverse in being able to bring pelli when im not bringing swampert
|c|☆n3ogotmyback|It didnt
|c|☆n3ogotmyback|have any speed
|c|☆n3ogotmyback|its a bulky set cos i have sash raichu
