|j|☆BlackStag52
|j|☆JLitty
|html|BlackStag52JLitty    
|uhtml|bestof|Game 2 of a best-of-3
|t:|1756174730
|gametype|doubles
|player|p1|BlackStag52|beauty|1075
|player|p2|JLitty|102|1178
|gen|9
|tier|[Gen 9] VGC 2025 Reg H (Bo3)
|rated|
|rule|Species Clause: Limit one of each Pokémon
|rule|Item Clause: Limit 1 of each item
|clearpoke
|poke|p1|Kingambit, L50, F|
|poke|p1|Gallade, L50, M|
|poke|p1|Indeedee-F, L50, F|
|poke|p1|Rampardos, L50, M|
|poke|p1|Amoonguss, L50, F|
|poke|p1|Incineroar, L50, F|
|poke|p2|Sneasler, L50, M|
|poke|p2|Indeedee, L50, M|
|poke|p2|Volcarona, L50, F|
|poke|p2|Ursaluna-Bloodmoon, L50, M|
|poke|p2|Annihilape, L50, F|
|poke|p2|Tyranitar, L50, F|
|teampreview|4
|showteam|p1|Kingambit||BlackGlasses|Defiant|KowtowCleave,IronHead,Protect,PoisonJab|||F|||50|,,,,,Psychic]Gallade||ClearAmulet|Sharpness|SacredSword,TrickRoom,PsychoCut,WideGuard|||M|||50|,,,,,Dark]Indeedee-F||PsychicSeed|PsychicSurge|TrickRoom,FollowMe,HelpingHand,HyperVoice|||F|||50|,,,,,Fairy]Rampardos||LifeOrb|SheerForce|RockSlide,HammerArm,Protect,BreakingSwipe|||M|||50|,,,,,Dragon]Amoonguss||Leftovers|Regenerator|Spore,RagePowder,SludgeBomb,PollenPuff|||F|||50|,,,,,Dark]Incineroar||SafetyGoggles|Intimidate|FakeOut,PartingShot,KnockOff,FlareBlitz|||F|||50|,,,,,Ghost
|showteam|p2|Sneasler||PsychicSeed|Unburden|CloseCombat,DireClaw,ThroatChop,Protect|||M|||50|,,,,,Dark]Indeedee||ChoiceScarf|PsychicSurge|ExpandingForce,TeraBlast,Trick,Protect|||M|||50|,,,,,Psychic]Volcarona||SitrusBerry|FlameBody|Overheat,StruggleBug,RagePowder,Tailwind|||F|||50|,,,,,Grass]Ursaluna-Bloodmoon||LifeOrb|MindsEye|BloodMoon,HyperVoice,EarthPower,Protect|||M|||50|,,,,,Normal]Annihilape||SafetyGoggles|Defiant|CloseCombat,RageFist,Taunt,FinalGambit|||F|||50|,,,,,Fairy]Tyranitar||AssaultVest|SandStream|RockSlide,KnockOff,TeraBlast,LowKick|||F|||50|,,,,,Flying
|inactive|Battle timer is ON: inactive players will automatically lose when time's up. (requested by JLitty)
|
|t:|1756174743
|teamsize|p1|4
|teamsize|p2|4
|start
|switch|p1a: Gallade|Gallade, L50, M|100/100
|switch|p1b: Indeedee|Indeedee-F, L50, F|100/100
|switch|p2a: Annihilape|Annihilape, L50, F|100/100
|switch|p2b: Indeedee|Indeedee, L50, M|100/100
|-fieldstart|move: Psychic Terrain|[from] ability: Psychic Surge|[of] p2b: Indeedee
|-enditem|p1b: Indeedee|Psychic Seed
|-boost|p1b: Indeedee|spd|1|[from] item: Psychic Seed
|turn|1
|inactive|JLitty has 30 seconds left.
|
|t:|1756174775
|move|p1a: Gallade|Wide Guard|p1a: Gallade
|-singleturn|p1a: Gallade|Wide Guard
|move|p2b: Indeedee|Expanding Force|p1a: Gallade|[spread] 
|-activate|p1a: Gallade|move: Wide Guard
|-activate|p1b: Indeedee|move: Wide Guard
|move|p2a: Annihilape|Close Combat|p1a: Gallade
|-resisted|p1a: Gallade
|-damage|p1a: Gallade|68/100
|-unboost|p2a: Annihilape|def|1
|-unboost|p2a: Annihilape|spd|1
|move|p1b: Indeedee|Trick Room|p1b: Indeedee
|-fieldstart|move: Trick Room|[of] p1b: Indeedee
|
|upkeep
|turn|2
|inactive|BlackStag52 has 30 seconds left.
|inactive|JLitty has 30 seconds left.
|
|t:|1756174802
|switch|p1b: Kingambit|Kingambit, L50, F|100/100
|-terastallize|p2a: Annihilape|Fairy
|move|p1a: Gallade|Wide Guard|p1a: Gallade
|-singleturn|p1a: Gallade|Wide Guard
|move|p2a: Annihilape|Taunt|p1a: Gallade
|-start|p1a: Gallade|move: Taunt
|move|p2b: Indeedee|Expanding Force|p1b: Kingambit|[spread] 
|-activate|p1a: Gallade|move: Wide Guard
|-activate|p1b: Kingambit|move: Wide Guard
|
|upkeep
|turn|3
|inactive|BlackStag52 has 30 seconds left.
|inactive|JLitty has 30 seconds left.
|
|t:|1756174828
|switch|p2b: Tyranitar|Tyranitar, L50, F|100/100
|-weather|Sandstorm|[from] ability: Sand Stream|[of] p2b: Tyranitar
|move|p1b: Kingambit|Kowtow Cleave|p2a: Annihilape
|-resisted|p2a: Annihilape
|-damage|p2a: Annihilape|54/100
|move|p1a: Gallade|Sacred Sword|p2b: Tyranitar
|-supereffective|p2b: Tyranitar
|-damage|p2b: Tyranitar|0 fnt
|faint|p2b: Tyranitar
|move|p2a: Annihilape|Close Combat|p1b: Kingambit
|-supereffective|p1b: Kingambit
|-damage|p1b: Kingambit|0 fnt
|-unboost|p2a: Annihilape|def|1
|-unboost|p2a: Annihilape|spd|1
|faint|p1b: Kingambit
|
|-weather|Sandstorm|[upkeep]
|-damage|p1a: Gallade|62/100|[from] Sandstorm
|upkeep
|
|t:|1756174853
|switch|p1b: Rampardos|Rampardos, L50, M|100/100
|switch|p2b: Indeedee|Indeedee, L50, M|100/100
|turn|4
|
|t:|1756174868
|switch|p1a: Indeedee|Indeedee-F, L50, F|100/100
|move|p1b: Rampardos|Rock Slide|p2b: Indeedee|[spread] p2a
|-miss|p1b: Rampardos|p2b: Indeedee
|-damage|p2a: Annihilape|0 fnt
|faint|p2a: Annihilape
|move|p2b: Indeedee|Expanding Force|p1b: Rampardos|[spread] p1a,p1b
|-resisted|p1a: Indeedee
|-damage|p1a: Indeedee|72/100
|-damage|p1b: Rampardos|46/100
|
|-weather|Sandstorm|[upkeep]
|-damage|p1a: Indeedee|66/100|[from] Sandstorm
|-damage|p2b: Indeedee|95/100|[from] Sandstorm
|upkeep
|
|t:|1756174879
|switch|p2a: Sneasler|Sneasler, L50, M|100/100
|-enditem|p2a: Sneasler|Psychic Seed
|-boost|p2a: Sneasler|spd|1|[from] item: Psychic Seed
|turn|5
|
|t:|1756174902
|move|p1a: Indeedee|Helping Hand|p1b: Rampardos
|-singleturn|p1b: Rampardos|Helping Hand|[of] p1a: Indeedee
|move|p2a: Sneasler|Protect|p2a: Sneasler
|-singleturn|p2a: Sneasler|Protect
|move|p1b: Rampardos|Breaking Swipe|p2b: Indeedee|[spread] p2b
|-activate|p2a: Sneasler|move: Protect
|-damage|p2b: Indeedee|0 fnt
|faint|p2b: Indeedee
|
|-weather|Sandstorm|[upkeep]
|-damage|p1a: Indeedee|60/100|[from] Sandstorm
|-damage|p2a: Sneasler|95/100|[from] Sandstorm
|-fieldend|move: Trick Room
|-fieldend|move: Psychic Terrain
|upkeep
|turn|6
|
|t:|1756174914
|switch|p1b: Gallade|Gallade, L50, M|62/100
|move|p2a: Sneasler|Close Combat|p1b: Gallade
|-resisted|p1b: Gallade
|-damage|p1b: Gallade|17/100
|-unboost|p2a: Sneasler|def|1
|-unboost|p2a: Sneasler|spd|1
|move|p1a: Indeedee|Trick Room|p1a: Indeedee
|-fieldstart|move: Trick Room|[of] p1a: Indeedee
|
|-weather|Sandstorm|[upkeep]
|-damage|p1b: Gallade|11/100|[from] Sandstorm
|-damage|p1a: Indeedee|54/100|[from] Sandstorm
|-damage|p2a: Sneasler|89/100|[from] Sandstorm
|upkeep
|turn|7
|
|t:|1756174927
|move|p1a: Indeedee|Follow Me|p1a: Indeedee
|-singleturn|p1a: Indeedee|move: Follow Me
|move|p1b: Gallade|Psycho Cut|p2a: Sneasler
|-supereffective|p2a: Sneasler
|-damage|p2a: Sneasler|0 fnt
|faint|p2a: Sneasler
|
|win|BlackStag52
