|j|☆noodleSandwich111
|j|☆stilll i rise
|html|noodleSandwich111stilll i rise    
|uhtml|bestof|Game 1 of a best-of-3
|t:|1756702816
|gametype|doubles
|player|p1|noodleSandwich111|unknownf|1070
|player|p2|stilll i rise|caitlin|1000
|gen|9
|tier|[Gen 9] VGC 2025 Reg H (Bo3)
|rated|
|rule|Species Clause: Limit one of each Pokémon
|rule|Item Clause: Limit 1 of each item
|clearpoke
|poke|p1|Volcarona, L50, M|
|poke|p1|Grimmsnarl, L50, M|
|poke|p1|Dragonite, L50, M|
|poke|p1|Sneasler, L50, F|
|poke|p1|Annihilape, L50, M|
|poke|p1|Ursaluna-Bloodmoon, L50, M|
|poke|p2|Archaludon, L50, F|
|poke|p2|Pelipper, L50, M|
|poke|p2|Basculegion, L50, M|
|poke|p2|Amoonguss, L50, F|
|poke|p2|Incineroar, L50, M|
|poke|p2|Gholdengo, L50|
|teampreview|4
|showteam|p1|Volcarona||Leftovers|FlameBody|Protect,HeatWave,QuiverDance,GigaDrain|||M|||50|,,,,,Grass]Grimmsnarl||LightClay|Prankster|SpiritBreak,LightScreen,Reflect,ThunderWave|||M|||50|,,,,,Steel]Dragonite||LoadedDice|InnerFocus|ScaleShot,LowKick,ExtremeSpeed,Haze|||M|||50|,,,,,Steel]Sneasler||FocusSash|Unburden|DireClaw,FakeOut,CloseCombat,ThroatChop|||F|||50|,,,,,Dark]Annihilape||SafetyGoggles|Defiant|Protect,DrainPunch,BulkUp,RageFist|||M|||50|,,,,,Fire]Ursaluna-Bloodmoon||AssaultVest|MindsEye|EarthPower,BloodMoon,HyperVoice,VacuumWave|||M|||50|,,,,,Water
|showteam|p2|Archaludon||AssaultVest|Stamina|ElectroShot,DracoMeteor,FlashCannon,BodyPress|||F|||50|,,,,,Grass]Pelipper||FocusSash|Drizzle|WeatherBall,Hurricane,Tailwind,Protect|||M|||50|,,,,,Ground]Basculegion||ChoiceBand|SwiftSwim|FlipTurn,WaveCrash,AquaJet,LastRespects|||M|||50|,,,,,Water]Amoonguss||SitrusBerry|Regenerator|ClearSmog,RagePowder,Spore,Protect|||F|||50|,,,,,Water]Incineroar||SafetyGoggles|Intimidate|KnockOff,FakeOut,PartingShot,Taunt|||M|||50|,,,,,Ghost]Gholdengo||LifeOrb|GoodasGold|MakeItRain,ShadowBall,NastyPlot,Protect||||||50|,,,,,Water
|inactive|Battle timer is ON: inactive players will automatically lose when time's up. (requested by stilll i rise)
|inactive|stilll i rise has 60 seconds left.
|
|t:|1756702874
|teamsize|p1|4
|teamsize|p2|4
|start
|switch|p1a: Annihilape|Annihilape, L50, M, shiny|100/100
|switch|p1b: Grimmsnarl|Grimmsnarl, L50, M|100/100
|switch|p2a: Pelipper|Pelipper, L50, M|100/100
|switch|p2b: Basculegion|Basculegion, L50, M|100/100
|-weather|RainDance|[from] ability: Drizzle|[of] p2a: Pelipper
|turn|1
|inactive|noodleSandwich111 has 30 seconds left.
|inactive|stilll i rise has 30 seconds left.
|inactive|noodleSandwich111 has 20 seconds left.
|inactive|stilll i rise has 20 seconds left.
|inactive|noodleSandwich111 has 15 seconds left.
|inactive|stilll i rise has 15 seconds left.
|inactive|noodleSandwich111 has 10 seconds left.
|inactive|stilll i rise has 10 seconds left.
|
|t:|1756702924
|move|p1b: Grimmsnarl|Light Screen|p1b: Grimmsnarl
|-sidestart|p1: noodleSandwich111|move: Light Screen
|move|p2b: Basculegion|Flip Turn|p1a: Annihilape
|-damage|p1a: Annihilape|40/100
|
|t:|1756702932
|switch|p2b: Amoonguss|Amoonguss, L50, F|100/100|[from] Flip Turn
|move|p2a: Pelipper|Hurricane|p1a: Annihilape
|-supereffective|p1a: Annihilape
|-damage|p1a: Annihilape|0 fnt
|faint|p1a: Annihilape
|
|-weather|RainDance|[upkeep]
|upkeep
|
|t:|1756702939
|switch|p1a: Ursaluna|Ursaluna-Bloodmoon, L50, M|100/100
|turn|2
|
|t:|1756702972
|-terastallize|p1a: Ursaluna|Water
|move|p1b: Grimmsnarl|Thunder Wave|p2a: Pelipper
|-status|p2a: Pelipper|par
|move|p1a: Ursaluna|Blood Moon|p2b: Amoonguss
|-damage|p2b: Amoonguss|31/100
|-enditem|p2b: Amoonguss|Sitrus Berry|[eat]
|-heal|p2b: Amoonguss|55/100|[from] item: Sitrus Berry
|move|p2a: Pelipper|Weather Ball|p1a: Ursaluna
|-resisted|p1a: Ursaluna
|-damage|p1a: Ursaluna|83/100
|move|p2b: Amoonguss|Spore|p1a: Ursaluna
|-status|p1a: Ursaluna|slp|[from] move: Spore
|
|-weather|RainDance|[upkeep]
|upkeep
|turn|3
|inactive|stilll i rise has 30 seconds left.
|inactive|noodleSandwich111 has 30 seconds left.
|
|t:|1756703006
|switch|p2a: Gholdengo|Gholdengo, L50|100/100
|move|p1b: Grimmsnarl|Thunder Wave|p2b: Amoonguss
|-status|p2b: Amoonguss|par
|cant|p1a: Ursaluna|slp
|cant|p2b: Amoonguss|par
|
|-weather|RainDance|[upkeep]
|upkeep
|turn|4
|inactive|noodleSandwich111 has 30 seconds left.
|inactive|stilll i rise has 30 seconds left.
|inactive|stilll i rise has 20 seconds left.
|inactive|stilll i rise has 15 seconds left.
|inactive|stilll i rise has 10 seconds left.
|
|t:|1756703051
|move|p2b: Amoonguss|Rage Powder|p2b: Amoonguss
|-singleturn|p2b: Amoonguss|move: Rage Powder
|move|p1b: Grimmsnarl|Reflect|p1b: Grimmsnarl
|-sidestart|p1: noodleSandwich111|Reflect
|move|p2a: Gholdengo|Make It Rain|p1b: Grimmsnarl|[spread] p1a,p1b
|-resisted|p1a: Ursaluna
|-supereffective|p1b: Grimmsnarl
|-damage|p1a: Ursaluna|67/100 slp
|-damage|p1b: Grimmsnarl|20/100
|-unboost|p2a: Gholdengo|spa|1
|-damage|p2a: Gholdengo|91/100|[from] item: Life Orb
|cant|p1a: Ursaluna|slp
|
|-weather|RainDance|[upkeep]
|upkeep
|turn|5
|inactive|noodleSandwich111 has 30 seconds left.
|inactive|stilll i rise has 30 seconds left.
|
|t:|1756703081
|switch|p1b: Sneasler|Sneasler, L50, F|100/100
|move|p2a: Gholdengo|Make It Rain|p1b: Sneasler|[spread] p1a,p1b
|-resisted|p1a: Ursaluna
|-damage|p1a: Ursaluna|57/100 slp
|-damage|p1b: Sneasler|61/100
|-unboost|p2a: Gholdengo|spa|1
|-damage|p2a: Gholdengo|82/100|[from] item: Life Orb
|cant|p1a: Ursaluna|slp
|cant|p2b: Amoonguss|par
|
|-weather|none
|upkeep
|turn|6
|inactive|noodleSandwich111 has 30 seconds left.
|inactive|stilll i rise has 30 seconds left.
|
|t:|1756703110
|switch|p2a: Pelipper|Pelipper, L50, M|100/100 par
|-weather|RainDance|[from] ability: Drizzle|[of] p2a: Pelipper
|move|p1b: Sneasler|Dire Claw|p2b: Amoonguss
|-damage|p2b: Amoonguss|18/100 par
|-curestatus|p1a: Ursaluna|slp|[msg]
|move|p1a: Ursaluna|Hyper Voice|p2a: Pelipper|[spread] p2a,p2b
|-damage|p2a: Pelipper|38/100 par
|-damage|p2b: Amoonguss|0 fnt
|faint|p2b: Amoonguss
|
|-weather|RainDance|[upkeep]
|upkeep
|
|t:|1756703126
|switch|p2b: Basculegion|Basculegion, L50, M|100/100
|turn|7
|inactive|noodleSandwich111 has 30 seconds left.
|inactive|stilll i rise has 30 seconds left.
|
|t:|1756703154
|move|p2b: Basculegion|Last Respects|p1a: Ursaluna
|-damage|p1a: Ursaluna|25/100
|move|p1b: Sneasler|Throat Chop|p2b: Basculegion
|-supereffective|p2b: Basculegion
|-damage|p2b: Basculegion|30/100
|-start|p2b: Basculegion|Throat Chop|[silent]
|move|p1a: Ursaluna|Hyper Voice|p2b: Basculegion|[spread] p2a,p2b
|-damage|p2a: Pelipper|0 fnt
|-damage|p2b: Basculegion|0 fnt
|faint|p2a: Pelipper
|faint|p2b: Basculegion
|
|-weather|RainDance|[upkeep]
|upkeep
|
|t:|1756703162
|switch|p2b: Gholdengo|Gholdengo, L50|82/100
|turn|8
|
|t:|1756703182
|-terastallize|p2b: Gholdengo|Water
|move|p1b: Sneasler|Throat Chop|p2b: Gholdengo
|-damage|p2b: Gholdengo|50/100
|-start|p2b: Gholdengo|Throat Chop|[silent]
|move|p2b: Gholdengo|Make It Rain|p1b: Sneasler|[spread] p1a,p1b
|-resisted|p1a: Ursaluna
|-damage|p1a: Ursaluna|11/100
|-damage|p1b: Sneasler|9/100
|-unboost|p2b: Gholdengo|spa|1
|-damage|p2b: Gholdengo|41/100|[from] item: Life Orb
|move|p1a: Ursaluna|Earth Power|p2b: Gholdengo
|-damage|p2b: Gholdengo|0 fnt
|faint|p2b: Gholdengo
|
|win|noodleSandwich111
||stilll i rise is ready for game 2.
|inactive|noodleSandwich111 has 30 seconds to confirm battle start!
||noodleSandwich111 is ready for game 2.
|uhtml|next|Next: Game 2 of 3
|l|☆noodleSandwich111
|player|p1|
