|j|☆kesh69gang
|j|☆nod-korai
|html|kesh69gangnod-korai    
|uhtml|bestof|Game 1 of a best-of-3
|t:|1786026445
|gametype|doubles
|player|p1|kesh69gang|266|1185
|player|p2|nod-korai|170|1324
|gen|9
|tier|[Gen 9 Champions] VGC 2026 Reg M-B (Bo3)
|rated|
|rule|Species Clause: Limit one of each Pokémon
|rule|Item Clause: Limit 1 of each item
|clearpoke
|poke|p1|Drampa, L50, F|
|poke|p1|Farigiraf, L50, F|
|poke|p1|Sinistcha, L50|
|poke|p1|Aggron, L50, F|
|poke|p1|Sableye, L50, F|
|poke|p1|Incineroar, L50, F|
|poke|p2|Floette-Eternal, L50, F|
|poke|p2|Sneasler, L50, F|
|poke|p2|Incineroar, L50, F|
|poke|p2|Basculegion, L50, M|
|poke|p2|Sinistcha, L50|
|poke|p2|Kingambit, L50, M|
|teampreview|4
|showteam|p1|Drampa||Drampanite|CloudNine|HyperVoice,EarthPower,CalmMind,Protect|Modest||F|||50|]Farigiraf||ColburBerry|ArmorTail|TrickRoom,Psychic,HelpingHand,Protect|Bold||F|||50|]Sinistcha||KasibBerry|Hospitality|MatchaGotcha,RagePowder,LifeDew,Protect|Bold|||||50|]Aggron||Aggronite|HeavyMetal|BodyPress,HeavySlam,IronDefense,Protect|Careful||F|||50|]Sableye||LightClay|Prankster|Reflect,Encore,Disable,LightScreen|Careful||F|||50|]Incineroar||SitrusBerry|Intimidate|FlareBlitz,DarkestLariat,PartingShot,FakeOut|Adamant||F|||50|
|showteam|p2|Floette-Eternal||Floettite|FlowerVeil|Moonblast,DazzlingGleam,CalmMind,Protect|Modest||F|||50|]Sneasler||FocusSash|Unburden|DireClaw,CloseCombat,FakeOut,Protect|Jolly||F|||50|]Incineroar||ChopleBerry|Intimidate|FakeOut,FlareBlitz,ThroatChop,PartingShot|Impish||F|||50|]Basculegion||ChoiceScarf|Adaptability|LastRespects,WaveCrash,AquaJet,FlipTurn|Jolly||M|||50|]Sinistcha||SitrusBerry|Hospitality|MatchaGotcha,LifeDew,RagePowder,Protect|Bold|||||50|]Kingambit||BlackGlasses|Defiant|KowtowCleave,SuckerPunch,SwordsDance,Protect|Adamant||M|||50|
|inactive|Battle timer is ON: inactive players will automatically lose when time's up. (requested by nod-korai)
|
|t:|1786026475
|teamsize|p1|4
|teamsize|p2|4
|start
|switch|p1a: Aggron|Aggron, L50, F|100/100
|switch|p1b: Sableye|Sableye, L50, F|100/100
|switch|p2a: Angélica|Floette-Eternal, L50, F|100/100
|switch|p2b: F key|Basculegion, L50, M|100/100
|turn|1
|
|t:|1786026492
|detailschange|p2a: Angélica|Floette-Mega, L50, F
|-mega|p2a: Angélica|Floette|Floettite
|-ability|p2a: Angélica|Fairy Aura
|detailschange|p1a: Aggron|Aggron-Mega, L50, F
|-mega|p1a: Aggron|Aggron|Aggronite
|move|p1b: Sableye|Light Screen|p1b: Sableye
|-sidestart|p1: kesh69gang|move: Light Screen
|move|p2b: F key|Flip Turn|p1a: Aggron
|-damage|p1a: Aggron|81/100
|
|t:|1786026498
|switch|p2b: Icelea|Sinistcha, L50|100/100|[from] Flip Turn
|move|p2a: Angélica|Calm Mind|p2a: Angélica
|-boost|p2a: Angélica|spa|1
|-boost|p2a: Angélica|spd|1
|move|p1a: Aggron|Iron Defense|p1a: Aggron
|-boost|p1a: Aggron|def|2
|
|upkeep
|turn|2
|
|t:|1786026526
|move|p2b: Icelea|Rage Powder|p2b: Icelea
|-singleturn|p2b: Icelea|move: Rage Powder
|move|p1b: Sableye|Disable|p2b: Icelea
|-start|p2b: Icelea|Disable|Rage Powder
|move|p2a: Angélica|Moonblast|p1a: Aggron
|-resisted|p1a: Aggron|1
|-damage|p1a: Aggron|54/100
|move|p1a: Aggron|Heavy Slam|p2b: Icelea
|-damage|p2b: Icelea|52/100
|
|upkeep
|turn|3
|
|t:|1786026549
|move|p1b: Sableye|Encore|p2b: Icelea
|-start|p2b: Icelea|Encore
|cant|p2b: Icelea|Disable|Rage Powder
|move|p2a: Angélica|Dazzling Gleam|p1a: Aggron|[spread] p1a,p1b
|-resisted|p1a: Aggron|1
|-supereffective|p1b: Sableye|1
|-damage|p1a: Aggron|36/100
|-damage|p1b: Sableye|0 fnt
|faint|p1b: Sableye
|move|p1a: Aggron|Heavy Slam|p2a: Angélica
|-supereffective|p2a: Angélica|1
|-damage|p2a: Angélica|32/100
|
|upkeep
|
|t:|1786026560
|switch|p1b: Sinistcha|Sinistcha, L50|100/100
|-heal|p1a: Aggron|61/100|[from] ability: Hospitality|[of] p1b: Sinistcha
|turn|4
|
|t:|1786026583
|switch|p2b: Carlos|Kingambit, L50, M|100/100
|move|p2a: Angélica|Protect|p2a: Angélica
|-singleturn|p2a: Angélica|Protect
|move|p1b: Sinistcha|Life Dew||[still]|[spread] p1a,p1b
|-heal|p1a: Aggron|85/100
|-fail|p1b: Sinistcha|heal
|move|p1a: Aggron|Heavy Slam|p2a: Angélica
|-activate|p2a: Angélica|move: Protect
|
|upkeep
|turn|5
|
|t:|1786026607
|switch|p2a: F key|Basculegion, L50, M|100/100
|move|p1b: Sinistcha|Matcha Gotcha|p2a: F key|[spread] p2a,p2b
|-supereffective|p2a: F key|1
|-resisted|p2b: Carlos|1
|-damage|p2a: F key|42/100
|-damage|p2b: Carlos|90/100
|-status|p2b: Carlos|brn
|move|p2b: Carlos|Kowtow Cleave|p1b: Sinistcha
|-supereffective|p1b: Sinistcha|1
|-damage|p1b: Sinistcha|67/100
|move|p1a: Aggron|Heavy Slam|p2a: F key
|-resisted|p2a: F key|1
|-damage|p2a: F key|16/100
|
|-damage|p2b: Carlos|84/100 brn|[from] brn
|upkeep
|turn|6
|inactive|kesh69gang has 30 seconds left.
|
|t:|1786026634
|move|p1b: Sinistcha|Protect|p1b: Sinistcha
|-singleturn|p1b: Sinistcha|Protect
|move|p2a: F key|Flip Turn|p1b: Sinistcha
|-activate|p1b: Sinistcha|move: Protect
|move|p2b: Carlos|Kowtow Cleave|p1b: Sinistcha
|-activate|p1b: Sinistcha|move: Protect
|move|p1a: Aggron|Body Press|p2b: Carlos
|-supereffective|p2b: Carlos|2
|-damage|p2b: Carlos|0 fnt
|faint|p2b: Carlos
|
|upkeep
|
|t:|1786026640
|switch|p2b: Angélica|Floette-Mega, L50, F|32/100
|-ability|p2b: Angélica|Fairy Aura
|turn|7
|
|t:|1786026657
|switch|p1b: Incineroar|Incineroar, L50, F|100/100
|-ability|p1b: Incineroar|Intimidate|boost
|-unboost|p2a: F key|atk|1
|-unboost|p2b: Angélica|atk|1
|move|p2b: Angélica|Protect|p2b: Angélica
|-singleturn|p2b: Angélica|Protect
|move|p2a: F key|Flip Turn|p1b: Incineroar
|-supereffective|p1b: Incineroar|1
|-damage|p1b: Incineroar|48/100
|-enditem|p1b: Incineroar|Sitrus Berry|[eat]
|-heal|p1b: Incineroar|73/100|[from] item: Sitrus Berry
|
|t:|1786026662
|switch|p2a: Icelea|Sinistcha, L50|52/100|[from] Flip Turn
|-heal|p2b: Angélica|57/100|[from] ability: Hospitality|[of] p2a: Icelea
|move|p1a: Aggron|Heavy Slam|p2b: Angélica
|-activate|p2b: Angélica|move: Protect
|
|upkeep
|turn|8
|inactive|kesh69gang has 30 seconds left.
|
|t:|1786026690
|move|p2b: Angélica|Calm Mind|p2b: Angélica
|-boost|p2b: Angélica|spa|1
|-boost|p2b: Angélica|spd|1
|move|p2a: Icelea|Life Dew|p2a: Icelea|[spread] p2a,p2b
|-heal|p2a: Icelea|77/100
|-heal|p2b: Angélica|82/100
|move|p1b: Incineroar|Darkest Lariat|p2a: Icelea
|-supereffective|p2a: Icelea|1
|-damage|p2a: Icelea|12/100
|-enditem|p2a: Icelea|Sitrus Berry|[eat]
|-heal|p2a: Icelea|37/100|[from] item: Sitrus Berry
|move|p1a: Aggron|Heavy Slam|p2b: Angélica
|-supereffective|p2b: Angélica|1
|-damage|p2b: Angélica|11/100
|
|-sideend|p1: kesh69gang|move: Light Screen
|upkeep
|turn|9
|inactive|kesh69gang has 30 seconds left.
|inactive|nod-korai has 30 seconds left.
|inactive|nod-korai has 20 seconds left.
|
|t:|1786026728
|move|p2a: Icelea|Rage Powder|p2a: Icelea
|-singleturn|p2a: Icelea|move: Rage Powder
|move|p2b: Angélica|Moonblast|p1b: Incineroar
|-damage|p1b: Incineroar|0 fnt
|faint|p1b: Incineroar
|move|p1a: Aggron|Heavy Slam|p2a: Icelea
|-damage|p2a: Icelea|0 fnt
|faint|p2a: Icelea
|
|upkeep
|
|t:|1786026736
|switch|p2a: F key|Basculegion, L50, M|16/100
|switch|p1b: Sinistcha|Sinistcha, L50|67/100
|-heal|p1a: Aggron|100/100|[from] ability: Hospitality|[of] p1b: Sinistcha
|turn|10
|inactive|kesh69gang has 30 seconds left.
|
|t:|1786026767
|move|p2b: Angélica|Protect|p2b: Angélica
|-singleturn|p2b: Angélica|Protect
|move|p2a: F key|Last Respects|p1b: Sinistcha
|-supereffective|p1b: Sinistcha|1
|-enditem|p1b: Sinistcha|Kasib Berry|[eat]
|-enditem|p1b: Sinistcha|Kasib Berry|[weaken]
|-damage|p1b: Sinistcha|0 fnt
|faint|p1b: Sinistcha
|move|p1a: Aggron|Heavy Slam|p2b: Angélica
|-activate|p2b: Angélica|move: Protect
|
|upkeep
|turn|11
|
|t:|1786026781
|move|p2a: F key|Last Respects|p1a: Aggron
|-damage|p1a: Aggron|76/100
|move|p2b: Angélica|Moonblast|p1a: Aggron
|-resisted|p1a: Aggron|1
|-damage|p1a: Aggron|28/100
|move|p1a: Aggron|Heavy Slam|p2b: Angélica
|-supereffective|p2b: Angélica|1
|-damage|p2b: Angélica|0 fnt
|faint|p2b: Angélica
|
|upkeep
|turn|12
|
|t:|1786026791
|move|p2a: F key|Last Respects|p1a: Aggron
|-damage|p1a: Aggron|0 fnt
|faint|p1a: Aggron
|
|win|nod-korai
