|j|☆Link6166
|j|☆Biboom
|html|Link6166Biboom    
|uhtml|bestof|Game 2 of a best-of-3
|t:|1782707236
|gametype|doubles
|player|p1|Link6166|102|
|player|p2|Biboom|swimmer-gen4dp|
|gen|9
|tier|[Gen 9 Champions] VGC 2026 Reg M-B (Bo3)
|rule|Species Clause: Limit one of each Pokémon
|rule|Item Clause: Limit 1 of each item
|clearpoke
|poke|p1|Meganium, L50, F|
|poke|p1|Farigiraf, L50, F|
|poke|p1|Golurk, L50|
|poke|p1|Dragapult, L50, F|
|poke|p1|Ditto, L50|
|poke|p1|Tyranitar, L50, F|
|poke|p2|Garchomp, L50, F|
|poke|p2|Incineroar, L50, M|
|poke|p2|Klefki, L50, F|
|poke|p2|Sneasler, L50, F|
|poke|p2|Skarmory, L50, M|
|poke|p2|Ninetales, L50, F|
|teampreview|4
|showteam|p1|Meganium||Meganiumite|Overgrow|SolarBeam,WeatherBall,Synthesis,Protect|Modest||F|||50|]Farigiraf||MentalHerb|ArmorTail|TrickRoom,HelpingHand,PsychicNoise,Imprison|Sassy||F|||50|]Golurk||Golurkite|NoGuard|HighHorsepower,ShadowPunch,CloseCombat,Protect|Brave|||||50|]Dragapult||FocusSash|Infiltrator|DragonDarts,ShadowBall,WillOWisp,Protect|Timid||F|||50|]Ditto||ChoiceScarf|Imposter|Transform|Relaxed|||||50|]Tyranitar||ChopleBerry|SandStream|RockSlide,Crunch,IcePunch,StompingTantrum|Adamant||F|||50|
|showteam|p2|Garchomp||ExpertBelt|RoughSkin|Earthquake,DragonClaw,RockSlide,Protect|Jolly||F|||50|]Incineroar||SitrusBerry|Intimidate|FakeOut,ThroatChop,PartingShot,FlareBlitz|Careful||M|||50|]Klefki||MentalHerb|Prankster|LightScreen,TrickRoom,Reflect,DazzlingGleam|Calm||F|||50|]Sneasler||WhiteHerb|Unburden|CloseCombat,DireClaw,FakeOut,Protect|Jolly||F|||50|]Skarmory||Skarmorite|Sturdy|BraveBird,IronHead,SwordsDance,Protect|Jolly||M|||50|]Ninetales||Charcoal|Drought|Protect,HeatWave,SolarBeam,Encore|Timid||F|||50|
|j| EGG_dude
|j| PorygonTheBot
|c| PorygonTheBot|I'm here now, the battle can get started!
|
|t:|1782707395
|teamsize|p1|4
|teamsize|p2|4
|start
|switch|p1a: Meganium|Meganium, L50, F|100/100
|switch|p1b: Farigiraf|Farigiraf, L50, F|100/100
|switch|p2a: Don Pusa|Skarmory, L50, M|100/100
|switch|p2b: Tigre Tony|Incineroar, L50, M|100/100
|-ability|p2b: Tigre Tony|Intimidate|boost
|-unboost|p1a: Meganium|atk|1
|-unboost|p1b: Farigiraf|atk|1
|turn|1
|
|t:|1782707462
|detailschange|p1a: Meganium|Meganium-Mega, L50, F
|-mega|p1a: Meganium|Meganium|Meganiumite
|move|p1a: Meganium|Protect|p1a: Meganium
|-singleturn|p1a: Meganium|Protect
|move|p2b: Tigre Tony|Fake Out||[still]
|cant|p1b: Farigiraf|ability: Armor Tail|Fake Out|[of] p2b: Tigre Tony
|move|p2a: Don Pusa|Swords Dance|p2a: Don Pusa
|-boost|p2a: Don Pusa|atk|2
|move|p1b: Farigiraf|Trick Room|p1b: Farigiraf
|-fieldstart|move: Trick Room|[of] p1b: Farigiraf
|
|upkeep
|turn|2
|c| EGG_dude|hoooooooo
|
|t:|1782707550
|detailschange|p2a: Don Pusa|Skarmory-Mega, L50, M
|-mega|p2a: Don Pusa|Skarmory|Skarmorite
|move|p1b: Farigiraf|Helping Hand|p1a: Meganium
|-singleturn|p1a: Meganium|Helping Hand|[of] p1b: Farigiraf
|move|p2b: Tigre Tony|Throat Chop|p1b: Farigiraf
|-supereffective|p1b: Farigiraf|1
|-damage|p1b: Farigiraf|35/100
|-start|p1b: Farigiraf|Throat Chop|[silent]
|move|p1a: Meganium|Weather Ball|p2a: Don Pusa
|-supereffective|p2a: Don Pusa|1
|-damage|p2a: Don Pusa|0 fnt
|faint|p2a: Don Pusa
|
|upkeep
|
|t:|1782707610
|switch|p2a: Zorrita|Ninetales, L50, F|100/100
|-weather|SunnyDay|[from] ability: Drought|[of] p2a: Zorrita
|turn|3
|
|t:|1782707673
|switch|p1b: Golurk|Golurk, L50|100/100
|move|p1a: Meganium|Protect|p1a: Meganium
|-singleturn|p1a: Meganium|Protect
|move|p2b: Tigre Tony|Throat Chop|p1b: Golurk
|-supereffective|p1b: Golurk|1
|-damage|p1b: Golurk|37/100
|-start|p1b: Golurk|Throat Chop|[silent]
|move|p2a: Zorrita|Heat Wave|p1a: Meganium|[spread] p1b
|-activate|p1a: Meganium|move: Protect
|-damage|p1b: Golurk|0 fnt
|faint|p1b: Golurk
|
|-weather|SunnyDay|[upkeep]
|upkeep
|
|t:|1782707692
|switch|p1b: Ditto|Ditto, L50|100/100
|-transform|p1b: Ditto|p2a: Zorrita|[from] ability: Imposter
|turn|4
|
|t:|1782707801
|move|p2b: Tigre Tony|Flare Blitz|p1a: Meganium
|-supereffective|p1a: Meganium|1
|-damage|p1a: Meganium|0 fnt
|faint|p1a: Meganium
|-damage|p2b: Tigre Tony|70/100|[from] Recoil
|move|p2a: Zorrita|Heat Wave|p1b: Ditto
|-resisted|p1b: Ditto|1
|-damage|p1b: Ditto|65/100
|move|p1b: Ditto|Solar Beam||[still]
|-prepare|p1b: Ditto|Solar Beam
|-anim|p1b: Ditto|Solar Beam|p2a: Zorrita
|-resisted|p2a: Zorrita|1
|-damage|p2a: Zorrita|82/100
|
|-weather|SunnyDay|[upkeep]
|upkeep
|
|t:|1782707817
|switch|p1a: Farigiraf|Farigiraf, L50, F|35/100
|turn|5
|c| EGG_dude|nombre
|c| EGG_dude|ese tigre tony
|c| EGG_dude|esta dopado
|
|t:|1782707871
|move|p1a: Farigiraf|Helping Hand|p1b: Ditto
|-singleturn|p1b: Ditto|Helping Hand|[of] p1a: Farigiraf
|move|p2b: Tigre Tony|Throat Chop|p1a: Farigiraf
|-supereffective|p1a: Farigiraf|1
|-crit|p1a: Farigiraf
|-damage|p1a: Farigiraf|0 fnt
|faint|p1a: Farigiraf
|move|p2a: Zorrita|Encore|p1b: Ditto
|-start|p1b: Ditto|Encore
|move|p1b: Ditto|Solar Beam||[still]
|-prepare|p1b: Ditto|Solar Beam
|-anim|p1b: Ditto|Solar Beam|p2b: Tigre Tony
|-resisted|p2b: Tigre Tony|1
|-damage|p2b: Tigre Tony|53/100
|
|-weather|SunnyDay|[upkeep]
|-fieldend|move: Trick Room
|upkeep
|turn|6
|
|t:|1782707892
|move|p1b: Ditto|Solar Beam||[still]
|-prepare|p1b: Ditto|Solar Beam
|-anim|p1b: Ditto|Solar Beam|p2b: Tigre Tony
|-resisted|p2b: Tigre Tony|1
|-damage|p2b: Tigre Tony|43/100
|-enditem|p2b: Tigre Tony|Sitrus Berry|[eat]
|-heal|p2b: Tigre Tony|67/100|[from] item: Sitrus Berry
|move|p2a: Zorrita|Heat Wave|p1b: Ditto|[miss]
|-miss|p2a: Zorrita|p1b: Ditto
|move|p2b: Tigre Tony|Throat Chop|p1b: Ditto
|-damage|p1b: Ditto|16/100
|-start|p1b: Ditto|Throat Chop|[silent]
|
|-weather|SunnyDay|[upkeep]
|upkeep
|turn|7
|
|t:|1782707908
|move|p1b: Ditto|Solar Beam||[still]
|-prepare|p1b: Ditto|Solar Beam
|-anim|p1b: Ditto|Solar Beam|p2b: Tigre Tony
|-resisted|p2b: Tigre Tony|1
|-damage|p2b: Tigre Tony|55/100
|move|p2a: Zorrita|Heat Wave|p1b: Ditto
|-resisted|p1b: Ditto|1
|-damage|p1b: Ditto|0 fnt
|faint|p1b: Ditto
|
|win|Biboom
