|j|вҳҶgohan92
|j|вҳҶPokefreak 92
|html|gohan92Pokefreak 92    
|uhtml|bestof|Game 2 of a best-of-3
|t:|1756858511
|gametype|doubles
|player|p1|gohan92|170|
|player|p2|Pokefreak 92|lance|
|gen|9
|tier|[Gen 9] VGC 2025 Reg H (Bo3)
|rule|Species Clause: Limit one of each PokГ©mon
|rule|Item Clause: Limit 1 of each item
|clearpoke
|poke|p1|Indeedee-F, L50, F|
|poke|p1|Hatterene, L50, F|
|poke|p1|Gallade, L50, M|
|poke|p1|Ursaluna, L50, M|
|poke|p1|Lilligant-Hisui, L50, F|
|poke|p1|Torkoal, L50, M|
|poke|p2|Rillaboom, L50, F|
|poke|p2|Kingambit, L50, M|
|poke|p2|Sneasler, L50, F|
|poke|p2|Dragonite, L50, M|
|poke|p2|Gastrodon-East, L50, M|
|poke|p2|Ceruledge, L50, F|
|teampreview|4
|showteam|p1|Indeedee-F||PsychicSeed|PsychicSurge|TrickRoom,FollowMe,HelpingHand,DazzlingGleam|||F|||50|,,,,,Fire]Hatterene||LifeOrb|MagicBounce|ExpandingForce,TrickRoom,DazzlingGleam,Protect|||F|||50|,,,,,Psychic]Gallade||ClearAmulet|Sharpness|PsychoCut,TrickRoom,SacredSword,WideGuard|||M|||50|,,,,,Grass]Ursaluna||FlameOrb|Guts|HeadlongRush,Facade,SwordsDance,Protect|||M|||50|,,,,,Ghost]Lilligant-Hisui||FocusSash|Chlorophyll|SolarBlade,SleepPowder,CloseCombat,AfterYou|||F|||50|,,,,,Ghost]Torkoal||ChoiceSpecs|Drought|Eruption,HeatWave,WeatherBall,EarthPower|||M|||50|,,,,,Fire
|showteam|p2|Rillaboom||MiracleSeed|GrassySurge|WoodHammer,GrassyGlide,FakeOut,HighHorsepower|||F|||50|,,,,,Fire]Kingambit||AssaultVest|Defiant|KowtowCleave,SuckerPunch,TeraBlast,IronHead|||M|||50|,,,,,Flying]Sneasler||FocusSash|Unburden|DireClaw,CloseCombat,Coaching,FakeOut|||F|||50|,,,,,Ghost]Dragonite||LoadedDice|Multiscale|ExtremeSpeed,ScaleShot,LowKick,Protect|||M|||50|,,,,,Fairy]Gastrodon-East||SitrusBerry|StormDrain|EarthPower,IceBeam,ClearSmog,Protect|||M|||50|,,,,,Poison]Ceruledge||Leftovers|FlashFire|BitterBlade,ShadowSneak,BulkUp,Protect|||F|||50|,,,,,Grass
|l|вҳҶgohan92
|player|p1|
|j|вҳҶgohan92
|player|p1|gohan92|170|
|
|t:|1756858681
|teamsize|p1|4
|teamsize|p2|4
|start
|switch|p1a: зҙ«з«ҪиҰӘиЎӣйҡҠ|Gallade, L50, M, shiny|100/100
|switch|p1b: зҙ«з«Ҫи¶…еҸҜж„ӣ|Indeedee-F, L50, F, shiny|100/100
|switch|p2a: Ceruledge|Ceruledge, L50, F|100/100
|switch|p2b: Rillaboom|Rillaboom, L50, F|100/100
|-fieldstart|move: Grassy Terrain|[from] ability: Grassy Surge|[of] p2b: Rillaboom
|-fieldstart|move: Psychic Terrain|[from] ability: Psychic Surge|[of] p1b: зҙ«з«Ҫи¶…еҸҜж„ӣ
|-enditem|p1b: зҙ«з«Ҫи¶…еҸҜж„ӣ|Psychic Seed
|-boost|p1b: зҙ«з«Ҫи¶…еҸҜж„ӣ|spd|1|[from] item: Psychic Seed
|turn|1
|
|t:|1756858774
|switch|p2b: Sneasler|Sneasler, L50, F|100/100
|move|p2a: Ceruledge|Bulk Up|p2a: Ceruledge
|-boost|p2a: Ceruledge|atk|1
|-boost|p2a: Ceruledge|def|1
|move|p1a: зҙ«з«ҪиҰӘиЎӣйҡҠ|Psycho Cut|p2a: Ceruledge
|-damage|p2a: Ceruledge|44/100
|move|p1b: зҙ«з«Ҫи¶…еҸҜж„ӣ|Trick Room|p1b: зҙ«з«Ҫи¶…еҸҜж„ӣ
|-fieldstart|move: Trick Room|[of] p1b: зҙ«з«Ҫи¶…еҸҜж„ӣ
|
|-heal|p2a: Ceruledge|50/100|[from] item: Leftovers
|upkeep
|turn|2
|
|t:|1756858828
|switch|p1b: дёҖжӢіжңҲжңҲзҶҠ|Ursaluna, L50, M, shiny|100/100
|switch|p2b: Kingambit|Kingambit, L50, M|100/100
|move|p2a: Ceruledge|Protect|p2a: Ceruledge
|-singleturn|p2a: Ceruledge|Protect
|move|p1a: зҙ«з«ҪиҰӘиЎӣйҡҠ|Psycho Cut|p2a: Ceruledge
|-activate|p2a: Ceruledge|move: Protect
|
|-heal|p2a: Ceruledge|56/100|[from] item: Leftovers
|-status|p1b: дёҖжӢіжңҲжңҲзҶҠ|brn|[from] item: Flame Orb
|upkeep
|turn|3
|
|t:|1756858876
|switch|p2a: Rillaboom|Rillaboom, L50, F|100/100
|-fieldstart|move: Grassy Terrain|[from] ability: Grassy Surge|[of] p2a: Rillaboom
|-terastallize|p2b: Kingambit|Flying
|move|p1b: дёҖжӢіжңҲжңҲзҶҠ|Headlong Rush|p2a: Rillaboom
|-resisted|p2a: Rillaboom
|-damage|p2a: Rillaboom|46/100
|-unboost|p1b: дёҖжӢіжңҲжңҲзҶҠ|def|1
|-unboost|p1b: дёҖжӢіжңҲжңҲзҶҠ|spd|1
|move|p2b: Kingambit|Tera Blast|p1a: зҙ«з«ҪиҰӘиЎӣйҡҠ|[anim] Tera Blast Flying
|-supereffective|p1a: зҙ«з«ҪиҰӘиЎӣйҡҠ
|-damage|p1a: зҙ«з«ҪиҰӘиЎӣйҡҠ|0 fnt
|faint|p1a: зҙ«з«ҪиҰӘиЎӣйҡҠ
|
|-heal|p2a: Rillaboom|52/100|[from] Grassy Terrain
|-damage|p1b: дёҖжӢіжңҲжңҲзҶҠ|95/100 brn|[from] brn
|upkeep
|
|t:|1756858892
|switch|p1a: зҙ«з«Ҫи¶…еҸҜж„ӣ|Indeedee-F, L50, F, shiny|100/100
|-fieldstart|move: Psychic Terrain|[from] ability: Psychic Surge|[of] p1a: зҙ«з«Ҫи¶…еҸҜж„ӣ
|turn|4
|
|t:|1756858946
|switch|p2a: Sneasler|Sneasler, L50, F|100/100
|move|p1a: зҙ«з«Ҫи¶…еҸҜж„ӣ|Follow Me|p1a: зҙ«з«Ҫи¶…еҸҜж„ӣ
|-singleturn|p1a: зҙ«з«Ҫи¶…еҸҜж„ӣ|move: Follow Me
|move|p1b: дёҖжӢіжңҲжңҲзҶҠ|Facade|p2b: Kingambit
|-damage|p2b: Kingambit|11/100
|move|p2b: Kingambit|Kowtow Cleave|p1a: зҙ«з«Ҫи¶…еҸҜж„ӣ
|-supereffective|p1a: зҙ«з«Ҫи¶…еҸҜж„ӣ
|-damage|p1a: зҙ«з«Ҫи¶…еҸҜж„ӣ|9/100
|
|-damage|p1b: дёҖжӢіжңҲжңҲзҶҠ|89/100 brn|[from] brn
|upkeep
|turn|5
|
|t:|1756858985
|switch|p2b: Rillaboom|Rillaboom, L50, F|52/100
|-fieldstart|move: Grassy Terrain|[from] ability: Grassy Surge|[of] p2b: Rillaboom
|switch|p1a: зҙ«з«Ҫж•ІеҸҜж„ӣ|Hatterene, L50, F, shiny|100/100
|-terastallize|p1b: дёҖжӢіжңҲжңҲзҶҠ|Ghost
|move|p2a: Sneasler|Fake Out|p1b: дёҖжӢіжңҲжңҲзҶҠ
|-immune|p1b: дёҖжӢіжңҲжңҲзҶҠ
|move|p1b: дёҖжӢіжңҲжңҲзҶҠ|Facade|p2b: Rillaboom
|-damage|p2b: Rillaboom|0 fnt
|faint|p2b: Rillaboom
|
|-heal|p1b: дёҖжӢіжңҲжңҲзҶҠ|95/100 brn|[from] Grassy Terrain
|-damage|p1b: дёҖжӢіжңҲжңҲзҶҠ|89/100 brn|[from] brn
|-fieldend|move: Trick Room
|upkeep
|
|t:|1756859042
|switch|p2b: Kingambit|Kingambit, L50, M, tera:Flying|11/100
|turn|6
|
|t:|1756859120
|move|p1a: зҙ«з«Ҫж•ІеҸҜж„ӣ|Protect|p1a: зҙ«з«Ҫж•ІеҸҜж„ӣ
|-singleturn|p1a: зҙ«з«Ҫж•ІеҸҜж„ӣ|Protect
|move|p2a: Sneasler|Coaching|p2b: Kingambit
|-boost|p2b: Kingambit|atk|1
|-boost|p2b: Kingambit|def|1
|move|p2b: Kingambit|Iron Head|p1a: зҙ«з«Ҫж•ІеҸҜж„ӣ
|-activate|p1a: зҙ«з«Ҫж•ІеҸҜж„ӣ|move: Protect
|move|p1b: дёҖжӢіжңҲжңҲзҶҠ|Facade|p2a: Sneasler
|-enditem|p2a: Sneasler|Focus Sash
|-damage|p2a: Sneasler|1/100
|
|-heal|p2a: Sneasler|7/100|[from] Grassy Terrain
|-heal|p1b: дёҖжӢіжңҲжңҲзҶҠ|95/100 brn|[from] Grassy Terrain
|-damage|p1b: дёҖжӢіжңҲжңҲзҶҠ|89/100 brn|[from] brn
|upkeep
|turn|7
|
|t:|1756859164
|switch|p1a: зҙ«з«Ҫи¶…еҸҜж„ӣ|Indeedee-F, L50, F, shiny|9/100
|-fieldstart|move: Psychic Terrain|[from] ability: Psychic Surge|[of] p1a: зҙ«з«Ҫи¶…еҸҜж„ӣ
|move|p2b: Kingambit|Sucker Punch|p1b: дёҖжӢіжңҲжңҲзҶҠ
|-activate|p1b: дёҖжӢіжңҲжңҲзҶҠ|move: Psychic Terrain
|move|p2a: Sneasler|Dire Claw|p1a: зҙ«з«Ҫи¶…еҸҜж„ӣ
|-damage|p1a: зҙ«з«Ҫи¶…еҸҜж„ӣ|0 fnt
|faint|p1a: зҙ«з«Ҫи¶…еҸҜж„ӣ
|move|p1b: дёҖжӢіжңҲжңҲзҶҠ|Facade|p2b: Kingambit
|-damage|p2b: Kingambit|0 fnt
|faint|p2b: Kingambit
|
|-damage|p1b: дёҖжӢіжңҲжңҲзҶҠ|83/100 brn|[from] brn
|upkeep
|
|t:|1756859206
|switch|p1a: зҙ«з«Ҫж•ІеҸҜж„ӣ|Hatterene, L50, F, shiny|100/100
|switch|p2b: Ceruledge|Ceruledge, L50, F|56/100
|turn|8
|
|t:|1756859240
|move|p2a: Sneasler|Dire Claw|p1a: зҙ«з«Ҫж•ІеҸҜж„ӣ
|-supereffective|p1a: зҙ«з«Ҫж•ІеҸҜж„ӣ
|-damage|p1a: зҙ«з«Ҫж•ІеҸҜж„ӣ|6/100
|move|p2b: Ceruledge|Bitter Blade|p1b: дёҖжӢіжңҲжңҲзҶҠ
|-damage|p1b: дёҖжӢіжңҲжңҲзҶҠ|33/100 brn
|-heal|p2b: Ceruledge|88/100|[from] drain|[of] p1b: дёҖжӢіжңҲжңҲзҶҠ
|move|p1b: дёҖжӢіжңҲжңҲзҶҠ|Headlong Rush|p2b: Ceruledge
|-supereffective|p2b: Ceruledge
|-damage|p2b: Ceruledge|0 fnt
|-unboost|p1b: дёҖжӢіжңҲжңҲзҶҠ|def|1
|-unboost|p1b: дёҖжӢіжңҲжңҲзҶҠ|spd|1
|faint|p2b: Ceruledge
|move|p1a: зҙ«з«Ҫж•ІеҸҜж„ӣ|Expanding Force|p2a: Sneasler
|-supereffective|p2a: Sneasler
|-damage|p2a: Sneasler|0 fnt
|faint|p2a: Sneasler
|-damage|p1a: зҙ«з«Ҫж•ІеҸҜж„ӣ|0 fnt|[from] item: Life Orb
|faint|p1a: зҙ«з«Ҫж•ІеҸҜж„ӣ
|
|win|gohan92
|inactive|gohan92 has 30 seconds to confirm battle start!
|inactive|Pokefreak 92 has 30 seconds to confirm battle start!
|inactive|gohan92 has 20 seconds to confirm battle start!
|inactive|Pokefreak 92 has 20 seconds to confirm battle start!
