|j|☆naibot2814
|j|☆yamamagames
|html|naibot2814yamamagames    
|uhtml|bestof|Game 3 of a best-of-3
|t:|1784680516
|gametype|doubles
|player|p1|naibot2814|colress|1463
|player|p2|yamamagames|red|1347
|gen|9
|tier|[Gen 9 Champions] VGC 2026 Reg M-B (Bo3)
|rated|
|rule|Species Clause: Limit one of each Pokémon
|rule|Item Clause: Limit 1 of each item
|clearpoke
|poke|p1|Blastoise, L50, M|
|poke|p1|Incineroar, L50, M|
|poke|p1|Sneasler, L50, M|
|poke|p1|Sinistcha, L50|
|poke|p1|Kingambit, L50, M, shiny|
|poke|p1|Delphox, L50, F|
|poke|p2|Mawile, L50, F, shiny|
|poke|p2|Torkoal, L50, M|
|poke|p2|Vileplume, L50, F|
|poke|p2|Incineroar, L50, M|
|poke|p2|Farigiraf, L50, F, shiny|
|poke|p2|Maushold-Four, L50|
|teampreview|4
|showteam|p1|Blastoise||Blastoisinite|Torrent|WaterSpout,DarkPulse,ShellSmash,Protect|Modest||M|||50|]Incineroar||SitrusBerry|Intimidate|FakeOut,FlareBlitz,DarkestLariat,PartingShot|Careful||M|||50|]Sneasler||FocusSash|PoisonTouch|FakeOut,CloseCombat,PoisonJab,RockTomb|Jolly||M|||50|]Sinistcha||KasibBerry|Hospitality|MatchaGotcha,TrickRoom,RagePowder,Protect|Bold|||||50|]Kingambit||BlackGlasses|Defiant|KowtowCleave,SuckerPunch,SwordsDance,Protect|Adamant||M|||50|]Delphox||Delphoxite|Blaze|HeatWave,Psyshock,NastyPlot,Protect|Timid||F|||50|
|showteam|p2|Mawile||Mawilite|Intimidate|PlayRough,RockSlide,SuckerPunch,Protect|Brave||F|||50|]Torkoal||Charcoal|Drought|Eruption,WeatherBall,EarthPower,Protect|Quiet||M|||50|]Vileplume||FocusSash|Chlorophyll|SolarBeam,SleepPowder,SludgeBomb,AfterYou|Timid||F|||50|]Incineroar||LifeOrb|Intimidate|FlareBlitz,DarkestLariat,PartingShot,FakeOut|Brave||M|||50|]Farigiraf||SitrusBerry|ArmorTail|TwinBeam,TrickRoom,Thunderbolt,HelpingHand|Relaxed||F|||50|]Maushold-Four||WideLens|Technician|PopulationBomb,FollowMe,Taunt,Protect|Jolly|||||50|
|inactive|Battle timer is ON: inactive players will automatically lose when time's up. (requested by yamamagames)
|
|t:|1784680543
|teamsize|p1|4
|teamsize|p2|4
|start
|switch|p1a: Delphox|Delphox, L50, F|100/100
|switch|p1b: Incineroar|Incineroar, L50, M|100/100
|switch|p2a: Maushold|Maushold-Four, L50|100/100
|switch|p2b: Incineroar|Incineroar, L50, M|100/100
|-ability|p1b: Incineroar|Intimidate|boost
|-unboost|p2a: Maushold|atk|1
|-unboost|p2b: Incineroar|atk|1
|-ability|p2b: Incineroar|Intimidate|boost
|-unboost|p1a: Delphox|atk|1
|-unboost|p1b: Incineroar|atk|1
|turn|1
|
|t:|1784680559
|detailschange|p1a: Delphox|Delphox-Mega, L50, F
|-mega|p1a: Delphox|Delphox|Delphoxite
|move|p1b: Incineroar|Fake Out|p2b: Incineroar
|-damage|p2b: Incineroar|92/100
|move|p1a: Delphox|Psyshock|p2a: Maushold
|-damage|p2a: Maushold|31/100
|move|p2a: Maushold|Population Bomb|p1a: Delphox
|-damage|p1a: Delphox|89/100
|-damage|p1a: Delphox|76/100
|-damage|p1a: Delphox|65/100
|-damage|p1a: Delphox|54/100
|-hitcount|p1a: Delphox|4
|cant|p2b: Incineroar|flinch
|
|upkeep
|turn|2
|inactive|naibot2814 has 30 seconds left.
|
|t:|1784680590
|switch|p1a: Kingambit|Kingambit, L50, M, shiny|100/100
|move|p2a: Maushold|Protect|p2a: Maushold
|-singleturn|p2a: Maushold|Protect
|move|p1b: Incineroar|Flare Blitz|p2a: Maushold
|-activate|p2a: Maushold|move: Protect
|move|p2b: Incineroar|Parting Shot|p1b: Incineroar
|-unboost|p1b: Incineroar|atk|1
|-unboost|p1b: Incineroar|spa|1
|
|t:|1784680600
|switch|p2b: Farigiraf|Farigiraf, L50, F, shiny|100/100|[from] Parting Shot
|
|upkeep
|turn|3
|
|t:|1784680614
|move|p2b: Farigiraf|Helping Hand|p2a: Maushold
|-singleturn|p2a: Maushold|Helping Hand|[of] p2b: Farigiraf
|move|p2a: Maushold|Population Bomb|p1a: Kingambit
|-resisted|p1a: Kingambit|1
|-damage|p1a: Kingambit|96/100
|-resisted|p1a: Kingambit|1
|-damage|p1a: Kingambit|92/100
|-resisted|p1a: Kingambit|1
|-crit|p1a: Kingambit
|-damage|p1a: Kingambit|83/100
|-resisted|p1a: Kingambit|1
|-damage|p1a: Kingambit|79/100
|-resisted|p1a: Kingambit|1
|-damage|p1a: Kingambit|75/100
|-resisted|p1a: Kingambit|1
|-damage|p1a: Kingambit|71/100
|-resisted|p1a: Kingambit|1
|-damage|p1a: Kingambit|68/100
|-resisted|p1a: Kingambit|1
|-damage|p1a: Kingambit|63/100
|-resisted|p1a: Kingambit|1
|-damage|p1a: Kingambit|59/100
|-resisted|p1a: Kingambit|1
|-damage|p1a: Kingambit|56/100
|-hitcount|p1a: Kingambit|10
|move|p1b: Incineroar|Parting Shot|p2b: Farigiraf
|-unboost|p2b: Farigiraf|atk|1
|-unboost|p2b: Farigiraf|spa|1
|
|t:|1784680619
|switch|p1b: Sneasler|Sneasler, L50, M|100/100|[from] Parting Shot
|move|p1a: Kingambit|Swords Dance|p1a: Kingambit
|-boost|p1a: Kingambit|atk|2
|
|upkeep
|turn|4
|
|t:|1784680638
|switch|p2b: Incineroar|Incineroar, L50, M|92/100
|-ability|p2b: Incineroar|Intimidate|boost
|-unboost|p1a: Kingambit|atk|1
|-ability|p1a: Kingambit|Defiant|boost
|-boost|p1a: Kingambit|atk|2
|-unboost|p1b: Sneasler|atk|1
|move|p2a: Maushold|Protect|p2a: Maushold
|-singleturn|p2a: Maushold|Protect
|move|p1b: Sneasler|Poison Jab|p2a: Maushold
|-activate|p2a: Maushold|move: Protect
|move|p1a: Kingambit|Kowtow Cleave|p2b: Incineroar
|-resisted|p2b: Incineroar|1
|-damage|p2b: Incineroar|19/100
|
|upkeep
|turn|5
|
|t:|1784680660
|move|p2b: Incineroar|Fake Out|p1b: Sneasler
|-damage|p1b: Sneasler|70/100
|-damage|p2b: Incineroar|9/100|[from] item: Life Orb
|move|p1a: Kingambit|Sucker Punch|p2a: Maushold
|-damage|p2a: Maushold|0 fnt
|faint|p2a: Maushold
|cant|p1b: Sneasler|flinch
|
|upkeep
|
|t:|1784680666
|switch|p2a: Farigiraf|Farigiraf, L50, F, shiny|100/100
|turn|6
|
|t:|1784680673
|move|p1b: Sneasler|Close Combat|p2b: Incineroar
|-supereffective|p2b: Incineroar|1
|-damage|p2b: Incineroar|0 fnt
|-unboost|p1b: Sneasler|def|1
|-unboost|p1b: Sneasler|spd|1
|faint|p2b: Incineroar
|move|p1a: Kingambit|Kowtow Cleave|p2a: Farigiraf
|-supereffective|p2a: Farigiraf|1
|-damage|p2a: Farigiraf|0 fnt
|faint|p2a: Farigiraf
|
|upkeep
|
|t:|1784680676
|switch|p2b: Mawile|Mawile, L50, F, shiny|100/100
|-ability|p2b: Mawile|Intimidate|boost
|-unboost|p1a: Kingambit|atk|1
|-ability|p1a: Kingambit|Defiant|boost
|-boost|p1a: Kingambit|atk|2
|-unboost|p1b: Sneasler|atk|1
|turn|7
|
|t:|1784680681
|switch|p1b: Incineroar|Incineroar, L50, M|100/100
|-ability|p1b: Incineroar|Intimidate|boost
|-unboost|p2b: Mawile|atk|1
|detailschange|p2b: Mawile|Mawile-Mega, L50, F, shiny
|-mega|p2b: Mawile|Mawile|Mawilite
|move|p1a: Kingambit|Sucker Punch|p2b: Mawile
|-resisted|p2b: Mawile|1
|-damage|p2b: Mawile|33/100
|move|p2b: Mawile|Play Rough|p1a: Kingambit
|-damage|p1a: Kingambit|15/100
|
|upkeep
|turn|8
|-message|yamamagames forfeited.
|raw|naibot2814's rating: 1463 → 1477(+14 for winning)
|raw|yamamagames's rating: 1347 → 1333(-14 for losing)
|
|win|naibot2814
|l|☆yamamagames
|player|p2|
