|j|☆PyroLaxus
|j|☆humanbacon
|html|PyroLaxushumanbacon    
|uhtml|bestof|Game 3 of a best-of-3
|t:|1784630751
|gametype|doubles
|player|p1|PyroLaxus|265|1188
|player|p2|humanbacon|acetrainer|1301
|gen|9
|tier|[Gen 9 Champions] VGC 2026 Reg M-B (Bo3)
|rated|
|rule|Species Clause: Limit one of each Pokémon
|rule|Item Clause: Limit 1 of each item
|clearpoke
|poke|p1|Blaziken, L50, F|
|poke|p1|Kingambit, L50, F|
|poke|p1|Farigiraf, L50, M|
|poke|p1|Sylveon, L50, F|
|poke|p1|Basculegion, L50, M|
|poke|p1|Aerodactyl, L50, F|
|poke|p2|Raichu, L50, M|
|poke|p2|Venusaur, L50, F|
|poke|p2|Ninetales-Alola, L50, F|
|poke|p2|Incineroar, L50, M|
|poke|p2|Basculegion, L50, M|
|poke|p2|Annihilape, L50, F|
|teampreview|4
|showteam|p1|Blaziken||Blazikenite|SpeedBoost|CloseCombat,FlareBlitz,RockSlide,Protect|Adamant||F|||50|]Kingambit||LifeOrb|Defiant|SuckerPunch,KowtowCleave,IronHead,Protect|Adamant||F|||50|]Farigiraf||SitrusBerry|ArmorTail|Thunderbolt,Psychic,TrickRoom,HelpingHand|Calm||M|||50|]Sylveon||FairyFeather|Pixilate|HyperVoice,QuickAttack,Roar,Protect|Modest||F|||50|]Basculegion||FocusSash|Adaptability|AquaJet,Liquidation,FlipTurn,LastRespects|Adamant||M|||50|]Aerodactyl||Aerodactylite|Unnerve|Protect,RockSlide,Tailwind,IceFang|Jolly||F|||50|
|showteam|p2|Raichu||RaichuniteY|LightningRod|ZapCannon,FocusBlast,FakeOut,Protect|Timid||M|||50|]Venusaur||Venusaurite|Chlorophyll|EnergyBall,SludgeBomb,LeechSeed,Protect|Modest||F|||50|]Ninetales-Alola||FocusSash|SnowWarning|FreezeDry,IcyWind,Moonblast,Protect|Timid||F|||50|]Incineroar||SitrusBerry|Intimidate|FakeOut,ThroatChop,PartingShot,FlareBlitz|Adamant||M|||50|]Basculegion||MysticWater|Adaptability|WaveCrash,LastRespects,AquaJet,Protect|Adamant||M|||50|]Annihilape||RoseliBerry|Defiant|DrainPunch,RageFist,BulkUp,Protect|Adamant||F|||50|
|inactive|Battle timer is ON: inactive players will automatically lose when time's up. (requested by humanbacon)
|
|t:|1784630776
|teamsize|p1|4
|teamsize|p2|4
|start
|switch|p1a: Sylveon|Sylveon, L50, F|100/100
|switch|p1b: Aerodactyl|Aerodactyl, L50, F|100/100
|switch|p2a: Annihilape|Annihilape, L50, F|100/100
|switch|p2b: Incineroar|Incineroar, L50, M|100/100
|-ability|p1b: Aerodactyl|Unnerve
|-ability|p2b: Incineroar|Intimidate|boost
|-unboost|p1a: Sylveon|atk|1
|-unboost|p1b: Aerodactyl|atk|1
|turn|1
|inactive|PyroLaxus has 30 seconds left.
|
|t:|1784630805
|detailschange|p1b: Aerodactyl|Aerodactyl-Mega, L50, F
|-mega|p1b: Aerodactyl|Aerodactyl|Aerodactylite
|move|p1b: Aerodactyl|Protect|p1b: Aerodactyl
|-singleturn|p1b: Aerodactyl|Protect
|move|p2b: Incineroar|Fake Out|p1a: Sylveon
|-damage|p1a: Sylveon|84/100
|move|p2a: Annihilape|Bulk Up|p2a: Annihilape
|-boost|p2a: Annihilape|atk|1
|-boost|p2a: Annihilape|def|1
|cant|p1a: Sylveon|flinch
|
|upkeep
|turn|2
|
|t:|1784630820
|move|p2a: Annihilape|Protect|p2a: Annihilape
|-singleturn|p2a: Annihilape|Protect
|move|p1b: Aerodactyl|Rock Slide|p2a: Annihilape|[spread] p2b
|-activate|p2a: Annihilape|move: Protect
|-supereffective|p2b: Incineroar|1
|-damage|p2b: Incineroar|68/100
|move|p1a: Sylveon|Hyper Voice|p2a: Annihilape|[spread] p2b
|-activate|p2a: Annihilape|move: Protect
|-damage|p2b: Incineroar|23/100
|-enditem|p2b: Incineroar|Sitrus Berry|[eat]
|-heal|p2b: Incineroar|48/100|[from] item: Sitrus Berry
|move|p2b: Incineroar|Parting Shot|p1a: Sylveon
|-unboost|p1a: Sylveon|atk|1
|-unboost|p1a: Sylveon|spa|1
|
|t:|1784630834
|switch|p2b: Venusaur|Venusaur, L50, F|100/100|[from] Parting Shot
|
|upkeep
|turn|3
|
|t:|1784630855
|detailschange|p2b: Venusaur|Venusaur-Mega, L50, F
|-mega|p2b: Venusaur|Venusaur|Venusaurite
|move|p1b: Aerodactyl|Ice Fang|p2b: Venusaur
|-supereffective|p2b: Venusaur|1
|-damage|p2b: Venusaur|85/100
|move|p2a: Annihilape|Rage Fist|p1a: Sylveon
|-damage|p1a: Sylveon|42/100
|move|p1a: Sylveon|Hyper Voice|p2b: Venusaur|[spread] p2a,p2b
|-supereffective|p2a: Annihilape|1
|-enditem|p2a: Annihilape|Roseli Berry|[eat]
|-enditem|p2a: Annihilape|Roseli Berry|[weaken]
|-resisted|p2b: Venusaur|1
|-damage|p2a: Annihilape|75/100
|-damage|p2b: Venusaur|73/100
|move|p2b: Venusaur|Leech Seed|p1b: Aerodactyl
|-start|p1b: Aerodactyl|move: Leech Seed
|
|-damage|p1b: Aerodactyl|87/100|[from] Leech Seed|[of] p2b: Venusaur
|-heal|p2b: Venusaur|85/100|[silent]
|upkeep
|turn|4
|
|t:|1784630878
|move|p2a: Annihilape|Protect|p2a: Annihilape
|-singleturn|p2a: Annihilape|Protect
|move|p1b: Aerodactyl|Tailwind|p1b: Aerodactyl
|-sidestart|p1: PyroLaxus|move: Tailwind
|move|p1a: Sylveon|Hyper Voice|p2a: Annihilape|[spread] p2b
|-activate|p2a: Annihilape|move: Protect
|-resisted|p2b: Venusaur|1
|-damage|p2b: Venusaur|72/100
|move|p2b: Venusaur|Sludge Bomb|p1a: Sylveon
|-supereffective|p1a: Sylveon|1
|-damage|p1a: Sylveon|0 fnt
|faint|p1a: Sylveon
|
|-damage|p1b: Aerodactyl|75/100|[from] Leech Seed|[of] p2b: Venusaur
|-heal|p2b: Venusaur|84/100|[silent]
|upkeep
|
|t:|1784630892
|switch|p1a: Blaziken|Blaziken, L50, F|100/100
|turn|5
|
|t:|1784630907
|switch|p2b: Incineroar|Incineroar, L50, M|48/100
|-ability|p2b: Incineroar|Intimidate|boost
|-unboost|p1a: Blaziken|atk|1
|-unboost|p1b: Aerodactyl|atk|1
|move|p1b: Aerodactyl|Ice Fang|p2a: Annihilape
|-damage|p2a: Annihilape|67/100
|move|p1a: Blaziken|Flare Blitz|p2b: Incineroar
|-resisted|p2b: Incineroar|1
|-damage|p2b: Incineroar|30/100
|-damage|p1a: Blaziken|92/100|[from] Recoil
|cant|p2a: Annihilape|flinch
|
|-damage|p1b: Aerodactyl|62/100|[from] Leech Seed|[of] p2b: Incineroar
|-heal|p2b: Incineroar|40/100|[silent]
|-ability|p1a: Blaziken|Speed Boost|boost
|-boost|p1a: Blaziken|spe|1
|upkeep
|turn|6
|
|t:|1784630932
|move|p2b: Incineroar|Fake Out|p1a: Blaziken
|-damage|p1a: Blaziken|74/100
|move|p1b: Aerodactyl|Rock Slide|p2b: Incineroar|[spread] p2a
|-miss|p1b: Aerodactyl|p2b: Incineroar
|-resisted|p2a: Annihilape|1
|-damage|p2a: Annihilape|62/100
|cant|p1a: Blaziken|flinch
|move|p2a: Annihilape|Drain Punch|p1b: Aerodactyl
|-damage|p1b: Aerodactyl|2/100
|-heal|p2a: Annihilape|87/100|[from] drain|[of] p1b: Aerodactyl
|
|-damage|p1b: Aerodactyl|0 fnt|[from] Leech Seed|[of] p2b: Incineroar
|-heal|p2b: Incineroar|43/100|[silent]
|faint|p1b: Aerodactyl
|-ability|p1a: Blaziken|Speed Boost|boost
|-boost|p1a: Blaziken|spe|1
|upkeep
|
|t:|1784630948
|switch|p1b: Basculegion|Basculegion, L50, M|100/100
|turn|7
|
|t:|1784630967
|switch|p2b: Venusaur|Venusaur-Mega, L50, F|84/100
|move|p2a: Annihilape|Protect|p2a: Annihilape
|-singleturn|p2a: Annihilape|Protect
|move|p1a: Blaziken|Close Combat|p2b: Venusaur
|-resisted|p2b: Venusaur|1
|-damage|p2b: Venusaur|67/100
|-unboost|p1a: Blaziken|def|1
|-unboost|p1a: Blaziken|spd|1
|move|p1b: Basculegion|Last Respects|p2a: Annihilape
|-activate|p2a: Annihilape|move: Protect
|
|-sideend|p1: PyroLaxus|move: Tailwind
|-ability|p1a: Blaziken|Speed Boost|boost
|-boost|p1a: Blaziken|spe|1
|upkeep
|turn|8
|
|t:|1784630983
|switch|p2b: Incineroar|Incineroar, L50, M|43/100
|-ability|p2b: Incineroar|Intimidate|boost
|-unboost|p1a: Blaziken|atk|1
|-unboost|p1b: Basculegion|atk|1
|move|p1a: Blaziken|Protect|p1a: Blaziken
|-singleturn|p1a: Blaziken|Protect
|move|p1b: Basculegion|Last Respects|p2a: Annihilape
|-supereffective|p2a: Annihilape|1
|-damage|p2a: Annihilape|0 fnt
|faint|p2a: Annihilape
|
|-ability|p1a: Blaziken|Speed Boost|boost
|-boost|p1a: Blaziken|spe|1
|upkeep
|
|t:|1784630994
|switch|p2a: Venusaur|Venusaur-Mega, L50, F|67/100
|turn|9
|
|t:|1784631014
|switch|p2b: Basculegion|Basculegion, L50, M|100/100
|move|p2a: Venusaur|Protect|p2a: Venusaur
|-singleturn|p2a: Venusaur|Protect
|move|p1a: Blaziken|Close Combat|p2b: Basculegion
|-immune|p2b: Basculegion
|move|p1b: Basculegion|Last Respects|p2a: Venusaur
|-activate|p2a: Venusaur|move: Protect
|
|-ability|p1a: Blaziken|Speed Boost|boost
|-boost|p1a: Blaziken|spe|1
|upkeep
|turn|10
|inactive|PyroLaxus has 30 seconds left.
|
|t:|1784631042
|switch|p2a: Incineroar|Incineroar, L50, M|43/100
|-ability|p2a: Incineroar|Intimidate|boost
|-unboost|p1a: Blaziken|atk|1
|-unboost|p1b: Basculegion|atk|1
|move|p1a: Blaziken|Protect|p1a: Blaziken
|-singleturn|p1a: Blaziken|Protect
|move|p2b: Basculegion|Protect|p2b: Basculegion
|-singleturn|p2b: Basculegion|Protect
|move|p1b: Basculegion|Last Respects|p2b: Basculegion
|-activate|p2b: Basculegion|move: Protect
|
|-ability|p1a: Blaziken|Speed Boost|boost
|-boost|p1a: Blaziken|spe|1
|upkeep
|turn|11
|
|t:|1784631065
|move|p2b: Basculegion|Aqua Jet|p1a: Blaziken
|-supereffective|p1a: Blaziken|1
|-damage|p1a: Blaziken|0 fnt
|faint|p1a: Blaziken
|move|p1b: Basculegion|Last Respects|p2b: Basculegion
|-supereffective|p2b: Basculegion|1
|-damage|p2b: Basculegion|0 fnt
|faint|p2b: Basculegion
|move|p2a: Incineroar|Throat Chop|p1b: Basculegion
|-supereffective|p1b: Basculegion|1
|-damage|p1b: Basculegion|4/100
|-start|p1b: Basculegion|Throat Chop|[silent]
|
|upkeep
|
|t:|1784631075
|switch|p2b: Venusaur|Venusaur-Mega, L50, F|67/100
|turn|12
|
|t:|1784631086
|move|p1b: Basculegion|Last Respects|p2b: Venusaur
|-damage|p2b: Venusaur|11/100
|move|p2b: Venusaur|Energy Ball|p1b: Basculegion
|-supereffective|p1b: Basculegion|1
|-damage|p1b: Basculegion|0 fnt
|faint|p1b: Basculegion
|
|win|humanbacon
|raw|PyroLaxus's rating: 1188 → 1171(-17 for losing)
|raw|humanbacon's rating: 1301 → 1315(+14 for winning)
