|j|☆hinoky
|j|☆8787878i
|html|hinoky8787878i    
|uhtml|bestof|Game 2 of a best-of-3
|t:|1785768873
|gametype|doubles
|player|p1|hinoky|wattson|1147
|player|p2|8787878i|tuberf|1301
|gen|9
|tier|[Gen 9 Champions] VGC 2026 Reg M-B (Bo3)
|rated|
|rule|Species Clause: Limit one of each Pokémon
|rule|Item Clause: Limit 1 of each item
|clearpoke
|poke|p1|Whimsicott, L50, F|
|poke|p1|Basculegion, L50, M|
|poke|p1|Charizard, L50, F|
|poke|p1|Garchomp, L50, F|
|poke|p1|Kingambit, L50, F|
|poke|p1|Floette-Eternal, L50, F|
|poke|p2|Staraptor, L50, M|
|poke|p2|Glimmora, L50, F|
|poke|p2|Whimsicott, L50, F|
|poke|p2|Kingambit, L50, M|
|poke|p2|Garchomp, L50, M|
|poke|p2|Delphox, L50, M|
|teampreview|4
|showteam|p1|Whimsicott||FocusSash|Prankster|Moonblast,Tailwind,Encore,Protect|Timid||F|||50|]Basculegion||MysticWater|Adaptability|Protect,WaveCrash,LastRespects,AquaJet|Adamant||M|||50|]Charizard||CharizarditeY|Blaze|HeatWave,SolarBeam,WeatherBall,Protect|Modest||F|||50|]Garchomp||LifeOrb|RoughSkin|Earthquake,RockSlide,DragonClaw,Protect|Jolly||F|||50|]Kingambit||BlackGlasses|Defiant|SuckerPunch,KowtowCleave,IronHead,Protect|Adamant||F|||50|]Floette-Eternal||Floettite|FlowerVeil|Protect,DazzlingGleam,Moonblast,LightofRuin|Modest||F|||50|
|showteam|p2|Staraptor||Staraptite|Intimidate|CloseCombat,BraveBird,Roost,Protect|Jolly||M|||50|]Glimmora||FocusSash|ToxicDebris|PowerGem,SludgeBomb,EarthPower,SpikyShield|Modest||F|||50|]Whimsicott||OccaBerry|Prankster|Tailwind,Moonblast,Charm,LightScreen|Timid||F|||50|]Kingambit||ChopleBerry|Defiant|KowtowCleave,IronHead,LowKick,SuckerPunch|Adamant||M|||50|]Garchomp||ChoiceScarf|RoughSkin|Earthquake,DragonClaw,RockSlide,StompingTantrum|Adamant||M|||50|]Delphox||Delphoxite|Blaze|HeatWave,Psychic,Encore,Protect|Timid||M|||50|
|
|t:|1785768894
|teamsize|p1|4
|teamsize|p2|4
|start
|switch|p1a: Whimsicott|Whimsicott, L50, F|100/100
|switch|p1b: Basculegion|Basculegion, L50, M|100/100
|switch|p2a: Whimsicott|Whimsicott, L50, F|100/100
|switch|p2b: Glimmora|Glimmora, L50, F|100/100
|turn|1
|
|t:|1785768930
|move|p1a: Whimsicott|Moonblast|p2b: Glimmora
|-resisted|p2b: Glimmora|1
|-damage|p2b: Glimmora|74/100
|move|p2a: Whimsicott|Moonblast|p1a: Whimsicott
|-damage|p1a: Whimsicott|61/100
|move|p2b: Glimmora|Sludge Bomb|p1a: Whimsicott
|-supereffective|p1a: Whimsicott|2
|-damage|p1a: Whimsicott|0 fnt
|faint|p1a: Whimsicott
|move|p1b: Basculegion|Wave Crash|p2b: Glimmora
|-supereffective|p2b: Glimmora|1
|-damage|p2b: Glimmora|0 fnt
|-activate|p2b: Glimmora|ability: Toxic Debris
|-sidestart|p1: hinoky|move: Toxic Spikes
|faint|p2b: Glimmora
|-damage|p1b: Basculegion|80/100|[from] Recoil
|
|upkeep
|
|t:|1785768947
|switch|p1a: Floette|Floette-Eternal, L50, F|100/100
|switch|p2b: Staraptor|Staraptor, L50, M|100/100
|-ability|p2b: Staraptor|Intimidate|boost
|-unboost|p1a: Floette|atk|1
|-unboost|p1b: Basculegion|atk|1
|-status|p1a: Floette|psn
|turn|2
|
|t:|1785768987
|detailschange|p2b: Staraptor|Staraptor-Mega, L50, M
|-mega|p2b: Staraptor|Staraptor|Staraptite
|detailschange|p1a: Floette|Floette-Mega, L50, F
|-mega|p1a: Floette|Floette|Floettite
|-ability|p1a: Floette|Fairy Aura
|move|p2b: Staraptor|Protect|p2b: Staraptor
|-singleturn|p2b: Staraptor|Protect
|move|p1b: Basculegion|Aqua Jet|p2a: Whimsicott
|-resisted|p2a: Whimsicott|1
|-damage|p2a: Whimsicott|88/100
|move|p2a: Whimsicott|Moonblast|p1a: Floette
|-damage|p1a: Floette|72/100 psn
|move|p1a: Floette|Light of Ruin|p2b: Staraptor
|-activate|p2b: Staraptor|move: Protect
|
|-damage|p1a: Floette|60/100 psn|[from] psn
|upkeep
|turn|3
|
|t:|1785769005
|move|p2a: Whimsicott|Charm|p2b: Staraptor
|-boost|p2b: Staraptor|atk|2
|move|p2b: Staraptor|Brave Bird|p1a: Floette
|-damage|p1a: Floette|0 fnt
|faint|p1a: Floette
|-damage|p2b: Staraptor|83/100|[from] Recoil
|move|p1b: Basculegion|Last Respects|p2b: Staraptor
|-damage|p2b: Staraptor|24/100
|
|upkeep
|
|t:|1785769014
|switch|p1a: Garchomp|Garchomp, L50, F|100/100
|-status|p1a: Garchomp|psn
|turn|4
|
|t:|1785769063
|move|p2b: Staraptor|Protect|p2b: Staraptor
|-singleturn|p2b: Staraptor|Protect
|move|p1a: Garchomp|Rock Slide|p2b: Staraptor|[spread] p2a
|-activate|p2b: Staraptor|move: Protect
|-damage|p2a: Whimsicott|64/100
|-damage|p1a: Garchomp|90/100 psn|[from] item: Life Orb
|move|p2a: Whimsicott|Moonblast|p1b: Basculegion
|-damage|p1b: Basculegion|50/100g
|move|p1b: Basculegion|Last Respects|p2a: Whimsicott
|-damage|p2a: Whimsicott|0 fnt
|faint|p2a: Whimsicott
|
|-damage|p1a: Garchomp|77/100 psn|[from] psn
|upkeep
|
|t:|1785769074
|switch|p2a: Garchomp|Garchomp, L50, M|100/100
|turn|5
|
|t:|1785769089
|move|p1a: Garchomp|Protect|p1a: Garchomp
|-singleturn|p1a: Garchomp|Protect
|move|p2a: Garchomp|Dragon Claw|p1a: Garchomp
|-activate|p1a: Garchomp|move: Protect
|move|p2b: Staraptor|Brave Bird|p1b: Basculegion
|-crit|p1b: Basculegion
|-damage|p1b: Basculegion|0 fnt
|faint|p1b: Basculegion
|-damage|p2b: Staraptor|6/100|[from] Recoil
|
|-damage|p1a: Garchomp|65/100 psn|[from] psn
|upkeep
|turn|6
|
|t:|1785769109
|move|p2a: Garchomp|Dragon Claw|p1a: Garchomp
|-supereffective|p1a: Garchomp|1
|-damage|p1a: Garchomp|0 fnt
|-damage|p2a: Garchomp|87/100|[from] ability: Rough Skin|[of] p1a: Garchomp
|faint|p1a: Garchomp
|
|win|8787878i
|raw|hinoky's rating: 1147 → 1132(-15 for losing)
|raw|8787878i's rating: 1301 → 1313(+12 for winning)
|l|☆8787878i
|player|p2|
