|j|☆pikatrod
|j|☆Inferno prodigy
|html|pikatrodInferno prodigy    
|uhtml|bestof|Game 2 of a best-of-3
|t:|1784577131
|gametype|doubles
|player|p1|pikatrod|1|1409
|player|p2|Inferno prodigy|102|1345
|gen|9
|tier|[Gen 9 Champions] VGC 2026 Reg M-B (Bo3)
|rated|
|rule|Species Clause: Limit one of each Pokémon
|rule|Item Clause: Limit 1 of each item
|clearpoke
|poke|p1|Kingambit, L50, F|
|poke|p1|Charizard, L50, F|
|poke|p1|Aerodactyl, L50, F|
|poke|p1|Farigiraf, L50, M|
|poke|p1|Garchomp, L50, F|
|poke|p1|Sylveon, L50, F|
|poke|p2|Staraptor, L50, M|
|poke|p2|Metagross, L50|
|poke|p2|Farigiraf, L50, F|
|poke|p2|Whimsicott, L50, F|
|poke|p2|Garchomp, L50, M|
|poke|p2|Ceruledge, L50, M|
|teampreview|4
|showteam|p1|Kingambit||FocusSash|Defiant|KowtowCleave,IronHead,SuckerPunch,LowKick|Adamant||F|||50|]Charizard||CharizarditeY|Blaze|HeatWave,SolarBeam,WeatherBall,Protect|Modest||F|||50|]Aerodactyl||Aerodactylite|Unnerve|RockSlide,DualWingbeat,IceFang,Tailwind|Jolly||F|||50|]Farigiraf||SitrusBerry|ArmorTail|TwinBeam,Thunderbolt,TrickRoom,Roar|Bold||M|||50|]Garchomp||LifeOrb|RoughSkin|Earthquake,DragonClaw,StompingTantrum,Protect|Jolly||F|||50|]Sylveon||FairyFeather|Pixilate|HyperVoice,HyperBeam,QuickAttack,Protect|Modest||F|||50|
|showteam|p2|Staraptor||Staraptite|Intimidate|CloseCombat,Roost,BraveBird,Protect|Jolly||M|||50|]Metagross||Metagrossite|ClearBody|Protect,IronHead,PsychicFangs,BodyPress|Adamant|||||50|]Farigiraf||SitrusBerry|ArmorTail|Psychic,Thunderbolt,HelpingHand,TrickRoom|Calm||F|||50|]Whimsicott||FocusSash|Prankster|Moonblast,Tailwind,Encore,Charm|Timid||F|||50|]Garchomp||LifeOrb|RoughSkin|StompingTantrum,RockSlide,DragonClaw,Protect|Jolly||M|||50|]Ceruledge||ColburBerry|FlashFire|BitterBlade,ShadowSneak,BulkUp,Protect|Adamant||M|||50|
|
|t:|1784577187
|teamsize|p1|4
|teamsize|p2|4
|start
|switch|p1a: Charizard|Charizard, L50, F|100/100
|switch|p1b: Garchomp|Garchomp, L50, F|100/100
|switch|p2a: Metagross|Metagross, L50|100/100
|switch|p2b: Whimsicott|Whimsicott, L50, F|100/100
|turn|1
|
|t:|1784577206
|detailschange|p1a: Charizard|Charizard-Mega-Y, L50, F
|-mega|p1a: Charizard|Charizard|Charizardite Y
|-weather|SunnyDay|[from] ability: Drought|[of] p1a: Charizard
|move|p2a: Metagross|Protect|p2a: Metagross
|-singleturn|p2a: Metagross|Protect
|move|p2b: Whimsicott|Tailwind|p2b: Whimsicott
|-sidestart|p2: Inferno prodigy|move: Tailwind
|move|p1b: Garchomp|Earthquake|p2b: Whimsicott|[spread] p2b
|-activate|p2a: Metagross|move: Protect
|-immune|p1a: Charizard
|-resisted|p2b: Whimsicott|1
|-damage|p2b: Whimsicott|62/100
|-damage|p1b: Garchomp|90/100|[from] item: Life Orb
|move|p1a: Charizard|Heat Wave|p2b: Whimsicott|[spread] p2b
|-activate|p2a: Metagross|move: Protect
|-supereffective|p2b: Whimsicott|1
|-damage|p2b: Whimsicott|0 fnt
|faint|p2b: Whimsicott
|
|-weather|SunnyDay|[upkeep]
|upkeep
|
|t:|1784577213
|switch|p2b: Garchomp|Garchomp, L50, M|100/100
|turn|2
|
|t:|1784577229
|switch|p1a: Farigiraf|Farigiraf, L50, M|100/100
|detailschange|p2a: Metagross|Metagross-Mega, L50
|-mega|p2a: Metagross|Metagross|Metagrossite
|move|p1b: Garchomp|Protect|p1b: Garchomp
|-singleturn|p1b: Garchomp|Protect
|move|p2b: Garchomp|Dragon Claw|p1b: Garchomp
|-activate|p1b: Garchomp|move: Protect
|move|p2a: Metagross|Psychic Fangs|p1a: Farigiraf
|-resisted|p1a: Farigiraf|1
|-damage|p1a: Farigiraf|72/100
|
|-weather|SunnyDay|[upkeep]
|upkeep
|turn|3
|
|t:|1784577252
|move|p2b: Garchomp|Stomping Tantrum|p1a: Farigiraf
|-damage|p1a: Farigiraf|32/100
|-enditem|p1a: Farigiraf|Sitrus Berry|[eat]
|-heal|p1a: Farigiraf|57/100|[from] item: Sitrus Berry
|-damage|p2b: Garchomp|90/100|[from] item: Life Orb
|move|p2a: Metagross|Iron Head|p1a: Farigiraf
|-damage|p1a: Farigiraf|7/100
|move|p1b: Garchomp|Dragon Claw|p2b: Garchomp
|-supereffective|p2b: Garchomp|1
|-crit|p2b: Garchomp
|-damage|p2b: Garchomp|0 fnt
|-damage|p1b: Garchomp|77/100|[from] ability: Rough Skin|[of] p2b: Garchomp
|faint|p2b: Garchomp
|-damage|p1b: Garchomp|68/100|[from] item: Life Orb
|move|p1a: Farigiraf|Twin Beam|p2a: Metagross
|-resisted|p2a: Metagross|2
|-damage|p2a: Metagross|96/100
|-resisted|p2a: Metagross|2
|-damage|p2a: Metagross|92/100
|-hitcount|p2a: Metagross|2
|
|-weather|SunnyDay|[upkeep]
|upkeep
|
|t:|1784577265
|switch|p2b: Ceruledge|Ceruledge, L50, M|100/100
|turn|4
|
|t:|1784577296
|move|p1b: Garchomp|Protect|p1b: Garchomp
|-singleturn|p1b: Garchomp|Protect
|move|p2a: Metagross|Psychic Fangs|p1b: Garchomp
|-activate|p1b: Garchomp|move: Protect
|move|p2b: Ceruledge|Bitter Blade|p1a: Farigiraf
|-damage|p1a: Farigiraf|0 fnt
|faint|p1a: Farigiraf
|
|-weather|SunnyDay|[upkeep]
|-sideend|p2: Inferno prodigy|move: Tailwind
|upkeep
|
|t:|1784577307
|switch|p1a: Aerodactyl|Aerodactyl, L50, F|100/100
|-ability|p1a: Aerodactyl|Unnerve
|turn|5
|
|t:|1784577321
|move|p1a: Aerodactyl|Tailwind|p1a: Aerodactyl
|-sidestart|p1: pikatrod|move: Tailwind
|move|p1b: Garchomp|Earthquake|p2b: Ceruledge|[spread] p2a,p2b
|-immune|p1a: Aerodactyl
|-supereffective|p2a: Metagross|1
|-supereffective|p2b: Ceruledge|1
|-damage|p2a: Metagross|15/100
|-damage|p2b: Ceruledge|0 fnt
|faint|p2b: Ceruledge
|-damage|p1b: Garchomp|58/100|[from] item: Life Orb
|move|p2a: Metagross|Iron Head|p1a: Aerodactyl
|-supereffective|p1a: Aerodactyl|1
|-damage|p1a: Aerodactyl|0 fnt
|faint|p1a: Aerodactyl
|
|-weather|none
|upkeep
|
|t:|1784577331
|switch|p1a: Charizard|Charizard-Mega-Y, L50, F|100/100
|-weather|SunnyDay|[from] ability: Drought|[of] p1a: Charizard
|turn|6
|-message|Inferno prodigy forfeited.
|
|win|pikatrod
|raw|pikatrod's rating: 1409 → 1425(+16 for winning)
|raw|Inferno prodigy's rating: 1345 → 1329(-16 for losing)
|l|☆Inferno prodigy
|player|p2|
