|j|☆MarkPanCP
|j|☆Phiro45
|html|MarkPanCPPhiro45    
|uhtml|bestof|Game 3 of a best-of-3
|t:|1786159395
|gametype|doubles
|player|p1|MarkPanCP|cynthia|
|player|p2|Phiro45|iris-gen5bw2|
|gen|9
|tier|[Gen 9 Champions] VGC 2026 Reg M-B (Bo3)
|rule|Species Clause: Limit one of each Pokémon
|rule|Item Clause: Limit 1 of each item
|clearpoke
|poke|p1|Charizard, L50, F|
|poke|p1|Venusaur, L50, M|
|poke|p1|Sinistcha, L50|
|poke|p1|Incineroar, L50, F|
|poke|p1|Floette-Eternal, L50, F|
|poke|p1|Garchomp, L50, F|
|poke|p2|Garchomp, L50, M|
|poke|p2|Charizard, L50, F|
|poke|p2|Kingambit, L50, M|
|poke|p2|Basculegion, L50, M|
|poke|p2|Whimsicott, L50, F|
|poke|p2|Farigiraf, L50, F|
|teampreview|4
|showteam|p1|Charizard||CharizarditeY|Blaze|HeatWave,Protect,SolarBeam,WeatherBall|Modest||F|||50|]Venusaur||FocusSash|Chlorophyll|SludgeBomb,LeafStorm,Protect,SleepPowder|Timid||M|||50|]Sinistcha||ColburBerry|Hospitality|TrickRoom,Protect,MatchaGotcha,RagePowder|Relaxed|||||50|]Incineroar||SitrusBerry|Intimidate|FlareBlitz,FakeOut,ThroatChop,PartingShot|Careful||F|||50|]Floette-Eternal||Floettite|FlowerVeil|Moonblast,CalmMind,DazzlingGleam,Protect|Timid||F|||50|]Garchomp||ChoiceScarf|RoughSkin|Earthquake,RockSlide,DragonClaw,StompingTantrum|Adamant||F|||50|
|showteam|p2|Garchomp||LifeOrb|RoughSkin|RockSlide,DragonClaw,StompingTantrum,Protect|Rash||M|||50|]Charizard||CharizarditeY|Blaze|HeatWave,SolarBeam,WeatherBall,Protect|Timid||F|||50|]Kingambit||ChopleBerry|Defiant|KowtowCleave,IronHead,SuckerPunch,LowKick|Adamant||M|||50|]Basculegion||ChoiceScarf|Adaptability|LastRespects,WaveCrash,FlipTurn,AquaJet|Jolly||M|||50|]Whimsicott||FocusSash|Prankster|Tailwind,Moonblast,Encore,Protect|Bold||F|||50|]Farigiraf||SitrusBerry|ArmorTail|Psychic,Thunderbolt,TrickRoom,HelpingHand|Quiet||F|||50|
|j| plata_0007
|j| OrCapp
|j| GoyoTraineador
|c|☆Phiro45|start
|
|t:|1786159512
|teamsize|p1|4
|teamsize|p2|4
|start
|switch|p1a: Pitudo|Garchomp, L50, F|100/100
|switch|p1b: Incinegoat|Incineroar, L50, F|100/100
|switch|p2a: Bananini|Garchomp, L50, M|100/100
|switch|p2b: VictiniShiny|Charizard, L50, F|100/100
|-ability|p1b: Incinegoat|Intimidate|boost
|-unboost|p2a: Bananini|atk|1
|-unboost|p2b: VictiniShiny|atk|1
|turn|1
|
|t:|1786159561
|detailschange|p2b: VictiniShiny|Charizard-Mega-Y, L50, F
|-mega|p2b: VictiniShiny|Charizard|Charizardite Y
|-weather|SunnyDay|[from] ability: Drought|[of] p2b: VictiniShiny
|move|p1b: Incinegoat|Fake Out|p2a: Bananini
|-damage|p2a: Bananini|90/100
|-damage|p1b: Incinegoat|87/100|[from] ability: Rough Skin|[of] p2a: Bananini
|move|p1a: Pitudo|Rock Slide|p2b: VictiniShiny|[spread] p2a,p2b
|-resisted|p2a: Bananini|1
|-supereffective|p2b: VictiniShiny|2
|-damage|p2a: Bananini|81/100
|-damage|p2b: VictiniShiny|0 fnt
|faint|p2b: VictiniShiny
|cant|p2a: Bananini|flinch
|
|-weather|SunnyDay|[upkeep]
|upkeep
|
|t:|1786159574
|switch|p2b: DiosDel69|Kingambit, L50, M|100/100
|turn|2
|
|t:|1786159650
|switch|p1a: Violador|Charizard, L50, F|100/100
|move|p2a: Bananini|Dragon Claw|p1a: Violador
|-damage|p1a: Violador|53/100
|-damage|p2a: Bananini|72/100|[from] item: Life Orb
|move|p1b: Incinegoat|Flare Blitz|p2a: Bananini
|-resisted|p2a: Bananini|1
|-damage|p2a: Bananini|39/100
|-damage|p1b: Incinegoat|75/100|[from] ability: Rough Skin|[of] p2a: Bananini
|-damage|p1b: Incinegoat|63/100|[from] Recoil
|move|p2b: DiosDel69|Low Kick|p1b: Incinegoat
|-supereffective|p1b: Incinegoat|1
|-damage|p1b: Incinegoat|0 fnt
|faint|p1b: Incinegoat
|
|-weather|SunnyDay|[upkeep]
|upkeep
|
|t:|1786159666
|switch|p1b: Pitudo|Garchomp, L50, F|100/100
|turn|3
|
|t:|1786159687
|detailschange|p1a: Violador|Charizard-Mega-Y, L50, F
|-mega|p1a: Violador|Charizard|Charizardite Y
|move|p1b: Pitudo|Dragon Claw|p2b: DiosDel69
|-resisted|p2b: DiosDel69|1
|-damage|p2b: DiosDel69|85/100
|move|p2a: Bananini|Rock Slide|p1a: Violador|[spread] p1a,p1b
|-supereffective|p1a: Violador|2
|-resisted|p1b: Pitudo|1
|-damage|p1a: Violador|0 fnt
|-damage|p1b: Pitudo|90/100
|faint|p1a: Violador
|-damage|p2a: Bananini|29/100|[from] item: Life Orb
|move|p2b: DiosDel69|Kowtow Cleave|p1b: Pitudo
|-damage|p1b: Pitudo|42/100
|-damage|p2b: DiosDel69|72/100|[from] ability: Rough Skin|[of] p1b: Pitudo
|
|-weather|SunnyDay|[upkeep]
|upkeep
|
|t:|1786159704
|switch|p1a: Mikecrak|Floette-Eternal, L50, F|100/100
|turn|4
|
|t:|1786159712
|move|p1a: Mikecrak|Protect|p1a: Mikecrak
|-singleturn|p1a: Mikecrak|Protect
|move|p1b: Pitudo|Dragon Claw|p2a: Bananini
|-supereffective|p2a: Bananini|1
|-damage|p2a: Bananini|0 fnt
|-damage|p1b: Pitudo|30/100|[from] ability: Rough Skin|[of] p2a: Bananini
|faint|p2a: Bananini
|move|p2b: DiosDel69|Iron Head|p1a: Mikecrak
|-activate|p1a: Mikecrak|move: Protect
|
|-weather|SunnyDay|[upkeep]
|upkeep
|
|t:|1786159723
|switch|p2a: PezDeMrd|Basculegion, L50, M|100/100
|turn|5
|
|t:|1786159746
|move|p1a: Mikecrak|Protect|p1a: Mikecrak
|-singleturn|p1a: Mikecrak|Protect
|move|p2a: PezDeMrd|Aqua Jet|p1b: Pitudo
|-damage|p1b: Pitudo|18/100
|-damage|p2a: PezDeMrd|87/100|[from] ability: Rough Skin|[of] p1b: Pitudo
|move|p1b: Pitudo|Dragon Claw|p2a: PezDeMrd
|-damage|p2a: PezDeMrd|35/100
|move|p2b: DiosDel69|Iron Head|p1a: Mikecrak
|-activate|p1a: Mikecrak|move: Protect
|
|-weather|none
|upkeep
|turn|6
|
|t:|1786159764
|move|p1a: Mikecrak|Protect||[still]
|-fail|p1a: Mikecrak
|move|p2a: PezDeMrd|Aqua Jet|p1b: Pitudo
|-damage|p1b: Pitudo|0 fnt
|-damage|p2a: PezDeMrd|23/100|[from] ability: Rough Skin|[of] p1b: Pitudo
|faint|p1b: Pitudo
|move|p2b: DiosDel69|Iron Head|p1a: Mikecrak
|-supereffective|p1a: Mikecrak|1
|-damage|p1a: Mikecrak|0 fnt
|faint|p1a: Mikecrak
|
|win|Phiro45
|c| GoyoTraineador|gg
|c|☆Phiro45|gg
