|j|☆sono babbonat
|j|☆Myshirtisdirty
|html|sono babbonatMyshirtisdirty    
|uhtml|bestof|Game 2 of a best-of-3
|t:|1756893536
|gametype|doubles
|player|p1|sono babbonat|volkner|1179
|player|p2|Myshirtisdirty|102|1155
|gen|9
|tier|[Gen 9] VGC 2025 Reg H (Bo3)
|rated|
|rule|Species Clause: Limit one of each Pokémon
|rule|Item Clause: Limit 1 of each item
|clearpoke
|poke|p1|Whimsicott, L50, M|
|poke|p1|Corviknight, L50, F|
|poke|p1|Indeedee, L50, M|
|poke|p1|Sneasler, L50, M|
|poke|p1|Ursaluna-Bloodmoon, L50, M|
|poke|p1|Archaludon, L50, M|
|poke|p2|Indeedee, L50, M|
|poke|p2|Sneasler, L50, F|
|poke|p2|Incineroar, L50, M|
|poke|p2|Ninetales-Alola, L50, M|
|poke|p2|Garchomp, L50, F|
|poke|p2|Primarina, L50, F|
|teampreview|4
|showteam|p1|Whimsicott||CovertCloak|Prankster|Moonblast,Taunt,Tailwind,FakeTears|||M|||50|,,,,,Water]Corviknight||Leftovers|MirrorArmor|BraveBird,BulkUp,Tailwind,Roost|||F|||50|,,,,,Dragon]Indeedee||FocusSash|PsychicSurge|ExpandingForce,TeraBlast,Imprison,TrickRoom|||M|||50|,,,,,Psychic]Sneasler||PsychicSeed|Unburden|CloseCombat,DireClaw,ThroatChop,Protect|||M|||50|,,,,,Dark]Ursaluna-Bloodmoon||LifeOrb|MindsEye|HyperVoice,BloodMoon,EarthPower,Protect|||M|||50|,,,,,Normal]Archaludon||PowerHerb|Stalwart|ElectroShot,DragonPulse,Thunderbolt,Protect|||M|||50|,,,,,Electric
|showteam|p2|Indeedee||FocusSash|PsychicSurge|ExpandingForce,TeraBlast,TrickRoom,Protect|||M|||50|,,,,,Fairy]Sneasler||PsychicSeed|Unburden|Protect,CloseCombat,DireClaw,ThroatChop|||F|||50|,,,,,Dark]Incineroar||SafetyGoggles|Intimidate|FakeOut,FlareBlitz,KnockOff,PartingShot|||M|||50|,,,,,Ghost]Ninetales-Alola||NeverMeltIce|SnowWarning|AuroraVeil,FreezeDry,Blizzard,Protect|||M|||50|,,,,,Fire]Garchomp||LifeOrb|RoughSkin|DragonClaw,RockSlide,StompingTantrum,Protect|||F|||50|,,,,,Fairy]Primarina||SitrusBerry|LiquidVoice|HyperVoice,Moonblast,Haze,Protect|||F|||50|,,,,,Poison
|inactive|Battle timer is ON: inactive players will automatically lose when time's up. (requested by sono babbonat)
|
|t:|1756893568
|teamsize|p1|4
|teamsize|p2|4
|start
|switch|p1a: Indeedee|Indeedee, L50, M|100/100
|switch|p1b: Sneasler|Sneasler, L50, M|100/100
|switch|p2a: Ninetales|Ninetales-Alola, L50, M|100/100
|switch|p2b: Primarina|Primarina, L50, F|100/100
|-weather|Snowscape|[from] ability: Snow Warning|[of] p2a: Ninetales
|-fieldstart|move: Psychic Terrain|[from] ability: Psychic Surge|[of] p1a: Indeedee
|-enditem|p1b: Sneasler|Psychic Seed
|-boost|p1b: Sneasler|spd|1|[from] item: Psychic Seed
|turn|1
|
|t:|1756893593
|-terastallize|p2a: Ninetales|Fire
|move|p1b: Sneasler|Dire Claw|p2a: Ninetales
|-damage|p2a: Ninetales|34/100
|-status|p2a: Ninetales|slp
|cant|p2a: Ninetales|slp
|move|p1a: Indeedee|Expanding Force|p2b: Primarina|[spread] p2a,p2b
|-damage|p2a: Ninetales|0 fnt
|-damage|p2b: Primarina|56/100
|faint|p2a: Ninetales
|move|p2b: Primarina|Hyper Voice|p1a: Indeedee|[spread] p1a,p1b
|-damage|p1a: Indeedee|60/100
|-damage|p1b: Sneasler|71/100
|
|-weather|Snowscape|[upkeep]
|upkeep
|
|t:|1756893611
|switch|p2a: Sneasler|Sneasler, L50, F|100/100
|-enditem|p2a: Sneasler|Psychic Seed
|-boost|p2a: Sneasler|spd|1|[from] item: Psychic Seed
|turn|2
|
|t:|1756893628
|move|p1b: Sneasler|Dire Claw|p2b: Primarina
|-supereffective|p2b: Primarina
|-damage|p2b: Primarina|0 fnt
|faint|p2b: Primarina
|move|p2a: Sneasler|Close Combat|p1b: Sneasler
|-resisted|p1b: Sneasler
|-damage|p1b: Sneasler|17/100
|-unboost|p2a: Sneasler|def|1
|-unboost|p2a: Sneasler|spd|1
|move|p1a: Indeedee|Expanding Force|p2a: Sneasler
|-supereffective|p2a: Sneasler
|-damage|p2a: Sneasler|0 fnt
|faint|p2a: Sneasler
|
|-weather|Snowscape|[upkeep]
|upkeep
|
|t:|1756893646
|switch|p2b: Garchomp|Garchomp, L50, F|100/100
|turn|3
|
|t:|1756893653
|switch|p1a: Corviknight|Corviknight, L50, F|100/100
|move|p1b: Sneasler|Close Combat|p2b: Garchomp
|-damage|p2b: Garchomp|38/100
|-unboost|p1b: Sneasler|def|1
|-unboost|p1b: Sneasler|spd|1
|-damage|p1b: Sneasler|5/100|[from] ability: Rough Skin|[of] p2b: Garchomp
|move|p2b: Garchomp|Rock Slide|p1b: Sneasler|[spread] p1a,p1b
|-resisted|p1b: Sneasler
|-damage|p1a: Corviknight|83/100
|-damage|p1b: Sneasler|0 fnt
|faint|p1b: Sneasler
|-damage|p2b: Garchomp|28/100|[from] item: Life Orb
|
|-weather|Snowscape|[upkeep]
|-heal|p1a: Corviknight|89/100|[from] item: Leftovers
|upkeep
|
|t:|1756893664
|switch|p1b: Archaludon|Archaludon, L50, M|100/100
|turn|4
|
|t:|1756893684
|move|p1b: Archaludon|Protect|p1b: Archaludon
|-singleturn|p1b: Archaludon|Protect
|move|p2b: Garchomp|Stomping Tantrum|p1b: Archaludon
|-activate|p1b: Archaludon|move: Protect
|move|p1a: Corviknight|Tailwind|p1a: Corviknight
|-sidestart|p1: sono babbonat|move: Tailwind
|
|-weather|Snowscape|[upkeep]
|-heal|p1a: Corviknight|95/100|[from] item: Leftovers
|upkeep
|turn|5
|inactive|Myshirtisdirty has 30 seconds left.
|inactive|Myshirtisdirty has 20 seconds left.
|inactive|Myshirtisdirty has 15 seconds left.
|inactive|Myshirtisdirty has 10 seconds left.
|inactive|Myshirtisdirty has 5 seconds left.
|
|t:|1756893739
|move|p1b: Archaludon|Dragon Pulse|p2b: Garchomp
|-supereffective|p2b: Garchomp
|-damage|p2b: Garchomp|0 fnt
|faint|p2b: Garchomp
|
|win|sono babbonat
|raw|sono babbonat's rating: 1179 → 1202(+23 for winning)
|raw|Myshirtisdirty's rating: 1155 → 1132(-23 for losing)
