|j|☆VerVe1997
|j|☆VenuDaAsco
|html|VerVe1997VenuDaAsco    
|uhtml|bestof|Game 3 of a best-of-3
|t:|1782425700
|gametype|doubles
|player|p1|VerVe1997|steven|1198
|player|p2|VenuDaAsco|169|1325
|gen|9
|tier|[Gen 9 Champions] VGC 2026 Reg M-B (Bo3)
|rated|
|rule|Species Clause: Limit one of each Pokémon
|rule|Item Clause: Limit 1 of each item
|clearpoke
|poke|p1|Kingambit, L50, M|
|poke|p1|Metagross, L50, shiny|
|poke|p1|Gengar, L50, M, shiny|
|poke|p1|Incineroar, L50, F|
|poke|p1|Politoed, L50, M|
|poke|p1|Sinistcha-Masterpiece, L50|
|poke|p2|Garchomp, L50, M, shiny|
|poke|p2|Charizard, L50, M, shiny|
|poke|p2|Whimsicott, L50, M, shiny|
|poke|p2|Farigiraf, L50, M, shiny|
|poke|p2|Basculegion, L50, M, shiny|
|poke|p2|Sylveon, L50, M, shiny|
|teampreview|4
|showteam|p1|Kingambit||BlackGlasses|Defiant|KowtowCleave,SuckerPunch,LowKick,Protect|Serious||M|||50|]Metagross||Metagrossite|ClearBody|PsychicFangs,IronHead,BodyPress,Protect|Adamant|||||50|]Gengar||Gengarite|CursedBody|SludgeBomb,PerishSong,Disable,Protect|Bold||M|||50|]Incineroar||SitrusBerry|Intimidate|PartingShot,FlareBlitz,FakeOut,Protect|Impish||F|||50|]Politoed||Leftovers|Drizzle|PerishSong,IceBeam,WeatherBall,Protect|Calm||M|||50|]Sinistcha-Masterpiece||KasibBerry|Hospitality|RagePowder,MatchaGotcha,StrengthSap,Protect|Bold|||||50|
|showteam|p2|Garchomp||LifeOrb|RoughSkin|Earthquake,DragonClaw,RockSlide,Protect|Jolly||M|||50|]Charizard||CharizarditeY|SolarPower|HeatWave,WeatherBall,SolarBeam,Protect|Modest||M|||50|]Whimsicott||CobaBerry|Prankster|Moonblast,Tailwind,Encore,Protect|Timid||M|||50|]Farigiraf||SitrusBerry|ArmorTail|TwinBeam,FoulPlay,HelpingHand,TrickRoom|Bold||M|||50|]Basculegion||MysticWater|Adaptability|WaveCrash,LastRespects,AquaJet,Protect|Jolly||M|||50|]Sylveon||FairyFeather|Pixilate|HyperVoice,HyperBeam,QuickAttack,Detect|Modest||M|||50|
|inactive|Battle timer is ON: inactive players will automatically lose when time's up. (requested by VenuDaAsco)
|inactive|VerVe1997 has 60 seconds left.
|
|t:|1782425742
|teamsize|p1|4
|teamsize|p2|4
|start
|switch|p1a: Gengar|Gengar, L50, M, shiny|100/100
|switch|p1b: Incineroar|Incineroar, L50, F|100/100
|switch|p2a: Charizard|Charizard, L50, M, shiny|100/100
|switch|p2b: Basculegion|Basculegion, L50, M, shiny|100/100
|-ability|p1b: Incineroar|Intimidate|boost
|-unboost|p2a: Charizard|atk|1
|-unboost|p2b: Basculegion|atk|1
|turn|1
|inactive|VerVe1997 has 30 seconds left.
|
|t:|1782425769
|detailschange|p1a: Gengar|Gengar-Mega, L50, M, shiny
|-mega|p1a: Gengar|Gengar|Gengarite
|move|p2a: Charizard|Protect|p2a: Charizard
|-singleturn|p2a: Charizard|Protect
|move|p1b: Incineroar|Fake Out|p2a: Charizard
|-activate|p2a: Charizard|move: Protect
|move|p1a: Gengar|Perish Song|p1a: Gengar
|-start|p1a: Gengar|perish3|[silent]
|-start|p1b: Incineroar|perish3|[silent]
|-start|p2a: Charizard|perish3|[silent]
|-start|p2b: Basculegion|perish3|[silent]
|-fieldactivate|move: Perish Song
|move|p2b: Basculegion|Wave Crash|p1a: Gengar
|-damage|p1a: Gengar|32/100
|-damage|p2b: Basculegion|81/100|[from] Recoil
|
|-start|p1a: Gengar|perish3
|-start|p2a: Charizard|perish3
|-start|p2b: Basculegion|perish3
|-start|p1b: Incineroar|perish3
|upkeep
|turn|2
|
|t:|1782425783
|move|p1a: Gengar|Protect|p1a: Gengar
|-singleturn|p1a: Gengar|Protect
|move|p1b: Incineroar|Protect|p1b: Incineroar
|-singleturn|p1b: Incineroar|Protect
|move|p2a: Charizard|Heat Wave|p1b: Incineroar|[spread] 
|-activate|p1a: Gengar|move: Protect
|-activate|p1b: Incineroar|move: Protect
|move|p2b: Basculegion|Wave Crash|p1b: Incineroar
|-activate|p1b: Incineroar|move: Protect
|
|-start|p1a: Gengar|perish2
|-start|p2a: Charizard|perish2
|-start|p2b: Basculegion|perish2
|-start|p1b: Incineroar|perish2
|upkeep
|turn|3
|
|t:|1782425804
|switch|p1a: Kingambit|Kingambit, L50, M|100/100
|move|p2a: Charizard|Weather Ball|p1b: Incineroar
|-damage|p1b: Incineroar|86/100
|move|p2b: Basculegion|Wave Crash|p1a: Kingambit
|-damage|p1a: Kingambit|58/100
|-damage|p2b: Basculegion|66/100|[from] Recoil
|move|p1b: Incineroar|Parting Shot|p2a: Charizard
|-unboost|p2a: Charizard|atk|1
|-unboost|p2a: Charizard|spa|1
|
|t:|1782425814
|switch|p1b: Gengar|Gengar-Mega, L50, M, shiny|32/100|[from] Parting Shot
|
|-start|p2a: Charizard|perish1
|-start|p2b: Basculegion|perish1
|upkeep
|turn|4
|
|t:|1782425820
|switch|p2b: Farigiraf|Farigiraf, L50, M, shiny|100/100
|detailschange|p2a: Charizard|Charizard-Mega-Y, L50, M, shiny
|-mega|p2a: Charizard|Charizard|Charizardite Y
|-weather|SunnyDay|[from] ability: Drought|[of] p2a: Charizard
|move|p1b: Gengar|Protect|p1b: Gengar
|-singleturn|p1b: Gengar|Protect
|move|p1a: Kingambit|Protect|p1a: Kingambit
|-singleturn|p1a: Kingambit|Protect
|move|p2a: Charizard|Heat Wave|p1b: Gengar|[spread] 
|-activate|p1a: Kingambit|move: Protect
|-activate|p1b: Gengar|move: Protect
|
|-weather|SunnyDay|[upkeep]
|-start|p2a: Charizard|perish0
|faint|p2a: Charizard
|upkeep
|
|t:|1782425828
|switch|p2a: Garchomp|Garchomp, L50, M, shiny|100/100
|turn|5
|inactive|VerVe1997 has 30 seconds left.
|
|t:|1782425857
|switch|p1b: Politoed|Politoed, L50, M|100/100
|-weather|RainDance|[from] ability: Drizzle|[of] p1b: Politoed
|switch|p1a: Incineroar|Incineroar, L50, F|86/100
|-ability|p1a: Incineroar|Intimidate|boost
|-unboost|p2a: Garchomp|atk|1
|-unboost|p2b: Farigiraf|atk|1
|move|p2b: Farigiraf|Helping Hand|p2a: Garchomp
|-singleturn|p2a: Garchomp|Helping Hand|[of] p2b: Farigiraf
|move|p2a: Garchomp|Earthquake|p1b: Politoed|[spread] p2b,p1a,p1b
|-supereffective|p1a: Incineroar|1
|-damage|p2b: Farigiraf|59/100
|-damage|p1a: Incineroar|8/100
|-damage|p1b: Politoed|54/100
|-enditem|p1a: Incineroar|Sitrus Berry|[eat]
|-heal|p1a: Incineroar|32/100|[from] item: Sitrus Berry
|-damage|p2a: Garchomp|90/100|[from] item: Life Orb
|
|-weather|RainDance|[upkeep]
|-heal|p1b: Politoed|60/100|[from] item: Leftovers
|upkeep
|turn|6
|
|t:|1782425872
|move|p2a: Garchomp|Protect|p2a: Garchomp
|-singleturn|p2a: Garchomp|Protect
|move|p1a: Incineroar|Protect|p1a: Incineroar
|-singleturn|p1a: Incineroar|Protect
|move|p1b: Politoed|Perish Song|p1b: Politoed
|-start|p1a: Incineroar|perish3|[silent]
|-start|p1b: Politoed|perish3|[silent]
|-start|p2a: Garchomp|perish3|[silent]
|-start|p2b: Farigiraf|perish3|[silent]
|-fieldactivate|move: Perish Song
|move|p2b: Farigiraf|Twin Beam|p1b: Politoed
|-damage|p1b: Politoed|48/100
|-damage|p1b: Politoed|36/100
|-hitcount|p1b: Politoed|2
|
|-weather|RainDance|[upkeep]
|-heal|p1b: Politoed|42/100|[from] item: Leftovers
|-start|p2a: Garchomp|perish3
|-start|p1b: Politoed|perish3
|-start|p1a: Incineroar|perish3
|-start|p2b: Farigiraf|perish3
|upkeep
|turn|7
|
|t:|1782425897
|switch|p2a: Basculegion|Basculegion, L50, M, shiny|66/100
|switch|p1a: Kingambit|Kingambit, L50, M|58/100
|move|p1b: Politoed|Weather Ball|p2a: Basculegion
|-resisted|p2a: Basculegion|1
|-damage|p2a: Basculegion|40/100
|move|p2b: Farigiraf|Twin Beam|p1b: Politoed
|-damage|p1b: Politoed|28/100
|-damage|p1b: Politoed|15/100
|-hitcount|p1b: Politoed|2
|
|-weather|RainDance|[upkeep]
|-heal|p1b: Politoed|21/100|[from] item: Leftovers
|-start|p1b: Politoed|perish2
|-start|p2b: Farigiraf|perish2
|upkeep
|turn|8
|
|t:|1782425914
|move|p2a: Basculegion|Protect|p2a: Basculegion
|-singleturn|p2a: Basculegion|Protect
|move|p1b: Politoed|Ice Beam|p2b: Farigiraf
|-damage|p2b: Farigiraf|42/100
|-enditem|p2b: Farigiraf|Sitrus Berry|[eat]
|-heal|p2b: Farigiraf|67/100|[from] item: Sitrus Berry
|move|p2b: Farigiraf|Twin Beam|p1b: Politoed
|-damage|p1b: Politoed|10/100
|-damage|p1b: Politoed|0 fnt
|faint|p1b: Politoed
|-hitcount|p1: Politoed|2
|move|p1a: Kingambit|Kowtow Cleave|p2a: Basculegion
|-activate|p2a: Basculegion|move: Protect
|
|-weather|RainDance|[upkeep]
|-start|p2b: Farigiraf|perish1
|upkeep
|
|t:|1782425925
|switch|p1b: Gengar|Gengar-Mega, L50, M, shiny|32/100
|turn|9
|
|t:|1782425934
|move|p1b: Gengar|Protect|p1b: Gengar
|-singleturn|p1b: Gengar|Protect
|move|p1a: Kingambit|Protect|p1a: Kingambit
|-singleturn|p1a: Kingambit|Protect
|move|p2a: Basculegion|Wave Crash|p1a: Kingambit
|-activate|p1a: Kingambit|move: Protect
|move|p2b: Farigiraf|Twin Beam|p1b: Gengar
|-activate|p1b: Gengar|move: Protect
|
|-weather|none
|-start|p2b: Farigiraf|perish0
|faint|p2b: Farigiraf
|upkeep
|
|t:|1782425936
|switch|p2b: Garchomp|Garchomp, L50, M, shiny|90/100
|turn|10
|
|t:|1782425956
|switch|p1b: Incineroar|Incineroar, L50, F|32/100
|-ability|p1b: Incineroar|Intimidate|boost
|-unboost|p2a: Basculegion|atk|1
|-unboost|p2b: Garchomp|atk|1
|move|p2a: Basculegion|Protect|p2a: Basculegion
|-singleturn|p2a: Basculegion|Protect
|move|p2b: Garchomp|Earthquake|p1a: Kingambit|[spread] p1a,p1b
|-activate|p2a: Basculegion|move: Protect
|-supereffective|p1a: Kingambit|1
|-supereffective|p1b: Incineroar|1
|-damage|p1a: Kingambit|8/100
|-damage|p1b: Incineroar|0 fnt
|faint|p1b: Incineroar
|-damage|p2b: Garchomp|80/100|[from] item: Life Orb
|move|p1a: Kingambit|Kowtow Cleave|p2b: Garchomp
|-damage|p2b: Garchomp|22/100
|-damage|p1a: Kingambit|0 fnt|[from] ability: Rough Skin|[of] p2b: Garchomp
|faint|p1a: Kingambit
|
|upkeep
|
|t:|1782425960
|switch|p1b: Gengar|Gengar-Mega, L50, M, shiny|32/100
|turn|11
|
|t:|1782425983
|move|p1b: Gengar|Protect|p1b: Gengar
|-singleturn|p1b: Gengar|Protect
|move|p2b: Garchomp|Dragon Claw|p1b: Gengar
|-activate|p1b: Gengar|move: Protect
|move|p2a: Basculegion|Last Respects|p1b: Gengar
|-activate|p1b: Gengar|move: Protect
|
|upkeep
|turn|12
|
|t:|1782425991
|move|p2b: Garchomp|Dragon Claw|p1b: Gengar
|-crit|p1b: Gengar
|-damage|p1b: Gengar|0 fnt
|faint|p1b: Gengar
|-damage|p2b: Garchomp|12/100|[from] item: Life Orb
|
|win|VenuDaAsco
|raw|VerVe1997's rating: 1198 → 1182(-16 for losing)
|raw|VenuDaAsco's rating: 1325 → 1338(+13 for winning)
