|j|☆NuovoSangue
|j|☆x-3 demon
|html|NuovoSanguex-3 demon    
|uhtml|bestof|Game 1 of a best-of-3
|t:|1756775146
|gametype|doubles
|player|p1|NuovoSangue|266|1156
|player|p2|x-3 demon|boarder-gen2|1218
|gen|9
|tier|[Gen 9] VGC 2025 Reg H (Bo3)
|rated|
|rule|Species Clause: Limit one of each Pokémon
|rule|Item Clause: Limit 1 of each item
|clearpoke
|poke|p1|Pelipper, L50, F|
|poke|p1|Archaludon, L50, F|
|poke|p1|Sinistcha, L50|
|poke|p1|Incineroar, L50, M|
|poke|p1|Porygon2, L50|
|poke|p1|Ursaluna, L50, M|
|poke|p2|Dragonite, L50, F|
|poke|p2|Sinistcha, L50|
|poke|p2|Ursaluna, L50, F|
|poke|p2|Gholdengo, L50|
|poke|p2|Incineroar, L50, F|
|poke|p2|Ninetales-Alola, L50, F|
|teampreview|4
|showteam|p1|Pelipper||CovertCloak|Drizzle|Tailwind,WeatherBall,WideGuard,Hurricane|||F|||50|,,,,,Flying]Archaludon||AssaultVest|Stamina|DracoMeteor,ElectroShot,FlashCannon,BodyPress|||F|||50|,,,,,Fairy]Sinistcha||RockyHelmet|Hospitality|MatchaGotcha,LifeDew,RagePowder,StrengthSap||||||50|,,,,,Water]Incineroar||SafetyGoggles|Intimidate|PartingShot,FakeOut,FlareBlitz,KnockOff|||M|||50|,,,,,Ghost]Porygon2||Eviolite|Download|TeraBlast,IceBeam,TrickRoom,Recover||||||50|,,,,,Fighting]Ursaluna||FlameOrb|Guts|Earthquake,Facade,HeadlongRush,Protect|||M|||50|,,,,,Water
|showteam|p2|Dragonite||LoadedDice|Multiscale|ScaleShot,Haze,Tailwind,Protect|||F|||50|,,,,,Fairy]Sinistcha||SitrusBerry|Hospitality|MatchaGotcha,LifeDew,RagePowder,TrickRoom||||||50|,,,,,Water]Ursaluna||FlameOrb|Guts|HeadlongRush,Earthquake,Facade,Protect|||F|||50|,,,,,Ghost]Gholdengo||LifeOrb|GoodasGold|MakeItRain,ShadowBall,NastyPlot,Protect||||||50|,,,,,Water]Incineroar||AssaultVest|Intimidate|FlareBlitz,KnockOff,FakeOut,Uturn|||F|||50|,,,,,Grass]Ninetales-Alola||FocusSash|SnowWarning|IcyWind,FreezeDry,Encore,AuroraVeil|||F|||50|,,,,,Ghost
|inactive|Battle timer is ON: inactive players will automatically lose when time's up. (requested by NuovoSangue)
|inactive|x-3 demon has 60 seconds left.
|inactive|x-3 demon has 30 seconds left.
|
|t:|1756775239
|teamsize|p1|4
|teamsize|p2|4
|start
|switch|p1a: Porygon2|Porygon2, L50|100/100
|switch|p1b: Incineroar|Incineroar, L50, M|100/100
|switch|p2a: Ninetales|Ninetales-Alola, L50, F|100/100
|switch|p2b: Incineroar|Incineroar, L50, F|100/100
|-weather|Snowscape|[from] ability: Snow Warning|[of] p2a: Ninetales
|-ability|p2b: Incineroar|Intimidate|boost
|-unboost|p1a: Porygon2|atk|1
|-unboost|p1b: Incineroar|atk|1
|-ability|p1b: Incineroar|Intimidate|boost
|-unboost|p2a: Ninetales|atk|1
|-unboost|p2b: Incineroar|atk|1
|-ability|p1a: Porygon2|Download|boost
|-boost|p1a: Porygon2|atk|1
|turn|1
|inactive|x-3 demon has 30 seconds left.
|
|t:|1756775270
|switch|p2a: Ursaluna|Ursaluna, L50, F, shiny|100/100
|move|p2b: Incineroar|Fake Out|p1a: Porygon2
|-damage|p1a: Porygon2|95/100
|move|p1b: Incineroar|Flare Blitz|p2a: Ursaluna
|-damage|p2a: Ursaluna|70/100
|-damage|p1b: Incineroar|90/100|[from] Recoil
|cant|p1a: Porygon2|flinch
|
|-weather|Snowscape|[upkeep]
|-status|p2a: Ursaluna|brn|[from] item: Flame Orb
|upkeep
|turn|2
|inactive|x-3 demon has 30 seconds left.
|
|t:|1756775302
|move|p2a: Ursaluna|Facade|p1a: Porygon2
|-damage|p1a: Porygon2|8/100
|move|p2b: Incineroar|Flare Blitz|p1a: Porygon2
|-damage|p1a: Porygon2|0 fnt
|faint|p1a: Porygon2
|-damage|p2b: Incineroar|98/100|[from] Recoil
|move|p1b: Incineroar|Parting Shot|p2a: Ursaluna
|-unboost|p2a: Ursaluna|atk|1
|-unboost|p2a: Ursaluna|spa|1
|
|t:|1756775307
|switch|p1b: Pelipper|Pelipper, L50, F|100/100|[from] Parting Shot
|-weather|RainDance|[from] ability: Drizzle|[of] p1b: Pelipper
|
|-weather|RainDance|[upkeep]
|-damage|p2a: Ursaluna|64/100 brn|[from] brn
|upkeep
|
|t:|1756775309
|switch|p1a: Incineroar|Incineroar, L50, M|90/100
|-ability|p1a: Incineroar|Intimidate|boost
|-unboost|p2a: Ursaluna|atk|1
|-unboost|p2b: Incineroar|atk|1
|turn|3
|
|t:|1756775326
|switch|p2a: Ninetales|Ninetales-Alola, L50, F|100/100
|-weather|Snowscape|[from] ability: Snow Warning|[of] p2a: Ninetales
|switch|p2b: Dragonite|Dragonite, L50, F|100/100
|move|p1a: Incineroar|Fake Out|p2b: Dragonite
|-damage|p2b: Dragonite|93/100
|move|p1b: Pelipper|Weather Ball|p2a: Ninetales
|-resisted|p2a: Ninetales
|-damage|p2a: Ninetales|84/100
|
|-weather|Snowscape|[upkeep]
|upkeep
|turn|4
|
|t:|1756775353
|move|p1a: Incineroar|Fake Out||[still]
|-hint|Fake Out only works on your first turn out.
|-fail|p1a: Incineroar
|move|p2a: Ninetales|Freeze-Dry|p1b: Pelipper
|-supereffective|p1b: Pelipper
|-damage|p1b: Pelipper|0 fnt
|faint|p1b: Pelipper
|move|p2b: Dragonite|Tailwind|p2b: Dragonite
|-sidestart|p2: x-3 demon|move: Tailwind
|
|-weather|Snowscape|[upkeep]
|upkeep
|
|t:|1756775358
|switch|p1b: Ursaluna|Ursaluna, L50, M|100/100
|turn|5
|-message|NuovoSangue forfeited.
|
|win|x-3 demon
|l|☆NuovoSangue
|player|p1|
||NuovoSangue is ready for game 2.
||x-3 demon is ready for game 2.
|uhtml|next|Next: Game 2 of 3
