|j|☆angusgrind13
|j|☆Dinosaur Kingz
|html|angusgrind13Dinosaur Kingz    
|uhtml|bestof|Game 2 of a best-of-3
|t:|1784818647
|gametype|doubles
|player|p1|angusgrind13|steven|1168
|player|p2|Dinosaur Kingz|102|1108
|gen|9
|tier|[Gen 9 Champions] VGC 2026 Reg M-B (Bo3)
|rated|
|rule|Species Clause: Limit one of each Pokémon
|rule|Item Clause: Limit 1 of each item
|clearpoke
|poke|p1|Primarina, L50, F|
|poke|p1|Kingambit, L50, M|
|poke|p1|Froslass, L50, F|
|poke|p1|Sneasler, L50, F|
|poke|p1|Lycanroc-Dusk, L50, F|
|poke|p1|Dragonite, L50, M|
|poke|p2|Sceptile, L50, M|
|poke|p2|Rotom-Heat, L50|
|poke|p2|Pelipper, L50, M|
|poke|p2|Swampert, L50, M|
|poke|p2|Garchomp, L50, M|
|poke|p2|Sinistcha, L50|
|teampreview|4
|showteam|p1|Primarina||LifeOrb|LiquidVoice|HyperVoice,Moonblast,Haze,Protect|Modest||F|||50|]Kingambit||BlackGlasses|Defiant|KowtowCleave,SuckerPunch,SwordsDance,Protect|Adamant||M|||50|]Froslass||Froslassite|CursedBody|Blizzard,ShadowBall,AuroraVeil,Protect|Timid||F|||50|]Sneasler||WhiteHerb|Unburden|GunkShot,CloseCombat,FakeOut,Protect|Adamant||F|||50|]Lycanroc-Dusk||FocusSash|ToughClaws|RockSlide,Accelerock,CloseCombat,Protect|Adamant||F|||50|]Dragonite||Dragoninite|Multiscale|DragonPulse,Flamethrower,Tailwind,Protect|Modest||M|||50|
|showteam|p2|Sceptile||Sceptilite|Overgrow|Protect,EarthPower,DragonPulse,LeafStorm|Timid||M|||50|]Rotom-Heat||ChoiceScarf|Levitate|Trick,Overheat,Discharge,VoltSwitch|Timid|||||50|]Pelipper||FocusSash|Drizzle|Protect,Tailwind,Hurricane,WeatherBall|Bold||M|||50|]Swampert||Swampertite|Damp|Protect,Earthquake,WaveCrash,IcePunch|Adamant||M|||50|]Garchomp||LifeOrb|RoughSkin|Protect,Earthquake,RockSlide,DragonClaw|Jolly||M|||50|]Sinistcha||SitrusBerry|Hospitality|Protect,RagePowder,MatchaGotcha,ShadowBall|Calm|||||50|
|inactive|Battle timer is ON: inactive players will automatically lose when time's up. (requested by Dinosaur Kingz)
|
|t:|1784818673
|teamsize|p1|4
|teamsize|p2|4
|start
|switch|p1a: Sneasler|Sneasler, L50, F|100/100
|switch|p1b: Lycanroc|Lycanroc-Dusk, L50, F|100/100
|switch|p2a: Rotom|Rotom-Heat, L50|100/100
|switch|p2b: Swampert|Swampert, L50, M|100/100
|turn|1
|
|t:|1784818695
|detailschange|p2b: Swampert|Swampert-Mega, L50, M
|-mega|p2b: Swampert|Swampert|Swampertite
|move|p1a: Sneasler|Fake Out|p2b: Swampert
|-damage|p2b: Swampert|87/100
|move|p2a: Rotom|Discharge|p1b: Lycanroc|[spread] p1a,p1b
|-immune|p2b: Swampert
|-damage|p1a: Sneasler|69/100
|-damage|p1b: Lycanroc|57/100
|move|p1b: Lycanroc|Rock Slide|p2b: Swampert|[spread] p2a,p2b
|-supereffective|p2a: Rotom|1
|-resisted|p2b: Swampert|1
|-damage|p2a: Rotom|12/100
|-damage|p2b: Swampert|76/100
|cant|p2b: Swampert|flinch
|
|upkeep
|turn|2
|inactive|angusgrind13 has 30 seconds left.
|inactive|angusgrind13 has 20 seconds left.
|
|t:|1784818731
|switch|p2a: Pelipper|Pelipper, L50, M|100/100
|-weather|RainDance|[from] ability: Drizzle|[of] p2a: Pelipper
|switch|p1a: Primarina|Primarina, L50, F|100/100
|move|p1b: Lycanroc|Accelerock|p2a: Pelipper
|-supereffective|p2a: Pelipper|1
|-damage|p2a: Pelipper|55/100
|move|p2b: Swampert|Earthquake|p1a: Primarina|[spread] p1a,p1b
|-immune|p2a: Pelipper
|-supereffective|p1b: Lycanroc|1
|-damage|p1a: Primarina|24/100
|-damage|p1b: Lycanroc|0 fnt
|faint|p1b: Lycanroc
|
|-weather|RainDance|[upkeep]
|upkeep
|
|t:|1784818733
|switch|p1b: Dragonite|Dragonite, L50, M|100/100
|turn|3
|
|t:|1784818749
|switch|p1a: Sneasler|Sneasler, L50, F|69/100
|detailschange|p1b: Dragonite|Dragonite-Mega, L50, M
|-mega|p1b: Dragonite|Dragonite|Dragoninite
|move|p1b: Dragonite|Protect|p1b: Dragonite
|-singleturn|p1b: Dragonite|Protect
|move|p2b: Swampert|Earthquake|p1a: Sneasler|[spread] p1a
|-activate|p1b: Dragonite|move: Protect
|-immune|p2a: Pelipper
|-supereffective|p1a: Sneasler|1
|-damage|p1a: Sneasler|0 fnt
|faint|p1a: Sneasler
|move|p2a: Pelipper|Tailwind|p2a: Pelipper
|-sidestart|p2: Dinosaur Kingz|move: Tailwind
|
|-weather|RainDance|[upkeep]
|upkeep
|
|t:|1784818752
|switch|p1a: Primarina|Primarina, L50, F|24/100
|turn|4
|
|t:|1784818761
|move|p2b: Swampert|Earthquake|p1a: Primarina|[spread] p1a
|-immune|p2a: Pelipper
|-immune|p1b: Dragonite
|-damage|p1a: Primarina|0 fnt
|faint|p1a: Primarina
|move|p2a: Pelipper|Hurricane|p1b: Dragonite
|-damage|p1b: Dragonite|83/100
|move|p1b: Dragonite|Tailwind|p1b: Dragonite
|-sidestart|p1: angusgrind13|move: Tailwind
|
|-weather|RainDance|[upkeep]
|upkeep
|turn|5
|
|t:|1784818774
|move|p2b: Swampert|Ice Punch|p1b: Dragonite
|-supereffective|p1b: Dragonite|2
|-damage|p1b: Dragonite|0 fnt
|faint|p1b: Dragonite
|
|win|Dinosaur Kingz
|raw|angusgrind13's rating: 1168 → 1139(-29 for losing)
|raw|Dinosaur Kingz's rating: 1108 → 1137(+29 for winning)
|c|☆Dinosaur Kingz|gg
