|j|☆SirNeru
|j|☆b1kope
|html|SirNerub1kope    
|uhtml|bestof|Game 3 of a best-of-3
|t:|1755798934
|gametype|doubles
|player|p1|SirNeru|266|1136
|player|p2|b1kope|170|1219
|gen|9
|tier|[Gen 9] VGC 2025 Reg H (Bo3)
|rated|
|rule|Species Clause: Limit one of each Pokémon
|rule|Item Clause: Limit 1 of each item
|clearpoke
|poke|p1|Gholdengo, L50|
|poke|p1|Electabuzz, L50, M|
|poke|p1|Primarina, L50, M|
|poke|p1|Tyranitar, L50, M|
|poke|p1|Excadrill, L50, F|
|poke|p1|Annihilape, L50, F|
|poke|p2|Magmar, L50, F|
|poke|p2|Amoonguss, L50, F|
|poke|p2|Chandelure, L50, M|
|poke|p2|Metagross, L50|
|poke|p2|Kingambit, L50, F|
|poke|p2|Gyarados, L50, M|
|teampreview|4
|showteam|p1|Gholdengo||MetalCoat|GoodasGold|MakeItRain,NastyPlot,Protect,ShadowBall||||||50|,,,,,Steel]Electabuzz||Eviolite|VitalSpirit|FollowMe,Electroweb,Taunt,Protect|||M|||50|,,,,,Dragon]Primarina||LifeOrb|LiquidVoice|Moonblast,HyperVoice,Protect,IceBeam|||M|||50|,,,,,Poison]Tyranitar||AssaultVest|SandStream|RockSlide,Crunch,KnockOff,StompingTantrum|||M|||50|,,,,,Flying]Excadrill||FocusSash|SandForce|Earthquake,IronHead,RockSlide,Protect|||F|||50|,,,,,Ground]Annihilape||Leftovers|Defiant|DrainPunch,BulkUp,RageFist,Protect|||F|||50|,,,,,Fire
|showteam|p2|Magmar||Eviolite|FlameBody|FollowMe,HeatWave,WillOWisp,ClearSmog|||F|||50|,,,,,Psychic]Amoonguss||RockyHelmet|Regenerator|Spore,PollenPuff,RagePowder,Protect|||F|||50|,,,,,Water]Chandelure||ChoiceScarf|FlashFire|HeatWave,ShadowBall,Overheat,EnergyBall|||M|||50|,,,,,Fire]Metagross||AssaultVest|ClearBody|HeavySlam,StompingTantrum,BulletPunch,PsychicFangs||||||50|,,,,,Steel]Kingambit||SafetyGoggles|Defiant|KowtowCleave,LowKick,SuckerPunch,Protect|||F|||50|,,,,,Flying]Gyarados||SitrusBerry|Intimidate|Waterfall,ThunderWave,Taunt,HelpingHand|||M|||50|,,,,,Grass
|inactive|Battle timer is ON: inactive players will automatically lose when time's up. (requested by b1kope)
|
|t:|1755798962
|teamsize|p1|4
|teamsize|p2|4
|start
|switch|p1a: Tyranitar|Tyranitar, L50, M|100/100
|switch|p1b: Excadrill|Excadrill, L50, F, shiny|100/100
|switch|p2a: Amoonguss|Amoonguss, L50, F|100/100
|switch|p2b: Chandelure|Chandelure, L50, M|100/100
|-weather|Sandstorm|[from] ability: Sand Stream|[of] p1a: Tyranitar
|turn|1
|inactive|b1kope has 30 seconds left.
|inactive|b1kope has 20 seconds left.
|
|t:|1755798997
|switch|p2b: Gyarados|Gyarados, L50, M|100/100
|-ability|p2b: Gyarados|Intimidate|boost
|-unboost|p1a: Tyranitar|atk|1
|-unboost|p1b: Excadrill|atk|1
|-terastallize|p1a: Tyranitar|Flying
|move|p1b: Excadrill|Earthquake|p2a: Amoonguss|[spread] p2a
|-immune|p1a: Tyranitar
|-immune|p2b: Gyarados
|-damage|p2a: Amoonguss|72/100
|move|p1a: Tyranitar|Rock Slide|p2a: Amoonguss|[spread] p2a,p2b
|-supereffective|p2b: Gyarados
|-damage|p2a: Amoonguss|54/100
|-damage|p2b: Gyarados|58/100
|move|p2a: Amoonguss|Spore|p1b: Excadrill
|-status|p1b: Excadrill|slp|[from] move: Spore
|
|-weather|Sandstorm|[upkeep]
|-damage|p2b: Gyarados|52/100|[from] Sandstorm
|-damage|p1a: Tyranitar|95/100|[from] Sandstorm
|-damage|p2a: Amoonguss|48/100|[from] Sandstorm
|upkeep
|turn|2
|
|t:|1755799006
|switch|p2a: Metagross|Metagross, L50|100/100
|cant|p1b: Excadrill|slp
|move|p2b: Gyarados|Waterfall|p1b: Excadrill
|-supereffective|p1b: Excadrill
|-enditem|p1b: Excadrill|Focus Sash
|-damage|p1b: Excadrill|1/100 slp
|move|p1a: Tyranitar|Rock Slide|p2b: Gyarados|[spread] p2a
|-miss|p1a: Tyranitar|p2b: Gyarados
|-resisted|p2a: Metagross
|-damage|p2a: Metagross|93/100
|
|-weather|Sandstorm|[upkeep]
|-damage|p2b: Gyarados|46/100|[from] Sandstorm
|-damage|p1a: Tyranitar|89/100|[from] Sandstorm
|-enditem|p2b: Gyarados|Sitrus Berry|[eat]
|-heal|p2b: Gyarados|71/100|[from] item: Sitrus Berry
|upkeep
|turn|3
|inactive|SirNeru has 30 seconds left.
|
|t:|1755799038
|cant|p1b: Excadrill|slp
|move|p2a: Metagross|Bullet Punch|p1b: Excadrill
|-resisted|p1b: Excadrill
|-damage|p1b: Excadrill|0 fnt
|faint|p1b: Excadrill
|move|p2b: Gyarados|Thunder Wave|p1a: Tyranitar
|-status|p1a: Tyranitar|par
|move|p1a: Tyranitar|Rock Slide|p2a: Metagross|[spread] p2a,p2b
|-resisted|p2a: Metagross
|-supereffective|p2b: Gyarados
|-damage|p2a: Metagross|85/100
|-damage|p2b: Gyarados|29/100
|
|-weather|Sandstorm|[upkeep]
|-damage|p2b: Gyarados|23/100|[from] Sandstorm
|-damage|p1a: Tyranitar|83/100 par|[from] Sandstorm
|upkeep
|
|t:|1755799043
|switch|p1b: Electabuzz|Electabuzz, L50, M, shiny|100/100
|turn|4
|
|t:|1755799053
|move|p1b: Electabuzz|Electroweb|p2b: Gyarados|[spread] p2a,p2b
|-supereffective|p2b: Gyarados
|-damage|p2a: Metagross|76/100
|-damage|p2b: Gyarados|0 fnt
|faint|p2b: Gyarados
|move|p2a: Metagross|Heavy Slam|p1b: Electabuzz
|-resisted|p1b: Electabuzz
|-damage|p1b: Electabuzz|68/100
|move|p1a: Tyranitar|Stomping Tantrum|p2a: Metagross
|-supereffective|p2a: Metagross
|-damage|p2a: Metagross|45/100
|
|-weather|Sandstorm|[upkeep]
|-damage|p1b: Electabuzz|62/100|[from] Sandstorm
|-damage|p1a: Tyranitar|77/100 par|[from] Sandstorm
|upkeep
|
|t:|1755799059
|switch|p2b: Amoonguss|Amoonguss, L50, F|81/100
|turn|5
|
|t:|1755799071
|move|p1b: Electabuzz|Follow Me|p1b: Electabuzz
|-singleturn|p1b: Electabuzz|move: Follow Me
|move|p2b: Amoonguss|Rage Powder|p2b: Amoonguss
|-singleturn|p2b: Amoonguss|move: Rage Powder
|move|p2a: Metagross|Heavy Slam|p1b: Electabuzz
|-resisted|p1b: Electabuzz
|-damage|p1b: Electabuzz|28/100
|cant|p1a: Tyranitar|par
|
|-weather|none
|upkeep
|turn|6
|
|t:|1755799083
|move|p2b: Amoonguss|Rage Powder|p2b: Amoonguss
|-singleturn|p2b: Amoonguss|move: Rage Powder
|move|p1b: Electabuzz|Taunt|p2b: Amoonguss
|-start|p2b: Amoonguss|move: Taunt
|move|p2a: Metagross|Stomping Tantrum|p1b: Electabuzz
|-supereffective|p1b: Electabuzz
|-damage|p1b: Electabuzz|0 fnt
|faint|p1b: Electabuzz
|move|p1a: Tyranitar|Crunch|p2b: Amoonguss
|-damage|p2b: Amoonguss|53/100
|-damage|p1a: Tyranitar|61/100 par|[from] item: Rocky Helmet|[of] p2b: Amoonguss
|
|upkeep
|
|t:|1755799086
|switch|p1b: Primarina|Primarina, L50, M, shiny|100/100
|turn|7
|
|t:|1755799099
|move|p1b: Primarina|Protect|p1b: Primarina
|-singleturn|p1b: Primarina|Protect
|move|p2a: Metagross|Heavy Slam|p1b: Primarina
|-activate|p1b: Primarina|move: Protect
|move|p1a: Tyranitar|Knock Off|p2a: Metagross
|-supereffective|p2a: Metagross
|-damage|p2a: Metagross|0 fnt
|-enditem|p2a: Metagross|Assault Vest|[from] move: Knock Off|[of] p1a: Tyranitar
|faint|p2a: Metagross
|move|p2b: Amoonguss|Pollen Puff|p2: Metagross|[notarget]
|-fail|p2b: Amoonguss
|
|upkeep
|
|t:|1755799101
|switch|p2a: Chandelure|Chandelure, L50, M|100/100
|turn|8
|inactive|b1kope has 30 seconds left.
|
|t:|1755799128
|-terastallize|p2a: Chandelure|Fire
|move|p2a: Chandelure|Heat Wave|p1b: Primarina|[spread] p1a,p1b
|-resisted|p1b: Primarina
|-damage|p1a: Tyranitar|28/100 par
|-damage|p1b: Primarina|73/100
|-status|p1b: Primarina|brn
|move|p1b: Primarina|Hyper Voice|p2a: Chandelure|[spread] p2a,p2b
|-supereffective|p2a: Chandelure
|-resisted|p2b: Amoonguss
|-damage|p2a: Chandelure|0 fnt
|-damage|p2b: Amoonguss|32/100
|faint|p2a: Chandelure
|-damage|p1b: Primarina|63/100 brn|[from] item: Life Orb
|move|p1a: Tyranitar|Rock Slide|p2b: Amoonguss
|-damage|p2b: Amoonguss|6/100
|cant|p2b: Amoonguss|flinch
|
|-damage|p1b: Primarina|57/100 brn|[from] brn
|upkeep
|turn|9
|-message|b1kope forfeited.
|raw|SirNeru's rating: 1136 → 1167(+31 for winning)
|raw|b1kope's rating: 1219 → 1188(-31 for losing)
|
|win|SirNeru
|l|☆b1kope
|player|p2|
|l|☆SirNeru
|player|p1|
|j|☆SirNeru
|player|p1|SirNeru|266|
