|j|☆m0mimscared
|j|☆Assoup32
|html|m0mimscaredAssoup32    
|uhtml|bestof|Game 1 of a best-of-3
|t:|1757072043
|gametype|doubles
|player|p1|m0mimscared|266|1108
|player|p2|Assoup32|proton|1128
|gen|9
|tier|[Gen 9] VGC 2025 Reg H (Bo3)
|rated|
|rule|Species Clause: Limit one of each Pokémon
|rule|Item Clause: Limit 1 of each item
|clearpoke
|poke|p1|Indeedee-F, L50, F|
|poke|p1|Farigiraf, L50, M|
|poke|p1|Torkoal, L50, M|
|poke|p1|Hatterene, L50, F|
|poke|p1|Incineroar, L50, F|
|poke|p1|Lilligant-Hisui, L50, F|
|poke|p2|Politoed, L50, M|
|poke|p2|Gothitelle, L50, F|
|poke|p2|Archaludon, L50, M|
|poke|p2|Kingdra, L50, F|
|poke|p2|Incineroar, L50, M|
|poke|p2|Amoonguss, L50, F|
|teampreview|4
|showteam|p1|Indeedee-F||PsychicSeed|PsychicSurge|Psychic,HelpingHand,FollowMe,TrickRoom|||F|||50|,,,,,Grass]Farigiraf||ThroatSpray|ArmorTail|Protect,ExpandingForce,HyperVoice,TrickRoom|||M|||50|,,,,,Dragon]Torkoal||Charcoal|Drought|Eruption,WeatherBall,ClearSmog,EarthPower|||M|||50|,,,,,Fire]Hatterene||LifeOrb|MagicBounce|ExpandingForce,DazzlingGleam,TrickRoom,Protect|||F|||50|,,,,,Water]Incineroar||ClearAmulet|Intimidate|FakeOut,KnockOff,CloseCombat,FlareBlitz|||F|||50|,,,,,Fire]Lilligant-Hisui||FocusSash|Chlorophyll|SolarBlade,CloseCombat,SleepPowder,AfterYou|||F|||50|,,,,,Ghost
|showteam|p2|Politoed||Leftovers|Drizzle|Protect,WeatherBall,PerishSong,Encore|||M|||50|,,,,,Grass]Gothitelle||SitrusBerry|ShadowTag|Protect,Psychic,FakeOut,TrickRoom|||F|||50|,,,,,Dark]Archaludon||PowerHerb|Sturdy|Protect,ElectroShot,FlashCannon,DragonPulse|||M|||50|,,,,,Electric]Kingdra||LifeOrb|SwiftSwim|Protect,DracoMeteor,WeatherBall,MuddyWater|||F|||50|,,,,,Stellar]Incineroar||SafetyGoggles|Intimidate|KnockOff,WillOWisp,PartingShot,FakeOut|||M|||50|,,,,,Water]Amoonguss||EjectButton|Regenerator|PollenPuff,Spore,RagePowder,Protect|||F|||50|,,,,,Fairy
|
|t:|1757072066
|teamsize|p1|4
|teamsize|p2|4
|start
|switch|p1a: Farigiraf|Farigiraf, L50, M|100/100
|switch|p1b: Incineroar|Incineroar, L50, F|100/100
|switch|p2a: Incineroar|Incineroar, L50, M|100/100
|switch|p2b: Archaludon|Archaludon, L50, M|100/100
|-ability|p1b: Incineroar|Intimidate|boost
|-unboost|p2a: Incineroar|atk|1
|-unboost|p2b: Archaludon|atk|1
|-ability|p2a: Incineroar|Intimidate|boost
|-unboost|p1a: Farigiraf|atk|1
|-fail|p1b: Incineroar|unboost|[from] item: Clear Amulet|[of] p1b: Incineroar
|turn|1
|inactive|Battle timer is ON: inactive players will automatically lose when time's up. (requested by m0mimscared)
|
|t:|1757072090
|move|p1b: Incineroar|Fake Out|p2a: Incineroar
|-damage|p2a: Incineroar|87/100
|move|p2b: Archaludon|Electro Shot||[still]
|-prepare|p2b: Archaludon|Electro Shot
|-boost|p2b: Archaludon|spa|1
|-enditem|p2b: Archaludon|Power Herb
|-anim|p2b: Archaludon|Electro Shot|p1b: Incineroar
|-damage|p1b: Incineroar|39/100
|cant|p2a: Incineroar|flinch
|move|p1a: Farigiraf|Trick Room|p1a: Farigiraf
|-fieldstart|move: Trick Room|[of] p1a: Farigiraf
|
|upkeep
|turn|2
|
|t:|1757072113
|switch|p1b: Indeedee|Indeedee-F, L50, F|100/100
|-fieldstart|move: Psychic Terrain|[from] ability: Psychic Surge|[of] p1b: Indeedee
|-enditem|p1b: Indeedee|Psychic Seed
|-boost|p1b: Indeedee|spd|1|[from] item: Psychic Seed
|move|p1a: Farigiraf|Expanding Force|p2a: Incineroar|[spread] p2b
|-immune|p2a: Incineroar
|-resisted|p2b: Archaludon
|-damage|p2b: Archaludon|56/100
|move|p2a: Incineroar|Parting Shot|p1b: Indeedee
|-unboost|p1b: Indeedee|atk|1
|-unboost|p1b: Indeedee|spa|1
|
|t:|1757072126
|switch|p2a: Gothitelle|Gothitelle, L50, F|100/100|[from] Parting Shot
|move|p2b: Archaludon|Dragon Pulse|p1a: Farigiraf
|-damage|p1a: Farigiraf|41/100
|
|upkeep
|turn|3
|
|t:|1757072144
|move|p1b: Indeedee|Helping Hand|p1a: Farigiraf
|-singleturn|p1a: Farigiraf|Helping Hand|[of] p1b: Indeedee
|move|p2b: Archaludon|Protect|p2b: Archaludon
|-singleturn|p2b: Archaludon|Protect
|move|p1a: Farigiraf|Hyper Voice|p2a: Gothitelle|[spread] p2a
|-activate|p2b: Archaludon|move: Protect
|-damage|p2a: Gothitelle|67/100
|-enditem|p1a: Farigiraf|Throat Spray
|-boost|p1a: Farigiraf|spa|1|[from] item: Throat Spray
|move|p2a: Gothitelle|Trick Room|p2a: Gothitelle
|-fieldend|move: Trick Room
|
|upkeep
|turn|4
|
|t:|1757072167
|switch|p2a: Politoed|Politoed, L50, M, shiny|100/100
|-weather|RainDance|[from] ability: Drizzle|[of] p2a: Politoed
|move|p1b: Indeedee|Follow Me|p1b: Indeedee
|-singleturn|p1b: Indeedee|move: Follow Me
|move|p2b: Archaludon|Electro Shot||[still]
|-prepare|p2b: Archaludon|Electro Shot
|-boost|p2b: Archaludon|spa|1
|-anim|p2b: Archaludon|Electro Shot|p1b: Indeedee
|-damage|p1b: Indeedee|43/100
|move|p1a: Farigiraf|Trick Room|p1a: Farigiraf
|-fieldstart|move: Trick Room|[of] p1a: Farigiraf
|
|-weather|RainDance|[upkeep]
|upkeep
|turn|5
|
|t:|1757072188
|switch|p1b: Torkoal|Torkoal, L50, M|100/100
|-weather|SunnyDay|[from] ability: Drought|[of] p1b: Torkoal
|switch|p2a: Incineroar|Incineroar, L50, M|87/100
|-ability|p2a: Incineroar|Intimidate|boost
|-unboost|p1a: Farigiraf|atk|1
|-unboost|p1b: Torkoal|atk|1
|move|p2b: Archaludon|Protect|p2b: Archaludon
|-singleturn|p2b: Archaludon|Protect
|move|p1a: Farigiraf|Expanding Force|p2b: Archaludon|[spread] 
|-activate|p2b: Archaludon|move: Protect
|-immune|p2a: Incineroar
|
|-weather|SunnyDay|[upkeep]
|upkeep
|turn|6
|inactive|Assoup32 has 30 seconds left.
|
|t:|1757072217
|switch|p2b: Politoed|Politoed, L50, M, shiny|100/100
|-weather|RainDance|[from] ability: Drizzle|[of] p2b: Politoed
|-terastallize|p1b: Torkoal|Fire
|-terastallize|p2a: Incineroar|Water
|move|p1b: Torkoal|Eruption|p2a: Incineroar|[spread] p2a,p2b
|-resisted|p2a: Incineroar
|-resisted|p2b: Politoed
|-damage|p2a: Incineroar|75/100
|-damage|p2b: Politoed|86/100
|move|p1a: Farigiraf|Hyper Voice|p2a: Incineroar|[spread] p2a,p2b
|-damage|p2a: Incineroar|39/100
|-damage|p2b: Politoed|52/100
|move|p2a: Incineroar|Knock Off|p1b: Torkoal
|-damage|p1b: Torkoal|73/100
|-enditem|p1b: Torkoal|Charcoal|[from] move: Knock Off|[of] p2a: Incineroar
|
|-weather|RainDance|[upkeep]
|-heal|p2b: Politoed|58/100|[from] item: Leftovers
|-fieldend|move: Psychic Terrain
|upkeep
|turn|7
|inactive|Assoup32 has 30 seconds left.
|
|t:|1757072251
|switch|p1b: Indeedee|Indeedee-F, L50, F|43/100
|-fieldstart|move: Psychic Terrain|[from] ability: Psychic Surge|[of] p1b: Indeedee
|switch|p2b: Gothitelle|Gothitelle, L50, F|67/100
|move|p1a: Farigiraf|Expanding Force|p2a: Incineroar|[spread] p2a,p2b
|-resisted|p2b: Gothitelle
|-damage|p2a: Incineroar|0 fnt
|-damage|p2b: Gothitelle|36/100
|-enditem|p2b: Gothitelle|Sitrus Berry|[eat]
|-heal|p2b: Gothitelle|61/100|[from] item: Sitrus Berry
|faint|p2a: Incineroar
|
|-weather|RainDance|[upkeep]
|upkeep
|
|t:|1757072273
|switch|p2a: Archaludon|Archaludon, L50, M|56/100
|turn|8
|
|t:|1757072278
|move|p2b: Gothitelle|Protect|p2b: Gothitelle
|-singleturn|p2b: Gothitelle|Protect
|move|p2a: Archaludon|Protect|p2a: Archaludon
|-singleturn|p2a: Archaludon|Protect
|move|p1a: Farigiraf|Trick Room|p1a: Farigiraf
|-fieldend|move: Trick Room
|move|p1b: Indeedee|Trick Room|p1b: Indeedee
|-fieldstart|move: Trick Room|[of] p1b: Indeedee
|
|-weather|RainDance|[upkeep]
|upkeep
|turn|9
|
|t:|1757072294
|move|p1b: Indeedee|Helping Hand|p1a: Farigiraf
|-singleturn|p1a: Farigiraf|Helping Hand|[of] p1b: Indeedee
|move|p1a: Farigiraf|Expanding Force|p2b: Gothitelle|[spread] p2a,p2b
|-resisted|p2a: Archaludon
|-resisted|p2b: Gothitelle
|-damage|p2a: Archaludon|0 fnt
|-damage|p2b: Gothitelle|16/100
|faint|p2a: Archaludon
|move|p2b: Gothitelle|Trick Room|p2b: Gothitelle
|-fieldend|move: Trick Room
|
|-weather|RainDance|[upkeep]
|upkeep
|
|t:|1757072300
|switch|p2a: Politoed|Politoed, L50, M, shiny|58/100
|turn|10
|
|t:|1757072310
|move|p1b: Indeedee|Follow Me|p1b: Indeedee
|-singleturn|p1b: Indeedee|move: Follow Me
|move|p2a: Politoed|Weather Ball|p1b: Indeedee
|-damage|p1b: Indeedee|0 fnt
|faint|p1b: Indeedee
|move|p2b: Gothitelle|Psychic|p1a: Farigiraf
|-resisted|p1a: Farigiraf
|-damage|p1a: Farigiraf|25/100
|move|p1a: Farigiraf|Trick Room|p1a: Farigiraf
|-fieldstart|move: Trick Room|[of] p1a: Farigiraf
|
|-weather|none
|-heal|p2a: Politoed|64/100|[from] item: Leftovers
|upkeep
|
|t:|1757072319
|switch|p1b: Torkoal|Torkoal, L50, M, tera:Fire|73/100
|-weather|SunnyDay|[from] ability: Drought|[of] p1b: Torkoal
|turn|11
|
|t:|1757072325
|move|p1b: Torkoal|Eruption|p2b: Gothitelle|[spread] p2a,p2b
|-resisted|p2a: Politoed
|-damage|p2a: Politoed|40/100
|-damage|p2b: Gothitelle|0 fnt
|faint|p2b: Gothitelle
|move|p1a: Farigiraf|Expanding Force|p2a: Politoed
|-damage|p2a: Politoed|0 fnt
|faint|p2a: Politoed
|
|win|m0mimscared
||m0mimscared is ready for game 2.
||Assoup32 is ready for game 2.
|uhtml|next|Next: Game 2 of 3
