|j|☆PaniniWeenie
|j|☆upchicken
|html|PaniniWeenieupchicken    
|uhtml|bestof|Game 2 of a best-of-3
|t:|1756049675
|gametype|doubles
|player|p1|PaniniWeenie|pokemaniac|1311
|player|p2|upchicken|az|1253
|gen|9
|tier|[Gen 9] VGC 2025 Reg H (Bo3)
|rated|
|rule|Species Clause: Limit one of each Pokémon
|rule|Item Clause: Limit 1 of each item
|clearpoke
|poke|p1|Dragonite, L50, M|
|poke|p1|Sneasler, L50, M|
|poke|p1|Rillaboom, L50, M|
|poke|p1|Volcarona, L50, M|
|poke|p1|Kingambit, L50, M|
|poke|p1|Electabuzz, L50, F|
|poke|p2|Dusclops, L50, F|
|poke|p2|Metagross, L50|
|poke|p2|Avalugg-Hisui, L50, F|
|poke|p2|Tyranitar, L50, F|
|poke|p2|Hitmontop, L50, M|
|poke|p2|Annihilape, L50, F|
|teampreview|4
|showteam|p1|Dragonite||LoadedDice|Multiscale|ScaleShot,ExtremeSpeed,Haze,Protect|||M|||50|,,,,,Steel]Sneasler||FocusSash|Pressure|FakeOut,CloseCombat,DireClaw,Coaching|||M|||50|,,,,,Ghost]Rillaboom||AssaultVest|GrassySurge|WoodHammer,GrassyGlide,FakeOut,HighHorsepower|||M|||50|,,,,,Ground]Volcarona||Leftovers|FlameBody|HeatWave,TeraBlast,QuiverDance,Protect|||M|||50|,,,,,Fairy]Kingambit||BlackGlasses|Defiant|SwordsDance,KowtowCleave,SuckerPunch,Protect|||M|||50|,,,,,Dark]Electabuzz||Eviolite|Static|FollowMe,Thunderbolt,Taunt,Protect|||F|||50|,,,,,Dragon
|showteam|p2|Dusclops||Eviolite|Pressure|TrickRoom,WillOWisp,PainSplit,ShadowSneak|||F|||50|,,,,,Dark]Metagross||WeaknessPolicy|ClearBody|BulletPunch,PsychicFangs,KnockOff,Protect||||||50|,,,,,Water]Avalugg-Hisui||AssaultVest|StrongJaw|MountainGale,RockSlide,HighHorsepower,IceSpinner|||F|||50|,,,,,Grass]Tyranitar||LifeOrb|SandStream|RockSlide,KnockOff,Assurance,Protect|||F|||50|,,,,,Ghost]Hitmontop||MirrorHerb|Intimidate|FakeOut,CloseCombat,Coaching,TripleAxel|||M|||50|,,,,,Ghost]Annihilape||SafetyGoggles|Defiant|BulkUp,RageFist,DrainPunch,Protect|||F|||50|,,,,,Fire
|inactive|Battle timer is ON: inactive players will automatically lose when time's up. (requested by upchicken)
|
|t:|1756049695
|teamsize|p1|4
|teamsize|p2|4
|start
|switch|p1a: Sneasler|Sneasler, L50, M|100/100
|switch|p1b: Kingambit|Kingambit, L50, M|100/100
|switch|p2a: Dusclops|Dusclops, L50, F|100/100
|switch|p2b: Hitmontop|Hitmontop, L50, M|100/100
|-ability|p1a: Sneasler|Pressure
|-ability|p2b: Hitmontop|Intimidate|boost
|-unboost|p1a: Sneasler|atk|1
|-unboost|p1b: Kingambit|atk|1
|-ability|p1b: Kingambit|Defiant|boost
|-boost|p1b: Kingambit|atk|2
|-ability|p2a: Dusclops|Pressure
|-enditem|p2b: Hitmontop|Mirror Herb
|-boost|p2b: Hitmontop|atk|2|[from] item: Mirror Herb
|turn|1
|
|t:|1756049707
|-terastallize|p1b: Kingambit|Dark
|-terastallize|p2a: Dusclops|Dark
|move|p1a: Sneasler|Fake Out|p2b: Hitmontop
|-damage|p2b: Hitmontop|90/100
|move|p1b: Kingambit|Kowtow Cleave|p2a: Dusclops
|-resisted|p2a: Dusclops
|-damage|p2a: Dusclops|72/100
|cant|p2b: Hitmontop|flinch
|move|p2a: Dusclops|Trick Room|p2a: Dusclops
|-fieldstart|move: Trick Room|[of] p2a: Dusclops
|
|upkeep
|turn|2
|
|t:|1756049718
|move|p1b: Kingambit|Protect|p1b: Kingambit
|-singleturn|p1b: Kingambit|Protect
|move|p2a: Dusclops|Will-O-Wisp|p1b: Kingambit
|-activate|p1b: Kingambit|move: Protect
|move|p2b: Hitmontop|Triple Axel|p1a: Sneasler
|-damage|p1a: Sneasler|81/100
|-damage|p1a: Sneasler|44/100
|-damage|p1a: Sneasler|0 fnt
|faint|p1a: Sneasler
|-hitcount|p1: Sneasler|3
|
|upkeep
|
|t:|1756049729
|switch|p1a: Volcarona|Volcarona, L50, M|100/100
|turn|3
|
|t:|1756049736
|switch|p1b: Dragonite|Dragonite, L50, M|100/100
|move|p2a: Dusclops|Will-O-Wisp|p1b: Dragonite
|-status|p1b: Dragonite|brn
|move|p2b: Hitmontop|Close Combat|p1b: Dragonite
|-resisted|p1b: Dragonite
|-damage|p1b: Dragonite|73/100 brn
|-unboost|p2b: Hitmontop|def|1
|-unboost|p2b: Hitmontop|spd|1
|move|p1a: Volcarona|Quiver Dance|p1a: Volcarona
|-boost|p1a: Volcarona|spa|1
|-boost|p1a: Volcarona|spd|1
|-boost|p1a: Volcarona|spe|1
|
|-damage|p1b: Dragonite|67/100 brn|[from] brn
|upkeep
|turn|4
|
|t:|1756049757
|switch|p2a: Tyranitar|Tyranitar, L50, F|100/100
|-weather|Sandstorm|[from] ability: Sand Stream|[of] p2a: Tyranitar
|move|p1b: Dragonite|Protect|p1b: Dragonite
|-singleturn|p1b: Dragonite|Protect
|move|p2b: Hitmontop|Triple Axel|p1b: Dragonite
|-activate|p1b: Dragonite|move: Protect
|move|p1a: Volcarona|Heat Wave|p2a: Tyranitar|[spread] p2a,p2b
|-resisted|p2a: Tyranitar
|-damage|p2a: Tyranitar|85/100
|-damage|p2b: Hitmontop|8/100
|-status|p2a: Tyranitar|brn
|
|-weather|Sandstorm|[upkeep]
|-damage|p2b: Hitmontop|2/100|[from] Sandstorm
|-damage|p1b: Dragonite|61/100 brn|[from] Sandstorm
|-damage|p1a: Volcarona|94/100|[from] Sandstorm
|-heal|p1a: Volcarona|100/100|[from] item: Leftovers
|-damage|p2a: Tyranitar|79/100 brn|[from] brn
|-damage|p1b: Dragonite|55/100 brn|[from] brn
|upkeep
|turn|5
|
|t:|1756049780
|switch|p1b: Kingambit|Kingambit, L50, M, tera:Dark|100/100
|move|p1a: Volcarona|Protect|p1a: Volcarona
|-singleturn|p1a: Volcarona|Protect
|move|p2b: Hitmontop|Coaching|p2a: Tyranitar
|-boost|p2a: Tyranitar|atk|1
|-boost|p2a: Tyranitar|def|1
|move|p2a: Tyranitar|Rock Slide|p1a: Volcarona|[spread] p1b
|-activate|p1a: Volcarona|move: Protect
|-damage|p1b: Kingambit|77/100
|-damage|p2a: Tyranitar|69/100 brn|[from] item: Life Orb
|
|-weather|Sandstorm|[upkeep]
|-damage|p2b: Hitmontop|0 fnt|[from] Sandstorm
|-damage|p1b: Kingambit|71/100|[from] Sandstorm
|-damage|p1a: Volcarona|94/100|[from] Sandstorm
|faint|p2b: Hitmontop
|-heal|p1a: Volcarona|100/100|[from] item: Leftovers
|-damage|p2a: Tyranitar|63/100 brn|[from] brn
|-fieldend|move: Trick Room
|upkeep
|
|t:|1756049794
|switch|p2b: Dusclops|Dusclops, L50, F, tera:Dark|72/100
|-ability|p2b: Dusclops|Pressure
|turn|6
|
|t:|1756049806
|move|p1b: Kingambit|Sucker Punch|p2a: Tyranitar
|-resisted|p2a: Tyranitar
|-damage|p2a: Tyranitar|44/100 brn
|move|p1a: Volcarona|Heat Wave|p2b: Dusclops|[spread] p2a,p2b
|-resisted|p2a: Tyranitar
|-damage|p2a: Tyranitar|30/100 brn
|-damage|p2b: Dusclops|41/100
|move|p2a: Tyranitar|Rock Slide|p1b: Kingambit|[spread] p1a,p1b
|-supereffective|p1a: Volcarona
|-damage|p1a: Volcarona|0 fnt
|-damage|p1b: Kingambit|48/100
|faint|p1a: Volcarona
|-damage|p2a: Tyranitar|20/100 brn|[from] item: Life Orb
|move|p2b: Dusclops|Trick Room|p2b: Dusclops
|-fieldstart|move: Trick Room|[of] p2b: Dusclops
|
|-weather|Sandstorm|[upkeep]
|-damage|p2b: Dusclops|35/100|[from] Sandstorm
|-damage|p1b: Kingambit|42/100|[from] Sandstorm
|-damage|p2a: Tyranitar|15/100 brn|[from] brn
|upkeep
|
|t:|1756049816
|switch|p1a: Dragonite|Dragonite, L50, M|55/100 brn
|turn|7
|
|t:|1756049837
|move|p1b: Kingambit|Protect|p1b: Kingambit
|-singleturn|p1b: Kingambit|Protect
|move|p1a: Dragonite|Protect|p1a: Dragonite
|-singleturn|p1a: Dragonite|Protect
|move|p2b: Dusclops|Will-O-Wisp|p1b: Kingambit
|-activate|p1b: Kingambit|move: Protect
|move|p2a: Tyranitar|Rock Slide|p1a: Dragonite|[spread] 
|-activate|p1a: Dragonite|move: Protect
|-activate|p1b: Kingambit|move: Protect
|
|-weather|Sandstorm|[upkeep]
|-damage|p2b: Dusclops|29/100|[from] Sandstorm
|-damage|p1b: Kingambit|36/100|[from] Sandstorm
|-damage|p1a: Dragonite|49/100 brn|[from] Sandstorm
|-damage|p2a: Tyranitar|9/100 brn|[from] brn
|-damage|p1a: Dragonite|43/100 brn|[from] brn
|upkeep
|turn|8
|
|t:|1756049852
|move|p1a: Dragonite|Extreme Speed|p2a: Tyranitar
|-resisted|p2a: Tyranitar
|-damage|p2a: Tyranitar|5/100 brn
|move|p2b: Dusclops|Will-O-Wisp|p1b: Kingambit
|-status|p1b: Kingambit|brn
|move|p2a: Tyranitar|Rock Slide|p1b: Kingambit|[spread] p1b
|-miss|p2a: Tyranitar|p1a: Dragonite
|-damage|p1b: Kingambit|11/100 brn
|-damage|p2a: Tyranitar|0 fnt|[from] item: Life Orb
|faint|p2a: Tyranitar
|cant|p1b: Kingambit|flinch
|
|-weather|none
|-damage|p1b: Kingambit|5/100 brn|[from] brn
|-damage|p1a: Dragonite|37/100 brn|[from] brn
|upkeep
|
|t:|1756049864
|switch|p2a: Avalugg|Avalugg-Hisui, L50, F|100/100
|turn|9
|
|t:|1756049875
|move|p2b: Dusclops|Shadow Sneak|p1b: Kingambit
|-resisted|p1b: Kingambit
|-crit|p1b: Kingambit
|-damage|p1b: Kingambit|0 fnt
|faint|p1b: Kingambit
|move|p2a: Avalugg|Rock Slide|p1a: Dragonite
|-supereffective|p1a: Dragonite
|-damage|p1a: Dragonite|0 fnt
|faint|p1a: Dragonite
|
|win|upchicken
|raw|PaniniWeenie's rating: 1311 → 1288(-23 for losing)
|raw|upchicken's rating: 1253 → 1282(+29 for winning)
|l|☆PaniniWeenie
|player|p1|
