|j|☆SmolivStayStrong<3
|j|☆horseki
|html|SmolivStayStrong<3horseki    
|uhtml|bestof|Game 2 of a best-of-3
|t:|1783650956
|gametype|doubles
|player|p1|SmolivStayStrong<3|miku-flying|
|player|p2|horseki|clerkf|
|gen|9
|tier|[Gen 9 Champions] VGC 2026 Reg M-B (Bo3)
|rule|Species Clause: Limit one of each Pokémon
|rule|Item Clause: Limit 1 of each item
|clearpoke
|poke|p1|Chesnaught, L50, M, shiny|
|poke|p1|Blastoise, L50, F|
|poke|p1|Chandelure, L50, M|
|poke|p1|Jolteon, L50, M|
|poke|p1|Floette-Eternal, L50, F|
|poke|p1|Klefki, L50, F, shiny|
|poke|p2|Altaria, L50, F|
|poke|p2|Liepard, L50, M|
|poke|p2|Gengar, L50, M|
|poke|p2|Rotom-Mow, L50|
|poke|p2|Tauros-Paldea-Blaze, L50, M|
|poke|p2|Hawlucha, L50, F|
|teampreview|4
|showteam|p1|Chesnaught||Chesnaughtite|Bulletproof|BodyPress,SpikyShield,WideGuard,SeedBomb|Adamant||M|||50|]Blastoise||SitrusBerry|RainDish|FakeOut,WaveCrash,Yawn,FlipTurn|Adamant||F|||50|]Chandelure||FocusSash|FlashFire|HeatWave,ShadowBall,Protect,TrickRoom|Modest||M|||50|]Jolteon||ChoiceScarf|VoltAbsorb|VoltSwitch,Thunderbolt,Electroweb,AlluringVoice|Modest||M|||50|]Floette-Eternal||Leftovers|FlowerVeil|CalmMind,Moonblast,DazzlingGleam,Protect|Bold||F|||50|]Klefki||LightClay|Prankster|FlashCannon,ThunderWave,FoulPlay,LightScreen|Bold||F|||50|
|showteam|p2|Altaria||Altarianite|NaturalCure|HyperVoice,Tailwind,Flamethrower,Protect|Modest||F|||50|]Liepard||FocusSash|Prankster|FakeOut,Encore,FakeTears,FoulPlay|Jolly||M|||50|]Gengar||ColburBerry|CursedBody|IcyWind,ShadowBall,SludgeBomb,Protect|Hasty||M|||50|]Rotom-Mow||OccaBerry|Levitate|Thunderbolt,LeafStorm,Protect,HelpingHand|Modest|||||50|]Tauros-Paldea-Blaze||LifeOrb|Intimidate|CloseCombat,FlareBlitz,Trailblaze,Protect|Jolly||M|||50|]Hawlucha||WhiteHerb|Unburden|Acrobatics,CloseCombat,Taunt,Protect|Adamant||F|||50|
|inactive|Battle timer is ON: inactive players will automatically lose when time's up. (requested by SmolivStayStrong<3)
|inactive|horseki has 60 seconds left.
|
|t:|1783651004
|teamsize|p1|4
|teamsize|p2|4
|start
|switch|p1a: Chandelure|Chandelure, L50, M|100/100
|switch|p1b: Floette|Floette-Eternal, L50, F|100/100
|switch|p2a: Hawlucha|Hawlucha, L50, F|100/100
|switch|p2b: Liepard|Liepard, L50, M|100/100
|turn|1
|inactive|SmolivStayStrong<3 has 30 seconds left.
|inactive|horseki has 30 seconds left.
|
|t:|1783651037
|switch|p1b: Jolteon|Jolteon, L50, M|100/100
|move|p2a: Hawlucha|Protect|p2a: Hawlucha
|-singleturn|p2a: Hawlucha|Protect
|move|p2b: Liepard|Foul Play|p1a: Chandelure
|-supereffective|p1a: Chandelure|1
|-damage|p1a: Chandelure|55/100
|move|p1a: Chandelure|Heat Wave|p2b: Liepard|[spread] p2b
|-activate|p2a: Hawlucha|move: Protect
|-damage|p2b: Liepard|3/100
|
|upkeep
|turn|2
|inactive|horseki has 30 seconds left.
|inactive|horseki has 20 seconds left.
|inactive|horseki has 15 seconds left.
|
|t:|1783651078
|move|p2b: Liepard|Fake Tears|p1b: Jolteon
|-unboost|p1b: Jolteon|spd|2
|move|p1b: Jolteon|Electroweb|p2a: Hawlucha|[spread] p2a,p2b
|-supereffective|p2a: Hawlucha|1
|-damage|p2a: Hawlucha|34/100
|-damage|p2b: Liepard|0 fnt
|-unboost|p2a: Hawlucha|spe|1
|faint|p2b: Liepard
|-enditem|p2a: Hawlucha|White Herb
|-clearnegativeboost|p2a: Hawlucha|[silent]
|move|p2a: Hawlucha|Taunt|p1a: Chandelure
|-start|p1a: Chandelure|move: Taunt
|move|p1a: Chandelure|Heat Wave|p2a: Hawlucha
|-damage|p2a: Hawlucha|0 fnt
|faint|p2a: Hawlucha
|
|upkeep
|
|t:|1783651090
|switch|p2b: Tauros|Tauros-Paldea-Blaze, L50, M|100/100
|switch|p2a: Gengar|Gengar, L50, M|100/100
|-ability|p2b: Tauros|Intimidate|boost
|-unboost|p1a: Chandelure|atk|1
|-unboost|p1b: Jolteon|atk|1
|turn|3
|
|t:|1783651113
|move|p1b: Jolteon|Electroweb|p2a: Gengar|[spread] p2a,p2b
|-damage|p2a: Gengar|63/100
|-damage|p2b: Tauros|67/100
|-unboost|p2a: Gengar|spe|1
|-unboost|p2b: Tauros|spe|1
|move|p2a: Gengar|Shadow Ball|p1a: Chandelure
|-supereffective|p1a: Chandelure|1
|-damage|p1a: Chandelure|0 fnt
|faint|p1a: Chandelure
|move|p2b: Tauros|Flare Blitz|p1b: Jolteon
|-damage|p1b: Jolteon|0 fnt
|faint|p1b: Jolteon
|-damage|p2b: Tauros|36/100|[from] Recoil
|-damage|p2b: Tauros|26/100|[from] item: Life Orb
|
|upkeep
|
|t:|1783651134
|switch|p1b: Floette|Floette-Eternal, L50, F|100/100
|switch|p1a: Chesnaught|Chesnaught, L50, M, shiny|100/100
|turn|4
|
|t:|1783651143
|detailschange|p1a: Chesnaught|Chesnaught-Mega, L50, M, shiny
|-mega|p1a: Chesnaught|Chesnaught|Chesnaughtite
|move|p2b: Tauros|Protect|p2b: Tauros
|-singleturn|p2b: Tauros|Protect
|move|p2a: Gengar|Icy Wind|p1a: Chesnaught|[spread] p1a,p1b
|-supereffective|p1a: Chesnaught|1
|-damage|p1a: Chesnaught|77/100
|-damage|p1b: Floette|88/100
|-unboost|p1b: Floette|spe|1
|move|p1b: Floette|Dazzling Gleam|p2b: Tauros|[spread] p2a
|-activate|p2b: Tauros|move: Protect
|-resisted|p2a: Gengar|1
|-damage|p2a: Gengar|40/100
|move|p1a: Chesnaught|Body Press|p2b: Tauros
|-activate|p2b: Tauros|move: Protect
|
|-heal|p1b: Floette|94/100|[from] item: Leftovers
|upkeep
|turn|5
|
|t:|1783651164
|move|p2a: Gengar|Sludge Bomb|p1b: Floette
|-supereffective|p1b: Floette|1
|-damage|p1b: Floette|14/100
|move|p2b: Tauros|Flare Blitz|p1a: Chesnaught
|-supereffective|p1a: Chesnaught|1
|-damage|p1a: Chesnaught|0 fnt
|faint|p1a: Chesnaught
|-damage|p2b: Tauros|0 fnt|[from] Recoil
|faint|p2b: Tauros
|move|p1b: Floette|Dazzling Gleam|p2a: Gengar
|-resisted|p2a: Gengar|1
|-damage|p2a: Gengar|12/100
|-start|p1b: Floette|Disable|Dazzling Gleam|[from] ability: Cursed Body|[of] p2a: Gengar
|
|-heal|p1b: Floette|20/100y|[from] item: Leftovers
|upkeep
|turn|6
|inactive|horseki has 30 seconds left.
|c|☆horseki|why was icy wind not spd dropping?
|inactive|horseki has 20 seconds left.
|c|☆SmolivStayStrong<3|absolutely clueless
|
|t:|1783651203
|move|p1b: Floette|Protect|p1b: Floette
|-singleturn|p1b: Floette|Protect
|move|p2a: Gengar|Sludge Bomb|p1b: Floette
|-activate|p1b: Floette|move: Protect
|
|-heal|p1b: Floette|27/100|[from] item: Leftovers
|upkeep
|turn|7
|
|t:|1783651207
|move|p2a: Gengar|Sludge Bomb|p1b: Floette
|-supereffective|p1b: Floette|1
|-damage|p1b: Floette|0 fnt
|faint|p1b: Floette
|
|win|horseki
|c|☆SmolivStayStrong<3|gg
|c|☆horseki|gg
