|j|☆0Zeru
|j|☆arc3deus
|html|0Zeruarc3deus    
|uhtml|bestof|Game 3 of a best-of-3
|t:|1785701389
|gametype|doubles
|player|p1|0Zeru|battlegirl-gen4|1000
|player|p2|arc3deus|102|1087
|gen|9
|tier|[Gen 9 Champions] VGC 2026 Reg M-B (Bo3)
|rated|
|rule|Species Clause: Limit one of each Pokémon
|rule|Item Clause: Limit 1 of each item
|clearpoke
|poke|p1|Lopunny, L50, M|
|poke|p1|Arcanine-Hisui, L50, M|
|poke|p1|Meowstic, L50, M|
|poke|p1|Raichu, L50, F|
|poke|p1|Politoed, L50, F|
|poke|p1|Hydreigon, L50, F|
|poke|p2|Charizard, L50, F|
|poke|p2|Garchomp, L50, M|
|poke|p2|Whimsicott, L50, M|
|poke|p2|Farigiraf, L50, F|
|poke|p2|Aerodactyl, L50, F|
|poke|p2|Sylveon, L50, F|
|teampreview|4
|showteam|p1|Lopunny||Lopunnite|CuteCharm|FakeOut,TripleAxel,CloseCombat,Protect|Jolly||M|||50|]Arcanine-Hisui||ChoiceScarf|RockHead|FlareBlitz,HeadSmash,RockSlide,PsychicFangs|Jolly||M|||50|]Meowstic||ColburBerry|Prankster|Gravity,FakeOut,Psychic,QuickGuard|Calm||M|||50|]Raichu||RaichuniteY|Static|FakeOut,ZapCannon,FocusBlast,Protect|Modest||F|||50|]Politoed||Leftovers|Drizzle|PerishSong,Protect,Hypnosis,WeatherBall|Bold||F|||50|]Hydreigon||FocusSash|Levitate|DarkPulse,DracoMeteor,Tailwind,Protect|Timid||F|||50|
|showteam|p2|Charizard||CharizarditeY|Blaze|HeatWave,WeatherBall,Protect,SolarBeam|Modest||F|||50|]Garchomp||ChoiceScarf|RoughSkin|StompingTantrum,RockSlide,DragonClaw,Bulldoze|Jolly||M|||50|]Whimsicott||FocusSash|Prankster|Tailwind,Moonblast,Encore,SunnyDay|Modest||M|||50|]Farigiraf||Leftovers|ArmorTail|TrickRoom,TwinBeam,Protect,HelpingHand|Sassy||F|||50|]Aerodactyl||Aerodactylite|Unnerve|RockSlide,DualWingbeat,IceFang,Tailwind|Jolly||F|||50|]Sylveon||FairyFeather|Pixilate|HyperVoice,HyperBeam,Protect,CalmMind|Modest||F|||50|
|inactive|Battle timer is ON: inactive players will automatically lose when time's up. (requested by 0Zeru)
|inactive|0Zeru has 60 seconds left.
|
|t:|1785701424
|teamsize|p1|4
|teamsize|p2|4
|start
|switch|p1a: Meowstic|Meowstic, L50, M|100/100
|switch|p1b: Arcanine|Arcanine-Hisui, L50, M|100/100
|switch|p2a: Garchomp|Garchomp, L50, M|100/100
|switch|p2b: Aerodactyl|Aerodactyl, L50, F|100/100
|-ability|p2b: Aerodactyl|Unnerve
|turn|1
|inactive|arc3deus has 30 seconds left.
|
|t:|1785701456
|switch|p2b: Sylveon|Sylveon, L50, F|100/100
|move|p1a: Meowstic|Fake Out|p2a: Garchomp
|-damage|p2a: Garchomp|95/100
|-damage|p1a: Meowstic|87/100|[from] ability: Rough Skin|[of] p2a: Garchomp
|cant|p2a: Garchomp|flinch
|move|p1b: Arcanine|Head Smash|p2b: Sylveon
|-damage|p2b: Sylveon|14/100
|
|upkeep
|turn|2
|
|t:|1785701482
|switch|p1b: Politoed|Politoed, L50, F|100/100
|-weather|RainDance|[from] ability: Drizzle|[of] p1b: Politoed
|move|p2b: Sylveon|Protect|p2b: Sylveon
|-singleturn|p2b: Sylveon|Protect
|move|p1a: Meowstic|Gravity|p1a: Meowstic
|-fieldstart|move: Gravity
|move|p2a: Garchomp|Bulldoze|p1b: Politoed|[spread] p1a,p1b
|-activate|p2b: Sylveon|move: Protect
|-damage|p1a: Meowstic|65/100
|-damage|p1b: Politoed|78/100
|-unboost|p1a: Meowstic|spe|1
|-unboost|p1b: Politoed|spe|1
|
|-weather|RainDance|[upkeep]
|-heal|p1b: Politoed|84/100|[from] item: Leftovers
|upkeep
|turn|3
|
|t:|1785701506
|switch|p2a: Aerodactyl|Aerodactyl, L50, F|100/100
|-ability|p2a: Aerodactyl|Unnerve
|move|p1a: Meowstic|Psychic|p2b: Sylveon
|-damage|p2b: Sylveon|0 fnt
|faint|p2b: Sylveon
|move|p1b: Politoed|Hypnosis|p2a: Aerodactyl
|-status|p2a: Aerodactyl|slp|[from] move: Hypnosis
|
|-weather|RainDance|[upkeep]
|-heal|p1b: Politoed|90/100|[from] item: Leftovers
|upkeep
|
|t:|1785701520
|switch|p2b: Garchomp|Garchomp, L50, M|95/100
|turn|4
|
|t:|1785701538
|detailschange|p2a: Aerodactyl|Aerodactyl-Mega, L50, F
|-mega|p2a: Aerodactyl|Aerodactyl|Aerodactylite
|move|p2b: Garchomp|Stomping Tantrum|p1a: Meowstic
|-damage|p1a: Meowstic|24/100
|cant|p2a: Aerodactyl|slp
|move|p1a: Meowstic|Psychic|p2a: Aerodactyl
|-damage|p2a: Aerodactyl|69/100 slp
|move|p1b: Politoed|Hypnosis|p2b: Garchomp
|-status|p2b: Garchomp|slp|[from] move: Hypnosis
|
|-weather|RainDance|[upkeep]
|-heal|p1b: Politoed|96/100|[from] item: Leftovers
|upkeep
|turn|5
|inactive|0Zeru has 30 seconds left.
|
|t:|1785701572
|cant|p2b: Garchomp|slp
|cant|p2a: Aerodactyl|slp
|move|p1a: Meowstic|Psychic|p2a: Aerodactyl
|-damage|p2a: Aerodactyl|36/100 slp
|move|p1b: Politoed|Perish Song|p1b: Politoed
|-start|p1a: Meowstic|perish3|[silent]
|-start|p1b: Politoed|perish3|[silent]
|-start|p2a: Aerodactyl|perish3|[silent]
|-start|p2b: Garchomp|perish3|[silent]
|-fieldactivate|move: Perish Song
|
|-weather|RainDance|[upkeep]
|-heal|p1b: Politoed|100/100|[from] item: Leftovers
|-start|p2b: Garchomp|perish3
|-start|p2a: Aerodactyl|perish3
|-start|p1a: Meowstic|perish3
|-start|p1b: Politoed|perish3
|upkeep
|turn|6
|inactive|0Zeru has 30 seconds left.
|
|t:|1785701600
|switch|p2b: Whimsicott|Whimsicott, L50, M|100/100
|-curestatus|p2a: Aerodactyl|slp|[msg]
|move|p2a: Aerodactyl|Rock Slide|p1b: Politoed|[spread] p1a,p1b
|-damage|p1a: Meowstic|0 fnt
|-damage|p1b: Politoed|72/100
|faint|p1a: Meowstic
|move|p1b: Politoed|Weather Ball|p2a: Aerodactyl
|-supereffective|p2a: Aerodactyl|1
|-damage|p2a: Aerodactyl|0 fnt
|faint|p2a: Aerodactyl
|
|-weather|none
|-heal|p1b: Politoed|78/100|[from] item: Leftovers
|-start|p1b: Politoed|perish2
|-fieldend|move: Gravity
|upkeep
|
|t:|1785701616
|switch|p2a: Garchomp|Garchomp, L50, M|95/100 slp
|switch|p1a: Raichu|Raichu, L50, F|100/100
|turn|7
|
|t:|1785701634
|move|p1a: Raichu|Fake Out|p2b: Whimsicott
|-damage|p2b: Whimsicott|91/100
|cant|p2b: Whimsicott|flinch
|cant|p2a: Garchomp|slp
|move|p1b: Politoed|Perish Song|p1b: Politoed
|-start|p1a: Raichu|perish3|[silent]
|-start|p2a: Garchomp|perish3|[silent]
|-start|p2b: Whimsicott|perish3|[silent]
|-fieldactivate|move: Perish Song
|
|-heal|p1b: Politoed|84/100|[from] item: Leftovers
|-start|p2a: Garchomp|perish3
|-start|p1a: Raichu|perish3
|-start|p2b: Whimsicott|perish3
|-start|p1b: Politoed|perish1
|upkeep
|turn|8
|inactive|0Zeru has 30 seconds left.
|inactive|0Zeru has 20 seconds left.
|
|t:|1785701672
|switch|p1b: Arcanine|Arcanine-Hisui, L50, M|100/100
|detailschange|p1a: Raichu|Raichu-Mega-Y, L50, F
|-mega|p1a: Raichu|Raichu|Raichunite Y
|move|p1a: Raichu|Protect|p1a: Raichu
|-singleturn|p1a: Raichu|Protect
|-curestatus|p2a: Garchomp|slp|[msg]
|move|p2a: Garchomp|Stomping Tantrum|p1a: Raichu
|-activate|p1a: Raichu|move: Protect
|move|p2b: Whimsicott|Moonblast|p1b: Arcanine
|-resisted|p1b: Arcanine|1
|-damage|p1b: Arcanine|75/100
|
|-start|p2a: Garchomp|perish2
|-start|p1a: Raichu|perish2
|-start|p2b: Whimsicott|perish2
|upkeep
|turn|9
|inactive|0Zeru has 30 seconds left.
|
|t:|1785701706
|move|p2b: Whimsicott|Encore|p1a: Raichu
|-start|p1a: Raichu|Encore
|move|p1a: Raichu|Protect||[still]
|-fail|p1a: Raichu
|move|p2a: Garchomp|Stomping Tantrum|p1a: Raichu
|-supereffective|p1a: Raichu|1
|-damage|p1a: Raichu|0 fnt
|faint|p1a: Raichu
|move|p1b: Arcanine|Flare Blitz|p2b: Whimsicott
|-supereffective|p2b: Whimsicott|1
|-damage|p2b: Whimsicott|0 fnt
|faint|p2b: Whimsicott
|
|-start|p2a: Garchomp|perish1
|upkeep
|
|t:|1785701716
|switch|p1a: Politoed|Politoed, L50, F|84/100
|-weather|RainDance|[from] ability: Drizzle|[of] p1a: Politoed
|turn|10
|c|☆0Zeru|gg
|
|t:|1785701723
|move|p1a: Politoed|Protect|p1a: Politoed
|-singleturn|p1a: Politoed|Protect
|move|p2a: Garchomp|Stomping Tantrum|p1b: Arcanine
|-supereffective|p1b: Arcanine|2
|-damage|p1b: Arcanine|0 fnt
|faint|p1b: Arcanine
|
|-weather|RainDance|[upkeep]
|-heal|p1a: Politoed|90/100|[from] item: Leftovers
|-start|p2a: Garchomp|perish0
|faint|p2a: Garchomp
|
|win|0Zeru
|raw|0Zeru's rating: 1000 → 1050(+50 for winning)
|raw|arc3deus's rating: 1087 → 1058(-29 for losing)
