|j|☆Fedemitra9
|j|☆ildrarVGC
|html|Fedemitra9ildrarVGC    
|uhtml|bestof|Game 1 of a best-of-3
|t:|1786194989
|gametype|doubles
|player|p1|Fedemitra9|lucas|1383
|player|p2|ildrarVGC|265|1507
|gen|9
|tier|[Gen 9 Champions] VGC 2026 Reg M-B (Bo3)
|rated|
|rule|Species Clause: Limit one of each Pokémon
|rule|Item Clause: Limit 1 of each item
|clearpoke
|poke|p1|Froslass, L50, F|
|poke|p1|Basculegion, L50, M|
|poke|p1|Kingambit, L50, M|
|poke|p1|Sneasler, L50, M|
|poke|p1|Lycanroc-Dusk, L50, M|
|poke|p1|Scovillain, L50, F, shiny|
|poke|p2|Froslass, L50, F|
|poke|p2|Sneasler, L50, F|
|poke|p2|Basculegion, L50, M|
|poke|p2|Dragonite, L50, M|
|poke|p2|Garchomp, L50, M|
|poke|p2|Kingambit, L50, F|
|teampreview|4
|showteam|p1|Froslass||Froslassite|CursedBody|Blizzard,ShadowBall,AuroraVeil,Protect|Timid||F|||50|]Basculegion||SitrusBerry|Adaptability|WaveCrash,LastRespects,AquaJet,Protect|Adamant||M|||50|]Kingambit||LifeOrb|Defiant|KowtowCleave,SuckerPunch,SwordsDance,Protect|Adamant||M|||50|]Sneasler||WhiteHerb|Unburden|CloseCombat,DireClaw,Protect,FakeOut|Adamant||M|||50|]Lycanroc-Dusk||FocusSash|ToughClaws|CloseCombat,Accelerock,RockSlide,Protect|Adamant||M|||50|]Scovillain||Scovillainite|Moody|GigaDrain,Overheat,RagePowder,Protect|Bold||F|||50|
|showteam|p2|Froslass||Froslassite|CursedBody|Blizzard,ShadowBall,AuroraVeil,Protect|Timid||F|||50|]Sneasler||FocusSash|Unburden|FakeOut,CloseCombat,DireClaw,Feint|Jolly||F|||50|]Basculegion||MysticWater|Adaptability|WaveCrash,AquaJet,LastRespects,Protect|Adamant||M|||50|]Dragonite||Dragoninite|Multiscale|DragonPulse,HeatWave,Tailwind,Protect|Modest||M|||50|]Garchomp||RoseliBerry|RoughSkin|Earthquake,DragonClaw,RockSlide,PoisonJab|Jolly||M|||50|]Kingambit||ChopleBerry|Defiant|KowtowCleave,SuckerPunch,IronHead,LowKick|Adamant||F|||50|
|c|☆ildrarVGC|Ottimo
|c|☆Fedemitra9|Amore mio
|inactive|Battle timer is ON: inactive players will automatically lose when time's up. (requested by Fedemitra9)
|c|☆Fedemitra9|In bocca al lupo nick
|inactive|Fedemitra9 has 60 seconds left.
|c|☆ildrarVGC|In bocca al lupo
|inactive|Fedemitra9 has 30 seconds left.
|
|t:|1786195086
|teamsize|p1|4
|teamsize|p2|4
|start
|switch|p1a: Scovillain|Scovillain, L50, F, shiny|100/100
|switch|p1b: Kingambit|Kingambit, L50, M|100/100
|switch|p2a: Sneasler|Sneasler, L50, F|100/100
|switch|p2b: Basculegion|Basculegion, L50, M|100/100
|turn|1
|inactive|ildrarVGC has 30 seconds left.
|inactive|Fedemitra9 has 30 seconds left.
|inactive|ildrarVGC has 20 seconds left.
|inactive|ildrarVGC has 15 seconds left.
|inactive|ildrarVGC has 10 seconds left.
|
|t:|1786195133
|switch|p2b: Garchomp|Garchomp, L50, M|100/100
|detailschange|p1a: Scovillain|Scovillain-Mega, L50, F, shiny
|-mega|p1a: Scovillain|Scovillain|Scovillainite
|move|p1b: Kingambit|Sucker Punch||[still]
|-fail|p1b: Kingambit
|move|p2a: Sneasler|Dire Claw|p1a: Scovillain
|-supereffective|p1a: Scovillain|1
|-damage|p1a: Scovillain|25/100
|-status|p2a: Sneasler|brn|[from] ability: Spicy Spray|[of] p1a: Scovillain
|move|p1a: Scovillain|Overheat|p2a: Sneasler
|-damage|p2a: Sneasler|14/100 brn
|-unboost|p1a: Scovillain|spa|2
|
|-damage|p2a: Sneasler|8/100 brn|[from] brn
|upkeep
|turn|2
|inactive|Fedemitra9 has 30 seconds left.
|inactive|Fedemitra9 has 20 seconds left.
|
|t:|1786195173
|move|p1a: Scovillain|Rage Powder|p1a: Scovillain
|-singleturn|p1a: Scovillain|move: Rage Powder
|move|p2a: Sneasler|Dire Claw|p1a: Scovillain
|-supereffective|p1a: Scovillain|1
|-damage|p1a: Scovillain|0 fnt
|faint|p1a: Scovillain
|move|p2b: Garchomp|Earthquake|p1b: Kingambit|[spread] p2a,p1b
|-supereffective|p2a: Sneasler|1
|-supereffective|p1b: Kingambit|1
|-damage|p2a: Sneasler|0 fnt
|-damage|p1b: Kingambit|42/100
|faint|p2a: Sneasler
|move|p1b: Kingambit|Swords Dance|p1b: Kingambit
|-boost|p1b: Kingambit|atk|2
|
|upkeep
|
|t:|1786195195
|switch|p2a: Kingambit|Kingambit, L50, F|100/100
|switch|p1a: Sneasler|Sneasler, L50, M|100/100
|turn|3
|
|t:|1786195216
|move|p1a: Sneasler|Fake Out|p2a: Kingambit
|-resisted|p2a: Kingambit|1
|-damage|p2a: Kingambit|95/100
|move|p1b: Kingambit|Sucker Punch|p2b: Garchomp
|-damage|p2b: Garchomp|0 fnt
|-damage|p1b: Kingambit|29/100|[from] ability: Rough Skin|[of] p2b: Garchomp
|faint|p2b: Garchomp
|-damage|p1b: Kingambit|20/100y|[from] item: Life Orb
|cant|p2a: Kingambit|flinch
|
|upkeep
|
|t:|1786195227
|switch|p2b: Basculegion|Basculegion, L50, M|100/100
|turn|4
|
|t:|1786195243
|move|p2b: Basculegion|Aqua Jet|p1b: Kingambit
|-crit|p1b: Kingambit
|-damage|p1b: Kingambit|0 fnt
|faint|p1b: Kingambit
|move|p1a: Sneasler|Close Combat|p2a: Kingambit
|-supereffective|p2a: Kingambit|2
|-enditem|p2a: Kingambit|Chople Berry|[eat]
|-enditem|p2a: Kingambit|Chople Berry|[weaken]
|-damage|p2a: Kingambit|13/100
|-unboost|p1a: Sneasler|def|1
|-unboost|p1a: Sneasler|spd|1
|-enditem|p1a: Sneasler|White Herb
|-clearnegativeboost|p1a: Sneasler|[silent]
|move|p2a: Kingambit|Iron Head|p1a: Sneasler
|-damage|p1a: Sneasler|51/100
|
|upkeep
|
|t:|1786195258
|switch|p1b: Basculegion|Basculegion, L50, M|100/100
|turn|5
|
|t:|1786195275
|move|p1b: Basculegion|Protect|p1b: Basculegion
|-singleturn|p1b: Basculegion|Protect
|move|p1a: Sneasler|Close Combat|p2a: Kingambit
|-supereffective|p2a: Kingambit|2
|-damage|p2a: Kingambit|0 fnt
|-unboost|p1a: Sneasler|def|1
|-unboost|p1a: Sneasler|spd|1
|faint|p2a: Kingambit
|move|p2b: Basculegion|Last Respects|p1b: Basculegion
|-activate|p1b: Basculegion|move: Protect
|
|upkeep
|turn|6
|
|t:|1786195291
|move|p1a: Sneasler|Dire Claw|p2b: Basculegion
|-resisted|p2b: Basculegion|1
|-damage|p2b: Basculegion|78/100
|move|p2b: Basculegion|Last Respects|p1b: Basculegion
|-supereffective|p1b: Basculegion|1
|-damage|p1b: Basculegion|0 fnt
|faint|p1b: Basculegion
|
|upkeep
|turn|7
|
|t:|1786195298
|move|p2b: Basculegion|Aqua Jet|p1a: Sneasler
|-damage|p1a: Sneasler|0 fnt
|faint|p1a: Sneasler
|
|win|ildrarVGC
||Fedemitra9 is ready for game 2.
||ildrarVGC is ready for game 2.
|uhtml|next|Next: Game 2 of 3
