|j|☆ethical sga
|j|☆Gorka1971
|html|ethical sgaGorka1971    
|uhtml|bestof|Game 2 of a best-of-3
|t:|1783435692
|gametype|doubles
|player|p1|ethical sga|lass-gen4dp|1166
|player|p2|Gorka1971|170|1115
|gen|9
|tier|[Gen 9 Champions] VGC 2026 Reg M-B (Bo3)
|rated|
|rule|Species Clause: Limit one of each Pokémon
|rule|Item Clause: Limit 1 of each item
|clearpoke
|poke|p1|Scrafty, L50, F, shiny|
|poke|p1|Ceruledge, L50, M|
|poke|p1|Ninetales-Alola, L50, F|
|poke|p1|Sinistcha, L50|
|poke|p1|Garchomp, L50, M|
|poke|p1|Raichu, L50, F|
|poke|p2|Charizard, L50, F|
|poke|p2|Aerodactyl, L50, M|
|poke|p2|Sylveon, L50, M|
|poke|p2|Farigiraf, L50, M|
|poke|p2|Garchomp, L50, M|
|poke|p2|Kingambit, L50, M|
|teampreview|4
|showteam|p1|Scrafty||Scraftinite|Intimidate|Detect,DrainPunch,KnockOff,FakeOut|Adamant||F|||50|]Ceruledge||ColburBerry|FlashFire|Protect,BitterBlade,ShadowSneak,BulkUp|Adamant||M|||50|]Ninetales-Alola||NeverMeltIce|SnowWarning|Protect,FreezeDry,IcyWind,AuroraVeil|Timid||F|||50|]Sinistcha||FocusSash|Hospitality|Protect,MatchaGotcha,Hex,RagePowder|Modest|||||50|]Garchomp||LifeOrb|RoughSkin|Protect,DragonClaw,StompingTantrum,RockTomb|Jolly||M|||50|]Raichu||RaichuniteY|LightningRod|Protect,ZapCannon,FocusBlast,FakeOut|Timid||F|||50|
|showteam|p2|Charizard||CharizarditeY|SolarPower|HeatWave,WeatherBall,SolarBeam,Protect|Modest||F|||50|]Aerodactyl||Aerodactylite|Unnerve|RockSlide,DualWingbeat,Tailwind,IceFang|Jolly||M|||50|]Sylveon||FairyFeather|Pixilate|HyperVoice,HyperBeam,QuickAttack,Detect|Modest||M|||50|]Farigiraf||SitrusBerry|ArmorTail|TwinBeam,Protect,Roar,Thunderbolt|Bold||M|||50|]Garchomp||SoftSand|RoughSkin|Earthquake,DragonClaw,StompingTantrum,Protect|Adamant||M|||50|]Kingambit||FocusSash|Defiant|KowtowCleave,LowKick,SuckerPunch,IronHead|Adamant||M|||50|
|
|t:|1783435747
|teamsize|p1|4
|teamsize|p2|4
|start
|switch|p1a: Scrafty|Scrafty, L50, F, shiny|100/100
|switch|p1b: Ceruledge|Ceruledge, L50, M|100/100
|switch|p2a: Aerodactyl|Aerodactyl, L50, M|100/100
|switch|p2b: Sylveon|Sylveon, L50, M|100/100
|-ability|p2a: Aerodactyl|Unnerve
|-ability|p1a: Scrafty|Intimidate|boost
|-unboost|p2a: Aerodactyl|atk|1
|-unboost|p2b: Sylveon|atk|1
|turn|1
|
|t:|1783435766
|detailschange|p2a: Aerodactyl|Aerodactyl-Mega, L50, M
|-mega|p2a: Aerodactyl|Aerodactyl|Aerodactylite
|detailschange|p1a: Scrafty|Scrafty-Mega, L50, F, shiny
|-mega|p1a: Scrafty|Scrafty|Scraftinite
|-ability|p1a: Scrafty|Intimidate|boost
|-unboost|p2a: Aerodactyl|atk|1
|-unboost|p2b: Sylveon|atk|1
|move|p1a: Scrafty|Fake Out|p2a: Aerodactyl
|-resisted|p2a: Aerodactyl|1
|-crit|p2a: Aerodactyl
|-damage|p2a: Aerodactyl|88/100
|cant|p2a: Aerodactyl|flinch
|move|p1b: Ceruledge|Bulk Up|p1b: Ceruledge
|-boost|p1b: Ceruledge|atk|1
|-boost|p1b: Ceruledge|def|1
|move|p2b: Sylveon|Hyper Voice|p1b: Ceruledge|[spread] p1a,p1b
|-supereffective|p1a: Scrafty|2
|-crit|p1a: Scrafty
|-resisted|p1b: Ceruledge|1
|-damage|p1a: Scrafty|0 fnt
|-damage|p1b: Ceruledge|74/100
|faint|p1a: Scrafty
|
|upkeep
|
|t:|1783435783
|switch|p1a: Ninetales|Ninetales-Alola, L50, F|100/100
|-weather|Snowscape|[from] ability: Snow Warning|[of] p1a: Ninetales
|turn|2
|
|t:|1783435807
|move|p2a: Aerodactyl|Rock Slide|p1a: Ninetales|[spread] p1a,p1b
|-supereffective|p1a: Ninetales|1
|-supereffective|p1b: Ceruledge|1
|-damage|p1a: Ninetales|72/100
|-damage|p1b: Ceruledge|56/100
|cant|p1a: Ninetales|flinch
|move|p1b: Ceruledge|Bitter Blade|p2b: Sylveon
|-crit|p2b: Sylveon
|-damage|p2b: Sylveon|0 fnt
|-heal|p1b: Ceruledge|100/100|[from] drain|[of] p2b: Sylveon
|faint|p2b: Sylveon
|
|-weather|Snowscape|[upkeep]
|upkeep
|
|t:|1783435822
|switch|p2b: Garchomp|Garchomp, L50, M|100/100
|turn|3
|
|t:|1783435837
|move|p2b: Garchomp|Protect|p2b: Garchomp
|-singleturn|p2b: Garchomp|Protect
|move|p1b: Ceruledge|Protect|p1b: Ceruledge
|-singleturn|p1b: Ceruledge|Protect
|move|p2a: Aerodactyl|Rock Slide|p1a: Ninetales|[spread] 
|-activate|p1b: Ceruledge|move: Protect
|-miss|p2a: Aerodactyl|p1a: Ninetales
|move|p1a: Ninetales|Icy Wind|p2a: Aerodactyl|[spread] p2a
|-activate|p2b: Garchomp|move: Protect
|-supereffective|p2a: Aerodactyl|1
|-damage|p2a: Aerodactyl|50/100g
|-unboost|p2a: Aerodactyl|spe|1
|
|-weather|Snowscape|[upkeep]
|upkeep
|turn|4
|
|t:|1783435865
|move|p1a: Ninetales|Freeze-Dry|p2b: Garchomp
|-supereffective|p2b: Garchomp|2
|-damage|p2b: Garchomp|0 fnt
|faint|p2b: Garchomp
|move|p2a: Aerodactyl|Tailwind|p2a: Aerodactyl
|-sidestart|p2: Gorka1971|move: Tailwind
|move|p1b: Ceruledge|Bulk Up|p1b: Ceruledge
|-boost|p1b: Ceruledge|atk|1
|-boost|p1b: Ceruledge|def|1
|
|-weather|Snowscape|[upkeep]
|upkeep
|
|t:|1783435872
|switch|p2b: Kingambit|Kingambit, L50, M|100/100
|turn|5
|
|t:|1783435890
|move|p1b: Ceruledge|Protect|p1b: Ceruledge
|-singleturn|p1b: Ceruledge|Protect
|move|p2a: Aerodactyl|Rock Slide|p1a: Ninetales|[spread] 
|-activate|p1b: Ceruledge|move: Protect
|-miss|p2a: Aerodactyl|p1a: Ninetales
|move|p1a: Ninetales|Freeze-Dry|p2a: Aerodactyl
|-supereffective|p2a: Aerodactyl|1
|-damage|p2a: Aerodactyl|0 fnt
|faint|p2a: Aerodactyl
|move|p2b: Kingambit|Kowtow Cleave|p1b: Ceruledge
|-activate|p1b: Ceruledge|move: Protect
|
|-weather|Snowscape|[upkeep]
|upkeep
|turn|6
|-message|Gorka1971 forfeited.
|
|win|ethical sga
|raw|ethical sga's rating: 1166 → 1187(+21 for winning)
|raw|Gorka1971's rating: 1115 → 1094(-21 for losing)
