|j|☆endzomu
|j|☆Mashuno
|html|endzomuMashuno    
|uhtml|bestof|Game 1 of a best-of-3
|t:|1784415956
|gametype|doubles
|player|p1|endzomu|266|1063
|player|p2|Mashuno|harlequin|1167
|gen|9
|tier|[Gen 9 Champions] VGC 2026 Reg M-B (Bo3)
|rated|
|rule|Species Clause: Limit one of each Pokémon
|rule|Item Clause: Limit 1 of each item
|clearpoke
|poke|p1|Lopunny, L50, F, shiny|
|poke|p1|Feraligatr, L50, M, shiny|
|poke|p1|Whimsicott, L50, F|
|poke|p1|Sinistcha, L50, shiny|
|poke|p1|Sylveon, L50, M|
|poke|p1|Scizor, L50, F|
|poke|p2|Blastoise, L50, F|
|poke|p2|Sinistcha, L50|
|poke|p2|Farigiraf, L50, F|
|poke|p2|Sneasler, L50, M|
|poke|p2|Kingambit, L50, F|
|poke|p2|Talonflame, L50, F|
|teampreview|4
|showteam|p1|Lopunny||Lopunnite|CuteCharm|FakeOut,CloseCombat,GigaImpact,Protect|Jolly||F|||50|]Feraligatr||Feraligite|Torrent|DoubleEdge,AquaJet,Liquidation,RockSlide|Adamant||M|||50|]Whimsicott||FocusSash|Prankster|Tailwind,Protect,Moonblast,Encore|Timid||F|||50|]Sinistcha||SitrusBerry|Hospitality|MatchaGotcha,RagePowder,LifeDew,Protect|Bold|||||50|]Sylveon||FairyFeather|Pixilate|HyperVoice,HyperBeam,QuickAttack,Detect|Modest||M|||50|]Scizor||LifeOrb|Technician|BulletPunch,SwordsDance,CloseCombat,Protect|Adamant||F|||50|
|showteam|p2|Blastoise||Blastoisinite|Torrent|Protect,ShellSmash,WaterSpout,DarkPulse|Modest||F|||50|]Sinistcha||Leftovers|Hospitality|MatchaGotcha,RagePowder,TrickRoom,LifeDew|Bold|||||50|]Farigiraf||SitrusBerry|CudChew|Psychic,TrickRoom,HelpingHand,Thunderbolt|Relaxed||F|||50|]Sneasler||WhiteHerb|Unburden|FakeOut,DireClaw,CloseCombat,RockSlide|Jolly||M|||50|]Kingambit||ChopleBerry|Defiant|Protect,KowtowCleave,SuckerPunch,IronHead|Adamant||F|||50|]Talonflame||FocusSash|GaleWings|Protect,DualWingbeat,Tailwind,RainDance|Jolly||F|||50|
|c|☆Mashuno|gl hf <3
|c|☆endzomu|u too
|
|t:|1784416031
|teamsize|p1|4
|teamsize|p2|4
|start
|switch|p1a: Lopunny|Lopunny, L50, F, shiny|100/100
|switch|p1b: Whimsicott|Whimsicott, L50, F|100/100
|switch|p2a: Sneasler|Sneasler, L50, M|100/100
|switch|p2b: Kingambit|Kingambit, L50, F|100/100
|turn|1
|
|t:|1784416057
|switch|p1b: Scizor|Scizor, L50, F|100/100
|detailschange|p1a: Lopunny|Lopunny-Mega, L50, F, shiny
|-mega|p1a: Lopunny|Lopunny|Lopunnite
|move|p1a: Lopunny|Fake Out|p2a: Sneasler
|-damage|p2a: Sneasler|63/100
|cant|p2a: Sneasler|flinch
|move|p2b: Kingambit|Iron Head|p1b: Scizor
|-resisted|p1b: Scizor|1
|-damage|p1b: Scizor|76/100
|
|upkeep
|turn|2
|
|t:|1784416107
|switch|p2b: Sinistcha|Sinistcha, L50|100/100
|-heal|p2a: Sneasler|88/100|[from] ability: Hospitality|[of] p2b: Sinistcha
|move|p1a: Lopunny|Protect|p1a: Lopunny
|-singleturn|p1a: Lopunny|Protect
|move|p2a: Sneasler|Close Combat|p1a: Lopunny
|-activate|p1a: Lopunny|move: Protect
|move|p1b: Scizor|Swords Dance|p1b: Scizor
|-boost|p1b: Scizor|atk|2
|
|upkeep
|turn|3
|
|t:|1784416147
|move|p1b: Scizor|Bullet Punch|p2a: Sneasler
|-damage|p2a: Sneasler|0 fnt
|faint|p2a: Sneasler
|-damage|p1b: Scizor|66/100|[from] item: Life Orb
|move|p1a: Lopunny|Giga Impact|p2b: Sinistcha|[miss]
|-miss|p1a: Lopunny|p2b: Sinistcha
|move|p2b: Sinistcha|Trick Room|p2b: Sinistcha
|-fieldstart|move: Trick Room|[of] p2b: Sinistcha
|
|upkeep
|
|t:|1784416156
|switch|p2a: Blastoise|Blastoise, L50, F|100/100
|turn|4
|
|t:|1784416174
|detailschange|p2a: Blastoise|Blastoise-Mega, L50, F
|-mega|p2a: Blastoise|Blastoise|Blastoisinite
|move|p2b: Sinistcha|Rage Powder|p2b: Sinistcha
|-singleturn|p2b: Sinistcha|move: Rage Powder
|move|p1b: Scizor|Swords Dance|p1b: Scizor
|-boost|p1b: Scizor|atk|2
|move|p2a: Blastoise|Water Spout|p1a: Lopunny|[spread] p1a,p1b
|-damage|p1a: Lopunny|8/100
|-damage|p1b: Scizor|0 fnt
|faint|p1b: Scizor
|move|p1a: Lopunny|Giga Impact|p2b: Sinistcha
|-damage|p2b: Sinistcha|35/100
|-mustrecharge|p1a: Lopunny
|
|-heal|p2b: Sinistcha|41/100|[from] item: Leftovers
|upkeep
|
|t:|1784416209
|switch|p1b: Whimsicott|Whimsicott, L50, F|100/100
|turn|5
|
|t:|1784416220
|move|p2b: Sinistcha|Matcha Gotcha|p1b: Whimsicott|[spread] p1a,p1b
|-resisted|p1b: Whimsicott|1
|-damage|p1a: Lopunny|0 fnt
|-heal|p2b: Sinistcha|44/100|[from] drain|[of] p1a: Lopunny
|-damage|p1b: Whimsicott|80/100
|-heal|p2b: Sinistcha|52/100|[from] drain|[of] p1b: Whimsicott
|faint|p1a: Lopunny
|move|p2a: Blastoise|Water Spout|p1b: Whimsicott
|-resisted|p1b: Whimsicott|1
|-damage|p1b: Whimsicott|8/100
|move|p1b: Whimsicott|Moonblast|p2a: Blastoise
|-damage|p2a: Blastoise|65/100
|
|-heal|p2b: Sinistcha|58/100|[from] item: Leftovers
|upkeep
|
|t:|1784416235
|switch|p1a: Sylveon|Sylveon, L50, M|100/100
|turn|6
|
|t:|1784416266
|move|p1a: Sylveon|Hyper Beam|p2a: Blastoise
|-damage|p2a: Blastoise|0 fnt
|-mustrecharge|p1a: Sylveon
|faint|p2a: Blastoise
|move|p2b: Sinistcha|Matcha Gotcha|p1a: Sylveon|[spread] p1a,p1b
|-resisted|p1b: Whimsicott|1
|-damage|p1a: Sylveon|82/100
|-heal|p2b: Sinistcha|69/100|[from] drain|[of] p1a: Sylveon
|-damage|p1b: Whimsicott|0 fnt
|-heal|p2b: Sinistcha|72/100|[from] drain|[of] p1b: Whimsicott
|faint|p1b: Whimsicott
|
|-heal|p2b: Sinistcha|78/100|[from] item: Leftovers
|upkeep
|
|t:|1784416279
|switch|p2a: Kingambit|Kingambit, L50, F|100/100
|turn|7
|
|t:|1784416286
|move|p2a: Kingambit|Iron Head|p1a: Sylveon
|-supereffective|p1a: Sylveon|1
|-damage|p1a: Sylveon|0 fnt
|faint|p1a: Sylveon
|
|win|Mashuno
||endzomu is ready for game 2.
||Mashuno is ready for game 2.
|uhtml|next|Next: Game 2 of 3
|l|☆endzomu
|player|p1|
