|j|☆Testing987654
|j|☆eviovulpix
|html|Testing987654eviovulpix    
|uhtml|bestof|Game 2 of a best-of-3
|t:|1782320837
|gametype|doubles
|player|p1|Testing987654|170|
|player|p2|eviovulpix|101|
|gen|9
|tier|[Gen 9 Champions] VGC 2026 Reg M-B (Bo3)
|rule|Species Clause: Limit one of each Pokémon
|rule|Item Clause: Limit 1 of each item
|clearpoke
|poke|p1|Staraptor, L50, F|
|poke|p1|Grimmsnarl, L50, M|
|poke|p1|Incineroar, L50, M|
|poke|p1|Sinistcha, L50|
|poke|p1|Toxapex, L50, M|
|poke|p1|Raichu, L50, M|
|poke|p2|Mawile, L50, M, shiny|
|poke|p2|Pelipper, L50, M, shiny|
|poke|p2|Archaludon, L50, M, shiny|
|poke|p2|Sinistcha, L50, shiny|
|poke|p2|Swampert, L50, F, shiny|
|poke|p2|Farigiraf, L50, F, shiny|
|teampreview|4
|showteam|p1|Staraptor||Staraptite|Intimidate|CloseCombat,DualWingbeat,Protect,Roost|Jolly||F|||50|]Grimmsnarl||LightClay|Prankster|Reflect,LightScreen,PartingShot,SpiritBreak|Careful||M|||50|]Incineroar||SitrusBerry|Intimidate|FakeOut,PartingShot,FlareBlitz,Protect|Careful||M|||50|]Sinistcha||KasibBerry|Hospitality|RagePowder,MatchaGotcha,Protect,ShadowBall|Bold|||||50|]Toxapex||Leftovers|Regenerator|Toxic,BanefulBunker,Infestation,Recover|Calm||M|||50|]Raichu||FocusSash|LightningRod|FakeOut,Protect,GrassKnot,Thunderbolt|Mild||M|||50|
|showteam|p2|Mawile||Mawilite|HyperCutter|IronHead,PlayRough,RockSlide,Protect|Adamant||M|||50|]Pelipper||FocusSash|Drizzle|WeatherBall,Hurricane,Tailwind,Protect|Modest||M|||50|]Archaludon||Leftovers|Stamina|ElectroShot,FlashCannon,DragonPulse,Protect|Modest||M|||50|]Sinistcha||KasibBerry|Hospitality|ShadowBall,RagePowder,MatchaGotcha,TrickRoom|Bold|||||50|]Swampert||Swampertite|Torrent|IcePunch,HighHorsepower,WaveCrash,Protect|Adamant||F|||50|]Farigiraf||SitrusBerry|ArmorTail|TrickRoom,Thunderbolt,TwinBeam,HelpingHand|Modest||F|||50|
|
|t:|1782320866
|teamsize|p1|4
|teamsize|p2|4
|start
|switch|p1a: Grimmsnarl|Grimmsnarl, L50, M|100/100
|switch|p1b: Incineroar|Incineroar, L50, M|100/100
|switch|p2a: Mawile|Mawile, L50, M, shiny|100/100
|switch|p2b: Farigiraf|Farigiraf, L50, F, shiny|100/100
|-ability|p1b: Incineroar|Intimidate|boost
|-fail|p2a: Mawile|unboost|Attack|[from] ability: Hyper Cutter|[of] p2a: Mawile
|-unboost|p2b: Farigiraf|atk|1
|turn|1
|
|t:|1782320888
|detailschange|p2a: Mawile|Mawile-Mega, L50, M, shiny
|-mega|p2a: Mawile|Mawile|Mawilite
|move|p2b: Farigiraf|Helping Hand|p2a: Mawile
|-singleturn|p2a: Mawile|Helping Hand|[of] p2b: Farigiraf
|move|p1a: Grimmsnarl|Reflect|p1a: Grimmsnarl
|-sidestart|p1: Testing987654|Reflect
|move|p2a: Mawile|Play Rough|p1b: Incineroar
|-damage|p1b: Incineroar|19/100
|-enditem|p1b: Incineroar|Sitrus Berry|[eat]
|-heal|p1b: Incineroar|44/100|[from] item: Sitrus Berry
|move|p1b: Incineroar|Flare Blitz|p2a: Mawile
|-supereffective|p2a: Mawile|1
|-damage|p2a: Mawile|18/100
|-damage|p1b: Incineroar|23/100|[from] Recoil
|
|upkeep
|turn|2
|
|t:|1782320935
|switch|p2b: Pelipper|Pelipper, L50, M, shiny|100/100
|-weather|RainDance|[from] ability: Drizzle|[of] p2b: Pelipper
|move|p1a: Grimmsnarl|Light Screen|p1a: Grimmsnarl
|-sidestart|p1: Testing987654|move: Light Screen
|move|p2a: Mawile|Iron Head|p1a: Grimmsnarl
|-supereffective|p1a: Grimmsnarl|1
|-damage|p1a: Grimmsnarl|0 fnt
|faint|p1a: Grimmsnarl
|move|p1b: Incineroar|Flare Blitz|p2a: Mawile
|-supereffective|p2a: Mawile|1
|-damage|p2a: Mawile|0 fnt
|faint|p2a: Mawile
|-damage|p1b: Incineroar|18/100|[from] Recoil
|
|-weather|RainDance|[upkeep]
|upkeep
|inactive|Battle timer is ON: inactive players will automatically lose when time's up. (requested by eviovulpix)
|
|t:|1782320960
|switch|p2a: Farigiraf|Farigiraf, L50, F, shiny|100/100
|switch|p1a: Raichu|Raichu, L50, M|100/100
|turn|3
|
|t:|1782320971
|move|p1a: Raichu|Thunderbolt|p2a: Farigiraf
|-damage|p2a: Farigiraf|63/100
|move|p2b: Pelipper|Weather Ball|p1b: Incineroar
|-supereffective|p1b: Incineroar|1
|-damage|p1b: Incineroar|0 fnt
|faint|p1b: Incineroar
|move|p2a: Farigiraf|Twin Beam|p1a: Raichu
|-damage|p1a: Raichu|79/100
|-damage|p1a: Raichu|57/100
|-hitcount|p1a: Raichu|2
|
|-weather|RainDance|[upkeep]
|upkeep
|
|t:|1782320974
|switch|p1b: Staraptor|Staraptor, L50, F|100/100
|-ability|p1b: Staraptor|Intimidate|boost
|-unboost|p2a: Farigiraf|atk|1
|-unboost|p2b: Pelipper|atk|1
|turn|4
|
|t:|1782320995
|detailschange|p1b: Staraptor|Staraptor-Mega, L50, F
|-mega|p1b: Staraptor|Staraptor|Staraptite
|move|p1b: Staraptor|Close Combat|p2a: Farigiraf
|-damage|p2a: Farigiraf|13/100
|-boost|p1b: Staraptor|def|1
|-boost|p1b: Staraptor|spd|1
|-enditem|p2a: Farigiraf|Sitrus Berry|[eat]
|-heal|p2a: Farigiraf|37/100|[from] item: Sitrus Berry
|move|p1a: Raichu|Thunderbolt|p2a: Farigiraf
|-damage|p2a: Farigiraf|1/100
|move|p2b: Pelipper|Hurricane|p1b: Staraptor
|-supereffective|p1b: Staraptor|1
|-damage|p1b: Staraptor|52/100
|move|p2a: Farigiraf|Trick Room|p2a: Farigiraf
|-fieldstart|move: Trick Room|[of] p2a: Farigiraf
|
|-weather|RainDance|[upkeep]
|upkeep
|turn|5
|inactive|Testing987654 has 30 seconds left.
|
|t:|1782321022
|move|p1b: Staraptor|Protect|p1b: Staraptor
|-singleturn|p1b: Staraptor|Protect
|move|p2a: Farigiraf|Twin Beam|p1a: Raichu
|-crit|p1a: Raichu
|-damage|p1a: Raichu|10/100
|-damage|p1a: Raichu|0 fnt
|faint|p1a: Raichu
|-hitcount|p1: Raichu|2
|move|p2b: Pelipper|Weather Ball|p1b: Staraptor
|-activate|p1b: Staraptor|move: Protect
|
|-weather|RainDance|[upkeep]
|upkeep
|turn|6
|
|t:|1782321038
|move|p2a: Farigiraf|Twin Beam|p1b: Staraptor
|-supereffective|p1b: Staraptor|1
|-damage|p1b: Staraptor|34/100
|-supereffective|p1b: Staraptor|1
|-damage|p1b: Staraptor|16/100
|-hitcount|p1b: Staraptor|2
|move|p2b: Pelipper|Hurricane|p1b: Staraptor
|-supereffective|p1b: Staraptor|1
|-damage|p1b: Staraptor|0 fnt
|faint|p1b: Staraptor
|
|win|eviovulpix
||Testing987654 is ready for game 3.
||eviovulpix is ready for game 3.
|uhtml|next|Next: Game 3 of 3
|l|☆eviovulpix
|player|p2|
|l|☆Testing987654
|player|p1|
|j|☆eviovulpix
|player|p2|eviovulpix|101|
