|j|☆BVSelf
|j|☆megafraudette
|html|BVSelfmegafraudette    
|uhtml|bestof|Game 2 of a best-of-3
|t:|1784022919
|gametype|doubles
|player|p1|BVSelf|benga|1416
|player|p2|megafraudette|1|1433
|gen|9
|tier|[Gen 9 Champions] VGC 2026 Reg M-B (Bo3)
|rated|
|rule|Species Clause: Limit one of each Pokémon
|rule|Item Clause: Limit 1 of each item
|clearpoke
|poke|p1|Sneasler, L50, F|
|poke|p1|Sinistcha, L50|
|poke|p1|Incineroar, L50, F|
|poke|p1|Kingambit, L50, F|
|poke|p1|Delphox, L50, F|
|poke|p1|Blastoise, L50, M|
|poke|p2|Charizard, L50, M|
|poke|p2|Garchomp, L50, F|
|poke|p2|Venusaur, L50, F|
|poke|p2|Grimmsnarl, L50, M|
|poke|p2|Aegislash, L50, F|
|poke|p2|Farigiraf, L50, F|
|teampreview|4
|showteam|p1|Sneasler||FocusSash|PoisonTouch|CloseCombat,DireClaw,FakeOut,QuickGuard|Jolly||F|||50|]Sinistcha||OccaBerry|Hospitality|MatchaGotcha,RagePowder,TrickRoom,Protect|Bold|||||50|]Incineroar||SitrusBerry|Intimidate|FlareBlitz,DarkestLariat,PartingShot,FakeOut|Careful||F|||50|]Kingambit||BlackGlasses|Defiant|KowtowCleave,SwordsDance,SuckerPunch,Protect|Adamant||F|||50|]Delphox||Delphoxite|Blaze|HeatWave,Psyshock,NastyPlot,Protect|Timid||F|||50|]Blastoise||Blastoisinite|RainDish|WaterSpout,DarkPulse,ShellSmash,Protect|Modest||M|||50|
|showteam|p2|Charizard||CharizarditeY|Blaze|WeatherBall,HeatWave,HelpingHand,Protect|Modest||M|||50|]Garchomp||ChoiceScarf|RoughSkin|Earthquake,RockSlide,DragonClaw,StompingTantrum|Adamant||F|||50|]Venusaur||LifeOrb|Chlorophyll|SludgeBomb,LeafStorm,SleepPowder,Protect|Timid||F|||50|]Grimmsnarl||LightClay|Prankster|Reflect,LightScreen,PartingShot,SpiritBreak|Sassy||M|||50|]Aegislash||FocusSash|StanceChange|Poltergeist,ShadowSneak,CloseCombat,WideGuard|Adamant||F|||50|]Farigiraf||SitrusBerry|ArmorTail|TrickRoom,TwinBeam,Thunderbolt,Protect|Calm||F|||50|
|
|t:|1784022947
|teamsize|p1|4
|teamsize|p2|4
|start
|switch|p1a: Incineroar|Incineroar, L50, F|100/100
|switch|p1b: Delphox|Delphox, L50, F|100/100
|switch|p2a: Charizard|Charizard, L50, M|100/100
|switch|p2b: Aegislash|Aegislash, L50, F|100/100
|-ability|p1a: Incineroar|Intimidate|boost
|-unboost|p2a: Charizard|atk|1
|-unboost|p2b: Aegislash|atk|1
|turn|1
|
|t:|1784022967
|detailschange|p1b: Delphox|Delphox-Mega, L50, F
|-mega|p1b: Delphox|Delphox|Delphoxite
|detailschange|p2a: Charizard|Charizard-Mega-Y, L50, M
|-mega|p2a: Charizard|Charizard|Charizardite Y
|-weather|SunnyDay|[from] ability: Drought|[of] p2a: Charizard
|move|p2a: Charizard|Helping Hand|p2b: Aegislash
|-singleturn|p2b: Aegislash|Helping Hand|[of] p2a: Charizard
|move|p1b: Delphox|Protect|p1b: Delphox
|-singleturn|p1b: Delphox|Protect
|-formechange|p2b: Aegislash|Aegislash-Blade|
|move|p2b: Aegislash|Close Combat|p1a: Incineroar
|-supereffective|p1a: Incineroar|1
|-damage|p1a: Incineroar|20/100y
|-unboost|p2b: Aegislash|def|1
|-unboost|p2b: Aegislash|spd|1
|-enditem|p1a: Incineroar|Sitrus Berry|[eat]
|-heal|p1a: Incineroar|45/100|[from] item: Sitrus Berry
|move|p1a: Incineroar|Darkest Lariat|p2b: Aegislash
|-supereffective|p2b: Aegislash|1
|-enditem|p2b: Aegislash|Focus Sash
|-damage|p2b: Aegislash|1/100
|
|-weather|SunnyDay|[upkeep]
|upkeep
|turn|2
|
|t:|1784022986
|move|p2b: Aegislash|Shadow Sneak|p1b: Delphox
|-supereffective|p1b: Delphox|1
|-damage|p1b: Delphox|58/100
|move|p1b: Delphox|Psyshock|p2b: Aegislash
|-resisted|p2b: Aegislash|1
|-damage|p2b: Aegislash|0 fnt
|faint|p2b: Aegislash
|move|p2a: Charizard|Weather Ball|p1b: Delphox
|-resisted|p1b: Delphox|1
|-damage|p1b: Delphox|12/100
|move|p1a: Incineroar|Parting Shot|p2a: Charizard
|-unboost|p2a: Charizard|atk|1
|-unboost|p2a: Charizard|spa|1
|
|t:|1784022997
|switch|p1a: Sinistcha|Sinistcha, L50|100/100|[from] Parting Shot
|-heal|p1b: Delphox|37/100|[from] ability: Hospitality|[of] p1a: Sinistcha
|
|-weather|SunnyDay|[upkeep]
|upkeep
|
|t:|1784022999
|switch|p2b: Venusaur|Venusaur, L50, F|100/100
|turn|3
|
|t:|1784023005
|switch|p1a: Incineroar|Incineroar, L50, F|45/100
|-ability|p1a: Incineroar|Intimidate|boost
|-unboost|p2a: Charizard|atk|1
|-unboost|p2b: Venusaur|atk|1
|move|p2a: Charizard|Helping Hand|p2b: Venusaur
|-singleturn|p2b: Venusaur|Helping Hand|[of] p2a: Charizard
|move|p1b: Delphox|Protect|p1b: Delphox
|-singleturn|p1b: Delphox|Protect
|move|p2b: Venusaur|Sludge Bomb|p1b: Delphox
|-activate|p1b: Delphox|move: Protect
|
|-weather|SunnyDay|[upkeep]
|upkeep
|turn|4
|
|t:|1784023019
|switch|p1b: Kingambit|Kingambit, L50, F|100/100
|switch|p2a: Farigiraf|Farigiraf, L50, F|100/100
|move|p2b: Venusaur|Sludge Bomb|p1b: Kingambit
|-immune|p1b: Kingambit
|move|p1a: Incineroar|Flare Blitz|p2b: Venusaur
|-supereffective|p2b: Venusaur|1
|-damage|p2b: Venusaur|0 fnt
|faint|p2b: Venusaur
|-damage|p1a: Incineroar|19/100|[from] Recoil
|
|-weather|SunnyDay|[upkeep]
|upkeep
|
|t:|1784023023
|switch|p2b: Charizard|Charizard-Mega-Y, L50, M|100/100
|turn|5
|
|t:|1784023034
|move|p1b: Kingambit|Protect|p1b: Kingambit
|-singleturn|p1b: Kingambit|Protect
|move|p2b: Charizard|Heat Wave|p1a: Incineroar|[spread] p1a
|-activate|p1b: Kingambit|move: Protect
|-resisted|p1a: Incineroar|1
|-damage|p1a: Incineroar|0 fnt
|faint|p1a: Incineroar
|move|p2a: Farigiraf|Thunderbolt|p1b: Kingambit
|-activate|p1b: Kingambit|move: Protect
|
|-weather|none
|upkeep
|
|t:|1784023046
|switch|p1a: Delphox|Delphox-Mega, L50, F|37/100
|turn|6
|
|t:|1784023054
|move|p1a: Delphox|Heat Wave|p2a: Farigiraf|[spread] p2a,p2b
|-resisted|p2b: Charizard|1
|-damage|p2a: Farigiraf|69/100
|-damage|p2b: Charizard|80/100
|move|p2b: Charizard|Heat Wave|p1a: Delphox|[spread] p1a,p1b
|-resisted|p1a: Delphox|1
|-supereffective|p1b: Kingambit|1
|-damage|p1a: Delphox|16/100
|-damage|p1b: Kingambit|12/100
|move|p2a: Farigiraf|Thunderbolt|p1b: Kingambit
|-damage|p1b: Kingambit|0 fnt
|faint|p1b: Kingambit
|
|upkeep
|
|t:|1784023063
|switch|p1b: Sinistcha|Sinistcha, L50|100/100
|-heal|p1a: Delphox|41/100|[from] ability: Hospitality|[of] p1b: Sinistcha
|turn|7
|
|t:|1784023076
|move|p1b: Sinistcha|Rage Powder|p1b: Sinistcha
|-singleturn|p1b: Sinistcha|move: Rage Powder
|move|p1a: Delphox|Psyshock|p2b: Charizard
|-damage|p2b: Charizard|30/100
|move|p2b: Charizard|Heat Wave|p1b: Sinistcha|[spread] p1a,p1b
|-resisted|p1a: Delphox|1
|-crit|p1a: Delphox
|-supereffective|p1b: Sinistcha|1
|-enditem|p1b: Sinistcha|Occa Berry|[eat]
|-enditem|p1b: Sinistcha|Occa Berry|[weaken]
|-damage|p1a: Delphox|12/100
|-damage|p1b: Sinistcha|58/100
|move|p2a: Farigiraf|Thunderbolt|p1b: Sinistcha
|-resisted|p1b: Sinistcha|1
|-damage|p1b: Sinistcha|47/100
|
|upkeep
|turn|8
|
|t:|1784023089
|move|p1a: Delphox|Protect|p1a: Delphox
|-singleturn|p1a: Delphox|Protect
|move|p2b: Charizard|Protect|p2b: Charizard
|-singleturn|p2b: Charizard|Protect
|move|p1b: Sinistcha|Matcha Gotcha|p2b: Charizard|[spread] p2a
|-activate|p2b: Charizard|move: Protect
|-damage|p2a: Farigiraf|48/100
|-heal|p1b: Sinistcha|61/100|[from] drain|[of] p2a: Farigiraf
|-enditem|p2a: Farigiraf|Sitrus Berry|[eat]
|-heal|p2a: Farigiraf|72/100|[from] item: Sitrus Berry
|move|p2a: Farigiraf|Trick Room|p2a: Farigiraf
|-fieldstart|move: Trick Room|[of] p2a: Farigiraf
|
|upkeep
|turn|9
|
|t:|1784023113
|move|p1a: Delphox|Protect||[still]
|-fail|p1a: Delphox
|move|p2a: Farigiraf|Thunderbolt|p1a: Delphox
|-damage|p1a: Delphox|0 fnt
|faint|p1a: Delphox
|move|p2b: Charizard|Heat Wave|p1b: Sinistcha
|-supereffective|p1b: Sinistcha|1
|-damage|p1b: Sinistcha|0 fnt
|faint|p1b: Sinistcha
|
|win|megafraudette
|raw|BVSelf's rating: 1416 → 1397(-19 for losing)
|raw|megafraudette's rating: 1433 → 1452(+19 for winning)
|l|☆megafraudette
|player|p2|
