|j|☆cooledoregon
|j|☆lettitripppp
|html|cooledoregonlettitripppp    
|uhtml|bestof|Game 1 of a best-of-3
|t:|1783358325
|gametype|doubles
|player|p1|cooledoregon|266|1176
|player|p2|lettitripppp|lucas|1279
|gen|9
|tier|[Gen 9 Champions] VGC 2026 Reg M-B (Bo3)
|rated|
|rule|Species Clause: Limit one of each Pokémon
|rule|Item Clause: Limit 1 of each item
|clearpoke
|poke|p1|Rotom-Wash, L50|
|poke|p1|Sneasler, L50, F|
|poke|p1|Froslass, L50, F|
|poke|p1|Glimmora, L50, F|
|poke|p1|Garchomp, L50, F|
|poke|p1|Floette-Eternal, L50, F|
|poke|p2|Charizard, L50, M|
|poke|p2|Basculegion, L50, M|
|poke|p2|Whimsicott, L50, F, shiny|
|poke|p2|Garchomp, L50, M, shiny|
|poke|p2|Floette-Eternal, L50, F|
|poke|p2|Kingambit, L50, F, shiny|
|teampreview|4
|showteam|p1|Rotom-Wash||ChoiceScarf|Levitate|VoltSwitch,Electroweb,HydroPump,Thunderbolt|Timid|||||50|]Sneasler||WhiteHerb|Unburden|FakeOut,DireClaw,CloseCombat,Protect|Jolly||F|||50|]Froslass||Froslassite|CursedBody|ShadowBall,Blizzard,AuroraVeil,Protect|Timid||F|||50|]Glimmora||FocusSash|ToxicDebris|PowerGem,EarthPower,SludgeBomb,SpikyShield|Timid||F|||50|]Garchomp||LifeOrb|RoughSkin|Earthquake,StompingTantrum,DragonClaw,Protect|Jolly||F|||50|]Floette-Eternal||Floettite|FlowerVeil|DazzlingGleam,LightofRuin,Moonblast,Protect|Timid||F|||50|
|showteam|p2|Charizard||CharizarditeY|Blaze|WeatherBall,SolarBeam,HeatWave,Protect|Modest||M|||50|]Basculegion||MysticWater|Adaptability|LastRespects,WaveCrash,AquaJet,Protect|Adamant||M|||50|]Whimsicott||FocusSash|Prankster|Moonblast,Tailwind,Encore,Protect|Timid||F|||50|]Garchomp||LifeOrb|RoughSkin|DragonClaw,Earthquake,RockSlide,Protect|Jolly||M|||50|]Floette-Eternal||Floettite|FlowerVeil|DazzlingGleam,LightofRuin,Moonblast,Protect|Modest||F|||50|]Kingambit||ChopleBerry|Defiant|KowtowCleave,SuckerPunch,IronHead,LowKick|Adamant||F|||50|
|inactive|Battle timer is ON: inactive players will automatically lose when time's up. (requested by lettitripppp)
|inactive|cooledoregon also wants the timer to be on.
|inactive|cooledoregon has 60 seconds left.
|
|t:|1783358365
|teamsize|p1|4
|teamsize|p2|4
|start
|switch|p1a: Floette|Floette-Eternal, L50, F|100/100
|switch|p1b: O Motor|Rotom-Wash, L50|100/100
|switch|p2a: AGNI|Charizard, L50, M|100/100
|switch|p2b: LETS GO GO|Whimsicott, L50, F, shiny|100/100
|turn|1
|
|t:|1783358384
|switch|p1b: Marta|Sneasler, L50, F|100/100
|detailschange|p1a: Floette|Floette-Mega, L50, F
|-mega|p1a: Floette|Floette|Floettite
|-ability|p1a: Floette|Fairy Aura
|move|p2a: AGNI|Protect|p2a: AGNI
|-singleturn|p2a: AGNI|Protect
|move|p2b: LETS GO GO|Tailwind|p2b: LETS GO GO
|-sidestart|p2: lettitripppp|move: Tailwind
|move|p1a: Floette|Dazzling Gleam|p2b: LETS GO GO|[spread] p2b
|-activate|p2a: AGNI|move: Protect
|-damage|p2b: LETS GO GO|35/100
|
|upkeep
|turn|2
|
|t:|1783358404
|detailschange|p2a: AGNI|Charizard-Mega-Y, L50, M
|-mega|p2a: AGNI|Charizard|Charizardite Y
|-weather|SunnyDay|[from] ability: Drought|[of] p2a: AGNI
|move|p1b: Marta|Fake Out|p2a: AGNI
|-damage|p2a: AGNI|84/100
|move|p2b: LETS GO GO|Moonblast|p1a: Floette
|-crit|p1a: Floette
|-damage|p1a: Floette|54/100
|cant|p2a: AGNI|flinch
|move|p1a: Floette|Dazzling Gleam|p2a: AGNI|[spread] p2a,p2b
|-resisted|p2a: AGNI|1
|-damage|p2a: AGNI|65/100
|-damage|p2b: LETS GO GO|0 fnt
|faint|p2b: LETS GO GO
|
|-weather|SunnyDay|[upkeep]
|upkeep
|
|t:|1783358417
|switch|p2b: GHOSTWAVE|Basculegion, L50, M|100/100
|turn|3
|inactive|cooledoregon has 30 seconds left.
|inactive|cooledoregon has 20 seconds left.
|inactive|cooledoregon has 15 seconds left.
|
|t:|1783358458
|move|p1b: Marta|Protect|p1b: Marta
|-singleturn|p1b: Marta|Protect
|move|p1a: Floette|Protect|p1a: Floette
|-singleturn|p1a: Floette|Protect
|move|p2a: AGNI|Heat Wave|p1b: Marta|[spread] 
|-activate|p1a: Floette|move: Protect
|-activate|p1b: Marta|move: Protect
|move|p2b: GHOSTWAVE|Last Respects|p1b: Marta
|-activate|p1b: Marta|move: Protect
|
|-weather|SunnyDay|[upkeep]
|upkeep
|turn|4
|inactive|cooledoregon has 30 seconds left.
|
|t:|1783358493
|switch|p1a: O Motor|Rotom-Wash, L50|100/100
|move|p2a: AGNI|Weather Ball|p1a: O Motor
|-resisted|p1a: O Motor|1
|-damage|p1a: O Motor|44/100
|move|p2b: GHOSTWAVE|Last Respects|p1b: Marta
|-damage|p1b: Marta|5/100
|move|p1b: Marta|Dire Claw|p2a: AGNI
|-damage|p2a: AGNI|17/100
|
|-weather|SunnyDay|[upkeep]
|-sideend|p2: lettitripppp|move: Tailwind
|upkeep
|turn|5
|inactive|lettitripppp has 30 seconds left.
|inactive|cooledoregon has 30 seconds left.
|
|t:|1783358537
|move|p2a: AGNI|Protect|p2a: AGNI
|-singleturn|p2a: AGNI|Protect
|move|p1a: O Motor|Volt Switch|p2a: AGNI
|-activate|p2a: AGNI|move: Protect
|move|p1b: Marta|Dire Claw|p2b: GHOSTWAVE
|-resisted|p2b: GHOSTWAVE|1
|-damage|p2b: GHOSTWAVE|82/100
|-status|p2b: GHOSTWAVE|slp
|cant|p2b: GHOSTWAVE|slp
|
|-weather|SunnyDay|[upkeep]
|upkeep
|turn|6
|c|☆lettitripppp|OH OF COURSE
|
|t:|1783358560
|move|p1a: O Motor|Volt Switch|p2b: GHOSTWAVE
|-supereffective|p2b: GHOSTWAVE|1
|-damage|p2b: GHOSTWAVE|16/100 slp
|
|t:|1783358566
|switch|p1a: La Pallina|Glimmora, L50, F|100/100|[from] Volt Switch
|move|p1b: Marta|Dire Claw|p2a: AGNI
|-damage|p2a: AGNI|0 fnt
|faint|p2a: AGNI
|cant|p2b: GHOSTWAVE|slp
|
|-weather|none
|upkeep
|
|t:|1783358575
|switch|p2a: GENERAL BLADUS|Kingambit, L50, F, shiny|100/100
|turn|7
|
|t:|1783358583
|-curestatus|p2b: GHOSTWAVE|slp|[msg]
|move|p2b: GHOSTWAVE|Aqua Jet|p1a: La Pallina
|-supereffective|p1a: La Pallina|1
|-damage|p1a: La Pallina|25/100
|-activate|p1a: La Pallina|ability: Toxic Debris
|-sidestart|p2: lettitripppp|move: Toxic Spikes
|move|p2a: GENERAL BLADUS|Sucker Punch|p1a: La Pallina
|-damage|p1a: La Pallina|0 fnt
|-activate|p1a: La Pallina|ability: Toxic Debris
|-sidestart|p2: lettitripppp|move: Toxic Spikes
|faint|p1a: La Pallina
|move|p1b: Marta|Close Combat|p2a: GENERAL BLADUS
|-supereffective|p2a: GENERAL BLADUS|2
|-enditem|p2a: GENERAL BLADUS|Chople Berry|[eat]
|-enditem|p2a: GENERAL BLADUS|Chople Berry|[weaken]
|-damage|p2a: GENERAL BLADUS|24/100
|-unboost|p1b: Marta|def|1
|-unboost|p1b: Marta|spd|1
|-enditem|p1b: Marta|White Herb
|-clearnegativeboost|p1b: Marta|[silent]
|
|upkeep
|
|t:|1783358598
|switch|p1a: Floette|Floette-Mega, L50, F|54/100
|-ability|p1a: Floette|Fairy Aura
|turn|8
|
|t:|1783358613
|move|p2b: GHOSTWAVE|Aqua Jet|p1a: Floette
|-damage|p1a: Floette|14/100
|move|p2a: GENERAL BLADUS|Sucker Punch|p1a: Floette
|-resisted|p1a: Floette|1
|-damage|p1a: Floette|0 fnt
|faint|p1a: Floette
|move|p1b: Marta|Close Combat|p2a: GENERAL BLADUS
|-supereffective|p2a: GENERAL BLADUS|2
|-crit|p2a: GENERAL BLADUS
|-damage|p2a: GENERAL BLADUS|0 fnt
|-unboost|p1b: Marta|def|1
|-unboost|p1b: Marta|spd|1
|faint|p2a: GENERAL BLADUS
|
|upkeep
|
|t:|1783358617
|switch|p1a: O Motor|Rotom-Wash, L50|44/100
|turn|9
|
|t:|1783358627
|move|p2b: GHOSTWAVE|Aqua Jet|p1b: Marta
|-damage|p1b: Marta|0 fnt
|faint|p1b: Marta
|move|p1a: O Motor|Thunderbolt|p2b: GHOSTWAVE
|-supereffective|p2b: GHOSTWAVE|1
|-damage|p2b: GHOSTWAVE|0 fnt
|faint|p2b: GHOSTWAVE
|
|win|cooledoregon
||cooledoregon is ready for game 2.
