|j|☆ToastedArt
|j|☆ygjmcf
|html|ToastedArtygjmcf    
|uhtml|bestof|Game 1 of a best-of-3
|t:|1784481553
|gametype|doubles
|player|p1|ToastedArt|clemont|1089
|player|p2|ygjmcf|265|1000
|gen|9
|tier|[Gen 9 Champions] VGC 2026 Reg M-B (Bo3)
|rated|
|rule|Species Clause: Limit one of each Pokémon
|rule|Item Clause: Limit 1 of each item
|clearpoke
|poke|p1|Falinks, L50, shiny|
|poke|p1|Incineroar, L50, M|
|poke|p1|Vanilluxe, L50, M, shiny|
|poke|p1|Basculegion, L50, M, shiny|
|poke|p1|Sneasler, L50, M|
|poke|p1|Dragonite, L50, M, shiny|
|poke|p2|Sceptile, L50, F|
|poke|p2|Rotom-Heat, L50|
|poke|p2|Clefable, L50, M|
|poke|p2|Aerodactyl, L50, M|
|poke|p2|Kingambit, L50, M|
|poke|p2|Basculegion, L50, M|
|teampreview|4
|showteam|p1|Falinks||Falinksite|Defiant|NoRetreat,CloseCombat,RockSlide,Protect|Adamant|||||50|]Incineroar||Charcoal|Intimidate|FlareBlitz,ThroatChop,FakeOut,PartingShot|Adamant||M|||50|]Vanilluxe||ChoiceScarf|SnowWarning|Blizzard,FreezeDry,IcyWind,SheerCold|Modest||M|||50|]Basculegion||SitrusBerry|Adaptability|WaveCrash,LastRespects,AquaJet,Protect|Adamant||M|||50|]Sneasler||FocusSash|PoisonTouch|PoisonJab,CloseCombat,FakeOut,Coaching|Jolly||M|||50|]Dragonite||DragonFang|Multiscale|DragonClaw,ExtremeSpeed,LowKick,Tailwind|Adamant||M|||50|
|showteam|p2|Sceptile||Sceptilite|Overgrow|EnergyBall,EarthPower,DragonPulse,Protect|Timid||F|||50|]Rotom-Heat||ChoiceScarf|Levitate|Overheat,Discharge,Trick,VoltSwitch|Timid|||||50|]Clefable||SitrusBerry|Unaware|Moonblast,HelpingHand,FollowMe,Protect|Bold||M|||50|]Aerodactyl||FocusSash|Unnerve|RockSlide,DualWingbeat,Tailwind,Protect|Jolly||M|||50|]Kingambit||ChopleBerry|Defiant|KowtowCleave,SuckerPunch,IronHead,LowKick|Adamant||M|||50|]Basculegion||LifeOrb|Adaptability|WaveCrash,LastRespects,AquaJet,Protect|Adamant||M|||50|
|inactive|Battle timer is ON: inactive players will automatically lose when time's up. (requested by ToastedArt)
|inactive|ToastedArt has 60 seconds left.
|inactive|ToastedArt has 30 seconds left.
|inactive|ToastedArt has 20 seconds left.
|
|t:|1784481627
|teamsize|p1|4
|teamsize|p2|4
|start
|switch|p1a: Dragonite|Dragonite, L50, M, shiny|100/100
|switch|p1b: Vanilluxe|Vanilluxe, L50, M, shiny|100/100
|switch|p2a: Sceptile|Sceptile, L50, F|100/100
|switch|p2b: Rotom|Rotom-Heat, L50|100/100
|-weather|Snowscape|[from] ability: Snow Warning|[of] p1b: Vanilluxe
|turn|1
|inactive|ygjmcf has 30 seconds left.
|inactive|ygjmcf has 20 seconds left.
|inactive|ygjmcf has 15 seconds left.
|inactive|ygjmcf has 10 seconds left.
|inactive|ToastedArt has 30 seconds left.
|
|t:|1784481680
|move|p1b: Vanilluxe|Blizzard|p2b: Rotom|[spread] p2a,p2b
|-supereffective|p2a: Sceptile|1
|-resisted|p2b: Rotom|1
|-damage|p2a: Sceptile|0 fnt
|-damage|p2b: Rotom|72/100
|faint|p2a: Sceptile
|move|p2b: Rotom|Discharge|p1a: Dragonite|[spread] p1a,p1b
|-damage|p1a: Dragonite|89/100
|-damage|p1b: Vanilluxe|74/100
|move|p1a: Dragonite|Tailwind|p1a: Dragonite
|-sidestart|p1: ToastedArt|move: Tailwind
|
|-weather|Snowscape|[upkeep]
|upkeep
|
|t:|1784481694
|switch|p2a: Aerodactyl|Aerodactyl, L50, M|100/100
|-ability|p2a: Aerodactyl|Unnerve
|turn|2
|
|t:|1784481713
|switch|p2b: Clefable|Clefable, L50, M|100/100
|move|p1b: Vanilluxe|Blizzard|p2a: Aerodactyl|[spread] p2a,p2b
|-supereffective|p2a: Aerodactyl|1
|-enditem|p2a: Aerodactyl|Focus Sash
|-damage|p2a: Aerodactyl|1/100
|-damage|p2b: Clefable|48/100
|-enditem|p2b: Clefable|Sitrus Berry|[eat]
|-heal|p2b: Clefable|72/100|[from] item: Sitrus Berry
|move|p1a: Dragonite|Dragon Claw|p2b: Clefable
|-immune|p2b: Clefable
|move|p2a: Aerodactyl|Rock Slide|p1a: Dragonite|[spread] p1a,p1b
|-supereffective|p1a: Dragonite|1
|-supereffective|p1b: Vanilluxe|1
|-damage|p1a: Dragonite|39/100
|-damage|p1b: Vanilluxe|38/100
|
|-weather|Snowscape|[upkeep]
|upkeep
|turn|3
|inactive|ygjmcf has 30 seconds left.
|inactive|ygjmcf has 20 seconds left.
|
|t:|1784481749
|switch|p1a: Basculegion|Basculegion, L50, M, shiny|100/100
|move|p2a: Aerodactyl|Protect|p2a: Aerodactyl
|-singleturn|p2a: Aerodactyl|Protect
|move|p1b: Vanilluxe|Blizzard|p2a: Aerodactyl|[spread] p2b
|-activate|p2a: Aerodactyl|move: Protect
|-damage|p2b: Clefable|23/100
|move|p2b: Clefable|Moonblast|p1a: Basculegion
|-crit|p1a: Basculegion
|-damage|p1a: Basculegion|54/100
|
|-weather|Snowscape|[upkeep]
|upkeep
|turn|4
|inactive|ygjmcf has 30 seconds left.
|inactive|ygjmcf has 20 seconds left.
|inactive|ygjmcf has 15 seconds left.
|inactive|ygjmcf has 10 seconds left.
|inactive|ygjmcf has 5 seconds left.
|
|t:|1784481804
|move|p1a: Basculegion|Aqua Jet|p2a: Aerodactyl
|-supereffective|p2a: Aerodactyl|1
|-damage|p2a: Aerodactyl|0 fnt
|faint|p2a: Aerodactyl
|move|p1b: Vanilluxe|Blizzard|p2b: Clefable
|-damage|p2b: Clefable|0 fnt
|faint|p2b: Clefable
|
|-weather|Snowscape|[upkeep]
|-sideend|p1: ToastedArt|move: Tailwind
|upkeep
|
|t:|1784481816
|switch|p2b: Rotom|Rotom-Heat, L50|72/100
|turn|5
|
|t:|1784481833
|move|p1b: Vanilluxe|Blizzard|p2b: Rotom
|-resisted|p2b: Rotom|1
|-damage|p2b: Rotom|36/100
|move|p2b: Rotom|Discharge|p1a: Basculegion|[spread] p1a,p1b
|-supereffective|p1a: Basculegion|1
|-damage|p1a: Basculegion|12/100
|-damage|p1b: Vanilluxe|8/100
|-enditem|p1a: Basculegion|Sitrus Berry|[eat]
|-heal|p1a: Basculegion|37/100|[from] item: Sitrus Berry
|move|p1a: Basculegion|Wave Crash|p2b: Rotom
|-supereffective|p2b: Rotom|1
|-damage|p2b: Rotom|0 fnt
|faint|p2b: Rotom
|-damage|p1a: Basculegion|29/100|[from] Recoil
|
|win|ToastedArt
