|j|☆Voldemorten
|j|☆officerindeedee10
|html|Voldemortenofficerindeedee10    
|uhtml|bestof|Game 1 of a best-of-3
|t:|1783456719
|gametype|doubles
|player|p1|Voldemorten|rocketgrunt|1137
|player|p2|officerindeedee10|dragontamer|1076
|gen|9
|tier|[Gen 9 Champions] VGC 2026 Reg M-B (Bo3)
|rated|
|rule|Species Clause: Limit one of each Pokémon
|rule|Item Clause: Limit 1 of each item
|clearpoke
|poke|p1|Garbodor, L50, M|
|poke|p1|Farigiraf, L50, M|
|poke|p1|Incineroar, L50, M, shiny|
|poke|p1|Basculegion-F, L50, F|
|poke|p1|Sinistcha, L50|
|poke|p1|Clefable, L50, F|
|poke|p2|Archaludon, L50, M|
|poke|p2|Gengar, L50, F|
|poke|p2|Incineroar, L50, F|
|poke|p2|Swampert, L50, F|
|poke|p2|Pelipper, L50, F|
|poke|p2|Sinistcha, L50|
|teampreview|4
|showteam|p1|Garbodor||Leftovers|Stench|Curse,PoisonJab,DrainPunch,Protect|Adamant||M|||50|]Farigiraf||ColburBerry|ArmorTail|TwinBeam,TrickRoom,HelpingHand,Protect|Bold||M|||50|]Incineroar||ChopleBerry|Intimidate|FlareBlitz,FakeOut,PartingShot,ThroatChop|Adamant||M|||50|]Basculegion-F||LifeOrb|Adaptability|MuddyWater,AquaJet,ShadowBall,Protect|Quiet||F|||50|]Sinistcha||SitrusBerry|Hospitality|RagePowder,TrickRoom,MatchaGotcha,LifeDew|Relaxed|||||50|]Clefable||Clefablite|Unaware|DazzlingGleam,IceBeam,CalmMind,Protect|Modest||F|||50|
|showteam|p2|Archaludon||Leftovers|Stamina|ElectroShot,AuraSphere,FlashCannon,Protect|Modest||M|||50|]Gengar||Gengarite|CursedBody|Protect,Disable,PerishSong,ShadowBall|Timid||F|||50|]Incineroar||PasshoBerry|Intimidate|Protect,ThroatChop,FakeOut,PartingShot|Careful||F|||50|]Swampert||Swampertite|Torrent|Protect,KnockOff,WaveCrash,Earthquake|Adamant||F|||50|]Pelipper||FocusSash|Drizzle|WideGuard,Tailwind,WeatherBall,Hurricane|Timid||F|||50|]Sinistcha||KasibBerry|Hospitality|MatchaGotcha,RagePowder,LifeDew,Protect|Bold|||||50|
|inactive|Battle timer is ON: inactive players will automatically lose when time's up. (requested by officerindeedee10)
|inactive|Voldemorten has 60 seconds left.
|inactive|officerindeedee10 has 60 seconds left.
|inactive|Voldemorten has 30 seconds left.
|inactive|officerindeedee10 has 30 seconds left.
|inactive|Voldemorten has 20 seconds left.
|inactive|Voldemorten has 15 seconds left.
|inactive|Voldemorten has 10 seconds left.
|
|t:|1783456804
|teamsize|p1|4
|teamsize|p2|4
|start
|switch|p1a: Farigiraf|Farigiraf, L50, M|100/100
|switch|p1b: Basculegion|Basculegion-F, L50, F|100/100
|switch|p2a: Sinistcha|Sinistcha, L50|100/100
|switch|p2b: Pelipper|Pelipper, L50, F|100/100
|-weather|RainDance|[from] ability: Drizzle|[of] p2b: Pelipper
|turn|1
|
|t:|1783456823
|move|p2a: Sinistcha|Rage Powder|p2a: Sinistcha
|-singleturn|p2a: Sinistcha|move: Rage Powder
|move|p2b: Pelipper|Weather Ball|p1a: Farigiraf
|-damage|p1a: Farigiraf|45/100
|move|p1b: Basculegion|Shadow Ball|p2a: Sinistcha
|-supereffective|p2a: Sinistcha|1
|-enditem|p2a: Sinistcha|Kasib Berry|[eat]
|-enditem|p2a: Sinistcha|Kasib Berry|[weaken]
|-damage|p2a: Sinistcha|33/100
|-damage|p1b: Basculegion|90/100|[from] item: Life Orb
|move|p1a: Farigiraf|Trick Room|p1a: Farigiraf
|-fieldstart|move: Trick Room|[of] p1a: Farigiraf
|
|-weather|RainDance|[upkeep]
|upkeep
|turn|2
|inactive|officerindeedee10 has 30 seconds left.
|inactive|officerindeedee10 has 20 seconds left.
|
|t:|1783456858
|move|p1a: Farigiraf|Twin Beam|p2a: Sinistcha
|-damage|p2a: Sinistcha|18/100
|-damage|p2a: Sinistcha|1/100
|-hitcount|p2a: Sinistcha|2
|move|p1b: Basculegion|Muddy Water|p2b: Pelipper|[spread] p2b
|-miss|p1b: Basculegion|p2a: Sinistcha
|-resisted|p2b: Pelipper|1
|-damage|p2b: Pelipper|26/100
|-damage|p1b: Basculegion|80/100|[from] item: Life Orb
|move|p2a: Sinistcha|Life Dew|p2a: Sinistcha|[spread] p2a,p2b
|-heal|p2a: Sinistcha|25/100
|-heal|p2b: Pelipper|51/100
|move|p2b: Pelipper|Hurricane|p1a: Farigiraf
|-damage|p1a: Farigiraf|1/100
|
|-weather|RainDance|[upkeep]
|upkeep
|turn|3
|
|t:|1783456883
|switch|p1a: Garbodor|Garbodor, L50, M|100/100
|move|p2b: Pelipper|Wide Guard|p2b: Pelipper
|-singleturn|p2b: Pelipper|Wide Guard
|move|p1b: Basculegion|Muddy Water|p2b: Pelipper|[spread] 
|-activate|p2a: Sinistcha|move: Wide Guard
|-activate|p2b: Pelipper|move: Wide Guard
|move|p2a: Sinistcha|Life Dew|p2a: Sinistcha|[spread] p2a,p2b
|-heal|p2a: Sinistcha|50/100g
|-heal|p2b: Pelipper|75/100
|
|-weather|RainDance|[upkeep]
|upkeep
|turn|4
|
|t:|1783456907
|move|p1b: Basculegion|Shadow Ball|p2a: Sinistcha
|-supereffective|p2a: Sinistcha|1
|-damage|p2a: Sinistcha|0 fnt
|faint|p2a: Sinistcha
|-damage|p1b: Basculegion|70/100|[from] item: Life Orb
|move|p1a: Garbodor|Poison Jab|p2b: Pelipper
|-damage|p2b: Pelipper|29/100
|move|p2b: Pelipper|Weather Ball|p1a: Garbodor
|-damage|p1a: Garbodor|33/100
|
|-weather|RainDance|[upkeep]
|-heal|p1a: Garbodor|38/100|[from] item: Leftovers
|upkeep
|
|t:|1783456922
|switch|p2a: Swampert|Swampert, L50, F|100/100
|turn|5
|
|t:|1783456945
|switch|p2b: Archaludon|Archaludon, L50, M|100/100
|detailschange|p2a: Swampert|Swampert-Mega, L50, F
|-mega|p2a: Swampert|Swampert|Swampertite
|move|p2a: Swampert|Protect|p2a: Swampert
|-singleturn|p2a: Swampert|Protect
|move|p1b: Basculegion|Shadow Ball|p2b: Archaludon
|-damage|p2b: Archaludon|30/100
|-ability|p2b: Archaludon|Stamina|boost
|-boost|p2b: Archaludon|def|1
|-damage|p1b: Basculegion|61/100|[from] item: Life Orb
|move|p1a: Garbodor|Curse|p1a: Garbodor
|-unboost|p1a: Garbodor|spe|1
|-boost|p1a: Garbodor|atk|1
|-boost|p1a: Garbodor|def|1
|
|-weather|none
|-heal|p1a: Garbodor|44/100|[from] item: Leftovers
|-heal|p2b: Archaludon|36/100|[from] item: Leftovers
|-fieldend|move: Trick Room
|upkeep
|turn|6
|
|t:|1783456965
|switch|p2b: Pelipper|Pelipper, L50, F|29/100
|-weather|RainDance|[from] ability: Drizzle|[of] p2b: Pelipper
|switch|p1b: Farigiraf|Farigiraf, L50, M|1/100
|move|p1a: Garbodor|Protect|p1a: Garbodor
|-singleturn|p1a: Garbodor|Protect
|move|p2a: Swampert|Earthquake|p1b: Farigiraf|[spread] p1b
|-activate|p1a: Garbodor|move: Protect
|-immune|p2b: Pelipper
|-damage|p1b: Farigiraf|0 fnt
|faint|p1b: Farigiraf
|
|-weather|RainDance|[upkeep]
|-heal|p1a: Garbodor|50/100g|[from] item: Leftovers
|upkeep
|
|t:|1783456987
|switch|p1b: Clefable|Clefable, L50, F|100/100
|turn|7
|
|t:|1783457002
|detailschange|p1b: Clefable|Clefable-Mega, L50, F
|-mega|p1b: Clefable|Clefable|Clefablite
|move|p2a: Swampert|Earthquake|p1a: Garbodor|[spread] p1a
|-immune|p2b: Pelipper
|-immune|p1b: Clefable
|-supereffective|p1a: Garbodor|1
|-damage|p1a: Garbodor|0 fnt
|faint|p1a: Garbodor
|move|p2b: Pelipper|Weather Ball|p1b: Clefable
|-damage|p1b: Clefable|49/100
|move|p1b: Clefable|Dazzling Gleam|p2b: Pelipper|[spread] p2a,p2b
|-damage|p2a: Swampert|68/100
|-damage|p2b: Pelipper|0 fnt
|faint|p2b: Pelipper
|
|-weather|RainDance|[upkeep]
|upkeep
|
|t:|1783457016
|switch|p2b: Archaludon|Archaludon, L50, M|36/100
|switch|p1a: Basculegion|Basculegion-F, L50, F|61/100
|turn|8
|
|t:|1783457023
|move|p1b: Clefable|Protect|p1b: Clefable
|-singleturn|p1b: Clefable|Protect
|move|p1a: Basculegion|Protect|p1a: Basculegion
|-singleturn|p1a: Basculegion|Protect
|move|p2a: Swampert|Knock Off|p1a: Basculegion
|-activate|p1a: Basculegion|move: Protect
|move|p2b: Archaludon|Flash Cannon|p1b: Clefable
|-activate|p1b: Clefable|move: Protect
|
|-weather|RainDance|[upkeep]
|-heal|p2b: Archaludon|43/100|[from] item: Leftovers
|upkeep
|turn|9
|
|t:|1783457035
|move|p1a: Basculegion|Aqua Jet|p2a: Swampert
|-damage|p2a: Swampert|33/100
|-damage|p1a: Basculegion|51/100|[from] item: Life Orb
|move|p2a: Swampert|Knock Off|p1a: Basculegion
|-supereffective|p1a: Basculegion|1
|-damage|p1a: Basculegion|0 fnt
|-enditem|p1a: Basculegion|Life Orb|[from] move: Knock Off|[of] p2a: Swampert
|faint|p1a: Basculegion
|move|p2b: Archaludon|Flash Cannon|p1b: Clefable
|-supereffective|p1b: Clefable|1
|-damage|p1b: Clefable|0 fnt
|faint|p1b: Clefable
|
|win|officerindeedee10
|inactive|Voldemorten has 30 seconds to confirm battle start!
|inactive|officerindeedee10 has 30 seconds to confirm battle start!
