|j|☆arkjsmith
|j|☆dambro222
|html|arkjsmithdambro222    
|uhtml|bestof|Game 3 of a best-of-3
|t:|1755769375
|gametype|doubles
|player|p1|arkjsmith|roxie|1253
|player|p2|dambro222|169|1222
|gen|9
|tier|[Gen 9] VGC 2025 Reg H (Bo3)
|rated|
|rule|Species Clause: Limit one of each Pokémon
|rule|Item Clause: Limit 1 of each item
|clearpoke
|poke|p1|Hydreigon, L50, F|
|poke|p1|Ursaluna, L50, F|
|poke|p1|Incineroar, L50, M|
|poke|p1|Gholdengo, L50|
|poke|p1|Amoonguss, L50, F|
|poke|p1|Porygon2, L50|
|poke|p2|Annihilape, L50, F|
|poke|p2|Rillaboom, L50, F|
|poke|p2|Incineroar, L50, F|
|poke|p2|Ursaluna-Bloodmoon, L50, M|
|poke|p2|Scyther, L50, F|
|poke|p2|Amoonguss, L50, M|
|teampreview|4
|showteam|p1|Hydreigon||SafetyGoggles|Levitate|Snarl,DracoMeteor,Tailwind,Protect|||F|||50|,,,,,Ghost]Ursaluna||FlameOrb|Guts|HeadlongRush,Facade,Earthquake,Protect|||F|||50|,,,,,Ghost]Incineroar||SitrusBerry|Intimidate|FakeOut,KnockOff,PartingShot,FlareBlitz|||M|||50|,,,,,Grass]Gholdengo||LifeOrb|GoodasGold|MakeItRain,ShadowBall,NastyPlot,Protect||||||50|,,,,,Water]Amoonguss||CovertCloak|Regenerator|Spore,PollenPuff,RagePowder,Protect|||F|||50|,,,,,Psychic]Porygon2||Eviolite|Download|TeraBlast,IceBeam,Recover,TrickRoom||||||50|,,,,,Fighting
|showteam|p2|Annihilape||Leftovers|Defiant|DrainPunch,RageFist,BulkUp,Protect|||F|||50|,,,,,Fire]Rillaboom||AssaultVest|GrassySurge|FakeOut,GrassyGlide,WoodHammer,Uturn|||F|||50|,,,,,Fire]Incineroar||SafetyGoggles|Intimidate|FakeOut,FlareBlitz,KnockOff,PartingShot|||F|||50|,,,,,Ghost]Ursaluna-Bloodmoon||LifeOrb|MindsEye|BloodMoon,HyperVoice,EarthPower,Protect|||M|||50|,,,,,Normal]Scyther||Eviolite|Technician|DualWingbeat,RainDance,Tailwind,Protect|||F|||50|,,,,,Water]Amoonguss||CovertCloak|Regenerator|PollenPuff,RagePowder,Spore,Protect|||M|||50|,,,,,Dark
|inactive|Battle timer is ON: inactive players will automatically lose when time's up. (requested by arkjsmith)
|inactive|dambro222 also wants the timer to be on.
|
|t:|1755769385
|teamsize|p1|4
|teamsize|p2|4
|start
|switch|p1a: Hydreigon|Hydreigon, L50, F, shiny|100/100
|switch|p1b: Ursaluna|Ursaluna, L50, F|100/100
|switch|p2a: Ursaluna|Ursaluna-Bloodmoon, L50, M|100/100
|switch|p2b: Annihilape|Annihilape, L50, F|100/100
|turn|1
|
|t:|1755769402
|move|p1b: Ursaluna|Protect|p1b: Ursaluna
|-singleturn|p1b: Ursaluna|Protect
|move|p1a: Hydreigon|Tailwind|p1a: Hydreigon
|-sidestart|p1: arkjsmith|move: Tailwind
|move|p2b: Annihilape|Bulk Up|p2b: Annihilape
|-boost|p2b: Annihilape|atk|1
|-boost|p2b: Annihilape|def|1
|move|p2a: Ursaluna|Blood Moon|p1a: Hydreigon
|-damage|p1a: Hydreigon|0 fnt
|faint|p1a: Hydreigon
|-damage|p2a: Ursaluna|91/100|[from] item: Life Orb
|
|-status|p1b: Ursaluna|brn|[from] item: Flame Orb
|upkeep
|
|t:|1755769405
|switch|p1a: Stripe|Incineroar, L50, M, shiny|100/100
|-ability|p1a: Stripe|Intimidate|boost
|-unboost|p2a: Ursaluna|atk|1
|-unboost|p2b: Annihilape|atk|1
|-ability|p2b: Annihilape|Defiant|boost
|-boost|p2b: Annihilape|atk|2
|turn|2
|
|t:|1755769430
|-terastallize|p1b: Ursaluna|Ghost
|move|p2a: Ursaluna|Protect|p2a: Ursaluna
|-singleturn|p2a: Ursaluna|Protect
|move|p1a: Stripe|Flare Blitz|p2b: Annihilape
|-damage|p2b: Annihilape|67/100
|-status|p2b: Annihilape|brn
|-damage|p1a: Stripe|89/100|[from] Recoil
|move|p1b: Ursaluna|Headlong Rush|p2b: Annihilape
|-damage|p2b: Annihilape|0 fnt
|-unboost|p1b: Ursaluna|def|1
|-unboost|p1b: Ursaluna|spd|1
|faint|p2b: Annihilape
|
|-damage|p1b: Ursaluna|95/100 brn|[from] brn
|upkeep
|
|t:|1755769444
|switch|p2b: Incineroar|Incineroar, L50, F|100/100
|-ability|p2b: Incineroar|Intimidate|boost
|-unboost|p1a: Stripe|atk|1
|-unboost|p1b: Ursaluna|atk|1
|turn|3
|
|t:|1755769466
|switch|p1b: Cheese|Gholdengo, L50|100/100
|switch|p2b: Rillaboom|Rillaboom, L50, F|100/100
|-fieldstart|move: Grassy Terrain|[from] ability: Grassy Surge|[of] p2b: Rillaboom
|-terastallize|p2a: Ursaluna|Normal
|move|p1a: Stripe|Parting Shot|p2a: Ursaluna
|-unboost|p2a: Ursaluna|atk|1
|-unboost|p2a: Ursaluna|spa|1
|
|t:|1755769469
|switch|p1a: Ursaluna|Ursaluna, L50, F, tera:Ghost|95/100 brn|[from] Parting Shot
|move|p2a: Ursaluna|Blood Moon|p1b: Cheese
|-resisted|p1b: Cheese
|-damage|p1b: Cheese|46/100
|-damage|p2a: Ursaluna|81/100|[from] item: Life Orb
|
|-heal|p1b: Cheese|52/100|[from] Grassy Terrain
|-heal|p1a: Ursaluna|100/100 brn|[from] Grassy Terrain
|-heal|p2a: Ursaluna|88/100|[from] Grassy Terrain
|-damage|p1a: Ursaluna|95/100 brn|[from] brn
|upkeep
|turn|4
|
|t:|1755769492
|switch|p1b: Stripe|Incineroar, L50, M, shiny|89/100
|-ability|p1b: Stripe|Intimidate|boost
|-unboost|p2a: Ursaluna|atk|1
|-unboost|p2b: Rillaboom|atk|1
|move|p1a: Ursaluna|Facade|p2b: Rillaboom
|-damage|p2b: Rillaboom|0 fnt
|faint|p2b: Rillaboom
|move|p2a: Ursaluna|Hyper Voice|p1a: Ursaluna|[spread] p1a,p1b
|-damage|p1a: Ursaluna|48/100 brn
|-damage|p1b: Stripe|44/100
|-enditem|p1b: Stripe|Sitrus Berry|[eat]
|-heal|p1b: Stripe|69/100|[from] item: Sitrus Berry
|-damage|p2a: Ursaluna|78/100|[from] item: Life Orb
|
|-heal|p1b: Stripe|75/100|[from] Grassy Terrain
|-heal|p1a: Ursaluna|54/100 brn|[from] Grassy Terrain
|-heal|p2a: Ursaluna|84/100|[from] Grassy Terrain
|-damage|p1a: Ursaluna|48/100 brn|[from] brn
|-sideend|p1: arkjsmith|move: Tailwind
|upkeep
|
|t:|1755769508
|switch|p2b: Incineroar|Incineroar, L50, F|100/100
|-ability|p2b: Incineroar|Intimidate|boost
|-unboost|p1a: Ursaluna|atk|1
|-unboost|p1b: Stripe|atk|1
|turn|5
|
|t:|1755769524
|switch|p1a: Cheese|Gholdengo, L50|52/100
|move|p2b: Incineroar|Fake Out|p1b: Stripe
|-damage|p1b: Stripe|62/100
|cant|p1b: Stripe|flinch
|move|p2a: Ursaluna|Blood Moon|p1a: Cheese
|-resisted|p1a: Cheese
|-damage|p1a: Cheese|0 fnt
|faint|p1a: Cheese
|-damage|p2a: Ursaluna|75/100|[from] item: Life Orb
|
|-heal|p1b: Stripe|69/100|[from] Grassy Terrain
|-heal|p2a: Ursaluna|81/100|[from] Grassy Terrain
|upkeep
|
|t:|1755769528
|switch|p1a: Ursaluna|Ursaluna, L50, F, tera:Ghost|48/100 brn
|turn|6
|
|t:|1755769550
|move|p1b: Stripe|Knock Off|p2a: Ursaluna
|-damage|p2a: Ursaluna|57/100
|-enditem|p2a: Ursaluna|Life Orb|[from] move: Knock Off|[of] p1b: Stripe
|move|p1a: Ursaluna|Facade|p2b: Incineroar
|-crit|p2b: Incineroar
|-damage|p2b: Incineroar|0 fnt
|faint|p2b: Incineroar
|move|p2a: Ursaluna|Hyper Voice|p1b: Stripe|[spread] p1a,p1b
|-damage|p1a: Ursaluna|14/100 brn
|-damage|p1b: Stripe|34/100
|
|-heal|p1b: Stripe|41/100|[from] Grassy Terrain
|-heal|p1a: Ursaluna|19/100 brn|[from] Grassy Terrain
|-heal|p2a: Ursaluna|63/100|[from] Grassy Terrain
|-damage|p1a: Ursaluna|14/100 brn|[from] brn
|upkeep
|turn|7
|
|t:|1755769565
|move|p2a: Ursaluna|Protect|p2a: Ursaluna
|-singleturn|p2a: Ursaluna|Protect
|move|p1b: Stripe|Flare Blitz|p2a: Ursaluna
|-activate|p2a: Ursaluna|move: Protect
|move|p1a: Ursaluna|Facade|p2a: Ursaluna
|-activate|p2a: Ursaluna|move: Protect
|
|-heal|p1b: Stripe|47/100|[from] Grassy Terrain
|-heal|p1a: Ursaluna|19/100 brn|[from] Grassy Terrain
|-heal|p2a: Ursaluna|70/100|[from] Grassy Terrain
|-damage|p1a: Ursaluna|14/100 brn|[from] brn
|-fieldend|move: Grassy Terrain
|upkeep
|turn|8
|
|t:|1755769569
|move|p1b: Stripe|Flare Blitz|p2a: Ursaluna
|-damage|p2a: Ursaluna|42/100
|-damage|p1b: Stripe|37/100|[from] Recoil
|move|p1a: Ursaluna|Facade|p2a: Ursaluna
|-damage|p2a: Ursaluna|0 fnt
|faint|p2a: Ursaluna
|
|win|arkjsmith
|raw|arkjsmith's rating: 1253 → 1276(+23 for winning)
|raw|dambro222's rating: 1222 → 1199(-23 for losing)
|c|☆dambro222|gg
|c|☆arkjsmith|Ggs
