|j|☆Inteligent8pro
|j|☆silvaarg
|html|Inteligent8prosilvaarg    
|uhtml|bestof|Game 3 of a best-of-3
|t:|1786143787
|gametype|doubles
|player|p1|Inteligent8pro|elesa|
|player|p2|silvaarg|hugh|
|gen|9
|tier|[Gen 9 Champions] VGC 2026 Reg M-B (Bo3)
|rule|Species Clause: Limit one of each Pokémon
|rule|Item Clause: Limit 1 of each item
|clearpoke
|poke|p1|Blaziken, L50, F|
|poke|p1|Venusaur, L50, M|
|poke|p1|Kingambit, L50, M|
|poke|p1|Ninetales-Alola, L50, M|
|poke|p1|Lycanroc-Dusk, L50, F|
|poke|p1|Basculegion, L50, M|
|poke|p2|Raichu, L50, M|
|poke|p2|Staraptor, L50, M, shiny|
|poke|p2|Arcanine-Hisui, L50, M|
|poke|p2|Farigiraf, L50, F|
|poke|p2|Sylveon, L50, F, shiny|
|poke|p2|Kingambit, L50, M|
|teampreview|4
|showteam|p1|Blaziken||Blazikenite|SpeedBoost|FlareBlitz,CloseCombat,RockSlide,Detect|Adamant||F|||50|]Venusaur||Venusaurite|Chlorophyll|GigaDrain,SludgeBomb,EarthPower,Protect|Modest||M|||50|]Kingambit||LifeOrb|Defiant|KowtowCleave,SuckerPunch,IronHead,Protect|Adamant||M|||50|]Ninetales-Alola||NeverMeltIce|SnowWarning|Blizzard,FreezeDry,Encore,Protect|Timid||M|||50|]Lycanroc-Dusk||FocusSash|ToughClaws|RockSlide,Accelerock,CloseCombat,Protect|Adamant||F|||50|]Basculegion||ChoiceScarf|Adaptability|LastRespects,WaveCrash,AquaJet,FlipTurn|Jolly||M|||50|
|showteam|p2|Raichu||RaichuniteY|LightningRod|ZapCannon,FocusBlast,FakeOut,Protect|Timid||M|||50|]Staraptor||Staraptite|Intimidate|CloseCombat,DualWingbeat,Tailwind,Protect|Jolly||M|||50|]Arcanine-Hisui||FocusSash|RockHead|FlareBlitz,HeadSmash,ExtremeSpeed,Protect|Jolly||M|||50|]Farigiraf||SitrusBerry|ArmorTail|Psychic,HelpingHand,TrickRoom,Protect|Calm||F|||50|]Sylveon||FairyFeather|Pixilate|HyperVoice,QuickAttack,HyperBeam,Detect|Modest||F|||50|]Kingambit||LifeOrb|Defiant|KowtowCleave,SuckerPunch,SwordsDance,Protect|Adamant||M|||50|
|
|t:|1786143845
|teamsize|p1|4
|teamsize|p2|4
|start
|switch|p1a: Venusaur|Venusaur, L50, M|100/100
|switch|p1b: Ninetales|Ninetales-Alola, L50, M|100/100
|switch|p2a: Raichu|Raichu, L50, M|100/100
|switch|p2b: Kingambit|Kingambit, L50, M|100/100
|-weather|Snowscape|[from] ability: Snow Warning|[of] p1b: Ninetales
|turn|1
|
|t:|1786143873
|detailschange|p2a: Raichu|Raichu-Mega-Y, L50, M
|-mega|p2a: Raichu|Raichu|Raichunite Y
|detailschange|p1a: Venusaur|Venusaur-Mega, L50, M
|-mega|p1a: Venusaur|Venusaur|Venusaurite
|move|p2a: Raichu|Zap Cannon|p1b: Ninetales
|-damage|p1b: Ninetales|32/100
|-status|p1b: Ninetales|par
|move|p1a: Venusaur|Earth Power|p2b: Kingambit
|-supereffective|p2b: Kingambit|1
|-damage|p2b: Kingambit|44/100
|move|p1b: Ninetales|Blizzard|p2b: Kingambit|[spread] p2a,p2b
|-resisted|p2b: Kingambit|1
|-damage|p2a: Raichu|59/100
|-damage|p2b: Kingambit|28/100
|move|p2b: Kingambit|Kowtow Cleave|p1a: Venusaur
|-damage|p1a: Venusaur|54/100
|-damage|p2b: Kingambit|19/100|[from] item: Life Orb
|
|-weather|Snowscape|[upkeep]
|upkeep
|turn|2
|
|t:|1786143911
|move|p1a: Venusaur|Protect|p1a: Venusaur
|-singleturn|p1a: Venusaur|Protect
|move|p2a: Raichu|Zap Cannon|p1a: Venusaur
|-activate|p1a: Venusaur|move: Protect
|move|p1b: Ninetales|Blizzard|p2b: Kingambit|[spread] p2a,p2b
|-resisted|p2b: Kingambit|1
|-damage|p2a: Raichu|14/100
|-damage|p2b: Kingambit|1/100
|move|p2b: Kingambit|Kowtow Cleave|p1a: Venusaur
|-activate|p1a: Venusaur|move: Protect
|
|-weather|Snowscape|[upkeep]
|upkeep
|turn|3
|
|t:|1786143939
|move|p1a: Venusaur|Protect||[still]
|-fail|p1a: Venusaur
|move|p2a: Raichu|Zap Cannon|p1a: Venusaur
|-resisted|p1a: Venusaur|1
|-crit|p1a: Venusaur
|-damage|p1a: Venusaur|14/100
|-status|p1a: Venusaur|par
|move|p1b: Ninetales|Blizzard|p2a: Raichu|[spread] p2a,p2b
|-resisted|p2b: Kingambit|1
|-damage|p2a: Raichu|0 fnt
|-damage|p2b: Kingambit|0 fnt
|faint|p2a: Raichu
|faint|p2b: Kingambit
|
|-weather|Snowscape|[upkeep]
|upkeep
|
|t:|1786143952
|switch|p2a: Farigiraf|Farigiraf, L50, F|100/100
|switch|p2b: Arcanine|Arcanine-Hisui, L50, M|100/100
|turn|4
|
|t:|1786143969
|move|p1b: Ninetales|Protect|p1b: Ninetales
|-singleturn|p1b: Ninetales|Protect
|move|p1a: Venusaur|Protect|p1a: Venusaur
|-singleturn|p1a: Venusaur|Protect
|move|p2b: Arcanine|Extreme Speed|p1b: Ninetales
|-activate|p1b: Ninetales|move: Protect
|move|p2a: Farigiraf|Psychic|p1a: Venusaur
|-activate|p1a: Venusaur|move: Protect
|
|-weather|Snowscape|[upkeep]
|upkeep
|turn|5
|
|t:|1786143994
|move|p2b: Arcanine|Flare Blitz|p1a: Venusaur
|-supereffective|p1a: Venusaur|1
|-damage|p1a: Venusaur|0 fnt
|faint|p1a: Venusaur
|cant|p1b: Ninetales|par
|move|p2a: Farigiraf|Psychic|p1b: Ninetales
|-damage|p1b: Ninetales|0 fnt
|faint|p1b: Ninetales
|
|-weather|none
|upkeep
|
|t:|1786144001
|switch|p1b: Basculegion|Basculegion, L50, M|100/100
|switch|p1a: Lycanroc|Lycanroc-Dusk, L50, F|100/100
|turn|6
|
|t:|1786144025
|move|p2b: Arcanine|Protect|p2b: Arcanine
|-singleturn|p2b: Arcanine|Protect
|move|p1b: Basculegion|Wave Crash|p2a: Farigiraf
|-damage|p2a: Farigiraf|40/100
|-enditem|p2a: Farigiraf|Sitrus Berry|[eat]
|-heal|p2a: Farigiraf|65/100|[from] item: Sitrus Berry
|-damage|p1b: Basculegion|77/100|[from] Recoil
|move|p1a: Lycanroc|Rock Slide|p2b: Arcanine|[spread] p2a
|-activate|p2b: Arcanine|move: Protect
|-damage|p2a: Farigiraf|38/100
|cant|p2a: Farigiraf|flinch
|
|upkeep
|turn|7
|c|☆silvaarg|ggggggggggg
|
|t:|1786144050
|move|p2a: Farigiraf|Protect|p2a: Farigiraf
|-singleturn|p2a: Farigiraf|Protect
|move|p1b: Basculegion|Wave Crash|p2b: Arcanine
|-supereffective|p2b: Arcanine|2
|-enditem|p2b: Arcanine|Focus Sash
|-damage|p2b: Arcanine|1/100
|-damage|p1b: Basculegion|48/100|[from] Recoil
|move|p1a: Lycanroc|Rock Slide|p2a: Farigiraf|[spread] 
|-activate|p2a: Farigiraf|move: Protect
|-miss|p1a: Lycanroc|p2b: Arcanine
|move|p2b: Arcanine|Head Smash|p1b: Basculegion
|-damage|p1b: Basculegion|0 fnt
|faint|p1b: Basculegion
|
|upkeep
|turn|8
|
|t:|1786144104
|move|p2a: Farigiraf|Helping Hand|p2b: Arcanine
|-singleturn|p2b: Arcanine|Helping Hand|[of] p2a: Farigiraf
|move|p1a: Lycanroc|Accelerock||[still]
|cant|p2a: Farigiraf|ability: Armor Tail|Accelerock|[of] p1a: Lycanroc
|move|p2b: Arcanine|Head Smash|p1a: Lycanroc
|-enditem|p1a: Lycanroc|Focus Sash
|-damage|p1a: Lycanroc|1/100
|
|upkeep
|turn|9
|
|t:|1786144119
|move|p2b: Arcanine|Extreme Speed|p1a: Lycanroc
|-resisted|p1a: Lycanroc|1
|-damage|p1a: Lycanroc|0 fnt
|faint|p1a: Lycanroc
|
|win|silvaarg
