|j|☆RedAllay
|j|☆NoitUK_VGC
|html|RedAllayNoitUK_VGC    
|uhtml|bestof|Game 2 of a best-of-3
|t:|1783848023
|gametype|doubles
|player|p1|RedAllay|gladion|1072
|player|p2|NoitUK_VGC|102|1013
|gen|9
|tier|[Gen 9 Champions] VGC 2026 Reg M-B (Bo3)
|rated|
|rule|Species Clause: Limit one of each Pokémon
|rule|Item Clause: Limit 1 of each item
|clearpoke
|poke|p1|Floette-Eternal, L50, F|
|poke|p1|Garchomp, L50, M|
|poke|p1|Incineroar, L50, M|
|poke|p1|Sinistcha, L50|
|poke|p1|Sneasler, L50, M|
|poke|p1|Aerodactyl, L50, M|
|poke|p2|Archaludon, L50, F|
|poke|p2|Swampert, L50, M|
|poke|p2|Pelipper, L50, M|
|poke|p2|Raichu, L50, M|
|poke|p2|Sableye, L50, F|
|poke|p2|Kingambit, L50, M|
|teampreview|4
|showteam|p1|Floette-Eternal||Floettite|FlowerVeil|Moonblast,DazzlingGleam,CalmMind,Protect|Modest||F|||50|]Garchomp||LifeOrb|RoughSkin|Earthquake,StompingTantrum,DragonClaw,Protect|Adamant||M|||50|]Incineroar||SitrusBerry|Intimidate|FlareBlitz,ThroatChop,PartingShot,FakeOut|Relaxed||M|||50|]Sinistcha||Leftovers|Hospitality|MatchaGotcha,RagePowder,LifeDew,Protect|Modest|||||50|]Sneasler||WhiteHerb|Unburden|CloseCombat,DireClaw,FakeOut,Protect|Adamant||M|||50|]Aerodactyl||FocusSash|Unnerve|RockSlide,DualWingbeat,Tailwind,Protect|Jolly||M|||50|
|showteam|p2|Archaludon||Leftovers|Stamina|Protect,ElectroShot,FlashCannon,DragonPulse|Modest||F|||50|]Swampert||Swampertite|Torrent|Protect,WaveCrash,Earthquake,IcePunch|Adamant||M|||50|]Pelipper||SitrusBerry|Drizzle|WideGuard,WeatherBall,Hurricane,Tailwind|Bold||M|||50|]Raichu||RaichuniteX|LightningRod|FakeOut,VoltTackle,VoltSwitch,PlayRough|Hasty||M|||50|]Sableye||RoseliBerry|Prankster|Encore,Disable,WillOWisp,RainDance|Relaxed||F|||50|]Kingambit||ChopleBerry|Defiant|KowtowCleave,SuckerPunch,IronHead,LowKick|Adamant||M|||50|
|inactive|Battle timer is ON: inactive players will automatically lose when time's up. (requested by RedAllay)
|inactive|NoitUK_VGC has 60 seconds left.
|
|t:|1783848064
|teamsize|p1|4
|teamsize|p2|4
|start
|switch|p1a: Floette|Floette-Eternal, L50, F|100/100
|switch|p1b: Sneasler|Sneasler, L50, M|100/100
|switch|p2a: Sableye|Sableye, L50, F|100/100
|switch|p2b: Swampert|Swampert, L50, M|100/100
|turn|1
|
|t:|1783848087
|switch|p2b: Archaludon|Archaludon, L50, F|100/100
|detailschange|p1a: Floette|Floette-Mega, L50, F
|-mega|p1a: Floette|Floette|Floettite
|-ability|p1a: Floette|Fairy Aura
|move|p1b: Sneasler|Fake Out|p2b: Archaludon
|-resisted|p2b: Archaludon|1
|-damage|p2b: Archaludon|93/100
|-ability|p2b: Archaludon|Stamina|boost
|-boost|p2b: Archaludon|def|1
|move|p2a: Sableye|Encore|p1b: Sneasler
|-start|p1b: Sneasler|Encore
|move|p1a: Floette|Dazzling Gleam|p2b: Archaludon|[spread] p2a,p2b
|-supereffective|p2a: Sableye|1
|-enditem|p2a: Sableye|Roseli Berry|[eat]
|-enditem|p2a: Sableye|Roseli Berry|[weaken]
|-damage|p2a: Sableye|47/100
|-damage|p2b: Archaludon|44/100
|-ability|p2b: Archaludon|Stamina|boost
|-boost|p2b: Archaludon|def|1
|
|-heal|p2b: Archaludon|50/100g|[from] item: Leftovers
|upkeep
|turn|2
|inactive|RedAllay has 30 seconds left.
|
|t:|1783848115
|switch|p1b: Sinistcha|Sinistcha, L50|100/100
|move|p1a: Floette|Protect|p1a: Floette
|-singleturn|p1a: Floette|Protect
|move|p2a: Sableye|Disable|p1a: Floette
|-activate|p1a: Floette|move: Protect
|move|p2b: Archaludon|Dragon Pulse|p1b: Sinistcha
|-damage|p1b: Sinistcha|57/100
|
|-heal|p2b: Archaludon|56/100|[from] item: Leftovers
|-heal|p1b: Sinistcha|63/100|[from] item: Leftovers
|upkeep
|turn|3
|
|t:|1783848128
|move|p2b: Archaludon|Protect|p2b: Archaludon
|-singleturn|p2b: Archaludon|Protect
|move|p1b: Sinistcha|Rage Powder|p1b: Sinistcha
|-singleturn|p1b: Sinistcha|move: Rage Powder
|move|p2a: Sableye|Disable|p1b: Sinistcha
|-start|p1b: Sinistcha|Disable|Rage Powder
|move|p1a: Floette|Dazzling Gleam|p2b: Archaludon|[spread] p2a
|-activate|p2b: Archaludon|move: Protect
|-supereffective|p2a: Sableye|1
|-damage|p2a: Sableye|0 fnt
|faint|p2a: Sableye
|
|-heal|p2b: Archaludon|62/100|[from] item: Leftovers
|-heal|p1b: Sinistcha|69/100|[from] item: Leftovers
|upkeep
|
|t:|1783848141
|switch|p2a: Pelipper|Pelipper, L50, M|100/100
|-weather|RainDance|[from] ability: Drizzle|[of] p2a: Pelipper
|turn|4
|
|t:|1783848155
|move|p1a: Floette|Moonblast|p2b: Archaludon
|-damage|p2b: Archaludon|0 fnt
|faint|p2b: Archaludon
|move|p2a: Pelipper|Tailwind|p2a: Pelipper
|-sidestart|p2: NoitUK_VGC|move: Tailwind
|move|p1b: Sinistcha|Matcha Gotcha|p2a: Pelipper
|-damage|p2a: Pelipper|56/100
|-heal|p1b: Sinistcha|89/100|[from] drain|[of] p2a: Pelipper
|-status|p2a: Pelipper|brn
|
|-weather|RainDance|[upkeep]
|-heal|p1b: Sinistcha|96/100|[from] item: Leftovers
|-damage|p2a: Pelipper|50/100y brn|[from] brn
|upkeep
|-enditem|p2a: Pelipper|Sitrus Berry|[eat]
|-heal|p2a: Pelipper|75/100 brn|[from] item: Sitrus Berry
|
|t:|1783848170
|switch|p2b: Swampert|Swampert, L50, M|100/100
|turn|5
|inactive|RedAllay has 30 seconds left.
|
|t:|1783848207
|detailschange|p2b: Swampert|Swampert-Mega, L50, M
|-mega|p2b: Swampert|Swampert|Swampertite
|move|p1a: Floette|Protect|p1a: Floette
|-singleturn|p1a: Floette|Protect
|move|p1b: Sinistcha|Protect|p1b: Sinistcha
|-singleturn|p1b: Sinistcha|Protect
|move|p2b: Swampert|Wave Crash|p1a: Floette
|-activate|p1a: Floette|move: Protect
|move|p2a: Pelipper|Hurricane|p1b: Sinistcha
|-activate|p1b: Sinistcha|move: Protect
|
|-weather|RainDance|[upkeep]
|-heal|p1b: Sinistcha|100/100|[from] item: Leftovers
|-damage|p2a: Pelipper|68/100 brn|[from] brn
|upkeep
|turn|6
|inactive|RedAllay has 30 seconds left.
|inactive|RedAllay has 20 seconds left.
|inactive|NoitUK_VGC has 30 seconds left.
|
|t:|1783848247
|move|p2b: Swampert|Wave Crash|p1a: Floette
|-damage|p1a: Floette|0 fnt
|faint|p1a: Floette
|-damage|p2b: Swampert|66/100|[from] Recoil
|move|p2a: Pelipper|Hurricane|p1b: Sinistcha
|-supereffective|p1b: Sinistcha|1
|-damage|p1b: Sinistcha|15/100
|move|p1b: Sinistcha|Matcha Gotcha|p2b: Swampert|[spread] p2a
|-miss|p1b: Sinistcha|p2b: Swampert
|-damage|p2a: Pelipper|33/100 brn
|-heal|p1b: Sinistcha|32/100|[from] drain|[of] p2a: Pelipper
|
|-weather|RainDance|[upkeep]
|-heal|p1b: Sinistcha|38/100|[from] item: Leftovers
|-damage|p2a: Pelipper|27/100 brn|[from] brn
|upkeep
|
|t:|1783848268
|switch|p1a: Sneasler|Sneasler, L50, M|100/100
|turn|7
|
|t:|1783848283
|move|p1a: Sneasler|Fake Out|p2a: Pelipper
|-damage|p2a: Pelipper|11/100 brn
|move|p2b: Swampert|Ice Punch|p1b: Sinistcha
|-supereffective|p1b: Sinistcha|1
|-damage|p1b: Sinistcha|0 fnt
|faint|p1b: Sinistcha
|cant|p2a: Pelipper|flinch
|
|-weather|RainDance|[upkeep]
|-damage|p2a: Pelipper|5/100 brn|[from] brn
|-sideend|p2: NoitUK_VGC|move: Tailwind
|upkeep
|
|t:|1783848288
|switch|p1b: Garchomp|Garchomp, L50, M|100/100
|turn|8
|
|t:|1783848312
|move|p2b: Swampert|Earthquake|p1a: Sneasler|[spread] p1a,p1b
|-immune|p2a: Pelipper
|-supereffective|p1a: Sneasler|1
|-damage|p1a: Sneasler|0 fnt
|-damage|p1b: Garchomp|54/100
|faint|p1a: Sneasler
|move|p1b: Garchomp|Dragon Claw|p2b: Swampert
|-damage|p2b: Swampert|5/100
|-damage|p1b: Garchomp|44/100|[from] item: Life Orb
|move|p2a: Pelipper|Tailwind|p2a: Pelipper
|-sidestart|p2: NoitUK_VGC|move: Tailwind
|
|-weather|none
|-damage|p2a: Pelipper|0 fnt|[from] brn
|faint|p2a: Pelipper
|upkeep
|turn|9
|
|t:|1783848330
|move|p1b: Garchomp|Protect|p1b: Garchomp
|-singleturn|p1b: Garchomp|Protect
|move|p2b: Swampert|Ice Punch|p1b: Garchomp
|-activate|p1b: Garchomp|move: Protect
|
|upkeep
|turn|10
|
|t:|1783848336
|move|p1b: Garchomp|Protect||[still]
|-fail|p1b: Garchomp
|move|p2b: Swampert|Ice Punch|p1b: Garchomp
|-supereffective|p1b: Garchomp|2
|-damage|p1b: Garchomp|0 fnt
|-damage|p2b: Swampert|0 fnt|[from] ability: Rough Skin|[of] p1b: Garchomp
|faint|p1b: Garchomp
|faint|p2b: Swampert
|
|win|NoitUK_VGC
||RedAllay is ready for game 3.
|inactive|NoitUK_VGC has 30 seconds to confirm battle start!
||NoitUK_VGC is ready for game 3.
|uhtml|next|Next: Game 3 of 3
|l|☆RedAllay
|player|p1|
