|j|☆alexchdo
|j|‽Blackfish 2478
|html|alexchdoBlackfish 2478    
|uhtml|bestof|Game 1 of a best-of-3
|t:|1757646953
|gametype|doubles
|player|p1|alexchdo|benga|1055
|player|p2|Blackfish 2478|ghetsis-gen5bw|1074
|gen|9
|tier|[Gen 9] VGC 2025 Reg H (Bo3)
|rated|
|rule|Species Clause: Limit one of each Pokémon
|rule|Item Clause: Limit 1 of each item
|clearpoke
|poke|p1|Archaludon, L50, M|
|poke|p1|Pelipper, L50, F|
|poke|p1|Basculegion, L50, M|
|poke|p1|Indeedee, L50, M|
|poke|p1|Sneasler, L50, F|
|poke|p1|Ursaluna-Bloodmoon, L50, M|
|poke|p2|Incineroar, L50, M|
|poke|p2|Amoonguss, L50, F|
|poke|p2|Gholdengo, L50|
|poke|p2|Quaquaval, L50, M|
|poke|p2|Dragonite, L50, F|
|poke|p2|Maushold-Four, L50|
|teampreview|4
|showteam|p1|Archaludon||AssaultVest|Stamina|ElectroShot,Snarl,DracoMeteor,BodyPress|||M|||50|,,,,,Bug]Pelipper||FocusSash|Drizzle|MuddyWater,Tailwind,Hurricane,Protect|||F|||50|,,,,,Grass]Basculegion||ChoiceScarf|Adaptability|FlipTurn,Liquidation,LastRespects,Facade|||M|||50|,,,,,Normal]Indeedee||ChoiceSpecs|PsychicSurge|ExpandingForce,ShadowBall,TeraBlast,DazzlingGleam|||M|||50|,,,,,Fighting]Sneasler||PsychicSeed|Unburden|DireClaw,Protect,CloseCombat,ThroatChop|||F|||50|,,,,,Dark]Ursaluna-Bloodmoon||Leftovers|MindsEye|Protect,BloodMoon,EarthPower,HyperVoice|||M|||50|,,,,,Normal
|showteam|p2|Incineroar||SafetyGoggles|Intimidate|FlareBlitz,KnockOff,PartingShot,FakeOut|||M|||50|,,,,,Ghost]Amoonguss||SitrusBerry|Regenerator|PollenPuff,RagePowder,Spore,SludgeBomb|||F|||50|,,,,,Ghost]Gholdengo||LifeOrb|GoodasGold|MakeItRain,ShadowBall,PowerGem,NastyPlot||||||50|,,,,,Dragon]Quaquaval||ChoiceBand|Moxie|AquaStep,CloseCombat,BraveBird,Uturn|||M|||50|,,,,,Water]Dragonite||LoadedDice|InnerFocus|ScaleShot,ExtremeSpeed,AerialAce,DragonDance|||F|||50|,,,,,Fairy]Maushold-Four||WideLens|FriendGuard|PopulationBomb,FollowMe,SuperFang,Protect||||||50|,,,,,Normal
|inactive|Battle timer is ON: inactive players will automatically lose when time's up. (requested by Blackfish 2478)
|inactive|alexchdo has 60 seconds left.
|
|t:|1757646993
|teamsize|p1|4
|teamsize|p2|4
|start
|switch|p1a: Sneasler|Sneasler, L50, F|100/100
|switch|p1b: Indeedee|Indeedee, L50, M|100/100
|switch|p2a: Maushold|Maushold-Four, L50|100/100
|switch|p2b: Incineroar|Incineroar, L50, M|100/100
|-fieldstart|move: Psychic Terrain|[from] ability: Psychic Surge|[of] p1b: Indeedee
|-enditem|p1a: Sneasler|Psychic Seed
|-boost|p1a: Sneasler|spd|1|[from] item: Psychic Seed
|-ability|p2b: Incineroar|Intimidate|boost
|-unboost|p1a: Sneasler|atk|1
|-unboost|p1b: Indeedee|atk|1
|turn|1
|inactive|Blackfish 2478 has 30 seconds left.
|
|t:|1757647022
|switch|p1b: Archaludon|Archaludon, L50, M|100/100
|move|p2a: Maushold|Follow Me|p2a: Maushold
|-singleturn|p2a: Maushold|move: Follow Me
|move|p1a: Sneasler|Dire Claw|p2a: Maushold
|-damage|p2a: Maushold|59/100
|move|p2b: Incineroar|Flare Blitz|p1a: Sneasler
|-damage|p1a: Sneasler|13/100
|-damage|p2b: Incineroar|76/100|[from] Recoil
|
|upkeep
|turn|2
|
|t:|1757647046
|move|p1a: Sneasler|Dire Claw|p2a: Maushold
|-damage|p2a: Maushold|18/100
|-status|p2a: Maushold|psn
|move|p2a: Maushold|Population Bomb|p1a: Sneasler
|-damage|p1a: Sneasler|2/100
|-damage|p1a: Sneasler|0 fnt
|faint|p1a: Sneasler
|-hitcount|p1: Sneasler|2
|move|p1b: Archaludon|Body Press|p2b: Incineroar
|-supereffective|p2b: Incineroar
|-damage|p2b: Incineroar|48/100
|move|p2b: Incineroar|Knock Off|p1b: Archaludon
|-damage|p1b: Archaludon|73/100
|-ability|p1b: Archaludon|Stamina|boost
|-boost|p1b: Archaludon|def|1
|-enditem|p1b: Archaludon|Assault Vest|[from] move: Knock Off|[of] p2b: Incineroar
|
|-damage|p2a: Maushold|5/100 psn|[from] psn
|upkeep
|
|t:|1757647064
|switch|p1a: Basculegion|Basculegion, L50, M|100/100
|turn|3
|
|t:|1757647075
|move|p1a: Basculegion|Liquidation|p2b: Incineroar
|-supereffective|p2b: Incineroar
|-damage|p2b: Incineroar|0 fnt
|faint|p2b: Incineroar
|move|p2a: Maushold|Super Fang|p1b: Archaludon
|-damage|p1b: Archaludon|37/100
|-ability|p1b: Archaludon|Stamina|boost
|-boost|p1b: Archaludon|def|1
|move|p1b: Archaludon|Body Press|p2a: Maushold
|-supereffective|p2a: Maushold
|-damage|p2a: Maushold|0 fnt
|faint|p2a: Maushold
|
|upkeep
|
|t:|1757647084
|switch|p2a: Gholdengo|Gholdengo, L50|100/100
|switch|p2b: Quaquaval|Quaquaval, L50, M|100/100
|turn|4
|inactive|Blackfish 2478 has 30 seconds left.
|
|t:|1757647115
|-terastallize|p2a: Gholdengo|Dragon
|-terastallize|p1b: Archaludon|Bug
|move|p1a: Basculegion|Liquidation|p2b: Quaquaval
|-resisted|p2b: Quaquaval
|-damage|p2b: Quaquaval|61/100
|move|p2b: Quaquaval|Aqua Step|p1a: Basculegion
|-resisted|p1a: Basculegion
|-damage|p1a: Basculegion|62/100
|-boost|p2b: Quaquaval|spe|1
|move|p2a: Gholdengo|Shadow Ball|p1b: Archaludon
|-damage|p1b: Archaludon|0 fnt
|faint|p1b: Archaludon
|-damage|p2a: Gholdengo|91/100|[from] item: Life Orb
|
|upkeep
|
|t:|1757647129
|switch|p1b: Indeedee|Indeedee, L50, M|100/100
|turn|5
|
|t:|1757647138
|move|p2b: Quaquaval|Aqua Step|p1a: Basculegion
|-resisted|p1a: Basculegion
|-damage|p1a: Basculegion|23/100
|-boost|p2b: Quaquaval|spe|1
|move|p1a: Basculegion|Liquidation|p2a: Gholdengo
|-resisted|p2a: Gholdengo
|-damage|p2a: Gholdengo|57/100
|move|p1b: Indeedee|Expanding Force|p2a: Gholdengo|[spread] p2a,p2b
|-supereffective|p2b: Quaquaval
|-damage|p2a: Gholdengo|0 fnt
|-damage|p2b: Quaquaval|0 fnt
|faint|p2a: Gholdengo
|faint|p2b: Quaquaval
|
|win|alexchdo
|inactive|alexchdo has 30 seconds to confirm battle start!
|inactive|Blackfish 2478 has 30 seconds to confirm battle start!
||alexchdo is ready for game 2.
|l|‽Blackfish 2478
|player|p2|
|raw|alexchdo's rating: 1055 → 1088(+33 for winning)
|raw|Blackfish 2478's rating: 1074 → 1052(-22 for losing)
|l|☆alexchdo
|player|p1|
