|j|☆dericos
|j|☆pablittoo
|html|dericospablittoo    
|uhtml|bestof|Game 1 of a best-of-3
|t:|1782314162
|gametype|doubles
|player|p1|dericos|266|1167
|player|p2|pablittoo|101|1272
|gen|9
|tier|[Gen 9 Champions] VGC 2026 Reg M-B (Bo3)
|rated|
|rule|Species Clause: Limit one of each Pokémon
|rule|Item Clause: Limit 1 of each item
|clearpoke
|poke|p1|Swampert, L50, F|
|poke|p1|Pelipper, L50, F|
|poke|p1|Archaludon, L50, F|
|poke|p1|Sinistcha, L50|
|poke|p1|Maushold-Four, L50|
|poke|p1|Gholdengo, L50|
|poke|p2|Incineroar, L50, F|
|poke|p2|Sinistcha, L50|
|poke|p2|Floette-Eternal, L50, F|
|poke|p2|Whimsicott, L50, F|
|poke|p2|Basculegion, L50, M|
|poke|p2|Delphox, L50, F|
|teampreview|4
|showteam|p1|Swampert||Swampertite|Torrent|WaveCrash,HighHorsepower,IcePunch,Protect|Adamant||F|||50|]Pelipper||SitrusBerry|Drizzle|WeatherBall,Hurricane,Tailwind,WideGuard|Modest||F|||50|]Archaludon||Leftovers|Stamina|ElectroShot,DragonPulse,FlashCannon,Protect|Calm||F|||50|]Sinistcha||KasibBerry|Hospitality|RagePowder,MatchaGotcha,TrickRoom,Protect|Bold|||||50|]Maushold-Four||FocusSash|FriendGuard|FollowMe,SuperFang,RainDance,Protect|Timid|||||50|]Gholdengo||LifeOrb|GoodasGold|MakeItRain,ShadowBall,NastyPlot,Protect|Modest|||||50|
|showteam|p2|Incineroar||PasshoBerry|Intimidate|Protect,FlareBlitz,FakeOut,PartingShot|Relaxed||F|||50|]Sinistcha||SitrusBerry|Hospitality|StrengthSap,RagePowder,MatchaGotcha,Protect|Bold|||||50|]Floette-Eternal||Floettite|FlowerVeil|Protect,CalmMind,Moonblast,DazzlingGleam|Modest||F|||50|]Whimsicott||FocusSash|Prankster|Tailwind,Protect,Moonblast,SunnyDay|Timid||F|||50|]Basculegion||ChoiceScarf|Adaptability|WaveCrash,LastRespects,AquaJet,FlipTurn|Jolly||M|||50|]Delphox||Delphoxite|Blaze|NastyPlot,Psyshock,HeatWave,Protect|Timid||F|||50|
|inactive|Battle timer is ON: inactive players will automatically lose when time's up. (requested by pablittoo)
|
|t:|1782314197
|teamsize|p1|4
|teamsize|p2|4
|start
|switch|p1a: Gholdengo|Gholdengo, L50|100/100
|switch|p1b: Pelipper|Pelipper, L50, F|100/100
|switch|p2a: Basculegion|Basculegion, L50, M|100/100
|switch|p2b: Delphox|Delphox, L50, F|100/100
|-weather|RainDance|[from] ability: Drizzle|[of] p1b: Pelipper
|turn|1
|inactive|pablittoo has 30 seconds left.
|
|t:|1782314226
|detailschange|p2b: Delphox|Delphox-Mega, L50, F
|-mega|p2b: Delphox|Delphox|Delphoxite
|move|p1a: Gholdengo|Protect|p1a: Gholdengo
|-singleturn|p1a: Gholdengo|Protect
|move|p2a: Basculegion|Wave Crash|p1b: Pelipper
|-resisted|p1b: Pelipper|1
|-damage|p1b: Pelipper|41/100
|-enditem|p1b: Pelipper|Sitrus Berry|[eat]
|-heal|p1b: Pelipper|66/100|[from] item: Sitrus Berry
|-damage|p2a: Basculegion|83/100|[from] Recoil
|move|p2b: Delphox|Psyshock|p1b: Pelipper
|-damage|p1b: Pelipper|19/100
|move|p1b: Pelipper|Tailwind|p1b: Pelipper
|-sidestart|p1: dericos|move: Tailwind
|
|-weather|RainDance|[upkeep]
|upkeep
|turn|2
|inactive|dericos has 30 seconds left.
|
|t:|1782314252
|switch|p2b: Sinistcha|Sinistcha, L50|100/100
|-heal|p2a: Basculegion|100/100|[from] ability: Hospitality|[of] p2b: Sinistcha
|move|p1a: Gholdengo|Shadow Ball|p2a: Basculegion
|-supereffective|p2a: Basculegion|1
|-damage|p2a: Basculegion|0 fnt
|faint|p2a: Basculegion
|-damage|p1a: Gholdengo|90/100|[from] item: Life Orb
|move|p1b: Pelipper|Weather Ball|p2b: Sinistcha
|-resisted|p2b: Sinistcha|1
|-damage|p2b: Sinistcha|69/100
|
|-weather|RainDance|[upkeep]
|upkeep
|
|t:|1782314268
|switch|p2a: Whimsicott|Whimsicott, L50, F|100/100
|turn|3
|
|t:|1782314276
|move|p2a: Whimsicott|Tailwind|p2a: Whimsicott
|-sidestart|p2: pablittoo|move: Tailwind
|move|p1a: Gholdengo|Shadow Ball|p2b: Sinistcha
|-supereffective|p2b: Sinistcha|1
|-damage|p2b: Sinistcha|0 fnt
|faint|p2b: Sinistcha
|-damage|p1a: Gholdengo|81/100|[from] item: Life Orb
|move|p1b: Pelipper|Hurricane|p2a: Whimsicott
|-supereffective|p2a: Whimsicott|1
|-enditem|p2a: Whimsicott|Focus Sash
|-damage|p2a: Whimsicott|1/100
|-start|p2a: Whimsicott|confusion
|
|-weather|RainDance|[upkeep]
|upkeep
|
|t:|1782314281
|switch|p2b: Delphox|Delphox-Mega, L50, F|100/100
|turn|4
|
|t:|1782314298
|move|p2b: Delphox|Protect|p2b: Delphox
|-singleturn|p2b: Delphox|Protect
|move|p1b: Pelipper|Wide Guard|p1b: Pelipper
|-singleturn|p1b: Pelipper|Wide Guard
|-activate|p2a: Whimsicott|confusion
|move|p2a: Whimsicott|Moonblast|p1b: Pelipper
|-damage|p1b: Pelipper|0 fnt
|faint|p1b: Pelipper
|move|p1a: Gholdengo|Shadow Ball|p2a: Whimsicott
|-damage|p2a: Whimsicott|0 fnt
|faint|p2a: Whimsicott
|-damage|p1a: Gholdengo|71/100|[from] item: Life Orb
|
|-weather|RainDance|[upkeep]
|-sideend|p1: dericos|move: Tailwind
|upkeep
|
|t:|1782314305
|switch|p1b: Swampert|Swampert, L50, F|100/100
|turn|5
|
|t:|1782314309
|detailschange|p1b: Swampert|Swampert-Mega, L50, F
|-mega|p1b: Swampert|Swampert|Swampertite
|move|p2b: Delphox|Heat Wave|p1a: Gholdengo|[spread] p1a,p1b
|-supereffective|p1a: Gholdengo|1
|-resisted|p1b: Swampert|1
|-damage|p1a: Gholdengo|27/100
|-damage|p1b: Swampert|91/100
|move|p1b: Swampert|Wave Crash|p2b: Delphox
|-supereffective|p2b: Delphox|1
|-damage|p2b: Delphox|0 fnt
|faint|p2b: Delphox
|-damage|p1b: Swampert|61/100|[from] Recoil
|
|win|dericos
