|j|☆NoCalcsJustVibes
|j|☆SlaymonSays
|html|NoCalcsJustVibesSlaymonSays    
|uhtml|bestof|Game 1 of a best-of-3
|t:|1757744312
|gametype|doubles
|player|p1|NoCalcsJustVibes|gambler|1293
|player|p2|SlaymonSays|1|1371
|gen|9
|tier|[Gen 9] VGC 2025 Reg H (Bo3)
|rated|
|rule|Species Clause: Limit one of each Pokémon
|rule|Item Clause: Limit 1 of each item
|clearpoke
|poke|p1|Sneasler, L50, F|
|poke|p1|Rillaboom, L50, F|
|poke|p1|Kingambit, L50, F|
|poke|p1|Ceruledge, L50, M|
|poke|p1|Dragonite, L50, M|
|poke|p1|Gastrodon-East, L50, M|
|poke|p2|Ursaluna-Bloodmoon, L50, M|
|poke|p2|Dragonite, L50, M|
|poke|p2|Gholdengo, L50|
|poke|p2|Rillaboom, L50, M|
|poke|p2|Incineroar, L50, F|
|poke|p2|Ninetales-Alola, L50, F|
|teampreview|4
|showteam|p1|Sneasler||FocusSash|Unburden|CloseCombat,DireClaw,Coaching,Protect|||F|||50|,,,,,Stellar]Rillaboom||AssaultVest|GrassySurge|WoodHammer,GrassyGlide,FakeOut,HighHorsepower|||F|||50|,,,,,Fire]Kingambit||SafetyGoggles|Defiant|KowtowCleave,SuckerPunch,SwordsDance,Protect|||F|||50|,,,,,Dark]Ceruledge||Leftovers|FlashFire|BitterBlade,ShadowSneak,BulkUp,Protect|||M|||50|,,,,,Grass]Dragonite||LoadedDice|Multiscale|ScaleShot,ExtremeSpeed,Haze,Protect|||M|||50|,,,,,Fairy]Gastrodon-East||SitrusBerry|StormDrain|EarthPower,IceBeam,Yawn,Protect|||M|||50|,,,,,Poison
|showteam|p2|Ursaluna-Bloodmoon||LifeOrb|MindsEye|BloodMoon,HyperVoice,EarthPower,Protect|||M|||50|,,,,,Normal]Dragonite||LoadedDice|InnerFocus|ScaleShot,Haze,Tailwind,Protect|||M|||50|,,,,,Fairy]Gholdengo||Leftovers|GoodasGold|MakeItRain,ShadowBall,NastyPlot,Protect||||||50|,,,,,Water]Rillaboom||AssaultVest|GrassySurge|FakeOut,GrassyGlide,WoodHammer,HighHorsepower|||M|||50|,,,,,Fire]Incineroar||SafetyGoggles|Intimidate|FakeOut,FlareBlitz,KnockOff,PartingShot|||F|||50|,,,,,Ghost]Ninetales-Alola||CovertCloak|SnowWarning|Blizzard,IcyWind,AuroraVeil,Encore|||F|||50|,,,,,Fire
|inactive|Battle timer is ON: inactive players will automatically lose when time's up. (requested by NoCalcsJustVibes)
|inactive|NoCalcsJustVibes has 60 seconds left.
|inactive|SlaymonSays has 60 seconds left.
|
|t:|1757744362
|teamsize|p1|4
|teamsize|p2|4
|start
|switch|p1a: Sneasler|Sneasler, L50, F|100/100
|switch|p1b: Kingambit|Kingambit, L50, F|100/100
|switch|p2a: Dragonite|Dragonite, L50, M|100/100
|switch|p2b: Ninetales|Ninetales-Alola, L50, F|100/100
|-weather|Snowscape|[from] ability: Snow Warning|[of] p2b: Ninetales
|turn|1
|inactive|NoCalcsJustVibes has 30 seconds left.
|
|t:|1757744393
|move|p1a: Sneasler|Dire Claw|p2b: Ninetales
|-supereffective|p2b: Ninetales
|-damage|p2b: Ninetales|16/100
|move|p2b: Ninetales|Aurora Veil|p2b: Ninetales
|-sidestart|p2: SlaymonSays|move: Aurora Veil
|move|p2a: Dragonite|Scale Shot|p1a: Sneasler
|-damage|p1a: Sneasler|75/100
|-damage|p1a: Sneasler|50/100
|-damage|p1a: Sneasler|26/100
|-damage|p1a: Sneasler|3/100
|-damage|p1a: Sneasler|0 fnt
|faint|p1a: Sneasler
|-hitcount|p1: Sneasler|5
|-unboost|p2a: Dragonite|def|1
|-boost|p2a: Dragonite|spe|1
|move|p1b: Kingambit|Kowtow Cleave|p2a: Dragonite
|-damage|p2a: Dragonite|44/100
|
|-weather|Snowscape|[upkeep]
|upkeep
|
|t:|1757744414
|switch|p1a: Ceruledge|Ceruledge, L50, M|100/100
|turn|2
|
|t:|1757744433
|move|p1b: Kingambit|Sucker Punch|p2b: Ninetales
|-resisted|p2b: Ninetales
|-damage|p2b: Ninetales|1/100
|move|p2a: Dragonite|Tailwind|p2a: Dragonite
|-sidestart|p2: SlaymonSays|move: Tailwind
|move|p2b: Ninetales|Blizzard|p1a: Ceruledge|[spread] p1a,p1b
|-resisted|p1a: Ceruledge
|-resisted|p1b: Kingambit
|-damage|p1a: Ceruledge|86/100
|-damage|p1b: Kingambit|86/100
|move|p1a: Ceruledge|Bulk Up|p1a: Ceruledge
|-boost|p1a: Ceruledge|atk|1
|-boost|p1a: Ceruledge|def|1
|
|-weather|Snowscape|[upkeep]
|-heal|p1a: Ceruledge|92/100|[from] item: Leftovers
|upkeep
|turn|3
|
|t:|1757744448
|move|p1a: Ceruledge|Shadow Sneak|p2b: Ninetales
|-damage|p2b: Ninetales|0 fnt
|faint|p2b: Ninetales
|move|p1b: Kingambit|Sucker Punch||[still]
|-fail|p1b: Kingambit
|move|p2a: Dragonite|Haze|p2a: Dragonite
|-clearallboost
|
|-weather|Snowscape|[upkeep]
|-heal|p1a: Ceruledge|98/100|[from] item: Leftovers
|upkeep
|
|t:|1757744454
|switch|p2b: Ursaluna|Ursaluna-Bloodmoon, L50, M|100/100
|turn|4
|j| sam smithy
|l| sam smithy
|
|t:|1757744478
|move|p1a: Ceruledge|Protect|p1a: Ceruledge
|-singleturn|p1a: Ceruledge|Protect
|move|p1b: Kingambit|Protect|p1b: Kingambit
|-singleturn|p1b: Kingambit|Protect
|move|p2a: Dragonite|Scale Shot|p1a: Ceruledge
|-activate|p1a: Ceruledge|move: Protect
|move|p2b: Ursaluna|Blood Moon|p1b: Kingambit
|-activate|p1b: Kingambit|move: Protect
|
|-weather|Snowscape|[upkeep]
|-heal|p1a: Ceruledge|100/100|[from] item: Leftovers
|upkeep
|turn|5
|
|t:|1757744494
|move|p1a: Ceruledge|Shadow Sneak|p2a: Dragonite
|-damage|p2a: Dragonite|29/100
|move|p1b: Kingambit|Sucker Punch|p2a: Dragonite
|-damage|p2a: Dragonite|0 fnt
|faint|p2a: Dragonite
|move|p2b: Ursaluna|Earth Power|p1b: Kingambit
|-supereffective|p1b: Kingambit
|-damage|p1b: Kingambit|0 fnt
|faint|p1b: Kingambit
|-damage|p2b: Ursaluna|91/100|[from] item: Life Orb
|
|-weather|none
|-sideend|p2: SlaymonSays|move: Tailwind
|-sideend|p2: SlaymonSays|move: Aurora Veil
|upkeep
|
|t:|1757744503
|switch|p2a: Rillaboom|Rillaboom, L50, M|100/100
|switch|p1b: Dragonite|Dragonite, L50, M|100/100
|-fieldstart|move: Grassy Terrain|[from] ability: Grassy Surge|[of] p2a: Rillaboom
|turn|6
|
|t:|1757744520
|move|p1b: Dragonite|Protect|p1b: Dragonite
|-singleturn|p1b: Dragonite|Protect
|move|p1a: Ceruledge|Protect|p1a: Ceruledge
|-singleturn|p1a: Ceruledge|Protect
|move|p2a: Rillaboom|Fake Out|p1b: Dragonite
|-activate|p1b: Dragonite|move: Protect
|move|p2b: Ursaluna|Earth Power|p1a: Ceruledge
|-activate|p1a: Ceruledge|move: Protect
|
|-heal|p2b: Ursaluna|97/100|[from] Grassy Terrain
|upkeep
|turn|7
|
|t:|1757744533
|-terastallize|p2b: Ursaluna|Normal
|move|p2a: Rillaboom|Grassy Glide|p1b: Dragonite
|-resisted|p1b: Dragonite
|-crit|p1b: Dragonite
|-damage|p1b: Dragonite|93/100
|move|p1b: Dragonite|Scale Shot|p2b: Ursaluna
|-damage|p2b: Ursaluna|86/100
|-damage|p2b: Ursaluna|76/100
|-damage|p2b: Ursaluna|65/100
|-damage|p2b: Ursaluna|55/100
|-damage|p2b: Ursaluna|45/100
|-hitcount|p2b: Ursaluna|5
|-unboost|p1b: Dragonite|def|1
|-boost|p1b: Dragonite|spe|1
|move|p1a: Ceruledge|Bitter Blade|p2b: Ursaluna
|-damage|p2b: Ursaluna|16/100
|move|p2b: Ursaluna|Blood Moon|p1b: Dragonite
|-damage|p1b: Dragonite|0 fnt
|faint|p1b: Dragonite
|-damage|p2b: Ursaluna|6/100|[from] item: Life Orb
|
|-heal|p2b: Ursaluna|12/100|[from] Grassy Terrain
|upkeep
|turn|8
|
|t:|1757744558
|-terastallize|p1a: Ceruledge|Grass
|move|p2a: Rillaboom|High Horsepower|p1a: Ceruledge
|-resisted|p1a: Ceruledge
|-damage|p1a: Ceruledge|82/100
|move|p1a: Ceruledge|Bitter Blade|p2b: Ursaluna
|-damage|p2b: Ursaluna|0 fnt
|-heal|p1a: Ceruledge|89/100|[from] drain|[of] p2b: Ursaluna
|faint|p2b: Ursaluna
|
|-heal|p1a: Ceruledge|95/100|[from] Grassy Terrain
|-heal|p1a: Ceruledge|100/100|[from] item: Leftovers
|upkeep
|turn|9
|
|t:|1757744565
|move|p2a: Rillaboom|Wood Hammer|p1a: Ceruledge
|-resisted|p1a: Ceruledge
|-damage|p1a: Ceruledge|48/100
|-damage|p2a: Rillaboom|84/100|[from] Recoil
|move|p1a: Ceruledge|Bitter Blade|p2a: Rillaboom
|-supereffective|p2a: Rillaboom
|-damage|p2a: Rillaboom|0 fnt
|-heal|p1a: Ceruledge|92/100|[from] drain|[of] p2a: Rillaboom
|faint|p2a: Rillaboom
|
|win|NoCalcsJustVibes
||SlaymonSays is ready for game 2.
|inactive|NoCalcsJustVibes has 30 seconds to confirm battle start!
||NoCalcsJustVibes is ready for game 2.
|uhtml|next|Next: Game 2 of 3
|l|☆NoCalcsJustVibes
|player|p1|
