|j|☆magnetman210
|j|☆MinasDevilCrobats
|html|magnetman210MinasDevilCrobats    
|uhtml|bestof|Game 3 of a best-of-3
|t:|1757135027
|gametype|doubles
|player|p1|magnetman210|colress|1119
|player|p2|MinasDevilCrobats|darach-caitlin|1084
|gen|9
|tier|[Gen 9] VGC 2025 Reg H (Bo3)
|rated|
|rule|Species Clause: Limit one of each Pokémon
|rule|Item Clause: Limit 1 of each item
|clearpoke
|poke|p1|Archaludon, L50, M|
|poke|p1|Pelipper, L50, F|
|poke|p1|Gholdengo, L50|
|poke|p1|Basculegion, L50, M|
|poke|p1|Sneasler, L50, F|
|poke|p1|Maushold-Four, L50|
|poke|p2|Indeedee, L50, M|
|poke|p2|Sneasler, L50, F|
|poke|p2|Dondozo, L50, M|
|poke|p2|Tatsugiri, L50, M|
|poke|p2|Talonflame, L50, F|
|poke|p2|Glimmora, L50, M|
|teampreview|4
|showteam|p1|Archaludon||AssaultVest|Stamina|ElectroShot,DracoMeteor,FlashCannon,BodyPress|||M|||50|,,,,,Bug]Pelipper||FocusSash|Drizzle|Hurricane,WeatherBall,Protect,Tailwind|||F|||50|,,,,,Grass]Gholdengo||LifeOrb|GoodasGold|MakeItRain,ShadowBall,Protect,NastyPlot||||||50|,,,,,Dragon]Basculegion||ChoiceBand|SwiftSwim|WaveCrash,AquaJet,LastRespects,FlipTurn|||M|||50|,,,,,Water]Sneasler||WhiteHerb|Unburden|DireClaw,CloseCombat,ThroatChop,FakeOut|||F|||50|,,,,,Stellar]Maushold-Four||SafetyGoggles|FriendGuard|Taunt,BeatUp,FollowMe,Protect||||||50|,,,,,Ghost
|showteam|p2|Indeedee||ChoiceScarf|PsychicSurge|ExpandingForce,DazzlingGleam,Trick,Protect|||M|||50|,,,,,Fairy]Sneasler||PsychicSeed|Unburden|CloseCombat,DireClaw,ThroatChop,Protect|||F|||50|,,,,,Dark]Dondozo||Leftovers|Unaware|WaveCrash,OrderUp,Earthquake,Protect|||M|||50|,,,,,Grass]Tatsugiri||FocusSash|Commander|MuddyWater,DracoMeteor,DragonPulse,Protect|||M|||50|,,,,,Steel]Talonflame||CovertCloak|GaleWings|FlareBlitz,BraveBird,Tailwind,WillOWisp|||F|||50|,,,,,Grass]Glimmora||PowerHerb|ToxicDebris|MeteorBeam,SludgeBomb,EarthPower,SpikyShield|||M|||50|,,,,,Grass
|
|t:|1757135059
|teamsize|p1|4
|teamsize|p2|4
|start
|switch|p1a: Gholdengo|Gholdengo, L50|100/100
|switch|p1b: Maushold|Maushold-Four, L50|100/100
|switch|p2a: Talonflame|Talonflame, L50, F|100/100
|switch|p2b: Glimmora|Glimmora, L50, M|100/100
|turn|1
|
|t:|1757135091
|move|p1b: Maushold|Protect|p1b: Maushold
|-singleturn|p1b: Maushold|Protect
|move|p2a: Talonflame|Tailwind|p2a: Talonflame
|-sidestart|p2: MinasDevilCrobats|move: Tailwind
|move|p2b: Glimmora|Earth Power|p1a: Gholdengo
|-supereffective|p1a: Gholdengo
|-damage|p1a: Gholdengo|47/100
|move|p1a: Gholdengo|Nasty Plot|p1a: Gholdengo
|-boost|p1a: Gholdengo|spa|2
|
|upkeep
|turn|2
|
|t:|1757135125
|move|p2b: Glimmora|Spiky Shield|p2b: Glimmora
|-singleturn|p2b: Glimmora|move: Protect
|move|p1b: Maushold|Follow Me|p1b: Maushold
|-singleturn|p1b: Maushold|move: Follow Me
|move|p2a: Talonflame|Flare Blitz|p1b: Maushold
|-damage|p1b: Maushold|49/100
|-damage|p2a: Talonflame|80/100|[from] Recoil
|move|p1a: Gholdengo|Make It Rain|p2a: Talonflame|[spread] p2a
|-activate|p2b: Glimmora|move: Protect
|-resisted|p2a: Talonflame
|-damage|p2a: Talonflame|0 fnt
|-unboost|p1a: Gholdengo|spa|1
|faint|p2a: Talonflame
|-damage|p1a: Gholdengo|37/100|[from] item: Life Orb
|
|upkeep
|
|t:|1757135137
|switch|p2a: Dondozo|Dondozo, L50, M|100/100
|turn|3
|
|t:|1757135155
|switch|p2b: Tatsugiri|Tatsugiri, L50, M|100/100
|-activate|p2b: Tatsugiri|ability: Commander|[of] p2a: Dondozo
|-boost|p2a: Dondozo|atk|2
|-boost|p2a: Dondozo|spa|2
|-boost|p2a: Dondozo|spe|2
|-boost|p2a: Dondozo|def|2
|-boost|p2a: Dondozo|spd|2
|move|p1b: Maushold|Protect|p1b: Maushold
|-singleturn|p1b: Maushold|Protect
|move|p1a: Gholdengo|Protect|p1a: Gholdengo
|-singleturn|p1a: Gholdengo|Protect
|move|p2a: Dondozo|Earthquake|p1b: Maushold|[spread] 
|-miss|p2a: Dondozo|p2b: Tatsugiri
|-activate|p1a: Gholdengo|move: Protect
|-activate|p1b: Maushold|move: Protect
|
|upkeep
|turn|4
|
|t:|1757135167
|-terastallize|p1a: Gholdengo|Dragon
|move|p2a: Dondozo|Earthquake|p1b: Maushold|[spread] p1a,p1b
|-miss|p2a: Dondozo|p2b: Tatsugiri
|-damage|p1a: Gholdengo|5/100
|-damage|p1b: Maushold|0 fnt
|faint|p1b: Maushold
|move|p1a: Gholdengo|Shadow Ball|p2a: Dondozo
|-damage|p2a: Dondozo|70/100
|-damage|p1a: Gholdengo|0 fnt|[from] item: Life Orb
|faint|p1a: Gholdengo
|
|-heal|p2a: Dondozo|77/100|[from] item: Leftovers
|-sideend|p2: MinasDevilCrobats|move: Tailwind
|upkeep
|
|t:|1757135176
|switch|p1b: Archaludon|Archaludon, L50, M|100/100
|switch|p1a: Pelipper|Pelipper, L50, F|100/100
|-weather|RainDance|[from] ability: Drizzle|[of] p1a: Pelipper
|turn|5
|
|t:|1757135207
|move|p2a: Dondozo|Order Up|p1a: Pelipper
|-damage|p1a: Pelipper|42/100
|-boost|p2a: Dondozo|atk|1
|move|p1a: Pelipper|Tailwind|p1a: Pelipper
|-sidestart|p1: magnetman210|move: Tailwind
|move|p1b: Archaludon|Electro Shot||[still]
|-prepare|p1b: Archaludon|Electro Shot
|-boost|p1b: Archaludon|spa|1
|-anim|p1b: Archaludon|Electro Shot|p2a: Dondozo
|-supereffective|p2a: Dondozo
|-damage|p2a: Dondozo|35/100
|
|-weather|RainDance|[upkeep]
|-heal|p2a: Dondozo|41/100|[from] item: Leftovers
|upkeep
|turn|6
|
|t:|1757135214
|move|p2a: Dondozo|Protect|p2a: Dondozo
|-singleturn|p2a: Dondozo|Protect
|move|p1a: Pelipper|Hurricane|p2a: Dondozo
|-activate|p2a: Dondozo|move: Protect
|move|p1b: Archaludon|Electro Shot||[still]
|-prepare|p1b: Archaludon|Electro Shot
|-boost|p1b: Archaludon|spa|1
|-anim|p1b: Archaludon|Electro Shot|p2a: Dondozo
|-activate|p2a: Dondozo|move: Protect
|
|-weather|RainDance|[upkeep]
|-heal|p2a: Dondozo|47/100|[from] item: Leftovers
|upkeep
|turn|7
|
|t:|1757135220
|move|p1a: Pelipper|Hurricane|p2a: Dondozo
|-damage|p2a: Dondozo|18/100
|-start|p2a: Dondozo|confusion
|move|p1b: Archaludon|Electro Shot||[still]
|-prepare|p1b: Archaludon|Electro Shot
|-boost|p1b: Archaludon|spa|1
|-anim|p1b: Archaludon|Electro Shot|p2a: Dondozo
|-supereffective|p2a: Dondozo
|-damage|p2a: Dondozo|0 fnt
|faint|p2a: Dondozo
|
|-weather|RainDance|[upkeep]
|upkeep
|
|t:|1757135225
|switch|p2a: Glimmora|Glimmora, L50, M|100/100
|turn|8
|
|t:|1757135234
|move|p2a: Glimmora|Spiky Shield|p2a: Glimmora
|-singleturn|p2a: Glimmora|move: Protect
|move|p2b: Tatsugiri|Protect|p2b: Tatsugiri
|-singleturn|p2b: Tatsugiri|Protect
|move|p1a: Pelipper|Weather Ball|p2a: Glimmora
|-activate|p2a: Glimmora|move: Protect
|move|p1b: Archaludon|Flash Cannon|p2a: Glimmora
|-activate|p2a: Glimmora|move: Protect
|
|-weather|RainDance|[upkeep]
|-sideend|p1: magnetman210|move: Tailwind
|upkeep
|turn|9
|
|t:|1757135244
|move|p2a: Glimmora|Earth Power|p1b: Archaludon
|-supereffective|p1b: Archaludon
|-damage|p1b: Archaludon|57/100
|-unboost|p1b: Archaludon|spd|1
|-ability|p1b: Archaludon|Stamina|boost
|-boost|p1b: Archaludon|def|1
|move|p2b: Tatsugiri|Draco Meteor|p1b: Archaludon
|-damage|p1b: Archaludon|0 fnt
|-unboost|p2b: Tatsugiri|spa|2
|faint|p1b: Archaludon
|move|p1a: Pelipper|Weather Ball|p2a: Glimmora
|-supereffective|p2a: Glimmora
|-damage|p2a: Glimmora|0 fnt
|faint|p2a: Glimmora
|
|-weather|none
|upkeep
|turn|10
|
|t:|1757135255
|move|p2b: Tatsugiri|Dragon Pulse|p1a: Pelipper
|-damage|p1a: Pelipper|1/100
|move|p1a: Pelipper|Hurricane|p2b: Tatsugiri
|-damage|p2b: Tatsugiri|31/100
|
|upkeep
|turn|11
|
|t:|1757135261
|move|p2b: Tatsugiri|Dragon Pulse|p1a: Pelipper
|-damage|p1a: Pelipper|0 fnt
|faint|p1a: Pelipper
|
|win|MinasDevilCrobats
|raw|magnetman210's rating: 1119 → 1091(-28 for losing)
|raw|MinasDevilCrobats's rating: 1084 → 1114(+30 for winning)
|l|☆magnetman210
|player|p1|
