|j|☆ga sneasler
|j|☆glubglobs
|html|ga sneaslerglubglobs    
|uhtml|bestof|Game 1 of a best-of-3
|t:|1756238569
|gametype|doubles
|player|p1|ga sneasler|2|1064
|player|p2|glubglobs|101|1141
|gen|9
|tier|[Gen 9] VGC 2025 Reg H (Bo3)
|rated|
|rule|Species Clause: Limit one of each Pokémon
|rule|Item Clause: Limit 1 of each item
|clearpoke
|poke|p1|Hydreigon, L50, F|
|poke|p1|Ursaluna, L50, F|
|poke|p1|Incineroar, L50, F|
|poke|p1|Amoonguss, L50, F|
|poke|p1|Gholdengo, L50|
|poke|p1|Porygon2, L50|
|poke|p2|Primarina, L50, F|
|poke|p2|Sneasler, L50, F|
|poke|p2|Electabuzz, L50, F|
|poke|p2|Kingambit, L50, M|
|poke|p2|Dragapult, L50, F|
|poke|p2|Rillaboom, L50, M|
|teampreview|4
|showteam|p1|Hydreigon||SafetyGoggles|Levitate|DracoMeteor,Snarl,Tailwind,Protect|||F|||50|,,,,,Ghost]Ursaluna||FlameOrb|Guts|HeadlongRush,Earthquake,Facade,Protect|||F|||50|,,,,,Ghost]Incineroar||SitrusBerry|Intimidate|FlareBlitz,KnockOff,FakeOut,PartingShot|||F|||50|,,,,,Ghost]Amoonguss||CovertCloak|Regenerator|PollenPuff,Spore,RagePowder,Protect|||F|||50|,,,,,Fire]Gholdengo||MetalCoat|GoodasGold|MakeItRain,ShadowBall,NastyPlot,Protect||||||50|,,,,,Water]Porygon2||Eviolite|Download|TeraBlast,IceBeam,Recover,TrickRoom||||||50|,,,,,Fighting
|showteam|p2|Primarina||ThroatSpray|LiquidVoice|Protect,Haze,HyperVoice,Moonblast|||F|||50|,,,,,Poison]Sneasler||FocusSash|PoisonTouch|Protect,NightSlash,DireClaw,CloseCombat|||F|||50|,,,,,Stellar]Electabuzz||Eviolite|VitalSpirit|Protect,FollowMe,Taunt,Electroweb|||F|||50|,,,,,Fairy]Kingambit||BlackGlasses|Defiant|Protect,SwordsDance,SuckerPunch,KowtowCleave|||M|||50|,,,,,Dark]Dragapult||ChoiceBand|ClearBody|Uturn,DragonDarts,PhantomForce,Outrage|||F|||50|,,,,,Dragon]Rillaboom||AssaultVest|GrassySurge|FakeOut,Uturn,GrassyGlide,WoodHammer|||M|||50|,,,,,Fire
|inactive|Battle timer is ON: inactive players will automatically lose when time's up. (requested by ga sneasler)
|inactive|glubglobs also wants the timer to be on.
|inactive|ga sneasler has 60 seconds left.
|inactive|glubglobs has 60 seconds left.
|
|t:|1756238608
|teamsize|p1|4
|teamsize|p2|4
|start
|switch|p1a: Gholdengo|Gholdengo, L50|100/100
|switch|p1b: Amoonguss|Amoonguss, L50, F|100/100
|switch|p2a: Kingambit|Kingambit, L50, M|100/100
|switch|p2b: Sneasler|Sneasler, L50, F|100/100
|turn|1
|inactive|glubglobs has 30 seconds left.
|
|t:|1756238635
|move|p1a: Gholdengo|Protect|p1a: Gholdengo
|-singleturn|p1a: Gholdengo|Protect
|move|p2b: Sneasler|Dire Claw|p1b: Amoonguss
|-damage|p1b: Amoonguss|60/100
|move|p2a: Kingambit|Kowtow Cleave|p1b: Amoonguss
|-damage|p1b: Amoonguss|15/100
|move|p1b: Amoonguss|Spore|p2a: Kingambit
|-status|p2a: Kingambit|slp|[from] move: Spore
|
|upkeep
|turn|2
|
|t:|1756238652
|switch|p1b: Porygon2|Porygon2, L50|100/100
|-ability|p1b: Porygon2|Download|boost
|-boost|p1b: Porygon2|spa|1
|-terastallize|p2b: Sneasler|Stellar
|move|p2b: Sneasler|Night Slash|p1a: Gholdengo
|-supereffective|p1a: Gholdengo
|-damage|p1a: Gholdengo|37/100
|move|p1a: Gholdengo|Nasty Plot|p1a: Gholdengo
|-boost|p1a: Gholdengo|spa|2
|cant|p2a: Kingambit|slp
|
|upkeep
|turn|3
|
|t:|1756238674
|-terastallize|p1b: Porygon2|Fighting
|move|p1a: Gholdengo|Protect|p1a: Gholdengo
|-singleturn|p1a: Gholdengo|Protect
|cant|p2a: Kingambit|slp
|move|p2b: Sneasler|Close Combat|p1b: Porygon2
|-damage|p1b: Porygon2|49/100
|-unboost|p2b: Sneasler|def|1
|-unboost|p2b: Sneasler|spd|1
|move|p1b: Porygon2|Trick Room|p1b: Porygon2
|-fieldstart|move: Trick Room|[of] p1b: Porygon2
|
|upkeep
|turn|4
|inactive|glubglobs has 30 seconds left.
|inactive|ga sneasler has 30 seconds left.
|
|t:|1756238708
|switch|p1a: Amoonguss|Amoonguss, L50, F|48/100
|-curestatus|p2a: Kingambit|slp|[msg]
|move|p2a: Kingambit|Sucker Punch||[still]
|-fail|p2a: Kingambit
|move|p1b: Porygon2|Tera Blast|p2a: Kingambit|[anim] Tera Blast Fighting
|-supereffective|p2a: Kingambit
|-damage|p2a: Kingambit|0 fnt
|faint|p2a: Kingambit
|move|p2b: Sneasler|Dire Claw|p1b: Porygon2
|-damage|p1b: Porygon2|16/100
|
|upkeep
|
|t:|1756238721
|switch|p2a: Electabuzz|Electabuzz, L50, F|100/100
|turn|5
|
|t:|1756238729
|switch|p1a: Ursaluna|Ursaluna, L50, F|100/100
|move|p2a: Electabuzz|Follow Me|p2a: Electabuzz
|-singleturn|p2a: Electabuzz|move: Follow Me
|move|p1b: Porygon2|Recover|p1b: Porygon2
|-heal|p1b: Porygon2|66/100
|move|p2b: Sneasler|Dire Claw|p1a: Ursaluna
|-resisted|p1a: Ursaluna
|-damage|p1a: Ursaluna|82/100
|-status|p1a: Ursaluna|par
|
|upkeep
|turn|6
|
|t:|1756238742
|move|p2a: Electabuzz|Protect|p2a: Electabuzz
|-singleturn|p2a: Electabuzz|Protect
|move|p2b: Sneasler|Protect|p2b: Sneasler
|-singleturn|p2b: Sneasler|Protect
|move|p1a: Ursaluna|Earthquake|p2b: Sneasler|[spread] p1b
|-activate|p2a: Electabuzz|move: Protect
|-activate|p2b: Sneasler|move: Protect
|-damage|p1b: Porygon2|33/100
|move|p1b: Porygon2|Tera Blast|p2b: Sneasler|[anim] Tera Blast Fighting
|-activate|p2b: Sneasler|move: Protect
|
|upkeep
|turn|7
|
|t:|1756238764
|move|p2a: Electabuzz|Follow Me|p2a: Electabuzz
|-singleturn|p2a: Electabuzz|move: Follow Me
|move|p1a: Ursaluna|Headlong Rush|p2a: Electabuzz
|-supereffective|p2a: Electabuzz
|-damage|p2a: Electabuzz|0 fnt
|-unboost|p1a: Ursaluna|def|1
|-unboost|p1a: Ursaluna|spd|1
|faint|p2a: Electabuzz
|move|p1b: Porygon2|Recover|p1b: Porygon2
|-heal|p1b: Porygon2|83/100
|move|p2b: Sneasler|Close Combat|p1a: Ursaluna
|-supereffective|p1a: Ursaluna
|-damage|p1a: Ursaluna|0 fnt
|-unboost|p2b: Sneasler|def|1
|-unboost|p2b: Sneasler|spd|1
|faint|p1a: Ursaluna
|
|-fieldend|move: Trick Room
|upkeep
|
|t:|1756238779
|switch|p2a: Primarina|Primarina, L50, F|100/100
|switch|p1a: Amoonguss|Amoonguss, L50, F|81/100
|turn|8
|
|t:|1756238800
|move|p2b: Sneasler|Dire Claw|p1a: Amoonguss
|-damage|p1a: Amoonguss|41/100
|move|p1b: Porygon2|Ice Beam|p2b: Sneasler
|-damage|p2b: Sneasler|15/100
|move|p2a: Primarina|Haze|p2a: Primarina
|-clearallboost
|move|p1a: Amoonguss|Spore|p2b: Sneasler
|-status|p2b: Sneasler|slp|[from] move: Spore
|
|upkeep
|turn|9
|
|t:|1756238814
|cant|p2b: Sneasler|slp
|move|p1b: Porygon2|Ice Beam|p2b: Sneasler
|-crit|p2b: Sneasler
|-damage|p2b: Sneasler|0 fnt
|faint|p2b: Sneasler
|move|p2a: Primarina|Moonblast|p1b: Porygon2
|-supereffective|p1b: Porygon2
|-damage|p1b: Porygon2|27/100
|move|p1a: Amoonguss|Spore|p2a: Primarina
|-status|p2a: Primarina|slp|[from] move: Spore
|
|upkeep
|turn|10
|
|t:|1756238826
|switch|p1b: Gholdengo|Gholdengo, L50|37/100
|cant|p2a: Primarina|slp
|move|p1a: Amoonguss|Pollen Puff|p1b: Gholdengo
|-heal|p1b: Gholdengo|87/100
|
|upkeep
|turn|11
|
|t:|1756238834
|switch|p1a: Porygon2|Porygon2, L50, tera:Fighting|27/100
|-ability|p1a: Porygon2|Download|boost
|-boost|p1a: Porygon2|atk|1
|move|p1b: Gholdengo|Nasty Plot|p1b: Gholdengo
|-boost|p1b: Gholdengo|spa|2
|cant|p2a: Primarina|slp
|
|upkeep
|turn|12
|
|t:|1756238843
|switch|p1a: Amoonguss|Amoonguss, L50, F|74/100
|move|p1b: Gholdengo|Make It Rain|p2a: Primarina
|-damage|p2a: Primarina|0 fnt
|-unboost|p1b: Gholdengo|spa|1
|faint|p2a: Primarina
|
|win|ga sneasler
||ga sneasler is ready for game 2.
||glubglobs is ready for game 2.
|uhtml|next|Next: Game 2 of 3
