|j|☆evilmayheem
|j|☆laut1
|html|evilmayheemlaut1    
|uhtml|bestof|Game 1 of a best-of-3
|t:|1782263285
|gametype|doubles
|player|p1|evilmayheem|crasherwake|1219
|player|p2|laut1|supernerd|1148
|gen|9
|tier|[Gen 9 Champions] VGC 2026 Reg M-B (Bo3)
|rated|
|rule|Species Clause: Limit one of each Pokémon
|rule|Item Clause: Limit 1 of each item
|clearpoke
|poke|p1|Pyroar, L50, F|
|poke|p1|Sableye, L50, M|
|poke|p1|Farigiraf, L50, F|
|poke|p1|Kingambit, L50, M|
|poke|p1|Sylveon, L50, M|
|poke|p1|Scrafty, L50, F|
|poke|p2|Kingambit, L50, M, shiny|
|poke|p2|Garchomp, L50, F|
|poke|p2|Incineroar, L50, M|
|poke|p2|Sylveon, L50, M, shiny|
|poke|p2|Charizard, L50, F|
|poke|p2|Aerodactyl, L50, M, shiny|
|teampreview|4
|showteam|p1|Pyroar||Pyroarite|Rivalry|HeatWave,Overheat,SolarBeam,Protect|Timid||F|||50|]Sableye||RoseliBerry|Prankster|SunnyDay,LightScreen,Reflect,WillOWisp|Calm||M|||50|]Farigiraf||SitrusBerry|ArmorTail|Protect,HelpingHand,Psychic,TrickRoom|Calm||F|||50|]Kingambit||ChopleBerry|Defiant|KowtowCleave,IronHead,SuckerPunch,Protect|Adamant||M|||50|]Sylveon||FairyFeather|Pixilate|Detect,HyperVoice,QuickAttack,HyperBeam|Quiet||M|||50|]Scrafty||Scraftinite|Intimidate|FakeOut,Detect,CloseCombat,KnockOff|Brave||F|||50|
|showteam|p2|Kingambit||ChopleBerry|Defiant|Protect,KowtowCleave,LowKick,SuckerPunch|Adamant||M|||50|]Garchomp||LifeOrb|RoughSkin|Protect,Earthquake,DragonClaw,StompingTantrum|Jolly||F|||50|]Incineroar||SitrusBerry|Intimidate|FakeOut,FlareBlitz,Taunt,PartingShot|Sassy||M|||50|]Sylveon||FairyFeather|Pixilate|Detect,HyperVoice,QuickAttack,HyperBeam|Modest||M|||50|]Charizard||CharizarditeY|Blaze|Protect,HeatWave,WeatherBall,SolarBeam|Modest||F|||50|]Aerodactyl||Aerodactylite|Unnerve|Tailwind,DualWingbeat,RockSlide,WideGuard|Jolly||M|||50|
|
|t:|1782263339
|teamsize|p1|4
|teamsize|p2|4
|start
|switch|p1a: Pyroar|Pyroar, L50, F|100/100
|switch|p1b: Sableye|Sableye, L50, M|100/100
|switch|p2a: Sylveon|Sylveon, L50, M, shiny|100/100
|switch|p2b: Garchomp|Garchomp, L50, F|100/100
|turn|1
|
|t:|1782263375
|move|p1a: Pyroar|Protect|p1a: Pyroar
|-singleturn|p1a: Pyroar|Protect
|move|p2a: Sylveon|Detect|p2a: Sylveon
|-singleturn|p2a: Sylveon|Protect
|move|p1b: Sableye|Will-O-Wisp|p2b: Garchomp|[miss]
|-miss|p1b: Sableye|p2b: Garchomp
|move|p2b: Garchomp|Stomping Tantrum|p1a: Pyroar
|-activate|p1a: Pyroar|move: Protect
|
|upkeep
|turn|2
|
|t:|1782263398
|switch|p2a: Charizard|Charizard, L50, F|100/100
|detailschange|p1a: Pyroar|Pyroar-Mega, L50, F
|-mega|p1a: Pyroar|Pyroar|Pyroarite
|move|p1b: Sableye|Will-O-Wisp|p2b: Garchomp
|-status|p2b: Garchomp|brn
|move|p1a: Pyroar|Heat Wave|p2a: Charizard|[spread] p2a,p2b
|-resisted|p2a: Charizard|1
|-resisted|p2b: Garchomp|1
|-damage|p2a: Charizard|62/100
|-damage|p2b: Garchomp|69/100 brn
|move|p2b: Garchomp|Stomping Tantrum|p1a: Pyroar
|-supereffective|p1a: Pyroar|1
|-damage|p1a: Pyroar|39/100
|-damage|p2b: Garchomp|59/100 brn|[from] item: Life Orb
|
|-damage|p2b: Garchomp|53/100 brn|[from] brn
|upkeep
|turn|3
|
|t:|1782263435
|switch|p2a: Aerodactyl|Aerodactyl, L50, M, shiny|100/100
|-ability|p2a: Aerodactyl|Unnerve
|move|p1a: Pyroar|Protect|p1a: Pyroar
|-singleturn|p1a: Pyroar|Protect
|move|p2b: Garchomp|Protect|p2b: Garchomp
|-singleturn|p2b: Garchomp|Protect
|move|p1b: Sableye|Light Screen|p1b: Sableye
|-sidestart|p1: evilmayheem|move: Light Screen
|
|-damage|p2b: Garchomp|47/100 brn|[from] brn
|upkeep
|turn|4
|
|t:|1782263452
|switch|p1a: Scrafty|Scrafty, L50, F|100/100
|-ability|p1a: Scrafty|Intimidate|boost
|-unboost|p2a: Aerodactyl|atk|1
|-unboost|p2b: Garchomp|atk|1
|move|p1b: Sableye|Reflect|p1b: Sableye
|-sidestart|p1: evilmayheem|Reflect
|move|p2a: Aerodactyl|Tailwind|p2a: Aerodactyl
|-sidestart|p2: laut1|move: Tailwind
|move|p2b: Garchomp|Stomping Tantrum|p1a: Scrafty
|-damage|p1a: Scrafty|90/100
|-damage|p2b: Garchomp|37/100 brn|[from] item: Life Orb
|
|-damage|p2b: Garchomp|31/100 brn|[from] brn
|upkeep
|turn|5
|
|t:|1782263481
|switch|p2a: Charizard|Charizard, L50, F|62/100
|move|p1a: Scrafty|Fake Out|p2a: Charizard
|-damage|p2a: Charizard|48/100
|move|p1b: Sableye|Will-O-Wisp|p2a: Charizard
|-immune|p2a: Charizard
|move|p2b: Garchomp|Dragon Claw|p1a: Scrafty
|-damage|p1a: Scrafty|80/100
|-damage|p2b: Garchomp|22/100 brn|[from] item: Life Orb
|
|-damage|p2b: Garchomp|16/100 brn|[from] brn
|upkeep
|turn|6
|
|t:|1782263515
|switch|p1b: Sylveon|Sylveon, L50, M|100/100
|detailschange|p2a: Charizard|Charizard-Mega-Y, L50, F
|-mega|p2a: Charizard|Charizard|Charizardite Y
|-weather|SunnyDay|[from] ability: Drought|[of] p2a: Charizard
|move|p2b: Garchomp|Stomping Tantrum|p1a: Scrafty
|-damage|p1a: Scrafty|71/100
|-damage|p2b: Garchomp|6/100 brn|[from] item: Life Orb
|move|p2a: Charizard|Weather Ball|p1a: Scrafty
|-damage|p1a: Scrafty|13/100
|move|p1a: Scrafty|Knock Off|p2a: Charizard
|-damage|p2a: Charizard|14/100
|
|-weather|SunnyDay|[upkeep]
|-damage|p2b: Garchomp|1/100 brn|[from] brn
|upkeep
|turn|7
|
|t:|1782263536
|move|p2a: Charizard|Protect|p2a: Charizard
|-singleturn|p2a: Charizard|Protect
|move|p1a: Scrafty|Detect|p1a: Scrafty
|-singleturn|p1a: Scrafty|Protect
|move|p2b: Garchomp|Dragon Claw|p1a: Scrafty
|-activate|p1a: Scrafty|move: Protect
|move|p1b: Sylveon|Hyper Voice|p2a: Charizard|[spread] p2b
|-activate|p2a: Charizard|move: Protect
|-supereffective|p2b: Garchomp|1
|-damage|p2b: Garchomp|0 fnt
|faint|p2b: Garchomp
|
|-weather|SunnyDay|[upkeep]
|-sideend|p1: evilmayheem|move: Light Screen
|-sideend|p2: laut1|move: Tailwind
|upkeep
|
|t:|1782263551
|switch|p2b: Aerodactyl|Aerodactyl, L50, M, shiny|100/100
|-ability|p2b: Aerodactyl|Unnerve
|turn|8
|
|t:|1782263580
|move|p2b: Aerodactyl|Tailwind|p2b: Aerodactyl
|-sidestart|p2: laut1|move: Tailwind
|move|p2a: Charizard|Heat Wave|p1a: Scrafty|[spread] p1a,p1b
|-damage|p1a: Scrafty|0 fnt
|-damage|p1b: Sylveon|47/100
|faint|p1a: Scrafty
|move|p1b: Sylveon|Hyper Voice|p2a: Charizard|[spread] p2a,p2b
|-resisted|p2a: Charizard|1
|-damage|p2a: Charizard|0 fnt
|-damage|p2b: Aerodactyl|27/100
|faint|p2a: Charizard
|
|-weather|SunnyDay|[upkeep]
|-sideend|p1: evilmayheem|Reflect
|upkeep
|
|t:|1782263592
|switch|p2a: Sylveon|Sylveon, L50, M, shiny|100/100
|switch|p1a: Sableye|Sableye, L50, M|100/100
|turn|9
|
|t:|1782263625
|move|p1b: Sylveon|Detect|p1b: Sylveon
|-singleturn|p1b: Sylveon|Protect
|move|p1a: Sableye|Light Screen|p1a: Sableye
|-sidestart|p1: evilmayheem|move: Light Screen
|move|p2b: Aerodactyl|Dual Wingbeat|p1b: Sylveon
|-activate|p1b: Sylveon|move: Protect
|move|p2a: Sylveon|Hyper Voice|p1a: Sableye|[spread] p1a
|-activate|p1b: Sylveon|move: Protect
|-supereffective|p1a: Sableye|1
|-damage|p1a: Sableye|38/100
|
|-weather|SunnyDay|[upkeep]
|upkeep
|turn|10
|
|t:|1782263669
|move|p2b: Aerodactyl|Wide Guard|p2b: Aerodactyl
|-singleturn|p2b: Aerodactyl|Wide Guard
|move|p1a: Sableye|Will-O-Wisp|p2b: Aerodactyl
|-status|p2b: Aerodactyl|brn
|move|p2a: Sylveon|Hyper Voice|p1a: Sableye|[spread] p1a,p1b
|-supereffective|p1a: Sableye|1
|-damage|p1a: Sableye|0 fnt
|-damage|p1b: Sylveon|26/100
|faint|p1a: Sableye
|move|p1b: Sylveon|Hyper Voice|p2a: Sylveon|[spread] 
|-activate|p2a: Sylveon|move: Wide Guard
|-activate|p2b: Aerodactyl|move: Wide Guard
|
|-weather|none
|-damage|p2b: Aerodactyl|22/100 brn|[from] brn
|upkeep
|
|t:|1782263675
|switch|p1a: Pyroar|Pyroar-Mega, L50, F|39/100
|turn|11
|
|t:|1782263700
|move|p1a: Pyroar|Protect|p1a: Pyroar
|-singleturn|p1a: Pyroar|Protect
|move|p2b: Aerodactyl|Rock Slide|p1b: Sylveon|[spread] p1b
|-activate|p1a: Pyroar|move: Protect
|-damage|p1b: Sylveon|12/100
|move|p2a: Sylveon|Hyper Voice|p1a: Pyroar|[spread] p1b
|-activate|p1a: Pyroar|move: Protect
|-damage|p1b: Sylveon|0 fnt
|faint|p1b: Sylveon
|
|-damage|p2b: Aerodactyl|16/100 brn|[from] brn
|-sideend|p2: laut1|move: Tailwind
|upkeep
|turn|12
|
|t:|1782263744
|move|p2b: Aerodactyl|Tailwind|p2b: Aerodactyl
|-sidestart|p2: laut1|move: Tailwind
|move|p1a: Pyroar|Heat Wave|p2a: Sylveon|[spread] p2a,p2b
|-resisted|p2b: Aerodactyl|1
|-damage|p2a: Sylveon|55/100
|-damage|p2b: Aerodactyl|0 fnt
|faint|p2b: Aerodactyl
|move|p2a: Sylveon|Hyper Beam|p1a: Pyroar
|-resisted|p1a: Pyroar|1
|-damage|p1a: Pyroar|0 fnt
|-mustrecharge|p2a: Sylveon
|faint|p1a: Pyroar
|
|win|laut1
||evilmayheem is ready for game 2.
|inactive|laut1 has 30 seconds to confirm battle start!
||laut1 is ready for game 2.
|uhtml|next|Next: Game 2 of 3
