|j|☆sn000p
|j|☆p1ch1pichi
|html|sn000pp1ch1pichi    
|uhtml|bestof|Game 2 of a best-of-3
|t:|1784200070
|gametype|doubles
|player|p1|sn000p|2|1190
|player|p2|p1ch1pichi|n|1130
|gen|9
|tier|[Gen 9 Champions] VGC 2026 Reg M-B (Bo3)
|rated|
|rule|Species Clause: Limit one of each Pokémon
|rule|Item Clause: Limit 1 of each item
|clearpoke
|poke|p1|Floette-Eternal, L50, F|
|poke|p1|Whimsicott, L50, F|
|poke|p1|Staraptor, L50, M|
|poke|p1|Hydreigon, L50, M|
|poke|p1|Conkeldurr, L50, F|
|poke|p1|Basculegion, L50, M|
|poke|p2|Ampharos, L50, M, shiny|
|poke|p2|Farigiraf, L50, F, shiny|
|poke|p2|Incineroar, L50, M|
|poke|p2|Vivillon, L50, M, shiny|
|poke|p2|Vanilluxe, L50, M|
|poke|p2|Aggron, L50, M, shiny|
|teampreview|4
|showteam|p1|Floette-Eternal||Floettite|FlowerVeil|DazzlingGleam,LightofRuin,Protect,CalmMind|Serious||F|||50|]Whimsicott||FocusSash|Prankster|Moonblast,Tailwind,Protect,Encore|Timid||F|||50|]Staraptor||Staraptite|Intimidate|CloseCombat,BraveBird,Protect,Roost|Jolly||M|||50|]Hydreigon||BlackGlasses|Levitate|Snarl,DracoMeteor,Protect,EarthPower|Modest||M|||50|]Conkeldurr||BlackBelt|IronFist|DrainPunch,MachPunch,IcePunch,Protect|Adamant||F|||50|]Basculegion||ChoiceScarf|Adaptability|WaveCrash,LastRespects,FlipTurn,AquaJet|Jolly||M|||50|
|showteam|p2|Ampharos||Ampharosite|Static|DragonPulse,Thunderbolt,PowerGem,Protect|Quiet||M|||50|]Farigiraf||ColburBerry|ArmorTail|Psychic,TrickRoom,HelpingHand,Protect|Relaxed||F|||50|]Incineroar||ShucaBerry|Intimidate|PartingShot,FakeOut,FlareBlitz,ThroatChop|Adamant||M|||50|]Vivillon||FocusSash|CompoundEyes|Protect,SleepPowder,StruggleBug,Hurricane|Timid||M|||50|]Vanilluxe||NeverMeltIce|SnowWarning|Protect,Blizzard,FreezeDry,AuroraVeil|Quiet||M|||50|]Aggron||Aggronite|HeavyMetal|BodyPress,HeavySlam,Protect,IronDefense|Sassy||M|||50|
|inactive|Battle timer is ON: inactive players will automatically lose when time's up. (requested by p1ch1pichi)
|
|t:|1784200087
|teamsize|p1|4
|teamsize|p2|4
|start
|switch|p1a: Staraptor|Staraptor, L50, M|100/100
|switch|p1b: Basculegion|Basculegion, L50, M|100/100
|switch|p2a: Coke|Incineroar, L50, M|100/100
|switch|p2b: Float|Farigiraf, L50, F, shiny|100/100
|-ability|p1a: Staraptor|Intimidate|boost
|-unboost|p2a: Coke|atk|1
|-unboost|p2b: Float|atk|1
|-ability|p2a: Coke|Intimidate|boost
|-unboost|p1a: Staraptor|atk|1
|-unboost|p1b: Basculegion|atk|1
|turn|1
|
|t:|1784200106
|switch|p1a: Hydreigon|Hydreigon, L50, M|100/100
|switch|p2a: Yoghurt|Ampharos, L50, M, shiny|100/100
|move|p1b: Basculegion|Wave Crash|p2a: Yoghurt
|-damage|p2a: Yoghurt|52/100
|-status|p1b: Basculegion|par|[from] ability: Static|[of] p2a: Yoghurt
|-damage|p1b: Basculegion|84/100 par|[from] Recoil
|move|p2b: Float|Trick Room|p2b: Float
|-fieldstart|move: Trick Room|[of] p2b: Float
|
|upkeep
|turn|2
|
|t:|1784200128
|switch|p1b: Conkeldurr|Conkeldurr, L50, F|100/100
|detailschange|p2a: Yoghurt|Ampharos-Mega, L50, M, shiny
|-mega|p2a: Yoghurt|Ampharos|Ampharosite
|-ability|p2a: Yoghurt|Mold Breaker
|move|p2b: Float|Helping Hand|p2a: Yoghurt
|-singleturn|p2a: Yoghurt|Helping Hand|[of] p2b: Float
|move|p2a: Yoghurt|Dragon Pulse|p1a: Hydreigon
|-supereffective|p1a: Hydreigon|1
|-damage|p1a: Hydreigon|0 fnt
|faint|p1a: Hydreigon
|
|upkeep
|inactive|sn000p has 30 seconds left.
|inactive|sn000p has 20 seconds left.
|inactive|sn000p has 15 seconds left.
|inactive|sn000p has 10 seconds left.
|
|t:|1784200177
|switch|p1a: Staraptor|Staraptor, L50, M|100/100
|-ability|p1a: Staraptor|Intimidate|boost
|-unboost|p2a: Yoghurt|atk|1
|-unboost|p2b: Float|atk|1
|turn|3
|
|t:|1784200199
|switch|p2b: Coke|Incineroar, L50, M|100/100
|-ability|p2b: Coke|Intimidate|boost
|-unboost|p1a: Staraptor|atk|1
|-unboost|p1b: Conkeldurr|atk|1
|detailschange|p1a: Staraptor|Staraptor-Mega, L50, M
|-mega|p1a: Staraptor|Staraptor|Staraptite
|move|p2a: Yoghurt|Protect|p2a: Yoghurt
|-singleturn|p2a: Yoghurt|Protect
|move|p1b: Conkeldurr|Ice Punch|p2a: Yoghurt
|-activate|p2a: Yoghurt|move: Protect
|move|p1a: Staraptor|Close Combat|p2a: Yoghurt
|-activate|p2a: Yoghurt|move: Protect
|
|upkeep
|turn|4
|
|t:|1784200223
|switch|p2a: Float|Farigiraf, L50, F, shiny|100/100
|move|p1a: Staraptor|Protect|p1a: Staraptor
|-singleturn|p1a: Staraptor|Protect
|move|p2b: Coke|Fake Out|p1a: Staraptor
|-activate|p1a: Staraptor|move: Protect
|move|p1b: Conkeldurr|Ice Punch|p2a: Float
|-damage|p2a: Float|83/100
|
|upkeep
|turn|5
|
|t:|1784200241
|switch|p2b: Ben&Jerry|Vanilluxe, L50, M|100/100
|-weather|Snowscape|[from] ability: Snow Warning|[of] p2b: Ben&Jerry
|switch|p1a: Basculegion|Basculegion, L50, M|84/100 par
|move|p1b: Conkeldurr|Drain Punch|p2b: Ben&Jerry
|-supereffective|p2b: Ben&Jerry|1
|-damage|p2b: Ben&Jerry|42/100
|move|p2a: Float|Psychic|p1b: Conkeldurr
|-supereffective|p1b: Conkeldurr|1
|-damage|p1b: Conkeldurr|29/100
|
|-weather|Snowscape|[upkeep]
|-fieldend|move: Trick Room
|upkeep
|turn|6
|
|t:|1784200258
|move|p1b: Conkeldurr|Mach Punch||[still]
|cant|p2a: Float|ability: Armor Tail|Mach Punch|[of] p1b: Conkeldurr
|move|p1a: Basculegion|Wave Crash|p2a: Float
|-damage|p2a: Float|28/100
|-damage|p1a: Basculegion|62/100 par|[from] Recoil
|move|p2b: Ben&Jerry|Aurora Veil|p2b: Ben&Jerry
|-sidestart|p2: p1ch1pichi|move: Aurora Veil
|move|p2a: Float|Trick Room|p2a: Float
|-fieldstart|move: Trick Room|[of] p2a: Float
|
|-weather|Snowscape|[upkeep]
|upkeep
|turn|7
|
|t:|1784200269
|move|p1b: Conkeldurr|Drain Punch|p2b: Ben&Jerry
|-supereffective|p2b: Ben&Jerry|1
|-damage|p2b: Ben&Jerry|2/100
|-heal|p1b: Conkeldurr|48/100|[from] drain|[of] p2b: Ben&Jerry
|move|p2a: Float|Psychic|p1b: Conkeldurr
|-supereffective|p1b: Conkeldurr|1
|-damage|p1b: Conkeldurr|0 fnt
|faint|p1b: Conkeldurr
|move|p2b: Ben&Jerry|Freeze-Dry|p1a: Basculegion
|-supereffective|p1a: Basculegion|1
|-damage|p1a: Basculegion|0 fnt
|faint|p1a: Basculegion
|
|-weather|Snowscape|[upkeep]
|upkeep
|
|t:|1784200275
|switch|p1a: Staraptor|Staraptor-Mega, L50, M|100/100
|turn|8
|-message|sn000p forfeited.
|
|win|p1ch1pichi
|raw|sn000p's rating: 1190 → 1161(-29 for losing)
|raw|p1ch1pichi's rating: 1130 → 1159(+29 for winning)
|l|☆sn000p
|player|p1|
