|j|☆battlegrounds88
|j|☆Professor_J93
|html|battlegrounds88Professor_J93    
|uhtml|bestof|Game 2 of a best-of-3
|t:|1782323179
|gametype|doubles
|player|p1|battlegrounds88|hugh|
|player|p2|Professor_J93|n|
|gen|9
|tier|[Gen 9 Champions] VGC 2026 Reg M-B (Bo3)
|rule|Species Clause: Limit one of each Pokémon
|rule|Item Clause: Limit 1 of each item
|clearpoke
|poke|p1|Staraptor, L50, M|
|poke|p1|Sinistcha, L50|
|poke|p1|Farigiraf, L50, M|
|poke|p1|Kingambit, L50, F|
|poke|p1|Incineroar, L50, F|
|poke|p1|Clefable, L50, F|
|poke|p2|Raichu, L50, M|
|poke|p2|Vivillon-Ocean, L50, M|
|poke|p2|Infernape, L50, M|
|poke|p2|Sylveon, L50, F|
|poke|p2|Basculegion, L50, M|
|poke|p2|Farigiraf, L50, M|
|teampreview|4
|showteam|p1|Staraptor||Staraptite|Intimidate|CloseCombat,BraveBird,Protect,QuickAttack|Jolly||M|||50|]Sinistcha||Leftovers|Hospitality|MatchaGotcha,Protect,LifeDew,RagePowder|Calm|||||50|]Farigiraf||MentalHerb|ArmorTail|TrickRoom,Psychic,HyperVoice,HelpingHand|Quiet||M|||50|]Kingambit||BlackGlasses|SupremeOverlord|KowtowCleave,IronHead,Protect,SuckerPunch|Adamant||F|||50|]Incineroar||SitrusBerry|Intimidate|DarkestLariat,FakeOut,FlareBlitz,PartingShot|Adamant||F|||50|]Clefable||FairyFeather|Unaware|Protect,FollowMe,IceBeam,Moonblast|Bold||F|||50|
|showteam|p2|Raichu||RaichuniteY|LightningRod|ZapCannon,FocusBlast,FakeOut,Protect|Modest||M|||50|]Vivillon-Ocean||FocusSash|CompoundEyes|Hurricane,Tailwind,SleepPowder,Protect|Timid||M|||50|]Infernape||Charcoal|Blaze|Overheat,FakeOut,Encore,Protect|Timid||M|||50|]Sylveon||FairyFeather|Pixilate|HyperVoice,HyperBeam,QuickAttack,Protect|Modest||F|||50|]Basculegion||MysticWater|Adaptability|WaveCrash,AquaJet,LastRespects,Protect|Jolly||M|||50|]Farigiraf||SitrusBerry|ArmorTail|Psyshock,Roar,TrickRoom,HelpingHand|Relaxed||M|||50|
|
|t:|1782323240
|teamsize|p1|4
|teamsize|p2|4
|start
|switch|p1a: T-1000|Staraptor, L50, M|100/100
|switch|p1b: Clefable|Clefable, L50, F|100/100
|switch|p2a: Infernape|Infernape, L50, M|100/100
|switch|p2b: Sylveon|Sylveon, L50, F|100/100
|-ability|p1a: T-1000|Intimidate|boost
|-unboost|p2a: Infernape|atk|1
|-unboost|p2b: Sylveon|atk|1
|turn|1
|
|t:|1782323271
|detailschange|p1a: T-1000|Staraptor-Mega, L50, M
|-mega|p1a: T-1000|Staraptor|Staraptite
|move|p1a: T-1000|Protect|p1a: T-1000
|-singleturn|p1a: T-1000|Protect
|move|p1b: Clefable|Protect|p1b: Clefable
|-singleturn|p1b: Clefable|Protect
|move|p2a: Infernape|Fake Out|p1b: Clefable
|-activate|p1b: Clefable|move: Protect
|move|p2b: Sylveon|Hyper Voice|p1a: T-1000|[spread] 
|-activate|p1a: T-1000|move: Protect
|-activate|p1b: Clefable|move: Protect
|
|upkeep
|turn|2
|
|t:|1782323298
|move|p1a: T-1000|Brave Bird|p2a: Infernape
|-supereffective|p2a: Infernape|1
|-damage|p2a: Infernape|0 fnt
|faint|p2a: Infernape
|-damage|p1a: T-1000|68/100|[from] Recoil
|move|p2b: Sylveon|Hyper Voice|p1a: T-1000|[spread] p1a,p1b
|-supereffective|p1a: T-1000|1
|-damage|p1a: T-1000|0 fnt
|-damage|p1b: Clefable|59/100
|faint|p1a: T-1000
|move|p1b: Clefable|Ice Beam|p2b: Sylveon
|-damage|p2b: Sylveon|83/100
|
|upkeep
|
|t:|1782323312
|switch|p1a: Shogun|Kingambit, L50, F|100/100
|switch|p2a: Raichu|Raichu, L50, M|100/100
|-activate|p1a: Shogun|ability: Supreme Overlord
|-start|p1a: Shogun|fallen1|[silent]
|turn|3
|
|t:|1782323325
|detailschange|p2a: Raichu|Raichu-Mega-Y, L50, M
|-mega|p2a: Raichu|Raichu|Raichunite Y
|move|p1b: Clefable|Follow Me|p1b: Clefable
|-singleturn|p1b: Clefable|move: Follow Me
|move|p1a: Shogun|Sucker Punch|p2a: Raichu
|-damage|p2a: Raichu|13/100
|move|p2a: Raichu|Zap Cannon|p1b: Clefable
|-damage|p1b: Clefable|0 fnt
|faint|p1b: Clefable
|move|p2b: Sylveon|Hyper Voice|p1a: Shogun
|-damage|p1a: Shogun|44/100
|
|upkeep
|
|t:|1782323339
|switch|p1b: Mateo|Sinistcha, L50|100/100
|-heal|p1a: Shogun|69/100|[from] ability: Hospitality|[of] p1b: Mateo
|turn|4
|
|t:|1782323357
|move|p1b: Mateo|Rage Powder|p1b: Mateo
|-singleturn|p1b: Mateo|move: Rage Powder
|move|p2a: Raichu|Zap Cannon|p1b: Mateo
|-resisted|p1b: Mateo|1
|-damage|p1b: Mateo|62/100
|-status|p1b: Mateo|par
|move|p2b: Sylveon|Hyper Beam|p1b: Mateo
|-damage|p1b: Mateo|0 fnt
|-mustrecharge|p2b: Sylveon
|faint|p1b: Mateo
|move|p1a: Shogun|Kowtow Cleave|p2a: Raichu
|-damage|p2a: Raichu|0 fnt
|faint|p2a: Raichu
|
|upkeep
|
|t:|1782323367
|switch|p2a: Farigiraf|Farigiraf, L50, M|100/100
|turn|5
|
|t:|1782323378
|move|p2a: Farigiraf|Helping Hand|p2b: Sylveon
|-singleturn|p2b: Sylveon|Helping Hand|[of] p2a: Farigiraf
|cant|p2b: Sylveon|recharge
|move|p1a: Shogun|Iron Head|p2b: Sylveon
|-supereffective|p2b: Sylveon|1
|-damage|p2b: Sylveon|0 fnt
|faint|p2b: Sylveon
|
|upkeep
|turn|6
|-message|Professor_J93 forfeited.
|
|win|battlegrounds88
||Professor_J93 is ready for game 3.
|inactive|battlegrounds88 has 30 seconds to confirm battle start!
|inactive|battlegrounds88 has 20 seconds to confirm battle start!
||battlegrounds88 is ready for game 3.
|uhtml|next|Next: Game 3 of 3
