|j|☆jumeninja
|j|☆Worsuhluna
|html|jumeninjaWorsuhluna    
|uhtml|bestof|Game 2 of a best-of-3
|t:|1783097344
|gametype|doubles
|player|p1|jumeninja|gambler|1102
|player|p2|Worsuhluna|lance|1000
|gen|9
|tier|[Gen 9 Champions] VGC 2026 Reg M-B (Bo3)
|rated|
|rule|Species Clause: Limit one of each Pokémon
|rule|Item Clause: Limit 1 of each item
|clearpoke
|poke|p1|Beedrill, L50, F|
|poke|p1|Swampert, L50, M|
|poke|p1|Farigiraf, L50, F|
|poke|p1|Archaludon, L50, M|
|poke|p1|Pelipper, L50, F|
|poke|p1|Incineroar, L50, F|
|poke|p2|Staraptor, L50, F|
|poke|p2|Farigiraf, L50, F|
|poke|p2|Vileplume, L50, F|
|poke|p2|Aerodactyl, L50, F, shiny|
|poke|p2|Mawile, L50, M, shiny|
|poke|p2|Torkoal, L50, F, shiny|
|teampreview|4
|showteam|p1|Beedrill||Beedrillite|Swarm|PoisonJab,DrillRun,Uturn,Protect|Jolly||F|||50|]Swampert||Swampertite|Torrent|WaveCrash,HighHorsepower,RockSlide,Protect|Adamant||M|||50|]Farigiraf||SitrusBerry|ArmorTail|RainDance,Psychic,TrickRoom,HelpingHand|Bold||F|||50|]Archaludon||Leftovers|Stamina|FlashCannon,DragonPulse,ElectroShot,Protect|Modest||M|||50|]Pelipper||LifeOrb|Drizzle|WeatherBall,Hurricane,WideGuard,Tailwind|Modest||F|||50|]Incineroar||PasshoBerry|Intimidate|ThroatChop,FlareBlitz,PartingShot,FakeOut|Adamant||F|||50|
|showteam|p2|Staraptor||ChoiceScarf|Intimidate|FinalGambit,DualWingbeat,CloseCombat,Uturn|Jolly||F|||50|]Farigiraf||ColburBerry|ArmorTail|Psychic,TrickRoom,HelpingHand,Protect|Calm||F|||50|]Vileplume||FocusSash|Chlorophyll|SludgeBomb,SleepPowder,SolarBeam,AfterYou|Timid||F|||50|]Aerodactyl||Aerodactylite|Unnerve|RockSlide,DualWingbeat,Tailwind,WideGuard|Jolly||F|||50|]Mawile||Mawilite|Intimidate|IronHead,PlayRough,KnockOff,Protect|Adamant||M|||50|]Torkoal||Charcoal|Drought|Eruption,HeatWave,AncientPower,Protect|Quiet||F|||50|
|inactive|Battle timer is ON: inactive players will automatically lose when time's up. (requested by Worsuhluna)
|inactive|jumeninja has 60 seconds left.
|
|t:|1783097384
|teamsize|p1|4
|teamsize|p2|4
|start
|switch|p1a: Incineroar|Incineroar, L50, F|100/100
|switch|p1b: Pelipper|Pelipper, L50, F|100/100
|switch|p2a: Staraptor|Staraptor, L50, F|100/100
|switch|p2b: Farigiraf|Farigiraf, L50, F|100/100
|-ability|p2a: Staraptor|Intimidate|boost
|-unboost|p1a: Incineroar|atk|1
|-unboost|p1b: Pelipper|atk|1
|-weather|RainDance|[from] ability: Drizzle|[of] p1b: Pelipper
|-ability|p1a: Incineroar|Intimidate|boost
|-unboost|p2a: Staraptor|atk|1
|-unboost|p2b: Farigiraf|atk|1
|turn|1
|
|t:|1783097403
|move|p2a: Staraptor|Final Gambit|p1a: Incineroar
|-damage|p1a: Incineroar|4/100
|faint|p2a: Staraptor
|move|p1b: Pelipper|Hurricane|p2b: Farigiraf
|-damage|p2b: Farigiraf|51/100
|-damage|p1b: Pelipper|90/100|[from] item: Life Orb
|move|p1a: Incineroar|Throat Chop|p2b: Farigiraf
|-supereffective|p2b: Farigiraf|1
|-enditem|p2b: Farigiraf|Colbur Berry|[eat]
|-enditem|p2b: Farigiraf|Colbur Berry|[weaken]
|-damage|p2b: Farigiraf|28/100
|-start|p2b: Farigiraf|Throat Chop|[silent]
|move|p2b: Farigiraf|Trick Room|p2b: Farigiraf
|-fieldstart|move: Trick Room|[of] p2b: Farigiraf
|
|-weather|RainDance|[upkeep]
|upkeep
|
|t:|1783097417
|switch|p2a: Torkoal|Torkoal, L50, F, shiny|100/100
|-weather|SunnyDay|[from] ability: Drought|[of] p2a: Torkoal
|turn|2
|
|t:|1783097428
|move|p2b: Farigiraf|Helping Hand|p2a: Torkoal
|-singleturn|p2a: Torkoal|Helping Hand|[of] p2b: Farigiraf
|move|p1b: Pelipper|Wide Guard|p1b: Pelipper
|-singleturn|p1b: Pelipper|Wide Guard
|move|p2a: Torkoal|Ancient Power|p1b: Pelipper
|-supereffective|p1b: Pelipper|1
|-damage|p1b: Pelipper|22/100
|move|p1a: Incineroar|Parting Shot|p2a: Torkoal
|-unboost|p2a: Torkoal|atk|1
|-unboost|p2a: Torkoal|spa|1
|
|t:|1783097438
|switch|p1a: Swampert|Swampert, L50, M|100/100|[from] Parting Shot
|
|-weather|SunnyDay|[upkeep]
|-end|p2b: Farigiraf|Throat Chop|[silent]
|upkeep
|turn|3
|
|t:|1783097450
|switch|p2a: Mawile|Mawile, L50, M, shiny|100/100
|-ability|p2a: Mawile|Intimidate|boost
|-unboost|p1a: Swampert|atk|1
|-unboost|p1b: Pelipper|atk|1
|detailschange|p1a: Swampert|Swampert-Mega, L50, M
|-mega|p1a: Swampert|Swampert|Swampertite
|move|p2b: Farigiraf|Psychic|p1b: Pelipper
|-damage|p1b: Pelipper|0 fnt
|faint|p1b: Pelipper
|move|p1a: Swampert|Rock Slide|p2a: Mawile|[spread] p2a,p2b
|-resisted|p2a: Mawile|1
|-damage|p2a: Mawile|90/100
|-damage|p2b: Farigiraf|13/100
|
|-weather|SunnyDay|[upkeep]
|upkeep
|
|t:|1783097463
|switch|p1b: Incineroar|Incineroar, L50, F|4/100
|-ability|p1b: Incineroar|Intimidate|boost
|-unboost|p2a: Mawile|atk|1
|-unboost|p2b: Farigiraf|atk|1
|turn|4
|inactive|Worsuhluna has 30 seconds left.
|
|t:|1783097489
|switch|p1a: Archaludon|Archaludon, L50, M|100/100
|detailschange|p2a: Mawile|Mawile-Mega, L50, M, shiny
|-mega|p2a: Mawile|Mawile|Mawilite
|move|p2a: Mawile|Knock Off|p1b: Incineroar
|-resisted|p1b: Incineroar|1
|-damage|p1b: Incineroar|0 fnt
|-enditem|p1b: Incineroar|Passho Berry|[from] move: Knock Off|[of] p2a: Mawile
|faint|p1b: Incineroar
|move|p2b: Farigiraf|Psychic|p1a: Archaludon
|-resisted|p1a: Archaludon|1
|-damage|p1a: Archaludon|83/100
|-ability|p1a: Archaludon|Stamina|boost
|-boost|p1a: Archaludon|def|1
|
|-weather|SunnyDay|[upkeep]
|-heal|p1a: Archaludon|89/100|[from] item: Leftovers
|upkeep
|
|t:|1783097495
|switch|p1b: Swampert|Swampert-Mega, L50, M|100/100
|turn|5
|inactive|Worsuhluna has 30 seconds left.
|
|t:|1783097525
|move|p2a: Mawile|Play Rough|p1b: Swampert
|-damage|p1b: Swampert|43/100
|move|p2b: Farigiraf|Psychic|p1b: Swampert
|-damage|p1b: Swampert|10/100
|move|p1a: Archaludon|Dragon Pulse|p2b: Farigiraf
|-damage|p2b: Farigiraf|0 fnt
|faint|p2b: Farigiraf
|move|p1b: Swampert|High Horsepower|p2a: Mawile
|-supereffective|p2a: Mawile|1
|-damage|p2a: Mawile|0 fnt
|faint|p2a: Mawile
|
|-weather|SunnyDay|[upkeep]
|-heal|p1a: Archaludon|95/100|[from] item: Leftovers
|-fieldend|move: Trick Room
|upkeep
|
|t:|1783097536
|switch|p2b: Torkoal|Torkoal, L50, F, shiny|100/100
|turn|6
|
|t:|1783097542
|move|p1b: Swampert|High Horsepower|p2b: Torkoal
|-supereffective|p2b: Torkoal|1
|-damage|p2b: Torkoal|10/100
|move|p1a: Archaludon|Dragon Pulse|p2b: Torkoal
|-damage|p2b: Torkoal|0 fnt
|faint|p2b: Torkoal
|
|win|jumeninja
|c|☆Worsuhluna|Damn well played
||Worsuhluna is ready for game 3.
|c|☆jumeninja|thanks
||jumeninja is ready for game 3.
|uhtml|next|Next: Game 3 of 3
