|j|☆brush44
|j|☆taykheed007
|html|brush44taykheed007    
|uhtml|bestof|Game 1 of a best-of-3
|t:|1784404845
|gametype|doubles
|player|p1|brush44|265|
|player|p2|taykheed007|acetrainer-gen4dp|
|gen|9
|tier|[Gen 9 Champions] VGC 2026 Reg M-B (Bo3)
|rule|Species Clause: Limit one of each Pokémon
|rule|Item Clause: Limit 1 of each item
|clearpoke
|poke|p1|Noivern, L50, F, shiny|
|poke|p1|Staraptor, L50, F, shiny|
|poke|p1|Arcanine, L50, M|
|poke|p1|Araquanid, L50, M, shiny|
|poke|p1|Metagross, L50, shiny|
|poke|p1|Grimmsnarl, L50, M, shiny|
|poke|p2|Blaziken, L50, M|
|poke|p2|Torkoal, L50, M|
|poke|p2|Lucario, L50, M|
|poke|p2|Tyranitar, L50, M|
|poke|p2|Rotom-Frost, L50, shiny|
|poke|p2|Greninja, L50, M, shiny|
|teampreview|4
|showteam|p1|Noivern||FocusSash|Telepathy|Tailwind,DracoMeteor,AirSlash,Boomburst|Timid||F|||50|]Staraptor||Staraptite|Intimidate|CloseCombat,BraveBird,DualWingbeat,Protect|Jolly||F|||50|]Arcanine||ChoiceScarf|Intimidate|BurnUp,Protect,HeatWave,Crunch|Timid||M|||50|]Araquanid||Leftovers|WaterBubble|RainDance,StickyWeb,Liquidation,Protect|Impish||M|||50|]Metagross||Metagrossite|ClearBody|BulletPunch,Protect,PsychicFangs,IronHead|Jolly|||||50|]Grimmsnarl||LightClay|Prankster|PartingShot,FakeOut,SuckerPunch,LightScreen|Adamant||M|||50|
|showteam|p2|Blaziken||Blazikenite|SpeedBoost|Protect,FirePunch,CloseCombat,KnockOff|Adamant||M|||50|]Torkoal||Charcoal|Drought|Eruption,SelfDestruct,LavaPlume,ScorchingSands|Quiet||M|||50|]Lucario||Lucarionite|InnerFocus|AuraSphere,DarkPulse,FlashCannon,ExtremeSpeed|Hasty||M|||50|]Tyranitar||LifeOrb|SandStream|Earthquake,DragonClaw,RockSlide,KnockOff|Adamant||M|||50|]Rotom-Frost||Leftovers|Levitate|Thunderbolt,NastyPlot,ShadowBall,Reflect|Modest|||||50|]Greninja||Greninjite|Protean|IceBeam,WaterShuriken,SludgeWave,Extrasensory|Timid||M|||50|
|
|t:|1784404875
|teamsize|p1|4
|teamsize|p2|4
|start
|switch|p1a: Arcanine|Arcanine, L50, M|100/100
|switch|p1b: Grimmsnarl|Grimmsnarl, L50, M, shiny|100/100
|switch|p2a: Blaziken|Blaziken, L50, M|100/100
|switch|p2b: Torkoal|Torkoal, L50, M|100/100
|-ability|p1a: Arcanine|Intimidate|boost
|-unboost|p2a: Blaziken|atk|1
|-unboost|p2b: Torkoal|atk|1
|-weather|SunnyDay|[from] ability: Drought|[of] p2b: Torkoal
|turn|1
|
|t:|1784404914
|move|p1b: Grimmsnarl|Fake Out|p2b: Torkoal
|-damage|p2b: Torkoal|88/100
|move|p1a: Arcanine|Crunch|p2b: Torkoal
|-damage|p2b: Torkoal|73/100
|-unboost|p2b: Torkoal|def|1
|move|p2a: Blaziken|Close Combat|p1b: Grimmsnarl
|-damage|p1b: Grimmsnarl|43/100
|-unboost|p2a: Blaziken|def|1
|-unboost|p2a: Blaziken|spd|1
|cant|p2b: Torkoal|flinch
|
|-weather|SunnyDay|[upkeep]
|-ability|p2a: Blaziken|Speed Boost|boost
|-boost|p2a: Blaziken|spe|1
|upkeep
|turn|2
|
|t:|1784404935
|switch|p1a: Araquanid|Araquanid, L50, M, shiny|100/100
|move|p1b: Grimmsnarl|Parting Shot|p2a: Blaziken
|-unboost|p2a: Blaziken|atk|1
|-unboost|p2a: Blaziken|spa|1
|
|t:|1784404943
|switch|p1b: Staraptor|Staraptor, L50, F, shiny|100/100|[from] Parting Shot
|-ability|p1b: Staraptor|Intimidate|boost
|-unboost|p2a: Blaziken|atk|1
|-unboost|p2b: Torkoal|atk|1
|move|p2a: Blaziken|Close Combat|p1b: Staraptor
|-damage|p1b: Staraptor|60/100
|-unboost|p2a: Blaziken|def|1
|-unboost|p2a: Blaziken|spd|1
|move|p2b: Torkoal|Eruption|p1a: Araquanid|[spread] p1a,p1b
|-crit|p1a: Araquanid
|-damage|p1a: Araquanid|62/100
|-damage|p1b: Staraptor|0 fnt
|faint|p1b: Staraptor
|
|-weather|SunnyDay|[upkeep]
|-heal|p1a: Araquanid|68/100|[from] item: Leftovers
|-ability|p2a: Blaziken|Speed Boost|boost
|-boost|p2a: Blaziken|spe|1
|upkeep
|
|t:|1784404959
|switch|p1b: Arcanine|Arcanine, L50, M|100/100
|-ability|p1b: Arcanine|Intimidate|boost
|-unboost|p2a: Blaziken|atk|1
|-unboost|p2b: Torkoal|atk|1
|turn|3
|
|t:|1784404976
|move|p2a: Blaziken|Protect|p2a: Blaziken
|-singleturn|p2a: Blaziken|Protect
|move|p1b: Arcanine|Heat Wave|p2b: Torkoal|[spread] p2b
|-activate|p2a: Blaziken|move: Protect
|-resisted|p2b: Torkoal|1
|-damage|p2b: Torkoal|44/100
|move|p1a: Araquanid|Liquidation|p2b: Torkoal
|-supereffective|p2b: Torkoal|1
|-damage|p2b: Torkoal|0 fnt
|faint|p2b: Torkoal
|
|-weather|SunnyDay|[upkeep]
|-heal|p1a: Araquanid|74/100|[from] item: Leftovers
|-ability|p2a: Blaziken|Speed Boost|boost
|-boost|p2a: Blaziken|spe|1
|upkeep
|
|t:|1784404994
|switch|p2b: Greninja|Greninja, L50, M, shiny|100/100
|turn|4
|
|t:|1784405008
|move|p2b: Greninja|Water Shuriken|p1b: Arcanine
|-start|p2b: Greninja|typechange|Water|[from] ability: Protean
|-supereffective|p1b: Arcanine|1
|-damage|p1b: Arcanine|91/100
|-supereffective|p1b: Arcanine|1
|-damage|p1b: Arcanine|83/100
|-supereffective|p1b: Arcanine|1
|-damage|p1b: Arcanine|74/100
|-hitcount|p1b: Arcanine|3
|move|p2a: Blaziken|Knock Off|p1a: Araquanid
|-damage|p1a: Araquanid|62/100
|-enditem|p1a: Araquanid|Leftovers|[from] move: Knock Off|[of] p2a: Blaziken
|move|p1b: Arcanine|Heat Wave|p2a: Blaziken|[spread] p2a,p2b
|-resisted|p2a: Blaziken|1
|-resisted|p2b: Greninja|1
|-damage|p2a: Blaziken|26/100
|-damage|p2b: Greninja|66/100
|move|p1a: Araquanid|Liquidation|p2a: Blaziken
|-supereffective|p2a: Blaziken|1
|-damage|p2a: Blaziken|0 fnt
|faint|p2a: Blaziken
|
|-weather|SunnyDay|[upkeep]
|upkeep
|
|t:|1784405030
|switch|p2a: Rotom|Rotom-Frost, L50, shiny|100/100
|turn|5
|
|t:|1784405048
|move|p1b: Arcanine|Heat Wave|p2a: Rotom|[spread] p2a,p2b
|-supereffective|p2a: Rotom|1
|-resisted|p2b: Greninja|1
|-damage|p2a: Rotom|0 fnt
|-damage|p2b: Greninja|35/100
|faint|p2a: Rotom
|move|p2b: Greninja|Sludge Wave|p1a: Araquanid|[spread] p1a,p1b
|-damage|p1a: Araquanid|43/100
|-damage|p1b: Arcanine|48/100
|move|p1a: Araquanid|Liquidation|p2b: Greninja
|-resisted|p2b: Greninja|1
|-damage|p2b: Greninja|12/100
|
|-weather|none
|upkeep
|turn|6
|
|t:|1784405071
|detailschange|p2b: Greninja|Greninja-Mega, L50, M, shiny
|-mega|p2b: Greninja|Greninja|Greninjite
|move|p1b: Arcanine|Heat Wave|p2b: Greninja
|-resisted|p2b: Greninja|1
|-damage|p2b: Greninja|0 fnt
|faint|p2b: Greninja
|
|win|brush44
||brush44 is ready for game 2.
|l|☆taykheed007
|player|p2|
|inactive|taykheed007 has 30 seconds to confirm battle start!
