|j|☆lewis94
|j|☆ULYSSE999
|html|lewis94ULYSSE999    
|uhtml|bestof|Game 2 of a best-of-3
|t:|1757006448
|gametype|doubles
|player|p1|lewis94|ethan-gen2|1114
|player|p2|ULYSSE999|cynthia-gen4|1000
|gen|9
|tier|[Gen 9] VGC 2025 Reg H (Bo3)
|rated|
|rule|Species Clause: Limit one of each Pokémon
|rule|Item Clause: Limit 1 of each item
|clearpoke
|poke|p1|Talonflame, L50, F|
|poke|p1|Ursaluna-Bloodmoon, L50, M|
|poke|p1|Tyranitar, L50, M|
|poke|p1|Sneasler, L50, M|
|poke|p1|Indeedee, L50, M|
|poke|p1|Electabuzz, L50, M|
|poke|p2|Kingambit, L50, M|
|poke|p2|Dragapult, L50, M|
|poke|p2|Grimmsnarl, L50, M|
|poke|p2|Garchomp, L50, M|
|poke|p2|Rillaboom, L50, M|
|poke|p2|Incineroar, L50, M|
|teampreview|4
|showteam|p1|Talonflame||CovertCloak|GaleWings|FlareBlitz,DualWingbeat,WillOWisp,Tailwind|||F|||50|,,,,,Fairy]Ursaluna-Bloodmoon||LifeOrb|MindsEye|BloodMoon,HyperVoice,EarthPower,Protect|||M|||50|,,,,,Normal]Tyranitar||AssaultVest|SandStream|RockSlide,KnockOff,TeraBlast,LowKick|||M|||50|,,,,,Flying]Sneasler||PsychicSeed|Unburden|DireClaw,CloseCombat,ThroatChop,Protect|||M|||50|,,,,,Dark]Indeedee||ChoiceScarf|PsychicSurge|ExpandingForce,TeraBlast,Protect,Trick|||M|||50|,,,,,Psychic]Electabuzz||Eviolite|VitalSpirit|Electroweb,FollowMe,Taunt,Protect|||M|||50|,,,,,Ghost
|showteam|p2|Kingambit||LifeOrb|Defiant|IronHead,KowtowCleave,SuckerPunch,Protect|||M|||50|,,,,,Fairy]Dragapult||ChoiceBand|ClearBody|DragonDarts,Outrage,PhantomForce,TeraBlast|||M|||50|,,,,,Ghost]Grimmsnarl||LightClay|Prankster|LightScreen,Reflect,SpiritBreak,ThunderWave|||M|||50|,,,,,Ghost]Garchomp||ClearAmulet|RoughSkin|DragonClaw,Earthquake,SwordsDance,Protect|||M|||50|,,,,,Fire]Rillaboom||AssaultVest|GrassySurge|FakeOut,GrassyGlide,Uturn,WoodHammer|||M|||50|,,,,,Fire]Incineroar||SafetyGoggles|Intimidate|FakeOut,FlareBlitz,KnockOff,WillOWisp|||M|||50|,,,,,Grass
|inactive|Battle timer is ON: inactive players will automatically lose when time's up. (requested by lewis94)
|inactive|ULYSSE999 also wants the timer to be on.
|
|t:|1757006462
|teamsize|p1|4
|teamsize|p2|4
|start
|switch|p1a: Sneasler|Sneasler, L50, M|100/100
|switch|p1b: Tyranitar|Tyranitar, L50, M|100/100
|switch|p2a: Grimmsnarl|Grimmsnarl, L50, M, shiny|100/100
|switch|p2b: Incineroar|Incineroar, L50, M, shiny|100/100
|-weather|Sandstorm|[from] ability: Sand Stream|[of] p1b: Tyranitar
|-ability|p2b: Incineroar|Intimidate|boost
|-unboost|p1a: Sneasler|atk|1
|-unboost|p1b: Tyranitar|atk|1
|turn|1
|
|t:|1757006479
|switch|p1b: Indeedee|Indeedee, L50, M|100/100
|-fieldstart|move: Psychic Terrain|[from] ability: Psychic Surge|[of] p1b: Indeedee
|-enditem|p1a: Sneasler|Psychic Seed
|-boost|p1a: Sneasler|spd|1|[from] item: Psychic Seed
|move|p2b: Incineroar|Fake Out|p1a: Sneasler
|-activate|p1a: Sneasler|move: Psychic Terrain
|move|p2a: Grimmsnarl|Reflect|p2a: Grimmsnarl
|-sidestart|p2: ULYSSE999|Reflect
|move|p1a: Sneasler|Dire Claw|p2a: Grimmsnarl
|-supereffective|p2a: Grimmsnarl
|-damage|p2a: Grimmsnarl|50/100
|
|-weather|Sandstorm|[upkeep]
|-damage|p1a: Sneasler|95/100|[from] Sandstorm
|-damage|p1b: Indeedee|95/100|[from] Sandstorm
|-damage|p2a: Grimmsnarl|45/100|[from] Sandstorm
|upkeep
|turn|2
|
|t:|1757006498
|switch|p1b: Talonflame|Talonflame, L50, F|100/100
|move|p2a: Grimmsnarl|Light Screen|p2a: Grimmsnarl
|-sidestart|p2: ULYSSE999|move: Light Screen
|move|p1a: Sneasler|Dire Claw|p2a: Grimmsnarl
|-supereffective|p2a: Grimmsnarl
|-damage|p2a: Grimmsnarl|0 fnt
|faint|p2a: Grimmsnarl
|move|p2b: Incineroar|Will-O-Wisp|p1a: Sneasler
|-status|p1a: Sneasler|brn
|
|-weather|Sandstorm|[upkeep]
|-damage|p1a: Sneasler|89/100 brn|[from] Sandstorm
|-damage|p1b: Talonflame|95/100|[from] Sandstorm
|-damage|p1a: Sneasler|84/100 brn|[from] brn
|upkeep
|inactive|ULYSSE999 has 30 seconds left.
|
|t:|1757006524
|switch|p2a: Garchomp|Garchomp, L50, M, shiny|100/100
|turn|3
|
|t:|1757006536
|-terastallize|p2a: Garchomp|Fire
|move|p1a: Sneasler|Dire Claw|p2a: Garchomp
|-damage|p2a: Garchomp|90/100
|-damage|p1a: Sneasler|72/100 brn|[from] ability: Rough Skin|[of] p2a: Garchomp
|move|p1b: Talonflame|Will-O-Wisp|p2a: Garchomp
|-immune|p2a: Garchomp
|move|p2a: Garchomp|Swords Dance|p2a: Garchomp
|-boost|p2a: Garchomp|atk|2
|move|p2b: Incineroar|Knock Off|p1b: Talonflame
|-damage|p1b: Talonflame|36/100
|-enditem|p1b: Talonflame|Covert Cloak|[from] move: Knock Off|[of] p2b: Incineroar
|
|-weather|Sandstorm|[upkeep]
|-damage|p1a: Sneasler|66/100 brn|[from] Sandstorm
|-damage|p1b: Talonflame|31/100|[from] Sandstorm
|-damage|p2a: Garchomp|84/100|[from] Sandstorm
|-damage|p1a: Sneasler|60/100 brn|[from] brn
|upkeep
|turn|4
|inactive|ULYSSE999 has 30 seconds left.
|
|t:|1757006567
|move|p1a: Sneasler|Dire Claw|p2a: Garchomp
|-damage|p2a: Garchomp|74/100
|-damage|p1a: Sneasler|48/100 brn|[from] ability: Rough Skin|[of] p2a: Garchomp
|move|p1b: Talonflame|Tailwind|p1b: Talonflame
|-sidestart|p1: lewis94|move: Tailwind
|move|p2a: Garchomp|Dragon Claw|p1a: Sneasler
|-damage|p1a: Sneasler|0 fnt
|faint|p1a: Sneasler
|move|p2b: Incineroar|Knock Off|p1b: Talonflame
|-damage|p1b: Talonflame|0 fnt
|faint|p1b: Talonflame
|
|-weather|Sandstorm|[upkeep]
|-damage|p2a: Garchomp|68/100|[from] Sandstorm
|upkeep
|
|t:|1757006581
|switch|p1b: Indeedee|Indeedee, L50, M|95/100
|switch|p1a: Tyranitar|Tyranitar, L50, M|100/100
|turn|5
|
|t:|1757006593
|-terastallize|p1b: Indeedee|Psychic
|move|p2a: Garchomp|Protect|p2a: Garchomp
|-singleturn|p2a: Garchomp|Protect
|move|p1b: Indeedee|Expanding Force|p2a: Garchomp|[spread] 
|-activate|p2a: Garchomp|move: Protect
|-immune|p2b: Incineroar
|move|p1a: Tyranitar|Rock Slide|p2b: Incineroar|[spread] p2b
|-activate|p2a: Garchomp|move: Protect
|-supereffective|p2b: Incineroar
|-damage|p2b: Incineroar|62/100
|cant|p2b: Incineroar|flinch
|
|-weather|none
|-fieldend|move: Psychic Terrain
|upkeep
|turn|6
|
|t:|1757006613
|move|p1b: Indeedee|Expanding Force|p2a: Garchomp
|-damage|p2a: Garchomp|31/100
|move|p1a: Tyranitar|Low Kick|p2b: Incineroar
|-supereffective|p2b: Incineroar
|-damage|p2b: Incineroar|21/100
|move|p2a: Garchomp|Earthquake|p1a: Tyranitar|[spread] p2b,p1a,p1b
|-supereffective|p2b: Incineroar
|-supereffective|p1a: Tyranitar
|-damage|p2b: Incineroar|0 fnt
|-damage|p1a: Tyranitar|0 fnt
|-damage|p1b: Indeedee|0 fnt
|faint|p2b: Incineroar
|faint|p1a: Tyranitar
|faint|p1b: Indeedee
|
|win|ULYSSE999
|raw|lewis94's rating: 1114 → 1081(-33 for losing)
|raw|ULYSSE999's rating: 1000 → 1053(+53 for winning)
|l|☆ULYSSE999
|player|p2|
