|j|☆HorrendousCheese
|j|☆TeyVgc
|html|HorrendousCheeseTeyVgc    
|uhtml|bestof|Game 3 of a best-of-3
|t:|1756955893
|gametype|doubles
|player|p1|HorrendousCheese|burglar|1288
|player|p2|TeyVgc|benga|1223
|gen|9
|tier|[Gen 9] VGC 2025 Reg H (Bo3)
|rated|
|rule|Species Clause: Limit one of each Pokémon
|rule|Item Clause: Limit 1 of each item
|clearpoke
|poke|p1|Maushold-Four, L50|
|poke|p1|Incineroar, L50, M|
|poke|p1|Pelipper, L50, F|
|poke|p1|Volcarona, L50, F|
|poke|p1|Rillaboom, L50, M|
|poke|p1|Archaludon, L50, F|
|poke|p2|Gholdengo, L50|
|poke|p2|Dragonite, L50, F|
|poke|p2|Sneasler, L50, F|
|poke|p2|Incineroar, L50, M|
|poke|p2|Indeedee, L50, M|
|poke|p2|Gastrodon, L50, M|
|teampreview|4
|showteam|p1|Maushold-Four||WideLens|Technician|Protect,FollowMe,ThunderWave,PopulationBomb||||||50|,,,,,Grass]Incineroar||SafetyGoggles|Intimidate|PartingShot,Taunt,FakeOut,KnockOff|||M|||50|,,,,,Ghost]Pelipper||FocusSash|Drizzle|Protect,Tailwind,Hurricane,MuddyWater|||F|||50|,,,,,Ghost]Volcarona||GrassySeed|FlameBody|Protect,QuiverDance,TeraBlast,HeatWave|||F|||50|,,,,,Fairy]Rillaboom||AssaultVest|GrassySurge|Uturn,FakeOut,GrassyGlide,WoodHammer|||M|||50|,,,,,Fire]Archaludon||PowerHerb|Sturdy|Protect,Thunderbolt,ElectroShot,DragonPulse|||F|||50|,,,,,Electric
|showteam|p2|Gholdengo||LifeOrb|GoodasGold|Protect,MakeItRain,ShadowBall,NastyPlot||||||50|,,,,,Water]Dragonite||LoadedDice|Multiscale|ScaleShot,Tailwind,Haze,Protect|||F|||50|,,,,,Fairy]Sneasler||PsychicSeed|Unburden|Protect,DireClaw,CloseCombat,ThroatChop|||F|||50|,,,,,Dark]Incineroar||SafetyGoggles|Intimidate|KnockOff,PartingShot,FlareBlitz,FakeOut|||M|||50|,,,,,Ghost]Indeedee||FocusSash|PsychicSurge|ExpandingForce,TrickRoom,Imprison,TeraBlast|||M|||50|,,,,,Fighting]Gastrodon||Leftovers|StormDrain|EarthPower,Yawn,Recover,IceBeam|||M|||50|,,,,,Poison
|
|t:|1756955929
|teamsize|p1|4
|teamsize|p2|4
|start
|switch|p1a: Maushold|Maushold-Four, L50|100/100
|switch|p1b: Incineroar|Incineroar, L50, M|100/100
|switch|p2a: Incineroar|Incineroar, L50, M|100/100
|switch|p2b: Dragonite|Dragonite, L50, F|100/100
|-ability|p1b: Incineroar|Intimidate|boost
|-unboost|p2a: Incineroar|atk|1
|-unboost|p2b: Dragonite|atk|1
|-ability|p2a: Incineroar|Intimidate|boost
|-unboost|p1a: Maushold|atk|1
|-unboost|p1b: Incineroar|atk|1
|turn|1
|inactive|Battle timer is ON: inactive players will automatically lose when time's up. (requested by HorrendousCheese)
|
|t:|1756955988
|move|p2b: Dragonite|Protect|p2b: Dragonite
|-singleturn|p2b: Dragonite|Protect
|move|p1b: Incineroar|Fake Out|p2b: Dragonite
|-activate|p2b: Dragonite|move: Protect
|move|p1a: Maushold|Population Bomb|p2a: Incineroar
|-damage|p2a: Incineroar|93/100
|-damage|p2a: Incineroar|85/100
|-damage|p2a: Incineroar|79/100
|-damage|p2a: Incineroar|72/100
|-damage|p2a: Incineroar|66/100
|-damage|p2a: Incineroar|58/100
|-damage|p2a: Incineroar|51/100
|-damage|p2a: Incineroar|43/100
|-damage|p2a: Incineroar|36/100
|-damage|p2a: Incineroar|29/100
|-hitcount|p2a: Incineroar|10
|move|p2a: Incineroar|Knock Off|p1a: Maushold
|-damage|p1a: Maushold|52/100
|-enditem|p1a: Maushold|Wide Lens|[from] move: Knock Off|[of] p2a: Incineroar
|
|upkeep
|turn|2
|inactive|TeyVgc has 30 seconds left.
|
|t:|1756956020
|move|p1a: Maushold|Thunder Wave|p2b: Dragonite
|-status|p2b: Dragonite|par
|move|p1b: Incineroar|Taunt|p2b: Dragonite
|-start|p2b: Dragonite|move: Taunt
|move|p2a: Incineroar|Parting Shot|p1b: Incineroar
|-unboost|p1b: Incineroar|atk|1
|-unboost|p1b: Incineroar|spa|1
|
|t:|1756956028
|switch|p2a: Sneasler|Sneasler, L50, F|100/100|[from] Parting Shot
|cant|p2b: Dragonite|par
|
|upkeep
|turn|3
|inactive|HorrendousCheese has 30 seconds left.
|inactive|TeyVgc has 30 seconds left.
|
|t:|1756956058
|move|p2a: Sneasler|Close Combat|p1b: Incineroar
|-supereffective|p1b: Incineroar
|-damage|p1b: Incineroar|0 fnt
|-unboost|p2a: Sneasler|def|1
|-unboost|p2a: Sneasler|spd|1
|faint|p1b: Incineroar
|move|p1a: Maushold|Population Bomb|p2b: Dragonite
|-damage|p2b: Dragonite|97/100 par
|-damage|p2b: Dragonite|88/100 par
|-damage|p2b: Dragonite|79/100 par
|-damage|p2b: Dragonite|71/100 par
|-damage|p2b: Dragonite|63/100 par
|-damage|p2b: Dragonite|54/100 par
|-damage|p2b: Dragonite|45/100 par
|-damage|p2b: Dragonite|37/100 par
|-damage|p2b: Dragonite|28/100 par
|-damage|p2b: Dragonite|19/100 par
|-hitcount|p2b: Dragonite|10
|move|p2b: Dragonite|Scale Shot|p1a: Maushold
|-damage|p1a: Maushold|35/100
|-damage|p1a: Maushold|18/100
|-damage|p1a: Maushold|2/100
|-damage|p1a: Maushold|0 fnt
|faint|p1a: Maushold
|-hitcount|p1: Maushold|4
|-unboost|p2b: Dragonite|def|1
|-boost|p2b: Dragonite|spe|1
|
|upkeep
|
|t:|1756956063
|switch|p1a: Rillaboom|Rillaboom, L50, M|100/100
|switch|p1b: Volcarona|Volcarona, L50, F|100/100
|-fieldstart|move: Grassy Terrain|[from] ability: Grassy Surge|[of] p1a: Rillaboom
|-enditem|p1b: Volcarona|Grassy Seed
|-boost|p1b: Volcarona|def|1|[from] item: Grassy Seed
|turn|4
|inactive|TeyVgc has 30 seconds left.
|
|t:|1756956095
|switch|p2a: Incineroar|Incineroar, L50, M|29/100
|-ability|p2a: Incineroar|Intimidate|boost
|-unboost|p1a: Rillaboom|atk|1
|-unboost|p1b: Volcarona|atk|1
|move|p1b: Volcarona|Quiver Dance|p1b: Volcarona
|-boost|p1b: Volcarona|spa|1
|-boost|p1b: Volcarona|spd|1
|-boost|p1b: Volcarona|spe|1
|move|p1a: Rillaboom|Wood Hammer|p2b: Dragonite
|-resisted|p2b: Dragonite
|-damage|p2b: Dragonite|0 fnt
|faint|p2b: Dragonite
|-damage|p1a: Rillaboom|95/100|[from] Recoil
|
|-heal|p1a: Rillaboom|100/100|[from] Grassy Terrain
|-heal|p2a: Incineroar|35/100|[from] Grassy Terrain
|upkeep
|inactive|TeyVgc has 30 seconds left.
|
|t:|1756956128
|switch|p2b: Sneasler|Sneasler, L50, F|100/100
|turn|5
|inactive|HorrendousCheese has 30 seconds left.
|inactive|TeyVgc has 30 seconds left.
|
|t:|1756956158
|-terastallize|p1a: Rillaboom|Fire
|move|p2b: Sneasler|Protect|p2b: Sneasler
|-singleturn|p2b: Sneasler|Protect
|move|p1b: Volcarona|Heat Wave|p2b: Sneasler|[spread] p2a
|-activate|p2b: Sneasler|move: Protect
|-resisted|p2a: Incineroar
|-damage|p2a: Incineroar|15/100
|move|p1a: Rillaboom|Wood Hammer|p2b: Sneasler
|-activate|p2b: Sneasler|move: Protect
|move|p2a: Incineroar|Flare Blitz|p1b: Volcarona
|-crit|p1b: Volcarona
|-damage|p1b: Volcarona|0 fnt
|faint|p1b: Volcarona
|-damage|p2a: Incineroar|0 fnt|[from] Recoil
|faint|p2a: Incineroar
|
|upkeep
|
|t:|1756956171
|switch|p2a: Indeedee|Indeedee, L50, M|100/100
|-fieldstart|move: Psychic Terrain|[from] ability: Psychic Surge|[of] p2a: Indeedee
|-enditem|p2b: Sneasler|Psychic Seed
|-boost|p2b: Sneasler|spd|1|[from] item: Psychic Seed
|turn|6
|-message|HorrendousCheese forfeited.
|raw|HorrendousCheese's rating: 1288 → 1258(-30 for losing)
|raw|TeyVgc's rating: 1223 → 1253(+30 for winning)
|
|win|TeyVgc
