|j|☆grendel zolga
|j|‽7triplo7sette7
|html|grendel zolga7triplo7sette7    
|uhtml|bestof|Game 2 of a best-of-3
|t:|1756729471
|gametype|doubles
|player|p1|grendel zolga|265|1039
|player|p2|7triplo7sette7|giovanni|1032
|gen|9
|tier|[Gen 9] VGC 2025 Reg H (Bo3)
|rated|
|rule|Species Clause: Limit one of each Pokémon
|rule|Item Clause: Limit 1 of each item
|clearpoke
|poke|p1|Gyarados, L50, M|
|poke|p1|Sneasler, L50, F|
|poke|p1|Indeedee, L50, M|
|poke|p1|Volcarona, L50, F|
|poke|p1|Ursaluna-Bloodmoon, L50, M|
|poke|p1|Tyranitar, L50, M|
|poke|p2|Tyranitar, L50, F|
|poke|p2|Garchomp, L50, F|
|poke|p2|Corviknight, L50, F|
|poke|p2|Indeedee-F, L50, F|
|poke|p2|Gallade, L50, M|
|poke|p2|Amoonguss, L50, F|
|teampreview|4
|showteam|p1|Gyarados||SafetyGoggles|Intimidate|Taunt,ThunderWave,Waterfall,Protect|||M|||50|,,,,,Steel]Sneasler||PsychicSeed|Unburden|CloseCombat,DireClaw,ThroatChop,Protect|||F|||50|,,,,,Dark]Indeedee||ChoiceScarf|PsychicSurge|ExpandingForce,TeraBlast,Trick,Protect|||M|||50|,,,,,Psychic]Volcarona||SitrusBerry|FlameBody|Overheat,StruggleBug,RagePowder,Tailwind|||F|||50|,,,,,Grass]Ursaluna-Bloodmoon||LifeOrb|MindsEye|HyperVoice,BloodMoon,EarthPower,Protect|||M|||50|,,,,,Normal]Tyranitar||AssaultVest|SandStream|LowKick,TeraBlast,KnockOff,RockSlide|||M|||50|,,,,,Flying
|showteam|p2|Tyranitar||AssaultVest|SandStream|TeraBlast,StoneEdge,Crunch,BodyPress|||F|||50|,,,,,Flying]Garchomp||BrightPowder|SandVeil|DragonClaw,Protect,SwordsDance,Earthquake|||F|||50|,,,,,Steel]Corviknight||LifeOrb|MirrorArmor|Tailwind,Roost,IronHead,BraveBird|||F|||50|,,,,,Fairy]Indeedee-F||RockyHelmet|PsychicSurge|FollowMe,HelpingHand,TrickRoom,DazzlingGleam|||F|||50|,,,,,Psychic]Gallade||ClearAmulet|Sharpness|PsychoCut,KnockOff,Protect,CloseCombat|||M|||50|,,,,,Dark]Amoonguss||SitrusBerry|Regenerator|Spore,RagePowder,Protect,PollenPuff|||F|||50|,,,,,Grass
|inactive|Battle timer is ON: inactive players will automatically lose when time's up. (requested by 7triplo7sette7)
|inactive|grendel zolga has 60 seconds left.
|inactive|7triplo7sette7 has 60 seconds left.
|
|t:|1756729524
|teamsize|p1|4
|teamsize|p2|4
|start
|switch|p1a: Gyarados|Gyarados, L50, M, shiny|100/100
|switch|p1b: Ursaluna|Ursaluna-Bloodmoon, L50, M|100/100
|switch|p2a: Corviknight|Corviknight, L50, F|100/100
|switch|p2b: Gallade|Gallade, L50, M|100/100
|-ability|p1a: Gyarados|Intimidate|boost
|-ability|p2a: Corviknight|Mirror Armor
|-unboost|p1a: Gyarados|atk|1
|-fail|p2b: Gallade|unboost|[from] item: Clear Amulet|[of] p2b: Gallade
|turn|1
|inactive|7triplo7sette7 has 30 seconds left.
|
|t:|1756729559
|move|p1b: Ursaluna|Protect|p1b: Ursaluna
|-singleturn|p1b: Ursaluna|Protect
|move|p2b: Gallade|Close Combat|p1b: Ursaluna
|-activate|p1b: Ursaluna|move: Protect
|move|p1a: Gyarados|Thunder Wave|p2b: Gallade
|-status|p2b: Gallade|par
|move|p2a: Corviknight|Brave Bird|p1a: Gyarados
|-damage|p1a: Gyarados|35/100
|-damage|p2a: Corviknight|80/100|[from] Recoil
|-damage|p2a: Corviknight|70/100|[from] item: Life Orb
|
|upkeep
|turn|2
|inactive|grendel zolga has 30 seconds left.
|
|t:|1756729584
|-terastallize|p1b: Ursaluna|Normal
|move|p1a: Gyarados|Thunder Wave|p2a: Corviknight
|-status|p2a: Corviknight|par
|move|p1b: Ursaluna|Hyper Voice|p2a: Corviknight|[spread] p2a,p2b
|-resisted|p2a: Corviknight
|-damage|p2a: Corviknight|37/100 par
|-damage|p2b: Gallade|25/100 par
|-damage|p1b: Ursaluna|91/100|[from] item: Life Orb
|move|p2b: Gallade|Close Combat|p1b: Ursaluna
|-supereffective|p1b: Ursaluna
|-damage|p1b: Ursaluna|0 fnt
|-unboost|p2b: Gallade|def|1
|-unboost|p2b: Gallade|spd|1
|faint|p1b: Ursaluna
|move|p2a: Corviknight|Tailwind|p2a: Corviknight
|-sidestart|p2: 7triplo7sette7|move: Tailwind
|
|upkeep
|
|t:|1756729592
|switch|p1b: Indeedee|Indeedee, L50, M, shiny|100/100
|-fieldstart|move: Psychic Terrain|[from] ability: Psychic Surge|[of] p1b: Indeedee
|turn|3
|inactive|7triplo7sette7 has 30 seconds left.
|
|t:|1756729618
|switch|p1a: Sneasler|Sneasler, L50, F|100/100
|-enditem|p1a: Sneasler|Psychic Seed
|-boost|p1a: Sneasler|spd|1|[from] item: Psychic Seed
|cant|p2b: Gallade|par
|move|p1b: Indeedee|Expanding Force|p2b: Gallade|[spread] p2a,p2b
|-resisted|p2a: Corviknight
|-damage|p2a: Corviknight|9/100 par
|-damage|p2b: Gallade|0 fnt
|faint|p2b: Gallade
|move|p2a: Corviknight|Brave Bird|p1a: Sneasler
|-supereffective|p1a: Sneasler
|-damage|p1a: Sneasler|0 fnt
|faint|p1a: Sneasler
|-damage|p2a: Corviknight|0 fnt|[from] Recoil
|faint|p2a: Corviknight
|
|upkeep
|
|t:|1756729626
|switch|p1a: Gyarados|Gyarados, L50, M, shiny|35/100
|switch|p2b: Tyranitar|Tyranitar, L50, F|100/100
|switch|p2a: Indeedee|Indeedee-F, L50, F|100/100
|-weather|Sandstorm|[from] ability: Sand Stream|[of] p2b: Tyranitar
|-ability|p1a: Gyarados|Intimidate|boost
|-unboost|p2a: Indeedee|atk|1
|-unboost|p2b: Tyranitar|atk|1
|turn|4
|inactive|grendel zolga has 30 seconds left.
|inactive|7triplo7sette7 has 30 seconds left.
|inactive|7triplo7sette7 has 20 seconds left.
|inactive|7triplo7sette7 has 15 seconds left.
|inactive|7triplo7sette7 has 10 seconds left.
|
|t:|1756729674
|-terastallize|p2b: Tyranitar|Flying
|move|p2a: Indeedee|Helping Hand|p2b: Tyranitar
|-singleturn|p2b: Tyranitar|Helping Hand|[of] p2a: Indeedee
|move|p1b: Indeedee|Expanding Force|p2a: Indeedee|[spread] p2a,p2b
|-resisted|p2a: Indeedee
|-crit|p2a: Indeedee
|-damage|p2a: Indeedee|58/100
|-damage|p2b: Tyranitar|70/100
|move|p2b: Tyranitar|Crunch|p1a: Gyarados
|-damage|p1a: Gyarados|0 fnt
|faint|p1a: Gyarados
|
|-weather|Sandstorm|[upkeep]
|-damage|p1b: Indeedee|95/100|[from] Sandstorm
|-damage|p2a: Indeedee|52/100|[from] Sandstorm
|-damage|p2b: Tyranitar|64/100|[from] Sandstorm
|upkeep
|turn|5
|
|t:|1756729685
|move|p2a: Indeedee|Helping Hand|p2b: Tyranitar
|-singleturn|p2b: Tyranitar|Helping Hand|[of] p2a: Indeedee
|move|p1b: Indeedee|Expanding Force|p2b: Tyranitar|[spread] p2a,p2b
|-resisted|p2a: Indeedee
|-damage|p2a: Indeedee|26/100
|-damage|p2b: Tyranitar|34/100
|move|p2b: Tyranitar|Crunch|p1b: Indeedee
|-supereffective|p1b: Indeedee
|-damage|p1b: Indeedee|0 fnt
|faint|p1b: Indeedee
|
|win|7triplo7sette7
||7triplo7sette7 is ready for game 3.
||grendel zolga is ready for game 3.
|uhtml|next|Next: Game 3 of 3
