|j|☆Pelosis
|j|☆Iultimatemage
|html|PelosisIultimatemage    
|uhtml|bestof|Game 2 of a best-of-3
|t:|1783701985
|gametype|doubles
|player|p1|Pelosis|101|1000
|player|p2|Iultimatemage|169|1086
|gen|9
|tier|[Gen 9 Champions] VGC 2026 Reg M-B (Bo3)
|rated|
|rule|Species Clause: Limit one of each Pokémon
|rule|Item Clause: Limit 1 of each item
|clearpoke
|poke|p1|Mawile, L50, M|
|poke|p1|Farigiraf, L50, F|
|poke|p1|Incineroar, L50, M|
|poke|p1|Torkoal, L50, M|
|poke|p1|Venusaur, L50, M|
|poke|p1|Scrafty, L50, F|
|poke|p2|Eelektross, L50, F|
|poke|p2|Whimsicott, L50, F|
|poke|p2|Mamoswine, L50, M|
|poke|p2|Gholdengo, L50|
|poke|p2|Sneasler, L50, F|
|poke|p2|Politoed, L50, M|
|teampreview|4
|showteam|p1|Mawile||Mawilite|HyperCutter|Protect,PlayRough,RockSlide,IronHead|Brave||M|||50|]Farigiraf||SitrusBerry|ArmorTail|TrickRoom,TwinBeam,Thunderbolt,HelpingHand|Quiet||F|||50|]Incineroar||WhiteHerb|Intimidate|FakeOut,CloseCombat,FlareBlitz,ThroatChop|Brave||M|||50|]Torkoal||Charcoal|Drought|Protect,Eruption,HeatWave,WeatherBall|Quiet||M|||50|]Venusaur||FocusSash|Chlorophyll|SleepPowder,EarthPower,EnergyBall,SludgeBomb|Modest||M|||50|]Scrafty||Scraftinite|Intimidate|FakeOut,CloseCombat,KnockOff,IcePunch|Brave||F|||50|
|showteam|p2|Eelektross||Eelektrossite|Levitate|Thunderbolt,Flamethrower,GrassKnot,Protect|Timid||F|||50|]Whimsicott||FocusSash|Prankster|Moonblast,Encore,Tailwind,Protect|Timid||F|||50|]Mamoswine||ChoiceScarf|Oblivious|Earthquake,IcicleSpear,IceShard,RockSlide|Jolly||M|||50|]Gholdengo||LifeOrb|GoodasGold|NastyPlot,ShadowBall,MakeItRain,Protect|Modest|||||50|]Sneasler||WhiteHerb|Unburden|FakeOut,CloseCombat,DireClaw,Protect|Jolly||F|||50|]Politoed||Leftovers|Drizzle|Encore,WeatherBall,IcyWind,Protect|Calm||M|||50|
|inactive|Battle timer is ON: inactive players will automatically lose when time's up. (requested by Iultimatemage)
|inactive|Pelosis has 60 seconds left.
|inactive|Pelosis has 30 seconds left.
|inactive|Pelosis has 20 seconds left.
|inactive|Pelosis has 15 seconds left.
|inactive|Pelosis has 10 seconds left.
|
|t:|1783702070
|teamsize|p1|4
|teamsize|p2|4
|start
|switch|p1a: Venusaur|Venusaur, L50, M|100/100
|switch|p1b: Torkoal|Torkoal, L50, M|100/100
|switch|p2a: Gholdengo|Gholdengo, L50|100/100
|switch|p2b: Sneasler|Sneasler, L50, F|100/100
|-weather|SunnyDay|[from] ability: Drought|[of] p1b: Torkoal
|turn|1
|inactive|Pelosis has 30 seconds left.
|inactive|Iultimatemage has 30 seconds left.
|inactive|Pelosis has 20 seconds left.
|inactive|Pelosis has 15 seconds left.
|inactive|Pelosis has 10 seconds left.
|
|t:|1783702118
|switch|p2a: Politoed|Politoed, L50, M|100/100
|-weather|RainDance|[from] ability: Drizzle|[of] p2a: Politoed
|switch|p1b: Farigiraf|Farigiraf, L50, F|100/100
|move|p2b: Sneasler|Fake Out||[still]
|cant|p1b: Farigiraf|ability: Armor Tail|Fake Out|[of] p2b: Sneasler
|move|p1a: Venusaur|Sleep Powder|p2b: Sneasler
|-status|p2b: Sneasler|slp|[from] move: Sleep Powder
|
|-weather|RainDance|[upkeep]
|upkeep
|turn|2
|inactive|Pelosis has 30 seconds left.
|inactive|Iultimatemage has 30 seconds left.
|
|t:|1783702148
|switch|p2b: Eelektross|Eelektross, L50, F|100/100
|switch|p2a: Gholdengo|Gholdengo, L50|100/100
|move|p1a: Venusaur|Energy Ball|p2a: Gholdengo
|-resisted|p2a: Gholdengo|1
|-damage|p2a: Gholdengo|78/100
|move|p1b: Farigiraf|Twin Beam|p2b: Eelektross
|-damage|p2b: Eelektross|75/100
|-damage|p2b: Eelektross|53/100
|-hitcount|p2b: Eelektross|2
|
|-weather|RainDance|[upkeep]
|upkeep
|turn|3
|inactive|Pelosis has 30 seconds left.
|inactive|Pelosis has 20 seconds left.
|
|t:|1783702184
|detailschange|p2b: Eelektross|Eelektross-Mega, L50, F
|-mega|p2b: Eelektross|Eelektross|Eelektrossite
|move|p2b: Eelektross|Thunderbolt|p1b: Farigiraf
|-damage|p1b: Farigiraf|54/100
|move|p1a: Venusaur|Earth Power|p2a: Gholdengo
|-supereffective|p2a: Gholdengo|1
|-damage|p2a: Gholdengo|16/100
|move|p2a: Gholdengo|Make It Rain|p1b: Farigiraf|[spread] p1a,p1b
|-damage|p1a: Venusaur|22/100
|-damage|p1b: Farigiraf|0 fnt
|-unboost|p2a: Gholdengo|spa|2
|faint|p1b: Farigiraf
|-damage|p2a: Gholdengo|6/100|[from] item: Life Orb
|
|-weather|RainDance|[upkeep]
|upkeep
|inactive|Pelosis has 30 seconds left.
|
|t:|1783702217
|switch|p1b: Mawile|Mawile, L50, M|100/100
|turn|4
|
|t:|1783702228
|switch|p2b: Politoed|Politoed, L50, M|100/100
|switch|p1b: Torkoal|Torkoal, L50, M|100/100
|-weather|SunnyDay|[from] ability: Drought|[of] p1b: Torkoal
|move|p1a: Venusaur|Sleep Powder|p2b: Politoed
|-status|p2b: Politoed|slp|[from] move: Sleep Powder
|move|p2a: Gholdengo|Shadow Ball|p1a: Venusaur
|-damage|p1a: Venusaur|0 fnt
|faint|p1a: Venusaur
|-damage|p2a: Gholdengo|0 fnt|[from] item: Life Orb
|faint|p2a: Gholdengo
|
|-weather|SunnyDay|[upkeep]
|upkeep
|
|t:|1783702247
|switch|p1a: Mawile|Mawile, L50, M|100/100
|switch|p2a: Sneasler|Sneasler, L50, F|100/100 slp
|turn|5
|inactive|Iultimatemage has 30 seconds left.
|
|t:|1783702273
|detailschange|p1a: Mawile|Mawile-Mega, L50, M
|-mega|p1a: Mawile|Mawile|Mawilite
|cant|p2a: Sneasler|slp
|cant|p2b: Politoed|slp
|move|p1a: Mawile|Iron Head|p2a: Sneasler
|-damage|p2a: Sneasler|0 fnt
|faint|p2a: Sneasler
|move|p1b: Torkoal|Eruption|p2b: Politoed
|-resisted|p2b: Politoed|1
|-damage|p2b: Politoed|58/100 slp
|
|-weather|SunnyDay|[upkeep]
|-heal|p2b: Politoed|64/100 slp|[from] item: Leftovers
|upkeep
|
|t:|1783702275
|switch|p2a: Eelektross|Eelektross-Mega, L50, F|53/100
|turn|6
|inactive|Pelosis has 30 seconds left.
|inactive|Pelosis has 20 seconds left.
|inactive|Pelosis has 15 seconds left.
|inactive|Pelosis has 10 seconds left.
|
|t:|1783702322
|move|p2a: Eelektross|Protect|p2a: Eelektross
|-singleturn|p2a: Eelektross|Protect
|-curestatus|p2b: Politoed|slp|[msg]
|move|p2b: Politoed|Weather Ball|p1a: Mawile
|-supereffective|p1a: Mawile|1
|-damage|p1a: Mawile|18/100
|move|p1a: Mawile|Play Rough|p2b: Politoed
|-damage|p2b: Politoed|0 fnt
|faint|p2b: Politoed
|move|p1b: Torkoal|Heat Wave|p2a: Eelektross
|-activate|p2a: Eelektross|move: Protect
|
|-weather|SunnyDay|[upkeep]
|upkeep
|turn|7
|inactive|Pelosis has 30 seconds left.
|
|t:|1783702347
|move|p2a: Eelektross|Thunderbolt|p1a: Mawile
|-damage|p1a: Mawile|0 fnt
|faint|p1a: Mawile
|-ability|p2a: Eelektross|Eelevate|boost
|-boost|p2a: Eelektross|spa|1
|move|p1b: Torkoal|Weather Ball|p2a: Eelektross
|-damage|p2a: Eelektross|0 fnt
|faint|p2a: Eelektross
|
|win|Pelosis
|raw|Pelosis's rating: 1000 → 1050(+50 for winning)
|raw|Iultimatemage's rating: 1086 → 1058(-28 for losing)
