|j|☆waLooG
|j|☆Alysonz
|html|waLooGAlysonz    
|uhtml|bestof|Game 3 of a best-of-3
|t:|1784587769
|gametype|doubles
|player|p1|waLooG|brycenman|1121
|player|p2|Alysonz|steven|1080
|gen|9
|tier|[Gen 9 Champions] VGC 2026 Reg M-B (Bo3)
|rated|
|rule|Species Clause: Limit one of each Pokémon
|rule|Item Clause: Limit 1 of each item
|clearpoke
|poke|p1|Hydrapple, L50, F|
|poke|p1|Farigiraf, L50, F|
|poke|p1|Incineroar, L50, M|
|poke|p1|Araquanid, L50, F|
|poke|p1|Mawile, L50, F|
|poke|p1|Sableye, L50, F|
|poke|p2|Pelipper, L50, M|
|poke|p2|Basculegion, L50, M|
|poke|p2|Gardevoir, L50, M|
|poke|p2|Garchomp, L50, F|
|poke|p2|Incineroar, L50, F|
|poke|p2|Scizor, L50, M|
|teampreview|4
|showteam|p1|Hydrapple||LifeOrb|Regenerator|Protect,EnergyBall,EarthPower,FickleBeam|Quiet||F|||50|]Farigiraf||SitrusBerry|ArmorTail|Protect,TwinBeam,Thunderbolt,TrickRoom|Bold||F|||50|]Incineroar||ChopleBerry|Intimidate|FakeOut,FlareBlitz,PartingShot,HelpingHand|Careful||M|||50|]Araquanid||MysticWater|WaterBubble|Protect,Liquidation,Lunge,WideGuard|Brave||F|||50|]Mawile||Mawilite|HyperCutter|Protect,IronHead,PlayRough,SuckerPunch|Brave||F|||50|]Sableye||RoseliBerry|Prankster|WillOWisp,Encore,RainDance,Reflect|Careful||F|||50|
|showteam|p2|Pelipper||FocusSash|Drizzle|Protect,Hurricane,IceBeam,Tailwind|Modest||M|||50|]Basculegion||MysticWater|SwiftSwim|AquaJet,LastRespects,WaveCrash,Protect|Adamant||M|||50|]Gardevoir||Gardevoirite|Telepathy|HyperVoice,Psychic,EnergyBall,Protect|Modest||M|||50|]Garchomp||LifeOrb|RoughSkin|DragonClaw,Earthquake,RockSlide,Protect|Adamant||F|||50|]Incineroar||SitrusBerry|Intimidate|DarkestLariat,FakeOut,Taunt,PartingShot|Careful||F|||50|]Scizor||Leftovers|Technician|BulletPunch,CloseCombat,BugBite,Protect|Adamant||M|||50|
|inactive|Battle timer is ON: inactive players will automatically lose when time's up. (requested by Alysonz)
|inactive|waLooG has 60 seconds left.
|
|t:|1784587800
|teamsize|p1|4
|teamsize|p2|4
|start
|switch|p1a: Farigiraf|Farigiraf, L50, F|100/100
|switch|p1b: Incineroar|Incineroar, L50, M|100/100
|switch|p2a: Pelipper|Pelipper, L50, M|100/100
|switch|p2b: Scizor|Scizor, L50, M|100/100
|-weather|RainDance|[from] ability: Drizzle|[of] p2a: Pelipper
|-ability|p1b: Incineroar|Intimidate|boost
|-unboost|p2a: Pelipper|atk|1
|-unboost|p2b: Scizor|atk|1
|turn|1
|
|t:|1784587819
|switch|p2b: Incineroar|Incineroar, L50, F|100/100
|-ability|p2b: Incineroar|Intimidate|boost
|-unboost|p1a: Farigiraf|atk|1
|-unboost|p1b: Incineroar|atk|1
|move|p1b: Incineroar|Fake Out|p2b: Incineroar
|-damage|p2b: Incineroar|93/100
|move|p2a: Pelipper|Hurricane|p1a: Farigiraf
|-damage|p1a: Farigiraf|49/100
|-start|p1a: Farigiraf|confusion
|-enditem|p1a: Farigiraf|Sitrus Berry|[eat]
|-heal|p1a: Farigiraf|74/100|[from] item: Sitrus Berry
|-activate|p1a: Farigiraf|confusion
|move|p1a: Farigiraf|Trick Room|p1a: Farigiraf
|-fieldstart|move: Trick Room|[of] p1a: Farigiraf
|
|-weather|RainDance|[upkeep]
|upkeep
|turn|2
|
|t:|1784587840
|switch|p1b: Mawile|Mawile, L50, F|100/100
|switch|p2a: Garchomp|Garchomp, L50, F|100/100
|-activate|p1a: Farigiraf|confusion
|move|p1a: Farigiraf|Protect|p1a: Farigiraf
|-singleturn|p1a: Farigiraf|Protect
|move|p2b: Incineroar|Darkest Lariat|p1a: Farigiraf
|-activate|p1a: Farigiraf|move: Protect
|
|-weather|RainDance|[upkeep]
|upkeep
|turn|3
|
|t:|1784587857
|switch|p1a: Araquanid|Araquanid, L50, F|100/100
|detailschange|p1b: Mawile|Mawile-Mega, L50, F
|-mega|p1b: Mawile|Mawile|Mawilite
|move|p2a: Garchomp|Protect|p2a: Garchomp
|-singleturn|p2a: Garchomp|Protect
|move|p1b: Mawile|Play Rough|p2a: Garchomp
|-activate|p2a: Garchomp|move: Protect
|move|p2b: Incineroar|Darkest Lariat|p1a: Araquanid
|-damage|p1a: Araquanid|65/100
|
|-weather|RainDance|[upkeep]
|upkeep
|turn|4
|
|t:|1784587883
|switch|p2b: Pelipper|Pelipper, L50, M|100/100
|switch|p2a: Scizor|Scizor, L50, M|100/100
|move|p1a: Araquanid|Liquidation|p2a: Scizor
|-damage|p2a: Scizor|0 fnt
|faint|p2a: Scizor
|move|p1b: Mawile|Play Rough|p2b: Pelipper
|-enditem|p2b: Pelipper|Focus Sash
|-damage|p2b: Pelipper|1/100
|
|-weather|RainDance|[upkeep]
|upkeep
|
|t:|1784587899
|switch|p2a: Incineroar|Incineroar, L50, F|93/100
|-ability|p2a: Incineroar|Intimidate|boost
|-unboost|p1a: Araquanid|atk|1
|-unboost|p1b: Mawile|atk|1
|turn|5
|
|t:|1784587911
|switch|p1b: Farigiraf|Farigiraf, L50, F|74/100
|move|p2a: Incineroar|Fake Out||[still]
|cant|p1b: Farigiraf|ability: Armor Tail|Fake Out|[of] p2a: Incineroar
|move|p1a: Araquanid|Liquidation|p2a: Incineroar
|-supereffective|p2a: Incineroar|1
|-damage|p2a: Incineroar|0 fnt
|faint|p2a: Incineroar
|move|p2b: Pelipper|Hurricane|p1a: Araquanid
|-supereffective|p1a: Araquanid|1
|-damage|p1a: Araquanid|0 fnt
|faint|p1a: Araquanid
|
|-weather|none
|-fieldend|move: Trick Room
|upkeep
|
|t:|1784587925
|switch|p2a: Garchomp|Garchomp, L50, F|100/100
|switch|p1a: Incineroar|Incineroar, L50, M|100/100
|-ability|p1a: Incineroar|Intimidate|boost
|-unboost|p2a: Garchomp|atk|1
|-unboost|p2b: Pelipper|atk|1
|turn|6
|
|t:|1784587939
|move|p2b: Pelipper|Protect|p2b: Pelipper
|-singleturn|p2b: Pelipper|Protect
|move|p1a: Incineroar|Fake Out|p2a: Garchomp
|-damage|p2a: Garchomp|88/100
|-damage|p1a: Incineroar|87/100|[from] ability: Rough Skin|[of] p2a: Garchomp
|cant|p2a: Garchomp|flinch
|move|p1b: Farigiraf|Trick Room|p1b: Farigiraf
|-fieldstart|move: Trick Room|[of] p1b: Farigiraf
|
|upkeep
|turn|7
|
|t:|1784587953
|move|p1b: Farigiraf|Thunderbolt|p2b: Pelipper
|-supereffective|p2b: Pelipper|2
|-damage|p2b: Pelipper|0 fnt
|faint|p2b: Pelipper
|move|p1a: Incineroar|Parting Shot|p2a: Garchomp
|-unboost|p2a: Garchomp|atk|1
|-unboost|p2a: Garchomp|spa|1
|
|t:|1784587955
|switch|p1a: Mawile|Mawile-Mega, L50, F|100/100|[from] Parting Shot
|move|p2a: Garchomp|Earthquake|p1a: Mawile|[spread] p1a,p1b
|-supereffective|p1a: Mawile|1
|-damage|p1a: Mawile|43/100
|-damage|p1b: Farigiraf|55/100
|-damage|p2a: Garchomp|78/100|[from] item: Life Orb
|
|upkeep
|turn|8
|
|t:|1784587968
|switch|p1b: Incineroar|Incineroar, L50, M|87/100
|-ability|p1b: Incineroar|Intimidate|boost
|-unboost|p2a: Garchomp|atk|1
|move|p1a: Mawile|Play Rough|p2a: Garchomp
|-supereffective|p2a: Garchomp|1
|-damage|p2a: Garchomp|0 fnt
|-damage|p1a: Mawile|31/100|[from] ability: Rough Skin|[of] p2a: Garchomp
|faint|p2a: Garchomp
|
|win|waLooG
|raw|waLooG's rating: 1121 → 1143(+22 for winning)
|raw|Alysonz's rating: 1080 → 1061(-19 for losing)
|c|☆Alysonz|gg
|c|☆waLooG|gg
