|j|☆Stick Moltres
|j|☆HalcyonJon
|html|Stick MoltresHalcyonJon    
|uhtml|bestof|Game 1 of a best-of-3
|t:|1757743464
|gametype|doubles
|player|p1|Stick Moltres|169|1109
|player|p2|HalcyonJon|pokemonbreeder|1220
|gen|9
|tier|[Gen 9] VGC 2025 Reg H (Bo3)
|rated|
|rule|Species Clause: Limit one of each Pokémon
|rule|Item Clause: Limit 1 of each item
|clearpoke
|poke|p1|Ursaluna, L50, F|
|poke|p1|Hatterene, L50, F|
|poke|p1|Indeedee-F, L50, F|
|poke|p1|Exeggutor, L50, M|
|poke|p1|Gallade, L50, M|
|poke|p1|Torkoal, L50, F|
|poke|p2|Espeon, L50, F|
|poke|p2|Indeedee-F, L50, F|
|poke|p2|Slowbro, L50, F|
|poke|p2|Sneasler, L50, M|
|poke|p2|Tyranitar, L50, F|
|poke|p2|Braviary, L50, M|
|teampreview|4
|showteam|p1|Ursaluna||FlameOrb|Guts|Facade,HeadlongRush,Protect,Earthquake|||F|||50|,,,,,Normal]Hatterene||LifeOrb|MagicBounce|ExpandingForce,DazzlingGleam,Protect,TrickRoom|||F|||50|,,,,,Water]Indeedee-F||RockyHelmet|PsychicSurge|FollowMe,Psychic,HelpingHand,TrickRoom|||F|||50|,,,,,Grass]Exeggutor||FocusSash|Chlorophyll|ExpandingForce,SleepPowder,Protect,TrickRoom|||M|||50|,,,,,Psychic]Gallade||ClearAmulet|Sharpness|SacredSword,PsychoCut,NightSlash,TrickRoom|||M|||50|,,,,,Fighting]Torkoal||ChoiceSpecs|Drought|Eruption,WeatherBall,HeatWave,EarthPower|||F|||50|,,,,,Fire
|showteam|p2|Espeon||FocusSash|MagicBounce|ExpandingForce,TeraBlast,SkillSwap,Detect|||F|||50|,,,,,Ground]Indeedee-F||RockyHelmet|PsychicSurge|Psychic,FollowMe,HelpingHand,TrickRoom|||F|||50|,,,,,Fairy]Slowbro||SafetyGoggles|Oblivious|ExpandingForce,Scald,Flamethrower,TrickRoom|||F|||50|,,,,,Fire]Sneasler||PsychicSeed|Unburden|CloseCombat,DireClaw,SwordsDance,Protect|||M|||50|,,,,,Rock]Tyranitar||AssaultVest|SandStream|KnockOff,RockSlide,TeraBlast,BreakingSwipe|||F|||50|,,,,,Flying]Braviary||SitrusBerry|Defiant|BraveBird,CloseCombat,Tailwind,Protect|||M|||50|,,,,,Fighting
|j| Auragap
|l| Auragap
|inactive|Battle timer is ON: inactive players will automatically lose when time's up. (requested by HalcyonJon)
|
|t:|1757743555
|teamsize|p1|4
|teamsize|p2|4
|start
|switch|p1a: Indeedee|Indeedee-F, L50, F|100/100
|switch|p1b: Hatterene|Hatterene, L50, F|100/100
|switch|p2a: Espeon|Espeon, L50, F|100/100
|switch|p2b: Indeedee|Indeedee-F, L50, F|100/100
|-fieldstart|move: Psychic Terrain|[from] ability: Psychic Surge|[of] p2b: Indeedee
|turn|1
|inactive|Stick Moltres has 30 seconds left.
|inactive|Stick Moltres has 20 seconds left.
|
|t:|1757743592
|move|p2b: Indeedee|Helping Hand|p2a: Espeon
|-singleturn|p2a: Espeon|Helping Hand|[of] p2b: Indeedee
|move|p2a: Espeon|Expanding Force|p1a: Indeedee|[spread] p1a,p1b
|-resisted|p1a: Indeedee
|-resisted|p1b: Hatterene
|-damage|p1a: Indeedee|56/100
|-damage|p1b: Hatterene|53/100
|move|p1b: Hatterene|Dazzling Gleam|p2a: Espeon|[spread] p2a,p2b
|-damage|p2a: Espeon|42/100
|-damage|p2b: Indeedee|59/100
|-damage|p1b: Hatterene|43/100|[from] item: Life Orb
|move|p1a: Indeedee|Trick Room|p1a: Indeedee
|-fieldstart|move: Trick Room|[of] p1a: Indeedee
|
|upkeep
|turn|2
|inactive|Stick Moltres has 30 seconds left.
|inactive|HalcyonJon has 30 seconds left.
|inactive|HalcyonJon has 20 seconds left.
|inactive|HalcyonJon has 15 seconds left.
|
|t:|1757743637
|switch|p1a: Gallade|Gallade, L50, M|100/100
|move|p2a: Espeon|Detect|p2a: Espeon
|-singleturn|p2a: Espeon|Protect
|move|p1b: Hatterene|Dazzling Gleam|p2a: Espeon|[spread] p2b
|-activate|p2a: Espeon|move: Protect
|-damage|p2b: Indeedee|19/100
|-damage|p1b: Hatterene|34/100|[from] item: Life Orb
|move|p2b: Indeedee|Trick Room|p2b: Indeedee
|-fieldend|move: Trick Room
|
|upkeep
|turn|3
|inactive|Stick Moltres has 30 seconds left.
|
|t:|1757743667
|move|p2b: Indeedee|Helping Hand|p2a: Espeon
|-singleturn|p2a: Espeon|Helping Hand|[of] p2b: Indeedee
|move|p2a: Espeon|Expanding Force|p1b: Hatterene|[spread] p1a,p1b
|-resisted|p1b: Hatterene
|-damage|p1a: Gallade|15/100
|-damage|p1b: Hatterene|0 fnt
|faint|p1b: Hatterene
|move|p1a: Gallade|Night Slash|p2a: Espeon
|-supereffective|p2a: Espeon
|-damage|p2a: Espeon|0 fnt
|faint|p2a: Espeon
|
|upkeep
|j| sam smithy
|
|t:|1757743685
|switch|p2a: Slowbro|Slowbro, L50, F|100/100
|switch|p1b: Indeedee|Indeedee-F, L50, F|56/100
|turn|4
|
|t:|1757743709
|move|p2b: Indeedee|Follow Me|p2b: Indeedee
|-singleturn|p2b: Indeedee|move: Follow Me
|move|p1a: Gallade|Night Slash|p2b: Indeedee
|-supereffective|p2b: Indeedee
|-crit|p2b: Indeedee
|-damage|p2b: Indeedee|0 fnt
|-damage|p1a: Gallade|0 fnt|[from] item: Rocky Helmet|[of] p2b: Indeedee
|faint|p2b: Indeedee
|faint|p1a: Gallade
|move|p2a: Slowbro|Expanding Force|p1b: Indeedee
|-resisted|p1b: Indeedee
|-damage|p1b: Indeedee|23/100
|move|p1b: Indeedee|Trick Room|p1b: Indeedee
|-fieldstart|move: Trick Room|[of] p1b: Indeedee
|
|upkeep
|
|t:|1757743721
|switch|p1a: Ursaluna|Ursaluna, L50, F|100/100
|switch|p2b: Tyranitar|Tyranitar, L50, F|100/100
|-weather|Sandstorm|[from] ability: Sand Stream|[of] p2b: Tyranitar
|turn|5
|inactive|Stick Moltres has 30 seconds left.
|inactive|HalcyonJon has 30 seconds left.
|l| sam smithy
|inactive|Stick Moltres has 20 seconds left.
|inactive|Stick Moltres has 15 seconds left.
|
|t:|1757743765
|-terastallize|p1a: Ursaluna|Normal
|-terastallize|p2b: Tyranitar|Flying
|move|p1b: Indeedee|Helping Hand|p1a: Ursaluna
|-singleturn|p1a: Ursaluna|Helping Hand|[of] p1b: Indeedee
|move|p2a: Slowbro|Expanding Force|p1a: Ursaluna|[spread] p1a,p1b
|-resisted|p1b: Indeedee
|-damage|p1a: Ursaluna|50/100
|-damage|p1b: Indeedee|0 fnt
|faint|p1b: Indeedee
|move|p1a: Ursaluna|Earthquake|p2b: Tyranitar|[spread] p2a
|-immune|p2b: Tyranitar
|-damage|p2a: Slowbro|40/100
|move|p2b: Tyranitar|Breaking Swipe|p1a: Ursaluna
|-damage|p1a: Ursaluna|34/100
|-unboost|p1a: Ursaluna|atk|1
|
|-weather|Sandstorm|[upkeep]
|-damage|p1a: Ursaluna|28/100|[from] Sandstorm
|-damage|p2b: Tyranitar|95/100|[from] Sandstorm
|-fieldend|move: Psychic Terrain
|-status|p1a: Ursaluna|brn|[from] item: Flame Orb
|upkeep
|turn|6
|inactive|Stick Moltres has 30 seconds left.
|inactive|HalcyonJon has 30 seconds left.
|
|t:|1757743791
|move|p2a: Slowbro|Expanding Force|p1a: Ursaluna
|-damage|p1a: Ursaluna|0 fnt
|faint|p1a: Ursaluna
|
|win|HalcyonJon
||Stick Moltres is ready for game 2.
||HalcyonJon is ready for game 2.
|uhtml|next|Next: Game 2 of 3
|l|☆Stick Moltres
|player|p1|
|l|☆HalcyonJon
|player|p2|
