|j|☆MidoMidori
|j|☆crudo de fava
|html|MidoMidoricrudo de fava    
|uhtml|bestof|Game 1 of a best-of-3
|t:|1756548511
|gametype|doubles
|player|p1|MidoMidori|roxanne-gen6|1214
|player|p2|crudo de fava|cyclist-gen4|1307
|gen|9
|tier|[Gen 9] VGC 2025 Reg H (Bo3)
|rated|
|rule|Species Clause: Limit one of each Pokémon
|rule|Item Clause: Limit 1 of each item
|clearpoke
|poke|p1|Sneasler, L50, M|
|poke|p1|Indeedee, L50, M|
|poke|p1|Volcarona, L50, F|
|poke|p1|Ursaluna-Bloodmoon, L50, M|
|poke|p1|Annihilape, L50, M|
|poke|p1|Tyranitar, L50, M|
|poke|p2|Charizard, L50, M|
|poke|p2|Torkoal, L50, F|
|poke|p2|Porygon2, L50|
|poke|p2|Incineroar, L50, F|
|poke|p2|Jumpluff, L50, F|
|poke|p2|Ursaluna, L50, F|
|teampreview|4
|showteam|p1|Sneasler||PsychicSeed|Unburden|CloseCombat,DireClaw,ThroatChop,Protect|||M|||50|,,,,,Dark]Indeedee||ChoiceScarf|PsychicSurge|ExpandingForce,TeraBlast,Trick,Protect|||M|||50|,,,,,Psychic]Volcarona||SitrusBerry|FlameBody|Overheat,StruggleBug,RagePowder,Tailwind|||F|||50|,,,,,Grass]Ursaluna-Bloodmoon||LifeOrb|MindsEye|BloodMoon,HyperVoice,EarthPower,Protect|||M|||50|,,,,,Normal]Annihilape||SafetyGoggles|Defiant|CloseCombat,RageFist,Taunt,FinalGambit|||M|||50|,,,,,Fairy]Tyranitar||AssaultVest|SandStream|RockSlide,KnockOff,TeraBlast,LowKick|||M|||50|,,,,,Flying
|showteam|p2|Charizard||ChoiceSpecs|SolarPower|HeatWave,Overheat,WeatherBall,AirSlash|||M|||50|,,,,,Ghost]Torkoal||EjectPack|Drought|Eruption,Overheat,HelpingHand,Protect|||F|||50|,,,,,Fire]Porygon2||Eviolite|Download|TeraBlast,IceBeam,Recover,TrickRoom||||||50|,,,,,Fighting]Incineroar||SitrusBerry|Intimidate|FlareBlitz,KnockOff,FakeOut,PartingShot|||F|||50|,,,,,Ghost]Jumpluff||CovertCloak|Chlorophyll|SleepPowder,SunnyDay,RagePowder,Tailwind|||F|||50|,,,,,Water]Ursaluna||FlameOrb|Guts|HeadlongRush,Facade,Earthquake,Protect|||F|||50|,,,,,Ghost
|
|t:|1756548600
|teamsize|p1|4
|teamsize|p2|4
|start
|switch|p1a: Annihilape|Annihilape, L50, M|100/100
|switch|p1b: Volcarona|Volcarona, L50, F|100/100
|switch|p2a: Jumpluff|Jumpluff, L50, F|100/100
|switch|p2b: Ursaluna|Ursaluna, L50, F|100/100
|turn|1
|
|t:|1756548664
|move|p2b: Ursaluna|Protect|p2b: Ursaluna
|-singleturn|p2b: Ursaluna|Protect
|move|p2a: Jumpluff|Tailwind|p2a: Jumpluff
|-sidestart|p2: crudo de fava|move: Tailwind
|move|p1b: Volcarona|Overheat|p2a: Jumpluff
|-supereffective|p2a: Jumpluff
|-damage|p2a: Jumpluff|0 fnt
|-unboost|p1b: Volcarona|spa|2
|faint|p2a: Jumpluff
|move|p1a: Annihilape|Close Combat|p2b: Ursaluna
|-activate|p2b: Ursaluna|move: Protect
|
|-status|p2b: Ursaluna|brn|[from] item: Flame Orb
|upkeep
|
|t:|1756548683
|switch|p2a: Porygon2|Porygon2, L50|100/100
|-ability|p2a: Porygon2|Download|boost
|-boost|p2a: Porygon2|atk|1
|turn|2
|
|t:|1756548747
|-terastallize|p2b: Ursaluna|Ghost
|move|p1b: Volcarona|Rage Powder|p1b: Volcarona
|-singleturn|p1b: Volcarona|move: Rage Powder
|move|p2b: Ursaluna|Facade|p1b: Volcarona
|-damage|p1b: Volcarona|0 fnt
|faint|p1b: Volcarona
|move|p2a: Porygon2|Ice Beam|p1a: Annihilape
|-damage|p1a: Annihilape|73/100
|move|p1a: Annihilape|Close Combat|p2b: Ursaluna
|-immune|p2b: Ursaluna
|
|-damage|p2b: Ursaluna|95/100 brn|[from] brn
|upkeep
|
|t:|1756548758
|switch|p1b: Tyranitar|Tyranitar, L50, M|100/100
|-weather|Sandstorm|[from] ability: Sand Stream|[of] p1b: Tyranitar
|turn|3
|
|t:|1756548778
|switch|p2a: Incineroar|Incineroar, L50, F|100/100
|-ability|p2a: Incineroar|Intimidate|boost
|-unboost|p1a: Annihilape|atk|1
|-ability|p1a: Annihilape|Defiant|boost
|-boost|p1a: Annihilape|atk|2
|-unboost|p1b: Tyranitar|atk|1
|-terastallize|p1b: Tyranitar|Flying
|move|p2b: Ursaluna|Protect|p2b: Ursaluna
|-singleturn|p2b: Ursaluna|Protect
|move|p1a: Annihilape|Rage Fist|p2b: Ursaluna
|-activate|p2b: Ursaluna|move: Protect
|move|p1b: Tyranitar|Knock Off|p2a: Incineroar
|-resisted|p2a: Incineroar
|-damage|p2a: Incineroar|82/100
|-enditem|p2a: Incineroar|Sitrus Berry|[from] move: Knock Off|[of] p1b: Tyranitar
|
|-weather|Sandstorm|[upkeep]
|-damage|p2a: Incineroar|76/100|[from] Sandstorm
|-damage|p2b: Ursaluna|89/100 brn|[from] Sandstorm
|-damage|p1b: Tyranitar|95/100|[from] Sandstorm
|-damage|p2b: Ursaluna|83/100 brn|[from] brn
|upkeep
|turn|4
|
|t:|1756548800
|switch|p1a: Ursaluna|Ursaluna-Bloodmoon, L50, M|100/100
|move|p2a: Incineroar|Fake Out|p1b: Tyranitar
|-damage|p1b: Tyranitar|85/100
|move|p2b: Ursaluna|Headlong Rush|p1a: Ursaluna
|-damage|p1a: Ursaluna|13/100
|-unboost|p2b: Ursaluna|def|1
|-unboost|p2b: Ursaluna|spd|1
|cant|p1b: Tyranitar|flinch
|
|-weather|Sandstorm|[upkeep]
|-damage|p2a: Incineroar|70/100|[from] Sandstorm
|-damage|p2b: Ursaluna|77/100 brn|[from] Sandstorm
|-damage|p1b: Tyranitar|79/100|[from] Sandstorm
|-damage|p2b: Ursaluna|71/100 brn|[from] brn
|-sideend|p2: crudo de fava|move: Tailwind
|upkeep
|turn|5
|
|t:|1756548859
|switch|p2b: Porygon2|Porygon2, L50|100/100
|-ability|p2b: Porygon2|Download|boost
|-boost|p2b: Porygon2|spa|1
|move|p2a: Incineroar|Knock Off|p1a: Ursaluna
|-damage|p1a: Ursaluna|0 fnt
|-enditem|p1a: Ursaluna|Life Orb|[from] move: Knock Off|[of] p2a: Incineroar
|faint|p1a: Ursaluna
|move|p1b: Tyranitar|Knock Off|p2b: Porygon2
|-damage|p2b: Porygon2|75/100
|-enditem|p2b: Porygon2|Eviolite|[from] move: Knock Off|[of] p1b: Tyranitar
|
|-weather|Sandstorm|[upkeep]
|-damage|p2a: Incineroar|64/100|[from] Sandstorm
|-damage|p1b: Tyranitar|73/100|[from] Sandstorm
|-damage|p2b: Porygon2|69/100|[from] Sandstorm
|upkeep
|
|t:|1756548862
|switch|p1a: Annihilape|Annihilape, L50, M|73/100
|turn|6
|
|t:|1756548918
|move|p1a: Annihilape|Close Combat|p2b: Porygon2
|-supereffective|p2b: Porygon2
|-damage|p2b: Porygon2|0 fnt
|-unboost|p1a: Annihilape|def|1
|-unboost|p1a: Annihilape|spd|1
|faint|p2b: Porygon2
|move|p2a: Incineroar|Flare Blitz|p1a: Annihilape
|-damage|p1a: Annihilape|0 fnt
|faint|p1a: Annihilape
|-damage|p2a: Incineroar|40/100|[from] Recoil
|move|p1b: Tyranitar|Rock Slide|p2a: Incineroar
|-supereffective|p2a: Incineroar
|-damage|p2a: Incineroar|0 fnt
|faint|p2a: Incineroar
|
|-weather|Sandstorm|[upkeep]
|-damage|p1b: Tyranitar|67/100|[from] Sandstorm
|upkeep
|
|t:|1756548927
|switch|p2b: Ursaluna|Ursaluna, L50, F, tera:Ghost|71/100 brn
|turn|7
|
|t:|1756548935
|move|p1b: Tyranitar|Knock Off|p2b: Ursaluna
|-supereffective|p2b: Ursaluna
|-damage|p2b: Ursaluna|15/100 brn
|-enditem|p2b: Ursaluna|Flame Orb|[from] move: Knock Off|[of] p1b: Tyranitar
|move|p2b: Ursaluna|Facade|p1b: Tyranitar
|-damage|p1b: Tyranitar|0 fnt
|faint|p1b: Tyranitar
|
|win|crudo de fava
||MidoMidori is ready for game 2.
|inactive|crudo de fava has 30 seconds to confirm battle start!
||crudo de fava is ready for game 2.
|uhtml|next|Next: Game 2 of 3
