|j|☆el_frolo
|j|☆Secks_Robot
|html|el_froloSecks_Robot    
|uhtml|bestof|Game 2 of a best-of-3
|t:|1757704322
|gametype|doubles
|player|p1|el_frolo|102|1143
|player|p2|Secks_Robot|265|1063
|gen|9
|tier|[Gen 9] VGC 2025 Reg H (Bo3)
|rated|
|rule|Species Clause: Limit one of each Pokémon
|rule|Item Clause: Limit 1 of each item
|clearpoke
|poke|p1|Gholdengo, L50|
|poke|p1|Incineroar, L50, F|
|poke|p1|Amoonguss, L50, F|
|poke|p1|Porygon2, L50|
|poke|p1|Ursaluna, L50, F|
|poke|p1|Dragonite, L50, M|
|poke|p2|Amoonguss, L50, M|
|poke|p2|Pelipper, L50, F|
|poke|p2|Archaludon, L50, M|
|poke|p2|Basculegion, L50, M|
|poke|p2|Incineroar, L50, F|
|poke|p2|Dragonite, L50, M|
|teampreview|4
|showteam|p1|Gholdengo||LifeOrb|GoodasGold|MakeItRain,ShadowBall,NastyPlot,Protect||||||50|,,,,,Water]Incineroar||SafetyGoggles|Intimidate|KnockOff,FlareBlitz,FakeOut,PartingShot|||F|||50|,,,,,Ghost]Amoonguss||CovertCloak|Regenerator|RagePowder,PollenPuff,Protect,Spore|||F|||50|,,,,,Dark]Porygon2||Eviolite|Download|TeraBlast,IceBeam,TrickRoom,Recover||||||50|,,,,,Fighting]Ursaluna||FlameOrb|Guts|Facade,Earthquake,HeadlongRush,Protect|||F|||50|,,,,,Ghost]Dragonite||LoadedDice|Multiscale|ScaleShot,Tailwind,Protect,Haze|||M|||50|,,,,,Fairy
|showteam|p2|Amoonguss||CovertCloak|Regenerator|Spore,RagePowder,PollenPuff,SludgeBomb|||M|||50|,,,,,Dark]Pelipper||FocusSash|Drizzle|Tailwind,Hurricane,WeatherBall,WideGuard|||F|||50|,,,,,Ghost]Archaludon||AssaultVest|Stalwart|ElectroShot,AuraSphere,DragonPulse,Snarl|||M|||50|,,,,,Ghost]Basculegion||LifeOrb|SwiftSwim|AquaJet,FlipTurn,LastRespects,WaveCrash|||M|||50|,,,,,Dark]Incineroar||SitrusBerry|Intimidate|FakeOut,KnockOff,PartingShot,Taunt|||F|||50|,,,,,Grass]Dragonite||ChoiceBand|InnerFocus|ExtremeSpeed,IceSpinner,AerialAce,StompingTantrum|||M|||50|,,,,,Normal
|inactive|Battle timer is ON: inactive players will automatically lose when time's up. (requested by Secks_Robot)
|
|t:|1757704360
|teamsize|p1|4
|teamsize|p2|4
|start
|switch|p1a: Incineroar|Incineroar, L50, F|100/100
|switch|p1b: Porygon2|Porygon2, L50|100/100
|switch|p2a: Archaludon|Archaludon, L50, M|100/100
|switch|p2b: Basculegion|Basculegion, L50, M|100/100
|-ability|p1a: Incineroar|Intimidate|boost
|-unboost|p2a: Archaludon|atk|1
|-unboost|p2b: Basculegion|atk|1
|-ability|p1b: Porygon2|Download|boost
|-boost|p1b: Porygon2|spa|1
|turn|1
|inactive|el_frolo has 30 seconds left.
|inactive|Secks_Robot has 30 seconds left.
|inactive|Secks_Robot has 20 seconds left.
|inactive|Secks_Robot has 15 seconds left.
|inactive|Secks_Robot has 10 seconds left.
|
|t:|1757704409
|-terastallize|p2a: Archaludon|Ghost
|move|p2b: Basculegion|Wave Crash|p1a: Incineroar
|-supereffective|p1a: Incineroar
|-damage|p1a: Incineroar|1/100
|-damage|p2b: Basculegion|68/100|[from] Recoil
|-damage|p2b: Basculegion|58/100|[from] item: Life Orb
|move|p1a: Incineroar|Knock Off|p2b: Basculegion
|-supereffective|p2b: Basculegion
|-damage|p2b: Basculegion|0 fnt
|-enditem|p2b: Basculegion|Life Orb|[from] move: Knock Off|[of] p1a: Incineroar
|faint|p2b: Basculegion
|move|p2a: Archaludon|Aura Sphere|p1a: Incineroar
|-supereffective|p1a: Incineroar
|-damage|p1a: Incineroar|0 fnt
|faint|p1a: Incineroar
|move|p1b: Porygon2|Trick Room|p1b: Porygon2
|-fieldstart|move: Trick Room|[of] p1b: Porygon2
|
|upkeep
|inactive|Secks_Robot has 30 seconds left.
|inactive|Secks_Robot has 20 seconds left.
|
|t:|1757704444
|switch|p1a: Amoonguss|Amoonguss, L50, F|100/100
|switch|p2b: Pelipper|Pelipper, L50, F|100/100
|-weather|RainDance|[from] ability: Drizzle|[of] p2b: Pelipper
|turn|2
|
|t:|1757704458
|move|p1a: Amoonguss|Spore|p2b: Pelipper
|-status|p2b: Pelipper|slp|[from] move: Spore
|move|p1b: Porygon2|Ice Beam|p2a: Archaludon
|-damage|p2a: Archaludon|75/100
|move|p2a: Archaludon|Snarl|p1a: Amoonguss|[spread] p1b
|-miss|p2a: Archaludon|p1a: Amoonguss
|-damage|p1b: Porygon2|92/100
|-unboost|p1b: Porygon2|spa|1
|cant|p2b: Pelipper|slp
|
|-weather|RainDance|[upkeep]
|upkeep
|turn|3
|
|t:|1757704475
|move|p1a: Amoonguss|Spore|p2a: Archaludon
|-status|p2a: Archaludon|slp|[from] move: Spore
|move|p1b: Porygon2|Tera Blast|p2b: Pelipper
|-damage|p2b: Pelipper|39/100 slp
|cant|p2a: Archaludon|slp
|cant|p2b: Pelipper|slp
|
|-weather|RainDance|[upkeep]
|upkeep
|turn|4
|
|t:|1757704485
|switch|p1b: Gholdengo|Gholdengo, L50|100/100
|move|p1a: Amoonguss|Pollen Puff|p2b: Pelipper
|-resisted|p2b: Pelipper
|-damage|p2b: Pelipper|22/100 slp
|cant|p2a: Archaludon|slp
|-curestatus|p2b: Pelipper|slp|[msg]
|move|p2b: Pelipper|Hurricane|p1a: Amoonguss
|-supereffective|p1a: Amoonguss
|-damage|p1a: Amoonguss|24/100
|
|-weather|RainDance|[upkeep]
|upkeep
|turn|5
|
|t:|1757704496
|switch|p1a: Porygon2|Porygon2, L50|92/100
|-ability|p1a: Porygon2|Download|boost
|-boost|p1a: Porygon2|spa|1
|cant|p2a: Archaludon|slp
|move|p2b: Pelipper|Hurricane|p1a: Porygon2
|-damage|p1a: Porygon2|60/100
|move|p1b: Gholdengo|Shadow Ball|p2a: Archaludon
|-supereffective|p2a: Archaludon
|-damage|p2a: Archaludon|10/100 slp
|-damage|p1b: Gholdengo|91/100|[from] item: Life Orb
|
|-weather|RainDance|[upkeep]
|-fieldend|move: Trick Room
|upkeep
|turn|6
|inactive|Secks_Robot has 30 seconds left.
|
|t:|1757704527
|-terastallize|p1b: Gholdengo|Water
|move|p2b: Pelipper|Wide Guard|p2b: Pelipper
|-singleturn|p2b: Pelipper|Wide Guard
|move|p1b: Gholdengo|Shadow Ball|p2a: Archaludon
|-supereffective|p2a: Archaludon
|-damage|p2a: Archaludon|0 fnt
|faint|p2a: Archaludon
|-damage|p1b: Gholdengo|82/100|[from] item: Life Orb
|move|p1a: Porygon2|Tera Blast|p2b: Pelipper
|-damage|p2b: Pelipper|0 fnt
|faint|p2b: Pelipper
|
|-weather|none
|upkeep
|
|t:|1757704534
|switch|p2a: Dragonite|Dragonite, L50, M|100/100
|turn|7
|
|t:|1757704551
|move|p1b: Gholdengo|Shadow Ball|p2a: Dragonite
|-damage|p2a: Dragonite|55/100
|-damage|p1b: Gholdengo|72/100|[from] item: Life Orb
|move|p2a: Dragonite|Aerial Ace|p1a: Porygon2
|-damage|p1a: Porygon2|33/100
|move|p1a: Porygon2|Ice Beam|p2a: Dragonite
|-supereffective|p2a: Dragonite
|-damage|p2a: Dragonite|0 fnt
|faint|p2a: Dragonite
|
|win|el_frolo
|raw|el_frolo's rating: 1143 → 1162(+19 for winning)
|raw|Secks_Robot's rating: 1063 → 1048(-15 for losing)
|c|☆Secks_Robot|ggs
|l|☆Secks_Robot
|player|p2|
