|j|☆vonhemmoltz
|j|☆Jasondddd
|html|vonhemmoltzJasondddd    
|uhtml|bestof|Game 2 of a best-of-3
|t:|1754428779
|gametype|doubles
|player|p1|vonhemmoltz|170|1211
|player|p2|Jasondddd|102|1226
|gen|9
|tier|[Gen 9] VGC 2025 Reg H (Bo3)
|rated|
|rule|Species Clause: Limit one of each Pokémon
|rule|Item Clause: Limit 1 of each item
|clearpoke
|poke|p1|Volcarona, L50, M|
|poke|p1|Tauros-Paldea-Aqua, L50, M|
|poke|p1|Rillaboom, L50, F|
|poke|p1|Electabuzz, L50, M|
|poke|p1|Ursaluna-Bloodmoon, L50, M|
|poke|p1|Dragonite, L50, F|
|poke|p2|Volcarona, L50, F|
|poke|p2|Electabuzz, L50, M|
|poke|p2|Kingambit, L50, M|
|poke|p2|Sneasler, L50, M|
|poke|p2|Rillaboom, L50, M|
|poke|p2|Basculegion, L50, M|
|teampreview|4
|showteam|p1|Volcarona||GrassySeed|FlameBody|FieryDance,GigaDrain,QuiverDance,Protect|||M|||50|,,,,,Water]Tauros-Paldea-Aqua||MirrorHerb|Intimidate|WaveCrash,CloseCombat,AquaJet,Protect|||M|||50|,,,,,Water]Rillaboom||AssaultVest|GrassySurge|FakeOut,WoodHammer,GrassyGlide,Uturn|||F|||50|,,,,,Fire]Electabuzz||Eviolite|VitalSpirit|FollowMe,Taunt,Electroweb,Protect|||M|||50|,,,,,Ghost]Ursaluna-Bloodmoon||LifeOrb|MindsEye|HyperVoice,BloodMoon,EarthPower,Protect|||M|||50|,,,,,Normal]Dragonite||LoadedDice|Multiscale|ScaleShot,Haze,Tailwind,Protect|||F|||50|,,,,,Fairy
|showteam|p2|Volcarona||CovertCloak|FlameBody|Protect,QuiverDance,HeatWave,TeraBlast|||F|||50|,,,,,Fairy]Electabuzz||Eviolite|VitalSpirit|Protect,Thunderbolt,Taunt,FollowMe|||M|||50|,,,,,Dragon]Kingambit||SafetyGoggles|Defiant|Protect,SwordsDance,SuckerPunch,KowtowCleave|||M|||50|,,,,,Dark]Sneasler||FocusSash|Unburden|FakeOut,DireClaw,Protect,CloseCombat|||M|||50|,,,,,Ghost]Rillaboom||AssaultVest|GrassySurge|FakeOut,GrassyGlide,WoodHammer,Uturn|||M|||50|,,,,,Fire]Basculegion||ChoiceScarf|Adaptability|FlipTurn,AquaJet,LastRespects,WaveCrash|||M|||50|,,,,,Water
|inactive|Battle timer is ON: inactive players will automatically lose when time's up. (requested by vonhemmoltz)
|
|t:|1754428875
|teamsize|p1|4
|teamsize|p2|4
|start
|switch|p1a: Volcarona|Volcarona, L50, M|100/100
|switch|p1b: Electabuzz|Electabuzz, L50, M|100/100
|switch|p2a: Volcarona|Volcarona, L50, F|100/100
|switch|p2b: Sneasler|Sneasler, L50, M|100/100
|turn|1
|
|t:|1754428890
|move|p2b: Sneasler|Fake Out|p1a: Volcarona
|-damage|p1a: Volcarona|83/100
|move|p1b: Electabuzz|Taunt|p2a: Volcarona
|-start|p2a: Volcarona|move: Taunt
|cant|p1a: Volcarona|flinch
|cant|p2a: Volcarona|move: Taunt|Quiver Dance
|
|upkeep
|turn|2
|
|t:|1754428908
|move|p1a: Volcarona|Protect|p1a: Volcarona
|-singleturn|p1a: Volcarona|Protect
|move|p2b: Sneasler|Close Combat|p1b: Electabuzz
|-damage|p1b: Electabuzz|37/100
|-unboost|p2b: Sneasler|def|1
|-unboost|p2b: Sneasler|spd|1
|move|p1b: Electabuzz|Electroweb|p2b: Sneasler|[spread] p2a,p2b
|-damage|p2a: Volcarona|88/100
|-damage|p2b: Sneasler|70/100
|-unboost|p2b: Sneasler|spe|1
|move|p2a: Volcarona|Heat Wave|p1a: Volcarona|[spread] p1b
|-activate|p1a: Volcarona|move: Protect
|-damage|p1b: Electabuzz|7/100
|
|upkeep
|turn|3
|inactive|vonhemmoltz has 30 seconds left.
|
|t:|1754428937
|switch|p1b: Tauros|Tauros-Paldea-Aqua, L50, M|100/100
|-ability|p1b: Tauros|Intimidate|boost
|-unboost|p2a: Volcarona|atk|1
|-unboost|p2b: Sneasler|atk|1
|switch|p2b: Basculegion|Basculegion, L50, M|100/100
|move|p1a: Volcarona|Quiver Dance|p1a: Volcarona
|-boost|p1a: Volcarona|spa|1
|-boost|p1a: Volcarona|spd|1
|-boost|p1a: Volcarona|spe|1
|move|p2a: Volcarona|Heat Wave|p1b: Tauros|[spread] p1a
|-miss|p2a: Volcarona|p1b: Tauros
|-damage|p1a: Volcarona|58/100
|
|-end|p2a: Volcarona|move: Taunt
|upkeep
|turn|4
|inactive|Jasondddd has 30 seconds left.
|
|t:|1754428971
|switch|p2b: Electabuzz|Electabuzz, L50, M|100/100
|-terastallize|p2a: Volcarona|Fairy
|move|p1a: Volcarona|Giga Drain|p2b: Electabuzz
|-damage|p2b: Electabuzz|67/100
|-heal|p1a: Volcarona|72/100|[from] drain|[of] p2b: Electabuzz
|move|p1b: Tauros|Wave Crash|p2a: Volcarona
|-damage|p2a: Volcarona|16/100
|-damage|p1b: Tauros|71/100|[from] Recoil
|move|p2a: Volcarona|Quiver Dance|p2a: Volcarona
|-boost|p2a: Volcarona|spa|1
|-boost|p2a: Volcarona|spd|1
|-boost|p2a: Volcarona|spe|1
|-enditem|p1b: Tauros|Mirror Herb
|-boost|p1b: Tauros|spa|1|[from] item: Mirror Herb
|-boost|p1b: Tauros|spd|1|[from] item: Mirror Herb
|-boost|p1b: Tauros|spe|1|[from] item: Mirror Herb
|
|upkeep
|turn|5
|inactive|vonhemmoltz has 30 seconds left.
|inactive|vonhemmoltz has 20 seconds left.
|
|t:|1754429009
|move|p2b: Electabuzz|Follow Me|p2b: Electabuzz
|-singleturn|p2b: Electabuzz|move: Follow Me
|move|p1b: Tauros|Close Combat|p2b: Electabuzz
|-damage|p2b: Electabuzz|14/100
|-unboost|p1b: Tauros|def|1
|-unboost|p1b: Tauros|spd|1
|move|p1a: Volcarona|Quiver Dance|p1a: Volcarona
|-boost|p1a: Volcarona|spa|1
|-boost|p1a: Volcarona|spd|1
|-boost|p1a: Volcarona|spe|1
|move|p2a: Volcarona|Quiver Dance|p2a: Volcarona
|-boost|p2a: Volcarona|spa|1
|-boost|p2a: Volcarona|spd|1
|-boost|p2a: Volcarona|spe|1
|
|upkeep
|turn|6
|inactive|Jasondddd has 30 seconds left.
|
|t:|1754429041
|move|p2a: Volcarona|Protect|p2a: Volcarona
|-singleturn|p2a: Volcarona|Protect
|move|p1b: Tauros|Aqua Jet|p2b: Electabuzz
|-damage|p2b: Electabuzz|0 fnt
|faint|p2b: Electabuzz
|move|p1a: Volcarona|Quiver Dance|p1a: Volcarona
|-boost|p1a: Volcarona|spa|1
|-boost|p1a: Volcarona|spd|1
|-boost|p1a: Volcarona|spe|1
|
|upkeep
|
|t:|1754429051
|switch|p2b: Sneasler|Sneasler, L50, M|70/100
|turn|7
|
|t:|1754429063
|move|p2b: Sneasler|Fake Out|p1a: Volcarona
|-damage|p1a: Volcarona|57/100
|-status|p2b: Sneasler|brn|[from] ability: Flame Body|[of] p1a: Volcarona
|move|p1b: Tauros|Aqua Jet|p2a: Volcarona
|-damage|p2a: Volcarona|0 fnt
|-status|p1b: Tauros|brn|[from] ability: Flame Body|[of] p2a: Volcarona
|faint|p2a: Volcarona
|cant|p1a: Volcarona|flinch
|
|-damage|p1b: Tauros|65/100 brn|[from] brn
|-damage|p2b: Sneasler|64/100 brn|[from] brn
|upkeep
|
|t:|1754429077
|switch|p2a: Basculegion|Basculegion, L50, M|100/100
|turn|8
|
|t:|1754429085
|move|p1a: Volcarona|Giga Drain|p2a: Basculegion
|-supereffective|p2a: Basculegion
|-damage|p2a: Basculegion|0 fnt
|-heal|p1a: Volcarona|100/100|[from] drain|[of] p2a: Basculegion
|faint|p2a: Basculegion
|move|p1b: Tauros|Wave Crash|p2b: Sneasler
|-damage|p2b: Sneasler|11/100 brn
|-damage|p1b: Tauros|48/100 brn|[from] Recoil
|move|p2b: Sneasler|Close Combat|p1b: Tauros
|-damage|p1b: Tauros|0 fnt
|-unboost|p2b: Sneasler|def|1
|-unboost|p2b: Sneasler|spd|1
|faint|p1b: Tauros
|
|-damage|p2b: Sneasler|5/100 brn|[from] brn
|upkeep
|
|t:|1754429099
|switch|p1b: Electabuzz|Electabuzz, L50, M|7/100
|turn|9
|
|t:|1754429111
|move|p1b: Electabuzz|Protect|p1b: Electabuzz
|-singleturn|p1b: Electabuzz|Protect
|move|p1a: Volcarona|Fiery Dance|p2b: Sneasler
|-damage|p2b: Sneasler|0 fnt
|faint|p2b: Sneasler
|
|win|vonhemmoltz
|raw|vonhemmoltz's rating: 1211 → 1237(+26 for winning)
|raw|Jasondddd's rating: 1226 → 1200(-26 for losing)
|c|☆Jasondddd|Gg
|l|☆vonhemmoltz
|player|p1|
