|j|☆Lego Darth Malgus
|j|☆Vuultur
|html|Lego Darth MalgusVuultur    
|uhtml|bestof|Game 1 of a best-of-3
|t:|1756932099
|gametype|doubles
|player|p1|Lego Darth Malgus|102|1292
|player|p2|Vuultur|hilbert-wonderlauncher|1279
|gen|9
|tier|[Gen 9] VGC 2025 Reg H (Bo3)
|rated|
|rule|Species Clause: Limit one of each Pokémon
|rule|Item Clause: Limit 1 of each item
|clearpoke
|poke|p1|Kommo-o, L50, M|
|poke|p1|Tyranitar, L50, F|
|poke|p1|Excadrill, L50, M|
|poke|p1|Samurott-Hisui, L50, F|
|poke|p1|Rillaboom, L50, F|
|poke|p1|Volcarona, L50, F|
|poke|p2|Gholdengo, L50|
|poke|p2|Amoonguss, L50, F|
|poke|p2|Basculegion, L50, M|
|poke|p2|Pelipper, L50, F|
|poke|p2|Incineroar, L50, F|
|poke|p2|Archaludon, L50, F|
|teampreview|4
|showteam|p1|Kommo-o||GrassySeed|Overcoat|BodyPress,IronDefense,Protect,DragonPulse|||M|||50|,,,,,Fairy]Tyranitar||ChoiceScarf|SandStream|RockSlide,KnockOff,TeraBlast,LowKick|||F|||50|,,,,,Flying]Excadrill||FocusSash|SandRush|HighHorsepower,IronHead,RockSlide,Protect|||M|||50|,,,,,Ghost]Samurott-Hisui||AssaultVest|Sharpness|CeaselessEdge,RazorShell,SacredSword,SuckerPunch|||F|||50|,,,,,Ghost]Rillaboom||MiracleSeed|GrassySurge|FakeOut,DrumBeating,GrassyGlide,Taunt|||F|||50|,,,,,Water]Volcarona||SitrusBerry|FlameBody|QuiverDance,HeatWave,TeraBlast,Protect|||F|||50|,,,,,Fairy
|showteam|p2|Gholdengo||LifeOrb|GoodasGold|MakeItRain,ShadowBall,NastyPlot,Protect||||||50|,,,,,Water]Amoonguss||SitrusBerry|Regenerator|Spore,RagePowder,PollenPuff,ClearSmog|||F|||50|,,,,,Psychic]Basculegion||ChoiceBand|SwiftSwim|WaveCrash,FlipTurn,LastRespects,AquaJet|||M|||50|,,,,,Water]Pelipper||FocusSash|Drizzle|WeatherBall,Hurricane,Tailwind,Protect|||F|||50|,,,,,Ground]Incineroar||SafetyGoggles|Intimidate|FlareBlitz,KnockOff,PartingShot,FakeOut|||F|||50|,,,,,Ghost]Archaludon||AssaultVest|Stamina|ElectroShot,FlashCannon,DracoMeteor,BodyPress|||F|||50|,,,,,Bug
|inactive|Battle timer is ON: inactive players will automatically lose when time's up. (requested by Lego Darth Malgus)
|inactive|Vuultur has 60 seconds left.
|inactive|Vuultur has 30 seconds left.
|
|t:|1756932166
|teamsize|p1|4
|teamsize|p2|4
|start
|switch|p1a: Rillaboom|Rillaboom, L50, F, shiny|100/100
|switch|p1b: Kommo-o|Kommo-o, L50, M, shiny|100/100
|switch|p2a: Amoonguss|Amoonguss, L50, F|100/100
|switch|p2b: Archaludon|Archaludon, L50, F|100/100
|-fieldstart|move: Grassy Terrain|[from] ability: Grassy Surge|[of] p1a: Rillaboom
|-enditem|p1b: Kommo-o|Grassy Seed
|-boost|p1b: Kommo-o|def|1|[from] item: Grassy Seed
|turn|1
|
|t:|1756932190
|move|p1a: Rillaboom|Fake Out|p2a: Amoonguss
|-damage|p2a: Amoonguss|90/100
|move|p2b: Archaludon|Flash Cannon|p1b: Kommo-o
|-damage|p1b: Kommo-o|65/100
|move|p1b: Kommo-o|Iron Defense|p1b: Kommo-o
|-boost|p1b: Kommo-o|def|2
|cant|p2a: Amoonguss|flinch
|
|-heal|p1b: Kommo-o|71/100|[from] Grassy Terrain
|-heal|p2a: Amoonguss|95/100|[from] Grassy Terrain
|upkeep
|turn|2
|
|t:|1756932211
|switch|p1a: Tyranitar|Tyranitar, L50, F|100/100
|-weather|Sandstorm|[from] ability: Sand Stream|[of] p1a: Tyranitar
|switch|p2b: Basculegion|Basculegion, L50, M|100/100
|-terastallize|p1b: Kommo-o|Fairy
|move|p1b: Kommo-o|Body Press|p2b: Basculegion
|-immune|p2b: Basculegion
|move|p2a: Amoonguss|Spore|p1b: Kommo-o
|-immune|p1b: Kommo-o|[from] ability: Overcoat
|
|-weather|Sandstorm|[upkeep]
|-damage|p2b: Basculegion|94/100|[from] Sandstorm
|-damage|p2a: Amoonguss|90/100|[from] Sandstorm
|-heal|p2b: Basculegion|100/100|[from] Grassy Terrain
|-heal|p1b: Kommo-o|77/100|[from] Grassy Terrain
|-heal|p2a: Amoonguss|95/100|[from] Grassy Terrain
|upkeep
|turn|3
|inactive|Vuultur has 30 seconds left.
|inactive|Vuultur has 20 seconds left.
|inactive|Vuultur has 15 seconds left.
|inactive|Vuultur has 10 seconds left.
|inactive|Vuultur has 5 seconds left.
|
|t:|1756932262
|switch|p2a: Pelipper|Pelipper, L50, F|100/100
|-weather|RainDance|[from] ability: Drizzle|[of] p2a: Pelipper
|move|p2b: Basculegion|Wave Crash|p1a: Tyranitar
|-supereffective|p1a: Tyranitar
|-crit|p1a: Tyranitar
|-damage|p1a: Tyranitar|0 fnt
|faint|p1a: Tyranitar
|-damage|p2b: Basculegion|71/100|[from] Recoil
|move|p1b: Kommo-o|Body Press|p2a: Pelipper
|-resisted|p2a: Pelipper
|-damage|p2a: Pelipper|23/100
|
|-weather|RainDance|[upkeep]
|-heal|p2b: Basculegion|77/100|[from] Grassy Terrain
|-heal|p1b: Kommo-o|82/100|[from] Grassy Terrain
|upkeep
|
|t:|1756932268
|switch|p1a: Rillaboom|Rillaboom, L50, F, shiny|100/100
|turn|4
|
|t:|1756932283
|switch|p2b: Archaludon|Archaludon, L50, F|100/100
|move|p1a: Rillaboom|Drum Beating|p2a: Pelipper
|-damage|p2a: Pelipper|0 fnt
|faint|p2a: Pelipper
|move|p1b: Kommo-o|Iron Defense|p1b: Kommo-o
|-boost|p1b: Kommo-o|def|2
|
|-weather|RainDance|[upkeep]
|-heal|p1b: Kommo-o|88/100|[from] Grassy Terrain
|upkeep
|
|t:|1756932296
|switch|p2a: Amoonguss|Amoonguss, L50, F|100/100
|turn|5
|
|t:|1756932305
|switch|p2b: Basculegion|Basculegion, L50, M|77/100
|move|p1a: Rillaboom|Drum Beating|p2a: Amoonguss
|-resisted|p2a: Amoonguss
|-damage|p2a: Amoonguss|88/100
|-unboost|p2a: Amoonguss|spe|1
|move|p1b: Kommo-o|Body Press|p2a: Amoonguss
|-resisted|p2a: Amoonguss
|-damage|p2a: Amoonguss|28/100
|-enditem|p2a: Amoonguss|Sitrus Berry|[eat]
|-heal|p2a: Amoonguss|53/100|[from] item: Sitrus Berry
|move|p2a: Amoonguss|Clear Smog|p1b: Kommo-o
|-supereffective|p1b: Kommo-o
|-damage|p1b: Kommo-o|59/100
|-clearboost|p1b: Kommo-o
|
|-weather|RainDance|[upkeep]
|-heal|p2b: Basculegion|83/100|[from] Grassy Terrain
|-heal|p1b: Kommo-o|65/100|[from] Grassy Terrain
|-heal|p2a: Amoonguss|59/100|[from] Grassy Terrain
|-fieldend|move: Grassy Terrain
|upkeep
|turn|6
|inactive|Vuultur has 30 seconds left.
|inactive|Vuultur has 20 seconds left.
|
|t:|1756932341
|switch|p1a: Samurott|Samurott-Hisui, L50, F, shiny|100/100
|move|p2a: Amoonguss|Rage Powder|p2a: Amoonguss
|-singleturn|p2a: Amoonguss|move: Rage Powder
|move|p2b: Basculegion|Last Respects|p1b: Kommo-o
|-damage|p1b: Kommo-o|16/100
|move|p1b: Kommo-o|Iron Defense|p1b: Kommo-o
|-boost|p1b: Kommo-o|def|2
|
|-weather|RainDance|[upkeep]
|upkeep
|turn|7
|inactive|Vuultur has 30 seconds left.
|
|t:|1756932369
|move|p2b: Basculegion|Last Respects|p1a: Samurott
|-resisted|p1a: Samurott
|-damage|p1a: Samurott|51/100
|move|p1a: Samurott|Ceaseless Edge|p2a: Amoonguss
|-damage|p2a: Amoonguss|20/100
|-sidestart|p2: Vuultur|Spikes
|move|p1b: Kommo-o|Body Press|p2a: Amoonguss
|-resisted|p2a: Amoonguss
|-damage|p2a: Amoonguss|0 fnt
|faint|p2a: Amoonguss
|
|-weather|none
|upkeep
|
|t:|1756932377
|switch|p2a: Archaludon|Archaludon, L50, F|100/100
|-damage|p2a: Archaludon|88/100|[from] Spikes
|turn|8
|inactive|Lego Darth Malgus has 30 seconds left.
|
|t:|1756932405
|-terastallize|p2a: Archaludon|Bug
|move|p1a: Samurott|Sucker Punch|p2b: Basculegion
|-supereffective|p2b: Basculegion
|-damage|p2b: Basculegion|0 fnt
|faint|p2b: Basculegion
|move|p2a: Archaludon|Body Press|p1a: Samurott
|-supereffective|p1a: Samurott
|-damage|p1a: Samurott|0 fnt
|faint|p1a: Samurott
|move|p1b: Kommo-o|Body Press|p2a: Archaludon
|-resisted|p2a: Archaludon
|-damage|p2a: Archaludon|53/100
|-ability|p2a: Archaludon|Stamina|boost
|-boost|p2a: Archaludon|def|1
|
|upkeep
|
|t:|1756932409
|switch|p1a: Rillaboom|Rillaboom, L50, F, shiny|100/100
|-fieldstart|move: Grassy Terrain|[from] ability: Grassy Surge|[of] p1a: Rillaboom
|turn|9
|
|t:|1756932422
|move|p1a: Rillaboom|Fake Out|p2a: Archaludon
|-damage|p2a: Archaludon|47/100
|-ability|p2a: Archaludon|Stamina|boost
|-boost|p2a: Archaludon|def|1
|cant|p2a: Archaludon|flinch
|move|p1b: Kommo-o|Dragon Pulse|p2a: Archaludon
|-damage|p2a: Archaludon|24/100
|-ability|p2a: Archaludon|Stamina|boost
|-boost|p2a: Archaludon|def|1
|
|-heal|p2a: Archaludon|30/100|[from] Grassy Terrain
|-heal|p1b: Kommo-o|22/100|[from] Grassy Terrain
|upkeep
|turn|10
|
|t:|1756932435
|move|p1a: Rillaboom|Drum Beating|p2a: Archaludon
|-resisted|p2a: Archaludon
|-damage|p2a: Archaludon|22/100
|-unboost|p2a: Archaludon|spe|1
|-ability|p2a: Archaludon|Stamina|boost
|-boost|p2a: Archaludon|def|1
|move|p1b: Kommo-o|Dragon Pulse|p2a: Archaludon
|-damage|p2a: Archaludon|0 fnt
|faint|p2a: Archaludon
|
|win|Lego Darth Malgus
||Lego Darth Malgus is ready for game 2.
|inactive|Vuultur has 30 seconds to confirm battle start!
||Vuultur is ready for game 2.
|uhtml|next|Next: Game 2 of 3
