|j|☆sproless
|j|☆freudianbreath
|html|sprolessfreudianbreath    
|uhtml|bestof|Game 1 of a best-of-3
|t:|1784437129
|gametype|doubles
|player|p1|sproless|102|1099
|player|p2|freudianbreath|265|1074
|gen|9
|tier|[Gen 9 Champions] VGC 2026 Reg M-B (Bo3)
|rated|
|rule|Species Clause: Limit one of each Pokémon
|rule|Item Clause: Limit 1 of each item
|clearpoke
|poke|p1|Charizard, L50, F|
|poke|p1|Venusaur, L50, F|
|poke|p1|Toxapex, L50, F|
|poke|p1|Mamoswine, L50, F|
|poke|p1|Incineroar, L50, M|
|poke|p1|Farigiraf, L50, M|
|poke|p2|Aerodactyl, L50, F|
|poke|p2|Blaziken, L50, M|
|poke|p2|Torkoal, L50, F|
|poke|p2|Basculegion, L50, M|
|poke|p2|Sylveon, L50, M|
|poke|p2|Kingambit, L50, M|
|teampreview|4
|showteam|p1|Charizard||CharizarditeY|Blaze|WeatherBall,HeatWave,SolarBeam,Protect|Timid||F|||50|]Venusaur||LifeOrb|Chlorophyll|SludgeBomb,EnergyBall,EarthPower,Protect|Modest||F|||50|]Toxapex||Leftovers|Regenerator|Infestation,Toxic,WideGuard,BanefulBunker|Bold||F|||50|]Mamoswine||FocusSash|Oblivious|IcicleCrash,IceShard,HighHorsepower,Protect|Adamant||F|||50|]Incineroar||WhiteHerb|Intimidate|FlareBlitz,DarkestLariat,CloseCombat,FakeOut|Brave||M|||50|]Farigiraf||SitrusBerry|ArmorTail|TwinBeam,Thunderbolt,HelpingHand,TrickRoom|Relaxed||M|||50|
|showteam|p2|Aerodactyl||Aerodactylite|Unnerve|IceFang,DualWingbeat,RockSlide,Tailwind|Jolly||F|||50|]Blaziken||Blazikenite|SpeedBoost|Detect,FlareBlitz,RockSlide,CloseCombat|Adamant||M|||50|]Torkoal||Leftovers|Drought|HeatWave,WeatherBall,Protect,Yawn|Relaxed||F|||50|]Basculegion||SitrusBerry|Adaptability|WaveCrash,LastRespects,AquaJet,Protect|Adamant||M|||50|]Sylveon||FairyFeather|Pixilate|HyperVoice,Moonblast,QuickAttack,Detect|Modest||M|||50|]Kingambit||LifeOrb|Defiant|KowtowCleave,SuckerPunch,IronHead,Protect|Adamant||M|||50|
|inactive|Battle timer is ON: inactive players will automatically lose when time's up. (requested by sproless)
|inactive|freudianbreath has 60 seconds left.
|inactive|freudianbreath has 30 seconds left.
|inactive|freudianbreath has 20 seconds left.
|inactive|freudianbreath has 15 seconds left.
|
|t:|1784437251
|teamsize|p1|4
|teamsize|p2|4
|start
|switch|p1a: Mamoswine|Mamoswine, L50, F|100/100
|switch|p1b: Farigiraf|Farigiraf, L50, M|100/100
|switch|p2a: Blaziken|Blaziken, L50, M|100/100
|switch|p2b: Aerodactyl|Aerodactyl, L50, F|100/100
|-ability|p2b: Aerodactyl|Unnerve
|turn|1
|inactive|freudianbreath has 30 seconds left.
|inactive|freudianbreath has 20 seconds left.
|inactive|freudianbreath has 15 seconds left.
|inactive|freudianbreath has 10 seconds left.
|inactive|freudianbreath has 5 seconds left.
|
|t:|1784437304
|move|p2b: Aerodactyl|Rock Slide|p1b: Farigiraf|[spread] p1a,p1b
|-damage|p1a: Mamoswine|74/100
|-damage|p1b: Farigiraf|83/100
|move|p1a: Mamoswine|High Horsepower|p2a: Blaziken
|-supereffective|p2a: Blaziken|1
|-damage|p2a: Blaziken|0 fnt
|faint|p2a: Blaziken
|move|p1b: Farigiraf|Trick Room|p1b: Farigiraf
|-fieldstart|move: Trick Room|[of] p1b: Farigiraf
|
|upkeep
|
|t:|1784437317
|switch|p2a: Kingambit|Kingambit, L50, M|100/100
|turn|2
|inactive|freudianbreath has 30 seconds left.
|inactive|freudianbreath has 20 seconds left.
|inactive|freudianbreath has 15 seconds left.
|inactive|freudianbreath has 10 seconds left.
|
|t:|1784437364
|switch|p2b: Sylveon|Sylveon, L50, M|100/100
|move|p1b: Farigiraf|Helping Hand|p1a: Mamoswine
|-singleturn|p1a: Mamoswine|Helping Hand|[of] p1b: Farigiraf
|move|p2a: Kingambit|Iron Head|p1a: Mamoswine
|-supereffective|p1a: Mamoswine|1
|-damage|p1a: Mamoswine|0 fnt
|faint|p1a: Mamoswine
|-damage|p2a: Kingambit|90/100|[from] item: Life Orb
|
|upkeep
|
|t:|1784437384
|switch|p1a: Toxapex|Toxapex, L50, F|100/100
|turn|3
|inactive|freudianbreath has 30 seconds left.
|inactive|freudianbreath has 20 seconds left.
|inactive|freudianbreath has 15 seconds left.
|inactive|freudianbreath has 10 seconds left.
|inactive|freudianbreath has 5 seconds left.
|
|t:|1784437438
|move|p1a: Toxapex|Wide Guard|p1a: Toxapex
|-singleturn|p1a: Toxapex|Wide Guard
|move|p1b: Farigiraf|Thunderbolt|p2b: Sylveon
|-damage|p2b: Sylveon|83/100
|move|p2a: Kingambit|Kowtow Cleave|p1b: Farigiraf
|-supereffective|p1b: Farigiraf|1
|-damage|p1b: Farigiraf|0 fnt
|faint|p1b: Farigiraf
|-damage|p2a: Kingambit|80/100|[from] item: Life Orb
|move|p2b: Sylveon|Hyper Voice|p1a: Toxapex
|-activate|p1a: Toxapex|move: Wide Guard
|
|upkeep
|
|t:|1784437450
|switch|p1b: Venusaur|Venusaur, L50, F|100/100
|turn|4
|inactive|freudianbreath has 30 seconds left.
|
|t:|1784437483
|move|p2a: Kingambit|Protect|p2a: Kingambit
|-singleturn|p2a: Kingambit|Protect
|move|p1b: Venusaur|Protect|p1b: Venusaur
|-singleturn|p1b: Venusaur|Protect
|move|p1a: Toxapex|Toxic|p2b: Sylveon
|-status|p2b: Sylveon|tox
|move|p2b: Sylveon|Moonblast|p1a: Toxapex
|-resisted|p1a: Toxapex|1
|-damage|p1a: Toxapex|77/100
|
|-heal|p1a: Toxapex|82/100|[from] item: Leftovers
|-damage|p2b: Sylveon|77/100 tox|[from] psn
|upkeep
|turn|5
|inactive|sproless has 30 seconds left.
|inactive|freudianbreath has 30 seconds left.
|inactive|freudianbreath has 20 seconds left.
|inactive|freudianbreath has 15 seconds left.
|inactive|sproless has 20 seconds left.
|inactive|freudianbreath has 10 seconds left.
|inactive|freudianbreath has 5 seconds left.
|
|t:|1784437536
|switch|p2a: Aerodactyl|Aerodactyl, L50, F|100/100
|-ability|p2a: Aerodactyl|Unnerve
|move|p1a: Toxapex|Infestation|p2a: Aerodactyl
|-resisted|p2a: Aerodactyl|1
|-damage|p2a: Aerodactyl|98/100
|-activate|p2a: Aerodactyl|move: Infestation|[of] p1a: Toxapex
|move|p2b: Sylveon|Hyper Voice|p1a: Toxapex|[spread] p1a,p1b
|-resisted|p1a: Toxapex|1
|-resisted|p1b: Venusaur|1
|-damage|p1a: Toxapex|65/100
|-damage|p1b: Venusaur|73/100
|move|p1b: Venusaur|Earth Power|p2a: Aerodactyl
|-immune|p2a: Aerodactyl
|
|-heal|p1a: Toxapex|71/100|[from] item: Leftovers
|-damage|p2b: Sylveon|65/100 tox|[from] psn
|-damage|p2a: Aerodactyl|85/100|[from] move: Infestation|[partiallytrapped]
|-fieldend|move: Trick Room
|upkeep
|turn|6
|inactive|sproless has 30 seconds left.
|inactive|freudianbreath has 30 seconds left.
|inactive|freudianbreath has 20 seconds left.
|inactive|freudianbreath has 15 seconds left.
|
|t:|1784437577
|move|p1a: Toxapex|Wide Guard|p1a: Toxapex
|-singleturn|p1a: Toxapex|Wide Guard
|move|p2a: Aerodactyl|Tailwind|p2a: Aerodactyl
|-sidestart|p2: freudianbreath|move: Tailwind
|move|p2b: Sylveon|Moonblast|p1b: Venusaur
|-resisted|p1b: Venusaur|1
|-damage|p1b: Venusaur|40/100
|move|p1b: Venusaur|Sludge Bomb|p2b: Sylveon
|-supereffective|p2b: Sylveon|1
|-damage|p2b: Sylveon|0 fnt
|faint|p2b: Sylveon
|-damage|p1b: Venusaur|31/100|[from] item: Life Orb
|
|-heal|p1a: Toxapex|77/100|[from] item: Leftovers
|-damage|p2a: Aerodactyl|73/100|[from] move: Infestation|[partiallytrapped]
|upkeep
|
|t:|1784437587
|switch|p2b: Kingambit|Kingambit, L50, M|80/100
|turn|7
|inactive|freudianbreath has 30 seconds left.
|inactive|freudianbreath has 20 seconds left.
|inactive|freudianbreath has 15 seconds left.
|
|t:|1784437632
|detailschange|p2a: Aerodactyl|Aerodactyl-Mega, L50, F
|-mega|p2a: Aerodactyl|Aerodactyl|Aerodactylite
|move|p1b: Venusaur|Protect|p1b: Venusaur
|-singleturn|p1b: Venusaur|Protect
|move|p2a: Aerodactyl|Dual Wingbeat|p1a: Toxapex|[miss]
|-miss|p2a: Aerodactyl|p1a: Toxapex
|move|p2b: Kingambit|Iron Head|p1b: Venusaur
|-activate|p1b: Venusaur|move: Protect
|move|p1a: Toxapex|Toxic|p2a: Aerodactyl
|-status|p2a: Aerodactyl|tox
|
|-heal|p1a: Toxapex|82/100|[from] item: Leftovers
|-damage|p2a: Aerodactyl|67/100 tox|[from] psn
|-damage|p2a: Aerodactyl|55/100 tox|[from] move: Infestation|[partiallytrapped]
|upkeep
|turn|8
|inactive|sproless has 30 seconds left.
|inactive|freudianbreath has 30 seconds left.
|inactive|freudianbreath has 20 seconds left.
|
|t:|1784437671
|move|p1a: Toxapex|Wide Guard|p1a: Toxapex
|-singleturn|p1a: Toxapex|Wide Guard
|move|p2a: Aerodactyl|Dual Wingbeat|p1a: Toxapex
|-damage|p1a: Toxapex|65/100
|-damage|p1a: Toxapex|47/100
|-hitcount|p1a: Toxapex|2
|move|p2b: Kingambit|Iron Head|p1b: Venusaur
|-damage|p1b: Venusaur|0 fnt
|faint|p1b: Venusaur
|-damage|p2b: Kingambit|71/100|[from] item: Life Orb
|
|-heal|p1a: Toxapex|53/100|[from] item: Leftovers
|-damage|p2a: Aerodactyl|43/100 tox|[from] psn
|-damage|p2a: Aerodactyl|31/100 tox|[from] move: Infestation|[partiallytrapped]
|upkeep
|turn|9
|inactive|freudianbreath has 30 seconds left.
|
|t:|1784437698
|move|p1a: Toxapex|Baneful Bunker||[still]
|-fail|p1a: Toxapex
|move|p2a: Aerodactyl|Dual Wingbeat|p1a: Toxapex
|-damage|p1a: Toxapex|35/100
|-damage|p1a: Toxapex|18/100
|-hitcount|p1a: Toxapex|2
|move|p2b: Kingambit|Kowtow Cleave|p1a: Toxapex
|-damage|p1a: Toxapex|0 fnt
|faint|p1a: Toxapex
|-damage|p2b: Kingambit|61/100|[from] item: Life Orb
|
|win|freudianbreath
||sproless is ready for game 2.
|inactive|freudianbreath has 30 seconds to confirm battle start!
