|j|☆titsydude
|j|☆awif34
|html|titsydudeawif34    
|uhtml|bestof|Game 3 of a best-of-3
|t:|1783658437
|gametype|doubles
|player|p1|titsydude|2|1107
|player|p2|awif34|265|1030
|gen|9
|tier|[Gen 9 Champions] VGC 2026 Reg M-B (Bo3)
|rated|
|rule|Species Clause: Limit one of each Pokémon
|rule|Item Clause: Limit 1 of each item
|clearpoke
|poke|p1|Pyroar, L50, M|
|poke|p1|Ninetales, L50, M|
|poke|p1|Whimsicott, L50, M|
|poke|p1|Floette-Eternal, L50, F|
|poke|p1|Basculegion, L50, M|
|poke|p1|Farigiraf, L50, F|
|poke|p2|Staraptor, L50, M, shiny|
|poke|p2|Grimmsnarl, L50, M|
|poke|p2|Garchomp, L50, F|
|poke|p2|Armarouge, L50, M, shiny|
|poke|p2|Gholdengo, L50|
|poke|p2|Floette-Eternal, L50, F|
|teampreview|4
|showteam|p1|Pyroar||Pyroarite|Unnerve|HeatWave,Overheat,SolarBeam,Protect|Timid||M|||50|]Ninetales||ChoiceScarf|Drought|HeatWave,Overheat,SolarBeam,FakeTears|Modest||M|||50|]Whimsicott||FocusSash|Prankster|Moonblast,Tailwind,SunnyDay,Protect|Timid||M|||50|]Floette-Eternal||Floettite|FlowerVeil|Moonblast,LightofRuin,DazzlingGleam,Protect|Modest||F|||50|]Basculegion||LifeOrb|Adaptability|WaveCrash,LastRespects,AquaJet,Protect|Adamant||M|||50|]Farigiraf||SitrusBerry|ArmorTail|Psychic,Thunderbolt,TrickRoom,HelpingHand|Bold||F|||50|
|showteam|p2|Staraptor||Staraptite|Intimidate|CloseCombat,BraveBird,Protect,BlazeKick|Jolly||M|||50|]Grimmsnarl||SitrusBerry|Prankster|FakeOut,PartingShot,ScaryFace,SpiritBreak|Adamant||M|||50|]Garchomp||WideLens|RoughSkin|Earthquake,RockSlide,BreakingSwipe,Protect|Jolly||F|||50|]Armarouge||FocusSash|FlashFire|WideGuard,ScorchingSands,ExpandingForce,HeatWave|Modest||M|||50|]Gholdengo||LifeOrb|GoodasGold|ShadowBall,MakeItRain,DazzlingGleam,Protect|Timid|||||50|]Floette-Eternal||Floettite|FlowerVeil|CalmMind,LightofRuin,DazzlingGleam,Protect|Timid||F|||50|
|inactive|Battle timer is ON: inactive players will automatically lose when time's up. (requested by titsydude)
|inactive|titsydude has 60 seconds left.
|
|t:|1783658496
|teamsize|p1|4
|teamsize|p2|4
|start
|switch|p1a: Floette|Floette-Eternal, L50, F|100/100
|switch|p1b: Basculegion|Basculegion, L50, M|100/100
|switch|p2a: Grimmsnarl|Grimmsnarl, L50, M|100/100
|switch|p2b: Staraptor|Staraptor, L50, M, shiny|100/100
|-ability|p2b: Staraptor|Intimidate|boost
|-unboost|p1a: Floette|atk|1
|-unboost|p1b: Basculegion|atk|1
|turn|1
|inactive|awif34 has 30 seconds left.
|
|t:|1783658526
|detailschange|p2b: Staraptor|Staraptor-Mega, L50, M, shiny
|-mega|p2b: Staraptor|Staraptor|Staraptite
|detailschange|p1a: Floette|Floette-Mega, L50, F
|-mega|p1a: Floette|Floette|Floettite
|-ability|p1a: Floette|Fairy Aura
|move|p2b: Staraptor|Protect|p2b: Staraptor
|-singleturn|p2b: Staraptor|Protect
|move|p2a: Grimmsnarl|Fake Out|p1a: Floette
|-damage|p1a: Floette|79/100
|cant|p1a: Floette|flinch
|move|p1b: Basculegion|Wave Crash|p2b: Staraptor
|-activate|p2b: Staraptor|move: Protect
|
|upkeep
|turn|2
|inactive|awif34 has 30 seconds left.
|inactive|awif34 has 20 seconds left.
|inactive|awif34 has 15 seconds left.
|inactive|awif34 has 10 seconds left.
|
|t:|1783658573
|move|p2a: Grimmsnarl|Scary Face|p2b: Staraptor
|-boost|p2b: Staraptor|spe|2
|move|p2b: Staraptor|Blaze Kick|p1a: Floette
|-damage|p1a: Floette|35/100
|move|p1a: Floette|Dazzling Gleam|p2a: Grimmsnarl|[spread] p2a,p2b
|-supereffective|p2a: Grimmsnarl|1
|-supereffective|p2b: Staraptor|1
|-damage|p2a: Grimmsnarl|0 fnt
|-damage|p2b: Staraptor|0 fnt
|faint|p2a: Grimmsnarl
|faint|p2b: Staraptor
|move|p1b: Basculegion|Wave Crash|p2: Grimmsnarl|[notarget]
|-fail|p1b: Basculegion
|
|upkeep
|
|t:|1783658583
|switch|p2b: Garchomp|Garchomp, L50, F|100/100
|switch|p2a: Gholdengo|Gholdengo, L50|100/100
|turn|3
|
|t:|1783658598
|move|p1a: Floette|Protect|p1a: Floette
|-singleturn|p1a: Floette|Protect
|move|p2b: Garchomp|Rock Slide|p1b: Basculegion|[spread] p1b
|-activate|p1a: Floette|move: Protect
|-damage|p1b: Basculegion|77/100
|move|p2a: Gholdengo|Dazzling Gleam|p1a: Floette|[spread] p1b
|-activate|p1a: Floette|move: Protect
|-damage|p1b: Basculegion|32/100
|-damage|p2a: Gholdengo|90/100|[from] item: Life Orb
|move|p1b: Basculegion|Wave Crash|p2a: Gholdengo
|-damage|p2a: Gholdengo|0 fnt
|faint|p2a: Gholdengo
|-damage|p1b: Basculegion|8/100|[from] Recoil
|-damage|p1b: Basculegion|0 fnt|[from] item: Life Orb
|faint|p1b: Basculegion
|
|upkeep
|
|t:|1783658615
|switch|p1b: Whimsicott|Whimsicott, L50, M|100/100
|turn|4
|
|t:|1783658623
|move|p1b: Whimsicott|Moonblast|p2b: Garchomp
|-supereffective|p2b: Garchomp|1
|-damage|p2b: Garchomp|2/100
|move|p2b: Garchomp|Rock Slide|p1b: Whimsicott|[spread] p1a,p1b
|-damage|p1a: Floette|10/100
|-damage|p1b: Whimsicott|72/100
|cant|p1a: Floette|flinch
|
|upkeep
|turn|5
|
|t:|1783658638
|move|p1b: Whimsicott|Moonblast|p2b: Garchomp
|-supereffective|p2b: Garchomp|1
|-damage|p2b: Garchomp|0 fnt
|faint|p2b: Garchomp
|
|win|titsydude
|raw|titsydude's rating: 1107 → 1127(+20 for winning)
|raw|awif34's rating: 1030 → 1019(-11 for losing)
